|j|☆Aegisrio
|j|☆Weirdo to top
|t:|1780988104
|gametype|singles
|player|p1|Aegisrio|ghetsis|1543
|player|p2|Weirdo to top|clerk-boss|1526
|gen|9
|tier|[Gen 9] OU
|rated|
|rule|HP Percentage Mod: HP is shown in percentages
|rule|Endless Battle Clause: Forcing endless battles is banned
|rule|Species Clause: Limit one of each Pokémon
|rule|OHKO Clause: OHKO moves are banned
|rule|Evasion Items Clause: Evasion items are banned
|rule|Evasion Moves Clause: Evasion moves are banned
|rule|Evasion Abilities Clause: Evasion abilities are banned
|rule|Sleep Moves Clause: Sleep-inducing moves are banned
|clearpoke
|poke|p1|Cinderace, F|
|poke|p1|Pecharunt|
|poke|p1|Landorus-Therian, M|
|poke|p1|Corviknight, M|
|poke|p1|Kyurem|
|poke|p1|Lucario, F|
|poke|p2|Cinderace, F|
|poke|p2|Clefable, M|
|poke|p2|Kyurem|
|poke|p2|Slowking-Galar, M|
|poke|p2|Great Tusk|
|poke|p2|Kingambit, M|
|teampreview
|inactive|Battle timer is ON: inactive players will automatically lose when time's up. (requested by Weirdo to top)
|
|t:|1780988125
|teamsize|p1|6
|teamsize|p2|6
|start
|switch|p1a: Cinderace|Cinderace, F, shiny|100/100
|switch|p2a: Cinderace|Cinderace, F|100/100
|turn|1
|
|t:|1780988130
|move|p1a: Cinderace|High Jump Kick|p2a: Cinderace|[miss]
|-start|p1a: Cinderace|typechange|Fighting|[from] ability: Libero
|-miss|p1a: Cinderace|p2a: Cinderace
|-damage|p1a: Cinderace|50/100|[from] highjumpkick
|move|p2a: Cinderace|U-turn|p1a: Cinderace
|-start|p2a: Cinderace|typechange|Bug|[from] ability: Libero
|-resisted|p1a: Cinderace
|-damage|p1a: Cinderace|31/100
|
|t:|1780988140
|switch|p2a: Clefable|Clefable, M, shiny|100/100|[from] U-turn
|
|upkeep
|turn|2
|
|t:|1780988146
|switch|p1a: Pecharunt|Pecharunt|100/100
|move|p2a: Clefable|Cosmic Power|p2a: Clefable
|-boost|p2a: Clefable|def|1
|-boost|p2a: Clefable|spd|1
|
|upkeep
|turn|3
|
|t:|1780988150
|move|p1a: Pecharunt|Malignant Chain|p2a: Clefable
|-supereffective|p2a: Clefable
|-damage|p2a: Clefable|63/100
|-status|p2a: Clefable|tox
|-start|p2a: Clefable|confusion|[from] ability: Poison Puppeteer|[of] p1a: Pecharunt
|-activate|p2a: Clefable|confusion
|move|p2a: Clefable|Cosmic Power|p2a: Clefable
|-boost|p2a: Clefable|def|1
|-boost|p2a: Clefable|spd|1
|
|-heal|p2a: Clefable|70/100 tox|[from] item: Leftovers
|upkeep
|turn|4
|
|t:|1780988154
|-terastallize|p2a: Clefable|Steel
|move|p1a: Pecharunt|Parting Shot|p2a: Clefable
|-unboost|p2a: Clefable|atk|1
|-unboost|p2a: Clefable|spa|1
|
|t:|1780988166
|switch|p1a: Cinderace|Cinderace, F, shiny|31/100|[from] Parting Shot
|-activate|p2a: Clefable|confusion
|-damage|p2a: Clefable|68/100 tox|[from] confusion
|
|-heal|p2a: Clefable|74/100 tox|[from] item: Leftovers
|upkeep
|turn|5
|
|t:|1780988174
|move|p1a: Cinderace|Pyro Ball|p2a: Clefable
|-supereffective|p2a: Clefable
|-damage|p2a: Clefable|0 fnt
|faint|p2a: Clefable
|
|upkeep
|
|t:|1780988184
|switch|p2a: Kyurem|Kyurem, shiny|100/100
|-ability|p2a: Kyurem|Pressure
|turn|6
|
|t:|1780988191
|switch|p1a: Corviknight|Corviknight, M, shiny|100/100
|-ability|p1a: Corviknight|Pressure
|move|p2a: Kyurem|Substitute|p2a: Kyurem
|-start|p2a: Kyurem|Substitute
|-damage|p2a: Kyurem|76/100
|
|-heal|p2a: Kyurem|82/100|[from] item: Leftovers
|upkeep
|turn|7
|
|t:|1780988195
|move|p2a: Kyurem|Freeze-Dry|p1a: Corviknight
|-crit|p1a: Corviknight
|-damage|p1a: Corviknight|64/100
|move|p1a: Corviknight|Brave Bird|p2a: Kyurem
|-end|p2a: Kyurem|Substitute
|-damage|p1a: Corviknight|56/100|[from] Recoil|[of] p2a: Kyurem
|
|-heal|p2a: Kyurem|88/100|[from] item: Leftovers
|-heal|p1a: Corviknight|62/100|[from] item: Leftovers
|upkeep
|turn|8
|
|t:|1780988207
|move|p2a: Kyurem|Substitute|p2a: Kyurem
|-start|p2a: Kyurem|Substitute
|-damage|p2a: Kyurem|63/100
|move|p1a: Corviknight|U-turn|p2a: Kyurem
|-activate|p2a: Kyurem|move: Substitute|[damage]
|
|t:|1780988223
|switch|p1a: Cinderace|Cinderace, F, shiny|31/100|[from] U-turn
|
|-heal|p2a: Kyurem|69/100|[from] item: Leftovers
|upkeep
|turn|9
|
|t:|1780988230
|move|p1a: Cinderace|U-turn|p2a: Kyurem
|-start|p1a: Cinderace|typechange|Bug|[from] ability: Libero
|-end|p2a: Kyurem|Substitute
|
|t:|1780988235
|switch|p1a: Landorus|Landorus-Therian, M, shiny|100/100|[from] U-turn
|-ability|p1a: Landorus|Intimidate|boost
|-unboost|p2a: Kyurem|atk|1
|move|p2a: Kyurem|Freeze-Dry|p1a: Landorus
|-supereffective|p1a: Landorus
|-damage|p1a: Landorus|0 fnt
|faint|p1a: Landorus
|
|-heal|p2a: Kyurem|75/100|[from] item: Leftovers
|upkeep
|
|t:|1780988241
|switch|p1a: Cinderace|Cinderace, F, shiny|31/100
|turn|10
|
|t:|1780988246
|switch|p2a: Slowking|Slowking-Galar, M, shiny|100/100
|move|p1a: Cinderace|Pyro Ball|p2a: Slowking
|-damage|p2a: Slowking|11/100
|
|upkeep
|turn|11
|
|t:|1780988251
|switch|p2a: Cinderace|Cinderace, F|100/100
|move|p1a: Cinderace|Pyro Ball|p2a: Cinderace|[miss]
|-miss|p1a: Cinderace|p2a: Cinderace
|
|upkeep
|turn|12
|
|t:|1780988257
|switch|p1a: Pecharunt|Pecharunt|100/100
|move|p2a: Cinderace|Will-O-Wisp|p1a: Pecharunt
|-status|p1a: Pecharunt|brn
|
|-damage|p1a: Pecharunt|94/100 brn|[from] brn
|upkeep
|turn|13
|
|t:|1780988262
|move|p2a: Cinderace|U-turn|p1a: Pecharunt
|-start|p2a: Cinderace|typechange|Bug|[from] ability: Libero
|-resisted|p1a: Pecharunt
|-damage|p1a: Pecharunt|91/100 brn
|-damage|p2a: Cinderace|84/100|[from] item: Rocky Helmet|[of] p1a: Pecharunt
|
|t:|1780988267
|switch|p2a: Slowking|Slowking-Galar, M, shiny|44/100|[from] U-turn
|move|p1a: Pecharunt|Parting Shot|p2a: Slowking
|-unboost|p2a: Slowking|atk|1
|-unboost|p2a: Slowking|spa|1
|
|t:|1780988269
|switch|p1a: Cinderace|Cinderace, F, shiny|31/100|[from] Parting Shot
|
|upkeep
|turn|14
|
|t:|1780988275
|switch|p2a: Cinderace|Cinderace, F|84/100
|move|p1a: Cinderace|Pyro Ball|p2a: Cinderace
|-resisted|p2a: Cinderace
|-damage|p2a: Cinderace|34/100
|
|upkeep
|turn|15
|
|t:|1780988280
|move|p2a: Cinderace|Pyro Ball|p1a: Cinderace
|-resisted|p1a: Cinderace
|-damage|p1a: Cinderace|0 fnt
|faint|p1a: Cinderace
|
|upkeep
|
|t:|1780988299
|switch|p1a: Pecharunt|Pecharunt|91/100 brn
|turn|16
|
|t:|1780988306
|move|p2a: Cinderace|Pyro Ball|p1a: Pecharunt
|-damage|p1a: Pecharunt|69/100 brn
|move|p1a: Pecharunt|Parting Shot|p2a: Cinderace
|-unboost|p2a: Cinderace|atk|1
|-unboost|p2a: Cinderace|spa|1
|
|t:|1780988326
|switch|p1a: Kyurem|Kyurem, shiny|100/100|[from] Parting Shot
|-ability|p1a: Kyurem|Pressure
|
|upkeep
|turn|17
|
|t:|1780988335
|move|p2a: Cinderace|Will-O-Wisp|p1a: Kyurem
|-status|p1a: Kyurem|brn
|move|p1a: Kyurem|Earth Power|p2a: Cinderace
|-supereffective|p2a: Cinderace
|-crit|p2a: Cinderace
|-damage|p2a: Cinderace|0 fnt
|faint|p2a: Cinderace
|
|-damage|p1a: Kyurem|94/100 brn|[from] brn
|upkeep
|
|t:|1780988347
|switch|p2a: Kingambit|Kingambit, M, shiny|100/100
|-activate|p2a: Kingambit|ability: Supreme Overlord
|-start|p2a: Kingambit|fallen2|[silent]
|-item|p2a: Kingambit|Air Balloon
|turn|18
|
|t:|1780988355
|switch|p1a: Corviknight|Corviknight, M, shiny|62/100
|-ability|p1a: Corviknight|Pressure
|move|p2a: Kingambit|Swords Dance|p2a: Kingambit
|-boost|p2a: Kingambit|atk|2
|
|-heal|p1a: Corviknight|69/100|[from] item: Leftovers
|upkeep
|turn|19
|
|t:|1780988362
|move|p2a: Kingambit|Sucker Punch|p1a: Corviknight
|-damage|p1a: Corviknight|0 fnt
|faint|p1a: Corviknight
|
|upkeep
|
|t:|1780988365
|switch|p1a: Lucario|Lucario, F, shiny|100/100
|turn|20
|
|t:|1780988371
|move|p1a: Lucario|Vacuum Wave|p2a: Kingambit
|-supereffective|p2a: Kingambit
|-damage|p2a: Kingambit|0 fnt
|-enditem|p2a: Kingambit|Air Balloon
|faint|p2a: Kingambit
|-end|p2a: Kingambit|fallen2|[silent]
|-damage|p1a: Lucario|91/100|[from] item: Life Orb
|
|upkeep
|
|t:|1780988376
|switch|p2a: Slowking|Slowking-Galar, M, shiny|77/100
|turn|21
|
|t:|1780988380
|move|p1a: Lucario|Nasty Plot|p1a: Lucario
|-boost|p1a: Lucario|spa|2
|move|p2a: Slowking|Thunder Wave|p1a: Lucario
|-status|p1a: Lucario|par
|
|upkeep
|turn|22
|
|t:|1780988386
|move|p1a: Lucario|Dark Pulse|p2a: Slowking
|-supereffective|p2a: Slowking
|-damage|p2a: Slowking|0 fnt
|faint|p2a: Slowking
|-damage|p1a: Lucario|81/100 par|[from] item: Life Orb
|
|upkeep
|
|t:|1780988397
|switch|p2a: Great Tusk|Great Tusk, shiny|100/100
|turn|23
|
|t:|1780988402
|move|p2a: Great Tusk|Headlong Rush|p1a: Lucario
|-supereffective|p1a: Lucario
|-damage|p1a: Lucario|0 fnt
|-unboost|p2a: Great Tusk|def|1
|-unboost|p2a: Great Tusk|spd|1
|faint|p1a: Lucario
|
|upkeep
|
|t:|1780988405
|switch|p1a: Kyurem|Kyurem, shiny|94/100 brn
|-ability|p1a: Kyurem|Pressure
|turn|24
|
|t:|1780988408
|-end|p2a: Great Tusk|Protosynthesis|[silent]
|switch|p2a: Kyurem|Kyurem, shiny|75/100
|-ability|p2a: Kyurem|Pressure
|move|p1a: Kyurem|Ice Beam|p2a: Kyurem
|-damage|p2a: Kyurem|11/100
|
|-heal|p2a: Kyurem|18/100|[from] item: Leftovers
|-damage|p1a: Kyurem|88/100 brn|[from] brn
|upkeep
|turn|25
|
|t:|1780988413
|move|p2a: Kyurem|Body Press|p1a: Kyurem
|-supereffective|p1a: Kyurem
|-damage|p1a: Kyurem|50/100 brn
|move|p1a: Kyurem|Ice Beam|p2a: Kyurem
|-damage|p2a: Kyurem|0 fnt
|faint|p2a: Kyurem
|
|-damage|p1a: Kyurem|44/100 brn|[from] brn
|upkeep
|
|t:|1780988421
|switch|p2a: Great Tusk|Great Tusk, shiny|100/100
|turn|26
|
|t:|1780988423
|move|p1a: Kyurem|Ice Beam|p2a: Great Tusk
|-supereffective|p2a: Great Tusk
|-damage|p2a: Great Tusk|0 fnt
|faint|p2a: Great Tusk
|-end|p2a: Great Tusk|Protosynthesis|[silent]
|
|win|Aegisrio
|raw|Aegisrio's rating: 1543 &rarr; <strong>1562</strong><br />(+19 for winning)
|raw|Weirdo to top's rating: 1526 &rarr; <strong>1507</strong><br />(-19 for losing)
|l|☆Weirdo to top
|player|p2|
|l|☆Aegisrio
|player|p1|
