|j|☆i have no id
|j|☆miataylor612
|t:|1781524928
|gametype|singles
|player|p1|i have no id|cynthia|1501
|player|p2|miataylor612|idol|1556
|gen|9
|tier|[Gen 9] OU
|rated|
|rule|HP Percentage Mod: HP is shown in percentages
|rule|Endless Battle Clause: Forcing endless battles is banned
|rule|Species Clause: Limit one of each Pokémon
|rule|OHKO Clause: OHKO moves are banned
|rule|Evasion Items Clause: Evasion items are banned
|rule|Evasion Moves Clause: Evasion moves are banned
|rule|Evasion Abilities Clause: Evasion abilities are banned
|rule|Sleep Moves Clause: Sleep-inducing moves are banned
|clearpoke
|poke|p1|Zamazenta-*|
|poke|p1|Heatran, F|
|poke|p1|Corviknight, M|
|poke|p1|Clefable, F|
|poke|p1|Ogerpon-Wellspring, F|
|poke|p1|Gliscor, M|
|poke|p2|Porygon-Z|
|poke|p2|Ogerpon-Cornerstone, F|
|poke|p2|Alomomola, F|
|poke|p2|Slowking-Galar, M|
|poke|p2|Great Tusk|
|poke|p2|Zapdos|
|teampreview
|inactive|Battle timer is ON: inactive players will automatically lose when time's up. (requested by miataylor612)
|inactive|miataylor612 has 120 seconds left.
|inactive|miataylor612 has 90 seconds left.
|
|t:|1781524996
|teamsize|p1|6
|teamsize|p2|6
|start
|switch|p1a: Gliscor|Gliscor, M|100/100
|switch|p2a: Ogerpon|Ogerpon-Cornerstone, F|100/100
|turn|1
|j| wuxinshushu1
|
|t:|1781525008
|move|p1a: Gliscor|Protect|p1a: Gliscor
|-singleturn|p1a: Gliscor|Protect
|move|p2a: Ogerpon|Swords Dance|p2a: Ogerpon
|-boost|p2a: Ogerpon|atk|2
|
|-status|p1a: Gliscor|tox|[from] item: Toxic Orb
|upkeep
|turn|2
|
|t:|1781525015
|switch|p1a: Clefable|Clefable, F|100/100
|move|p2a: Ogerpon|Ivy Cudgel|p1a: Clefable|[anim] Ivy Cudgel Rock
|-damage|p1a: Clefable|56/100
|
|upkeep
|turn|3
|
|t:|1781525021
|switch|p2a: Slowking|Slowking-Galar, M|100/100
|move|p1a: Clefable|Moonlight|p1a: Clefable
|-heal|p1a: Clefable|100/100
|
|upkeep
|turn|4
|
|t:|1781525025
|move|p1a: Clefable|Thunder Wave|p2a: Slowking
|-status|p2a: Slowking|par
|move|p2a: Slowking|Future Sight|p1a: Clefable
|-start|p2a: Slowking|move: Future Sight
|
|upkeep
|turn|5
|
|t:|1781525032
|switch|p1a: Gliscor|Gliscor, M|100/100 tox
|-prepare|p2a: Slowking|Chilly Reception|[premajor]
|move|p2a: Slowking|Chilly Reception|p2a: Slowking
|-weather|Snowscape
|
|t:|1781525037
|switch|p2a: Porygon-Z|Porygon-Z|100/100|[from] Chilly Reception
|-ability|p2a: Porygon-Z|Download|boost
|-boost|p2a: Porygon-Z|spa|1
|
|-weather|Snowscape|[upkeep]
|upkeep
|turn|6
|
|t:|1781525043
|move|p1a: Gliscor|Protect|p1a: Gliscor
|-singleturn|p1a: Gliscor|Protect
|move|p2a: Porygon-Z|Tri Attack|p1a: Gliscor
|-activate|p1a: Gliscor|move: Protect
|
|-weather|Snowscape|[upkeep]
|-end|p1a: Gliscor|move: Future Sight
|-damage|p1a: Gliscor|64/100 tox
|-heal|p1a: Gliscor|76/100 tox|[from] ability: Poison Heal
|upkeep
|turn|7
|
|t:|1781525050
|switch|p1a: Heatran|Heatran, F|100/100
|move|p2a: Porygon-Z|Tri Attack|p1a: Heatran
|-resisted|p1a: Heatran
|-damage|p1a: Heatran|72/100
|-status|p1a: Heatran|par
|
|-weather|Snowscape|[upkeep]
|-heal|p1a: Heatran|78/100 par|[from] item: Leftovers
|upkeep
|turn|8
|
|t:|1781525056
|switch|p2a: Alomomola|Alomomola, F|100/100
|cant|p1a: Heatran|par
|
|-weather|Snowscape|[upkeep]
|-heal|p1a: Heatran|84/100 par|[from] item: Leftovers
|upkeep
|turn|9
|
|t:|1781525060
|move|p2a: Alomomola|Flip Turn|p1a: Heatran
|-supereffective|p1a: Heatran
|-damage|p1a: Heatran|59/100 par
|
|t:|1781525067
|switch|p2a: Ogerpon|Ogerpon-Cornerstone, F|100/100|[from] Flip Turn
|move|p1a: Heatran|Stealth Rock|p2a: Ogerpon
|-sidestart|p2: miataylor612|move: Stealth Rock
|
|-weather|none
|-heal|p1a: Heatran|65/100 par|[from] item: Leftovers
|upkeep
|turn|10
|
|t:|1781525077
|switch|p1a: Corviknight|Corviknight, M|100/100
|-ability|p1a: Corviknight|Pressure
|move|p2a: Ogerpon|Swords Dance|p2a: Ogerpon
|-boost|p2a: Ogerpon|atk|2
|
|upkeep
|turn|11
|
|t:|1781525085
|-terastallize|p2a: Ogerpon|Rock
|detailschange|p2a: Ogerpon|Ogerpon-Cornerstone-Tera, F, tera:Rock
|-ability|p2a: Ogerpon|Embody Aspect (Cornerstone)|boost
|-boost|p2a: Ogerpon|def|1
|move|p2a: Ogerpon|Ivy Cudgel|p1a: Corviknight|[anim] Ivy Cudgel Rock
|-damage|p1a: Corviknight|13/100
|move|p1a: Corviknight|U-turn|p2a: Ogerpon
|-damage|p2a: Ogerpon|88/100
|
|t:|1781525090
|switch|p1a: Clefable|Clefable, F|100/100|[from] U-turn
|
|upkeep
|turn|12
|
|t:|1781525094
|move|p2a: Ogerpon|Ivy Cudgel|p1a: Clefable|[anim] Ivy Cudgel Rock
|-damage|p1a: Clefable|38/100
|move|p1a: Clefable|Thunder Wave|p2a: Ogerpon
|-status|p2a: Ogerpon|par
|
|upkeep
|turn|13
|
|t:|1781525101
|cant|p2a: Ogerpon|par
|move|p1a: Clefable|Moonlight|p1a: Clefable
|-heal|p1a: Clefable|88/100
|
|upkeep
|turn|14
|
|t:|1781525112
|switch|p1a: Zamazenta|Zamazenta|100/100
|-ability|p1a: Zamazenta|Dauntless Shield|boost
|-boost|p1a: Zamazenta|def|1
|move|p2a: Ogerpon|Ivy Cudgel|p1a: Zamazenta|[anim] Ivy Cudgel Rock
|-resisted|p1a: Zamazenta
|-damage|p1a: Zamazenta|60/100
|
|-heal|p1a: Zamazenta|66/100|[from] item: Leftovers
|upkeep
|turn|15
|
|t:|1781525139
|move|p1a: Zamazenta|Iron Defense|p1a: Zamazenta
|-boost|p1a: Zamazenta|def|2
|move|p2a: Ogerpon|Horn Leech|p1a: Zamazenta
|-damage|p1a: Zamazenta|41/100
|-heal|p2a: Ogerpon|100/100 par|[from] drain|[of] p1a: Zamazenta
|
|-heal|p1a: Zamazenta|47/100|[from] item: Leftovers
|upkeep
|turn|16
|
|t:|1781525146
|switch|p2a: Slowking|Slowking-Galar, M|100/100 par
|move|p1a: Zamazenta|Body Press|p2a: Slowking
|-resisted|p2a: Slowking
|-damage|p2a: Slowking|78/100 par
|
|-heal|p1a: Zamazenta|54/100|[from] item: Leftovers
|upkeep
|turn|17
|
|t:|1781525155
|switch|p1a: Corviknight|Corviknight, M|13/100
|-ability|p1a: Corviknight|Pressure
|cant|p2a: Slowking|par
|
|upkeep
|turn|18
|
|t:|1781525160
|switch|p2a: Porygon-Z|Porygon-Z|100/100
|-damage|p2a: Porygon-Z|88/100|[from] Stealth Rock
|-ability|p2a: Porygon-Z|Download|boost
|-boost|p2a: Porygon-Z|spa|1
|move|p1a: Corviknight|Roost|p1a: Corviknight
|-heal|p1a: Corviknight|63/100
|-singleturn|p1a: Corviknight|move: Roost
|
|upkeep
|turn|19
|
|t:|1781525165
|switch|p1a: Heatran|Heatran, F|65/100 par
|move|p2a: Porygon-Z|Thunderbolt|p1a: Heatran
|-damage|p1a: Heatran|19/100 par
|
|-heal|p1a: Heatran|25/100 par|[from] item: Leftovers
|upkeep
|turn|20
|
|t:|1781525172
|switch|p1a: Gliscor|Gliscor, M|76/100 tox
|move|p2a: Porygon-Z|Thunderbolt|p1a: Gliscor
|-immune|p1a: Gliscor
|
|-heal|p1a: Gliscor|89/100 tox|[from] ability: Poison Heal
|upkeep
|turn|21
|
|t:|1781525177
|switch|p2a: Alomomola|Alomomola, F|100/100
|move|p1a: Gliscor|Swords Dance|p1a: Gliscor
|-boost|p1a: Gliscor|atk|2
|
|-heal|p1a: Gliscor|100/100 tox|[from] ability: Poison Heal
|upkeep
|turn|22
|
|t:|1781525182
|move|p1a: Gliscor|Facade|p2a: Alomomola
|-damage|p2a: Alomomola|70/100
|move|p2a: Alomomola|Flip Turn|p1a: Gliscor
|-supereffective|p1a: Gliscor
|-crit|p1a: Gliscor
|-damage|p1a: Gliscor|65/100 tox
|
|t:|1781525187
|switch|p2a: Great Tusk|Great Tusk|100/100|[from] Flip Turn
|
|-heal|p1a: Gliscor|77/100 tox|[from] ability: Poison Heal
|upkeep
|turn|23
|
|t:|1781525192
|move|p1a: Gliscor|Protect|p1a: Gliscor
|-singleturn|p1a: Gliscor|Protect
|move|p2a: Great Tusk|Ice Spinner|p1a: Gliscor
|-activate|p1a: Gliscor|move: Protect
|
|-heal|p1a: Gliscor|90/100 tox|[from] ability: Poison Heal
|upkeep
|turn|24
|
|t:|1781525195
|switch|p1a: Corviknight|Corviknight, M|63/100
|-ability|p1a: Corviknight|Pressure
|move|p2a: Great Tusk|Stealth Rock|p1a: Corviknight
|-sidestart|p1: i have no id|move: Stealth Rock
|
|upkeep
|turn|25
|
|t:|1781525199
|-end|p2a: Great Tusk|Protosynthesis|[silent]
|switch|p2a: Zapdos|Zapdos|100/100
|move|p1a: Corviknight|Roost|p1a: Corviknight
|-heal|p1a: Corviknight|100/100
|-singleturn|p1a: Corviknight|move: Roost
|
|upkeep
|turn|26
|
|t:|1781525203
|switch|p1a: Gliscor|Gliscor, M|90/100 tox
|-damage|p1a: Gliscor|77/100 tox|[from] Stealth Rock
|move|p2a: Zapdos|Heat Wave|p1a: Gliscor
|-damage|p1a: Gliscor|49/100 tox
|
|-heal|p1a: Gliscor|61/100 tox|[from] ability: Poison Heal
|upkeep
|turn|27
|
|t:|1781525209
|move|p2a: Zapdos|Hurricane|p1a: Gliscor
|-damage|p1a: Gliscor|10/100 tox
|move|p1a: Gliscor|Swords Dance|p1a: Gliscor
|-boost|p1a: Gliscor|atk|2
|
|-heal|p1a: Gliscor|23/100 tox|[from] ability: Poison Heal
|upkeep
|turn|28
|
|t:|1781525214
|move|p1a: Gliscor|Protect|p1a: Gliscor
|-singleturn|p1a: Gliscor|Protect
|move|p2a: Zapdos|Heat Wave|p1a: Gliscor
|-activate|p1a: Gliscor|move: Protect
|
|-heal|p1a: Gliscor|35/100 tox|[from] ability: Poison Heal
|upkeep
|turn|29
|
|t:|1781525228
|switch|p1a: Heatran|Heatran, F|25/100 par
|-damage|p1a: Heatran|13/100 par|[from] Stealth Rock
|move|p2a: Zapdos|Hurricane|p1a: Heatran
|-resisted|p1a: Heatran
|-damage|p1a: Heatran|0 fnt
|faint|p1a: Heatran
|
|upkeep
|
|t:|1781525243
|switch|p1a: Clefable|Clefable, F|88/100
|turn|30
|
|t:|1781525247
|move|p2a: Zapdos|Hurricane|p1a: Clefable
|-damage|p1a: Clefable|39/100
|move|p1a: Clefable|Moonblast|p2a: Zapdos
|-damage|p2a: Zapdos|66/100
|-unboost|p2a: Zapdos|spa|1
|
|upkeep
|turn|31
|
|t:|1781525254
|move|p2a: Zapdos|Volt Switch|p1a: Clefable
|-damage|p1a: Clefable|7/100
|
|t:|1781525256
|switch|p2a: Porygon-Z|Porygon-Z|88/100|[from] Volt Switch
|-damage|p2a: Porygon-Z|76/100|[from] Stealth Rock
|-ability|p2a: Porygon-Z|Download|boost
|-boost|p2a: Porygon-Z|spa|1
|move|p1a: Clefable|Moonlight|p1a: Clefable
|-heal|p1a: Clefable|57/100
|
|upkeep
|turn|32
|
|t:|1781525264
|switch|p1a: Corviknight|Corviknight, M|100/100
|-damage|p1a: Corviknight|88/100|[from] Stealth Rock
|-ability|p1a: Corviknight|Pressure
|move|p2a: Porygon-Z|Tri Attack|p1a: Corviknight
|-resisted|p1a: Corviknight
|-damage|p1a: Corviknight|40/100
|
|upkeep
|turn|33
|
|t:|1781525269
|move|p2a: Porygon-Z|Tri Attack|p1a: Corviknight
|-resisted|p1a: Corviknight
|-crit|p1a: Corviknight
|-damage|p1a: Corviknight|0 fnt
|faint|p1a: Corviknight
|
|upkeep
|
|t:|1781525281
|switch|p1a: Ogerpon|Ogerpon-Wellspring, F|100/100
|-damage|p1a: Ogerpon|88/100|[from] Stealth Rock
|turn|34
|
|t:|1781525285
|-terastallize|p1a: Ogerpon|Water
|detailschange|p1a: Ogerpon|Ogerpon-Wellspring-Tera, F, tera:Water
|-ability|p1a: Ogerpon|Embody Aspect (Wellspring)|boost
|-boost|p1a: Ogerpon|spd|1
|move|p1a: Ogerpon|Swords Dance|p1a: Ogerpon
|-boost|p1a: Ogerpon|atk|2
|move|p2a: Porygon-Z|Tri Attack|p1a: Ogerpon
|-damage|p1a: Ogerpon|14/100
|
|upkeep
|turn|35
|
|t:|1781525301
|switch|p2a: Zapdos|Zapdos|66/100
|move|p1a: Ogerpon|Ivy Cudgel|p2a: Zapdos|[anim] Ivy Cudgel Water
|-damage|p2a: Zapdos|0 fnt
|faint|p2a: Zapdos
|
|upkeep
|
|t:|1781525303
|switch|p2a: Alomomola|Alomomola, F|100/100
|turn|36
|
|t:|1781525308
|move|p2a: Alomomola|Protect|p2a: Alomomola
|-singleturn|p2a: Alomomola|Protect
|move|p1a: Ogerpon|Trailblaze|p2a: Alomomola
|-activate|p2a: Alomomola|move: Protect
|
|upkeep
|turn|37
|
|t:|1781525314
|move|p1a: Ogerpon|Trailblaze|p2a: Alomomola
|-supereffective|p2a: Alomomola
|-damage|p2a: Alomomola|37/100
|-boost|p1a: Ogerpon|spe|1
|move|p2a: Alomomola|Flip Turn|p1a: Ogerpon
|-resisted|p1a: Ogerpon
|-damage|p1a: Ogerpon|4/100
|
|t:|1781525321
|switch|p2a: Slowking|Slowking-Galar, M|100/100 par|[from] Flip Turn
|
|upkeep
|turn|38
|
|t:|1781525326
|move|p1a: Ogerpon|Ivy Cudgel|p2a: Slowking|[anim] Ivy Cudgel Water
|-damage|p2a: Slowking|0 fnt
|faint|p2a: Slowking
|
|upkeep
|
|t:|1781525328
|switch|p2a: Alomomola|Alomomola, F|71/100
|turn|39
|
|t:|1781525335
|switch|p2a: Ogerpon|Ogerpon-Cornerstone-Tera, F, tera:Rock|100/100 par
|-damage|p2a: Ogerpon|88/100 par|[from] Stealth Rock
|-ability|p2a: Ogerpon|Embody Aspect (Cornerstone)|boost
|-boost|p2a: Ogerpon|def|1
|move|p1a: Ogerpon|Trailblaze|p2a: Ogerpon
|-supereffective|p2a: Ogerpon
|-damage|p2a: Ogerpon|0 fnt
|-boost|p1a: Ogerpon|spe|1
|faint|p2a: Ogerpon
|detailschange|p2: Ogerpon|Ogerpon-Cornerstone, F|[silent]
|
|upkeep
|
|t:|1781525338
|switch|p2a: Alomomola|Alomomola, F|100/100
|turn|40
|
|t:|1781525348
|move|p1a: Ogerpon|Trailblaze|p2a: Alomomola
|-supereffective|p2a: Alomomola
|-damage|p2a: Alomomola|36/100
|-boost|p1a: Ogerpon|spe|1
|move|p2a: Alomomola|Flip Turn|p1a: Ogerpon
|-resisted|p1a: Ogerpon
|-damage|p1a: Ogerpon|0 fnt
|faint|p1a: Ogerpon
|detailschange|p1: Ogerpon|Ogerpon-Wellspring, F|[silent]
|
|t:|1781525353
|switch|p2a: Great Tusk|Great Tusk|100/100|[from] Flip Turn
|
|upkeep
|
|t:|1781525360
|switch|p1a: Clefable|Clefable, F|57/100
|turn|41
|
|t:|1781525365
|-end|p2a: Great Tusk|Protosynthesis|[silent]
|switch|p2a: Porygon-Z|Porygon-Z|76/100
|-damage|p2a: Porygon-Z|64/100|[from] Stealth Rock
|-ability|p2a: Porygon-Z|Download|boost
|-boost|p2a: Porygon-Z|spa|1
|move|p1a: Clefable|Moonlight|p1a: Clefable
|-heal|p1a: Clefable|100/100
|
|upkeep
|turn|42
|
|t:|1781525371
|move|p2a: Porygon-Z|Tri Attack|p1a: Clefable
|-crit|p1a: Clefable
|-damage|p1a: Clefable|17/100
|move|p1a: Clefable|Thunder Wave|p2a: Porygon-Z
|-status|p2a: Porygon-Z|par
|
|upkeep
|turn|43
|
|t:|1781525378
|move|p1a: Clefable|Moonlight|p1a: Clefable
|-heal|p1a: Clefable|67/100
|cant|p2a: Porygon-Z|par
|
|upkeep
|turn|44
|
|t:|1781525383
|move|p1a: Clefable|Moonlight|p1a: Clefable
|-heal|p1a: Clefable|100/100
|move|p2a: Porygon-Z|Tri Attack|p1a: Clefable
|-damage|p1a: Clefable|35/100
|
|upkeep
|turn|45
|
|t:|1781525388
|move|p1a: Clefable|Moonlight|p1a: Clefable
|-heal|p1a: Clefable|85/100
|move|p2a: Porygon-Z|Tri Attack|p1a: Clefable
|-damage|p1a: Clefable|22/100
|
|upkeep
|turn|46
|
|t:|1781525394
|move|p1a: Clefable|Moonlight|p1a: Clefable
|-heal|p1a: Clefable|72/100
|move|p2a: Porygon-Z|Tri Attack|p1a: Clefable
|-damage|p1a: Clefable|13/100
|
|upkeep
|turn|47
|
|t:|1781525399
|move|p1a: Clefable|Moonblast|p2a: Porygon-Z
|-damage|p2a: Porygon-Z|24/100 par
|move|p2a: Porygon-Z|Tri Attack|p1a: Clefable
|-damage|p1a: Clefable|0 fnt
|faint|p1a: Clefable
|
|upkeep
|
|t:|1781525403
|switch|p1a: Zamazenta|Zamazenta|54/100
|-damage|p1a: Zamazenta|47/100|[from] Stealth Rock
|turn|48
|
|t:|1781525405
|move|p1a: Zamazenta|Body Press|p2a: Porygon-Z
|-supereffective|p2a: Porygon-Z
|-damage|p2a: Porygon-Z|0 fnt
|faint|p2a: Porygon-Z
|
|-heal|p1a: Zamazenta|54/100|[from] item: Leftovers
|upkeep
|
|t:|1781525407
|switch|p2a: Alomomola|Alomomola, F|69/100
|turn|49
|
|t:|1781525410
|move|p1a: Zamazenta|Iron Defense|p1a: Zamazenta
|-boost|p1a: Zamazenta|def|2
|move|p2a: Alomomola|Scald|p1a: Zamazenta
|-damage|p1a: Zamazenta|44/100
|
|-heal|p1a: Zamazenta|50/100|[from] item: Leftovers
|upkeep
|turn|50
|
|t:|1781525417
|move|p1a: Zamazenta|Body Press|p2a: Alomomola
|-damage|p2a: Alomomola|33/100
|move|p2a: Alomomola|Scald|p1a: Zamazenta
|-damage|p1a: Zamazenta|39/100
|
|-heal|p1a: Zamazenta|45/100|[from] item: Leftovers
|upkeep
|turn|51
|l| wuxinshushu1
|
|t:|1781525423
|move|p1a: Zamazenta|Body Press|p2a: Alomomola
|-damage|p2a: Alomomola|0 fnt
|faint|p2a: Alomomola
|
|-heal|p1a: Zamazenta|51/100|[from] item: Leftovers
|upkeep
|-message|miataylor612 forfeited.
|
|win|i have no id
|raw|i have no id's rating: 1501 &rarr; <strong>1524</strong><br />(+23 for winning)
|raw|miataylor612's rating: 1556 &rarr; <strong>1533</strong><br />(-23 for losing)
|j| wuxinshushu1
|l|☆i have no id
|player|p1|
|l|☆miataylor612
|player|p2|
|l| wuxinshushu1
