|j|☆supmydudetest1
|j|☆KurisuChestnutLab
|t:|1781139115
|gametype|singles
|player|p1|supmydudetest1|170|1577
|player|p2|KurisuChestnutLab|may-contest|1627
|gen|9
|tier|[Gen 9] OU
|rated|
|rule|HP Percentage Mod: HP is shown in percentages
|rule|Endless Battle Clause: Forcing endless battles is banned
|rule|Species Clause: Limit one of each Pokémon
|rule|OHKO Clause: OHKO moves are banned
|rule|Evasion Items Clause: Evasion items are banned
|rule|Evasion Moves Clause: Evasion moves are banned
|rule|Evasion Abilities Clause: Evasion abilities are banned
|rule|Sleep Moves Clause: Sleep-inducing moves are banned
|clearpoke
|poke|p1|Ogerpon-Wellspring, F|
|poke|p1|Raging Bolt|
|poke|p1|Cinderace, F|
|poke|p1|Corviknight, F|
|poke|p1|Ting-Lu|
|poke|p1|Gengar, F|
|poke|p2|Primarina, M|
|poke|p2|Hippowdon, F|
|poke|p2|Skarmory, F|
|poke|p2|Zapdos|
|poke|p2|Dragonite, M|
|poke|p2|Slowking, F|
|teampreview
|inactive|Battle timer is ON: inactive players will automatically lose when time's up. (requested by supmydudetest1)
|
|t:|1781139119
|teamsize|p1|6
|teamsize|p2|6
|start
|switch|p1a: Cinderace|Cinderace, F|100/100
|switch|p2a: Primarina|Primarina, M|100/100
|turn|1
|inactive|KurisuChestnutLab also wants the timer to be on.
|
|t:|1781139126
|move|p1a: Cinderace|U-turn|p2a: Primarina
|-start|p1a: Cinderace|typechange|Bug|[from] ability: Libero
|-resisted|p2a: Primarina
|-damage|p2a: Primarina|69/100
|
|t:|1781139132
|switch|p1a: Corviknight|Corviknight, F|100/100|[from] U-turn
|move|p2a: Primarina|Moonblast|p1a: Corviknight
|-resisted|p1a: Corviknight
|-damage|p1a: Corviknight|75/100
|
|-heal|p1a: Corviknight|81/100|[from] item: Leftovers
|upkeep
|turn|2
|
|t:|1781139142
|switch|p1a: Ogerpon|Ogerpon-Wellspring, F|100/100
|move|p2a: Primarina|Moonblast|p1a: Ogerpon
|-damage|p1a: Ogerpon|34/100
|-unboost|p1a: Ogerpon|spa|1
|
|upkeep
|turn|3
|
|t:|1781139149
|switch|p2a: Dragonite|Dragonite, M|100/100
|move|p1a: Ogerpon|Swords Dance|p1a: Ogerpon
|-boost|p1a: Ogerpon|atk|2
|
|upkeep
|turn|4
|
|t:|1781139156
|switch|p1a: Corviknight|Corviknight, F|81/100
|move|p2a: Dragonite|Dragon Dance|p2a: Dragonite
|-boost|p2a: Dragonite|atk|1
|-boost|p2a: Dragonite|spe|1
|
|-heal|p1a: Corviknight|87/100|[from] item: Leftovers
|upkeep
|turn|5
|
|t:|1781139165
|move|p2a: Dragonite|Dragon Dance|p2a: Dragonite
|-boost|p2a: Dragonite|atk|1
|-boost|p2a: Dragonite|spe|1
|move|p1a: Corviknight|Brave Bird|p2a: Dragonite
|-damage|p2a: Dragonite|82/100
|-damage|p1a: Corviknight|82/100|[from] Recoil
|
|-heal|p1a: Corviknight|88/100|[from] item: Leftovers
|upkeep
|turn|6
|
|t:|1781139176
|move|p2a: Dragonite|Dragon Dance|p2a: Dragonite
|-boost|p2a: Dragonite|atk|1
|-boost|p2a: Dragonite|spe|1
|move|p1a: Corviknight|Brave Bird|p2a: Dragonite
|-damage|p2a: Dragonite|42/100
|-damage|p1a: Corviknight|78/100|[from] Recoil
|
|-heal|p1a: Corviknight|84/100|[from] item: Leftovers
|upkeep
|turn|7
|
|t:|1781139186
|move|p2a: Dragonite|Roost|p2a: Dragonite
|-heal|p2a: Dragonite|92/100
|-singleturn|p2a: Dragonite|move: Roost
|move|p1a: Corviknight|Brave Bird|p2a: Dragonite
|-damage|p2a: Dragonite|49/100
|-damage|p1a: Corviknight|72/100|[from] Recoil
|
|-heal|p1a: Corviknight|79/100|[from] item: Leftovers
|upkeep
|turn|8
|
|t:|1781139196
|move|p2a: Dragonite|Roost|p2a: Dragonite
|-heal|p2a: Dragonite|99/100
|-singleturn|p2a: Dragonite|move: Roost
|move|p1a: Corviknight|U-turn|p2a: Dragonite
|-damage|p2a: Dragonite|84/100
|
|t:|1781139203
|switch|p1a: Raging Bolt|Raging Bolt|100/100|[from] U-turn
|-enditem|p1a: Raging Bolt|Booster Energy
|-activate|p1a: Raging Bolt|ability: Protosynthesis|[fromitem]
|-start|p1a: Raging Bolt|protosynthesisspa
|
|upkeep
|turn|9
|
|t:|1781139210
|-terastallize|p1a: Raging Bolt|Fairy
|move|p2a: Dragonite|Roost|p2a: Dragonite
|-heal|p2a: Dragonite|100/100
|-singleturn|p2a: Dragonite|move: Roost
|move|p1a: Raging Bolt|Dragon Pulse|p2a: Dragonite
|-supereffective|p2a: Dragonite
|-damage|p2a: Dragonite|28/100
|
|upkeep
|turn|10
|
|t:|1781139219
|-terastallize|p2a: Dragonite|Normal
|move|p2a: Dragonite|Extreme Speed|p1a: Raging Bolt
|-damage|p1a: Raging Bolt|0 fnt
|faint|p1a: Raging Bolt
|-end|p1a: Raging Bolt|Protosynthesis|[silent]
|
|upkeep
|-message|supmydudetest1 forfeited.
|
|win|KurisuChestnutLab
|raw|supmydudetest1's rating: 1577 &rarr; <strong>1560</strong><br />(-17 for losing)
|raw|KurisuChestnutLab's rating: 1627 &rarr; <strong>1644</strong><br />(+17 for winning)
|l|☆supmydudetest1
|player|p1|
