|j|☆temporarylight
|j|☆shockmoth
|t:|1780937712
|gametype|singles
|player|p1|temporarylight|jogger|1712
|player|p2|shockmoth|102|1820
|gen|9
|tier|[Gen 9] OU
|rated|
|rule|HP Percentage Mod: HP is shown in percentages
|rule|Endless Battle Clause: Forcing endless battles is banned
|rule|Species Clause: Limit one of each Pokémon
|rule|OHKO Clause: OHKO moves are banned
|rule|Evasion Items Clause: Evasion items are banned
|rule|Evasion Moves Clause: Evasion moves are banned
|rule|Evasion Abilities Clause: Evasion abilities are banned
|rule|Sleep Moves Clause: Sleep-inducing moves are banned
|clearpoke
|poke|p1|Weavile, M|
|poke|p1|Great Tusk|
|poke|p1|Hoopa-Unbound|
|poke|p1|Landorus-Therian, M|
|poke|p1|Primarina, M|
|poke|p1|Thundurus-Therian, M|
|poke|p2|Frosmoth, F|
|poke|p2|Pincurchin, M|
|poke|p2|Raichu-Alola, F|
|poke|p2|Iron Hands|
|poke|p2|Rotom-Wash|
|poke|p2|Pawmot, M|
|teampreview
|c|☆temporarylight|i have returned
|c|☆temporarylight|for my revenge
|inactive|Battle timer is ON: inactive players will automatically lose when time's up. (requested by temporarylight)
|
|t:|1780937725
|teamsize|p1|6
|teamsize|p2|6
|start
|switch|p1a: Landorus|Landorus-Therian, M, shiny|100/100
|switch|p2a: OH YEAH!!! YEAH!!|Pincurchin, M|100/100
|-ability|p1a: Landorus|Intimidate|boost
|-unboost|p2a: OH YEAH!!! YEAH!!|atk|1
|-fieldstart|move: Electric Terrain|[from] ability: Electric Surge|[of] p2a: OH YEAH!!! YEAH!!
|turn|1
|
|t:|1780937731
|switch|p2a: William O' Wisp|Rotom-Wash|100/100
|move|p1a: Landorus|Stealth Rock|p2a: William O' Wisp
|-sidestart|p2: shockmoth|move: Stealth Rock
|
|upkeep
|turn|2
|
|t:|1780937735
|move|p1a: Landorus|U-turn|p2a: William O' Wisp
|-damage|p2a: William O' Wisp|78/100
|
|t:|1780937739
|switch|p1a: Thundurus|Thundurus-Therian, M, shiny|100/100|[from] U-turn
|move|p2a: William O' Wisp|Hydro Pump|p1a: Thundurus
|-damage|p1a: Thundurus|26/100
|
|-heal|p1a: Thundurus|32/100|[from] item: Leftovers
|upkeep
|turn|3
|j| babyshark974
|
|t:|1780937744
|move|p1a: Thundurus|Thunderbolt|p2a: William O' Wisp
|-crit|p2a: William O' Wisp
|-damage|p2a: William O' Wisp|0 fnt
|faint|p2a: William O' Wisp
|
|-heal|p1a: Thundurus|38/100|[from] item: Leftovers
|upkeep
|
|t:|1780937745
|switch|p2a: Surf's Up (2007)|Raichu-Alola, F|100/100
|-damage|p2a: Surf's Up (2007)|88/100|[from] Stealth Rock
|turn|4
|
|t:|1780937752
|switch|p1a: Hoopa|Hoopa-Unbound|100/100
|move|p2a: Surf's Up (2007)|Alluring Voice|p1a: Hoopa
|-supereffective|p1a: Hoopa
|-damage|p1a: Hoopa|44/100
|
|-heal|p1a: Hoopa|50/100|[from] item: Leftovers
|upkeep
|turn|5
|
|t:|1780937756
|switch|p1a: Primarina|Primarina, M|100/100
|move|p2a: Surf's Up (2007)|Alluring Voice|p1a: Primarina
|-damage|p1a: Primarina|78/100
|
|upkeep
|turn|6
|
|t:|1780937761
|move|p2a: Surf's Up (2007)|Alluring Voice|p1a: Primarina
|-damage|p1a: Primarina|56/100
|move|p1a: Primarina|Flip Turn|p2a: Surf's Up (2007)
|-damage|p2a: Surf's Up (2007)|58/100
|
|t:|1780937764
|switch|p1a: Landorus|Landorus-Therian, M, shiny|100/100|[from] Flip Turn
|-ability|p1a: Landorus|Intimidate|boost
|-unboost|p2a: Surf's Up (2007)|atk|1
|
|upkeep
|turn|7
|
|t:|1780937766
|switch|p2a: Iron Deficiency|Iron Hands|100/100
|-damage|p2a: Iron Deficiency|94/100|[from] Stealth Rock
|-activate|p2a: Iron Deficiency|ability: Quark Drive
|-start|p2a: Iron Deficiency|quarkdriveatk
|move|p1a: Landorus|U-turn|p2a: Iron Deficiency
|-resisted|p2a: Iron Deficiency
|-damage|p2a: Iron Deficiency|89/100
|
|t:|1780937771
|switch|p1a: Great Tusk|Great Tusk, shiny|100/100|[from] U-turn
|
|upkeep
|turn|8
|-activate|p2a: Iron Deficiency|item: Quick Claw
|
|t:|1780937774
|move|p2a: Iron Deficiency|Ice Punch|p1a: Great Tusk
|-supereffective|p1a: Great Tusk
|-damage|p1a: Great Tusk|45/100
|move|p1a: Great Tusk|Headlong Rush|p2a: Iron Deficiency
|-supereffective|p2a: Iron Deficiency
|-damage|p2a: Iron Deficiency|11/100
|-unboost|p1a: Great Tusk|def|1
|-unboost|p1a: Great Tusk|spd|1
|
|-fieldend|move: Electric Terrain
|-end|p2a: Iron Deficiency|Quark Drive
|upkeep
|turn|9
|-activate|p2a: Iron Deficiency|item: Quick Claw
|
|t:|1780937784
|move|p2a: Iron Deficiency|Ice Punch|p1a: Great Tusk
|-supereffective|p1a: Great Tusk
|-damage|p1a: Great Tusk|0 fnt
|faint|p1a: Great Tusk
|-end|p1a: Great Tusk|Protosynthesis|[silent]
|
|upkeep
|c|☆temporarylight|this evil evil man
|c|☆shockmoth|You must slay the evil
|
|t:|1780937795
|switch|p1a: Landorus|Landorus-Therian, M, shiny|100/100
|-ability|p1a: Landorus|Intimidate|boost
|-unboost|p2a: Iron Deficiency|atk|1
|turn|10
|-activate|p2a: Iron Deficiency|item: Quick Claw
|
|t:|1780937798
|move|p2a: Iron Deficiency|Ice Punch|p1a: Landorus
|-supereffective|p1a: Landorus
|-damage|p1a: Landorus|25/100
|move|p1a: Landorus|Earth Power|p2a: Iron Deficiency
|-supereffective|p2a: Iron Deficiency
|-damage|p2a: Iron Deficiency|0 fnt
|faint|p2a: Iron Deficiency
|-end|p2a: Iron Deficiency|Quark Drive|[silent]
|
|-heal|p1a: Landorus|31/100|[from] item: Leftovers
|upkeep
|
|t:|1780937803
|switch|p2a: Surf's Up (2007)|Raichu-Alola, F|58/100
|-damage|p2a: Surf's Up (2007)|46/100|[from] Stealth Rock
|turn|11
|c|☆temporarylight|youre actually
|c|☆temporarylight|an evil person
|c|☆temporarylight|i hate you
|
|t:|1780937817
|switch|p1a: Thundurus|Thundurus-Therian, M, shiny|38/100
|move|p2a: Surf's Up (2007)|Alluring Voice|p1a: Thundurus
|-damage|p1a: Thundurus|0 fnt
|faint|p1a: Thundurus
|
|upkeep
|
|t:|1780937834
|switch|p1a: Weavile|Weavile, M, shiny|100/100
|-ability|p1a: Weavile|Pressure
|turn|12
|
|t:|1780937841
|switch|p2a: OH YEAH!!! YEAH!!|Pincurchin, M|100/100
|-damage|p2a: OH YEAH!!! YEAH!!|88/100|[from] Stealth Rock
|-fieldstart|move: Electric Terrain|[from] ability: Electric Surge|[of] p2a: OH YEAH!!! YEAH!!
|move|p1a: Weavile|Triple Axel|p2a: OH YEAH!!! YEAH!!
|-damage|p2a: OH YEAH!!! YEAH!!|72/100
|-hitcount|p2a: OH YEAH!!! YEAH!!|1
|
|upkeep
|turn|13
|
|t:|1780937844
|move|p1a: Weavile|Triple Axel|p2a: OH YEAH!!! YEAH!!
|-damage|p2a: OH YEAH!!! YEAH!!|54/100
|-damage|p2a: OH YEAH!!! YEAH!!|15/100
|-damage|p2a: OH YEAH!!! YEAH!!|0 fnt
|faint|p2a: OH YEAH!!! YEAH!!
|-hitcount|p2: OH YEAH!!! YEAH!!|3
|
|upkeep
|
|t:|1780937850
|switch|p2a: Evanescence|Pawmot, M|100/100
|-damage|p2a: Evanescence|95/100|[from] Stealth Rock
|turn|14
|
|t:|1780937866
|switch|p2a: Surf's Up (2007)|Raichu-Alola, F|46/100
|-damage|p2a: Surf's Up (2007)|34/100|[from] Stealth Rock
|-terastallize|p1a: Weavile|Ice
|move|p1a: Weavile|Triple Axel|p2a: Surf's Up (2007)|[miss]
|-miss|p1a: Weavile|p2a: Surf's Up (2007)
|
|upkeep
|turn|15
|
|t:|1780937872
|move|p2a: Surf's Up (2007)|Psychic Noise|p1a: Weavile
|-damage|p1a: Weavile|32/100
|-start|p1a: Weavile|move: Heal Block
|move|p1a: Weavile|Triple Axel|p2a: Surf's Up (2007)|[miss]
|-miss|p1a: Weavile|p2a: Surf's Up (2007)
|
|upkeep
|turn|16
|c|☆temporarylight|what an evil evil man
|c|☆temporarylight|what an evil evil evil man
|
|t:|1780937883
|switch|p1a: Hoopa|Hoopa-Unbound|50/100
|move|p2a: Surf's Up (2007)|Psychic Noise|p1a: Hoopa
|-immune|p1a: Hoopa
|
|-heal|p1a: Hoopa|56/100|[from] item: Leftovers
|upkeep
|turn|17
|j| 0RickMountStrong
|
|t:|1780937887
|move|p2a: Surf's Up (2007)|Psychic Noise|p1a: Hoopa
|-immune|p1a: Hoopa
|move|p1a: Hoopa|Substitute|p1a: Hoopa
|-start|p1a: Hoopa|Substitute
|-damage|p1a: Hoopa|31/100
|
|-heal|p1a: Hoopa|37/100|[from] item: Leftovers
|upkeep
|turn|18
|
|t:|1780937891
|switch|p2a: Finger Eleven|Frosmoth, F, shiny|100/100
|move|p1a: Hoopa|Knock Off|p2a: Finger Eleven
|-damage|p2a: Finger Eleven|7/100
|-enditem|p2a: Finger Eleven|Heavy-Duty Boots|[from] move: Knock Off|[of] p1a: Hoopa
|
|-heal|p1a: Hoopa|44/100|[from] item: Leftovers
|upkeep
|turn|19
|
|t:|1780937896
|move|p2a: Finger Eleven|Ice Beam|p1a: Hoopa
|-end|p1a: Hoopa|Substitute
|move|p1a: Hoopa|Knock Off|p2a: Finger Eleven
|-damage|p2a: Finger Eleven|0 fnt
|faint|p2a: Finger Eleven
|
|-heal|p1a: Hoopa|50/100|[from] item: Leftovers
|-fieldend|move: Electric Terrain
|upkeep
|
|t:|1780937898
|switch|p2a: Surf's Up (2007)|Raichu-Alola, F|34/100
|-damage|p2a: Surf's Up (2007)|22/100|[from] Stealth Rock
|turn|20
|
|t:|1780937911
|move|p2a: Surf's Up (2007)|Alluring Voice|p1a: Hoopa
|-supereffective|p1a: Hoopa
|-damage|p1a: Hoopa|0 fnt
|faint|p1a: Hoopa
|
|upkeep
|
|t:|1780937915
|switch|p1a: Weavile|Weavile, M, shiny, tera:Ice|32/100
|-ability|p1a: Weavile|Pressure
|turn|21
|
|t:|1780937918
|move|p1a: Weavile|Ice Shard|p2a: Surf's Up (2007)
|-damage|p2a: Surf's Up (2007)|0 fnt
|faint|p2a: Surf's Up (2007)
|
|upkeep
|
|t:|1780937919
|switch|p2a: Evanescence|Pawmot, M|95/100
|-damage|p2a: Evanescence|89/100|[from] Stealth Rock
|turn|22
|
|t:|1780937921
|move|p1a: Weavile|Ice Shard|p2a: Evanescence
|-damage|p2a: Evanescence|44/100
|move|p2a: Evanescence|Revival Blessing|p2a: Evanescence
|-enditem|p2a: Evanescence|Leppa Berry|[eat]
|-activate|p2a: Evanescence|item: Leppa Berry|Revival Blessing|[consumed]
|
|t:|1780937926
|-heal|p2: Finger Eleven|50/100|[from] move: Revival Blessing
|
|upkeep
|turn|23
|
|t:|1780937930
|move|p1a: Weavile|Ice Shard|p2a: Evanescence
|-damage|p2a: Evanescence|0 fnt
|faint|p2a: Evanescence
|
|upkeep
|
|t:|1780937932
|switch|p2a: Finger Eleven|Frosmoth, F, shiny|50/100
|-damage|p2a: Finger Eleven|0 fnt|[from] Stealth Rock
|faint|p2a: Finger Eleven
|
|win|temporarylight
|raw|temporarylight's rating: 1712 &rarr; <strong>1738</strong><br />(+26 for winning)
|raw|shockmoth's rating: 1820 &rarr; <strong>1794</strong><br />(-26 for losing)
|c|☆temporarylight|with that
|c|☆temporarylight|my revenge
|c|☆shockmoth|Ggs....
|c|☆temporarylight|is complete
|c| 0RickMountStrong|ew
|c|☆shockmoth|You have slain
|c|☆temporarylight|gg
|l|☆shockmoth
|player|p2|
|c| 0RickMountStrong|a reviving for nothing
