|j|☆buhuifeihhh
|j|☆FireSide_01
|t:|1781497557
|gametype|singles
|player|p1|buhuifeihhh|hilbert|1555
|player|p2|FireSide_01|janine|1623
|gen|9
|tier|[Gen 9] OU
|rated|
|rule|HP Percentage Mod: HP is shown in percentages
|rule|Endless Battle Clause: Forcing endless battles is banned
|rule|Species Clause: Limit one of each Pokémon
|rule|OHKO Clause: OHKO moves are banned
|rule|Evasion Items Clause: Evasion items are banned
|rule|Evasion Moves Clause: Evasion moves are banned
|rule|Evasion Abilities Clause: Evasion abilities are banned
|rule|Sleep Moves Clause: Sleep-inducing moves are banned
|clearpoke
|poke|p1|Heatran, F|
|poke|p1|Rillaboom, M|
|poke|p1|Moltres-Galar|
|poke|p1|Weezing-Galar, M|
|poke|p1|Tyranitar, F|
|poke|p1|Volcanion|
|poke|p2|Ninetales, F|
|poke|p2|Walking Wake|
|poke|p2|Typhlosion-Hisui, F|
|poke|p2|Great Tusk|
|poke|p2|Rillaboom, F|
|poke|p2|Raging Bolt|
|teampreview
|inactive|Battle timer is ON: inactive players will automatically lose when time's up. (requested by FireSide_01)
|
|t:|1781497579
|teamsize|p1|6
|teamsize|p2|6
|start
|switch|p1a: Heatran|Heatran, F|100/100
|switch|p2a: Great Tusk|Great Tusk|100/100
|turn|1
|
|t:|1781497599
|switch|p1a: Weezing|Weezing-Galar, M|100/100
|move|p2a: Great Tusk|Stealth Rock|p1a: Weezing
|-sidestart|p1: buhuifeihhh|move: Stealth Rock
|
|upkeep
|turn|2
|
|t:|1781497609
|move|p2a: Great Tusk|Headlong Rush|p1a: Weezing
|-immune|p1a: Weezing|[from] ability: Levitate
|move|p1a: Weezing|Strange Steam|p2a: Great Tusk
|-supereffective|p2a: Great Tusk
|-damage|p2a: Great Tusk|25/100
|
|upkeep
|turn|3
|c|☆FireSide_01|oops
|
|t:|1781497620
|-end|p2a: Great Tusk|Protosynthesis|[silent]
|switch|p2a: Ninetales|Ninetales, F|100/100
|-weather|SunnyDay|[from] ability: Drought|[of] p2a: Ninetales
|move|p1a: Weezing|Defog|p2a: Ninetales
|-unboost|p2a: Ninetales|evasion|1
|-sideend|p1: buhuifeihhh|Stealth Rock|[from] move: Defog|[of] p1a: Weezing
|
|-weather|SunnyDay|[upkeep]
|upkeep
|turn|4
|
|t:|1781497630
|switch|p2a: Typhlosion|Typhlosion-Hisui, F|100/100
|move|p1a: Weezing|Toxic|p2a: Typhlosion
|-status|p2a: Typhlosion|tox
|
|-weather|SunnyDay|[upkeep]
|-damage|p2a: Typhlosion|94/100 tox|[from] psn
|upkeep
|turn|5
|
|t:|1781497635
|switch|p1a: Heatran|Heatran, F|100/100
|move|p2a: Typhlosion|Focus Blast|p1a: Heatran|[miss]
|-miss|p2a: Typhlosion|p1a: Heatran
|
|-weather|SunnyDay|[upkeep]
|-damage|p2a: Typhlosion|82/100 tox|[from] psn
|upkeep
|turn|6
|
|t:|1781497640
|move|p1a: Heatran|Protect|p1a: Heatran
|-singleturn|p1a: Heatran|Protect
|move|p2a: Typhlosion|Focus Blast|p1a: Heatran
|-activate|p1a: Heatran|move: Protect
|
|-weather|SunnyDay|[upkeep]
|-damage|p2a: Typhlosion|63/100 tox|[from] psn
|upkeep
|turn|7
|
|t:|1781497644
|switch|p1a: Weezing|Weezing-Galar, M|100/100
|move|p2a: Typhlosion|Focus Blast|p1a: Weezing
|-resisted|p1a: Weezing
|-damage|p1a: Weezing|88/100
|
|-weather|SunnyDay|[upkeep]
|-heal|p1a: Weezing|95/100|[from] item: Leftovers
|-damage|p2a: Typhlosion|38/100 tox|[from] psn
|upkeep
|turn|8
|
|t:|1781497651
|move|p2a: Typhlosion|Focus Blast|p1a: Weezing
|-resisted|p1a: Weezing
|-damage|p1a: Weezing|83/100
|move|p1a: Weezing|Toxic|p2a: Typhlosion
|-fail|p2a: Typhlosion|tox
|
|-weather|SunnyDay|[upkeep]
|-heal|p1a: Weezing|89/100|[from] item: Leftovers
|-damage|p2a: Typhlosion|7/100 tox|[from] psn
|upkeep
|turn|9
|
|t:|1781497658
|move|p2a: Typhlosion|Focus Blast|p1a: Weezing
|-resisted|p1a: Weezing
|-damage|p1a: Weezing|77/100
|move|p1a: Weezing|Toxic|p2a: Typhlosion
|-fail|p2a: Typhlosion|tox
|
|-weather|SunnyDay|[upkeep]
|-heal|p1a: Weezing|84/100|[from] item: Leftovers
|-damage|p2a: Typhlosion|0 fnt|[from] psn
|faint|p2a: Typhlosion
|upkeep
|
|t:|1781497660
|switch|p2a: Walking Wake|Walking Wake|100/100
|-activate|p2a: Walking Wake|ability: Protosynthesis
|-start|p2a: Walking Wake|protosynthesisspa
|turn|10
|
|t:|1781497667
|move|p2a: Walking Wake|Flamethrower|p1a: Weezing
|-damage|p1a: Weezing|0 fnt
|faint|p1a: Weezing
|
|-weather|none
|-end|p2a: Walking Wake|Protosynthesis
|upkeep
|
|t:|1781497672
|switch|p1a: Heatran|Heatran, F|100/100
|turn|11
|
|t:|1781497677
|-end|p2a: Walking Wake|Protosynthesis|[silent]
|switch|p2a: Raging Bolt|Raging Bolt|100/100
|move|p1a: Heatran|Magma Storm|p2a: Raging Bolt|[miss]
|-miss|p1a: Heatran|p2a: Raging Bolt
|
|upkeep
|turn|12
|
|t:|1781497682
|move|p2a: Raging Bolt|Dragon Pulse|p1a: Heatran
|-resisted|p1a: Heatran
|-damage|p1a: Heatran|80/100
|move|p1a: Heatran|Magma Storm|p2a: Raging Bolt
|-resisted|p2a: Raging Bolt
|-damage|p2a: Raging Bolt|83/100
|-activate|p2a: Raging Bolt|move: Magma Storm|[of] p1a: Heatran
|
|-heal|p1a: Heatran|87/100|[from] item: Leftovers
|-damage|p2a: Raging Bolt|71/100|[from] move: Magma Storm|[partiallytrapped]
|upkeep
|turn|13
|
|t:|1781497692
|move|p1a: Heatran|Protect|p1a: Heatran
|-singleturn|p1a: Heatran|Protect
|move|p2a: Raging Bolt|Volt Switch|p1a: Heatran
|-activate|p1a: Heatran|move: Protect
|
|-heal|p1a: Heatran|93/100|[from] item: Leftovers
|-damage|p2a: Raging Bolt|59/100|[from] move: Magma Storm|[partiallytrapped]
|upkeep
|turn|14
|
|t:|1781497695
|move|p2a: Raging Bolt|Volt Switch|p1a: Heatran
|-damage|p1a: Heatran|58/100
|
|t:|1781497700
|-end|p2a: Raging Bolt|Protosynthesis|[silent]
|switch|p2a: Walking Wake|Walking Wake|100/100|[from] Volt Switch
|move|p1a: Heatran|Earth Power|p2a: Walking Wake
|-damage|p2a: Walking Wake|57/100
|
|-heal|p1a: Heatran|65/100|[from] item: Leftovers
|upkeep
|turn|15
|
|t:|1781497707
|move|p1a: Heatran|Protect|p1a: Heatran
|-singleturn|p1a: Heatran|Protect
|move|p2a: Walking Wake|Draco Meteor|p1a: Heatran
|-activate|p1a: Heatran|move: Protect
|
|-heal|p1a: Heatran|71/100|[from] item: Leftovers
|upkeep
|turn|16
|
|t:|1781497716
|-end|p2a: Walking Wake|Protosynthesis|[silent]
|switch|p2a: Raging Bolt|Raging Bolt|59/100
|switch|p1a: Tyranitar|Tyranitar, F|100/100
|-weather|Sandstorm|[from] ability: Sand Stream|[of] p1a: Tyranitar
|
|-weather|Sandstorm|[upkeep]
|-damage|p2a: Raging Bolt|52/100|[from] Sandstorm
|upkeep
|turn|17
|
|t:|1781497723
|move|p2a: Raging Bolt|Volt Switch|p1a: Tyranitar
|-damage|p1a: Tyranitar|85/100
|
|t:|1781497726
|-end|p2a: Raging Bolt|Protosynthesis|[silent]
|switch|p2a: Great Tusk|Great Tusk|25/100|[from] Volt Switch
|move|p1a: Tyranitar|Stone Edge|p2a: Great Tusk
|-resisted|p2a: Great Tusk
|-damage|p2a: Great Tusk|16/100
|
|-weather|Sandstorm|[upkeep]
|upkeep
|turn|18
|
|t:|1781497733
|switch|p1a: Rillaboom|Rillaboom, M|100/100
|-fieldstart|move: Grassy Terrain|[from] ability: Grassy Surge|[of] p1a: Rillaboom
|move|p2a: Great Tusk|Stealth Rock|p1a: Rillaboom
|-sidestart|p1: buhuifeihhh|move: Stealth Rock
|
|-weather|Sandstorm|[upkeep]
|-damage|p1a: Rillaboom|94/100|[from] Sandstorm
|-heal|p2a: Great Tusk|22/100|[from] Grassy Terrain
|-heal|p1a: Rillaboom|100/100|[from] Grassy Terrain
|upkeep
|turn|19
|
|t:|1781497745
|move|p2a: Great Tusk|Ice Spinner|p1a: Rillaboom
|-supereffective|p1a: Rillaboom
|-damage|p1a: Rillaboom|45/100
|-fieldend|move: Grassy Terrain
|move|p1a: Rillaboom|High Horsepower|p2a: Great Tusk
|-damage|p2a: Great Tusk|0 fnt
|faint|p2a: Great Tusk
|-end|p2a: Great Tusk|Protosynthesis|[silent]
|
|-weather|Sandstorm|[upkeep]
|-damage|p1a: Rillaboom|39/100|[from] Sandstorm
|upkeep
|
|t:|1781497757
|switch|p2a: Walking Wake|Walking Wake|57/100
|turn|20
|
|t:|1781497763
|switch|p1a: Volcanion|Volcanion|100/100
|-damage|p1a: Volcanion|76/100|[from] Stealth Rock
|move|p2a: Walking Wake|Draco Meteor|p1a: Volcanion
|-damage|p1a: Volcanion|0 fnt
|-unboost|p2a: Walking Wake|spa|2
|faint|p1a: Volcanion
|
|-weather|none
|upkeep
|
|t:|1781497773
|switch|p1a: Moltres|Moltres-Galar|100/100
|-damage|p1a: Moltres|76/100|[from] Stealth Rock
|turn|21
|
|t:|1781497778
|-end|p2a: Walking Wake|Protosynthesis|[silent]
|switch|p2a: Raging Bolt|Raging Bolt|52/100
|move|p1a: Moltres|Agility|p1a: Moltres
|-boost|p1a: Moltres|spe|2
|
|upkeep
|turn|22
|
|t:|1781497784
|-terastallize|p1a: Moltres|Poison
|move|p1a: Moltres|Agility|p1a: Moltres
|-boost|p1a: Moltres|spe|2
|move|p2a: Raging Bolt|Volt Switch|p1a: Moltres
|-damage|p1a: Moltres|36/100
|-ability|p1a: Moltres|Berserk|boost
|-boost|p1a: Moltres|spa|1
|-enditem|p1a: Moltres|Sitrus Berry|[eat]
|-heal|p1a: Moltres|61/100|[from] item: Sitrus Berry
|
|t:|1781497798
|-end|p2a: Raging Bolt|Protosynthesis|[silent]
|switch|p2a: Rillaboom|Rillaboom, F|100/100|[from] Volt Switch
|-fieldstart|move: Grassy Terrain|[from] ability: Grassy Surge|[of] p2a: Rillaboom
|
|-heal|p1a: Moltres|67/100|[from] Grassy Terrain
|upkeep
|turn|23
|
|t:|1781497804
|move|p2a: Rillaboom|Grassy Glide|p1a: Moltres
|-resisted|p1a: Moltres
|-damage|p1a: Moltres|40/100
|-ability|p1a: Moltres|Berserk|boost
|-boost|p1a: Moltres|spa|1
|move|p1a: Moltres|Hurricane|p2a: Rillaboom|[miss]
|-miss|p1a: Moltres|p2a: Rillaboom
|
|-heal|p1a: Moltres|47/100|[from] Grassy Terrain
|upkeep
|turn|24
|
|t:|1781497811
|-terastallize|p2a: Rillaboom|Grass
|move|p2a: Rillaboom|Grassy Glide|p1a: Moltres
|-resisted|p1a: Moltres
|-damage|p1a: Moltres|11/100
|move|p1a: Moltres|Hurricane|p2a: Rillaboom|[miss]
|-miss|p1a: Moltres|p2a: Rillaboom
|
|-heal|p1a: Moltres|17/100|[from] Grassy Terrain
|upkeep
|turn|25
|c|☆buhuifeihhh|what
|
|t:|1781497839
|move|p2a: Rillaboom|Grassy Glide|p1a: Moltres
|-resisted|p1a: Moltres
|-damage|p1a: Moltres|0 fnt
|faint|p1a: Moltres
|
|upkeep
|
|t:|1781497847
|switch|p1a: Heatran|Heatran, F|71/100
|-damage|p1a: Heatran|58/100|[from] Stealth Rock
|turn|26
|c|☆FireSide_01|mb
|
|t:|1781497857
|switch|p2a: Walking Wake|Walking Wake|57/100
|move|p1a: Heatran|Earth Power|p2a: Walking Wake
|-damage|p2a: Walking Wake|16/100
|
|-heal|p2a: Walking Wake|22/100|[from] Grassy Terrain
|-heal|p1a: Heatran|65/100|[from] Grassy Terrain
|-heal|p1a: Heatran|71/100|[from] item: Leftovers
|-fieldend|move: Grassy Terrain
|upkeep
|turn|27
|
|t:|1781497866
|move|p1a: Heatran|Protect|p1a: Heatran
|-singleturn|p1a: Heatran|Protect
|move|p2a: Walking Wake|Hydro Steam|p1a: Heatran
|-activate|p1a: Heatran|move: Protect
|
|-heal|p1a: Heatran|77/100|[from] item: Leftovers
|upkeep
|turn|28
|
|t:|1781497870
|switch|p1a: Tyranitar|Tyranitar, F|85/100
|-damage|p1a: Tyranitar|72/100|[from] Stealth Rock
|-weather|Sandstorm|[from] ability: Sand Stream|[of] p1a: Tyranitar
|move|p2a: Walking Wake|Hydro Steam|p1a: Tyranitar
|-supereffective|p1a: Tyranitar
|-damage|p1a: Tyranitar|28/100
|
|-weather|Sandstorm|[upkeep]
|-damage|p2a: Walking Wake|16/100|[from] Sandstorm
|upkeep
|turn|29
|-message|buhuifeihhh forfeited.
|
|win|FireSide_01
|raw|buhuifeihhh's rating: 1555 &rarr; <strong>1539</strong><br />(-16 for losing)
|raw|FireSide_01's rating: 1623 &rarr; <strong>1639</strong><br />(+16 for winning)
|l|☆buhuifeihhh
|player|p1|
|l|☆FireSide_01
|player|p2|
