|j|☆kemious
|j|☆Iggy Sent Me
|t:|1781494004
|gametype|singles
|player|p1|kemious|265|1548
|player|p2|Iggy Sent Me|veteran|1509
|gen|9
|tier|[Gen 9] OU
|rated|
|rule|HP Percentage Mod: HP is shown in percentages
|rule|Endless Battle Clause: Forcing endless battles is banned
|rule|Species Clause: Limit one of each Pokémon
|rule|OHKO Clause: OHKO moves are banned
|rule|Evasion Items Clause: Evasion items are banned
|rule|Evasion Moves Clause: Evasion moves are banned
|rule|Evasion Abilities Clause: Evasion abilities are banned
|rule|Sleep Moves Clause: Sleep-inducing moves are banned
|clearpoke
|poke|p1|Chesnaught, M|
|poke|p1|Gastrodon, F|
|poke|p1|Kilowattrel, M|
|poke|p1|Glimmora, F|
|poke|p1|Ceruledge, M|
|poke|p1|Goodra-Hisui, F|
|poke|p2|Rotom-Heat|
|poke|p2|Garchomp, F|
|poke|p2|Tornadus-Therian, M|
|poke|p2|Hatterene, F|
|poke|p2|Great Tusk|
|poke|p2|Darkrai|
|teampreview
|inactive|Battle timer is ON: inactive players will automatically lose when time's up. (requested by Iggy Sent Me)
|
|t:|1781494019
|teamsize|p1|6
|teamsize|p2|6
|start
|switch|p1a: Gastrodon|Gastrodon, F|100/100
|switch|p2a: Rotom|Rotom-Heat|100/100
|turn|1
|
|t:|1781494033
|switch|p2a: Hatterene|Hatterene, F|100/100
|move|p1a: Gastrodon|Spikes|p2a: Hatterene
|move|p2a: Hatterene|Spikes|p1a: Gastrodon|[from] ability: Magic Bounce
|-sidestart|p1: kemious|Spikes
|
|upkeep
|turn|2
|
|t:|1781494040
|move|p1a: Gastrodon|Earth Power|p2a: Hatterene
|-damage|p2a: Hatterene|65/100
|move|p2a: Hatterene|Psychic Noise|p1a: Gastrodon
|-damage|p1a: Gastrodon|75/100
|-start|p1a: Gastrodon|move: Heal Block
|
|-heal|p2a: Hatterene|71/100|[from] item: Leftovers
|upkeep
|turn|3
|
|t:|1781494050
|move|p1a: Gastrodon|Earth Power|p2a: Hatterene
|-damage|p2a: Hatterene|40/100
|move|p2a: Hatterene|Psychic Noise|p1a: Gastrodon
|-damage|p1a: Gastrodon|52/100
|
|-heal|p2a: Hatterene|46/100|[from] item: Leftovers
|-end|p1a: Gastrodon|move: Heal Block
|upkeep
|turn|4
|
|t:|1781494055
|move|p1a: Gastrodon|Earth Power|p2a: Hatterene
|-damage|p2a: Hatterene|10/100
|-unboost|p2a: Hatterene|spd|1
|move|p2a: Hatterene|Pain Split|p1a: Gastrodon
|-sethp|p1a: Gastrodon|30/100|[from] move: Pain Split|[silent]
|-sethp|p2a: Hatterene|40/100|[from] move: Pain Split
|
|-heal|p1a: Gastrodon|36/100|[from] item: Leftovers
|-heal|p2a: Hatterene|46/100|[from] item: Leftovers
|upkeep
|turn|5
|
|t:|1781494065
|switch|p2a: Great Tusk|Great Tusk|100/100
|move|p1a: Gastrodon|Surf|p2a: Great Tusk
|-supereffective|p2a: Great Tusk
|-damage|p2a: Great Tusk|48/100
|
|-heal|p1a: Gastrodon|42/100|[from] item: Leftovers
|upkeep
|turn|6
|
|t:|1781494077
|switch|p1a: Kilowattrel|Kilowattrel, M, shiny|100/100
|move|p2a: Great Tusk|Headlong Rush|p1a: Kilowattrel
|-immune|p1a: Kilowattrel
|
|upkeep
|turn|7
|
|t:|1781494085
|-end|p2a: Great Tusk|Protosynthesis|[silent]
|switch|p2a: Rotom|Rotom-Heat|100/100
|move|p1a: Kilowattrel|Air Slash|p2a: Rotom
|-resisted|p2a: Rotom
|-damage|p2a: Rotom|79/100
|
|upkeep
|turn|8
|
|t:|1781494091
|move|p2a: Rotom|Overheat|p1a: Kilowattrel
|-damage|p1a: Kilowattrel|0 fnt
|-unboost|p2a: Rotom|spa|2
|faint|p1a: Kilowattrel
|
|upkeep
|
|t:|1781494097
|switch|p1a: Ceruledge|Ceruledge, M|100/100
|turn|9
|
|t:|1781494105
|switch|p2a: Garchomp|Garchomp, F|100/100
|move|p1a: Ceruledge|Swords Dance|p1a: Ceruledge
|-boost|p1a: Ceruledge|atk|2
|
|upkeep
|turn|10
|
|t:|1781494112
|move|p1a: Ceruledge|Bitter Blade|p2a: Garchomp
|-resisted|p2a: Garchomp
|-damage|p2a: Garchomp|67/100
|-damage|p1a: Ceruledge|88/100|[from] ability: Rough Skin|[of] p2a: Garchomp
|-damage|p1a: Ceruledge|72/100|[from] item: Rocky Helmet|[of] p2a: Garchomp
|move|p2a: Garchomp|Dragon Tail|p1a: Ceruledge
|-damage|p1a: Ceruledge|43/100
|drag|p1a: Glimmora|Glimmora, F|100/100
|-damage|p1a: Glimmora|88/100|[from] Spikes
|
|upkeep
|turn|11
|
|t:|1781494123
|switch|p1a: Chesnaught|Chesnaught, M|100/100
|-damage|p1a: Chesnaught|88/100|[from] Spikes
|move|p2a: Garchomp|Earthquake|p1a: Chesnaught
|-resisted|p1a: Chesnaught
|-damage|p1a: Chesnaught|76/100
|
|-heal|p1a: Chesnaught|82/100|[from] item: Leftovers
|upkeep
|turn|12
|
|t:|1781494130
|move|p2a: Garchomp|Stealth Rock|p1a: Chesnaught
|-sidestart|p1: kemious|move: Stealth Rock
|move|p1a: Chesnaught|Knock Off|p2a: Garchomp
|-damage|p2a: Garchomp|50/100
|-damage|p1a: Chesnaught|69/100|[from] ability: Rough Skin|[of] p2a: Garchomp
|-damage|p1a: Chesnaught|53/100|[from] item: Rocky Helmet|[of] p2a: Garchomp
|-enditem|p2a: Garchomp|Rocky Helmet|[from] move: Knock Off|[of] p1a: Chesnaught
|
|-heal|p1a: Chesnaught|59/100|[from] item: Leftovers
|upkeep
|turn|13
|
|t:|1781494138
|move|p1a: Chesnaught|Leech Seed|p2a: Garchomp
|-start|p2a: Garchomp|move: Leech Seed
|move|p2a: Garchomp|Dragon Tail|p1a: Chesnaught
|-damage|p1a: Chesnaught|41/100
|drag|p1a: Glimmora|Glimmora, F|88/100
|-damage|p1a: Glimmora|76/100|[from] Spikes
|-damage|p1a: Glimmora|63/100|[from] Stealth Rock
|
|-damage|p2a: Garchomp|38/100|[from] Leech Seed|[of] p1a: Glimmora
|-heal|p1a: Glimmora|77/100|[silent]
|upkeep
|turn|14
|
|t:|1781494147
|move|p2a: Garchomp|Earthquake|p1a: Glimmora
|-supereffective|p1a: Glimmora
|-damage|p1a: Glimmora|0 fnt
|-activate|p1a: Glimmora|ability: Toxic Debris
|-sidestart|p2: Iggy Sent Me|move: Toxic Spikes
|faint|p1a: Glimmora
|
|upkeep
|-message|kemious forfeited.
|
|win|Iggy Sent Me
|raw|kemious's rating: 1548 &rarr; <strong>1526</strong><br />(-22 for losing)
|raw|Iggy Sent Me's rating: 1509 &rarr; <strong>1531</strong><br />(+22 for winning)
|l|☆kemious
|player|p1|
|l|☆Iggy Sent Me
|player|p2|
