|j|☆thegreatestnone
|j|☆Teefryingpan
|t:|1781488001
|gametype|singles
|player|p1|thegreatestnone|102|1618
|player|p2|Teefryingpan|265|1590
|gen|9
|tier|[Gen 9] OU
|rated|
|rule|HP Percentage Mod: HP is shown in percentages
|rule|Endless Battle Clause: Forcing endless battles is banned
|rule|Species Clause: Limit one of each Pokémon
|rule|OHKO Clause: OHKO moves are banned
|rule|Evasion Items Clause: Evasion items are banned
|rule|Evasion Moves Clause: Evasion moves are banned
|rule|Evasion Abilities Clause: Evasion abilities are banned
|rule|Sleep Moves Clause: Sleep-inducing moves are banned
|clearpoke
|poke|p1|Pawmot, F|
|poke|p1|Ting-Lu|
|poke|p1|Skeledirge, M|
|poke|p1|Greninja-*, M|
|poke|p1|Weezing-Galar, F|
|poke|p1|Slowking, M|
|poke|p2|Samurott-Hisui, F|
|poke|p2|Dragapult, F|
|poke|p2|Enamorus, F|
|poke|p2|Scizor, F|
|poke|p2|Iron Treads|
|poke|p2|Ogerpon-Wellspring, F|
|teampreview
|inactive|Battle timer is ON: inactive players will automatically lose when time's up. (requested by Teefryingpan)
|
|t:|1781488021
|teamsize|p1|6
|teamsize|p2|6
|start
|switch|p1a: Weezing|Weezing-Galar, F|100/100
|switch|p2a: Dragapult|Dragapult, F|100/100
|turn|1
|
|t:|1781488025
|move|p2a: Dragapult|U-turn|p1a: Weezing
|-resisted|p1a: Weezing
|-damage|p1a: Weezing|98/100
|
|t:|1781488027
|switch|p2a: Enamorus|Enamorus, F|100/100|[from] U-turn
|move|p1a: Weezing|Will-O-Wisp|p2a: Enamorus
|-status|p2a: Enamorus|brn
|
|-heal|p1a: Weezing|100/100|[from] item: Leftovers
|-damage|p2a: Enamorus|94/100 brn|[from] brn
|upkeep
|turn|2
|
|t:|1781488043
|switch|p2a: Scizor|Scizor, F|100/100
|move|p1a: Weezing|Sludge Bomb|p2a: Scizor
|-immune|p2a: Scizor
|
|upkeep
|turn|3
|
|t:|1781488048
|move|p2a: Scizor|U-turn|p1a: Weezing
|-resisted|p1a: Weezing
|-damage|p1a: Weezing|89/100
|
|t:|1781488052
|switch|p2a: Dragapult|Dragapult, F|100/100|[from] U-turn
|move|p1a: Weezing|Will-O-Wisp|p2a: Dragapult
|-status|p2a: Dragapult|brn
|
|-heal|p1a: Weezing|95/100|[from] item: Leftovers
|-damage|p2a: Dragapult|95/100 brn|[from] brn
|upkeep
|turn|4
|
|t:|1781488074
|move|p2a: Dragapult|U-turn|p1a: Weezing
|-resisted|p1a: Weezing
|-damage|p1a: Weezing|94/100
|
|t:|1781488076
|switch|p2a: Enamorus|Enamorus, F|94/100 brn|[from] U-turn
|move|p1a: Weezing|Sludge Bomb|p2a: Enamorus
|-supereffective|p2a: Enamorus
|-damage|p2a: Enamorus|6/100 brn
|
|-heal|p1a: Weezing|99/100|[from] item: Leftovers
|-damage|p2a: Enamorus|0 fnt|[from] brn
|faint|p2a: Enamorus
|upkeep
|
|t:|1781488081
|switch|p2a: Dragapult|Dragapult, F|95/100 brn
|turn|5
|
|t:|1781488097
|switch|p1a: Ting-Lu|Ting-Lu|100/100
|-ability|p1a: Ting-Lu|Vessel of Ruin
|move|p2a: Dragapult|Shadow Ball|p1a: Ting-Lu
|-resisted|p1a: Ting-Lu
|-damage|p1a: Ting-Lu|90/100
|
|-heal|p1a: Ting-Lu|96/100|[from] item: Leftovers
|-damage|p2a: Dragapult|89/100 brn|[from] brn
|upkeep
|turn|6
|
|t:|1781488101
|switch|p2a: Samurott|Samurott-Hisui, F|100/100
|move|p1a: Ting-Lu|Ruination|p2a: Samurott
|-damage|p2a: Samurott|51/100
|
|-heal|p1a: Ting-Lu|100/100|[from] item: Leftovers
|upkeep
|turn|7
|
|t:|1781488105
|switch|p1a: Weezing|Weezing-Galar, F|99/100
|move|p2a: Samurott|Aqua Cutter|p1a: Weezing
|-damage|p1a: Weezing|68/100
|
|-heal|p1a: Weezing|74/100|[from] item: Leftovers
|upkeep
|turn|8
|
|t:|1781488116
|switch|p2a: Dragapult|Dragapult, F|89/100 brn
|move|p1a: Weezing|Will-O-Wisp|p2a: Dragapult|[miss]
|-miss|p1a: Weezing|p2a: Dragapult
|
|-heal|p1a: Weezing|80/100|[from] item: Leftovers
|-damage|p2a: Dragapult|83/100 brn|[from] brn
|upkeep
|turn|9
|
|t:|1781488120
|move|p2a: Dragapult|Shadow Ball|p1a: Weezing
|-damage|p1a: Weezing|10/100
|move|p1a: Weezing|Sludge Bomb|p2a: Dragapult
|-resisted|p2a: Dragapult
|-damage|p2a: Dragapult|61/100 brn
|
|-heal|p1a: Weezing|16/100|[from] item: Leftovers
|-damage|p2a: Dragapult|55/100 brn|[from] brn
|upkeep
|turn|10
|
|t:|1781488125
|switch|p2a: Samurott|Samurott-Hisui, F|51/100
|switch|p1a: Ting-Lu|Ting-Lu|100/100
|-ability|p1a: Ting-Lu|Vessel of Ruin
|
|upkeep
|turn|11
|
|t:|1781488129
|switch|p1a: Weezing|Weezing-Galar, F|16/100
|move|p2a: Samurott|Aqua Cutter|p1a: Weezing
|-damage|p1a: Weezing|0 fnt
|faint|p1a: Weezing
|
|upkeep
|
|t:|1781488131
|switch|p1a: Pawmot|Pawmot, F|100/100
|turn|12
|
|t:|1781488140
|switch|p2a: Dragapult|Dragapult, F|55/100 brn
|move|p1a: Pawmot|Supercell Slam|p2a: Dragapult
|-resisted|p2a: Dragapult
|-damage|p2a: Dragapult|18/100 brn
|
|-damage|p2a: Dragapult|12/100 brn|[from] brn
|upkeep
|turn|13
|
|t:|1781488146
|move|p1a: Pawmot|Supercell Slam|p2a: Dragapult
|-resisted|p2a: Dragapult
|-damage|p2a: Dragapult|0 fnt
|faint|p2a: Dragapult
|
|upkeep
|
|t:|1781488147
|switch|p2a: Iron Treads|Iron Treads|100/100
|turn|14
|
|t:|1781488155
|switch|p1a: Ting-Lu|Ting-Lu|100/100
|-ability|p1a: Ting-Lu|Vessel of Ruin
|-end|p2a: Iron Treads|Quark Drive|[silent]
|switch|p2a: Samurott|Samurott-Hisui, F|51/100
|
|upkeep
|turn|15
|
|t:|1781488159
|move|p2a: Samurott|Aqua Cutter|p1a: Ting-Lu
|-supereffective|p1a: Ting-Lu
|-damage|p1a: Ting-Lu|50/100
|move|p1a: Ting-Lu|Earthquake|p2a: Samurott
|-damage|p2a: Samurott|2/100
|
|-heal|p1a: Ting-Lu|57/100|[from] item: Leftovers
|upkeep
|turn|16
|
|t:|1781488168
|move|p2a: Samurott|Aqua Cutter|p1a: Ting-Lu
|-supereffective|p1a: Ting-Lu
|-damage|p1a: Ting-Lu|5/100
|move|p1a: Ting-Lu|Earthquake|p2a: Samurott
|-damage|p2a: Samurott|0 fnt
|faint|p2a: Samurott
|
|-heal|p1a: Ting-Lu|11/100|[from] item: Leftovers
|upkeep
|
|t:|1781488177
|switch|p2a: Scizor|Scizor, F|100/100
|turn|17
|
|t:|1781488189
|move|p2a: Scizor|U-turn|p1a: Ting-Lu
|-supereffective|p1a: Ting-Lu
|-damage|p1a: Ting-Lu|0 fnt
|faint|p1a: Ting-Lu
|
|t:|1781488193
|switch|p2a: Ogerpon|Ogerpon-Wellspring, F|100/100|[from] U-turn
|
|upkeep
|
|t:|1781488215
|switch|p1a: Greninja|Greninja, M|100/100
|turn|18
|
|t:|1781488222
|move|p1a: Greninja|Ice Beam|p2a: Ogerpon
|-start|p1a: Greninja|typechange|Ice|[from] ability: Protean
|-damage|p2a: Ogerpon|33/100
|move|p2a: Ogerpon|Power Whip|p1a: Greninja
|-crit|p1a: Greninja
|-damage|p1a: Greninja|0 fnt
|faint|p1a: Greninja
|
|upkeep
|
|t:|1781488236
|switch|p1a: Pawmot|Pawmot, F|100/100
|turn|19
|
|t:|1781488243
|switch|p2a: Scizor|Scizor, F|100/100
|move|p1a: Pawmot|Close Combat|p2a: Scizor
|-damage|p2a: Scizor|40/100
|-unboost|p1a: Pawmot|def|1
|-unboost|p1a: Pawmot|spd|1
|
|upkeep
|turn|20
|
|t:|1781488249
|move|p2a: Scizor|Bullet Punch|p1a: Pawmot
|-resisted|p1a: Pawmot
|-damage|p1a: Pawmot|42/100
|move|p1a: Pawmot|Close Combat|p2a: Scizor
|-damage|p2a: Scizor|0 fnt
|-unboost|p1a: Pawmot|def|1
|-unboost|p1a: Pawmot|spd|1
|faint|p2a: Scizor
|
|upkeep
|
|t:|1781488254
|switch|p2a: Iron Treads|Iron Treads|100/100
|turn|21
|
|t:|1781488264
|switch|p1a: Slowking|Slowking, M|100/100
|-terastallize|p2a: Iron Treads|Ghost
|move|p2a: Iron Treads|Earthquake|p1a: Slowking
|-damage|p1a: Slowking|58/100
|
|upkeep
|turn|22
|
|t:|1781488268
|move|p2a: Iron Treads|Stealth Rock|p1a: Slowking
|-sidestart|p1: thegreatestnone|move: Stealth Rock
|-prepare|p1a: Slowking|Chilly Reception|[premajor]
|move|p1a: Slowking|Chilly Reception|p1a: Slowking
|-weather|Snowscape
|
|t:|1781488271
|switch|p1a: Skeledirge|Skeledirge, M|100/100|[from] Chilly Reception
|
|-weather|Snowscape|[upkeep]
|upkeep
|turn|23
|
|t:|1781488273
|-terastallize|p1a: Skeledirge|Water
|move|p2a: Iron Treads|Earthquake|p1a: Skeledirge
|-damage|p1a: Skeledirge|77/100
|move|p1a: Skeledirge|Will-O-Wisp|p2a: Iron Treads
|-status|p2a: Iron Treads|brn
|
|-weather|Snowscape|[upkeep]
|-damage|p2a: Iron Treads|94/100 brn|[from] brn
|upkeep
|turn|24
|
|t:|1781488277
|move|p2a: Iron Treads|Earthquake|p1a: Skeledirge
|-damage|p1a: Skeledirge|66/100
|move|p1a: Skeledirge|Hex|p2a: Iron Treads
|-supereffective|p2a: Iron Treads
|-damage|p2a: Iron Treads|0 fnt
|faint|p2a: Iron Treads
|-end|p2a: Iron Treads|Quark Drive|[silent]
|
|-weather|Snowscape|[upkeep]
|upkeep
|
|t:|1781488278
|switch|p2a: Ogerpon|Ogerpon-Wellspring, F|33/100
|turn|25
|
|t:|1781488280
|move|p2a: Ogerpon|Power Whip|p1a: Skeledirge
|-supereffective|p1a: Skeledirge
|-damage|p1a: Skeledirge|0 fnt
|faint|p1a: Skeledirge
|
|-weather|Snowscape|[upkeep]
|upkeep
|
|t:|1781488283
|switch|p1a: Pawmot|Pawmot, F|42/100
|-damage|p1a: Pawmot|36/100|[from] Stealth Rock
|turn|26
|
|t:|1781488285
|move|p1a: Pawmot|Close Combat|p2a: Ogerpon
|-damage|p2a: Ogerpon|0 fnt
|-unboost|p1a: Pawmot|def|1
|-unboost|p1a: Pawmot|spd|1
|faint|p2a: Ogerpon
|
|win|thegreatestnone
|raw|thegreatestnone's rating: 1618 &rarr; <strong>1636</strong><br />(+18 for winning)
|raw|Teefryingpan's rating: 1590 &rarr; <strong>1572</strong><br />(-18 for losing)
|l|☆thegreatestnone
|player|p1|
