|j|☆volc1877
|j|☆sparky1218
|t:|1781533851
|gametype|singles
|player|p1|volc1877|2|1612
|player|p2|sparky1218|101|1615
|gen|9
|tier|[Gen 9] OU
|rated|
|rule|HP Percentage Mod: HP is shown in percentages
|rule|Endless Battle Clause: Forcing endless battles is banned
|rule|Species Clause: Limit one of each Pokémon
|rule|OHKO Clause: OHKO moves are banned
|rule|Evasion Items Clause: Evasion items are banned
|rule|Evasion Moves Clause: Evasion moves are banned
|rule|Evasion Abilities Clause: Evasion abilities are banned
|rule|Sleep Moves Clause: Sleep-inducing moves are banned
|clearpoke
|poke|p1|Pelipper, M|
|poke|p1|Volcanion|
|poke|p1|Barraskewda, M|
|poke|p1|Iron Treads|
|poke|p1|Slither Wing|
|poke|p1|Tornadus-Therian, M|
|poke|p2|Garganacl, M|
|poke|p2|Zapdos|
|poke|p2|Great Tusk|
|poke|p2|Tornadus-Therian, M|
|poke|p2|Primarina, F|
|poke|p2|Kingambit, M|
|teampreview
|
|t:|1781533873
|teamsize|p1|6
|teamsize|p2|6
|start
|switch|p1a: Pelipper|Pelipper, M|100/100
|switch|p2a: Primarina|Primarina, F|100/100
|-weather|RainDance|[from] ability: Drizzle|[of] p1a: Pelipper
|turn|1
|
|t:|1781533886
|move|p2a: Primarina|Surf|p1a: Pelipper
|-resisted|p1a: Pelipper
|-damage|p1a: Pelipper|47/100
|move|p1a: Pelipper|U-turn|p2a: Primarina
|-resisted|p2a: Primarina
|-damage|p2a: Primarina|96/100
|
|t:|1781533890
|switch|p1a: Volcanion|Volcanion|100/100|[from] U-turn
|
|-weather|RainDance|[upkeep]
|upkeep
|turn|2
|
|t:|1781533904
|move|p1a: Volcanion|Sludge Bomb|p2a: Primarina
|-supereffective|p2a: Primarina
|-damage|p2a: Primarina|59/100
|move|p2a: Primarina|Psychic Noise|p1a: Volcanion
|-damage|p1a: Volcanion|64/100
|-start|p1a: Volcanion|move: Heal Block
|
|-weather|RainDance|[upkeep]
|upkeep
|turn|3
|
|t:|1781533925
|move|p1a: Volcanion|Sludge Bomb|p2a: Primarina
|-supereffective|p2a: Primarina
|-damage|p2a: Primarina|17/100
|move|p2a: Primarina|Draining Kiss|p1a: Volcanion
|-resisted|p1a: Volcanion
|-damage|p1a: Volcanion|47/100
|-heal|p2a: Primarina|27/100|[from] drain|[of] p1a: Volcanion
|
|-weather|RainDance|[upkeep]
|-end|p1a: Volcanion|move: Heal Block
|upkeep
|turn|4
|j| newhere1310
|
|t:|1781533944
|switch|p2a: Zapdos|Zapdos|100/100
|move|p1a: Volcanion|Sludge Bomb|p2a: Zapdos
|-damage|p2a: Zapdos|76/100
|
|-weather|RainDance|[upkeep]
|upkeep
|turn|5
|
|t:|1781533956
|switch|p1a: Iron Treads|Iron Treads|100/100
|move|p2a: Zapdos|Roost|p2a: Zapdos
|-heal|p2a: Zapdos|100/100
|-singleturn|p2a: Zapdos|move: Roost
|
|-weather|RainDance|[upkeep]
|upkeep
|turn|6
|
|t:|1781533967
|switch|p2a: Tornadus|Tornadus-Therian, M|100/100
|move|p1a: Iron Treads|Stealth Rock|p2a: Tornadus
|-sidestart|p2: sparky1218|move: Stealth Rock
|
|-weather|RainDance|[upkeep]
|upkeep
|turn|7
|
|t:|1781533973
|move|p2a: Tornadus|Nasty Plot|p2a: Tornadus
|-boost|p2a: Tornadus|spa|2
|move|p1a: Iron Treads|Volt Switch|p2a: Tornadus
|-supereffective|p2a: Tornadus
|-damage|p2a: Tornadus|78/100
|
|t:|1781533975
|-end|p1a: Iron Treads|Quark Drive|[silent]
|switch|p1a: Barraskewda|Barraskewda, M|100/100|[from] Volt Switch
|
|-weather|RainDance|[upkeep]
|upkeep
|turn|8
|
|t:|1781533990
|switch|p2a: Primarina|Primarina, F|27/100
|-damage|p2a: Primarina|15/100|[from] Stealth Rock
|move|p1a: Barraskewda|Flip Turn|p2a: Primarina
|-resisted|p2a: Primarina
|-damage|p2a: Primarina|0 fnt
|faint|p2a: Primarina
|
|t:|1781533998
|switch|p1a: Tornadus|Tornadus-Therian, M|100/100|[from] Flip Turn
|
|-weather|none
|upkeep
|
|t:|1781534003
|switch|p2a: Garganacl|Garganacl, M|100/100
|-damage|p2a: Garganacl|88/100|[from] Stealth Rock
|turn|9
|
|t:|1781534013
|switch|p1a: Iron Treads|Iron Treads|100/100
|move|p2a: Garganacl|Salt Cure|p1a: Iron Treads
|-resisted|p1a: Iron Treads
|-damage|p1a: Iron Treads|98/100
|-start|p1a: Iron Treads|Salt Cure
|
|-heal|p1a: Iron Treads|100/100|[from] item: Leftovers
|-heal|p2a: Garganacl|94/100|[from] item: Leftovers
|-damage|p1a: Iron Treads|75/100|[from] Salt Cure
|upkeep
|turn|10
|
|t:|1781534021
|move|p1a: Iron Treads|Earthquake|p2a: Garganacl
|-supereffective|p2a: Garganacl
|-damage|p2a: Garganacl|48/100
|move|p2a: Garganacl|Stealth Rock|p1a: Iron Treads
|-sidestart|p1: volc1877|move: Stealth Rock
|
|-heal|p1a: Iron Treads|82/100|[from] item: Leftovers
|-heal|p2a: Garganacl|54/100|[from] item: Leftovers
|-damage|p1a: Iron Treads|57/100|[from] Salt Cure
|upkeep
|turn|11
|
|t:|1781534033
|-end|p1a: Iron Treads|Quark Drive|[silent]
|switch|p1a: Pelipper|Pelipper, M|47/100
|-damage|p1a: Pelipper|22/100|[from] Stealth Rock
|-weather|RainDance|[from] ability: Drizzle|[of] p1a: Pelipper
|move|p2a: Garganacl|Recover|p2a: Garganacl
|-heal|p2a: Garganacl|100/100
|
|-weather|RainDance|[upkeep]
|upkeep
|turn|12
|
|t:|1781534045
|-terastallize|p2a: Garganacl|Water
|move|p1a: Pelipper|Roost|p1a: Pelipper
|-heal|p1a: Pelipper|72/100
|-singleturn|p1a: Pelipper|move: Roost
|move|p2a: Garganacl|Salt Cure|p1a: Pelipper
|-damage|p1a: Pelipper|61/100
|-start|p1a: Pelipper|Salt Cure
|
|-weather|RainDance|[upkeep]
|-damage|p1a: Pelipper|37/100|[from] Salt Cure
|upkeep
|turn|13
|
|t:|1781534055
|move|p1a: Pelipper|Roost|p1a: Pelipper
|-heal|p1a: Pelipper|87/100
|-singleturn|p1a: Pelipper|move: Roost
|move|p2a: Garganacl|Salt Cure|p1a: Pelipper
|-damage|p1a: Pelipper|77/100
|
|-weather|RainDance|[upkeep]
|-damage|p1a: Pelipper|52/100|[from] Salt Cure
|upkeep
|turn|14
|
|t:|1781534067
|move|p1a: Pelipper|U-turn|p2a: Garganacl
|-damage|p2a: Garganacl|95/100
|
|t:|1781534070
|switch|p1a: Slither Wing|Slither Wing|100/100|[from] U-turn
|-damage|p1a: Slither Wing|88/100|[from] Stealth Rock
|move|p2a: Garganacl|Salt Cure|p1a: Slither Wing
|-crit|p1a: Slither Wing
|-damage|p1a: Slither Wing|72/100
|-start|p1a: Slither Wing|Salt Cure
|
|-weather|RainDance|[upkeep]
|-heal|p2a: Garganacl|100/100|[from] item: Leftovers
|-damage|p1a: Slither Wing|60/100|[from] Salt Cure
|upkeep
|turn|15
|
|t:|1781534085
|move|p2a: Garganacl|Protect|p2a: Garganacl
|-singleturn|p2a: Garganacl|Protect
|move|p1a: Slither Wing|Close Combat|p2a: Garganacl
|-activate|p2a: Garganacl|move: Protect
|
|-weather|RainDance|[upkeep]
|-damage|p1a: Slither Wing|47/100|[from] Salt Cure
|upkeep
|turn|16
|
|t:|1781534093
|move|p1a: Slither Wing|Morning Sun|p1a: Slither Wing
|-heal|p1a: Slither Wing|97/100
|move|p2a: Garganacl|Recover||[still]
|-fail|p2a: Garganacl|heal
|
|-weather|RainDance|[upkeep]
|-damage|p1a: Slither Wing|85/100|[from] Salt Cure
|upkeep
|turn|17
|
|t:|1781534107
|move|p1a: Slither Wing|Close Combat|p2a: Garganacl
|-damage|p2a: Garganacl|67/100
|-unboost|p1a: Slither Wing|def|1
|-unboost|p1a: Slither Wing|spd|1
|move|p2a: Garganacl|Salt Cure|p1a: Slither Wing
|-damage|p1a: Slither Wing|69/100
|
|-weather|RainDance|[upkeep]
|-heal|p2a: Garganacl|73/100|[from] item: Leftovers
|-damage|p1a: Slither Wing|56/100|[from] Salt Cure
|upkeep
|turn|18
|l| newhere1310
|
|t:|1781534118
|move|p1a: Slither Wing|Morning Sun|p1a: Slither Wing
|-heal|p1a: Slither Wing|100/100
|move|p2a: Garganacl|Salt Cure|p1a: Slither Wing
|-damage|p1a: Slither Wing|83/100
|
|-weather|none
|-heal|p2a: Garganacl|79/100|[from] item: Leftovers
|-damage|p1a: Slither Wing|71/100|[from] Salt Cure
|upkeep
|turn|19
|
|t:|1781534126
|move|p1a: Slither Wing|U-turn|p2a: Garganacl
|-damage|p2a: Garganacl|60/100
|
|t:|1781534127
|-end|p1a: Slither Wing|Protosynthesis|[silent]
|switch|p1a: Iron Treads|Iron Treads|57/100|[from] U-turn
|-damage|p1a: Iron Treads|54/100|[from] Stealth Rock
|move|p2a: Garganacl|Salt Cure|p1a: Iron Treads
|-resisted|p1a: Iron Treads
|-damage|p1a: Iron Treads|51/100
|-start|p1a: Iron Treads|Salt Cure
|
|-heal|p1a: Iron Treads|58/100|[from] item: Leftovers
|-heal|p2a: Garganacl|66/100|[from] item: Leftovers
|-damage|p1a: Iron Treads|33/100|[from] Salt Cure
|upkeep
|turn|20
|
|t:|1781534139
|-end|p1a: Iron Treads|Quark Drive|[silent]
|switch|p1a: Slither Wing|Slither Wing|71/100
|-damage|p1a: Slither Wing|58/100|[from] Stealth Rock
|move|p2a: Garganacl|Protect||[still]
|-fail|p2a: Garganacl
|
|-heal|p2a: Garganacl|72/100|[from] item: Leftovers
|upkeep
|turn|21
|
|t:|1781534151
|move|p1a: Slither Wing|Close Combat|p2a: Garganacl
|-damage|p2a: Garganacl|38/100
|-unboost|p1a: Slither Wing|def|1
|-unboost|p1a: Slither Wing|spd|1
|move|p2a: Garganacl|Recover|p2a: Garganacl
|-heal|p2a: Garganacl|88/100
|
|-heal|p2a: Garganacl|94/100|[from] item: Leftovers
|upkeep
|turn|22
|
|t:|1781534160
|move|p1a: Slither Wing|Morning Sun|p1a: Slither Wing
|-heal|p1a: Slither Wing|100/100
|move|p2a: Garganacl|Salt Cure|p1a: Slither Wing
|-crit|p1a: Slither Wing
|-damage|p1a: Slither Wing|76/100
|-start|p1a: Slither Wing|Salt Cure
|
|-heal|p2a: Garganacl|100/100|[from] item: Leftovers
|-damage|p1a: Slither Wing|63/100|[from] Salt Cure
|upkeep
|turn|23
|
|t:|1781534168
|move|p1a: Slither Wing|U-turn|p2a: Garganacl
|-damage|p2a: Garganacl|81/100
|
|t:|1781534169
|-end|p1a: Slither Wing|Protosynthesis|[silent]
|switch|p1a: Iron Treads|Iron Treads|33/100|[from] U-turn
|-damage|p1a: Iron Treads|29/100|[from] Stealth Rock
|move|p2a: Garganacl|Salt Cure|p1a: Iron Treads
|-resisted|p1a: Iron Treads
|-damage|p1a: Iron Treads|27/100
|-start|p1a: Iron Treads|Salt Cure
|
|-heal|p1a: Iron Treads|33/100|[from] item: Leftovers
|-heal|p2a: Garganacl|87/100|[from] item: Leftovers
|-damage|p1a: Iron Treads|8/100|[from] Salt Cure
|upkeep
|turn|24
|
|t:|1781534183
|-end|p1a: Iron Treads|Quark Drive|[silent]
|switch|p1a: Tornadus|Tornadus-Therian, M|100/100
|-damage|p1a: Tornadus|76/100|[from] Stealth Rock
|move|p2a: Garganacl|Recover|p2a: Garganacl
|-heal|p2a: Garganacl|100/100
|
|upkeep
|turn|25
|
|t:|1781534194
|-terastallize|p1a: Tornadus|Steel
|move|p1a: Tornadus|Bleakwind Storm|p2a: Garganacl
|-damage|p2a: Garganacl|61/100
|-damage|p1a: Tornadus|66/100|[from] item: Life Orb
|move|p2a: Garganacl|Salt Cure|p1a: Tornadus
|-resisted|p1a: Tornadus
|-damage|p1a: Tornadus|56/100
|-start|p1a: Tornadus|Salt Cure
|
|-heal|p2a: Garganacl|67/100|[from] item: Leftovers
|-damage|p1a: Tornadus|31/100|[from] Salt Cure
|upkeep
|turn|26
|
|t:|1781534205
|switch|p1a: Slither Wing|Slither Wing|63/100
|-damage|p1a: Slither Wing|51/100|[from] Stealth Rock
|move|p2a: Garganacl|Recover|p2a: Garganacl
|-heal|p2a: Garganacl|100/100
|
|upkeep
|turn|27
|
|t:|1781534211
|move|p1a: Slither Wing|Morning Sun|p1a: Slither Wing
|-heal|p1a: Slither Wing|100/100
|move|p2a: Garganacl|Salt Cure|p1a: Slither Wing
|-damage|p1a: Slither Wing|90/100
|-start|p1a: Slither Wing|Salt Cure
|
|-damage|p1a: Slither Wing|78/100|[from] Salt Cure
|upkeep
|turn|28
|
|t:|1781534218
|-end|p1a: Slither Wing|Protosynthesis|[silent]
|switch|p1a: Tornadus|Tornadus-Therian, M, tera:Steel|64/100
|-damage|p1a: Tornadus|58/100|[from] Stealth Rock
|move|p2a: Garganacl|Salt Cure|p1a: Tornadus
|-resisted|p1a: Tornadus
|-damage|p1a: Tornadus|49/100
|-start|p1a: Tornadus|Salt Cure
|
|-damage|p1a: Tornadus|24/100|[from] Salt Cure
|upkeep
|turn|29
|j| Sanatan Dharma
|
|t:|1781534226
|switch|p1a: Slither Wing|Slither Wing|78/100
|-damage|p1a: Slither Wing|65/100|[from] Stealth Rock
|move|p2a: Garganacl|Salt Cure|p1a: Slither Wing
|-damage|p1a: Slither Wing|54/100
|-start|p1a: Slither Wing|Salt Cure
|
|-damage|p1a: Slither Wing|42/100|[from] Salt Cure
|upkeep
|turn|30
|
|t:|1781534234
|move|p1a: Slither Wing|Morning Sun|p1a: Slither Wing
|-heal|p1a: Slither Wing|92/100
|move|p2a: Garganacl|Salt Cure|p1a: Slither Wing
|-damage|p1a: Slither Wing|80/100
|
|-damage|p1a: Slither Wing|68/100|[from] Salt Cure
|upkeep
|turn|31
|
|t:|1781534253
|move|p1a: Slither Wing|Close Combat|p2a: Garganacl
|-damage|p2a: Garganacl|66/100
|-unboost|p1a: Slither Wing|def|1
|-unboost|p1a: Slither Wing|spd|1
|move|p2a: Garganacl|Salt Cure|p1a: Slither Wing
|-damage|p1a: Slither Wing|52/100
|
|-heal|p2a: Garganacl|72/100|[from] item: Leftovers
|-damage|p1a: Slither Wing|40/100|[from] Salt Cure
|upkeep
|turn|32
|
|t:|1781534263
|move|p1a: Slither Wing|Morning Sun|p1a: Slither Wing
|-heal|p1a: Slither Wing|90/100
|move|p2a: Garganacl|Salt Cure|p1a: Slither Wing
|-damage|p1a: Slither Wing|75/100
|
|-heal|p2a: Garganacl|79/100|[from] item: Leftovers
|-damage|p1a: Slither Wing|62/100|[from] Salt Cure
|upkeep
|turn|33
|
|t:|1781534270
|move|p1a: Slither Wing|U-turn|p2a: Garganacl
|-damage|p2a: Garganacl|59/100
|
|t:|1781534274
|-end|p1a: Slither Wing|Protosynthesis|[silent]
|switch|p1a: Tornadus|Tornadus-Therian, M, tera:Steel|57/100|[from] U-turn
|-damage|p1a: Tornadus|51/100|[from] Stealth Rock
|move|p2a: Garganacl|Salt Cure|p1a: Tornadus
|-resisted|p1a: Tornadus
|-crit|p1a: Tornadus
|-damage|p1a: Tornadus|37/100
|-start|p1a: Tornadus|Salt Cure
|
|-heal|p2a: Garganacl|65/100|[from] item: Leftovers
|-damage|p1a: Tornadus|13/100|[from] Salt Cure
|upkeep
|turn|34
|
|t:|1781534285
|switch|p1a: Slither Wing|Slither Wing|62/100
|-damage|p1a: Slither Wing|50/100|[from] Stealth Rock
|move|p2a: Garganacl|Salt Cure|p1a: Slither Wing
|-damage|p1a: Slither Wing|40/100
|-start|p1a: Slither Wing|Salt Cure
|
|-heal|p2a: Garganacl|71/100|[from] item: Leftovers
|-damage|p1a: Slither Wing|27/100|[from] Salt Cure
|upkeep
|turn|35
|
|t:|1781534297
|move|p1a: Slither Wing|Morning Sun|p1a: Slither Wing
|-heal|p1a: Slither Wing|77/100
|move|p2a: Garganacl|Salt Cure|p1a: Slither Wing
|-damage|p1a: Slither Wing|66/100
|
|-heal|p2a: Garganacl|78/100|[from] item: Leftovers
|-damage|p1a: Slither Wing|53/100|[from] Salt Cure
|upkeep
|turn|36
|
|t:|1781534305
|move|p1a: Slither Wing|U-turn|p2a: Garganacl
|-damage|p2a: Garganacl|57/100
|
|t:|1781534307
|-end|p1a: Slither Wing|Protosynthesis|[silent]
|switch|p1a: Iron Treads|Iron Treads|8/100|[from] U-turn
|-damage|p1a: Iron Treads|5/100|[from] Stealth Rock
|move|p2a: Garganacl|Recover|p2a: Garganacl
|-heal|p2a: Garganacl|100/100
|
|-heal|p1a: Iron Treads|11/100|[from] item: Leftovers
|upkeep
|turn|37
|
|t:|1781534314
|move|p1a: Iron Treads|Rapid Spin|p2a: Garganacl
|-damage|p2a: Garganacl|92/100
|-boost|p1a: Iron Treads|spe|1
|-sideend|p1: volc1877|Stealth Rock|[from] move: Rapid Spin|[of] p1a: Iron Treads
|move|p2a: Garganacl|Salt Cure|p1a: Iron Treads
|-resisted|p1a: Iron Treads
|-damage|p1a: Iron Treads|8/100
|-start|p1a: Iron Treads|Salt Cure
|
|-heal|p1a: Iron Treads|15/100|[from] item: Leftovers
|-heal|p2a: Garganacl|99/100|[from] item: Leftovers
|-damage|p1a: Iron Treads|0 fnt|[from] Salt Cure
|faint|p1a: Iron Treads
|-end|p1a: Iron Treads|Quark Drive|[silent]
|upkeep
|
|t:|1781534316
|switch|p1a: Tornadus|Tornadus-Therian, M, tera:Steel|46/100
|turn|38
|
|t:|1781534326
|switch|p1a: Slither Wing|Slither Wing|53/100
|move|p2a: Garganacl|Salt Cure|p1a: Slither Wing
|-damage|p1a: Slither Wing|43/100
|-start|p1a: Slither Wing|Salt Cure
|
|-heal|p2a: Garganacl|100/100|[from] item: Leftovers
|-damage|p1a: Slither Wing|31/100|[from] Salt Cure
|upkeep
|turn|39
|
|t:|1781534334
|move|p1a: Slither Wing|Morning Sun|p1a: Slither Wing
|-heal|p1a: Slither Wing|81/100
|move|p2a: Garganacl|Stealth Rock|p1a: Slither Wing
|-sidestart|p1: volc1877|move: Stealth Rock
|
|-damage|p1a: Slither Wing|68/100|[from] Salt Cure
|upkeep
|turn|40
|
|t:|1781534344
|move|p2a: Garganacl|Protect|p2a: Garganacl
|-singleturn|p2a: Garganacl|Protect
|move|p1a: Slither Wing|U-turn|p2a: Garganacl
|-activate|p2a: Garganacl|move: Protect
|
|-damage|p1a: Slither Wing|56/100|[from] Salt Cure
|upkeep
|turn|41
|
|t:|1781534360
|move|p1a: Slither Wing|U-turn|p2a: Garganacl
|-damage|p2a: Garganacl|80/100
|
|t:|1781534363
|-end|p1a: Slither Wing|Protosynthesis|[silent]
|switch|p1a: Tornadus|Tornadus-Therian, M, tera:Steel|79/100|[from] U-turn
|-damage|p1a: Tornadus|73/100|[from] Stealth Rock
|move|p2a: Garganacl|Salt Cure|p1a: Tornadus
|-resisted|p1a: Tornadus
|-damage|p1a: Tornadus|63/100
|-start|p1a: Tornadus|Salt Cure
|
|-heal|p2a: Garganacl|86/100|[from] item: Leftovers
|-damage|p1a: Tornadus|38/100|[from] Salt Cure
|upkeep
|turn|42
|
|t:|1781534374
|switch|p1a: Volcanion|Volcanion|47/100
|-damage|p1a: Volcanion|22/100|[from] Stealth Rock
|move|p2a: Garganacl|Salt Cure|p1a: Volcanion
|-supereffective|p1a: Volcanion
|-damage|p1a: Volcanion|0 fnt
|faint|p1a: Volcanion
|
|-heal|p2a: Garganacl|93/100|[from] item: Leftovers
|upkeep
|
|t:|1781534378
|switch|p1a: Pelipper|Pelipper, M|52/100
|-damage|p1a: Pelipper|27/100|[from] Stealth Rock
|-weather|RainDance|[from] ability: Drizzle|[of] p1a: Pelipper
|turn|43
|
|t:|1781534387
|move|p1a: Pelipper|Roost|p1a: Pelipper
|-heal|p1a: Pelipper|77/100
|-singleturn|p1a: Pelipper|move: Roost
|move|p2a: Garganacl|Salt Cure|p1a: Pelipper
|-damage|p1a: Pelipper|66/100
|-start|p1a: Pelipper|Salt Cure
|
|-weather|RainDance|[upkeep]
|-heal|p2a: Garganacl|99/100|[from] item: Leftovers
|-damage|p1a: Pelipper|41/100|[from] Salt Cure
|upkeep
|turn|44
|
|t:|1781534396
|switch|p1a: Barraskewda|Barraskewda, M|100/100
|-damage|p1a: Barraskewda|88/100|[from] Stealth Rock
|switch|p2a: Zapdos|Zapdos|100/100
|
|-weather|RainDance|[upkeep]
|upkeep
|turn|45
|
|t:|1781534408
|move|p1a: Barraskewda|Flip Turn|p2a: Zapdos
|-damage|p2a: Zapdos|31/100
|-status|p1a: Barraskewda|par|[from] ability: Static|[of] p2a: Zapdos
|
|t:|1781534410
|switch|p1a: Tornadus|Tornadus-Therian, M, tera:Steel|71/100|[from] Flip Turn
|-damage|p1a: Tornadus|65/100|[from] Stealth Rock
|move|p2a: Zapdos|Thunder Wave|p1a: Tornadus
|-status|p1a: Tornadus|par
|
|-weather|RainDance|[upkeep]
|upkeep
|turn|46
|
|t:|1781534421
|move|p2a: Zapdos|Roost|p2a: Zapdos
|-heal|p2a: Zapdos|81/100
|-singleturn|p2a: Zapdos|move: Roost
|move|p1a: Tornadus|Weather Ball|p2a: Zapdos
|-damage|p2a: Zapdos|39/100
|-damage|p1a: Tornadus|55/100 par|[from] item: Life Orb
|
|-weather|RainDance|[upkeep]
|upkeep
|turn|47
|
|t:|1781534437
|move|p2a: Zapdos|Roost|p2a: Zapdos
|-heal|p2a: Zapdos|89/100
|-singleturn|p2a: Zapdos|move: Roost
|cant|p1a: Tornadus|par
|
|-weather|RainDance|[upkeep]
|upkeep
|turn|48
|-message|volc1877 forfeited.
|
|win|sparky1218
|raw|volc1877's rating: 1612 &rarr; <strong>1592</strong><br />(-20 for losing)
|raw|sparky1218's rating: 1615 &rarr; <strong>1635</strong><br />(+20 for winning)
|l|☆volc1877
|player|p1|
|l|☆sparky1218
|player|p2|
