|j|☆justicerestore
|j|☆LowEL0God
|t:|1781595790
|gametype|singles
|player|p1|justicerestore|caitlin|1540
|player|p2|LowEL0God|265|1710
|gen|9
|tier|[Gen 9] OU
|rated|
|rule|HP Percentage Mod: HP is shown in percentages
|rule|Endless Battle Clause: Forcing endless battles is banned
|rule|Species Clause: Limit one of each Pokémon
|rule|OHKO Clause: OHKO moves are banned
|rule|Evasion Items Clause: Evasion items are banned
|rule|Evasion Moves Clause: Evasion moves are banned
|rule|Evasion Abilities Clause: Evasion abilities are banned
|rule|Sleep Moves Clause: Sleep-inducing moves are banned
|clearpoke
|poke|p1|Gholdengo|
|poke|p1|Garganacl, F|
|poke|p1|Volcanion|
|poke|p1|Great Tusk|
|poke|p1|Zapdos|
|poke|p1|Meowscarada, F|
|poke|p2|Pelipper, M|
|poke|p2|Raging Bolt|
|poke|p2|Overqwil, M|
|poke|p2|Barraskewda, F|
|poke|p2|Iron Treads|
|poke|p2|Kingambit, F|
|teampreview
|inactive|Battle timer is ON: inactive players will automatically lose when time's up. (requested by justicerestore)
|c|☆LowEL0God|hf
|inactive|LowEL0God also wants the timer to be on.
|
|t:|1781595796
|teamsize|p1|6
|teamsize|p2|6
|start
|switch|p1a: The Green Gooblin|Meowscarada, F|100/100
|switch|p2a: Raging Bolt|Raging Bolt|100/100
|-enditem|p2a: Raging Bolt|Booster Energy
|-activate|p2a: Raging Bolt|ability: Protosynthesis|[fromitem]
|-start|p2a: Raging Bolt|protosynthesisspa
|turn|1
|
|t:|1781595801
|move|p1a: The Green Gooblin|Triple Axel|p2a: Raging Bolt
|-start|p1a: The Green Gooblin|typechange|Ice|[from] ability: Protean
|-supereffective|p2a: Raging Bolt
|-damage|p2a: Raging Bolt|76/100
|-supereffective|p2a: Raging Bolt
|-damage|p2a: Raging Bolt|29/100
|-supereffective|p2a: Raging Bolt
|-damage|p2a: Raging Bolt|0 fnt
|faint|p2a: Raging Bolt
|-end|p2a: Raging Bolt|Protosynthesis|[silent]
|-hitcount|p2: Raging Bolt|3
|
|upkeep
|
|t:|1781595801
|switch|p2a: Kingambit|Kingambit, F|100/100
|-activate|p2a: Kingambit|ability: Supreme Overlord
|-start|p2a: Kingambit|fallen1|[silent]
|turn|2
|
|t:|1781595810
|switch|p1a: Gooder Tusker|Great Tusk|100/100
|move|p2a: Kingambit|Swords Dance|p2a: Kingambit
|-boost|p2a: Kingambit|atk|2
|
|upkeep
|turn|3
|
|t:|1781595815
|-terastallize|p2a: Kingambit|Dark
|move|p1a: Gooder Tusker|Close Combat|p2a: Kingambit
|-supereffective|p2a: Kingambit
|-damage|p2a: Kingambit|15/100
|-unboost|p1a: Gooder Tusker|def|1
|-unboost|p1a: Gooder Tusker|spd|1
|move|p2a: Kingambit|Iron Head|p1a: Gooder Tusker
|-damage|p1a: Gooder Tusker|0 fnt
|faint|p1a: Gooder Tusker
|-end|p1a: Gooder Tusker|Protosynthesis|[silent]
|
|-heal|p2a: Kingambit|21/100|[from] item: Leftovers
|upkeep
|
|t:|1781595824
|switch|p1a: The Green Gooblin|Meowscarada, F|100/100
|turn|4
|
|t:|1781595827
|move|p2a: Kingambit|Sucker Punch|p1a: The Green Gooblin
|-resisted|p1a: The Green Gooblin
|-damage|p1a: The Green Gooblin|11/100
|move|p1a: The Green Gooblin|U-turn|p2a: Kingambit
|-start|p1a: The Green Gooblin|typechange|Bug|[from] ability: Protean
|-supereffective|p2a: Kingambit
|-damage|p2a: Kingambit|0 fnt
|faint|p2a: Kingambit
|-end|p2a: Kingambit|fallen1|[silent]
|
|t:|1781595832
|switch|p1a: Static Sparrow|Zapdos|100/100|[from] U-turn
|
|upkeep
|
|t:|1781595833
|switch|p2a: Overqwil|Overqwil, M|100/100
|turn|5
|
|t:|1781595836
|move|p2a: Overqwil|Gunk Shot|p1a: Static Sparrow
|-damage|p1a: Static Sparrow|45/100
|-damage|p2a: Overqwil|91/100|[from] item: Life Orb
|move|p1a: Static Sparrow|Discharge|p2a: Overqwil
|-damage|p2a: Overqwil|40/100
|
|upkeep
|turn|6
|
|t:|1781595842
|-terastallize|p1a: Static Sparrow|Steel
|move|p2a: Overqwil|Gunk Shot|p1a: Static Sparrow
|-immune|p1a: Static Sparrow
|move|p1a: Static Sparrow|Roost|p1a: Static Sparrow
|-heal|p1a: Static Sparrow|96/100
|
|upkeep
|turn|7
|
|t:|1781595847
|switch|p2a: Iron Treads|Iron Treads|100/100
|-enditem|p2a: Iron Treads|Booster Energy
|-activate|p2a: Iron Treads|ability: Quark Drive|[fromitem]
|-start|p2a: Iron Treads|quarkdrivespe
|move|p1a: Static Sparrow|Discharge|p2a: Iron Treads
|-immune|p2a: Iron Treads
|
|upkeep
|turn|8
|
|t:|1781595862
|switch|p1a: Salty Saul|Garganacl, F|100/100
|move|p2a: Iron Treads|Earth Power|p1a: Salty Saul
|-supereffective|p1a: Salty Saul
|-damage|p1a: Salty Saul|57/100
|
|-heal|p1a: Salty Saul|63/100|[from] item: Leftovers
|upkeep
|turn|9
|
|t:|1781595866
|move|p2a: Iron Treads|Steel Beam|p1a: Salty Saul
|-supereffective|p1a: Salty Saul
|-damage|p1a: Salty Saul|0 fnt
|-damage|p2a: Iron Treads|50/100|[from] steelbeam
|faint|p1a: Salty Saul
|
|upkeep
|
|t:|1781595871
|switch|p1a: Cheesy Chad|Gholdengo|100/100
|turn|10
|
|t:|1781595873
|move|p2a: Iron Treads|Earth Power|p1a: Cheesy Chad
|-supereffective|p1a: Cheesy Chad
|-damage|p1a: Cheesy Chad|24/100
|move|p1a: Cheesy Chad|Shadow Ball|p2a: Iron Treads
|-damage|p2a: Iron Treads|0 fnt
|faint|p2a: Iron Treads
|-end|p2a: Iron Treads|Quark Drive|[silent]
|
|upkeep
|
|t:|1781595875
|switch|p2a: Barraskewda|Barraskewda, F|100/100
|turn|11
|
|t:|1781595880
|switch|p1a: Static Sparrow|Zapdos, tera:Steel|96/100
|move|p2a: Barraskewda|Flip Turn|p1a: Static Sparrow
|-damage|p1a: Static Sparrow|58/100
|
|t:|1781595880
|switch|p2a: Overqwil|Overqwil, M|40/100|[from] Flip Turn
|
|upkeep
|turn|12
|
|t:|1781595884
|move|p2a: Overqwil|Crunch|p1a: Static Sparrow
|-damage|p1a: Static Sparrow|17/100
|-damage|p2a: Overqwil|31/100|[from] item: Life Orb
|move|p1a: Static Sparrow|Roost|p1a: Static Sparrow
|-heal|p1a: Static Sparrow|67/100
|
|upkeep
|turn|13
|
|t:|1781595887
|move|p2a: Overqwil|Crunch|p1a: Static Sparrow
|-crit|p1a: Static Sparrow
|-damage|p1a: Static Sparrow|4/100
|-damage|p2a: Overqwil|21/100|[from] item: Life Orb
|move|p1a: Static Sparrow|Roost|p1a: Static Sparrow
|-heal|p1a: Static Sparrow|54/100
|
|upkeep
|turn|14
|
|t:|1781595889
|move|p2a: Overqwil|Crunch|p1a: Static Sparrow
|-damage|p1a: Static Sparrow|12/100
|-damage|p2a: Overqwil|11/100|[from] item: Life Orb
|move|p1a: Static Sparrow|Roost|p1a: Static Sparrow
|-heal|p1a: Static Sparrow|62/100
|
|upkeep
|turn|15
|
|t:|1781595892
|move|p2a: Overqwil|Crunch|p1a: Static Sparrow
|-damage|p1a: Static Sparrow|21/100
|-unboost|p1a: Static Sparrow|def|1
|-status|p2a: Overqwil|par|[from] ability: Static|[of] p1a: Static Sparrow
|-damage|p2a: Overqwil|1/100 par|[from] item: Life Orb
|move|p1a: Static Sparrow|Roost|p1a: Static Sparrow
|-heal|p1a: Static Sparrow|71/100
|
|upkeep
|turn|16
|
|t:|1781595896
|move|p1a: Static Sparrow|U-turn|p2a: Overqwil
|-damage|p2a: Overqwil|0 fnt
|faint|p2a: Overqwil
|
|t:|1781595900
|switch|p1a: The Green Gooblin|Meowscarada, F|11/100|[from] U-turn
|
|upkeep
|
|t:|1781595900
|switch|p2a: Pelipper|Pelipper, M|100/100
|-weather|RainDance|[from] ability: Drizzle|[of] p2a: Pelipper
|turn|17
|
|t:|1781595904
|move|p1a: The Green Gooblin|Flower Trick|p2a: Pelipper
|-start|p1a: The Green Gooblin|typechange|Grass|[from] ability: Protean
|-crit|p2a: Pelipper
|-damage|p2a: Pelipper|43/100
|move|p2a: Pelipper|Roost|p2a: Pelipper
|-heal|p2a: Pelipper|93/100
|-singleturn|p2a: Pelipper|move: Roost
|
|-weather|RainDance|[upkeep]
|upkeep
|turn|18
|
|t:|1781595910
|move|p1a: The Green Gooblin|Flower Trick|p2a: Pelipper
|-crit|p2a: Pelipper
|-damage|p2a: Pelipper|36/100
|move|p2a: Pelipper|Roost|p2a: Pelipper
|-heal|p2a: Pelipper|86/100
|-singleturn|p2a: Pelipper|move: Roost
|
|-weather|RainDance|[upkeep]
|upkeep
|turn|19
|
|t:|1781595913
|move|p1a: The Green Gooblin|Flower Trick|p2a: Pelipper
|-crit|p2a: Pelipper
|-damage|p2a: Pelipper|33/100
|move|p2a: Pelipper|Roost|p2a: Pelipper
|-heal|p2a: Pelipper|83/100
|-singleturn|p2a: Pelipper|move: Roost
|
|-weather|RainDance|[upkeep]
|upkeep
|turn|20
|
|t:|1781595919
|switch|p1a: Static Sparrow|Zapdos, tera:Steel|71/100
|move|p2a: Pelipper|Roost|p2a: Pelipper
|-heal|p2a: Pelipper|100/100
|-singleturn|p2a: Pelipper|move: Roost
|
|-weather|RainDance|[upkeep]
|upkeep
|turn|21
|
|t:|1781595922
|move|p1a: Static Sparrow|Discharge|p2a: Pelipper
|-supereffective|p2a: Pelipper
|-damage|p2a: Pelipper|0 fnt
|faint|p2a: Pelipper
|
|-weather|RainDance|[upkeep]
|upkeep
|
|t:|1781595923
|switch|p2a: Barraskewda|Barraskewda, F|100/100
|turn|22
|
|t:|1781595927
|switch|p1a: Krakatoa|Volcanion|100/100
|move|p2a: Barraskewda|Liquidation|p1a: Krakatoa
|-immune|p1a: Krakatoa|[from] ability: Water Absorb
|
|-weather|RainDance|[upkeep]
|upkeep
|turn|23
|
|t:|1781595932
|move|p2a: Barraskewda|Liquidation|p1a: Krakatoa
|-immune|p1a: Krakatoa|[from] ability: Water Absorb
|move|p1a: Krakatoa|Will-O-Wisp|p2a: Barraskewda
|-status|p2a: Barraskewda|brn
|
|-weather|RainDance|[upkeep]
|-damage|p2a: Barraskewda|94/100 brn|[from] brn
|upkeep
|turn|24
|
|t:|1781595938
|move|p2a: Barraskewda|Liquidation|p1a: Krakatoa
|-immune|p1a: Krakatoa|[from] ability: Water Absorb
|move|p1a: Krakatoa|Sludge Bomb|p2a: Barraskewda
|-damage|p2a: Barraskewda|19/100 brn
|
|-weather|none
|-damage|p2a: Barraskewda|13/100 brn|[from] brn
|upkeep
|turn|25
|
|t:|1781595942
|move|p2a: Barraskewda|Liquidation|p1a: Krakatoa
|-immune|p1a: Krakatoa|[from] ability: Water Absorb
|move|p1a: Krakatoa|Sludge Bomb|p2a: Barraskewda
|-damage|p2a: Barraskewda|0 fnt
|faint|p2a: Barraskewda
|
|win|justicerestore
|raw|justicerestore's rating: 1540 &rarr; <strong>1569</strong><br />(+29 for winning)
|raw|LowEL0God's rating: 1710 &rarr; <strong>1681</strong><br />(-29 for losing)
