|j|☆KurisuChestnutLab
|j|‽Cte plays
|t:|1781160903
|gametype|singles
|player|p1|KurisuChestnutLab|may-contest|1583
|player|p2|Cte plays|brendan|1526
|gen|9
|tier|[Gen 9] OU
|rated|
|rule|HP Percentage Mod: HP is shown in percentages
|rule|Endless Battle Clause: Forcing endless battles is banned
|rule|Species Clause: Limit one of each Pokémon
|rule|OHKO Clause: OHKO moves are banned
|rule|Evasion Items Clause: Evasion items are banned
|rule|Evasion Moves Clause: Evasion moves are banned
|rule|Evasion Abilities Clause: Evasion abilities are banned
|rule|Sleep Moves Clause: Sleep-inducing moves are banned
|clearpoke
|poke|p1|Primarina, F|
|poke|p1|Hippowdon, M|
|poke|p1|Skarmory, M|
|poke|p1|Zapdos|
|poke|p1|Dragonite, M|
|poke|p1|Slowking, F|
|poke|p2|Scizor, F|
|poke|p2|Kyurem|
|poke|p2|Primarina, M|
|poke|p2|Cinderace, F|
|poke|p2|Zapdos|
|poke|p2|Iron Valiant|
|teampreview
|inactive|Battle timer is ON: inactive players will automatically lose when time's up. (requested by Cte plays)
|inactive|KurisuChestnutLab also wants the timer to be on.
|
|t:|1781160925
|teamsize|p1|6
|teamsize|p2|6
|start
|switch|p1a: Primarina|Primarina, F|100/100
|switch|p2a: Zapdos|Zapdos|100/100
|turn|1
|
|t:|1781160934
|move|p2a: Zapdos|Hurricane|p1a: Primarina|[miss]
|-miss|p2a: Zapdos|p1a: Primarina
|move|p1a: Primarina|Moonblast|p2a: Zapdos
|-damage|p2a: Zapdos|42/100
|
|upkeep
|turn|2
|
|t:|1781160941
|move|p2a: Zapdos|Volt Switch|p1a: Primarina
|-supereffective|p1a: Primarina
|-damage|p1a: Primarina|59/100
|
|t:|1781160959
|switch|p2a: Cinderace|Cinderace, F|100/100|[from] Volt Switch
|move|p1a: Primarina|Moonblast|p2a: Cinderace
|-resisted|p2a: Cinderace
|-damage|p2a: Cinderace|63/100
|
|upkeep
|turn|3
|
|t:|1781160969
|move|p2a: Cinderace|U-turn|p1a: Primarina
|-start|p2a: Cinderace|typechange|Bug|[from] ability: Libero
|-resisted|p1a: Primarina
|-damage|p1a: Primarina|38/100
|
|t:|1781160977
|switch|p2a: Primarina|Primarina, M|100/100|[from] U-turn
|move|p1a: Primarina|Moonblast|p2a: Primarina
|-damage|p2a: Primarina|55/100
|-unboost|p2a: Primarina|spa|1
|
|upkeep
|turn|4
|
|t:|1781160988
|move|p2a: Primarina|Calm Mind|p2a: Primarina
|-boost|p2a: Primarina|spa|1
|-boost|p2a: Primarina|spd|1
|move|p1a: Primarina|Moonblast|p2a: Primarina
|-damage|p2a: Primarina|22/100
|
|upkeep
|turn|5
|
|t:|1781160996
|move|p2a: Primarina|Draining Kiss|p1a: Primarina
|-damage|p1a: Primarina|24/100
|-heal|p2a: Primarina|33/100|[from] drain|[of] p1a: Primarina
|move|p1a: Primarina|Flip Turn|p2a: Primarina
|-resisted|p2a: Primarina
|-damage|p2a: Primarina|20/100
|
|t:|1781161001
|switch|p1a: Hippowdon|Hippowdon, M|100/100|[from] Flip Turn
|-weather|Sandstorm|[from] ability: Sand Stream|[of] p1a: Hippowdon
|
|-weather|Sandstorm|[upkeep]
|-damage|p2a: Primarina|14/100|[from] Sandstorm
|upkeep
|turn|6
|
|t:|1781161010
|switch|p1a: Slowking|Slowking, F|100/100
|move|p2a: Primarina|Psychic Noise|p1a: Slowking
|-resisted|p1a: Slowking
|-damage|p1a: Slowking|88/100
|-start|p1a: Slowking|move: Heal Block
|
|-weather|Sandstorm|[upkeep]
|-damage|p2a: Primarina|8/100|[from] Sandstorm
|-damage|p1a: Slowking|82/100|[from] Sandstorm
|upkeep
|turn|7
|
|t:|1781161025
|switch|p2a: Scizor|Scizor, F|100/100
|move|p1a: Slowking|Future Sight|p2a: Scizor
|-start|p1a: Slowking|move: Future Sight
|
|-weather|Sandstorm|[upkeep]
|-damage|p1a: Slowking|76/100|[from] Sandstorm
|-end|p1a: Slowking|move: Heal Block
|upkeep
|turn|8
|
|t:|1781161034
|switch|p1a: Zapdos|Zapdos|100/100
|move|p2a: Scizor|Swords Dance|p2a: Scizor
|-boost|p2a: Scizor|atk|2
|
|-weather|Sandstorm|[upkeep]
|-damage|p1a: Zapdos|94/100|[from] Sandstorm
|upkeep
|turn|9
|
|t:|1781161043
|move|p1a: Zapdos|Volt Switch|p2a: Scizor
|-damage|p2a: Scizor|62/100
|
|t:|1781161048
|switch|p1a: Hippowdon|Hippowdon, M|100/100|[from] Volt Switch
|move|p2a: Scizor|Knock Off|p1a: Hippowdon
|-damage|p1a: Hippowdon|64/100
|-enditem|p1a: Hippowdon|Leftovers|[from] move: Knock Off|[of] p2a: Scizor
|
|-weather|none
|-end|p2a: Scizor|move: Future Sight
|-resisted|p2a: Scizor
|-damage|p2a: Scizor|35/100
|upkeep
|turn|10
|
|t:|1781161061
|switch|p2a: Kyurem|Kyurem|100/100
|-ability|p2a: Kyurem|Pressure
|move|p1a: Hippowdon|Slack Off|p1a: Hippowdon
|-heal|p1a: Hippowdon|100/100
|
|upkeep
|turn|11
|
|t:|1781161071
|-terastallize|p1a: Hippowdon|Steel
|move|p2a: Kyurem|Scale Shot|p1a: Hippowdon
|-resisted|p1a: Hippowdon
|-damage|p1a: Hippowdon|98/100
|-resisted|p1a: Hippowdon
|-damage|p1a: Hippowdon|95/100
|-resisted|p1a: Hippowdon
|-damage|p1a: Hippowdon|92/100
|-resisted|p1a: Hippowdon
|-damage|p1a: Hippowdon|90/100
|-hitcount|p1a: Hippowdon|4
|-unboost|p2a: Kyurem|def|1
|-boost|p2a: Kyurem|spe|1
|move|p1a: Hippowdon|Stealth Rock|p2a: Kyurem
|-sidestart|p2: Cte plays|move: Stealth Rock
|
|upkeep
|turn|12
|
|t:|1781161087
|switch|p2a: Zapdos|Zapdos|42/100
|move|p1a: Hippowdon|Whirlwind|p2a: Zapdos
|drag|p2a: Cinderace|Cinderace, F|63/100
|
|upkeep
|turn|13
|
|t:|1781161098
|move|p2a: Cinderace|Pyro Ball|p1a: Hippowdon|[miss]
|-miss|p2a: Cinderace|p1a: Hippowdon
|move|p1a: Hippowdon|Earthquake|p2a: Cinderace
|-supereffective|p2a: Cinderace
|-damage|p2a: Cinderace|0 fnt
|faint|p2a: Cinderace
|
|upkeep
|
|t:|1781161107
|switch|p2a: Zapdos|Zapdos|42/100
|turn|14
|
|t:|1781161111
|move|p2a: Zapdos|Roost|p2a: Zapdos
|-heal|p2a: Zapdos|92/100
|-singleturn|p2a: Zapdos|move: Roost
|move|p1a: Hippowdon|Whirlwind|p2a: Zapdos
|drag|p2a: Iron Valiant|Iron Valiant, shiny|100/100
|-damage|p2a: Iron Valiant|94/100|[from] Stealth Rock
|-enditem|p2a: Iron Valiant|Booster Energy
|-activate|p2a: Iron Valiant|ability: Quark Drive|[fromitem]
|-start|p2a: Iron Valiant|quarkdrivespe
|
|upkeep
|turn|15
|
|t:|1781161126
|-end|p2a: Iron Valiant|Quark Drive|[silent]
|switch|p2a: Zapdos|Zapdos|92/100
|switch|p1a: Zapdos|Zapdos|94/100
|
|upkeep
|turn|16
|
|t:|1781161132
|move|p1a: Zapdos|Volt Switch|p2a: Zapdos
|-damage|p2a: Zapdos|60/100
|
|t:|1781161136
|switch|p1a: Slowking|Slowking, F|100/100|[from] Volt Switch
|move|p2a: Zapdos|Volt Switch|p1a: Slowking
|-supereffective|p1a: Slowking
|-crit|p1a: Slowking
|-damage|p1a: Slowking|31/100
|
|t:|1781161145
|switch|p2a: Scizor|Scizor, F|35/100|[from] Volt Switch
|
|upkeep
|turn|17
|
|t:|1781161151
|switch|p1a: Zapdos|Zapdos|94/100
|move|p2a: Scizor|Swords Dance|p2a: Scizor
|-boost|p2a: Scizor|atk|2
|
|upkeep
|turn|18
|
|t:|1781161157
|move|p2a: Scizor|Bullet Punch|p1a: Zapdos
|-resisted|p1a: Zapdos
|-damage|p1a: Zapdos|68/100
|-status|p2a: Scizor|par|[from] ability: Static|[of] p1a: Zapdos
|move|p1a: Zapdos|Volt Switch|p2a: Scizor
|-damage|p2a: Scizor|0 fnt
|faint|p2a: Scizor
|
|t:|1781161162
|switch|p1a: Slowking|Slowking, F|65/100|[from] Volt Switch
|
|upkeep
|
|t:|1781161172
|switch|p2a: Zapdos|Zapdos|60/100
|turn|19
|
|t:|1781161180
|move|p2a: Zapdos|Volt Switch|p1a: Slowking
|-supereffective|p1a: Slowking
|-damage|p1a: Slowking|19/100
|
|t:|1781161183
|switch|p2a: Primarina|Primarina, M|8/100|[from] Volt Switch
|move|p1a: Slowking|Slack Off|p1a: Slowking
|-heal|p1a: Slowking|69/100
|
|upkeep
|turn|20
|
|t:|1781161192
|move|p2a: Primarina|Encore|p1a: Slowking
|-start|p1a: Slowking|Encore
|move|p1a: Slowking|Slack Off|p1a: Slowking
|-heal|p1a: Slowking|100/100
|
|upkeep
|turn|21
|
|t:|1781161198
|switch|p1a: Zapdos|Zapdos|68/100
|move|p2a: Primarina|Calm Mind|p2a: Primarina
|-boost|p2a: Primarina|spa|1
|-boost|p2a: Primarina|spd|1
|
|upkeep
|turn|22
|
|t:|1781161205
|move|p1a: Zapdos|Volt Switch|p2a: Primarina
|-supereffective|p2a: Primarina
|-damage|p2a: Primarina|0 fnt
|faint|p2a: Primarina
|
|t:|1781161210
|switch|p1a: Hippowdon|Hippowdon, M, tera:Steel|90/100|[from] Volt Switch
|-weather|Sandstorm|[from] ability: Sand Stream|[of] p1a: Hippowdon
|
|-weather|Sandstorm|[upkeep]
|upkeep
|
|t:|1781161216
|switch|p2a: Zapdos|Zapdos|60/100
|turn|23
|
|t:|1781161220
|switch|p1a: Slowking|Slowking, F|100/100
|move|p2a: Zapdos|Heat Wave|p1a: Slowking
|-resisted|p1a: Slowking
|-damage|p1a: Slowking|91/100
|
|-weather|Sandstorm|[upkeep]
|-damage|p2a: Zapdos|54/100|[from] Sandstorm
|-damage|p1a: Slowking|85/100|[from] Sandstorm
|upkeep
|turn|24
|
|t:|1781161229
|move|p2a: Zapdos|Roost|p2a: Zapdos
|-heal|p2a: Zapdos|100/100
|-singleturn|p2a: Zapdos|move: Roost
|move|p1a: Slowking|Future Sight|p2a: Zapdos
|-start|p1a: Slowking|move: Future Sight
|
|-weather|Sandstorm|[upkeep]
|-damage|p2a: Zapdos|94/100|[from] Sandstorm
|-damage|p1a: Slowking|79/100|[from] Sandstorm
|upkeep
|turn|25
|
|t:|1781161239
|move|p2a: Zapdos|Volt Switch|p1a: Slowking
|-supereffective|p1a: Slowking
|-damage|p1a: Slowking|37/100
|
|t:|1781161243
|switch|p2a: Kyurem|Kyurem|100/100|[from] Volt Switch
|-ability|p2a: Kyurem|Pressure
|move|p1a: Slowking|Scald|p2a: Kyurem
|-resisted|p2a: Kyurem
|-damage|p2a: Kyurem|86/100
|
|-weather|Sandstorm|[upkeep]
|-damage|p2a: Kyurem|80/100|[from] Sandstorm
|-damage|p1a: Slowking|30/100|[from] Sandstorm
|upkeep
|turn|26
|
|t:|1781161259
|switch|p1a: Hippowdon|Hippowdon, M, tera:Steel|90/100
|move|p2a: Kyurem|Scale Shot|p1a: Hippowdon
|-resisted|p1a: Hippowdon
|-damage|p1a: Hippowdon|87/100
|-resisted|p1a: Hippowdon
|-damage|p1a: Hippowdon|84/100
|-resisted|p1a: Hippowdon
|-damage|p1a: Hippowdon|81/100
|-hitcount|p1a: Hippowdon|3
|-unboost|p2a: Kyurem|def|1
|-boost|p2a: Kyurem|spe|1
|
|-weather|none
|-end|p2a: Kyurem|move: Future Sight
|-damage|p2a: Kyurem|33/100
|upkeep
|turn|27
|
|t:|1781161274
|move|p2a: Kyurem|Earth Power|p1a: Hippowdon
|-supereffective|p1a: Hippowdon
|-damage|p1a: Hippowdon|15/100
|-unboost|p1a: Hippowdon|spd|1
|move|p1a: Hippowdon|Earthquake|p2a: Kyurem
|-damage|p2a: Kyurem|0 fnt
|faint|p2a: Kyurem
|
|upkeep
|
|t:|1781161283
|switch|p2a: Zapdos|Zapdos|94/100
|turn|28
|
|t:|1781161287
|move|p2a: Zapdos|Volt Switch|p1a: Hippowdon
|-damage|p1a: Hippowdon|0 fnt
|faint|p1a: Hippowdon
|
|t:|1781161291
|switch|p2a: Iron Valiant|Iron Valiant, shiny|94/100|[from] Volt Switch
|-damage|p2a: Iron Valiant|88/100|[from] Stealth Rock
|
|upkeep
|
|t:|1781161294
|switch|p1a: Slowking|Slowking, F|64/100
|turn|29
|
|t:|1781161301
|move|p2a: Iron Valiant|Calm Mind|p2a: Iron Valiant
|-boost|p2a: Iron Valiant|spa|1
|-boost|p2a: Iron Valiant|spd|1
|move|p1a: Slowking|Slack Off|p1a: Slowking
|-heal|p1a: Slowking|100/100
|
|upkeep
|turn|30
|
|t:|1781161308
|move|p2a: Iron Valiant|Encore|p1a: Slowking
|-start|p1a: Slowking|Encore
|move|p1a: Slowking|Slack Off||[still]
|-fail|p1a: Slowking|heal
|
|upkeep
|turn|31
|
|t:|1781161314
|switch|p1a: Skarmory|Skarmory, M|100/100
|move|p2a: Iron Valiant|Calm Mind|p2a: Iron Valiant
|-boost|p2a: Iron Valiant|spa|1
|-boost|p2a: Iron Valiant|spd|1
|
|upkeep
|turn|32
|
|t:|1781161322
|-terastallize|p2a: Iron Valiant|Ghost
|move|p2a: Iron Valiant|Shadow Ball|p1a: Skarmory
|-damage|p1a: Skarmory|2/100
|move|p1a: Skarmory|Iron Head|p2a: Iron Valiant
|-damage|p2a: Iron Valiant|61/100
|
|-heal|p1a: Skarmory|8/100|[from] item: Leftovers
|upkeep
|turn|33
|
|t:|1781161333
|move|p2a: Iron Valiant|Moonblast|p1a: Skarmory
|-resisted|p1a: Skarmory
|-damage|p1a: Skarmory|0 fnt
|faint|p1a: Skarmory
|
|upkeep
|
|t:|1781161340
|switch|p1a: Slowking|Slowking, F|100/100
|turn|34
|
|t:|1781161344
|move|p2a: Iron Valiant|Shadow Ball|p1a: Slowking
|-supereffective|p1a: Slowking
|-damage|p1a: Slowking|14/100
|move|p1a: Slowking|Future Sight|p2a: Iron Valiant
|-start|p1a: Slowking|move: Future Sight
|
|upkeep
|turn|35
|
|t:|1781161354
|switch|p1a: Primarina|Primarina, F|24/100
|move|p2a: Iron Valiant|Moonblast|p1a: Primarina
|-damage|p1a: Primarina|0 fnt
|faint|p1a: Primarina
|
|upkeep
|
|t:|1781161359
|switch|p1a: Zapdos|Zapdos|68/100
|turn|36
|
|t:|1781161364
|switch|p1a: Slowking|Slowking, F|47/100
|move|p2a: Iron Valiant|Moonblast|p1a: Slowking
|-damage|p1a: Slowking|0 fnt
|faint|p1a: Slowking
|
|-end|p2a: Iron Valiant|move: Future Sight
|-damage|p2a: Iron Valiant|21/100
|upkeep
|
|t:|1781161368
|switch|p1a: Dragonite|Dragonite, M|100/100
|turn|37
|
|t:|1781161376
|move|p2a: Iron Valiant|Moonblast|p1a: Dragonite
|-supereffective|p1a: Dragonite
|-damage|p1a: Dragonite|5/100
|move|p1a: Dragonite|Dragon Dance|p1a: Dragonite
|-boost|p1a: Dragonite|atk|1
|-boost|p1a: Dragonite|spe|1
|
|upkeep
|turn|38
|
|t:|1781161384
|move|p1a: Dragonite|Earthquake|p2a: Iron Valiant
|-damage|p2a: Iron Valiant|0 fnt
|faint|p2a: Iron Valiant
|-end|p2a: Iron Valiant|Quark Drive|[silent]
|
|upkeep
|
|t:|1781161389
|switch|p2a: Zapdos|Zapdos|94/100
|turn|39
|
|t:|1781161392
|move|p1a: Dragonite|Roost|p1a: Dragonite
|-heal|p1a: Dragonite|55/100
|-singleturn|p1a: Dragonite|move: Roost
|move|p2a: Zapdos|Volt Switch|p1a: Dragonite
|-resisted|p1a: Dragonite
|-damage|p1a: Dragonite|34/100
|
|upkeep
|turn|40
|
|t:|1781161400
|move|p1a: Dragonite|Roost|p1a: Dragonite
|-heal|p1a: Dragonite|84/100
|-singleturn|p1a: Dragonite|move: Roost
|move|p2a: Zapdos|Hurricane|p1a: Dragonite
|-damage|p1a: Dragonite|18/100
|
|upkeep
|turn|41
|
|t:|1781161410
|move|p1a: Dragonite|Roost|p1a: Dragonite
|-heal|p1a: Dragonite|69/100
|-singleturn|p1a: Dragonite|move: Roost
|move|p2a: Zapdos|Hurricane|p1a: Dragonite
|-damage|p1a: Dragonite|10/100
|
|upkeep
|turn|42
|
|t:|1781161431
|move|p1a: Dragonite|Roost|p1a: Dragonite
|-heal|p1a: Dragonite|60/100
|-singleturn|p1a: Dragonite|move: Roost
|move|p2a: Zapdos|Hurricane|p1a: Dragonite
|-damage|p1a: Dragonite|0 fnt
|faint|p1a: Dragonite
|
|upkeep
|
|t:|1781161436
|switch|p1a: Zapdos|Zapdos|68/100
|turn|43
|
|t:|1781161443
|move|p1a: Zapdos|Roost|p1a: Zapdos
|-heal|p1a: Zapdos|100/100
|-singleturn|p1a: Zapdos|move: Roost
|move|p2a: Zapdos|Volt Switch|p1a: Zapdos
|-resisted|p1a: Zapdos
|-crit|p1a: Zapdos
|-damage|p1a: Zapdos|75/100
|
|upkeep
|turn|44
|
|t:|1781161452
|move|p1a: Zapdos|Hurricane|p2a: Zapdos|[miss]
|-miss|p1a: Zapdos|p2a: Zapdos
|move|p2a: Zapdos|Volt Switch|p1a: Zapdos
|-damage|p1a: Zapdos|41/100
|
|upkeep
|turn|45
|
|t:|1781161459
|move|p1a: Zapdos|Roost|p1a: Zapdos
|-heal|p1a: Zapdos|92/100
|-singleturn|p1a: Zapdos|move: Roost
|move|p2a: Zapdos|Heat Wave|p1a: Zapdos
|-damage|p1a: Zapdos|57/100
|
|upkeep
|turn|46
|
|t:|1781161466
|move|p1a: Zapdos|Roost|p1a: Zapdos
|-heal|p1a: Zapdos|100/100
|-singleturn|p1a: Zapdos|move: Roost
|move|p2a: Zapdos|Heat Wave|p1a: Zapdos
|-damage|p1a: Zapdos|70/100
|
|upkeep
|turn|47
|
|t:|1781161476
|move|p1a: Zapdos|Hurricane|p2a: Zapdos
|-resisted|p2a: Zapdos
|-damage|p2a: Zapdos|68/100
|move|p2a: Zapdos|Heat Wave|p1a: Zapdos
|-damage|p1a: Zapdos|40/100
|
|upkeep
|turn|48
|
|t:|1781161483
|move|p1a: Zapdos|Roost|p1a: Zapdos
|-heal|p1a: Zapdos|90/100
|-singleturn|p1a: Zapdos|move: Roost
|move|p2a: Zapdos|Heat Wave|p1a: Zapdos|[miss]
|-miss|p2a: Zapdos|p1a: Zapdos
|
|upkeep
|turn|49
|
|t:|1781161492
|move|p1a: Zapdos|Hurricane|p2a: Zapdos
|-resisted|p2a: Zapdos
|-damage|p2a: Zapdos|44/100
|move|p2a: Zapdos|Roost|p2a: Zapdos
|-heal|p2a: Zapdos|95/100
|-singleturn|p2a: Zapdos|move: Roost
|
|upkeep
|turn|50
|
|t:|1781161501
|move|p1a: Zapdos|Hurricane|p2a: Zapdos
|-resisted|p2a: Zapdos
|-crit|p2a: Zapdos
|-damage|p2a: Zapdos|59/100
|move|p2a: Zapdos|Volt Switch|p1a: Zapdos
|-damage|p1a: Zapdos|56/100
|
|upkeep
|turn|51
|
|t:|1781161508
|move|p1a: Zapdos|Hurricane|p2a: Zapdos
|-resisted|p2a: Zapdos
|-damage|p2a: Zapdos|33/100
|-start|p2a: Zapdos|confusion
|-activate|p2a: Zapdos|confusion
|-damage|p2a: Zapdos|26/100|[from] confusion
|
|upkeep
|turn|52
|
|t:|1781161516
|move|p1a: Zapdos|Volt Switch|p2a: Zapdos
|-damage|p2a: Zapdos|0 fnt
|faint|p2a: Zapdos
|
|win|KurisuChestnutLab
|raw|KurisuChestnutLab's rating: 1583 &rarr; <strong>1600</strong><br />(+17 for winning)
|raw|Cte plays's rating: 1526 &rarr; <strong>1509</strong><br />(-17 for losing)
