|j|☆myninthsymphony
|j|☆my2005
|t:|1781460993
|gametype|singles
|player|p1|myninthsymphony|2|1611
|player|p2|my2005|169|1656
|gen|9
|tier|[Gen 9] OU
|rated|
|rule|HP Percentage Mod: HP is shown in percentages
|rule|Endless Battle Clause: Forcing endless battles is banned
|rule|Species Clause: Limit one of each Pokémon
|rule|OHKO Clause: OHKO moves are banned
|rule|Evasion Items Clause: Evasion items are banned
|rule|Evasion Moves Clause: Evasion moves are banned
|rule|Evasion Abilities Clause: Evasion abilities are banned
|rule|Sleep Moves Clause: Sleep-inducing moves are banned
|clearpoke
|poke|p1|Ogerpon-Wellspring, F|
|poke|p1|Gholdengo|
|poke|p1|Tyranitar, M|
|poke|p1|Garganacl, M|
|poke|p1|Great Tusk|
|poke|p1|Moltres|
|poke|p2|Slowking-Galar, M|
|poke|p2|Whimsicott, F|
|poke|p2|Kyurem|
|poke|p2|Cinderace, M|
|poke|p2|Alomomola, M|
|poke|p2|Gliscor, F|
|teampreview
|inactive|Battle timer is ON: inactive players will automatically lose when time's up. (requested by myninthsymphony)
|
|t:|1781461000
|teamsize|p1|6
|teamsize|p2|6
|start
|switch|p1a: Onionsion|Ogerpon-Wellspring, F|100/100
|switch|p2a: Slowking|Slowking-Galar, M|100/100
|turn|1
|
|t:|1781461008
|switch|p2a: Whimsicott|Whimsicott, F|100/100
|move|p1a: Onionsion|Knock Off|p2a: Whimsicott
|-resisted|p2a: Whimsicott
|-damage|p2a: Whimsicott|83/100
|-enditem|p2a: Whimsicott|Leftovers|[from] move: Knock Off|[of] p1a: Onionsion
|
|upkeep
|turn|2
|
|t:|1781461016
|switch|p1a: Shiny|Gholdengo, shiny|100/100
|-item|p1a: Shiny|Air Balloon
|move|p2a: Whimsicott|U-turn|p1a: Shiny
|-resisted|p1a: Shiny
|-damage|p1a: Shiny|97/100
|-enditem|p1a: Shiny|Air Balloon
|
|t:|1781461022
|switch|p2a: Cinderace|Cinderace, M|100/100|[from] U-turn
|
|upkeep
|turn|3
|
|t:|1781461040
|switch|p2a: Gliscor|Gliscor, F|100/100
|switch|p1a: Gargle|Garganacl, M|100/100
|
|-status|p2a: Gliscor|tox|[from] item: Toxic Orb
|upkeep
|turn|4
|
|t:|1781461048
|move|p2a: Gliscor|Swords Dance|p2a: Gliscor
|-boost|p2a: Gliscor|atk|2
|move|p1a: Gargle|Salt Cure|p2a: Gliscor
|-damage|p2a: Gliscor|90/100 tox
|-start|p2a: Gliscor|Salt Cure
|
|-heal|p2a: Gliscor|100/100 tox|[from] ability: Poison Heal
|-damage|p2a: Gliscor|88/100 tox|[from] Salt Cure
|upkeep
|turn|5
|
|t:|1781461054
|switch|p1a: Moltres|Moltres|100/100
|move|p2a: Gliscor|Earthquake|p1a: Moltres
|-immune|p1a: Moltres
|
|-heal|p2a: Gliscor|100/100 tox|[from] ability: Poison Heal
|-damage|p2a: Gliscor|88/100 tox|[from] Salt Cure
|upkeep
|turn|6
|
|t:|1781461068
|move|p1a: Moltres|Flamethrower|p2a: Gliscor
|-damage|p2a: Gliscor|41/100 tox
|move|p2a: Gliscor|Swords Dance|p2a: Gliscor
|-boost|p2a: Gliscor|atk|2
|
|-heal|p2a: Gliscor|53/100 tox|[from] ability: Poison Heal
|-damage|p2a: Gliscor|41/100 tox|[from] Salt Cure
|upkeep
|turn|7
|
|t:|1781461075
|switch|p2a: Alomomola|Alomomola, M|100/100
|move|p1a: Moltres|Flamethrower|p2a: Alomomola
|-resisted|p2a: Alomomola
|-damage|p2a: Alomomola|80/100
|
|upkeep
|turn|8
|
|t:|1781461079
|move|p1a: Moltres|U-turn|p2a: Alomomola
|-damage|p2a: Alomomola|73/100
|-damage|p1a: Moltres|84/100|[from] item: Rocky Helmet|[of] p2a: Alomomola
|
|t:|1781461082
|switch|p1a: Onionsion|Ogerpon-Wellspring, F|100/100|[from] U-turn
|move|p2a: Alomomola|Flip Turn|p1a: Onionsion
|-immune|p1a: Onionsion|[from] ability: Water Absorb
|
|upkeep
|turn|9
|
|t:|1781461087
|switch|p2a: Whimsicott|Whimsicott, F|83/100
|move|p1a: Onionsion|Knock Off|p2a: Whimsicott
|-resisted|p2a: Whimsicott
|-damage|p2a: Whimsicott|73/100
|
|upkeep
|turn|10
|
|t:|1781461093
|move|p1a: Onionsion|Spikes|p2a: Whimsicott
|-sidestart|p2: my2005|Spikes
|move|p2a: Whimsicott|U-turn|p1a: Onionsion
|-supereffective|p1a: Onionsion
|-damage|p1a: Onionsion|71/100
|
|t:|1781461097
|switch|p2a: Cinderace|Cinderace, M|100/100|[from] U-turn
|
|upkeep
|turn|11
|
|t:|1781461101
|move|p2a: Cinderace|Pyro Ball|p1a: Onionsion
|-damage|p1a: Onionsion|0 fnt
|faint|p1a: Onionsion
|
|upkeep
|
|t:|1781461106
|switch|p1a: Donfan|Great Tusk|100/100
|turn|12
|
|t:|1781461120
|switch|p2a: Alomomola|Alomomola, M|100/100
|-damage|p2a: Alomomola|88/100|[from] Spikes
|move|p1a: Donfan|Rapid Spin|p2a: Alomomola
|-damage|p2a: Alomomola|78/100
|-boost|p1a: Donfan|spe|1
|-damage|p1a: Donfan|84/100|[from] item: Rocky Helmet|[of] p2a: Alomomola
|
|upkeep
|turn|13
|
|t:|1781461127
|move|p1a: Donfan|Stealth Rock|p2a: Alomomola
|-sidestart|p2: my2005|move: Stealth Rock
|move|p2a: Alomomola|Flip Turn|p1a: Donfan
|-supereffective|p1a: Donfan
|-damage|p1a: Donfan|61/100
|
|t:|1781461154
|switch|p2a: Cinderace|Cinderace, M|100/100|[from] Flip Turn
|
|upkeep
|turn|14
|
|t:|1781461161
|switch|p2a: Alomomola|Alomomola, M|100/100
|-damage|p2a: Alomomola|88/100|[from] Spikes
|-damage|p2a: Alomomola|76/100|[from] Stealth Rock
|move|p1a: Donfan|Headlong Rush|p2a: Alomomola
|-damage|p2a: Alomomola|43/100
|-unboost|p1a: Donfan|def|1
|-unboost|p1a: Donfan|spd|1
|-damage|p1a: Donfan|44/100|[from] item: Rocky Helmet|[of] p2a: Alomomola
|
|upkeep
|turn|15
|
|t:|1781461177
|-end|p1a: Donfan|Protosynthesis|[silent]
|switch|p1a: Gargle|Garganacl, M|100/100
|move|p2a: Alomomola|Flip Turn|p1a: Gargle
|-supereffective|p1a: Gargle
|-damage|p1a: Gargle|83/100
|
|t:|1781461180
|switch|p2a: Cinderace|Cinderace, M|100/100|[from] Flip Turn
|
|-heal|p1a: Gargle|89/100|[from] item: Leftovers
|upkeep
|turn|16
|
|t:|1781461185
|move|p2a: Cinderace|Court Change|p2a: Cinderace
|-start|p2a: Cinderace|typechange|Normal|[from] ability: Libero
|-swapsideconditions
|-activate|p2a: Cinderace|move: Court Change
|move|p1a: Gargle|Body Press|p2a: Cinderace
|-supereffective|p2a: Cinderace
|-damage|p2a: Cinderace|8/100
|
|-heal|p1a: Gargle|95/100|[from] item: Leftovers
|upkeep
|turn|17
|
|t:|1781461190
|move|p2a: Cinderace|U-turn|p1a: Gargle
|-damage|p1a: Gargle|83/100
|
|t:|1781461198
|switch|p2a: Slowking|Slowking-Galar, M|100/100|[from] U-turn
|move|p1a: Gargle|Salt Cure|p2a: Slowking
|-damage|p2a: Slowking|88/100
|-start|p2a: Slowking|Salt Cure
|
|-heal|p1a: Gargle|89/100|[from] item: Leftovers
|-damage|p2a: Slowking|75/100|[from] Salt Cure
|upkeep
|turn|18
|
|t:|1781461210
|switch|p2a: Gliscor|Gliscor, F|41/100 tox
|move|p1a: Gargle|Salt Cure|p2a: Gliscor
|-damage|p2a: Gliscor|30/100 tox
|-start|p2a: Gliscor|Salt Cure
|
|-heal|p1a: Gargle|95/100|[from] item: Leftovers
|-heal|p2a: Gliscor|42/100 tox|[from] ability: Poison Heal
|-damage|p2a: Gliscor|30/100 tox|[from] Salt Cure
|upkeep
|turn|19
|
|t:|1781461215
|move|p2a: Gliscor|Earthquake|p1a: Gargle
|-supereffective|p1a: Gargle
|-damage|p1a: Gargle|49/100
|move|p1a: Gargle|Body Press|p2a: Gliscor
|-resisted|p2a: Gliscor
|-damage|p2a: Gliscor|18/100 tox
|
|-heal|p1a: Gargle|55/100|[from] item: Leftovers
|-heal|p2a: Gliscor|30/100 tox|[from] ability: Poison Heal
|-damage|p2a: Gliscor|18/100 tox|[from] Salt Cure
|upkeep
|turn|20
|
|t:|1781461236
|switch|p2a: Kyurem|Kyurem|100/100
|-ability|p2a: Kyurem|Pressure
|move|p1a: Gargle|Body Press|p2a: Kyurem
|-supereffective|p2a: Kyurem
|-damage|p2a: Kyurem|41/100
|
|-heal|p2a: Kyurem|47/100|[from] item: Leftovers
|-heal|p1a: Gargle|61/100|[from] item: Leftovers
|upkeep
|turn|21
|
|t:|1781461249
|-terastallize|p2a: Kyurem|Ground
|move|p1a: Gargle|Protect|p1a: Gargle
|-singleturn|p1a: Gargle|Protect
|move|p2a: Kyurem|Earth Power|p1a: Gargle
|-activate|p1a: Gargle|move: Protect
|
|-heal|p2a: Kyurem|53/100|[from] item: Leftovers
|-heal|p1a: Gargle|68/100|[from] item: Leftovers
|upkeep
|turn|22
|
|t:|1781461254
|switch|p1a: Moltres|Moltres|84/100
|move|p2a: Kyurem|Substitute|p2a: Kyurem
|-start|p2a: Kyurem|Substitute
|-damage|p2a: Kyurem|28/100
|
|-heal|p2a: Kyurem|34/100|[from] item: Leftovers
|upkeep
|turn|23
|
|t:|1781461260
|move|p2a: Kyurem|Protect|p2a: Kyurem
|-singleturn|p2a: Kyurem|Protect
|move|p1a: Moltres|Roar|p2a: Kyurem
|drag|p2a: Whimsicott|Whimsicott, F|73/100
|
|upkeep
|turn|24
|
|t:|1781461264
|move|p2a: Whimsicott|Encore|p1a: Moltres
|-start|p1a: Moltres|Encore
|move|p1a: Moltres|Roar|p2a: Whimsicott
|drag|p2a: Gliscor|Gliscor, F|18/100 tox
|
|-heal|p2a: Gliscor|30/100 tox|[from] ability: Poison Heal
|upkeep
|turn|25
|
|t:|1781461281
|switch|p1a: Shiny|Gholdengo, shiny|97/100
|-damage|p1a: Shiny|85/100|[from] Spikes
|-damage|p1a: Shiny|79/100|[from] Stealth Rock
|move|p2a: Gliscor|Facade|p1a: Shiny
|-immune|p1a: Shiny
|
|-heal|p2a: Gliscor|42/100 tox|[from] ability: Poison Heal
|upkeep
|turn|26
|
|t:|1781461301
|switch|p2a: Slowking|Slowking-Galar, M|100/100
|move|p1a: Shiny|Shadow Ball|p2a: Slowking
|-supereffective|p2a: Slowking
|-damage|p2a: Slowking|57/100
|
|upkeep
|turn|27
|
|t:|1781461309
|move|p1a: Shiny|Shadow Ball|p2a: Slowking
|-supereffective|p2a: Slowking
|-damage|p2a: Slowking|13/100
|move|p2a: Slowking|Flamethrower|p1a: Shiny
|-supereffective|p1a: Shiny
|-damage|p1a: Shiny|14/100
|
|upkeep
|turn|28
|inactive|my2005 has 120 seconds left.
|
|t:|1781461335
|switch|p2a: Whimsicott|Whimsicott, F|73/100
|move|p1a: Shiny|Shadow Ball|p2a: Whimsicott
|-damage|p2a: Whimsicott|13/100
|-unboost|p2a: Whimsicott|spd|1
|
|upkeep
|turn|29
|
|t:|1781461341
|move|p1a: Shiny|Recover|p1a: Shiny
|-heal|p1a: Shiny|64/100
|move|p2a: Whimsicott|U-turn|p1a: Shiny
|-resisted|p1a: Shiny
|-damage|p1a: Shiny|60/100
|
|t:|1781461344
|switch|p2a: Cinderace|Cinderace, M|8/100|[from] U-turn
|
|upkeep
|turn|30
|
|t:|1781461348
|switch|p1a: Moltres|Moltres|84/100
|move|p2a: Cinderace|Pyro Ball|p1a: Moltres
|-resisted|p1a: Moltres
|-damage|p1a: Moltres|57/100
|
|upkeep
|turn|31
|
|t:|1781461355
|switch|p2a: Alomomola|Alomomola, M|76/100
|move|p1a: Moltres|Roar|p2a: Alomomola
|drag|p2a: Cinderace|Cinderace, M|8/100
|
|upkeep
|turn|32
|
|t:|1781461360
|switch|p2a: Slowking|Slowking-Galar, M|46/100
|move|p1a: Moltres|Roost|p1a: Moltres
|-heal|p1a: Moltres|100/100
|-singleturn|p1a: Moltres|move: Roost
|
|upkeep
|turn|33
|
|t:|1781461365
|switch|p2a: Alomomola|Alomomola, M|100/100
|move|p1a: Moltres|Flamethrower|p2a: Alomomola
|-resisted|p2a: Alomomola
|-damage|p2a: Alomomola|77/100
|
|upkeep
|turn|34
|
|t:|1781461370
|move|p1a: Moltres|Flamethrower|p2a: Alomomola
|-resisted|p2a: Alomomola
|-damage|p2a: Alomomola|53/100
|move|p2a: Alomomola|Wish|p2a: Alomomola
|
|upkeep
|turn|35
|
|t:|1781461380
|move|p1a: Moltres|Flamethrower|p2a: Alomomola
|-resisted|p2a: Alomomola
|-damage|p2a: Alomomola|30/100
|move|p2a: Alomomola|Flip Turn|p1a: Moltres
|-supereffective|p1a: Moltres
|-damage|p1a: Moltres|69/100
|
|t:|1781461396
|switch|p2a: Gliscor|Gliscor, F|42/100 tox|[from] Flip Turn
|
|-heal|p2a: Gliscor|100/100 tox|[from] move: Wish|[wisher] Alomomola
|upkeep
|turn|36
|
|t:|1781461408
|switch|p2a: Alomomola|Alomomola, M|63/100
|move|p1a: Moltres|Roost|p1a: Moltres
|-heal|p1a: Moltres|100/100
|-singleturn|p1a: Moltres|move: Roost
|
|upkeep
|turn|37
|
|t:|1781461416
|move|p1a: Moltres|Flamethrower|p2a: Alomomola
|-resisted|p2a: Alomomola
|-damage|p2a: Alomomola|40/100
|move|p2a: Alomomola|Wish|p2a: Alomomola
|
|upkeep
|turn|38
|
|t:|1781461423
|move|p2a: Alomomola|Flip Turn|p1a: Moltres
|-supereffective|p1a: Moltres
|-damage|p1a: Moltres|66/100
|-status|p2a: Alomomola|brn|[from] ability: Flame Body|[of] p1a: Moltres
|
|t:|1781461427
|switch|p2a: Slowking|Slowking-Galar, M|79/100|[from] Flip Turn
|move|p1a: Moltres|Roar|p2a: Slowking
|drag|p2a: Kyurem|Kyurem, tera:Ground|34/100
|-ability|p2a: Kyurem|Pressure
|
|-heal|p2a: Kyurem|100/100|[from] move: Wish|[wisher] Alomomola
|upkeep
|turn|39
|
|t:|1781461438
|move|p2a: Kyurem|Freeze-Dry|p1a: Moltres
|-damage|p1a: Moltres|39/100
|move|p1a: Moltres|Roost|p1a: Moltres
|-heal|p1a: Moltres|89/100
|-singleturn|p1a: Moltres|move: Roost
|
|upkeep
|turn|40
|
|t:|1781461452
|move|p2a: Kyurem|Freeze-Dry|p1a: Moltres
|-damage|p1a: Moltres|61/100
|move|p1a: Moltres|Flamethrower|p2a: Kyurem
|-damage|p2a: Kyurem|66/100
|
|-heal|p2a: Kyurem|72/100|[from] item: Leftovers
|upkeep
|turn|41
|
|t:|1781461459
|move|p2a: Kyurem|Protect|p2a: Kyurem
|-singleturn|p2a: Kyurem|Protect
|move|p1a: Moltres|Roost|p1a: Moltres
|-heal|p1a: Moltres|100/100
|-singleturn|p1a: Moltres|move: Roost
|
|-heal|p2a: Kyurem|78/100|[from] item: Leftovers
|upkeep
|turn|42
|
|t:|1781461464
|switch|p2a: Alomomola|Alomomola, M|74/100 brn
|move|p1a: Moltres|Flamethrower|p2a: Alomomola
|-resisted|p2a: Alomomola
|-damage|p2a: Alomomola|50/100 brn
|
|-damage|p2a: Alomomola|44/100 brn|[from] brn
|upkeep
|turn|43
|
|t:|1781461471
|move|p1a: Moltres|Flamethrower|p2a: Alomomola
|-resisted|p2a: Alomomola
|-damage|p2a: Alomomola|23/100 brn
|move|p2a: Alomomola|Wish|p2a: Alomomola
|
|-damage|p2a: Alomomola|17/100 brn|[from] brn
|upkeep
|turn|44
|
|t:|1781461476
|move|p2a: Alomomola|Protect|p2a: Alomomola
|-singleturn|p2a: Alomomola|Protect
|move|p1a: Moltres|Flamethrower|p2a: Alomomola
|-activate|p2a: Alomomola|move: Protect
|
|-heal|p2a: Alomomola|67/100 brn|[from] move: Wish|[wisher] Alomomola
|-damage|p2a: Alomomola|61/100 brn|[from] brn
|upkeep
|turn|45
|
|t:|1781461482
|move|p1a: Moltres|Flamethrower|p2a: Alomomola
|-resisted|p2a: Alomomola
|-damage|p2a: Alomomola|38/100 brn
|move|p2a: Alomomola|Flip Turn|p1a: Moltres
|-supereffective|p1a: Moltres
|-damage|p1a: Moltres|86/100
|
|t:|1781461489
|switch|p2a: Whimsicott|Whimsicott, F|13/100|[from] Flip Turn
|
|upkeep
|turn|46
|
|t:|1781461498
|switch|p2a: Alomomola|Alomomola, M|71/100 brn
|move|p1a: Moltres|Flamethrower|p2a: Alomomola
|-resisted|p2a: Alomomola
|-damage|p2a: Alomomola|50/100 brn
|
|-damage|p2a: Alomomola|44/100 brn|[from] brn
|upkeep
|turn|47
|
|t:|1781461517
|move|p1a: Moltres|Flamethrower|p2a: Alomomola
|-resisted|p2a: Alomomola
|-crit|p2a: Alomomola
|-damage|p2a: Alomomola|11/100 brn
|move|p2a: Alomomola|Wish|p2a: Alomomola
|
|-damage|p2a: Alomomola|5/100 brn|[from] brn
|upkeep
|turn|48
|
|t:|1781461524
|move|p2a: Alomomola|Protect|p2a: Alomomola
|-singleturn|p2a: Alomomola|Protect
|move|p1a: Moltres|Roar|p2a: Alomomola
|drag|p2a: Gliscor|Gliscor, F|100/100 tox
|
|upkeep
|turn|49
|
|t:|1781461531
|move|p1a: Moltres|Flamethrower|p2a: Gliscor
|-damage|p2a: Gliscor|58/100 tox
|move|p2a: Gliscor|Swords Dance|p2a: Gliscor
|-boost|p2a: Gliscor|atk|2
|
|-heal|p2a: Gliscor|70/100 tox|[from] ability: Poison Heal
|upkeep
|turn|50
|
|t:|1781461539
|move|p1a: Moltres|Flamethrower|p2a: Gliscor
|-damage|p2a: Gliscor|27/100 tox
|move|p2a: Gliscor|Facade|p1a: Moltres
|-damage|p1a: Moltres|5/100
|
|-heal|p2a: Gliscor|39/100 tox|[from] ability: Poison Heal
|upkeep
|turn|51
|
|t:|1781461547
|switch|p2a: Slowking|Slowking-Galar, M|100/100
|move|p1a: Moltres|Roost|p1a: Moltres
|-heal|p1a: Moltres|55/100
|-singleturn|p1a: Moltres|move: Roost
|
|upkeep
|turn|52
|
|t:|1781461556
|move|p1a: Moltres|Roost|p1a: Moltres
|-heal|p1a: Moltres|100/100
|-singleturn|p1a: Moltres|move: Roost
|move|p2a: Slowking|Psychic Noise|p1a: Moltres
|-damage|p1a: Moltres|71/100
|-start|p1a: Moltres|move: Heal Block
|
|upkeep
|turn|53
|
|t:|1781461562
|move|p1a: Moltres|U-turn|p2a: Slowking
|-damage|p2a: Slowking|86/100
|
|t:|1781461566
|switch|p1a: Tarizard|Tyranitar, M|100/100|[from] U-turn
|-damage|p1a: Tarizard|88/100|[from] Spikes
|-damage|p1a: Tarizard|76/100|[from] Stealth Rock
|-weather|Sandstorm|[from] ability: Sand Stream|[of] p1a: Tarizard
|move|p2a: Slowking|Sludge Wave|p1a: Tarizard
|-resisted|p1a: Tarizard
|-damage|p1a: Tarizard|70/100
|
|-weather|Sandstorm|[upkeep]
|-damage|p2a: Slowking|80/100|[from] Sandstorm
|upkeep
|turn|54
|
|t:|1781461584
|switch|p2a: Whimsicott|Whimsicott, F|13/100
|move|p1a: Tarizard|Knock Off|p2a: Whimsicott
|-resisted|p2a: Whimsicott
|-damage|p2a: Whimsicott|0 fnt
|faint|p2a: Whimsicott
|
|-weather|Sandstorm|[upkeep]
|upkeep
|
|t:|1781461592
|switch|p2a: Cinderace|Cinderace, M|8/100
|turn|55
|
|t:|1781461603
|move|p2a: Cinderace|U-turn|p1a: Tarizard
|-start|p2a: Cinderace|typechange|Bug|[from] ability: Libero
|-supereffective|p1a: Tarizard
|-crit|p1a: Tarizard
|-damage|p1a: Tarizard|0 fnt
|faint|p1a: Tarizard
|
|t:|1781461609
|switch|p2a: Alomomola|Alomomola, M|38/100 brn|[from] U-turn
|
|-weather|Sandstorm|[upkeep]
|-damage|p2a: Alomomola|32/100 brn|[from] Sandstorm
|-damage|p2a: Alomomola|26/100 brn|[from] brn
|upkeep
|
|t:|1781461617
|switch|p1a: Donfan|Great Tusk|44/100
|turn|56
|
|t:|1781461638
|move|p1a: Donfan|Rapid Spin|p2a: Alomomola
|-damage|p2a: Alomomola|15/100 brn
|-boost|p1a: Donfan|spe|1
|-damage|p1a: Donfan|28/100|[from] item: Rocky Helmet|[of] p2a: Alomomola
|-sideend|p1: myninthsymphony|Spikes|[from] move: Rapid Spin|[of] p1a: Donfan
|-sideend|p1: myninthsymphony|Stealth Rock|[from] move: Rapid Spin|[of] p1a: Donfan
|move|p2a: Alomomola|Flip Turn|p1a: Donfan
|-supereffective|p1a: Donfan
|-damage|p1a: Donfan|16/100
|
|t:|1781461647
|switch|p2a: Kyurem|Kyurem, tera:Ground|78/100|[from] Flip Turn
|-ability|p2a: Kyurem|Pressure
|
|-weather|Sandstorm|[upkeep]
|-heal|p2a: Kyurem|84/100|[from] item: Leftovers
|upkeep
|turn|57
|
|t:|1781461655
|move|p2a: Kyurem|Protect|p2a: Kyurem
|-singleturn|p2a: Kyurem|Protect
|move|p1a: Donfan|Ice Spinner|p2a: Kyurem
|-activate|p2a: Kyurem|move: Protect
|
|-weather|none
|-heal|p2a: Kyurem|90/100|[from] item: Leftovers
|upkeep
|turn|58
|
|t:|1781461662
|-end|p1a: Donfan|Protosynthesis|[silent]
|switch|p1a: Moltres|Moltres|71/100
|move|p2a: Kyurem|Freeze-Dry|p1a: Moltres
|-damage|p1a: Moltres|43/100
|
|-heal|p2a: Kyurem|96/100|[from] item: Leftovers
|upkeep
|turn|59
|
|t:|1781461676
|switch|p2a: Alomomola|Alomomola, M|49/100 brn
|move|p1a: Moltres|Flamethrower|p2a: Alomomola
|-resisted|p2a: Alomomola
|-damage|p2a: Alomomola|26/100 brn
|
|-damage|p2a: Alomomola|20/100 brn|[from] brn
|upkeep
|turn|60
|
|t:|1781461685
|switch|p2a: Slowking|Slowking-Galar, M|100/100
|move|p1a: Moltres|Flamethrower|p2a: Slowking
|-damage|p2a: Slowking|79/100
|-status|p2a: Slowking|brn
|
|-damage|p2a: Slowking|73/100 brn|[from] brn
|upkeep
|turn|61
|
|t:|1781461692
|switch|p2a: Alomomola|Alomomola, M|53/100 brn
|move|p1a: Moltres|Roost|p1a: Moltres
|-heal|p1a: Moltres|93/100
|-singleturn|p1a: Moltres|move: Roost
|
|-damage|p2a: Alomomola|47/100 brn|[from] brn
|upkeep
|turn|62
|
|t:|1781461700
|switch|p2a: Slowking|Slowking-Galar, M|100/100 brn
|move|p1a: Moltres|Roar|p2a: Slowking
|drag|p2a: Kyurem|Kyurem, tera:Ground|96/100
|-ability|p2a: Kyurem|Pressure
|
|-heal|p2a: Kyurem|100/100|[from] item: Leftovers
|upkeep
|turn|63
|
|t:|1781461706
|switch|p2a: Alomomola|Alomomola, M|80/100 brn
|move|p1a: Moltres|U-turn|p2a: Alomomola
|-damage|p2a: Alomomola|73/100 brn
|-damage|p1a: Moltres|77/100|[from] item: Rocky Helmet|[of] p2a: Alomomola
|
|t:|1781461709
|switch|p1a: Gargle|Garganacl, M|68/100|[from] U-turn
|
|-heal|p1a: Gargle|74/100|[from] item: Leftovers
|-damage|p2a: Alomomola|66/100 brn|[from] brn
|upkeep
|turn|64
|
|t:|1781461712
|move|p2a: Alomomola|Flip Turn|p1a: Gargle
|-supereffective|p1a: Gargle
|-damage|p1a: Gargle|65/100
|
|t:|1781461717
|switch|p2a: Kyurem|Kyurem, tera:Ground|100/100|[from] Flip Turn
|-ability|p2a: Kyurem|Pressure
|move|p1a: Gargle|Salt Cure|p2a: Kyurem
|-resisted|p2a: Kyurem
|-damage|p2a: Kyurem|93/100
|-start|p2a: Kyurem|Salt Cure
|
|-heal|p2a: Kyurem|99/100|[from] item: Leftovers
|-heal|p1a: Gargle|71/100|[from] item: Leftovers
|-damage|p2a: Kyurem|87/100|[from] Salt Cure
|upkeep
|turn|65
|
|t:|1781461723
|move|p1a: Gargle|Protect|p1a: Gargle
|-singleturn|p1a: Gargle|Protect
|move|p2a: Kyurem|Freeze-Dry|p1a: Gargle
|-activate|p1a: Gargle|move: Protect
|
|-heal|p2a: Kyurem|93/100|[from] item: Leftovers
|-heal|p1a: Gargle|77/100|[from] item: Leftovers
|-damage|p2a: Kyurem|81/100|[from] Salt Cure
|upkeep
|turn|66
|
|t:|1781461729
|switch|p2a: Slowking|Slowking-Galar, M|100/100 brn
|switch|p1a: Moltres|Moltres|77/100
|
|-damage|p2a: Slowking|94/100 brn|[from] brn
|upkeep
|turn|67
|
|t:|1781461735
|move|p1a: Moltres|U-turn|p2a: Slowking
|-damage|p2a: Slowking|81/100 brn
|
|t:|1781461737
|switch|p1a: Gargle|Garganacl, M|77/100|[from] U-turn
|move|p2a: Slowking|Sludge Wave|p1a: Gargle
|-resisted|p1a: Gargle
|-damage|p1a: Gargle|56/100
|
|-heal|p1a: Gargle|62/100|[from] item: Leftovers
|-damage|p2a: Slowking|75/100 brn|[from] brn
|upkeep
|turn|68
|
|t:|1781461742
|move|p1a: Gargle|Salt Cure|p2a: Slowking
|-damage|p2a: Slowking|62/100 brn
|-start|p2a: Slowking|Salt Cure
|move|p2a: Slowking|Psychic Noise|p1a: Gargle
|-damage|p1a: Gargle|29/100
|-start|p1a: Gargle|move: Heal Block
|
|-damage|p2a: Slowking|56/100 brn|[from] brn
|-damage|p2a: Slowking|43/100 brn|[from] Salt Cure
|upkeep
|turn|69
|
|t:|1781461753
|switch|p2a: Kyurem|Kyurem, tera:Ground|81/100
|-ability|p2a: Kyurem|Pressure
|move|p1a: Gargle|Salt Cure|p2a: Kyurem
|-resisted|p2a: Kyurem
|-damage|p2a: Kyurem|74/100
|-start|p2a: Kyurem|Salt Cure
|
|-heal|p2a: Kyurem|80/100|[from] item: Leftovers
|-damage|p2a: Kyurem|68/100|[from] Salt Cure
|-end|p1a: Gargle|move: Heal Block
|upkeep
|turn|70
|
|t:|1781461756
|switch|p2a: Slowking|Slowking-Galar, M|76/100 brn
|move|p1a: Gargle|Protect||[still]
|-fail|p1a: Gargle
|
|-heal|p1a: Gargle|35/100|[from] item: Leftovers
|-damage|p2a: Slowking|70/100 brn|[from] brn
|upkeep
|turn|71
|
|t:|1781461762
|switch|p1a: Shiny|Gholdengo, shiny|60/100
|move|p2a: Slowking|Psychic Noise|p1a: Shiny
|-resisted|p1a: Shiny
|-damage|p1a: Shiny|40/100
|-start|p1a: Shiny|move: Heal Block
|
|-damage|p2a: Slowking|64/100 brn|[from] brn
|upkeep
|turn|72
|
|t:|1781461767
|move|p1a: Shiny|Nasty Plot|p1a: Shiny
|-boost|p1a: Shiny|spa|2
|move|p2a: Slowking|Flamethrower|p1a: Shiny
|-supereffective|p1a: Shiny
|-damage|p1a: Shiny|0 fnt
|faint|p1a: Shiny
|
|-damage|p2a: Slowking|58/100 brn|[from] brn
|upkeep
|
|t:|1781461772
|switch|p1a: Donfan|Great Tusk|16/100
|turn|73
|
|t:|1781461774
|switch|p2a: Alomomola|Alomomola, M|99/100 brn
|move|p1a: Donfan|Headlong Rush|p2a: Alomomola
|-damage|p2a: Alomomola|65/100 brn
|-unboost|p1a: Donfan|def|1
|-unboost|p1a: Donfan|spd|1
|-damage|p1a: Donfan|0 fnt|[from] item: Rocky Helmet|[of] p2a: Alomomola
|faint|p1a: Donfan
|-end|p1a: Donfan|Protosynthesis|[silent]
|
|-damage|p2a: Alomomola|59/100 brn|[from] brn
|upkeep
|-message|myninthsymphony forfeited.
|
|win|my2005
|raw|myninthsymphony's rating: 1611 &rarr; <strong>1594</strong><br />(-17 for losing)
|raw|my2005's rating: 1656 &rarr; <strong>1673</strong><br />(+17 for winning)
|l|☆myninthsymphony
|player|p1|
|l|☆my2005
|player|p2|
