|j|☆Floundso
|j|☆DuckyBro
|t:|1781000100
|gametype|singles
|player|p1|Floundso|giovanni|1554
|player|p2|DuckyBro|dragontamer|1619
|gen|9
|tier|[Gen 9] OU
|rated|
|rule|HP Percentage Mod: HP is shown in percentages
|rule|Endless Battle Clause: Forcing endless battles is banned
|rule|Species Clause: Limit one of each Pokémon
|rule|OHKO Clause: OHKO moves are banned
|rule|Evasion Items Clause: Evasion items are banned
|rule|Evasion Moves Clause: Evasion moves are banned
|rule|Evasion Abilities Clause: Evasion abilities are banned
|rule|Sleep Moves Clause: Sleep-inducing moves are banned
|clearpoke
|poke|p1|Kyurem|
|poke|p1|Kingambit, M|
|poke|p1|Great Tusk|
|poke|p1|Cinderace, M|
|poke|p1|Slowking-Galar, M|
|poke|p1|Enamorus-Therian, F|
|poke|p2|Cinderace, F|
|poke|p2|Dondozo, M|
|poke|p2|Zapdos|
|poke|p2|Garchomp, M|
|poke|p2|Kyurem|
|poke|p2|Volcanion|
|teampreview
|
|t:|1781000115
|teamsize|p1|6
|teamsize|p2|6
|start
|switch|p1a: Great Tusk|Great Tusk, shiny|100/100
|switch|p2a: Kyurem|Kyurem|100/100
|-ability|p2a: Kyurem|Pressure
|turn|1
|
|t:|1781000125
|move|p1a: Great Tusk|Close Combat|p2a: Kyurem
|-supereffective|p2a: Kyurem
|-damage|p2a: Kyurem|0 fnt
|-unboost|p1a: Great Tusk|def|1
|-unboost|p1a: Great Tusk|spd|1
|faint|p2a: Kyurem
|
|upkeep
|
|t:|1781000129
|switch|p2a: Zapdos|Zapdos|100/100
|turn|2
|
|t:|1781000133
|-end|p1a: Great Tusk|Protosynthesis|[silent]
|switch|p1a: Slowking|Slowking-Galar, M, shiny|100/100
|move|p2a: Zapdos|Hurricane|p1a: Slowking|[miss]
|-miss|p2a: Zapdos|p1a: Slowking
|
|upkeep
|turn|3
|
|t:|1781000139
|move|p2a: Zapdos|Hurricane|p1a: Slowking
|-crit|p1a: Slowking
|-damage|p1a: Slowking|33/100
|-start|p1a: Slowking|confusion
|-activate|p1a: Slowking|confusion
|move|p1a: Slowking|Ice Beam|p2a: Zapdos
|-supereffective|p2a: Zapdos
|-damage|p2a: Zapdos|32/100
|
|upkeep
|turn|4
|
|t:|1781000150
|switch|p1a: Kingambit|Kingambit, M, shiny|100/100
|-item|p1a: Kingambit|Air Balloon
|move|p2a: Zapdos|Hurricane|p1a: Kingambit|[miss]
|-miss|p2a: Zapdos|p1a: Kingambit
|
|upkeep
|turn|5
|c|☆DuckyBro|bro
|c|☆DuckyBro|this morning is freaking unfait
|c|☆DuckyBro|so many miss
|
|t:|1781000170
|switch|p2a: Garchomp|Garchomp, M|100/100
|-end|p1a: Kingambit|fallenundefined|[silent]
|switch|p1a: Slowking|Slowking-Galar, M, shiny|66/100
|
|upkeep
|turn|6
|
|t:|1781000176
|switch|p1a: Enamorus|Enamorus-Therian, F|100/100
|move|p2a: Garchomp|Earthquake|p1a: Enamorus
|-immune|p1a: Enamorus
|
|upkeep
|turn|7
|c|☆Floundso|to be fair u crit confused one of them
|
|t:|1781000198
|switch|p1a: Slowking|Slowking-Galar, M, shiny|99/100
|-terastallize|p2a: Garchomp|Steel
|move|p2a: Garchomp|Swords Dance|p2a: Garchomp
|-boost|p2a: Garchomp|atk|2
|
|upkeep
|turn|8
|c|☆DuckyBro|while true a crit is not as useful as the double hit
|
|t:|1781000223
|switch|p1a: Enamorus|Enamorus-Therian, F|100/100
|move|p2a: Garchomp|Scale Shot|p1a: Enamorus
|-immune|p1a: Enamorus
|
|upkeep
|turn|9
|c|☆DuckyBro|but i see the point
|
|t:|1781000233
|switch|p1a: Cinderace|Cinderace, M, shiny|100/100
|move|p2a: Garchomp|Iron Head|p1a: Cinderace
|-resisted|p1a: Cinderace
|-damage|p1a: Cinderace|35/100
|
|upkeep
|turn|10
|
|t:|1781000239
|switch|p2a: Volcanion|Volcanion|100/100
|move|p1a: Cinderace|Pyro Ball|p2a: Volcanion
|-resisted|p2a: Volcanion
|-damage|p2a: Volcanion|89/100
|
|upkeep
|turn|11
|
|t:|1781000248
|move|p1a: Cinderace|U-turn|p2a: Volcanion
|-start|p1a: Cinderace|typechange|Bug|[from] ability: Libero
|-resisted|p2a: Volcanion
|-damage|p2a: Volcanion|75/100
|
|t:|1781000251
|switch|p1a: Slowking|Slowking-Galar, M, shiny|100/100|[from] U-turn
|move|p2a: Volcanion|Steam Eruption|p1a: Slowking
|-damage|p1a: Slowking|67/100
|-status|p1a: Slowking|brn
|
|-damage|p1a: Slowking|61/100 brn|[from] brn
|upkeep
|turn|12
|
|t:|1781000255
|switch|p2a: Garchomp|Garchomp, M, tera:Steel|100/100
|move|p1a: Slowking|Sludge Bomb|p2a: Garchomp
|-immune|p2a: Garchomp
|
|-damage|p1a: Slowking|54/100 brn|[from] brn
|upkeep
|turn|13
|
|t:|1781000262
|switch|p1a: Great Tusk|Great Tusk, shiny|100/100
|move|p2a: Garchomp|Iron Head|p1a: Great Tusk
|-damage|p1a: Great Tusk|67/100
|
|upkeep
|turn|14
|
|t:|1781000269
|switch|p2a: Zapdos|Zapdos|32/100
|move|p1a: Great Tusk|Close Combat|p2a: Zapdos
|-resisted|p2a: Zapdos
|-damage|p2a: Zapdos|0 fnt
|-unboost|p1a: Great Tusk|def|1
|-unboost|p1a: Great Tusk|spd|1
|-status|p1a: Great Tusk|par|[from] ability: Static|[of] p2a: Zapdos
|faint|p2a: Zapdos
|
|upkeep
|
|t:|1781000274
|switch|p2a: Volcanion|Volcanion|75/100
|turn|15
|
|t:|1781000279
|-end|p1a: Great Tusk|Protosynthesis|[silent]
|switch|p1a: Slowking|Slowking-Galar, M, shiny|88/100 brn
|move|p2a: Volcanion|Steam Eruption|p1a: Slowking
|-damage|p1a: Slowking|55/100 brn
|
|-damage|p1a: Slowking|49/100 brn|[from] brn
|upkeep
|turn|16
|
|t:|1781000282
|move|p2a: Volcanion|Fire Blast|p1a: Slowking
|-damage|p1a: Slowking|17/100 brn
|move|p1a: Slowking|Sludge Bomb|p2a: Volcanion
|-damage|p2a: Volcanion|47/100
|
|-damage|p1a: Slowking|10/100 brn|[from] brn
|upkeep
|turn|17
|
|t:|1781000288
|move|p2a: Volcanion|Fire Blast|p1a: Slowking
|-damage|p1a: Slowking|0 fnt
|faint|p1a: Slowking
|
|upkeep
|
|t:|1781000295
|switch|p1a: Kyurem|Kyurem, shiny|100/100
|-ability|p1a: Kyurem|Pressure
|turn|18
|
|t:|1781000299
|move|p1a: Kyurem|Earth Power|p2a: Volcanion
|-supereffective|p2a: Volcanion
|-damage|p2a: Volcanion|10/100
|-unboost|p2a: Volcanion|spd|1
|move|p2a: Volcanion|Fire Blast|p1a: Kyurem|[miss]
|-miss|p2a: Volcanion|p1a: Kyurem
|
|upkeep
|turn|19
|
|t:|1781000306
|move|p1a: Kyurem|Earth Power|p2a: Volcanion
|-supereffective|p2a: Volcanion
|-damage|p2a: Volcanion|0 fnt
|faint|p2a: Volcanion
|
|upkeep
|
|t:|1781000309
|switch|p2a: Cinderace|Cinderace, F|100/100
|turn|20
|c|☆DuckyBro|yeah gg wp
|c|☆DuckyBro|i can't win
|c|☆DuckyBro|if the fireblast had hit
|c|☆DuckyBro|maybe i could have passed kyu
|
|t:|1781000338
|move|p2a: Cinderace|U-turn|p1a: Kyurem
|-start|p2a: Cinderace|typechange|Bug|[from] ability: Libero
|-damage|p1a: Kyurem|80/100
|
|t:|1781000341
|switch|p2a: Dondozo|Dondozo, M|100/100|[from] U-turn
|move|p1a: Kyurem|Earth Power|p2a: Dondozo
|-damage|p2a: Dondozo|75/100
|
|upkeep
|turn|21
|
|t:|1781000351
|move|p1a: Kyurem|Freeze-Dry|p2a: Dondozo
|-supereffective|p2a: Dondozo
|-damage|p2a: Dondozo|20/100
|move|p2a: Dondozo|Liquidation|p1a: Kyurem
|-resisted|p1a: Kyurem
|-damage|p1a: Kyurem|72/100
|
|upkeep
|turn|22
|
|t:|1781000357
|move|p1a: Kyurem|Freeze-Dry|p2a: Dondozo
|-supereffective|p2a: Dondozo
|-damage|p2a: Dondozo|0 fnt
|faint|p2a: Dondozo
|
|upkeep
|
|t:|1781000359
|switch|p2a: Cinderace|Cinderace, F|100/100
|turn|23
|
|t:|1781000364
|switch|p1a: Great Tusk|Great Tusk, shiny|67/100 par
|move|p2a: Cinderace|Sucker Punch||[still]
|-fail|p2a: Cinderace
|
|upkeep
|turn|24
|
|t:|1781000367
|move|p2a: Cinderace|Pyro Ball|p1a: Great Tusk
|-damage|p1a: Great Tusk|27/100 par
|move|p1a: Great Tusk|Headlong Rush|p2a: Cinderace
|-supereffective|p2a: Cinderace
|-damage|p2a: Cinderace|0 fnt
|-unboost|p1a: Great Tusk|def|1
|-unboost|p1a: Great Tusk|spd|1
|faint|p2a: Cinderace
|
|upkeep
|
|t:|1781000369
|switch|p2a: Garchomp|Garchomp, M, tera:Steel|100/100
|turn|25
|
|t:|1781000373
|-end|p1a: Great Tusk|Protosynthesis|[silent]
|switch|p1a: Enamorus|Enamorus-Therian, F|100/100
|move|p2a: Garchomp|Swords Dance|p2a: Garchomp
|-boost|p2a: Garchomp|atk|2
|
|upkeep
|turn|26
|
|t:|1781000379
|move|p2a: Garchomp|Iron Head|p1a: Enamorus
|-supereffective|p1a: Enamorus
|-damage|p1a: Enamorus|0 fnt
|faint|p1a: Enamorus
|
|upkeep
|
|t:|1781000383
|switch|p1a: Cinderace|Cinderace, M, shiny|35/100
|turn|27
|
|t:|1781000385
|move|p1a: Cinderace|Pyro Ball|p2a: Garchomp
|-supereffective|p2a: Garchomp
|-damage|p2a: Garchomp|0 fnt
|faint|p2a: Garchomp
|
|win|Floundso
|raw|Floundso's rating: 1554 &rarr; <strong>1578</strong><br />(+24 for winning)
|raw|DuckyBro's rating: 1619 &rarr; <strong>1595</strong><br />(-24 for losing)
|l|☆Floundso
|player|p1|
|l|☆DuckyBro
|player|p2|
