|j|☆KurisuChestnutOU
|j|☆Gunkip
|t:|1781138246
|gametype|singles
|player|p1|KurisuChestnutOU|may-contest|1614
|player|p2|Gunkip|zinnia|1610
|gen|9
|tier|[Gen 9] OU
|rated|
|rule|HP Percentage Mod: HP is shown in percentages
|rule|Endless Battle Clause: Forcing endless battles is banned
|rule|Species Clause: Limit one of each Pokémon
|rule|OHKO Clause: OHKO moves are banned
|rule|Evasion Items Clause: Evasion items are banned
|rule|Evasion Moves Clause: Evasion moves are banned
|rule|Evasion Abilities Clause: Evasion abilities are banned
|rule|Sleep Moves Clause: Sleep-inducing moves are banned
|clearpoke
|poke|p1|Gliscor, M|
|poke|p1|Dondozo, M|
|poke|p1|Slowking-Galar, F|
|poke|p1|Gholdengo|
|poke|p1|Great Tusk|
|poke|p1|Kingambit, F|
|poke|p2|Regieleki|
|poke|p2|Grafaiai, M|
|poke|p2|Corviknight, M|
|poke|p2|Zamazenta-*|
|poke|p2|Alomomola, F|
|poke|p2|Gliscor, F|
|teampreview
|
|t:|1781138252
|teamsize|p1|6
|teamsize|p2|6
|start
|switch|p1a: Gholdengo|Gholdengo|100/100
|switch|p2a: Grafaiai|Grafaiai, M|100/100
|-item|p1a: Gholdengo|Air Balloon
|turn|1
|inactive|Battle timer is ON: inactive players will automatically lose when time's up. (requested by KurisuChestnutOU)
|
|t:|1781138257
|move|p2a: Grafaiai|U-turn|p1a: Gholdengo
|-resisted|p1a: Gholdengo
|-damage|p1a: Gholdengo|96/100
|-enditem|p1a: Gholdengo|Air Balloon
|
|t:|1781138260
|switch|p2a: Alomomola|Alomomola, F|100/100|[from] U-turn
|move|p1a: Gholdengo|Nasty Plot|p1a: Gholdengo
|-boost|p1a: Gholdengo|spa|2
|
|upkeep
|turn|2
|
|t:|1781138264
|move|p1a: Gholdengo|Shadow Ball|p2a: Alomomola
|-damage|p2a: Alomomola|57/100
|move|p2a: Alomomola|Scald|p1a: Gholdengo
|-damage|p1a: Gholdengo|81/100
|
|upkeep
|turn|3
|
|t:|1781138272
|move|p1a: Gholdengo|Shadow Ball|p2a: Alomomola
|-damage|p2a: Alomomola|16/100
|move|p2a: Alomomola|Flip Turn|p1a: Gholdengo
|-damage|p1a: Gholdengo|64/100
|
|t:|1781138277
|switch|p2a: Regieleki|Regieleki|100/100|[from] Flip Turn
|
|upkeep
|turn|4
|
|t:|1781138284
|switch|p2a: Grafaiai|Grafaiai, M|100/100
|move|p1a: Gholdengo|Recover|p1a: Gholdengo
|-heal|p1a: Gholdengo|100/100
|
|upkeep
|turn|5
|
|t:|1781138304
|move|p2a: Grafaiai|Switcheroo|p1a: Gholdengo
|-immune|p1a: Gholdengo|[from] ability: Good as Gold
|move|p1a: Gholdengo|Nasty Plot|p1a: Gholdengo
|-boost|p1a: Gholdengo|spa|2
|
|upkeep
|turn|6
|
|t:|1781138311
|move|p2a: Grafaiai|U-turn|p1a: Gholdengo
|-resisted|p1a: Gholdengo
|-damage|p1a: Gholdengo|96/100
|
|t:|1781138317
|switch|p2a: Alomomola|Alomomola, F|50/100|[from] U-turn
|move|p1a: Gholdengo|Nasty Plot|p1a: Gholdengo
|-boost|p1a: Gholdengo|spa|2
|
|upkeep
|turn|7
|
|t:|1781138321
|move|p1a: Gholdengo|Make It Rain|p2a: Alomomola
|-resisted|p2a: Alomomola
|-damage|p2a: Alomomola|0 fnt
|-unboost|p1a: Gholdengo|spa|1
|faint|p2a: Alomomola
|
|upkeep
|
|t:|1781138326
|switch|p2a: Zamazenta|Zamazenta|100/100
|-ability|p2a: Zamazenta|Dauntless Shield|boost
|-boost|p2a: Zamazenta|def|1
|turn|8
|
|t:|1781138330
|move|p2a: Zamazenta|Crunch|p1a: Gholdengo
|-supereffective|p1a: Gholdengo
|-damage|p1a: Gholdengo|7/100
|move|p1a: Gholdengo|Shadow Ball|p2a: Zamazenta
|-damage|p2a: Zamazenta|0 fnt
|faint|p2a: Zamazenta
|
|upkeep
|
|t:|1781138341
|switch|p2a: Regieleki|Regieleki|100/100
|turn|9
|
|t:|1781138346
|switch|p1a: Gliscor|Gliscor, M|100/100
|move|p2a: Regieleki|Volt Switch|p1a: Gliscor
|-immune|p1a: Gliscor
|
|-status|p1a: Gliscor|tox|[from] item: Toxic Orb
|upkeep
|turn|10
|
|t:|1781138352
|switch|p2a: Grafaiai|Grafaiai, M|100/100
|move|p1a: Gliscor|Knock Off|p2a: Grafaiai
|-damage|p2a: Grafaiai|71/100
|-enditem|p2a: Grafaiai|Ring Target|[from] move: Knock Off|[of] p1a: Gliscor
|
|upkeep
|turn|11
|-message|Gunkip forfeited.
|
|win|KurisuChestnutOU
|raw|KurisuChestnutOU's rating: 1590 &rarr; <strong>1611</strong><br />(+21 for winning)
|raw|Gunkip's rating: 1610 &rarr; <strong>1589</strong><br />(-21 for losing)
|l|☆Gunkip
|player|p2|
