|badge|p1|bronze|gen9ou|100-9
|uhtml|medal-msg|<div class="broadcast-blue">Curious what those medals under the avatar are? PS now has Ladder Seasons! For more information, check out the <a href="https://www.smogon.com/forums/threads/3740067/">thread on Smogon.</a></div>
|badge|p2|bronze|gen9ou|100-9
|uhtml|medal-msg|<div class="broadcast-blue">Curious what those medals under the avatar are? PS now has Ladder Seasons! For more information, check out the <a href="https://www.smogon.com/forums/threads/3740067/">thread on Smogon.</a></div>
|j|☆Auburn Hills
|j|☆noob1877
|t:|1781477058
|gametype|singles
|player|p1|Auburn Hills|alder|1863
|player|p2|noob1877|265|1840
|gen|9
|tier|[Gen 9] OU
|rated|
|rule|HP Percentage Mod: HP is shown in percentages
|rule|Endless Battle Clause: Forcing endless battles is banned
|rule|Species Clause: Limit one of each Pokémon
|rule|OHKO Clause: OHKO moves are banned
|rule|Evasion Items Clause: Evasion items are banned
|rule|Evasion Moves Clause: Evasion moves are banned
|rule|Evasion Abilities Clause: Evasion abilities are banned
|rule|Sleep Moves Clause: Sleep-inducing moves are banned
|clearpoke
|poke|p1|Iron Moth|
|poke|p1|Umbreon, M|
|poke|p1|Garchomp, M|
|poke|p1|Glimmora, M|
|poke|p1|Gholdengo|
|poke|p1|Dragonite, M|
|poke|p2|Kingambit, F|
|poke|p2|Iron Treads|
|poke|p2|Moltres|
|poke|p2|Zamazenta-*|
|poke|p2|Slowking-Galar, M|
|poke|p2|Primarina, M|
|teampreview
|j| rexa2
|
|t:|1781477082
|teamsize|p1|6
|teamsize|p2|6
|start
|switch|p1a: Glimmora|Glimmora, M|100/100
|switch|p2a: Iron Treads|Iron Treads|100/100
|turn|1
|
|t:|1781477087
|move|p2a: Iron Treads|Earthquake|p1a: Glimmora
|-supereffective|p1a: Glimmora
|-enditem|p1a: Glimmora|Focus Sash
|-damage|p1a: Glimmora|1/100
|-activate|p1a: Glimmora|ability: Toxic Debris
|-sidestart|p2: noob1877|move: Toxic Spikes
|move|p1a: Glimmora|Earth Power|p2a: Iron Treads
|-supereffective|p2a: Iron Treads
|-damage|p2a: Iron Treads|6/100
|
|upkeep
|turn|2
|
|t:|1781477096
|move|p2a: Iron Treads|Ice Spinner|p1a: Glimmora
|-damage|p1a: Glimmora|0 fnt
|-activate|p1a: Glimmora|ability: Toxic Debris
|-sidestart|p2: noob1877|move: Toxic Spikes
|faint|p1a: Glimmora
|
|upkeep
|
|t:|1781477102
|switch|p1a: Smino|Gholdengo|100/100
|turn|3
|
|t:|1781477104
|-end|p2a: Iron Treads|Quark Drive|[silent]
|switch|p2a: Slowking|Slowking-Galar, M|100/100
|-sideend|p2: noob1877|move: Toxic Spikes|[of] p2a: Slowking
|move|p1a: Smino|Shadow Ball|p2a: Slowking
|-supereffective|p2a: Slowking
|-damage|p2a: Slowking|30/100
|
|-heal|p2a: Slowking|37/100|[from] item: Black Sludge
|upkeep
|turn|4
|j| 1st grade lad lj
|
|t:|1781477109
|switch|p1a: Rat Tally|Garchomp, M|100/100
|switch|p2a: Primarina|Primarina, M|100/100
|
|upkeep
|turn|5
|
|t:|1781477113
|-terastallize|p1a: Rat Tally|Poison
|move|p1a: Rat Tally|Swords Dance|p1a: Rat Tally
|-boost|p1a: Rat Tally|atk|2
|move|p2a: Primarina|Moonblast|p1a: Rat Tally
|-resisted|p1a: Rat Tally
|-damage|p1a: Rat Tally|67/100
|-unboost|p1a: Rat Tally|spa|1
|
|upkeep
|turn|6
|j| HITMAN9191
|
|t:|1781477178
|switch|p2a: Iron Treads|Iron Treads|6/100
|move|p1a: Rat Tally|Earthquake|p2a: Iron Treads
|-supereffective|p2a: Iron Treads
|-crit|p2a: Iron Treads
|-damage|p2a: Iron Treads|0 fnt
|faint|p2a: Iron Treads
|-end|p2a: Iron Treads|Quark Drive|[silent]
|
|upkeep
|inactive|Battle timer is ON: inactive players will automatically lose when time's up. (requested by Auburn Hills)
|l| HITMAN9191
|inactive|noob1877 has 120 seconds left.
|inactive|noob1877 has 90 seconds left.
|j| gilbongoobs
|inactive|noob1877 has 60 seconds left.
|
|t:|1781477296
|switch|p2a: Zamazenta|Zamazenta|100/100
|-ability|p2a: Zamazenta|Dauntless Shield|boost
|-boost|p2a: Zamazenta|def|1
|turn|7
|
|t:|1781477304
|move|p2a: Zamazenta|Stone Edge|p1a: Rat Tally
|-damage|p1a: Rat Tally|18/100
|move|p1a: Rat Tally|Scale Shot|p2a: Zamazenta
|-damage|p2a: Zamazenta|83/100
|-damage|p2a: Zamazenta|67/100
|-damage|p2a: Zamazenta|51/100
|-damage|p2a: Zamazenta|34/100
|-hitcount|p2a: Zamazenta|4
|-unboost|p1a: Rat Tally|def|1
|-boost|p1a: Rat Tally|spe|1
|
|upkeep
|turn|8
|
|t:|1781477310
|move|p1a: Rat Tally|Earthquake|p2a: Zamazenta
|-damage|p2a: Zamazenta|0 fnt
|faint|p2a: Zamazenta
|
|upkeep
|
|t:|1781477311
|switch|p2a: Kingambit|Kingambit, F|100/100
|-activate|p2a: Kingambit|ability: Supreme Overlord
|-start|p2a: Kingambit|fallen2|[silent]
|turn|9
|
|t:|1781477315
|move|p2a: Kingambit|Sucker Punch||[still]
|-fail|p2a: Kingambit
|move|p1a: Rat Tally|Swords Dance|p1a: Rat Tally
|-boost|p1a: Rat Tally|atk|2
|
|upkeep
|turn|10
|
|t:|1781477317
|move|p2a: Kingambit|Sucker Punch||[still]
|-fail|p2a: Kingambit
|move|p1a: Rat Tally|Swords Dance|p1a: Rat Tally
|-boost|p1a: Rat Tally|atk|2
|
|upkeep
|turn|11
|
|t:|1781477319
|move|p2a: Kingambit|Sucker Punch||[still]
|-fail|p2a: Kingambit
|move|p1a: Rat Tally|Swords Dance|p1a: Rat Tally
|-boost|p1a: Rat Tally|atk|0
|
|upkeep
|turn|12
|
|t:|1781477322
|switch|p1a: Smino|Gholdengo|100/100
|move|p2a: Kingambit|Sucker Punch||[still]
|-fail|p2a: Kingambit
|
|upkeep
|turn|13
|
|t:|1781477327
|-end|p2a: Kingambit|fallen2|[silent]
|switch|p2a: Primarina|Primarina, M|100/100
|move|p1a: Smino|Trick|p2a: Primarina
|-activate|p1a: Smino|move: Trick|[of] p2a: Primarina
|-item|p2a: Primarina|Choice Scarf|[from] move: Trick
|-item|p1a: Smino|Assault Vest|[from] move: Trick
|
|upkeep
|turn|14
|
|t:|1781477339
|switch|p1a: Alvvays|Umbreon, M|100/100
|move|p2a: Primarina|Surf|p1a: Alvvays
|-damage|p1a: Alvvays|73/100
|
|-heal|p1a: Alvvays|79/100|[from] item: Leftovers
|upkeep
|turn|15
|
|t:|1781477342
|switch|p2a: Slowking|Slowking-Galar, M|70/100
|move|p1a: Alvvays|Thunder Wave|p2a: Slowking
|-status|p2a: Slowking|par
|
|-heal|p1a: Alvvays|85/100|[from] item: Leftovers
|-heal|p2a: Slowking|76/100 par|[from] item: Black Sludge
|upkeep
|turn|16
|
|t:|1781477346
|move|p1a: Alvvays|Foul Play|p2a: Slowking
|-supereffective|p2a: Slowking
|-damage|p2a: Slowking|51/100 par
|-prepare|p2a: Slowking|Chilly Reception|[premajor]
|cant|p2a: Slowking|par
|
|-heal|p1a: Alvvays|91/100|[from] item: Leftovers
|-heal|p2a: Slowking|57/100 par|[from] item: Black Sludge
|upkeep
|turn|17
|
|t:|1781477350
|switch|p1a: Smino|Gholdengo|100/100
|move|p2a: Slowking|Trick|p1a: Smino
|-immune|p1a: Smino|[from] ability: Good as Gold
|
|-heal|p2a: Slowking|63/100 par|[from] item: Black Sludge
|upkeep
|turn|18
|
|t:|1781477357
|switch|p2a: Primarina|Primarina, M|100/100
|move|p1a: Smino|Shadow Ball|p2a: Primarina
|-damage|p2a: Primarina|62/100
|
|upkeep
|turn|19
|
|t:|1781477362
|move|p2a: Primarina|Moonblast|p1a: Smino
|-resisted|p1a: Smino
|-damage|p1a: Smino|81/100
|-unboost|p1a: Smino|spa|1
|move|p1a: Smino|Shadow Ball|p2a: Primarina
|-damage|p2a: Primarina|37/100
|
|upkeep
|turn|20
|
|t:|1781477367
|switch|p2a: Kingambit|Kingambit, F|100/100
|-activate|p2a: Kingambit|ability: Supreme Overlord
|-start|p2a: Kingambit|fallen2|[silent]
|switch|p1a: Alvvays|Umbreon, M|91/100
|
|-heal|p1a: Alvvays|97/100|[from] item: Leftovers
|upkeep
|turn|21
|
|t:|1781477370
|-end|p2a: Kingambit|fallen2|[silent]
|switch|p2a: Primarina|Primarina, M|37/100
|move|p1a: Alvvays|Thunder Wave|p2a: Primarina
|-status|p2a: Primarina|par
|
|-heal|p1a: Alvvays|100/100|[from] item: Leftovers
|upkeep
|turn|22
|
|t:|1781477374
|move|p1a: Alvvays|Wish|p1a: Alvvays
|move|p2a: Primarina|Flip Turn|p1a: Alvvays
|-damage|p1a: Alvvays|89/100
|
|t:|1781477376
|switch|p2a: Slowking|Slowking-Galar, M|96/100 par|[from] Flip Turn
|
|-heal|p1a: Alvvays|95/100|[from] item: Leftovers
|-heal|p2a: Slowking|100/100 par|[from] item: Black Sludge
|upkeep
|turn|23
|
|t:|1781477381
|switch|p1a: Smino|Gholdengo|81/100
|move|p2a: Slowking|Sludge Bomb|p1a: Smino
|-immune|p1a: Smino
|
|-heal|p1a: Smino|100/100|[from] move: Wish|[wisher] Alvvays
|upkeep
|turn|24
|
|t:|1781477394
|switch|p2a: Kingambit|Kingambit, F|100/100
|-activate|p2a: Kingambit|ability: Supreme Overlord
|-start|p2a: Kingambit|fallen2|[silent]
|move|p1a: Smino|Shadow Ball|p2a: Kingambit
|-resisted|p2a: Kingambit
|-damage|p2a: Kingambit|80/100
|-unboost|p2a: Kingambit|spd|1
|
|upkeep
|turn|25
|j| Xaldyn&Rhapsodie
|
|t:|1781477397
|move|p2a: Kingambit|Sucker Punch|p1a: Smino
|-supereffective|p1a: Smino
|-damage|p1a: Smino|0 fnt
|faint|p1a: Smino
|
|upkeep
|
|t:|1781477400
|switch|p1a: Elucid|Dragonite, M|100/100
|turn|26
|c| Xaldyn&Rhapsodie|good to see you, Auburn Hills
|
|t:|1781477405
|-end|p2a: Kingambit|fallen2|[silent]
|switch|p2a: Moltres|Moltres|100/100
|move|p1a: Elucid|Earthquake|p2a: Moltres
|-immune|p2a: Moltres
|
|upkeep
|turn|27
|
|t:|1781477410
|switch|p1a: Carly Rae|Iron Moth|100/100
|-enditem|p1a: Carly Rae|Booster Energy
|-activate|p1a: Carly Rae|ability: Quark Drive|[fromitem]
|-start|p1a: Carly Rae|quarkdrivespe
|move|p2a: Moltres|Will-O-Wisp|p1a: Carly Rae
|-immune|p1a: Carly Rae
|
|upkeep
|turn|28
|
|t:|1781477414
|move|p1a: Carly Rae|Fiery Dance|p2a: Moltres
|-resisted|p2a: Moltres
|-damage|p2a: Moltres|79/100
|-boost|p1a: Carly Rae|spa|1
|move|p2a: Moltres|U-turn|p1a: Carly Rae
|-resisted|p1a: Carly Rae
|-damage|p1a: Carly Rae|96/100
|
|t:|1781477432
|switch|p2a: Kingambit|Kingambit, F|80/100|[from] U-turn
|-activate|p2a: Kingambit|ability: Supreme Overlord
|-start|p2a: Kingambit|fallen2|[silent]
|
|upkeep
|turn|29
|
|t:|1781477435
|-terastallize|p2a: Kingambit|Fire
|move|p1a: Carly Rae|Fiery Dance|p2a: Kingambit
|-resisted|p2a: Kingambit
|-damage|p2a: Kingambit|53/100
|-boost|p1a: Carly Rae|spa|1
|move|p2a: Kingambit|Kowtow Cleave|p1a: Carly Rae
|-damage|p1a: Carly Rae|15/100
|
|upkeep
|turn|30
|
|t:|1781477440
|move|p1a: Carly Rae|Morning Sun|p1a: Carly Rae
|-heal|p1a: Carly Rae|65/100
|move|p2a: Kingambit|Kowtow Cleave|p1a: Carly Rae
|-crit|p1a: Carly Rae
|-damage|p1a: Carly Rae|0 fnt
|faint|p1a: Carly Rae
|-end|p1a: Carly Rae|Quark Drive|[silent]
|
|upkeep
|j| Agathina
|
|t:|1781477442
|switch|p1a: Elucid|Dragonite, M|100/100
|turn|31
|
|t:|1781477444
|switch|p1a: Rat Tally|Garchomp, M, tera:Poison|18/100
|-end|p2a: Kingambit|fallen2|[silent]
|switch|p2a: Moltres|Moltres|79/100
|
|upkeep
|turn|32
|
|t:|1781477447
|move|p1a: Rat Tally|Scale Shot|p2a: Moltres
|-damage|p2a: Moltres|71/100
|-damage|p2a: Moltres|61/100
|-damage|p2a: Moltres|51/100
|-damage|p2a: Moltres|42/100
|-damage|p2a: Moltres|32/100
|-hitcount|p2a: Moltres|5
|-unboost|p1a: Rat Tally|def|1
|-boost|p1a: Rat Tally|spe|1
|move|p2a: Moltres|Flamethrower|p1a: Rat Tally
|-damage|p1a: Rat Tally|0 fnt
|faint|p1a: Rat Tally
|
|upkeep
|
|t:|1781477450
|switch|p1a: Alvvays|Umbreon, M|95/100
|turn|33
|
|t:|1781477453
|move|p2a: Moltres|Roost|p2a: Moltres
|-heal|p2a: Moltres|82/100
|-singleturn|p2a: Moltres|move: Roost
|move|p1a: Alvvays|Thunder Wave|p2a: Moltres
|-status|p2a: Moltres|par
|
|-heal|p1a: Alvvays|100/100|[from] item: Leftovers
|upkeep
|turn|34
|
|t:|1781477456
|move|p1a: Alvvays|Wish|p1a: Alvvays
|move|p2a: Moltres|Will-O-Wisp|p1a: Alvvays
|-status|p1a: Alvvays|brn
|
|-damage|p1a: Alvvays|94/100 brn|[from] brn
|upkeep
|turn|35
|
|t:|1781477459
|move|p1a: Alvvays|Foul Play|p2a: Moltres
|-damage|p2a: Moltres|73/100 par
|move|p2a: Moltres|Will-O-Wisp|p1a: Alvvays|[miss]
|-miss|p2a: Moltres|p1a: Alvvays
|
|-heal|p1a: Alvvays|100/100 brn|[from] move: Wish|[wisher] Alvvays
|-damage|p1a: Alvvays|94/100 brn|[from] brn
|upkeep
|turn|36
|
|t:|1781477462
|move|p1a: Alvvays|Foul Play|p2a: Moltres
|-damage|p2a: Moltres|63/100 par
|cant|p2a: Moltres|par
|
|-heal|p1a: Alvvays|100/100 brn|[from] item: Leftovers
|-damage|p1a: Alvvays|94/100 brn|[from] brn
|upkeep
|turn|37
|
|t:|1781477465
|move|p1a: Alvvays|Foul Play|p2a: Moltres
|-damage|p2a: Moltres|53/100 par
|cant|p2a: Moltres|par
|
|-heal|p1a: Alvvays|100/100 brn|[from] item: Leftovers
|-damage|p1a: Alvvays|94/100 brn|[from] brn
|upkeep
|turn|38
|
|t:|1781477467
|move|p1a: Alvvays|Foul Play|p2a: Moltres
|-damage|p2a: Moltres|42/100 par
|move|p2a: Moltres|Roost|p2a: Moltres
|-heal|p2a: Moltres|92/100 par
|-singleturn|p2a: Moltres|move: Roost
|
|-heal|p1a: Alvvays|100/100 brn|[from] item: Leftovers
|-damage|p1a: Alvvays|94/100 brn|[from] brn
|upkeep
|turn|39
|
|t:|1781477471
|move|p1a: Alvvays|Foul Play|p2a: Moltres
|-damage|p2a: Moltres|81/100 par
|cant|p2a: Moltres|par
|
|-heal|p1a: Alvvays|100/100 brn|[from] item: Leftovers
|-damage|p1a: Alvvays|94/100 brn|[from] brn
|upkeep
|turn|40
|
|t:|1781477473
|move|p1a: Alvvays|Foul Play|p2a: Moltres
|-damage|p2a: Moltres|72/100 par
|move|p2a: Moltres|U-turn|p1a: Alvvays
|-supereffective|p1a: Alvvays
|-damage|p1a: Alvvays|73/100 brn
|
|t:|1781477475
|switch|p2a: Slowking|Slowking-Galar, M|100/100 par|[from] U-turn
|
|-heal|p1a: Alvvays|79/100 brn|[from] item: Leftovers
|-damage|p1a: Alvvays|73/100 brn|[from] brn
|upkeep
|turn|41
|
|t:|1781477479
|move|p1a: Alvvays|Foul Play|p2a: Slowking
|-supereffective|p2a: Slowking
|-damage|p2a: Slowking|88/100 par
|move|p2a: Slowking|Trick|p1a: Alvvays
|-activate|p2a: Slowking|move: Trick|[of] p1a: Alvvays
|-item|p1a: Alvvays|Black Sludge|[from] move: Trick
|-item|p2a: Slowking|Leftovers|[from] move: Trick
|
|-damage|p1a: Alvvays|60/100 brn|[from] item: Black Sludge
|-heal|p2a: Slowking|94/100 par|[from] item: Leftovers
|-damage|p1a: Alvvays|54/100 brn|[from] brn
|upkeep
|turn|42
|
|t:|1781477483
|move|p1a: Alvvays|Wish|p1a: Alvvays
|-prepare|p2a: Slowking|Chilly Reception|[premajor]
|move|p2a: Slowking|Chilly Reception|p2a: Slowking
|-weather|Snowscape
|
|t:|1781477485
|switch|p2a: Moltres|Moltres|72/100 par|[from] Chilly Reception
|
|-weather|Snowscape|[upkeep]
|-damage|p1a: Alvvays|41/100 brn|[from] item: Black Sludge
|-damage|p1a: Alvvays|35/100 brn|[from] brn
|upkeep
|turn|43
|
|t:|1781477491
|move|p1a: Alvvays|Foul Play|p2a: Moltres
|-damage|p2a: Moltres|61/100 par
|move|p2a: Moltres|Will-O-Wisp|p1a: Alvvays
|-fail|p1a: Alvvays|brn
|
|-weather|Snowscape|[upkeep]
|-heal|p1a: Alvvays|85/100 brn|[from] move: Wish|[wisher] Alvvays
|-damage|p1a: Alvvays|73/100 brn|[from] item: Black Sludge
|-damage|p1a: Alvvays|67/100 brn|[from] brn
|upkeep
|turn|44
|
|t:|1781477494
|move|p1a: Alvvays|Wish|p1a: Alvvays
|move|p2a: Moltres|Roost|p2a: Moltres
|-heal|p2a: Moltres|100/100 par
|-singleturn|p2a: Moltres|move: Roost
|
|-weather|Snowscape|[upkeep]
|-damage|p1a: Alvvays|54/100 brn|[from] item: Black Sludge
|-damage|p1a: Alvvays|48/100 brn|[from] brn
|upkeep
|turn|45
|
|t:|1781477497
|move|p1a: Alvvays|Foul Play|p2a: Moltres
|-damage|p2a: Moltres|90/100 par
|cant|p2a: Moltres|par
|
|-weather|Snowscape|[upkeep]
|-heal|p1a: Alvvays|98/100 brn|[from] move: Wish|[wisher] Alvvays
|-damage|p1a: Alvvays|85/100 brn|[from] item: Black Sludge
|-damage|p1a: Alvvays|79/100 brn|[from] brn
|upkeep
|turn|46
|
|t:|1781477501
|move|p1a: Alvvays|Foul Play|p2a: Moltres
|-damage|p2a: Moltres|80/100 par
|cant|p2a: Moltres|par
|
|-weather|none
|-damage|p1a: Alvvays|67/100 brn|[from] item: Black Sludge
|-damage|p1a: Alvvays|61/100 brn|[from] brn
|upkeep
|turn|47
|
|t:|1781477503
|move|p1a: Alvvays|Foul Play|p2a: Moltres
|-damage|p2a: Moltres|70/100 par
|move|p2a: Moltres|Will-O-Wisp|p1a: Alvvays
|-fail|p1a: Alvvays|brn
|
|-damage|p1a: Alvvays|48/100 brn|[from] item: Black Sludge
|-damage|p1a: Alvvays|42/100 brn|[from] brn
|upkeep
|turn|48
|
|t:|1781477506
|move|p1a: Alvvays|Wish|p1a: Alvvays
|move|p2a: Moltres|Will-O-Wisp|p1a: Alvvays
|-fail|p1a: Alvvays|brn
|
|-damage|p1a: Alvvays|30/100 brn|[from] item: Black Sludge
|-damage|p1a: Alvvays|24/100 brn|[from] brn
|upkeep
|turn|49
|
|t:|1781477509
|move|p1a: Alvvays|Foul Play|p2a: Moltres
|-damage|p2a: Moltres|60/100 par
|move|p2a: Moltres|Will-O-Wisp|p1a: Alvvays
|-fail|p1a: Alvvays|brn
|
|-heal|p1a: Alvvays|74/100 brn|[from] move: Wish|[wisher] Alvvays
|-damage|p1a: Alvvays|61/100 brn|[from] item: Black Sludge
|-damage|p1a: Alvvays|55/100 brn|[from] brn
|upkeep
|turn|50
|
|t:|1781477514
|move|p1a: Alvvays|Foul Play|p2a: Moltres
|-damage|p2a: Moltres|50/100 par
|move|p2a: Moltres|Roost|p2a: Moltres
|-heal|p2a: Moltres|99/100 par
|-singleturn|p2a: Moltres|move: Roost
|
|-damage|p1a: Alvvays|42/100 brn|[from] item: Black Sludge
|-damage|p1a: Alvvays|36/100 brn|[from] brn
|upkeep
|turn|51
|
|t:|1781477517
|move|p1a: Alvvays|Wish|p1a: Alvvays
|move|p2a: Moltres|Will-O-Wisp|p1a: Alvvays
|-fail|p1a: Alvvays|brn
|
|-damage|p1a: Alvvays|24/100 brn|[from] item: Black Sludge
|-damage|p1a: Alvvays|18/100 brn|[from] brn
|upkeep
|turn|52
|
|t:|1781477521
|move|p1a: Alvvays|Foul Play|p2a: Moltres
|-damage|p2a: Moltres|90/100 par
|cant|p2a: Moltres|par
|
|-heal|p1a: Alvvays|68/100 brn|[from] move: Wish|[wisher] Alvvays
|-damage|p1a: Alvvays|55/100 brn|[from] item: Black Sludge
|-damage|p1a: Alvvays|49/100 brn|[from] brn
|upkeep
|turn|53
|
|t:|1781477525
|move|p1a: Alvvays|Wish|p1a: Alvvays
|move|p2a: Moltres|Will-O-Wisp|p1a: Alvvays
|-fail|p1a: Alvvays|brn
|
|-damage|p1a: Alvvays|37/100 brn|[from] item: Black Sludge
|-damage|p1a: Alvvays|31/100 brn|[from] brn
|upkeep
|turn|54
|
|t:|1781477526
|move|p1a: Alvvays|Protect|p1a: Alvvays
|-singleturn|p1a: Alvvays|Protect
|cant|p2a: Moltres|par
|
|-heal|p1a: Alvvays|80/100 brn|[from] move: Wish|[wisher] Alvvays
|-damage|p1a: Alvvays|68/100 brn|[from] item: Black Sludge
|-damage|p1a: Alvvays|62/100 brn|[from] brn
|upkeep
|turn|55
|
|t:|1781477529
|move|p1a: Alvvays|Wish|p1a: Alvvays
|move|p2a: Moltres|Will-O-Wisp|p1a: Alvvays
|-fail|p1a: Alvvays|brn
|
|-damage|p1a: Alvvays|49/100 brn|[from] item: Black Sludge
|-damage|p1a: Alvvays|43/100 brn|[from] brn
|upkeep
|turn|56
|
|t:|1781477530
|move|p1a: Alvvays|Foul Play|p2a: Moltres
|-damage|p2a: Moltres|80/100 par
|move|p2a: Moltres|Will-O-Wisp|p1a: Alvvays
|-fail|p1a: Alvvays|brn
|
|-heal|p1a: Alvvays|93/100 brn|[from] move: Wish|[wisher] Alvvays
|-damage|p1a: Alvvays|81/100 brn|[from] item: Black Sludge
|-damage|p1a: Alvvays|75/100 brn|[from] brn
|upkeep
|turn|57
|
|t:|1781477535
|move|p1a: Alvvays|Protect|p1a: Alvvays
|-singleturn|p1a: Alvvays|Protect
|move|p2a: Moltres|Flamethrower|p1a: Alvvays
|-activate|p1a: Alvvays|move: Protect
|
|-damage|p1a: Alvvays|62/100 brn|[from] item: Black Sludge
|-damage|p1a: Alvvays|56/100 brn|[from] brn
|upkeep
|turn|58
|
|t:|1781477537
|move|p1a: Alvvays|Wish|p1a: Alvvays
|move|p2a: Moltres|Will-O-Wisp|p1a: Alvvays|[miss]
|-miss|p2a: Moltres|p1a: Alvvays
|
|-damage|p1a: Alvvays|44/100 brn|[from] item: Black Sludge
|-damage|p1a: Alvvays|37/100 brn|[from] brn
|upkeep
|turn|59
|
|t:|1781477539
|move|p1a: Alvvays|Foul Play|p2a: Moltres
|-damage|p2a: Moltres|69/100 par
|cant|p2a: Moltres|par
|
|-heal|p1a: Alvvays|87/100 brn|[from] move: Wish|[wisher] Alvvays
|-damage|p1a: Alvvays|75/100 brn|[from] item: Black Sludge
|-damage|p1a: Alvvays|69/100 brn|[from] brn
|upkeep
|turn|60
|
|t:|1781477544
|move|p1a: Alvvays|Wish|p1a: Alvvays
|move|p2a: Moltres|Will-O-Wisp|p1a: Alvvays
|-fail|p1a: Alvvays|brn
|
|-damage|p1a: Alvvays|56/100 brn|[from] item: Black Sludge
|-damage|p1a: Alvvays|50/100 brn|[from] brn
|upkeep
|turn|61
|
|t:|1781477546
|move|p1a: Alvvays|Thunder Wave|p2a: Moltres
|-fail|p2a: Moltres|par
|move|p2a: Moltres|Will-O-Wisp|p1a: Alvvays
|-fail|p1a: Alvvays|brn
|
|-heal|p1a: Alvvays|99/100 brn|[from] move: Wish|[wisher] Alvvays
|-damage|p1a: Alvvays|88/100 brn|[from] item: Black Sludge
|-damage|p1a: Alvvays|81/100 brn|[from] brn
|upkeep
|turn|62
|
|t:|1781477553
|move|p1a: Alvvays|Thunder Wave|p2a: Moltres
|-fail|p2a: Moltres|par
|move|p2a: Moltres|Flamethrower|p1a: Alvvays
|-damage|p1a: Alvvays|61/100 brn
|
|-damage|p1a: Alvvays|49/100 brn|[from] item: Black Sludge
|-damage|p1a: Alvvays|43/100 brn|[from] brn
|upkeep
|turn|63
|
|t:|1781477556
|move|p1a: Alvvays|Wish|p1a: Alvvays
|move|p2a: Moltres|Will-O-Wisp|p1a: Alvvays|[miss]
|-miss|p2a: Moltres|p1a: Alvvays
|
|-damage|p1a: Alvvays|30/100 brn|[from] item: Black Sludge
|-damage|p1a: Alvvays|24/100 brn|[from] brn
|upkeep
|turn|64
|
|t:|1781477559
|move|p1a: Alvvays|Protect|p1a: Alvvays
|-singleturn|p1a: Alvvays|Protect
|cant|p2a: Moltres|par
|
|-heal|p1a: Alvvays|74/100 brn|[from] move: Wish|[wisher] Alvvays
|-damage|p1a: Alvvays|62/100 brn|[from] item: Black Sludge
|-damage|p1a: Alvvays|55/100 brn|[from] brn
|upkeep
|turn|65
|
|t:|1781477562
|move|p1a: Alvvays|Wish|p1a: Alvvays
|cant|p2a: Moltres|par
|
|-damage|p1a: Alvvays|43/100 brn|[from] item: Black Sludge
|-damage|p1a: Alvvays|37/100 brn|[from] brn
|upkeep
|turn|66
|
|t:|1781477565
|move|p1a: Alvvays|Protect|p1a: Alvvays
|-singleturn|p1a: Alvvays|Protect
|cant|p2a: Moltres|par
|
|-heal|p1a: Alvvays|87/100 brn|[from] move: Wish|[wisher] Alvvays
|-damage|p1a: Alvvays|74/100 brn|[from] item: Black Sludge
|-damage|p1a: Alvvays|68/100 brn|[from] brn
|upkeep
|turn|67
|
|t:|1781477567
|move|p1a: Alvvays|Thunder Wave|p2a: Moltres
|-fail|p2a: Moltres|par
|move|p2a: Moltres|Flamethrower|p1a: Alvvays
|-damage|p1a: Alvvays|49/100 brn
|
|-damage|p1a: Alvvays|37/100 brn|[from] item: Black Sludge
|-damage|p1a: Alvvays|31/100 brn|[from] brn
|upkeep
|turn|68
|
|t:|1781477570
|move|p1a: Alvvays|Wish|p1a: Alvvays
|move|p2a: Moltres|Flamethrower|p1a: Alvvays
|-damage|p1a: Alvvays|13/100 brn
|
|-damage|p1a: Alvvays|0 fnt|[from] item: Black Sludge
|faint|p1a: Alvvays
|upkeep
|
|t:|1781477576
|switch|p1a: Elucid|Dragonite, M|100/100
|turn|69
|
|t:|1781477577
|move|p1a: Elucid|Dragon Dance|p1a: Elucid
|-boost|p1a: Elucid|atk|1
|-boost|p1a: Elucid|spe|1
|move|p2a: Moltres|Will-O-Wisp|p1a: Elucid
|-status|p1a: Elucid|brn
|
|-damage|p1a: Elucid|94/100 brn|[from] brn
|upkeep
|turn|70
|
|t:|1781477580
|move|p1a: Elucid|Dragon Dance|p1a: Elucid
|-boost|p1a: Elucid|atk|1
|-boost|p1a: Elucid|spe|1
|cant|p2a: Moltres|par
|
|-damage|p1a: Elucid|88/100 brn|[from] brn
|upkeep
|turn|71
|
|t:|1781477582
|move|p1a: Elucid|Dragon Dance|p1a: Elucid
|-boost|p1a: Elucid|atk|1
|-boost|p1a: Elucid|spe|1
|move|p2a: Moltres|U-turn|p1a: Elucid
|-resisted|p1a: Elucid
|-damage|p1a: Elucid|80/100 brn
|
|t:|1781477583
|switch|p2a: Kingambit|Kingambit, F, tera:Fire|53/100|[from] U-turn
|-activate|p2a: Kingambit|ability: Supreme Overlord
|-start|p2a: Kingambit|fallen2|[silent]
|
|-damage|p1a: Elucid|74/100 brn|[from] brn
|upkeep
|turn|72
|
|t:|1781477590
|move|p1a: Elucid|Earthquake|p2a: Kingambit
|-supereffective|p2a: Kingambit
|-enditem|p2a: Kingambit|Shuca Berry|[eat]
|-enditem|p2a: Kingambit|Shuca Berry|[weaken]
|-damage|p2a: Kingambit|20/100
|move|p2a: Kingambit|Kowtow Cleave|p1a: Elucid
|-damage|p1a: Elucid|7/100 brn
|
|-damage|p1a: Elucid|0 fnt|[from] brn
|faint|p1a: Elucid
|
|win|noob1877
|raw|Auburn Hills's rating: 1863 &rarr; <strong>1842</strong><br />(-21 for losing)
|raw|noob1877's rating: 1840 &rarr; <strong>1861</strong><br />(+21 for winning)
|l|☆Auburn Hills
|player|p1|
|l|☆noob1877
|player|p2|
|l| rexa2
|l| 1st grade lad lj
|l| Xaldyn&Rhapsodie
|j| rexa2
|l| rexa2
|l| gilbongoobs
