|j|‽ausar489
|j|☆mastermar22
|t:|1780926465
|gametype|singles
|player|p1|ausar489|lucas-gen4pt|1579
|player|p2|mastermar22|volkner|1563
|gen|9
|tier|[Gen 9] OU
|rated|
|rule|HP Percentage Mod: HP is shown in percentages
|rule|Endless Battle Clause: Forcing endless battles is banned
|rule|Species Clause: Limit one of each Pokémon
|rule|OHKO Clause: OHKO moves are banned
|rule|Evasion Items Clause: Evasion items are banned
|rule|Evasion Moves Clause: Evasion moves are banned
|rule|Evasion Abilities Clause: Evasion abilities are banned
|rule|Sleep Moves Clause: Sleep-inducing moves are banned
|clearpoke
|poke|p1|Ceruledge, M|
|poke|p1|Torkoal, F|
|poke|p1|Great Tusk|
|poke|p1|Walking Wake|
|poke|p1|Venusaur, F|
|poke|p1|Hatterene, F|
|poke|p2|Dragonite, M|
|poke|p2|Samurott-Hisui, M|
|poke|p2|Clefable, F|
|poke|p2|Gliscor, M|
|poke|p2|Gholdengo|
|poke|p2|Zamazenta-*|
|teampreview
|inactive|Battle timer is ON: inactive players will automatically lose when time's up. (requested by mastermar22)
|inactive|ausar489 also wants the timer to be on.
|j| Fat_Yogi
|
|t:|1780926473
|teamsize|p1|6
|teamsize|p2|6
|start
|switch|p1a: Torkoal|Torkoal, F|100/100
|switch|p2a: Samurott|Samurott-Hisui, M|100/100
|-weather|SunnyDay|[from] ability: Drought|[of] p1a: Torkoal
|turn|1
|j| starmiez55
|
|t:|1780926484
|switch|p1a: Hatterene|Hatterene, F|100/100
|move|p2a: Samurott|Ceaseless Edge|p1a: Hatterene
|-damage|p1a: Hatterene|65/100
|-sidestart|p1: ausar489|Spikes
|-enditem|p1a: Hatterene|Eject Button
|
|t:|1780926489
|switch|p1a: Great Tusk|Great Tusk|100/100
|-damage|p1a: Great Tusk|88/100|[from] Spikes
|-activate|p1a: Great Tusk|ability: Protosynthesis
|-start|p1a: Great Tusk|protosynthesisatk
|
|-weather|SunnyDay|[upkeep]
|upkeep
|turn|2
|
|t:|1780926492
|switch|p2a: Clefable|Clefable, F|100/100
|move|p1a: Great Tusk|Rapid Spin|p2a: Clefable
|-damage|p2a: Clefable|82/100
|-boost|p1a: Great Tusk|spe|1
|-damage|p1a: Great Tusk|72/100|[from] item: Rocky Helmet|[of] p2a: Clefable
|-sideend|p1: ausar489|Spikes|[from] move: Rapid Spin|[of] p1a: Great Tusk
|
|-weather|SunnyDay|[upkeep]
|upkeep
|turn|3
|
|t:|1780926503
|move|p1a: Great Tusk|Rapid Spin|p2a: Clefable
|-damage|p2a: Clefable|63/100
|-boost|p1a: Great Tusk|spe|1
|-damage|p1a: Great Tusk|55/100|[from] item: Rocky Helmet|[of] p2a: Clefable
|move|p2a: Clefable|Stealth Rock|p1a: Great Tusk
|-sidestart|p1: ausar489|move: Stealth Rock
|
|-weather|SunnyDay|[upkeep]
|upkeep
|turn|4
|
|t:|1780926509
|move|p1a: Great Tusk|Headlong Rush|p2a: Clefable
|-damage|p2a: Clefable|0 fnt
|-unboost|p1a: Great Tusk|def|1
|-unboost|p1a: Great Tusk|spd|1
|-damage|p1a: Great Tusk|38/100|[from] item: Rocky Helmet|[of] p2a: Clefable
|faint|p2a: Clefable
|
|-weather|SunnyDay|[upkeep]
|upkeep
|
|t:|1780926517
|switch|p2a: Gliscor|Gliscor, M|100/100
|turn|5
|
|t:|1780926521
|move|p2a: Gliscor|Protect|p2a: Gliscor
|-singleturn|p2a: Gliscor|Protect
|move|p1a: Great Tusk|Ice Spinner|p2a: Gliscor
|-activate|p2a: Gliscor|move: Protect
|
|-weather|SunnyDay|[upkeep]
|-status|p2a: Gliscor|tox|[from] item: Toxic Orb
|upkeep
|turn|6
|j| iamfrhaan007
|j| michealjackkson
|
|t:|1780926542
|switch|p2a: Zamazenta|Zamazenta|100/100
|-ability|p2a: Zamazenta|Dauntless Shield|boost
|-boost|p2a: Zamazenta|def|1
|move|p1a: Great Tusk|Ice Spinner|p2a: Zamazenta
|-damage|p2a: Zamazenta|78/100
|
|-weather|SunnyDay|[upkeep]
|-heal|p2a: Zamazenta|84/100|[from] item: Leftovers
|upkeep
|turn|7
|j| Agathina
|
|t:|1780926549
|move|p1a: Great Tusk|Rapid Spin|p2a: Zamazenta
|-damage|p2a: Zamazenta|69/100
|-boost|p1a: Great Tusk|spe|1
|-sideend|p1: ausar489|Stealth Rock|[from] move: Rapid Spin|[of] p1a: Great Tusk
|move|p2a: Zamazenta|Body Press|p1a: Great Tusk
|-damage|p1a: Great Tusk|0 fnt
|faint|p1a: Great Tusk
|-end|p1a: Great Tusk|Protosynthesis|[silent]
|
|-weather|SunnyDay|[upkeep]
|-heal|p2a: Zamazenta|76/100|[from] item: Leftovers
|upkeep
|
|t:|1780926552
|switch|p1a: Walking Wake|Walking Wake|100/100
|-activate|p1a: Walking Wake|ability: Protosynthesis
|-start|p1a: Walking Wake|protosynthesisspe
|turn|8
|
|t:|1780926556
|switch|p2a: Samurott|Samurott-Hisui, M|100/100
|-terastallize|p1a: Walking Wake|Water
|move|p1a: Walking Wake|Hydro Steam|p2a: Samurott
|-resisted|p2a: Samurott
|-damage|p2a: Samurott|56/100
|
|-weather|none
|-end|p1a: Walking Wake|Protosynthesis
|upkeep
|turn|9
|
|t:|1780926564
|-end|p1a: Walking Wake|Protosynthesis|[silent]
|switch|p1a: Torkoal|Torkoal, F|100/100
|-weather|SunnyDay|[from] ability: Drought|[of] p1a: Torkoal
|move|p2a: Samurott|Ceaseless Edge|p1a: Torkoal
|-damage|p1a: Torkoal|60/100
|-sidestart|p1: ausar489|Spikes
|
|-weather|SunnyDay|[upkeep]
|upkeep
|turn|10
|inactive|mastermar22 has 120 seconds left.
|
|t:|1780926602
|switch|p1a: Venusaur|Venusaur, F|100/100
|-damage|p1a: Venusaur|88/100|[from] Spikes
|move|p2a: Samurott|Ceaseless Edge|p1a: Venusaur|[miss]
|-miss|p2a: Samurott|p1a: Venusaur
|
|-weather|SunnyDay|[upkeep]
|upkeep
|turn|11
|inactive|mastermar22 has 120 seconds left.
|l| michealjackkson
|
|t:|1780926609
|move|p1a: Venusaur|Giga Drain|p2a: Samurott
|-supereffective|p2a: Samurott
|-damage|p2a: Samurott|0 fnt
|-heal|p1a: Venusaur|100/100|[from] drain|[of] p2a: Samurott
|faint|p2a: Samurott
|-damage|p1a: Venusaur|91/100|[from] item: Life Orb
|
|-weather|SunnyDay|[upkeep]
|upkeep
|inactive|mastermar22 has 120 seconds left.
|
|t:|1780926619
|switch|p2a: Dragonite|Dragonite, M|100/100
|turn|12
|
|t:|1780926624
|move|p1a: Venusaur|Sludge Bomb|p2a: Dragonite
|-damage|p2a: Dragonite|75/100
|-damage|p1a: Venusaur|81/100|[from] item: Life Orb
|move|p2a: Dragonite|Dragon Dance|p2a: Dragonite
|-boost|p2a: Dragonite|atk|1
|-boost|p2a: Dragonite|spe|1
|
|-weather|SunnyDay|[upkeep]
|upkeep
|turn|13
|
|t:|1780926631
|move|p2a: Dragonite|Extreme Speed|p1a: Venusaur
|-damage|p1a: Venusaur|15/100
|move|p1a: Venusaur|Sludge Bomb|p2a: Dragonite
|-damage|p2a: Dragonite|23/100
|-damage|p1a: Venusaur|5/100|[from] item: Life Orb
|
|-weather|SunnyDay|[upkeep]
|upkeep
|turn|14
|
|t:|1780926639
|move|p2a: Dragonite|Extreme Speed|p1a: Venusaur
|-damage|p1a: Venusaur|0 fnt
|faint|p1a: Venusaur
|
|-weather|SunnyDay|[upkeep]
|upkeep
|
|t:|1780926643
|switch|p1a: Ceruledge|Ceruledge, M, shiny|100/100
|-damage|p1a: Ceruledge|88/100|[from] Spikes
|turn|15
|
|t:|1780926647
|move|p1a: Ceruledge|Shadow Sneak|p2a: Dragonite
|-damage|p2a: Dragonite|4/100
|move|p2a: Dragonite|Earthquake|p1a: Ceruledge
|-supereffective|p1a: Ceruledge
|-damage|p1a: Ceruledge|0 fnt
|faint|p1a: Ceruledge
|
|-weather|SunnyDay|[upkeep]
|upkeep
|
|t:|1780926657
|switch|p1a: Hatterene|Hatterene, F|65/100
|-damage|p1a: Hatterene|52/100|[from] Spikes
|turn|16
|
|t:|1780926662
|move|p2a: Dragonite|Extreme Speed|p1a: Hatterene
|-damage|p1a: Hatterene|17/100
|move|p1a: Hatterene|Healing Wish|p1a: Hatterene
|faint|p1a: Hatterene
|
|-weather|none
|upkeep
|
|t:|1780926669
|switch|p1a: Torkoal|Torkoal, F|60/100
|-heal|p1a: Torkoal|100/100|[from] move: Healing Wish
|-damage|p1a: Torkoal|88/100|[from] Spikes
|-weather|SunnyDay|[from] ability: Drought|[of] p1a: Torkoal
|turn|17
|j| Theswagsavage
|
|t:|1780926676
|move|p2a: Dragonite|Earthquake|p1a: Torkoal
|-supereffective|p1a: Torkoal
|-damage|p1a: Torkoal|0 fnt
|faint|p1a: Torkoal
|
|-weather|SunnyDay|[upkeep]
|upkeep
|
|t:|1780926680
|switch|p1a: Walking Wake|Walking Wake, tera:Water|100/100
|-damage|p1a: Walking Wake|88/100|[from] Spikes
|-activate|p1a: Walking Wake|ability: Protosynthesis
|-start|p1a: Walking Wake|protosynthesisspe
|turn|18
|
|t:|1780926682
|move|p2a: Dragonite|Extreme Speed|p1a: Walking Wake
|-damage|p1a: Walking Wake|40/100
|move|p1a: Walking Wake|Hydro Steam|p2a: Dragonite
|-resisted|p2a: Dragonite
|-damage|p2a: Dragonite|0 fnt
|faint|p2a: Dragonite
|
|-weather|SunnyDay|[upkeep]
|upkeep
|
|t:|1780926694
|switch|p2a: Gliscor|Gliscor, M|100/100 tox
|turn|19
|
|t:|1780926704
|move|p2a: Gliscor|Protect|p2a: Gliscor
|-singleturn|p2a: Gliscor|Protect
|move|p1a: Walking Wake|Hydro Steam|p2a: Gliscor
|-activate|p2a: Gliscor|move: Protect
|
|-weather|SunnyDay|[upkeep]
|upkeep
|turn|20
|
|t:|1780926717
|-terastallize|p2a: Gliscor|Normal
|move|p1a: Walking Wake|Hydro Steam|p2a: Gliscor
|-damage|p2a: Gliscor|0 fnt
|faint|p2a: Gliscor
|
|-weather|SunnyDay|[upkeep]
|upkeep
|
|t:|1780926729
|switch|p2a: Zamazenta|Zamazenta|76/100
|turn|21
|
|t:|1780926731
|move|p1a: Walking Wake|Hydro Steam|p2a: Zamazenta
|-damage|p2a: Zamazenta|0 fnt
|faint|p2a: Zamazenta
|
|-weather|SunnyDay|[upkeep]
|upkeep
|
|t:|1780926732
|switch|p2a: Gholdengo|Gholdengo|100/100
|turn|22
|
|t:|1780926734
|move|p1a: Walking Wake|Hydro Steam|p2a: Gholdengo
|-damage|p2a: Gholdengo|0 fnt
|faint|p2a: Gholdengo
|
|win|ausar489
|raw|ausar489's rating: 1579 &rarr; <strong>1598</strong><br />(+19 for winning)
|raw|mastermar22's rating: 1563 &rarr; <strong>1544</strong><br />(-19 for losing)
|l|☆mastermar22
|player|p2|
|l| Fat_Yogi
|l| Theswagsavage
|l| iamfrhaan007
|l| Agathina
|l|‽ausar489
|player|p1|
|l| starmiez55
