|j|☆we9fuw0e9fuwe09fu
|j|☆18dabloons
|t:|1781469059
|gametype|singles
|player|p1|we9fuw0e9fuwe09fu|1|1646
|player|p2|18dabloons|caitlin|1651
|gen|9
|tier|[Gen 9] OU
|rated|
|rule|HP Percentage Mod: HP is shown in percentages
|rule|Endless Battle Clause: Forcing endless battles is banned
|rule|Species Clause: Limit one of each Pokémon
|rule|OHKO Clause: OHKO moves are banned
|rule|Evasion Items Clause: Evasion items are banned
|rule|Evasion Moves Clause: Evasion moves are banned
|rule|Evasion Abilities Clause: Evasion abilities are banned
|rule|Sleep Moves Clause: Sleep-inducing moves are banned
|clearpoke
|poke|p1|Garganacl, M|
|poke|p1|Darkrai|
|poke|p1|Great Tusk|
|poke|p1|Hatterene, F|
|poke|p1|Tornadus-Therian, M|
|poke|p1|Dragonite, M|
|poke|p2|Hatterene, F|
|poke|p2|Samurott-Hisui, M|
|poke|p2|Sinistcha|
|poke|p2|Great Tusk|
|poke|p2|Tornadus-Therian, M|
|poke|p2|Scizor, F|
|teampreview
|
|t:|1781469108
|teamsize|p1|6
|teamsize|p2|6
|start
|switch|p1a: Tornadus|Tornadus-Therian, M, shiny|100/100
|switch|p2a: Hatterene|Hatterene, F|100/100
|turn|1
|
|t:|1781469115
|move|p1a: Tornadus|U-turn|p2a: Hatterene
|-damage|p2a: Hatterene|84/100
|
|t:|1781469120
|switch|p1a: Garganacl|Garganacl, M|100/100|[from] U-turn
|move|p2a: Hatterene|Nuzzle|p1a: Garganacl
|-damage|p1a: Garganacl|98/100
|
|-heal|p1a: Garganacl|100/100|[from] item: Leftovers
|upkeep
|turn|2
|
|t:|1781469132
|switch|p2a: Sinistcha|Sinistcha|100/100
|move|p1a: Garganacl|Salt Cure|p2a: Sinistcha
|-damage|p2a: Sinistcha|91/100
|-start|p2a: Sinistcha|Salt Cure
|
|-damage|p2a: Sinistcha|78/100|[from] Salt Cure
|upkeep
|turn|3
|
|t:|1781469162
|switch|p1a: Tornadus|Tornadus-Therian, M, shiny|100/100
|move|p2a: Sinistcha|Matcha Gotcha|p1a: Tornadus
|-resisted|p1a: Tornadus
|-damage|p1a: Tornadus|90/100
|-heal|p2a: Sinistcha|83/100|[from] drain|[of] p1a: Tornadus
|
|-damage|p2a: Sinistcha|71/100|[from] Salt Cure
|upkeep
|turn|4
|j| Partynparadise
|
|t:|1781469176
|switch|p2a: Hatterene|Hatterene, F|84/100
|move|p1a: Tornadus|Knock Off|p2a: Hatterene
|-damage|p2a: Hatterene|62/100
|-enditem|p2a: Hatterene|Assault Vest|[from] move: Knock Off|[of] p1a: Tornadus
|
|upkeep
|turn|5
|
|t:|1781469183
|move|p1a: Tornadus|U-turn|p2a: Hatterene
|-damage|p2a: Hatterene|45/100
|
|t:|1781469190
|switch|p1a: Garganacl|Garganacl, M|100/100|[from] U-turn
|move|p2a: Hatterene|Psyshock|p1a: Garganacl
|-damage|p1a: Garganacl|71/100
|
|-heal|p1a: Garganacl|77/100|[from] item: Leftovers
|upkeep
|turn|6
|
|t:|1781469209
|switch|p2a: Scizor|Scizor, F|100/100
|move|p1a: Garganacl|Salt Cure|p2a: Scizor
|-crit|p2a: Scizor
|-damage|p2a: Scizor|79/100
|-start|p2a: Scizor|Salt Cure
|
|-heal|p1a: Garganacl|83/100|[from] item: Leftovers
|-damage|p2a: Scizor|55/100|[from] Salt Cure
|upkeep
|turn|7
|
|t:|1781469213
|move|p1a: Garganacl|Protect|p1a: Garganacl
|-singleturn|p1a: Garganacl|Protect
|move|p2a: Scizor|U-turn|p1a: Garganacl
|-activate|p1a: Garganacl|move: Protect
|
|-heal|p1a: Garganacl|89/100|[from] item: Leftovers
|-damage|p2a: Scizor|30/100|[from] Salt Cure
|upkeep
|turn|8
|
|t:|1781469217
|switch|p1a: Hatterene|Hatterene, F|100/100
|move|p2a: Scizor|U-turn|p1a: Hatterene
|-damage|p1a: Hatterene|50/100
|-damage|p2a: Scizor|13/100|[from] item: Rocky Helmet|[of] p1a: Hatterene
|
|t:|1781469259
|switch|p2a: Tornadus|Tornadus-Therian, M|100/100|[from] U-turn
|
|upkeep
|turn|9
|
|t:|1781469271
|switch|p1a: Tornadus|Tornadus-Therian, M, shiny|100/100
|move|p2a: Tornadus|Nasty Plot|p2a: Tornadus
|-boost|p2a: Tornadus|spa|2
|
|upkeep
|turn|10
|
|t:|1781469279
|move|p2a: Tornadus|Bleakwind Storm|p1a: Tornadus
|-damage|p1a: Tornadus|21/100
|-damage|p2a: Tornadus|91/100|[from] item: Life Orb
|move|p1a: Tornadus|Bleakwind Storm|p2a: Tornadus|[miss]
|-miss|p1a: Tornadus|p2a: Tornadus
|
|upkeep
|turn|11
|
|t:|1781469299
|move|p2a: Tornadus|Bleakwind Storm|p1a: Tornadus|[miss]
|-miss|p2a: Tornadus|p1a: Tornadus
|move|p1a: Tornadus|Bleakwind Storm|p2a: Tornadus
|-damage|p2a: Tornadus|42/100
|
|upkeep
|turn|12
|
|t:|1781469304
|switch|p1a: Garganacl|Garganacl, M|89/100
|move|p2a: Tornadus|Bleakwind Storm|p1a: Garganacl
|-resisted|p1a: Garganacl
|-damage|p1a: Garganacl|47/100
|-damage|p2a: Tornadus|32/100|[from] item: Life Orb
|
|-heal|p1a: Garganacl|53/100|[from] item: Leftovers
|upkeep
|turn|13
|
|t:|1781469306
|move|p2a: Tornadus|Grass Knot|p1a: Garganacl
|-supereffective|p1a: Garganacl
|-damage|p1a: Garganacl|0 fnt
|faint|p1a: Garganacl
|-damage|p2a: Tornadus|22/100|[from] item: Life Orb
|
|upkeep
|
|t:|1781469309
|switch|p1a: Dragonite|Dragonite, M|100/100
|turn|14
|
|t:|1781469314
|switch|p2a: Sinistcha|Sinistcha|71/100
|move|p1a: Dragonite|Extreme Speed|p2a: Sinistcha
|-immune|p2a: Sinistcha
|
|upkeep
|turn|15
|
|t:|1781469326
|switch|p1a: Tornadus|Tornadus-Therian, M, shiny|54/100
|move|p2a: Sinistcha|Stun Spore|p1a: Tornadus|[miss]
|-miss|p2a: Sinistcha|p1a: Tornadus
|
|upkeep
|turn|16
|
|t:|1781469335
|switch|p2a: Hatterene|Hatterene, F|45/100
|move|p1a: Tornadus|Bleakwind Storm|p2a: Hatterene
|-damage|p2a: Hatterene|8/100
|-unboost|p2a: Hatterene|spe|1
|
|upkeep
|turn|17
|
|t:|1781469342
|move|p1a: Tornadus|U-turn|p2a: Hatterene
|-damage|p2a: Hatterene|0 fnt
|faint|p2a: Hatterene
|
|t:|1781469344
|switch|p1a: Darkrai|Darkrai|100/100|[from] U-turn
|
|upkeep
|
|t:|1781469389
|switch|p2a: Samurott|Samurott-Hisui, M|100/100
|turn|18
|
|t:|1781469401
|move|p2a: Samurott|Razor Shell|p1a: Darkrai
|-damage|p1a: Darkrai|31/100
|-unboost|p1a: Darkrai|def|1
|move|p1a: Darkrai|Focus Blast|p2a: Samurott
|-supereffective|p2a: Samurott
|-damage|p2a: Samurott|0 fnt
|faint|p2a: Samurott
|
|upkeep
|
|t:|1781469415
|switch|p2a: Scizor|Scizor, F|13/100
|turn|19
|
|t:|1781469420
|switch|p1a: Great Tusk|Great Tusk|100/100
|-enditem|p1a: Great Tusk|Booster Energy
|-activate|p1a: Great Tusk|ability: Protosynthesis|[fromitem]
|-start|p1a: Great Tusk|protosynthesisatk
|switch|p2a: Tornadus|Tornadus-Therian, M|55/100
|
|upkeep
|turn|20
|
|t:|1781469437
|-end|p1a: Great Tusk|Protosynthesis|[silent]
|switch|p1a: Hatterene|Hatterene, F|50/100
|move|p2a: Tornadus|Grass Knot|p1a: Hatterene
|-damage|p1a: Hatterene|41/100
|-damage|p2a: Tornadus|39/100|[from] item: Rocky Helmet|[of] p1a: Hatterene
|-damage|p2a: Tornadus|29/100|[from] item: Life Orb
|
|upkeep
|turn|21
|
|t:|1781469444
|move|p2a: Tornadus|Bleakwind Storm|p1a: Hatterene
|-damage|p1a: Hatterene|0 fnt
|faint|p1a: Hatterene
|-damage|p2a: Tornadus|20/100|[from] item: Life Orb
|
|upkeep
|
|t:|1781469448
|switch|p1a: Dragonite|Dragonite, M|100/100
|turn|22
|j| Criticos
|
|t:|1781469452
|switch|p1a: Tornadus|Tornadus-Therian, M, shiny|88/100
|move|p2a: Tornadus|Bleakwind Storm|p1a: Tornadus
|-damage|p1a: Tornadus|48/100
|-damage|p2a: Tornadus|10/100|[from] item: Life Orb
|
|upkeep
|turn|23
|
|t:|1781469462
|move|p2a: Tornadus|Bleakwind Storm|p1a: Tornadus
|-damage|p1a: Tornadus|5/100
|-damage|p2a: Tornadus|0 fnt|[from] item: Life Orb
|faint|p2a: Tornadus
|move|p1a: Tornadus|U-turn|p2: Tornadus|[notarget]
|-fail|p1a: Tornadus
|
|upkeep
|l| Criticos
|j| Criticos
|l| Criticos
|inactive|Battle timer is ON: inactive players will automatically lose when time's up. (requested by we9fuw0e9fuwe09fu)
|
|t:|1781469505
|switch|p2a: Scizor|Scizor, F|13/100
|turn|24
|
|t:|1781469510
|switch|p1a: Dragonite|Dragonite, M|100/100
|move|p2a: Scizor|Bullet Punch|p1a: Dragonite
|-damage|p1a: Dragonite|76/100
|
|upkeep
|turn|25
|
|t:|1781469512
|switch|p2a: Sinistcha|Sinistcha|71/100
|move|p1a: Dragonite|Earthquake|p2a: Sinistcha
|-resisted|p2a: Sinistcha
|-damage|p2a: Sinistcha|57/100
|
|upkeep
|turn|26
|
|t:|1781469539
|switch|p1a: Tornadus|Tornadus-Therian, M, shiny|39/100
|move|p2a: Sinistcha|Stun Spore|p1a: Tornadus
|-status|p1a: Tornadus|par
|
|upkeep
|turn|27
|
|t:|1781469555
|-terastallize|p2a: Sinistcha|Poison
|move|p1a: Tornadus|Bleakwind Storm|p2a: Sinistcha
|-damage|p2a: Sinistcha|15/100
|move|p2a: Sinistcha|Strength Sap|p1a: Tornadus
|-unboost|p1a: Tornadus|atk|1
|-heal|p2a: Sinistcha|76/100
|
|upkeep
|turn|28
|
|t:|1781469566
|move|p1a: Tornadus|Knock Off|p2a: Sinistcha
|-damage|p2a: Sinistcha|66/100
|-damage|p1a: Tornadus|22/100 par|[from] item: Rocky Helmet|[of] p2a: Sinistcha
|-enditem|p2a: Sinistcha|Rocky Helmet|[from] move: Knock Off|[of] p1a: Tornadus
|move|p2a: Sinistcha|Hex|p1a: Tornadus
|-damage|p1a: Tornadus|0 fnt
|faint|p1a: Tornadus
|
|upkeep
|
|t:|1781469570
|switch|p1a: Darkrai|Darkrai|31/100
|turn|29
|inactive|18dabloons has 120 seconds left.
|
|t:|1781469621
|move|p1a: Darkrai|Psychic|p2a: Sinistcha
|-supereffective|p2a: Sinistcha
|-damage|p2a: Sinistcha|0 fnt
|faint|p2a: Sinistcha
|
|upkeep
|
|t:|1781469628
|switch|p2a: Scizor|Scizor, F|13/100
|turn|30
|
|t:|1781469636
|switch|p1a: Great Tusk|Great Tusk|100/100
|move|p2a: Scizor|Bullet Punch|p1a: Great Tusk
|-crit|p1a: Great Tusk
|-damage|p1a: Great Tusk|41/100
|
|upkeep
|turn|31
|
|t:|1781469643
|switch|p2a: Great Tusk|Great Tusk|100/100
|move|p1a: Great Tusk|Ice Spinner|p2a: Great Tusk
|-supereffective|p2a: Great Tusk
|-damage|p2a: Great Tusk|64/100
|-damage|p1a: Great Tusk|25/100|[from] item: Rocky Helmet|[of] p2a: Great Tusk
|
|upkeep
|turn|32
|inactive|18dabloons has 120 seconds left.
|
|t:|1781469653
|move|p1a: Great Tusk|Ice Spinner|p2a: Great Tusk
|-supereffective|p2a: Great Tusk
|-damage|p2a: Great Tusk|26/100
|-damage|p1a: Great Tusk|8/100|[from] item: Rocky Helmet|[of] p2a: Great Tusk
|move|p2a: Great Tusk|Rapid Spin|p1a: Great Tusk
|-damage|p1a: Great Tusk|0 fnt
|-boost|p2a: Great Tusk|spe|1
|faint|p1a: Great Tusk
|-end|p1a: Great Tusk|Protosynthesis|[silent]
|
|upkeep
|
|t:|1781469661
|switch|p1a: Dragonite|Dragonite, M|76/100
|turn|33
|
|t:|1781469667
|-terastallize|p1a: Dragonite|Normal
|move|p1a: Dragonite|Extreme Speed|p2a: Great Tusk
|-damage|p2a: Great Tusk|0 fnt
|-damage|p1a: Dragonite|59/100|[from] item: Rocky Helmet|[of] p2a: Great Tusk
|faint|p2a: Great Tusk
|-end|p2a: Great Tusk|Protosynthesis|[silent]
|
|upkeep
|
|t:|1781469671
|switch|p2a: Scizor|Scizor, F|13/100
|turn|34
|
|t:|1781469674
|move|p1a: Dragonite|Extreme Speed|p2a: Scizor
|-resisted|p2a: Scizor
|-damage|p2a: Scizor|0 fnt
|faint|p2a: Scizor
|
|win|we9fuw0e9fuwe09fu
|raw|we9fuw0e9fuwe09fu's rating: 1646 &rarr; <strong>1666</strong><br />(+20 for winning)
|raw|18dabloons's rating: 1651 &rarr; <strong>1631</strong><br />(-20 for losing)
|l|☆18dabloons
|player|p2|
|l| Partynparadise
|l|☆we9fuw0e9fuwe09fu
|player|p1|
