|j|☆dilf huntr
|j|☆LowEL0God
|t:|1781601122
|gametype|singles
|player|p1|dilf huntr|1|1713
|player|p2|LowEL0God|265|1718
|gen|9
|tier|[Gen 9] OU
|rated|
|rule|HP Percentage Mod: HP is shown in percentages
|rule|Endless Battle Clause: Forcing endless battles is banned
|rule|Species Clause: Limit one of each Pokémon
|rule|OHKO Clause: OHKO moves are banned
|rule|Evasion Items Clause: Evasion items are banned
|rule|Evasion Moves Clause: Evasion moves are banned
|rule|Evasion Abilities Clause: Evasion abilities are banned
|rule|Sleep Moves Clause: Sleep-inducing moves are banned
|clearpoke
|poke|p1|Araquanid, M|
|poke|p1|Iron Valiant|
|poke|p1|Ceruledge, M|
|poke|p1|Deoxys-Speed|
|poke|p1|Gholdengo|
|poke|p1|Raging Bolt|
|poke|p2|Pelipper, F|
|poke|p2|Raging Bolt|
|poke|p2|Overqwil, M|
|poke|p2|Barraskewda, F|
|poke|p2|Iron Treads|
|poke|p2|Kingambit, F|
|teampreview
|inactive|Battle timer is ON: inactive players will automatically lose when time's up. (requested by dilf huntr)
|c|☆LowEL0God|hf
|inactive|LowEL0God also wants the timer to be on.
|inactive|dilf huntr has 120 seconds left.
|inactive|dilf huntr has 90 seconds left.
|
|t:|1781601199
|teamsize|p1|6
|teamsize|p2|6
|start
|switch|p1a: Araquanid|Araquanid, M|100/100
|switch|p2a: Raging Bolt|Raging Bolt|100/100
|-enditem|p2a: Raging Bolt|Booster Energy
|-activate|p2a: Raging Bolt|ability: Protosynthesis|[fromitem]
|-start|p2a: Raging Bolt|protosynthesisspa
|turn|1
|
|t:|1781601201
|move|p2a: Raging Bolt|Thunder|p1a: Araquanid
|-supereffective|p1a: Araquanid
|-damage|p1a: Araquanid|3/100
|-status|p1a: Araquanid|par
|move|p1a: Araquanid|Mirror Coat|p2a: Raging Bolt
|-damage|p2a: Raging Bolt|0 fnt
|faint|p2a: Raging Bolt
|-end|p2a: Raging Bolt|Protosynthesis|[silent]
|
|upkeep
|
|t:|1781601203
|switch|p2a: Barraskewda|Barraskewda, F|100/100
|turn|2
|-enditem|p1a: Araquanid|Custap Berry|[eat]
|-activate|p1a: Araquanid|item: Custap Berry|[consumed]
|
|t:|1781601212
|move|p2a: Barraskewda|Aqua Jet|p1a: Araquanid
|-resisted|p1a: Araquanid
|-damage|p1a: Araquanid|0 fnt
|faint|p1a: Araquanid
|
|upkeep
|
|t:|1781601229
|switch|p1a: Ceruledge|Ceruledge, M|100/100
|turn|3
|
|t:|1781601231
|move|p2a: Barraskewda|Aqua Jet|p1a: Ceruledge
|-supereffective|p1a: Ceruledge
|-damage|p1a: Ceruledge|9/100
|-ability|p1a: Ceruledge|Weak Armor|boost
|-unboost|p1a: Ceruledge|def|1
|-boost|p1a: Ceruledge|spe|2
|move|p1a: Ceruledge|Poltergeist|p2a: Barraskewda
|-activate|p2a: Barraskewda|move: Poltergeist|Choice Band
|-damage|p2a: Barraskewda|0 fnt
|faint|p2a: Barraskewda
|
|upkeep
|
|t:|1781601233
|switch|p2a: Kingambit|Kingambit, F|100/100
|-activate|p2a: Kingambit|ability: Supreme Overlord
|-start|p2a: Kingambit|fallen2|[silent]
|turn|4
|
|t:|1781601240
|move|p2a: Kingambit|Sucker Punch|p1a: Ceruledge
|-supereffective|p1a: Ceruledge
|-damage|p1a: Ceruledge|0 fnt
|faint|p1a: Ceruledge
|
|upkeep
|j| reginalda2nd
|l| reginalda2nd
|
|t:|1781601256
|switch|p1a: Raging Bolt|Raging Bolt|100/100
|-enditem|p1a: Raging Bolt|Booster Energy
|-activate|p1a: Raging Bolt|ability: Protosynthesis|[fromitem]
|-start|p1a: Raging Bolt|protosynthesisspa
|turn|5
|
|t:|1781601275
|-end|p2a: Kingambit|fallen2|[silent]
|switch|p2a: Iron Treads|Iron Treads|100/100
|-enditem|p2a: Iron Treads|Booster Energy
|-activate|p2a: Iron Treads|ability: Quark Drive|[fromitem]
|-start|p2a: Iron Treads|quarkdrivespe
|move|p1a: Raging Bolt|Calm Mind|p1a: Raging Bolt
|-boost|p1a: Raging Bolt|spa|1
|-boost|p1a: Raging Bolt|spd|1
|
|upkeep
|turn|6
|
|t:|1781601278
|move|p2a: Iron Treads|Earth Power|p1a: Raging Bolt
|-supereffective|p1a: Raging Bolt
|-damage|p1a: Raging Bolt|61/100
|move|p1a: Raging Bolt|Draco Meteor|p2a: Iron Treads
|-resisted|p2a: Iron Treads
|-damage|p2a: Iron Treads|0 fnt
|-unboost|p1a: Raging Bolt|spa|2
|faint|p2a: Iron Treads
|-end|p2a: Iron Treads|Quark Drive|[silent]
|
|upkeep
|
|t:|1781601280
|switch|p2a: Kingambit|Kingambit, F|100/100
|-activate|p2a: Kingambit|ability: Supreme Overlord
|-start|p2a: Kingambit|fallen3|[silent]
|turn|7
|
|t:|1781601289
|move|p1a: Raging Bolt|Thunderbolt|p2a: Kingambit
|-damage|p2a: Kingambit|54/100
|-status|p2a: Kingambit|par
|cant|p2a: Kingambit|par
|
|-heal|p2a: Kingambit|60/100 par|[from] item: Leftovers
|upkeep
|turn|8
|
|t:|1781601293
|move|p1a: Raging Bolt|Thunderbolt|p2a: Kingambit
|-damage|p2a: Kingambit|14/100 par
|move|p2a: Kingambit|Kowtow Cleave|p1a: Raging Bolt
|-damage|p1a: Raging Bolt|10/100
|
|-heal|p2a: Kingambit|20/100 par|[from] item: Leftovers
|upkeep
|turn|9
|
|t:|1781601296
|move|p1a: Raging Bolt|Thunderclap|p2a: Kingambit
|-damage|p2a: Kingambit|0 fnt
|faint|p2a: Kingambit
|-end|p2a: Kingambit|fallen3|[silent]
|
|upkeep
|
|t:|1781601296
|switch|p2a: Overqwil|Overqwil, M|100/100
|turn|10
|
|t:|1781601298
|move|p2a: Overqwil|Swords Dance|p2a: Overqwil
|-boost|p2a: Overqwil|atk|2
|move|p1a: Raging Bolt|Draco Meteor|p2a: Overqwil
|-damage|p2a: Overqwil|5/100
|-unboost|p1a: Raging Bolt|spa|2
|
|upkeep
|turn|11
|
|t:|1781601301
|move|p1a: Raging Bolt|Thunderclap|p2a: Overqwil
|-damage|p2a: Overqwil|0 fnt
|faint|p2a: Overqwil
|
|upkeep
|
|t:|1781601302
|switch|p2a: Pelipper|Pelipper, F|100/100
|-weather|RainDance|[from] ability: Drizzle|[of] p2a: Pelipper
|turn|12
|
|t:|1781601304
|-terastallize|p2a: Pelipper|Ground
|move|p1a: Raging Bolt|Calm Mind|p1a: Raging Bolt
|-boost|p1a: Raging Bolt|spa|1
|-boost|p1a: Raging Bolt|spd|1
|move|p2a: Pelipper|Roost||[still]
|-fail|p2a: Pelipper|heal
|
|-weather|RainDance|[upkeep]
|upkeep
|turn|13
|
|t:|1781601309
|move|p1a: Raging Bolt|Draco Meteor|p2a: Pelipper
|-damage|p2a: Pelipper|28/100
|-unboost|p1a: Raging Bolt|spa|2
|move|p2a: Pelipper|Roost|p2a: Pelipper
|-heal|p2a: Pelipper|78/100
|
|-weather|RainDance|[upkeep]
|upkeep
|turn|14
|
|t:|1781601313
|move|p1a: Raging Bolt|Calm Mind|p1a: Raging Bolt
|-boost|p1a: Raging Bolt|spa|1
|-boost|p1a: Raging Bolt|spd|1
|move|p2a: Pelipper|Hurricane|p1a: Raging Bolt
|-resisted|p1a: Raging Bolt
|-damage|p1a: Raging Bolt|3/100
|
|-weather|RainDance|[upkeep]
|upkeep
|turn|15
|
|t:|1781601316
|move|p1a: Raging Bolt|Draco Meteor|p2a: Pelipper
|-damage|p2a: Pelipper|19/100
|-unboost|p1a: Raging Bolt|spa|2
|move|p2a: Pelipper|Roost|p2a: Pelipper
|-heal|p2a: Pelipper|69/100
|
|-weather|RainDance|[upkeep]
|upkeep
|turn|16
|
|t:|1781601323
|move|p1a: Raging Bolt|Draco Meteor|p2a: Pelipper
|-damage|p2a: Pelipper|25/100
|-unboost|p1a: Raging Bolt|spa|1
|move|p2a: Pelipper|Hurricane|p1a: Raging Bolt
|-resisted|p1a: Raging Bolt
|-damage|p1a: Raging Bolt|0 fnt
|faint|p1a: Raging Bolt
|-end|p1a: Raging Bolt|Protosynthesis|[silent]
|
|-weather|RainDance|[upkeep]
|upkeep
|
|t:|1781601327
|switch|p1a: Iron Valiant|Iron Valiant|100/100
|-enditem|p1a: Iron Valiant|Booster Energy
|-activate|p1a: Iron Valiant|ability: Quark Drive|[fromitem]
|-start|p1a: Iron Valiant|quarkdrivespa
|turn|17
|
|t:|1781601328
|move|p1a: Iron Valiant|Moonblast|p2a: Pelipper
|-damage|p2a: Pelipper|0 fnt
|faint|p2a: Pelipper
|
|win|dilf huntr
|raw|dilf huntr's rating: 1713 &rarr; <strong>1733</strong><br />(+20 for winning)
|raw|LowEL0God's rating: 1718 &rarr; <strong>1698</strong><br />(-20 for losing)
|l|☆dilf huntr
|player|p1|
|c|☆LowEL0God|gg
|l|☆LowEL0God
|player|p2|
