|j|☆yesterdaymister
|j|☆Klopple
|t:|1781486076
|gametype|singles
|player|p1|yesterdaymister|striker|1760
|player|p2|Klopple|sailor|1784
|gen|9
|tier|[Gen 9] OU
|rated|
|rule|HP Percentage Mod: HP is shown in percentages
|rule|Endless Battle Clause: Forcing endless battles is banned
|rule|Species Clause: Limit one of each Pokémon
|rule|OHKO Clause: OHKO moves are banned
|rule|Evasion Items Clause: Evasion items are banned
|rule|Evasion Moves Clause: Evasion moves are banned
|rule|Evasion Abilities Clause: Evasion abilities are banned
|rule|Sleep Moves Clause: Sleep-inducing moves are banned
|clearpoke
|poke|p1|Ninetales, M|
|poke|p1|Ceruledge, F|
|poke|p1|Venusaur, F|
|poke|p1|Hatterene, F|
|poke|p1|Great Tusk|
|poke|p1|Walking Wake|
|poke|p2|Arboliva, M|
|poke|p2|Gliscor, F|
|poke|p2|Iron Crown|
|poke|p2|Zamazenta-*|
|poke|p2|Hatterene, F|
|poke|p2|Dragonite, M|
|teampreview
|inactive|Battle timer is ON: inactive players will automatically lose when time's up. (requested by yesterdaymister)
|j| VicBossMG
|
|t:|1781486103
|teamsize|p1|6
|teamsize|p2|6
|start
|switch|p1a: arda guler|Ninetales, M|100/100
|switch|p2a: Gliscor|Gliscor, F|100/100
|-weather|SunnyDay|[from] ability: Drought|[of] p1a: arda guler
|turn|1
|j| Chooir
|
|t:|1781486119
|switch|p1a: maccabi|Hatterene, F|100/100
|move|p2a: Gliscor|Knock Off|p1a: maccabi
|-damage|p1a: maccabi|81/100
|-enditem|p1a: maccabi|Eject Button|[from] move: Knock Off|[of] p2a: Gliscor
|
|-weather|SunnyDay|[upkeep]
|-status|p2a: Gliscor|tox|[from] item: Toxic Orb
|upkeep
|turn|2
|
|t:|1781486126
|move|p2a: Gliscor|Earthquake|p1a: maccabi
|-damage|p1a: maccabi|55/100
|move|p1a: maccabi|Psychic Noise|p2a: Gliscor
|-damage|p2a: Gliscor|73/100 tox
|-start|p2a: Gliscor|move: Heal Block
|
|-weather|SunnyDay|[upkeep]
|upkeep
|turn|3
|
|t:|1781486133
|switch|p1a: mignolet|Great Tusk|100/100
|-activate|p1a: mignolet|ability: Protosynthesis
|-start|p1a: mignolet|protosynthesisspe
|move|p2a: Gliscor|Earthquake|p1a: mignolet
|-damage|p1a: mignolet|79/100
|
|-weather|SunnyDay|[upkeep]
|-end|p2a: Gliscor|move: Heal Block
|upkeep
|turn|4
|
|t:|1781486140
|switch|p2a: Hatterene|Hatterene, F|100/100
|move|p1a: mignolet|Ice Spinner|p2a: Hatterene
|-damage|p2a: Hatterene|81/100
|-damage|p1a: mignolet|62/100|[from] item: Rocky Helmet|[of] p2a: Hatterene
|
|-weather|SunnyDay|[upkeep]
|upkeep
|turn|5
|
|t:|1781486147
|-end|p1a: mignolet|Protosynthesis|[silent]
|switch|p1a: maccabi|Hatterene, F|55/100
|move|p2a: Hatterene|Psychic Noise|p1a: maccabi
|-resisted|p1a: maccabi
|-crit|p1a: maccabi
|-damage|p1a: maccabi|31/100
|-start|p1a: maccabi|move: Heal Block
|
|-weather|SunnyDay|[upkeep]
|upkeep
|turn|6
|
|t:|1781486154
|move|p2a: Hatterene|Draining Kiss|p1a: maccabi
|-damage|p1a: maccabi|7/100
|-heal|p2a: Hatterene|99/100|[from] drain|[of] p1a: maccabi
|move|p1a: maccabi|Psychic Noise|p2a: Hatterene
|-resisted|p2a: Hatterene
|-damage|p2a: Hatterene|81/100
|-start|p2a: Hatterene|move: Heal Block
|
|-weather|SunnyDay|[upkeep]
|-end|p1a: maccabi|move: Heal Block
|upkeep
|turn|7
|
|t:|1781486160
|move|p2a: Hatterene|Psychic Noise|p1a: maccabi
|-resisted|p1a: maccabi
|-damage|p1a: maccabi|0 fnt
|faint|p1a: maccabi
|
|-weather|SunnyDay|[upkeep]
|-end|p2a: Hatterene|move: Heal Block
|upkeep
|
|t:|1781486163
|switch|p1a: chama|Walking Wake|100/100
|-activate|p1a: chama|ability: Protosynthesis
|-start|p1a: chama|protosynthesisspa
|turn|8
|
|t:|1781486169
|switch|p2a: Arboliva|Arboliva, M|100/100
|move|p1a: chama|Hydro Steam|p2a: Arboliva
|-resisted|p2a: Arboliva
|-damage|p2a: Arboliva|42/100
|
|-weather|none
|-end|p1a: chama|Protosynthesis
|upkeep
|turn|9
|
|t:|1781486179
|-end|p1a: chama|Protosynthesis|[silent]
|switch|p1a: mignolet|Great Tusk|62/100
|move|p2a: Arboliva|Earth Power|p1a: mignolet
|-damage|p1a: mignolet|22/100
|
|upkeep
|turn|10
|j| rexa2
|
|t:|1781486188
|-end|p1a: mignolet|Protosynthesis|[silent]
|switch|p1a: arda guler|Ninetales, M|100/100
|-weather|SunnyDay|[from] ability: Drought|[of] p1a: arda guler
|move|p2a: Arboliva|Endure||[still]
|-fail|p2a: Arboliva
|
|-weather|SunnyDay|[upkeep]
|upkeep
|turn|11
|
|t:|1781486195
|switch|p1a: chama|Walking Wake|100/100
|-activate|p1a: chama|ability: Protosynthesis
|-start|p1a: chama|protosynthesisspa
|move|p2a: Arboliva|Endure||[still]
|-fail|p2a: Arboliva
|
|-weather|SunnyDay|[upkeep]
|upkeep
|turn|12
|
|t:|1781486202
|-end|p1a: chama|Protosynthesis|[silent]
|switch|p1a: hans vanaken|Venusaur, F|100/100
|move|p2a: Arboliva|Endure||[still]
|-fail|p2a: Arboliva
|
|-weather|SunnyDay|[upkeep]
|upkeep
|turn|13
|
|t:|1781486215
|switch|p2a: Gliscor|Gliscor, F|73/100 tox
|move|p1a: hans vanaken|Growth|p1a: hans vanaken
|-boost|p1a: hans vanaken|atk|2
|-boost|p1a: hans vanaken|spa|2
|
|-weather|SunnyDay|[upkeep]
|-heal|p2a: Gliscor|86/100 tox|[from] ability: Poison Heal
|upkeep
|turn|14
|
|t:|1781486221
|move|p2a: Gliscor|Protect|p2a: Gliscor
|-singleturn|p2a: Gliscor|Protect
|move|p1a: hans vanaken|Weather Ball|p2a: Gliscor
|-activate|p2a: Gliscor|move: Protect
|
|-weather|SunnyDay|[upkeep]
|-heal|p2a: Gliscor|98/100 tox|[from] ability: Poison Heal
|upkeep
|turn|15
|
|t:|1781486238
|move|p1a: hans vanaken|Weather Ball|p2a: Gliscor
|-damage|p2a: Gliscor|0 fnt
|faint|p2a: Gliscor
|-damage|p1a: hans vanaken|91/100|[from] item: Life Orb
|
|-weather|SunnyDay|[upkeep]
|upkeep
|
|t:|1781486252
|switch|p2a: Dragonite|Dragonite, M|100/100
|turn|16
|
|t:|1781486255
|move|p2a: Dragonite|Extreme Speed|p1a: hans vanaken
|-damage|p1a: hans vanaken|51/100
|move|p1a: hans vanaken|Sludge Bomb|p2a: Dragonite
|-damage|p2a: Dragonite|48/100
|-status|p2a: Dragonite|psn
|-damage|p1a: hans vanaken|41/100|[from] item: Life Orb
|
|-weather|SunnyDay|[upkeep]
|-damage|p2a: Dragonite|36/100 psn|[from] psn
|upkeep
|turn|17
|
|t:|1781486262
|move|p2a: Dragonite|Extreme Speed|p1a: hans vanaken
|-damage|p1a: hans vanaken|1/100
|move|p1a: hans vanaken|Weather Ball|p2a: Dragonite
|-resisted|p2a: Dragonite
|-damage|p2a: Dragonite|0 fnt
|faint|p2a: Dragonite
|-damage|p1a: hans vanaken|0 fnt|[from] item: Life Orb
|faint|p1a: hans vanaken
|
|-weather|none
|upkeep
|j| DA COME UP
|
|t:|1781486292
|switch|p1a: arda guler|Ninetales, M|100/100
|switch|p2a: Zamazenta|Zamazenta|100/100
|-ability|p2a: Zamazenta|Dauntless Shield|boost
|-boost|p2a: Zamazenta|def|1
|-weather|SunnyDay|[from] ability: Drought|[of] p1a: arda guler
|turn|18
|inactive|yesterdaymister has 120 seconds left.
|
|t:|1781486332
|-terastallize|p2a: Zamazenta|Fighting
|move|p2a: Zamazenta|Close Combat|p1a: arda guler
|-damage|p1a: arda guler|0 fnt
|-unboost|p2a: Zamazenta|def|1
|-unboost|p2a: Zamazenta|spd|1
|faint|p1a: arda guler
|
|-weather|SunnyDay|[upkeep]
|upkeep
|
|t:|1781486337
|switch|p1a: lebron|Ceruledge, F|100/100
|turn|19
|l| rexa2
|
|t:|1781486350
|switch|p2a: Hatterene|Hatterene, F|81/100
|move|p1a: lebron|Swords Dance|p1a: lebron
|-boost|p1a: lebron|atk|2
|
|-weather|SunnyDay|[upkeep]
|upkeep
|turn|20
|
|t:|1781486357
|move|p1a: lebron|Poltergeist|p2a: Hatterene
|-activate|p2a: Hatterene|move: Poltergeist|Rocky Helmet
|-supereffective|p2a: Hatterene
|-crit|p2a: Hatterene
|-damage|p2a: Hatterene|0 fnt
|faint|p2a: Hatterene
|
|-weather|SunnyDay|[upkeep]
|upkeep
|
|t:|1781486365
|switch|p2a: Arboliva|Arboliva, M|42/100
|turn|21
|
|t:|1781486367
|move|p2a: Arboliva|Endure|p2a: Arboliva
|-singleturn|p2a: Arboliva|move: Endure
|move|p1a: lebron|Bitter Blade|p2a: Arboliva
|-supereffective|p2a: Arboliva
|-activate|p2a: Arboliva|move: Endure
|-damage|p2a: Arboliva|1/100
|
|-weather|SunnyDay|[upkeep]
|upkeep
|turn|22
|-enditem|p2a: Arboliva|Custap Berry|[eat]
|-activate|p2a: Arboliva|item: Custap Berry|[consumed]
|
|t:|1781486374
|move|p2a: Arboliva|Earth Power|p1a: lebron
|-supereffective|p1a: lebron
|-damage|p1a: lebron|21/100
|move|p1a: lebron|Bitter Blade|p2a: Arboliva
|-supereffective|p2a: Arboliva
|-damage|p2a: Arboliva|0 fnt
|-heal|p1a: lebron|22/100|[from] drain|[of] p2a: Arboliva
|faint|p2a: Arboliva
|
|-weather|SunnyDay|[upkeep]
|upkeep
|
|t:|1781486382
|switch|p2a: Zamazenta|Zamazenta, tera:Fighting|100/100
|turn|23
|
|t:|1781486391
|-terastallize|p1a: lebron|Fairy
|move|p2a: Zamazenta|Crunch|p1a: lebron
|-resisted|p1a: lebron
|-damage|p1a: lebron|0 fnt
|faint|p1a: lebron
|
|-weather|SunnyDay|[upkeep]
|upkeep
|
|t:|1781486396
|switch|p1a: chama|Walking Wake|100/100
|-activate|p1a: chama|ability: Protosynthesis
|-start|p1a: chama|protosynthesisspa
|turn|24
|
|t:|1781486406
|move|p2a: Zamazenta|Close Combat|p1a: chama
|-damage|p1a: chama|11/100
|-unboost|p2a: Zamazenta|def|1
|-unboost|p2a: Zamazenta|spd|1
|move|p1a: chama|Hydro Steam|p2a: Zamazenta
|-damage|p2a: Zamazenta|0 fnt
|faint|p2a: Zamazenta
|
|-weather|SunnyDay|[upkeep]
|upkeep
|
|t:|1781486412
|switch|p2a: Iron Crown|Iron Crown|100/100
|turn|25
|
|t:|1781486416
|move|p2a: Iron Crown|Psychic Noise|p1a: chama
|-damage|p1a: chama|0 fnt
|faint|p1a: chama
|-end|p1a: chama|Protosynthesis|[silent]
|
|-weather|none
|upkeep
|
|t:|1781486418
|switch|p1a: mignolet|Great Tusk|22/100
|turn|26
|
|t:|1781486422
|move|p2a: Iron Crown|Psychic Noise|p1a: mignolet
|-supereffective|p1a: mignolet
|-damage|p1a: mignolet|0 fnt
|faint|p1a: mignolet
|-end|p1a: mignolet|Protosynthesis|[silent]
|
|win|Klopple
|raw|yesterdaymister's rating: 1760 &rarr; <strong>1741</strong><br />(-19 for losing)
|raw|Klopple's rating: 1784 &rarr; <strong>1803</strong><br />(+19 for winning)
|l|☆Klopple
|player|p2|
|l|☆yesterdaymister
|player|p1|
|l| VicBossMG
|l| Chooir
