|j|☆haaaaxxxxx
|j|☆Negative1stClass
|t:|1781457689
|gametype|singles
|player|p1|haaaaxxxxx|266|1530
|player|p2|Negative1stClass|hilbert|1490
|gen|9
|tier|[Gen 9] OU
|rated|
|rule|HP Percentage Mod: HP is shown in percentages
|rule|Endless Battle Clause: Forcing endless battles is banned
|rule|Species Clause: Limit one of each Pokémon
|rule|OHKO Clause: OHKO moves are banned
|rule|Evasion Items Clause: Evasion items are banned
|rule|Evasion Moves Clause: Evasion moves are banned
|rule|Evasion Abilities Clause: Evasion abilities are banned
|rule|Sleep Moves Clause: Sleep-inducing moves are banned
|clearpoke
|poke|p1|Alomomola, M|
|poke|p1|Slowking-Galar, F|
|poke|p1|Dragapult, M|
|poke|p1|Great Tusk|
|poke|p1|Ogerpon-Wellspring, F|
|poke|p1|Pecharunt|
|poke|p2|Pelipper, M|
|poke|p2|Raging Bolt|
|poke|p2|Overqwil, F|
|poke|p2|Barraskewda, F|
|poke|p2|Iron Treads|
|poke|p2|Azelf|
|teampreview
|inactive|Battle timer is ON: inactive players will automatically lose when time's up. (requested by Negative1stClass)
|
|t:|1781457700
|teamsize|p1|6
|teamsize|p2|6
|start
|switch|p1a: Slowking|Slowking-Galar, F|100/100
|switch|p2a: Pelipper|Pelipper, M|100/100
|-weather|RainDance|[from] ability: Drizzle|[of] p2a: Pelipper
|turn|1
|
|t:|1781457714
|move|p2a: Pelipper|U-turn|p1a: Slowking
|-damage|p1a: Slowking|90/100
|
|t:|1781457717
|switch|p2a: Iron Treads|Iron Treads|100/100|[from] U-turn
|-enditem|p2a: Iron Treads|Booster Energy
|-activate|p2a: Iron Treads|ability: Quark Drive|[fromitem]
|-start|p2a: Iron Treads|quarkdrivespe
|-prepare|p1a: Slowking|Chilly Reception|[premajor]
|move|p1a: Slowking|Chilly Reception|p1a: Slowking
|-weather|Snowscape
|
|t:|1781457724
|switch|p1a: Great Tusk|Great Tusk|100/100|[from] Chilly Reception
|
|-weather|Snowscape|[upkeep]
|upkeep
|turn|2
|
|t:|1781457731
|-end|p2a: Iron Treads|Quark Drive|[silent]
|switch|p2a: Pelipper|Pelipper, M|100/100
|-weather|RainDance|[from] ability: Drizzle|[of] p2a: Pelipper
|move|p1a: Great Tusk|Ice Spinner|p2a: Pelipper
|-damage|p2a: Pelipper|76/100
|
|-weather|RainDance|[upkeep]
|upkeep
|turn|3
|
|t:|1781457740
|-end|p1a: Great Tusk|Protosynthesis|[silent]
|switch|p1a: Slowking|Slowking-Galar, F|100/100
|move|p2a: Pelipper|U-turn|p1a: Slowking
|-damage|p1a: Slowking|91/100
|
|t:|1781457745
|switch|p2a: Overqwil|Overqwil, F|100/100|[from] U-turn
|
|-weather|RainDance|[upkeep]
|upkeep
|turn|4
|
|t:|1781457758
|switch|p1a: Alomomola|Alomomola, M|100/100
|move|p2a: Overqwil|Swords Dance|p2a: Overqwil
|-boost|p2a: Overqwil|atk|2
|
|-weather|RainDance|[upkeep]
|upkeep
|turn|5
|
|t:|1781457764
|move|p2a: Overqwil|Gunk Shot|p1a: Alomomola
|-damage|p1a: Alomomola|15/100
|-damage|p2a: Overqwil|91/100|[from] item: Life Orb
|move|p1a: Alomomola|Scald|p2a: Overqwil
|-damage|p2a: Overqwil|61/100
|
|-weather|RainDance|[upkeep]
|upkeep
|turn|6
|
|t:|1781457776
|switch|p1a: Pecharunt|Pecharunt|100/100
|move|p2a: Overqwil|Crunch|p1a: Pecharunt
|-supereffective|p1a: Pecharunt
|-damage|p1a: Pecharunt|0 fnt
|faint|p1a: Pecharunt
|-damage|p2a: Overqwil|51/100|[from] item: Life Orb
|
|-weather|RainDance|[upkeep]
|upkeep
|
|t:|1781457789
|switch|p1a: Alomomola|Alomomola, M|48/100
|turn|7
|
|t:|1781457793
|move|p1a: Alomomola|Protect|p1a: Alomomola
|-singleturn|p1a: Alomomola|Protect
|move|p2a: Overqwil|Gunk Shot|p1a: Alomomola
|-activate|p1a: Alomomola|move: Protect
|
|-weather|RainDance|[upkeep]
|upkeep
|turn|8
|
|t:|1781457815
|switch|p1a: Ogerpon|Ogerpon-Wellspring, F|100/100
|move|p2a: Overqwil|Liquidation|p1a: Ogerpon
|-immune|p1a: Ogerpon|[from] ability: Water Absorb
|
|-weather|RainDance|[upkeep]
|upkeep
|turn|9
|
|t:|1781457826
|move|p2a: Overqwil|Gunk Shot|p1a: Ogerpon
|-supereffective|p1a: Ogerpon
|-damage|p1a: Ogerpon|0 fnt
|faint|p1a: Ogerpon
|-damage|p2a: Overqwil|42/100|[from] item: Life Orb
|
|-weather|none
|upkeep
|
|t:|1781457832
|switch|p1a: Dragapult|Dragapult, M|100/100
|turn|10
|
|t:|1781457839
|switch|p2a: Iron Treads|Iron Treads|100/100
|-terastallize|p1a: Dragapult|Dragon
|move|p1a: Dragapult|Dragon Darts|p2a: Iron Treads
|-resisted|p2a: Iron Treads
|-damage|p2a: Iron Treads|85/100
|-anim|p1a: Dragapult|Dragon Darts|p2a: Iron Treads
|-resisted|p2a: Iron Treads
|-damage|p2a: Iron Treads|69/100
|
|upkeep
|turn|11
|
|t:|1781457845
|move|p1a: Dragapult|Will-O-Wisp|p2a: Iron Treads
|-status|p2a: Iron Treads|brn
|move|p2a: Iron Treads|Stealth Rock|p1a: Dragapult
|-sidestart|p1: haaaaxxxxx|move: Stealth Rock
|
|-damage|p2a: Iron Treads|63/100 brn|[from] brn
|upkeep
|turn|12
|
|t:|1781457853
|move|p1a: Dragapult|Dragon Darts|p2a: Iron Treads
|-resisted|p2a: Iron Treads
|-damage|p2a: Iron Treads|49/100 brn
|-anim|p1a: Dragapult|Dragon Darts|p2a: Iron Treads
|-resisted|p2a: Iron Treads
|-damage|p2a: Iron Treads|34/100 brn
|move|p2a: Iron Treads|Steel Beam|p1a: Dragapult
|-damage|p1a: Dragapult|25/100
|-damage|p2a: Iron Treads|0 fnt|[from] steelbeam
|faint|p2a: Iron Treads
|-end|p2a: Iron Treads|Quark Drive|[silent]
|
|upkeep
|
|t:|1781457858
|switch|p2a: Pelipper|Pelipper, M|76/100
|-weather|RainDance|[from] ability: Drizzle|[of] p2a: Pelipper
|turn|13
|
|t:|1781457872
|switch|p2a: Overqwil|Overqwil, F|42/100
|move|p1a: Dragapult|U-turn|p2a: Overqwil
|-damage|p2a: Overqwil|17/100
|
|t:|1781457881
|switch|p1a: Alomomola|Alomomola, M|82/100|[from] U-turn
|
|-weather|RainDance|[upkeep]
|upkeep
|turn|14
|
|t:|1781457886
|move|p2a: Overqwil|Gunk Shot|p1a: Alomomola|[miss]
|-miss|p2a: Overqwil|p1a: Alomomola
|move|p1a: Alomomola|Flip Turn|p2a: Overqwil
|-damage|p2a: Overqwil|0 fnt
|faint|p2a: Overqwil
|
|t:|1781457892
|switch|p1a: Slowking|Slowking-Galar, F|100/100|[from] Flip Turn
|
|-weather|RainDance|[upkeep]
|upkeep
|
|t:|1781457895
|switch|p2a: Barraskewda|Barraskewda, F|100/100
|turn|15
|
|t:|1781457899
|switch|p1a: Alomomola|Alomomola, M|100/100
|-terastallize|p2a: Barraskewda|Water
|move|p2a: Barraskewda|Liquidation|p1a: Alomomola
|-resisted|p1a: Alomomola
|-damage|p1a: Alomomola|61/100
|
|-weather|RainDance|[upkeep]
|upkeep
|turn|16
|
|t:|1781457908
|move|p2a: Barraskewda|Liquidation|p1a: Alomomola
|-resisted|p1a: Alomomola
|-damage|p1a: Alomomola|23/100
|move|p1a: Alomomola|Wish|p1a: Alomomola
|
|-weather|RainDance|[upkeep]
|upkeep
|turn|17
|
|t:|1781457913
|move|p1a: Alomomola|Protect|p1a: Alomomola
|-singleturn|p1a: Alomomola|Protect
|move|p2a: Barraskewda|Liquidation|p1a: Alomomola
|-activate|p1a: Alomomola|move: Protect
|
|-weather|RainDance|[upkeep]
|-heal|p1a: Alomomola|73/100|[from] move: Wish|[wisher] Alomomola
|upkeep
|turn|18
|
|t:|1781457921
|move|p2a: Barraskewda|Liquidation|p1a: Alomomola
|-resisted|p1a: Alomomola
|-crit|p1a: Alomomola
|-damage|p1a: Alomomola|18/100
|move|p1a: Alomomola|Wish|p1a: Alomomola
|
|-weather|RainDance|[upkeep]
|upkeep
|turn|19
|
|t:|1781457928
|move|p1a: Alomomola|Protect|p1a: Alomomola
|-singleturn|p1a: Alomomola|Protect
|move|p2a: Barraskewda|Liquidation|p1a: Alomomola
|-activate|p1a: Alomomola|move: Protect
|
|-weather|RainDance|[upkeep]
|-heal|p1a: Alomomola|68/100|[from] move: Wish|[wisher] Alomomola
|upkeep
|turn|20
|
|t:|1781457937
|move|p2a: Barraskewda|Liquidation|p1a: Alomomola
|-resisted|p1a: Alomomola
|-damage|p1a: Alomomola|34/100
|move|p1a: Alomomola|Wish|p1a: Alomomola
|
|-weather|none
|upkeep
|turn|21
|
|t:|1781457950
|switch|p2a: Pelipper|Pelipper, M|76/100
|-weather|RainDance|[from] ability: Drizzle|[of] p2a: Pelipper
|move|p1a: Alomomola|Flip Turn|p2a: Pelipper
|-resisted|p2a: Pelipper
|-damage|p2a: Pelipper|66/100
|
|t:|1781457959
|switch|p1a: Slowking|Slowking-Galar, F|100/100|[from] Flip Turn
|
|-weather|RainDance|[upkeep]
|upkeep
|turn|22
|
|t:|1781457967
|move|p2a: Pelipper|U-turn|p1a: Slowking
|-damage|p1a: Slowking|90/100
|
|t:|1781457969
|switch|p2a: Raging Bolt|Raging Bolt|100/100|[from] U-turn
|-enditem|p2a: Raging Bolt|Booster Energy
|-activate|p2a: Raging Bolt|ability: Protosynthesis|[fromitem]
|-start|p2a: Raging Bolt|protosynthesisspa
|-prepare|p1a: Slowking|Chilly Reception|[premajor]
|move|p1a: Slowking|Chilly Reception|p1a: Slowking
|-weather|Snowscape
|
|t:|1781457977
|switch|p1a: Great Tusk|Great Tusk|100/100|[from] Chilly Reception
|-damage|p1a: Great Tusk|98/100|[from] Stealth Rock
|
|-weather|Snowscape|[upkeep]
|upkeep
|turn|23
|
|t:|1781457984
|move|p2a: Raging Bolt|Weather Ball|p1a: Great Tusk
|-supereffective|p1a: Great Tusk
|-damage|p1a: Great Tusk|0 fnt
|faint|p1a: Great Tusk
|-end|p1a: Great Tusk|Protosynthesis|[silent]
|
|-weather|Snowscape|[upkeep]
|upkeep
|
|t:|1781457989
|switch|p1a: Slowking|Slowking-Galar, F|100/100
|turn|24
|
|t:|1781457994
|-end|p2a: Raging Bolt|Protosynthesis|[silent]
|switch|p2a: Pelipper|Pelipper, M|66/100
|-weather|RainDance|[from] ability: Drizzle|[of] p2a: Pelipper
|move|p1a: Slowking|Toxic|p2a: Pelipper
|-status|p2a: Pelipper|tox
|
|-weather|RainDance|[upkeep]
|-damage|p2a: Pelipper|60/100 tox|[from] psn
|upkeep
|turn|25
|
|t:|1781458006
|switch|p2a: Barraskewda|Barraskewda, F, tera:Water|100/100
|move|p1a: Slowking|Toxic|p2a: Barraskewda
|-status|p2a: Barraskewda|tox
|
|-weather|RainDance|[upkeep]
|-damage|p2a: Barraskewda|94/100 tox|[from] psn
|upkeep
|turn|26
|
|t:|1781458026
|switch|p1a: Alomomola|Alomomola, M|67/100
|move|p2a: Barraskewda|Liquidation|p1a: Alomomola
|-resisted|p1a: Alomomola
|-damage|p1a: Alomomola|32/100
|-unboost|p1a: Alomomola|def|1
|
|-weather|RainDance|[upkeep]
|-damage|p2a: Barraskewda|82/100 tox|[from] psn
|upkeep
|turn|27
|
|t:|1781458035
|move|p1a: Alomomola|Protect|p1a: Alomomola
|-singleturn|p1a: Alomomola|Protect
|move|p2a: Barraskewda|Liquidation|p1a: Alomomola
|-activate|p1a: Alomomola|move: Protect
|
|-weather|RainDance|[upkeep]
|-damage|p2a: Barraskewda|64/100 tox|[from] psn
|upkeep
|turn|28
|
|t:|1781458044
|move|p1a: Alomomola|Protect||[still]
|-fail|p1a: Alomomola
|move|p2a: Barraskewda|Liquidation|p1a: Alomomola
|-resisted|p1a: Alomomola
|-damage|p1a: Alomomola|0 fnt
|faint|p1a: Alomomola
|
|-weather|RainDance|[upkeep]
|-damage|p2a: Barraskewda|40/100 tox|[from] psn
|upkeep
|
|t:|1781458052
|switch|p1a: Dragapult|Dragapult, M, tera:Dragon|25/100
|turn|29
|
|t:|1781458056
|move|p1a: Dragapult|Sucker Punch|p2a: Barraskewda
|-damage|p2a: Barraskewda|0 fnt
|faint|p2a: Barraskewda
|
|-weather|RainDance|[upkeep]
|upkeep
|
|t:|1781458059
|switch|p2a: Azelf|Azelf|100/100
|turn|30
|
|t:|1781458066
|move|p1a: Dragapult|U-turn|p2a: Azelf
|-supereffective|p2a: Azelf
|-damage|p2a: Azelf|33/100
|
|t:|1781458069
|switch|p1a: Slowking|Slowking-Galar, F|100/100|[from] U-turn
|move|p2a: Azelf|Dazzling Gleam|p1a: Slowking
|-resisted|p1a: Slowking
|-damage|p1a: Slowking|93/100
|
|-weather|RainDance|[upkeep]
|upkeep
|turn|31
|
|t:|1781458078
|move|p2a: Azelf|Taunt|p1a: Slowking
|-start|p1a: Slowking|move: Taunt
|cant|p1a: Slowking|move: Taunt|Toxic
|
|-weather|none
|upkeep
|turn|32
|
|t:|1781458081
|switch|p2a: Pelipper|Pelipper, M|60/100 tox
|-weather|RainDance|[from] ability: Drizzle|[of] p2a: Pelipper
|move|p1a: Slowking|Sludge Bomb|p2a: Pelipper
|-damage|p2a: Pelipper|12/100 tox
|
|-weather|RainDance|[upkeep]
|-damage|p2a: Pelipper|5/100 tox|[from] psn
|upkeep
|turn|33
|
|t:|1781458089
|move|p2a: Pelipper|Hurricane|p1a: Slowking
|-damage|p1a: Slowking|72/100
|-start|p1a: Slowking|confusion
|-activate|p1a: Slowking|confusion
|move|p1a: Slowking|Future Sight|p2a: Pelipper
|-start|p1a: Slowking|move: Future Sight
|
|-weather|RainDance|[upkeep]
|-damage|p2a: Pelipper|0 fnt|[from] psn
|faint|p2a: Pelipper
|-end|p1a: Slowking|move: Taunt
|upkeep
|
|t:|1781458092
|switch|p2a: Raging Bolt|Raging Bolt|100/100
|turn|34
|
|t:|1781458101
|move|p2a: Raging Bolt|Thunder|p1a: Slowking
|-damage|p1a: Slowking|30/100
|-activate|p1a: Slowking|confusion
|move|p1a: Slowking|Toxic|p2a: Raging Bolt
|-status|p2a: Raging Bolt|tox
|
|-weather|RainDance|[upkeep]
|-damage|p2a: Raging Bolt|94/100 tox|[from] psn
|upkeep
|turn|35
|
|t:|1781458111
|move|p2a: Raging Bolt|Thunder|p1a: Slowking
|-damage|p1a: Slowking|0 fnt
|faint|p1a: Slowking
|
|-weather|RainDance|[upkeep]
|-end|p2a: Raging Bolt|move: Future Sight
|-damage|p2a: Raging Bolt|55/100 tox
|-damage|p2a: Raging Bolt|43/100 tox|[from] psn
|upkeep
|
|t:|1781458119
|switch|p1a: Dragapult|Dragapult, M, tera:Dragon|25/100
|turn|36
|
|t:|1781458125
|move|p2a: Raging Bolt|Thunderclap|p1a: Dragapult
|-resisted|p1a: Dragapult
|-damage|p1a: Dragapult|0 fnt
|faint|p1a: Dragapult
|
|win|Negative1stClass
|raw|haaaaxxxxx's rating: 1530 &rarr; <strong>1508</strong><br />(-22 for losing)
|raw|Negative1stClass's rating: 1490 &rarr; <strong>1512</strong><br />(+22 for winning)
|l|☆haaaaxxxxx
|player|p1|
|l|☆Negative1stClass
|player|p2|
