|j|☆DON family
|j|☆extra-pseudo man
|t:|1781473314
|gametype|singles
|player|p1|DON family|pokemonranger|1670
|player|p2|extra-pseudo man|alder|1738
|gen|9
|tier|[Gen 9] OU
|rated|
|rule|HP Percentage Mod: HP is shown in percentages
|rule|Endless Battle Clause: Forcing endless battles is banned
|rule|Species Clause: Limit one of each Pokémon
|rule|OHKO Clause: OHKO moves are banned
|rule|Evasion Items Clause: Evasion items are banned
|rule|Evasion Moves Clause: Evasion moves are banned
|rule|Evasion Abilities Clause: Evasion abilities are banned
|rule|Sleep Moves Clause: Sleep-inducing moves are banned
|clearpoke
|poke|p1|Ninetales, M|
|poke|p1|Ceruledge, F|
|poke|p1|Venusaur, M|
|poke|p1|Hatterene, F|
|poke|p1|Great Tusk|
|poke|p1|Walking Wake|
|poke|p2|Dragonite, F|
|poke|p2|Dragapult, M|
|poke|p2|Tyranitar, M|
|poke|p2|Metagross|
|poke|p2|Goodra-Hisui, F|
|poke|p2|Garchomp, M|
|teampreview
|c|☆DON family|nice team
|c|☆DON family|hf
|c|☆extra-pseudo man|gl
|
|t:|1781473330
|teamsize|p1|6
|teamsize|p2|6
|start
|switch|p1a: Ninetales|Ninetales, M|100/100
|switch|p2a: He pulten on it|Dragapult, M|100/100
|-weather|SunnyDay|[from] ability: Drought|[of] p1a: Ninetales
|turn|1
|
|t:|1781473338
|switch|p1a: Hatterene|Hatterene, F|100/100
|move|p2a: He pulten on it|Hex|p1a: Hatterene
|-supereffective|p1a: Hatterene
|-damage|p1a: Hatterene|46/100
|-enditem|p1a: Hatterene|Eject Button
|
|t:|1781473345
|switch|p1a: Ceruledge|Ceruledge, F|100/100
|
|-weather|SunnyDay|[upkeep]
|upkeep
|turn|2
|
|t:|1781473349
|switch|p2a: Marill me|Garchomp, M|100/100
|move|p1a: Ceruledge|Poltergeist|p2a: Marill me
|-activate|p2a: Marill me|move: Poltergeist|Rocky Helmet
|-crit|p2a: Marill me
|-damage|p2a: Marill me|52/100
|
|-weather|SunnyDay|[upkeep]
|upkeep
|turn|3
|
|t:|1781473353
|move|p1a: Ceruledge|Swords Dance|p1a: Ceruledge
|-boost|p1a: Ceruledge|atk|2
|move|p2a: Marill me|Earthquake|p1a: Ceruledge
|-supereffective|p1a: Ceruledge
|-enditem|p1a: Ceruledge|Focus Sash
|-damage|p1a: Ceruledge|1/100
|-ability|p1a: Ceruledge|Weak Armor|boost
|-unboost|p1a: Ceruledge|def|1
|-boost|p1a: Ceruledge|spe|2
|
|-weather|SunnyDay|[upkeep]
|upkeep
|turn|4
|
|t:|1781473360
|move|p1a: Ceruledge|Poltergeist|p2a: Marill me
|-activate|p2a: Marill me|move: Poltergeist|Rocky Helmet
|-damage|p2a: Marill me|0 fnt
|faint|p2a: Marill me
|
|-weather|SunnyDay|[upkeep]
|upkeep
|
|t:|1781473366
|switch|p2a: kaboom|Metagross|100/100
|turn|5
|
|t:|1781473370
|move|p1a: Ceruledge|Shadow Sneak|p2a: kaboom
|-supereffective|p2a: kaboom
|-damage|p2a: kaboom|33/100
|move|p2a: kaboom|Bullet Punch|p1a: Ceruledge
|-resisted|p1a: Ceruledge
|-damage|p1a: Ceruledge|0 fnt
|faint|p1a: Ceruledge
|
|-weather|SunnyDay|[upkeep]
|upkeep
|
|t:|1781473375
|switch|p1a: Walking Wake|Walking Wake|100/100
|-activate|p1a: Walking Wake|ability: Protosynthesis
|-start|p1a: Walking Wake|protosynthesisspa
|turn|6
|
|t:|1781473383
|switch|p2a: Tyranocif|Tyranitar, M|100/100
|-weather|Sandstorm|[from] ability: Sand Stream|[of] p2a: Tyranocif
|-end|p1a: Walking Wake|Protosynthesis
|move|p1a: Walking Wake|Draco Meteor|p2a: Tyranocif
|-damage|p2a: Tyranocif|58/100
|-unboost|p1a: Walking Wake|spa|2
|
|-weather|Sandstorm|[upkeep]
|-damage|p1a: Walking Wake|94/100|[from] Sandstorm
|-heal|p2a: Tyranocif|64/100|[from] item: Leftovers
|upkeep
|turn|7
|
|t:|1781473393
|-end|p1a: Walking Wake|Protosynthesis|[silent]
|switch|p1a: Great Tusk|Great Tusk|100/100
|switch|p2a: The goot|Goodra-Hisui, F|100/100
|
|-weather|Sandstorm|[upkeep]
|upkeep
|turn|8
|
|t:|1781473403
|move|p1a: Great Tusk|Headlong Rush|p2a: The goot
|-supereffective|p2a: The goot
|-damage|p2a: The goot|0 fnt
|-unboost|p1a: Great Tusk|def|1
|-unboost|p1a: Great Tusk|spd|1
|-ability|p2a: The goot|Gooey
|-unboost|p1a: Great Tusk|spe|1
|faint|p2a: The goot
|
|-weather|Sandstorm|[upkeep]
|upkeep
|
|t:|1781473405
|switch|p2a: He pulten on it|Dragapult, M|100/100
|turn|9
|
|t:|1781473408
|-end|p1a: Great Tusk|Protosynthesis|[silent]
|switch|p1a: Ninetales|Ninetales, M|100/100
|-weather|SunnyDay|[from] ability: Drought|[of] p1a: Ninetales
|move|p2a: He pulten on it|Draco Meteor|p1a: Ninetales
|-damage|p1a: Ninetales|40/100
|-unboost|p2a: He pulten on it|spa|2
|
|-weather|SunnyDay|[upkeep]
|upkeep
|turn|10
|
|t:|1781473414
|switch|p1a: Great Tusk|Great Tusk|100/100
|-activate|p1a: Great Tusk|ability: Protosynthesis
|-start|p1a: Great Tusk|protosynthesisspe
|move|p2a: He pulten on it|U-turn|p1a: Great Tusk
|-resisted|p1a: Great Tusk
|-damage|p1a: Great Tusk|96/100
|-damage|p2a: He pulten on it|84/100|[from] item: Rocky Helmet|[of] p1a: Great Tusk
|
|t:|1781473416
|switch|p2a: Tyranocif|Tyranitar, M|64/100|[from] U-turn
|-weather|Sandstorm|[from] ability: Sand Stream|[of] p2a: Tyranocif
|-end|p1a: Great Tusk|Protosynthesis
|
|-weather|Sandstorm|[upkeep]
|-heal|p2a: Tyranocif|70/100|[from] item: Leftovers
|upkeep
|turn|11
|
|t:|1781473424
|move|p1a: Great Tusk|Stealth Rock|p2a: Tyranocif
|-sidestart|p2: extra-pseudo man|move: Stealth Rock
|move|p2a: Tyranocif|Ice Beam|p1a: Great Tusk
|-supereffective|p1a: Great Tusk
|-damage|p1a: Great Tusk|46/100
|
|-weather|Sandstorm|[upkeep]
|-heal|p2a: Tyranocif|76/100|[from] item: Leftovers
|upkeep
|turn|12
|
|t:|1781473434
|move|p1a: Great Tusk|Headlong Rush|p2a: Tyranocif
|-supereffective|p2a: Tyranocif
|-damage|p2a: Tyranocif|0 fnt
|-unboost|p1a: Great Tusk|def|1
|-unboost|p1a: Great Tusk|spd|1
|faint|p2a: Tyranocif
|
|-weather|Sandstorm|[upkeep]
|upkeep
|
|t:|1781473437
|switch|p2a: He pulten on it|Dragapult, M|84/100
|turn|13
|
|t:|1781473439
|-end|p1a: Great Tusk|Protosynthesis|[silent]
|switch|p1a: Ninetales|Ninetales, M|40/100
|-weather|SunnyDay|[from] ability: Drought|[of] p1a: Ninetales
|move|p2a: He pulten on it|Hex|p1a: Ninetales
|-damage|p1a: Ninetales|15/100
|
|-weather|SunnyDay|[upkeep]
|upkeep
|turn|14
|
|t:|1781473450
|switch|p1a: Great Tusk|Great Tusk|46/100
|-activate|p1a: Great Tusk|ability: Protosynthesis
|-start|p1a: Great Tusk|protosynthesisspe
|move|p2a: He pulten on it|Hex|p1a: Great Tusk
|-damage|p1a: Great Tusk|9/100
|
|-weather|SunnyDay|[upkeep]
|upkeep
|turn|15
|
|t:|1781473455
|move|p1a: Great Tusk|Ice Spinner|p2a: He pulten on it
|-supereffective|p2a: He pulten on it
|-damage|p2a: He pulten on it|22/100
|move|p2a: He pulten on it|Hex|p1a: Great Tusk
|-damage|p1a: Great Tusk|0 fnt
|faint|p1a: Great Tusk
|-end|p1a: Great Tusk|Protosynthesis|[silent]
|
|-weather|SunnyDay|[upkeep]
|upkeep
|
|t:|1781473459
|switch|p1a: Venusaur|Venusaur, M|100/100
|turn|16
|
|t:|1781473463
|move|p1a: Venusaur|Weather Ball|p2a: He pulten on it
|-resisted|p2a: He pulten on it
|-damage|p2a: He pulten on it|0 fnt
|faint|p2a: He pulten on it
|-damage|p1a: Venusaur|91/100|[from] item: Life Orb
|
|-weather|SunnyDay|[upkeep]
|upkeep
|
|t:|1781473473
|switch|p2a: kaboom|Metagross|33/100
|-damage|p2a: kaboom|27/100|[from] Stealth Rock
|turn|17
|
|t:|1781473478
|move|p1a: Venusaur|Weather Ball|p2a: kaboom
|-supereffective|p2a: kaboom
|-damage|p2a: kaboom|0 fnt
|faint|p2a: kaboom
|-damage|p1a: Venusaur|81/100|[from] item: Life Orb
|
|-weather|SunnyDay|[upkeep]
|upkeep
|
|t:|1781473480
|switch|p2a: Chud|Dragonite, F|100/100
|turn|18
|
|t:|1781473484
|move|p1a: Venusaur|Sludge Bomb|p2a: Chud
|-damage|p2a: Chud|71/100
|-damage|p1a: Venusaur|71/100|[from] item: Life Orb
|move|p2a: Chud|Dragon Dance|p2a: Chud
|-boost|p2a: Chud|atk|1
|-boost|p2a: Chud|spe|1
|
|-weather|SunnyDay|[upkeep]
|upkeep
|turn|19
|
|t:|1781473502
|move|p1a: Venusaur|Sludge Bomb|p2a: Chud
|-damage|p2a: Chud|11/100
|-damage|p1a: Venusaur|61/100|[from] item: Life Orb
|move|p2a: Chud|Dragon Dance|p2a: Chud
|-boost|p2a: Chud|atk|1
|-boost|p2a: Chud|spe|1
|
|-weather|SunnyDay|[upkeep]
|upkeep
|turn|20
|
|t:|1781473513
|-terastallize|p2a: Chud|Normal
|move|p2a: Chud|Extreme Speed|p1a: Venusaur
|-damage|p1a: Venusaur|0 fnt
|faint|p1a: Venusaur
|
|-weather|none
|upkeep
|
|t:|1781473518
|switch|p1a: Walking Wake|Walking Wake|94/100
|turn|21
|
|t:|1781473521
|-end|p1a: Walking Wake|Protosynthesis|[silent]
|switch|p1a: Ninetales|Ninetales, M|15/100
|-weather|SunnyDay|[from] ability: Drought|[of] p1a: Ninetales
|move|p2a: Chud|Extreme Speed|p1a: Ninetales
|-damage|p1a: Ninetales|0 fnt
|faint|p1a: Ninetales
|
|-weather|SunnyDay|[upkeep]
|upkeep
|
|t:|1781473523
|switch|p1a: Walking Wake|Walking Wake|94/100
|-activate|p1a: Walking Wake|ability: Protosynthesis
|-start|p1a: Walking Wake|protosynthesisspa
|turn|22
|
|t:|1781473529
|-terastallize|p1a: Walking Wake|Water
|move|p2a: Chud|Extreme Speed|p1a: Walking Wake
|-damage|p1a: Walking Wake|0 fnt
|faint|p1a: Walking Wake
|-end|p1a: Walking Wake|Protosynthesis|[silent]
|
|-weather|SunnyDay|[upkeep]
|upkeep
|
|t:|1781473533
|switch|p1a: Hatterene|Hatterene, F|46/100
|turn|23
|c|☆DON family|gg
|
|t:|1781473540
|move|p2a: Chud|Extreme Speed|p1a: Hatterene
|-damage|p1a: Hatterene|0 fnt
|faint|p1a: Hatterene
|
|win|extra-pseudo man
|raw|DON family's rating: 1670 &rarr; <strong>1654</strong><br />(-16 for losing)
|raw|extra-pseudo man's rating: 1738 &rarr; <strong>1754</strong><br />(+16 for winning)
|l|☆DON family
|player|p1|
|c|☆extra-pseudo man|gg
