|badge|p2|bronze|gen9ou|100-9
|uhtml|medal-msg|<div class="broadcast-blue">Curious what those medals under the avatar are? PS now has Ladder Seasons! For more information, check out the <a href="https://www.smogon.com/forums/threads/3740067/">thread on Smogon.</a></div>
|j|☆DMVortex38
|j|☆thelarpinglarper
|t:|1781586837
|gametype|singles
|player|p1|DMVortex38|1|1543
|player|p2|thelarpinglarper|sordward|1824
|gen|9
|tier|[Gen 9] OU
|rated|
|rule|HP Percentage Mod: HP is shown in percentages
|rule|Endless Battle Clause: Forcing endless battles is banned
|rule|Species Clause: Limit one of each Pokémon
|rule|OHKO Clause: OHKO moves are banned
|rule|Evasion Items Clause: Evasion items are banned
|rule|Evasion Moves Clause: Evasion moves are banned
|rule|Evasion Abilities Clause: Evasion abilities are banned
|rule|Sleep Moves Clause: Sleep-inducing moves are banned
|clearpoke
|poke|p1|Haxorus, F|
|poke|p1|Slowking-Galar, F|
|poke|p1|Moltres|
|poke|p1|Iron Treads|
|poke|p1|Iron Valiant|
|poke|p1|Zamazenta-*|
|poke|p2|Samurott-Hisui, M|
|poke|p2|Iron Treads|
|poke|p2|Iron Valiant|
|poke|p2|Rotom-Wash|
|poke|p2|Iron Moth|
|poke|p2|Pecharunt|
|teampreview
|inactive|Battle timer is ON: inactive players will automatically lose when time's up. (requested by thelarpinglarper)
|
|t:|1781586861
|teamsize|p1|6
|teamsize|p2|6
|start
|switch|p1a: Haxserious|Haxorus, F|100/100
|switch|p2a: Iron Moth|Iron Moth|100/100
|-ability|p1a: Haxserious|Mold Breaker
|turn|1
|
|t:|1781586867
|move|p1a: Haxserious|Earthquake|p2a: Iron Moth
|-supereffective|p2a: Iron Moth
|-damage|p2a: Iron Moth|0 fnt
|faint|p2a: Iron Moth
|-end|p2a: Iron Moth|Quark Drive|[silent]
|
|upkeep
|
|t:|1781586871
|switch|p2a: Rotom|Rotom-Wash|100/100
|turn|2
|
|t:|1781586875
|switch|p2a: Samurott|Samurott-Hisui, M|100/100
|move|p1a: Haxserious|Earthquake|p2a: Samurott
|-damage|p2a: Samurott|34/100
|
|upkeep
|turn|3
|
|t:|1781586891
|move|p1a: Haxserious|Earthquake|p2a: Samurott
|-crit|p2a: Samurott
|-damage|p2a: Samurott|0 fnt
|faint|p2a: Samurott
|
|upkeep
|
|t:|1781586893
|switch|p2a: Iron Valiant|Iron Valiant|100/100
|turn|4
|
|t:|1781586900
|switch|p1a: Slowking|Slowking-Galar, F|100/100
|move|p2a: Iron Valiant|Moonblast|p1a: Slowking
|-resisted|p1a: Slowking
|-damage|p1a: Slowking|85/100
|-damage|p2a: Iron Valiant|90/100|[from] item: Life Orb
|
|upkeep
|turn|5
|
|t:|1781586918
|move|p2a: Iron Valiant|Knock Off|p1a: Slowking
|-supereffective|p1a: Slowking
|-damage|p1a: Slowking|0 fnt
|-enditem|p1a: Slowking|Heavy-Duty Boots|[from] move: Knock Off|[of] p2a: Iron Valiant
|faint|p1a: Slowking
|-damage|p2a: Iron Valiant|80/100|[from] item: Life Orb
|
|upkeep
|
|t:|1781586925
|switch|p1a: Iron Valiant|Iron Valiant|100/100
|-enditem|p1a: Iron Valiant|Booster Energy
|-activate|p1a: Iron Valiant|ability: Quark Drive|[fromitem]
|-start|p1a: Iron Valiant|quarkdrivespe
|turn|6
|
|t:|1781586931
|-end|p2a: Iron Valiant|Quark Drive|[silent]
|switch|p2a: Iron Treads|Iron Treads|100/100
|move|p1a: Iron Valiant|Calm Mind|p1a: Iron Valiant
|-boost|p1a: Iron Valiant|spa|1
|-boost|p1a: Iron Valiant|spd|1
|
|upkeep
|turn|7
|
|t:|1781586940
|-terastallize|p1a: Iron Valiant|Ghost
|move|p1a: Iron Valiant|Calm Mind|p1a: Iron Valiant
|-boost|p1a: Iron Valiant|spa|1
|-boost|p1a: Iron Valiant|spd|1
|move|p2a: Iron Treads|Earthquake|p1a: Iron Valiant
|-damage|p1a: Iron Valiant|52/100
|
|upkeep
|turn|8
|
|t:|1781586948
|move|p1a: Iron Valiant|Shadow Ball|p2a: Iron Treads
|-damage|p2a: Iron Treads|0 fnt
|faint|p2a: Iron Treads
|-end|p2a: Iron Treads|Quark Drive|[silent]
|
|upkeep
|
|t:|1781586959
|switch|p2a: Pecharunt|Pecharunt|100/100
|turn|9
|
|t:|1781586962
|-terastallize|p2a: Pecharunt|Dark
|move|p1a: Iron Valiant|Moonblast|p2a: Pecharunt
|-supereffective|p2a: Pecharunt
|-damage|p2a: Pecharunt|0 fnt
|faint|p2a: Pecharunt
|
|upkeep
|
|t:|1781586966
|switch|p2a: Iron Valiant|Iron Valiant|80/100
|turn|10
|
|t:|1781586970
|move|p1a: Iron Valiant|Moonblast|p2a: Iron Valiant
|-supereffective|p2a: Iron Valiant
|-damage|p2a: Iron Valiant|0 fnt
|faint|p2a: Iron Valiant
|-end|p2a: Iron Valiant|Quark Drive|[silent]
|
|upkeep
|-message|thelarpinglarper forfeited.
|
|win|DMVortex38
|raw|DMVortex38's rating: 1543 &rarr; <strong>1576</strong><br />(+33 for winning)
|raw|thelarpinglarper's rating: 1800 &rarr; <strong>1767</strong><br />(-33 for losing)
|l|☆thelarpinglarper
|player|p2|
|l|☆DMVortex38
|player|p1|
