|j|☆PepeNike
|j|☆vivienne black
|t:|1781032717
|gametype|singles
|player|p1|PepeNike|101|1563
|player|p2|vivienne black|guitarist|1567
|gen|9
|tier|[Gen 9] OU
|rated|
|rule|HP Percentage Mod: HP is shown in percentages
|rule|Endless Battle Clause: Forcing endless battles is banned
|rule|Species Clause: Limit one of each Pokémon
|rule|OHKO Clause: OHKO moves are banned
|rule|Evasion Items Clause: Evasion items are banned
|rule|Evasion Moves Clause: Evasion moves are banned
|rule|Evasion Abilities Clause: Evasion abilities are banned
|rule|Sleep Moves Clause: Sleep-inducing moves are banned
|clearpoke
|poke|p1|Kleavor, F|
|poke|p1|Samurott-Hisui, M|
|poke|p1|Gholdengo|
|poke|p1|Ceruledge, M|
|poke|p1|Greninja-*, M|
|poke|p1|Dragapult, F|
|poke|p2|Iron Moth|
|poke|p2|Gliscor, F|
|poke|p2|Hatterene, F|
|poke|p2|Ogerpon-Wellspring, F|
|poke|p2|Raging Bolt|
|poke|p2|Zamazenta-*|
|teampreview
|inactive|Battle timer is ON: inactive players will automatically lose when time's up. (requested by PepeNike)
|
|t:|1781032742
|teamsize|p1|6
|teamsize|p2|6
|start
|switch|p1a: Kleavor|Kleavor, F|100/100
|switch|p2a: Zamazenta|Zamazenta|100/100
|-ability|p2a: Zamazenta|Dauntless Shield|boost
|-boost|p2a: Zamazenta|def|1
|turn|1
|
|t:|1781032745
|move|p2a: Zamazenta|Reflect|p2a: Zamazenta
|-sidestart|p2: vivienne black|Reflect
|move|p1a: Kleavor|Stone Axe|p2a: Zamazenta
|-resisted|p2a: Zamazenta
|-damage|p2a: Zamazenta|92/100
|-sidestart|p2: vivienne black|move: Stealth Rock
|
|upkeep
|turn|2
|
|t:|1781032750
|switch|p1a: Gholdengo|Gholdengo|100/100
|-item|p1a: Gholdengo|Air Balloon
|move|p2a: Zamazenta|Close Combat|p1a: Gholdengo
|-immune|p1a: Gholdengo
|
|upkeep
|turn|3
|
|t:|1781032752
|move|p2a: Zamazenta|Light Screen|p2a: Zamazenta
|-sidestart|p2: vivienne black|move: Light Screen
|move|p1a: Gholdengo|Thunder Wave|p2a: Zamazenta
|-status|p2a: Zamazenta|par
|
|upkeep
|turn|4
|
|t:|1781032759
|switch|p2a: Iron Moth|Iron Moth|100/100
|-damage|p2a: Iron Moth|76/100|[from] Stealth Rock
|-enditem|p2a: Iron Moth|Booster Energy
|-activate|p2a: Iron Moth|ability: Quark Drive|[fromitem]
|-start|p2a: Iron Moth|quarkdrivespe
|switch|p1a: Ceruledge|Ceruledge, M|100/100
|
|upkeep
|turn|5
|
|t:|1781032770
|move|p1a: Ceruledge|Swords Dance|p1a: Ceruledge
|-boost|p1a: Ceruledge|atk|2
|move|p2a: Iron Moth|Whirlwind|p1a: Ceruledge
|drag|p1a: Greninja|Greninja, M|100/100
|
|upkeep
|turn|6
|
|t:|1781032777
|switch|p1a: Dragapult|Dragapult, F|100/100
|move|p2a: Iron Moth|Energy Ball|p1a: Dragapult
|-resisted|p1a: Dragapult
|-damage|p1a: Dragapult|79/100
|
|upkeep
|turn|7
|
|t:|1781032780
|move|p2a: Iron Moth|Sludge Wave|p1a: Dragapult
|-resisted|p1a: Dragapult
|-damage|p1a: Dragapult|47/100
|move|p1a: Dragapult|Dragon Darts|p2a: Iron Moth
|-damage|p2a: Iron Moth|44/100
|-anim|p1a: Dragapult|Dragon Darts|p2a: Iron Moth
|-damage|p2a: Iron Moth|13/100
|
|upkeep
|turn|8
|
|t:|1781032785
|move|p2a: Iron Moth|Sludge Wave|p1a: Dragapult
|-resisted|p1a: Dragapult
|-damage|p1a: Dragapult|12/100
|move|p1a: Dragapult|Dragon Darts|p2a: Iron Moth
|-damage|p2a: Iron Moth|0 fnt
|faint|p2a: Iron Moth
|-end|p2a: Iron Moth|Quark Drive|[silent]
|
|-sideend|p2: vivienne black|Reflect
|upkeep
|
|t:|1781032793
|switch|p2a: Raging Bolt|Raging Bolt|100/100
|-damage|p2a: Raging Bolt|88/100|[from] Stealth Rock
|-enditem|p2a: Raging Bolt|Booster Energy
|-activate|p2a: Raging Bolt|ability: Protosynthesis|[fromitem]
|-start|p2a: Raging Bolt|protosynthesisspa
|turn|9
|
|t:|1781032800
|switch|p1a: Kleavor|Kleavor, F|100/100
|move|p2a: Raging Bolt|Thunderclap||[still]
|-fail|p2a: Raging Bolt
|
|upkeep
|turn|10
|
|t:|1781032828
|move|p1a: Kleavor|Stone Axe|p2a: Raging Bolt
|-damage|p2a: Raging Bolt|37/100
|move|p2a: Raging Bolt|Calm Mind|p2a: Raging Bolt
|-boost|p2a: Raging Bolt|spa|1
|-boost|p2a: Raging Bolt|spd|1
|
|-sideend|p2: vivienne black|move: Light Screen
|upkeep
|turn|11
|
|t:|1781032833
|move|p2a: Raging Bolt|Thunderclap|p1a: Kleavor
|-enditem|p1a: Kleavor|Focus Sash
|-damage|p1a: Kleavor|1/100
|move|p1a: Kleavor|Stone Axe|p2a: Raging Bolt
|-damage|p2a: Raging Bolt|0 fnt
|faint|p2a: Raging Bolt
|-end|p2a: Raging Bolt|Protosynthesis|[silent]
|
|upkeep
|
|t:|1781032848
|switch|p2a: Ogerpon|Ogerpon-Wellspring, F|100/100
|-damage|p2a: Ogerpon|88/100|[from] Stealth Rock
|turn|12
|
|t:|1781032850
|move|p2a: Ogerpon|Trailblaze|p1a: Kleavor
|-damage|p1a: Kleavor|0 fnt
|-boost|p2a: Ogerpon|spe|1
|faint|p1a: Kleavor
|
|upkeep
|
|t:|1781032852
|switch|p1a: Ceruledge|Ceruledge, M|100/100
|turn|13
|
|t:|1781032877
|move|p2a: Ogerpon|Trailblaze|p1a: Ceruledge
|-resisted|p1a: Ceruledge
|-crit|p1a: Ceruledge
|-damage|p1a: Ceruledge|64/100
|-boost|p2a: Ogerpon|spe|1
|-ability|p1a: Ceruledge|Weak Armor|boost
|-unboost|p1a: Ceruledge|def|1
|-boost|p1a: Ceruledge|spe|2
|move|p1a: Ceruledge|Swords Dance|p1a: Ceruledge
|-boost|p1a: Ceruledge|atk|2
|
|upkeep
|turn|14
|
|t:|1781032892
|move|p1a: Ceruledge|Shadow Sneak|p2a: Ogerpon
|-damage|p2a: Ogerpon|28/100
|move|p2a: Ogerpon|Ivy Cudgel|p1a: Ceruledge|[anim] Ivy Cudgel Water
|-supereffective|p1a: Ceruledge
|-damage|p1a: Ceruledge|0 fnt
|faint|p1a: Ceruledge
|
|upkeep
|
|t:|1781032896
|switch|p1a: Samurott|Samurott-Hisui, M|100/100
|turn|15
|inactive|vivienne black has 120 seconds left.
|inactive|vivienne black has 90 seconds left.
|
|t:|1781032961
|move|p1a: Samurott|Sucker Punch|p2a: Ogerpon
|-damage|p2a: Ogerpon|0 fnt
|faint|p2a: Ogerpon
|
|upkeep
|
|t:|1781032964
|switch|p2a: Zamazenta|Zamazenta|92/100 par
|-damage|p2a: Zamazenta|86/100 par|[from] Stealth Rock
|turn|16
|
|t:|1781032987
|move|p1a: Samurott|Taunt|p2a: Zamazenta
|-start|p2a: Zamazenta|move: Taunt
|cant|p2a: Zamazenta|move: Taunt|Reflect
|
|upkeep
|turn|17
|
|t:|1781032995
|switch|p1a: Dragapult|Dragapult, F|12/100
|move|p2a: Zamazenta|Close Combat|p1a: Dragapult
|-immune|p1a: Dragapult
|
|upkeep
|turn|18
|
|t:|1781033009
|switch|p2a: Gliscor|Gliscor, F|100/100
|-damage|p2a: Gliscor|88/100|[from] Stealth Rock
|move|p1a: Dragapult|Dragon Darts|p2a: Gliscor
|-damage|p2a: Gliscor|51/100
|-anim|p1a: Dragapult|Dragon Darts|p2a: Gliscor
|-damage|p2a: Gliscor|20/100
|
|-status|p2a: Gliscor|tox|[from] item: Toxic Orb
|upkeep
|turn|19
|
|t:|1781033031
|switch|p2a: Hatterene|Hatterene, F|100/100
|-damage|p2a: Hatterene|88/100|[from] Stealth Rock
|move|p1a: Dragapult|Dragon Darts|p2a: Hatterene
|-immune|p2a: Hatterene
|
|-heal|p2a: Hatterene|94/100|[from] item: Leftovers
|upkeep
|turn|20
|
|t:|1781033043
|switch|p1a: Samurott|Samurott-Hisui, M|100/100
|move|p2a: Hatterene|Calm Mind|p2a: Hatterene
|-boost|p2a: Hatterene|spa|1
|-boost|p2a: Hatterene|spd|1
|
|-heal|p2a: Hatterene|99/100|[from] item: Leftovers
|upkeep
|turn|21
|
|t:|1781033052
|move|p1a: Samurott|Ceaseless Edge|p2a: Hatterene
|-damage|p2a: Hatterene|49/100
|-sidestart|p2: vivienne black|Spikes
|move|p2a: Hatterene|Draining Kiss|p1a: Samurott
|-supereffective|p1a: Samurott
|-damage|p1a: Samurott|11/100
|-heal|p2a: Hatterene|100/100|[from] drain|[of] p1a: Samurott
|
|upkeep
|turn|22
|
|t:|1781033058
|move|p1a: Samurott|Ceaseless Edge|p2a: Hatterene
|-damage|p2a: Hatterene|48/100
|-sidestart|p2: vivienne black|Spikes
|move|p2a: Hatterene|Draining Kiss|p1a: Samurott
|-supereffective|p1a: Samurott
|-damage|p1a: Samurott|0 fnt
|-heal|p2a: Hatterene|57/100|[from] drain|[of] p1a: Samurott
|faint|p1a: Samurott
|
|-heal|p2a: Hatterene|63/100|[from] item: Leftovers
|upkeep
|
|t:|1781033064
|switch|p1a: Gholdengo|Gholdengo|100/100
|-item|p1a: Gholdengo|Air Balloon
|turn|23
|
|t:|1781033081
|-terastallize|p2a: Hatterene|Water
|move|p1a: Gholdengo|Make It Rain|p2a: Hatterene
|-resisted|p2a: Hatterene
|-damage|p2a: Hatterene|44/100
|-unboost|p1a: Gholdengo|spa|1
|move|p2a: Hatterene|Mystical Fire|p1a: Gholdengo
|-supereffective|p1a: Gholdengo
|-damage|p1a: Gholdengo|35/100
|-unboost|p1a: Gholdengo|spa|1
|-enditem|p1a: Gholdengo|Air Balloon
|
|-heal|p2a: Hatterene|50/100|[from] item: Leftovers
|upkeep
|turn|24
|
|t:|1781033092
|move|p1a: Gholdengo|Hex|p2a: Hatterene
|-damage|p2a: Hatterene|40/100
|move|p2a: Hatterene|Draining Kiss|p1a: Gholdengo
|-resisted|p1a: Gholdengo
|-damage|p1a: Gholdengo|19/100
|-heal|p2a: Hatterene|55/100|[from] drain|[of] p1a: Gholdengo
|
|-heal|p2a: Hatterene|61/100|[from] item: Leftovers
|upkeep
|turn|25
|
|t:|1781033111
|move|p1a: Gholdengo|Hex|p2a: Hatterene
|-damage|p2a: Hatterene|51/100
|move|p2a: Hatterene|Draining Kiss|p1a: Gholdengo
|-resisted|p1a: Gholdengo
|-damage|p1a: Gholdengo|1/100
|-heal|p2a: Hatterene|67/100|[from] drain|[of] p1a: Gholdengo
|
|-heal|p2a: Hatterene|73/100|[from] item: Leftovers
|upkeep
|turn|26
|
|t:|1781033117
|move|p1a: Gholdengo|Hex|p2a: Hatterene
|-damage|p2a: Hatterene|63/100
|move|p2a: Hatterene|Draining Kiss|p1a: Gholdengo
|-resisted|p1a: Gholdengo
|-damage|p1a: Gholdengo|0 fnt
|-heal|p2a: Hatterene|64/100|[from] drain|[of] p1a: Gholdengo
|faint|p1a: Gholdengo
|
|-heal|p2a: Hatterene|70/100|[from] item: Leftovers
|upkeep
|
|t:|1781033120
|switch|p1a: Dragapult|Dragapult, F|12/100
|turn|27
|
|t:|1781033126
|-terastallize|p1a: Dragapult|Dragon
|move|p1a: Dragapult|Dragon Darts|p2a: Hatterene
|-damage|p2a: Hatterene|28/100
|-anim|p1a: Dragapult|Dragon Darts|p2a: Hatterene
|-damage|p2a: Hatterene|0 fnt
|faint|p2a: Hatterene
|
|upkeep
|
|t:|1781033130
|switch|p2a: Zamazenta|Zamazenta|86/100 par
|-damage|p2a: Zamazenta|80/100 par|[from] Stealth Rock
|-damage|p2a: Zamazenta|64/100 par|[from] Spikes
|turn|28
|
|t:|1781033133
|move|p1a: Dragapult|Dragon Darts|p2a: Zamazenta
|-damage|p2a: Zamazenta|18/100 par
|-anim|p1a: Dragapult|Dragon Darts|p2a: Zamazenta
|-damage|p2a: Zamazenta|0 fnt
|faint|p2a: Zamazenta
|
|upkeep
|
|t:|1781033135
|switch|p2a: Gliscor|Gliscor, F|20/100 tox
|-damage|p2a: Gliscor|7/100 tox|[from] Stealth Rock
|turn|29
|
|t:|1781033138
|move|p1a: Dragapult|Dragon Darts|p2a: Gliscor
|-damage|p2a: Gliscor|0 fnt
|faint|p2a: Gliscor
|
|win|PepeNike
|raw|PepeNike's rating: 1563 &rarr; <strong>1582</strong><br />(+19 for winning)
|raw|vivienne black's rating: 1551 &rarr; <strong>1532</strong><br />(-19 for losing)
|l|☆vivienne black
|player|p2|
|l|☆PepeNike
|player|p1|
