|j|☆MVA Bjirtos
|j|☆kennojex
|t:|1781150962
|gametype|singles
|player|p1|MVA Bjirtos|riley|1554
|player|p2|kennojex|lucas|1606
|gen|9
|tier|[Gen 9] OU
|rated|
|rule|HP Percentage Mod: HP is shown in percentages
|rule|Endless Battle Clause: Forcing endless battles is banned
|rule|Species Clause: Limit one of each Pokémon
|rule|OHKO Clause: OHKO moves are banned
|rule|Evasion Items Clause: Evasion items are banned
|rule|Evasion Moves Clause: Evasion moves are banned
|rule|Evasion Abilities Clause: Evasion abilities are banned
|rule|Sleep Moves Clause: Sleep-inducing moves are banned
|clearpoke
|poke|p1|Ninetales-Alola, F|
|poke|p1|Iron Moth|
|poke|p1|Alomomola, F|
|poke|p1|Darkrai|
|poke|p1|Polteageist|
|poke|p1|Haxorus, M|
|poke|p2|Grimmsnarl, M|
|poke|p2|Garganacl, F|
|poke|p2|Manaphy|
|poke|p2|Latias, F|
|poke|p2|Corviknight, F|
|poke|p2|Iron Moth|
|teampreview
|inactive|Battle timer is ON: inactive players will automatically lose when time's up. (requested by MVA Bjirtos)
|
|t:|1781150988
|teamsize|p1|6
|teamsize|p2|6
|start
|switch|p1a: Sorrow|Iron Moth|100/100
|switch|p2a: Grimmsnarl|Grimmsnarl, M|100/100
|-enditem|p1a: Sorrow|Booster Energy
|-activate|p1a: Sorrow|ability: Quark Drive|[fromitem]
|-start|p1a: Sorrow|quarkdrivespe
|turn|1
|
|t:|1781150991
|move|p2a: Grimmsnarl|Parting Shot|p1a: Sorrow
|-unboost|p1a: Sorrow|atk|1
|-unboost|p1a: Sorrow|spa|1
|
|t:|1781150994
|switch|p2a: Garganacl|Garganacl, F|100/100|[from] Parting Shot
|move|p1a: Sorrow|Fiery Dance|p2a: Garganacl
|-resisted|p2a: Garganacl
|-damage|p2a: Garganacl|92/100
|-boost|p1a: Sorrow|spa|1
|
|-heal|p2a: Garganacl|98/100|[from] item: Leftovers
|upkeep
|turn|2
|
|t:|1781151005
|-end|p1a: Sorrow|Quark Drive|[silent]
|switch|p1a: Teardrop|Ninetales-Alola, F|100/100
|-weather|Snowscape|[from] ability: Snow Warning|[of] p1a: Teardrop
|move|p2a: Garganacl|Salt Cure|p1a: Teardrop
|-supereffective|p1a: Teardrop
|-damage|p1a: Teardrop|76/100
|-start|p1a: Teardrop|Salt Cure
|
|-weather|Snowscape|[upkeep]
|-heal|p2a: Garganacl|100/100|[from] item: Leftovers
|-damage|p1a: Teardrop|64/100|[from] Salt Cure
|upkeep
|turn|3
|
|t:|1781151015
|switch|p2a: Grimmsnarl|Grimmsnarl, M|100/100
|move|p1a: Teardrop|Aurora Veil|p1a: Teardrop
|-sidestart|p1: MVA Bjirtos|move: Aurora Veil
|
|-weather|Snowscape|[upkeep]
|-damage|p1a: Teardrop|52/100|[from] Salt Cure
|upkeep
|turn|4
|
|t:|1781151020
|switch|p1a: Eclipse|Darkrai|100/100
|move|p2a: Grimmsnarl|Light Screen|p2a: Grimmsnarl
|-sidestart|p2: kennojex|move: Light Screen
|
|-weather|Snowscape|[upkeep]
|upkeep
|turn|5
|
|t:|1781151024
|move|p1a: Eclipse|Nasty Plot|p1a: Eclipse
|-boost|p1a: Eclipse|spa|2
|move|p2a: Grimmsnarl|Spirit Break|p1a: Eclipse
|-supereffective|p1a: Eclipse
|-damage|p1a: Eclipse|64/100
|-unboost|p1a: Eclipse|spa|1
|
|-weather|Snowscape|[upkeep]
|upkeep
|turn|6
|
|t:|1781151033
|switch|p2a: Garganacl|Garganacl, F|100/100
|-terastallize|p1a: Eclipse|Poison
|move|p1a: Eclipse|Sludge Bomb|p2a: Garganacl
|-resisted|p2a: Garganacl
|-damage|p2a: Garganacl|85/100
|-damage|p1a: Eclipse|54/100|[from] item: Life Orb
|
|-weather|none
|-heal|p2a: Garganacl|91/100|[from] item: Leftovers
|upkeep
|turn|7
|
|t:|1781151040
|move|p1a: Eclipse|Focus Blast|p2a: Garganacl
|-supereffective|p2a: Garganacl
|-damage|p2a: Garganacl|38/100
|-damage|p1a: Eclipse|44/100|[from] item: Life Orb
|move|p2a: Garganacl|Salt Cure|p1a: Eclipse
|-damage|p1a: Eclipse|35/100
|-start|p1a: Eclipse|Salt Cure
|
|-heal|p2a: Garganacl|45/100|[from] item: Leftovers
|-damage|p1a: Eclipse|22/100|[from] Salt Cure
|upkeep
|turn|8
|
|t:|1781151050
|switch|p1a: Deep Trance|Alomomola, F, shiny|100/100
|switch|p2a: Corviknight|Corviknight, F, shiny|100/100
|
|upkeep
|turn|9
|
|t:|1781151056
|switch|p2a: Garganacl|Garganacl, F|45/100
|move|p1a: Deep Trance|Flip Turn|p2a: Garganacl
|-supereffective|p2a: Garganacl
|-damage|p2a: Garganacl|20/100
|
|t:|1781151058
|switch|p1a: Eclipse|Darkrai, tera:Poison|22/100|[from] Flip Turn
|
|-heal|p2a: Garganacl|26/100|[from] item: Leftovers
|upkeep
|turn|10
|
|t:|1781151062
|move|p1a: Eclipse|Focus Blast|p2a: Garganacl
|-supereffective|p2a: Garganacl
|-damage|p2a: Garganacl|0 fnt
|faint|p2a: Garganacl
|-damage|p1a: Eclipse|13/100|[from] item: Life Orb
|
|-sideend|p1: MVA Bjirtos|move: Aurora Veil
|upkeep
|
|t:|1781151075
|switch|p2a: Iron Moth|Iron Moth|100/100
|-enditem|p2a: Iron Moth|Booster Energy
|-activate|p2a: Iron Moth|ability: Quark Drive|[fromitem]
|-start|p2a: Iron Moth|quarkdrivespa
|turn|11
|
|t:|1781151080
|move|p1a: Eclipse|Dark Pulse|p2a: Iron Moth
|-damage|p2a: Iron Moth|71/100
|-damage|p1a: Eclipse|3/100|[from] item: Life Orb
|move|p2a: Iron Moth|Agility|p2a: Iron Moth
|-boost|p2a: Iron Moth|spe|2
|
|-sideend|p2: kennojex|move: Light Screen
|upkeep
|turn|12
|
|t:|1781151095
|move|p2a: Iron Moth|Fiery Dance|p1a: Eclipse
|-damage|p1a: Eclipse|0 fnt
|-boost|p2a: Iron Moth|spa|1
|faint|p1a: Eclipse
|
|upkeep
|
|t:|1781151102
|switch|p1a: Deep Trance|Alomomola, F, shiny|100/100
|turn|13
|
|t:|1781151105
|move|p2a: Iron Moth|Sludge Wave|p1a: Deep Trance
|-damage|p1a: Deep Trance|47/100
|move|p1a: Deep Trance|Mirror Coat|p2a: Iron Moth
|-damage|p2a: Iron Moth|0 fnt
|faint|p2a: Iron Moth
|-end|p2a: Iron Moth|Quark Drive|[silent]
|
|upkeep
|
|t:|1781151111
|switch|p2a: Grimmsnarl|Grimmsnarl, M|100/100
|turn|14
|
|t:|1781151114
|move|p2a: Grimmsnarl|Light Screen|p2a: Grimmsnarl
|-sidestart|p2: kennojex|move: Light Screen
|move|p1a: Deep Trance|Flip Turn|p2a: Grimmsnarl
|-damage|p2a: Grimmsnarl|77/100
|
|t:|1781151117
|switch|p1a: Teardrop|Ninetales-Alola, F|52/100|[from] Flip Turn
|-weather|Snowscape|[from] ability: Snow Warning|[of] p1a: Teardrop
|
|-weather|Snowscape|[upkeep]
|upkeep
|turn|15
|
|t:|1781151121
|move|p2a: Grimmsnarl|Reflect|p2a: Grimmsnarl
|-sidestart|p2: kennojex|Reflect
|move|p1a: Teardrop|Aurora Veil|p1a: Teardrop
|-sidestart|p1: MVA Bjirtos|move: Aurora Veil
|
|-weather|Snowscape|[upkeep]
|upkeep
|turn|16
|
|t:|1781151128
|move|p1a: Teardrop|Moonblast|p2a: Grimmsnarl
|-supereffective|p2a: Grimmsnarl
|-damage|p2a: Grimmsnarl|54/100
|move|p2a: Grimmsnarl|Spirit Break|p1a: Teardrop
|-damage|p1a: Teardrop|39/100
|-unboost|p1a: Teardrop|spa|1
|
|-weather|Snowscape|[upkeep]
|upkeep
|turn|17
|
|t:|1781151134
|move|p1a: Teardrop|Moonblast|p2a: Grimmsnarl
|-supereffective|p2a: Grimmsnarl
|-damage|p2a: Grimmsnarl|39/100
|move|p2a: Grimmsnarl|Spirit Break|p1a: Teardrop
|-damage|p1a: Teardrop|27/100
|-unboost|p1a: Teardrop|spa|1
|
|-weather|Snowscape|[upkeep]
|upkeep
|turn|18
|
|t:|1781151140
|move|p2a: Grimmsnarl|Parting Shot|p1a: Teardrop
|-unboost|p1a: Teardrop|atk|1
|-unboost|p1a: Teardrop|spa|1
|
|t:|1781151143
|switch|p2a: Corviknight|Corviknight, F, shiny|100/100|[from] Parting Shot
|move|p1a: Teardrop|Moonblast|p2a: Corviknight
|-resisted|p2a: Corviknight
|-damage|p2a: Corviknight|98/100
|-ability|p2a: Corviknight|Mirror Armor
|-unboost|p1a: Teardrop|spa|1
|
|-weather|none
|-heal|p2a: Corviknight|100/100|[from] item: Leftovers
|upkeep
|turn|19
|
|t:|1781151151
|switch|p1a: Sorrow|Iron Moth|100/100
|move|p2a: Corviknight|Agility|p2a: Corviknight
|-boost|p2a: Corviknight|spe|2
|
|upkeep
|turn|20
|
|t:|1781151158
|move|p1a: Sorrow|Fiery Dance|p2a: Corviknight
|-supereffective|p2a: Corviknight
|-damage|p2a: Corviknight|75/100
|-boost|p1a: Sorrow|spa|1
|move|p2a: Corviknight|Agility|p2a: Corviknight
|-boost|p2a: Corviknight|spe|2
|
|-heal|p2a: Corviknight|81/100|[from] item: Leftovers
|upkeep
|turn|21
|
|t:|1781151166
|switch|p2a: Latias|Latias, F|100/100
|move|p1a: Sorrow|Fiery Dance|p2a: Latias
|-resisted|p2a: Latias
|-damage|p2a: Latias|90/100
|
|-sideend|p2: kennojex|move: Light Screen
|upkeep
|turn|22
|
|t:|1781151170
|move|p1a: Sorrow|Sludge Wave|p2a: Latias
|-damage|p2a: Latias|37/100
|move|p2a: Latias|Agility|p2a: Latias
|-boost|p2a: Latias|spe|2
|
|-sideend|p2: kennojex|Reflect
|-sideend|p1: MVA Bjirtos|move: Aurora Veil
|upkeep
|turn|23
|
|t:|1781151180
|move|p2a: Latias|Stored Power|p1a: Sorrow
|-supereffective|p1a: Sorrow
|-damage|p1a: Sorrow|53/100
|move|p1a: Sorrow|Sludge Wave|p2a: Latias
|-damage|p2a: Latias|0 fnt
|faint|p2a: Latias
|
|upkeep
|
|t:|1781151184
|switch|p2a: Grimmsnarl|Grimmsnarl, M|39/100
|turn|24
|
|t:|1781151189
|move|p2a: Grimmsnarl|Light Screen|p2a: Grimmsnarl
|-sidestart|p2: kennojex|move: Light Screen
|move|p1a: Sorrow|Fiery Dance|p2a: Grimmsnarl
|-damage|p2a: Grimmsnarl|17/100
|-boost|p1a: Sorrow|spa|1
|
|upkeep
|turn|25
|
|t:|1781151193
|move|p2a: Grimmsnarl|Reflect|p2a: Grimmsnarl
|-sidestart|p2: kennojex|Reflect
|move|p1a: Sorrow|Fiery Dance|p2a: Grimmsnarl
|-damage|p2a: Grimmsnarl|0 fnt
|faint|p2a: Grimmsnarl
|
|upkeep
|
|t:|1781151196
|switch|p2a: Manaphy|Manaphy|100/100
|turn|26
|
|t:|1781151201
|move|p1a: Sorrow|Sludge Wave|p2a: Manaphy
|-damage|p2a: Manaphy|56/100
|move|p2a: Manaphy|Take Heart|p2a: Manaphy
|-boost|p2a: Manaphy|spa|1
|-boost|p2a: Manaphy|spd|1
|
|-heal|p2a: Manaphy|62/100|[from] item: Leftovers
|upkeep
|turn|27
|
|t:|1781151207
|-terastallize|p2a: Manaphy|Poison
|move|p1a: Sorrow|Energy Ball|p2a: Manaphy
|-resisted|p2a: Manaphy
|-damage|p2a: Manaphy|53/100
|move|p2a: Manaphy|Take Heart|p2a: Manaphy
|-boost|p2a: Manaphy|spa|1
|-boost|p2a: Manaphy|spd|1
|
|-heal|p2a: Manaphy|59/100|[from] item: Leftovers
|upkeep
|turn|28
|
|t:|1781151215
|move|p1a: Sorrow|Fiery Dance|p2a: Manaphy
|-damage|p2a: Manaphy|42/100
|-boost|p1a: Sorrow|spa|1
|move|p2a: Manaphy|Acid Armor|p2a: Manaphy
|-boost|p2a: Manaphy|def|2
|
|-heal|p2a: Manaphy|48/100|[from] item: Leftovers
|upkeep
|turn|29
|
|t:|1781151229
|move|p1a: Sorrow|Fiery Dance|p2a: Manaphy
|-damage|p2a: Manaphy|24/100
|-boost|p1a: Sorrow|spa|1
|move|p2a: Manaphy|Scald|p1a: Sorrow
|-supereffective|p1a: Sorrow
|-damage|p1a: Sorrow|0 fnt
|faint|p1a: Sorrow
|-end|p1a: Sorrow|Quark Drive|[silent]
|
|-heal|p2a: Manaphy|30/100|[from] item: Leftovers
|upkeep
|
|t:|1781151241
|switch|p1a: Teardrop|Ninetales-Alola, F|27/100
|-weather|Snowscape|[from] ability: Snow Warning|[of] p1a: Teardrop
|turn|30
|
|t:|1781151245
|move|p1a: Teardrop|Aurora Veil|p1a: Teardrop
|-sidestart|p1: MVA Bjirtos|move: Aurora Veil
|move|p2a: Manaphy|Scald|p1a: Teardrop
|-damage|p1a: Teardrop|0 fnt
|faint|p1a: Teardrop
|
|-weather|Snowscape|[upkeep]
|-heal|p2a: Manaphy|36/100|[from] item: Leftovers
|upkeep
|
|t:|1781151259
|switch|p1a: Deep Trance|Alomomola, F, shiny|81/100
|turn|31
|
|t:|1781151266
|move|p2a: Manaphy|Take Heart|p2a: Manaphy
|-boost|p2a: Manaphy|spa|1
|-boost|p2a: Manaphy|spd|1
|move|p1a: Deep Trance|Mirror Coat||[still]
|-fail|p1a: Deep Trance
|
|-weather|Snowscape|[upkeep]
|-heal|p2a: Manaphy|42/100|[from] item: Leftovers
|-sideend|p2: kennojex|move: Light Screen
|upkeep
|turn|32
|
|t:|1781151270
|move|p2a: Manaphy|Acid Armor|p2a: Manaphy
|-boost|p2a: Manaphy|def|2
|move|p1a: Deep Trance|Body Slam|p2a: Manaphy
|-damage|p2a: Manaphy|40/100
|
|-weather|Snowscape|[upkeep]
|-heal|p2a: Manaphy|46/100|[from] item: Leftovers
|-sideend|p2: kennojex|Reflect
|upkeep
|turn|33
|
|t:|1781151273
|move|p2a: Manaphy|Take Heart|p2a: Manaphy
|-boost|p2a: Manaphy|spa|1
|-boost|p2a: Manaphy|spd|1
|move|p1a: Deep Trance|Body Slam|p2a: Manaphy
|-damage|p2a: Manaphy|42/100
|-status|p2a: Manaphy|par
|
|-weather|Snowscape|[upkeep]
|-heal|p2a: Manaphy|48/100 par|[from] item: Leftovers
|upkeep
|turn|34
|
|t:|1781151278
|move|p2a: Manaphy|Take Heart|p2a: Manaphy
|-boost|p2a: Manaphy|spa|1
|-boost|p2a: Manaphy|spd|1
|-curestatus|p2a: Manaphy|par|[msg]
|move|p1a: Deep Trance|Mirror Coat||[still]
|-fail|p1a: Deep Trance
|
|-weather|none
|-heal|p2a: Manaphy|54/100|[from] item: Leftovers
|upkeep
|turn|35
|
|t:|1781151284
|switch|p1a: Aezor|Haxorus, M, shiny|100/100
|-ability|p1a: Aezor|Mold Breaker
|move|p2a: Manaphy|Acid Armor|p2a: Manaphy
|-boost|p2a: Manaphy|def|2
|
|-heal|p2a: Manaphy|60/100|[from] item: Leftovers
|upkeep
|turn|36
|
|t:|1781151288
|move|p1a: Aezor|Dragon Dance|p1a: Aezor
|-boost|p1a: Aezor|atk|1
|-boost|p1a: Aezor|spe|1
|move|p2a: Manaphy|Stored Power|p1a: Aezor
|-damage|p1a: Aezor|0 fnt
|faint|p1a: Aezor
|
|-heal|p2a: Manaphy|66/100|[from] item: Leftovers
|upkeep
|
|t:|1781151293
|switch|p1a: Deep Trance|Alomomola, F, shiny|100/100
|turn|37
|
|t:|1781151296
|move|p2a: Manaphy|Take Heart|p2a: Manaphy
|-boost|p2a: Manaphy|spa|1
|-boost|p2a: Manaphy|spd|1
|move|p1a: Deep Trance|Mirror Coat||[still]
|-fail|p1a: Deep Trance
|
|-heal|p2a: Manaphy|72/100|[from] item: Leftovers
|-sideend|p1: MVA Bjirtos|move: Aurora Veil
|upkeep
|turn|38
|
|t:|1781151300
|move|p2a: Manaphy|Stored Power|p1a: Deep Trance
|-damage|p1a: Deep Trance|0 fnt
|faint|p1a: Deep Trance
|
|-heal|p2a: Manaphy|79/100|[from] item: Leftovers
|upkeep
|
|t:|1781151302
|switch|p1a: Hypercup|Polteageist|100/100
|turn|39
|
|t:|1781151304
|move|p2a: Manaphy|Scald|p1a: Hypercup
|-damage|p1a: Hypercup|0 fnt
|faint|p1a: Hypercup
|
|win|kennojex
|raw|MVA Bjirtos's rating: 1554 &rarr; <strong>1537</strong><br />(-17 for losing)
|raw|kennojex's rating: 1606 &rarr; <strong>1623</strong><br />(+17 for winning)
|c|☆MVA Bjirtos|GG
|c|☆kennojex|gg
|l|☆MVA Bjirtos
|player|p1|
|l|☆kennojex
|player|p2|
