|j|☆KurisuChestnutLab
|j|☆notendistic
|t:|1781123233
|gametype|singles
|player|p1|KurisuChestnutLab|may-contest|1573
|player|p2|notendistic|lusamine-masters|1575
|gen|9
|tier|[Gen 9] OU
|rated|
|rule|HP Percentage Mod: HP is shown in percentages
|rule|Endless Battle Clause: Forcing endless battles is banned
|rule|Species Clause: Limit one of each Pokémon
|rule|OHKO Clause: OHKO moves are banned
|rule|Evasion Items Clause: Evasion items are banned
|rule|Evasion Moves Clause: Evasion moves are banned
|rule|Evasion Abilities Clause: Evasion abilities are banned
|rule|Sleep Moves Clause: Sleep-inducing moves are banned
|clearpoke
|poke|p1|Zamazenta-*|
|poke|p1|Zapdos|
|poke|p1|Garganacl, M|
|poke|p1|Clefable, F|
|poke|p1|Samurott-Hisui, F|
|poke|p1|Gholdengo|
|poke|p2|Pelipper, M|
|poke|p2|Raging Bolt|
|poke|p2|Overqwil, M|
|poke|p2|Barraskewda, M|
|poke|p2|Iron Treads|
|poke|p2|Kingambit, F|
|teampreview
|inactive|Battle timer is ON: inactive players will automatically lose when time's up. (requested by notendistic)
|inactive|KurisuChestnutLab also wants the timer to be on.
|
|t:|1781123244
|teamsize|p1|6
|teamsize|p2|6
|start
|switch|p1a: Garganacl|Garganacl, M|100/100
|switch|p2a: Barraskewda|Barraskewda, M|100/100
|turn|1
|
|t:|1781123252
|-terastallize|p1a: Garganacl|Water
|move|p2a: Barraskewda|Flip Turn|p1a: Garganacl
|-resisted|p1a: Garganacl
|-damage|p1a: Garganacl|83/100
|
|t:|1781123273
|switch|p2a: Pelipper|Pelipper, M|100/100|[from] Flip Turn
|-weather|RainDance|[from] ability: Drizzle|[of] p2a: Pelipper
|move|p1a: Garganacl|Salt Cure|p2a: Pelipper
|-supereffective|p2a: Pelipper
|-damage|p2a: Pelipper|78/100
|-start|p2a: Pelipper|Salt Cure
|
|-weather|RainDance|[upkeep]
|-heal|p1a: Garganacl|89/100|[from] item: Leftovers
|-damage|p2a: Pelipper|53/100|[from] Salt Cure
|upkeep
|turn|2
|
|t:|1781123284
|switch|p2a: Raging Bolt|Raging Bolt|100/100
|-enditem|p2a: Raging Bolt|Booster Energy
|-activate|p2a: Raging Bolt|ability: Protosynthesis|[fromitem]
|-start|p2a: Raging Bolt|protosynthesisspa
|move|p1a: Garganacl|Stealth Rock|p2a: Raging Bolt
|-sidestart|p2: notendistic|move: Stealth Rock
|
|-weather|RainDance|[upkeep]
|-heal|p1a: Garganacl|96/100|[from] item: Leftovers
|upkeep
|turn|3
|
|t:|1781123292
|move|p2a: Raging Bolt|Thunder|p1a: Garganacl
|-supereffective|p1a: Garganacl
|-crit|p1a: Garganacl
|-damage|p1a: Garganacl|0 fnt
|faint|p1a: Garganacl
|
|-weather|RainDance|[upkeep]
|upkeep
|
|t:|1781123296
|switch|p1a: Zamazenta|Zamazenta|100/100
|-ability|p1a: Zamazenta|Dauntless Shield|boost
|-boost|p1a: Zamazenta|def|1
|turn|4
|
|t:|1781123306
|move|p2a: Raging Bolt|Weather Ball|p1a: Zamazenta
|-damage|p1a: Zamazenta|42/100
|move|p1a: Zamazenta|Roar|p2a: Raging Bolt
|-end|p2a: Raging Bolt|Protosynthesis|[silent]
|drag|p2a: Iron Treads|Iron Treads|100/100
|-damage|p2a: Iron Treads|97/100|[from] Stealth Rock
|-enditem|p2a: Iron Treads|Booster Energy
|-activate|p2a: Iron Treads|ability: Quark Drive|[fromitem]
|-start|p2a: Iron Treads|quarkdrivespe
|
|-weather|RainDance|[upkeep]
|-heal|p1a: Zamazenta|48/100|[from] item: Leftovers
|upkeep
|turn|5
|
|t:|1781123328
|-end|p2a: Iron Treads|Quark Drive|[silent]
|switch|p2a: Raging Bolt|Raging Bolt|100/100
|-damage|p2a: Raging Bolt|88/100|[from] Stealth Rock
|move|p1a: Zamazenta|Iron Defense|p1a: Zamazenta
|-boost|p1a: Zamazenta|def|2
|
|-weather|RainDance|[upkeep]
|-heal|p1a: Zamazenta|55/100|[from] item: Leftovers
|upkeep
|turn|6
|
|t:|1781123335
|move|p1a: Zamazenta|Body Press|p2a: Raging Bolt
|-crit|p2a: Raging Bolt
|-damage|p2a: Raging Bolt|0 fnt
|faint|p2a: Raging Bolt
|-end|p2a: Raging Bolt|Protosynthesis|[silent]
|
|-weather|RainDance|[upkeep]
|-heal|p1a: Zamazenta|61/100|[from] item: Leftovers
|upkeep
|
|t:|1781123349
|switch|p2a: Iron Treads|Iron Treads|97/100
|-damage|p2a: Iron Treads|94/100|[from] Stealth Rock
|turn|7
|
|t:|1781123355
|move|p1a: Zamazenta|Body Press|p2a: Iron Treads
|-supereffective|p2a: Iron Treads
|-damage|p2a: Iron Treads|0 fnt
|faint|p2a: Iron Treads
|-end|p2a: Iron Treads|Quark Drive|[silent]
|
|-weather|RainDance|[upkeep]
|-heal|p1a: Zamazenta|67/100|[from] item: Leftovers
|upkeep
|
|t:|1781123359
|switch|p2a: Barraskewda|Barraskewda, M|100/100
|-damage|p2a: Barraskewda|88/100|[from] Stealth Rock
|turn|8
|
|t:|1781123364
|-terastallize|p2a: Barraskewda|Water
|move|p2a: Barraskewda|Flip Turn|p1a: Zamazenta
|-damage|p1a: Zamazenta|35/100
|
|t:|1781123366
|switch|p2a: Pelipper|Pelipper, M|53/100|[from] Flip Turn
|-damage|p2a: Pelipper|28/100|[from] Stealth Rock
|move|p1a: Zamazenta|Body Press|p2a: Pelipper
|-resisted|p2a: Pelipper
|-damage|p2a: Pelipper|0 fnt
|faint|p2a: Pelipper
|
|-weather|none
|-heal|p1a: Zamazenta|41/100|[from] item: Leftovers
|upkeep
|-message|notendistic forfeited.
|
|win|KurisuChestnutLab
|raw|KurisuChestnutLab's rating: 1592 &rarr; <strong>1611</strong><br />(+19 for winning)
|raw|notendistic's rating: 1575 &rarr; <strong>1556</strong><br />(-19 for losing)
