|j|☆soboredqwa
|j|☆we9fuw0e9fuwe09fu
|t:|1781539551
|gametype|singles
|player|p1|soboredqwa|wallace|1556
|player|p2|we9fuw0e9fuwe09fu|2|1557
|gen|9
|tier|[Gen 9] OU
|rated|
|rule|HP Percentage Mod: HP is shown in percentages
|rule|Endless Battle Clause: Forcing endless battles is banned
|rule|Species Clause: Limit one of each Pokémon
|rule|OHKO Clause: OHKO moves are banned
|rule|Evasion Items Clause: Evasion items are banned
|rule|Evasion Moves Clause: Evasion moves are banned
|rule|Evasion Abilities Clause: Evasion abilities are banned
|rule|Sleep Moves Clause: Sleep-inducing moves are banned
|clearpoke
|poke|p1|Ribombee, M|
|poke|p1|Gholdengo|
|poke|p1|Great Tusk|
|poke|p1|Raging Bolt|
|poke|p1|Ogerpon-Cornerstone, F|
|poke|p1|Ceruledge, F|
|poke|p2|Garganacl, F|
|poke|p2|Darkrai|
|poke|p2|Great Tusk|
|poke|p2|Hatterene, F|
|poke|p2|Tornadus-Therian, M|
|poke|p2|Dragonite, M|
|teampreview
|inactive|Battle timer is ON: inactive players will automatically lose when time's up. (requested by soboredqwa)
|
|t:|1781539556
|teamsize|p1|6
|teamsize|p2|6
|start
|switch|p1a: NEW DROP|Ribombee, M, shiny|100/100
|switch|p2a: Tornadus|Tornadus-Therian, M, shiny|100/100
|turn|1
|
|t:|1781539562
|switch|p2a: Hatterene|Hatterene, F|100/100
|move|p1a: NEW DROP|Skill Swap|p2a: Hatterene
|-activate|p1a: NEW DROP|Skill Swap|Magic Bounce|Shield Dust|[of] p2a: Hatterene
|
|upkeep
|turn|2
|
|t:|1781539566
|switch|p2a: Tornadus|Tornadus-Therian, M, shiny|100/100
|move|p1a: NEW DROP|Sticky Web|p2a: Tornadus
|-sidestart|p2: we9fuw0e9fuwe09fu|move: Sticky Web
|
|upkeep
|turn|3
|
|t:|1781539570
|move|p1a: NEW DROP|Psychic Noise|p2a: Tornadus
|-damage|p2a: Tornadus|86/100
|-start|p2a: Tornadus|move: Heal Block
|move|p2a: Tornadus|U-turn|p1a: NEW DROP
|-resisted|p1a: NEW DROP
|-damage|p1a: NEW DROP|87/100
|
|t:|1781539573
|switch|p2a: Garganacl|Garganacl, F|100/100|[from] U-turn
|-activate|p2a: Garganacl|move: Sticky Web
|-unboost|p2a: Garganacl|spe|1
|
|upkeep
|turn|4
|
|t:|1781539581
|move|p1a: NEW DROP|Moonblast|p2a: Garganacl
|-damage|p2a: Garganacl|74/100
|move|p2a: Garganacl|Salt Cure|p1a: NEW DROP
|-supereffective|p1a: NEW DROP
|-damage|p1a: NEW DROP|36/100
|-start|p1a: NEW DROP|Salt Cure
|
|-heal|p2a: Garganacl|80/100|[from] item: Leftovers
|-damage|p1a: NEW DROP|23/100|[from] Salt Cure
|upkeep
|turn|5
|
|t:|1781539586
|move|p1a: NEW DROP|Psychic Noise|p2a: Garganacl
|-damage|p2a: Garganacl|67/100
|-start|p2a: Garganacl|move: Heal Block
|move|p2a: Garganacl|Stealth Rock|p1a: NEW DROP
|move|p1a: NEW DROP|Stealth Rock|p2a: Garganacl|[from] ability: Magic Bounce
|-sidestart|p2: we9fuw0e9fuwe09fu|move: Stealth Rock
|
|-damage|p1a: NEW DROP|11/100|[from] Salt Cure
|upkeep
|turn|6
|
|t:|1781539590
|move|p2a: Garganacl|Protect|p2a: Garganacl
|-singleturn|p2a: Garganacl|Protect
|move|p1a: NEW DROP|Moonblast|p2a: Garganacl
|-activate|p2a: Garganacl|move: Protect
|
|-damage|p1a: NEW DROP|0 fnt|[from] Salt Cure
|faint|p1a: NEW DROP
|-end|p2a: Garganacl|move: Heal Block
|upkeep
|
|t:|1781539603
|switch|p1a: BROTHER STONE|Ogerpon-Cornerstone, F|100/100
|turn|7
|
|t:|1781539608
|move|p1a: BROTHER STONE|Power Whip|p2a: Garganacl
|-supereffective|p2a: Garganacl
|-damage|p2a: Garganacl|0 fnt
|faint|p2a: Garganacl
|
|upkeep
|
|t:|1781539614
|switch|p2a: Darkrai|Darkrai|100/100
|-activate|p2a: Darkrai|move: Sticky Web
|-unboost|p2a: Darkrai|spe|1
|-damage|p2a: Darkrai|88/100|[from] Stealth Rock
|turn|8
|
|t:|1781539619
|move|p1a: BROTHER STONE|Power Whip|p2a: Darkrai
|-damage|p2a: Darkrai|0 fnt
|faint|p2a: Darkrai
|
|upkeep
|-message|we9fuw0e9fuwe09fu forfeited.
|
|win|soboredqwa
|raw|soboredqwa's rating: 1556 &rarr; <strong>1576</strong><br />(+20 for winning)
|raw|we9fuw0e9fuwe09fu's rating: 1557 &rarr; <strong>1537</strong><br />(-20 for losing)
|l|☆we9fuw0e9fuwe09fu
|player|p2|
|l|☆soboredqwa
|player|p1|
