|j|☆tuanquewang
|j|☆cachowcapow
|t:|1781082119
|gametype|singles
|player|p1|tuanquewang|backersf|1694
|player|p2|cachowcapow|265|1677
|gen|9
|tier|[Gen 9] OU
|rated|
|rule|HP Percentage Mod: HP is shown in percentages
|rule|Endless Battle Clause: Forcing endless battles is banned
|rule|Species Clause: Limit one of each Pokémon
|rule|OHKO Clause: OHKO moves are banned
|rule|Evasion Items Clause: Evasion items are banned
|rule|Evasion Moves Clause: Evasion moves are banned
|rule|Evasion Abilities Clause: Evasion abilities are banned
|rule|Sleep Moves Clause: Sleep-inducing moves are banned
|clearpoke
|poke|p1|Slowking-Galar, M|
|poke|p1|Hydrapple, F|
|poke|p1|Cinderace, M|
|poke|p1|Alomomola, F|
|poke|p1|Mamoswine, M|
|poke|p1|Gholdengo|
|poke|p2|Tornadus-Therian, M|
|poke|p2|Slowking-Galar, M|
|poke|p2|Kyurem|
|poke|p2|Cinderace, F|
|poke|p2|Iron Treads|
|poke|p2|Alomomola, F|
|teampreview
|inactive|Battle timer is ON: inactive players will automatically lose when time's up. (requested by tuanquewang)
|inactive|cachowcapow has 120 seconds left.
|
|t:|1781082156
|teamsize|p1|6
|teamsize|p2|6
|start
|switch|p1a: Mamoswine|Mamoswine, M|100/100
|switch|p2a: Slowking|Slowking-Galar, M|100/100
|turn|1
|
|t:|1781082164
|switch|p2a: Alomomola|Alomomola, F|100/100
|move|p1a: Mamoswine|Earthquake|p2a: Alomomola
|-damage|p2a: Alomomola|46/100
|
|upkeep
|turn|2
|
|t:|1781082172
|switch|p1a: Alomomola|Alomomola, F|100/100
|move|p2a: Alomomola|Flip Turn|p1a: Alomomola
|-resisted|p1a: Alomomola
|-crit|p1a: Alomomola
|-damage|p1a: Alomomola|94/100
|
|t:|1781082177
|switch|p2a: Tornadus|Tornadus-Therian, M|100/100|[from] Flip Turn
|
|-heal|p1a: Alomomola|100/100|[from] item: Leftovers
|upkeep
|turn|3
|
|t:|1781082180
|move|p2a: Tornadus|Knock Off|p1a: Alomomola
|-damage|p1a: Alomomola|91/100
|-enditem|p1a: Alomomola|Leftovers|[from] move: Knock Off|[of] p2a: Tornadus
|move|p1a: Alomomola|Flip Turn|p2a: Tornadus
|-damage|p2a: Tornadus|83/100
|j| yuureisuisei
|
|t:|1781082189
|switch|p1a: Mamoswine|Mamoswine, M|100/100|[from] Flip Turn
|
|upkeep
|turn|4
|
|t:|1781082194
|switch|p2a: Alomomola|Alomomola, F|80/100
|move|p1a: Mamoswine|Earthquake|p2a: Alomomola
|-damage|p2a: Alomomola|26/100
|
|upkeep
|turn|5
|
|t:|1781082205
|move|p1a: Mamoswine|Earthquake|p2a: Alomomola
|-damage|p2a: Alomomola|0 fnt
|faint|p2a: Alomomola
|
|upkeep
|
|t:|1781082207
|switch|p2a: Cinderace|Cinderace, F|100/100
|turn|6
|
|t:|1781082211
|switch|p1a: Alomomola|Alomomola, F|100/100
|move|p2a: Cinderace|U-turn|p1a: Alomomola
|-start|p2a: Cinderace|typechange|Bug|[from] ability: Libero
|-damage|p1a: Alomomola|82/100
|
|t:|1781082217
|switch|p2a: Kyurem|Kyurem|100/100|[from] U-turn
|-ability|p2a: Kyurem|Pressure
|
|upkeep
|turn|7
|j| lord shiddenfards
|
|t:|1781082220
|switch|p1a: Slowking|Slowking-Galar, M|100/100
|move|p2a: Kyurem|Earth Power|p1a: Slowking
|-supereffective|p1a: Slowking
|-damage|p1a: Slowking|45/100
|
|-heal|p1a: Slowking|51/100|[from] item: Black Sludge
|upkeep
|turn|8
|
|t:|1781082227
|switch|p2a: Slowking|Slowking-Galar, M|100/100
|switch|p1a: Alomomola|Alomomola, F|100/100
|
|upkeep
|turn|9
|
|t:|1781082232
|move|p1a: Alomomola|Flip Turn|p2a: Slowking
|-damage|p2a: Slowking|87/100
|-damage|p1a: Alomomola|84/100|[from] item: Rocky Helmet|[of] p2a: Slowking
|
|t:|1781082245
|switch|p1a: Slowking|Slowking-Galar, M|84/100|[from] Flip Turn
|-prepare|p2a: Slowking|Chilly Reception|[premajor]
|move|p2a: Slowking|Chilly Reception|p2a: Slowking
|-weather|Snowscape
|
|t:|1781082249
|switch|p2a: Iron Treads|Iron Treads|100/100|[from] Chilly Reception
|
|-weather|Snowscape|[upkeep]
|-heal|p1a: Slowking|90/100|[from] item: Black Sludge
|upkeep
|turn|10
|
|t:|1781082254
|switch|p1a: Alomomola|Alomomola, F|100/100
|move|p2a: Iron Treads|Earth Power|p1a: Alomomola
|-damage|p1a: Alomomola|53/100
|
|-weather|Snowscape|[upkeep]
|upkeep
|turn|11
|
|t:|1781082263
|-terastallize|p2a: Iron Treads|Ground
|move|p2a: Iron Treads|Earth Power|p1a: Alomomola
|-damage|p1a: Alomomola|0 fnt
|faint|p1a: Alomomola
|
|-weather|Snowscape|[upkeep]
|upkeep
|
|t:|1781082267
|switch|p1a: Hydrapple|Hydrapple, F, shiny|100/100
|turn|12
|
|t:|1781082276
|move|p2a: Iron Treads|Volt Switch|p1a: Hydrapple
|-resisted|p1a: Hydrapple
|-crit|p1a: Hydrapple
|-damage|p1a: Hydrapple|94/100
|
|t:|1781082278
|-end|p2a: Iron Treads|Quark Drive|[silent]
|switch|p2a: Tornadus|Tornadus-Therian, M|100/100|[from] Volt Switch
|move|p1a: Hydrapple|Earth Power|p2a: Tornadus
|-immune|p2a: Tornadus
|
|-weather|Snowscape|[upkeep]
|upkeep
|turn|13
|
|t:|1781082284
|switch|p1a: Slowking|Slowking-Galar, M|100/100
|move|p2a: Tornadus|U-turn|p1a: Slowking
|-damage|p1a: Slowking|85/100
|
|t:|1781082289
|switch|p2a: Iron Treads|Iron Treads, tera:Ground|100/100|[from] U-turn
|
|-weather|none
|-heal|p1a: Slowking|91/100|[from] item: Black Sludge
|upkeep
|turn|14
|
|t:|1781082296
|move|p2a: Iron Treads|Volt Switch|p1a: Slowking
|-damage|p1a: Slowking|80/100
|
|t:|1781082298
|-end|p2a: Iron Treads|Quark Drive|[silent]
|switch|p2a: Tornadus|Tornadus-Therian, M|100/100|[from] Volt Switch
|-prepare|p1a: Slowking|Chilly Reception|[premajor]
|move|p1a: Slowking|Chilly Reception|p1a: Slowking
|-weather|Snowscape
|
|t:|1781082300
|switch|p1a: Mamoswine|Mamoswine, M|100/100|[from] Chilly Reception
|
|-weather|Snowscape|[upkeep]
|upkeep
|turn|15
|
|t:|1781082305
|switch|p2a: Cinderace|Cinderace, F|100/100
|move|p1a: Mamoswine|Icicle Crash|p2a: Cinderace
|-resisted|p2a: Cinderace
|-damage|p2a: Cinderace|53/100
|
|-weather|Snowscape|[upkeep]
|upkeep
|turn|16
|
|t:|1781082313
|switch|p1a: Hydrapple|Hydrapple, F, shiny|100/100
|move|p2a: Cinderace|U-turn|p1a: Hydrapple
|-start|p2a: Cinderace|typechange|Bug|[from] ability: Libero
|-supereffective|p1a: Hydrapple
|-damage|p1a: Hydrapple|52/100
|
|t:|1781082325
|switch|p2a: Kyurem|Kyurem|100/100|[from] U-turn
|-ability|p2a: Kyurem|Pressure
|
|-weather|Snowscape|[upkeep]
|upkeep
|turn|17
|
|t:|1781082333
|switch|p1a: Slowking|Slowking-Galar, M|100/100
|move|p2a: Kyurem|Blizzard|p1a: Slowking
|-damage|p1a: Slowking|48/100
|
|-weather|Snowscape|[upkeep]
|-heal|p1a: Slowking|54/100|[from] item: Black Sludge
|upkeep
|turn|18
|
|t:|1781082342
|move|p2a: Kyurem|Blizzard|p1a: Slowking
|-damage|p1a: Slowking|7/100
|-prepare|p1a: Slowking|Chilly Reception|[premajor]
|move|p1a: Slowking|Chilly Reception|p1a: Slowking
|
|t:|1781082345
|switch|p1a: Gholdengo|Gholdengo, shiny|100/100|[from] Chilly Reception
|
|-weather|none
|upkeep
|turn|19
|
|t:|1781082348
|switch|p2a: Tornadus|Tornadus-Therian, M|100/100
|move|p1a: Gholdengo|Shadow Ball|p2a: Tornadus
|-damage|p2a: Tornadus|78/100
|
|upkeep
|turn|20
|
|t:|1781082353
|switch|p1a: Slowking|Slowking-Galar, M|41/100
|move|p2a: Tornadus|U-turn|p1a: Slowking
|-damage|p1a: Slowking|25/100
|
|t:|1781082358
|switch|p2a: Cinderace|Cinderace, F|53/100|[from] U-turn
|
|-heal|p1a: Slowking|31/100|[from] item: Black Sludge
|upkeep
|turn|21
|
|t:|1781082363
|switch|p1a: Hydrapple|Hydrapple, F, shiny|86/100
|move|p2a: Cinderace|U-turn|p1a: Hydrapple
|-start|p2a: Cinderace|typechange|Bug|[from] ability: Libero
|-supereffective|p1a: Hydrapple
|-damage|p1a: Hydrapple|33/100
|
|t:|1781082369
|switch|p2a: Kyurem|Kyurem|100/100|[from] U-turn
|-ability|p2a: Kyurem|Pressure
|
|upkeep
|turn|22
|
|t:|1781082374
|switch|p1a: Slowking|Slowking-Galar, M|65/100
|move|p2a: Kyurem|Freeze-Dry|p1a: Slowking
|-damage|p1a: Slowking|34/100
|
|-heal|p1a: Slowking|40/100|[from] item: Black Sludge
|upkeep
|turn|23
|
|t:|1781082379
|move|p2a: Kyurem|Freeze-Dry|p1a: Slowking
|-damage|p1a: Slowking|5/100
|-prepare|p1a: Slowking|Chilly Reception|[premajor]
|move|p1a: Slowking|Chilly Reception|p1a: Slowking
|-weather|Snowscape
|
|t:|1781082383
|switch|p1a: Mamoswine|Mamoswine, M|100/100|[from] Chilly Reception
|
|-weather|Snowscape|[upkeep]
|upkeep
|turn|24
|
|t:|1781082388
|move|p2a: Kyurem|Freeze-Dry|p1a: Mamoswine
|-damage|p1a: Mamoswine|60/100
|move|p1a: Mamoswine|Icicle Crash|p2a: Kyurem
|-damage|p2a: Kyurem|50/100
|
|-weather|Snowscape|[upkeep]
|upkeep
|turn|25
|
|t:|1781082393
|switch|p2a: Slowking|Slowking-Galar, M|100/100
|move|p1a: Mamoswine|Icicle Crash|p2a: Slowking
|-damage|p2a: Slowking|41/100
|
|-weather|Snowscape|[upkeep]
|upkeep
|turn|26
|
|t:|1781082397
|switch|p2a: Cinderace|Cinderace, F|53/100
|move|p1a: Mamoswine|Icicle Crash|p2a: Cinderace
|-resisted|p2a: Cinderace
|-damage|p2a: Cinderace|0 fnt
|faint|p2a: Cinderace
|
|-weather|Snowscape|[upkeep]
|upkeep
|
|t:|1781082399
|switch|p2a: Iron Treads|Iron Treads, tera:Ground|100/100
|turn|27
|
|t:|1781082403
|switch|p1a: Hydrapple|Hydrapple, F, shiny|66/100
|move|p2a: Iron Treads|Earth Power|p1a: Hydrapple
|-resisted|p1a: Hydrapple
|-damage|p1a: Hydrapple|42/100
|
|-weather|none
|upkeep
|turn|28
|
|t:|1781082412
|move|p2a: Iron Treads|Flash Cannon|p1a: Hydrapple
|-damage|p1a: Hydrapple|16/100
|move|p1a: Hydrapple|Draco Meteor|p2a: Iron Treads
|-damage|p2a: Iron Treads|0 fnt
|-unboost|p1a: Hydrapple|spa|2
|faint|p2a: Iron Treads
|-end|p2a: Iron Treads|Quark Drive|[silent]
|
|upkeep
|-message|cachowcapow forfeited.
|
|win|tuanquewang
|raw|tuanquewang's rating: 1694 &rarr; <strong>1714</strong><br />(+20 for winning)
|raw|cachowcapow's rating: 1700 &rarr; <strong>1680</strong><br />(-20 for losing)
|l|☆cachowcapow
|player|p2|
|l|☆tuanquewang
|player|p1|
|l| lord shiddenfards
|l| yuureisuisei
