|j|☆LowEL0God
|j|☆LUPIIT
|t:|1780989999
|gametype|singles
|player|p1|LowEL0God|265|1504
|player|p2|LUPIIT|lucas|1566
|gen|9
|tier|[Gen 9] OU
|rated|
|rule|HP Percentage Mod: HP is shown in percentages
|rule|Endless Battle Clause: Forcing endless battles is banned
|rule|Species Clause: Limit one of each Pokémon
|rule|OHKO Clause: OHKO moves are banned
|rule|Evasion Items Clause: Evasion items are banned
|rule|Evasion Moves Clause: Evasion moves are banned
|rule|Evasion Abilities Clause: Evasion abilities are banned
|rule|Sleep Moves Clause: Sleep-inducing moves are banned
|clearpoke
|poke|p1|Pelipper, M|
|poke|p1|Torkoal, F|
|poke|p1|Walking Wake|
|poke|p1|Kyurem|
|poke|p1|Ninetales-Alola, M|
|poke|p1|Ogerpon-Wellspring, F|
|poke|p2|Araquanid, M|
|poke|p2|Smeargle, F|
|poke|p2|Garchomp, F|
|poke|p2|Toxapex, M|
|poke|p2|Pelipper, F|
|poke|p2|Hoopa-Unbound|
|teampreview
|inactive|Battle timer is ON: inactive players will automatically lose when time's up. (requested by LUPIIT)
|c|☆LowEL0God|hf
|inactive|LowEL0God also wants the timer to be on.
|
|t:|1780990013
|teamsize|p1|6
|teamsize|p2|6
|start
|switch|p1a: Ninetales|Ninetales-Alola, M|100/100
|switch|p2a: Araquanid|Araquanid, M|100/100
|-weather|Snowscape|[from] ability: Snow Warning|[of] p1a: Ninetales
|turn|1
|
|t:|1780990020
|move|p1a: Ninetales|Aurora Veil|p1a: Ninetales
|-sidestart|p1: LowEL0God|move: Aurora Veil
|move|p2a: Araquanid|Liquidation|p1a: Ninetales
|-damage|p1a: Ninetales|57/100
|-unboost|p1a: Ninetales|def|1
|
|-weather|Snowscape|[upkeep]
|upkeep
|turn|2
|
|t:|1780990025
|switch|p1a: Ogerpon|Ogerpon-Wellspring, F|100/100
|switch|p2a: Smeargle|Smeargle, F|100/100
|
|-weather|Snowscape|[upkeep]
|upkeep
|turn|3
|
|t:|1780990026
|move|p1a: Ogerpon|Ivy Cudgel|p2a: Smeargle|[anim] Ivy Cudgel Water
|-enditem|p2a: Smeargle|Focus Sash
|-damage|p2a: Smeargle|1/100
|move|p2a: Smeargle|Glare|p1a: Ogerpon
|-status|p1a: Ogerpon|par
|
|-weather|Snowscape|[upkeep]
|upkeep
|turn|4
|
|t:|1780990031
|switch|p2a: Toxapex|Toxapex, M|100/100
|move|p1a: Ogerpon|Swords Dance|p1a: Ogerpon
|-boost|p1a: Ogerpon|atk|2
|
|-weather|Snowscape|[upkeep]
|upkeep
|turn|5
|
|t:|1780990033
|move|p2a: Toxapex|Baneful Bunker|p2a: Toxapex
|-singleturn|p2a: Toxapex|move: Protect
|move|p1a: Ogerpon|Horn Leech|p2a: Toxapex
|-activate|p2a: Toxapex|move: Protect
|
|-weather|Snowscape|[upkeep]
|-sideend|p1: LowEL0God|move: Aurora Veil
|upkeep
|turn|6
|
|t:|1780990036
|move|p1a: Ogerpon|Horn Leech|p2a: Toxapex
|-damage|p2a: Toxapex|36/100
|-enditem|p2a: Toxapex|Eject Button
|
|t:|1780990040
|switch|p2a: Pelipper|Pelipper, F|100/100
|-weather|RainDance|[from] ability: Drizzle|[of] p2a: Pelipper
|
|-weather|RainDance|[upkeep]
|upkeep
|turn|7
|
|t:|1780990042
|move|p1a: Ogerpon|Ivy Cudgel|p2a: Pelipper|[anim] Ivy Cudgel Water
|-resisted|p2a: Pelipper
|-damage|p2a: Pelipper|3/100
|move|p2a: Pelipper|Hurricane|p1a: Ogerpon
|-supereffective|p1a: Ogerpon
|-damage|p1a: Ogerpon|0 fnt
|faint|p1a: Ogerpon
|
|-weather|RainDance|[upkeep]
|upkeep
|
|t:|1780990045
|switch|p1a: Ninetales|Ninetales-Alola, M|57/100
|-weather|Snowscape|[from] ability: Snow Warning|[of] p1a: Ninetales
|turn|8
|
|t:|1780990047
|switch|p2a: Araquanid|Araquanid, M|100/100
|move|p1a: Ninetales|Aurora Veil|p1a: Ninetales
|-sidestart|p1: LowEL0God|move: Aurora Veil
|
|-weather|Snowscape|[upkeep]
|upkeep
|turn|9
|
|t:|1780990048
|move|p1a: Ninetales|Freeze-Dry|p2a: Araquanid
|-supereffective|p2a: Araquanid
|-damage|p2a: Araquanid|67/100
|move|p2a: Araquanid|Liquidation|p1a: Ninetales
|-damage|p1a: Ninetales|18/100
|-unboost|p1a: Ninetales|def|1
|
|-weather|Snowscape|[upkeep]
|upkeep
|turn|10
|
|t:|1780990054
|move|p1a: Ninetales|Freeze-Dry|p2a: Araquanid
|-supereffective|p2a: Araquanid
|-damage|p2a: Araquanid|33/100
|move|p2a: Araquanid|Liquidation|p1a: Ninetales
|-damage|p1a: Ninetales|0 fnt
|faint|p1a: Ninetales
|
|-weather|Snowscape|[upkeep]
|upkeep
|
|t:|1780990055
|switch|p1a: Hurricane Spam|Pelipper, M, shiny|100/100
|-weather|RainDance|[from] ability: Drizzle|[of] p1a: Hurricane Spam
|turn|11
|
|t:|1780990058
|switch|p2a: Toxapex|Toxapex, M|69/100
|move|p1a: Hurricane Spam|Hurricane|p2a: Toxapex
|-damage|p2a: Toxapex|4/100
|
|-weather|RainDance|[upkeep]
|upkeep
|turn|12
|
|t:|1780990060
|move|p2a: Toxapex|Baneful Bunker|p2a: Toxapex
|-singleturn|p2a: Toxapex|move: Protect
|move|p1a: Hurricane Spam|Hurricane|p2a: Toxapex
|-activate|p2a: Toxapex|move: Protect
|
|-weather|RainDance|[upkeep]
|-sideend|p1: LowEL0God|move: Aurora Veil
|upkeep
|turn|13
|
|t:|1780990071
|switch|p2a: Garchomp|Garchomp, F|100/100
|move|p1a: Hurricane Spam|Hurricane|p2a: Garchomp
|-damage|p2a: Garchomp|34/100
|
|-weather|RainDance|[upkeep]
|upkeep
|turn|14
|
|t:|1780990077
|move|p2a: Garchomp|Endure|p2a: Garchomp
|-singleturn|p2a: Garchomp|move: Endure
|move|p1a: Hurricane Spam|Hurricane|p2a: Garchomp
|-activate|p2a: Garchomp|move: Endure
|-damage|p2a: Garchomp|1/100
|
|-weather|RainDance|[upkeep]
|upkeep
|turn|15
|
|t:|1780990078
|move|p2a: Garchomp|Spikes|p1a: Hurricane Spam
|-sidestart|p1: LowEL0God|Spikes
|move|p1a: Hurricane Spam|Hurricane|p2a: Garchomp
|-damage|p2a: Garchomp|0 fnt
|faint|p2a: Garchomp
|
|-weather|none
|upkeep
|
|t:|1780990080
|switch|p2a: Toxapex|Toxapex, M|37/100
|turn|16
|
|t:|1780990082
|move|p2a: Toxapex|Baneful Bunker|p2a: Toxapex
|-singleturn|p2a: Toxapex|move: Protect
|move|p1a: Hurricane Spam|Hurricane|p2a: Toxapex
|-activate|p2a: Toxapex|move: Protect
|
|upkeep
|turn|17
|
|t:|1780990086
|switch|p2a: Araquanid|Araquanid, M|33/100
|move|p1a: Hurricane Spam|Hurricane|p2a: Araquanid
|-supereffective|p2a: Araquanid
|-damage|p2a: Araquanid|0 fnt
|faint|p2a: Araquanid
|
|upkeep
|
|t:|1780990088
|switch|p2a: Toxapex|Toxapex, M|70/100
|turn|18
|
|t:|1780990089
|move|p1a: Hurricane Spam|Hurricane|p2a: Toxapex
|-damage|p2a: Toxapex|9/100
|move|p2a: Toxapex|Toxic|p1a: Hurricane Spam
|-status|p1a: Hurricane Spam|tox
|
|-damage|p1a: Hurricane Spam|94/100 tox|[from] psn
|upkeep
|turn|19
|
|t:|1780990093
|move|p2a: Toxapex|Baneful Bunker|p2a: Toxapex
|-singleturn|p2a: Toxapex|move: Protect
|move|p1a: Hurricane Spam|Hurricane|p2a: Toxapex
|-activate|p2a: Toxapex|move: Protect
|
|-damage|p1a: Hurricane Spam|82/100 tox|[from] psn
|upkeep
|turn|20
|
|t:|1780990097
|switch|p1a: Kyurem|Kyurem|100/100
|-damage|p1a: Kyurem|88/100|[from] Spikes
|-ability|p1a: Kyurem|Pressure
|switch|p2a: Pelipper|Pelipper, F|3/100
|-weather|RainDance|[from] ability: Drizzle|[of] p2a: Pelipper
|
|-weather|RainDance|[upkeep]
|upkeep
|turn|21
|
|t:|1780990102
|move|p1a: Kyurem|Freeze-Dry|p2a: Pelipper
|-supereffective|p2a: Pelipper
|-damage|p2a: Pelipper|0 fnt
|faint|p2a: Pelipper
|
|-weather|RainDance|[upkeep]
|upkeep
|
|t:|1780990103
|switch|p2a: Hoopa|Hoopa-Unbound|100/100
|turn|22
|
|t:|1780990107
|move|p1a: Kyurem|Icicle Spear|p2a: Hoopa
|-damage|p2a: Hoopa|74/100
|-damage|p2a: Hoopa|49/100
|-damage|p2a: Hoopa|26/100
|-hitcount|p2a: Hoopa|3
|move|p2a: Hoopa|Hyperspace Fury|p1a: Kyurem
|-damage|p1a: Kyurem|0 fnt
|-unboost|p2a: Hoopa|def|1
|faint|p1a: Kyurem
|
|-weather|RainDance|[upkeep]
|upkeep
|
|t:|1780990109
|switch|p1a: Walking Wake|Walking Wake|100/100
|-damage|p1a: Walking Wake|88/100|[from] Spikes
|turn|23
|
|t:|1780990112
|switch|p2a: Smeargle|Smeargle, F|1/100
|move|p1a: Walking Wake|Dragon Pulse|p2a: Smeargle
|-damage|p2a: Smeargle|0 fnt
|faint|p2a: Smeargle
|
|-weather|RainDance|[upkeep]
|upkeep
|
|t:|1780990114
|switch|p2a: Toxapex|Toxapex, M|42/100
|turn|24
|
|t:|1780990116
|move|p2a: Toxapex|Baneful Bunker|p2a: Toxapex
|-singleturn|p2a: Toxapex|move: Protect
|move|p1a: Walking Wake|Dragon Pulse|p2a: Toxapex
|-activate|p2a: Toxapex|move: Protect
|
|-weather|RainDance|[upkeep]
|upkeep
|turn|25
|-message|LUPIIT forfeited.
|
|win|LowEL0God
|raw|LowEL0God's rating: 1504 &rarr; <strong>1528</strong><br />(+24 for winning)
|raw|LUPIIT's rating: 1566 &rarr; <strong>1542</strong><br />(-24 for losing)
|l|☆LUPIIT
|player|p2|
|c|☆LowEL0God|gg
|l|☆LowEL0God
|player|p1|
