|j|☆temporarylight
|j|☆shockmoth
|t:|1780935207
|gametype|singles
|player|p1|temporarylight|jogger|1761
|player|p2|shockmoth|102|1817
|gen|9
|tier|[Gen 9] OU
|rated|
|rule|HP Percentage Mod: HP is shown in percentages
|rule|Endless Battle Clause: Forcing endless battles is banned
|rule|Species Clause: Limit one of each Pokémon
|rule|OHKO Clause: OHKO moves are banned
|rule|Evasion Items Clause: Evasion items are banned
|rule|Evasion Moves Clause: Evasion moves are banned
|rule|Evasion Abilities Clause: Evasion abilities are banned
|rule|Sleep Moves Clause: Sleep-inducing moves are banned
|clearpoke
|poke|p1|Weavile, F|
|poke|p1|Great Tusk|
|poke|p1|Hoopa-Unbound|
|poke|p1|Landorus-Therian, M|
|poke|p1|Ogerpon, F|
|poke|p1|Thundurus-Therian, M|
|poke|p2|Frosmoth, F|
|poke|p2|Pincurchin, M|
|poke|p2|Raichu-Alola, F|
|poke|p2|Iron Hands|
|poke|p2|Rotom-Wash|
|poke|p2|Pawmot, M|
|teampreview
|inactive|Battle timer is ON: inactive players will automatically lose when time's up. (requested by temporarylight)
|j| Hakone Outbound
|c|☆temporarylight|ihateyoushockmoth!!!!!!!!!!!!!!!
|
|t:|1780935222
|teamsize|p1|6
|teamsize|p2|6
|start
|switch|p1a: Landorus|Landorus-Therian, M, shiny|100/100
|switch|p2a: OH YEAH!!! YEAH!!|Pincurchin, M|100/100
|-ability|p1a: Landorus|Intimidate|boost
|-unboost|p2a: OH YEAH!!! YEAH!!|atk|1
|-fieldstart|move: Electric Terrain|[from] ability: Electric Surge|[of] p2a: OH YEAH!!! YEAH!!
|turn|1
|c|☆shockmoth|Ily2!!!!
|
|t:|1780935226
|switch|p2a: William O' Wisp|Rotom-Wash|100/100
|move|p1a: Landorus|Taunt|p2a: William O' Wisp
|-start|p2a: William O' Wisp|move: Taunt
|
|upkeep
|turn|2
|
|t:|1780935236
|move|p1a: Landorus|U-turn|p2a: William O' Wisp
|-damage|p2a: William O' Wisp|79/100
|
|t:|1780935238
|switch|p1a: Ogerpon|Ogerpon, F|100/100|[from] U-turn
|move|p2a: William O' Wisp|Hydro Pump|p1a: Ogerpon|[miss]
|-miss|p2a: William O' Wisp|p1a: Ogerpon
|
|upkeep
|turn|3
|j| Cotowol
|
|t:|1780935244
|switch|p2a: Iron Deficiency|Iron Hands|100/100
|-activate|p2a: Iron Deficiency|ability: Quark Drive
|-start|p2a: Iron Deficiency|quarkdriveatk
|move|p1a: Ogerpon|Ivy Cudgel|p2a: Iron Deficiency
|-damage|p2a: Iron Deficiency|57/100
|
|upkeep
|turn|4
|j| InSane_Lcs
|
|t:|1780935268
|-terastallize|p1a: Ogerpon|Grass
|detailschange|p1a: Ogerpon|Ogerpon-Teal-Tera, F, tera:Grass
|-ability|p1a: Ogerpon|Embody Aspect (Teal)|boost
|-boost|p1a: Ogerpon|spe|1
|-terastallize|p2a: Iron Deficiency|Flying
|move|p1a: Ogerpon|Ivy Cudgel|p2a: Iron Deficiency
|-resisted|p2a: Iron Deficiency
|-crit|p2a: Iron Deficiency
|-damage|p2a: Iron Deficiency|12/100
|move|p2a: Iron Deficiency|Ice Punch|p1a: Ogerpon
|-supereffective|p1a: Ogerpon
|-damage|p1a: Ogerpon|0 fnt
|faint|p1a: Ogerpon
|detailschange|p1: Ogerpon|Ogerpon, F|[silent]
|
|upkeep
|
|t:|1780935279
|switch|p1a: Weavile|Weavile, F, shiny|100/100
|-ability|p1a: Weavile|Pressure
|turn|5
|
|t:|1780935286
|move|p1a: Weavile|Knock Off|p2a: Iron Deficiency
|-damage|p2a: Iron Deficiency|0 fnt
|-enditem|p2a: Iron Deficiency|Quick Claw|[from] move: Knock Off|[of] p1a: Weavile
|faint|p2a: Iron Deficiency
|-end|p2a: Iron Deficiency|Quark Drive|[silent]
|
|upkeep
|
|t:|1780935288
|switch|p2a: Evanescence|Pawmot, M|100/100
|turn|6
|
|t:|1780935294
|move|p2a: Evanescence|Mach Punch|p1a: Weavile
|-supereffective|p1a: Weavile
|-damage|p1a: Weavile|0 fnt
|faint|p1a: Weavile
|
|upkeep
|
|t:|1780935296
|switch|p1a: Landorus|Landorus-Therian, M, shiny|100/100
|-ability|p1a: Landorus|Intimidate|boost
|-unboost|p2a: Evanescence|atk|1
|turn|7
|
|t:|1780935299
|switch|p2a: William O' Wisp|Rotom-Wash|79/100
|move|p1a: Landorus|Stealth Rock|p2a: William O' Wisp
|-sidestart|p2: shockmoth|move: Stealth Rock
|
|upkeep
|turn|8
|
|t:|1780935303
|move|p1a: Landorus|U-turn|p2a: William O' Wisp
|-damage|p2a: William O' Wisp|56/100
|
|t:|1780935305
|switch|p1a: Thundurus|Thundurus-Therian, M, shiny|100/100|[from] U-turn
|move|p2a: William O' Wisp|Hydro Pump|p1a: Thundurus
|-damage|p1a: Thundurus|29/100
|
|-heal|p1a: Thundurus|35/100|[from] item: Leftovers
|-fieldend|move: Electric Terrain
|upkeep
|turn|9
|
|t:|1780935311
|switch|p2a: Evanescence|Pawmot, M|100/100
|-damage|p2a: Evanescence|95/100|[from] Stealth Rock
|move|p1a: Thundurus|Thunderbolt|p2a: Evanescence
|-heal|p2a: Evanescence|100/100|[from] ability: Volt Absorb|[of] p1a: Thundurus
|
|-heal|p1a: Thundurus|41/100|[from] item: Leftovers
|upkeep
|turn|10
|
|t:|1780935317
|move|p2a: Evanescence|Encore|p1a: Thundurus
|-start|p1a: Thundurus|Encore
|move|p1a: Thundurus|Thunderbolt|p2a: Evanescence
|-immune|p2a: Evanescence|[from] ability: Volt Absorb
|
|-heal|p1a: Thundurus|47/100|[from] item: Leftovers
|upkeep
|turn|11
|
|t:|1780935332
|switch|p2a: Finger Eleven|Frosmoth, F, shiny|100/100
|switch|p1a: Great Tusk|Great Tusk, shiny|100/100
|
|upkeep
|turn|12
|
|t:|1780935344
|-end|p1a: Great Tusk|Protosynthesis|[silent]
|switch|p1a: Hoopa|Hoopa-Unbound|100/100
|move|p2a: Finger Eleven|Ice Beam|p1a: Hoopa
|-damage|p1a: Hoopa|67/100
|
|-heal|p1a: Hoopa|73/100|[from] item: Leftovers
|upkeep
|turn|13
|c| Cotowol|wtth is going on here
|
|t:|1780935351
|move|p2a: Finger Eleven|Ice Beam|p1a: Hoopa
|-damage|p1a: Hoopa|39/100
|move|p1a: Hoopa|Knock Off|p2a: Finger Eleven
|-damage|p2a: Finger Eleven|9/100
|-enditem|p2a: Finger Eleven|Heavy-Duty Boots|[from] move: Knock Off|[of] p1a: Hoopa
|
|-heal|p1a: Hoopa|45/100|[from] item: Leftovers
|upkeep
|turn|14
|
|t:|1780935356
|move|p2a: Finger Eleven|Defog|p1a: Hoopa
|-unboost|p1a: Hoopa|evasion|1
|-sideend|p2: shockmoth|Stealth Rock|[from] move: Defog|[of] p2a: Finger Eleven
|move|p1a: Hoopa|Drain Punch|p2a: Finger Eleven
|-damage|p2a: Finger Eleven|0 fnt
|-heal|p1a: Hoopa|49/100|[from] drain|[of] p2a: Finger Eleven
|faint|p2a: Finger Eleven
|
|-heal|p1a: Hoopa|55/100|[from] item: Leftovers
|upkeep
|
|t:|1780935359
|switch|p2a: Surf's Up (2007)|Raichu-Alola, F|100/100
|turn|15
|c|☆temporarylight|shockmoth i will have my revenge
|
|t:|1780935367
|move|p2a: Surf's Up (2007)|Volt Switch|p1a: Hoopa
|-damage|p1a: Hoopa|16/100
|
|t:|1780935368
|switch|p2a: OH YEAH!!! YEAH!!|Pincurchin, M|100/100|[from] Volt Switch
|-fieldstart|move: Electric Terrain|[from] ability: Electric Surge|[of] p2a: OH YEAH!!! YEAH!!
|move|p1a: Hoopa|Knock Off|p2a: OH YEAH!!! YEAH!!
|-damage|p2a: OH YEAH!!! YEAH!!|31/100
|-enditem|p2a: OH YEAH!!! YEAH!!|Terrain Extender|[from] move: Knock Off|[of] p1a: Hoopa
|
|-heal|p1a: Hoopa|22/100|[from] item: Leftovers
|upkeep
|turn|16
|
|t:|1780935375
|move|p2a: OH YEAH!!! YEAH!!|Sucker Punch|p1a: Hoopa
|-damage|p1a: Hoopa|0 fnt
|faint|p1a: Hoopa
|
|upkeep
|
|t:|1780935382
|switch|p1a: Landorus|Landorus-Therian, M, shiny|100/100
|-ability|p1a: Landorus|Intimidate|boost
|-unboost|p2a: OH YEAH!!! YEAH!!|atk|1
|turn|17
|
|t:|1780935404
|switch|p2a: William O' Wisp|Rotom-Wash|56/100
|move|p1a: Landorus|Stealth Rock|p2a: William O' Wisp
|-sidestart|p2: shockmoth|move: Stealth Rock
|
|upkeep
|turn|18
|
|t:|1780935418
|switch|p1a: Great Tusk|Great Tusk, shiny|100/100
|move|p2a: William O' Wisp|Hydro Pump|p1a: Great Tusk
|-supereffective|p1a: Great Tusk
|-damage|p1a: Great Tusk|0 fnt
|faint|p1a: Great Tusk
|-end|p1a: Great Tusk|Protosynthesis|[silent]
|
|upkeep
|
|t:|1780935419
|switch|p1a: Thundurus|Thundurus-Therian, M, shiny|47/100
|turn|19
|
|t:|1780935425
|switch|p2a: Surf's Up (2007)|Raichu-Alola, F|100/100
|-damage|p2a: Surf's Up (2007)|88/100|[from] Stealth Rock
|move|p1a: Thundurus|Thunderbolt|p2a: Surf's Up (2007)
|-resisted|p2a: Surf's Up (2007)
|-damage|p2a: Surf's Up (2007)|53/100
|
|-heal|p1a: Thundurus|53/100|[from] item: Leftovers
|upkeep
|turn|20
|
|t:|1780935439
|move|p2a: Surf's Up (2007)|Psychic Noise|p1a: Thundurus
|-damage|p1a: Thundurus|0 fnt
|faint|p1a: Thundurus
|
|upkeep
|
|t:|1780935442
|switch|p1a: Landorus|Landorus-Therian, M, shiny|100/100
|-ability|p1a: Landorus|Intimidate|boost
|-unboost|p2a: Surf's Up (2007)|atk|1
|turn|21
|c|☆shockmoth|I believe in your revenge
|
|t:|1780935465
|move|p2a: Surf's Up (2007)|Psychic Noise|p1a: Landorus
|-damage|p1a: Landorus|48/100
|-start|p1a: Landorus|move: Heal Block
|move|p1a: Landorus|U-turn|p2a: Surf's Up (2007)
|-supereffective|p2a: Surf's Up (2007)
|-damage|p2a: Surf's Up (2007)|0 fnt
|faint|p2a: Surf's Up (2007)
|
|upkeep
|
|t:|1780935472
|switch|p2a: Evanescence|Pawmot, M|100/100
|-damage|p2a: Evanescence|95/100|[from] Stealth Rock
|turn|22
|
|t:|1780935476
|move|p2a: Evanescence|Encore|p1a: Landorus
|-start|p1a: Landorus|Encore
|move|p1a: Landorus|U-turn|p2a: Evanescence
|-resisted|p2a: Evanescence
|-damage|p2a: Evanescence|82/100
|
|-end|p1a: Landorus|move: Heal Block
|-fieldend|move: Electric Terrain
|upkeep
|turn|23
|
|t:|1780935479
|move|p2a: Evanescence|Revival Blessing|p2a: Evanescence
|-enditem|p2a: Evanescence|Leppa Berry|[eat]
|-activate|p2a: Evanescence|item: Leppa Berry|Revival Blessing|[consumed]
|
|t:|1780935482
|-heal|p2: Surf's Up (2007)|50/100|[from] move: Revival Blessing
|move|p1a: Landorus|U-turn|p2a: Evanescence
|-resisted|p2a: Evanescence
|-damage|p2a: Evanescence|71/100
|
|-heal|p1a: Landorus|54/100|[from] item: Leftovers
|upkeep
|turn|24
|
|t:|1780935487
|move|p2a: Evanescence|Revival Blessing|p2a: Evanescence
|
|t:|1780935492
|-heal|p2: Finger Eleven|50/100|[from] move: Revival Blessing
|move|p1a: Landorus|U-turn|p2a: Evanescence
|-resisted|p2a: Evanescence
|-damage|p2a: Evanescence|58/100
|
|-heal|p1a: Landorus|60/100|[from] item: Leftovers
|-end|p1a: Landorus|Encore
|upkeep
|turn|25
|j| SUBMACHINEGOTH
|
|t:|1780935498
|move|p2a: Evanescence|Encore|p1a: Landorus
|-start|p1a: Landorus|Encore
|move|p1a: Landorus|U-turn|p2a: Evanescence
|-resisted|p2a: Evanescence
|-damage|p2a: Evanescence|45/100
|
|-heal|p1a: Landorus|66/100|[from] item: Leftovers
|upkeep
|turn|26
|inactive|shockmoth has 120 seconds left.
|
|t:|1780935539
|switch|p2a: OH YEAH!!! YEAH!!|Pincurchin, M|31/100
|-damage|p2a: OH YEAH!!! YEAH!!|19/100|[from] Stealth Rock
|-fieldstart|move: Electric Terrain|[from] ability: Electric Surge|[of] p2a: OH YEAH!!! YEAH!!
|move|p1a: Landorus|U-turn|p2a: OH YEAH!!! YEAH!!
|-damage|p2a: OH YEAH!!! YEAH!!|0 fnt
|faint|p2a: OH YEAH!!! YEAH!!
|
|-heal|p1a: Landorus|72/100|[from] item: Leftovers
|upkeep
|
|t:|1780935543
|switch|p2a: Finger Eleven|Frosmoth, F, shiny|50/100
|-damage|p2a: Finger Eleven|0 fnt|[from] Stealth Rock
|faint|p2a: Finger Eleven
|
|t:|1780935551
|switch|p2a: William O' Wisp|Rotom-Wash|56/100
|-damage|p2a: William O' Wisp|44/100|[from] Stealth Rock
|turn|27
|c|☆temporarylight|im dodging
|
|t:|1780935557
|move|p1a: Landorus|U-turn|p2a: William O' Wisp
|-damage|p2a: William O' Wisp|22/100
|move|p2a: William O' Wisp|Hydro Pump|p1a: Landorus
|-supereffective|p1a: Landorus
|-damage|p1a: Landorus|0 fnt
|faint|p1a: Landorus
|
|win|shockmoth
|raw|temporarylight's rating: 1761 &rarr; <strong>1744</strong><br />(-17 for losing)
|raw|shockmoth's rating: 1817 &rarr; <strong>1834</strong><br />(+17 for winning)
|c|☆temporarylight|k
|l|☆temporarylight
|player|p1|
|c|☆shockmoth|Next time u'll dodge
|l| InSane_Lcs
|l|☆shockmoth
|player|p2|
|l| Cotowol
|j|☆shockmoth
|player|p2|shockmoth|102|
|l| SUBMACHINEGOTH
