|j|☆Rj yoip
|j|☆AnonymousJon
|t:|1781486687
|gametype|singles
|player|p1|Rj yoip|caitlin-masters|1726
|player|p2|AnonymousJon|workerice|1804
|gen|9
|tier|[Gen 9] OU
|rated|
|rule|HP Percentage Mod: HP is shown in percentages
|rule|Endless Battle Clause: Forcing endless battles is banned
|rule|Species Clause: Limit one of each Pokémon
|rule|OHKO Clause: OHKO moves are banned
|rule|Evasion Items Clause: Evasion items are banned
|rule|Evasion Moves Clause: Evasion moves are banned
|rule|Evasion Abilities Clause: Evasion abilities are banned
|rule|Sleep Moves Clause: Sleep-inducing moves are banned
|clearpoke
|poke|p1|Tyranitar, F|
|poke|p1|Hydrapple, F|
|poke|p1|Enamorus, F|
|poke|p1|Garganacl, M|
|poke|p1|Excadrill, F|
|poke|p1|Alomomola, M|
|poke|p2|Great Tusk|
|poke|p2|Ogerpon-Cornerstone, F|
|poke|p2|Rillaboom, F|
|poke|p2|Tyranitar, F|
|poke|p2|Corviknight, F|
|poke|p2|Dragapult, M|
|teampreview
|inactive|Battle timer is ON: inactive players will automatically lose when time's up. (requested by AnonymousJon)
|j| Chooir
|l| Chooir
|j| rexa2
|
|t:|1781486705
|teamsize|p1|6
|teamsize|p2|6
|start
|switch|p1a: Garganacl|Garganacl, M|100/100
|switch|p2a: Ogerpon|Ogerpon-Cornerstone, F|100/100
|turn|1
|
|t:|1781486713
|move|p2a: Ogerpon|Swords Dance|p2a: Ogerpon
|-boost|p2a: Ogerpon|atk|2
|move|p1a: Garganacl|Salt Cure|p2a: Ogerpon
|-damage|p2a: Ogerpon|84/100
|-start|p2a: Ogerpon|Salt Cure
|
|-damage|p2a: Ogerpon|71/100|[from] Salt Cure
|upkeep
|turn|2
|j| chetthankz
|
|t:|1781486715
|switch|p1a: Hydrapple|Hydrapple, F|100/100
|move|p2a: Ogerpon|Ivy Cudgel|p1a: Hydrapple|[anim] Ivy Cudgel Rock
|-damage|p1a: Hydrapple|31/100
|
|-damage|p2a: Ogerpon|59/100|[from] Salt Cure
|upkeep
|turn|3
|
|t:|1781486718
|move|p2a: Ogerpon|Ivy Cudgel|p1a: Hydrapple|[anim] Ivy Cudgel Rock
|-damage|p1a: Hydrapple|0 fnt
|faint|p1a: Hydrapple
|
|-damage|p2a: Ogerpon|46/100|[from] Salt Cure
|upkeep
|
|t:|1781486724
|switch|p1a: Enamorus|Enamorus, F|100/100
|turn|4
|
|t:|1781486726
|move|p1a: Enamorus|Moonblast|p2a: Ogerpon
|-damage|p2a: Ogerpon|0 fnt
|faint|p2a: Ogerpon
|
|upkeep
|j| nesnot
|
|t:|1781486733
|switch|p2a: Corviknight|Corviknight, F|100/100
|-ability|p2a: Corviknight|Pressure
|turn|5
|
|t:|1781486735
|switch|p1a: Garganacl|Garganacl, M|100/100
|move|p2a: Corviknight|U-turn|p1a: Garganacl
|-damage|p1a: Garganacl|92/100
|
|t:|1781486738
|switch|p2a: Rillaboom|Rillaboom, F|100/100|[from] U-turn
|-fieldstart|move: Grassy Terrain|[from] ability: Grassy Surge|[of] p2a: Rillaboom
|
|-heal|p1a: Garganacl|98/100|[from] Grassy Terrain
|-heal|p1a: Garganacl|100/100|[from] item: Leftovers
|upkeep
|turn|6
|
|t:|1781486739
|move|p1a: Garganacl|Protect|p1a: Garganacl
|-singleturn|p1a: Garganacl|Protect
|move|p2a: Rillaboom|Wood Hammer|p1a: Garganacl
|-activate|p1a: Garganacl|move: Protect
|
|upkeep
|turn|7
|
|t:|1781486743
|-terastallize|p1a: Garganacl|Electric
|move|p2a: Rillaboom|Wood Hammer|p1a: Garganacl
|-damage|p1a: Garganacl|17/100
|-damage|p2a: Rillaboom|68/100|[from] Recoil
|move|p1a: Garganacl|Salt Cure|p2a: Rillaboom
|-damage|p2a: Rillaboom|53/100
|-start|p2a: Rillaboom|Salt Cure
|
|-heal|p2a: Rillaboom|59/100|[from] Grassy Terrain
|-heal|p1a: Garganacl|23/100|[from] Grassy Terrain
|-heal|p1a: Garganacl|30/100|[from] item: Leftovers
|-damage|p2a: Rillaboom|47/100|[from] Salt Cure
|upkeep
|turn|8
|
|t:|1781486746
|move|p1a: Garganacl|Protect|p1a: Garganacl
|-singleturn|p1a: Garganacl|Protect
|move|p2a: Rillaboom|Wood Hammer|p1a: Garganacl
|-activate|p1a: Garganacl|move: Protect
|
|-heal|p2a: Rillaboom|53/100|[from] Grassy Terrain
|-heal|p1a: Garganacl|36/100|[from] Grassy Terrain
|-heal|p1a: Garganacl|42/100|[from] item: Leftovers
|-damage|p2a: Rillaboom|41/100|[from] Salt Cure
|upkeep
|turn|9
|l| nesnot
|
|t:|1781486755
|switch|p2a: Tyranitar|Tyranitar, F|100/100
|-weather|Sandstorm|[from] ability: Sand Stream|[of] p2a: Tyranitar
|switch|p1a: Enamorus|Enamorus, F|100/100
|
|-weather|Sandstorm|[upkeep]
|-damage|p1a: Enamorus|94/100|[from] Sandstorm
|-fieldend|move: Grassy Terrain
|upkeep
|turn|10
|
|t:|1781486760
|switch|p1a: Excadrill|Excadrill, F|100/100
|move|p2a: Tyranitar|Stealth Rock|p1a: Excadrill
|-sidestart|p1: Rj yoip|move: Stealth Rock
|
|-weather|Sandstorm|[upkeep]
|upkeep
|turn|11
|
|t:|1781486762
|switch|p2a: Corviknight|Corviknight, F|100/100
|-ability|p2a: Corviknight|Pressure
|move|p1a: Excadrill|Substitute|p1a: Excadrill
|-start|p1a: Excadrill|Substitute
|-damage|p1a: Excadrill|76/100
|
|-weather|Sandstorm|[upkeep]
|-heal|p1a: Excadrill|82/100|[from] item: Leftovers
|upkeep
|turn|12
|
|t:|1781486764
|move|p1a: Excadrill|Rapid Spin|p2a: Corviknight
|-resisted|p2a: Corviknight
|-damage|p2a: Corviknight|95/100
|-boost|p1a: Excadrill|spe|1
|-damage|p1a: Excadrill|65/100|[from] item: Rocky Helmet|[of] p2a: Corviknight
|-sideend|p1: Rj yoip|Stealth Rock|[from] move: Rapid Spin|[of] p1a: Excadrill
|move|p2a: Corviknight|Body Press|p1a: Excadrill
|-supereffective|p1a: Excadrill
|-end|p1a: Excadrill|Substitute
|
|-weather|Sandstorm|[upkeep]
|-heal|p1a: Excadrill|71/100|[from] item: Leftovers
|upkeep
|turn|13
|
|t:|1781486767
|switch|p1a: Garganacl|Garganacl, M, tera:Electric|42/100
|move|p2a: Corviknight|Body Press|p1a: Garganacl
|-damage|p1a: Garganacl|25/100
|
|-weather|none
|-heal|p1a: Garganacl|31/100|[from] item: Leftovers
|upkeep
|turn|14
|
|t:|1781486769
|move|p2a: Corviknight|U-turn|p1a: Garganacl
|-damage|p1a: Garganacl|22/100
|
|t:|1781486771
|switch|p2a: Tyranitar|Tyranitar, F|100/100|[from] U-turn
|-weather|Sandstorm|[from] ability: Sand Stream|[of] p2a: Tyranitar
|move|p1a: Garganacl|Recover|p1a: Garganacl
|-heal|p1a: Garganacl|72/100
|
|-weather|Sandstorm|[upkeep]
|-damage|p1a: Garganacl|66/100|[from] Sandstorm
|-heal|p1a: Garganacl|72/100|[from] item: Leftovers
|upkeep
|turn|15
|
|t:|1781486774
|switch|p1a: Excadrill|Excadrill, F|71/100
|move|p2a: Tyranitar|Stealth Rock|p1a: Excadrill
|-sidestart|p1: Rj yoip|move: Stealth Rock
|
|-weather|Sandstorm|[upkeep]
|-heal|p1a: Excadrill|77/100|[from] item: Leftovers
|upkeep
|turn|16
|
|t:|1781486776
|switch|p2a: Corviknight|Corviknight, F|95/100
|-ability|p2a: Corviknight|Pressure
|move|p1a: Excadrill|Rapid Spin|p2a: Corviknight
|-resisted|p2a: Corviknight
|-damage|p2a: Corviknight|89/100
|-boost|p1a: Excadrill|spe|1
|-damage|p1a: Excadrill|61/100|[from] item: Rocky Helmet|[of] p2a: Corviknight
|-sideend|p1: Rj yoip|Stealth Rock|[from] move: Rapid Spin|[of] p1a: Excadrill
|
|-weather|Sandstorm|[upkeep]
|-heal|p1a: Excadrill|67/100|[from] item: Leftovers
|upkeep
|turn|17
|
|t:|1781486779
|switch|p1a: Garganacl|Garganacl, M, tera:Electric|72/100
|move|p2a: Corviknight|Body Press|p1a: Garganacl
|-damage|p1a: Garganacl|53/100
|
|-weather|Sandstorm|[upkeep]
|-damage|p1a: Garganacl|47/100|[from] Sandstorm
|-heal|p1a: Garganacl|53/100|[from] item: Leftovers
|upkeep
|turn|18
|
|t:|1781486783
|move|p2a: Corviknight|U-turn|p1a: Garganacl
|-damage|p1a: Garganacl|44/100
|
|t:|1781486785
|switch|p2a: Great Tusk|Great Tusk|100/100|[from] U-turn
|move|p1a: Garganacl|Salt Cure|p2a: Great Tusk
|-resisted|p2a: Great Tusk
|-damage|p2a: Great Tusk|98/100
|-start|p2a: Great Tusk|Salt Cure
|
|-weather|none
|-heal|p1a: Garganacl|50/100|[from] item: Leftovers
|-damage|p2a: Great Tusk|86/100|[from] Salt Cure
|upkeep
|turn|19
|
|t:|1781486790
|-end|p2a: Great Tusk|Protosynthesis|[silent]
|switch|p2a: Rillaboom|Rillaboom, F|41/100
|-fieldstart|move: Grassy Terrain|[from] ability: Grassy Surge|[of] p2a: Rillaboom
|move|p1a: Garganacl|Recover|p1a: Garganacl
|-heal|p1a: Garganacl|99/100
|
|-heal|p2a: Rillaboom|47/100|[from] Grassy Terrain
|-heal|p1a: Garganacl|100/100|[from] Grassy Terrain
|upkeep
|turn|20
|l| chetthankz
|
|t:|1781486796
|move|p1a: Garganacl|Protect|p1a: Garganacl
|-singleturn|p1a: Garganacl|Protect
|move|p2a: Rillaboom|U-turn|p1a: Garganacl
|-activate|p1a: Garganacl|move: Protect
|
|-heal|p2a: Rillaboom|53/100|[from] Grassy Terrain
|upkeep
|turn|21
|
|t:|1781486800
|move|p2a: Rillaboom|U-turn|p1a: Garganacl
|-damage|p1a: Garganacl|77/100
|
|t:|1781486802
|switch|p2a: Tyranitar|Tyranitar, F|100/100|[from] U-turn
|-weather|Sandstorm|[from] ability: Sand Stream|[of] p2a: Tyranitar
|move|p1a: Garganacl|Salt Cure|p2a: Tyranitar
|-damage|p2a: Tyranitar|90/100
|-start|p2a: Tyranitar|Salt Cure
|
|-weather|Sandstorm|[upkeep]
|-damage|p1a: Garganacl|70/100|[from] Sandstorm
|-heal|p2a: Tyranitar|96/100|[from] Grassy Terrain
|-heal|p2a: Tyranitar|100/100|[from] item: Leftovers
|-heal|p1a: Garganacl|77/100|[from] Grassy Terrain
|-heal|p1a: Garganacl|83/100|[from] item: Leftovers
|-damage|p2a: Tyranitar|88/100|[from] Salt Cure
|upkeep
|turn|22
|
|t:|1781486811
|move|p2a: Tyranitar|Stealth Rock|p1a: Garganacl
|-sidestart|p1: Rj yoip|move: Stealth Rock
|move|p1a: Garganacl|Stealth Rock|p2a: Tyranitar
|-sidestart|p2: AnonymousJon|move: Stealth Rock
|
|-weather|Sandstorm|[upkeep]
|-damage|p1a: Garganacl|77/100|[from] Sandstorm
|-heal|p2a: Tyranitar|94/100|[from] Grassy Terrain
|-heal|p2a: Tyranitar|100/100|[from] item: Leftovers
|-heal|p1a: Garganacl|83/100|[from] Grassy Terrain
|-heal|p1a: Garganacl|89/100|[from] item: Leftovers
|-damage|p2a: Tyranitar|88/100|[from] Salt Cure
|upkeep
|turn|23
|
|t:|1781486813
|move|p1a: Garganacl|Protect|p1a: Garganacl
|-singleturn|p1a: Garganacl|Protect
|move|p2a: Tyranitar|Knock Off|p1a: Garganacl
|-activate|p1a: Garganacl|move: Protect
|
|-weather|Sandstorm|[upkeep]
|-damage|p1a: Garganacl|83/100|[from] Sandstorm
|-heal|p2a: Tyranitar|94/100|[from] Grassy Terrain
|-heal|p2a: Tyranitar|100/100|[from] item: Leftovers
|-heal|p1a: Garganacl|89/100|[from] Grassy Terrain
|-heal|p1a: Garganacl|95/100|[from] item: Leftovers
|-damage|p2a: Tyranitar|88/100|[from] Salt Cure
|-fieldend|move: Grassy Terrain
|upkeep
|turn|24
|
|t:|1781486818
|switch|p1a: Alomomola|Alomomola, M|100/100
|-damage|p1a: Alomomola|88/100|[from] Stealth Rock
|move|p2a: Tyranitar|Knock Off|p1a: Alomomola
|-damage|p1a: Alomomola|60/100
|-enditem|p1a: Alomomola|Assault Vest|[from] move: Knock Off|[of] p2a: Tyranitar
|
|-weather|Sandstorm|[upkeep]
|-damage|p1a: Alomomola|54/100|[from] Sandstorm
|-heal|p2a: Tyranitar|94/100|[from] item: Leftovers
|-damage|p2a: Tyranitar|82/100|[from] Salt Cure
|upkeep
|turn|25
|
|t:|1781486823
|switch|p2a: Corviknight|Corviknight, F|89/100
|-damage|p2a: Corviknight|77/100|[from] Stealth Rock
|-ability|p2a: Corviknight|Pressure
|move|p1a: Alomomola|Flip Turn|p2a: Corviknight
|-damage|p2a: Corviknight|67/100
|-damage|p1a: Alomomola|37/100|[from] item: Rocky Helmet|[of] p2a: Corviknight
|
|t:|1781486827
|switch|p1a: Garganacl|Garganacl, M, tera:Electric|95/100|[from] Flip Turn
|-damage|p1a: Garganacl|83/100|[from] Stealth Rock
|
|-weather|none
|-heal|p1a: Garganacl|89/100|[from] item: Leftovers
|upkeep
|turn|26
|
|t:|1781486837
|switch|p2a: Rillaboom|Rillaboom, F|53/100
|-damage|p2a: Rillaboom|41/100|[from] Stealth Rock
|-fieldstart|move: Grassy Terrain|[from] ability: Grassy Surge|[of] p2a: Rillaboom
|move|p1a: Garganacl|Salt Cure|p2a: Rillaboom
|-damage|p2a: Rillaboom|25/100
|-start|p2a: Rillaboom|Salt Cure
|
|-heal|p2a: Rillaboom|31/100|[from] Grassy Terrain
|-heal|p1a: Garganacl|95/100|[from] Grassy Terrain
|-heal|p1a: Garganacl|100/100|[from] item: Leftovers
|-damage|p2a: Rillaboom|19/100|[from] Salt Cure
|upkeep
|turn|27
|
|t:|1781486840
|switch|p2a: Great Tusk|Great Tusk|86/100
|-damage|p2a: Great Tusk|83/100|[from] Stealth Rock
|move|p1a: Garganacl|Protect||[still]
|-fail|p1a: Garganacl
|
|-heal|p2a: Great Tusk|89/100|[from] Grassy Terrain
|upkeep
|turn|28
|
|t:|1781486842
|switch|p1a: Alomomola|Alomomola, M|70/100
|-damage|p1a: Alomomola|58/100|[from] Stealth Rock
|move|p2a: Great Tusk|Rapid Spin|p1a: Alomomola
|-damage|p1a: Alomomola|47/100
|-boost|p2a: Great Tusk|spe|1
|-sideend|p2: AnonymousJon|Stealth Rock|[from] move: Rapid Spin|[of] p2a: Great Tusk
|
|-heal|p2a: Great Tusk|95/100|[from] Grassy Terrain
|-heal|p1a: Alomomola|53/100|[from] Grassy Terrain
|upkeep
|turn|29
|
|t:|1781486847
|move|p2a: Great Tusk|Rapid Spin|p1a: Alomomola
|-damage|p1a: Alomomola|42/100
|-boost|p2a: Great Tusk|spe|1
|move|p1a: Alomomola|Flip Turn|p2a: Great Tusk
|-supereffective|p2a: Great Tusk
|-damage|p2a: Great Tusk|71/100
|
|t:|1781486851
|switch|p1a: Garganacl|Garganacl, M, tera:Electric|100/100|[from] Flip Turn
|-damage|p1a: Garganacl|88/100|[from] Stealth Rock
|
|-heal|p2a: Great Tusk|78/100|[from] Grassy Terrain
|-heal|p1a: Garganacl|94/100|[from] Grassy Terrain
|-heal|p1a: Garganacl|100/100|[from] item: Leftovers
|upkeep
|turn|30
|
|t:|1781486854
|move|p2a: Great Tusk|Headlong Rush|p1a: Garganacl
|-supereffective|p1a: Garganacl
|-damage|p1a: Garganacl|23/100
|-unboost|p2a: Great Tusk|def|1
|-unboost|p2a: Great Tusk|spd|1
|move|p1a: Garganacl|Salt Cure|p2a: Great Tusk
|-resisted|p2a: Great Tusk
|-damage|p2a: Great Tusk|74/100
|-start|p2a: Great Tusk|Salt Cure
|
|-heal|p2a: Great Tusk|80/100|[from] Grassy Terrain
|-heal|p1a: Garganacl|29/100|[from] Grassy Terrain
|-heal|p1a: Garganacl|35/100|[from] item: Leftovers
|-damage|p2a: Great Tusk|68/100|[from] Salt Cure
|-fieldend|move: Grassy Terrain
|upkeep
|turn|31
|
|t:|1781486858
|move|p2a: Great Tusk|Headlong Rush|p1a: Garganacl
|-supereffective|p1a: Garganacl
|-damage|p1a: Garganacl|0 fnt
|-unboost|p2a: Great Tusk|def|1
|-unboost|p2a: Great Tusk|spd|1
|faint|p1a: Garganacl
|
|-damage|p2a: Great Tusk|55/100|[from] Salt Cure
|upkeep
|
|t:|1781486860
|switch|p1a: Alomomola|Alomomola, M|75/100
|-damage|p1a: Alomomola|63/100|[from] Stealth Rock
|turn|32
|
|t:|1781486867
|-end|p2a: Great Tusk|Protosynthesis|[silent]
|switch|p2a: Corviknight|Corviknight, F|67/100
|-ability|p2a: Corviknight|Pressure
|move|p1a: Alomomola|Flip Turn|p2a: Corviknight
|-crit|p2a: Corviknight
|-damage|p2a: Corviknight|53/100
|-damage|p1a: Alomomola|46/100|[from] item: Rocky Helmet|[of] p2a: Corviknight
|
|t:|1781486871
|switch|p1a: Excadrill|Excadrill, F|67/100|[from] Flip Turn
|-damage|p1a: Excadrill|64/100|[from] Stealth Rock
|
|-heal|p1a: Excadrill|70/100|[from] item: Leftovers
|upkeep
|turn|33
|
|t:|1781486873
|move|p1a: Excadrill|Rapid Spin|p2a: Corviknight
|-resisted|p2a: Corviknight
|-damage|p2a: Corviknight|48/100
|-boost|p1a: Excadrill|spe|1
|-damage|p1a: Excadrill|53/100|[from] item: Rocky Helmet|[of] p2a: Corviknight
|-sideend|p1: Rj yoip|Stealth Rock|[from] move: Rapid Spin|[of] p1a: Excadrill
|move|p2a: Corviknight|Body Press|p1a: Excadrill
|-supereffective|p1a: Excadrill
|-damage|p1a: Excadrill|0 fnt
|faint|p1a: Excadrill
|
|upkeep
|
|t:|1781486876
|switch|p1a: Tyranitar|Tyranitar, F|100/100
|-weather|Sandstorm|[from] ability: Sand Stream|[of] p1a: Tyranitar
|turn|34
|
|t:|1781486878
|move|p1a: Tyranitar|Stone Edge|p2a: Corviknight
|-damage|p2a: Corviknight|0 fnt
|faint|p2a: Corviknight
|
|-weather|Sandstorm|[upkeep]
|upkeep
|
|t:|1781486886
|switch|p2a: Tyranitar|Tyranitar, F|82/100
|turn|35
|
|t:|1781486901
|move|p1a: Tyranitar|Stone Edge|p2a: Tyranitar
|-damage|p2a: Tyranitar|16/100
|move|p2a: Tyranitar|Stealth Rock|p1a: Tyranitar
|-sidestart|p1: Rj yoip|move: Stealth Rock
|
|-weather|Sandstorm|[upkeep]
|-heal|p2a: Tyranitar|22/100|[from] item: Leftovers
|upkeep
|turn|36
|
|t:|1781486905
|move|p1a: Tyranitar|Stone Edge|p2a: Tyranitar
|-damage|p2a: Tyranitar|0 fnt
|faint|p2a: Tyranitar
|
|-weather|Sandstorm|[upkeep]
|upkeep
|
|t:|1781486908
|switch|p2a: Great Tusk|Great Tusk|55/100
|turn|37
|
|t:|1781486924
|switch|p1a: Alomomola|Alomomola, M|79/100
|-damage|p1a: Alomomola|67/100|[from] Stealth Rock
|move|p2a: Great Tusk|Headlong Rush|p1a: Alomomola
|-damage|p1a: Alomomola|31/100
|-unboost|p2a: Great Tusk|def|1
|-unboost|p2a: Great Tusk|spd|1
|
|-weather|Sandstorm|[upkeep]
|-damage|p1a: Alomomola|25/100|[from] Sandstorm
|upkeep
|turn|38
|
|t:|1781486927
|move|p2a: Great Tusk|Headlong Rush|p1a: Alomomola
|-damage|p1a: Alomomola|0 fnt
|-unboost|p2a: Great Tusk|def|1
|-unboost|p2a: Great Tusk|spd|1
|faint|p1a: Alomomola
|
|-weather|none
|upkeep
|
|t:|1781486928
|switch|p1a: Enamorus|Enamorus, F|94/100
|-damage|p1a: Enamorus|69/100|[from] Stealth Rock
|turn|39
|
|t:|1781486935
|-terastallize|p2a: Great Tusk|Fire
|move|p1a: Enamorus|Moonblast|p2a: Great Tusk
|-resisted|p2a: Great Tusk
|-damage|p2a: Great Tusk|21/100
|move|p2a: Great Tusk|Ice Spinner|p1a: Enamorus
|-supereffective|p1a: Enamorus
|-damage|p1a: Enamorus|0 fnt
|faint|p1a: Enamorus
|
|upkeep
|
|t:|1781486937
|switch|p1a: Tyranitar|Tyranitar, F|100/100
|-damage|p1a: Tyranitar|88/100|[from] Stealth Rock
|-weather|Sandstorm|[from] ability: Sand Stream|[of] p1a: Tyranitar
|turn|40
|
|t:|1781486938
|move|p2a: Great Tusk|Headlong Rush|p1a: Tyranitar
|-supereffective|p1a: Tyranitar
|-damage|p1a: Tyranitar|0 fnt
|-unboost|p2a: Great Tusk|def|1
|-unboost|p2a: Great Tusk|spd|1
|faint|p1a: Tyranitar
|
|win|AnonymousJon
|raw|Rj yoip's rating: 1726 &rarr; <strong>1710</strong><br />(-16 for losing)
|raw|AnonymousJon's rating: 1804 &rarr; <strong>1820</strong><br />(+16 for winning)
|c|☆AnonymousJon|gg
|l|☆Rj yoip
|player|p1|
|l|☆AnonymousJon
|player|p2|
