|j|☆KurisuChestnutLab
|j|☆Yujiro-Jamon
|t:|1781143164
|gametype|singles
|player|p1|KurisuChestnutLab|may-contest|1569
|player|p2|Yujiro-Jamon|alder|1491
|gen|9
|tier|[Gen 9] OU
|rated|
|rule|HP Percentage Mod: HP is shown in percentages
|rule|Endless Battle Clause: Forcing endless battles is banned
|rule|Species Clause: Limit one of each Pokémon
|rule|OHKO Clause: OHKO moves are banned
|rule|Evasion Items Clause: Evasion items are banned
|rule|Evasion Moves Clause: Evasion moves are banned
|rule|Evasion Abilities Clause: Evasion abilities are banned
|rule|Sleep Moves Clause: Sleep-inducing moves are banned
|clearpoke
|poke|p1|Primarina, F|
|poke|p1|Hippowdon, M|
|poke|p1|Skarmory, M|
|poke|p1|Zapdos|
|poke|p1|Dragonite, M|
|poke|p1|Slowking, M|
|poke|p2|Deoxys-Speed|
|poke|p2|Clefable, M|
|poke|p2|Conkeldurr, M|
|poke|p2|Blaziken, M|
|poke|p2|Ting-Lu|
|poke|p2|Corviknight, M|
|teampreview
|inactive|Battle timer is ON: inactive players will automatically lose when time's up. (requested by KurisuChestnutLab)
|
|t:|1781143185
|teamsize|p1|6
|teamsize|p2|6
|start
|switch|p1a: Primarina|Primarina, F|100/100
|switch|p2a: Clefable|Clefable, M|100/100
|turn|1
|
|t:|1781143189
|move|p1a: Primarina|Moonblast|p2a: Clefable
|-damage|p2a: Clefable|63/100
|move|p2a: Clefable|Cosmic Power|p2a: Clefable
|-boost|p2a: Clefable|def|1
|-boost|p2a: Clefable|spd|1
|
|-heal|p2a: Clefable|69/100|[from] item: Leftovers
|upkeep
|turn|2
|
|t:|1781143197
|move|p2a: Clefable|Wish|p2a: Clefable
|move|p1a: Primarina|Moonblast|p2a: Clefable
|-damage|p2a: Clefable|47/100
|
|-heal|p2a: Clefable|53/100|[from] item: Leftovers
|upkeep
|turn|3
|
|t:|1781143201
|switch|p1a: Hippowdon|Hippowdon, M|100/100
|-weather|Sandstorm|[from] ability: Sand Stream|[of] p1a: Hippowdon
|move|p2a: Clefable|Cosmic Power|p2a: Clefable
|-boost|p2a: Clefable|def|1
|-boost|p2a: Clefable|spd|1
|
|-weather|Sandstorm|[upkeep]
|-damage|p2a: Clefable|47/100|[from] Sandstorm
|-heal|p2a: Clefable|97/100|[from] move: Wish|[wisher] Clefable
|-heal|p2a: Clefable|100/100|[from] item: Leftovers
|upkeep
|turn|4
|
|t:|1781143209
|switch|p2a: Corviknight|Corviknight, M|100/100
|move|p1a: Hippowdon|Stealth Rock|p2a: Corviknight
|-sidestart|p2: Yujiro-Jamon|move: Stealth Rock
|
|-weather|Sandstorm|[upkeep]
|upkeep
|turn|5
|
|t:|1781143216
|move|p2a: Corviknight|Defog|p1a: Hippowdon
|-unboost|p1a: Hippowdon|evasion|1
|-sideend|p2: Yujiro-Jamon|Stealth Rock|[from] move: Defog|[of] p2a: Corviknight
|move|p1a: Hippowdon|Whirlwind|p2a: Corviknight
|drag|p2a: Deoxys|Deoxys-Speed|100/100
|-ability|p2a: Deoxys|Pressure
|
|-weather|Sandstorm|[upkeep]
|-damage|p2a: Deoxys|95/100|[from] Sandstorm
|-heal|p2a: Deoxys|100/100|[from] item: Leftovers
|upkeep
|turn|6
|
|t:|1781143221
|move|p2a: Deoxys|Ice Beam|p1a: Hippowdon
|-supereffective|p1a: Hippowdon
|-damage|p1a: Hippowdon|45/100
|move|p1a: Hippowdon|Stealth Rock|p2a: Deoxys
|-sidestart|p2: Yujiro-Jamon|move: Stealth Rock
|
|-weather|Sandstorm|[upkeep]
|-damage|p2a: Deoxys|95/100|[from] Sandstorm
|-heal|p2a: Deoxys|100/100|[from] item: Leftovers
|-heal|p1a: Hippowdon|51/100|[from] item: Leftovers
|upkeep
|turn|7
|
|t:|1781143229
|switch|p1a: Primarina|Primarina, F|100/100
|move|p2a: Deoxys|Nasty Plot|p2a: Deoxys
|-boost|p2a: Deoxys|spa|2
|
|-weather|none
|upkeep
|turn|8
|
|t:|1781143236
|-terastallize|p2a: Deoxys|Electric
|move|p2a: Deoxys|Thunderbolt|p1a: Primarina
|-supereffective|p1a: Primarina
|-damage|p1a: Primarina|16/100
|move|p1a: Primarina|Moonblast|p2a: Deoxys
|-damage|p2a: Deoxys|35/100
|
|-heal|p2a: Deoxys|41/100|[from] item: Leftovers
|upkeep
|turn|9
|
|t:|1781143244
|switch|p1a: Hippowdon|Hippowdon, M|51/100
|-weather|Sandstorm|[from] ability: Sand Stream|[of] p1a: Hippowdon
|move|p2a: Deoxys|Psychic|p1a: Hippowdon
|-damage|p1a: Hippowdon|0 fnt
|faint|p1a: Hippowdon
|
|-weather|Sandstorm|[upkeep]
|-damage|p2a: Deoxys|35/100|[from] Sandstorm
|-heal|p2a: Deoxys|41/100|[from] item: Leftovers
|upkeep
|
|t:|1781143248
|switch|p1a: Dragonite|Dragonite, M|100/100
|turn|10
|
|t:|1781143255
|switch|p2a: Corviknight|Corviknight, M|100/100
|-damage|p2a: Corviknight|88/100|[from] Stealth Rock
|-terastallize|p1a: Dragonite|Normal
|move|p1a: Dragonite|Extreme Speed|p2a: Corviknight
|-resisted|p2a: Corviknight
|-damage|p2a: Corviknight|75/100
|-damage|p1a: Dragonite|84/100|[from] item: Rocky Helmet|[of] p2a: Corviknight
|
|-weather|Sandstorm|[upkeep]
|-damage|p1a: Dragonite|78/100|[from] Sandstorm
|upkeep
|turn|11
|
|t:|1781143260
|switch|p1a: Zapdos|Zapdos|100/100
|move|p2a: Corviknight|Defog|p1a: Zapdos
|-unboost|p1a: Zapdos|evasion|1
|-sideend|p2: Yujiro-Jamon|Stealth Rock|[from] move: Defog|[of] p2a: Corviknight
|
|-weather|Sandstorm|[upkeep]
|-damage|p1a: Zapdos|94/100|[from] Sandstorm
|upkeep
|turn|12
|
|t:|1781143265
|switch|p2a: Ting-Lu|Ting-Lu|100/100
|-ability|p2a: Ting-Lu|Vessel of Ruin
|move|p1a: Zapdos|Heat Wave|p2a: Ting-Lu
|-damage|p2a: Ting-Lu|88/100
|
|-weather|Sandstorm|[upkeep]
|-damage|p1a: Zapdos|88/100|[from] Sandstorm
|-heal|p2a: Ting-Lu|95/100|[from] item: Leftovers
|upkeep
|turn|13
|
|t:|1781143270
|move|p1a: Zapdos|Hurricane|p2a: Ting-Lu
|-damage|p2a: Ting-Lu|72/100
|move|p2a: Ting-Lu|Stealth Rock|p1a: Zapdos
|-sidestart|p1: KurisuChestnutLab|move: Stealth Rock
|
|-weather|none
|-heal|p2a: Ting-Lu|78/100|[from] item: Leftovers
|upkeep
|turn|14
|
|t:|1781143276
|move|p1a: Zapdos|Hurricane|p2a: Ting-Lu
|-damage|p2a: Ting-Lu|56/100
|move|p2a: Ting-Lu|Spikes|p1a: Zapdos
|-sidestart|p1: KurisuChestnutLab|Spikes
|
|-heal|p2a: Ting-Lu|63/100|[from] item: Leftovers
|upkeep
|turn|15
|
|t:|1781143280
|move|p1a: Zapdos|Hurricane|p2a: Ting-Lu
|-damage|p2a: Ting-Lu|42/100
|-start|p2a: Ting-Lu|confusion
|-activate|p2a: Ting-Lu|confusion
|move|p2a: Ting-Lu|Spikes|p1a: Zapdos
|-sidestart|p1: KurisuChestnutLab|Spikes
|
|-heal|p2a: Ting-Lu|48/100|[from] item: Leftovers
|upkeep
|turn|16
|
|t:|1781143287
|switch|p2a: Clefable|Clefable, M|100/100
|move|p1a: Zapdos|Hurricane|p2a: Clefable
|-damage|p2a: Clefable|72/100
|
|-heal|p2a: Clefable|78/100|[from] item: Leftovers
|upkeep
|turn|17
|
|t:|1781143291
|move|p1a: Zapdos|Volt Switch|p2a: Clefable
|-damage|p2a: Clefable|59/100
|
|t:|1781143295
|switch|p1a: Skarmory|Skarmory, M|100/100|[from] Volt Switch
|-damage|p1a: Skarmory|88/100|[from] Stealth Rock
|move|p2a: Clefable|Wish|p2a: Clefable
|
|-heal|p1a: Skarmory|94/100|[from] item: Leftovers
|-heal|p2a: Clefable|65/100|[from] item: Leftovers
|upkeep
|turn|18
|
|t:|1781143299
|switch|p2a: Deoxys|Deoxys-Speed, tera:Electric|41/100
|-ability|p2a: Deoxys|Pressure
|move|p1a: Skarmory|Body Press|p2a: Deoxys
|-damage|p2a: Deoxys|2/100
|
|-heal|p2a: Deoxys|67/100|[from] move: Wish|[wisher] Clefable
|-heal|p2a: Deoxys|73/100|[from] item: Leftovers
|-heal|p1a: Skarmory|99/100|[from] item: Leftovers
|upkeep
|turn|19
|
|t:|1781143306
|switch|p1a: Primarina|Primarina, F|16/100
|-damage|p1a: Primarina|4/100|[from] Stealth Rock
|-damage|p1a: Primarina|0 fnt|[from] Spikes
|faint|p1a: Primarina
|move|p2a: Deoxys|Thunderbolt|p1: Primarina|[notarget]
|-fail|p2a: Deoxys
|
|-heal|p2a: Deoxys|79/100|[from] item: Leftovers
|upkeep
|
|t:|1781143310
|switch|p1a: Dragonite|Dragonite, M, tera:Normal|78/100
|turn|20
|
|t:|1781143315
|switch|p2a: Corviknight|Corviknight, M|75/100
|move|p1a: Dragonite|Extreme Speed|p2a: Corviknight
|-resisted|p2a: Corviknight
|-damage|p2a: Corviknight|62/100
|-damage|p1a: Dragonite|61/100|[from] item: Rocky Helmet|[of] p2a: Corviknight
|
|upkeep
|turn|21
|
|t:|1781143322
|move|p1a: Dragonite|Roost|p1a: Dragonite
|-heal|p1a: Dragonite|100/100
|move|p2a: Corviknight|Roost|p2a: Corviknight
|-heal|p2a: Corviknight|100/100
|-singleturn|p2a: Corviknight|move: Roost
|
|upkeep
|turn|22
|
|t:|1781143328
|switch|p1a: Zapdos|Zapdos|88/100
|move|p2a: Corviknight|Taunt|p1a: Zapdos
|-start|p1a: Zapdos|move: Taunt
|
|upkeep
|turn|23
|
|t:|1781143335
|switch|p2a: Clefable|Clefable, M|65/100
|move|p1a: Zapdos|Heat Wave|p2a: Clefable
|-damage|p2a: Clefable|47/100
|
|-heal|p2a: Clefable|53/100|[from] item: Leftovers
|upkeep
|turn|24
|
|t:|1781143339
|move|p1a: Zapdos|Hurricane|p2a: Clefable
|-damage|p2a: Clefable|25/100
|-start|p2a: Clefable|confusion
|-activate|p2a: Clefable|confusion
|move|p2a: Clefable|Wish|p2a: Clefable
|
|-heal|p2a: Clefable|31/100|[from] item: Leftovers
|-end|p1a: Zapdos|move: Taunt
|upkeep
|turn|25
|
|t:|1781143342
|switch|p1a: Dragonite|Dragonite, M, tera:Normal|100/100
|-activate|p2a: Clefable|confusion
|-damage|p2a: Clefable|25/100|[from] confusion
|
|-heal|p2a: Clefable|75/100|[from] move: Wish|[wisher] Clefable
|-heal|p2a: Clefable|81/100|[from] item: Leftovers
|upkeep
|turn|26
|
|t:|1781143349
|switch|p2a: Corviknight|Corviknight, M|100/100
|move|p1a: Dragonite|Dragon Dance|p1a: Dragonite
|-boost|p1a: Dragonite|atk|1
|-boost|p1a: Dragonite|spe|1
|
|upkeep
|turn|27
|
|t:|1781143355
|move|p1a: Dragonite|Dragon Dance|p1a: Dragonite
|-boost|p1a: Dragonite|atk|1
|-boost|p1a: Dragonite|spe|1
|move|p2a: Corviknight|Taunt|p1a: Dragonite
|-start|p1a: Dragonite|move: Taunt
|
|upkeep
|turn|28
|
|t:|1781143357
|switch|p1a: Zapdos|Zapdos|88/100
|move|p2a: Corviknight|Iron Head|p1a: Zapdos
|-resisted|p1a: Zapdos
|-damage|p1a: Zapdos|79/100
|
|upkeep
|turn|29
|
|t:|1781143363
|switch|p2a: Clefable|Clefable, M|81/100
|move|p1a: Zapdos|Hurricane|p2a: Clefable
|-damage|p2a: Clefable|49/100
|
|-heal|p2a: Clefable|56/100|[from] item: Leftovers
|upkeep
|turn|30
|
|t:|1781143369
|move|p1a: Zapdos|Hurricane|p2a: Clefable|[miss]
|-miss|p1a: Zapdos|p2a: Clefable
|move|p2a: Clefable|Wish|p2a: Clefable
|
|-heal|p2a: Clefable|62/100|[from] item: Leftovers
|upkeep
|turn|31
|
|t:|1781143372
|switch|p2a: Ting-Lu|Ting-Lu|48/100
|-ability|p2a: Ting-Lu|Vessel of Ruin
|move|p1a: Zapdos|Roost|p1a: Zapdos
|-heal|p1a: Zapdos|100/100
|-singleturn|p1a: Zapdos|move: Roost
|
|-heal|p2a: Ting-Lu|86/100|[from] move: Wish|[wisher] Clefable
|-heal|p2a: Ting-Lu|92/100|[from] item: Leftovers
|upkeep
|turn|32
|
|t:|1781143376
|move|p1a: Zapdos|Hurricane|p2a: Ting-Lu
|-damage|p2a: Ting-Lu|69/100
|-start|p2a: Ting-Lu|confusion
|-activate|p2a: Ting-Lu|confusion
|move|p2a: Ting-Lu|Spikes|p1a: Zapdos
|-sidestart|p1: KurisuChestnutLab|Spikes
|
|-heal|p2a: Ting-Lu|76/100|[from] item: Leftovers
|upkeep
|turn|33
|
|t:|1781143381
|switch|p2a: Clefable|Clefable, M|62/100
|move|p1a: Zapdos|Hurricane|p2a: Clefable
|-crit|p2a: Clefable
|-damage|p2a: Clefable|18/100
|
|-heal|p2a: Clefable|24/100|[from] item: Leftovers
|upkeep
|turn|34
|
|t:|1781143388
|move|p2a: Clefable|Protect|p2a: Clefable
|-singleturn|p2a: Clefable|Protect
|move|p1a: Zapdos|Hurricane|p2a: Clefable
|-activate|p2a: Clefable|move: Protect
|
|-heal|p2a: Clefable|30/100|[from] item: Leftovers
|upkeep
|turn|35
|
|t:|1781143392
|switch|p1a: Skarmory|Skarmory, M|99/100
|-damage|p1a: Skarmory|88/100|[from] Stealth Rock
|move|p2a: Clefable|Wish|p2a: Clefable
|
|-heal|p1a: Skarmory|94/100|[from] item: Leftovers
|-heal|p2a: Clefable|37/100|[from] item: Leftovers
|upkeep
|turn|36
|
|t:|1781143397
|switch|p1a: Dragonite|Dragonite, M, tera:Normal|100/100
|move|p2a: Clefable|Protect||[still]
|-fail|p2a: Clefable
|
|-heal|p2a: Clefable|87/100|[from] move: Wish|[wisher] Clefable
|-heal|p2a: Clefable|93/100|[from] item: Leftovers
|upkeep
|turn|37
|
|t:|1781143403
|move|p1a: Dragonite|Dragon Dance|p1a: Dragonite
|-boost|p1a: Dragonite|atk|1
|-boost|p1a: Dragonite|spe|1
|move|p2a: Clefable|Moonblast|p1a: Dragonite
|-damage|p1a: Dragonite|85/100
|-unboost|p1a: Dragonite|spa|1
|
|-heal|p2a: Clefable|99/100|[from] item: Leftovers
|upkeep
|turn|38
|
|t:|1781143406
|move|p1a: Dragonite|Extreme Speed|p2a: Clefable
|-damage|p2a: Clefable|46/100
|move|p2a: Clefable|Moonblast|p1a: Dragonite
|-damage|p1a: Dragonite|54/100
|
|-heal|p2a: Clefable|52/100|[from] item: Leftovers
|upkeep
|turn|39
|
|t:|1781143412
|move|p2a: Clefable|Protect|p2a: Clefable
|-singleturn|p2a: Clefable|Protect
|move|p1a: Dragonite|Roost|p1a: Dragonite
|-heal|p1a: Dragonite|100/100
|
|-heal|p2a: Clefable|58/100|[from] item: Leftovers
|upkeep
|turn|40
|
|t:|1781143416
|switch|p2a: Corviknight|Corviknight, M|100/100
|move|p1a: Dragonite|Dragon Dance|p1a: Dragonite
|-boost|p1a: Dragonite|atk|1
|-boost|p1a: Dragonite|spe|1
|
|upkeep
|turn|41
|
|t:|1781143419
|move|p1a: Dragonite|Dragon Dance|p1a: Dragonite
|-boost|p1a: Dragonite|atk|1
|-boost|p1a: Dragonite|spe|1
|move|p2a: Corviknight|Taunt|p1a: Dragonite
|-start|p1a: Dragonite|move: Taunt
|
|upkeep
|turn|42
|
|t:|1781143426
|move|p1a: Dragonite|Extreme Speed|p2a: Corviknight
|-resisted|p2a: Corviknight
|-damage|p2a: Corviknight|66/100
|-damage|p1a: Dragonite|84/100|[from] item: Rocky Helmet|[of] p2a: Corviknight
|move|p2a: Corviknight|Iron Head|p1a: Dragonite
|-damage|p1a: Dragonite|54/100
|
|upkeep
|turn|43
|
|t:|1781143434
|switch|p1a: Zapdos|Zapdos|100/100
|move|p2a: Corviknight|Iron Head|p1a: Zapdos
|-resisted|p1a: Zapdos
|-damage|p1a: Zapdos|92/100
|
|upkeep
|turn|44
|
|t:|1781143439
|switch|p2a: Ting-Lu|Ting-Lu|76/100
|-ability|p2a: Ting-Lu|Vessel of Ruin
|move|p1a: Zapdos|Hurricane|p2a: Ting-Lu
|-damage|p2a: Ting-Lu|54/100
|
|-heal|p2a: Ting-Lu|61/100|[from] item: Leftovers
|upkeep
|turn|45
|
|t:|1781143445
|move|p1a: Zapdos|Hurricane|p2a: Ting-Lu
|-damage|p2a: Ting-Lu|40/100
|move|p2a: Ting-Lu|Rock Slide|p1a: Zapdos
|-supereffective|p1a: Zapdos
|-damage|p1a: Zapdos|66/100
|
|-heal|p2a: Ting-Lu|46/100|[from] item: Leftovers
|upkeep
|turn|46
|
|t:|1781143453
|move|p1a: Zapdos|Hurricane|p2a: Ting-Lu
|-damage|p2a: Ting-Lu|25/100
|move|p2a: Ting-Lu|Rock Slide|p1a: Zapdos
|-supereffective|p1a: Zapdos
|-damage|p1a: Zapdos|39/100
|
|-heal|p2a: Ting-Lu|31/100|[from] item: Leftovers
|upkeep
|turn|47
|
|t:|1781143459
|move|p1a: Zapdos|Roost|p1a: Zapdos
|-heal|p1a: Zapdos|89/100
|-singleturn|p1a: Zapdos|move: Roost
|move|p2a: Ting-Lu|Earthquake|p1a: Zapdos
|-supereffective|p1a: Zapdos
|-damage|p1a: Zapdos|35/100
|
|-heal|p2a: Ting-Lu|37/100|[from] item: Leftovers
|upkeep
|turn|48
|
|t:|1781143465
|move|p1a: Zapdos|Roost|p1a: Zapdos
|-heal|p1a: Zapdos|86/100
|-singleturn|p1a: Zapdos|move: Roost
|move|p2a: Ting-Lu|Rock Slide|p1a: Zapdos|[miss]
|-miss|p2a: Ting-Lu|p1a: Zapdos
|
|-heal|p2a: Ting-Lu|43/100|[from] item: Leftovers
|upkeep
|turn|49
|
|t:|1781143471
|move|p1a: Zapdos|Hurricane|p2a: Ting-Lu
|-damage|p2a: Ting-Lu|22/100
|move|p2a: Ting-Lu|Rock Slide|p1a: Zapdos
|-supereffective|p1a: Zapdos
|-damage|p1a: Zapdos|60/100
|
|-heal|p2a: Ting-Lu|29/100|[from] item: Leftovers
|upkeep
|turn|50
|
|t:|1781143476
|move|p1a: Zapdos|Roost|p1a: Zapdos
|-heal|p1a: Zapdos|100/100
|-singleturn|p1a: Zapdos|move: Roost
|move|p2a: Ting-Lu|Rock Slide|p1a: Zapdos
|-damage|p1a: Zapdos|87/100
|
|-heal|p2a: Ting-Lu|35/100|[from] item: Leftovers
|upkeep
|turn|51
|
|t:|1781143483
|move|p1a: Zapdos|Hurricane|p2a: Ting-Lu
|-damage|p2a: Ting-Lu|13/100
|-start|p2a: Ting-Lu|confusion
|-activate|p2a: Ting-Lu|confusion
|-damage|p2a: Ting-Lu|8/100|[from] confusion
|
|-heal|p2a: Ting-Lu|15/100|[from] item: Leftovers
|upkeep
|turn|52
|
|t:|1781143488
|switch|p1a: Dragonite|Dragonite, M, tera:Normal|54/100
|-activate|p2a: Ting-Lu|confusion
|move|p2a: Ting-Lu|Rock Slide|p1a: Dragonite
|-damage|p1a: Dragonite|35/100
|
|-heal|p2a: Ting-Lu|21/100|[from] item: Leftovers
|upkeep
|turn|53
|
|t:|1781143493
|move|p1a: Dragonite|Extreme Speed|p2a: Ting-Lu
|-damage|p2a: Ting-Lu|0 fnt
|faint|p2a: Ting-Lu
|
|upkeep
|
|t:|1781143499
|switch|p2a: Conkeldurr|Conkeldurr, M|100/100
|turn|54
|
|t:|1781143507
|switch|p1a: Zapdos|Zapdos|87/100
|move|p2a: Conkeldurr|Knock Off|p1a: Zapdos
|-damage|p1a: Zapdos|60/100
|-enditem|p1a: Zapdos|Heavy-Duty Boots|[from] move: Knock Off|[of] p2a: Conkeldurr
|
|upkeep
|turn|55
|
|t:|1781143512
|switch|p2a: Clefable|Clefable, M|58/100
|move|p1a: Zapdos|Volt Switch|p2a: Clefable
|-damage|p2a: Clefable|40/100
|
|t:|1781143516
|switch|p1a: Dragonite|Dragonite, M, tera:Normal|35/100|[from] Volt Switch
|
|-heal|p2a: Clefable|46/100|[from] item: Leftovers
|upkeep
|turn|56
|
|t:|1781143523
|move|p1a: Dragonite|Roost|p1a: Dragonite
|-heal|p1a: Dragonite|85/100
|move|p2a: Clefable|Wish|p2a: Clefable
|
|-heal|p2a: Clefable|52/100|[from] item: Leftovers
|upkeep
|turn|57
|
|t:|1781143530
|move|p2a: Clefable|Protect|p2a: Clefable
|-singleturn|p2a: Clefable|Protect
|move|p1a: Dragonite|Dragon Dance|p1a: Dragonite
|-boost|p1a: Dragonite|atk|1
|-boost|p1a: Dragonite|spe|1
|
|-heal|p2a: Clefable|100/100|[from] move: Wish|[wisher] Clefable
|upkeep
|turn|58
|
|t:|1781143532
|move|p1a: Dragonite|Roost|p1a: Dragonite
|-heal|p1a: Dragonite|100/100
|move|p2a: Clefable|Cosmic Power|p2a: Clefable
|-boost|p2a: Clefable|def|1
|-boost|p2a: Clefable|spd|1
|
|upkeep
|turn|59
|
|t:|1781143536
|move|p1a: Dragonite|Dragon Dance|p1a: Dragonite
|-boost|p1a: Dragonite|atk|1
|-boost|p1a: Dragonite|spe|1
|move|p2a: Clefable|Cosmic Power|p2a: Clefable
|-boost|p2a: Clefable|def|1
|-boost|p2a: Clefable|spd|1
|
|upkeep
|turn|60
|
|t:|1781143540
|move|p1a: Dragonite|Dragon Dance|p1a: Dragonite
|-boost|p1a: Dragonite|atk|1
|-boost|p1a: Dragonite|spe|1
|move|p2a: Clefable|Cosmic Power|p2a: Clefable
|-boost|p2a: Clefable|def|1
|-boost|p2a: Clefable|spd|1
|
|upkeep
|turn|61
|
|t:|1781143543
|move|p1a: Dragonite|Dragon Dance|p1a: Dragonite
|-boost|p1a: Dragonite|atk|1
|-boost|p1a: Dragonite|spe|1
|move|p2a: Clefable|Moonblast|p1a: Dragonite
|-damage|p1a: Dragonite|83/100
|
|upkeep
|turn|62
|
|t:|1781143547
|move|p1a: Dragonite|Extreme Speed|p2a: Clefable
|-damage|p2a: Clefable|80/100
|move|p2a: Clefable|Moonblast|p1a: Dragonite
|-damage|p1a: Dragonite|51/100
|
|-heal|p2a: Clefable|86/100|[from] item: Leftovers
|upkeep
|turn|63
|
|t:|1781143551
|move|p1a: Dragonite|Roost|p1a: Dragonite
|-heal|p1a: Dragonite|100/100
|move|p2a: Clefable|Moonblast|p1a: Dragonite
|-damage|p1a: Dragonite|83/100
|-unboost|p1a: Dragonite|spa|1
|
|-heal|p2a: Clefable|92/100|[from] item: Leftovers
|upkeep
|turn|64
|
|t:|1781143557
|move|p1a: Dragonite|Earthquake|p2a: Clefable
|-damage|p2a: Clefable|74/100
|move|p2a: Clefable|Moonblast|p1a: Dragonite
|-damage|p1a: Dragonite|47/100
|
|-heal|p2a: Clefable|80/100|[from] item: Leftovers
|upkeep
|turn|65
|
|t:|1781143562
|move|p1a: Dragonite|Roost|p1a: Dragonite
|-heal|p1a: Dragonite|97/100
|move|p2a: Clefable|Moonblast|p1a: Dragonite
|-damage|p1a: Dragonite|66/100
|-unboost|p1a: Dragonite|spa|1
|
|-heal|p2a: Clefable|86/100|[from] item: Leftovers
|upkeep
|turn|66
|
|t:|1781143567
|move|p1a: Dragonite|Roost|p1a: Dragonite
|-heal|p1a: Dragonite|100/100
|move|p2a: Clefable|Moonblast|p1a: Dragonite
|-damage|p1a: Dragonite|84/100
|
|-heal|p2a: Clefable|92/100|[from] item: Leftovers
|upkeep
|turn|67
|
|t:|1781143573
|move|p1a: Dragonite|Earthquake|p2a: Clefable
|-damage|p2a: Clefable|74/100
|move|p2a: Clefable|Moonblast|p1a: Dragonite
|-damage|p1a: Dragonite|51/100
|
|-heal|p2a: Clefable|80/100|[from] item: Leftovers
|upkeep
|turn|68
|
|t:|1781143579
|move|p1a: Dragonite|Roost|p1a: Dragonite
|-heal|p1a: Dragonite|100/100
|move|p2a: Clefable|Moonblast|p1a: Dragonite
|-damage|p1a: Dragonite|84/100
|-unboost|p1a: Dragonite|spa|1
|
|-heal|p2a: Clefable|87/100|[from] item: Leftovers
|upkeep
|turn|69
|
|t:|1781143582
|switch|p1a: Skarmory|Skarmory, M|94/100
|-damage|p1a: Skarmory|82/100|[from] Stealth Rock
|move|p2a: Clefable|Moonblast|p1a: Skarmory
|-resisted|p1a: Skarmory
|-damage|p1a: Skarmory|59/100
|
|-heal|p1a: Skarmory|65/100|[from] item: Leftovers
|-heal|p2a: Clefable|93/100|[from] item: Leftovers
|upkeep
|turn|70
|
|t:|1781143591
|switch|p2a: Corviknight|Corviknight, M|66/100
|move|p1a: Skarmory|Spikes|p2a: Corviknight
|-sidestart|p2: Yujiro-Jamon|Spikes
|
|-heal|p1a: Skarmory|71/100|[from] item: Leftovers
|upkeep
|turn|71
|
|t:|1781143594
|move|p1a: Skarmory|Roost|p1a: Skarmory
|-heal|p1a: Skarmory|100/100
|-singleturn|p1a: Skarmory|move: Roost
|move|p2a: Corviknight|Taunt|p1a: Skarmory
|-start|p1a: Skarmory|move: Taunt
|
|upkeep
|turn|72
|
|t:|1781143598
|switch|p1a: Slowking|Slowking, M|100/100
|move|p2a: Corviknight|Roost|p2a: Corviknight
|-heal|p2a: Corviknight|100/100
|-singleturn|p2a: Corviknight|move: Roost
|
|upkeep
|turn|73
|
|t:|1781143605
|switch|p2a: Clefable|Clefable, M|93/100
|-damage|p2a: Clefable|80/100|[from] Spikes
|move|p1a: Slowking|Future Sight|p2a: Clefable
|-start|p1a: Slowking|move: Future Sight
|
|-heal|p2a: Clefable|86/100|[from] item: Leftovers
|upkeep
|turn|74
|
|t:|1781143610
|switch|p1a: Skarmory|Skarmory, M|100/100
|-damage|p1a: Skarmory|88/100|[from] Stealth Rock
|move|p2a: Clefable|Wish|p2a: Clefable
|
|-heal|p1a: Skarmory|94/100|[from] item: Leftovers
|-heal|p2a: Clefable|92/100|[from] item: Leftovers
|upkeep
|turn|75
|
|t:|1781143617
|move|p2a: Clefable|Protect|p2a: Clefable
|-singleturn|p2a: Clefable|Protect
|move|p1a: Skarmory|Spikes|p2a: Clefable
|-sidestart|p2: Yujiro-Jamon|Spikes
|
|-end|p2a: Clefable|move: Future Sight
|-damage|p2a: Clefable|63/100
|-heal|p2a: Clefable|100/100|[from] move: Wish|[wisher] Clefable
|-heal|p1a: Skarmory|99/100|[from] item: Leftovers
|upkeep
|turn|76
|
|t:|1781143621
|switch|p1a: Zapdos|Zapdos|60/100
|-damage|p1a: Zapdos|35/100|[from] Stealth Rock
|move|p2a: Clefable|Wish|p2a: Clefable
|
|upkeep
|turn|77
|
|t:|1781143629
|move|p1a: Zapdos|Roost|p1a: Zapdos
|-heal|p1a: Zapdos|86/100
|-singleturn|p1a: Zapdos|move: Roost
|move|p2a: Clefable|Moonblast|p1a: Zapdos
|-damage|p1a: Zapdos|56/100
|
|upkeep
|turn|78
|
|t:|1781143632
|move|p1a: Zapdos|Roost|p1a: Zapdos
|-heal|p1a: Zapdos|100/100
|-singleturn|p1a: Zapdos|move: Roost
|move|p2a: Clefable|Wish|p2a: Clefable
|
|upkeep
|turn|79
|
|t:|1781143637
|move|p1a: Zapdos|Volt Switch|p2a: Clefable
|-damage|p2a: Clefable|83/100
|
|t:|1781143640
|switch|p1a: Skarmory|Skarmory, M|99/100|[from] Volt Switch
|-damage|p1a: Skarmory|88/100|[from] Stealth Rock
|move|p2a: Clefable|Moonblast|p1a: Skarmory
|-resisted|p1a: Skarmory
|-damage|p1a: Skarmory|67/100
|
|-heal|p2a: Clefable|100/100|[from] move: Wish|[wisher] Clefable
|-heal|p1a: Skarmory|73/100|[from] item: Leftovers
|upkeep
|turn|80
|
|t:|1781143644
|move|p1a: Skarmory|Body Press|p2a: Clefable
|-resisted|p2a: Clefable
|-damage|p2a: Clefable|82/100
|move|p2a: Clefable|Wish|p2a: Clefable
|
|-heal|p1a: Skarmory|79/100|[from] item: Leftovers
|-heal|p2a: Clefable|88/100|[from] item: Leftovers
|upkeep
|turn|81
|
|t:|1781143649
|switch|p2a: Deoxys|Deoxys-Speed, tera:Electric|79/100
|-damage|p2a: Deoxys|62/100|[from] Spikes
|-ability|p2a: Deoxys|Pressure
|move|p1a: Skarmory|Spikes|p2a: Deoxys
|-sidestart|p2: Yujiro-Jamon|Spikes
|
|-heal|p2a: Deoxys|100/100|[from] move: Wish|[wisher] Clefable
|-heal|p1a: Skarmory|85/100|[from] item: Leftovers
|upkeep
|turn|82
|
|t:|1781143657
|switch|p1a: Dragonite|Dragonite, M, tera:Normal|84/100
|move|p2a: Deoxys|Thunderbolt|p1a: Dragonite
|-damage|p1a: Dragonite|42/100
|
|upkeep
|turn|83
|
|t:|1781143664
|switch|p2a: Corviknight|Corviknight, M|100/100
|move|p1a: Dragonite|Extreme Speed|p2a: Corviknight
|-resisted|p2a: Corviknight
|-damage|p2a: Corviknight|87/100
|-damage|p1a: Dragonite|26/100|[from] item: Rocky Helmet|[of] p2a: Corviknight
|
|upkeep
|turn|84
|
|t:|1781143667
|switch|p1a: Slowking|Slowking, M|100/100
|move|p2a: Corviknight|Defog|p1a: Slowking
|-unboost|p1a: Slowking|evasion|1
|-sideend|p1: KurisuChestnutLab|Spikes|[from] move: Defog|[of] p2a: Corviknight
|-sideend|p1: KurisuChestnutLab|Stealth Rock|[from] move: Defog|[of] p2a: Corviknight
|-sideend|p2: Yujiro-Jamon|Spikes|[from] move: Defog|[of] p2a: Corviknight
|
|upkeep
|turn|85
|
|t:|1781143674
|switch|p2a: Clefable|Clefable, M|88/100
|move|p1a: Slowking|Scald|p2a: Clefable
|-damage|p2a: Clefable|69/100
|-status|p2a: Clefable|brn
|
|-heal|p2a: Clefable|75/100 brn|[from] item: Leftovers
|-damage|p2a: Clefable|69/100 brn|[from] brn
|upkeep
|turn|86
|
|t:|1781143679
|move|p2a: Clefable|Wish|p2a: Clefable
|move|p1a: Slowking|Scald|p2a: Clefable
|-damage|p2a: Clefable|49/100 brn
|
|-heal|p2a: Clefable|55/100 brn|[from] item: Leftovers
|-damage|p2a: Clefable|49/100 brn|[from] brn
|upkeep
|turn|87
|
|t:|1781143691
|switch|p2a: Deoxys|Deoxys-Speed, tera:Electric|100/100
|-ability|p2a: Deoxys|Pressure
|move|p1a: Slowking|Scald|p2a: Deoxys
|-damage|p2a: Deoxys|65/100
|
|-heal|p2a: Deoxys|100/100|[from] move: Wish|[wisher] Clefable
|upkeep
|turn|88
|
|t:|1781143694
|move|p2a: Deoxys|Nasty Plot|p2a: Deoxys
|-boost|p2a: Deoxys|spa|2
|move|p1a: Slowking|Future Sight|p2a: Deoxys
|-start|p1a: Slowking|move: Future Sight
|
|upkeep
|turn|89
|
|t:|1781143697
|move|p2a: Deoxys|Thunderbolt|p1a: Slowking
|-supereffective|p1a: Slowking
|-damage|p1a: Slowking|2/100
|move|p1a: Slowking|Scald|p2a: Deoxys
|-damage|p2a: Deoxys|65/100
|
|-heal|p2a: Deoxys|71/100|[from] item: Leftovers
|upkeep
|turn|90
|
|t:|1781143708
|move|p2a: Deoxys|Ice Beam|p1a: Slowking
|-resisted|p1a: Slowking
|-damage|p1a: Slowking|0 fnt
|faint|p1a: Slowking
|
|-end|p2a: Deoxys|move: Future Sight
|-damage|p2a: Deoxys|24/100
|-heal|p2a: Deoxys|30/100|[from] item: Leftovers
|upkeep
|
|t:|1781143714
|switch|p1a: Dragonite|Dragonite, M, tera:Normal|26/100
|turn|91
|
|t:|1781143717
|switch|p2a: Corviknight|Corviknight, M|87/100
|move|p1a: Dragonite|Extreme Speed|p2a: Corviknight
|-resisted|p2a: Corviknight
|-damage|p2a: Corviknight|72/100
|-damage|p1a: Dragonite|9/100|[from] item: Rocky Helmet|[of] p2a: Corviknight
|
|upkeep
|turn|92
|
|t:|1781143722
|switch|p1a: Zapdos|Zapdos|100/100
|move|p2a: Corviknight|Iron Head|p1a: Zapdos
|-resisted|p1a: Zapdos
|-damage|p1a: Zapdos|92/100
|-status|p2a: Corviknight|par|[from] ability: Static|[of] p1a: Zapdos
|
|upkeep
|turn|93
|
|t:|1781143727
|switch|p2a: Clefable|Clefable, M|49/100 brn
|move|p1a: Zapdos|Heat Wave|p2a: Clefable
|-damage|p2a: Clefable|32/100 brn
|
|-heal|p2a: Clefable|39/100 brn|[from] item: Leftovers
|-damage|p2a: Clefable|32/100 brn|[from] brn
|upkeep
|turn|94
|
|t:|1781143730
|move|p1a: Zapdos|Volt Switch|p2a: Clefable
|-damage|p2a: Clefable|12/100 brn
|
|t:|1781143734
|switch|p1a: Skarmory|Skarmory, M|85/100|[from] Volt Switch
|move|p2a: Clefable|Wish|p2a: Clefable
|
|-heal|p1a: Skarmory|91/100|[from] item: Leftovers
|-heal|p2a: Clefable|19/100 brn|[from] item: Leftovers
|-damage|p2a: Clefable|12/100 brn|[from] brn
|upkeep
|turn|95
|
|t:|1781143743
|move|p2a: Clefable|Protect|p2a: Clefable
|-singleturn|p2a: Clefable|Protect
|move|p1a: Skarmory|Spikes|p2a: Clefable
|-sidestart|p2: Yujiro-Jamon|Spikes
|
|-heal|p2a: Clefable|62/100 brn|[from] move: Wish|[wisher] Clefable
|-heal|p1a: Skarmory|97/100|[from] item: Leftovers
|-heal|p2a: Clefable|69/100 brn|[from] item: Leftovers
|-damage|p2a: Clefable|62/100 brn|[from] brn
|upkeep
|turn|96
|
|t:|1781143750
|move|p1a: Skarmory|Body Press|p2a: Clefable
|-resisted|p2a: Clefable
|-damage|p2a: Clefable|43/100 brn
|move|p2a: Clefable|Wish|p2a: Clefable
|
|-heal|p1a: Skarmory|100/100|[from] item: Leftovers
|-heal|p2a: Clefable|49/100 brn|[from] item: Leftovers
|-damage|p2a: Clefable|43/100 brn|[from] brn
|upkeep
|turn|97
|
|t:|1781143755
|move|p2a: Clefable|Protect|p2a: Clefable
|-singleturn|p2a: Clefable|Protect
|move|p1a: Skarmory|Body Press|p2a: Clefable
|-activate|p2a: Clefable|move: Protect
|
|-heal|p2a: Clefable|93/100 brn|[from] move: Wish|[wisher] Clefable
|-heal|p2a: Clefable|99/100 brn|[from] item: Leftovers
|-damage|p2a: Clefable|93/100 brn|[from] brn
|upkeep
|turn|98
|
|t:|1781143758
|switch|p2a: Corviknight|Corviknight, M|72/100 par
|move|p1a: Skarmory|Body Press|p2a: Corviknight
|-damage|p2a: Corviknight|53/100 par
|-damage|p1a: Skarmory|84/100|[from] item: Rocky Helmet|[of] p2a: Corviknight
|
|-heal|p1a: Skarmory|90/100|[from] item: Leftovers
|upkeep
|turn|99
|
|t:|1781143765
|switch|p1a: Zapdos|Zapdos|92/100
|move|p2a: Corviknight|Defog|p1a: Zapdos
|-unboost|p1a: Zapdos|evasion|1
|-sideend|p2: Yujiro-Jamon|Spikes|[from] move: Defog|[of] p2a: Corviknight
|
|upkeep
|turn|100
|
|t:|1781143770
|switch|p2a: Clefable|Clefable, M|93/100 brn
|move|p1a: Zapdos|Heat Wave|p2a: Clefable
|-damage|p2a: Clefable|74/100 brn
|
|-heal|p2a: Clefable|80/100 brn|[from] item: Leftovers
|-damage|p2a: Clefable|74/100 brn|[from] brn
|upkeep
|turn|101
|
|t:|1781143777
|move|p1a: Zapdos|Volt Switch|p2a: Clefable
|-damage|p2a: Clefable|54/100 brn
|
|t:|1781143780
|switch|p1a: Skarmory|Skarmory, M|90/100|[from] Volt Switch
|move|p2a: Clefable|Wish|p2a: Clefable
|
|-heal|p1a: Skarmory|96/100|[from] item: Leftovers
|-heal|p2a: Clefable|60/100 brn|[from] item: Leftovers
|-damage|p2a: Clefable|54/100 brn|[from] brn
|upkeep
|turn|102
|
|t:|1781143785
|switch|p2a: Deoxys|Deoxys-Speed, tera:Electric|30/100
|-ability|p2a: Deoxys|Pressure
|move|p1a: Skarmory|Body Press|p2a: Deoxys
|-damage|p2a: Deoxys|0 fnt
|faint|p2a: Deoxys
|
|-heal|p1a: Skarmory|100/100|[from] item: Leftovers
|upkeep
|
|t:|1781143794
|switch|p2a: Blaziken|Blaziken, M|100/100
|turn|103
|
|t:|1781143798
|switch|p1a: Dragonite|Dragonite, M, tera:Normal|9/100
|move|p2a: Blaziken|Protect||[still]
|-fail|p2a: Blaziken
|
|-ability|p2a: Blaziken|Speed Boost|boost
|-boost|p2a: Blaziken|spe|1
|upkeep
|turn|104
|
|t:|1781143801
|switch|p2a: Corviknight|Corviknight, M|53/100 par
|move|p1a: Dragonite|Dragon Dance|p1a: Dragonite
|-boost|p1a: Dragonite|atk|1
|-boost|p1a: Dragonite|spe|1
|
|upkeep
|turn|105
|
|t:|1781143808
|switch|p1a: Zapdos|Zapdos|92/100
|switch|p2a: Conkeldurr|Conkeldurr, M|100/100
|
|upkeep
|turn|106
|
|t:|1781143811
|switch|p2a: Clefable|Clefable, M|54/100 brn
|move|p1a: Zapdos|Hurricane|p2a: Clefable|[miss]
|-miss|p1a: Zapdos|p2a: Clefable
|
|-heal|p2a: Clefable|60/100 brn|[from] item: Leftovers
|-damage|p2a: Clefable|54/100 brn|[from] brn
|upkeep
|turn|107
|
|t:|1781143817
|move|p1a: Zapdos|Volt Switch|p2a: Clefable
|-damage|p2a: Clefable|35/100 brn
|
|t:|1781143823
|switch|p1a: Skarmory|Skarmory, M|100/100|[from] Volt Switch
|move|p2a: Clefable|Wish|p2a: Clefable
|
|-heal|p2a: Clefable|41/100 brn|[from] item: Leftovers
|-damage|p2a: Clefable|35/100 brn|[from] brn
|upkeep
|turn|108
|
|t:|1781143830
|switch|p2a: Corviknight|Corviknight, M|53/100 par
|move|p1a: Skarmory|Spikes|p2a: Corviknight
|-sidestart|p2: Yujiro-Jamon|Spikes
|
|-heal|p2a: Corviknight|100/100 par|[from] move: Wish|[wisher] Clefable
|upkeep
|turn|109
|
|t:|1781143834
|switch|p1a: Zapdos|Zapdos|92/100
|switch|p2a: Blaziken|Blaziken, M|100/100
|-damage|p2a: Blaziken|88/100|[from] Spikes
|
|-heal|p2a: Blaziken|94/100|[from] item: Leftovers
|upkeep
|turn|110
|
|t:|1781143838
|move|p2a: Blaziken|Swords Dance|p2a: Blaziken
|-boost|p2a: Blaziken|atk|2
|move|p1a: Zapdos|Volt Switch|p2a: Blaziken
|-damage|p2a: Blaziken|49/100
|
|t:|1781143843
|switch|p1a: Skarmory|Skarmory, M|100/100|[from] Volt Switch
|
|-heal|p2a: Blaziken|54/100|[from] item: Leftovers
|-ability|p2a: Blaziken|Speed Boost|boost
|-boost|p2a: Blaziken|spe|1
|upkeep
|turn|111
|
|t:|1781143849
|move|p2a: Blaziken|Flare Blitz|p1a: Skarmory
|-supereffective|p1a: Skarmory
|-ability|p1a: Skarmory|Sturdy
|-damage|p1a: Skarmory|1/100
|-damage|p2a: Blaziken|18/100|[from] Recoil
|move|p1a: Skarmory|Body Press|p2a: Blaziken
|-damage|p2a: Blaziken|0 fnt
|faint|p2a: Blaziken
|
|-heal|p1a: Skarmory|7/100|[from] item: Leftovers
|upkeep
|
|t:|1781143855
|switch|p2a: Conkeldurr|Conkeldurr, M|100/100
|-damage|p2a: Conkeldurr|88/100|[from] Spikes
|turn|112
|
|t:|1781143861
|switch|p1a: Zapdos|Zapdos|92/100
|move|p2a: Conkeldurr|Mach Punch|p1a: Zapdos
|-resisted|p1a: Zapdos
|-damage|p1a: Zapdos|83/100
|
|upkeep
|turn|113
|
|t:|1781143867
|move|p1a: Zapdos|Heat Wave|p2a: Conkeldurr|[miss]
|-miss|p1a: Zapdos|p2a: Conkeldurr
|move|p2a: Conkeldurr|Ice Punch|p1a: Zapdos
|-supereffective|p1a: Zapdos
|-damage|p1a: Zapdos|40/100
|-status|p2a: Conkeldurr|par|[from] ability: Static|[of] p1a: Zapdos
|
|upkeep
|turn|114
|
|t:|1781143872
|move|p1a: Zapdos|Roost|p1a: Zapdos
|-heal|p1a: Zapdos|90/100
|-singleturn|p1a: Zapdos|move: Roost
|move|p2a: Conkeldurr|Ice Punch|p1a: Zapdos
|-crit|p1a: Zapdos
|-damage|p1a: Zapdos|42/100
|
|upkeep
|turn|115
|
|t:|1781143875
|move|p1a: Zapdos|Roost|p1a: Zapdos
|-heal|p1a: Zapdos|92/100
|-singleturn|p1a: Zapdos|move: Roost
|move|p2a: Conkeldurr|Drain Punch|p1a: Zapdos
|-damage|p1a: Zapdos|39/100
|-heal|p2a: Conkeldurr|100/100 par|[from] drain|[of] p1a: Zapdos
|
|upkeep
|turn|116
|
|t:|1781143880
|move|p1a: Zapdos|Volt Switch|p2a: Conkeldurr
|-damage|p2a: Conkeldurr|77/100 par
|
|t:|1781143887
|switch|p1a: Dragonite|Dragonite, M, tera:Normal|9/100|[from] Volt Switch
|move|p2a: Conkeldurr|Drain Punch|p1a: Dragonite
|-supereffective|p1a: Dragonite
|-damage|p1a: Dragonite|0 fnt
|-heal|p2a: Conkeldurr|81/100 par|[from] drain|[of] p1a: Dragonite
|faint|p1a: Dragonite
|
|upkeep
|
|t:|1781143893
|switch|p1a: Skarmory|Skarmory, M|7/100
|turn|117
|
|t:|1781143900
|switch|p1a: Zapdos|Zapdos|39/100
|move|p2a: Conkeldurr|Mach Punch|p1a: Zapdos
|-resisted|p1a: Zapdos
|-damage|p1a: Zapdos|26/100
|
|upkeep
|turn|118
|
|t:|1781143905
|move|p1a: Zapdos|Heat Wave|p2a: Conkeldurr
|-damage|p2a: Conkeldurr|61/100 par
|cant|p2a: Conkeldurr|par
|
|upkeep
|turn|119
|
|t:|1781143908
|move|p1a: Zapdos|Heat Wave|p2a: Conkeldurr
|-damage|p2a: Conkeldurr|40/100 par
|cant|p2a: Conkeldurr|par
|
|upkeep
|turn|120
|
|t:|1781143914
|move|p1a: Zapdos|Heat Wave|p2a: Conkeldurr
|-damage|p2a: Conkeldurr|20/100 par
|move|p2a: Conkeldurr|Ice Punch|p1a: Zapdos
|-supereffective|p1a: Zapdos
|-damage|p1a: Zapdos|0 fnt
|faint|p1a: Zapdos
|
|upkeep
|
|t:|1781143917
|switch|p1a: Skarmory|Skarmory, M|7/100
|turn|121
|
|t:|1781143922
|move|p2a: Conkeldurr|Mach Punch|p1a: Skarmory
|-damage|p1a: Skarmory|0 fnt
|faint|p1a: Skarmory
|
|win|Yujiro-Jamon
|raw|KurisuChestnutLab's rating: 1573 &rarr; <strong>1548</strong><br />(-25 for losing)
|raw|Yujiro-Jamon's rating: 1491 &rarr; <strong>1516</strong><br />(+25 for winning)
