|badge|p2|bronze|gen9ou|100-9
|uhtml|medal-msg|<div class="broadcast-blue">Curious what those medals under the avatar are? PS now has Ladder Seasons! For more information, check out the <a href="https://www.smogon.com/forums/threads/3740067/">thread on Smogon.</a></div>
|j|☆adil
|j|☆Auburn Hills
|t:|1781564255
|gametype|singles
|player|p1|adil|265|1688
|player|p2|Auburn Hills|alder|1770
|gen|9
|tier|[Gen 9] OU
|rated|
|rule|HP Percentage Mod: HP is shown in percentages
|rule|Endless Battle Clause: Forcing endless battles is banned
|rule|Species Clause: Limit one of each Pokémon
|rule|OHKO Clause: OHKO moves are banned
|rule|Evasion Items Clause: Evasion items are banned
|rule|Evasion Moves Clause: Evasion moves are banned
|rule|Evasion Abilities Clause: Evasion abilities are banned
|rule|Sleep Moves Clause: Sleep-inducing moves are banned
|clearpoke
|poke|p1|Ceruledge, F|
|poke|p1|Samurott-Hisui, F|
|poke|p1|Iron Valiant|
|poke|p1|Iron Treads|
|poke|p1|Hatterene, F|
|poke|p1|Pecharunt|
|poke|p2|Iron Moth|
|poke|p2|Umbreon, F|
|poke|p2|Garchomp, M|
|poke|p2|Glimmora, M|
|poke|p2|Gholdengo|
|poke|p2|Dragonite, M|
|teampreview
|inactive|Battle timer is ON: inactive players will automatically lose when time's up. (requested by adil)
|
|t:|1781564266
|teamsize|p1|6
|teamsize|p2|6
|start
|switch|p1a: Samurott|Samurott-Hisui, F|100/100
|switch|p2a: Glimmora|Glimmora, M|100/100
|turn|1
|j| Golem Rising
|
|t:|1781564272
|move|p2a: Glimmora|Sludge Wave|p1a: Samurott
|-damage|p1a: Samurott|67/100
|move|p1a: Samurott|Flip Turn|p2a: Glimmora
|-supereffective|p2a: Glimmora
|-damage|p2a: Glimmora|30/100
|-activate|p2a: Glimmora|ability: Toxic Debris
|-sidestart|p1: adil|move: Toxic Spikes
|
|t:|1781564274
|switch|p1a: Iron Treads|Iron Treads|100/100|[from] Flip Turn
|-enditem|p1a: Iron Treads|Booster Energy
|-activate|p1a: Iron Treads|ability: Quark Drive|[fromitem]
|-start|p1a: Iron Treads|quarkdrivespe
|
|upkeep
|turn|2
|
|t:|1781564280
|move|p1a: Iron Treads|Stealth Rock|p2a: Glimmora
|-sidestart|p2: Auburn Hills|move: Stealth Rock
|move|p2a: Glimmora|Earth Power|p1a: Iron Treads
|-supereffective|p1a: Iron Treads
|-damage|p1a: Iron Treads|9/100
|
|upkeep
|turn|3
|
|t:|1781564289
|move|p1a: Iron Treads|Earthquake|p2a: Glimmora
|-supereffective|p2a: Glimmora
|-damage|p2a: Glimmora|0 fnt
|-activate|p2a: Glimmora|ability: Toxic Debris
|-sidestart|p1: adil|move: Toxic Spikes
|faint|p2a: Glimmora
|
|upkeep
|
|t:|1781564292
|switch|p2a: Carly Rae|Iron Moth|100/100
|-damage|p2a: Carly Rae|76/100|[from] Stealth Rock
|-enditem|p2a: Carly Rae|Booster Energy
|-activate|p2a: Carly Rae|ability: Quark Drive|[fromitem]
|-start|p2a: Carly Rae|quarkdrivespe
|turn|4
|
|t:|1781564306
|move|p2a: Carly Rae|Fiery Dance|p1a: Iron Treads
|-supereffective|p1a: Iron Treads
|-damage|p1a: Iron Treads|0 fnt
|-boost|p2a: Carly Rae|spa|1
|faint|p1a: Iron Treads
|-end|p1a: Iron Treads|Quark Drive|[silent]
|
|upkeep
|
|t:|1781564310
|switch|p1a: Ceruledge|Ceruledge, F|100/100
|-status|p1a: Ceruledge|tox
|turn|5
|
|t:|1781564322
|move|p2a: Carly Rae|Discharge|p1a: Ceruledge
|-damage|p1a: Ceruledge|54/100 tox
|move|p1a: Ceruledge|Bitter Blade|p2a: Carly Rae
|-resisted|p2a: Carly Rae
|-damage|p2a: Carly Rae|37/100
|-heal|p1a: Ceruledge|74/100 tox|[from] drain|[of] p2a: Carly Rae
|
|-damage|p1a: Ceruledge|68/100 tox|[from] psn
|upkeep
|turn|6
|
|t:|1781564329
|move|p2a: Carly Rae|Morning Sun|p2a: Carly Rae
|-heal|p2a: Carly Rae|87/100
|move|p1a: Ceruledge|Bitter Blade|p2a: Carly Rae
|-resisted|p2a: Carly Rae
|-crit|p2a: Carly Rae
|-damage|p2a: Carly Rae|29/100
|-heal|p1a: Ceruledge|97/100 tox|[from] drain|[of] p2a: Carly Rae
|
|-damage|p1a: Ceruledge|85/100 tox|[from] psn
|upkeep
|turn|7
|
|t:|1781564336
|move|p2a: Carly Rae|Morning Sun|p2a: Carly Rae
|-heal|p2a: Carly Rae|79/100
|move|p1a: Ceruledge|Bitter Blade|p2a: Carly Rae
|-resisted|p2a: Carly Rae
|-damage|p2a: Carly Rae|46/100
|-heal|p1a: Ceruledge|100/100 tox|[from] drain|[of] p2a: Carly Rae
|
|-damage|p1a: Ceruledge|82/100 tox|[from] psn
|upkeep
|turn|8
|
|t:|1781564338
|move|p2a: Carly Rae|Morning Sun|p2a: Carly Rae
|-heal|p2a: Carly Rae|96/100
|move|p1a: Ceruledge|Bitter Blade|p2a: Carly Rae
|-resisted|p2a: Carly Rae
|-damage|p2a: Carly Rae|59/100
|-heal|p1a: Ceruledge|100/100 tox|[from] drain|[of] p2a: Carly Rae
|
|-damage|p1a: Ceruledge|76/100 tox|[from] psn
|upkeep
|turn|9
|
|t:|1781564341
|move|p2a: Carly Rae|Morning Sun|p2a: Carly Rae
|-heal|p2a: Carly Rae|100/100
|move|p1a: Ceruledge|Bitter Blade|p2a: Carly Rae
|-resisted|p2a: Carly Rae
|-damage|p2a: Carly Rae|67/100
|-heal|p1a: Ceruledge|93/100 tox|[from] drain|[of] p2a: Carly Rae
|
|-damage|p1a: Ceruledge|62/100 tox|[from] psn
|upkeep
|turn|10
|
|t:|1781564344
|move|p2a: Carly Rae|Morning Sun|p2a: Carly Rae
|-heal|p2a: Carly Rae|100/100
|move|p1a: Ceruledge|Bitter Blade|p2a: Carly Rae
|-resisted|p2a: Carly Rae
|-damage|p2a: Carly Rae|66/100
|-heal|p1a: Ceruledge|80/100 tox|[from] drain|[of] p2a: Carly Rae
|
|-damage|p1a: Ceruledge|43/100 tox|[from] psn
|upkeep
|turn|11
|
|t:|1781564353
|move|p2a: Carly Rae|Morning Sun|p2a: Carly Rae
|-heal|p2a: Carly Rae|100/100
|move|p1a: Ceruledge|Bitter Blade|p2a: Carly Rae
|-resisted|p2a: Carly Rae
|-damage|p2a: Carly Rae|63/100
|-heal|p1a: Ceruledge|62/100 tox|[from] drain|[of] p2a: Carly Rae
|
|-damage|p1a: Ceruledge|19/100 tox|[from] psn
|upkeep
|turn|12
|
|t:|1781564361
|move|p1a: Ceruledge|Shadow Sneak|p2a: Carly Rae
|-damage|p2a: Carly Rae|33/100
|move|p2a: Carly Rae|Discharge|p1a: Ceruledge
|-damage|p1a: Ceruledge|0 fnt
|faint|p1a: Ceruledge
|
|upkeep
|
|t:|1781564367
|switch|p1a: Iron Valiant|Iron Valiant|100/100
|-status|p1a: Iron Valiant|tox
|-enditem|p1a: Iron Valiant|Booster Energy
|-activate|p1a: Iron Valiant|ability: Quark Drive|[fromitem]
|-start|p1a: Iron Valiant|quarkdrivespe
|turn|13
|
|t:|1781564371
|-terastallize|p1a: Iron Valiant|Ghost
|move|p1a: Iron Valiant|Shadow Ball|p2a: Carly Rae
|-damage|p2a: Carly Rae|0 fnt
|faint|p2a: Carly Rae
|-end|p2a: Carly Rae|Quark Drive|[silent]
|
|-damage|p1a: Iron Valiant|94/100 tox|[from] psn
|upkeep
|
|t:|1781564379
|switch|p2a: Alvvays|Umbreon, F|100/100
|-damage|p2a: Alvvays|88/100|[from] Stealth Rock
|turn|14
|
|t:|1781564383
|-end|p1a: Iron Valiant|Quark Drive|[silent]
|switch|p1a: Pecharunt|Pecharunt|100/100
|-item|p1a: Pecharunt|Air Balloon
|move|p2a: Alvvays|Foul Play|p1a: Pecharunt
|-supereffective|p1a: Pecharunt
|-damage|p1a: Pecharunt|72/100
|-enditem|p1a: Pecharunt|Air Balloon
|
|-heal|p2a: Alvvays|94/100|[from] item: Leftovers
|upkeep
|turn|15
|
|t:|1781564390
|move|p1a: Pecharunt|Malignant Chain|p2a: Alvvays
|-damage|p2a: Alvvays|78/100
|move|p2a: Alvvays|Foul Play|p1a: Pecharunt
|-supereffective|p1a: Pecharunt
|-damage|p1a: Pecharunt|46/100
|
|-heal|p2a: Alvvays|84/100|[from] item: Leftovers
|upkeep
|turn|16
|
|t:|1781564396
|move|p1a: Pecharunt|Recover|p1a: Pecharunt
|-heal|p1a: Pecharunt|96/100
|move|p2a: Alvvays|Thunder Wave|p1a: Pecharunt
|-status|p1a: Pecharunt|par
|
|-heal|p2a: Alvvays|90/100|[from] item: Leftovers
|upkeep
|turn|17
|
|t:|1781564399
|switch|p2a: Smino|Gholdengo|100/100
|-damage|p2a: Smino|94/100|[from] Stealth Rock
|switch|p1a: Iron Valiant|Iron Valiant, tera:Ghost|94/100 tox
|
|-damage|p1a: Iron Valiant|88/100 tox|[from] psn
|upkeep
|turn|18
|
|t:|1781564402
|move|p2a: Smino|Shadow Ball|p1a: Iron Valiant
|-supereffective|p1a: Iron Valiant
|-damage|p1a: Iron Valiant|0 fnt
|faint|p1a: Iron Valiant
|-end|p1a: Iron Valiant|Quark Drive|[silent]
|
|upkeep
|
|t:|1781564404
|switch|p1a: Samurott|Samurott-Hisui, F|67/100
|-status|p1a: Samurott|tox
|turn|19
|
|t:|1781564408
|switch|p2a: Alvvays|Umbreon, F|90/100
|-damage|p2a: Alvvays|78/100|[from] Stealth Rock
|move|p1a: Samurott|Razor Shell|p2a: Alvvays
|-damage|p2a: Alvvays|36/100
|
|-heal|p2a: Alvvays|42/100|[from] item: Leftovers
|-damage|p1a: Samurott|61/100 tox|[from] psn
|upkeep
|turn|20
|
|t:|1781564411
|move|p2a: Alvvays|Protect|p2a: Alvvays
|-singleturn|p2a: Alvvays|Protect
|move|p1a: Samurott|Razor Shell|p2a: Alvvays
|-activate|p2a: Alvvays|move: Protect
|
|-heal|p2a: Alvvays|49/100|[from] item: Leftovers
|-damage|p1a: Samurott|49/100 tox|[from] psn
|upkeep
|turn|21
|
|t:|1781564413
|move|p1a: Samurott|Knock Off|p2a: Alvvays
|-resisted|p2a: Alvvays
|-damage|p2a: Alvvays|31/100
|-enditem|p2a: Alvvays|Leftovers|[from] move: Knock Off|[of] p1a: Samurott
|move|p2a: Alvvays|Wish|p2a: Alvvays
|
|-damage|p1a: Samurott|31/100 tox|[from] psn
|upkeep
|turn|22
|
|t:|1781564416
|switch|p1a: Pecharunt|Pecharunt|96/100 par
|-sideend|p1: adil|move: Toxic Spikes|[of] p1a: Pecharunt
|move|p2a: Alvvays|Protect||[still]
|-fail|p2a: Alvvays
|
|-heal|p2a: Alvvays|81/100|[from] move: Wish|[wisher] Alvvays
|upkeep
|turn|23
|
|t:|1781564420
|switch|p2a: Smino|Gholdengo|94/100
|-damage|p2a: Smino|88/100|[from] Stealth Rock
|switch|p1a: Hatterene|Hatterene, F|100/100
|
|upkeep
|turn|24
|
|t:|1781564424
|move|p2a: Smino|Shadow Ball|p1a: Hatterene
|-supereffective|p1a: Hatterene
|-damage|p1a: Hatterene|15/100
|move|p1a: Hatterene|Pain Split|p2a: Smino
|-immune|p2a: Smino|[from] ability: Good as Gold
|
|upkeep
|turn|25
|
|t:|1781564431
|switch|p1a: Samurott|Samurott-Hisui, F|31/100 tox
|move|p2a: Smino|Shadow Ball|p1a: Samurott
|-resisted|p1a: Samurott
|-damage|p1a: Samurott|17/100 tox
|
|-damage|p1a: Samurott|11/100 tox|[from] psn
|upkeep
|turn|26
|l|☆adil
|inactive|adil disconnected and has a minute to reconnect!
|player|p1|
|inactive|adil has 30 seconds to reconnect!
|inactive|adil has 20 seconds to reconnect!
|inactive|adil has 15 seconds to reconnect!
|inactive|adil has 10 seconds to reconnect!
|inactive|adil has 5 seconds to reconnect!
|-message|adil lost due to inactivity.
|
|win|Auburn Hills
|raw|adil's rating: 1688 &rarr; <strong>1673</strong><br />(-15 for losing)
|raw|Auburn Hills's rating: 1770 &rarr; <strong>1785</strong><br />(+15 for winning)
|l| Golem Rising
