|j|☆kennojex
|j|☆nyanpekka
|t:|1781206917
|gametype|singles
|player|p1|kennojex|lucas|1600
|player|p2|nyanpekka|sonia-professor|1581
|gen|9
|tier|[Gen 9] OU
|rated|
|rule|HP Percentage Mod: HP is shown in percentages
|rule|Endless Battle Clause: Forcing endless battles is banned
|rule|Species Clause: Limit one of each Pokémon
|rule|OHKO Clause: OHKO moves are banned
|rule|Evasion Items Clause: Evasion items are banned
|rule|Evasion Moves Clause: Evasion moves are banned
|rule|Evasion Abilities Clause: Evasion abilities are banned
|rule|Sleep Moves Clause: Sleep-inducing moves are banned
|clearpoke
|poke|p1|Grimmsnarl, M|
|poke|p1|Garganacl, F|
|poke|p1|Manaphy|
|poke|p1|Latias, F|
|poke|p1|Corviknight, M|
|poke|p1|Iron Moth|
|poke|p2|Hoopa-Unbound|
|poke|p2|Alomomola, F|
|poke|p2|Pecharunt|
|poke|p2|Iron Valiant|
|poke|p2|Cinderace, F|
|poke|p2|Landorus-Therian, M|
|teampreview
|
|t:|1781206936
|teamsize|p1|6
|teamsize|p2|6
|start
|switch|p1a: Grimmsnarl|Grimmsnarl, M|100/100
|switch|p2a: Pecharunt|Pecharunt|100/100
|turn|1
|inactive|Battle timer is ON: inactive players will automatically lose when time's up. (requested by nyanpekka)
|
|t:|1781206960
|move|p1a: Grimmsnarl|Parting Shot|p2a: Pecharunt
|-unboost|p2a: Pecharunt|atk|1
|-unboost|p2a: Pecharunt|spa|1
|
|t:|1781206962
|switch|p1a: Garganacl|Garganacl, F|100/100|[from] Parting Shot
|move|p2a: Pecharunt|Malignant Chain|p1a: Garganacl
|-resisted|p1a: Garganacl
|-damage|p1a: Garganacl|94/100
|
|-heal|p1a: Garganacl|99/100|[from] item: Leftovers
|upkeep
|turn|2
|
|t:|1781206967
|move|p2a: Pecharunt|Parting Shot|p1a: Garganacl
|-unboost|p1a: Garganacl|atk|1
|-unboost|p1a: Garganacl|spa|1
|
|t:|1781206975
|switch|p2a: Landorus|Landorus-Therian, M|100/100|[from] Parting Shot
|-ability|p2a: Landorus|Intimidate|boost
|-unboost|p1a: Garganacl|atk|1
|move|p1a: Garganacl|Salt Cure|p2a: Landorus
|-damage|p2a: Landorus|93/100
|-start|p2a: Landorus|Salt Cure
|
|-heal|p1a: Garganacl|100/100|[from] item: Leftovers
|-damage|p2a: Landorus|80/100|[from] Salt Cure
|upkeep
|turn|3
|
|t:|1781206982
|move|p2a: Landorus|U-turn|p1a: Garganacl
|-damage|p1a: Garganacl|84/100
|
|t:|1781206986
|switch|p2a: Iron Valiant|Iron Valiant|100/100|[from] U-turn
|move|p1a: Garganacl|Iron Defense|p1a: Garganacl
|-boost|p1a: Garganacl|def|2
|
|-heal|p1a: Garganacl|90/100|[from] item: Leftovers
|upkeep
|turn|4
|
|t:|1781206996
|move|p2a: Iron Valiant|Moonblast|p1a: Garganacl
|-damage|p1a: Garganacl|43/100
|move|p1a: Garganacl|Salt Cure|p2a: Iron Valiant
|-resisted|p2a: Iron Valiant
|-damage|p2a: Iron Valiant|96/100
|-start|p2a: Iron Valiant|Salt Cure
|
|-heal|p1a: Garganacl|49/100|[from] item: Leftovers
|-damage|p2a: Iron Valiant|84/100|[from] Salt Cure
|upkeep
|turn|5
|
|t:|1781207004
|-end|p2a: Iron Valiant|Quark Drive|[silent]
|switch|p2a: Cinderace|Cinderace, F|100/100
|move|p1a: Garganacl|Recover|p1a: Garganacl
|-heal|p1a: Garganacl|99/100
|
|-heal|p1a: Garganacl|100/100|[from] item: Leftovers
|upkeep
|turn|6
|
|t:|1781207007
|move|p2a: Cinderace|Pyro Ball|p1a: Garganacl
|-resisted|p1a: Garganacl
|-damage|p1a: Garganacl|91/100
|move|p1a: Garganacl|Salt Cure|p2a: Cinderace
|-supereffective|p2a: Cinderace
|-damage|p2a: Cinderace|81/100
|-start|p2a: Cinderace|Salt Cure
|
|-heal|p1a: Garganacl|97/100|[from] item: Leftovers
|-damage|p2a: Cinderace|68/100|[from] Salt Cure
|upkeep
|turn|7
|
|t:|1781207011
|move|p2a: Cinderace|U-turn|p1a: Garganacl
|-start|p2a: Cinderace|typechange|Bug|[from] ability: Libero
|-damage|p1a: Garganacl|85/100
|
|t:|1781207013
|switch|p2a: Iron Valiant|Iron Valiant|84/100|[from] U-turn
|move|p1a: Garganacl|Iron Defense|p1a: Garganacl
|-boost|p1a: Garganacl|def|2
|
|-heal|p1a: Garganacl|92/100|[from] item: Leftovers
|upkeep
|turn|8
|
|t:|1781207018
|move|p2a: Iron Valiant|Moonblast|p1a: Garganacl
|-damage|p1a: Garganacl|44/100
|move|p1a: Garganacl|Salt Cure|p2a: Iron Valiant
|-resisted|p2a: Iron Valiant
|-damage|p2a: Iron Valiant|79/100
|-start|p2a: Iron Valiant|Salt Cure
|
|-heal|p1a: Garganacl|50/100|[from] item: Leftovers
|-damage|p2a: Iron Valiant|67/100|[from] Salt Cure
|upkeep
|turn|9
|
|t:|1781207022
|-terastallize|p2a: Iron Valiant|Fairy
|move|p2a: Iron Valiant|Moonblast|p1a: Garganacl
|-damage|p1a: Garganacl|0 fnt
|faint|p1a: Garganacl
|
|-damage|p2a: Iron Valiant|54/100|[from] Salt Cure
|upkeep
|
|t:|1781207029
|switch|p1a: Iron Moth|Iron Moth|100/100
|-enditem|p1a: Iron Moth|Booster Energy
|-activate|p1a: Iron Moth|ability: Quark Drive|[fromitem]
|-start|p1a: Iron Moth|quarkdrivespa
|turn|10
|
|t:|1781207038
|-end|p2a: Iron Valiant|Quark Drive|[silent]
|switch|p2a: Alomomola|Alomomola, F|100/100
|move|p1a: Iron Moth|Fiery Dance|p2a: Alomomola
|-resisted|p2a: Alomomola
|-damage|p2a: Alomomola|85/100
|
|upkeep
|turn|11
|
|t:|1781207042
|move|p1a: Iron Moth|Agility|p1a: Iron Moth
|-boost|p1a: Iron Moth|spe|2
|move|p2a: Alomomola|Flip Turn|p1a: Iron Moth
|-supereffective|p1a: Iron Moth
|-damage|p1a: Iron Moth|42/100
|
|t:|1781207050
|switch|p2a: Cinderace|Cinderace, F|68/100|[from] Flip Turn
|
|upkeep
|turn|12
|
|t:|1781207055
|move|p2a: Cinderace|Sucker Punch|p1a: Iron Moth
|-start|p2a: Cinderace|typechange|Dark|[from] ability: Libero
|-damage|p1a: Iron Moth|0 fnt
|faint|p1a: Iron Moth
|-end|p1a: Iron Moth|Quark Drive|[silent]
|
|upkeep
|
|t:|1781207059
|switch|p1a: Grimmsnarl|Grimmsnarl, M|100/100
|turn|13
|
|t:|1781207061
|move|p1a: Grimmsnarl|Reflect|p1a: Grimmsnarl
|-sidestart|p1: kennojex|Reflect
|move|p2a: Cinderace|U-turn|p1a: Grimmsnarl
|-damage|p1a: Grimmsnarl|86/100
|
|t:|1781207064
|switch|p2a: Pecharunt|Pecharunt|100/100|[from] U-turn
|
|upkeep
|turn|14
|
|t:|1781207067
|move|p1a: Grimmsnarl|Parting Shot|p2a: Pecharunt
|-unboost|p2a: Pecharunt|atk|1
|-unboost|p2a: Pecharunt|spa|1
|
|t:|1781207069
|switch|p1a: Corviknight|Corviknight, M, shiny|100/100|[from] Parting Shot
|move|p2a: Pecharunt|Parting Shot|p1a: Corviknight
|-ability|p1a: Corviknight|Mirror Armor
|-unboost|p2a: Pecharunt|atk|1
|-ability|p1a: Corviknight|Mirror Armor
|-unboost|p2a: Pecharunt|spa|1
|
|t:|1781207075
|switch|p2a: Cinderace|Cinderace, F|68/100|[from] Parting Shot
|
|upkeep
|turn|15
|
|t:|1781207078
|switch|p1a: Grimmsnarl|Grimmsnarl, M|86/100
|move|p2a: Cinderace|Court Change|p2a: Cinderace
|-start|p2a: Cinderace|typechange|Normal|[from] ability: Libero
|-swapsideconditions
|-activate|p2a: Cinderace|move: Court Change
|
|upkeep
|turn|16
|
|t:|1781207081
|move|p1a: Grimmsnarl|Reflect|p1a: Grimmsnarl
|-sidestart|p1: kennojex|Reflect
|move|p2a: Cinderace|U-turn|p1a: Grimmsnarl
|-damage|p1a: Grimmsnarl|72/100
|
|t:|1781207085
|switch|p2a: Iron Valiant|Iron Valiant, tera:Fairy|54/100|[from] U-turn
|
|upkeep
|turn|17
|
|t:|1781207092
|move|p1a: Grimmsnarl|Parting Shot|p2a: Iron Valiant
|-unboost|p2a: Iron Valiant|atk|1
|-unboost|p2a: Iron Valiant|spa|1
|
|t:|1781207095
|switch|p1a: Corviknight|Corviknight, M, shiny|100/100|[from] Parting Shot
|move|p2a: Iron Valiant|Thunderbolt|p1a: Corviknight
|-supereffective|p1a: Corviknight
|-damage|p1a: Corviknight|58/100
|
|-heal|p1a: Corviknight|65/100|[from] item: Leftovers
|upkeep
|turn|18
|
|t:|1781207104
|switch|p1a: Latias|Latias, F|100/100
|move|p2a: Iron Valiant|Thunderbolt|p1a: Latias
|-resisted|p1a: Latias
|-damage|p1a: Latias|89/100
|
|upkeep
|turn|19
|
|t:|1781207107
|-end|p2a: Iron Valiant|Quark Drive|[silent]
|switch|p2a: Alomomola|Alomomola, F|100/100
|move|p1a: Latias|Agility|p1a: Latias
|-boost|p1a: Latias|spe|2
|
|upkeep
|turn|20
|
|t:|1781207113
|move|p1a: Latias|Calm Mind|p1a: Latias
|-boost|p1a: Latias|spa|1
|-boost|p1a: Latias|spd|1
|move|p2a: Alomomola|Body Slam|p1a: Latias
|-damage|p1a: Latias|82/100
|-status|p1a: Latias|par
|
|-sideend|p2: nyanpekka|Reflect
|upkeep
|turn|21
|
|t:|1781207116
|cant|p1a: Latias|par
|move|p2a: Alomomola|Mirror Coat||[still]
|-fail|p2a: Alomomola
|
|upkeep
|turn|22
|
|t:|1781207119
|move|p1a: Latias|Agility|p1a: Latias
|-boost|p1a: Latias|spe|2
|move|p2a: Alomomola|Mirror Coat||[still]
|-fail|p2a: Alomomola
|
|upkeep
|turn|23
|
|t:|1781207122
|cant|p1a: Latias|par
|move|p2a: Alomomola|Flip Turn|p1a: Latias
|-resisted|p1a: Latias
|-damage|p1a: Latias|79/100 par
|
|t:|1781207133
|switch|p2a: Hoopa|Hoopa-Unbound|100/100|[from] Flip Turn
|
|-sideend|p1: kennojex|Reflect
|upkeep
|turn|24
|
|t:|1781207146
|move|p1a: Latias|Draining Kiss|p2a: Hoopa
|-supereffective|p2a: Hoopa
|-damage|p2a: Hoopa|66/100
|-heal|p1a: Latias|100/100 par|[from] drain|[of] p2a: Hoopa
|move|p2a: Hoopa|Knock Off|p1a: Latias
|-supereffective|p1a: Latias
|-damage|p1a: Latias|0 fnt
|-enditem|p1a: Latias|Weakness Policy|[from] move: Knock Off|[of] p2a: Hoopa
|faint|p1a: Latias
|
|upkeep
|
|t:|1781207156
|switch|p1a: Manaphy|Manaphy|100/100
|turn|25
|
|t:|1781207160
|move|p1a: Manaphy|Scald|p2a: Hoopa
|-damage|p2a: Hoopa|40/100
|-status|p2a: Hoopa|brn
|move|p2a: Hoopa|Knock Off|p1a: Manaphy
|-damage|p1a: Manaphy|64/100
|-enditem|p1a: Manaphy|Leftovers|[from] move: Knock Off|[of] p2a: Hoopa
|
|-damage|p2a: Hoopa|34/100 brn|[from] brn
|upkeep
|turn|26
|
|t:|1781207165
|switch|p2a: Pecharunt|Pecharunt|100/100
|move|p1a: Manaphy|Scald|p2a: Pecharunt
|-damage|p2a: Pecharunt|75/100
|
|upkeep
|turn|27
|
|t:|1781207169
|move|p1a: Manaphy|Take Heart|p1a: Manaphy
|-boost|p1a: Manaphy|spa|1
|-boost|p1a: Manaphy|spd|1
|move|p2a: Pecharunt|Parting Shot|p1a: Manaphy
|-unboost|p1a: Manaphy|atk|1
|-unboost|p1a: Manaphy|spa|1
|
|t:|1781207177
|switch|p2a: Iron Valiant|Iron Valiant, tera:Fairy|54/100|[from] Parting Shot
|
|upkeep
|turn|28
|
|t:|1781207180
|move|p2a: Iron Valiant|Thunderbolt|p1a: Manaphy
|-supereffective|p1a: Manaphy
|-damage|p1a: Manaphy|14/100
|move|p1a: Manaphy|Scald|p2a: Iron Valiant
|-damage|p2a: Iron Valiant|9/100
|-status|p2a: Iron Valiant|brn
|
|-damage|p2a: Iron Valiant|3/100 brn|[from] brn
|upkeep
|turn|29
|
|t:|1781207186
|move|p2a: Iron Valiant|Thunderbolt|p1a: Manaphy
|-supereffective|p1a: Manaphy
|-damage|p1a: Manaphy|0 fnt
|faint|p1a: Manaphy
|
|-damage|p2a: Iron Valiant|0 fnt|[from] brn
|faint|p2a: Iron Valiant
|-end|p2a: Iron Valiant|Quark Drive|[silent]
|upkeep
|
|t:|1781207198
|switch|p2a: Pecharunt|Pecharunt|75/100
|switch|p1a: Grimmsnarl|Grimmsnarl, M|72/100
|turn|30
|
|t:|1781207207
|move|p1a: Grimmsnarl|Light Screen|p1a: Grimmsnarl
|-sidestart|p1: kennojex|move: Light Screen
|move|p2a: Pecharunt|Malignant Chain|p1a: Grimmsnarl
|-supereffective|p1a: Grimmsnarl
|-damage|p1a: Grimmsnarl|48/100
|
|upkeep
|turn|31
|
|t:|1781207210
|move|p1a: Grimmsnarl|Reflect|p1a: Grimmsnarl
|-sidestart|p1: kennojex|Reflect
|move|p2a: Pecharunt|Malignant Chain|p1a: Grimmsnarl
|-supereffective|p1a: Grimmsnarl
|-damage|p1a: Grimmsnarl|25/100
|
|upkeep
|turn|32
|
|t:|1781207213
|move|p1a: Grimmsnarl|Parting Shot|p2a: Pecharunt
|-unboost|p2a: Pecharunt|atk|1
|-unboost|p2a: Pecharunt|spa|1
|
|t:|1781207215
|switch|p1a: Corviknight|Corviknight, M, shiny|65/100|[from] Parting Shot
|move|p2a: Pecharunt|Parting Shot|p1a: Corviknight
|-ability|p1a: Corviknight|Mirror Armor
|-unboost|p2a: Pecharunt|atk|1
|-ability|p1a: Corviknight|Mirror Armor
|-unboost|p2a: Pecharunt|spa|1
|
|t:|1781207217
|switch|p2a: Cinderace|Cinderace, F|68/100|[from] Parting Shot
|
|-heal|p1a: Corviknight|71/100|[from] item: Leftovers
|upkeep
|turn|33
|
|t:|1781207221
|switch|p1a: Grimmsnarl|Grimmsnarl, M|25/100
|move|p2a: Cinderace|Court Change|p2a: Cinderace
|-start|p2a: Cinderace|typechange|Normal|[from] ability: Libero
|-swapsideconditions
|-activate|p2a: Cinderace|move: Court Change
|
|upkeep
|turn|34
|
|t:|1781207224
|move|p1a: Grimmsnarl|Reflect|p1a: Grimmsnarl
|-sidestart|p1: kennojex|Reflect
|move|p2a: Cinderace|U-turn|p1a: Grimmsnarl
|-damage|p1a: Grimmsnarl|12/100
|
|t:|1781207229
|switch|p2a: Landorus|Landorus-Therian, M|80/100|[from] U-turn
|-ability|p2a: Landorus|Intimidate|boost
|-unboost|p1a: Grimmsnarl|atk|1
|
|upkeep
|turn|35
|
|t:|1781207231
|move|p1a: Grimmsnarl|Light Screen|p1a: Grimmsnarl
|-sidestart|p1: kennojex|move: Light Screen
|move|p2a: Landorus|U-turn|p1a: Grimmsnarl
|-damage|p1a: Grimmsnarl|0 fnt
|faint|p1a: Grimmsnarl
|
|t:|1781207236
|switch|p2a: Hoopa|Hoopa-Unbound|34/100 brn|[from] U-turn
|
|-damage|p2a: Hoopa|28/100 brn|[from] brn
|upkeep
|
|t:|1781207239
|switch|p1a: Corviknight|Corviknight, M, shiny|71/100
|turn|36
|
|t:|1781207246
|move|p2a: Hoopa|Knock Off|p1a: Corviknight
|-damage|p1a: Corviknight|52/100
|-enditem|p1a: Corviknight|Leftovers|[from] move: Knock Off|[of] p2a: Hoopa
|move|p1a: Corviknight|Agility|p1a: Corviknight
|-boost|p1a: Corviknight|spe|2
|
|-damage|p2a: Hoopa|22/100 brn|[from] brn
|upkeep
|turn|37
|
|t:|1781207249
|switch|p2a: Alomomola|Alomomola, F|100/100
|move|p1a: Corviknight|Agility|p1a: Corviknight
|-boost|p1a: Corviknight|spe|2
|
|-sideend|p2: nyanpekka|move: Light Screen
|upkeep
|turn|38
|
|t:|1781207253
|move|p1a: Corviknight|Bulk Up|p1a: Corviknight
|-boost|p1a: Corviknight|atk|1
|-boost|p1a: Corviknight|def|1
|move|p2a: Alomomola|Body Slam|p1a: Corviknight
|-resisted|p1a: Corviknight
|-damage|p1a: Corviknight|50/100
|
|-sideend|p2: nyanpekka|Reflect
|upkeep
|turn|39
|
|t:|1781207258
|move|p1a: Corviknight|Roost|p1a: Corviknight
|-heal|p1a: Corviknight|99/100
|-singleturn|p1a: Corviknight|move: Roost
|move|p2a: Alomomola|Body Slam|p1a: Corviknight
|-resisted|p1a: Corviknight
|-crit|p1a: Corviknight
|-damage|p1a: Corviknight|90/100
|-status|p1a: Corviknight|par
|
|upkeep
|turn|40
|
|t:|1781207261
|cant|p1a: Corviknight|par
|move|p2a: Alomomola|Flip Turn|p1a: Corviknight
|-crit|p1a: Corviknight
|-damage|p1a: Corviknight|71/100 par
|
|t:|1781207265
|switch|p2a: Cinderace|Cinderace, F|68/100|[from] Flip Turn
|
|upkeep
|turn|41
|
|t:|1781207269
|move|p2a: Cinderace|Court Change|p2a: Cinderace
|-start|p2a: Cinderace|typechange|Normal|[from] ability: Libero
|-swapsideconditions
|-activate|p2a: Cinderace|move: Court Change
|move|p1a: Corviknight|Agility|p1a: Corviknight
|-boost|p1a: Corviknight|spe|2
|
|-sideend|p2: nyanpekka|Reflect
|upkeep
|turn|42
|
|t:|1781207282
|move|p2a: Cinderace|Pyro Ball|p1a: Corviknight|[miss]
|-miss|p2a: Cinderace|p1a: Corviknight
|move|p1a: Corviknight|Power Trip|p2a: Cinderace
|-damage|p2a: Cinderace|0 fnt
|faint|p2a: Cinderace
|
|-sideend|p2: nyanpekka|move: Light Screen
|upkeep
|
|t:|1781207291
|switch|p2a: Hoopa|Hoopa-Unbound|22/100 brn
|turn|43
|
|t:|1781207295
|move|p1a: Corviknight|Power Trip|p2a: Hoopa
|-damage|p2a: Hoopa|0 fnt
|faint|p2a: Hoopa
|
|upkeep
|
|t:|1781207298
|switch|p2a: Landorus|Landorus-Therian, M|80/100
|-ability|p2a: Landorus|Intimidate|boost
|-ability|p1a: Corviknight|Mirror Armor
|-unboost|p2a: Landorus|atk|1
|turn|44
|
|t:|1781207302
|move|p2a: Landorus|Stone Edge|p1a: Corviknight
|-crit|p1a: Corviknight
|-damage|p1a: Corviknight|27/100 par
|move|p1a: Corviknight|Bulk Up|p1a: Corviknight
|-boost|p1a: Corviknight|atk|1
|-boost|p1a: Corviknight|def|1
|
|upkeep
|turn|45
|
|t:|1781207305
|move|p2a: Landorus|Stone Edge|p1a: Corviknight|[miss]
|-miss|p2a: Landorus|p1a: Corviknight
|move|p1a: Corviknight|Roost|p1a: Corviknight
|-heal|p1a: Corviknight|77/100 par
|-singleturn|p1a: Corviknight|move: Roost
|
|upkeep
|turn|46
|
|t:|1781207309
|move|p2a: Landorus|Stone Edge|p1a: Corviknight
|-damage|p1a: Corviknight|66/100 par
|move|p1a: Corviknight|Roost|p1a: Corviknight
|-heal|p1a: Corviknight|100/100 par
|-singleturn|p1a: Corviknight|move: Roost
|
|upkeep
|turn|47
|
|t:|1781207313
|move|p2a: Landorus|Stone Edge|p1a: Corviknight|[miss]
|-miss|p2a: Landorus|p1a: Corviknight
|cant|p1a: Corviknight|par
|
|upkeep
|turn|48
|
|t:|1781207315
|move|p2a: Landorus|Stone Edge|p1a: Corviknight
|-damage|p1a: Corviknight|89/100 par
|move|p1a: Corviknight|Bulk Up|p1a: Corviknight
|-boost|p1a: Corviknight|atk|1
|-boost|p1a: Corviknight|def|1
|
|upkeep
|turn|49
|
|t:|1781207320
|move|p2a: Landorus|Stone Edge|p1a: Corviknight
|-crit|p1a: Corviknight
|-damage|p1a: Corviknight|45/100 par
|move|p1a: Corviknight|Bulk Up|p1a: Corviknight
|-boost|p1a: Corviknight|atk|1
|-boost|p1a: Corviknight|def|1
|
|upkeep
|turn|50
|
|t:|1781207322
|move|p2a: Landorus|Stone Edge|p1a: Corviknight
|-damage|p1a: Corviknight|38/100 par
|cant|p1a: Corviknight|par
|
|upkeep
|turn|51
|
|t:|1781207325
|move|p2a: Landorus|Stone Edge|p1a: Corviknight|[miss]
|-miss|p2a: Landorus|p1a: Corviknight
|move|p1a: Corviknight|Roost|p1a: Corviknight
|-heal|p1a: Corviknight|88/100 par
|-singleturn|p1a: Corviknight|move: Roost
|
|upkeep
|turn|52
|
|t:|1781207328
|switch|p2a: Alomomola|Alomomola, F|100/100
|move|p1a: Corviknight|Power Trip|p2a: Alomomola
|-damage|p2a: Alomomola|0 fnt
|faint|p2a: Alomomola
|
|upkeep
|c|☆nyanpekka|son
|c|☆kennojex|gg
|c|☆nyanpekka|W braindead team
|-message|nyanpekka forfeited.
|
|win|kennojex
|raw|kennojex's rating: 1600 &rarr; <strong>1619</strong><br />(+19 for winning)
|raw|nyanpekka's rating: 1581 &rarr; <strong>1562</strong><br />(-19 for losing)
|l|☆nyanpekka
|player|p2|
|c|☆kennojex|LMAO
