|j|☆GodILoveBastiodon
|j|☆KurisuChestnutOU
|t:|1781173564
|gametype|singles
|player|p1|GodILoveBastiodon|byron|1563
|player|p2|KurisuChestnutOU|may-contest|1538
|gen|9
|tier|[Gen 9] OU
|rated|
|rule|HP Percentage Mod: HP is shown in percentages
|rule|Endless Battle Clause: Forcing endless battles is banned
|rule|Species Clause: Limit one of each Pokémon
|rule|OHKO Clause: OHKO moves are banned
|rule|Evasion Items Clause: Evasion items are banned
|rule|Evasion Moves Clause: Evasion moves are banned
|rule|Evasion Abilities Clause: Evasion abilities are banned
|rule|Sleep Moves Clause: Sleep-inducing moves are banned
|clearpoke
|poke|p1|Hydrapple, M|
|poke|p1|Tyranitar, F|
|poke|p1|Moltres|
|poke|p1|Zamazenta-*|
|poke|p1|Slowking-Galar, F|
|poke|p1|Excadrill, F|
|poke|p2|Gliscor, M|
|poke|p2|Dondozo, F|
|poke|p2|Slowking-Galar, F|
|poke|p2|Gholdengo|
|poke|p2|Great Tusk|
|poke|p2|Kingambit, F|
|teampreview
|inactive|Battle timer is ON: inactive players will automatically lose when time's up. (requested by GodILoveBastiodon)
|inactive|KurisuChestnutOU also wants the timer to be on.
|
|t:|1781173584
|teamsize|p1|6
|teamsize|p2|6
|start
|switch|p1a: Tyranitar|Tyranitar, F|100/100
|switch|p2a: Great Tusk|Great Tusk|100/100
|-weather|Sandstorm|[from] ability: Sand Stream|[of] p1a: Tyranitar
|turn|1
|
|t:|1781173590
|move|p2a: Great Tusk|Headlong Rush|p1a: Tyranitar
|-supereffective|p1a: Tyranitar
|-damage|p1a: Tyranitar|11/100
|-unboost|p2a: Great Tusk|def|1
|-unboost|p2a: Great Tusk|spd|1
|move|p1a: Tyranitar|Ice Beam|p2a: Great Tusk
|-supereffective|p2a: Great Tusk
|-damage|p2a: Great Tusk|5/100
|
|-weather|Sandstorm|[upkeep]
|upkeep
|turn|2
|
|t:|1781173595
|switch|p1a: Moltres|Moltres|100/100
|move|p2a: Great Tusk|Knock Off|p1a: Moltres
|-damage|p1a: Moltres|77/100
|-status|p2a: Great Tusk|brn|[from] ability: Flame Body|[of] p1a: Moltres
|-enditem|p1a: Moltres|Heavy-Duty Boots|[from] move: Knock Off|[of] p2a: Great Tusk
|
|-weather|Sandstorm|[upkeep]
|-damage|p1a: Moltres|71/100|[from] Sandstorm
|-damage|p2a: Great Tusk|0 fnt|[from] brn
|faint|p2a: Great Tusk
|-end|p2a: Great Tusk|Protosynthesis|[silent]
|upkeep
|
|t:|1781173600
|switch|p2a: Gliscor|Gliscor, M|100/100
|turn|3
|
|t:|1781173606
|move|p2a: Gliscor|Spikes|p1a: Moltres
|-sidestart|p1: GodILoveBastiodon|Spikes
|move|p1a: Moltres|U-turn|p2a: Gliscor
|-resisted|p2a: Gliscor
|-damage|p2a: Gliscor|96/100
|
|t:|1781173616
|switch|p1a: Slowking|Slowking-Galar, F|100/100|[from] U-turn
|-damage|p1a: Slowking|88/100|[from] Spikes
|
|-weather|Sandstorm|[upkeep]
|-damage|p1a: Slowking|82/100|[from] Sandstorm
|-status|p2a: Gliscor|tox|[from] item: Toxic Orb
|upkeep
|turn|4
|
|t:|1781173624
|move|p2a: Gliscor|Spikes|p1a: Slowking
|-sidestart|p1: GodILoveBastiodon|Spikes
|move|p1a: Slowking|Ice Beam|p2a: Gliscor
|-supereffective|p2a: Gliscor
|-damage|p2a: Gliscor|0 fnt
|faint|p2a: Gliscor
|
|-weather|Sandstorm|[upkeep]
|-damage|p1a: Slowking|76/100|[from] Sandstorm
|upkeep
|
|t:|1781173627
|switch|p2a: Gholdengo|Gholdengo|100/100
|-item|p2a: Gholdengo|Air Balloon
|turn|5
|
|t:|1781173632
|move|p2a: Gholdengo|Nasty Plot|p2a: Gholdengo
|-boost|p2a: Gholdengo|spa|2
|move|p1a: Slowking|Flamethrower|p2a: Gholdengo
|-supereffective|p2a: Gholdengo
|-damage|p2a: Gholdengo|46/100
|-enditem|p2a: Gholdengo|Air Balloon
|
|-weather|Sandstorm|[upkeep]
|-damage|p1a: Slowking|70/100|[from] Sandstorm
|upkeep
|turn|6
|
|t:|1781173636
|switch|p1a: Tyranitar|Tyranitar, F|11/100
|-damage|p1a: Tyranitar|0 fnt|[from] Spikes
|faint|p1a: Tyranitar
|move|p2a: Gholdengo|Recover|p2a: Gholdengo
|-heal|p2a: Gholdengo|96/100
|
|-weather|Sandstorm|[upkeep]
|upkeep
|
|t:|1781173638
|switch|p1a: Excadrill|Excadrill, F|100/100
|-item|p1a: Excadrill|Air Balloon
|turn|7
|
|t:|1781173642
|-terastallize|p2a: Gholdengo|Flying
|move|p1a: Excadrill|Earthquake|p2a: Gholdengo
|-immune|p2a: Gholdengo
|move|p2a: Gholdengo|Shadow Ball|p1a: Excadrill
|-damage|p1a: Excadrill|0 fnt
|-enditem|p1a: Excadrill|Air Balloon
|faint|p1a: Excadrill
|
|-weather|Sandstorm|[upkeep]
|-damage|p2a: Gholdengo|90/100|[from] Sandstorm
|upkeep
|
|t:|1781173662
|switch|p1a: Slowking|Slowking-Galar, F|100/100
|-damage|p1a: Slowking|84/100|[from] Spikes
|turn|8
|
|t:|1781173667
|move|p2a: Gholdengo|Shadow Ball|p1a: Slowking
|-supereffective|p1a: Slowking
|-damage|p1a: Slowking|0 fnt
|faint|p1a: Slowking
|
|-weather|none
|upkeep
|
|t:|1781173672
|switch|p1a: Moltres|Moltres|71/100
|turn|9
|
|t:|1781173675
|move|p2a: Gholdengo|Shadow Ball|p1a: Moltres
|-damage|p1a: Moltres|0 fnt
|faint|p1a: Moltres
|
|upkeep
|
|t:|1781173680
|switch|p1a: Hydrapple|Hydrapple, M|100/100
|turn|10
|
|t:|1781173685
|move|p2a: Gholdengo|Make It Rain|p1a: Hydrapple
|-damage|p1a: Hydrapple|0 fnt
|-unboost|p2a: Gholdengo|spa|1
|faint|p1a: Hydrapple
|
|upkeep
|
|t:|1781173687
|switch|p1a: Zamazenta|Zamazenta|100/100
|-damage|p1a: Zamazenta|84/100|[from] Spikes
|-ability|p1a: Zamazenta|Dauntless Shield|boost
|-boost|p1a: Zamazenta|def|1
|turn|11
|
|t:|1781173693
|move|p1a: Zamazenta|Crunch|p2a: Gholdengo
|-damage|p2a: Gholdengo|65/100
|move|p2a: Gholdengo|Make It Rain|p1a: Zamazenta
|-damage|p1a: Zamazenta|0 fnt
|-unboost|p2a: Gholdengo|spa|1
|faint|p1a: Zamazenta
|
|win|KurisuChestnutOU
|raw|GodILoveBastiodon's rating: 1563 &rarr; <strong>1542</strong><br />(-21 for losing)
|raw|KurisuChestnutOU's rating: 1538 &rarr; <strong>1559</strong><br />(+21 for winning)
