|j|☆extra-pseudo man
|j|☆omari p
|t:|1781374091
|gametype|singles
|player|p1|extra-pseudo man|102|1638
|player|p2|omari p|pokemonrangerf|1655
|gen|9
|tier|[Gen 9] OU
|rated|
|rule|HP Percentage Mod: HP is shown in percentages
|rule|Endless Battle Clause: Forcing endless battles is banned
|rule|Species Clause: Limit one of each Pokémon
|rule|OHKO Clause: OHKO moves are banned
|rule|Evasion Items Clause: Evasion items are banned
|rule|Evasion Moves Clause: Evasion moves are banned
|rule|Evasion Abilities Clause: Evasion abilities are banned
|rule|Sleep Moves Clause: Sleep-inducing moves are banned
|clearpoke
|poke|p1|Dragonite, F|
|poke|p1|Dragapult, M|
|poke|p1|Tyranitar, M|
|poke|p1|Metagross|
|poke|p1|Goodra-Hisui, F|
|poke|p1|Garchomp, M|
|poke|p2|Klefki, F|
|poke|p2|Keldeo-Resolute|
|poke|p2|Garchomp, M|
|poke|p2|Landorus-Therian, M|
|poke|p2|Iron Valiant|
|poke|p2|Cinderace, F|
|teampreview
|j| KangkongNation
|c|☆extra-pseudo man|gl
|inactive|Battle timer is ON: inactive players will automatically lose when time's up. (requested by omari p)
|l| KangkongNation
|
|t:|1781374125
|teamsize|p1|6
|teamsize|p2|6
|start
|switch|p1a: He pulten on it|Dragapult, M|100/100
|switch|p2a: Klefki|Klefki, F|100/100
|turn|1
|
|t:|1781374132
|move|p2a: Klefki|Thunder Wave|p1a: He pulten on it
|-status|p1a: He pulten on it|par
|move|p1a: He pulten on it|U-turn|p2a: Klefki
|-resisted|p2a: Klefki
|-damage|p2a: Klefki|95/100
|j| ogkbee
|
|t:|1781374145
|switch|p1a: Tyranocif|Tyranitar, M|100/100|[from] U-turn
|-weather|Sandstorm|[from] ability: Sand Stream|[of] p1a: Tyranocif
|
|-weather|Sandstorm|[upkeep]
|-heal|p2a: Klefki|100/100|[from] item: Leftovers
|upkeep
|turn|2
|
|t:|1781374165
|move|p2a: Klefki|Spikes|p1a: Tyranocif
|-sidestart|p1: extra-pseudo man|Spikes
|move|p1a: Tyranocif|Stealth Rock|p2a: Klefki
|-sidestart|p2: omari p|move: Stealth Rock
|
|-weather|Sandstorm|[upkeep]
|upkeep
|turn|3
|
|t:|1781374168
|move|p2a: Klefki|Spikes|p1a: Tyranocif
|-sidestart|p1: extra-pseudo man|Spikes
|move|p1a: Tyranocif|Knock Off|p2a: Klefki
|-resisted|p2a: Klefki
|-damage|p2a: Klefki|77/100
|-enditem|p2a: Klefki|Leftovers|[from] move: Knock Off|[of] p1a: Tyranocif
|
|-weather|Sandstorm|[upkeep]
|upkeep
|turn|4
|j| testingrainteam1
|
|t:|1781374173
|switch|p1a: Marill me|Garchomp, M|100/100
|-damage|p1a: Marill me|84/100|[from] Spikes
|move|p2a: Klefki|Spikes|p1a: Marill me
|-sidestart|p1: extra-pseudo man|Spikes
|
|-weather|Sandstorm|[upkeep]
|upkeep
|turn|5
|
|t:|1781374179
|switch|p2a: Landorus|Landorus-Therian, M|100/100
|-damage|p2a: Landorus|88/100|[from] Stealth Rock
|-ability|p2a: Landorus|Intimidate|boost
|-unboost|p1a: Marill me|atk|1
|move|p1a: Marill me|Spikes|p2a: Landorus
|-sidestart|p2: omari p|Spikes
|
|-weather|none
|upkeep
|turn|6
|
|t:|1781374185
|switch|p1a: He pulten on it|Dragapult, M|100/100 par
|move|p2a: Landorus|Earthquake|p1a: He pulten on it
|-damage|p1a: He pulten on it|30/100 par
|
|upkeep
|turn|7
|
|t:|1781374187
|move|p2a: Landorus|Earthquake|p1a: He pulten on it
|-damage|p1a: He pulten on it|0 fnt
|faint|p1a: He pulten on it
|
|upkeep
|
|t:|1781374192
|switch|p1a: Tyranocif|Tyranitar, M|100/100
|-damage|p1a: Tyranocif|75/100|[from] Spikes
|-weather|Sandstorm|[from] ability: Sand Stream|[of] p1a: Tyranocif
|turn|8
|
|t:|1781374197
|switch|p2a: Klefki|Klefki, F|77/100
|-damage|p2a: Klefki|71/100|[from] Stealth Rock
|-damage|p2a: Klefki|59/100|[from] Spikes
|move|p1a: Tyranocif|Ice Beam|p2a: Klefki
|-resisted|p2a: Klefki
|-damage|p2a: Klefki|51/100
|
|-weather|Sandstorm|[upkeep]
|-heal|p1a: Tyranocif|82/100|[from] item: Leftovers
|upkeep
|turn|9
|
|t:|1781374204
|switch|p1a: Marill me|Garchomp, M|84/100
|-damage|p1a: Marill me|59/100|[from] Spikes
|move|p2a: Klefki|Flash Cannon|p1a: Marill me
|-damage|p1a: Marill me|38/100
|
|-weather|Sandstorm|[upkeep]
|upkeep
|turn|10
|
|t:|1781374212
|switch|p2a: Landorus|Landorus-Therian, M|88/100
|-damage|p2a: Landorus|76/100|[from] Stealth Rock
|-ability|p2a: Landorus|Intimidate|boost
|-unboost|p1a: Marill me|atk|1
|move|p1a: Marill me|Dragon Tail|p2a: Landorus|[miss]
|-miss|p1a: Marill me|p2a: Landorus
|
|-weather|Sandstorm|[upkeep]
|upkeep
|turn|11
|
|t:|1781374217
|move|p2a: Landorus|Earthquake|p1a: Marill me
|-damage|p1a: Marill me|0 fnt
|faint|p1a: Marill me
|
|-weather|Sandstorm|[upkeep]
|upkeep
|
|t:|1781374238
|switch|p1a: Chud|Dragonite, F|100/100
|turn|12
|l| testingrainteam1
|inactive|omari p has 120 seconds left.
|
|t:|1781374288
|switch|p2a: Klefki|Klefki, F|51/100
|-damage|p2a: Klefki|45/100|[from] Stealth Rock
|-damage|p2a: Klefki|33/100|[from] Spikes
|move|p1a: Chud|Dragon Dance|p1a: Chud
|-boost|p1a: Chud|atk|1
|-boost|p1a: Chud|spe|1
|
|-weather|none
|upkeep
|turn|13
|j| LOTRsucks
|
|t:|1781374300
|switch|p1a: The goot|Goodra-Hisui, F|100/100
|-damage|p1a: The goot|76/100|[from] Spikes
|move|p2a: Klefki|Thunder Wave|p1a: The goot
|-status|p1a: The goot|par
|
|upkeep
|turn|14
|inactive|omari p has 120 seconds left.
|
|t:|1781374306
|move|p2a: Klefki|Magic Room|p2a: Klefki
|-fieldstart|move: Magic Room|[of] p2a: Klefki
|move|p1a: The goot|Flash Cannon|p2a: Klefki
|-damage|p2a: Klefki|0 fnt
|faint|p2a: Klefki
|
|upkeep
|
|t:|1781374309
|switch|p2a: Garchomp|Garchomp, M|100/100
|-damage|p2a: Garchomp|94/100|[from] Stealth Rock
|-damage|p2a: Garchomp|82/100|[from] Spikes
|turn|15
|
|t:|1781374312
|move|p2a: Garchomp|Stealth Rock|p1a: The goot
|-sidestart|p1: extra-pseudo man|move: Stealth Rock
|move|p1a: The goot|Ice Beam|p2a: Garchomp
|-supereffective|p2a: Garchomp
|-crit|p2a: Garchomp
|-damage|p2a: Garchomp|0 fnt
|faint|p2a: Garchomp
|
|upkeep
|
|t:|1781374316
|switch|p2a: Keldeo|Keldeo-Resolute|100/100
|-damage|p2a: Keldeo|94/100|[from] Stealth Rock
|-damage|p2a: Keldeo|82/100|[from] Spikes
|turn|16
|
|t:|1781374320
|move|p2a: Keldeo|Calm Mind|p2a: Keldeo
|-boost|p2a: Keldeo|spa|1
|-boost|p2a: Keldeo|spd|1
|move|p1a: The goot|Draco Meteor|p2a: Keldeo|[miss]
|-miss|p1a: The goot|p2a: Keldeo
|
|upkeep
|turn|17
|
|t:|1781374322
|move|p2a: Keldeo|Secret Sword|p1a: The goot
|-supereffective|p1a: The goot
|-damage|p1a: The goot|0 fnt
|faint|p1a: The goot
|
|upkeep
|
|t:|1781374331
|switch|p1a: Tyranocif|Tyranitar, M|82/100
|-damage|p1a: Tyranocif|57/100|[from] Spikes
|-damage|p1a: Tyranocif|44/100|[from] Stealth Rock
|-weather|Sandstorm|[from] ability: Sand Stream|[of] p1a: Tyranocif
|turn|18
|
|t:|1781374334
|move|p2a: Keldeo|Surf|p1a: Tyranocif
|-supereffective|p1a: Tyranocif
|-damage|p1a: Tyranocif|0 fnt
|faint|p1a: Tyranocif
|
|-weather|Sandstorm|[upkeep]
|-damage|p2a: Keldeo|76/100|[from] Sandstorm
|-fieldend|move: Magic Room|[of] p2: Klefki
|upkeep
|
|t:|1781374344
|switch|p1a: kaboom|Metagross|100/100
|-damage|p1a: kaboom|76/100|[from] Spikes
|-damage|p1a: kaboom|70/100|[from] Stealth Rock
|turn|19
|
|t:|1781374349
|move|p1a: kaboom|Bullet Punch|p2a: Keldeo
|-resisted|p2a: Keldeo
|-damage|p2a: Keldeo|53/100
|move|p2a: Keldeo|Surf|p1a: kaboom
|-damage|p1a: kaboom|0 fnt
|faint|p1a: kaboom
|
|-weather|Sandstorm|[upkeep]
|-damage|p2a: Keldeo|47/100|[from] Sandstorm
|upkeep
|
|t:|1781374351
|switch|p1a: Chud|Dragonite, F|100/100
|turn|20
|
|t:|1781374356
|move|p2a: Keldeo|Surf|p1a: Chud
|-resisted|p1a: Chud
|-damage|p1a: Chud|83/100
|move|p1a: Chud|Dragon Dance|p1a: Chud
|-boost|p1a: Chud|atk|1
|-boost|p1a: Chud|spe|1
|
|-weather|Sandstorm|[upkeep]
|-damage|p2a: Keldeo|41/100|[from] Sandstorm
|-damage|p1a: Chud|77/100|[from] Sandstorm
|upkeep
|turn|21
|
|t:|1781374366
|switch|p2a: Landorus|Landorus-Therian, M|76/100
|-damage|p2a: Landorus|64/100|[from] Stealth Rock
|-ability|p2a: Landorus|Intimidate|boost
|-unboost|p1a: Chud|atk|1
|move|p1a: Chud|Dragon Dance|p1a: Chud
|-boost|p1a: Chud|atk|1
|-boost|p1a: Chud|spe|1
|
|-weather|Sandstorm|[upkeep]
|-damage|p1a: Chud|70/100|[from] Sandstorm
|upkeep
|turn|22
|
|t:|1781374377
|-terastallize|p1a: Chud|Normal
|move|p1a: Chud|Extreme Speed|p2a: Landorus
|-damage|p2a: Landorus|0 fnt
|faint|p2a: Landorus
|
|-weather|none
|upkeep
|
|t:|1781374385
|switch|p2a: Cinderace|Cinderace, F|100/100
|turn|23
|
|t:|1781374388
|move|p1a: Chud|Extreme Speed|p2a: Cinderace
|-damage|p2a: Cinderace|0 fnt
|faint|p2a: Cinderace
|
|upkeep
|
|t:|1781374390
|switch|p2a: Iron Valiant|Iron Valiant|100/100
|-damage|p2a: Iron Valiant|94/100|[from] Stealth Rock
|-damage|p2a: Iron Valiant|82/100|[from] Spikes
|-enditem|p2a: Iron Valiant|Booster Energy
|-activate|p2a: Iron Valiant|ability: Quark Drive|[fromitem]
|-start|p2a: Iron Valiant|quarkdrivespe
|turn|24
|
|t:|1781374394
|-terastallize|p2a: Iron Valiant|Ghost
|move|p1a: Chud|Extreme Speed|p2a: Iron Valiant
|-immune|p2a: Iron Valiant
|move|p2a: Iron Valiant|Close Combat|p1a: Chud
|-supereffective|p1a: Chud
|-crit|p1a: Chud
|-damage|p1a: Chud|0 fnt
|-unboost|p2a: Iron Valiant|def|1
|-unboost|p2a: Iron Valiant|spd|1
|faint|p1a: Chud
|
|win|omari p
|raw|extra-pseudo man's rating: 1638 &rarr; <strong>1619</strong><br />(-19 for losing)
|raw|omari p's rating: 1655 &rarr; <strong>1674</strong><br />(+19 for winning)
|c|☆extra-pseudo man|gg
|l| LOTRsucks
|l|☆extra-pseudo man
|player|p1|
|l| ogkbee
