|j|☆Sashannarcy
|j|☆Bigkyuza18
|t:|1781059606
|gametype|singles
|player|p1|Sashannarcy|unknownf|1663
|player|p2|Bigkyuza18|1|1651
|gen|9
|tier|[Gen 9] OU
|rated|
|rule|HP Percentage Mod: HP is shown in percentages
|rule|Endless Battle Clause: Forcing endless battles is banned
|rule|Species Clause: Limit one of each Pokémon
|rule|OHKO Clause: OHKO moves are banned
|rule|Evasion Items Clause: Evasion items are banned
|rule|Evasion Moves Clause: Evasion moves are banned
|rule|Evasion Abilities Clause: Evasion abilities are banned
|rule|Sleep Moves Clause: Sleep-inducing moves are banned
|clearpoke
|poke|p1|Slowking-Galar, F|
|poke|p1|Cetitan, M|
|poke|p1|Dragapult, M|
|poke|p1|Great Tusk|
|poke|p1|Moltres|
|poke|p1|Samurott-Hisui, M|
|poke|p2|Darkrai|
|poke|p2|Gliscor, F|
|poke|p2|Tinkaton, F|
|poke|p2|Moltres|
|poke|p2|Great Tusk|
|poke|p2|Hydrapple, M|
|teampreview
|inactive|Battle timer is ON: inactive players will automatically lose when time's up. (requested by Sashannarcy)
|
|t:|1781059618
|teamsize|p1|6
|teamsize|p2|6
|start
|switch|p1a: Moltres|Moltres|100/100
|switch|p2a: Hydrapple|Hydrapple, M|100/100
|turn|1
|
|t:|1781059627
|move|p1a: Moltres|U-turn|p2a: Hydrapple
|-supereffective|p2a: Hydrapple
|-damage|p2a: Hydrapple|76/100
|
|t:|1781059630
|switch|p1a: Slowking|Slowking-Galar, F|100/100|[from] U-turn
|move|p2a: Hydrapple|Fickle Beam|p1a: Slowking
|-damage|p1a: Slowking|74/100
|
|upkeep
|turn|2
|
|t:|1781059637
|switch|p2a: Tinkaton|Tinkaton, F|100/100
|-ability|p2a: Tinkaton|Mold Breaker
|-prepare|p1a: Slowking|Chilly Reception|[premajor]
|move|p1a: Slowking|Chilly Reception|p1a: Slowking
|-weather|Snowscape
|
|t:|1781059647
|switch|p1a: Moltres|Moltres|100/100|[from] Chilly Reception
|
|-weather|Snowscape|[upkeep]
|upkeep
|turn|3
|j| biscoitotroll
|
|t:|1781059650
|move|p2a: Tinkaton|Stealth Rock|p1a: Moltres
|-sidestart|p1: Sashannarcy|move: Stealth Rock
|move|p1a: Moltres|Flamethrower|p2a: Tinkaton
|-supereffective|p2a: Tinkaton
|-damage|p2a: Tinkaton|17/100
|
|-weather|Snowscape|[upkeep]
|-heal|p2a: Tinkaton|23/100|[from] item: Leftovers
|upkeep
|turn|4
|
|t:|1781059657
|switch|p2a: Moltres|Moltres|100/100
|move|p1a: Moltres|Flamethrower|p2a: Moltres
|-resisted|p2a: Moltres
|-damage|p2a: Moltres|85/100
|
|-weather|Snowscape|[upkeep]
|upkeep
|turn|5
|
|t:|1781059661
|move|p1a: Moltres|U-turn|p2a: Moltres
|-resisted|p2a: Moltres
|-damage|p2a: Moltres|82/100
|
|t:|1781059665
|switch|p1a: Slowking|Slowking-Galar, F|100/100|[from] U-turn
|-damage|p1a: Slowking|88/100|[from] Stealth Rock
|move|p2a: Moltres|Scorching Sands|p1a: Slowking
|-supereffective|p1a: Slowking
|-damage|p1a: Slowking|67/100
|
|-weather|Snowscape|[upkeep]
|upkeep
|turn|6
|
|t:|1781059668
|move|p2a: Moltres|Scorching Sands|p1a: Slowking
|-supereffective|p1a: Slowking
|-damage|p1a: Slowking|45/100
|-status|p1a: Slowking|brn
|-prepare|p1a: Slowking|Chilly Reception|[premajor]
|move|p1a: Slowking|Chilly Reception|p1a: Slowking
|
|t:|1781059681
|switch|p1a: Great Tusk|Great Tusk|100/100|[from] Chilly Reception
|-damage|p1a: Great Tusk|98/100|[from] Stealth Rock
|
|-weather|Snowscape|[upkeep]
|-heal|p1a: Great Tusk|100/100|[from] item: Leftovers
|upkeep
|turn|7
|
|t:|1781059690
|move|p1a: Great Tusk|Rapid Spin|p2a: Moltres
|-damage|p2a: Moltres|66/100
|-boost|p1a: Great Tusk|spe|1
|-sideend|p1: Sashannarcy|Stealth Rock|[from] move: Rapid Spin|[of] p1a: Great Tusk
|move|p2a: Moltres|Scorching Sands|p1a: Great Tusk
|-damage|p1a: Great Tusk|69/100
|
|-weather|Snowscape|[upkeep]
|-heal|p1a: Great Tusk|75/100|[from] item: Leftovers
|upkeep
|turn|8
|
|t:|1781059697
|move|p1a: Great Tusk|Stealth Rock|p2a: Moltres
|-sidestart|p2: Bigkyuza18|move: Stealth Rock
|move|p2a: Moltres|Roost|p2a: Moltres
|-heal|p2a: Moltres|100/100
|-singleturn|p2a: Moltres|move: Roost
|
|-weather|Snowscape|[upkeep]
|-heal|p1a: Great Tusk|81/100|[from] item: Leftovers
|upkeep
|turn|9
|
|t:|1781059700
|move|p1a: Great Tusk|Knock Off|p2a: Moltres
|-damage|p2a: Moltres|69/100
|-enditem|p2a: Moltres|Heavy-Duty Boots|[from] move: Knock Off|[of] p1a: Great Tusk
|move|p2a: Moltres|Scorching Sands|p1a: Great Tusk
|-damage|p1a: Great Tusk|52/100
|
|-weather|none
|-heal|p1a: Great Tusk|58/100|[from] item: Leftovers
|upkeep
|turn|10
|
|t:|1781059705
|-end|p1a: Great Tusk|Protosynthesis|[silent]
|switch|p1a: Slowking|Slowking-Galar, F|79/100 brn
|move|p2a: Moltres|Scorching Sands|p1a: Slowking
|-supereffective|p1a: Slowking
|-damage|p1a: Slowking|54/100 brn
|
|-damage|p1a: Slowking|48/100 brn|[from] brn
|upkeep
|turn|11
|
|t:|1781059717
|switch|p2a: Gliscor|Gliscor, F|100/100
|-damage|p2a: Gliscor|88/100|[from] Stealth Rock
|-prepare|p1a: Slowking|Chilly Reception|[premajor]
|move|p1a: Slowking|Chilly Reception|p1a: Slowking
|-weather|Snowscape
|
|t:|1781059719
|switch|p1a: Cetitan|Cetitan, M|100/100|[from] Chilly Reception
|
|-weather|Snowscape|[upkeep]
|-status|p2a: Gliscor|tox|[from] item: Toxic Orb
|upkeep
|turn|12
|
|t:|1781059724
|switch|p2a: Tinkaton|Tinkaton, F|23/100
|-damage|p2a: Tinkaton|17/100|[from] Stealth Rock
|-ability|p2a: Tinkaton|Mold Breaker
|move|p1a: Cetitan|Belly Drum|p1a: Cetitan
|-damage|p1a: Cetitan|50/100
|-setboost|p1a: Cetitan|atk|6|[from] move: Belly Drum
|-enditem|p1a: Cetitan|Sitrus Berry|[eat]
|-heal|p1a: Cetitan|75/100|[from] item: Sitrus Berry
|
|-weather|Snowscape|[upkeep]
|-heal|p2a: Tinkaton|23/100|[from] item: Leftovers
|upkeep
|turn|13
|
|t:|1781059730
|move|p1a: Cetitan|Ice Spinner|p2a: Tinkaton
|-resisted|p2a: Tinkaton
|-damage|p2a: Tinkaton|0 fnt
|faint|p2a: Tinkaton
|
|-weather|Snowscape|[upkeep]
|upkeep
|
|t:|1781059733
|switch|p2a: Moltres|Moltres|69/100
|-damage|p2a: Moltres|19/100|[from] Stealth Rock
|turn|14
|
|t:|1781059736
|move|p1a: Cetitan|Ice Shard|p2a: Moltres
|-damage|p2a: Moltres|0 fnt
|faint|p2a: Moltres
|
|-weather|Snowscape|[upkeep]
|upkeep
|
|t:|1781059740
|switch|p2a: Great Tusk|Great Tusk|100/100
|turn|15
|
|t:|1781059744
|-terastallize|p2a: Great Tusk|Steel
|move|p1a: Cetitan|Earthquake|p2a: Great Tusk
|-supereffective|p2a: Great Tusk
|-damage|p2a: Great Tusk|0 fnt
|faint|p2a: Great Tusk
|-end|p2a: Great Tusk|Protosynthesis|[silent]
|
|-weather|Snowscape|[upkeep]
|upkeep
|-message|Bigkyuza18 forfeited.
|
|win|Sashannarcy
|raw|Sashannarcy's rating: 1663 &rarr; <strong>1682</strong><br />(+19 for winning)
|raw|Bigkyuza18's rating: 1651 &rarr; <strong>1632</strong><br />(-19 for losing)
|l|☆Bigkyuza18
|player|p2|
|l| biscoitotroll
|l|☆Sashannarcy
|player|p1|
