|badge|p1|bronze|gen9ou|100-9
|uhtml|medal-msg|<div class="broadcast-blue">Curious what those medals under the avatar are? PS now has Ladder Seasons! For more information, check out the <a href="https://www.smogon.com/forums/threads/3740067/">thread on Smogon.</a></div>
|j|☆Billygunter
|j|☆Miurez
|t:|1780993486
|gametype|singles
|player|p1|Billygunter|102|1872
|player|p2|Miurez|pokemonranger-gen4|1778
|gen|9
|tier|[Gen 9] OU
|rated|
|rule|HP Percentage Mod: HP is shown in percentages
|rule|Endless Battle Clause: Forcing endless battles is banned
|rule|Species Clause: Limit one of each Pokémon
|rule|OHKO Clause: OHKO moves are banned
|rule|Evasion Items Clause: Evasion items are banned
|rule|Evasion Moves Clause: Evasion moves are banned
|rule|Evasion Abilities Clause: Evasion abilities are banned
|rule|Sleep Moves Clause: Sleep-inducing moves are banned
|clearpoke
|poke|p1|Ceruledge, F|
|poke|p1|Raging Bolt|
|poke|p1|Hatterene, F|
|poke|p1|Cobalion|
|poke|p1|Ogerpon-Wellspring, F|
|poke|p1|Landorus-Therian, M|
|poke|p2|Iron Moth|
|poke|p2|Gliscor, M|
|poke|p2|Hatterene, F|
|poke|p2|Ogerpon-Wellspring, F|
|poke|p2|Raging Bolt|
|poke|p2|Zamazenta-*|
|teampreview
|j| Hakone Outbound
|
|t:|1780993514
|teamsize|p1|6
|teamsize|p2|6
|start
|switch|p1a: Ceruledge|Ceruledge, F|100/100
|switch|p2a: Zamazenta|Zamazenta|100/100
|-ability|p2a: Zamazenta|Dauntless Shield|boost
|-boost|p2a: Zamazenta|def|1
|turn|1
|
|t:|1780993523
|move|p2a: Zamazenta|Reflect|p2a: Zamazenta
|-sidestart|p2: Miurez|Reflect
|move|p1a: Ceruledge|Swords Dance|p1a: Ceruledge
|-boost|p1a: Ceruledge|atk|2
|
|upkeep
|turn|2
|
|t:|1780993536
|switch|p2a: Ogerpon|Ogerpon-Wellspring, F|100/100
|move|p1a: Ceruledge|Bitter Blade|p2a: Ogerpon
|-damage|p2a: Ogerpon|19/100
|-damage|p1a: Ceruledge|91/100|[from] item: Life Orb
|
|upkeep
|turn|3
|
|t:|1780993569
|-terastallize|p1a: Ceruledge|Ghost
|move|p2a: Ogerpon|Ivy Cudgel|p1a: Ceruledge|[anim] Ivy Cudgel Water
|-damage|p1a: Ceruledge|16/100
|-ability|p1a: Ceruledge|Weak Armor|boost
|-unboost|p1a: Ceruledge|def|1
|-boost|p1a: Ceruledge|spe|2
|move|p1a: Ceruledge|Swords Dance|p1a: Ceruledge
|-boost|p1a: Ceruledge|atk|2
|
|upkeep
|turn|4
|
|t:|1780993580
|move|p1a: Ceruledge|Bitter Blade|p2a: Ogerpon
|-damage|p2a: Ogerpon|0 fnt
|-heal|p1a: Ceruledge|24/100|[from] drain|[of] p2a: Ogerpon
|faint|p2a: Ogerpon
|-damage|p1a: Ceruledge|14/100|[from] item: Life Orb
|
|upkeep
|
|t:|1780993592
|switch|p2a: Raging Bolt|Raging Bolt|100/100
|-enditem|p2a: Raging Bolt|Booster Energy
|-activate|p2a: Raging Bolt|ability: Protosynthesis|[fromitem]
|-start|p2a: Raging Bolt|protosynthesisspa
|turn|5
|
|t:|1780993612
|move|p1a: Ceruledge|Shadow Sneak|p2a: Raging Bolt
|-damage|p2a: Raging Bolt|41/100
|-damage|p1a: Ceruledge|4/100|[from] item: Life Orb
|move|p2a: Raging Bolt|Thunderbolt|p1a: Ceruledge
|-damage|p1a: Ceruledge|0 fnt
|faint|p1a: Ceruledge
|
|upkeep
|
|t:|1780993630
|switch|p1a: Landorus|Landorus-Therian, M|100/100
|-ability|p1a: Landorus|Intimidate|boost
|-unboost|p2a: Raging Bolt|atk|1
|turn|6
|
|t:|1780993638
|-end|p2a: Raging Bolt|Protosynthesis|[silent]
|switch|p2a: Gliscor|Gliscor, M|100/100
|move|p1a: Landorus|Outrage|p2a: Gliscor
|-crit|p2a: Gliscor
|-damage|p2a: Gliscor|42/100
|
|-status|p2a: Gliscor|tox|[from] item: Toxic Orb
|upkeep
|turn|7
|
|t:|1780993647
|switch|p2a: Hatterene|Hatterene, F|100/100
|move|p1a: Landorus|Outrage|p2a: Hatterene|[from] lockedmove
|-immune|p2a: Hatterene
|
|upkeep
|turn|8
|
|t:|1780993658
|switch|p1a: Hatterene|Hatterene, F|100/100
|move|p2a: Hatterene|Calm Mind|p2a: Hatterene
|-boost|p2a: Hatterene|spa|1
|-boost|p2a: Hatterene|spd|1
|
|-sideend|p2: Miurez|Reflect
|upkeep
|turn|9
|j| mawaruru
|
|t:|1780993666
|move|p1a: Hatterene|Nuzzle|p2a: Hatterene
|-damage|p2a: Hatterene|97/100
|-status|p2a: Hatterene|par
|cant|p2a: Hatterene|par
|
|-heal|p2a: Hatterene|100/100 par|[from] item: Leftovers
|upkeep
|turn|10
|
|t:|1780993684
|move|p1a: Hatterene|Nuzzle|p2a: Hatterene
|-damage|p2a: Hatterene|97/100 par
|move|p2a: Hatterene|Calm Mind|p2a: Hatterene
|-boost|p2a: Hatterene|spa|1
|-boost|p2a: Hatterene|spd|1
|
|-heal|p2a: Hatterene|100/100 par|[from] item: Leftovers
|upkeep
|turn|11
|
|t:|1780993693
|move|p1a: Hatterene|Psychic Noise|p2a: Hatterene
|-resisted|p2a: Hatterene
|-damage|p2a: Hatterene|93/100 par
|-start|p2a: Hatterene|move: Heal Block
|move|p2a: Hatterene|Calm Mind|p2a: Hatterene
|-boost|p2a: Hatterene|spa|1
|-boost|p2a: Hatterene|spd|1
|
|upkeep
|turn|12
|
|t:|1780993709
|move|p1a: Hatterene|Draining Kiss|p2a: Hatterene
|-damage|p2a: Hatterene|84/100 par
|move|p2a: Hatterene|Calm Mind|p2a: Hatterene
|-boost|p2a: Hatterene|spa|1
|-boost|p2a: Hatterene|spd|1
|
|-end|p2a: Hatterene|move: Heal Block
|upkeep
|turn|13
|j| choispecs ironmoth
|
|t:|1780993725
|move|p1a: Hatterene|Psychic Noise|p2a: Hatterene
|-resisted|p2a: Hatterene
|-damage|p2a: Hatterene|78/100 par
|-start|p2a: Hatterene|move: Heal Block
|cant|p2a: Hatterene|move: Heal Block|Draining Kiss
|
|upkeep
|turn|14
|
|t:|1780993736
|switch|p1a: Raging Bolt|Raging Bolt|100/100
|cant|p2a: Hatterene|par
|
|-end|p2a: Hatterene|move: Heal Block
|upkeep
|turn|15
|
|t:|1780993755
|move|p1a: Raging Bolt|Volt Switch|p2a: Hatterene
|-damage|p2a: Hatterene|59/100 par
|
|t:|1780993759
|-end|p1a: Raging Bolt|Protosynthesis|[silent]
|switch|p1a: Hatterene|Hatterene, F|100/100|[from] Volt Switch
|move|p2a: Hatterene|Draining Kiss|p1a: Hatterene
|-damage|p1a: Hatterene|27/100
|-heal|p2a: Hatterene|100/100 par|[from] drain|[of] p1a: Hatterene
|-damage|p2a: Hatterene|84/100 par|[from] item: Rocky Helmet|[of] p1a: Hatterene
|
|-heal|p2a: Hatterene|90/100 par|[from] item: Leftovers
|upkeep
|turn|16
|l| mawaruru
|
|t:|1780993777
|move|p1a: Hatterene|Pain Split|p2a: Hatterene
|-sethp|p2a: Hatterene|58/100 par|[from] move: Pain Split|[silent]
|-sethp|p1a: Hatterene|58/100|[from] move: Pain Split
|cant|p2a: Hatterene|par
|
|-heal|p2a: Hatterene|64/100 par|[from] item: Leftovers
|upkeep
|turn|17
|
|t:|1780993785
|move|p1a: Hatterene|Psychic Noise|p2a: Hatterene
|-resisted|p2a: Hatterene
|-damage|p2a: Hatterene|58/100 par
|-start|p2a: Hatterene|move: Heal Block
|cant|p2a: Hatterene|par
|
|upkeep
|turn|18
|
|t:|1780993793
|move|p1a: Hatterene|Pain Split|p2a: Hatterene
|-sethp|p2a: Hatterene|58/100 par|[from] move: Pain Split|[silent]
|-sethp|p1a: Hatterene|58/100|[from] move: Pain Split
|move|p2a: Hatterene|Stored Power|p1a: Hatterene
|-resisted|p1a: Hatterene
|-damage|p1a: Hatterene|0 fnt
|faint|p1a: Hatterene
|
|-end|p2a: Hatterene|move: Heal Block
|upkeep
|
|t:|1780993804
|switch|p1a: Ogerpon|Ogerpon-Wellspring, F|100/100
|turn|19
|
|t:|1780993808
|move|p1a: Ogerpon|Power Whip|p2a: Hatterene
|-damage|p2a: Hatterene|0 fnt
|faint|p2a: Hatterene
|
|upkeep
|
|t:|1780993815
|switch|p2a: Zamazenta|Zamazenta|100/100
|turn|20
|
|t:|1780993825
|move|p2a: Zamazenta|Reflect|p2a: Zamazenta
|-sidestart|p2: Miurez|Reflect
|move|p1a: Ogerpon|Ivy Cudgel|p2a: Zamazenta|[anim] Ivy Cudgel Water
|-damage|p2a: Zamazenta|75/100
|
|upkeep
|turn|21
|
|t:|1780993831
|move|p2a: Zamazenta|Close Combat|p1a: Ogerpon
|-damage|p1a: Ogerpon|31/100
|-unboost|p2a: Zamazenta|def|1
|-unboost|p2a: Zamazenta|spd|1
|move|p1a: Ogerpon|Knock Off|p2a: Zamazenta
|-resisted|p2a: Zamazenta
|-damage|p2a: Zamazenta|64/100
|-enditem|p2a: Zamazenta|Light Clay|[from] move: Knock Off|[of] p1a: Ogerpon
|
|upkeep
|turn|22
|
|t:|1780993845
|move|p2a: Zamazenta|Close Combat|p1a: Ogerpon
|-damage|p1a: Ogerpon|0 fnt
|-unboost|p2a: Zamazenta|def|1
|-unboost|p2a: Zamazenta|spd|1
|faint|p1a: Ogerpon
|
|upkeep
|j| Eepsilon
|l| Eepsilon
|
|t:|1780993853
|switch|p1a: Landorus|Landorus-Therian, M|100/100
|-ability|p1a: Landorus|Intimidate|boost
|-unboost|p2a: Zamazenta|atk|1
|turn|23
|
|t:|1780993857
|switch|p1a: Cobalion|Cobalion|100/100
|move|p2a: Zamazenta|Ice Fang|p1a: Cobalion
|-resisted|p1a: Cobalion
|-damage|p1a: Cobalion|97/100
|-damage|p2a: Zamazenta|47/100|[from] item: Rocky Helmet|[of] p1a: Cobalion
|
|upkeep
|turn|24
|
|t:|1780993866
|switch|p2a: Iron Moth|Iron Moth|100/100
|-enditem|p2a: Iron Moth|Booster Energy
|-activate|p2a: Iron Moth|ability: Quark Drive|[fromitem]
|-start|p2a: Iron Moth|quarkdrivespe
|move|p1a: Cobalion|Iron Defense|p1a: Cobalion
|-boost|p1a: Cobalion|def|2
|
|upkeep
|turn|25
|
|t:|1780993875
|switch|p1a: Landorus|Landorus-Therian, M|100/100
|-ability|p1a: Landorus|Intimidate|boost
|-unboost|p2a: Iron Moth|atk|1
|move|p2a: Iron Moth|Fiery Dance|p1a: Landorus
|-damage|p1a: Landorus|53/100
|
|upkeep
|turn|26
|
|t:|1780993883
|move|p2a: Iron Moth|Fiery Dance|p1a: Landorus
|-damage|p1a: Landorus|0 fnt
|-boost|p2a: Iron Moth|spa|1
|faint|p1a: Landorus
|
|upkeep
|
|t:|1780993889
|switch|p1a: Raging Bolt|Raging Bolt|100/100
|turn|27
|
|t:|1780993893
|move|p2a: Iron Moth|Sludge Wave|p1a: Raging Bolt
|-damage|p1a: Raging Bolt|40/100
|move|p1a: Raging Bolt|Draco Meteor|p2a: Iron Moth
|-damage|p2a: Iron Moth|0 fnt
|-unboost|p1a: Raging Bolt|spa|2
|faint|p2a: Iron Moth
|-end|p2a: Iron Moth|Quark Drive|[silent]
|
|-sideend|p2: Miurez|Reflect
|upkeep
|
|t:|1780993908
|switch|p2a: Zamazenta|Zamazenta|47/100
|turn|28
|
|t:|1780993911
|move|p2a: Zamazenta|Close Combat|p1a: Raging Bolt
|-damage|p1a: Raging Bolt|0 fnt
|-unboost|p2a: Zamazenta|def|1
|-unboost|p2a: Zamazenta|spd|1
|faint|p1a: Raging Bolt
|-end|p1a: Raging Bolt|Protosynthesis|[silent]
|
|upkeep
|
|t:|1780993918
|switch|p1a: Cobalion|Cobalion|97/100
|turn|29
|
|t:|1780993923
|move|p2a: Zamazenta|Close Combat|p1a: Cobalion
|-supereffective|p1a: Cobalion
|-crit|p1a: Cobalion
|-damage|p1a: Cobalion|2/100
|-unboost|p2a: Zamazenta|def|1
|-unboost|p2a: Zamazenta|spd|1
|-damage|p2a: Zamazenta|31/100|[from] item: Rocky Helmet|[of] p1a: Cobalion
|move|p1a: Cobalion|Iron Defense|p1a: Cobalion
|-boost|p1a: Cobalion|def|2
|
|upkeep
|turn|30
|
|t:|1780993935
|move|p2a: Zamazenta|Close Combat|p1a: Cobalion
|-supereffective|p1a: Cobalion
|-damage|p1a: Cobalion|0 fnt
|-unboost|p2a: Zamazenta|def|1
|-unboost|p2a: Zamazenta|spd|1
|-damage|p2a: Zamazenta|14/100|[from] item: Rocky Helmet|[of] p1a: Cobalion
|faint|p1a: Cobalion
|
|win|Miurez
|raw|Billygunter's rating: 1872 &rarr; <strong>1847</strong><br />(-25 for losing)
|raw|Miurez's rating: 1778 &rarr; <strong>1803</strong><br />(+25 for winning)
|c|☆Billygunter|Gg
|c|☆Miurez|Gg
|l| choispecs ironmoth
|l|☆Miurez
|player|p2|
|l|☆Billygunter
|player|p1|
