|j|☆msean3
|j|☆yesterdaymister
|t:|1781470896
|gametype|singles
|player|p1|msean3|101|1680
|player|p2|yesterdaymister|striker|1754
|gen|9
|tier|[Gen 9] OU
|rated|
|rule|HP Percentage Mod: HP is shown in percentages
|rule|Endless Battle Clause: Forcing endless battles is banned
|rule|Species Clause: Limit one of each Pokémon
|rule|OHKO Clause: OHKO moves are banned
|rule|Evasion Items Clause: Evasion items are banned
|rule|Evasion Moves Clause: Evasion moves are banned
|rule|Evasion Abilities Clause: Evasion abilities are banned
|rule|Sleep Moves Clause: Sleep-inducing moves are banned
|clearpoke
|poke|p1|Darkrai|
|poke|p1|Alomomola, M|
|poke|p1|Corviknight, M|
|poke|p1|Weezing-Galar, M|
|poke|p1|Garchomp, M|
|poke|p1|Ogerpon, F|
|poke|p2|Ninetales, F|
|poke|p2|Ceruledge, F|
|poke|p2|Venusaur, M|
|poke|p2|Hatterene, F|
|poke|p2|Great Tusk|
|poke|p2|Walking Wake|
|teampreview
|inactive|Battle timer is ON: inactive players will automatically lose when time's up. (requested by yesterdaymister)
|inactive|yesterdaymister has 120 seconds left.
|
|t:|1781470957
|teamsize|p1|6
|teamsize|p2|6
|start
|switch|p1a: Darkrai|Darkrai|100/100
|switch|p2a: arda guler|Ninetales, F|100/100
|-weather|SunnyDay|[from] ability: Drought|[of] p2a: arda guler
|turn|1
|
|t:|1781470961
|switch|p2a: maccabi|Hatterene, F|100/100
|move|p1a: Darkrai|Dark Pulse|p2a: maccabi
|-damage|p2a: maccabi|34/100
|-enditem|p2a: maccabi|Eject Button
|
|t:|1781470963
|switch|p2a: hans vanaken|Venusaur, M|100/100
|
|-weather|SunnyDay|[upkeep]
|upkeep
|turn|2
|
|t:|1781470966
|move|p2a: hans vanaken|Growth|p2a: hans vanaken
|-boost|p2a: hans vanaken|atk|2
|-boost|p2a: hans vanaken|spa|2
|move|p1a: Darkrai|Dark Pulse|p2a: hans vanaken
|-damage|p2a: hans vanaken|23/100
|
|-weather|SunnyDay|[upkeep]
|upkeep
|turn|3
|
|t:|1781470977
|switch|p1a: Corviknight|Corviknight, M|100/100
|-ability|p1a: Corviknight|Pressure
|move|p2a: hans vanaken|Giga Drain|p1a: Corviknight
|-resisted|p1a: Corviknight
|-damage|p1a: Corviknight|85/100
|-heal|p2a: hans vanaken|34/100|[from] drain|[of] p1a: Corviknight
|-damage|p2a: hans vanaken|24/100|[from] item: Life Orb
|
|-weather|SunnyDay|[upkeep]
|-heal|p1a: Corviknight|91/100|[from] item: Leftovers
|upkeep
|turn|4
|
|t:|1781470985
|switch|p1a: Alomomola|Alomomola, M|100/100
|move|p2a: hans vanaken|Sludge Bomb|p1a: Alomomola
|-damage|p1a: Alomomola|42/100
|-damage|p2a: hans vanaken|14/100|[from] item: Life Orb
|
|-weather|SunnyDay|[upkeep]
|upkeep
|turn|5
|
|t:|1781470992
|switch|p1a: Corviknight|Corviknight, M|91/100
|-ability|p1a: Corviknight|Pressure
|move|p2a: hans vanaken|Giga Drain|p1a: Corviknight
|-resisted|p1a: Corviknight
|-damage|p1a: Corviknight|76/100
|-heal|p2a: hans vanaken|24/100|[from] drain|[of] p1a: Corviknight
|-damage|p2a: hans vanaken|14/100|[from] item: Life Orb
|
|-weather|SunnyDay|[upkeep]
|-heal|p1a: Corviknight|82/100|[from] item: Leftovers
|upkeep
|turn|6
|
|t:|1781470996
|move|p2a: hans vanaken|Weather Ball|p1a: Corviknight
|-supereffective|p1a: Corviknight
|-damage|p1a: Corviknight|0 fnt
|faint|p1a: Corviknight
|-damage|p2a: hans vanaken|4/100|[from] item: Life Orb
|
|-weather|SunnyDay|[upkeep]
|upkeep
|
|t:|1781470998
|switch|p1a: Alomomola|Alomomola, M|75/100
|turn|7
|
|t:|1781471001
|move|p1a: Alomomola|Aqua Jet|p2a: hans vanaken
|-resisted|p2a: hans vanaken
|-damage|p2a: hans vanaken|1/100
|move|p2a: hans vanaken|Giga Drain|p1a: Alomomola
|-supereffective|p1a: Alomomola
|-damage|p1a: Alomomola|0 fnt
|-heal|p2a: hans vanaken|67/100|[from] drain|[of] p1a: Alomomola
|faint|p1a: Alomomola
|-damage|p2a: hans vanaken|57/100|[from] item: Life Orb
|
|-weather|SunnyDay|[upkeep]
|upkeep
|c|☆msean3|thats not good
|c|☆yesterdaymister|not at all
|
|t:|1781471014
|switch|p1a: Weezing|Weezing-Galar, M|100/100
|-ability|p1a: Weezing|Neutralizing Gas
|turn|8
|
|t:|1781471019
|move|p2a: hans vanaken|Weather Ball|p1a: Weezing
|-damage|p1a: Weezing|0 fnt
|faint|p1a: Weezing
|-end|p1a: Weezing|ability: Neutralizing Gas
|-damage|p2a: hans vanaken|47/100|[from] item: Life Orb
|
|-weather|none
|upkeep
|c|☆yesterdaymister|is this a sample
|
|t:|1781471027
|switch|p1a: Darkrai|Darkrai|100/100
|turn|9
|
|t:|1781471031
|switch|p2a: arda guler|Ninetales, F|100/100
|-weather|SunnyDay|[from] ability: Drought|[of] p2a: arda guler
|move|p1a: Darkrai|Dark Pulse|p2a: arda guler
|-damage|p2a: arda guler|34/100
|
|-weather|SunnyDay|[upkeep]
|upkeep
|turn|10
|c|☆msean3|stolen from a pokeaim video
|
|t:|1781471039
|switch|p2a: maccabi|Hatterene, F|34/100
|move|p1a: Darkrai|Dark Pulse|p2a: maccabi
|-damage|p2a: maccabi|0 fnt
|faint|p2a: maccabi
|
|-weather|SunnyDay|[upkeep]
|upkeep
|
|t:|1781471048
|switch|p2a: hans vanaken|Venusaur, M|47/100
|turn|11
|
|t:|1781471050
|-terastallize|p2a: hans vanaken|Fire
|move|p2a: hans vanaken|Weather Ball|p1a: Darkrai
|-damage|p1a: Darkrai|0 fnt
|faint|p1a: Darkrai
|-damage|p2a: hans vanaken|37/100|[from] item: Life Orb
|
|-weather|SunnyDay|[upkeep]
|upkeep
|
|t:|1781471053
|switch|p1a: Garchomp|Garchomp, M|100/100
|turn|12
|c|☆yesterdaymister|yea venu cooks this team i love running into it lol
|
|t:|1781471061
|move|p2a: hans vanaken|Giga Drain|p1a: Garchomp
|-damage|p1a: Garchomp|54/100
|-heal|p2a: hans vanaken|70/100|[from] drain|[of] p1a: Garchomp
|-damage|p2a: hans vanaken|60/100|[from] item: Life Orb
|move|p1a: Garchomp|Earthquake|p2a: hans vanaken
|-supereffective|p2a: hans vanaken
|-damage|p2a: hans vanaken|0 fnt
|faint|p2a: hans vanaken
|
|-weather|SunnyDay|[upkeep]
|upkeep
|
|t:|1781471064
|switch|p2a: mignolet|Great Tusk|100/100
|-activate|p2a: mignolet|ability: Protosynthesis
|-start|p2a: mignolet|protosynthesisspe
|turn|13
|
|t:|1781471070
|move|p2a: mignolet|Ice Spinner|p1a: Garchomp
|-supereffective|p1a: Garchomp
|-damage|p1a: Garchomp|0 fnt
|-damage|p2a: mignolet|88/100|[from] ability: Rough Skin|[of] p1a: Garchomp
|-damage|p2a: mignolet|71/100|[from] item: Rocky Helmet|[of] p1a: Garchomp
|faint|p1a: Garchomp
|
|-weather|SunnyDay|[upkeep]
|upkeep
|
|t:|1781471073
|switch|p1a: Ogerpon|Ogerpon, F|100/100
|turn|14
|
|t:|1781471076
|-terastallize|p1a: Ogerpon|Grass
|detailschange|p1a: Ogerpon|Ogerpon-Teal-Tera, F, tera:Grass
|-ability|p1a: Ogerpon|Embody Aspect (Teal)|boost
|-boost|p1a: Ogerpon|spe|1
|move|p1a: Ogerpon|Ivy Cudgel|p2a: mignolet
|-supereffective|p2a: mignolet
|-damage|p2a: mignolet|0 fnt
|faint|p2a: mignolet
|-end|p2a: mignolet|Protosynthesis|[silent]
|
|-weather|SunnyDay|[upkeep]
|upkeep
|
|t:|1781471078
|switch|p2a: lebron|Ceruledge, F|100/100
|turn|15
|
|t:|1781471082
|move|p1a: Ogerpon|Knock Off|p2a: lebron
|-supereffective|p2a: lebron
|-damage|p2a: lebron|16/100
|-ability|p2a: lebron|Weak Armor|boost
|-unboost|p2a: lebron|def|1
|-boost|p2a: lebron|spe|2
|-enditem|p2a: lebron|Focus Sash|[from] move: Knock Off|[of] p1a: Ogerpon
|move|p2a: lebron|Bitter Blade|p1a: Ogerpon
|-supereffective|p1a: Ogerpon
|-damage|p1a: Ogerpon|0 fnt
|-heal|p2a: lebron|68/100|[from] drain|[of] p1a: Ogerpon
|faint|p1a: Ogerpon
|detailschange|p1: Ogerpon|Ogerpon, F|[silent]
|
|win|yesterdaymister
|raw|msean3's rating: 1680 &rarr; <strong>1664</strong><br />(-16 for losing)
|raw|yesterdaymister's rating: 1754 &rarr; <strong>1770</strong><br />(+16 for winning)
|c|☆msean3|gg
|c|☆yesterdaymister|gg
|l|☆yesterdaymister
|player|p2|
|l|☆msean3
|player|p1|
