|j|☆Gunkip
|j|☆PieCubed^3
|t:|1781417644
|gametype|singles
|player|p1|Gunkip|zinnia|1609
|player|p2|PieCubed^3|hilda-wonderlauncher|1559
|gen|9
|tier|[Gen 9] OU
|rated|
|rule|HP Percentage Mod: HP is shown in percentages
|rule|Endless Battle Clause: Forcing endless battles is banned
|rule|Species Clause: Limit one of each Pokémon
|rule|OHKO Clause: OHKO moves are banned
|rule|Evasion Items Clause: Evasion items are banned
|rule|Evasion Moves Clause: Evasion moves are banned
|rule|Evasion Abilities Clause: Evasion abilities are banned
|rule|Sleep Moves Clause: Sleep-inducing moves are banned
|clearpoke
|poke|p1|Samurott-Hisui, F|
|poke|p1|Dragonite, F|
|poke|p1|Kingambit, F|
|poke|p1|Iron Moth|
|poke|p1|Iron Valiant|
|poke|p1|Moltres-Galar|
|poke|p2|Araquanid, F|
|poke|p2|Gholdengo|
|poke|p2|Iron Moth|
|poke|p2|Iron Valiant|
|poke|p2|Raging Bolt|
|poke|p2|Kingambit, F|
|teampreview
|inactive|Battle timer is ON: inactive players will automatically lose when time's up. (requested by PieCubed^3)
|
|t:|1781417670
|teamsize|p1|6
|teamsize|p2|6
|start
|switch|p1a: bird is the word|Moltres-Galar|100/100
|switch|p2a: QUIL|Araquanid, F|100/100
|turn|1
|
|t:|1781417694
|move|p1a: bird is the word|Nasty Plot|p1a: bird is the word
|-boost|p1a: bird is the word|spa|2
|move|p2a: QUIL|Sticky Web|p1a: bird is the word
|-sidestart|p1: Gunkip|move: Sticky Web
|
|upkeep
|turn|2
|
|t:|1781417699
|move|p1a: bird is the word|Agility|p1a: bird is the word
|-boost|p1a: bird is the word|spe|2
|move|p2a: QUIL|Surf|p1a: bird is the word
|-damage|p1a: bird is the word|72/100
|
|upkeep
|turn|3
|
|t:|1781417707
|move|p1a: bird is the word|Fiery Wrath|p2a: QUIL
|-damage|p2a: QUIL|46/100
|move|p2a: QUIL|Endeavor|p1a: bird is the word
|-damage|p1a: bird is the word|49/100
|-ability|p1a: bird is the word|Berserk|boost
|-boost|p1a: bird is the word|spa|1
|-enditem|p1a: bird is the word|Sitrus Berry|[eat]
|-heal|p1a: bird is the word|74/100|[from] item: Sitrus Berry
|
|upkeep
|turn|4
|
|t:|1781417714
|move|p1a: bird is the word|Fiery Wrath|p2a: QUIL
|-damage|p2a: QUIL|0 fnt
|faint|p2a: QUIL
|
|upkeep
|
|t:|1781417719
|switch|p2a: DELI|Raging Bolt|100/100
|-enditem|p2a: DELI|Booster Energy
|-activate|p2a: DELI|ability: Protosynthesis|[fromitem]
|-start|p2a: DELI|protosynthesisspa
|turn|5
|
|t:|1781417725
|-terastallize|p1a: bird is the word|Ghost
|move|p1a: bird is the word|Fiery Wrath|p2a: DELI
|-crit|p2a: DELI
|-damage|p2a: DELI|0 fnt
|faint|p2a: DELI
|-end|p2a: DELI|Protosynthesis|[silent]
|
|upkeep
|
|t:|1781417730
|switch|p2a: SUPA|Kingambit, F|100/100
|-activate|p2a: SUPA|ability: Supreme Overlord
|-start|p2a: SUPA|fallen2|[silent]
|-item|p2a: SUPA|Air Balloon
|turn|6
|
|t:|1781417739
|move|p1a: bird is the word|Fiery Wrath|p2a: SUPA
|-resisted|p2a: SUPA
|-damage|p2a: SUPA|37/100
|-enditem|p2a: SUPA|Air Balloon
|move|p2a: SUPA|Kowtow Cleave|p1a: bird is the word
|-supereffective|p1a: bird is the word
|-damage|p1a: bird is the word|0 fnt
|faint|p1a: bird is the word
|
|upkeep
|
|t:|1781417746
|switch|p1a: 90% accurate|Samurott-Hisui, F|100/100
|-activate|p1a: 90% accurate|move: Sticky Web
|-unboost|p1a: 90% accurate|spe|1
|turn|7
|
|t:|1781417753
|-end|p2a: SUPA|fallen2|[silent]
|switch|p2a: QUZZ|Iron Valiant|100/100
|-enditem|p2a: QUZZ|Booster Energy
|-activate|p2a: QUZZ|ability: Quark Drive|[fromitem]
|-start|p2a: QUZZ|quarkdrivespa
|move|p1a: 90% accurate|Aqua Cutter|p2a: QUZZ
|-damage|p2a: QUZZ|32/100
|
|upkeep
|turn|8
|
|t:|1781417759
|move|p2a: QUZZ|Moonblast|p1a: 90% accurate
|-supereffective|p1a: 90% accurate
|-enditem|p1a: 90% accurate|Focus Sash
|-damage|p1a: 90% accurate|1/100
|-unboost|p1a: 90% accurate|spa|1
|move|p1a: 90% accurate|Aqua Cutter|p2a: QUZZ
|-damage|p2a: QUZZ|0 fnt
|faint|p2a: QUZZ
|-end|p2a: QUZZ|Quark Drive|[silent]
|
|upkeep
|
|t:|1781417764
|switch|p2a: CALA|Iron Moth|100/100
|-enditem|p2a: CALA|Booster Energy
|-activate|p2a: CALA|ability: Quark Drive|[fromitem]
|-start|p2a: CALA|quarkdrivespa
|turn|9
|
|t:|1781417766
|move|p2a: CALA|Fiery Dance|p1a: 90% accurate
|-resisted|p1a: 90% accurate
|-damage|p1a: 90% accurate|0 fnt
|-boost|p2a: CALA|spa|1
|faint|p1a: 90% accurate
|
|upkeep
|
|t:|1781417768
|switch|p1a: feels the aura|Dragonite, F|100/100
|turn|10
|inactive|PieCubed^3 has 120 seconds left.
|j| Ctannn
|inactive|PieCubed^3 has 90 seconds left.
|
|t:|1781417830
|-terastallize|p2a: CALA|Grass
|move|p2a: CALA|Sludge Wave|p1a: feels the aura
|-damage|p1a: feels the aura|47/100
|move|p1a: feels the aura|Dragon Dance|p1a: feels the aura
|-boost|p1a: feels the aura|atk|1
|-boost|p1a: feels the aura|spe|1
|
|upkeep
|turn|11
|
|t:|1781417844
|move|p1a: feels the aura|Outrage|p2a: CALA
|-damage|p2a: CALA|0 fnt
|faint|p2a: CALA
|-end|p2a: CALA|Quark Drive|[silent]
|
|upkeep
|
|t:|1781417847
|switch|p2a: TREE?|Gholdengo|100/100
|-item|p2a: TREE?|Air Balloon
|turn|12
|
|t:|1781417854
|move|p1a: feels the aura|Outrage|p2a: TREE?|[from] lockedmove
|-resisted|p2a: TREE?
|-damage|p2a: TREE?|39/100
|-enditem|p2a: TREE?|Air Balloon
|move|p2a: TREE?|Nasty Plot|p2a: TREE?
|-boost|p2a: TREE?|spa|2
|
|upkeep
|turn|13
|-message|PieCubed^3 forfeited.
|
|win|Gunkip
|raw|Gunkip's rating: 1609 &rarr; <strong>1626</strong><br />(+17 for winning)
|raw|PieCubed^3's rating: 1559 &rarr; <strong>1542</strong><br />(-17 for losing)
|l|☆PieCubed^3
|player|p2|
|l|☆Gunkip
|player|p1|
|l| Ctannn
