|j|☆Smitherz107
|j|☆employment devil
|t:|1781497613
|gametype|singles
|player|p1|Smitherz107|wallace|1526
|player|p2|employment devil|lusamine-nihilego|1634
|gen|9
|tier|[Gen 9] OU
|rated|
|rule|HP Percentage Mod: HP is shown in percentages
|rule|Endless Battle Clause: Forcing endless battles is banned
|rule|Species Clause: Limit one of each Pokémon
|rule|OHKO Clause: OHKO moves are banned
|rule|Evasion Items Clause: Evasion items are banned
|rule|Evasion Moves Clause: Evasion moves are banned
|rule|Evasion Abilities Clause: Evasion abilities are banned
|rule|Sleep Moves Clause: Sleep-inducing moves are banned
|clearpoke
|poke|p1|Rillaboom, M|
|poke|p1|Alomomola, F|
|poke|p1|Ninetales-Alola, F|
|poke|p1|Great Tusk|
|poke|p1|Latias, F|
|poke|p1|Heatran, F|
|poke|p2|Ting-Lu|
|poke|p2|Clefable, M|
|poke|p2|Pecharunt|
|poke|p2|Garganacl, M|
|poke|p2|Skarmory, M|
|poke|p2|Deoxys-Speed|
|teampreview
|c|☆employment devil|hf
|
|t:|1781497630
|teamsize|p1|6
|teamsize|p2|6
|start
|switch|p1a: Rillaboom|Rillaboom, M|100/100
|switch|p2a: Pecharunt|Pecharunt|100/100
|-fieldstart|move: Grassy Terrain|[from] ability: Grassy Surge|[of] p1a: Rillaboom
|turn|1
|
|t:|1781497649
|move|p2a: Pecharunt|Malignant Chain|p1a: Rillaboom
|-supereffective|p1a: Rillaboom
|-damage|p1a: Rillaboom|32/100
|-status|p1a: Rillaboom|tox
|-start|p1a: Rillaboom|confusion|[from] ability: Poison Puppeteer|[of] p2a: Pecharunt
|-activate|p1a: Rillaboom|confusion
|move|p1a: Rillaboom|Knock Off|p2a: Pecharunt
|-supereffective|p2a: Pecharunt
|-damage|p2a: Pecharunt|50/100
|-enditem|p2a: Pecharunt|Heavy-Duty Boots|[from] move: Knock Off|[of] p1a: Rillaboom
|
|-heal|p2a: Pecharunt|56/100|[from] Grassy Terrain
|-heal|p1a: Rillaboom|38/100 tox|[from] Grassy Terrain
|-damage|p1a: Rillaboom|32/100 tox|[from] psn
|upkeep
|turn|2
|
|t:|1781497655
|switch|p1a: Heatran|Heatran, F|100/100
|move|p2a: Pecharunt|Recover|p2a: Pecharunt
|-heal|p2a: Pecharunt|100/100
|
|upkeep
|turn|3
|
|t:|1781497659
|switch|p2a: Garganacl|Garganacl, M|100/100
|move|p1a: Heatran|Stealth Rock|p2a: Garganacl
|-sidestart|p2: employment devil|move: Stealth Rock
|
|upkeep
|turn|4
|
|t:|1781497665
|move|p1a: Heatran|Taunt|p2a: Garganacl
|-start|p2a: Garganacl|move: Taunt
|move|p2a: Garganacl|Salt Cure|p1a: Heatran
|-damage|p1a: Heatran|90/100
|-start|p1a: Heatran|Salt Cure
|
|-heal|p1a: Heatran|96/100|[from] Grassy Terrain
|-heal|p1a: Heatran|100/100|[from] item: Leftovers
|-damage|p1a: Heatran|76/100|[from] Salt Cure
|upkeep
|turn|5
|
|t:|1781497672
|switch|p1a: Great Tusk|Great Tusk|100/100
|move|p2a: Garganacl|Salt Cure|p1a: Great Tusk
|-resisted|p1a: Great Tusk
|-damage|p1a: Great Tusk|98/100
|-start|p1a: Great Tusk|Salt Cure
|
|-heal|p1a: Great Tusk|100/100|[from] Grassy Terrain
|-damage|p1a: Great Tusk|88/100|[from] Salt Cure
|-fieldend|move: Grassy Terrain
|upkeep
|turn|6
|
|t:|1781497680
|switch|p2a: Skarmory|Skarmory, M|100/100
|-damage|p2a: Skarmory|88/100|[from] Stealth Rock
|move|p1a: Great Tusk|Bulk Up|p1a: Great Tusk
|-boost|p1a: Great Tusk|atk|1
|-boost|p1a: Great Tusk|def|1
|
|-damage|p1a: Great Tusk|76/100|[from] Salt Cure
|upkeep
|turn|7
|
|t:|1781497686
|-end|p1a: Great Tusk|Protosynthesis|[silent]
|switch|p1a: Heatran|Heatran, F|76/100
|move|p2a: Skarmory|Iron Defense|p2a: Skarmory
|-boost|p2a: Skarmory|def|2
|
|-heal|p1a: Heatran|82/100|[from] item: Leftovers
|upkeep
|turn|8
|
|t:|1781497689
|switch|p2a: Garganacl|Garganacl, M|100/100
|move|p1a: Heatran|Lava Plume|p2a: Garganacl
|-resisted|p2a: Garganacl
|-damage|p2a: Garganacl|88/100
|
|-heal|p1a: Heatran|88/100|[from] item: Leftovers
|upkeep
|turn|9
|
|t:|1781497698
|switch|p1a: Great Tusk|Great Tusk|76/100
|move|p2a: Garganacl|Salt Cure|p1a: Great Tusk
|-resisted|p1a: Great Tusk
|-damage|p1a: Great Tusk|73/100
|-start|p1a: Great Tusk|Salt Cure
|
|-damage|p1a: Great Tusk|61/100|[from] Salt Cure
|upkeep
|turn|10
|
|t:|1781497703
|switch|p2a: Skarmory|Skarmory, M|88/100
|-damage|p2a: Skarmory|76/100|[from] Stealth Rock
|move|p1a: Great Tusk|Headlong Rush|p2a: Skarmory
|-immune|p2a: Skarmory
|
|-damage|p1a: Great Tusk|48/100|[from] Salt Cure
|upkeep
|turn|11
|
|t:|1781497708
|-end|p1a: Great Tusk|Protosynthesis|[silent]
|switch|p1a: Heatran|Heatran, F|88/100
|move|p2a: Skarmory|Spikes|p1a: Heatran
|-sidestart|p1: Smitherz107|Spikes
|
|-heal|p1a: Heatran|94/100|[from] item: Leftovers
|upkeep
|turn|12
|
|t:|1781497713
|switch|p2a: Garganacl|Garganacl, M|88/100
|move|p1a: Heatran|Earth Power|p2a: Garganacl
|-supereffective|p2a: Garganacl
|-damage|p2a: Garganacl|51/100
|
|-heal|p1a: Heatran|100/100|[from] item: Leftovers
|upkeep
|turn|13
|
|t:|1781497716
|move|p1a: Heatran|Earth Power|p2a: Garganacl
|-supereffective|p2a: Garganacl
|-damage|p2a: Garganacl|15/100
|move|p2a: Garganacl|Recover|p2a: Garganacl
|-heal|p2a: Garganacl|65/100
|
|upkeep
|turn|14
|
|t:|1781497727
|move|p1a: Heatran|Taunt|p2a: Garganacl
|-start|p2a: Garganacl|move: Taunt
|move|p2a: Garganacl|Salt Cure|p1a: Heatran
|-damage|p1a: Heatran|90/100
|-start|p1a: Heatran|Salt Cure
|
|-heal|p1a: Heatran|96/100|[from] item: Leftovers
|-damage|p1a: Heatran|71/100|[from] Salt Cure
|upkeep
|turn|15
|
|t:|1781497736
|switch|p2a: Ting-Lu|Ting-Lu|100/100
|-ability|p2a: Ting-Lu|Vessel of Ruin
|move|p1a: Heatran|Earth Power|p2a: Ting-Lu
|-damage|p2a: Ting-Lu|90/100
|
|-heal|p1a: Heatran|77/100|[from] item: Leftovers
|-damage|p1a: Heatran|52/100|[from] Salt Cure
|upkeep
|turn|16
|
|t:|1781497745
|switch|p1a: Alomomola|Alomomola, F|100/100
|-damage|p1a: Alomomola|88/100|[from] Spikes
|move|p2a: Ting-Lu|Payback|p1a: Alomomola
|-damage|p1a: Alomomola|79/100
|-damage|p2a: Ting-Lu|73/100|[from] item: Rocky Helmet|[of] p1a: Alomomola
|
|upkeep
|turn|17
|
|t:|1781497757
|switch|p2a: Pecharunt|Pecharunt|100/100
|-damage|p2a: Pecharunt|88/100|[from] Stealth Rock
|move|p1a: Alomomola|Wish|p1a: Alomomola
|
|upkeep
|turn|18
|
|t:|1781497766
|move|p2a: Pecharunt|Malignant Chain|p1a: Alomomola
|-damage|p1a: Alomomola|42/100
|move|p1a: Alomomola|Flip Turn|p2a: Pecharunt
|-damage|p2a: Pecharunt|81/100
|
|t:|1781497773
|switch|p1a: Great Tusk|Great Tusk|48/100|[from] Flip Turn
|
|-heal|p1a: Great Tusk|100/100|[from] move: Wish|[wisher] Alomomola
|upkeep
|turn|19
|
|t:|1781497781
|move|p1a: Great Tusk|Bulk Up|p1a: Great Tusk
|-boost|p1a: Great Tusk|atk|1
|-boost|p1a: Great Tusk|def|1
|move|p2a: Pecharunt|Malignant Chain|p1a: Great Tusk
|-resisted|p1a: Great Tusk
|-damage|p1a: Great Tusk|78/100
|
|upkeep
|turn|20
|j| Shucklepilled
|
|t:|1781497786
|switch|p2a: Skarmory|Skarmory, M|76/100
|-damage|p2a: Skarmory|64/100|[from] Stealth Rock
|move|p1a: Great Tusk|Headlong Rush|p2a: Skarmory
|-immune|p2a: Skarmory
|
|upkeep
|turn|21
|
|t:|1781497790
|move|p1a: Great Tusk|Bulk Up|p1a: Great Tusk
|-boost|p1a: Great Tusk|atk|1
|-boost|p1a: Great Tusk|def|1
|move|p2a: Skarmory|Roost|p2a: Skarmory
|-heal|p2a: Skarmory|100/100
|-singleturn|p2a: Skarmory|move: Roost
|
|upkeep
|turn|22
|
|t:|1781497793
|move|p1a: Great Tusk|Bulk Up|p1a: Great Tusk
|-boost|p1a: Great Tusk|atk|1
|-boost|p1a: Great Tusk|def|1
|move|p2a: Skarmory|Iron Defense|p2a: Skarmory
|-boost|p2a: Skarmory|def|2
|
|upkeep
|turn|23
|
|t:|1781497797
|move|p1a: Great Tusk|Ice Spinner|p2a: Skarmory
|-damage|p2a: Skarmory|80/100
|-damage|p1a: Great Tusk|61/100|[from] item: Rocky Helmet|[of] p2a: Skarmory
|move|p2a: Skarmory|Iron Defense|p2a: Skarmory
|-boost|p2a: Skarmory|def|2
|
|upkeep
|turn|24
|
|t:|1781497818
|-end|p1a: Great Tusk|Protosynthesis|[silent]
|switch|p1a: Alomomola|Alomomola, F|76/100
|-damage|p1a: Alomomola|63/100|[from] Spikes
|move|p2a: Skarmory|Body Press|p1a: Alomomola
|-damage|p1a: Alomomola|19/100
|-damage|p2a: Skarmory|63/100|[from] item: Rocky Helmet|[of] p1a: Alomomola
|
|upkeep
|turn|25
|
|t:|1781497832
|move|p2a: Skarmory|Roost|p2a: Skarmory
|-heal|p2a: Skarmory|100/100
|-singleturn|p2a: Skarmory|move: Roost
|move|p1a: Alomomola|Wish|p1a: Alomomola
|
|upkeep
|turn|26
|
|t:|1781497838
|move|p1a: Alomomola|Protect|p1a: Alomomola
|-singleturn|p1a: Alomomola|Protect
|move|p2a: Skarmory|Body Press|p1a: Alomomola
|-activate|p1a: Alomomola|move: Protect
|
|-heal|p1a: Alomomola|69/100|[from] move: Wish|[wisher] Alomomola
|upkeep
|turn|27
|
|t:|1781497841
|move|p2a: Skarmory|Body Press|p1a: Alomomola
|-damage|p1a: Alomomola|20/100
|-damage|p2a: Skarmory|84/100|[from] item: Rocky Helmet|[of] p1a: Alomomola
|move|p1a: Alomomola|Flip Turn|p2a: Skarmory
|-damage|p2a: Skarmory|80/100
|-damage|p1a: Alomomola|3/100|[from] item: Rocky Helmet|[of] p2a: Skarmory
|
|t:|1781497845
|switch|p1a: Ninetales|Ninetales-Alola, F|100/100|[from] Flip Turn
|-damage|p1a: Ninetales|88/100|[from] Spikes
|-weather|Snowscape|[from] ability: Snow Warning|[of] p1a: Ninetales
|
|-weather|Snowscape|[upkeep]
|upkeep
|turn|28
|
|t:|1781497855
|switch|p2a: Garganacl|Garganacl, M|65/100
|move|p1a: Ninetales|Blizzard|p2a: Garganacl
|-damage|p2a: Garganacl|35/100
|
|-weather|Snowscape|[upkeep]
|upkeep
|turn|29
|
|t:|1781497865
|move|p1a: Ninetales|Blizzard|p2a: Garganacl
|-damage|p2a: Garganacl|5/100
|move|p2a: Garganacl|Recover|p2a: Garganacl
|-heal|p2a: Garganacl|55/100
|
|-weather|Snowscape|[upkeep]
|upkeep
|turn|30
|
|t:|1781497870
|move|p1a: Ninetales|Aurora Veil|p1a: Ninetales
|-sidestart|p1: Smitherz107|move: Aurora Veil
|move|p2a: Garganacl|Recover|p2a: Garganacl
|-heal|p2a: Garganacl|100/100
|
|-weather|Snowscape|[upkeep]
|upkeep
|turn|31
|
|t:|1781497875
|switch|p1a: Latias|Latias, F|100/100
|move|p2a: Garganacl|Salt Cure|p1a: Latias
|-damage|p1a: Latias|94/100
|-start|p1a: Latias|Salt Cure
|
|-weather|none
|-damage|p1a: Latias|81/100|[from] Salt Cure
|upkeep
|turn|32
|
|t:|1781497888
|switch|p2a: Clefable|Clefable, M|100/100
|move|p1a: Latias|Calm Mind|p1a: Latias
|-boost|p1a: Latias|spa|1
|-boost|p1a: Latias|spd|1
|
|-damage|p1a: Latias|69/100|[from] Salt Cure
|upkeep
|turn|33
|
|t:|1781497893
|move|p1a: Latias|Agility|p1a: Latias
|-boost|p1a: Latias|spe|2
|move|p2a: Clefable|Calm Mind|p2a: Clefable
|-boost|p2a: Clefable|spa|1
|-boost|p2a: Clefable|spd|1
|
|-damage|p1a: Latias|57/100|[from] Salt Cure
|upkeep
|turn|34
|
|t:|1781497897
|move|p1a: Latias|Calm Mind|p1a: Latias
|-boost|p1a: Latias|spa|1
|-boost|p1a: Latias|spd|1
|move|p2a: Clefable|Calm Mind|p2a: Clefable
|-boost|p2a: Clefable|spa|1
|-boost|p2a: Clefable|spd|1
|
|-damage|p1a: Latias|45/100|[from] Salt Cure
|upkeep
|turn|35
|
|t:|1781497900
|move|p1a: Latias|Calm Mind|p1a: Latias
|-boost|p1a: Latias|spa|1
|-boost|p1a: Latias|spd|1
|move|p2a: Clefable|Calm Mind|p2a: Clefable
|-boost|p2a: Clefable|spa|1
|-boost|p2a: Clefable|spd|1
|
|-damage|p1a: Latias|32/100|[from] Salt Cure
|upkeep
|turn|36
|
|t:|1781497903
|move|p1a: Latias|Stored Power|p2a: Clefable
|-damage|p2a: Clefable|17/100
|move|p2a: Clefable|Moonblast|p1a: Latias
|-supereffective|p1a: Latias
|-damage|p1a: Latias|0 fnt
|faint|p1a: Latias
|
|upkeep
|-message|Smitherz107 forfeited.
|
|win|employment devil
|raw|Smitherz107's rating: 1526 &rarr; <strong>1512</strong><br />(-14 for losing)
|raw|employment devil's rating: 1634 &rarr; <strong>1648</strong><br />(+14 for winning)
|l|☆Smitherz107
|player|p1|
|l|☆employment devil
|player|p2|
