|j|☆Roseofrosarade
|j|☆Acastillo631
|t:|1781390482
|gametype|singles
|player|p1|Roseofrosarade|1|1634
|player|p2|Acastillo631|silver|1640
|gen|9
|tier|[Gen 9] OU
|rated|
|rule|HP Percentage Mod: HP is shown in percentages
|rule|Endless Battle Clause: Forcing endless battles is banned
|rule|Species Clause: Limit one of each Pokémon
|rule|OHKO Clause: OHKO moves are banned
|rule|Evasion Items Clause: Evasion items are banned
|rule|Evasion Moves Clause: Evasion moves are banned
|rule|Evasion Abilities Clause: Evasion abilities are banned
|rule|Sleep Moves Clause: Sleep-inducing moves are banned
|clearpoke
|poke|p1|Umbreon, M|
|poke|p1|Sinistcha|
|poke|p1|Iron Treads|
|poke|p1|Slowking, F|
|poke|p1|Tornadus-Therian, M|
|poke|p1|Zamazenta-*|
|poke|p2|Iron Valiant|
|poke|p2|Sinistcha|
|poke|p2|Tyranitar, M|
|poke|p2|Klefki, F|
|poke|p2|Swampert, F|
|poke|p2|Talonflame, F|
|teampreview
|
|t:|1781390515
|teamsize|p1|6
|teamsize|p2|6
|start
|switch|p1a: Tornadus|Tornadus-Therian, M|100/100
|switch|p2a: Duff Mcwhalen|Swampert, F|100/100
|turn|1
|
|t:|1781390526
|move|p1a: Tornadus|Focus Blast|p2a: Duff Mcwhalen
|-damage|p2a: Duff Mcwhalen|62/100
|move|p2a: Duff Mcwhalen|Stealth Rock|p1a: Tornadus
|-sidestart|p1: Roseofrosarade|move: Stealth Rock
|
|-heal|p2a: Duff Mcwhalen|68/100|[from] item: Leftovers
|upkeep
|turn|2
|
|t:|1781390533
|move|p1a: Tornadus|Focus Blast|p2a: Duff Mcwhalen|[miss]
|-miss|p1a: Tornadus|p2a: Duff Mcwhalen
|move|p2a: Duff Mcwhalen|Knock Off|p1a: Tornadus
|-damage|p1a: Tornadus|69/100
|-enditem|p1a: Tornadus|Choice Specs|[from] move: Knock Off|[of] p2a: Duff Mcwhalen
|
|-heal|p2a: Duff Mcwhalen|74/100|[from] item: Leftovers
|upkeep
|turn|3
|
|t:|1781390540
|move|p1a: Tornadus|Knock Off|p2a: Duff Mcwhalen
|-damage|p2a: Duff Mcwhalen|55/100
|-enditem|p2a: Duff Mcwhalen|Leftovers|[from] move: Knock Off|[of] p1a: Tornadus
|move|p2a: Duff Mcwhalen|Flip Turn|p1a: Tornadus
|-damage|p1a: Tornadus|37/100
|
|t:|1781390553
|switch|p2a: Talonflame|Talonflame, F|100/100|[from] Flip Turn
|
|upkeep
|turn|4
|
|t:|1781390558
|switch|p1a: Slowking|Slowking, F|100/100
|-damage|p1a: Slowking|88/100|[from] Stealth Rock
|move|p2a: Talonflame|Will-O-Wisp|p1a: Slowking|[miss]
|-miss|p2a: Talonflame|p1a: Slowking
|
|upkeep
|turn|5
|
|t:|1781390566
|switch|p2a: Eregion|Tyranitar, M|100/100
|-weather|Sandstorm|[from] ability: Sand Stream|[of] p2a: Eregion
|move|p1a: Slowking|Scald|p2a: Eregion
|-supereffective|p2a: Eregion
|-damage|p2a: Eregion|78/100
|
|-weather|Sandstorm|[upkeep]
|-damage|p1a: Slowking|82/100|[from] Sandstorm
|-heal|p2a: Eregion|84/100|[from] item: Leftovers
|upkeep
|turn|6
|
|t:|1781390571
|switch|p1a: Iron Treads|Iron Treads|100/100
|-damage|p1a: Iron Treads|97/100|[from] Stealth Rock
|move|p2a: Eregion|Knock Off|p1a: Iron Treads
|-damage|p1a: Iron Treads|65/100
|-enditem|p1a: Iron Treads|Leftovers|[from] move: Knock Off|[of] p2a: Eregion
|
|-weather|Sandstorm|[upkeep]
|-heal|p2a: Eregion|91/100|[from] item: Leftovers
|upkeep
|turn|7
|
|t:|1781390582
|switch|p2a: Wire Sponge|Sinistcha|100/100
|move|p1a: Iron Treads|Stealth Rock|p2a: Wire Sponge
|-sidestart|p2: Acastillo631|move: Stealth Rock
|
|-weather|Sandstorm|[upkeep]
|-damage|p2a: Wire Sponge|94/100|[from] Sandstorm
|upkeep
|turn|8
|
|t:|1781390586
|move|p1a: Iron Treads|Knock Off|p2a: Wire Sponge
|-supereffective|p2a: Wire Sponge
|-damage|p2a: Wire Sponge|52/100
|-enditem|p2a: Wire Sponge|Heavy-Duty Boots|[from] move: Knock Off|[of] p1a: Iron Treads
|move|p2a: Wire Sponge|Matcha Gotcha|p1a: Iron Treads
|-damage|p1a: Iron Treads|32/100
|-heal|p2a: Wire Sponge|70/100|[from] drain|[of] p1a: Iron Treads
|
|-weather|Sandstorm|[upkeep]
|-damage|p2a: Wire Sponge|64/100|[from] Sandstorm
|upkeep
|turn|9
|
|t:|1781390595
|-end|p1a: Iron Treads|Quark Drive|[silent]
|switch|p1a: Umbreon|Umbreon, M|100/100
|-damage|p1a: Umbreon|88/100|[from] Stealth Rock
|move|p2a: Wire Sponge|Strength Sap|p1a: Umbreon
|-unboost|p1a: Umbreon|atk|1
|-heal|p2a: Wire Sponge|99/100
|
|-weather|none
|-heal|p1a: Umbreon|94/100|[from] item: Leftovers
|upkeep
|turn|10
|
|t:|1781390604
|switch|p2a: Redips|Klefki, F|100/100
|-damage|p2a: Redips|95/100|[from] Stealth Rock
|move|p1a: Umbreon|Toxic|p2a: Redips|[miss]
|-miss|p1a: Umbreon|p2a: Redips
|
|-heal|p1a: Umbreon|99/100|[from] item: Leftovers
|upkeep
|turn|11
|
|t:|1781390608
|switch|p1a: Iron Treads|Iron Treads|32/100
|-damage|p1a: Iron Treads|29/100|[from] Stealth Rock
|move|p2a: Redips|Spikes|p1a: Iron Treads
|-sidestart|p1: Roseofrosarade|Spikes
|
|upkeep
|turn|12
|
|t:|1781390615
|-end|p1a: Iron Treads|Quark Drive|[silent]
|switch|p1a: Tornadus|Tornadus-Therian, M|71/100
|-damage|p1a: Tornadus|46/100|[from] Stealth Rock
|move|p2a: Redips|Magnet Rise|p2a: Redips
|-start|p2a: Redips|Magnet Rise
|
|upkeep
|turn|13
|
|t:|1781390623
|move|p2a: Redips|Thunder Wave|p1a: Tornadus
|-status|p1a: Tornadus|par
|move|p1a: Tornadus|Heat Wave|p2a: Redips
|-supereffective|p2a: Redips
|-damage|p2a: Redips|28/100
|
|upkeep
|turn|14
|
|t:|1781390630
|switch|p2a: Eregion|Tyranitar, M|91/100
|-damage|p2a: Eregion|78/100|[from] Stealth Rock
|-weather|Sandstorm|[from] ability: Sand Stream|[of] p2a: Eregion
|move|p1a: Tornadus|Heat Wave|p2a: Eregion
|-resisted|p2a: Eregion
|-damage|p2a: Eregion|72/100
|
|-weather|Sandstorm|[upkeep]
|-damage|p1a: Tornadus|40/100 par|[from] Sandstorm
|-heal|p2a: Eregion|78/100|[from] item: Leftovers
|upkeep
|turn|15
|
|t:|1781390635
|cant|p1a: Tornadus|par
|move|p2a: Eregion|Ice Beam|p1a: Tornadus
|-supereffective|p1a: Tornadus
|-damage|p1a: Tornadus|0 fnt
|faint|p1a: Tornadus
|
|-weather|Sandstorm|[upkeep]
|-heal|p2a: Eregion|85/100|[from] item: Leftovers
|upkeep
|
|t:|1781390642
|switch|p1a: Zamazenta|Zamazenta|100/100
|-damage|p1a: Zamazenta|94/100|[from] Stealth Rock
|-damage|p1a: Zamazenta|82/100|[from] Spikes
|-ability|p1a: Zamazenta|Dauntless Shield|boost
|-boost|p1a: Zamazenta|def|1
|turn|16
|
|t:|1781390649
|switch|p2a: Talonflame|Talonflame, F|100/100
|move|p1a: Zamazenta|Crunch|p2a: Talonflame
|-damage|p2a: Talonflame|52/100
|
|-weather|Sandstorm|[upkeep]
|-damage|p1a: Zamazenta|76/100|[from] Sandstorm
|-damage|p2a: Talonflame|46/100|[from] Sandstorm
|upkeep
|turn|17
|
|t:|1781390654
|move|p1a: Zamazenta|Crunch|p2a: Talonflame
|-damage|p2a: Talonflame|0 fnt
|faint|p2a: Talonflame
|
|-weather|Sandstorm|[upkeep]
|-damage|p1a: Zamazenta|70/100|[from] Sandstorm
|upkeep
|
|t:|1781390658
|switch|p2a: Wire Sponge|Sinistcha|99/100
|-damage|p2a: Wire Sponge|86/100|[from] Stealth Rock
|turn|18
|
|t:|1781390674
|switch|p1a: Slowking|Slowking, F|100/100
|-damage|p1a: Slowking|88/100|[from] Stealth Rock
|-damage|p1a: Slowking|76/100|[from] Spikes
|move|p2a: Wire Sponge|Strength Sap|p1a: Slowking
|-unboost|p1a: Slowking|atk|1
|-heal|p2a: Wire Sponge|100/100
|
|-weather|none
|upkeep
|turn|19
|
|t:|1781390683
|move|p2a: Wire Sponge|Calm Mind|p2a: Wire Sponge
|-boost|p2a: Wire Sponge|spa|1
|-boost|p2a: Wire Sponge|spd|1
|move|p1a: Slowking|Psychic Noise|p2a: Wire Sponge
|-damage|p2a: Wire Sponge|77/100
|-start|p2a: Wire Sponge|move: Heal Block
|
|upkeep
|turn|20
|
|t:|1781390688
|switch|p1a: Zamazenta|Zamazenta|70/100
|-damage|p1a: Zamazenta|64/100|[from] Stealth Rock
|-damage|p1a: Zamazenta|51/100|[from] Spikes
|move|p2a: Wire Sponge|Shadow Ball|p1a: Zamazenta
|-damage|p1a: Zamazenta|9/100
|
|-end|p2a: Wire Sponge|move: Heal Block
|upkeep
|turn|21
|
|t:|1781390701
|-terastallize|p1a: Zamazenta|Dark
|move|p1a: Zamazenta|Crunch|p2a: Wire Sponge
|-supereffective|p2a: Wire Sponge
|-damage|p2a: Wire Sponge|0 fnt
|faint|p2a: Wire Sponge
|
|upkeep
|
|t:|1781390709
|switch|p2a: Sage Harpuia|Iron Valiant|100/100
|-damage|p2a: Sage Harpuia|94/100|[from] Stealth Rock
|-enditem|p2a: Sage Harpuia|Booster Energy
|-activate|p2a: Sage Harpuia|ability: Quark Drive|[fromitem]
|-start|p2a: Sage Harpuia|quarkdrivespe
|turn|22
|
|t:|1781390712
|move|p2a: Sage Harpuia|Moonblast|p1a: Zamazenta
|-supereffective|p1a: Zamazenta
|-damage|p1a: Zamazenta|0 fnt
|faint|p1a: Zamazenta
|
|upkeep
|
|t:|1781390713
|switch|p1a: Slowking|Slowking, F|100/100
|-damage|p1a: Slowking|88/100|[from] Stealth Rock
|-damage|p1a: Slowking|76/100|[from] Spikes
|turn|23
|j| mak7xr
|
|t:|1781390720
|-end|p2a: Sage Harpuia|Quark Drive|[silent]
|switch|p2a: Eregion|Tyranitar, M|85/100
|-damage|p2a: Eregion|72/100|[from] Stealth Rock
|-weather|Sandstorm|[from] ability: Sand Stream|[of] p2a: Eregion
|move|p1a: Slowking|Psychic Noise|p2a: Eregion
|-immune|p2a: Eregion
|
|-weather|Sandstorm|[upkeep]
|-damage|p1a: Slowking|70/100|[from] Sandstorm
|-heal|p2a: Eregion|78/100|[from] item: Leftovers
|upkeep
|turn|24
|
|t:|1781390731
|switch|p1a: Umbreon|Umbreon, M|99/100
|-damage|p1a: Umbreon|88/100|[from] Stealth Rock
|-damage|p1a: Umbreon|75/100|[from] Spikes
|move|p2a: Eregion|Knock Off|p1a: Umbreon
|-resisted|p1a: Umbreon
|-damage|p1a: Umbreon|63/100
|-enditem|p1a: Umbreon|Leftovers|[from] move: Knock Off|[of] p2a: Eregion
|
|-weather|Sandstorm|[upkeep]
|-damage|p1a: Umbreon|57/100|[from] Sandstorm
|-heal|p2a: Eregion|85/100|[from] item: Leftovers
|upkeep
|turn|25
|
|t:|1781390741
|switch|p2a: Redips|Klefki, F|28/100
|-damage|p2a: Redips|23/100|[from] Stealth Rock
|move|p1a: Umbreon|Wish|p1a: Umbreon
|
|-weather|Sandstorm|[upkeep]
|-damage|p1a: Umbreon|51/100|[from] Sandstorm
|upkeep
|turn|26
|
|t:|1781390752
|switch|p1a: Iron Treads|Iron Treads|29/100
|-damage|p1a: Iron Treads|25/100|[from] Stealth Rock
|-damage|p1a: Iron Treads|13/100|[from] Spikes
|move|p2a: Redips|Dazzling Gleam|p1a: Iron Treads
|-resisted|p1a: Iron Treads
|-damage|p1a: Iron Treads|2/100
|
|-weather|Sandstorm|[upkeep]
|-heal|p1a: Iron Treads|53/100|[from] move: Wish|[wisher] Umbreon
|upkeep
|turn|27
|
|t:|1781390767
|move|p1a: Iron Treads|Rapid Spin|p2a: Redips
|-resisted|p2a: Redips
|-damage|p2a: Redips|17/100
|-boost|p1a: Iron Treads|spe|1
|-damage|p1a: Iron Treads|36/100|[from] item: Rocky Helmet|[of] p2a: Redips
|-sideend|p1: Roseofrosarade|Spikes|[from] move: Rapid Spin|[of] p1a: Iron Treads
|-sideend|p1: Roseofrosarade|Stealth Rock|[from] move: Rapid Spin|[of] p1a: Iron Treads
|move|p2a: Redips|Dazzling Gleam|p1a: Iron Treads
|-resisted|p1a: Iron Treads
|-damage|p1a: Iron Treads|24/100
|
|-weather|none
|upkeep
|turn|28
|
|t:|1781390777
|move|p2a: Redips|Magnet Rise|p2a: Redips
|-start|p2a: Redips|Magnet Rise
|move|p1a: Iron Treads|Knock Off|p2a: Redips
|-resisted|p2a: Redips
|-damage|p2a: Redips|5/100
|-damage|p1a: Iron Treads|8/100|[from] item: Rocky Helmet|[of] p2a: Redips
|-enditem|p2a: Redips|Rocky Helmet|[from] move: Knock Off|[of] p1a: Iron Treads
|
|upkeep
|turn|29
|
|t:|1781390781
|move|p2a: Redips|Spikes|p1a: Iron Treads
|-sidestart|p1: Roseofrosarade|Spikes
|move|p1a: Iron Treads|Rapid Spin|p2a: Redips
|-resisted|p2a: Redips
|-damage|p2a: Redips|0 fnt
|-boost|p1a: Iron Treads|spe|1
|-sideend|p1: Roseofrosarade|Spikes|[from] move: Rapid Spin|[of] p1a: Iron Treads
|faint|p2a: Redips
|
|upkeep
|
|t:|1781390787
|switch|p2a: Sage Harpuia|Iron Valiant|94/100
|-damage|p2a: Sage Harpuia|88/100|[from] Stealth Rock
|turn|30
|
|t:|1781390790
|move|p1a: Iron Treads|Earthquake|p2a: Sage Harpuia
|-damage|p2a: Sage Harpuia|30/100
|move|p2a: Sage Harpuia|Moonblast|p1a: Iron Treads
|-resisted|p1a: Iron Treads
|-damage|p1a: Iron Treads|0 fnt
|faint|p1a: Iron Treads
|-end|p1a: Iron Treads|Quark Drive|[silent]
|
|upkeep
|
|t:|1781390796
|switch|p1a: Slowking|Slowking, F|100/100
|turn|31
|
|t:|1781390807
|-end|p2a: Sage Harpuia|Quark Drive|[silent]
|switch|p2a: Eregion|Tyranitar, M|85/100
|-damage|p2a: Eregion|72/100|[from] Stealth Rock
|-weather|Sandstorm|[from] ability: Sand Stream|[of] p2a: Eregion
|move|p1a: Slowking|Scald|p2a: Eregion
|-supereffective|p2a: Eregion
|-damage|p2a: Eregion|47/100
|
|-weather|Sandstorm|[upkeep]
|-damage|p1a: Slowking|94/100|[from] Sandstorm
|-heal|p2a: Eregion|53/100|[from] item: Leftovers
|upkeep
|turn|32
|
|t:|1781390814
|move|p2a: Eregion|Stealth Rock|p1a: Slowking
|-sidestart|p1: Roseofrosarade|move: Stealth Rock
|move|p1a: Slowking|Scald|p2a: Eregion
|-supereffective|p2a: Eregion
|-damage|p2a: Eregion|29/100
|
|-weather|Sandstorm|[upkeep]
|-damage|p1a: Slowking|88/100|[from] Sandstorm
|-heal|p2a: Eregion|35/100|[from] item: Leftovers
|upkeep
|turn|33
|
|t:|1781390821
|switch|p1a: Sinistcha|Sinistcha|100/100
|move|p2a: Eregion|Knock Off|p1a: Sinistcha
|-supereffective|p1a: Sinistcha
|-damage|p1a: Sinistcha|42/100
|-enditem|p1a: Sinistcha|Heavy-Duty Boots|[from] move: Knock Off|[of] p2a: Eregion
|
|-weather|Sandstorm|[upkeep]
|-damage|p1a: Sinistcha|35/100|[from] Sandstorm
|-heal|p2a: Eregion|41/100|[from] item: Leftovers
|upkeep
|turn|34
|
|t:|1781390827
|move|p1a: Sinistcha|Strength Sap|p2a: Eregion
|-unboost|p2a: Eregion|atk|1
|-heal|p1a: Sinistcha|100/100
|move|p2a: Eregion|Ice Beam|p1a: Sinistcha
|-supereffective|p1a: Sinistcha
|-damage|p1a: Sinistcha|54/100
|
|-weather|Sandstorm|[upkeep]
|-damage|p1a: Sinistcha|48/100|[from] Sandstorm
|-heal|p2a: Eregion|48/100|[from] item: Leftovers
|upkeep
|turn|35
|
|t:|1781390839
|switch|p1a: Slowking|Slowking, F|100/100
|-damage|p1a: Slowking|88/100|[from] Stealth Rock
|move|p2a: Eregion|Ice Beam|p1a: Slowking
|-resisted|p1a: Slowking
|-damage|p1a: Slowking|84/100
|
|-weather|none
|-heal|p2a: Eregion|54/100|[from] item: Leftovers
|upkeep
|turn|36
|l|☆Acastillo631
|player|p2|
|j| notendistic
|l| notendistic
|inactive|Battle timer is ON: inactive players will automatically lose when time's up. (requested by Roseofrosarade)
|j|☆Acastillo631
|inactive|Acastillo631 reconnected and has 135 seconds left.
|player|p2|Acastillo631|silver|
|
|t:|1781390890
|switch|p1a: Umbreon|Umbreon, M|51/100
|-damage|p1a: Umbreon|39/100|[from] Stealth Rock
|move|p2a: Eregion|Knock Off|p1a: Umbreon
|-resisted|p1a: Umbreon
|-damage|p1a: Umbreon|32/100
|
|-heal|p2a: Eregion|60/100|[from] item: Leftovers
|upkeep
|turn|37
|
|t:|1781390919
|switch|p2a: Duff Mcwhalen|Swampert, F|55/100
|-damage|p2a: Duff Mcwhalen|49/100|[from] Stealth Rock
|move|p1a: Umbreon|Wish|p1a: Umbreon
|
|upkeep
|turn|38
|inactive|Acastillo631 has 120 seconds left.
|
|t:|1781390934
|move|p1a: Umbreon|Toxic|p2a: Duff Mcwhalen|[miss]
|-miss|p1a: Umbreon|p2a: Duff Mcwhalen
|move|p2a: Duff Mcwhalen|Flip Turn|p1a: Umbreon
|-damage|p1a: Umbreon|19/100
|inactive|Acastillo631 has 120 seconds left.
|
|t:|1781390941
|switch|p2a: Sage Harpuia|Iron Valiant|30/100|[from] Flip Turn
|-damage|p2a: Sage Harpuia|24/100|[from] Stealth Rock
|
|-heal|p1a: Umbreon|69/100|[from] move: Wish|[wisher] Umbreon
|upkeep
|turn|39
|
|t:|1781390949
|switch|p1a: Slowking|Slowking, F|100/100
|-damage|p1a: Slowking|88/100|[from] Stealth Rock
|-terastallize|p2a: Sage Harpuia|Steel
|move|p2a: Sage Harpuia|Encore||[still]
|-fail|p2a: Sage Harpuia
|
|upkeep
|turn|40
|
|t:|1781390960
|-end|p2a: Sage Harpuia|Quark Drive|[silent]
|switch|p2a: Eregion|Tyranitar, M|60/100
|-damage|p2a: Eregion|48/100|[from] Stealth Rock
|-weather|Sandstorm|[from] ability: Sand Stream|[of] p2a: Eregion
|move|p1a: Slowking|Scald|p2a: Eregion
|-supereffective|p2a: Eregion
|-damage|p2a: Eregion|22/100
|-status|p2a: Eregion|brn
|
|-weather|Sandstorm|[upkeep]
|-damage|p1a: Slowking|82/100|[from] Sandstorm
|-heal|p2a: Eregion|28/100 brn|[from] item: Leftovers
|-damage|p2a: Eregion|22/100 brn|[from] brn
|upkeep
|turn|41
|
|t:|1781390964
|switch|p1a: Umbreon|Umbreon, M|69/100
|-damage|p1a: Umbreon|56/100|[from] Stealth Rock
|move|p2a: Eregion|Knock Off|p1a: Umbreon
|-resisted|p1a: Umbreon
|-crit|p1a: Umbreon
|-damage|p1a: Umbreon|50/100
|
|-weather|Sandstorm|[upkeep]
|-damage|p1a: Umbreon|44/100|[from] Sandstorm
|-heal|p2a: Eregion|28/100 brn|[from] item: Leftovers
|-damage|p2a: Eregion|22/100 brn|[from] brn
|upkeep
|turn|42
|
|t:|1781390970
|switch|p2a: Sage Harpuia|Iron Valiant, tera:Steel|24/100
|-damage|p2a: Sage Harpuia|17/100|[from] Stealth Rock
|move|p1a: Umbreon|Wish|p1a: Umbreon
|
|-weather|Sandstorm|[upkeep]
|-damage|p1a: Umbreon|38/100|[from] Sandstorm
|upkeep
|turn|43
|
|t:|1781390978
|switch|p1a: Slowking|Slowking, F|100/100
|-damage|p1a: Slowking|88/100|[from] Stealth Rock
|move|p2a: Sage Harpuia|Moonblast|p1a: Slowking
|-damage|p1a: Slowking|68/100
|-unboost|p1a: Slowking|spa|1
|
|-weather|Sandstorm|[upkeep]
|-damage|p1a: Slowking|62/100|[from] Sandstorm
|-heal|p1a: Slowking|100/100|[from] move: Wish|[wisher] Umbreon
|upkeep
|turn|44
|
|t:|1781390986
|move|p2a: Sage Harpuia|Destiny Bond|p2a: Sage Harpuia
|-singlemove|p2a: Sage Harpuia|Destiny Bond
|move|p1a: Slowking|Scald|p2a: Sage Harpuia
|-damage|p2a: Sage Harpuia|0 fnt
|faint|p2a: Sage Harpuia
|-activate|p2a: Sage Harpuia|move: Destiny Bond
|-end|p2a: Sage Harpuia|Quark Drive|[silent]
|faint|p1a: Slowking
|
|-weather|none
|upkeep
|
|t:|1781391000
|switch|p2a: Eregion|Tyranitar, M|22/100 brn
|switch|p1a: Sinistcha|Sinistcha|48/100
|-damage|p1a: Sinistcha|35/100|[from] Stealth Rock
|-damage|p2a: Eregion|10/100 brn|[from] Stealth Rock
|-weather|Sandstorm|[from] ability: Sand Stream|[of] p2a: Eregion
|turn|45
|
|t:|1781391004
|move|p1a: Sinistcha|Matcha Gotcha|p2a: Eregion
|-supereffective|p2a: Eregion
|-damage|p2a: Eregion|0 fnt
|-heal|p1a: Sinistcha|41/100|[from] drain|[of] p2a: Eregion
|faint|p2a: Eregion
|
|-weather|Sandstorm|[upkeep]
|-damage|p1a: Sinistcha|35/100|[from] Sandstorm
|upkeep
|-message|Acastillo631 forfeited.
|
|win|Roseofrosarade
|raw|Roseofrosarade's rating: 1634 &rarr; <strong>1654</strong><br />(+20 for winning)
|raw|Acastillo631's rating: 1640 &rarr; <strong>1620</strong><br />(-20 for losing)
|l|☆Acastillo631
|player|p2|
|c|☆Roseofrosarade|Gg
|j| Squilliam2g
|l| Squilliam2g
|l|☆Roseofrosarade
|player|p1|
