|j|☆Supa Dupa Hoopa
|j|☆top100inLL
|t:|1780902117
|gametype|singles
|player|p1|Supa Dupa Hoopa|102|1569
|player|p2|top100inLL|iris-gen5bw2|1570
|gen|9
|tier|[Gen 9] OU
|rated|
|rule|HP Percentage Mod: HP is shown in percentages
|rule|Endless Battle Clause: Forcing endless battles is banned
|rule|Species Clause: Limit one of each Pokémon
|rule|OHKO Clause: OHKO moves are banned
|rule|Evasion Items Clause: Evasion items are banned
|rule|Evasion Moves Clause: Evasion moves are banned
|rule|Evasion Abilities Clause: Evasion abilities are banned
|rule|Sleep Moves Clause: Sleep-inducing moves are banned
|clearpoke
|poke|p1|Serperior, M|
|poke|p1|Cinderace, M|
|poke|p1|Corviknight, F|
|poke|p1|Alomomola, F|
|poke|p1|Darkrai|
|poke|p1|Toxtricity-Low-Key, F|
|poke|p2|Slowking-Galar, F|
|poke|p2|Landorus-Therian, M|
|poke|p2|Kyurem|
|poke|p2|Iron Valiant|
|poke|p2|Cinderace, F|
|poke|p2|Kingambit, F|
|teampreview
|
|t:|1780902132
|teamsize|p1|6
|teamsize|p2|6
|start
|switch|p1a: Darkrai|Darkrai|100/100
|switch|p2a: Cinderace|Cinderace, F|100/100
|turn|1
|
|t:|1780902140
|switch|p1a: Spongebob|Alomomola, F|100/100
|move|p2a: Cinderace|Will-O-Wisp|p1a: Spongebob
|-status|p1a: Spongebob|brn
|
|-damage|p1a: Spongebob|94/100 brn|[from] brn
|upkeep
|turn|2
|
|t:|1780902147
|move|p2a: Cinderace|U-turn|p1a: Spongebob
|-start|p2a: Cinderace|typechange|Bug|[from] ability: Libero
|-damage|p1a: Spongebob|68/100 brn
|
|t:|1780902151
|switch|p2a: Slowking|Slowking-Galar, F|100/100|[from] U-turn
|move|p1a: Spongebob|Flip Turn|p2a: Slowking
|-crit|p2a: Slowking
|-damage|p2a: Slowking|88/100
|
|t:|1780902157
|switch|p1a: Darkrai|Darkrai|100/100|[from] Flip Turn
|
|upkeep
|turn|3
|
|t:|1780902166
|move|p1a: Darkrai|Dark Pulse|p2a: Slowking
|-supereffective|p2a: Slowking
|-damage|p2a: Slowking|41/100
|-prepare|p2a: Slowking|Chilly Reception|[premajor]
|move|p2a: Slowking|Chilly Reception|p2a: Slowking
|-weather|Snowscape
|
|t:|1780902173
|switch|p2a: Kyurem|Kyurem|100/100|[from] Chilly Reception
|-ability|p2a: Kyurem|Pressure
|
|-weather|Snowscape|[upkeep]
|upkeep
|turn|4
|
|t:|1780902190
|move|p1a: Darkrai|Dark Pulse|p2a: Kyurem
|-damage|p2a: Kyurem|60/100
|move|p2a: Kyurem|Blizzard|p1a: Darkrai
|-damage|p1a: Darkrai|0 fnt
|faint|p1a: Darkrai
|
|-weather|Snowscape|[upkeep]
|upkeep
|
|t:|1780902199
|switch|p1a: Spongebob|Alomomola, F|100/100 brn
|turn|5
|
|t:|1780902205
|switch|p2a: Slowking|Slowking-Galar, F|74/100
|move|p1a: Spongebob|Flip Turn|p2a: Slowking
|-damage|p2a: Slowking|66/100
|
|t:|1780902216
|switch|p1a: ANOTHER ONE|Toxtricity-Low-Key, F|100/100|[from] Flip Turn
|
|-weather|Snowscape|[upkeep]
|upkeep
|turn|6
|
|t:|1780902224
|-terastallize|p1a: ANOTHER ONE|Normal
|move|p1a: ANOTHER ONE|Boomburst|p2a: Slowking
|-damage|p2a: Slowking|0 fnt
|faint|p2a: Slowking
|
|-weather|Snowscape|[upkeep]
|upkeep
|
|t:|1780902238
|switch|p2a: Iron Valiant|Iron Valiant|100/100
|-enditem|p2a: Iron Valiant|Booster Energy
|-activate|p2a: Iron Valiant|ability: Quark Drive|[fromitem]
|-start|p2a: Iron Valiant|quarkdrivespe
|turn|7
|
|t:|1780902249
|-end|p2a: Iron Valiant|Quark Drive|[silent]
|switch|p2a: Kyurem|Kyurem|60/100
|-ability|p2a: Kyurem|Pressure
|switch|p1a: Spongebob|Alomomola, F|100/100 brn
|
|-weather|none
|-damage|p1a: Spongebob|94/100 brn|[from] brn
|upkeep
|turn|8
|
|t:|1780902257
|move|p2a: Kyurem|Freeze-Dry|p1a: Spongebob
|-supereffective|p1a: Spongebob
|-damage|p1a: Spongebob|39/100 brn
|move|p1a: Spongebob|Mirror Coat|p2a: Kyurem
|-damage|p2a: Kyurem|0 fnt
|faint|p2a: Kyurem
|
|-damage|p1a: Spongebob|33/100 brn|[from] brn
|upkeep
|
|t:|1780902266
|switch|p2a: Iron Valiant|Iron Valiant|100/100
|turn|9
|
|t:|1780902270
|switch|p1a: Skarmory-M|Corviknight, F|100/100
|-ability|p1a: Skarmory-M|Pressure
|move|p2a: Iron Valiant|Close Combat|p1a: Skarmory-M
|-damage|p1a: Skarmory-M|70/100
|-unboost|p2a: Iron Valiant|def|1
|-unboost|p2a: Iron Valiant|spd|1
|
|-heal|p1a: Skarmory-M|76/100|[from] item: Leftovers
|upkeep
|turn|10
|
|t:|1780902280
|move|p2a: Iron Valiant|Close Combat|p1a: Skarmory-M
|-damage|p1a: Skarmory-M|43/100
|-unboost|p2a: Iron Valiant|def|1
|-unboost|p2a: Iron Valiant|spd|1
|move|p1a: Skarmory-M|Bulk Up|p1a: Skarmory-M
|-boost|p1a: Skarmory-M|atk|1
|-boost|p1a: Skarmory-M|def|1
|
|-heal|p1a: Skarmory-M|49/100|[from] item: Leftovers
|upkeep
|turn|11
|
|t:|1780902292
|move|p2a: Iron Valiant|Encore|p1a: Skarmory-M
|-start|p1a: Skarmory-M|Encore
|move|p1a: Skarmory-M|Bulk Up|p1a: Skarmory-M
|-boost|p1a: Skarmory-M|atk|1
|-boost|p1a: Skarmory-M|def|1
|
|-heal|p1a: Skarmory-M|56/100|[from] item: Leftovers
|upkeep
|turn|12
|
|t:|1780902304
|switch|p1a: CinderMiss|Cinderace, M|100/100
|move|p2a: Iron Valiant|Moonblast|p1a: CinderMiss
|-resisted|p1a: CinderMiss
|-damage|p1a: CinderMiss|67/100
|
|upkeep
|turn|13
|
|t:|1780902313
|-end|p2a: Iron Valiant|Quark Drive|[silent]
|switch|p2a: Landorus|Landorus-Therian, M|100/100
|-ability|p2a: Landorus|Intimidate|boost
|-unboost|p1a: CinderMiss|atk|1
|move|p1a: CinderMiss|Pyro Ball|p2a: Landorus
|-damage|p2a: Landorus|65/100
|
|upkeep
|turn|14
|
|t:|1780902320
|switch|p1a: Skarmory-M|Corviknight, F|56/100
|-ability|p1a: Skarmory-M|Pressure
|move|p2a: Landorus|U-turn|p1a: Skarmory-M
|-resisted|p1a: Skarmory-M
|-damage|p1a: Skarmory-M|52/100
|
|t:|1780902324
|switch|p2a: Cinderace|Cinderace, F|100/100|[from] U-turn
|
|-heal|p1a: Skarmory-M|59/100|[from] item: Leftovers
|upkeep
|turn|15
|
|t:|1780902332
|switch|p1a: Spongebob|Alomomola, F|66/100 brn
|move|p2a: Cinderace|U-turn|p1a: Spongebob
|-start|p2a: Cinderace|typechange|Bug|[from] ability: Libero
|-damage|p1a: Spongebob|42/100 brn
|
|t:|1780902338
|switch|p2a: Kingambit|Kingambit, F|100/100|[from] U-turn
|-activate|p2a: Kingambit|ability: Supreme Overlord
|-start|p2a: Kingambit|fallen2|[silent]
|
|-damage|p1a: Spongebob|36/100 brn|[from] brn
|upkeep
|turn|16
|
|t:|1780902349
|switch|p1a: Skarmory-M|Corviknight, F|59/100
|-ability|p1a: Skarmory-M|Pressure
|move|p2a: Kingambit|Swords Dance|p2a: Kingambit
|-boost|p2a: Kingambit|atk|2
|
|-heal|p1a: Skarmory-M|65/100|[from] item: Leftovers
|upkeep
|turn|17
|
|t:|1780902357
|-terastallize|p2a: Kingambit|Ghost
|move|p1a: Skarmory-M|Body Press|p2a: Kingambit
|-immune|p2a: Kingambit
|move|p2a: Kingambit|Kowtow Cleave|p1a: Skarmory-M
|-crit|p1a: Skarmory-M
|-damage|p1a: Skarmory-M|0 fnt
|faint|p1a: Skarmory-M
|
|upkeep
|
|t:|1780902369
|switch|p1a: What RU|Serperior, M|100/100
|turn|18
|
|t:|1780902373
|move|p2a: Kingambit|Sucker Punch||[still]
|-fail|p2a: Kingambit
|move|p1a: What RU|Glare|p2a: Kingambit
|-status|p2a: Kingambit|par
|
|upkeep
|turn|19
|
|t:|1780902378
|cant|p2a: Kingambit|par
|move|p1a: What RU|Substitute|p1a: What RU
|-start|p1a: What RU|Substitute
|-damage|p1a: What RU|76/100
|
|-heal|p1a: What RU|82/100|[from] item: Leftovers
|upkeep
|turn|20
|
|t:|1780902384
|move|p1a: What RU|Leech Seed|p2a: Kingambit
|-start|p2a: Kingambit|move: Leech Seed
|cant|p2a: Kingambit|par
|
|-heal|p1a: What RU|88/100|[from] item: Leftovers
|-damage|p2a: Kingambit|88/100 par|[from] Leech Seed|[of] p1a: What RU
|-heal|p1a: What RU|100/100|[silent]
|upkeep
|turn|21
|
|t:|1780902391
|move|p1a: What RU|Leaf Storm|p2a: Kingambit
|-damage|p2a: Kingambit|52/100 par
|-boost|p1a: What RU|spa|2
|move|p2a: Kingambit|Kowtow Cleave|p1a: What RU
|-end|p1a: What RU|Substitute
|
|-heal|p2a: Kingambit|58/100 par|[from] item: Leftovers
|-damage|p2a: Kingambit|46/100 par|[from] Leech Seed|[of] p1a: What RU
|upkeep
|turn|22
|
|t:|1780902401
|-end|p2a: Kingambit|fallen2|[silent]
|switch|p2a: Iron Valiant|Iron Valiant|100/100
|move|p1a: What RU|Substitute|p1a: What RU
|-start|p1a: What RU|Substitute
|-damage|p1a: What RU|76/100
|
|-heal|p1a: What RU|82/100|[from] item: Leftovers
|upkeep
|turn|23
|
|t:|1780902410
|move|p2a: Iron Valiant|Moonblast|p1a: What RU
|-crit|p1a: What RU
|-end|p1a: What RU|Substitute
|move|p1a: What RU|Glare|p2a: Iron Valiant
|-status|p2a: Iron Valiant|par
|
|-heal|p1a: What RU|88/100|[from] item: Leftovers
|upkeep
|turn|24
|
|t:|1780902418
|-end|p2a: Iron Valiant|Quark Drive|[silent]
|switch|p2a: Landorus|Landorus-Therian, M|65/100
|-ability|p2a: Landorus|Intimidate|boost
|-boost|p1a: What RU|atk|1
|move|p1a: What RU|Leaf Storm|p2a: Landorus
|-damage|p2a: Landorus|0 fnt
|-boost|p1a: What RU|spa|2
|faint|p2a: Landorus
|
|-heal|p1a: What RU|94/100|[from] item: Leftovers
|upkeep
|
|t:|1780902425
|switch|p2a: Cinderace|Cinderace, F|100/100
|turn|25
|
|t:|1780902432
|switch|p1a: Spongebob|Alomomola, F|69/100 brn
|move|p2a: Cinderace|U-turn|p1a: Spongebob
|-start|p2a: Cinderace|typechange|Bug|[from] ability: Libero
|-damage|p1a: Spongebob|43/100 brn
|
|t:|1780902438
|switch|p2a: Kingambit|Kingambit, F, tera:Ghost|46/100 par|[from] U-turn
|-activate|p2a: Kingambit|ability: Supreme Overlord
|-start|p2a: Kingambit|fallen3|[silent]
|
|-heal|p2a: Kingambit|52/100 par|[from] item: Leftovers
|-damage|p1a: Spongebob|37/100 brn|[from] brn
|upkeep
|turn|26
|
|t:|1780902447
|switch|p1a: What RU|Serperior, M|94/100
|move|p2a: Kingambit|Kowtow Cleave|p1a: What RU
|-damage|p1a: What RU|23/100
|
|-heal|p1a: What RU|29/100|[from] item: Leftovers
|-heal|p2a: Kingambit|58/100 par|[from] item: Leftovers
|upkeep
|turn|27
|
|t:|1780902455
|move|p1a: What RU|Substitute|p1a: What RU
|-start|p1a: What RU|Substitute
|-damage|p1a: What RU|4/100
|move|p2a: Kingambit|Kowtow Cleave|p1a: What RU
|-end|p1a: What RU|Substitute
|
|-heal|p1a: What RU|10/100|[from] item: Leftovers
|-heal|p2a: Kingambit|65/100 par|[from] item: Leftovers
|upkeep
|turn|28
|
|t:|1780902463
|move|p2a: Kingambit|Sucker Punch||[still]
|-fail|p2a: Kingambit
|move|p1a: What RU|Leech Seed|p2a: Kingambit
|-start|p2a: Kingambit|move: Leech Seed
|
|-heal|p1a: What RU|17/100|[from] item: Leftovers
|-heal|p2a: Kingambit|71/100 par|[from] item: Leftovers
|-damage|p2a: Kingambit|58/100 par|[from] Leech Seed|[of] p1a: What RU
|-heal|p1a: What RU|31/100|[silent]
|upkeep
|turn|29
|
|t:|1780902471
|-end|p2a: Kingambit|fallen3|[silent]
|switch|p2a: Cinderace|Cinderace, F|100/100
|move|p1a: What RU|Substitute|p1a: What RU
|-start|p1a: What RU|Substitute
|-damage|p1a: What RU|6/100
|
|-heal|p1a: What RU|12/100|[from] item: Leftovers
|upkeep
|turn|30
|
|t:|1780902481
|move|p2a: Cinderace|Pyro Ball|p1a: What RU
|-supereffective|p1a: What RU
|-end|p1a: What RU|Substitute
|move|p1a: What RU|Leech Seed|p2a: Cinderace|[miss]
|-miss|p1a: What RU|p2a: Cinderace
|
|-heal|p1a: What RU|19/100|[from] item: Leftovers
|upkeep
|turn|31
|
|t:|1780902489
|switch|p1a: Spongebob|Alomomola, F|71/100 brn
|move|p2a: Cinderace|U-turn|p1a: Spongebob
|-start|p2a: Cinderace|typechange|Bug|[from] ability: Libero
|-damage|p1a: Spongebob|45/100 brn
|
|t:|1780902492
|switch|p2a: Kingambit|Kingambit, F, tera:Ghost|58/100 par|[from] U-turn
|-activate|p2a: Kingambit|ability: Supreme Overlord
|-start|p2a: Kingambit|fallen3|[silent]
|
|-heal|p2a: Kingambit|65/100 par|[from] item: Leftovers
|-damage|p1a: Spongebob|39/100 brn|[from] brn
|upkeep
|turn|32
|inactive|Battle timer is ON: inactive players will automatically lose when time's up. (requested by top100inLL)
|
|t:|1780902506
|switch|p1a: What RU|Serperior, M|19/100
|move|p2a: Kingambit|Kowtow Cleave|p1a: What RU
|-damage|p1a: What RU|0 fnt
|faint|p1a: What RU
|
|-heal|p2a: Kingambit|71/100 par|[from] item: Leftovers
|upkeep
|
|t:|1780902514
|switch|p1a: ANOTHER ONE|Toxtricity-Low-Key, F, tera:Normal|100/100
|turn|33
|
|t:|1780902521
|-end|p2a: Kingambit|fallen3|[silent]
|switch|p2a: Iron Valiant|Iron Valiant|100/100 par
|move|p1a: ANOTHER ONE|Discharge|p2a: Iron Valiant
|-crit|p2a: Iron Valiant
|-damage|p2a: Iron Valiant|0 fnt
|faint|p2a: Iron Valiant
|-end|p2a: Iron Valiant|Quark Drive|[silent]
|
|upkeep
|
|t:|1780902524
|switch|p2a: Cinderace|Cinderace, F|100/100
|turn|34
|
|t:|1780902531
|move|p2a: Cinderace|Pyro Ball|p1a: ANOTHER ONE
|-damage|p1a: ANOTHER ONE|14/100
|move|p1a: ANOTHER ONE|Discharge|p2a: Cinderace
|-damage|p2a: Cinderace|15/100
|
|upkeep
|turn|35
|
|t:|1780902538
|switch|p1a: Spongebob|Alomomola, F|72/100 brn
|move|p2a: Cinderace|U-turn|p1a: Spongebob
|-start|p2a: Cinderace|typechange|Bug|[from] ability: Libero
|-damage|p1a: Spongebob|44/100 brn
|
|t:|1780902541
|switch|p2a: Kingambit|Kingambit, F, tera:Ghost|71/100 par|[from] U-turn
|-activate|p2a: Kingambit|ability: Supreme Overlord
|-start|p2a: Kingambit|fallen4|[silent]
|
|-heal|p2a: Kingambit|77/100 par|[from] item: Leftovers
|-damage|p1a: Spongebob|38/100 brn|[from] brn
|upkeep
|turn|36
|
|t:|1780902552
|switch|p1a: ANOTHER ONE|Toxtricity-Low-Key, F, tera:Normal|14/100
|move|p2a: Kingambit|Swords Dance|p2a: Kingambit
|-boost|p2a: Kingambit|atk|2
|
|-heal|p2a: Kingambit|83/100 par|[from] item: Leftovers
|upkeep
|turn|37
|
|t:|1780902559
|cant|p2a: Kingambit|par
|move|p1a: ANOTHER ONE|Discharge|p2a: Kingambit
|-damage|p2a: Kingambit|28/100 par
|
|-heal|p2a: Kingambit|34/100 par|[from] item: Leftovers
|upkeep
|turn|38
|
|t:|1780902565
|move|p2a: Kingambit|Sucker Punch|p1a: ANOTHER ONE
|-damage|p1a: ANOTHER ONE|0 fnt
|faint|p1a: ANOTHER ONE
|
|-heal|p2a: Kingambit|40/100 par|[from] item: Leftovers
|upkeep
|
|t:|1780902571
|switch|p1a: CinderMiss|Cinderace, M|67/100
|turn|39
|
|t:|1780902575
|cant|p2a: Kingambit|par
|move|p1a: CinderMiss|Pyro Ball|p2a: Kingambit
|-damage|p2a: Kingambit|0 fnt
|faint|p2a: Kingambit
|-end|p2a: Kingambit|fallen4|[silent]
|
|upkeep
|
|t:|1780902579
|switch|p2a: Cinderace|Cinderace, F|15/100
|turn|40
|l|☆top100inLL
|inactive|top100inLL disconnected and has a minute to reconnect!
|player|p2|
|inactive|top100inLL has 30 seconds to reconnect!
|inactive|top100inLL has 20 seconds to reconnect!
|inactive|top100inLL has 15 seconds to reconnect!
|inactive|top100inLL has 10 seconds to reconnect!
|inactive|top100inLL has 5 seconds to reconnect!
|-message|top100inLL lost due to inactivity.
|
|win|Supa Dupa Hoopa
|raw|Supa Dupa Hoopa's rating: 1569 &rarr; <strong>1589</strong><br />(+20 for winning)
|raw|top100inLL's rating: 1570 &rarr; <strong>1550</strong><br />(-20 for losing)
|l|☆Supa Dupa Hoopa
|player|p1|
