|j|☆LowEL0God
|j|☆Curbs
|t:|1780989075
|gametype|singles
|player|p1|LowEL0God|265|1567
|player|p2|Curbs|n|1551
|gen|9
|tier|[Gen 9] OU
|rated|
|rule|HP Percentage Mod: HP is shown in percentages
|rule|Endless Battle Clause: Forcing endless battles is banned
|rule|Species Clause: Limit one of each Pokémon
|rule|OHKO Clause: OHKO moves are banned
|rule|Evasion Items Clause: Evasion items are banned
|rule|Evasion Moves Clause: Evasion moves are banned
|rule|Evasion Abilities Clause: Evasion abilities are banned
|rule|Sleep Moves Clause: Sleep-inducing moves are banned
|clearpoke
|poke|p1|Pelipper, M|
|poke|p1|Torkoal, M|
|poke|p1|Walking Wake|
|poke|p1|Kyurem|
|poke|p1|Ninetales-Alola, F|
|poke|p1|Ogerpon-Wellspring, F|
|poke|p2|Ting-Lu|
|poke|p2|Gliscor, F|
|poke|p2|Sinistcha-Masterpiece|
|poke|p2|Keldeo|
|poke|p2|Tinkaton, F|
|poke|p2|Dragonite, F|
|teampreview
|inactive|Battle timer is ON: inactive players will automatically lose when time's up. (requested by Curbs)
|c|☆LowEL0God|hf
|inactive|LowEL0God also wants the timer to be on.
|c|☆Curbs|u2
|
|t:|1780989084
|teamsize|p1|6
|teamsize|p2|6
|start
|switch|p1a: Ninetales|Ninetales-Alola, F|100/100
|switch|p2a: Tinkki Minaj|Tinkaton, F|100/100
|-weather|Snowscape|[from] ability: Snow Warning|[of] p1a: Ninetales
|-ability|p2a: Tinkki Minaj|Mold Breaker
|-item|p2a: Tinkki Minaj|Air Balloon
|turn|1
|
|t:|1780989087
|move|p1a: Ninetales|Aurora Veil|p1a: Ninetales
|-sidestart|p1: LowEL0God|move: Aurora Veil
|move|p2a: Tinkki Minaj|Stealth Rock|p1a: Ninetales
|-sidestart|p1: LowEL0God|move: Stealth Rock
|
|-weather|Snowscape|[upkeep]
|upkeep
|turn|2
|
|t:|1780989091
|move|p1a: Ninetales|Freeze-Dry|p2a: Tinkki Minaj
|-resisted|p2a: Tinkki Minaj
|-damage|p2a: Tinkki Minaj|92/100
|-enditem|p2a: Tinkki Minaj|Air Balloon
|move|p2a: Tinkki Minaj|Thunder Wave|p1a: Ninetales
|-status|p1a: Ninetales|par
|
|-weather|Snowscape|[upkeep]
|upkeep
|turn|3
|
|t:|1780989097
|switch|p1a: Ogerpon|Ogerpon-Wellspring, F|100/100
|-damage|p1a: Ogerpon|88/100|[from] Stealth Rock
|move|p2a: Tinkki Minaj|Thunder Wave|p1a: Ogerpon
|-status|p1a: Ogerpon|par
|
|-weather|Snowscape|[upkeep]
|upkeep
|turn|4
|
|t:|1780989102
|switch|p2a: Tchavis Scott|Sinistcha-Masterpiece|100/100
|move|p1a: Ogerpon|Swords Dance|p1a: Ogerpon
|-boost|p1a: Ogerpon|atk|2
|
|-weather|Snowscape|[upkeep]
|upkeep
|turn|5
|j| BandedAI
|
|t:|1780989118
|move|p2a: Tchavis Scott|Shadow Ball|p1a: Ogerpon
|-damage|p1a: Ogerpon|70/100 par
|move|p1a: Ogerpon|Swords Dance|p1a: Ogerpon
|-boost|p1a: Ogerpon|atk|2
|
|-weather|Snowscape|[upkeep]
|-sideend|p1: LowEL0God|move: Aurora Veil
|upkeep
|turn|6
|
|t:|1780989120
|move|p2a: Tchavis Scott|Shadow Ball|p1a: Ogerpon
|-damage|p1a: Ogerpon|34/100 par
|-unboost|p1a: Ogerpon|spd|1
|move|p1a: Ogerpon|Horn Leech|p2a: Tchavis Scott
|-resisted|p2a: Tchavis Scott
|-damage|p2a: Tchavis Scott|56/100
|-heal|p1a: Ogerpon|60/100 par|[from] drain|[of] p2a: Tchavis Scott
|
|-weather|Snowscape|[upkeep]
|upkeep
|turn|7
|
|t:|1780989124
|move|p2a: Tchavis Scott|Shadow Ball|p1a: Ogerpon
|-damage|p1a: Ogerpon|5/100 par
|cant|p1a: Ogerpon|par
|
|-weather|Snowscape|[upkeep]
|upkeep
|turn|8
|
|t:|1780989126
|move|p2a: Tchavis Scott|Shadow Ball|p1a: Ogerpon
|-damage|p1a: Ogerpon|0 fnt
|faint|p1a: Ogerpon
|
|-weather|none
|upkeep
|
|t:|1780989127
|switch|p1a: Walking Wake|Walking Wake|100/100
|-damage|p1a: Walking Wake|88/100|[from] Stealth Rock
|turn|9
|
|t:|1780989131
|move|p1a: Walking Wake|Dragon Pulse|p2a: Tchavis Scott
|-damage|p2a: Tchavis Scott|0 fnt
|faint|p2a: Tchavis Scott
|
|upkeep
|
|t:|1780989143
|switch|p2a: Tinkki Minaj|Tinkaton, F|92/100
|-ability|p2a: Tinkki Minaj|Mold Breaker
|turn|10
|
|t:|1780989148
|move|p1a: Walking Wake|Dragon Pulse|p2a: Tinkki Minaj
|-immune|p2a: Tinkki Minaj
|move|p2a: Tinkki Minaj|Thunder Wave|p1a: Walking Wake
|-status|p1a: Walking Wake|par
|
|upkeep
|turn|11
|
|t:|1780989151
|move|p2a: Tinkki Minaj|Thunder Wave|p1a: Walking Wake
|-fail|p1a: Walking Wake|par
|move|p1a: Walking Wake|Dragon Pulse|p2a: Tinkki Minaj
|-immune|p2a: Tinkki Minaj
|
|upkeep
|turn|12
|
|t:|1780989154
|move|p2a: Tinkki Minaj|Thunder Wave|p1a: Walking Wake|[miss]
|-miss|p2a: Tinkki Minaj|p1a: Walking Wake
|move|p1a: Walking Wake|Dragon Pulse|p2a: Tinkki Minaj
|-immune|p2a: Tinkki Minaj
|
|upkeep
|turn|13
|
|t:|1780989158
|move|p2a: Tinkki Minaj|Gigaton Hammer|p1a: Walking Wake
|-resisted|p1a: Walking Wake
|-damage|p1a: Walking Wake|63/100 par
|move|p1a: Walking Wake|Dragon Pulse|p2a: Tinkki Minaj
|-immune|p2a: Tinkki Minaj
|
|upkeep
|turn|14
|
|t:|1780989160
|move|p2a: Tinkki Minaj|Thunder Wave|p1a: Walking Wake
|-fail|p1a: Walking Wake|par
|cant|p1a: Walking Wake|par
|
|upkeep
|turn|15
|
|t:|1780989161
|move|p2a: Tinkki Minaj|Gigaton Hammer|p1a: Walking Wake
|-resisted|p1a: Walking Wake
|-damage|p1a: Walking Wake|39/100 par
|move|p1a: Walking Wake|Dragon Pulse|p2a: Tinkki Minaj
|-immune|p2a: Tinkki Minaj
|
|upkeep
|turn|16
|
|t:|1780989163
|move|p2a: Tinkki Minaj|Thunder Wave|p1a: Walking Wake
|-fail|p1a: Walking Wake|par
|move|p1a: Walking Wake|Dragon Pulse|p2a: Tinkki Minaj
|-immune|p2a: Tinkki Minaj
|
|upkeep
|turn|17
|
|t:|1780989164
|move|p2a: Tinkki Minaj|Gigaton Hammer|p1a: Walking Wake
|-resisted|p1a: Walking Wake
|-damage|p1a: Walking Wake|17/100 par
|move|p1a: Walking Wake|Dragon Pulse|p2a: Tinkki Minaj
|-immune|p2a: Tinkki Minaj
|
|upkeep
|turn|18
|
|t:|1780989165
|move|p2a: Tinkki Minaj|Thunder Wave|p1a: Walking Wake
|-fail|p1a: Walking Wake|par
|move|p1a: Walking Wake|Dragon Pulse|p2a: Tinkki Minaj
|-immune|p2a: Tinkki Minaj
|
|upkeep
|turn|19
|
|t:|1780989166
|move|p2a: Tinkki Minaj|Gigaton Hammer|p1a: Walking Wake
|-resisted|p1a: Walking Wake
|-damage|p1a: Walking Wake|0 fnt
|faint|p1a: Walking Wake
|-end|p1a: Walking Wake|Protosynthesis|[silent]
|
|upkeep
|
|t:|1780989167
|switch|p1a: Hurricane Spam|Pelipper, M, shiny|100/100
|-damage|p1a: Hurricane Spam|76/100|[from] Stealth Rock
|-weather|RainDance|[from] ability: Drizzle|[of] p1a: Hurricane Spam
|turn|20
|
|t:|1780989173
|move|p2a: Tinkki Minaj|Thunder Wave|p1a: Hurricane Spam
|-status|p1a: Hurricane Spam|par
|move|p1a: Hurricane Spam|Weather Ball|p2a: Tinkki Minaj
|-damage|p2a: Tinkki Minaj|6/100
|
|-weather|RainDance|[upkeep]
|upkeep
|turn|21
|
|t:|1780989183
|move|p2a: Tinkki Minaj|Gigaton Hammer|p1a: Hurricane Spam
|-resisted|p1a: Hurricane Spam
|-damage|p1a: Hurricane Spam|55/100 par
|move|p1a: Hurricane Spam|Weather Ball|p2a: Tinkki Minaj
|-damage|p2a: Tinkki Minaj|0 fnt
|faint|p2a: Tinkki Minaj
|
|-weather|RainDance|[upkeep]
|upkeep
|
|t:|1780989191
|switch|p2a: Secret Service|Dragonite, F|100/100
|turn|22
|
|t:|1780989194
|cant|p1a: Hurricane Spam|par
|move|p2a: Secret Service|Dragon Tail|p1a: Hurricane Spam
|-crit|p1a: Hurricane Spam
|-damage|p1a: Hurricane Spam|3/100 par
|drag|p1a: Torkoal|Torkoal, M|100/100
|-damage|p1a: Torkoal|76/100|[from] Stealth Rock
|-weather|SunnyDay|[from] ability: Drought|[of] p1a: Torkoal
|
|-weather|SunnyDay|[upkeep]
|upkeep
|turn|23
|
|t:|1780989199
|move|p1a: Torkoal|Rapid Spin|p2a: Secret Service
|-damage|p2a: Secret Service|96/100
|-boost|p1a: Torkoal|spe|1
|-sideend|p1: LowEL0God|Stealth Rock|[from] move: Rapid Spin|[of] p1a: Torkoal
|move|p2a: Secret Service|Dragon Tail|p1a: Torkoal
|-damage|p1a: Torkoal|56/100
|drag|p1a: Hurricane Spam|Pelipper, M, shiny|3/100 par
|-weather|RainDance|[from] ability: Drizzle|[of] p1a: Hurricane Spam
|
|-weather|RainDance|[upkeep]
|upkeep
|turn|24
|
|t:|1780989201
|move|p2a: Secret Service|Extreme Speed|p1a: Hurricane Spam
|-damage|p1a: Hurricane Spam|0 fnt
|faint|p1a: Hurricane Spam
|
|-weather|RainDance|[upkeep]
|upkeep
|
|t:|1780989202
|switch|p1a: Kyurem|Kyurem|100/100
|-ability|p1a: Kyurem|Pressure
|turn|25
|
|t:|1780989206
|move|p2a: Secret Service|Extreme Speed|p1a: Kyurem
|-damage|p1a: Kyurem|70/100
|move|p1a: Kyurem|Freeze-Dry|p2a: Secret Service
|-supereffective|p2a: Secret Service
|-damage|p2a: Secret Service|0 fnt
|faint|p2a: Secret Service
|
|-weather|RainDance|[upkeep]
|upkeep
|
|t:|1780989209
|switch|p2a: My Little Pwny|Keldeo|100/100
|turn|26
|
|t:|1780989212
|switch|p1a: Ninetales|Ninetales-Alola, F|100/100 par
|-weather|Snowscape|[from] ability: Snow Warning|[of] p1a: Ninetales
|move|p2a: My Little Pwny|Aura Sphere|p1a: Ninetales
|-damage|p1a: Ninetales|59/100 par
|
|-weather|Snowscape|[upkeep]
|upkeep
|turn|27
|
|t:|1780989218
|switch|p2a: Jarhead|Ting-Lu|100/100
|-ability|p2a: Jarhead|Vessel of Ruin
|move|p1a: Ninetales|Aurora Veil|p1a: Ninetales
|-sidestart|p1: LowEL0God|move: Aurora Veil
|
|-weather|Snowscape|[upkeep]
|upkeep
|turn|28
|
|t:|1780989222
|switch|p1a: Kyurem|Kyurem|70/100
|-ability|p1a: Kyurem|Pressure
|move|p2a: Jarhead|Spikes|p1a: Kyurem
|-sidestart|p1: LowEL0God|Spikes
|
|-weather|Snowscape|[upkeep]
|upkeep
|turn|29
|
|t:|1780989225
|move|p1a: Kyurem|Dragon Dance|p1a: Kyurem
|-boost|p1a: Kyurem|atk|1
|-boost|p1a: Kyurem|spe|1
|move|p2a: Jarhead|Whirlwind|p1a: Kyurem
|drag|p1a: Torkoal|Torkoal, M|56/100
|-damage|p1a: Torkoal|43/100|[from] Spikes
|-weather|SunnyDay|[from] ability: Drought|[of] p1a: Torkoal
|
|-weather|SunnyDay|[upkeep]
|upkeep
|turn|30
|
|t:|1780989229
|move|p2a: Jarhead|Spikes|p1a: Torkoal
|-sidestart|p1: LowEL0God|Spikes
|move|p1a: Torkoal|Rapid Spin|p2a: Jarhead
|-damage|p2a: Jarhead|96/100
|-boost|p1a: Torkoal|spe|1
|-sideend|p1: LowEL0God|Spikes|[from] move: Rapid Spin|[of] p1a: Torkoal
|
|-weather|SunnyDay|[upkeep]
|-heal|p2a: Jarhead|100/100|[from] item: Leftovers
|upkeep
|turn|31
|
|t:|1780989233
|move|p2a: Jarhead|Spikes|p1a: Torkoal
|-sidestart|p1: LowEL0God|Spikes
|move|p1a: Torkoal|Lava Plume|p2a: Jarhead
|-damage|p2a: Jarhead|86/100
|-status|p2a: Jarhead|brn
|
|-weather|SunnyDay|[upkeep]
|-heal|p2a: Jarhead|92/100 brn|[from] item: Leftovers
|-damage|p2a: Jarhead|86/100 brn|[from] brn
|-sideend|p1: LowEL0God|move: Aurora Veil
|upkeep
|turn|32
|
|t:|1780989242
|switch|p2a: My Little Pwny|Keldeo|100/100
|move|p1a: Torkoal|Rapid Spin|p2a: My Little Pwny
|-damage|p2a: My Little Pwny|89/100
|-boost|p1a: Torkoal|spe|1
|-sideend|p1: LowEL0God|Spikes|[from] move: Rapid Spin|[of] p1a: Torkoal
|
|-weather|SunnyDay|[upkeep]
|upkeep
|turn|33
|
|t:|1780989245
|-terastallize|p1a: Torkoal|Flying
|move|p2a: My Little Pwny|Aura Sphere|p1a: Torkoal
|-resisted|p1a: Torkoal
|-damage|p1a: Torkoal|17/100
|move|p1a: Torkoal|Lava Plume|p2a: My Little Pwny
|-resisted|p2a: My Little Pwny
|-damage|p2a: My Little Pwny|66/100
|
|-weather|SunnyDay|[upkeep]
|upkeep
|turn|34
|
|t:|1780989250
|move|p2a: My Little Pwny|Aura Sphere|p1a: Torkoal
|-resisted|p1a: Torkoal
|-damage|p1a: Torkoal|0 fnt
|faint|p1a: Torkoal
|
|-weather|SunnyDay|[upkeep]
|upkeep
|
|t:|1780989251
|switch|p1a: Ninetales|Ninetales-Alola, F|59/100 par
|-weather|Snowscape|[from] ability: Snow Warning|[of] p1a: Ninetales
|turn|35
|
|t:|1780989257
|switch|p2a: Jarhead|Ting-Lu|86/100 brn
|-ability|p2a: Jarhead|Vessel of Ruin
|move|p1a: Ninetales|Aurora Veil|p1a: Ninetales
|-sidestart|p1: LowEL0God|move: Aurora Veil
|
|-weather|Snowscape|[upkeep]
|-heal|p2a: Jarhead|92/100 brn|[from] item: Leftovers
|-damage|p2a: Jarhead|86/100 brn|[from] brn
|upkeep
|turn|36
|
|t:|1780989260
|move|p1a: Ninetales|Moonblast|p2a: Jarhead
|-supereffective|p2a: Jarhead
|-crit|p2a: Jarhead
|-damage|p2a: Jarhead|50/100 brn
|-unboost|p2a: Jarhead|spa|1
|move|p2a: Jarhead|Spikes|p1a: Ninetales
|-sidestart|p1: LowEL0God|Spikes
|
|-weather|Snowscape|[upkeep]
|-heal|p2a: Jarhead|56/100 brn|[from] item: Leftovers
|-damage|p2a: Jarhead|50/100 brn|[from] brn
|upkeep
|turn|37
|
|t:|1780989264
|move|p1a: Ninetales|Moonblast|p2a: Jarhead
|-supereffective|p2a: Jarhead
|-damage|p2a: Jarhead|25/100 brn
|-unboost|p2a: Jarhead|spa|1
|move|p2a: Jarhead|Spikes|p1a: Ninetales
|-sidestart|p1: LowEL0God|Spikes
|
|-weather|Snowscape|[upkeep]
|-heal|p2a: Jarhead|31/100 brn|[from] item: Leftovers
|-damage|p2a: Jarhead|25/100 brn|[from] brn
|upkeep
|turn|38
|
|t:|1780989266
|move|p1a: Ninetales|Moonblast|p2a: Jarhead
|-supereffective|p2a: Jarhead
|-damage|p2a: Jarhead|3/100 brn
|move|p2a: Jarhead|Ruination|p1a: Ninetales
|-damage|p1a: Ninetales|30/100 par
|
|-weather|Snowscape|[upkeep]
|-heal|p2a: Jarhead|9/100 brn|[from] item: Leftovers
|-damage|p2a: Jarhead|3/100 brn|[from] brn
|upkeep
|turn|39
|
|t:|1780989271
|move|p1a: Ninetales|Moonblast|p2a: Jarhead
|-supereffective|p2a: Jarhead
|-damage|p2a: Jarhead|0 fnt
|faint|p2a: Jarhead
|
|-weather|Snowscape|[upkeep]
|-sideend|p1: LowEL0God|move: Aurora Veil
|upkeep
|
|t:|1780989273
|switch|p2a: My Little Pwny|Keldeo|66/100
|turn|40
|
|t:|1780989277
|move|p2a: My Little Pwny|Surf|p1a: Ninetales
|-damage|p1a: Ninetales|0 fnt
|faint|p1a: Ninetales
|
|-weather|Snowscape|[upkeep]
|upkeep
|
|t:|1780989278
|switch|p1a: Kyurem|Kyurem|70/100
|-damage|p1a: Kyurem|54/100|[from] Spikes
|-ability|p1a: Kyurem|Pressure
|turn|41
|
|t:|1780989280
|move|p2a: My Little Pwny|Aura Sphere|p1a: Kyurem
|-supereffective|p1a: Kyurem
|-damage|p1a: Kyurem|0 fnt
|faint|p1a: Kyurem
|
|win|Curbs
|raw|LowEL0God's rating: 1567 &rarr; <strong>1546</strong><br />(-21 for losing)
|raw|Curbs's rating: 1551 &rarr; <strong>1572</strong><br />(+21 for winning)
|c|☆Curbs|gg
|l|☆Curbs
|player|p2|
|c|☆LowEL0God|gg
|l|☆LowEL0God
|player|p1|
