|j|☆KurisuChestnutOU
|j|☆theoddkeystone
|t:|1781129981
|gametype|singles
|player|p1|KurisuChestnutOU|may-contest|1556
|player|p2|theoddkeystone|bruno-gen2|1579
|gen|9
|tier|[Gen 9] OU
|rated|
|rule|HP Percentage Mod: HP is shown in percentages
|rule|Endless Battle Clause: Forcing endless battles is banned
|rule|Species Clause: Limit one of each Pokémon
|rule|OHKO Clause: OHKO moves are banned
|rule|Evasion Items Clause: Evasion items are banned
|rule|Evasion Moves Clause: Evasion moves are banned
|rule|Evasion Abilities Clause: Evasion abilities are banned
|rule|Sleep Moves Clause: Sleep-inducing moves are banned
|clearpoke
|poke|p1|Hawlucha, F|
|poke|p1|Samurott-Hisui, F|
|poke|p1|Rillaboom, F|
|poke|p1|Gholdengo|
|poke|p1|Kyurem|
|poke|p1|Landorus-Therian, M|
|poke|p2|Kingambit, M|
|poke|p2|Slowbro, M|
|poke|p2|Gliscor, F|
|poke|p2|Garganacl, F|
|poke|p2|Kyurem|
|poke|p2|Brambleghast, F|
|teampreview
|inactive|Battle timer is ON: inactive players will automatically lose when time's up. (requested by KurisuChestnutOU)
|inactive|theoddkeystone has 120 seconds left.
|
|t:|1781130023
|teamsize|p1|6
|teamsize|p2|6
|start
|switch|p1a: Kyurem|Kyurem|100/100
|switch|p2a: Brambleghast|Brambleghast, F|100/100
|-ability|p1a: Kyurem|Pressure
|turn|1
|
|t:|1781130029
|move|p2a: Brambleghast|Poltergeist|p1a: Kyurem
|-activate|p1a: Kyurem|move: Poltergeist|Assault Vest
|-damage|p1a: Kyurem|48/100
|move|p1a: Kyurem|Ice Beam|p2a: Brambleghast
|-supereffective|p2a: Brambleghast
|-damage|p2a: Brambleghast|0 fnt
|faint|p2a: Brambleghast
|
|upkeep
|
|t:|1781130037
|switch|p2a: Garganacl|Garganacl, F|100/100
|turn|2
|
|t:|1781130040
|move|p1a: Kyurem|Focus Blast|p2a: Garganacl
|-supereffective|p2a: Garganacl
|-damage|p2a: Garganacl|39/100
|move|p2a: Garganacl|Salt Cure|p1a: Kyurem
|-supereffective|p1a: Kyurem
|-damage|p1a: Kyurem|20/100
|-start|p1a: Kyurem|Salt Cure
|
|-heal|p2a: Garganacl|45/100|[from] item: Leftovers
|-damage|p1a: Kyurem|8/100|[from] Salt Cure
|upkeep
|turn|3
|
|t:|1781130048
|move|p1a: Kyurem|Focus Blast|p2a: Garganacl
|-supereffective|p2a: Garganacl
|-damage|p2a: Garganacl|0 fnt
|faint|p2a: Garganacl
|
|-damage|p1a: Kyurem|0 fnt|[from] Salt Cure
|faint|p1a: Kyurem
|upkeep
|
|t:|1781130055
|switch|p1a: Samurott|Samurott-Hisui, F|100/100
|switch|p2a: Kyurem|Kyurem|100/100
|-ability|p2a: Kyurem|Pressure
|turn|4
|
|t:|1781130062
|move|p2a: Kyurem|Freeze-Dry|p1a: Samurott
|-supereffective|p1a: Samurott
|-damage|p1a: Samurott|60/100
|move|p1a: Samurott|Ceaseless Edge|p2a: Kyurem
|-damage|p2a: Kyurem|61/100
|-sidestart|p2: theoddkeystone|Spikes
|
|upkeep
|turn|5
|
|t:|1781130067
|switch|p1a: Gholdengo|Gholdengo|100/100
|move|p2a: Kyurem|Freeze-Dry|p1a: Gholdengo
|-resisted|p1a: Gholdengo
|-damage|p1a: Gholdengo|81/100
|
|upkeep
|turn|6
|
|t:|1781130072
|switch|p2a: Slowbro|Slowbro, M|100/100
|move|p1a: Gholdengo|Make It Rain|p2a: Slowbro
|-resisted|p2a: Slowbro
|-damage|p2a: Slowbro|69/100
|-unboost|p1a: Gholdengo|spa|1
|
|upkeep
|turn|7
|
|t:|1781130079
|move|p1a: Gholdengo|Make It Rain|p2a: Slowbro
|-resisted|p2a: Slowbro
|-damage|p2a: Slowbro|48/100
|-unboost|p1a: Gholdengo|spa|1
|move|p2a: Slowbro|Future Sight|p1a: Gholdengo
|-start|p2a: Slowbro|move: Future Sight
|
|upkeep
|turn|8
|
|t:|1781130084
|switch|p1a: Hawlucha|Hawlucha, F|100/100
|move|p2a: Slowbro|Body Press|p1a: Hawlucha
|-resisted|p1a: Hawlucha
|-damage|p1a: Hawlucha|82/100
|
|upkeep
|turn|9
|
|t:|1781130090
|switch|p1a: Samurott|Samurott-Hisui, F|60/100
|move|p2a: Slowbro|Scald|p1a: Samurott
|-resisted|p1a: Samurott
|-damage|p1a: Samurott|51/100
|-status|p1a: Samurott|brn
|
|-end|p1a: Samurott|move: Future Sight
|-immune|p1a: Samurott
|-damage|p1a: Samurott|45/100 brn|[from] brn
|upkeep
|turn|10
|
|t:|1781130093
|move|p1a: Samurott|Knock Off|p2a: Slowbro
|-supereffective|p2a: Slowbro
|-damage|p2a: Slowbro|24/100
|-enditem|p2a: Slowbro|Heavy-Duty Boots|[from] move: Knock Off|[of] p1a: Samurott
|move|p2a: Slowbro|Slack Off|p2a: Slowbro
|-heal|p2a: Slowbro|74/100
|
|-damage|p1a: Samurott|39/100 brn|[from] brn
|upkeep
|turn|11
|
|t:|1781130097
|move|p1a: Samurott|Flip Turn|p2a: Slowbro
|-resisted|p2a: Slowbro
|-damage|p2a: Slowbro|71/100
|
|t:|1781130104
|switch|p1a: Gholdengo|Gholdengo|81/100|[from] Flip Turn
|move|p2a: Slowbro|Future Sight|p1a: Gholdengo
|-start|p2a: Slowbro|move: Future Sight
|
|upkeep
|turn|12
|inactive|theoddkeystone has 120 seconds left.
|
|t:|1781130138
|switch|p2a: Gliscor|Gliscor, F|100/100
|move|p1a: Gholdengo|Make It Rain|p2a: Gliscor
|-damage|p2a: Gliscor|46/100
|-unboost|p1a: Gholdengo|spa|1
|
|-status|p2a: Gliscor|tox|[from] item: Toxic Orb
|upkeep
|turn|13
|
|t:|1781130147
|switch|p1a: Samurott|Samurott-Hisui, F|39/100 brn
|move|p2a: Gliscor|Knock Off|p1a: Samurott
|-resisted|p1a: Samurott
|-damage|p1a: Samurott|27/100 brn
|-enditem|p1a: Samurott|Assault Vest|[from] move: Knock Off|[of] p2a: Gliscor
|
|-end|p1a: Samurott|move: Future Sight
|-immune|p1a: Samurott
|-heal|p2a: Gliscor|58/100 tox|[from] ability: Poison Heal
|-damage|p1a: Samurott|21/100 brn|[from] brn
|upkeep
|turn|14
|
|t:|1781130159
|move|p2a: Gliscor|Protect|p2a: Gliscor
|-singleturn|p2a: Gliscor|Protect
|move|p1a: Samurott|Flip Turn|p2a: Gliscor
|-activate|p2a: Gliscor|move: Protect
|
|-heal|p2a: Gliscor|71/100 tox|[from] ability: Poison Heal
|-damage|p1a: Samurott|15/100 brn|[from] brn
|upkeep
|turn|15
|
|t:|1781130163
|move|p2a: Gliscor|Swords Dance|p2a: Gliscor
|-boost|p2a: Gliscor|atk|2
|move|p1a: Samurott|Flip Turn|p2a: Gliscor
|-supereffective|p2a: Gliscor
|-damage|p2a: Gliscor|51/100 tox
|
|t:|1781130168
|switch|p1a: Rillaboom|Rillaboom, F|100/100|[from] Flip Turn
|-fieldstart|move: Grassy Terrain|[from] ability: Grassy Surge|[of] p1a: Rillaboom
|
|-heal|p2a: Gliscor|64/100 tox|[from] ability: Poison Heal
|upkeep
|turn|16
|
|t:|1781130177
|move|p2a: Gliscor|Protect|p2a: Gliscor
|-singleturn|p2a: Gliscor|Protect
|move|p1a: Rillaboom|Wood Hammer|p2a: Gliscor
|-activate|p2a: Gliscor|move: Protect
|
|-heal|p2a: Gliscor|76/100 tox|[from] ability: Poison Heal
|upkeep
|turn|17
|
|t:|1781130189
|switch|p2a: Kingambit|Kingambit, M|100/100
|-damage|p2a: Kingambit|88/100|[from] Spikes
|-activate|p2a: Kingambit|ability: Supreme Overlord
|-start|p2a: Kingambit|fallen2|[silent]
|move|p1a: Rillaboom|Wood Hammer|p2a: Kingambit
|-resisted|p2a: Kingambit
|-damage|p2a: Kingambit|48/100
|-damage|p1a: Rillaboom|88/100|[from] Recoil
|
|-heal|p1a: Rillaboom|95/100|[from] Grassy Terrain
|-heal|p2a: Kingambit|54/100|[from] Grassy Terrain
|-heal|p2a: Kingambit|60/100|[from] item: Leftovers
|upkeep
|turn|18
|
|t:|1781130198
|switch|p1a: Hawlucha|Hawlucha, F|82/100
|-enditem|p1a: Hawlucha|Grassy Seed
|-boost|p1a: Hawlucha|def|1|[from] item: Grassy Seed
|move|p2a: Kingambit|Iron Head|p1a: Hawlucha
|-damage|p1a: Hawlucha|35/100
|
|-heal|p2a: Kingambit|66/100|[from] Grassy Terrain
|-heal|p2a: Kingambit|73/100|[from] item: Leftovers
|upkeep
|turn|19
|
|t:|1781130203
|-end|p2a: Kingambit|fallen2|[silent]
|switch|p2a: Slowbro|Slowbro, M|100/100
|-damage|p2a: Slowbro|88/100|[from] Spikes
|move|p1a: Hawlucha|Low Kick|p2a: Slowbro
|-resisted|p2a: Slowbro
|-damage|p2a: Slowbro|77/100
|
|-heal|p2a: Slowbro|83/100|[from] Grassy Terrain
|-fieldend|move: Grassy Terrain
|upkeep
|turn|20
|
|t:|1781130209
|move|p1a: Hawlucha|Roost|p1a: Hawlucha
|-heal|p1a: Hawlucha|85/100
|-singleturn|p1a: Hawlucha|move: Roost
|move|p2a: Slowbro|Scald|p1a: Hawlucha
|-damage|p1a: Hawlucha|43/100
|-status|p1a: Hawlucha|brn
|
|-damage|p1a: Hawlucha|37/100 brn|[from] brn
|upkeep
|turn|21
|
|t:|1781130213
|switch|p1a: Rillaboom|Rillaboom, F|95/100
|-fieldstart|move: Grassy Terrain|[from] ability: Grassy Surge|[of] p1a: Rillaboom
|move|p2a: Slowbro|Future Sight|p1a: Rillaboom
|-start|p2a: Slowbro|move: Future Sight
|
|-heal|p1a: Rillaboom|100/100|[from] Grassy Terrain
|-heal|p2a: Slowbro|89/100|[from] Grassy Terrain
|upkeep
|turn|22
|
|t:|1781130217
|switch|p2a: Kingambit|Kingambit, M|73/100
|-damage|p2a: Kingambit|60/100|[from] Spikes
|-activate|p2a: Kingambit|ability: Supreme Overlord
|-start|p2a: Kingambit|fallen2|[silent]
|move|p1a: Rillaboom|Wood Hammer|p2a: Kingambit
|-resisted|p2a: Kingambit
|-damage|p2a: Kingambit|25/100
|-damage|p1a: Rillaboom|90/100|[from] Recoil
|
|-heal|p1a: Rillaboom|96/100|[from] Grassy Terrain
|-heal|p2a: Kingambit|31/100|[from] Grassy Terrain
|-heal|p2a: Kingambit|37/100|[from] item: Leftovers
|upkeep
|turn|23
|
|t:|1781130230
|move|p2a: Kingambit|Sucker Punch|p1a: Rillaboom
|-damage|p1a: Rillaboom|48/100
|move|p1a: Rillaboom|Wood Hammer|p2a: Kingambit
|-resisted|p2a: Kingambit
|-damage|p2a: Kingambit|2/100
|-damage|p1a: Rillaboom|37/100|[from] Recoil
|
|-end|p1a: Rillaboom|move: Future Sight
|-damage|p1a: Rillaboom|0 fnt
|faint|p1a: Rillaboom
|-heal|p2a: Kingambit|8/100|[from] Grassy Terrain
|-heal|p2a: Kingambit|14/100|[from] item: Leftovers
|upkeep
|
|t:|1781130238
|switch|p1a: Landorus|Landorus-Therian, M|100/100
|-ability|p1a: Landorus|Intimidate|boost
|-unboost|p2a: Kingambit|atk|1
|turn|24
|
|t:|1781130245
|-end|p2a: Kingambit|fallen2|[silent]
|switch|p2a: Gliscor|Gliscor, F|76/100 tox
|move|p1a: Landorus|U-turn|p2a: Gliscor
|-resisted|p2a: Gliscor
|-damage|p2a: Gliscor|68/100 tox
|
|t:|1781130248
|switch|p1a: Gholdengo|Gholdengo|81/100|[from] U-turn
|
|-heal|p1a: Gholdengo|87/100|[from] Grassy Terrain
|-heal|p2a: Gliscor|80/100 tox|[from] ability: Poison Heal
|upkeep
|turn|25
|
|t:|1781130253
|move|p2a: Gliscor|Protect|p2a: Gliscor
|-singleturn|p2a: Gliscor|Protect
|move|p1a: Gholdengo|Make It Rain|p2a: Gliscor
|-activate|p2a: Gliscor|move: Protect
|
|-heal|p1a: Gholdengo|94/100|[from] Grassy Terrain
|-heal|p2a: Gliscor|93/100 tox|[from] ability: Poison Heal
|-fieldend|move: Grassy Terrain
|upkeep
|turn|26
|
|t:|1781130259
|-terastallize|p1a: Gholdengo|Steel
|move|p1a: Gholdengo|Make It Rain|p2a: Gliscor
|-damage|p2a: Gliscor|15/100 tox
|-unboost|p1a: Gholdengo|spa|1
|move|p2a: Gliscor|Knock Off|p1a: Gholdengo
|-damage|p1a: Gholdengo|67/100
|-enditem|p1a: Gholdengo|Choice Scarf|[from] move: Knock Off|[of] p2a: Gliscor
|
|-heal|p2a: Gliscor|28/100 tox|[from] ability: Poison Heal
|upkeep
|turn|27
|
|t:|1781130268
|move|p2a: Gliscor|Protect|p2a: Gliscor
|-singleturn|p2a: Gliscor|Protect
|move|p1a: Gholdengo|Make It Rain|p2a: Gliscor
|-activate|p2a: Gliscor|move: Protect
|
|-heal|p2a: Gliscor|40/100 tox|[from] ability: Poison Heal
|upkeep
|turn|28
|
|t:|1781130271
|switch|p2a: Slowbro|Slowbro, M|100/100
|-damage|p2a: Slowbro|88/100|[from] Spikes
|move|p1a: Gholdengo|Make It Rain|p2a: Slowbro
|-resisted|p2a: Slowbro
|-damage|p2a: Slowbro|61/100
|-unboost|p1a: Gholdengo|spa|1
|
|upkeep
|turn|29
|
|t:|1781130278
|move|p1a: Gholdengo|Shadow Ball|p2a: Slowbro
|-supereffective|p2a: Slowbro
|-damage|p2a: Slowbro|13/100
|-unboost|p2a: Slowbro|spd|1
|move|p2a: Slowbro|Future Sight|p1a: Gholdengo
|-start|p2a: Slowbro|move: Future Sight
|
|upkeep
|turn|30
|
|t:|1781130295
|switch|p2a: Kingambit|Kingambit, M|14/100
|-damage|p2a: Kingambit|2/100|[from] Spikes
|-activate|p2a: Kingambit|ability: Supreme Overlord
|-start|p2a: Kingambit|fallen2|[silent]
|move|p1a: Gholdengo|Make It Rain|p2a: Kingambit
|-resisted|p2a: Kingambit
|-damage|p2a: Kingambit|0 fnt
|-unboost|p1a: Gholdengo|spa|1
|faint|p2a: Kingambit
|-end|p2a: Kingambit|fallen2|[silent]
|
|upkeep
|
|t:|1781130306
|switch|p2a: Gliscor|Gliscor, F|40/100 tox
|turn|31
|
|t:|1781130317
|switch|p1a: Hawlucha|Hawlucha, F|37/100 brn
|move|p2a: Gliscor|Protect||[still]
|-fail|p2a: Gliscor
|
|-end|p1a: Hawlucha|move: Future Sight
|-supereffective|p1a: Hawlucha
|-damage|p1a: Hawlucha|0 fnt
|faint|p1a: Hawlucha
|-heal|p2a: Gliscor|53/100 tox|[from] ability: Poison Heal
|upkeep
|
|t:|1781130320
|switch|p1a: Gholdengo|Gholdengo, tera:Steel|67/100
|turn|32
|
|t:|1781130324
|move|p2a: Gliscor|Protect|p2a: Gliscor
|-singleturn|p2a: Gliscor|Protect
|move|p1a: Gholdengo|Shadow Ball|p2a: Gliscor
|-activate|p2a: Gliscor|move: Protect
|
|-heal|p2a: Gliscor|65/100 tox|[from] ability: Poison Heal
|upkeep
|turn|33
|
|t:|1781130337
|switch|p2a: Slowbro|Slowbro, M|46/100
|-damage|p2a: Slowbro|34/100|[from] Spikes
|move|p1a: Gholdengo|Shadow Ball|p2a: Slowbro
|-supereffective|p2a: Slowbro
|-damage|p2a: Slowbro|0 fnt
|faint|p2a: Slowbro
|
|upkeep
|
|t:|1781130340
|switch|p2a: Kyurem|Kyurem|61/100
|-ability|p2a: Kyurem|Pressure
|turn|34
|
|t:|1781130354
|switch|p1a: Landorus|Landorus-Therian, M|100/100
|-ability|p1a: Landorus|Intimidate|boost
|-unboost|p2a: Kyurem|atk|1
|move|p2a: Kyurem|Dragon Dance|p2a: Kyurem
|-boost|p2a: Kyurem|atk|1
|-boost|p2a: Kyurem|spe|1
|
|upkeep
|turn|35
|
|t:|1781130364
|switch|p1a: Gholdengo|Gholdengo, tera:Steel|67/100
|move|p2a: Kyurem|Freeze-Dry|p1a: Gholdengo
|-resisted|p1a: Gholdengo
|-damage|p1a: Gholdengo|47/100
|
|upkeep
|turn|36
|
|t:|1781130372
|switch|p1a: Landorus|Landorus-Therian, M|100/100
|-ability|p1a: Landorus|Intimidate|boost
|-unboost|p2a: Kyurem|atk|1
|move|p2a: Kyurem|Earth Power|p1a: Landorus
|-immune|p1a: Landorus
|
|upkeep
|turn|37
|
|t:|1781130383
|switch|p1a: Gholdengo|Gholdengo, tera:Steel|47/100
|move|p2a: Kyurem|Freeze-Dry|p1a: Gholdengo
|-resisted|p1a: Gholdengo
|-damage|p1a: Gholdengo|29/100
|
|upkeep
|turn|38
|
|t:|1781130389
|switch|p1a: Landorus|Landorus-Therian, M|100/100
|-ability|p1a: Landorus|Intimidate|boost
|-unboost|p2a: Kyurem|atk|1
|move|p2a: Kyurem|Earth Power|p1a: Landorus
|-immune|p1a: Landorus
|
|upkeep
|turn|39
|
|t:|1781130393
|switch|p1a: Gholdengo|Gholdengo, tera:Steel|29/100
|move|p2a: Kyurem|Freeze-Dry|p1a: Gholdengo
|-resisted|p1a: Gholdengo
|-damage|p1a: Gholdengo|10/100
|
|upkeep
|turn|40
|
|t:|1781130407
|move|p2a: Kyurem|Freeze-Dry|p1a: Gholdengo
|-resisted|p1a: Gholdengo
|-crit|p1a: Gholdengo
|-damage|p1a: Gholdengo|0 fnt
|faint|p1a: Gholdengo
|
|upkeep
|
|t:|1781130413
|switch|p1a: Samurott|Samurott-Hisui, F|15/100 brn
|turn|41
|
|t:|1781130417
|move|p1a: Samurott|Sucker Punch|p2a: Kyurem
|-damage|p2a: Kyurem|45/100
|move|p2a: Kyurem|Freeze-Dry|p1a: Samurott
|-supereffective|p1a: Samurott
|-damage|p1a: Samurott|0 fnt
|faint|p1a: Samurott
|
|upkeep
|
|t:|1781130425
|switch|p1a: Landorus|Landorus-Therian, M|100/100
|-ability|p1a: Landorus|Intimidate|boost
|-unboost|p2a: Kyurem|atk|1
|turn|42
|
|t:|1781130432
|-terastallize|p2a: Kyurem|Ice
|move|p2a: Kyurem|Freeze-Dry|p1a: Landorus
|-supereffective|p1a: Landorus
|-damage|p1a: Landorus|0 fnt
|faint|p1a: Landorus
|
|win|theoddkeystone
|raw|KurisuChestnutOU's rating: 1557 &rarr; <strong>1538</strong><br />(-19 for losing)
|raw|theoddkeystone's rating: 1579 &rarr; <strong>1598</strong><br />(+19 for winning)
|l|☆KurisuChestnutOU
|player|p1|
|l|☆theoddkeystone
|player|p2|
