|j|☆arbok super yea
|j|☆kennojex
|t:|1781563877
|gametype|singles
|player|p1|arbok super yea|bugcatcher-gen4dp|1587
|player|p2|kennojex|lucas|1664
|gen|9
|tier|[Gen 9] OU
|rated|
|rule|HP Percentage Mod: HP is shown in percentages
|rule|Endless Battle Clause: Forcing endless battles is banned
|rule|Species Clause: Limit one of each Pokémon
|rule|OHKO Clause: OHKO moves are banned
|rule|Evasion Items Clause: Evasion items are banned
|rule|Evasion Moves Clause: Evasion moves are banned
|rule|Evasion Abilities Clause: Evasion abilities are banned
|rule|Sleep Moves Clause: Sleep-inducing moves are banned
|clearpoke
|poke|p1|Arbok, F|
|poke|p1|Iron Treads|
|poke|p1|Tornadus-Therian, M|
|poke|p1|Zamazenta-*|
|poke|p1|Kingambit, F|
|poke|p1|Raging Bolt|
|poke|p2|Zapdos-Galar|
|poke|p2|Blissey, F|
|poke|p2|Darkrai|
|poke|p2|Gliscor, F|
|poke|p2|Skarmory, F|
|poke|p2|Pecharunt|
|teampreview
|
|t:|1781563891
|teamsize|p1|6
|teamsize|p2|6
|start
|switch|p1a: Raging Bolt|Raging Bolt|100/100
|switch|p2a: Gliscor|Gliscor, F|100/100
|turn|1
|
|t:|1781563903
|-end|p1a: Raging Bolt|Protosynthesis|[silent]
|switch|p1a: Tornadus|Tornadus-Therian, M|100/100
|move|p2a: Gliscor|Protect||[still]
|-fail|p2a: Gliscor
|
|-status|p2a: Gliscor|tox|[from] item: Toxic Orb
|upkeep
|turn|2
|
|t:|1781563909
|move|p1a: Tornadus|Nasty Plot|p1a: Tornadus
|-boost|p1a: Tornadus|spa|2
|move|p2a: Gliscor|Knock Off|p1a: Tornadus
|-crit|p1a: Tornadus
|-damage|p1a: Tornadus|55/100
|-enditem|p1a: Tornadus|Heavy-Duty Boots|[from] move: Knock Off|[of] p2a: Gliscor
|
|upkeep
|turn|3
|
|t:|1781563918
|switch|p2a: Blissey|Blissey, F|100/100
|move|p1a: Tornadus|Bleakwind Storm|p2a: Blissey
|-damage|p2a: Blissey|70/100
|
|upkeep
|turn|4
|
|t:|1781563929
|move|p1a: Tornadus|Focus Blast|p2a: Blissey
|-supereffective|p2a: Blissey
|-damage|p2a: Blissey|23/100
|-unboost|p2a: Blissey|spd|1
|move|p2a: Blissey|Stealth Rock|p1a: Tornadus
|-sidestart|p1: arbok super yea|move: Stealth Rock
|
|upkeep
|turn|5
|
|t:|1781563936
|move|p1a: Tornadus|Bleakwind Storm|p2a: Blissey
|-damage|p2a: Blissey|0 fnt
|faint|p2a: Blissey
|
|upkeep
|
|t:|1781563939
|switch|p2a: Darkrai|Darkrai|100/100
|turn|6
|
|t:|1781563943
|switch|p1a: Zamazenta|Zamazenta|100/100
|-damage|p1a: Zamazenta|94/100|[from] Stealth Rock
|-ability|p1a: Zamazenta|Dauntless Shield|boost
|-boost|p1a: Zamazenta|def|1
|move|p2a: Darkrai|Ice Beam|p1a: Zamazenta
|-damage|p1a: Zamazenta|69/100
|
|-heal|p1a: Zamazenta|75/100|[from] item: Leftovers
|upkeep
|turn|7
|
|t:|1781563954
|switch|p2a: Gliscor|Gliscor, F|100/100 tox
|move|p1a: Zamazenta|Crunch|p2a: Gliscor
|-damage|p2a: Gliscor|84/100 tox
|
|-heal|p1a: Zamazenta|81/100|[from] item: Leftovers
|-heal|p2a: Gliscor|97/100 tox|[from] ability: Poison Heal
|upkeep
|turn|8
|
|t:|1781563966
|move|p2a: Gliscor|Knock Off|p1a: Zamazenta
|-resisted|p1a: Zamazenta
|-damage|p1a: Zamazenta|76/100
|-enditem|p1a: Zamazenta|Leftovers|[from] move: Knock Off|[of] p2a: Gliscor
|move|p1a: Zamazenta|Roar|p2a: Gliscor
|drag|p2a: Da Kicker|Zapdos-Galar|100/100
|
|upkeep
|turn|9
|
|t:|1781563976
|switch|p1a: Raging Bolt|Raging Bolt|100/100
|move|p2a: Da Kicker|U-turn|p1a: Raging Bolt
|-damage|p1a: Raging Bolt|69/100
|
|t:|1781563982
|switch|p2a: Darkrai|Darkrai|100/100|[from] U-turn
|
|upkeep
|turn|10
|
|t:|1781563988
|move|p2a: Darkrai|Ice Beam|p1a: Raging Bolt
|-supereffective|p1a: Raging Bolt
|-damage|p1a: Raging Bolt|6/100
|move|p1a: Raging Bolt|Volt Switch|p2a: Darkrai
|-damage|p2a: Darkrai|42/100
|
|t:|1781563998
|-end|p1a: Raging Bolt|Protosynthesis|[silent]
|switch|p1a: Iron Treads|Iron Treads|100/100|[from] Volt Switch
|-damage|p1a: Iron Treads|98/100|[from] Stealth Rock
|
|-heal|p1a: Iron Treads|100/100|[from] item: Leftovers
|upkeep
|turn|11
|
|t:|1781564010
|switch|p2a: Pecharunt|Pecharunt|100/100
|-item|p2a: Pecharunt|Air Balloon
|move|p1a: Iron Treads|Rapid Spin|p2a: Pecharunt
|-immune|p2a: Pecharunt
|
|upkeep
|turn|12
|
|t:|1781564017
|move|p2a: Pecharunt|Shadow Ball|p1a: Iron Treads
|-damage|p1a: Iron Treads|80/100
|move|p1a: Iron Treads|Ice Spinner|p2a: Pecharunt
|-damage|p2a: Pecharunt|88/100
|-enditem|p2a: Pecharunt|Air Balloon
|
|-heal|p1a: Iron Treads|86/100|[from] item: Leftovers
|upkeep
|turn|13
|
|t:|1781564022
|move|p2a: Pecharunt|Parting Shot|p1a: Iron Treads
|-unboost|p1a: Iron Treads|atk|1
|-unboost|p1a: Iron Treads|spa|1
|
|t:|1781564025
|switch|p2a: Skarmory|Skarmory, F|100/100|[from] Parting Shot
|move|p1a: Iron Treads|Earthquake|p2a: Skarmory
|-immune|p2a: Skarmory
|
|-heal|p1a: Iron Treads|92/100|[from] item: Leftovers
|upkeep
|turn|14
|
|t:|1781564028
|switch|p2a: Pecharunt|Pecharunt|88/100
|move|p1a: Iron Treads|Rapid Spin|p2a: Pecharunt
|-immune|p2a: Pecharunt
|
|-heal|p1a: Iron Treads|98/100|[from] item: Leftovers
|upkeep
|turn|15
|
|t:|1781564035
|-end|p1a: Iron Treads|Quark Drive|[silent]
|switch|p1a: Kingambit|Kingambit, F|100/100
|-damage|p1a: Kingambit|94/100|[from] Stealth Rock
|move|p2a: Pecharunt|Shadow Ball|p1a: Kingambit
|-resisted|p1a: Kingambit
|-damage|p1a: Kingambit|79/100
|-unboost|p1a: Kingambit|spd|1
|
|-heal|p1a: Kingambit|85/100|[from] item: Leftovers
|upkeep
|turn|16
|
|t:|1781564046
|-end|p1a: Kingambit|fallenundefined|[silent]
|switch|p1a: Iron Treads|Iron Treads|98/100
|-damage|p1a: Iron Treads|95/100|[from] Stealth Rock
|move|p2a: Pecharunt|Parting Shot|p1a: Iron Treads
|-unboost|p1a: Iron Treads|atk|1
|-unboost|p1a: Iron Treads|spa|1
|
|t:|1781564053
|switch|p2a: Da Kicker|Zapdos-Galar|100/100|[from] Parting Shot
|
|-heal|p1a: Iron Treads|100/100|[from] item: Leftovers
|upkeep
|turn|17
|
|t:|1781564070
|-terastallize|p1a: Iron Treads|Ghost
|move|p2a: Da Kicker|U-turn|p1a: Iron Treads
|-resisted|p1a: Iron Treads
|-damage|p1a: Iron Treads|88/100
|
|t:|1781564075
|switch|p2a: Pecharunt|Pecharunt|88/100|[from] U-turn
|move|p1a: Iron Treads|Rapid Spin|p2a: Pecharunt
|-immune|p2a: Pecharunt
|
|-heal|p1a: Iron Treads|94/100|[from] item: Leftovers
|upkeep
|turn|18
|
|t:|1781564084
|move|p2a: Pecharunt|Parting Shot|p1a: Iron Treads
|-unboost|p1a: Iron Treads|atk|1
|-unboost|p1a: Iron Treads|spa|1
|
|t:|1781564091
|switch|p2a: Skarmory|Skarmory, F|100/100|[from] Parting Shot
|move|p1a: Iron Treads|Rapid Spin|p2a: Skarmory
|-resisted|p2a: Skarmory
|-damage|p2a: Skarmory|98/100
|-boost|p1a: Iron Treads|spe|1
|-damage|p1a: Iron Treads|77/100|[from] item: Rocky Helmet|[of] p2a: Skarmory
|-sideend|p1: arbok super yea|Stealth Rock|[from] move: Rapid Spin|[of] p1a: Iron Treads
|
|-heal|p1a: Iron Treads|83/100|[from] item: Leftovers
|upkeep
|turn|19
|
|t:|1781564096
|-end|p1a: Iron Treads|Quark Drive|[silent]
|switch|p1a: asoS evoL|Arbok, F|100/100
|-ability|p1a: asoS evoL|Intimidate|boost
|-unboost|p2a: Skarmory|atk|1
|move|p2a: Skarmory|Spikes|p1a: asoS evoL
|-sidestart|p1: arbok super yea|Spikes
|
|upkeep
|turn|20
|
|t:|1781564105
|switch|p2a: Gliscor|Gliscor, F|97/100 tox
|move|p1a: asoS evoL|Switcheroo|p2a: Gliscor
|-activate|p1a: asoS evoL|move: Trick|[of] p2a: Gliscor
|-item|p2a: Gliscor|Black Sludge|[from] move: Switcheroo
|-item|p1a: asoS evoL|Toxic Orb|[from] move: Switcheroo
|
|-damage|p2a: Gliscor|84/100 tox|[from] item: Black Sludge
|-heal|p2a: Gliscor|97/100 tox|[from] ability: Poison Heal
|upkeep
|turn|21
|
|t:|1781564126
|switch|p1a: Tornadus|Tornadus-Therian, M|88/100
|move|p2a: Gliscor|Swords Dance|p2a: Gliscor
|-boost|p2a: Gliscor|atk|2
|
|-damage|p2a: Gliscor|84/100 tox|[from] item: Black Sludge
|-heal|p2a: Gliscor|97/100 tox|[from] ability: Poison Heal
|upkeep
|turn|22
|
|t:|1781564135
|move|p1a: Tornadus|Nasty Plot|p1a: Tornadus
|-boost|p1a: Tornadus|spa|2
|move|p2a: Gliscor|Facade|p1a: Tornadus
|-damage|p1a: Tornadus|4/100
|
|-damage|p2a: Gliscor|84/100 tox|[from] item: Black Sludge
|-heal|p2a: Gliscor|97/100 tox|[from] ability: Poison Heal
|upkeep
|turn|23
|
|t:|1781564145
|move|p2a: Gliscor|Protect|p2a: Gliscor
|-singleturn|p2a: Gliscor|Protect
|move|p1a: Tornadus|Bleakwind Storm|p2a: Gliscor
|-activate|p2a: Gliscor|move: Protect
|
|-damage|p2a: Gliscor|84/100 tox|[from] item: Black Sludge
|-heal|p2a: Gliscor|97/100 tox|[from] ability: Poison Heal
|upkeep
|turn|24
|
|t:|1781564147
|move|p1a: Tornadus|Bleakwind Storm|p2a: Gliscor
|-damage|p2a: Gliscor|12/100 tox
|move|p2a: Gliscor|Knock Off|p1a: Tornadus
|-damage|p1a: Tornadus|0 fnt
|faint|p1a: Tornadus
|
|-damage|p2a: Gliscor|0 fnt|[from] item: Black Sludge
|faint|p2a: Gliscor
|upkeep
|
|t:|1781564173
|switch|p1a: asoS evoL|Arbok, F|100/100
|switch|p2a: Darkrai|Darkrai|42/100
|-damage|p1a: asoS evoL|88/100|[from] Spikes
|-ability|p1a: asoS evoL|Intimidate|boost
|-unboost|p2a: Darkrai|atk|1
|turn|25
|
|t:|1781564185
|move|p2a: Darkrai|Dark Pulse|p1a: asoS evoL
|-damage|p1a: asoS evoL|38/100
|move|p1a: asoS evoL|Glare|p2a: Darkrai
|-status|p2a: Darkrai|par
|
|upkeep
|turn|26
|
|t:|1781564199
|switch|p1a: Kingambit|Kingambit, F|85/100
|-damage|p1a: Kingambit|73/100|[from] Spikes
|-activate|p1a: Kingambit|ability: Supreme Overlord
|-start|p1a: Kingambit|fallen1|[silent]
|cant|p2a: Darkrai|par
|
|-heal|p1a: Kingambit|79/100|[from] item: Leftovers
|upkeep
|turn|27
|
|t:|1781564205
|move|p1a: Kingambit|Kowtow Cleave|p2a: Darkrai
|-resisted|p2a: Darkrai
|-damage|p2a: Darkrai|8/100 par
|move|p2a: Darkrai|Will-O-Wisp|p1a: Kingambit|[miss]
|-miss|p2a: Darkrai|p1a: Kingambit
|
|-heal|p1a: Kingambit|85/100|[from] item: Leftovers
|upkeep
|turn|28
|
|t:|1781564211
|switch|p2a: Skarmory|Skarmory, F|98/100
|move|p1a: Kingambit|Kowtow Cleave|p2a: Skarmory
|-damage|p2a: Skarmory|64/100
|-damage|p1a: Kingambit|69/100|[from] item: Rocky Helmet|[of] p2a: Skarmory
|
|-heal|p1a: Kingambit|75/100|[from] item: Leftovers
|upkeep
|turn|29
|
|t:|1781564215
|-end|p1a: Kingambit|fallen1|[silent]
|switch|p1a: Raging Bolt|Raging Bolt|6/100
|move|p2a: Skarmory|Body Press|p1a: Raging Bolt
|-damage|p1a: Raging Bolt|0 fnt
|faint|p1a: Raging Bolt
|-end|p1a: Raging Bolt|Protosynthesis|[silent]
|
|upkeep
|-message|arbok super yea forfeited.
|
|win|kennojex
|raw|arbok super yea's rating: 1587 &rarr; <strong>1571</strong><br />(-16 for losing)
|raw|kennojex's rating: 1664 &rarr; <strong>1680</strong><br />(+16 for winning)
|l|☆arbok super yea
|player|p1|
|l|☆kennojex
|player|p2|
