|j|☆m4debyjoak0
|j|☆cronem
|t:|1781064007
|gametype|singles
|player|p1|m4debyjoak0|cheren-gen5bw2|1498
|player|p2|cronem|266|1591
|gen|9
|tier|[Gen 9] OU
|rated|
|rule|HP Percentage Mod: HP is shown in percentages
|rule|Endless Battle Clause: Forcing endless battles is banned
|rule|Species Clause: Limit one of each Pokémon
|rule|OHKO Clause: OHKO moves are banned
|rule|Evasion Items Clause: Evasion items are banned
|rule|Evasion Moves Clause: Evasion moves are banned
|rule|Evasion Abilities Clause: Evasion abilities are banned
|rule|Sleep Moves Clause: Sleep-inducing moves are banned
|clearpoke
|poke|p1|Pincurchin, M|
|poke|p1|Iron Crown|
|poke|p1|Hawlucha, F|
|poke|p1|Iron Treads|
|poke|p1|Iron Valiant|
|poke|p1|Rotom-Wash|
|poke|p2|Iron Crown|
|poke|p2|Deoxys-Speed|
|poke|p2|Iron Valiant|
|poke|p2|Gardevoir, M|
|poke|p2|Samurott-Hisui, M|
|poke|p2|Okidogi, M|
|teampreview
|inactive|Battle timer is ON: inactive players will automatically lose when time's up. (requested by m4debyjoak0)
|
|t:|1781064022
|teamsize|p1|6
|teamsize|p2|6
|start
|switch|p1a: Rotom|Rotom-Wash|100/100
|switch|p2a: Samurott|Samurott-Hisui, M|100/100
|turn|1
|
|t:|1781064027
|move|p2a: Samurott|Ceaseless Edge|p1a: Rotom
|-damage|p1a: Rotom|63/100
|-sidestart|p1: m4debyjoak0|Spikes
|move|p1a: Rotom|Will-O-Wisp|p2a: Samurott
|-status|p2a: Samurott|brn
|
|-heal|p1a: Rotom|69/100|[from] item: Leftovers
|-damage|p2a: Samurott|94/100 brn|[from] brn
|upkeep
|turn|2
|
|t:|1781064032
|move|p2a: Samurott|Ceaseless Edge|p1a: Rotom|[miss]
|-miss|p2a: Samurott|p1a: Rotom
|move|p1a: Rotom|Volt Switch|p2a: Samurott
|-supereffective|p2a: Samurott
|-damage|p2a: Samurott|20/100 brn
|
|t:|1781064037
|switch|p1a: Iron Treads|Iron Treads|100/100|[from] Volt Switch
|-item|p1a: Iron Treads|Air Balloon
|
|-damage|p2a: Samurott|13/100 brn|[from] brn
|upkeep
|turn|3
|
|t:|1781064042
|-terastallize|p2a: Samurott|Ghost
|move|p1a: Iron Treads|Rapid Spin|p2a: Samurott
|-immune|p2a: Samurott
|move|p2a: Samurott|Razor Shell|p1a: Iron Treads
|-supereffective|p1a: Iron Treads
|-damage|p1a: Iron Treads|49/100
|-enditem|p1a: Iron Treads|Air Balloon
|
|-damage|p2a: Samurott|7/100 brn|[from] brn
|upkeep
|turn|4
|
|t:|1781064051
|move|p2a: Samurott|Aqua Jet|p1a: Iron Treads
|-supereffective|p1a: Iron Treads
|-damage|p1a: Iron Treads|32/100
|move|p1a: Iron Treads|Volt Switch|p2a: Samurott
|-damage|p2a: Samurott|0 fnt
|faint|p2a: Samurott
|
|t:|1781064057
|-end|p1a: Iron Treads|Quark Drive|[silent]
|switch|p1a: Rotom|Rotom-Wash|69/100|[from] Volt Switch
|
|-heal|p1a: Rotom|75/100|[from] item: Leftovers
|upkeep
|
|t:|1781064062
|switch|p2a: Deoxys|Deoxys-Speed|100/100
|-ability|p2a: Deoxys|Pressure
|turn|5
|
|t:|1781064066
|move|p2a: Deoxys|Knock Off|p1a: Rotom
|-damage|p1a: Rotom|61/100
|-enditem|p1a: Rotom|Leftovers|[from] move: Knock Off|[of] p2a: Deoxys
|move|p1a: Rotom|Volt Switch|p2a: Deoxys
|-damage|p2a: Deoxys|63/100
|
|t:|1781064069
|switch|p1a: Pincurchin|Pincurchin, M|100/100|[from] Volt Switch
|-damage|p1a: Pincurchin|88/100|[from] Spikes
|-fieldstart|move: Electric Terrain|[from] ability: Electric Surge|[of] p1a: Pincurchin
|
|upkeep
|turn|6
|
|t:|1781064092
|switch|p1a: Iron Treads|Iron Treads|32/100
|-damage|p1a: Iron Treads|19/100|[from] Spikes
|-activate|p1a: Iron Treads|ability: Quark Drive
|-start|p1a: Iron Treads|quarkdrivespe
|move|p2a: Deoxys|Psychic Terrain|p2a: Deoxys
|-fieldstart|move: Psychic Terrain
|-end|p1a: Iron Treads|Quark Drive
|
|upkeep
|turn|7
|
|t:|1781064100
|-end|p1a: Iron Treads|Quark Drive|[silent]
|switch|p1a: Pincurchin|Pincurchin, M|88/100
|-damage|p1a: Pincurchin|76/100|[from] Spikes
|-fieldstart|move: Electric Terrain|[from] ability: Electric Surge|[of] p1a: Pincurchin
|move|p2a: Deoxys|Expanding Force|p1a: Pincurchin
|-damage|p1a: Pincurchin|31/100
|-enditem|p1a: Pincurchin|Eject Button
|
|t:|1781064102
|switch|p1a: Iron Treads|Iron Treads|19/100
|-damage|p1a: Iron Treads|7/100|[from] Spikes
|-activate|p1a: Iron Treads|ability: Quark Drive
|-start|p1a: Iron Treads|quarkdrivespe
|
|upkeep
|turn|8
|
|t:|1781064112
|move|p1a: Iron Treads|Knock Off|p2a: Deoxys
|-supereffective|p2a: Deoxys
|-damage|p2a: Deoxys|0 fnt
|-enditem|p2a: Deoxys|Terrain Extender|[from] move: Knock Off|[of] p1a: Iron Treads
|faint|p2a: Deoxys
|
|upkeep
|
|t:|1781064114
|switch|p2a: Iron Valiant|Iron Valiant|100/100
|-activate|p2a: Iron Valiant|ability: Quark Drive
|-start|p2a: Iron Valiant|quarkdrivespe
|turn|9
|
|t:|1781064121
|move|p2a: Iron Valiant|Moonblast|p1a: Iron Treads
|-resisted|p1a: Iron Treads
|-damage|p1a: Iron Treads|0 fnt
|faint|p1a: Iron Treads
|-end|p1a: Iron Treads|Quark Drive|[silent]
|
|upkeep
|
|t:|1781064124
|switch|p1a: Iron Crown|Iron Crown|100/100
|-damage|p1a: Iron Crown|88/100|[from] Spikes
|-activate|p1a: Iron Crown|ability: Quark Drive
|-start|p1a: Iron Crown|quarkdrivespe
|turn|10
|
|t:|1781064133
|-end|p2a: Iron Valiant|Quark Drive|[silent]
|switch|p2a: Iron Crown|Iron Crown|100/100
|-activate|p2a: Iron Crown|ability: Quark Drive
|-start|p2a: Iron Crown|quarkdrivespa
|move|p1a: Iron Crown|Tachyon Cutter|p2a: Iron Crown
|-resisted|p2a: Iron Crown
|-damage|p2a: Iron Crown|88/100
|-resisted|p2a: Iron Crown
|-damage|p2a: Iron Crown|78/100
|-hitcount|p2a: Iron Crown|2
|
|upkeep
|turn|11
|
|t:|1781064142
|move|p1a: Iron Crown|Volt Switch|p2a: Iron Crown
|-damage|p2a: Iron Crown|51/100
|
|t:|1781064144
|-end|p1a: Iron Crown|Quark Drive|[silent]
|switch|p1a: Rotom|Rotom-Wash|61/100|[from] Volt Switch
|move|p2a: Iron Crown|Agility|p2a: Iron Crown
|-boost|p2a: Iron Crown|spe|2
|
|-fieldend|move: Electric Terrain
|-end|p2a: Iron Crown|Quark Drive
|upkeep
|-enditem|p2a: Iron Crown|Booster Energy
|-activate|p2a: Iron Crown|ability: Quark Drive|[fromitem]
|-start|p2a: Iron Crown|quarkdrivespe
|turn|12
|
|t:|1781064150
|move|p2a: Iron Crown|Expanding Force|p1a: Rotom
|-damage|p1a: Rotom|11/100
|move|p1a: Rotom|Volt Switch|p2a: Iron Crown
|-damage|p2a: Iron Crown|24/100
|
|t:|1781064154
|switch|p1a: Iron Crown|Iron Crown|88/100|[from] Volt Switch
|-damage|p1a: Iron Crown|76/100|[from] Spikes
|
|upkeep
|turn|13
|
|t:|1781064159
|move|p2a: Iron Crown|Focus Blast|p1a: Iron Crown
|-damage|p1a: Iron Crown|50/100
|move|p1a: Iron Crown|Volt Switch|p2a: Iron Crown
|-damage|p2a: Iron Crown|2/100
|
|t:|1781064167
|-end|p1a: Iron Crown|Quark Drive|[silent]
|switch|p1a: Rotom|Rotom-Wash|11/100|[from] Volt Switch
|
|upkeep
|turn|14
|
|t:|1781064173
|move|p2a: Iron Crown|Expanding Force|p1a: Rotom
|-damage|p1a: Rotom|0 fnt
|faint|p1a: Rotom
|
|upkeep
|
|t:|1781064175
|switch|p1a: Iron Crown|Iron Crown|50/100
|-damage|p1a: Iron Crown|37/100|[from] Spikes
|turn|15
|
|t:|1781064180
|move|p2a: Iron Crown|Focus Blast|p1a: Iron Crown
|-damage|p1a: Iron Crown|10/100
|move|p1a: Iron Crown|Volt Switch|p2a: Iron Crown
|-damage|p2a: Iron Crown|0 fnt
|faint|p2a: Iron Crown
|-end|p2a: Iron Crown|Quark Drive|[silent]
|
|t:|1781064183
|-end|p1a: Iron Crown|Quark Drive|[silent]
|switch|p1a: Pincurchin|Pincurchin, M|31/100|[from] Volt Switch
|-damage|p1a: Pincurchin|19/100|[from] Spikes
|-fieldstart|move: Electric Terrain|[from] ability: Electric Surge|[of] p1a: Pincurchin
|
|upkeep
|
|t:|1781064198
|switch|p2a: Iron Valiant|Iron Valiant|100/100
|-activate|p2a: Iron Valiant|ability: Quark Drive
|-start|p2a: Iron Valiant|quarkdrivespe
|turn|16
|
|t:|1781064204
|move|p2a: Iron Valiant|Moonblast|p1a: Pincurchin
|-damage|p1a: Pincurchin|0 fnt
|faint|p1a: Pincurchin
|
|upkeep
|
|t:|1781064206
|switch|p1a: Hawlucha|Hawlucha, F|100/100
|-enditem|p1a: Hawlucha|Electric Seed
|-boost|p1a: Hawlucha|def|1|[from] item: Electric Seed
|turn|17
|
|t:|1781064217
|-end|p2a: Iron Valiant|Quark Drive|[silent]
|switch|p2a: Okidogi|Okidogi, M|100/100
|-terastallize|p1a: Hawlucha|Steel
|move|p1a: Hawlucha|Swords Dance|p1a: Hawlucha
|-boost|p1a: Hawlucha|atk|2
|
|upkeep
|turn|18
|
|t:|1781064220
|move|p1a: Hawlucha|Acrobatics|p2a: Okidogi
|-supereffective|p2a: Okidogi
|-damage|p2a: Okidogi|0 fnt
|faint|p2a: Okidogi
|
|upkeep
|-message|cronem forfeited.
|
|win|m4debyjoak0
|raw|m4debyjoak0's rating: 1498 &rarr; <strong>1523</strong><br />(+25 for winning)
|raw|cronem's rating: 1591 &rarr; <strong>1566</strong><br />(-25 for losing)
|l|☆cronem
|player|p2|
