|j|☆karakel
|j|☆LowEL0God
|t:|1781223021
|gametype|singles
|player|p1|karakel|cowgirl|1740
|player|p2|LowEL0God|265|1628
|gen|9
|tier|[Gen 9] OU
|rated|
|rule|HP Percentage Mod: HP is shown in percentages
|rule|Endless Battle Clause: Forcing endless battles is banned
|rule|Species Clause: Limit one of each Pokémon
|rule|OHKO Clause: OHKO moves are banned
|rule|Evasion Items Clause: Evasion items are banned
|rule|Evasion Moves Clause: Evasion moves are banned
|rule|Evasion Abilities Clause: Evasion abilities are banned
|rule|Sleep Moves Clause: Sleep-inducing moves are banned
|clearpoke
|poke|p1|Lilligant-Hisui, F|
|poke|p1|Ninetales, M|
|poke|p1|Great Tusk|
|poke|p1|Walking Wake|
|poke|p1|Cresselia, F|
|poke|p1|Cinderace, F|
|poke|p2|Pelipper, F|
|poke|p2|Raging Bolt|
|poke|p2|Overqwil, M|
|poke|p2|Barraskewda, F|
|poke|p2|Iron Treads|
|poke|p2|Kingambit, F|
|teampreview
|c|☆LowEL0God|hf
|
|t:|1781223024
|teamsize|p1|6
|teamsize|p2|6
|start
|switch|p1a: Walking Wake|Walking Wake|100/100
|switch|p2a: Pelipper|Pelipper, F|100/100
|-weather|RainDance|[from] ability: Drizzle|[of] p2a: Pelipper
|turn|1
|inactive|Battle timer is ON: inactive players will automatically lose when time's up. (requested by LowEL0God)
|c|☆karakel|u2
|
|t:|1781223031
|move|p1a: Walking Wake|Weather Ball|p2a: Pelipper
|-resisted|p2a: Pelipper
|-damage|p2a: Pelipper|5/100
|move|p2a: Pelipper|Hurricane|p1a: Walking Wake
|-damage|p1a: Walking Wake|60/100
|
|-weather|RainDance|[upkeep]
|upkeep
|turn|2
|
|t:|1781223035
|move|p1a: Walking Wake|Weather Ball|p2a: Pelipper
|-resisted|p2a: Pelipper
|-damage|p2a: Pelipper|0 fnt
|faint|p2a: Pelipper
|
|-weather|RainDance|[upkeep]
|upkeep
|
|t:|1781223035
|switch|p2a: Raging Bolt|Raging Bolt|100/100
|-enditem|p2a: Raging Bolt|Booster Energy
|-activate|p2a: Raging Bolt|ability: Protosynthesis|[fromitem]
|-start|p2a: Raging Bolt|protosynthesisspa
|turn|3
|
|t:|1781223039
|-end|p1a: Walking Wake|Protosynthesis|[silent]
|switch|p1a: Cresselia|Cresselia, F|100/100
|move|p2a: Raging Bolt|Thunder|p1a: Cresselia
|-damage|p1a: Cresselia|51/100
|-enditem|p1a: Cresselia|Eject Button
|
|t:|1781223041
|switch|p1a: Ninetales|Ninetales, M|100/100
|-weather|SunnyDay|[from] ability: Drought|[of] p1a: Ninetales
|
|-weather|SunnyDay|[upkeep]
|upkeep
|turn|4
|
|t:|1781223045
|switch|p1a: Great Tusk|Great Tusk|100/100
|-activate|p1a: Great Tusk|ability: Protosynthesis
|-start|p1a: Great Tusk|protosynthesisspe
|move|p2a: Raging Bolt|Draco Meteor|p1a: Great Tusk
|-damage|p1a: Great Tusk|0 fnt
|-unboost|p2a: Raging Bolt|spa|2
|faint|p1a: Great Tusk
|-end|p1a: Great Tusk|Protosynthesis|[silent]
|
|-weather|SunnyDay|[upkeep]
|upkeep
|
|t:|1781223050
|switch|p1a: Walking Wake|Walking Wake|60/100
|-activate|p1a: Walking Wake|ability: Protosynthesis
|-start|p1a: Walking Wake|protosynthesisspa
|turn|5
|
|t:|1781223053
|-end|p1a: Walking Wake|Protosynthesis|[silent]
|switch|p1a: Cresselia|Cresselia, F|51/100
|move|p2a: Raging Bolt|Draco Meteor|p1a: Cresselia
|-damage|p1a: Cresselia|25/100
|-unboost|p2a: Raging Bolt|spa|2
|
|-weather|SunnyDay|[upkeep]
|upkeep
|turn|6
|
|t:|1781223056
|-end|p2a: Raging Bolt|Protosynthesis|[silent]
|switch|p2a: Kingambit|Kingambit, F|100/100
|-activate|p2a: Kingambit|ability: Supreme Overlord
|-start|p2a: Kingambit|fallen1|[silent]
|move|p1a: Cresselia|Moonlight|p1a: Cresselia
|-heal|p1a: Cresselia|91/100
|
|-weather|SunnyDay|[upkeep]
|upkeep
|turn|7
|
|t:|1781223059
|switch|p1a: Cinderace|Cinderace, F|100/100
|move|p2a: Kingambit|Swords Dance|p2a: Kingambit
|-boost|p2a: Kingambit|atk|2
|
|-weather|SunnyDay|[upkeep]
|upkeep
|turn|8
|
|t:|1781223067
|switch|p1a: Cresselia|Cresselia, F|91/100
|-terastallize|p2a: Kingambit|Dark
|move|p2a: Kingambit|Kowtow Cleave|p1a: Cresselia
|-supereffective|p1a: Cresselia
|-damage|p1a: Cresselia|0 fnt
|faint|p1a: Cresselia
|
|-weather|SunnyDay|[upkeep]
|upkeep
|
|t:|1781223069
|switch|p1a: Ninetales|Ninetales, M|100/100
|turn|9
|
|t:|1781223074
|move|p1a: Ninetales|Encore|p2a: Kingambit
|-start|p2a: Kingambit|Encore
|move|p2a: Kingambit|Kowtow Cleave|p1a: Ninetales
|-damage|p1a: Ninetales|0 fnt
|faint|p1a: Ninetales
|
|-weather|SunnyDay|[upkeep]
|upkeep
|
|t:|1781223076
|switch|p1a: Walking Wake|Walking Wake|60/100
|-activate|p1a: Walking Wake|ability: Protosynthesis
|-start|p1a: Walking Wake|protosynthesisspa
|turn|10
|
|t:|1781223078
|-end|p2a: Kingambit|fallen1|[silent]
|switch|p2a: Raging Bolt|Raging Bolt|100/100
|-activate|p2a: Raging Bolt|ability: Protosynthesis
|-start|p2a: Raging Bolt|protosynthesisspa
|move|p1a: Walking Wake|Dragon Pulse|p2a: Raging Bolt
|-supereffective|p2a: Raging Bolt
|-damage|p2a: Raging Bolt|0 fnt
|faint|p2a: Raging Bolt
|-end|p2a: Raging Bolt|Protosynthesis|[silent]
|
|-weather|none
|-end|p1a: Walking Wake|Protosynthesis
|upkeep
|
|t:|1781223078
|switch|p2a: Barraskewda|Barraskewda, F|100/100
|turn|11
|
|t:|1781223081
|move|p2a: Barraskewda|Close Combat|p1a: Walking Wake
|-damage|p1a: Walking Wake|0 fnt
|-unboost|p2a: Barraskewda|def|1
|-unboost|p2a: Barraskewda|spd|1
|faint|p1a: Walking Wake
|-end|p1a: Walking Wake|Protosynthesis|[silent]
|
|upkeep
|
|t:|1781223089
|switch|p1a: Lilligant|Lilligant-Hisui, F|100/100
|turn|12
|
|t:|1781223091
|move|p2a: Barraskewda|Close Combat|p1a: Lilligant
|-damage|p1a: Lilligant|13/100
|-unboost|p2a: Barraskewda|def|1
|-unboost|p2a: Barraskewda|spd|1
|move|p1a: Lilligant|Victory Dance|p1a: Lilligant
|-boost|p1a: Lilligant|atk|1
|-boost|p1a: Lilligant|def|1
|-boost|p1a: Lilligant|spe|1
|
|-heal|p1a: Lilligant|19/100|[from] item: Leftovers
|upkeep
|turn|13
|
|t:|1781223100
|switch|p2a: Kingambit|Kingambit, F, tera:Dark|100/100
|-activate|p2a: Kingambit|ability: Supreme Overlord
|-start|p2a: Kingambit|fallen2|[silent]
|move|p1a: Lilligant|Leaf Blade|p2a: Kingambit
|-damage|p2a: Kingambit|55/100
|
|-heal|p1a: Lilligant|25/100|[from] item: Leftovers
|-heal|p2a: Kingambit|61/100|[from] item: Leftovers
|upkeep
|turn|14
|
|t:|1781223108
|move|p1a: Lilligant|Victory Dance|p1a: Lilligant
|-boost|p1a: Lilligant|atk|1
|-boost|p1a: Lilligant|def|1
|-boost|p1a: Lilligant|spe|1
|move|p2a: Kingambit|Iron Head|p1a: Lilligant
|-damage|p1a: Lilligant|0 fnt
|faint|p1a: Lilligant
|
|-heal|p2a: Kingambit|67/100|[from] item: Leftovers
|upkeep
|
|t:|1781223112
|switch|p1a: Cinderace|Cinderace, F|100/100
|turn|15
|-message|karakel forfeited.
|
|win|LowEL0God
|raw|karakel's rating: 1740 &rarr; <strong>1714</strong><br />(-26 for losing)
|raw|LowEL0God's rating: 1628 &rarr; <strong>1654</strong><br />(+26 for winning)
|c|☆LowEL0God|gg
|l|☆LowEL0God
|player|p2|
