|j|☆Supa Dupa Hoopa
|j|☆puke0711
|t:|1781231539
|gametype|singles
|player|p1|Supa Dupa Hoopa|102|1523
|player|p2|puke0711|2|1509
|gen|9
|tier|[Gen 9] OU
|rated|
|rule|HP Percentage Mod: HP is shown in percentages
|rule|Endless Battle Clause: Forcing endless battles is banned
|rule|Species Clause: Limit one of each Pokémon
|rule|OHKO Clause: OHKO moves are banned
|rule|Evasion Items Clause: Evasion items are banned
|rule|Evasion Moves Clause: Evasion moves are banned
|rule|Evasion Abilities Clause: Evasion abilities are banned
|rule|Sleep Moves Clause: Sleep-inducing moves are banned
|clearpoke
|poke|p1|Serperior, F|
|poke|p1|Cinderace, M|
|poke|p1|Corviknight, F|
|poke|p1|Alomomola, M|
|poke|p1|Ditto|
|poke|p1|Toxtricity-Low-Key, F|
|poke|p2|Arcanine-Hisui, F|
|poke|p2|Darkrai|
|poke|p2|Great Tusk|
|poke|p2|Hatterene, F|
|poke|p2|Ogerpon-Wellspring, F|
|poke|p2|Zapdos|
|teampreview
|
|t:|1781231582
|teamsize|p1|6
|teamsize|p2|6
|start
|switch|p1a: CinderMiss|Cinderace, M|100/100
|switch|p2a: Zapdos|Zapdos|100/100
|turn|1
|
|t:|1781231591
|switch|p1a: Spongebob|Alomomola, M|100/100
|move|p2a: Zapdos|Volt Switch|p1a: Spongebob
|-supereffective|p1a: Spongebob
|-damage|p1a: Spongebob|73/100
|
|t:|1781231611
|switch|p2a: Ogerpon|Ogerpon-Wellspring, F|100/100|[from] Volt Switch
|
|upkeep
|turn|2
|
|t:|1781231623
|switch|p1a: Skarmory-M|Corviknight, F|100/100
|-ability|p1a: Skarmory-M|Pressure
|move|p2a: Ogerpon|Spikes|p1a: Skarmory-M
|-sidestart|p1: Supa Dupa Hoopa|Spikes
|
|upkeep
|turn|3
|
|t:|1781231633
|switch|p2a: Arcanine|Arcanine-Hisui, F|100/100
|move|p1a: Skarmory-M|Body Press|p2a: Arcanine
|-supereffective|p2a: Arcanine
|-damage|p2a: Arcanine|32/100
|
|upkeep
|turn|4
|
|t:|1781231643
|-terastallize|p1a: Skarmory-M|Fire
|move|p2a: Arcanine|Flare Blitz|p1a: Skarmory-M
|-resisted|p1a: Skarmory-M
|-crit|p1a: Skarmory-M
|-damage|p1a: Skarmory-M|66/100
|-damage|p2a: Arcanine|22/100|[from] item: Life Orb
|move|p1a: Skarmory-M|Body Press|p2a: Arcanine
|-supereffective|p2a: Arcanine
|-damage|p2a: Arcanine|0 fnt
|faint|p2a: Arcanine
|
|-heal|p1a: Skarmory-M|73/100|[from] item: Leftovers
|upkeep
|
|t:|1781231657
|switch|p2a: Ogerpon|Ogerpon-Wellspring, F|100/100
|turn|5
|
|t:|1781231670
|move|p2a: Ogerpon|Knock Off|p1a: Skarmory-M
|-damage|p1a: Skarmory-M|49/100
|-enditem|p1a: Skarmory-M|Leftovers|[from] move: Knock Off|[of] p2a: Ogerpon
|move|p1a: Skarmory-M|Bulk Up|p1a: Skarmory-M
|-boost|p1a: Skarmory-M|atk|1
|-boost|p1a: Skarmory-M|def|1
|
|upkeep
|turn|6
|
|t:|1781231679
|move|p2a: Ogerpon|Ivy Cudgel|p1a: Skarmory-M|[anim] Ivy Cudgel Water
|-supereffective|p1a: Skarmory-M
|-damage|p1a: Skarmory-M|6/100
|move|p1a: Skarmory-M|Roost|p1a: Skarmory-M
|-heal|p1a: Skarmory-M|56/100
|
|upkeep
|turn|7
|
|t:|1781231689
|move|p2a: Ogerpon|Ivy Cudgel|p1a: Skarmory-M|[anim] Ivy Cudgel Water
|-supereffective|p1a: Skarmory-M
|-damage|p1a: Skarmory-M|9/100
|move|p1a: Skarmory-M|Roost|p1a: Skarmory-M
|-heal|p1a: Skarmory-M|59/100
|
|upkeep
|turn|8
|
|t:|1781231702
|move|p2a: Ogerpon|Ivy Cudgel|p1a: Skarmory-M|[anim] Ivy Cudgel Water
|-supereffective|p1a: Skarmory-M
|-crit|p1a: Skarmory-M
|-damage|p1a: Skarmory-M|0 fnt
|faint|p1a: Skarmory-M
|
|upkeep
|
|t:|1781231724
|switch|p1a: What RU|Serperior, F|100/100
|-damage|p1a: What RU|88/100|[from] Spikes
|turn|9
|
|t:|1781231736
|move|p1a: What RU|Leech Seed|p2a: Ogerpon
|-immune|p2a: Ogerpon
|move|p2a: Ogerpon|U-turn|p1a: What RU
|-supereffective|p1a: What RU
|-damage|p1a: What RU|29/100
|
|t:|1781231750
|switch|p2a: Darkrai|Darkrai|100/100|[from] U-turn
|
|-heal|p1a: What RU|35/100|[from] item: Leftovers
|upkeep
|turn|10
|
|t:|1781231764
|switch|p1a: Spongebob|Alomomola, M|100/100
|-damage|p1a: Spongebob|88/100|[from] Spikes
|move|p2a: Darkrai|Sludge Bomb|p1a: Spongebob
|-damage|p1a: Spongebob|72/100
|
|upkeep
|turn|11
|
|t:|1781231774
|switch|p2a: Ogerpon|Ogerpon-Wellspring, F|100/100
|move|p1a: Spongebob|Body Slam|p2a: Ogerpon
|-damage|p2a: Ogerpon|79/100
|-status|p2a: Ogerpon|par
|
|upkeep
|turn|12
|
|t:|1781231786
|switch|p1a: What RU|Serperior, F|35/100
|-damage|p1a: What RU|22/100|[from] Spikes
|move|p2a: Ogerpon|Spikes|p1a: What RU
|-sidestart|p1: Supa Dupa Hoopa|Spikes
|
|-heal|p1a: What RU|29/100|[from] item: Leftovers
|upkeep
|turn|13
|
|t:|1781231797
|move|p1a: What RU|Leaf Storm|p2a: Ogerpon
|-damage|p2a: Ogerpon|36/100 par
|-boost|p1a: What RU|spa|2
|move|p2a: Ogerpon|U-turn|p1a: What RU
|-supereffective|p1a: What RU
|-damage|p1a: What RU|0 fnt
|faint|p1a: What RU
|
|t:|1781231808
|switch|p2a: Zapdos|Zapdos|100/100|[from] U-turn
|
|upkeep
|
|t:|1781231814
|switch|p1a: Spongebob|Alomomola, M|100/100
|-damage|p1a: Spongebob|84/100|[from] Spikes
|turn|14
|
|t:|1781231826
|move|p2a: Zapdos|Volt Switch|p1a: Spongebob
|-supereffective|p1a: Spongebob
|-damage|p1a: Spongebob|55/100
|
|t:|1781231830
|switch|p2a: Ogerpon|Ogerpon-Wellspring, F|36/100 par|[from] Volt Switch
|move|p1a: Spongebob|Flip Turn|p2a: Ogerpon
|-heal|p2a: Ogerpon|61/100 par|[from] ability: Water Absorb|[of] p1a: Spongebob
|
|upkeep
|turn|15
|
|t:|1781231842
|switch|p1a: Mew1.5|Ditto|100/100
|-damage|p1a: Mew1.5|84/100|[from] Spikes
|-transform|p1a: Mew1.5|p2a: Ogerpon|[from] ability: Imposter
|move|p2a: Ogerpon|Knock Off|p1a: Mew1.5
|-damage|p1a: Mew1.5|35/100
|-enditem|p1a: Mew1.5|Choice Scarf|[from] move: Knock Off|[of] p2a: Ogerpon
|
|upkeep
|turn|16
|
|t:|1781231857
|move|p1a: Mew1.5|U-turn|p2a: Ogerpon
|-supereffective|p2a: Ogerpon
|-damage|p2a: Ogerpon|0 fnt
|faint|p2a: Ogerpon
|
|t:|1781231870
|switch|p1a: Spongebob|Alomomola, M|88/100|[from] U-turn
|-damage|p1a: Spongebob|71/100|[from] Spikes
|
|upkeep
|
|t:|1781231882
|switch|p2a: Zapdos|Zapdos|100/100
|turn|17
|
|t:|1781231889
|move|p2a: Zapdos|Volt Switch|p1a: Spongebob
|-supereffective|p1a: Spongebob
|-damage|p1a: Spongebob|41/100
|
|t:|1781231896
|switch|p2a: Hatterene|Hatterene, F|100/100|[from] Volt Switch
|move|p1a: Spongebob|Mirror Coat|p2a: Hatterene
|-damage|p2a: Hatterene|0 fnt
|faint|p2a: Hatterene
|
|upkeep
|
|t:|1781231906
|switch|p2a: Darkrai|Darkrai|100/100
|turn|18
|
|t:|1781231917
|move|p2a: Darkrai|Trick|p1a: Spongebob
|-activate|p2a: Darkrai|move: Trick|[of] p1a: Spongebob
|-item|p1a: Spongebob|Choice Scarf|[from] move: Trick
|-item|p2a: Darkrai|Assault Vest|[from] move: Trick
|move|p1a: Spongebob|Flip Turn|p2a: Darkrai
|-damage|p2a: Darkrai|79/100
|
|t:|1781231933
|switch|p1a: ANOTHER ONE|Toxtricity-Low-Key, F|100/100|[from] Flip Turn
|-damage|p1a: ANOTHER ONE|84/100|[from] Spikes
|
|upkeep
|turn|19
|
|t:|1781231943
|move|p2a: Darkrai|Dark Pulse|p1a: ANOTHER ONE
|-damage|p1a: ANOTHER ONE|15/100
|move|p1a: ANOTHER ONE|Boomburst|p2a: Darkrai
|-damage|p2a: Darkrai|0 fnt
|faint|p2a: Darkrai
|
|upkeep
|
|t:|1781231952
|switch|p2a: Great Tusk|Great Tusk|100/100
|turn|20
|
|t:|1781231963
|move|p2a: Great Tusk|Headlong Rush|p1a: ANOTHER ONE
|-supereffective|p1a: ANOTHER ONE
|-crit|p1a: ANOTHER ONE
|-damage|p1a: ANOTHER ONE|0 fnt
|-unboost|p2a: Great Tusk|def|1
|-unboost|p2a: Great Tusk|spd|1
|faint|p1a: ANOTHER ONE
|
|upkeep
|
|t:|1781231982
|switch|p1a: Mew1.5|Ditto|35/100
|-damage|p1a: Mew1.5|18/100|[from] Spikes
|-transform|p1a: Mew1.5|p2a: Great Tusk|[from] ability: Imposter
|turn|21
|
|t:|1781232008
|move|p1a: Mew1.5|Ice Spinner|p2a: Great Tusk
|-supereffective|p2a: Great Tusk
|-damage|p2a: Great Tusk|39/100
|-damage|p1a: Mew1.5|2/100|[from] item: Rocky Helmet|[of] p2a: Great Tusk
|move|p2a: Great Tusk|Ice Spinner|p1a: Mew1.5
|-supereffective|p1a: Mew1.5
|-damage|p1a: Mew1.5|0 fnt
|faint|p1a: Mew1.5
|-end|p1a: Mew1.5|Protosynthesis|[silent]
|
|upkeep
|
|t:|1781232024
|switch|p1a: CinderMiss|Cinderace, M|100/100
|turn|22
|
|t:|1781232048
|move|p1a: CinderMiss|High Jump Kick|p2a: Great Tusk
|-start|p1a: CinderMiss|typechange|Fighting|[from] ability: Libero
|-damage|p2a: Great Tusk|0 fnt
|-damage|p1a: CinderMiss|84/100|[from] item: Rocky Helmet|[of] p2a: Great Tusk
|faint|p2a: Great Tusk
|-end|p2a: Great Tusk|Protosynthesis|[silent]
|
|upkeep
|
|t:|1781232056
|switch|p2a: Zapdos|Zapdos|100/100
|turn|23
|
|t:|1781232065
|move|p1a: CinderMiss|Pyro Ball|p2a: Zapdos|[miss]
|-miss|p1a: CinderMiss|p2a: Zapdos
|move|p2a: Zapdos|Hurricane|p1a: CinderMiss
|-supereffective|p1a: CinderMiss
|-damage|p1a: CinderMiss|0 fnt
|faint|p1a: CinderMiss
|
|upkeep
|
|t:|1781232072
|switch|p1a: Spongebob|Alomomola, M|74/100
|-damage|p1a: Spongebob|57/100|[from] Spikes
|turn|24
|
|t:|1781232092
|move|p2a: Zapdos|Thunder Wave|p1a: Spongebob
|-status|p1a: Spongebob|par
|move|p1a: Spongebob|Mirror Coat||[still]
|-fail|p1a: Spongebob
|
|upkeep
|turn|25
|
|t:|1781232102
|move|p2a: Zapdos|Thunder Wave|p1a: Spongebob|[miss]
|-miss|p2a: Zapdos|p1a: Spongebob
|move|p1a: Spongebob|Mirror Coat||[still]
|-fail|p1a: Spongebob
|
|upkeep
|turn|26
|
|t:|1781232109
|move|p2a: Zapdos|Thunder Wave|p1a: Spongebob
|-fail|p1a: Spongebob|par
|cant|p1a: Spongebob|par
|
|upkeep
|turn|27
|
|t:|1781232116
|move|p2a: Zapdos|Thunder Wave|p1a: Spongebob
|-fail|p1a: Spongebob|par
|move|p1a: Spongebob|Mirror Coat||[still]
|-fail|p1a: Spongebob
|
|upkeep
|turn|28
|-message|Supa Dupa Hoopa forfeited.
|
|win|puke0711
|raw|Supa Dupa Hoopa's rating: 1523 &rarr; <strong>1502</strong><br />(-21 for losing)
|raw|puke0711's rating: 1509 &rarr; <strong>1530</strong><br />(+21 for winning)
|c|☆puke0711|It’s over G
|c|☆puke0711|gg
|l|☆puke0711
|player|p2|
