|j|☆lklowxhn
|j|☆GreninjaMyFav
|t:|1781062096
|gametype|singles
|player|p1|lklowxhn|miku-ghost|1719
|player|p2|GreninjaMyFav|skyla|1694
|gen|9
|tier|[Gen 9] OU
|rated|
|rule|HP Percentage Mod: HP is shown in percentages
|rule|Endless Battle Clause: Forcing endless battles is banned
|rule|Species Clause: Limit one of each Pokémon
|rule|OHKO Clause: OHKO moves are banned
|rule|Evasion Items Clause: Evasion items are banned
|rule|Evasion Moves Clause: Evasion moves are banned
|rule|Evasion Abilities Clause: Evasion abilities are banned
|rule|Sleep Moves Clause: Sleep-inducing moves are banned
|clearpoke
|poke|p1|Serperior, M|
|poke|p1|Slowbro, M|
|poke|p1|Fezandipiti, M|
|poke|p1|Great Tusk|
|poke|p1|Tornadus-Therian, M|
|poke|p1|Heatran, M|
|poke|p2|Greninja-*, M|
|poke|p2|Raging Bolt|
|poke|p2|Kingambit, F|
|poke|p2|Great Tusk|
|poke|p2|Slowking-Galar, F|
|poke|p2|Corviknight, F|
|teampreview
|inactive|Battle timer is ON: inactive players will automatically lose when time's up. (requested by lklowxhn)
|
|t:|1781062106
|teamsize|p1|6
|teamsize|p2|6
|start
|switch|p1a: 小树林|Slowbro, M|100/100
|switch|p2a: Raging Bolt|Raging Bolt|100/100
|turn|1
|
|t:|1781062110
|switch|p1a: Fezandipiti|Fezandipiti, M|100/100
|move|p2a: Raging Bolt|Draco Meteor|p1a: Fezandipiti
|-immune|p1a: Fezandipiti
|
|upkeep
|turn|2
|
|t:|1781062113
|-end|p2a: Raging Bolt|Protosynthesis|[silent]
|switch|p2a: Slowking|Slowking-Galar, F|100/100
|move|p1a: Fezandipiti|Beat Up|p2a: Slowking
|-supereffective|p2a: Slowking
|-damage|p2a: Slowking|94/100
|-supereffective|p2a: Slowking
|-damage|p2a: Slowking|89/100
|-supereffective|p2a: Slowking
|-damage|p2a: Slowking|83/100
|-supereffective|p2a: Slowking
|-damage|p2a: Slowking|74/100
|-supereffective|p2a: Slowking
|-damage|p2a: Slowking|68/100
|-supereffective|p2a: Slowking
|-damage|p2a: Slowking|61/100
|-hitcount|p2a: Slowking|6
|
|upkeep
|turn|3
|j| nepturee
|
|t:|1781062120
|switch|p2a: Corviknight|Corviknight, F|100/100
|-ability|p2a: Corviknight|Pressure
|move|p1a: Fezandipiti|U-turn|p2a: Corviknight
|-resisted|p2a: Corviknight
|-damage|p2a: Corviknight|98/100
|-damage|p1a: Fezandipiti|84/100|[from] item: Rocky Helmet|[of] p2a: Corviknight
|
|t:|1781062123
|switch|p1a: Heatran|Heatran, M|100/100|[from] U-turn
|
|upkeep
|turn|4
|
|t:|1781062131
|switch|p2a: Greninja|Greninja, M|100/100
|move|p1a: Heatran|Magma Storm|p2a: Greninja
|-resisted|p2a: Greninja
|-damage|p2a: Greninja|65/100
|-activate|p2a: Greninja|move: Magma Storm|[of] p1a: Heatran
|
|-damage|p2a: Greninja|53/100|[from] move: Magma Storm|[partiallytrapped]
|upkeep
|turn|5
|
|t:|1781062135
|switch|p1a: Fezandipiti|Fezandipiti, M|84/100
|move|p2a: Greninja|Ice Beam|p1a: Fezandipiti
|-start|p2a: Greninja|typechange|Ice|[from] ability: Protean
|-damage|p1a: Fezandipiti|50/100
|
|-heal|p1a: Fezandipiti|56/100|[from] item: Leftovers
|-end|p2a: Greninja|Magma Storm|[partiallytrapped]|[silent]
|upkeep
|turn|6
|
|t:|1781062140
|switch|p2a: Great Tusk|Great Tusk|100/100
|move|p1a: Fezandipiti|Roost|p1a: Fezandipiti
|-heal|p1a: Fezandipiti|100/100
|-singleturn|p1a: Fezandipiti|move: Roost
|
|upkeep
|turn|7
|
|t:|1781062144
|switch|p1a: 小树林|Slowbro, M|100/100
|move|p2a: Great Tusk|Stealth Rock|p1a: 小树林
|-sidestart|p1: lklowxhn|move: Stealth Rock
|
|upkeep
|turn|8
|
|t:|1781062151
|-end|p2a: Great Tusk|Protosynthesis|[silent]
|switch|p2a: Raging Bolt|Raging Bolt|100/100
|switch|p1a: Great Tusk|Great Tusk|100/100
|-damage|p1a: Great Tusk|98/100|[from] Stealth Rock
|-enditem|p1a: Great Tusk|Booster Energy
|-activate|p1a: Great Tusk|ability: Protosynthesis|[fromitem]
|-start|p1a: Great Tusk|protosynthesisatk
|
|upkeep
|turn|9
|
|t:|1781062156
|move|p1a: Great Tusk|Rapid Spin|p2a: Raging Bolt
|-damage|p2a: Raging Bolt|81/100
|-boost|p1a: Great Tusk|spe|1
|-sideend|p1: lklowxhn|Stealth Rock|[from] move: Rapid Spin|[of] p1a: Great Tusk
|move|p2a: Raging Bolt|Draco Meteor|p1a: Great Tusk
|-damage|p1a: Great Tusk|0 fnt
|-unboost|p2a: Raging Bolt|spa|2
|faint|p1a: Great Tusk
|-end|p1a: Great Tusk|Protosynthesis|[silent]
|
|upkeep
|
|t:|1781062159
|switch|p1a: Fezandipiti|Fezandipiti, M|100/100
|turn|10
|
|t:|1781062164
|-end|p2a: Raging Bolt|Protosynthesis|[silent]
|switch|p2a: Slowking|Slowking-Galar, F|95/100
|move|p1a: Fezandipiti|Beat Up|p2a: Slowking
|-supereffective|p2a: Slowking
|-damage|p2a: Slowking|88/100
|-supereffective|p2a: Slowking
|-damage|p2a: Slowking|82/100
|-supereffective|p2a: Slowking
|-damage|p2a: Slowking|76/100
|-supereffective|p2a: Slowking
|-damage|p2a: Slowking|69/100
|-supereffective|p2a: Slowking
|-damage|p2a: Slowking|63/100
|-hitcount|p2a: Slowking|5
|
|upkeep
|turn|11
|
|t:|1781062169
|switch|p2a: Corviknight|Corviknight, F|98/100
|-ability|p2a: Corviknight|Pressure
|move|p1a: Fezandipiti|Beat Up|p2a: Corviknight
|-damage|p2a: Corviknight|96/100
|-damage|p2a: Corviknight|94/100
|-damage|p2a: Corviknight|93/100
|-damage|p2a: Corviknight|90/100
|-damage|p2a: Corviknight|89/100
|-hitcount|p2a: Corviknight|5
|
|upkeep
|turn|12
|
|t:|1781062172
|switch|p1a: Heatran|Heatran, M|100/100
|move|p2a: Corviknight|U-turn|p1a: Heatran
|-resisted|p1a: Heatran
|-damage|p1a: Heatran|98/100
|
|t:|1781062174
|switch|p2a: Greninja|Greninja, M|53/100|[from] U-turn
|
|-heal|p1a: Heatran|100/100|[from] item: Leftovers
|upkeep
|turn|13
|
|t:|1781062178
|switch|p2a: Raging Bolt|Raging Bolt|81/100
|switch|p1a: Fezandipiti|Fezandipiti, M|100/100
|
|upkeep
|turn|14
|
|t:|1781062181
|-end|p2a: Raging Bolt|Protosynthesis|[silent]
|switch|p2a: Corviknight|Corviknight, F|89/100
|-ability|p2a: Corviknight|Pressure
|move|p1a: Fezandipiti|Beat Up|p2a: Corviknight
|-damage|p2a: Corviknight|87/100
|-damage|p2a: Corviknight|85/100
|-damage|p2a: Corviknight|83/100
|-crit|p2a: Corviknight
|-damage|p2a: Corviknight|80/100
|-damage|p2a: Corviknight|78/100
|-hitcount|p2a: Corviknight|5
|
|upkeep
|turn|15
|
|t:|1781062184
|switch|p1a: Heatran|Heatran, M|100/100
|move|p2a: Corviknight|U-turn|p1a: Heatran
|-resisted|p1a: Heatran
|-damage|p1a: Heatran|98/100
|
|t:|1781062185
|switch|p2a: Greninja|Greninja, M|53/100|[from] U-turn
|
|-heal|p1a: Heatran|100/100|[from] item: Leftovers
|upkeep
|turn|16
|
|t:|1781062188
|switch|p1a: Fezandipiti|Fezandipiti, M|100/100
|move|p2a: Greninja|Hydro Pump|p1a: Fezandipiti
|-start|p2a: Greninja|typechange|Water|[from] ability: Protean
|-damage|p1a: Fezandipiti|62/100
|
|-heal|p1a: Fezandipiti|68/100|[from] item: Leftovers
|upkeep
|turn|17
|
|t:|1781062192
|switch|p2a: Great Tusk|Great Tusk|100/100
|move|p1a: Fezandipiti|Beat Up|p2a: Great Tusk
|-resisted|p2a: Great Tusk
|-damage|p2a: Great Tusk|99/100
|-resisted|p2a: Great Tusk
|-damage|p2a: Great Tusk|98/100
|-resisted|p2a: Great Tusk
|-damage|p2a: Great Tusk|97/100
|-resisted|p2a: Great Tusk
|-damage|p2a: Great Tusk|96/100
|-status|p2a: Great Tusk|tox|[from] ability: Toxic Chain|[of] p1a: Fezandipiti
|-resisted|p2a: Great Tusk
|-damage|p2a: Great Tusk|95/100 tox
|-hitcount|p2a: Great Tusk|5
|
|-heal|p1a: Fezandipiti|74/100|[from] item: Leftovers
|-damage|p2a: Great Tusk|89/100 tox|[from] psn
|upkeep
|turn|18
|
|t:|1781062195
|switch|p1a: 小树林|Slowbro, M|100/100
|move|p2a: Great Tusk|Stealth Rock|p1a: 小树林
|-sidestart|p1: lklowxhn|move: Stealth Rock
|
|-damage|p2a: Great Tusk|77/100 tox|[from] psn
|upkeep
|turn|19
|
|t:|1781062199
|-end|p2a: Great Tusk|Protosynthesis|[silent]
|switch|p2a: Raging Bolt|Raging Bolt|81/100
|move|p1a: 小树林|Future Sight|p2a: Raging Bolt
|-start|p1a: 小树林|move: Future Sight
|
|upkeep
|turn|20
|
|t:|1781062203
|switch|p1a: Fezandipiti|Fezandipiti, M|74/100
|-damage|p1a: Fezandipiti|62/100|[from] Stealth Rock
|move|p2a: Raging Bolt|Thunderbolt|p1a: Fezandipiti
|-damage|p1a: Fezandipiti|19/100
|
|-heal|p1a: Fezandipiti|25/100|[from] item: Leftovers
|upkeep
|turn|21
|
|t:|1781062209
|switch|p1a: Serperior|Serperior, M|100/100
|-damage|p1a: Serperior|88/100|[from] Stealth Rock
|move|p2a: Raging Bolt|Thunderbolt|p1a: Serperior
|-resisted|p1a: Serperior
|-damage|p1a: Serperior|41/100
|
|-end|p2a: Raging Bolt|move: Future Sight
|-damage|p2a: Raging Bolt|39/100
|-heal|p1a: Serperior|47/100|[from] item: Leftovers
|upkeep
|turn|22
|
|t:|1781062214
|-end|p2a: Raging Bolt|Protosynthesis|[silent]
|switch|p2a: Corviknight|Corviknight, F|78/100
|-ability|p2a: Corviknight|Pressure
|move|p1a: Serperior|Leech Seed|p2a: Corviknight
|-start|p2a: Corviknight|move: Leech Seed
|
|-heal|p1a: Serperior|53/100|[from] item: Leftovers
|-damage|p2a: Corviknight|65/100|[from] Leech Seed|[of] p1a: Serperior
|-heal|p1a: Serperior|69/100|[silent]
|upkeep
|turn|23
|
|t:|1781062222
|switch|p1a: Heatran|Heatran, M|100/100
|-damage|p1a: Heatran|88/100|[from] Stealth Rock
|move|p2a: Corviknight|U-turn|p1a: Heatran
|-resisted|p1a: Heatran
|-damage|p1a: Heatran|85/100
|
|t:|1781062224
|switch|p2a: Greninja|Greninja, M|53/100|[from] U-turn
|
|-heal|p1a: Heatran|92/100|[from] item: Leftovers
|upkeep
|turn|24
|
|t:|1781062228
|switch|p1a: Fezandipiti|Fezandipiti, M|25/100
|-damage|p1a: Fezandipiti|13/100|[from] Stealth Rock
|move|p2a: Greninja|Hydro Pump|p1a: Fezandipiti|[miss]
|-start|p2a: Greninja|typechange|Water|[from] ability: Protean
|-miss|p2a: Greninja|p1a: Fezandipiti
|
|-heal|p1a: Fezandipiti|19/100|[from] item: Leftovers
|upkeep
|turn|25
|
|t:|1781062245
|move|p2a: Greninja|Hydro Pump|p1a: Fezandipiti|[miss]
|-miss|p2a: Greninja|p1a: Fezandipiti
|move|p1a: Fezandipiti|Beat Up|p2a: Greninja
|-damage|p2a: Greninja|48/100
|-damage|p2a: Greninja|43/100
|-status|p2a: Greninja|tox|[from] ability: Toxic Chain|[of] p1a: Fezandipiti
|-damage|p2a: Greninja|38/100 tox
|-damage|p2a: Greninja|33/100 tox
|-damage|p2a: Greninja|29/100 tox
|-hitcount|p2a: Greninja|5
|
|-heal|p1a: Fezandipiti|25/100|[from] item: Leftovers
|-damage|p2a: Greninja|23/100 tox|[from] psn
|upkeep
|turn|26
|
|t:|1781062252
|move|p2a: Greninja|Hydro Pump|p1a: Fezandipiti
|-damage|p1a: Fezandipiti|0 fnt
|faint|p1a: Fezandipiti
|
|-damage|p2a: Greninja|11/100 tox|[from] psn
|upkeep
|
|t:|1781062257
|switch|p1a: Serperior|Serperior, M|69/100
|-damage|p1a: Serperior|57/100|[from] Stealth Rock
|turn|27
|
|t:|1781062260
|switch|p2a: Corviknight|Corviknight, F|65/100
|-ability|p2a: Corviknight|Pressure
|move|p1a: Serperior|Leech Seed|p2a: Corviknight
|-start|p2a: Corviknight|move: Leech Seed
|
|-heal|p1a: Serperior|63/100|[from] item: Leftovers
|-damage|p2a: Corviknight|53/100|[from] Leech Seed|[of] p1a: Serperior
|-heal|p1a: Serperior|78/100|[silent]
|upkeep
|turn|28
|
|t:|1781062264
|switch|p1a: Heatran|Heatran, M|92/100
|-damage|p1a: Heatran|79/100|[from] Stealth Rock
|move|p2a: Corviknight|U-turn|p1a: Heatran
|-resisted|p1a: Heatran
|-damage|p1a: Heatran|76/100
|
|t:|1781062267
|switch|p2a: Great Tusk|Great Tusk|77/100 tox|[from] U-turn
|
|-heal|p1a: Heatran|82/100|[from] item: Leftovers
|-damage|p2a: Great Tusk|71/100 tox|[from] psn
|upkeep
|turn|29
|
|t:|1781062270
|-end|p2a: Great Tusk|Protosynthesis|[silent]
|switch|p2a: Raging Bolt|Raging Bolt|39/100
|switch|p1a: 小树林|Slowbro, M|100/100
|-damage|p1a: 小树林|88/100|[from] Stealth Rock
|
|upkeep
|turn|30
|l| nepturee
|
|t:|1781062273
|-terastallize|p1a: 小树林|Fighting
|move|p2a: Raging Bolt|Volt Switch|p1a: 小树林
|-damage|p1a: 小树林|23/100
|j| nepturee
|
|t:|1781062278
|-end|p2a: Raging Bolt|Protosynthesis|[silent]
|switch|p2a: Slowking|Slowking-Galar, F|96/100|[from] Volt Switch
|move|p1a: 小树林|Body Press|p2a: Slowking
|-resisted|p2a: Slowking
|-damage|p2a: Slowking|86/100
|
|upkeep
|turn|31
|
|t:|1781062281
|switch|p1a: Heatran|Heatran, M|82/100
|-damage|p1a: Heatran|70/100|[from] Stealth Rock
|move|p2a: Slowking|Psychic Noise|p1a: Heatran
|-resisted|p1a: Heatran
|-damage|p1a: Heatran|61/100
|-start|p1a: Heatran|move: Heal Block
|
|upkeep
|turn|32
|
|t:|1781062286
|-terastallize|p2a: Slowking|Water
|move|p1a: Heatran|Taunt|p2a: Slowking
|-start|p2a: Slowking|move: Taunt
|-prepare|p2a: Slowking|Chilly Reception|[premajor]
|cant|p2a: Slowking|move: Taunt|Chilly Reception
|
|-end|p1a: Heatran|move: Heal Block
|upkeep
|turn|33
|
|t:|1781062291
|move|p1a: Heatran|Magma Storm|p2a: Slowking
|-resisted|p2a: Slowking
|-damage|p2a: Slowking|73/100
|-activate|p2a: Slowking|move: Magma Storm|[of] p1a: Heatran
|move|p2a: Slowking|Psychic Noise|p1a: Heatran
|-resisted|p1a: Heatran
|-damage|p1a: Heatran|52/100
|-start|p1a: Heatran|move: Heal Block
|
|-damage|p2a: Slowking|61/100|[from] move: Magma Storm|[partiallytrapped]
|upkeep
|turn|34
|
|t:|1781062296
|move|p1a: Heatran|Earth Power|p2a: Slowking
|-damage|p2a: Slowking|44/100
|move|p2a: Slowking|Psychic Noise|p1a: Heatran
|-resisted|p1a: Heatran
|-damage|p1a: Heatran|44/100
|
|-damage|p2a: Slowking|32/100|[from] move: Magma Storm|[partiallytrapped]
|-end|p2a: Slowking|move: Taunt
|-end|p1a: Heatran|move: Heal Block
|upkeep
|turn|35
|
|t:|1781062303
|move|p1a: Heatran|Taunt|p2a: Slowking
|-start|p2a: Slowking|move: Taunt
|move|p2a: Slowking|Psychic Noise|p1a: Heatran
|-resisted|p1a: Heatran
|-damage|p1a: Heatran|35/100
|-start|p1a: Heatran|move: Heal Block
|
|-damage|p2a: Slowking|20/100|[from] move: Magma Storm|[partiallytrapped]
|upkeep
|turn|36
|
|t:|1781062307
|move|p1a: Heatran|Earth Power|p2a: Slowking
|-damage|p2a: Slowking|4/100
|move|p2a: Slowking|Psychic Noise|p1a: Heatran
|-resisted|p1a: Heatran
|-damage|p1a: Heatran|26/100
|
|-damage|p2a: Slowking|0 fnt|[from] move: Magma Storm|[partiallytrapped]
|faint|p2a: Slowking
|-end|p1a: Heatran|move: Heal Block
|upkeep
|
|t:|1781062311
|switch|p2a: Great Tusk|Great Tusk|71/100 tox
|turn|37
|
|t:|1781062318
|move|p2a: Great Tusk|Headlong Rush|p1a: Heatran
|-supereffective|p1a: Heatran
|-damage|p1a: Heatran|0 fnt
|-unboost|p2a: Great Tusk|def|1
|-unboost|p2a: Great Tusk|spd|1
|faint|p1a: Heatran
|
|-damage|p2a: Great Tusk|65/100 tox|[from] psn
|upkeep
|
|t:|1781062321
|switch|p1a: 小树林|Slowbro, M, tera:Fighting|57/100
|-damage|p1a: 小树林|50/100|[from] Stealth Rock
|turn|38
|
|t:|1781062326
|switch|p1a: Tornadus|Tornadus-Therian, M|100/100
|move|p2a: Great Tusk|Headlong Rush|p1a: Tornadus
|-immune|p1a: Tornadus
|
|-damage|p2a: Great Tusk|52/100 tox|[from] psn
|upkeep
|turn|39
|
|t:|1781062333
|move|p1a: Tornadus|Focus Blast|p2a: Great Tusk
|-damage|p2a: Great Tusk|0 fnt
|faint|p2a: Great Tusk
|-end|p2a: Great Tusk|Protosynthesis|[silent]
|
|upkeep
|
|t:|1781062335
|switch|p2a: Greninja|Greninja, M|11/100 tox
|turn|40
|
|t:|1781062339
|move|p2a: Greninja|Ice Beam|p1a: Tornadus
|-start|p2a: Greninja|typechange|Ice|[from] ability: Protean
|-supereffective|p1a: Tornadus
|-damage|p1a: Tornadus|0 fnt
|faint|p1a: Tornadus
|
|-damage|p2a: Greninja|5/100 tox|[from] psn
|upkeep
|
|t:|1781062342
|switch|p1a: 小树林|Slowbro, M, tera:Fighting|84/100
|-damage|p1a: 小树林|78/100|[from] Stealth Rock
|turn|41
|
|t:|1781062346
|move|p2a: Greninja|Ice Beam|p1a: 小树林
|-damage|p1a: 小树林|19/100
|move|p1a: 小树林|Scald|p2a: Greninja
|-damage|p2a: Greninja|0 fnt
|faint|p2a: Greninja
|
|upkeep
|
|t:|1781062349
|switch|p2a: Raging Bolt|Raging Bolt|39/100
|turn|42
|
|t:|1781062355
|move|p2a: Raging Bolt|Volt Switch|p1a: 小树林
|-damage|p1a: 小树林|0 fnt
|faint|p1a: 小树林
|
|t:|1781062357
|-end|p2a: Raging Bolt|Protosynthesis|[silent]
|switch|p2a: Kingambit|Kingambit, F|100/100|[from] Volt Switch
|-activate|p2a: Kingambit|ability: Supreme Overlord
|-start|p2a: Kingambit|fallen3|[silent]
|
|upkeep
|
|t:|1781062359
|switch|p1a: Serperior|Serperior, M|78/100
|-damage|p1a: Serperior|66/100|[from] Stealth Rock
|turn|43
|
|t:|1781062362
|move|p1a: Serperior|Leech Seed|p2a: Kingambit
|-start|p2a: Kingambit|move: Leech Seed
|move|p2a: Kingambit|Kowtow Cleave|p1a: Serperior
|-damage|p1a: Serperior|0 fnt
|faint|p1a: Serperior
|
|win|GreninjaMyFav
|raw|lklowxhn's rating: 1719 &rarr; <strong>1698</strong><br />(-21 for losing)
|raw|GreninjaMyFav's rating: 1694 &rarr; <strong>1715</strong><br />(+21 for winning)
|l|☆GreninjaMyFav
|player|p2|
|l| nepturee
|l|☆lklowxhn
|player|p1|
