|j|☆Kogasscarf
|j|☆rblt ryo
|t:|1781545969
|gametype|singles
|player|p1|Kogasscarf|koga|1723
|player|p2|rblt ryo|grimsley-gen7|1672
|gen|9
|tier|[Gen 9] OU
|rated|
|rule|HP Percentage Mod: HP is shown in percentages
|rule|Endless Battle Clause: Forcing endless battles is banned
|rule|Species Clause: Limit one of each Pokémon
|rule|OHKO Clause: OHKO moves are banned
|rule|Evasion Items Clause: Evasion items are banned
|rule|Evasion Moves Clause: Evasion moves are banned
|rule|Evasion Abilities Clause: Evasion abilities are banned
|rule|Sleep Moves Clause: Sleep-inducing moves are banned
|clearpoke
|poke|p1|Slither Wing|
|poke|p1|Torkoal, F|
|poke|p1|Raging Bolt|
|poke|p1|Hatterene, F|
|poke|p1|Great Tusk|
|poke|p1|Walking Wake|
|poke|p2|Ting-Lu|
|poke|p2|Corviknight, F|
|poke|p2|Hatterene, F|
|poke|p2|Amoonguss, F|
|poke|p2|Dondozo, M|
|poke|p2|Hoopa-Unbound|
|teampreview
|inactive|Battle timer is ON: inactive players will automatically lose when time's up. (requested by Kogasscarf)
|j| TheSacredJackal⨕
|
|t:|1781545989
|teamsize|p1|6
|teamsize|p2|6
|start
|switch|p1a: Slither Wing|Slither Wing|100/100
|switch|p2a: Ting-Lu|Ting-Lu|100/100
|-ability|p2a: Ting-Lu|Vessel of Ruin
|turn|1
|
|t:|1781545997
|-terastallize|p2a: Ting-Lu|Poison
|move|p1a: Slither Wing|U-turn|p2a: Ting-Lu
|-resisted|p2a: Ting-Lu
|-damage|p2a: Ting-Lu|91/100
|
|t:|1781546002
|-end|p1a: Slither Wing|Protosynthesis|[silent]
|switch|p1a: Hatterene|Hatterene, F, shiny|100/100|[from] U-turn
|move|p2a: Ting-Lu|Earthquake|p1a: Hatterene
|-damage|p1a: Hatterene|71/100
|-enditem|p1a: Hatterene|Eject Button
|
|t:|1781546015
|switch|p1a: Torkoal|Torkoal, F|100/100
|-weather|SunnyDay|[from] ability: Drought|[of] p1a: Torkoal
|
|-weather|SunnyDay|[upkeep]
|-heal|p2a: Ting-Lu|98/100|[from] item: Leftovers
|upkeep
|turn|2
|
|t:|1781546024
|switch|p2a: Hatterene|Hatterene, F|100/100
|switch|p1a: Great Tusk|Great Tusk|100/100
|-activate|p1a: Great Tusk|ability: Protosynthesis
|-start|p1a: Great Tusk|protosynthesisatk
|
|-weather|SunnyDay|[upkeep]
|upkeep
|turn|3
|inactive|Kogasscarf has 120 seconds left.
|
|t:|1781546063
|move|p1a: Great Tusk|Headlong Rush|p2a: Hatterene
|-damage|p2a: Hatterene|32/100
|-unboost|p1a: Great Tusk|def|1
|-unboost|p1a: Great Tusk|spd|1
|move|p2a: Hatterene|Draining Kiss|p1a: Great Tusk
|-supereffective|p1a: Great Tusk
|-crit|p1a: Great Tusk
|-damage|p1a: Great Tusk|0 fnt
|-heal|p2a: Hatterene|100/100|[from] drain|[of] p1a: Great Tusk
|faint|p1a: Great Tusk
|-end|p1a: Great Tusk|Protosynthesis|[silent]
|
|-weather|SunnyDay|[upkeep]
|upkeep
|
|t:|1781546070
|switch|p1a: Slither Wing|Slither Wing|100/100
|-activate|p1a: Slither Wing|ability: Protosynthesis
|-start|p1a: Slither Wing|protosynthesisatk
|turn|4
|
|t:|1781546084
|switch|p2a: Corviknight|Corviknight, F|100/100
|-ability|p2a: Corviknight|Pressure
|move|p1a: Slither Wing|First Impression|p2a: Corviknight
|-resisted|p2a: Corviknight
|-damage|p2a: Corviknight|92/100
|-damage|p1a: Slither Wing|84/100|[from] item: Rocky Helmet|[of] p2a: Corviknight
|
|-weather|SunnyDay|[upkeep]
|upkeep
|turn|5
|
|t:|1781546102
|move|p1a: Slither Wing|Stun Spore|p2a: Corviknight
|-status|p2a: Corviknight|par
|cant|p2a: Corviknight|par
|
|-weather|SunnyDay|[upkeep]
|upkeep
|turn|6
|inactive|Kogasscarf has 120 seconds left.
|
|t:|1781546118
|-end|p1a: Slither Wing|Protosynthesis|[silent]
|switch|p1a: Raging Bolt|Raging Bolt|100/100
|-activate|p1a: Raging Bolt|ability: Protosynthesis
|-start|p1a: Raging Bolt|protosynthesisspa
|move|p2a: Corviknight|Body Press|p1a: Raging Bolt
|-damage|p1a: Raging Bolt|78/100
|
|-weather|SunnyDay|[upkeep]
|upkeep
|turn|7
|
|t:|1781546129
|switch|p2a: Ting-Lu|Ting-Lu, tera:Poison|98/100
|-ability|p2a: Ting-Lu|Vessel of Ruin
|move|p1a: Raging Bolt|Weather Ball|p2a: Ting-Lu
|-damage|p2a: Ting-Lu|47/100
|
|-weather|SunnyDay|[upkeep]
|-heal|p2a: Ting-Lu|53/100|[from] item: Leftovers
|upkeep
|turn|8
|inactive|Kogasscarf has 120 seconds left.
|
|t:|1781546145
|-end|p1a: Raging Bolt|Protosynthesis|[silent]
|switch|p1a: Slither Wing|Slither Wing|84/100
|-activate|p1a: Slither Wing|ability: Protosynthesis
|-start|p1a: Slither Wing|protosynthesisatk
|switch|p2a: Dondozo|Dondozo, M|100/100
|
|-weather|none
|-end|p1a: Slither Wing|Protosynthesis
|upkeep
|turn|9
|
|t:|1781546153
|switch|p2a: Ting-Lu|Ting-Lu, tera:Poison|53/100
|-ability|p2a: Ting-Lu|Vessel of Ruin
|move|p1a: Slither Wing|U-turn|p2a: Ting-Lu
|-resisted|p2a: Ting-Lu
|-damage|p2a: Ting-Lu|45/100
|
|t:|1781546156
|-end|p1a: Slither Wing|Protosynthesis|[silent]
|switch|p1a: Torkoal|Torkoal, F|100/100|[from] U-turn
|-weather|SunnyDay|[from] ability: Drought|[of] p1a: Torkoal
|
|-weather|SunnyDay|[upkeep]
|-heal|p2a: Ting-Lu|51/100|[from] item: Leftovers
|upkeep
|turn|10
|
|t:|1781546168
|move|p2a: Ting-Lu|Rest|p2a: Ting-Lu
|-status|p2a: Ting-Lu|slp|[from] move: Rest
|-heal|p2a: Ting-Lu|100/100 slp|[silent]
|move|p1a: Torkoal|Stealth Rock|p2a: Ting-Lu
|-sidestart|p2: rblt ryo|move: Stealth Rock
|
|-weather|SunnyDay|[upkeep]
|upkeep
|turn|11
|
|t:|1781546174
|switch|p1a: Raging Bolt|Raging Bolt|78/100
|-activate|p1a: Raging Bolt|ability: Protosynthesis
|-start|p1a: Raging Bolt|protosynthesisspa
|cant|p2a: Ting-Lu|slp
|move|p2a: Ting-Lu|Sleep Talk|p2a: Ting-Lu
|move|p2a: Ting-Lu|Rest||[from] move: Sleep Talk|[still]
|-fail|p2a: Ting-Lu
|
|-weather|SunnyDay|[upkeep]
|upkeep
|turn|12
|
|t:|1781546183
|move|p1a: Raging Bolt|Thunderbolt|p2a: Ting-Lu
|-damage|p2a: Ting-Lu|55/100 slp
|cant|p2a: Ting-Lu|slp
|move|p2a: Ting-Lu|Sleep Talk|p2a: Ting-Lu
|move|p2a: Ting-Lu|Earthquake|p1a: Raging Bolt|[from] move: Sleep Talk
|-supereffective|p1a: Raging Bolt
|-damage|p1a: Raging Bolt|18/100
|
|-weather|SunnyDay|[upkeep]
|-heal|p2a: Ting-Lu|61/100 slp|[from] item: Leftovers
|upkeep
|turn|13
|
|t:|1781546206
|move|p1a: Raging Bolt|Thunderbolt|p2a: Ting-Lu
|-damage|p2a: Ting-Lu|18/100 slp
|-curestatus|p2a: Ting-Lu|slp|[msg]
|move|p2a: Ting-Lu|Rest|p2a: Ting-Lu
|-status|p2a: Ting-Lu|slp|[from] move: Rest
|-heal|p2a: Ting-Lu|100/100 slp|[silent]
|
|-weather|SunnyDay|[upkeep]
|upkeep
|turn|14
|
|t:|1781546214
|-end|p1a: Raging Bolt|Protosynthesis|[silent]
|switch|p1a: Hatterene|Hatterene, F, shiny|71/100
|cant|p2a: Ting-Lu|slp
|move|p2a: Ting-Lu|Sleep Talk|p2a: Ting-Lu
|move|p2a: Ting-Lu|Payback|p1a: Hatterene|[from] move: Sleep Talk
|-damage|p1a: Hatterene|57/100
|
|-weather|SunnyDay|[upkeep]
|upkeep
|turn|15
|
|t:|1781546227
|cant|p2a: Ting-Lu|slp
|move|p2a: Ting-Lu|Sleep Talk|p2a: Ting-Lu
|move|p2a: Ting-Lu|Payback|p1a: Hatterene|[from] move: Sleep Talk
|-damage|p1a: Hatterene|40/100
|move|p1a: Hatterene|Healing Wish|p1a: Hatterene
|faint|p1a: Hatterene
|
|-weather|SunnyDay|[upkeep]
|upkeep
|
|t:|1781546233
|switch|p1a: Raging Bolt|Raging Bolt|18/100
|-heal|p1a: Raging Bolt|100/100|[from] move: Healing Wish
|-activate|p1a: Raging Bolt|ability: Protosynthesis
|-start|p1a: Raging Bolt|protosynthesisspa
|turn|16
|
|t:|1781546238
|-end|p1a: Raging Bolt|Protosynthesis|[silent]
|switch|p1a: Walking Wake|Walking Wake|100/100
|-activate|p1a: Walking Wake|ability: Protosynthesis
|-start|p1a: Walking Wake|protosynthesisspe
|-curestatus|p2a: Ting-Lu|slp|[msg]
|move|p2a: Ting-Lu|Earthquake|p1a: Walking Wake
|-damage|p1a: Walking Wake|59/100
|
|-weather|none
|-end|p1a: Walking Wake|Protosynthesis
|upkeep
|turn|17
|
|t:|1781546267
|move|p1a: Walking Wake|Dragon Pulse|p2a: Ting-Lu
|-damage|p2a: Ting-Lu|81/100
|move|p2a: Ting-Lu|Earthquake|p1a: Walking Wake
|-damage|p1a: Walking Wake|21/100
|
|-heal|p2a: Ting-Lu|87/100|[from] item: Leftovers
|upkeep
|turn|18
|
|t:|1781546273
|-end|p1a: Walking Wake|Protosynthesis|[silent]
|switch|p1a: Torkoal|Torkoal, F|100/100
|-weather|SunnyDay|[from] ability: Drought|[of] p1a: Torkoal
|move|p2a: Ting-Lu|Earthquake|p1a: Torkoal
|-supereffective|p1a: Torkoal
|-damage|p1a: Torkoal|40/100
|
|-weather|SunnyDay|[upkeep]
|-heal|p2a: Ting-Lu|93/100|[from] item: Leftovers
|upkeep
|turn|19
|
|t:|1781546278
|move|p2a: Ting-Lu|Earthquake|p1a: Torkoal
|-supereffective|p1a: Torkoal
|-damage|p1a: Torkoal|0 fnt
|faint|p1a: Torkoal
|
|-weather|SunnyDay|[upkeep]
|-heal|p2a: Ting-Lu|99/100|[from] item: Leftovers
|upkeep
|
|t:|1781546280
|switch|p1a: Raging Bolt|Raging Bolt|100/100
|-activate|p1a: Raging Bolt|ability: Protosynthesis
|-start|p1a: Raging Bolt|protosynthesisspa
|turn|20
|
|t:|1781546285
|-terastallize|p1a: Raging Bolt|Fire
|move|p1a: Raging Bolt|Weather Ball|p2a: Ting-Lu
|-damage|p2a: Ting-Lu|32/100
|move|p2a: Ting-Lu|Earthquake|p1a: Raging Bolt
|-supereffective|p1a: Raging Bolt
|-damage|p1a: Raging Bolt|43/100
|
|-weather|SunnyDay|[upkeep]
|-heal|p2a: Ting-Lu|38/100|[from] item: Leftovers
|upkeep
|turn|21
|
|t:|1781546299
|switch|p2a: Corviknight|Corviknight, F|92/100 par
|-damage|p2a: Corviknight|80/100 par|[from] Stealth Rock
|-ability|p2a: Corviknight|Pressure
|move|p1a: Raging Bolt|Weather Ball|p2a: Corviknight
|-supereffective|p2a: Corviknight
|-damage|p2a: Corviknight|0 fnt
|faint|p2a: Corviknight
|
|-weather|SunnyDay|[upkeep]
|upkeep
|
|t:|1781546307
|switch|p2a: Hoopa|Hoopa-Unbound|100/100
|-damage|p2a: Hoopa|88/100|[from] Stealth Rock
|turn|22
|
|t:|1781546311
|-end|p1a: Raging Bolt|Protosynthesis|[silent]
|switch|p1a: Walking Wake|Walking Wake|21/100
|-activate|p1a: Walking Wake|ability: Protosynthesis
|-start|p1a: Walking Wake|protosynthesisspe
|move|p2a: Hoopa|Knock Off|p1a: Walking Wake
|-damage|p1a: Walking Wake|0 fnt
|-enditem|p1a: Walking Wake|Assault Vest|[from] move: Knock Off|[of] p2a: Hoopa
|faint|p1a: Walking Wake
|-end|p1a: Walking Wake|Protosynthesis|[silent]
|
|-weather|SunnyDay|[upkeep]
|upkeep
|
|t:|1781546313
|switch|p1a: Slither Wing|Slither Wing|84/100
|-activate|p1a: Slither Wing|ability: Protosynthesis
|-start|p1a: Slither Wing|protosynthesisatk
|turn|23
|inactive|rblt ryo has 120 seconds left.
|
|t:|1781546353
|switch|p2a: Dondozo|Dondozo, M|100/100
|-damage|p2a: Dondozo|88/100|[from] Stealth Rock
|move|p1a: Slither Wing|First Impression|p2a: Dondozo
|-damage|p2a: Dondozo|58/100
|
|-weather|SunnyDay|[upkeep]
|-heal|p2a: Dondozo|64/100|[from] item: Leftovers
|upkeep
|turn|24
|
|t:|1781546364
|move|p1a: Slither Wing|Stun Spore|p2a: Dondozo
|-status|p2a: Dondozo|par
|move|p2a: Dondozo|Rest|p2a: Dondozo
|-status|p2a: Dondozo|slp|[from] move: Rest
|-heal|p2a: Dondozo|100/100 slp|[silent]
|
|-weather|SunnyDay|[upkeep]
|upkeep
|turn|25
|
|t:|1781546370
|-end|p1a: Slither Wing|Protosynthesis|[silent]
|switch|p1a: Raging Bolt|Raging Bolt, tera:Fire|43/100
|-activate|p1a: Raging Bolt|ability: Protosynthesis
|-start|p1a: Raging Bolt|protosynthesisspa
|cant|p2a: Dondozo|slp
|move|p2a: Dondozo|Sleep Talk|p2a: Dondozo
|move|p2a: Dondozo|Curse|p2a: Dondozo|[from] move: Sleep Talk
|-unboost|p2a: Dondozo|spe|1
|-boost|p2a: Dondozo|atk|1
|-boost|p2a: Dondozo|def|1
|
|-weather|none
|-end|p1a: Raging Bolt|Protosynthesis
|upkeep
|turn|26
|inactive|rblt ryo has 120 seconds left.
|
|t:|1781546381
|switch|p2a: Ting-Lu|Ting-Lu, tera:Poison|38/100
|-damage|p2a: Ting-Lu|26/100|[from] Stealth Rock
|-ability|p2a: Ting-Lu|Vessel of Ruin
|move|p1a: Raging Bolt|Thunderbolt|p2a: Ting-Lu
|-damage|p2a: Ting-Lu|0 fnt
|faint|p2a: Ting-Lu
|
|upkeep
|inactive|rblt ryo has 120 seconds left.
|
|t:|1781546394
|switch|p2a: Amoonguss|Amoonguss, F|100/100
|turn|27
|inactive|rblt ryo has 120 seconds left.
|
|t:|1781546403
|-end|p1a: Raging Bolt|Protosynthesis|[silent]
|switch|p1a: Slither Wing|Slither Wing|84/100
|move|p2a: Amoonguss|Sludge Bomb|p1a: Slither Wing
|-damage|p1a: Slither Wing|58/100
|-status|p1a: Slither Wing|psn
|
|-damage|p1a: Slither Wing|45/100 psn|[from] psn
|upkeep
|turn|28
|
|t:|1781546415
|move|p1a: Slither Wing|U-turn|p2a: Amoonguss
|-damage|p2a: Amoonguss|77/100
|
|t:|1781546417
|-end|p1a: Slither Wing|Protosynthesis|[silent]
|switch|p1a: Raging Bolt|Raging Bolt, tera:Fire|43/100|[from] U-turn
|move|p2a: Amoonguss|Sludge Bomb|p1a: Raging Bolt
|-crit|p1a: Raging Bolt
|-damage|p1a: Raging Bolt|7/100
|
|upkeep
|turn|29
|
|t:|1781546425
|move|p1a: Raging Bolt|Draco Meteor|p2a: Amoonguss
|-damage|p2a: Amoonguss|0 fnt
|-unboost|p1a: Raging Bolt|spa|2
|faint|p2a: Amoonguss
|
|upkeep
|
|t:|1781546427
|switch|p2a: Hatterene|Hatterene, F|100/100
|-damage|p2a: Hatterene|88/100|[from] Stealth Rock
|turn|30
|
|t:|1781546433
|-end|p1a: Raging Bolt|Protosynthesis|[silent]
|switch|p1a: Slither Wing|Slither Wing|45/100 psn
|move|p2a: Hatterene|Calm Mind|p2a: Hatterene
|-boost|p2a: Hatterene|spa|1
|-boost|p2a: Hatterene|spd|1
|
|-heal|p2a: Hatterene|94/100|[from] item: Leftovers
|-damage|p1a: Slither Wing|33/100 psn|[from] psn
|upkeep
|turn|31
|
|t:|1781546438
|move|p1a: Slither Wing|First Impression|p2a: Hatterene
|-damage|p2a: Hatterene|62/100
|move|p2a: Hatterene|Draining Kiss|p1a: Slither Wing
|-supereffective|p1a: Slither Wing
|-damage|p1a: Slither Wing|0 fnt
|-heal|p2a: Hatterene|91/100|[from] drain|[of] p1a: Slither Wing
|-damage|p2a: Hatterene|74/100|[from] item: Rocky Helmet|[of] p1a: Slither Wing
|faint|p1a: Slither Wing
|-end|p1a: Slither Wing|Protosynthesis|[silent]
|
|-heal|p2a: Hatterene|80/100|[from] item: Leftovers
|upkeep
|
|t:|1781546443
|switch|p1a: Raging Bolt|Raging Bolt, tera:Fire|7/100
|turn|32
|
|t:|1781546446
|move|p1a: Raging Bolt|Thunderbolt|p2a: Hatterene
|-damage|p2a: Hatterene|23/100
|move|p2a: Hatterene|Draining Kiss|p1a: Raging Bolt
|-resisted|p1a: Raging Bolt
|-damage|p1a: Raging Bolt|0 fnt
|-heal|p2a: Hatterene|31/100|[from] drain|[of] p1a: Raging Bolt
|faint|p1a: Raging Bolt
|-end|p1a: Raging Bolt|Protosynthesis|[silent]
|
|win|rblt ryo
|raw|Kogasscarf's rating: 1723 &rarr; <strong>1700</strong><br />(-23 for losing)
|raw|rblt ryo's rating: 1672 &rarr; <strong>1695</strong><br />(+23 for winning)
|l|☆Kogasscarf
|player|p1|
|l| TheSacredJackal⨕
