|j|☆Dragesh
|j|☆ascended tusk 69
|t:|1781247697
|gametype|singles
|player|p1|Dragesh|169|1643
|player|p2|ascended tusk 69|biker|1693
|gen|9
|tier|[Gen 9] OU
|rated|
|rule|HP Percentage Mod: HP is shown in percentages
|rule|Endless Battle Clause: Forcing endless battles is banned
|rule|Species Clause: Limit one of each Pokémon
|rule|OHKO Clause: OHKO moves are banned
|rule|Evasion Items Clause: Evasion items are banned
|rule|Evasion Moves Clause: Evasion moves are banned
|rule|Evasion Abilities Clause: Evasion abilities are banned
|rule|Sleep Moves Clause: Sleep-inducing moves are banned
|clearpoke
|poke|p1|Iron Treads|
|poke|p1|Enamorus, F|
|poke|p1|Iron Valiant|
|poke|p1|Dragonite, M|
|poke|p1|Gholdengo|
|poke|p1|Dragapult, M|
|poke|p2|Iron Moth|
|poke|p2|Gliscor, M|
|poke|p2|Hatterene, F|
|poke|p2|Ogerpon-Wellspring, F|
|poke|p2|Raging Bolt|
|poke|p2|Zamazenta-*|
|teampreview
|inactive|Battle timer is ON: inactive players will automatically lose when time's up. (requested by Dragesh)
|j| euphoricpoptarts
|
|t:|1781247713
|teamsize|p1|6
|teamsize|p2|6
|start
|switch|p1a: Iron Treads|Iron Treads|100/100
|switch|p2a: Suneater|Iron Moth|100/100
|-enditem|p2a: Suneater|Booster Energy
|-activate|p2a: Suneater|ability: Quark Drive|[fromitem]
|-start|p2a: Suneater|quarkdrivespe
|-enditem|p1a: Iron Treads|Booster Energy
|-activate|p1a: Iron Treads|ability: Quark Drive|[fromitem]
|-start|p1a: Iron Treads|quarkdrivespe
|turn|1
|
|t:|1781247727
|move|p2a: Suneater|Fiery Dance|p1a: Iron Treads
|-supereffective|p1a: Iron Treads
|-damage|p1a: Iron Treads|0 fnt
|-boost|p2a: Suneater|spa|1
|faint|p1a: Iron Treads
|-end|p1a: Iron Treads|Quark Drive|[silent]
|
|upkeep
|
|t:|1781247731
|switch|p1a: Dragapult|Dragapult, M|100/100
|turn|2
|
|t:|1781247744
|move|p1a: Dragapult|Dragon Dance|p1a: Dragapult
|-boost|p1a: Dragapult|atk|1
|-boost|p1a: Dragapult|spe|1
|move|p2a: Suneater|Whirlwind|p1a: Dragapult
|drag|p1a: Gholdengo|Gholdengo|100/100
|-item|p1a: Gholdengo|Air Balloon
|
|upkeep
|turn|3
|
|t:|1781247754
|move|p2a: Suneater|Fiery Dance|p1a: Gholdengo
|-supereffective|p1a: Gholdengo
|-damage|p1a: Gholdengo|0 fnt
|-boost|p2a: Suneater|spa|1
|-enditem|p1a: Gholdengo|Air Balloon
|faint|p1a: Gholdengo
|
|upkeep
|
|t:|1781247757
|switch|p1a: Dragapult|Dragapult, M|100/100
|turn|4
|inactive|ascended tusk 69 has 120 seconds left.
|
|t:|1781247794
|move|p2a: Suneater|Sludge Wave|p1a: Dragapult
|-resisted|p1a: Dragapult
|-damage|p1a: Dragapult|29/100
|move|p1a: Dragapult|Dragon Dance|p1a: Dragapult
|-boost|p1a: Dragapult|atk|1
|-boost|p1a: Dragapult|spe|1
|
|upkeep
|turn|5
|
|t:|1781247798
|move|p1a: Dragapult|Dragon Darts|p2a: Suneater
|-damage|p2a: Suneater|47/100
|-anim|p1a: Dragapult|Dragon Darts|p2a: Suneater
|-damage|p2a: Suneater|0 fnt
|faint|p2a: Suneater
|-end|p2a: Suneater|Quark Drive|[silent]
|
|upkeep
|
|t:|1781247805
|switch|p2a: Dorg|Zamazenta|100/100
|-ability|p2a: Dorg|Dauntless Shield|boost
|-boost|p2a: Dorg|def|1
|turn|6
|
|t:|1781247809
|move|p1a: Dragapult|Dragon Darts|p2a: Dorg
|-damage|p2a: Dorg|81/100
|-anim|p1a: Dragapult|Dragon Darts|p2a: Dorg
|-damage|p2a: Dorg|61/100
|move|p2a: Dorg|Reflect|p2a: Dorg
|-sidestart|p2: ascended tusk 69|Reflect
|
|upkeep
|turn|7
|
|t:|1781247815
|move|p1a: Dragapult|Dragon Darts|p2a: Dorg
|-damage|p2a: Dorg|42/100
|-anim|p1a: Dragapult|Dragon Darts|p2a: Dorg
|-damage|p2a: Dorg|22/100
|move|p2a: Dorg|Light Screen|p2a: Dorg
|-sidestart|p2: ascended tusk 69|move: Light Screen
|
|upkeep
|turn|8
|
|t:|1781247820
|switch|p2a: SLICE|Hatterene, F|100/100
|move|p1a: Dragapult|Dragon Darts|p2a: SLICE
|-immune|p2a: SLICE
|
|upkeep
|turn|9
|
|t:|1781247828
|switch|p2a: BONK|Ogerpon-Wellspring, F|100/100
|move|p1a: Dragapult|Phantom Force||[still]
|-prepare|p1a: Dragapult|Phantom Force
|
|upkeep
|turn|10
|
|t:|1781247843
|move|p1a: Dragapult|Phantom Force|p2a: BONK|[from] lockedmove
|-damage|p2a: BONK|18/100
|move|p2a: BONK|Ivy Cudgel|p1a: Dragapult|[anim] Ivy Cudgel Water
|-resisted|p1a: Dragapult
|-damage|p1a: Dragapult|0 fnt
|faint|p1a: Dragapult
|
|upkeep
|
|t:|1781247848
|switch|p1a: Iron Valiant|Iron Valiant|100/100
|-enditem|p1a: Iron Valiant|Booster Energy
|-activate|p1a: Iron Valiant|ability: Quark Drive|[fromitem]
|-start|p1a: Iron Valiant|quarkdrivespe
|turn|11
|
|t:|1781247855
|move|p1a: Iron Valiant|Moonblast|p2a: BONK
|-damage|p2a: BONK|0 fnt
|faint|p2a: BONK
|
|upkeep
|
|t:|1781247866
|switch|p2a: Tenko|Gliscor, M|100/100
|turn|12
|
|t:|1781247872
|-terastallize|p1a: Iron Valiant|Steel
|move|p1a: Iron Valiant|Calm Mind|p1a: Iron Valiant
|-boost|p1a: Iron Valiant|spa|1
|-boost|p1a: Iron Valiant|spd|1
|move|p2a: Tenko|Agility|p2a: Tenko
|-boost|p2a: Tenko|spe|2
|
|-status|p2a: Tenko|tox|[from] item: Toxic Orb
|upkeep
|turn|13
|
|t:|1781247879
|move|p2a: Tenko|Earthquake|p1a: Iron Valiant
|-supereffective|p1a: Iron Valiant
|-damage|p1a: Iron Valiant|0 fnt
|faint|p1a: Iron Valiant
|-end|p1a: Iron Valiant|Quark Drive|[silent]
|
|-sideend|p2: ascended tusk 69|Reflect
|upkeep
|c|☆ascended tusk 69|lol
|
|t:|1781247884
|switch|p1a: Dragonite|Dragonite, M|100/100
|turn|14
|c|☆ascended tusk 69|horrible tera bro
|c|☆Dragesh|i thought ur gonna toxic
|c|☆Dragesh|then i do encore
|c|☆Dragesh|and u r blocked on toxic
|
|t:|1781247911
|move|p2a: Tenko|Facade|p1a: Dragonite
|-damage|p1a: Dragonite|75/100
|move|p1a: Dragonite|Ice Spinner|p2a: Tenko
|-supereffective|p2a: Tenko
|-damage|p2a: Tenko|0 fnt
|faint|p2a: Tenko
|
|-sideend|p2: ascended tusk 69|move: Light Screen
|upkeep
|j| raichu testing arc
|c|☆ascended tusk 69|this is screens HO
|l| raichu testing arc
|c|☆ascended tusk 69|and u think im running toxic?
|
|t:|1781247940
|switch|p2a: Dorg|Zamazenta|22/100
|turn|15
|c|☆Dragesh|idk ur gonna play agility bro
|c|☆Dragesh|everyone is weird here
|c|☆ascended tusk 69|but at least expect SD
|inactive|Dragesh has 120 seconds left.
|
|t:|1781247962
|move|p2a: Dorg|Reflect|p2a: Dorg
|-sidestart|p2: ascended tusk 69|Reflect
|move|p1a: Dragonite|Dragon Dance|p1a: Dragonite
|-boost|p1a: Dragonite|atk|1
|-boost|p1a: Dragonite|spe|1
|
|upkeep
|turn|16
|c|☆ascended tusk 69|SD glisc is standard for over 10 years
|j| GastrodonKing
|
|t:|1781247967
|move|p1a: Dragonite|Dragon Dance|p1a: Dragonite
|-boost|p1a: Dragonite|atk|1
|-boost|p1a: Dragonite|spe|1
|move|p2a: Dorg|Ice Fang|p1a: Dragonite
|-supereffective|p1a: Dragonite
|-damage|p1a: Dragonite|0 fnt
|faint|p1a: Dragonite
|
|upkeep
|
|t:|1781247969
|switch|p1a: Enamorus|Enamorus, F|100/100
|turn|17
|l| GastrodonKing
|
|t:|1781247972
|move|p2a: Dorg|Light Screen|p2a: Dorg
|-sidestart|p2: ascended tusk 69|move: Light Screen
|move|p1a: Enamorus|Moonblast|p2a: Dorg
|-supereffective|p2a: Dorg
|-damage|p2a: Dorg|0 fnt
|faint|p2a: Dorg
|
|upkeep
|
|t:|1781247980
|switch|p2a: Exegutor-Alola|Raging Bolt|100/100
|-enditem|p2a: Exegutor-Alola|Booster Energy
|-activate|p2a: Exegutor-Alola|ability: Protosynthesis|[fromitem]
|-start|p2a: Exegutor-Alola|protosynthesisspa
|turn|18
|
|t:|1781247989
|-terastallize|p2a: Exegutor-Alola|Ghost
|move|p1a: Enamorus|Substitute|p1a: Enamorus
|-start|p1a: Enamorus|Substitute
|-damage|p1a: Enamorus|76/100
|move|p2a: Exegutor-Alola|Thunderbolt|p1a: Enamorus
|-supereffective|p1a: Enamorus
|-end|p1a: Enamorus|Substitute
|
|-heal|p1a: Enamorus|82/100|[from] item: Leftovers
|upkeep
|turn|19
|
|t:|1781247994
|move|p1a: Enamorus|Substitute|p1a: Enamorus
|-start|p1a: Enamorus|Substitute
|-damage|p1a: Enamorus|57/100
|move|p2a: Exegutor-Alola|Thunderbolt|p1a: Enamorus
|-supereffective|p1a: Enamorus
|-end|p1a: Enamorus|Substitute
|
|-heal|p1a: Enamorus|63/100|[from] item: Leftovers
|upkeep
|turn|20
|
|t:|1781247996
|move|p1a: Enamorus|Substitute|p1a: Enamorus
|-start|p1a: Enamorus|Substitute
|-damage|p1a: Enamorus|38/100
|move|p2a: Exegutor-Alola|Thunderbolt|p1a: Enamorus
|-supereffective|p1a: Enamorus
|-end|p1a: Enamorus|Substitute
|
|-heal|p1a: Enamorus|44/100|[from] item: Leftovers
|upkeep
|turn|21
|
|t:|1781247999
|move|p1a: Enamorus|Substitute|p1a: Enamorus
|-start|p1a: Enamorus|Substitute
|-damage|p1a: Enamorus|20/100
|move|p2a: Exegutor-Alola|Thunderbolt|p1a: Enamorus
|-supereffective|p1a: Enamorus
|-end|p1a: Enamorus|Substitute
|
|-heal|p1a: Enamorus|26/100|[from] item: Leftovers
|upkeep
|turn|22
|
|t:|1781248001
|move|p1a: Enamorus|Moonblast|p2a: Exegutor-Alola
|-damage|p2a: Exegutor-Alola|77/100
|-unboost|p2a: Exegutor-Alola|spa|1
|move|p2a: Exegutor-Alola|Thunderbolt|p1a: Enamorus
|-supereffective|p1a: Enamorus
|-damage|p1a: Enamorus|0 fnt
|faint|p1a: Enamorus
|
|win|ascended tusk 69
|raw|Dragesh's rating: 1643 &rarr; <strong>1626</strong><br />(-17 for losing)
|raw|ascended tusk 69's rating: 1693 &rarr; <strong>1710</strong><br />(+17 for winning)
|l|☆Dragesh
|player|p1|
|c|☆ascended tusk 69|ayy hit 1700s
|l|☆ascended tusk 69
|player|p2|
|l| euphoricpoptarts
