|j|☆Pig Perfect
|j|☆volc1877
|t:|1781531231
|gametype|singles
|player|p1|Pig Perfect|workerice|1528
|player|p2|volc1877|2|1594
|gen|9
|tier|[Gen 9] OU
|rated|
|rule|HP Percentage Mod: HP is shown in percentages
|rule|Endless Battle Clause: Forcing endless battles is banned
|rule|Species Clause: Limit one of each Pokémon
|rule|OHKO Clause: OHKO moves are banned
|rule|Evasion Items Clause: Evasion items are banned
|rule|Evasion Moves Clause: Evasion moves are banned
|rule|Evasion Abilities Clause: Evasion abilities are banned
|rule|Sleep Moves Clause: Sleep-inducing moves are banned
|clearpoke
|poke|p1|Great Tusk|
|poke|p1|Hatterene, F|
|poke|p1|Heatran, F|
|poke|p1|Ninetales, M|
|poke|p1|Sawsbuck-Summer, M|
|poke|p1|Walking Wake|
|poke|p2|Ninetales, F|
|poke|p2|Walking Wake|
|poke|p2|Pawmot, M|
|poke|p2|Comfey, M|
|poke|p2|Great Tusk|
|poke|p2|Tornadus-Therian, M|
|teampreview
|c|☆Pig Perfect|Idk who’s sun is more heat
|
|t:|1781531276
|teamsize|p1|6
|teamsize|p2|6
|start
|switch|p1a: Ninetales|Ninetales, M|100/100
|switch|p2a: Tornadus|Tornadus-Therian, M|100/100
|-weather|SunnyDay|[from] ability: Drought|[of] p1a: Ninetales
|turn|1
|
|t:|1781531280
|switch|p1a: Hatterene|Hatterene, F|100/100
|move|p2a: Tornadus|Knock Off|p1a: Hatterene
|-damage|p1a: Hatterene|83/100
|-enditem|p1a: Hatterene|Eject Button|[from] move: Knock Off|[of] p2a: Tornadus
|
|-weather|SunnyDay|[upkeep]
|upkeep
|turn|2
|
|t:|1781531312
|move|p2a: Tornadus|U-turn|p1a: Hatterene
|-damage|p1a: Hatterene|72/100
|
|t:|1781531314
|switch|p2a: Comfey|Comfey, M|100/100|[from] U-turn
|move|p1a: Hatterene|Mystical Fire|p2a: Comfey
|-damage|p2a: Comfey|67/100
|-unboost|p2a: Comfey|spa|1
|
|-weather|SunnyDay|[upkeep]
|upkeep
|turn|3
|
|t:|1781531333
|move|p2a: Comfey|Growth|p2a: Comfey
|-boost|p2a: Comfey|atk|2
|-boost|p2a: Comfey|spa|2
|move|p1a: Hatterene|Nuzzle|p2a: Comfey
|-damage|p2a: Comfey|62/100
|-status|p2a: Comfey|par
|
|-weather|SunnyDay|[upkeep]
|upkeep
|turn|4
|
|t:|1781531372
|switch|p1a: Sawsbuck|Sawsbuck-Summer, M|100/100
|move|p2a: Comfey|Growth|p2a: Comfey
|-boost|p2a: Comfey|atk|2
|-boost|p2a: Comfey|spa|2
|
|-weather|SunnyDay|[upkeep]
|upkeep
|turn|5
|
|t:|1781531383
|move|p2a: Comfey|Draining Kiss|p1a: Sawsbuck
|-damage|p1a: Sawsbuck|2/100
|-heal|p2a: Comfey|100/100 par|[from] drain|[of] p1a: Sawsbuck
|-damage|p2a: Comfey|91/100 par|[from] item: Life Orb
|move|p1a: Sawsbuck|Horn Leech|p2a: Comfey
|-damage|p2a: Comfey|34/100 par
|-heal|p1a: Sawsbuck|30/100|[from] drain|[of] p2a: Comfey
|-damage|p1a: Sawsbuck|20/100|[from] item: Life Orb
|
|-weather|SunnyDay|[upkeep]
|upkeep
|turn|6
|
|t:|1781531399
|switch|p1a: Heatran|Heatran, F|100/100
|-item|p1a: Heatran|Air Balloon
|move|p2a: Comfey|Draining Kiss|p1a: Heatran
|-resisted|p1a: Heatran
|-damage|p1a: Heatran|83/100
|-heal|p2a: Comfey|48/100 par|[from] drain|[of] p1a: Heatran
|-enditem|p1a: Heatran|Air Balloon
|-damage|p2a: Comfey|38/100 par|[from] item: Life Orb
|
|-weather|SunnyDay|[upkeep]
|upkeep
|turn|7
|
|t:|1781531426
|-terastallize|p2a: Comfey|Water
|move|p2a: Comfey|Synthesis|p2a: Comfey
|-heal|p2a: Comfey|100/100 par
|move|p1a: Heatran|Magma Storm|p2a: Comfey
|-resisted|p2a: Comfey
|-damage|p2a: Comfey|58/100 par
|-activate|p2a: Comfey|move: Magma Storm|[of] p1a: Heatran
|
|-weather|SunnyDay|[upkeep]
|-damage|p2a: Comfey|46/100 par|[from] move: Magma Storm|[partiallytrapped]
|upkeep
|turn|8
|
|t:|1781531440
|move|p2a: Comfey|Synthesis|p2a: Comfey
|-heal|p2a: Comfey|100/100 par
|move|p1a: Heatran|Taunt|p2a: Comfey
|-start|p2a: Comfey|move: Taunt
|
|-weather|none
|-damage|p2a: Comfey|88/100 par|[from] move: Magma Storm|[partiallytrapped]
|upkeep
|turn|9
|
|t:|1781531443
|move|p1a: Heatran|Stealth Rock|p2a: Comfey
|-sidestart|p2: volc1877|move: Stealth Rock
|cant|p2a: Comfey|par
|
|-damage|p2a: Comfey|76/100 par|[from] move: Magma Storm|[partiallytrapped]
|upkeep
|turn|10
|
|t:|1781531446
|move|p1a: Heatran|Power Gem|p2a: Comfey
|-damage|p2a: Comfey|46/100 par
|cant|p2a: Comfey|par
|
|-damage|p2a: Comfey|33/100 par|[from] move: Magma Storm|[partiallytrapped]
|upkeep
|turn|11
|
|t:|1781531451
|move|p1a: Heatran|Power Gem|p2a: Comfey
|-damage|p2a: Comfey|2/100 par
|cant|p2a: Comfey|par
|
|-end|p2a: Comfey|Magma Storm|[partiallytrapped]
|-end|p2a: Comfey|move: Taunt
|upkeep
|turn|12
|
|t:|1781531457
|move|p2a: Comfey|Synthesis|p2a: Comfey
|-heal|p2a: Comfey|52/100 par
|move|p1a: Heatran|Power Gem|p2a: Comfey
|-damage|p2a: Comfey|25/100 par
|
|upkeep
|turn|13
|
|t:|1781531463
|move|p2a: Comfey|Synthesis|p2a: Comfey
|-heal|p2a: Comfey|75/100 par
|move|p1a: Heatran|Power Gem|p2a: Comfey
|-crit|p2a: Comfey
|-damage|p2a: Comfey|34/100 par
|
|upkeep
|turn|14
|
|t:|1781531465
|move|p2a: Comfey|Synthesis|p2a: Comfey
|-heal|p2a: Comfey|84/100 par
|move|p1a: Heatran|Power Gem|p2a: Comfey
|-damage|p2a: Comfey|56/100 par
|
|upkeep
|turn|15
|
|t:|1781531470
|move|p1a: Heatran|Magma Storm|p2a: Comfey
|-resisted|p2a: Comfey
|-damage|p2a: Comfey|28/100 par
|-activate|p2a: Comfey|move: Magma Storm|[of] p1a: Heatran
|cant|p2a: Comfey|par
|
|-damage|p2a: Comfey|16/100 par|[from] move: Magma Storm|[partiallytrapped]
|upkeep
|turn|16
|
|t:|1781531475
|move|p2a: Comfey|Synthesis|p2a: Comfey
|-heal|p2a: Comfey|66/100 par
|move|p1a: Heatran|Power Gem|p2a: Comfey
|-damage|p2a: Comfey|38/100 par
|
|-damage|p2a: Comfey|26/100 par|[from] move: Magma Storm|[partiallytrapped]
|upkeep
|turn|17
|
|t:|1781531480
|move|p1a: Heatran|Power Gem|p2a: Comfey
|-damage|p2a: Comfey|0 fnt
|faint|p2a: Comfey
|
|upkeep
|
|t:|1781531484
|switch|p2a: Great Tusk|Great Tusk|100/100
|-damage|p2a: Great Tusk|98/100|[from] Stealth Rock
|turn|18
|
|t:|1781531490
|switch|p1a: Hatterene|Hatterene, F|72/100
|move|p2a: Great Tusk|Headlong Rush|p1a: Hatterene
|-crit|p1a: Hatterene
|-damage|p1a: Hatterene|0 fnt
|-unboost|p2a: Great Tusk|def|1
|-unboost|p2a: Great Tusk|spd|1
|faint|p1a: Hatterene
|-damage|p2a: Great Tusk|88/100|[from] item: Life Orb
|
|upkeep
|
|t:|1781531496
|switch|p1a: Sawsbuck|Sawsbuck-Summer, M|20/100
|turn|19
|
|t:|1781531501
|-end|p2a: Great Tusk|Protosynthesis|[silent]
|switch|p2a: Tornadus|Tornadus-Therian, M|100/100
|-damage|p2a: Tornadus|76/100|[from] Stealth Rock
|move|p1a: Sawsbuck|Synthesis|p1a: Sawsbuck
|-heal|p1a: Sawsbuck|70/100
|
|upkeep
|turn|20
|
|t:|1781531508
|switch|p1a: Heatran|Heatran, F|83/100
|move|p2a: Tornadus|U-turn|p1a: Heatran
|-resisted|p1a: Heatran
|-damage|p1a: Heatran|80/100
|
|t:|1781531509
|switch|p2a: Great Tusk|Great Tusk|88/100|[from] U-turn
|-damage|p2a: Great Tusk|85/100|[from] Stealth Rock
|
|upkeep
|turn|21
|
|t:|1781531516
|switch|p1a: Great Tusk|Great Tusk|100/100
|move|p2a: Great Tusk|Headlong Rush|p1a: Great Tusk
|-damage|p1a: Great Tusk|53/100
|-unboost|p2a: Great Tusk|def|1
|-unboost|p2a: Great Tusk|spd|1
|-damage|p2a: Great Tusk|75/100|[from] item: Life Orb
|
|upkeep
|turn|22
|
|t:|1781531524
|move|p1a: Great Tusk|Headlong Rush|p2a: Great Tusk
|-damage|p2a: Great Tusk|26/100
|-unboost|p1a: Great Tusk|def|1
|-unboost|p1a: Great Tusk|spd|1
|move|p2a: Great Tusk|Rapid Spin|p1a: Great Tusk
|-damage|p1a: Great Tusk|34/100
|-boost|p2a: Great Tusk|spe|1
|-sideend|p2: volc1877|Stealth Rock|[from] move: Rapid Spin|[of] p2a: Great Tusk
|-damage|p2a: Great Tusk|16/100|[from] item: Life Orb
|
|upkeep
|turn|23
|
|t:|1781531533
|move|p2a: Great Tusk|Headlong Rush|p1a: Great Tusk
|-damage|p1a: Great Tusk|0 fnt
|-unboost|p2a: Great Tusk|def|1
|-unboost|p2a: Great Tusk|spd|1
|faint|p1a: Great Tusk
|-end|p1a: Great Tusk|Protosynthesis|[silent]
|-damage|p2a: Great Tusk|6/100|[from] item: Life Orb
|
|upkeep
|
|t:|1781531536
|switch|p1a: Ninetales|Ninetales, M|100/100
|-weather|SunnyDay|[from] ability: Drought|[of] p1a: Ninetales
|-activate|p2a: Great Tusk|ability: Protosynthesis
|-start|p2a: Great Tusk|protosynthesisspe
|turn|24
|
|t:|1781531541
|move|p2a: Great Tusk|Temper Flare|p1a: Ninetales
|-resisted|p1a: Ninetales
|-damage|p1a: Ninetales|74/100
|-damage|p2a: Great Tusk|0 fnt|[from] item: Life Orb
|faint|p2a: Great Tusk
|-end|p2a: Great Tusk|Protosynthesis|[silent]
|move|p1a: Ninetales|Healing Wish|p1a: Ninetales
|faint|p1a: Ninetales
|
|-weather|SunnyDay|[upkeep]
|upkeep
|
|t:|1781531553
|switch|p2a: Tornadus|Tornadus-Therian, M|100/100
|switch|p1a: Walking Wake|Walking Wake|100/100
|-activate|p1a: Walking Wake|ability: Protosynthesis
|-start|p1a: Walking Wake|protosynthesisspe
|turn|25
|
|t:|1781531557
|move|p1a: Walking Wake|Substitute|p1a: Walking Wake
|-start|p1a: Walking Wake|Substitute
|-damage|p1a: Walking Wake|76/100
|move|p2a: Tornadus|Knock Off|p1a: Walking Wake
|-activate|p1a: Walking Wake|move: Substitute|[damage]
|
|-weather|SunnyDay|[upkeep]
|-heal|p1a: Walking Wake|82/100|[from] item: Leftovers
|upkeep
|turn|26
|
|t:|1781531564
|-terastallize|p1a: Walking Wake|Water
|move|p1a: Walking Wake|Hydro Steam|p2a: Tornadus
|-damage|p2a: Tornadus|42/100
|move|p2a: Tornadus|Bleakwind Storm|p1a: Walking Wake
|-end|p1a: Walking Wake|Substitute
|
|-weather|SunnyDay|[upkeep]
|-heal|p1a: Walking Wake|88/100|[from] item: Leftovers
|upkeep
|turn|27
|
|t:|1781531575
|switch|p2a: Walking Wake|Walking Wake|100/100
|-activate|p2a: Walking Wake|ability: Protosynthesis
|-start|p2a: Walking Wake|protosynthesisspa
|move|p1a: Walking Wake|Hydro Steam|p2a: Walking Wake
|-resisted|p2a: Walking Wake
|-damage|p2a: Walking Wake|78/100
|
|-weather|SunnyDay|[upkeep]
|-heal|p1a: Walking Wake|94/100|[from] item: Leftovers
|upkeep
|turn|28
|
|t:|1781531582
|-end|p2a: Walking Wake|Protosynthesis|[silent]
|switch|p2a: Tornadus|Tornadus-Therian, M|76/100
|move|p1a: Walking Wake|Draco Meteor|p2a: Tornadus
|-damage|p2a: Tornadus|29/100
|-unboost|p1a: Walking Wake|spa|2
|
|-weather|SunnyDay|[upkeep]
|-heal|p1a: Walking Wake|99/100|[from] item: Leftovers
|upkeep
|turn|29
|
|t:|1781531588
|-end|p1a: Walking Wake|Protosynthesis|[silent]
|switch|p1a: Heatran|Heatran, F|80/100
|-heal|p1a: Heatran|100/100|[from] move: Healing Wish
|switch|p2a: Walking Wake|Walking Wake|78/100
|-activate|p2a: Walking Wake|ability: Protosynthesis
|-start|p2a: Walking Wake|protosynthesisspa
|
|-weather|SunnyDay|[upkeep]
|upkeep
|turn|30
|
|t:|1781531597
|move|p2a: Walking Wake|Hydro Steam|p1a: Heatran
|-supereffective|p1a: Heatran
|-damage|p1a: Heatran|0 fnt
|faint|p1a: Heatran
|
|-weather|SunnyDay|[upkeep]
|upkeep
|
|t:|1781531599
|switch|p1a: Sawsbuck|Sawsbuck-Summer, M|70/100
|turn|31
|
|t:|1781531603
|move|p1a: Sawsbuck|Double-Edge|p2a: Walking Wake
|-damage|p2a: Walking Wake|0 fnt
|faint|p2a: Walking Wake
|-end|p2a: Walking Wake|Protosynthesis|[silent]
|-damage|p1a: Sawsbuck|42/100|[from] Recoil
|-damage|p1a: Sawsbuck|32/100|[from] item: Life Orb
|
|-weather|none
|upkeep
|
|t:|1781531611
|switch|p2a: Pawmot|Pawmot, M|100/100
|turn|32
|
|t:|1781531617
|move|p2a: Pawmot|Revival Blessing|p2a: Pawmot
|-enditem|p2a: Pawmot|Leppa Berry|[eat]
|-activate|p2a: Pawmot|item: Leppa Berry|Revival Blessing|[consumed]
|
|t:|1781531622
|-heal|p2: Comfey|50/100|[from] move: Revival Blessing
|move|p1a: Sawsbuck|Double-Edge|p2a: Pawmot
|-damage|p2a: Pawmot|5/100
|-damage|p1a: Sawsbuck|0 fnt|[from] Recoil
|faint|p1a: Sawsbuck
|
|upkeep
|
|t:|1781531628
|switch|p1a: Walking Wake|Walking Wake, tera:Water|99/100
|turn|33
|
|t:|1781531633
|move|p1a: Walking Wake|Substitute|p1a: Walking Wake
|-start|p1a: Walking Wake|Substitute
|-damage|p1a: Walking Wake|75/100
|move|p2a: Pawmot|Encore|p1a: Walking Wake
|-start|p1a: Walking Wake|Encore
|
|-heal|p1a: Walking Wake|81/100|[from] item: Leftovers
|upkeep
|turn|34
|
|t:|1781531636
|move|p1a: Walking Wake|Substitute|p1a: Walking Wake
|-fail|p1a: Walking Wake|move: Substitute
|move|p2a: Pawmot|Close Combat|p1a: Walking Wake
|-crit|p1a: Walking Wake
|-end|p1a: Walking Wake|Substitute
|-unboost|p2a: Pawmot|def|1
|-unboost|p2a: Pawmot|spd|1
|
|-heal|p1a: Walking Wake|88/100|[from] item: Leftovers
|upkeep
|turn|35
|
|t:|1781531638
|move|p1a: Walking Wake|Substitute|p1a: Walking Wake
|-start|p1a: Walking Wake|Substitute
|-damage|p1a: Walking Wake|63/100
|move|p2a: Pawmot|Close Combat|p1a: Walking Wake
|-end|p1a: Walking Wake|Substitute
|-unboost|p2a: Pawmot|def|1
|-unboost|p2a: Pawmot|spd|1
|
|-heal|p1a: Walking Wake|69/100|[from] item: Leftovers
|upkeep
|turn|36
|
|t:|1781531640
|move|p1a: Walking Wake|Substitute|p1a: Walking Wake
|-start|p1a: Walking Wake|Substitute
|-damage|p1a: Walking Wake|44/100
|move|p2a: Pawmot|Close Combat|p1a: Walking Wake
|-end|p1a: Walking Wake|Substitute
|-unboost|p2a: Pawmot|def|1
|-unboost|p2a: Pawmot|spd|1
|
|-heal|p1a: Walking Wake|50/100|[from] item: Leftovers
|-end|p1a: Walking Wake|Encore
|upkeep
|turn|37
|
|t:|1781531645
|move|p1a: Walking Wake|Hydro Steam|p2a: Pawmot
|-damage|p2a: Pawmot|0 fnt
|faint|p2a: Pawmot
|
|-heal|p1a: Walking Wake|56/100|[from] item: Leftovers
|upkeep
|
|t:|1781531648
|switch|p2a: Tornadus|Tornadus-Therian, M|62/100
|turn|38
|
|t:|1781531651
|move|p2a: Tornadus|Knock Off|p1a: Walking Wake
|-damage|p1a: Walking Wake|34/100
|-enditem|p1a: Walking Wake|Leftovers|[from] move: Knock Off|[of] p2a: Tornadus
|move|p1a: Walking Wake|Hydro Steam|p2a: Tornadus
|-damage|p2a: Tornadus|25/100
|
|upkeep
|turn|39
|
|t:|1781531659
|move|p2a: Tornadus|Bleakwind Storm|p1a: Walking Wake|[miss]
|-miss|p2a: Tornadus|p1a: Walking Wake
|move|p1a: Walking Wake|Hydro Steam|p2a: Tornadus
|-damage|p2a: Tornadus|0 fnt
|faint|p2a: Tornadus
|
|upkeep
|
|t:|1781531660
|switch|p2a: Comfey|Comfey, M|50/100
|turn|40
|
|t:|1781531663
|move|p2a: Comfey|Draining Kiss|p1a: Walking Wake
|-damage|p1a: Walking Wake|2/100
|-heal|p2a: Comfey|77/100|[from] drain|[of] p1a: Walking Wake
|-damage|p2a: Comfey|67/100|[from] item: Life Orb
|move|p1a: Walking Wake|Hydro Steam|p2a: Comfey
|-damage|p2a: Comfey|7/100
|
|upkeep
|turn|41
|
|t:|1781531670
|move|p2a: Comfey|Draining Kiss|p1a: Walking Wake
|-damage|p1a: Walking Wake|0 fnt
|-heal|p2a: Comfey|8/100|[from] drain|[of] p1a: Walking Wake
|faint|p1a: Walking Wake
|-end|p1a: Walking Wake|Protosynthesis|[silent]
|-damage|p2a: Comfey|0 fnt|[from] item: Life Orb
|faint|p2a: Comfey
|
|win|volc1877
|raw|Pig Perfect's rating: 1528 &rarr; <strong>1512</strong><br />(-16 for losing)
|raw|volc1877's rating: 1594 &rarr; <strong>1610</strong><br />(+16 for winning)
|c|☆Pig Perfect|Gg
|l|☆volc1877
|player|p2|
|l|☆Pig Perfect
|player|p1|
