|j|☆cheesebakon
|j|☆Migstaper
|t:|1780925621
|gametype|singles
|player|p1|cheesebakon|169|1661
|player|p2|Migstaper|ltsurge|1690
|gen|9
|tier|[Gen 9] OU
|rated|
|rule|HP Percentage Mod: HP is shown in percentages
|rule|Endless Battle Clause: Forcing endless battles is banned
|rule|Species Clause: Limit one of each Pokémon
|rule|OHKO Clause: OHKO moves are banned
|rule|Evasion Items Clause: Evasion items are banned
|rule|Evasion Moves Clause: Evasion moves are banned
|rule|Evasion Abilities Clause: Evasion abilities are banned
|rule|Sleep Moves Clause: Sleep-inducing moves are banned
|clearpoke
|poke|p1|Ogerpon-Cornerstone, F|
|poke|p1|Kingambit, M|
|poke|p1|Dragonite, M|
|poke|p1|Iron Valiant|
|poke|p1|Iron Treads|
|poke|p1|Tornadus-Therian, M|
|poke|p2|Darkrai|
|poke|p2|Enamorus, F|
|poke|p2|Dragapult, M|
|poke|p2|Dragonite, M|
|poke|p2|Great Tusk|
|poke|p2|Kingambit, M|
|teampreview
|inactive|Battle timer is ON: inactive players will automatically lose when time's up. (requested by cheesebakon)
|
|t:|1780925639
|teamsize|p1|6
|teamsize|p2|6
|start
|switch|p1a: Tornadus|Tornadus-Therian, M|100/100
|switch|p2a: Read the Bible|Enamorus, F, shiny|100/100
|turn|1
|
|t:|1780925647
|move|p1a: Tornadus|Knock Off|p2a: Read the Bible
|-resisted|p2a: Read the Bible
|-damage|p2a: Read the Bible|84/100
|-enditem|p2a: Read the Bible|Life Orb|[from] move: Knock Off|[of] p1a: Tornadus
|move|p2a: Read the Bible|Moonblast|p1a: Tornadus
|-damage|p1a: Tornadus|44/100
|
|upkeep
|turn|2
|
|t:|1780925666
|move|p1a: Tornadus|U-turn|p2a: Read the Bible
|-resisted|p2a: Read the Bible
|-damage|p2a: Read the Bible|78/100
|
|t:|1780925682
|switch|p1a: Ogerpon|Ogerpon-Cornerstone, F|100/100|[from] U-turn
|move|p2a: Read the Bible|Mystical Fire|p1a: Ogerpon
|-damage|p1a: Ogerpon|67/100
|-unboost|p1a: Ogerpon|spa|1
|
|upkeep
|turn|3
|
|t:|1780925693
|switch|p2a: No condemnation|Kingambit, M, shiny|100/100
|move|p1a: Ogerpon|Ivy Cudgel|p2a: No condemnation|[anim] Ivy Cudgel Rock
|-resisted|p2a: No condemnation
|-damage|p2a: No condemnation|79/100
|
|upkeep
|turn|4
|
|t:|1780925704
|-end|p2a: No condemnation|fallenundefined|[silent]
|switch|p2a: Read Psalm 30|Dragapult, M, shiny|100/100
|move|p1a: Ogerpon|Low Kick|p2a: Read Psalm 30
|-immune|p2a: Read Psalm 30
|
|upkeep
|turn|5
|inactive|Migstaper has 120 seconds left.
|
|t:|1780925736
|switch|p1a: Tornadus|Tornadus-Therian, M|77/100
|move|p2a: Read Psalm 30|Flamethrower|p1a: Tornadus
|-damage|p1a: Tornadus|54/100
|-damage|p2a: Read Psalm 30|91/100|[from] item: Life Orb
|
|upkeep
|turn|6
|
|t:|1780925744
|move|p2a: Read Psalm 30|Dragon Darts|p1a: Tornadus
|-damage|p1a: Tornadus|13/100
|-anim|p2a: Read Psalm 30|Dragon Darts|p1a: Tornadus
|-damage|p1a: Tornadus|0 fnt
|faint|p1a: Tornadus
|-damage|p2a: Read Psalm 30|81/100|[from] item: Life Orb
|
|upkeep
|inactive|cheesebakon has 120 seconds left.
|
|t:|1780925788
|switch|p1a: Iron Valiant|Iron Valiant|100/100
|turn|7
|
|t:|1780925800
|switch|p2a: No condemnation|Kingambit, M, shiny|79/100
|move|p1a: Iron Valiant|Moonblast|p2a: No condemnation
|-damage|p2a: No condemnation|34/100
|
|upkeep
|turn|8
|
|t:|1780925814
|move|p2a: No condemnation|Sucker Punch|p1a: Iron Valiant
|-resisted|p1a: Iron Valiant
|-damage|p1a: Iron Valiant|87/100
|move|p1a: Iron Valiant|Moonblast|p2a: No condemnation
|-damage|p2a: No condemnation|0 fnt
|faint|p2a: No condemnation
|-end|p2a: No condemnation|fallenundefined|[silent]
|
|upkeep
|inactive|Migstaper has 120 seconds left.
|
|t:|1780925851
|switch|p2a: Old Testament|Darkrai, shiny|100/100
|turn|9
|
|t:|1780925861
|-end|p1a: Iron Valiant|Quark Drive|[silent]
|switch|p1a: Iron Treads|Iron Treads|100/100
|move|p2a: Old Testament|Sludge Bomb|p1a: Iron Treads
|-immune|p1a: Iron Treads
|
|upkeep
|turn|10
|inactive|cheesebakon has 120 seconds left.
|
|t:|1780925903
|switch|p2a: Paul|Dragonite, M, shiny|100/100
|move|p1a: Iron Treads|Stealth Rock|p2a: Paul
|-sidestart|p2: Migstaper|move: Stealth Rock
|
|upkeep
|turn|11
|inactive|Migstaper has 120 seconds left.
|
|t:|1780925923
|-terastallize|p2a: Paul|Ground
|move|p1a: Iron Treads|Ice Spinner|p2a: Paul
|-supereffective|p2a: Paul
|-damage|p2a: Paul|74/100
|move|p2a: Paul|Dragon Dance|p2a: Paul
|-boost|p2a: Paul|atk|1
|-boost|p2a: Paul|spe|1
|
|upkeep
|turn|12
|inactive|cheesebakon has 120 seconds left.
|
|t:|1780925936
|move|p2a: Paul|Earthquake|p1a: Iron Treads
|-supereffective|p1a: Iron Treads
|-damage|p1a: Iron Treads|0 fnt
|faint|p1a: Iron Treads
|-end|p1a: Iron Treads|Quark Drive|[silent]
|
|upkeep
|
|t:|1780925945
|switch|p1a: Dragonite|Dragonite, M|100/100
|turn|13
|
|t:|1780925948
|move|p2a: Paul|Outrage|p1a: Dragonite
|-supereffective|p1a: Dragonite
|-damage|p1a: Dragonite|0 fnt
|faint|p1a: Dragonite
|
|upkeep
|
|t:|1780925955
|switch|p1a: Iron Valiant|Iron Valiant|87/100
|turn|14
|
|t:|1780925961
|move|p2a: Paul|Outrage|p1a: Iron Valiant|[from] lockedmove
|-immune|p1a: Iron Valiant
|move|p1a: Iron Valiant|Moonblast|p2a: Paul
|-damage|p2a: Paul|0 fnt
|faint|p2a: Paul
|
|upkeep
|
|t:|1780925973
|switch|p2a: Old Testament|Darkrai, shiny|100/100
|-damage|p2a: Old Testament|88/100|[from] Stealth Rock
|turn|15
|
|t:|1780925979
|-end|p1a: Iron Valiant|Quark Drive|[silent]
|switch|p1a: Ogerpon|Ogerpon-Cornerstone, F|67/100
|move|p2a: Old Testament|Focus Blast|p1a: Ogerpon
|-supereffective|p1a: Ogerpon
|-damage|p1a: Ogerpon|0 fnt
|faint|p1a: Ogerpon
|
|upkeep
|j| Agathina
|
|t:|1780925989
|switch|p1a: Iron Valiant|Iron Valiant|87/100
|turn|16
|j| starmiez55
|
|t:|1780926003
|switch|p2a: Read the Bible|Enamorus, F, shiny|78/100
|-damage|p2a: Read the Bible|53/100|[from] Stealth Rock
|move|p1a: Iron Valiant|Moonblast|p2a: Read the Bible
|-damage|p2a: Read the Bible|0 fnt
|faint|p2a: Read the Bible
|
|upkeep
|
|t:|1780926017
|switch|p2a: Old Testament|Darkrai, shiny|88/100
|-damage|p2a: Old Testament|76/100|[from] Stealth Rock
|turn|17
|
|t:|1780926022
|-terastallize|p1a: Iron Valiant|Ghost
|move|p2a: Old Testament|Sludge Bomb|p1a: Iron Valiant
|-resisted|p1a: Iron Valiant
|-damage|p1a: Iron Valiant|57/100
|move|p1a: Iron Valiant|Moonblast|p2a: Old Testament
|-supereffective|p2a: Old Testament
|-damage|p2a: Old Testament|0 fnt
|faint|p2a: Old Testament
|
|upkeep
|
|t:|1780926031
|switch|p2a: Read Psalm 30|Dragapult, M, shiny|81/100
|-damage|p2a: Read Psalm 30|69/100|[from] Stealth Rock
|turn|18
|
|t:|1780926036
|-end|p1a: Iron Valiant|Quark Drive|[silent]
|switch|p1a: Kingambit|Kingambit, M|100/100
|-activate|p1a: Kingambit|ability: Supreme Overlord
|-start|p1a: Kingambit|fallen4|[silent]
|-item|p1a: Kingambit|Air Balloon
|move|p2a: Read Psalm 30|Phantom Force||[still]
|-prepare|p2a: Read Psalm 30|Phantom Force
|
|upkeep
|turn|19
|j| michealjackkson
|
|t:|1780926044
|move|p2a: Read Psalm 30|Phantom Force|p1a: Kingambit|[from] lockedmove
|-resisted|p1a: Kingambit
|-damage|p1a: Kingambit|74/100
|-enditem|p1a: Kingambit|Air Balloon
|-damage|p2a: Read Psalm 30|59/100|[from] item: Life Orb
|move|p1a: Kingambit|Kowtow Cleave|p2a: Read Psalm 30
|-supereffective|p2a: Read Psalm 30
|-crit|p2a: Read Psalm 30
|-damage|p2a: Read Psalm 30|0 fnt
|faint|p2a: Read Psalm 30
|
|upkeep
|
|t:|1780926055
|switch|p2a: ROMANS 10:9|Great Tusk, shiny|100/100
|-damage|p2a: ROMANS 10:9|98/100|[from] Stealth Rock
|-enditem|p2a: ROMANS 10:9|Booster Energy
|-activate|p2a: ROMANS 10:9|ability: Protosynthesis|[fromitem]
|-start|p2a: ROMANS 10:9|protosynthesisatk
|turn|20
|inactive|Migstaper has 120 seconds left.
|
|t:|1780926099
|-end|p1a: Kingambit|fallen4|[silent]
|switch|p1a: Iron Valiant|Iron Valiant, tera:Ghost|57/100
|move|p2a: ROMANS 10:9|Rapid Spin|p1a: Iron Valiant
|-immune|p1a: Iron Valiant
|
|upkeep
|turn|21
|
|t:|1780926108
|move|p1a: Iron Valiant|Moonblast|p2a: ROMANS 10:9
|-supereffective|p2a: ROMANS 10:9
|-damage|p2a: ROMANS 10:9|0 fnt
|faint|p2a: ROMANS 10:9
|-end|p2a: ROMANS 10:9|Protosynthesis|[silent]
|
|win|cheesebakon
|raw|cheesebakon's rating: 1661 &rarr; <strong>1683</strong><br />(+22 for winning)
|raw|Migstaper's rating: 1690 &rarr; <strong>1668</strong><br />(-22 for losing)
|c|☆cheesebakon|G
|c|☆cheesebakon|G
|l| starmiez55
|l|☆Migstaper
|player|p2|
|l|☆cheesebakon
|player|p1|
|l| michealjackkson
|l| Agathina
