|j|☆ChillLanturnYT
|j|☆zwardo2000
|t:|1781130028
|gametype|singles
|player|p1|ChillLanturnYT|palmer|1503
|player|p2|zwardo2000|giovanni|1526
|gen|9
|tier|[Gen 9] OU
|rated|
|rule|HP Percentage Mod: HP is shown in percentages
|rule|Endless Battle Clause: Forcing endless battles is banned
|rule|Species Clause: Limit one of each Pokémon
|rule|OHKO Clause: OHKO moves are banned
|rule|Evasion Items Clause: Evasion items are banned
|rule|Evasion Moves Clause: Evasion moves are banned
|rule|Evasion Abilities Clause: Evasion abilities are banned
|rule|Sleep Moves Clause: Sleep-inducing moves are banned
|clearpoke
|poke|p1|Magnezone|
|poke|p1|Rillaboom, F|
|poke|p1|Primarina, M|
|poke|p1|Bronzong|
|poke|p1|Hoopa-Unbound|
|poke|p1|Great Tusk|
|poke|p2|Kyurem|
|poke|p2|Hatterene, F|
|poke|p2|Darkrai|
|poke|p2|Great Tusk|
|poke|p2|Dragonite, F|
|poke|p2|Gholdengo|
|teampreview
|inactive|Battle timer is ON: inactive players will automatically lose when time's up. (requested by ChillLanturnYT)
|
|t:|1781130037
|teamsize|p1|6
|teamsize|p2|6
|start
|switch|p1a: Rillaboom|Rillaboom, F|100/100
|switch|p2a: Darkrai|Darkrai|100/100
|-fieldstart|move: Grassy Terrain|[from] ability: Grassy Surge|[of] p1a: Rillaboom
|turn|1
|
|t:|1781130044
|switch|p1a: Magnezone|Magnezone|100/100
|move|p2a: Darkrai|Will-O-Wisp|p1a: Magnezone
|-status|p1a: Magnezone|brn
|
|-damage|p1a: Magnezone|94/100 brn|[from] brn
|upkeep
|turn|2
|
|t:|1781130053
|switch|p2a: Great Tusk|Great Tusk|100/100
|move|p1a: Magnezone|Flash Cannon|p2a: Great Tusk
|-damage|p2a: Great Tusk|42/100
|
|-heal|p2a: Great Tusk|48/100|[from] Grassy Terrain
|-heal|p2a: Great Tusk|54/100|[from] item: Leftovers
|-heal|p1a: Magnezone|100/100 brn|[from] Grassy Terrain
|-damage|p1a: Magnezone|94/100 brn|[from] brn
|upkeep
|turn|3
|
|t:|1781130060
|switch|p1a: Rillaboom|Rillaboom, F|100/100
|move|p2a: Great Tusk|Stealth Rock|p1a: Rillaboom
|-sidestart|p1: ChillLanturnYT|move: Stealth Rock
|
|-heal|p2a: Great Tusk|60/100|[from] Grassy Terrain
|-heal|p2a: Great Tusk|66/100|[from] item: Leftovers
|upkeep
|turn|4
|
|t:|1781130072
|-end|p2a: Great Tusk|Protosynthesis|[silent]
|switch|p2a: Gholdengo|Gholdengo|100/100
|move|p1a: Rillaboom|Wood Hammer|p2a: Gholdengo
|-resisted|p2a: Gholdengo
|-damage|p2a: Gholdengo|42/100
|-damage|p1a: Rillaboom|81/100|[from] Recoil
|
|-heal|p1a: Rillaboom|87/100|[from] Grassy Terrain
|-heal|p2a: Gholdengo|48/100|[from] Grassy Terrain
|upkeep
|turn|5
|
|t:|1781130080
|move|p1a: Rillaboom|Wood Hammer|p2a: Gholdengo
|-resisted|p2a: Gholdengo
|-damage|p2a: Gholdengo|0 fnt
|faint|p2a: Gholdengo
|-damage|p1a: Rillaboom|71/100|[from] Recoil
|
|-heal|p1a: Rillaboom|77/100|[from] Grassy Terrain
|-fieldend|move: Grassy Terrain
|upkeep
|
|t:|1781130083
|switch|p2a: Darkrai|Darkrai|100/100
|turn|6
|
|t:|1781130087
|switch|p1a: Magnezone|Magnezone|94/100 brn
|-damage|p1a: Magnezone|88/100 brn|[from] Stealth Rock
|move|p2a: Darkrai|Trick|p1a: Magnezone
|-activate|p2a: Darkrai|move: Trick|[of] p1a: Magnezone
|-item|p1a: Magnezone|Choice Scarf|[from] move: Trick
|-item|p2a: Darkrai|Leftovers|[from] move: Trick
|
|-damage|p1a: Magnezone|82/100 brn|[from] brn
|upkeep
|turn|7
|
|t:|1781130101
|move|p2a: Darkrai|Dark Pulse|p1a: Magnezone
|-damage|p1a: Magnezone|35/100 brn
|move|p1a: Magnezone|Flash Cannon|p2a: Darkrai
|-damage|p2a: Darkrai|40/100
|
|-heal|p2a: Darkrai|46/100|[from] item: Leftovers
|-damage|p1a: Magnezone|28/100 brn|[from] brn
|upkeep
|turn|8
|
|t:|1781130124
|switch|p1a: Primarina|Primarina, M|100/100
|-damage|p1a: Primarina|88/100|[from] Stealth Rock
|move|p2a: Darkrai|Dark Pulse|p1a: Primarina
|-resisted|p1a: Primarina
|-damage|p1a: Primarina|71/100
|
|-heal|p2a: Darkrai|52/100|[from] item: Leftovers
|-heal|p1a: Primarina|77/100|[from] item: Leftovers
|upkeep
|turn|9
|
|t:|1781130129
|switch|p2a: Hatterene|Hatterene, F|100/100
|move|p1a: Primarina|Draining Kiss|p2a: Hatterene
|-damage|p2a: Hatterene|77/100
|-heal|p1a: Primarina|93/100|[from] drain|[of] p2a: Hatterene
|-damage|p1a: Primarina|76/100|[from] item: Rocky Helmet|[of] p2a: Hatterene
|
|-heal|p1a: Primarina|82/100|[from] item: Leftovers
|upkeep
|turn|10
|
|t:|1781130135
|move|p1a: Primarina|Calm Mind|p1a: Primarina
|-boost|p1a: Primarina|spa|1
|-boost|p1a: Primarina|spd|1
|move|p2a: Hatterene|Psychic Noise|p1a: Primarina
|-damage|p1a: Primarina|67/100
|-start|p1a: Primarina|move: Heal Block
|
|upkeep
|turn|11
|
|t:|1781130138
|move|p1a: Primarina|Substitute|p1a: Primarina
|-start|p1a: Primarina|Substitute
|-damage|p1a: Primarina|42/100
|move|p2a: Hatterene|Nuzzle|p1a: Primarina
|-supereffective|p1a: Primarina
|-activate|p1a: Primarina|move: Substitute|[damage]
|
|-end|p1a: Primarina|move: Heal Block
|upkeep
|turn|12
|
|t:|1781130150
|move|p1a: Primarina|Draining Kiss|p2a: Hatterene
|-damage|p2a: Hatterene|46/100
|-heal|p1a: Primarina|62/100|[from] drain|[of] p2a: Hatterene
|-damage|p1a: Primarina|46/100|[from] item: Rocky Helmet|[of] p2a: Hatterene
|move|p2a: Hatterene|Psychic Noise|p1a: Primarina
|-damage|p1a: Primarina|30/100
|-start|p1a: Primarina|move: Heal Block
|
|upkeep
|turn|13
|
|t:|1781130155
|move|p1a: Primarina|Surf|p2a: Hatterene
|-damage|p2a: Hatterene|0 fnt
|faint|p2a: Hatterene
|
|-end|p1a: Primarina|move: Heal Block
|upkeep
|
|t:|1781130160
|switch|p2a: Kyurem|Kyurem|100/100
|-ability|p2a: Kyurem|Pressure
|turn|14
|
|t:|1781130163
|-terastallize|p2a: Kyurem|Poison
|move|p2a: Kyurem|Freeze-Dry|p1a: Primarina
|-supereffective|p1a: Primarina
|-end|p1a: Primarina|Substitute
|move|p1a: Primarina|Surf|p2a: Kyurem
|-damage|p2a: Kyurem|47/100
|
|-heal|p1a: Primarina|36/100|[from] item: Leftovers
|upkeep
|turn|15
|
|t:|1781130174
|switch|p1a: Bronzong|Bronzong|100/100
|-damage|p1a: Bronzong|94/100|[from] Stealth Rock
|move|p2a: Kyurem|Freeze-Dry|p1a: Bronzong
|-resisted|p1a: Bronzong
|-damage|p1a: Bronzong|83/100
|-status|p1a: Bronzong|frz
|
|-heal|p1a: Bronzong|89/100 frz|[from] item: Leftovers
|upkeep
|turn|16
|
|t:|1781130184
|switch|p2a: Darkrai|Darkrai|52/100
|switch|p1a: Rillaboom|Rillaboom, F|77/100
|-damage|p1a: Rillaboom|65/100|[from] Stealth Rock
|-fieldstart|move: Grassy Terrain|[from] ability: Grassy Surge|[of] p1a: Rillaboom
|
|-heal|p2a: Darkrai|59/100|[from] Grassy Terrain
|-heal|p2a: Darkrai|65/100|[from] item: Leftovers
|-heal|p1a: Rillaboom|71/100|[from] Grassy Terrain
|upkeep
|turn|17
|
|t:|1781130187
|move|p1a: Rillaboom|Grassy Glide|p2a: Darkrai
|-damage|p2a: Darkrai|0 fnt
|faint|p2a: Darkrai
|
|-heal|p1a: Rillaboom|77/100|[from] Grassy Terrain
|upkeep
|
|t:|1781130193
|switch|p2a: Kyurem|Kyurem, tera:Poison|47/100
|-ability|p2a: Kyurem|Pressure
|turn|18
|
|t:|1781130198
|switch|p1a: Bronzong|Bronzong|89/100 frz
|-damage|p1a: Bronzong|83/100 frz|[from] Stealth Rock
|move|p2a: Kyurem|Freeze-Dry|p1a: Bronzong
|-resisted|p1a: Bronzong
|-damage|p1a: Bronzong|71/100 frz
|
|-heal|p2a: Kyurem|53/100|[from] Grassy Terrain
|-heal|p1a: Bronzong|77/100 frz|[from] item: Leftovers
|upkeep
|turn|19
|
|t:|1781130202
|move|p2a: Kyurem|Earth Power|p1a: Bronzong
|-immune|p1a: Bronzong|[from] ability: Levitate
|-curestatus|p1a: Bronzong|frz|[msg]
|move|p1a: Bronzong|Iron Head|p2a: Kyurem
|-damage|p2a: Kyurem|34/100
|
|-heal|p2a: Kyurem|40/100|[from] Grassy Terrain
|-heal|p1a: Bronzong|84/100|[from] item: Leftovers
|upkeep
|turn|20
|
|t:|1781130224
|switch|p2a: Great Tusk|Great Tusk|66/100
|move|p1a: Bronzong|Psychic Noise|p2a: Great Tusk
|-supereffective|p2a: Great Tusk
|-crit|p2a: Great Tusk
|-damage|p2a: Great Tusk|0 fnt
|faint|p2a: Great Tusk
|-end|p2a: Great Tusk|Protosynthesis|[silent]
|
|-heal|p1a: Bronzong|90/100|[from] item: Leftovers
|-fieldend|move: Grassy Terrain
|upkeep
|
|t:|1781130226
|switch|p2a: Dragonite|Dragonite, F|100/100
|turn|21
|
|t:|1781130254
|switch|p1a: Great Tusk|Great Tusk|100/100
|move|p2a: Dragonite|Dragon Dance|p2a: Dragonite
|-boost|p2a: Dragonite|atk|1
|-boost|p2a: Dragonite|spe|1
|
|upkeep
|turn|22
|
|t:|1781130258
|move|p2a: Dragonite|Dragon Dance|p2a: Dragonite
|-boost|p2a: Dragonite|atk|1
|-boost|p2a: Dragonite|spe|1
|move|p1a: Great Tusk|Rapid Spin|p2a: Dragonite
|-damage|p2a: Dragonite|92/100
|-boost|p1a: Great Tusk|spe|1
|-sideend|p1: ChillLanturnYT|Stealth Rock|[from] move: Rapid Spin|[of] p1a: Great Tusk
|
|upkeep
|turn|23
|
|t:|1781130271
|move|p2a: Dragonite|Earthquake|p1a: Great Tusk
|-damage|p1a: Great Tusk|48/100
|move|p1a: Great Tusk|Ice Spinner|p2a: Dragonite
|-supereffective|p2a: Dragonite
|-damage|p2a: Dragonite|0 fnt
|faint|p2a: Dragonite
|
|upkeep
|-message|zwardo2000 forfeited.
|
|win|ChillLanturnYT
|raw|ChillLanturnYT's rating: 1503 &rarr; <strong>1524</strong><br />(+21 for winning)
|raw|zwardo2000's rating: 1526 &rarr; <strong>1505</strong><br />(-21 for losing)
|l|☆zwardo2000
|player|p2|
|l|☆ChillLanturnYT
|player|p1|
