|j|☆huilaoshi1111
|j|☆sylvr7070
|t:|1781182862
|gametype|singles
|player|p1|huilaoshi1111|266|1599
|player|p2|sylvr7070|fairytalegirl|1566
|gen|9
|tier|[Gen 9] OU
|rated|
|rule|HP Percentage Mod: HP is shown in percentages
|rule|Endless Battle Clause: Forcing endless battles is banned
|rule|Species Clause: Limit one of each Pokémon
|rule|OHKO Clause: OHKO moves are banned
|rule|Evasion Items Clause: Evasion items are banned
|rule|Evasion Moves Clause: Evasion moves are banned
|rule|Evasion Abilities Clause: Evasion abilities are banned
|rule|Sleep Moves Clause: Sleep-inducing moves are banned
|clearpoke
|poke|p1|Mienshao, F|
|poke|p1|Blissey, F|
|poke|p1|Slowbro, F|
|poke|p1|Krookodile, F|
|poke|p1|Talonflame, F|
|poke|p1|Zoroark-Hisui, F|
|poke|p2|Samurott-Hisui, M|
|poke|p2|Zamazenta-*|
|poke|p2|Great Tusk|
|poke|p2|Pecharunt|
|poke|p2|Iron Valiant|
|poke|p2|Dragonite, M|
|teampreview
|inactive|Battle timer is ON: inactive players will automatically lose when time's up. (requested by sylvr7070)
|
|t:|1781182874
|teamsize|p1|6
|teamsize|p2|6
|start
|switch|p1a: Mienshao|Mienshao, F|100/100
|switch|p2a: leadshite|Samurott-Hisui, M, shiny|100/100
|turn|1
|
|t:|1781182881
|switch|p2a: hateberry|Pecharunt|100/100
|-item|p2a: hateberry|Air Balloon
|move|p1a: Mienshao|Close Combat|p2a: hateberry
|-immune|p2a: hateberry
|
|upkeep
|turn|2
|
|t:|1781182889
|switch|p1a: Blissey|Blissey, F|100/100
|move|p2a: hateberry|Toxic|p1a: Blissey
|-status|p1a: Blissey|tox
|-start|p1a: Blissey|confusion|[from] ability: Poison Puppeteer|[of] p2a: hateberry
|
|-damage|p1a: Blissey|95/100 tox|[from] psn
|upkeep
|turn|3
|
|t:|1781182896
|-activate|p1a: Blissey|confusion
|-damage|p1a: Blissey|81/100 tox|[from] confusion
|move|p2a: hateberry|Parting Shot|p1a: Blissey
|-unboost|p1a: Blissey|atk|1
|-unboost|p1a: Blissey|spa|1
|
|t:|1781182901
|switch|p2a: leadshite|Samurott-Hisui, M, shiny|100/100|[from] Parting Shot
|
|-damage|p1a: Blissey|69/100 tox|[from] psn
|upkeep
|turn|4
|
|t:|1781182906
|switch|p1a: Mienshao|Mienshao, F|100/100
|move|p2a: leadshite|Ceaseless Edge|p1a: Mienshao
|-resisted|p1a: Mienshao
|-damage|p1a: Mienshao|62/100
|-sidestart|p1: huilaoshi1111|Spikes
|
|upkeep
|turn|5
|
|t:|1781182911
|switch|p2a: hateberry|Pecharunt|100/100
|-item|p2a: hateberry|Air Balloon
|move|p1a: Mienshao|U-turn|p2a: hateberry
|-resisted|p2a: hateberry
|-damage|p2a: hateberry|97/100
|-enditem|p2a: hateberry|Air Balloon
|
|t:|1781182920
|switch|p1a: Krookodile|Krookodile, F|100/100|[from] U-turn
|-damage|p1a: Krookodile|88/100|[from] Spikes
|-ability|p1a: Krookodile|Intimidate|boost
|-unboost|p2a: hateberry|atk|1
|
|upkeep
|turn|6
|
|t:|1781182925
|move|p1a: Krookodile|Knock Off|p2a: hateberry
|-supereffective|p2a: hateberry
|-damage|p2a: hateberry|45/100
|move|p2a: hateberry|Toxic|p1a: Krookodile
|-status|p1a: Krookodile|tox
|-start|p1a: Krookodile|confusion|[from] ability: Poison Puppeteer|[of] p2a: hateberry
|
|-damage|p1a: Krookodile|82/100 tox|[from] psn
|upkeep
|turn|7
|
|t:|1781182929
|switch|p2a: dory go nighty|Dragonite, M|100/100
|-activate|p1a: Krookodile|confusion
|move|p1a: Krookodile|Knock Off|p2a: dory go nighty
|-damage|p2a: dory go nighty|54/100
|-enditem|p2a: dory go nighty|Loaded Dice|[from] move: Knock Off|[of] p1a: Krookodile
|
|-damage|p1a: Krookodile|70/100 tox|[from] psn
|upkeep
|turn|8
|
|t:|1781182937
|move|p2a: dory go nighty|Dragon Dance|p2a: dory go nighty
|-boost|p2a: dory go nighty|atk|1
|-boost|p2a: dory go nighty|spe|1
|-activate|p1a: Krookodile|confusion
|-damage|p1a: Krookodile|53/100 tox|[from] confusion
|
|-damage|p1a: Krookodile|35/100 tox|[from] psn
|upkeep
|turn|9
|
|t:|1781182948
|move|p2a: dory go nighty|Scale Shot|p1a: Krookodile
|-damage|p1a: Krookodile|11/100 tox
|-damage|p1a: Krookodile|0 fnt
|faint|p1a: Krookodile
|-hitcount|p1: Krookodile|2
|-unboost|p2a: dory go nighty|def|1
|-boost|p2a: dory go nighty|spe|1
|
|upkeep
|
|t:|1781182955
|switch|p1a: Slowbro|Slowbro, F|100/100
|-damage|p1a: Slowbro|88/100|[from] Spikes
|turn|10
|
|t:|1781182958
|switch|p2a: leadshite|Samurott-Hisui, M, shiny|100/100
|move|p1a: Slowbro|Scald|p2a: leadshite
|-resisted|p2a: leadshite
|-crit|p2a: leadshite
|-damage|p2a: leadshite|87/100
|
|upkeep
|turn|11
|
|t:|1781182964
|move|p2a: leadshite|Ceaseless Edge|p1a: Slowbro
|-supereffective|p1a: Slowbro
|-enditem|p1a: Slowbro|Colbur Berry|[eat]
|-enditem|p1a: Slowbro|Colbur Berry|[weaken]
|-damage|p1a: Slowbro|63/100
|-sidestart|p1: huilaoshi1111|Spikes
|move|p1a: Slowbro|Body Press|p2a: leadshite
|-supereffective|p2a: leadshite
|-damage|p2a: leadshite|33/100
|
|upkeep
|turn|12
|
|t:|1781182973
|switch|p1a: Mienshao|Mienshao, F|95/100
|-damage|p1a: Mienshao|79/100|[from] Spikes
|move|p2a: leadshite|Ceaseless Edge|p1a: Mienshao
|-resisted|p1a: Mienshao
|-damage|p1a: Mienshao|39/100
|-sidestart|p1: huilaoshi1111|Spikes
|
|upkeep
|turn|13
|
|t:|1781182979
|switch|p2a: hateberry|Pecharunt|45/100
|move|p1a: Mienshao|U-turn|p2a: hateberry
|-resisted|p2a: hateberry
|-damage|p2a: hateberry|42/100
|
|t:|1781182982
|switch|p1a: Blissey|Blissey, F|69/100 tox|[from] U-turn
|-damage|p1a: Blissey|44/100 tox|[from] Spikes
|
|-damage|p1a: Blissey|38/100 tox|[from] psn
|upkeep
|turn|14
|
|t:|1781182985
|move|p1a: Blissey|Bitter Malice|p2a: hateberry
|-supereffective|p2a: hateberry
|-damage|p2a: hateberry|0 fnt
|faint|p2a: hateberry
|
|-damage|p1a: Blissey|26/100 tox|[from] psn
|upkeep
|
|t:|1781182995
|switch|p2a: leadshite|Samurott-Hisui, M, shiny|33/100
|turn|15
|
|t:|1781183001
|move|p2a: leadshite|Sucker Punch|p1a: Blissey
|-supereffective|p1a: Blissey
|-damage|p1a: Blissey|0 fnt
|replace|p1a: Zoroark|Zoroark-Hisui, F
|-end|p1a: Zoroark|Illusion
|faint|p1a: Zoroark
|
|upkeep
|
|t:|1781183003
|switch|p1a: Mienshao|Mienshao, F|72/100
|-damage|p1a: Mienshao|47/100|[from] Spikes
|turn|16
|
|t:|1781183008
|switch|p2a: dory go nighty|Dragonite, M|54/100
|move|p1a: Mienshao|U-turn|p2a: dory go nighty
|-resisted|p2a: dory go nighty
|-damage|p2a: dory go nighty|41/100
|
|t:|1781183014
|switch|p1a: Talonflame|Talonflame, F|100/100|[from] U-turn
|
|upkeep
|turn|17
|
|t:|1781183017
|move|p1a: Talonflame|Defog|p2a: dory go nighty
|-unboost|p2a: dory go nighty|evasion|1
|-sideend|p1: huilaoshi1111|Spikes|[from] move: Defog|[of] p1a: Talonflame
|move|p2a: dory go nighty|Scale Shot|p1a: Talonflame|[miss]
|-miss|p2a: dory go nighty|p1a: Talonflame
|
|upkeep
|turn|18
|
|t:|1781183024
|move|p1a: Talonflame|U-turn|p2a: dory go nighty
|-resisted|p2a: dory go nighty
|-damage|p2a: dory go nighty|34/100
|
|t:|1781183027
|switch|p1a: Slowbro|Slowbro, F|96/100|[from] U-turn
|move|p2a: dory go nighty|Scale Shot|p1a: Slowbro
|-damage|p1a: Slowbro|87/100
|-damage|p1a: Slowbro|78/100
|-hitcount|p1a: Slowbro|2
|-unboost|p2a: dory go nighty|def|1
|-boost|p2a: dory go nighty|spe|1
|
|upkeep
|turn|19
|
|t:|1781183032
|move|p2a: dory go nighty|Scale Shot|p1a: Slowbro
|-damage|p1a: Slowbro|70/100
|-damage|p1a: Slowbro|60/100
|-hitcount|p1a: Slowbro|2
|-unboost|p2a: dory go nighty|def|1
|-boost|p2a: dory go nighty|spe|1
|move|p1a: Slowbro|Scald|p2a: dory go nighty
|-resisted|p2a: dory go nighty
|-damage|p2a: dory go nighty|21/100
|-status|p2a: dory go nighty|brn
|
|-damage|p2a: dory go nighty|15/100 brn|[from] brn
|upkeep
|turn|20
|
|t:|1781183044
|move|p2a: dory go nighty|Scale Shot|p1a: Slowbro
|-damage|p1a: Slowbro|56/100
|-damage|p1a: Slowbro|52/100
|-damage|p1a: Slowbro|48/100
|-hitcount|p1a: Slowbro|3
|-unboost|p2a: dory go nighty|def|1
|-boost|p2a: dory go nighty|spe|1
|move|p1a: Slowbro|Slack Off|p1a: Slowbro
|-heal|p1a: Slowbro|98/100
|
|-damage|p2a: dory go nighty|9/100 brn|[from] brn
|upkeep
|turn|21
|
|t:|1781183048
|move|p2a: dory go nighty|Encore|p1a: Slowbro
|-start|p1a: Slowbro|Encore
|move|p1a: Slowbro|Slack Off|p1a: Slowbro
|-heal|p1a: Slowbro|100/100
|
|-damage|p2a: dory go nighty|2/100 brn|[from] brn
|upkeep
|turn|22
|
|t:|1781183054
|switch|p2a: leadshite|Samurott-Hisui, M, shiny|33/100
|switch|p1a: Mienshao|Mienshao, F|80/100
|
|upkeep
|turn|23
|
|t:|1781183058
|-terastallize|p2a: leadshite|Poison
|move|p1a: Mienshao|U-turn|p2a: leadshite
|-resisted|p2a: leadshite
|-damage|p2a: leadshite|19/100
|
|t:|1781183064
|switch|p1a: Talonflame|Talonflame, F|100/100|[from] U-turn
|move|p2a: leadshite|Razor Shell|p1a: Talonflame
|-supereffective|p1a: Talonflame
|-damage|p1a: Talonflame|2/100
|
|upkeep
|turn|24
|
|t:|1781183074
|move|p2a: leadshite|Sucker Punch|p1a: Talonflame
|-damage|p1a: Talonflame|0 fnt
|faint|p1a: Talonflame
|
|upkeep
|
|t:|1781183077
|switch|p1a: Mienshao|Mienshao, F|100/100
|turn|25
|
|t:|1781183082
|move|p2a: leadshite|Sucker Punch|p1a: Mienshao
|-resisted|p1a: Mienshao
|-damage|p1a: Mienshao|72/100
|move|p1a: Mienshao|Close Combat|p2a: leadshite
|-resisted|p2a: leadshite
|-damage|p2a: leadshite|0 fnt
|-unboost|p1a: Mienshao|def|1
|-unboost|p1a: Mienshao|spd|1
|faint|p2a: leadshite
|
|upkeep
|
|t:|1781183099
|switch|p2a: Great Tusk|Great Tusk|100/100
|turn|26
|
|t:|1781183103
|switch|p1a: Slowbro|Slowbro, F|100/100
|move|p2a: Great Tusk|Headlong Rush|p1a: Slowbro
|-damage|p1a: Slowbro|62/100
|-unboost|p2a: Great Tusk|def|1
|-unboost|p2a: Great Tusk|spd|1
|
|upkeep
|turn|27
|
|t:|1781183109
|-end|p2a: Great Tusk|Protosynthesis|[silent]
|switch|p2a: dory go nighty|Dragonite, M|2/100 brn
|move|p1a: Slowbro|Scald|p2a: dory go nighty
|-resisted|p2a: dory go nighty
|-damage|p2a: dory go nighty|0 fnt
|faint|p2a: dory go nighty
|
|upkeep
|
|t:|1781183111
|switch|p2a: designated rkiller|Iron Valiant|100/100
|turn|28
|
|t:|1781183114
|switch|p1a: Blissey|Blissey, F|100/100
|move|p2a: designated rkiller|Thunderbolt|p1a: Blissey
|-damage|p1a: Blissey|86/100
|
|upkeep
|turn|29
|
|t:|1781183120
|-end|p2a: designated rkiller|Quark Drive|[silent]
|switch|p2a: indolence|Zamazenta|100/100
|-ability|p2a: indolence|Dauntless Shield|boost
|-boost|p2a: indolence|def|1
|switch|p1a: Slowbro|Slowbro, F|95/100
|
|upkeep
|turn|30
|
|t:|1781183123
|move|p2a: indolence|Crunch|p1a: Slowbro
|-supereffective|p1a: Slowbro
|-damage|p1a: Slowbro|53/100
|-damage|p2a: indolence|91/100|[from] item: Life Orb
|move|p1a: Slowbro|Future Sight|p2a: indolence
|-start|p1a: Slowbro|move: Future Sight
|
|upkeep
|turn|31
|
|t:|1781183128
|move|p2a: indolence|Crunch|p1a: Slowbro
|-supereffective|p1a: Slowbro
|-damage|p1a: Slowbro|12/100
|-unboost|p1a: Slowbro|def|1
|-damage|p2a: indolence|81/100|[from] item: Life Orb
|move|p1a: Slowbro|Slack Off|p1a: Slowbro
|-heal|p1a: Slowbro|62/100
|
|upkeep
|turn|32
|
|t:|1781183132
|switch|p1a: Mienshao|Mienshao, F|100/100
|move|p2a: indolence|Crunch|p1a: Mienshao
|-resisted|p1a: Mienshao
|-damage|p1a: Mienshao|68/100
|-damage|p2a: indolence|71/100|[from] item: Life Orb
|
|-end|p2a: indolence|move: Future Sight
|-supereffective|p2a: indolence
|-damage|p2a: indolence|0 fnt
|faint|p2a: indolence
|upkeep
|
|t:|1781183134
|switch|p2a: Great Tusk|Great Tusk|100/100
|turn|33
|
|t:|1781183147
|move|p1a: Mienshao|Triple Axel|p2a: Great Tusk
|-supereffective|p2a: Great Tusk
|-damage|p2a: Great Tusk|90/100
|-supereffective|p2a: Great Tusk
|-damage|p2a: Great Tusk|68/100
|-supereffective|p2a: Great Tusk
|-damage|p2a: Great Tusk|38/100
|-hitcount|p2a: Great Tusk|3
|move|p2a: Great Tusk|Rapid Spin|p1a: Mienshao
|-damage|p1a: Mienshao|37/100
|-boost|p2a: Great Tusk|spe|1
|
|upkeep
|turn|34
|
|t:|1781183156
|move|p1a: Mienshao|Triple Axel|p2a: Great Tusk
|-supereffective|p2a: Great Tusk
|-damage|p2a: Great Tusk|26/100
|-supereffective|p2a: Great Tusk
|-crit|p2a: Great Tusk
|-damage|p2a: Great Tusk|0 fnt
|faint|p2a: Great Tusk
|-end|p2a: Great Tusk|Protosynthesis|[silent]
|-hitcount|p2: Great Tusk|2
|
|upkeep
|
|t:|1781183158
|switch|p2a: designated rkiller|Iron Valiant|100/100
|turn|35
|
|t:|1781183165
|switch|p1a: Blissey|Blissey, F|86/100
|move|p2a: designated rkiller|Moonblast|p1a: Blissey
|-damage|p1a: Blissey|63/100
|
|upkeep
|turn|36
|
|t:|1781183171
|move|p2a: designated rkiller|Moonblast|p1a: Blissey
|-damage|p1a: Blissey|43/100
|move|p1a: Blissey|Thunder Wave|p2a: designated rkiller
|-status|p2a: designated rkiller|par
|
|upkeep
|turn|37
|
|t:|1781183173
|move|p2a: designated rkiller|Moonblast|p1a: Blissey
|-damage|p1a: Blissey|21/100
|-unboost|p1a: Blissey|spa|1
|move|p1a: Blissey|Soft-Boiled|p1a: Blissey
|-heal|p1a: Blissey|71/100
|
|upkeep
|turn|38
|
|t:|1781183177
|cant|p2a: designated rkiller|par
|move|p1a: Blissey|Seismic Toss|p2a: designated rkiller
|-damage|p2a: designated rkiller|66/100 par
|
|upkeep
|turn|39
|
|t:|1781183181
|cant|p2a: designated rkiller|par
|move|p1a: Blissey|Seismic Toss|p2a: designated rkiller
|-damage|p2a: designated rkiller|31/100 par
|
|upkeep
|turn|40
|
|t:|1781183183
|move|p2a: designated rkiller|Moonblast|p1a: Blissey
|-damage|p1a: Blissey|49/100
|move|p1a: Blissey|Seismic Toss|p2a: designated rkiller
|-damage|p2a: designated rkiller|0 fnt
|faint|p2a: designated rkiller
|-end|p2a: designated rkiller|Quark Drive|[silent]
|
|win|huilaoshi1111
|raw|huilaoshi1111's rating: 1599 &rarr; <strong>1617</strong><br />(+18 for winning)
|raw|sylvr7070's rating: 1566 &rarr; <strong>1548</strong><br />(-18 for losing)
|l|☆sylvr7070
|player|p2|
