|j|☆TsekaiAndIncognito
|j|☆Kizukato
|t:|1781093451
|gametype|singles
|player|p1|TsekaiAndIncognito|170|1547
|player|p2|Kizukato|cynthia|1582
|gen|9
|tier|[Gen 9] OU
|rated|
|rule|HP Percentage Mod: HP is shown in percentages
|rule|Endless Battle Clause: Forcing endless battles is banned
|rule|Species Clause: Limit one of each Pokémon
|rule|OHKO Clause: OHKO moves are banned
|rule|Evasion Items Clause: Evasion items are banned
|rule|Evasion Moves Clause: Evasion moves are banned
|rule|Evasion Abilities Clause: Evasion abilities are banned
|rule|Sleep Moves Clause: Sleep-inducing moves are banned
|clearpoke
|poke|p1|Heatran, M|
|poke|p1|Iron Hands|
|poke|p1|Kingambit, M|
|poke|p1|Dragapult, M|
|poke|p1|Hoopa-Unbound|
|poke|p1|Zapdos|
|poke|p2|Kyurem|
|poke|p2|Great Tusk|
|poke|p2|Cinderace, F|
|poke|p2|Enamorus-Therian, F|
|poke|p2|Slowking-Galar, M|
|poke|p2|Kingambit, F|
|teampreview
|inactive|Battle timer is ON: inactive players will automatically lose when time's up. (requested by Kizukato)
|
|t:|1781093479
|teamsize|p1|6
|teamsize|p2|6
|start
|switch|p1a: Hoopa|Hoopa-Unbound|100/100
|switch|p2a: Great Tusk|Great Tusk|100/100
|turn|1
|c|☆TsekaiAndIncognito|AV kyurem
|c|☆TsekaiAndIncognito|Enam CM ID DK EP
|inactive|TsekaiAndIncognito has 120 seconds left.
|inactive|Kizukato has 120 seconds left.
|c|☆Kizukato|thx
|c|☆TsekaiAndIncognito|Scarf tusk
|
|t:|1781093528
|switch|p1a: Zapdos|Zapdos|100/100
|move|p2a: Great Tusk|Close Combat|p1a: Zapdos
|-resisted|p1a: Zapdos
|-damage|p1a: Zapdos|78/100
|-unboost|p2a: Great Tusk|def|1
|-unboost|p2a: Great Tusk|spd|1
|-damage|p2a: Great Tusk|84/100|[from] item: Rocky Helmet|[of] p1a: Zapdos
|-status|p2a: Great Tusk|par|[from] ability: Static|[of] p1a: Zapdos
|
|upkeep
|turn|2
|c|☆Kizukato|and you got lucky !
|
|t:|1781093546
|-end|p2a: Great Tusk|Protosynthesis|[silent]
|switch|p2a: Slowking|Slowking-Galar, M|100/100
|move|p1a: Zapdos|U-turn|p2a: Slowking
|-damage|p2a: Slowking|86/100
|c|☆TsekaiAndIncognito|No you’re just bad
|
|t:|1781093557
|switch|p1a: Hoopa|Hoopa-Unbound|100/100|[from] U-turn
|
|upkeep
|turn|3
|
|t:|1781093564
|move|p1a: Hoopa|Zen Headbutt|p2a: Slowking
|-damage|p2a: Slowking|9/100
|move|p2a: Slowking|Sludge Bomb|p1a: Hoopa
|-damage|p1a: Hoopa|59/100
|-status|p1a: Hoopa|psn
|
|-damage|p1a: Hoopa|47/100 psn|[from] psn
|upkeep
|turn|4
|inactive|Kizukato has 120 seconds left.
|inactive|TsekaiAndIncognito has 120 seconds left.
|c|☆TsekaiAndIncognito|And you got lucky !
|
|t:|1781093583
|switch|p1a: Heatran|Heatran, M|100/100
|switch|p2a: Great Tusk|Great Tusk|84/100 par
|
|upkeep
|turn|5
|c|☆Kizukato|no you're just bad
|
|t:|1781093592
|move|p1a: Heatran|Magma Storm|p2a: Great Tusk
|-damage|p2a: Great Tusk|0 fnt
|faint|p2a: Great Tusk
|-end|p2a: Great Tusk|Protosynthesis|[silent]
|
|upkeep
|inactive|Kizukato has 120 seconds left.
|
|t:|1781093613
|switch|p2a: Kyurem|Kyurem|100/100
|-ability|p2a: Kyurem|Pressure
|turn|6
|
|t:|1781093623
|-terastallize|p1a: Heatran|Fire
|move|p1a: Heatran|Magma Storm|p2a: Kyurem
|-damage|p2a: Kyurem|40/100
|-activate|p2a: Kyurem|move: Magma Storm|[of] p1a: Heatran
|move|p2a: Kyurem|Earth Power|p1a: Heatran
|-supereffective|p1a: Heatran
|-damage|p1a: Heatran|51/100
|
|-damage|p2a: Kyurem|27/100|[from] move: Magma Storm|[partiallytrapped]
|upkeep
|turn|7
|inactive|Kizukato has 120 seconds left.
|
|t:|1781093631
|move|p1a: Heatran|Magma Storm|p2a: Kyurem|[miss]
|-miss|p1a: Heatran|p2a: Kyurem
|move|p2a: Kyurem|Earth Power|p1a: Heatran
|-supereffective|p1a: Heatran
|-damage|p1a: Heatran|0 fnt
|faint|p1a: Heatran
|
|-end|p2a: Kyurem|Magma Storm|[partiallytrapped]|[silent]
|upkeep
|
|t:|1781093644
|switch|p1a: Dragapult|Dragapult, M|100/100
|turn|8
|
|t:|1781093653
|move|p1a: Dragapult|Fire Blast|p2a: Kyurem|[miss]
|-miss|p1a: Dragapult|p2a: Kyurem
|move|p2a: Kyurem|Ice Beam|p1a: Dragapult
|-supereffective|p1a: Dragapult
|-damage|p1a: Dragapult|4/100
|
|upkeep
|turn|9
|c|☆TsekaiAndIncognito|Damn
|inactive|Kizukato has 120 seconds left.
|
|t:|1781093675
|move|p1a: Dragapult|Fire Blast|p2a: Kyurem|[miss]
|-miss|p1a: Dragapult|p2a: Kyurem
|move|p2a: Kyurem|Earth Power|p1a: Dragapult
|-damage|p1a: Dragapult|0 fnt
|faint|p1a: Dragapult
|
|upkeep
|
|t:|1781093684
|switch|p1a: Hoopa|Hoopa-Unbound|47/100 psn
|turn|10
|
|t:|1781093696
|move|p1a: Hoopa|Hyperspace Fury|p2a: Kyurem
|-damage|p2a: Kyurem|0 fnt
|-unboost|p1a: Hoopa|def|1
|faint|p2a: Kyurem
|
|-damage|p1a: Hoopa|34/100 psn|[from] psn
|upkeep
|
|t:|1781093700
|switch|p2a: Kingambit|Kingambit, F|100/100
|-activate|p2a: Kingambit|ability: Supreme Overlord
|-start|p2a: Kingambit|fallen2|[silent]
|-item|p2a: Kingambit|Air Balloon
|turn|11
|
|t:|1781093703
|switch|p1a: Iron Hands|Iron Hands|100/100
|-enditem|p1a: Iron Hands|Booster Energy
|-activate|p1a: Iron Hands|ability: Quark Drive|[fromitem]
|-start|p1a: Iron Hands|quarkdriveatk
|move|p2a: Kingambit|Sucker Punch||[still]
|-fail|p2a: Kingambit
|
|upkeep
|turn|12
|
|t:|1781093712
|move|p2a: Kingambit|Low Kick|p1a: Iron Hands
|-damage|p1a: Iron Hands|69/100
|move|p1a: Iron Hands|Swords Dance|p1a: Iron Hands
|-boost|p1a: Iron Hands|atk|2
|
|upkeep
|turn|13
|
|t:|1781093720
|-terastallize|p2a: Kingambit|Fighting
|move|p2a: Kingambit|Low Kick|p1a: Iron Hands
|-damage|p1a: Iron Hands|18/100
|move|p1a: Iron Hands|Drain Punch|p2a: Kingambit
|-damage|p2a: Kingambit|0 fnt
|-heal|p1a: Iron Hands|55/100|[from] drain|[of] p2a: Kingambit
|-enditem|p2a: Kingambit|Air Balloon
|faint|p2a: Kingambit
|-end|p2a: Kingambit|fallen2|[silent]
|
|upkeep
|
|t:|1781093742
|switch|p2a: Enamorus|Enamorus-Therian, F|100/100
|turn|14
|
|t:|1781093750
|move|p1a: Iron Hands|Supercell Slam|p2a: Enamorus
|-supereffective|p2a: Enamorus
|-damage|p2a: Enamorus|0 fnt
|faint|p2a: Enamorus
|
|upkeep
|
|t:|1781093754
|switch|p2a: Cinderace|Cinderace, F|100/100
|turn|15
|c|☆TsekaiAndIncognito|gg
|c|☆Kizukato|crit
|j| KangkongNation
|c|☆TsekaiAndIncognito|Yeah sure
|
|t:|1781093772
|move|p2a: Cinderace|Pyro Ball|p1a: Iron Hands
|-damage|p1a: Iron Hands|22/100
|move|p1a: Iron Hands|Drain Punch|p2a: Cinderace
|-damage|p2a: Cinderace|0 fnt
|-heal|p1a: Iron Hands|53/100|[from] drain|[of] p2a: Cinderace
|faint|p2a: Cinderace
|
|upkeep
|l| KangkongNation
|-message|Kizukato forfeited.
|
|win|TsekaiAndIncognito
|raw|TsekaiAndIncognito's rating: 1547 &rarr; <strong>1569</strong><br />(+22 for winning)
|raw|Kizukato's rating: 1582 &rarr; <strong>1560</strong><br />(-22 for losing)
|l|☆Kizukato
|player|p2|
|l|☆TsekaiAndIncognito
|player|p1|
