|j|☆ja hoi
|j|☆ankoro
|t:|1781076099
|gametype|singles
|player|p1|ja hoi|101|1630
|player|p2|ankoro|acetrainer-gen2|1569
|gen|9
|tier|[Gen 9] OU
|rated|
|rule|HP Percentage Mod: HP is shown in percentages
|rule|Endless Battle Clause: Forcing endless battles is banned
|rule|Species Clause: Limit one of each Pokémon
|rule|OHKO Clause: OHKO moves are banned
|rule|Evasion Items Clause: Evasion items are banned
|rule|Evasion Moves Clause: Evasion moves are banned
|rule|Evasion Abilities Clause: Evasion abilities are banned
|rule|Sleep Moves Clause: Sleep-inducing moves are banned
|clearpoke
|poke|p1|Quaquaval, F|
|poke|p1|Zamazenta-*|
|poke|p1|Dragapult, F|
|poke|p1|Garganacl, M|
|poke|p1|Grimmsnarl, M|
|poke|p1|Iron Moth|
|poke|p2|Weavile, F|
|poke|p2|Zamazenta-*|
|poke|p2|Corviknight, F|
|poke|p2|Enamorus, F|
|poke|p2|Ting-Lu|
|poke|p2|Raging Bolt|
|teampreview
|inactive|Battle timer is ON: inactive players will automatically lose when time's up. (requested by ja hoi)
|
|t:|1781076120
|teamsize|p1|6
|teamsize|p2|6
|start
|switch|p1a: Grimmsnarl|Grimmsnarl, M|100/100
|switch|p2a: girafarigiraf|Raging Bolt|100/100
|turn|1
|
|t:|1781076132
|move|p1a: Grimmsnarl|Light Screen|p1a: Grimmsnarl
|-sidestart|p1: ja hoi|move: Light Screen
|move|p2a: girafarigiraf|Volt Switch|p1a: Grimmsnarl
|-damage|p1a: Grimmsnarl|85/100
|
|t:|1781076139
|-end|p2a: girafarigiraf|Protosynthesis|[silent]
|switch|p2a: The Rooster|Corviknight, F|100/100|[from] Volt Switch
|-ability|p2a: The Rooster|Pressure
|
|upkeep
|turn|2
|
|t:|1781076145
|move|p1a: Grimmsnarl|Taunt|p2a: The Rooster
|-start|p2a: The Rooster|move: Taunt
|move|p2a: The Rooster|U-turn|p1a: Grimmsnarl
|-damage|p1a: Grimmsnarl|68/100
|
|t:|1781076157
|switch|p2a: tigelu|Ting-Lu|100/100|[from] U-turn
|-ability|p2a: tigelu|Vessel of Ruin
|
|upkeep
|turn|3
|j| Cigtar
|
|t:|1781076166
|move|p1a: Grimmsnarl|Reflect|p1a: Grimmsnarl
|-sidestart|p1: ja hoi|Reflect
|move|p2a: tigelu|Stealth Rock|p1a: Grimmsnarl
|-sidestart|p1: ja hoi|move: Stealth Rock
|
|upkeep
|turn|4
|
|t:|1781076186
|switch|p1a: Zamazenta|Zamazenta|100/100
|-damage|p1a: Zamazenta|94/100|[from] Stealth Rock
|-ability|p1a: Zamazenta|Dauntless Shield|boost
|-boost|p1a: Zamazenta|def|1
|move|p2a: tigelu|Whirlwind|p1a: Zamazenta
|drag|p1a: Dragapult|Dragapult, F|100/100
|-damage|p1a: Dragapult|88/100|[from] Stealth Rock
|
|-heal|p1a: Dragapult|94/100|[from] item: Leftovers
|upkeep
|turn|5
|
|t:|1781076205
|move|p1a: Dragapult|Dragon Darts|p2a: tigelu
|-damage|p2a: tigelu|86/100
|-anim|p1a: Dragapult|Dragon Darts|p2a: tigelu
|-damage|p2a: tigelu|72/100
|move|p2a: tigelu|Ruination|p1a: Dragapult
|-damage|p1a: Dragapult|48/100
|
|-heal|p1a: Dragapult|53/100|[from] item: Leftovers
|-heal|p2a: tigelu|78/100|[from] item: Leftovers
|upkeep
|turn|6
|
|t:|1781076214
|switch|p2a: The Rooster|Corviknight, F|100/100
|-ability|p2a: The Rooster|Pressure
|move|p1a: Dragapult|Dragon Darts|p2a: The Rooster
|-resisted|p2a: The Rooster
|-damage|p2a: The Rooster|92/100
|-anim|p1a: Dragapult|Dragon Darts|p2a: The Rooster
|-resisted|p2a: The Rooster
|-damage|p2a: The Rooster|83/100
|
|-heal|p1a: Dragapult|59/100|[from] item: Leftovers
|upkeep
|turn|7
|
|t:|1781076226
|switch|p1a: Garganacl|Garganacl, M|100/100
|-damage|p1a: Garganacl|88/100|[from] Stealth Rock
|move|p2a: The Rooster|U-turn|p1a: Garganacl
|-damage|p1a: Garganacl|83/100
|
|t:|1781076243
|switch|p2a: tigelu|Ting-Lu|78/100|[from] U-turn
|-ability|p2a: tigelu|Vessel of Ruin
|
|-heal|p2a: tigelu|84/100|[from] item: Leftovers
|-heal|p1a: Garganacl|90/100|[from] item: Leftovers
|upkeep
|turn|8
|
|t:|1781076260
|move|p2a: tigelu|Ruination|p1a: Garganacl
|-damage|p1a: Garganacl|45/100
|move|p1a: Garganacl|Salt Cure|p2a: tigelu
|-resisted|p2a: tigelu
|-damage|p2a: tigelu|81/100
|-start|p2a: tigelu|Salt Cure
|
|-heal|p2a: tigelu|87/100|[from] item: Leftovers
|-heal|p1a: Garganacl|51/100|[from] item: Leftovers
|-damage|p2a: tigelu|74/100|[from] Salt Cure
|-sideend|p1: ja hoi|move: Light Screen
|upkeep
|turn|9
|
|t:|1781076270
|switch|p2a: it hits hard trust|Enamorus, F|100/100
|move|p1a: Garganacl|Body Press|p2a: it hits hard trust
|-resisted|p2a: it hits hard trust
|-damage|p2a: it hits hard trust|92/100
|
|-heal|p1a: Garganacl|57/100|[from] item: Leftovers
|upkeep
|turn|10
|
|t:|1781076278
|move|p2a: it hits hard trust|Earth Power|p1a: Garganacl
|-supereffective|p1a: Garganacl
|-damage|p1a: Garganacl|0 fnt
|faint|p1a: Garganacl
|
|-sideend|p1: ja hoi|Reflect
|upkeep
|
|t:|1781076283
|switch|p1a: Grimmsnarl|Grimmsnarl, M|68/100
|-damage|p1a: Grimmsnarl|55/100|[from] Stealth Rock
|turn|11
|
|t:|1781076291
|move|p1a: Grimmsnarl|Light Screen|p1a: Grimmsnarl
|-sidestart|p1: ja hoi|move: Light Screen
|move|p2a: it hits hard trust|Earth Power|p1a: Grimmsnarl
|-damage|p1a: Grimmsnarl|33/100
|
|upkeep
|turn|12
|
|t:|1781076298
|switch|p2a: The Rooster|Corviknight, F|83/100
|-ability|p2a: The Rooster|Pressure
|move|p1a: Grimmsnarl|Reflect|p1a: Grimmsnarl
|-sidestart|p1: ja hoi|Reflect
|
|upkeep
|turn|13
|j| ILoveGardevoirRah
|
|t:|1781076303
|move|p1a: Grimmsnarl|Taunt|p2a: The Rooster
|-start|p2a: The Rooster|move: Taunt
|move|p2a: The Rooster|Brave Bird|p1a: Grimmsnarl
|-damage|p1a: Grimmsnarl|10/100
|-damage|p2a: The Rooster|75/100|[from] Recoil
|
|upkeep
|turn|14
|
|t:|1781076310
|move|p1a: Grimmsnarl|Taunt||[still]
|-fail|p1a: Grimmsnarl
|move|p2a: The Rooster|U-turn|p1a: Grimmsnarl
|-damage|p1a: Grimmsnarl|1/100
|c|☆ja hoi|lol
|
|t:|1781076318
|switch|p2a: girafarigiraf|Raging Bolt|100/100|[from] U-turn
|
|upkeep
|turn|15
|
|t:|1781076322
|move|p1a: Grimmsnarl|Taunt|p2a: girafarigiraf
|-start|p2a: girafarigiraf|move: Taunt
|move|p2a: girafarigiraf|Volt Switch|p1a: Grimmsnarl
|-damage|p1a: Grimmsnarl|0 fnt
|faint|p1a: Grimmsnarl
|
|t:|1781076329
|-end|p2a: girafarigiraf|Protosynthesis|[silent]
|switch|p2a: tigelu|Ting-Lu|74/100|[from] Volt Switch
|-ability|p2a: tigelu|Vessel of Ruin
|
|-heal|p2a: tigelu|81/100|[from] item: Leftovers
|upkeep
|
|t:|1781076335
|switch|p1a: Quaquaval|Quaquaval, F|100/100
|-damage|p1a: Quaquaval|94/100|[from] Stealth Rock
|turn|16
|
|t:|1781076345
|-terastallize|p2a: tigelu|Water
|move|p1a: Quaquaval|Aqua Step|p2a: tigelu
|-resisted|p2a: tigelu
|-damage|p2a: tigelu|67/100
|-boost|p1a: Quaquaval|spe|1
|move|p2a: tigelu|Whirlwind|p1a: Quaquaval
|drag|p1a: Zamazenta|Zamazenta|94/100
|-damage|p1a: Zamazenta|88/100|[from] Stealth Rock
|
|-heal|p1a: Zamazenta|94/100|[from] item: Leftovers
|-heal|p2a: tigelu|73/100|[from] item: Leftovers
|upkeep
|turn|17
|
|t:|1781076356
|move|p1a: Zamazenta|Body Press|p2a: tigelu
|-damage|p2a: tigelu|56/100
|move|p2a: tigelu|Ruination|p1a: Zamazenta|[miss]
|-miss|p2a: tigelu|p1a: Zamazenta
|
|-heal|p1a: Zamazenta|100/100|[from] item: Leftovers
|-heal|p2a: tigelu|62/100|[from] item: Leftovers
|upkeep
|turn|18
|
|t:|1781076363
|move|p1a: Zamazenta|Body Press|p2a: tigelu
|-damage|p2a: tigelu|46/100
|move|p2a: tigelu|Ruination|p1a: Zamazenta
|-damage|p1a: Zamazenta|51/100
|
|-heal|p1a: Zamazenta|57/100|[from] item: Leftovers
|-heal|p2a: tigelu|52/100|[from] item: Leftovers
|-sideend|p1: ja hoi|move: Light Screen
|upkeep
|turn|19
|
|t:|1781076371
|switch|p2a: cão de aço|Zamazenta|100/100
|-ability|p2a: cão de aço|Dauntless Shield|boost
|-boost|p2a: cão de aço|def|1
|move|p1a: Zamazenta|Body Press|p2a: cão de aço
|-damage|p2a: cão de aço|86/100
|
|-heal|p1a: Zamazenta|63/100|[from] item: Leftovers
|-heal|p2a: cão de aço|92/100|[from] item: Leftovers
|-sideend|p1: ja hoi|Reflect
|upkeep
|turn|20
|
|t:|1781076380
|move|p1a: Zamazenta|Iron Defense|p1a: Zamazenta
|-boost|p1a: Zamazenta|def|2
|move|p2a: cão de aço|Iron Defense|p2a: cão de aço
|-boost|p2a: cão de aço|def|2
|
|-heal|p1a: Zamazenta|69/100|[from] item: Leftovers
|-heal|p2a: cão de aço|98/100|[from] item: Leftovers
|upkeep
|turn|21
|
|t:|1781076387
|move|p1a: Zamazenta|Body Press|p2a: cão de aço
|-damage|p2a: cão de aço|79/100
|move|p2a: cão de aço|Roar|p1a: Zamazenta
|drag|p1a: Dragapult|Dragapult, F|59/100
|-damage|p1a: Dragapult|47/100|[from] Stealth Rock
|
|-heal|p2a: cão de aço|86/100|[from] item: Leftovers
|-heal|p1a: Dragapult|53/100|[from] item: Leftovers
|upkeep
|turn|22
|
|t:|1781076396
|move|p2a: cão de aço|Crunch|p1a: Dragapult
|-supereffective|p1a: Dragapult
|-damage|p1a: Dragapult|0 fnt
|faint|p1a: Dragapult
|
|-heal|p2a: cão de aço|92/100|[from] item: Leftovers
|upkeep
|
|t:|1781076401
|switch|p1a: Iron Moth|Iron Moth|100/100
|-damage|p1a: Iron Moth|76/100|[from] Stealth Rock
|-enditem|p1a: Iron Moth|Booster Energy
|-activate|p1a: Iron Moth|ability: Quark Drive|[fromitem]
|-start|p1a: Iron Moth|quarkdrivespa
|turn|23
|
|t:|1781076407
|move|p1a: Iron Moth|Sludge Wave|p2a: cão de aço
|-crit|p2a: cão de aço
|-damage|p2a: cão de aço|8/100
|move|p2a: cão de aço|Roar|p1a: Iron Moth
|-end|p1a: Iron Moth|Quark Drive|[silent]
|drag|p1a: Zamazenta|Zamazenta|69/100
|-damage|p1a: Zamazenta|63/100|[from] Stealth Rock
|
|-heal|p1a: Zamazenta|69/100|[from] item: Leftovers
|-heal|p2a: cão de aço|14/100|[from] item: Leftovers
|upkeep
|turn|24
|
|t:|1781076416
|move|p1a: Zamazenta|Body Press|p2a: cão de aço
|-damage|p2a: cão de aço|6/100
|move|p2a: cão de aço|Body Press|p1a: Zamazenta
|-damage|p1a: Zamazenta|0 fnt
|faint|p1a: Zamazenta
|
|-heal|p2a: cão de aço|12/100|[from] item: Leftovers
|upkeep
|
|t:|1781076424
|switch|p1a: Iron Moth|Iron Moth|76/100
|-damage|p1a: Iron Moth|51/100|[from] Stealth Rock
|turn|25
|
|t:|1781076439
|move|p2a: cão de aço|Body Press|p1a: Iron Moth
|-resisted|p1a: Iron Moth
|-damage|p1a: Iron Moth|0 fnt
|faint|p1a: Iron Moth
|-end|p1a: Iron Moth|Quark Drive|[silent]
|
|-heal|p2a: cão de aço|18/100|[from] item: Leftovers
|upkeep
|
|t:|1781076446
|switch|p1a: Quaquaval|Quaquaval, F|94/100
|-damage|p1a: Quaquaval|88/100|[from] Stealth Rock
|turn|26
|c|☆ja hoi|shit i messed up ahhh
|
|t:|1781076457
|-terastallize|p1a: Quaquaval|Water
|move|p1a: Quaquaval|Aqua Jet|p2a: cão de aço
|-damage|p2a: cão de aço|9/100
|move|p2a: cão de aço|Body Press|p1a: Quaquaval
|-damage|p1a: Quaquaval|0 fnt
|faint|p1a: Quaquaval
|
|win|ankoro
|raw|ja hoi's rating: 1630 &rarr; <strong>1607</strong><br />(-23 for losing)
|raw|ankoro's rating: 1569 &rarr; <strong>1592</strong><br />(+23 for winning)
|c|☆ja hoi|ah nvm
|c|☆ankoro|gg
|c|☆ja hoi|wouldnt have been enough aa turn earlier anyway lol
|c|☆ja hoi|gg
|l|☆ja hoi
|player|p1|
|l|☆ankoro
|player|p2|
