|j|☆CassiusAuBellossom
|j|☆ykykp
|t:|1781354876
|gametype|singles
|player|p1|CassiusAuBellossom|101|1517
|player|p2|ykykp|101|1653
|gen|9
|tier|[Gen 9] OU
|rated|
|rule|HP Percentage Mod: HP is shown in percentages
|rule|Endless Battle Clause: Forcing endless battles is banned
|rule|Species Clause: Limit one of each Pokémon
|rule|OHKO Clause: OHKO moves are banned
|rule|Evasion Items Clause: Evasion items are banned
|rule|Evasion Moves Clause: Evasion moves are banned
|rule|Evasion Abilities Clause: Evasion abilities are banned
|rule|Sleep Moves Clause: Sleep-inducing moves are banned
|clearpoke
|poke|p1|Pelipper, F|
|poke|p1|Beartic, F|
|poke|p1|Barraskewda, F|
|poke|p1|Zapdos|
|poke|p1|Ogerpon-Wellspring, F|
|poke|p1|Hatterene, F|
|poke|p2|Iron Valiant|
|poke|p2|Pecharunt|
|poke|p2|Alomomola, F|
|poke|p2|Cinderace, F|
|poke|p2|Zamazenta-*|
|poke|p2|Deoxys-Speed|
|teampreview
|inactive|Battle timer is ON: inactive players will automatically lose when time's up. (requested by CassiusAuBellossom)
|
|t:|1781354883
|teamsize|p1|6
|teamsize|p2|6
|start
|switch|p1a: Armin|Pelipper, F|100/100
|switch|p2a: Iron Valiant|Iron Valiant|100/100
|-weather|RainDance|[from] ability: Drizzle|[of] p1a: Armin
|turn|1
|
|t:|1781354891
|switch|p1a: Annie|Hatterene, F|100/100
|-terastallize|p2a: Iron Valiant|Fairy
|move|p2a: Iron Valiant|Moonblast|p1a: Annie
|-damage|p1a: Annie|6/100
|-enditem|p1a: Annie|Eject Button
|
|t:|1781354900
|switch|p1a: Levi|Barraskewda, F|100/100
|
|-weather|RainDance|[upkeep]
|upkeep
|turn|2
|
|t:|1781354907
|-end|p2a: Iron Valiant|Quark Drive|[silent]
|switch|p2a: Alomomola|Alomomola, F|100/100
|move|p1a: Levi|Flip Turn|p2a: Alomomola
|-resisted|p2a: Alomomola
|-damage|p2a: Alomomola|82/100
|
|t:|1781354912
|switch|p1a: Zeke|Zapdos|100/100|[from] Flip Turn
|
|-weather|RainDance|[upkeep]
|upkeep
|turn|3
|
|t:|1781354919
|move|p1a: Zeke|Thunder|p2a: Alomomola
|-supereffective|p2a: Alomomola
|-damage|p2a: Alomomola|25/100
|-status|p2a: Alomomola|par
|move|p2a: Alomomola|Mirror Coat|p1a: Zeke
|-damage|p1a: Zeke|0 fnt
|faint|p1a: Zeke
|
|-weather|RainDance|[upkeep]
|upkeep
|
|t:|1781354931
|switch|p1a: Levi|Barraskewda, F|100/100
|turn|4
|
|t:|1781354940
|-terastallize|p1a: Levi|Water
|move|p1a: Levi|Liquidation|p2a: Alomomola
|-resisted|p2a: Alomomola
|-damage|p2a: Alomomola|0 fnt
|faint|p2a: Alomomola
|
|-weather|RainDance|[upkeep]
|upkeep
|
|t:|1781354950
|switch|p2a: Pecharunt|Pecharunt|100/100
|turn|5
|
|t:|1781354961
|move|p1a: Levi|Liquidation|p2a: Pecharunt
|-damage|p2a: Pecharunt|46/100
|-unboost|p2a: Pecharunt|def|1
|move|p2a: Pecharunt|Malignant Chain|p1a: Levi
|-damage|p1a: Levi|32/100
|
|-weather|RainDance|[upkeep]
|upkeep
|turn|6
|
|t:|1781354978
|move|p1a: Levi|Liquidation|p2a: Pecharunt
|-damage|p2a: Pecharunt|0 fnt
|faint|p2a: Pecharunt
|
|-weather|RainDance|[upkeep]
|upkeep
|
|t:|1781354987
|switch|p2a: Iron Valiant|Iron Valiant, tera:Fairy|100/100
|turn|7
|
|t:|1781354993
|switch|p1a: Annie|Hatterene, F|6/100
|move|p2a: Iron Valiant|Vacuum Wave|p1a: Annie
|-resisted|p1a: Annie
|-damage|p1a: Annie|0 fnt
|faint|p1a: Annie
|
|-weather|RainDance|[upkeep]
|upkeep
|
|t:|1781355001
|switch|p1a: Mikasa|Ogerpon-Wellspring, F|100/100
|turn|8
|
|t:|1781355028
|-end|p2a: Iron Valiant|Quark Drive|[silent]
|switch|p2a: Zamazenta|Zamazenta|100/100
|-ability|p2a: Zamazenta|Dauntless Shield|boost
|-boost|p2a: Zamazenta|def|1
|move|p1a: Mikasa|Ivy Cudgel|p2a: Zamazenta|[anim] Ivy Cudgel Water
|-damage|p2a: Zamazenta|44/100
|
|-weather|none
|upkeep
|turn|9
|
|t:|1781355038
|move|p2a: Zamazenta|Stone Edge|p1a: Mikasa|[miss]
|-miss|p2a: Zamazenta|p1a: Mikasa
|move|p1a: Mikasa|Play Rough|p2a: Zamazenta
|-supereffective|p2a: Zamazenta
|-damage|p2a: Zamazenta|0 fnt
|faint|p2a: Zamazenta
|
|upkeep
|
|t:|1781355042
|switch|p2a: Cinderace|Cinderace, F|100/100
|turn|10
|
|t:|1781355049
|switch|p1a: Armin|Pelipper, F|100/100
|-weather|RainDance|[from] ability: Drizzle|[of] p1a: Armin
|move|p2a: Cinderace|U-turn|p1a: Armin
|-start|p2a: Cinderace|typechange|Bug|[from] ability: Libero
|-resisted|p1a: Armin
|-damage|p1a: Armin|88/100
|
|t:|1781355055
|switch|p2a: Iron Valiant|Iron Valiant, tera:Fairy|100/100|[from] U-turn
|
|-weather|RainDance|[upkeep]
|upkeep
|turn|11
|
|t:|1781355062
|switch|p1a: Eren|Beartic, F|100/100
|move|p2a: Iron Valiant|Moonblast|p1a: Eren
|-damage|p1a: Eren|0 fnt
|faint|p1a: Eren
|
|-weather|RainDance|[upkeep]
|upkeep
|
|t:|1781355071
|switch|p1a: Levi|Barraskewda, F, tera:Water|32/100
|turn|12
|
|t:|1781355074
|-end|p2a: Iron Valiant|Quark Drive|[silent]
|switch|p2a: Deoxys|Deoxys-Speed|100/100
|-ability|p2a: Deoxys|Pressure
|move|p1a: Levi|Liquidation|p2a: Deoxys
|-damage|p2a: Deoxys|0 fnt
|faint|p2a: Deoxys
|
|-weather|RainDance|[upkeep]
|upkeep
|
|t:|1781355077
|switch|p2a: Cinderace|Cinderace, F|100/100
|turn|13
|
|t:|1781355086
|move|p1a: Levi|Aqua Jet|p2a: Cinderace
|-supereffective|p2a: Cinderace
|-damage|p2a: Cinderace|0 fnt
|faint|p2a: Cinderace
|
|-weather|RainDance|[upkeep]
|upkeep
|
|t:|1781355095
|switch|p2a: Iron Valiant|Iron Valiant, tera:Fairy|100/100
|turn|14
|inactive|CassiusAuBellossom has 120 seconds left.
|
|t:|1781355129
|move|p1a: Levi|Liquidation|p2a: Iron Valiant
|-damage|p2a: Iron Valiant|0 fnt
|faint|p2a: Iron Valiant
|-end|p2a: Iron Valiant|Quark Drive|[silent]
|
|win|CassiusAuBellossom
|raw|CassiusAuBellossom's rating: 1517 &rarr; <strong>1544</strong><br />(+27 for winning)
|raw|ykykp's rating: 1653 &rarr; <strong>1626</strong><br />(-27 for losing)
|c|☆CassiusAuBellossom|Gg
|l|☆ykykp
|player|p2|
|l|☆CassiusAuBellossom
|player|p1|
