|j|☆Omari P
|j|‽ChessAddict_
|t:|1781007808
|gametype|singles
|player|p1|Omari P|pokemonrangerf|1513
|player|p2|ChessAddict_|265|1633
|gen|9
|tier|[Gen 9] OU
|rated|
|rule|HP Percentage Mod: HP is shown in percentages
|rule|Endless Battle Clause: Forcing endless battles is banned
|rule|Species Clause: Limit one of each Pokémon
|rule|OHKO Clause: OHKO moves are banned
|rule|Evasion Items Clause: Evasion items are banned
|rule|Evasion Moves Clause: Evasion moves are banned
|rule|Evasion Abilities Clause: Evasion abilities are banned
|rule|Sleep Moves Clause: Sleep-inducing moves are banned
|clearpoke
|poke|p1|Venusaur, M|
|poke|p1|Arcanine-Hisui, F|
|poke|p1|Armarouge, M|
|poke|p1|Torkoal, M|
|poke|p1|Mandibuzz, F|
|poke|p1|Garchomp, M|
|poke|p2|Ting-Lu|
|poke|p2|Gliscor, M|
|poke|p2|Sinistcha-Masterpiece|
|poke|p2|Keldeo|
|poke|p2|Tinkaton, F|
|poke|p2|Dragonite, M|
|teampreview
|inactive|Battle timer is ON: inactive players will automatically lose when time's up. (requested by ChessAddict_)
|
|t:|1781007826
|teamsize|p1|6
|teamsize|p2|6
|start
|switch|p1a: Torkoal|Torkoal, M, shiny|100/100
|switch|p2a: Tinkaton|Tinkaton, F|100/100
|-ability|p2a: Tinkaton|Mold Breaker
|-item|p2a: Tinkaton|Air Balloon
|-weather|SunnyDay|[from] ability: Drought|[of] p1a: Torkoal
|turn|1
|
|t:|1781007835
|move|p2a: Tinkaton|Stealth Rock|p1a: Torkoal
|-sidestart|p1: Omari P|move: Stealth Rock
|move|p1a: Torkoal|Fire Blast|p2a: Tinkaton
|-supereffective|p2a: Tinkaton
|-damage|p2a: Tinkaton|0 fnt
|-enditem|p2a: Tinkaton|Air Balloon
|faint|p2a: Tinkaton
|
|-weather|SunnyDay|[upkeep]
|upkeep
|
|t:|1781007847
|switch|p2a: Gliscor|Gliscor, M|100/100
|turn|2
|
|t:|1781007858
|move|p2a: Gliscor|Knock Off|p1a: Torkoal
|-damage|p1a: Torkoal|87/100
|-enditem|p1a: Torkoal|Heat Rock|[from] move: Knock Off|[of] p2a: Gliscor
|move|p1a: Torkoal|Stealth Rock|p2a: Gliscor
|-sidestart|p2: ChessAddict_|move: Stealth Rock
|
|-weather|SunnyDay|[upkeep]
|-status|p2a: Gliscor|tox|[from] item: Toxic Orb
|upkeep
|turn|3
|
|t:|1781007870
|move|p2a: Gliscor|Protect|p2a: Gliscor
|-singleturn|p2a: Gliscor|Protect
|move|p1a: Torkoal|Rapid Spin|p2a: Gliscor
|-activate|p2a: Gliscor|move: Protect
|
|-weather|SunnyDay|[upkeep]
|upkeep
|turn|4
|
|t:|1781007875
|move|p2a: Gliscor|Swords Dance|p2a: Gliscor
|-boost|p2a: Gliscor|atk|2
|move|p1a: Torkoal|Rapid Spin|p2a: Gliscor
|-damage|p2a: Gliscor|95/100 tox
|-boost|p1a: Torkoal|spe|1
|-sideend|p1: Omari P|Stealth Rock|[from] move: Rapid Spin|[of] p1a: Torkoal
|
|-weather|SunnyDay|[upkeep]
|-heal|p2a: Gliscor|100/100 tox|[from] ability: Poison Heal
|upkeep
|turn|5
|
|t:|1781007880
|switch|p1a: Mandibuzz|Mandibuzz, F, shiny|100/100
|move|p2a: Gliscor|Swords Dance|p2a: Gliscor
|-boost|p2a: Gliscor|atk|2
|
|-weather|SunnyDay|[upkeep]
|upkeep
|turn|6
|
|t:|1781007891
|-terastallize|p2a: Gliscor|Normal
|move|p2a: Gliscor|Facade|p1a: Mandibuzz
|-damage|p1a: Mandibuzz|24/100
|-damage|p2a: Gliscor|84/100 tox|[from] item: Rocky Helmet|[of] p1a: Mandibuzz
|move|p1a: Mandibuzz|Foul Play|p2a: Gliscor
|-damage|p2a: Gliscor|6/100 tox
|
|-weather|SunnyDay|[upkeep]
|-heal|p2a: Gliscor|19/100 tox|[from] ability: Poison Heal
|upkeep
|turn|7
|
|t:|1781007904
|move|p2a: Gliscor|Facade|p1a: Mandibuzz
|-damage|p1a: Mandibuzz|0 fnt
|-damage|p2a: Gliscor|2/100 tox|[from] item: Rocky Helmet|[of] p1a: Mandibuzz
|faint|p1a: Mandibuzz
|
|-weather|SunnyDay|[upkeep]
|-heal|p2a: Gliscor|15/100 tox|[from] ability: Poison Heal
|upkeep
|
|t:|1781007910
|switch|p1a: Garchomp|Garchomp, M|100/100
|turn|8
|
|t:|1781007915
|move|p1a: Garchomp|Earthquake|p2a: Gliscor
|-damage|p2a: Gliscor|0 fnt
|faint|p2a: Gliscor
|-damage|p1a: Garchomp|91/100|[from] item: Life Orb
|
|-weather|none
|upkeep
|
|t:|1781007926
|switch|p2a: Keldeo|Keldeo|100/100
|turn|9
|
|t:|1781007929
|switch|p1a: Torkoal|Torkoal, M, shiny|87/100
|-weather|SunnyDay|[from] ability: Drought|[of] p1a: Torkoal
|move|p2a: Keldeo|Surf|p1a: Torkoal
|-supereffective|p1a: Torkoal
|-damage|p1a: Torkoal|21/100
|
|-weather|SunnyDay|[upkeep]
|upkeep
|turn|10
|
|t:|1781007934
|move|p2a: Keldeo|Flip Turn|p1a: Torkoal
|-supereffective|p1a: Torkoal
|-damage|p1a: Torkoal|12/100
|
|t:|1781007937
|switch|p2a: Ting-Lu|Ting-Lu|100/100|[from] Flip Turn
|-damage|p2a: Ting-Lu|94/100|[from] Stealth Rock
|-ability|p2a: Ting-Lu|Vessel of Ruin
|move|p1a: Torkoal|Fire Blast|p2a: Ting-Lu
|-damage|p2a: Ting-Lu|66/100
|
|-weather|SunnyDay|[upkeep]
|-heal|p2a: Ting-Lu|72/100|[from] item: Leftovers
|upkeep
|turn|11
|
|t:|1781007939
|switch|p1a: Venusaur|Venusaur, M, shiny|100/100
|move|p2a: Ting-Lu|Spikes|p1a: Venusaur
|-sidestart|p1: Omari P|Spikes
|
|-weather|SunnyDay|[upkeep]
|-heal|p2a: Ting-Lu|79/100|[from] item: Leftovers
|upkeep
|turn|12
|
|t:|1781007944
|move|p1a: Venusaur|Growth|p1a: Venusaur
|-boost|p1a: Venusaur|atk|2
|-boost|p1a: Venusaur|spa|2
|move|p2a: Ting-Lu|Ruination|p1a: Venusaur
|-damage|p1a: Venusaur|51/100
|
|-weather|SunnyDay|[upkeep]
|-heal|p2a: Ting-Lu|85/100|[from] item: Leftovers
|upkeep
|turn|13
|
|t:|1781007951
|move|p1a: Venusaur|Solar Beam||[still]
|-prepare|p1a: Venusaur|Solar Beam
|-anim|p1a: Venusaur|Solar Beam|p2a: Ting-Lu
|-supereffective|p2a: Ting-Lu
|-damage|p2a: Ting-Lu|0 fnt
|faint|p2a: Ting-Lu
|-damage|p1a: Venusaur|41/100|[from] item: Life Orb
|
|-weather|none
|upkeep
|
|t:|1781007953
|switch|p2a: Dragonite|Dragonite, M|100/100
|turn|14
|
|t:|1781007974
|move|p1a: Venusaur|Weather Ball|p2a: Dragonite
|-damage|p2a: Dragonite|83/100
|-damage|p1a: Venusaur|31/100|[from] item: Life Orb
|move|p2a: Dragonite|Dragon Tail|p1a: Venusaur
|-crit|p1a: Venusaur
|-damage|p1a: Venusaur|0 fnt
|faint|p1a: Venusaur
|
|upkeep
|
|t:|1781007977
|switch|p1a: Garchomp|Garchomp, M|91/100
|-damage|p1a: Garchomp|78/100|[from] Spikes
|turn|15
|
|t:|1781007987
|move|p2a: Dragonite|Extreme Speed|p1a: Garchomp
|-damage|p1a: Garchomp|50/100
|-damage|p2a: Dragonite|71/100|[from] ability: Rough Skin|[of] p1a: Garchomp
|move|p1a: Garchomp|Scale Shot|p2a: Dragonite
|-supereffective|p2a: Dragonite
|-damage|p2a: Dragonite|40/100
|-supereffective|p2a: Dragonite
|-damage|p2a: Dragonite|11/100
|-supereffective|p2a: Dragonite
|-damage|p2a: Dragonite|0 fnt
|faint|p2a: Dragonite
|-hitcount|p2: Dragonite|3
|-unboost|p1a: Garchomp|def|1
|-boost|p1a: Garchomp|spe|1
|-damage|p1a: Garchomp|40/100|[from] item: Life Orb
|
|upkeep
|
|t:|1781007992
|switch|p2a: Sinistcha|Sinistcha-Masterpiece|100/100
|turn|16
|
|t:|1781007998
|switch|p1a: Torkoal|Torkoal, M, shiny|12/100
|-damage|p1a: Torkoal|0 fnt|[from] Spikes
|faint|p1a: Torkoal
|move|p2a: Sinistcha|Strength Sap|p1: Torkoal|[notarget]
|-fail|p2a: Sinistcha
|
|upkeep
|
|t:|1781008000
|switch|p1a: Armarouge|Armarouge, M, shiny|100/100
|-damage|p1a: Armarouge|88/100|[from] Spikes
|turn|17
|
|t:|1781008008
|move|p1a: Armarouge|Psychic|p2a: Sinistcha
|-damage|p2a: Sinistcha|7/100
|move|p2a: Sinistcha|Shadow Ball|p1a: Armarouge
|-supereffective|p1a: Armarouge
|-damage|p1a: Armarouge|9/100
|
|upkeep
|turn|18
|
|t:|1781008011
|move|p1a: Armarouge|Psychic|p2a: Sinistcha
|-damage|p2a: Sinistcha|0 fnt
|faint|p2a: Sinistcha
|
|upkeep
|
|t:|1781008013
|switch|p2a: Keldeo|Keldeo|100/100
|turn|19
|
|t:|1781008018
|move|p2a: Keldeo|Vacuum Wave|p1a: Armarouge
|-resisted|p1a: Armarouge
|-damage|p1a: Armarouge|0 fnt
|faint|p1a: Armarouge
|
|upkeep
|
|t:|1781008022
|switch|p1a: Garchomp|Garchomp, M|40/100
|-damage|p1a: Garchomp|28/100|[from] Spikes
|turn|20
|
|t:|1781008026
|move|p2a: Keldeo|Surf|p1a: Garchomp
|-damage|p1a: Garchomp|0 fnt
|faint|p1a: Garchomp
|
|upkeep
|
|t:|1781008028
|switch|p1a: Arcanine|Arcanine-Hisui, F|100/100
|-damage|p1a: Arcanine|88/100|[from] Spikes
|-ability|p1a: Arcanine|Intimidate|boost
|-unboost|p2a: Keldeo|atk|1
|turn|21
|
|t:|1781008032
|move|p2a: Keldeo|Surf|p1a: Arcanine
|-supereffective|p1a: Arcanine
|-damage|p1a: Arcanine|0 fnt
|faint|p1a: Arcanine
|
|win|ChessAddict_
|raw|Omari P's rating: 1513 &rarr; <strong>1500</strong><br />(-13 for losing)
|raw|ChessAddict_'s rating: 1633 &rarr; <strong>1646</strong><br />(+13 for winning)
|j| yuureisuisei
|l|‽ChessAddict_
|player|p2|
|l| yuureisuisei
