|badge|p2|bronze|gen9ou|100-9
|uhtml|medal-msg|<div class="broadcast-blue">Curious what those medals under the avatar are? PS now has Ladder Seasons! For more information, check out the <a href="https://www.smogon.com/forums/threads/3740067/">thread on Smogon.</a></div>
|j|☆kshuaib734
|j|☆a jellyfish
|t:|1780957583
|gametype|singles
|player|p1|kshuaib734|steven|1748
|player|p2|a jellyfish|bianca|1786
|gen|9
|tier|[Gen 9] OU
|rated|
|rule|HP Percentage Mod: HP is shown in percentages
|rule|Endless Battle Clause: Forcing endless battles is banned
|rule|Species Clause: Limit one of each Pokémon
|rule|OHKO Clause: OHKO moves are banned
|rule|Evasion Items Clause: Evasion items are banned
|rule|Evasion Moves Clause: Evasion moves are banned
|rule|Evasion Abilities Clause: Evasion abilities are banned
|rule|Sleep Moves Clause: Sleep-inducing moves are banned
|clearpoke
|poke|p1|Tyranitar, M|
|poke|p1|Dragapult, M|
|poke|p1|Pelipper, F|
|poke|p1|Quaquaval, F|
|poke|p1|Kingdra, F|
|poke|p1|Excadrill, F|
|poke|p2|Great Tusk|
|poke|p2|Darkrai|
|poke|p2|Iron Moth|
|poke|p2|Ogerpon-Wellspring, F|
|poke|p2|Hatterene, F|
|poke|p2|Dragapult, F|
|teampreview
|inactive|Battle timer is ON: inactive players will automatically lose when time's up. (requested by a jellyfish)
|inactive|kshuaib734 also wants the timer to be on.
|
|t:|1780957605
|teamsize|p1|6
|teamsize|p2|6
|start
|switch|p1a: Tyrant's Downpour|Pelipper, F|100/100
|switch|p2a: Darkrai|Darkrai|100/100
|-weather|RainDance|[from] ability: Drizzle|[of] p1a: Tyrant's Downpour
|turn|1
|
|t:|1780957616
|move|p2a: Darkrai|Dark Pulse|p1a: Tyrant's Downpour
|-damage|p1a: Tyrant's Downpour|15/100
|-damage|p2a: Darkrai|91/100|[from] item: Life Orb
|cant|p1a: Tyrant's Downpour|flinch
|
|-weather|RainDance|[upkeep]
|upkeep
|turn|2
|
|t:|1780957624
|switch|p1a: King Tyrant|Tyranitar, M|100/100
|-weather|Sandstorm|[from] ability: Sand Stream|[of] p1a: King Tyrant
|move|p2a: Darkrai|Dark Pulse|p1a: King Tyrant
|-resisted|p1a: King Tyrant
|-damage|p1a: King Tyrant|84/100
|-damage|p2a: Darkrai|81/100|[from] item: Life Orb
|
|-weather|Sandstorm|[upkeep]
|-damage|p2a: Darkrai|75/100|[from] Sandstorm
|upkeep
|turn|3
|
|t:|1780957635
|switch|p1a: Tyrant's Legacy|Excadrill, F|100/100
|move|p2a: Darkrai|Dark Pulse|p1a: Tyrant's Legacy
|-damage|p1a: Tyrant's Legacy|30/100
|-damage|p2a: Darkrai|65/100|[from] item: Life Orb
|
|-weather|Sandstorm|[upkeep]
|-damage|p2a: Darkrai|59/100|[from] Sandstorm
|upkeep
|turn|4
|
|t:|1780957644
|move|p1a: Tyrant's Legacy|Earthquake|p2a: Darkrai
|-damage|p2a: Darkrai|0 fnt
|faint|p2a: Darkrai
|-damage|p1a: Tyrant's Legacy|20/100|[from] item: Life Orb
|
|-weather|Sandstorm|[upkeep]
|upkeep
|j| blackgokuking
|inactive|a jellyfish has 120 seconds left.
|
|t:|1780957677
|switch|p2a: Great Tusk|Great Tusk|100/100
|turn|5
|
|t:|1780957696
|move|p1a: Tyrant's Legacy|Earthquake|p2a: Great Tusk
|-damage|p2a: Great Tusk|54/100
|-damage|p1a: Tyrant's Legacy|10/100|[from] item: Life Orb
|move|p2a: Great Tusk|Stealth Rock|p1a: Tyrant's Legacy
|-sidestart|p1: kshuaib734|move: Stealth Rock
|
|-weather|Sandstorm|[upkeep]
|upkeep
|turn|6
|inactive|a jellyfish has 120 seconds left.
|
|t:|1780957720
|move|p1a: Tyrant's Legacy|Earthquake|p2a: Great Tusk
|-damage|p2a: Great Tusk|6/100
|-damage|p1a: Tyrant's Legacy|0 fnt|[from] item: Life Orb
|faint|p1a: Tyrant's Legacy
|move|p2a: Great Tusk|Headlong Rush|p1: Tyrant's Legacy|[notarget]
|-fail|p2a: Great Tusk
|
|-weather|none
|upkeep
|inactive|kshuaib734 has 120 seconds left.
|j| nepturee
|
|t:|1780957737
|switch|p1a: Tyrant's Enforcer|Dragapult, M|100/100
|-damage|p1a: Tyrant's Enforcer|88/100|[from] Stealth Rock
|turn|7
|
|t:|1780957743
|move|p1a: Tyrant's Enforcer|Dragon Darts|p2a: Great Tusk
|-damage|p2a: Great Tusk|0 fnt
|faint|p2a: Great Tusk
|-end|p2a: Great Tusk|Protosynthesis|[silent]
|-damage|p1a: Tyrant's Enforcer|78/100|[from] item: Life Orb
|
|upkeep
|
|t:|1780957754
|switch|p2a: Hatterene|Hatterene, F|100/100
|turn|8
|
|t:|1780957760
|switch|p1a: Tyrant's Downpour|Pelipper, F|15/100
|-damage|p1a: Tyrant's Downpour|0 fnt|[from] Stealth Rock
|faint|p1a: Tyrant's Downpour
|-terastallize|p2a: Hatterene|Water
|move|p2a: Hatterene|Draining Kiss|p1: Tyrant's Downpour|[notarget]
|-fail|p2a: Hatterene
|
|upkeep
|
|t:|1780957767
|switch|p1a: King Tyrant|Tyranitar, M|84/100
|-damage|p1a: King Tyrant|72/100|[from] Stealth Rock
|-weather|Sandstorm|[from] ability: Sand Stream|[of] p1a: King Tyrant
|turn|9
|
|t:|1780957779
|switch|p2a: Ogerpon|Ogerpon-Wellspring, F|100/100
|move|p1a: King Tyrant|Knock Off|p2a: Ogerpon
|-damage|p2a: Ogerpon|62/100
|
|-weather|Sandstorm|[upkeep]
|-damage|p2a: Ogerpon|56/100|[from] Sandstorm
|upkeep
|turn|10
|
|t:|1780957800
|move|p2a: Ogerpon|Ivy Cudgel|p1a: King Tyrant|[anim] Ivy Cudgel Water
|-supereffective|p1a: King Tyrant
|-damage|p1a: King Tyrant|0 fnt
|faint|p1a: King Tyrant
|
|-weather|Sandstorm|[upkeep]
|-damage|p2a: Ogerpon|50/100|[from] Sandstorm
|upkeep
|
|t:|1780957807
|switch|p1a: Tyrant's Enforcer|Dragapult, M|78/100
|-damage|p1a: Tyrant's Enforcer|66/100|[from] Stealth Rock
|turn|11
|inactive|a jellyfish has 120 seconds left.
|
|t:|1780957833
|switch|p2a: Iron Moth|Iron Moth|100/100
|-enditem|p2a: Iron Moth|Booster Energy
|-activate|p2a: Iron Moth|ability: Quark Drive|[fromitem]
|-start|p2a: Iron Moth|quarkdrivespe
|move|p1a: Tyrant's Enforcer|Dragon Darts|p2a: Iron Moth
|-damage|p2a: Iron Moth|64/100
|-anim|p1a: Tyrant's Enforcer|Dragon Darts|p2a: Iron Moth
|-damage|p2a: Iron Moth|28/100
|-damage|p1a: Tyrant's Enforcer|56/100|[from] item: Life Orb
|
|-weather|Sandstorm|[upkeep]
|-damage|p2a: Iron Moth|22/100|[from] Sandstorm
|-damage|p1a: Tyrant's Enforcer|50/100|[from] Sandstorm
|upkeep
|turn|12
|inactive|a jellyfish has 120 seconds left.
|
|t:|1780957855
|switch|p1a: Tyrant's Vengeance|Kingdra, F|100/100
|-damage|p1a: Tyrant's Vengeance|88/100|[from] Stealth Rock
|move|p2a: Iron Moth|Sludge Wave|p1a: Tyrant's Vengeance
|-damage|p1a: Tyrant's Vengeance|24/100
|
|-weather|Sandstorm|[upkeep]
|-damage|p2a: Iron Moth|16/100|[from] Sandstorm
|-damage|p1a: Tyrant's Vengeance|18/100|[from] Sandstorm
|upkeep
|turn|13
|inactive|a jellyfish has 120 seconds left.
|
|t:|1780957875
|move|p2a: Iron Moth|Sludge Wave|p1a: Tyrant's Vengeance
|-damage|p1a: Tyrant's Vengeance|0 fnt
|faint|p1a: Tyrant's Vengeance
|
|-weather|none
|upkeep
|
|t:|1780957884
|switch|p1a: Tyrant's Endgame|Quaquaval, F|100/100
|-damage|p1a: Tyrant's Endgame|94/100|[from] Stealth Rock
|turn|14
|
|t:|1780957893
|-end|p2a: Iron Moth|Quark Drive|[silent]
|switch|p2a: Hatterene|Hatterene, F, tera:Water|100/100
|move|p1a: Tyrant's Endgame|Aqua Jet|p2a: Hatterene
|-resisted|p2a: Hatterene
|-damage|p2a: Hatterene|90/100
|
|-heal|p2a: Hatterene|96/100|[from] item: Leftovers
|upkeep
|turn|15
|
|t:|1780957903
|-terastallize|p1a: Tyrant's Endgame|Water
|move|p1a: Tyrant's Endgame|Aqua Step|p2a: Hatterene
|-resisted|p2a: Hatterene
|-damage|p2a: Hatterene|64/100
|-boost|p1a: Tyrant's Endgame|spe|1
|move|p2a: Hatterene|Nuzzle|p1a: Tyrant's Endgame
|-supereffective|p1a: Tyrant's Endgame
|-damage|p1a: Tyrant's Endgame|84/100
|-status|p1a: Tyrant's Endgame|par
|
|-heal|p2a: Hatterene|70/100|[from] item: Leftovers
|upkeep
|turn|16
|-message|kshuaib734 forfeited.
|
|win|a jellyfish
|raw|kshuaib734's rating: 1748 &rarr; <strong>1730</strong><br />(-18 for losing)
|raw|a jellyfish's rating: 1786 &rarr; <strong>1804</strong><br />(+18 for winning)
|l|☆kshuaib734
|player|p1|
|l|☆a jellyfish
|player|p2|
|l| nepturee
|l| blackgokuking
