|j|☆chip wittley
|j|☆icylikedecember
|t:|1780978710
|gametype|singles
|player|p1|chip wittley|lance|1696
|player|p2|icylikedecember|skierf|1716
|gen|9
|tier|[Gen 9] OU
|rated|
|rule|HP Percentage Mod: HP is shown in percentages
|rule|Endless Battle Clause: Forcing endless battles is banned
|rule|Species Clause: Limit one of each Pokémon
|rule|OHKO Clause: OHKO moves are banned
|rule|Evasion Items Clause: Evasion items are banned
|rule|Evasion Moves Clause: Evasion moves are banned
|rule|Evasion Abilities Clause: Evasion abilities are banned
|rule|Sleep Moves Clause: Sleep-inducing moves are banned
|clearpoke
|poke|p1|Araquanid, F|
|poke|p1|Flygon, F|
|poke|p1|Gholdengo|
|poke|p1|Cacturne, F|
|poke|p1|Iron Moth|
|poke|p1|Mimikyu, F|
|poke|p2|Corviknight, M|
|poke|p2|Slowking-Galar, M|
|poke|p2|Darkrai|
|poke|p2|Kyurem|
|poke|p2|Zamazenta-*|
|poke|p2|Crawdaunt, M|
|teampreview
|
|t:|1780978723
|teamsize|p1|6
|teamsize|p2|6
|start
|switch|p1a: Araquanid|Araquanid, F|100/100
|switch|p2a: Crawdaunt|Crawdaunt, M|100/100
|turn|1
|
|t:|1780978731
|move|p2a: Crawdaunt|Knock Off|p1a: Araquanid
|-damage|p1a: Araquanid|0 fnt
|-enditem|p1a: Araquanid|Custap Berry|[from] move: Knock Off|[of] p2a: Crawdaunt
|faint|p1a: Araquanid
|
|upkeep
|
|t:|1780978739
|switch|p1a: Flygon|Flygon, F|100/100
|turn|2
|j| blackblurspidey
|
|t:|1780978755
|switch|p2a: Corviknight|Corviknight, M, shiny|100/100
|-ability|p2a: Corviknight|Pressure
|move|p1a: Flygon|Boomburst|p2a: Corviknight
|-resisted|p2a: Corviknight
|-damage|p2a: Corviknight|82/100
|-enditem|p1a: Flygon|Throat Spray
|-boost|p1a: Flygon|spa|1|[from] item: Throat Spray
|
|upkeep
|turn|3
|
|t:|1780978763
|move|p1a: Flygon|Flamethrower|p2a: Corviknight
|-supereffective|p2a: Corviknight
|-damage|p2a: Corviknight|20/100
|move|p2a: Corviknight|U-turn|p1a: Flygon
|-damage|p1a: Flygon|82/100
|
|t:|1780978772
|switch|p2a: Darkrai|Darkrai|100/100|[from] U-turn
|
|upkeep
|turn|4
|
|t:|1780978777
|-terastallize|p1a: Flygon|Normal
|move|p2a: Darkrai|Ice Beam|p1a: Flygon
|-damage|p1a: Flygon|32/100
|move|p1a: Flygon|Boomburst|p2a: Darkrai
|-damage|p2a: Darkrai|0 fnt
|faint|p2a: Darkrai
|
|upkeep
|
|t:|1780978789
|switch|p2a: Crawdaunt|Crawdaunt, M|100/100
|turn|5
|
|t:|1780978799
|switch|p1a: Cacturne|Cacturne, F|100/100
|move|p2a: Crawdaunt|Aqua Jet|p1a: Cacturne
|-immune|p1a: Cacturne|[from] ability: Water Absorb
|
|upkeep
|turn|6
|
|t:|1780978804
|switch|p2a: Corviknight|Corviknight, M, shiny|20/100
|-ability|p2a: Corviknight|Pressure
|move|p1a: Cacturne|Swords Dance|p1a: Cacturne
|-boost|p1a: Cacturne|atk|2
|
|upkeep
|turn|7
|
|t:|1780978810
|move|p1a: Cacturne|Knock Off|p2a: Corviknight
|-damage|p2a: Corviknight|0 fnt
|-damage|p1a: Cacturne|84/100|[from] item: Rocky Helmet|[of] p2a: Corviknight
|-enditem|p2a: Corviknight|Rocky Helmet|[from] move: Knock Off|[of] p1a: Cacturne
|faint|p2a: Corviknight
|-damage|p1a: Cacturne|74/100|[from] item: Life Orb
|
|upkeep
|
|t:|1780978819
|switch|p2a: Zamazenta|Zamazenta|100/100
|-ability|p2a: Zamazenta|Dauntless Shield|boost
|-boost|p2a: Zamazenta|def|1
|turn|8
|
|t:|1780978823
|switch|p1a: Flygon|Flygon, F, tera:Normal|32/100
|move|p2a: Zamazenta|Crunch|p1a: Flygon
|-crit|p1a: Flygon
|-damage|p1a: Flygon|0 fnt
|faint|p1a: Flygon
|
|upkeep
|j| Sailors Rock
|
|t:|1780978829
|switch|p1a: Iron Moth|Iron Moth|100/100
|turn|9
|
|t:|1780978835
|switch|p2a: Slowking|Slowking-Galar, M, shiny|100/100
|move|p1a: Iron Moth|Fiery Dance|p2a: Slowking
|-damage|p2a: Slowking|80/100
|
|upkeep
|turn|10
|
|t:|1780978839
|-end|p1a: Iron Moth|Quark Drive|[silent]
|switch|p1a: Cacturne|Cacturne, F|74/100
|move|p2a: Slowking|Psyshock|p1a: Cacturne
|-immune|p1a: Cacturne
|
|upkeep
|turn|11
|
|t:|1780978843
|move|p1a: Cacturne|Knock Off|p2a: Slowking
|-supereffective|p2a: Slowking
|-damage|p2a: Slowking|0 fnt
|-enditem|p2a: Slowking|Assault Vest|[from] move: Knock Off|[of] p1a: Cacturne
|faint|p2a: Slowking
|-damage|p1a: Cacturne|64/100|[from] item: Life Orb
|
|upkeep
|
|t:|1780978851
|switch|p2a: Kyurem|Kyurem|100/100
|-ability|p2a: Kyurem|Pressure
|turn|12
|
|t:|1780978859
|switch|p1a: Iron Moth|Iron Moth|100/100
|move|p2a: Kyurem|Ice Beam|p1a: Iron Moth
|-resisted|p1a: Iron Moth
|-damage|p1a: Iron Moth|67/100
|
|upkeep
|turn|13
|
|t:|1780978873
|move|p1a: Iron Moth|Meteor Beam||[still]
|-prepare|p1a: Iron Moth|Meteor Beam
|-boost|p1a: Iron Moth|spa|1
|-enditem|p1a: Iron Moth|Power Herb
|-anim|p1a: Iron Moth|Meteor Beam|p2a: Kyurem
|-supereffective|p2a: Kyurem
|-damage|p2a: Kyurem|0 fnt
|faint|p2a: Kyurem
|
|upkeep
|
|t:|1780978890
|switch|p2a: Crawdaunt|Crawdaunt, M|100/100
|turn|14
|
|t:|1780978897
|move|p2a: Crawdaunt|Aqua Jet|p1a: Iron Moth
|-supereffective|p1a: Iron Moth
|-damage|p1a: Iron Moth|0 fnt
|faint|p1a: Iron Moth
|-end|p1a: Iron Moth|Quark Drive|[silent]
|
|upkeep
|
|t:|1780978899
|switch|p1a: Cacturne|Cacturne, F|64/100
|turn|15
|
|t:|1780978901
|switch|p2a: Zamazenta|Zamazenta|100/100
|move|p1a: Cacturne|Seed Bomb|p2a: Zamazenta
|-damage|p2a: Zamazenta|59/100
|-damage|p1a: Cacturne|54/100|[from] item: Life Orb
|
|-heal|p2a: Zamazenta|65/100|[from] item: Leftovers
|upkeep
|turn|16
|j| DA COME UP
|
|t:|1780978913
|switch|p1a: Mimikyu|Mimikyu, F|100/100
|move|p2a: Zamazenta|Iron Defense|p2a: Zamazenta
|-boost|p2a: Zamazenta|def|2
|
|-heal|p2a: Zamazenta|72/100|[from] item: Leftovers
|upkeep
|turn|17
|j| rizz of reko
|
|t:|1780978931
|-terastallize|p2a: Zamazenta|Fire
|move|p2a: Zamazenta|Iron Defense|p2a: Zamazenta
|-boost|p2a: Zamazenta|def|2
|move|p1a: Mimikyu|Swords Dance|p1a: Mimikyu
|-boost|p1a: Mimikyu|atk|2
|
|-heal|p2a: Zamazenta|78/100|[from] item: Leftovers
|upkeep
|turn|18
|
|t:|1780978958
|move|p2a: Zamazenta|Crunch|p1a: Mimikyu
|-activate|p1a: Mimikyu|ability: Disguise
|-damage|p1a: Mimikyu|100/100
|detailschange|p1a: Mimikyu|Mimikyu-Busted, F
|-damage|p1a: Mimikyu|88/100|[from] pokemon: Mimikyu-Busted
|move|p1a: Mimikyu|Shadow Claw|p2a: Zamazenta
|-crit|p2a: Zamazenta
|-damage|p2a: Zamazenta|6/100
|
|-heal|p2a: Zamazenta|12/100|[from] item: Leftovers
|upkeep
|turn|19
|c|☆icylikedecember|why is everyone joining the worst game of my life
|l| rizz of reko
|
|t:|1780978974
|move|p2a: Zamazenta|Crunch|p1a: Mimikyu
|-damage|p1a: Mimikyu|53/100
|move|p1a: Mimikyu|Shadow Claw|p2a: Zamazenta
|-crit|p2a: Zamazenta
|-damage|p2a: Zamazenta|0 fnt
|faint|p2a: Zamazenta
|
|upkeep
|
|t:|1780978981
|switch|p2a: Crawdaunt|Crawdaunt, M|100/100
|turn|20
|
|t:|1780978992
|move|p1a: Mimikyu|Play Rough|p2a: Crawdaunt
|-supereffective|p2a: Crawdaunt
|-damage|p2a: Crawdaunt|0 fnt
|faint|p2a: Crawdaunt
|
|win|chip wittley
|raw|chip wittley's rating: 1696 &rarr; <strong>1717</strong><br />(+21 for winning)
|raw|icylikedecember's rating: 1716 &rarr; <strong>1695</strong><br />(-21 for losing)
|l| blackblurspidey
|l|☆icylikedecember
|player|p2|
