|j|☆iamverykarpy
|j|☆sterster
|t:|1781014233
|gametype|singles
|player|p1|iamverykarpy|colress|1643
|player|p2|sterster|101|1749
|gen|9
|tier|[Gen 9] OU
|rated|
|rule|HP Percentage Mod: HP is shown in percentages
|rule|Endless Battle Clause: Forcing endless battles is banned
|rule|Species Clause: Limit one of each Pokémon
|rule|OHKO Clause: OHKO moves are banned
|rule|Evasion Items Clause: Evasion items are banned
|rule|Evasion Moves Clause: Evasion moves are banned
|rule|Evasion Abilities Clause: Evasion abilities are banned
|rule|Sleep Moves Clause: Sleep-inducing moves are banned
|clearpoke
|poke|p1|Cetitan, F|
|poke|p1|Slowking-Galar, M|
|poke|p1|Kyurem|
|poke|p1|Rillaboom, F|
|poke|p1|Alomomola, F|
|poke|p1|Great Tusk|
|poke|p2|Kingambit, M|
|poke|p2|Deoxys-Speed|
|poke|p2|Great Tusk|
|poke|p2|Dragonite, F|
|poke|p2|Iron Moth|
|poke|p2|Primarina, F|
|teampreview
|inactive|Battle timer is ON: inactive players will automatically lose when time's up. (requested by iamverykarpy)
|c|☆iamverykarpy|oh
|c|☆iamverykarpy|wait nvm
|c|☆sterster|huh
|inactive|sterster has 120 seconds left.
|c|☆iamverykarpy|your team is almost exactly the same as one i just fought
|c|☆sterster|its a old sample team i think
|inactive|sterster has 90 seconds left.
|
|t:|1781014295
|teamsize|p1|6
|teamsize|p2|6
|start
|switch|p1a: Slowking|Slowking-Galar, M, shiny|100/100
|switch|p2a: Moebius|Deoxys-Speed|100/100
|-ability|p2a: Moebius|Pressure
|turn|1
|
|t:|1781014304
|move|p2a: Moebius|Psycho Boost|p1a: Slowking
|-damage|p1a: Slowking|47/100
|-unboost|p2a: Moebius|spa|2
|-damage|p2a: Moebius|91/100|[from] item: Life Orb
|move|p1a: Slowking|Sludge Bomb|p2a: Moebius
|-damage|p2a: Moebius|41/100
|
|upkeep
|turn|2
|
|t:|1781014326
|switch|p2a: Meruem|Kingambit, M|100/100
|switch|p1a: Great Tusk|Great Tusk|100/100
|
|upkeep
|turn|3
|
|t:|1781014335
|-end|p2a: Meruem|fallenundefined|[silent]
|switch|p2a: Siren|Primarina, F|100/100
|move|p1a: Great Tusk|Headlong Rush|p2a: Siren
|-damage|p2a: Siren|22/100
|-unboost|p1a: Great Tusk|def|1
|-unboost|p1a: Great Tusk|spd|1
|
|upkeep
|turn|4
|
|t:|1781014339
|move|p1a: Great Tusk|Headlong Rush|p2a: Siren
|-crit|p2a: Siren
|-damage|p2a: Siren|0 fnt
|-unboost|p1a: Great Tusk|def|1
|-unboost|p1a: Great Tusk|spd|1
|faint|p2a: Siren
|
|upkeep
|
|t:|1781014342
|switch|p2a: Moebius|Deoxys-Speed|41/100
|-ability|p2a: Moebius|Pressure
|turn|5
|
|t:|1781014353
|move|p2a: Moebius|Psycho Boost|p1a: Great Tusk
|-supereffective|p1a: Great Tusk
|-damage|p1a: Great Tusk|0 fnt
|-unboost|p2a: Moebius|spa|2
|faint|p1a: Great Tusk
|-end|p1a: Great Tusk|Protosynthesis|[silent]
|-damage|p2a: Moebius|32/100|[from] item: Life Orb
|
|upkeep
|j| BiscoitoXDBr
|
|t:|1781014366
|switch|p1a: Kyurem|Kyurem, shiny|100/100
|-ability|p1a: Kyurem|Pressure
|turn|6
|
|t:|1781014373
|switch|p2a: Meruem|Kingambit, M|100/100
|-activate|p2a: Meruem|ability: Supreme Overlord
|-start|p2a: Meruem|fallen1|[silent]
|move|p1a: Kyurem|Ice Beam|p2a: Meruem
|-resisted|p2a: Meruem
|-damage|p2a: Meruem|66/100
|
|-heal|p2a: Meruem|72/100|[from] item: Leftovers
|upkeep
|turn|7
|
|t:|1781014387
|switch|p1a: Alomomola|Alomomola, F|100/100
|move|p2a: Meruem|Swords Dance|p2a: Meruem
|-boost|p2a: Meruem|atk|2
|
|-heal|p2a: Meruem|78/100|[from] item: Leftovers
|upkeep
|turn|8
|
|t:|1781014391
|move|p2a: Meruem|Kowtow Cleave|p1a: Alomomola
|-damage|p1a: Alomomola|40/100
|-damage|p2a: Meruem|61/100|[from] item: Rocky Helmet|[of] p1a: Alomomola
|move|p1a: Alomomola|Scald|p2a: Meruem
|-damage|p2a: Meruem|48/100
|
|-heal|p2a: Meruem|54/100|[from] item: Leftovers
|upkeep
|turn|9
|
|t:|1781014398
|move|p2a: Meruem|Kowtow Cleave|p1a: Alomomola
|-damage|p1a: Alomomola|0 fnt
|-damage|p2a: Meruem|37/100|[from] item: Rocky Helmet|[of] p1a: Alomomola
|faint|p1a: Alomomola
|
|-heal|p2a: Meruem|43/100|[from] item: Leftovers
|upkeep
|
|t:|1781014412
|switch|p1a: Kyurem|Kyurem, shiny|100/100
|-ability|p1a: Kyurem|Pressure
|turn|10
|
|t:|1781014422
|-end|p2a: Meruem|fallen1|[silent]
|switch|p2a: Yoshi|Dragonite, F, shiny|100/100
|move|p1a: Kyurem|Draco Meteor|p2a: Yoshi
|-supereffective|p2a: Yoshi
|-damage|p2a: Yoshi|0 fnt
|-unboost|p1a: Kyurem|spa|2
|faint|p2a: Yoshi
|
|upkeep
|
|t:|1781014432
|switch|p2a: Anomаly|Iron Moth|100/100
|-enditem|p2a: Anomаly|Booster Energy
|-activate|p2a: Anomаly|ability: Quark Drive|[fromitem]
|-start|p2a: Anomаly|quarkdrivespe
|turn|11
|
|t:|1781014439
|switch|p1a: Slowking|Slowking-Galar, M, shiny|80/100
|move|p2a: Anomаly|Fiery Dance|p1a: Slowking
|-damage|p1a: Slowking|55/100
|-boost|p2a: Anomаly|spa|1
|
|upkeep
|turn|12
|
|t:|1781014448
|move|p2a: Anomаly|Toxic Spikes|p1a: Slowking
|-sidestart|p1: iamverykarpy|move: Toxic Spikes
|move|p1a: Slowking|Future Sight|p2a: Anomаly
|-start|p1a: Slowking|move: Future Sight
|
|upkeep
|turn|13
|
|t:|1781014452
|move|p2a: Anomаly|Toxic Spikes|p1a: Slowking
|-sidestart|p1: iamverykarpy|move: Toxic Spikes
|-prepare|p1a: Slowking|Chilly Reception|[premajor]
|move|p1a: Slowking|Chilly Reception|p1a: Slowking
|-weather|Snowscape
|
|t:|1781014461
|switch|p1a: Cetitan|Cetitan, F, shiny|100/100|[from] Chilly Reception
|-status|p1a: Cetitan|tox
|
|-weather|Snowscape|[upkeep]
|-damage|p1a: Cetitan|94/100 tox|[from] psn
|upkeep
|turn|14
|
|t:|1781014467
|-end|p2a: Anomаly|Quark Drive|[silent]
|switch|p2a: Meruem|Kingambit, M|43/100
|-activate|p2a: Meruem|ability: Supreme Overlord
|-start|p2a: Meruem|fallen2|[silent]
|move|p1a: Cetitan|Ice Shard|p2a: Meruem
|-resisted|p2a: Meruem
|-damage|p2a: Meruem|36/100
|
|-weather|Snowscape|[upkeep]
|-end|p2a: Meruem|move: Future Sight
|-immune|p2a: Meruem
|-heal|p2a: Meruem|42/100|[from] item: Leftovers
|-damage|p1a: Cetitan|82/100 tox|[from] psn
|upkeep
|turn|15
|
|t:|1781014480
|move|p1a: Cetitan|Earthquake|p2a: Meruem
|-supereffective|p2a: Meruem
|-damage|p2a: Meruem|0 fnt
|faint|p2a: Meruem
|-end|p2a: Meruem|fallen2|[silent]
|
|-weather|Snowscape|[upkeep]
|-damage|p1a: Cetitan|63/100 tox|[from] psn
|upkeep
|
|t:|1781014490
|switch|p2a: Anomаly|Iron Moth|100/100
|turn|16
|
|t:|1781014492
|move|p1a: Cetitan|Earthquake|p2a: Anomаly
|-supereffective|p2a: Anomаly
|-damage|p2a: Anomаly|0 fnt
|faint|p2a: Anomаly
|-end|p2a: Anomаly|Quark Drive|[silent]
|
|-weather|Snowscape|[upkeep]
|-damage|p1a: Cetitan|38/100 tox|[from] psn
|upkeep
|-enditem|p1a: Cetitan|Sitrus Berry|[eat]
|-heal|p1a: Cetitan|63/100 tox|[from] item: Sitrus Berry
|
|t:|1781014503
|switch|p2a: Moebius|Deoxys-Speed|32/100
|-ability|p2a: Moebius|Pressure
|turn|17
|
|t:|1781014527
|-terastallize|p2a: Moebius|Fighting
|move|p1a: Cetitan|Ice Shard|p2a: Moebius
|-damage|p2a: Moebius|0 fnt
|faint|p2a: Moebius
|
|-weather|none
|-damage|p1a: Cetitan|32/100 tox|[from] psn
|upkeep
|-message|sterster forfeited.
|
|win|iamverykarpy
|raw|iamverykarpy's rating: 1643 &rarr; <strong>1669</strong><br />(+26 for winning)
|raw|sterster's rating: 1749 &rarr; <strong>1723</strong><br />(-26 for losing)
|l|☆sterster
|player|p2|
|l|☆iamverykarpy
|player|p1|
|l| BiscoitoXDBr
