|j|☆jd2sleepy
|j|☆li dream
|t:|1781093037
|gametype|singles
|player|p1|jd2sleepy|blackbelt-gen4dp|1582
|player|p2|li dream|cynthia|1643
|gen|9
|tier|[Gen 9] OU
|rated|
|rule|HP Percentage Mod: HP is shown in percentages
|rule|Endless Battle Clause: Forcing endless battles is banned
|rule|Species Clause: Limit one of each Pokémon
|rule|OHKO Clause: OHKO moves are banned
|rule|Evasion Items Clause: Evasion items are banned
|rule|Evasion Moves Clause: Evasion moves are banned
|rule|Evasion Abilities Clause: Evasion abilities are banned
|rule|Sleep Moves Clause: Sleep-inducing moves are banned
|clearpoke
|poke|p1|Toxicroak, M|
|poke|p1|Pelipper, F|
|poke|p1|Floatzel, M|
|poke|p1|Iron Treads|
|poke|p1|Hatterene, F|
|poke|p1|Volcanion|
|poke|p2|Manaphy|
|poke|p2|Pecharunt|
|poke|p2|Hatterene, F|
|poke|p2|Ogerpon-Wellspring, F|
|poke|p2|Darkrai|
|poke|p2|Zamazenta-*|
|teampreview
|j| kanaete onegai
|
|t:|1781093098
|teamsize|p1|6
|teamsize|p2|6
|start
|switch|p1a: Drizzy|Pelipper, F|100/100
|switch|p2a: Manaphy|Manaphy, shiny|100/100
|-weather|RainDance|[from] ability: Drizzle|[of] p1a: Drizzy
|turn|1
|
|t:|1781093105
|move|p2a: Manaphy|Take Heart|p2a: Manaphy
|-boost|p2a: Manaphy|spa|1
|-boost|p2a: Manaphy|spd|1
|move|p1a: Drizzy|Knock Off|p2a: Manaphy
|-damage|p2a: Manaphy|89/100
|-enditem|p2a: Manaphy|Leftovers|[from] move: Knock Off|[of] p1a: Drizzy
|
|-weather|RainDance|[upkeep]
|upkeep
|turn|2
|
|t:|1781093108
|move|p2a: Manaphy|Take Heart|p2a: Manaphy
|-boost|p2a: Manaphy|spa|1
|-boost|p2a: Manaphy|spd|1
|move|p1a: Drizzy|U-turn|p2a: Manaphy
|-damage|p2a: Manaphy|82/100
|
|t:|1781093110
|switch|p1a: Toxicroak|Toxicroak, M|100/100|[from] U-turn
|
|-weather|RainDance|[upkeep]
|upkeep
|turn|3
|
|t:|1781093112
|-terastallize|p1a: Toxicroak|Dark
|move|p2a: Manaphy|Stored Power|p1a: Toxicroak
|-immune|p1a: Toxicroak
|move|p1a: Toxicroak|Encore|p2a: Manaphy
|-start|p2a: Manaphy|Encore
|
|-weather|RainDance|[upkeep]
|upkeep
|turn|4
|
|t:|1781093119
|switch|p2a: Pecharunt|Pecharunt|100/100
|move|p1a: Toxicroak|Knock Off|p2a: Pecharunt
|-supereffective|p2a: Pecharunt
|-damage|p2a: Pecharunt|59/100
|-enditem|p2a: Pecharunt|Leftovers|[from] move: Knock Off|[of] p1a: Toxicroak
|
|-weather|RainDance|[upkeep]
|upkeep
|turn|5
|
|t:|1781093125
|switch|p1a: Iron Treads|Iron Treads|100/100
|move|p2a: Pecharunt|Recover|p2a: Pecharunt
|-heal|p2a: Pecharunt|100/100
|
|-weather|RainDance|[upkeep]
|upkeep
|turn|6
|
|t:|1781093130
|switch|p2a: Zamazenta|Zamazenta, shiny|100/100
|-ability|p2a: Zamazenta|Dauntless Shield|boost
|-boost|p2a: Zamazenta|def|1
|move|p1a: Iron Treads|Knock Off|p2a: Zamazenta
|-resisted|p2a: Zamazenta
|-damage|p2a: Zamazenta|94/100
|-enditem|p2a: Zamazenta|Light Clay|[from] move: Knock Off|[of] p1a: Iron Treads
|
|-weather|RainDance|[upkeep]
|upkeep
|turn|7
|
|t:|1781093133
|move|p2a: Zamazenta|Light Screen|p2a: Zamazenta
|-sidestart|p2: li dream|move: Light Screen
|move|p1a: Iron Treads|Stealth Rock|p2a: Zamazenta
|-sidestart|p2: li dream|move: Stealth Rock
|
|-weather|RainDance|[upkeep]
|upkeep
|turn|8
|
|t:|1781093137
|-end|p1a: Iron Treads|Quark Drive|[silent]
|switch|p1a: Drizzy|Pelipper, F|100/100
|move|p2a: Zamazenta|Reflect|p2a: Zamazenta
|-sidestart|p2: li dream|Reflect
|
|-weather|none
|upkeep
|turn|9
|
|t:|1781093156
|switch|p2a: Ogerpon|Ogerpon-Wellspring, F|100/100
|-damage|p2a: Ogerpon|88/100|[from] Stealth Rock
|move|p1a: Drizzy|U-turn|p2a: Ogerpon
|-supereffective|p2a: Ogerpon
|-damage|p2a: Ogerpon|77/100
|
|t:|1781093158
|switch|p1a: Toxicroak|Toxicroak, M, tera:Dark|100/100|[from] U-turn
|
|upkeep
|turn|10
|
|t:|1781093165
|move|p2a: Ogerpon|Swords Dance|p2a: Ogerpon
|-boost|p2a: Ogerpon|atk|2
|move|p1a: Toxicroak|Poison Jab|p2a: Ogerpon
|-supereffective|p2a: Ogerpon
|-damage|p2a: Ogerpon|38/100
|-status|p2a: Ogerpon|psn
|
|-damage|p2a: Ogerpon|25/100 psn|[from] psn
|upkeep
|turn|11
|
|t:|1781093169
|switch|p1a: Hatterene|Hatterene, F|100/100
|move|p2a: Ogerpon|Trailblaze|p1a: Hatterene
|-damage|p1a: Hatterene|44/100
|-boost|p2a: Ogerpon|spe|1
|-enditem|p1a: Hatterene|Eject Button
|
|t:|1781093177
|switch|p1a: Toxicroak|Toxicroak, M, tera:Dark|100/100
|
|-damage|p2a: Ogerpon|13/100 psn|[from] psn
|-sideend|p2: li dream|move: Light Screen
|upkeep
|turn|12
|
|t:|1781093184
|switch|p1a: Hatterene|Hatterene, F|44/100
|move|p2a: Ogerpon|Trailblaze|p1a: Hatterene
|-damage|p1a: Hatterene|0 fnt
|-boost|p2a: Ogerpon|spe|1
|faint|p1a: Hatterene
|
|-damage|p2a: Ogerpon|1/100 psn|[from] psn
|-sideend|p2: li dream|Reflect
|upkeep
|
|t:|1781093190
|switch|p1a: Drizzy|Pelipper, F|100/100
|-weather|RainDance|[from] ability: Drizzle|[of] p1a: Drizzy
|turn|13
|
|t:|1781093193
|move|p2a: Ogerpon|Ivy Cudgel|p1a: Drizzy|[anim] Ivy Cudgel Water
|-resisted|p1a: Drizzy
|-damage|p1a: Drizzy|9/100
|move|p1a: Drizzy|U-turn|p2a: Ogerpon
|-supereffective|p2a: Ogerpon
|-damage|p2a: Ogerpon|0 fnt
|faint|p2a: Ogerpon
|
|t:|1781093196
|switch|p1a: Crash Out|Floatzel, M|100/100|[from] U-turn
|
|-weather|RainDance|[upkeep]
|upkeep
|
|t:|1781093202
|switch|p2a: Manaphy|Manaphy, shiny|82/100
|-damage|p2a: Manaphy|69/100|[from] Stealth Rock
|turn|14
|
|t:|1781093207
|move|p1a: Crash Out|Wave Crash|p2a: Manaphy
|-resisted|p2a: Manaphy
|-damage|p2a: Manaphy|17/100
|-damage|p1a: Crash Out|78/100|[from] Recoil
|move|p2a: Manaphy|Scald|p1a: Crash Out
|-resisted|p1a: Crash Out
|-damage|p1a: Crash Out|38/100
|-status|p1a: Crash Out|brn
|
|-weather|RainDance|[upkeep]
|-damage|p1a: Crash Out|32/100 brn|[from] brn
|upkeep
|turn|15
|
|t:|1781093211
|move|p1a: Crash Out|Wave Crash|p2a: Manaphy
|-resisted|p2a: Manaphy
|-damage|p2a: Manaphy|0 fnt
|faint|p2a: Manaphy
|-damage|p1a: Crash Out|25/100 brn|[from] Recoil
|
|-weather|RainDance|[upkeep]
|-damage|p1a: Crash Out|19/100 brn|[from] brn
|upkeep
|
|t:|1781093215
|switch|p2a: Zamazenta|Zamazenta, shiny|94/100
|-damage|p2a: Zamazenta|88/100|[from] Stealth Rock
|turn|16
|
|t:|1781093219
|move|p1a: Crash Out|Wave Crash|p2a: Zamazenta
|-damage|p2a: Zamazenta|38/100
|-damage|p1a: Crash Out|0 fnt|[from] Recoil
|faint|p1a: Crash Out
|move|p2a: Zamazenta|Reflect|p2a: Zamazenta
|-sidestart|p2: li dream|Reflect
|
|-weather|RainDance|[upkeep]
|upkeep
|
|t:|1781093223
|switch|p1a: Volcanion|Volcanion|100/100
|turn|17
|
|t:|1781093227
|move|p2a: Zamazenta|Light Screen|p2a: Zamazenta
|-sidestart|p2: li dream|move: Light Screen
|move|p1a: Volcanion|Scald|p2a: Zamazenta
|-damage|p2a: Zamazenta|0 fnt
|faint|p2a: Zamazenta
|
|-weather|RainDance|[upkeep]
|upkeep
|
|t:|1781093231
|switch|p2a: Darkrai|Darkrai, shiny|100/100
|-damage|p2a: Darkrai|88/100|[from] Stealth Rock
|turn|18
|
|t:|1781093237
|move|p2a: Darkrai|Nasty Plot|p2a: Darkrai
|-boost|p2a: Darkrai|spa|2
|move|p1a: Volcanion|Scald|p2a: Darkrai
|-damage|p2a: Darkrai|16/100
|-status|p2a: Darkrai|brn
|
|-weather|RainDance|[upkeep]
|-damage|p2a: Darkrai|10/100 brn|[from] brn
|upkeep
|turn|19
|
|t:|1781093242
|switch|p1a: Drizzy|Pelipper, F|9/100
|move|p2a: Darkrai|Dark Pulse|p1a: Drizzy
|-damage|p1a: Drizzy|0 fnt
|faint|p1a: Drizzy
|-damage|p2a: Darkrai|0 fnt|[from] item: Life Orb
|faint|p2a: Darkrai
|
|-weather|RainDance|[upkeep]
|upkeep
|
|t:|1781093251
|switch|p2a: Hatterene|Hatterene, F, shiny|100/100
|switch|p1a: Volcanion|Volcanion|100/100
|-damage|p2a: Hatterene|88/100|[from] Stealth Rock
|turn|20
|
|t:|1781093255
|-terastallize|p2a: Hatterene|Water
|move|p1a: Volcanion|Steam Eruption|p2a: Hatterene
|-resisted|p2a: Hatterene
|-damage|p2a: Hatterene|55/100
|-status|p2a: Hatterene|brn
|move|p2a: Hatterene|Calm Mind|p2a: Hatterene
|-boost|p2a: Hatterene|spa|1
|-boost|p2a: Hatterene|spd|1
|
|-weather|none
|-heal|p2a: Hatterene|61/100 brn|[from] item: Leftovers
|-damage|p2a: Hatterene|55/100 brn|[from] brn
|-sideend|p2: li dream|Reflect
|upkeep
|turn|21
|
|t:|1781093272
|switch|p1a: Iron Treads|Iron Treads|100/100
|move|p2a: Hatterene|Calm Mind|p2a: Hatterene
|-boost|p2a: Hatterene|spa|1
|-boost|p2a: Hatterene|spd|1
|
|-heal|p2a: Hatterene|61/100 brn|[from] item: Leftovers
|-damage|p2a: Hatterene|55/100 brn|[from] brn
|-sideend|p2: li dream|move: Light Screen
|upkeep
|turn|22
|
|t:|1781093275
|move|p1a: Iron Treads|Knock Off|p2a: Hatterene
|-damage|p2a: Hatterene|34/100 brn
|-enditem|p2a: Hatterene|Leftovers|[from] move: Knock Off|[of] p1a: Iron Treads
|move|p2a: Hatterene|Draining Kiss|p1a: Iron Treads
|-resisted|p1a: Iron Treads
|-damage|p1a: Iron Treads|84/100
|-heal|p2a: Hatterene|49/100 brn|[from] drain|[of] p1a: Iron Treads
|
|-heal|p1a: Iron Treads|90/100|[from] item: Leftovers
|-damage|p2a: Hatterene|43/100 brn|[from] brn
|upkeep
|turn|23
|
|t:|1781093277
|move|p1a: Iron Treads|Earthquake|p2a: Hatterene
|-damage|p2a: Hatterene|11/100 brn
|move|p2a: Hatterene|Mystical Fire|p1a: Iron Treads
|-supereffective|p1a: Iron Treads
|-damage|p1a: Iron Treads|17/100
|-unboost|p1a: Iron Treads|spa|1
|
|-heal|p1a: Iron Treads|23/100|[from] item: Leftovers
|-damage|p2a: Hatterene|5/100 brn|[from] brn
|upkeep
|turn|24
|
|t:|1781093280
|move|p1a: Iron Treads|Rapid Spin|p2a: Hatterene
|-damage|p2a: Hatterene|0 fnt
|-boost|p1a: Iron Treads|spe|1
|faint|p2a: Hatterene
|
|-heal|p1a: Iron Treads|29/100|[from] item: Leftovers
|upkeep
|
|t:|1781093282
|switch|p2a: Pecharunt|Pecharunt|100/100
|-damage|p2a: Pecharunt|88/100|[from] Stealth Rock
|turn|25
|
|t:|1781093284
|move|p1a: Iron Treads|Knock Off|p2a: Pecharunt
|-supereffective|p2a: Pecharunt
|-damage|p2a: Pecharunt|68/100
|move|p2a: Pecharunt|Shadow Ball|p1a: Iron Treads
|-damage|p1a: Iron Treads|8/100
|
|-heal|p1a: Iron Treads|14/100|[from] item: Leftovers
|upkeep
|turn|26
|
|t:|1781093287
|move|p1a: Iron Treads|Earthquake|p2a: Pecharunt
|-supereffective|p2a: Pecharunt
|-damage|p2a: Pecharunt|26/100
|move|p2a: Pecharunt|Shadow Ball|p1a: Iron Treads
|-damage|p1a: Iron Treads|0 fnt
|faint|p1a: Iron Treads
|-end|p1a: Iron Treads|Quark Drive|[silent]
|
|upkeep
|
|t:|1781093290
|switch|p1a: Volcanion|Volcanion|100/100
|turn|27
|
|t:|1781093294
|move|p2a: Pecharunt|Nasty Plot|p2a: Pecharunt
|-boost|p2a: Pecharunt|spa|2
|move|p1a: Volcanion|Earth Power|p2a: Pecharunt
|-supereffective|p2a: Pecharunt
|-damage|p2a: Pecharunt|0 fnt
|faint|p2a: Pecharunt
|
|win|jd2sleepy
|raw|jd2sleepy's rating: 1582 &rarr; <strong>1605</strong><br />(+23 for winning)
|raw|li dream's rating: 1643 &rarr; <strong>1620</strong><br />(-23 for losing)
|l|☆li dream
|player|p2|
|l|☆jd2sleepy
|player|p1|
