|j|☆KurisuChestnutLab
|j|☆n5v
|t:|1781120863
|gametype|singles
|player|p1|KurisuChestnutLab|may-contest|1609
|player|p2|n5v|leon-masters|1711
|gen|9
|tier|[Gen 9] OU
|rated|
|rule|HP Percentage Mod: HP is shown in percentages
|rule|Endless Battle Clause: Forcing endless battles is banned
|rule|Species Clause: Limit one of each Pokémon
|rule|OHKO Clause: OHKO moves are banned
|rule|Evasion Items Clause: Evasion items are banned
|rule|Evasion Moves Clause: Evasion moves are banned
|rule|Evasion Abilities Clause: Evasion abilities are banned
|rule|Sleep Moves Clause: Sleep-inducing moves are banned
|clearpoke
|poke|p1|Zamazenta-*|
|poke|p1|Zapdos|
|poke|p1|Garganacl, F|
|poke|p1|Clefable, M|
|poke|p1|Samurott-Hisui, F|
|poke|p1|Gholdengo|
|poke|p2|Raging Bolt|
|poke|p2|Iron Crown|
|poke|p2|Enamorus, F|
|poke|p2|Great Tusk|
|poke|p2|Kingambit, F|
|poke|p2|Rillaboom, M|
|teampreview
|inactive|Battle timer is ON: inactive players will automatically lose when time's up. (requested by KurisuChestnutLab)
|c|☆n5v|glhf
|
|t:|1781120876
|teamsize|p1|6
|teamsize|p2|6
|start
|switch|p1a: Garganacl|Garganacl, F|100/100
|switch|p2a: goobing bolt|Raging Bolt|100/100
|turn|1
|
|t:|1781120880
|move|p2a: goobing bolt|Volt Switch|p1a: Garganacl
|-damage|p1a: Garganacl|63/100
|
|t:|1781120896
|-end|p2a: goobing bolt|Protosynthesis|[silent]
|switch|p2a: cheap tusk|Great Tusk, shiny|100/100|[from] Volt Switch
|move|p1a: Garganacl|Stealth Rock|p2a: cheap tusk
|-sidestart|p2: n5v|move: Stealth Rock
|
|-heal|p1a: Garganacl|69/100|[from] item: Leftovers
|upkeep
|turn|2
|
|t:|1781120901
|move|p2a: cheap tusk|Stealth Rock|p1a: Garganacl
|-sidestart|p1: KurisuChestnutLab|move: Stealth Rock
|move|p1a: Garganacl|Salt Cure|p2a: cheap tusk
|-resisted|p2a: cheap tusk
|-damage|p2a: cheap tusk|98/100
|-start|p2a: cheap tusk|Salt Cure
|
|-heal|p2a: cheap tusk|100/100|[from] item: Leftovers
|-heal|p1a: Garganacl|75/100|[from] item: Leftovers
|-damage|p2a: cheap tusk|88/100|[from] Salt Cure
|upkeep
|turn|3
|
|t:|1781120910
|-end|p2a: cheap tusk|Protosynthesis|[silent]
|switch|p2a: goobing bolt|Raging Bolt|100/100
|-damage|p2a: goobing bolt|88/100|[from] Stealth Rock
|move|p1a: Garganacl|Salt Cure|p2a: goobing bolt
|-damage|p2a: goobing bolt|74/100
|-start|p2a: goobing bolt|Salt Cure
|
|-heal|p1a: Garganacl|81/100|[from] item: Leftovers
|-damage|p2a: goobing bolt|62/100|[from] Salt Cure
|upkeep
|turn|4
|
|t:|1781120913
|move|p2a: goobing bolt|Volt Switch|p1a: Garganacl
|-damage|p1a: Garganacl|37/100
|
|t:|1781120916
|-end|p2a: goobing bolt|Protosynthesis|[silent]
|switch|p2a: cheap tusk|Great Tusk, shiny|88/100|[from] Volt Switch
|-damage|p2a: cheap tusk|85/100|[from] Stealth Rock
|move|p1a: Garganacl|Recover|p1a: Garganacl
|-heal|p1a: Garganacl|87/100
|
|-heal|p2a: cheap tusk|91/100|[from] item: Leftovers
|-heal|p1a: Garganacl|93/100|[from] item: Leftovers
|upkeep
|turn|5
|
|t:|1781120920
|switch|p1a: Gholdengo|Gholdengo|100/100
|-damage|p1a: Gholdengo|94/100|[from] Stealth Rock
|move|p2a: cheap tusk|Rapid Spin|p1a: Gholdengo
|-immune|p1a: Gholdengo
|
|-heal|p2a: cheap tusk|97/100|[from] item: Leftovers
|upkeep
|turn|6
|
|t:|1781120932
|move|p1a: Gholdengo|Make It Rain|p2a: cheap tusk
|-damage|p2a: cheap tusk|11/100
|-unboost|p1a: Gholdengo|spa|1
|move|p2a: cheap tusk|Headlong Rush|p1a: Gholdengo
|-supereffective|p1a: Gholdengo
|-damage|p1a: Gholdengo|0 fnt
|-unboost|p2a: cheap tusk|def|1
|-unboost|p2a: cheap tusk|spd|1
|faint|p1a: Gholdengo
|
|-heal|p2a: cheap tusk|17/100|[from] item: Leftovers
|upkeep
|
|t:|1781120939
|switch|p1a: Zamazenta|Zamazenta|100/100
|-damage|p1a: Zamazenta|94/100|[from] Stealth Rock
|-ability|p1a: Zamazenta|Dauntless Shield|boost
|-boost|p1a: Zamazenta|def|1
|turn|7
|
|t:|1781120946
|move|p1a: Zamazenta|Body Press|p2a: cheap tusk
|-damage|p2a: cheap tusk|0 fnt
|faint|p2a: cheap tusk
|-end|p2a: cheap tusk|Protosynthesis|[silent]
|
|-heal|p1a: Zamazenta|100/100|[from] item: Leftovers
|upkeep
|
|t:|1781120963
|switch|p2a: diddy kong|Rillaboom, M, shiny|100/100
|-damage|p2a: diddy kong|88/100|[from] Stealth Rock
|-fieldstart|move: Grassy Terrain|[from] ability: Grassy Surge|[of] p2a: diddy kong
|turn|8
|
|t:|1781120970
|move|p2a: diddy kong|Grassy Glide|p1a: Zamazenta
|-damage|p1a: Zamazenta|79/100
|move|p1a: Zamazenta|Body Press|p2a: diddy kong
|-damage|p2a: diddy kong|44/100
|
|-heal|p1a: Zamazenta|86/100|[from] Grassy Terrain
|-heal|p1a: Zamazenta|92/100|[from] item: Leftovers
|-heal|p2a: diddy kong|50/100|[from] Grassy Terrain
|-heal|p2a: diddy kong|56/100|[from] item: Leftovers
|upkeep
|turn|9
|
|t:|1781120976
|move|p1a: Zamazenta|Body Press|p2a: diddy kong
|-damage|p2a: diddy kong|12/100
|move|p2a: diddy kong|Knock Off|p1a: Zamazenta
|-resisted|p1a: Zamazenta
|-damage|p1a: Zamazenta|82/100
|-enditem|p1a: Zamazenta|Leftovers|[from] move: Knock Off|[of] p2a: diddy kong
|
|-heal|p1a: Zamazenta|88/100|[from] Grassy Terrain
|-heal|p2a: diddy kong|19/100|[from] Grassy Terrain
|-heal|p2a: diddy kong|25/100|[from] item: Leftovers
|upkeep
|turn|10
|
|t:|1781120981
|switch|p2a: gay alladin|Enamorus, F|100/100
|-damage|p2a: gay alladin|76/100|[from] Stealth Rock
|move|p1a: Zamazenta|Iron Defense|p1a: Zamazenta
|-boost|p1a: Zamazenta|def|2
|
|-heal|p1a: Zamazenta|94/100|[from] Grassy Terrain
|upkeep
|turn|11
|
|t:|1781120990
|-terastallize|p1a: Zamazenta|Fire
|move|p2a: gay alladin|Moonblast|p1a: Zamazenta
|-resisted|p1a: Zamazenta
|-damage|p1a: Zamazenta|73/100
|-unboost|p1a: Zamazenta|spa|1
|move|p1a: Zamazenta|Body Press|p2a: gay alladin
|-resisted|p2a: gay alladin
|-damage|p2a: gay alladin|47/100
|
|-heal|p1a: Zamazenta|79/100|[from] Grassy Terrain
|upkeep
|turn|12
|j| roarcat
|
|t:|1781120998
|switch|p2a: diddy kong|Rillaboom, M, shiny|25/100
|-damage|p2a: diddy kong|12/100|[from] Stealth Rock
|move|p1a: Zamazenta|Body Press|p2a: diddy kong
|-damage|p2a: diddy kong|0 fnt
|faint|p2a: diddy kong
|
|-heal|p1a: Zamazenta|85/100|[from] Grassy Terrain
|-fieldend|move: Grassy Terrain
|upkeep
|
|t:|1781121000
|switch|p2a: goobing bolt|Raging Bolt|62/100
|-damage|p2a: goobing bolt|49/100|[from] Stealth Rock
|turn|13
|
|t:|1781121005
|-terastallize|p2a: goobing bolt|Ghost
|move|p1a: Zamazenta|Body Press|p2a: goobing bolt
|-immune|p2a: goobing bolt
|move|p2a: goobing bolt|Draco Meteor|p1a: Zamazenta
|-damage|p1a: Zamazenta|1/100
|-unboost|p2a: goobing bolt|spa|2
|
|upkeep
|turn|14
|
|t:|1781121012
|move|p1a: Zamazenta|Crunch|p2a: goobing bolt
|-supereffective|p2a: goobing bolt
|-damage|p2a: goobing bolt|6/100
|move|p2a: goobing bolt|Draco Meteor|p1a: Zamazenta
|-damage|p1a: Zamazenta|0 fnt
|-unboost|p2a: goobing bolt|spa|2
|faint|p1a: Zamazenta
|
|upkeep
|
|t:|1781121020
|switch|p1a: Clefable|Clefable, M|100/100
|turn|15
|
|t:|1781121027
|-end|p2a: goobing bolt|Protosynthesis|[silent]
|switch|p2a: neededaghostresist|Kingambit, F, shiny|100/100
|-damage|p2a: neededaghostresist|94/100|[from] Stealth Rock
|-activate|p2a: neededaghostresist|ability: Supreme Overlord
|-start|p2a: neededaghostresist|fallen2|[silent]
|move|p1a: Clefable|Moonblast|p2a: neededaghostresist
|-damage|p2a: neededaghostresist|63/100
|
|-heal|p2a: neededaghostresist|70/100|[from] item: Leftovers
|upkeep
|turn|16
|
|t:|1781121038
|-end|p2a: neededaghostresist|fallen2|[silent]
|switch|p2a: gay alladin|Enamorus, F|47/100
|-damage|p2a: gay alladin|22/100|[from] Stealth Rock
|switch|p1a: Zapdos|Zapdos|100/100
|
|upkeep
|turn|17
|
|t:|1781121044
|move|p2a: gay alladin|Healing Wish|p2a: gay alladin
|faint|p2a: gay alladin
|move|p1a: Zapdos|Discharge|p2: gay alladin|[notarget]
|-fail|p1a: Zapdos
|
|upkeep
|
|t:|1781121046
|switch|p2a: goobing bolt|Raging Bolt, tera:Ghost|6/100
|-heal|p2a: goobing bolt|100/100|[from] move: Healing Wish
|-damage|p2a: goobing bolt|88/100|[from] Stealth Rock
|turn|18
|
|t:|1781121052
|move|p1a: Zapdos|Discharge|p2a: goobing bolt
|-damage|p2a: goobing bolt|55/100
|move|p2a: goobing bolt|Volt Switch|p1a: Zapdos
|-damage|p1a: Zapdos|34/100
|
|t:|1781121063
|-end|p2a: goobing bolt|Protosynthesis|[silent]
|switch|p2a: le-tachyon|Iron Crown|100/100|[from] Volt Switch
|-damage|p2a: le-tachyon|94/100|[from] Stealth Rock
|
|upkeep
|turn|19
|
|t:|1781121068
|move|p2a: le-tachyon|Psyshock|p1a: Zapdos
|-damage|p1a: Zapdos|5/100
|move|p1a: Zapdos|Roost|p1a: Zapdos
|-heal|p1a: Zapdos|56/100
|-singleturn|p1a: Zapdos|move: Roost
|
|upkeep
|turn|20
|
|t:|1781121075
|move|p2a: le-tachyon|Tachyon Cutter|p1a: Zapdos
|-resisted|p1a: Zapdos
|-damage|p1a: Zapdos|43/100
|-resisted|p1a: Zapdos
|-damage|p1a: Zapdos|31/100
|-hitcount|p1a: Zapdos|2
|move|p1a: Zapdos|Discharge|p2a: le-tachyon
|-damage|p2a: le-tachyon|73/100
|-status|p2a: le-tachyon|par
|
|upkeep
|turn|21
|
|t:|1781121082
|-end|p2a: le-tachyon|Quark Drive|[silent]
|switch|p2a: goobing bolt|Raging Bolt, tera:Ghost|55/100
|-damage|p2a: goobing bolt|42/100|[from] Stealth Rock
|move|p1a: Zapdos|Roost|p1a: Zapdos
|-heal|p1a: Zapdos|81/100
|-singleturn|p1a: Zapdos|move: Roost
|
|upkeep
|turn|22
|
|t:|1781121088
|move|p1a: Zapdos|Hurricane|p2a: goobing bolt|[miss]
|-miss|p1a: Zapdos|p2a: goobing bolt
|move|p2a: goobing bolt|Draco Meteor|p1a: Zapdos
|-damage|p1a: Zapdos|0 fnt
|-unboost|p2a: goobing bolt|spa|2
|faint|p1a: Zapdos
|
|upkeep
|
|t:|1781121095
|switch|p1a: Garganacl|Garganacl, F|93/100
|-damage|p1a: Garganacl|80/100|[from] Stealth Rock
|turn|23
|
|t:|1781121101
|-end|p2a: goobing bolt|Protosynthesis|[silent]
|switch|p2a: le-tachyon|Iron Crown|73/100 par
|-damage|p2a: le-tachyon|67/100 par|[from] Stealth Rock
|move|p1a: Garganacl|Salt Cure|p2a: le-tachyon
|-resisted|p2a: le-tachyon
|-damage|p2a: le-tachyon|59/100 par
|-start|p2a: le-tachyon|Salt Cure
|
|-heal|p1a: Garganacl|87/100|[from] item: Leftovers
|-damage|p2a: le-tachyon|34/100 par|[from] Salt Cure
|upkeep
|turn|24
|
|t:|1781121105
|switch|p1a: Samurott|Samurott-Hisui, F|100/100
|-damage|p1a: Samurott|88/100|[from] Stealth Rock
|move|p2a: le-tachyon|Tachyon Cutter|p1a: Samurott
|-resisted|p1a: Samurott
|-damage|p1a: Samurott|68/100
|-resisted|p1a: Samurott
|-crit|p1a: Samurott
|-damage|p1a: Samurott|40/100
|-hitcount|p1a: Samurott|2
|
|-damage|p2a: le-tachyon|10/100 par|[from] Salt Cure
|upkeep
|turn|25
|
|t:|1781121110
|move|p1a: Samurott|Ceaseless Edge|p2a: le-tachyon
|-supereffective|p2a: le-tachyon
|-damage|p2a: le-tachyon|0 fnt
|-sidestart|p2: n5v|Spikes
|faint|p2a: le-tachyon
|-end|p2a: le-tachyon|Quark Drive|[silent]
|
|upkeep
|
|t:|1781121116
|switch|p2a: neededaghostresist|Kingambit, F, shiny|70/100
|-damage|p2a: neededaghostresist|63/100|[from] Stealth Rock
|-damage|p2a: neededaghostresist|51/100|[from] Spikes
|-activate|p2a: neededaghostresist|ability: Supreme Overlord
|-start|p2a: neededaghostresist|fallen4|[silent]
|turn|26
|
|t:|1781121120
|move|p1a: Samurott|Ceaseless Edge|p2a: neededaghostresist
|-resisted|p2a: neededaghostresist
|-damage|p2a: neededaghostresist|34/100
|-sidestart|p2: n5v|Spikes
|move|p2a: neededaghostresist|Swords Dance|p2a: neededaghostresist
|-boost|p2a: neededaghostresist|atk|2
|
|-heal|p2a: neededaghostresist|40/100|[from] item: Leftovers
|upkeep
|turn|27
|
|t:|1781121123
|switch|p1a: Clefable|Clefable, M|100/100
|move|p2a: neededaghostresist|Kowtow Cleave|p1a: Clefable
|-resisted|p1a: Clefable
|-damage|p1a: Clefable|76/100
|
|-heal|p2a: neededaghostresist|46/100|[from] item: Leftovers
|upkeep
|turn|28
|
|t:|1781121127
|move|p2a: neededaghostresist|Iron Head|p1a: Clefable
|-supereffective|p1a: Clefable
|-damage|p1a: Clefable|0 fnt
|faint|p1a: Clefable
|
|-heal|p2a: neededaghostresist|52/100|[from] item: Leftovers
|upkeep
|
|t:|1781121130
|switch|p1a: Samurott|Samurott-Hisui, F|40/100
|-damage|p1a: Samurott|28/100|[from] Stealth Rock
|turn|29
|
|t:|1781121137
|move|p2a: neededaghostresist|Sucker Punch|p1a: Samurott
|-resisted|p1a: Samurott
|-damage|p1a: Samurott|0 fnt
|faint|p1a: Samurott
|
|-heal|p2a: neededaghostresist|58/100|[from] item: Leftovers
|upkeep
|
|t:|1781121140
|switch|p1a: Garganacl|Garganacl, F|87/100
|-damage|p1a: Garganacl|74/100|[from] Stealth Rock
|turn|30
|
|t:|1781121147
|move|p2a: neededaghostresist|Kowtow Cleave|p1a: Garganacl
|-damage|p1a: Garganacl|0 fnt
|faint|p1a: Garganacl
|
|win|n5v
|raw|KurisuChestnutLab's rating: 1629 &rarr; <strong>1614</strong><br />(-15 for losing)
|raw|n5v's rating: 1711 &rarr; <strong>1726</strong><br />(+15 for winning)
