|j|☆Clummsyy
|j|☆poke2002
|t:|1781472012
|gametype|singles
|player|p1|Clummsyy|266|1546
|player|p2|poke2002|lucas|1523
|gen|9
|tier|[Gen 9] OU
|rated|
|rule|HP Percentage Mod: HP is shown in percentages
|rule|Endless Battle Clause: Forcing endless battles is banned
|rule|Species Clause: Limit one of each Pokémon
|rule|OHKO Clause: OHKO moves are banned
|rule|Evasion Items Clause: Evasion items are banned
|rule|Evasion Moves Clause: Evasion moves are banned
|rule|Evasion Abilities Clause: Evasion abilities are banned
|rule|Sleep Moves Clause: Sleep-inducing moves are banned
|clearpoke
|poke|p1|Kyurem|
|poke|p1|Corviknight, F|
|poke|p1|Ting-Lu|
|poke|p1|Dondozo, F|
|poke|p1|Slowking-Galar, F|
|poke|p1|Cinderace, M|
|poke|p2|Reuniclus, M|
|poke|p2|Zamazenta-*|
|poke|p2|Primarina, M|
|poke|p2|Moltres|
|poke|p2|Ting-Lu|
|poke|p2|Raging Bolt|
|teampreview
|inactive|Battle timer is ON: inactive players will automatically lose when time's up. (requested by poke2002)
|inactive|Clummsyy has 120 seconds left.
|inactive|Clummsyy has 90 seconds left.
|
|t:|1781472087
|teamsize|p1|6
|teamsize|p2|6
|start
|switch|p1a: Corviknight|Corviknight, F|100/100
|switch|p2a: Moltres|Moltres|100/100
|-ability|p1a: Corviknight|Pressure
|turn|1
|inactive|Clummsyy has 120 seconds left.
|
|t:|1781472132
|switch|p1a: Cinderace|Cinderace, M|100/100
|move|p2a: Moltres|U-turn|p1a: Cinderace
|-resisted|p1a: Cinderace
|-damage|p1a: Cinderace|91/100
|
|t:|1781472137
|switch|p2a: Ting-Lu|Ting-Lu|100/100|[from] U-turn
|-ability|p2a: Ting-Lu|Vessel of Ruin
|
|upkeep
|turn|2
|
|t:|1781472150
|move|p1a: Cinderace|U-turn|p2a: Ting-Lu
|-supereffective|p2a: Ting-Lu
|-damage|p2a: Ting-Lu|80/100
|inactive|Clummsyy has 90 seconds left.
|
|t:|1781472176
|switch|p1a: Corviknight|Corviknight, F|100/100|[from] U-turn
|-ability|p1a: Corviknight|Pressure
|move|p2a: Ting-Lu|Ruination|p1a: Corviknight
|-damage|p1a: Corviknight|51/100
|
|-heal|p2a: Ting-Lu|86/100|[from] item: Leftovers
|upkeep
|turn|3
|
|t:|1781472185
|move|p1a: Corviknight|Roost|p1a: Corviknight
|-heal|p1a: Corviknight|100/100
|-singleturn|p1a: Corviknight|move: Roost
|move|p2a: Ting-Lu|Stealth Rock|p1a: Corviknight
|-sidestart|p1: Clummsyy|move: Stealth Rock
|
|-heal|p2a: Ting-Lu|92/100|[from] item: Leftovers
|upkeep
|turn|4
|
|t:|1781472191
|move|p1a: Corviknight|Defog|p2a: Ting-Lu
|-unboost|p2a: Ting-Lu|evasion|1
|-sideend|p1: Clummsyy|Stealth Rock|[from] move: Defog|[of] p1a: Corviknight
|move|p2a: Ting-Lu|Ruination|p1a: Corviknight
|-damage|p1a: Corviknight|51/100
|
|-heal|p2a: Ting-Lu|99/100|[from] item: Leftovers
|upkeep
|turn|5
|
|t:|1781472199
|switch|p2a: Reuniclus|Reuniclus, M|100/100
|move|p1a: Corviknight|Roost|p1a: Corviknight
|-heal|p1a: Corviknight|100/100
|-singleturn|p1a: Corviknight|move: Roost
|
|upkeep
|turn|6
|
|t:|1781472205
|move|p1a: Corviknight|U-turn|p2a: Reuniclus
|-supereffective|p2a: Reuniclus
|-damage|p2a: Reuniclus|70/100
|
|t:|1781472208
|switch|p1a: Ting-Lu|Ting-Lu|100/100|[from] U-turn
|-ability|p1a: Ting-Lu|Vessel of Ruin
|move|p2a: Reuniclus|Knock Off|p1a: Ting-Lu
|-resisted|p1a: Ting-Lu
|-damage|p1a: Ting-Lu|95/100
|-enditem|p1a: Ting-Lu|Leftovers|[from] move: Knock Off|[of] p2a: Reuniclus
|
|upkeep
|turn|7
|inactive|Clummsyy has 120 seconds left.
|
|t:|1781472224
|switch|p2a: Ting-Lu|Ting-Lu|99/100
|-ability|p2a: Ting-Lu|Vessel of Ruin
|move|p1a: Ting-Lu|Earthquake|p2a: Ting-Lu
|-damage|p2a: Ting-Lu|79/100
|
|-heal|p2a: Ting-Lu|85/100|[from] item: Leftovers
|upkeep
|turn|8
|inactive|Clummsyy has 90 seconds left.
|
|t:|1781472273
|switch|p1a: Corviknight|Corviknight, F|100/100
|-ability|p1a: Corviknight|Pressure
|move|p2a: Ting-Lu|Ruination|p1a: Corviknight
|-damage|p1a: Corviknight|51/100
|
|-heal|p2a: Ting-Lu|91/100|[from] item: Leftovers
|upkeep
|turn|9
|
|t:|1781472281
|switch|p2a: Raging Bolt|Raging Bolt|100/100
|move|p1a: Corviknight|Roost|p1a: Corviknight
|-heal|p1a: Corviknight|100/100
|-singleturn|p1a: Corviknight|move: Roost
|
|upkeep
|turn|10
|
|t:|1781472286
|switch|p1a: Ting-Lu|Ting-Lu|95/100
|-ability|p1a: Ting-Lu|Vessel of Ruin
|move|p2a: Raging Bolt|Draco Meteor|p1a: Ting-Lu
|-damage|p1a: Ting-Lu|48/100
|-unboost|p2a: Raging Bolt|spa|2
|
|upkeep
|turn|11
|inactive|Clummsyy has 90 seconds left.
|
|t:|1781472296
|-end|p2a: Raging Bolt|Protosynthesis|[silent]
|switch|p2a: Reuniclus|Reuniclus, M|70/100
|move|p1a: Ting-Lu|Rest|p1a: Ting-Lu
|-status|p1a: Ting-Lu|slp|[from] move: Rest
|-heal|p1a: Ting-Lu|100/100 slp|[silent]
|
|upkeep
|turn|12
|inactive|Clummsyy has 90 seconds left.
|
|t:|1781472308
|cant|p1a: Ting-Lu|slp
|move|p1a: Ting-Lu|Sleep Talk|p1a: Ting-Lu
|move|p1a: Ting-Lu|Earthquake|p2a: Reuniclus|[from] move: Sleep Talk
|-damage|p2a: Reuniclus|32/100
|move|p2a: Reuniclus|Recover|p2a: Reuniclus
|-heal|p2a: Reuniclus|82/100
|
|upkeep
|turn|13
|inactive|Clummsyy has 90 seconds left.
|
|t:|1781472327
|switch|p2a: Moltres|Moltres|100/100
|cant|p1a: Ting-Lu|slp
|move|p1a: Ting-Lu|Sleep Talk|p1a: Ting-Lu
|move|p1a: Ting-Lu|Payback|p2a: Moltres|[from] move: Sleep Talk
|-damage|p2a: Moltres|87/100
|
|upkeep
|turn|14
|inactive|Clummsyy has 90 seconds left.
|
|t:|1781472339
|move|p2a: Moltres|U-turn|p1a: Ting-Lu
|-supereffective|p1a: Ting-Lu
|-damage|p1a: Ting-Lu|85/100 slp
|
|t:|1781472352
|switch|p2a: Ting-Lu|Ting-Lu|91/100|[from] U-turn
|-ability|p2a: Ting-Lu|Vessel of Ruin
|-curestatus|p1a: Ting-Lu|slp|[msg]
|move|p1a: Ting-Lu|Payback|p2a: Ting-Lu
|-resisted|p2a: Ting-Lu
|-damage|p2a: Ting-Lu|86/100
|
|-heal|p2a: Ting-Lu|92/100|[from] item: Leftovers
|upkeep
|turn|15
|inactive|Clummsyy has 90 seconds left.
|
|t:|1781472367
|move|p2a: Ting-Lu|Earthquake|p1a: Ting-Lu
|-damage|p1a: Ting-Lu|63/100
|move|p1a: Ting-Lu|Earthquake|p2a: Ting-Lu
|-crit|p2a: Ting-Lu
|-damage|p2a: Ting-Lu|62/100
|
|-heal|p2a: Ting-Lu|68/100|[from] item: Leftovers
|upkeep
|turn|16
|inactive|Clummsyy has 90 seconds left.
|
|t:|1781472379
|switch|p2a: Moltres|Moltres|87/100
|switch|p1a: Corviknight|Corviknight, F|100/100
|-ability|p1a: Corviknight|Pressure
|
|upkeep
|turn|17
|inactive|Clummsyy has 90 seconds left.
|
|t:|1781472390
|switch|p1a: Slowking|Slowking-Galar, F|100/100
|move|p2a: Moltres|Flamethrower|p1a: Slowking
|-damage|p1a: Slowking|78/100
|
|upkeep
|turn|18
|inactive|Clummsyy has 90 seconds left.
|
|t:|1781472422
|move|p2a: Moltres|U-turn|p1a: Slowking
|-damage|p1a: Slowking|64/100
|
|t:|1781472426
|switch|p2a: Reuniclus|Reuniclus, M|82/100|[from] U-turn
|move|p1a: Slowking|Toxic|p2a: Reuniclus
|-status|p2a: Reuniclus|tox
|
|upkeep
|turn|19
|
|t:|1781472440
|move|p2a: Reuniclus|Knock Off|p1a: Slowking
|-supereffective|p1a: Slowking
|-damage|p1a: Slowking|29/100
|-enditem|p1a: Slowking|Heavy-Duty Boots|[from] move: Knock Off|[of] p2a: Reuniclus
|-prepare|p1a: Slowking|Chilly Reception|[premajor]
|move|p1a: Slowking|Chilly Reception|p1a: Slowking
|-weather|Snowscape
|
|t:|1781472451
|switch|p1a: Cinderace|Cinderace, M|91/100|[from] Chilly Reception
|
|-weather|Snowscape|[upkeep]
|upkeep
|turn|20
|
|t:|1781472458
|switch|p2a: Moltres|Moltres|87/100
|move|p1a: Cinderace|Pyro Ball|p2a: Moltres
|-resisted|p2a: Moltres
|-damage|p2a: Moltres|69/100
|
|-weather|Snowscape|[upkeep]
|upkeep
|turn|21
|
|t:|1781472464
|move|p1a: Cinderace|U-turn|p2a: Moltres
|-resisted|p2a: Moltres
|-damage|p2a: Moltres|66/100
|
|t:|1781472469
|switch|p1a: Slowking|Slowking-Galar, F|62/100|[from] U-turn
|move|p2a: Moltres|Roost|p2a: Moltres
|-heal|p2a: Moltres|100/100
|-singleturn|p2a: Moltres|move: Roost
|
|-weather|Snowscape|[upkeep]
|upkeep
|turn|22
|inactive|Clummsyy has 90 seconds left.
|
|t:|1781472475
|move|p2a: Moltres|U-turn|p1a: Slowking
|-damage|p1a: Slowking|46/100
|
|t:|1781472478
|switch|p2a: Reuniclus|Reuniclus, M|82/100 tox|[from] U-turn
|-prepare|p1a: Slowking|Chilly Reception|[premajor]
|move|p1a: Slowking|Chilly Reception|p1a: Slowking
|
|t:|1781472484
|switch|p1a: Cinderace|Cinderace, M|91/100|[from] Chilly Reception
|
|-weather|Snowscape|[upkeep]
|upkeep
|turn|23
|
|t:|1781472488
|switch|p2a: Moltres|Moltres|100/100
|move|p1a: Cinderace|U-turn|p2a: Moltres
|-resisted|p2a: Moltres
|-damage|p2a: Moltres|97/100
|
|t:|1781472502
|switch|p1a: Ting-Lu|Ting-Lu|63/100|[from] U-turn
|-ability|p1a: Ting-Lu|Vessel of Ruin
|
|-weather|none
|upkeep
|turn|24
|
|t:|1781472506
|move|p2a: Moltres|U-turn|p1a: Ting-Lu
|-supereffective|p1a: Ting-Lu
|-damage|p1a: Ting-Lu|48/100
|
|t:|1781472515
|switch|p2a: Primarina|Primarina, M|100/100|[from] U-turn
|move|p1a: Ting-Lu|Rest|p1a: Ting-Lu
|-status|p1a: Ting-Lu|slp|[from] move: Rest
|-heal|p1a: Ting-Lu|100/100 slp|[silent]
|
|upkeep
|turn|25
|inactive|Clummsyy has 120 seconds left.
|
|t:|1781472524
|switch|p1a: Slowking|Slowking-Galar, F|80/100
|move|p2a: Primarina|Substitute|p2a: Primarina
|-start|p2a: Primarina|Substitute
|-damage|p2a: Primarina|75/100
|
|-heal|p2a: Primarina|82/100|[from] item: Leftovers
|upkeep
|turn|26
|
|t:|1781472530
|move|p2a: Primarina|Psychic Noise|p1a: Slowking
|-damage|p1a: Slowking|53/100
|-start|p1a: Slowking|move: Heal Block
|move|p1a: Slowking|Sludge Bomb|p2a: Primarina
|-supereffective|p2a: Primarina
|-end|p2a: Primarina|Substitute
|
|-heal|p2a: Primarina|88/100|[from] item: Leftovers
|upkeep
|turn|27
|
|t:|1781472540
|switch|p2a: Reuniclus|Reuniclus, M|82/100 tox
|move|p1a: Slowking|Sludge Bomb|p2a: Reuniclus
|-damage|p2a: Reuniclus|49/100 tox
|
|-end|p1a: Slowking|move: Heal Block
|upkeep
|turn|28
|inactive|Clummsyy has 120 seconds left.
|
|t:|1781472561
|move|p2a: Reuniclus|Recover|p2a: Reuniclus
|-heal|p2a: Reuniclus|99/100 tox
|move|p1a: Slowking|Sludge Bomb|p2a: Reuniclus
|-damage|p2a: Reuniclus|65/100 tox
|
|upkeep
|turn|29
|inactive|Clummsyy has 120 seconds left.
|
|t:|1781472581
|switch|p1a: Ting-Lu|Ting-Lu|100/100 slp
|-ability|p1a: Ting-Lu|Vessel of Ruin
|move|p2a: Reuniclus|Psychic Noise|p1a: Ting-Lu
|-immune|p1a: Ting-Lu
|
|upkeep
|turn|30
|
|t:|1781472601
|switch|p2a: Ting-Lu|Ting-Lu|68/100
|-ability|p2a: Ting-Lu|Vessel of Ruin
|cant|p1a: Ting-Lu|slp
|move|p1a: Ting-Lu|Sleep Talk|p1a: Ting-Lu
|move|p1a: Ting-Lu|Payback|p2a: Ting-Lu|[from] move: Sleep Talk
|-resisted|p2a: Ting-Lu
|-damage|p2a: Ting-Lu|63/100
|
|-heal|p2a: Ting-Lu|69/100|[from] item: Leftovers
|upkeep
|turn|31
|inactive|Clummsyy has 120 seconds left.
|
|t:|1781472614
|switch|p1a: Corviknight|Corviknight, F|100/100
|-ability|p1a: Corviknight|Pressure
|move|p2a: Ting-Lu|Stealth Rock|p1a: Corviknight
|-sidestart|p1: Clummsyy|move: Stealth Rock
|
|-heal|p2a: Ting-Lu|76/100|[from] item: Leftovers
|upkeep
|turn|32
|inactive|Clummsyy has 120 seconds left.
|
|t:|1781472622
|move|p1a: Corviknight|Defog|p2a: Ting-Lu
|-unboost|p2a: Ting-Lu|evasion|1
|-sideend|p1: Clummsyy|Stealth Rock|[from] move: Defog|[of] p1a: Corviknight
|move|p2a: Ting-Lu|Ruination|p1a: Corviknight
|-damage|p1a: Corviknight|51/100
|
|-heal|p2a: Ting-Lu|82/100|[from] item: Leftovers
|upkeep
|turn|33
|
|t:|1781472630
|move|p1a: Corviknight|Roost|p1a: Corviknight
|-heal|p1a: Corviknight|100/100
|-singleturn|p1a: Corviknight|move: Roost
|move|p2a: Ting-Lu|Stealth Rock|p1a: Corviknight
|-sidestart|p1: Clummsyy|move: Stealth Rock
|
|-heal|p2a: Ting-Lu|88/100|[from] item: Leftovers
|upkeep
|turn|34
|
|t:|1781472639
|move|p1a: Corviknight|Defog|p2a: Ting-Lu
|-unboost|p2a: Ting-Lu|evasion|1
|-sideend|p1: Clummsyy|Stealth Rock|[from] move: Defog|[of] p1a: Corviknight
|move|p2a: Ting-Lu|Ruination|p1a: Corviknight
|-damage|p1a: Corviknight|51/100
|
|-heal|p2a: Ting-Lu|94/100|[from] item: Leftovers
|upkeep
|turn|35
|
|t:|1781472645
|move|p1a: Corviknight|Roost|p1a: Corviknight
|-heal|p1a: Corviknight|100/100
|-singleturn|p1a: Corviknight|move: Roost
|move|p2a: Ting-Lu|Earthquake|p1a: Corviknight
|-supereffective|p1a: Corviknight
|-damage|p1a: Corviknight|52/100
|
|-heal|p2a: Ting-Lu|100/100|[from] item: Leftovers
|upkeep
|turn|36
|
|t:|1781472652
|move|p1a: Corviknight|Roost|p1a: Corviknight
|-heal|p1a: Corviknight|100/100
|-singleturn|p1a: Corviknight|move: Roost
|move|p2a: Ting-Lu|Stealth Rock|p1a: Corviknight
|-sidestart|p1: Clummsyy|move: Stealth Rock
|
|upkeep
|turn|37
|
|t:|1781472660
|move|p1a: Corviknight|Defog|p2a: Ting-Lu
|-unboost|p2a: Ting-Lu|evasion|1
|-sideend|p1: Clummsyy|Stealth Rock|[from] move: Defog|[of] p1a: Corviknight
|move|p2a: Ting-Lu|Stealth Rock|p1a: Corviknight
|-sidestart|p1: Clummsyy|move: Stealth Rock
|
|upkeep
|turn|38
|
|t:|1781472666
|switch|p2a: Reuniclus|Reuniclus, M|65/100 tox
|move|p1a: Corviknight|Defog|p2a: Reuniclus
|-unboost|p2a: Reuniclus|evasion|1
|-sideend|p1: Clummsyy|Stealth Rock|[from] move: Defog|[of] p1a: Corviknight
|
|upkeep
|turn|39
|
|t:|1781472671
|move|p1a: Corviknight|U-turn|p2a: Reuniclus
|-supereffective|p2a: Reuniclus
|-damage|p2a: Reuniclus|34/100 tox
|
|t:|1781472675
|switch|p1a: Ting-Lu|Ting-Lu|100/100 slp|[from] U-turn
|-ability|p1a: Ting-Lu|Vessel of Ruin
|move|p2a: Reuniclus|Recover|p2a: Reuniclus
|-heal|p2a: Reuniclus|84/100 tox
|
|upkeep
|turn|40
|
|t:|1781472683
|switch|p2a: Primarina|Primarina, M|88/100
|cant|p1a: Ting-Lu|slp
|move|p1a: Ting-Lu|Sleep Talk|p1a: Ting-Lu
|move|p1a: Ting-Lu|Payback|p2a: Primarina|[from] move: Sleep Talk
|-resisted|p2a: Primarina
|-damage|p2a: Primarina|76/100
|
|-heal|p2a: Primarina|82/100|[from] item: Leftovers
|upkeep
|turn|41
|
|t:|1781472692
|switch|p1a: Slowking|Slowking-Galar, F|86/100
|move|p2a: Primarina|Psychic Noise|p1a: Slowking
|-crit|p1a: Slowking
|-damage|p1a: Slowking|48/100
|-start|p1a: Slowking|move: Heal Block
|
|-heal|p2a: Primarina|88/100|[from] item: Leftovers
|upkeep
|turn|42
|
|t:|1781472711
|-terastallize|p2a: Primarina|Poison
|move|p2a: Primarina|Calm Mind|p2a: Primarina
|-boost|p2a: Primarina|spa|1
|-boost|p2a: Primarina|spd|1
|move|p1a: Slowking|Sludge Bomb|p2a: Primarina
|-resisted|p2a: Primarina
|-damage|p2a: Primarina|79/100
|
|-heal|p2a: Primarina|85/100|[from] item: Leftovers
|-end|p1a: Slowking|move: Heal Block
|upkeep
|turn|43
|inactive|Clummsyy has 120 seconds left.
|inactive|Clummsyy has 90 seconds left.
|
|t:|1781472774
|move|p2a: Primarina|Substitute|p2a: Primarina
|-start|p2a: Primarina|Substitute
|-damage|p2a: Primarina|60/100
|-prepare|p1a: Slowking|Chilly Reception|[premajor]
|move|p1a: Slowking|Chilly Reception|p1a: Slowking
|-weather|Snowscape
|inactive|Clummsyy has 90 seconds left.
|
|t:|1781472783
|switch|p1a: Ting-Lu|Ting-Lu|100/100 slp|[from] Chilly Reception
|-ability|p1a: Ting-Lu|Vessel of Ruin
|
|-weather|Snowscape|[upkeep]
|-heal|p2a: Primarina|66/100|[from] item: Leftovers
|upkeep
|turn|44
|
|t:|1781472789
|move|p2a: Primarina|Draining Kiss|p1a: Ting-Lu
|-supereffective|p1a: Ting-Lu
|-damage|p1a: Ting-Lu|67/100 slp
|-heal|p2a: Primarina|100/100|[from] drain|[of] p1a: Ting-Lu
|-curestatus|p1a: Ting-Lu|slp|[msg]
|move|p1a: Ting-Lu|Earthquake|p2a: Primarina
|-supereffective|p2a: Primarina
|-end|p2a: Primarina|Substitute
|
|-weather|Snowscape|[upkeep]
|upkeep
|turn|45
|
|t:|1781472804
|-terastallize|p1a: Ting-Lu|Water
|move|p2a: Primarina|Psychic Noise|p1a: Ting-Lu
|-resisted|p1a: Ting-Lu
|-damage|p1a: Ting-Lu|53/100
|-start|p1a: Ting-Lu|move: Heal Block
|move|p1a: Ting-Lu|Earthquake|p2a: Primarina
|-supereffective|p2a: Primarina
|-damage|p2a: Primarina|8/100
|
|-weather|Snowscape|[upkeep]
|-heal|p2a: Primarina|14/100|[from] item: Leftovers
|upkeep
|turn|46
|
|t:|1781472817
|move|p2a: Primarina|Draining Kiss|p1a: Ting-Lu
|-damage|p1a: Ting-Lu|34/100
|-heal|p2a: Primarina|34/100|[from] drain|[of] p1a: Ting-Lu
|move|p1a: Ting-Lu|Payback|p2a: Primarina
|-damage|p2a: Primarina|0 fnt
|faint|p2a: Primarina
|
|-weather|Snowscape|[upkeep]
|-end|p1a: Ting-Lu|move: Heal Block
|upkeep
|
|t:|1781472822
|switch|p2a: Raging Bolt|Raging Bolt|100/100
|turn|47
|
|t:|1781472835
|move|p2a: Raging Bolt|Volt Switch|p1a: Ting-Lu
|-supereffective|p1a: Ting-Lu
|-damage|p1a: Ting-Lu|0 fnt
|faint|p1a: Ting-Lu
|
|t:|1781472841
|-end|p2a: Raging Bolt|Protosynthesis|[silent]
|switch|p2a: Ting-Lu|Ting-Lu|100/100|[from] Volt Switch
|-ability|p2a: Ting-Lu|Vessel of Ruin
|
|-weather|none
|upkeep
|inactive|Clummsyy has 90 seconds left.
|
|t:|1781472880
|switch|p1a: Dondozo|Dondozo, F|100/100
|turn|48
|
|t:|1781472885
|move|p2a: Ting-Lu|Stealth Rock|p1a: Dondozo
|-sidestart|p1: Clummsyy|move: Stealth Rock
|move|p1a: Dondozo|Curse|p1a: Dondozo
|-unboost|p1a: Dondozo|spe|1
|-boost|p1a: Dondozo|atk|1
|-boost|p1a: Dondozo|def|1
|
|upkeep
|turn|49
|inactive|Clummsyy has 90 seconds left.
|
|t:|1781472897
|move|p1a: Dondozo|Body Press|p2a: Ting-Lu
|-supereffective|p2a: Ting-Lu
|-damage|p2a: Ting-Lu|52/100
|move|p2a: Ting-Lu|Whirlwind|p1a: Dondozo
|drag|p1a: Slowking|Slowking-Galar, F|81/100
|-damage|p1a: Slowking|69/100|[from] Stealth Rock
|
|-heal|p2a: Ting-Lu|58/100|[from] item: Leftovers
|upkeep
|turn|50
|inactive|Clummsyy has 90 seconds left.
|
|t:|1781472908
|switch|p1a: Corviknight|Corviknight, F|100/100
|-damage|p1a: Corviknight|88/100|[from] Stealth Rock
|-ability|p1a: Corviknight|Pressure
|move|p2a: Ting-Lu|Earthquake|p1a: Corviknight
|-immune|p1a: Corviknight
|
|-heal|p2a: Ting-Lu|65/100|[from] item: Leftovers
|upkeep
|turn|51
|
|t:|1781472916
|switch|p2a: Raging Bolt|Raging Bolt|100/100
|move|p1a: Corviknight|Defog|p2a: Raging Bolt
|-unboost|p2a: Raging Bolt|evasion|1
|-sideend|p1: Clummsyy|Stealth Rock|[from] move: Defog|[of] p1a: Corviknight
|
|upkeep
|turn|52
|
|t:|1781472929
|switch|p1a: Slowking|Slowking-Galar, F|100/100
|move|p2a: Raging Bolt|Volt Switch|p1a: Slowking
|-damage|p1a: Slowking|61/100
|
|t:|1781472936
|-end|p2a: Raging Bolt|Protosynthesis|[silent]
|switch|p2a: Ting-Lu|Ting-Lu|65/100|[from] Volt Switch
|-ability|p2a: Ting-Lu|Vessel of Ruin
|
|-heal|p2a: Ting-Lu|71/100|[from] item: Leftovers
|upkeep
|turn|53
|inactive|Clummsyy has 90 seconds left.
|
|t:|1781472961
|switch|p1a: Kyurem|Kyurem|100/100
|-ability|p1a: Kyurem|Pressure
|move|p2a: Ting-Lu|Earthquake|p1a: Kyurem
|-damage|p1a: Kyurem|67/100
|
|-heal|p1a: Kyurem|73/100|[from] item: Leftovers
|-heal|p2a: Ting-Lu|77/100|[from] item: Leftovers
|upkeep
|turn|54
|inactive|Clummsyy has 90 seconds left.
|
|t:|1781472969
|switch|p2a: Moltres|Moltres|97/100
|move|p1a: Kyurem|Freeze-Dry|p2a: Moltres
|-damage|p2a: Moltres|61/100
|
|-heal|p1a: Kyurem|79/100|[from] item: Leftovers
|upkeep
|turn|55
|
|t:|1781472977
|move|p1a: Kyurem|Protect|p1a: Kyurem
|-singleturn|p1a: Kyurem|Protect
|move|p2a: Moltres|Roost|p2a: Moltres
|-heal|p2a: Moltres|100/100
|-singleturn|p2a: Moltres|move: Roost
|
|-heal|p1a: Kyurem|86/100|[from] item: Leftovers
|upkeep
|turn|56
|
|t:|1781472983
|move|p1a: Kyurem|Freeze-Dry|p2a: Moltres
|-damage|p2a: Moltres|63/100
|move|p2a: Moltres|Flamethrower|p1a: Kyurem
|-damage|p1a: Kyurem|49/100
|-status|p1a: Kyurem|brn
|
|-heal|p1a: Kyurem|55/100 brn|[from] item: Leftovers
|-damage|p1a: Kyurem|49/100 brn|[from] brn
|upkeep
|turn|57
|
|t:|1781472992
|move|p1a: Kyurem|Freeze-Dry|p2a: Moltres
|-damage|p2a: Moltres|30/100
|move|p2a: Moltres|Roost|p2a: Moltres
|-heal|p2a: Moltres|80/100
|-singleturn|p2a: Moltres|move: Roost
|
|-heal|p1a: Kyurem|55/100 brn|[from] item: Leftovers
|-damage|p1a: Kyurem|49/100 brn|[from] brn
|upkeep
|turn|58
|
|t:|1781473002
|move|p1a: Kyurem|Freeze-Dry|p2a: Moltres
|-damage|p2a: Moltres|41/100
|move|p2a: Moltres|Flamethrower|p1a: Kyurem
|-damage|p1a: Kyurem|16/100 brn
|
|-heal|p1a: Kyurem|22/100 brn|[from] item: Leftovers
|-damage|p1a: Kyurem|16/100 brn|[from] brn
|upkeep
|turn|59
|inactive|Clummsyy has 120 seconds left.
|
|t:|1781473011
|move|p1a: Kyurem|Freeze-Dry|p2a: Moltres
|-damage|p2a: Moltres|6/100
|-status|p2a: Moltres|frz
|cant|p2a: Moltres|frz
|
|-heal|p1a: Kyurem|22/100 brn|[from] item: Leftovers
|-damage|p1a: Kyurem|16/100 brn|[from] brn
|upkeep
|turn|60
|
|t:|1781473029
|move|p1a: Kyurem|Freeze-Dry|p2a: Moltres
|-damage|p2a: Moltres|0 fnt
|faint|p2a: Moltres
|
|-heal|p1a: Kyurem|22/100 brn|[from] item: Leftovers
|-damage|p1a: Kyurem|16/100 brn|[from] brn
|upkeep
|
|t:|1781473034
|switch|p2a: Zamazenta|Zamazenta|100/100
|-ability|p2a: Zamazenta|Dauntless Shield|boost
|-boost|p2a: Zamazenta|def|1
|turn|61
|inactive|Clummsyy has 120 seconds left.
|
|t:|1781473060
|switch|p1a: Dondozo|Dondozo, F|100/100
|move|p2a: Zamazenta|Crunch|p1a: Dondozo
|-damage|p1a: Dondozo|90/100
|-unboost|p1a: Dondozo|def|1
|
|-heal|p1a: Dondozo|96/100|[from] item: Leftovers
|upkeep
|turn|62
|inactive|Clummsyy has 120 seconds left.
|
|t:|1781473071
|switch|p2a: Raging Bolt|Raging Bolt|100/100
|move|p1a: Dondozo|Curse|p1a: Dondozo
|-unboost|p1a: Dondozo|spe|1
|-boost|p1a: Dondozo|atk|1
|-boost|p1a: Dondozo|def|1
|
|-heal|p1a: Dondozo|100/100|[from] item: Leftovers
|upkeep
|turn|63
|
|t:|1781473079
|switch|p1a: Kyurem|Kyurem|16/100 brn
|-ability|p1a: Kyurem|Pressure
|move|p2a: Raging Bolt|Thunderbolt|p1a: Kyurem
|-resisted|p1a: Kyurem
|-damage|p1a: Kyurem|0 fnt
|faint|p1a: Kyurem
|
|upkeep
|inactive|Clummsyy has 120 seconds left.
|
|t:|1781473101
|switch|p1a: Slowking|Slowking-Galar, F|94/100
|turn|64
|
|t:|1781473111
|-end|p2a: Raging Bolt|Protosynthesis|[silent]
|switch|p2a: Reuniclus|Reuniclus, M|84/100 tox
|move|p1a: Slowking|Future Sight|p2a: Reuniclus
|-start|p1a: Slowking|move: Future Sight
|
|upkeep
|turn|65
|
|t:|1781473122
|switch|p1a: Corviknight|Corviknight, F|88/100
|-ability|p1a: Corviknight|Pressure
|move|p2a: Reuniclus|Psychic Noise|p1a: Corviknight
|-resisted|p1a: Corviknight
|-damage|p1a: Corviknight|61/100
|-start|p1a: Corviknight|move: Heal Block
|
|upkeep
|turn|66
|
|t:|1781473131
|switch|p2a: Ting-Lu|Ting-Lu|77/100
|-ability|p2a: Ting-Lu|Vessel of Ruin
|move|p1a: Corviknight|U-turn|p2a: Ting-Lu
|-supereffective|p2a: Ting-Lu
|-damage|p2a: Ting-Lu|60/100
|inactive|Clummsyy has 90 seconds left.
|
|t:|1781473175
|switch|p1a: Slowking|Slowking-Galar, F|100/100|[from] U-turn
|
|-end|p2a: Ting-Lu|move: Future Sight
|-immune|p2a: Ting-Lu
|-heal|p2a: Ting-Lu|66/100|[from] item: Leftovers
|upkeep
|turn|67
|
|t:|1781473181
|move|p2a: Ting-Lu|Earthquake|p1a: Slowking
|-supereffective|p1a: Slowking
|-damage|p1a: Slowking|29/100
|move|p1a: Slowking|Toxic|p2a: Ting-Lu
|-status|p2a: Ting-Lu|tox
|
|-heal|p2a: Ting-Lu|72/100 tox|[from] item: Leftovers
|-damage|p2a: Ting-Lu|66/100 tox|[from] psn
|upkeep
|turn|68
|
|t:|1781473192
|switch|p1a: Corviknight|Corviknight, F|61/100
|-ability|p1a: Corviknight|Pressure
|move|p2a: Ting-Lu|Stealth Rock|p1a: Corviknight
|-sidestart|p1: Clummsyy|move: Stealth Rock
|
|-heal|p2a: Ting-Lu|72/100 tox|[from] item: Leftovers
|-damage|p2a: Ting-Lu|60/100 tox|[from] psn
|upkeep
|turn|69
|
|t:|1781473211
|switch|p1a: Slowking|Slowking-Galar, F|62/100
|-damage|p1a: Slowking|50/100|[from] Stealth Rock
|switch|p2a: Raging Bolt|Raging Bolt|100/100
|
|upkeep
|turn|70
|inactive|Clummsyy has 90 seconds left.
|
|t:|1781473226
|switch|p1a: Corviknight|Corviknight, F|61/100
|-damage|p1a: Corviknight|49/100|[from] Stealth Rock
|-ability|p1a: Corviknight|Pressure
|move|p2a: Raging Bolt|Draco Meteor|p1a: Corviknight
|-resisted|p1a: Corviknight
|-damage|p1a: Corviknight|0 fnt
|-unboost|p2a: Raging Bolt|spa|2
|faint|p1a: Corviknight
|
|upkeep
|inactive|Clummsyy has 90 seconds left.
|
|t:|1781473243
|switch|p1a: Cinderace|Cinderace, M|91/100
|turn|71
|
|t:|1781473252
|-end|p2a: Raging Bolt|Protosynthesis|[silent]
|switch|p2a: Zamazenta|Zamazenta|100/100
|move|p1a: Cinderace|Court Change|p1a: Cinderace
|-swapsideconditions
|-activate|p1a: Cinderace|move: Court Change
|
|upkeep
|turn|72
|
|t:|1781473261
|switch|p1a: Dondozo|Dondozo, F|100/100
|move|p2a: Zamazenta|Crunch|p1a: Dondozo
|-damage|p1a: Dondozo|92/100
|
|-heal|p1a: Dondozo|98/100|[from] item: Leftovers
|upkeep
|turn|73
|
|t:|1781473279
|switch|p2a: Raging Bolt|Raging Bolt|100/100
|-damage|p2a: Raging Bolt|88/100|[from] Stealth Rock
|switch|p1a: Slowking|Slowking-Galar, F|83/100
|
|upkeep
|turn|74
|
|t:|1781473288
|move|p2a: Raging Bolt|Volt Switch|p1a: Slowking
|-damage|p1a: Slowking|47/100
|
|t:|1781473291
|-end|p2a: Raging Bolt|Protosynthesis|[silent]
|switch|p2a: Ting-Lu|Ting-Lu|60/100 tox|[from] Volt Switch
|-damage|p2a: Ting-Lu|53/100 tox|[from] Stealth Rock
|-ability|p2a: Ting-Lu|Vessel of Ruin
|move|p1a: Slowking|Future Sight|p2a: Ting-Lu
|-start|p1a: Slowking|move: Future Sight
|
|-heal|p2a: Ting-Lu|60/100 tox|[from] item: Leftovers
|-damage|p2a: Ting-Lu|53/100 tox|[from] psn
|upkeep
|turn|75
|
|t:|1781473299
|switch|p1a: Dondozo|Dondozo, F|98/100
|move|p2a: Ting-Lu|Stealth Rock|p1a: Dondozo
|-sidestart|p1: Clummsyy|move: Stealth Rock
|
|-heal|p2a: Ting-Lu|60/100 tox|[from] item: Leftovers
|-heal|p1a: Dondozo|100/100|[from] item: Leftovers
|-damage|p2a: Ting-Lu|47/100 tox|[from] psn
|upkeep
|turn|76
|inactive|Clummsyy has 120 seconds left.
|
|t:|1781473312
|switch|p2a: Reuniclus|Reuniclus, M|84/100 tox
|move|p1a: Dondozo|Body Press|p2a: Reuniclus
|-resisted|p2a: Reuniclus
|-damage|p2a: Reuniclus|69/100 tox
|
|-end|p2a: Reuniclus|move: Future Sight
|-resisted|p2a: Reuniclus
|-damage|p2a: Reuniclus|47/100 tox
|upkeep
|turn|77
|inactive|Clummsyy has 120 seconds left.
|
|t:|1781473332
|switch|p1a: Slowking|Slowking-Galar, F|80/100
|-damage|p1a: Slowking|68/100|[from] Stealth Rock
|move|p2a: Reuniclus|Recover|p2a: Reuniclus
|-heal|p2a: Reuniclus|97/100 tox
|
|upkeep
|turn|78
|inactive|Clummsyy has 120 seconds left.
|
|t:|1781473342
|move|p2a: Reuniclus|Psychic Noise|p1a: Slowking
|-damage|p1a: Slowking|35/100
|-start|p1a: Slowking|move: Heal Block
|-prepare|p1a: Slowking|Chilly Reception|[premajor]
|move|p1a: Slowking|Chilly Reception|p1a: Slowking
|-weather|Snowscape
|
|t:|1781473344
|switch|p1a: Cinderace|Cinderace, M|91/100|[from] Chilly Reception
|
|-weather|Snowscape|[upkeep]
|upkeep
|turn|79
|
|t:|1781473360
|move|p1a: Cinderace|Pyro Ball|p2a: Reuniclus
|-damage|p2a: Reuniclus|50/100 tox
|move|p2a: Reuniclus|Knock Off|p1a: Cinderace
|-damage|p1a: Cinderace|69/100
|-enditem|p1a: Cinderace|Heavy-Duty Boots|[from] move: Knock Off|[of] p2a: Reuniclus
|
|-weather|Snowscape|[upkeep]
|upkeep
|turn|80
|
|t:|1781473368
|switch|p2a: Zamazenta|Zamazenta|100/100
|-damage|p2a: Zamazenta|94/100|[from] Stealth Rock
|move|p1a: Cinderace|Pyro Ball|p2a: Zamazenta
|-damage|p2a: Zamazenta|63/100
|
|-weather|Snowscape|[upkeep]
|-heal|p2a: Zamazenta|69/100|[from] item: Leftovers
|upkeep
|turn|81
|
|t:|1781473379
|move|p2a: Zamazenta|Body Press|p1a: Cinderace
|-damage|p1a: Cinderace|27/100
|move|p1a: Cinderace|Will-O-Wisp|p2a: Zamazenta|[miss]
|-miss|p1a: Cinderace|p2a: Zamazenta
|
|-weather|Snowscape|[upkeep]
|-heal|p2a: Zamazenta|75/100|[from] item: Leftovers
|upkeep
|turn|82
|
|t:|1781473395
|switch|p1a: Slowking|Slowking-Galar, F|69/100
|-damage|p1a: Slowking|56/100|[from] Stealth Rock
|move|p2a: Zamazenta|Crunch|p1a: Slowking
|-supereffective|p1a: Slowking
|-damage|p1a: Slowking|13/100
|
|-weather|none
|-heal|p2a: Zamazenta|81/100|[from] item: Leftovers
|upkeep
|turn|83
|
|t:|1781473408
|switch|p2a: Reuniclus|Reuniclus, M|50/100 tox
|switch|p1a: Dondozo|Dondozo, F|100/100
|-damage|p1a: Dondozo|88/100|[from] Stealth Rock
|
|-heal|p1a: Dondozo|94/100|[from] item: Leftovers
|upkeep
|turn|84
|
|t:|1781473417
|move|p2a: Reuniclus|Recover|p2a: Reuniclus
|-heal|p2a: Reuniclus|99/100 tox
|move|p1a: Dondozo|Curse|p1a: Dondozo
|-unboost|p1a: Dondozo|spe|1
|-boost|p1a: Dondozo|atk|1
|-boost|p1a: Dondozo|def|1
|
|-heal|p1a: Dondozo|100/100|[from] item: Leftovers
|upkeep
|turn|85
|
|t:|1781473428
|move|p2a: Reuniclus|Psychic Noise|p1a: Dondozo
|-damage|p1a: Dondozo|48/100
|-start|p1a: Dondozo|move: Heal Block
|move|p1a: Dondozo|Waterfall|p2a: Reuniclus
|-damage|p2a: Reuniclus|61/100 tox
|
|upkeep
|turn|86
|l|☆poke2002
|inactive|poke2002 disconnected and has a minute to reconnect!
|player|p2|
|j|☆poke2002
|inactive|poke2002 reconnected and has 125 seconds left.
|player|p2|poke2002|lucas|
|inactive|poke2002 has 120 seconds left.
|
|t:|1781473472
|switch|p2a: Raging Bolt|Raging Bolt|88/100
|-damage|p2a: Raging Bolt|76/100|[from] Stealth Rock
|switch|p1a: Slowking|Slowking-Galar, F|47/100
|-damage|p1a: Slowking|34/100|[from] Stealth Rock
|
|upkeep
|turn|87
|-message|Clummsyy forfeited.
|
|win|poke2002
|raw|Clummsyy's rating: 1546 &rarr; <strong>1525</strong><br />(-21 for losing)
|raw|poke2002's rating: 1523 &rarr; <strong>1544</strong><br />(+21 for winning)
|l|☆poke2002
|player|p2|
|j|☆poke2002
|player|p2|poke2002|lucas|
|l|☆poke2002
|player|p2|
