|j|☆clickdontthink
|j|☆KurisuChestnutLab
|t:|1781151892
|gametype|singles
|player|p1|clickdontthink|bruno-gen2|1581
|player|p2|KurisuChestnutLab|may-contest|1593
|gen|9
|tier|[Gen 9] OU
|rated|
|rule|HP Percentage Mod: HP is shown in percentages
|rule|Endless Battle Clause: Forcing endless battles is banned
|rule|Species Clause: Limit one of each Pokémon
|rule|OHKO Clause: OHKO moves are banned
|rule|Evasion Items Clause: Evasion items are banned
|rule|Evasion Moves Clause: Evasion moves are banned
|rule|Evasion Abilities Clause: Evasion abilities are banned
|rule|Sleep Moves Clause: Sleep-inducing moves are banned
|clearpoke
|poke|p1|Hoopa-Unbound|
|poke|p1|Corviknight, F|
|poke|p1|Dragapult, M|
|poke|p1|Slowking-Galar, F|
|poke|p1|Landorus-Therian, M|
|poke|p1|Zamazenta-*|
|poke|p2|Primarina, M|
|poke|p2|Hippowdon, M|
|poke|p2|Skarmory, M|
|poke|p2|Zapdos|
|poke|p2|Dragonite, F|
|poke|p2|Slowking, F|
|teampreview
|inactive|Battle timer is ON: inactive players will automatically lose when time's up. (requested by KurisuChestnutLab)
|
|t:|1781151901
|teamsize|p1|6
|teamsize|p2|6
|start
|switch|p1a: Hoopa|Hoopa-Unbound|100/100
|switch|p2a: Primarina|Primarina, M|100/100
|turn|1
|
|t:|1781151907
|move|p1a: Hoopa|Knock Off|p2a: Primarina
|-resisted|p2a: Primarina
|-crit|p2a: Primarina
|-damage|p2a: Primarina|47/100
|-enditem|p2a: Primarina|Assault Vest|[from] move: Knock Off|[of] p1a: Hoopa
|move|p2a: Primarina|Moonblast|p1a: Hoopa
|-supereffective|p1a: Hoopa
|-damage|p1a: Hoopa|39/100
|
|upkeep
|turn|2
|
|t:|1781151914
|switch|p2a: Dragonite|Dragonite, F|100/100
|move|p1a: Hoopa|Thunderbolt|p2a: Dragonite
|-damage|p2a: Dragonite|81/100
|
|upkeep
|turn|3
|
|t:|1781151917
|switch|p1a: Corviknight|Corviknight, F|100/100
|-ability|p1a: Corviknight|Pressure
|move|p2a: Dragonite|Earthquake|p1a: Corviknight
|-immune|p1a: Corviknight
|
|upkeep
|turn|4
|
|t:|1781151924
|switch|p2a: Hippowdon|Hippowdon, M|100/100
|-weather|Sandstorm|[from] ability: Sand Stream|[of] p2a: Hippowdon
|switch|p1a: Landorus|Landorus-Therian, M|100/100
|-ability|p1a: Landorus|Intimidate|boost
|-unboost|p2a: Hippowdon|atk|1
|
|-weather|Sandstorm|[upkeep]
|upkeep
|turn|5
|
|t:|1781151930
|move|p1a: Landorus|Stealth Rock|p2a: Hippowdon
|-sidestart|p2: KurisuChestnutLab|move: Stealth Rock
|move|p2a: Hippowdon|Stealth Rock|p1a: Landorus
|-sidestart|p1: clickdontthink|move: Stealth Rock
|
|-weather|Sandstorm|[upkeep]
|upkeep
|turn|6
|
|t:|1781151934
|switch|p2a: Zapdos|Zapdos|100/100
|move|p1a: Landorus|Earthquake|p2a: Zapdos
|-immune|p2a: Zapdos
|
|-weather|Sandstorm|[upkeep]
|-damage|p2a: Zapdos|94/100|[from] Sandstorm
|upkeep
|turn|7
|
|t:|1781151938
|move|p1a: Landorus|Stone Edge|p2a: Zapdos|[miss]
|-miss|p1a: Landorus|p2a: Zapdos
|move|p2a: Zapdos|Hurricane|p1a: Landorus
|-damage|p1a: Landorus|38/100
|
|-weather|Sandstorm|[upkeep]
|-damage|p2a: Zapdos|88/100|[from] Sandstorm
|upkeep
|turn|8
|
|t:|1781151945
|switch|p1a: Slowking|Slowking-Galar, F|100/100
|switch|p2a: Skarmory|Skarmory, M|100/100
|-damage|p2a: Skarmory|88/100|[from] Stealth Rock
|
|-weather|none
|-heal|p2a: Skarmory|94/100|[from] item: Leftovers
|upkeep
|turn|9
|
|t:|1781151950
|move|p2a: Skarmory|Spikes|p1a: Slowking
|-sidestart|p1: clickdontthink|Spikes
|move|p1a: Slowking|Psychic Noise|p2a: Skarmory
|-resisted|p2a: Skarmory
|-damage|p2a: Skarmory|76/100
|-start|p2a: Skarmory|move: Heal Block
|
|upkeep
|turn|10
|
|t:|1781151955
|move|p2a: Skarmory|Spikes|p1a: Slowking
|-sidestart|p1: clickdontthink|Spikes
|-prepare|p1a: Slowking|Chilly Reception|[premajor]
|move|p1a: Slowking|Chilly Reception|p1a: Slowking
|-weather|Snowscape
|
|t:|1781151957
|switch|p1a: Corviknight|Corviknight, F|100/100|[from] Chilly Reception
|-damage|p1a: Corviknight|88/100|[from] Stealth Rock
|-ability|p1a: Corviknight|Pressure
|
|-weather|Snowscape|[upkeep]
|-end|p2a: Skarmory|move: Heal Block
|upkeep
|turn|11
|
|t:|1781151960
|move|p2a: Skarmory|Spikes|p1a: Corviknight
|-sidestart|p1: clickdontthink|Spikes
|move|p1a: Corviknight|Defog|p2a: Skarmory
|-unboost|p2a: Skarmory|evasion|1
|-sideend|p2: KurisuChestnutLab|Stealth Rock|[from] move: Defog|[of] p1a: Corviknight
|-sideend|p1: clickdontthink|Spikes|[from] move: Defog|[of] p1a: Corviknight
|-sideend|p1: clickdontthink|Stealth Rock|[from] move: Defog|[of] p1a: Corviknight
|
|-weather|Snowscape|[upkeep]
|-heal|p2a: Skarmory|82/100|[from] item: Leftovers
|upkeep
|turn|12
|
|t:|1781151971
|move|p2a: Skarmory|Spikes|p1a: Corviknight
|-sidestart|p1: clickdontthink|Spikes
|move|p1a: Corviknight|Iron Defense|p1a: Corviknight
|-boost|p1a: Corviknight|def|2
|
|-weather|Snowscape|[upkeep]
|-heal|p2a: Skarmory|88/100|[from] item: Leftovers
|upkeep
|turn|13
|
|t:|1781151978
|switch|p2a: Zapdos|Zapdos|88/100
|move|p1a: Corviknight|Defog|p2a: Zapdos
|-unboost|p2a: Zapdos|evasion|1
|-sideend|p1: clickdontthink|Spikes|[from] move: Defog|[of] p1a: Corviknight
|
|-weather|Snowscape|[upkeep]
|upkeep
|turn|14
|
|t:|1781151981
|switch|p1a: Slowking|Slowking-Galar, F|100/100
|move|p2a: Zapdos|Hurricane|p1a: Slowking
|-damage|p1a: Slowking|74/100
|
|-weather|none
|upkeep
|turn|15
|
|t:|1781151986
|move|p2a: Zapdos|Volt Switch|p1a: Slowking
|-crit|p1a: Slowking
|-damage|p1a: Slowking|49/100
|
|t:|1781151991
|switch|p2a: Hippowdon|Hippowdon, M|100/100|[from] Volt Switch
|-weather|Sandstorm|[from] ability: Sand Stream|[of] p2a: Hippowdon
|move|p1a: Slowking|Psychic Noise|p2a: Hippowdon
|-damage|p2a: Hippowdon|70/100
|-start|p2a: Hippowdon|move: Heal Block
|
|-weather|Sandstorm|[upkeep]
|-damage|p1a: Slowking|43/100|[from] Sandstorm
|upkeep
|turn|16
|
|t:|1781152001
|switch|p1a: Corviknight|Corviknight, F|88/100
|-ability|p1a: Corviknight|Pressure
|move|p2a: Hippowdon|Stealth Rock|p1a: Corviknight
|-sidestart|p1: clickdontthink|move: Stealth Rock
|
|-weather|Sandstorm|[upkeep]
|-end|p2a: Hippowdon|move: Heal Block
|upkeep
|turn|17
|
|t:|1781152005
|move|p1a: Corviknight|Defog|p2a: Hippowdon
|-unboost|p2a: Hippowdon|evasion|1
|-sideend|p1: clickdontthink|Stealth Rock|[from] move: Defog|[of] p1a: Corviknight
|move|p2a: Hippowdon|Stealth Rock|p1a: Corviknight
|-sidestart|p1: clickdontthink|move: Stealth Rock
|
|-weather|Sandstorm|[upkeep]
|-heal|p2a: Hippowdon|76/100|[from] item: Leftovers
|upkeep
|turn|18
|
|t:|1781152009
|move|p1a: Corviknight|Defog|p2a: Hippowdon
|-unboost|p2a: Hippowdon|evasion|1
|-sideend|p1: clickdontthink|Stealth Rock|[from] move: Defog|[of] p1a: Corviknight
|move|p2a: Hippowdon|Slack Off|p2a: Hippowdon
|-heal|p2a: Hippowdon|100/100
|
|-weather|Sandstorm|[upkeep]
|upkeep
|turn|19
|
|t:|1781152013
|switch|p1a: Dragapult|Dragapult, M|100/100
|move|p2a: Hippowdon|Stealth Rock|p1a: Dragapult
|-sidestart|p1: clickdontthink|move: Stealth Rock
|
|-weather|none
|upkeep
|turn|20
|
|t:|1781152016
|move|p1a: Dragapult|Will-O-Wisp|p2a: Hippowdon
|-status|p2a: Hippowdon|brn
|move|p2a: Hippowdon|Whirlwind|p1a: Dragapult
|drag|p1a: Corviknight|Corviknight, F|88/100
|-damage|p1a: Corviknight|76/100|[from] Stealth Rock
|-ability|p1a: Corviknight|Pressure
|
|-damage|p2a: Hippowdon|94/100 brn|[from] brn
|upkeep
|turn|21
|
|t:|1781152020
|switch|p2a: Primarina|Primarina, M|47/100
|move|p1a: Corviknight|Defog|p2a: Primarina
|-unboost|p2a: Primarina|evasion|1
|-sideend|p1: clickdontthink|Stealth Rock|[from] move: Defog|[of] p1a: Corviknight
|
|upkeep
|turn|22
|
|t:|1781152026
|switch|p1a: Slowking|Slowking-Galar, F|76/100
|move|p2a: Primarina|Surf|p1a: Slowking
|-damage|p1a: Slowking|46/100
|
|upkeep
|turn|23
|
|t:|1781152032
|move|p2a: Primarina|Flip Turn|p1a: Slowking
|-damage|p1a: Slowking|33/100
|
|t:|1781152035
|switch|p2a: Skarmory|Skarmory, M|88/100|[from] Flip Turn
|-prepare|p1a: Slowking|Chilly Reception|[premajor]
|move|p1a: Slowking|Chilly Reception|p1a: Slowking
|-weather|Snowscape
|
|t:|1781152039
|switch|p1a: Hoopa|Hoopa-Unbound|39/100|[from] Chilly Reception
|
|-weather|Snowscape|[upkeep]
|-heal|p2a: Skarmory|94/100|[from] item: Leftovers
|upkeep
|turn|24
|
|t:|1781152044
|switch|p2a: Hippowdon|Hippowdon, M|94/100 brn
|-weather|Sandstorm|[from] ability: Sand Stream|[of] p2a: Hippowdon
|move|p1a: Hoopa|Psychic Noise|p2a: Hippowdon
|-damage|p2a: Hippowdon|38/100 brn
|-start|p2a: Hippowdon|move: Heal Block
|
|-weather|Sandstorm|[upkeep]
|-damage|p1a: Hoopa|33/100|[from] Sandstorm
|-damage|p2a: Hippowdon|32/100 brn|[from] brn
|upkeep
|turn|25
|
|t:|1781152059
|move|p1a: Hoopa|Psychic Noise|p2a: Hippowdon
|-damage|p2a: Hippowdon|0 fnt
|faint|p2a: Hippowdon
|
|-weather|Sandstorm|[upkeep]
|-damage|p1a: Hoopa|27/100|[from] Sandstorm
|upkeep
|
|t:|1781152064
|switch|p2a: Zapdos|Zapdos|88/100
|turn|26
|
|t:|1781152070
|switch|p1a: Slowking|Slowking-Galar, F|66/100
|move|p2a: Zapdos|Hurricane|p1a: Slowking
|-damage|p1a: Slowking|37/100
|
|-weather|Sandstorm|[upkeep]
|-damage|p2a: Zapdos|82/100|[from] Sandstorm
|-damage|p1a: Slowking|31/100|[from] Sandstorm
|upkeep
|turn|27
|
|t:|1781152077
|move|p2a: Zapdos|Hurricane|p1a: Slowking
|-damage|p1a: Slowking|2/100
|-prepare|p1a: Slowking|Chilly Reception|[premajor]
|move|p1a: Slowking|Chilly Reception|p1a: Slowking
|-weather|Snowscape
|
|t:|1781152090
|switch|p1a: Landorus|Landorus-Therian, M|38/100|[from] Chilly Reception
|-ability|p1a: Landorus|Intimidate|boost
|-unboost|p2a: Zapdos|atk|1
|
|-weather|Snowscape|[upkeep]
|upkeep
|turn|28
|
|t:|1781152095
|move|p1a: Landorus|Stone Edge|p2a: Zapdos
|-supereffective|p2a: Zapdos
|-damage|p2a: Zapdos|30/100
|move|p2a: Zapdos|Hurricane|p1a: Landorus|[miss]
|-miss|p2a: Zapdos|p1a: Landorus
|
|-weather|Snowscape|[upkeep]
|upkeep
|turn|29
|
|t:|1781152100
|switch|p2a: Skarmory|Skarmory, M|94/100
|move|p1a: Landorus|Stealth Rock|p2a: Skarmory
|-sidestart|p2: KurisuChestnutLab|move: Stealth Rock
|
|-weather|Snowscape|[upkeep]
|-heal|p2a: Skarmory|99/100|[from] item: Leftovers
|upkeep
|turn|30
|
|t:|1781152107
|move|p1a: Landorus|U-turn|p2a: Skarmory
|-resisted|p2a: Skarmory
|-damage|p2a: Skarmory|97/100
|
|t:|1781152111
|switch|p1a: Dragapult|Dragapult, M|100/100|[from] U-turn
|move|p2a: Skarmory|Spikes|p1a: Dragapult
|-sidestart|p1: clickdontthink|Spikes
|
|-weather|Snowscape|[upkeep]
|-heal|p2a: Skarmory|100/100|[from] item: Leftovers
|upkeep
|turn|31
|
|t:|1781152116
|switch|p2a: Dragonite|Dragonite, F|81/100
|move|p1a: Dragapult|Will-O-Wisp|p2a: Dragonite
|-status|p2a: Dragonite|brn
|
|-weather|none
|-damage|p2a: Dragonite|75/100 brn|[from] brn
|upkeep
|turn|32
|
|t:|1781152120
|move|p1a: Dragapult|Dragon Darts|p2a: Dragonite
|-supereffective|p2a: Dragonite
|-damage|p2a: Dragonite|30/100 brn
|-anim|p1a: Dragapult|Dragon Darts|p2a: Dragonite
|-supereffective|p2a: Dragonite
|-damage|p2a: Dragonite|0 fnt
|faint|p2a: Dragonite
|
|upkeep
|
|t:|1781152124
|switch|p2a: Primarina|Primarina, M|47/100
|-damage|p2a: Primarina|35/100|[from] Stealth Rock
|turn|33
|
|t:|1781152130
|move|p1a: Dragapult|U-turn|p2a: Primarina
|-resisted|p2a: Primarina
|-damage|p2a: Primarina|23/100
|
|t:|1781152134
|switch|p1a: Landorus|Landorus-Therian, M|38/100|[from] U-turn
|-ability|p1a: Landorus|Intimidate|boost
|-unboost|p2a: Primarina|atk|1
|move|p2a: Primarina|Surf|p1a: Landorus
|-supereffective|p1a: Landorus
|-damage|p1a: Landorus|0 fnt
|faint|p1a: Landorus
|
|upkeep
|
|t:|1781152149
|switch|p1a: Zamazenta|Zamazenta|100/100
|-ability|p1a: Zamazenta|Dauntless Shield|boost
|-boost|p1a: Zamazenta|def|1
|turn|34
|
|t:|1781152158
|move|p1a: Zamazenta|Close Combat|p2a: Primarina
|-resisted|p2a: Primarina
|-damage|p2a: Primarina|0 fnt
|-unboost|p1a: Zamazenta|def|1
|-unboost|p1a: Zamazenta|spd|1
|faint|p2a: Primarina
|
|upkeep
|
|t:|1781152163
|switch|p2a: Zapdos|Zapdos|30/100
|turn|35
|
|t:|1781152170
|-terastallize|p2a: Zapdos|Steel
|move|p1a: Zamazenta|Ice Fang|p2a: Zapdos
|-resisted|p2a: Zapdos
|-damage|p2a: Zapdos|21/100
|move|p2a: Zapdos|Hurricane|p1a: Zamazenta|[miss]
|-miss|p2a: Zapdos|p1a: Zamazenta
|
|upkeep
|turn|36
|
|t:|1781152174
|switch|p2a: Slowking|Slowking, F|100/100
|move|p1a: Zamazenta|Close Combat|p2a: Slowking
|-resisted|p2a: Slowking
|-damage|p2a: Slowking|64/100
|-unboost|p1a: Zamazenta|def|1
|-unboost|p1a: Zamazenta|spd|1
|
|upkeep
|turn|37
|
|t:|1781152182
|switch|p1a: Corviknight|Corviknight, F|76/100
|-ability|p1a: Corviknight|Pressure
|switch|p2a: Skarmory|Skarmory, M|100/100
|-damage|p2a: Skarmory|88/100|[from] Stealth Rock
|
|-heal|p2a: Skarmory|94/100|[from] item: Leftovers
|upkeep
|turn|38
|j| itsnotworkingsorry
|j| Puyu paz
|
|t:|1781152190
|move|p2a: Skarmory|Spikes|p1a: Corviknight
|-sidestart|p1: clickdontthink|Spikes
|move|p1a: Corviknight|Iron Defense|p1a: Corviknight
|-boost|p1a: Corviknight|def|2
|
|-heal|p2a: Skarmory|99/100|[from] item: Leftovers
|upkeep
|turn|39
|
|t:|1781152197
|switch|p2a: Slowking|Slowking, F|97/100
|move|p1a: Corviknight|Defog|p2a: Slowking
|-unboost|p2a: Slowking|evasion|1
|-sideend|p2: KurisuChestnutLab|Stealth Rock|[from] move: Defog|[of] p1a: Corviknight
|-sideend|p1: clickdontthink|Spikes|[from] move: Defog|[of] p1a: Corviknight
|
|upkeep
|turn|40
|
|t:|1781152205
|switch|p1a: Slowking|Slowking-Galar, F|35/100
|-prepare|p2a: Slowking|Chilly Reception|[premajor]
|move|p2a: Slowking|Chilly Reception|p2a: Slowking
|-weather|Snowscape
|
|t:|1781152212
|switch|p2a: Zapdos|Zapdos, tera:Steel|21/100|[from] Chilly Reception
|
|-weather|Snowscape|[upkeep]
|upkeep
|turn|41
|
|t:|1781152220
|move|p2a: Zapdos|Roost|p2a: Zapdos
|-heal|p2a: Zapdos|71/100
|-prepare|p1a: Slowking|Chilly Reception|[premajor]
|move|p1a: Slowking|Chilly Reception|p1a: Slowking
|
|t:|1781152222
|switch|p1a: Zamazenta|Zamazenta|100/100|[from] Chilly Reception
|
|-weather|Snowscape|[upkeep]
|upkeep
|turn|42
|
|t:|1781152229
|switch|p2a: Skarmory|Skarmory, M|99/100
|move|p1a: Zamazenta|Crunch|p2a: Skarmory
|-damage|p2a: Skarmory|82/100
|-unboost|p2a: Skarmory|def|1
|
|-weather|Snowscape|[upkeep]
|-heal|p2a: Skarmory|88/100|[from] item: Leftovers
|upkeep
|turn|43
|
|t:|1781152233
|move|p1a: Zamazenta|Close Combat|p2a: Skarmory
|-damage|p2a: Skarmory|32/100
|-unboost|p1a: Zamazenta|def|1
|-unboost|p1a: Zamazenta|spd|1
|move|p2a: Skarmory|Roost|p2a: Skarmory
|-heal|p2a: Skarmory|82/100
|-singleturn|p2a: Skarmory|move: Roost
|
|-weather|Snowscape|[upkeep]
|-heal|p2a: Skarmory|88/100|[from] item: Leftovers
|upkeep
|turn|44
|
|t:|1781152239
|switch|p1a: Hoopa|Hoopa-Unbound|27/100
|move|p2a: Skarmory|Roost|p2a: Skarmory
|-heal|p2a: Skarmory|100/100
|-singleturn|p2a: Skarmory|move: Roost
|
|-weather|none
|upkeep
|turn|45
|
|t:|1781152246
|move|p1a: Hoopa|Thunderbolt|p2a: Skarmory
|-supereffective|p2a: Skarmory
|-ability|p2a: Skarmory|Sturdy
|-damage|p2a: Skarmory|1/100
|move|p2a: Skarmory|Iron Head|p1a: Hoopa
|-damage|p1a: Hoopa|0 fnt
|faint|p1a: Hoopa
|
|-heal|p2a: Skarmory|7/100|[from] item: Leftovers
|upkeep
|
|t:|1781152251
|switch|p1a: Dragapult|Dragapult, M|100/100
|turn|46
|
|t:|1781152260
|-terastallize|p1a: Dragapult|Ghost
|move|p1a: Dragapult|Hex|p2a: Skarmory
|-damage|p2a: Skarmory|0 fnt
|faint|p2a: Skarmory
|
|upkeep
|
|t:|1781152263
|switch|p2a: Zapdos|Zapdos, tera:Steel|71/100
|turn|47
|
|t:|1781152284
|move|p1a: Dragapult|Will-O-Wisp|p2a: Zapdos
|-status|p2a: Zapdos|brn
|move|p2a: Zapdos|Hurricane|p1a: Dragapult
|-damage|p1a: Dragapult|28/100
|-start|p1a: Dragapult|confusion
|
|-damage|p2a: Zapdos|65/100 brn|[from] brn
|upkeep
|turn|48
|
|t:|1781152289
|switch|p1a: Slowking|Slowking-Galar, F|68/100
|switch|p2a: Slowking|Slowking, F|100/100
|
|upkeep
|turn|49
|
|t:|1781152295
|move|p2a: Slowking|Future Sight|p1a: Slowking
|-start|p2a: Slowking|move: Future Sight
|-prepare|p1a: Slowking|Chilly Reception|[premajor]
|move|p1a: Slowking|Chilly Reception|p1a: Slowking
|-weather|Snowscape
|
|t:|1781152298
|switch|p1a: Dragapult|Dragapult, M, tera:Ghost|28/100|[from] Chilly Reception
|
|-weather|Snowscape|[upkeep]
|upkeep
|turn|50
|
|t:|1781152303
|move|p1a: Dragapult|U-turn|p2a: Slowking
|-supereffective|p2a: Slowking
|-damage|p2a: Slowking|61/100
|
|t:|1781152307
|switch|p1a: Slowking|Slowking-Galar, F|100/100|[from] U-turn
|move|p2a: Slowking|Slack Off|p2a: Slowking
|-heal|p2a: Slowking|100/100
|
|-weather|Snowscape|[upkeep]
|upkeep
|turn|51
|
|t:|1781152312
|move|p2a: Slowking|Scald|p1a: Slowking
|-damage|p1a: Slowking|84/100
|move|p1a: Slowking|Psychic Noise|p2a: Slowking
|-resisted|p2a: Slowking
|-damage|p2a: Slowking|92/100
|-start|p2a: Slowking|move: Heal Block
|
|-weather|Snowscape|[upkeep]
|-end|p1a: Slowking|move: Future Sight
|-damage|p1a: Slowking|58/100
|upkeep
|turn|52
|
|t:|1781152318
|move|p2a: Slowking|Future Sight|p1a: Slowking
|-start|p2a: Slowking|move: Future Sight
|-prepare|p1a: Slowking|Chilly Reception|[premajor]
|move|p1a: Slowking|Chilly Reception|p1a: Slowking
|
|t:|1781152322
|switch|p1a: Corviknight|Corviknight, F|76/100|[from] Chilly Reception
|-ability|p1a: Corviknight|Pressure
|
|-weather|Snowscape|[upkeep]
|-end|p2a: Slowking|move: Heal Block
|upkeep
|turn|53
|
|t:|1781152325
|switch|p1a: Slowking|Slowking-Galar, F|91/100
|move|p2a: Slowking|Scald|p1a: Slowking
|-damage|p1a: Slowking|76/100
|-status|p1a: Slowking|brn
|
|-weather|none
|-damage|p1a: Slowking|70/100 brn|[from] brn
|upkeep
|turn|54
|
|t:|1781152330
|move|p2a: Slowking|Scald|p1a: Slowking
|-damage|p1a: Slowking|52/100 brn
|-prepare|p1a: Slowking|Chilly Reception|[premajor]
|move|p1a: Slowking|Chilly Reception|p1a: Slowking
|-weather|Snowscape
|
|t:|1781152332
|switch|p1a: Corviknight|Corviknight, F|76/100|[from] Chilly Reception
|-ability|p1a: Corviknight|Pressure
|
|-weather|Snowscape|[upkeep]
|-end|p1a: Corviknight|move: Future Sight
|-resisted|p1a: Corviknight
|-damage|p1a: Corviknight|56/100
|upkeep
|turn|55
|
|t:|1781152338
|move|p1a: Corviknight|Roost|p1a: Corviknight
|-heal|p1a: Corviknight|100/100
|-singleturn|p1a: Corviknight|move: Roost
|move|p2a: Slowking|Future Sight|p1a: Corviknight
|-start|p2a: Slowking|move: Future Sight
|
|-weather|Snowscape|[upkeep]
|upkeep
|turn|56
|
|t:|1781152346
|switch|p1a: Slowking|Slowking-Galar, F|86/100 brn
|move|p2a: Slowking|Scald|p1a: Slowking
|-damage|p1a: Slowking|70/100 brn
|
|-weather|Snowscape|[upkeep]
|-damage|p1a: Slowking|64/100 brn|[from] brn
|upkeep
|turn|57
|
|t:|1781152353
|move|p2a: Slowking|Scald|p1a: Slowking
|-damage|p1a: Slowking|46/100 brn
|-prepare|p1a: Slowking|Chilly Reception|[premajor]
|move|p1a: Slowking|Chilly Reception|p1a: Slowking
|
|t:|1781152356
|switch|p1a: Corviknight|Corviknight, F|100/100|[from] Chilly Reception
|-ability|p1a: Corviknight|Pressure
|
|-weather|Snowscape|[upkeep]
|-end|p1a: Corviknight|move: Future Sight
|-resisted|p1a: Corviknight
|-damage|p1a: Corviknight|79/100
|upkeep
|turn|58
|
|t:|1781152366
|switch|p1a: Slowking|Slowking-Galar, F|79/100 brn
|move|p2a: Slowking|Scald|p1a: Slowking
|-damage|p1a: Slowking|63/100 brn
|
|-weather|none
|-damage|p1a: Slowking|57/100 brn|[from] brn
|upkeep
|turn|59
|
|t:|1781152370
|switch|p1a: Corviknight|Corviknight, F|79/100
|-ability|p1a: Corviknight|Pressure
|move|p2a: Slowking|Future Sight|p1a: Corviknight
|-start|p2a: Slowking|move: Future Sight
|
|upkeep
|turn|60
|
|t:|1781152376
|switch|p1a: Slowking|Slowking-Galar, F|90/100 brn
|move|p2a: Slowking|Scald|p1a: Slowking
|-damage|p1a: Slowking|73/100 brn
|
|-damage|p1a: Slowking|66/100 brn|[from] brn
|upkeep
|turn|61
|
|t:|1781152380
|move|p2a: Slowking|Scald|p1a: Slowking
|-damage|p1a: Slowking|50/100 brn
|-prepare|p1a: Slowking|Chilly Reception|[premajor]
|move|p1a: Slowking|Chilly Reception|p1a: Slowking
|-weather|Snowscape
|
|t:|1781152383
|switch|p1a: Corviknight|Corviknight, F|79/100|[from] Chilly Reception
|-ability|p1a: Corviknight|Pressure
|
|-weather|Snowscape|[upkeep]
|-end|p1a: Corviknight|move: Future Sight
|-resisted|p1a: Corviknight
|-damage|p1a: Corviknight|60/100
|upkeep
|turn|62
|
|t:|1781152390
|move|p1a: Corviknight|Roost|p1a: Corviknight
|-heal|p1a: Corviknight|100/100
|-singleturn|p1a: Corviknight|move: Roost
|move|p2a: Slowking|Future Sight|p1a: Corviknight
|-start|p2a: Slowking|move: Future Sight
|
|-weather|Snowscape|[upkeep]
|upkeep
|turn|63
|
|t:|1781152396
|switch|p1a: Slowking|Slowking-Galar, F|83/100 brn
|move|p2a: Slowking|Scald|p1a: Slowking
|-damage|p1a: Slowking|68/100 brn
|
|-weather|Snowscape|[upkeep]
|-damage|p1a: Slowking|62/100 brn|[from] brn
|upkeep
|turn|64
|
|t:|1781152402
|switch|p1a: Corviknight|Corviknight, F|100/100
|-ability|p1a: Corviknight|Pressure
|move|p2a: Slowking|Scald|p1a: Corviknight
|-damage|p1a: Corviknight|71/100
|
|-weather|Snowscape|[upkeep]
|-end|p1a: Corviknight|move: Future Sight
|-resisted|p1a: Corviknight
|-damage|p1a: Corviknight|50/100
|upkeep
|turn|65
|
|t:|1781152405
|move|p1a: Corviknight|Roost|p1a: Corviknight
|-heal|p1a: Corviknight|99/100
|-singleturn|p1a: Corviknight|move: Roost
|move|p2a: Slowking|Scald|p1a: Corviknight
|-damage|p1a: Corviknight|73/100
|-status|p1a: Corviknight|brn
|
|-weather|none
|-damage|p1a: Corviknight|67/100 brn|[from] brn
|upkeep
|turn|66
|
|t:|1781152412
|move|p1a: Corviknight|Iron Defense|p1a: Corviknight
|-boost|p1a: Corviknight|def|2
|move|p2a: Slowking|Scald|p1a: Corviknight
|-damage|p1a: Corviknight|42/100 brn
|
|-damage|p1a: Corviknight|36/100 brn|[from] brn
|upkeep
|turn|67
|
|t:|1781152416
|move|p1a: Corviknight|Roost|p1a: Corviknight
|-heal|p1a: Corviknight|86/100 brn
|-singleturn|p1a: Corviknight|move: Roost
|move|p2a: Slowking|Future Sight|p1a: Corviknight
|-start|p2a: Slowking|move: Future Sight
|
|-damage|p1a: Corviknight|80/100 brn|[from] brn
|upkeep
|turn|68
|
|t:|1781152422
|move|p1a: Corviknight|Body Press|p2a: Slowking
|-resisted|p2a: Slowking
|-damage|p2a: Slowking|79/100
|move|p2a: Slowking|Scald|p1a: Corviknight
|-damage|p1a: Corviknight|53/100 brn
|
|-damage|p1a: Corviknight|47/100 brn|[from] brn
|upkeep
|turn|69
|
|t:|1781152425
|move|p1a: Corviknight|Roost|p1a: Corviknight
|-heal|p1a: Corviknight|97/100 brn
|-singleturn|p1a: Corviknight|move: Roost
|move|p2a: Slowking|Slack Off|p2a: Slowking
|-heal|p2a: Slowking|100/100
|
|-end|p1a: Corviknight|move: Future Sight
|-resisted|p1a: Corviknight
|-damage|p1a: Corviknight|77/100 brn
|-damage|p1a: Corviknight|71/100 brn|[from] brn
|upkeep
|turn|70
|
|t:|1781152428
|move|p1a: Corviknight|Body Press|p2a: Slowking
|-resisted|p2a: Slowking
|-damage|p2a: Slowking|88/100
|move|p2a: Slowking|Future Sight|p1a: Corviknight
|-start|p2a: Slowking|move: Future Sight
|
|-damage|p1a: Corviknight|65/100 brn|[from] brn
|upkeep
|turn|71
|
|t:|1781152434
|move|p1a: Corviknight|Iron Defense|p1a: Corviknight
|-boost|p1a: Corviknight|def|2
|move|p2a: Slowking|Scald|p1a: Corviknight
|-damage|p1a: Corviknight|38/100 brn
|
|-damage|p1a: Corviknight|32/100 brn|[from] brn
|upkeep
|turn|72
|
|t:|1781152440
|move|p1a: Corviknight|Roost|p1a: Corviknight
|-heal|p1a: Corviknight|82/100 brn
|-singleturn|p1a: Corviknight|move: Roost
|move|p2a: Slowking|Scald|p1a: Corviknight
|-damage|p1a: Corviknight|54/100 brn
|
|-end|p1a: Corviknight|move: Future Sight
|-resisted|p1a: Corviknight
|-damage|p1a: Corviknight|35/100 brn
|-damage|p1a: Corviknight|29/100 brn|[from] brn
|upkeep
|turn|73
|
|t:|1781152444
|move|p1a: Corviknight|Roost|p1a: Corviknight
|-heal|p1a: Corviknight|79/100 brn
|-singleturn|p1a: Corviknight|move: Roost
|move|p2a: Slowking|Future Sight|p1a: Corviknight
|-start|p2a: Slowking|move: Future Sight
|
|-damage|p1a: Corviknight|73/100 brn|[from] brn
|upkeep
|turn|74
|
|t:|1781152449
|switch|p1a: Slowking|Slowking-Galar, F|95/100 brn
|move|p2a: Slowking|Scald|p1a: Slowking
|-damage|p1a: Slowking|78/100 brn
|
|-damage|p1a: Slowking|72/100 brn|[from] brn
|upkeep
|turn|75
|
|t:|1781152454
|move|p2a: Slowking|Scald|p1a: Slowking
|-damage|p1a: Slowking|57/100 brn
|-prepare|p1a: Slowking|Chilly Reception|[premajor]
|move|p1a: Slowking|Chilly Reception|p1a: Slowking
|-weather|Snowscape
|
|t:|1781152456
|switch|p1a: Corviknight|Corviknight, F|73/100 brn|[from] Chilly Reception
|-ability|p1a: Corviknight|Pressure
|
|-weather|Snowscape|[upkeep]
|-end|p1a: Corviknight|move: Future Sight
|-resisted|p1a: Corviknight
|-damage|p1a: Corviknight|53/100 brn
|-damage|p1a: Corviknight|47/100 brn|[from] brn
|upkeep
|turn|76
|
|t:|1781152462
|switch|p1a: Slowking|Slowking-Galar, F|90/100 brn
|move|p2a: Slowking|Future Sight|p1a: Slowking
|-start|p2a: Slowking|move: Future Sight
|
|-weather|Snowscape|[upkeep]
|-damage|p1a: Slowking|84/100 brn|[from] brn
|upkeep
|turn|77
|
|t:|1781152469
|move|p2a: Slowking|Slack Off|p2a: Slowking
|-heal|p2a: Slowking|100/100
|-prepare|p1a: Slowking|Chilly Reception|[premajor]
|move|p1a: Slowking|Chilly Reception|p1a: Slowking
|
|t:|1781152471
|switch|p1a: Corviknight|Corviknight, F|47/100 brn|[from] Chilly Reception
|-ability|p1a: Corviknight|Pressure
|
|-weather|Snowscape|[upkeep]
|-damage|p1a: Corviknight|41/100 brn|[from] brn
|upkeep
|turn|78
|
|t:|1781152476
|move|p1a: Corviknight|Roost|p1a: Corviknight
|-heal|p1a: Corviknight|91/100 brn
|-singleturn|p1a: Corviknight|move: Roost
|move|p2a: Slowking|Scald|p1a: Corviknight
|-damage|p1a: Corviknight|65/100 brn
|
|-weather|Snowscape|[upkeep]
|-end|p1a: Corviknight|move: Future Sight
|-resisted|p1a: Corviknight
|-damage|p1a: Corviknight|45/100 brn
|-damage|p1a: Corviknight|39/100 brn|[from] brn
|upkeep
|turn|79
|
|t:|1781152483
|move|p1a: Corviknight|Body Press|p2a: Slowking
|-resisted|p2a: Slowking
|-damage|p2a: Slowking|93/100
|move|p2a: Slowking|Future Sight|p1a: Corviknight
|-start|p2a: Slowking|move: Future Sight
|
|-weather|none
|-damage|p1a: Corviknight|33/100 brn|[from] brn
|upkeep
|turn|80
|
|t:|1781152487
|switch|p1a: Slowking|Slowking-Galar, F|100/100 brn
|move|p2a: Slowking|Slack Off|p2a: Slowking
|-heal|p2a: Slowking|100/100
|
|-damage|p1a: Slowking|94/100 brn|[from] brn
|upkeep
|turn|81
|
|t:|1781152491
|switch|p2a: Zapdos|Zapdos, tera:Steel|65/100 brn
|move|p1a: Slowking|Psychic Noise|p2a: Zapdos
|-resisted|p2a: Zapdos
|-damage|p2a: Zapdos|52/100 brn
|-start|p2a: Zapdos|move: Heal Block
|
|-end|p1a: Slowking|move: Future Sight
|-damage|p1a: Slowking|70/100 brn
|-damage|p2a: Zapdos|46/100 brn|[from] brn
|-damage|p1a: Slowking|64/100 brn|[from] brn
|upkeep
|turn|82
|
|t:|1781152495
|switch|p1a: Corviknight|Corviknight, F|33/100 brn
|-ability|p1a: Corviknight|Pressure
|move|p2a: Zapdos|Hurricane|p1a: Corviknight
|-resisted|p1a: Corviknight
|-damage|p1a: Corviknight|11/100 brn
|-start|p1a: Corviknight|confusion
|
|-damage|p2a: Zapdos|40/100 brn|[from] brn
|-damage|p1a: Corviknight|5/100 brn|[from] brn
|-end|p2a: Zapdos|move: Heal Block
|upkeep
|turn|83
|
|t:|1781152501
|move|p2a: Zapdos|Roost|p2a: Zapdos
|-heal|p2a: Zapdos|90/100 brn
|-activate|p1a: Corviknight|confusion
|move|p1a: Corviknight|Body Press|p2a: Zapdos
|-supereffective|p2a: Zapdos
|-damage|p2a: Zapdos|70/100 brn
|
|-damage|p2a: Zapdos|64/100 brn|[from] brn
|-damage|p1a: Corviknight|0 fnt|[from] brn
|faint|p1a: Corviknight
|upkeep
|
|t:|1781152505
|switch|p1a: Dragapult|Dragapult, M, tera:Ghost|28/100
|turn|84
|
|t:|1781152513
|switch|p2a: Slowking|Slowking, F|100/100
|move|p1a: Dragapult|Hex|p2a: Slowking
|-supereffective|p2a: Slowking
|-damage|p2a: Slowking|58/100
|
|upkeep
|turn|85
|
|t:|1781152520
|move|p1a: Dragapult|Hex|p2a: Slowking
|-supereffective|p2a: Slowking
|-damage|p2a: Slowking|17/100
|move|p2a: Slowking|Slack Off|p2a: Slowking
|-heal|p2a: Slowking|67/100
|
|upkeep
|turn|86
|
|t:|1781152528
|switch|p2a: Zapdos|Zapdos, tera:Steel|64/100 brn
|move|p1a: Dragapult|Dragon Darts|p2a: Zapdos
|-resisted|p2a: Zapdos
|-damage|p2a: Zapdos|56/100 brn
|-anim|p1a: Dragapult|Dragon Darts|p2a: Zapdos
|-resisted|p2a: Zapdos
|-damage|p2a: Zapdos|49/100 brn
|
|-damage|p2a: Zapdos|43/100 brn|[from] brn
|upkeep
|turn|87
|
|t:|1781152531
|switch|p2a: Slowking|Slowking, F|100/100
|move|p1a: Dragapult|Hex|p2a: Slowking
|-supereffective|p2a: Slowking
|-damage|p2a: Slowking|61/100
|
|upkeep
|turn|88
|
|t:|1781152534
|switch|p2a: Zapdos|Zapdos, tera:Steel|43/100 brn
|move|p1a: Dragapult|Dragon Darts|p2a: Zapdos
|-resisted|p2a: Zapdos
|-damage|p2a: Zapdos|35/100 brn
|-anim|p1a: Dragapult|Dragon Darts|p2a: Zapdos
|-resisted|p2a: Zapdos
|-damage|p2a: Zapdos|27/100 brn
|
|-damage|p2a: Zapdos|21/100 brn|[from] brn
|upkeep
|turn|89
|
|t:|1781152537
|switch|p2a: Slowking|Slowking, F|94/100
|move|p1a: Dragapult|Hex|p2a: Slowking
|-supereffective|p2a: Slowking
|-damage|p2a: Slowking|48/100
|
|upkeep
|turn|90
|
|t:|1781152545
|move|p1a: Dragapult|Hex|p2a: Slowking
|-supereffective|p2a: Slowking
|-damage|p2a: Slowking|3/100
|move|p2a: Slowking|Slack Off|p2a: Slowking
|-heal|p2a: Slowking|53/100
|
|upkeep
|turn|91
|
|t:|1781152548
|move|p1a: Dragapult|Hex|p2a: Slowking
|-supereffective|p2a: Slowking
|-damage|p2a: Slowking|7/100
|move|p2a: Slowking|Slack Off|p2a: Slowking
|-heal|p2a: Slowking|57/100
|
|upkeep
|turn|92
|
|t:|1781152551
|move|p1a: Dragapult|Hex|p2a: Slowking
|-supereffective|p2a: Slowking
|-damage|p2a: Slowking|16/100
|-prepare|p2a: Slowking|Chilly Reception|[premajor]
|move|p2a: Slowking|Chilly Reception|p2a: Slowking
|-weather|Snowscape
|
|t:|1781152554
|switch|p2a: Zapdos|Zapdos, tera:Steel|21/100 brn|[from] Chilly Reception
|
|-weather|Snowscape|[upkeep]
|-damage|p2a: Zapdos|15/100 brn|[from] brn
|upkeep
|turn|93
|
|t:|1781152557
|switch|p2a: Slowking|Slowking, F|50/100
|move|p1a: Dragapult|Hex|p2a: Slowking
|-supereffective|p2a: Slowking
|-damage|p2a: Slowking|9/100
|
|-weather|Snowscape|[upkeep]
|upkeep
|turn|94
|
|t:|1781152563
|switch|p2a: Zapdos|Zapdos, tera:Steel|15/100 brn
|move|p1a: Dragapult|Hex|p2a: Zapdos
|-damage|p2a: Zapdos|0 fnt
|faint|p2a: Zapdos
|
|-weather|Snowscape|[upkeep]
|upkeep
|c|☆clickdontthink|gg
|
|t:|1781152567
|switch|p2a: Slowking|Slowking, F|42/100
|turn|95
|
|t:|1781152571
|move|p1a: Dragapult|Hex|p2a: Slowking
|-supereffective|p2a: Slowking
|-damage|p2a: Slowking|1/100
|move|p2a: Slowking|Slack Off|p2a: Slowking
|-heal|p2a: Slowking|51/100
|
|-weather|Snowscape|[upkeep]
|upkeep
|turn|96
|
|t:|1781152578
|move|p1a: Dragapult|Hex|p2a: Slowking
|-supereffective|p2a: Slowking
|-damage|p2a: Slowking|11/100
|-prepare|p2a: Slowking|Chilly Reception|[premajor]
|move|p2a: Slowking|Chilly Reception||[still]
|-fail|p2a: Slowking
|
|-weather|none
|upkeep
|turn|97
|
|t:|1781152582
|move|p1a: Dragapult|Dragon Darts|p2a: Slowking
|-damage|p2a: Slowking|0 fnt
|faint|p2a: Slowking
|
|win|clickdontthink
|raw|clickdontthink's rating: 1581 &rarr; <strong>1601</strong><br />(+20 for winning)
|raw|KurisuChestnutLab's rating: 1573 &rarr; <strong>1553</strong><br />(-20 for losing)
|l|☆KurisuChestnutLab
|player|p2|
|l|☆clickdontthink
|player|p1|
|l| Puyu paz
