|j|☆billythekid95
|j|☆eltulaman
|t:|1781189525
|gametype|singles
|player|p1|billythekid95|101|1635
|player|p2|eltulaman|1|1616
|gen|9
|tier|[Gen 9] OU
|rated|
|rule|HP Percentage Mod: HP is shown in percentages
|rule|Endless Battle Clause: Forcing endless battles is banned
|rule|Species Clause: Limit one of each Pokémon
|rule|OHKO Clause: OHKO moves are banned
|rule|Evasion Items Clause: Evasion items are banned
|rule|Evasion Moves Clause: Evasion moves are banned
|rule|Evasion Abilities Clause: Evasion abilities are banned
|rule|Sleep Moves Clause: Sleep-inducing moves are banned
|clearpoke
|poke|p1|Walking Wake|
|poke|p1|Ribombee, F|
|poke|p1|Gholdengo|
|poke|p1|Torkoal, M|
|poke|p1|Great Tusk|
|poke|p1|Ceruledge, F|
|poke|p2|Dragonite, M|
|poke|p2|Ninetales-Alola, M|
|poke|p2|Great Tusk|
|poke|p2|Raging Bolt|
|poke|p2|Scizor, M|
|poke|p2|Enamorus, F|
|teampreview
|inactive|Battle timer is ON: inactive players will automatically lose when time's up. (requested by eltulaman)
|
|t:|1781189571
|teamsize|p1|6
|teamsize|p2|6
|start
|switch|p1a: Ribombee|Ribombee, F|100/100
|switch|p2a: Scizor|Scizor, M|100/100
|turn|1
|
|t:|1781189576
|move|p1a: Ribombee|Sticky Web|p2a: Scizor
|-sidestart|p2: eltulaman|move: Sticky Web
|move|p2a: Scizor|Swords Dance|p2a: Scizor
|-boost|p2a: Scizor|atk|2
|
|upkeep
|turn|2
|
|t:|1781189580
|move|p2a: Scizor|Bullet Punch|p1a: Ribombee
|-supereffective|p1a: Ribombee
|-enditem|p1a: Ribombee|Focus Sash
|-damage|p1a: Ribombee|1/100
|move|p1a: Ribombee|Stun Spore|p2a: Scizor|[miss]
|-miss|p1a: Ribombee|p2a: Scizor
|
|upkeep
|turn|3
|
|t:|1781189587
|move|p2a: Scizor|Bullet Punch|p1a: Ribombee
|-supereffective|p1a: Ribombee
|-damage|p1a: Ribombee|0 fnt
|faint|p1a: Ribombee
|
|upkeep
|
|t:|1781189592
|switch|p1a: Torkoal|Torkoal, M|100/100
|-weather|SunnyDay|[from] ability: Drought|[of] p1a: Torkoal
|turn|4
|
|t:|1781189603
|switch|p2a: Raging Bolt|Raging Bolt|100/100
|-activate|p2a: Raging Bolt|move: Sticky Web
|-unboost|p2a: Raging Bolt|spe|1
|-activate|p2a: Raging Bolt|ability: Protosynthesis
|-start|p2a: Raging Bolt|protosynthesisspa
|move|p1a: Torkoal|Stealth Rock|p2a: Raging Bolt
|-sidestart|p2: eltulaman|move: Stealth Rock
|
|-weather|SunnyDay|[upkeep]
|upkeep
|turn|5
|j| newhere1310
|
|t:|1781189621
|switch|p1a: Great Tusk|Great Tusk|100/100
|-activate|p1a: Great Tusk|ability: Protosynthesis
|-start|p1a: Great Tusk|protosynthesisatk
|move|p2a: Raging Bolt|Calm Mind|p2a: Raging Bolt
|-boost|p2a: Raging Bolt|spa|1
|-boost|p2a: Raging Bolt|spd|1
|
|-weather|SunnyDay|[upkeep]
|upkeep
|turn|6
|
|t:|1781189629
|-terastallize|p2a: Raging Bolt|Bug
|move|p1a: Great Tusk|Earthquake|p2a: Raging Bolt
|-resisted|p2a: Raging Bolt
|-damage|p2a: Raging Bolt|76/100
|move|p2a: Raging Bolt|Dragon Pulse|p1a: Great Tusk
|-damage|p1a: Great Tusk|49/100
|
|-weather|SunnyDay|[upkeep]
|upkeep
|turn|7
|
|t:|1781189641
|move|p1a: Great Tusk|Knock Off|p2a: Raging Bolt
|-damage|p2a: Raging Bolt|42/100
|-enditem|p2a: Raging Bolt|Booster Energy|[from] move: Knock Off|[of] p1a: Great Tusk
|move|p2a: Raging Bolt|Dragon Pulse|p1a: Great Tusk
|-damage|p1a: Great Tusk|0 fnt
|faint|p1a: Great Tusk
|-end|p1a: Great Tusk|Protosynthesis|[silent]
|
|-weather|SunnyDay|[upkeep]
|upkeep
|
|t:|1781189652
|switch|p1a: Ceruledge|Ceruledge, F|100/100
|turn|8
|
|t:|1781189656
|move|p1a: Ceruledge|Bitter Blade|p2a: Raging Bolt
|-supereffective|p2a: Raging Bolt
|-damage|p2a: Raging Bolt|0 fnt
|faint|p2a: Raging Bolt
|-end|p2a: Raging Bolt|Protosynthesis|[silent]
|
|-weather|SunnyDay|[upkeep]
|upkeep
|
|t:|1781189682
|switch|p2a: Dragonite|Dragonite, M|100/100
|turn|9
|
|t:|1781189693
|switch|p1a: Gholdengo|Gholdengo|100/100
|move|p2a: Dragonite|Earthquake|p1a: Gholdengo
|-supereffective|p1a: Gholdengo
|-damage|p1a: Gholdengo|17/100
|
|-weather|SunnyDay|[upkeep]
|upkeep
|turn|10
|
|t:|1781189699
|switch|p2a: Scizor|Scizor, M|100/100
|-activate|p2a: Scizor|move: Sticky Web
|-unboost|p2a: Scizor|spe|1
|-damage|p2a: Scizor|88/100|[from] Stealth Rock
|move|p1a: Gholdengo|Trick|p2a: Scizor
|-activate|p1a: Gholdengo|move: Trick|[of] p2a: Scizor
|-item|p2a: Scizor|Choice Scarf|[from] move: Trick
|-item|p1a: Gholdengo|Metal Coat|[from] move: Trick
|
|-weather|SunnyDay|[upkeep]
|upkeep
|turn|11
|
|t:|1781189709
|move|p2a: Scizor|Bullet Punch|p1a: Gholdengo
|-resisted|p1a: Gholdengo
|-damage|p1a: Gholdengo|0 fnt
|faint|p1a: Gholdengo
|
|-weather|none
|upkeep
|inactive|billythekid95 has 120 seconds left.
|
|t:|1781189745
|switch|p1a: Torkoal|Torkoal, M|100/100
|-weather|SunnyDay|[from] ability: Drought|[of] p1a: Torkoal
|turn|12
|inactive|billythekid95 has 120 seconds left.
|
|t:|1781189750
|switch|p2a: Great Tusk|Great Tusk|100/100
|-activate|p2a: Great Tusk|move: Sticky Web
|-unboost|p2a: Great Tusk|spe|1
|-damage|p2a: Great Tusk|97/100|[from] Stealth Rock
|-activate|p2a: Great Tusk|ability: Protosynthesis
|-start|p2a: Great Tusk|protosynthesisatk
|move|p1a: Torkoal|Lava Plume|p2a: Great Tusk
|-damage|p2a: Great Tusk|58/100
|
|-weather|SunnyDay|[upkeep]
|upkeep
|turn|13
|inactive|billythekid95 has 120 seconds left.
|
|t:|1781189766
|switch|p1a: Ceruledge|Ceruledge, F|100/100
|move|p2a: Great Tusk|Headlong Rush|p1a: Ceruledge
|-supereffective|p1a: Ceruledge
|-enditem|p1a: Ceruledge|Focus Sash
|-damage|p1a: Ceruledge|1/100
|-unboost|p2a: Great Tusk|def|1
|-unboost|p2a: Great Tusk|spd|1
|-ability|p1a: Ceruledge|Weak Armor|boost
|-unboost|p1a: Ceruledge|def|1
|-boost|p1a: Ceruledge|spe|2
|
|-weather|SunnyDay|[upkeep]
|upkeep
|turn|14
|inactive|billythekid95 has 120 seconds left.
|
|t:|1781189778
|-end|p2a: Great Tusk|Protosynthesis|[silent]
|switch|p2a: Dragonite|Dragonite, M|100/100
|move|p1a: Ceruledge|Bitter Blade|p2a: Dragonite
|-resisted|p2a: Dragonite
|-damage|p2a: Dragonite|82/100
|-heal|p1a: Ceruledge|11/100|[from] drain|[of] p2a: Dragonite
|
|-weather|SunnyDay|[upkeep]
|upkeep
|turn|15
|inactive|billythekid95 has 120 seconds left.
|
|t:|1781189787
|move|p1a: Ceruledge|Poltergeist|p2a: Dragonite|[miss]
|-miss|p1a: Ceruledge|p2a: Dragonite
|move|p2a: Dragonite|Earthquake|p1a: Ceruledge
|-supereffective|p1a: Ceruledge
|-damage|p1a: Ceruledge|0 fnt
|faint|p1a: Ceruledge
|
|-weather|SunnyDay|[upkeep]
|upkeep
|inactive|billythekid95 has 120 seconds left.
|c|☆billythekid95|i m not lucky today
|
|t:|1781189798
|switch|p1a: Walking Wake|Walking Wake|100/100
|-activate|p1a: Walking Wake|ability: Protosynthesis
|-start|p1a: Walking Wake|protosynthesisspa
|turn|16
|inactive|billythekid95 has 120 seconds left.
|
|t:|1781189807
|switch|p2a: Ninetales|Ninetales-Alola, M|100/100
|-activate|p2a: Ninetales|move: Sticky Web
|-unboost|p2a: Ninetales|spe|1
|-damage|p2a: Ninetales|76/100|[from] Stealth Rock
|-weather|Snowscape|[from] ability: Snow Warning|[of] p2a: Ninetales
|-end|p1a: Walking Wake|Protosynthesis
|-terastallize|p1a: Walking Wake|Water
|move|p1a: Walking Wake|Hydro Steam|p2a: Ninetales
|-damage|p2a: Ninetales|0 fnt
|faint|p2a: Ninetales
|
|-weather|Snowscape|[upkeep]
|upkeep
|
|t:|1781189829
|switch|p2a: Dragonite|Dragonite, M|82/100
|turn|17
|
|t:|1781189833
|-end|p1a: Walking Wake|Protosynthesis|[silent]
|switch|p1a: Torkoal|Torkoal, M|100/100
|-weather|SunnyDay|[from] ability: Drought|[of] p1a: Torkoal
|move|p2a: Dragonite|Dragon Dance|p2a: Dragonite
|-boost|p2a: Dragonite|atk|1
|-boost|p2a: Dragonite|spe|1
|
|-weather|SunnyDay|[upkeep]
|upkeep
|turn|18
|
|t:|1781189841
|move|p2a: Dragonite|Earthquake|p1a: Torkoal
|-supereffective|p1a: Torkoal
|-damage|p1a: Torkoal|7/100
|move|p1a: Torkoal|Will-O-Wisp|p2a: Dragonite
|-status|p2a: Dragonite|brn
|
|-weather|SunnyDay|[upkeep]
|-damage|p2a: Dragonite|75/100 brn|[from] brn
|upkeep
|turn|19
|
|t:|1781189851
|switch|p2a: Great Tusk|Great Tusk|58/100
|-activate|p2a: Great Tusk|move: Sticky Web
|-unboost|p2a: Great Tusk|spe|1
|-damage|p2a: Great Tusk|55/100|[from] Stealth Rock
|-activate|p2a: Great Tusk|ability: Protosynthesis
|-start|p2a: Great Tusk|protosynthesisatk
|switch|p1a: Walking Wake|Walking Wake, tera:Water|100/100
|-activate|p1a: Walking Wake|ability: Protosynthesis
|-start|p1a: Walking Wake|protosynthesisspa
|
|-weather|SunnyDay|[upkeep]
|upkeep
|turn|20
|
|t:|1781189862
|move|p1a: Walking Wake|Hydro Steam|p2a: Great Tusk
|-supereffective|p2a: Great Tusk
|-damage|p2a: Great Tusk|0 fnt
|faint|p2a: Great Tusk
|-end|p2a: Great Tusk|Protosynthesis|[silent]
|
|-weather|SunnyDay|[upkeep]
|upkeep
|
|t:|1781189864
|switch|p2a: Dragonite|Dragonite, M|75/100 brn
|turn|21
|
|t:|1781189869
|move|p2a: Dragonite|Extreme Speed|p1a: Walking Wake
|-damage|p1a: Walking Wake|84/100
|move|p1a: Walking Wake|Hydro Steam|p2a: Dragonite
|-resisted|p2a: Dragonite
|-damage|p2a: Dragonite|0 fnt
|faint|p2a: Dragonite
|
|-weather|SunnyDay|[upkeep]
|upkeep
|
|t:|1781189872
|switch|p2a: Scizor|Scizor, M|88/100
|-activate|p2a: Scizor|move: Sticky Web
|-unboost|p2a: Scizor|spe|1
|-damage|p2a: Scizor|76/100|[from] Stealth Rock
|turn|22
|
|t:|1781189881
|move|p2a: Scizor|Bullet Punch|p1a: Walking Wake
|-resisted|p1a: Walking Wake
|-damage|p1a: Walking Wake|64/100
|move|p1a: Walking Wake|Hydro Steam|p2a: Scizor
|-damage|p2a: Scizor|0 fnt
|faint|p2a: Scizor
|
|-weather|SunnyDay|[upkeep]
|upkeep
|
|t:|1781189883
|switch|p2a: Enamorus|Enamorus, F|100/100
|-damage|p2a: Enamorus|76/100|[from] Stealth Rock
|turn|23
|
|t:|1781189890
|move|p2a: Enamorus|Moonblast|p1a: Walking Wake
|-damage|p1a: Walking Wake|1/100
|move|p1a: Walking Wake|Hydro Steam|p2a: Enamorus
|-damage|p2a: Enamorus|0 fnt
|faint|p2a: Enamorus
|
|win|billythekid95
|raw|billythekid95's rating: 1635 &rarr; <strong>1654</strong><br />(+19 for winning)
|raw|eltulaman's rating: 1616 &rarr; <strong>1597</strong><br />(-19 for losing)
|c|☆eltulaman|Fam
|l|☆eltulaman
|player|p2|
|l|☆billythekid95
|player|p1|
|l| newhere1310
