|j|☆tuanquewang
|j|☆Mr Tpen
|t:|1780922326
|gametype|singles
|player|p1|tuanquewang|backersf|1597
|player|p2|Mr Tpen|170|1598
|gen|9
|tier|[Gen 9] OU
|rated|
|rule|HP Percentage Mod: HP is shown in percentages
|rule|Endless Battle Clause: Forcing endless battles is banned
|rule|Species Clause: Limit one of each Pokémon
|rule|OHKO Clause: OHKO moves are banned
|rule|Evasion Items Clause: Evasion items are banned
|rule|Evasion Moves Clause: Evasion moves are banned
|rule|Evasion Abilities Clause: Evasion abilities are banned
|rule|Sleep Moves Clause: Sleep-inducing moves are banned
|clearpoke
|poke|p1|Slowking-Galar, M|
|poke|p1|Hydrapple, F|
|poke|p1|Cinderace, M|
|poke|p1|Alomomola, F|
|poke|p1|Mamoswine, M|
|poke|p1|Iron Crown|
|poke|p2|Clodsire, M|
|poke|p2|Toxapex, F|
|poke|p2|Corviknight, F|
|poke|p2|Dondozo, M|
|poke|p2|Clefable, F|
|poke|p2|Gliscor, F|
|teampreview
|inactive|Battle timer is ON: inactive players will automatically lose when time's up. (requested by tuanquewang)
|
|t:|1780922342
|teamsize|p1|6
|teamsize|p2|6
|start
|switch|p1a: Mamoswine|Mamoswine, M|100/100
|switch|p2a: nothing new there|Gliscor, F|100/100
|turn|1
|
|t:|1780922345
|move|p2a: nothing new there|Protect|p2a: nothing new there
|-singleturn|p2a: nothing new there|Protect
|move|p1a: Mamoswine|Icicle Crash|p2a: nothing new there
|-activate|p2a: nothing new there|move: Protect
|
|-status|p2a: nothing new there|tox|[from] item: Toxic Orb
|upkeep
|turn|2
|
|t:|1780922357
|switch|p2a: take your time|Toxapex, F|100/100
|switch|p1a: Iron Crown|Iron Crown|100/100
|
|upkeep
|turn|3
|
|t:|1780922364
|move|p2a: take your time|Baneful Bunker|p2a: take your time
|-singleturn|p2a: take your time|move: Protect
|move|p1a: Iron Crown|Psychic|p2a: take your time
|-activate|p2a: take your time|move: Protect
|
|upkeep
|turn|4
|
|t:|1780922374
|-end|p1a: Iron Crown|Quark Drive|[silent]
|switch|p1a: Slowking|Slowking-Galar, M|100/100
|switch|p2a: per my last turn|Corviknight, F|100/100
|-ability|p2a: per my last turn|Pressure
|
|upkeep
|turn|5
|
|t:|1780922381
|move|p2a: per my last turn|Protect|p2a: per my last turn
|-singleturn|p2a: per my last turn|Protect
|move|p1a: Slowking|Trick|p2a: per my last turn
|-activate|p2a: per my last turn|move: Protect
|
|upkeep
|turn|6
|
|t:|1780922389
|switch|p2a: nothing new there|Gliscor, F|100/100 tox
|move|p1a: Slowking|Psychic Noise|p2a: nothing new there
|-damage|p2a: nothing new there|64/100 tox
|-start|p2a: nothing new there|move: Heal Block
|
|upkeep
|turn|7
|
|t:|1780922400
|switch|p1a: Mamoswine|Mamoswine, M|100/100
|move|p2a: nothing new there|Knock Off|p1a: Mamoswine
|-damage|p1a: Mamoswine|82/100
|-enditem|p1a: Mamoswine|Choice Band|[from] move: Knock Off|[of] p2a: nothing new there
|
|-end|p2a: nothing new there|move: Heal Block
|upkeep
|turn|8
|
|t:|1780922404
|move|p2a: nothing new there|Protect|p2a: nothing new there
|-singleturn|p2a: nothing new there|Protect
|move|p1a: Mamoswine|Icicle Crash|p2a: nothing new there
|-activate|p2a: nothing new there|move: Protect
|
|-heal|p2a: nothing new there|77/100 tox|[from] ability: Poison Heal
|upkeep
|turn|9
|
|t:|1780922409
|switch|p2a: per my last turn|Corviknight, F|100/100
|-ability|p2a: per my last turn|Pressure
|move|p1a: Mamoswine|Earthquake|p2a: per my last turn
|-immune|p2a: per my last turn
|
|upkeep
|turn|10
|
|t:|1780922418
|switch|p1a: Slowking|Slowking-Galar, M|100/100
|move|p2a: per my last turn|Brave Bird|p1a: Slowking
|-damage|p1a: Slowking|65/100
|-damage|p2a: per my last turn|89/100|[from] Recoil
|
|-heal|p2a: per my last turn|95/100|[from] item: Leftovers
|-heal|p1a: Slowking|71/100|[from] item: Black Sludge
|upkeep
|turn|11
|
|t:|1780922423
|move|p2a: per my last turn|Protect|p2a: per my last turn
|-singleturn|p2a: per my last turn|Protect
|move|p1a: Slowking|Psychic Noise|p2a: per my last turn
|-activate|p2a: per my last turn|move: Protect
|
|-heal|p2a: per my last turn|100/100|[from] item: Leftovers
|-heal|p1a: Slowking|77/100|[from] item: Black Sludge
|upkeep
|turn|12
|
|t:|1780922430
|switch|p2a: nothing new there|Gliscor, F|77/100 tox
|move|p1a: Slowking|Trick|p2a: nothing new there
|-activate|p1a: Slowking|move: Trick|[of] p2a: nothing new there
|-item|p2a: nothing new there|Black Sludge|[from] move: Trick
|-item|p1a: Slowking|Toxic Orb|[from] move: Trick
|
|-damage|p2a: nothing new there|64/100 tox|[from] item: Black Sludge
|-heal|p2a: nothing new there|77/100 tox|[from] ability: Poison Heal
|upkeep
|turn|13
|
|t:|1780922434
|switch|p1a: Alomomola|Alomomola, F|100/100
|move|p2a: nothing new there|Knock Off|p1a: Alomomola
|-damage|p1a: Alomomola|90/100
|-enditem|p1a: Alomomola|Leftovers|[from] move: Knock Off|[of] p2a: nothing new there
|
|-damage|p2a: nothing new there|64/100 tox|[from] item: Black Sludge
|-heal|p2a: nothing new there|77/100 tox|[from] ability: Poison Heal
|upkeep
|turn|14
|
|t:|1780922438
|move|p1a: Alomomola|Protect|p1a: Alomomola
|-singleturn|p1a: Alomomola|Protect
|move|p2a: nothing new there|Toxic|p1a: Alomomola
|-activate|p1a: Alomomola|move: Protect
|
|-damage|p2a: nothing new there|64/100 tox|[from] item: Black Sludge
|-heal|p2a: nothing new there|77/100 tox|[from] ability: Poison Heal
|upkeep
|turn|15
|
|t:|1780922442
|switch|p1a: Iron Crown|Iron Crown|100/100
|move|p2a: nothing new there|Substitute|p2a: nothing new there
|-start|p2a: nothing new there|Substitute
|-damage|p2a: nothing new there|52/100 tox
|
|-damage|p2a: nothing new there|39/100 tox|[from] item: Black Sludge
|-heal|p2a: nothing new there|52/100 tox|[from] ability: Poison Heal
|upkeep
|turn|16
|
|t:|1780922447
|-end|p1a: Iron Crown|Quark Drive|[silent]
|switch|p1a: Alomomola|Alomomola, F|100/100
|move|p2a: nothing new there|Protect||[still]
|-fail|p2a: nothing new there
|
|-damage|p2a: nothing new there|39/100 tox|[from] item: Black Sludge
|-heal|p2a: nothing new there|52/100 tox|[from] ability: Poison Heal
|upkeep
|turn|17
|
|t:|1780922452
|move|p1a: Alomomola|Protect|p1a: Alomomola
|-singleturn|p1a: Alomomola|Protect
|move|p2a: nothing new there|Toxic|p1a: Alomomola
|-activate|p1a: Alomomola|move: Protect
|
|-damage|p2a: nothing new there|39/100 tox|[from] item: Black Sludge
|-heal|p2a: nothing new there|52/100 tox|[from] ability: Poison Heal
|upkeep
|turn|18
|
|t:|1780922454
|move|p2a: nothing new there|Knock Off|p1a: Alomomola
|-damage|p1a: Alomomola|93/100
|move|p1a: Alomomola|Flip Turn|p2a: nothing new there
|-supereffective|p2a: nothing new there
|-end|p2a: nothing new there|Substitute
|
|t:|1780922462
|switch|p1a: Iron Crown|Iron Crown|100/100|[from] Flip Turn
|
|-damage|p2a: nothing new there|39/100 tox|[from] item: Black Sludge
|-heal|p2a: nothing new there|52/100 tox|[from] ability: Poison Heal
|upkeep
|turn|19
|
|t:|1780922465
|switch|p2a: per my last turn|Corviknight, F|100/100
|-ability|p2a: per my last turn|Pressure
|move|p1a: Iron Crown|Psychic|p2a: per my last turn
|-resisted|p2a: per my last turn
|-damage|p2a: per my last turn|83/100
|
|-heal|p2a: per my last turn|89/100|[from] item: Leftovers
|upkeep
|turn|20
|
|t:|1780922470
|-end|p1a: Iron Crown|Quark Drive|[silent]
|switch|p1a: Slowking|Slowking-Galar, M|100/100
|move|p2a: per my last turn|Protect||[still]
|-fail|p2a: per my last turn
|
|-heal|p2a: per my last turn|95/100|[from] item: Leftovers
|upkeep
|turn|21
|
|t:|1780922475
|switch|p2a: nothing new there|Gliscor, F|52/100 tox
|move|p1a: Slowking|Psychic Noise|p2a: nothing new there
|-crit|p2a: nothing new there
|-damage|p2a: nothing new there|0 fnt
|faint|p2a: nothing new there
|
|upkeep
|j| hornyhorndrill
|
|t:|1780922481
|switch|p2a: did you calc that?|Clodsire, M|100/100
|turn|22
|
|t:|1780922488
|-terastallize|p2a: did you calc that?|Steel
|move|p2a: did you calc that?|Earthquake|p1a: Slowking
|-supereffective|p1a: Slowking
|-damage|p1a: Slowking|39/100
|move|p1a: Slowking|Psychic Noise|p2a: did you calc that?
|-resisted|p2a: did you calc that?
|-damage|p2a: did you calc that?|93/100
|-start|p2a: did you calc that?|move: Heal Block
|
|upkeep
|turn|23
|
|t:|1780922493
|switch|p1a: Alomomola|Alomomola, F|100/100
|move|p2a: did you calc that?|Poison Jab|p1a: Alomomola
|-damage|p1a: Alomomola|89/100
|
|-end|p2a: did you calc that?|move: Heal Block
|upkeep
|turn|24
|
|t:|1780922497
|move|p1a: Alomomola|Flip Turn|p2a: did you calc that?
|-damage|p2a: did you calc that?|74/100
|
|t:|1780922500
|switch|p1a: Slowking|Slowking-Galar, M|72/100|[from] Flip Turn
|move|p2a: did you calc that?|Spikes|p1a: Slowking
|-sidestart|p1: tuanquewang|Spikes
|
|upkeep
|turn|25
|
|t:|1780922503
|move|p2a: did you calc that?|Earthquake|p1a: Slowking
|-supereffective|p1a: Slowking
|-damage|p1a: Slowking|14/100
|-prepare|p1a: Slowking|Chilly Reception|[premajor]
|move|p1a: Slowking|Chilly Reception|p1a: Slowking
|-weather|Snowscape
|l| hornyhorndrill
|
|t:|1780922505
|switch|p1a: Cinderace|Cinderace, M|100/100|[from] Chilly Reception
|
|-weather|Snowscape|[upkeep]
|upkeep
|turn|26
|
|t:|1780922508
|switch|p2a: take your time|Toxapex, F|100/100
|move|p1a: Cinderace|Pyro Ball|p2a: take your time
|-resisted|p2a: take your time
|-damage|p2a: take your time|83/100
|
|-weather|Snowscape|[upkeep]
|-heal|p2a: take your time|89/100|[from] item: Leftovers
|upkeep
|turn|27
|
|t:|1780922511
|switch|p1a: Slowking|Slowking-Galar, M|47/100
|-damage|p1a: Slowking|35/100|[from] Spikes
|move|p2a: take your time|Infestation|p1a: Slowking
|-damage|p1a: Slowking|33/100
|-activate|p1a: Slowking|move: Infestation|[of] p2a: take your time
|
|-weather|Snowscape|[upkeep]
|-heal|p2a: take your time|95/100|[from] item: Leftovers
|-damage|p1a: Slowking|21/100|[from] move: Infestation|[partiallytrapped]
|upkeep
|turn|28
|
|t:|1780922517
|move|p2a: take your time|Baneful Bunker|p2a: take your time
|-singleturn|p2a: take your time|move: Protect
|-prepare|p1a: Slowking|Chilly Reception|[premajor]
|move|p1a: Slowking|Chilly Reception|p1a: Slowking
|inactive|tuanquewang has 120 seconds left.
|
|t:|1780922556
|switch|p1a: Iron Crown|Iron Crown|100/100|[from] Chilly Reception
|-damage|p1a: Iron Crown|88/100|[from] Spikes
|
|-weather|Snowscape|[upkeep]
|-heal|p2a: take your time|100/100|[from] item: Leftovers
|upkeep
|turn|29
|
|t:|1780922560
|switch|p2a: per my last turn|Corviknight, F|95/100
|-ability|p2a: per my last turn|Pressure
|move|p1a: Iron Crown|Volt Switch|p2a: per my last turn
|-supereffective|p2a: per my last turn
|-damage|p2a: per my last turn|57/100
|
|t:|1780922573
|-end|p1a: Iron Crown|Quark Drive|[silent]
|switch|p1a: Slowking|Slowking-Galar, M|54/100|[from] Volt Switch
|-damage|p1a: Slowking|41/100|[from] Spikes
|
|-weather|none
|-heal|p2a: per my last turn|63/100|[from] item: Leftovers
|upkeep
|turn|30
|
|t:|1780922577
|move|p2a: per my last turn|Protect|p2a: per my last turn
|-singleturn|p2a: per my last turn|Protect
|-prepare|p1a: Slowking|Chilly Reception|[premajor]
|move|p1a: Slowking|Chilly Reception|p1a: Slowking
|-weather|Snowscape
|
|t:|1780922581
|switch|p1a: Cinderace|Cinderace, M|100/100|[from] Chilly Reception
|
|-weather|Snowscape|[upkeep]
|-heal|p2a: per my last turn|69/100|[from] item: Leftovers
|upkeep
|turn|31
|
|t:|1780922585
|switch|p2a: take your time|Toxapex, F|100/100
|move|p1a: Cinderace|Court Change|p1a: Cinderace
|-start|p1a: Cinderace|typechange|Normal|[from] ability: Libero
|-swapsideconditions
|-activate|p1a: Cinderace|move: Court Change
|
|-weather|Snowscape|[upkeep]
|upkeep
|turn|32
|
|t:|1780922590
|switch|p1a: Slowking|Slowking-Galar, M|75/100
|switch|p2a: did you calc that?|Clodsire, M, tera:Steel|74/100
|
|-weather|Snowscape|[upkeep]
|upkeep
|turn|33
|
|t:|1780922605
|move|p2a: did you calc that?|Spikes|p1a: Slowking
|-sidestart|p1: tuanquewang|Spikes
|move|p1a: Slowking|Trick|p2a: did you calc that?
|-activate|p1a: Slowking|move: Trick|[of] p2a: did you calc that?
|-item|p2a: did you calc that?|Toxic Orb|[from] move: Trick
|-item|p1a: Slowking|Heavy-Duty Boots|[from] move: Trick
|
|-weather|Snowscape|[upkeep]
|upkeep
|turn|34
|
|t:|1780922611
|switch|p1a: Alomomola|Alomomola, F|100/100
|-damage|p1a: Alomomola|88/100|[from] Spikes
|move|p2a: did you calc that?|Spikes|p1a: Alomomola
|-sidestart|p1: tuanquewang|Spikes
|
|-weather|none
|upkeep
|turn|35
|
|t:|1780922614
|move|p1a: Alomomola|Flip Turn|p2a: did you calc that?
|-damage|p2a: did you calc that?|55/100
|
|t:|1780922620
|switch|p1a: Slowking|Slowking-Galar, M|100/100|[from] Flip Turn
|move|p2a: did you calc that?|Spikes|p1a: Slowking
|-sidestart|p1: tuanquewang|Spikes
|
|upkeep
|turn|36
|
|t:|1780922623
|move|p2a: did you calc that?|Recover|p2a: did you calc that?
|-heal|p2a: did you calc that?|100/100
|-prepare|p1a: Slowking|Chilly Reception|[premajor]
|move|p1a: Slowking|Chilly Reception|p1a: Slowking
|-weather|Snowscape
|
|t:|1780922624
|switch|p1a: Cinderace|Cinderace, M|100/100|[from] Chilly Reception
|
|-weather|Snowscape|[upkeep]
|upkeep
|turn|37
|
|t:|1780922627
|move|p1a: Cinderace|Court Change|p1a: Cinderace
|-start|p1a: Cinderace|typechange|Normal|[from] ability: Libero
|-swapsideconditions
|-activate|p1a: Cinderace|move: Court Change
|move|p2a: did you calc that?|Earthquake|p1a: Cinderace
|-damage|p1a: Cinderace|59/100
|
|-weather|Snowscape|[upkeep]
|upkeep
|turn|38
|
|t:|1780922631
|switch|p2a: take your time|Toxapex, F|100/100
|-damage|p2a: take your time|75/100|[from] Spikes
|move|p1a: Cinderace|High Jump Kick|p2a: take your time
|-resisted|p2a: take your time
|-damage|p2a: take your time|63/100
|
|-weather|Snowscape|[upkeep]
|-heal|p2a: take your time|69/100|[from] item: Leftovers
|upkeep
|turn|39
|
|t:|1780922640
|switch|p1a: Slowking|Slowking-Galar, M|100/100
|switch|p2a: per my last turn|Corviknight, F|69/100
|-ability|p2a: per my last turn|Pressure
|
|-weather|Snowscape|[upkeep]
|-heal|p2a: per my last turn|76/100|[from] item: Leftovers
|upkeep
|turn|40
|
|t:|1780922646
|move|p2a: per my last turn|Defog|p1a: Slowking
|-unboost|p1a: Slowking|evasion|1
|-sideend|p1: tuanquewang|Spikes|[from] move: Defog|[of] p2a: per my last turn
|-sideend|p2: Mr Tpen|Spikes|[from] move: Defog|[of] p2a: per my last turn
|-prepare|p1a: Slowking|Chilly Reception|[premajor]
|move|p1a: Slowking|Chilly Reception|p1a: Slowking
|
|t:|1780922655
|switch|p1a: Iron Crown|Iron Crown|88/100|[from] Chilly Reception
|
|-weather|none
|-heal|p2a: per my last turn|82/100|[from] item: Leftovers
|upkeep
|turn|41
|
|t:|1780922659
|move|p2a: per my last turn|Protect|p2a: per my last turn
|-singleturn|p2a: per my last turn|Protect
|move|p1a: Iron Crown|Volt Switch|p2a: per my last turn
|-activate|p2a: per my last turn|move: Protect
|
|-heal|p2a: per my last turn|88/100|[from] item: Leftovers
|upkeep
|turn|42
|
|t:|1780922661
|switch|p2a: did you calc that?|Clodsire, M, tera:Steel|100/100
|move|p1a: Iron Crown|Volt Switch|p2a: did you calc that?
|-damage|p2a: did you calc that?|86/100
|
|t:|1780922665
|-end|p1a: Iron Crown|Quark Drive|[silent]
|switch|p1a: Mamoswine|Mamoswine, M|82/100|[from] Volt Switch
|
|upkeep
|turn|43
|
|t:|1780922668
|switch|p2a: per my last turn|Corviknight, F|88/100
|-ability|p2a: per my last turn|Pressure
|move|p1a: Mamoswine|Icicle Crash|p2a: per my last turn
|-damage|p2a: per my last turn|47/100
|
|-heal|p2a: per my last turn|53/100|[from] item: Leftovers
|upkeep
|turn|44
|
|t:|1780922671
|move|p2a: per my last turn|Protect|p2a: per my last turn
|-singleturn|p2a: per my last turn|Protect
|move|p1a: Mamoswine|Icicle Crash|p2a: per my last turn
|-activate|p2a: per my last turn|move: Protect
|
|-heal|p2a: per my last turn|59/100|[from] item: Leftovers
|upkeep
|turn|45
|
|t:|1780922674
|move|p1a: Mamoswine|Icicle Crash|p2a: per my last turn|[miss]
|-miss|p1a: Mamoswine|p2a: per my last turn
|move|p2a: per my last turn|Roost|p2a: per my last turn
|-heal|p2a: per my last turn|100/100
|-singleturn|p2a: per my last turn|move: Roost
|
|upkeep
|turn|46
|
|t:|1780922681
|switch|p1a: Alomomola|Alomomola, F|100/100
|move|p2a: per my last turn|Brave Bird|p1a: Alomomola
|-damage|p1a: Alomomola|80/100
|-damage|p2a: per my last turn|91/100|[from] Recoil
|
|-heal|p2a: per my last turn|98/100|[from] item: Leftovers
|upkeep
|turn|47
|
|t:|1780922684
|switch|p2a: take your time|Toxapex, F|100/100
|move|p1a: Alomomola|Flip Turn|p2a: take your time
|-resisted|p2a: take your time
|-damage|p2a: take your time|95/100
|
|t:|1780922687
|switch|p1a: Mamoswine|Mamoswine, M|82/100|[from] Flip Turn
|
|-heal|p2a: take your time|100/100|[from] item: Leftovers
|upkeep
|turn|48
|
|t:|1780922690
|move|p2a: take your time|Baneful Bunker|p2a: take your time
|-singleturn|p2a: take your time|move: Protect
|move|p1a: Mamoswine|Ice Shard|p2a: take your time
|-activate|p2a: take your time|move: Protect
|
|upkeep
|turn|49
|
|t:|1780922692
|switch|p2a: per my last turn|Corviknight, F|98/100
|-ability|p2a: per my last turn|Pressure
|move|p1a: Mamoswine|Icicle Crash|p2a: per my last turn|[miss]
|-miss|p1a: Mamoswine|p2a: per my last turn
|
|-heal|p2a: per my last turn|100/100|[from] item: Leftovers
|upkeep
|turn|50
|
|t:|1780922699
|switch|p1a: Alomomola|Alomomola, F|100/100
|move|p2a: per my last turn|Brave Bird|p1a: Alomomola
|-damage|p1a: Alomomola|81/100
|-damage|p2a: per my last turn|92/100|[from] Recoil
|
|-heal|p2a: per my last turn|98/100|[from] item: Leftovers
|upkeep
|turn|51
|
|t:|1780922702
|switch|p2a: love this for you|Clefable, F|100/100
|move|p1a: Alomomola|Flip Turn|p2a: love this for you
|-damage|p2a: love this for you|87/100
|
|t:|1780922708
|switch|p1a: Iron Crown|Iron Crown|88/100|[from] Flip Turn
|
|upkeep
|turn|52
|
|t:|1780922714
|switch|p2a: did you calc that?|Clodsire, M, tera:Steel|86/100
|move|p1a: Iron Crown|Volt Switch|p2a: did you calc that?
|-damage|p2a: did you calc that?|73/100
|
|t:|1780922720
|-end|p1a: Iron Crown|Quark Drive|[silent]
|switch|p1a: Cinderace|Cinderace, M|59/100|[from] Volt Switch
|
|upkeep
|turn|53
|
|t:|1780922724
|switch|p2a: take your time|Toxapex, F|100/100
|move|p1a: Cinderace|U-turn|p2a: take your time
|-start|p1a: Cinderace|typechange|Bug|[from] ability: Libero
|-resisted|p2a: take your time
|-damage|p2a: take your time|90/100
|
|t:|1780922726
|switch|p1a: Iron Crown|Iron Crown|88/100|[from] U-turn
|
|-heal|p2a: take your time|96/100|[from] item: Leftovers
|upkeep
|turn|54
|
|t:|1780922731
|move|p2a: take your time|Baneful Bunker|p2a: take your time
|-singleturn|p2a: take your time|move: Protect
|move|p1a: Iron Crown|Volt Switch|p2a: take your time
|-activate|p2a: take your time|move: Protect
|
|-heal|p2a: take your time|100/100|[from] item: Leftovers
|upkeep
|turn|55
|
|t:|1780922734
|move|p1a: Iron Crown|Volt Switch|p2a: take your time
|-supereffective|p2a: take your time
|-damage|p2a: take your time|56/100
|
|t:|1780922736
|-end|p1a: Iron Crown|Quark Drive|[silent]
|switch|p1a: Slowking|Slowking-Galar, M|100/100|[from] Volt Switch
|move|p2a: take your time|Infestation|p1a: Slowking
|-damage|p1a: Slowking|99/100
|-activate|p1a: Slowking|move: Infestation|[of] p2a: take your time
|
|-heal|p2a: take your time|63/100|[from] item: Leftovers
|-damage|p1a: Slowking|86/100|[from] move: Infestation|[partiallytrapped]
|upkeep
|turn|56
|
|t:|1780922746
|switch|p2a: did you calc that?|Clodsire, M, tera:Steel|73/100
|move|p1a: Slowking|Psychic Noise|p2a: did you calc that?
|-resisted|p2a: did you calc that?
|-damage|p2a: did you calc that?|65/100
|-start|p2a: did you calc that?|move: Heal Block
|
|-end|p1a: Slowking|Infestation|[partiallytrapped]|[silent]
|upkeep
|turn|57
|
|t:|1780922750
|move|p2a: did you calc that?|Earthquake|p1a: Slowking
|-supereffective|p1a: Slowking
|-damage|p1a: Slowking|32/100
|-prepare|p1a: Slowking|Chilly Reception|[premajor]
|move|p1a: Slowking|Chilly Reception|p1a: Slowking
|-weather|Snowscape
|
|t:|1780922753
|switch|p1a: Cinderace|Cinderace, M|59/100|[from] Chilly Reception
|
|-weather|Snowscape|[upkeep]
|-end|p2a: did you calc that?|move: Heal Block
|upkeep
|turn|58
|
|t:|1780922757
|switch|p2a: take your time|Toxapex, F|96/100
|move|p1a: Cinderace|U-turn|p2a: take your time
|-start|p1a: Cinderace|typechange|Bug|[from] ability: Libero
|-resisted|p2a: take your time
|-damage|p2a: take your time|86/100
|
|t:|1780922764
|switch|p1a: Iron Crown|Iron Crown|88/100|[from] U-turn
|
|-weather|Snowscape|[upkeep]
|-heal|p2a: take your time|92/100|[from] item: Leftovers
|upkeep
|turn|59
|
|t:|1780922767
|-end|p1a: Iron Crown|Quark Drive|[silent]
|switch|p1a: Slowking|Slowking-Galar, M|66/100
|move|p2a: take your time|Baneful Bunker||[still]
|-fail|p2a: take your time
|
|-weather|Snowscape|[upkeep]
|-heal|p2a: take your time|98/100|[from] item: Leftovers
|upkeep
|turn|60
|
|t:|1780922772
|switch|p2a: per my last turn|Corviknight, F|98/100
|-ability|p2a: per my last turn|Pressure
|-prepare|p1a: Slowking|Chilly Reception|[premajor]
|move|p1a: Slowking|Chilly Reception|p1a: Slowking
|
|t:|1780922777
|switch|p1a: Hydrapple|Hydrapple, F, shiny|100/100|[from] Chilly Reception
|
|-weather|Snowscape|[upkeep]
|-heal|p2a: per my last turn|100/100|[from] item: Leftovers
|upkeep
|turn|61
|
|t:|1780922785
|switch|p1a: Slowking|Slowking-Galar, M|99/100
|move|p2a: per my last turn|Brave Bird|p1a: Slowking
|-damage|p1a: Slowking|63/100
|-damage|p2a: per my last turn|89/100|[from] Recoil
|
|-weather|none
|-heal|p2a: per my last turn|95/100|[from] item: Leftovers
|upkeep
|turn|62
|
|t:|1780922791
|switch|p2a: did you calc that?|Clodsire, M, tera:Steel|65/100
|-prepare|p1a: Slowking|Chilly Reception|[premajor]
|move|p1a: Slowking|Chilly Reception|p1a: Slowking
|-weather|Snowscape
|
|t:|1780922799
|switch|p1a: Mamoswine|Mamoswine, M|82/100|[from] Chilly Reception
|
|-weather|Snowscape|[upkeep]
|upkeep
|turn|63
|
|t:|1780922804
|switch|p2a: per my last turn|Corviknight, F|95/100
|-ability|p2a: per my last turn|Pressure
|move|p1a: Mamoswine|Icicle Crash|p2a: per my last turn
|-crit|p2a: per my last turn
|-damage|p2a: per my last turn|38/100
|
|-weather|Snowscape|[upkeep]
|-heal|p2a: per my last turn|44/100|[from] item: Leftovers
|upkeep
|turn|64
|
|t:|1780922808
|move|p2a: per my last turn|Protect|p2a: per my last turn
|-singleturn|p2a: per my last turn|Protect
|move|p1a: Mamoswine|Ice Shard|p2a: per my last turn
|-activate|p2a: per my last turn|move: Protect
|
|-weather|Snowscape|[upkeep]
|-heal|p2a: per my last turn|50/100|[from] item: Leftovers
|upkeep
|turn|65
|
|t:|1780922811
|move|p1a: Mamoswine|Icicle Crash|p2a: per my last turn
|-damage|p2a: per my last turn|13/100
|move|p2a: per my last turn|Roost|p2a: per my last turn
|-heal|p2a: per my last turn|63/100
|-singleturn|p2a: per my last turn|move: Roost
|
|-weather|Snowscape|[upkeep]
|-heal|p2a: per my last turn|69/100|[from] item: Leftovers
|upkeep
|turn|66
|
|t:|1780922818
|move|p1a: Mamoswine|Ice Shard|p2a: per my last turn
|-damage|p2a: per my last turn|51/100
|move|p2a: per my last turn|Roost|p2a: per my last turn
|-heal|p2a: per my last turn|100/100
|-singleturn|p2a: per my last turn|move: Roost
|
|-weather|none
|upkeep
|turn|67
|
|t:|1780922823
|switch|p1a: Slowking|Slowking-Galar, M|96/100
|move|p2a: per my last turn|Protect||[still]
|-fail|p2a: per my last turn
|
|upkeep
|turn|68
|
|t:|1780922827
|move|p2a: per my last turn|Brave Bird|p1a: Slowking
|-damage|p1a: Slowking|58/100
|-damage|p2a: per my last turn|88/100|[from] Recoil
|move|p1a: Slowking|Psychic Noise|p2a: per my last turn
|-resisted|p2a: per my last turn
|-damage|p2a: per my last turn|79/100
|-start|p2a: per my last turn|move: Heal Block
|
|upkeep
|turn|69
|
|t:|1780922830
|switch|p2a: did you calc that?|Clodsire, M, tera:Steel|65/100
|-prepare|p1a: Slowking|Chilly Reception|[premajor]
|move|p1a: Slowking|Chilly Reception|p1a: Slowking
|-weather|Snowscape
|
|t:|1780922833
|switch|p1a: Cinderace|Cinderace, M|59/100|[from] Chilly Reception
|
|-weather|Snowscape|[upkeep]
|upkeep
|turn|70
|
|t:|1780922836
|switch|p2a: take your time|Toxapex, F|100/100
|move|p1a: Cinderace|U-turn|p2a: take your time
|-start|p1a: Cinderace|typechange|Bug|[from] ability: Libero
|-resisted|p2a: take your time
|-damage|p2a: take your time|90/100
|
|t:|1780922844
|switch|p1a: Mamoswine|Mamoswine, M|82/100|[from] U-turn
|
|-weather|Snowscape|[upkeep]
|-heal|p2a: take your time|97/100|[from] item: Leftovers
|upkeep
|turn|71
|
|t:|1780922847
|switch|p2a: per my last turn|Corviknight, F|79/100
|-ability|p2a: per my last turn|Pressure
|move|p1a: Mamoswine|Ice Shard|p2a: per my last turn
|-damage|p2a: per my last turn|60/100
|
|-weather|Snowscape|[upkeep]
|-heal|p2a: per my last turn|66/100|[from] item: Leftovers
|upkeep
|turn|72
|
|t:|1780922851
|move|p1a: Mamoswine|Stone Edge|p2a: per my last turn
|-damage|p2a: per my last turn|35/100
|move|p2a: per my last turn|Brave Bird|p1a: Mamoswine
|-damage|p1a: Mamoswine|61/100
|-damage|p2a: per my last turn|28/100|[from] Recoil
|
|-weather|Snowscape|[upkeep]
|-heal|p2a: per my last turn|35/100|[from] item: Leftovers
|upkeep
|turn|73
|
|t:|1780922857
|move|p2a: per my last turn|Protect|p2a: per my last turn
|-singleturn|p2a: per my last turn|Protect
|move|p1a: Mamoswine|Ice Shard|p2a: per my last turn
|-activate|p2a: per my last turn|move: Protect
|
|-weather|none
|-heal|p2a: per my last turn|41/100|[from] item: Leftovers
|upkeep
|turn|74
|
|t:|1780922861
|switch|p2a: take your time|Toxapex, F|100/100
|move|p1a: Mamoswine|Icicle Crash|p2a: take your time
|-resisted|p2a: take your time
|-damage|p2a: take your time|87/100
|
|-heal|p2a: take your time|93/100|[from] item: Leftovers
|upkeep
|turn|75
|
|t:|1780922869
|switch|p2a: per my last turn|Corviknight, F|41/100
|-ability|p2a: per my last turn|Pressure
|move|p1a: Mamoswine|Stone Edge|p2a: per my last turn
|-damage|p2a: per my last turn|9/100
|
|-heal|p2a: per my last turn|15/100|[from] item: Leftovers
|upkeep
|turn|76
|j| SilverDE
|
|t:|1780922873
|move|p2a: per my last turn|Protect|p2a: per my last turn
|-singleturn|p2a: per my last turn|Protect
|move|p1a: Mamoswine|Ice Shard|p2a: per my last turn
|-activate|p2a: per my last turn|move: Protect
|
|-heal|p2a: per my last turn|21/100|[from] item: Leftovers
|upkeep
|turn|77
|
|t:|1780922883
|switch|p2a: keep trying|Dondozo, M|100/100
|move|p1a: Mamoswine|Earthquake|p2a: keep trying
|-damage|p2a: keep trying|75/100
|
|-heal|p2a: keep trying|81/100|[from] item: Leftovers
|upkeep
|turn|78
|
|t:|1780922892
|switch|p1a: Hydrapple|Hydrapple, F, shiny|100/100
|move|p2a: keep trying|Crunch|p1a: Hydrapple
|-damage|p1a: Hydrapple|88/100
|
|-heal|p2a: keep trying|87/100|[from] item: Leftovers
|upkeep
|turn|79
|
|t:|1780922903
|switch|p2a: love this for you|Clefable, F|87/100
|move|p1a: Hydrapple|Earth Power|p2a: love this for you
|-damage|p2a: love this for you|37/100
|
|upkeep
|turn|80
|
|t:|1780922909
|switch|p1a: Iron Crown|Iron Crown|88/100
|move|p2a: love this for you|Moonlight|p2a: love this for you
|-heal|p2a: love this for you|87/100
|
|upkeep
|turn|81
|l| SilverDE
|
|t:|1780922917
|move|p1a: Iron Crown|Volt Switch|p2a: love this for you
|-crit|p2a: love this for you
|-damage|p2a: love this for you|47/100
|
|t:|1780922919
|-end|p1a: Iron Crown|Quark Drive|[silent]
|switch|p1a: Slowking|Slowking-Galar, M|91/100|[from] Volt Switch
|move|p2a: love this for you|Stealth Rock|p1a: Slowking
|-sidestart|p1: tuanquewang|move: Stealth Rock
|
|upkeep
|turn|82
|
|t:|1780922923
|move|p2a: love this for you|Moonlight|p2a: love this for you
|-heal|p2a: love this for you|97/100
|move|p1a: Slowking|Psychic Noise|p2a: love this for you
|-damage|p2a: love this for you|72/100
|-start|p2a: love this for you|move: Heal Block
|
|upkeep
|turn|83
|
|t:|1780922933
|switch|p2a: did you calc that?|Clodsire, M, tera:Steel|65/100
|-prepare|p1a: Slowking|Chilly Reception|[premajor]
|move|p1a: Slowking|Chilly Reception|p1a: Slowking
|-weather|Snowscape
|
|t:|1780922936
|switch|p1a: Cinderace|Cinderace, M|59/100|[from] Chilly Reception
|
|-weather|Snowscape|[upkeep]
|upkeep
|turn|84
|
|t:|1780922945
|switch|p2a: take your time|Toxapex, F|100/100
|move|p1a: Cinderace|Pyro Ball|p2a: take your time
|-resisted|p2a: take your time
|-damage|p2a: take your time|82/100
|
|-weather|Snowscape|[upkeep]
|-heal|p2a: take your time|88/100|[from] item: Leftovers
|upkeep
|turn|85
|
|t:|1780922948
|move|p1a: Cinderace|Court Change|p1a: Cinderace
|-start|p1a: Cinderace|typechange|Normal|[from] ability: Libero
|-swapsideconditions
|-activate|p1a: Cinderace|move: Court Change
|move|p2a: take your time|Infestation|p1a: Cinderace
|-damage|p1a: Cinderace|55/100
|-activate|p1a: Cinderace|move: Infestation|[of] p2a: take your time
|
|-weather|Snowscape|[upkeep]
|-heal|p2a: take your time|94/100|[from] item: Leftovers
|-damage|p1a: Cinderace|42/100|[from] move: Infestation|[partiallytrapped]
|upkeep
|turn|86
|
|t:|1780922952
|move|p2a: take your time|Baneful Bunker|p2a: take your time
|-singleturn|p2a: take your time|move: Protect
|move|p1a: Cinderace|Pyro Ball|p2a: take your time
|-activate|p2a: take your time|move: Protect
|
|-weather|Snowscape|[upkeep]
|-heal|p2a: take your time|100/100|[from] item: Leftovers
|-damage|p1a: Cinderace|30/100|[from] move: Infestation|[partiallytrapped]
|upkeep
|turn|87
|
|t:|1780922959
|move|p1a: Cinderace|U-turn|p2a: take your time
|-resisted|p2a: take your time
|-damage|p2a: take your time|93/100
|
|t:|1780922961
|switch|p1a: Slowking|Slowking-Galar, M|100/100|[from] U-turn
|move|p2a: take your time|Poison Jab|p1a: Slowking
|-resisted|p1a: Slowking
|-damage|p1a: Slowking|91/100
|
|-weather|none
|-heal|p2a: take your time|99/100|[from] item: Leftovers
|upkeep
|turn|88
|
|t:|1780922965
|switch|p2a: per my last turn|Corviknight, F|21/100
|-damage|p2a: per my last turn|9/100|[from] Stealth Rock
|-ability|p2a: per my last turn|Pressure
|move|p1a: Slowking|Psychic Noise|p2a: per my last turn
|-resisted|p2a: per my last turn
|-damage|p2a: per my last turn|0 fnt
|faint|p2a: per my last turn
|
|upkeep
|
|t:|1780922969
|switch|p2a: did you calc that?|Clodsire, M, tera:Steel|65/100
|-damage|p2a: did you calc that?|59/100|[from] Stealth Rock
|turn|89
|
|t:|1780922973
|move|p2a: did you calc that?|Spikes|p1a: Slowking
|-sidestart|p1: tuanquewang|Spikes
|-prepare|p1a: Slowking|Chilly Reception|[premajor]
|move|p1a: Slowking|Chilly Reception|p1a: Slowking
|-weather|Snowscape
|
|t:|1780922978
|switch|p1a: Mamoswine|Mamoswine, M|61/100|[from] Chilly Reception
|-damage|p1a: Mamoswine|48/100|[from] Spikes
|
|-weather|Snowscape|[upkeep]
|upkeep
|turn|90
|
|t:|1780922981
|switch|p2a: keep trying|Dondozo, M|87/100
|-damage|p2a: keep trying|75/100|[from] Stealth Rock
|move|p1a: Mamoswine|Earthquake|p2a: keep trying
|-damage|p2a: keep trying|50/100
|
|-weather|Snowscape|[upkeep]
|-heal|p2a: keep trying|56/100|[from] item: Leftovers
|upkeep
|turn|91
|
|t:|1780922985
|switch|p1a: Hydrapple|Hydrapple, F, shiny|100/100
|-damage|p1a: Hydrapple|88/100|[from] Spikes
|move|p2a: keep trying|Rest|p2a: keep trying
|-status|p2a: keep trying|slp|[from] move: Rest
|-heal|p2a: keep trying|100/100 slp|[silent]
|
|-weather|Snowscape|[upkeep]
|upkeep
|turn|92
|
|t:|1780922992
|switch|p2a: love this for you|Clefable, F|72/100
|move|p1a: Hydrapple|Earth Power|p2a: love this for you
|-damage|p2a: love this for you|24/100
|
|-weather|Snowscape|[upkeep]
|upkeep
|turn|93
|
|t:|1780922995
|move|p2a: love this for you|Moonlight|p2a: love this for you
|-heal|p2a: love this for you|49/100
|move|p1a: Hydrapple|Earth Power|p2a: love this for you
|-damage|p2a: love this for you|6/100
|
|-weather|none
|upkeep
|turn|94
|
|t:|1780923001
|switch|p1a: Iron Crown|Iron Crown|88/100
|-damage|p1a: Iron Crown|76/100|[from] Spikes
|move|p2a: love this for you|Moonlight|p2a: love this for you
|-heal|p2a: love this for you|56/100
|
|upkeep
|turn|95
|
|t:|1780923006
|switch|p2a: take your time|Toxapex, F|100/100
|-damage|p2a: take your time|88/100|[from] Stealth Rock
|move|p1a: Iron Crown|Volt Switch|p2a: take your time
|-supereffective|p2a: take your time
|-damage|p2a: take your time|43/100
|
|t:|1780923011
|-end|p1a: Iron Crown|Quark Drive|[silent]
|switch|p1a: Hydrapple|Hydrapple, F, shiny|100/100|[from] Volt Switch
|-damage|p1a: Hydrapple|88/100|[from] Spikes
|
|-heal|p2a: take your time|50/100|[from] item: Leftovers
|upkeep
|turn|96
|
|t:|1780923017
|move|p2a: take your time|Baneful Bunker|p2a: take your time
|-singleturn|p2a: take your time|move: Protect
|move|p1a: Hydrapple|Earth Power|p2a: take your time
|-activate|p2a: take your time|move: Protect
|
|-heal|p2a: take your time|56/100|[from] item: Leftovers
|upkeep
|turn|97
|
|t:|1780923021
|switch|p2a: love this for you|Clefable, F|56/100
|move|p1a: Hydrapple|Earth Power|p2a: love this for you
|-damage|p2a: love this for you|9/100
|
|upkeep
|turn|98
|
|t:|1780923027
|move|p2a: love this for you|Moonlight|p2a: love this for you
|-heal|p2a: love this for you|59/100
|move|p1a: Hydrapple|Earth Power|p2a: love this for you
|-damage|p2a: love this for you|14/100
|
|upkeep
|turn|99
|
|t:|1780923030
|move|p2a: love this for you|Moonlight|p2a: love this for you
|-heal|p2a: love this for you|64/100
|move|p1a: Hydrapple|Earth Power|p2a: love this for you
|-damage|p2a: love this for you|14/100
|
|upkeep
|turn|100
|
|t:|1780923033
|move|p2a: love this for you|Moonblast|p1a: Hydrapple
|-supereffective|p1a: Hydrapple
|-damage|p1a: Hydrapple|27/100
|move|p1a: Hydrapple|Earth Power|p2a: love this for you
|-damage|p2a: love this for you|0 fnt
|faint|p2a: love this for you
|
|upkeep
|
|t:|1780923038
|switch|p2a: keep trying|Dondozo, M|100/100 slp
|-damage|p2a: keep trying|88/100 slp|[from] Stealth Rock
|turn|101
|
|t:|1780923042
|switch|p1a: Alomomola|Alomomola, F|100/100
|-damage|p1a: Alomomola|88/100|[from] Spikes
|cant|p2a: keep trying|slp
|move|p2a: keep trying|Sleep Talk|p2a: keep trying
|move|p2a: keep trying|Crunch|p1a: Alomomola|[from] move: Sleep Talk
|-damage|p1a: Alomomola|78/100
|
|-heal|p2a: keep trying|94/100 slp|[from] item: Leftovers
|-damage|p1a: Alomomola|66/100|[from] item: Sticky Barb
|upkeep
|turn|102
|
|t:|1780923047
|move|p1a: Alomomola|Wish|p1a: Alomomola
|cant|p2a: keep trying|slp
|move|p2a: keep trying|Sleep Talk|p2a: keep trying
|move|p2a: keep trying|Crunch|p1a: Alomomola|[from] move: Sleep Talk
|-damage|p1a: Alomomola|56/100
|
|-heal|p2a: keep trying|100/100 slp|[from] item: Leftovers
|-damage|p1a: Alomomola|44/100|[from] item: Sticky Barb
|upkeep
|turn|103
|
|t:|1780923055
|switch|p2a: take your time|Toxapex, F|89/100
|-damage|p2a: take your time|76/100|[from] Stealth Rock
|move|p1a: Alomomola|Flip Turn|p2a: take your time
|-resisted|p2a: take your time
|-damage|p2a: take your time|72/100
|
|t:|1780923058
|switch|p1a: Hydrapple|Hydrapple, F, shiny|60/100|[from] Flip Turn
|-damage|p1a: Hydrapple|48/100|[from] Spikes
|
|-heal|p1a: Hydrapple|100/100|[from] move: Wish|[wisher] Alomomola
|-heal|p2a: take your time|78/100|[from] item: Leftovers
|upkeep
|turn|104
|
|t:|1780923061
|switch|p1a: Slowking|Slowking-Galar, M|100/100
|move|p2a: take your time|Baneful Bunker||[still]
|-fail|p2a: take your time
|
|-heal|p2a: take your time|84/100|[from] item: Leftovers
|upkeep
|turn|105
|
|t:|1780923065
|move|p2a: take your time|Infestation|p1a: Slowking
|-damage|p1a: Slowking|99/100
|-activate|p1a: Slowking|move: Infestation|[of] p2a: take your time
|move|p1a: Slowking|Psychic Noise|p2a: take your time
|-supereffective|p2a: take your time
|-damage|p2a: take your time|35/100
|-start|p2a: take your time|move: Heal Block
|
|-damage|p1a: Slowking|87/100|[from] move: Infestation|[partiallytrapped]
|upkeep
|turn|106
|
|t:|1780923068
|move|p2a: take your time|Baneful Bunker|p2a: take your time
|-singleturn|p2a: take your time|move: Protect
|-prepare|p1a: Slowking|Chilly Reception|[premajor]
|move|p1a: Slowking|Chilly Reception|p1a: Slowking
|-weather|Snowscape
|
|t:|1780923071
|switch|p1a: Hydrapple|Hydrapple, F, shiny|100/100|[from] Chilly Reception
|-damage|p1a: Hydrapple|88/100|[from] Spikes
|
|-weather|Snowscape|[upkeep]
|-end|p2a: take your time|move: Heal Block
|upkeep
|turn|107
|
|t:|1780923075
|switch|p2a: keep trying|Dondozo, M|100/100 slp
|-damage|p2a: keep trying|88/100 slp|[from] Stealth Rock
|move|p1a: Hydrapple|Earth Power|p2a: keep trying
|-damage|p2a: keep trying|40/100 slp
|
|-weather|Snowscape|[upkeep]
|-heal|p2a: keep trying|47/100 slp|[from] item: Leftovers
|upkeep
|turn|108
|
|t:|1780923081
|-curestatus|p2a: keep trying|slp|[msg]
|move|p2a: keep trying|Rest|p2a: keep trying
|-status|p2a: keep trying|slp|[from] move: Rest
|-heal|p2a: keep trying|100/100 slp|[silent]
|move|p1a: Hydrapple|Earth Power|p2a: keep trying
|-damage|p2a: keep trying|51/100 slp
|
|-weather|Snowscape|[upkeep]
|-heal|p2a: keep trying|58/100 slp|[from] item: Leftovers
|upkeep
|turn|109
|
|t:|1780923089
|cant|p2a: keep trying|slp
|move|p1a: Hydrapple|Earth Power|p2a: keep trying
|-damage|p2a: keep trying|10/100 slp
|
|-weather|Snowscape|[upkeep]
|-heal|p2a: keep trying|16/100 slp|[from] item: Leftovers
|upkeep
|turn|110
|
|t:|1780923095
|switch|p2a: take your time|Toxapex, F|68/100
|-damage|p2a: take your time|55/100|[from] Stealth Rock
|move|p1a: Hydrapple|Earth Power|p2a: take your time
|-supereffective|p2a: take your time
|-damage|p2a: take your time|0 fnt
|faint|p2a: take your time
|
|-weather|none
|upkeep
|
|t:|1780923096
|switch|p2a: did you calc that?|Clodsire, M, tera:Steel|59/100
|-damage|p2a: did you calc that?|53/100|[from] Stealth Rock
|turn|111
|
|t:|1780923100
|move|p1a: Hydrapple|Earth Power|p2a: did you calc that?
|-supereffective|p2a: did you calc that?
|-damage|p2a: did you calc that?|6/100
|move|p2a: did you calc that?|Poison Jab|p1a: Hydrapple
|-supereffective|p1a: Hydrapple
|-damage|p1a: Hydrapple|57/100
|
|upkeep
|turn|112
|
|t:|1780923104
|move|p1a: Hydrapple|Earth Power|p2a: did you calc that?
|-supereffective|p2a: did you calc that?
|-damage|p2a: did you calc that?|0 fnt
|faint|p2a: did you calc that?
|
|upkeep
|-message|Mr Tpen forfeited.
|
|win|tuanquewang
|raw|tuanquewang's rating: 1597 &rarr; <strong>1616</strong><br />(+19 for winning)
|raw|Mr Tpen's rating: 1574 &rarr; <strong>1555</strong><br />(-19 for losing)
|l|☆Mr Tpen
|player|p2|
|l|☆tuanquewang
|player|p1|
