|j|☆LowEL0God
|j|☆ascended tusk 69
|t:|1780978568
|gametype|singles
|player|p1|LowEL0God|265|1574
|player|p2|ascended tusk 69|biker|1637
|gen|9
|tier|[Gen 9] OU
|rated|
|rule|HP Percentage Mod: HP is shown in percentages
|rule|Endless Battle Clause: Forcing endless battles is banned
|rule|Species Clause: Limit one of each Pokémon
|rule|OHKO Clause: OHKO moves are banned
|rule|Evasion Items Clause: Evasion items are banned
|rule|Evasion Moves Clause: Evasion moves are banned
|rule|Evasion Abilities Clause: Evasion abilities are banned
|rule|Sleep Moves Clause: Sleep-inducing moves are banned
|clearpoke
|poke|p1|Pelipper, M|
|poke|p1|Torkoal, F|
|poke|p1|Walking Wake|
|poke|p1|Kyurem|
|poke|p1|Ninetales-Alola, M|
|poke|p1|Ogerpon-Wellspring, F|
|poke|p2|Iron Moth|
|poke|p2|Gliscor, M|
|poke|p2|Hatterene, F|
|poke|p2|Ogerpon-Wellspring, F|
|poke|p2|Raging Bolt|
|poke|p2|Zamazenta-*|
|teampreview
|c|☆LowEL0God|hf
|inactive|Battle timer is ON: inactive players will automatically lose when time's up. (requested by LowEL0God)
|j| uncle brown
|
|t:|1780978578
|teamsize|p1|6
|teamsize|p2|6
|start
|switch|p1a: Ninetales|Ninetales-Alola, M|100/100
|switch|p2a: Suneater|Iron Moth|100/100
|-weather|Snowscape|[from] ability: Snow Warning|[of] p1a: Ninetales
|-enditem|p2a: Suneater|Booster Energy
|-activate|p2a: Suneater|ability: Quark Drive|[fromitem]
|-start|p2a: Suneater|quarkdrivespe
|turn|1
|
|t:|1780978584
|-terastallize|p1a: Ninetales|Water
|move|p2a: Suneater|Toxic Spikes|p1a: Ninetales
|-sidestart|p1: LowEL0God|move: Toxic Spikes
|move|p1a: Ninetales|Aurora Veil|p1a: Ninetales
|-sidestart|p1: LowEL0God|move: Aurora Veil
|
|-weather|Snowscape|[upkeep]
|upkeep
|turn|2
|
|t:|1780978592
|switch|p1a: Hurricane Spam|Pelipper, M, shiny|100/100
|-weather|RainDance|[from] ability: Drizzle|[of] p1a: Hurricane Spam
|move|p2a: Suneater|Fiery Dance|p1a: Hurricane Spam
|-resisted|p1a: Hurricane Spam
|-damage|p1a: Hurricane Spam|94/100
|
|-weather|RainDance|[upkeep]
|upkeep
|turn|3
|j| icylikedecember
|
|t:|1780978599
|move|p1a: Hurricane Spam|Weather Ball|p2a: Suneater
|-supereffective|p2a: Suneater
|-damage|p2a: Suneater|0 fnt
|faint|p2a: Suneater
|-end|p2a: Suneater|Quark Drive|[silent]
|
|-weather|RainDance|[upkeep]
|upkeep
|
|t:|1780978607
|switch|p2a: Dorg|Zamazenta|100/100
|-ability|p2a: Dorg|Dauntless Shield|boost
|-boost|p2a: Dorg|def|1
|turn|4
|
|t:|1780978608
|move|p2a: Dorg|Light Screen|p2a: Dorg
|-sidestart|p2: ascended tusk 69|move: Light Screen
|move|p1a: Hurricane Spam|Weather Ball|p2a: Dorg
|-damage|p2a: Dorg|64/100
|
|-weather|RainDance|[upkeep]
|upkeep
|turn|5
|
|t:|1780978613
|switch|p2a: BONK|Ogerpon-Wellspring, F|100/100
|move|p1a: Hurricane Spam|Weather Ball|p2a: BONK
|-immune|p2a: BONK|[from] ability: Water Absorb
|
|-weather|RainDance|[upkeep]
|-sideend|p1: LowEL0God|move: Aurora Veil
|upkeep
|turn|6
|j| is it your time
|
|t:|1780978618
|switch|p1a: Torkoal|Torkoal, F|100/100
|-status|p1a: Torkoal|psn
|-weather|SunnyDay|[from] ability: Drought|[of] p1a: Torkoal
|move|p2a: BONK|Swords Dance|p2a: BONK
|-boost|p2a: BONK|atk|2
|
|-weather|SunnyDay|[upkeep]
|-damage|p1a: Torkoal|88/100 psn|[from] psn
|upkeep
|turn|7
|
|t:|1780978622
|move|p2a: BONK|Ivy Cudgel|p1a: Torkoal|[anim] Ivy Cudgel Water
|-supereffective|p1a: Torkoal
|-damage|p1a: Torkoal|18/100 psn
|move|p1a: Torkoal|Will-O-Wisp|p2a: BONK
|-status|p2a: BONK|brn
|
|-weather|SunnyDay|[upkeep]
|-damage|p1a: Torkoal|5/100 psn|[from] psn
|-damage|p2a: BONK|95/100 brn|[from] brn
|upkeep
|turn|8
|c|☆ascended tusk 69|nice LUCK
|
|t:|1780978634
|move|p2a: BONK|Ivy Cudgel|p1a: Torkoal|[anim] Ivy Cudgel Water
|-supereffective|p1a: Torkoal
|-damage|p1a: Torkoal|0 fnt
|faint|p1a: Torkoal
|
|-weather|SunnyDay|[upkeep]
|-damage|p2a: BONK|89/100 brn|[from] brn
|upkeep
|
|t:|1780978634
|switch|p1a: Kyurem|Kyurem|100/100
|-status|p1a: Kyurem|psn
|-ability|p1a: Kyurem|Pressure
|turn|9
|j| BandedAI
|
|t:|1780978642
|move|p2a: BONK|Trailblaze|p1a: Kyurem
|-resisted|p1a: Kyurem
|-damage|p1a: Kyurem|83/100 psn
|-boost|p2a: BONK|spe|1
|move|p1a: Kyurem|Freeze-Dry|p2a: BONK
|-supereffective|p2a: BONK
|-damage|p2a: BONK|0 fnt
|faint|p2a: BONK
|
|-weather|SunnyDay|[upkeep]
|-damage|p1a: Kyurem|70/100 psn|[from] psn
|upkeep
|
|t:|1780978650
|switch|p2a: SLICE|Hatterene, F|100/100
|turn|10
|
|t:|1780978653
|switch|p1a: Ninetales|Ninetales-Alola, M, tera:Water|100/100
|-status|p1a: Ninetales|psn
|-weather|Snowscape|[from] ability: Snow Warning|[of] p1a: Ninetales
|move|p2a: SLICE|Calm Mind|p2a: SLICE
|-boost|p2a: SLICE|spa|1
|-boost|p2a: SLICE|spd|1
|
|-weather|Snowscape|[upkeep]
|-damage|p1a: Ninetales|88/100 psn|[from] psn
|upkeep
|turn|11
|
|t:|1780978660
|move|p1a: Ninetales|Aurora Veil|p1a: Ninetales
|-sidestart|p1: LowEL0God|move: Aurora Veil
|move|p2a: SLICE|Calm Mind|p2a: SLICE
|-boost|p2a: SLICE|spa|1
|-boost|p2a: SLICE|spd|1
|
|-weather|Snowscape|[upkeep]
|-damage|p1a: Ninetales|76/100 psn|[from] psn
|-sideend|p2: ascended tusk 69|move: Light Screen
|upkeep
|turn|12
|
|t:|1780978662
|switch|p1a: Hurricane Spam|Pelipper, M, shiny|94/100
|-weather|RainDance|[from] ability: Drizzle|[of] p1a: Hurricane Spam
|move|p2a: SLICE|Calm Mind|p2a: SLICE
|-boost|p2a: SLICE|spa|1
|-boost|p2a: SLICE|spd|1
|
|-weather|RainDance|[upkeep]
|upkeep
|turn|13
|
|t:|1780978672
|switch|p1a: Ogerpon|Ogerpon-Wellspring, F|100/100
|-status|p1a: Ogerpon|psn
|move|p2a: SLICE|Calm Mind|p2a: SLICE
|-boost|p2a: SLICE|spa|1
|-boost|p2a: SLICE|spd|1
|
|-weather|RainDance|[upkeep]
|-damage|p1a: Ogerpon|88/100 psn|[from] psn
|upkeep
|turn|14
|j| nastynastygirl7
|
|t:|1780978690
|-terastallize|p2a: SLICE|Water
|move|p1a: Ogerpon|Ivy Cudgel|p2a: SLICE|[anim] Ivy Cudgel Water
|-resisted|p2a: SLICE
|-damage|p2a: SLICE|63/100
|move|p2a: SLICE|Stored Power|p1a: Ogerpon
|-damage|p1a: Ogerpon|0 fnt
|faint|p1a: Ogerpon
|
|-weather|RainDance|[upkeep]
|-heal|p2a: SLICE|69/100|[from] item: Leftovers
|upkeep
|
|t:|1780978694
|switch|p1a: Hurricane Spam|Pelipper, M, shiny|94/100
|turn|15
|j| rizz of reko
|j| DA COME UP
|
|t:|1780978701
|move|p1a: Hurricane Spam|Hurricane|p2a: SLICE
|-crit|p2a: SLICE
|-damage|p2a: SLICE|0 fnt
|faint|p2a: SLICE
|
|-weather|RainDance|[upkeep]
|-sideend|p1: LowEL0God|move: Aurora Veil
|upkeep
|l| BandedAI
|c|☆ascended tusk 69|OH COME ON
|c|☆ascended tusk 69|COME ON
|c|☆ascended tusk 69|COME ON
|c|☆ascended tusk 69|COME ON
|c|☆ascended tusk 69|HOW
|c| rizz of reko|L
|c|☆ascended tusk 69|THIS KID
|c|☆ascended tusk 69|IS
|c|☆ascended tusk 69|SO
|c|☆ascended tusk 69|LUCK
|c| rizz of reko|Lol
|inactive|ascended tusk 69 has 120 seconds left.
|c|☆ascended tusk 69|//timer off
|c|☆ascended tusk 69|//timer off
|c|☆ascended tusk 69|//timer off
|
|t:|1780978750
|switch|p2a: Dorg|Zamazenta|64/100
|turn|16
|
|t:|1780978752
|move|p2a: Dorg|Light Screen|p2a: Dorg
|-sidestart|p2: ascended tusk 69|move: Light Screen
|move|p1a: Hurricane Spam|Hurricane|p2a: Dorg
|-supereffective|p2a: Dorg
|-damage|p2a: Dorg|3/100
|
|-weather|none
|upkeep
|turn|17
|inactive|ascended tusk 69 has 120 seconds left.
|
|t:|1780978761
|switch|p2a: Tenko|Gliscor, M|100/100
|move|p1a: Hurricane Spam|Hurricane|p2a: Tenko|[miss]
|-miss|p1a: Hurricane Spam|p2a: Tenko
|
|-status|p2a: Tenko|tox|[from] item: Toxic Orb
|upkeep
|turn|18
|
|t:|1780978764
|switch|p1a: Ninetales|Ninetales-Alola, M, tera:Water|76/100 psn
|-weather|Snowscape|[from] ability: Snow Warning|[of] p1a: Ninetales
|move|p2a: Tenko|Agility|p2a: Tenko
|-boost|p2a: Tenko|spe|2
|
|-weather|Snowscape|[upkeep]
|-damage|p1a: Ninetales|64/100 psn|[from] psn
|upkeep
|turn|19
|c| rizz of reko|Both my enimies fighting wow
|
|t:|1780978769
|move|p2a: Tenko|Earthquake|p1a: Ninetales
|-damage|p1a: Ninetales|11/100 psn
|move|p1a: Ninetales|Aurora Veil|p1a: Ninetales
|-sidestart|p1: LowEL0God|move: Aurora Veil
|
|-weather|Snowscape|[upkeep]
|-damage|p1a: Ninetales|0 fnt|[from] psn
|faint|p1a: Ninetales
|upkeep
|
|t:|1780978771
|switch|p1a: Kyurem|Kyurem|70/100 psn
|-ability|p1a: Kyurem|Pressure
|turn|20
|
|t:|1780978777
|move|p2a: Tenko|Earthquake|p1a: Kyurem
|-damage|p1a: Kyurem|53/100 psn
|move|p1a: Kyurem|Icicle Spear|p2a: Tenko
|-supereffective|p2a: Tenko
|-damage|p2a: Tenko|42/100 tox
|-supereffective|p2a: Tenko
|-damage|p2a: Tenko|0 fnt
|faint|p2a: Tenko
|-hitcount|p2: Tenko|2
|
|-weather|Snowscape|[upkeep]
|-damage|p1a: Kyurem|41/100 psn|[from] psn
|upkeep
|c|☆ascended tusk 69|lucky kid so lucky
|
|t:|1780978801
|switch|p2a: Dorg|Zamazenta|3/100
|turn|21
|
|t:|1780978804
|move|p2a: Dorg|Close Combat|p1a: Kyurem
|-supereffective|p1a: Kyurem
|-damage|p1a: Kyurem|7/100 psn
|-unboost|p2a: Dorg|def|1
|-unboost|p2a: Dorg|spd|1
|move|p1a: Kyurem|Icicle Spear|p2a: Dorg
|-damage|p2a: Dorg|0 fnt
|faint|p2a: Dorg
|-hitcount|p2: Dorg|1
|
|-weather|Snowscape|[upkeep]
|-damage|p1a: Kyurem|0 fnt|[from] psn
|faint|p1a: Kyurem
|upkeep
|
|t:|1780978807
|switch|p2a: Exegutor-Alola|Raging Bolt|100/100
|switch|p1a: Walking Wake|Walking Wake|100/100
|-status|p1a: Walking Wake|psn
|-enditem|p2a: Exegutor-Alola|Booster Energy
|-activate|p2a: Exegutor-Alola|ability: Protosynthesis|[fromitem]
|-start|p2a: Exegutor-Alola|protosynthesisspa
|turn|22
|j| BandedAI
|
|t:|1780978813
|move|p1a: Walking Wake|Dragon Pulse|p2a: Exegutor-Alola
|-supereffective|p2a: Exegutor-Alola
|-damage|p2a: Exegutor-Alola|40/100
|move|p2a: Exegutor-Alola|Dragon Pulse|p1a: Walking Wake
|-supereffective|p1a: Walking Wake
|-damage|p1a: Walking Wake|30/100 psn
|
|-weather|Snowscape|[upkeep]
|-damage|p1a: Walking Wake|18/100 psn|[from] psn
|upkeep
|turn|23
|j| drop 6 nukers
|
|t:|1780978821
|-end|p1a: Walking Wake|Protosynthesis|[silent]
|switch|p1a: Hurricane Spam|Pelipper, M, shiny|94/100
|-weather|RainDance|[from] ability: Drizzle|[of] p1a: Hurricane Spam
|move|p2a: Exegutor-Alola|Thunderclap||[still]
|-fail|p2a: Exegutor-Alola
|
|-weather|RainDance|[upkeep]
|-sideend|p2: ascended tusk 69|move: Light Screen
|-sideend|p1: LowEL0God|move: Aurora Veil
|upkeep
|turn|24
|
|t:|1780978828
|switch|p1a: Walking Wake|Walking Wake|18/100 psn
|move|p2a: Exegutor-Alola|Thunderbolt|p1a: Walking Wake
|-damage|p1a: Walking Wake|0 fnt
|faint|p1a: Walking Wake
|-end|p1a: Walking Wake|Protosynthesis|[silent]
|
|-weather|RainDance|[upkeep]
|upkeep
|
|t:|1780978829
|switch|p1a: Hurricane Spam|Pelipper, M, shiny|94/100
|turn|25
|
|t:|1780978831
|move|p2a: Exegutor-Alola|Thunderclap|p1a: Hurricane Spam
|-supereffective|p1a: Hurricane Spam
|-damage|p1a: Hurricane Spam|0 fnt
|faint|p1a: Hurricane Spam
|
|win|ascended tusk 69
|raw|LowEL0God's rating: 1574 &rarr; <strong>1558</strong><br />(-16 for losing)
|raw|ascended tusk 69's rating: 1637 &rarr; <strong>1653</strong><br />(+16 for winning)
|c|☆ascended tusk 69|ez
|c|☆ascended tusk 69|ez
|c|☆ascended tusk 69|ez
|c|☆ascended tusk 69|easiest game of my life
|l| BandedAI
|c| rizz of reko|L
|c| drop 6 nukers|Son
|c|☆LowEL0God|gg
|l|☆LowEL0God
|player|p1|
|c| rizz of reko|L
|c| rizz of reko|Noob
|l| is it your time
|l| rizz of reko
