|j|☆minhoto
|j|☆KurisuChestnutLab
|t:|1781132011
|gametype|singles
|player|p1|minhoto|101|1567
|player|p2|KurisuChestnutLab|may-contest|1677
|gen|9
|tier|[Gen 9] OU
|rated|
|rule|HP Percentage Mod: HP is shown in percentages
|rule|Endless Battle Clause: Forcing endless battles is banned
|rule|Species Clause: Limit one of each Pokémon
|rule|OHKO Clause: OHKO moves are banned
|rule|Evasion Items Clause: Evasion items are banned
|rule|Evasion Moves Clause: Evasion moves are banned
|rule|Evasion Abilities Clause: Evasion abilities are banned
|rule|Sleep Moves Clause: Sleep-inducing moves are banned
|clearpoke
|poke|p1|Blissey, F|
|poke|p1|Corviknight, M|
|poke|p1|Cinderace, F|
|poke|p1|Dondozo, M|
|poke|p1|Slowking-Galar, F|
|poke|p1|Toxapex, M|
|poke|p2|Primarina, F|
|poke|p2|Hippowdon, F|
|poke|p2|Skarmory, M|
|poke|p2|Zapdos|
|poke|p2|Dragonite, F|
|poke|p2|Slowking, F|
|teampreview
|inactive|Battle timer is ON: inactive players will automatically lose when time's up. (requested by minhoto)
|
|t:|1781132019
|teamsize|p1|6
|teamsize|p2|6
|start
|switch|p1a: Slowking|Slowking-Galar, F|100/100
|switch|p2a: Dragonite|Dragonite, F|100/100
|turn|1
|inactive|KurisuChestnutLab also wants the timer to be on.
|
|t:|1781132023
|move|p2a: Dragonite|Dragon Dance|p2a: Dragonite
|-boost|p2a: Dragonite|atk|1
|-boost|p2a: Dragonite|spe|1
|move|p1a: Slowking|Trick|p2a: Dragonite
|-activate|p1a: Slowking|move: Trick|[of] p2a: Dragonite
|-item|p2a: Dragonite|Black Sludge|[from] move: Trick
|-item|p1a: Slowking|Heavy-Duty Boots|[from] move: Trick
|
|-damage|p2a: Dragonite|88/100|[from] item: Black Sludge
|upkeep
|turn|2
|
|t:|1781132026
|switch|p1a: Dondozo|Dondozo, M|100/100
|move|p2a: Dragonite|Earthquake|p1a: Dondozo
|-damage|p1a: Dondozo|81/100
|
|-damage|p2a: Dragonite|76/100|[from] item: Black Sludge
|-heal|p1a: Dondozo|87/100|[from] item: Leftovers
|upkeep
|turn|3
|
|t:|1781132032
|move|p2a: Dragonite|Roost|p2a: Dragonite
|-heal|p2a: Dragonite|100/100
|-singleturn|p2a: Dragonite|move: Roost
|move|p1a: Dondozo|Curse|p1a: Dondozo
|-unboost|p1a: Dondozo|spe|1
|-boost|p1a: Dondozo|atk|1
|-boost|p1a: Dondozo|def|1
|
|-damage|p2a: Dragonite|88/100|[from] item: Black Sludge
|-heal|p1a: Dondozo|93/100|[from] item: Leftovers
|upkeep
|turn|4
|
|t:|1781132039
|switch|p2a: Hippowdon|Hippowdon, F|100/100
|-weather|Sandstorm|[from] ability: Sand Stream|[of] p2a: Hippowdon
|move|p1a: Dondozo|Liquidation|p2a: Hippowdon
|-supereffective|p2a: Hippowdon
|-damage|p2a: Hippowdon|51/100
|
|-weather|Sandstorm|[upkeep]
|-damage|p1a: Dondozo|87/100|[from] Sandstorm
|-heal|p2a: Hippowdon|58/100|[from] item: Leftovers
|-heal|p1a: Dondozo|93/100|[from] item: Leftovers
|upkeep
|turn|5
|
|t:|1781132043
|move|p2a: Hippowdon|Slack Off|p2a: Hippowdon
|-heal|p2a: Hippowdon|100/100
|move|p1a: Dondozo|Liquidation|p2a: Hippowdon
|-supereffective|p2a: Hippowdon
|-damage|p2a: Hippowdon|56/100
|
|-weather|Sandstorm|[upkeep]
|-damage|p1a: Dondozo|87/100|[from] Sandstorm
|-heal|p2a: Hippowdon|62/100|[from] item: Leftovers
|-heal|p1a: Dondozo|93/100|[from] item: Leftovers
|upkeep
|turn|6
|
|t:|1781132047
|move|p2a: Hippowdon|Slack Off|p2a: Hippowdon
|-heal|p2a: Hippowdon|100/100
|move|p1a: Dondozo|Curse|p1a: Dondozo
|-unboost|p1a: Dondozo|spe|1
|-boost|p1a: Dondozo|atk|1
|-boost|p1a: Dondozo|def|1
|
|-weather|Sandstorm|[upkeep]
|-damage|p1a: Dondozo|87/100|[from] Sandstorm
|-heal|p1a: Dondozo|93/100|[from] item: Leftovers
|upkeep
|turn|7
|
|t:|1781132052
|move|p1a: Dondozo|Liquidation|p2a: Hippowdon
|-supereffective|p2a: Hippowdon
|-damage|p2a: Hippowdon|34/100
|-unboost|p2a: Hippowdon|def|1
|move|p2a: Hippowdon|Whirlwind|p1a: Dondozo
|drag|p1a: Blissey|Blissey, F|100/100
|
|-weather|Sandstorm|[upkeep]
|-damage|p1a: Blissey|94/100|[from] Sandstorm
|-heal|p2a: Hippowdon|40/100|[from] item: Leftovers
|upkeep
|turn|8
|
|t:|1781132058
|move|p1a: Blissey|Trick|p2a: Hippowdon
|-activate|p1a: Blissey|move: Trick|[of] p2a: Hippowdon
|-item|p2a: Hippowdon|Choice Specs|[from] move: Trick
|-item|p1a: Blissey|Leftovers|[from] move: Trick
|move|p2a: Hippowdon|Slack Off|p2a: Hippowdon
|-heal|p2a: Hippowdon|90/100
|
|-weather|none
|-heal|p1a: Blissey|100/100|[from] item: Leftovers
|upkeep
|turn|9
|
|t:|1781132064
|switch|p2a: Slowking|Slowking, F|100/100
|move|p1a: Blissey|Stealth Rock|p2a: Slowking
|-sidestart|p2: KurisuChestnutLab|move: Stealth Rock
|
|upkeep
|turn|10
|
|t:|1781132069
|switch|p1a: Slowking|Slowking-Galar, F|100/100
|switch|p2a: Hippowdon|Hippowdon, F|90/100
|-damage|p2a: Hippowdon|84/100|[from] Stealth Rock
|-weather|Sandstorm|[from] ability: Sand Stream|[of] p2a: Hippowdon
|
|-weather|Sandstorm|[upkeep]
|-damage|p1a: Slowking|94/100|[from] Sandstorm
|upkeep
|turn|11
|
|t:|1781132075
|switch|p1a: Corviknight|Corviknight, M|100/100
|-ability|p1a: Corviknight|Pressure
|move|p2a: Hippowdon|Stealth Rock|p1a: Corviknight
|-sidestart|p1: minhoto|move: Stealth Rock
|
|-weather|Sandstorm|[upkeep]
|upkeep
|turn|12
|
|t:|1781132081
|switch|p2a: Skarmory|Skarmory, M|100/100
|-damage|p2a: Skarmory|88/100|[from] Stealth Rock
|move|p1a: Corviknight|Defog|p2a: Skarmory
|-unboost|p2a: Skarmory|evasion|1
|-sideend|p2: KurisuChestnutLab|Stealth Rock|[from] move: Defog|[of] p1a: Corviknight
|-sideend|p1: minhoto|Stealth Rock|[from] move: Defog|[of] p1a: Corviknight
|
|-weather|Sandstorm|[upkeep]
|-heal|p2a: Skarmory|94/100|[from] item: Leftovers
|upkeep
|turn|13
|
|t:|1781132085
|switch|p1a: Slowking|Slowking-Galar, F|100/100
|move|p2a: Skarmory|Spikes|p1a: Slowking
|-sidestart|p1: minhoto|Spikes
|
|-weather|Sandstorm|[upkeep]
|-damage|p1a: Slowking|94/100|[from] Sandstorm
|-heal|p2a: Skarmory|99/100|[from] item: Leftovers
|upkeep
|turn|14
|
|t:|1781132089
|move|p2a: Skarmory|Spikes|p1a: Slowking
|-sidestart|p1: minhoto|Spikes
|move|p1a: Slowking|Future Sight|p2a: Skarmory
|-start|p1a: Slowking|move: Future Sight
|
|-weather|none
|-heal|p2a: Skarmory|100/100|[from] item: Leftovers
|upkeep
|turn|15
|
|t:|1781132093
|switch|p2a: Slowking|Slowking, F|100/100
|-prepare|p1a: Slowking|Chilly Reception|[premajor]
|move|p1a: Slowking|Chilly Reception|p1a: Slowking
|-weather|Snowscape
|
|t:|1781132100
|switch|p1a: Cinderace|Cinderace, F|100/100|[from] Chilly Reception
|
|-weather|Snowscape|[upkeep]
|upkeep
|turn|16
|
|t:|1781132104
|move|p1a: Cinderace|U-turn|p2a: Slowking
|-start|p1a: Cinderace|typechange|Bug|[from] ability: Libero
|-supereffective|p2a: Slowking
|-damage|p2a: Slowking|35/100
|
|t:|1781132107
|switch|p1a: Slowking|Slowking-Galar, F|100/100|[from] U-turn
|move|p2a: Slowking|Slack Off|p2a: Slowking
|-heal|p2a: Slowking|85/100
|
|-weather|Snowscape|[upkeep]
|-end|p2a: Slowking|move: Future Sight
|-resisted|p2a: Slowking
|-damage|p2a: Slowking|73/100
|upkeep
|turn|17
|
|t:|1781132113
|switch|p2a: Primarina|Primarina, F|100/100
|move|p1a: Slowking|Toxic|p2a: Primarina
|-status|p2a: Primarina|tox
|
|-weather|Snowscape|[upkeep]
|-damage|p2a: Primarina|94/100 tox|[from] psn
|upkeep
|turn|18
|
|t:|1781132118
|move|p2a: Primarina|Flip Turn|p1a: Slowking
|-damage|p1a: Slowking|90/100
|
|t:|1781132123
|switch|p2a: Zapdos|Zapdos|100/100|[from] Flip Turn
|move|p1a: Slowking|Future Sight|p2a: Zapdos
|-start|p1a: Slowking|move: Future Sight
|
|-weather|Snowscape|[upkeep]
|upkeep
|turn|19
|
|t:|1781132127
|move|p2a: Zapdos|Volt Switch|p1a: Slowking
|-damage|p1a: Slowking|70/100
|
|t:|1781132133
|switch|p2a: Skarmory|Skarmory, M|100/100|[from] Volt Switch
|move|p1a: Slowking|Toxic|p2a: Skarmory
|-immune|p2a: Skarmory
|
|-weather|none
|upkeep
|turn|20
|
|t:|1781132140
|switch|p2a: Slowking|Slowking, F|100/100
|-prepare|p1a: Slowking|Chilly Reception|[premajor]
|move|p1a: Slowking|Chilly Reception|p1a: Slowking
|-weather|Snowscape
|
|t:|1781132143
|switch|p1a: Cinderace|Cinderace, F|100/100|[from] Chilly Reception
|
|-weather|Snowscape|[upkeep]
|-end|p2a: Slowking|move: Future Sight
|-resisted|p2a: Slowking
|-damage|p2a: Slowking|86/100
|upkeep
|turn|21
|
|t:|1781132146
|move|p1a: Cinderace|Court Change|p1a: Cinderace
|-start|p1a: Cinderace|typechange|Normal|[from] ability: Libero
|-swapsideconditions
|-activate|p1a: Cinderace|move: Court Change
|move|p2a: Slowking|Scald|p1a: Cinderace
|-damage|p1a: Cinderace|56/100
|-status|p1a: Cinderace|brn
|
|-weather|Snowscape|[upkeep]
|-damage|p1a: Cinderace|50/100 brn|[from] brn
|upkeep
|turn|22
|
|t:|1781132155
|switch|p2a: Dragonite|Dragonite, F|88/100
|move|p1a: Cinderace|U-turn|p2a: Dragonite
|-resisted|p2a: Dragonite
|-damage|p2a: Dragonite|82/100
|
|t:|1781132158
|switch|p1a: Corviknight|Corviknight, M|100/100|[from] U-turn
|-ability|p1a: Corviknight|Pressure
|
|-weather|Snowscape|[upkeep]
|-damage|p2a: Dragonite|69/100|[from] item: Black Sludge
|upkeep
|turn|23
|
|t:|1781132161
|move|p2a: Dragonite|Dragon Dance|p2a: Dragonite
|-boost|p2a: Dragonite|atk|1
|-boost|p2a: Dragonite|spe|1
|move|p1a: Corviknight|U-turn|p2a: Dragonite
|-resisted|p2a: Dragonite
|-damage|p2a: Dragonite|62/100
|
|t:|1781132164
|switch|p1a: Dondozo|Dondozo, M|93/100|[from] U-turn
|
|-weather|Snowscape|[upkeep]
|-damage|p2a: Dragonite|49/100|[from] item: Black Sludge
|-heal|p1a: Dondozo|99/100|[from] item: Leftovers
|upkeep
|turn|24
|
|t:|1781132172
|move|p2a: Dragonite|Roost|p2a: Dragonite
|-heal|p2a: Dragonite|99/100
|-singleturn|p2a: Dragonite|move: Roost
|move|p1a: Dondozo|Curse|p1a: Dondozo
|-unboost|p1a: Dondozo|spe|1
|-boost|p1a: Dondozo|atk|1
|-boost|p1a: Dondozo|def|1
|
|-weather|none
|-damage|p2a: Dragonite|87/100|[from] item: Black Sludge
|-heal|p1a: Dondozo|100/100|[from] item: Leftovers
|upkeep
|turn|25
|
|t:|1781132177
|move|p2a: Dragonite|Dragon Dance|p2a: Dragonite
|-boost|p2a: Dragonite|atk|1
|-boost|p2a: Dragonite|spe|1
|move|p1a: Dondozo|Curse|p1a: Dondozo
|-unboost|p1a: Dondozo|spe|1
|-boost|p1a: Dondozo|atk|1
|-boost|p1a: Dondozo|def|1
|
|-damage|p2a: Dragonite|75/100|[from] item: Black Sludge
|upkeep
|turn|26
|
|t:|1781132184
|move|p2a: Dragonite|Roost|p2a: Dragonite
|-heal|p2a: Dragonite|100/100
|-singleturn|p2a: Dragonite|move: Roost
|move|p1a: Dondozo|Curse|p1a: Dondozo
|-unboost|p1a: Dondozo|spe|1
|-boost|p1a: Dondozo|atk|1
|-boost|p1a: Dondozo|def|1
|
|-damage|p2a: Dragonite|88/100|[from] item: Black Sludge
|upkeep
|turn|27
|
|t:|1781132188
|move|p2a: Dragonite|Dragon Dance|p2a: Dragonite
|-boost|p2a: Dragonite|atk|1
|-boost|p2a: Dragonite|spe|1
|move|p1a: Dondozo|Curse|p1a: Dondozo
|-unboost|p1a: Dondozo|spe|1
|-boost|p1a: Dondozo|atk|1
|-boost|p1a: Dondozo|def|1
|
|-damage|p2a: Dragonite|76/100|[from] item: Black Sludge
|upkeep
|turn|28
|
|t:|1781132194
|move|p2a: Dragonite|Roost|p2a: Dragonite
|-heal|p2a: Dragonite|100/100
|-singleturn|p2a: Dragonite|move: Roost
|move|p1a: Dondozo|Curse|p1a: Dondozo
|-unboost|p1a: Dondozo|spe|1
|-boost|p1a: Dondozo|atk|1
|-boost|p1a: Dondozo|def|1
|
|-damage|p2a: Dragonite|88/100|[from] item: Black Sludge
|upkeep
|turn|29
|
|t:|1781132198
|move|p2a: Dragonite|Roost|p2a: Dragonite
|-heal|p2a: Dragonite|100/100
|-singleturn|p2a: Dragonite|move: Roost
|move|p1a: Dondozo|Curse|p1a: Dondozo
|-unboost|p1a: Dondozo|spe|1
|-boost|p1a: Dondozo|atk|1
|-boost|p1a: Dondozo|def|1
|
|-damage|p2a: Dragonite|88/100|[from] item: Black Sludge
|upkeep
|turn|30
|
|t:|1781132205
|move|p2a: Dragonite|Roost|p2a: Dragonite
|-heal|p2a: Dragonite|100/100
|-singleturn|p2a: Dragonite|move: Roost
|move|p1a: Dondozo|Liquidation|p2a: Dragonite
|-resisted|p2a: Dragonite
|-damage|p2a: Dragonite|70/100
|-unboost|p2a: Dragonite|def|1
|
|-damage|p2a: Dragonite|58/100|[from] item: Black Sludge
|upkeep
|turn|31
|
|t:|1781132212
|move|p2a: Dragonite|Roost|p2a: Dragonite
|-heal|p2a: Dragonite|100/100
|-singleturn|p2a: Dragonite|move: Roost
|move|p1a: Dondozo|Curse|p1a: Dondozo
|
|-damage|p2a: Dragonite|88/100|[from] item: Black Sludge
|upkeep
|turn|32
|
|t:|1781132219
|switch|p2a: Slowking|Slowking, F|100/100
|move|p1a: Dondozo|Curse|p1a: Dondozo
|
|upkeep
|turn|33
|
|t:|1781132226
|move|p2a: Slowking|Scald|p1a: Dondozo
|-resisted|p1a: Dondozo
|-damage|p1a: Dondozo|90/100
|move|p1a: Dondozo|Liquidation|p2a: Slowking
|-resisted|p2a: Slowking
|-damage|p2a: Slowking|43/100
|
|-heal|p1a: Dondozo|96/100|[from] item: Leftovers
|upkeep
|turn|34
|
|t:|1781132232
|move|p2a: Slowking|Slack Off|p2a: Slowking
|-heal|p2a: Slowking|93/100
|move|p1a: Dondozo|Liquidation|p2a: Slowking
|-resisted|p2a: Slowking
|-damage|p2a: Slowking|37/100
|
|-heal|p1a: Dondozo|100/100|[from] item: Leftovers
|upkeep
|turn|35
|
|t:|1781132240
|move|p2a: Slowking|Slack Off|p2a: Slowking
|-heal|p2a: Slowking|87/100
|move|p1a: Dondozo|Liquidation|p2a: Slowking
|-resisted|p2a: Slowking
|-crit|p2a: Slowking
|-damage|p2a: Slowking|0 fnt
|faint|p2a: Slowking
|
|upkeep
|
|t:|1781132244
|switch|p2a: Zapdos|Zapdos|100/100
|turn|36
|
|t:|1781132248
|-terastallize|p1a: Dondozo|Dragon
|move|p2a: Zapdos|Volt Switch|p1a: Dondozo
|-resisted|p1a: Dondozo
|-damage|p1a: Dondozo|89/100
|
|t:|1781132255
|switch|p2a: Skarmory|Skarmory, M|100/100|[from] Volt Switch
|move|p1a: Dondozo|Liquidation|p2a: Skarmory
|-damage|p2a: Skarmory|27/100
|-unboost|p2a: Skarmory|def|1
|
|-heal|p2a: Skarmory|33/100|[from] item: Leftovers
|-heal|p1a: Dondozo|95/100|[from] item: Leftovers
|upkeep
|turn|37
|
|t:|1781132259
|-terastallize|p2a: Skarmory|Dragon
|move|p2a: Skarmory|Roost|p2a: Skarmory
|-heal|p2a: Skarmory|83/100
|move|p1a: Dondozo|Liquidation|p2a: Skarmory
|-resisted|p2a: Skarmory
|-damage|p2a: Skarmory|48/100
|
|-heal|p2a: Skarmory|54/100|[from] item: Leftovers
|-heal|p1a: Dondozo|100/100|[from] item: Leftovers
|upkeep
|turn|38
|
|t:|1781132265
|switch|p1a: Slowking|Slowking-Galar, F|100/100
|move|p2a: Skarmory|Roost|p2a: Skarmory
|-heal|p2a: Skarmory|100/100
|
|upkeep
|turn|39
|
|t:|1781132271
|move|p2a: Skarmory|Spikes|p1a: Slowking
|-sidestart|p1: minhoto|Spikes
|move|p1a: Slowking|Toxic|p2a: Skarmory
|-status|p2a: Skarmory|tox
|
|-damage|p2a: Skarmory|95/100 tox|[from] psn
|upkeep
|turn|40
|
|t:|1781132275
|move|p2a: Skarmory|Spikes|p1a: Slowking
|-sidestart|p1: minhoto|Spikes
|move|p1a: Slowking|Future Sight|p2a: Skarmory
|-start|p1a: Slowking|move: Future Sight
|
|-heal|p2a: Skarmory|100/100 tox|[from] item: Leftovers
|-damage|p2a: Skarmory|89/100 tox|[from] psn
|upkeep
|turn|41
|
|t:|1781132278
|move|p2a: Skarmory|Spikes|p1a: Slowking
|-sidestart|p1: minhoto|Spikes
|-prepare|p1a: Slowking|Chilly Reception|[premajor]
|move|p1a: Slowking|Chilly Reception|p1a: Slowking
|-weather|Snowscape
|
|t:|1781132281
|switch|p1a: Corviknight|Corviknight, M|100/100|[from] Chilly Reception
|-ability|p1a: Corviknight|Pressure
|
|-weather|Snowscape|[upkeep]
|-heal|p2a: Skarmory|95/100 tox|[from] item: Leftovers
|-damage|p2a: Skarmory|77/100 tox|[from] psn
|upkeep
|turn|42
|
|t:|1781132287
|switch|p2a: Zapdos|Zapdos|100/100
|move|p1a: Corviknight|Defog|p2a: Zapdos
|-unboost|p2a: Zapdos|evasion|1
|-sideend|p2: KurisuChestnutLab|Spikes|[from] move: Defog|[of] p1a: Corviknight
|-sideend|p1: minhoto|Spikes|[from] move: Defog|[of] p1a: Corviknight
|
|-weather|Snowscape|[upkeep]
|-end|p2a: Zapdos|move: Future Sight
|-damage|p2a: Zapdos|60/100
|upkeep
|turn|43
|
|t:|1781132294
|switch|p1a: Slowking|Slowking-Galar, F|100/100
|move|p2a: Zapdos|Roost|p2a: Zapdos
|-heal|p2a: Zapdos|100/100
|-singleturn|p2a: Zapdos|move: Roost
|
|-weather|Snowscape|[upkeep]
|upkeep
|turn|44
|
|t:|1781132298
|move|p2a: Zapdos|Volt Switch|p1a: Slowking
|-damage|p1a: Slowking|81/100
|
|t:|1781132304
|switch|p2a: Hippowdon|Hippowdon, F|84/100|[from] Volt Switch
|-weather|Sandstorm|[from] ability: Sand Stream|[of] p2a: Hippowdon
|move|p1a: Slowking|Toxic|p2a: Hippowdon
|-status|p2a: Hippowdon|tox
|
|-weather|Sandstorm|[upkeep]
|-damage|p1a: Slowking|75/100|[from] Sandstorm
|-damage|p2a: Hippowdon|78/100 tox|[from] psn
|upkeep
|turn|45
|
|t:|1781132307
|switch|p1a: Corviknight|Corviknight, M|100/100
|-ability|p1a: Corviknight|Pressure
|move|p2a: Hippowdon|Earthquake|p1a: Corviknight
|-immune|p1a: Corviknight
|
|-weather|Sandstorm|[upkeep]
|-damage|p2a: Hippowdon|66/100 tox|[from] psn
|upkeep
|turn|46
|
|t:|1781132314
|switch|p2a: Zapdos|Zapdos|100/100
|move|p1a: Corviknight|Defog|p2a: Zapdos
|-unboost|p2a: Zapdos|evasion|1
|
|-weather|Sandstorm|[upkeep]
|-damage|p2a: Zapdos|94/100|[from] Sandstorm
|upkeep
|turn|47
|
|t:|1781132318
|switch|p1a: Slowking|Slowking-Galar, F|100/100
|move|p2a: Zapdos|Volt Switch|p1a: Slowking
|-damage|p1a: Slowking|79/100
|
|t:|1781132324
|switch|p2a: Dragonite|Dragonite, F|88/100|[from] Volt Switch
|
|-weather|Sandstorm|[upkeep]
|-damage|p2a: Dragonite|82/100|[from] Sandstorm
|-damage|p1a: Slowking|73/100|[from] Sandstorm
|-damage|p2a: Dragonite|70/100|[from] item: Black Sludge
|upkeep
|turn|48
|
|t:|1781132326
|move|p2a: Dragonite|Roost|p2a: Dragonite
|-heal|p2a: Dragonite|100/100
|-singleturn|p2a: Dragonite|move: Roost
|move|p1a: Slowking|Toxic|p2a: Dragonite
|-status|p2a: Dragonite|tox
|
|-weather|none
|-damage|p2a: Dragonite|88/100 tox|[from] item: Black Sludge
|-damage|p2a: Dragonite|82/100 tox|[from] psn
|upkeep
|turn|49
|
|t:|1781132330
|switch|p2a: Skarmory|Skarmory, M, tera:Dragon|77/100 tox
|switch|p1a: Corviknight|Corviknight, M|100/100
|-ability|p1a: Corviknight|Pressure
|
|-heal|p2a: Skarmory|83/100 tox|[from] item: Leftovers
|-damage|p2a: Skarmory|77/100 tox|[from] psn
|upkeep
|turn|50
|
|t:|1781132334
|switch|p1a: Slowking|Slowking-Galar, F|100/100
|move|p2a: Skarmory|Roost|p2a: Skarmory
|-heal|p2a: Skarmory|100/100 tox
|
|-damage|p2a: Skarmory|89/100 tox|[from] psn
|upkeep
|turn|51
|
|t:|1781132339
|move|p2a: Skarmory|Spikes|p1a: Slowking
|-sidestart|p1: minhoto|Spikes
|move|p1a: Slowking|Toxic|p2a: Skarmory
|-fail|p2a: Skarmory|tox
|
|-heal|p2a: Skarmory|95/100 tox|[from] item: Leftovers
|-damage|p2a: Skarmory|77/100 tox|[from] psn
|upkeep
|turn|52
|
|t:|1781132346
|switch|p2a: Hippowdon|Hippowdon, F|66/100 tox
|-weather|Sandstorm|[from] ability: Sand Stream|[of] p2a: Hippowdon
|move|p1a: Slowking|Future Sight|p2a: Hippowdon
|-start|p1a: Slowking|move: Future Sight
|
|-weather|Sandstorm|[upkeep]
|-damage|p1a: Slowking|94/100|[from] Sandstorm
|-damage|p2a: Hippowdon|60/100 tox|[from] psn
|upkeep
|turn|53
|
|t:|1781132352
|switch|p1a: Corviknight|Corviknight, M|100/100
|-ability|p1a: Corviknight|Pressure
|move|p2a: Hippowdon|Slack Off|p2a: Hippowdon
|-heal|p2a: Hippowdon|100/100 tox
|
|-weather|Sandstorm|[upkeep]
|-damage|p2a: Hippowdon|88/100 tox|[from] psn
|upkeep
|turn|54
|
|t:|1781132358
|switch|p2a: Zapdos|Zapdos|94/100
|move|p1a: Corviknight|Defog|p2a: Zapdos
|-unboost|p2a: Zapdos|evasion|1
|-sideend|p1: minhoto|Spikes|[from] move: Defog|[of] p1a: Corviknight
|
|-weather|Sandstorm|[upkeep]
|-damage|p2a: Zapdos|88/100|[from] Sandstorm
|-end|p2a: Zapdos|move: Future Sight
|-damage|p2a: Zapdos|46/100
|upkeep
|turn|55
|
|t:|1781132361
|switch|p1a: Slowking|Slowking-Galar, F|100/100
|move|p2a: Zapdos|Roost|p2a: Zapdos
|-heal|p2a: Zapdos|96/100
|-singleturn|p2a: Zapdos|move: Roost
|
|-weather|Sandstorm|[upkeep]
|-damage|p2a: Zapdos|90/100|[from] Sandstorm
|-damage|p1a: Slowking|94/100|[from] Sandstorm
|upkeep
|turn|56
|
|t:|1781132364
|move|p2a: Zapdos|Hurricane|p1a: Slowking
|-damage|p1a: Slowking|65/100
|-start|p1a: Slowking|confusion
|-activate|p1a: Slowking|confusion
|-damage|p1a: Slowking|60/100|[from] confusion
|
|-weather|none
|upkeep
|turn|57
|
|t:|1781132368
|move|p2a: Zapdos|Hurricane|p1a: Slowking
|-damage|p1a: Slowking|27/100
|-activate|p1a: Slowking|confusion
|move|p1a: Slowking|Toxic|p2a: Zapdos
|-status|p2a: Zapdos|tox
|
|-damage|p2a: Zapdos|84/100 tox|[from] psn
|upkeep
|turn|58
|
|t:|1781132373
|switch|p1a: Blissey|Blissey, F|100/100
|move|p2a: Zapdos|Volt Switch|p1a: Blissey
|-damage|p1a: Blissey|92/100
|
|t:|1781132377
|switch|p2a: Skarmory|Skarmory, M, tera:Dragon|77/100 tox|[from] Volt Switch
|
|-heal|p2a: Skarmory|83/100 tox|[from] item: Leftovers
|-heal|p1a: Blissey|98/100|[from] item: Leftovers
|-damage|p2a: Skarmory|77/100 tox|[from] psn
|upkeep
|turn|59
|
|t:|1781132381
|switch|p1a: Corviknight|Corviknight, M|100/100
|-ability|p1a: Corviknight|Pressure
|move|p2a: Skarmory|Body Press|p1a: Corviknight
|-damage|p1a: Corviknight|76/100
|-damage|p2a: Skarmory|60/100 tox|[from] item: Rocky Helmet|[of] p1a: Corviknight
|
|-heal|p2a: Skarmory|66/100 tox|[from] item: Leftovers
|-damage|p2a: Skarmory|54/100 tox|[from] psn
|upkeep
|turn|60
|
|t:|1781132389
|switch|p1a: Slowking|Slowking-Galar, F|60/100
|move|p2a: Skarmory|Roost|p2a: Skarmory
|-heal|p2a: Skarmory|100/100 tox
|
|-damage|p2a: Skarmory|83/100 tox|[from] psn
|upkeep
|turn|61
|
|t:|1781132396
|move|p2a: Skarmory|Spikes|p1a: Slowking
|-sidestart|p1: minhoto|Spikes
|move|p1a: Slowking|Future Sight|p2a: Skarmory
|-start|p1a: Slowking|move: Future Sight
|
|-heal|p2a: Skarmory|89/100 tox|[from] item: Leftovers
|-damage|p2a: Skarmory|65/100 tox|[from] psn
|upkeep
|turn|62
|
|t:|1781132400
|switch|p2a: Zapdos|Zapdos|84/100 tox
|switch|p1a: Corviknight|Corviknight, M|76/100
|-ability|p1a: Corviknight|Pressure
|
|-damage|p2a: Zapdos|78/100 tox|[from] psn
|upkeep
|turn|63
|
|t:|1781132405
|switch|p1a: Slowking|Slowking-Galar, F|93/100
|move|p2a: Zapdos|Roost|p2a: Zapdos
|-heal|p2a: Zapdos|100/100 tox
|-singleturn|p2a: Zapdos|move: Roost
|
|-end|p2a: Zapdos|move: Future Sight
|-damage|p2a: Zapdos|58/100 tox
|-damage|p2a: Zapdos|46/100 tox|[from] psn
|upkeep
|turn|64
|
|t:|1781132409
|move|p2a: Zapdos|Roost|p2a: Zapdos
|-heal|p2a: Zapdos|96/100 tox
|-singleturn|p2a: Zapdos|move: Roost
|move|p1a: Slowking|Future Sight|p2a: Zapdos
|-start|p1a: Slowking|move: Future Sight
|
|-damage|p2a: Zapdos|78/100 tox|[from] psn
|upkeep
|turn|65
|
|t:|1781132412
|move|p2a: Zapdos|Volt Switch|p1a: Slowking
|-damage|p1a: Slowking|73/100
|
|t:|1781132420
|switch|p2a: Skarmory|Skarmory, M, tera:Dragon|65/100 tox|[from] Volt Switch
|move|p1a: Slowking|Toxic|p2a: Skarmory
|-fail|p2a: Skarmory|tox
|
|-heal|p2a: Skarmory|71/100 tox|[from] item: Leftovers
|-damage|p2a: Skarmory|65/100 tox|[from] psn
|upkeep
|turn|66
|
|t:|1781132423
|switch|p1a: Corviknight|Corviknight, M|76/100
|-ability|p1a: Corviknight|Pressure
|move|p2a: Skarmory|Roost|p2a: Skarmory
|-heal|p2a: Skarmory|100/100 tox
|
|-end|p2a: Skarmory|move: Future Sight
|-damage|p2a: Skarmory|36/100 tox
|-heal|p2a: Skarmory|42/100 tox|[from] item: Leftovers
|-damage|p2a: Skarmory|30/100 tox|[from] psn
|upkeep
|turn|67
|
|t:|1781132431
|move|p2a: Skarmory|Roost|p2a: Skarmory
|-heal|p2a: Skarmory|80/100 tox
|move|p1a: Corviknight|U-turn|p2a: Skarmory
|-damage|p2a: Skarmory|71/100 tox
|
|t:|1781132432
|switch|p1a: Slowking|Slowking-Galar, F|100/100|[from] U-turn
|
|-heal|p2a: Skarmory|77/100 tox|[from] item: Leftovers
|-damage|p2a: Skarmory|59/100 tox|[from] psn
|upkeep
|turn|68
|
|t:|1781132435
|move|p2a: Skarmory|Roost|p2a: Skarmory
|-heal|p2a: Skarmory|100/100 tox
|move|p1a: Slowking|Future Sight|p2a: Skarmory
|-start|p1a: Slowking|move: Future Sight
|
|-damage|p2a: Skarmory|77/100 tox|[from] psn
|upkeep
|turn|69
|
|t:|1781132438
|switch|p2a: Zapdos|Zapdos|78/100 tox
|switch|p1a: Corviknight|Corviknight, M|76/100
|-ability|p1a: Corviknight|Pressure
|
|-damage|p2a: Zapdos|72/100 tox|[from] psn
|upkeep
|turn|70
|
|t:|1781132445
|switch|p1a: Slowking|Slowking-Galar, F|100/100
|move|p2a: Zapdos|Roost|p2a: Zapdos
|-heal|p2a: Zapdos|100/100 tox
|-singleturn|p2a: Zapdos|move: Roost
|
|-end|p2a: Zapdos|move: Future Sight
|-damage|p2a: Zapdos|58/100 tox
|-damage|p2a: Zapdos|46/100 tox|[from] psn
|upkeep
|turn|71
|
|t:|1781132451
|move|p2a: Zapdos|Roost|p2a: Zapdos
|-heal|p2a: Zapdos|96/100 tox
|-singleturn|p2a: Zapdos|move: Roost
|move|p1a: Slowking|Future Sight|p2a: Zapdos
|-start|p1a: Slowking|move: Future Sight
|
|-damage|p2a: Zapdos|78/100 tox|[from] psn
|upkeep
|turn|72
|
|t:|1781132454
|move|p2a: Zapdos|Volt Switch|p1a: Slowking
|-damage|p1a: Slowking|80/100
|
|t:|1781132459
|switch|p2a: Skarmory|Skarmory, M, tera:Dragon|77/100 tox|[from] Volt Switch
|-prepare|p1a: Slowking|Chilly Reception|[premajor]
|move|p1a: Slowking|Chilly Reception|p1a: Slowking
|-weather|Snowscape
|
|t:|1781132464
|switch|p1a: Toxapex|Toxapex, M|100/100|[from] Chilly Reception
|-damage|p1a: Toxapex|88/100|[from] Spikes
|
|-weather|Snowscape|[upkeep]
|-heal|p2a: Skarmory|83/100 tox|[from] item: Leftovers
|-damage|p2a: Skarmory|77/100 tox|[from] psn
|upkeep
|turn|73
|
|t:|1781132468
|switch|p2a: Zapdos|Zapdos|78/100 tox
|switch|p1a: Corviknight|Corviknight, M|76/100
|-ability|p1a: Corviknight|Pressure
|
|-weather|Snowscape|[upkeep]
|-end|p2a: Zapdos|move: Future Sight
|-damage|p2a: Zapdos|37/100 tox
|-damage|p2a: Zapdos|31/100 tox|[from] psn
|upkeep
|turn|74
|
|t:|1781132472
|switch|p1a: Slowking|Slowking-Galar, F|100/100
|move|p2a: Zapdos|Roost|p2a: Zapdos
|-heal|p2a: Zapdos|81/100 tox
|-singleturn|p2a: Zapdos|move: Roost
|
|-weather|Snowscape|[upkeep]
|-damage|p2a: Zapdos|69/100 tox|[from] psn
|upkeep
|turn|75
|
|t:|1781132481
|switch|p1a: Blissey|Blissey, F|98/100
|-damage|p1a: Blissey|85/100|[from] Spikes
|move|p2a: Zapdos|Roost|p2a: Zapdos
|-heal|p2a: Zapdos|100/100 tox
|-singleturn|p2a: Zapdos|move: Roost
|
|-weather|Snowscape|[upkeep]
|-heal|p1a: Blissey|91/100|[from] item: Leftovers
|-damage|p2a: Zapdos|82/100 tox|[from] psn
|upkeep
|turn|76
|
|t:|1781132485
|switch|p1a: Slowking|Slowking-Galar, F|100/100
|move|p2a: Zapdos|Volt Switch|p1a: Slowking
|-damage|p1a: Slowking|81/100
|
|t:|1781132493
|switch|p2a: Skarmory|Skarmory, M, tera:Dragon|77/100 tox|[from] Volt Switch
|
|-weather|none
|-heal|p2a: Skarmory|83/100 tox|[from] item: Leftovers
|-damage|p2a: Skarmory|77/100 tox|[from] psn
|upkeep
|turn|77
|
|t:|1781132501
|move|p2a: Skarmory|Roost|p2a: Skarmory
|-heal|p2a: Skarmory|100/100 tox
|move|p1a: Slowking|Future Sight|p2a: Skarmory
|-start|p1a: Slowking|move: Future Sight
|
|-damage|p2a: Skarmory|89/100 tox|[from] psn
|upkeep
|turn|78
|
|t:|1781132505
|move|p2a: Skarmory|Spikes|p1a: Slowking
|-sidestart|p1: minhoto|Spikes
|-prepare|p1a: Slowking|Chilly Reception|[premajor]
|move|p1a: Slowking|Chilly Reception|p1a: Slowking
|-weather|Snowscape
|
|t:|1781132507
|switch|p1a: Corviknight|Corviknight, M|76/100|[from] Chilly Reception
|-ability|p1a: Corviknight|Pressure
|
|-weather|Snowscape|[upkeep]
|-heal|p2a: Skarmory|95/100 tox|[from] item: Leftovers
|-damage|p2a: Skarmory|77/100 tox|[from] psn
|upkeep
|turn|79
|
|t:|1781132511
|switch|p2a: Hippowdon|Hippowdon, F|88/100 tox
|-weather|Sandstorm|[from] ability: Sand Stream|[of] p2a: Hippowdon
|move|p1a: Corviknight|Brave Bird|p2a: Hippowdon
|-damage|p2a: Hippowdon|70/100 tox
|-damage|p1a: Corviknight|70/100|[from] Recoil
|
|-weather|Sandstorm|[upkeep]
|-end|p2a: Hippowdon|move: Future Sight
|-damage|p2a: Hippowdon|21/100 tox
|-damage|p2a: Hippowdon|15/100 tox|[from] psn
|upkeep
|turn|80
|
|t:|1781132516
|move|p1a: Corviknight|Brave Bird|p2a: Hippowdon
|-damage|p2a: Hippowdon|0 fnt
|faint|p2a: Hippowdon
|-damage|p1a: Corviknight|65/100|[from] Recoil
|
|-weather|Sandstorm|[upkeep]
|upkeep
|
|t:|1781132520
|switch|p2a: Zapdos|Zapdos|82/100 tox
|turn|81
|
|t:|1781132523
|switch|p1a: Slowking|Slowking-Galar, F|100/100
|move|p2a: Zapdos|Heat Wave|p1a: Slowking
|-damage|p1a: Slowking|82/100
|
|-weather|Sandstorm|[upkeep]
|-damage|p2a: Zapdos|76/100 tox|[from] Sandstorm
|-damage|p1a: Slowking|76/100|[from] Sandstorm
|-damage|p2a: Zapdos|70/100 tox|[from] psn
|upkeep
|turn|82
|
|t:|1781132531
|move|p2a: Zapdos|Hurricane|p1a: Slowking|[miss]
|-miss|p2a: Zapdos|p1a: Slowking
|-prepare|p1a: Slowking|Chilly Reception|[premajor]
|move|p1a: Slowking|Chilly Reception|p1a: Slowking
|-weather|Snowscape
|
|t:|1781132549
|switch|p1a: Corviknight|Corviknight, M|65/100|[from] Chilly Reception
|-ability|p1a: Corviknight|Pressure
|
|-weather|Snowscape|[upkeep]
|-damage|p2a: Zapdos|58/100 tox|[from] psn
|upkeep
|turn|83
|
|t:|1781132552
|switch|p1a: Slowking|Slowking-Galar, F|100/100
|move|p2a: Zapdos|Heat Wave|p1a: Slowking|[miss]
|-miss|p2a: Zapdos|p1a: Slowking
|
|-weather|Snowscape|[upkeep]
|-damage|p2a: Zapdos|40/100 tox|[from] psn
|upkeep
|turn|84
|
|t:|1781132560
|move|p2a: Zapdos|Volt Switch|p1a: Slowking
|-damage|p1a: Slowking|80/100
|
|t:|1781132565
|switch|p2a: Skarmory|Skarmory, M, tera:Dragon|77/100 tox|[from] Volt Switch
|-prepare|p1a: Slowking|Chilly Reception|[premajor]
|move|p1a: Slowking|Chilly Reception|p1a: Slowking
|
|t:|1781132568
|switch|p1a: Corviknight|Corviknight, M|65/100|[from] Chilly Reception
|-ability|p1a: Corviknight|Pressure
|
|-weather|Snowscape|[upkeep]
|-heal|p2a: Skarmory|83/100 tox|[from] item: Leftovers
|-damage|p2a: Skarmory|77/100 tox|[from] psn
|upkeep
|turn|85
|
|t:|1781132572
|switch|p2a: Zapdos|Zapdos|40/100 tox
|move|p1a: Corviknight|Roost|p1a: Corviknight
|-heal|p1a: Corviknight|100/100
|-singleturn|p1a: Corviknight|move: Roost
|
|-weather|Snowscape|[upkeep]
|-damage|p2a: Zapdos|34/100 tox|[from] psn
|upkeep
|turn|86
|
|t:|1781132579
|switch|p1a: Slowking|Slowking-Galar, F|100/100
|move|p2a: Zapdos|Heat Wave|p1a: Slowking
|-damage|p1a: Slowking|82/100
|
|-weather|none
|-damage|p2a: Zapdos|22/100 tox|[from] psn
|upkeep
|turn|87
|
|t:|1781132584
|move|p2a: Zapdos|Hurricane|p1a: Slowking
|-damage|p1a: Slowking|52/100
|-prepare|p1a: Slowking|Chilly Reception|[premajor]
|move|p1a: Slowking|Chilly Reception|p1a: Slowking
|-weather|Snowscape
|
|t:|1781132586
|switch|p1a: Corviknight|Corviknight, M|100/100|[from] Chilly Reception
|-ability|p1a: Corviknight|Pressure
|
|-weather|Snowscape|[upkeep]
|-damage|p2a: Zapdos|4/100 tox|[from] psn
|upkeep
|turn|88
|
|t:|1781132591
|switch|p1a: Slowking|Slowking-Galar, F|85/100
|move|p2a: Zapdos|Volt Switch|p1a: Slowking
|-damage|p1a: Slowking|66/100
|
|t:|1781132595
|switch|p2a: Primarina|Primarina, F|94/100 tox|[from] Volt Switch
|
|-weather|Snowscape|[upkeep]
|-damage|p2a: Primarina|88/100 tox|[from] psn
|upkeep
|turn|89
|
|t:|1781132598
|switch|p1a: Corviknight|Corviknight, M|100/100
|-ability|p1a: Corviknight|Pressure
|move|p2a: Primarina|Surf|p1a: Corviknight
|-damage|p1a: Corviknight|61/100
|
|-weather|Snowscape|[upkeep]
|-damage|p2a: Primarina|76/100 tox|[from] psn
|upkeep
|turn|90
|
|t:|1781132605
|switch|p1a: Toxapex|Toxapex, M|100/100
|-damage|p1a: Toxapex|84/100|[from] Spikes
|move|p2a: Primarina|Surf|p1a: Toxapex
|-resisted|p1a: Toxapex
|-crit|p1a: Toxapex
|-damage|p1a: Toxapex|52/100
|
|-weather|Snowscape|[upkeep]
|-damage|p2a: Primarina|58/100 tox|[from] psn
|upkeep
|turn|91
|
|t:|1781132610
|switch|p1a: Slowking|Slowking-Galar, F|99/100
|move|p2a: Primarina|Surf|p1a: Slowking
|-damage|p1a: Slowking|68/100
|
|-weather|none
|-damage|p2a: Primarina|34/100 tox|[from] psn
|upkeep
|turn|92
|
|t:|1781132614
|move|p2a: Primarina|Surf|p1a: Slowking
|-damage|p1a: Slowking|36/100
|-prepare|p1a: Slowking|Chilly Reception|[premajor]
|move|p1a: Slowking|Chilly Reception|p1a: Slowking
|-weather|Snowscape
|
|t:|1781132618
|switch|p1a: Corviknight|Corviknight, M|61/100|[from] Chilly Reception
|-ability|p1a: Corviknight|Pressure
|
|-weather|Snowscape|[upkeep]
|-damage|p2a: Primarina|4/100 tox|[from] psn
|upkeep
|turn|93
|
|t:|1781132621
|switch|p2a: Zapdos|Zapdos|4/100 tox
|move|p1a: Corviknight|Roost|p1a: Corviknight
|-heal|p1a: Corviknight|100/100
|-singleturn|p1a: Corviknight|move: Roost
|
|-weather|Snowscape|[upkeep]
|-damage|p2a: Zapdos|0 fnt|[from] psn
|faint|p2a: Zapdos
|upkeep
|
|t:|1781132627
|switch|p2a: Primarina|Primarina, F|4/100 tox
|turn|94
|
|t:|1781132633
|switch|p1a: Toxapex|Toxapex, M|86/100
|-damage|p1a: Toxapex|69/100|[from] Spikes
|move|p2a: Primarina|Surf|p1a: Toxapex
|-resisted|p1a: Toxapex
|-damage|p1a: Toxapex|39/100
|
|-weather|Snowscape|[upkeep]
|-damage|p2a: Primarina|0 fnt|[from] psn
|faint|p2a: Primarina
|upkeep
|
|t:|1781132638
|switch|p2a: Skarmory|Skarmory, M, tera:Dragon|77/100 tox
|turn|95
|
|t:|1781132642
|switch|p1a: Corviknight|Corviknight, M|100/100
|-ability|p1a: Corviknight|Pressure
|move|p2a: Skarmory|Body Press|p1a: Corviknight
|-damage|p1a: Corviknight|76/100
|-damage|p2a: Skarmory|60/100 tox|[from] item: Rocky Helmet|[of] p1a: Corviknight
|
|-weather|Snowscape|[upkeep]
|-heal|p2a: Skarmory|66/100 tox|[from] item: Leftovers
|-damage|p2a: Skarmory|60/100 tox|[from] psn
|upkeep
|turn|96
|
|t:|1781132649
|move|p2a: Skarmory|Spikes|p1a: Corviknight
|-sidestart|p1: minhoto|Spikes
|move|p1a: Corviknight|Brave Bird|p2a: Skarmory
|-crit|p2a: Skarmory
|-damage|p2a: Skarmory|30/100 tox
|-damage|p1a: Corviknight|67/100|[from] Recoil
|
|-weather|none
|-heal|p2a: Skarmory|36/100 tox|[from] item: Leftovers
|-damage|p2a: Skarmory|24/100 tox|[from] psn
|upkeep
|turn|97
|
|t:|1781132656
|move|p2a: Skarmory|Spikes||[still]
|-fail|p2a: Skarmory
|move|p1a: Corviknight|U-turn|p2a: Skarmory
|-damage|p2a: Skarmory|15/100 tox
|
|t:|1781132658
|switch|p1a: Cinderace|Cinderace, F|50/100 brn|[from] U-turn
|
|-heal|p2a: Skarmory|21/100 tox|[from] item: Leftovers
|-damage|p2a: Skarmory|3/100 tox|[from] psn
|-damage|p1a: Cinderace|45/100 brn|[from] brn
|upkeep
|turn|98
|
|t:|1781132665
|switch|p2a: Dragonite|Dragonite, F|82/100 tox
|move|p1a: Cinderace|U-turn|p2a: Dragonite
|-start|p1a: Cinderace|typechange|Bug|[from] ability: Libero
|-resisted|p2a: Dragonite
|-damage|p2a: Dragonite|73/100 tox
|
|t:|1781132667
|switch|p1a: Corviknight|Corviknight, M|67/100|[from] U-turn
|-ability|p1a: Corviknight|Pressure
|
|-damage|p2a: Dragonite|61/100 tox|[from] item: Black Sludge
|-damage|p2a: Dragonite|54/100 tox|[from] psn
|upkeep
|turn|99
|
|t:|1781132672
|switch|p2a: Skarmory|Skarmory, M, tera:Dragon|3/100 tox
|move|p1a: Corviknight|Defog|p2a: Skarmory
|-unboost|p2a: Skarmory|evasion|1
|-sideend|p1: minhoto|Spikes|[from] move: Defog|[of] p1a: Corviknight
|
|-heal|p2a: Skarmory|9/100 tox|[from] item: Leftovers
|-damage|p2a: Skarmory|3/100 tox|[from] psn
|upkeep
|turn|100
|
|t:|1781132676
|move|p2a: Skarmory|Iron Head|p1a: Corviknight
|-resisted|p1a: Corviknight
|-damage|p1a: Corviknight|59/100
|-damage|p2a: Skarmory|0 fnt|[from] item: Rocky Helmet|[of] p1a: Corviknight
|faint|p2a: Skarmory
|cant|p1a: Corviknight|flinch
|
|upkeep
|
|t:|1781132682
|switch|p2a: Dragonite|Dragonite, F|54/100 tox
|turn|101
|
|t:|1781132689
|move|p2a: Dragonite|Dragon Dance|p2a: Dragonite
|-boost|p2a: Dragonite|atk|1
|-boost|p2a: Dragonite|spe|1
|move|p1a: Corviknight|Roost|p1a: Corviknight
|-heal|p1a: Corviknight|100/100
|-singleturn|p1a: Corviknight|move: Roost
|
|-damage|p2a: Dragonite|42/100 tox|[from] item: Black Sludge
|-damage|p2a: Dragonite|36/100 tox|[from] psn
|upkeep
|turn|102
|
|t:|1781132694
|move|p2a: Dragonite|Dragon Dance|p2a: Dragonite
|-boost|p2a: Dragonite|atk|1
|-boost|p2a: Dragonite|spe|1
|move|p1a: Corviknight|Brave Bird|p2a: Dragonite
|-damage|p2a: Dragonite|0 fnt
|faint|p2a: Dragonite
|-damage|p1a: Corviknight|91/100|[from] Recoil
|
|win|minhoto
|raw|minhoto's rating: 1567 &rarr; <strong>1592</strong><br />(+25 for winning)
|raw|KurisuChestnutLab's rating: 1662 &rarr; <strong>1637</strong><br />(-25 for losing)
