|badge|p2|bronze|gen9ou|100-9
|uhtml|medal-msg|<div class="broadcast-blue">Curious what those medals under the avatar are? PS now has Ladder Seasons! For more information, check out the <a href="https://www.smogon.com/forums/threads/3740067/">thread on Smogon.</a></div>
|j|☆adil
|j|☆healorant
|t:|1781301783
|gametype|singles
|player|p1|adil|1|1698
|player|p2|healorant|alder|1806
|gen|9
|tier|[Gen 9] OU
|rated|
|rule|HP Percentage Mod: HP is shown in percentages
|rule|Endless Battle Clause: Forcing endless battles is banned
|rule|Species Clause: Limit one of each Pokémon
|rule|OHKO Clause: OHKO moves are banned
|rule|Evasion Items Clause: Evasion items are banned
|rule|Evasion Moves Clause: Evasion moves are banned
|rule|Evasion Abilities Clause: Evasion abilities are banned
|rule|Sleep Moves Clause: Sleep-inducing moves are banned
|clearpoke
|poke|p1|Kyurem|
|poke|p1|Corviknight, M|
|poke|p1|Ting-Lu|
|poke|p1|Slowking-Galar, F|
|poke|p1|Dragonite, M|
|poke|p1|Cinderace, F|
|poke|p2|Ceruledge, M|
|poke|p2|Glimmora, F|
|poke|p2|Great Tusk|
|poke|p2|Walking Wake|
|poke|p2|Kingambit, F|
|poke|p2|Iron Valiant|
|teampreview
|
|t:|1781301799
|teamsize|p1|6
|teamsize|p2|6
|start
|switch|p1a: Kyurem|Kyurem|100/100
|switch|p2a: Glimmora|Glimmora, F|100/100
|-ability|p1a: Kyurem|Pressure
|turn|1
|
|t:|1781301801
|switch|p2a: Kingambit|Kingambit, F|100/100
|-item|p2a: Kingambit|Air Balloon
|move|p1a: Kyurem|Substitute|p1a: Kyurem
|-start|p1a: Kyurem|Substitute
|-damage|p1a: Kyurem|75/100
|
|-heal|p1a: Kyurem|82/100|[from] item: Leftovers
|upkeep
|turn|2
|
|t:|1781301804
|move|p1a: Kyurem|Freeze-Dry|p2a: Kingambit
|-resisted|p2a: Kingambit
|-damage|p2a: Kingambit|80/100
|-enditem|p2a: Kingambit|Air Balloon
|move|p2a: Kingambit|Iron Head|p1a: Kyurem
|-supereffective|p1a: Kyurem
|-end|p1a: Kyurem|Substitute
|
|-heal|p1a: Kyurem|88/100|[from] item: Leftovers
|upkeep
|turn|3
|
|t:|1781301812
|-end|p2a: Kingambit|fallenundefined|[silent]
|switch|p2a: Glimmora|Glimmora, F|100/100
|move|p1a: Kyurem|Protect||[still]
|-fail|p1a: Kyurem
|
|-heal|p1a: Kyurem|94/100|[from] item: Leftovers
|upkeep
|turn|4
|inactive|Battle timer is ON: inactive players will automatically lose when time's up. (requested by healorant)
|
|t:|1781301816
|switch|p2a: Walking Wake|Walking Wake|100/100
|-enditem|p2a: Walking Wake|Booster Energy
|-activate|p2a: Walking Wake|ability: Protosynthesis|[fromitem]
|-start|p2a: Walking Wake|protosynthesisspa
|move|p1a: Kyurem|Substitute|p1a: Kyurem
|-start|p1a: Kyurem|Substitute
|-damage|p1a: Kyurem|69/100
|
|-heal|p1a: Kyurem|75/100|[from] item: Leftovers
|upkeep
|turn|5
|
|t:|1781301820
|move|p2a: Walking Wake|Dragon Pulse|p1a: Kyurem
|-supereffective|p1a: Kyurem
|-end|p1a: Kyurem|Substitute
|move|p1a: Kyurem|Freeze-Dry|p2a: Walking Wake
|-supereffective|p2a: Walking Wake
|-damage|p2a: Walking Wake|0 fnt
|faint|p2a: Walking Wake
|-end|p2a: Walking Wake|Protosynthesis|[silent]
|
|-heal|p1a: Kyurem|81/100|[from] item: Leftovers
|upkeep
|
|t:|1781301822
|switch|p2a: Ceruledge|Ceruledge, M|100/100
|-item|p2a: Ceruledge|Air Balloon
|turn|6
|
|t:|1781301828
|switch|p1a: Ting-Lu|Ting-Lu|100/100
|-ability|p1a: Ting-Lu|Vessel of Ruin
|move|p2a: Ceruledge|Swords Dance|p2a: Ceruledge
|-boost|p2a: Ceruledge|atk|2
|
|upkeep
|turn|7
|
|t:|1781301832
|move|p2a: Ceruledge|Swords Dance|p2a: Ceruledge
|-boost|p2a: Ceruledge|atk|2
|move|p1a: Ting-Lu|Whirlwind|p2a: Ceruledge
|drag|p2a: Great Tusk|Great Tusk|100/100
|-enditem|p2a: Great Tusk|Booster Energy
|-activate|p2a: Great Tusk|ability: Protosynthesis|[fromitem]
|-start|p2a: Great Tusk|protosynthesisspe
|
|upkeep
|turn|8
|
|t:|1781301838
|switch|p1a: Corviknight|Corviknight, M|100/100
|-ability|p1a: Corviknight|Pressure
|move|p2a: Great Tusk|Taunt|p1a: Corviknight
|-start|p1a: Corviknight|move: Taunt
|
|upkeep
|turn|9
|j| cachowcapow
|
|t:|1781301844
|move|p2a: Great Tusk|Bulk Up|p2a: Great Tusk
|-boost|p2a: Great Tusk|atk|1
|-boost|p2a: Great Tusk|def|1
|move|p1a: Corviknight|Brave Bird|p2a: Great Tusk
|-supereffective|p2a: Great Tusk
|-crit|p2a: Great Tusk
|-damage|p2a: Great Tusk|28/100
|-damage|p1a: Corviknight|74/100|[from] Recoil
|
|-heal|p1a: Corviknight|80/100|[from] item: Leftovers
|upkeep
|turn|10
|c|☆adil|mb
|
|t:|1781301852
|move|p2a: Great Tusk|Head Smash|p1a: Corviknight|[miss]
|-miss|p2a: Great Tusk|p1a: Corviknight
|move|p1a: Corviknight|Brave Bird|p2a: Great Tusk
|-supereffective|p2a: Great Tusk
|-damage|p2a: Great Tusk|0 fnt
|faint|p2a: Great Tusk
|-end|p2a: Great Tusk|Protosynthesis|[silent]
|-damage|p1a: Corviknight|70/100|[from] Recoil
|
|-heal|p1a: Corviknight|76/100|[from] item: Leftovers
|-end|p1a: Corviknight|move: Taunt
|upkeep
|
|t:|1781301862
|switch|p2a: Glimmora|Glimmora, F|100/100
|turn|11
|
|t:|1781301868
|move|p2a: Glimmora|Stealth Rock|p1a: Corviknight
|-sidestart|p1: adil|move: Stealth Rock
|move|p1a: Corviknight|U-turn|p2a: Glimmora
|-resisted|p2a: Glimmora
|-damage|p2a: Glimmora|96/100
|-activate|p2a: Glimmora|ability: Toxic Debris
|-sidestart|p1: adil|move: Toxic Spikes
|-enditem|p2a: Glimmora|Red Card|[of] p1a: Corviknight
|drag|p1a: Kyurem|Kyurem|81/100
|-damage|p1a: Kyurem|56/100|[from] Stealth Rock
|-status|p1a: Kyurem|psn
|-ability|p1a: Kyurem|Pressure
|
|-heal|p1a: Kyurem|63/100 psn|[from] item: Leftovers
|-damage|p1a: Kyurem|50/100 psn|[from] psn
|upkeep
|turn|12
|
|t:|1781301876
|move|p1a: Kyurem|Earth Power|p2a: Glimmora
|-supereffective|p2a: Glimmora
|-damage|p2a: Glimmora|0 fnt
|faint|p2a: Glimmora
|
|-heal|p1a: Kyurem|56/100 psn|[from] item: Leftovers
|-damage|p1a: Kyurem|44/100 psn|[from] psn
|upkeep
|
|t:|1781301882
|switch|p2a: Ceruledge|Ceruledge, M|100/100
|-item|p2a: Ceruledge|Air Balloon
|turn|13
|
|t:|1781301887
|move|p1a: Kyurem|Freeze-Dry|p2a: Ceruledge
|-resisted|p2a: Ceruledge
|-damage|p2a: Ceruledge|81/100
|-enditem|p2a: Ceruledge|Air Balloon
|move|p2a: Ceruledge|Swords Dance|p2a: Ceruledge
|-boost|p2a: Ceruledge|atk|2
|
|-heal|p1a: Kyurem|50/100 psn|[from] item: Leftovers
|-damage|p1a: Kyurem|38/100 psn|[from] psn
|upkeep
|turn|14
|j| JensPaulVI
|
|t:|1781301893
|move|p2a: Ceruledge|Shadow Sneak|p1a: Kyurem
|-damage|p1a: Kyurem|0 fnt
|faint|p1a: Kyurem
|
|upkeep
|
|t:|1781301899
|switch|p1a: Dragonite|Dragonite, M|100/100
|turn|15
|
|t:|1781301928
|-terastallize|p2a: Ceruledge|Ghost
|-terastallize|p1a: Dragonite|Normal
|move|p2a: Ceruledge|Bitter Blade|p1a: Dragonite
|-damage|p1a: Dragonite|41/100
|-heal|p2a: Ceruledge|100/100|[from] drain|[of] p1a: Dragonite
|move|p1a: Dragonite|Dragon Dance|p1a: Dragonite
|-boost|p1a: Dragonite|atk|1
|-boost|p1a: Dragonite|spe|1
|
|upkeep
|turn|16
|
|t:|1781301939
|switch|p1a: Corviknight|Corviknight, M|76/100
|-damage|p1a: Corviknight|64/100|[from] Stealth Rock
|-ability|p1a: Corviknight|Pressure
|move|p2a: Ceruledge|Bitter Blade|p1a: Corviknight
|-supereffective|p1a: Corviknight
|-damage|p1a: Corviknight|0 fnt
|faint|p1a: Corviknight
|
|upkeep
|
|t:|1781301941
|switch|p1a: Ting-Lu|Ting-Lu|100/100
|-damage|p1a: Ting-Lu|94/100|[from] Stealth Rock
|-status|p1a: Ting-Lu|psn
|-ability|p1a: Ting-Lu|Vessel of Ruin
|turn|17
|
|t:|1781301944
|move|p2a: Ceruledge|Bitter Blade|p1a: Ting-Lu
|-damage|p1a: Ting-Lu|43/100 psn
|move|p1a: Ting-Lu|Whirlwind|p2a: Ceruledge
|drag|p2a: Iron Valiant|Iron Valiant|100/100
|-enditem|p2a: Iron Valiant|Booster Energy
|-activate|p2a: Iron Valiant|ability: Quark Drive|[fromitem]
|-start|p2a: Iron Valiant|quarkdrivespe
|
|-heal|p1a: Ting-Lu|50/100 psn|[from] item: Leftovers
|-damage|p1a: Ting-Lu|37/100 psn|[from] psn
|upkeep
|turn|18
|
|t:|1781301949
|switch|p1a: Slowking|Slowking-Galar, F|100/100
|-sideend|p1: adil|move: Toxic Spikes|[of] p1a: Slowking
|move|p2a: Iron Valiant|Moonblast|p1a: Slowking
|-resisted|p1a: Slowking
|-damage|p1a: Slowking|86/100
|
|upkeep
|turn|19
|
|t:|1781301956
|move|p2a: Iron Valiant|Calm Mind|p2a: Iron Valiant
|-boost|p2a: Iron Valiant|spa|1
|-boost|p2a: Iron Valiant|spd|1
|-prepare|p1a: Slowking|Chilly Reception|[premajor]
|move|p1a: Slowking|Chilly Reception|p1a: Slowking
|-weather|Snowscape
|
|t:|1781301958
|switch|p1a: Cinderace|Cinderace, F|100/100|[from] Chilly Reception
|
|-weather|Snowscape|[upkeep]
|upkeep
|turn|20
|
|t:|1781301966
|move|p2a: Iron Valiant|Thunderbolt|p1a: Cinderace
|-damage|p1a: Cinderace|46/100
|move|p1a: Cinderace|Pyro Ball|p2a: Iron Valiant
|-damage|p2a: Iron Valiant|44/100
|-status|p2a: Iron Valiant|brn
|
|-weather|Snowscape|[upkeep]
|-damage|p2a: Iron Valiant|38/100 brn|[from] brn
|upkeep
|turn|21
|
|t:|1781301973
|switch|p1a: Slowking|Slowking-Galar, F|100/100
|move|p2a: Iron Valiant|Thunderbolt|p1a: Slowking
|-damage|p1a: Slowking|75/100
|
|-weather|Snowscape|[upkeep]
|-damage|p2a: Iron Valiant|32/100 brn|[from] brn
|upkeep
|turn|22
|
|t:|1781301985
|move|p2a: Iron Valiant|Shadow Ball|p1a: Slowking
|-supereffective|p1a: Slowking
|-crit|p1a: Slowking
|-damage|p1a: Slowking|6/100
|move|p1a: Slowking|Flamethrower|p2a: Iron Valiant
|-damage|p2a: Iron Valiant|6/100 brn
|
|-weather|Snowscape|[upkeep]
|-damage|p2a: Iron Valiant|0 fnt|[from] brn
|faint|p2a: Iron Valiant
|-end|p2a: Iron Valiant|Quark Drive|[silent]
|upkeep
|
|t:|1781301990
|switch|p2a: Ceruledge|Ceruledge, M, tera:Ghost|100/100
|turn|23
|
|t:|1781302002
|move|p2a: Ceruledge|Bitter Blade|p1a: Slowking
|-damage|p1a: Slowking|0 fnt
|faint|p1a: Slowking
|
|-weather|none
|upkeep
|
|t:|1781302014
|switch|p1a: Ting-Lu|Ting-Lu|37/100 psn
|-damage|p1a: Ting-Lu|31/100 psn|[from] Stealth Rock
|-ability|p1a: Ting-Lu|Vessel of Ruin
|turn|24
|
|t:|1781302025
|move|p2a: Ceruledge|Swords Dance|p2a: Ceruledge
|-boost|p2a: Ceruledge|atk|2
|move|p1a: Ting-Lu|Whirlwind|p2a: Ceruledge
|drag|p2a: Kingambit|Kingambit, F|80/100
|-activate|p2a: Kingambit|ability: Supreme Overlord
|-start|p2a: Kingambit|fallen4|[silent]
|
|-heal|p1a: Ting-Lu|37/100 psn|[from] item: Leftovers
|-damage|p1a: Ting-Lu|25/100 psn|[from] psn
|upkeep
|turn|25
|
|t:|1781302033
|move|p2a: Kingambit|Iron Head|p1a: Ting-Lu
|-damage|p1a: Ting-Lu|0 fnt
|faint|p1a: Ting-Lu
|
|upkeep
|
|t:|1781302035
|switch|p1a: Cinderace|Cinderace, F|46/100
|turn|26
|
|t:|1781302038
|move|p1a: Cinderace|Will-O-Wisp|p2a: Kingambit
|-status|p2a: Kingambit|brn
|move|p2a: Kingambit|Kowtow Cleave|p1a: Cinderace
|-damage|p1a: Cinderace|5/100
|
|-damage|p2a: Kingambit|74/100 brn|[from] brn
|upkeep
|turn|27
|
|t:|1781302047
|move|p1a: Cinderace|Court Change|p1a: Cinderace
|-swapsideconditions
|-activate|p1a: Cinderace|move: Court Change
|move|p2a: Kingambit|Swords Dance|p2a: Kingambit
|-boost|p2a: Kingambit|atk|2
|
|-damage|p2a: Kingambit|68/100 brn|[from] brn
|upkeep
|turn|28
|
|t:|1781302060
|move|p2a: Kingambit|Sucker Punch||[still]
|-fail|p2a: Kingambit
|move|p1a: Cinderace|Will-O-Wisp|p2a: Kingambit
|-fail|p2a: Kingambit|brn
|
|-damage|p2a: Kingambit|62/100 brn|[from] brn
|upkeep
|turn|29
|
|t:|1781302075
|move|p1a: Cinderace|Pyro Ball|p2a: Kingambit
|-supereffective|p2a: Kingambit
|-damage|p2a: Kingambit|0 fnt
|faint|p2a: Kingambit
|-end|p2a: Kingambit|fallen4|[silent]
|
|upkeep
|
|t:|1781302077
|switch|p2a: Ceruledge|Ceruledge, M, tera:Ghost|100/100
|-damage|p2a: Ceruledge|88/100|[from] Stealth Rock
|turn|30
|
|t:|1781302084
|switch|p1a: Dragonite|Dragonite, M, tera:Normal|41/100
|move|p2a: Ceruledge|Shadow Sneak|p1a: Dragonite
|-immune|p1a: Dragonite
|
|upkeep
|turn|31
|
|t:|1781302094
|move|p2a: Ceruledge|Bitter Blade|p1a: Dragonite
|-damage|p1a: Dragonite|0 fnt
|-heal|p2a: Ceruledge|100/100|[from] drain|[of] p1a: Dragonite
|faint|p1a: Dragonite
|
|upkeep
|
|t:|1781302097
|switch|p1a: Cinderace|Cinderace, F|5/100
|turn|32
|-message|adil forfeited.
|
|win|healorant
|raw|adil's rating: 1698 &rarr; <strong>1684</strong><br />(-14 for losing)
|raw|healorant's rating: 1806 &rarr; <strong>1820</strong><br />(+14 for winning)
|l|☆adil
|player|p1|
|l|☆healorant
|player|p2|
|l| JensPaulVI
