|j|☆vartholomeus
|j|☆Topclass-A
|t:|1781186215
|gametype|singles
|player|p1|vartholomeus|gambler|1531
|player|p2|Topclass-A|bellelba|1572
|gen|9
|tier|[Gen 9] OU
|rated|
|rule|HP Percentage Mod: HP is shown in percentages
|rule|Endless Battle Clause: Forcing endless battles is banned
|rule|Species Clause: Limit one of each Pokémon
|rule|OHKO Clause: OHKO moves are banned
|rule|Evasion Items Clause: Evasion items are banned
|rule|Evasion Moves Clause: Evasion moves are banned
|rule|Evasion Abilities Clause: Evasion abilities are banned
|rule|Sleep Moves Clause: Sleep-inducing moves are banned
|clearpoke
|poke|p1|Moltres|
|poke|p1|Kleavor, F|
|poke|p1|Greninja-*, M|
|poke|p1|Ting-Lu|
|poke|p1|Iron Valiant|
|poke|p1|Gholdengo|
|poke|p2|Hoopa-Unbound|
|poke|p2|Pecharunt|
|poke|p2|Landorus-Therian, M|
|poke|p2|Cinderace, M|
|poke|p2|Iron Valiant|
|poke|p2|Primarina, F|
|teampreview
|inactive|Battle timer is ON: inactive players will automatically lose when time's up. (requested by Topclass-A)
|inactive|vartholomeus also wants the timer to be on.
|
|t:|1781186224
|teamsize|p1|6
|teamsize|p2|6
|start
|switch|p1a: Suke|Greninja, M|100/100
|switch|p2a: Enten|Landorus-Therian, M, shiny|100/100
|-ability|p2a: Enten|Intimidate|boost
|-unboost|p1a: Suke|atk|1
|turn|1
|
|t:|1781186228
|move|p2a: Enten|U-turn|p1a: Suke
|-supereffective|p1a: Suke
|-damage|p1a: Suke|0 fnt
|faint|p1a: Suke
|
|t:|1781186231
|switch|p2a: Khaos|Hoopa-Unbound|100/100|[from] U-turn
|
|upkeep
|
|t:|1781186237
|switch|p1a: Klingk|Kleavor, F|100/100
|turn|2
|
|t:|1781186243
|switch|p2a: Enten|Landorus-Therian, M, shiny|100/100
|-ability|p2a: Enten|Intimidate|boost
|-unboost|p1a: Klingk|atk|1
|move|p1a: Klingk|Stone Axe|p2a: Enten
|-damage|p2a: Enten|56/100
|-sidestart|p2: Topclass-A|move: Stealth Rock
|
|upkeep
|turn|3
|
|t:|1781186250
|switch|p1a: Maltro|Moltres|100/100
|move|p2a: Enten|Stone Edge|p1a: Maltro
|-supereffective|p1a: Maltro
|-crit|p1a: Maltro
|-damage|p1a: Maltro|0 fnt
|faint|p1a: Maltro
|
|upkeep
|
|t:|1781186254
|switch|p1a: Lulu|Ting-Lu|100/100
|-ability|p1a: Lulu|Vessel of Ruin
|turn|4
|inactive|Topclass-A has 120 seconds left.
|
|t:|1781186293
|switch|p2a: Liberacy|Cinderace, M, shiny|100/100
|move|p1a: Lulu|Ruination|p2a: Liberacy
|-damage|p2a: Liberacy|51/100
|
|upkeep
|turn|5
|inactive|Topclass-A has 120 seconds left.
|
|t:|1781186298
|move|p2a: Liberacy|Court Change|p2a: Liberacy
|-start|p2a: Liberacy|typechange|Normal|[from] ability: Libero
|-swapsideconditions
|-activate|p2a: Liberacy|move: Court Change
|move|p1a: Lulu|Earthquake|p2a: Liberacy
|-damage|p2a: Liberacy|0 fnt
|faint|p2a: Liberacy
|
|upkeep
|
|t:|1781186302
|switch|p2a: Calamity|Iron Valiant, shiny|100/100
|turn|6
|
|t:|1781186306
|move|p2a: Calamity|Moonblast|p1a: Lulu
|-supereffective|p1a: Lulu
|-damage|p1a: Lulu|42/100
|move|p1a: Lulu|Ruination|p2a: Calamity
|-damage|p2a: Calamity|51/100
|
|-heal|p1a: Lulu|48/100|[from] item: Leftovers
|upkeep
|turn|7
|
|t:|1781186310
|switch|p1a: Mantequillo|Gholdengo|100/100
|-damage|p1a: Mantequillo|94/100|[from] Stealth Rock
|move|p2a: Calamity|Moonblast|p1a: Mantequillo
|-resisted|p1a: Mantequillo
|-damage|p1a: Mantequillo|55/100
|
|upkeep
|turn|8
|
|t:|1781186316
|-end|p2a: Calamity|Quark Drive|[silent]
|switch|p2a: Primarina|Primarina, F|100/100
|move|p1a: Mantequillo|Shadow Ball|p2a: Primarina
|-damage|p2a: Primarina|74/100
|
|upkeep
|turn|9
|
|t:|1781186320
|move|p1a: Mantequillo|Shadow Ball|p2a: Primarina
|-damage|p2a: Primarina|47/100
|move|p2a: Primarina|Surf|p1a: Mantequillo
|-damage|p1a: Mantequillo|0 fnt
|faint|p1a: Mantequillo
|
|upkeep
|
|t:|1781186326
|switch|p1a: Klingk|Kleavor, F|100/100
|-damage|p1a: Klingk|76/100|[from] Stealth Rock
|turn|10
|
|t:|1781186329
|move|p1a: Klingk|Stone Axe|p2a: Primarina
|-crit|p2a: Primarina
|-damage|p2a: Primarina|0 fnt
|-sidestart|p2: Topclass-A|move: Stealth Rock
|faint|p2a: Primarina
|
|upkeep
|
|t:|1781186332
|switch|p2a: Enten|Landorus-Therian, M, shiny|56/100
|-damage|p2a: Enten|44/100|[from] Stealth Rock
|-ability|p2a: Enten|Intimidate|boost
|-unboost|p1a: Klingk|atk|1
|turn|11
|
|t:|1781186337
|move|p2a: Enten|Earthquake|p1a: Klingk
|-damage|p1a: Klingk|3/100
|move|p1a: Klingk|Stone Axe|p2a: Enten
|-damage|p2a: Enten|0 fnt
|faint|p2a: Enten
|
|upkeep
|
|t:|1781186342
|switch|p2a: Calamity|Iron Valiant, shiny|51/100
|-damage|p2a: Calamity|44/100|[from] Stealth Rock
|turn|12
|
|t:|1781186345
|move|p1a: Klingk|Quick Attack|p2a: Calamity
|-damage|p2a: Calamity|32/100
|move|p2a: Calamity|Moonblast|p1a: Klingk
|-damage|p1a: Klingk|0 fnt
|faint|p1a: Klingk
|
|upkeep
|
|t:|1781186349
|switch|p1a: Irohak|Iron Valiant|100/100
|-damage|p1a: Irohak|94/100|[from] Stealth Rock
|-enditem|p1a: Irohak|Booster Energy
|-activate|p1a: Irohak|ability: Quark Drive|[fromitem]
|-start|p1a: Irohak|quarkdrivespe
|turn|13
|
|t:|1781186352
|-end|p2a: Calamity|Quark Drive|[silent]
|switch|p2a: Overseer|Pecharunt|100/100
|-damage|p2a: Overseer|88/100|[from] Stealth Rock
|move|p1a: Irohak|Moonblast|p2a: Overseer
|-resisted|p2a: Overseer
|-damage|p2a: Overseer|66/100
|
|upkeep
|turn|14
|
|t:|1781186355
|-terastallize|p1a: Irohak|Ghost
|move|p1a: Irohak|Shadow Ball|p2a: Overseer
|-supereffective|p2a: Overseer
|-damage|p2a: Overseer|0 fnt
|faint|p2a: Overseer
|
|upkeep
|
|t:|1781186364
|switch|p2a: Khaos|Hoopa-Unbound|100/100
|-damage|p2a: Khaos|88/100|[from] Stealth Rock
|turn|15
|
|t:|1781186367
|move|p1a: Irohak|Moonblast|p2a: Khaos
|-supereffective|p2a: Khaos
|-damage|p2a: Khaos|0 fnt
|faint|p2a: Khaos
|
|upkeep
|
|t:|1781186372
|switch|p2a: Calamity|Iron Valiant, shiny|32/100
|-damage|p2a: Calamity|25/100|[from] Stealth Rock
|turn|16
|
|t:|1781186375
|move|p1a: Irohak|Shadow Ball|p2a: Calamity
|-damage|p2a: Calamity|0 fnt
|faint|p2a: Calamity
|-end|p2a: Calamity|Quark Drive|[silent]
|
|win|vartholomeus
|raw|vartholomeus's rating: 1531 &rarr; <strong>1553</strong><br />(+22 for winning)
|raw|Topclass-A's rating: 1572 &rarr; <strong>1550</strong><br />(-22 for losing)
|l|☆Topclass-A
|player|p2|
|l|☆vartholomeus
|player|p1|
