|j|☆ohlookarock3
|j|☆sorry4usingstall
|t:|1781325591
|gametype|singles
|player|p1|ohlookarock3|geeta|1560
|player|p2|sorry4usingstall|colress|1553
|gen|9
|tier|[Gen 9] OU
|rated|
|rule|HP Percentage Mod: HP is shown in percentages
|rule|Endless Battle Clause: Forcing endless battles is banned
|rule|Species Clause: Limit one of each Pokémon
|rule|OHKO Clause: OHKO moves are banned
|rule|Evasion Items Clause: Evasion items are banned
|rule|Evasion Moves Clause: Evasion moves are banned
|rule|Evasion Abilities Clause: Evasion abilities are banned
|rule|Sleep Moves Clause: Sleep-inducing moves are banned
|clearpoke
|poke|p1|Araquanid, F|
|poke|p1|Dragonite, F|
|poke|p1|Gholdengo|
|poke|p1|Iron Moth|
|poke|p1|Iron Valiant|
|poke|p1|Iron Treads|
|poke|p2|Clodsire, F|
|poke|p2|Dondozo, F|
|poke|p2|Alomomola, F|
|poke|p2|Talonflame, F|
|poke|p2|Toxapex, F|
|poke|p2|Blissey, F|
|teampreview
|inactive|Battle timer is ON: inactive players will automatically lose when time's up. (requested by ohlookarock3)
|
|t:|1781325619
|teamsize|p1|6
|teamsize|p2|6
|start
|switch|p1a: Tenshi|Iron Treads|100/100
|switch|p2a: Keep Trying.|Toxapex, F|100/100
|-enditem|p1a: Tenshi|Booster Energy
|-activate|p1a: Tenshi|ability: Quark Drive|[fromitem]
|-start|p1a: Tenshi|quarkdriveatk
|turn|1
|inactive|ohlookarock3 has 120 seconds left.
|
|t:|1781325668
|switch|p2a: Try Harder.|Alomomola, F, shiny|100/100
|move|p1a: Tenshi|Earthquake|p2a: Try Harder.
|-crit|p2a: Try Harder.
|-damage|p2a: Try Harder.|45/100
|
|upkeep
|turn|2
|
|t:|1781325681
|switch|p2a: Nice Try.|Talonflame, F, shiny|100/100
|move|p1a: Tenshi|Supercell Slam|p2a: Nice Try.
|-supereffective|p2a: Nice Try.
|-damage|p2a: Nice Try.|13/100
|-status|p1a: Tenshi|brn|[from] ability: Flame Body|[of] p2a: Nice Try.
|
|-damage|p1a: Tenshi|94/100 brn|[from] brn
|upkeep
|turn|3
|
|t:|1781325691
|switch|p2a: Try Harder.|Alomomola, F, shiny|78/100
|move|p1a: Tenshi|Rapid Spin|p2a: Try Harder.
|-damage|p2a: Try Harder.|71/100
|-boost|p1a: Tenshi|spe|1
|
|-damage|p1a: Tenshi|88/100 brn|[from] brn
|upkeep
|turn|4
|inactive|ohlookarock3 has 120 seconds left.
|
|t:|1781325702
|move|p2a: Try Harder.|Protect|p2a: Try Harder.
|-singleturn|p2a: Try Harder.|Protect
|move|p1a: Tenshi|Knock Off|p2a: Try Harder.
|-activate|p2a: Try Harder.|move: Protect
|
|-damage|p1a: Tenshi|82/100 brn|[from] brn
|upkeep
|turn|5
|inactive|ohlookarock3 has 120 seconds left.
|
|t:|1781325720
|move|p1a: Tenshi|Knock Off|p2a: Try Harder.
|-damage|p2a: Try Harder.|59/100
|-enditem|p2a: Try Harder.|Heavy-Duty Boots|[from] move: Knock Off|[of] p1a: Tenshi
|move|p2a: Try Harder.|Wish|p2a: Try Harder.
|
|-damage|p1a: Tenshi|76/100 brn|[from] brn
|upkeep
|turn|6
|
|t:|1781325733
|move|p1a: Tenshi|Supercell Slam|p2a: Try Harder.
|-supereffective|p2a: Try Harder.
|-damage|p2a: Try Harder.|30/100
|move|p2a: Try Harder.|Flip Turn|p1a: Tenshi
|-supereffective|p1a: Tenshi
|-damage|p1a: Tenshi|45/100 brn
|
|t:|1781325740
|switch|p2a: Nice Try.|Talonflame, F, shiny|13/100|[from] Flip Turn
|
|-heal|p2a: Nice Try.|79/100|[from] move: Wish|[wisher] Try Harder.
|-damage|p1a: Tenshi|39/100 brn|[from] brn
|upkeep
|turn|7
|inactive|ohlookarock3 has 120 seconds left.
|
|t:|1781325747
|switch|p2a: Try Harder.|Alomomola, F, shiny|63/100
|move|p1a: Tenshi|Supercell Slam|p2a: Try Harder.
|-supereffective|p2a: Try Harder.
|-damage|p2a: Try Harder.|36/100
|
|-damage|p1a: Tenshi|33/100 brn|[from] brn
|upkeep
|turn|8
|inactive|ohlookarock3 has 120 seconds left.
|
|t:|1781325757
|move|p1a: Tenshi|Earthquake|p2a: Try Harder.
|-damage|p2a: Try Harder.|15/100
|move|p2a: Try Harder.|Wish|p2a: Try Harder.
|
|-damage|p1a: Tenshi|26/100 brn|[from] brn
|upkeep
|turn|9
|
|t:|1781325764
|move|p2a: Try Harder.|Protect|p2a: Try Harder.
|-singleturn|p2a: Try Harder.|Protect
|move|p1a: Tenshi|Earthquake|p2a: Try Harder.
|-activate|p2a: Try Harder.|move: Protect
|
|-heal|p2a: Try Harder.|65/100|[from] move: Wish|[wisher] Try Harder.
|-damage|p1a: Tenshi|20/100 brn|[from] brn
|upkeep
|turn|10
|
|t:|1781325772
|move|p1a: Tenshi|Supercell Slam|p2a: Try Harder.
|-supereffective|p2a: Try Harder.
|-damage|p2a: Try Harder.|36/100
|move|p2a: Try Harder.|Wish|p2a: Try Harder.
|
|-damage|p1a: Tenshi|14/100 brn|[from] brn
|upkeep
|turn|11
|inactive|ohlookarock3 has 120 seconds left.
|
|t:|1781325813
|move|p2a: Try Harder.|Protect|p2a: Try Harder.
|-singleturn|p2a: Try Harder.|Protect
|move|p1a: Tenshi|Knock Off|p2a: Try Harder.
|-activate|p2a: Try Harder.|move: Protect
|
|-heal|p2a: Try Harder.|86/100|[from] move: Wish|[wisher] Try Harder.
|-damage|p1a: Tenshi|8/100 brn|[from] brn
|upkeep
|turn|12
|
|t:|1781325830
|move|p1a: Tenshi|Supercell Slam|p2a: Try Harder.
|-supereffective|p2a: Try Harder.
|-damage|p2a: Try Harder.|57/100
|move|p2a: Try Harder.|Wish|p2a: Try Harder.
|
|-damage|p1a: Tenshi|1/100 brn|[from] brn
|upkeep
|turn|13
|inactive|ohlookarock3 has 120 seconds left.
|
|t:|1781325841
|move|p1a: Tenshi|Supercell Slam|p2a: Try Harder.
|-supereffective|p2a: Try Harder.
|-damage|p2a: Try Harder.|30/100
|move|p2a: Try Harder.|Scald|p1a: Tenshi
|-supereffective|p1a: Tenshi
|-damage|p1a: Tenshi|0 fnt
|faint|p1a: Tenshi
|-end|p1a: Tenshi|Quark Drive|[silent]
|
|-heal|p2a: Try Harder.|80/100|[from] move: Wish|[wisher] Try Harder.
|upkeep
|
|t:|1781325852
|switch|p1a: Sumireko|Iron Moth|100/100
|-enditem|p1a: Sumireko|Booster Energy
|-activate|p1a: Sumireko|ability: Quark Drive|[fromitem]
|-start|p1a: Sumireko|quarkdrivespa
|turn|14
|
|t:|1781325857
|switch|p2a: Worth Trying.|Clodsire, F, shiny|100/100
|move|p1a: Sumireko|Energy Ball|p2a: Worth Trying.
|-damage|p2a: Worth Trying.|75/100
|
|upkeep
|turn|15
|inactive|ohlookarock3 has 120 seconds left.
|
|t:|1781325869
|-terastallize|p1a: Sumireko|Grass
|move|p1a: Sumireko|Substitute|p1a: Sumireko
|-start|p1a: Sumireko|Substitute
|-damage|p1a: Sumireko|76/100
|move|p2a: Worth Trying.|Bulldoze|p1a: Sumireko
|-resisted|p1a: Sumireko
|-activate|p1a: Sumireko|move: Substitute|[damage]
|
|upkeep
|turn|16
|
|t:|1781325876
|move|p1a: Sumireko|Fiery Dance|p2a: Worth Trying.
|-damage|p2a: Worth Trying.|43/100
|move|p2a: Worth Trying.|Gunk Shot|p1a: Sumireko
|-supereffective|p1a: Sumireko
|-end|p1a: Sumireko|Substitute
|
|upkeep
|turn|17
|
|t:|1781325884
|move|p1a: Sumireko|Energy Ball|p2a: Worth Trying.
|-damage|p2a: Worth Trying.|12/100
|move|p2a: Worth Trying.|Gunk Shot|p1a: Sumireko|[miss]
|-miss|p2a: Worth Trying.|p1a: Sumireko
|
|upkeep
|turn|18
|
|t:|1781325888
|switch|p2a: Still Trying?|Blissey, F, shiny|100/100
|move|p1a: Sumireko|Fiery Dance|p2a: Still Trying?
|-damage|p2a: Still Trying?|83/100
|
|upkeep
|turn|19
|
|t:|1781325894
|move|p1a: Sumireko|Substitute|p1a: Sumireko
|-start|p1a: Sumireko|Substitute
|-damage|p1a: Sumireko|51/100
|move|p2a: Still Trying?|Calm Mind|p2a: Still Trying?
|-boost|p2a: Still Trying?|spa|1
|-boost|p2a: Still Trying?|spd|1
|
|upkeep
|turn|20
|
|t:|1781325901
|move|p1a: Sumireko|Fiery Dance|p2a: Still Trying?
|-damage|p2a: Still Trying?|70/100
|move|p2a: Still Trying?|Calm Mind|p2a: Still Trying?
|-boost|p2a: Still Trying?|spa|1
|-boost|p2a: Still Trying?|spd|1
|
|upkeep
|turn|21
|
|t:|1781325907
|move|p1a: Sumireko|Fiery Dance|p2a: Still Trying?
|-damage|p2a: Still Trying?|61/100
|move|p2a: Still Trying?|Calm Mind|p2a: Still Trying?
|-boost|p2a: Still Trying?|spa|1
|-boost|p2a: Still Trying?|spd|1
|
|upkeep
|turn|22
|
|t:|1781325913
|move|p1a: Sumireko|Sludge Wave|p2a: Still Trying?
|-damage|p2a: Still Trying?|53/100
|move|p2a: Still Trying?|Seismic Toss|p1a: Sumireko
|-end|p1a: Sumireko|Substitute
|
|upkeep
|turn|23
|
|t:|1781325917
|move|p1a: Sumireko|Fiery Dance|p2a: Still Trying?
|-damage|p2a: Still Trying?|46/100
|move|p2a: Still Trying?|Shadow Ball|p1a: Sumireko
|-damage|p1a: Sumireko|13/100
|-unboost|p1a: Sumireko|spd|1
|
|upkeep
|turn|24
|
|t:|1781325922
|move|p1a: Sumireko|Sludge Wave|p2a: Still Trying?
|-damage|p2a: Still Trying?|38/100
|move|p2a: Still Trying?|Soft-Boiled|p2a: Still Trying?
|-heal|p2a: Still Trying?|88/100
|
|upkeep
|turn|25
|
|t:|1781325927
|move|p1a: Sumireko|Sludge Wave|p2a: Still Trying?
|-damage|p2a: Still Trying?|79/100
|move|p2a: Still Trying?|Shadow Ball|p1a: Sumireko
|-damage|p1a: Sumireko|0 fnt
|faint|p1a: Sumireko
|-end|p1a: Sumireko|Quark Drive|[silent]
|
|upkeep
|
|t:|1781325932
|switch|p1a: Yumame|Araquanid, F, shiny|100/100
|turn|26
|l|☆ohlookarock3
|inactive|ohlookarock3 disconnected and has a minute to reconnect!
|player|p1|
|j|☆ohlookarock3
|inactive|ohlookarock3 reconnected and has 115 seconds left.
|player|p1|ohlookarock3|geeta|
|
|t:|1781325971
|switch|p2a: Keep Trying.|Toxapex, F|100/100
|move|p1a: Yumame|Liquidation|p2a: Keep Trying.
|-resisted|p2a: Keep Trying.
|-damage|p2a: Keep Trying.|88/100
|-unboost|p2a: Keep Trying.|def|1
|
|upkeep
|turn|27
|inactive|ohlookarock3 has 120 seconds left.
|inactive|ohlookarock3 has 90 seconds left.
|
|t:|1781326028
|switch|p1a: Chimata|Gholdengo|100/100
|-item|p1a: Chimata|Air Balloon
|move|p2a: Keep Trying.|Toxic|p1a: Chimata
|-immune|p1a: Chimata|[from] ability: Good as Gold
|
|upkeep
|turn|28
|inactive|ohlookarock3 has 90 seconds left.
|inactive|sorry4usingstall has 120 seconds left.
|
|t:|1781326056
|switch|p2a: Still Trying?|Blissey, F, shiny|79/100
|move|p1a: Chimata|Nasty Plot|p1a: Chimata
|-boost|p1a: Chimata|spa|2
|
|upkeep
|turn|29
|inactive|ohlookarock3 has 90 seconds left.
|
|t:|1781326074
|move|p1a: Chimata|Psyshock|p2a: Still Trying?
|-damage|p2a: Still Trying?|16/100
|move|p2a: Still Trying?|Calm Mind|p2a: Still Trying?
|-boost|p2a: Still Trying?|spa|1
|-boost|p2a: Still Trying?|spd|1
|
|upkeep
|turn|30
|inactive|ohlookarock3 has 90 seconds left.
|
|t:|1781326080
|-terastallize|p2a: Still Trying?|Dark
|move|p1a: Chimata|Psyshock|p2a: Still Trying?
|-immune|p2a: Still Trying?
|move|p2a: Still Trying?|Soft-Boiled|p2a: Still Trying?
|-heal|p2a: Still Trying?|66/100
|
|upkeep
|turn|31
|
|t:|1781326088
|move|p1a: Chimata|Nasty Plot|p1a: Chimata
|-boost|p1a: Chimata|spa|2
|move|p2a: Still Trying?|Calm Mind|p2a: Still Trying?
|-boost|p2a: Still Trying?|spa|1
|-boost|p2a: Still Trying?|spd|1
|
|upkeep
|turn|32
|
|t:|1781326097
|move|p1a: Chimata|Nasty Plot|p1a: Chimata
|-boost|p1a: Chimata|spa|2
|move|p2a: Still Trying?|Soft-Boiled|p2a: Still Trying?
|-heal|p2a: Still Trying?|100/100
|
|upkeep
|turn|33
|
|t:|1781326103
|move|p1a: Chimata|Dazzling Gleam|p2a: Still Trying?
|-supereffective|p2a: Still Trying?
|-damage|p2a: Still Trying?|61/100
|move|p2a: Still Trying?|Soft-Boiled|p2a: Still Trying?
|-heal|p2a: Still Trying?|100/100
|
|upkeep
|turn|34
|
|t:|1781326107
|move|p1a: Chimata|Dazzling Gleam|p2a: Still Trying?
|-supereffective|p2a: Still Trying?
|-damage|p2a: Still Trying?|62/100
|move|p2a: Still Trying?|Calm Mind|p2a: Still Trying?
|-boost|p2a: Still Trying?|spa|1
|-boost|p2a: Still Trying?|spd|1
|
|upkeep
|turn|35
|
|t:|1781326110
|move|p1a: Chimata|Dazzling Gleam|p2a: Still Trying?
|-supereffective|p2a: Still Trying?
|-damage|p2a: Still Trying?|34/100
|move|p2a: Still Trying?|Shadow Ball|p1a: Chimata
|-supereffective|p1a: Chimata
|-damage|p1a: Chimata|17/100
|-enditem|p1a: Chimata|Air Balloon
|
|upkeep
|turn|36
|
|t:|1781326125
|move|p1a: Chimata|Dazzling Gleam|p2a: Still Trying?
|-supereffective|p2a: Still Trying?
|-damage|p2a: Still Trying?|1/100
|move|p2a: Still Trying?|Shadow Ball|p1a: Chimata
|-supereffective|p1a: Chimata
|-damage|p1a: Chimata|0 fnt
|faint|p1a: Chimata
|
|upkeep
|
|t:|1781326132
|switch|p1a: Patchouli|Iron Valiant|100/100
|-enditem|p1a: Patchouli|Booster Energy
|-activate|p1a: Patchouli|ability: Quark Drive|[fromitem]
|-start|p1a: Patchouli|quarkdrivespa
|turn|37
|
|t:|1781326146
|move|p1a: Patchouli|Shadow Ball|p2a: Still Trying?
|-resisted|p2a: Still Trying?
|-damage|p2a: Still Trying?|0 fnt
|faint|p2a: Still Trying?
|
|upkeep
|
|t:|1781326152
|switch|p2a: Keep Trying.|Toxapex, F|100/100
|turn|38
|
|t:|1781326166
|move|p1a: Patchouli|Calm Mind|p1a: Patchouli
|-boost|p1a: Patchouli|spa|1
|-boost|p1a: Patchouli|spd|1
|move|p2a: Keep Trying.|Toxic|p1a: Patchouli
|-status|p1a: Patchouli|tox
|
|-damage|p1a: Patchouli|94/100 tox|[from] psn
|upkeep
|turn|39
|
|t:|1781326173
|move|p1a: Patchouli|Shadow Ball|p2a: Keep Trying.
|-damage|p2a: Keep Trying.|56/100
|move|p2a: Keep Trying.|Infestation|p1a: Patchouli
|-resisted|p1a: Patchouli
|-damage|p1a: Patchouli|94/100 tox
|-activate|p1a: Patchouli|move: Infestation|[of] p2a: Keep Trying.
|
|-damage|p1a: Patchouli|81/100 tox|[from] psn
|-damage|p1a: Patchouli|69/100 tox|[from] move: Infestation|[partiallytrapped]
|upkeep
|turn|40
|
|t:|1781326179
|move|p2a: Keep Trying.|Baneful Bunker|p2a: Keep Trying.
|-singleturn|p2a: Keep Trying.|move: Protect
|move|p1a: Patchouli|Shadow Ball|p2a: Keep Trying.
|-activate|p2a: Keep Trying.|move: Protect
|
|-damage|p1a: Patchouli|50/100 tox|[from] psn
|-damage|p1a: Patchouli|38/100 tox|[from] move: Infestation|[partiallytrapped]
|upkeep
|turn|41
|
|t:|1781326184
|move|p1a: Patchouli|Shadow Ball|p2a: Keep Trying.
|-damage|p2a: Keep Trying.|8/100
|move|p2a: Keep Trying.|Recover|p2a: Keep Trying.
|-heal|p2a: Keep Trying.|58/100
|
|-damage|p1a: Patchouli|13/100 tox|[from] psn
|-damage|p1a: Patchouli|0 fnt|[from] move: Infestation|[partiallytrapped]
|faint|p1a: Patchouli
|-end|p1a: Patchouli|Quark Drive|[silent]
|upkeep
|
|t:|1781326197
|switch|p1a: Byakuren|Dragonite, F|100/100
|turn|42
|
|t:|1781326202
|switch|p2a: Nice Try.|Talonflame, F, shiny|79/100
|move|p1a: Byakuren|Earthquake|p2a: Nice Try.
|-immune|p2a: Nice Try.
|
|upkeep
|turn|43
|
|t:|1781326208
|switch|p1a: Yumame|Araquanid, F, shiny|100/100
|move|p2a: Nice Try.|Will-O-Wisp|p1a: Yumame
|-immune|p1a: Yumame|[from] ability: Water Bubble
|
|upkeep
|turn|44
|
|t:|1781326215
|switch|p2a: Keep Trying.|Toxapex, F|91/100
|move|p1a: Yumame|Liquidation|p2a: Keep Trying.
|-resisted|p2a: Keep Trying.
|-damage|p2a: Keep Trying.|77/100
|-unboost|p2a: Keep Trying.|def|1
|
|upkeep
|turn|45
|
|t:|1781326223
|move|p1a: Yumame|Liquidation|p2a: Keep Trying.
|-resisted|p2a: Keep Trying.
|-damage|p2a: Keep Trying.|56/100
|move|p2a: Keep Trying.|Toxic|p1a: Yumame
|-status|p1a: Yumame|tox
|
|-damage|p1a: Yumame|94/100 tox|[from] psn
|upkeep
|turn|46
|inactive|sorry4usingstall has 120 seconds left.
|
|t:|1781326263
|switch|p1a: Byakuren|Dragonite, F|100/100
|switch|p2a: Try Harder.|Alomomola, F, shiny|100/100
|
|upkeep
|turn|47
|inactive|sorry4usingstall has 120 seconds left.
|inactive|ohlookarock3 has 120 seconds left.
|inactive|ohlookarock3 has 90 seconds left.
|
|t:|1781326327
|switch|p1a: Yumame|Araquanid, F, shiny|94/100 tox
|move|p2a: Try Harder.|Wish|p2a: Try Harder.
|
|-damage|p1a: Yumame|88/100 tox|[from] psn
|upkeep
|turn|48
|inactive|ohlookarock3 has 90 seconds left.
|inactive|sorry4usingstall has 120 seconds left.
|
|t:|1781326363
|move|p2a: Try Harder.|Wish||[still]
|-fail|p2a: Try Harder.
|move|p1a: Yumame|Liquidation|p2a: Try Harder.
|-resisted|p2a: Try Harder.
|-damage|p2a: Try Harder.|88/100
|
|-heal|p2a: Try Harder.|100/100|[from] move: Wish|[wisher] Try Harder.
|-damage|p1a: Yumame|76/100 tox|[from] psn
|upkeep
|turn|49
|
|t:|1781326382
|move|p2a: Try Harder.|Wish|p2a: Try Harder.
|move|p1a: Yumame|Liquidation|p2a: Try Harder.
|-resisted|p2a: Try Harder.
|-damage|p2a: Try Harder.|87/100
|-unboost|p2a: Try Harder.|def|1
|
|-damage|p1a: Yumame|57/100 tox|[from] psn
|upkeep
|turn|50
|
|t:|1781326389
|move|p2a: Try Harder.|Flip Turn|p1a: Yumame
|-resisted|p1a: Yumame
|-damage|p1a: Yumame|50/100 tox
|
|t:|1781326392
|switch|p2a: Keep Trying.|Toxapex, F|89/100|[from] Flip Turn
|move|p1a: Yumame|Liquidation|p2a: Keep Trying.
|-resisted|p2a: Keep Trying.
|-crit|p2a: Keep Trying.
|-damage|p2a: Keep Trying.|68/100
|
|-heal|p2a: Keep Trying.|100/100|[from] move: Wish|[wisher] Try Harder.
|-damage|p1a: Yumame|25/100 tox|[from] psn
|upkeep
|turn|51
|inactive|sorry4usingstall has 120 seconds left.
|
|t:|1781326401
|move|p2a: Keep Trying.|Baneful Bunker|p2a: Keep Trying.
|-singleturn|p2a: Keep Trying.|move: Protect
|move|p1a: Yumame|Endeavor|p2a: Keep Trying.
|-activate|p2a: Keep Trying.|move: Protect
|
|-damage|p1a: Yumame|0 fnt|[from] psn
|faint|p1a: Yumame
|upkeep
|inactive|ohlookarock3 has 90 seconds left.
|
|t:|1781326415
|switch|p1a: Byakuren|Dragonite, F|100/100
|turn|52
|-message|ohlookarock3 forfeited.
|
|win|sorry4usingstall
|raw|ohlookarock3's rating: 1560 &rarr; <strong>1540</strong><br />(-20 for losing)
|raw|sorry4usingstall's rating: 1553 &rarr; <strong>1573</strong><br />(+20 for winning)
|l|☆ohlookarock3
|player|p1|
|l|☆sorry4usingstall
|player|p2|
