|j|☆thodoras edition
|j|☆Rj yoip
|t:|1781328534
|gametype|singles
|player|p1|thodoras edition|169|1529
|player|p2|Rj yoip|caitlin-masters|1574
|gen|9
|tier|[Gen 9] OU
|rated|
|rule|HP Percentage Mod: HP is shown in percentages
|rule|Endless Battle Clause: Forcing endless battles is banned
|rule|Species Clause: Limit one of each Pokémon
|rule|OHKO Clause: OHKO moves are banned
|rule|Evasion Items Clause: Evasion items are banned
|rule|Evasion Moves Clause: Evasion moves are banned
|rule|Evasion Abilities Clause: Evasion abilities are banned
|rule|Sleep Moves Clause: Sleep-inducing moves are banned
|clearpoke
|poke|p1|Alomomola, M|
|poke|p1|Moltres|
|poke|p1|Lokix, M|
|poke|p1|Great Tusk|
|poke|p1|Dragalge, F|
|poke|p1|Gholdengo|
|poke|p2|Tyranitar, M|
|poke|p2|Hydrapple, F|
|poke|p2|Enamorus, F|
|poke|p2|Garganacl, F|
|poke|p2|Excadrill, M|
|poke|p2|Alomomola, M|
|teampreview
|inactive|Battle timer is ON: inactive players will automatically lose when time's up. (requested by thodoras edition)
|inactive|Rj yoip has 120 seconds left.
|
|t:|1781328584
|teamsize|p1|6
|teamsize|p2|6
|start
|switch|p1a: Lokix|Lokix, M|100/100
|switch|p2a: Garganacl|Garganacl, F|100/100
|turn|1
|
|t:|1781328588
|move|p2a: Garganacl|Protect|p2a: Garganacl
|-singleturn|p2a: Garganacl|Protect
|move|p1a: Lokix|U-turn|p2a: Garganacl
|-activate|p2a: Garganacl|move: Protect
|
|upkeep
|turn|2
|
|t:|1781328610
|move|p1a: Lokix|U-turn|p2a: Garganacl
|-damage|p2a: Garganacl|67/100
|
|t:|1781328613
|switch|p1a: Great Tusk|Great Tusk|100/100|[from] U-turn
|move|p2a: Garganacl|Salt Cure|p1a: Great Tusk
|-resisted|p1a: Great Tusk
|-damage|p1a: Great Tusk|98/100
|-start|p1a: Great Tusk|Salt Cure
|
|-heal|p2a: Garganacl|74/100|[from] item: Leftovers
|-damage|p1a: Great Tusk|86/100|[from] Salt Cure
|upkeep
|turn|3
|
|t:|1781328632
|move|p1a: Great Tusk|Stealth Rock|p2a: Garganacl
|-sidestart|p2: Rj yoip|move: Stealth Rock
|move|p2a: Garganacl|Stealth Rock|p1a: Great Tusk
|-sidestart|p1: thodoras edition|move: Stealth Rock
|
|-heal|p2a: Garganacl|80/100|[from] item: Leftovers
|-damage|p1a: Great Tusk|73/100|[from] Salt Cure
|upkeep
|turn|4
|
|t:|1781328643
|move|p2a: Garganacl|Protect|p2a: Garganacl
|-singleturn|p2a: Garganacl|Protect
|move|p1a: Great Tusk|Headlong Rush|p2a: Garganacl
|-activate|p2a: Garganacl|move: Protect
|
|-heal|p2a: Garganacl|86/100|[from] item: Leftovers
|-damage|p1a: Great Tusk|61/100|[from] Salt Cure
|upkeep
|turn|5
|
|t:|1781328667
|move|p1a: Great Tusk|Rapid Spin|p2a: Garganacl
|-resisted|p2a: Garganacl
|-damage|p2a: Garganacl|81/100
|-boost|p1a: Great Tusk|spe|1
|-sideend|p1: thodoras edition|Stealth Rock|[from] move: Rapid Spin|[of] p1a: Great Tusk
|move|p2a: Garganacl|Recover|p2a: Garganacl
|-heal|p2a: Garganacl|100/100
|
|-damage|p1a: Great Tusk|48/100|[from] Salt Cure
|upkeep
|turn|6
|
|t:|1781328677
|-end|p1a: Great Tusk|Protosynthesis|[silent]
|switch|p1a: Gholdengo|Gholdengo|100/100
|move|p2a: Garganacl|Protect||[still]
|-fail|p2a: Garganacl
|
|upkeep
|turn|7
|
|t:|1781328686
|switch|p1a: Great Tusk|Great Tusk|48/100
|move|p2a: Garganacl|Protect||[still]
|-fail|p2a: Garganacl
|
|upkeep
|turn|8
|
|t:|1781328689
|switch|p2a: Hydrapple|Hydrapple, F|100/100
|-damage|p2a: Hydrapple|88/100|[from] Stealth Rock
|move|p1a: Great Tusk|Headlong Rush|p2a: Hydrapple
|-resisted|p2a: Hydrapple
|-damage|p2a: Hydrapple|72/100
|-unboost|p1a: Great Tusk|def|1
|-unboost|p1a: Great Tusk|spd|1
|-damage|p1a: Great Tusk|32/100|[from] item: Rocky Helmet|[of] p2a: Hydrapple
|
|upkeep
|turn|9
|
|t:|1781328695
|move|p1a: Great Tusk|Ice Spinner|p2a: Hydrapple
|-supereffective|p2a: Hydrapple
|-damage|p2a: Hydrapple|13/100
|-damage|p1a: Great Tusk|16/100|[from] item: Rocky Helmet|[of] p2a: Hydrapple
|move|p2a: Hydrapple|Giga Drain|p1a: Great Tusk
|-supereffective|p1a: Great Tusk
|-damage|p1a: Great Tusk|0 fnt
|-heal|p2a: Hydrapple|20/100|[from] drain|[of] p1a: Great Tusk
|faint|p1a: Great Tusk
|-end|p1a: Great Tusk|Protosynthesis|[silent]
|
|upkeep
|
|t:|1781328699
|switch|p1a: Lokix|Lokix, M|100/100
|turn|10
|
|t:|1781328722
|switch|p2a: Alomomola|Alomomola, M|100/100
|-damage|p2a: Alomomola|88/100|[from] Stealth Rock
|move|p1a: Lokix|U-turn|p2a: Alomomola
|-damage|p2a: Alomomola|51/100
|
|t:|1781328726
|switch|p1a: Dragalge|Dragalge, F|100/100|[from] U-turn
|
|upkeep
|turn|11
|
|t:|1781328736
|move|p1a: Dragalge|Draco Meteor|p2a: Alomomola
|-damage|p2a: Alomomola|0 fnt
|-unboost|p1a: Dragalge|spa|2
|faint|p2a: Alomomola
|
|upkeep
|
|t:|1781328761
|switch|p2a: Tyranitar|Tyranitar, M|100/100
|-damage|p2a: Tyranitar|88/100|[from] Stealth Rock
|-weather|Sandstorm|[from] ability: Sand Stream|[of] p2a: Tyranitar
|turn|12
|
|t:|1781328767
|switch|p1a: Alomomola|Alomomola, M|100/100
|move|p2a: Tyranitar|Knock Off|p1a: Alomomola
|-damage|p1a: Alomomola|44/100
|-enditem|p1a: Alomomola|Assault Vest|[from] move: Knock Off|[of] p2a: Tyranitar
|
|-weather|Sandstorm|[upkeep]
|-damage|p1a: Alomomola|38/100|[from] Sandstorm
|upkeep
|turn|13
|
|t:|1781328791
|switch|p2a: Hydrapple|Hydrapple, F|53/100
|-damage|p2a: Hydrapple|41/100|[from] Stealth Rock
|move|p1a: Alomomola|Flip Turn|p2a: Hydrapple
|-resisted|p2a: Hydrapple
|-damage|p2a: Hydrapple|39/100
|-damage|p1a: Alomomola|21/100|[from] item: Rocky Helmet|[of] p2a: Hydrapple
|
|t:|1781328795
|switch|p1a: Lokix|Lokix, M|100/100|[from] Flip Turn
|
|-weather|Sandstorm|[upkeep]
|-damage|p1a: Lokix|94/100|[from] Sandstorm
|-damage|p2a: Hydrapple|33/100|[from] Sandstorm
|upkeep
|turn|14
|
|t:|1781328806
|switch|p2a: Garganacl|Garganacl, F|100/100
|-damage|p2a: Garganacl|88/100|[from] Stealth Rock
|move|p1a: Lokix|U-turn|p2a: Garganacl
|-damage|p2a: Garganacl|53/100
|
|t:|1781328813
|switch|p1a: Gholdengo|Gholdengo|100/100|[from] U-turn
|
|-weather|Sandstorm|[upkeep]
|-heal|p2a: Garganacl|59/100|[from] item: Leftovers
|upkeep
|turn|15
|
|t:|1781328816
|switch|p1a: Alomomola|Alomomola, M|54/100
|move|p2a: Garganacl|Protect||[still]
|-fail|p2a: Garganacl
|
|-weather|Sandstorm|[upkeep]
|-damage|p1a: Alomomola|48/100|[from] Sandstorm
|-heal|p2a: Garganacl|66/100|[from] item: Leftovers
|upkeep
|turn|16
|
|t:|1781328822
|move|p1a: Alomomola|Flip Turn|p2a: Garganacl
|-supereffective|p2a: Garganacl
|-damage|p2a: Garganacl|44/100
|
|t:|1781328826
|switch|p1a: Dragalge|Dragalge, F|100/100|[from] Flip Turn
|move|p2a: Garganacl|Salt Cure|p1a: Dragalge
|-crit|p1a: Dragalge
|-damage|p1a: Dragalge|75/100
|-start|p1a: Dragalge|Salt Cure
|
|-weather|none
|-heal|p2a: Garganacl|50/100|[from] item: Leftovers
|-damage|p1a: Dragalge|62/100|[from] Salt Cure
|upkeep
|turn|17
|
|t:|1781328836
|switch|p1a: Gholdengo|Gholdengo|100/100
|move|p2a: Garganacl|Protect||[still]
|-fail|p2a: Garganacl
|
|-heal|p2a: Garganacl|57/100|[from] item: Leftovers
|upkeep
|turn|18
|
|t:|1781328841
|move|p2a: Garganacl|Protect|p2a: Garganacl
|-singleturn|p2a: Garganacl|Protect
|move|p1a: Gholdengo|Make It Rain|p2a: Garganacl
|-activate|p2a: Garganacl|move: Protect
|
|-heal|p2a: Garganacl|63/100|[from] item: Leftovers
|upkeep
|turn|19
|
|t:|1781328852
|move|p2a: Garganacl|Protect|p2a: Garganacl
|-singleturn|p2a: Garganacl|Protect
|move|p1a: Gholdengo|Make It Rain|p2a: Garganacl
|-activate|p2a: Garganacl|move: Protect
|
|-heal|p2a: Garganacl|69/100|[from] item: Leftovers
|upkeep
|turn|20
|
|t:|1781328854
|-terastallize|p2a: Garganacl|Electric
|move|p1a: Gholdengo|Make It Rain|p2a: Garganacl
|-resisted|p2a: Garganacl
|-damage|p2a: Garganacl|45/100
|-unboost|p1a: Gholdengo|spa|1
|move|p2a: Garganacl|Salt Cure|p1a: Gholdengo
|-resisted|p1a: Gholdengo
|-damage|p1a: Gholdengo|92/100
|-start|p1a: Gholdengo|Salt Cure
|
|-heal|p2a: Garganacl|52/100|[from] item: Leftovers
|-damage|p1a: Gholdengo|67/100|[from] Salt Cure
|upkeep
|turn|21
|
|t:|1781328861
|switch|p1a: Dragalge|Dragalge, F|62/100
|move|p2a: Garganacl|Recover|p2a: Garganacl
|-heal|p2a: Garganacl|100/100
|
|upkeep
|turn|22
|
|t:|1781328871
|move|p2a: Garganacl|Protect|p2a: Garganacl
|-singleturn|p2a: Garganacl|Protect
|move|p1a: Dragalge|Draco Meteor|p2a: Garganacl
|-activate|p2a: Garganacl|move: Protect
|
|upkeep
|turn|23
|
|t:|1781328877
|move|p1a: Dragalge|Draco Meteor|p2a: Garganacl
|-crit|p2a: Garganacl
|-damage|p2a: Garganacl|0 fnt
|-unboost|p1a: Dragalge|spa|2
|faint|p2a: Garganacl
|
|upkeep
|
|t:|1781328880
|switch|p2a: Excadrill|Excadrill, M|100/100
|-damage|p2a: Excadrill|97/100|[from] Stealth Rock
|turn|24
|
|t:|1781328884
|switch|p1a: Moltres|Moltres|100/100
|move|p2a: Excadrill|Substitute|p2a: Excadrill
|-start|p2a: Excadrill|Substitute
|-damage|p2a: Excadrill|73/100
|
|-heal|p2a: Excadrill|79/100|[from] item: Leftovers
|upkeep
|turn|25
|c|☆Rj yoip|Hmm
|
|t:|1781328892
|move|p2a: Excadrill|Rock Slide|p1a: Moltres
|-supereffective|p1a: Moltres
|-damage|p1a: Moltres|0 fnt
|faint|p1a: Moltres
|
|-heal|p2a: Excadrill|85/100|[from] item: Leftovers
|upkeep
|
|t:|1781328897
|switch|p1a: Alomomola|Alomomola, M|81/100
|turn|26
|
|t:|1781328902
|move|p2a: Excadrill|Rapid Spin|p1a: Alomomola
|-damage|p1a: Alomomola|69/100
|-boost|p2a: Excadrill|spe|1
|-sideend|p2: Rj yoip|Stealth Rock|[from] move: Rapid Spin|[of] p2a: Excadrill
|move|p1a: Alomomola|Scald|p2a: Excadrill
|-supereffective|p2a: Excadrill
|-end|p2a: Excadrill|Substitute
|
|-heal|p2a: Excadrill|91/100|[from] item: Leftovers
|upkeep
|turn|27
|
|t:|1781328908
|switch|p2a: Hydrapple|Hydrapple, F|66/100
|move|p1a: Alomomola|Flip Turn|p2a: Hydrapple
|-resisted|p2a: Hydrapple
|-damage|p2a: Hydrapple|64/100
|-damage|p1a: Alomomola|52/100|[from] item: Rocky Helmet|[of] p2a: Hydrapple
|
|t:|1781328910
|switch|p1a: Lokix|Lokix, M|94/100|[from] Flip Turn
|
|upkeep
|turn|28
|inactive|Rj yoip has 120 seconds left.
|
|t:|1781328949
|switch|p2a: Tyranitar|Tyranitar, M|88/100
|-weather|Sandstorm|[from] ability: Sand Stream|[of] p2a: Tyranitar
|move|p1a: Lokix|U-turn|p2a: Tyranitar
|-supereffective|p2a: Tyranitar
|-damage|p2a: Tyranitar|0 fnt
|faint|p2a: Tyranitar
|
|t:|1781328952
|switch|p1a: Alomomola|Alomomola, M|85/100|[from] U-turn
|
|-weather|Sandstorm|[upkeep]
|-damage|p1a: Alomomola|79/100|[from] Sandstorm
|upkeep
|inactive|Rj yoip has 120 seconds left.
|
|t:|1781328969
|switch|p2a: Hydrapple|Hydrapple, F|97/100
|turn|29
|
|t:|1781328973
|move|p2a: Hydrapple|Fickle Beam|p1a: Alomomola
|-damage|p1a: Alomomola|52/100
|move|p1a: Alomomola|Mirror Coat|p2a: Hydrapple
|-damage|p2a: Hydrapple|36/100
|
|-weather|Sandstorm|[upkeep]
|-damage|p1a: Alomomola|46/100|[from] Sandstorm
|-damage|p2a: Hydrapple|30/100|[from] Sandstorm
|upkeep
|turn|30
|
|t:|1781328978
|move|p1a: Alomomola|Flip Turn|p2a: Hydrapple
|-resisted|p2a: Hydrapple
|-damage|p2a: Hydrapple|28/100
|-damage|p1a: Alomomola|30/100|[from] item: Rocky Helmet|[of] p2a: Hydrapple
|
|t:|1781328980
|switch|p1a: Dragalge|Dragalge, F|62/100|[from] Flip Turn
|move|p2a: Hydrapple|Giga Drain|p1a: Dragalge
|-resisted|p1a: Dragalge
|-damage|p1a: Dragalge|56/100
|-heal|p2a: Hydrapple|31/100|[from] drain|[of] p1a: Dragalge
|
|-weather|Sandstorm|[upkeep]
|-damage|p1a: Dragalge|49/100|[from] Sandstorm
|-damage|p2a: Hydrapple|25/100|[from] Sandstorm
|upkeep
|turn|31
|
|t:|1781328986
|switch|p2a: Excadrill|Excadrill, M|91/100
|move|p1a: Dragalge|Flip Turn|p2a: Excadrill
|-supereffective|p2a: Excadrill
|-damage|p2a: Excadrill|62/100
|
|t:|1781328994
|switch|p1a: Lokix|Lokix, M|94/100|[from] Flip Turn
|
|-weather|Sandstorm|[upkeep]
|-damage|p1a: Lokix|88/100|[from] Sandstorm
|-heal|p2a: Excadrill|68/100|[from] item: Leftovers
|upkeep
|turn|32
|
|t:|1781328997
|-terastallize|p1a: Lokix|Bug
|move|p1a: Lokix|First Impression|p2a: Excadrill
|-resisted|p2a: Excadrill
|-damage|p2a: Excadrill|0 fnt
|faint|p2a: Excadrill
|
|-weather|none
|upkeep
|
|t:|1781329000
|switch|p2a: Enamorus|Enamorus, F|100/100
|turn|33
|
|t:|1781329004
|switch|p1a: Alomomola|Alomomola, M|63/100
|move|p2a: Enamorus|Moonblast|p1a: Alomomola
|-damage|p1a: Alomomola|20/100
|
|upkeep
|turn|34
|
|t:|1781329007
|move|p2a: Enamorus|Moonblast|p1a: Alomomola
|-damage|p1a: Alomomola|0 fnt
|faint|p1a: Alomomola
|
|upkeep
|
|t:|1781329012
|switch|p1a: Gholdengo|Gholdengo|67/100
|turn|35
|
|t:|1781329016
|switch|p2a: Hydrapple|Hydrapple, F|58/100
|move|p1a: Gholdengo|Make It Rain|p2a: Hydrapple
|-damage|p2a: Hydrapple|1/100
|-unboost|p1a: Gholdengo|spa|1
|
|upkeep
|turn|36
|
|t:|1781329018
|move|p1a: Gholdengo|Make It Rain|p2a: Hydrapple
|-damage|p2a: Hydrapple|0 fnt
|-unboost|p1a: Gholdengo|spa|1
|faint|p2a: Hydrapple
|
|upkeep
|
|t:|1781329019
|switch|p2a: Enamorus|Enamorus, F|100/100
|turn|37
|
|t:|1781329023
|switch|p1a: Dragalge|Dragalge, F|49/100
|move|p2a: Enamorus|Moonblast|p1a: Dragalge
|-damage|p1a: Dragalge|0 fnt
|faint|p1a: Dragalge
|
|upkeep
|
|t:|1781329025
|switch|p1a: Lokix|Lokix, M, tera:Bug|88/100
|turn|38
|
|t:|1781329027
|move|p1a: Lokix|First Impression|p2a: Enamorus
|-resisted|p2a: Enamorus
|-damage|p2a: Enamorus|31/100
|move|p2a: Enamorus|Moonblast|p1a: Lokix
|-damage|p1a: Lokix|0 fnt
|faint|p1a: Lokix
|
|upkeep
|
|t:|1781329031
|switch|p1a: Gholdengo|Gholdengo|67/100
|turn|39
|
|t:|1781329033
|move|p2a: Enamorus|Moonblast|p1a: Gholdengo
|-resisted|p1a: Gholdengo
|-damage|p1a: Gholdengo|34/100
|move|p1a: Gholdengo|Make It Rain|p2a: Enamorus
|-supereffective|p2a: Enamorus
|-damage|p2a: Enamorus|0 fnt
|-unboost|p1a: Gholdengo|spa|1
|faint|p2a: Enamorus
|
|win|thodoras edition
|raw|thodoras edition's rating: 1529 &rarr; <strong>1552</strong><br />(+23 for winning)
|raw|Rj yoip's rating: 1574 &rarr; <strong>1551</strong><br />(-23 for losing)
|l|☆thodoras edition
|player|p1|
