|j|☆li dream
|j|☆IFreakingluvStall
|t:|1781516813
|gametype|singles
|player|p1|li dream|cynthia|1639
|player|p2|IFreakingluvStall|wattson|1675
|gen|9
|tier|[Gen 9] OU
|rated|
|rule|HP Percentage Mod: HP is shown in percentages
|rule|Endless Battle Clause: Forcing endless battles is banned
|rule|Species Clause: Limit one of each Pokémon
|rule|OHKO Clause: OHKO moves are banned
|rule|Evasion Items Clause: Evasion items are banned
|rule|Evasion Moves Clause: Evasion moves are banned
|rule|Evasion Abilities Clause: Evasion abilities are banned
|rule|Sleep Moves Clause: Sleep-inducing moves are banned
|clearpoke
|poke|p1|Weezing-Galar, M|
|poke|p1|Gliscor, M|
|poke|p1|Blissey, F|
|poke|p1|Corviknight, M|
|poke|p1|Dondozo, F|
|poke|p1|Toxapex, F|
|poke|p2|Dondozo, F|
|poke|p2|Blissey, F|
|poke|p2|Corviknight, M|
|poke|p2|Weezing-Galar, M|
|poke|p2|Gliscor, M|
|poke|p2|Alomomola, F|
|teampreview
|inactive|Battle timer is ON: inactive players will automatically lose when time's up. (requested by IFreakingluvStall)
|c|☆li dream|？
|
|t:|1781516835
|teamsize|p1|6
|teamsize|p2|6
|start
|switch|p1a: Weezing|Weezing-Galar, M, shiny|100/100
|switch|p2a: Weezing|Weezing-Galar, M|100/100
|-ability|p1a: Weezing|Neutralizing Gas
|-ability|p2a: Weezing|Neutralizing Gas
|turn|1
|c|☆IFreakingluvStall|wha
|
|t:|1781516846
|move|p1a: Weezing|Will-O-Wisp|p2a: Weezing|[miss]
|-miss|p1a: Weezing|p2a: Weezing
|move|p2a: Weezing|Will-O-Wisp|p1a: Weezing
|-status|p1a: Weezing|brn
|
|-damage|p1a: Weezing|95/100 brn|[from] brn
|upkeep
|turn|2
|
|t:|1781516851
|move|p1a: Weezing|Will-O-Wisp|p2a: Weezing
|-status|p2a: Weezing|brn
|move|p2a: Weezing|Sludge Bomb|p1a: Weezing
|-damage|p1a: Weezing|58/100 brn
|
|-damage|p1a: Weezing|52/100 brn|[from] brn
|-damage|p2a: Weezing|95/100 brn|[from] brn
|upkeep
|turn|3
|
|t:|1781516855
|move|p1a: Weezing|Pain Split|p2a: Weezing
|-sethp|p2a: Weezing|73/100 brn|[from] move: Pain Split|[silent]
|-sethp|p1a: Weezing|73/100 brn|[from] move: Pain Split
|move|p2a: Weezing|Sludge Bomb|p1a: Weezing
|-damage|p1a: Weezing|33/100 brn
|
|-damage|p1a: Weezing|27/100 brn|[from] brn
|-damage|p2a: Weezing|67/100 brn|[from] brn
|upkeep
|turn|4
|
|t:|1781516864
|move|p1a: Weezing|Toxic Spikes|p2a: Weezing
|-sidestart|p2: IFreakingluvStall|move: Toxic Spikes
|move|p2a: Weezing|Sludge Bomb|p1a: Weezing
|-damage|p1a: Weezing|0 fnt
|faint|p1a: Weezing
|
|-damage|p2a: Weezing|61/100 brn|[from] brn
|upkeep
|
|t:|1781516872
|switch|p1a: Blissey|Blissey, F, shiny|100/100
|turn|5
|
|t:|1781516879
|-end|p2a: Weezing|ability: Neutralizing Gas
|switch|p2a: Gliscor|Gliscor, M|100/100
|move|p1a: Blissey|Calm Mind|p1a: Blissey
|-boost|p1a: Blissey|spa|1
|-boost|p1a: Blissey|spd|1
|
|-status|p2a: Gliscor|tox|[from] item: Toxic Orb
|upkeep
|turn|6
|
|t:|1781516891
|switch|p2a: Corviknight|Corviknight, M|100/100
|-ability|p2a: Corviknight|Pressure
|switch|p1a: Corviknight|Corviknight, M, shiny|100/100
|-ability|p1a: Corviknight|Pressure
|
|upkeep
|turn|7
|
|t:|1781516900
|switch|p1a: Gliscor|Gliscor, M, shiny|100/100
|move|p2a: Corviknight|Defog|p1a: Gliscor
|-unboost|p1a: Gliscor|evasion|1
|-sideend|p2: IFreakingluvStall|Toxic Spikes|[from] move: Defog|[of] p2a: Corviknight
|
|-status|p1a: Gliscor|tox|[from] item: Toxic Orb
|upkeep
|turn|8
|
|t:|1781516906
|switch|p2a: Gliscor|Gliscor, M|100/100 tox
|move|p1a: Gliscor|Knock Off|p2a: Gliscor
|-damage|p2a: Gliscor|85/100 tox
|-enditem|p2a: Gliscor|Toxic Orb|[from] move: Knock Off|[of] p1a: Gliscor
|
|-heal|p2a: Gliscor|97/100 tox|[from] ability: Poison Heal
|upkeep
|turn|9
|
|t:|1781516910
|move|p1a: Gliscor|Swords Dance|p1a: Gliscor
|-boost|p1a: Gliscor|atk|2
|move|p2a: Gliscor|Stealth Rock|p1a: Gliscor
|-sidestart|p1: li dream|move: Stealth Rock
|
|-heal|p2a: Gliscor|100/100 tox|[from] ability: Poison Heal
|upkeep
|turn|10
|
|t:|1781516913
|move|p1a: Gliscor|Swords Dance|p1a: Gliscor
|-boost|p1a: Gliscor|atk|2
|move|p2a: Gliscor|Knock Off|p1a: Gliscor
|-damage|p1a: Gliscor|85/100 tox
|-enditem|p1a: Gliscor|Toxic Orb|[from] move: Knock Off|[of] p2a: Gliscor
|
|-heal|p1a: Gliscor|97/100 tox|[from] ability: Poison Heal
|upkeep
|turn|11
|
|t:|1781516925
|switch|p2a: Dondozo|Dondozo, F, shiny|100/100
|move|p1a: Gliscor|Knock Off|p2a: Dondozo
|-damage|p2a: Dondozo|90/100
|-enditem|p2a: Dondozo|Leftovers|[from] move: Knock Off|[of] p1a: Gliscor
|
|-heal|p1a: Gliscor|100/100 tox|[from] ability: Poison Heal
|upkeep
|turn|12
|
|t:|1781516931
|switch|p1a: Dondozo|Dondozo, F, shiny|100/100
|-damage|p1a: Dondozo|88/100|[from] Stealth Rock
|move|p2a: Dondozo|Body Press|p1a: Dondozo
|-damage|p1a: Dondozo|76/100
|
|-heal|p1a: Dondozo|82/100|[from] item: Leftovers
|upkeep
|turn|13
|
|t:|1781516939
|switch|p1a: Blissey|Blissey, F, shiny|100/100
|-damage|p1a: Blissey|88/100|[from] Stealth Rock
|switch|p2a: Alomomola|Alomomola, F|100/100
|
|-heal|p1a: Blissey|94/100|[from] item: Leftovers
|upkeep
|turn|14
|
|t:|1781516942
|move|p1a: Blissey|Stealth Rock|p2a: Alomomola
|-sidestart|p2: IFreakingluvStall|move: Stealth Rock
|move|p2a: Alomomola|Flip Turn|p1a: Blissey
|-damage|p1a: Blissey|78/100
|
|t:|1781516954
|switch|p2a: Weezing|Weezing-Galar, M|61/100 brn|[from] Flip Turn
|-ability|p2a: Weezing|Neutralizing Gas
|
|-heal|p1a: Blissey|84/100|[from] item: Leftovers
|-damage|p2a: Weezing|55/100 brn|[from] brn
|upkeep
|turn|15
|
|t:|1781516960
|move|p2a: Weezing|Pain Split|p1a: Blissey
|-sethp|p1a: Blissey|56/100|[from] move: Pain Split|[silent]
|-sethp|p2a: Weezing|100/100 brn|[from] move: Pain Split
|move|p1a: Blissey|Calm Mind|p1a: Blissey
|-boost|p1a: Blissey|spa|1
|-boost|p1a: Blissey|spd|1
|
|-heal|p1a: Blissey|62/100|[from] item: Leftovers
|-damage|p2a: Weezing|95/100 brn|[from] brn
|upkeep
|turn|16
|
|t:|1781516965
|move|p2a: Weezing|Will-O-Wisp|p1a: Blissey
|-status|p1a: Blissey|brn
|move|p1a: Blissey|Shadow Ball|p2a: Weezing
|-damage|p2a: Weezing|64/100 brn
|
|-heal|p1a: Blissey|69/100 brn|[from] item: Leftovers
|-damage|p2a: Weezing|58/100 brn|[from] brn
|-damage|p1a: Blissey|62/100 brn|[from] brn
|upkeep
|turn|17
|
|t:|1781516970
|move|p2a: Weezing|Pain Split|p1a: Blissey
|-sethp|p1a: Blissey|46/100 brn|[from] move: Pain Split|[silent]
|-sethp|p2a: Weezing|90/100 brn|[from] move: Pain Split
|move|p1a: Blissey|Shadow Ball|p2a: Weezing
|-damage|p2a: Weezing|62/100 brn
|
|-heal|p1a: Blissey|52/100 brn|[from] item: Leftovers
|-damage|p2a: Weezing|56/100 brn|[from] brn
|-damage|p1a: Blissey|46/100 brn|[from] brn
|upkeep
|turn|18
|
|t:|1781516979
|move|p2a: Weezing|Pain Split|p1a: Blissey
|-sethp|p1a: Blissey|38/100 brn|[from] move: Pain Split|[silent]
|-sethp|p2a: Weezing|73/100 brn|[from] move: Pain Split
|move|p1a: Blissey|Shadow Ball|p2a: Weezing
|-damage|p2a: Weezing|42/100 brn
|
|-heal|p1a: Blissey|44/100 brn|[from] item: Leftovers
|-damage|p2a: Weezing|36/100 brn|[from] brn
|-damage|p1a: Blissey|38/100 brn|[from] brn
|upkeep
|turn|19
|j| Ged_Muncher
|
|t:|1781516987
|move|p2a: Weezing|Pain Split|p1a: Blissey
|-sethp|p1a: Blissey|28/100 brn|[from] move: Pain Split|[silent]
|-sethp|p2a: Weezing|55/100 brn|[from] move: Pain Split
|move|p1a: Blissey|Shadow Ball|p2a: Weezing
|-damage|p2a: Weezing|24/100 brn
|
|-heal|p1a: Blissey|34/100 brn|[from] item: Leftovers
|-damage|p2a: Weezing|18/100 brn|[from] brn
|-damage|p1a: Blissey|28/100 brn|[from] brn
|upkeep
|turn|20
|
|t:|1781517001
|-end|p2a: Weezing|ability: Neutralizing Gas
|switch|p2a: Blissey|Blissey, F|100/100
|-damage|p2a: Blissey|88/100|[from] Stealth Rock
|move|p1a: Blissey|Shadow Ball|p2a: Blissey
|-immune|p2a: Blissey
|
|-heal|p1a: Blissey|34/100 brn|[from] item: Leftovers
|-damage|p1a: Blissey|28/100 brn|[from] brn
|upkeep
|turn|21
|
|t:|1781517009
|move|p2a: Blissey|Thunder Wave|p1a: Blissey|[miss]
|-miss|p2a: Blissey|p1a: Blissey
|move|p1a: Blissey|Soft-Boiled|p1a: Blissey
|-heal|p1a: Blissey|78/100 brn
|
|-heal|p1a: Blissey|84/100 brn|[from] item: Leftovers
|-damage|p1a: Blissey|78/100 brn|[from] brn
|upkeep
|turn|22
|
|t:|1781517015
|-curestatus|p1a: Blissey|brn|[from] ability: Natural Cure|[silent]
|switch|p1a: Gliscor|Gliscor, M, shiny|100/100 tox
|-damage|p1a: Gliscor|88/100 tox|[from] Stealth Rock
|move|p2a: Blissey|Thunder Wave|p1a: Gliscor
|-immune|p1a: Gliscor
|
|-heal|p1a: Gliscor|100/100 tox|[from] ability: Poison Heal
|upkeep
|turn|23
|
|t:|1781517023
|switch|p2a: Gliscor|Gliscor, M|100/100 tox
|-damage|p2a: Gliscor|88/100 tox|[from] Stealth Rock
|move|p1a: Gliscor|Knock Off|p2a: Gliscor
|-damage|p2a: Gliscor|77/100 tox
|
|-heal|p2a: Gliscor|89/100 tox|[from] ability: Poison Heal
|upkeep
|turn|24
|
|t:|1781517029
|move|p1a: Gliscor|Swords Dance|p1a: Gliscor
|-boost|p1a: Gliscor|atk|2
|move|p2a: Gliscor|Knock Off|p1a: Gliscor
|-damage|p1a: Gliscor|89/100 tox
|
|-heal|p1a: Gliscor|100/100 tox|[from] ability: Poison Heal
|-heal|p2a: Gliscor|100/100 tox|[from] ability: Poison Heal
|upkeep
|turn|25
|
|t:|1781517036
|move|p2a: Gliscor|Protect|p2a: Gliscor
|-singleturn|p2a: Gliscor|Protect
|move|p1a: Gliscor|Knock Off|p2a: Gliscor
|-activate|p2a: Gliscor|move: Protect
|
|upkeep
|turn|26
|
|t:|1781517042
|move|p1a: Gliscor|Knock Off|p2a: Gliscor
|-damage|p2a: Gliscor|79/100 tox
|move|p2a: Gliscor|Knock Off|p1a: Gliscor
|-damage|p1a: Gliscor|90/100 tox
|
|-heal|p1a: Gliscor|100/100 tox|[from] ability: Poison Heal
|-heal|p2a: Gliscor|91/100 tox|[from] ability: Poison Heal
|upkeep
|turn|27
|l|☆li dream
|inactive|li dream disconnected and has a minute to reconnect!
|player|p1|
|j|☆li dream
|inactive|li dream reconnected and has 135 seconds left.
|player|p1|li dream|cynthia|
|
|t:|1781517068
|move|p2a: Gliscor|Protect|p2a: Gliscor
|-singleturn|p2a: Gliscor|Protect
|move|p1a: Gliscor|Swords Dance|p1a: Gliscor
|-boost|p1a: Gliscor|atk|2
|
|-heal|p2a: Gliscor|100/100 tox|[from] ability: Poison Heal
|upkeep
|turn|28
|
|t:|1781517081
|switch|p2a: Dondozo|Dondozo, F, shiny|90/100
|-damage|p2a: Dondozo|78/100|[from] Stealth Rock
|move|p1a: Gliscor|Swords Dance|p1a: Gliscor
|-boost|p1a: Gliscor|atk|2
|
|upkeep
|turn|29
|
|t:|1781517090
|switch|p1a: Toxapex|Toxapex, F, shiny|100/100
|-damage|p1a: Toxapex|88/100|[from] Stealth Rock
|move|p2a: Dondozo|Curse|p2a: Dondozo
|-unboost|p2a: Dondozo|spe|1
|-boost|p2a: Dondozo|atk|1
|-boost|p2a: Dondozo|def|1
|
|upkeep
|turn|30
|
|t:|1781517095
|switch|p2a: Gliscor|Gliscor, M|100/100 tox
|-damage|p2a: Gliscor|88/100 tox|[from] Stealth Rock
|move|p1a: Toxapex|Toxic|p2a: Gliscor
|-fail|p2a: Gliscor|tox
|
|-heal|p2a: Gliscor|100/100 tox|[from] ability: Poison Heal
|upkeep
|turn|31
|
|t:|1781517104
|switch|p1a: Gliscor|Gliscor, M, shiny|100/100 tox
|-damage|p1a: Gliscor|88/100 tox|[from] Stealth Rock
|move|p2a: Gliscor|Toxic|p1a: Gliscor
|-fail|p1a: Gliscor|tox
|
|-heal|p1a: Gliscor|100/100 tox|[from] ability: Poison Heal
|upkeep
|turn|32
|l| Ged_Muncher
|
|t:|1781517117
|switch|p2a: Alomomola|Alomomola, F|100/100
|move|p1a: Gliscor|Swords Dance|p1a: Gliscor
|-boost|p1a: Gliscor|atk|2
|
|upkeep
|turn|33
|
|t:|1781517121
|move|p1a: Gliscor|Knock Off|p2a: Alomomola
|-damage|p2a: Alomomola|77/100
|-enditem|p2a: Alomomola|Heavy-Duty Boots|[from] move: Knock Off|[of] p1a: Gliscor
|move|p2a: Alomomola|Wish|p2a: Alomomola
|
|upkeep
|turn|34
|
|t:|1781517130
|move|p1a: Gliscor|Swords Dance|p1a: Gliscor
|-boost|p1a: Gliscor|atk|2
|move|p2a: Alomomola|Flip Turn|p1a: Gliscor
|-supereffective|p1a: Gliscor
|-damage|p1a: Gliscor|73/100 tox
|
|t:|1781517136
|switch|p2a: Weezing|Weezing-Galar, M|18/100 brn|[from] Flip Turn
|-ability|p2a: Weezing|Neutralizing Gas
|
|-heal|p2a: Weezing|98/100 brn|[from] move: Wish|[wisher] Alomomola
|-damage|p1a: Gliscor|48/100 tox|[from] psn
|-damage|p2a: Weezing|92/100 brn|[from] brn
|upkeep
|turn|35
|
|t:|1781517145
|-end|p2a: Weezing|ability: Neutralizing Gas
|switch|p2a: Dondozo|Dondozo, F, shiny|78/100
|-damage|p2a: Dondozo|65/100|[from] Stealth Rock
|move|p1a: Gliscor|Earthquake|p2a: Dondozo
|-damage|p2a: Dondozo|52/100
|
|-heal|p1a: Gliscor|60/100 tox|[from] ability: Poison Heal
|upkeep
|turn|36
|
|t:|1781517153
|move|p1a: Gliscor|Knock Off|p2a: Dondozo
|-damage|p2a: Dondozo|45/100
|move|p2a: Dondozo|Rest|p2a: Dondozo
|-status|p2a: Dondozo|slp|[from] move: Rest
|-heal|p2a: Dondozo|100/100 slp|[silent]
|
|-heal|p1a: Gliscor|73/100 tox|[from] ability: Poison Heal
|upkeep
|turn|37
|
|t:|1781517159
|switch|p2a: Alomomola|Alomomola, F|100/100
|-damage|p2a: Alomomola|88/100|[from] Stealth Rock
|move|p1a: Gliscor|Protect||[still]
|-fail|p1a: Gliscor
|
|-heal|p1a: Gliscor|85/100 tox|[from] ability: Poison Heal
|upkeep
|turn|38
|
|t:|1781517165
|move|p1a: Gliscor|Knock Off|p2a: Alomomola
|-damage|p2a: Alomomola|63/100
|move|p2a: Alomomola|Flip Turn|p1a: Gliscor
|-supereffective|p1a: Gliscor
|-crit|p1a: Gliscor
|-damage|p1a: Gliscor|42/100 tox
|
|t:|1781517171
|switch|p2a: Weezing|Weezing-Galar, M|92/100 brn|[from] Flip Turn
|-ability|p2a: Weezing|Neutralizing Gas
|
|-damage|p1a: Gliscor|0 fnt|[from] psn
|faint|p1a: Gliscor
|-damage|p2a: Weezing|86/100 brn|[from] brn
|upkeep
|
|t:|1781517179
|switch|p1a: Toxapex|Toxapex, F, shiny|100/100
|-damage|p1a: Toxapex|88/100|[from] Stealth Rock
|turn|39
|
|t:|1781517185
|move|p2a: Weezing|Will-O-Wisp|p1a: Toxapex
|-status|p1a: Toxapex|brn
|move|p1a: Toxapex|Poison Jab|p2a: Weezing
|-damage|p2a: Weezing|80/100 brn
|
|-damage|p2a: Weezing|74/100 brn|[from] brn
|-damage|p1a: Toxapex|82/100 brn|[from] brn
|upkeep
|turn|40
|
|t:|1781517192
|move|p2a: Weezing|Pain Split|p1a: Toxapex
|-sethp|p1a: Toxapex|82/100 brn|[from] move: Pain Split|[silent]
|-sethp|p2a: Weezing|74/100 brn|[from] move: Pain Split
|move|p1a: Toxapex|Poison Jab|p2a: Weezing
|-damage|p2a: Weezing|68/100 brn
|
|-damage|p2a: Weezing|62/100 brn|[from] brn
|-damage|p1a: Toxapex|76/100 brn|[from] brn
|upkeep
|turn|41
|
|t:|1781517199
|-end|p2a: Weezing|ability: Neutralizing Gas
|switch|p2a: Gliscor|Gliscor, M|100/100 tox
|-damage|p2a: Gliscor|88/100 tox|[from] Stealth Rock
|move|p1a: Toxapex|Poison Jab|p2a: Gliscor
|-resisted|p2a: Gliscor
|-damage|p2a: Gliscor|84/100 tox
|
|-heal|p2a: Gliscor|97/100 tox|[from] ability: Poison Heal
|-damage|p1a: Toxapex|70/100 brn|[from] brn
|upkeep
|turn|42
|
|t:|1781517209
|move|p2a: Gliscor|Knock Off|p1a: Toxapex
|-damage|p1a: Toxapex|56/100 brn
|-enditem|p1a: Toxapex|Covert Cloak|[from] move: Knock Off|[of] p2a: Gliscor
|move|p1a: Toxapex|Haze|p1a: Toxapex
|-clearallboost
|
|-heal|p2a: Gliscor|100/100 tox|[from] ability: Poison Heal
|-damage|p1a: Toxapex|50/100 brn|[from] brn
|upkeep
|turn|43
|
|t:|1781517223
|switch|p2a: Blissey|Blissey, F|88/100
|-damage|p2a: Blissey|76/100|[from] Stealth Rock
|move|p1a: Toxapex|Recover|p1a: Toxapex
|-heal|p1a: Toxapex|100/100 brn
|
|-damage|p1a: Toxapex|95/100 brn|[from] brn
|upkeep
|turn|44
|
|t:|1781517228
|switch|p2a: Corviknight|Corviknight, M|100/100
|-damage|p2a: Corviknight|88/100|[from] Stealth Rock
|-ability|p2a: Corviknight|Pressure
|move|p1a: Toxapex|Poison Jab|p2a: Corviknight
|-immune|p2a: Corviknight
|
|-heal|p2a: Corviknight|94/100|[from] item: Leftovers
|-damage|p1a: Toxapex|89/100 brn|[from] brn
|upkeep
|turn|45
|
|t:|1781517235
|switch|p1a: Corviknight|Corviknight, M, shiny|100/100
|-damage|p1a: Corviknight|88/100|[from] Stealth Rock
|-ability|p1a: Corviknight|Pressure
|move|p2a: Corviknight|Defog|p1a: Corviknight
|-unboost|p1a: Corviknight|evasion|1
|-sideend|p1: li dream|Stealth Rock|[from] move: Defog|[of] p2a: Corviknight
|-sideend|p2: IFreakingluvStall|Stealth Rock|[from] move: Defog|[of] p2a: Corviknight
|
|-heal|p1a: Corviknight|94/100|[from] item: Leftovers
|-heal|p2a: Corviknight|100/100|[from] item: Leftovers
|upkeep
|turn|46
|
|t:|1781517244
|switch|p2a: Alomomola|Alomomola, F|97/100
|move|p1a: Corviknight|Iron Defense|p1a: Corviknight
|-boost|p1a: Corviknight|def|2
|
|-heal|p1a: Corviknight|100/100|[from] item: Leftovers
|upkeep
|turn|47
|
|t:|1781517253
|move|p1a: Corviknight|Iron Defense|p1a: Corviknight
|-boost|p1a: Corviknight|def|2
|move|p2a: Alomomola|Scald|p1a: Corviknight
|-damage|p1a: Corviknight|86/100
|
|-heal|p1a: Corviknight|93/100|[from] item: Leftovers
|upkeep
|turn|48
|
|t:|1781517260
|move|p1a: Corviknight|Body Press|p2a: Alomomola
|-damage|p2a: Alomomola|55/100
|move|p2a: Alomomola|Scald|p1a: Corviknight
|-crit|p1a: Corviknight
|-damage|p1a: Corviknight|71/100
|
|-heal|p1a: Corviknight|77/100|[from] item: Leftovers
|upkeep
|turn|49
|
|t:|1781517268
|switch|p2a: Dondozo|Dondozo, F, shiny|100/100 slp
|move|p1a: Corviknight|Body Press|p2a: Dondozo
|-damage|p2a: Dondozo|88/100 slp
|
|-heal|p1a: Corviknight|83/100|[from] item: Leftovers
|upkeep
|turn|50
|
|t:|1781517275
|move|p1a: Corviknight|Iron Defense|p1a: Corviknight
|-boost|p1a: Corviknight|def|2
|cant|p2a: Dondozo|slp
|move|p2a: Dondozo|Sleep Talk|p2a: Dondozo
|move|p2a: Dondozo|Curse|p2a: Dondozo|[from] move: Sleep Talk
|-unboost|p2a: Dondozo|spe|1
|-boost|p2a: Dondozo|atk|1
|-boost|p2a: Dondozo|def|1
|
|-heal|p1a: Corviknight|89/100|[from] item: Leftovers
|upkeep
|turn|51
|
|t:|1781517281
|switch|p1a: Toxapex|Toxapex, F, shiny|100/100 brn
|cant|p2a: Dondozo|slp
|move|p2a: Dondozo|Sleep Talk|p2a: Dondozo
|move|p2a: Dondozo|Curse|p2a: Dondozo|[from] move: Sleep Talk
|-unboost|p2a: Dondozo|spe|1
|-boost|p2a: Dondozo|atk|1
|-boost|p2a: Dondozo|def|1
|
|-damage|p1a: Toxapex|95/100 brn|[from] brn
|upkeep
|turn|52
|j| sadfkljs
|
|t:|1781517302
|switch|p2a: Gliscor|Gliscor, M|100/100 tox
|move|p1a: Toxapex|Haze|p1a: Toxapex
|-clearallboost
|
|-damage|p1a: Toxapex|89/100 brn|[from] brn
|upkeep
|turn|53
|
|t:|1781517313
|move|p2a: Gliscor|Stealth Rock|p1a: Toxapex
|-sidestart|p1: li dream|move: Stealth Rock
|move|p1a: Toxapex|Poison Jab|p2a: Gliscor
|-resisted|p2a: Gliscor
|-damage|p2a: Gliscor|97/100 tox
|
|-heal|p2a: Gliscor|100/100 tox|[from] ability: Poison Heal
|-damage|p1a: Toxapex|83/100 brn|[from] brn
|upkeep
|turn|54
|c| sadfkljs|it might be over
|c|☆IFreakingluvStall|perhaps
|
|t:|1781517335
|switch|p2a: Weezing|Weezing-Galar, M|62/100 brn
|-ability|p2a: Weezing|Neutralizing Gas
|move|p1a: Toxapex|Poison Jab|p2a: Weezing
|-damage|p2a: Weezing|56/100 brn
|
|-damage|p2a: Weezing|50/100 brn|[from] brn
|-damage|p1a: Toxapex|77/100 brn|[from] brn
|upkeep
|turn|55
|
|t:|1781517345
|move|p2a: Weezing|Pain Split|p1a: Toxapex
|-sethp|p1a: Toxapex|66/100 brn|[from] move: Pain Split|[silent]
|-sethp|p2a: Weezing|59/100 brn|[from] move: Pain Split
|move|p1a: Toxapex|Poison Jab|p2a: Weezing
|-damage|p2a: Weezing|53/100 brn
|
|-damage|p2a: Weezing|48/100 brn|[from] brn
|-damage|p1a: Toxapex|60/100 brn|[from] brn
|upkeep
|turn|56
|
|t:|1781517359
|-end|p2a: Weezing|ability: Neutralizing Gas
|switch|p2a: Gliscor|Gliscor, M|100/100 tox
|move|p1a: Toxapex|Poison Jab|p2a: Gliscor
|-resisted|p2a: Gliscor
|-damage|p2a: Gliscor|97/100 tox
|
|-heal|p2a: Gliscor|100/100 tox|[from] ability: Poison Heal
|-damage|p1a: Toxapex|54/100 brn|[from] brn
|upkeep
|turn|57
|
|t:|1781517368
|switch|p2a: Blissey|Blissey, F|76/100
|move|p1a: Toxapex|Poison Jab|p2a: Blissey
|-damage|p2a: Blissey|66/100
|
|-damage|p1a: Toxapex|48/100 brn|[from] brn
|upkeep
|turn|58
|
|t:|1781517373
|switch|p2a: Gliscor|Gliscor, M|100/100 tox
|move|p1a: Toxapex|Toxic|p2a: Gliscor
|-fail|p2a: Gliscor|tox
|
|-damage|p1a: Toxapex|42/100 brn|[from] brn
|upkeep
|turn|59
|
|t:|1781517378
|switch|p2a: Blissey|Blissey, F|66/100
|move|p1a: Toxapex|Recover|p1a: Toxapex
|-heal|p1a: Toxapex|92/100 brn
|
|-damage|p1a: Toxapex|86/100 brn|[from] brn
|upkeep
|turn|60
|
|t:|1781517386
|switch|p2a: Weezing|Weezing-Galar, M|48/100 brn
|-ability|p2a: Weezing|Neutralizing Gas
|move|p1a: Toxapex|Poison Jab|p2a: Weezing
|-damage|p2a: Weezing|42/100 brn
|
|-damage|p2a: Weezing|36/100 brn|[from] brn
|-damage|p1a: Toxapex|80/100 brn|[from] brn
|upkeep
|turn|61
|
|t:|1781517391
|move|p2a: Weezing|Pain Split|p1a: Toxapex
|-sethp|p1a: Toxapex|60/100 brn|[from] move: Pain Split|[silent]
|-sethp|p2a: Weezing|54/100 brn|[from] move: Pain Split
|move|p1a: Toxapex|Poison Jab|p2a: Weezing
|-damage|p2a: Weezing|48/100 brn
|
|-damage|p2a: Weezing|42/100 brn|[from] brn
|-damage|p1a: Toxapex|54/100 brn|[from] brn
|upkeep
|turn|62
|
|t:|1781517401
|-end|p2a: Weezing|ability: Neutralizing Gas
|switch|p2a: Gliscor|Gliscor, M|100/100 tox
|move|p1a: Toxapex|Poison Jab|p2a: Gliscor
|-resisted|p2a: Gliscor
|-damage|p2a: Gliscor|97/100 tox
|
|-heal|p2a: Gliscor|100/100 tox|[from] ability: Poison Heal
|-damage|p1a: Toxapex|48/100 brn|[from] brn
|upkeep
|turn|63
|
|t:|1781517411
|switch|p2a: Corviknight|Corviknight, M|100/100
|-ability|p2a: Corviknight|Pressure
|move|p1a: Toxapex|Poison Jab|p2a: Corviknight
|-immune|p2a: Corviknight
|
|-damage|p1a: Toxapex|42/100 brn|[from] brn
|upkeep
|turn|64
|
|t:|1781517419
|switch|p2a: Gliscor|Gliscor, M|100/100 tox
|switch|p1a: Corviknight|Corviknight, M, shiny|89/100
|-damage|p1a: Corviknight|77/100|[from] Stealth Rock
|-ability|p1a: Corviknight|Pressure
|
|-heal|p1a: Corviknight|83/100|[from] item: Leftovers
|upkeep
|turn|65
|
|t:|1781517424
|switch|p2a: Corviknight|Corviknight, M|100/100
|-ability|p2a: Corviknight|Pressure
|switch|p1a: Toxapex|Toxapex, F, shiny|75/100 brn
|-damage|p1a: Toxapex|63/100 brn|[from] Stealth Rock
|
|-damage|p1a: Toxapex|57/100 brn|[from] brn
|upkeep
|turn|66
|
|t:|1781517430
|switch|p2a: Gliscor|Gliscor, M|100/100 tox
|switch|p1a: Corviknight|Corviknight, M, shiny|83/100
|-damage|p1a: Corviknight|71/100|[from] Stealth Rock
|-ability|p1a: Corviknight|Pressure
|
|-heal|p1a: Corviknight|77/100|[from] item: Leftovers
|upkeep
|turn|67
|
|t:|1781517435
|move|p2a: Gliscor|Knock Off|p1a: Corviknight
|-damage|p1a: Corviknight|63/100
|-enditem|p1a: Corviknight|Leftovers|[from] move: Knock Off|[of] p2a: Gliscor
|move|p1a: Corviknight|Defog|p2a: Gliscor
|-unboost|p2a: Gliscor|evasion|1
|-sideend|p1: li dream|Stealth Rock|[from] move: Defog|[of] p1a: Corviknight
|
|upkeep
|turn|68
|
|t:|1781517441
|move|p2a: Gliscor|Stealth Rock|p1a: Corviknight
|-sidestart|p1: li dream|move: Stealth Rock
|move|p1a: Corviknight|Iron Defense|p1a: Corviknight
|-boost|p1a: Corviknight|def|2
|
|upkeep
|turn|69
|
|t:|1781517445
|switch|p2a: Dondozo|Dondozo, F, shiny|88/100 slp
|move|p1a: Corviknight|Iron Defense|p1a: Corviknight
|-boost|p1a: Corviknight|def|2
|
|upkeep
|turn|70
|
|t:|1781517449
|move|p1a: Corviknight|Defog|p2a: Dondozo
|-unboost|p2a: Dondozo|evasion|1
|-sideend|p1: li dream|Stealth Rock|[from] move: Defog|[of] p1a: Corviknight
|-curestatus|p2a: Dondozo|slp|[msg]
|move|p2a: Dondozo|Curse|p2a: Dondozo
|-unboost|p2a: Dondozo|spe|1
|-boost|p2a: Dondozo|atk|1
|-boost|p2a: Dondozo|def|1
|
|upkeep
|turn|71
|
|t:|1781517456
|move|p1a: Corviknight|Iron Defense|p1a: Corviknight
|-boost|p1a: Corviknight|def|2
|move|p2a: Dondozo|Curse|p2a: Dondozo
|-unboost|p2a: Dondozo|spe|1
|-boost|p2a: Dondozo|atk|1
|-boost|p2a: Dondozo|def|1
|
|upkeep
|turn|72
|
|t:|1781517459
|switch|p1a: Toxapex|Toxapex, F, shiny|90/100 brn
|move|p2a: Dondozo|Curse|p2a: Dondozo
|-unboost|p2a: Dondozo|spe|1
|-boost|p2a: Dondozo|atk|1
|-boost|p2a: Dondozo|def|1
|
|-damage|p1a: Toxapex|84/100 brn|[from] brn
|upkeep
|turn|73
|
|t:|1781517463
|switch|p2a: Gliscor|Gliscor, M|100/100 tox
|move|p1a: Toxapex|Haze|p1a: Toxapex
|-clearallboost
|
|-damage|p1a: Toxapex|78/100 brn|[from] brn
|upkeep
|turn|74
|
|t:|1781517468
|switch|p2a: Corviknight|Corviknight, M|100/100
|-ability|p2a: Corviknight|Pressure
|switch|p1a: Corviknight|Corviknight, M, shiny|63/100
|-ability|p1a: Corviknight|Pressure
|
|upkeep
|turn|75
|
|t:|1781517475
|switch|p2a: Gliscor|Gliscor, M|100/100 tox
|move|p1a: Corviknight|Iron Defense|p1a: Corviknight
|-boost|p1a: Corviknight|def|2
|
|upkeep
|turn|76
|
|t:|1781517480
|switch|p2a: Dondozo|Dondozo, F, shiny|88/100
|move|p1a: Corviknight|Iron Defense|p1a: Corviknight
|-boost|p1a: Corviknight|def|2
|
|upkeep
|turn|77
|
|t:|1781517485
|move|p1a: Corviknight|Roost|p1a: Corviknight
|-heal|p1a: Corviknight|100/100
|-singleturn|p1a: Corviknight|move: Roost
|move|p2a: Dondozo|Curse|p2a: Dondozo
|-unboost|p2a: Dondozo|spe|1
|-boost|p2a: Dondozo|atk|1
|-boost|p2a: Dondozo|def|1
|
|upkeep
|turn|78
|
|t:|1781517492
|move|p1a: Corviknight|Iron Defense|p1a: Corviknight
|-boost|p1a: Corviknight|def|2
|move|p2a: Dondozo|Sleep Talk||[still]
|-fail|p2a: Dondozo
|
|upkeep
|turn|79
|
|t:|1781517503
|move|p1a: Corviknight|Defog|p2a: Dondozo
|-unboost|p2a: Dondozo|evasion|1
|move|p2a: Dondozo|Sleep Talk||[still]
|-fail|p2a: Dondozo
|
|upkeep
|turn|80
|
|t:|1781517515
|switch|p2a: Weezing|Weezing-Galar, M|42/100 brn
|-ability|p2a: Weezing|Neutralizing Gas
|move|p1a: Corviknight|Defog|p2a: Weezing
|-unboost|p2a: Weezing|evasion|1
|
|-damage|p2a: Weezing|36/100 brn|[from] brn
|upkeep
|turn|81
|
|t:|1781517524
|move|p1a: Corviknight|Body Press|p2a: Weezing
|-resisted|p2a: Weezing
|-crit|p2a: Weezing
|-damage|p2a: Weezing|11/100 brn
|move|p2a: Weezing|Pain Split|p1a: Corviknight
|-sethp|p1a: Corviknight|55/100|[from] move: Pain Split|[silent]
|-sethp|p2a: Weezing|61/100 brn|[from] move: Pain Split
|
|-damage|p2a: Weezing|55/100 brn|[from] brn
|upkeep
|turn|82
|
|t:|1781517530
|switch|p1a: Toxapex|Toxapex, F, shiny|100/100 brn
|move|p2a: Weezing|Will-O-Wisp|p1a: Toxapex
|-fail|p1a: Toxapex|brn
|
|-damage|p2a: Weezing|49/100 brn|[from] brn
|-damage|p1a: Toxapex|95/100 brn|[from] brn
|upkeep
|turn|83
|
|t:|1781517540
|switch|p1a: Corviknight|Corviknight, M, shiny|55/100
|move|p2a: Weezing|Pain Split|p1a: Corviknight
|-sethp|p1a: Corviknight|50/100|[from] move: Pain Split|[silent]
|-sethp|p2a: Weezing|55/100 brn|[from] move: Pain Split
|
|-damage|p2a: Weezing|49/100 brn|[from] brn
|upkeep
|turn|84
|
|t:|1781517545
|switch|p1a: Toxapex|Toxapex, F, shiny|95/100 brn
|move|p2a: Weezing|Will-O-Wisp|p1a: Toxapex|[miss]
|-miss|p2a: Weezing|p1a: Toxapex
|
|-damage|p2a: Weezing|43/100 brn|[from] brn
|-damage|p1a: Toxapex|89/100 brn|[from] brn
|upkeep
|turn|85
|
|t:|1781517549
|switch|p1a: Corviknight|Corviknight, M, shiny|50/100
|move|p2a: Weezing|Will-O-Wisp|p1a: Corviknight|[miss]
|-miss|p2a: Weezing|p1a: Corviknight
|
|-damage|p2a: Weezing|37/100 brn|[from] brn
|upkeep
|turn|86
|
|t:|1781517553
|switch|p1a: Toxapex|Toxapex, F, shiny|89/100 brn
|move|p2a: Weezing|Pain Split|p1a: Toxapex
|-sethp|p1a: Toxapex|65/100 brn|[from] move: Pain Split|[silent]
|-sethp|p2a: Weezing|59/100 brn|[from] move: Pain Split
|
|-damage|p2a: Weezing|53/100 brn|[from] brn
|-damage|p1a: Toxapex|59/100 brn|[from] brn
|upkeep
|turn|87
|
|t:|1781517559
|move|p2a: Weezing|Will-O-Wisp|p1a: Toxapex
|-fail|p1a: Toxapex|brn
|move|p1a: Toxapex|Poison Jab|p2a: Weezing
|-damage|p2a: Weezing|47/100 brn
|
|-damage|p2a: Weezing|41/100 brn|[from] brn
|-damage|p1a: Toxapex|53/100 brn|[from] brn
|upkeep
|turn|88
|
|t:|1781517567
|-end|p2a: Weezing|ability: Neutralizing Gas
|switch|p2a: Gliscor|Gliscor, M|100/100 tox
|move|p1a: Toxapex|Poison Jab|p2a: Gliscor
|-resisted|p2a: Gliscor
|-damage|p2a: Gliscor|97/100 tox
|
|-heal|p2a: Gliscor|100/100 tox|[from] ability: Poison Heal
|-damage|p1a: Toxapex|47/100 brn|[from] brn
|upkeep
|turn|89
|
|t:|1781517576
|switch|p1a: Corviknight|Corviknight, M, shiny|50/100
|-ability|p1a: Corviknight|Pressure
|move|p2a: Gliscor|Stealth Rock|p1a: Corviknight
|-sidestart|p1: li dream|move: Stealth Rock
|
|upkeep
|turn|90
|
|t:|1781517581
|move|p2a: Gliscor|Knock Off|p1a: Corviknight
|-damage|p1a: Corviknight|40/100
|move|p1a: Corviknight|Defog|p2a: Gliscor
|-unboost|p2a: Gliscor|evasion|1
|-sideend|p1: li dream|Stealth Rock|[from] move: Defog|[of] p1a: Corviknight
|
|upkeep
|turn|91
|
|t:|1781517586
|move|p2a: Gliscor|Stealth Rock|p1a: Corviknight
|-sidestart|p1: li dream|move: Stealth Rock
|move|p1a: Corviknight|Iron Defense|p1a: Corviknight
|-boost|p1a: Corviknight|def|2
|
|upkeep
|turn|92
|inactive|li dream has 120 seconds left.
|
|t:|1781517628
|switch|p2a: Corviknight|Corviknight, M|100/100
|-ability|p2a: Corviknight|Pressure
|move|p1a: Corviknight|Defog|p2a: Corviknight
|-unboost|p2a: Corviknight|evasion|1
|-sideend|p1: li dream|Stealth Rock|[from] move: Defog|[of] p1a: Corviknight
|
|upkeep
|turn|93
|
|t:|1781517634
|move|p1a: Corviknight|Roost|p1a: Corviknight
|-heal|p1a: Corviknight|90/100
|-singleturn|p1a: Corviknight|move: Roost
|move|p2a: Corviknight|Iron Defense|p2a: Corviknight
|-boost|p2a: Corviknight|def|2
|
|upkeep
|turn|94
|inactive|li dream has 120 seconds left.
|
|t:|1781517640
|move|p1a: Corviknight|Iron Defense|p1a: Corviknight
|-boost|p1a: Corviknight|def|2
|move|p2a: Corviknight|Iron Defense|p2a: Corviknight
|-boost|p2a: Corviknight|def|2
|
|upkeep
|turn|95
|
|t:|1781517644
|switch|p1a: Toxapex|Toxapex, F, shiny|80/100 brn
|move|p2a: Corviknight|Iron Defense|p2a: Corviknight
|-boost|p2a: Corviknight|def|2
|
|-damage|p1a: Toxapex|74/100 brn|[from] brn
|upkeep
|turn|96
|
|t:|1781517648
|move|p2a: Corviknight|Body Press|p1a: Toxapex
|-resisted|p1a: Toxapex
|-damage|p1a: Toxapex|49/100 brn
|move|p1a: Toxapex|Haze|p1a: Toxapex
|-clearallboost
|
|-damage|p1a: Toxapex|43/100 brn|[from] brn
|upkeep
|turn|97
|
|t:|1781517654
|switch|p2a: Weezing|Weezing-Galar, M|41/100 brn
|-ability|p2a: Weezing|Neutralizing Gas
|switch|p1a: Corviknight|Corviknight, M, shiny|90/100
|
|-damage|p2a: Weezing|35/100 brn|[from] brn
|upkeep
|turn|98
|
|t:|1781517659
|switch|p1a: Toxapex|Toxapex, F, shiny|43/100 brn
|move|p2a: Weezing|Will-O-Wisp|p1a: Toxapex
|-fail|p1a: Toxapex|brn
|
|-damage|p2a: Weezing|29/100 brn|[from] brn
|-damage|p1a: Toxapex|37/100 brn|[from] brn
|upkeep
|turn|99
|n| invmenot|sadfkljs
|
|t:|1781517676
|move|p2a: Weezing|Will-O-Wisp|p1a: Toxapex
|-fail|p1a: Toxapex|brn
|move|p1a: Toxapex|Poison Jab|p2a: Weezing
|-damage|p2a: Weezing|23/100 brn
|
|-damage|p2a: Weezing|17/100 brn|[from] brn
|-damage|p1a: Toxapex|31/100 brn|[from] brn
|upkeep
|turn|100
|
|t:|1781517687
|switch|p1a: Corviknight|Corviknight, M, shiny|90/100
|move|p2a: Weezing|Sludge Bomb|p1a: Corviknight
|-immune|p1a: Corviknight
|
|-damage|p2a: Weezing|11/100 brn|[from] brn
|upkeep
|turn|101
|
|t:|1781517692
|switch|p1a: Toxapex|Toxapex, F, shiny|31/100 brn
|move|p2a: Weezing|Pain Split|p1a: Toxapex
|-sethp|p1a: Toxapex|21/100 brn|[from] move: Pain Split|[silent]
|-sethp|p2a: Weezing|19/100 brn|[from] move: Pain Split
|
|-damage|p2a: Weezing|13/100 brn|[from] brn
|-damage|p1a: Toxapex|15/100 brn|[from] brn
|upkeep
|turn|102
|
|t:|1781517697
|move|p2a: Weezing|Will-O-Wisp|p1a: Toxapex
|-fail|p1a: Toxapex|brn
|move|p1a: Toxapex|Poison Jab|p2a: Weezing
|-damage|p2a: Weezing|8/100 brn
|
|-damage|p2a: Weezing|2/100 brn|[from] brn
|-damage|p1a: Toxapex|9/100 brn|[from] brn
|upkeep
|turn|103
|
|t:|1781517717
|-end|p2a: Weezing|ability: Neutralizing Gas
|switch|p2a: Gliscor|Gliscor, M|100/100 tox
|move|p1a: Toxapex|Poison Jab|p2a: Gliscor
|-resisted|p2a: Gliscor
|-damage|p2a: Gliscor|97/100 tox
|
|-heal|p2a: Gliscor|100/100 tox|[from] ability: Poison Heal
|-damage|p1a: Toxapex|3/100 brn|[from] brn
|upkeep
|turn|104
|
|t:|1781517725
|switch|p1a: Corviknight|Corviknight, M, shiny|90/100
|-ability|p1a: Corviknight|Pressure
|move|p2a: Gliscor|Stealth Rock|p1a: Corviknight
|-sidestart|p1: li dream|move: Stealth Rock
|
|upkeep
|turn|105
|
|t:|1781517732
|switch|p2a: Alomomola|Alomomola, F|88/100
|move|p1a: Corviknight|Iron Defense|p1a: Corviknight
|-boost|p1a: Corviknight|def|2
|
|upkeep
|turn|106
|
|t:|1781517743
|move|p1a: Corviknight|Iron Defense|p1a: Corviknight
|-boost|p1a: Corviknight|def|2
|move|p2a: Alomomola|Wish|p2a: Alomomola
|
|upkeep
|turn|107
|
|t:|1781517748
|move|p1a: Corviknight|Iron Defense|p1a: Corviknight
|-boost|p1a: Corviknight|def|2
|move|p2a: Alomomola|Flip Turn|p1a: Corviknight
|-damage|p1a: Corviknight|88/100
|
|t:|1781517754
|switch|p2a: Weezing|Weezing-Galar, M|2/100 brn|[from] Flip Turn
|-ability|p2a: Weezing|Neutralizing Gas
|
|-heal|p2a: Weezing|82/100 brn|[from] move: Wish|[wisher] Alomomola
|-damage|p2a: Weezing|76/100 brn|[from] brn
|upkeep
|turn|108
|
|t:|1781517764
|switch|p1a: Blissey|Blissey, F, shiny|78/100
|-damage|p1a: Blissey|66/100|[from] Stealth Rock
|move|p2a: Weezing|Will-O-Wisp|p1a: Blissey
|-status|p1a: Blissey|brn
|
|-heal|p1a: Blissey|72/100 brn|[from] item: Leftovers
|-damage|p2a: Weezing|70/100 brn|[from] brn
|-damage|p1a: Blissey|66/100 brn|[from] brn
|upkeep
|turn|109
|
|t:|1781517766
|move|p2a: Weezing|Pain Split|p1a: Blissey
|-sethp|p1a: Blissey|51/100 brn|[from] move: Pain Split|[silent]
|-sethp|p2a: Weezing|99/100 brn|[from] move: Pain Split
|move|p1a: Blissey|Stealth Rock|p2a: Weezing
|-sidestart|p2: IFreakingluvStall|move: Stealth Rock
|
|-heal|p1a: Blissey|57/100 brn|[from] item: Leftovers
|-damage|p2a: Weezing|93/100 brn|[from] brn
|-damage|p1a: Blissey|51/100 brn|[from] brn
|upkeep
|turn|110
|
|t:|1781517772
|move|p2a: Weezing|Defog|p1a: Blissey
|-unboost|p1a: Blissey|evasion|1
|-sideend|p1: li dream|Stealth Rock|[from] move: Defog|[of] p2a: Weezing
|-sideend|p2: IFreakingluvStall|Stealth Rock|[from] move: Defog|[of] p2a: Weezing
|move|p1a: Blissey|Calm Mind|p1a: Blissey
|-boost|p1a: Blissey|spa|1
|-boost|p1a: Blissey|spd|1
|
|-heal|p1a: Blissey|57/100 brn|[from] item: Leftovers
|-damage|p2a: Weezing|87/100 brn|[from] brn
|-damage|p1a: Blissey|51/100 brn|[from] brn
|upkeep
|turn|111
|
|t:|1781517778
|-end|p2a: Weezing|ability: Neutralizing Gas
|switch|p2a: Gliscor|Gliscor, M|100/100 tox
|move|p1a: Blissey|Stealth Rock|p2a: Gliscor
|-sidestart|p2: IFreakingluvStall|move: Stealth Rock
|
|-heal|p1a: Blissey|57/100 brn|[from] item: Leftovers
|-damage|p1a: Blissey|51/100 brn|[from] brn
|upkeep
|turn|112
|
|t:|1781517783
|-curestatus|p1a: Blissey|brn|[from] ability: Natural Cure|[silent]
|switch|p1a: Toxapex|Toxapex, F, shiny|37/100 brn
|move|p2a: Gliscor|Stealth Rock|p1a: Toxapex
|-sidestart|p1: li dream|move: Stealth Rock
|
|-damage|p1a: Toxapex|31/100 brn|[from] brn
|upkeep
|turn|113
|
|t:|1781517788
|switch|p2a: Weezing|Weezing-Galar, M|87/100 brn
|-ability|p2a: Weezing|Neutralizing Gas
|switch|p1a: Corviknight|Corviknight, M, shiny|88/100
|-damage|p1a: Corviknight|75/100|[from] Stealth Rock
|
|-damage|p2a: Weezing|81/100 brn|[from] brn
|upkeep
|turn|114
|
|t:|1781517795
|switch|p1a: Toxapex|Toxapex, F, shiny|31/100 brn
|-damage|p1a: Toxapex|19/100 brn|[from] Stealth Rock
|move|p2a: Weezing|Will-O-Wisp|p1a: Toxapex
|-fail|p1a: Toxapex|brn
|
|-damage|p2a: Weezing|75/100 brn|[from] brn
|-damage|p1a: Toxapex|13/100 brn|[from] brn
|upkeep
|turn|115
|
|t:|1781517799
|move|p2a: Weezing|Sludge Bomb|p1a: Toxapex
|-resisted|p1a: Toxapex
|-damage|p1a: Toxapex|2/100 brn
|move|p1a: Toxapex|Recover|p1a: Toxapex
|-heal|p1a: Toxapex|53/100 brn
|
|-damage|p2a: Weezing|69/100 brn|[from] brn
|-damage|p1a: Toxapex|47/100 brn|[from] brn
|upkeep
|turn|116
|
|t:|1781517809
|move|p2a: Weezing|Will-O-Wisp|p1a: Toxapex|[miss]
|-miss|p2a: Weezing|p1a: Toxapex
|move|p1a: Toxapex|Poison Jab|p2a: Weezing
|-damage|p2a: Weezing|62/100 brn
|
|-damage|p2a: Weezing|56/100 brn|[from] brn
|-damage|p1a: Toxapex|41/100 brn|[from] brn
|upkeep
|turn|117
|
|t:|1781517833
|move|p2a: Weezing|Sludge Bomb|p1a: Toxapex
|-resisted|p1a: Toxapex
|-damage|p1a: Toxapex|31/100 brn
|move|p1a: Toxapex|Poison Jab|p2a: Weezing
|-damage|p2a: Weezing|50/100 brn
|
|-damage|p2a: Weezing|44/100 brn|[from] brn
|-damage|p1a: Toxapex|25/100 brn|[from] brn
|upkeep
|turn|118
|
|t:|1781517842
|move|p2a: Weezing|Sludge Bomb|p1a: Toxapex
|-resisted|p1a: Toxapex
|-damage|p1a: Toxapex|14/100 brn
|move|p1a: Toxapex|Recover|p1a: Toxapex
|-heal|p1a: Toxapex|64/100 brn
|
|-damage|p2a: Weezing|38/100 brn|[from] brn
|-damage|p1a: Toxapex|58/100 brn|[from] brn
|upkeep
|turn|119
|
|t:|1781517847
|move|p2a: Weezing|Pain Split|p1a: Toxapex
|-sethp|p1a: Toxapex|50/100 brn|[from] move: Pain Split|[silent]
|-sethp|p2a: Weezing|45/100 brn|[from] move: Pain Split
|move|p1a: Toxapex|Poison Jab|p2a: Weezing
|-damage|p2a: Weezing|39/100 brn
|
|-damage|p2a: Weezing|33/100 brn|[from] brn
|-damage|p1a: Toxapex|44/100 brn|[from] brn
|upkeep
|turn|120
|
|t:|1781517855
|-end|p2a: Weezing|ability: Neutralizing Gas
|switch|p2a: Gliscor|Gliscor, M|100/100 tox
|-damage|p2a: Gliscor|88/100 tox|[from] Stealth Rock
|move|p1a: Toxapex|Poison Jab|p2a: Gliscor
|-resisted|p2a: Gliscor
|-damage|p2a: Gliscor|85/100 tox
|
|-heal|p2a: Gliscor|97/100 tox|[from] ability: Poison Heal
|-damage|p1a: Toxapex|38/100 brn|[from] brn
|upkeep
|turn|121
|
|t:|1781517861
|switch|p2a: Corviknight|Corviknight, M|100/100
|-damage|p2a: Corviknight|88/100|[from] Stealth Rock
|-ability|p2a: Corviknight|Pressure
|switch|p1a: Corviknight|Corviknight, M, shiny|75/100
|-damage|p1a: Corviknight|63/100|[from] Stealth Rock
|-ability|p1a: Corviknight|Pressure
|
|-heal|p2a: Corviknight|94/100|[from] item: Leftovers
|upkeep
|turn|122
|
|t:|1781517869
|move|p1a: Corviknight|Iron Defense|p1a: Corviknight
|-boost|p1a: Corviknight|def|2
|move|p2a: Corviknight|Defog|p1a: Corviknight
|-unboost|p1a: Corviknight|evasion|1
|-sideend|p1: li dream|Stealth Rock|[from] move: Defog|[of] p2a: Corviknight
|-sideend|p2: IFreakingluvStall|Stealth Rock|[from] move: Defog|[of] p2a: Corviknight
|
|-heal|p2a: Corviknight|100/100|[from] item: Leftovers
|upkeep
|turn|123
|
|t:|1781517881
|switch|p2a: Alomomola|Alomomola, F|100/100
|move|p1a: Corviknight|Iron Defense|p1a: Corviknight
|-boost|p1a: Corviknight|def|2
|
|upkeep
|turn|124
|
|t:|1781517888
|switch|p1a: Blissey|Blissey, F, shiny|51/100
|move|p2a: Alomomola|Scald|p1a: Blissey
|-damage|p1a: Blissey|46/100
|
|-heal|p1a: Blissey|52/100|[from] item: Leftovers
|upkeep
|turn|125
|
|t:|1781517895
|move|p1a: Blissey|Stealth Rock|p2a: Alomomola
|-sidestart|p2: IFreakingluvStall|move: Stealth Rock
|move|p2a: Alomomola|Wish|p2a: Alomomola
|
|-heal|p1a: Blissey|59/100|[from] item: Leftovers
|upkeep
|turn|126
|
|t:|1781517901
|switch|p1a: Toxapex|Toxapex, F, shiny|71/100 brn
|move|p2a: Alomomola|Flip Turn|p1a: Toxapex
|-resisted|p1a: Toxapex
|-damage|p1a: Toxapex|66/100 brn
|
|t:|1781517907
|switch|p2a: Weezing|Weezing-Galar, M|33/100 brn|[from] Flip Turn
|-ability|p2a: Weezing|Neutralizing Gas
|
|-heal|p2a: Weezing|100/100 brn|[from] move: Wish|[wisher] Alomomola
|-damage|p2a: Weezing|95/100 brn|[from] brn
|-damage|p1a: Toxapex|60/100 brn|[from] brn
|upkeep
|turn|127
|
|t:|1781517916
|switch|p1a: Blissey|Blissey, F, shiny|59/100
|move|p2a: Weezing|Defog|p1a: Blissey
|-unboost|p1a: Blissey|evasion|1
|-sideend|p2: IFreakingluvStall|Stealth Rock|[from] move: Defog|[of] p2a: Weezing
|
|-heal|p1a: Blissey|65/100|[from] item: Leftovers
|-damage|p2a: Weezing|89/100 brn|[from] brn
|upkeep
|turn|128
|
|t:|1781517921
|move|p2a: Weezing|Will-O-Wisp|p1a: Blissey
|-status|p1a: Blissey|brn
|move|p1a: Blissey|Stealth Rock|p2a: Weezing
|-sidestart|p2: IFreakingluvStall|move: Stealth Rock
|
|-heal|p1a: Blissey|71/100 brn|[from] item: Leftovers
|-damage|p2a: Weezing|83/100 brn|[from] brn
|-damage|p1a: Blissey|65/100 brn|[from] brn
|upkeep
|turn|129
|
|t:|1781517925
|switch|p1a: Toxapex|Toxapex, F, shiny|60/100 brn
|move|p2a: Weezing|Defog|p1a: Toxapex
|-unboost|p1a: Toxapex|evasion|1
|-sideend|p2: IFreakingluvStall|Stealth Rock|[from] move: Defog|[of] p2a: Weezing
|
|-damage|p2a: Weezing|77/100 brn|[from] brn
|-damage|p1a: Toxapex|54/100 brn|[from] brn
|upkeep
|turn|130
|
|t:|1781517929
|-end|p2a: Weezing|ability: Neutralizing Gas
|switch|p2a: Gliscor|Gliscor, M|97/100 tox
|switch|p1a: Blissey|Blissey, F, shiny|65/100 brn
|
|-heal|p1a: Blissey|71/100 brn|[from] item: Leftovers
|-heal|p2a: Gliscor|100/100 tox|[from] ability: Poison Heal
|-damage|p1a: Blissey|65/100 brn|[from] brn
|upkeep
|turn|131
|
|t:|1781517934
|-curestatus|p1a: Blissey|brn|[from] ability: Natural Cure|[silent]
|switch|p1a: Toxapex|Toxapex, F, shiny|87/100 brn
|move|p2a: Gliscor|Knock Off|p1a: Toxapex
|-damage|p1a: Toxapex|77/100 brn
|
|-damage|p1a: Toxapex|71/100 brn|[from] brn
|upkeep
|turn|132
|
|t:|1781517943
|switch|p1a: Corviknight|Corviknight, M, shiny|63/100
|-ability|p1a: Corviknight|Pressure
|move|p2a: Gliscor|Stealth Rock|p1a: Corviknight
|-sidestart|p1: li dream|move: Stealth Rock
|
|upkeep
|turn|133
|
|t:|1781517950
|switch|p2a: Corviknight|Corviknight, M|100/100
|-ability|p2a: Corviknight|Pressure
|move|p1a: Corviknight|Defog|p2a: Corviknight
|-unboost|p2a: Corviknight|evasion|1
|-sideend|p1: li dream|Stealth Rock|[from] move: Defog|[of] p1a: Corviknight
|
|upkeep
|turn|134
|
|t:|1781517959
|switch|p1a: Blissey|Blissey, F, shiny|65/100
|switch|p2a: Gliscor|Gliscor, M|100/100 tox
|
|-heal|p1a: Blissey|71/100|[from] item: Leftovers
|upkeep
|turn|135
|
|t:|1781517967
|switch|p1a: Corviknight|Corviknight, M, shiny|63/100
|-ability|p1a: Corviknight|Pressure
|move|p2a: Gliscor|Stealth Rock|p1a: Corviknight
|-sidestart|p1: li dream|move: Stealth Rock
|
|upkeep
|turn|136
|
|t:|1781517971
|switch|p2a: Alomomola|Alomomola, F|100/100
|move|p1a: Corviknight|Defog|p2a: Alomomola
|-unboost|p2a: Alomomola|evasion|1
|-sideend|p1: li dream|Stealth Rock|[from] move: Defog|[of] p1a: Corviknight
|
|upkeep
|turn|137
|
|t:|1781517975
|switch|p1a: Blissey|Blissey, F, shiny|71/100
|move|p2a: Alomomola|Scald|p1a: Blissey
|-damage|p1a: Blissey|67/100
|-status|p1a: Blissey|brn
|
|-heal|p1a: Blissey|73/100 brn|[from] item: Leftovers
|-damage|p1a: Blissey|67/100 brn|[from] brn
|upkeep
|turn|138
|
|t:|1781517982
|move|p1a: Blissey|Stealth Rock|p2a: Alomomola
|-sidestart|p2: IFreakingluvStall|move: Stealth Rock
|move|p2a: Alomomola|Flip Turn|p1a: Blissey
|-damage|p1a: Blissey|51/100 brn
|
|t:|1781517987
|switch|p2a: Weezing|Weezing-Galar, M|77/100 brn|[from] Flip Turn
|-ability|p2a: Weezing|Neutralizing Gas
|
|-heal|p1a: Blissey|58/100 brn|[from] item: Leftovers
|-damage|p2a: Weezing|71/100 brn|[from] brn
|-damage|p1a: Blissey|51/100 brn|[from] brn
|upkeep
|turn|139
|
|t:|1781518014
|move|p2a: Weezing|Defog|p1a: Blissey
|-unboost|p1a: Blissey|evasion|1
|-sideend|p2: IFreakingluvStall|Stealth Rock|[from] move: Defog|[of] p2a: Weezing
|move|p1a: Blissey|Calm Mind|p1a: Blissey
|-boost|p1a: Blissey|spa|1
|-boost|p1a: Blissey|spd|1
|
|-heal|p1a: Blissey|58/100 brn|[from] item: Leftovers
|-damage|p2a: Weezing|65/100 brn|[from] brn
|-damage|p1a: Blissey|51/100 brn|[from] brn
|upkeep
|turn|140
|
|t:|1781518022
|-end|p2a: Weezing|ability: Neutralizing Gas
|switch|p2a: Blissey|Blissey, F|66/100
|move|p1a: Blissey|Stealth Rock|p2a: Blissey
|-sidestart|p2: IFreakingluvStall|move: Stealth Rock
|
|-heal|p1a: Blissey|58/100 brn|[from] item: Leftovers
|-damage|p1a: Blissey|51/100 brn|[from] brn
|upkeep
|turn|141
|
|t:|1781518029
|-curestatus|p1a: Blissey|brn|[from] ability: Natural Cure|[silent]
|switch|p1a: Toxapex|Toxapex, F, shiny|100/100 brn
|move|p2a: Blissey|Soft-Boiled|p2a: Blissey
|-heal|p2a: Blissey|100/100
|
|-damage|p1a: Toxapex|95/100 brn|[from] brn
|upkeep
|turn|142
|inactive|li dream has 120 seconds left.
|
|t:|1781518043
|switch|p2a: Corviknight|Corviknight, M|100/100
|-damage|p2a: Corviknight|88/100|[from] Stealth Rock
|-ability|p2a: Corviknight|Pressure
|move|p1a: Toxapex|Toxic|p2a: Corviknight
|-immune|p2a: Corviknight
|
|-heal|p2a: Corviknight|94/100|[from] item: Leftovers
|-damage|p1a: Toxapex|89/100 brn|[from] brn
|upkeep
|turn|143
|inactive|li dream has 120 seconds left.
|
|t:|1781518051
|switch|p2a: Weezing|Weezing-Galar, M|65/100 brn
|-ability|p2a: Weezing|Neutralizing Gas
|switch|p1a: Corviknight|Corviknight, M, shiny|63/100
|
|-damage|p2a: Weezing|59/100 brn|[from] brn
|upkeep
|turn|144
|inactive|li dream has 120 seconds left.
|
|t:|1781518057
|switch|p1a: Toxapex|Toxapex, F, shiny|89/100 brn
|move|p2a: Weezing|Defog|p1a: Toxapex
|-unboost|p1a: Toxapex|evasion|1
|-sideend|p2: IFreakingluvStall|Stealth Rock|[from] move: Defog|[of] p2a: Weezing
|
|-damage|p2a: Weezing|53/100 brn|[from] brn
|-damage|p1a: Toxapex|83/100 brn|[from] brn
|upkeep
|turn|145
|inactive|li dream has 120 seconds left.
|
|t:|1781518065
|move|p2a: Weezing|Pain Split|p1a: Toxapex
|-sethp|p1a: Toxapex|70/100 brn|[from] move: Pain Split|[silent]
|-sethp|p2a: Weezing|64/100 brn|[from] move: Pain Split
|move|p1a: Toxapex|Poison Jab|p2a: Weezing
|-damage|p2a: Weezing|58/100 brn
|
|-damage|p2a: Weezing|52/100 brn|[from] brn
|-damage|p1a: Toxapex|64/100 brn|[from] brn
|upkeep
|turn|146
|
|t:|1781518074
|-end|p2a: Weezing|ability: Neutralizing Gas
|switch|p2a: Gliscor|Gliscor, M|100/100 tox
|move|p1a: Toxapex|Poison Jab|p2a: Gliscor
|-resisted|p2a: Gliscor
|-damage|p2a: Gliscor|97/100 tox
|
|-heal|p2a: Gliscor|100/100 tox|[from] ability: Poison Heal
|-damage|p1a: Toxapex|58/100 brn|[from] brn
|upkeep
|turn|147
|
|t:|1781518082
|switch|p2a: Alomomola|Alomomola, F|100/100
|switch|p1a: Corviknight|Corviknight, M, shiny|63/100
|-ability|p1a: Corviknight|Pressure
|
|upkeep
|turn|148
|
|t:|1781518090
|switch|p1a: Toxapex|Toxapex, F, shiny|92/100 brn
|move|p2a: Alomomola|Scald|p1a: Toxapex
|-resisted|p1a: Toxapex
|-damage|p1a: Toxapex|87/100 brn
|
|-damage|p1a: Toxapex|81/100 brn|[from] brn
|upkeep
|turn|149
|
|t:|1781518099
|switch|p2a: Corviknight|Corviknight, M|94/100
|-ability|p2a: Corviknight|Pressure
|move|p1a: Toxapex|Toxic|p2a: Corviknight
|-immune|p2a: Corviknight
|
|-heal|p2a: Corviknight|100/100|[from] item: Leftovers
|-damage|p1a: Toxapex|75/100 brn|[from] brn
|upkeep
|turn|150
|
|t:|1781518104
|switch|p1a: Corviknight|Corviknight, M, shiny|63/100
|-ability|p1a: Corviknight|Pressure
|move|p2a: Corviknight|Iron Defense|p2a: Corviknight
|-boost|p2a: Corviknight|def|2
|
|upkeep
|turn|151
|
|t:|1781518111
|switch|p1a: Toxapex|Toxapex, F, shiny|100/100 brn
|move|p2a: Corviknight|Iron Defense|p2a: Corviknight
|-boost|p2a: Corviknight|def|2
|
|-damage|p1a: Toxapex|95/100 brn|[from] brn
|upkeep
|turn|152
|
|t:|1781518129
|switch|p1a: Dondozo|Dondozo, F, shiny|82/100
|move|p2a: Corviknight|Iron Defense|p2a: Corviknight
|-boost|p2a: Corviknight|def|2
|
|-heal|p1a: Dondozo|89/100|[from] item: Leftovers
|upkeep
|turn|153
|
|t:|1781518138
|switch|p2a: Gliscor|Gliscor, M|100/100 tox
|move|p1a: Dondozo|Curse|p1a: Dondozo
|-unboost|p1a: Dondozo|spe|1
|-boost|p1a: Dondozo|atk|1
|-boost|p1a: Dondozo|def|1
|
|-heal|p1a: Dondozo|95/100|[from] item: Leftovers
|upkeep
|turn|154
|
|t:|1781518143
|switch|p1a: Toxapex|Toxapex, F, shiny|100/100 brn
|move|p2a: Gliscor|Knock Off|p1a: Toxapex
|-damage|p1a: Toxapex|91/100 brn
|
|-damage|p1a: Toxapex|85/100 brn|[from] brn
|upkeep
|turn|155
|inactive|li dream has 120 seconds left.
|c|☆IFreakingluvStall|i can do this all day
|
|t:|1781518173
|switch|p2a: Blissey|Blissey, F|100/100
|move|p1a: Toxapex|Haze|p1a: Toxapex
|-clearallboost
|
|-damage|p1a: Toxapex|79/100 brn|[from] brn
|upkeep
|turn|156
|
|t:|1781518183
|switch|p2a: Gliscor|Gliscor, M|100/100 tox
|switch|p1a: Blissey|Blissey, F, shiny|51/100
|
|-heal|p1a: Blissey|58/100|[from] item: Leftovers
|upkeep
|turn|157
|
|t:|1781518194
|switch|p2a: Weezing|Weezing-Galar, M|52/100 brn
|-ability|p2a: Weezing|Neutralizing Gas
|switch|p1a: Corviknight|Corviknight, M, shiny|63/100
|
|-damage|p2a: Weezing|46/100 brn|[from] brn
|upkeep
|turn|158
|
|t:|1781518201
|switch|p1a: Toxapex|Toxapex, F, shiny|100/100 brn
|move|p2a: Weezing|Pain Split|p1a: Toxapex
|-sethp|p1a: Toxapex|75/100 brn|[from] move: Pain Split|[silent]
|-sethp|p2a: Weezing|68/100 brn|[from] move: Pain Split
|
|-damage|p2a: Weezing|62/100 brn|[from] brn
|-damage|p1a: Toxapex|69/100 brn|[from] brn
|upkeep
|turn|159
|
|t:|1781518208
|-end|p2a: Weezing|ability: Neutralizing Gas
|switch|p2a: Corviknight|Corviknight, M|100/100
|-ability|p2a: Corviknight|Pressure
|move|p1a: Toxapex|Poison Jab|p2a: Corviknight
|-immune|p2a: Corviknight
|
|-damage|p1a: Toxapex|64/100 brn|[from] brn
|upkeep
|turn|160
|
|t:|1781518225
|switch|p2a: Gliscor|Gliscor, M|100/100 tox
|switch|p1a: Corviknight|Corviknight, M, shiny|63/100
|-ability|p1a: Corviknight|Pressure
|
|upkeep
|turn|161
|
|t:|1781518246
|switch|p2a: Alomomola|Alomomola, F|100/100
|switch|p1a: Toxapex|Toxapex, F, shiny|97/100 brn
|
|-damage|p1a: Toxapex|91/100 brn|[from] brn
|upkeep
|turn|162
|
|t:|1781518254
|switch|p2a: Corviknight|Corviknight, M|100/100
|-ability|p2a: Corviknight|Pressure
|move|p1a: Toxapex|Toxic|p2a: Corviknight
|-immune|p2a: Corviknight
|
|-damage|p1a: Toxapex|85/100 brn|[from] brn
|upkeep
|turn|163
|
|t:|1781518261
|switch|p2a: Gliscor|Gliscor, M|100/100 tox
|switch|p1a: Corviknight|Corviknight, M, shiny|63/100
|-ability|p1a: Corviknight|Pressure
|
|upkeep
|turn|164
|
|t:|1781518266
|switch|p2a: Corviknight|Corviknight, M|100/100
|-ability|p2a: Corviknight|Pressure
|switch|p1a: Toxapex|Toxapex, F, shiny|100/100 brn
|
|-damage|p1a: Toxapex|95/100 brn|[from] brn
|upkeep
|turn|165
|
|t:|1781518272
|switch|p2a: Gliscor|Gliscor, M|100/100 tox
|switch|p1a: Corviknight|Corviknight, M, shiny|63/100
|-ability|p1a: Corviknight|Pressure
|
|upkeep
|turn|166
|
|t:|1781518285
|switch|p2a: Corviknight|Corviknight, M|100/100
|-ability|p2a: Corviknight|Pressure
|switch|p1a: Toxapex|Toxapex, F, shiny|100/100 brn
|
|-damage|p1a: Toxapex|95/100 brn|[from] brn
|upkeep
|turn|167
|
|t:|1781518292
|switch|p2a: Gliscor|Gliscor, M|100/100 tox
|switch|p1a: Corviknight|Corviknight, M, shiny|63/100
|-ability|p1a: Corviknight|Pressure
|
|upkeep
|turn|168
|
|t:|1781518295
|switch|p1a: Toxapex|Toxapex, F, shiny|100/100 brn
|move|p2a: Gliscor|Stealth Rock|p1a: Toxapex
|-sidestart|p1: li dream|move: Stealth Rock
|
|-damage|p1a: Toxapex|95/100 brn|[from] brn
|upkeep
|turn|169
|
|t:|1781518303
|switch|p2a: Weezing|Weezing-Galar, M|62/100 brn
|-ability|p2a: Weezing|Neutralizing Gas
|switch|p1a: Corviknight|Corviknight, M, shiny|63/100
|-damage|p1a: Corviknight|50/100|[from] Stealth Rock
|
|-damage|p2a: Weezing|56/100 brn|[from] brn
|upkeep
|turn|170
|
|t:|1781518312
|switch|p1a: Toxapex|Toxapex, F, shiny|95/100 brn
|-damage|p1a: Toxapex|82/100 brn|[from] Stealth Rock
|move|p2a: Weezing|Will-O-Wisp|p1a: Toxapex
|-fail|p1a: Toxapex|brn
|
|-damage|p2a: Weezing|50/100 brn|[from] brn
|-damage|p1a: Toxapex|76/100 brn|[from] brn
|upkeep
|turn|171
|inactive|li dream has 120 seconds left.
|inactive|li dream has 90 seconds left.
|
|t:|1781518376
|move|p2a: Weezing|Pain Split|p1a: Toxapex
|-sethp|p1a: Toxapex|66/100 brn|[from] move: Pain Split|[silent]
|-sethp|p2a: Weezing|60/100 brn|[from] move: Pain Split
|move|p1a: Toxapex|Haze|p1a: Toxapex
|-clearallboost
|
|-damage|p2a: Weezing|54/100 brn|[from] brn
|-damage|p1a: Toxapex|60/100 brn|[from] brn
|upkeep
|turn|172
|
|t:|1781518386
|move|p2a: Weezing|Will-O-Wisp|p1a: Toxapex
|-fail|p1a: Toxapex|brn
|move|p1a: Toxapex|Haze|p1a: Toxapex
|-clearallboost
|
|-damage|p2a: Weezing|48/100 brn|[from] brn
|-damage|p1a: Toxapex|54/100 brn|[from] brn
|upkeep
|turn|173
|
|t:|1781518390
|move|p2a: Weezing|Pain Split|p1a: Toxapex
|-sethp|p1a: Toxapex|53/100 brn|[from] move: Pain Split|[silent]
|-sethp|p2a: Weezing|48/100 brn|[from] move: Pain Split
|move|p1a: Toxapex|Haze|p1a: Toxapex
|-clearallboost
|
|-damage|p2a: Weezing|42/100 brn|[from] brn
|-damage|p1a: Toxapex|47/100 brn|[from] brn
|upkeep
|turn|174
|
|t:|1781518399
|-end|p2a: Weezing|ability: Neutralizing Gas
|switch|p2a: Corviknight|Corviknight, M|100/100
|-ability|p2a: Corviknight|Pressure
|move|p1a: Toxapex|Haze|p1a: Toxapex
|-clearallboost
|
|-damage|p1a: Toxapex|41/100 brn|[from] brn
|upkeep
|turn|175
|
|t:|1781518414
|switch|p2a: Weezing|Weezing-Galar, M|42/100 brn
|-ability|p2a: Weezing|Neutralizing Gas
|switch|p1a: Corviknight|Corviknight, M, shiny|50/100
|-damage|p1a: Corviknight|38/100|[from] Stealth Rock
|
|-damage|p2a: Weezing|36/100 brn|[from] brn
|upkeep
|turn|176
|
|t:|1781518427
|switch|p1a: Toxapex|Toxapex, F, shiny|41/100 brn
|-damage|p1a: Toxapex|29/100 brn|[from] Stealth Rock
|-end|p2a: Weezing|ability: Neutralizing Gas
|switch|p2a: Corviknight|Corviknight, M|100/100
|-ability|p2a: Corviknight|Pressure
|
|-damage|p1a: Toxapex|23/100 brn|[from] brn
|upkeep
|turn|177
|
|t:|1781518432
|switch|p2a: Weezing|Weezing-Galar, M|36/100 brn
|-ability|p2a: Weezing|Neutralizing Gas
|switch|p1a: Corviknight|Corviknight, M, shiny|38/100
|-damage|p1a: Corviknight|26/100|[from] Stealth Rock
|
|-damage|p2a: Weezing|30/100 brn|[from] brn
|upkeep
|turn|178
|
|t:|1781518440
|switch|p1a: Blissey|Blissey, F, shiny|58/100
|-damage|p1a: Blissey|45/100|[from] Stealth Rock
|move|p2a: Weezing|Will-O-Wisp|p1a: Blissey
|-status|p1a: Blissey|brn
|
|-heal|p1a: Blissey|51/100 brn|[from] item: Leftovers
|-damage|p2a: Weezing|24/100 brn|[from] brn
|-damage|p1a: Blissey|45/100 brn|[from] brn
|upkeep
|turn|179
|
|t:|1781518443
|move|p2a: Weezing|Pain Split|p1a: Blissey
|-sethp|p1a: Blissey|29/100 brn|[from] move: Pain Split|[silent]
|-sethp|p2a: Weezing|56/100 brn|[from] move: Pain Split
|move|p1a: Blissey|Stealth Rock|p2a: Weezing
|-sidestart|p2: IFreakingluvStall|move: Stealth Rock
|
|-heal|p1a: Blissey|35/100 brn|[from] item: Leftovers
|-damage|p2a: Weezing|50/100 brn|[from] brn
|-damage|p1a: Blissey|29/100 brn|[from] brn
|upkeep
|turn|180
|
|t:|1781518449
|move|p2a: Weezing|Defog|p1a: Blissey
|-unboost|p1a: Blissey|evasion|1
|-sideend|p1: li dream|Stealth Rock|[from] move: Defog|[of] p2a: Weezing
|-sideend|p2: IFreakingluvStall|Stealth Rock|[from] move: Defog|[of] p2a: Weezing
|move|p1a: Blissey|Soft-Boiled|p1a: Blissey
|-heal|p1a: Blissey|79/100 brn
|
|-heal|p1a: Blissey|85/100 brn|[from] item: Leftovers
|-damage|p2a: Weezing|44/100 brn|[from] brn
|-damage|p1a: Blissey|79/100 brn|[from] brn
|upkeep
|turn|181
|
|t:|1781518455
|-end|p2a: Weezing|ability: Neutralizing Gas
|switch|p2a: Corviknight|Corviknight, M|100/100
|-ability|p2a: Corviknight|Pressure
|-curestatus|p1a: Blissey|brn|[from] ability: Natural Cure|[silent]
|switch|p1a: Toxapex|Toxapex, F, shiny|23/100 brn
|
|-damage|p1a: Toxapex|17/100 brn|[from] brn
|upkeep
|turn|182
|
|t:|1781518463
|switch|p2a: Weezing|Weezing-Galar, M|44/100 brn
|-ability|p2a: Weezing|Neutralizing Gas
|switch|p1a: Corviknight|Corviknight, M, shiny|26/100
|
|-damage|p2a: Weezing|38/100 brn|[from] brn
|upkeep
|turn|183
|
|t:|1781518472
|switch|p1a: Toxapex|Toxapex, F, shiny|17/100 brn
|move|p2a: Weezing|Sludge Bomb|p1a: Toxapex
|-resisted|p1a: Toxapex
|-crit|p1a: Toxapex
|-damage|p1a: Toxapex|3/100 brn
|
|-damage|p2a: Weezing|32/100 brn|[from] brn
|-damage|p1a: Toxapex|0 fnt|[from] brn
|faint|p1a: Toxapex
|upkeep
|
|t:|1781518486
|switch|p1a: Dondozo|Dondozo, F, shiny|95/100
|turn|184
|
|t:|1781518489
|move|p2a: Weezing|Pain Split|p1a: Dondozo
|-sethp|p1a: Dondozo|58/100|[from] move: Pain Split|[silent]
|-sethp|p2a: Weezing|87/100 brn|[from] move: Pain Split
|move|p1a: Dondozo|Curse|p1a: Dondozo
|-unboost|p1a: Dondozo|spe|1
|-boost|p1a: Dondozo|atk|1
|-boost|p1a: Dondozo|def|1
|
|-heal|p1a: Dondozo|64/100|[from] item: Leftovers
|-damage|p2a: Weezing|81/100 brn|[from] brn
|upkeep
|turn|185
|
|t:|1781518493
|move|p2a: Weezing|Will-O-Wisp|p1a: Dondozo
|-status|p1a: Dondozo|brn
|move|p1a: Dondozo|Curse|p1a: Dondozo
|-unboost|p1a: Dondozo|spe|1
|-boost|p1a: Dondozo|atk|1
|-boost|p1a: Dondozo|def|1
|
|-heal|p1a: Dondozo|70/100 brn|[from] item: Leftovers
|-damage|p2a: Weezing|75/100 brn|[from] brn
|-damage|p1a: Dondozo|64/100 brn|[from] brn
|upkeep
|turn|186
|
|t:|1781518505
|move|p2a: Weezing|Pain Split|p1a: Dondozo
|-sethp|p1a: Dondozo|57/100 brn|[from] move: Pain Split|[silent]
|-sethp|p2a: Weezing|86/100 brn|[from] move: Pain Split
|move|p1a: Dondozo|Curse|p1a: Dondozo
|-unboost|p1a: Dondozo|spe|1
|-boost|p1a: Dondozo|atk|1
|-boost|p1a: Dondozo|def|1
|
|-heal|p1a: Dondozo|63/100 brn|[from] item: Leftovers
|-damage|p2a: Weezing|80/100 brn|[from] brn
|-damage|p1a: Dondozo|57/100 brn|[from] brn
|upkeep
|turn|187
|
|t:|1781518510
|move|p2a: Weezing|Sludge Bomb|p1a: Dondozo
|-damage|p1a: Dondozo|31/100 brn
|move|p1a: Dondozo|Curse|p1a: Dondozo
|-unboost|p1a: Dondozo|spe|1
|-boost|p1a: Dondozo|atk|1
|-boost|p1a: Dondozo|def|1
|
|-heal|p1a: Dondozo|37/100 brn|[from] item: Leftovers
|-damage|p2a: Weezing|74/100 brn|[from] brn
|-damage|p1a: Dondozo|31/100 brn|[from] brn
|upkeep
|turn|188
|
|t:|1781518515
|move|p2a: Weezing|Sludge Bomb|p1a: Dondozo
|-damage|p1a: Dondozo|4/100 brn
|move|p1a: Dondozo|Rest|p1a: Dondozo
|-status|p1a: Dondozo|slp|[from] move: Rest
|-heal|p1a: Dondozo|100/100 slp|[silent]
|
|-damage|p2a: Weezing|68/100 brn|[from] brn
|upkeep
|turn|189
|
|t:|1781518525
|-terastallize|p1a: Dondozo|Fighting
|move|p2a: Weezing|Pain Split|p1a: Dondozo
|-sethp|p1a: Dondozo|73/100 slp|[from] move: Pain Split|[silent]
|-sethp|p2a: Weezing|100/100 brn|[from] move: Pain Split
|cant|p1a: Dondozo|slp
|
|-heal|p1a: Dondozo|79/100 slp|[from] item: Leftovers
|-damage|p2a: Weezing|95/100 brn|[from] brn
|upkeep
|turn|190
|
|t:|1781518534
|move|p2a: Weezing|Sludge Bomb|p1a: Dondozo
|-damage|p1a: Dondozo|51/100 slp
|cant|p1a: Dondozo|slp
|
|-heal|p1a: Dondozo|58/100 slp|[from] item: Leftovers
|-damage|p2a: Weezing|89/100 brn|[from] brn
|upkeep
|turn|191
|
|t:|1781518542
|move|p2a: Weezing|Sludge Bomb|p1a: Dondozo
|-damage|p1a: Dondozo|33/100 slp
|-curestatus|p1a: Dondozo|slp|[msg]
|move|p1a: Dondozo|Wave Crash|p2a: Weezing
|-damage|p2a: Weezing|6/100 brn
|-damage|p1a: Dondozo|15/100|[from] Recoil
|
|-heal|p1a: Dondozo|21/100|[from] item: Leftovers
|-damage|p2a: Weezing|0 fnt|[from] brn
|faint|p2a: Weezing
|-end|p2a: Weezing|ability: Neutralizing Gas
|upkeep
|
|t:|1781518563
|switch|p2a: Dondozo|Dondozo, F, shiny|88/100
|turn|192
|
|t:|1781518568
|move|p2a: Dondozo|Body Press|p1a: Dondozo
|-damage|p1a: Dondozo|9/100
|move|p1a: Dondozo|Rest|p1a: Dondozo
|-status|p1a: Dondozo|slp|[from] move: Rest
|-heal|p1a: Dondozo|100/100 slp|[silent]
|
|upkeep
|turn|193
|
|t:|1781518580
|move|p2a: Dondozo|Curse|p2a: Dondozo
|-unboost|p2a: Dondozo|spe|1
|-boost|p2a: Dondozo|atk|1
|-boost|p2a: Dondozo|def|1
|cant|p1a: Dondozo|slp
|
|upkeep
|turn|194
|
|t:|1781518590
|switch|p2a: Gliscor|Gliscor, M|100/100 tox
|cant|p1a: Dondozo|slp
|
|upkeep
|turn|195
|inactive|IFreakingluvStall has 120 seconds left.
|
|t:|1781518605
|-terastallize|p2a: Gliscor|Fairy
|move|p2a: Gliscor|Knock Off|p1a: Dondozo
|-resisted|p1a: Dondozo
|-damage|p1a: Dondozo|99/100 slp
|-enditem|p1a: Dondozo|Leftovers|[from] move: Knock Off|[of] p2a: Gliscor
|-curestatus|p1a: Dondozo|slp|[msg]
|move|p1a: Dondozo|Wave Crash|p2a: Gliscor
|-damage|p2a: Gliscor|3/100 tox
|-damage|p1a: Dondozo|76/100|[from] Recoil
|
|-heal|p2a: Gliscor|16/100 tox|[from] ability: Poison Heal
|upkeep
|turn|196
|inactive|IFreakingluvStall has 120 seconds left.
|
|t:|1781518617
|move|p2a: Gliscor|Protect|p2a: Gliscor
|-singleturn|p2a: Gliscor|Protect
|move|p1a: Dondozo|Body Press|p2a: Gliscor
|-activate|p2a: Gliscor|move: Protect
|
|-heal|p2a: Gliscor|28/100 tox|[from] ability: Poison Heal
|upkeep
|turn|197
|
|t:|1781518629
|switch|p2a: Dondozo|Dondozo, F, shiny|88/100
|move|p1a: Dondozo|Curse|p1a: Dondozo
|-unboost|p1a: Dondozo|spe|1
|-boost|p1a: Dondozo|atk|1
|-boost|p1a: Dondozo|def|1
|
|upkeep
|turn|198
|
|t:|1781518633
|move|p2a: Dondozo|Curse|p2a: Dondozo
|-unboost|p2a: Dondozo|spe|1
|-boost|p2a: Dondozo|atk|1
|-boost|p2a: Dondozo|def|1
|move|p1a: Dondozo|Curse|p1a: Dondozo
|-unboost|p1a: Dondozo|spe|1
|-boost|p1a: Dondozo|atk|1
|-boost|p1a: Dondozo|def|1
|
|upkeep
|turn|199
|
|t:|1781518638
|move|p2a: Dondozo|Curse|p2a: Dondozo
|-unboost|p2a: Dondozo|spe|1
|-boost|p2a: Dondozo|atk|1
|-boost|p2a: Dondozo|def|1
|move|p1a: Dondozo|Curse|p1a: Dondozo
|
|upkeep
|turn|200
|
|t:|1781518640
|move|p2a: Dondozo|Curse|p2a: Dondozo
|-unboost|p2a: Dondozo|spe|1
|-boost|p2a: Dondozo|atk|1
|-boost|p2a: Dondozo|def|1
|move|p1a: Dondozo|Curse|p1a: Dondozo
|
|upkeep
|turn|201
|
|t:|1781518644
|move|p2a: Dondozo|Curse|p2a: Dondozo
|-unboost|p2a: Dondozo|spe|1
|-boost|p2a: Dondozo|atk|1
|-boost|p2a: Dondozo|def|1
|move|p1a: Dondozo|Curse|p1a: Dondozo
|
|upkeep
|turn|202
|inactive|IFreakingluvStall has 120 seconds left.
|inactive|li dream has 120 seconds left.
|
|t:|1781518680
|move|p2a: Dondozo|Body Press|p1a: Dondozo
|-damage|p1a: Dondozo|64/100
|move|p1a: Dondozo|Curse|p1a: Dondozo
|
|upkeep
|turn|203
|
|t:|1781518691
|move|p2a: Dondozo|Curse|p2a: Dondozo
|-unboost|p2a: Dondozo|spe|1
|-boost|p2a: Dondozo|atk|1
|-boost|p2a: Dondozo|def|1
|move|p1a: Dondozo|Curse|p1a: Dondozo
|
|upkeep
|turn|204
|inactive|IFreakingluvStall has 90 seconds left.
|
|t:|1781518718
|move|p2a: Dondozo|Curse|p2a: Dondozo
|-unboost|p2a: Dondozo|spe|1
|-boost|p2a: Dondozo|atk|1
|-boost|p2a: Dondozo|def|1
|move|p1a: Dondozo|Rest|p1a: Dondozo
|-status|p1a: Dondozo|slp|[from] move: Rest
|-heal|p1a: Dondozo|100/100 slp|[silent]
|
|upkeep
|turn|205
|
|t:|1781518736
|switch|p2a: Corviknight|Corviknight, M|100/100
|-ability|p2a: Corviknight|Pressure
|cant|p1a: Dondozo|slp
|
|upkeep
|turn|206
|
|t:|1781518746
|move|p2a: Corviknight|Iron Defense|p2a: Corviknight
|-boost|p2a: Corviknight|def|2
|cant|p1a: Dondozo|slp
|
|upkeep
|turn|207
|
|t:|1781518751
|switch|p2a: Dondozo|Dondozo, F, shiny|88/100
|-curestatus|p1a: Dondozo|slp|[msg]
|move|p1a: Dondozo|Curse|p1a: Dondozo
|
|upkeep
|turn|208
|
|t:|1781518758
|move|p2a: Dondozo|Curse|p2a: Dondozo
|-unboost|p2a: Dondozo|spe|1
|-boost|p2a: Dondozo|atk|1
|-boost|p2a: Dondozo|def|1
|move|p1a: Dondozo|Body Press|p2a: Dondozo
|-damage|p2a: Dondozo|71/100
|
|upkeep
|turn|209
|
|t:|1781518765
|move|p2a: Dondozo|Curse|p2a: Dondozo
|-unboost|p2a: Dondozo|spe|1
|-boost|p2a: Dondozo|atk|1
|-boost|p2a: Dondozo|def|1
|move|p1a: Dondozo|Curse|p1a: Dondozo
|
|upkeep
|turn|210
|
|t:|1781518773
|move|p2a: Dondozo|Curse|p2a: Dondozo
|-unboost|p2a: Dondozo|spe|1
|-boost|p2a: Dondozo|atk|1
|-boost|p2a: Dondozo|def|1
|move|p1a: Dondozo|Curse|p1a: Dondozo
|
|upkeep
|turn|211
|
|t:|1781518778
|move|p2a: Dondozo|Curse|p2a: Dondozo
|-unboost|p2a: Dondozo|spe|1
|-boost|p2a: Dondozo|atk|1
|-boost|p2a: Dondozo|def|1
|move|p1a: Dondozo|Curse|p1a: Dondozo
|
|upkeep
|turn|212
|
|t:|1781518785
|move|p2a: Dondozo|Body Press|p1a: Dondozo
|-damage|p1a: Dondozo|87/100
|move|p1a: Dondozo|Body Press|p2a: Dondozo
|-damage|p2a: Dondozo|52/100
|
|upkeep
|turn|213
|inactive|IFreakingluvStall has 60 seconds left.
|
|t:|1781518792
|move|p2a: Dondozo|Rest|p2a: Dondozo
|-status|p2a: Dondozo|slp|[from] move: Rest
|-heal|p2a: Dondozo|100/100 slp|[silent]
|move|p1a: Dondozo|Body Press|p2a: Dondozo
|-damage|p2a: Dondozo|80/100 slp
|
|upkeep
|turn|214
|inactive|IFreakingluvStall has 60 seconds left.
|
|t:|1781518801
|cant|p2a: Dondozo|slp
|move|p1a: Dondozo|Body Press|p2a: Dondozo
|-damage|p2a: Dondozo|61/100 slp
|
|upkeep
|turn|215
|
|t:|1781518807
|cant|p2a: Dondozo|slp
|move|p2a: Dondozo|Sleep Talk|p2a: Dondozo
|move|p2a: Dondozo|Curse|p2a: Dondozo|[from] move: Sleep Talk
|-unboost|p2a: Dondozo|spe|1
|-boost|p2a: Dondozo|atk|1
|-boost|p2a: Dondozo|def|1
|move|p1a: Dondozo|Rest|p1a: Dondozo
|-status|p1a: Dondozo|slp|[from] move: Rest
|-heal|p1a: Dondozo|100/100 slp|[silent]
|
|upkeep
|turn|216
|
|t:|1781518825
|-curestatus|p2a: Dondozo|slp|[msg]
|move|p2a: Dondozo|Sleep Talk||[still]
|-fail|p2a: Dondozo
|cant|p1a: Dondozo|slp
|
|upkeep
|turn|217
|
|t:|1781518831
|move|p2a: Dondozo|Rest|p2a: Dondozo
|-status|p2a: Dondozo|slp|[from] move: Rest
|-heal|p2a: Dondozo|100/100 slp|[silent]
|cant|p1a: Dondozo|slp
|
|upkeep
|turn|218
|
|t:|1781518837
|cant|p2a: Dondozo|slp
|move|p2a: Dondozo|Sleep Talk|p2a: Dondozo
|move|p2a: Dondozo|Curse|p2a: Dondozo|[from] move: Sleep Talk
|-unboost|p2a: Dondozo|spe|1
|-boost|p2a: Dondozo|atk|1
|-boost|p2a: Dondozo|def|1
|-curestatus|p1a: Dondozo|slp|[msg]
|move|p1a: Dondozo|Rest|p1a: Dondozo
|-fail|p1a: Dondozo|heal
|
|upkeep
|turn|219
|
|t:|1781518848
|move|p1a: Dondozo|Wave Crash|p2a: Dondozo
|-resisted|p2a: Dondozo
|-damage|p2a: Dondozo|91/100 slp
|-damage|p1a: Dondozo|97/100|[from] Recoil
|cant|p2a: Dondozo|slp
|
|upkeep
|turn|220
|inactive|IFreakingluvStall has 30 seconds left.
|
|t:|1781518861
|move|p1a: Dondozo|Wave Crash|p2a: Dondozo
|-resisted|p2a: Dondozo
|-damage|p2a: Dondozo|81/100 slp
|-damage|p1a: Dondozo|94/100|[from] Recoil
|-curestatus|p2a: Dondozo|slp|[msg]
|move|p2a: Dondozo|Body Press|p1a: Dondozo
|-damage|p1a: Dondozo|80/100
|
|upkeep
|turn|221
|inactive|IFreakingluvStall has 30 seconds left this turn.
|
|t:|1781518865
|move|p1a: Dondozo|Wave Crash|p2a: Dondozo
|-resisted|p2a: Dondozo
|-damage|p2a: Dondozo|73/100
|-damage|p1a: Dondozo|78/100|[from] Recoil
|move|p2a: Dondozo|Body Press|p1a: Dondozo
|-damage|p1a: Dondozo|66/100
|
|upkeep
|turn|222
|
|t:|1781518869
|move|p1a: Dondozo|Wave Crash|p2a: Dondozo
|-resisted|p2a: Dondozo
|-damage|p2a: Dondozo|64/100
|-damage|p1a: Dondozo|63/100|[from] Recoil
|move|p2a: Dondozo|Body Press|p1a: Dondozo
|-damage|p1a: Dondozo|49/100
|
|upkeep
|turn|223
|
|t:|1781518872
|move|p1a: Dondozo|Wave Crash|p2a: Dondozo
|-resisted|p2a: Dondozo
|-damage|p2a: Dondozo|55/100
|-damage|p1a: Dondozo|46/100|[from] Recoil
|move|p2a: Dondozo|Body Press|p1a: Dondozo
|-damage|p1a: Dondozo|33/100
|
|upkeep
|turn|224
|
|t:|1781518875
|move|p1a: Dondozo|Wave Crash|p2a: Dondozo
|-resisted|p2a: Dondozo
|-damage|p2a: Dondozo|46/100
|-damage|p1a: Dondozo|30/100|[from] Recoil
|move|p2a: Dondozo|Body Press|p1a: Dondozo
|-damage|p1a: Dondozo|17/100
|
|upkeep
|turn|225
|
|t:|1781518879
|move|p1a: Dondozo|Rest|p1a: Dondozo
|-status|p1a: Dondozo|slp|[from] move: Rest
|-heal|p1a: Dondozo|100/100 slp|[silent]
|move|p2a: Dondozo|Body Press|p1a: Dondozo
|-damage|p1a: Dondozo|88/100 slp
|
|upkeep
|turn|226
|
|t:|1781518882
|cant|p1a: Dondozo|slp
|move|p2a: Dondozo|Rest|p2a: Dondozo
|-status|p2a: Dondozo|slp|[from] move: Rest
|-heal|p2a: Dondozo|100/100 slp|[silent]
|
|upkeep
|turn|227
|
|t:|1781518888
|switch|p1a: Corviknight|Corviknight, M, shiny|26/100
|-ability|p1a: Corviknight|Pressure
|cant|p2a: Dondozo|slp
|
|upkeep
|turn|228
|
|t:|1781518896
|move|p1a: Corviknight|Roost|p1a: Corviknight
|-heal|p1a: Corviknight|76/100
|-singleturn|p1a: Corviknight|move: Roost
|cant|p2a: Dondozo|slp
|move|p2a: Dondozo|Sleep Talk|p2a: Dondozo
|move|p2a: Dondozo|Rest||[from] move: Sleep Talk|[still]
|-fail|p2a: Dondozo
|
|upkeep
|turn|229
|
|t:|1781518907
|move|p1a: Corviknight|Iron Defense|p1a: Corviknight
|-boost|p1a: Corviknight|def|2
|-curestatus|p2a: Dondozo|slp|[msg]
|move|p2a: Dondozo|Body Press|p1a: Corviknight
|-damage|p1a: Corviknight|0 fnt
|faint|p1a: Corviknight
|
|upkeep
|
|t:|1781518912
|switch|p1a: Blissey|Blissey, F, shiny|79/100
|turn|230
|
|t:|1781518915
|switch|p1a: Dondozo|Dondozo, F, shiny, tera:Fighting|88/100 slp
|move|p2a: Dondozo|Body Press|p1a: Dondozo
|-damage|p1a: Dondozo|75/100 slp
|
|upkeep
|turn|231
|
|t:|1781518922
|switch|p2a: Alomomola|Alomomola, F|100/100
|cant|p1a: Dondozo|slp
|
|upkeep
|turn|232
|-message|li dream forfeited.
|
|win|IFreakingluvStall
|raw|li dream's rating: 1639 &rarr; <strong>1621</strong><br />(-18 for losing)
|raw|IFreakingluvStall's rating: 1675 &rarr; <strong>1693</strong><br />(+18 for winning)
|l|☆li dream
|player|p1|
|j|☆li dream
|player|p1|li dream|cynthia|
|l|☆li dream
|player|p1|
