|j|☆Floundso
|j|☆xp180
|t:|1780998231
|gametype|singles
|player|p1|Floundso|giovanni|1568
|player|p2|xp180|265|1672
|gen|9
|tier|[Gen 9] OU
|rated|
|rule|HP Percentage Mod: HP is shown in percentages
|rule|Endless Battle Clause: Forcing endless battles is banned
|rule|Species Clause: Limit one of each Pokémon
|rule|OHKO Clause: OHKO moves are banned
|rule|Evasion Items Clause: Evasion items are banned
|rule|Evasion Moves Clause: Evasion moves are banned
|rule|Evasion Abilities Clause: Evasion abilities are banned
|rule|Sleep Moves Clause: Sleep-inducing moves are banned
|clearpoke
|poke|p1|Mew|
|poke|p1|Zapdos|
|poke|p1|Moltres|
|poke|p1|Iron Treads|
|poke|p1|Dragapult, M|
|poke|p1|Ogerpon-Wellspring, F|
|poke|p2|Araquanid, M|
|poke|p2|Gholdengo|
|poke|p2|Raging Bolt|
|poke|p2|Iron Valiant|
|poke|p2|Ceruledge, M|
|poke|p2|Deoxys-Speed|
|teampreview
|
|t:|1780998262
|teamsize|p1|6
|teamsize|p2|6
|start
|switch|p1a: Ogerpon|Ogerpon-Wellspring, F|100/100
|switch|p2a: Araquanid|Araquanid, M|100/100
|turn|1
|
|t:|1780998268
|move|p1a: Ogerpon|Spikes|p2a: Araquanid
|-sidestart|p2: xp180|Spikes
|move|p2a: Araquanid|Sticky Web|p1a: Ogerpon
|-sidestart|p1: Floundso|move: Sticky Web
|
|upkeep
|turn|2
|
|t:|1780998271
|move|p1a: Ogerpon|Spikes|p2a: Araquanid
|-sidestart|p2: xp180|Spikes
|move|p2a: Araquanid|Lunge|p1a: Ogerpon
|-supereffective|p1a: Ogerpon
|-damage|p1a: Ogerpon|53/100
|-unboost|p1a: Ogerpon|atk|1
|
|upkeep
|turn|3
|
|t:|1780998280
|switch|p1a: Zapdos|Zapdos|100/100
|move|p2a: Araquanid|Lunge|p1a: Zapdos
|-resisted|p1a: Zapdos
|-damage|p1a: Zapdos|94/100
|-unboost|p1a: Zapdos|atk|1
|-status|p2a: Araquanid|par|[from] ability: Static|[of] p1a: Zapdos
|
|upkeep
|turn|4
|
|t:|1780998283
|move|p1a: Zapdos|Volt Switch|p2a: Araquanid
|-supereffective|p2a: Araquanid
|-damage|p2a: Araquanid|58/100 par
|
|t:|1780998286
|switch|p1a: Ogerpon|Ogerpon-Wellspring, F|53/100|[from] Volt Switch
|-activate|p1a: Ogerpon|move: Sticky Web
|-unboost|p1a: Ogerpon|spe|1
|move|p2a: Araquanid|Surf|p1a: Ogerpon
|-heal|p1a: Ogerpon|78/100|[from] ability: Water Absorb|[of] p2a: Araquanid
|
|upkeep
|turn|5
|
|t:|1780998297
|move|p1a: Ogerpon|Spikes|p2a: Araquanid
|-sidestart|p2: xp180|Spikes
|move|p2a: Araquanid|Lunge|p1a: Ogerpon
|-supereffective|p1a: Ogerpon
|-damage|p1a: Ogerpon|24/100
|-unboost|p1a: Ogerpon|atk|1
|
|upkeep
|turn|6
|
|t:|1780998305
|move|p1a: Ogerpon|Synthesis|p1a: Ogerpon
|-heal|p1a: Ogerpon|74/100
|move|p2a: Araquanid|Lunge|p1a: Ogerpon
|-supereffective|p1a: Ogerpon
|-damage|p1a: Ogerpon|22/100
|-unboost|p1a: Ogerpon|atk|1
|
|upkeep
|turn|7
|
|t:|1780998309
|move|p1a: Ogerpon|Synthesis|p1a: Ogerpon
|-heal|p1a: Ogerpon|72/100
|move|p2a: Araquanid|Lunge|p1a: Ogerpon
|-supereffective|p1a: Ogerpon
|-damage|p1a: Ogerpon|20/100
|-unboost|p1a: Ogerpon|atk|1
|
|upkeep
|turn|8
|
|t:|1780998312
|move|p1a: Ogerpon|Synthesis|p1a: Ogerpon
|-heal|p1a: Ogerpon|70/100
|move|p2a: Araquanid|Lunge|p1a: Ogerpon
|-supereffective|p1a: Ogerpon
|-damage|p1a: Ogerpon|20/100
|-unboost|p1a: Ogerpon|atk|1
|
|upkeep
|turn|9
|
|t:|1780998316
|move|p1a: Ogerpon|Synthesis|p1a: Ogerpon
|-heal|p1a: Ogerpon|70/100
|move|p2a: Araquanid|Lunge|p1a: Ogerpon
|-supereffective|p1a: Ogerpon
|-damage|p1a: Ogerpon|24/100
|-unboost|p1a: Ogerpon|atk|1
|
|upkeep
|turn|10
|
|t:|1780998319
|move|p1a: Ogerpon|Synthesis|p1a: Ogerpon
|-heal|p1a: Ogerpon|74/100
|move|p2a: Araquanid|Lunge|p1a: Ogerpon
|-supereffective|p1a: Ogerpon
|-damage|p1a: Ogerpon|24/100
|-unboost|p1a: Ogerpon|atk|1
|
|upkeep
|turn|11
|
|t:|1780998323
|move|p1a: Ogerpon|Synthesis|p1a: Ogerpon
|-heal|p1a: Ogerpon|74/100
|move|p2a: Araquanid|Lunge|p1a: Ogerpon
|-supereffective|p1a: Ogerpon
|-damage|p1a: Ogerpon|27/100
|
|upkeep
|turn|12
|
|t:|1780998330
|move|p1a: Ogerpon|Synthesis|p1a: Ogerpon
|-heal|p1a: Ogerpon|77/100
|move|p2a: Araquanid|Lunge|p1a: Ogerpon
|-supereffective|p1a: Ogerpon
|-damage|p1a: Ogerpon|27/100
|
|upkeep
|turn|13
|
|t:|1780998339
|move|p1a: Ogerpon|Synthesis|p1a: Ogerpon
|-heal|p1a: Ogerpon|77/100
|cant|p2a: Araquanid|par
|
|upkeep
|turn|14
|
|t:|1780998343
|switch|p1a: Zapdos|Zapdos|94/100
|move|p2a: Araquanid|Lunge|p1a: Zapdos
|-resisted|p1a: Zapdos
|-damage|p1a: Zapdos|88/100
|-unboost|p1a: Zapdos|atk|1
|
|upkeep
|turn|15
|
|t:|1780998346
|move|p1a: Zapdos|Hurricane|p2a: Araquanid
|-supereffective|p2a: Araquanid
|-damage|p2a: Araquanid|0 fnt
|faint|p2a: Araquanid
|
|upkeep
|
|t:|1780998350
|switch|p2a: Raging Bolt|Raging Bolt|100/100
|-damage|p2a: Raging Bolt|76/100|[from] Spikes
|-enditem|p2a: Raging Bolt|Booster Energy
|-activate|p2a: Raging Bolt|ability: Protosynthesis|[fromitem]
|-start|p2a: Raging Bolt|protosynthesisspa
|turn|16
|
|t:|1780998355
|switch|p1a: Iron Treads|Iron Treads|100/100
|-activate|p1a: Iron Treads|move: Sticky Web
|-unboost|p1a: Iron Treads|spe|1
|move|p2a: Raging Bolt|Thunderbolt|p1a: Iron Treads
|-immune|p1a: Iron Treads
|
|upkeep
|turn|17
|
|t:|1780998359
|-end|p2a: Raging Bolt|Protosynthesis|[silent]
|switch|p2a: Gholdengo|Gholdengo|100/100
|-item|p2a: Gholdengo|Air Balloon
|move|p1a: Iron Treads|Knock Off|p2a: Gholdengo
|-supereffective|p2a: Gholdengo
|-damage|p2a: Gholdengo|47/100
|-enditem|p2a: Gholdengo|Air Balloon
|
|upkeep
|turn|18
|
|t:|1780998366
|-end|p1a: Iron Treads|Quark Drive|[silent]
|switch|p1a: Moltres|Moltres|100/100
|-terastallize|p2a: Gholdengo|Flying
|move|p2a: Gholdengo|Shadow Ball|p1a: Moltres
|-damage|p1a: Moltres|70/100
|
|upkeep
|turn|19
|
|t:|1780998372
|move|p2a: Gholdengo|Nasty Plot|p2a: Gholdengo
|-boost|p2a: Gholdengo|spa|2
|move|p1a: Moltres|Flamethrower|p2a: Gholdengo
|-damage|p2a: Gholdengo|1/100
|
|upkeep
|turn|20
|
|t:|1780998379
|move|p2a: Gholdengo|Shadow Ball|p1a: Moltres
|-damage|p1a: Moltres|2/100
|move|p1a: Moltres|Flamethrower|p2a: Gholdengo
|-damage|p2a: Gholdengo|0 fnt
|faint|p2a: Gholdengo
|
|upkeep
|
|t:|1780998387
|switch|p2a: Deoxys|Deoxys-Speed|100/100
|-damage|p2a: Deoxys|76/100|[from] Spikes
|-ability|p2a: Deoxys|Pressure
|turn|21
|
|t:|1780998389
|move|p2a: Deoxys|Ice Beam|p1a: Moltres
|-damage|p1a: Moltres|0 fnt
|faint|p1a: Moltres
|-damage|p2a: Deoxys|66/100|[from] item: Life Orb
|
|upkeep
|
|t:|1780998398
|switch|p1a: Iron Treads|Iron Treads|100/100
|-activate|p1a: Iron Treads|move: Sticky Web
|-unboost|p1a: Iron Treads|spe|1
|turn|22
|
|t:|1780998410
|move|p2a: Deoxys|Focus Blast|p1a: Iron Treads
|-supereffective|p1a: Iron Treads
|-damage|p1a: Iron Treads|17/100
|-damage|p2a: Deoxys|56/100|[from] item: Life Orb
|move|p1a: Iron Treads|Rapid Spin|p2a: Deoxys
|-damage|p2a: Deoxys|38/100
|-boost|p1a: Iron Treads|spe|1
|-sideend|p1: Floundso|Sticky Web|[from] move: Rapid Spin|[of] p1a: Iron Treads
|
|-heal|p1a: Iron Treads|23/100|[from] item: Leftovers
|upkeep
|turn|23
|
|t:|1780998424
|move|p2a: Deoxys|Ice Beam|p1a: Iron Treads
|-damage|p1a: Iron Treads|0 fnt
|faint|p1a: Iron Treads
|-end|p1a: Iron Treads|Quark Drive|[silent]
|-damage|p2a: Deoxys|29/100|[from] item: Life Orb
|
|upkeep
|
|t:|1780998437
|switch|p1a: Dragapult|Dragapult, M|100/100
|turn|24
|
|t:|1780998441
|move|p2a: Deoxys|Ice Beam|p1a: Dragapult
|-supereffective|p1a: Dragapult
|-enditem|p1a: Dragapult|Focus Sash
|-damage|p1a: Dragapult|1/100
|-status|p1a: Dragapult|frz
|-damage|p2a: Deoxys|19/100|[from] item: Life Orb
|cant|p1a: Dragapult|frz
|
|upkeep
|turn|25
|
|t:|1780998449
|switch|p1a: Ogerpon|Ogerpon-Wellspring, F|77/100
|move|p2a: Deoxys|Ice Beam|p1a: Ogerpon
|-damage|p1a: Ogerpon|32/100
|-damage|p2a: Deoxys|9/100|[from] item: Life Orb
|
|upkeep
|turn|26
|
|t:|1780998454
|switch|p1a: Dragapult|Dragapult, M|1/100 frz
|move|p2a: Deoxys|Ice Beam|p1a: Dragapult
|-supereffective|p1a: Dragapult
|-damage|p1a: Dragapult|0 fnt
|faint|p1a: Dragapult
|-damage|p2a: Deoxys|0 fnt|[from] item: Life Orb
|faint|p2a: Deoxys
|
|upkeep
|
|t:|1780998464
|switch|p2a: Ceruledge|Ceruledge, M|100/100
|switch|p1a: Ogerpon|Ogerpon-Wellspring, F|32/100
|-damage|p2a: Ceruledge|76/100|[from] Spikes
|turn|27
|
|t:|1780998470
|move|p2a: Ceruledge|Shadow Sneak|p1a: Ogerpon
|-damage|p1a: Ogerpon|4/100
|move|p1a: Ogerpon|Ivy Cudgel|p2a: Ceruledge|[anim] Ivy Cudgel Water
|-supereffective|p2a: Ceruledge
|-damage|p2a: Ceruledge|0 fnt
|faint|p2a: Ceruledge
|
|upkeep
|
|t:|1780998477
|switch|p2a: Iron Valiant|Iron Valiant|100/100
|-damage|p2a: Iron Valiant|76/100|[from] Spikes
|-enditem|p2a: Iron Valiant|Booster Energy
|-activate|p2a: Iron Valiant|ability: Quark Drive|[fromitem]
|-start|p2a: Iron Valiant|quarkdrivespa
|turn|28
|
|t:|1780998481
|move|p2a: Iron Valiant|Vacuum Wave|p1a: Ogerpon
|-damage|p1a: Ogerpon|0 fnt
|faint|p1a: Ogerpon
|
|upkeep
|
|t:|1780998484
|switch|p1a: Mew|Mew|100/100
|turn|29
|
|t:|1780998489
|-terastallize|p1a: Mew|Fairy
|move|p2a: Iron Valiant|Calm Mind|p2a: Iron Valiant
|-boost|p2a: Iron Valiant|spa|1
|-boost|p2a: Iron Valiant|spd|1
|move|p1a: Mew|Draining Kiss|p2a: Iron Valiant
|-supereffective|p2a: Iron Valiant
|-damage|p2a: Iron Valiant|13/100
|
|upkeep
|turn|30
|
|t:|1780998497
|move|p2a: Iron Valiant|Moonblast|p1a: Mew
|-damage|p1a: Mew|8/100
|move|p1a: Mew|Draining Kiss|p2a: Iron Valiant
|-supereffective|p2a: Iron Valiant
|-damage|p2a: Iron Valiant|0 fnt
|-heal|p1a: Mew|15/100|[from] drain|[of] p2a: Iron Valiant
|faint|p2a: Iron Valiant
|-end|p2a: Iron Valiant|Quark Drive|[silent]
|
|-heal|p1a: Mew|21/100|[from] item: Leftovers
|upkeep
|
|t:|1780998501
|switch|p2a: Raging Bolt|Raging Bolt|76/100
|-damage|p2a: Raging Bolt|51/100|[from] Spikes
|turn|31
|
|t:|1780998511
|move|p1a: Mew|Draining Kiss|p2a: Raging Bolt
|-supereffective|p2a: Raging Bolt
|-damage|p2a: Raging Bolt|2/100
|-heal|p1a: Mew|61/100|[from] drain|[of] p2a: Raging Bolt
|move|p2a: Raging Bolt|Thunderbolt|p1a: Mew
|-damage|p1a: Mew|15/100
|-status|p1a: Mew|par
|-activate|p1a: Mew|ability: Synchronize
|-immune|p2a: Raging Bolt
|
|-heal|p1a: Mew|21/100 par|[from] item: Leftovers
|upkeep
|turn|32
|
|t:|1780998518
|move|p2a: Raging Bolt|Thunderbolt|p1a: Mew
|-damage|p1a: Mew|0 fnt
|faint|p1a: Mew
|
|upkeep
|
|t:|1780998520
|switch|p1a: Zapdos|Zapdos|88/100
|turn|33
|
|t:|1780998522
|move|p2a: Raging Bolt|Thunderbolt|p1a: Zapdos
|-damage|p1a: Zapdos|39/100
|move|p1a: Zapdos|Volt Switch|p2a: Raging Bolt
|-resisted|p2a: Raging Bolt
|-damage|p2a: Raging Bolt|0 fnt
|faint|p2a: Raging Bolt
|-end|p2a: Raging Bolt|Protosynthesis|[silent]
|
|win|Floundso
|raw|Floundso's rating: 1568 &rarr; <strong>1594</strong><br />(+26 for winning)
|raw|xp180's rating: 1672 &rarr; <strong>1646</strong><br />(-26 for losing)
|l|☆Floundso
|player|p1|
|l|☆xp180
|player|p2|
