|j|☆CDPGuillaume
|j|☆I Walk a Path
|t:|1781536854
|gametype|singles
|player|p1|CDPGuillaume|ethan|1734
|player|p2|I Walk a Path|irida|1681
|gen|9
|tier|[Gen 9] OU
|rated|
|rule|HP Percentage Mod: HP is shown in percentages
|rule|Endless Battle Clause: Forcing endless battles is banned
|rule|Species Clause: Limit one of each Pokémon
|rule|OHKO Clause: OHKO moves are banned
|rule|Evasion Items Clause: Evasion items are banned
|rule|Evasion Moves Clause: Evasion moves are banned
|rule|Evasion Abilities Clause: Evasion abilities are banned
|rule|Sleep Moves Clause: Sleep-inducing moves are banned
|clearpoke
|poke|p1|Iron Hands|
|poke|p1|Pecharunt|
|poke|p1|Kingambit, F|
|poke|p1|Rillaboom, F|
|poke|p1|Kyurem|
|poke|p1|Cinderace, M|
|poke|p2|Kyurem|
|poke|p2|Corviknight, M|
|poke|p2|Ting-Lu|
|poke|p2|Dondozo, F|
|poke|p2|Slowking-Galar, M|
|poke|p2|Cinderace, M|
|teampreview
|inactive|Battle timer is ON: inactive players will automatically lose when time's up. (requested by I Walk a Path)
|
|t:|1781536865
|teamsize|p1|6
|teamsize|p2|6
|start
|switch|p1a: Rillaboom|Rillaboom, F|100/100
|switch|p2a: Kyurem|Kyurem|100/100
|-ability|p2a: Kyurem|Pressure
|-fieldstart|move: Grassy Terrain|[from] ability: Grassy Surge|[of] p1a: Rillaboom
|turn|1
|
|t:|1781536869
|switch|p1a: Kingambit|Kingambit, F|100/100
|move|p2a: Kyurem|Draco Meteor|p1a: Kingambit|[miss]
|-miss|p2a: Kyurem|p1a: Kingambit
|
|upkeep
|turn|2
|
|t:|1781536875
|switch|p2a: Corviknight|Corviknight, M|100/100
|-ability|p2a: Corviknight|Pressure
|move|p1a: Kingambit|Kowtow Cleave|p2a: Corviknight
|-damage|p2a: Corviknight|71/100
|-damage|p1a: Kingambit|84/100|[from] item: Rocky Helmet|[of] p2a: Corviknight
|
|-heal|p1a: Kingambit|90/100|[from] Grassy Terrain
|-heal|p1a: Kingambit|96/100|[from] item: Leftovers
|upkeep
|turn|3
|
|t:|1781536879
|-end|p1a: Kingambit|fallenundefined|[silent]
|switch|p1a: Kyurem|Kyurem|100/100
|-ability|p1a: Kyurem|Pressure
|move|p2a: Corviknight|U-turn|p1a: Kyurem
|-damage|p1a: Kyurem|86/100
|
|t:|1781536888
|switch|p2a: Slowking|Slowking-Galar, M|100/100|[from] U-turn
|
|-heal|p1a: Kyurem|93/100|[from] Grassy Terrain
|upkeep
|turn|4
|
|t:|1781536895
|switch|p1a: Cinderace|Cinderace, M|100/100
|move|p2a: Slowking|Sludge Bomb|p1a: Cinderace
|-damage|p1a: Cinderace|50/100
|-status|p1a: Cinderace|psn
|
|-heal|p1a: Cinderace|55/100 psn|[from] Grassy Terrain
|-damage|p1a: Cinderace|43/100 psn|[from] psn
|upkeep
|turn|5
|
|t:|1781536898
|move|p1a: Cinderace|U-turn|p2a: Slowking
|-start|p1a: Cinderace|typechange|Bug|[from] ability: Libero
|-damage|p2a: Slowking|66/100
|
|t:|1781536900
|switch|p1a: Pecharunt|Pecharunt|100/100|[from] U-turn
|-prepare|p2a: Slowking|Chilly Reception|[premajor]
|move|p2a: Slowking|Chilly Reception|p2a: Slowking
|-weather|Snowscape
|
|t:|1781536904
|switch|p2a: Kyurem|Kyurem|100/100|[from] Chilly Reception
|-ability|p2a: Kyurem|Pressure
|
|-weather|Snowscape|[upkeep]
|-fieldend|move: Grassy Terrain
|upkeep
|turn|6
|
|t:|1781536915
|switch|p1a: Rillaboom|Rillaboom, F|100/100
|-fieldstart|move: Grassy Terrain|[from] ability: Grassy Surge|[of] p1a: Rillaboom
|-terastallize|p2a: Kyurem|Ice
|move|p2a: Kyurem|Blizzard|p1a: Rillaboom
|-supereffective|p1a: Rillaboom
|-damage|p1a: Rillaboom|0 fnt
|faint|p1a: Rillaboom
|
|-weather|Snowscape|[upkeep]
|upkeep
|
|t:|1781536925
|switch|p1a: Kingambit|Kingambit, F|96/100
|-activate|p1a: Kingambit|ability: Supreme Overlord
|-start|p1a: Kingambit|fallen1|[silent]
|turn|7
|
|t:|1781536930
|switch|p2a: Dondozo|Dondozo, F|100/100
|-end|p1a: Kingambit|fallen1|[silent]
|switch|p1a: Kyurem|Kyurem|93/100
|-ability|p1a: Kyurem|Pressure
|
|-weather|Snowscape|[upkeep]
|-heal|p1a: Kyurem|99/100|[from] Grassy Terrain
|upkeep
|turn|8
|
|t:|1781536936
|switch|p2a: Slowking|Slowking-Galar, M|99/100
|move|p1a: Kyurem|Ice Beam|p2a: Slowking
|-damage|p2a: Slowking|58/100
|
|-weather|Snowscape|[upkeep]
|-heal|p1a: Kyurem|100/100|[from] Grassy Terrain
|-heal|p2a: Slowking|64/100|[from] Grassy Terrain
|upkeep
|turn|9
|
|t:|1781536942
|move|p1a: Kyurem|Ice Beam|p2a: Slowking
|-damage|p2a: Slowking|22/100
|move|p2a: Slowking|Toxic|p1a: Kyurem
|-status|p1a: Kyurem|tox
|
|-weather|none
|-heal|p2a: Slowking|28/100|[from] Grassy Terrain
|-damage|p1a: Kyurem|94/100 tox|[from] psn
|upkeep
|turn|10
|
|t:|1781536946
|switch|p2a: Cinderace|Cinderace, M|100/100
|move|p1a: Kyurem|Ice Beam|p2a: Cinderace
|-resisted|p2a: Cinderace
|-damage|p2a: Cinderace|59/100
|
|-heal|p2a: Cinderace|65/100|[from] Grassy Terrain
|-heal|p1a: Kyurem|100/100 tox|[from] Grassy Terrain
|-damage|p1a: Kyurem|88/100 tox|[from] psn
|-fieldend|move: Grassy Terrain
|upkeep
|turn|11
|
|t:|1781536951
|switch|p1a: Pecharunt|Pecharunt|100/100
|move|p2a: Cinderace|U-turn|p1a: Pecharunt
|-resisted|p1a: Pecharunt
|-damage|p1a: Pecharunt|98/100
|-damage|p2a: Cinderace|49/100|[from] item: Rocky Helmet|[of] p1a: Pecharunt
|
|t:|1781536956
|switch|p2a: Slowking|Slowking-Galar, M|62/100|[from] U-turn
|
|upkeep
|turn|12
|
|t:|1781536961
|move|p1a: Pecharunt|Shadow Ball|p2a: Slowking
|-supereffective|p2a: Slowking
|-damage|p2a: Slowking|31/100
|-unboost|p2a: Slowking|spd|1
|-prepare|p2a: Slowking|Chilly Reception|[premajor]
|move|p2a: Slowking|Chilly Reception|p2a: Slowking
|-weather|Snowscape
|
|t:|1781536963
|switch|p2a: Kyurem|Kyurem, tera:Ice|100/100|[from] Chilly Reception
|-ability|p2a: Kyurem|Pressure
|
|-weather|Snowscape|[upkeep]
|upkeep
|turn|13
|
|t:|1781536973
|switch|p1a: Cinderace|Cinderace, M|43/100 psn
|move|p2a: Kyurem|Blizzard|p1a: Cinderace
|-resisted|p1a: Cinderace
|-damage|p1a: Cinderace|0 fnt
|faint|p1a: Cinderace
|
|-weather|Snowscape|[upkeep]
|upkeep
|
|t:|1781536975
|switch|p1a: Iron Hands|Iron Hands|100/100
|turn|14
|
|t:|1781536979
|move|p2a: Kyurem|Blizzard|p1a: Iron Hands
|-damage|p1a: Iron Hands|38/100
|move|p1a: Iron Hands|Drain Punch|p2a: Kyurem
|-supereffective|p2a: Kyurem
|-damage|p2a: Kyurem|42/100
|-heal|p1a: Iron Hands|63/100|[from] drain|[of] p2a: Kyurem
|
|-weather|Snowscape|[upkeep]
|upkeep
|turn|15
|
|t:|1781536999
|move|p2a: Kyurem|Blizzard|p1a: Iron Hands
|-damage|p1a: Iron Hands|0 fnt
|faint|p1a: Iron Hands
|-end|p1a: Iron Hands|Quark Drive|[silent]
|
|-weather|Snowscape|[upkeep]
|upkeep
|
|t:|1781537008
|switch|p1a: Kyurem|Kyurem|88/100 tox
|-ability|p1a: Kyurem|Pressure
|turn|16
|
|t:|1781537012
|move|p2a: Kyurem|Blizzard|p1a: Kyurem
|-damage|p1a: Kyurem|0 fnt
|faint|p1a: Kyurem
|
|-weather|none
|upkeep
|
|t:|1781537020
|switch|p1a: Kingambit|Kingambit, F|96/100
|-activate|p1a: Kingambit|ability: Supreme Overlord
|-start|p1a: Kingambit|fallen4|[silent]
|turn|17
|
|t:|1781537026
|move|p2a: Kyurem|Blizzard|p1a: Kingambit
|-resisted|p1a: Kingambit
|-damage|p1a: Kingambit|35/100
|move|p1a: Kingambit|Swords Dance|p1a: Kingambit
|-boost|p1a: Kingambit|atk|2
|
|-heal|p1a: Kingambit|41/100|[from] item: Leftovers
|upkeep
|turn|18
|
|t:|1781537033
|move|p1a: Kingambit|Sucker Punch|p2a: Kyurem
|-crit|p2a: Kyurem
|-damage|p2a: Kyurem|0 fnt
|faint|p2a: Kyurem
|
|-heal|p1a: Kingambit|47/100|[from] item: Leftovers
|upkeep
|
|t:|1781537037
|switch|p2a: Ting-Lu|Ting-Lu|100/100
|-ability|p2a: Ting-Lu|Vessel of Ruin
|turn|19
|
|t:|1781537047
|-terastallize|p1a: Kingambit|Bug
|move|p1a: Kingambit|Iron Head|p2a: Ting-Lu
|-damage|p2a: Ting-Lu|23/100
|cant|p2a: Ting-Lu|flinch
|
|-heal|p1a: Kingambit|53/100|[from] item: Leftovers
|-heal|p2a: Ting-Lu|30/100|[from] item: Leftovers
|upkeep
|turn|20
|
|t:|1781537059
|move|p1a: Kingambit|Iron Head|p2a: Ting-Lu
|-damage|p2a: Ting-Lu|0 fnt
|faint|p2a: Ting-Lu
|
|-heal|p1a: Kingambit|59/100|[from] item: Leftovers
|upkeep
|
|t:|1781537063
|switch|p2a: Cinderace|Cinderace, M|49/100
|turn|21
|
|t:|1781537068
|move|p2a: Cinderace|Will-O-Wisp|p1a: Kingambit
|-status|p1a: Kingambit|brn
|move|p1a: Kingambit|Kowtow Cleave|p2a: Cinderace
|-damage|p2a: Cinderace|0 fnt
|faint|p2a: Cinderace
|
|-heal|p1a: Kingambit|65/100 brn|[from] item: Leftovers
|-damage|p1a: Kingambit|59/100 brn|[from] brn
|upkeep
|
|t:|1781537073
|switch|p2a: Dondozo|Dondozo, F|100/100
|turn|22
|
|t:|1781537079
|-end|p1a: Kingambit|fallen4|[silent]
|switch|p1a: Pecharunt|Pecharunt|98/100
|move|p2a: Dondozo|Waterfall|p1a: Pecharunt
|-damage|p1a: Pecharunt|82/100
|-damage|p2a: Dondozo|84/100|[from] item: Rocky Helmet|[of] p1a: Pecharunt
|
|-heal|p2a: Dondozo|90/100|[from] item: Leftovers
|upkeep
|turn|23
|
|t:|1781537082
|switch|p2a: Slowking|Slowking-Galar, M|64/100
|move|p1a: Pecharunt|Nasty Plot|p1a: Pecharunt
|-boost|p1a: Pecharunt|spa|2
|
|upkeep
|turn|24
|
|t:|1781537086
|move|p1a: Pecharunt|Shadow Ball|p2a: Slowking
|-supereffective|p2a: Slowking
|-damage|p2a: Slowking|9/100
|-unboost|p2a: Slowking|spd|1
|move|p2a: Slowking|Future Sight|p1a: Pecharunt
|-start|p2a: Slowking|move: Future Sight
|
|upkeep
|turn|25
|
|t:|1781537092
|switch|p2a: Corviknight|Corviknight, M|71/100
|-ability|p2a: Corviknight|Pressure
|move|p1a: Pecharunt|Shadow Ball|p2a: Corviknight
|-damage|p2a: Corviknight|21/100
|-unboost|p2a: Corviknight|spd|1
|
|upkeep
|turn|26
|
|t:|1781537097
|switch|p1a: Kingambit|Kingambit, F, tera:Bug|59/100 brn
|-activate|p1a: Kingambit|ability: Supreme Overlord
|-start|p1a: Kingambit|fallen4|[silent]
|move|p2a: Corviknight|Roost|p2a: Corviknight
|-heal|p2a: Corviknight|71/100
|-singleturn|p2a: Corviknight|move: Roost
|
|-end|p1a: Kingambit|move: Future Sight
|-damage|p1a: Kingambit|9/100 brn
|-heal|p1a: Kingambit|15/100 brn|[from] item: Leftovers
|-damage|p1a: Kingambit|9/100 brn|[from] brn
|upkeep
|turn|27
|
|t:|1781537106
|move|p1a: Kingambit|Sucker Punch|p2a: Corviknight
|-damage|p2a: Corviknight|55/100
|-damage|p1a: Kingambit|0 fnt|[from] item: Rocky Helmet|[of] p2a: Corviknight
|faint|p1a: Kingambit
|-end|p1a: Kingambit|fallen4|[silent]
|move|p2a: Corviknight|U-turn|p1: Kingambit|[notarget]
|-fail|p2a: Corviknight
|
|upkeep
|
|t:|1781537109
|switch|p1a: Pecharunt|Pecharunt|82/100
|turn|28
|
|t:|1781537111
|switch|p2a: Slowking|Slowking-Galar, M|42/100
|move|p1a: Pecharunt|Nasty Plot|p1a: Pecharunt
|-boost|p1a: Pecharunt|spa|2
|
|upkeep
|turn|29
|
|t:|1781537115
|switch|p2a: Corviknight|Corviknight, M|55/100
|-ability|p2a: Corviknight|Pressure
|move|p1a: Pecharunt|Shadow Ball|p2a: Corviknight
|-damage|p2a: Corviknight|7/100
|
|upkeep
|turn|30
|
|t:|1781537120
|move|p1a: Pecharunt|Nasty Plot|p1a: Pecharunt
|-boost|p1a: Pecharunt|spa|2
|move|p2a: Corviknight|U-turn|p1a: Pecharunt
|-resisted|p1a: Pecharunt
|-damage|p1a: Pecharunt|80/100
|-damage|p2a: Corviknight|0 fnt|[from] item: Rocky Helmet|[of] p1a: Pecharunt
|faint|p2a: Corviknight
|
|upkeep
|
|t:|1781537123
|switch|p2a: Slowking|Slowking-Galar, M|76/100
|turn|31
|
|t:|1781537129
|switch|p2a: Dondozo|Dondozo, F|90/100
|move|p1a: Pecharunt|Shadow Ball|p2a: Dondozo
|-damage|p2a: Dondozo|64/100
|
|-heal|p2a: Dondozo|70/100|[from] item: Leftovers
|upkeep
|turn|32
|
|t:|1781537136
|move|p1a: Pecharunt|Malignant Chain|p2a: Dondozo
|-damage|p2a: Dondozo|42/100
|-status|p2a: Dondozo|tox
|-start|p2a: Dondozo|confusion|[from] ability: Poison Puppeteer|[of] p1a: Pecharunt
|-activate|p2a: Dondozo|confusion
|move|p2a: Dondozo|Curse|p2a: Dondozo
|-unboost|p2a: Dondozo|spe|1
|-boost|p2a: Dondozo|atk|1
|-boost|p2a: Dondozo|def|1
|
|-heal|p2a: Dondozo|49/100 tox|[from] item: Leftovers
|-damage|p2a: Dondozo|42/100 tox|[from] psn
|upkeep
|turn|33
|
|t:|1781537143
|move|p1a: Pecharunt|Malignant Chain|p2a: Dondozo
|-crit|p2a: Dondozo
|-damage|p2a: Dondozo|0 fnt
|faint|p2a: Dondozo
|
|upkeep
|-message|I Walk a Path forfeited.
|
|win|CDPGuillaume
|raw|CDPGuillaume's rating: 1734 &rarr; <strong>1751</strong><br />(+17 for winning)
|raw|I Walk a Path's rating: 1681 &rarr; <strong>1664</strong><br />(-17 for losing)
|l|☆I Walk a Path
|player|p2|
|l|☆CDPGuillaume
|player|p1|
