|j|☆151htyrneh
|j|☆healorant
|t:|1781430176
|gametype|singles
|player|p1|151htyrneh|skyla|1819
|player|p2|healorant|alder|1742
|gen|9
|tier|[Gen 9] OU
|rated|
|rule|HP Percentage Mod: HP is shown in percentages
|rule|Endless Battle Clause: Forcing endless battles is banned
|rule|Species Clause: Limit one of each Pokémon
|rule|OHKO Clause: OHKO moves are banned
|rule|Evasion Items Clause: Evasion items are banned
|rule|Evasion Moves Clause: Evasion moves are banned
|rule|Evasion Abilities Clause: Evasion abilities are banned
|rule|Sleep Moves Clause: Sleep-inducing moves are banned
|clearpoke
|poke|p1|Ninetales, M|
|poke|p1|Hatterene, F|
|poke|p1|Great Tusk|
|poke|p1|Walking Wake|
|poke|p1|Raging Bolt|
|poke|p1|Kingambit, M|
|poke|p2|Heatran, F|
|poke|p2|Zamazenta-*|
|poke|p2|Dragonite, M|
|poke|p2|Clefable, M|
|poke|p2|Gliscor, M|
|poke|p2|Zarude|
|teampreview
|inactive|Battle timer is ON: inactive players will automatically lose when time's up. (requested by 151htyrneh)
|
|t:|1781430183
|teamsize|p1|6
|teamsize|p2|6
|start
|switch|p1a: Ninetales|Ninetales, M|100/100
|switch|p2a: Gliscor|Gliscor, M|100/100
|-weather|SunnyDay|[from] ability: Drought|[of] p1a: Ninetales
|turn|1
|
|t:|1781430190
|switch|p1a: Hatterene|Hatterene, F|100/100
|move|p2a: Gliscor|Protect||[still]
|-fail|p2a: Gliscor
|
|-weather|SunnyDay|[upkeep]
|-status|p2a: Gliscor|tox|[from] item: Toxic Orb
|upkeep
|turn|2
|
|t:|1781430192
|switch|p1a: Walking Wake|Walking Wake|100/100
|-activate|p1a: Walking Wake|ability: Protosynthesis
|-start|p1a: Walking Wake|protosynthesisspe
|move|p2a: Gliscor|Earthquake|p1a: Walking Wake
|-damage|p1a: Walking Wake|63/100
|
|-weather|SunnyDay|[upkeep]
|upkeep
|turn|3
|
|t:|1781430199
|move|p2a: Gliscor|Protect|p2a: Gliscor
|-singleturn|p2a: Gliscor|Protect
|move|p1a: Walking Wake|Hydro Steam|p2a: Gliscor
|-activate|p2a: Gliscor|move: Protect
|
|-weather|SunnyDay|[upkeep]
|upkeep
|turn|4
|
|t:|1781430202
|-terastallize|p2a: Gliscor|Water
|move|p1a: Walking Wake|Flamethrower|p2a: Gliscor
|-resisted|p2a: Gliscor
|-damage|p2a: Gliscor|77/100 tox
|-damage|p1a: Walking Wake|53/100|[from] item: Life Orb
|move|p2a: Gliscor|Toxic Spikes|p1a: Walking Wake
|-sidestart|p1: 151htyrneh|move: Toxic Spikes
|
|-weather|SunnyDay|[upkeep]
|-heal|p2a: Gliscor|90/100 tox|[from] ability: Poison Heal
|upkeep
|turn|5
|
|t:|1781430210
|-end|p1a: Walking Wake|Protosynthesis|[silent]
|switch|p1a: Great Tusk|Great Tusk|100/100
|-status|p1a: Great Tusk|psn
|-activate|p1a: Great Tusk|ability: Protosynthesis
|-start|p1a: Great Tusk|protosynthesisspe
|move|p2a: Gliscor|Protect||[still]
|-fail|p2a: Gliscor
|
|-weather|SunnyDay|[upkeep]
|-damage|p1a: Great Tusk|88/100 psn|[from] psn
|-heal|p2a: Gliscor|100/100 tox|[from] ability: Poison Heal
|upkeep
|turn|6
|
|t:|1781430214
|move|p1a: Great Tusk|Stealth Rock|p2a: Gliscor
|-sidestart|p2: healorant|move: Stealth Rock
|move|p2a: Gliscor|Earthquake|p1a: Great Tusk
|-damage|p1a: Great Tusk|68/100 psn
|
|-weather|SunnyDay|[upkeep]
|-damage|p1a: Great Tusk|56/100 psn|[from] psn
|upkeep
|turn|7
|
|t:|1781430222
|move|p1a: Great Tusk|Rapid Spin|p2a: Gliscor
|-damage|p2a: Gliscor|89/100 tox
|-boost|p1a: Great Tusk|spe|1
|-sideend|p1: 151htyrneh|Toxic Spikes|[from] move: Rapid Spin|[of] p1a: Great Tusk
|move|p2a: Gliscor|Toxic Spikes|p1a: Great Tusk
|-sidestart|p1: 151htyrneh|move: Toxic Spikes
|
|-weather|SunnyDay|[upkeep]
|-damage|p1a: Great Tusk|44/100 psn|[from] psn
|-heal|p2a: Gliscor|100/100 tox|[from] ability: Poison Heal
|upkeep
|turn|8
|
|t:|1781430225
|-end|p1a: Great Tusk|Protosynthesis|[silent]
|switch|p1a: Hatterene|Hatterene, F|100/100
|-status|p1a: Hatterene|psn
|move|p2a: Gliscor|Protect||[still]
|-fail|p2a: Gliscor
|
|-weather|none
|-damage|p1a: Hatterene|88/100 psn|[from] psn
|upkeep
|turn|9
|
|t:|1781430231
|switch|p2a: Heatran|Heatran, F|100/100
|-damage|p2a: Heatran|88/100|[from] Stealth Rock
|switch|p1a: Great Tusk|Great Tusk|44/100 psn
|
|-heal|p2a: Heatran|94/100|[from] item: Leftovers
|-damage|p1a: Great Tusk|31/100 psn|[from] psn
|upkeep
|turn|10
|
|t:|1781430233
|move|p2a: Heatran|Protect|p2a: Heatran
|-singleturn|p2a: Heatran|Protect
|move|p1a: Great Tusk|Rapid Spin|p2a: Heatran
|-activate|p2a: Heatran|move: Protect
|
|-heal|p2a: Heatran|99/100|[from] item: Leftovers
|-damage|p1a: Great Tusk|19/100 psn|[from] psn
|upkeep
|turn|11
|
|t:|1781430239
|move|p1a: Great Tusk|Rapid Spin|p2a: Heatran
|-resisted|p2a: Heatran
|-damage|p2a: Heatran|93/100
|-boost|p1a: Great Tusk|spe|1
|-sideend|p1: 151htyrneh|Toxic Spikes|[from] move: Rapid Spin|[of] p1a: Great Tusk
|move|p2a: Heatran|Substitute|p2a: Heatran
|-start|p2a: Heatran|Substitute
|-damage|p2a: Heatran|68/100
|
|-heal|p2a: Heatran|74/100|[from] item: Leftovers
|-damage|p1a: Great Tusk|6/100 psn|[from] psn
|upkeep
|turn|12
|
|t:|1781430241
|move|p2a: Heatran|Protect|p2a: Heatran
|-singleturn|p2a: Heatran|Protect
|move|p1a: Great Tusk|Headlong Rush|p2a: Heatran
|-activate|p2a: Heatran|move: Protect
|
|-heal|p2a: Heatran|80/100|[from] item: Leftovers
|-damage|p1a: Great Tusk|0 fnt|[from] psn
|faint|p1a: Great Tusk
|-end|p1a: Great Tusk|Protosynthesis|[silent]
|upkeep
|
|t:|1781430242
|switch|p1a: Ninetales|Ninetales, M|100/100
|-weather|SunnyDay|[from] ability: Drought|[of] p1a: Ninetales
|turn|13
|
|t:|1781430244
|move|p1a: Ninetales|Encore|p2a: Heatran
|-start|p2a: Heatran|Encore
|move|p2a: Heatran|Protect||[still]
|-fail|p2a: Heatran
|
|-weather|SunnyDay|[upkeep]
|-heal|p2a: Heatran|86/100|[from] item: Leftovers
|upkeep
|turn|14
|
|t:|1781430247
|switch|p1a: Raging Bolt|Raging Bolt|100/100
|-activate|p1a: Raging Bolt|ability: Protosynthesis
|-start|p1a: Raging Bolt|protosynthesisspa
|move|p2a: Heatran|Protect||[still]
|-fail|p2a: Heatran
|
|-weather|SunnyDay|[upkeep]
|-heal|p2a: Heatran|92/100|[from] item: Leftovers
|upkeep
|turn|15
|
|t:|1781430249
|move|p2a: Heatran|Protect|p2a: Heatran
|-singleturn|p2a: Heatran|Protect
|move|p1a: Raging Bolt|Volt Switch|p2a: Heatran
|-activate|p2a: Heatran|move: Protect
|
|-weather|SunnyDay|[upkeep]
|-heal|p2a: Heatran|98/100|[from] item: Leftovers
|-end|p2a: Heatran|Encore
|upkeep
|turn|16
|
|t:|1781430254
|move|p2a: Heatran|Earth Power|p1a: Raging Bolt
|-supereffective|p1a: Raging Bolt
|-damage|p1a: Raging Bolt|36/100
|-unboost|p1a: Raging Bolt|spd|1
|move|p1a: Raging Bolt|Volt Switch|p2a: Heatran
|-end|p2a: Heatran|Substitute
|
|t:|1781430257
|-end|p1a: Raging Bolt|Protosynthesis|[silent]
|switch|p1a: Walking Wake|Walking Wake|53/100|[from] Volt Switch
|-activate|p1a: Walking Wake|ability: Protosynthesis
|-start|p1a: Walking Wake|protosynthesisspe
|
|-weather|SunnyDay|[upkeep]
|-heal|p2a: Heatran|100/100|[from] item: Leftovers
|upkeep
|turn|17
|
|t:|1781430262
|switch|p2a: Zarude|Zarude|100/100
|move|p1a: Walking Wake|Hydro Steam|p2a: Zarude
|-resisted|p2a: Zarude
|-damage|p2a: Zarude|60/100
|-damage|p1a: Walking Wake|44/100|[from] item: Life Orb
|
|-weather|SunnyDay|[upkeep]
|upkeep
|turn|18
|
|t:|1781430268
|move|p1a: Walking Wake|Draco Meteor|p2a: Zarude
|-damage|p2a: Zarude|0 fnt
|-unboost|p1a: Walking Wake|spa|2
|faint|p2a: Zarude
|-damage|p1a: Walking Wake|34/100|[from] item: Life Orb
|
|-weather|SunnyDay|[upkeep]
|upkeep
|
|t:|1781430270
|switch|p2a: Gliscor|Gliscor, M, tera:Water|100/100 tox
|-damage|p2a: Gliscor|88/100 tox|[from] Stealth Rock
|turn|19
|
|t:|1781430273
|-end|p1a: Walking Wake|Protosynthesis|[silent]
|switch|p1a: Hatterene|Hatterene, F|88/100 psn
|move|p2a: Gliscor|Earthquake|p1a: Hatterene
|-damage|p1a: Hatterene|39/100 psn
|-enditem|p1a: Hatterene|Eject Button
|
|t:|1781430276
|switch|p1a: Raging Bolt|Raging Bolt|36/100
|-activate|p1a: Raging Bolt|ability: Protosynthesis
|-start|p1a: Raging Bolt|protosynthesisspa
|
|-weather|SunnyDay|[upkeep]
|-heal|p2a: Gliscor|100/100 tox|[from] ability: Poison Heal
|upkeep
|turn|20
|
|t:|1781430279
|move|p2a: Gliscor|Protect|p2a: Gliscor
|-singleturn|p2a: Gliscor|Protect
|move|p1a: Raging Bolt|Volt Switch|p2a: Gliscor
|-activate|p2a: Gliscor|move: Protect
|
|-weather|none
|-end|p1a: Raging Bolt|Protosynthesis
|upkeep
|turn|21
|
|t:|1781430282
|move|p2a: Gliscor|Earthquake|p1a: Raging Bolt
|-supereffective|p1a: Raging Bolt
|-damage|p1a: Raging Bolt|0 fnt
|faint|p1a: Raging Bolt
|-end|p1a: Raging Bolt|Protosynthesis|[silent]
|
|upkeep
|
|t:|1781430286
|switch|p1a: Hatterene|Hatterene, F|39/100 psn
|turn|22
|
|t:|1781430290
|-terastallize|p1a: Hatterene|Flying
|move|p2a: Gliscor|Earthquake|p1a: Hatterene
|-immune|p1a: Hatterene
|move|p1a: Hatterene|Pain Split|p2a: Gliscor
|-sethp|p2a: Gliscor|64/100 tox|[from] move: Pain Split|[silent]
|-sethp|p1a: Hatterene|88/100 psn|[from] move: Pain Split
|
|-heal|p2a: Gliscor|77/100 tox|[from] ability: Poison Heal
|-damage|p1a: Hatterene|76/100 psn|[from] psn
|upkeep
|turn|23
|
|t:|1781430297
|move|p2a: Gliscor|Knock Off|p1a: Hatterene
|-damage|p1a: Hatterene|55/100 psn
|move|p1a: Hatterene|Psychic Noise|p2a: Gliscor
|-damage|p2a: Gliscor|43/100 tox
|-start|p2a: Gliscor|move: Heal Block
|
|-damage|p1a: Hatterene|43/100 psn|[from] psn
|upkeep
|turn|24
|
|t:|1781430302
|switch|p1a: Walking Wake|Walking Wake|34/100
|move|p2a: Gliscor|Protect||[still]
|-fail|p2a: Gliscor
|
|-end|p2a: Gliscor|move: Heal Block
|upkeep
|turn|25
|
|t:|1781430305
|move|p2a: Gliscor|Protect|p2a: Gliscor
|-singleturn|p2a: Gliscor|Protect
|move|p1a: Walking Wake|Draco Meteor|p2a: Gliscor
|-activate|p2a: Gliscor|move: Protect
|
|-heal|p2a: Gliscor|56/100 tox|[from] ability: Poison Heal
|upkeep
|turn|26
|
|t:|1781430316
|move|p1a: Walking Wake|Hydro Steam|p2a: Gliscor
|-resisted|p2a: Gliscor
|-crit|p2a: Gliscor
|-damage|p2a: Gliscor|25/100 tox
|-damage|p1a: Walking Wake|24/100|[from] item: Life Orb
|move|p2a: Gliscor|Earthquake|p1a: Walking Wake
|-damage|p1a: Walking Wake|0 fnt
|faint|p1a: Walking Wake
|-end|p1a: Walking Wake|Protosynthesis|[silent]
|
|-heal|p2a: Gliscor|37/100 tox|[from] ability: Poison Heal
|upkeep
|-message|151htyrneh forfeited.
|
|win|healorant
|raw|151htyrneh's rating: 1819 &rarr; <strong>1795</strong><br />(-24 for losing)
|raw|healorant's rating: 1742 &rarr; <strong>1766</strong><br />(+24 for winning)
|l|☆healorant
|player|p2|
