|j|☆Mr Tpen
|j|☆barbordor
|t:|1781113287
|gametype|singles
|player|p1|Mr Tpen|265|1534
|player|p2|barbordor|170|1508
|gen|9
|tier|[Gen 9] OU
|rated|
|rule|HP Percentage Mod: HP is shown in percentages
|rule|Endless Battle Clause: Forcing endless battles is banned
|rule|Species Clause: Limit one of each Pokémon
|rule|OHKO Clause: OHKO moves are banned
|rule|Evasion Items Clause: Evasion items are banned
|rule|Evasion Moves Clause: Evasion moves are banned
|rule|Evasion Abilities Clause: Evasion abilities are banned
|rule|Sleep Moves Clause: Sleep-inducing moves are banned
|clearpoke
|poke|p1|Moltres|
|poke|p1|Corviknight, F|
|poke|p1|Gliscor, F|
|poke|p1|Ogerpon-Wellspring, F|
|poke|p1|Gholdengo|
|poke|p1|Hatterene, F|
|poke|p2|Great Tusk|
|poke|p2|Pecharunt|
|poke|p2|Cinderace, F|
|poke|p2|Alomomola, M|
|poke|p2|Meowscarada, F|
|poke|p2|Sylveon, F|
|teampreview
|inactive|Battle timer is ON: inactive players will automatically lose when time's up. (requested by barbordor)
|
|t:|1781113304
|teamsize|p1|6
|teamsize|p2|6
|start
|switch|p1a: Moltres|Moltres|100/100
|switch|p2a: Sylveon|Sylveon, F|100/100
|turn|1
|
|t:|1781113313
|move|p2a: Sylveon|Hyper Voice|p1a: Moltres
|-resisted|p1a: Moltres
|-damage|p1a: Moltres|56/100
|move|p1a: Moltres|Flamethrower|p2a: Sylveon
|-damage|p2a: Sylveon|71/100
|
|upkeep
|turn|2
|
|t:|1781113320
|move|p2a: Sylveon|Hyper Voice|p1a: Moltres
|-resisted|p1a: Moltres
|-damage|p1a: Moltres|13/100
|move|p1a: Moltres|Roost|p1a: Moltres
|-heal|p1a: Moltres|63/100
|-singleturn|p1a: Moltres|move: Roost
|
|upkeep
|turn|3
|
|t:|1781113323
|switch|p1a: Corviknight|Corviknight, F|100/100
|-ability|p1a: Corviknight|Pressure
|move|p2a: Sylveon|Hyper Voice|p1a: Corviknight
|-resisted|p1a: Corviknight
|-damage|p1a: Corviknight|74/100
|
|-heal|p1a: Corviknight|80/100|[from] item: Leftovers
|upkeep
|turn|4
|
|t:|1781113342
|switch|p2a: Alomomola|Alomomola, M, shiny|100/100
|move|p1a: Corviknight|Brave Bird|p2a: Alomomola
|-damage|p2a: Alomomola|77/100
|-damage|p1a: Corviknight|71/100|[from] Recoil
|
|-heal|p1a: Corviknight|77/100|[from] item: Leftovers
|upkeep
|turn|5
|
|t:|1781113354
|switch|p1a: Ogerpon|Ogerpon-Wellspring, F|100/100
|switch|p2a: Cinderace|Cinderace, F|100/100
|
|upkeep
|turn|6
|
|t:|1781113357
|switch|p1a: Moltres|Moltres|63/100
|move|p2a: Cinderace|U-turn|p1a: Moltres
|-resisted|p1a: Moltres
|-damage|p1a: Moltres|60/100
|
|t:|1781113364
|switch|p2a: Sylveon|Sylveon, F|71/100|[from] U-turn
|
|upkeep
|turn|7
|
|t:|1781113368
|switch|p1a: Corviknight|Corviknight, F|77/100
|-ability|p1a: Corviknight|Pressure
|move|p2a: Sylveon|Shadow Ball|p1a: Corviknight
|-damage|p1a: Corviknight|52/100
|
|-heal|p1a: Corviknight|58/100|[from] item: Leftovers
|upkeep
|turn|8
|
|t:|1781113377
|switch|p2a: Cinderace|Cinderace, F|100/100
|move|p1a: Corviknight|Roost|p1a: Corviknight
|-heal|p1a: Corviknight|100/100
|-singleturn|p1a: Corviknight|move: Roost
|
|upkeep
|turn|9
|
|t:|1781113382
|move|p1a: Corviknight|Protect|p1a: Corviknight
|-singleturn|p1a: Corviknight|Protect
|move|p2a: Cinderace|U-turn|p1a: Corviknight
|-activate|p1a: Corviknight|move: Protect
|
|upkeep
|turn|10
|
|t:|1781113386
|switch|p1a: Moltres|Moltres|60/100
|move|p2a: Cinderace|Will-O-Wisp|p1a: Moltres
|-immune|p1a: Moltres
|
|upkeep
|turn|11
|
|t:|1781113388
|move|p2a: Cinderace|U-turn|p1a: Moltres
|-resisted|p1a: Moltres
|-damage|p1a: Moltres|56/100
|
|t:|1781113398
|switch|p2a: Sylveon|Sylveon, F|71/100|[from] U-turn
|move|p1a: Moltres|Roost|p1a: Moltres
|-heal|p1a: Moltres|100/100
|-singleturn|p1a: Moltres|move: Roost
|
|upkeep
|turn|12
|
|t:|1781113402
|move|p2a: Sylveon|Hyper Voice|p1a: Moltres
|-resisted|p1a: Moltres
|-damage|p1a: Moltres|60/100
|move|p1a: Moltres|Flamethrower|p2a: Sylveon
|-damage|p2a: Sylveon|39/100
|
|upkeep
|turn|13
|
|t:|1781113408
|switch|p2a: Pecharunt|Pecharunt|100/100
|switch|p1a: Corviknight|Corviknight, F|100/100
|-ability|p1a: Corviknight|Pressure
|
|upkeep
|turn|14
|
|t:|1781113417
|switch|p1a: Gliscor|Gliscor, F|100/100
|move|p2a: Pecharunt|Foul Play|p1a: Gliscor
|-damage|p1a: Gliscor|74/100
|
|-status|p1a: Gliscor|tox|[from] item: Toxic Orb
|upkeep
|turn|15
|
|t:|1781113421
|move|p1a: Gliscor|Agility|p1a: Gliscor
|-boost|p1a: Gliscor|spe|2
|move|p2a: Pecharunt|Parting Shot|p1a: Gliscor
|-unboost|p1a: Gliscor|atk|1
|-unboost|p1a: Gliscor|spa|1
|
|t:|1781113427
|switch|p2a: Meowscarada|Meowscarada, F|100/100|[from] Parting Shot
|
|-heal|p1a: Gliscor|87/100 tox|[from] ability: Poison Heal
|upkeep
|turn|16
|
|t:|1781113433
|switch|p1a: Moltres|Moltres|60/100
|move|p2a: Meowscarada|Knock Off|p1a: Moltres
|-start|p2a: Meowscarada|typechange|Dark|[from] ability: Protean
|-crit|p1a: Moltres
|-damage|p1a: Moltres|0 fnt
|-enditem|p1a: Moltres|Heavy-Duty Boots|[from] move: Knock Off|[of] p2a: Meowscarada
|faint|p1a: Moltres
|
|upkeep
|
|t:|1781113442
|switch|p1a: Gliscor|Gliscor, F|87/100 tox
|turn|17
|
|t:|1781113449
|switch|p2a: Alomomola|Alomomola, M, shiny|100/100
|move|p1a: Gliscor|Agility|p1a: Gliscor
|-boost|p1a: Gliscor|spe|2
|
|-heal|p1a: Gliscor|99/100 tox|[from] ability: Poison Heal
|upkeep
|turn|18
|
|t:|1781113451
|move|p1a: Gliscor|Swords Dance|p1a: Gliscor
|-boost|p1a: Gliscor|atk|2
|move|p2a: Alomomola|Flip Turn|p1a: Gliscor
|-supereffective|p1a: Gliscor
|-damage|p1a: Gliscor|66/100 tox
|
|t:|1781113459
|switch|p2a: Pecharunt|Pecharunt|100/100|[from] Flip Turn
|
|-heal|p1a: Gliscor|79/100 tox|[from] ability: Poison Heal
|upkeep
|turn|19
|
|t:|1781113462
|move|p1a: Gliscor|Earthquake|p2a: Pecharunt
|-supereffective|p2a: Pecharunt
|-damage|p2a: Pecharunt|25/100
|move|p2a: Pecharunt|Foul Play|p1a: Gliscor
|-damage|p1a: Gliscor|23/100 tox
|
|-heal|p1a: Gliscor|36/100 tox|[from] ability: Poison Heal
|upkeep
|turn|20
|
|t:|1781113466
|move|p1a: Gliscor|Earthquake|p2a: Pecharunt
|-supereffective|p2a: Pecharunt
|-damage|p2a: Pecharunt|0 fnt
|faint|p2a: Pecharunt
|
|-heal|p1a: Gliscor|48/100 tox|[from] ability: Poison Heal
|upkeep
|
|t:|1781113474
|switch|p2a: Alomomola|Alomomola, M, shiny|100/100
|turn|21
|
|t:|1781113478
|move|p1a: Gliscor|Swords Dance|p1a: Gliscor
|-boost|p1a: Gliscor|atk|2
|move|p2a: Alomomola|Ice Beam|p1a: Gliscor
|-supereffective|p1a: Gliscor
|-damage|p1a: Gliscor|0 fnt
|faint|p1a: Gliscor
|
|upkeep
|
|t:|1781113482
|switch|p1a: Ogerpon|Ogerpon-Wellspring, F|100/100
|turn|22
|
|t:|1781113485
|switch|p2a: Cinderace|Cinderace, F|100/100
|move|p1a: Ogerpon|Trailblaze|p2a: Cinderace
|-resisted|p2a: Cinderace
|-damage|p2a: Cinderace|82/100
|-boost|p1a: Ogerpon|spe|1
|
|upkeep
|turn|23
|
|t:|1781113500
|switch|p2a: Sylveon|Sylveon, F|39/100
|move|p1a: Ogerpon|Ivy Cudgel|p2a: Sylveon|[anim] Ivy Cudgel Water
|-damage|p2a: Sylveon|0 fnt
|faint|p2a: Sylveon
|
|upkeep
|
|t:|1781113503
|switch|p2a: Meowscarada|Meowscarada, F|100/100
|turn|24
|
|t:|1781113507
|move|p1a: Ogerpon|Ivy Cudgel|p2a: Meowscarada|[anim] Ivy Cudgel Water
|-resisted|p2a: Meowscarada
|-damage|p2a: Meowscarada|57/100
|move|p2a: Meowscarada|Flower Trick|p1a: Ogerpon
|-start|p2a: Meowscarada|typechange|Grass|[from] ability: Protean
|-crit|p1a: Ogerpon
|-damage|p1a: Ogerpon|0 fnt
|faint|p1a: Ogerpon
|
|upkeep
|
|t:|1781113510
|switch|p1a: Corviknight|Corviknight, F|100/100
|-ability|p1a: Corviknight|Pressure
|turn|25
|
|t:|1781113513
|switch|p2a: Cinderace|Cinderace, F|82/100
|move|p1a: Corviknight|Brave Bird|p2a: Cinderace
|-damage|p2a: Cinderace|36/100
|-damage|p1a: Corviknight|87/100|[from] Recoil
|
|-heal|p1a: Corviknight|93/100|[from] item: Leftovers
|upkeep
|turn|26
|
|t:|1781113516
|move|p1a: Corviknight|Protect|p1a: Corviknight
|-singleturn|p1a: Corviknight|Protect
|move|p2a: Cinderace|Pyro Ball|p1a: Corviknight
|-activate|p1a: Corviknight|move: Protect
|
|-heal|p1a: Corviknight|99/100|[from] item: Leftovers
|upkeep
|turn|27
|
|t:|1781113519
|move|p2a: Cinderace|Pyro Ball|p1a: Corviknight
|-supereffective|p1a: Corviknight
|-damage|p1a: Corviknight|24/100
|move|p1a: Corviknight|Brave Bird|p2a: Cinderace
|-damage|p2a: Cinderace|0 fnt
|faint|p2a: Cinderace
|-damage|p1a: Corviknight|14/100|[from] Recoil
|
|-heal|p1a: Corviknight|20/100|[from] item: Leftovers
|upkeep
|
|t:|1781113523
|switch|p2a: Meowscarada|Meowscarada, F|57/100
|turn|28
|
|t:|1781113525
|move|p1a: Corviknight|Protect|p1a: Corviknight
|-singleturn|p1a: Corviknight|Protect
|move|p2a: Meowscarada|Knock Off|p1a: Corviknight
|-start|p2a: Meowscarada|typechange|Dark|[from] ability: Protean
|-activate|p1a: Corviknight|move: Protect
|
|-heal|p1a: Corviknight|26/100|[from] item: Leftovers
|upkeep
|turn|29
|
|t:|1781113530
|move|p2a: Meowscarada|Knock Off|p1a: Corviknight
|-damage|p1a: Corviknight|0 fnt
|-enditem|p1a: Corviknight|Leftovers|[from] move: Knock Off|[of] p2a: Meowscarada
|faint|p1a: Corviknight
|
|upkeep
|
|t:|1781113532
|switch|p1a: Gholdengo|Gholdengo|100/100
|turn|30
|j| KangkongNation
|
|t:|1781113535
|switch|p2a: Alomomola|Alomomola, M, shiny|100/100
|move|p1a: Gholdengo|Make It Rain|p2a: Alomomola
|-resisted|p2a: Alomomola
|-damage|p2a: Alomomola|82/100
|-unboost|p1a: Gholdengo|spa|1
|
|upkeep
|turn|31
|l| KangkongNation
|
|t:|1781113539
|switch|p1a: Hatterene|Hatterene, F|100/100
|move|p2a: Alomomola|Flip Turn|p1a: Hatterene
|-damage|p1a: Hatterene|81/100
|
|t:|1781113541
|switch|p2a: Meowscarada|Meowscarada, F|57/100|[from] Flip Turn
|
|upkeep
|turn|32
|
|t:|1781113545
|move|p2a: Meowscarada|U-turn|p1a: Hatterene
|-start|p2a: Meowscarada|typechange|Bug|[from] ability: Protean
|-damage|p1a: Hatterene|26/100
|
|t:|1781113547
|switch|p2a: Alomomola|Alomomola, M, shiny|100/100|[from] U-turn
|move|p1a: Hatterene|Draining Kiss|p2a: Alomomola
|-damage|p2a: Alomomola|84/100
|-heal|p1a: Hatterene|44/100|[from] drain|[of] p2a: Alomomola
|
|upkeep
|turn|33
|
|t:|1781113552
|switch|p1a: Gholdengo|Gholdengo|100/100
|move|p2a: Alomomola|Flip Turn|p1a: Gholdengo
|-damage|p1a: Gholdengo|82/100
|
|t:|1781113555
|switch|p2a: Great Tusk|Great Tusk|100/100|[from] Flip Turn
|
|upkeep
|turn|34
|
|t:|1781113560
|-end|p2a: Great Tusk|Protosynthesis|[silent]
|switch|p2a: Alomomola|Alomomola, M, shiny|100/100
|move|p1a: Gholdengo|Make It Rain|p2a: Alomomola
|-resisted|p2a: Alomomola
|-crit|p2a: Alomomola
|-damage|p2a: Alomomola|70/100
|-unboost|p1a: Gholdengo|spa|1
|
|upkeep
|turn|35
|
|t:|1781113564
|move|p1a: Gholdengo|Make It Rain|p2a: Alomomola
|-resisted|p2a: Alomomola
|-damage|p2a: Alomomola|56/100
|-unboost|p1a: Gholdengo|spa|1
|move|p2a: Alomomola|Flip Turn|p1a: Gholdengo
|-damage|p1a: Gholdengo|62/100
|
|t:|1781113567
|switch|p2a: Meowscarada|Meowscarada, F|57/100|[from] Flip Turn
|
|upkeep
|turn|36
|
|t:|1781113577
|switch|p2a: Alomomola|Alomomola, M, shiny|90/100
|move|p1a: Gholdengo|Make It Rain|p2a: Alomomola
|-resisted|p2a: Alomomola
|-damage|p2a: Alomomola|79/100
|-unboost|p1a: Gholdengo|spa|1
|
|upkeep
|turn|37
|
|t:|1781113581
|move|p1a: Gholdengo|Make It Rain|p2a: Alomomola
|-resisted|p2a: Alomomola
|-damage|p2a: Alomomola|72/100
|-unboost|p1a: Gholdengo|spa|1
|move|p2a: Alomomola|Flip Turn|p1a: Gholdengo
|-damage|p1a: Gholdengo|44/100
|
|t:|1781113583
|switch|p2a: Meowscarada|Meowscarada, F|57/100|[from] Flip Turn
|
|upkeep
|turn|38
|
|t:|1781113586
|switch|p2a: Alomomola|Alomomola, M, shiny|100/100
|move|p1a: Gholdengo|Make It Rain|p2a: Alomomola
|-resisted|p2a: Alomomola
|-damage|p2a: Alomomola|94/100
|-unboost|p1a: Gholdengo|spa|1
|
|upkeep
|turn|39
|
|t:|1781113590
|move|p2a: Alomomola|Aqua Jet|p1a: Gholdengo
|-damage|p1a: Gholdengo|31/100
|move|p1a: Gholdengo|Make It Rain|p2a: Alomomola
|-resisted|p2a: Alomomola
|-damage|p2a: Alomomola|88/100
|-unboost|p1a: Gholdengo|spa|1
|
|upkeep
|turn|40
|
|t:|1781113593
|move|p2a: Alomomola|Aqua Jet|p1a: Gholdengo
|-damage|p1a: Gholdengo|18/100
|move|p1a: Gholdengo|Make It Rain|p2a: Alomomola
|-resisted|p2a: Alomomola
|-damage|p2a: Alomomola|84/100
|
|upkeep
|turn|41
|
|t:|1781113596
|-activate|p1a: Gholdengo|move: Struggle
|move|p1a: Gholdengo|Struggle|p2a: Alomomola
|-damage|p2a: Alomomola|80/100
|-damage|p1a: Gholdengo|0 fnt|[from] recoil
|faint|p1a: Gholdengo
|move|p2a: Alomomola|Flip Turn|p1: Gholdengo|[notarget]
|-fail|p2a: Alomomola
|
|upkeep
|
|t:|1781113599
|switch|p1a: Hatterene|Hatterene, F|44/100
|turn|42
|
|t:|1781113601
|move|p2a: Alomomola|Flip Turn|p1a: Hatterene
|-damage|p1a: Hatterene|26/100
|
|t:|1781113602
|switch|p2a: Meowscarada|Meowscarada, F|57/100|[from] Flip Turn
|move|p1a: Hatterene|Calm Mind|p1a: Hatterene
|-boost|p1a: Hatterene|spa|1
|-boost|p1a: Hatterene|spd|1
|
|upkeep
|turn|43
|
|t:|1781113606
|move|p2a: Meowscarada|Flower Trick|p1a: Hatterene
|-start|p2a: Meowscarada|typechange|Grass|[from] ability: Protean
|-crit|p1a: Hatterene
|-damage|p1a: Hatterene|0 fnt
|faint|p1a: Hatterene
|
|win|barbordor
|raw|Mr Tpen's rating: 1534 &rarr; <strong>1513</strong><br />(-21 for losing)
|raw|barbordor's rating: 1508 &rarr; <strong>1529</strong><br />(+21 for winning)
|l|☆Mr Tpen
|player|p1|
|l|☆barbordor
|player|p2|
