|j|☆Mr-Mongol
|j|‽testlab12
|t:|1781392648
|gametype|singles
|player|p1|Mr-Mongol|hiker-gen4|1549
|player|p2|testlab12|ghetsis|1541
|gen|9
|tier|[Gen 9] OU
|rated|
|rule|HP Percentage Mod: HP is shown in percentages
|rule|Endless Battle Clause: Forcing endless battles is banned
|rule|Species Clause: Limit one of each Pokémon
|rule|OHKO Clause: OHKO moves are banned
|rule|Evasion Items Clause: Evasion items are banned
|rule|Evasion Moves Clause: Evasion moves are banned
|rule|Evasion Abilities Clause: Evasion abilities are banned
|rule|Sleep Moves Clause: Sleep-inducing moves are banned
|clearpoke
|poke|p1|Darkrai|
|poke|p1|Garchomp, F|
|poke|p1|Alomomola, F|
|poke|p1|Corviknight, M|
|poke|p1|Weezing-Galar, F|
|poke|p1|Ogerpon, F|
|poke|p2|Dragonite, F|
|poke|p2|Samurott-Hisui, F|
|poke|p2|Gholdengo|
|poke|p2|Pecharunt|
|poke|p2|Walking Wake|
|poke|p2|Ting-Lu|
|teampreview
|
|t:|1781392692
|teamsize|p1|6
|teamsize|p2|6
|start
|switch|p1a: Garchomp|Garchomp, F|100/100
|switch|p2a: Samurott|Samurott-Hisui, F|100/100
|turn|1
|
|t:|1781392713
|switch|p2a: Walking Wake|Walking Wake|100/100
|move|p1a: Garchomp|Earthquake|p2a: Walking Wake
|-crit|p2a: Walking Wake
|-damage|p2a: Walking Wake|24/100
|
|upkeep
|turn|2
|
|t:|1781392730
|switch|p1a: Alomomola|Alomomola, F|100/100
|move|p2a: Walking Wake|Draco Meteor|p1a: Alomomola|[miss]
|-miss|p2a: Walking Wake|p1a: Alomomola
|
|upkeep
|turn|3
|
|t:|1781392733
|move|p2a: Walking Wake|Flip Turn|p1a: Alomomola
|-resisted|p1a: Alomomola
|-damage|p1a: Alomomola|94/100
|
|t:|1781392744
|-end|p2a: Walking Wake|Protosynthesis|[silent]
|switch|p2a: Samurott|Samurott-Hisui, F|100/100|[from] Flip Turn
|move|p1a: Alomomola|Flip Turn|p2a: Samurott
|-resisted|p2a: Samurott
|-damage|p2a: Samurott|92/100
|j| Golem Rising
|
|t:|1781392748
|switch|p1a: Ogerpon|Ogerpon, F|100/100|[from] Flip Turn
|
|upkeep
|turn|4
|
|t:|1781392753
|switch|p2a: Pecharunt|Pecharunt|100/100
|move|p1a: Ogerpon|Ivy Cudgel|p2a: Pecharunt
|-resisted|p2a: Pecharunt
|-crit|p2a: Pecharunt
|-damage|p2a: Pecharunt|80/100
|
|upkeep
|turn|5
|j| Squilliam2g
|
|t:|1781392773
|switch|p1a: Corviknight|Corviknight, M|100/100
|-ability|p1a: Corviknight|Pressure
|move|p2a: Pecharunt|Malignant Chain|p1a: Corviknight
|-immune|p1a: Corviknight
|
|upkeep
|turn|6
|
|t:|1781392780
|move|p2a: Pecharunt|Nasty Plot|p2a: Pecharunt
|-boost|p2a: Pecharunt|spa|2
|move|p1a: Corviknight|U-turn|p2a: Pecharunt
|-resisted|p2a: Pecharunt
|-damage|p2a: Pecharunt|79/100
|
|t:|1781392782
|switch|p1a: Ogerpon|Ogerpon, F|100/100|[from] U-turn
|
|upkeep
|turn|7
|
|t:|1781392793
|switch|p2a: Dragonite|Dragonite, F|100/100
|move|p1a: Ogerpon|Encore||[still]
|-fail|p1a: Ogerpon
|
|upkeep
|turn|8
|
|t:|1781392799
|switch|p1a: Garchomp|Garchomp, F|100/100
|move|p2a: Dragonite|Dragon Tail|p1a: Garchomp
|-supereffective|p1a: Garchomp
|-damage|p1a: Garchomp|57/100
|-damage|p2a: Dragonite|88/100|[from] ability: Rough Skin|[of] p1a: Garchomp
|-damage|p2a: Dragonite|71/100|[from] item: Rocky Helmet|[of] p1a: Garchomp
|drag|p1a: Corviknight|Corviknight, M|100/100
|-ability|p1a: Corviknight|Pressure
|
|upkeep
|turn|9
|
|t:|1781392808
|move|p2a: Dragonite|Roost|p2a: Dragonite
|-heal|p2a: Dragonite|100/100
|-singleturn|p2a: Dragonite|move: Roost
|move|p1a: Corviknight|U-turn|p2a: Dragonite
|-damage|p2a: Dragonite|94/100
|
|t:|1781392815
|switch|p1a: Ogerpon|Ogerpon, F|100/100|[from] U-turn
|
|upkeep
|turn|10
|j| Large_Rodent
|
|t:|1781392826
|move|p1a: Ogerpon|Swords Dance|p1a: Ogerpon
|-boost|p1a: Ogerpon|atk|2
|move|p2a: Dragonite|Dragon Tail|p1a: Ogerpon
|-damage|p1a: Ogerpon|57/100
|drag|p1a: Alomomola|Alomomola, F|100/100
|
|upkeep
|turn|11
|
|t:|1781392834
|move|p2a: Dragonite|Extreme Speed|p1a: Alomomola
|-damage|p1a: Alomomola|77/100
|move|p1a: Alomomola|Body Slam|p2a: Dragonite
|-damage|p2a: Dragonite|81/100
|
|upkeep
|turn|12
|
|t:|1781392841
|switch|p2a: Gholdengo|Gholdengo|100/100
|move|p1a: Alomomola|Flip Turn|p2a: Gholdengo
|-damage|p2a: Gholdengo|82/100
|
|t:|1781392845
|switch|p1a: Darkrai|Darkrai|100/100|[from] Flip Turn
|
|upkeep
|turn|13
|
|t:|1781392885
|-terastallize|p2a: Gholdengo|Steel
|move|p2a: Gholdengo|Make It Rain|p1a: Darkrai
|-damage|p1a: Darkrai|0 fnt
|-unboost|p2a: Gholdengo|spa|1
|faint|p1a: Darkrai
|
|upkeep
|
|t:|1781392890
|switch|p1a: Alomomola|Alomomola, F|100/100
|turn|14
|
|t:|1781392897
|switch|p2a: Walking Wake|Walking Wake|24/100
|move|p1a: Alomomola|Flip Turn|p2a: Walking Wake
|-resisted|p2a: Walking Wake
|-damage|p2a: Walking Wake|19/100
|
|t:|1781392909
|switch|p1a: Ogerpon|Ogerpon, F|57/100|[from] Flip Turn
|
|upkeep
|turn|15
|
|t:|1781392916
|move|p1a: Ogerpon|Knock Off|p2a: Walking Wake
|-crit|p2a: Walking Wake
|-damage|p2a: Walking Wake|0 fnt
|-enditem|p2a: Walking Wake|Heavy-Duty Boots|[from] move: Knock Off|[of] p1a: Ogerpon
|faint|p2a: Walking Wake
|-end|p2a: Walking Wake|Protosynthesis|[silent]
|
|upkeep
|
|t:|1781392928
|switch|p2a: Pecharunt|Pecharunt|79/100
|turn|16
|
|t:|1781392934
|switch|p1a: Corviknight|Corviknight, M|100/100
|-ability|p1a: Corviknight|Pressure
|move|p2a: Pecharunt|Shadow Ball|p1a: Corviknight
|-damage|p1a: Corviknight|84/100
|
|-heal|p1a: Corviknight|90/100|[from] item: Leftovers
|upkeep
|turn|17
|
|t:|1781392940
|switch|p2a: Ting-Lu|Ting-Lu|100/100
|-ability|p2a: Ting-Lu|Vessel of Ruin
|move|p1a: Corviknight|U-turn|p2a: Ting-Lu
|-supereffective|p2a: Ting-Lu
|-crit|p2a: Ting-Lu
|-damage|p2a: Ting-Lu|75/100
|
|t:|1781392948
|switch|p1a: Weezing|Weezing-Galar, F|100/100|[from] U-turn
|-ability|p1a: Weezing|Neutralizing Gas
|
|-heal|p2a: Ting-Lu|81/100|[from] item: Leftovers
|upkeep
|turn|18
|
|t:|1781392953
|move|p1a: Weezing|Will-O-Wisp|p2a: Ting-Lu
|-status|p2a: Ting-Lu|brn
|move|p2a: Ting-Lu|Ruination|p1a: Weezing
|-damage|p1a: Weezing|51/100
|
|-heal|p1a: Weezing|57/100|[from] item: Leftovers
|-heal|p2a: Ting-Lu|87/100 brn|[from] item: Leftovers
|-damage|p2a: Ting-Lu|81/100 brn|[from] brn
|upkeep
|turn|19
|
|t:|1781392963
|move|p1a: Weezing|Pain Split|p2a: Ting-Lu
|-sethp|p2a: Ting-Lu|59/100 brn|[from] move: Pain Split|[silent]
|-sethp|p1a: Weezing|91/100|[from] move: Pain Split
|move|p2a: Ting-Lu|Stealth Rock|p1a: Weezing
|-sidestart|p1: Mr-Mongol|move: Stealth Rock
|
|-heal|p1a: Weezing|97/100|[from] item: Leftovers
|-heal|p2a: Ting-Lu|65/100 brn|[from] item: Leftovers
|-damage|p2a: Ting-Lu|59/100 brn|[from] brn
|upkeep
|turn|20
|
|t:|1781392970
|switch|p2a: Pecharunt|Pecharunt|79/100
|move|p1a: Weezing|Defog|p2a: Pecharunt
|-unboost|p2a: Pecharunt|evasion|1
|-sideend|p1: Mr-Mongol|Stealth Rock|[from] move: Defog|[of] p1a: Weezing
|
|-heal|p1a: Weezing|100/100|[from] item: Leftovers
|upkeep
|turn|21
|
|t:|1781392977
|move|p2a: Pecharunt|Nasty Plot|p2a: Pecharunt
|-boost|p2a: Pecharunt|spa|2
|move|p1a: Weezing|Will-O-Wisp|p2a: Pecharunt
|-status|p2a: Pecharunt|brn
|
|-damage|p2a: Pecharunt|73/100 brn|[from] brn
|upkeep
|turn|22
|
|t:|1781392981
|-end|p1a: Weezing|ability: Neutralizing Gas
|switch|p1a: Garchomp|Garchomp, F|57/100
|move|p2a: Pecharunt|Nasty Plot|p2a: Pecharunt
|-boost|p2a: Pecharunt|spa|2
|
|-damage|p2a: Pecharunt|66/100 brn|[from] brn
|upkeep
|turn|23
|
|t:|1781392987
|move|p2a: Pecharunt|Shadow Ball|p1a: Garchomp
|-crit|p1a: Garchomp
|-damage|p1a: Garchomp|0 fnt
|faint|p1a: Garchomp
|
|-damage|p2a: Pecharunt|60/100 brn|[from] brn
|upkeep
|
|t:|1781393001
|switch|p1a: Alomomola|Alomomola, F|100/100
|turn|24
|
|t:|1781393005
|move|p2a: Pecharunt|Malignant Chain|p1a: Alomomola
|-crit|p1a: Alomomola
|-damage|p1a: Alomomola|33/100
|move|p1a: Alomomola|Mirror Coat|p2a: Pecharunt
|-damage|p2a: Pecharunt|0 fnt
|faint|p2a: Pecharunt
|
|upkeep
|
|t:|1781393015
|switch|p2a: Samurott|Samurott-Hisui, F|92/100
|turn|25
|l| Squilliam2g
|
|t:|1781393020
|switch|p1a: Weezing|Weezing-Galar, F|100/100
|-ability|p1a: Weezing|Neutralizing Gas
|move|p2a: Samurott|Ceaseless Edge|p1a: Weezing
|-resisted|p1a: Weezing
|-damage|p1a: Weezing|92/100
|-sidestart|p1: Mr-Mongol|Spikes
|
|-heal|p1a: Weezing|98/100|[from] item: Leftovers
|upkeep
|turn|26
|j| Squilliam2g
|
|t:|1781393025
|move|p2a: Samurott|Knock Off|p1a: Weezing
|-resisted|p1a: Weezing
|-damage|p1a: Weezing|85/100
|-enditem|p1a: Weezing|Leftovers|[from] move: Knock Off|[of] p2a: Samurott
|move|p1a: Weezing|Will-O-Wisp|p2a: Samurott|[miss]
|-miss|p1a: Weezing|p2a: Samurott
|
|upkeep
|turn|27
|
|t:|1781393029
|move|p2a: Samurott|Flip Turn|p1a: Weezing
|-damage|p1a: Weezing|70/100
|
|t:|1781393031
|switch|p2a: Gholdengo|Gholdengo, tera:Steel|82/100|[from] Flip Turn
|move|p1a: Weezing|Will-O-Wisp|p2a: Gholdengo
|-status|p2a: Gholdengo|brn
|
|-damage|p2a: Gholdengo|76/100 brn|[from] brn
|upkeep
|turn|28
|
|t:|1781393043
|-end|p1a: Weezing|ability: Neutralizing Gas
|switch|p1a: Corviknight|Corviknight, M|90/100
|-ability|p1a: Corviknight|Pressure
|move|p2a: Gholdengo|Trick|p1a: Corviknight
|-activate|p2a: Gholdengo|move: Trick|[of] p1a: Corviknight
|-item|p1a: Corviknight|Choice Scarf|[from] move: Trick
|-item|p2a: Gholdengo|Leftovers|[from] move: Trick
|
|-heal|p2a: Gholdengo|82/100 brn|[from] item: Leftovers
|-damage|p2a: Gholdengo|76/100 brn|[from] brn
|upkeep
|turn|29
|
|t:|1781393057
|switch|p1a: Alomomola|Alomomola, F|67/100
|-damage|p1a: Alomomola|54/100|[from] Spikes
|move|p2a: Gholdengo|Shadow Ball|p1a: Alomomola
|-damage|p1a: Alomomola|32/100
|
|-heal|p2a: Gholdengo|82/100 brn|[from] item: Leftovers
|-damage|p2a: Gholdengo|76/100 brn|[from] brn
|upkeep
|turn|30
|
|t:|1781393064
|move|p2a: Gholdengo|Shadow Ball|p1a: Alomomola
|-crit|p1a: Alomomola
|-damage|p1a: Alomomola|3/100
|move|p1a: Alomomola|Flip Turn|p2a: Gholdengo
|-damage|p2a: Gholdengo|59/100 brn
|
|t:|1781393070
|switch|p1a: Corviknight|Corviknight, M|90/100|[from] Flip Turn
|-ability|p1a: Corviknight|Pressure
|
|-heal|p2a: Gholdengo|65/100 brn|[from] item: Leftovers
|-damage|p2a: Gholdengo|59/100 brn|[from] brn
|upkeep
|turn|31
|
|t:|1781393074
|move|p2a: Gholdengo|Recover|p2a: Gholdengo
|-heal|p2a: Gholdengo|100/100 brn
|move|p1a: Corviknight|U-turn|p2a: Gholdengo
|-resisted|p2a: Gholdengo
|-damage|p2a: Gholdengo|92/100 brn
|
|t:|1781393077
|switch|p1a: Alomomola|Alomomola, F|36/100|[from] U-turn
|-damage|p1a: Alomomola|24/100|[from] Spikes
|
|-heal|p2a: Gholdengo|98/100 brn|[from] item: Leftovers
|-damage|p2a: Gholdengo|92/100 brn|[from] brn
|upkeep
|turn|32
|
|t:|1781393083
|switch|p1a: Corviknight|Corviknight, M|90/100
|-ability|p1a: Corviknight|Pressure
|move|p2a: Gholdengo|Shadow Ball|p1a: Corviknight
|-damage|p1a: Corviknight|60/100
|
|-heal|p2a: Gholdengo|98/100 brn|[from] item: Leftovers
|-damage|p2a: Gholdengo|92/100 brn|[from] brn
|upkeep
|turn|33
|
|t:|1781393094
|move|p2a: Gholdengo|Shadow Ball|p1a: Corviknight
|-damage|p1a: Corviknight|33/100
|move|p1a: Corviknight|Roost|p1a: Corviknight
|-heal|p1a: Corviknight|83/100
|-singleturn|p1a: Corviknight|move: Roost
|
|-heal|p2a: Gholdengo|98/100 brn|[from] item: Leftovers
|-damage|p2a: Gholdengo|92/100 brn|[from] brn
|upkeep
|turn|34
|
|t:|1781393107
|switch|p2a: Ting-Lu|Ting-Lu|59/100 brn
|-ability|p2a: Ting-Lu|Vessel of Ruin
|switch|p1a: Alomomola|Alomomola, F|57/100
|-damage|p1a: Alomomola|45/100|[from] Spikes
|
|-heal|p2a: Ting-Lu|65/100 brn|[from] item: Leftovers
|-damage|p2a: Ting-Lu|59/100 brn|[from] brn
|upkeep
|turn|35
|
|t:|1781393111
|move|p1a: Alomomola|Flip Turn|p2a: Ting-Lu
|-supereffective|p2a: Ting-Lu
|-damage|p2a: Ting-Lu|41/100 brn
|
|t:|1781393115
|switch|p1a: Weezing|Weezing-Galar, F|70/100|[from] Flip Turn
|-ability|p1a: Weezing|Neutralizing Gas
|-damage|p1a: Weezing|58/100|[from] Spikes
|move|p2a: Ting-Lu|Stealth Rock|p1a: Weezing
|-sidestart|p1: Mr-Mongol|move: Stealth Rock
|
|-heal|p2a: Ting-Lu|47/100 brn|[from] item: Leftovers
|-damage|p2a: Ting-Lu|41/100 brn|[from] brn
|upkeep
|turn|36
|
|t:|1781393117
|move|p1a: Weezing|Defog|p2a: Ting-Lu
|-unboost|p2a: Ting-Lu|evasion|1
|-sideend|p1: Mr-Mongol|Spikes|[from] move: Defog|[of] p1a: Weezing
|-sideend|p1: Mr-Mongol|Stealth Rock|[from] move: Defog|[of] p1a: Weezing
|move|p2a: Ting-Lu|Earthquake|p1a: Weezing
|-supereffective|p1a: Weezing
|-damage|p1a: Weezing|33/100
|
|-heal|p2a: Ting-Lu|47/100 brn|[from] item: Leftovers
|-damage|p2a: Ting-Lu|41/100 brn|[from] brn
|upkeep
|turn|37
|
|t:|1781393122
|-end|p1a: Weezing|ability: Neutralizing Gas
|-ability|p2a: Ting-Lu|Vessel of Ruin
|switch|p1a: Ogerpon|Ogerpon, F|57/100
|move|p2a: Ting-Lu|Stealth Rock|p1a: Ogerpon
|-sidestart|p1: Mr-Mongol|move: Stealth Rock
|
|-heal|p2a: Ting-Lu|47/100 brn|[from] item: Leftovers
|-damage|p2a: Ting-Lu|41/100 brn|[from] brn
|upkeep
|turn|38
|
|t:|1781393127
|move|p1a: Ogerpon|Swords Dance|p1a: Ogerpon
|-boost|p1a: Ogerpon|atk|2
|move|p2a: Ting-Lu|Whirlwind|p1a: Ogerpon
|drag|p1a: Alomomola|Alomomola, F|78/100
|-damage|p1a: Alomomola|66/100|[from] Stealth Rock
|
|-heal|p2a: Ting-Lu|47/100 brn|[from] item: Leftovers
|-damage|p2a: Ting-Lu|41/100 brn|[from] brn
|upkeep
|turn|39
|
|t:|1781393130
|move|p1a: Alomomola|Flip Turn|p2a: Ting-Lu
|-supereffective|p2a: Ting-Lu
|-damage|p2a: Ting-Lu|24/100 brn
|
|t:|1781393134
|switch|p1a: Corviknight|Corviknight, M|83/100|[from] Flip Turn
|-damage|p1a: Corviknight|71/100|[from] Stealth Rock
|-ability|p1a: Corviknight|Pressure
|move|p2a: Ting-Lu|Ruination|p1a: Corviknight|[miss]
|-miss|p2a: Ting-Lu|p1a: Corviknight
|
|-heal|p2a: Ting-Lu|30/100 brn|[from] item: Leftovers
|-damage|p2a: Ting-Lu|24/100 brn|[from] brn
|upkeep
|turn|40
|
|t:|1781393143
|move|p1a: Corviknight|Defog|p2a: Ting-Lu
|-unboost|p2a: Ting-Lu|evasion|1
|-sideend|p1: Mr-Mongol|Stealth Rock|[from] move: Defog|[of] p1a: Corviknight
|move|p2a: Ting-Lu|Whirlwind|p1a: Corviknight
|drag|p1a: Ogerpon|Ogerpon, F|57/100
|
|-heal|p2a: Ting-Lu|30/100 brn|[from] item: Leftovers
|-damage|p2a: Ting-Lu|24/100 brn|[from] brn
|upkeep
|turn|41
|
|t:|1781393158
|move|p1a: Ogerpon|Ivy Cudgel|p2a: Ting-Lu
|-supereffective|p2a: Ting-Lu
|-crit|p2a: Ting-Lu
|-damage|p2a: Ting-Lu|0 fnt
|faint|p2a: Ting-Lu
|
|upkeep
|
|t:|1781393160
|switch|p2a: Dragonite|Dragonite, F|81/100
|turn|42
|
|t:|1781393168
|switch|p1a: Weezing|Weezing-Galar, F|33/100
|-ability|p1a: Weezing|Neutralizing Gas
|move|p2a: Dragonite|Extreme Speed|p1a: Weezing
|-damage|p1a: Weezing|13/100
|
|upkeep
|turn|43
|
|t:|1781393180
|switch|p2a: Samurott|Samurott-Hisui, F|92/100
|-end|p1a: Weezing|ability: Neutralizing Gas
|switch|p1a: Alomomola|Alomomola, F|99/100
|
|upkeep
|turn|44
|
|t:|1781393184
|move|p2a: Samurott|Ceaseless Edge|p1a: Alomomola
|-damage|p1a: Alomomola|69/100
|-sidestart|p1: Mr-Mongol|Spikes
|move|p1a: Alomomola|Body Slam|p2a: Samurott
|-damage|p2a: Samurott|75/100
|
|upkeep
|turn|45
|
|t:|1781393194
|move|p2a: Samurott|Ceaseless Edge|p1a: Alomomola
|-damage|p1a: Alomomola|40/100
|-sidestart|p1: Mr-Mongol|Spikes
|move|p1a: Alomomola|Flip Turn|p2a: Samurott
|-resisted|p2a: Samurott
|-damage|p2a: Samurott|66/100
|
|t:|1781393197
|switch|p1a: Corviknight|Corviknight, M|71/100|[from] Flip Turn
|-ability|p1a: Corviknight|Pressure
|
|upkeep
|turn|46
|
|t:|1781393202
|move|p1a: Corviknight|U-turn|p2a: Samurott
|-supereffective|p2a: Samurott
|-damage|p2a: Samurott|35/100
|
|t:|1781393206
|switch|p1a: Weezing|Weezing-Galar, F|13/100|[from] U-turn
|-ability|p1a: Weezing|Neutralizing Gas
|-damage|p1a: Weezing|0 fnt|[from] Spikes
|faint|p1a: Weezing
|-end|p1a: Weezing|ability: Neutralizing Gas
|move|p2a: Samurott|Ceaseless Edge|p1: Weezing|[notarget]
|-fail|p2a: Samurott
|
|upkeep
|
|t:|1781393209
|switch|p1a: Corviknight|Corviknight, M|71/100
|-ability|p1a: Corviknight|Pressure
|turn|47
|
|t:|1781393215
|switch|p2a: Gholdengo|Gholdengo, tera:Steel|92/100 brn
|move|p1a: Corviknight|Defog|p2a: Gholdengo
|-immune|p2a: Gholdengo|[from] ability: Good as Gold
|
|-heal|p2a: Gholdengo|98/100 brn|[from] item: Leftovers
|-damage|p2a: Gholdengo|92/100 brn|[from] brn
|upkeep
|turn|48
|-message|Mr-Mongol forfeited.
|
|win|testlab12
|raw|Mr-Mongol's rating: 1571 &rarr; <strong>1549</strong><br />(-22 for losing)
|raw|testlab12's rating: 1541 &rarr; <strong>1563</strong><br />(+22 for winning)
|l|☆Mr-Mongol
|player|p1|
|l|‽testlab12
|player|p2|
