|j|☆mongwong
|j|☆No1CelestiaKinnie
|t:|1781413210
|gametype|singles
|player|p1|mongwong|eusine-gen2|1695
|player|p2|No1CelestiaKinnie|rainbowrocketgruntf|1590
|gen|9
|tier|[Gen 9] OU
|rated|
|rule|HP Percentage Mod: HP is shown in percentages
|rule|Endless Battle Clause: Forcing endless battles is banned
|rule|Species Clause: Limit one of each Pokémon
|rule|OHKO Clause: OHKO moves are banned
|rule|Evasion Items Clause: Evasion items are banned
|rule|Evasion Moves Clause: Evasion moves are banned
|rule|Evasion Abilities Clause: Evasion abilities are banned
|rule|Sleep Moves Clause: Sleep-inducing moves are banned
|clearpoke
|poke|p1|Pelipper, M|
|poke|p1|Basculegion-F, F|
|poke|p1|Glimmora, M|
|poke|p1|Overqwil, F|
|poke|p1|Iron Treads|
|poke|p1|Gholdengo|
|poke|p2|Raging Bolt|
|poke|p2|Ogerpon-Wellspring, F|
|poke|p2|Zamazenta-*|
|poke|p2|Cresselia, F|
|poke|p2|Glimmora, M|
|poke|p2|Kingambit, M|
|teampreview
|inactive|Battle timer is ON: inactive players will automatically lose when time's up. (requested by No1CelestiaKinnie)
|inactive|mongwong also wants the timer to be on.
|
|t:|1781413221
|teamsize|p1|6
|teamsize|p2|6
|start
|switch|p1a: Glimmora|Glimmora, M|100/100
|switch|p2a: Bullet|Glimmora, M, shiny|100/100
|turn|1
|
|t:|1781413224
|move|p1a: Glimmora|Earth Power|p2a: Bullet
|-supereffective|p2a: Bullet
|-damage|p2a: Bullet|0 fnt
|faint|p2a: Bullet
|
|upkeep
|
|t:|1781413230
|switch|p2a: Crescent|Cresselia, F, shiny|100/100
|turn|2
|
|t:|1781413233
|move|p1a: Glimmora|Mortal Spin|p2a: Crescent
|-damage|p2a: Crescent|96/100
|-status|p2a: Crescent|psn
|move|p2a: Crescent|Calm Mind|p2a: Crescent
|-boost|p2a: Crescent|spa|1
|-boost|p2a: Crescent|spd|1
|
|-heal|p2a: Crescent|100/100 psn|[from] item: Leftovers
|-damage|p2a: Crescent|88/100 psn|[from] psn
|upkeep
|turn|3
|
|t:|1781413236
|move|p1a: Glimmora|Stealth Rock|p2a: Crescent
|-sidestart|p2: No1CelestiaKinnie|move: Stealth Rock
|move|p2a: Crescent|Calm Mind|p2a: Crescent
|-boost|p2a: Crescent|spa|1
|-boost|p2a: Crescent|spd|1
|
|-heal|p2a: Crescent|94/100 psn|[from] item: Leftovers
|-damage|p2a: Crescent|82/100 psn|[from] psn
|upkeep
|turn|4
|
|t:|1781413241
|switch|p1a: Gholdengo|Gholdengo|100/100
|-item|p1a: Gholdengo|Air Balloon
|move|p2a: Crescent|Calm Mind|p2a: Crescent
|-boost|p2a: Crescent|spa|1
|-boost|p2a: Crescent|spd|1
|
|-heal|p2a: Crescent|88/100 psn|[from] item: Leftovers
|-damage|p2a: Crescent|75/100 psn|[from] psn
|upkeep
|turn|5
|
|t:|1781413246
|move|p2a: Crescent|Calm Mind|p2a: Crescent
|-boost|p2a: Crescent|spa|1
|-boost|p2a: Crescent|spd|1
|move|p1a: Gholdengo|Hex|p2a: Crescent
|-supereffective|p2a: Crescent
|-damage|p2a: Crescent|50/100 psn
|
|-heal|p2a: Crescent|56/100 psn|[from] item: Leftovers
|-damage|p2a: Crescent|44/100 psn|[from] psn
|upkeep
|turn|6
|
|t:|1781413251
|move|p2a: Crescent|Lunar Blessing|p2a: Crescent
|-heal|p2a: Crescent|68/100 psn
|-curestatus|p2a: Crescent|psn|[msg]
|move|p1a: Gholdengo|Hex|p2a: Crescent
|-supereffective|p2a: Crescent
|-damage|p2a: Crescent|56/100
|
|-heal|p2a: Crescent|62/100|[from] item: Leftovers
|upkeep
|turn|7
|
|t:|1781413255
|move|p2a: Crescent|Lunar Blessing|p2a: Crescent
|-heal|p2a: Crescent|87/100
|move|p1a: Gholdengo|Thunder Wave|p2a: Crescent
|-status|p2a: Crescent|par
|
|-heal|p2a: Crescent|93/100 par|[from] item: Leftovers
|upkeep
|turn|8
|
|t:|1781413263
|switch|p1a: Pelipper|Pelipper, M|100/100
|-weather|RainDance|[from] ability: Drizzle|[of] p1a: Pelipper
|cant|p2a: Crescent|par
|
|-weather|RainDance|[upkeep]
|-heal|p2a: Crescent|99/100 par|[from] item: Leftovers
|upkeep
|turn|9
|
|t:|1781413266
|switch|p1a: Glimmora|Glimmora, M|100/100
|move|p2a: Crescent|Lunar Blessing|p2a: Crescent
|-heal|p2a: Crescent|100/100 par
|-curestatus|p2a: Crescent|par|[msg]
|
|-weather|RainDance|[upkeep]
|upkeep
|turn|10
|
|t:|1781413270
|move|p1a: Glimmora|Mortal Spin|p2a: Crescent
|-damage|p2a: Crescent|96/100
|-status|p2a: Crescent|psn
|move|p2a: Crescent|Stored Power|p1a: Glimmora
|-supereffective|p1a: Glimmora
|-enditem|p1a: Glimmora|Focus Sash
|-damage|p1a: Glimmora|1/100
|
|-weather|RainDance|[upkeep]
|-heal|p2a: Crescent|100/100 psn|[from] item: Leftovers
|-damage|p2a: Crescent|88/100 psn|[from] psn
|upkeep
|turn|11
|
|t:|1781413276
|move|p1a: Glimmora|Mortal Spin|p2a: Crescent
|-damage|p2a: Crescent|82/100 psn
|move|p2a: Crescent|Calm Mind|p2a: Crescent
|-boost|p2a: Crescent|spa|1
|-boost|p2a: Crescent|spd|1
|
|-weather|RainDance|[upkeep]
|-heal|p2a: Crescent|88/100 psn|[from] item: Leftovers
|-damage|p2a: Crescent|76/100 psn|[from] psn
|upkeep
|turn|12
|
|t:|1781413279
|move|p1a: Glimmora|Mortal Spin|p2a: Crescent
|-damage|p2a: Crescent|71/100 psn
|move|p2a: Crescent|Calm Mind|p2a: Crescent
|-boost|p2a: Crescent|spa|1
|-boost|p2a: Crescent|spd|1
|
|-weather|RainDance|[upkeep]
|-heal|p2a: Crescent|77/100 psn|[from] item: Leftovers
|-damage|p2a: Crescent|64/100 psn|[from] psn
|upkeep
|turn|13
|
|t:|1781413281
|move|p1a: Glimmora|Mortal Spin|p2a: Crescent
|-damage|p2a: Crescent|60/100 psn
|move|p2a: Crescent|Lunar Blessing|p2a: Crescent
|-heal|p2a: Crescent|84/100 psn
|-curestatus|p2a: Crescent|psn|[msg]
|
|-weather|RainDance|[upkeep]
|-heal|p2a: Crescent|91/100|[from] item: Leftovers
|upkeep
|turn|14
|
|t:|1781413284
|move|p1a: Glimmora|Mortal Spin|p2a: Crescent
|-damage|p2a: Crescent|85/100
|-status|p2a: Crescent|psn
|move|p2a: Crescent|Stored Power|p1a: Glimmora
|-supereffective|p1a: Glimmora
|-damage|p1a: Glimmora|0 fnt
|faint|p1a: Glimmora
|
|-weather|RainDance|[upkeep]
|-heal|p2a: Crescent|92/100 psn|[from] item: Leftovers
|-damage|p2a: Crescent|79/100 psn|[from] psn
|upkeep
|
|t:|1781413286
|switch|p1a: Overqwil|Overqwil, F|100/100
|turn|15
|
|t:|1781413290
|-terastallize|p2a: Crescent|Fairy
|move|p1a: Overqwil|Barb Barrage|p2a: Crescent
|-supereffective|p2a: Crescent
|-damage|p2a: Crescent|0 fnt
|faint|p2a: Crescent
|-damage|p1a: Overqwil|91/100|[from] item: Life Orb
|
|-weather|none
|upkeep
|
|t:|1781413294
|switch|p2a: Trojan|Zamazenta, shiny|100/100
|-damage|p2a: Trojan|95/100|[from] Stealth Rock
|-ability|p2a: Trojan|Dauntless Shield|boost
|-boost|p2a: Trojan|def|1
|turn|16
|
|t:|1781413297
|switch|p1a: Gholdengo|Gholdengo|100/100
|-item|p1a: Gholdengo|Air Balloon
|move|p2a: Trojan|Reflect|p2a: Trojan
|-sidestart|p2: No1CelestiaKinnie|Reflect
|
|upkeep
|turn|17
|
|t:|1781413299
|move|p2a: Trojan|Light Screen|p2a: Trojan
|-sidestart|p2: No1CelestiaKinnie|move: Light Screen
|move|p1a: Gholdengo|Thunder Wave|p2a: Trojan
|-status|p2a: Trojan|par
|
|upkeep
|turn|18
|
|t:|1781413303
|switch|p1a: Pelipper|Pelipper, M|100/100
|-weather|RainDance|[from] ability: Drizzle|[of] p1a: Pelipper
|switch|p2a: Byakko|Raging Bolt|100/100
|-damage|p2a: Byakko|88/100|[from] Stealth Rock
|-enditem|p2a: Byakko|Booster Energy
|-activate|p2a: Byakko|ability: Protosynthesis|[fromitem]
|-start|p2a: Byakko|protosynthesisspa
|
|-weather|RainDance|[upkeep]
|upkeep
|turn|19
|
|t:|1781413308
|move|p2a: Byakko|Calm Mind|p2a: Byakko
|-boost|p2a: Byakko|spa|1
|-boost|p2a: Byakko|spd|1
|move|p1a: Pelipper|U-turn|p2a: Byakko
|-damage|p2a: Byakko|84/100
|
|t:|1781413312
|switch|p1a: Iron Treads|Iron Treads|100/100|[from] U-turn
|
|-weather|RainDance|[upkeep]
|upkeep
|turn|20
|
|t:|1781413316
|move|p1a: Iron Treads|Earthquake|p2a: Byakko
|-supereffective|p2a: Byakko
|-damage|p2a: Byakko|54/100
|move|p2a: Byakko|Dragon Pulse|p1a: Iron Treads
|-resisted|p1a: Iron Treads
|-damage|p1a: Iron Treads|76/100
|
|-weather|RainDance|[upkeep]
|upkeep
|turn|21
|
|t:|1781413319
|move|p1a: Iron Treads|Earthquake|p2a: Byakko
|-supereffective|p2a: Byakko
|-damage|p2a: Byakko|24/100
|move|p2a: Byakko|Dragon Pulse|p1a: Iron Treads
|-resisted|p1a: Iron Treads
|-damage|p1a: Iron Treads|48/100
|
|-weather|RainDance|[upkeep]
|upkeep
|turn|22
|
|t:|1781413321
|move|p1a: Iron Treads|Earthquake|p2a: Byakko
|-supereffective|p2a: Byakko
|-damage|p2a: Byakko|0 fnt
|faint|p2a: Byakko
|-end|p2a: Byakko|Protosynthesis|[silent]
|
|-weather|RainDance|[upkeep]
|upkeep
|
|t:|1781413326
|switch|p2a: Alice|Ogerpon-Wellspring, F|100/100
|-damage|p2a: Alice|88/100|[from] Stealth Rock
|turn|23
|
|t:|1781413331
|move|p2a: Alice|Ivy Cudgel|p1a: Iron Treads|[anim] Ivy Cudgel Water
|-supereffective|p1a: Iron Treads
|-damage|p1a: Iron Treads|0 fnt
|faint|p1a: Iron Treads
|-end|p1a: Iron Treads|Quark Drive|[silent]
|
|-weather|RainDance|[upkeep]
|-sideend|p2: No1CelestiaKinnie|Reflect
|upkeep
|
|t:|1781413333
|switch|p1a: Overqwil|Overqwil, F|91/100
|turn|24
|
|t:|1781413338
|move|p1a: Overqwil|Barb Barrage|p2a: Alice
|-supereffective|p2a: Alice
|-damage|p2a: Alice|0 fnt
|faint|p2a: Alice
|-damage|p1a: Overqwil|81/100|[from] item: Life Orb
|
|-weather|RainDance|[upkeep]
|-sideend|p2: No1CelestiaKinnie|move: Light Screen
|upkeep
|
|t:|1781413340
|switch|p2a: Trojan|Zamazenta, shiny|95/100 par
|-damage|p2a: Trojan|89/100 par|[from] Stealth Rock
|turn|25
|
|t:|1781413345
|move|p1a: Overqwil|Liquidation|p2a: Trojan
|-damage|p2a: Trojan|48/100 par
|-damage|p1a: Overqwil|71/100|[from] item: Life Orb
|move|p2a: Trojan|Reflect|p2a: Trojan
|-sidestart|p2: No1CelestiaKinnie|Reflect
|
|-weather|none
|upkeep
|turn|26
|
|t:|1781413350
|switch|p1a: Pelipper|Pelipper, M|100/100
|-weather|RainDance|[from] ability: Drizzle|[of] p1a: Pelipper
|cant|p2a: Trojan|par
|
|-weather|RainDance|[upkeep]
|upkeep
|turn|27
|
|t:|1781413356
|move|p2a: Trojan|Light Screen|p2a: Trojan
|-sidestart|p2: No1CelestiaKinnie|move: Light Screen
|move|p1a: Pelipper|U-turn|p2a: Trojan
|-resisted|p2a: Trojan
|-damage|p2a: Trojan|46/100 par
|
|t:|1781413358
|switch|p1a: Gholdengo|Gholdengo|100/100|[from] U-turn
|-item|p1a: Gholdengo|Air Balloon
|
|-weather|RainDance|[upkeep]
|upkeep
|turn|28
|
|t:|1781413361
|switch|p2a: Overgod|Kingambit, M, shiny|100/100
|-damage|p2a: Overgod|94/100|[from] Stealth Rock
|-activate|p2a: Overgod|ability: Supreme Overlord
|-start|p2a: Overgod|fallen4|[silent]
|move|p1a: Gholdengo|Hex|p2a: Overgod
|-resisted|p2a: Overgod
|-damage|p2a: Overgod|87/100
|
|-weather|RainDance|[upkeep]
|-heal|p2a: Overgod|94/100|[from] item: Leftovers
|upkeep
|turn|29
|
|t:|1781413363
|move|p1a: Gholdengo|Thunder Wave|p2a: Overgod
|-status|p2a: Overgod|par
|move|p2a: Overgod|Swords Dance|p2a: Overgod
|-boost|p2a: Overgod|atk|2
|
|-weather|RainDance|[upkeep]
|-heal|p2a: Overgod|99/100 par|[from] item: Leftovers
|upkeep
|turn|30
|
|t:|1781413368
|move|p1a: Gholdengo|Hex|p2a: Overgod
|-resisted|p2a: Overgod
|-damage|p2a: Overgod|86/100 par
|cant|p2a: Overgod|par
|
|-weather|RainDance|[upkeep]
|-heal|p2a: Overgod|92/100 par|[from] item: Leftovers
|upkeep
|turn|31
|
|t:|1781413371
|switch|p1a: Pelipper|Pelipper, M|100/100
|cant|p2a: Overgod|par
|
|-weather|RainDance|[upkeep]
|-heal|p2a: Overgod|99/100 par|[from] item: Leftovers
|upkeep
|turn|32
|
|t:|1781413373
|move|p1a: Pelipper|Weather Ball|p2a: Overgod
|-damage|p2a: Overgod|75/100 par
|move|p2a: Overgod|Swords Dance|p2a: Overgod
|-boost|p2a: Overgod|atk|2
|
|-weather|RainDance|[upkeep]
|-heal|p2a: Overgod|82/100 par|[from] item: Leftovers
|-sideend|p2: No1CelestiaKinnie|Reflect
|upkeep
|turn|33
|
|t:|1781413376
|move|p2a: Overgod|Sucker Punch|p1a: Pelipper
|-damage|p1a: Pelipper|0 fnt
|faint|p1a: Pelipper
|
|-weather|none
|-heal|p2a: Overgod|88/100 par|[from] item: Leftovers
|upkeep
|
|t:|1781413382
|switch|p1a: Basculegion|Basculegion-F, F|100/100
|turn|34
|
|t:|1781413385
|switch|p1a: Overqwil|Overqwil, F|71/100
|move|p2a: Overgod|Sucker Punch||[still]
|-fail|p2a: Overgod
|
|-heal|p2a: Overgod|94/100 par|[from] item: Leftovers
|-sideend|p2: No1CelestiaKinnie|move: Light Screen
|upkeep
|turn|35
|
|t:|1781413389
|move|p2a: Overgod|Sucker Punch|p1a: Overqwil
|-resisted|p1a: Overqwil
|-damage|p1a: Overqwil|0 fnt
|faint|p1a: Overqwil
|
|-heal|p2a: Overgod|99/100 par|[from] item: Leftovers
|upkeep
|
|t:|1781413391
|switch|p1a: Basculegion|Basculegion-F, F|100/100
|turn|36
|
|t:|1781413393
|-terastallize|p1a: Basculegion|Water
|move|p2a: Overgod|Sucker Punch|p1a: Basculegion
|-damage|p1a: Basculegion|0 fnt
|faint|p1a: Basculegion
|
|-heal|p2a: Overgod|100/100 par|[from] item: Leftovers
|upkeep
|-message|mongwong forfeited.
|
|win|No1CelestiaKinnie
|raw|mongwong's rating: 1695 &rarr; <strong>1669</strong><br />(-26 for losing)
|raw|No1CelestiaKinnie's rating: 1590 &rarr; <strong>1616</strong><br />(+26 for winning)
|l|☆mongwong
|player|p1|
