|j|‽Jom31
|j|☆stevstacks
|t:|1781291319
|gametype|singles
|player|p1|Jom31|steven|1599
|player|p2|stevstacks|2|1652
|gen|9
|tier|[Gen 9] OU
|rated|
|rule|HP Percentage Mod: HP is shown in percentages
|rule|Endless Battle Clause: Forcing endless battles is banned
|rule|Species Clause: Limit one of each Pokémon
|rule|OHKO Clause: OHKO moves are banned
|rule|Evasion Items Clause: Evasion items are banned
|rule|Evasion Moves Clause: Evasion moves are banned
|rule|Evasion Abilities Clause: Evasion abilities are banned
|rule|Sleep Moves Clause: Sleep-inducing moves are banned
|clearpoke
|poke|p1|Jolteon, F|
|poke|p1|Slowking-Galar, F|
|poke|p1|Great Tusk|
|poke|p1|Moltres|
|poke|p1|Kingambit, M|
|poke|p1|Hydrapple, M|
|poke|p2|Torkoal, F|
|poke|p2|Corviknight, F|
|poke|p2|Walking Wake|
|poke|p2|Dragonite, F|
|poke|p2|Great Tusk|
|poke|p2|Raging Bolt|
|teampreview
|inactive|Battle timer is ON: inactive players will automatically lose when time's up. (requested by stevstacks)
|
|t:|1781291326
|teamsize|p1|6
|teamsize|p2|6
|start
|switch|p1a: Moltres|Moltres|100/100
|switch|p2a: Great Tusk|Great Tusk, shiny|100/100
|turn|1
|
|t:|1781291329
|move|p2a: Great Tusk|Knock Off|p1a: Moltres
|-crit|p1a: Moltres
|-damage|p1a: Moltres|51/100
|-status|p2a: Great Tusk|brn|[from] ability: Flame Body|[of] p1a: Moltres
|-enditem|p1a: Moltres|Heavy-Duty Boots|[from] move: Knock Off|[of] p2a: Great Tusk
|-damage|p2a: Great Tusk|91/100 brn|[from] item: Life Orb
|move|p1a: Moltres|Will-O-Wisp|p2a: Great Tusk
|-fail|p2a: Great Tusk|brn
|
|-damage|p2a: Great Tusk|84/100 brn|[from] brn
|upkeep
|turn|2
|
|t:|1781291334
|-end|p2a: Great Tusk|Protosynthesis|[silent]
|switch|p2a: Torkoal|Torkoal, F, shiny|100/100
|-weather|SunnyDay|[from] ability: Drought|[of] p2a: Torkoal
|move|p1a: Moltres|Roost|p1a: Moltres
|-heal|p1a: Moltres|100/100
|-singleturn|p1a: Moltres|move: Roost
|
|-weather|SunnyDay|[upkeep]
|upkeep
|turn|3
|
|t:|1781291336
|move|p1a: Moltres|Scorching Sands|p2a: Torkoal
|-supereffective|p2a: Torkoal
|-damage|p2a: Torkoal|63/100
|move|p2a: Torkoal|Stealth Rock|p1a: Moltres
|-sidestart|p1: Jom31|move: Stealth Rock
|
|-weather|SunnyDay|[upkeep]
|upkeep
|turn|4
|
|t:|1781291345
|switch|p2a: Great Tusk|Great Tusk, shiny|84/100 brn
|-activate|p2a: Great Tusk|ability: Protosynthesis
|-start|p2a: Great Tusk|protosynthesisatk
|move|p1a: Moltres|Scorching Sands|p2a: Great Tusk
|-damage|p2a: Great Tusk|55/100 brn
|
|-weather|SunnyDay|[upkeep]
|-damage|p2a: Great Tusk|49/100 brn|[from] brn
|upkeep
|turn|5
|
|t:|1781291356
|-end|p2a: Great Tusk|Protosynthesis|[silent]
|switch|p2a: Walking Wake|Walking Wake|100/100
|-activate|p2a: Walking Wake|ability: Protosynthesis
|-start|p2a: Walking Wake|protosynthesisspe
|switch|p1a: Great Tusk|Great Tusk|100/100
|-damage|p1a: Great Tusk|98/100|[from] Stealth Rock
|-activate|p1a: Great Tusk|ability: Protosynthesis
|-start|p1a: Great Tusk|protosynthesisdef
|
|-weather|SunnyDay|[upkeep]
|upkeep
|turn|6
|
|t:|1781291378
|-end|p1a: Great Tusk|Protosynthesis|[silent]
|switch|p1a: Slowking|Slowking-Galar, F|100/100
|-damage|p1a: Slowking|88/100|[from] Stealth Rock
|move|p2a: Walking Wake|Hydro Steam|p1a: Slowking
|-damage|p1a: Slowking|57/100
|
|-weather|SunnyDay|[upkeep]
|upkeep
|turn|7
|
|t:|1781291390
|move|p2a: Walking Wake|Hydro Steam|p1a: Slowking
|-damage|p1a: Slowking|22/100
|move|p1a: Slowking|Sludge Bomb|p2a: Walking Wake
|-damage|p2a: Walking Wake|57/100
|
|-weather|SunnyDay|[upkeep]
|upkeep
|turn|8
|
|t:|1781291397
|switch|p1a: Hydrapple|Hydrapple, M|100/100
|move|p2a: Walking Wake|Hydro Steam|p1a: Hydrapple
|-resisted|p1a: Hydrapple
|-damage|p1a: Hydrapple|83/100
|
|-weather|SunnyDay|[upkeep]
|upkeep
|turn|9
|
|t:|1781291413
|move|p2a: Walking Wake|Draco Meteor|p1a: Hydrapple
|-supereffective|p1a: Hydrapple
|-damage|p1a: Hydrapple|0 fnt
|-unboost|p2a: Walking Wake|spa|2
|faint|p1a: Hydrapple
|
|-weather|none
|-end|p2a: Walking Wake|Protosynthesis
|upkeep
|
|t:|1781291422
|switch|p1a: Jolteon|Jolteon, F|100/100
|turn|10
|
|t:|1781291425
|move|p1a: Jolteon|Calm Mind|p1a: Jolteon
|-boost|p1a: Jolteon|spa|1
|-boost|p1a: Jolteon|spd|1
|move|p2a: Walking Wake|Flip Turn|p1a: Jolteon
|-damage|p1a: Jolteon|62/100
|
|t:|1781291429
|-end|p2a: Walking Wake|Protosynthesis|[silent]
|switch|p2a: Raging Bolt|Raging Bolt|100/100|[from] Flip Turn
|
|upkeep
|turn|11
|
|t:|1781291435
|-terastallize|p1a: Jolteon|Fairy
|move|p2a: Raging Bolt|Draco Meteor|p1a: Jolteon
|-immune|p1a: Jolteon
|move|p1a: Jolteon|Calm Mind|p1a: Jolteon
|-boost|p1a: Jolteon|spa|1
|-boost|p1a: Jolteon|spd|1
|
|upkeep
|turn|12
|
|t:|1781291451
|-end|p2a: Raging Bolt|Protosynthesis|[silent]
|switch|p2a: Great Tusk|Great Tusk, shiny|49/100 brn
|move|p1a: Jolteon|Alluring Voice|p2a: Great Tusk
|-supereffective|p2a: Great Tusk
|-damage|p2a: Great Tusk|0 fnt
|faint|p2a: Great Tusk
|-end|p2a: Great Tusk|Protosynthesis|[silent]
|
|upkeep
|
|t:|1781291453
|switch|p2a: Dragonite|Dragonite, F, shiny|100/100
|turn|13
|
|t:|1781291462
|switch|p1a: Great Tusk|Great Tusk|98/100
|-damage|p1a: Great Tusk|95/100|[from] Stealth Rock
|-terastallize|p2a: Dragonite|Fire
|move|p2a: Dragonite|Encore||[still]
|-fail|p2a: Dragonite
|
|upkeep
|turn|14
|
|t:|1781291473
|move|p2a: Dragonite|Dragon Dance|p2a: Dragonite
|-boost|p2a: Dragonite|atk|1
|-boost|p2a: Dragonite|spe|1
|move|p1a: Great Tusk|Rapid Spin|p2a: Dragonite
|-damage|p2a: Dragonite|93/100
|-boost|p1a: Great Tusk|spe|1
|-sideend|p1: Jom31|Stealth Rock|[from] move: Rapid Spin|[of] p1a: Great Tusk
|
|upkeep
|turn|15
|
|t:|1781291476
|move|p2a: Dragonite|Encore|p1a: Great Tusk
|-start|p1a: Great Tusk|Encore
|move|p1a: Great Tusk|Rapid Spin|p2a: Dragonite
|-damage|p2a: Dragonite|76/100
|-boost|p1a: Great Tusk|spe|1
|
|upkeep
|turn|16
|
|t:|1781291483
|-end|p1a: Great Tusk|Protosynthesis|[silent]
|switch|p1a: Moltres|Moltres|100/100
|move|p2a: Dragonite|Dragon Dance|p2a: Dragonite
|-boost|p2a: Dragonite|atk|1
|-boost|p2a: Dragonite|spe|1
|
|upkeep
|turn|17
|
|t:|1781291489
|move|p2a: Dragonite|Scale Shot|p1a: Moltres
|-damage|p1a: Moltres|76/100
|-crit|p1a: Moltres
|-damage|p1a: Moltres|40/100
|-damage|p1a: Moltres|15/100
|-damage|p1a: Moltres|0 fnt
|faint|p1a: Moltres
|-hitcount|p1: Moltres|4
|-unboost|p2a: Dragonite|def|1
|-boost|p2a: Dragonite|spe|1
|
|upkeep
|
|t:|1781291497
|switch|p1a: Great Tusk|Great Tusk|95/100
|turn|18
|
|t:|1781291501
|switch|p2a: Torkoal|Torkoal, F, shiny|63/100
|-weather|SunnyDay|[from] ability: Drought|[of] p2a: Torkoal
|-activate|p1a: Great Tusk|ability: Protosynthesis
|-start|p1a: Great Tusk|protosynthesisdef
|move|p1a: Great Tusk|Body Press|p2a: Torkoal
|-damage|p2a: Torkoal|26/100
|
|-weather|SunnyDay|[upkeep]
|upkeep
|turn|19
|
|t:|1781291512
|switch|p2a: Walking Wake|Walking Wake|57/100
|-activate|p2a: Walking Wake|ability: Protosynthesis
|-start|p2a: Walking Wake|protosynthesisspe
|move|p1a: Great Tusk|Body Press|p2a: Walking Wake
|-damage|p2a: Walking Wake|10/100
|
|-weather|SunnyDay|[upkeep]
|upkeep
|turn|20
|
|t:|1781291534
|-end|p1a: Great Tusk|Protosynthesis|[silent]
|switch|p1a: Slowking|Slowking-Galar, F|55/100
|move|p2a: Walking Wake|Hydro Steam|p1a: Slowking
|-damage|p1a: Slowking|23/100
|
|-weather|SunnyDay|[upkeep]
|upkeep
|turn|21
|
|t:|1781291541
|move|p2a: Walking Wake|Hydro Steam|p1a: Slowking
|-damage|p1a: Slowking|0 fnt
|faint|p1a: Slowking
|
|-weather|SunnyDay|[upkeep]
|upkeep
|
|t:|1781291543
|switch|p1a: Kingambit|Kingambit, M|100/100
|-activate|p1a: Kingambit|ability: Supreme Overlord
|-start|p1a: Kingambit|fallen3|[silent]
|turn|22
|
|t:|1781291546
|move|p1a: Kingambit|Sucker Punch|p2a: Walking Wake
|-damage|p2a: Walking Wake|0 fnt
|faint|p2a: Walking Wake
|-end|p2a: Walking Wake|Protosynthesis|[silent]
|
|-weather|SunnyDay|[upkeep]
|upkeep
|
|t:|1781291548
|switch|p2a: Dragonite|Dragonite, F, shiny, tera:Fire|76/100
|turn|23
|
|t:|1781291553
|-end|p1a: Kingambit|fallen3|[silent]
|switch|p1a: Great Tusk|Great Tusk|95/100
|-activate|p1a: Great Tusk|ability: Protosynthesis
|-start|p1a: Great Tusk|protosynthesisdef
|move|p2a: Dragonite|Encore||[still]
|-fail|p2a: Dragonite
|
|-weather|SunnyDay|[upkeep]
|upkeep
|turn|24
|
|t:|1781291560
|switch|p2a: Corviknight|Corviknight, F, shiny|100/100
|-ability|p2a: Corviknight|Pressure
|move|p1a: Great Tusk|Body Press|p2a: Corviknight
|-damage|p2a: Corviknight|64/100
|
|-weather|SunnyDay|[upkeep]
|-heal|p2a: Corviknight|71/100|[from] item: Leftovers
|upkeep
|turn|25
|
|t:|1781291563
|move|p1a: Great Tusk|Stealth Rock|p2a: Corviknight
|-sidestart|p2: stevstacks|move: Stealth Rock
|move|p2a: Corviknight|U-turn|p1a: Great Tusk
|-resisted|p1a: Great Tusk
|-damage|p1a: Great Tusk|92/100
|-damage|p2a: Corviknight|54/100|[from] item: Rocky Helmet|[of] p1a: Great Tusk
|
|t:|1781291564
|switch|p2a: Raging Bolt|Raging Bolt|100/100|[from] U-turn
|-damage|p2a: Raging Bolt|88/100|[from] Stealth Rock
|-activate|p2a: Raging Bolt|ability: Protosynthesis
|-start|p2a: Raging Bolt|protosynthesisspa
|
|-weather|none
|-end|p2a: Raging Bolt|Protosynthesis
|-end|p1a: Great Tusk|Protosynthesis
|upkeep
|turn|26
|
|t:|1781291575
|-end|p2a: Raging Bolt|Protosynthesis|[silent]
|switch|p2a: Torkoal|Torkoal, F, shiny|26/100
|-damage|p2a: Torkoal|2/100|[from] Stealth Rock
|-weather|SunnyDay|[from] ability: Drought|[of] p2a: Torkoal
|-activate|p1a: Great Tusk|ability: Protosynthesis
|-start|p1a: Great Tusk|protosynthesisdef
|-end|p1a: Great Tusk|Protosynthesis|[silent]
|switch|p1a: Jolteon|Jolteon, F, tera:Fairy|62/100
|
|-weather|SunnyDay|[upkeep]
|upkeep
|turn|27
|
|t:|1781291586
|move|p1a: Jolteon|Thunderbolt|p2a: Torkoal
|-damage|p2a: Torkoal|0 fnt
|faint|p2a: Torkoal
|
|-weather|SunnyDay|[upkeep]
|upkeep
|
|t:|1781291594
|switch|p2a: Dragonite|Dragonite, F, shiny, tera:Fire|76/100
|-damage|p2a: Dragonite|52/100|[from] Stealth Rock
|turn|28
|
|t:|1781291598
|switch|p1a: Great Tusk|Great Tusk|92/100
|-activate|p1a: Great Tusk|ability: Protosynthesis
|-start|p1a: Great Tusk|protosynthesisdef
|move|p2a: Dragonite|Fire Punch|p1a: Great Tusk
|-damage|p1a: Great Tusk|69/100
|-damage|p2a: Dragonite|35/100|[from] item: Rocky Helmet|[of] p1a: Great Tusk
|
|-weather|SunnyDay|[upkeep]
|upkeep
|turn|29
|
|t:|1781291607
|move|p2a: Dragonite|Scale Shot|p1a: Great Tusk
|-damage|p1a: Great Tusk|64/100
|-damage|p1a: Great Tusk|59/100
|-damage|p1a: Great Tusk|53/100
|-damage|p1a: Great Tusk|47/100
|-damage|p1a: Great Tusk|41/100
|-hitcount|p1a: Great Tusk|5
|-unboost|p2a: Dragonite|def|1
|-boost|p2a: Dragonite|spe|1
|move|p1a: Great Tusk|Body Press|p2a: Dragonite
|-damage|p2a: Dragonite|0 fnt
|faint|p2a: Dragonite
|
|-weather|SunnyDay|[upkeep]
|upkeep
|c|☆stevstacks|nice volteon set
|
|t:|1781291622
|switch|p2a: Raging Bolt|Raging Bolt|88/100
|-damage|p2a: Raging Bolt|76/100|[from] Stealth Rock
|-activate|p2a: Raging Bolt|ability: Protosynthesis
|-start|p2a: Raging Bolt|protosynthesisspa
|turn|30
|
|t:|1781291630
|move|p2a: Raging Bolt|Dragon Pulse|p1a: Great Tusk
|-damage|p1a: Great Tusk|0 fnt
|faint|p1a: Great Tusk
|-end|p1a: Great Tusk|Protosynthesis|[silent]
|
|-weather|SunnyDay|[upkeep]
|upkeep
|
|t:|1781291633
|switch|p1a: Jolteon|Jolteon, F, tera:Fairy|62/100
|turn|31
|
|t:|1781291638
|-end|p2a: Raging Bolt|Protosynthesis|[silent]
|switch|p2a: Corviknight|Corviknight, F, shiny|54/100
|-damage|p2a: Corviknight|42/100|[from] Stealth Rock
|-ability|p2a: Corviknight|Pressure
|move|p1a: Jolteon|Calm Mind|p1a: Jolteon
|-boost|p1a: Jolteon|spa|1
|-boost|p1a: Jolteon|spd|1
|
|-weather|SunnyDay|[upkeep]
|-heal|p2a: Corviknight|48/100|[from] item: Leftovers
|upkeep
|turn|32
|
|t:|1781291642
|move|p1a: Jolteon|Thunderbolt|p2a: Corviknight
|-supereffective|p2a: Corviknight
|-damage|p2a: Corviknight|0 fnt
|faint|p2a: Corviknight
|
|-weather|SunnyDay|[upkeep]
|upkeep
|
|t:|1781291643
|switch|p2a: Raging Bolt|Raging Bolt|76/100
|-damage|p2a: Raging Bolt|64/100|[from] Stealth Rock
|-activate|p2a: Raging Bolt|ability: Protosynthesis
|-start|p2a: Raging Bolt|protosynthesisspa
|turn|33
|
|t:|1781291653
|move|p2a: Raging Bolt|Thunderbolt|p1a: Jolteon
|-heal|p1a: Jolteon|87/100|[from] ability: Volt Absorb|[of] p2a: Raging Bolt
|move|p1a: Jolteon|Alluring Voice|p2a: Raging Bolt
|-supereffective|p2a: Raging Bolt
|-damage|p2a: Raging Bolt|0 fnt
|faint|p2a: Raging Bolt
|-end|p2a: Raging Bolt|Protosynthesis|[silent]
|
|win|Jom31
|raw|Jom31's rating: 1599 &rarr; <strong>1622</strong><br />(+23 for winning)
|raw|stevstacks's rating: 1652 &rarr; <strong>1629</strong><br />(-23 for losing)
|l|☆stevstacks
|player|p2|
