|j|☆LowEL0God
|j|☆volc1877
|t:|1781531819
|gametype|singles
|player|p1|LowEL0God|265|1623
|player|p2|volc1877|2|1594
|gen|9
|tier|[Gen 9] OU
|rated|
|rule|HP Percentage Mod: HP is shown in percentages
|rule|Endless Battle Clause: Forcing endless battles is banned
|rule|Species Clause: Limit one of each Pokémon
|rule|OHKO Clause: OHKO moves are banned
|rule|Evasion Items Clause: Evasion items are banned
|rule|Evasion Moves Clause: Evasion moves are banned
|rule|Evasion Abilities Clause: Evasion abilities are banned
|rule|Sleep Moves Clause: Sleep-inducing moves are banned
|clearpoke
|poke|p1|Pelipper, M|
|poke|p1|Raging Bolt|
|poke|p1|Overqwil, M|
|poke|p1|Barraskewda, M|
|poke|p1|Iron Treads|
|poke|p1|Kingambit, F|
|poke|p2|Ninetales, F|
|poke|p2|Walking Wake|
|poke|p2|Pawmot, F|
|poke|p2|Comfey, M|
|poke|p2|Great Tusk|
|poke|p2|Tornadus-Therian, M|
|teampreview
|c|☆LowEL0God|hf
|inactive|Battle timer is ON: inactive players will automatically lose when time's up. (requested by LowEL0God)
|j| BiscoitoXDBr
|j| choispecs ironmoth
|
|t:|1781531840
|teamsize|p1|6
|teamsize|p2|6
|start
|switch|p1a: Barraskewda|Barraskewda, M|100/100
|switch|p2a: Ninetales|Ninetales, F|100/100
|-weather|SunnyDay|[from] ability: Drought|[of] p2a: Ninetales
|turn|1
|
|t:|1781531844
|switch|p2a: Tornadus|Tornadus-Therian, M|100/100
|move|p1a: Barraskewda|Flip Turn|p2a: Tornadus
|-damage|p2a: Tornadus|71/100
|
|t:|1781531845
|switch|p1a: Raging Bolt|Raging Bolt|100/100|[from] Flip Turn
|-activate|p1a: Raging Bolt|ability: Protosynthesis
|-start|p1a: Raging Bolt|protosynthesisspa
|
|-weather|SunnyDay|[upkeep]
|upkeep
|turn|2
|j| Puyu paz
|
|t:|1781531851
|move|p2a: Tornadus|Knock Off|p1a: Raging Bolt
|-damage|p1a: Raging Bolt|83/100
|-enditem|p1a: Raging Bolt|Booster Energy|[from] move: Knock Off|[of] p2a: Tornadus
|move|p1a: Raging Bolt|Weather Ball|p2a: Tornadus
|-damage|p2a: Tornadus|18/100
|
|-weather|SunnyDay|[upkeep]
|upkeep
|turn|3
|
|t:|1781531856
|move|p2a: Tornadus|U-turn|p1a: Raging Bolt
|-damage|p1a: Raging Bolt|70/100
|
|t:|1781531857
|switch|p2a: Comfey|Comfey, M|100/100|[from] U-turn
|move|p1a: Raging Bolt|Weather Ball|p2a: Comfey
|-damage|p2a: Comfey|16/100
|
|-weather|SunnyDay|[upkeep]
|upkeep
|turn|4
|
|t:|1781531861
|move|p2a: Comfey|Draining Kiss|p1a: Raging Bolt
|-supereffective|p1a: Raging Bolt
|-damage|p1a: Raging Bolt|23/100
|-heal|p2a: Comfey|65/100|[from] drain|[of] p1a: Raging Bolt
|-damage|p2a: Comfey|55/100|[from] item: Life Orb
|move|p1a: Raging Bolt|Weather Ball|p2a: Comfey
|-damage|p2a: Comfey|0 fnt
|faint|p2a: Comfey
|
|-weather|SunnyDay|[upkeep]
|upkeep
|
|t:|1781531866
|switch|p2a: Walking Wake|Walking Wake|100/100
|-activate|p2a: Walking Wake|ability: Protosynthesis
|-start|p2a: Walking Wake|protosynthesisspa
|turn|5
|
|t:|1781531870
|move|p1a: Raging Bolt|Thunderclap|p2a: Walking Wake
|-damage|p2a: Walking Wake|36/100
|move|p2a: Walking Wake|Hydro Steam|p1a: Raging Bolt
|-resisted|p1a: Raging Bolt
|-damage|p1a: Raging Bolt|0 fnt
|faint|p1a: Raging Bolt
|-end|p1a: Raging Bolt|Protosynthesis|[silent]
|
|-weather|SunnyDay|[upkeep]
|upkeep
|
|t:|1781531871
|switch|p1a: Barraskewda|Barraskewda, M|100/100
|turn|6
|
|t:|1781531876
|-end|p2a: Walking Wake|Protosynthesis|[silent]
|switch|p2a: Tornadus|Tornadus-Therian, M|51/100
|move|p1a: Barraskewda|Close Combat|p2a: Tornadus
|-resisted|p2a: Tornadus
|-damage|p2a: Tornadus|12/100
|-unboost|p1a: Barraskewda|def|1
|-unboost|p1a: Barraskewda|spd|1
|
|-weather|SunnyDay|[upkeep]
|upkeep
|turn|7
|
|t:|1781531879
|move|p2a: Tornadus|U-turn|p1a: Barraskewda
|-damage|p1a: Barraskewda|57/100
|
|t:|1781531883
|switch|p2a: Great Tusk|Great Tusk|100/100|[from] U-turn
|-activate|p2a: Great Tusk|ability: Protosynthesis
|-start|p2a: Great Tusk|protosynthesisspe
|move|p1a: Barraskewda|Close Combat|p2a: Great Tusk
|-damage|p2a: Great Tusk|60/100
|-unboost|p1a: Barraskewda|def|1
|-unboost|p1a: Barraskewda|spd|1
|
|-weather|SunnyDay|[upkeep]
|upkeep
|turn|8
|
|t:|1781531887
|switch|p1a: Pelipper|Pelipper, M|100/100
|-weather|RainDance|[from] ability: Drizzle|[of] p1a: Pelipper
|-end|p2a: Great Tusk|Protosynthesis
|move|p2a: Great Tusk|Stone Edge|p1a: Pelipper
|-supereffective|p1a: Pelipper
|-damage|p1a: Pelipper|43/100
|-damage|p2a: Great Tusk|50/100|[from] item: Life Orb
|
|-weather|RainDance|[upkeep]
|upkeep
|turn|9
|
|t:|1781531898
|move|p2a: Great Tusk|Stone Edge|p1a: Pelipper
|-supereffective|p1a: Pelipper
|-damage|p1a: Pelipper|0 fnt
|faint|p1a: Pelipper
|-damage|p2a: Great Tusk|41/100|[from] item: Life Orb
|
|-weather|RainDance|[upkeep]
|upkeep
|
|t:|1781531899
|switch|p1a: Barraskewda|Barraskewda, M|57/100
|turn|10
|
|t:|1781531901
|-end|p2a: Great Tusk|Protosynthesis|[silent]
|switch|p2a: Ninetales|Ninetales, F|100/100
|-weather|SunnyDay|[from] ability: Drought|[of] p2a: Ninetales
|move|p1a: Barraskewda|Liquidation|p2a: Ninetales
|-supereffective|p2a: Ninetales
|-damage|p2a: Ninetales|11/100
|
|-weather|SunnyDay|[upkeep]
|upkeep
|turn|11
|
|t:|1781531906
|switch|p2a: Walking Wake|Walking Wake|36/100
|-activate|p2a: Walking Wake|ability: Protosynthesis
|-start|p2a: Walking Wake|protosynthesisspa
|move|p1a: Barraskewda|Liquidation|p2a: Walking Wake
|-resisted|p2a: Walking Wake
|-damage|p2a: Walking Wake|27/100
|
|-weather|SunnyDay|[upkeep]
|upkeep
|turn|12
|
|t:|1781531908
|move|p1a: Barraskewda|Liquidation|p2a: Walking Wake
|-resisted|p2a: Walking Wake
|-damage|p2a: Walking Wake|18/100
|-unboost|p2a: Walking Wake|def|1
|move|p2a: Walking Wake|Hydro Steam|p1a: Barraskewda
|-resisted|p1a: Barraskewda
|-damage|p1a: Barraskewda|0 fnt
|faint|p1a: Barraskewda
|
|-weather|SunnyDay|[upkeep]
|upkeep
|
|t:|1781531909
|switch|p1a: Kingambit|Kingambit, F|100/100
|-activate|p1a: Kingambit|ability: Supreme Overlord
|-start|p1a: Kingambit|fallen3|[silent]
|turn|13
|
|t:|1781531914
|move|p1a: Kingambit|Sucker Punch|p2a: Walking Wake
|-damage|p2a: Walking Wake|0 fnt
|faint|p2a: Walking Wake
|-end|p2a: Walking Wake|Protosynthesis|[silent]
|
|-weather|SunnyDay|[upkeep]
|upkeep
|
|t:|1781531915
|switch|p2a: Pawmot|Pawmot, F|100/100
|turn|14
|
|t:|1781531916
|-terastallize|p1a: Kingambit|Dark
|move|p2a: Pawmot|Revival Blessing|p2a: Pawmot
|-enditem|p2a: Pawmot|Leppa Berry|[eat]
|-activate|p2a: Pawmot|item: Leppa Berry|Revival Blessing|[consumed]
|
|t:|1781531922
|-heal|p2: Comfey|50/100|[from] move: Revival Blessing
|move|p1a: Kingambit|Kowtow Cleave|p2a: Pawmot
|-resisted|p2a: Pawmot
|-crit|p2a: Pawmot
|-damage|p2a: Pawmot|14/100
|
|-weather|SunnyDay|[upkeep]
|upkeep
|turn|15
|
|t:|1781531927
|move|p2a: Pawmot|Close Combat|p1a: Kingambit
|-supereffective|p1a: Kingambit
|-damage|p1a: Kingambit|27/100
|-unboost|p2a: Pawmot|def|1
|-unboost|p2a: Pawmot|spd|1
|move|p1a: Kingambit|Swords Dance|p1a: Kingambit
|-boost|p1a: Kingambit|atk|2
|
|-weather|SunnyDay|[upkeep]
|-heal|p1a: Kingambit|33/100|[from] item: Leftovers
|upkeep
|turn|16
|
|t:|1781531928
|move|p1a: Kingambit|Sucker Punch||[still]
|-fail|p1a: Kingambit
|move|p2a: Pawmot|Encore|p1a: Kingambit
|-start|p1a: Kingambit|Encore
|
|-weather|SunnyDay|[upkeep]
|-heal|p1a: Kingambit|39/100|[from] item: Leftovers
|upkeep
|turn|17
|
|t:|1781531930
|move|p1a: Kingambit|Sucker Punch||[still]
|-fail|p1a: Kingambit
|move|p2a: Pawmot|Revival Blessing|p2a: Pawmot
|
|t:|1781531932
|-heal|p2: Walking Wake|50/100|[from] move: Revival Blessing
|
|-weather|none
|-heal|p1a: Kingambit|45/100|[from] item: Leftovers
|upkeep
|turn|18
|
|t:|1781531937
|move|p1a: Kingambit|Sucker Punch||[still]
|-fail|p1a: Kingambit
|move|p2a: Pawmot|Encore||[still]
|-fail|p2a: Pawmot
|
|-heal|p1a: Kingambit|52/100|[from] item: Leftovers
|upkeep
|turn|19
|
|t:|1781531939
|move|p1a: Kingambit|Sucker Punch||[still]
|-fail|p1a: Kingambit
|move|p2a: Pawmot|Encore||[still]
|-fail|p2a: Pawmot
|
|-heal|p1a: Kingambit|58/100|[from] item: Leftovers
|-end|p1a: Kingambit|Encore
|upkeep
|turn|20
|
|t:|1781531941
|move|p1a: Kingambit|Sucker Punch||[still]
|-fail|p1a: Kingambit
|move|p2a: Pawmot|Encore|p1a: Kingambit
|-start|p1a: Kingambit|Encore
|
|-heal|p1a: Kingambit|64/100|[from] item: Leftovers
|upkeep
|turn|21
|
|t:|1781531944
|move|p1a: Kingambit|Sucker Punch||[still]
|-fail|p1a: Kingambit
|move|p2a: Pawmot|Encore||[still]
|-fail|p2a: Pawmot
|
|-heal|p1a: Kingambit|70/100|[from] item: Leftovers
|upkeep
|turn|22
|
|t:|1781531946
|move|p1a: Kingambit|Sucker Punch||[still]
|-fail|p1a: Kingambit
|move|p2a: Pawmot|Encore||[still]
|-fail|p2a: Pawmot
|
|-heal|p1a: Kingambit|77/100|[from] item: Leftovers
|-end|p1a: Kingambit|Encore
|upkeep
|turn|23
|
|t:|1781531949
|move|p2a: Pawmot|Close Combat|p1a: Kingambit
|-supereffective|p1a: Kingambit
|-damage|p1a: Kingambit|3/100
|-unboost|p2a: Pawmot|def|1
|-unboost|p2a: Pawmot|spd|1
|move|p1a: Kingambit|Iron Head|p2a: Pawmot
|-resisted|p2a: Pawmot
|-damage|p2a: Pawmot|0 fnt
|faint|p2a: Pawmot
|
|-heal|p1a: Kingambit|9/100|[from] item: Leftovers
|upkeep
|
|t:|1781531956
|switch|p2a: Ninetales|Ninetales, F|11/100
|-weather|SunnyDay|[from] ability: Drought|[of] p2a: Ninetales
|turn|24
|
|t:|1781531959
|move|p2a: Ninetales|Healing Wish|p2a: Ninetales
|faint|p2a: Ninetales
|move|p1a: Kingambit|Iron Head|p2: Ninetales|[notarget]
|-fail|p1a: Kingambit
|
|-weather|SunnyDay|[upkeep]
|-heal|p1a: Kingambit|16/100|[from] item: Leftovers
|upkeep
|
|t:|1781531960
|switch|p2a: Walking Wake|Walking Wake|50/100
|-heal|p2a: Walking Wake|100/100|[from] move: Healing Wish
|-activate|p2a: Walking Wake|ability: Protosynthesis
|-start|p2a: Walking Wake|protosynthesisspa
|turn|25
|
|t:|1781531961
|move|p2a: Walking Wake|Hydro Steam|p1a: Kingambit
|-crit|p1a: Kingambit
|-damage|p1a: Kingambit|0 fnt
|faint|p1a: Kingambit
|-end|p1a: Kingambit|fallen3|[silent]
|
|-weather|SunnyDay|[upkeep]
|upkeep
|
|t:|1781531962
|switch|p1a: Iron Treads|Iron Treads|100/100
|-enditem|p1a: Iron Treads|Booster Energy
|-activate|p1a: Iron Treads|ability: Quark Drive|[fromitem]
|-start|p1a: Iron Treads|quarkdrivespe
|turn|26
|
|t:|1781531964
|move|p1a: Iron Treads|Steel Beam|p2a: Walking Wake
|-resisted|p2a: Walking Wake
|-damage|p2a: Walking Wake|69/100
|-damage|p1a: Iron Treads|50/100|[from] steelbeam
|move|p2a: Walking Wake|Hydro Steam|p1a: Iron Treads
|-supereffective|p1a: Iron Treads
|-damage|p1a: Iron Treads|0 fnt
|faint|p1a: Iron Treads
|-end|p1a: Iron Treads|Quark Drive|[silent]
|
|-weather|SunnyDay|[upkeep]
|upkeep
|
|t:|1781531965
|switch|p1a: Overqwil|Overqwil, M|100/100
|turn|27
|
|t:|1781531967
|move|p2a: Walking Wake|Hydro Steam|p1a: Overqwil
|-damage|p1a: Overqwil|0 fnt
|faint|p1a: Overqwil
|
|win|volc1877
|raw|LowEL0God's rating: 1623 &rarr; <strong>1601</strong><br />(-22 for losing)
|raw|volc1877's rating: 1594 &rarr; <strong>1616</strong><br />(+22 for winning)
|l|☆volc1877
|player|p2|
|l| choispecs ironmoth
|j| choispecs ironmoth
|c|☆LowEL0God|gg
|l|☆LowEL0God
|player|p1|
|l| Puyu paz
|l| BiscoitoXDBr
