|badge|p2|bronze|gen9ou|100-9
|uhtml|medal-msg|<div class="broadcast-blue">Curious what those medals under the avatar are? PS now has Ladder Seasons! For more information, check out the <a href="https://www.smogon.com/forums/threads/3740067/">thread on Smogon.</a></div>
|j|☆deepfriedmagikarp
|j|☆crck like alakazam
|t:|1781562953
|gametype|singles
|player|p1|deepfriedmagikarp|pokemonranger-gen4|1758
|player|p2|crck like alakazam|psychic-gen4|1912
|gen|9
|tier|[Gen 9] OU
|rated|
|rule|HP Percentage Mod: HP is shown in percentages
|rule|Endless Battle Clause: Forcing endless battles is banned
|rule|Species Clause: Limit one of each Pokémon
|rule|OHKO Clause: OHKO moves are banned
|rule|Evasion Items Clause: Evasion items are banned
|rule|Evasion Moves Clause: Evasion moves are banned
|rule|Evasion Abilities Clause: Evasion abilities are banned
|rule|Sleep Moves Clause: Sleep-inducing moves are banned
|clearpoke
|poke|p1|Hatterene, F|
|poke|p1|Great Tusk|
|poke|p1|Tornadus-Therian, M|
|poke|p1|Kyurem|
|poke|p1|Slowking-Galar, M|
|poke|p1|Kingambit, F|
|poke|p2|Iron Treads|
|poke|p2|Pelipper, F|
|poke|p2|Dondozo, F|
|poke|p2|Overqwil, M|
|poke|p2|Enamorus, F|
|poke|p2|Raging Bolt|
|teampreview
|inactive|Battle timer is ON: inactive players will automatically lose when time's up. (requested by crck like alakazam)
|inactive|deepfriedmagikarp also wants the timer to be on.
|
|t:|1781562965
|teamsize|p1|6
|teamsize|p2|6
|start
|switch|p1a: Tornadus|Tornadus-Therian, M|100/100
|switch|p2a: GangStarrFromAbove|Enamorus, F|100/100
|turn|1
|
|t:|1781562970
|switch|p2a: C.T.E.Spins|Iron Treads|100/100
|-enditem|p2a: C.T.E.Spins|Booster Energy
|-activate|p2a: C.T.E.Spins|ability: Quark Drive|[fromitem]
|-start|p2a: C.T.E.Spins|quarkdrivespe
|move|p1a: Tornadus|Knock Off|p2a: C.T.E.Spins
|-crit|p2a: C.T.E.Spins
|-damage|p2a: C.T.E.Spins|84/100
|
|upkeep
|turn|2
|
|t:|1781562974
|switch|p1a: Hatterene|Hatterene, F|100/100
|move|p2a: C.T.E.Spins|Earthquake|p1a: Hatterene
|-damage|p1a: Hatterene|67/100
|
|upkeep
|turn|3
|
|t:|1781562978
|-end|p2a: C.T.E.Spins|Quark Drive|[silent]
|switch|p2a: 4Pc Peliac Combo|Pelipper, F|100/100
|-weather|RainDance|[from] ability: Drizzle|[of] p2a: 4Pc Peliac Combo
|switch|p1a: Tornadus|Tornadus-Therian, M|100/100
|
|-weather|RainDance|[upkeep]
|upkeep
|turn|4
|
|t:|1781562981
|switch|p2a: Ol'DirtyBolt|Raging Bolt|100/100
|-enditem|p2a: Ol'DirtyBolt|Booster Energy
|-activate|p2a: Ol'DirtyBolt|ability: Protosynthesis|[fromitem]
|-start|p2a: Ol'DirtyBolt|protosynthesisspa
|move|p1a: Tornadus|Bleakwind Storm|p2a: Ol'DirtyBolt
|-resisted|p2a: Ol'DirtyBolt
|-damage|p2a: Ol'DirtyBolt|81/100
|
|-weather|RainDance|[upkeep]
|upkeep
|turn|5
|
|t:|1781562986
|move|p1a: Tornadus|U-turn|p2a: Ol'DirtyBolt
|-damage|p2a: Ol'DirtyBolt|66/100
|
|t:|1781562990
|switch|p1a: Hatterene|Hatterene, F|67/100|[from] U-turn
|move|p2a: Ol'DirtyBolt|Thunder|p1a: Hatterene
|-damage|p1a: Hatterene|0 fnt
|faint|p1a: Hatterene
|
|-weather|RainDance|[upkeep]
|upkeep
|
|t:|1781562993
|switch|p1a: Kyurem|Kyurem|100/100
|-ability|p1a: Kyurem|Pressure
|turn|6
|
|t:|1781562996
|-terastallize|p2a: Ol'DirtyBolt|Fairy
|move|p1a: Kyurem|Ice Beam|p2a: Ol'DirtyBolt
|-damage|p2a: Ol'DirtyBolt|0 fnt
|faint|p2a: Ol'DirtyBolt
|-end|p2a: Ol'DirtyBolt|Protosynthesis|[silent]
|
|-weather|RainDance|[upkeep]
|upkeep
|
|t:|1781563004
|switch|p2a: PurpleRain|Overqwil, M, shiny|100/100
|turn|7
|
|t:|1781563010
|move|p2a: PurpleRain|Destiny Bond|p2a: PurpleRain
|-singlemove|p2a: PurpleRain|Destiny Bond
|move|p1a: Kyurem|Ice Beam|p2a: PurpleRain
|-damage|p2a: PurpleRain|0 fnt
|faint|p2a: PurpleRain
|-activate|p2a: PurpleRain|move: Destiny Bond
|faint|p1a: Kyurem
|
|-weather|RainDance|[upkeep]
|upkeep
|
|t:|1781563028
|switch|p1a: Great Tusk|Great Tusk|100/100
|switch|p2a: WishABozoWould|Dondozo, F|100/100
|turn|8
|
|t:|1781563030
|move|p1a: Great Tusk|Stealth Rock|p2a: WishABozoWould
|-sidestart|p2: crck like alakazam|move: Stealth Rock
|move|p2a: WishABozoWould|Wave Crash|p1a: Great Tusk
|-supereffective|p1a: Great Tusk
|-damage|p1a: Great Tusk|0 fnt
|-damage|p2a: WishABozoWould|84/100|[from] item: Rocky Helmet|[of] p1a: Great Tusk
|faint|p1a: Great Tusk
|-end|p1a: Great Tusk|Protosynthesis|[silent]
|-damage|p2a: WishABozoWould|57/100|[from] Recoil
|
|-weather|RainDance|[upkeep]
|upkeep
|
|t:|1781563035
|switch|p1a: Tornadus|Tornadus-Therian, M|100/100
|turn|9
|
|t:|1781563042
|move|p1a: Tornadus|Knock Off|p2a: WishABozoWould
|-damage|p2a: WishABozoWould|43/100
|-enditem|p2a: WishABozoWould|Choice Band|[from] move: Knock Off|[of] p1a: Tornadus
|move|p2a: WishABozoWould|Wave Crash|p1a: Tornadus
|-damage|p1a: Tornadus|0 fnt
|faint|p1a: Tornadus
|-damage|p2a: WishABozoWould|18/100|[from] Recoil
|
|-weather|RainDance|[upkeep]
|upkeep
|
|t:|1781563046
|switch|p1a: Kingambit|Kingambit, F|100/100
|-activate|p1a: Kingambit|ability: Supreme Overlord
|-start|p1a: Kingambit|fallen4|[silent]
|turn|10
|
|t:|1781563049
|switch|p2a: C.T.E.Spins|Iron Treads|84/100
|-damage|p2a: C.T.E.Spins|81/100|[from] Stealth Rock
|move|p1a: Kingambit|Sucker Punch||[still]
|-fail|p1a: Kingambit
|
|-weather|none
|upkeep
|turn|11
|
|t:|1781563053
|move|p2a: C.T.E.Spins|Earthquake|p1a: Kingambit
|-supereffective|p1a: Kingambit
|-damage|p1a: Kingambit|45/100
|move|p1a: Kingambit|Swords Dance|p1a: Kingambit
|-boost|p1a: Kingambit|atk|2
|
|-heal|p1a: Kingambit|51/100|[from] item: Leftovers
|upkeep
|turn|12
|
|t:|1781563058
|-terastallize|p1a: Kingambit|Ghost
|move|p2a: C.T.E.Spins|Earthquake|p1a: Kingambit
|-damage|p1a: Kingambit|23/100
|move|p1a: Kingambit|Kowtow Cleave|p2a: C.T.E.Spins
|-damage|p2a: C.T.E.Spins|0 fnt
|faint|p2a: C.T.E.Spins
|-end|p2a: C.T.E.Spins|Quark Drive|[silent]
|
|-heal|p1a: Kingambit|29/100|[from] item: Leftovers
|upkeep
|
|t:|1781563068
|switch|p2a: GangStarrFromAbove|Enamorus, F|100/100
|-damage|p2a: GangStarrFromAbove|76/100|[from] Stealth Rock
|turn|13
|
|t:|1781563071
|move|p1a: Kingambit|Sucker Punch||[still]
|-fail|p1a: Kingambit
|move|p2a: GangStarrFromAbove|Healing Wish|p2a: GangStarrFromAbove
|faint|p2a: GangStarrFromAbove
|
|-heal|p1a: Kingambit|35/100|[from] item: Leftovers
|upkeep
|
|t:|1781563073
|switch|p2a: WishABozoWould|Dondozo, F|18/100
|-heal|p2a: WishABozoWould|100/100|[from] move: Healing Wish
|-damage|p2a: WishABozoWould|88/100|[from] Stealth Rock
|turn|14
|
|t:|1781563082
|-end|p1a: Kingambit|fallen4|[silent]
|switch|p1a: Slowking|Slowking-Galar, M|100/100
|move|p2a: WishABozoWould|Wave Crash|p1a: Slowking
|-damage|p1a: Slowking|57/100
|-damage|p2a: WishABozoWould|76/100|[from] Recoil
|
|-heal|p1a: Slowking|64/100|[from] item: Black Sludge
|upkeep
|turn|15
|j| nesnot
|
|t:|1781563092
|switch|p2a: 4Pc Peliac Combo|Pelipper, F|100/100
|-damage|p2a: 4Pc Peliac Combo|76/100|[from] Stealth Rock
|-weather|RainDance|[from] ability: Drizzle|[of] p2a: 4Pc Peliac Combo
|-prepare|p1a: Slowking|Chilly Reception|[premajor]
|move|p1a: Slowking|Chilly Reception|p1a: Slowking
|-weather|Snowscape
|
|t:|1781563094
|switch|p1a: Kingambit|Kingambit, F, tera:Ghost|35/100|[from] Chilly Reception
|-activate|p1a: Kingambit|ability: Supreme Overlord
|-start|p1a: Kingambit|fallen4|[silent]
|
|-weather|Snowscape|[upkeep]
|-heal|p1a: Kingambit|41/100|[from] item: Leftovers
|upkeep
|turn|16
|
|t:|1781563096
|-end|p1a: Kingambit|fallen4|[silent]
|switch|p1a: Slowking|Slowking-Galar, M|97/100
|move|p2a: 4Pc Peliac Combo|Hurricane|p1a: Slowking
|-damage|p1a: Slowking|67/100
|
|-weather|Snowscape|[upkeep]
|-heal|p1a: Slowking|73/100|[from] item: Black Sludge
|upkeep
|turn|17
|l| nesnot
|
|t:|1781563101
|move|p2a: 4Pc Peliac Combo|Hurricane|p1a: Slowking
|-damage|p1a: Slowking|45/100
|move|p1a: Slowking|Future Sight|p2a: 4Pc Peliac Combo
|-start|p1a: Slowking|move: Future Sight
|
|-weather|Snowscape|[upkeep]
|-heal|p1a: Slowking|51/100|[from] item: Black Sludge
|upkeep
|turn|18
|
|t:|1781563107
|move|p2a: 4Pc Peliac Combo|Hurricane|p1a: Slowking|[miss]
|-miss|p2a: 4Pc Peliac Combo|p1a: Slowking
|-prepare|p1a: Slowking|Chilly Reception|[premajor]
|move|p1a: Slowking|Chilly Reception|p1a: Slowking
|
|t:|1781563108
|switch|p1a: Kingambit|Kingambit, F, tera:Ghost|41/100|[from] Chilly Reception
|-activate|p1a: Kingambit|ability: Supreme Overlord
|-start|p1a: Kingambit|fallen4|[silent]
|
|-weather|Snowscape|[upkeep]
|-heal|p1a: Kingambit|48/100|[from] item: Leftovers
|upkeep
|turn|19
|
|t:|1781563112
|-end|p1a: Kingambit|fallen4|[silent]
|switch|p1a: Slowking|Slowking-Galar, M|84/100
|move|p2a: 4Pc Peliac Combo|Hurricane|p1a: Slowking|[miss]
|-miss|p2a: 4Pc Peliac Combo|p1a: Slowking
|
|-weather|none
|-end|p2a: 4Pc Peliac Combo|move: Future Sight
|-damage|p2a: 4Pc Peliac Combo|17/100
|-heal|p1a: Slowking|90/100|[from] item: Black Sludge
|upkeep
|turn|20
|
|t:|1781563115
|move|p2a: 4Pc Peliac Combo|Hurricane|p1a: Slowking
|-damage|p1a: Slowking|61/100
|move|p1a: Slowking|Future Sight|p2a: 4Pc Peliac Combo
|-start|p1a: Slowking|move: Future Sight
|
|-heal|p1a: Slowking|67/100|[from] item: Black Sludge
|upkeep
|turn|21
|
|t:|1781563119
|move|p2a: 4Pc Peliac Combo|Hurricane|p1a: Slowking
|-damage|p1a: Slowking|38/100
|move|p1a: Slowking|Sludge Bomb|p2a: 4Pc Peliac Combo
|-damage|p2a: 4Pc Peliac Combo|0 fnt
|faint|p2a: 4Pc Peliac Combo
|
|-heal|p1a: Slowking|44/100|[from] item: Black Sludge
|upkeep
|
|t:|1781563121
|switch|p2a: WishABozoWould|Dondozo, F|76/100
|-damage|p2a: WishABozoWould|63/100|[from] Stealth Rock
|turn|22
|
|t:|1781563124
|move|p2a: WishABozoWould|Earthquake|p1a: Slowking
|-supereffective|p1a: Slowking
|-damage|p1a: Slowking|0 fnt
|faint|p1a: Slowking
|
|-end|p2a: WishABozoWould|move: Future Sight
|-damage|p2a: WishABozoWould|16/100
|upkeep
|
|t:|1781563125
|switch|p1a: Kingambit|Kingambit, F, tera:Ghost|48/100
|-activate|p1a: Kingambit|ability: Supreme Overlord
|-start|p1a: Kingambit|fallen5|[silent]
|turn|23
|
|t:|1781563126
|move|p1a: Kingambit|Sucker Punch|p2a: WishABozoWould
|-damage|p2a: WishABozoWould|0 fnt
|faint|p2a: WishABozoWould
|
|win|deepfriedmagikarp
|raw|deepfriedmagikarp's rating: 1758 &rarr; <strong>1786</strong><br />(+28 for winning)
|raw|crck like alakazam's rating: 1912 &rarr; <strong>1884</strong><br />(-28 for losing)
|l|☆crck like alakazam
|player|p2|
|l|☆deepfriedmagikarp
|player|p1|
