|badge|p2|bronze|gen9ubers|100-9
|uhtml|medal-msg|<div class="broadcast-blue">Curious what those medals under the avatar are? PS now has Ladder Seasons! For more information, check out the <a href="https://www.smogon.com/forums/threads/3740067/">thread on Smogon.</a></div>
|j|☆viutil
|j|☆mister_ttar
|t:|1781431865
|gametype|singles
|player|p1|viutil|2|1588
|player|p2|mister_ttar|vince|1554
|gen|9
|tier|[Gen 9] OU
|rated|
|rule|HP Percentage Mod: HP is shown in percentages
|rule|Endless Battle Clause: Forcing endless battles is banned
|rule|Species Clause: Limit one of each Pokémon
|rule|OHKO Clause: OHKO moves are banned
|rule|Evasion Items Clause: Evasion items are banned
|rule|Evasion Moves Clause: Evasion moves are banned
|rule|Evasion Abilities Clause: Evasion abilities are banned
|rule|Sleep Moves Clause: Sleep-inducing moves are banned
|clearpoke
|poke|p1|Dragapult, M|
|poke|p1|Ogerpon-Wellspring, F|
|poke|p1|Iron Valiant|
|poke|p1|Corviknight, F|
|poke|p1|Raging Bolt|
|poke|p1|Gholdengo|
|poke|p2|Ceruledge, M|
|poke|p2|Iron Valiant|
|poke|p2|Ditto|
|poke|p2|Mamoswine, M|
|poke|p2|Armarouge, F|
|poke|p2|Cinderace, F|
|teampreview
|inactive|Battle timer is ON: inactive players will automatically lose when time's up. (requested by viutil)
|
|t:|1781431901
|teamsize|p1|6
|teamsize|p2|6
|start
|switch|p1a: Dragapult|Dragapult, M|100/100
|switch|p2a: Thumper|Cinderace, F|100/100
|turn|1
|
|t:|1781431913
|move|p1a: Dragapult|Sucker Punch|p2a: Thumper
|-damage|p2a: Thumper|56/100
|-damage|p1a: Dragapult|91/100|[from] item: Life Orb
|move|p2a: Thumper|Sucker Punch||[still]
|-fail|p2a: Thumper
|
|upkeep
|turn|2
|
|t:|1781431920
|move|p2a: Thumper|Sucker Punch|p1a: Dragapult
|-start|p2a: Thumper|typechange|Dark|[from] ability: Libero
|-supereffective|p1a: Dragapult
|-damage|p1a: Dragapult|0 fnt
|faint|p1a: Dragapult
|
|upkeep
|
|t:|1781431935
|switch|p1a: Corviknight|Corviknight, F|100/100
|-ability|p1a: Corviknight|Pressure
|turn|3
|
|t:|1781431942
|move|p2a: Thumper|Pyro Ball|p1a: Corviknight|[miss]
|-miss|p2a: Thumper|p1a: Corviknight
|move|p1a: Corviknight|U-turn|p2a: Thumper
|-supereffective|p2a: Thumper
|-damage|p2a: Thumper|18/100
|
|t:|1781431956
|switch|p1a: Raging Bolt|Raging Bolt|100/100|[from] U-turn
|
|upkeep
|turn|4
|
|t:|1781431961
|move|p2a: Thumper|High Jump Kick|p1a: Raging Bolt
|-damage|p1a: Raging Bolt|65/100
|move|p1a: Raging Bolt|Draco Meteor|p2a: Thumper
|-damage|p2a: Thumper|0 fnt
|-unboost|p1a: Raging Bolt|spa|2
|faint|p2a: Thumper
|
|upkeep
|
|t:|1781431967
|switch|p2a: Anna De Armas|Armarouge, F|100/100
|turn|5
|
|t:|1781431970
|move|p2a: Anna De Armas|Calm Mind|p2a: Anna De Armas
|-boost|p2a: Anna De Armas|spa|1
|-boost|p2a: Anna De Armas|spd|1
|move|p1a: Raging Bolt|Volt Switch|p2a: Anna De Armas
|-damage|p2a: Anna De Armas|84/100
|
|t:|1781431974
|-end|p1a: Raging Bolt|Protosynthesis|[silent]
|switch|p1a: Ogerpon|Ogerpon-Wellspring, F|100/100|[from] Volt Switch
|
|upkeep
|turn|6
|
|t:|1781432000
|move|p1a: Ogerpon|Encore|p2a: Anna De Armas
|-start|p2a: Anna De Armas|Encore
|move|p2a: Anna De Armas|Calm Mind|p2a: Anna De Armas
|-boost|p2a: Anna De Armas|spa|1
|-boost|p2a: Anna De Armas|spd|1
|
|upkeep
|turn|7
|
|t:|1781432004
|move|p1a: Ogerpon|Ivy Cudgel|p2a: Anna De Armas|[anim] Ivy Cudgel Water
|-supereffective|p2a: Anna De Armas
|-damage|p2a: Anna De Armas|0 fnt
|faint|p2a: Anna De Armas
|
|upkeep
|
|t:|1781432013
|switch|p2a: Jabba|Ditto|100/100
|-transform|p2a: Jabba|p1a: Ogerpon|[from] ability: Imposter
|turn|8
|j| heatraniac
|l| heatraniac
|
|t:|1781432023
|switch|p1a: Corviknight|Corviknight, F|100/100
|-ability|p1a: Corviknight|Pressure
|move|p2a: Jabba|Swords Dance|p2a: Jabba
|-boost|p2a: Jabba|atk|2
|
|upkeep
|turn|9
|
|t:|1781432032
|move|p2a: Jabba|Ivy Cudgel|p1a: Corviknight|[anim] Ivy Cudgel Water
|-crit|p1a: Corviknight
|-damage|p1a: Corviknight|13/100
|move|p1a: Corviknight|U-turn|p2a: Jabba
|-supereffective|p2a: Jabba
|-damage|p2a: Jabba|63/100
|
|t:|1781432041
|switch|p1a: Iron Valiant|Iron Valiant|100/100|[from] U-turn
|-enditem|p1a: Iron Valiant|Booster Energy
|-activate|p1a: Iron Valiant|ability: Quark Drive|[fromitem]
|-start|p1a: Iron Valiant|quarkdrivespe
|
|upkeep
|turn|10
|
|t:|1781432046
|move|p1a: Iron Valiant|Close Combat|p2a: Jabba
|-damage|p2a: Jabba|0 fnt
|-unboost|p1a: Iron Valiant|def|1
|-unboost|p1a: Iron Valiant|spd|1
|faint|p2a: Jabba
|
|upkeep
|
|t:|1781432051
|switch|p2a: The Main Character|Ceruledge, M, shiny|100/100
|turn|11
|
|t:|1781432061
|-end|p1a: Iron Valiant|Quark Drive|[silent]
|switch|p1a: Ogerpon|Ogerpon-Wellspring, F|100/100
|move|p2a: The Main Character|Swords Dance|p2a: The Main Character
|-boost|p2a: The Main Character|atk|2
|
|upkeep
|turn|12
|
|t:|1781432063
|move|p1a: Ogerpon|Encore|p2a: The Main Character
|-start|p2a: The Main Character|Encore
|move|p2a: The Main Character|Swords Dance|p2a: The Main Character
|-boost|p2a: The Main Character|atk|2
|
|upkeep
|turn|13
|
|t:|1781432069
|switch|p2a: The Indian Swine|Mamoswine, M|100/100
|move|p1a: Ogerpon|Ivy Cudgel|p2a: The Indian Swine|[anim] Ivy Cudgel Water
|-supereffective|p2a: The Indian Swine
|-enditem|p2a: The Indian Swine|Focus Sash
|-damage|p2a: The Indian Swine|1/100
|
|upkeep
|turn|14
|
|t:|1781432075
|move|p2a: The Indian Swine|Ice Shard|p1a: Ogerpon
|-damage|p1a: Ogerpon|70/100
|move|p1a: Ogerpon|Ivy Cudgel|p2a: The Indian Swine|[anim] Ivy Cudgel Water
|-supereffective|p2a: The Indian Swine
|-damage|p2a: The Indian Swine|0 fnt
|faint|p2a: The Indian Swine
|
|upkeep
|
|t:|1781432077
|switch|p2a: He's/Him|Iron Valiant|100/100
|-enditem|p2a: He's/Him|Booster Energy
|-activate|p2a: He's/Him|ability: Quark Drive|[fromitem]
|-start|p2a: He's/Him|quarkdrivespe
|turn|15
|
|t:|1781432081
|switch|p1a: Corviknight|Corviknight, F|13/100
|-ability|p1a: Corviknight|Pressure
|move|p2a: He's/Him|Calm Mind|p2a: He's/Him
|-boost|p2a: He's/Him|spa|1
|-boost|p2a: He's/Him|spd|1
|
|upkeep
|turn|16
|
|t:|1781432088
|move|p2a: He's/Him|Thunderbolt|p1a: Corviknight
|-supereffective|p1a: Corviknight
|-damage|p1a: Corviknight|0 fnt
|faint|p1a: Corviknight
|
|upkeep
|
|t:|1781432112
|switch|p1a: Ogerpon|Ogerpon-Wellspring, F|70/100
|turn|17
|
|t:|1781432119
|-terastallize|p1a: Ogerpon|Water
|detailschange|p1a: Ogerpon|Ogerpon-Wellspring-Tera, F, tera:Water
|-ability|p1a: Ogerpon|Embody Aspect (Wellspring)|boost
|-boost|p1a: Ogerpon|spd|1
|move|p2a: He's/Him|Moonblast|p1a: Ogerpon
|-damage|p1a: Ogerpon|13/100
|-unboost|p1a: Ogerpon|spa|1
|move|p1a: Ogerpon|Ivy Cudgel|p2a: He's/Him|[anim] Ivy Cudgel Water
|-damage|p2a: He's/Him|0 fnt
|faint|p2a: He's/Him
|-end|p2a: He's/Him|Quark Drive|[silent]
|
|upkeep
|
|t:|1781432128
|switch|p2a: The Main Character|Ceruledge, M, shiny|100/100
|turn|18
|
|t:|1781432135
|move|p1a: Ogerpon|Swords Dance|p1a: Ogerpon
|-boost|p1a: Ogerpon|atk|2
|move|p2a: The Main Character|Swords Dance|p2a: The Main Character
|-boost|p2a: The Main Character|atk|2
|
|upkeep
|turn|19
|
|t:|1781432138
|move|p2a: The Main Character|Shadow Sneak|p1a: Ogerpon
|-damage|p1a: Ogerpon|0 fnt
|faint|p1a: Ogerpon
|detailschange|p1: Ogerpon|Ogerpon-Wellspring, F|[silent]
|
|upkeep
|
|t:|1781432140
|switch|p1a: Raging Bolt|Raging Bolt|65/100
|turn|20
|
|t:|1781432151
|move|p1a: Raging Bolt|Thunderclap|p2a: The Main Character
|-damage|p2a: The Main Character|53/100
|move|p2a: The Main Character|Bitter Blade|p1a: Raging Bolt
|-resisted|p1a: Raging Bolt
|-crit|p1a: Raging Bolt
|-damage|p1a: Raging Bolt|0 fnt
|-heal|p2a: The Main Character|100/100|[from] drain|[of] p1a: Raging Bolt
|faint|p1a: Raging Bolt
|-end|p1a: Raging Bolt|Protosynthesis|[silent]
|
|upkeep
|
|t:|1781432164
|switch|p1a: Gholdengo|Gholdengo|100/100
|turn|21
|
|t:|1781432175
|-terastallize|p2a: The Main Character|Ghost
|move|p2a: The Main Character|Shadow Sneak|p1a: Gholdengo
|-supereffective|p1a: Gholdengo
|-damage|p1a: Gholdengo|0 fnt
|faint|p1a: Gholdengo
|
|upkeep
|
|t:|1781432178
|switch|p1a: Iron Valiant|Iron Valiant|100/100
|turn|22
|c|☆viutil|i guess gg
|c|☆viutil|well deserved won
|-message|viutil forfeited.
|
|win|mister_ttar
|raw|viutil's rating: 1588 &rarr; <strong>1566</strong><br />(-22 for losing)
|raw|mister_ttar's rating: 1554 &rarr; <strong>1576</strong><br />(+22 for winning)
|l|☆viutil
|player|p1|
|l|☆mister_ttar
|player|p2|
