|j|☆stevstacks
|j|☆WindmillMan
|t:|1781159760
|gametype|singles
|player|p1|stevstacks|266|1554
|player|p2|WindmillMan|169|1540
|gen|9
|tier|[Gen 9] OU
|rated|
|rule|HP Percentage Mod: HP is shown in percentages
|rule|Endless Battle Clause: Forcing endless battles is banned
|rule|Species Clause: Limit one of each Pokémon
|rule|OHKO Clause: OHKO moves are banned
|rule|Evasion Items Clause: Evasion items are banned
|rule|Evasion Moves Clause: Evasion moves are banned
|rule|Evasion Abilities Clause: Evasion abilities are banned
|rule|Sleep Moves Clause: Sleep-inducing moves are banned
|clearpoke
|poke|p1|Torkoal, F|
|poke|p1|Corviknight, M|
|poke|p1|Walking Wake|
|poke|p1|Dragonite, M|
|poke|p1|Great Tusk|
|poke|p1|Raging Bolt|
|poke|p2|Ursaluna, M|
|poke|p2|Cresselia, F|
|poke|p2|Iron Valiant|
|poke|p2|Hatterene, F|
|poke|p2|Keldeo-Resolute|
|poke|p2|Ogerpon, F|
|teampreview
|inactive|Battle timer is ON: inactive players will automatically lose when time's up. (requested by stevstacks)
|
|t:|1781159780
|teamsize|p1|6
|teamsize|p2|6
|start
|switch|p1a: Dragonite|Dragonite, M, shiny|100/100
|switch|p2a: Keldeo|Keldeo-Resolute|100/100
|turn|1
|inactive|stevstacks has 120 seconds left.
|inactive|stevstacks has 90 seconds left.
|inactive|stevstacks has 60 seconds left.
|
|t:|1781159898
|switch|p1a: Corviknight|Corviknight, M, shiny|100/100
|-ability|p1a: Corviknight|Pressure
|move|p2a: Keldeo|Flip Turn|p1a: Corviknight
|-damage|p1a: Corviknight|88/100
|
|t:|1781159916
|switch|p2a: Cresselia|Cresselia, F, shiny|100/100|[from] Flip Turn
|
|-heal|p1a: Corviknight|94/100|[from] item: Leftovers
|upkeep
|turn|2
|
|t:|1781159928
|move|p1a: Corviknight|Brave Bird|p2a: Cresselia
|-damage|p2a: Cresselia|81/100
|-damage|p1a: Corviknight|77/100|[from] item: Rocky Helmet|[of] p2a: Cresselia
|-damage|p1a: Corviknight|70/100|[from] Recoil
|move|p2a: Cresselia|Trick Room|p2a: Cresselia
|-fieldstart|move: Trick Room|[of] p2a: Cresselia
|
|-heal|p1a: Corviknight|76/100|[from] item: Leftovers
|upkeep
|turn|3
|
|t:|1781159932
|move|p2a: Cresselia|Ice Beam|p1a: Corviknight
|-damage|p1a: Corviknight|64/100
|move|p1a: Corviknight|Brave Bird|p2a: Cresselia
|-damage|p2a: Cresselia|61/100
|-damage|p1a: Corviknight|48/100|[from] item: Rocky Helmet|[of] p2a: Cresselia
|-damage|p1a: Corviknight|40/100|[from] Recoil
|
|-heal|p1a: Corviknight|47/100|[from] item: Leftovers
|upkeep
|turn|4
|
|t:|1781159943
|switch|p2a: Hatterene|Hatterene, F, shiny|100/100
|move|p1a: Corviknight|Roost|p1a: Corviknight
|-heal|p1a: Corviknight|97/100
|-singleturn|p1a: Corviknight|move: Roost
|
|-heal|p1a: Corviknight|100/100|[from] item: Leftovers
|upkeep
|turn|5
|inactive|stevstacks has 60 seconds left.
|
|t:|1781159967
|move|p2a: Hatterene|Psychic Noise|p1a: Corviknight
|-resisted|p1a: Corviknight
|-damage|p1a: Corviknight|85/100
|-start|p1a: Corviknight|move: Heal Block
|cant|p1a: Corviknight|move: Heal Block|Roost
|
|upkeep
|turn|6
|
|t:|1781159981
|switch|p1a: Torkoal|Torkoal, F, shiny|100/100
|-weather|SunnyDay|[from] ability: Drought|[of] p1a: Torkoal
|move|p2a: Hatterene|Psychic Noise|p1a: Torkoal
|-damage|p1a: Torkoal|63/100
|-start|p1a: Torkoal|move: Heal Block
|
|-weather|SunnyDay|[upkeep]
|-fieldend|move: Trick Room
|upkeep
|turn|7
|inactive|stevstacks has 60 seconds left.
|
|t:|1781159992
|move|p1a: Torkoal|Overheat|p2a: Hatterene
|-damage|p2a: Hatterene|35/100
|-unboost|p1a: Torkoal|spa|2
|move|p2a: Hatterene|Trick Room|p2a: Hatterene
|-fieldstart|move: Trick Room|[of] p2a: Hatterene
|
|-weather|SunnyDay|[upkeep]
|-end|p1a: Torkoal|move: Heal Block
|upkeep
|turn|8
|
|t:|1781160000
|switch|p2a: Ursaluna|Ursaluna, M, shiny|100/100
|move|p1a: Torkoal|Overheat|p2a: Ursaluna
|-damage|p2a: Ursaluna|72/100
|-unboost|p1a: Torkoal|spa|2
|
|-weather|SunnyDay|[upkeep]
|-status|p2a: Ursaluna|brn|[from] item: Flame Orb
|upkeep
|turn|9
|
|t:|1781160008
|switch|p1a: Corviknight|Corviknight, M, shiny|85/100
|-ability|p1a: Corviknight|Pressure
|move|p2a: Ursaluna|Fire Punch|p1a: Corviknight
|-supereffective|p1a: Corviknight
|-damage|p1a: Corviknight|0 fnt
|faint|p1a: Corviknight
|
|-weather|SunnyDay|[upkeep]
|-damage|p2a: Ursaluna|66/100 brn|[from] brn
|upkeep
|
|t:|1781160016
|switch|p1a: Torkoal|Torkoal, F, shiny|63/100
|turn|10
|
|t:|1781160019
|move|p1a: Torkoal|Overheat|p2a: Ursaluna
|-damage|p2a: Ursaluna|16/100 brn
|-unboost|p1a: Torkoal|spa|2
|move|p2a: Ursaluna|Facade|p1a: Torkoal
|-damage|p1a: Torkoal|0 fnt
|faint|p1a: Torkoal
|
|-weather|SunnyDay|[upkeep]
|-damage|p2a: Ursaluna|10/100 brn|[from] brn
|upkeep
|
|t:|1781160026
|switch|p1a: Walking Wake|Walking Wake|100/100
|-activate|p1a: Walking Wake|ability: Protosynthesis
|-start|p1a: Walking Wake|protosynthesisspe
|turn|11
|inactive|stevstacks has 90 seconds left.
|
|t:|1781160032
|move|p2a: Ursaluna|Facade|p1a: Walking Wake
|-damage|p1a: Walking Wake|0 fnt
|faint|p1a: Walking Wake
|-end|p1a: Walking Wake|Protosynthesis|[silent]
|
|-weather|SunnyDay|[upkeep]
|-damage|p2a: Ursaluna|4/100 brn|[from] brn
|-fieldend|move: Trick Room
|upkeep
|inactive|stevstacks has 90 seconds left.
|
|t:|1781160037
|switch|p1a: Great Tusk|Great Tusk, shiny|100/100
|-activate|p1a: Great Tusk|ability: Protosynthesis
|-start|p1a: Great Tusk|protosynthesisatk
|turn|12
|
|t:|1781160041
|switch|p2a: Cresselia|Cresselia, F, shiny|61/100
|move|p1a: Great Tusk|Knock Off|p2a: Cresselia
|-supereffective|p2a: Cresselia
|-damage|p2a: Cresselia|0 fnt
|-damage|p1a: Great Tusk|84/100|[from] item: Rocky Helmet|[of] p2a: Cresselia
|-enditem|p2a: Cresselia|Rocky Helmet|[from] move: Knock Off|[of] p1a: Great Tusk
|faint|p2a: Cresselia
|-damage|p1a: Great Tusk|74/100|[from] item: Life Orb
|
|-weather|SunnyDay|[upkeep]
|upkeep
|
|t:|1781160045
|switch|p2a: Iron Valiant|Iron Valiant|100/100
|-enditem|p2a: Iron Valiant|Booster Energy
|-activate|p2a: Iron Valiant|ability: Quark Drive|[fromitem]
|-start|p2a: Iron Valiant|quarkdrivespe
|turn|13
|
|t:|1781160054
|move|p2a: Iron Valiant|Destiny Bond|p2a: Iron Valiant
|-singlemove|p2a: Iron Valiant|Destiny Bond
|move|p1a: Great Tusk|Headlong Rush|p2a: Iron Valiant
|-damage|p2a: Iron Valiant|0 fnt
|-unboost|p1a: Great Tusk|def|1
|-unboost|p1a: Great Tusk|spd|1
|faint|p2a: Iron Valiant
|-activate|p2a: Iron Valiant|move: Destiny Bond
|-end|p2a: Iron Valiant|Quark Drive|[silent]
|faint|p1a: Great Tusk
|-end|p1a: Great Tusk|Protosynthesis|[silent]
|
|-weather|none
|upkeep
|
|t:|1781160081
|switch|p2a: Hatterene|Hatterene, F, shiny|35/100
|switch|p1a: Raging Bolt|Raging Bolt|100/100
|turn|14
|-message|WindmillMan forfeited.
|
|win|stevstacks
|raw|stevstacks's rating: 1554 &rarr; <strong>1573</strong><br />(+19 for winning)
|raw|WindmillMan's rating: 1540 &rarr; <strong>1521</strong><br />(-19 for losing)
|l|☆WindmillMan
|player|p2|
|l|☆stevstacks
|player|p1|
