|j|☆llachiee
|j|☆LowEL0God
|t:|1781419768
|gametype|singles
|player|p1|llachiee|169|1655
|player|p2|LowEL0God|265|1682
|gen|9
|tier|[Gen 9] OU
|rated|
|rule|HP Percentage Mod: HP is shown in percentages
|rule|Endless Battle Clause: Forcing endless battles is banned
|rule|Species Clause: Limit one of each Pokémon
|rule|OHKO Clause: OHKO moves are banned
|rule|Evasion Items Clause: Evasion items are banned
|rule|Evasion Moves Clause: Evasion moves are banned
|rule|Evasion Abilities Clause: Evasion abilities are banned
|rule|Sleep Moves Clause: Sleep-inducing moves are banned
|clearpoke
|poke|p1|Gliscor, F|
|poke|p1|Blissey, F|
|poke|p1|Clefable, F|
|poke|p1|Toxapex, F|
|poke|p1|Dondozo, F|
|poke|p1|Corviknight, F|
|poke|p2|Pelipper, F|
|poke|p2|Raging Bolt|
|poke|p2|Overqwil, M|
|poke|p2|Barraskewda, M|
|poke|p2|Iron Treads|
|poke|p2|Kingambit, M|
|teampreview
|
|t:|1781419771
|teamsize|p1|6
|teamsize|p2|6
|start
|switch|p1a: Adder|Gliscor, F|100/100
|switch|p2a: Kingambit|Kingambit, M|100/100
|turn|1
|c|☆LowEL0God|hf
|inactive|Battle timer is ON: inactive players will automatically lose when time's up. (requested by LowEL0God)
|
|t:|1781419788
|move|p1a: Adder|Protect|p1a: Adder
|-singleturn|p1a: Adder|Protect
|move|p2a: Kingambit|Swords Dance|p2a: Kingambit
|-boost|p2a: Kingambit|atk|2
|
|-status|p1a: Adder|tox|[from] item: Toxic Orb
|upkeep
|turn|2
|
|t:|1781419791
|switch|p1a: Jugger|Dondozo, F, shiny|100/100
|move|p2a: Kingambit|Kowtow Cleave|p1a: Jugger
|-damage|p1a: Jugger|78/100
|
|upkeep
|turn|3
|
|t:|1781419794
|move|p2a: Kingambit|Iron Head|p1a: Jugger
|-resisted|p1a: Jugger
|-damage|p1a: Jugger|68/100
|cant|p1a: Jugger|flinch
|
|upkeep
|turn|4
|
|t:|1781419798
|move|p2a: Kingambit|Iron Head|p1a: Jugger
|-resisted|p1a: Jugger
|-damage|p1a: Jugger|58/100
|move|p1a: Jugger|Body Press|p2a: Kingambit
|-supereffective|p2a: Kingambit
|-damage|p2a: Kingambit|21/100
|
|-heal|p2a: Kingambit|27/100|[from] item: Leftovers
|upkeep
|turn|5
|
|t:|1781419807
|move|p2a: Kingambit|Iron Head|p1a: Jugger
|-resisted|p1a: Jugger
|-damage|p1a: Jugger|47/100
|cant|p1a: Jugger|flinch
|
|-heal|p2a: Kingambit|33/100|[from] item: Leftovers
|upkeep
|turn|6
|
|t:|1781419811
|move|p2a: Kingambit|Iron Head|p1a: Jugger
|-resisted|p1a: Jugger
|-damage|p1a: Jugger|36/100
|move|p1a: Jugger|Rest|p1a: Jugger
|-status|p1a: Jugger|slp|[from] move: Rest
|-heal|p1a: Jugger|100/100 slp|[silent]
|
|-heal|p2a: Kingambit|39/100|[from] item: Leftovers
|upkeep
|turn|7
|
|t:|1781419816
|move|p2a: Kingambit|Iron Head|p1a: Jugger
|-resisted|p1a: Jugger
|-damage|p1a: Jugger|91/100 slp
|cant|p1a: Jugger|slp
|move|p1a: Jugger|Sleep Talk|p1a: Jugger
|move|p1a: Jugger|Avalanche|p2a: Kingambit|[from] move: Sleep Talk
|-resisted|p2a: Kingambit
|-damage|p2a: Kingambit|30/100
|
|-heal|p2a: Kingambit|36/100|[from] item: Leftovers
|upkeep
|turn|8
|
|t:|1781419824
|move|p2a: Kingambit|Iron Head|p1a: Jugger
|-resisted|p1a: Jugger
|-damage|p1a: Jugger|80/100 slp
|cant|p1a: Jugger|slp
|move|p1a: Jugger|Sleep Talk|p1a: Jugger
|move|p1a: Jugger|Avalanche|p2a: Kingambit|[from] move: Sleep Talk
|-resisted|p2a: Kingambit
|-damage|p2a: Kingambit|25/100
|
|-heal|p2a: Kingambit|32/100|[from] item: Leftovers
|upkeep
|turn|9
|
|t:|1781419831
|move|p2a: Kingambit|Iron Head|p1a: Jugger
|-resisted|p1a: Jugger
|-damage|p1a: Jugger|70/100 slp
|-curestatus|p1a: Jugger|slp|[msg]
|move|p1a: Jugger|Body Press|p2a: Kingambit
|-supereffective|p2a: Kingambit
|-damage|p2a: Kingambit|0 fnt
|faint|p2a: Kingambit
|-end|p2a: Kingambit|fallenundefined|[silent]
|
|upkeep
|
|t:|1781419831
|switch|p2a: Overqwil|Overqwil, M|100/100
|turn|10
|
|t:|1781419840
|move|p2a: Overqwil|Swords Dance|p2a: Overqwil
|-boost|p2a: Overqwil|atk|2
|move|p1a: Jugger|Body Press|p2a: Overqwil
|-damage|p2a: Overqwil|72/100
|
|upkeep
|turn|11
|
|t:|1781419845
|move|p2a: Overqwil|Gunk Shot|p1a: Jugger|[miss]
|-miss|p2a: Overqwil|p1a: Jugger
|move|p1a: Jugger|Body Press|p2a: Overqwil
|-damage|p2a: Overqwil|42/100
|
|upkeep
|turn|12
|
|t:|1781419850
|move|p2a: Overqwil|Gunk Shot|p1a: Jugger
|-damage|p1a: Jugger|34/100
|-damage|p2a: Overqwil|33/100|[from] item: Life Orb
|move|p1a: Jugger|Body Press|p2a: Overqwil
|-damage|p2a: Overqwil|0 fnt
|faint|p2a: Overqwil
|
|upkeep
|
|t:|1781419851
|switch|p2a: Pelipper|Pelipper, F|100/100
|-weather|RainDance|[from] ability: Drizzle|[of] p2a: Pelipper
|turn|13
|
|t:|1781419861
|switch|p1a: Lash|Toxapex, F, shiny|100/100
|move|p2a: Pelipper|Hurricane|p1a: Lash
|-damage|p1a: Lash|77/100
|
|-weather|RainDance|[upkeep]
|upkeep
|turn|14
|
|t:|1781419864
|move|p2a: Pelipper|Hurricane|p1a: Lash
|-damage|p1a: Lash|55/100
|move|p1a: Lash|Toxic|p2a: Pelipper
|-status|p2a: Pelipper|tox
|
|-weather|RainDance|[upkeep]
|-damage|p2a: Pelipper|94/100 tox|[from] psn
|upkeep
|turn|15
|
|t:|1781419869
|switch|p2a: Barraskewda|Barraskewda, M|100/100
|switch|p1a: Flesh Tutu|Blissey, F|100/100
|
|-weather|RainDance|[upkeep]
|upkeep
|turn|16
|
|t:|1781419875
|switch|p1a: Lash|Toxapex, F, shiny|88/100
|move|p2a: Barraskewda|Liquidation|p1a: Lash
|-resisted|p1a: Lash
|-damage|p1a: Lash|48/100
|
|-weather|RainDance|[upkeep]
|upkeep
|turn|17
|
|t:|1781419880
|move|p2a: Barraskewda|Liquidation|p1a: Lash
|-resisted|p1a: Lash
|-damage|p1a: Lash|10/100
|-unboost|p1a: Lash|def|1
|move|p1a: Lash|Toxic|p2a: Barraskewda
|-status|p2a: Barraskewda|tox
|
|-weather|RainDance|[upkeep]
|-damage|p2a: Barraskewda|94/100 tox|[from] psn
|upkeep
|turn|18
|
|t:|1781419887
|switch|p1a: Jugger|Dondozo, F, shiny|34/100
|move|p2a: Barraskewda|Liquidation|p1a: Jugger
|-resisted|p1a: Jugger
|-damage|p1a: Jugger|9/100
|
|-weather|RainDance|[upkeep]
|-damage|p2a: Barraskewda|82/100 tox|[from] psn
|upkeep
|turn|19
|
|t:|1781419892
|move|p2a: Barraskewda|Liquidation|p1a: Jugger
|-resisted|p1a: Jugger
|-damage|p1a: Jugger|0 fnt
|faint|p1a: Jugger
|
|-weather|RainDance|[upkeep]
|-damage|p2a: Barraskewda|64/100 tox|[from] psn
|upkeep
|
|t:|1781419902
|switch|p1a: Sturm|Corviknight, F, shiny|100/100
|-ability|p1a: Sturm|Pressure
|turn|20
|
|t:|1781419905
|move|p1a: Sturm|Protect|p1a: Sturm
|-singleturn|p1a: Sturm|Protect
|move|p2a: Barraskewda|Liquidation|p1a: Sturm
|-activate|p1a: Sturm|move: Protect
|
|-weather|none
|-damage|p2a: Barraskewda|40/100 tox|[from] psn
|upkeep
|turn|21
|
|t:|1781419911
|switch|p1a: Lash|Toxapex, F, shiny|43/100
|move|p2a: Barraskewda|Liquidation|p1a: Lash
|-resisted|p1a: Lash
|-damage|p1a: Lash|16/100
|-unboost|p1a: Lash|def|1
|
|-damage|p2a: Barraskewda|10/100 tox|[from] psn
|upkeep
|turn|22
|
|t:|1781419927
|switch|p1a: Sturm|Corviknight, F, shiny|100/100
|-ability|p1a: Sturm|Pressure
|move|p2a: Barraskewda|Liquidation|p1a: Sturm
|-damage|p1a: Sturm|46/100
|
|-heal|p1a: Sturm|52/100|[from] item: Leftovers
|-damage|p2a: Barraskewda|0 fnt|[from] psn
|faint|p2a: Barraskewda
|upkeep
|
|t:|1781419930
|switch|p2a: Raging Bolt|Raging Bolt|100/100
|-enditem|p2a: Raging Bolt|Booster Energy
|-activate|p2a: Raging Bolt|ability: Protosynthesis|[fromitem]
|-start|p2a: Raging Bolt|protosynthesisspa
|turn|23
|
|t:|1781419937
|switch|p1a: Flesh Tutu|Blissey, F|100/100
|move|p2a: Raging Bolt|Thunder|p1a: Flesh Tutu|[miss]
|-miss|p2a: Raging Bolt|p1a: Flesh Tutu
|
|upkeep
|turn|24
|
|t:|1781419939
|move|p2a: Raging Bolt|Thunder|p1a: Flesh Tutu
|-damage|p1a: Flesh Tutu|76/100
|move|p1a: Flesh Tutu|Calm Mind|p1a: Flesh Tutu
|-boost|p1a: Flesh Tutu|spa|1
|-boost|p1a: Flesh Tutu|spd|1
|
|upkeep
|turn|25
|
|t:|1781419945
|move|p2a: Raging Bolt|Thunder|p1a: Flesh Tutu
|-damage|p1a: Flesh Tutu|58/100
|move|p1a: Flesh Tutu|Calm Mind|p1a: Flesh Tutu
|-boost|p1a: Flesh Tutu|spa|1
|-boost|p1a: Flesh Tutu|spd|1
|
|upkeep
|turn|26
|
|t:|1781419948
|move|p2a: Raging Bolt|Thunder|p1a: Flesh Tutu
|-damage|p1a: Flesh Tutu|47/100
|-status|p1a: Flesh Tutu|par
|move|p1a: Flesh Tutu|Soft-Boiled|p1a: Flesh Tutu
|-heal|p1a: Flesh Tutu|97/100 par
|
|upkeep
|turn|27
|
|t:|1781419957
|move|p2a: Raging Bolt|Thunder|p1a: Flesh Tutu|[miss]
|-miss|p2a: Raging Bolt|p1a: Flesh Tutu
|move|p1a: Flesh Tutu|Calm Mind|p1a: Flesh Tutu
|-boost|p1a: Flesh Tutu|spa|1
|-boost|p1a: Flesh Tutu|spd|1
|
|upkeep
|turn|28
|
|t:|1781419959
|-end|p2a: Raging Bolt|Protosynthesis|[silent]
|switch|p2a: Iron Treads|Iron Treads|100/100
|-enditem|p2a: Iron Treads|Booster Energy
|-activate|p2a: Iron Treads|ability: Quark Drive|[fromitem]
|-start|p2a: Iron Treads|quarkdrivespe
|cant|p1a: Flesh Tutu|par
|
|upkeep
|turn|29
|
|t:|1781419965
|-curestatus|p1a: Flesh Tutu|par|[from] ability: Natural Cure|[silent]
|switch|p1a: Adder|Gliscor, F|100/100 tox
|move|p2a: Iron Treads|Rapid Spin|p1a: Adder
|-damage|p1a: Adder|94/100 tox
|-boost|p2a: Iron Treads|spe|1
|
|-heal|p1a: Adder|100/100 tox|[from] ability: Poison Heal
|upkeep
|turn|30
|
|t:|1781419968
|-terastallize|p1a: Adder|Ghost
|move|p2a: Iron Treads|Rapid Spin|p1a: Adder
|-immune|p1a: Adder
|move|p1a: Adder|Spikes|p2a: Iron Treads
|-sidestart|p2: LowEL0God|Spikes
|
|upkeep
|turn|31
|
|t:|1781419972
|move|p2a: Iron Treads|Earth Power|p1a: Adder
|-damage|p1a: Adder|60/100 tox
|move|p1a: Adder|Spikes|p2a: Iron Treads
|-sidestart|p2: LowEL0God|Spikes
|
|-heal|p1a: Adder|72/100 tox|[from] ability: Poison Heal
|upkeep
|turn|32
|
|t:|1781419974
|move|p1a: Adder|Protect|p1a: Adder
|-singleturn|p1a: Adder|Protect
|move|p2a: Iron Treads|Earth Power|p1a: Adder
|-activate|p1a: Adder|move: Protect
|
|-heal|p1a: Adder|85/100 tox|[from] ability: Poison Heal
|upkeep
|turn|33
|
|t:|1781419975
|move|p2a: Iron Treads|Earth Power|p1a: Adder
|-damage|p1a: Adder|41/100 tox
|move|p1a: Adder|Spikes|p2a: Iron Treads
|-sidestart|p2: LowEL0God|Spikes
|
|-heal|p1a: Adder|54/100 tox|[from] ability: Poison Heal
|upkeep
|turn|34
|
|t:|1781419978
|move|p1a: Adder|Protect|p1a: Adder
|-singleturn|p1a: Adder|Protect
|move|p2a: Iron Treads|Rapid Spin|p1a: Adder
|-activate|p1a: Adder|move: Protect
|
|-heal|p1a: Adder|66/100 tox|[from] ability: Poison Heal
|upkeep
|turn|35
|
|t:|1781419984
|switch|p1a: Nell|Clefable, F|100/100
|move|p2a: Iron Treads|Earth Power|p1a: Nell
|-damage|p1a: Nell|65/100
|-unboost|p1a: Nell|spd|1
|
|upkeep
|turn|36
|
|t:|1781419988
|move|p2a: Iron Treads|Rapid Spin|p1a: Nell
|-damage|p1a: Nell|57/100
|-boost|p2a: Iron Treads|spe|1
|-sideend|p2: LowEL0God|Spikes|[from] move: Rapid Spin|[of] p2a: Iron Treads
|move|p1a: Nell|Moonlight|p1a: Nell
|-heal|p1a: Nell|100/100
|
|-damage|p2a: Iron Treads|88/100|[from] item: Sticky Barb
|upkeep
|turn|37
|
|t:|1781419990
|move|p2a: Iron Treads|Earth Power|p1a: Nell
|-damage|p1a: Nell|49/100
|move|p1a: Nell|Stealth Rock|p2a: Iron Treads
|-sidestart|p2: LowEL0God|move: Stealth Rock
|
|-damage|p2a: Iron Treads|76/100|[from] item: Sticky Barb
|upkeep
|turn|38
|
|t:|1781419995
|switch|p1a: Adder|Gliscor, F, tera:Ghost|66/100 tox
|move|p2a: Iron Treads|Earth Power|p1a: Adder
|-damage|p1a: Adder|27/100 tox
|
|-heal|p1a: Adder|39/100 tox|[from] ability: Poison Heal
|-damage|p2a: Iron Treads|63/100|[from] item: Sticky Barb
|upkeep
|turn|39
|
|t:|1781420000
|move|p1a: Adder|Protect|p1a: Adder
|-singleturn|p1a: Adder|Protect
|move|p2a: Iron Treads|Earth Power|p1a: Adder
|-activate|p1a: Adder|move: Protect
|
|-heal|p1a: Adder|52/100 tox|[from] ability: Poison Heal
|-damage|p2a: Iron Treads|51/100|[from] item: Sticky Barb
|upkeep
|turn|40
|
|t:|1781420007
|switch|p1a: Sturm|Corviknight, F, shiny|52/100
|-ability|p1a: Sturm|Pressure
|move|p2a: Iron Treads|Steel Beam|p1a: Sturm
|-resisted|p1a: Sturm
|-damage|p1a: Sturm|29/100
|-damage|p2a: Iron Treads|0 fnt|[from] steelbeam
|faint|p2a: Iron Treads
|-end|p2a: Iron Treads|Quark Drive|[silent]
|
|-heal|p1a: Sturm|35/100|[from] item: Leftovers
|upkeep
|
|t:|1781420008
|switch|p2a: Raging Bolt|Raging Bolt|100/100
|-damage|p2a: Raging Bolt|88/100|[from] Stealth Rock
|turn|41
|
|t:|1781420012
|move|p1a: Sturm|Roost|p1a: Sturm
|-heal|p1a: Sturm|85/100
|-singleturn|p1a: Sturm|move: Roost
|move|p2a: Raging Bolt|Thunder|p1a: Sturm
|-damage|p1a: Sturm|30/100
|-status|p1a: Sturm|par
|
|-heal|p1a: Sturm|36/100 par|[from] item: Leftovers
|upkeep
|turn|42
|
|t:|1781420017
|switch|p1a: Flesh Tutu|Blissey, F|97/100
|move|p2a: Raging Bolt|Thunder|p1a: Flesh Tutu
|-damage|p1a: Flesh Tutu|78/100
|-status|p1a: Flesh Tutu|par
|
|upkeep
|turn|43
|
|t:|1781420020
|move|p2a: Raging Bolt|Thunder|p1a: Flesh Tutu
|-damage|p1a: Flesh Tutu|59/100 par
|move|p1a: Flesh Tutu|Seismic Toss|p2a: Raging Bolt
|-damage|p2a: Raging Bolt|64/100
|
|upkeep
|turn|44
|
|t:|1781420023
|move|p2a: Raging Bolt|Thunder|p1a: Flesh Tutu
|-damage|p1a: Flesh Tutu|39/100 par
|cant|p1a: Flesh Tutu|par
|
|upkeep
|turn|45
|
|t:|1781420024
|move|p2a: Raging Bolt|Thunder|p1a: Flesh Tutu
|-crit|p1a: Flesh Tutu
|-damage|p1a: Flesh Tutu|9/100 par
|cant|p1a: Flesh Tutu|par
|
|upkeep
|turn|46
|c|☆llachiee|ok
|
|t:|1781420029
|move|p2a: Raging Bolt|Thunder|p1a: Flesh Tutu
|-damage|p1a: Flesh Tutu|0 fnt
|faint|p1a: Flesh Tutu
|
|upkeep
|
|t:|1781420033
|switch|p1a: Nell|Clefable, F|49/100
|turn|47
|
|t:|1781420036
|move|p2a: Raging Bolt|Thunder|p1a: Nell
|-damage|p1a: Nell|0 fnt
|faint|p1a: Nell
|
|upkeep
|
|t:|1781420041
|switch|p1a: Lash|Toxapex, F, shiny|49/100
|turn|48
|
|t:|1781420047
|switch|p1a: Adder|Gliscor, F, tera:Ghost|52/100 tox
|move|p2a: Raging Bolt|Thunder|p1a: Adder
|-damage|p1a: Adder|0 fnt
|faint|p1a: Adder
|
|upkeep
|
|t:|1781420050
|switch|p1a: Lash|Toxapex, F, shiny|83/100
|turn|49
|
|t:|1781420054
|switch|p1a: Sturm|Corviknight, F, shiny|36/100 par
|-ability|p1a: Sturm|Pressure
|move|p2a: Raging Bolt|Thunder|p1a: Sturm|[miss]
|-miss|p2a: Raging Bolt|p1a: Sturm
|
|-heal|p1a: Sturm|42/100 par|[from] item: Leftovers
|upkeep
|turn|50
|
|t:|1781420057
|move|p1a: Sturm|Protect|p1a: Sturm
|-singleturn|p1a: Sturm|Protect
|move|p2a: Raging Bolt|Weather Ball|p1a: Sturm
|-activate|p1a: Sturm|move: Protect
|
|-heal|p1a: Sturm|48/100 par|[from] item: Leftovers
|upkeep
|turn|51
|
|t:|1781420063
|move|p2a: Raging Bolt|Thunderclap||[still]
|-fail|p2a: Raging Bolt
|cant|p1a: Sturm|par
|
|-heal|p1a: Sturm|54/100 par|[from] item: Leftovers
|upkeep
|turn|52
|
|t:|1781420066
|move|p2a: Raging Bolt|Weather Ball|p1a: Sturm
|-resisted|p1a: Sturm
|-damage|p1a: Sturm|45/100 par
|cant|p1a: Sturm|par
|
|-heal|p1a: Sturm|51/100 par|[from] item: Leftovers
|upkeep
|turn|53
|
|t:|1781420070
|move|p2a: Raging Bolt|Weather Ball|p1a: Sturm
|-resisted|p1a: Sturm
|-damage|p1a: Sturm|43/100 par
|move|p1a: Sturm|Roost|p1a: Sturm
|-heal|p1a: Sturm|93/100 par
|-singleturn|p1a: Sturm|move: Roost
|
|-heal|p1a: Sturm|99/100 par|[from] item: Leftovers
|upkeep
|turn|54
|
|t:|1781420073
|switch|p1a: Lash|Toxapex, F, shiny|100/100
|move|p2a: Raging Bolt|Weather Ball|p1a: Lash
|-damage|p1a: Lash|88/100
|
|upkeep
|turn|55
|
|t:|1781420074
|-end|p2a: Raging Bolt|Protosynthesis|[silent]
|switch|p2a: Pelipper|Pelipper, F|94/100 tox
|-damage|p2a: Pelipper|70/100 tox|[from] Stealth Rock
|-weather|RainDance|[from] ability: Drizzle|[of] p2a: Pelipper
|move|p1a: Lash|Infestation|p2a: Pelipper
|-resisted|p2a: Pelipper
|-damage|p2a: Pelipper|67/100 tox
|-activate|p2a: Pelipper|move: Infestation|[of] p1a: Lash
|
|-weather|RainDance|[upkeep]
|-damage|p2a: Pelipper|61/100 tox|[from] psn
|-damage|p2a: Pelipper|49/100 tox|[from] move: Infestation|[partiallytrapped]
|upkeep
|turn|56
|
|t:|1781420078
|move|p2a: Pelipper|Roost|p2a: Pelipper
|-heal|p2a: Pelipper|99/100 tox
|-singleturn|p2a: Pelipper|move: Roost
|move|p1a: Lash|Recover|p1a: Lash
|-heal|p1a: Lash|100/100
|
|-weather|RainDance|[upkeep]
|-damage|p2a: Pelipper|87/100 tox|[from] psn
|-damage|p2a: Pelipper|74/100 tox|[from] move: Infestation|[partiallytrapped]
|upkeep
|turn|57
|
|t:|1781420080
|move|p2a: Pelipper|U-turn|p1a: Lash
|-resisted|p1a: Lash
|-damage|p1a: Lash|97/100
|
|t:|1781420081
|switch|p2a: Raging Bolt|Raging Bolt|64/100|[from] U-turn
|-damage|p2a: Raging Bolt|52/100|[from] Stealth Rock
|move|p1a: Lash|Recover|p1a: Lash
|-heal|p1a: Lash|100/100
|
|-weather|RainDance|[upkeep]
|upkeep
|turn|58
|
|t:|1781420088
|move|p2a: Raging Bolt|Weather Ball|p1a: Lash
|-resisted|p1a: Lash
|-damage|p1a: Lash|81/100
|move|p1a: Lash|Toxic|p2a: Raging Bolt
|-status|p2a: Raging Bolt|tox
|
|-weather|RainDance|[upkeep]
|-damage|p2a: Raging Bolt|46/100 tox|[from] psn
|upkeep
|turn|59
|
|t:|1781420093
|move|p2a: Raging Bolt|Weather Ball|p1a: Lash
|-resisted|p1a: Lash
|-damage|p1a: Lash|63/100
|move|p1a: Lash|Recover|p1a: Lash
|-heal|p1a: Lash|100/100
|
|-weather|RainDance|[upkeep]
|-damage|p2a: Raging Bolt|34/100 tox|[from] psn
|upkeep
|turn|60
|
|t:|1781420096
|move|p2a: Raging Bolt|Weather Ball|p1a: Lash
|-resisted|p1a: Lash
|-damage|p1a: Lash|81/100
|move|p1a: Lash|Recover|p1a: Lash
|-heal|p1a: Lash|100/100
|
|-weather|RainDance|[upkeep]
|-damage|p2a: Raging Bolt|15/100 tox|[from] psn
|upkeep
|turn|61
|
|t:|1781420098
|move|p2a: Raging Bolt|Draco Meteor|p1a: Lash
|-damage|p1a: Lash|47/100
|-unboost|p2a: Raging Bolt|spa|2
|move|p1a: Lash|Recover|p1a: Lash
|-heal|p1a: Lash|97/100
|
|-weather|RainDance|[upkeep]
|-damage|p2a: Raging Bolt|0 fnt|[from] psn
|faint|p2a: Raging Bolt
|-end|p2a: Raging Bolt|Protosynthesis|[silent]
|upkeep
|
|t:|1781420099
|switch|p2a: Pelipper|Pelipper, F|74/100 tox
|-damage|p2a: Pelipper|49/100 tox|[from] Stealth Rock
|turn|62
|
|t:|1781420101
|move|p2a: Pelipper|Roost|p2a: Pelipper
|-heal|p2a: Pelipper|99/100 tox
|-singleturn|p2a: Pelipper|move: Roost
|move|p1a: Lash|Infestation|p2a: Pelipper
|-damage|p2a: Pelipper|95/100 tox
|-activate|p2a: Pelipper|move: Infestation|[of] p1a: Lash
|
|-weather|none
|-damage|p2a: Pelipper|89/100 tox|[from] psn
|-damage|p2a: Pelipper|77/100 tox|[from] move: Infestation|[partiallytrapped]
|upkeep
|turn|63
|
|t:|1781420102
|move|p2a: Pelipper|Roost|p2a: Pelipper
|-heal|p2a: Pelipper|100/100 tox
|-singleturn|p2a: Pelipper|move: Roost
|move|p1a: Lash|Recover|p1a: Lash
|-heal|p1a: Lash|100/100
|
|-damage|p2a: Pelipper|88/100 tox|[from] psn
|-damage|p2a: Pelipper|76/100 tox|[from] move: Infestation|[partiallytrapped]
|upkeep
|turn|64
|
|t:|1781420105
|move|p2a: Pelipper|Hurricane|p1a: Lash
|-damage|p1a: Lash|79/100
|move|p1a: Lash|Infestation|p2a: Pelipper
|-resisted|p2a: Pelipper
|-damage|p2a: Pelipper|74/100 tox
|
|-damage|p2a: Pelipper|55/100 tox|[from] psn
|-damage|p2a: Pelipper|43/100 tox|[from] move: Infestation|[partiallytrapped]
|upkeep
|turn|65
|
|t:|1781420107
|move|p2a: Pelipper|Roost|p2a: Pelipper
|-heal|p2a: Pelipper|93/100 tox
|-singleturn|p2a: Pelipper|move: Roost
|move|p1a: Lash|Infestation|p2a: Pelipper
|-damage|p2a: Pelipper|89/100 tox
|
|-damage|p2a: Pelipper|64/100 tox|[from] psn
|-damage|p2a: Pelipper|52/100 tox|[from] move: Infestation|[partiallytrapped]
|upkeep
|turn|66
|
|t:|1781420108
|move|p2a: Pelipper|Roost|p2a: Pelipper
|-heal|p2a: Pelipper|100/100 tox
|-singleturn|p2a: Pelipper|move: Roost
|move|p1a: Lash|Infestation|p2a: Pelipper
|-damage|p2a: Pelipper|96/100 tox
|
|-damage|p2a: Pelipper|66/100 tox|[from] psn
|-end|p2a: Pelipper|Infestation|[partiallytrapped]
|upkeep
|turn|67
|
|t:|1781420109
|move|p2a: Pelipper|Roost|p2a: Pelipper
|-heal|p2a: Pelipper|100/100 tox
|-singleturn|p2a: Pelipper|move: Roost
|move|p1a: Lash|Infestation|p2a: Pelipper
|-damage|p2a: Pelipper|96/100 tox
|-activate|p2a: Pelipper|move: Infestation|[of] p1a: Lash
|
|-damage|p2a: Pelipper|59/100 tox|[from] psn
|-damage|p2a: Pelipper|47/100 tox|[from] move: Infestation|[partiallytrapped]
|upkeep
|turn|68
|
|t:|1781420110
|-terastallize|p2a: Pelipper|Ground
|move|p2a: Pelipper|Hurricane|p1a: Lash
|-damage|p1a: Lash|55/100
|move|p1a: Lash|Infestation|p2a: Pelipper
|-damage|p2a: Pelipper|43/100 tox
|
|-damage|p2a: Pelipper|0 fnt|[from] psn
|faint|p2a: Pelipper
|
|win|llachiee
|raw|llachiee's rating: 1655 &rarr; <strong>1677</strong><br />(+22 for winning)
|raw|LowEL0God's rating: 1682 &rarr; <strong>1660</strong><br />(-22 for losing)
|l|☆llachiee
|player|p1|
|c|☆LowEL0God|gg
|l|☆LowEL0God
|player|p2|
