|j|☆hawkins0
|j|☆LowEL0God
|t:|1781514525
|gametype|singles
|player|p1|hawkins0|102|1657
|player|p2|LowEL0God|265|1668
|gen|9
|tier|[Gen 9] OU
|rated|
|rule|HP Percentage Mod: HP is shown in percentages
|rule|Endless Battle Clause: Forcing endless battles is banned
|rule|Species Clause: Limit one of each Pokémon
|rule|OHKO Clause: OHKO moves are banned
|rule|Evasion Items Clause: Evasion items are banned
|rule|Evasion Moves Clause: Evasion moves are banned
|rule|Evasion Abilities Clause: Evasion abilities are banned
|rule|Sleep Moves Clause: Sleep-inducing moves are banned
|clearpoke
|poke|p1|Hoopa-Unbound|
|poke|p1|Pecharunt|
|poke|p1|Landorus-Therian, M|
|poke|p1|Cinderace, M|
|poke|p1|Alomomola, M|
|poke|p1|Iron Valiant|
|poke|p2|Pelipper, M|
|poke|p2|Raging Bolt|
|poke|p2|Overqwil, M|
|poke|p2|Barraskewda, M|
|poke|p2|Iron Treads|
|poke|p2|Kingambit, F|
|teampreview
|c|☆LowEL0God|hf
|inactive|Battle timer is ON: inactive players will automatically lose when time's up. (requested by LowEL0God)
|
|t:|1781514529
|teamsize|p1|6
|teamsize|p2|6
|start
|switch|p1a: Khaos|Hoopa-Unbound|100/100
|switch|p2a: Kingambit|Kingambit, F|100/100
|turn|1
|
|t:|1781514532
|-terastallize|p2a: Kingambit|Dark
|move|p1a: Khaos|Drain Punch|p2a: Kingambit
|-supereffective|p2a: Kingambit
|-crit|p2a: Kingambit
|-damage|p2a: Kingambit|0 fnt
|faint|p2a: Kingambit
|-end|p2a: Kingambit|fallenundefined|[silent]
|
|upkeep
|
|t:|1781514533
|switch|p2a: Pelipper|Pelipper, M|100/100
|-weather|RainDance|[from] ability: Drizzle|[of] p2a: Pelipper
|turn|2
|
|t:|1781514539
|switch|p1a: Pisces|Alomomola, M, shiny|100/100
|move|p2a: Pelipper|Weather Ball|p1a: Pisces
|-resisted|p1a: Pisces
|-damage|p1a: Pisces|87/100
|
|-weather|RainDance|[upkeep]
|upkeep
|turn|3
|
|t:|1781514542
|move|p1a: Pisces|Flip Turn|p2a: Pelipper
|-resisted|p2a: Pelipper
|-damage|p2a: Pelipper|91/100
|
|t:|1781514550
|switch|p1a: Khaos|Hoopa-Unbound|100/100|[from] Flip Turn
|move|p2a: Pelipper|Weather Ball|p1a: Khaos
|-damage|p1a: Khaos|58/100
|
|-weather|RainDance|[upkeep]
|upkeep
|turn|4
|
|t:|1781514553
|move|p1a: Khaos|Hyperspace Fury|p2a: Pelipper
|-damage|p2a: Pelipper|10/100
|-unboost|p1a: Khaos|def|1
|move|p2a: Pelipper|U-turn|p1a: Khaos
|-supereffective|p1a: Khaos
|-damage|p1a: Khaos|0 fnt
|faint|p1a: Khaos
|
|t:|1781514554
|switch|p2a: Barraskewda|Barraskewda, M|100/100|[from] U-turn
|
|-weather|RainDance|[upkeep]
|upkeep
|
|t:|1781514559
|switch|p1a: Pisces|Alomomola, M, shiny|100/100
|turn|5
|
|t:|1781514560
|move|p2a: Barraskewda|Liquidation|p1a: Pisces
|-resisted|p1a: Pisces
|-damage|p1a: Pisces|66/100
|move|p1a: Pisces|Flip Turn|p2a: Barraskewda
|-resisted|p2a: Barraskewda
|-damage|p2a: Barraskewda|75/100
|
|t:|1781514570
|switch|p1a: Overseer|Pecharunt|100/100|[from] Flip Turn
|
|-weather|RainDance|[upkeep]
|upkeep
|turn|6
|
|t:|1781514571
|move|p2a: Barraskewda|Liquidation|p1a: Overseer
|-damage|p1a: Overseer|51/100
|move|p1a: Overseer|Malignant Chain|p2a: Barraskewda
|-damage|p2a: Barraskewda|12/100
|
|-weather|RainDance|[upkeep]
|upkeep
|turn|7
|
|t:|1781514575
|switch|p1a: Pisces|Alomomola, M, shiny|99/100
|move|p2a: Barraskewda|Liquidation|p1a: Pisces
|-resisted|p1a: Pisces
|-damage|p1a: Pisces|62/100
|
|-weather|RainDance|[upkeep]
|upkeep
|turn|8
|
|t:|1781514576
|move|p2a: Barraskewda|Liquidation|p1a: Pisces
|-resisted|p1a: Pisces
|-damage|p1a: Pisces|28/100
|move|p1a: Pisces|Flip Turn|p2a: Barraskewda
|-resisted|p2a: Barraskewda
|-damage|p2a: Barraskewda|0 fnt
|faint|p2a: Barraskewda
|
|t:|1781514595
|switch|p1a: Enten|Landorus-Therian, M, shiny|100/100|[from] Flip Turn
|
|-weather|RainDance|[upkeep]
|upkeep
|
|t:|1781514595
|switch|p2a: Overqwil|Overqwil, M|100/100
|turn|9
|
|t:|1781514597
|move|p2a: Overqwil|Liquidation|p1a: Enten
|-supereffective|p1a: Enten
|-damage|p1a: Enten|0 fnt
|faint|p1a: Enten
|-damage|p2a: Overqwil|91/100|[from] item: Life Orb
|
|-weather|none
|upkeep
|
|t:|1781514600
|switch|p1a: Calamity|Iron Valiant, shiny|100/100
|turn|10
|
|t:|1781514601
|switch|p2a: Pelipper|Pelipper, M|10/100
|-weather|RainDance|[from] ability: Drizzle|[of] p2a: Pelipper
|-terastallize|p1a: Calamity|Fairy
|move|p1a: Calamity|Moonblast|p2a: Pelipper
|-damage|p2a: Pelipper|0 fnt
|faint|p2a: Pelipper
|
|-weather|RainDance|[upkeep]
|upkeep
|
|t:|1781514602
|switch|p2a: Overqwil|Overqwil, M|91/100
|turn|11
|
|t:|1781514604
|move|p2a: Overqwil|Gunk Shot|p1a: Calamity
|-supereffective|p1a: Calamity
|-damage|p1a: Calamity|0 fnt
|faint|p1a: Calamity
|-end|p1a: Calamity|Quark Drive|[silent]
|-damage|p2a: Overqwil|81/100|[from] item: Life Orb
|
|-weather|RainDance|[upkeep]
|upkeep
|
|t:|1781514610
|switch|p1a: Pisces|Alomomola, M, shiny|61/100
|turn|12
|
|t:|1781514612
|move|p2a: Overqwil|Swords Dance|p2a: Overqwil
|-boost|p2a: Overqwil|atk|2
|move|p1a: Pisces|Body Slam|p2a: Overqwil
|-damage|p2a: Overqwil|64/100
|-status|p2a: Overqwil|par
|
|-weather|RainDance|[upkeep]
|upkeep
|turn|13
|
|t:|1781514616
|switch|p1a: Overseer|Pecharunt|51/100
|move|p2a: Overqwil|Crunch|p1a: Overseer
|-supereffective|p1a: Overseer
|-damage|p1a: Overseer|0 fnt
|faint|p1a: Overseer
|-damage|p2a: Overqwil|55/100 par|[from] item: Life Orb
|
|-weather|RainDance|[upkeep]
|upkeep
|j| reginalda2nd
|
|t:|1781514625
|switch|p1a: Liberacy|Cinderace, M, shiny|100/100
|turn|14
|
|t:|1781514626
|move|p1a: Liberacy|Pyro Ball|p2a: Overqwil|[miss]
|-miss|p1a: Liberacy|p2a: Overqwil
|move|p2a: Overqwil|Gunk Shot|p1a: Liberacy
|-damage|p1a: Liberacy|0 fnt
|faint|p1a: Liberacy
|-damage|p2a: Overqwil|45/100 par|[from] item: Life Orb
|
|-weather|RainDance|[upkeep]
|upkeep
|l| reginalda2nd
|-message|hawkins0 forfeited.
|
|win|LowEL0God
|raw|hawkins0's rating: 1649 &rarr; <strong>1630</strong><br />(-19 for losing)
|raw|LowEL0God's rating: 1668 &rarr; <strong>1687</strong><br />(+19 for winning)
|l|☆hawkins0
|player|p1|
|c|☆LowEL0God|gg
|l|☆LowEL0God
|player|p2|
