|j|☆icylikedecember
|j|☆ihymyly
|t:|1781177812
|gametype|singles
|player|p1|icylikedecember|smasher|1666
|player|p2|ihymyly|169|1675
|gen|9
|tier|[Gen 9] OU
|rated|
|rule|HP Percentage Mod: HP is shown in percentages
|rule|Endless Battle Clause: Forcing endless battles is banned
|rule|Species Clause: Limit one of each Pokémon
|rule|OHKO Clause: OHKO moves are banned
|rule|Evasion Items Clause: Evasion items are banned
|rule|Evasion Moves Clause: Evasion moves are banned
|rule|Evasion Abilities Clause: Evasion abilities are banned
|rule|Sleep Moves Clause: Sleep-inducing moves are banned
|clearpoke
|poke|p1|Corviknight, M|
|poke|p1|Slowking-Galar, F|
|poke|p1|Darkrai|
|poke|p1|Kyurem|
|poke|p1|Zamazenta-*|
|poke|p1|Crawdaunt, M|
|poke|p2|Pelipper, F|
|poke|p2|Kingdra, F|
|poke|p2|Weavile, M|
|poke|p2|Raging Bolt|
|poke|p2|Clodsire, F|
|poke|p2|Corviknight, F|
|teampreview
|inactive|Battle timer is ON: inactive players will automatically lose when time's up. (requested by icylikedecember)
|
|t:|1781177820
|teamsize|p1|6
|teamsize|p2|6
|start
|switch|p1a: Kyurem|Kyurem|100/100
|switch|p2a: Beakblaster 3000|Pelipper, F|100/100
|-ability|p1a: Kyurem|Pressure
|-weather|RainDance|[from] ability: Drizzle|[of] p2a: Beakblaster 3000
|turn|1
|
|t:|1781177825
|switch|p2a: Backscratcher|Weavile, M|100/100
|-ability|p2a: Backscratcher|Pressure
|move|p1a: Kyurem|Ice Beam|p2a: Backscratcher
|-resisted|p2a: Backscratcher
|-damage|p2a: Backscratcher|56/100
|
|-weather|RainDance|[upkeep]
|upkeep
|turn|2
|
|t:|1781177829
|switch|p1a: Corviknight|Corviknight, M, shiny|100/100
|-ability|p1a: Corviknight|Pressure
|move|p2a: Backscratcher|Swords Dance|p2a: Backscratcher
|-boost|p2a: Backscratcher|atk|2
|
|-weather|RainDance|[upkeep]
|upkeep
|turn|3
|
|t:|1781177834
|switch|p2a: kcuck off|Corviknight, F|100/100
|-ability|p2a: kcuck off|Pressure
|move|p1a: Corviknight|U-turn|p2a: kcuck off
|-resisted|p2a: kcuck off
|-damage|p2a: kcuck off|98/100
|
|t:|1781177836
|switch|p1a: Kyurem|Kyurem|100/100|[from] U-turn
|-ability|p1a: Kyurem|Pressure
|
|-weather|RainDance|[upkeep]
|upkeep
|turn|4
|
|t:|1781177840
|move|p1a: Kyurem|Ice Beam|p2a: kcuck off
|-damage|p2a: kcuck off|28/100
|move|p2a: kcuck off|U-turn|p1a: Kyurem
|-damage|p1a: Kyurem|86/100
|
|t:|1781177843
|switch|p2a: Elongatedkou|Raging Bolt|100/100|[from] U-turn
|
|-weather|RainDance|[upkeep]
|upkeep
|turn|5
|
|t:|1781177847
|move|p1a: Kyurem|Ice Beam|p2a: Elongatedkou
|-supereffective|p2a: Elongatedkou
|-damage|p2a: Elongatedkou|0 fnt
|faint|p2a: Elongatedkou
|-end|p2a: Elongatedkou|Protosynthesis|[silent]
|
|-weather|RainDance|[upkeep]
|upkeep
|
|t:|1781177853
|switch|p2a: Vincent Von Vain|Kingdra, F|100/100
|turn|6
|
|t:|1781177856
|switch|p1a: Slowking|Slowking-Galar, F, shiny|100/100
|-terastallize|p2a: Vincent Von Vain|Water
|move|p2a: Vincent Von Vain|Weather Ball|p1a: Slowking
|-damage|p1a: Slowking|36/100
|
|-weather|RainDance|[upkeep]
|upkeep
|turn|7
|
|t:|1781177859
|-terastallize|p1a: Slowking|Grass
|move|p2a: Vincent Von Vain|Weather Ball|p1a: Slowking
|-resisted|p1a: Slowking
|-damage|p1a: Slowking|3/100
|move|p1a: Slowking|Sludge Bomb|p2a: Vincent Von Vain
|-damage|p2a: Vincent Von Vain|46/100
|
|-weather|RainDance|[upkeep]
|upkeep
|turn|8
|
|t:|1781177868
|switch|p1a: Crawdaunt|Crawdaunt, M|100/100
|move|p2a: Vincent Von Vain|Weather Ball|p1a: Crawdaunt
|-resisted|p1a: Crawdaunt
|-damage|p1a: Crawdaunt|0 fnt
|faint|p1a: Crawdaunt
|
|-weather|none
|upkeep
|
|t:|1781177874
|switch|p1a: Kyurem|Kyurem|86/100
|-ability|p1a: Kyurem|Pressure
|turn|9
|
|t:|1781177884
|switch|p2a: kcuck off|Corviknight, F|28/100
|-ability|p2a: kcuck off|Pressure
|move|p1a: Kyurem|Draco Meteor|p2a: kcuck off
|-resisted|p2a: kcuck off
|-damage|p2a: kcuck off|0 fnt
|-unboost|p1a: Kyurem|spa|2
|faint|p2a: kcuck off
|
|upkeep
|
|t:|1781177891
|switch|p2a: Beakblaster 3000|Pelipper, F|100/100
|-weather|RainDance|[from] ability: Drizzle|[of] p2a: Beakblaster 3000
|turn|10
|
|t:|1781177900
|switch|p1a: Darkrai|Darkrai|100/100
|move|p2a: Beakblaster 3000|U-turn|p1a: Darkrai
|-supereffective|p1a: Darkrai
|-damage|p1a: Darkrai|79/100
|
|t:|1781177904
|switch|p2a: Vincent Von Vain|Kingdra, F, tera:Water|46/100|[from] U-turn
|
|-weather|RainDance|[upkeep]
|upkeep
|turn|11
|
|t:|1781177906
|move|p2a: Vincent Von Vain|Weather Ball|p1a: Darkrai
|-damage|p1a: Darkrai|0 fnt
|faint|p1a: Darkrai
|
|-weather|RainDance|[upkeep]
|upkeep
|
|t:|1781177910
|switch|p1a: Slowking|Slowking-Galar, F, shiny, tera:Grass|36/100
|turn|12
|
|t:|1781177917
|switch|p2a: Sire Slayton|Clodsire, F|100/100
|switch|p1a: Corviknight|Corviknight, M, shiny|100/100
|-ability|p1a: Corviknight|Pressure
|
|-weather|RainDance|[upkeep]
|upkeep
|turn|13
|
|t:|1781177920
|move|p1a: Corviknight|U-turn|p2a: Sire Slayton
|-resisted|p2a: Sire Slayton
|-damage|p2a: Sire Slayton|92/100
|
|t:|1781177922
|switch|p1a: Slowking|Slowking-Galar, F, shiny, tera:Grass|70/100|[from] U-turn
|move|p2a: Sire Slayton|Stealth Rock|p1a: Slowking
|-sidestart|p1: icylikedecember|move: Stealth Rock
|
|-weather|RainDance|[upkeep]
|-heal|p2a: Sire Slayton|98/100|[from] item: Leftovers
|upkeep
|turn|14
|
|t:|1781177926
|move|p1a: Slowking|Psyshock|p2a: Sire Slayton
|-supereffective|p2a: Sire Slayton
|-damage|p2a: Sire Slayton|9/100
|move|p2a: Sire Slayton|Toxic|p1a: Slowking
|-status|p1a: Slowking|tox
|
|-weather|RainDance|[upkeep]
|-heal|p2a: Sire Slayton|15/100|[from] item: Leftovers
|-damage|p1a: Slowking|63/100 tox|[from] psn
|upkeep
|turn|15
|
|t:|1781177930
|move|p1a: Slowking|Ice Beam|p2a: Sire Slayton
|-supereffective|p2a: Sire Slayton
|-damage|p2a: Sire Slayton|0 fnt
|faint|p2a: Sire Slayton
|
|-weather|RainDance|[upkeep]
|-damage|p1a: Slowking|51/100 tox|[from] psn
|upkeep
|
|t:|1781177938
|switch|p2a: Backscratcher|Weavile, M|56/100
|-ability|p2a: Backscratcher|Pressure
|turn|16
|
|t:|1781177941
|switch|p1a: Corviknight|Corviknight, M, shiny|100/100
|-damage|p1a: Corviknight|88/100|[from] Stealth Rock
|-ability|p1a: Corviknight|Pressure
|move|p2a: Backscratcher|Knock Off|p1a: Corviknight
|-damage|p1a: Corviknight|61/100
|-damage|p2a: Backscratcher|39/100|[from] item: Rocky Helmet|[of] p1a: Corviknight
|-enditem|p1a: Corviknight|Rocky Helmet|[from] move: Knock Off|[of] p2a: Backscratcher
|
|-weather|RainDance|[upkeep]
|upkeep
|turn|17
|
|t:|1781177948
|switch|p2a: Beakblaster 3000|Pelipper, F|100/100
|move|p1a: Corviknight|U-turn|p2a: Beakblaster 3000
|-resisted|p2a: Beakblaster 3000
|-damage|p2a: Beakblaster 3000|96/100
|
|t:|1781177950
|switch|p1a: Kyurem|Kyurem|86/100|[from] U-turn
|-damage|p1a: Kyurem|61/100|[from] Stealth Rock
|-ability|p1a: Kyurem|Pressure
|
|-weather|none
|upkeep
|turn|18
|
|t:|1781177956
|switch|p2a: Backscratcher|Weavile, M|39/100
|-ability|p2a: Backscratcher|Pressure
|move|p1a: Kyurem|Ice Beam|p2a: Backscratcher
|-resisted|p2a: Backscratcher
|-damage|p2a: Backscratcher|0 fnt
|faint|p2a: Backscratcher
|
|upkeep
|
|t:|1781177961
|switch|p2a: Beakblaster 3000|Pelipper, F|96/100
|-weather|RainDance|[from] ability: Drizzle|[of] p2a: Beakblaster 3000
|turn|19
|
|t:|1781177964
|move|p1a: Kyurem|Ice Beam|p2a: Beakblaster 3000
|-damage|p2a: Beakblaster 3000|0 fnt
|faint|p2a: Beakblaster 3000
|
|-weather|RainDance|[upkeep]
|upkeep
|
|t:|1781177967
|switch|p2a: Vincent Von Vain|Kingdra, F, tera:Water|46/100
|turn|20
|
|t:|1781177969
|move|p2a: Vincent Von Vain|Weather Ball|p1a: Kyurem
|-resisted|p1a: Kyurem
|-damage|p1a: Kyurem|0 fnt
|faint|p1a: Kyurem
|
|-weather|RainDance|[upkeep]
|upkeep
|
|t:|1781177970
|switch|p1a: Slowking|Slowking-Galar, F, shiny, tera:Grass|85/100 tox
|-damage|p1a: Slowking|72/100 tox|[from] Stealth Rock
|turn|21
|
|t:|1781177973
|move|p2a: Vincent Von Vain|Weather Ball|p1a: Slowking
|-resisted|p1a: Slowking
|-damage|p1a: Slowking|38/100 tox
|move|p1a: Slowking|Sludge Bomb|p2a: Vincent Von Vain
|-damage|p2a: Vincent Von Vain|0 fnt
|faint|p2a: Vincent Von Vain
|
|win|icylikedecember
|raw|icylikedecember's rating: 1666 &rarr; <strong>1687</strong><br />(+21 for winning)
|raw|ihymyly's rating: 1675 &rarr; <strong>1654</strong><br />(-21 for losing)
|l|☆icylikedecember
|player|p1|
|l|☆ihymyly
|player|p2|
