|j|☆kuzwa
|j|☆rekjllj
|t:|1781317801
|gametype|singles
|player|p1|kuzwa|calem|1505
|player|p2|rekjllj|169|1641
|gen|9
|tier|[Gen 9] OU
|rated|
|rule|HP Percentage Mod: HP is shown in percentages
|rule|Endless Battle Clause: Forcing endless battles is banned
|rule|Species Clause: Limit one of each Pokémon
|rule|OHKO Clause: OHKO moves are banned
|rule|Evasion Items Clause: Evasion items are banned
|rule|Evasion Moves Clause: Evasion moves are banned
|rule|Evasion Abilities Clause: Evasion abilities are banned
|rule|Sleep Moves Clause: Sleep-inducing moves are banned
|clearpoke
|poke|p1|Alomomola, M|
|poke|p1|Weezing-Galar, M|
|poke|p1|Zamazenta-*|
|poke|p1|Grafaiai, M|
|poke|p1|Darkrai|
|poke|p1|Chansey, F|
|poke|p2|Kingambit, F|
|poke|p2|Kommo-o, F|
|poke|p2|Iron Valiant|
|poke|p2|Kyurem|
|poke|p2|Iron Treads|
|poke|p2|Iron Crown|
|teampreview
|inactive|Battle timer is ON: inactive players will automatically lose when time's up. (requested by kuzwa)
|
|t:|1781317809
|teamsize|p1|6
|teamsize|p2|6
|start
|switch|p1a: Trucel|Grafaiai, M|100/100
|switch|p2a: Kommo-o|Kommo-o, F|100/100
|turn|1
|c|☆rekjllj|hf
|inactive|rekjllj also wants the timer to be on.
|
|t:|1781317815
|move|p1a: Trucel|Toxic|p2a: Kommo-o
|-status|p2a: Kommo-o|tox
|move|p2a: Kommo-o|Drain Punch|p1a: Trucel
|-damage|p1a: Trucel|61/100
|
|-damage|p2a: Kommo-o|94/100 tox|[from] psn
|upkeep
|turn|2
|
|t:|1781317823
|switch|p2a: Iron Valiant|Iron Valiant|100/100
|-enditem|p2a: Iron Valiant|Booster Energy
|-activate|p2a: Iron Valiant|ability: Quark Drive|[fromitem]
|-start|p2a: Iron Valiant|quarkdrivespe
|move|p1a: Trucel|Parting Shot|p2a: Iron Valiant
|-unboost|p2a: Iron Valiant|atk|1
|-unboost|p2a: Iron Valiant|spa|1
|
|t:|1781317827
|switch|p1a: Unworthy of Name|Alomomola, M|100/100|[from] Parting Shot
|
|upkeep
|turn|3
|
|t:|1781317833
|move|p2a: Iron Valiant|Calm Mind|p2a: Iron Valiant
|-boost|p2a: Iron Valiant|spa|1
|-boost|p2a: Iron Valiant|spd|1
|move|p1a: Unworthy of Name|Wish|p1a: Unworthy of Name
|
|upkeep
|turn|4
|
|t:|1781317839
|move|p2a: Iron Valiant|Calm Mind|p2a: Iron Valiant
|-boost|p2a: Iron Valiant|spa|1
|-boost|p2a: Iron Valiant|spd|1
|move|p1a: Unworthy of Name|Flip Turn|p2a: Iron Valiant
|-damage|p2a: Iron Valiant|78/100
|
|t:|1781317841
|switch|p1a: Trucel|Grafaiai, M|61/100|[from] Flip Turn
|
|-heal|p1a: Trucel|100/100|[from] move: Wish|[wisher] Unworthy of Name
|upkeep
|turn|5
|
|t:|1781317847
|move|p1a: Trucel|Encore|p2a: Iron Valiant
|-start|p2a: Iron Valiant|Encore
|move|p2a: Iron Valiant|Calm Mind|p2a: Iron Valiant
|-boost|p2a: Iron Valiant|spa|1
|-boost|p2a: Iron Valiant|spd|1
|
|upkeep
|turn|6
|
|t:|1781317850
|-end|p2a: Iron Valiant|Quark Drive|[silent]
|switch|p2a: Kingambit|Kingambit, F|100/100
|move|p1a: Trucel|Knock Off|p2a: Kingambit
|-resisted|p2a: Kingambit
|-damage|p2a: Kingambit|91/100
|-enditem|p2a: Kingambit|Leftovers|[from] move: Knock Off|[of] p1a: Trucel
|
|upkeep
|turn|7
|
|t:|1781317855
|switch|p1a: Unworthy of Name|Alomomola, M|100/100
|move|p2a: Kingambit|Swords Dance|p2a: Kingambit
|-boost|p2a: Kingambit|atk|2
|
|upkeep
|turn|8
|
|t:|1781317861
|move|p2a: Kingambit|Swords Dance|p2a: Kingambit
|-boost|p2a: Kingambit|atk|2
|move|p1a: Unworthy of Name|Flip Turn|p2a: Kingambit
|-damage|p2a: Kingambit|78/100
|
|t:|1781317863
|switch|p1a: everyday&everynite|Zamazenta|100/100|[from] Flip Turn
|-ability|p1a: everyday&everynite|Dauntless Shield|boost
|-boost|p1a: everyday&everynite|def|1
|
|upkeep
|turn|9
|
|t:|1781317869
|-terastallize|p2a: Kingambit|Ghost
|move|p1a: everyday&everynite|Substitute|p1a: everyday&everynite
|-start|p1a: everyday&everynite|Substitute
|-damage|p1a: everyday&everynite|76/100
|move|p2a: Kingambit|Low Kick|p1a: everyday&everynite
|-end|p1a: everyday&everynite|Substitute
|
|-heal|p1a: everyday&everynite|82/100|[from] item: Leftovers
|upkeep
|turn|10
|
|t:|1781317875
|move|p1a: everyday&everynite|Crunch|p2a: Kingambit
|-supereffective|p2a: Kingambit
|-damage|p2a: Kingambit|39/100
|move|p2a: Kingambit|Low Kick|p1a: everyday&everynite
|-crit|p1a: everyday&everynite
|-damage|p1a: everyday&everynite|0 fnt
|faint|p1a: everyday&everynite
|
|upkeep
|
|t:|1781317883
|switch|p1a: Noddastal Teem|Darkrai|100/100
|turn|11
|
|t:|1781317889
|move|p2a: Kingambit|Sucker Punch||[still]
|-fail|p2a: Kingambit
|move|p1a: Noddastal Teem|Trick|p2a: Kingambit
|-activate|p1a: Noddastal Teem|move: Trick|[of] p2a: Kingambit
|-item|p2a: Kingambit|Choice Scarf|[from] move: Trick
|-enditem|p1a: Noddastal Teem|Choice Scarf|[silent]|[from] move: Trick
|
|upkeep
|turn|12
|
|t:|1781317895
|move|p2a: Kingambit|Sucker Punch|p1a: Noddastal Teem
|-resisted|p1a: Noddastal Teem
|-damage|p1a: Noddastal Teem|23/100
|move|p1a: Noddastal Teem|Dark Pulse|p2a: Kingambit
|-supereffective|p2a: Kingambit
|-damage|p2a: Kingambit|0 fnt
|faint|p2a: Kingambit
|-end|p2a: Kingambit|fallenundefined|[silent]
|
|upkeep
|
|t:|1781317901
|switch|p2a: Iron Treads|Iron Treads|100/100
|-enditem|p2a: Iron Treads|Booster Energy
|-activate|p2a: Iron Treads|ability: Quark Drive|[fromitem]
|-start|p2a: Iron Treads|quarkdrivespe
|turn|13
|
|t:|1781317907
|switch|p1a: Unworthy of Name|Alomomola, M|100/100
|move|p2a: Iron Treads|Earthquake|p1a: Unworthy of Name
|-damage|p1a: Unworthy of Name|81/100
|
|upkeep
|turn|14
|
|t:|1781317915
|-end|p2a: Iron Treads|Quark Drive|[silent]
|switch|p2a: Kyurem|Kyurem|100/100
|-ability|p2a: Kyurem|Pressure
|move|p1a: Unworthy of Name|Wish|p1a: Unworthy of Name
|
|upkeep
|turn|15
|
|t:|1781317921
|move|p2a: Kyurem|Dragon Dance|p2a: Kyurem
|-boost|p2a: Kyurem|atk|1
|-boost|p2a: Kyurem|spe|1
|move|p1a: Unworthy of Name|Flip Turn|p2a: Kyurem
|-resisted|p2a: Kyurem
|-damage|p2a: Kyurem|93/100
|
|t:|1781317924
|switch|p1a: Trucel|Grafaiai, M|100/100|[from] Flip Turn
|
|upkeep
|turn|16
|
|t:|1781317928
|move|p1a: Trucel|Encore|p2a: Kyurem
|-start|p2a: Kyurem|Encore
|move|p2a: Kyurem|Dragon Dance|p2a: Kyurem
|-boost|p2a: Kyurem|atk|1
|-boost|p2a: Kyurem|spe|1
|
|upkeep
|turn|17
|
|t:|1781317931
|switch|p2a: Kommo-o|Kommo-o, F|94/100 tox
|move|p1a: Trucel|Knock Off|p2a: Kommo-o
|-resisted|p2a: Kommo-o
|-damage|p2a: Kommo-o|86/100 tox
|-enditem|p2a: Kommo-o|Leftovers|[from] move: Knock Off|[of] p1a: Trucel
|
|-damage|p2a: Kommo-o|80/100 tox|[from] psn
|upkeep
|turn|18
|
|t:|1781317936
|move|p1a: Trucel|Parting Shot|p2a: Kommo-o
|-immune|p2a: Kommo-o|[from] ability: Soundproof
|move|p2a: Kommo-o|Drain Punch|p1a: Trucel
|-damage|p1a: Trucel|66/100
|-heal|p2a: Kommo-o|96/100 tox|[from] drain|[of] p1a: Trucel
|
|-damage|p2a: Kommo-o|84/100 tox|[from] psn
|upkeep
|turn|19
|
|t:|1781317943
|switch|p1a: Unworthy of Name|Alomomola, M|100/100
|move|p2a: Kommo-o|Drain Punch|p1a: Unworthy of Name
|-damage|p1a: Unworthy of Name|86/100
|-heal|p2a: Kommo-o|95/100 tox|[from] drain|[of] p1a: Unworthy of Name
|-damage|p2a: Kommo-o|78/100 tox|[from] item: Rocky Helmet|[of] p1a: Unworthy of Name
|
|-damage|p2a: Kommo-o|60/100 tox|[from] psn
|upkeep
|turn|20
|
|t:|1781317949
|switch|p2a: Kyurem|Kyurem|93/100
|-ability|p2a: Kyurem|Pressure
|move|p1a: Unworthy of Name|Wish|p1a: Unworthy of Name
|
|upkeep
|turn|21
|
|t:|1781317955
|move|p2a: Kyurem|Dragon Dance|p2a: Kyurem
|-boost|p2a: Kyurem|atk|1
|-boost|p2a: Kyurem|spe|1
|move|p1a: Unworthy of Name|Flip Turn|p2a: Kyurem
|-resisted|p2a: Kyurem
|-damage|p2a: Kyurem|85/100
|
|t:|1781317957
|switch|p1a: Trucel|Grafaiai, M|66/100|[from] Flip Turn
|
|-heal|p1a: Trucel|100/100|[from] move: Wish|[wisher] Unworthy of Name
|upkeep
|turn|22
|
|t:|1781317962
|move|p1a: Trucel|Parting Shot|p2a: Kyurem
|-unboost|p2a: Kyurem|atk|1
|-unboost|p2a: Kyurem|spa|1
|
|t:|1781317964
|switch|p1a: Unworthy of Name|Alomomola, M|100/100|[from] Parting Shot
|move|p2a: Kyurem|Icicle Spear|p1a: Unworthy of Name
|-resisted|p1a: Unworthy of Name
|-damage|p1a: Unworthy of Name|97/100
|-resisted|p1a: Unworthy of Name
|-damage|p1a: Unworthy of Name|94/100
|-resisted|p1a: Unworthy of Name
|-damage|p1a: Unworthy of Name|90/100
|-resisted|p1a: Unworthy of Name
|-crit|p1a: Unworthy of Name
|-damage|p1a: Unworthy of Name|85/100
|-resisted|p1a: Unworthy of Name
|-damage|p1a: Unworthy of Name|82/100
|-hitcount|p1a: Unworthy of Name|5
|
|upkeep
|turn|23
|
|t:|1781317970
|move|p2a: Kyurem|Dragon Dance|p2a: Kyurem
|-boost|p2a: Kyurem|atk|1
|-boost|p2a: Kyurem|spe|1
|move|p1a: Unworthy of Name|Flip Turn|p2a: Kyurem
|-resisted|p2a: Kyurem
|-damage|p2a: Kyurem|77/100
|
|t:|1781317972
|switch|p1a: Trucel|Grafaiai, M|100/100|[from] Flip Turn
|
|upkeep
|turn|24
|
|t:|1781317975
|move|p1a: Trucel|Encore|p2a: Kyurem
|-start|p2a: Kyurem|Encore
|move|p2a: Kyurem|Dragon Dance|p2a: Kyurem
|-boost|p2a: Kyurem|atk|1
|-boost|p2a: Kyurem|spe|1
|
|upkeep
|turn|25
|
|t:|1781317979
|switch|p2a: Iron Treads|Iron Treads|100/100
|move|p1a: Trucel|Toxic|p2a: Iron Treads
|-immune|p2a: Iron Treads
|
|upkeep
|turn|26
|
|t:|1781317982
|move|p1a: Trucel|Parting Shot|p2a: Iron Treads
|-unboost|p2a: Iron Treads|atk|1
|-unboost|p2a: Iron Treads|spa|1
|
|t:|1781317987
|switch|p1a: Unworthy of Name|Alomomola, M|100/100|[from] Parting Shot
|move|p2a: Iron Treads|Stealth Rock|p1a: Unworthy of Name
|-sidestart|p1: kuzwa|move: Stealth Rock
|
|upkeep
|turn|27
|
|t:|1781317992
|-end|p2a: Iron Treads|Quark Drive|[silent]
|switch|p2a: Kyurem|Kyurem|77/100
|-ability|p2a: Kyurem|Pressure
|move|p1a: Unworthy of Name|Wish|p1a: Unworthy of Name
|
|upkeep
|turn|28
|
|t:|1781317998
|move|p2a: Kyurem|Dragon Dance|p2a: Kyurem
|-boost|p2a: Kyurem|atk|1
|-boost|p2a: Kyurem|spe|1
|move|p1a: Unworthy of Name|Flip Turn|p2a: Kyurem
|-resisted|p2a: Kyurem
|-damage|p2a: Kyurem|69/100
|
|t:|1781318000
|switch|p1a: Trucel|Grafaiai, M|100/100|[from] Flip Turn
|
|upkeep
|turn|29
|
|t:|1781318006
|move|p1a: Trucel|Toxic|p2a: Kyurem
|-status|p2a: Kyurem|tox
|move|p2a: Kyurem|Icicle Spear|p1a: Trucel
|-damage|p1a: Trucel|73/100
|-damage|p1a: Trucel|48/100
|-damage|p1a: Trucel|24/100
|-crit|p1a: Trucel
|-damage|p1a: Trucel|0 fnt
|faint|p1a: Trucel
|-hitcount|p1: Trucel|4
|
|-damage|p2a: Kyurem|63/100 tox|[from] psn
|upkeep
|
|t:|1781318008
|switch|p1a: Unworthy of Name|Alomomola, M|100/100
|-damage|p1a: Unworthy of Name|88/100|[from] Stealth Rock
|turn|30
|
|t:|1781318014
|move|p2a: Kyurem|Scale Shot|p1a: Unworthy of Name
|-damage|p1a: Unworthy of Name|78/100
|-damage|p1a: Unworthy of Name|67/100
|-damage|p1a: Unworthy of Name|57/100
|-damage|p1a: Unworthy of Name|46/100
|-damage|p1a: Unworthy of Name|35/100
|-hitcount|p1a: Unworthy of Name|5
|-unboost|p2a: Kyurem|def|1
|-boost|p2a: Kyurem|spe|1
|move|p1a: Unworthy of Name|Wish|p1a: Unworthy of Name
|
|-damage|p2a: Kyurem|51/100 tox|[from] psn
|upkeep
|turn|31
|
|t:|1781318020
|move|p1a: Unworthy of Name|Protect|p1a: Unworthy of Name
|-singleturn|p1a: Unworthy of Name|Protect
|move|p2a: Kyurem|Scale Shot|p1a: Unworthy of Name
|-activate|p1a: Unworthy of Name|move: Protect
|
|-heal|p1a: Unworthy of Name|85/100|[from] move: Wish|[wisher] Unworthy of Name
|-damage|p2a: Kyurem|32/100 tox|[from] psn
|upkeep
|turn|32
|
|t:|1781318023
|move|p2a: Kyurem|Scale Shot|p1a: Unworthy of Name
|-damage|p1a: Unworthy of Name|74/100
|-damage|p1a: Unworthy of Name|64/100
|-damage|p1a: Unworthy of Name|54/100
|-crit|p1a: Unworthy of Name
|-damage|p1a: Unworthy of Name|39/100
|-hitcount|p1a: Unworthy of Name|4
|-unboost|p2a: Kyurem|def|1
|-boost|p2a: Kyurem|spe|1
|move|p1a: Unworthy of Name|Wish|p1a: Unworthy of Name
|
|-damage|p2a: Kyurem|8/100 tox|[from] psn
|upkeep
|turn|33
|
|t:|1781318027
|move|p1a: Unworthy of Name|Protect|p1a: Unworthy of Name
|-singleturn|p1a: Unworthy of Name|Protect
|move|p2a: Kyurem|Scale Shot|p1a: Unworthy of Name
|-activate|p1a: Unworthy of Name|move: Protect
|
|-heal|p1a: Unworthy of Name|89/100|[from] move: Wish|[wisher] Unworthy of Name
|-damage|p2a: Kyurem|0 fnt|[from] psn
|faint|p2a: Kyurem
|upkeep
|
|t:|1781318030
|switch|p2a: Iron Crown|Iron Crown|100/100
|-enditem|p2a: Iron Crown|Booster Energy
|-activate|p2a: Iron Crown|ability: Quark Drive|[fromitem]
|-start|p2a: Iron Crown|quarkdrivespe
|turn|34
|
|t:|1781318034
|move|p2a: Iron Crown|Calm Mind|p2a: Iron Crown
|-boost|p2a: Iron Crown|spa|1
|-boost|p2a: Iron Crown|spd|1
|move|p1a: Unworthy of Name|Mirror Coat||[still]
|-fail|p1a: Unworthy of Name
|
|upkeep
|turn|35
|
|t:|1781318037
|move|p2a: Iron Crown|Calm Mind|p2a: Iron Crown
|-boost|p2a: Iron Crown|spa|1
|-boost|p2a: Iron Crown|spd|1
|move|p1a: Unworthy of Name|Flip Turn|p2a: Iron Crown
|-damage|p2a: Iron Crown|85/100
|
|t:|1781318042
|switch|p1a: Chansey|Chansey, F|100/100|[from] Flip Turn
|-damage|p1a: Chansey|88/100|[from] Stealth Rock
|
|upkeep
|turn|36
|
|t:|1781318047
|move|p2a: Iron Crown|Focus Blast|p1a: Chansey|[miss]
|-miss|p2a: Iron Crown|p1a: Chansey
|move|p1a: Chansey|Seismic Toss|p2a: Iron Crown
|-damage|p2a: Iron Crown|56/100
|
|upkeep
|turn|37
|
|t:|1781318054
|-terastallize|p1a: Chansey|Grass
|move|p2a: Iron Crown|Focus Blast|p1a: Chansey
|-damage|p1a: Chansey|65/100
|move|p1a: Chansey|Seismic Toss|p2a: Iron Crown
|-damage|p2a: Iron Crown|27/100
|
|upkeep
|turn|38
|
|t:|1781318062
|move|p2a: Iron Crown|Psychic Noise|p1a: Chansey
|-crit|p1a: Chansey
|-damage|p1a: Chansey|32/100
|-start|p1a: Chansey|move: Heal Block
|move|p1a: Chansey|Seismic Toss|p2a: Iron Crown
|-damage|p2a: Iron Crown|0 fnt
|faint|p2a: Iron Crown
|-end|p2a: Iron Crown|Quark Drive|[silent]
|
|upkeep
|
|t:|1781318069
|switch|p2a: Iron Valiant|Iron Valiant|78/100
|turn|39
|
|t:|1781318075
|switch|p1a: Unworthy of Name|Alomomola, M|100/100
|-damage|p1a: Unworthy of Name|88/100|[from] Stealth Rock
|move|p2a: Iron Valiant|Calm Mind|p2a: Iron Valiant
|-boost|p2a: Iron Valiant|spa|1
|-boost|p2a: Iron Valiant|spd|1
|
|upkeep
|turn|40
|
|t:|1781318079
|move|p2a: Iron Valiant|Focus Blast|p1a: Unworthy of Name
|-damage|p1a: Unworthy of Name|0 fnt
|faint|p1a: Unworthy of Name
|
|upkeep
|
|t:|1781318083
|switch|p1a: Moltisanti|Weezing-Galar, M|100/100
|-ability|p1a: Moltisanti|Neutralizing Gas
|turn|41
|
|t:|1781318089
|move|p2a: Iron Valiant|Moonblast|p1a: Moltisanti
|-resisted|p1a: Moltisanti
|-damage|p1a: Moltisanti|48/100
|-unboost|p1a: Moltisanti|spa|1
|move|p1a: Moltisanti|Haze|p1a: Moltisanti
|-clearallboost
|
|upkeep
|turn|42
|
|t:|1781318096
|-end|p2a: Iron Valiant|Quark Drive|[silent]
|switch|p2a: Iron Treads|Iron Treads|100/100
|move|p1a: Moltisanti|Toxic|p2a: Iron Treads
|-immune|p2a: Iron Treads
|
|upkeep
|turn|43
|
|t:|1781318102
|move|p2a: Iron Treads|Rapid Spin|p1a: Moltisanti
|-damage|p1a: Moltisanti|39/100
|-boost|p2a: Iron Treads|spe|1
|move|p1a: Moltisanti|Defog|p2a: Iron Treads
|-unboost|p2a: Iron Treads|evasion|1
|-sideend|p1: kuzwa|Stealth Rock|[from] move: Defog|[of] p1a: Moltisanti
|
|upkeep
|turn|44
|
|t:|1781318106
|move|p2a: Iron Treads|Rapid Spin|p1a: Moltisanti
|-damage|p1a: Moltisanti|30/100
|-boost|p2a: Iron Treads|spe|1
|move|p1a: Moltisanti|Flamethrower|p2a: Iron Treads
|-supereffective|p2a: Iron Treads
|-damage|p2a: Iron Treads|57/100
|
|upkeep
|turn|45
|
|t:|1781318111
|move|p2a: Iron Treads|Rapid Spin|p1a: Moltisanti
|-damage|p1a: Moltisanti|22/100
|-boost|p2a: Iron Treads|spe|1
|move|p1a: Moltisanti|Flamethrower|p2a: Iron Treads
|-supereffective|p2a: Iron Treads
|-crit|p2a: Iron Treads
|-damage|p2a: Iron Treads|0 fnt
|faint|p2a: Iron Treads
|-end|p2a: Iron Treads|Quark Drive|[silent]
|
|upkeep
|
|t:|1781318116
|switch|p2a: Iron Valiant|Iron Valiant|78/100
|turn|46
|
|t:|1781318120
|-end|p2a: Iron Valiant|Quark Drive|[silent]
|switch|p2a: Kommo-o|Kommo-o, F|60/100 tox
|move|p1a: Moltisanti|Toxic|p2a: Kommo-o
|-fail|p2a: Kommo-o|tox
|
|-damage|p2a: Kommo-o|53/100 tox|[from] psn
|upkeep
|turn|47
|
|t:|1781318125
|move|p2a: Kommo-o|Drain Punch|p1a: Moltisanti
|-resisted|p1a: Moltisanti
|-damage|p1a: Moltisanti|17/100
|-heal|p2a: Kommo-o|56/100 tox|[from] drain|[of] p1a: Moltisanti
|move|p1a: Moltisanti|Flamethrower|p2a: Kommo-o
|-resisted|p2a: Kommo-o
|-damage|p2a: Kommo-o|48/100 tox
|
|-damage|p2a: Kommo-o|35/100 tox|[from] psn
|upkeep
|turn|48
|
|t:|1781318130
|move|p2a: Kommo-o|Drain Punch|p1a: Moltisanti
|-resisted|p1a: Moltisanti
|-damage|p1a: Moltisanti|12/100
|-heal|p2a: Kommo-o|38/100 tox|[from] drain|[of] p1a: Moltisanti
|move|p1a: Moltisanti|Flamethrower|p2a: Kommo-o
|-resisted|p2a: Kommo-o
|-damage|p2a: Kommo-o|29/100 tox
|
|-damage|p2a: Kommo-o|10/100 tox|[from] psn
|upkeep
|turn|49
|
|t:|1781318135
|move|p2a: Kommo-o|Drain Punch|p1a: Moltisanti
|-resisted|p1a: Moltisanti
|-damage|p1a: Moltisanti|8/100
|-heal|p2a: Kommo-o|12/100 tox|[from] drain|[of] p1a: Moltisanti
|move|p1a: Moltisanti|Flamethrower|p2a: Kommo-o
|-resisted|p2a: Kommo-o
|-damage|p2a: Kommo-o|4/100 tox
|
|-damage|p2a: Kommo-o|0 fnt|[from] psn
|faint|p2a: Kommo-o
|upkeep
|
|t:|1781318139
|switch|p2a: Iron Valiant|Iron Valiant|78/100
|turn|50
|
|t:|1781318143
|move|p2a: Iron Valiant|Focus Blast|p1a: Moltisanti
|-resisted|p1a: Moltisanti
|-damage|p1a: Moltisanti|0 fnt
|faint|p1a: Moltisanti
|-end|p1a: Moltisanti|ability: Neutralizing Gas
|
|upkeep
|
|t:|1781318145
|switch|p1a: Noddastal Teem|Darkrai|23/100
|turn|51
|
|t:|1781318151
|move|p1a: Noddastal Teem|Sludge Bomb|p2a: Iron Valiant
|-supereffective|p2a: Iron Valiant
|-damage|p2a: Iron Valiant|0 fnt
|faint|p2a: Iron Valiant
|-end|p2a: Iron Valiant|Quark Drive|[silent]
|
|win|kuzwa
|raw|kuzwa's rating: 1505 &rarr; <strong>1532</strong><br />(+27 for winning)
|raw|rekjllj's rating: 1641 &rarr; <strong>1614</strong><br />(-27 for losing)
|c|☆rekjllj|gg
