|j|☆1200s chud
|j|☆suprya
|t:|1780982073
|gametype|singles
|player|p1|1200s chud|preschooler|1712
|player|p2|suprya|clown|1745
|gen|9
|tier|[Gen 9] OU
|rated|
|rule|HP Percentage Mod: HP is shown in percentages
|rule|Endless Battle Clause: Forcing endless battles is banned
|rule|Species Clause: Limit one of each Pokémon
|rule|OHKO Clause: OHKO moves are banned
|rule|Evasion Items Clause: Evasion items are banned
|rule|Evasion Moves Clause: Evasion moves are banned
|rule|Evasion Abilities Clause: Evasion abilities are banned
|rule|Sleep Moves Clause: Sleep-inducing moves are banned
|clearpoke
|poke|p1|Iron Thorns|
|poke|p1|Ribombee, M|
|poke|p1|Gholdengo|
|poke|p1|Ceruledge, M|
|poke|p1|Ursaluna, M|
|poke|p1|Great Tusk|
|poke|p2|Landorus-Therian, M|
|poke|p2|Overqwil, F|
|poke|p2|Iron Valiant|
|poke|p2|Salamence, F|
|poke|p2|Gholdengo|
|poke|p2|Slowking-Galar, F|
|teampreview
|inactive|Battle timer is ON: inactive players will automatically lose when time's up. (requested by suprya)
|inactive|1200s chud also wants the timer to be on.
|j| euphoricpoptarts
|inactive|suprya has 120 seconds left.
|
|t:|1780982113
|teamsize|p1|6
|teamsize|p2|6
|start
|switch|p1a: SupremeClientele|Ribombee, M|100/100
|switch|p2a: Slowking|Slowking-Galar, F|100/100
|turn|1
|
|t:|1780982118
|move|p1a: SupremeClientele|Sticky Web|p2a: Slowking
|-sidestart|p2: suprya|move: Sticky Web
|move|p2a: Slowking|Sludge Bomb|p1a: SupremeClientele
|-supereffective|p1a: SupremeClientele
|-enditem|p1a: SupremeClientele|Focus Sash
|-damage|p1a: SupremeClientele|1/100
|
|upkeep
|turn|2
|
|t:|1780982129
|move|p1a: SupremeClientele|Stun Spore|p2a: Slowking
|-status|p2a: Slowking|par
|cant|p2a: Slowking|par
|
|upkeep
|turn|3
|
|t:|1780982135
|switch|p1a: AintCaughtThePlot|Gholdengo|100/100
|move|p2a: Slowking|Future Sight|p1a: AintCaughtThePlot
|-start|p2a: Slowking|move: Future Sight
|
|upkeep
|turn|4
|
|t:|1780982141
|move|p1a: AintCaughtThePlot|Make It Rain|p2a: Slowking
|-damage|p2a: Slowking|62/100 par
|-unboost|p1a: AintCaughtThePlot|spa|1
|-prepare|p2a: Slowking|Chilly Reception|[premajor]
|move|p2a: Slowking|Chilly Reception|p2a: Slowking
|-weather|Snowscape
|
|t:|1780982148
|switch|p2a: Landorus|Landorus-Therian, M|100/100|[from] Chilly Reception
|-ability|p2a: Landorus|Intimidate|boost
|-unboost|p1a: AintCaughtThePlot|atk|1
|
|-weather|Snowscape|[upkeep]
|upkeep
|turn|5
|
|t:|1780982156
|switch|p1a: SupremeClientele|Ribombee, M|1/100
|move|p2a: Landorus|Stealth Rock|p1a: SupremeClientele
|-sidestart|p1: 1200s chud|move: Stealth Rock
|
|-weather|Snowscape|[upkeep]
|-end|p1a: SupremeClientele|move: Future Sight
|-damage|p1a: SupremeClientele|0 fnt
|faint|p1a: SupremeClientele
|upkeep
|
|t:|1780982164
|switch|p1a: HighOffDaPack|Ceruledge, M|100/100
|-damage|p1a: HighOffDaPack|76/100|[from] Stealth Rock
|-item|p1a: HighOffDaPack|Air Balloon
|turn|6
|
|t:|1780982169
|move|p2a: Landorus|Taunt|p1a: HighOffDaPack
|-start|p1a: HighOffDaPack|move: Taunt
|cant|p1a: HighOffDaPack|move: Taunt|Swords Dance
|
|-weather|Snowscape|[upkeep]
|upkeep
|turn|7
|
|t:|1780982176
|switch|p2a: Overqwil|Overqwil, F|100/100
|-ability|p2a: Overqwil|Intimidate|boost
|-unboost|p1a: HighOffDaPack|atk|1
|move|p1a: HighOffDaPack|Bitter Blade|p2a: Overqwil
|-damage|p2a: Overqwil|78/100
|-heal|p1a: HighOffDaPack|91/100|[from] drain|[of] p2a: Overqwil
|
|-weather|Snowscape|[upkeep]
|upkeep
|turn|8
|
|t:|1780982192
|move|p1a: HighOffDaPack|Bitter Blade|p2a: Overqwil
|-damage|p2a: Overqwil|56/100
|-heal|p1a: HighOffDaPack|100/100|[from] drain|[of] p2a: Overqwil
|move|p2a: Overqwil|Spikes|p1a: HighOffDaPack
|-sidestart|p1: 1200s chud|Spikes
|
|-weather|none
|-end|p1a: HighOffDaPack|move: Taunt
|upkeep
|turn|9
|
|t:|1780982200
|move|p1a: HighOffDaPack|Destiny Bond|p1a: HighOffDaPack
|-singlemove|p1a: HighOffDaPack|Destiny Bond
|move|p2a: Overqwil|Pain Split|p1a: HighOffDaPack
|-sethp|p1a: HighOffDaPack|86/100|[from] move: Pain Split|[silent]
|-sethp|p2a: Overqwil|67/100|[from] move: Pain Split
|
|upkeep
|turn|10
|
|t:|1780982206
|move|p1a: HighOffDaPack|Swords Dance|p1a: HighOffDaPack
|-boost|p1a: HighOffDaPack|atk|2
|move|p2a: Overqwil|Crunch|p1a: HighOffDaPack
|-supereffective|p1a: HighOffDaPack
|-damage|p1a: HighOffDaPack|0 fnt
|-enditem|p1a: HighOffDaPack|Air Balloon
|faint|p1a: HighOffDaPack
|
|upkeep
|
|t:|1780982210
|switch|p1a: SpinterredSouls|Great Tusk|100/100
|-damage|p1a: SpinterredSouls|98/100|[from] Stealth Rock
|-damage|p1a: SpinterredSouls|85/100|[from] Spikes
|-enditem|p1a: SpinterredSouls|Booster Energy
|-activate|p1a: SpinterredSouls|ability: Protosynthesis|[fromitem]
|-start|p1a: SpinterredSouls|protosynthesisatk
|turn|11
|
|t:|1780982229
|switch|p2a: Gholdengo|Gholdengo|100/100
|-item|p2a: Gholdengo|Air Balloon
|move|p1a: SpinterredSouls|Ice Spinner|p2a: Gholdengo
|-resisted|p2a: Gholdengo
|-damage|p2a: Gholdengo|89/100
|-enditem|p2a: Gholdengo|Air Balloon
|
|upkeep
|turn|12
|
|t:|1780982240
|switch|p2a: Landorus|Landorus-Therian, M|100/100
|-ability|p2a: Landorus|Intimidate|boost
|-unboost|p1a: SpinterredSouls|atk|1
|move|p1a: SpinterredSouls|Headlong Rush|p2a: Landorus
|-immune|p2a: Landorus
|
|upkeep
|turn|13
|
|t:|1780982249
|switch|p2a: Gholdengo|Gholdengo|89/100
|-activate|p2a: Gholdengo|move: Sticky Web
|-unboost|p2a: Gholdengo|spe|1
|move|p1a: SpinterredSouls|Bulk Up|p1a: SpinterredSouls
|-boost|p1a: SpinterredSouls|atk|1
|-boost|p1a: SpinterredSouls|def|1
|
|upkeep
|turn|14
|
|t:|1780982256
|-terastallize|p2a: Gholdengo|Fairy
|move|p1a: SpinterredSouls|Headlong Rush|p2a: Gholdengo
|-damage|p2a: Gholdengo|32/100
|-unboost|p1a: SpinterredSouls|def|1
|-unboost|p1a: SpinterredSouls|spd|1
|move|p2a: Gholdengo|Make It Rain|p1a: SpinterredSouls
|-damage|p1a: SpinterredSouls|0 fnt
|-unboost|p2a: Gholdengo|spa|1
|faint|p1a: SpinterredSouls
|-end|p1a: SpinterredSouls|Protosynthesis|[silent]
|
|upkeep
|
|t:|1780982260
|switch|p1a: Mr.EnjoyDaDances|Iron Thorns|100/100
|-damage|p1a: Mr.EnjoyDaDances|88/100|[from] Stealth Rock
|-damage|p1a: Mr.EnjoyDaDances|76/100|[from] Spikes
|-enditem|p1a: Mr.EnjoyDaDances|Booster Energy
|-activate|p1a: Mr.EnjoyDaDances|ability: Quark Drive|[fromitem]
|-start|p1a: Mr.EnjoyDaDances|quarkdriveatk
|turn|15
|
|t:|1780982268
|switch|p2a: Landorus|Landorus-Therian, M|100/100
|-ability|p2a: Landorus|Intimidate|boost
|-unboost|p1a: Mr.EnjoyDaDances|atk|1
|move|p1a: Mr.EnjoyDaDances|Dragon Dance|p1a: Mr.EnjoyDaDances
|-boost|p1a: Mr.EnjoyDaDances|atk|1
|-boost|p1a: Mr.EnjoyDaDances|spe|1
|
|upkeep
|turn|16
|
|t:|1780982273
|-terastallize|p1a: Mr.EnjoyDaDances|Bug
|move|p1a: Mr.EnjoyDaDances|Dragon Dance|p1a: Mr.EnjoyDaDances
|-boost|p1a: Mr.EnjoyDaDances|atk|1
|-boost|p1a: Mr.EnjoyDaDances|spe|1
|move|p2a: Landorus|Earth Power|p1a: Mr.EnjoyDaDances
|-resisted|p1a: Mr.EnjoyDaDances
|-damage|p1a: Mr.EnjoyDaDances|56/100
|
|upkeep
|turn|17
|
|t:|1780982281
|move|p1a: Mr.EnjoyDaDances|Ice Punch|p2a: Landorus
|-supereffective|p2a: Landorus
|-damage|p2a: Landorus|0 fnt
|-damage|p1a: Mr.EnjoyDaDances|39/100|[from] item: Rocky Helmet|[of] p2a: Landorus
|faint|p2a: Landorus
|
|upkeep
|
|t:|1780982287
|switch|p2a: Overqwil|Overqwil, F|67/100
|-ability|p2a: Overqwil|Intimidate|boost
|-unboost|p1a: Mr.EnjoyDaDances|atk|1
|turn|18
|
|t:|1780982289
|move|p1a: Mr.EnjoyDaDances|Supercell Slam|p2a: Overqwil
|-damage|p2a: Overqwil|17/100
|move|p2a: Overqwil|Gunk Shot|p1a: Mr.EnjoyDaDances
|-damage|p1a: Mr.EnjoyDaDances|0 fnt
|faint|p1a: Mr.EnjoyDaDances
|-end|p1a: Mr.EnjoyDaDances|Quark Drive|[silent]
|
|upkeep
|
|t:|1780982297
|switch|p1a: AintCaughtThePlot|Gholdengo|100/100
|-damage|p1a: AintCaughtThePlot|94/100|[from] Stealth Rock
|-damage|p1a: AintCaughtThePlot|82/100|[from] Spikes
|turn|19
|
|t:|1780982310
|switch|p2a: Gholdengo|Gholdengo, tera:Fairy|32/100
|-activate|p2a: Gholdengo|move: Sticky Web
|-unboost|p2a: Gholdengo|spe|1
|move|p1a: AintCaughtThePlot|Thunderbolt|p2a: Gholdengo
|-damage|p2a: Gholdengo|0 fnt
|faint|p2a: Gholdengo
|
|upkeep
|j| Dionysos le retour
|l| Dionysos le retour
|
|t:|1780982326
|switch|p2a: Iron Valiant|Iron Valiant|100/100
|turn|20
|
|t:|1780982330
|move|p2a: Iron Valiant|Knock Off|p1a: AintCaughtThePlot
|-supereffective|p1a: AintCaughtThePlot
|-damage|p1a: AintCaughtThePlot|10/100
|-enditem|p1a: AintCaughtThePlot|Custap Berry|[from] move: Knock Off|[of] p2a: Iron Valiant
|move|p1a: AintCaughtThePlot|Make It Rain|p2a: Iron Valiant
|-supereffective|p2a: Iron Valiant
|-damage|p2a: Iron Valiant|0 fnt
|-unboost|p1a: AintCaughtThePlot|spa|1
|faint|p2a: Iron Valiant
|-end|p2a: Iron Valiant|Quark Drive|[silent]
|
|upkeep
|
|t:|1780982343
|switch|p2a: Salamence|Salamence, F|100/100
|-ability|p2a: Salamence|Intimidate|boost
|-unboost|p1a: AintCaughtThePlot|atk|1
|turn|21
|
|t:|1780982348
|move|p1a: AintCaughtThePlot|Shadow Ball|p2a: Salamence
|-damage|p2a: Salamence|65/100
|move|p2a: Salamence|Flamethrower|p1a: AintCaughtThePlot
|-supereffective|p1a: AintCaughtThePlot
|-crit|p1a: AintCaughtThePlot
|-damage|p1a: AintCaughtThePlot|0 fnt
|faint|p1a: AintCaughtThePlot
|
|upkeep
|
|t:|1780982350
|switch|p1a: SmokingOnYaCore|Ursaluna, M|100/100
|-damage|p1a: SmokingOnYaCore|94/100|[from] Stealth Rock
|-damage|p1a: SmokingOnYaCore|82/100|[from] Spikes
|turn|22
|
|t:|1780982357
|move|p2a: Salamence|Draco Meteor|p1a: SmokingOnYaCore
|-damage|p1a: SmokingOnYaCore|34/100
|-unboost|p2a: Salamence|spa|2
|move|p1a: SmokingOnYaCore|Trailblaze|p2a: Salamence
|-resisted|p2a: Salamence
|-damage|p2a: Salamence|62/100
|-boost|p1a: SmokingOnYaCore|spe|1
|
|-status|p1a: SmokingOnYaCore|brn|[from] item: Flame Orb
|upkeep
|turn|23
|
|t:|1780982365
|switch|p2a: Overqwil|Overqwil, F|17/100
|-ability|p2a: Overqwil|Intimidate|boost
|-unboost|p1a: SmokingOnYaCore|atk|1
|move|p1a: SmokingOnYaCore|Facade|p2a: Overqwil
|-damage|p2a: Overqwil|0 fnt
|faint|p2a: Overqwil
|
|-damage|p1a: SmokingOnYaCore|28/100 brn|[from] brn
|upkeep
|
|t:|1780982373
|switch|p2a: Salamence|Salamence, F|62/100
|-ability|p2a: Salamence|Intimidate|boost
|-unboost|p1a: SmokingOnYaCore|atk|1
|turn|24
|
|t:|1780982392
|move|p1a: SmokingOnYaCore|Facade|p2a: Salamence
|-damage|p2a: Salamence|15/100
|move|p2a: Salamence|Draco Meteor|p1a: SmokingOnYaCore
|-damage|p1a: SmokingOnYaCore|0 fnt
|-unboost|p2a: Salamence|spa|2
|faint|p1a: SmokingOnYaCore
|
|win|suprya
|raw|1200s chud's rating: 1712 &rarr; <strong>1694</strong><br />(-18 for losing)
|raw|suprya's rating: 1745 &rarr; <strong>1763</strong><br />(+18 for winning)
|l|☆1200s chud
|player|p1|
|l| euphoricpoptarts
|c|☆suprya|gg
|l|☆suprya
|player|p2|
