|j|☆xrootz
|j|☆tiftif
|t:|1781555807
|gametype|singles
|player|p1|xrootz|dancer|1606
|player|p2|tiftif|170|1590
|gen|9
|tier|[Gen 9] OU
|rated|
|rule|HP Percentage Mod: HP is shown in percentages
|rule|Endless Battle Clause: Forcing endless battles is banned
|rule|Species Clause: Limit one of each Pokémon
|rule|OHKO Clause: OHKO moves are banned
|rule|Evasion Items Clause: Evasion items are banned
|rule|Evasion Moves Clause: Evasion moves are banned
|rule|Evasion Abilities Clause: Evasion abilities are banned
|rule|Sleep Moves Clause: Sleep-inducing moves are banned
|clearpoke
|poke|p1|Ting-Lu|
|poke|p1|Alomomola, F|
|poke|p1|Dragapult, F|
|poke|p1|Great Tusk|
|poke|p1|Slowking-Galar, M|
|poke|p1|Meowscarada, M|
|poke|p2|Pelipper, F|
|poke|p2|Iron Treads|
|poke|p2|Barraskewda, F|
|poke|p2|Raging Bolt|
|poke|p2|Talonflame, M|
|poke|p2|Keldeo-Resolute|
|teampreview
|
|t:|1781555829
|teamsize|p1|6
|teamsize|p2|6
|start
|switch|p1a: Meowscarada|Meowscarada, M|100/100
|switch|p2a: Great Tusk Wish|Iron Treads|100/100
|-enditem|p2a: Great Tusk Wish|Booster Energy
|-activate|p2a: Great Tusk Wish|ability: Quark Drive|[fromitem]
|-start|p2a: Great Tusk Wish|quarkdrivespe
|turn|1
|
|t:|1781555848
|switch|p1a: Ting-Lu|Ting-Lu|100/100
|-ability|p1a: Ting-Lu|Vessel of Ruin
|move|p2a: Great Tusk Wish|Stealth Rock|p1a: Ting-Lu
|-sidestart|p1: xrootz|move: Stealth Rock
|
|upkeep
|turn|2
|
|t:|1781555858
|move|p2a: Great Tusk Wish|Earthquake|p1a: Ting-Lu
|-damage|p1a: Ting-Lu|79/100
|move|p1a: Ting-Lu|Stealth Rock|p2a: Great Tusk Wish
|-sidestart|p2: tiftif|move: Stealth Rock
|
|-heal|p1a: Ting-Lu|86/100|[from] item: Leftovers
|upkeep
|turn|3
|
|t:|1781555868
|move|p2a: Great Tusk Wish|Ice Spinner|p1a: Ting-Lu
|-supereffective|p1a: Ting-Lu
|-damage|p1a: Ting-Lu|64/100
|move|p1a: Ting-Lu|Earthquake|p2a: Great Tusk Wish
|-supereffective|p2a: Great Tusk Wish
|-damage|p2a: Great Tusk Wish|27/100
|
|-heal|p1a: Ting-Lu|70/100|[from] item: Leftovers
|upkeep
|turn|4
|
|t:|1781555879
|switch|p1a: Alomomola|Alomomola, F|100/100
|move|p2a: Great Tusk Wish|Rapid Spin|p1a: Alomomola
|-damage|p1a: Alomomola|92/100
|-boost|p2a: Great Tusk Wish|spe|1
|-sideend|p2: tiftif|Stealth Rock|[from] move: Rapid Spin|[of] p2a: Great Tusk Wish
|
|upkeep
|turn|5
|
|t:|1781555887
|move|p2a: Great Tusk Wish|Earthquake|p1a: Alomomola
|-crit|p1a: Alomomola
|-damage|p1a: Alomomola|56/100
|move|p1a: Alomomola|Flip Turn|p2a: Great Tusk Wish
|-supereffective|p2a: Great Tusk Wish
|-damage|p2a: Great Tusk Wish|0 fnt
|faint|p2a: Great Tusk Wish
|-end|p2a: Great Tusk Wish|Quark Drive|[silent]
|
|t:|1781555901
|switch|p1a: Slowking|Slowking-Galar, M|100/100|[from] Flip Turn
|
|upkeep
|
|t:|1781555907
|switch|p2a: Bec qui pend|Pelipper, F|100/100
|-weather|RainDance|[from] ability: Drizzle|[of] p2a: Bec qui pend
|turn|6
|inactive|Battle timer is ON: inactive players will automatically lose when time's up. (requested by tiftif)
|
|t:|1781555923
|move|p2a: Bec qui pend|U-turn|p1a: Slowking
|-damage|p1a: Slowking|91/100
|
|t:|1781555926
|switch|p2a: Haskwakoubeh|Barraskewda, F|100/100|[from] U-turn
|-prepare|p1a: Slowking|Chilly Reception|[premajor]
|move|p1a: Slowking|Chilly Reception|p1a: Slowking
|-weather|Snowscape
|
|t:|1781555937
|switch|p1a: Alomomola|Alomomola, F|89/100|[from] Chilly Reception
|
|-weather|Snowscape|[upkeep]
|upkeep
|turn|7
|
|t:|1781555947
|move|p2a: Haskwakoubeh|Flip Turn|p1a: Alomomola
|-resisted|p1a: Alomomola
|-damage|p1a: Alomomola|77/100
|
|t:|1781555951
|switch|p2a: Bec qui pend|Pelipper, F|100/100|[from] Flip Turn
|-weather|RainDance|[from] ability: Drizzle|[of] p2a: Bec qui pend
|move|p1a: Alomomola|Flip Turn|p2a: Bec qui pend
|-resisted|p2a: Bec qui pend
|-damage|p2a: Bec qui pend|91/100
|
|t:|1781555959
|switch|p1a: Slowking|Slowking-Galar, M|100/100|[from] Flip Turn
|
|-weather|RainDance|[upkeep]
|upkeep
|turn|8
|
|t:|1781555969
|move|p2a: Bec qui pend|U-turn|p1a: Slowking
|-damage|p1a: Slowking|91/100
|
|t:|1781555980
|switch|p2a: Sophie|Raging Bolt|100/100|[from] U-turn
|-enditem|p2a: Sophie|Booster Energy
|-activate|p2a: Sophie|ability: Protosynthesis|[fromitem]
|-start|p2a: Sophie|protosynthesisspa
|move|p1a: Slowking|Thunder Wave|p2a: Sophie
|-immune|p2a: Sophie
|
|-weather|RainDance|[upkeep]
|upkeep
|turn|9
|
|t:|1781555997
|move|p2a: Sophie|Thunder|p1a: Slowking
|-damage|p1a: Slowking|44/100
|-prepare|p1a: Slowking|Chilly Reception|[premajor]
|move|p1a: Slowking|Chilly Reception|p1a: Slowking
|-weather|Snowscape
|
|t:|1781556007
|switch|p1a: Great Tusk|Great Tusk|100/100|[from] Chilly Reception
|
|-weather|Snowscape|[upkeep]
|upkeep
|turn|10
|
|t:|1781556020
|move|p1a: Great Tusk|Rapid Spin|p2a: Sophie
|-damage|p2a: Sophie|84/100
|-boost|p1a: Great Tusk|spe|1
|-sideend|p1: xrootz|Stealth Rock|[from] move: Rapid Spin|[of] p1a: Great Tusk
|move|p2a: Sophie|Weather Ball|p1a: Great Tusk
|-supereffective|p1a: Great Tusk
|-damage|p1a: Great Tusk|0 fnt
|faint|p1a: Great Tusk
|-end|p1a: Great Tusk|Protosynthesis|[silent]
|
|-weather|Snowscape|[upkeep]
|upkeep
|
|t:|1781556032
|switch|p1a: Meowscarada|Meowscarada, M|100/100
|turn|11
|
|t:|1781556036
|move|p1a: Meowscarada|Triple Axel|p2a: Sophie
|-start|p1a: Meowscarada|typechange|Ice|[from] ability: Protean
|-supereffective|p2a: Sophie
|-crit|p2a: Sophie
|-damage|p2a: Sophie|57/100
|-supereffective|p2a: Sophie
|-damage|p2a: Sophie|23/100
|-supereffective|p2a: Sophie
|-damage|p2a: Sophie|0 fnt
|faint|p2a: Sophie
|-end|p2a: Sophie|Protosynthesis|[silent]
|-hitcount|p2: Sophie|3
|
|-weather|Snowscape|[upkeep]
|upkeep
|
|t:|1781556049
|switch|p2a: Bec qui pend|Pelipper, F|91/100
|-weather|RainDance|[from] ability: Drizzle|[of] p2a: Bec qui pend
|turn|12
|
|t:|1781556056
|switch|p1a: Slowking|Slowking-Galar, M|77/100
|move|p2a: Bec qui pend|U-turn|p1a: Slowking
|-crit|p1a: Slowking
|-damage|p1a: Slowking|63/100
|
|t:|1781556060
|switch|p2a: Haskwakoubeh|Barraskewda, F|100/100|[from] U-turn
|
|-weather|RainDance|[upkeep]
|upkeep
|turn|13
|
|t:|1781556066
|switch|p1a: Alomomola|Alomomola, F|100/100
|move|p2a: Haskwakoubeh|Flip Turn|p1a: Alomomola
|-resisted|p1a: Alomomola
|-damage|p1a: Alomomola|80/100
|
|t:|1781556068
|switch|p2a: Kaideos|Keldeo-Resolute|100/100|[from] Flip Turn
|
|-weather|RainDance|[upkeep]
|upkeep
|turn|14
|
|t:|1781556078
|move|p2a: Kaideos|Substitute|p2a: Kaideos
|-start|p2a: Kaideos|Substitute
|-damage|p2a: Kaideos|76/100
|move|p1a: Alomomola|Flip Turn|p2a: Kaideos
|-resisted|p2a: Kaideos
|-activate|p2a: Kaideos|move: Substitute|[damage]
|
|t:|1781556085
|switch|p1a: Slowking|Slowking-Galar, M|96/100|[from] Flip Turn
|
|-weather|RainDance|[upkeep]
|-heal|p2a: Kaideos|82/100|[from] item: Leftovers
|upkeep
|turn|15
|
|t:|1781556091
|move|p2a: Kaideos|Calm Mind|p2a: Kaideos
|-boost|p2a: Kaideos|spa|1
|-boost|p2a: Kaideos|spd|1
|move|p1a: Slowking|Psychic Noise|p2a: Kaideos
|-supereffective|p2a: Kaideos
|-damage|p2a: Kaideos|40/100
|-start|p2a: Kaideos|move: Heal Block
|
|-weather|RainDance|[upkeep]
|upkeep
|turn|16
|
|t:|1781556104
|-terastallize|p2a: Kaideos|Steel
|move|p2a: Kaideos|Calm Mind|p2a: Kaideos
|-boost|p2a: Kaideos|spa|1
|-boost|p2a: Kaideos|spd|1
|move|p1a: Slowking|Psychic Noise|p2a: Kaideos
|-resisted|p2a: Kaideos
|-damage|p2a: Kaideos|33/100
|
|-weather|RainDance|[upkeep]
|-end|p2a: Kaideos|move: Heal Block
|upkeep
|turn|17
|
|t:|1781556117
|move|p2a: Kaideos|Surf|p1a: Slowking
|-damage|p1a: Slowking|21/100
|-prepare|p1a: Slowking|Chilly Reception|[premajor]
|move|p1a: Slowking|Chilly Reception|p1a: Slowking
|-weather|Snowscape
|
|t:|1781556126
|switch|p1a: Dragapult|Dragapult, F|100/100|[from] Chilly Reception
|
|-weather|Snowscape|[upkeep]
|-heal|p2a: Kaideos|39/100|[from] item: Leftovers
|upkeep
|turn|18
|
|t:|1781556133
|move|p1a: Dragapult|Flamethrower|p2a: Kaideos
|-supereffective|p2a: Kaideos
|-damage|p2a: Kaideos|0 fnt
|faint|p2a: Kaideos
|
|-weather|Snowscape|[upkeep]
|upkeep
|
|t:|1781556138
|switch|p2a: Bec qui pend|Pelipper, F|91/100
|-weather|RainDance|[from] ability: Drizzle|[of] p2a: Bec qui pend
|turn|19
|
|t:|1781556146
|switch|p1a: Slowking|Slowking-Galar, M|54/100
|move|p2a: Bec qui pend|U-turn|p1a: Slowking
|-damage|p1a: Slowking|44/100
|
|t:|1781556150
|switch|p2a: Haskwakoubeh|Barraskewda, F|100/100|[from] U-turn
|
|-weather|RainDance|[upkeep]
|upkeep
|turn|20
|
|t:|1781556156
|switch|p1a: Alomomola|Alomomola, F|100/100
|move|p2a: Haskwakoubeh|Flip Turn|p1a: Alomomola
|-resisted|p1a: Alomomola
|-damage|p1a: Alomomola|81/100
|
|t:|1781556159
|switch|p2a: Le Talon Ducul|Talonflame, M|100/100|[from] Flip Turn
|
|-weather|RainDance|[upkeep]
|upkeep
|turn|21
|
|t:|1781556167
|move|p1a: Alomomola|Protect|p1a: Alomomola
|-singleturn|p1a: Alomomola|Protect
|move|p2a: Le Talon Ducul|Hurricane|p1a: Alomomola
|-activate|p1a: Alomomola|move: Protect
|
|-weather|RainDance|[upkeep]
|upkeep
|turn|22
|
|t:|1781556175
|switch|p1a: Slowking|Slowking-Galar, M|77/100
|move|p2a: Le Talon Ducul|Hurricane|p1a: Slowking
|-damage|p1a: Slowking|41/100
|
|-weather|RainDance|[upkeep]
|upkeep
|turn|23
|
|t:|1781556184
|move|p2a: Le Talon Ducul|Hurricane|p1a: Slowking
|-crit|p1a: Slowking
|-damage|p1a: Slowking|0 fnt
|faint|p1a: Slowking
|
|-weather|RainDance|[upkeep]
|upkeep
|
|t:|1781556199
|switch|p1a: Ting-Lu|Ting-Lu|70/100
|-ability|p1a: Ting-Lu|Vessel of Ruin
|turn|24
|
|t:|1781556227
|-terastallize|p1a: Ting-Lu|Ghost
|move|p2a: Le Talon Ducul|Hurricane|p1a: Ting-Lu
|-damage|p1a: Ting-Lu|32/100
|move|p1a: Ting-Lu|Ruination|p2a: Le Talon Ducul
|-damage|p2a: Le Talon Ducul|51/100
|
|-weather|RainDance|[upkeep]
|-heal|p1a: Ting-Lu|38/100|[from] item: Leftovers
|upkeep
|turn|25
|
|t:|1781556239
|move|p2a: Le Talon Ducul|Hurricane|p1a: Ting-Lu
|-damage|p1a: Ting-Lu|3/100
|-start|p1a: Ting-Lu|confusion
|-activate|p1a: Ting-Lu|confusion
|-damage|p1a: Ting-Lu|0 fnt|[from] confusion
|faint|p1a: Ting-Lu
|
|-weather|RainDance|[upkeep]
|upkeep
|
|t:|1781556251
|switch|p1a: Alomomola|Alomomola, F|100/100
|turn|26
|
|t:|1781556259
|move|p1a: Alomomola|Protect|p1a: Alomomola
|-singleturn|p1a: Alomomola|Protect
|move|p2a: Le Talon Ducul|Hurricane|p1a: Alomomola
|-activate|p1a: Alomomola|move: Protect
|
|-weather|none
|upkeep
|turn|27
|
|t:|1781556267
|switch|p2a: Bec qui pend|Pelipper, F|91/100
|-weather|RainDance|[from] ability: Drizzle|[of] p2a: Bec qui pend
|move|p1a: Alomomola|Flip Turn|p2a: Bec qui pend
|-resisted|p2a: Bec qui pend
|-damage|p2a: Bec qui pend|82/100
|
|t:|1781556274
|switch|p1a: Dragapult|Dragapult, F|100/100|[from] Flip Turn
|
|-weather|RainDance|[upkeep]
|upkeep
|turn|28
|inactive|tiftif has 120 seconds left.
|
|t:|1781556326
|move|p1a: Dragapult|Shadow Ball|p2a: Bec qui pend
|-damage|p2a: Bec qui pend|10/100
|move|p2a: Bec qui pend|U-turn|p1a: Dragapult
|-resisted|p1a: Dragapult
|-damage|p1a: Dragapult|95/100
|
|t:|1781556332
|switch|p2a: Haskwakoubeh|Barraskewda, F|100/100|[from] U-turn
|
|-weather|RainDance|[upkeep]
|upkeep
|turn|29
|
|t:|1781556340
|switch|p1a: Alomomola|Alomomola, F|100/100
|move|p2a: Haskwakoubeh|Flip Turn|p1a: Alomomola
|-resisted|p1a: Alomomola
|-damage|p1a: Alomomola|82/100
|
|t:|1781556342
|switch|p2a: Le Talon Ducul|Talonflame, M|51/100|[from] Flip Turn
|
|-weather|RainDance|[upkeep]
|upkeep
|turn|30
|
|t:|1781556352
|move|p1a: Alomomola|Protect|p1a: Alomomola
|-singleturn|p1a: Alomomola|Protect
|move|p2a: Le Talon Ducul|Hurricane|p1a: Alomomola
|-activate|p1a: Alomomola|move: Protect
|
|-weather|RainDance|[upkeep]
|upkeep
|turn|31
|inactive|tiftif has 120 seconds left.
|
|t:|1781556367
|move|p2a: Le Talon Ducul|Hurricane|p1a: Alomomola
|-damage|p1a: Alomomola|0 fnt
|faint|p1a: Alomomola
|
|-weather|RainDance|[upkeep]
|upkeep
|
|t:|1781556375
|switch|p1a: Meowscarada|Meowscarada, M|100/100
|turn|32
|
|t:|1781556384
|move|p1a: Meowscarada|Knock Off|p2a: Le Talon Ducul
|-start|p1a: Meowscarada|typechange|Dark|[from] ability: Protean
|-damage|p2a: Le Talon Ducul|0 fnt
|-enditem|p2a: Le Talon Ducul|Choice Specs|[from] move: Knock Off|[of] p1a: Meowscarada
|faint|p2a: Le Talon Ducul
|
|-weather|RainDance|[upkeep]
|upkeep
|
|t:|1781556389
|switch|p2a: Haskwakoubeh|Barraskewda, F|100/100
|turn|33
|
|t:|1781556396
|move|p2a: Haskwakoubeh|Flip Turn|p1a: Meowscarada
|-damage|p1a: Meowscarada|0 fnt
|faint|p1a: Meowscarada
|
|t:|1781556400
|switch|p2a: Bec qui pend|Pelipper, F|10/100|[from] Flip Turn
|
|-weather|RainDance|[upkeep]
|upkeep
|
|t:|1781556406
|switch|p1a: Dragapult|Dragapult, F|95/100
|turn|34
|
|t:|1781556412
|switch|p2a: Haskwakoubeh|Barraskewda, F|100/100
|move|p1a: Dragapult|Shadow Ball|p2a: Haskwakoubeh
|-damage|p2a: Haskwakoubeh|0 fnt
|faint|p2a: Haskwakoubeh
|
|-weather|none
|upkeep
|-message|tiftif forfeited.
|
|win|xrootz
|raw|xrootz's rating: 1606 &rarr; <strong>1625</strong><br />(+19 for winning)
|raw|tiftif's rating: 1590 &rarr; <strong>1571</strong><br />(-19 for losing)
|l|☆tiftif
|player|p2|
|l|☆xrootz
|player|p1|
