|j|‽zippitytippity
|j|☆azerbatts
|t:|1781085695
|gametype|singles
|player|p1|zippitytippity|cynthia-masters4|1563
|player|p2|azerbatts|170|1515
|gen|9
|tier|[Gen 9] OU
|rated|
|rule|HP Percentage Mod: HP is shown in percentages
|rule|Endless Battle Clause: Forcing endless battles is banned
|rule|Species Clause: Limit one of each Pokémon
|rule|OHKO Clause: OHKO moves are banned
|rule|Evasion Items Clause: Evasion items are banned
|rule|Evasion Moves Clause: Evasion moves are banned
|rule|Evasion Abilities Clause: Evasion abilities are banned
|rule|Sleep Moves Clause: Sleep-inducing moves are banned
|clearpoke
|poke|p1|Ursaluna, M|
|poke|p1|Cresselia, F|
|poke|p1|Iron Valiant|
|poke|p1|Hatterene, F|
|poke|p1|Keldeo-Resolute|
|poke|p1|Ogerpon, F|
|poke|p2|Latios, M|
|poke|p2|Weavile, M|
|poke|p2|Cinderace, M|
|poke|p2|Slowking-Galar, M|
|poke|p2|Zapdos|
|poke|p2|Great Tusk|
|teampreview
|
|t:|1781085750
|teamsize|p1|6
|teamsize|p2|6
|start
|switch|p1a: Keldeo|Keldeo-Resolute|100/100
|switch|p2a: Weavile|Weavile, M|100/100
|turn|1
|
|t:|1781085755
|switch|p2a: Latios|Latios, M|100/100
|move|p1a: Keldeo|Surf|p2a: Latios
|-resisted|p2a: Latios
|-damage|p2a: Latios|57/100
|
|upkeep
|turn|2
|inactive|Battle timer is ON: inactive players will automatically lose when time's up. (requested by zippitytippity)
|
|t:|1781085762
|switch|p1a: Hatterene|Hatterene, F, shiny|100/100
|move|p2a: Latios|Trick|p1a: Hatterene
|-activate|p2a: Latios|move: Trick|[of] p1a: Hatterene
|-item|p1a: Hatterene|Choice Scarf|[from] move: Trick
|-item|p2a: Latios|Focus Sash|[from] move: Trick
|
|upkeep
|turn|3
|
|t:|1781085767
|move|p2a: Latios|Flip Turn|p1a: Hatterene
|-damage|p1a: Hatterene|87/100
|
|t:|1781085770
|switch|p2a: Slowking|Slowking-Galar, M|100/100|[from] Flip Turn
|move|p1a: Hatterene|Trick Room|p1a: Hatterene
|-fieldstart|move: Trick Room|[of] p1a: Hatterene
|
|upkeep
|turn|4
|
|t:|1781085778
|switch|p1a: Ursaluna|Ursaluna, M, shiny|100/100
|move|p2a: Slowking|Future Sight|p1a: Ursaluna
|-start|p2a: Slowking|move: Future Sight
|
|-status|p1a: Ursaluna|brn|[from] item: Flame Orb
|upkeep
|turn|5
|
|t:|1781085790
|switch|p2a: Zapdos|Zapdos|100/100
|-terastallize|p1a: Ursaluna|Normal
|move|p1a: Ursaluna|Facade|p2a: Zapdos
|-damage|p2a: Zapdos|0 fnt
|faint|p2a: Zapdos
|
|-damage|p1a: Ursaluna|94/100 brn|[from] brn
|upkeep
|
|t:|1781085798
|switch|p2a: Weavile|Weavile, M|100/100
|turn|6
|
|t:|1781085804
|-terastallize|p2a: Weavile|Ghost
|move|p1a: Ursaluna|Facade|p2a: Weavile
|-immune|p2a: Weavile
|move|p2a: Weavile|Low Kick|p1a: Ursaluna
|-supereffective|p1a: Ursaluna
|-damage|p1a: Ursaluna|35/100 brn
|
|-end|p1a: Ursaluna|move: Future Sight
|-damage|p1a: Ursaluna|0 fnt
|faint|p1a: Ursaluna
|upkeep
|
|t:|1781085809
|switch|p1a: Keldeo|Keldeo-Resolute|100/100
|turn|7
|
|t:|1781085818
|switch|p2a: Latios|Latios, M|57/100
|move|p1a: Keldeo|Surf|p2a: Latios
|-resisted|p2a: Latios
|-damage|p2a: Latios|19/100
|
|-fieldend|move: Trick Room
|upkeep
|turn|8
|
|t:|1781085821
|switch|p1a: Hatterene|Hatterene, F, shiny|87/100
|move|p2a: Latios|Luster Purge|p1a: Hatterene
|-resisted|p1a: Hatterene
|-damage|p1a: Hatterene|60/100
|
|upkeep
|turn|9
|
|t:|1781085829
|switch|p2a: Slowking|Slowking-Galar, M|100/100
|move|p1a: Hatterene|Psychic Noise|p2a: Slowking
|-damage|p2a: Slowking|84/100
|-start|p2a: Slowking|move: Heal Block
|
|upkeep
|turn|10
|
|t:|1781085834
|switch|p1a: Keldeo|Keldeo-Resolute|100/100
|move|p2a: Slowking|Sludge Bomb|p1a: Keldeo
|-damage|p1a: Keldeo|61/100
|
|-end|p2a: Slowking|move: Heal Block
|upkeep
|turn|11
|
|t:|1781085844
|move|p1a: Keldeo|Surf|p2a: Slowking
|-crit|p2a: Slowking
|-damage|p2a: Slowking|39/100
|move|p2a: Slowking|Sludge Bomb|p1a: Keldeo
|-damage|p1a: Keldeo|26/100
|
|upkeep
|turn|12
|
|t:|1781085848
|move|p1a: Keldeo|Surf|p2a: Slowking
|-damage|p2a: Slowking|8/100
|move|p2a: Slowking|Sludge Bomb|p1a: Keldeo
|-damage|p1a: Keldeo|0 fnt
|faint|p1a: Keldeo
|
|upkeep
|
|t:|1781085851
|switch|p1a: Ogerpon|Ogerpon, F|100/100
|turn|13
|
|t:|1781085855
|switch|p2a: Cinderace|Cinderace, M|100/100
|move|p1a: Ogerpon|Ivy Cudgel|p2a: Cinderace
|-resisted|p2a: Cinderace
|-damage|p2a: Cinderace|45/100
|
|upkeep
|turn|14
|
|t:|1781085860
|switch|p1a: Cresselia|Cresselia, F, shiny|100/100
|move|p2a: Cinderace|Pyro Ball|p1a: Cresselia
|-damage|p1a: Cresselia|70/100
|
|upkeep
|turn|15
|
|t:|1781085863
|move|p2a: Cinderace|U-turn|p1a: Cresselia
|-supereffective|p1a: Cresselia
|-damage|p1a: Cresselia|42/100
|-damage|p2a: Cinderace|28/100|[from] item: Rocky Helmet|[of] p1a: Cresselia
|
|t:|1781085867
|switch|p2a: Slowking|Slowking-Galar, M|41/100|[from] U-turn
|move|p1a: Cresselia|Psychic|p2a: Slowking
|-damage|p2a: Slowking|32/100
|
|upkeep
|turn|16
|
|t:|1781085871
|switch|p2a: Weavile|Weavile, M, tera:Ghost|100/100
|move|p1a: Cresselia|Lunar Dance|p1a: Cresselia
|faint|p1a: Cresselia
|
|upkeep
|
|t:|1781085874
|switch|p1a: Iron Valiant|Iron Valiant|100/100
|-enditem|p1a: Iron Valiant|Booster Energy
|-activate|p1a: Iron Valiant|ability: Quark Drive|[fromitem]
|-start|p1a: Iron Valiant|quarkdrivespe
|turn|17
|
|t:|1781085879
|move|p1a: Iron Valiant|Moonblast|p2a: Weavile
|-damage|p2a: Weavile|35/100
|move|p2a: Weavile|Triple Axel|p1a: Iron Valiant
|-damage|p1a: Iron Valiant|89/100
|-damage|p1a: Iron Valiant|61/100
|-damage|p1a: Iron Valiant|23/100
|-hitcount|p1a: Iron Valiant|3
|
|upkeep
|turn|18
|
|t:|1781085884
|move|p1a: Iron Valiant|Moonblast|p2a: Weavile
|-damage|p2a: Weavile|0 fnt
|faint|p2a: Weavile
|
|upkeep
|
|t:|1781085889
|switch|p2a: Slowking|Slowking-Galar, M|65/100
|turn|19
|
|t:|1781085893
|switch|p2a: Latios|Latios, M|19/100
|move|p1a: Iron Valiant|Destiny Bond|p1a: Iron Valiant
|-singlemove|p1a: Iron Valiant|Destiny Bond
|
|upkeep
|turn|20
|
|t:|1781085896
|move|p1a: Iron Valiant|Moonblast|p2a: Latios
|-supereffective|p2a: Latios
|-damage|p2a: Latios|0 fnt
|faint|p2a: Latios
|
|upkeep
|
|t:|1781085897
|switch|p2a: Slowking|Slowking-Galar, M|98/100
|turn|21
|
|t:|1781085901
|move|p1a: Iron Valiant|Destiny Bond|p1a: Iron Valiant
|-singlemove|p1a: Iron Valiant|Destiny Bond
|move|p2a: Slowking|Sludge Bomb|p1a: Iron Valiant
|-supereffective|p1a: Iron Valiant
|-damage|p1a: Iron Valiant|0 fnt
|faint|p1a: Iron Valiant
|-activate|p1a: Iron Valiant|move: Destiny Bond
|-end|p1a: Iron Valiant|Quark Drive|[silent]
|faint|p2a: Slowking
|
|upkeep
|
|t:|1781085908
|switch|p1a: Hatterene|Hatterene, F, shiny|60/100
|switch|p2a: Great Tusk|Great Tusk|100/100
|-heal|p1a: Hatterene|100/100|[from] move: Lunar Dance
|turn|22
|
|t:|1781085912
|move|p2a: Great Tusk|Headlong Rush|p1a: Hatterene
|-damage|p1a: Hatterene|28/100
|-unboost|p2a: Great Tusk|def|1
|-unboost|p2a: Great Tusk|spd|1
|move|p1a: Hatterene|Psychic Noise|p2a: Great Tusk
|-supereffective|p2a: Great Tusk
|-damage|p2a: Great Tusk|0 fnt
|faint|p2a: Great Tusk
|-end|p2a: Great Tusk|Protosynthesis|[silent]
|
|upkeep
|
|t:|1781085914
|switch|p2a: Cinderace|Cinderace, M|28/100
|turn|23
|
|t:|1781085915
|move|p2a: Cinderace|Pyro Ball|p1a: Hatterene
|-damage|p1a: Hatterene|0 fnt
|faint|p1a: Hatterene
|
|upkeep
|
|t:|1781085917
|switch|p1a: Ogerpon|Ogerpon, F|100/100
|turn|24
|
|t:|1781085919
|move|p2a: Cinderace|Pyro Ball|p1a: Ogerpon
|-supereffective|p1a: Ogerpon
|-damage|p1a: Ogerpon|0 fnt
|faint|p1a: Ogerpon
|
|win|azerbatts
|raw|zippitytippity's rating: 1563 &rarr; <strong>1540</strong><br />(-23 for losing)
|raw|azerbatts's rating: 1515 &rarr; <strong>1538</strong><br />(+23 for winning)
|l|‽zippitytippity
|player|p1|
|c|☆azerbatts|gg
|l|☆azerbatts
|player|p2|
