|j|☆SushiGengu
|j|☆zylsnbb
|t:|1780989465
|gametype|singles
|player|p1|SushiGengu|170|1597
|player|p2|zylsnbb|102|1585
|gen|9
|tier|[Gen 9] OU
|rated|
|rule|HP Percentage Mod: HP is shown in percentages
|rule|Endless Battle Clause: Forcing endless battles is banned
|rule|Species Clause: Limit one of each Pokémon
|rule|OHKO Clause: OHKO moves are banned
|rule|Evasion Items Clause: Evasion items are banned
|rule|Evasion Moves Clause: Evasion moves are banned
|rule|Evasion Abilities Clause: Evasion abilities are banned
|rule|Sleep Moves Clause: Sleep-inducing moves are banned
|clearpoke
|poke|p1|Slowking-Galar, F|
|poke|p1|Dondozo, M|
|poke|p1|Great Tusk|
|poke|p1|Ogerpon-Wellspring, F|
|poke|p1|Zapdos|
|poke|p1|Kingambit, M|
|poke|p2|Great Tusk|
|poke|p2|Slowking-Galar, M|
|poke|p2|Corviknight, F|
|poke|p2|Clefable, F|
|poke|p2|Samurott-Hisui, M|
|poke|p2|Dragapult, F|
|teampreview
|j| Elegant_i
|l| Elegant_i
|inactive|Battle timer is ON: inactive players will automatically lose when time's up. (requested by zylsnbb)
|
|t:|1780989482
|teamsize|p1|6
|teamsize|p2|6
|start
|switch|p1a: Zapdos|Zapdos|100/100
|switch|p2a: Bull's-eye|Dragapult, F|100/100
|turn|1
|
|t:|1780989493
|switch|p1a: Kingambit|Kingambit, M, shiny|100/100
|move|p2a: Bull's-eye|Draco Meteor|p1a: Kingambit
|-resisted|p1a: Kingambit
|-damage|p1a: Kingambit|57/100
|-unboost|p2a: Bull's-eye|spa|2
|
|-heal|p1a: Kingambit|63/100|[from] item: Leftovers
|upkeep
|turn|2
|
|t:|1780989508
|switch|p2a: Loxodonta|Great Tusk|100/100
|move|p1a: Kingambit|Swords Dance|p1a: Kingambit
|-boost|p1a: Kingambit|atk|2
|
|-heal|p1a: Kingambit|69/100|[from] item: Leftovers
|upkeep
|turn|3
|
|t:|1780989516
|-end|p1a: Kingambit|fallenundefined|[silent]
|switch|p1a: Zapdos|Zapdos|100/100
|move|p2a: Loxodonta|Knock Off|p1a: Zapdos
|-damage|p1a: Zapdos|75/100
|-enditem|p1a: Zapdos|Heavy-Duty Boots|[from] move: Knock Off|[of] p2a: Loxodonta
|
|upkeep
|turn|4
|
|t:|1780989533
|-end|p2a: Loxodonta|Protosynthesis|[silent]
|switch|p2a: Alchemist|Slowking-Galar, M|100/100
|move|p1a: Zapdos|Volt Switch|p2a: Alchemist
|-damage|p2a: Alchemist|87/100
|
|t:|1780989540
|switch|p1a: Great Tusk|Great Tusk|100/100|[from] Volt Switch
|
|upkeep
|turn|5
|
|t:|1780989551
|switch|p2a: Voyageur|Corviknight, F|100/100
|-ability|p2a: Voyageur|Pressure
|move|p1a: Great Tusk|Stealth Rock|p2a: Voyageur
|-sidestart|p2: zylsnbb|move: Stealth Rock
|
|upkeep
|turn|6
|j| ILoveGardevoirRah
|
|t:|1780989565
|-end|p1a: Great Tusk|Protosynthesis|[silent]
|switch|p1a: Slowking|Slowking-Galar, F|100/100
|move|p2a: Voyageur|U-turn|p1a: Slowking
|-damage|p1a: Slowking|87/100
|
|t:|1780989571
|switch|p2a: Loxodonta|Great Tusk|100/100|[from] U-turn
|-damage|p2a: Loxodonta|98/100|[from] Stealth Rock
|
|-heal|p2a: Loxodonta|100/100|[from] item: Leftovers
|-heal|p1a: Slowking|93/100|[from] item: Black Sludge
|upkeep
|turn|7
|
|t:|1780989579
|switch|p1a: Zapdos|Zapdos|75/100
|move|p2a: Loxodonta|Headlong Rush|p1a: Zapdos
|-immune|p1a: Zapdos
|
|upkeep
|turn|8
|
|t:|1780989588
|-end|p2a: Loxodonta|Protosynthesis|[silent]
|switch|p2a: Alchemist|Slowking-Galar, M|100/100
|-damage|p2a: Alchemist|88/100|[from] Stealth Rock
|move|p1a: Zapdos|Thunder Wave|p2a: Alchemist
|-status|p2a: Alchemist|par
|
|upkeep
|turn|9
|j| testingrainteam1
|
|t:|1780989596
|move|p1a: Zapdos|Volt Switch|p2a: Alchemist
|-crit|p2a: Alchemist
|-damage|p2a: Alchemist|68/100 par
|
|t:|1780989601
|switch|p1a: Slowking|Slowking-Galar, F|100/100|[from] Volt Switch
|move|p2a: Alchemist|Flamethrower|p1a: Slowking
|-damage|p1a: Slowking|85/100
|
|-heal|p1a: Slowking|91/100|[from] item: Black Sludge
|upkeep
|turn|10
|l| testingrainteam1
|
|t:|1780989613
|move|p1a: Slowking|Future Sight|p2a: Alchemist
|-start|p1a: Slowking|move: Future Sight
|move|p2a: Alchemist|Flamethrower|p1a: Slowking
|-damage|p1a: Slowking|73/100
|
|-heal|p1a: Slowking|79/100|[from] item: Black Sludge
|upkeep
|turn|11
|
|t:|1780989618
|-prepare|p1a: Slowking|Chilly Reception|[premajor]
|move|p1a: Slowking|Chilly Reception|p1a: Slowking
|-weather|Snowscape
|
|t:|1780989625
|switch|p1a: Great Tusk|Great Tusk|100/100|[from] Chilly Reception
|move|p2a: Alchemist|Flamethrower|p1a: Great Tusk
|-damage|p1a: Great Tusk|55/100
|
|-weather|Snowscape|[upkeep]
|-heal|p1a: Great Tusk|62/100|[from] item: Leftovers
|upkeep
|turn|12
|
|t:|1780989639
|-end|p1a: Great Tusk|Protosynthesis|[silent]
|switch|p1a: Slowking|Slowking-Galar, F|100/100
|switch|p2a: Voyageur|Corviknight, F|100/100
|-damage|p2a: Voyageur|88/100|[from] Stealth Rock
|-ability|p2a: Voyageur|Pressure
|
|-weather|Snowscape|[upkeep]
|-end|p2a: Voyageur|move: Future Sight
|-resisted|p2a: Voyageur
|-damage|p2a: Voyageur|68/100
|upkeep
|turn|13
|
|t:|1780989648
|move|p2a: Voyageur|U-turn|p1a: Slowking
|-damage|p1a: Slowking|88/100
|
|t:|1780989655
|switch|p2a: Jack|Samurott-Hisui, M|100/100|[from] U-turn
|move|p1a: Slowking|Trick|p2a: Jack
|-activate|p1a: Slowking|move: Trick|[of] p2a: Jack
|-item|p2a: Jack|Black Sludge|[from] move: Trick
|-item|p1a: Slowking|Heavy-Duty Boots|[from] move: Trick
|
|-weather|Snowscape|[upkeep]
|-damage|p2a: Jack|88/100|[from] item: Black Sludge
|upkeep
|turn|14
|
|t:|1780989662
|switch|p1a: Zapdos|Zapdos|75/100
|move|p2a: Jack|Ceaseless Edge|p1a: Zapdos
|-damage|p1a: Zapdos|41/100
|-status|p2a: Jack|par|[from] ability: Static|[of] p1a: Zapdos
|-sidestart|p1: SushiGengu|Spikes
|
|-weather|Snowscape|[upkeep]
|-damage|p2a: Jack|76/100 par|[from] item: Black Sludge
|upkeep
|turn|15
|
|t:|1780989672
|switch|p2a: Loxodonta|Great Tusk|100/100
|-damage|p2a: Loxodonta|98/100|[from] Stealth Rock
|move|p1a: Zapdos|Roost|p1a: Zapdos
|-heal|p1a: Zapdos|92/100
|-singleturn|p1a: Zapdos|move: Roost
|
|-weather|none
|-heal|p2a: Loxodonta|100/100|[from] item: Leftovers
|upkeep
|turn|16
|
|t:|1780989683
|move|p2a: Loxodonta|Rapid Spin|p1a: Zapdos
|-damage|p1a: Zapdos|78/100
|-boost|p2a: Loxodonta|spe|1
|-sideend|p2: zylsnbb|Stealth Rock|[from] move: Rapid Spin|[of] p2a: Loxodonta
|move|p1a: Zapdos|Hurricane|p2a: Loxodonta
|-supereffective|p2a: Loxodonta
|-damage|p2a: Loxodonta|0 fnt
|faint|p2a: Loxodonta
|-end|p2a: Loxodonta|Protosynthesis|[silent]
|
|upkeep
|l|☆zylsnbb
|inactive|zylsnbb disconnected and has a minute to reconnect!
|player|p2|
|j|☆zylsnbb
|inactive|zylsnbb reconnected and has 105 seconds left.
|player|p2|zylsnbb|102|
|
|t:|1780989728
|switch|p2a: Bull's-eye|Dragapult, F|100/100
|turn|17
|
|t:|1780989738
|switch|p1a: Dondozo|Dondozo, M|100/100
|-damage|p1a: Dondozo|88/100|[from] Spikes
|move|p2a: Bull's-eye|Shadow Ball|p1a: Dondozo
|-damage|p1a: Dondozo|54/100
|-unboost|p1a: Dondozo|spd|1
|
|-heal|p1a: Dondozo|61/100|[from] item: Leftovers
|upkeep
|turn|18
|
|t:|1780989763
|switch|p1a: Kingambit|Kingambit, M, shiny|69/100
|-damage|p1a: Kingambit|57/100|[from] Spikes
|-terastallize|p2a: Bull's-eye|Ghost
|move|p2a: Bull's-eye|Shadow Ball|p1a: Kingambit
|-resisted|p1a: Kingambit
|-damage|p1a: Kingambit|20/100
|
|-heal|p1a: Kingambit|27/100|[from] item: Leftovers
|upkeep
|turn|19
|
|t:|1780989778
|move|p1a: Kingambit|Sucker Punch|p2a: Bull's-eye
|-supereffective|p2a: Bull's-eye
|-damage|p2a: Bull's-eye|0 fnt
|faint|p2a: Bull's-eye
|
|-heal|p1a: Kingambit|33/100|[from] item: Leftovers
|upkeep
|-message|zylsnbb forfeited.
|
|win|SushiGengu
|raw|SushiGengu's rating: 1597 &rarr; <strong>1616</strong><br />(+19 for winning)
|raw|zylsnbb's rating: 1585 &rarr; <strong>1566</strong><br />(-19 for losing)
|l|☆zylsnbb
|player|p2|
|l|☆SushiGengu
|player|p1|
|j| Kyurem
|l| Kyurem
