|j|☆LowEL0God
|j|☆sumofsquares
|t:|1781413595
|gametype|singles
|player|p1|LowEL0God|265|1550
|player|p2|sumofsquares|steven|1706
|gen|9
|tier|[Gen 9] OU
|rated|
|rule|HP Percentage Mod: HP is shown in percentages
|rule|Endless Battle Clause: Forcing endless battles is banned
|rule|Species Clause: Limit one of each Pokémon
|rule|OHKO Clause: OHKO moves are banned
|rule|Evasion Items Clause: Evasion items are banned
|rule|Evasion Moves Clause: Evasion moves are banned
|rule|Evasion Abilities Clause: Evasion abilities are banned
|rule|Sleep Moves Clause: Sleep-inducing moves are banned
|clearpoke
|poke|p1|Pelipper, M|
|poke|p1|Raging Bolt|
|poke|p1|Overqwil, F|
|poke|p1|Barraskewda, F|
|poke|p1|Iron Treads|
|poke|p1|Kingambit, M|
|poke|p2|Garchomp, M|
|poke|p2|Ninetales-Alola, M|
|poke|p2|Iron Crown|
|poke|p2|Great Tusk|
|poke|p2|Iron Valiant|
|poke|p2|Zapdos|
|teampreview
|c|☆LowEL0God|hf
|inactive|Battle timer is ON: inactive players will automatically lose when time's up. (requested by LowEL0God)
|
|t:|1781413607
|teamsize|p1|6
|teamsize|p2|6
|start
|switch|p1a: Kingambit|Kingambit, M|100/100
|switch|p2a: Zapdos|Zapdos|100/100
|turn|1
|
|t:|1781413610
|move|p2a: Zapdos|Thunderbolt|p1a: Kingambit
|-damage|p1a: Kingambit|66/100
|move|p1a: Kingambit|Swords Dance|p1a: Kingambit
|-boost|p1a: Kingambit|atk|2
|
|-heal|p1a: Kingambit|72/100|[from] item: Leftovers
|upkeep
|turn|2
|
|t:|1781413615
|move|p2a: Zapdos|Thunderbolt|p1a: Kingambit
|-damage|p1a: Kingambit|33/100
|move|p1a: Kingambit|Kowtow Cleave|p2a: Zapdos
|-damage|p2a: Zapdos|0 fnt
|faint|p2a: Zapdos
|
|-heal|p1a: Kingambit|40/100|[from] item: Leftovers
|upkeep
|
|t:|1781413621
|switch|p2a: Great Tusk|Great Tusk|100/100
|turn|3
|
|t:|1781413623
|-end|p1a: Kingambit|fallenundefined|[silent]
|switch|p1a: Pelipper|Pelipper, M|100/100
|-weather|RainDance|[from] ability: Drizzle|[of] p1a: Pelipper
|move|p2a: Great Tusk|Headlong Rush|p1a: Pelipper
|-immune|p1a: Pelipper
|
|-weather|RainDance|[upkeep]
|upkeep
|turn|4
|
|t:|1781413626
|-end|p2a: Great Tusk|Protosynthesis|[silent]
|switch|p2a: Ninetales|Ninetales-Alola, M|100/100
|-weather|Snowscape|[from] ability: Snow Warning|[of] p2a: Ninetales
|move|p1a: Pelipper|Hurricane|p2a: Ninetales
|-damage|p2a: Ninetales|60/100
|
|-weather|Snowscape|[upkeep]
|upkeep
|turn|5
|
|t:|1781413630
|switch|p1a: Kingambit|Kingambit, M|40/100
|move|p2a: Ninetales|Aurora Veil|p2a: Ninetales
|-sidestart|p2: sumofsquares|move: Aurora Veil
|
|-weather|Snowscape|[upkeep]
|-heal|p1a: Kingambit|46/100|[from] item: Leftovers
|upkeep
|turn|6
|
|t:|1781413633
|switch|p2a: Garchomp|Garchomp, M|100/100
|move|p1a: Kingambit|Iron Head|p2a: Garchomp
|-damage|p2a: Garchomp|79/100
|-damage|p1a: Kingambit|33/100|[from] ability: Rough Skin|[of] p2a: Garchomp
|
|-weather|Snowscape|[upkeep]
|-heal|p1a: Kingambit|40/100|[from] item: Leftovers
|upkeep
|turn|7
|
|t:|1781413641
|-end|p1a: Kingambit|fallenundefined|[silent]
|switch|p1a: Pelipper|Pelipper, M|100/100
|-weather|RainDance|[from] ability: Drizzle|[of] p1a: Pelipper
|move|p2a: Garchomp|Swords Dance|p2a: Garchomp
|-boost|p2a: Garchomp|atk|2
|
|-weather|RainDance|[upkeep]
|upkeep
|turn|8
|
|t:|1781413642
|move|p2a: Garchomp|Scale Shot|p1a: Pelipper|[miss]
|-miss|p2a: Garchomp|p1a: Pelipper
|move|p1a: Pelipper|Hurricane|p2a: Garchomp
|-damage|p2a: Garchomp|59/100
|
|-weather|RainDance|[upkeep]
|upkeep
|turn|9
|
|t:|1781413645
|move|p2a: Garchomp|Scale Shot|p1a: Pelipper
|-damage|p1a: Pelipper|79/100
|-damage|p1a: Pelipper|58/100
|-damage|p1a: Pelipper|39/100
|-damage|p1a: Pelipper|21/100
|-hitcount|p1a: Pelipper|4
|-unboost|p2a: Garchomp|def|1
|-boost|p2a: Garchomp|spe|1
|move|p1a: Pelipper|U-turn|p2a: Garchomp
|-damage|p2a: Garchomp|52/100
|-damage|p1a: Pelipper|9/100|[from] ability: Rough Skin|[of] p2a: Garchomp
|
|t:|1781413646
|switch|p1a: Barraskewda|Barraskewda, F|100/100|[from] U-turn
|
|-weather|RainDance|[upkeep]
|upkeep
|turn|10
|
|t:|1781413660
|switch|p2a: Ninetales|Ninetales-Alola, M|60/100
|-weather|Snowscape|[from] ability: Snow Warning|[of] p2a: Ninetales
|move|p1a: Barraskewda|Liquidation|p2a: Ninetales
|-damage|p2a: Ninetales|28/100
|-unboost|p2a: Ninetales|def|1
|
|-weather|Snowscape|[upkeep]
|upkeep
|turn|11
|
|t:|1781413663
|switch|p2a: Garchomp|Garchomp, M|52/100
|move|p1a: Barraskewda|Liquidation|p2a: Garchomp
|-damage|p2a: Garchomp|17/100
|-damage|p1a: Barraskewda|88/100|[from] ability: Rough Skin|[of] p2a: Garchomp
|
|-weather|Snowscape|[upkeep]
|upkeep
|turn|12
|
|t:|1781413668
|move|p1a: Barraskewda|Liquidation|p2a: Garchomp
|-damage|p2a: Garchomp|0 fnt
|-damage|p1a: Barraskewda|75/100|[from] ability: Rough Skin|[of] p2a: Garchomp
|faint|p2a: Garchomp
|
|-weather|Snowscape|[upkeep]
|-sideend|p2: sumofsquares|move: Aurora Veil
|upkeep
|
|t:|1781413675
|switch|p2a: Iron Valiant|Iron Valiant, shiny|100/100
|-enditem|p2a: Iron Valiant|Booster Energy
|-activate|p2a: Iron Valiant|ability: Quark Drive|[fromitem]
|-start|p2a: Iron Valiant|quarkdrivespe
|turn|13
|
|t:|1781413679
|switch|p1a: Pelipper|Pelipper, M|9/100
|-weather|RainDance|[from] ability: Drizzle|[of] p1a: Pelipper
|move|p2a: Iron Valiant|Knock Off|p1a: Pelipper
|-damage|p1a: Pelipper|0 fnt
|-enditem|p1a: Pelipper|Damp Rock|[from] move: Knock Off|[of] p2a: Iron Valiant
|faint|p1a: Pelipper
|
|-weather|RainDance|[upkeep]
|upkeep
|
|t:|1781413680
|switch|p1a: Barraskewda|Barraskewda, F|75/100
|turn|14
|
|t:|1781413687
|-end|p2a: Iron Valiant|Quark Drive|[silent]
|switch|p2a: Ninetales|Ninetales-Alola, M|28/100
|-weather|Snowscape|[from] ability: Snow Warning|[of] p2a: Ninetales
|move|p1a: Barraskewda|Liquidation|p2a: Ninetales
|-damage|p2a: Ninetales|0 fnt
|faint|p2a: Ninetales
|
|-weather|Snowscape|[upkeep]
|upkeep
|
|t:|1781413712
|switch|p2a: Great Tusk|Great Tusk|100/100
|turn|15
|
|t:|1781413715
|-terastallize|p2a: Great Tusk|Ghost
|move|p1a: Barraskewda|Liquidation|p2a: Great Tusk
|-damage|p2a: Great Tusk|48/100
|move|p2a: Great Tusk|Rapid Spin|p1a: Barraskewda
|-damage|p1a: Barraskewda|42/100
|-boost|p2a: Great Tusk|spe|1
|
|-weather|Snowscape|[upkeep]
|-heal|p2a: Great Tusk|55/100|[from] item: Leftovers
|upkeep
|turn|16
|
|t:|1781413725
|move|p2a: Great Tusk|Bulk Up|p2a: Great Tusk
|-boost|p2a: Great Tusk|atk|1
|-boost|p2a: Great Tusk|def|1
|move|p1a: Barraskewda|Liquidation|p2a: Great Tusk
|-damage|p2a: Great Tusk|23/100
|
|-weather|Snowscape|[upkeep]
|-heal|p2a: Great Tusk|29/100|[from] item: Leftovers
|upkeep
|turn|17
|
|t:|1781413730
|switch|p1a: Kingambit|Kingambit, M|40/100
|-activate|p1a: Kingambit|ability: Supreme Overlord
|-start|p1a: Kingambit|fallen1|[silent]
|move|p2a: Great Tusk|Rapid Spin|p1a: Kingambit
|-resisted|p1a: Kingambit
|-damage|p1a: Kingambit|31/100
|-boost|p2a: Great Tusk|spe|1
|
|-weather|Snowscape|[upkeep]
|-heal|p2a: Great Tusk|36/100|[from] item: Leftovers
|-heal|p1a: Kingambit|37/100|[from] item: Leftovers
|upkeep
|turn|18
|
|t:|1781413736
|move|p1a: Kingambit|Sucker Punch|p2a: Great Tusk
|-supereffective|p2a: Great Tusk
|-damage|p2a: Great Tusk|0 fnt
|faint|p2a: Great Tusk
|-end|p2a: Great Tusk|Protosynthesis|[silent]
|
|-weather|none
|-heal|p1a: Kingambit|43/100|[from] item: Leftovers
|upkeep
|
|t:|1781413739
|switch|p2a: Iron Valiant|Iron Valiant, shiny|100/100
|turn|19
|
|t:|1781413744
|-end|p1a: Kingambit|fallen1|[silent]
|switch|p1a: Iron Treads|Iron Treads|100/100
|-enditem|p1a: Iron Treads|Booster Energy
|-activate|p1a: Iron Treads|ability: Quark Drive|[fromitem]
|-start|p1a: Iron Treads|quarkdrivespe
|move|p2a: Iron Valiant|Close Combat|p1a: Iron Treads
|-supereffective|p1a: Iron Treads
|-damage|p1a: Iron Treads|0 fnt
|-unboost|p2a: Iron Valiant|def|1
|-unboost|p2a: Iron Valiant|spd|1
|faint|p1a: Iron Treads
|-end|p1a: Iron Treads|Quark Drive|[silent]
|
|upkeep
|
|t:|1781413745
|switch|p1a: Barraskewda|Barraskewda, F|42/100
|turn|20
|
|t:|1781413747
|move|p1a: Barraskewda|Liquidation|p2a: Iron Valiant
|-damage|p2a: Iron Valiant|0 fnt
|faint|p2a: Iron Valiant
|-end|p2a: Iron Valiant|Quark Drive|[silent]
|
|upkeep
|
|t:|1781413749
|switch|p2a: Iron Crown|Iron Crown|100/100
|turn|21
|
|t:|1781413751
|-terastallize|p1a: Barraskewda|Water
|move|p1a: Barraskewda|Liquidation|p2a: Iron Crown
|-damage|p2a: Iron Crown|15/100
|move|p2a: Iron Crown|Agility|p2a: Iron Crown
|-boost|p2a: Iron Crown|spe|2
|
|upkeep
|turn|22
|
|t:|1781413755
|move|p2a: Iron Crown|Stored Power|p1a: Barraskewda
|-damage|p1a: Barraskewda|0 fnt
|faint|p1a: Barraskewda
|
|upkeep
|
|t:|1781413756
|switch|p1a: Overqwil|Overqwil, F|100/100
|turn|23
|
|t:|1781413758
|move|p2a: Iron Crown|Tachyon Cutter|p1a: Overqwil
|-damage|p1a: Overqwil|68/100
|-damage|p1a: Overqwil|39/100
|-hitcount|p1a: Overqwil|2
|move|p1a: Overqwil|Liquidation|p2a: Iron Crown
|-damage|p2a: Iron Crown|0 fnt
|faint|p2a: Iron Crown
|-end|p2a: Iron Crown|Quark Drive|[silent]
|-damage|p1a: Overqwil|29/100|[from] item: Life Orb
|
|win|LowEL0God
|raw|LowEL0God's rating: 1550 &rarr; <strong>1578</strong><br />(+28 for winning)
|raw|sumofsquares's rating: 1706 &rarr; <strong>1678</strong><br />(-28 for losing)
|l|☆sumofsquares
|player|p2|
|c|☆LowEL0God|gg
|l|☆LowEL0God
|player|p1|
