|j|☆C4rdC4rd
|j|☆tauros3
|t:|1781364111
|gametype|singles
|player|p1|C4rdC4rd|plasmagrunt-gen5bw|1522
|player|p2|tauros3|swimmer-gen4dp|1567
|gen|9
|tier|[Gen 9] OU
|rated|
|rule|HP Percentage Mod: HP is shown in percentages
|rule|Endless Battle Clause: Forcing endless battles is banned
|rule|Species Clause: Limit one of each Pokémon
|rule|OHKO Clause: OHKO moves are banned
|rule|Evasion Items Clause: Evasion items are banned
|rule|Evasion Moves Clause: Evasion moves are banned
|rule|Evasion Abilities Clause: Evasion abilities are banned
|rule|Sleep Moves Clause: Sleep-inducing moves are banned
|clearpoke
|poke|p1|Iron Moth|
|poke|p1|Corviknight, F|
|poke|p1|Great Tusk|
|poke|p1|Hatterene, F|
|poke|p1|Dragapult, M|
|poke|p1|Meowscarada, M|
|poke|p2|Ninetales-Alola, M|
|poke|p2|Kyurem|
|poke|p2|Moltres-Galar|
|poke|p2|Ursaluna, M|
|poke|p2|Diancie|
|poke|p2|Hatterene, F|
|teampreview
|inactive|Battle timer is ON: inactive players will automatically lose when time's up. (requested by tauros3)
|
|t:|1781364125
|teamsize|p1|6
|teamsize|p2|6
|start
|switch|p1a: Lā|Iron Moth|100/100
|switch|p2a: Pink Triangle|Hatterene, F|100/100
|turn|1
|
|t:|1781364135
|move|p1a: Lā|Sludge Wave|p2a: Pink Triangle
|-supereffective|p2a: Pink Triangle
|-enditem|p2a: Pink Triangle|Focus Sash
|-damage|p2a: Pink Triangle|1/100
|move|p2a: Pink Triangle|Trick Room|p2a: Pink Triangle
|-fieldstart|move: Trick Room|[of] p2a: Pink Triangle
|
|upkeep
|turn|2
|
|t:|1781364141
|-end|p1a: Lā|Quark Drive|[silent]
|switch|p1a: Full Armor|Corviknight, F|100/100
|move|p2a: Pink Triangle|Psychic Noise|p1a: Full Armor
|-resisted|p1a: Full Armor
|-damage|p1a: Full Armor|84/100
|-start|p1a: Full Armor|move: Heal Block
|
|upkeep
|turn|3
|
|t:|1781364149
|move|p2a: Pink Triangle|Dazzling Gleam|p1a: Full Armor
|-resisted|p1a: Full Armor
|-damage|p1a: Full Armor|68/100
|move|p1a: Full Armor|U-turn|p2a: Pink Triangle
|-damage|p2a: Pink Triangle|0 fnt
|faint|p2a: Pink Triangle
|inactive|C4rdC4rd has 120 seconds left.
|
|t:|1781364192
|switch|p1a: Atlas|Great Tusk|100/100|[from] U-turn
|
|upkeep
|
|t:|1781364216
|switch|p2a: Butterfly|Moltres-Galar|100/100
|turn|4
|inactive|C4rdC4rd has 120 seconds left.
|
|t:|1781364236
|-end|p1a: Atlas|Protosynthesis|[silent]
|switch|p1a: Full Armor|Corviknight, F|68/100
|move|p2a: Butterfly|Nasty Plot|p2a: Butterfly
|-boost|p2a: Butterfly|spa|2
|
|-heal|p1a: Full Armor|74/100|[from] item: Leftovers
|upkeep
|turn|5
|
|t:|1781364253
|move|p1a: Full Armor|Brave Bird|p2a: Butterfly
|-damage|p2a: Butterfly|57/100
|-damage|p1a: Full Armor|63/100|[from] Recoil
|move|p2a: Butterfly|Agility|p2a: Butterfly
|-boost|p2a: Butterfly|spe|2
|
|-heal|p1a: Full Armor|69/100|[from] item: Leftovers
|-fieldend|move: Trick Room
|upkeep
|turn|6
|
|t:|1781364264
|move|p2a: Butterfly|Fiery Wrath|p1a: Full Armor
|-damage|p1a: Full Armor|14/100
|move|p1a: Full Armor|Brave Bird|p2a: Butterfly
|-damage|p2a: Butterfly|14/100
|-damage|p1a: Full Armor|3/100|[from] Recoil
|-ability|p2a: Butterfly|Berserk|boost
|-boost|p2a: Butterfly|spa|1
|-enditem|p2a: Butterfly|Sitrus Berry|[eat]
|-heal|p2a: Butterfly|39/100|[from] item: Sitrus Berry
|
|-heal|p1a: Full Armor|9/100|[from] item: Leftovers
|upkeep
|turn|7
|
|t:|1781364278
|move|p2a: Butterfly|Fiery Wrath|p1a: Full Armor
|-damage|p1a: Full Armor|0 fnt
|faint|p1a: Full Armor
|
|upkeep
|inactive|C4rdC4rd has 90 seconds left.
|
|t:|1781364330
|switch|p1a: Endless Waltz|Meowscarada, M|100/100
|turn|8
|
|t:|1781364342
|move|p1a: Endless Waltz|Play Rough|p2a: Butterfly
|-start|p1a: Endless Waltz|typechange|Fairy|[from] ability: Protean
|-supereffective|p2a: Butterfly
|-damage|p2a: Butterfly|0 fnt
|faint|p2a: Butterfly
|
|upkeep
|
|t:|1781364351
|switch|p2a: No Other One|Diancie|100/100
|turn|9
|
|t:|1781364361
|move|p1a: Endless Waltz|Play Rough|p2a: No Other One
|-damage|p2a: No Other One|70/100
|move|p2a: No Other One|Trick Room|p2a: No Other One
|-fieldstart|move: Trick Room|[of] p2a: No Other One
|
|upkeep
|turn|10
|
|t:|1781364372
|move|p2a: No Other One|Meteor Beam||[still]
|-prepare|p2a: No Other One|Meteor Beam
|-boost|p2a: No Other One|spa|1
|-enditem|p2a: No Other One|Power Herb
|-anim|p2a: No Other One|Meteor Beam|p1a: Endless Waltz
|-damage|p1a: Endless Waltz|0 fnt
|faint|p1a: Endless Waltz
|
|upkeep
|
|t:|1781364391
|switch|p1a: Calibarn|Hatterene, F|100/100
|turn|11
|
|t:|1781364404
|-terastallize|p2a: No Other One|Ground
|move|p2a: No Other One|Meteor Beam||[still]
|-prepare|p2a: No Other One|Meteor Beam
|-boost|p2a: No Other One|spa|1
|move|p1a: Calibarn|Psychic|p2a: No Other One
|-damage|p2a: No Other One|37/100
|
|upkeep
|turn|12
|inactive|C4rdC4rd has 60 seconds left.
|
|t:|1781364420
|move|p2a: No Other One|Meteor Beam|p1a: Calibarn|[from] lockedmove
|-damage|p1a: Calibarn|0 fnt
|faint|p1a: Calibarn
|
|upkeep
|inactive|C4rdC4rd has 60 seconds left.
|
|t:|1781364431
|switch|p1a: Thunderbolt|Dragapult, M|100/100
|turn|13
|
|t:|1781364440
|move|p1a: Thunderbolt|Sucker Punch|p2a: No Other One
|-damage|p2a: No Other One|8/100
|move|p2a: No Other One|Moonblast|p1a: Thunderbolt
|-supereffective|p1a: Thunderbolt
|-damage|p1a: Thunderbolt|0 fnt
|faint|p1a: Thunderbolt
|
|-fieldend|move: Trick Room
|upkeep
|inactive|C4rdC4rd has 60 seconds left.
|
|t:|1781364451
|switch|p1a: Atlas|Great Tusk|100/100
|turn|14
|
|t:|1781364455
|move|p1a: Atlas|Rapid Spin|p2a: No Other One
|-damage|p2a: No Other One|0 fnt
|-boost|p1a: Atlas|spe|1
|faint|p2a: No Other One
|
|upkeep
|
|t:|1781364458
|switch|p2a: The Good Life|Ninetales-Alola, M|100/100
|-weather|Snowscape|[from] ability: Snow Warning|[of] p2a: The Good Life
|turn|15
|
|t:|1781364470
|-terastallize|p1a: Atlas|Water
|move|p1a: Atlas|Bulk Up|p1a: Atlas
|-boost|p1a: Atlas|atk|1
|-boost|p1a: Atlas|def|1
|move|p2a: The Good Life|Aurora Veil|p2a: The Good Life
|-sidestart|p2: tauros3|move: Aurora Veil
|
|-weather|Snowscape|[upkeep]
|upkeep
|turn|16
|
|t:|1781364485
|move|p1a: Atlas|Body Press|p2a: The Good Life
|-damage|p2a: The Good Life|71/100
|move|p2a: The Good Life|Encore|p1a: Atlas
|-start|p1a: Atlas|Encore
|
|-weather|Snowscape|[upkeep]
|upkeep
|turn|17
|
|t:|1781364489
|move|p1a: Atlas|Body Press|p2a: The Good Life
|-damage|p2a: The Good Life|44/100
|move|p2a: The Good Life|Freeze-Dry|p1a: Atlas
|-supereffective|p1a: Atlas
|-damage|p1a: Atlas|46/100
|
|-weather|Snowscape|[upkeep]
|-heal|p1a: Atlas|52/100|[from] item: Leftovers
|upkeep
|turn|18
|
|t:|1781364492
|move|p1a: Atlas|Body Press|p2a: The Good Life
|-damage|p2a: The Good Life|17/100
|move|p2a: The Good Life|Freeze-Dry|p1a: Atlas
|-supereffective|p1a: Atlas
|-damage|p1a: Atlas|0 fnt
|faint|p1a: Atlas
|-end|p1a: Atlas|Protosynthesis|[silent]
|
|-weather|Snowscape|[upkeep]
|upkeep
|
|t:|1781364495
|switch|p1a: Lā|Iron Moth|100/100
|turn|19
|
|t:|1781364499
|switch|p2a: El Scorcho|Ursaluna, M|100/100
|move|p1a: Lā|Sludge Wave|p2a: El Scorcho
|-resisted|p2a: El Scorcho
|-damage|p2a: El Scorcho|84/100
|
|-weather|none
|-status|p2a: El Scorcho|brn|[from] item: Flame Orb
|upkeep
|turn|20
|
|t:|1781364502
|move|p1a: Lā|Sludge Wave|p2a: El Scorcho
|-resisted|p2a: El Scorcho
|-damage|p2a: El Scorcho|67/100 brn
|move|p2a: El Scorcho|Facade|p1a: Lā
|-damage|p1a: Lā|0 fnt
|faint|p1a: Lā
|-end|p1a: Lā|Quark Drive|[silent]
|
|win|tauros3
|raw|C4rdC4rd's rating: 1522 &rarr; <strong>1505</strong><br />(-17 for losing)
|raw|tauros3's rating: 1567 &rarr; <strong>1584</strong><br />(+17 for winning)
|l|☆tauros3
|player|p2|
|l|☆C4rdC4rd
|player|p1|
