|j|☆ScribbleScribble
|j|☆mathismathin
|t:|1781460398
|gametype|singles
|player|p1|ScribbleScribble|mina-lgpe|1522
|player|p2|mathismathin|lucas|1592
|gen|9
|tier|[Gen 9] OU
|rated|
|rule|HP Percentage Mod: HP is shown in percentages
|rule|Endless Battle Clause: Forcing endless battles is banned
|rule|Species Clause: Limit one of each Pokémon
|rule|OHKO Clause: OHKO moves are banned
|rule|Evasion Items Clause: Evasion items are banned
|rule|Evasion Moves Clause: Evasion moves are banned
|rule|Evasion Abilities Clause: Evasion abilities are banned
|rule|Sleep Moves Clause: Sleep-inducing moves are banned
|clearpoke
|poke|p1|Slowking-Galar, M|
|poke|p1|Kyurem|
|poke|p1|Corviknight, F|
|poke|p1|Hoopa-Unbound|
|poke|p1|Ting-Lu|
|poke|p1|Zamazenta-*|
|poke|p2|Garchomp, F|
|poke|p2|Regieleki|
|poke|p2|Dragonite, M|
|poke|p2|Blaziken, M|
|poke|p2|Corviknight, M|
|poke|p2|Necrozma|
|teampreview
|inactive|Battle timer is ON: inactive players will automatically lose when time's up. (requested by ScribbleScribble)
|inactive|ScribbleScribble has 120 seconds left.
|inactive|ScribbleScribble has 90 seconds left.
|
|t:|1781460469
|teamsize|p1|6
|teamsize|p2|6
|start
|switch|p1a: Ting-Lu|Ting-Lu|100/100
|switch|p2a: Garchomp|Garchomp, F|100/100
|-ability|p1a: Ting-Lu|Vessel of Ruin
|turn|1
|
|t:|1781460474
|move|p2a: Garchomp|Swords Dance|p2a: Garchomp
|-boost|p2a: Garchomp|atk|2
|move|p1a: Ting-Lu|Stealth Rock|p2a: Garchomp
|-sidestart|p2: mathismathin|move: Stealth Rock
|
|upkeep
|turn|2
|
|t:|1781460500
|move|p2a: Garchomp|Liquidation|p1a: Ting-Lu
|-supereffective|p1a: Ting-Lu
|-damage|p1a: Ting-Lu|18/100
|-damage|p2a: Garchomp|91/100|[from] item: Life Orb
|move|p1a: Ting-Lu|Whirlwind|p2a: Garchomp
|drag|p2a: Regieleki|Regieleki|100/100
|-damage|p2a: Regieleki|88/100|[from] Stealth Rock
|
|-heal|p1a: Ting-Lu|24/100|[from] item: Leftovers
|upkeep
|turn|3
|
|t:|1781460508
|switch|p2a: Corviknight|Corviknight, M|100/100
|-damage|p2a: Corviknight|88/100|[from] Stealth Rock
|-ability|p2a: Corviknight|Pressure
|move|p1a: Ting-Lu|Whirlwind|p2a: Corviknight
|drag|p2a: Regieleki|Regieleki|88/100
|-damage|p2a: Regieleki|76/100|[from] Stealth Rock
|
|-heal|p1a: Ting-Lu|30/100|[from] item: Leftovers
|upkeep
|turn|4
|
|t:|1781460511
|switch|p2a: Corviknight|Corviknight, M|88/100
|-damage|p2a: Corviknight|75/100|[from] Stealth Rock
|-ability|p2a: Corviknight|Pressure
|move|p1a: Ting-Lu|Whirlwind|p2a: Corviknight
|drag|p2a: Blaziken|Blaziken, M|100/100
|-damage|p2a: Blaziken|88/100|[from] Stealth Rock
|
|-heal|p1a: Ting-Lu|36/100|[from] item: Leftovers
|upkeep
|turn|5
|
|t:|1781460516
|switch|p1a: Corviknight|Corviknight, F, shiny|100/100
|-ability|p1a: Corviknight|Pressure
|move|p2a: Blaziken|Close Combat|p1a: Corviknight
|-damage|p1a: Corviknight|50/100
|-unboost|p2a: Blaziken|def|1
|-unboost|p2a: Blaziken|spd|1
|-damage|p2a: Blaziken|72/100|[from] item: Rocky Helmet|[of] p1a: Corviknight
|-damage|p2a: Blaziken|62/100|[from] item: Life Orb
|
|-ability|p2a: Blaziken|Speed Boost|boost
|-boost|p2a: Blaziken|spe|1
|upkeep
|turn|6
|
|t:|1781460522
|switch|p1a: Slowking|Slowking-Galar, M|100/100
|move|p2a: Blaziken|Close Combat|p1a: Slowking
|-resisted|p1a: Slowking
|-damage|p1a: Slowking|81/100
|-unboost|p2a: Blaziken|def|1
|-unboost|p2a: Blaziken|spd|1
|-damage|p2a: Blaziken|52/100|[from] item: Life Orb
|
|-ability|p2a: Blaziken|Speed Boost|boost
|-boost|p2a: Blaziken|spe|1
|upkeep
|turn|7
|
|t:|1781460526
|move|p2a: Blaziken|Stone Edge|p1a: Slowking
|-damage|p1a: Slowking|31/100
|-damage|p2a: Blaziken|42/100|[from] item: Life Orb
|move|p1a: Slowking|Sludge Bomb|p2a: Blaziken
|-damage|p2a: Blaziken|0 fnt
|faint|p2a: Blaziken
|
|upkeep
|
|t:|1781460529
|switch|p2a: Garchomp|Garchomp, F|91/100
|-damage|p2a: Garchomp|85/100|[from] Stealth Rock
|turn|8
|
|t:|1781460532
|switch|p1a: Corviknight|Corviknight, F, shiny|50/100
|-ability|p1a: Corviknight|Pressure
|move|p2a: Garchomp|Scale Shot|p1a: Corviknight
|-resisted|p1a: Corviknight
|-damage|p1a: Corviknight|43/100
|-resisted|p1a: Corviknight
|-crit|p1a: Corviknight
|-damage|p1a: Corviknight|35/100
|-resisted|p1a: Corviknight
|-damage|p1a: Corviknight|29/100
|-hitcount|p1a: Corviknight|3
|-unboost|p2a: Garchomp|def|1
|-boost|p2a: Garchomp|spe|1
|-damage|p2a: Garchomp|75/100|[from] item: Life Orb
|
|upkeep
|turn|9
|
|t:|1781460534
|move|p2a: Garchomp|Swords Dance|p2a: Garchomp
|-boost|p2a: Garchomp|atk|2
|move|p1a: Corviknight|Roost|p1a: Corviknight
|-heal|p1a: Corviknight|79/100
|-singleturn|p1a: Corviknight|move: Roost
|
|upkeep
|turn|10
|
|t:|1781460537
|move|p2a: Garchomp|Swords Dance|p2a: Garchomp
|-boost|p2a: Garchomp|atk|2
|move|p1a: Corviknight|Brave Bird|p2a: Garchomp
|-damage|p2a: Garchomp|24/100
|-damage|p1a: Corviknight|67/100|[from] ability: Rough Skin|[of] p2a: Garchomp
|-damage|p1a: Corviknight|52/100|[from] Recoil
|
|upkeep
|turn|11
|
|t:|1781460540
|move|p2a: Garchomp|Scale Shot|p1a: Corviknight
|-resisted|p1a: Corviknight
|-damage|p1a: Corviknight|34/100
|-resisted|p1a: Corviknight
|-damage|p1a: Corviknight|16/100
|-resisted|p1a: Corviknight
|-damage|p1a: Corviknight|0 fnt
|faint|p1a: Corviknight
|-hitcount|p1: Corviknight|3
|-unboost|p2a: Garchomp|def|1
|-boost|p2a: Garchomp|spe|1
|-damage|p2a: Garchomp|14/100|[from] item: Life Orb
|
|upkeep
|j| Kingdom Due
|
|t:|1781460545
|switch|p1a: Zamazenta|Zamazenta|100/100
|-ability|p1a: Zamazenta|Dauntless Shield|boost
|-boost|p1a: Zamazenta|def|1
|turn|12
|
|t:|1781460548
|move|p2a: Garchomp|Earthquake|p1a: Zamazenta
|-crit|p1a: Zamazenta
|-damage|p1a: Zamazenta|0 fnt
|faint|p1a: Zamazenta
|-damage|p2a: Garchomp|4/100|[from] item: Life Orb
|
|upkeep
|l| Kingdom Due
|
|t:|1781460557
|switch|p1a: Slowking|Slowking-Galar, M|64/100
|turn|13
|
|t:|1781460560
|move|p2a: Garchomp|Earthquake|p1a: Slowking
|-supereffective|p1a: Slowking
|-damage|p1a: Slowking|0 fnt
|faint|p1a: Slowking
|-damage|p2a: Garchomp|0 fnt|[from] item: Life Orb
|faint|p2a: Garchomp
|
|upkeep
|
|t:|1781460564
|switch|p2a: Corviknight|Corviknight, M|75/100
|switch|p1a: Kyurem|Kyurem|100/100
|-ability|p1a: Kyurem|Pressure
|-damage|p2a: Corviknight|63/100|[from] Stealth Rock
|-ability|p2a: Corviknight|Pressure
|turn|14
|
|t:|1781460568
|move|p1a: Kyurem|Blizzard|p2a: Corviknight|[miss]
|-miss|p1a: Kyurem|p2a: Corviknight
|move|p2a: Corviknight|Defog|p1a: Kyurem
|-unboost|p1a: Kyurem|evasion|1
|-sideend|p2: mathismathin|Stealth Rock|[from] move: Defog|[of] p2a: Corviknight
|
|-heal|p2a: Corviknight|69/100|[from] item: Leftovers
|upkeep
|turn|15
|
|t:|1781460572
|move|p1a: Kyurem|Blizzard|p2a: Corviknight
|-damage|p2a: Corviknight|6/100
|move|p2a: Corviknight|Roost|p2a: Corviknight
|-heal|p2a: Corviknight|56/100
|-singleturn|p2a: Corviknight|move: Roost
|
|-heal|p2a: Corviknight|62/100|[from] item: Leftovers
|upkeep
|turn|16
|
|t:|1781460574
|move|p1a: Kyurem|Blizzard|p2a: Corviknight
|-damage|p2a: Corviknight|0 fnt
|faint|p2a: Corviknight
|
|upkeep
|
|t:|1781460578
|switch|p2a: Necrozma|Necrozma|100/100
|turn|17
|
|t:|1781460582
|switch|p1a: Hoopa|Hoopa-Unbound|100/100
|move|p2a: Necrozma|Stealth Rock|p1a: Hoopa
|-sidestart|p1: ScribbleScribble|move: Stealth Rock
|
|upkeep
|turn|18
|
|t:|1781460585
|move|p1a: Hoopa|Hyperspace Fury|p2a: Necrozma
|-supereffective|p2a: Necrozma
|-damage|p2a: Necrozma|0 fnt
|-unboost|p1a: Hoopa|def|1
|faint|p2a: Necrozma
|
|upkeep
|
|t:|1781460586
|switch|p2a: Dragonite|Dragonite, M|100/100
|turn|19
|
|t:|1781460594
|switch|p1a: Ting-Lu|Ting-Lu|36/100
|-damage|p1a: Ting-Lu|30/100|[from] Stealth Rock
|-ability|p1a: Ting-Lu|Vessel of Ruin
|move|p2a: Dragonite|Dragon Dance|p2a: Dragonite
|-boost|p2a: Dragonite|atk|1
|-boost|p2a: Dragonite|spe|1
|
|-heal|p1a: Ting-Lu|36/100|[from] item: Leftovers
|upkeep
|turn|20
|
|t:|1781460602
|move|p2a: Dragonite|Outrage|p1a: Ting-Lu
|-damage|p1a: Ting-Lu|0 fnt
|faint|p1a: Ting-Lu
|
|upkeep
|
|t:|1781460605
|switch|p1a: Kyurem|Kyurem|100/100
|-damage|p1a: Kyurem|76/100|[from] Stealth Rock
|-ability|p1a: Kyurem|Pressure
|turn|21
|
|t:|1781460610
|-terastallize|p1a: Kyurem|Ground
|move|p2a: Dragonite|Outrage|p1a: Kyurem|[from] lockedmove
|-damage|p1a: Kyurem|0 fnt
|faint|p1a: Kyurem
|
|upkeep
|-message|ScribbleScribble forfeited.
|
|win|mathismathin
|raw|ScribbleScribble's rating: 1522 &rarr; <strong>1506</strong><br />(-16 for losing)
|raw|mathismathin's rating: 1592 &rarr; <strong>1608</strong><br />(+16 for winning)
|l|☆ScribbleScribble
|player|p1|
