|j|☆Stallazzle
|j|☆top100inLL
|t:|1781073998
|gametype|singles
|player|p1|Stallazzle|169|1500
|player|p2|top100inLL|iris-gen5bw2|1545
|gen|9
|tier|[Gen 9] OU
|rated|
|rule|HP Percentage Mod: HP is shown in percentages
|rule|Endless Battle Clause: Forcing endless battles is banned
|rule|Species Clause: Limit one of each Pokémon
|rule|OHKO Clause: OHKO moves are banned
|rule|Evasion Items Clause: Evasion items are banned
|rule|Evasion Moves Clause: Evasion moves are banned
|rule|Evasion Abilities Clause: Evasion abilities are banned
|rule|Sleep Moves Clause: Sleep-inducing moves are banned
|clearpoke
|poke|p1|Salazzle, F|
|poke|p1|Gliscor, F|
|poke|p1|Alomomola, F|
|poke|p1|Corviknight, F|
|poke|p1|Dondozo, F|
|poke|p1|Blissey, F|
|poke|p2|Dragonite, M|
|poke|p2|Great Tusk|
|poke|p2|Deoxys-Speed|
|poke|p2|Gholdengo|
|poke|p2|Zamazenta-*|
|poke|p2|Iron Valiant|
|teampreview
|inactive|Battle timer is ON: inactive players will automatically lose when time's up. (requested by Stallazzle)
|
|t:|1781074018
|teamsize|p1|6
|teamsize|p2|6
|start
|switch|p1a: Gliscor|Gliscor, F|100/100
|switch|p2a: Deoxys|Deoxys-Speed|100/100
|-ability|p2a: Deoxys|Pressure
|turn|1
|
|t:|1781074026
|move|p2a: Deoxys|Skill Swap|p1a: Gliscor
|-activate|p2a: Deoxys|Skill Swap|Poison Heal|Pressure|[of] p1a: Gliscor
|-ability|p1a: Gliscor|Pressure
|move|p1a: Gliscor|Knock Off|p2a: Deoxys
|-supereffective|p2a: Deoxys
|-damage|p2a: Deoxys|48/100
|-enditem|p2a: Deoxys|Focus Sash|[from] move: Knock Off|[of] p1a: Gliscor
|
|-status|p1a: Gliscor|tox|[from] item: Toxic Orb
|upkeep
|turn|2
|
|t:|1781074038
|switch|p1a: Alomomola|Alomomola, F|100/100
|move|p2a: Deoxys|Stealth Rock|p1a: Alomomola
|-sidestart|p1: Stallazzle|move: Stealth Rock
|
|upkeep
|turn|3
|
|t:|1781074045
|switch|p1a: Gliscor|Gliscor, F|100/100 tox
|-damage|p1a: Gliscor|88/100 tox|[from] Stealth Rock
|move|p2a: Deoxys|Spikes|p1a: Gliscor
|-sidestart|p1: Stallazzle|Spikes
|
|-heal|p1a: Gliscor|100/100 tox|[from] ability: Poison Heal
|upkeep
|turn|4
|
|t:|1781074054
|move|p2a: Deoxys|Spikes|p1a: Gliscor
|-sidestart|p1: Stallazzle|Spikes
|move|p1a: Gliscor|Spikes|p2a: Deoxys
|-sidestart|p2: top100inLL|Spikes
|
|upkeep
|turn|5
|
|t:|1781074058
|move|p2a: Deoxys|Spikes|p1a: Gliscor
|-sidestart|p1: Stallazzle|Spikes
|move|p1a: Gliscor|Spikes|p2a: Deoxys
|-sidestart|p2: top100inLL|Spikes
|
|upkeep
|turn|6
|
|t:|1781074065
|switch|p2a: Great Tusk|Great Tusk|100/100
|-damage|p2a: Great Tusk|84/100|[from] Spikes
|-enditem|p2a: Great Tusk|Booster Energy
|-activate|p2a: Great Tusk|ability: Protosynthesis|[fromitem]
|-start|p2a: Great Tusk|protosynthesisspe
|move|p1a: Gliscor|Spikes|p2a: Great Tusk
|-sidestart|p2: top100inLL|Spikes
|
|upkeep
|turn|7
|
|t:|1781074074
|-terastallize|p1a: Gliscor|Ghost
|move|p2a: Great Tusk|Ice Spinner|p1a: Gliscor
|-damage|p1a: Gliscor|87/100 tox
|move|p1a: Gliscor|Toxic|p2a: Great Tusk|[miss]
|-miss|p1a: Gliscor|p2a: Great Tusk
|
|-heal|p1a: Gliscor|99/100 tox|[from] ability: Poison Heal
|upkeep
|turn|8
|
|t:|1781074084
|move|p2a: Great Tusk|Taunt|p1a: Gliscor
|-start|p1a: Gliscor|move: Taunt
|cant|p1a: Gliscor|move: Taunt|Toxic
|
|-heal|p1a: Gliscor|100/100 tox|[from] ability: Poison Heal
|upkeep
|turn|9
|
|t:|1781074092
|move|p2a: Great Tusk|Bulk Up|p2a: Great Tusk
|-boost|p2a: Great Tusk|atk|1
|-boost|p2a: Great Tusk|def|1
|move|p1a: Gliscor|Knock Off|p2a: Great Tusk
|-resisted|p2a: Great Tusk
|-damage|p2a: Great Tusk|81/100
|
|upkeep
|turn|10
|
|t:|1781074101
|switch|p1a: Alomomola|Alomomola, F|100/100
|move|p2a: Great Tusk|Bulk Up|p2a: Great Tusk
|-boost|p2a: Great Tusk|atk|1
|-boost|p2a: Great Tusk|def|1
|
|upkeep
|turn|11
|
|t:|1781074109
|move|p2a: Great Tusk|Bulk Up|p2a: Great Tusk
|-boost|p2a: Great Tusk|atk|1
|-boost|p2a: Great Tusk|def|1
|move|p1a: Alomomola|Scald|p2a: Great Tusk
|-supereffective|p2a: Great Tusk
|-damage|p2a: Great Tusk|47/100
|
|upkeep
|turn|12
|
|t:|1781074122
|move|p2a: Great Tusk|Headlong Rush|p1a: Alomomola
|-damage|p1a: Alomomola|33/100
|-unboost|p2a: Great Tusk|def|1
|-unboost|p2a: Great Tusk|spd|1
|move|p1a: Alomomola|Scald|p2a: Great Tusk
|-supereffective|p2a: Great Tusk
|-damage|p2a: Great Tusk|0 fnt
|faint|p2a: Great Tusk
|-end|p2a: Great Tusk|Protosynthesis|[silent]
|
|upkeep
|
|t:|1781074143
|switch|p2a: Dragonite|Dragonite, M|100/100
|turn|13
|
|t:|1781074147
|move|p2a: Dragonite|Outrage|p1a: Alomomola
|-damage|p1a: Alomomola|0 fnt
|faint|p1a: Alomomola
|-damage|p2a: Dragonite|91/100|[from] item: Life Orb
|
|upkeep
|
|t:|1781074154
|switch|p1a: Corviknight|Corviknight, F|100/100
|-damage|p1a: Corviknight|88/100|[from] Stealth Rock
|-ability|p1a: Corviknight|Pressure
|turn|14
|
|t:|1781074161
|move|p2a: Dragonite|Outrage|p1a: Corviknight|[from] lockedmove
|-resisted|p1a: Corviknight
|-damage|p1a: Corviknight|58/100
|-damage|p2a: Dragonite|74/100|[from] item: Rocky Helmet|[of] p1a: Corviknight
|-damage|p2a: Dragonite|64/100|[from] item: Life Orb
|move|p1a: Corviknight|Defog|p2a: Dragonite
|-unboost|p2a: Dragonite|evasion|1
|-sideend|p2: top100inLL|Spikes|[from] move: Defog|[of] p1a: Corviknight
|-sideend|p1: Stallazzle|Spikes|[from] move: Defog|[of] p1a: Corviknight
|-sideend|p1: Stallazzle|Stealth Rock|[from] move: Defog|[of] p1a: Corviknight
|
|upkeep
|turn|15
|
|t:|1781074171
|move|p2a: Dragonite|Outrage|p1a: Corviknight|[from] lockedmove
|-resisted|p1a: Corviknight
|-damage|p1a: Corviknight|30/100
|-damage|p2a: Dragonite|48/100|[from] item: Rocky Helmet|[of] p1a: Corviknight
|-damage|p2a: Dragonite|38/100|[from] item: Life Orb
|-start|p2a: Dragonite|confusion|[fatigue]
|move|p1a: Corviknight|Defog|p2a: Dragonite
|-unboost|p2a: Dragonite|evasion|1
|
|upkeep
|turn|16
|
|t:|1781074181
|-activate|p2a: Dragonite|confusion
|move|p2a: Dragonite|Fire Punch|p1a: Corviknight
|-supereffective|p1a: Corviknight
|-damage|p1a: Corviknight|0 fnt
|-damage|p2a: Dragonite|22/100|[from] item: Rocky Helmet|[of] p1a: Corviknight
|faint|p1a: Corviknight
|-damage|p2a: Dragonite|12/100|[from] item: Life Orb
|
|upkeep
|
|t:|1781074190
|switch|p1a: Gliscor|Gliscor, F, tera:Ghost|100/100 tox
|turn|17
|
|t:|1781074195
|-activate|p2a: Dragonite|confusion
|move|p2a: Dragonite|Outrage|p1a: Gliscor
|-damage|p1a: Gliscor|50/100 tox
|-damage|p2a: Dragonite|2/100|[from] item: Life Orb
|move|p1a: Gliscor|Spikes|p2a: Dragonite
|-sidestart|p2: top100inLL|Spikes
|
|-heal|p1a: Gliscor|63/100 tox|[from] ability: Poison Heal
|upkeep
|turn|18
|
|t:|1781074204
|move|p1a: Gliscor|Protect|p1a: Gliscor
|-singleturn|p1a: Gliscor|Protect
|-activate|p2a: Dragonite|confusion
|move|p2a: Dragonite|Outrage|p1a: Gliscor|[from] lockedmove
|-activate|p1a: Gliscor|move: Protect
|
|-heal|p1a: Gliscor|75/100 tox|[from] ability: Poison Heal
|upkeep
|turn|19
|
|t:|1781074213
|-end|p2a: Dragonite|confusion
|move|p2a: Dragonite|Outrage|p1a: Gliscor
|-damage|p1a: Gliscor|25/100 tox
|-damage|p2a: Dragonite|0 fnt|[from] item: Life Orb
|faint|p2a: Dragonite
|move|p1a: Gliscor|Spikes|p2: Dragonite
|-sidestart|p2: top100inLL|Spikes
|
|-heal|p1a: Gliscor|38/100 tox|[from] ability: Poison Heal
|upkeep
|
|t:|1781074225
|switch|p2a: Iron Valiant|Iron Valiant|100/100
|-damage|p2a: Iron Valiant|84/100|[from] Spikes
|-enditem|p2a: Iron Valiant|Booster Energy
|-activate|p2a: Iron Valiant|ability: Quark Drive|[fromitem]
|-start|p2a: Iron Valiant|quarkdrivespe
|turn|20
|
|t:|1781074233
|move|p1a: Gliscor|Protect|p1a: Gliscor
|-singleturn|p1a: Gliscor|Protect
|move|p2a: Iron Valiant|Knock Off|p1a: Gliscor
|-activate|p1a: Gliscor|move: Protect
|
|-heal|p1a: Gliscor|50/100 tox|[from] ability: Poison Heal
|upkeep
|turn|21
|
|t:|1781074241
|move|p2a: Iron Valiant|Knock Off|p1a: Gliscor
|-supereffective|p1a: Gliscor
|-crit|p1a: Gliscor
|-damage|p1a: Gliscor|4/100 tox
|-enditem|p1a: Gliscor|Toxic Orb|[from] move: Knock Off|[of] p2a: Iron Valiant
|move|p1a: Gliscor|Toxic|p2a: Iron Valiant
|-status|p2a: Iron Valiant|tox
|
|-damage|p2a: Iron Valiant|78/100 tox|[from] psn
|-heal|p1a: Gliscor|16/100 tox|[from] ability: Poison Heal
|upkeep
|turn|22
|
|t:|1781074253
|-end|p2a: Iron Valiant|Quark Drive|[silent]
|switch|p2a: Zamazenta|Zamazenta|100/100
|-damage|p2a: Zamazenta|84/100|[from] Spikes
|-ability|p2a: Zamazenta|Dauntless Shield|boost
|-boost|p2a: Zamazenta|def|1
|move|p1a: Gliscor|Protect||[still]
|-fail|p1a: Gliscor
|
|-heal|p1a: Gliscor|29/100 tox|[from] ability: Poison Heal
|upkeep
|turn|23
|
|t:|1781074264
|move|p1a: Gliscor|Protect|p1a: Gliscor
|-singleturn|p1a: Gliscor|Protect
|move|p2a: Zamazenta|Crunch|p1a: Gliscor
|-activate|p1a: Gliscor|move: Protect
|
|-heal|p1a: Gliscor|41/100 tox|[from] ability: Poison Heal
|upkeep
|turn|24
|
|t:|1781074272
|switch|p1a: Dondozo|Dondozo, F|100/100
|move|p2a: Zamazenta|Crunch|p1a: Dondozo
|-damage|p1a: Dondozo|83/100
|-unboost|p1a: Dondozo|def|1
|-damage|p2a: Zamazenta|74/100|[from] item: Life Orb
|
|upkeep
|turn|25
|
|t:|1781074287
|switch|p1a: Gliscor|Gliscor, F, tera:Ghost|41/100 tox
|move|p2a: Zamazenta|Close Combat|p1a: Gliscor
|-immune|p1a: Gliscor
|
|-heal|p1a: Gliscor|54/100 tox|[from] ability: Poison Heal
|upkeep
|turn|26
|
|t:|1781074296
|move|p1a: Gliscor|Protect|p1a: Gliscor
|-singleturn|p1a: Gliscor|Protect
|move|p2a: Zamazenta|Crunch|p1a: Gliscor
|-activate|p1a: Gliscor|move: Protect
|
|-heal|p1a: Gliscor|66/100 tox|[from] ability: Poison Heal
|upkeep
|turn|27
|
|t:|1781074305
|switch|p2a: Gholdengo|Gholdengo|100/100
|-damage|p2a: Gholdengo|84/100|[from] Spikes
|move|p1a: Gliscor|Toxic|p2a: Gholdengo
|-immune|p2a: Gholdengo|[from] ability: Good as Gold
|
|-heal|p1a: Gliscor|78/100 tox|[from] ability: Poison Heal
|upkeep
|turn|28
|
|t:|1781074314
|move|p1a: Gliscor|Protect|p1a: Gliscor
|-singleturn|p1a: Gliscor|Protect
|move|p2a: Gholdengo|Nasty Plot|p2a: Gholdengo
|-boost|p2a: Gholdengo|spa|2
|
|-heal|p1a: Gliscor|91/100 tox|[from] ability: Poison Heal
|upkeep
|turn|29
|
|t:|1781074324
|switch|p1a: Blissey|Blissey, F|100/100
|move|p2a: Gholdengo|Shadow Ball|p1a: Blissey
|-immune|p1a: Blissey
|
|upkeep
|turn|30
|
|t:|1781074333
|move|p2a: Gholdengo|Nasty Plot|p2a: Gholdengo
|-boost|p2a: Gholdengo|spa|2
|move|p1a: Blissey|Calm Mind|p1a: Blissey
|-boost|p1a: Blissey|spa|1
|-boost|p1a: Blissey|spd|1
|
|upkeep
|turn|31
|
|t:|1781074339
|move|p2a: Gholdengo|Nasty Plot|p2a: Gholdengo
|-boost|p2a: Gholdengo|spa|2
|move|p1a: Blissey|Calm Mind|p1a: Blissey
|-boost|p1a: Blissey|spa|1
|-boost|p1a: Blissey|spd|1
|
|upkeep
|turn|32
|
|t:|1781074346
|move|p2a: Gholdengo|Make It Rain|p1a: Blissey
|-damage|p1a: Blissey|66/100
|-unboost|p2a: Gholdengo|spa|1
|move|p1a: Blissey|Calm Mind|p1a: Blissey
|-boost|p1a: Blissey|spa|1
|-boost|p1a: Blissey|spd|1
|
|upkeep
|turn|33
|
|t:|1781074356
|move|p2a: Gholdengo|Make It Rain|p1a: Blissey
|-damage|p1a: Blissey|41/100
|-unboost|p2a: Gholdengo|spa|1
|move|p1a: Blissey|Soft-Boiled|p1a: Blissey
|-heal|p1a: Blissey|91/100
|
|upkeep
|turn|34
|
|t:|1781074364
|switch|p2a: Zamazenta|Zamazenta|74/100
|-damage|p2a: Zamazenta|57/100|[from] Spikes
|move|p1a: Blissey|Stealth Rock|p2a: Zamazenta
|-sidestart|p2: top100inLL|move: Stealth Rock
|
|upkeep
|turn|35
|
|t:|1781074371
|switch|p1a: Gliscor|Gliscor, F, tera:Ghost|91/100 tox
|move|p2a: Zamazenta|Crunch|p1a: Gliscor
|-supereffective|p1a: Gliscor
|-damage|p1a: Gliscor|44/100 tox
|-unboost|p1a: Gliscor|def|1
|-damage|p2a: Zamazenta|48/100|[from] item: Life Orb
|
|-heal|p1a: Gliscor|56/100 tox|[from] ability: Poison Heal
|upkeep
|turn|36
|
|t:|1781074382
|switch|p1a: Dondozo|Dondozo, F|83/100
|move|p2a: Zamazenta|Close Combat|p1a: Dondozo
|-damage|p1a: Dondozo|49/100
|-unboost|p2a: Zamazenta|def|1
|-unboost|p2a: Zamazenta|spd|1
|-damage|p2a: Zamazenta|38/100|[from] item: Life Orb
|
|upkeep
|turn|37
|
|t:|1781074391
|move|p2a: Zamazenta|Crunch|p1a: Dondozo
|-damage|p1a: Dondozo|33/100
|-damage|p2a: Zamazenta|28/100|[from] item: Life Orb
|move|p1a: Dondozo|Rest|p1a: Dondozo
|-status|p1a: Dondozo|slp|[from] move: Rest
|-heal|p1a: Dondozo|100/100 slp|[silent]
|
|upkeep
|turn|38
|
|t:|1781074402
|switch|p2a: Gholdengo|Gholdengo|84/100
|-damage|p2a: Gholdengo|68/100|[from] Spikes
|-damage|p2a: Gholdengo|62/100|[from] Stealth Rock
|cant|p1a: Dondozo|slp
|move|p1a: Dondozo|Sleep Talk|p1a: Dondozo
|move|p1a: Dondozo|Rest||[from] move: Sleep Talk|[still]
|-fail|p1a: Dondozo
|
|upkeep
|turn|39
|
|t:|1781074413
|switch|p1a: Salazzle|Salazzle, F|100/100
|move|p2a: Gholdengo|Nasty Plot|p2a: Gholdengo
|-boost|p2a: Gholdengo|spa|2
|
|upkeep
|turn|40
|
|t:|1781074419
|-terastallize|p2a: Gholdengo|Fairy
|move|p1a: Salazzle|Flamethrower|p2a: Gholdengo
|-damage|p2a: Gholdengo|22/100
|move|p2a: Gholdengo|Shadow Ball|p1a: Salazzle
|-damage|p1a: Salazzle|0 fnt
|faint|p1a: Salazzle
|
|upkeep
|
|t:|1781074429
|switch|p1a: Blissey|Blissey, F|91/100
|turn|41
|-enditem|p2a: Gholdengo|Custap Berry|[eat]
|-activate|p2a: Gholdengo|item: Custap Berry|[consumed]
|
|t:|1781074435
|move|p2a: Gholdengo|Recover|p2a: Gholdengo
|-heal|p2a: Gholdengo|72/100
|move|p1a: Blissey|Seismic Toss|p2a: Gholdengo
|-damage|p2a: Gholdengo|45/100
|
|upkeep
|turn|42
|
|t:|1781074443
|switch|p2a: Iron Valiant|Iron Valiant|78/100 tox
|-damage|p2a: Iron Valiant|61/100 tox|[from] Spikes
|-damage|p2a: Iron Valiant|55/100 tox|[from] Stealth Rock
|move|p1a: Blissey|Calm Mind|p1a: Blissey
|-boost|p1a: Blissey|spa|1
|-boost|p1a: Blissey|spd|1
|
|-damage|p2a: Iron Valiant|49/100 tox|[from] psn
|upkeep
|turn|43
|
|t:|1781074453
|switch|p1a: Dondozo|Dondozo, F|100/100 slp
|move|p2a: Iron Valiant|Knock Off|p1a: Dondozo
|-damage|p1a: Dondozo|87/100 slp
|-enditem|p1a: Dondozo|Heavy-Duty Boots|[from] move: Knock Off|[of] p2a: Iron Valiant
|
|-damage|p2a: Iron Valiant|36/100 tox|[from] psn
|upkeep
|turn|44
|
|t:|1781074462
|move|p2a: Iron Valiant|Destiny Bond|p2a: Iron Valiant
|-singlemove|p2a: Iron Valiant|Destiny Bond
|cant|p1a: Dondozo|slp
|move|p1a: Dondozo|Sleep Talk|p1a: Dondozo
|move|p1a: Dondozo|Rest||[from] move: Sleep Talk|[still]
|-fail|p1a: Dondozo
|
|-damage|p2a: Iron Valiant|17/100 tox|[from] psn
|upkeep
|turn|45
|
|t:|1781074476
|move|p2a: Iron Valiant|Moonblast|p1a: Dondozo
|-damage|p1a: Dondozo|43/100 slp
|-curestatus|p1a: Dondozo|slp|[msg]
|move|p1a: Dondozo|Crunch|p2a: Iron Valiant
|-resisted|p2a: Iron Valiant
|-damage|p2a: Iron Valiant|11/100 tox
|
|-damage|p2a: Iron Valiant|0 fnt|[from] psn
|faint|p2a: Iron Valiant
|-end|p2a: Iron Valiant|Quark Drive|[silent]
|upkeep
|
|t:|1781074484
|switch|p2a: Gholdengo|Gholdengo, tera:Fairy|45/100
|-damage|p2a: Gholdengo|29/100|[from] Spikes
|-damage|p2a: Gholdengo|16/100|[from] Stealth Rock
|turn|46
|
|t:|1781074491
|switch|p1a: Blissey|Blissey, F|91/100
|move|p2a: Gholdengo|Recover|p2a: Gholdengo
|-heal|p2a: Gholdengo|67/100
|
|upkeep
|turn|47
|
|t:|1781074497
|switch|p2a: Zamazenta|Zamazenta|28/100
|-damage|p2a: Zamazenta|11/100|[from] Spikes
|-damage|p2a: Zamazenta|5/100|[from] Stealth Rock
|move|p1a: Blissey|Seismic Toss|p2a: Zamazenta
|-damage|p2a: Zamazenta|0 fnt
|faint|p2a: Zamazenta
|
|upkeep
|
|t:|1781074504
|switch|p2a: Gholdengo|Gholdengo, tera:Fairy|67/100
|-damage|p2a: Gholdengo|50/100|[from] Spikes
|-damage|p2a: Gholdengo|38/100|[from] Stealth Rock
|turn|48
|
|t:|1781074510
|move|p2a: Gholdengo|Nasty Plot|p2a: Gholdengo
|-boost|p2a: Gholdengo|spa|2
|move|p1a: Blissey|Seismic Toss|p2a: Gholdengo
|-damage|p2a: Gholdengo|11/100
|
|upkeep
|turn|49
|
|t:|1781074516
|move|p2a: Gholdengo|Recover|p2a: Gholdengo
|-heal|p2a: Gholdengo|61/100
|move|p1a: Blissey|Calm Mind|p1a: Blissey
|-boost|p1a: Blissey|spa|1
|-boost|p1a: Blissey|spd|1
|
|upkeep
|turn|50
|-message|top100inLL forfeited.
|
|win|Stallazzle
|raw|Stallazzle's rating: 1500 &rarr; <strong>1523</strong><br />(+23 for winning)
|raw|top100inLL's rating: 1545 &rarr; <strong>1522</strong><br />(-23 for losing)
|l|☆top100inLL
|player|p2|
