|j|☆8t88
|j|☆Zovafire
|t:|1781356914
|gametype|singles
|player|p1|8t88|266|1499
|player|p2|Zovafire|mina-masters|1575
|gen|9
|tier|[Gen 9] OU
|rated|
|rule|HP Percentage Mod: HP is shown in percentages
|rule|Endless Battle Clause: Forcing endless battles is banned
|rule|Species Clause: Limit one of each Pokémon
|rule|OHKO Clause: OHKO moves are banned
|rule|Evasion Items Clause: Evasion items are banned
|rule|Evasion Moves Clause: Evasion moves are banned
|rule|Evasion Abilities Clause: Evasion abilities are banned
|rule|Sleep Moves Clause: Sleep-inducing moves are banned
|clearpoke
|poke|p1|Pelipper, L99, F|
|poke|p1|Barraskewda, F|
|poke|p1|Raging Bolt|
|poke|p1|Golduck, M|
|poke|p1|Pawmot, F|
|poke|p1|Tentacruel, F|
|poke|p2|Tornadus-Therian, M|
|poke|p2|Great Tusk|
|poke|p2|Kingambit, M|
|poke|p2|Pecharunt|
|poke|p2|Latios, M|
|poke|p2|Iron Valiant|
|teampreview
|inactive|Battle timer is ON: inactive players will automatically lose when time's up. (requested by Zovafire)
|
|t:|1781356922
|teamsize|p1|6
|teamsize|p2|6
|start
|switch|p1a: Ghoti carrier|Pelipper, L99, F|100/100
|switch|p2a: Pecharunt|Pecharunt|100/100
|-item|p2a: Pecharunt|Air Balloon
|-weather|RainDance|[from] ability: Drizzle|[of] p1a: Ghoti carrier
|turn|1
|
|t:|1781356925
|switch|p1a: Spaghetti Too|Tentacruel, F|100/100
|move|p2a: Pecharunt|Malignant Chain|p1a: Spaghetti Too
|-resisted|p1a: Spaghetti Too
|-damage|p1a: Spaghetti Too|95/100
|
|-weather|RainDance|[upkeep]
|-heal|p1a: Spaghetti Too|100/100|[from] ability: Rain Dish
|upkeep
|turn|2
|
|t:|1781356932
|switch|p2a: Latios|Latios, M|100/100
|move|p1a: Spaghetti Too|Flip Turn|p2a: Latios
|-resisted|p2a: Latios
|-damage|p2a: Latios|85/100
|
|t:|1781356946
|switch|p1a: ExSkewda Me|Barraskewda, F|100/100|[from] Flip Turn
|
|-weather|RainDance|[upkeep]
|upkeep
|turn|3
|
|t:|1781356950
|move|p1a: ExSkewda Me|Flip Turn|p2a: Latios
|-resisted|p2a: Latios
|-damage|p2a: Latios|41/100
|
|t:|1781356954
|switch|p1a: Spaghetti Too|Tentacruel, F|100/100|[from] Flip Turn
|move|p2a: Latios|Draco Meteor|p1a: Spaghetti Too
|-damage|p1a: Spaghetti Too|73/100
|-unboost|p2a: Latios|spa|2
|
|-weather|RainDance|[upkeep]
|-heal|p1a: Spaghetti Too|79/100|[from] ability: Rain Dish
|upkeep
|turn|4
|
|t:|1781356960
|switch|p2a: Kingambit|Kingambit, M|100/100
|move|p1a: Spaghetti Too|Flip Turn|p2a: Kingambit
|-damage|p2a: Kingambit|83/100
|
|t:|1781356963
|switch|p1a: ExSkewda Me|Barraskewda, F|100/100|[from] Flip Turn
|
|-weather|RainDance|[upkeep]
|-heal|p2a: Kingambit|89/100|[from] item: Leftovers
|upkeep
|turn|5
|
|t:|1781356968
|-end|p2a: Kingambit|fallenundefined|[silent]
|switch|p2a: Latios|Latios, M|41/100
|move|p1a: ExSkewda Me|Liquidation|p2a: Latios
|-resisted|p2a: Latios
|-damage|p2a: Latios|0 fnt
|faint|p2a: Latios
|
|-weather|RainDance|[upkeep]
|upkeep
|
|t:|1781356975
|switch|p2a: Pecharunt|Pecharunt|100/100
|-item|p2a: Pecharunt|Air Balloon
|turn|6
|
|t:|1781356977
|move|p1a: ExSkewda Me|Flip Turn|p2a: Pecharunt
|-damage|p2a: Pecharunt|64/100
|-enditem|p2a: Pecharunt|Air Balloon
|
|t:|1781356980
|switch|p1a: Spaghetti Too|Tentacruel, F|79/100|[from] Flip Turn
|move|p2a: Pecharunt|Nasty Plot|p2a: Pecharunt
|-boost|p2a: Pecharunt|spa|2
|
|-weather|RainDance|[upkeep]
|-heal|p1a: Spaghetti Too|85/100|[from] ability: Rain Dish
|upkeep
|turn|7
|
|t:|1781356983
|move|p2a: Pecharunt|Recover|p2a: Pecharunt
|-heal|p2a: Pecharunt|100/100
|move|p1a: Spaghetti Too|Mirror Coat||[still]
|-fail|p1a: Spaghetti Too
|
|-weather|RainDance|[upkeep]
|-heal|p1a: Spaghetti Too|91/100|[from] ability: Rain Dish
|upkeep
|turn|8
|
|t:|1781356986
|move|p2a: Pecharunt|Nasty Plot|p2a: Pecharunt
|-boost|p2a: Pecharunt|spa|2
|move|p1a: Spaghetti Too|Flip Turn|p2a: Pecharunt
|-damage|p2a: Pecharunt|85/100
|
|t:|1781356988
|switch|p1a: Really want eject|Pawmot, F|100/100|[from] Flip Turn
|
|-weather|none
|upkeep
|turn|9
|
|t:|1781356990
|move|p1a: Really want eject|Encore|p2a: Pecharunt
|-start|p2a: Pecharunt|Encore
|move|p2a: Pecharunt|Nasty Plot|p2a: Pecharunt
|-boost|p2a: Pecharunt|spa|2
|
|upkeep
|turn|10
|
|t:|1781356992
|move|p1a: Really want eject|Nuzzle|p2a: Pecharunt
|-damage|p2a: Pecharunt|80/100
|-status|p2a: Pecharunt|par
|move|p2a: Pecharunt|Nasty Plot|p2a: Pecharunt
|-boost|p2a: Pecharunt|spa|0
|
|upkeep
|turn|11
|
|t:|1781356996
|move|p1a: Really want eject|Nuzzle|p2a: Pecharunt
|-damage|p2a: Pecharunt|75/100 par
|move|p2a: Pecharunt|Nasty Plot|p2a: Pecharunt
|-boost|p2a: Pecharunt|spa|0
|
|-end|p2a: Pecharunt|Encore
|upkeep
|turn|12
|
|t:|1781356999
|switch|p2a: Great Tusk|Great Tusk|100/100
|move|p1a: Really want eject|Encore||[still]
|-fail|p1a: Really want eject
|
|upkeep
|turn|13
|
|t:|1781357002
|switch|p1a: Ghoti carrier|Pelipper, L99, F|100/100
|-weather|RainDance|[from] ability: Drizzle|[of] p1a: Ghoti carrier
|-end|p2a: Great Tusk|Protosynthesis|[silent]
|switch|p2a: Pecharunt|Pecharunt|75/100 par
|
|-weather|RainDance|[upkeep]
|upkeep
|turn|14
|
|t:|1781357004
|move|p2a: Pecharunt|Malignant Chain|p1a: Ghoti carrier
|-damage|p1a: Ghoti carrier|53/100
|-status|p1a: Ghoti carrier|tox
|-start|p1a: Ghoti carrier|confusion|[from] ability: Poison Puppeteer|[of] p2a: Pecharunt
|-activate|p1a: Ghoti carrier|confusion
|move|p1a: Ghoti carrier|U-turn|p2a: Pecharunt
|-resisted|p2a: Pecharunt
|-damage|p2a: Pecharunt|74/100 par
|
|t:|1781357011
|switch|p1a: Seaking Duck|Golduck, M|100/100|[from] U-turn
|
|-weather|RainDance|[upkeep]
|upkeep
|turn|15
|
|t:|1781357014
|move|p1a: Seaking Duck|Hydro Pump|p2a: Pecharunt
|-damage|p2a: Pecharunt|0 fnt
|faint|p2a: Pecharunt
|-damage|p1a: Seaking Duck|91/100|[from] item: Life Orb
|
|-weather|RainDance|[upkeep]
|upkeep
|
|t:|1781357017
|switch|p2a: Tornadus|Tornadus-Therian, M|100/100
|turn|16
|
|t:|1781357022
|move|p1a: Seaking Duck|Hydro Pump|p2a: Tornadus
|-damage|p2a: Tornadus|39/100
|-damage|p1a: Seaking Duck|81/100|[from] item: Life Orb
|move|p2a: Tornadus|Bleakwind Storm|p1a: Seaking Duck
|-damage|p1a: Seaking Duck|31/100
|
|-weather|RainDance|[upkeep]
|upkeep
|turn|17
|
|t:|1781357024
|move|p1a: Seaking Duck|Hydro Pump|p2a: Tornadus
|-damage|p2a: Tornadus|0 fnt
|faint|p2a: Tornadus
|-damage|p1a: Seaking Duck|21/100|[from] item: Life Orb
|
|-weather|RainDance|[upkeep]
|upkeep
|
|t:|1781357026
|switch|p2a: Kingambit|Kingambit, M|89/100
|-activate|p2a: Kingambit|ability: Supreme Overlord
|-start|p2a: Kingambit|fallen3|[silent]
|turn|18
|
|t:|1781357031
|switch|p1a: Really want eject|Pawmot, F|100/100
|-end|p2a: Kingambit|fallen3|[silent]
|switch|p2a: Iron Valiant|Iron Valiant|100/100
|-enditem|p2a: Iron Valiant|Booster Energy
|-activate|p2a: Iron Valiant|ability: Quark Drive|[fromitem]
|-start|p2a: Iron Valiant|quarkdrivespe
|
|-weather|RainDance|[upkeep]
|upkeep
|turn|19
|
|t:|1781357035
|switch|p1a: Spaghetti Too|Tentacruel, F|91/100
|move|p2a: Iron Valiant|Calm Mind|p2a: Iron Valiant
|-boost|p2a: Iron Valiant|spa|1
|-boost|p2a: Iron Valiant|spd|1
|
|-weather|RainDance|[upkeep]
|-heal|p1a: Spaghetti Too|97/100|[from] ability: Rain Dish
|upkeep
|turn|20
|
|t:|1781357037
|move|p2a: Iron Valiant|Calm Mind|p2a: Iron Valiant
|-boost|p2a: Iron Valiant|spa|1
|-boost|p2a: Iron Valiant|spd|1
|move|p1a: Spaghetti Too|Poison Jab|p2a: Iron Valiant
|-supereffective|p2a: Iron Valiant
|-damage|p2a: Iron Valiant|42/100
|-status|p2a: Iron Valiant|psn
|
|-weather|none
|-damage|p2a: Iron Valiant|29/100 psn|[from] psn
|upkeep
|turn|21
|
|t:|1781357039
|move|p2a: Iron Valiant|Shadow Ball|p1a: Spaghetti Too
|-damage|p1a: Spaghetti Too|76/100
|move|p1a: Spaghetti Too|Poison Jab|p2a: Iron Valiant
|-supereffective|p2a: Iron Valiant
|-damage|p2a: Iron Valiant|0 fnt
|faint|p2a: Iron Valiant
|-end|p2a: Iron Valiant|Quark Drive|[silent]
|
|upkeep
|
|t:|1781357044
|switch|p2a: Great Tusk|Great Tusk|100/100
|turn|22
|
|t:|1781357048
|switch|p1a: Ghoti carrier|Pelipper, L99, F|53/100 tox
|-weather|RainDance|[from] ability: Drizzle|[of] p1a: Ghoti carrier
|move|p2a: Great Tusk|Rapid Spin|p1a: Ghoti carrier
|-damage|p1a: Ghoti carrier|40/100 tox
|-boost|p2a: Great Tusk|spe|1
|
|-weather|RainDance|[upkeep]
|-damage|p1a: Ghoti carrier|34/100 tox|[from] psn
|upkeep
|turn|23
|
|t:|1781357052
|move|p2a: Great Tusk|Rapid Spin|p1a: Ghoti carrier
|-damage|p1a: Ghoti carrier|21/100 tox
|-boost|p2a: Great Tusk|spe|1
|move|p1a: Ghoti carrier|Surf|p2a: Great Tusk
|-supereffective|p2a: Great Tusk
|-damage|p2a: Great Tusk|0 fnt
|faint|p2a: Great Tusk
|-end|p2a: Great Tusk|Protosynthesis|[silent]
|
|-weather|RainDance|[upkeep]
|-damage|p1a: Ghoti carrier|9/100 tox|[from] psn
|upkeep
|
|t:|1781357054
|switch|p2a: Kingambit|Kingambit, M|89/100
|-activate|p2a: Kingambit|ability: Supreme Overlord
|-start|p2a: Kingambit|fallen5|[silent]
|turn|24
|
|t:|1781357056
|move|p2a: Kingambit|Swords Dance|p2a: Kingambit
|-boost|p2a: Kingambit|atk|2
|move|p1a: Ghoti carrier|U-turn|p2a: Kingambit
|-damage|p2a: Kingambit|82/100
|
|t:|1781357058
|switch|p1a: Really want eject|Pawmot, F|100/100|[from] U-turn
|
|-weather|RainDance|[upkeep]
|-heal|p2a: Kingambit|88/100|[from] item: Leftovers
|upkeep
|turn|25
|-message|Zovafire forfeited.
|
|win|8t88
|raw|8t88's rating: 1499 &rarr; <strong>1523</strong><br />(+24 for winning)
|raw|Zovafire's rating: 1575 &rarr; <strong>1551</strong><br />(-24 for losing)
|l|☆Zovafire
|player|p2|
|l|☆8t88
|player|p1|
|j|☆8t88
|player|p1|8t88|266|
|l|☆8t88
|player|p1|
