|j|☆ascended tusk 69
|j|☆StarDio
|t:|1781590516
|gametype|singles
|player|p1|ascended tusk 69|biker|1749
|player|p2|StarDio|1|1722
|gen|9
|tier|[Gen 9] OU
|rated|
|rule|HP Percentage Mod: HP is shown in percentages
|rule|Endless Battle Clause: Forcing endless battles is banned
|rule|Species Clause: Limit one of each Pokémon
|rule|OHKO Clause: OHKO moves are banned
|rule|Evasion Items Clause: Evasion items are banned
|rule|Evasion Moves Clause: Evasion moves are banned
|rule|Evasion Abilities Clause: Evasion abilities are banned
|rule|Sleep Moves Clause: Sleep-inducing moves are banned
|clearpoke
|poke|p1|Ninetales-Alola, M|
|poke|p1|Serperior, M|
|poke|p1|Maushold|
|poke|p1|Kingambit, M|
|poke|p1|Latias, F|
|poke|p1|Gliscor, F|
|poke|p2|Hoopa-Unbound|
|poke|p2|Landorus-Therian, M|
|poke|p2|Cinderace, M|
|poke|p2|Weezing-Galar, M|
|poke|p2|Rotom-Wash|
|poke|p2|Zamazenta-*|
|teampreview
|inactive|Battle timer is ON: inactive players will automatically lose when time's up. (requested by StarDio)
|
|t:|1781590528
|teamsize|p1|6
|teamsize|p2|6
|start
|switch|p1a: Himiko|Gliscor, F|100/100
|switch|p2a: Cinderace|Cinderace, M|100/100
|turn|1
|
|t:|1781590537
|switch|p2a: Rotom|Rotom-Wash|100/100
|move|p1a: Himiko|Earthquake|p2a: Rotom
|-immune|p2a: Rotom|[from] ability: Levitate
|
|-status|p1a: Himiko|tox|[from] item: Toxic Orb
|upkeep
|turn|2
|
|t:|1781590544
|switch|p1a: 68tales|Ninetales-Alola, M|100/100
|-weather|Snowscape|[from] ability: Snow Warning|[of] p1a: 68tales
|move|p2a: Rotom|Hydro Pump|p1a: 68tales
|-damage|p1a: 68tales|62/100
|
|-weather|Snowscape|[upkeep]
|upkeep
|turn|3
|inactive|ascended tusk 69 has 120 seconds left.
|
|t:|1781590575
|move|p1a: 68tales|Freeze-Dry|p2a: Rotom
|-supereffective|p2a: Rotom
|-damage|p2a: Rotom|54/100
|move|p2a: Rotom|Thunder Wave|p1a: 68tales
|-status|p1a: 68tales|par
|
|-weather|Snowscape|[upkeep]
|-heal|p2a: Rotom|61/100|[from] item: Leftovers
|upkeep
|turn|4
|
|t:|1781590581
|move|p2a: Rotom|Volt Switch|p1a: 68tales
|-damage|p1a: 68tales|40/100 par
|
|t:|1781590586
|switch|p2a: Cinderace|Cinderace, M|100/100|[from] Volt Switch
|move|p1a: 68tales|Aurora Veil|p1a: 68tales
|-sidestart|p1: ascended tusk 69|move: Aurora Veil
|
|-weather|Snowscape|[upkeep]
|upkeep
|turn|5
|
|t:|1781590590
|move|p2a: Cinderace|Court Change|p2a: Cinderace
|-start|p2a: Cinderace|typechange|Normal|[from] ability: Libero
|-swapsideconditions
|-activate|p2a: Cinderace|move: Court Change
|cant|p1a: 68tales|par
|
|-weather|Snowscape|[upkeep]
|upkeep
|turn|6
|c|☆ascended tusk 69|nice LUCK
|
|t:|1781590598
|move|p2a: Cinderace|Pyro Ball|p1a: 68tales
|-supereffective|p1a: 68tales
|-damage|p1a: 68tales|0 fnt
|faint|p1a: 68tales
|
|-weather|none
|upkeep
|
|t:|1781590606
|switch|p1a: Serp Gaming|Serperior, M|100/100
|turn|7
|c|☆StarDio|ho player lmaoooo
|c|☆ascended tusk 69|balancejobber
|c|☆StarDio|mfs get by one 30% and start bitching
|
|t:|1781590629
|move|p2a: Cinderace|U-turn|p1a: Serp Gaming
|-supereffective|p1a: Serp Gaming
|-damage|p1a: Serp Gaming|48/100
|
|t:|1781590632
|switch|p2a: Hoopa|Hoopa-Unbound|100/100|[from] U-turn
|move|p1a: Serp Gaming|Glare|p2a: Hoopa
|-status|p2a: Hoopa|par
|
|-heal|p1a: Serp Gaming|54/100|[from] item: Leftovers
|upkeep
|turn|8
|
|t:|1781590648
|move|p1a: Serp Gaming|Leech Seed|p2a: Hoopa
|-start|p2a: Hoopa|move: Leech Seed
|move|p2a: Hoopa|Psychic Noise|p1a: Serp Gaming
|-damage|p1a: Serp Gaming|0 fnt
|faint|p1a: Serp Gaming
|
|upkeep
|
|t:|1781590659
|switch|p1a: 10 000 000 000|Maushold|100/100
|turn|9
|
|t:|1781590670
|switch|p1a: Himiko|Gliscor, F|100/100 tox
|switch|p2a: Landorus|Landorus-Therian, M|100/100
|-ability|p2a: Landorus|Intimidate|boost
|-unboost|p1a: Himiko|atk|1
|
|upkeep
|turn|10
|
|t:|1781590675
|move|p2a: Landorus|Stealth Rock|p1a: Himiko
|-sidestart|p1: ascended tusk 69|move: Stealth Rock
|move|p1a: Himiko|Knock Off|p2a: Landorus
|-damage|p2a: Landorus|90/100
|-enditem|p2a: Landorus|Soft Sand|[from] move: Knock Off|[of] p1a: Himiko
|
|upkeep
|turn|11
|
|t:|1781590683
|move|p2a: Landorus|U-turn|p1a: Himiko
|-resisted|p1a: Himiko
|-damage|p1a: Himiko|87/100 tox
|
|t:|1781590685
|switch|p2a: Rotom|Rotom-Wash|61/100|[from] U-turn
|move|p1a: Himiko|Agility|p1a: Himiko
|-boost|p1a: Himiko|spe|2
|
|-heal|p2a: Rotom|67/100|[from] item: Leftovers
|-heal|p1a: Himiko|99/100 tox|[from] ability: Poison Heal
|-sideend|p2: StarDio|move: Aurora Veil
|upkeep
|turn|12
|
|t:|1781590694
|switch|p1a: DEATH SENTENCE|Kingambit, M|100/100
|-damage|p1a: DEATH SENTENCE|94/100|[from] Stealth Rock
|-activate|p1a: DEATH SENTENCE|ability: Supreme Overlord
|-start|p1a: DEATH SENTENCE|fallen2|[silent]
|move|p2a: Rotom|Hydro Pump|p1a: DEATH SENTENCE
|-damage|p1a: DEATH SENTENCE|49/100
|
|-heal|p2a: Rotom|73/100|[from] item: Leftovers
|-heal|p1a: DEATH SENTENCE|55/100|[from] item: Leftovers
|upkeep
|turn|13
|
|t:|1781590705
|move|p2a: Rotom|Thunder Wave|p1a: DEATH SENTENCE
|-status|p1a: DEATH SENTENCE|par
|move|p1a: DEATH SENTENCE|Kowtow Cleave|p2a: Rotom
|-damage|p2a: Rotom|22/100
|
|-heal|p2a: Rotom|28/100|[from] item: Leftovers
|-heal|p1a: DEATH SENTENCE|61/100 par|[from] item: Leftovers
|upkeep
|turn|14
|inactive|ascended tusk 69 has 120 seconds left.
|
|t:|1781590752
|switch|p2a: Landorus|Landorus-Therian, M|90/100
|-ability|p2a: Landorus|Intimidate|boost
|-unboost|p1a: DEATH SENTENCE|atk|1
|cant|p1a: DEATH SENTENCE|par
|
|-heal|p1a: DEATH SENTENCE|67/100 par|[from] item: Leftovers
|upkeep
|turn|15
|c|☆ascended tusk 69|nice LUCK
|
|t:|1781590763
|move|p2a: Landorus|Earthquake|p1a: DEATH SENTENCE
|-supereffective|p1a: DEATH SENTENCE
|-damage|p1a: DEATH SENTENCE|0 fnt
|faint|p1a: DEATH SENTENCE
|-end|p1a: DEATH SENTENCE|fallen2|[silent]
|
|upkeep
|
|t:|1781590767
|switch|p1a: Himiko|Gliscor, F|99/100 tox
|-damage|p1a: Himiko|87/100 tox|[from] Stealth Rock
|turn|16
|j| pls game
|
|t:|1781590778
|move|p2a: Landorus|U-turn|p1a: Himiko
|-resisted|p1a: Himiko
|-damage|p1a: Himiko|76/100 tox
|
|t:|1781590780
|switch|p2a: Weezing|Weezing-Galar, M|100/100|[from] U-turn
|-ability|p2a: Weezing|Neutralizing Gas
|move|p1a: Himiko|Swords Dance|p1a: Himiko
|-boost|p1a: Himiko|atk|2
|
|-damage|p1a: Himiko|70/100 tox|[from] psn
|upkeep
|turn|17
|
|t:|1781590788
|move|p1a: Himiko|Earthquake|p2a: Weezing
|-supereffective|p2a: Weezing
|-damage|p2a: Weezing|0 fnt
|faint|p2a: Weezing
|-end|p2a: Weezing|ability: Neutralizing Gas
|
|-heal|p1a: Himiko|82/100 tox|[from] ability: Poison Heal
|upkeep
|
|t:|1781590794
|switch|p2a: Zamazenta|Zamazenta|100/100
|-ability|p2a: Zamazenta|Dauntless Shield|boost
|-boost|p2a: Zamazenta|def|1
|turn|18
|
|t:|1781590797
|move|p2a: Zamazenta|Iron Defense|p2a: Zamazenta
|-boost|p2a: Zamazenta|def|2
|move|p1a: Himiko|Earthquake|p2a: Zamazenta
|-damage|p2a: Zamazenta|72/100
|
|-heal|p2a: Zamazenta|78/100|[from] item: Leftovers
|-heal|p1a: Himiko|95/100 tox|[from] ability: Poison Heal
|upkeep
|turn|19
|
|t:|1781590803
|move|p2a: Zamazenta|Iron Defense|p2a: Zamazenta
|-boost|p2a: Zamazenta|def|2
|move|p1a: Himiko|Swords Dance|p1a: Himiko
|-boost|p1a: Himiko|atk|2
|
|-heal|p2a: Zamazenta|84/100|[from] item: Leftovers
|-heal|p1a: Himiko|100/100 tox|[from] ability: Poison Heal
|upkeep
|turn|20
|
|t:|1781590808
|move|p1a: Himiko|Swords Dance|p1a: Himiko
|-boost|p1a: Himiko|atk|2
|move|p2a: Zamazenta|Roar|p1a: Himiko
|drag|p1a: WINGED C|Latias, F|100/100
|-damage|p1a: WINGED C|88/100|[from] Stealth Rock
|
|-heal|p2a: Zamazenta|90/100|[from] item: Leftovers
|-heal|p1a: WINGED C|94/100|[from] item: Leftovers
|upkeep
|turn|21
|
|t:|1781590816
|-terastallize|p2a: Zamazenta|Fire
|move|p2a: Zamazenta|Crunch|p1a: WINGED C
|-supereffective|p1a: WINGED C
|-damage|p1a: WINGED C|59/100
|-unboost|p1a: WINGED C|def|1
|move|p1a: WINGED C|Calm Mind|p1a: WINGED C
|-boost|p1a: WINGED C|spa|1
|-boost|p1a: WINGED C|spd|1
|
|-heal|p2a: Zamazenta|96/100|[from] item: Leftovers
|-heal|p1a: WINGED C|65/100|[from] item: Leftovers
|upkeep
|turn|22
|
|t:|1781590822
|move|p2a: Zamazenta|Body Press|p1a: WINGED C
|-resisted|p1a: WINGED C
|-damage|p1a: WINGED C|0 fnt
|faint|p1a: WINGED C
|
|-heal|p2a: Zamazenta|100/100|[from] item: Leftovers
|upkeep
|c|☆ascended tusk 69|gg
|
|t:|1781590827
|switch|p1a: 10 000 000 000|Maushold|100/100
|-damage|p1a: 10 000 000 000|88/100|[from] Stealth Rock
|turn|23
|
|t:|1781590834
|-terastallize|p1a: 10 000 000 000|Ghost
|move|p2a: Zamazenta|Body Press|p1a: 10 000 000 000
|-immune|p1a: 10 000 000 000
|move|p1a: 10 000 000 000|Tidy Up|p1a: 10 000 000 000
|-sideend|p1: ascended tusk 69|Stealth Rock
|-activate|p1a: 10 000 000 000|move: Tidy Up
|-boost|p1a: 10 000 000 000|atk|1
|-boost|p1a: 10 000 000 000|spe|1
|
|upkeep
|turn|24
|
|t:|1781590838
|move|p1a: 10 000 000 000|Encore|p2a: Zamazenta
|-start|p2a: Zamazenta|Encore
|move|p2a: Zamazenta|Body Press|p1a: 10 000 000 000
|-immune|p1a: 10 000 000 000
|
|upkeep
|turn|25
|
|t:|1781590846
|switch|p2a: Hoopa|Hoopa-Unbound|100/100 par
|move|p1a: 10 000 000 000|Tidy Up|p1a: 10 000 000 000
|-boost|p1a: 10 000 000 000|atk|1
|-boost|p1a: 10 000 000 000|spe|1
|
|upkeep
|turn|26
|c|☆ascended tusk 69|!learn hoopa-u, sucker punch
|c| ascended tusk 69|/raw <div class="infobox">In [Gen 9] OU, Hoopa-Unbound <span class="message-learn-cannotlearn">can't</span> learn Sucker Punch</div>
|
|t:|1781590860
|move|p1a: 10 000 000 000|Population Bomb|p2a: Hoopa
|-crit|p2a: Hoopa
|-damage|p2a: Hoopa|65/100 par
|-damage|p2a: Hoopa|40/100 par
|-damage|p2a: Hoopa|15/100 par
|-damage|p2a: Hoopa|0 fnt
|faint|p2a: Hoopa
|-hitcount|p2: Hoopa|4
|
|upkeep
|
|t:|1781590862
|switch|p2a: Landorus|Landorus-Therian, M|90/100
|-ability|p2a: Landorus|Intimidate|boost
|-unboost|p1a: 10 000 000 000|atk|1
|turn|27
|
|t:|1781590868
|switch|p2a: Rotom|Rotom-Wash|28/100
|move|p1a: 10 000 000 000|Population Bomb|p2a: Rotom
|-crit|p2a: Rotom
|-damage|p2a: Rotom|6/100
|-damage|p2a: Rotom|0 fnt
|faint|p2a: Rotom
|-hitcount|p2: Rotom|2
|
|upkeep
|j| kanaete onegai
|
|t:|1781590877
|switch|p2a: Cinderace|Cinderace, M|100/100
|turn|28
|
|t:|1781590881
|move|p2a: Cinderace|Sucker Punch|p1a: 10 000 000 000
|-start|p2a: Cinderace|typechange|Dark|[from] ability: Libero
|-supereffective|p1a: 10 000 000 000
|-damage|p1a: 10 000 000 000|0 fnt
|faint|p1a: 10 000 000 000
|
|upkeep
|
|t:|1781590883
|switch|p1a: Himiko|Gliscor, F|100/100 tox
|turn|29
|c|☆ascended tusk 69|jobber
|c| kanaete onegai|that sucker punch hoopa check,fair enough
|
|t:|1781590892
|move|p2a: Cinderace|U-turn|p1a: Himiko
|-resisted|p1a: Himiko
|-damage|p1a: Himiko|90/100 tox
|
|t:|1781590893
|switch|p2a: Zamazenta|Zamazenta, tera:Fire|100/100|[from] U-turn
|move|p1a: Himiko|Agility|p1a: Himiko
|-boost|p1a: Himiko|spe|2
|
|-heal|p1a: Himiko|100/100 tox|[from] ability: Poison Heal
|upkeep
|turn|30
|c|☆ascended tusk 69|i dont know nun
|
|t:|1781590899
|move|p1a: Himiko|Swords Dance|p1a: Himiko
|-boost|p1a: Himiko|atk|2
|move|p2a: Zamazenta|Iron Defense|p2a: Zamazenta
|-boost|p2a: Zamazenta|def|2
|
|upkeep
|turn|31
|
|t:|1781590901
|move|p1a: Himiko|Earthquake|p2a: Zamazenta
|-supereffective|p2a: Zamazenta
|-damage|p2a: Zamazenta|32/100
|move|p2a: Zamazenta|Iron Defense|p2a: Zamazenta
|-boost|p2a: Zamazenta|def|2
|
|-heal|p2a: Zamazenta|38/100|[from] item: Leftovers
|upkeep
|turn|32
|
|t:|1781590904
|move|p1a: Himiko|Earthquake|p2a: Zamazenta
|-supereffective|p2a: Zamazenta
|-damage|p2a: Zamazenta|0 fnt
|faint|p2a: Zamazenta
|
|upkeep
|
|t:|1781590907
|switch|p2a: Cinderace|Cinderace, M|100/100
|turn|33
|
|t:|1781590913
|move|p1a: Himiko|Knock Off|p2a: Cinderace
|-damage|p2a: Cinderace|14/100
|-enditem|p2a: Cinderace|Heavy-Duty Boots|[from] move: Knock Off|[of] p1a: Himiko
|move|p2a: Cinderace|Pyro Ball|p1a: Himiko
|-damage|p1a: Himiko|42/100 tox
|
|-heal|p1a: Himiko|55/100 tox|[from] ability: Poison Heal
|upkeep
|turn|34
|
|t:|1781590919
|move|p2a: Cinderace|Sucker Punch|p1a: Himiko
|-start|p2a: Cinderace|typechange|Dark|[from] ability: Libero
|-damage|p1a: Himiko|25/100 tox
|move|p1a: Himiko|Knock Off|p2a: Cinderace
|-resisted|p2a: Cinderace
|-damage|p2a: Cinderace|0 fnt
|faint|p2a: Cinderace
|
|-heal|p1a: Himiko|37/100 tox|[from] ability: Poison Heal
|upkeep
|
|t:|1781590921
|switch|p2a: Landorus|Landorus-Therian, M|90/100
|-ability|p2a: Landorus|Intimidate|boost
|-unboost|p1a: Himiko|atk|1
|turn|35
|
|t:|1781590925
|move|p1a: Himiko|Swords Dance|p1a: Himiko
|-boost|p1a: Himiko|atk|2
|move|p2a: Landorus|Stone Edge|p1a: Himiko
|-damage|p1a: Himiko|0 fnt
|faint|p1a: Himiko
|
|win|StarDio
|raw|ascended tusk 69's rating: 1730 &rarr; <strong>1710</strong><br />(-20 for losing)
|raw|StarDio's rating: 1722 &rarr; <strong>1742</strong><br />(+20 for winning)
|c|☆ascended tusk 69|wtf
|c|☆ascended tusk 69|wtf
|c|☆ascended tusk 69|wtf
|c|☆ascended tusk 69|wtf
|c|☆ascended tusk 69|wtf
|c|☆ascended tusk 69|luck
|c|☆ascended tusk 69|luck
|l|☆ascended tusk 69
|player|p1|
|c|☆StarDio|LMAOOO
|c| kanaete onegai|that got a lil bit scary
|l|☆StarDio
|player|p2|
|l| pls game
