|j|☆scorpion257
|j|☆lolcano46
|t:|1780961286
|gametype|singles
|player|p1|scorpion257|benga|1683
|player|p2|lolcano46|fisherman-gen4|1623
|gen|9
|tier|[Gen 9] OU
|rated|
|rule|HP Percentage Mod: HP is shown in percentages
|rule|Endless Battle Clause: Forcing endless battles is banned
|rule|Species Clause: Limit one of each Pokémon
|rule|OHKO Clause: OHKO moves are banned
|rule|Evasion Items Clause: Evasion items are banned
|rule|Evasion Moves Clause: Evasion moves are banned
|rule|Evasion Abilities Clause: Evasion abilities are banned
|rule|Sleep Moves Clause: Sleep-inducing moves are banned
|clearpoke
|poke|p1|Dondozo, M|
|poke|p1|Blissey, F|
|poke|p1|Corviknight, F|
|poke|p1|Weezing-Galar, M|
|poke|p1|Gliscor, F|
|poke|p1|Toxapex, M|
|poke|p2|Azelf|
|poke|p2|Ogerpon-Wellspring, F|
|poke|p2|Scizor, M|
|poke|p2|Gengar, M|
|poke|p2|Raging Bolt|
|poke|p2|Cinderace, F|
|teampreview
|inactive|Battle timer is ON: inactive players will automatically lose when time's up. (requested by lolcano46)
|inactive|scorpion257 also wants the timer to be on.
|
|t:|1780961311
|teamsize|p1|6
|teamsize|p2|6
|start
|switch|p1a: Gliscor|Gliscor, F|100/100
|switch|p2a: Cinderace|Cinderace, F|100/100
|turn|1
|inactive|lolcano46 has 120 seconds left.
|
|t:|1780961348
|move|p1a: Gliscor|Protect|p1a: Gliscor
|-singleturn|p1a: Gliscor|Protect
|move|p2a: Cinderace|Will-O-Wisp|p1a: Gliscor
|-activate|p1a: Gliscor|move: Protect
|
|-status|p1a: Gliscor|tox|[from] item: Toxic Orb
|upkeep
|turn|2
|
|t:|1780961351
|move|p2a: Cinderace|Pyro Ball|p1a: Gliscor
|-damage|p1a: Gliscor|53/100 tox
|move|p1a: Gliscor|Knock Off|p2a: Cinderace
|-damage|p2a: Cinderace|70/100
|-enditem|p2a: Cinderace|Heavy-Duty Boots|[from] move: Knock Off|[of] p1a: Gliscor
|
|-heal|p1a: Gliscor|66/100 tox|[from] ability: Poison Heal
|upkeep
|turn|3
|
|t:|1780961357
|switch|p2a: Ogerpon|Ogerpon-Wellspring, F|100/100
|move|p1a: Gliscor|Protect||[still]
|-fail|p1a: Gliscor
|
|-heal|p1a: Gliscor|78/100 tox|[from] ability: Poison Heal
|upkeep
|turn|4
|
|t:|1780961360
|switch|p1a: Toxapex|Toxapex, M|100/100
|move|p2a: Ogerpon|Swords Dance|p2a: Ogerpon
|-boost|p2a: Ogerpon|atk|2
|
|upkeep
|turn|5
|
|t:|1780961362
|switch|p2a: Gengar|Gengar, M|100/100
|switch|p1a: Dondozo|Dondozo, M|100/100
|
|upkeep
|turn|6
|
|t:|1780961366
|switch|p1a: Blissey|Blissey, F|100/100
|move|p2a: Gengar|Trick|p1a: Blissey
|-activate|p2a: Gengar|move: Trick|[of] p1a: Blissey
|-item|p1a: Blissey|Choice Scarf|[from] move: Trick
|-item|p2a: Gengar|Leftovers|[from] move: Trick
|
|upkeep
|turn|7
|
|t:|1780961372
|move|p2a: Gengar|Sludge Bomb|p1a: Blissey
|-damage|p1a: Blissey|87/100
|-status|p1a: Blissey|psn
|move|p1a: Blissey|Stealth Rock|p2a: Gengar
|-sidestart|p2: lolcano46|move: Stealth Rock
|
|-damage|p1a: Blissey|74/100 psn|[from] psn
|upkeep
|turn|8
|
|t:|1780961379
|-curestatus|p1a: Blissey|psn|[from] ability: Natural Cure|[silent]
|switch|p1a: Gliscor|Gliscor, F|78/100 tox
|move|p2a: Gengar|Thunder Wave|p1a: Gliscor
|-immune|p1a: Gliscor
|
|-heal|p1a: Gliscor|91/100 tox|[from] ability: Poison Heal
|upkeep
|turn|9
|
|t:|1780961385
|move|p2a: Gengar|Shadow Ball|p1a: Gliscor
|-damage|p1a: Gliscor|54/100 tox
|move|p1a: Gliscor|Earthquake|p2a: Gengar
|-supereffective|p2a: Gengar
|-damage|p2a: Gengar|0 fnt
|faint|p2a: Gengar
|
|-heal|p1a: Gliscor|66/100 tox|[from] ability: Poison Heal
|upkeep
|
|t:|1780961390
|switch|p2a: Scizor|Scizor, M|100/100
|-damage|p2a: Scizor|88/100|[from] Stealth Rock
|turn|10
|
|t:|1780961396
|move|p1a: Gliscor|Protect|p1a: Gliscor
|-singleturn|p1a: Gliscor|Protect
|move|p2a: Scizor|Knock Off|p1a: Gliscor
|-activate|p1a: Gliscor|move: Protect
|
|-heal|p1a: Gliscor|79/100 tox|[from] ability: Poison Heal
|upkeep
|turn|11
|
|t:|1780961403
|move|p1a: Gliscor|Earthquake|p2a: Scizor
|-damage|p2a: Scizor|49/100
|move|p2a: Scizor|Knock Off|p1a: Gliscor
|-damage|p1a: Gliscor|48/100 tox
|-enditem|p1a: Gliscor|Toxic Orb|[from] move: Knock Off|[of] p2a: Scizor
|
|-heal|p1a: Gliscor|61/100 tox|[from] ability: Poison Heal
|upkeep
|turn|12
|
|t:|1780961411
|move|p1a: Gliscor|Protect|p1a: Gliscor
|-singleturn|p1a: Gliscor|Protect
|move|p2a: Scizor|Swords Dance|p2a: Scizor
|-boost|p2a: Scizor|atk|2
|
|-heal|p1a: Gliscor|73/100 tox|[from] ability: Poison Heal
|upkeep
|turn|13
|
|t:|1780961417
|switch|p1a: Dondozo|Dondozo, M|100/100
|move|p2a: Scizor|Bullet Punch|p1a: Dondozo
|-resisted|p1a: Dondozo
|-damage|p1a: Dondozo|92/100
|
|-heal|p1a: Dondozo|99/100|[from] item: Leftovers
|upkeep
|turn|14
|
|t:|1780961422
|move|p2a: Scizor|Knock Off|p1a: Dondozo
|-damage|p1a: Dondozo|81/100
|-enditem|p1a: Dondozo|Leftovers|[from] move: Knock Off|[of] p2a: Scizor
|move|p1a: Dondozo|Body Press|p2a: Scizor
|-damage|p2a: Scizor|20/100
|
|upkeep
|turn|15
|
|t:|1780961427
|switch|p2a: Cinderace|Cinderace, F|70/100
|-damage|p2a: Cinderace|45/100|[from] Stealth Rock
|move|p1a: Dondozo|Body Press|p2a: Cinderace
|-damage|p2a: Cinderace|6/100
|
|upkeep
|turn|16
|
|t:|1780961432
|switch|p1a: Gliscor|Gliscor, F|73/100 tox
|move|p2a: Cinderace|Court Change|p2a: Cinderace
|-start|p2a: Cinderace|typechange|Normal|[from] ability: Libero
|-swapsideconditions
|-activate|p2a: Cinderace|move: Court Change
|
|-heal|p1a: Gliscor|86/100 tox|[from] ability: Poison Heal
|upkeep
|turn|17
|
|t:|1780961435
|move|p2a: Cinderace|Pyro Ball|p1a: Gliscor
|-damage|p1a: Gliscor|55/100 tox
|move|p1a: Gliscor|Spikes|p2a: Cinderace
|-sidestart|p2: lolcano46|Spikes
|
|-heal|p1a: Gliscor|68/100 tox|[from] ability: Poison Heal
|upkeep
|turn|18
|
|t:|1780961438
|move|p1a: Gliscor|Protect|p1a: Gliscor
|-singleturn|p1a: Gliscor|Protect
|move|p2a: Cinderace|Pyro Ball|p1a: Gliscor
|-activate|p1a: Gliscor|move: Protect
|
|-heal|p1a: Gliscor|80/100 tox|[from] ability: Poison Heal
|upkeep
|turn|19
|
|t:|1780961440
|move|p2a: Cinderace|Pyro Ball|p1a: Gliscor
|-damage|p1a: Gliscor|50/100 tox
|move|p1a: Gliscor|Knock Off|p2a: Cinderace
|-damage|p2a: Cinderace|0 fnt
|faint|p2a: Cinderace
|
|-heal|p1a: Gliscor|62/100 tox|[from] ability: Poison Heal
|upkeep
|
|t:|1780961444
|switch|p2a: Ogerpon|Ogerpon-Wellspring, F|100/100
|-damage|p2a: Ogerpon|88/100|[from] Spikes
|turn|20
|
|t:|1780961447
|switch|p1a: Toxapex|Toxapex, M|100/100
|-damage|p1a: Toxapex|88/100|[from] Stealth Rock
|move|p2a: Ogerpon|Swords Dance|p2a: Ogerpon
|-boost|p2a: Ogerpon|atk|2
|
|-heal|p1a: Toxapex|94/100|[from] item: Leftovers
|upkeep
|turn|21
|
|t:|1780961451
|move|p2a: Ogerpon|Swords Dance|p2a: Ogerpon
|-boost|p2a: Ogerpon|atk|2
|move|p1a: Toxapex|Toxic|p2a: Ogerpon
|-status|p2a: Ogerpon|tox
|
|-heal|p1a: Toxapex|100/100|[from] item: Leftovers
|-damage|p2a: Ogerpon|82/100 tox|[from] psn
|upkeep
|turn|22
|
|t:|1780961473
|switch|p1a: Corviknight|Corviknight, F|100/100
|-damage|p1a: Corviknight|88/100|[from] Stealth Rock
|-ability|p1a: Corviknight|Pressure
|move|p2a: Ogerpon|Ivy Cudgel|p1a: Corviknight|[anim] Ivy Cudgel Water
|-damage|p1a: Corviknight|0 fnt
|faint|p1a: Corviknight
|
|-damage|p2a: Ogerpon|70/100 tox|[from] psn
|upkeep
|
|t:|1780961475
|switch|p1a: Dondozo|Dondozo, M|81/100
|-damage|p1a: Dondozo|69/100|[from] Stealth Rock
|turn|23
|
|t:|1780961481
|move|p2a: Ogerpon|Horn Leech|p1a: Dondozo
|-supereffective|p1a: Dondozo
|-damage|p1a: Dondozo|31/100
|-heal|p2a: Ogerpon|100/100 tox|[from] drain|[of] p1a: Dondozo
|move|p1a: Dondozo|Rest|p1a: Dondozo
|-status|p1a: Dondozo|slp|[from] move: Rest
|-heal|p1a: Dondozo|100/100 slp|[silent]
|
|-damage|p2a: Ogerpon|83/100 tox|[from] psn
|upkeep
|turn|24
|
|t:|1780961488
|switch|p2a: Raging Bolt|Raging Bolt|100/100
|-damage|p2a: Raging Bolt|88/100|[from] Spikes
|-enditem|p2a: Raging Bolt|Booster Energy
|-activate|p2a: Raging Bolt|ability: Protosynthesis|[fromitem]
|-start|p2a: Raging Bolt|protosynthesisspa
|cant|p1a: Dondozo|slp
|move|p1a: Dondozo|Sleep Talk|p1a: Dondozo
|move|p1a: Dondozo|Body Press|p2a: Raging Bolt|[from] move: Sleep Talk
|-crit|p2a: Raging Bolt
|-damage|p2a: Raging Bolt|49/100
|
|upkeep
|turn|25
|
|t:|1780961502
|switch|p1a: Blissey|Blissey, F|74/100
|-damage|p1a: Blissey|62/100|[from] Stealth Rock
|move|p2a: Raging Bolt|Calm Mind|p2a: Raging Bolt
|-boost|p2a: Raging Bolt|spa|1
|-boost|p2a: Raging Bolt|spd|1
|
|upkeep
|turn|26
|
|t:|1780961506
|move|p2a: Raging Bolt|Thunderbolt|p1a: Blissey
|-damage|p1a: Blissey|29/100
|move|p1a: Blissey|Seismic Toss|p2a: Raging Bolt
|-damage|p2a: Raging Bolt|23/100
|
|upkeep
|turn|27
|
|t:|1780961513
|move|p2a: Raging Bolt|Thunderbolt|p1a: Blissey
|-damage|p1a: Blissey|0 fnt
|faint|p1a: Blissey
|
|upkeep
|
|t:|1780961515
|switch|p1a: Toxapex|Toxapex, M|100/100
|-damage|p1a: Toxapex|88/100|[from] Stealth Rock
|turn|28
|
|t:|1780961527
|-terastallize|p1a: Toxapex|Steel
|move|p2a: Raging Bolt|Thunderbolt|p1a: Toxapex
|-damage|p1a: Toxapex|20/100
|-status|p1a: Toxapex|par
|cant|p1a: Toxapex|par
|
|-heal|p1a: Toxapex|26/100 par|[from] item: Leftovers
|upkeep
|turn|29
|-message|scorpion257 forfeited.
|
|win|lolcano46
|raw|scorpion257's rating: 1683 &rarr; <strong>1660</strong><br />(-23 for losing)
|raw|lolcano46's rating: 1623 &rarr; <strong>1646</strong><br />(+23 for winning)
|l|☆scorpion257
|player|p1|
|l|☆lolcano46
|player|p2|
