|j|☆warning 1313
|j|☆stevstacks
|t:|1780907672
|gametype|singles
|player|p1|warning 1313|guitarist|1634
|player|p2|stevstacks|170|1712
|gen|9
|tier|[Gen 9] OU
|rated|
|rule|HP Percentage Mod: HP is shown in percentages
|rule|Endless Battle Clause: Forcing endless battles is banned
|rule|Species Clause: Limit one of each Pokémon
|rule|OHKO Clause: OHKO moves are banned
|rule|Evasion Items Clause: Evasion items are banned
|rule|Evasion Moves Clause: Evasion moves are banned
|rule|Evasion Abilities Clause: Evasion abilities are banned
|rule|Sleep Moves Clause: Sleep-inducing moves are banned
|clearpoke
|poke|p1|Iron Moth|
|poke|p1|Gliscor, F|
|poke|p1|Hatterene, F|
|poke|p1|Ogerpon-Wellspring, F|
|poke|p1|Raging Bolt|
|poke|p1|Zamazenta-*|
|poke|p2|Torkoal, F|
|poke|p2|Corviknight, F|
|poke|p2|Walking Wake|
|poke|p2|Dragonite, M|
|poke|p2|Great Tusk|
|poke|p2|Raging Bolt|
|teampreview
|inactive|Battle timer is ON: inactive players will automatically lose when time's up. (requested by stevstacks)
|
|t:|1780907679
|teamsize|p1|6
|teamsize|p2|6
|start
|switch|p1a: Zamazenta|Zamazenta|100/100
|switch|p2a: Great Tusk|Great Tusk, shiny|100/100
|-ability|p1a: Zamazenta|Dauntless Shield|boost
|-boost|p1a: Zamazenta|def|1
|turn|1
|
|t:|1780907683
|move|p1a: Zamazenta|Reflect|p1a: Zamazenta
|-sidestart|p1: warning 1313|Reflect
|move|p2a: Great Tusk|Knock Off|p1a: Zamazenta
|-resisted|p1a: Zamazenta
|-damage|p1a: Zamazenta|94/100
|-enditem|p1a: Zamazenta|Light Clay|[from] move: Knock Off|[of] p2a: Great Tusk
|-damage|p2a: Great Tusk|91/100|[from] item: Life Orb
|
|upkeep
|turn|2
|
|t:|1780907686
|-end|p2a: Great Tusk|Protosynthesis|[silent]
|switch|p2a: Torkoal|Torkoal, F, shiny|100/100
|-weather|SunnyDay|[from] ability: Drought|[of] p2a: Torkoal
|move|p1a: Zamazenta|Ice Fang|p2a: Torkoal
|-resisted|p2a: Torkoal
|-damage|p2a: Torkoal|94/100
|
|-weather|SunnyDay|[upkeep]
|upkeep
|turn|3
|
|t:|1780907692
|switch|p1a: Hatterene|Hatterene, F|100/100
|switch|p2a: Great Tusk|Great Tusk, shiny|91/100
|-activate|p2a: Great Tusk|ability: Protosynthesis
|-start|p2a: Great Tusk|protosynthesisatk
|
|-weather|SunnyDay|[upkeep]
|upkeep
|turn|4
|
|t:|1780907698
|-end|p2a: Great Tusk|Protosynthesis|[silent]
|switch|p2a: Corviknight|Corviknight, F, shiny|100/100
|-ability|p2a: Corviknight|Pressure
|switch|p1a: Zamazenta|Zamazenta|94/100
|
|-weather|SunnyDay|[upkeep]
|upkeep
|turn|5
|
|t:|1780907700
|move|p1a: Zamazenta|Light Screen|p1a: Zamazenta
|-sidestart|p1: warning 1313|move: Light Screen
|move|p2a: Corviknight|Defog|p1a: Zamazenta
|-unboost|p1a: Zamazenta|evasion|1
|-sideend|p1: warning 1313|Reflect
|-sideend|p1: warning 1313|move: Light Screen
|
|-weather|SunnyDay|[upkeep]
|upkeep
|turn|6
|
|t:|1780907702
|move|p1a: Zamazenta|Reflect|p1a: Zamazenta
|-sidestart|p1: warning 1313|Reflect
|move|p2a: Corviknight|Brave Bird|p1a: Zamazenta
|-supereffective|p1a: Zamazenta
|-damage|p1a: Zamazenta|66/100
|-damage|p2a: Corviknight|91/100|[from] Recoil
|
|-weather|SunnyDay|[upkeep]
|-heal|p2a: Corviknight|98/100|[from] item: Leftovers
|upkeep
|turn|7
|
|t:|1780907706
|switch|p1a: Hatterene|Hatterene, F|100/100
|move|p2a: Corviknight|Defog|p1a: Hatterene
|move|p1a: Hatterene|Defog|p2a: Corviknight|[from] ability: Magic Bounce
|-unboost|p2a: Corviknight|evasion|1
|
|-weather|SunnyDay|[upkeep]
|-heal|p2a: Corviknight|100/100|[from] item: Leftovers
|upkeep
|turn|8
|
|t:|1780907715
|move|p2a: Corviknight|Brave Bird|p1a: Hatterene
|-damage|p1a: Hatterene|84/100
|-damage|p2a: Corviknight|96/100|[from] Recoil
|move|p1a: Hatterene|Calm Mind|p1a: Hatterene
|-boost|p1a: Hatterene|spa|1
|-boost|p1a: Hatterene|spd|1
|
|-weather|SunnyDay|[upkeep]
|-heal|p2a: Corviknight|100/100|[from] item: Leftovers
|-heal|p1a: Hatterene|90/100|[from] item: Leftovers
|upkeep
|turn|9
|
|t:|1780907720
|move|p2a: Corviknight|Brave Bird|p1a: Hatterene
|-crit|p1a: Hatterene
|-damage|p1a: Hatterene|43/100
|-damage|p2a: Corviknight|88/100|[from] Recoil
|move|p1a: Hatterene|Calm Mind|p1a: Hatterene
|-boost|p1a: Hatterene|spa|1
|-boost|p1a: Hatterene|spd|1
|
|-weather|none
|-heal|p2a: Corviknight|94/100|[from] item: Leftovers
|-heal|p1a: Hatterene|49/100|[from] item: Leftovers
|upkeep
|turn|10
|
|t:|1780907722
|move|p2a: Corviknight|Brave Bird|p1a: Hatterene
|-damage|p1a: Hatterene|34/100
|-damage|p2a: Corviknight|90/100|[from] Recoil
|move|p1a: Hatterene|Mystical Fire|p2a: Corviknight
|-supereffective|p2a: Corviknight
|-damage|p2a: Corviknight|31/100
|-unboost|p2a: Corviknight|spa|1
|
|-heal|p2a: Corviknight|37/100|[from] item: Leftovers
|-heal|p1a: Hatterene|40/100|[from] item: Leftovers
|-sideend|p1: warning 1313|Reflect
|upkeep
|turn|11
|
|t:|1780907729
|move|p2a: Corviknight|Brave Bird|p1a: Hatterene
|-damage|p1a: Hatterene|6/100
|-damage|p2a: Corviknight|28/100|[from] Recoil
|move|p1a: Hatterene|Mystical Fire|p2a: Corviknight
|-supereffective|p2a: Corviknight
|-damage|p2a: Corviknight|0 fnt
|faint|p2a: Corviknight
|
|-heal|p1a: Hatterene|12/100|[from] item: Leftovers
|upkeep
|
|t:|1780907738
|switch|p2a: Great Tusk|Great Tusk, shiny|91/100
|turn|12
|
|t:|1780907742
|switch|p1a: Zamazenta|Zamazenta|66/100
|move|p2a: Great Tusk|Knock Off|p1a: Zamazenta
|-resisted|p1a: Zamazenta
|-damage|p1a: Zamazenta|54/100
|-damage|p2a: Great Tusk|81/100|[from] item: Life Orb
|
|upkeep
|turn|13
|
|t:|1780907744
|move|p1a: Zamazenta|Reflect|p1a: Zamazenta
|-sidestart|p1: warning 1313|Reflect
|move|p2a: Great Tusk|Headlong Rush|p1a: Zamazenta
|-damage|p1a: Zamazenta|20/100
|-unboost|p2a: Great Tusk|def|1
|-unboost|p2a: Great Tusk|spd|1
|-damage|p2a: Great Tusk|71/100|[from] item: Life Orb
|
|upkeep
|turn|14
|
|t:|1780907747
|-end|p2a: Great Tusk|Protosynthesis|[silent]
|switch|p2a: Torkoal|Torkoal, F, shiny|94/100
|-weather|SunnyDay|[from] ability: Drought|[of] p2a: Torkoal
|move|p1a: Zamazenta|Light Screen|p1a: Zamazenta
|-sidestart|p1: warning 1313|move: Light Screen
|
|-weather|SunnyDay|[upkeep]
|upkeep
|turn|15
|
|t:|1780907752
|move|p1a: Zamazenta|Close Combat|p2a: Torkoal
|-damage|p2a: Torkoal|56/100
|-unboost|p1a: Zamazenta|def|1
|-unboost|p1a: Zamazenta|spd|1
|move|p2a: Torkoal|Overheat|p1a: Zamazenta
|-damage|p1a: Zamazenta|0 fnt
|-unboost|p2a: Torkoal|spa|2
|faint|p1a: Zamazenta
|
|-weather|SunnyDay|[upkeep]
|upkeep
|
|t:|1780907761
|switch|p1a: Ogerpon|Ogerpon-Wellspring, F|100/100
|turn|16
|
|t:|1780907779
|move|p1a: Ogerpon|Trailblaze|p2a: Torkoal
|-resisted|p2a: Torkoal
|-damage|p2a: Torkoal|45/100
|-boost|p1a: Ogerpon|spe|1
|move|p2a: Torkoal|Will-O-Wisp|p1a: Ogerpon
|-status|p1a: Ogerpon|brn
|
|-weather|SunnyDay|[upkeep]
|-damage|p1a: Ogerpon|95/100 brn|[from] brn
|upkeep
|turn|17
|
|t:|1780907784
|switch|p2a: Raging Bolt|Raging Bolt|100/100
|-activate|p2a: Raging Bolt|ability: Protosynthesis
|-start|p2a: Raging Bolt|protosynthesisspa
|move|p1a: Ogerpon|Swords Dance|p1a: Ogerpon
|-boost|p1a: Ogerpon|atk|2
|
|-weather|SunnyDay|[upkeep]
|-damage|p1a: Ogerpon|89/100 brn|[from] brn
|-sideend|p1: warning 1313|Reflect
|upkeep
|turn|18
|l|☆stevstacks
|inactive|stevstacks disconnected and has a minute to reconnect!
|player|p2|
|j|☆stevstacks
|inactive|stevstacks reconnected and has 135 seconds left.
|player|p2|stevstacks|170|
|l|☆stevstacks
|inactive|stevstacks disconnected and has a minute to reconnect!
|player|p2|
|j|☆stevstacks
|inactive|stevstacks reconnected and has 125 seconds left.
|player|p2|stevstacks|170|
|inactive|stevstacks has 120 seconds left.
|
|t:|1780907823
|move|p1a: Ogerpon|Swords Dance|p1a: Ogerpon
|-boost|p1a: Ogerpon|atk|2
|move|p2a: Raging Bolt|Draco Meteor|p1a: Ogerpon
|-damage|p1a: Ogerpon|35/100 brn
|-unboost|p2a: Raging Bolt|spa|2
|
|-weather|SunnyDay|[upkeep]
|-damage|p1a: Ogerpon|29/100 brn|[from] brn
|-sideend|p1: warning 1313|move: Light Screen
|upkeep
|turn|19
|
|t:|1780907835
|move|p1a: Ogerpon|Ivy Cudgel|p2a: Raging Bolt|[anim] Ivy Cudgel Water
|-resisted|p2a: Raging Bolt
|-damage|p2a: Raging Bolt|79/100
|move|p2a: Raging Bolt|Draco Meteor|p1a: Ogerpon
|-damage|p1a: Ogerpon|0 fnt
|-unboost|p2a: Raging Bolt|spa|2
|faint|p1a: Ogerpon
|
|-weather|SunnyDay|[upkeep]
|upkeep
|
|t:|1780907847
|switch|p1a: Gliscor|Gliscor, F|100/100
|turn|20
|
|t:|1780907850
|-end|p2a: Raging Bolt|Protosynthesis|[silent]
|switch|p2a: Great Tusk|Great Tusk, shiny|71/100
|-activate|p2a: Great Tusk|ability: Protosynthesis
|-start|p2a: Great Tusk|protosynthesisatk
|move|p1a: Gliscor|Swords Dance|p1a: Gliscor
|-boost|p1a: Gliscor|atk|2
|
|-weather|SunnyDay|[upkeep]
|-status|p1a: Gliscor|tox|[from] item: Toxic Orb
|upkeep
|turn|21
|
|t:|1780907857
|-terastallize|p1a: Gliscor|Normal
|move|p2a: Great Tusk|Ice Spinner|p1a: Gliscor
|-damage|p1a: Gliscor|59/100 tox
|-damage|p2a: Great Tusk|61/100|[from] item: Life Orb
|move|p1a: Gliscor|Agility|p1a: Gliscor
|-boost|p1a: Gliscor|spe|2
|
|-weather|none
|-end|p2a: Great Tusk|Protosynthesis
|-heal|p1a: Gliscor|71/100 tox|[from] ability: Poison Heal
|upkeep
|turn|22
|
|t:|1780907863
|move|p1a: Gliscor|Facade|p2a: Great Tusk
|-damage|p2a: Great Tusk|0 fnt
|faint|p2a: Great Tusk
|-end|p2a: Great Tusk|Protosynthesis|[silent]
|
|-heal|p1a: Gliscor|83/100 tox|[from] ability: Poison Heal
|upkeep
|
|t:|1780907866
|switch|p2a: Dragonite|Dragonite, M, shiny|100/100
|turn|23
|
|t:|1780907878
|move|p1a: Gliscor|Facade|p2a: Dragonite
|-damage|p2a: Dragonite|32/100
|move|p2a: Dragonite|Scale Shot|p1a: Gliscor
|-damage|p1a: Gliscor|70/100 tox
|-damage|p1a: Gliscor|58/100 tox
|-damage|p1a: Gliscor|47/100 tox
|-damage|p1a: Gliscor|35/100 tox
|-damage|p1a: Gliscor|23/100 tox
|-hitcount|p1a: Gliscor|5
|-unboost|p2a: Dragonite|def|1
|-boost|p2a: Dragonite|spe|1
|
|-heal|p1a: Gliscor|36/100 tox|[from] ability: Poison Heal
|upkeep
|turn|24
|
|t:|1780907887
|move|p1a: Gliscor|Facade|p2a: Dragonite
|-damage|p2a: Dragonite|0 fnt
|faint|p2a: Dragonite
|
|-heal|p1a: Gliscor|48/100 tox|[from] ability: Poison Heal
|upkeep
|
|t:|1780907890
|switch|p2a: Raging Bolt|Raging Bolt|79/100
|turn|25
|
|t:|1780907895
|move|p1a: Gliscor|Agility|p1a: Gliscor
|-boost|p1a: Gliscor|spe|2
|move|p2a: Raging Bolt|Draco Meteor|p1a: Gliscor
|-damage|p1a: Gliscor|0 fnt
|-unboost|p2a: Raging Bolt|spa|2
|faint|p1a: Gliscor
|
|upkeep
|
|t:|1780907900
|switch|p1a: Raging Bolt|Raging Bolt|100/100
|-enditem|p1a: Raging Bolt|Booster Energy
|-activate|p1a: Raging Bolt|ability: Protosynthesis|[fromitem]
|-start|p1a: Raging Bolt|protosynthesisspa
|turn|26
|
|t:|1780907902
|move|p2a: Raging Bolt|Draco Meteor|p1a: Raging Bolt
|-supereffective|p1a: Raging Bolt
|-damage|p1a: Raging Bolt|31/100
|-unboost|p2a: Raging Bolt|spa|2
|move|p1a: Raging Bolt|Dragon Pulse|p2a: Raging Bolt
|-supereffective|p2a: Raging Bolt
|-damage|p2a: Raging Bolt|0 fnt
|faint|p2a: Raging Bolt
|-end|p2a: Raging Bolt|Protosynthesis|[silent]
|
|upkeep
|
|t:|1780907908
|switch|p2a: Torkoal|Torkoal, F, shiny|45/100
|-weather|SunnyDay|[from] ability: Drought|[of] p2a: Torkoal
|turn|27
|
|t:|1780907919
|move|p1a: Raging Bolt|Calm Mind|p1a: Raging Bolt
|-boost|p1a: Raging Bolt|spa|1
|-boost|p1a: Raging Bolt|spd|1
|move|p2a: Torkoal|Will-O-Wisp|p1a: Raging Bolt
|-status|p1a: Raging Bolt|brn
|
|-weather|SunnyDay|[upkeep]
|-damage|p1a: Raging Bolt|25/100 brn|[from] brn
|upkeep
|turn|28
|
|t:|1780907924
|move|p1a: Raging Bolt|Thunderbolt|p2a: Torkoal
|-damage|p2a: Torkoal|0 fnt
|faint|p2a: Torkoal
|
|-weather|SunnyDay|[upkeep]
|-damage|p1a: Raging Bolt|19/100 brn|[from] brn
|upkeep
|
|t:|1780907925
|switch|p2a: Walking Wake|Walking Wake|100/100
|-activate|p2a: Walking Wake|ability: Protosynthesis
|-start|p2a: Walking Wake|protosynthesisspe
|turn|29
|
|t:|1780907926
|move|p1a: Raging Bolt|Thunderclap|p2a: Walking Wake
|-damage|p2a: Walking Wake|3/100
|move|p2a: Walking Wake|Hydro Steam|p1a: Raging Bolt
|-resisted|p1a: Raging Bolt
|-damage|p1a: Raging Bolt|0 fnt
|faint|p1a: Raging Bolt
|-end|p1a: Raging Bolt|Protosynthesis|[silent]
|
|-weather|SunnyDay|[upkeep]
|upkeep
|
|t:|1780907929
|switch|p1a: Iron Moth|Iron Moth|100/100
|-enditem|p1a: Iron Moth|Booster Energy
|-activate|p1a: Iron Moth|ability: Quark Drive|[fromitem]
|-start|p1a: Iron Moth|quarkdrivespe
|turn|30
|
|t:|1780907932
|move|p1a: Iron Moth|Sludge Wave|p2a: Walking Wake
|-damage|p2a: Walking Wake|0 fnt
|faint|p2a: Walking Wake
|-end|p2a: Walking Wake|Protosynthesis|[silent]
|
|win|warning 1313
|raw|warning 1313's rating: 1634 &rarr; <strong>1658</strong><br />(+24 for winning)
|raw|stevstacks's rating: 1712 &rarr; <strong>1688</strong><br />(-24 for losing)
|l|☆stevstacks
|player|p2|
|l|☆warning 1313
|player|p1|
