|j|☆mastersannin
|j|☆Flapy106
|t:|1781527524
|gametype|singles
|player|p1|mastersannin|265|1562
|player|p2|Flapy106|gentleman-gen4dp|1494
|gen|9
|tier|[Gen 9] OU
|rated|
|rule|HP Percentage Mod: HP is shown in percentages
|rule|Endless Battle Clause: Forcing endless battles is banned
|rule|Species Clause: Limit one of each Pokémon
|rule|OHKO Clause: OHKO moves are banned
|rule|Evasion Items Clause: Evasion items are banned
|rule|Evasion Moves Clause: Evasion moves are banned
|rule|Evasion Abilities Clause: Evasion abilities are banned
|rule|Sleep Moves Clause: Sleep-inducing moves are banned
|clearpoke
|poke|p1|Pelipper, M|
|poke|p1|Raging Bolt|
|poke|p1|Overqwil, F|
|poke|p1|Barraskewda, M|
|poke|p1|Iron Treads|
|poke|p1|Kingambit, F|
|poke|p2|Garchomp, M|
|poke|p2|Dragonite, M|
|poke|p2|Dragapult, M|
|poke|p2|Grimmsnarl, M|
|poke|p2|Noivern, M|
|poke|p2|Goodra-Hisui, F|
|teampreview
|inactive|Battle timer is ON: inactive players will automatically lose when time's up. (requested by mastersannin)
|inactive|mastersannin has 120 seconds left.
|inactive|mastersannin has 90 seconds left.
|
|t:|1781527591
|teamsize|p1|6
|teamsize|p2|6
|start
|switch|p1a: Barraskewda|Barraskewda, M|100/100
|switch|p2a: Snake|Garchomp, M|100/100
|turn|1
|
|t:|1781527599
|move|p1a: Barraskewda|Flip Turn|p2a: Snake
|-damage|p2a: Snake|53/100
|-damage|p1a: Barraskewda|88/100|[from] ability: Rough Skin|[of] p2a: Snake
|
|t:|1781527605
|switch|p1a: Pelipper|Pelipper, M|100/100|[from] Flip Turn
|-weather|RainDance|[from] ability: Drizzle|[of] p1a: Pelipper
|move|p2a: Snake|Scale Shot|p1a: Pelipper
|-damage|p1a: Pelipper|90/100
|-damage|p1a: Pelipper|80/100
|-damage|p1a: Pelipper|70/100
|-hitcount|p1a: Pelipper|3
|-unboost|p2a: Snake|def|1
|-boost|p2a: Snake|spe|1
|
|-weather|RainDance|[upkeep]
|upkeep
|turn|2
|
|t:|1781527619
|move|p2a: Snake|Stealth Rock|p1a: Pelipper
|-sidestart|p1: mastersannin|move: Stealth Rock
|move|p1a: Pelipper|Hurricane|p2a: Snake
|-damage|p2a: Snake|15/100
|
|-weather|RainDance|[upkeep]
|upkeep
|turn|3
|
|t:|1781527632
|switch|p2a: Selma|Goodra-Hisui, F|100/100
|move|p1a: Pelipper|U-turn|p2a: Selma
|-resisted|p2a: Selma
|-damage|p2a: Selma|96/100
|
|t:|1781527640
|switch|p1a: Overqwil|Overqwil, F|100/100|[from] U-turn
|-damage|p1a: Overqwil|88/100|[from] Stealth Rock
|
|-weather|RainDance|[upkeep]
|-heal|p2a: Selma|100/100|[from] item: Leftovers
|upkeep
|turn|4
|
|t:|1781527648
|move|p1a: Overqwil|Crunch|p2a: Selma
|-damage|p2a: Selma|49/100
|-damage|p1a: Overqwil|78/100|[from] item: Life Orb
|move|p2a: Selma|Knock Off|p1a: Overqwil
|-resisted|p1a: Overqwil
|-damage|p1a: Overqwil|66/100
|-enditem|p1a: Overqwil|Life Orb|[from] move: Knock Off|[of] p2a: Selma
|
|-weather|RainDance|[upkeep]
|-heal|p2a: Selma|55/100|[from] item: Leftovers
|upkeep
|turn|5
|
|t:|1781527660
|switch|p2a: Snake|Garchomp, M|15/100
|move|p1a: Overqwil|Swords Dance|p1a: Overqwil
|-boost|p1a: Overqwil|atk|2
|
|-weather|RainDance|[upkeep]
|upkeep
|turn|6
|
|t:|1781527672
|move|p1a: Overqwil|Gunk Shot|p2a: Snake
|-resisted|p2a: Snake
|-damage|p2a: Snake|0 fnt
|faint|p2a: Snake
|
|-weather|RainDance|[upkeep]
|upkeep
|
|t:|1781527680
|switch|p2a: Bart|Noivern, M|100/100
|turn|7
|
|t:|1781527701
|move|p2a: Bart|Boomburst|p1a: Overqwil
|-damage|p1a: Overqwil|0 fnt
|faint|p1a: Overqwil
|
|-weather|RainDance|[upkeep]
|upkeep
|
|t:|1781527708
|switch|p1a: Kingambit|Kingambit, F|100/100
|-damage|p1a: Kingambit|94/100|[from] Stealth Rock
|-activate|p1a: Kingambit|ability: Supreme Overlord
|-start|p1a: Kingambit|fallen1|[silent]
|turn|8
|
|t:|1781527715
|switch|p2a: Moe|Grimmsnarl, M|100/100
|move|p1a: Kingambit|Swords Dance|p1a: Kingambit
|-boost|p1a: Kingambit|atk|2
|
|-weather|none
|-heal|p1a: Kingambit|100/100|[from] item: Leftovers
|upkeep
|turn|9
|
|t:|1781527734
|move|p2a: Moe|Low Kick|p1a: Kingambit
|-supereffective|p1a: Kingambit
|-crit|p1a: Kingambit
|-damage|p1a: Kingambit|0 fnt
|faint|p1a: Kingambit
|-end|p1a: Kingambit|fallen1|[silent]
|
|upkeep
|
|t:|1781527739
|switch|p1a: Pelipper|Pelipper, M|70/100
|-damage|p1a: Pelipper|46/100|[from] Stealth Rock
|-weather|RainDance|[from] ability: Drizzle|[of] p1a: Pelipper
|turn|10
|
|t:|1781527754
|move|p2a: Moe|Bulk Up|p2a: Moe
|-boost|p2a: Moe|atk|1
|-boost|p2a: Moe|def|1
|move|p1a: Pelipper|U-turn|p2a: Moe
|-damage|p2a: Moe|92/100
|
|t:|1781527757
|switch|p1a: Raging Bolt|Raging Bolt|100/100|[from] U-turn
|-damage|p1a: Raging Bolt|88/100|[from] Stealth Rock
|-enditem|p1a: Raging Bolt|Booster Energy
|-activate|p1a: Raging Bolt|ability: Protosynthesis|[fromitem]
|-start|p1a: Raging Bolt|protosynthesisspa
|
|-weather|RainDance|[upkeep]
|upkeep
|turn|11
|
|t:|1781527768
|move|p2a: Moe|Trick|p1a: Raging Bolt
|-activate|p2a: Moe|move: Trick|[of] p1a: Raging Bolt
|-item|p1a: Raging Bolt|Ring Target|[from] move: Trick
|-enditem|p2a: Moe|Ring Target|[silent]|[from] move: Trick
|move|p1a: Raging Bolt|Thunder|p2a: Moe
|-damage|p2a: Moe|0 fnt
|faint|p2a: Moe
|
|-weather|RainDance|[upkeep]
|upkeep
|
|t:|1781527776
|switch|p2a: Mr. Burns|Dragapult, M|100/100
|turn|12
|
|t:|1781527785
|-terastallize|p2a: Mr. Burns|Dragon
|-terastallize|p1a: Raging Bolt|Fairy
|move|p2a: Mr. Burns|Draco Meteor|p1a: Raging Bolt
|-damage|p1a: Raging Bolt|0 fnt
|-unboost|p2a: Mr. Burns|spa|2
|faint|p1a: Raging Bolt
|-end|p1a: Raging Bolt|Protosynthesis|[silent]
|
|-weather|RainDance|[upkeep]
|upkeep
|
|t:|1781527802
|switch|p1a: Iron Treads|Iron Treads|100/100
|-damage|p1a: Iron Treads|97/100|[from] Stealth Rock
|-enditem|p1a: Iron Treads|Booster Energy
|-activate|p1a: Iron Treads|ability: Quark Drive|[fromitem]
|-start|p1a: Iron Treads|quarkdrivespe
|turn|13
|
|t:|1781527815
|switch|p2a: Bart|Noivern, M|100/100
|move|p1a: Iron Treads|Stealth Rock|p2a: Bart
|-sidestart|p2: Flapy106|move: Stealth Rock
|
|-weather|RainDance|[upkeep]
|upkeep
|turn|14
|
|t:|1781527822
|move|p2a: Bart|Switcheroo|p1a: Iron Treads
|-activate|p2a: Bart|move: Trick|[of] p1a: Iron Treads
|-item|p1a: Iron Treads|Choice Scarf|[from] move: Switcheroo
|-enditem|p2a: Bart|Choice Scarf|[silent]|[from] move: Switcheroo
|move|p1a: Iron Treads|Rapid Spin|p2a: Bart
|-damage|p2a: Bart|84/100
|-boost|p1a: Iron Treads|spe|1
|-sideend|p1: mastersannin|Stealth Rock|[from] move: Rapid Spin|[of] p1a: Iron Treads
|
|-weather|RainDance|[upkeep]
|upkeep
|turn|15
|
|t:|1781527830
|switch|p2a: Selma|Goodra-Hisui, F|55/100
|-damage|p2a: Selma|49/100|[from] Stealth Rock
|move|p1a: Iron Treads|Rapid Spin|p2a: Selma
|-resisted|p2a: Selma
|-damage|p2a: Selma|44/100
|-boost|p1a: Iron Treads|spe|1
|
|-weather|RainDance|[upkeep]
|-heal|p2a: Selma|50/100|[from] item: Leftovers
|upkeep
|turn|16
|-message|mastersannin forfeited.
|
|win|Flapy106
|raw|mastersannin's rating: 1562 &rarr; <strong>1538</strong><br />(-24 for losing)
|raw|Flapy106's rating: 1494 &rarr; <strong>1518</strong><br />(+24 for winning)
|l|☆mastersannin
|player|p1|
