|badge|p2|bronze|gen9ou|100-9
|uhtml|medal-msg|<div class="broadcast-blue">Curious what those medals under the avatar are? PS now has Ladder Seasons! For more information, check out the <a href="https://www.smogon.com/forums/threads/3740067/">thread on Smogon.</a></div>
|j|‽rrbrru
|j|☆dsekop
|t:|1781588324
|gametype|singles
|player|p1|rrbrru|101|1531
|player|p2|dsekop|unknown|1799
|gen|9
|tier|[Gen 9] OU
|rated|
|rule|HP Percentage Mod: HP is shown in percentages
|rule|Endless Battle Clause: Forcing endless battles is banned
|rule|Species Clause: Limit one of each Pokémon
|rule|OHKO Clause: OHKO moves are banned
|rule|Evasion Items Clause: Evasion items are banned
|rule|Evasion Moves Clause: Evasion moves are banned
|rule|Evasion Abilities Clause: Evasion abilities are banned
|rule|Sleep Moves Clause: Sleep-inducing moves are banned
|clearpoke
|poke|p1|Tyranitar, F|
|poke|p1|Excadrill, F|
|poke|p1|Hydrapple, M|
|poke|p1|Tornadus-Therian, M|
|poke|p1|Alomomola, M|
|poke|p1|Houndstone, F|
|poke|p2|Glimmora, M|
|poke|p2|Iron Treads|
|poke|p2|Polteageist-Antique|
|poke|p2|Raging Bolt|
|poke|p2|Dragonite, F|
|poke|p2|Zamazenta-*|
|teampreview
|inactive|Battle timer is ON: inactive players will automatically lose when time's up. (requested by dsekop)
|
|t:|1781588331
|teamsize|p1|6
|teamsize|p2|6
|start
|switch|p1a: Tyranitar|Tyranitar, F|100/100
|switch|p2a: Iron Treads|Iron Treads|100/100
|-weather|Sandstorm|[from] ability: Sand Stream|[of] p1a: Tyranitar
|-enditem|p2a: Iron Treads|Booster Energy
|-activate|p2a: Iron Treads|ability: Quark Drive|[fromitem]
|-start|p2a: Iron Treads|quarkdrivespe
|turn|1
|
|t:|1781588343
|switch|p1a: Houndstone|Houndstone, F|100/100
|move|p2a: Iron Treads|Stealth Rock|p1a: Houndstone
|-sidestart|p1: rrbrru|move: Stealth Rock
|
|-weather|Sandstorm|[upkeep]
|upkeep
|turn|2
|
|t:|1781588347
|move|p1a: Houndstone|Trick|p2a: Iron Treads
|-activate|p1a: Houndstone|move: Trick|[of] p2a: Iron Treads
|-item|p2a: Iron Treads|Choice Band|[from] move: Trick
|-enditem|p1a: Houndstone|Choice Band|[silent]|[from] move: Trick
|move|p2a: Iron Treads|Knock Off|p1a: Houndstone
|-supereffective|p1a: Houndstone
|-damage|p1a: Houndstone|40/100
|
|-weather|Sandstorm|[upkeep]
|upkeep
|turn|3
|
|t:|1781588353
|move|p1a: Houndstone|Will-O-Wisp|p2a: Iron Treads
|-status|p2a: Iron Treads|brn
|move|p2a: Iron Treads|Knock Off|p1a: Houndstone
|-supereffective|p1a: Houndstone
|-damage|p1a: Houndstone|10/100
|
|-weather|Sandstorm|[upkeep]
|-damage|p2a: Iron Treads|94/100 brn|[from] brn
|upkeep
|turn|4
|
|t:|1781588356
|move|p1a: Houndstone|Destiny Bond|p1a: Houndstone
|-singlemove|p1a: Houndstone|Destiny Bond
|move|p2a: Iron Treads|Knock Off|p1a: Houndstone
|-supereffective|p1a: Houndstone
|-damage|p1a: Houndstone|0 fnt
|faint|p1a: Houndstone
|-activate|p1a: Houndstone|move: Destiny Bond
|faint|p2a: Iron Treads
|-end|p2a: Iron Treads|Quark Drive|[silent]
|
|-weather|Sandstorm|[upkeep]
|upkeep
|
|t:|1781588364
|switch|p2a: 快龙一定要快|Dragonite, F|100/100
|switch|p1a: Excadrill|Excadrill, F|100/100
|-damage|p1a: Excadrill|97/100|[from] Stealth Rock
|turn|5
|
|t:|1781588392
|switch|p1a: Alomomola|Alomomola, M|100/100
|move|p2a: 快龙一定要快|Earthquake|p1a: Alomomola
|-damage|p1a: Alomomola|68/100
|
|-weather|none
|upkeep
|turn|6
|
|t:|1781588397
|switch|p2a: Glimmora|Glimmora, M|100/100
|move|p1a: Alomomola|Flip Turn|p2a: Glimmora
|-supereffective|p2a: Glimmora
|-damage|p2a: Glimmora|59/100
|-activate|p2a: Glimmora|ability: Toxic Debris
|-sidestart|p1: rrbrru|move: Toxic Spikes
|
|t:|1781588400
|switch|p1a: Excadrill|Excadrill, F|97/100|[from] Flip Turn
|-damage|p1a: Excadrill|94/100|[from] Stealth Rock
|
|-heal|p1a: Excadrill|100/100|[from] item: Leftovers
|upkeep
|turn|7
|
|t:|1781588408
|switch|p2a: Polteageist|Polteageist-Antique|100/100
|-terastallize|p1a: Excadrill|Ground
|move|p1a: Excadrill|Earthquake|p2a: Polteageist
|-enditem|p2a: Polteageist|Focus Sash
|-damage|p2a: Polteageist|1/100
|-ability|p2a: Polteageist|Weak Armor|boost
|-unboost|p2a: Polteageist|def|1
|-boost|p2a: Polteageist|spe|2
|
|upkeep
|turn|8
|
|t:|1781588412
|switch|p1a: Tyranitar|Tyranitar, F|100/100
|-damage|p1a: Tyranitar|88/100|[from] Stealth Rock
|-status|p1a: Tyranitar|psn
|-weather|Sandstorm|[from] ability: Sand Stream|[of] p1a: Tyranitar
|move|p2a: Polteageist|Pain Split|p1a: Tyranitar
|-sethp|p1a: Tyranitar|44/100 psn|[from] move: Pain Split|[silent]
|-sethp|p2a: Polteageist|68/100|[from] move: Pain Split
|
|-weather|Sandstorm|[upkeep]
|-damage|p2a: Polteageist|62/100|[from] Sandstorm
|-heal|p1a: Tyranitar|51/100 psn|[from] item: Leftovers
|-damage|p1a: Tyranitar|38/100 psn|[from] psn
|upkeep
|turn|9
|inactive|rrbrru has 120 seconds left.
|
|t:|1781588455
|move|p2a: Polteageist|Shadow Ball|p1a: Tyranitar
|-resisted|p1a: Tyranitar
|-damage|p1a: Tyranitar|27/100 psn
|move|p1a: Tyranitar|Knock Off|p2a: Polteageist
|-supereffective|p2a: Polteageist
|-damage|p2a: Polteageist|0 fnt
|faint|p2a: Polteageist
|
|-weather|Sandstorm|[upkeep]
|-heal|p1a: Tyranitar|33/100 psn|[from] item: Leftovers
|-damage|p1a: Tyranitar|21/100 psn|[from] psn
|upkeep
|
|t:|1781588470
|switch|p2a: Glimmora|Glimmora, M|59/100
|turn|10
|inactive|rrbrru has 120 seconds left.
|
|t:|1781588475
|switch|p1a: Excadrill|Excadrill, F, tera:Ground|100/100
|-damage|p1a: Excadrill|94/100|[from] Stealth Rock
|-status|p1a: Excadrill|psn
|move|p2a: Glimmora|Energy Ball|p1a: Excadrill
|-supereffective|p1a: Excadrill
|-damage|p1a: Excadrill|4/100 psn
|
|-weather|Sandstorm|[upkeep]
|-heal|p1a: Excadrill|10/100 psn|[from] item: Leftovers
|-damage|p1a: Excadrill|0 fnt|[from] psn
|faint|p1a: Excadrill
|upkeep
|inactive|rrbrru has 120 seconds left.
|
|t:|1781588484
|switch|p1a: Alomomola|Alomomola, M|100/100
|turn|11
|
|t:|1781588489
|switch|p2a: 快龙一定要快|Dragonite, F|100/100
|move|p1a: Alomomola|Flip Turn|p2a: 快龙一定要快
|-resisted|p2a: 快龙一定要快
|-damage|p2a: 快龙一定要快|97/100
|
|t:|1781588495
|switch|p1a: Tornadus|Tornadus-Therian, M|100/100|[from] Flip Turn
|
|-weather|Sandstorm|[upkeep]
|-damage|p1a: Tornadus|94/100|[from] Sandstorm
|-damage|p2a: 快龙一定要快|91/100|[from] Sandstorm
|upkeep
|turn|12
|
|t:|1781588499
|move|p1a: Tornadus|Knock Off|p2a: 快龙一定要快
|-damage|p2a: 快龙一定要快|70/100
|-enditem|p2a: 快龙一定要快|Choice Band|[from] move: Knock Off|[of] p1a: Tornadus
|move|p2a: 快龙一定要快|Outrage|p1a: Tornadus
|-damage|p1a: Tornadus|7/100
|
|-weather|none
|upkeep
|turn|13
|
|t:|1781588504
|move|p1a: Tornadus|U-turn|p2a: 快龙一定要快
|-resisted|p2a: 快龙一定要快
|-damage|p2a: 快龙一定要快|64/100
|
|t:|1781588507
|switch|p1a: Alomomola|Alomomola, M|100/100|[from] U-turn
|move|p2a: 快龙一定要快|Outrage|p1a: Alomomola|[from] lockedmove
|-damage|p1a: Alomomola|57/100
|
|upkeep
|turn|14
|
|t:|1781588511
|move|p2a: 快龙一定要快|Outrage|p1a: Alomomola|[from] lockedmove
|-damage|p1a: Alomomola|11/100
|-start|p2a: 快龙一定要快|confusion|[fatigue]
|move|p1a: Alomomola|Wish|p1a: Alomomola
|
|upkeep
|turn|15
|
|t:|1781588519
|-activate|p2a: 快龙一定要快|confusion
|move|p2a: 快龙一定要快|Outrage|p1a: Alomomola
|-crit|p1a: Alomomola
|-damage|p1a: Alomomola|0 fnt
|faint|p1a: Alomomola
|
|upkeep
|
|t:|1781588522
|switch|p1a: Tyranitar|Tyranitar, F|21/100 psn
|-damage|p1a: Tyranitar|8/100 psn|[from] Stealth Rock
|-weather|Sandstorm|[from] ability: Sand Stream|[of] p1a: Tyranitar
|turn|16
|
|t:|1781588529
|-activate|p2a: 快龙一定要快|confusion
|move|p2a: 快龙一定要快|Outrage|p1a: Tyranitar|[from] lockedmove
|-damage|p1a: Tyranitar|0 fnt
|faint|p1a: Tyranitar
|
|-weather|Sandstorm|[upkeep]
|-damage|p2a: 快龙一定要快|58/100|[from] Sandstorm
|upkeep
|
|t:|1781588535
|switch|p1a: Tornadus|Tornadus-Therian, M|40/100
|turn|17
|
|t:|1781588537
|move|p1a: Tornadus|Bleakwind Storm|p2a: 快龙一定要快
|-damage|p2a: 快龙一定要快|27/100
|-activate|p2a: 快龙一定要快|confusion
|move|p2a: 快龙一定要快|Outrage|p1a: Tornadus|[from] lockedmove
|-damage|p1a: Tornadus|0 fnt
|faint|p1a: Tornadus
|
|-weather|Sandstorm|[upkeep]
|-damage|p2a: 快龙一定要快|21/100|[from] Sandstorm
|upkeep
|
|t:|1781588544
|switch|p1a: Hydrapple|Hydrapple, M|100/100
|-damage|p1a: Hydrapple|88/100|[from] Stealth Rock
|-status|p1a: Hydrapple|psn
|turn|18
|
|t:|1781588547
|-end|p2a: 快龙一定要快|confusion
|move|p2a: 快龙一定要快|Outrage|p1a: Hydrapple
|-supereffective|p1a: Hydrapple
|-crit|p1a: Hydrapple
|-damage|p1a: Hydrapple|0 fnt
|faint|p1a: Hydrapple
|
|win|dsekop
|raw|rrbrru's rating: 1544 &rarr; <strong>1537</strong><br />(-7 for losing)
|raw|dsekop's rating: 1799 &rarr; <strong>1806</strong><br />(+7 for winning)
|l|‽rrbrru
|player|p1|
|l|☆dsekop
|player|p2|
