|badge|p2|bronze|gen9ou|100-9
|uhtml|medal-msg|<div class="broadcast-blue">Curious what those medals under the avatar are? PS now has Ladder Seasons! For more information, check out the <a href="https://www.smogon.com/forums/threads/3740067/">thread on Smogon.</a></div>
|j|☆yappyy
|j|☆thelarpinglarper
|t:|1781517685
|gametype|singles
|player|p1|yappyy|266|1537
|player|p2|thelarpinglarper|sordward|1823
|gen|9
|tier|[Gen 9] OU
|rated|
|rule|HP Percentage Mod: HP is shown in percentages
|rule|Endless Battle Clause: Forcing endless battles is banned
|rule|Species Clause: Limit one of each Pokémon
|rule|OHKO Clause: OHKO moves are banned
|rule|Evasion Items Clause: Evasion items are banned
|rule|Evasion Moves Clause: Evasion moves are banned
|rule|Evasion Abilities Clause: Evasion abilities are banned
|rule|Sleep Moves Clause: Sleep-inducing moves are banned
|clearpoke
|poke|p1|Araquanid, F|
|poke|p1|Raging Bolt|
|poke|p1|Iron Moth|
|poke|p1|Hatterene, F|
|poke|p1|Iron Valiant|
|poke|p1|Gholdengo|
|poke|p2|Samurott-Hisui, F|
|poke|p2|Iron Treads|
|poke|p2|Iron Valiant|
|poke|p2|Rotom-Wash|
|poke|p2|Iron Moth|
|poke|p2|Pecharunt|
|teampreview
|inactive|Battle timer is ON: inactive players will automatically lose when time's up. (requested by thelarpinglarper)
|inactive|thelarpinglarper has 120 seconds left.
|
|t:|1781517744
|teamsize|p1|6
|teamsize|p2|6
|start
|switch|p1a: Araquanid|Araquanid, F|100/100
|switch|p2a: Rotom|Rotom-Wash|100/100
|turn|1
|
|t:|1781517747
|move|p2a: Rotom|Volt Switch|p1a: Araquanid
|-supereffective|p1a: Araquanid
|-damage|p1a: Araquanid|57/100
|
|t:|1781517750
|switch|p2a: Samurott|Samurott-Hisui, F|100/100|[from] Volt Switch
|move|p1a: Araquanid|Sticky Web|p2a: Samurott
|-sidestart|p2: thelarpinglarper|move: Sticky Web
|
|upkeep
|turn|2
|
|t:|1781517754
|switch|p1a: Iron Valiant|Iron Valiant|100/100
|-enditem|p1a: Iron Valiant|Booster Energy
|-activate|p1a: Iron Valiant|ability: Quark Drive|[fromitem]
|-start|p1a: Iron Valiant|quarkdrivespe
|move|p2a: Samurott|Ceaseless Edge|p1a: Iron Valiant
|-resisted|p1a: Iron Valiant
|-damage|p1a: Iron Valiant|80/100
|-sidestart|p1: yappyy|Spikes
|
|upkeep
|turn|3
|inactive|thelarpinglarper has 120 seconds left.
|
|t:|1781517785
|switch|p2a: Iron Moth|Iron Moth|100/100
|-activate|p2a: Iron Moth|move: Sticky Web
|-unboost|p2a: Iron Moth|spe|1
|move|p1a: Iron Valiant|Moonblast|p2a: Iron Moth
|-resisted|p2a: Iron Moth
|-damage|p2a: Iron Moth|89/100
|
|upkeep
|turn|4
|
|t:|1781517793
|-end|p1a: Iron Valiant|Quark Drive|[silent]
|switch|p1a: Araquanid|Araquanid, F|57/100
|-damage|p1a: Araquanid|45/100|[from] Spikes
|move|p2a: Iron Moth|Fiery Dance|p1a: Araquanid
|-damage|p1a: Araquanid|18/100
|
|upkeep
|turn|5
|-enditem|p1a: Araquanid|Custap Berry|[eat]
|-activate|p1a: Araquanid|item: Custap Berry|[consumed]
|
|t:|1781517800
|-end|p2a: Iron Moth|Quark Drive|[silent]
|switch|p2a: Rotom|Rotom-Wash|100/100
|move|p1a: Araquanid|Endeavor|p2a: Rotom
|-damage|p2a: Rotom|20/100
|
|upkeep
|turn|6
|
|t:|1781517806
|move|p2a: Rotom|Volt Switch|p1a: Araquanid
|-supereffective|p1a: Araquanid
|-damage|p1a: Araquanid|0 fnt
|faint|p1a: Araquanid
|
|t:|1781517809
|switch|p2a: Iron Treads|Iron Treads|100/100|[from] Volt Switch
|
|upkeep
|
|t:|1781517815
|switch|p1a: Iron Moth|Iron Moth|100/100
|-damage|p1a: Iron Moth|88/100|[from] Spikes
|-enditem|p1a: Iron Moth|Booster Energy
|-activate|p1a: Iron Moth|ability: Quark Drive|[fromitem]
|-start|p1a: Iron Moth|quarkdrivespa
|turn|7
|
|t:|1781517826
|-end|p2a: Iron Treads|Quark Drive|[silent]
|switch|p2a: Samurott|Samurott-Hisui, F|100/100
|-activate|p2a: Samurott|move: Sticky Web
|-unboost|p2a: Samurott|spe|1
|move|p1a: Iron Moth|Fiery Dance|p2a: Samurott
|-resisted|p2a: Samurott
|-damage|p2a: Samurott|56/100
|
|upkeep
|turn|8
|
|t:|1781517836
|-terastallize|p2a: Samurott|Dark
|move|p2a: Samurott|Sucker Punch|p1a: Iron Moth
|-damage|p1a: Iron Moth|0 fnt
|faint|p1a: Iron Moth
|-end|p1a: Iron Moth|Quark Drive|[silent]
|
|upkeep
|
|t:|1781517840
|switch|p1a: Iron Valiant|Iron Valiant|80/100
|-damage|p1a: Iron Valiant|67/100|[from] Spikes
|turn|9
|
|t:|1781517863
|switch|p2a: Iron Moth|Iron Moth|89/100
|-activate|p2a: Iron Moth|move: Sticky Web
|-unboost|p2a: Iron Moth|spe|1
|move|p1a: Iron Valiant|Calm Mind|p1a: Iron Valiant
|-boost|p1a: Iron Valiant|spa|1
|-boost|p1a: Iron Valiant|spd|1
|
|upkeep
|turn|10
|
|t:|1781517879
|-terastallize|p1a: Iron Valiant|Ghost
|move|p1a: Iron Valiant|Shadow Ball|p2a: Iron Moth
|-damage|p2a: Iron Moth|29/100
|-unboost|p2a: Iron Moth|spd|1
|move|p2a: Iron Moth|Overheat|p1a: Iron Valiant
|-damage|p1a: Iron Valiant|0 fnt
|-unboost|p2a: Iron Moth|spa|2
|faint|p1a: Iron Valiant
|-end|p1a: Iron Valiant|Quark Drive|[silent]
|
|upkeep
|inactive|yappyy has 120 seconds left.
|
|t:|1781517893
|switch|p1a: Gholdengo|Gholdengo|100/100
|-item|p1a: Gholdengo|Air Balloon
|turn|11
|
|t:|1781517900
|-end|p2a: Iron Moth|Quark Drive|[silent]
|switch|p2a: Rotom|Rotom-Wash|20/100
|move|p1a: Gholdengo|Nasty Plot|p1a: Gholdengo
|-boost|p1a: Gholdengo|spa|2
|
|upkeep
|turn|12
|
|t:|1781517907
|move|p1a: Gholdengo|Shadow Ball|p2a: Rotom
|-damage|p2a: Rotom|0 fnt
|faint|p2a: Rotom
|
|upkeep
|
|t:|1781517922
|switch|p2a: Samurott|Samurott-Hisui, F, tera:Dark|56/100
|-activate|p2a: Samurott|move: Sticky Web
|-unboost|p2a: Samurott|spe|1
|turn|13
|
|t:|1781517925
|switch|p1a: Hatterene|Hatterene, F|100/100
|-damage|p1a: Hatterene|88/100|[from] Spikes
|move|p2a: Samurott|Sucker Punch||[still]
|-fail|p2a: Samurott
|
|upkeep
|turn|14
|
|t:|1781517931
|switch|p2a: Pecharunt|Pecharunt|100/100
|move|p1a: Hatterene|Draining Kiss|p2a: Pecharunt
|-resisted|p2a: Pecharunt
|-damage|p2a: Pecharunt|88/100
|-heal|p1a: Hatterene|99/100|[from] drain|[of] p2a: Pecharunt
|
|upkeep
|turn|15
|
|t:|1781517946
|switch|p2a: Iron Treads|Iron Treads|100/100
|move|p1a: Hatterene|Psyshock|p2a: Iron Treads
|-resisted|p2a: Iron Treads
|-damage|p2a: Iron Treads|83/100
|
|upkeep
|turn|16
|
|t:|1781517950
|move|p2a: Iron Treads|Knock Off|p1a: Hatterene
|-damage|p1a: Hatterene|70/100
|-enditem|p1a: Hatterene|Assault Vest|[from] move: Knock Off|[of] p2a: Iron Treads
|move|p1a: Hatterene|Mystical Fire|p2a: Iron Treads
|-supereffective|p2a: Iron Treads
|-damage|p2a: Iron Treads|20/100
|-unboost|p2a: Iron Treads|spa|1
|
|upkeep
|turn|17
|
|t:|1781517957
|move|p2a: Iron Treads|Knock Off|p1a: Hatterene
|-damage|p1a: Hatterene|52/100
|move|p1a: Hatterene|Mystical Fire|p2a: Iron Treads
|-supereffective|p2a: Iron Treads
|-damage|p2a: Iron Treads|0 fnt
|faint|p2a: Iron Treads
|-end|p2a: Iron Treads|Quark Drive|[silent]
|
|upkeep
|
|t:|1781517960
|switch|p2a: Samurott|Samurott-Hisui, F, tera:Dark|56/100
|-activate|p2a: Samurott|move: Sticky Web
|-unboost|p2a: Samurott|spe|1
|turn|18
|
|t:|1781517964
|move|p2a: Samurott|Ceaseless Edge|p1a: Hatterene
|-damage|p1a: Hatterene|0 fnt
|-sidestart|p1: yappyy|Spikes
|faint|p1a: Hatterene
|
|upkeep
|
|t:|1781517966
|switch|p1a: Raging Bolt|Raging Bolt|100/100
|-damage|p1a: Raging Bolt|84/100|[from] Spikes
|-enditem|p1a: Raging Bolt|Booster Energy
|-activate|p1a: Raging Bolt|ability: Protosynthesis|[fromitem]
|-start|p1a: Raging Bolt|protosynthesisspa
|turn|19
|
|t:|1781517975
|switch|p2a: Iron Moth|Iron Moth|29/100
|-activate|p2a: Iron Moth|move: Sticky Web
|-unboost|p2a: Iron Moth|spe|1
|move|p1a: Raging Bolt|Thunderclap||[still]
|-fail|p1a: Raging Bolt
|
|upkeep
|turn|20
|
|t:|1781517980
|move|p1a: Raging Bolt|Thunderbolt|p2a: Iron Moth
|-damage|p2a: Iron Moth|0 fnt
|faint|p2a: Iron Moth
|-end|p2a: Iron Moth|Quark Drive|[silent]
|
|upkeep
|
|t:|1781517981
|switch|p2a: Pecharunt|Pecharunt|88/100
|turn|21
|
|t:|1781517993
|move|p1a: Raging Bolt|Calm Mind|p1a: Raging Bolt
|-boost|p1a: Raging Bolt|spa|1
|-boost|p1a: Raging Bolt|spd|1
|move|p2a: Pecharunt|Parting Shot|p1a: Raging Bolt
|-unboost|p1a: Raging Bolt|atk|1
|-unboost|p1a: Raging Bolt|spa|1
|
|t:|1781517999
|switch|p2a: Samurott|Samurott-Hisui, F, tera:Dark|56/100|[from] Parting Shot
|-activate|p2a: Samurott|move: Sticky Web
|-unboost|p2a: Samurott|spe|1
|
|upkeep
|turn|22
|
|t:|1781518002
|move|p1a: Raging Bolt|Thunderclap|p2a: Samurott
|-damage|p2a: Samurott|0 fnt
|faint|p2a: Samurott
|
|upkeep
|
|t:|1781518004
|switch|p2a: Pecharunt|Pecharunt|88/100
|turn|23
|
|t:|1781518007
|move|p1a: Raging Bolt|Calm Mind|p1a: Raging Bolt
|-boost|p1a: Raging Bolt|spa|1
|-boost|p1a: Raging Bolt|spd|1
|move|p2a: Pecharunt|Toxic|p1a: Raging Bolt
|-status|p1a: Raging Bolt|tox
|-start|p1a: Raging Bolt|confusion|[from] ability: Poison Puppeteer|[of] p2a: Pecharunt
|
|-damage|p1a: Raging Bolt|78/100 tox|[from] psn
|upkeep
|turn|24
|
|t:|1781518012
|-activate|p1a: Raging Bolt|confusion
|-damage|p1a: Raging Bolt|74/100 tox|[from] confusion
|move|p2a: Pecharunt|Foul Play|p1a: Raging Bolt
|-damage|p1a: Raging Bolt|65/100 tox
|
|-damage|p1a: Raging Bolt|53/100 tox|[from] psn
|upkeep
|turn|25
|
|t:|1781518017
|-end|p1a: Raging Bolt|confusion
|move|p1a: Raging Bolt|Thunderbolt|p2a: Pecharunt
|-damage|p2a: Pecharunt|0 fnt
|faint|p2a: Pecharunt
|
|-damage|p1a: Raging Bolt|35/100 tox|[from] psn
|upkeep
|
|t:|1781518019
|switch|p2a: Iron Valiant|Iron Valiant|100/100
|-activate|p2a: Iron Valiant|move: Sticky Web
|-unboost|p2a: Iron Valiant|spe|1
|turn|26
|
|t:|1781518021
|move|p1a: Raging Bolt|Thunderbolt|p2a: Iron Valiant
|-damage|p2a: Iron Valiant|0 fnt
|faint|p2a: Iron Valiant
|-end|p2a: Iron Valiant|Quark Drive|[silent]
|
|win|yappyy
|raw|yappyy's rating: 1537 &rarr; <strong>1571</strong><br />(+34 for winning)
|raw|thelarpinglarper's rating: 1823 &rarr; <strong>1789</strong><br />(-34 for losing)
|l|☆thelarpinglarper
|player|p2|
|l|☆yappyy
|player|p1|
|j|☆yappyy
|player|p1|yappyy|266|
|l|☆yappyy
|player|p1|
