|j|☆AdelaideHan
|j|☆KurisuChestnutLab
|t:|1781124439
|gametype|singles
|player|p1|AdelaideHan|miku-ground|1535
|player|p2|KurisuChestnutLab|may-contest|1581
|gen|9
|tier|[Gen 9] OU
|rated|
|rule|HP Percentage Mod: HP is shown in percentages
|rule|Endless Battle Clause: Forcing endless battles is banned
|rule|Species Clause: Limit one of each Pokémon
|rule|OHKO Clause: OHKO moves are banned
|rule|Evasion Items Clause: Evasion items are banned
|rule|Evasion Moves Clause: Evasion moves are banned
|rule|Evasion Abilities Clause: Evasion abilities are banned
|rule|Sleep Moves Clause: Sleep-inducing moves are banned
|clearpoke
|poke|p1|Slowking-Galar, F|
|poke|p1|Great Tusk|
|poke|p1|Kyurem|
|poke|p1|Kingambit, M|
|poke|p1|Cinderace, F|
|poke|p1|Zapdos|
|poke|p2|Primarina, M|
|poke|p2|Hippowdon, F|
|poke|p2|Skarmory, F|
|poke|p2|Zapdos|
|poke|p2|Dragonite, M|
|poke|p2|Slowking, M|
|teampreview
|inactive|Battle timer is ON: inactive players will automatically lose when time's up. (requested by KurisuChestnutLab)
|
|t:|1781124452
|teamsize|p1|6
|teamsize|p2|6
|start
|switch|p1a: Kyurem|Kyurem|100/100
|switch|p2a: Primarina|Primarina, M|100/100
|-ability|p1a: Kyurem|Pressure
|turn|1
|
|t:|1781124456
|move|p1a: Kyurem|Freeze-Dry|p2a: Primarina
|-supereffective|p2a: Primarina
|-damage|p2a: Primarina|38/100
|move|p2a: Primarina|Surf|p1a: Kyurem
|-resisted|p1a: Kyurem
|-damage|p1a: Kyurem|78/100
|
|upkeep
|turn|2
|
|t:|1781124460
|-terastallize|p2a: Primarina|Poison
|move|p1a: Kyurem|Freeze-Dry|p2a: Primarina
|-damage|p2a: Primarina|7/100
|move|p2a: Primarina|Moonblast|p1a: Kyurem
|-supereffective|p1a: Kyurem
|-damage|p1a: Kyurem|0 fnt
|faint|p1a: Kyurem
|
|upkeep
|
|t:|1781124473
|switch|p1a: Great Tusk|Great Tusk|100/100
|turn|3
|
|t:|1781124476
|switch|p2a: Zapdos|Zapdos|100/100
|move|p1a: Great Tusk|Rapid Spin|p2a: Zapdos
|-damage|p2a: Zapdos|87/100
|-boost|p1a: Great Tusk|spe|1
|
|upkeep
|turn|4
|
|t:|1781124484
|-end|p1a: Great Tusk|Protosynthesis|[silent]
|switch|p1a: Slowking|Slowking-Galar, F|100/100
|move|p2a: Zapdos|Hurricane|p1a: Slowking|[miss]
|-miss|p2a: Zapdos|p1a: Slowking
|
|upkeep
|turn|5
|
|t:|1781124488
|switch|p2a: Slowking|Slowking, M|100/100
|-prepare|p1a: Slowking|Chilly Reception|[premajor]
|move|p1a: Slowking|Chilly Reception|p1a: Slowking
|-weather|Snowscape
|
|t:|1781124493
|switch|p1a: Zapdos|Zapdos, shiny|100/100|[from] Chilly Reception
|
|-weather|Snowscape|[upkeep]
|upkeep
|turn|6
|
|t:|1781124500
|move|p1a: Zapdos|Volt Switch|p2a: Slowking
|-supereffective|p2a: Slowking
|-damage|p2a: Slowking|63/100
|
|t:|1781124502
|switch|p1a: Kingambit|Kingambit, M|100/100|[from] Volt Switch
|-activate|p1a: Kingambit|ability: Supreme Overlord
|-start|p1a: Kingambit|fallen1|[silent]
|move|p2a: Slowking|Scald|p1a: Kingambit
|-damage|p1a: Kingambit|72/100
|-status|p1a: Kingambit|brn
|
|-weather|Snowscape|[upkeep]
|-heal|p1a: Kingambit|78/100 brn|[from] item: Leftovers
|-damage|p1a: Kingambit|72/100 brn|[from] brn
|upkeep
|turn|7
|
|t:|1781124511
|switch|p2a: Hippowdon|Hippowdon, F|100/100
|-weather|Sandstorm|[from] ability: Sand Stream|[of] p2a: Hippowdon
|move|p1a: Kingambit|Iron Head|p2a: Hippowdon
|-damage|p2a: Hippowdon|87/100
|
|-weather|Sandstorm|[upkeep]
|-heal|p1a: Kingambit|78/100 brn|[from] item: Leftovers
|-heal|p2a: Hippowdon|93/100|[from] item: Leftovers
|-damage|p1a: Kingambit|72/100 brn|[from] brn
|upkeep
|turn|8
|-message|AdelaideHan forfeited.
|
|win|KurisuChestnutLab
|raw|AdelaideHan's rating: 1535 &rarr; <strong>1518</strong><br />(-17 for losing)
|raw|KurisuChestnutLab's rating: 1581 &rarr; <strong>1598</strong><br />(+17 for winning)
|l|☆AdelaideHan
|player|p1|
