|j|☆thegreatestnone
|j|☆KurisuChestnutOU
|t:|1781119610
|gametype|singles
|player|p1|thegreatestnone|2|1597
|player|p2|KurisuChestnutOU|2|1621
|gen|9
|tier|[Gen 9] OU
|rated|
|rule|HP Percentage Mod: HP is shown in percentages
|rule|Endless Battle Clause: Forcing endless battles is banned
|rule|Species Clause: Limit one of each Pokémon
|rule|OHKO Clause: OHKO moves are banned
|rule|Evasion Items Clause: Evasion items are banned
|rule|Evasion Moves Clause: Evasion moves are banned
|rule|Evasion Abilities Clause: Evasion abilities are banned
|rule|Sleep Moves Clause: Sleep-inducing moves are banned
|clearpoke
|poke|p1|Pawmot, F|
|poke|p1|Ting-Lu|
|poke|p1|Skeledirge, F|
|poke|p1|Greninja-*, M|
|poke|p1|Weezing-Galar, F|
|poke|p1|Slowking, M|
|poke|p2|Gliscor, F|
|poke|p2|Dondozo, F|
|poke|p2|Slowking-Galar, M|
|poke|p2|Gholdengo|
|poke|p2|Great Tusk|
|poke|p2|Kingambit, M|
|teampreview
|j| Yamhard
|inactive|Battle timer is ON: inactive players will automatically lose when time's up. (requested by KurisuChestnutOU)
|inactive|thegreatestnone has 120 seconds left.
|inactive|thegreatestnone has 90 seconds left.
|
|t:|1781119685
|teamsize|p1|6
|teamsize|p2|6
|start
|switch|p1a: Greninja|Greninja, M|100/100
|switch|p2a: Gliscor|Gliscor, F|100/100
|turn|1
|
|t:|1781119693
|move|p2a: Gliscor|Protect|p2a: Gliscor
|-singleturn|p2a: Gliscor|Protect
|move|p1a: Greninja|Ice Beam|p2a: Gliscor
|-start|p1a: Greninja|typechange|Ice|[from] ability: Protean
|-activate|p2a: Gliscor|move: Protect
|
|-status|p2a: Gliscor|tox|[from] item: Toxic Orb
|upkeep
|turn|2
|
|t:|1781119697
|-terastallize|p2a: Gliscor|Water
|move|p1a: Greninja|Ice Beam|p2a: Gliscor
|-resisted|p2a: Gliscor
|-damage|p2a: Gliscor|61/100 tox
|move|p2a: Gliscor|Spikes|p1a: Greninja
|-sidestart|p1: thegreatestnone|Spikes
|
|-heal|p2a: Gliscor|74/100 tox|[from] ability: Poison Heal
|upkeep
|turn|3
|
|t:|1781119703
|switch|p1a: Weezing|Weezing-Galar, F|100/100
|move|p2a: Gliscor|Earthquake|p1a: Weezing
|-immune|p1a: Weezing|[from] ability: Levitate
|
|-heal|p2a: Gliscor|86/100 tox|[from] ability: Poison Heal
|upkeep
|turn|4
|
|t:|1781119710
|move|p2a: Gliscor|Knock Off|p1a: Weezing
|-resisted|p1a: Weezing
|-damage|p1a: Weezing|92/100
|-enditem|p1a: Weezing|Leftovers|[from] move: Knock Off|[of] p2a: Gliscor
|move|p1a: Weezing|Defog|p2a: Gliscor
|-unboost|p2a: Gliscor|evasion|1
|-sideend|p1: thegreatestnone|Spikes|[from] move: Defog|[of] p1a: Weezing
|
|-heal|p2a: Gliscor|99/100 tox|[from] ability: Poison Heal
|upkeep
|turn|5
|l| Yamhard
|
|t:|1781119714
|move|p2a: Gliscor|Spikes|p1a: Weezing
|-sidestart|p1: thegreatestnone|Spikes
|move|p1a: Weezing|Defog|p2a: Gliscor
|-unboost|p2a: Gliscor|evasion|1
|-sideend|p1: thegreatestnone|Spikes|[from] move: Defog|[of] p1a: Weezing
|
|-heal|p2a: Gliscor|100/100 tox|[from] ability: Poison Heal
|upkeep
|turn|6
|
|t:|1781119719
|move|p2a: Gliscor|Spikes|p1a: Weezing
|-sidestart|p1: thegreatestnone|Spikes
|move|p1a: Weezing|Defog|p2a: Gliscor
|-unboost|p2a: Gliscor|evasion|1
|-sideend|p1: thegreatestnone|Spikes|[from] move: Defog|[of] p1a: Weezing
|
|upkeep
|turn|7
|
|t:|1781119723
|move|p2a: Gliscor|Spikes|p1a: Weezing
|-sidestart|p1: thegreatestnone|Spikes
|move|p1a: Weezing|Defog|p2a: Gliscor
|-unboost|p2a: Gliscor|evasion|1
|-sideend|p1: thegreatestnone|Spikes|[from] move: Defog|[of] p1a: Weezing
|
|upkeep
|turn|8
|
|t:|1781119726
|move|p2a: Gliscor|Spikes|p1a: Weezing
|-sidestart|p1: thegreatestnone|Spikes
|move|p1a: Weezing|Defog|p2a: Gliscor
|-unboost|p2a: Gliscor|evasion|1
|-sideend|p1: thegreatestnone|Spikes|[from] move: Defog|[of] p1a: Weezing
|
|upkeep
|turn|9
|
|t:|1781119731
|move|p2a: Gliscor|Spikes|p1a: Weezing
|-sidestart|p1: thegreatestnone|Spikes
|move|p1a: Weezing|Sludge Bomb|p2a: Gliscor
|-damage|p2a: Gliscor|62/100 tox
|
|-heal|p2a: Gliscor|74/100 tox|[from] ability: Poison Heal
|upkeep
|turn|10
|
|t:|1781119738
|switch|p1a: Ting-Lu|Ting-Lu|100/100
|-damage|p1a: Ting-Lu|88/100|[from] Spikes
|-ability|p1a: Ting-Lu|Vessel of Ruin
|move|p2a: Gliscor|Protect||[still]
|-fail|p2a: Gliscor
|
|-heal|p1a: Ting-Lu|94/100|[from] item: Leftovers
|-heal|p2a: Gliscor|87/100 tox|[from] ability: Poison Heal
|upkeep
|turn|11
|
|t:|1781119744
|switch|p1a: Weezing|Weezing-Galar, F|92/100
|move|p2a: Gliscor|Spikes|p1a: Weezing
|-sidestart|p1: thegreatestnone|Spikes
|
|-heal|p2a: Gliscor|99/100 tox|[from] ability: Poison Heal
|upkeep
|turn|12
|
|t:|1781119757
|switch|p2a: Gholdengo|Gholdengo|100/100
|-item|p2a: Gholdengo|Air Balloon
|move|p1a: Weezing|Defog|p2a: Gholdengo
|-immune|p2a: Gholdengo|[from] ability: Good as Gold
|
|upkeep
|turn|13
|
|t:|1781119761
|switch|p1a: Ting-Lu|Ting-Lu|94/100
|-damage|p1a: Ting-Lu|78/100|[from] Spikes
|-ability|p1a: Ting-Lu|Vessel of Ruin
|move|p2a: Gholdengo|Shadow Ball|p1a: Ting-Lu
|-resisted|p1a: Ting-Lu
|-damage|p1a: Ting-Lu|69/100
|
|-heal|p1a: Ting-Lu|75/100|[from] item: Leftovers
|upkeep
|turn|14
|
|t:|1781119765
|move|p2a: Gholdengo|Nasty Plot|p2a: Gholdengo
|-boost|p2a: Gholdengo|spa|2
|move|p1a: Ting-Lu|Ruination|p2a: Gholdengo
|-damage|p2a: Gholdengo|51/100
|-enditem|p2a: Gholdengo|Air Balloon
|
|-heal|p1a: Ting-Lu|82/100|[from] item: Leftovers
|upkeep
|turn|15
|
|t:|1781119772
|move|p2a: Gholdengo|Make It Rain|p1a: Ting-Lu
|-damage|p1a: Ting-Lu|33/100
|-unboost|p2a: Gholdengo|spa|1
|move|p1a: Ting-Lu|Earthquake|p2a: Gholdengo
|-supereffective|p2a: Gholdengo
|-damage|p2a: Gholdengo|0 fnt
|faint|p2a: Gholdengo
|
|-heal|p1a: Ting-Lu|39/100|[from] item: Leftovers
|upkeep
|
|t:|1781119776
|switch|p2a: Dondozo|Dondozo, F|100/100
|turn|16
|
|t:|1781119781
|switch|p1a: Weezing|Weezing-Galar, F|92/100
|move|p2a: Dondozo|Wave Crash|p1a: Weezing
|-damage|p1a: Weezing|66/100
|-damage|p2a: Dondozo|95/100|[from] Recoil
|
|-heal|p2a: Dondozo|100/100|[from] item: Leftovers
|upkeep
|turn|17
|
|t:|1781119785
|switch|p2a: Kingambit|Kingambit, M|100/100
|-activate|p2a: Kingambit|ability: Supreme Overlord
|-start|p2a: Kingambit|fallen1|[silent]
|move|p1a: Weezing|Defog|p2a: Kingambit
|-unboost|p2a: Kingambit|evasion|1
|-sideend|p1: thegreatestnone|Spikes|[from] move: Defog|[of] p1a: Weezing
|
|upkeep
|turn|18
|
|t:|1781119791
|-end|p2a: Kingambit|fallen1|[silent]
|switch|p2a: Gliscor|Gliscor, F, tera:Water|99/100 tox
|move|p1a: Weezing|Will-O-Wisp||[still]
|-fail|p1a: Weezing
|
|-heal|p2a: Gliscor|100/100 tox|[from] ability: Poison Heal
|upkeep
|turn|19
|
|t:|1781119795
|move|p2a: Gliscor|Spikes|p1a: Weezing
|-sidestart|p1: thegreatestnone|Spikes
|move|p1a: Weezing|Sludge Bomb|p2a: Gliscor
|-damage|p2a: Gliscor|62/100 tox
|
|-heal|p2a: Gliscor|75/100 tox|[from] ability: Poison Heal
|upkeep
|turn|20
|
|t:|1781119803
|switch|p2a: Kingambit|Kingambit, M|100/100
|-activate|p2a: Kingambit|ability: Supreme Overlord
|-start|p2a: Kingambit|fallen1|[silent]
|move|p1a: Weezing|Defog|p2a: Kingambit
|-unboost|p2a: Kingambit|evasion|1
|-sideend|p1: thegreatestnone|Spikes|[from] move: Defog|[of] p1a: Weezing
|
|upkeep
|turn|21
|
|t:|1781119810
|-end|p2a: Kingambit|fallen1|[silent]
|switch|p2a: Gliscor|Gliscor, F, tera:Water|75/100 tox
|switch|p1a: Skeledirge|Skeledirge, F|100/100
|
|-heal|p2a: Gliscor|87/100 tox|[from] ability: Poison Heal
|upkeep
|turn|22
|
|t:|1781119820
|move|p2a: Gliscor|Protect|p2a: Gliscor
|-singleturn|p2a: Gliscor|Protect
|move|p1a: Skeledirge|Hex|p2a: Gliscor
|-activate|p2a: Gliscor|move: Protect
|
|-heal|p2a: Gliscor|99/100 tox|[from] ability: Poison Heal
|upkeep
|turn|23
|
|t:|1781119826
|move|p2a: Gliscor|Earthquake|p1a: Skeledirge
|-supereffective|p1a: Skeledirge
|-damage|p1a: Skeledirge|64/100
|move|p1a: Skeledirge|Hex|p2a: Gliscor
|-damage|p2a: Gliscor|43/100 tox
|
|-heal|p2a: Gliscor|56/100 tox|[from] ability: Poison Heal
|upkeep
|turn|24
|
|t:|1781119833
|-terastallize|p1a: Skeledirge|Water
|move|p2a: Gliscor|Protect|p2a: Gliscor
|-singleturn|p2a: Gliscor|Protect
|move|p1a: Skeledirge|Hex|p2a: Gliscor
|-activate|p2a: Gliscor|move: Protect
|
|-heal|p2a: Gliscor|68/100 tox|[from] ability: Poison Heal
|upkeep
|turn|25
|
|t:|1781119837
|switch|p2a: Slowking|Slowking-Galar, M|100/100
|move|p1a: Skeledirge|Slack Off|p1a: Skeledirge
|-heal|p1a: Skeledirge|100/100
|
|upkeep
|turn|26
|
|t:|1781119840
|move|p1a: Skeledirge|Will-O-Wisp|p2a: Slowking
|-status|p2a: Slowking|brn
|move|p2a: Slowking|Sludge Bomb|p1a: Skeledirge
|-damage|p1a: Skeledirge|64/100
|
|-damage|p2a: Slowking|94/100 brn|[from] brn
|upkeep
|turn|27
|
|t:|1781119846
|switch|p1a: Slowking|Slowking, M|100/100
|move|p2a: Slowking|Sludge Bomb|p1a: Slowking
|-damage|p1a: Slowking|81/100
|
|-damage|p2a: Slowking|88/100 brn|[from] brn
|upkeep
|turn|28
|
|t:|1781119853
|switch|p2a: Gliscor|Gliscor, F, tera:Water|68/100 tox
|-prepare|p1a: Slowking|Chilly Reception|[premajor]
|move|p1a: Slowking|Chilly Reception|p1a: Slowking
|-weather|Snowscape
|
|t:|1781119856
|switch|p1a: Skeledirge|Skeledirge, F, tera:Water|64/100|[from] Chilly Reception
|
|-weather|Snowscape|[upkeep]
|-heal|p2a: Gliscor|81/100 tox|[from] ability: Poison Heal
|upkeep
|turn|29
|
|t:|1781119859
|move|p2a: Gliscor|Protect|p2a: Gliscor
|-singleturn|p2a: Gliscor|Protect
|move|p1a: Skeledirge|Hex|p2a: Gliscor
|-activate|p2a: Gliscor|move: Protect
|
|-weather|Snowscape|[upkeep]
|-heal|p2a: Gliscor|93/100 tox|[from] ability: Poison Heal
|upkeep
|turn|30
|
|t:|1781119864
|switch|p2a: Slowking|Slowking-Galar, M|100/100 brn
|move|p1a: Skeledirge|Slack Off|p1a: Skeledirge
|-heal|p1a: Skeledirge|100/100
|
|-weather|Snowscape|[upkeep]
|-damage|p2a: Slowking|94/100 brn|[from] brn
|upkeep
|turn|31
|
|t:|1781119871
|switch|p1a: Slowking|Slowking, M|100/100
|move|p2a: Slowking|Sludge Bomb|p1a: Slowking
|-damage|p1a: Slowking|80/100
|
|-weather|Snowscape|[upkeep]
|-damage|p2a: Slowking|88/100 brn|[from] brn
|upkeep
|turn|32
|
|t:|1781119878
|switch|p2a: Gliscor|Gliscor, F, tera:Water|93/100 tox
|-prepare|p1a: Slowking|Chilly Reception|[premajor]
|move|p1a: Slowking|Chilly Reception|p1a: Slowking
|
|t:|1781119882
|switch|p1a: Skeledirge|Skeledirge, F, tera:Water|100/100|[from] Chilly Reception
|
|-weather|none
|-heal|p2a: Gliscor|100/100 tox|[from] ability: Poison Heal
|upkeep
|turn|33
|
|t:|1781119885
|move|p2a: Gliscor|Protect|p2a: Gliscor
|-singleturn|p2a: Gliscor|Protect
|move|p1a: Skeledirge|Hex|p2a: Gliscor
|-activate|p2a: Gliscor|move: Protect
|
|upkeep
|turn|34
|
|t:|1781119891
|move|p2a: Gliscor|Spikes|p1a: Skeledirge
|-sidestart|p1: thegreatestnone|Spikes
|move|p1a: Skeledirge|Torch Song|p2a: Gliscor
|-resisted|p2a: Gliscor
|-damage|p2a: Gliscor|81/100 tox
|-boost|p1a: Skeledirge|spa|1
|
|-heal|p2a: Gliscor|94/100 tox|[from] ability: Poison Heal
|upkeep
|turn|35
|
|t:|1781119896
|move|p2a: Gliscor|Protect|p2a: Gliscor
|-singleturn|p2a: Gliscor|Protect
|move|p1a: Skeledirge|Torch Song|p2a: Gliscor
|-activate|p2a: Gliscor|move: Protect
|
|-heal|p2a: Gliscor|100/100 tox|[from] ability: Poison Heal
|upkeep
|turn|36
|
|t:|1781119902
|switch|p2a: Dondozo|Dondozo, F|100/100
|move|p1a: Skeledirge|Torch Song|p2a: Dondozo
|-resisted|p2a: Dondozo
|-damage|p2a: Dondozo|86/100
|-boost|p1a: Skeledirge|spa|1
|
|-heal|p2a: Dondozo|93/100|[from] item: Leftovers
|upkeep
|turn|37
|
|t:|1781119905
|move|p1a: Skeledirge|Will-O-Wisp|p2a: Dondozo
|-status|p2a: Dondozo|brn
|move|p2a: Dondozo|Wave Crash|p1a: Skeledirge
|-resisted|p1a: Skeledirge
|-damage|p1a: Skeledirge|94/100
|-damage|p2a: Dondozo|91/100 brn|[from] Recoil
|
|-heal|p2a: Dondozo|97/100 brn|[from] item: Leftovers
|-damage|p2a: Dondozo|91/100 brn|[from] brn
|upkeep
|turn|38
|
|t:|1781119910
|move|p1a: Skeledirge|Hex|p2a: Dondozo
|-damage|p2a: Dondozo|45/100 brn
|move|p2a: Dondozo|Rest|p2a: Dondozo
|-status|p2a: Dondozo|slp|[from] move: Rest
|-heal|p2a: Dondozo|100/100 slp|[silent]
|
|upkeep
|turn|39
|
|t:|1781119916
|move|p1a: Skeledirge|Hex|p2a: Dondozo
|-damage|p2a: Dondozo|52/100 slp
|cant|p2a: Dondozo|slp
|move|p2a: Dondozo|Sleep Talk|p2a: Dondozo
|move|p2a: Dondozo|Body Press|p1a: Skeledirge|[from] move: Sleep Talk
|-damage|p1a: Skeledirge|76/100
|
|-heal|p2a: Dondozo|58/100 slp|[from] item: Leftovers
|upkeep
|turn|40
|j| sry 4 luck
|
|t:|1781119923
|move|p1a: Skeledirge|Hex|p2a: Dondozo
|-damage|p2a: Dondozo|11/100 slp
|cant|p2a: Dondozo|slp
|move|p2a: Dondozo|Sleep Talk|p2a: Dondozo
|move|p2a: Dondozo|Wave Crash|p1a: Skeledirge|[from] move: Sleep Talk
|-resisted|p1a: Skeledirge
|-damage|p1a: Skeledirge|64/100
|-damage|p2a: Dondozo|8/100 slp|[from] Recoil
|
|-heal|p2a: Dondozo|14/100 slp|[from] item: Leftovers
|upkeep
|turn|41
|l| sry 4 luck
|
|t:|1781119927
|move|p1a: Skeledirge|Torch Song|p2a: Dondozo
|-resisted|p2a: Dondozo
|-damage|p2a: Dondozo|0 fnt
|-boost|p1a: Skeledirge|spa|1
|faint|p2a: Dondozo
|
|upkeep
|
|t:|1781119933
|switch|p2a: Slowking|Slowking-Galar, M|100/100 brn
|turn|42
|
|t:|1781119939
|move|p1a: Skeledirge|Hex|p2a: Slowking
|-supereffective|p2a: Slowking
|-damage|p2a: Slowking|3/100 brn
|move|p2a: Slowking|Sludge Bomb|p1a: Skeledirge
|-damage|p1a: Skeledirge|28/100
|
|-damage|p2a: Slowking|0 fnt|[from] brn
|faint|p2a: Slowking
|upkeep
|
|t:|1781119941
|switch|p2a: Kingambit|Kingambit, M|100/100
|-activate|p2a: Kingambit|ability: Supreme Overlord
|-start|p2a: Kingambit|fallen3|[silent]
|turn|43
|
|t:|1781119951
|switch|p1a: Ting-Lu|Ting-Lu|39/100
|-damage|p1a: Ting-Lu|26/100|[from] Spikes
|-ability|p1a: Ting-Lu|Vessel of Ruin
|move|p2a: Kingambit|Low Kick|p1a: Ting-Lu
|-supereffective|p1a: Ting-Lu
|-damage|p1a: Ting-Lu|0 fnt
|faint|p1a: Ting-Lu
|
|upkeep
|
|t:|1781119954
|switch|p1a: Pawmot|Pawmot, F|100/100
|-damage|p1a: Pawmot|88/100|[from] Spikes
|turn|44
|
|t:|1781119959
|-end|p2a: Kingambit|fallen3|[silent]
|switch|p2a: Gliscor|Gliscor, F, tera:Water|100/100 tox
|move|p1a: Pawmot|Close Combat|p2a: Gliscor
|-damage|p2a: Gliscor|60/100 tox
|-unboost|p1a: Pawmot|def|1
|-unboost|p1a: Pawmot|spd|1
|
|-heal|p2a: Gliscor|73/100 tox|[from] ability: Poison Heal
|upkeep
|turn|45
|
|t:|1781119963
|switch|p1a: Weezing|Weezing-Galar, F|66/100
|move|p2a: Gliscor|Protect||[still]
|-fail|p2a: Gliscor
|
|-heal|p2a: Gliscor|85/100 tox|[from] ability: Poison Heal
|upkeep
|turn|46
|
|t:|1781119969
|move|p2a: Gliscor|Spikes|p1a: Weezing
|-sidestart|p1: thegreatestnone|Spikes
|move|p1a: Weezing|Defog|p2a: Gliscor
|-unboost|p2a: Gliscor|evasion|1
|-sideend|p1: thegreatestnone|Spikes|[from] move: Defog|[of] p1a: Weezing
|
|-heal|p2a: Gliscor|98/100 tox|[from] ability: Poison Heal
|upkeep
|turn|47
|
|t:|1781119976
|move|p2a: Gliscor|Spikes|p1a: Weezing
|-sidestart|p1: thegreatestnone|Spikes
|move|p1a: Weezing|Pain Split|p2a: Gliscor
|-sethp|p2a: Gliscor|80/100 tox|[from] move: Pain Split|[silent]
|-sethp|p1a: Weezing|85/100|[from] move: Pain Split
|
|-heal|p2a: Gliscor|93/100 tox|[from] ability: Poison Heal
|upkeep
|turn|48
|
|t:|1781119984
|switch|p1a: Skeledirge|Skeledirge, F, tera:Water|28/100
|move|p2a: Gliscor|Spikes|p1a: Skeledirge
|-sidestart|p1: thegreatestnone|Spikes
|
|-heal|p2a: Gliscor|100/100 tox|[from] ability: Poison Heal
|upkeep
|turn|49
|
|t:|1781119991
|move|p2a: Gliscor|Knock Off|p1a: Skeledirge
|-damage|p1a: Skeledirge|15/100
|-enditem|p1a: Skeledirge|Heavy-Duty Boots|[from] move: Knock Off|[of] p2a: Gliscor
|move|p1a: Skeledirge|Slack Off|p1a: Skeledirge
|-heal|p1a: Skeledirge|65/100
|
|upkeep
|turn|50
|
|t:|1781119997
|move|p2a: Gliscor|Protect|p2a: Gliscor
|-singleturn|p2a: Gliscor|Protect
|move|p1a: Skeledirge|Slack Off|p1a: Skeledirge
|-heal|p1a: Skeledirge|100/100
|
|upkeep
|turn|51
|
|t:|1781120003
|move|p2a: Gliscor|Protect||[still]
|-fail|p2a: Gliscor
|move|p1a: Skeledirge|Torch Song|p2a: Gliscor
|-resisted|p2a: Gliscor
|-damage|p2a: Gliscor|81/100 tox
|-boost|p1a: Skeledirge|spa|1
|
|-heal|p2a: Gliscor|93/100 tox|[from] ability: Poison Heal
|upkeep
|turn|52
|
|t:|1781120009
|move|p2a: Gliscor|Protect|p2a: Gliscor
|-singleturn|p2a: Gliscor|Protect
|move|p1a: Skeledirge|Torch Song|p2a: Gliscor
|-activate|p2a: Gliscor|move: Protect
|
|-heal|p2a: Gliscor|100/100 tox|[from] ability: Poison Heal
|upkeep
|turn|53
|
|t:|1781120013
|move|p2a: Gliscor|Protect|p2a: Gliscor
|-singleturn|p2a: Gliscor|Protect
|move|p1a: Skeledirge|Torch Song|p2a: Gliscor
|-activate|p2a: Gliscor|move: Protect
|
|upkeep
|turn|54
|
|t:|1781120020
|switch|p2a: Kingambit|Kingambit, M|100/100
|-activate|p2a: Kingambit|ability: Supreme Overlord
|-start|p2a: Kingambit|fallen3|[silent]
|move|p1a: Skeledirge|Torch Song|p2a: Kingambit
|-supereffective|p2a: Kingambit
|-damage|p2a: Kingambit|0 fnt
|-boost|p1a: Skeledirge|spa|1
|faint|p2a: Kingambit
|-end|p2a: Kingambit|fallen3|[silent]
|
|upkeep
|
|t:|1781120025
|switch|p2a: Great Tusk|Great Tusk|100/100
|turn|55
|
|t:|1781120032
|move|p2a: Great Tusk|Headlong Rush|p1a: Skeledirge
|-damage|p1a: Skeledirge|62/100
|-unboost|p2a: Great Tusk|def|1
|-unboost|p2a: Great Tusk|spd|1
|move|p1a: Skeledirge|Will-O-Wisp|p2a: Great Tusk
|-status|p2a: Great Tusk|brn
|
|-damage|p2a: Great Tusk|94/100 brn|[from] brn
|upkeep
|turn|56
|
|t:|1781120036
|move|p2a: Great Tusk|Ice Spinner|p1a: Skeledirge
|-resisted|p1a: Skeledirge
|-damage|p1a: Skeledirge|59/100
|move|p1a: Skeledirge|Slack Off|p1a: Skeledirge
|-heal|p1a: Skeledirge|100/100
|
|-damage|p2a: Great Tusk|88/100 brn|[from] brn
|upkeep
|turn|57
|c|☆thegreatestnone|wrap this up  plz
|
|t:|1781120040
|move|p2a: Great Tusk|Ice Spinner|p1a: Skeledirge
|-resisted|p1a: Skeledirge
|-damage|p1a: Skeledirge|97/100
|move|p1a: Skeledirge|Hex|p2a: Great Tusk
|-damage|p2a: Great Tusk|0 fnt
|faint|p2a: Great Tusk
|-end|p2a: Great Tusk|Protosynthesis|[silent]
|
|upkeep
|
|t:|1781120047
|switch|p2a: Gliscor|Gliscor, F, tera:Water|100/100 tox
|turn|58
|
|t:|1781120050
|move|p2a: Gliscor|Protect|p2a: Gliscor
|-singleturn|p2a: Gliscor|Protect
|move|p1a: Skeledirge|Torch Song|p2a: Gliscor
|-activate|p2a: Gliscor|move: Protect
|
|upkeep
|turn|59
|
|t:|1781120052
|move|p2a: Gliscor|Protect||[still]
|-fail|p2a: Gliscor
|move|p1a: Skeledirge|Hex|p2a: Gliscor
|-damage|p2a: Gliscor|0 fnt
|faint|p2a: Gliscor
|
|win|thegreatestnone
|raw|thegreatestnone's rating: 1597 &rarr; <strong>1618</strong><br />(+21 for winning)
|raw|KurisuChestnutOU's rating: 1621 &rarr; <strong>1600</strong><br />(-21 for losing)
