|j|☆LowEL0God
|j|☆runningdan
|t:|1781103308
|gametype|singles
|player|p1|LowEL0God|265|1635
|player|p2|runningdan|265|1644
|gen|9
|tier|[Gen 9] OU
|rated|
|rule|HP Percentage Mod: HP is shown in percentages
|rule|Endless Battle Clause: Forcing endless battles is banned
|rule|Species Clause: Limit one of each Pokémon
|rule|OHKO Clause: OHKO moves are banned
|rule|Evasion Items Clause: Evasion items are banned
|rule|Evasion Moves Clause: Evasion moves are banned
|rule|Evasion Abilities Clause: Evasion abilities are banned
|rule|Sleep Moves Clause: Sleep-inducing moves are banned
|clearpoke
|poke|p1|Pelipper, M|
|poke|p1|Torkoal, M|
|poke|p1|Walking Wake|
|poke|p1|Kyurem|
|poke|p1|Ninetales-Alola, F|
|poke|p1|Ogerpon-Wellspring, F|
|poke|p2|Great Tusk|
|poke|p2|Ninetales-Alola, F|
|poke|p2|Darkrai|
|poke|p2|Gliscor, M|
|poke|p2|Hatterene, F|
|poke|p2|Ceruledge, F|
|teampreview
|inactive|Battle timer is ON: inactive players will automatically lose when time's up. (requested by runningdan)
|c|☆LowEL0God|hf
|inactive|LowEL0God also wants the timer to be on.
|c|☆runningdan|triple weather
|c|☆runningdan|bruhhh
|inactive|runningdan has 120 seconds left.
|
|t:|1781103339
|teamsize|p1|6
|teamsize|p2|6
|start
|switch|p1a: Ninetales|Ninetales-Alola, F|100/100
|switch|p2a: Hatterene|Hatterene, F|100/100
|-weather|Snowscape|[from] ability: Snow Warning|[of] p1a: Ninetales
|turn|1
|j| Disscratch
|
|t:|1781103346
|move|p1a: Ninetales|Aurora Veil|p1a: Ninetales
|-sidestart|p1: LowEL0God|move: Aurora Veil
|move|p2a: Hatterene|Nuzzle|p1a: Ninetales
|-damage|p1a: Ninetales|99/100
|-status|p1a: Ninetales|par
|
|-weather|Snowscape|[upkeep]
|upkeep
|turn|2
|
|t:|1781103358
|switch|p1a: Hurricane Spam|Pelipper, M, shiny|100/100
|-weather|RainDance|[from] ability: Drizzle|[of] p1a: Hurricane Spam
|move|p2a: Hatterene|Calm Mind|p2a: Hatterene
|-boost|p2a: Hatterene|spa|1
|-boost|p2a: Hatterene|spd|1
|
|-weather|RainDance|[upkeep]
|upkeep
|turn|3
|
|t:|1781103362
|move|p1a: Hurricane Spam|Weather Ball|p2a: Hatterene
|-damage|p2a: Hatterene|35/100
|move|p2a: Hatterene|Nuzzle|p1a: Hurricane Spam
|-supereffective|p1a: Hurricane Spam
|-damage|p1a: Hurricane Spam|92/100
|-status|p1a: Hurricane Spam|par
|
|-weather|RainDance|[upkeep]
|-heal|p2a: Hatterene|41/100|[from] item: Leftovers
|upkeep
|turn|4
|
|t:|1781103372
|switch|p2a: Ninetales|Ninetales-Alola, F|100/100
|-weather|Snowscape|[from] ability: Snow Warning|[of] p2a: Ninetales
|move|p1a: Hurricane Spam|Weather Ball|p2a: Ninetales
|-resisted|p2a: Ninetales
|-damage|p2a: Ninetales|79/100
|
|-weather|Snowscape|[upkeep]
|upkeep
|turn|5
|
|t:|1781103395
|switch|p2a: Hatterene|Hatterene, F|41/100
|switch|p1a: Torkoal|Torkoal, M|100/100
|-weather|SunnyDay|[from] ability: Drought|[of] p1a: Torkoal
|
|-weather|SunnyDay|[upkeep]
|-heal|p2a: Hatterene|47/100|[from] item: Leftovers
|-sideend|p1: LowEL0God|move: Aurora Veil
|upkeep
|turn|6
|
|t:|1781103408
|move|p2a: Hatterene|Nuzzle|p1a: Torkoal
|-damage|p1a: Torkoal|98/100
|-status|p1a: Torkoal|par
|move|p1a: Torkoal|Lava Plume|p2a: Hatterene
|-damage|p2a: Hatterene|6/100
|
|-weather|SunnyDay|[upkeep]
|-heal|p2a: Hatterene|12/100|[from] item: Leftovers
|upkeep
|turn|7
|
|t:|1781103417
|switch|p2a: Ceruledge|Ceruledge, F|100/100
|move|p1a: Torkoal|Lava Plume|p2a: Ceruledge
|-start|p2a: Ceruledge|ability: Flash Fire
|
|-weather|SunnyDay|[upkeep]
|upkeep
|turn|8
|j| newhere1310
|
|t:|1781103424
|switch|p1a: Walking Wake|Walking Wake|100/100
|-activate|p1a: Walking Wake|ability: Protosynthesis
|-start|p1a: Walking Wake|protosynthesisspe
|move|p2a: Ceruledge|Taunt|p1a: Walking Wake
|-start|p1a: Walking Wake|move: Taunt
|
|-weather|SunnyDay|[upkeep]
|upkeep
|turn|9
|
|t:|1781103427
|-end|p2a: Ceruledge|ability: Flash Fire|[silent]
|switch|p2a: Ninetales|Ninetales-Alola, F|79/100
|-weather|Snowscape|[from] ability: Snow Warning|[of] p2a: Ninetales
|-end|p1a: Walking Wake|Protosynthesis
|move|p1a: Walking Wake|Hydro Steam|p2a: Ninetales
|-damage|p2a: Ninetales|19/100
|
|-weather|Snowscape|[upkeep]
|upkeep
|turn|10
|j| choispecs ironmoth
|
|t:|1781103439
|switch|p2a: Darkrai|Darkrai|100/100
|move|p1a: Walking Wake|Hydro Steam|p2a: Darkrai
|-damage|p2a: Darkrai|19/100
|
|-weather|Snowscape|[upkeep]
|-heal|p2a: Darkrai|25/100|[from] item: Leftovers
|-end|p1a: Walking Wake|move: Taunt
|upkeep
|turn|11
|
|t:|1781103457
|switch|p2a: Hatterene|Hatterene, F|12/100
|move|p1a: Walking Wake|Hydro Steam|p2a: Hatterene
|-damage|p2a: Hatterene|0 fnt
|faint|p2a: Hatterene
|
|-weather|Snowscape|[upkeep]
|upkeep
|
|t:|1781103460
|switch|p2a: Ninetales|Ninetales-Alola, F|19/100
|turn|12
|
|t:|1781103464
|move|p1a: Walking Wake|Hydro Steam|p2a: Ninetales
|-damage|p2a: Ninetales|0 fnt
|faint|p2a: Ninetales
|
|-weather|Snowscape|[upkeep]
|upkeep
|
|t:|1781103473
|switch|p2a: Gliscor|Gliscor, M|100/100
|turn|13
|
|t:|1781103479
|-terastallize|p2a: Gliscor|Normal
|move|p1a: Walking Wake|Hydro Steam|p2a: Gliscor
|-damage|p2a: Gliscor|37/100
|move|p2a: Gliscor|Agility|p2a: Gliscor
|-boost|p2a: Gliscor|spe|2
|
|-weather|none
|-status|p2a: Gliscor|tox|[from] item: Toxic Orb
|upkeep
|turn|14
|-message|runningdan forfeited.
|
|win|LowEL0God
|raw|LowEL0God's rating: 1635 &rarr; <strong>1656</strong><br />(+21 for winning)
|raw|runningdan's rating: 1644 &rarr; <strong>1623</strong><br />(-21 for losing)
|l|☆runningdan
|player|p2|
|l| newhere1310
|c|☆LowEL0God|gg
|l|☆LowEL0God
|player|p1|
|l| Disscratch
|l| choispecs ironmoth
|j| choispecs ironmoth
