|j|☆LowEL0God
|j|☆InfinityPokeRang3r
|t:|1781220329
|gametype|singles
|player|p1|LowEL0God|265|1614
|player|p2|InfinityPokeRang3r|ingo|1532
|gen|9
|tier|[Gen 9] OU
|rated|
|rule|HP Percentage Mod: HP is shown in percentages
|rule|Endless Battle Clause: Forcing endless battles is banned
|rule|Species Clause: Limit one of each Pokémon
|rule|OHKO Clause: OHKO moves are banned
|rule|Evasion Items Clause: Evasion items are banned
|rule|Evasion Moves Clause: Evasion moves are banned
|rule|Evasion Abilities Clause: Evasion abilities are banned
|rule|Sleep Moves Clause: Sleep-inducing moves are banned
|clearpoke
|poke|p1|Pelipper, M|
|poke|p1|Raging Bolt|
|poke|p1|Overqwil, M|
|poke|p1|Barraskewda, F|
|poke|p1|Iron Treads|
|poke|p1|Kingambit, M|
|poke|p2|Diancie|
|poke|p2|Iron Crown|
|poke|p2|Araquanid, F|
|poke|p2|Sinistcha-Masterpiece|
|poke|p2|Great Tusk|
|poke|p2|Moltres|
|teampreview
|c|☆LowEL0God|hf
|inactive|Battle timer is ON: inactive players will automatically lose when time's up. (requested by LowEL0God)
|c|☆InfinityPokeRang3r|glhf
|
|t:|1781220340
|teamsize|p1|6
|teamsize|p2|6
|start
|switch|p1a: Kingambit|Kingambit, M|100/100
|switch|p2a: Iron Crown|Iron Crown|100/100
|turn|1
|
|t:|1781220347
|move|p2a: Iron Crown|Volt Switch|p1a: Kingambit
|-damage|p1a: Kingambit|67/100
|
|t:|1781220350
|-end|p2a: Iron Crown|Quark Drive|[silent]
|switch|p2a: Moltres|Moltres|100/100|[from] Volt Switch
|move|p1a: Kingambit|Swords Dance|p1a: Kingambit
|-boost|p1a: Kingambit|atk|2
|
|-heal|p1a: Kingambit|73/100|[from] item: Leftovers
|upkeep
|turn|2
|
|t:|1781220355
|-terastallize|p1a: Kingambit|Dark
|move|p2a: Moltres|Flamethrower|p1a: Kingambit
|-damage|p1a: Kingambit|27/100
|move|p1a: Kingambit|Kowtow Cleave|p2a: Moltres
|-damage|p2a: Moltres|0 fnt
|-status|p1a: Kingambit|brn|[from] ability: Flame Body|[of] p2a: Moltres
|faint|p2a: Moltres
|
|-heal|p1a: Kingambit|33/100 brn|[from] item: Leftovers
|-damage|p1a: Kingambit|27/100 brn|[from] brn
|upkeep
|
|t:|1781220365
|switch|p2a: Great Tusk|Great Tusk|100/100
|turn|3
|
|t:|1781220367
|-end|p1a: Kingambit|fallenundefined|[silent]
|switch|p1a: Pelipper|Pelipper, M|100/100
|-weather|RainDance|[from] ability: Drizzle|[of] p1a: Pelipper
|move|p2a: Great Tusk|Knock Off|p1a: Pelipper
|-damage|p1a: Pelipper|71/100
|-enditem|p1a: Pelipper|Damp Rock|[from] move: Knock Off|[of] p2a: Great Tusk
|
|-weather|RainDance|[upkeep]
|upkeep
|turn|4
|
|t:|1781220380
|move|p2a: Great Tusk|Rapid Spin|p1a: Pelipper
|-damage|p1a: Pelipper|55/100
|-boost|p2a: Great Tusk|spe|1
|move|p1a: Pelipper|Hurricane|p2a: Great Tusk
|-supereffective|p2a: Great Tusk
|-damage|p2a: Great Tusk|37/100
|
|-weather|RainDance|[upkeep]
|upkeep
|turn|5
|
|t:|1781220389
|-end|p2a: Great Tusk|Protosynthesis|[silent]
|switch|p2a: Iron Crown|Iron Crown|100/100
|move|p1a: Pelipper|Hurricane|p2a: Iron Crown
|-resisted|p2a: Iron Crown
|-damage|p2a: Iron Crown|81/100
|
|-weather|RainDance|[upkeep]
|upkeep
|turn|6
|
|t:|1781220396
|switch|p1a: Kingambit|Kingambit, M, tera:Dark|27/100 brn
|move|p2a: Iron Crown|Focus Blast|p1a: Kingambit|[miss]
|-miss|p2a: Iron Crown|p1a: Kingambit
|
|-weather|RainDance|[upkeep]
|-heal|p1a: Kingambit|33/100 brn|[from] item: Leftovers
|-damage|p1a: Kingambit|27/100 brn|[from] brn
|upkeep
|turn|7
|
|t:|1781220402
|move|p2a: Iron Crown|Focus Blast|p1a: Kingambit
|-supereffective|p1a: Kingambit
|-damage|p1a: Kingambit|0 fnt
|faint|p1a: Kingambit
|-end|p1a: Kingambit|fallenundefined|[silent]
|
|-weather|RainDance|[upkeep]
|upkeep
|
|t:|1781220403
|switch|p1a: Raging Bolt|Raging Bolt|100/100
|-enditem|p1a: Raging Bolt|Booster Energy
|-activate|p1a: Raging Bolt|ability: Protosynthesis|[fromitem]
|-start|p1a: Raging Bolt|protosynthesisspa
|turn|8
|
|t:|1781220406
|-end|p2a: Iron Crown|Quark Drive|[silent]
|switch|p2a: Diancie|Diancie|100/100
|move|p1a: Raging Bolt|Weather Ball|p2a: Diancie
|-supereffective|p2a: Diancie
|-damage|p2a: Diancie|0 fnt
|faint|p2a: Diancie
|
|-weather|RainDance|[upkeep]
|upkeep
|
|t:|1781220413
|switch|p2a: Great Tusk|Great Tusk|37/100
|turn|9
|
|t:|1781220416
|move|p2a: Great Tusk|Headlong Rush|p1a: Raging Bolt
|-supereffective|p1a: Raging Bolt
|-damage|p1a: Raging Bolt|0 fnt
|-unboost|p2a: Great Tusk|def|1
|-unboost|p2a: Great Tusk|spd|1
|faint|p1a: Raging Bolt
|-end|p1a: Raging Bolt|Protosynthesis|[silent]
|
|-weather|RainDance|[upkeep]
|upkeep
|
|t:|1781220416
|switch|p1a: Overqwil|Overqwil, M|100/100
|turn|10
|
|t:|1781220422
|move|p1a: Overqwil|Liquidation|p2a: Great Tusk
|-supereffective|p2a: Great Tusk
|-damage|p2a: Great Tusk|0 fnt
|faint|p2a: Great Tusk
|-end|p2a: Great Tusk|Protosynthesis|[silent]
|-damage|p1a: Overqwil|91/100|[from] item: Life Orb
|
|-weather|none
|upkeep
|
|t:|1781220426
|switch|p2a: Araquanid|Araquanid, F|100/100
|turn|11
|
|t:|1781220429
|move|p1a: Overqwil|Crunch|p2a: Araquanid
|-damage|p2a: Araquanid|44/100
|-damage|p1a: Overqwil|81/100|[from] item: Life Orb
|move|p2a: Araquanid|Liquidation|p1a: Overqwil
|-damage|p1a: Overqwil|8/100
|
|upkeep
|turn|12
|
|t:|1781220436
|move|p1a: Overqwil|Crunch|p2a: Araquanid
|-damage|p2a: Araquanid|0 fnt
|faint|p2a: Araquanid
|-damage|p1a: Overqwil|0 fnt|[from] item: Life Orb
|faint|p1a: Overqwil
|
|upkeep
|
|t:|1781220439
|switch|p1a: Pelipper|Pelipper, M|55/100
|switch|p2a: Iron Crown|Iron Crown|81/100
|-weather|RainDance|[from] ability: Drizzle|[of] p1a: Pelipper
|turn|13
|
|t:|1781220441
|switch|p1a: Iron Treads|Iron Treads|100/100
|-enditem|p1a: Iron Treads|Booster Energy
|-activate|p1a: Iron Treads|ability: Quark Drive|[fromitem]
|-start|p1a: Iron Treads|quarkdrivespe
|move|p2a: Iron Crown|Volt Switch|p1a: Iron Treads
|-immune|p1a: Iron Treads
|
|-weather|RainDance|[upkeep]
|upkeep
|turn|14
|
|t:|1781220443
|-end|p2a: Iron Crown|Quark Drive|[silent]
|switch|p2a: Sinistcha|Sinistcha-Masterpiece|100/100
|move|p1a: Iron Treads|Steel Beam|p2a: Sinistcha
|-damage|p2a: Sinistcha|48/100
|-damage|p1a: Iron Treads|50/100|[from] steelbeam
|
|-weather|RainDance|[upkeep]
|upkeep
|turn|15
|
|t:|1781220457
|switch|p2a: Iron Crown|Iron Crown|81/100
|move|p1a: Iron Treads|Steel Beam|p2a: Iron Crown
|-resisted|p2a: Iron Crown
|-damage|p2a: Iron Crown|53/100
|-damage|p1a: Iron Treads|0 fnt|[from] steelbeam
|faint|p1a: Iron Treads
|-end|p1a: Iron Treads|Quark Drive|[silent]
|
|-weather|RainDance|[upkeep]
|upkeep
|
|t:|1781220457
|switch|p1a: Barraskewda|Barraskewda, F|100/100
|turn|16
|
|t:|1781220463
|move|p1a: Barraskewda|Flip Turn|p2a: Iron Crown
|-damage|p2a: Iron Crown|0 fnt
|faint|p2a: Iron Crown
|-end|p2a: Iron Crown|Quark Drive|[silent]
|
|t:|1781220464
|switch|p1a: Pelipper|Pelipper, M|55/100|[from] Flip Turn
|
|-weather|RainDance|[upkeep]
|upkeep
|
|t:|1781220467
|switch|p2a: Sinistcha|Sinistcha-Masterpiece|48/100
|turn|17
|
|t:|1781220470
|-terastallize|p2a: Sinistcha|Poison
|move|p2a: Sinistcha|Strength Sap|p1a: Pelipper
|-unboost|p1a: Pelipper|atk|1
|-heal|p2a: Sinistcha|88/100
|move|p1a: Pelipper|Hurricane|p2a: Sinistcha
|-damage|p2a: Sinistcha|53/100
|
|-weather|none
|upkeep
|turn|18
|
|t:|1781220475
|move|p2a: Sinistcha|Matcha Gotcha|p1a: Pelipper
|-damage|p1a: Pelipper|8/100
|-heal|p2a: Sinistcha|75/100|[from] drain|[of] p1a: Pelipper
|move|p1a: Pelipper|U-turn|p2a: Sinistcha
|-resisted|p2a: Sinistcha
|-damage|p2a: Sinistcha|72/100
|
|t:|1781220475
|switch|p1a: Barraskewda|Barraskewda, F|100/100|[from] U-turn
|
|upkeep
|turn|19
|
|t:|1781220481
|move|p1a: Barraskewda|Flip Turn|p2a: Sinistcha
|-damage|p2a: Sinistcha|29/100
|
|t:|1781220482
|switch|p1a: Pelipper|Pelipper, M|8/100|[from] Flip Turn
|-weather|RainDance|[from] ability: Drizzle|[of] p1a: Pelipper
|move|p2a: Sinistcha|Strength Sap|p1a: Pelipper
|-unboost|p1a: Pelipper|atk|1
|-heal|p2a: Sinistcha|69/100
|
|-weather|RainDance|[upkeep]
|upkeep
|turn|20
|
|t:|1781220498
|move|p2a: Sinistcha|Matcha Gotcha|p1a: Pelipper
|-damage|p1a: Pelipper|0 fnt
|-heal|p2a: Sinistcha|72/100|[from] drain|[of] p1a: Pelipper
|faint|p1a: Pelipper
|
|-weather|RainDance|[upkeep]
|upkeep
|
|t:|1781220498
|switch|p1a: Barraskewda|Barraskewda, F|100/100
|turn|21
|
|t:|1781220502
|move|p1a: Barraskewda|Liquidation|p2a: Sinistcha
|-damage|p2a: Sinistcha|0 fnt
|faint|p2a: Sinistcha
|
|win|LowEL0God
|raw|LowEL0God's rating: 1614 &rarr; <strong>1629</strong><br />(+15 for winning)
|raw|InfinityPokeRang3r's rating: 1532 &rarr; <strong>1517</strong><br />(-15 for losing)
|l|☆InfinityPokeRang3r
|player|p2|
|c|☆LowEL0God|gg
|l|☆LowEL0God
|player|p1|
