|j|☆overheat xyz
|j|‽susik09
|t:|1781276567
|gametype|singles
|player|p1|overheat xyz|2|1643
|player|p2|susik09|harlequin|1589
|gen|9
|tier|[Gen 9] OU
|rated|
|rule|HP Percentage Mod: HP is shown in percentages
|rule|Endless Battle Clause: Forcing endless battles is banned
|rule|Species Clause: Limit one of each Pokémon
|rule|OHKO Clause: OHKO moves are banned
|rule|Evasion Items Clause: Evasion items are banned
|rule|Evasion Moves Clause: Evasion moves are banned
|rule|Evasion Abilities Clause: Evasion abilities are banned
|rule|Sleep Moves Clause: Sleep-inducing moves are banned
|clearpoke
|poke|p1|Dragapult, F|
|poke|p1|Samurott-Hisui, F|
|poke|p1|Rillaboom, F|
|poke|p1|Slowking-Galar, M|
|poke|p1|Kingambit, M|
|poke|p1|Corviknight, M|
|poke|p2|Raging Bolt|
|poke|p2|Rillaboom, M|
|poke|p2|Blissey, F|
|poke|p2|Moltres|
|poke|p2|Great Tusk|
|poke|p2|Garganacl, M|
|teampreview
|
|t:|1781276581
|teamsize|p1|6
|teamsize|p2|6
|start
|switch|p1a: Rillaboom|Rillaboom, F|100/100
|switch|p2a: Rillaboom|Rillaboom, M, shiny|100/100
|-fieldstart|move: Grassy Terrain|[from] ability: Grassy Surge|[of] p2a: Rillaboom
|turn|1
|
|t:|1781276587
|switch|p2a: Moltres|Moltres, shiny|100/100
|move|p1a: Rillaboom|U-turn|p2a: Moltres
|-resisted|p2a: Moltres
|-damage|p2a: Moltres|94/100
|
|t:|1781276596
|switch|p1a: Samurott|Samurott-Hisui, F|100/100|[from] U-turn
|
|upkeep
|turn|2
|
|t:|1781276602
|move|p1a: Samurott|Ceaseless Edge|p2a: Moltres
|-damage|p2a: Moltres|64/100
|-status|p1a: Samurott|brn|[from] ability: Flame Body|[of] p2a: Moltres
|-sidestart|p2: susik09|Spikes
|move|p2a: Moltres|U-turn|p1a: Samurott
|-supereffective|p1a: Samurott
|-damage|p1a: Samurott|66/100 brn
|
|t:|1781276606
|switch|p2a: Great Tusk|Great Tusk, shiny|100/100|[from] U-turn
|
|-heal|p1a: Samurott|72/100 brn|[from] Grassy Terrain
|-damage|p1a: Samurott|66/100 brn|[from] brn
|upkeep
|turn|3
|
|t:|1781276611
|switch|p1a: Dragapult|Dragapult, F|100/100
|move|p2a: Great Tusk|Rapid Spin|p1a: Dragapult
|-immune|p1a: Dragapult
|
|upkeep
|turn|4
|
|t:|1781276619
|-end|p2a: Great Tusk|Protosynthesis|[silent]
|switch|p2a: Blissey|Blissey, F|100/100
|-damage|p2a: Blissey|88/100|[from] Spikes
|move|p1a: Dragapult|U-turn|p2a: Blissey
|-damage|p2a: Blissey|73/100
|
|t:|1781276627
|switch|p1a: Rillaboom|Rillaboom, F|100/100|[from] U-turn
|
|-heal|p2a: Blissey|79/100|[from] Grassy Terrain
|-heal|p2a: Blissey|85/100|[from] item: Leftovers
|upkeep
|turn|5
|
|t:|1781276635
|switch|p1a: Dragapult|Dragapult, F|100/100
|switch|p2a: Moltres|Moltres, shiny|64/100
|
|-fieldend|move: Grassy Terrain
|upkeep
|turn|6
|
|t:|1781276643
|move|p1a: Dragapult|U-turn|p2a: Moltres
|-resisted|p2a: Moltres
|-damage|p2a: Moltres|61/100
|-status|p1a: Dragapult|brn|[from] ability: Flame Body|[of] p2a: Moltres
|
|t:|1781276647
|switch|p1a: Slowking|Slowking-Galar, M|100/100|[from] U-turn
|move|p2a: Moltres|Roost|p2a: Moltres
|-heal|p2a: Moltres|100/100
|-singleturn|p2a: Moltres|move: Roost
|
|upkeep
|turn|7
|
|t:|1781276656
|move|p2a: Moltres|U-turn|p1a: Slowking
|-damage|p1a: Slowking|84/100
|
|t:|1781276658
|switch|p2a: Great Tusk|Great Tusk, shiny|100/100|[from] U-turn
|move|p1a: Slowking|Psychic Noise|p2a: Great Tusk
|-supereffective|p2a: Great Tusk
|-damage|p2a: Great Tusk|0 fnt
|faint|p2a: Great Tusk
|-end|p2a: Great Tusk|Protosynthesis|[silent]
|
|upkeep
|j| Breachingtrout
|
|t:|1781276664
|switch|p2a: Rillaboom|Rillaboom, M, shiny|100/100
|-damage|p2a: Rillaboom|88/100|[from] Spikes
|-fieldstart|move: Grassy Terrain|[from] ability: Grassy Surge|[of] p2a: Rillaboom
|turn|8
|inactive|Battle timer is ON: inactive players will automatically lose when time's up. (requested by overheat xyz)
|
|t:|1781276669
|switch|p1a: Corviknight|Corviknight, M|100/100
|-ability|p1a: Corviknight|Pressure
|move|p2a: Rillaboom|Knock Off|p1a: Corviknight
|-damage|p1a: Corviknight|70/100
|-damage|p2a: Rillaboom|72/100|[from] item: Rocky Helmet|[of] p1a: Corviknight
|-enditem|p1a: Corviknight|Rocky Helmet|[from] move: Knock Off|[of] p2a: Rillaboom
|
|-heal|p2a: Rillaboom|78/100|[from] Grassy Terrain
|upkeep
|turn|9
|
|t:|1781276679
|switch|p2a: Raging Bolt|Raging Bolt|100/100
|-damage|p2a: Raging Bolt|88/100|[from] Spikes
|move|p1a: Corviknight|Roost|p1a: Corviknight
|-heal|p1a: Corviknight|100/100
|-singleturn|p1a: Corviknight|move: Roost
|
|-heal|p2a: Raging Bolt|94/100|[from] Grassy Terrain
|upkeep
|turn|10
|
|t:|1781276690
|switch|p1a: Slowking|Slowking-Galar, M|100/100
|move|p2a: Raging Bolt|Thunderbolt|p1a: Slowking
|-damage|p1a: Slowking|57/100
|
|-heal|p2a: Raging Bolt|100/100|[from] Grassy Terrain
|-heal|p1a: Slowking|63/100|[from] Grassy Terrain
|upkeep
|turn|11
|
|t:|1781276695
|move|p2a: Raging Bolt|Thunderbolt|p1a: Slowking
|-damage|p1a: Slowking|25/100
|move|p1a: Slowking|Sludge Bomb|p2a: Raging Bolt
|-damage|p2a: Raging Bolt|61/100
|
|-heal|p2a: Raging Bolt|67/100|[from] Grassy Terrain
|-heal|p1a: Slowking|31/100|[from] Grassy Terrain
|upkeep
|turn|12
|
|t:|1781276706
|switch|p1a: Dragapult|Dragapult, F|100/100 brn
|move|p2a: Raging Bolt|Thunderbolt|p1a: Dragapult
|-resisted|p1a: Dragapult
|-damage|p1a: Dragapult|48/100 brn
|
|-heal|p1a: Dragapult|54/100 brn|[from] Grassy Terrain
|-heal|p2a: Raging Bolt|73/100|[from] Grassy Terrain
|-damage|p1a: Dragapult|48/100 brn|[from] brn
|-fieldend|move: Grassy Terrain
|upkeep
|turn|13
|
|t:|1781276713
|-end|p2a: Raging Bolt|Protosynthesis|[silent]
|switch|p2a: Moltres|Moltres, shiny|100/100
|move|p1a: Dragapult|U-turn|p2a: Moltres
|-resisted|p2a: Moltres
|-damage|p2a: Moltres|99/100
|
|t:|1781276720
|switch|p1a: Slowking|Slowking-Galar, M|64/100|[from] U-turn
|
|upkeep
|turn|14
|
|t:|1781276725
|move|p2a: Moltres|U-turn|p1a: Slowking
|-damage|p1a: Slowking|48/100
|
|t:|1781276727
|switch|p2a: Blissey|Blissey, F|85/100|[from] U-turn
|-damage|p2a: Blissey|73/100|[from] Spikes
|move|p1a: Slowking|Future Sight|p2a: Blissey
|-start|p1a: Slowking|move: Future Sight
|
|-heal|p2a: Blissey|79/100|[from] item: Leftovers
|upkeep
|turn|15
|
|t:|1781276740
|switch|p2a: Moltres|Moltres, shiny|99/100
|switch|p1a: Samurott|Samurott-Hisui, F|66/100 brn
|
|-damage|p1a: Samurott|60/100 brn|[from] brn
|upkeep
|turn|16
|
|t:|1781276747
|switch|p2a: Blissey|Blissey, F|79/100
|-damage|p2a: Blissey|67/100|[from] Spikes
|move|p1a: Samurott|Ceaseless Edge|p2a: Blissey
|-damage|p2a: Blissey|46/100
|-sidestart|p2: susik09|Spikes
|
|-end|p2a: Blissey|move: Future Sight
|-crit|p2a: Blissey
|-damage|p2a: Blissey|16/100
|-heal|p2a: Blissey|22/100|[from] item: Leftovers
|-damage|p1a: Samurott|53/100 brn|[from] brn
|upkeep
|turn|17
|
|t:|1781276756
|move|p1a: Samurott|Ceaseless Edge|p2a: Blissey
|-damage|p2a: Blissey|1/100
|-sidestart|p2: susik09|Spikes
|move|p2a: Blissey|Soft-Boiled|p2a: Blissey
|-heal|p2a: Blissey|51/100
|
|-heal|p2a: Blissey|57/100|[from] item: Leftovers
|-damage|p1a: Samurott|47/100 brn|[from] brn
|upkeep
|turn|18
|
|t:|1781276762
|switch|p1a: Rillaboom|Rillaboom, F|100/100
|-fieldstart|move: Grassy Terrain|[from] ability: Grassy Surge|[of] p1a: Rillaboom
|move|p2a: Blissey|Soft-Boiled|p2a: Blissey
|-heal|p2a: Blissey|100/100
|
|upkeep
|turn|19
|
|t:|1781276769
|switch|p1a: Slowking|Slowking-Galar, M|82/100
|switch|p2a: Moltres|Moltres, shiny|99/100
|
|-heal|p1a: Slowking|88/100|[from] Grassy Terrain
|upkeep
|turn|20
|
|t:|1781276779
|move|p2a: Moltres|U-turn|p1a: Slowking
|-crit|p1a: Slowking
|-damage|p1a: Slowking|64/100
|
|t:|1781276782
|switch|p2a: Garganacl|Garganacl, M|100/100|[from] U-turn
|-damage|p2a: Garganacl|75/100|[from] Spikes
|move|p1a: Slowking|Future Sight|p2a: Garganacl
|-start|p1a: Slowking|move: Future Sight
|
|-heal|p2a: Garganacl|82/100|[from] Grassy Terrain
|-heal|p2a: Garganacl|88/100|[from] item: Leftovers
|-heal|p1a: Slowking|70/100|[from] Grassy Terrain
|upkeep
|turn|21
|
|t:|1781276790
|move|p2a: Garganacl|Salt Cure|p1a: Slowking
|-damage|p1a: Slowking|54/100
|-start|p1a: Slowking|Salt Cure
|move|p1a: Slowking|Psychic Noise|p2a: Garganacl
|-damage|p2a: Garganacl|54/100
|-start|p2a: Garganacl|move: Heal Block
|
|-heal|p1a: Slowking|60/100|[from] Grassy Terrain
|-damage|p1a: Slowking|48/100|[from] Salt Cure
|upkeep
|turn|22
|
|t:|1781276797
|move|p2a: Garganacl|Stealth Rock|p1a: Slowking
|-sidestart|p1: overheat xyz|move: Stealth Rock
|move|p1a: Slowking|Psychic Noise|p2a: Garganacl
|-damage|p2a: Garganacl|20/100
|
|-end|p2a: Garganacl|move: Future Sight
|-damage|p2a: Garganacl|0 fnt
|faint|p2a: Garganacl
|-heal|p1a: Slowking|54/100|[from] Grassy Terrain
|-damage|p1a: Slowking|42/100|[from] Salt Cure
|-fieldend|move: Grassy Terrain
|upkeep
|
|t:|1781276800
|switch|p2a: Rillaboom|Rillaboom, M, shiny|78/100
|-damage|p2a: Rillaboom|53/100|[from] Spikes
|-fieldstart|move: Grassy Terrain|[from] ability: Grassy Surge|[of] p2a: Rillaboom
|turn|23
|
|t:|1781276804
|switch|p1a: Corviknight|Corviknight, M|100/100
|-damage|p1a: Corviknight|88/100|[from] Stealth Rock
|-ability|p1a: Corviknight|Pressure
|move|p2a: Rillaboom|U-turn|p1a: Corviknight
|-resisted|p1a: Corviknight
|-damage|p1a: Corviknight|82/100
|
|t:|1781276805
|switch|p2a: Raging Bolt|Raging Bolt|73/100|[from] U-turn
|-damage|p2a: Raging Bolt|48/100|[from] Spikes
|
|-heal|p2a: Raging Bolt|54/100|[from] Grassy Terrain
|upkeep
|turn|24
|
|t:|1781276818
|switch|p1a: Samurott|Samurott-Hisui, F|47/100 brn
|-damage|p1a: Samurott|35/100 brn|[from] Stealth Rock
|move|p2a: Raging Bolt|Draco Meteor|p1a: Samurott
|-damage|p1a: Samurott|0 fnt
|-unboost|p2a: Raging Bolt|spa|2
|faint|p1a: Samurott
|
|-heal|p2a: Raging Bolt|60/100|[from] Grassy Terrain
|upkeep
|
|t:|1781276829
|switch|p1a: Slowking|Slowking-Galar, M|75/100
|-damage|p1a: Slowking|62/100|[from] Stealth Rock
|turn|25
|
|t:|1781276835
|-end|p2a: Raging Bolt|Protosynthesis|[silent]
|switch|p2a: Blissey|Blissey, F|100/100
|-damage|p2a: Blissey|75/100|[from] Spikes
|move|p1a: Slowking|Future Sight|p2a: Blissey
|-start|p1a: Slowking|move: Future Sight
|
|-heal|p2a: Blissey|82/100|[from] Grassy Terrain
|-heal|p2a: Blissey|88/100|[from] item: Leftovers
|-heal|p1a: Slowking|69/100|[from] Grassy Terrain
|upkeep
|turn|26
|
|t:|1781276847
|switch|p2a: Moltres|Moltres, shiny|99/100
|switch|p1a: Kingambit|Kingambit, M|100/100
|-damage|p1a: Kingambit|94/100|[from] Stealth Rock
|-activate|p1a: Kingambit|ability: Supreme Overlord
|-start|p1a: Kingambit|fallen1|[silent]
|
|-heal|p1a: Kingambit|100/100|[from] Grassy Terrain
|upkeep
|turn|27
|
|t:|1781276858
|-end|p1a: Kingambit|fallen1|[silent]
|switch|p1a: Slowking|Slowking-Galar, M|100/100
|-damage|p1a: Slowking|88/100|[from] Stealth Rock
|move|p2a: Moltres|Roost|p2a: Moltres
|-heal|p2a: Moltres|100/100
|-singleturn|p2a: Moltres|move: Roost
|
|-end|p2a: Moltres|move: Future Sight
|-damage|p2a: Moltres|40/100
|-heal|p2a: Moltres|47/100|[from] Grassy Terrain
|-heal|p1a: Slowking|94/100|[from] Grassy Terrain
|-fieldend|move: Grassy Terrain
|upkeep
|turn|28
|
|t:|1781276882
|move|p2a: Moltres|Roost|p2a: Moltres
|-heal|p2a: Moltres|97/100
|-singleturn|p2a: Moltres|move: Roost
|move|p1a: Slowking|Future Sight|p2a: Moltres
|-start|p1a: Slowking|move: Future Sight
|
|upkeep
|turn|29
|
|t:|1781276888
|move|p2a: Moltres|U-turn|p1a: Slowking
|-damage|p1a: Slowking|78/100
|
|t:|1781276894
|switch|p2a: Raging Bolt|Raging Bolt|60/100|[from] U-turn
|-damage|p2a: Raging Bolt|36/100|[from] Spikes
|move|p1a: Slowking|Sludge Bomb|p2a: Raging Bolt
|-damage|p2a: Raging Bolt|0 fnt
|faint|p2a: Raging Bolt
|-end|p2a: Raging Bolt|Protosynthesis|[silent]
|
|upkeep
|
|t:|1781276897
|switch|p2a: Blissey|Blissey, F|88/100
|-damage|p2a: Blissey|63/100|[from] Spikes
|turn|30
|
|t:|1781276912
|move|p2a: Blissey|Soft-Boiled|p2a: Blissey
|-heal|p2a: Blissey|100/100
|move|p1a: Slowking|Sludge Bomb|p2a: Blissey
|-damage|p2a: Blissey|87/100
|
|-end|p2a: Blissey|move: Future Sight
|-damage|p2a: Blissey|68/100
|-heal|p2a: Blissey|74/100|[from] item: Leftovers
|upkeep
|turn|31
|
|t:|1781276922
|move|p2a: Blissey|Seismic Toss|p1a: Slowking
|-damage|p1a: Slowking|53/100
|move|p1a: Slowking|Future Sight|p2a: Blissey
|-start|p1a: Slowking|move: Future Sight
|
|-heal|p2a: Blissey|80/100|[from] item: Leftovers
|upkeep
|turn|32
|
|t:|1781276934
|move|p2a: Blissey|Seismic Toss|p1a: Slowking
|-damage|p1a: Slowking|28/100
|move|p1a: Slowking|Psychic Noise|p2a: Blissey
|-damage|p2a: Blissey|69/100
|-start|p2a: Blissey|move: Heal Block
|
|upkeep
|turn|33
|
|t:|1781276948
|switch|p1a: Corviknight|Corviknight, M|82/100
|-damage|p1a: Corviknight|70/100|[from] Stealth Rock
|-ability|p1a: Corviknight|Pressure
|move|p2a: Blissey|Seismic Toss|p1a: Corviknight
|-damage|p1a: Corviknight|45/100
|
|-end|p2a: Blissey|move: Future Sight
|-crit|p2a: Blissey
|-damage|p2a: Blissey|39/100
|-end|p2a: Blissey|move: Heal Block
|upkeep
|turn|34
|
|t:|1781276956
|move|p1a: Corviknight|Roost|p1a: Corviknight
|-heal|p1a: Corviknight|95/100
|-singleturn|p1a: Corviknight|move: Roost
|move|p2a: Blissey|Soft-Boiled|p2a: Blissey
|-heal|p2a: Blissey|89/100
|
|-heal|p2a: Blissey|95/100|[from] item: Leftovers
|upkeep
|turn|35
|
|t:|1781276959
|switch|p1a: Slowking|Slowking-Galar, M|61/100
|-damage|p1a: Slowking|48/100|[from] Stealth Rock
|switch|p2a: Moltres|Moltres, shiny|97/100
|
|upkeep
|turn|36
|
|t:|1781276964
|move|p2a: Moltres|U-turn|p1a: Slowking
|-damage|p1a: Slowking|32/100
|
|t:|1781276966
|switch|p2a: Blissey|Blissey, F|95/100|[from] U-turn
|-damage|p2a: Blissey|70/100|[from] Spikes
|move|p1a: Slowking|Sludge Bomb|p2a: Blissey
|-damage|p2a: Blissey|55/100
|-status|p2a: Blissey|psn
|
|-heal|p2a: Blissey|61/100 psn|[from] item: Leftovers
|-damage|p2a: Blissey|49/100 psn|[from] psn
|upkeep
|turn|37
|l| Breachingtrout
|
|t:|1781276980
|move|p2a: Blissey|Soft-Boiled|p2a: Blissey
|-heal|p2a: Blissey|99/100 psn
|move|p1a: Slowking|Psychic Noise|p2a: Blissey
|-damage|p2a: Blissey|86/100 psn
|-start|p2a: Blissey|move: Heal Block
|
|-damage|p2a: Blissey|74/100 psn|[from] psn
|upkeep
|turn|38
|
|t:|1781276998
|-curestatus|p2a: Blissey|psn|[from] ability: Natural Cure|[silent]
|switch|p2a: Moltres|Moltres, shiny|97/100
|move|p1a: Slowking|Sludge Bomb|p2a: Moltres
|-damage|p2a: Moltres|55/100
|
|upkeep
|turn|39
|
|t:|1781277007
|move|p2a: Moltres|U-turn|p1a: Slowking
|-damage|p1a: Slowking|18/100
|
|t:|1781277015
|switch|p2a: Blissey|Blissey, F|74/100|[from] U-turn
|-damage|p2a: Blissey|49/100|[from] Spikes
|move|p1a: Slowking|Sludge Bomb|p2a: Blissey
|-damage|p2a: Blissey|33/100
|
|-heal|p2a: Blissey|39/100|[from] item: Leftovers
|upkeep
|turn|40
|
|t:|1781277029
|switch|p2a: Moltres|Moltres, shiny|55/100
|switch|p1a: Kingambit|Kingambit, M|100/100
|-damage|p1a: Kingambit|94/100|[from] Stealth Rock
|-activate|p1a: Kingambit|ability: Supreme Overlord
|-start|p1a: Kingambit|fallen1|[silent]
|
|-heal|p1a: Kingambit|100/100|[from] item: Leftovers
|upkeep
|turn|41
|
|t:|1781277039
|-end|p1a: Kingambit|fallen1|[silent]
|switch|p1a: Slowking|Slowking-Galar, M|51/100
|-damage|p1a: Slowking|38/100|[from] Stealth Rock
|move|p2a: Moltres|Roost|p2a: Moltres
|-heal|p2a: Moltres|100/100
|-singleturn|p2a: Moltres|move: Roost
|
|upkeep
|turn|42
|
|t:|1781277048
|move|p2a: Moltres|U-turn|p1a: Slowking
|-damage|p1a: Slowking|24/100
|
|t:|1781277050
|switch|p2a: Rillaboom|Rillaboom, M, shiny|53/100|[from] U-turn
|-damage|p2a: Rillaboom|28/100|[from] Spikes
|-fieldstart|move: Grassy Terrain|[from] ability: Grassy Surge|[of] p2a: Rillaboom
|move|p1a: Slowking|Sludge Bomb|p2a: Rillaboom
|-supereffective|p2a: Rillaboom
|-damage|p2a: Rillaboom|0 fnt
|faint|p2a: Rillaboom
|
|-heal|p1a: Slowking|30/100|[from] Grassy Terrain
|upkeep
|
|t:|1781277051
|switch|p2a: Blissey|Blissey, F|39/100
|-damage|p2a: Blissey|14/100|[from] Spikes
|turn|43
|
|t:|1781277057
|move|p2a: Blissey|Soft-Boiled|p2a: Blissey
|-heal|p2a: Blissey|64/100
|move|p1a: Slowking|Psychic Noise|p2a: Blissey
|-damage|p2a: Blissey|52/100
|-start|p2a: Blissey|move: Heal Block
|
|-heal|p1a: Slowking|37/100|[from] Grassy Terrain
|upkeep
|turn|44
|
|t:|1781277063
|switch|p1a: Dragapult|Dragapult, F|48/100 brn
|-damage|p1a: Dragapult|36/100 brn|[from] Stealth Rock
|move|p2a: Blissey|Seismic Toss|p1a: Dragapult
|-immune|p1a: Dragapult
|
|-heal|p1a: Dragapult|42/100 brn|[from] Grassy Terrain
|-damage|p1a: Dragapult|36/100 brn|[from] brn
|-end|p2a: Blissey|move: Heal Block
|upkeep
|turn|45
|
|t:|1781277071
|move|p1a: Dragapult|U-turn|p2a: Blissey
|-damage|p2a: Blissey|44/100
|
|t:|1781277077
|switch|p1a: Slowking|Slowking-Galar, M|70/100|[from] U-turn
|-damage|p1a: Slowking|57/100|[from] Stealth Rock
|move|p2a: Blissey|Soft-Boiled|p2a: Blissey
|-heal|p2a: Blissey|94/100
|
|-heal|p2a: Blissey|99/100|[from] Grassy Terrain
|-heal|p2a: Blissey|100/100|[from] item: Leftovers
|-heal|p1a: Slowking|63/100|[from] Grassy Terrain
|upkeep
|turn|46
|
|t:|1781277081
|switch|p1a: Corviknight|Corviknight, M|95/100
|-damage|p1a: Corviknight|82/100|[from] Stealth Rock
|-ability|p1a: Corviknight|Pressure
|move|p2a: Blissey|Seismic Toss|p1a: Corviknight
|-damage|p1a: Corviknight|57/100
|
|-fieldend|move: Grassy Terrain
|upkeep
|turn|47
|
|t:|1781277090
|move|p1a: Corviknight|Roost|p1a: Corviknight
|-heal|p1a: Corviknight|100/100
|-singleturn|p1a: Corviknight|move: Roost
|move|p2a: Blissey|Seismic Toss|p1a: Corviknight
|-damage|p1a: Corviknight|75/100
|
|upkeep
|turn|48
|
|t:|1781277093
|move|p1a: Corviknight|Body Press|p2a: Blissey
|-supereffective|p2a: Blissey
|-damage|p2a: Blissey|49/100
|move|p2a: Blissey|Seismic Toss|p1a: Corviknight
|-damage|p1a: Corviknight|50/100
|
|-heal|p2a: Blissey|55/100|[from] item: Leftovers
|upkeep
|turn|49
|
|t:|1781277098
|switch|p2a: Moltres|Moltres, shiny|100/100
|move|p1a: Corviknight|Roost|p1a: Corviknight
|-heal|p1a: Corviknight|100/100
|-singleturn|p1a: Corviknight|move: Roost
|
|upkeep
|turn|50
|
|t:|1781277102
|switch|p1a: Dragapult|Dragapult, F|36/100 brn
|-damage|p1a: Dragapult|24/100 brn|[from] Stealth Rock
|move|p2a: Moltres|U-turn|p1a: Dragapult
|-resisted|p1a: Dragapult
|-damage|p1a: Dragapult|14/100 brn
|
|t:|1781277105
|switch|p2a: Blissey|Blissey, F|55/100|[from] U-turn
|-damage|p2a: Blissey|30/100|[from] Spikes
|
|-heal|p2a: Blissey|36/100|[from] item: Leftovers
|-damage|p1a: Dragapult|8/100 brn|[from] brn
|upkeep
|turn|51
|
|t:|1781277113
|move|p1a: Dragapult|Draco Meteor|p2a: Blissey
|-damage|p2a: Blissey|7/100
|-unboost|p1a: Dragapult|spa|2
|move|p2a: Blissey|Soft-Boiled|p2a: Blissey
|-heal|p2a: Blissey|57/100
|
|-heal|p2a: Blissey|64/100|[from] item: Leftovers
|-damage|p1a: Dragapult|2/100 brn|[from] brn
|upkeep
|turn|52
|
|t:|1781277128
|switch|p1a: Kingambit|Kingambit, M|100/100
|-damage|p1a: Kingambit|94/100|[from] Stealth Rock
|-activate|p1a: Kingambit|ability: Supreme Overlord
|-start|p1a: Kingambit|fallen1|[silent]
|move|p2a: Blissey|Seismic Toss|p1a: Kingambit
|-damage|p1a: Kingambit|69/100
|
|-heal|p2a: Blissey|70/100|[from] item: Leftovers
|-heal|p1a: Kingambit|75/100|[from] item: Leftovers
|upkeep
|turn|53
|
|t:|1781277136
|switch|p2a: Moltres|Moltres, shiny|100/100
|move|p1a: Kingambit|Swords Dance|p1a: Kingambit
|-boost|p1a: Kingambit|atk|2
|
|-heal|p1a: Kingambit|82/100|[from] item: Leftovers
|upkeep
|turn|54
|
|t:|1781277157
|-end|p1a: Kingambit|fallen1|[silent]
|switch|p1a: Dragapult|Dragapult, F|2/100 brn
|-damage|p1a: Dragapult|0 fnt|[from] Stealth Rock
|faint|p1a: Dragapult
|move|p2a: Moltres|Flamethrower|p1: Dragapult|[notarget]
|-fail|p2a: Moltres
|
|upkeep
|
|t:|1781277159
|switch|p1a: Slowking|Slowking-Galar, M|97/100
|-damage|p1a: Slowking|84/100|[from] Stealth Rock
|turn|55
|
|t:|1781277162
|move|p2a: Moltres|U-turn|p1a: Slowking
|-damage|p1a: Slowking|68/100
|
|t:|1781277164
|switch|p2a: Blissey|Blissey, F|70/100|[from] U-turn
|-damage|p2a: Blissey|45/100|[from] Spikes
|move|p1a: Slowking|Sludge Bomb|p2a: Blissey
|-damage|p2a: Blissey|31/100
|
|-heal|p2a: Blissey|37/100|[from] item: Leftovers
|upkeep
|turn|56
|
|t:|1781277192
|move|p2a: Blissey|Seismic Toss|p1a: Slowking
|-damage|p1a: Slowking|43/100
|move|p1a: Slowking|Psychic Noise|p2a: Blissey
|-damage|p2a: Blissey|25/100
|-start|p2a: Blissey|move: Heal Block
|
|upkeep
|turn|57
|
|t:|1781277198
|switch|p1a: Corviknight|Corviknight, M|100/100
|-damage|p1a: Corviknight|88/100|[from] Stealth Rock
|-ability|p1a: Corviknight|Pressure
|move|p2a: Blissey|Seismic Toss|p1a: Corviknight
|-damage|p1a: Corviknight|63/100
|
|-end|p2a: Blissey|move: Heal Block
|upkeep
|turn|58
|
|t:|1781277207
|move|p1a: Corviknight|Roost|p1a: Corviknight
|-heal|p1a: Corviknight|100/100
|-singleturn|p1a: Corviknight|move: Roost
|move|p2a: Blissey|Seismic Toss|p1a: Corviknight
|-damage|p1a: Corviknight|75/100
|
|-heal|p2a: Blissey|31/100|[from] item: Leftovers
|upkeep
|turn|59
|-message|susik09 forfeited.
|
|win|overheat xyz
|raw|overheat xyz's rating: 1643 &rarr; <strong>1660</strong><br />(+17 for winning)
|raw|susik09's rating: 1589 &rarr; <strong>1572</strong><br />(-17 for losing)
|l|‽susik09
|player|p2|
