|j|☆pepinoloko
|j|☆teamskullenoxa
|t:|1780956563
|gametype|singles
|player|p1|pepinoloko|byron|1611
|player|p2|teamskullenoxa|265|1628
|gen|9
|tier|[Gen 9] OU
|rated|
|rule|HP Percentage Mod: HP is shown in percentages
|rule|Endless Battle Clause: Forcing endless battles is banned
|rule|Species Clause: Limit one of each Pokémon
|rule|OHKO Clause: OHKO moves are banned
|rule|Evasion Items Clause: Evasion items are banned
|rule|Evasion Moves Clause: Evasion moves are banned
|rule|Evasion Abilities Clause: Evasion abilities are banned
|rule|Sleep Moves Clause: Sleep-inducing moves are banned
|clearpoke
|poke|p1|Zoroark-Hisui, M|
|poke|p1|Cinderace, M|
|poke|p1|Araquanid, F|
|poke|p1|Breloom, M|
|poke|p1|Hydrapple, M|
|poke|p1|Grimmsnarl, M|
|poke|p2|Pelipper, F|
|poke|p2|Hatterene, F|
|poke|p2|Iron Treads|
|poke|p2|Toxicroak, F|
|poke|p2|Barraskewda, F|
|poke|p2|Zapdos|
|teampreview
|inactive|Battle timer is ON: inactive players will automatically lose when time's up. (requested by teamskullenoxa)
|
|t:|1780956585
|teamsize|p1|6
|teamsize|p2|6
|start
|switch|p1a: Araquanid|Araquanid, F|100/100
|switch|p2a: Pelipper|Pelipper, F|100/100
|-weather|RainDance|[from] ability: Drizzle|[of] p2a: Pelipper
|turn|1
|j| Fat_Yogi
|
|t:|1780956592
|move|p1a: Araquanid|Hyper Voice|p2a: Pelipper
|-damage|p2a: Pelipper|37/100
|move|p2a: Pelipper|Hurricane|p1a: Araquanid
|-damage|p1a: Araquanid|25/100
|replace|p1a: The end is nigh|Zoroark-Hisui, M
|-end|p1a: The end is nigh|Illusion
|
|-weather|RainDance|[upkeep]
|upkeep
|turn|2
|
|t:|1780956602
|switch|p1a: Araquanid|Araquanid, F|100/100
|switch|p2a: Iron Treads|Iron Treads|100/100
|
|-weather|RainDance|[upkeep]
|upkeep
|turn|3
|j| Kisaragi Station
|
|t:|1780956610
|move|p2a: Iron Treads|Volt Switch|p1a: Araquanid
|-supereffective|p1a: Araquanid
|-damage|p1a: Araquanid|88/100
|
|t:|1780956613
|-end|p2a: Iron Treads|Quark Drive|[silent]
|switch|p2a: Toxicroak|Toxicroak, F|100/100|[from] Volt Switch
|move|p1a: Araquanid|Sticky Web|p2a: Toxicroak
|-sidestart|p2: teamskullenoxa|move: Sticky Web
|
|-weather|RainDance|[upkeep]
|-heal|p1a: Araquanid|94/100|[from] item: Leftovers
|upkeep
|turn|4
|
|t:|1780956624
|switch|p1a: Love has a name|Grimmsnarl, M|100/100
|move|p2a: Toxicroak|Toxic|p1a: Love has a name
|-status|p1a: Love has a name|tox
|
|-weather|RainDance|[upkeep]
|-damage|p1a: Love has a name|94/100 tox|[from] psn
|upkeep
|turn|5
|
|t:|1780956628
|move|p1a: Love has a name|Trick|p2a: Toxicroak
|-activate|p1a: Love has a name|move: Trick|[of] p2a: Toxicroak
|-item|p2a: Toxicroak|Choice Scarf|[from] move: Trick
|-item|p1a: Love has a name|Rocky Helmet|[from] move: Trick
|move|p2a: Toxicroak|Knock Off|p1a: Love has a name
|-resisted|p1a: Love has a name
|-damage|p1a: Love has a name|89/100 tox
|-damage|p2a: Toxicroak|84/100|[from] item: Rocky Helmet|[of] p1a: Love has a name
|-enditem|p1a: Love has a name|Rocky Helmet|[from] move: Knock Off|[of] p2a: Toxicroak
|
|-weather|RainDance|[upkeep]
|-heal|p2a: Toxicroak|96/100|[from] ability: Dry Skin
|-damage|p1a: Love has a name|77/100 tox|[from] psn
|upkeep
|turn|6
|inactive|teamskullenoxa has 120 seconds left.
|
|t:|1780956669
|switch|p2a: Iron Treads|Iron Treads|100/100
|-activate|p2a: Iron Treads|move: Sticky Web
|-unboost|p2a: Iron Treads|spe|1
|move|p1a: Love has a name|Parting Shot|p2a: Iron Treads
|-unboost|p2a: Iron Treads|atk|1
|-unboost|p2a: Iron Treads|spa|1
|
|t:|1780956673
|switch|p1a: Breloom|Breloom, M|100/100|[from] Parting Shot
|
|-weather|RainDance|[upkeep]
|upkeep
|turn|7
|
|t:|1780956677
|-end|p2a: Iron Treads|Quark Drive|[silent]
|switch|p2a: Toxicroak|Toxicroak, F|96/100
|-activate|p2a: Toxicroak|move: Sticky Web
|-unboost|p2a: Toxicroak|spe|1
|move|p1a: Breloom|Bullet Seed|p2a: Toxicroak
|-resisted|p2a: Toxicroak
|-damage|p2a: Toxicroak|84/100
|-resisted|p2a: Toxicroak
|-damage|p2a: Toxicroak|74/100
|-resisted|p2a: Toxicroak
|-damage|p2a: Toxicroak|62/100
|-resisted|p2a: Toxicroak
|-damage|p2a: Toxicroak|51/100
|-hitcount|p2a: Toxicroak|4
|-damage|p1a: Breloom|91/100|[from] item: Life Orb
|
|-weather|RainDance|[upkeep]
|-heal|p2a: Toxicroak|64/100|[from] ability: Dry Skin
|upkeep
|turn|8
|
|t:|1780956691
|switch|p1a: Love has a name|Grimmsnarl, M|77/100 tox
|move|p2a: Toxicroak|Toxic|p1a: Love has a name
|-fail|p1a: Love has a name|tox
|
|-weather|none
|-damage|p1a: Love has a name|71/100 tox|[from] psn
|upkeep
|turn|9
|
|t:|1780956698
|switch|p2a: Pelipper|Pelipper, F|37/100
|-weather|RainDance|[from] ability: Drizzle|[of] p2a: Pelipper
|move|p1a: Love has a name|Parting Shot|p2a: Pelipper
|-unboost|p2a: Pelipper|atk|1
|-unboost|p2a: Pelipper|spa|1
|
|t:|1780956701
|switch|p1a: Love has a name|Grimmsnarl, M|25/100|[from] Parting Shot
|
|-weather|RainDance|[upkeep]
|upkeep
|turn|10
|
|t:|1780956705
|move|p1a: Love has a name|Shadow Ball|p2a: Pelipper
|-damage|p2a: Pelipper|0 fnt
|faint|p2a: Pelipper
|
|-weather|RainDance|[upkeep]
|upkeep
|
|t:|1780956708
|switch|p2a: Barraskewda|Barraskewda, F|100/100
|-activate|p2a: Barraskewda|move: Sticky Web
|-unboost|p2a: Barraskewda|spe|1
|turn|11
|
|t:|1780956711
|switch|p1a: Hydrapple|Hydrapple, M|100/100
|move|p2a: Barraskewda|Flip Turn|p1a: Hydrapple
|-resisted|p1a: Hydrapple
|-damage|p1a: Hydrapple|89/100
|-damage|p2a: Barraskewda|84/100|[from] item: Rocky Helmet|[of] p1a: Hydrapple
|
|t:|1780956714
|switch|p2a: Zapdos|Zapdos|100/100|[from] Flip Turn
|
|-weather|RainDance|[upkeep]
|upkeep
|turn|12
|
|t:|1780956721
|switch|p1a: Love has a name|Grimmsnarl, M|71/100 tox
|-terastallize|p2a: Zapdos|Flying
|move|p2a: Zapdos|Hurricane|p1a: Love has a name
|-damage|p1a: Love has a name|0 fnt
|faint|p1a: Love has a name
|
|-weather|RainDance|[upkeep]
|upkeep
|
|t:|1780956735
|switch|p1a: Hydrapple|Hydrapple, M|25/100
|turn|13
|
|t:|1780956741
|switch|p2a: Iron Treads|Iron Treads|100/100
|-activate|p2a: Iron Treads|move: Sticky Web
|-unboost|p2a: Iron Treads|spe|1
|move|p1a: Hydrapple|Hyper Voice|p2a: Iron Treads
|-resisted|p2a: Iron Treads
|-damage|p2a: Iron Treads|73/100
|
|-weather|RainDance|[upkeep]
|-heal|p2a: Iron Treads|79/100|[from] item: Leftovers
|upkeep
|turn|14
|
|t:|1780956751
|switch|p1a: Hydrapple|Hydrapple, M|100/100
|move|p2a: Iron Treads|Rapid Spin|p1a: Hydrapple
|-damage|p1a: Hydrapple|93/100
|-boost|p2a: Iron Treads|spe|1
|-damage|p2a: Iron Treads|62/100|[from] item: Rocky Helmet|[of] p1a: Hydrapple
|-sideend|p2: teamskullenoxa|Sticky Web|[from] move: Rapid Spin|[of] p2a: Iron Treads
|
|-weather|RainDance|[upkeep]
|-heal|p2a: Iron Treads|68/100|[from] item: Leftovers
|upkeep
|turn|15
|
|t:|1780956756
|move|p2a: Iron Treads|Volt Switch|p1a: Hydrapple
|-resisted|p1a: Hydrapple
|-damage|p1a: Hydrapple|90/100
|
|t:|1780956758
|-end|p2a: Iron Treads|Quark Drive|[silent]
|switch|p2a: Hatterene|Hatterene, F|100/100|[from] Volt Switch
|move|p1a: Hydrapple|Giga Drain|p2a: Hatterene
|-damage|p2a: Hatterene|67/100
|-heal|p1a: Hydrapple|100/100|[from] drain|[of] p2a: Hatterene
|-enditem|p2a: Hatterene|Eject Button
|
|t:|1780956761
|switch|p2a: Zapdos|Zapdos, tera:Flying|100/100
|
|-weather|RainDance|[upkeep]
|upkeep
|turn|16
|
|t:|1780956771
|-terastallize|p1a: Hydrapple|Fairy
|move|p2a: Zapdos|Hurricane|p1a: Hydrapple
|-damage|p1a: Hydrapple|0 fnt
|faint|p1a: Hydrapple
|
|-weather|none
|upkeep
|
|t:|1780956775
|switch|p1a: Breloom|Breloom, M|25/100
|turn|17
|
|t:|1780956804
|switch|p2a: Hatterene|Hatterene, F|67/100
|move|p1a: Breloom|Shadow Ball|p2a: Hatterene
|-supereffective|p2a: Hatterene
|-damage|p2a: Hatterene|0 fnt
|faint|p2a: Hatterene
|
|upkeep
|inactive|teamskullenoxa has 120 seconds left.
|
|t:|1780956832
|switch|p2a: Barraskewda|Barraskewda, F|84/100
|turn|18
|
|t:|1780956835
|switch|p1a: Araquanid|Araquanid, F|94/100
|move|p2a: Barraskewda|Liquidation|p1a: Araquanid
|-resisted|p1a: Araquanid
|-damage|p1a: Araquanid|57/100
|
|-heal|p1a: Araquanid|63/100|[from] item: Leftovers
|upkeep
|turn|19
|l| Fat_Yogi
|
|t:|1780956839
|switch|p2a: Toxicroak|Toxicroak, F|64/100
|move|p1a: Araquanid|Sticky Web|p2a: Toxicroak
|-sidestart|p2: teamskullenoxa|move: Sticky Web
|
|-heal|p1a: Araquanid|69/100|[from] item: Leftovers
|upkeep
|turn|20
|
|t:|1780956855
|switch|p1a: U-Turn from sin|Cinderace, M|100/100
|move|p2a: Toxicroak|Knock Off|p1a: U-Turn from sin
|-crit|p1a: U-Turn from sin
|-damage|p1a: U-Turn from sin|51/100
|-enditem|p1a: U-Turn from sin|Heavy-Duty Boots|[from] move: Knock Off|[of] p2a: Toxicroak
|
|upkeep
|turn|21
|inactive|teamskullenoxa has 120 seconds left.
|
|t:|1780956905
|switch|p2a: Barraskewda|Barraskewda, F|84/100
|-activate|p2a: Barraskewda|move: Sticky Web
|-unboost|p2a: Barraskewda|spe|1
|move|p1a: U-Turn from sin|Pyro Ball|p2a: Barraskewda
|-resisted|p2a: Barraskewda
|-damage|p2a: Barraskewda|27/100
|
|upkeep
|turn|22
|
|t:|1780956921
|move|p1a: U-Turn from sin|Sucker Punch|p2a: Barraskewda
|-start|p1a: U-Turn from sin|typechange|Dark|[from] ability: Libero
|-crit|p2a: Barraskewda
|-damage|p2a: Barraskewda|0 fnt
|faint|p2a: Barraskewda
|
|upkeep
|
|t:|1780956937
|switch|p2a: Zapdos|Zapdos, tera:Flying|100/100
|turn|23
|
|t:|1780956944
|move|p1a: U-Turn from sin|Pyro Ball|p2a: Zapdos
|-damage|p2a: Zapdos|50/100
|move|p2a: Zapdos|Volt Switch|p1a: U-Turn from sin
|-damage|p1a: U-Turn from sin|0 fnt
|faint|p1a: U-Turn from sin
|
|t:|1780956951
|switch|p2a: Iron Treads|Iron Treads|68/100|[from] Volt Switch
|-activate|p2a: Iron Treads|move: Sticky Web
|-unboost|p2a: Iron Treads|spe|1
|
|-heal|p2a: Iron Treads|74/100|[from] item: Leftovers
|upkeep
|
|t:|1780956958
|switch|p1a: Breloom|Breloom, M|25/100
|turn|24
|
|t:|1780956964
|move|p1a: Breloom|Flamethrower|p2a: Iron Treads
|-supereffective|p2a: Iron Treads
|-damage|p2a: Iron Treads|0 fnt
|faint|p2a: Iron Treads
|-end|p2a: Iron Treads|Quark Drive|[silent]
|
|upkeep
|
|t:|1780956968
|switch|p2a: Zapdos|Zapdos, tera:Flying|50/100
|turn|25
|
|t:|1780956972
|move|p1a: Breloom|Flamethrower|p2a: Zapdos
|-damage|p2a: Zapdos|0 fnt
|faint|p2a: Zapdos
|
|upkeep
|-message|teamskullenoxa forfeited.
|
|win|pepinoloko
|raw|pepinoloko's rating: 1611 &rarr; <strong>1632</strong><br />(+21 for winning)
|raw|teamskullenoxa's rating: 1628 &rarr; <strong>1607</strong><br />(-21 for losing)
|l|☆teamskullenoxa
|player|p2|
|l|☆pepinoloko
|player|p1|
