|j|☆life orb trump
|j|☆Yevesto
|t:|1781269913
|gametype|singles
|player|p1|life orb trump|lucas|1584
|player|p2|Yevesto|psychic|1527
|gen|9
|tier|[Gen 9] OU
|rated|
|rule|HP Percentage Mod: HP is shown in percentages
|rule|Endless Battle Clause: Forcing endless battles is banned
|rule|Species Clause: Limit one of each Pokémon
|rule|OHKO Clause: OHKO moves are banned
|rule|Evasion Items Clause: Evasion items are banned
|rule|Evasion Moves Clause: Evasion moves are banned
|rule|Evasion Abilities Clause: Evasion abilities are banned
|rule|Sleep Moves Clause: Sleep-inducing moves are banned
|clearpoke
|poke|p1|Ogerpon-Wellspring, F|
|poke|p1|Raging Bolt|
|poke|p1|Glimmora, M|
|poke|p1|Gholdengo|
|poke|p1|Hoopa-Unbound|
|poke|p1|Zamazenta-*|
|poke|p2|Ogerpon-Wellspring, F|
|poke|p2|Darkrai|
|poke|p2|Ting-Lu|
|poke|p2|Mandibuzz, F|
|poke|p2|Iron Moth|
|poke|p2|Metagross|
|teampreview
|inactive|Battle timer is ON: inactive players will automatically lose when time's up. (requested by Yevesto)
|
|t:|1781269927
|teamsize|p1|6
|teamsize|p2|6
|start
|switch|p1a: Hoopa|Hoopa-Unbound|100/100
|switch|p2a: Darkrai|Darkrai|100/100
|turn|1
|
|t:|1781269934
|move|p2a: Darkrai|Focus Blast|p1a: Hoopa
|-damage|p1a: Hoopa|74/100
|-damage|p2a: Darkrai|91/100|[from] item: Life Orb
|move|p1a: Hoopa|Knock Off|p2a: Darkrai
|-resisted|p2a: Darkrai
|-damage|p2a: Darkrai|57/100
|-enditem|p2a: Darkrai|Life Orb|[from] move: Knock Off|[of] p1a: Hoopa
|
|upkeep
|turn|2
|
|t:|1781269944
|move|p2a: Darkrai|Sludge Bomb|p1a: Hoopa
|-damage|p1a: Hoopa|59/100
|-status|p1a: Hoopa|psn
|move|p1a: Hoopa|Knock Off|p2a: Darkrai
|-resisted|p2a: Darkrai
|-damage|p2a: Darkrai|33/100
|
|-damage|p1a: Hoopa|47/100 psn|[from] psn
|upkeep
|turn|3
|
|t:|1781269950
|move|p2a: Darkrai|Dark Pulse|p1a: Hoopa
|-damage|p1a: Hoopa|23/100 psn
|cant|p1a: Hoopa|flinch
|
|-damage|p1a: Hoopa|11/100 psn|[from] psn
|upkeep
|turn|4
|
|t:|1781269956
|move|p2a: Darkrai|Dark Pulse|p1a: Hoopa
|-damage|p1a: Hoopa|0 fnt
|faint|p1a: Hoopa
|
|upkeep
|
|t:|1781269958
|switch|p1a: Zamazenta|Zamazenta|100/100
|-ability|p1a: Zamazenta|Dauntless Shield|boost
|-boost|p1a: Zamazenta|def|1
|turn|5
|
|t:|1781269967
|move|p1a: Zamazenta|Close Combat|p2a: Darkrai
|-supereffective|p2a: Darkrai
|-damage|p2a: Darkrai|0 fnt
|-unboost|p1a: Zamazenta|def|1
|-unboost|p1a: Zamazenta|spd|1
|faint|p2a: Darkrai
|-damage|p1a: Zamazenta|91/100|[from] item: Life Orb
|
|upkeep
|
|t:|1781269971
|switch|p2a: Iron Moth|Iron Moth|100/100
|turn|6
|
|t:|1781269977
|switch|p1a: Glimmora|Glimmora, M|100/100
|move|p2a: Iron Moth|Fiery Dance|p1a: Glimmora
|-resisted|p1a: Glimmora
|-damage|p1a: Glimmora|73/100
|
|upkeep
|turn|7
|
|t:|1781269988
|-end|p2a: Iron Moth|Quark Drive|[silent]
|switch|p2a: Ting-Lu|Ting-Lu|100/100
|-ability|p2a: Ting-Lu|Vessel of Ruin
|move|p1a: Glimmora|Earth Power|p2a: Ting-Lu
|-damage|p2a: Ting-Lu|83/100
|
|-heal|p2a: Ting-Lu|89/100|[from] item: Leftovers
|upkeep
|turn|8
|
|t:|1781269993
|move|p1a: Glimmora|Stealth Rock|p2a: Ting-Lu
|-sidestart|p2: Yevesto|move: Stealth Rock
|move|p2a: Ting-Lu|Stealth Rock|p1a: Glimmora
|-sidestart|p1: life orb trump|move: Stealth Rock
|
|-heal|p2a: Ting-Lu|95/100|[from] item: Leftovers
|upkeep
|turn|9
|
|t:|1781269996
|move|p1a: Glimmora|Mortal Spin|p2a: Ting-Lu
|-resisted|p2a: Ting-Lu
|-damage|p2a: Ting-Lu|94/100
|-status|p2a: Ting-Lu|psn
|-sideend|p1: life orb trump|Stealth Rock|[from] move: Mortal Spin|[of] p1a: Glimmora
|move|p2a: Ting-Lu|Earthquake|p1a: Glimmora
|-supereffective|p1a: Glimmora
|-damage|p1a: Glimmora|0 fnt
|-activate|p1a: Glimmora|ability: Toxic Debris
|-sidestart|p2: Yevesto|move: Toxic Spikes
|faint|p1a: Glimmora
|
|-heal|p2a: Ting-Lu|99/100 psn|[from] item: Leftovers
|-damage|p2a: Ting-Lu|88/100 psn|[from] psn
|upkeep
|
|t:|1781270005
|switch|p1a: Ogerpon|Ogerpon-Wellspring, F|100/100
|turn|10
|
|t:|1781270010
|move|p1a: Ogerpon|Ivy Cudgel|p2a: Ting-Lu|[anim] Ivy Cudgel Water
|-supereffective|p2a: Ting-Lu
|-damage|p2a: Ting-Lu|31/100 psn
|move|p2a: Ting-Lu|Whirlwind|p1a: Ogerpon
|drag|p1a: Gholdengo|Gholdengo|100/100
|-item|p1a: Gholdengo|Air Balloon
|
|-heal|p2a: Ting-Lu|38/100 psn|[from] item: Leftovers
|-damage|p2a: Ting-Lu|25/100 psn|[from] psn
|upkeep
|turn|11
|
|t:|1781270022
|move|p1a: Gholdengo|Dazzling Gleam|p2a: Ting-Lu
|-supereffective|p2a: Ting-Lu
|-damage|p2a: Ting-Lu|0 fnt
|faint|p2a: Ting-Lu
|
|upkeep
|
|t:|1781270024
|switch|p2a: Mandibuzz|Mandibuzz, F|100/100
|turn|12
|
|t:|1781270027
|move|p1a: Gholdengo|Thunder Wave|p2a: Mandibuzz|[miss]
|-miss|p1a: Gholdengo|p2a: Mandibuzz
|move|p2a: Mandibuzz|Foul Play|p1a: Gholdengo
|-supereffective|p1a: Gholdengo
|-damage|p1a: Gholdengo|76/100
|-enditem|p1a: Gholdengo|Air Balloon
|
|upkeep
|turn|13
|
|t:|1781270037
|move|p1a: Gholdengo|Thunder Wave|p2a: Mandibuzz
|-status|p2a: Mandibuzz|par
|cant|p2a: Mandibuzz|par
|
|upkeep
|turn|14
|
|t:|1781270040
|move|p1a: Gholdengo|Dazzling Gleam|p2a: Mandibuzz
|-supereffective|p2a: Mandibuzz
|-crit|p2a: Mandibuzz
|-damage|p2a: Mandibuzz|56/100 par
|move|p2a: Mandibuzz|Foul Play|p1a: Gholdengo
|-supereffective|p1a: Gholdengo
|-damage|p1a: Gholdengo|56/100
|
|upkeep
|turn|15
|
|t:|1781270043
|move|p1a: Gholdengo|Recover|p1a: Gholdengo
|-heal|p1a: Gholdengo|100/100
|move|p2a: Mandibuzz|Roost|p2a: Mandibuzz
|-heal|p2a: Mandibuzz|100/100 par
|-singleturn|p2a: Mandibuzz|move: Roost
|
|upkeep
|turn|16
|
|t:|1781270045
|move|p1a: Gholdengo|Dazzling Gleam|p2a: Mandibuzz
|-supereffective|p2a: Mandibuzz
|-damage|p2a: Mandibuzz|74/100 par
|move|p2a: Mandibuzz|Foul Play|p1a: Gholdengo
|-supereffective|p1a: Gholdengo
|-damage|p1a: Gholdengo|77/100
|
|upkeep
|turn|17
|
|t:|1781270054
|move|p1a: Gholdengo|Dazzling Gleam|p2a: Mandibuzz
|-supereffective|p2a: Mandibuzz
|-damage|p2a: Mandibuzz|44/100 par
|move|p2a: Mandibuzz|Roost|p2a: Mandibuzz
|-heal|p2a: Mandibuzz|94/100 par
|-singleturn|p2a: Mandibuzz|move: Roost
|
|upkeep
|turn|18
|
|t:|1781270057
|move|p1a: Gholdengo|Dazzling Gleam|p2a: Mandibuzz
|-supereffective|p2a: Mandibuzz
|-damage|p2a: Mandibuzz|65/100 par
|cant|p2a: Mandibuzz|par
|
|upkeep
|turn|19
|
|t:|1781270068
|move|p1a: Gholdengo|Dazzling Gleam|p2a: Mandibuzz
|-supereffective|p2a: Mandibuzz
|-damage|p2a: Mandibuzz|35/100 par
|move|p2a: Mandibuzz|Roost|p2a: Mandibuzz
|-heal|p2a: Mandibuzz|85/100 par
|-singleturn|p2a: Mandibuzz|move: Roost
|
|upkeep
|turn|20
|
|t:|1781270071
|move|p1a: Gholdengo|Dazzling Gleam|p2a: Mandibuzz
|-supereffective|p2a: Mandibuzz
|-damage|p2a: Mandibuzz|57/100 par
|move|p2a: Mandibuzz|Roost|p2a: Mandibuzz
|-heal|p2a: Mandibuzz|100/100 par
|-singleturn|p2a: Mandibuzz|move: Roost
|
|upkeep
|turn|21
|
|t:|1781270074
|move|p1a: Gholdengo|Dazzling Gleam|p2a: Mandibuzz
|-supereffective|p2a: Mandibuzz
|-damage|p2a: Mandibuzz|70/100 par
|move|p2a: Mandibuzz|Foul Play|p1a: Gholdengo
|-supereffective|p1a: Gholdengo
|-damage|p1a: Gholdengo|56/100
|
|upkeep
|turn|22
|
|t:|1781270077
|switch|p2a: Iron Moth|Iron Moth|100/100
|-sideend|p2: Yevesto|move: Toxic Spikes|[of] p2a: Iron Moth
|move|p1a: Gholdengo|Recover|p1a: Gholdengo
|-heal|p1a: Gholdengo|100/100
|
|upkeep
|turn|23
|
|t:|1781270089
|-terastallize|p1a: Gholdengo|Fairy
|move|p2a: Iron Moth|Fiery Dance|p1a: Gholdengo
|-damage|p1a: Gholdengo|57/100
|-boost|p2a: Iron Moth|spa|1
|move|p1a: Gholdengo|Thunder Wave|p2a: Iron Moth
|-status|p2a: Iron Moth|par
|
|upkeep
|turn|24
|
|t:|1781270105
|switch|p1a: Zamazenta|Zamazenta|91/100
|cant|p2a: Iron Moth|par
|
|upkeep
|turn|25
|
|t:|1781270110
|move|p1a: Zamazenta|Stone Edge|p2a: Iron Moth|[miss]
|-miss|p1a: Zamazenta|p2a: Iron Moth
|cant|p2a: Iron Moth|par
|
|upkeep
|turn|26
|
|t:|1781270115
|move|p1a: Zamazenta|Stone Edge|p2a: Iron Moth
|-supereffective|p2a: Iron Moth
|-damage|p2a: Iron Moth|0 fnt
|faint|p2a: Iron Moth
|-end|p2a: Iron Moth|Quark Drive|[silent]
|-damage|p1a: Zamazenta|81/100|[from] item: Life Orb
|
|upkeep
|
|t:|1781270120
|switch|p2a: Metagross|Metagross|100/100
|-damage|p2a: Metagross|94/100|[from] Stealth Rock
|turn|27
|
|t:|1781270125
|move|p1a: Zamazenta|Crunch|p2a: Metagross
|-supereffective|p2a: Metagross
|-damage|p2a: Metagross|45/100
|-damage|p1a: Zamazenta|71/100|[from] item: Life Orb
|move|p2a: Metagross|Psychic Fangs|p1a: Zamazenta
|-supereffective|p1a: Zamazenta
|-damage|p1a: Zamazenta|0 fnt
|faint|p1a: Zamazenta
|
|upkeep
|
|t:|1781270135
|switch|p1a: Ogerpon|Ogerpon-Wellspring, F|100/100
|turn|28
|
|t:|1781270137
|move|p1a: Ogerpon|Knock Off|p2a: Metagross
|-supereffective|p2a: Metagross
|-damage|p2a: Metagross|0 fnt
|-enditem|p2a: Metagross|Choice Band|[from] move: Knock Off|[of] p1a: Ogerpon
|faint|p2a: Metagross
|
|upkeep
|
|t:|1781270142
|switch|p2a: Ogerpon|Ogerpon-Wellspring, F|100/100
|-damage|p2a: Ogerpon|88/100|[from] Stealth Rock
|turn|29
|
|t:|1781270148
|move|p2a: Ogerpon|Trailblaze|p1a: Ogerpon
|-damage|p1a: Ogerpon|61/100
|-boost|p2a: Ogerpon|spe|1
|move|p1a: Ogerpon|U-turn|p2a: Ogerpon
|-supereffective|p2a: Ogerpon
|-damage|p2a: Ogerpon|3/100
|
|t:|1781270153
|switch|p1a: Raging Bolt|Raging Bolt|100/100|[from] U-turn
|-enditem|p1a: Raging Bolt|Booster Energy
|-activate|p1a: Raging Bolt|ability: Protosynthesis|[fromitem]
|-start|p1a: Raging Bolt|protosynthesisspa
|
|upkeep
|turn|30
|-message|Yevesto forfeited.
|
|win|life orb trump
|raw|life orb trump's rating: 1584 &rarr; <strong>1601</strong><br />(+17 for winning)
|raw|Yevesto's rating: 1527 &rarr; <strong>1510</strong><br />(-17 for losing)
|l|☆Yevesto
|player|p2|
|l|☆life orb trump
|player|p1|
