|j|☆Latin Playboy
|j|☆lord shiddenfards
|t:|1781175790
|gametype|singles
|player|p1|Latin Playboy|preschooler|1632
|player|p2|lord shiddenfards|blaine|1655
|gen|9
|tier|[Gen 9] OU
|rated|
|rule|HP Percentage Mod: HP is shown in percentages
|rule|Endless Battle Clause: Forcing endless battles is banned
|rule|Species Clause: Limit one of each Pokémon
|rule|OHKO Clause: OHKO moves are banned
|rule|Evasion Items Clause: Evasion items are banned
|rule|Evasion Moves Clause: Evasion moves are banned
|rule|Evasion Abilities Clause: Evasion abilities are banned
|rule|Sleep Moves Clause: Sleep-inducing moves are banned
|clearpoke
|poke|p1|Enamorus, F|
|poke|p1|Moltres|
|poke|p1|Walking Wake|
|poke|p1|Iron Treads|
|poke|p1|Scizor, F|
|poke|p1|Gliscor, F|
|poke|p2|Ninetales, F|
|poke|p2|Great Tusk|
|poke|p2|Slither Wing|
|poke|p2|Alomomola, F|
|poke|p2|Iron Moth|
|poke|p2|Raging Bolt|
|teampreview
|inactive|Battle timer is ON: inactive players will automatically lose when time's up. (requested by Latin Playboy)
|inactive|Latin Playboy has 120 seconds left.
|
|t:|1781175850
|teamsize|p1|6
|teamsize|p2|6
|start
|switch|p1a: Walking Wake|Walking Wake|100/100
|switch|p2a: Raging Bolt|Raging Bolt|100/100
|turn|1
|
|t:|1781175864
|move|p1a: Walking Wake|Flip Turn|p2a: Raging Bolt
|-resisted|p2a: Raging Bolt
|-damage|p2a: Raging Bolt|94/100
|
|t:|1781175872
|-end|p1a: Walking Wake|Protosynthesis|[silent]
|switch|p1a: Gliscor|Gliscor, F|100/100|[from] Flip Turn
|move|p2a: Raging Bolt|Draco Meteor|p1a: Gliscor
|-damage|p1a: Gliscor|32/100
|-unboost|p2a: Raging Bolt|spa|2
|
|-status|p1a: Gliscor|tox|[from] item: Toxic Orb
|upkeep
|turn|2
|
|t:|1781175891
|-end|p2a: Raging Bolt|Protosynthesis|[silent]
|switch|p2a: Great Tusk|Great Tusk|100/100
|move|p1a: Gliscor|Toxic|p2a: Great Tusk
|-status|p2a: Great Tusk|tox
|
|-damage|p2a: Great Tusk|94/100 tox|[from] psn
|-heal|p1a: Gliscor|45/100 tox|[from] ability: Poison Heal
|upkeep
|turn|3
|
|t:|1781175899
|move|p1a: Gliscor|Protect|p1a: Gliscor
|-singleturn|p1a: Gliscor|Protect
|move|p2a: Great Tusk|Bulk Up|p2a: Great Tusk
|-boost|p2a: Great Tusk|atk|1
|-boost|p2a: Great Tusk|def|1
|
|-damage|p2a: Great Tusk|82/100 tox|[from] psn
|-heal|p1a: Gliscor|57/100 tox|[from] ability: Poison Heal
|upkeep
|turn|4
|inactive|Latin Playboy has 120 seconds left.
|inactive|Latin Playboy has 90 seconds left.
|
|t:|1781175973
|switch|p1a: Moltres|Moltres|100/100
|move|p2a: Great Tusk|Ice Spinner|p1a: Moltres
|-damage|p1a: Moltres|76/100
|
|-damage|p2a: Great Tusk|64/100 tox|[from] psn
|upkeep
|turn|5
|
|t:|1781175998
|-end|p2a: Great Tusk|Protosynthesis|[silent]
|switch|p2a: Ninetales|Ninetales, F|100/100
|-weather|SunnyDay|[from] ability: Drought|[of] p2a: Ninetales
|switch|p1a: Iron Treads|Iron Treads|100/100
|
|-weather|SunnyDay|[upkeep]
|upkeep
|turn|6
|inactive|Latin Playboy has 60 seconds left.
|
|t:|1781176019
|switch|p2a: Alomomola|Alomomola, F|100/100
|move|p1a: Iron Treads|Earthquake|p2a: Alomomola
|-damage|p2a: Alomomola|69/100
|-enditem|p2a: Alomomola|Eject Button
|
|t:|1781176029
|switch|p2a: Great Tusk|Great Tusk|64/100 tox
|-activate|p2a: Great Tusk|ability: Protosynthesis
|-start|p2a: Great Tusk|protosynthesisspe
|
|-weather|SunnyDay|[upkeep]
|-damage|p2a: Great Tusk|58/100 tox|[from] psn
|upkeep
|turn|7
|
|t:|1781176039
|-end|p2a: Great Tusk|Protosynthesis|[silent]
|switch|p2a: Raging Bolt|Raging Bolt|94/100
|-activate|p2a: Raging Bolt|ability: Protosynthesis
|-start|p2a: Raging Bolt|protosynthesisspa
|-end|p1a: Iron Treads|Quark Drive|[silent]
|switch|p1a: Moltres|Moltres|76/100
|
|-weather|SunnyDay|[upkeep]
|upkeep
|turn|8
|
|t:|1781176050
|switch|p1a: Iron Treads|Iron Treads|100/100
|move|p2a: Raging Bolt|Weather Ball|p1a: Iron Treads
|-supereffective|p1a: Iron Treads
|-damage|p1a: Iron Treads|0 fnt
|faint|p1a: Iron Treads
|-end|p1a: Iron Treads|Quark Drive|[silent]
|
|-weather|SunnyDay|[upkeep]
|upkeep
|inactive|Latin Playboy has 60 seconds left.
|
|t:|1781176064
|switch|p1a: Enamorus|Enamorus, F|100/100
|turn|9
|inactive|Latin Playboy has 60 seconds left.
|
|t:|1781176076
|move|p2a: Raging Bolt|Thunderclap|p1a: Enamorus
|-supereffective|p1a: Enamorus
|-damage|p1a: Enamorus|0 fnt
|faint|p1a: Enamorus
|
|-weather|none
|-end|p2a: Raging Bolt|Protosynthesis
|upkeep
|inactive|Latin Playboy has 60 seconds left.
|
|t:|1781176084
|switch|p1a: Gliscor|Gliscor, F|57/100 tox
|turn|10
|
|t:|1781176089
|move|p1a: Gliscor|Spikes|p2a: Raging Bolt
|-sidestart|p2: lord shiddenfards|Spikes
|move|p2a: Raging Bolt|Draco Meteor|p1a: Gliscor
|-damage|p1a: Gliscor|0 fnt
|-unboost|p2a: Raging Bolt|spa|2
|faint|p1a: Gliscor
|
|upkeep
|
|t:|1781176099
|switch|p1a: Scizor|Scizor, F|100/100
|turn|11
|
|t:|1781176104
|move|p1a: Scizor|U-turn|p2a: Raging Bolt
|-crit|p2a: Raging Bolt
|-damage|p2a: Raging Bolt|22/100
|
|t:|1781176119
|switch|p1a: Walking Wake|Walking Wake|100/100|[from] U-turn
|move|p2a: Raging Bolt|Volt Switch|p1a: Walking Wake
|-damage|p1a: Walking Wake|75/100
|
|t:|1781176141
|-end|p2a: Raging Bolt|Protosynthesis|[silent]
|switch|p2a: Alomomola|Alomomola, F|100/100|[from] Volt Switch
|-damage|p2a: Alomomola|88/100|[from] Spikes
|
|upkeep
|turn|12
|-message|Latin Playboy forfeited.
|
|win|lord shiddenfards
|raw|Latin Playboy's rating: 1632 &rarr; <strong>1613</strong><br />(-19 for losing)
|raw|lord shiddenfards's rating: 1655 &rarr; <strong>1674</strong><br />(+19 for winning)
|l|☆Latin Playboy
|player|p1|
|l|☆lord shiddenfards
|player|p2|
