|j|☆KurisuChestnutLab
|j|‽lt_alt1
|t:|1781135801
|gametype|singles
|player|p1|KurisuChestnutLab|may-contest|1653
|player|p2|lt_alt1|102|1716
|gen|9
|tier|[Gen 9] OU
|rated|
|rule|HP Percentage Mod: HP is shown in percentages
|rule|Endless Battle Clause: Forcing endless battles is banned
|rule|Species Clause: Limit one of each Pokémon
|rule|OHKO Clause: OHKO moves are banned
|rule|Evasion Items Clause: Evasion items are banned
|rule|Evasion Moves Clause: Evasion moves are banned
|rule|Evasion Abilities Clause: Evasion abilities are banned
|rule|Sleep Moves Clause: Sleep-inducing moves are banned
|clearpoke
|poke|p1|Zamazenta-*|
|poke|p1|Zapdos|
|poke|p1|Garganacl, F|
|poke|p1|Clefable, F|
|poke|p1|Samurott-Hisui, F|
|poke|p1|Gholdengo|
|poke|p2|Kyurem|
|poke|p2|Raging Bolt|
|poke|p2|Hatterene, F|
|poke|p2|Slowking-Galar, M|
|poke|p2|Ting-Lu|
|poke|p2|Corviknight, F|
|teampreview
|inactive|Battle timer is ON: inactive players will automatically lose when time's up. (requested by KurisuChestnutLab)
|
|t:|1781135810
|teamsize|p1|6
|teamsize|p2|6
|start
|switch|p1a: Garganacl|Garganacl, F|100/100
|switch|p2a: Raging Bolt|Raging Bolt|100/100
|turn|1
|
|t:|1781135816
|move|p2a: Raging Bolt|Volt Switch|p1a: Garganacl
|-damage|p1a: Garganacl|72/100
|
|t:|1781135818
|-end|p2a: Raging Bolt|Protosynthesis|[silent]
|switch|p2a: Hatterene|Hatterene, F|100/100|[from] Volt Switch
|move|p1a: Garganacl|Recover|p1a: Garganacl
|-heal|p1a: Garganacl|100/100
|
|upkeep
|turn|2
|
|t:|1781135824
|switch|p2a: Slowking|Slowking-Galar, M|100/100
|move|p1a: Garganacl|Salt Cure|p2a: Slowking
|-damage|p2a: Slowking|88/100
|-start|p2a: Slowking|Salt Cure
|
|-damage|p2a: Slowking|76/100|[from] Salt Cure
|upkeep
|turn|3
|
|t:|1781135829
|switch|p2a: Hatterene|Hatterene, F|100/100
|move|p1a: Garganacl|Salt Cure|p2a: Hatterene
|-damage|p2a: Hatterene|87/100
|-start|p2a: Hatterene|Salt Cure
|
|-heal|p2a: Hatterene|93/100|[from] item: Leftovers
|-damage|p2a: Hatterene|81/100|[from] Salt Cure
|upkeep
|turn|4
|
|t:|1781135834
|switch|p2a: Slowking|Slowking-Galar, M|100/100
|move|p1a: Garganacl|Salt Cure|p2a: Slowking
|-crit|p2a: Slowking
|-damage|p2a: Slowking|81/100
|-start|p2a: Slowking|Salt Cure
|
|-damage|p2a: Slowking|69/100|[from] Salt Cure
|upkeep
|turn|5
|
|t:|1781135838
|switch|p2a: Hatterene|Hatterene, F|81/100
|move|p1a: Garganacl|Salt Cure|p2a: Hatterene
|-damage|p2a: Hatterene|66/100
|-start|p2a: Hatterene|Salt Cure
|
|-heal|p2a: Hatterene|72/100|[from] item: Leftovers
|-damage|p2a: Hatterene|60/100|[from] Salt Cure
|upkeep
|turn|6
|
|t:|1781135845
|move|p1a: Garganacl|Earthquake|p2a: Hatterene
|-damage|p2a: Hatterene|40/100
|move|p2a: Hatterene|Pain Split|p1a: Garganacl
|-sethp|p1a: Garganacl|66/100|[from] move: Pain Split|[silent]
|-sethp|p2a: Hatterene|84/100|[from] move: Pain Split
|
|-heal|p1a: Garganacl|72/100|[from] item: Leftovers
|-heal|p2a: Hatterene|90/100|[from] item: Leftovers
|-damage|p2a: Hatterene|78/100|[from] Salt Cure
|upkeep
|turn|7
|
|t:|1781135851
|move|p1a: Garganacl|Recover|p1a: Garganacl
|-heal|p1a: Garganacl|100/100
|move|p2a: Hatterene|Pain Split|p1a: Garganacl
|-sethp|p1a: Garganacl|81/100|[from] move: Pain Split|[silent]
|-sethp|p2a: Hatterene|100/100|[from] move: Pain Split
|
|-heal|p1a: Garganacl|87/100|[from] item: Leftovers
|-damage|p2a: Hatterene|88/100|[from] Salt Cure
|upkeep
|turn|8
|
|t:|1781135855
|move|p1a: Garganacl|Earthquake|p2a: Hatterene
|-damage|p2a: Hatterene|67/100
|move|p2a: Hatterene|Dazzling Gleam|p1a: Garganacl
|-damage|p1a: Garganacl|63/100
|
|-heal|p1a: Garganacl|69/100|[from] item: Leftovers
|-heal|p2a: Hatterene|73/100|[from] item: Leftovers
|-damage|p2a: Hatterene|61/100|[from] Salt Cure
|upkeep
|turn|9
|
|t:|1781135860
|move|p1a: Garganacl|Earthquake|p2a: Hatterene
|-damage|p2a: Hatterene|38/100
|move|p2a: Hatterene|Pain Split|p1a: Garganacl
|-sethp|p1a: Garganacl|50/100|[from] move: Pain Split|[silent]
|-sethp|p2a: Hatterene|63/100|[from] move: Pain Split
|
|-heal|p1a: Garganacl|56/100|[from] item: Leftovers
|-heal|p2a: Hatterene|69/100|[from] item: Leftovers
|-damage|p2a: Hatterene|56/100|[from] Salt Cure
|upkeep
|turn|10
|
|t:|1781135864
|move|p1a: Garganacl|Recover|p1a: Garganacl
|-heal|p1a: Garganacl|100/100
|move|p2a: Hatterene|Pain Split|p1a: Garganacl
|-sethp|p1a: Garganacl|73/100|[from] move: Pain Split|[silent]
|-sethp|p2a: Hatterene|92/100|[from] move: Pain Split
|
|-heal|p1a: Garganacl|79/100|[from] item: Leftovers
|-heal|p2a: Hatterene|98/100|[from] item: Leftovers
|-damage|p2a: Hatterene|86/100|[from] Salt Cure
|upkeep
|turn|11
|
|t:|1781135872
|switch|p2a: Ting-Lu|Ting-Lu|100/100
|-ability|p2a: Ting-Lu|Vessel of Ruin
|move|p1a: Garganacl|Earthquake|p2a: Ting-Lu
|-damage|p2a: Ting-Lu|88/100
|
|-heal|p2a: Ting-Lu|94/100|[from] item: Leftovers
|-heal|p1a: Garganacl|85/100|[from] item: Leftovers
|upkeep
|turn|12
|
|t:|1781135875
|move|p2a: Ting-Lu|Stealth Rock|p1a: Garganacl
|-sidestart|p1: KurisuChestnutLab|move: Stealth Rock
|move|p1a: Garganacl|Salt Cure|p2a: Ting-Lu
|-resisted|p2a: Ting-Lu
|-damage|p2a: Ting-Lu|91/100
|-start|p2a: Ting-Lu|Salt Cure
|
|-heal|p2a: Ting-Lu|97/100|[from] item: Leftovers
|-heal|p1a: Garganacl|91/100|[from] item: Leftovers
|-damage|p2a: Ting-Lu|85/100|[from] Salt Cure
|upkeep
|turn|13
|
|t:|1781135881
|switch|p2a: Hatterene|Hatterene, F|86/100
|move|p1a: Garganacl|Recover|p1a: Garganacl
|-heal|p1a: Garganacl|100/100
|
|-heal|p2a: Hatterene|92/100|[from] item: Leftovers
|upkeep
|turn|14
|
|t:|1781135887
|switch|p2a: Slowking|Slowking-Galar, M|100/100
|move|p1a: Garganacl|Salt Cure|p2a: Slowking
|-damage|p2a: Slowking|89/100
|-start|p2a: Slowking|Salt Cure
|
|-damage|p2a: Slowking|77/100|[from] Salt Cure
|upkeep
|turn|15
|
|t:|1781135892
|switch|p2a: Hatterene|Hatterene, F|92/100
|move|p1a: Garganacl|Salt Cure|p2a: Hatterene
|-damage|p2a: Hatterene|79/100
|-start|p2a: Hatterene|Salt Cure
|
|-heal|p2a: Hatterene|85/100|[from] item: Leftovers
|-damage|p2a: Hatterene|73/100|[from] Salt Cure
|upkeep
|turn|16
|
|t:|1781135899
|switch|p1a: Gholdengo|Gholdengo|100/100
|-damage|p1a: Gholdengo|94/100|[from] Stealth Rock
|move|p2a: Hatterene|Nuzzle|p1a: Gholdengo
|-damage|p1a: Gholdengo|91/100
|-status|p1a: Gholdengo|par
|
|-heal|p2a: Hatterene|79/100|[from] item: Leftovers
|-damage|p2a: Hatterene|67/100|[from] Salt Cure
|upkeep
|turn|17
|
|t:|1781135903
|switch|p2a: Ting-Lu|Ting-Lu|85/100
|-ability|p2a: Ting-Lu|Vessel of Ruin
|move|p1a: Gholdengo|Make It Rain|p2a: Ting-Lu
|-damage|p2a: Ting-Lu|54/100
|-unboost|p1a: Gholdengo|spa|1
|
|-heal|p2a: Ting-Lu|60/100|[from] item: Leftovers
|upkeep
|turn|18
|
|t:|1781135908
|switch|p1a: Clefable|Clefable, F|100/100
|move|p2a: Ting-Lu|Ruination|p1a: Clefable
|-damage|p1a: Clefable|50/100
|
|-heal|p2a: Ting-Lu|66/100|[from] item: Leftovers
|upkeep
|turn|19
|
|t:|1781135912
|switch|p2a: Slowking|Slowking-Galar, M|100/100
|move|p1a: Clefable|Moonblast|p2a: Slowking
|-resisted|p2a: Slowking
|-damage|p2a: Slowking|90/100
|
|upkeep
|turn|20
|
|t:|1781135920
|move|p1a: Clefable|Moonlight|p1a: Clefable
|-heal|p1a: Clefable|100/100
|move|p2a: Slowking|Sludge Bomb|p1a: Clefable
|-supereffective|p1a: Clefable
|-damage|p1a: Clefable|40/100
|
|upkeep
|turn|21
|
|t:|1781135923
|switch|p1a: Garganacl|Garganacl, F|100/100
|-damage|p1a: Garganacl|88/100|[from] Stealth Rock
|move|p2a: Slowking|Sludge Bomb|p1a: Garganacl
|-resisted|p1a: Garganacl
|-damage|p1a: Garganacl|77/100
|
|-heal|p1a: Garganacl|83/100|[from] item: Leftovers
|upkeep
|turn|22
|
|t:|1781135927
|move|p1a: Garganacl|Salt Cure|p2a: Slowking
|-damage|p2a: Slowking|79/100
|-start|p2a: Slowking|Salt Cure
|move|p2a: Slowking|Future Sight|p1a: Garganacl
|-start|p2a: Slowking|move: Future Sight
|
|-heal|p1a: Garganacl|89/100|[from] item: Leftovers
|-damage|p2a: Slowking|66/100|[from] Salt Cure
|upkeep
|turn|23
|
|t:|1781135931
|switch|p2a: Hatterene|Hatterene, F|67/100
|move|p1a: Garganacl|Salt Cure|p2a: Hatterene
|-damage|p2a: Hatterene|54/100
|-start|p2a: Hatterene|Salt Cure
|
|-heal|p1a: Garganacl|96/100|[from] item: Leftovers
|-heal|p2a: Hatterene|60/100|[from] item: Leftovers
|-damage|p2a: Hatterene|48/100|[from] Salt Cure
|upkeep
|turn|24
|
|t:|1781135937
|move|p1a: Garganacl|Earthquake|p2a: Hatterene
|-damage|p2a: Hatterene|26/100
|move|p2a: Hatterene|Pain Split|p1a: Garganacl
|-sethp|p1a: Garganacl|58/100|[from] move: Pain Split|[silent]
|-sethp|p2a: Hatterene|73/100|[from] move: Pain Split
|
|-end|p1a: Garganacl|move: Future Sight
|-crit|p1a: Garganacl
|-damage|p1a: Garganacl|16/100
|-heal|p1a: Garganacl|22/100|[from] item: Leftovers
|-heal|p2a: Hatterene|79/100|[from] item: Leftovers
|-damage|p2a: Hatterene|67/100|[from] Salt Cure
|upkeep
|turn|25
|
|t:|1781135947
|switch|p2a: Raging Bolt|Raging Bolt|100/100
|move|p1a: Garganacl|Recover|p1a: Garganacl
|-heal|p1a: Garganacl|72/100
|
|-heal|p1a: Garganacl|78/100|[from] item: Leftovers
|upkeep
|turn|26
|
|t:|1781135951
|move|p2a: Raging Bolt|Volt Switch|p1a: Garganacl
|-damage|p1a: Garganacl|53/100
|
|t:|1781135955
|-end|p2a: Raging Bolt|Protosynthesis|[silent]
|switch|p2a: Hatterene|Hatterene, F|67/100|[from] Volt Switch
|move|p1a: Garganacl|Salt Cure|p2a: Hatterene
|-damage|p2a: Hatterene|55/100
|-start|p2a: Hatterene|Salt Cure
|
|-heal|p1a: Garganacl|60/100|[from] item: Leftovers
|-heal|p2a: Hatterene|61/100|[from] item: Leftovers
|-damage|p2a: Hatterene|49/100|[from] Salt Cure
|upkeep
|turn|27
|
|t:|1781135966
|move|p1a: Garganacl|Recover|p1a: Garganacl
|-heal|p1a: Garganacl|100/100
|move|p2a: Hatterene|Pain Split|p1a: Garganacl
|-sethp|p1a: Garganacl|69/100|[from] move: Pain Split|[silent]
|-sethp|p2a: Hatterene|88/100|[from] move: Pain Split
|
|-heal|p1a: Garganacl|75/100|[from] item: Leftovers
|-heal|p2a: Hatterene|94/100|[from] item: Leftovers
|-damage|p2a: Hatterene|82/100|[from] Salt Cure
|upkeep
|turn|28
|
|t:|1781135971
|switch|p2a: Ting-Lu|Ting-Lu|66/100
|-ability|p2a: Ting-Lu|Vessel of Ruin
|move|p1a: Garganacl|Salt Cure|p2a: Ting-Lu
|-resisted|p2a: Ting-Lu
|-damage|p2a: Ting-Lu|63/100
|-start|p2a: Ting-Lu|Salt Cure
|
|-heal|p2a: Ting-Lu|69/100|[from] item: Leftovers
|-heal|p1a: Garganacl|82/100|[from] item: Leftovers
|-damage|p2a: Ting-Lu|57/100|[from] Salt Cure
|upkeep
|turn|29
|
|t:|1781135978
|switch|p2a: Hatterene|Hatterene, F|82/100
|move|p1a: Garganacl|Salt Cure|p2a: Hatterene
|-damage|p2a: Hatterene|69/100
|-start|p2a: Hatterene|Salt Cure
|
|-heal|p1a: Garganacl|88/100|[from] item: Leftovers
|-heal|p2a: Hatterene|75/100|[from] item: Leftovers
|-damage|p2a: Hatterene|63/100|[from] Salt Cure
|upkeep
|turn|30
|
|t:|1781135986
|switch|p1a: Clefable|Clefable, F|40/100
|move|p2a: Hatterene|Pain Split|p1a: Clefable
|-sethp|p1a: Clefable|45/100|[from] move: Pain Split|[silent]
|-sethp|p2a: Hatterene|56/100|[from] move: Pain Split
|
|-heal|p2a: Hatterene|62/100|[from] item: Leftovers
|-damage|p2a: Hatterene|50/100|[from] Salt Cure
|upkeep
|turn|31
|
|t:|1781135990
|move|p1a: Clefable|Knock Off|p2a: Hatterene
|-damage|p2a: Hatterene|34/100
|-enditem|p2a: Hatterene|Leftovers|[from] move: Knock Off|[of] p1a: Clefable
|move|p2a: Hatterene|Nuzzle|p1a: Clefable
|-damage|p1a: Clefable|42/100
|-status|p1a: Clefable|par
|
|-damage|p2a: Hatterene|22/100|[from] Salt Cure
|upkeep
|turn|32
|
|t:|1781135995
|move|p2a: Hatterene|Psyshock|p1a: Clefable
|-damage|p1a: Clefable|16/100 par
|move|p1a: Clefable|Moonlight|p1a: Clefable
|-heal|p1a: Clefable|66/100 par
|
|-damage|p2a: Hatterene|10/100|[from] Salt Cure
|upkeep
|turn|33
|
|t:|1781135999
|move|p2a: Hatterene|Pain Split|p1a: Clefable
|-sethp|p1a: Clefable|37/100 par|[from] move: Pain Split|[silent]
|-sethp|p2a: Hatterene|45/100|[from] move: Pain Split
|move|p1a: Clefable|Moonblast|p2a: Hatterene
|-damage|p2a: Hatterene|18/100
|
|-damage|p2a: Hatterene|6/100|[from] Salt Cure
|upkeep
|turn|34
|
|t:|1781136006
|move|p2a: Hatterene|Pain Split|p1a: Clefable
|-sethp|p1a: Clefable|21/100 par|[from] move: Pain Split|[silent]
|-sethp|p2a: Hatterene|25/100|[from] move: Pain Split
|cant|p1a: Clefable|par
|
|-damage|p2a: Hatterene|13/100|[from] Salt Cure
|upkeep
|turn|35
|
|t:|1781136012
|move|p2a: Hatterene|Psyshock|p1a: Clefable
|-damage|p1a: Clefable|0 fnt
|faint|p1a: Clefable
|
|-damage|p2a: Hatterene|1/100|[from] Salt Cure
|upkeep
|
|t:|1781136015
|switch|p1a: Samurott|Samurott-Hisui, F|100/100
|-damage|p1a: Samurott|88/100|[from] Stealth Rock
|turn|36
|
|t:|1781136029
|move|p1a: Samurott|Ceaseless Edge|p2a: Hatterene
|-damage|p2a: Hatterene|0 fnt
|-sidestart|p2: lt_alt1|Spikes
|faint|p2a: Hatterene
|
|upkeep
|
|t:|1781136032
|switch|p2a: Raging Bolt|Raging Bolt|100/100
|-damage|p2a: Raging Bolt|88/100|[from] Spikes
|turn|37
|
|t:|1781136038
|switch|p1a: Garganacl|Garganacl, F|88/100
|-damage|p1a: Garganacl|75/100|[from] Stealth Rock
|move|p2a: Raging Bolt|Thunderbolt|p1a: Garganacl
|-damage|p1a: Garganacl|42/100
|
|-heal|p1a: Garganacl|48/100|[from] item: Leftovers
|upkeep
|turn|38
|
|t:|1781136044
|move|p2a: Raging Bolt|Draco Meteor|p1a: Garganacl
|-damage|p1a: Garganacl|2/100
|-unboost|p2a: Raging Bolt|spa|2
|move|p1a: Garganacl|Recover|p1a: Garganacl
|-heal|p1a: Garganacl|52/100
|
|-heal|p1a: Garganacl|58/100|[from] item: Leftovers
|upkeep
|turn|39
|
|t:|1781136050
|move|p2a: Raging Bolt|Volt Switch|p1a: Garganacl
|-damage|p1a: Garganacl|45/100
|
|t:|1781136057
|-end|p2a: Raging Bolt|Protosynthesis|[silent]
|switch|p2a: Slowking|Slowking-Galar, M|99/100|[from] Volt Switch
|-damage|p2a: Slowking|87/100|[from] Spikes
|move|p1a: Garganacl|Recover|p1a: Garganacl
|-heal|p1a: Garganacl|95/100
|
|-heal|p1a: Garganacl|100/100|[from] item: Leftovers
|upkeep
|turn|40
|
|t:|1781136064
|move|p1a: Garganacl|Stealth Rock|p2a: Slowking
|-sidestart|p2: lt_alt1|move: Stealth Rock
|move|p2a: Slowking|Future Sight|p1a: Garganacl
|-start|p2a: Slowking|move: Future Sight
|
|upkeep
|turn|41
|
|t:|1781136071
|move|p1a: Garganacl|Earthquake|p2a: Slowking
|-supereffective|p2a: Slowking
|-enditem|p2a: Slowking|Shuca Berry|[eat]
|-enditem|p2a: Slowking|Shuca Berry|[weaken]
|-damage|p2a: Slowking|68/100
|-prepare|p2a: Slowking|Chilly Reception|[premajor]
|move|p2a: Slowking|Chilly Reception|p2a: Slowking
|-weather|Snowscape
|
|t:|1781136080
|switch|p2a: Ting-Lu|Ting-Lu|57/100|[from] Chilly Reception
|-damage|p2a: Ting-Lu|44/100|[from] Spikes
|-damage|p2a: Ting-Lu|38/100|[from] Stealth Rock
|-ability|p2a: Ting-Lu|Vessel of Ruin
|
|-weather|Snowscape|[upkeep]
|-heal|p2a: Ting-Lu|44/100|[from] item: Leftovers
|upkeep
|turn|42
|
|t:|1781136085
|move|p1a: Garganacl|Salt Cure|p2a: Ting-Lu
|-resisted|p2a: Ting-Lu
|-damage|p2a: Ting-Lu|40/100
|-start|p2a: Ting-Lu|Salt Cure
|move|p2a: Ting-Lu|Whirlwind|p1a: Garganacl
|drag|p1a: Zapdos|Zapdos|100/100
|
|-weather|Snowscape|[upkeep]
|-end|p1a: Zapdos|move: Future Sight
|-damage|p1a: Zapdos|67/100
|-heal|p2a: Ting-Lu|47/100|[from] item: Leftovers
|-damage|p2a: Ting-Lu|34/100|[from] Salt Cure
|upkeep
|turn|43
|
|t:|1781136090
|switch|p2a: Slowking|Slowking-Galar, M|100/100
|-damage|p2a: Slowking|88/100|[from] Spikes
|-damage|p2a: Slowking|76/100|[from] Stealth Rock
|move|p1a: Zapdos|Hurricane|p2a: Slowking
|-damage|p2a: Slowking|46/100
|
|-weather|Snowscape|[upkeep]
|upkeep
|turn|44
|
|t:|1781136095
|move|p1a: Zapdos|Volt Switch|p2a: Slowking
|-damage|p2a: Slowking|27/100
|j| Zenitsu is god 123
|
|t:|1781136101
|switch|p1a: Gholdengo|Gholdengo|91/100 par|[from] Volt Switch
|-damage|p1a: Gholdengo|85/100 par|[from] Stealth Rock
|move|p2a: Slowking|Future Sight|p1a: Gholdengo
|-start|p2a: Slowking|move: Future Sight
|
|-weather|Snowscape|[upkeep]
|upkeep
|turn|45
|
|t:|1781136108
|switch|p2a: Raging Bolt|Raging Bolt|88/100
|-damage|p2a: Raging Bolt|76/100|[from] Spikes
|-damage|p2a: Raging Bolt|63/100|[from] Stealth Rock
|move|p1a: Gholdengo|Shadow Ball|p2a: Raging Bolt
|-damage|p2a: Raging Bolt|40/100
|
|-weather|none
|upkeep
|turn|46
|
|t:|1781136114
|move|p1a: Gholdengo|Shadow Ball|p2a: Raging Bolt
|-damage|p2a: Raging Bolt|19/100
|move|p2a: Raging Bolt|Thunderbolt|p1a: Gholdengo
|-damage|p1a: Gholdengo|25/100 par
|
|-end|p1a: Gholdengo|move: Future Sight
|-resisted|p1a: Gholdengo
|-damage|p1a: Gholdengo|0 fnt
|faint|p1a: Gholdengo
|upkeep
|
|t:|1781136118
|switch|p1a: Zamazenta|Zamazenta|100/100
|-damage|p1a: Zamazenta|94/100|[from] Stealth Rock
|-ability|p1a: Zamazenta|Dauntless Shield|boost
|-boost|p1a: Zamazenta|def|1
|turn|47
|
|t:|1781136133
|move|p1a: Zamazenta|Body Press|p2a: Raging Bolt
|-damage|p2a: Raging Bolt|0 fnt
|faint|p2a: Raging Bolt
|-end|p2a: Raging Bolt|Protosynthesis|[silent]
|
|-heal|p1a: Zamazenta|100/100|[from] item: Leftovers
|upkeep
|
|t:|1781136136
|switch|p2a: Corviknight|Corviknight, F|100/100
|-damage|p2a: Corviknight|88/100|[from] Stealth Rock
|-ability|p2a: Corviknight|Pressure
|turn|48
|
|t:|1781136142
|move|p1a: Zamazenta|Iron Defense|p1a: Zamazenta
|-boost|p1a: Zamazenta|def|2
|move|p2a: Corviknight|Defog|p1a: Zamazenta
|-unboost|p1a: Zamazenta|evasion|1
|-sideend|p1: KurisuChestnutLab|Stealth Rock|[from] move: Defog|[of] p2a: Corviknight
|-sideend|p2: lt_alt1|Spikes|[from] move: Defog|[of] p2a: Corviknight
|-sideend|p2: lt_alt1|Stealth Rock|[from] move: Defog|[of] p2a: Corviknight
|
|upkeep
|turn|49
|
|t:|1781136148
|move|p1a: Zamazenta|Iron Defense|p1a: Zamazenta
|-boost|p1a: Zamazenta|def|2
|move|p2a: Corviknight|Iron Defense|p2a: Corviknight
|-boost|p2a: Corviknight|def|2
|
|upkeep
|turn|50
|
|t:|1781136152
|move|p2a: Corviknight|Iron Defense|p2a: Corviknight
|-boost|p2a: Corviknight|def|2
|move|p1a: Zamazenta|Roar|p2a: Corviknight
|drag|p2a: Kyurem|Kyurem|100/100
|-ability|p2a: Kyurem|Pressure
|
|upkeep
|turn|51
|
|t:|1781136156
|switch|p2a: Slowking|Slowking-Galar, M|61/100
|move|p1a: Zamazenta|Body Press|p2a: Slowking
|-resisted|p2a: Slowking
|-damage|p2a: Slowking|35/100
|
|upkeep
|turn|52
|
|t:|1781136160
|switch|p2a: Ting-Lu|Ting-Lu|34/100
|-ability|p2a: Ting-Lu|Vessel of Ruin
|move|p1a: Zamazenta|Body Press|p2a: Ting-Lu
|-supereffective|p2a: Ting-Lu
|-damage|p2a: Ting-Lu|0 fnt
|faint|p2a: Ting-Lu
|
|upkeep
|
|t:|1781136166
|switch|p2a: Slowking|Slowking-Galar, M|68/100
|turn|53
|
|t:|1781136170
|move|p1a: Zamazenta|Crunch|p2a: Slowking
|-supereffective|p2a: Slowking
|-damage|p2a: Slowking|27/100
|-unboost|p2a: Slowking|def|1
|move|p2a: Slowking|Future Sight|p1a: Zamazenta
|-start|p2a: Slowking|move: Future Sight
|
|upkeep
|turn|54
|
|t:|1781136179
|move|p1a: Zamazenta|Body Press|p2a: Slowking
|-resisted|p2a: Slowking
|-damage|p2a: Slowking|0 fnt
|faint|p2a: Slowking
|
|upkeep
|
|t:|1781136181
|switch|p2a: Kyurem|Kyurem|100/100
|-ability|p2a: Kyurem|Pressure
|turn|55
|
|t:|1781136186
|-terastallize|p1a: Zamazenta|Fire
|move|p1a: Zamazenta|Body Press|p2a: Kyurem
|-supereffective|p2a: Kyurem
|-damage|p2a: Kyurem|0 fnt
|faint|p2a: Kyurem
|
|-end|p1a: Zamazenta|move: Future Sight
|-damage|p1a: Zamazenta|68/100
|-heal|p1a: Zamazenta|74/100|[from] item: Leftovers
|upkeep
|
|t:|1781136189
|switch|p2a: Corviknight|Corviknight, F|88/100
|-ability|p2a: Corviknight|Pressure
|turn|56
|
|t:|1781136193
|move|p1a: Zamazenta|Body Press|p2a: Corviknight
|-damage|p2a: Corviknight|14/100
|-damage|p1a: Zamazenta|58/100|[from] item: Rocky Helmet|[of] p2a: Corviknight
|move|p2a: Corviknight|Iron Defense|p2a: Corviknight
|-boost|p2a: Corviknight|def|2
|
|-heal|p1a: Zamazenta|64/100|[from] item: Leftovers
|upkeep
|turn|57
|
|t:|1781136200
|move|p1a: Zamazenta|Body Press|p2a: Corviknight
|-damage|p2a: Corviknight|0 fnt
|-damage|p1a: Zamazenta|47/100|[from] item: Rocky Helmet|[of] p2a: Corviknight
|faint|p2a: Corviknight
|
|win|KurisuChestnutLab
|raw|KurisuChestnutLab's rating: 1645 &rarr; <strong>1669</strong><br />(+24 for winning)
|raw|lt_alt1's rating: 1716 &rarr; <strong>1692</strong><br />(-24 for losing)
