|j|☆Igoodnamename
|j|‽ayerbe
|t:|1781123467
|gametype|singles
|player|p1|Igoodnamename|winona|1691
|player|p2|ayerbe|blackbelt-gen4dp|1738
|gen|9
|tier|[Gen 9] OU
|rated|
|rule|HP Percentage Mod: HP is shown in percentages
|rule|Endless Battle Clause: Forcing endless battles is banned
|rule|Species Clause: Limit one of each Pokémon
|rule|OHKO Clause: OHKO moves are banned
|rule|Evasion Items Clause: Evasion items are banned
|rule|Evasion Moves Clause: Evasion moves are banned
|rule|Evasion Abilities Clause: Evasion abilities are banned
|rule|Sleep Moves Clause: Sleep-inducing moves are banned
|clearpoke
|poke|p1|Gholdengo|
|poke|p1|Zamazenta-*|
|poke|p1|Moltres|
|poke|p1|Ting-Lu|
|poke|p1|Serperior, F|
|poke|p1|Kyurem|
|poke|p2|Great Tusk|
|poke|p2|Scizor, M|
|poke|p2|Garganacl, M|
|poke|p2|Ting-Lu|
|poke|p2|Raging Bolt|
|poke|p2|Gholdengo|
|teampreview
|inactive|Battle timer is ON: inactive players will automatically lose when time's up. (requested by ayerbe)
|
|t:|1781123475
|teamsize|p1|6
|teamsize|p2|6
|start
|switch|p1a: Moltres|Moltres|100/100
|switch|p2a: Scizor|Scizor, M|100/100
|turn|1
|
|t:|1781123478
|switch|p2a: Ting-Lu|Ting-Lu|100/100
|-ability|p2a: Ting-Lu|Vessel of Ruin
|move|p1a: Moltres|U-turn|p2a: Ting-Lu
|-supereffective|p2a: Ting-Lu
|-damage|p2a: Ting-Lu|85/100
|
|t:|1781123484
|switch|p1a: Kyurem|Kyurem|100/100|[from] U-turn
|-ability|p1a: Kyurem|Pressure
|
|-heal|p2a: Ting-Lu|92/100|[from] item: Leftovers
|upkeep
|turn|2
|
|t:|1781123487
|switch|p2a: Scizor|Scizor, M|100/100
|move|p1a: Kyurem|Ice Beam|p2a: Scizor
|-resisted|p2a: Scizor
|-damage|p2a: Scizor|71/100
|
|upkeep
|turn|3
|
|t:|1781123493
|switch|p1a: Ting-Lu|Ting-Lu|100/100
|-ability|p1a: Ting-Lu|Vessel of Ruin
|move|p2a: Scizor|Knock Off|p1a: Ting-Lu
|-resisted|p1a: Ting-Lu
|-damage|p1a: Ting-Lu|91/100
|-enditem|p1a: Ting-Lu|Leftovers|[from] move: Knock Off|[of] p2a: Scizor
|
|upkeep
|turn|4
|
|t:|1781123501
|switch|p1a: Moltres|Moltres|100/100
|move|p2a: Scizor|U-turn|p1a: Moltres
|-resisted|p1a: Moltres
|-damage|p1a: Moltres|94/100
|
|t:|1781123503
|switch|p2a: Ting-Lu|Ting-Lu|92/100|[from] U-turn
|-ability|p2a: Ting-Lu|Vessel of Ruin
|
|-heal|p2a: Ting-Lu|98/100|[from] item: Leftovers
|upkeep
|turn|5
|
|t:|1781123506
|move|p1a: Moltres|U-turn|p2a: Ting-Lu
|-supereffective|p2a: Ting-Lu
|-damage|p2a: Ting-Lu|82/100
|
|t:|1781123511
|switch|p1a: Ting-Lu|Ting-Lu|91/100|[from] U-turn
|-ability|p1a: Ting-Lu|Vessel of Ruin
|move|p2a: Ting-Lu|Stealth Rock|p1a: Ting-Lu
|-sidestart|p1: Igoodnamename|move: Stealth Rock
|
|-heal|p2a: Ting-Lu|88/100|[from] item: Leftovers
|upkeep
|turn|6
|
|t:|1781123512
|move|p2a: Ting-Lu|Spikes|p1a: Ting-Lu
|-sidestart|p1: Igoodnamename|Spikes
|move|p1a: Ting-Lu|Stealth Rock|p2a: Ting-Lu
|-sidestart|p2: ayerbe|move: Stealth Rock
|
|-heal|p2a: Ting-Lu|94/100|[from] item: Leftovers
|upkeep
|turn|7
|
|t:|1781123515
|switch|p1a: Kyurem|Kyurem|100/100
|-ability|p1a: Kyurem|Pressure
|move|p2a: Ting-Lu|Spikes|p1a: Kyurem
|-sidestart|p1: Igoodnamename|Spikes
|
|-heal|p2a: Ting-Lu|100/100|[from] item: Leftovers
|upkeep
|turn|8
|
|t:|1781123518
|move|p1a: Kyurem|Ice Beam|p2a: Ting-Lu
|-supereffective|p2a: Ting-Lu
|-damage|p2a: Ting-Lu|59/100
|-status|p2a: Ting-Lu|frz
|-curestatus|p2a: Ting-Lu|frz|[msg]
|move|p2a: Ting-Lu|Whirlwind|p1a: Kyurem
|drag|p1a: Moltres|Moltres|94/100
|
|-heal|p2a: Ting-Lu|65/100|[from] item: Leftovers
|upkeep
|turn|9
|
|t:|1781123526
|move|p1a: Moltres|U-turn|p2a: Ting-Lu
|-supereffective|p2a: Ting-Lu
|-damage|p2a: Ting-Lu|50/100
|
|t:|1781123528
|switch|p1a: Kyurem|Kyurem|100/100|[from] U-turn
|-ability|p1a: Kyurem|Pressure
|move|p2a: Ting-Lu|Spikes|p1a: Kyurem
|-sidestart|p1: Igoodnamename|Spikes
|
|-heal|p2a: Ting-Lu|56/100|[from] item: Leftovers
|upkeep
|turn|10
|
|t:|1781123532
|move|p1a: Kyurem|Ice Beam|p2a: Ting-Lu
|-supereffective|p2a: Ting-Lu
|-damage|p2a: Ting-Lu|18/100
|-status|p2a: Ting-Lu|frz
|cant|p2a: Ting-Lu|frz
|
|-heal|p2a: Ting-Lu|24/100 frz|[from] item: Leftovers
|upkeep
|turn|11
|
|t:|1781123538
|move|p1a: Kyurem|Ice Beam|p2a: Ting-Lu
|-supereffective|p2a: Ting-Lu
|-damage|p2a: Ting-Lu|0 fnt
|faint|p2a: Ting-Lu
|
|upkeep
|
|t:|1781123540
|switch|p2a: Scizor|Scizor, M|71/100
|-damage|p2a: Scizor|59/100|[from] Stealth Rock
|turn|12
|
|t:|1781123555
|-terastallize|p1a: Kyurem|Ground
|move|p1a: Kyurem|Earth Power|p2a: Scizor
|-damage|p2a: Scizor|4/100
|move|p2a: Scizor|Knock Off|p1a: Kyurem
|-damage|p1a: Kyurem|65/100
|-enditem|p1a: Kyurem|Heavy-Duty Boots|[from] move: Knock Off|[of] p2a: Scizor
|
|upkeep
|turn|13
|
|t:|1781123568
|switch|p1a: Moltres|Moltres|94/100
|move|p2a: Scizor|Knock Off|p1a: Moltres
|-crit|p1a: Moltres
|-damage|p1a: Moltres|54/100
|-enditem|p1a: Moltres|Heavy-Duty Boots|[from] move: Knock Off|[of] p2a: Scizor
|
|upkeep
|turn|14
|
|t:|1781123574
|move|p1a: Moltres|Flamethrower|p2a: Scizor
|-supereffective|p2a: Scizor
|-damage|p2a: Scizor|0 fnt
|faint|p2a: Scizor
|
|upkeep
|
|t:|1781123578
|switch|p2a: Garganacl|Garganacl, M|100/100
|-damage|p2a: Garganacl|88/100|[from] Stealth Rock
|turn|15
|
|t:|1781123582
|move|p2a: Garganacl|Curse|p2a: Garganacl
|-unboost|p2a: Garganacl|spe|1
|-boost|p2a: Garganacl|atk|1
|-boost|p2a: Garganacl|def|1
|move|p1a: Moltres|Roar|p2a: Garganacl
|drag|p2a: Great Tusk|Great Tusk|100/100
|
|upkeep
|turn|16
|
|t:|1781123587
|move|p2a: Great Tusk|Rapid Spin|p1a: Moltres
|-damage|p1a: Moltres|43/100
|-boost|p2a: Great Tusk|spe|1
|-status|p2a: Great Tusk|brn|[from] ability: Flame Body|[of] p1a: Moltres
|-sideend|p2: ayerbe|Stealth Rock|[from] move: Rapid Spin|[of] p2a: Great Tusk
|move|p1a: Moltres|Flamethrower|p2a: Great Tusk
|-damage|p2a: Great Tusk|49/100 brn
|
|-damage|p2a: Great Tusk|43/100 brn|[from] brn
|upkeep
|turn|17
|
|t:|1781123592
|-end|p2a: Great Tusk|Protosynthesis|[silent]
|switch|p2a: Garganacl|Garganacl, M|88/100
|move|p1a: Moltres|Flamethrower|p2a: Garganacl
|-resisted|p2a: Garganacl
|-damage|p2a: Garganacl|72/100
|
|-heal|p2a: Garganacl|78/100|[from] item: Leftovers
|upkeep
|turn|18
|
|t:|1781123595
|move|p1a: Moltres|U-turn|p2a: Garganacl
|-damage|p2a: Garganacl|70/100
|
|t:|1781123598
|switch|p1a: Serperior|Serperior, F|100/100|[from] U-turn
|-damage|p1a: Serperior|88/100|[from] Stealth Rock
|-damage|p1a: Serperior|63/100|[from] Spikes
|move|p2a: Garganacl|Salt Cure|p1a: Serperior
|-damage|p1a: Serperior|46/100
|-start|p1a: Serperior|Salt Cure
|
|-heal|p2a: Garganacl|76/100|[from] item: Leftovers
|-damage|p1a: Serperior|33/100|[from] Salt Cure
|upkeep
|turn|19
|
|t:|1781123603
|switch|p2a: Raging Bolt|Raging Bolt|100/100
|move|p1a: Serperior|Leaf Storm|p2a: Raging Bolt
|-resisted|p2a: Raging Bolt
|-damage|p2a: Raging Bolt|88/100
|-boost|p1a: Serperior|spa|2
|
|-damage|p1a: Serperior|21/100|[from] Salt Cure
|upkeep
|turn|20
|
|t:|1781123606
|move|p1a: Serperior|Leaf Storm|p2a: Raging Bolt
|-resisted|p2a: Raging Bolt
|-crit|p2a: Raging Bolt
|-damage|p2a: Raging Bolt|49/100
|-boost|p1a: Serperior|spa|2
|move|p2a: Raging Bolt|Dragon Pulse|p1a: Serperior
|-damage|p1a: Serperior|0 fnt
|faint|p1a: Serperior
|
|upkeep
|
|t:|1781123619
|switch|p1a: Kyurem|Kyurem, tera:Ground|65/100
|-damage|p1a: Kyurem|58/100|[from] Stealth Rock
|-damage|p1a: Kyurem|33/100|[from] Spikes
|-ability|p1a: Kyurem|Pressure
|turn|21
|
|t:|1781123624
|-end|p2a: Raging Bolt|Protosynthesis|[silent]
|switch|p2a: Great Tusk|Great Tusk|43/100 brn
|move|p1a: Kyurem|Ice Beam|p2a: Great Tusk
|-supereffective|p2a: Great Tusk
|-damage|p2a: Great Tusk|0 fnt
|faint|p2a: Great Tusk
|-end|p2a: Great Tusk|Protosynthesis|[silent]
|
|upkeep
|
|t:|1781123626
|switch|p2a: Gholdengo|Gholdengo|100/100
|turn|22
|
|t:|1781123629
|switch|p1a: Ting-Lu|Ting-Lu|91/100
|-damage|p1a: Ting-Lu|85/100|[from] Stealth Rock
|-damage|p1a: Ting-Lu|60/100|[from] Spikes
|-ability|p1a: Ting-Lu|Vessel of Ruin
|move|p2a: Gholdengo|Make It Rain|p1a: Ting-Lu
|-damage|p1a: Ting-Lu|33/100
|-unboost|p2a: Gholdengo|spa|1
|
|upkeep
|turn|23
|
|t:|1781123637
|switch|p2a: Garganacl|Garganacl, M|76/100
|move|p1a: Ting-Lu|Earthquake|p2a: Garganacl
|-supereffective|p2a: Garganacl
|-damage|p2a: Garganacl|38/100
|
|-heal|p2a: Garganacl|44/100|[from] item: Leftovers
|upkeep
|turn|24
|
|t:|1781123643
|move|p1a: Ting-Lu|Stealth Rock|p2a: Garganacl
|-sidestart|p2: ayerbe|move: Stealth Rock
|move|p2a: Garganacl|Recover|p2a: Garganacl
|-heal|p2a: Garganacl|95/100
|
|-heal|p2a: Garganacl|100/100|[from] item: Leftovers
|upkeep
|turn|25
|
|t:|1781123646
|move|p1a: Ting-Lu|Ruination|p2a: Garganacl
|-damage|p2a: Garganacl|51/100
|move|p2a: Garganacl|Salt Cure|p1a: Ting-Lu
|-resisted|p1a: Ting-Lu
|-damage|p1a: Ting-Lu|29/100
|-start|p1a: Ting-Lu|Salt Cure
|
|-heal|p2a: Garganacl|57/100|[from] item: Leftovers
|-damage|p1a: Ting-Lu|16/100|[from] Salt Cure
|upkeep
|turn|26
|
|t:|1781123652
|switch|p1a: Gholdengo|Gholdengo|100/100
|-damage|p1a: Gholdengo|94/100|[from] Stealth Rock
|-damage|p1a: Gholdengo|70/100|[from] Spikes
|move|p2a: Garganacl|Recover|p2a: Garganacl
|-heal|p2a: Garganacl|100/100
|
|upkeep
|turn|27
|
|t:|1781123657
|switch|p2a: Gholdengo|Gholdengo|100/100
|-damage|p2a: Gholdengo|94/100|[from] Stealth Rock
|move|p1a: Gholdengo|Make It Rain|p2a: Gholdengo
|-resisted|p2a: Gholdengo
|-damage|p2a: Gholdengo|45/100
|-unboost|p1a: Gholdengo|spa|1
|
|upkeep
|turn|28
|
|t:|1781123662
|switch|p1a: Ting-Lu|Ting-Lu|16/100
|-damage|p1a: Ting-Lu|10/100|[from] Stealth Rock
|-damage|p1a: Ting-Lu|0 fnt|[from] Spikes
|faint|p1a: Ting-Lu
|move|p2a: Gholdengo|Shadow Ball|p1: Ting-Lu|[notarget]
|-fail|p2a: Gholdengo
|
|upkeep
|
|t:|1781123673
|switch|p1a: Zamazenta|Zamazenta|100/100
|-damage|p1a: Zamazenta|94/100|[from] Stealth Rock
|-damage|p1a: Zamazenta|69/100|[from] Spikes
|-ability|p1a: Zamazenta|Dauntless Shield|boost
|-boost|p1a: Zamazenta|def|1
|turn|29
|
|t:|1781123679
|move|p2a: Gholdengo|Shadow Ball|p1a: Zamazenta
|-damage|p1a: Zamazenta|38/100
|move|p1a: Zamazenta|Crunch|p2a: Gholdengo
|-supereffective|p2a: Gholdengo
|-damage|p2a: Gholdengo|0 fnt
|faint|p2a: Gholdengo
|
|upkeep
|
|t:|1781123684
|switch|p2a: Garganacl|Garganacl, M|100/100
|-damage|p2a: Garganacl|88/100|[from] Stealth Rock
|turn|30
|j| soldadodecristo
|
|t:|1781123690
|move|p1a: Zamazenta|Iron Defense|p1a: Zamazenta
|-boost|p1a: Zamazenta|def|2
|move|p2a: Garganacl|Salt Cure|p1a: Zamazenta
|-resisted|p1a: Zamazenta
|-damage|p1a: Zamazenta|36/100
|-start|p1a: Zamazenta|Salt Cure
|
|-heal|p2a: Garganacl|94/100|[from] item: Leftovers
|-damage|p1a: Zamazenta|24/100|[from] Salt Cure
|upkeep
|turn|31
|
|t:|1781123695
|-terastallize|p2a: Garganacl|Ghost
|move|p1a: Zamazenta|Body Press|p2a: Garganacl
|-immune|p2a: Garganacl
|move|p2a: Garganacl|Salt Cure|p1a: Zamazenta
|-resisted|p1a: Zamazenta
|-damage|p1a: Zamazenta|22/100
|
|-heal|p2a: Garganacl|100/100|[from] item: Leftovers
|-damage|p1a: Zamazenta|9/100|[from] Salt Cure
|upkeep
|turn|32
|
|t:|1781123700
|move|p1a: Zamazenta|Rest|p1a: Zamazenta
|-status|p1a: Zamazenta|slp|[from] move: Rest
|-heal|p1a: Zamazenta|100/100 slp|[silent]
|-enditem|p1a: Zamazenta|Chesto Berry|[eat]
|-curestatus|p1a: Zamazenta|slp|[msg]
|move|p2a: Garganacl|Salt Cure|p1a: Zamazenta
|-resisted|p1a: Zamazenta
|-damage|p1a: Zamazenta|98/100
|
|-damage|p1a: Zamazenta|86/100|[from] Salt Cure
|upkeep
|turn|33
|
|t:|1781123703
|move|p1a: Zamazenta|Crunch|p2a: Garganacl
|-supereffective|p2a: Garganacl
|-damage|p2a: Garganacl|77/100
|move|p2a: Garganacl|Curse|p1a: Zamazenta
|-start|p1a: Zamazenta|Curse|[of] p2a: Garganacl
|-damage|p2a: Garganacl|27/100
|
|-heal|p2a: Garganacl|33/100|[from] item: Leftovers
|-damage|p1a: Zamazenta|61/100|[from] Curse
|-damage|p1a: Zamazenta|48/100|[from] Salt Cure
|upkeep
|turn|34
|
|t:|1781123707
|move|p1a: Zamazenta|Crunch|p2a: Garganacl
|-supereffective|p2a: Garganacl
|-damage|p2a: Garganacl|11/100
|move|p2a: Garganacl|Recover|p2a: Garganacl
|-heal|p2a: Garganacl|61/100
|
|-heal|p2a: Garganacl|67/100|[from] item: Leftovers
|-damage|p1a: Zamazenta|23/100|[from] Curse
|-damage|p1a: Zamazenta|11/100|[from] Salt Cure
|upkeep
|turn|35
|l| soldadodecristo
|
|t:|1781123712
|move|p1a: Zamazenta|Rest|p1a: Zamazenta
|-status|p1a: Zamazenta|slp|[from] move: Rest
|-heal|p1a: Zamazenta|100/100 slp|[silent]
|move|p2a: Garganacl|Recover|p2a: Garganacl
|-heal|p2a: Garganacl|100/100
|
|-damage|p1a: Zamazenta|75/100 slp|[from] Curse
|-damage|p1a: Zamazenta|63/100 slp|[from] Salt Cure
|upkeep
|turn|36
|
|t:|1781123720
|switch|p1a: Moltres|Moltres|43/100
|-damage|p1a: Moltres|0 fnt|[from] Stealth Rock
|faint|p1a: Moltres
|move|p2a: Garganacl|Salt Cure|p1: Moltres|[notarget]
|-fail|p2a: Garganacl
|
|upkeep
|
|t:|1781123730
|switch|p1a: Gholdengo|Gholdengo|70/100
|-damage|p1a: Gholdengo|64/100|[from] Stealth Rock
|-damage|p1a: Gholdengo|39/100|[from] Spikes
|turn|37
|
|t:|1781123732
|move|p1a: Gholdengo|Make It Rain|p2a: Garganacl
|-damage|p2a: Garganacl|25/100
|-unboost|p1a: Gholdengo|spa|1
|move|p2a: Garganacl|Salt Cure|p1a: Gholdengo
|-resisted|p1a: Gholdengo
|-damage|p1a: Gholdengo|31/100
|-start|p1a: Gholdengo|Salt Cure
|
|-heal|p2a: Garganacl|32/100|[from] item: Leftovers
|-damage|p1a: Gholdengo|6/100|[from] Salt Cure
|upkeep
|turn|38
|
|t:|1781123736
|move|p1a: Gholdengo|Make It Rain|p2a: Garganacl
|-damage|p2a: Garganacl|0 fnt
|-unboost|p1a: Gholdengo|spa|1
|faint|p2a: Garganacl
|
|-damage|p1a: Gholdengo|0 fnt|[from] Salt Cure
|faint|p1a: Gholdengo
|upkeep
|
|t:|1781123740
|switch|p1a: Kyurem|Kyurem, tera:Ground|33/100
|switch|p2a: Raging Bolt|Raging Bolt|49/100
|-damage|p1a: Kyurem|27/100|[from] Stealth Rock
|-damage|p1a: Kyurem|2/100|[from] Spikes
|-ability|p1a: Kyurem|Pressure
|-damage|p2a: Raging Bolt|37/100|[from] Stealth Rock
|turn|39
|
|t:|1781123743
|move|p1a: Kyurem|Ice Beam|p2a: Raging Bolt
|-supereffective|p2a: Raging Bolt
|-damage|p2a: Raging Bolt|0 fnt
|faint|p2a: Raging Bolt
|-end|p2a: Raging Bolt|Protosynthesis|[silent]
|
|win|Igoodnamename
|raw|Igoodnamename's rating: 1691 &rarr; <strong>1714</strong><br />(+23 for winning)
|raw|ayerbe's rating: 1738 &rarr; <strong>1715</strong><br />(-23 for losing)
|l|‽ayerbe
|player|p2|
|l|☆Igoodnamename
|player|p1|
