|j|☆PepeNike
|j|‽losts0ulsmc
|t:|1781043961
|gametype|singles
|player|p1|PepeNike|101|1581
|player|p2|losts0ulsmc|169|1791
|gen|9
|tier|[Gen 9] OU
|rated|
|rule|HP Percentage Mod: HP is shown in percentages
|rule|Endless Battle Clause: Forcing endless battles is banned
|rule|Species Clause: Limit one of each Pokémon
|rule|OHKO Clause: OHKO moves are banned
|rule|Evasion Items Clause: Evasion items are banned
|rule|Evasion Moves Clause: Evasion moves are banned
|rule|Evasion Abilities Clause: Evasion abilities are banned
|rule|Sleep Moves Clause: Sleep-inducing moves are banned
|clearpoke
|poke|p1|Kleavor, M|
|poke|p1|Samurott-Hisui, M|
|poke|p1|Gholdengo|
|poke|p1|Ceruledge, M|
|poke|p1|Greninja-*, M|
|poke|p1|Dragapult, F|
|poke|p2|Kingambit, F|
|poke|p2|Samurott-Hisui, F|
|poke|p2|Great Tusk|
|poke|p2|Iron Valiant|
|poke|p2|Gholdengo|
|poke|p2|Landorus-Therian, M|
|teampreview
|inactive|Battle timer is ON: inactive players will automatically lose when time's up. (requested by PepeNike)
|inactive|losts0ulsmc also wants the timer to be on.
|
|t:|1781043980
|teamsize|p1|6
|teamsize|p2|6
|start
|switch|p1a: Kleavor|Kleavor, M|100/100
|switch|p2a: Landorus|Landorus-Therian, M, shiny|100/100
|-ability|p2a: Landorus|Intimidate|boost
|-unboost|p1a: Kleavor|atk|1
|turn|1
|
|t:|1781043987
|move|p2a: Landorus|Stealth Rock|p1a: Kleavor
|-sidestart|p1: PepeNike|move: Stealth Rock
|move|p1a: Kleavor|Stone Axe|p2a: Landorus
|-crit|p2a: Landorus
|-damage|p2a: Landorus|0 fnt
|-damage|p1a: Kleavor|84/100|[from] item: Rocky Helmet|[of] p2a: Landorus
|-sidestart|p2: losts0ulsmc|move: Stealth Rock
|faint|p2a: Landorus
|
|upkeep
|
|t:|1781043997
|switch|p2a: Great Tusk|Great Tusk, shiny|100/100
|turn|2
|
|t:|1781044001
|switch|p1a: Gholdengo|Gholdengo|100/100
|-damage|p1a: Gholdengo|94/100|[from] Stealth Rock
|-item|p1a: Gholdengo|Air Balloon
|move|p2a: Great Tusk|Knock Off|p1a: Gholdengo
|-supereffective|p1a: Gholdengo
|-damage|p1a: Gholdengo|45/100
|-enditem|p1a: Gholdengo|Air Balloon
|
|upkeep
|turn|3
|
|t:|1781044008
|move|p2a: Great Tusk|Headlong Rush|p1a: Gholdengo
|-supereffective|p1a: Gholdengo
|-damage|p1a: Gholdengo|0 fnt
|-unboost|p2a: Great Tusk|def|1
|-unboost|p2a: Great Tusk|spd|1
|faint|p1a: Gholdengo
|
|upkeep
|
|t:|1781044017
|switch|p1a: Greninja|Greninja, M|100/100
|-damage|p1a: Greninja|88/100|[from] Stealth Rock
|turn|4
|inactive|losts0ulsmc has 120 seconds left.
|inactive|losts0ulsmc has 90 seconds left.
|j| SilverDE
|l|‽losts0ulsmc
|inactive|losts0ulsmc disconnected and has a minute to reconnect!
|player|p2|
|inactive|losts0ulsmc has 30 seconds to reconnect!
|inactive|losts0ulsmc has 20 seconds to reconnect!
|inactive|losts0ulsmc has 15 seconds to reconnect!
|inactive|losts0ulsmc has 10 seconds to reconnect!
|j|‽losts0ulsmc
|inactive|losts0ulsmc reconnected and has 35 seconds left.
|player|p2|losts0ulsmc|169|
|n|‽losts0ulsmc|losts0ulsmc
|inactive|losts0ulsmc has 30 seconds left.
|
|t:|1781044138
|-end|p2a: Great Tusk|Protosynthesis|[silent]
|switch|p2a: Samurott|Samurott-Hisui, F, shiny|100/100
|-damage|p2a: Samurott|88/100|[from] Stealth Rock
|move|p1a: Greninja|Surf|p2a: Samurott
|-resisted|p2a: Samurott
|-damage|p2a: Samurott|40/100
|-damage|p1a: Greninja|78/100|[from] item: Life Orb
|
|upkeep
|turn|5
|
|t:|1781044155
|move|p2a: Samurott|Ceaseless Edge|p1a: Greninja
|-resisted|p1a: Greninja
|-damage|p1a: Greninja|51/100
|-sidestart|p1: PepeNike|Spikes
|move|p1a: Greninja|Surf|p2a: Samurott
|-resisted|p2a: Samurott
|-damage|p2a: Samurott|0 fnt
|faint|p2a: Samurott
|-ability|p1a: Greninja|Battle Bond|boost
|-boost|p1a: Greninja|atk|1
|-boost|p1a: Greninja|spa|1
|-boost|p1a: Greninja|spe|1
|-activate|p1a: Greninja|ability: Battle Bond
|-damage|p1a: Greninja|42/100|[from] item: Life Orb
|
|upkeep
|inactive|losts0ulsmc has 30 seconds left.
|inactive|losts0ulsmc has 20 seconds left.
|
|t:|1781044178
|switch|p2a: Kingambit|Kingambit, F, shiny|100/100
|-damage|p2a: Kingambit|94/100|[from] Stealth Rock
|-activate|p2a: Kingambit|ability: Supreme Overlord
|-start|p2a: Kingambit|fallen2|[silent]
|turn|6
|inactive|losts0ulsmc has 30 seconds left this turn.
|
|t:|1781044180
|move|p1a: Greninja|Water Shuriken|p2a: Kingambit
|-damage|p2a: Kingambit|81/100
|-damage|p2a: Kingambit|68/100
|-damage|p2a: Kingambit|53/100
|-damage|p2a: Kingambit|38/100
|-damage|p2a: Kingambit|25/100
|-hitcount|p2a: Kingambit|5
|-damage|p1a: Greninja|32/100|[from] item: Life Orb
|move|p2a: Kingambit|Sucker Punch||[still]
|-fail|p2a: Kingambit
|
|-heal|p2a: Kingambit|31/100|[from] item: Leftovers
|upkeep
|turn|7
|
|t:|1781044189
|move|p1a: Greninja|Water Shuriken|p2a: Kingambit
|-damage|p2a: Kingambit|16/100
|-damage|p2a: Kingambit|3/100
|-damage|p2a: Kingambit|0 fnt
|faint|p2a: Kingambit
|-end|p2a: Kingambit|fallen2|[silent]
|-hitcount|p2: Kingambit|3
|-damage|p1a: Greninja|22/100|[from] item: Life Orb
|
|upkeep
|
|t:|1781044193
|switch|p2a: Gholdengo|Gholdengo|100/100
|-damage|p2a: Gholdengo|94/100|[from] Stealth Rock
|turn|8
|
|t:|1781044198
|-terastallize|p1a: Greninja|Water
|-terastallize|p2a: Gholdengo|Fighting
|move|p1a: Greninja|Surf|p2a: Gholdengo
|-damage|p2a: Gholdengo|0 fnt
|faint|p2a: Gholdengo
|-damage|p1a: Greninja|12/100|[from] item: Life Orb
|
|upkeep
|inactive|losts0ulsmc has 30 seconds left.
|inactive|losts0ulsmc has 20 seconds left.
|-message|losts0ulsmc forfeited.
|
|win|PepeNike
|raw|PepeNike's rating: 1581 &rarr; <strong>1612</strong><br />(+31 for winning)
|raw|losts0ulsmc's rating: 1791 &rarr; <strong>1760</strong><br />(-31 for losing)
|l|‽losts0ulsmc
|player|p2|
|l|☆PepeNike
|player|p1|
|l| SilverDE
