|j|☆team10thPlanett
|j|☆juicepar
|t:|1781579297
|gametype|singles
|player|p1|team10thPlanett|veteran|1569
|player|p2|juicepar|lucian|1550
|gen|9
|tier|[Gen 9] OU
|rated|
|rule|HP Percentage Mod: HP is shown in percentages
|rule|Endless Battle Clause: Forcing endless battles is banned
|rule|Species Clause: Limit one of each Pokémon
|rule|OHKO Clause: OHKO moves are banned
|rule|Evasion Items Clause: Evasion items are banned
|rule|Evasion Moves Clause: Evasion moves are banned
|rule|Evasion Abilities Clause: Evasion abilities are banned
|rule|Sleep Moves Clause: Sleep-inducing moves are banned
|clearpoke
|poke|p1|Zamazenta-*|
|poke|p1|Dragonite, M|
|poke|p1|Araquanid, M|
|poke|p1|Iron Treads|
|poke|p1|Hoopa-Unbound|
|poke|p1|Raikou|
|poke|p2|Zamazenta-*|
|poke|p2|Gliscor, M|
|poke|p2|Raging Bolt|
|poke|p2|Ogerpon-Wellspring, F|
|poke|p2|Iron Moth|
|poke|p2|Hatterene, F|
|teampreview
|
|t:|1781579319
|teamsize|p1|6
|teamsize|p2|6
|start
|switch|p1a: Zamazenta|Zamazenta|100/100
|switch|p2a: Ogerpon|Ogerpon-Wellspring, F|100/100
|-ability|p1a: Zamazenta|Dauntless Shield|boost
|-boost|p1a: Zamazenta|def|1
|turn|1
|
|t:|1781579331
|switch|p2a: Gliscor|Gliscor, M|100/100
|move|p1a: Zamazenta|Close Combat|p2a: Gliscor
|-resisted|p2a: Gliscor
|-crit|p2a: Gliscor
|-damage|p2a: Gliscor|50/100
|-unboost|p1a: Zamazenta|def|1
|-unboost|p1a: Zamazenta|spd|1
|-damage|p1a: Zamazenta|91/100|[from] item: Life Orb
|
|-status|p2a: Gliscor|tox|[from] item: Toxic Orb
|upkeep
|turn|2
|j| nivalys99
|
|t:|1781579350
|switch|p2a: Zamazenta|Zamazenta|100/100
|-ability|p2a: Zamazenta|Dauntless Shield|boost
|-boost|p2a: Zamazenta|def|1
|move|p1a: Zamazenta|Ice Fang|p2a: Zamazenta
|-damage|p2a: Zamazenta|84/100
|-damage|p1a: Zamazenta|81/100|[from] item: Life Orb
|
|upkeep
|turn|3
|
|t:|1781579360
|switch|p1a: Johnny Tsunami 🌊|Araquanid, M|100/100
|move|p2a: Zamazenta|Reflect|p2a: Zamazenta
|-sidestart|p2: juicepar|Reflect
|
|upkeep
|turn|4
|
|t:|1781579366
|switch|p2a: Hatterene|Hatterene, F|100/100
|move|p1a: Johnny Tsunami 🌊|Surf|p2a: Hatterene
|-damage|p2a: Hatterene|44/100
|
|-heal|p2a: Hatterene|50/100|[from] item: Leftovers
|upkeep
|turn|5
|
|t:|1781579398
|-terastallize|p2a: Hatterene|Water
|move|p1a: Johnny Tsunami 🌊|Surf|p2a: Hatterene
|-resisted|p2a: Hatterene
|-damage|p2a: Hatterene|21/100
|move|p2a: Hatterene|Calm Mind|p2a: Hatterene
|-boost|p2a: Hatterene|spa|1
|-boost|p2a: Hatterene|spd|1
|
|-heal|p2a: Hatterene|27/100|[from] item: Leftovers
|upkeep
|turn|6
|
|t:|1781579419
|move|p1a: Johnny Tsunami 🌊|Surf|p2a: Hatterene
|-resisted|p2a: Hatterene
|-damage|p2a: Hatterene|8/100
|move|p2a: Hatterene|Draining Kiss|p1a: Johnny Tsunami 🌊
|-damage|p1a: Johnny Tsunami 🌊|76/100
|-heal|p2a: Hatterene|28/100|[from] drain|[of] p1a: Johnny Tsunami 🌊
|
|-heal|p2a: Hatterene|34/100|[from] item: Leftovers
|upkeep
|turn|7
|inactive|Battle timer is ON: inactive players will automatically lose when time's up. (requested by juicepar)
|
|t:|1781579429
|move|p1a: Johnny Tsunami 🌊|Surf|p2a: Hatterene
|-resisted|p2a: Hatterene
|-damage|p2a: Hatterene|17/100
|move|p2a: Hatterene|Draining Kiss|p1a: Johnny Tsunami 🌊
|-damage|p1a: Johnny Tsunami 🌊|47/100
|-heal|p2a: Hatterene|41/100|[from] drain|[of] p1a: Johnny Tsunami 🌊
|
|-heal|p2a: Hatterene|47/100|[from] item: Leftovers
|upkeep
|turn|8
|
|t:|1781579440
|move|p1a: Johnny Tsunami 🌊|Surf|p2a: Hatterene
|-resisted|p2a: Hatterene
|-damage|p2a: Hatterene|28/100
|move|p2a: Hatterene|Draining Kiss|p1a: Johnny Tsunami 🌊
|-damage|p1a: Johnny Tsunami 🌊|20/100
|-heal|p2a: Hatterene|50/100|[from] drain|[of] p1a: Johnny Tsunami 🌊
|
|-heal|p2a: Hatterene|56/100|[from] item: Leftovers
|upkeep
|turn|9
|
|t:|1781579451
|switch|p1a: Raikou|Raikou|100/100
|move|p2a: Hatterene|Draining Kiss|p1a: Raikou
|-damage|p1a: Raikou|64/100
|-heal|p2a: Hatterene|84/100|[from] drain|[of] p1a: Raikou
|
|-heal|p2a: Hatterene|90/100|[from] item: Leftovers
|upkeep
|turn|10
|
|t:|1781579464
|switch|p2a: Gliscor|Gliscor, M|50/100 tox
|move|p1a: Raikou|Thunderbolt|p2a: Gliscor
|-immune|p2a: Gliscor
|
|-heal|p2a: Gliscor|62/100 tox|[from] ability: Poison Heal
|-sideend|p2: juicepar|Reflect
|upkeep
|turn|11
|
|t:|1781579478
|switch|p1a: Zamazenta|Zamazenta|81/100
|switch|p2a: Ogerpon|Ogerpon-Wellspring, F|100/100
|
|upkeep
|turn|12
|
|t:|1781579485
|switch|p2a: Gliscor|Gliscor, M|62/100 tox
|move|p1a: Zamazenta|Close Combat|p2a: Gliscor
|-resisted|p2a: Gliscor
|-damage|p2a: Gliscor|30/100 tox
|-unboost|p1a: Zamazenta|def|1
|-unboost|p1a: Zamazenta|spd|1
|-damage|p1a: Zamazenta|71/100|[from] item: Life Orb
|
|-heal|p2a: Gliscor|42/100 tox|[from] ability: Poison Heal
|upkeep
|turn|13
|
|t:|1781579501
|switch|p2a: Zamazenta|Zamazenta|84/100
|move|p1a: Zamazenta|Close Combat|p2a: Zamazenta
|-damage|p2a: Zamazenta|26/100
|-unboost|p1a: Zamazenta|def|1
|-unboost|p1a: Zamazenta|spd|1
|-damage|p1a: Zamazenta|61/100|[from] item: Life Orb
|
|upkeep
|turn|14
|
|t:|1781579510
|move|p1a: Zamazenta|Close Combat|p2a: Zamazenta
|-damage|p2a: Zamazenta|0 fnt
|-unboost|p1a: Zamazenta|def|1
|-unboost|p1a: Zamazenta|spd|1
|faint|p2a: Zamazenta
|-damage|p1a: Zamazenta|51/100|[from] item: Life Orb
|
|upkeep
|
|t:|1781579532
|switch|p2a: Hatterene|Hatterene, F, tera:Water|90/100
|turn|15
|
|t:|1781579545
|move|p1a: Zamazenta|Close Combat|p2a: Hatterene
|-damage|p2a: Hatterene|30/100
|-unboost|p1a: Zamazenta|def|1
|-unboost|p1a: Zamazenta|spd|1
|-damage|p1a: Zamazenta|42/100|[from] item: Life Orb
|move|p2a: Hatterene|Draining Kiss|p1a: Zamazenta
|-supereffective|p1a: Zamazenta
|-damage|p1a: Zamazenta|0 fnt
|-heal|p2a: Hatterene|61/100|[from] drain|[of] p1a: Zamazenta
|faint|p1a: Zamazenta
|
|-heal|p2a: Hatterene|67/100|[from] item: Leftovers
|upkeep
|
|t:|1781579570
|switch|p1a: Fat Boy|Dragonite, M, shiny|100/100
|turn|16
|
|t:|1781579577
|-terastallize|p1a: Fat Boy|Normal
|move|p1a: Fat Boy|Extreme Speed|p2a: Hatterene
|-crit|p2a: Hatterene
|-damage|p2a: Hatterene|0 fnt
|faint|p2a: Hatterene
|
|upkeep
|
|t:|1781579587
|switch|p2a: Ogerpon|Ogerpon-Wellspring, F|100/100
|turn|17
|
|t:|1781579591
|move|p1a: Fat Boy|Extreme Speed|p2a: Ogerpon
|-damage|p2a: Ogerpon|5/100
|move|p2a: Ogerpon|Trailblaze|p1a: Fat Boy
|-damage|p1a: Fat Boy|85/100
|-boost|p2a: Ogerpon|spe|1
|
|upkeep
|turn|18
|
|t:|1781579620
|move|p1a: Fat Boy|Extreme Speed|p2a: Ogerpon
|-damage|p2a: Ogerpon|0 fnt
|faint|p2a: Ogerpon
|
|upkeep
|inactive|juicepar has 120 seconds left.
|
|t:|1781579637
|switch|p2a: Iron Moth|Iron Moth|100/100
|-enditem|p2a: Iron Moth|Booster Energy
|-activate|p2a: Iron Moth|ability: Quark Drive|[fromitem]
|-start|p2a: Iron Moth|quarkdrivespe
|turn|19
|inactive|juicepar has 120 seconds left.
|j| electronno
|
|t:|1781579647
|move|p1a: Fat Boy|Extreme Speed|p2a: Iron Moth
|-damage|p2a: Iron Moth|0 fnt
|faint|p2a: Iron Moth
|-end|p2a: Iron Moth|Quark Drive|[silent]
|
|upkeep
|
|t:|1781579649
|switch|p2a: Raging Bolt|Raging Bolt|100/100
|-enditem|p2a: Raging Bolt|Booster Energy
|-activate|p2a: Raging Bolt|ability: Protosynthesis|[fromitem]
|-start|p2a: Raging Bolt|protosynthesisspa
|turn|20
|
|t:|1781579657
|move|p1a: Fat Boy|Extreme Speed|p2a: Raging Bolt
|-damage|p2a: Raging Bolt|38/100
|move|p2a: Raging Bolt|Thunderclap||[still]
|-fail|p2a: Raging Bolt
|
|upkeep
|turn|21
|-message|juicepar forfeited.
|
|win|team10thPlanett
|raw|team10thPlanett's rating: 1569 &rarr; <strong>1588</strong><br />(+19 for winning)
|raw|juicepar's rating: 1550 &rarr; <strong>1531</strong><br />(-19 for losing)
|l|☆juicepar
|player|p2|
|l|☆team10thPlanett
|player|p1|
|l| nivalys99
|l| electronno
