|badge|p2|bronze|gen9ou|100-9
|uhtml|medal-msg|<div class="broadcast-blue">Curious what those medals under the avatar are? PS now has Ladder Seasons! For more information, check out the <a href="https://www.smogon.com/forums/threads/3740067/">thread on Smogon.</a></div>
|j|☆Floundso
|j|☆a jellyfish
|t:|1781014142
|gametype|singles
|player|p1|Floundso|giovanni|1751
|player|p2|a jellyfish|bianca|1818
|gen|9
|tier|[Gen 9] OU
|rated|
|rule|HP Percentage Mod: HP is shown in percentages
|rule|Endless Battle Clause: Forcing endless battles is banned
|rule|Species Clause: Limit one of each Pokémon
|rule|OHKO Clause: OHKO moves are banned
|rule|Evasion Items Clause: Evasion items are banned
|rule|Evasion Moves Clause: Evasion moves are banned
|rule|Evasion Abilities Clause: Evasion abilities are banned
|rule|Sleep Moves Clause: Sleep-inducing moves are banned
|clearpoke
|poke|p1|Ogerpon-Wellspring, F|
|poke|p1|Glimmora, M|
|poke|p1|Cresselia, F|
|poke|p1|Gholdengo|
|poke|p1|Gliscor, M|
|poke|p1|Raging Bolt|
|poke|p2|Great Tusk|
|poke|p2|Darkrai|
|poke|p2|Iron Moth|
|poke|p2|Ogerpon-Wellspring, F|
|poke|p2|Hatterene, F|
|poke|p2|Dragapult, M|
|teampreview
|j| liechiteladihul
|
|t:|1781014156
|teamsize|p1|6
|teamsize|p2|6
|start
|switch|p1a: Ogerpon|Ogerpon-Wellspring, F|100/100
|switch|p2a: Ogerpon|Ogerpon-Wellspring, F|100/100
|turn|1
|
|t:|1781014159
|move|p2a: Ogerpon|U-turn|p1a: Ogerpon
|-supereffective|p1a: Ogerpon
|-damage|p1a: Ogerpon|26/100
|
|t:|1781014162
|switch|p2a: Great Tusk|Great Tusk|100/100|[from] U-turn
|move|p1a: Ogerpon|Spikes|p2a: Great Tusk
|-sidestart|p2: a jellyfish|Spikes
|
|upkeep
|turn|2
|
|t:|1781014171
|move|p1a: Ogerpon|Ivy Cudgel|p2a: Great Tusk|[anim] Ivy Cudgel Water
|-supereffective|p2a: Great Tusk
|-damage|p2a: Great Tusk|24/100
|move|p2a: Great Tusk|Rapid Spin|p1a: Ogerpon
|-damage|p1a: Ogerpon|5/100
|-boost|p2a: Great Tusk|spe|1
|-sideend|p2: a jellyfish|Spikes|[from] move: Rapid Spin|[of] p2a: Great Tusk
|
|upkeep
|turn|3
|
|t:|1781014179
|switch|p1a: Cresselia|Cresselia, F|100/100
|move|p2a: Great Tusk|Rapid Spin|p1a: Cresselia
|-damage|p1a: Cresselia|93/100
|-boost|p2a: Great Tusk|spe|1
|
|-heal|p1a: Cresselia|99/100|[from] item: Leftovers
|upkeep
|turn|4
|
|t:|1781014187
|switch|p1a: Glimmora|Glimmora, M|100/100
|move|p2a: Great Tusk|Stealth Rock|p1a: Glimmora
|-sidestart|p1: Floundso|move: Stealth Rock
|
|upkeep
|turn|5
|
|t:|1781014195
|switch|p1a: Gliscor|Gliscor, M|100/100
|-damage|p1a: Gliscor|88/100|[from] Stealth Rock
|move|p2a: Great Tusk|Headlong Rush|p1a: Gliscor
|-immune|p1a: Gliscor
|
|-status|p1a: Gliscor|tox|[from] item: Toxic Orb
|upkeep
|turn|6
|
|t:|1781014199
|move|p1a: Gliscor|Protect|p1a: Gliscor
|-singleturn|p1a: Gliscor|Protect
|move|p2a: Great Tusk|Ice Spinner|p1a: Gliscor
|-activate|p1a: Gliscor|move: Protect
|
|-heal|p1a: Gliscor|100/100 tox|[from] ability: Poison Heal
|upkeep
|turn|7
|
|t:|1781014205
|-end|p2a: Great Tusk|Protosynthesis|[silent]
|switch|p2a: Darkrai|Darkrai|100/100
|move|p1a: Gliscor|Facade|p2a: Darkrai
|-damage|p2a: Darkrai|61/100
|
|upkeep
|turn|8
|l| liechiteladihul
|
|t:|1781014217
|move|p1a: Gliscor|Protect|p1a: Gliscor
|-singleturn|p1a: Gliscor|Protect
|move|p2a: Darkrai|Dark Pulse|p1a: Gliscor
|-activate|p1a: Gliscor|move: Protect
|
|upkeep
|turn|9
|
|t:|1781014219
|move|p2a: Darkrai|Ice Beam|p1a: Gliscor
|-supereffective|p1a: Gliscor
|-damage|p1a: Gliscor|0 fnt
|faint|p1a: Gliscor
|-damage|p2a: Darkrai|51/100|[from] item: Life Orb
|
|upkeep
|
|t:|1781014227
|switch|p1a: Glimmora|Glimmora, M|100/100
|-damage|p1a: Glimmora|88/100|[from] Stealth Rock
|turn|10
|
|t:|1781014231
|move|p2a: Darkrai|Dark Pulse|p1a: Glimmora
|-damage|p1a: Glimmora|9/100
|-enditem|p1a: Glimmora|Red Card|[of] p2a: Darkrai
|drag|p2a: Dragapult|Dragapult, M|100/100
|move|p1a: Glimmora|Mortal Spin|p2a: Dragapult
|-resisted|p2a: Dragapult
|-crit|p2a: Dragapult
|-damage|p2a: Dragapult|95/100
|-status|p2a: Dragapult|psn
|-sideend|p1: Floundso|Stealth Rock|[from] move: Mortal Spin|[of] p1a: Glimmora
|
|-damage|p2a: Dragapult|82/100 psn|[from] psn
|upkeep
|turn|11
|
|t:|1781014241
|move|p2a: Dragapult|Hex|p1a: Glimmora
|-damage|p1a: Glimmora|0 fnt
|faint|p1a: Glimmora
|
|-damage|p2a: Dragapult|70/100 psn|[from] psn
|upkeep
|
|t:|1781014244
|switch|p1a: Gholdengo|Gholdengo|100/100
|turn|12
|
|t:|1781014249
|switch|p2a: Iron Moth|Iron Moth|100/100
|-enditem|p2a: Iron Moth|Booster Energy
|-activate|p2a: Iron Moth|ability: Quark Drive|[fromitem]
|-start|p2a: Iron Moth|quarkdrivespe
|move|p1a: Gholdengo|Shadow Ball|p2a: Iron Moth
|-damage|p2a: Iron Moth|60/100
|
|upkeep
|turn|13
|
|t:|1781014253
|switch|p1a: Raging Bolt|Raging Bolt|100/100
|-enditem|p1a: Raging Bolt|Booster Energy
|-activate|p1a: Raging Bolt|ability: Protosynthesis|[fromitem]
|-start|p1a: Raging Bolt|protosynthesisspa
|move|p2a: Iron Moth|Fiery Dance|p1a: Raging Bolt
|-resisted|p1a: Raging Bolt
|-damage|p1a: Raging Bolt|82/100
|-boost|p2a: Iron Moth|spa|1
|
|upkeep
|turn|14
|
|t:|1781014256
|move|p2a: Iron Moth|Sludge Wave|p1a: Raging Bolt
|-damage|p1a: Raging Bolt|8/100
|move|p1a: Raging Bolt|Dragon Pulse|p2a: Iron Moth
|-damage|p2a: Iron Moth|0 fnt
|faint|p2a: Iron Moth
|-end|p2a: Iron Moth|Quark Drive|[silent]
|
|upkeep
|
|t:|1781014261
|switch|p2a: Great Tusk|Great Tusk|24/100
|turn|15
|
|t:|1781014280
|move|p2a: Great Tusk|Ice Spinner|p1a: Raging Bolt
|-supereffective|p1a: Raging Bolt
|-damage|p1a: Raging Bolt|0 fnt
|faint|p1a: Raging Bolt
|-end|p1a: Raging Bolt|Protosynthesis|[silent]
|
|upkeep
|j| BiscoitoXDBr
|
|t:|1781014284
|switch|p1a: Ogerpon|Ogerpon-Wellspring, F|5/100
|turn|16
|
|t:|1781014288
|move|p1a: Ogerpon|Ivy Cudgel|p2a: Great Tusk|[anim] Ivy Cudgel Water
|-supereffective|p2a: Great Tusk
|-damage|p2a: Great Tusk|0 fnt
|faint|p2a: Great Tusk
|-end|p2a: Great Tusk|Protosynthesis|[silent]
|
|upkeep
|
|t:|1781014290
|switch|p2a: Dragapult|Dragapult, M|70/100 psn
|turn|17
|
|t:|1781014297
|switch|p1a: Gholdengo|Gholdengo|100/100
|move|p2a: Dragapult|U-turn|p1a: Gholdengo
|-resisted|p1a: Gholdengo
|-damage|p1a: Gholdengo|94/100
|
|t:|1781014299
|switch|p2a: Ogerpon|Ogerpon-Wellspring, F|100/100|[from] U-turn
|
|upkeep
|turn|18
|
|t:|1781014306
|move|p1a: Gholdengo|Shadow Ball|p2a: Ogerpon
|-damage|p2a: Ogerpon|52/100
|move|p2a: Ogerpon|Knock Off|p1a: Gholdengo
|-supereffective|p1a: Gholdengo
|-damage|p1a: Gholdengo|13/100
|-enditem|p1a: Gholdengo|Choice Scarf|[from] move: Knock Off|[of] p2a: Ogerpon
|
|upkeep
|turn|19
|
|t:|1781014311
|move|p2a: Ogerpon|Knock Off|p1a: Gholdengo
|-supereffective|p1a: Gholdengo
|-damage|p1a: Gholdengo|0 fnt
|faint|p1a: Gholdengo
|
|upkeep
|
|t:|1781014321
|switch|p1a: Cresselia|Cresselia, F|99/100
|turn|20
|
|t:|1781014331
|-terastallize|p1a: Cresselia|Fairy
|move|p2a: Ogerpon|Knock Off|p1a: Cresselia
|-resisted|p1a: Cresselia
|-damage|p1a: Cresselia|88/100
|-enditem|p1a: Cresselia|Leftovers|[from] move: Knock Off|[of] p2a: Ogerpon
|move|p1a: Cresselia|Calm Mind|p1a: Cresselia
|-boost|p1a: Cresselia|spa|1
|-boost|p1a: Cresselia|spd|1
|
|upkeep
|turn|21
|inactive|Battle timer is ON: inactive players will automatically lose when time's up. (requested by a jellyfish)
|
|t:|1781014340
|-terastallize|p2a: Ogerpon|Water
|detailschange|p2a: Ogerpon|Ogerpon-Wellspring-Tera, F, tera:Water
|-ability|p2a: Ogerpon|Embody Aspect (Wellspring)|boost
|-boost|p2a: Ogerpon|spd|1
|move|p2a: Ogerpon|Ivy Cudgel|p1a: Cresselia|[anim] Ivy Cudgel Water
|-damage|p1a: Cresselia|48/100
|move|p1a: Cresselia|Calm Mind|p1a: Cresselia
|-boost|p1a: Cresselia|spa|1
|-boost|p1a: Cresselia|spd|1
|
|upkeep
|turn|22
|-message|Floundso forfeited.
|
|win|a jellyfish
|raw|Floundso's rating: 1751 &rarr; <strong>1735</strong><br />(-16 for losing)
|raw|a jellyfish's rating: 1818 &rarr; <strong>1834</strong><br />(+16 for winning)
|l|☆Floundso
|player|p1|
|l| BiscoitoXDBr
|l|☆a jellyfish
|player|p2|
