|j|☆KurisuChestnutOU
|j|☆KnightKnaveSpy
|t:|1781167324
|gametype|singles
|player|p1|KurisuChestnutOU|may-contest|1615
|player|p2|KnightKnaveSpy|102|1625
|gen|9
|tier|[Gen 9] OU
|rated|
|rule|HP Percentage Mod: HP is shown in percentages
|rule|Endless Battle Clause: Forcing endless battles is banned
|rule|Species Clause: Limit one of each Pokémon
|rule|OHKO Clause: OHKO moves are banned
|rule|Evasion Items Clause: Evasion items are banned
|rule|Evasion Moves Clause: Evasion moves are banned
|rule|Evasion Abilities Clause: Evasion abilities are banned
|rule|Sleep Moves Clause: Sleep-inducing moves are banned
|clearpoke
|poke|p1|Zamazenta-*|
|poke|p1|Zapdos|
|poke|p1|Garganacl, F|
|poke|p1|Clefable, M|
|poke|p1|Samurott-Hisui, F|
|poke|p1|Gholdengo|
|poke|p2|Samurott-Hisui, F|
|poke|p2|Blaziken, M|
|poke|p2|Kingambit, M|
|poke|p2|Raging Bolt|
|poke|p2|Ogerpon-Wellspring, F|
|poke|p2|Greninja-*, F|
|teampreview
|inactive|Battle timer is ON: inactive players will automatically lose when time's up. (requested by KurisuChestnutOU)
|
|t:|1781167332
|teamsize|p1|6
|teamsize|p2|6
|start
|switch|p1a: Garganacl|Garganacl, F|100/100
|switch|p2a: Samurott|Samurott-Hisui, F|100/100
|turn|1
|
|t:|1781167339
|move|p2a: Samurott|Ceaseless Edge|p1a: Garganacl
|-damage|p1a: Garganacl|72/100
|-sidestart|p1: KurisuChestnutOU|Spikes
|move|p1a: Garganacl|Stealth Rock|p2a: Samurott
|-sidestart|p2: KnightKnaveSpy|move: Stealth Rock
|
|-heal|p1a: Garganacl|78/100|[from] item: Leftovers
|upkeep
|turn|2
|
|t:|1781167344
|switch|p1a: Zamazenta|Zamazenta|100/100
|-damage|p1a: Zamazenta|88/100|[from] Spikes
|-ability|p1a: Zamazenta|Dauntless Shield|boost
|-boost|p1a: Zamazenta|def|1
|move|p2a: Samurott|Ceaseless Edge|p1a: Zamazenta
|-resisted|p1a: Zamazenta
|-crit|p1a: Zamazenta
|-damage|p1a: Zamazenta|63/100
|-sidestart|p1: KurisuChestnutOU|Spikes
|
|-heal|p1a: Zamazenta|69/100|[from] item: Leftovers
|upkeep
|turn|3
|
|t:|1781167351
|move|p1a: Zamazenta|Body Press|p2a: Samurott
|-supereffective|p2a: Samurott
|-enditem|p2a: Samurott|Focus Sash
|-damage|p2a: Samurott|1/100
|move|p2a: Samurott|Aqua Cutter|p1a: Zamazenta
|-damage|p1a: Zamazenta|45/100
|
|-heal|p1a: Zamazenta|51/100|[from] item: Leftovers
|upkeep
|turn|4
|
|t:|1781167354
|move|p2a: Samurott|Aqua Jet|p1a: Zamazenta
|-damage|p1a: Zamazenta|40/100
|move|p1a: Zamazenta|Iron Defense|p1a: Zamazenta
|-boost|p1a: Zamazenta|def|2
|
|-heal|p1a: Zamazenta|46/100|[from] item: Leftovers
|upkeep
|turn|5
|
|t:|1781167359
|move|p1a: Zamazenta|Iron Defense|p1a: Zamazenta
|-boost|p1a: Zamazenta|def|2
|move|p2a: Samurott|Ceaseless Edge|p1a: Zamazenta
|-resisted|p1a: Zamazenta
|-damage|p1a: Zamazenta|41/100
|-sidestart|p1: KurisuChestnutOU|Spikes
|
|-heal|p1a: Zamazenta|48/100|[from] item: Leftovers
|upkeep
|turn|6
|
|t:|1781167366
|move|p1a: Zamazenta|Crunch|p2a: Samurott
|-resisted|p2a: Samurott
|-crit|p2a: Samurott
|-damage|p2a: Samurott|0 fnt
|faint|p2a: Samurott
|
|-heal|p1a: Zamazenta|54/100|[from] item: Leftovers
|upkeep
|
|t:|1781167368
|switch|p2a: Raging Bolt|Raging Bolt|100/100
|-damage|p2a: Raging Bolt|88/100|[from] Stealth Rock
|-item|p2a: Raging Bolt|Air Balloon
|turn|7
|
|t:|1781167373
|-terastallize|p2a: Raging Bolt|Fairy
|move|p1a: Zamazenta|Body Press|p2a: Raging Bolt
|-resisted|p2a: Raging Bolt
|-damage|p2a: Raging Bolt|43/100
|-enditem|p2a: Raging Bolt|Air Balloon
|move|p2a: Raging Bolt|Thunderbolt|p1a: Zamazenta
|-damage|p1a: Zamazenta|14/100
|
|-heal|p1a: Zamazenta|20/100|[from] item: Leftovers
|upkeep
|turn|8
|
|t:|1781167379
|move|p1a: Zamazenta|Body Press|p2a: Raging Bolt
|-resisted|p2a: Raging Bolt
|-damage|p2a: Raging Bolt|0 fnt
|faint|p2a: Raging Bolt
|-end|p2a: Raging Bolt|Protosynthesis|[silent]
|
|-heal|p1a: Zamazenta|27/100|[from] item: Leftovers
|upkeep
|
|t:|1781167382
|switch|p2a: Greninja|Greninja, F|100/100
|turn|9
|
|t:|1781167385
|move|p2a: Greninja|Water Shuriken|p1a: Zamazenta
|-start|p2a: Greninja|typechange|Water|[from] ability: Protean
|-damage|p1a: Zamazenta|21/100
|-damage|p1a: Zamazenta|15/100
|-damage|p1a: Zamazenta|10/100
|-damage|p1a: Zamazenta|5/100
|-hitcount|p1a: Zamazenta|4
|move|p1a: Zamazenta|Body Press|p2a: Greninja
|-damage|p2a: Greninja|0 fnt
|faint|p2a: Greninja
|
|-heal|p1a: Zamazenta|11/100|[from] item: Leftovers
|upkeep
|
|t:|1781167395
|switch|p2a: Kingambit|Kingambit, M|100/100
|-damage|p2a: Kingambit|94/100|[from] Stealth Rock
|-activate|p2a: Kingambit|ability: Supreme Overlord
|-start|p2a: Kingambit|fallen3|[silent]
|turn|10
|
|t:|1781167399
|move|p2a: Kingambit|Sucker Punch|p1a: Zamazenta
|-resisted|p1a: Zamazenta
|-damage|p1a: Zamazenta|3/100
|move|p1a: Zamazenta|Body Press|p2a: Kingambit
|-supereffective|p2a: Kingambit
|-damage|p2a: Kingambit|0 fnt
|faint|p2a: Kingambit
|-end|p2a: Kingambit|fallen3|[silent]
|
|-heal|p1a: Zamazenta|10/100|[from] item: Leftovers
|upkeep
|-message|KnightKnaveSpy forfeited.
|
|win|KurisuChestnutOU
|raw|KurisuChestnutOU's rating: 1615 &rarr; <strong>1636</strong><br />(+21 for winning)
|raw|KnightKnaveSpy's rating: 1625 &rarr; <strong>1604</strong><br />(-21 for losing)
|l|☆KnightKnaveSpy
|player|p2|
|l|☆KurisuChestnutOU
|player|p1|
