|j|☆kennojex
|j|☆KurisuChestnutLab
|t:|1781136812
|gametype|singles
|player|p1|kennojex|lucas|1607
|player|p2|KurisuChestnutLab|may-contest|1659
|gen|9
|tier|[Gen 9] OU
|rated|
|rule|HP Percentage Mod: HP is shown in percentages
|rule|Endless Battle Clause: Forcing endless battles is banned
|rule|Species Clause: Limit one of each Pokémon
|rule|OHKO Clause: OHKO moves are banned
|rule|Evasion Items Clause: Evasion items are banned
|rule|Evasion Moves Clause: Evasion moves are banned
|rule|Evasion Abilities Clause: Evasion abilities are banned
|rule|Sleep Moves Clause: Sleep-inducing moves are banned
|clearpoke
|poke|p1|Grimmsnarl, M|
|poke|p1|Garganacl, F|
|poke|p1|Manaphy|
|poke|p1|Latias, F|
|poke|p1|Incineroar, F|
|poke|p1|Gliscor, M|
|poke|p2|Zamazenta-*|
|poke|p2|Zapdos|
|poke|p2|Garganacl, M|
|poke|p2|Clefable, F|
|poke|p2|Samurott-Hisui, M|
|poke|p2|Gholdengo|
|teampreview
|inactive|Battle timer is ON: inactive players will automatically lose when time's up. (requested by KurisuChestnutLab)
|
|t:|1781136830
|teamsize|p1|6
|teamsize|p2|6
|start
|switch|p1a: Grimmsnarl|Grimmsnarl, M|100/100
|switch|p2a: Zamazenta|Zamazenta|100/100
|-ability|p2a: Zamazenta|Dauntless Shield|boost
|-boost|p2a: Zamazenta|def|1
|turn|1
|
|t:|1781136834
|switch|p2a: Samurott|Samurott-Hisui, M|100/100
|move|p1a: Grimmsnarl|Reflect|p1a: Grimmsnarl
|-sidestart|p1: kennojex|Reflect
|
|upkeep
|turn|2
|
|t:|1781136845
|switch|p2a: Garganacl|Garganacl, M|100/100
|move|p1a: Grimmsnarl|Light Screen|p1a: Grimmsnarl
|-sidestart|p1: kennojex|move: Light Screen
|
|upkeep
|turn|3
|j| Yiiiii
|
|t:|1781136849
|move|p1a: Grimmsnarl|Parting Shot|p2a: Garganacl
|-unboost|p2a: Garganacl|atk|1
|-unboost|p2a: Garganacl|spa|1
|
|t:|1781136853
|switch|p1a: Gliscor|Gliscor, M|100/100|[from] Parting Shot
|move|p2a: Garganacl|Stealth Rock|p1a: Gliscor
|-sidestart|p1: kennojex|move: Stealth Rock
|
|-status|p1a: Gliscor|tox|[from] item: Toxic Orb
|upkeep
|turn|4
|
|t:|1781136860
|switch|p2a: Zamazenta|Zamazenta|100/100
|move|p1a: Gliscor|Agility|p1a: Gliscor
|-boost|p1a: Gliscor|spe|2
|
|upkeep
|turn|5
|
|t:|1781136864
|move|p1a: Gliscor|Swords Dance|p1a: Gliscor
|-boost|p1a: Gliscor|atk|2
|move|p2a: Zamazenta|Iron Defense|p2a: Zamazenta
|-boost|p2a: Zamazenta|def|2
|
|upkeep
|turn|6
|
|t:|1781136868
|move|p1a: Gliscor|Swords Dance|p1a: Gliscor
|-boost|p1a: Gliscor|atk|2
|move|p2a: Zamazenta|Roar|p1a: Gliscor
|drag|p1a: Garganacl|Garganacl, F|100/100
|-damage|p1a: Garganacl|88/100|[from] Stealth Rock
|
|-heal|p1a: Garganacl|94/100|[from] item: Leftovers
|upkeep
|turn|7
|
|t:|1781136877
|switch|p1a: Latias|Latias, F|100/100
|-damage|p1a: Latias|88/100|[from] Stealth Rock
|move|p2a: Zamazenta|Body Press|p1a: Latias
|-resisted|p1a: Latias
|-damage|p1a: Latias|75/100
|
|upkeep
|turn|8
|
|t:|1781136881
|move|p2a: Zamazenta|Iron Defense|p2a: Zamazenta
|-boost|p2a: Zamazenta|def|2
|move|p1a: Latias|Draining Kiss|p2a: Zamazenta
|-supereffective|p2a: Zamazenta
|-damage|p2a: Zamazenta|81/100
|-heal|p1a: Latias|90/100|[from] drain|[of] p2a: Zamazenta
|
|-heal|p2a: Zamazenta|88/100|[from] item: Leftovers
|-sideend|p1: kennojex|Reflect
|upkeep
|turn|9
|
|t:|1781136886
|move|p2a: Zamazenta|Body Press|p1a: Latias
|-resisted|p1a: Latias
|-damage|p1a: Latias|49/100
|move|p1a: Latias|Agility|p1a: Latias
|-boost|p1a: Latias|spe|2
|
|-heal|p2a: Zamazenta|94/100|[from] item: Leftovers
|-sideend|p1: kennojex|move: Light Screen
|upkeep
|turn|10
|
|t:|1781136893
|move|p1a: Latias|Draining Kiss|p2a: Zamazenta
|-supereffective|p2a: Zamazenta
|-damage|p2a: Zamazenta|74/100
|-heal|p1a: Latias|66/100|[from] drain|[of] p2a: Zamazenta
|move|p2a: Zamazenta|Body Press|p1a: Latias
|-resisted|p1a: Latias
|-damage|p1a: Latias|29/100
|
|-heal|p2a: Zamazenta|80/100|[from] item: Leftovers
|upkeep
|turn|11
|
|t:|1781136898
|move|p1a: Latias|Stored Power|p2a: Zamazenta
|-supereffective|p2a: Zamazenta
|-damage|p2a: Zamazenta|43/100
|move|p2a: Zamazenta|Body Press|p1a: Latias
|-resisted|p1a: Latias
|-damage|p1a: Latias|0 fnt
|faint|p1a: Latias
|
|-heal|p2a: Zamazenta|49/100|[from] item: Leftovers
|upkeep
|
|t:|1781136910
|switch|p1a: Grimmsnarl|Grimmsnarl, M|100/100
|-damage|p1a: Grimmsnarl|88/100|[from] Stealth Rock
|turn|12
|
|t:|1781136912
|move|p1a: Grimmsnarl|Reflect|p1a: Grimmsnarl
|-sidestart|p1: kennojex|Reflect
|move|p2a: Zamazenta|Body Press|p1a: Grimmsnarl
|-damage|p1a: Grimmsnarl|28/100
|
|-heal|p2a: Zamazenta|55/100|[from] item: Leftovers
|upkeep
|turn|13
|
|t:|1781136916
|move|p1a: Grimmsnarl|Parting Shot|p2a: Zamazenta
|-unboost|p2a: Zamazenta|atk|1
|-unboost|p2a: Zamazenta|spa|1
|
|t:|1781136919
|switch|p1a: Gliscor|Gliscor, M|100/100 tox|[from] Parting Shot
|-damage|p1a: Gliscor|88/100 tox|[from] Stealth Rock
|move|p2a: Zamazenta|Body Press|p1a: Gliscor
|-resisted|p1a: Gliscor
|-damage|p1a: Gliscor|65/100 tox
|
|-heal|p2a: Zamazenta|61/100|[from] item: Leftovers
|-heal|p1a: Gliscor|77/100 tox|[from] ability: Poison Heal
|upkeep
|turn|14
|
|t:|1781136922
|move|p1a: Gliscor|Facade|p2a: Zamazenta
|-damage|p2a: Zamazenta|52/100
|move|p2a: Zamazenta|Roar|p1a: Gliscor
|drag|p1a: Garganacl|Garganacl, F|94/100
|-damage|p1a: Garganacl|82/100|[from] Stealth Rock
|
|-heal|p2a: Zamazenta|58/100|[from] item: Leftovers
|-heal|p1a: Garganacl|88/100|[from] item: Leftovers
|upkeep
|turn|15
|
|t:|1781136926
|move|p2a: Zamazenta|Body Press|p1a: Garganacl
|-supereffective|p1a: Garganacl
|-damage|p1a: Garganacl|24/100
|move|p1a: Garganacl|Salt Cure|p2a: Zamazenta
|-resisted|p2a: Zamazenta
|-damage|p2a: Zamazenta|56/100
|-start|p2a: Zamazenta|Salt Cure
|
|-heal|p2a: Zamazenta|63/100|[from] item: Leftovers
|-heal|p1a: Garganacl|30/100|[from] item: Leftovers
|-damage|p2a: Zamazenta|50/100|[from] Salt Cure
|upkeep
|turn|16
|
|t:|1781136933
|switch|p1a: Gliscor|Gliscor, M|77/100 tox
|-damage|p1a: Gliscor|65/100 tox|[from] Stealth Rock
|move|p2a: Zamazenta|Body Press|p1a: Gliscor
|-resisted|p1a: Gliscor
|-damage|p1a: Gliscor|42/100 tox
|
|-heal|p2a: Zamazenta|56/100|[from] item: Leftovers
|-heal|p1a: Gliscor|54/100 tox|[from] ability: Poison Heal
|-damage|p2a: Zamazenta|44/100|[from] Salt Cure
|upkeep
|turn|17
|
|t:|1781136938
|move|p1a: Gliscor|Earthquake|p2a: Zamazenta
|-damage|p2a: Zamazenta|32/100
|move|p2a: Zamazenta|Roar|p1a: Gliscor
|drag|p1a: Manaphy|Manaphy|100/100
|-damage|p1a: Manaphy|88/100|[from] Stealth Rock
|
|-heal|p2a: Zamazenta|39/100|[from] item: Leftovers
|-heal|p1a: Manaphy|94/100|[from] item: Leftovers
|-damage|p2a: Zamazenta|26/100|[from] Salt Cure
|upkeep
|turn|18
|
|t:|1781136945
|move|p2a: Zamazenta|Body Press|p1a: Manaphy
|-damage|p1a: Manaphy|59/100
|move|p1a: Manaphy|Acid Armor|p1a: Manaphy
|-boost|p1a: Manaphy|def|2
|
|-heal|p2a: Zamazenta|32/100|[from] item: Leftovers
|-heal|p1a: Manaphy|65/100|[from] item: Leftovers
|-damage|p2a: Zamazenta|20/100|[from] Salt Cure
|upkeep
|turn|19
|
|t:|1781136948
|switch|p2a: Zapdos|Zapdos|100/100
|move|p1a: Manaphy|Scald|p2a: Zapdos
|-damage|p2a: Zapdos|72/100
|
|-heal|p1a: Manaphy|71/100|[from] item: Leftovers
|-sideend|p1: kennojex|Reflect
|upkeep
|turn|20
|
|t:|1781136956
|move|p1a: Manaphy|Take Heart|p1a: Manaphy
|-boost|p1a: Manaphy|spa|1
|-boost|p1a: Manaphy|spd|1
|move|p2a: Zapdos|Discharge|p1a: Manaphy
|-supereffective|p1a: Manaphy
|-crit|p1a: Manaphy
|-damage|p1a: Manaphy|0 fnt
|faint|p1a: Manaphy
|
|upkeep
|
|t:|1781136961
|switch|p1a: Grimmsnarl|Grimmsnarl, M|28/100
|-damage|p1a: Grimmsnarl|15/100|[from] Stealth Rock
|turn|21
|
|t:|1781136964
|move|p1a: Grimmsnarl|Light Screen|p1a: Grimmsnarl
|-sidestart|p1: kennojex|move: Light Screen
|move|p2a: Zapdos|Volt Switch|p1a: Grimmsnarl
|-damage|p1a: Grimmsnarl|4/100
|
|t:|1781136968
|switch|p2a: Samurott|Samurott-Hisui, M|100/100|[from] Volt Switch
|
|upkeep
|turn|22
|
|t:|1781136973
|move|p1a: Grimmsnarl|Reflect|p1a: Grimmsnarl
|-sidestart|p1: kennojex|Reflect
|move|p2a: Samurott|Razor Shell|p1a: Grimmsnarl
|-crit|p1a: Grimmsnarl
|-damage|p1a: Grimmsnarl|0 fnt
|faint|p1a: Grimmsnarl
|
|upkeep
|
|t:|1781136982
|switch|p1a: Incineroar|Incineroar, F|100/100
|-damage|p1a: Incineroar|75/100|[from] Stealth Rock
|-ability|p1a: Incineroar|Intimidate|boost
|-unboost|p2a: Samurott|atk|1
|turn|23
|
|t:|1781136986
|switch|p2a: Zamazenta|Zamazenta|20/100
|move|p1a: Incineroar|Flame Charge|p2a: Zamazenta
|-damage|p2a: Zamazenta|5/100
|-boost|p1a: Incineroar|spe|1
|
|-heal|p2a: Zamazenta|11/100|[from] item: Leftovers
|upkeep
|turn|24
|
|t:|1781136991
|move|p2a: Zamazenta|Iron Defense|p2a: Zamazenta
|-boost|p2a: Zamazenta|def|2
|move|p1a: Incineroar|Flame Charge|p2a: Zamazenta
|-damage|p2a: Zamazenta|2/100
|-boost|p1a: Incineroar|spe|1
|
|-heal|p2a: Zamazenta|8/100|[from] item: Leftovers
|upkeep
|turn|25
|
|t:|1781136996
|move|p1a: Incineroar|Flame Charge|p2a: Zamazenta
|-damage|p2a: Zamazenta|1/100
|-boost|p1a: Incineroar|spe|1
|move|p2a: Zamazenta|Body Press|p1a: Incineroar
|-supereffective|p1a: Incineroar
|-damage|p1a: Incineroar|10/100
|-enditem|p1a: Incineroar|Weakness Policy
|-boost|p1a: Incineroar|atk|2|[from] item: Weakness Policy
|-boost|p1a: Incineroar|spa|2|[from] item: Weakness Policy
|
|-heal|p2a: Zamazenta|7/100|[from] item: Leftovers
|upkeep
|turn|26
|
|t:|1781137000
|switch|p2a: Samurott|Samurott-Hisui, M|100/100
|move|p1a: Incineroar|Flame Charge|p2a: Samurott
|-resisted|p2a: Samurott
|-damage|p2a: Samurott|75/100
|-boost|p1a: Incineroar|spe|1
|
|upkeep
|turn|27
|
|t:|1781137008
|move|p1a: Incineroar|Reversal|p2a: Samurott
|-supereffective|p2a: Samurott
|-damage|p2a: Samurott|0 fnt
|faint|p2a: Samurott
|
|upkeep
|
|t:|1781137011
|switch|p2a: Zapdos|Zapdos|72/100
|turn|28
|
|t:|1781137015
|move|p1a: Incineroar|Power Trip|p2a: Zapdos
|-damage|p2a: Zapdos|0 fnt
|faint|p2a: Zapdos
|
|-sideend|p1: kennojex|move: Light Screen
|upkeep
|
|t:|1781137022
|switch|p2a: Clefable|Clefable, F|100/100
|turn|29
|l| Yiiiii
|
|t:|1781137041
|move|p1a: Incineroar|Power Trip|p2a: Clefable
|-resisted|p2a: Clefable
|-damage|p2a: Clefable|73/100
|move|p2a: Clefable|Moonblast|p1a: Incineroar
|-damage|p1a: Incineroar|0 fnt
|faint|p1a: Incineroar
|
|-sideend|p1: kennojex|Reflect
|upkeep
|
|t:|1781137051
|switch|p1a: Gliscor|Gliscor, M|54/100 tox
|-damage|p1a: Gliscor|42/100 tox|[from] Stealth Rock
|turn|30
|
|t:|1781137063
|move|p1a: Gliscor|Earthquake|p2a: Clefable
|-damage|p2a: Clefable|42/100
|move|p2a: Clefable|Moonblast|p1a: Gliscor
|-damage|p1a: Gliscor|0 fnt
|faint|p1a: Gliscor
|
|upkeep
|
|t:|1781137066
|switch|p1a: Garganacl|Garganacl, F|30/100
|-damage|p1a: Garganacl|18/100|[from] Stealth Rock
|turn|31
|
|t:|1781137072
|move|p2a: Clefable|Moonblast|p1a: Garganacl
|-damage|p1a: Garganacl|0 fnt
|faint|p1a: Garganacl
|
|win|KurisuChestnutLab
|raw|kennojex's rating: 1607 &rarr; <strong>1590</strong><br />(-17 for losing)
|raw|KurisuChestnutLab's rating: 1659 &rarr; <strong>1676</strong><br />(+17 for winning)
|l|☆kennojex
|player|p1|
|l|☆KurisuChestnutLab
|player|p2|
