|j|☆Luisowbro
|j|☆iamverykarpy
|t:|1781183076
|gametype|singles
|player|p1|Luisowbro|ingo|1552
|player|p2|iamverykarpy|colress|1556
|gen|9
|tier|[Gen 9] OU
|rated|
|rule|HP Percentage Mod: HP is shown in percentages
|rule|Endless Battle Clause: Forcing endless battles is banned
|rule|Species Clause: Limit one of each Pokémon
|rule|OHKO Clause: OHKO moves are banned
|rule|Evasion Items Clause: Evasion items are banned
|rule|Evasion Moves Clause: Evasion moves are banned
|rule|Evasion Abilities Clause: Evasion abilities are banned
|rule|Sleep Moves Clause: Sleep-inducing moves are banned
|clearpoke
|poke|p1|Moltres-Galar|
|poke|p1|Haxorus, M|
|poke|p1|Thundurus-Therian, M|
|poke|p1|Scizor, M|
|poke|p1|Volcanion|
|poke|p1|Ninetales-Alola, F|
|poke|p2|Cetitan, F|
|poke|p2|Slowking-Galar, M|
|poke|p2|Kyurem|
|poke|p2|Rillaboom, F|
|poke|p2|Alomomola, F|
|poke|p2|Great Tusk|
|teampreview
|inactive|Battle timer is ON: inactive players will automatically lose when time's up. (requested by iamverykarpy)
|
|t:|1781183103
|teamsize|p1|6
|teamsize|p2|6
|start
|switch|p1a: Scizor|Scizor, M|100/100
|switch|p2a: Slowking|Slowking-Galar, M, shiny|100/100
|turn|1
|
|t:|1781183110
|move|p1a: Scizor|Knock Off|p2a: Slowking
|-supereffective|p2a: Slowking
|-enditem|p2a: Slowking|Colbur Berry|[eat]
|-enditem|p2a: Slowking|Colbur Berry|[weaken]
|-damage|p2a: Slowking|40/100
|move|p2a: Slowking|Flamethrower|p1a: Scizor
|-supereffective|p1a: Scizor
|-damage|p1a: Scizor|0 fnt
|faint|p1a: Scizor
|
|upkeep
|
|t:|1781183138
|switch|p1a: Volcanion|Volcanion|100/100
|turn|2
|
|t:|1781183149
|switch|p2a: Kyurem|Kyurem, shiny|100/100
|-ability|p2a: Kyurem|Pressure
|move|p1a: Volcanion|Earth Power|p2a: Kyurem
|-damage|p2a: Kyurem|67/100
|
|upkeep
|turn|3
|
|t:|1781183159
|move|p2a: Kyurem|Freeze-Dry|p1a: Volcanion
|-damage|p1a: Volcanion|62/100
|move|p1a: Volcanion|Flamethrower|p2a: Kyurem
|-damage|p2a: Kyurem|20/100
|
|upkeep
|turn|4
|
|t:|1781183166
|switch|p1a: Ninetales|Ninetales-Alola, F, shiny|100/100
|-weather|Snowscape|[from] ability: Snow Warning|[of] p1a: Ninetales
|move|p2a: Kyurem|Freeze-Dry|p1a: Ninetales
|-resisted|p1a: Ninetales
|-damage|p1a: Ninetales|73/100
|
|-weather|Snowscape|[upkeep]
|upkeep
|turn|5
|
|t:|1781183174
|switch|p2a: Slowking|Slowking-Galar, M, shiny|73/100
|move|p1a: Ninetales|Aurora Veil|p1a: Ninetales
|-sidestart|p1: Luisowbro|move: Aurora Veil
|
|-weather|Snowscape|[upkeep]
|upkeep
|turn|6
|
|t:|1781183179
|switch|p1a: Volcanion|Volcanion|62/100
|move|p2a: Slowking|Sludge Bomb|p1a: Volcanion
|-damage|p1a: Volcanion|51/100
|
|-weather|Snowscape|[upkeep]
|upkeep
|turn|7
|
|t:|1781183185
|move|p1a: Volcanion|Earth Power|p2a: Slowking
|-supereffective|p2a: Slowking
|-damage|p2a: Slowking|29/100
|move|p2a: Slowking|Sludge Bomb|p1a: Volcanion
|-damage|p1a: Volcanion|39/100
|
|-weather|Snowscape|[upkeep]
|upkeep
|turn|8
|
|t:|1781183195
|switch|p2a: Rillaboom|Rillaboom, F|100/100
|-fieldstart|move: Grassy Terrain|[from] ability: Grassy Surge|[of] p2a: Rillaboom
|move|p1a: Volcanion|Earth Power|p2a: Rillaboom
|-resisted|p2a: Rillaboom
|-damage|p2a: Rillaboom|77/100
|
|-weather|none
|-heal|p2a: Rillaboom|84/100|[from] Grassy Terrain
|-heal|p1a: Volcanion|45/100|[from] Grassy Terrain
|upkeep
|turn|9
|
|t:|1781183204
|move|p2a: Rillaboom|U-turn|p1a: Volcanion
|-resisted|p1a: Volcanion
|-damage|p1a: Volcanion|37/100
|
|t:|1781183206
|switch|p2a: Slowking|Slowking-Galar, M, shiny|62/100|[from] U-turn
|move|p1a: Volcanion|Flamethrower|p2a: Slowking
|-damage|p2a: Slowking|30/100
|
|-heal|p1a: Volcanion|43/100|[from] Grassy Terrain
|-heal|p2a: Slowking|36/100|[from] Grassy Terrain
|upkeep
|turn|10
|
|t:|1781183222
|switch|p2a: Rillaboom|Rillaboom, F|84/100
|move|p1a: Volcanion|Earth Power|p2a: Rillaboom
|-resisted|p2a: Rillaboom
|-damage|p2a: Rillaboom|62/100
|
|-heal|p2a: Rillaboom|68/100|[from] Grassy Terrain
|-heal|p1a: Volcanion|49/100|[from] Grassy Terrain
|upkeep
|turn|11
|
|t:|1781183232
|move|p2a: Rillaboom|Grassy Glide|p1a: Volcanion
|-damage|p1a: Volcanion|26/100
|move|p1a: Volcanion|Flamethrower|p2a: Rillaboom
|-supereffective|p2a: Rillaboom
|-damage|p2a: Rillaboom|0 fnt
|faint|p2a: Rillaboom
|
|-heal|p1a: Volcanion|32/100|[from] Grassy Terrain
|upkeep
|
|t:|1781183239
|switch|p2a: Kyurem|Kyurem, shiny|20/100
|-ability|p2a: Kyurem|Pressure
|turn|12
|
|t:|1781183243
|move|p2a: Kyurem|Freeze-Dry|p1a: Volcanion
|-crit|p1a: Volcanion
|-damage|p1a: Volcanion|0 fnt
|faint|p1a: Volcanion
|
|-heal|p2a: Kyurem|26/100|[from] Grassy Terrain
|-sideend|p1: Luisowbro|move: Aurora Veil
|-fieldend|move: Grassy Terrain
|upkeep
|
|t:|1781183256
|switch|p1a: Haxorus|Haxorus, M, shiny|100/100
|-ability|p1a: Haxorus|Mold Breaker
|turn|13
|
|t:|1781183260
|move|p1a: Haxorus|Scale Shot|p2a: Kyurem
|-supereffective|p2a: Kyurem
|-damage|p2a: Kyurem|0 fnt
|faint|p2a: Kyurem
|-hitcount|p2: Kyurem|1
|-unboost|p1a: Haxorus|def|1
|-boost|p1a: Haxorus|spe|1
|
|upkeep
|
|t:|1781183266
|switch|p2a: Alomomola|Alomomola, F|100/100
|turn|14
|
|t:|1781183272
|move|p1a: Haxorus|Swords Dance|p1a: Haxorus
|-boost|p1a: Haxorus|atk|2
|move|p2a: Alomomola|Scald|p1a: Haxorus
|-resisted|p1a: Haxorus
|-damage|p1a: Haxorus|89/100
|
|upkeep
|turn|15
|
|t:|1781183281
|move|p1a: Haxorus|Swords Dance|p1a: Haxorus
|-boost|p1a: Haxorus|atk|2
|move|p2a: Alomomola|Scald|p1a: Haxorus
|-resisted|p1a: Haxorus
|-damage|p1a: Haxorus|78/100
|-status|p1a: Haxorus|brn
|
|-damage|p1a: Haxorus|72/100 brn|[from] brn
|upkeep
|turn|16
|
|t:|1781183290
|move|p1a: Haxorus|Swords Dance|p1a: Haxorus
|-boost|p1a: Haxorus|atk|2
|move|p2a: Alomomola|Flip Turn|p1a: Haxorus
|-resisted|p1a: Haxorus
|-damage|p1a: Haxorus|57/100 brn
|
|t:|1781183295
|switch|p2a: Cetitan|Cetitan, F, shiny|100/100|[from] Flip Turn
|
|-damage|p1a: Haxorus|51/100 brn|[from] brn
|upkeep
|turn|17
|
|t:|1781183300
|move|p2a: Cetitan|Ice Shard|p1a: Haxorus
|-supereffective|p1a: Haxorus
|-crit|p1a: Haxorus
|-damage|p1a: Haxorus|0 fnt
|faint|p1a: Haxorus
|
|upkeep
|
|t:|1781183305
|switch|p1a: Ninetales|Ninetales-Alola, F, shiny|73/100
|-weather|Snowscape|[from] ability: Snow Warning|[of] p1a: Ninetales
|turn|18
|
|t:|1781183309
|move|p2a: Cetitan|Belly Drum|p2a: Cetitan
|-damage|p2a: Cetitan|50/100
|-setboost|p2a: Cetitan|atk|6|[from] move: Belly Drum
|-enditem|p2a: Cetitan|Sitrus Berry|[eat]
|-heal|p2a: Cetitan|75/100|[from] item: Sitrus Berry
|move|p1a: Ninetales|Aurora Veil|p1a: Ninetales
|-sidestart|p1: Luisowbro|move: Aurora Veil
|
|-weather|Snowscape|[upkeep]
|upkeep
|turn|19
|
|t:|1781183320
|-terastallize|p2a: Cetitan|Ice
|move|p2a: Cetitan|Ice Spinner|p1a: Ninetales
|-resisted|p1a: Ninetales
|-crit|p1a: Ninetales
|-damage|p1a: Ninetales|0 fnt
|faint|p1a: Ninetales
|
|-weather|Snowscape|[upkeep]
|upkeep
|c|☆iamverykarpy|damn
|inactive|Luisowbro has 120 seconds left.
|c|☆Luisowbro|why it was faster?
|c|☆iamverykarpy|slush rush
|c|☆Luisowbro|ohhh
|c|☆Luisowbro|damn
|
|t:|1781183363
|switch|p1a: Thundurus|Thundurus-Therian, M, shiny|100/100
|turn|20
|c|☆iamverykarpy|considering im assuming encore its not like that crit mattered
|
|t:|1781183381
|move|p1a: Thundurus|Volt Switch|p2a: Cetitan
|-damage|p2a: Cetitan|28/100
|c|☆Luisowbro|yea
|
|t:|1781183390
|switch|p1a: Moltres|Moltres-Galar, shiny|100/100|[from] Volt Switch
|move|p2a: Cetitan|Ice Spinner|p1a: Moltres
|-supereffective|p1a: Moltres
|-damage|p1a: Moltres|0 fnt
|faint|p1a: Moltres
|
|-weather|Snowscape|[upkeep]
|upkeep
|c|☆Luisowbro|gg
|
|t:|1781183398
|switch|p1a: Thundurus|Thundurus-Therian, M, shiny|100/100
|turn|21
|j| blah0blah1blah2
|c|☆iamverykarpy|gg
|c| blah0blah1blah2|nah that's tuff
|
|t:|1781183411
|-terastallize|p1a: Thundurus|Psychic
|move|p2a: Cetitan|Ice Shard|p1a: Thundurus
|-damage|p1a: Thundurus|17/100
|move|p1a: Thundurus|Psychic|p2a: Cetitan
|-damage|p2a: Cetitan|0 fnt
|faint|p2a: Cetitan
|
|-weather|Snowscape|[upkeep]
|upkeep
|
|t:|1781183419
|switch|p2a: Slowking|Slowking-Galar, M, shiny|69/100
|turn|22
|
|t:|1781183421
|move|p1a: Thundurus|Psychic|p2a: Slowking
|-damage|p2a: Slowking|38/100
|move|p2a: Slowking|Sludge Bomb|p1a: Thundurus
|-damage|p1a: Thundurus|0 fnt
|faint|p1a: Thundurus
|
|win|iamverykarpy
|raw|Luisowbro's rating: 1552 &rarr; <strong>1532</strong><br />(-20 for losing)
|raw|iamverykarpy's rating: 1556 &rarr; <strong>1576</strong><br />(+20 for winning)
|c|☆iamverykarpy|maan get out of here
|l| blah0blah1blah2
|l|☆Luisowbro
|player|p1|
|l|☆iamverykarpy
|player|p2|
