|j|☆Rexydoodlesss
|j|☆Igoodnamename
|t:|1781301916
|gametype|singles
|player|p1|Rexydoodlesss|adaman|1667
|player|p2|Igoodnamename|winona|1678
|gen|9
|tier|[Gen 9] OU
|rated|
|rule|HP Percentage Mod: HP is shown in percentages
|rule|Endless Battle Clause: Forcing endless battles is banned
|rule|Species Clause: Limit one of each Pokémon
|rule|OHKO Clause: OHKO moves are banned
|rule|Evasion Items Clause: Evasion items are banned
|rule|Evasion Moves Clause: Evasion moves are banned
|rule|Evasion Abilities Clause: Evasion abilities are banned
|rule|Sleep Moves Clause: Sleep-inducing moves are banned
|clearpoke
|poke|p1|Ribombee, M|
|poke|p1|Gholdengo|
|poke|p1|Ogerpon-Cornerstone, F|
|poke|p1|Ceruledge, M|
|poke|p1|Raging Bolt|
|poke|p1|Cinderace, M|
|poke|p2|Raging Bolt|
|poke|p2|Rillaboom, F|
|poke|p2|Great Tusk|
|poke|p2|Ting-Lu|
|poke|p2|Skeledirge, M|
|poke|p2|Enamorus, F|
|teampreview
|
|t:|1781301929
|teamsize|p1|6
|teamsize|p2|6
|start
|switch|p1a: Ogerpan|Ogerpon-Cornerstone, F|100/100
|switch|p2a: Skeledirge|Skeledirge, M|100/100
|turn|1
|
|t:|1781301947
|-terastallize|p2a: Skeledirge|Fairy
|move|p1a: Ogerpan|Ivy Cudgel|p2a: Skeledirge|[anim] Ivy Cudgel Rock
|-damage|p2a: Skeledirge|49/100
|move|p2a: Skeledirge|Will-O-Wisp|p1a: Ogerpan
|-status|p1a: Ogerpan|brn
|
|-damage|p1a: Ogerpan|95/100 brn|[from] brn
|upkeep
|turn|2
|
|t:|1781301957
|move|p1a: Ogerpan|Knock Off|p2a: Skeledirge
|-resisted|p2a: Skeledirge
|-damage|p2a: Skeledirge|40/100
|-enditem|p2a: Skeledirge|Heavy-Duty Boots|[from] move: Knock Off|[of] p1a: Ogerpan
|move|p2a: Skeledirge|Slack Off|p2a: Skeledirge
|-heal|p2a: Skeledirge|91/100
|
|-damage|p1a: Ogerpan|89/100 brn|[from] brn
|upkeep
|turn|3
|
|t:|1781301962
|move|p1a: Ogerpan|Ivy Cudgel|p2a: Skeledirge|[anim] Ivy Cudgel Rock
|-damage|p2a: Skeledirge|64/100
|move|p2a: Skeledirge|Torch Song|p1a: Ogerpan
|-damage|p1a: Ogerpan|56/100 brn
|-boost|p2a: Skeledirge|spa|1
|
|-damage|p1a: Ogerpan|50/100 brn|[from] brn
|upkeep
|turn|4
|
|t:|1781301965
|move|p1a: Ogerpan|Ivy Cudgel|p2a: Skeledirge|[anim] Ivy Cudgel Rock
|-crit|p2a: Skeledirge
|-damage|p2a: Skeledirge|27/100
|move|p2a: Skeledirge|Slack Off|p2a: Skeledirge
|-heal|p2a: Skeledirge|77/100
|
|-damage|p1a: Ogerpan|44/100 brn|[from] brn
|upkeep
|turn|5
|
|t:|1781301967
|move|p1a: Ogerpan|Ivy Cudgel|p2a: Skeledirge|[anim] Ivy Cudgel Rock
|-damage|p2a: Skeledirge|49/100
|move|p2a: Skeledirge|Slack Off|p2a: Skeledirge
|-heal|p2a: Skeledirge|99/100
|
|-damage|p1a: Ogerpan|38/100 brn|[from] brn
|upkeep
|turn|6
|
|t:|1781301969
|move|p1a: Ogerpan|Ivy Cudgel|p2a: Skeledirge|[anim] Ivy Cudgel Rock
|-damage|p2a: Skeledirge|70/100
|move|p2a: Skeledirge|Torch Song|p1a: Ogerpan
|-damage|p1a: Ogerpan|0 fnt
|-boost|p2a: Skeledirge|spa|1
|faint|p1a: Ogerpan
|
|upkeep
|
|t:|1781301977
|switch|p1a: Ranging Bolt|Raging Bolt|100/100
|-enditem|p1a: Ranging Bolt|Booster Energy
|-activate|p1a: Ranging Bolt|ability: Protosynthesis|[fromitem]
|-start|p1a: Ranging Bolt|protosynthesisspa
|turn|7
|
|t:|1781302033
|move|p1a: Ranging Bolt|Thunderbolt|p2a: Skeledirge
|-damage|p2a: Skeledirge|19/100
|move|p2a: Skeledirge|Hex|p1a: Ranging Bolt
|-damage|p1a: Ranging Bolt|54/100
|
|upkeep
|turn|8
|
|t:|1781302055
|move|p1a: Ranging Bolt|Thunderbolt|p2a: Skeledirge
|-damage|p2a: Skeledirge|0 fnt
|faint|p2a: Skeledirge
|
|upkeep
|
|t:|1781302093
|switch|p2a: Great Tusk|Great Tusk|100/100
|turn|9
|
|t:|1781302100
|-end|p1a: Ranging Bolt|Protosynthesis|[silent]
|switch|p1a: Ribobee|Ribombee, M, shiny|100/100
|move|p2a: Great Tusk|Headlong Rush|p1a: Ribobee
|-resisted|p1a: Ribobee
|-damage|p1a: Ribobee|35/100
|-unboost|p2a: Great Tusk|def|1
|-unboost|p2a: Great Tusk|spd|1
|
|upkeep
|turn|10
|
|t:|1781302109
|-end|p2a: Great Tusk|Protosynthesis|[silent]
|switch|p2a: Rillaboom|Rillaboom, F|100/100
|-fieldstart|move: Grassy Terrain|[from] ability: Grassy Surge|[of] p2a: Rillaboom
|move|p1a: Ribobee|Moonblast|p2a: Rillaboom
|-damage|p2a: Rillaboom|51/100
|
|-heal|p1a: Ribobee|41/100|[from] Grassy Terrain
|-heal|p2a: Rillaboom|57/100|[from] Grassy Terrain
|upkeep
|turn|11
|
|t:|1781302113
|switch|p1a: Cerudledge|Ceruledge, M, shiny|100/100
|move|p2a: Rillaboom|Grassy Glide|p1a: Cerudledge
|-resisted|p1a: Cerudledge
|-damage|p1a: Cerudledge|54/100
|-ability|p1a: Cerudledge|Weak Armor|boost
|-unboost|p1a: Cerudledge|def|1
|-boost|p1a: Cerudledge|spe|2
|
|-heal|p1a: Cerudledge|61/100|[from] Grassy Terrain
|-heal|p2a: Rillaboom|63/100|[from] Grassy Terrain
|upkeep
|turn|12
|
|t:|1781302117
|move|p2a: Rillaboom|Grassy Glide|p1a: Cerudledge
|-resisted|p1a: Cerudledge
|-damage|p1a: Cerudledge|0 fnt
|faint|p1a: Cerudledge
|
|-heal|p2a: Rillaboom|69/100|[from] Grassy Terrain
|upkeep
|
|t:|1781302119
|switch|p1a: Cindherace|Cinderace, M, shiny|100/100
|turn|13
|
|t:|1781302129
|move|p2a: Rillaboom|Grassy Glide|p1a: Cindherace
|-resisted|p1a: Cindherace
|-damage|p1a: Cindherace|55/100
|move|p1a: Cindherace|Swords Dance|p1a: Cindherace
|-boost|p1a: Cindherace|atk|2
|
|-heal|p1a: Cindherace|61/100|[from] Grassy Terrain
|-heal|p2a: Rillaboom|76/100|[from] Grassy Terrain
|upkeep
|turn|14
|
|t:|1781302135
|move|p2a: Rillaboom|Grassy Glide|p1a: Cindherace
|-resisted|p1a: Cindherace
|-damage|p1a: Cindherace|18/100
|move|p1a: Cindherace|Swords Dance|p1a: Cindherace
|-boost|p1a: Cindherace|atk|2
|
|-heal|p1a: Cindherace|24/100|[from] Grassy Terrain
|-heal|p2a: Rillaboom|82/100|[from] Grassy Terrain
|-fieldend|move: Grassy Terrain
|upkeep
|turn|15
|
|t:|1781302144
|switch|p2a: Ting-Lu|Ting-Lu|100/100
|-ability|p2a: Ting-Lu|Vessel of Ruin
|move|p1a: Cindherace|Pyro Ball|p2a: Ting-Lu
|-damage|p2a: Ting-Lu|0 fnt
|faint|p2a: Ting-Lu
|
|upkeep
|
|t:|1781302147
|switch|p2a: Rillaboom|Rillaboom, F|82/100
|-fieldstart|move: Grassy Terrain|[from] ability: Grassy Surge|[of] p2a: Rillaboom
|turn|16
|
|t:|1781302157
|move|p1a: Cindherace|Sucker Punch|p2a: Rillaboom
|-damage|p2a: Rillaboom|9/100
|move|p2a: Rillaboom|Grassy Glide|p1a: Cindherace
|-resisted|p1a: Cindherace
|-damage|p1a: Cindherace|0 fnt
|faint|p1a: Cindherace
|
|-heal|p2a: Rillaboom|15/100|[from] Grassy Terrain
|upkeep
|
|t:|1781302160
|switch|p1a: Ranging Bolt|Raging Bolt|54/100
|turn|17
|
|t:|1781302164
|move|p2a: Rillaboom|Grassy Glide|p1a: Ranging Bolt
|-resisted|p1a: Ranging Bolt
|-damage|p1a: Ranging Bolt|26/100
|move|p1a: Ranging Bolt|Dragon Pulse|p2a: Rillaboom
|-damage|p2a: Rillaboom|0 fnt
|faint|p2a: Rillaboom
|
|-heal|p1a: Ranging Bolt|32/100|[from] Grassy Terrain
|upkeep
|
|t:|1781302168
|switch|p2a: Great Tusk|Great Tusk|100/100
|turn|18
|
|t:|1781302173
|-end|p1a: Ranging Bolt|Protosynthesis|[silent]
|switch|p1a: Goldengo|Gholdengo, shiny|100/100
|-item|p1a: Goldengo|Air Balloon
|move|p2a: Great Tusk|Ice Spinner|p1a: Goldengo
|-resisted|p1a: Goldengo
|-damage|p1a: Goldengo|86/100
|-enditem|p1a: Goldengo|Air Balloon
|-fieldend|move: Grassy Terrain
|
|upkeep
|turn|19
|
|t:|1781302181
|-terastallize|p1a: Goldengo|Fairy
|move|p2a: Great Tusk|Headlong Rush|p1a: Goldengo
|-damage|p1a: Goldengo|22/100
|-unboost|p2a: Great Tusk|def|1
|-unboost|p2a: Great Tusk|spd|1
|move|p1a: Goldengo|Dazzling Gleam|p2a: Great Tusk
|-supereffective|p2a: Great Tusk
|-damage|p2a: Great Tusk|0 fnt
|faint|p2a: Great Tusk
|-end|p2a: Great Tusk|Protosynthesis|[silent]
|
|upkeep
|
|t:|1781302188
|switch|p2a: Enamorus|Enamorus, F|100/100
|turn|20
|inactive|Battle timer is ON: inactive players will automatically lose when time's up. (requested by Igoodnamename)
|inactive|Rexydoodlesss has 120 seconds left.
|
|t:|1781302268
|move|p2a: Enamorus|Moonblast|p1a: Goldengo
|-damage|p1a: Goldengo|0 fnt
|faint|p1a: Goldengo
|
|upkeep
|
|t:|1781302270
|switch|p1a: Ranging Bolt|Raging Bolt|32/100
|turn|21
|
|t:|1781302284
|switch|p2a: Raging Bolt|Raging Bolt|100/100
|move|p1a: Ranging Bolt|Thunderclap||[still]
|-fail|p1a: Ranging Bolt
|
|upkeep
|turn|22
|
|t:|1781302291
|move|p1a: Ranging Bolt|Dragon Pulse|p2a: Raging Bolt
|-supereffective|p2a: Raging Bolt
|-damage|p2a: Raging Bolt|8/100
|move|p2a: Raging Bolt|Draco Meteor|p1a: Ranging Bolt
|-supereffective|p1a: Ranging Bolt
|-damage|p1a: Ranging Bolt|0 fnt
|-unboost|p2a: Raging Bolt|spa|2
|faint|p1a: Ranging Bolt
|-end|p1a: Ranging Bolt|Protosynthesis|[silent]
|
|upkeep
|
|t:|1781302294
|switch|p1a: Ribobee|Ribombee, M, shiny|41/100
|turn|23
|
|t:|1781302298
|move|p1a: Ribobee|Moonblast|p2a: Raging Bolt
|-supereffective|p2a: Raging Bolt
|-damage|p2a: Raging Bolt|0 fnt
|faint|p2a: Raging Bolt
|-end|p2a: Raging Bolt|Protosynthesis|[silent]
|
|upkeep
|
|t:|1781302300
|switch|p2a: Enamorus|Enamorus, F|100/100
|turn|24
|
|t:|1781302317
|move|p2a: Enamorus|Moonblast|p1a: Ribobee
|-damage|p1a: Ribobee|0 fnt
|faint|p1a: Ribobee
|
|win|Igoodnamename
|raw|Rexydoodlesss's rating: 1667 &rarr; <strong>1649</strong><br />(-18 for losing)
|raw|Igoodnamename's rating: 1704 &rarr; <strong>1722</strong><br />(+18 for winning)
|l|☆Igoodnamename
|player|p2|
|l|☆Rexydoodlesss
|player|p1|
