|j|☆Nick Suzuki
|j|☆n1ghtzz33
|t:|1781324850
|gametype|singles
|player|p1|Nick Suzuki|skier|1504
|player|p2|n1ghtzz33|parasollady|1544
|gen|9
|tier|[Gen 9] OU
|rated|
|rule|HP Percentage Mod: HP is shown in percentages
|rule|Endless Battle Clause: Forcing endless battles is banned
|rule|Species Clause: Limit one of each Pokémon
|rule|OHKO Clause: OHKO moves are banned
|rule|Evasion Items Clause: Evasion items are banned
|rule|Evasion Moves Clause: Evasion moves are banned
|rule|Evasion Abilities Clause: Evasion abilities are banned
|rule|Sleep Moves Clause: Sleep-inducing moves are banned
|clearpoke
|poke|p1|Iron Valiant|
|poke|p1|Latios, M|
|poke|p1|Kingambit, M|
|poke|p1|Sinistcha|
|poke|p1|Moltres|
|poke|p1|Ting-Lu|
|poke|p2|Corviknight, F|
|poke|p2|Clefable, M|
|poke|p2|Alomomola, F|
|poke|p2|Clodsire, M|
|poke|p2|Toxapex, F|
|poke|p2|Quagsire, F|
|teampreview
|inactive|Battle timer is ON: inactive players will automatically lose when time's up. (requested by n1ghtzz33)
|
|t:|1781324874
|teamsize|p1|6
|teamsize|p2|6
|start
|switch|p1a: Ting-Lu|Ting-Lu|100/100
|switch|p2a: Corviknight|Corviknight, F|100/100
|-ability|p2a: Corviknight|Pressure
|-ability|p1a: Ting-Lu|Vessel of Ruin
|turn|1
|
|t:|1781324888
|move|p2a: Corviknight|Body Press|p1a: Ting-Lu
|-supereffective|p1a: Ting-Lu
|-damage|p1a: Ting-Lu|73/100
|move|p1a: Ting-Lu|Stealth Rock|p2a: Corviknight
|-sidestart|p2: n1ghtzz33|move: Stealth Rock
|
|-heal|p1a: Ting-Lu|79/100|[from] item: Leftovers
|upkeep
|turn|2
|
|t:|1781324902
|move|p2a: Corviknight|Body Press|p1a: Ting-Lu
|-supereffective|p1a: Ting-Lu
|-damage|p1a: Ting-Lu|54/100
|move|p1a: Ting-Lu|Ruination|p2a: Corviknight
|-damage|p2a: Corviknight|51/100
|
|-heal|p1a: Ting-Lu|61/100|[from] item: Leftovers
|upkeep
|turn|3
|
|t:|1781324916
|move|p2a: Corviknight|Roost|p2a: Corviknight
|-heal|p2a: Corviknight|100/100
|-singleturn|p2a: Corviknight|move: Roost
|move|p1a: Ting-Lu|Ruination|p2a: Corviknight
|-damage|p2a: Corviknight|51/100
|
|-heal|p1a: Ting-Lu|67/100|[from] item: Leftovers
|upkeep
|turn|4
|
|t:|1781324930
|move|p2a: Corviknight|Roost|p2a: Corviknight
|-heal|p2a: Corviknight|100/100
|-singleturn|p2a: Corviknight|move: Roost
|move|p1a: Ting-Lu|Earthquake|p2a: Corviknight
|-supereffective|p2a: Corviknight
|-damage|p2a: Corviknight|49/100
|
|-heal|p1a: Ting-Lu|73/100|[from] item: Leftovers
|upkeep
|turn|5
|
|t:|1781324938
|move|p2a: Corviknight|Roost|p2a: Corviknight
|-heal|p2a: Corviknight|99/100
|-singleturn|p2a: Corviknight|move: Roost
|move|p1a: Ting-Lu|Spikes|p2a: Corviknight
|-sidestart|p2: n1ghtzz33|Spikes
|
|-heal|p1a: Ting-Lu|79/100|[from] item: Leftovers
|upkeep
|turn|6
|
|t:|1781324945
|move|p2a: Corviknight|Body Press|p1a: Ting-Lu
|-supereffective|p1a: Ting-Lu
|-damage|p1a: Ting-Lu|54/100
|move|p1a: Ting-Lu|Ruination|p2a: Corviknight|[miss]
|-miss|p1a: Ting-Lu|p2a: Corviknight
|
|-heal|p1a: Ting-Lu|60/100|[from] item: Leftovers
|upkeep
|turn|7
|
|t:|1781324952
|move|p2a: Corviknight|Body Press|p1a: Ting-Lu
|-supereffective|p1a: Ting-Lu
|-damage|p1a: Ting-Lu|33/100
|move|p1a: Ting-Lu|Ruination|p2a: Corviknight
|-damage|p2a: Corviknight|50/100
|
|-heal|p1a: Ting-Lu|39/100|[from] item: Leftovers
|upkeep
|turn|8
|
|t:|1781324959
|move|p2a: Corviknight|Roost|p2a: Corviknight
|-heal|p2a: Corviknight|99/100
|-singleturn|p2a: Corviknight|move: Roost
|move|p1a: Ting-Lu|Earthquake|p2a: Corviknight
|-supereffective|p2a: Corviknight
|-damage|p2a: Corviknight|49/100
|
|-heal|p1a: Ting-Lu|45/100|[from] item: Leftovers
|upkeep
|turn|9
|
|t:|1781324967
|move|p2a: Corviknight|Roost|p2a: Corviknight
|-heal|p2a: Corviknight|99/100
|-singleturn|p2a: Corviknight|move: Roost
|move|p1a: Ting-Lu|Earthquake|p2a: Corviknight
|-supereffective|p2a: Corviknight
|-damage|p2a: Corviknight|47/100
|
|-heal|p1a: Ting-Lu|51/100|[from] item: Leftovers
|upkeep
|turn|10
|
|t:|1781324974
|switch|p1a: Moltres|Moltres|100/100
|move|p2a: Corviknight|Roost|p2a: Corviknight
|-heal|p2a: Corviknight|97/100
|-singleturn|p2a: Corviknight|move: Roost
|
|upkeep
|turn|11
|
|t:|1781324987
|switch|p2a: Clefable|Clefable, M|100/100
|move|p1a: Moltres|Flamethrower|p2a: Clefable
|-damage|p2a: Clefable|75/100
|
|-heal|p2a: Clefable|81/100|[from] item: Leftovers
|upkeep
|turn|12
|
|t:|1781325002
|move|p2a: Clefable|Moonblast|p1a: Moltres
|-resisted|p1a: Moltres
|-damage|p1a: Moltres|87/100
|move|p1a: Moltres|Roar|p2a: Clefable
|drag|p2a: Corviknight|Corviknight, F|97/100
|-ability|p2a: Corviknight|Pressure
|
|upkeep
|turn|13
|
|t:|1781325016
|switch|p2a: Toxapex|Toxapex, F|100/100
|move|p1a: Moltres|Flamethrower|p2a: Toxapex
|-resisted|p2a: Toxapex
|-damage|p2a: Toxapex|85/100
|
|upkeep
|turn|14
|
|t:|1781325029
|switch|p2a: Clefable|Clefable, M|81/100
|move|p1a: Moltres|Scorching Sands|p2a: Clefable
|-damage|p2a: Clefable|68/100
|
|-heal|p2a: Clefable|74/100|[from] item: Leftovers
|upkeep
|turn|15
|
|t:|1781325037
|move|p1a: Moltres|Flamethrower|p2a: Clefable
|-damage|p2a: Clefable|48/100
|move|p2a: Clefable|Moonblast|p1a: Moltres
|-resisted|p1a: Moltres
|-damage|p1a: Moltres|75/100
|
|-heal|p2a: Clefable|54/100|[from] item: Leftovers
|upkeep
|turn|16
|
|t:|1781325044
|move|p1a: Moltres|Flamethrower|p2a: Clefable
|-damage|p2a: Clefable|28/100
|move|p2a: Clefable|Moonlight|p2a: Clefable
|-heal|p2a: Clefable|78/100
|
|-heal|p2a: Clefable|84/100|[from] item: Leftovers
|upkeep
|turn|17
|
|t:|1781325051
|move|p1a: Moltres|Flamethrower|p2a: Clefable
|-damage|p2a: Clefable|59/100
|move|p2a: Clefable|Moonblast|p1a: Moltres
|-resisted|p1a: Moltres
|-damage|p1a: Moltres|62/100
|
|-heal|p2a: Clefable|65/100|[from] item: Leftovers
|upkeep
|turn|18
|
|t:|1781325059
|move|p1a: Moltres|Roost|p1a: Moltres
|-heal|p1a: Moltres|100/100
|-singleturn|p1a: Moltres|move: Roost
|move|p2a: Clefable|Moonlight|p2a: Clefable
|-heal|p2a: Clefable|100/100
|
|upkeep
|turn|19
|
|t:|1781325066
|move|p1a: Moltres|Flamethrower|p2a: Clefable
|-damage|p2a: Clefable|72/100
|move|p2a: Clefable|Moonblast|p1a: Moltres
|-resisted|p1a: Moltres
|-damage|p1a: Moltres|89/100
|
|-heal|p2a: Clefable|78/100|[from] item: Leftovers
|upkeep
|turn|20
|
|t:|1781325073
|move|p1a: Moltres|Flamethrower|p2a: Clefable
|-damage|p2a: Clefable|52/100
|move|p2a: Clefable|Moonblast|p1a: Moltres
|-resisted|p1a: Moltres
|-damage|p1a: Moltres|75/100
|-unboost|p1a: Moltres|spa|1
|
|-heal|p2a: Clefable|58/100|[from] item: Leftovers
|upkeep
|turn|21
|
|t:|1781325081
|move|p2a: Clefable|Moonblast|p1a: Moltres
|-resisted|p1a: Moltres
|-damage|p1a: Moltres|63/100
|move|p1a: Moltres|Roar|p2a: Clefable
|drag|p2a: Clodsire|Clodsire, M|100/100
|
|upkeep
|turn|22
|
|t:|1781325091
|switch|p1a: Ting-Lu|Ting-Lu|51/100
|-ability|p1a: Ting-Lu|Vessel of Ruin
|switch|p2a: Quagsire|Quagsire, F|100/100
|
|-heal|p1a: Ting-Lu|58/100|[from] item: Leftovers
|upkeep
|turn|23
|
|t:|1781325098
|move|p1a: Ting-Lu|Ruination|p2a: Quagsire
|-damage|p2a: Quagsire|50/100
|move|p2a: Quagsire|Stealth Rock|p1a: Ting-Lu
|-sidestart|p1: Nick Suzuki|move: Stealth Rock
|
|-heal|p1a: Ting-Lu|64/100|[from] item: Leftovers
|upkeep
|turn|24
|
|t:|1781325107
|move|p1a: Ting-Lu|Earthquake|p2a: Quagsire
|-damage|p2a: Quagsire|23/100
|move|p2a: Quagsire|Recover|p2a: Quagsire
|-heal|p2a: Quagsire|73/100
|
|-heal|p1a: Ting-Lu|70/100|[from] item: Leftovers
|upkeep
|turn|25
|
|t:|1781325114
|switch|p1a: Sinistcha|Sinistcha|100/100
|move|p2a: Quagsire|Recover|p2a: Quagsire
|-heal|p2a: Quagsire|100/100
|
|upkeep
|turn|26
|
|t:|1781325127
|switch|p1a: Iron Valiant|Iron Valiant|100/100
|switch|p2a: Clefable|Clefable, M|58/100
|
|-heal|p2a: Clefable|64/100|[from] item: Leftovers
|upkeep
|turn|27
|
|t:|1781325140
|-end|p1a: Iron Valiant|Quark Drive|[silent]
|switch|p1a: Moltres|Moltres|63/100
|move|p2a: Clefable|Moonblast|p1a: Moltres
|-resisted|p1a: Moltres
|-damage|p1a: Moltres|51/100
|-unboost|p1a: Moltres|spa|1
|
|-heal|p2a: Clefable|70/100|[from] item: Leftovers
|upkeep
|turn|28
|
|t:|1781325157
|move|p1a: Moltres|Roost|p1a: Moltres
|-heal|p1a: Moltres|100/100
|-singleturn|p1a: Moltres|move: Roost
|move|p2a: Clefable|Moonblast|p1a: Moltres
|-resisted|p1a: Moltres
|-damage|p1a: Moltres|88/100
|
|-heal|p2a: Clefable|76/100|[from] item: Leftovers
|upkeep
|turn|29
|
|t:|1781325178
|switch|p1a: Sinistcha|Sinistcha|100/100
|move|p2a: Clefable|Knock Off|p1a: Sinistcha
|-supereffective|p1a: Sinistcha
|-damage|p1a: Sinistcha|76/100
|-enditem|p1a: Sinistcha|Heavy-Duty Boots|[from] move: Knock Off|[of] p2a: Clefable
|
|-heal|p2a: Clefable|82/100|[from] item: Leftovers
|upkeep
|turn|30
|
|t:|1781325193
|move|p1a: Sinistcha|Shadow Ball|p2a: Clefable
|-damage|p2a: Clefable|61/100
|move|p2a: Clefable|Ice Beam|p1a: Sinistcha
|-supereffective|p1a: Sinistcha
|-crit|p1a: Sinistcha
|-damage|p1a: Sinistcha|0 fnt
|faint|p1a: Sinistcha
|
|-heal|p2a: Clefable|67/100|[from] item: Leftovers
|upkeep
|inactive|Nick Suzuki has 120 seconds left.
|
|t:|1781325215
|switch|p1a: Moltres|Moltres|88/100
|turn|31
|
|t:|1781325222
|move|p1a: Moltres|Flamethrower|p2a: Clefable
|-damage|p2a: Clefable|41/100
|move|p2a: Clefable|Knock Off|p1a: Moltres
|-damage|p1a: Moltres|71/100
|-enditem|p1a: Moltres|Heavy-Duty Boots|[from] move: Knock Off|[of] p2a: Clefable
|
|-heal|p2a: Clefable|47/100|[from] item: Leftovers
|upkeep
|turn|32
|
|t:|1781325229
|move|p1a: Moltres|Flamethrower|p2a: Clefable
|-damage|p2a: Clefable|19/100
|move|p2a: Clefable|Moonlight|p2a: Clefable
|-heal|p2a: Clefable|69/100
|
|-heal|p2a: Clefable|75/100|[from] item: Leftovers
|upkeep
|turn|33
|
|t:|1781325236
|move|p1a: Moltres|Flamethrower|p2a: Clefable
|-damage|p2a: Clefable|49/100
|move|p2a: Clefable|Moonlight|p2a: Clefable
|-heal|p2a: Clefable|99/100
|
|-heal|p2a: Clefable|100/100|[from] item: Leftovers
|upkeep
|turn|34
|
|t:|1781325243
|move|p1a: Moltres|Roost|p1a: Moltres
|-heal|p1a: Moltres|100/100
|-singleturn|p1a: Moltres|move: Roost
|move|p2a: Clefable|Moonblast|p1a: Moltres
|-resisted|p1a: Moltres
|-damage|p1a: Moltres|90/100
|-unboost|p1a: Moltres|spa|1
|
|upkeep
|turn|35
|
|t:|1781325251
|move|p1a: Moltres|Flamethrower|p2a: Clefable
|-damage|p2a: Clefable|82/100
|move|p2a: Clefable|Moonblast|p1a: Moltres
|-resisted|p1a: Moltres
|-damage|p1a: Moltres|79/100
|
|-heal|p2a: Clefable|88/100|[from] item: Leftovers
|upkeep
|turn|36
|
|t:|1781325258
|move|p1a: Moltres|Flamethrower|p2a: Clefable
|-damage|p2a: Clefable|70/100
|move|p2a: Clefable|Moonblast|p1a: Moltres
|-resisted|p1a: Moltres
|-damage|p1a: Moltres|66/100
|
|-heal|p2a: Clefable|76/100|[from] item: Leftovers
|upkeep
|turn|37
|
|t:|1781325265
|move|p1a: Moltres|Roost|p1a: Moltres
|-heal|p1a: Moltres|100/100
|-singleturn|p1a: Moltres|move: Roost
|move|p2a: Clefable|Moonblast|p1a: Moltres
|-resisted|p1a: Moltres
|-damage|p1a: Moltres|88/100
|
|-heal|p2a: Clefable|82/100|[from] item: Leftovers
|upkeep
|turn|38
|
|t:|1781325272
|switch|p1a: Kingambit|Kingambit, M|100/100
|-damage|p1a: Kingambit|94/100|[from] Stealth Rock
|-activate|p1a: Kingambit|ability: Supreme Overlord
|-start|p1a: Kingambit|fallen1|[silent]
|move|p2a: Clefable|Moonblast|p1a: Kingambit
|-damage|p1a: Kingambit|57/100
|
|-heal|p1a: Kingambit|63/100|[from] item: Leftovers
|-heal|p2a: Clefable|88/100|[from] item: Leftovers
|upkeep
|turn|39
|
|t:|1781325287
|-end|p1a: Kingambit|fallen1|[silent]
|switch|p1a: Moltres|Moltres|88/100
|-damage|p1a: Moltres|38/100|[from] Stealth Rock
|switch|p2a: Corviknight|Corviknight, F|97/100
|-ability|p2a: Corviknight|Pressure
|
|upkeep
|turn|40
|
|t:|1781325294
|switch|p2a: Clefable|Clefable, M|88/100
|move|p1a: Moltres|Flamethrower|p2a: Clefable
|-damage|p2a: Clefable|63/100
|
|-heal|p2a: Clefable|69/100|[from] item: Leftovers
|upkeep
|turn|41
|
|t:|1781325301
|move|p1a: Moltres|Roost|p1a: Moltres
|-heal|p1a: Moltres|88/100
|-singleturn|p1a: Moltres|move: Roost
|move|p2a: Clefable|Moonlight|p2a: Clefable
|-heal|p2a: Clefable|100/100
|
|upkeep
|turn|42
|
|t:|1781325308
|move|p1a: Moltres|Flamethrower|p2a: Clefable
|-damage|p2a: Clefable|76/100
|move|p2a: Clefable|Moonblast|p1a: Moltres
|-resisted|p1a: Moltres
|-damage|p1a: Moltres|77/100
|-unboost|p1a: Moltres|spa|1
|
|-heal|p2a: Clefable|82/100|[from] item: Leftovers
|upkeep
|turn|43
|
|t:|1781325315
|move|p2a: Clefable|Moonblast|p1a: Moltres
|-resisted|p1a: Moltres
|-damage|p1a: Moltres|66/100
|move|p1a: Moltres|Roar|p2a: Clefable
|drag|p2a: Quagsire|Quagsire, F|100/100
|
|upkeep
|turn|44
|
|t:|1781325322
|switch|p2a: Corviknight|Corviknight, F|97/100
|-ability|p2a: Corviknight|Pressure
|move|p1a: Moltres|Roost|p1a: Moltres
|-heal|p1a: Moltres|100/100
|-singleturn|p1a: Moltres|move: Roost
|
|upkeep
|turn|45
|
|t:|1781325329
|switch|p2a: Clefable|Clefable, M|82/100
|move|p1a: Moltres|Flamethrower|p2a: Clefable
|-damage|p2a: Clefable|64/100
|
|-heal|p2a: Clefable|70/100|[from] item: Leftovers
|upkeep
|turn|46
|
|t:|1781325342
|switch|p1a: Ting-Lu|Ting-Lu|70/100
|-damage|p1a: Ting-Lu|64/100|[from] Stealth Rock
|-ability|p1a: Ting-Lu|Vessel of Ruin
|move|p2a: Clefable|Moonblast|p1a: Ting-Lu
|-supereffective|p1a: Ting-Lu
|-damage|p1a: Ting-Lu|35/100
|
|-heal|p1a: Ting-Lu|42/100|[from] item: Leftovers
|-heal|p2a: Clefable|76/100|[from] item: Leftovers
|upkeep
|turn|47
|
|t:|1781325350
|move|p1a: Ting-Lu|Ruination|p2a: Clefable
|-damage|p2a: Clefable|38/100
|move|p2a: Clefable|Moonlight|p2a: Clefable
|-heal|p2a: Clefable|88/100
|
|-heal|p1a: Ting-Lu|48/100|[from] item: Leftovers
|-heal|p2a: Clefable|94/100|[from] item: Leftovers
|upkeep
|turn|48
|
|t:|1781325357
|move|p1a: Ting-Lu|Ruination|p2a: Clefable
|-damage|p2a: Clefable|47/100
|move|p2a: Clefable|Moonblast|p1a: Ting-Lu
|-supereffective|p1a: Ting-Lu
|-damage|p1a: Ting-Lu|19/100
|
|-heal|p1a: Ting-Lu|26/100|[from] item: Leftovers
|-heal|p2a: Clefable|54/100|[from] item: Leftovers
|upkeep
|turn|49
|
|t:|1781325364
|move|p1a: Ting-Lu|Earthquake|p2a: Clefable
|-damage|p2a: Clefable|10/100
|move|p2a: Clefable|Moonlight|p2a: Clefable
|-heal|p2a: Clefable|60/100
|
|-heal|p1a: Ting-Lu|32/100|[from] item: Leftovers
|-heal|p2a: Clefable|66/100|[from] item: Leftovers
|upkeep
|turn|50
|
|t:|1781325371
|move|p1a: Ting-Lu|Earthquake|p2a: Clefable
|-damage|p2a: Clefable|26/100
|move|p2a: Clefable|Moonlight|p2a: Clefable
|-heal|p2a: Clefable|76/100
|
|-heal|p1a: Ting-Lu|38/100|[from] item: Leftovers
|-heal|p2a: Clefable|82/100|[from] item: Leftovers
|upkeep
|turn|51
|
|t:|1781325379
|switch|p2a: Alomomola|Alomomola, F|100/100
|move|p1a: Ting-Lu|Earthquake|p2a: Alomomola
|-damage|p2a: Alomomola|76/100
|
|-heal|p1a: Ting-Lu|44/100|[from] item: Leftovers
|upkeep
|turn|52
|
|t:|1781325387
|switch|p1a: Latios|Latios, M|100/100
|-damage|p1a: Latios|88/100|[from] Stealth Rock
|move|p2a: Alomomola|Flip Turn|p1a: Latios
|-resisted|p1a: Latios
|-damage|p1a: Latios|80/100
|
|t:|1781325400
|switch|p2a: Clefable|Clefable, M|82/100|[from] Flip Turn
|
|-heal|p2a: Clefable|89/100|[from] item: Leftovers
|upkeep
|turn|53
|
|t:|1781325414
|switch|p1a: Moltres|Moltres|100/100
|-damage|p1a: Moltres|50/100|[from] Stealth Rock
|move|p2a: Clefable|Moonblast|p1a: Moltres
|-resisted|p1a: Moltres
|-damage|p1a: Moltres|40/100
|-unboost|p1a: Moltres|spa|1
|
|-heal|p2a: Clefable|95/100|[from] item: Leftovers
|upkeep
|turn|54
|
|t:|1781325421
|move|p1a: Moltres|Roost|p1a: Moltres
|-heal|p1a: Moltres|90/100
|-singleturn|p1a: Moltres|move: Roost
|move|p2a: Clefable|Moonblast|p1a: Moltres
|-resisted|p1a: Moltres
|-damage|p1a: Moltres|78/100
|
|-heal|p2a: Clefable|100/100|[from] item: Leftovers
|upkeep
|turn|55
|
|t:|1781325428
|move|p1a: Moltres|Flamethrower|p2a: Clefable
|-damage|p2a: Clefable|81/100
|move|p2a: Clefable|Moonblast|p1a: Moltres
|-resisted|p1a: Moltres
|-damage|p1a: Moltres|66/100
|
|-heal|p2a: Clefable|87/100|[from] item: Leftovers
|upkeep
|turn|56
|
|t:|1781325435
|move|p1a: Moltres|Flamethrower|p2a: Clefable
|-damage|p2a: Clefable|70/100
|move|p2a: Clefable|Moonblast|p1a: Moltres
|-resisted|p1a: Moltres
|-damage|p1a: Moltres|55/100
|
|-heal|p2a: Clefable|76/100|[from] item: Leftovers
|upkeep
|turn|57
|
|t:|1781325442
|move|p1a: Moltres|Flamethrower|p2a: Clefable
|-damage|p2a: Clefable|59/100
|move|p2a: Clefable|Ice Beam|p1a: Moltres
|-damage|p1a: Moltres|40/100
|
|-heal|p2a: Clefable|65/100|[from] item: Leftovers
|upkeep
|turn|58
|
|t:|1781325449
|move|p1a: Moltres|Flamethrower|p2a: Clefable
|-damage|p2a: Clefable|46/100
|-status|p2a: Clefable|brn
|move|p2a: Clefable|Moonblast|p1a: Moltres
|-resisted|p1a: Moltres
|-damage|p1a: Moltres|29/100
|-unboost|p1a: Moltres|spa|1
|
|-heal|p2a: Clefable|52/100 brn|[from] item: Leftovers
|upkeep
|turn|59
|
|t:|1781325456
|move|p1a: Moltres|Roost|p1a: Moltres
|-heal|p1a: Moltres|79/100
|-singleturn|p1a: Moltres|move: Roost
|move|p2a: Clefable|Ice Beam|p1a: Moltres
|-resisted|p1a: Moltres
|-damage|p1a: Moltres|71/100
|
|-heal|p2a: Clefable|58/100 brn|[from] item: Leftovers
|upkeep
|turn|60
|
|t:|1781325463
|move|p1a: Moltres|Scorching Sands|p2a: Clefable
|-damage|p2a: Clefable|51/100 brn
|move|p2a: Clefable|Moonblast|p1a: Moltres
|-resisted|p1a: Moltres
|-damage|p1a: Moltres|60/100
|
|-heal|p2a: Clefable|57/100 brn|[from] item: Leftovers
|upkeep
|turn|61
|
|t:|1781325470
|move|p1a: Moltres|Flamethrower|p2a: Clefable
|-damage|p2a: Clefable|43/100 brn
|move|p2a: Clefable|Knock Off|p1a: Moltres
|-damage|p1a: Moltres|54/100
|
|-heal|p2a: Clefable|49/100 brn|[from] item: Leftovers
|upkeep
|turn|62
|
|t:|1781325477
|move|p1a: Moltres|Flamethrower|p2a: Clefable
|-damage|p2a: Clefable|34/100 brn
|move|p2a: Clefable|Moonblast|p1a: Moltres
|-resisted|p1a: Moltres
|-damage|p1a: Moltres|43/100
|-unboost|p1a: Moltres|spa|1
|
|-heal|p2a: Clefable|40/100 brn|[from] item: Leftovers
|upkeep
|turn|63
|
|t:|1781325484
|move|p1a: Moltres|Flamethrower|p2a: Clefable
|-damage|p2a: Clefable|30/100 brn
|move|p2a: Clefable|Ice Beam|p1a: Moltres
|-damage|p1a: Moltres|27/100
|
|-heal|p2a: Clefable|36/100 brn|[from] item: Leftovers
|upkeep
|turn|64
|
|t:|1781325491
|move|p1a: Moltres|Flamethrower|p2a: Clefable
|-damage|p2a: Clefable|26/100 brn
|move|p2a: Clefable|Knock Off|p1a: Moltres
|-damage|p1a: Moltres|22/100
|
|-heal|p2a: Clefable|32/100 brn|[from] item: Leftovers
|upkeep
|turn|65
|
|t:|1781325498
|move|p1a: Moltres|Flamethrower|p2a: Clefable
|-damage|p2a: Clefable|21/100 brn
|move|p2a: Clefable|Ice Beam|p1a: Moltres
|-damage|p1a: Moltres|8/100
|
|-heal|p2a: Clefable|27/100 brn|[from] item: Leftovers
|upkeep
|turn|66
|
|t:|1781325505
|move|p2a: Clefable|Knock Off|p1a: Moltres
|-damage|p1a: Moltres|2/100
|move|p1a: Moltres|Roar|p2a: Clefable
|drag|p2a: Alomomola|Alomomola, F|100/100
|
|upkeep
|turn|67
|
|t:|1781325512
|move|p1a: Moltres|Scorching Sands|p2a: Alomomola
|-damage|p2a: Alomomola|94/100
|move|p2a: Alomomola|Flip Turn|p1a: Moltres
|-supereffective|p1a: Moltres
|-damage|p1a: Moltres|0 fnt
|faint|p1a: Moltres
|
|t:|1781325519
|switch|p2a: Clodsire|Clodsire, M|100/100|[from] Flip Turn
|
|upkeep
|
|t:|1781325525
|switch|p1a: Ting-Lu|Ting-Lu|44/100
|-damage|p1a: Ting-Lu|38/100|[from] Stealth Rock
|-ability|p1a: Ting-Lu|Vessel of Ruin
|turn|68
|
|t:|1781325532
|move|p1a: Ting-Lu|Earthquake|p2a: Clodsire
|-supereffective|p2a: Clodsire
|-damage|p2a: Clodsire|19/100
|move|p2a: Clodsire|Toxic|p1a: Ting-Lu
|-status|p1a: Ting-Lu|tox
|
|-heal|p1a: Ting-Lu|44/100 tox|[from] item: Leftovers
|-damage|p1a: Ting-Lu|38/100 tox|[from] psn
|upkeep
|turn|69
|
|t:|1781325539
|switch|p2a: Alomomola|Alomomola, F|100/100
|move|p1a: Ting-Lu|Earthquake|p2a: Alomomola
|-damage|p2a: Alomomola|75/100
|
|-heal|p1a: Ting-Lu|44/100 tox|[from] item: Leftovers
|-damage|p1a: Ting-Lu|32/100 tox|[from] psn
|upkeep
|turn|70
|
|t:|1781325546
|move|p1a: Ting-Lu|Ruination|p2a: Alomomola
|-damage|p2a: Alomomola|38/100
|move|p2a: Alomomola|Flip Turn|p1a: Ting-Lu
|-supereffective|p1a: Ting-Lu
|-crit|p1a: Ting-Lu
|-damage|p1a: Ting-Lu|4/100 tox
|
|t:|1781325554
|switch|p2a: Clefable|Clefable, M|27/100 brn|[from] Flip Turn
|
|-heal|p1a: Ting-Lu|10/100 tox|[from] item: Leftovers
|-heal|p2a: Clefable|33/100 brn|[from] item: Leftovers
|-damage|p1a: Ting-Lu|0 fnt|[from] psn
|faint|p1a: Ting-Lu
|upkeep
|
|t:|1781325572
|switch|p1a: Iron Valiant|Iron Valiant|100/100
|turn|71
|
|t:|1781325586
|switch|p2a: Corviknight|Corviknight, F|97/100
|-ability|p2a: Corviknight|Pressure
|move|p1a: Iron Valiant|Moonblast|p2a: Corviknight
|-resisted|p2a: Corviknight
|-damage|p2a: Corviknight|73/100
|
|upkeep
|turn|72
|
|t:|1781325600
|switch|p2a: Toxapex|Toxapex, F|100/100
|move|p1a: Iron Valiant|Knock Off|p2a: Toxapex
|-damage|p2a: Toxapex|83/100
|-enditem|p2a: Toxapex|Heavy-Duty Boots|[from] move: Knock Off|[of] p1a: Iron Valiant
|
|upkeep
|turn|73
|
|t:|1781325613
|-end|p1a: Iron Valiant|Quark Drive|[silent]
|switch|p1a: Latios|Latios, M|80/100
|-damage|p1a: Latios|67/100|[from] Stealth Rock
|switch|p2a: Corviknight|Corviknight, F|73/100
|-ability|p2a: Corviknight|Pressure
|
|upkeep
|turn|74
|
|t:|1781325627
|switch|p2a: Alomomola|Alomomola, F|71/100
|move|p1a: Latios|Thunderbolt|p2a: Alomomola
|-supereffective|p2a: Alomomola
|-damage|p2a: Alomomola|23/100
|-status|p2a: Alomomola|par
|
|upkeep
|turn|75
|
|t:|1781325644
|switch|p2a: Clodsire|Clodsire, M|19/100
|move|p1a: Latios|Thunderbolt|p2a: Clodsire
|-immune|p2a: Clodsire
|
|upkeep
|turn|76
|
|t:|1781325657
|-terastallize|p2a: Clodsire|Steel
|move|p1a: Latios|Ice Beam|p2a: Clodsire
|-resisted|p2a: Clodsire
|-damage|p2a: Clodsire|12/100
|move|p2a: Clodsire|Recover|p2a: Clodsire
|-heal|p2a: Clodsire|62/100
|
|upkeep
|turn|77
|
|t:|1781325671
|switch|p1a: Iron Valiant|Iron Valiant|100/100
|move|p2a: Clodsire|Earthquake|p1a: Iron Valiant
|-damage|p1a: Iron Valiant|67/100
|
|upkeep
|turn|78
|
|t:|1781325685
|switch|p2a: Corviknight|Corviknight, F|73/100
|-ability|p2a: Corviknight|Pressure
|move|p1a: Iron Valiant|Knock Off|p2a: Corviknight
|-damage|p2a: Corviknight|56/100
|-enditem|p2a: Corviknight|Heavy-Duty Boots|[from] move: Knock Off|[of] p1a: Iron Valiant
|
|upkeep
|turn|79
|
|t:|1781325698
|move|p1a: Iron Valiant|Moonblast|p2a: Corviknight
|-resisted|p2a: Corviknight
|-damage|p2a: Corviknight|32/100
|move|p2a: Corviknight|Roost|p2a: Corviknight
|-heal|p2a: Corviknight|82/100
|-singleturn|p2a: Corviknight|move: Roost
|
|upkeep
|turn|80
|
|t:|1781325712
|move|p1a: Iron Valiant|Encore|p2a: Corviknight
|-start|p2a: Corviknight|Encore
|move|p2a: Corviknight|Roost|p2a: Corviknight
|-heal|p2a: Corviknight|100/100
|-singleturn|p2a: Corviknight|move: Roost
|
|-end|p2a: Corviknight|Encore
|upkeep
|turn|81
|
|t:|1781325721
|move|p1a: Iron Valiant|Moonblast|p2a: Corviknight
|-resisted|p2a: Corviknight
|-damage|p2a: Corviknight|76/100
|move|p2a: Corviknight|Body Press|p1a: Iron Valiant
|-resisted|p1a: Iron Valiant
|-damage|p1a: Iron Valiant|52/100
|
|upkeep
|turn|82
|
|t:|1781325729
|move|p1a: Iron Valiant|Moonblast|p2a: Corviknight
|-resisted|p2a: Corviknight
|-damage|p2a: Corviknight|52/100
|-unboost|p2a: Corviknight|spa|1
|move|p2a: Corviknight|Iron Defense|p2a: Corviknight
|-boost|p2a: Corviknight|def|2
|
|upkeep
|turn|83
|
|t:|1781325737
|switch|p2a: Clefable|Clefable, M|33/100 brn
|move|p1a: Iron Valiant|Moonblast|p2a: Clefable
|-damage|p2a: Clefable|0 fnt
|faint|p2a: Clefable
|
|upkeep
|
|t:|1781325744
|switch|p2a: Alomomola|Alomomola, F|57/100 par
|turn|84
|
|t:|1781325751
|move|p1a: Iron Valiant|Knock Off|p2a: Alomomola
|-crit|p2a: Alomomola
|-damage|p2a: Alomomola|29/100 par
|-enditem|p2a: Alomomola|Heavy-Duty Boots|[from] move: Knock Off|[of] p1a: Iron Valiant
|move|p2a: Alomomola|Wish|p2a: Alomomola
|
|upkeep
|turn|85
|
|t:|1781325759
|switch|p2a: Corviknight|Corviknight, F|52/100
|-damage|p2a: Corviknight|40/100|[from] Stealth Rock
|-ability|p2a: Corviknight|Pressure
|move|p1a: Iron Valiant|Encore||[still]
|-fail|p1a: Iron Valiant
|
|-heal|p2a: Corviknight|99/100|[from] move: Wish|[wisher] Alomomola
|upkeep
|turn|86
|
|t:|1781325765
|move|p1a: Iron Valiant|Moonblast|p2a: Corviknight
|-resisted|p2a: Corviknight
|-damage|p2a: Corviknight|75/100
|-unboost|p2a: Corviknight|spa|1
|move|p2a: Corviknight|Defog|p1a: Iron Valiant
|-unboost|p1a: Iron Valiant|evasion|1
|-sideend|p1: Nick Suzuki|Stealth Rock|[from] move: Defog|[of] p2a: Corviknight
|-sideend|p2: n1ghtzz33|Spikes|[from] move: Defog|[of] p2a: Corviknight
|-sideend|p2: n1ghtzz33|Stealth Rock|[from] move: Defog|[of] p2a: Corviknight
|
|upkeep
|turn|87
|
|t:|1781325773
|move|p1a: Iron Valiant|Moonblast|p2a: Corviknight
|-resisted|p2a: Corviknight
|-damage|p2a: Corviknight|51/100
|move|p2a: Corviknight|Body Press|p1a: Iron Valiant
|-resisted|p1a: Iron Valiant
|-damage|p1a: Iron Valiant|35/100
|
|upkeep
|turn|88
|
|t:|1781325780
|move|p1a: Iron Valiant|Moonblast|p2a: Corviknight
|-resisted|p2a: Corviknight
|-damage|p2a: Corviknight|28/100
|-unboost|p2a: Corviknight|spa|1
|move|p2a: Corviknight|Body Press|p1a: Iron Valiant
|-resisted|p1a: Iron Valiant
|-damage|p1a: Iron Valiant|21/100
|
|upkeep
|turn|89
|
|t:|1781325788
|switch|p2a: Toxapex|Toxapex, F|100/100
|move|p1a: Iron Valiant|Moonblast|p2a: Toxapex
|-resisted|p2a: Toxapex
|-damage|p2a: Toxapex|83/100
|
|upkeep
|turn|90
|
|t:|1781325795
|-end|p1a: Iron Valiant|Quark Drive|[silent]
|switch|p1a: Latios|Latios, M|67/100
|switch|p2a: Corviknight|Corviknight, F|28/100
|-ability|p2a: Corviknight|Pressure
|
|upkeep
|turn|91
|
|t:|1781325809
|switch|p2a: Clodsire|Clodsire, M, tera:Steel|62/100
|move|p1a: Latios|Thunderbolt|p2a: Clodsire
|-damage|p2a: Clodsire|44/100
|-status|p2a: Clodsire|par
|
|upkeep
|turn|92
|
|t:|1781325823
|move|p1a: Latios|Thunderbolt|p2a: Clodsire
|-damage|p2a: Clodsire|29/100 par
|cant|p2a: Clodsire|par
|
|upkeep
|turn|93
|
|t:|1781325836
|move|p1a: Latios|Thunderbolt|p2a: Clodsire
|-damage|p2a: Clodsire|13/100 par
|move|p2a: Clodsire|Earthquake|p1a: Latios
|-immune|p1a: Latios|[from] ability: Levitate
|
|upkeep
|turn|94
|
|t:|1781325850
|move|p1a: Latios|Thunderbolt|p2a: Clodsire
|-damage|p2a: Clodsire|0 fnt
|faint|p2a: Clodsire
|
|upkeep
|
|t:|1781325863
|switch|p2a: Alomomola|Alomomola, F|62/100 par
|turn|95
|
|t:|1781325877
|switch|p2a: Toxapex|Toxapex, F|100/100
|move|p1a: Latios|Thunderbolt|p2a: Toxapex
|-supereffective|p2a: Toxapex
|-damage|p2a: Toxapex|50/100
|
|upkeep
|turn|96
|
|t:|1781325890
|switch|p2a: Alomomola|Alomomola, F|95/100 par
|move|p1a: Latios|Thunderbolt|p2a: Alomomola
|-supereffective|p2a: Alomomola
|-damage|p2a: Alomomola|45/100 par
|
|upkeep
|turn|97
|
|t:|1781325904
|switch|p2a: Quagsire|Quagsire, F|100/100
|move|p1a: Latios|Calm Mind|p1a: Latios
|-boost|p1a: Latios|spa|1
|-boost|p1a: Latios|spd|1
|
|upkeep
|turn|98
|
|t:|1781325911
|move|p1a: Latios|Ice Beam|p2a: Quagsire
|-damage|p2a: Quagsire|66/100
|move|p2a: Quagsire|Toxic|p1a: Latios
|-status|p1a: Latios|tox
|
|-damage|p1a: Latios|61/100 tox|[from] psn
|upkeep
|turn|99
|
|t:|1781325918
|switch|p1a: Iron Valiant|Iron Valiant|21/100
|move|p2a: Quagsire|Recover|p2a: Quagsire
|-heal|p2a: Quagsire|100/100
|
|upkeep
|turn|100
|
|t:|1781325925
|switch|p2a: Alomomola|Alomomola, F|78/100 par
|move|p1a: Iron Valiant|Encore||[still]
|-fail|p1a: Iron Valiant
|
|upkeep
|turn|101
|
|t:|1781325932
|move|p1a: Iron Valiant|Moonblast|p2a: Alomomola
|-crit|p2a: Alomomola
|-damage|p2a: Alomomola|19/100 par
|move|p2a: Alomomola|Wish|p2a: Alomomola
|
|upkeep
|turn|102
|
|t:|1781325939
|move|p2a: Alomomola|Protect|p2a: Alomomola
|-singleturn|p2a: Alomomola|Protect
|move|p1a: Iron Valiant|Moonblast|p2a: Alomomola
|-activate|p2a: Alomomola|move: Protect
|
|-heal|p2a: Alomomola|69/100 par|[from] move: Wish|[wisher] Alomomola
|upkeep
|turn|103
|
|t:|1781325946
|move|p1a: Iron Valiant|Moonblast|p2a: Alomomola
|-damage|p2a: Alomomola|29/100 par
|move|p2a: Alomomola|Flip Turn|p1a: Iron Valiant
|-damage|p1a: Iron Valiant|0 fnt
|faint|p1a: Iron Valiant
|-end|p1a: Iron Valiant|Quark Drive|[silent]
|
|t:|1781325954
|switch|p2a: Corviknight|Corviknight, F|28/100|[from] Flip Turn
|-ability|p2a: Corviknight|Pressure
|
|upkeep
|
|t:|1781325956
|switch|p1a: Latios|Latios, M|61/100 tox
|turn|104
|
|t:|1781325963
|switch|p2a: Quagsire|Quagsire, F|100/100
|move|p1a: Latios|Thunderbolt|p2a: Quagsire
|-immune|p2a: Quagsire
|
|-damage|p1a: Latios|55/100 tox|[from] psn
|upkeep
|turn|105
|
|t:|1781325970
|switch|p2a: Corviknight|Corviknight, F|28/100
|-ability|p2a: Corviknight|Pressure
|move|p1a: Latios|Ice Beam|p2a: Corviknight
|-damage|p2a: Corviknight|1/100
|
|-damage|p1a: Latios|43/100 tox|[from] psn
|upkeep
|turn|106
|
|t:|1781325977
|switch|p2a: Quagsire|Quagsire, F|100/100
|move|p1a: Latios|Ice Beam|p2a: Quagsire
|-damage|p2a: Quagsire|70/100
|
|-damage|p1a: Latios|25/100 tox|[from] psn
|upkeep
|turn|107
|
|t:|1781325984
|switch|p2a: Corviknight|Corviknight, F|1/100
|-ability|p2a: Corviknight|Pressure
|move|p1a: Latios|Recover|p1a: Latios
|-heal|p1a: Latios|76/100 tox
|
|-damage|p1a: Latios|52/100 tox|[from] psn
|upkeep
|turn|108
|
|t:|1781325991
|move|p1a: Latios|Ice Beam|p2a: Corviknight
|-damage|p2a: Corviknight|0 fnt
|faint|p2a: Corviknight
|
|-damage|p1a: Latios|22/100 tox|[from] psn
|upkeep
|
|t:|1781325998
|switch|p2a: Alomomola|Alomomola, F|63/100 par
|turn|109
|
|t:|1781326005
|move|p1a: Latios|Thunderbolt|p2a: Alomomola
|-supereffective|p2a: Alomomola
|-damage|p2a: Alomomola|8/100 par
|cant|p2a: Alomomola|par
|
|-damage|p1a: Latios|0 fnt|[from] psn
|faint|p1a: Latios
|upkeep
|
|t:|1781326010
|switch|p1a: Kingambit|Kingambit, M|63/100
|-activate|p1a: Kingambit|ability: Supreme Overlord
|-start|p1a: Kingambit|fallen5|[silent]
|turn|110
|
|t:|1781326023
|switch|p2a: Toxapex|Toxapex, F|83/100
|move|p1a: Kingambit|Low Kick|p2a: Toxapex
|-resisted|p2a: Toxapex
|-damage|p2a: Toxapex|76/100
|
|-heal|p1a: Kingambit|70/100|[from] item: Leftovers
|upkeep
|turn|111
|
|t:|1781326038
|switch|p2a: Alomomola|Alomomola, F|42/100 par
|move|p1a: Kingambit|Swords Dance|p1a: Kingambit
|-boost|p1a: Kingambit|atk|2
|
|-heal|p1a: Kingambit|76/100|[from] item: Leftovers
|upkeep
|turn|112
|
|t:|1781326051
|switch|p2a: Quagsire|Quagsire, F|70/100
|move|p1a: Kingambit|Iron Head|p2a: Quagsire
|-resisted|p2a: Quagsire
|-damage|p2a: Quagsire|48/100
|
|-heal|p1a: Kingambit|82/100|[from] item: Leftovers
|upkeep
|turn|113
|
|t:|1781326060
|move|p1a: Kingambit|Low Kick|p2a: Quagsire
|-damage|p2a: Quagsire|16/100
|move|p2a: Quagsire|Recover|p2a: Quagsire
|-heal|p2a: Quagsire|66/100
|
|-heal|p1a: Kingambit|88/100|[from] item: Leftovers
|upkeep
|turn|114
|
|t:|1781326068
|move|p1a: Kingambit|Low Kick|p2a: Quagsire
|-damage|p2a: Quagsire|38/100
|move|p2a: Quagsire|Recover|p2a: Quagsire
|-heal|p2a: Quagsire|88/100
|
|-heal|p1a: Kingambit|94/100|[from] item: Leftovers
|upkeep
|turn|115
|
|t:|1781326077
|move|p1a: Kingambit|Sucker Punch||[still]
|-fail|p1a: Kingambit
|move|p2a: Quagsire|Recover|p2a: Quagsire
|-heal|p2a: Quagsire|100/100
|
|-heal|p1a: Kingambit|100/100|[from] item: Leftovers
|upkeep
|turn|116
|
|t:|1781326084
|move|p1a: Kingambit|Low Kick|p2a: Quagsire
|-damage|p2a: Quagsire|70/100
|move|p2a: Quagsire|Counter|p1a: Kingambit
|-damage|p1a: Kingambit|35/100
|
|-heal|p1a: Kingambit|41/100|[from] item: Leftovers
|upkeep
|turn|117
|
|t:|1781326092
|move|p1a: Kingambit|Swords Dance|p1a: Kingambit
|-boost|p1a: Kingambit|atk|2
|move|p2a: Quagsire|Recover|p2a: Quagsire
|-heal|p2a: Quagsire|100/100
|
|-heal|p1a: Kingambit|47/100|[from] item: Leftovers
|upkeep
|turn|118
|
|t:|1781326101
|move|p1a: Kingambit|Iron Head|p2a: Quagsire
|-resisted|p2a: Quagsire
|-damage|p2a: Quagsire|78/100
|cant|p2a: Quagsire|flinch
|
|-heal|p1a: Kingambit|53/100|[from] item: Leftovers
|upkeep
|turn|119
|
|t:|1781326109
|move|p1a: Kingambit|Swords Dance|p1a: Kingambit
|-boost|p1a: Kingambit|atk|2
|move|p2a: Quagsire|Counter||[still]
|-fail|p2a: Quagsire
|
|-heal|p1a: Kingambit|60/100|[from] item: Leftovers
|upkeep
|turn|120
|
|t:|1781326119
|move|p1a: Kingambit|Swords Dance|p1a: Kingambit
|-boost|p1a: Kingambit|atk|0
|move|p2a: Quagsire|Counter||[still]
|-fail|p2a: Quagsire
|
|-heal|p1a: Kingambit|66/100|[from] item: Leftovers
|upkeep
|turn|121
|
|t:|1781326127
|move|p1a: Kingambit|Swords Dance|p1a: Kingambit
|-boost|p1a: Kingambit|atk|0
|move|p2a: Quagsire|Counter||[still]
|-fail|p2a: Quagsire
|
|-heal|p1a: Kingambit|72/100|[from] item: Leftovers
|upkeep
|turn|122
|
|t:|1781326133
|move|p1a: Kingambit|Iron Head|p2a: Quagsire
|-resisted|p2a: Quagsire
|-damage|p2a: Quagsire|57/100
|move|p2a: Quagsire|Counter|p1a: Kingambit
|-damage|p1a: Kingambit|26/100
|
|-heal|p1a: Kingambit|32/100|[from] item: Leftovers
|upkeep
|turn|123
|
|t:|1781326143
|move|p1a: Kingambit|Swords Dance|p1a: Kingambit
|-boost|p1a: Kingambit|atk|0
|move|p2a: Quagsire|Counter||[still]
|-fail|p2a: Quagsire
|
|-heal|p1a: Kingambit|39/100|[from] item: Leftovers
|upkeep
|turn|124
|
|t:|1781326150
|move|p1a: Kingambit|Swords Dance|p1a: Kingambit
|-boost|p1a: Kingambit|atk|0
|move|p2a: Quagsire|Counter||[still]
|-fail|p2a: Quagsire
|
|-heal|p1a: Kingambit|45/100|[from] item: Leftovers
|upkeep
|turn|125
|
|t:|1781326161
|move|p1a: Kingambit|Swords Dance|p1a: Kingambit
|-boost|p1a: Kingambit|atk|0
|move|p2a: Quagsire|Recover|p2a: Quagsire
|-heal|p2a: Quagsire|100/100
|
|-heal|p1a: Kingambit|51/100|[from] item: Leftovers
|upkeep
|turn|126
|
|t:|1781326168
|move|p1a: Kingambit|Iron Head|p2a: Quagsire
|-resisted|p2a: Quagsire
|-damage|p2a: Quagsire|78/100
|move|p2a: Quagsire|Counter|p1a: Kingambit
|-damage|p1a: Kingambit|4/100
|
|-heal|p1a: Kingambit|10/100|[from] item: Leftovers
|upkeep
|turn|127
|
|t:|1781326177
|move|p1a: Kingambit|Swords Dance|p1a: Kingambit
|-boost|p1a: Kingambit|atk|0
|move|p2a: Quagsire|Toxic|p1a: Kingambit
|-immune|p1a: Kingambit
|
|-heal|p1a: Kingambit|16/100|[from] item: Leftovers
|upkeep
|turn|128
|
|t:|1781326184
|move|p1a: Kingambit|Swords Dance|p1a: Kingambit
|-boost|p1a: Kingambit|atk|0
|move|p2a: Quagsire|Toxic|p1a: Kingambit
|-immune|p1a: Kingambit
|
|-heal|p1a: Kingambit|23/100|[from] item: Leftovers
|upkeep
|turn|129
|
|t:|1781326191
|move|p1a: Kingambit|Iron Head|p2a: Quagsire
|-resisted|p2a: Quagsire
|-damage|p2a: Quagsire|55/100
|move|p2a: Quagsire|Toxic|p1a: Kingambit
|-immune|p1a: Kingambit
|
|-heal|p1a: Kingambit|29/100|[from] item: Leftovers
|upkeep
|turn|130
|
|t:|1781326199
|move|p1a: Kingambit|Swords Dance|p1a: Kingambit
|-boost|p1a: Kingambit|atk|0
|move|p2a: Quagsire|Stealth Rock|p1a: Kingambit
|-sidestart|p1: Nick Suzuki|move: Stealth Rock
|
|-heal|p1a: Kingambit|35/100|[from] item: Leftovers
|upkeep
|turn|131
|
|t:|1781326206
|move|p1a: Kingambit|Swords Dance|p1a: Kingambit
|-boost|p1a: Kingambit|atk|0
|move|p2a: Quagsire|Counter||[still]
|-fail|p2a: Quagsire
|
|-heal|p1a: Kingambit|41/100|[from] item: Leftovers
|upkeep
|turn|132
|
|t:|1781326213
|move|p1a: Kingambit|Swords Dance|p1a: Kingambit
|-boost|p1a: Kingambit|atk|0
|move|p2a: Quagsire|Counter||[still]
|-fail|p2a: Quagsire
|
|-heal|p1a: Kingambit|47/100|[from] item: Leftovers
|upkeep
|turn|133
|
|t:|1781326220
|switch|p2a: Toxapex|Toxapex, F|100/100
|move|p1a: Kingambit|Swords Dance|p1a: Kingambit
|-boost|p1a: Kingambit|atk|0
|
|-heal|p1a: Kingambit|54/100|[from] item: Leftovers
|upkeep
|turn|134
|
|t:|1781326227
|move|p1a: Kingambit|Iron Head|p2a: Toxapex
|-resisted|p2a: Toxapex
|-damage|p2a: Toxapex|22/100
|move|p2a: Toxapex|Haze|p2a: Toxapex
|-clearallboost
|
|-heal|p1a: Kingambit|60/100|[from] item: Leftovers
|upkeep
|turn|135
|
|t:|1781326236
|move|p1a: Kingambit|Iron Head|p2a: Toxapex
|-resisted|p2a: Toxapex
|-damage|p2a: Toxapex|2/100
|move|p2a: Toxapex|Haze|p2a: Toxapex
|-clearallboost
|
|-heal|p1a: Kingambit|66/100|[from] item: Leftovers
|upkeep
|turn|136
|
|t:|1781326245
|move|p1a: Kingambit|Iron Head|p2a: Toxapex
|-resisted|p2a: Toxapex
|-damage|p2a: Toxapex|0 fnt
|faint|p2a: Toxapex
|
|-heal|p1a: Kingambit|72/100|[from] item: Leftovers
|upkeep
|
|t:|1781326253
|switch|p2a: Alomomola|Alomomola, F|75/100 par
|turn|137
|
|t:|1781326260
|move|p1a: Kingambit|Swords Dance|p1a: Kingambit
|-boost|p1a: Kingambit|atk|2
|cant|p2a: Alomomola|par
|
|-heal|p1a: Kingambit|78/100|[from] item: Leftovers
|upkeep
|turn|138
|
|t:|1781326267
|move|p1a: Kingambit|Iron Head|p2a: Alomomola
|-resisted|p2a: Alomomola
|-damage|p2a: Alomomola|35/100 par
|move|p2a: Alomomola|Wish|p2a: Alomomola
|
|-heal|p1a: Kingambit|85/100|[from] item: Leftovers
|upkeep
|turn|139
|
|t:|1781326275
|switch|p2a: Quagsire|Quagsire, F|55/100
|move|p1a: Kingambit|Sucker Punch||[still]
|-fail|p1a: Kingambit
|
|-heal|p2a: Quagsire|100/100|[from] move: Wish|[wisher] Alomomola
|-heal|p1a: Kingambit|91/100|[from] item: Leftovers
|upkeep
|turn|140
|
|t:|1781326282
|move|p1a: Kingambit|Low Kick|p2a: Quagsire
|-damage|p2a: Quagsire|71/100
|move|p2a: Quagsire|Counter|p1a: Kingambit
|-damage|p1a: Kingambit|27/100
|
|-heal|p1a: Kingambit|33/100|[from] item: Leftovers
|upkeep
|turn|141
|
|t:|1781326289
|switch|p2a: Alomomola|Alomomola, F|68/100 par
|move|p1a: Kingambit|Iron Head|p2a: Alomomola
|-resisted|p2a: Alomomola
|-damage|p2a: Alomomola|25/100 par
|
|-heal|p1a: Kingambit|40/100|[from] item: Leftovers
|upkeep
|turn|142
|
|t:|1781326296
|switch|p2a: Quagsire|Quagsire, F|71/100
|move|p1a: Kingambit|Low Kick|p2a: Quagsire
|-damage|p2a: Quagsire|42/100
|
|-heal|p1a: Kingambit|46/100|[from] item: Leftovers
|upkeep
|turn|143
|
|t:|1781326304
|switch|p2a: Alomomola|Alomomola, F|59/100 par
|move|p1a: Kingambit|Swords Dance|p1a: Kingambit
|-boost|p1a: Kingambit|atk|2
|
|-heal|p1a: Kingambit|52/100|[from] item: Leftovers
|upkeep
|turn|144
|
|t:|1781326310
|move|p2a: Alomomola|Protect|p2a: Alomomola
|-singleturn|p2a: Alomomola|Protect
|move|p1a: Kingambit|Iron Head|p2a: Alomomola
|-activate|p2a: Alomomola|move: Protect
|
|-heal|p1a: Kingambit|58/100|[from] item: Leftovers
|upkeep
|turn|145
|
|t:|1781326317
|switch|p2a: Quagsire|Quagsire, F|42/100
|move|p1a: Kingambit|Iron Head|p2a: Quagsire
|-resisted|p2a: Quagsire
|-damage|p2a: Quagsire|18/100
|
|-heal|p1a: Kingambit|64/100|[from] item: Leftovers
|upkeep
|turn|146
|
|t:|1781326324
|switch|p2a: Alomomola|Alomomola, F|92/100 par
|move|p1a: Kingambit|Low Kick|p2a: Alomomola
|-damage|p2a: Alomomola|22/100 par
|
|-heal|p1a: Kingambit|71/100|[from] item: Leftovers
|upkeep
|turn|147
|
|t:|1781326331
|cant|p2a: Alomomola|par
|move|p1a: Kingambit|Low Kick|p2a: Alomomola
|-damage|p2a: Alomomola|0 fnt
|faint|p2a: Alomomola
|
|-heal|p1a: Kingambit|77/100|[from] item: Leftovers
|upkeep
|
|t:|1781326336
|switch|p2a: Quagsire|Quagsire, F|18/100
|turn|148
|c|☆Nick Suzuki|gg wp
|
|t:|1781326345
|move|p1a: Kingambit|Low Kick|p2a: Quagsire
|-damage|p2a: Quagsire|0 fnt
|faint|p2a: Quagsire
|
|win|Nick Suzuki
|raw|Nick Suzuki's rating: 1504 &rarr; <strong>1526</strong><br />(+22 for winning)
|raw|n1ghtzz33's rating: 1544 &rarr; <strong>1522</strong><br />(-22 for losing)
|l|☆n1ghtzz33
|player|p2|
|l|☆Nick Suzuki
|player|p1|
