|j|☆silver jay#2240
|j|☆tony urbadaliano
|t:|1781124920
|gametype|singles
|player|p1|silver jay#2240|grusha|1705
|player|p2|tony urbadaliano|hooligans|1652
|gen|9
|tier|[Gen 9] OU
|rated|
|rule|HP Percentage Mod: HP is shown in percentages
|rule|Endless Battle Clause: Forcing endless battles is banned
|rule|Species Clause: Limit one of each Pokémon
|rule|OHKO Clause: OHKO moves are banned
|rule|Evasion Items Clause: Evasion items are banned
|rule|Evasion Moves Clause: Evasion moves are banned
|rule|Evasion Abilities Clause: Evasion abilities are banned
|rule|Sleep Moves Clause: Sleep-inducing moves are banned
|clearpoke
|poke|p1|Iron Hands|
|poke|p1|Iron Treads|
|poke|p1|Dragonite, M|
|poke|p1|Darkrai|
|poke|p1|Deoxys-Speed|
|poke|p1|Toxapex, M|
|poke|p2|Iron Valiant|
|poke|p2|Latias, F|
|poke|p2|Kingambit, M|
|poke|p2|Cinderace, F|
|poke|p2|Ogerpon-Wellspring, F|
|poke|p2|Landorus-Therian, M|
|teampreview
|inactive|Battle timer is ON: inactive players will automatically lose when time's up. (requested by tony urbadaliano)
|inactive|silver jay#2240 has 120 seconds left.
|
|t:|1781124954
|teamsize|p1|6
|teamsize|p2|6
|start
|switch|p1a: Darkrai|Darkrai|100/100
|switch|p2a: cLOUDDEAD|Landorus-Therian, M|100/100
|-ability|p2a: cLOUDDEAD|Intimidate|boost
|-unboost|p1a: Darkrai|atk|1
|turn|1
|
|t:|1781124964
|switch|p2a: The Blue Mask|Ogerpon-Wellspring, F|100/100
|move|p1a: Darkrai|Ice Beam|p2a: The Blue Mask
|-damage|p2a: The Blue Mask|48/100
|
|upkeep
|turn|2
|
|t:|1781124969
|switch|p2a: Firestarter|Cinderace, F|100/100
|move|p1a: Darkrai|Ice Beam|p2a: Firestarter
|-resisted|p2a: Firestarter
|-damage|p2a: Firestarter|71/100
|
|upkeep
|turn|3
|
|t:|1781124977
|switch|p1a: Toxapex|Toxapex, M|100/100
|move|p2a: Firestarter|U-turn|p1a: Toxapex
|-resisted|p1a: Toxapex
|-damage|p1a: Toxapex|94/100
|
|t:|1781124993
|switch|p2a: Crimson King|Kingambit, M|100/100|[from] U-turn
|
|upkeep
|turn|4
|
|t:|1781125003
|move|p2a: Crimson King|Swords Dance|p2a: Crimson King
|-boost|p2a: Crimson King|atk|2
|move|p1a: Toxapex|Surf|p2a: Crimson King
|-damage|p2a: Crimson King|68/100
|
|-heal|p2a: Crimson King|74/100|[from] item: Leftovers
|upkeep
|turn|5
|
|t:|1781125016
|switch|p1a: Iron Hands|Iron Hands|100/100
|move|p2a: Crimson King|Kowtow Cleave|p1a: Iron Hands
|-resisted|p1a: Iron Hands
|-damage|p1a: Iron Hands|62/100
|
|-heal|p2a: Crimson King|80/100|[from] item: Leftovers
|upkeep
|turn|6
|
|t:|1781125032
|switch|p2a: cLOUDDEAD|Landorus-Therian, M|100/100
|-ability|p2a: cLOUDDEAD|Intimidate|boost
|-unboost|p1a: Iron Hands|atk|1
|move|p1a: Iron Hands|Drain Punch|p2a: cLOUDDEAD
|-resisted|p2a: cLOUDDEAD
|-damage|p2a: cLOUDDEAD|87/100
|-heal|p1a: Iron Hands|68/100|[from] drain|[of] p2a: cLOUDDEAD
|-damage|p1a: Iron Hands|51/100|[from] item: Rocky Helmet|[of] p2a: cLOUDDEAD
|
|upkeep
|turn|7
|
|t:|1781125043
|-end|p1a: Iron Hands|Quark Drive|[silent]
|switch|p1a: Iron Treads|Iron Treads|100/100
|-item|p1a: Iron Treads|Air Balloon
|move|p2a: cLOUDDEAD|Earthquake|p1a: Iron Treads
|-immune|p1a: Iron Treads
|
|upkeep
|turn|8
|
|t:|1781125051
|move|p1a: Iron Treads|Ice Spinner|p2a: cLOUDDEAD
|-supereffective|p2a: cLOUDDEAD
|-damage|p2a: cLOUDDEAD|0 fnt
|-damage|p1a: Iron Treads|84/100|[from] item: Rocky Helmet|[of] p2a: cLOUDDEAD
|faint|p2a: cLOUDDEAD
|
|upkeep
|
|t:|1781125054
|switch|p2a: Lodi Dodi|Latias, F|100/100
|turn|9
|
|t:|1781125068
|-end|p1a: Iron Treads|Quark Drive|[silent]
|switch|p1a: Darkrai|Darkrai|100/100
|move|p2a: Lodi Dodi|Agility|p2a: Lodi Dodi
|-boost|p2a: Lodi Dodi|spe|2
|
|upkeep
|turn|10
|
|t:|1781125092
|move|p2a: Lodi Dodi|Calm Mind|p2a: Lodi Dodi
|-boost|p2a: Lodi Dodi|spa|1
|-boost|p2a: Lodi Dodi|spd|1
|move|p1a: Darkrai|Trick|p2a: Lodi Dodi
|-activate|p1a: Darkrai|move: Trick|[of] p2a: Lodi Dodi
|-item|p2a: Lodi Dodi|Choice Specs|[from] move: Trick
|-item|p1a: Darkrai|Weakness Policy|[from] move: Trick
|
|upkeep
|turn|11
|
|t:|1781125103
|switch|p1a: Toxapex|Toxapex, M|100/100
|move|p2a: Lodi Dodi|Draining Kiss|p1a: Toxapex
|-resisted|p1a: Toxapex
|-damage|p1a: Toxapex|93/100
|
|upkeep
|turn|12
|
|t:|1781125111
|switch|p2a: Crimson King|Kingambit, M|80/100
|move|p1a: Toxapex|Infestation|p2a: Crimson King
|-damage|p2a: Crimson King|75/100
|-activate|p2a: Crimson King|move: Infestation|[of] p1a: Toxapex
|
|-heal|p2a: Crimson King|81/100|[from] item: Leftovers
|-damage|p2a: Crimson King|69/100|[from] move: Infestation|[partiallytrapped]
|upkeep
|turn|13
|
|t:|1781125124
|switch|p1a: Iron Treads|Iron Treads|84/100
|-item|p1a: Iron Treads|Air Balloon
|move|p2a: Crimson King|Swords Dance|p2a: Crimson King
|-boost|p2a: Crimson King|atk|2
|
|-heal|p2a: Crimson King|75/100|[from] item: Leftovers
|-end|p2a: Crimson King|Infestation|[partiallytrapped]|[silent]
|upkeep
|turn|14
|
|t:|1781125134
|move|p2a: Crimson King|Sucker Punch||[still]
|-fail|p2a: Crimson King
|move|p1a: Iron Treads|Stealth Rock|p2a: Crimson King
|-sidestart|p2: tony urbadaliano|move: Stealth Rock
|
|-heal|p2a: Crimson King|81/100|[from] item: Leftovers
|upkeep
|turn|15
|j| blackgokuking
|
|t:|1781125159
|move|p2a: Crimson King|Sucker Punch|p1a: Iron Treads
|-damage|p1a: Iron Treads|13/100
|-enditem|p1a: Iron Treads|Air Balloon
|move|p1a: Iron Treads|Earthquake|p2a: Crimson King
|-supereffective|p2a: Crimson King
|-damage|p2a: Crimson King|2/100
|
|-heal|p2a: Crimson King|8/100|[from] item: Leftovers
|upkeep
|turn|16
|
|t:|1781125166
|-end|p1a: Iron Treads|Quark Drive|[silent]
|switch|p1a: Dragonite|Dragonite, M|100/100
|move|p2a: Crimson King|Sucker Punch||[still]
|-fail|p2a: Crimson King
|
|-heal|p2a: Crimson King|14/100|[from] item: Leftovers
|upkeep
|turn|17
|
|t:|1781125174
|move|p1a: Dragonite|Extreme Speed|p2a: Crimson King
|-resisted|p2a: Crimson King
|-damage|p2a: Crimson King|0 fnt
|faint|p2a: Crimson King
|-damage|p1a: Dragonite|91/100|[from] item: Life Orb
|
|upkeep
|
|t:|1781125177
|switch|p2a: Firestarter|Cinderace, F|71/100
|turn|18
|c|☆silver jay#2240|jolly i see
|
|t:|1781125194
|-terastallize|p1a: Dragonite|Normal
|move|p1a: Dragonite|Extreme Speed|p2a: Firestarter
|-damage|p2a: Firestarter|0 fnt
|faint|p2a: Firestarter
|-damage|p1a: Dragonite|81/100|[from] item: Life Orb
|
|upkeep
|
|t:|1781125206
|switch|p2a: Lodi Dodi|Latias, F|100/100
|-damage|p2a: Lodi Dodi|88/100|[from] Stealth Rock
|turn|19
|
|t:|1781125215
|move|p2a: Lodi Dodi|Stored Power|p1a: Dragonite
|-damage|p1a: Dragonite|68/100
|move|p1a: Dragonite|Dragon Dance|p1a: Dragonite
|-boost|p1a: Dragonite|atk|1
|-boost|p1a: Dragonite|spe|1
|
|upkeep
|turn|20
|c|☆silver jay#2240|???? dude what
|
|t:|1781125224
|move|p1a: Dragonite|Dragon Dance|p1a: Dragonite
|-boost|p1a: Dragonite|atk|1
|-boost|p1a: Dragonite|spe|1
|move|p2a: Lodi Dodi|Stored Power|p1a: Dragonite
|-damage|p1a: Dragonite|56/100
|
|upkeep
|turn|21
|
|t:|1781125228
|move|p1a: Dragonite|Dragon Dance|p1a: Dragonite
|-boost|p1a: Dragonite|atk|1
|-boost|p1a: Dragonite|spe|1
|move|p2a: Lodi Dodi|Stored Power|p1a: Dragonite
|-damage|p1a: Dragonite|43/100
|
|upkeep
|turn|22
|
|t:|1781125244
|move|p1a: Dragonite|Extreme Speed|p2a: Lodi Dodi
|-damage|p2a: Lodi Dodi|0 fnt
|faint|p2a: Lodi Dodi
|-damage|p1a: Dragonite|33/100|[from] item: Life Orb
|
|upkeep
|
|t:|1781125247
|switch|p2a: Loveless|Iron Valiant|100/100
|-damage|p2a: Loveless|94/100|[from] Stealth Rock
|turn|23
|j| Arvayne
|
|t:|1781125252
|move|p2a: Loveless|Vacuum Wave|p1a: Dragonite
|-supereffective|p1a: Dragonite
|-crit|p1a: Dragonite
|-damage|p1a: Dragonite|0 fnt
|faint|p1a: Dragonite
|
|upkeep
|c|☆silver jay#2240|ahh
|c|☆tony urbadaliano|dude what
|c|☆silver jay#2240|shldve espeed
|c|☆silver jay#2240|was afraid of tera
|c|☆tony urbadaliano|afraid
|c|☆tony urbadaliano|no
|c|☆silver jay#2240|what?
|c|☆silver jay#2240|wdym?
|inactive|silver jay#2240 has 120 seconds left.
|c|☆tony urbadaliano|urbadaliano
|c|☆silver jay#2240|anyways its fine since
|c|☆silver jay#2240|specs
|c|☆tony urbadaliano|i was literally throwing
|
|t:|1781125296
|switch|p1a: Deoxys|Deoxys-Speed|100/100
|-ability|p1a: Deoxys|Pressure
|turn|24
|
|t:|1781125300
|-end|p2a: Loveless|Quark Drive|[silent]
|switch|p2a: The Blue Mask|Ogerpon-Wellspring, F|48/100
|-damage|p2a: The Blue Mask|36/100|[from] Stealth Rock
|move|p1a: Deoxys|Calm Mind|p1a: Deoxys
|-boost|p1a: Deoxys|spa|1
|-boost|p1a: Deoxys|spd|1
|
|upkeep
|turn|25
|
|t:|1781125304
|move|p1a: Deoxys|Stored Power|p2a: The Blue Mask
|-damage|p2a: The Blue Mask|1/100
|move|p2a: The Blue Mask|Knock Off|p1a: Deoxys
|-supereffective|p1a: Deoxys
|-damage|p1a: Deoxys|0 fnt
|-enditem|p1a: Deoxys|Leftovers|[from] move: Knock Off|[of] p2a: The Blue Mask
|faint|p1a: Deoxys
|
|upkeep
|c|☆tony urbadaliano|lol
|
|t:|1781125308
|switch|p1a: Darkrai|Darkrai|100/100
|turn|26
|
|t:|1781125312
|move|p1a: Darkrai|Sludge Bomb|p2a: The Blue Mask
|-supereffective|p2a: The Blue Mask
|-damage|p2a: The Blue Mask|0 fnt
|faint|p2a: The Blue Mask
|
|upkeep
|c|☆silver jay#2240|yea but
|c|☆silver jay#2240|now gg
|c|☆tony urbadaliano|no i nkow
|
|t:|1781125318
|switch|p2a: Loveless|Iron Valiant|94/100
|-damage|p2a: Loveless|88/100|[from] Stealth Rock
|turn|27
|c|☆tony urbadaliano|still but
|c|☆tony urbadaliano|yeah gg
|
|t:|1781125331
|switch|p1a: Iron Treads|Iron Treads|13/100
|move|p2a: Loveless|Vacuum Wave|p1a: Iron Treads
|-supereffective|p1a: Iron Treads
|-damage|p1a: Iron Treads|0 fnt
|faint|p1a: Iron Treads
|-end|p1a: Iron Treads|Quark Drive|[silent]
|
|upkeep
|
|t:|1781125333
|switch|p1a: Darkrai|Darkrai|100/100
|turn|28
|
|t:|1781125336
|move|p2a: Loveless|Vacuum Wave|p1a: Darkrai
|-supereffective|p1a: Darkrai
|-damage|p1a: Darkrai|24/100
|-enditem|p1a: Darkrai|Weakness Policy
|-boost|p1a: Darkrai|atk|2|[from] item: Weakness Policy
|-boost|p1a: Darkrai|spa|2|[from] item: Weakness Policy
|move|p1a: Darkrai|Sludge Bomb|p2a: Loveless
|-supereffective|p2a: Loveless
|-damage|p2a: Loveless|0 fnt
|faint|p2a: Loveless
|-end|p2a: Loveless|Quark Drive|[silent]
|
|win|silver jay#2240
|raw|silver jay#2240's rating: 1705 &rarr; <strong>1722</strong><br />(+17 for winning)
|raw|tony urbadaliano's rating: 1652 &rarr; <strong>1635</strong><br />(-17 for losing)
|l|☆tony urbadaliano
|player|p2|
|l|☆silver jay#2240
|player|p1|
|l| blackgokuking
|l| Arvayne
