|j|☆tuanquewang
|j|☆juli<33
|t:|1781284158
|gametype|singles
|player|p1|tuanquewang|backersf|1797
|player|p2|juli<33|caitlin-masters|1746
|gen|9
|tier|[Gen 9] OU
|rated|
|rule|HP Percentage Mod: HP is shown in percentages
|rule|Endless Battle Clause: Forcing endless battles is banned
|rule|Species Clause: Limit one of each Pokémon
|rule|OHKO Clause: OHKO moves are banned
|rule|Evasion Items Clause: Evasion items are banned
|rule|Evasion Moves Clause: Evasion moves are banned
|rule|Evasion Abilities Clause: Evasion abilities are banned
|rule|Sleep Moves Clause: Sleep-inducing moves are banned
|clearpoke
|poke|p1|Slowking-Galar, M|
|poke|p1|Hydrapple, F|
|poke|p1|Cinderace, M|
|poke|p1|Alomomola, F|
|poke|p1|Mamoswine, M|
|poke|p1|Gholdengo|
|poke|p2|Slither Wing|
|poke|p2|Ninetales, M|
|poke|p2|Ceruledge, M|
|poke|p2|Great Tusk|
|poke|p2|Walking Wake|
|poke|p2|Venusaur, M|
|teampreview
|inactive|Battle timer is ON: inactive players will automatically lose when time's up. (requested by tuanquewang)
|
|t:|1781284177
|teamsize|p1|6
|teamsize|p2|6
|start
|switch|p1a: Hydrapple|Hydrapple, F, shiny|100/100
|switch|p2a: naruto|Ninetales, M|100/100
|-weather|SunnyDay|[from] ability: Drought|[of] p2a: naruto
|turn|1
|
|t:|1781284181
|switch|p2a: OMG ILY|Slither Wing|100/100
|-activate|p2a: OMG ILY|ability: Protosynthesis
|-start|p2a: OMG ILY|protosynthesisatk
|switch|p1a: Slowking|Slowking-Galar, M|100/100
|
|-weather|SunnyDay|[upkeep]
|upkeep
|turn|2
|
|t:|1781284199
|switch|p1a: Alomomola|Alomomola, F|100/100
|-terastallize|p2a: OMG ILY|Fire
|move|p2a: OMG ILY|Flare Blitz|p1a: Alomomola
|-resisted|p1a: Alomomola
|-damage|p1a: Alomomola|61/100
|-damage|p2a: OMG ILY|82/100|[from] Recoil
|
|-weather|SunnyDay|[upkeep]
|-heal|p1a: Alomomola|67/100|[from] item: Leftovers
|upkeep
|turn|3
|
|t:|1781284202
|move|p2a: OMG ILY|U-turn|p1a: Alomomola
|-damage|p1a: Alomomola|38/100
|
|t:|1781284205
|-end|p2a: OMG ILY|Protosynthesis|[silent]
|switch|p2a: Red judas|Ceruledge, M|100/100|[from] U-turn
|-item|p2a: Red judas|Air Balloon
|move|p1a: Alomomola|Flip Turn|p2a: Red judas
|-supereffective|p2a: Red judas
|-damage|p2a: Red judas|79/100
|-ability|p2a: Red judas|Weak Armor|boost
|-unboost|p2a: Red judas|def|1
|-boost|p2a: Red judas|spe|2
|-enditem|p2a: Red judas|Air Balloon
|
|t:|1781284215
|switch|p1a: Hydrapple|Hydrapple, F, shiny|100/100|[from] Flip Turn
|
|-weather|SunnyDay|[upkeep]
|upkeep
|turn|4
|
|t:|1781284221
|move|p2a: Red judas|Swords Dance|p2a: Red judas
|-boost|p2a: Red judas|atk|2
|move|p1a: Hydrapple|Earth Power|p2a: Red judas
|-supereffective|p2a: Red judas
|-damage|p2a: Red judas|0 fnt
|faint|p2a: Red judas
|
|-weather|SunnyDay|[upkeep]
|upkeep
|
|t:|1781284232
|switch|p2a: Walkenheimer|Walking Wake|100/100
|-activate|p2a: Walkenheimer|ability: Protosynthesis
|-start|p2a: Walkenheimer|protosynthesisspe
|turn|5
|
|t:|1781284242
|switch|p1a: Slowking|Slowking-Galar, M|100/100
|move|p2a: Walkenheimer|Hydro Steam|p1a: Slowking
|-damage|p1a: Slowking|60/100
|
|-weather|SunnyDay|[upkeep]
|-heal|p1a: Slowking|66/100|[from] item: Black Sludge
|upkeep
|turn|6
|
|t:|1781284246
|move|p2a: Walkenheimer|Knock Off|p1a: Slowking
|-supereffective|p1a: Slowking
|-damage|p1a: Slowking|31/100
|-enditem|p1a: Slowking|Black Sludge|[from] move: Knock Off|[of] p2a: Walkenheimer
|-prepare|p1a: Slowking|Chilly Reception|[premajor]
|move|p1a: Slowking|Chilly Reception|p1a: Slowking
|-weather|Snowscape
|-end|p2a: Walkenheimer|Protosynthesis
|
|t:|1781284250
|switch|p1a: Cinderace|Cinderace, M|100/100|[from] Chilly Reception
|
|-weather|Snowscape|[upkeep]
|upkeep
|turn|7
|
|t:|1781284252
|-end|p2a: Walkenheimer|Protosynthesis|[silent]
|switch|p2a: naruto|Ninetales, M|100/100
|-weather|SunnyDay|[from] ability: Drought|[of] p2a: naruto
|move|p1a: Cinderace|U-turn|p2a: naruto
|-start|p1a: Cinderace|typechange|Bug|[from] ability: Libero
|-resisted|p2a: naruto
|-damage|p2a: naruto|76/100
|
|t:|1781284255
|switch|p1a: Slowking|Slowking-Galar, M|64/100|[from] U-turn
|
|-weather|SunnyDay|[upkeep]
|upkeep
|turn|8
|
|t:|1781284258
|move|p2a: naruto|Overheat|p1a: Slowking
|-damage|p1a: Slowking|20/100
|-unboost|p2a: naruto|spa|2
|-prepare|p1a: Slowking|Chilly Reception|[premajor]
|move|p1a: Slowking|Chilly Reception|p1a: Slowking
|-weather|Snowscape
|
|t:|1781284261
|switch|p1a: Alomomola|Alomomola, F|71/100|[from] Chilly Reception
|
|-weather|Snowscape|[upkeep]
|-heal|p1a: Alomomola|77/100|[from] item: Leftovers
|upkeep
|turn|9
|
|t:|1781284269
|switch|p2a: Flowey|Venusaur, M|100/100
|move|p1a: Alomomola|Wish|p1a: Alomomola
|
|-weather|Snowscape|[upkeep]
|-heal|p1a: Alomomola|83/100|[from] item: Leftovers
|upkeep
|turn|10
|
|t:|1781284276
|switch|p1a: Slowking|Slowking-Galar, M|54/100
|move|p2a: Flowey|Giga Drain|p1a: Slowking
|-resisted|p1a: Slowking
|-damage|p1a: Slowking|41/100
|-damage|p2a: Flowey|91/100|[from] item: Life Orb
|
|-weather|Snowscape|[upkeep]
|-heal|p1a: Slowking|100/100|[from] move: Wish|[wisher] Alomomola
|upkeep
|turn|11
|
|t:|1781284282
|move|p2a: Flowey|Earthquake|p1a: Slowking
|-supereffective|p1a: Slowking
|-damage|p1a: Slowking|43/100
|-damage|p2a: Flowey|81/100|[from] item: Life Orb
|move|p1a: Slowking|Psychic Noise|p2a: Flowey
|-supereffective|p2a: Flowey
|-damage|p2a: Flowey|3/100
|-start|p2a: Flowey|move: Heal Block
|
|-weather|Snowscape|[upkeep]
|upkeep
|turn|12
|
|t:|1781284288
|switch|p2a: naruto|Ninetales, M|76/100
|-weather|SunnyDay|[from] ability: Drought|[of] p2a: naruto
|switch|p1a: Alomomola|Alomomola, F|100/100
|
|-weather|SunnyDay|[upkeep]
|upkeep
|turn|13
|
|t:|1781284291
|move|p2a: naruto|Healing Wish|p2a: naruto
|faint|p2a: naruto
|move|p1a: Alomomola|Flip Turn|p2: naruto|[notarget]
|-fail|p1a: Alomomola
|
|-weather|SunnyDay|[upkeep]
|upkeep
|
|t:|1781284292
|switch|p2a: Flowey|Venusaur, M|3/100
|-heal|p2a: Flowey|100/100|[from] move: Healing Wish
|turn|14
|
|t:|1781284301
|switch|p1a: Slowking|Slowking-Galar, M|76/100
|move|p2a: Flowey|Growth|p2a: Flowey
|-boost|p2a: Flowey|atk|2
|-boost|p2a: Flowey|spa|2
|
|-weather|SunnyDay|[upkeep]
|upkeep
|turn|15
|
|t:|1781284310
|switch|p1a: Hydrapple|Hydrapple, F, shiny|100/100
|move|p2a: Flowey|Giga Drain|p1a: Hydrapple
|-resisted|p1a: Hydrapple
|-damage|p1a: Hydrapple|81/100
|-damage|p2a: Flowey|91/100|[from] item: Life Orb
|
|-weather|SunnyDay|[upkeep]
|upkeep
|turn|16
|
|t:|1781284313
|switch|p1a: Slowking|Slowking-Galar, M|100/100
|move|p2a: Flowey|Weather Ball|p1a: Slowking
|-damage|p1a: Slowking|30/100
|-damage|p2a: Flowey|81/100|[from] item: Life Orb
|
|-weather|SunnyDay|[upkeep]
|upkeep
|turn|17
|
|t:|1781284322
|switch|p1a: Alomomola|Alomomola, F|100/100
|move|p2a: Flowey|Earthquake|p1a: Alomomola
|-damage|p1a: Alomomola|73/100
|-damage|p2a: Flowey|71/100|[from] item: Life Orb
|
|-weather|SunnyDay|[upkeep]
|-heal|p1a: Alomomola|79/100|[from] item: Leftovers
|upkeep
|turn|18
|
|t:|1781284325
|move|p1a: Alomomola|Protect|p1a: Alomomola
|-singleturn|p1a: Alomomola|Protect
|move|p2a: Flowey|Weather Ball|p1a: Alomomola
|-activate|p1a: Alomomola|move: Protect
|
|-weather|SunnyDay|[upkeep]
|-heal|p1a: Alomomola|86/100|[from] item: Leftovers
|upkeep
|turn|19
|
|t:|1781284331
|move|p2a: Flowey|Weather Ball|p1a: Alomomola
|-resisted|p1a: Alomomola
|-damage|p1a: Alomomola|20/100
|-damage|p2a: Flowey|62/100|[from] item: Life Orb
|move|p1a: Alomomola|Flip Turn|p2a: Flowey
|-resisted|p2a: Flowey
|-damage|p2a: Flowey|57/100
|
|t:|1781284333
|switch|p1a: Cinderace|Cinderace, M|100/100|[from] Flip Turn
|
|-weather|none
|upkeep
|turn|20
|-message|juli<33 forfeited.
|
|win|tuanquewang
|raw|tuanquewang's rating: 1797 &rarr; <strong>1814</strong><br />(+17 for winning)
|raw|juli&lt;33's rating: 1746 &rarr; <strong>1729</strong><br />(-17 for losing)
|l|☆juli<33
|player|p2|
|l|☆tuanquewang
|player|p1|
|j|☆tuanquewang
|player|p1|tuanquewang|backersf|
|l|☆tuanquewang
|player|p1|
