|j|☆drop a baby
|j|☆rekjllj
|t:|1781324146
|gametype|singles
|player|p1|drop a baby|chase|1768
|player|p2|rekjllj|169|1767
|gen|9
|tier|[Gen 9] OU
|rated|
|rule|HP Percentage Mod: HP is shown in percentages
|rule|Endless Battle Clause: Forcing endless battles is banned
|rule|Species Clause: Limit one of each Pokémon
|rule|OHKO Clause: OHKO moves are banned
|rule|Evasion Items Clause: Evasion items are banned
|rule|Evasion Moves Clause: Evasion moves are banned
|rule|Evasion Abilities Clause: Evasion abilities are banned
|rule|Sleep Moves Clause: Sleep-inducing moves are banned
|clearpoke
|poke|p1|Darkrai|
|poke|p1|Deoxys-Speed|
|poke|p1|Raging Bolt|
|poke|p1|Kingambit, M|
|poke|p1|Iron Valiant|
|poke|p1|Great Tusk|
|poke|p2|Iron Moth|
|poke|p2|Gliscor, F|
|poke|p2|Hatterene, F|
|poke|p2|Ogerpon-Wellspring, F|
|poke|p2|Raging Bolt|
|poke|p2|Zamazenta-*|
|teampreview
|c|☆drop a baby|Hf biggest bro
|c|☆rekjllj|hf
|inactive|Battle timer is ON: inactive players will automatically lose when time's up. (requested by rekjllj)
|
|t:|1781324161
|teamsize|p1|6
|teamsize|p2|6
|start
|switch|p1a: IMU|Darkrai|100/100
|switch|p2a: Zamazenta|Zamazenta|100/100
|-ability|p2a: Zamazenta|Dauntless Shield|boost
|-boost|p2a: Zamazenta|def|1
|turn|1
|
|t:|1781324167
|switch|p1a: Speedy Gonzales|Deoxys-Speed, shiny|100/100
|-ability|p1a: Speedy Gonzales|Pressure
|move|p2a: Zamazenta|Light Screen|p2a: Zamazenta
|-sidestart|p2: rekjllj|move: Light Screen
|
|upkeep
|turn|2
|
|t:|1781324172
|switch|p1a: Mihawk|Kingambit, M|100/100
|switch|p2a: Hatterene|Hatterene, F|100/100
|
|upkeep
|turn|3
|
|t:|1781324178
|switch|p2a: Zamazenta|Zamazenta|100/100
|move|p1a: Mihawk|Iron Head|p2a: Zamazenta
|-damage|p2a: Zamazenta|63/100
|
|upkeep
|turn|4
|
|t:|1781324185
|move|p2a: Zamazenta|Reflect|p2a: Zamazenta
|-sidestart|p2: rekjllj|Reflect
|move|p1a: Mihawk|Iron Head|p2a: Zamazenta
|-damage|p2a: Zamazenta|46/100
|
|upkeep
|turn|5
|
|t:|1781324192
|switch|p2a: Gliscor|Gliscor, F|100/100
|-end|p1a: Mihawk|fallenundefined|[silent]
|switch|p1a: Speedy Gonzales|Deoxys-Speed, shiny|100/100
|-ability|p1a: Speedy Gonzales|Pressure
|
|-status|p2a: Gliscor|tox|[from] item: Toxic Orb
|upkeep
|turn|6
|
|t:|1781324198
|move|p1a: Speedy Gonzales|Taunt|p2a: Gliscor
|-start|p2a: Gliscor|move: Taunt
|move|p2a: Gliscor|Earthquake|p1a: Speedy Gonzales
|-damage|p1a: Speedy Gonzales|27/100
|
|upkeep
|turn|7
|
|t:|1781324204
|move|p1a: Speedy Gonzales|Psycho Boost|p2a: Gliscor
|-damage|p2a: Gliscor|54/100 tox
|-unboost|p1a: Speedy Gonzales|spa|2
|-damage|p1a: Speedy Gonzales|17/100|[from] item: Life Orb
|move|p2a: Gliscor|Earthquake|p1a: Speedy Gonzales
|-damage|p1a: Speedy Gonzales|0 fnt
|faint|p1a: Speedy Gonzales
|
|-heal|p2a: Gliscor|67/100 tox|[from] ability: Poison Heal
|upkeep
|
|t:|1781324206
|switch|p1a: IMU|Darkrai|100/100
|turn|8
|
|t:|1781324212
|switch|p2a: Zamazenta|Zamazenta|46/100
|move|p1a: IMU|Nasty Plot|p1a: IMU
|-boost|p1a: IMU|spa|2
|
|-sideend|p2: rekjllj|move: Light Screen
|upkeep
|turn|9
|
|t:|1781324219
|switch|p1a: 🎭|Iron Valiant, shiny|100/100
|-enditem|p1a: 🎭|Booster Energy
|-activate|p1a: 🎭|ability: Quark Drive|[fromitem]
|-start|p1a: 🎭|quarkdrivespe
|move|p2a: Zamazenta|Close Combat|p1a: 🎭
|-resisted|p1a: 🎭
|-damage|p1a: 🎭|67/100
|-unboost|p2a: Zamazenta|def|1
|-unboost|p2a: Zamazenta|spd|1
|
|upkeep
|turn|10
|
|t:|1781324226
|switch|p2a: Iron Moth|Iron Moth|100/100
|-enditem|p2a: Iron Moth|Booster Energy
|-activate|p2a: Iron Moth|ability: Quark Drive|[fromitem]
|-start|p2a: Iron Moth|quarkdrivespe
|move|p1a: 🎭|Calm Mind|p1a: 🎭
|-boost|p1a: 🎭|spa|1
|-boost|p1a: 🎭|spd|1
|
|upkeep
|turn|11
|
|t:|1781324233
|-terastallize|p1a: 🎭|Ghost
|move|p1a: 🎭|Shadow Ball|p2a: Iron Moth
|-damage|p2a: Iron Moth|39/100
|move|p2a: Iron Moth|Sludge Wave|p1a: 🎭
|-resisted|p1a: 🎭
|-damage|p1a: 🎭|39/100
|
|-sideend|p2: rekjllj|Reflect
|upkeep
|turn|12
|
|t:|1781324239
|move|p1a: 🎭|Shadow Ball|p2a: Iron Moth
|-damage|p2a: Iron Moth|0 fnt
|faint|p2a: Iron Moth
|-end|p2a: Iron Moth|Quark Drive|[silent]
|
|upkeep
|
|t:|1781324246
|switch|p2a: Raging Bolt|Raging Bolt|100/100
|-enditem|p2a: Raging Bolt|Booster Energy
|-activate|p2a: Raging Bolt|ability: Protosynthesis|[fromitem]
|-start|p2a: Raging Bolt|protosynthesisspa
|turn|13
|
|t:|1781324252
|move|p2a: Raging Bolt|Thunderclap|p1a: 🎭
|-damage|p1a: 🎭|0 fnt
|faint|p1a: 🎭
|-end|p1a: 🎭|Quark Drive|[silent]
|
|upkeep
|
|t:|1781324255
|switch|p1a: BROTD|Great Tusk, shiny|100/100
|-enditem|p1a: BROTD|Booster Energy
|-activate|p1a: BROTD|ability: Protosynthesis|[fromitem]
|-start|p1a: BROTD|protosynthesisspe
|turn|14
|
|t:|1781324260
|-terastallize|p2a: Raging Bolt|Ghost
|move|p1a: BROTD|Headlong Rush|p2a: Raging Bolt
|-damage|p2a: Raging Bolt|49/100
|-unboost|p1a: BROTD|def|1
|-unboost|p1a: BROTD|spd|1
|move|p2a: Raging Bolt|Dragon Pulse|p1a: BROTD
|-damage|p1a: BROTD|0 fnt
|faint|p1a: BROTD
|-end|p1a: BROTD|Protosynthesis|[silent]
|
|upkeep
|
|t:|1781324266
|switch|p1a: IMU|Darkrai|100/100
|turn|15
|
|t:|1781324272
|-end|p2a: Raging Bolt|Protosynthesis|[silent]
|switch|p2a: Zamazenta|Zamazenta|46/100
|move|p1a: IMU|Nasty Plot|p1a: IMU
|-boost|p1a: IMU|spa|2
|
|upkeep
|turn|16
|
|t:|1781324278
|move|p2a: Zamazenta|Close Combat|p1a: IMU
|-supereffective|p1a: IMU
|-enditem|p1a: IMU|Focus Sash
|-damage|p1a: IMU|1/100
|-unboost|p2a: Zamazenta|def|1
|-unboost|p2a: Zamazenta|spd|1
|move|p1a: IMU|Sludge Bomb|p2a: Zamazenta
|-damage|p2a: Zamazenta|0 fnt
|faint|p2a: Zamazenta
|
|upkeep
|
|t:|1781324284
|switch|p2a: Raging Bolt|Raging Bolt, tera:Ghost|49/100
|turn|17
|
|t:|1781324290
|move|p2a: Raging Bolt|Thunderclap||[still]
|-fail|p2a: Raging Bolt
|move|p1a: IMU|Nasty Plot|p1a: IMU
|-boost|p1a: IMU|spa|2
|
|upkeep
|turn|18
|
|t:|1781324296
|move|p2a: Raging Bolt|Thunderclap||[still]
|-fail|p2a: Raging Bolt
|move|p1a: IMU|Nasty Plot|p1a: IMU
|-boost|p1a: IMU|spa|2
|
|upkeep
|turn|19
|
|t:|1781324301
|move|p2a: Raging Bolt|Thunderclap||[still]
|-fail|p2a: Raging Bolt
|move|p1a: IMU|Nasty Plot|p1a: IMU
|-boost|p1a: IMU|spa|0
|
|upkeep
|turn|20
|
|t:|1781324308
|-end|p2a: Raging Bolt|Protosynthesis|[silent]
|switch|p2a: Hatterene|Hatterene, F|100/100
|move|p1a: IMU|Nasty Plot|p1a: IMU
|-boost|p1a: IMU|spa|0
|
|upkeep
|turn|21
|
|t:|1781324314
|switch|p2a: Gliscor|Gliscor, F|67/100 tox
|move|p1a: IMU|Sludge Bomb|p2a: Gliscor
|-resisted|p2a: Gliscor
|-damage|p2a: Gliscor|0 fnt
|faint|p2a: Gliscor
|
|upkeep
|
|t:|1781324320
|switch|p2a: Raging Bolt|Raging Bolt, tera:Ghost|49/100
|turn|22
|
|t:|1781324325
|move|p2a: Raging Bolt|Thunderclap||[still]
|-fail|p2a: Raging Bolt
|move|p1a: IMU|Nasty Plot|p1a: IMU
|-boost|p1a: IMU|spa|0
|
|upkeep
|turn|23
|
|t:|1781324331
|move|p2a: Raging Bolt|Thunderclap||[still]
|-fail|p2a: Raging Bolt
|move|p1a: IMU|Nasty Plot|p1a: IMU
|-boost|p1a: IMU|spa|0
|
|upkeep
|turn|24
|
|t:|1781324337
|move|p2a: Raging Bolt|Thunderclap||[still]
|-fail|p2a: Raging Bolt
|move|p1a: IMU|Nasty Plot|p1a: IMU
|-boost|p1a: IMU|spa|0
|
|upkeep
|turn|25
|
|t:|1781324342
|move|p2a: Raging Bolt|Thunderclap||[still]
|-fail|p2a: Raging Bolt
|move|p1a: IMU|Nasty Plot|p1a: IMU
|-boost|p1a: IMU|spa|0
|
|upkeep
|turn|26
|
|t:|1781324347
|-end|p2a: Raging Bolt|Protosynthesis|[silent]
|switch|p2a: Ogerpon|Ogerpon-Wellspring, F|100/100
|move|p1a: IMU|Dark Pulse|p2a: Ogerpon
|-damage|p2a: Ogerpon|0 fnt
|faint|p2a: Ogerpon
|
|upkeep
|
|t:|1781324351
|switch|p2a: Hatterene|Hatterene, F|100/100
|turn|27
|
|t:|1781324354
|switch|p2a: Raging Bolt|Raging Bolt, tera:Ghost|49/100
|move|p1a: IMU|Sludge Bomb|p2a: Raging Bolt
|-resisted|p2a: Raging Bolt
|-damage|p2a: Raging Bolt|0 fnt
|faint|p2a: Raging Bolt
|-end|p2a: Raging Bolt|Protosynthesis|[silent]
|
|upkeep
|
|t:|1781324358
|switch|p2a: Hatterene|Hatterene, F|100/100
|turn|28
|
|t:|1781324361
|move|p1a: IMU|Sludge Bomb|p2a: Hatterene
|-supereffective|p2a: Hatterene
|-damage|p2a: Hatterene|0 fnt
|faint|p2a: Hatterene
|
|win|drop a baby
|raw|drop a baby's rating: 1768 &rarr; <strong>1788</strong><br />(+20 for winning)
|raw|rekjllj's rating: 1767 &rarr; <strong>1747</strong><br />(-20 for losing)
|c|☆rekjllj|gg
|l|☆rekjllj
|player|p2|
|c|☆drop a baby|Gg
|l|☆drop a baby
|player|p1|
