|j|☆pivotslophaxmaxxer
|j|☆CyborgParrot127
|t:|1781546031
|gametype|singles
|player|p1|pivotslophaxmaxxer|thorton|1670
|player|p2|CyborgParrot127|clerk|1652
|gen|9
|tier|[Gen 9] OU
|rated|
|rule|HP Percentage Mod: HP is shown in percentages
|rule|Endless Battle Clause: Forcing endless battles is banned
|rule|Species Clause: Limit one of each Pokémon
|rule|OHKO Clause: OHKO moves are banned
|rule|Evasion Items Clause: Evasion items are banned
|rule|Evasion Moves Clause: Evasion moves are banned
|rule|Evasion Abilities Clause: Evasion abilities are banned
|rule|Sleep Moves Clause: Sleep-inducing moves are banned
|clearpoke
|poke|p1|Regieleki|
|poke|p1|Tyranitar, F|
|poke|p1|Ogerpon-Wellspring, F|
|poke|p1|Hatterene, F|
|poke|p1|Gholdengo|
|poke|p1|Gliscor, M|
|poke|p2|Great Tusk|
|poke|p2|Walking Wake|
|poke|p2|Hatterene, F|
|poke|p2|Cinderace, F|
|poke|p2|Venusaur, M|
|poke|p2|Ninetales, M|
|teampreview
|
|t:|1781546043
|teamsize|p1|6
|teamsize|p2|6
|start
|switch|p1a: Regieleki|Regieleki|100/100
|switch|p2a: Cinderace|Cinderace, F|100/100
|turn|1
|inactive|Battle timer is ON: inactive players will automatically lose when time's up. (requested by CyborgParrot127)
|
|t:|1781546051
|switch|p2a: Great Tusk|Great Tusk|100/100
|move|p1a: Regieleki|Volt Switch|p2a: Great Tusk
|-immune|p2a: Great Tusk
|
|upkeep
|turn|2
|
|t:|1781546060
|switch|p1a: Ogerpon|Ogerpon-Wellspring, F|100/100
|move|p2a: Great Tusk|Ice Spinner|p1a: Ogerpon
|-damage|p1a: Ogerpon|62/100
|
|upkeep
|turn|3
|
|t:|1781546067
|-end|p2a: Great Tusk|Protosynthesis|[silent]
|switch|p2a: Ninetales|Ninetales, M, shiny|100/100
|-weather|SunnyDay|[from] ability: Drought|[of] p2a: Ninetales
|move|p1a: Ogerpon|Ivy Cudgel|p2a: Ninetales|[anim] Ivy Cudgel Water
|-supereffective|p2a: Ninetales
|-damage|p2a: Ninetales|25/100
|
|-weather|SunnyDay|[upkeep]
|upkeep
|turn|4
|
|t:|1781546070
|switch|p2a: Hatterene|Hatterene, F|100/100
|move|p1a: Ogerpon|Ivy Cudgel|p2a: Hatterene|[anim] Ivy Cudgel Water
|-damage|p2a: Hatterene|74/100
|-enditem|p2a: Hatterene|Eject Button
|
|t:|1781546073
|switch|p2a: Cinderace|Cinderace, F|100/100
|
|-weather|SunnyDay|[upkeep]
|upkeep
|turn|5
|
|t:|1781546080
|switch|p1a: Tyranitar|Tyranitar, F|100/100
|-weather|Sandstorm|[from] ability: Sand Stream|[of] p1a: Tyranitar
|move|p2a: Cinderace|U-turn|p1a: Tyranitar
|-start|p2a: Cinderace|typechange|Bug|[from] ability: Libero
|-supereffective|p1a: Tyranitar
|-damage|p1a: Tyranitar|3/100
|
|t:|1781546084
|switch|p2a: Ninetales|Ninetales, M, shiny|25/100|[from] U-turn
|-weather|SunnyDay|[from] ability: Drought|[of] p2a: Ninetales
|
|-weather|SunnyDay|[upkeep]
|-heal|p1a: Tyranitar|9/100|[from] item: Leftovers
|upkeep
|turn|6
|
|t:|1781546091
|switch|p1a: Regieleki|Regieleki|100/100
|move|p2a: Ninetales|Overheat|p1a: Regieleki
|-damage|p1a: Regieleki|6/100
|-unboost|p2a: Ninetales|spa|2
|
|-weather|SunnyDay|[upkeep]
|upkeep
|turn|7
|
|t:|1781546097
|switch|p2a: Great Tusk|Great Tusk|100/100
|-activate|p2a: Great Tusk|ability: Protosynthesis
|-start|p2a: Great Tusk|protosynthesisatk
|move|p1a: Regieleki|Light Screen|p1a: Regieleki
|-sidestart|p1: pivotslophaxmaxxer|move: Light Screen
|
|-weather|SunnyDay|[upkeep]
|upkeep
|turn|8
|
|t:|1781546112
|-end|p2a: Great Tusk|Protosynthesis|[silent]
|switch|p2a: Venusaur|Venusaur, M, shiny|100/100
|move|p1a: Regieleki|Reflect|p1a: Regieleki
|-sidestart|p1: pivotslophaxmaxxer|Reflect
|
|-weather|SunnyDay|[upkeep]
|upkeep
|turn|9
|
|t:|1781546131
|switch|p1a: Tyranitar|Tyranitar, F|9/100
|-weather|Sandstorm|[from] ability: Sand Stream|[of] p1a: Tyranitar
|move|p2a: Venusaur|Growth|p2a: Venusaur
|-boost|p2a: Venusaur|atk|1
|-boost|p2a: Venusaur|spa|1
|
|-weather|Sandstorm|[upkeep]
|-damage|p2a: Venusaur|95/100|[from] Sandstorm
|-heal|p1a: Tyranitar|15/100|[from] item: Leftovers
|upkeep
|turn|10
|
|t:|1781546139
|switch|p1a: Gholdengo|Gholdengo|100/100
|move|p2a: Venusaur|Giga Drain|p1a: Gholdengo
|-resisted|p1a: Gholdengo
|-damage|p1a: Gholdengo|84/100
|-heal|p2a: Venusaur|100/100|[from] drain|[of] p1a: Gholdengo
|-damage|p2a: Venusaur|91/100|[from] item: Life Orb
|
|-weather|Sandstorm|[upkeep]
|-damage|p2a: Venusaur|85/100|[from] Sandstorm
|upkeep
|turn|11
|
|t:|1781546145
|switch|p2a: Ninetales|Ninetales, M, shiny|25/100
|-weather|SunnyDay|[from] ability: Drought|[of] p2a: Ninetales
|move|p1a: Gholdengo|Make It Rain|p2a: Ninetales
|-resisted|p2a: Ninetales
|-damage|p2a: Ninetales|0 fnt
|-unboost|p1a: Gholdengo|spa|1
|faint|p2a: Ninetales
|
|-weather|SunnyDay|[upkeep]
|upkeep
|
|t:|1781546149
|switch|p2a: Cinderace|Cinderace, F|100/100
|turn|12
|
|t:|1781546154
|switch|p1a: Tyranitar|Tyranitar, F|15/100
|-weather|Sandstorm|[from] ability: Sand Stream|[of] p1a: Tyranitar
|move|p2a: Cinderace|Pyro Ball|p1a: Tyranitar
|-resisted|p1a: Tyranitar
|-damage|p1a: Tyranitar|0 fnt
|faint|p1a: Tyranitar
|
|-weather|Sandstorm|[upkeep]
|-damage|p2a: Cinderace|95/100|[from] Sandstorm
|upkeep
|
|t:|1781546161
|switch|p1a: Gliscor|Gliscor, M|100/100
|turn|13
|
|t:|1781546169
|switch|p2a: Hatterene|Hatterene, F|74/100
|move|p1a: Gliscor|Agility|p1a: Gliscor
|-boost|p1a: Gliscor|spe|2
|
|-weather|Sandstorm|[upkeep]
|-damage|p2a: Hatterene|68/100|[from] Sandstorm
|-status|p1a: Gliscor|tox|[from] item: Toxic Orb
|upkeep
|turn|14
|
|t:|1781546173
|move|p1a: Gliscor|Swords Dance|p1a: Gliscor
|-boost|p1a: Gliscor|atk|2
|move|p2a: Hatterene|Psychic Noise|p1a: Gliscor
|-crit|p1a: Gliscor
|-damage|p1a: Gliscor|45/100 tox
|-start|p1a: Gliscor|move: Heal Block
|
|-weather|Sandstorm|[upkeep]
|-damage|p2a: Hatterene|62/100|[from] Sandstorm
|-sideend|p1: pivotslophaxmaxxer|move: Light Screen
|upkeep
|turn|15
|
|t:|1781546189
|-terastallize|p1a: Gliscor|Normal
|move|p1a: Gliscor|Facade|p2a: Hatterene
|-damage|p2a: Hatterene|0 fnt
|faint|p2a: Hatterene
|
|-weather|Sandstorm|[upkeep]
|-damage|p1a: Gliscor|39/100 tox|[from] Sandstorm
|-end|p1a: Gliscor|move: Heal Block
|-sideend|p1: pivotslophaxmaxxer|Reflect
|upkeep
|
|t:|1781546194
|switch|p2a: Great Tusk|Great Tusk|100/100
|turn|16
|
|t:|1781546198
|move|p1a: Gliscor|Facade|p2a: Great Tusk
|-damage|p2a: Great Tusk|31/100
|-damage|p1a: Gliscor|22/100 tox|[from] item: Rocky Helmet|[of] p2a: Great Tusk
|move|p2a: Great Tusk|Close Combat|p1a: Gliscor
|-supereffective|p1a: Gliscor
|-damage|p1a: Gliscor|0 fnt
|-unboost|p2a: Great Tusk|def|1
|-unboost|p2a: Great Tusk|spd|1
|faint|p1a: Gliscor
|
|-weather|none
|upkeep
|
|t:|1781546205
|switch|p1a: Ogerpon|Ogerpon-Wellspring, F|62/100
|turn|17
|
|t:|1781546218
|-end|p2a: Great Tusk|Protosynthesis|[silent]
|switch|p2a: Walking Wake|Walking Wake|100/100
|move|p1a: Ogerpon|Ivy Cudgel|p2a: Walking Wake|[anim] Ivy Cudgel Water
|-resisted|p2a: Walking Wake
|-damage|p2a: Walking Wake|84/100
|
|upkeep
|turn|18
|
|t:|1781546227
|move|p1a: Ogerpon|Play Rough|p2a: Walking Wake
|-supereffective|p2a: Walking Wake
|-damage|p2a: Walking Wake|3/100
|-unboost|p2a: Walking Wake|atk|1
|move|p2a: Walking Wake|Flamethrower|p1a: Ogerpon
|-damage|p1a: Ogerpon|6/100
|
|upkeep
|turn|19
|
|t:|1781546231
|move|p1a: Ogerpon|Horn Leech|p2a: Walking Wake
|-damage|p2a: Walking Wake|0 fnt
|-heal|p1a: Ogerpon|8/100|[from] drain|[of] p2a: Walking Wake
|faint|p2a: Walking Wake
|-end|p2a: Walking Wake|Protosynthesis|[silent]
|
|upkeep
|
|t:|1781546233
|switch|p2a: Cinderace|Cinderace, F|95/100
|turn|20
|
|t:|1781546240
|move|p2a: Cinderace|U-turn|p1a: Ogerpon
|-start|p2a: Cinderace|typechange|Bug|[from] ability: Libero
|-supereffective|p1a: Ogerpon
|-damage|p1a: Ogerpon|0 fnt
|faint|p1a: Ogerpon
|
|t:|1781546251
|switch|p2a: Venusaur|Venusaur, M, shiny|85/100|[from] U-turn
|
|upkeep
|
|t:|1781546254
|switch|p1a: Gholdengo|Gholdengo|84/100
|turn|21
|
|t:|1781546268
|-terastallize|p2a: Venusaur|Fire
|move|p2a: Venusaur|Earth Power|p1a: Gholdengo
|-supereffective|p1a: Gholdengo
|-damage|p1a: Gholdengo|14/100
|-damage|p2a: Venusaur|75/100|[from] item: Life Orb
|move|p1a: Gholdengo|Make It Rain|p2a: Venusaur
|-resisted|p2a: Venusaur
|-damage|p2a: Venusaur|27/100
|-unboost|p1a: Gholdengo|spa|1
|
|upkeep
|turn|22
|
|t:|1781546275
|move|p2a: Venusaur|Giga Drain|p1a: Gholdengo
|-resisted|p1a: Gholdengo
|-damage|p1a: Gholdengo|0 fnt
|-heal|p2a: Venusaur|36/100|[from] drain|[of] p1a: Gholdengo
|faint|p1a: Gholdengo
|-damage|p2a: Venusaur|26/100|[from] item: Life Orb
|
|upkeep
|
|t:|1781546283
|switch|p1a: Regieleki|Regieleki|6/100
|turn|23
|
|t:|1781546288
|move|p1a: Regieleki|Volt Switch|p2a: Venusaur
|-damage|p2a: Venusaur|0 fnt
|faint|p2a: Venusaur
|
|t:|1781546290
|switch|p1a: Hatterene|Hatterene, F|100/100|[from] Volt Switch
|
|upkeep
|
|t:|1781546298
|switch|p2a: Cinderace|Cinderace, F|95/100
|turn|24
|
|t:|1781546308
|move|p2a: Cinderace|Gunk Shot|p1a: Hatterene
|-start|p2a: Cinderace|typechange|Poison|[from] ability: Libero
|-supereffective|p1a: Hatterene
|-damage|p1a: Hatterene|0 fnt
|faint|p1a: Hatterene
|
|upkeep
|
|t:|1781546311
|switch|p1a: Regieleki|Regieleki|6/100
|turn|25
|-message|pivotslophaxmaxxer forfeited.
|
|win|CyborgParrot127
|raw|pivotslophaxmaxxer's rating: 1670 &rarr; <strong>1649</strong><br />(-21 for losing)
|raw|CyborgParrot127's rating: 1652 &rarr; <strong>1673</strong><br />(+21 for winning)
|l|☆pivotslophaxmaxxer
|player|p1|
|l|☆CyborgParrot127
|player|p2|
