|j|☆LowEL0God
|j|☆rekjllj
|t:|1781271709
|gametype|singles
|player|p1|LowEL0God|265|1561
|player|p2|rekjllj|169|1642
|gen|9
|tier|[Gen 9] OU
|rated|
|rule|HP Percentage Mod: HP is shown in percentages
|rule|Endless Battle Clause: Forcing endless battles is banned
|rule|Species Clause: Limit one of each Pokémon
|rule|OHKO Clause: OHKO moves are banned
|rule|Evasion Items Clause: Evasion items are banned
|rule|Evasion Moves Clause: Evasion moves are banned
|rule|Evasion Abilities Clause: Evasion abilities are banned
|rule|Sleep Moves Clause: Sleep-inducing moves are banned
|clearpoke
|poke|p1|Pelipper, F|
|poke|p1|Raging Bolt|
|poke|p1|Overqwil, M|
|poke|p1|Barraskewda, M|
|poke|p1|Iron Treads|
|poke|p1|Kingambit, F|
|poke|p2|Iron Moth|
|poke|p2|Gliscor, M|
|poke|p2|Hatterene, F|
|poke|p2|Ogerpon-Wellspring, F|
|poke|p2|Raging Bolt|
|poke|p2|Zamazenta-*|
|teampreview
|c|☆LowEL0God|hf
|inactive|Battle timer is ON: inactive players will automatically lose when time's up. (requested by LowEL0God)
|
|t:|1781271717
|teamsize|p1|6
|teamsize|p2|6
|start
|switch|p1a: Pelipper|Pelipper, F|100/100
|switch|p2a: Zamazenta|Zamazenta|100/100
|-ability|p2a: Zamazenta|Dauntless Shield|boost
|-boost|p2a: Zamazenta|def|1
|-weather|RainDance|[from] ability: Drizzle|[of] p1a: Pelipper
|turn|1
|c|☆rekjllj|hf
|inactive|rekjllj also wants the timer to be on.
|
|t:|1781271723
|move|p2a: Zamazenta|Light Screen|p2a: Zamazenta
|-sidestart|p2: rekjllj|move: Light Screen
|move|p1a: Pelipper|Hurricane|p2a: Zamazenta
|-supereffective|p2a: Zamazenta
|-damage|p2a: Zamazenta|70/100
|
|-weather|RainDance|[upkeep]
|upkeep
|turn|2
|
|t:|1781271730
|move|p2a: Zamazenta|Reflect|p2a: Zamazenta
|-sidestart|p2: rekjllj|Reflect
|move|p1a: Pelipper|Hurricane|p2a: Zamazenta
|-supereffective|p2a: Zamazenta
|-damage|p2a: Zamazenta|42/100
|
|-weather|RainDance|[upkeep]
|upkeep
|turn|3
|
|t:|1781271736
|switch|p2a: Raging Bolt|Raging Bolt|100/100
|-enditem|p2a: Raging Bolt|Booster Energy
|-activate|p2a: Raging Bolt|ability: Protosynthesis|[fromitem]
|-start|p2a: Raging Bolt|protosynthesisspa
|move|p1a: Pelipper|Hurricane|p2a: Raging Bolt
|-resisted|p2a: Raging Bolt
|-damage|p2a: Raging Bolt|91/100
|
|-weather|RainDance|[upkeep]
|upkeep
|turn|4
|
|t:|1781271743
|switch|p1a: Iron Treads|Iron Treads|100/100
|-enditem|p1a: Iron Treads|Booster Energy
|-activate|p1a: Iron Treads|ability: Quark Drive|[fromitem]
|-start|p1a: Iron Treads|quarkdrivespe
|move|p2a: Raging Bolt|Calm Mind|p2a: Raging Bolt
|-boost|p2a: Raging Bolt|spa|1
|-boost|p2a: Raging Bolt|spd|1
|
|-weather|RainDance|[upkeep]
|upkeep
|turn|5
|
|t:|1781271749
|move|p1a: Iron Treads|Stealth Rock|p2a: Raging Bolt
|-sidestart|p2: rekjllj|move: Stealth Rock
|move|p2a: Raging Bolt|Dragon Pulse|p1a: Iron Treads
|-resisted|p1a: Iron Treads
|-damage|p1a: Iron Treads|34/100
|
|-weather|RainDance|[upkeep]
|upkeep
|turn|6
|
|t:|1781271755
|move|p1a: Iron Treads|Earth Power|p2a: Raging Bolt
|-supereffective|p2a: Raging Bolt
|-damage|p2a: Raging Bolt|67/100
|move|p2a: Raging Bolt|Dragon Pulse|p1a: Iron Treads
|-resisted|p1a: Iron Treads
|-damage|p1a: Iron Treads|0 fnt
|faint|p1a: Iron Treads
|-end|p1a: Iron Treads|Quark Drive|[silent]
|
|-weather|RainDance|[upkeep]
|upkeep
|
|t:|1781271756
|switch|p1a: Raging Bolt|Raging Bolt|100/100
|-enditem|p1a: Raging Bolt|Booster Energy
|-activate|p1a: Raging Bolt|ability: Protosynthesis|[fromitem]
|-start|p1a: Raging Bolt|protosynthesisspa
|turn|7
|
|t:|1781271762
|-terastallize|p1a: Raging Bolt|Fairy
|move|p2a: Raging Bolt|Dragon Pulse|p1a: Raging Bolt
|-immune|p1a: Raging Bolt
|move|p1a: Raging Bolt|Draco Meteor|p2a: Raging Bolt|[miss]
|-miss|p1a: Raging Bolt|p2a: Raging Bolt
|
|-weather|RainDance|[upkeep]
|upkeep
|turn|8
|
|t:|1781271768
|move|p2a: Raging Bolt|Thunderbolt|p1a: Raging Bolt
|-damage|p1a: Raging Bolt|14/100
|move|p1a: Raging Bolt|Draco Meteor|p2a: Raging Bolt
|-supereffective|p2a: Raging Bolt
|-damage|p2a: Raging Bolt|4/100
|-unboost|p1a: Raging Bolt|spa|2
|
|-weather|none
|-sideend|p2: rekjllj|move: Light Screen
|upkeep
|turn|9
|
|t:|1781271774
|move|p2a: Raging Bolt|Thunderclap|p1a: Raging Bolt
|-damage|p1a: Raging Bolt|0 fnt
|faint|p1a: Raging Bolt
|-end|p1a: Raging Bolt|Protosynthesis|[silent]
|
|-sideend|p2: rekjllj|Reflect
|upkeep
|
|t:|1781271775
|switch|p1a: Barraskewda|Barraskewda, M|100/100
|turn|10
|
|t:|1781271780
|move|p1a: Barraskewda|Aqua Jet|p2a: Raging Bolt
|-resisted|p2a: Raging Bolt
|-damage|p2a: Raging Bolt|0 fnt
|faint|p2a: Raging Bolt
|-end|p2a: Raging Bolt|Protosynthesis|[silent]
|
|upkeep
|
|t:|1781271787
|switch|p2a: Ogerpon|Ogerpon-Wellspring, F|100/100
|-damage|p2a: Ogerpon|88/100|[from] Stealth Rock
|turn|11
|
|t:|1781271793
|switch|p1a: Kingambit|Kingambit, F|100/100
|-activate|p1a: Kingambit|ability: Supreme Overlord
|-start|p1a: Kingambit|fallen2|[silent]
|move|p2a: Ogerpon|Swords Dance|p2a: Ogerpon
|-boost|p2a: Ogerpon|atk|2
|
|upkeep
|turn|12
|
|t:|1781271798
|move|p1a: Kingambit|Sucker Punch|p2a: Ogerpon
|-damage|p2a: Ogerpon|22/100
|move|p2a: Ogerpon|Ivy Cudgel|p1a: Kingambit|[anim] Ivy Cudgel Water
|-damage|p1a: Kingambit|13/100
|
|-heal|p1a: Kingambit|19/100|[from] item: Leftovers
|upkeep
|turn|13
|
|t:|1781271807
|switch|p2a: Gliscor|Gliscor, M|100/100
|-damage|p2a: Gliscor|88/100|[from] Stealth Rock
|move|p1a: Kingambit|Sucker Punch||[still]
|-fail|p1a: Kingambit
|
|-heal|p1a: Kingambit|25/100|[from] item: Leftovers
|-status|p2a: Gliscor|tox|[from] item: Toxic Orb
|upkeep
|turn|14
|
|t:|1781271813
|-end|p1a: Kingambit|fallen2|[silent]
|switch|p1a: Pelipper|Pelipper, F|100/100
|-weather|RainDance|[from] ability: Drizzle|[of] p1a: Pelipper
|move|p2a: Gliscor|Earthquake|p1a: Pelipper
|-immune|p1a: Pelipper
|
|-weather|RainDance|[upkeep]
|-heal|p2a: Gliscor|100/100 tox|[from] ability: Poison Heal
|upkeep
|turn|15
|
|t:|1781271818
|-terastallize|p2a: Gliscor|Normal
|move|p2a: Gliscor|Swords Dance|p2a: Gliscor
|-boost|p2a: Gliscor|atk|2
|move|p1a: Pelipper|Weather Ball|p2a: Gliscor
|-damage|p2a: Gliscor|39/100 tox
|
|-weather|RainDance|[upkeep]
|-heal|p2a: Gliscor|51/100 tox|[from] ability: Poison Heal
|upkeep
|turn|16
|
|t:|1781271825
|move|p2a: Gliscor|Facade|p1a: Pelipper
|-damage|p1a: Pelipper|0 fnt
|faint|p1a: Pelipper
|
|-weather|RainDance|[upkeep]
|-heal|p2a: Gliscor|63/100 tox|[from] ability: Poison Heal
|upkeep
|
|t:|1781271826
|switch|p1a: Barraskewda|Barraskewda, M|100/100
|turn|17
|
|t:|1781271832
|switch|p2a: Hatterene|Hatterene, F|100/100
|-damage|p2a: Hatterene|88/100|[from] Stealth Rock
|move|p1a: Barraskewda|Close Combat|p2a: Hatterene
|-resisted|p2a: Hatterene
|-damage|p2a: Hatterene|74/100
|-unboost|p1a: Barraskewda|def|1
|-unboost|p1a: Barraskewda|spd|1
|
|-weather|RainDance|[upkeep]
|-heal|p2a: Hatterene|80/100|[from] item: Leftovers
|upkeep
|turn|18
|
|t:|1781271838
|switch|p1a: Kingambit|Kingambit, F|25/100
|-activate|p1a: Kingambit|ability: Supreme Overlord
|-start|p1a: Kingambit|fallen3|[silent]
|move|p2a: Hatterene|Draining Kiss|p1a: Kingambit
|-damage|p1a: Kingambit|5/100
|-heal|p2a: Hatterene|99/100|[from] drain|[of] p1a: Kingambit
|
|-weather|RainDance|[upkeep]
|-heal|p1a: Kingambit|11/100|[from] item: Leftovers
|-heal|p2a: Hatterene|100/100|[from] item: Leftovers
|upkeep
|turn|19
|
|t:|1781271845
|switch|p2a: Zamazenta|Zamazenta|42/100
|-damage|p2a: Zamazenta|36/100|[from] Stealth Rock
|move|p1a: Kingambit|Iron Head|p2a: Zamazenta
|-damage|p2a: Zamazenta|0 fnt
|faint|p2a: Zamazenta
|
|-weather|RainDance|[upkeep]
|-heal|p1a: Kingambit|17/100|[from] item: Leftovers
|upkeep
|
|t:|1781271851
|switch|p2a: Gliscor|Gliscor, M, tera:Normal|63/100 tox
|-damage|p2a: Gliscor|51/100 tox|[from] Stealth Rock
|turn|20
|
|t:|1781271856
|move|p2a: Gliscor|Facade|p1a: Kingambit
|-resisted|p1a: Kingambit
|-damage|p1a: Kingambit|0 fnt
|faint|p1a: Kingambit
|-end|p1a: Kingambit|fallen3|[silent]
|
|-weather|RainDance|[upkeep]
|-heal|p2a: Gliscor|63/100 tox|[from] ability: Poison Heal
|upkeep
|
|t:|1781271856
|switch|p1a: Barraskewda|Barraskewda, M|100/100
|turn|21
|
|t:|1781271862
|switch|p2a: Ogerpon|Ogerpon-Wellspring, F|22/100
|-damage|p2a: Ogerpon|10/100|[from] Stealth Rock
|move|p1a: Barraskewda|Close Combat|p2a: Ogerpon
|-damage|p2a: Ogerpon|0 fnt
|-unboost|p1a: Barraskewda|def|1
|-unboost|p1a: Barraskewda|spd|1
|faint|p2a: Ogerpon
|
|-weather|none
|upkeep
|
|t:|1781271867
|switch|p2a: Iron Moth|Iron Moth|100/100
|-damage|p2a: Iron Moth|76/100|[from] Stealth Rock
|-enditem|p2a: Iron Moth|Booster Energy
|-activate|p2a: Iron Moth|ability: Quark Drive|[fromitem]
|-start|p2a: Iron Moth|quarkdrivespe
|turn|22
|
|t:|1781271873
|switch|p1a: Overqwil|Overqwil, M|100/100
|move|p2a: Iron Moth|Fiery Dance|p1a: Overqwil
|-damage|p1a: Overqwil|35/100
|
|upkeep
|turn|23
|
|t:|1781271880
|switch|p1a: Barraskewda|Barraskewda, M|100/100
|move|p2a: Iron Moth|Sludge Wave|p1a: Barraskewda
|-damage|p1a: Barraskewda|0 fnt
|faint|p1a: Barraskewda
|
|upkeep
|
|t:|1781271881
|switch|p1a: Overqwil|Overqwil, M|35/100
|turn|24
|
|t:|1781271886
|move|p2a: Iron Moth|Fiery Dance|p1a: Overqwil
|-damage|p1a: Overqwil|0 fnt
|faint|p1a: Overqwil
|
|win|rekjllj
|raw|LowEL0God's rating: 1561 &rarr; <strong>1546</strong><br />(-15 for losing)
|raw|rekjllj's rating: 1642 &rarr; <strong>1657</strong><br />(+15 for winning)
|c|☆rekjllj|gg
