|j|☆chetthankz
|j|☆sylvr7070
|t:|1781532448
|gametype|singles
|player|p1|chetthankz|rood|1553
|player|p2|sylvr7070|fairytalegirl|1558
|gen|9
|tier|[Gen 9] OU
|rated|
|rule|HP Percentage Mod: HP is shown in percentages
|rule|Endless Battle Clause: Forcing endless battles is banned
|rule|Species Clause: Limit one of each Pokémon
|rule|OHKO Clause: OHKO moves are banned
|rule|Evasion Items Clause: Evasion items are banned
|rule|Evasion Moves Clause: Evasion moves are banned
|rule|Evasion Abilities Clause: Evasion abilities are banned
|rule|Sleep Moves Clause: Sleep-inducing moves are banned
|clearpoke
|poke|p1|Magnezone|
|poke|p1|Cinderace, F|
|poke|p1|Regieleki|
|poke|p1|Great Tusk|
|poke|p1|Gholdengo|
|poke|p1|Kyurem|
|poke|p2|Ting-Lu|
|poke|p2|Gholdengo|
|poke|p2|Slowking-Galar, F|
|poke|p2|Zamazenta-*|
|poke|p2|Kyurem|
|poke|p2|Great Tusk|
|teampreview
|inactive|Battle timer is ON: inactive players will automatically lose when time's up. (requested by sylvr7070)
|
|t:|1781532463
|teamsize|p1|6
|teamsize|p2|6
|start
|switch|p1a: Poo Chainz|Cinderace, F|100/100
|switch|p2a: Slowking|Slowking-Galar, F|100/100
|turn|1
|
|t:|1781532467
|move|p1a: Poo Chainz|U-turn|p2a: Slowking
|-start|p1a: Poo Chainz|typechange|Bug|[from] ability: Libero
|-damage|p2a: Slowking|43/100
|
|t:|1781532473
|switch|p1a: Magnum Jones|Magnezone|100/100|[from] U-turn
|move|p2a: Slowking|Thunder Wave|p1a: Magnum Jones
|-immune|p1a: Magnum Jones
|
|upkeep
|turn|2
|
|t:|1781532480
|switch|p2a: Ting-Lu|Ting-Lu|100/100
|-ability|p2a: Ting-Lu|Vessel of Ruin
|move|p1a: Magnum Jones|Volt Switch|p2a: Ting-Lu
|-immune|p2a: Ting-Lu
|
|upkeep
|turn|3
|
|t:|1781532493
|switch|p1a: Poo Chainz|Cinderace, F|100/100
|move|p2a: Ting-Lu|Stealth Rock|p1a: Poo Chainz
|-sidestart|p1: chetthankz|move: Stealth Rock
|
|upkeep
|turn|4
|
|t:|1781532497
|move|p1a: Poo Chainz|U-turn|p2a: Ting-Lu
|-start|p1a: Poo Chainz|typechange|Bug|[from] ability: Libero
|-supereffective|p2a: Ting-Lu
|-damage|p2a: Ting-Lu|45/100
|-damage|p1a: Poo Chainz|84/100|[from] item: Rocky Helmet|[of] p2a: Ting-Lu
|
|t:|1781532500
|switch|p1a: Big Tuskackus|Great Tusk|100/100|[from] U-turn
|-damage|p1a: Big Tuskackus|98/100|[from] Stealth Rock
|-enditem|p1a: Big Tuskackus|Booster Energy
|-activate|p1a: Big Tuskackus|ability: Protosynthesis|[fromitem]
|-start|p1a: Big Tuskackus|protosynthesisspe
|move|p2a: Ting-Lu|Ruination|p1a: Big Tuskackus
|-damage|p1a: Big Tuskackus|49/100
|
|upkeep
|turn|5
|
|t:|1781532504
|switch|p2a: Gholdengo|Gholdengo|100/100
|-item|p2a: Gholdengo|Air Balloon
|move|p1a: Big Tuskackus|Knock Off|p2a: Gholdengo
|-supereffective|p2a: Gholdengo
|-damage|p2a: Gholdengo|60/100
|-enditem|p2a: Gholdengo|Air Balloon
|
|upkeep
|turn|6
|
|t:|1781532507
|move|p1a: Big Tuskackus|Headlong Rush|p2a: Gholdengo
|-supereffective|p2a: Gholdengo
|-crit|p2a: Gholdengo
|-damage|p2a: Gholdengo|0 fnt
|-unboost|p1a: Big Tuskackus|def|1
|-unboost|p1a: Big Tuskackus|spd|1
|faint|p2a: Gholdengo
|
|upkeep
|
|t:|1781532513
|switch|p2a: Great Tusk|Great Tusk|100/100
|turn|7
|
|t:|1781532516
|move|p1a: Big Tuskackus|Rapid Spin|p2a: Great Tusk
|-damage|p2a: Great Tusk|91/100
|-boost|p1a: Big Tuskackus|spe|1
|-damage|p1a: Big Tuskackus|33/100|[from] item: Rocky Helmet|[of] p2a: Great Tusk
|-sideend|p1: chetthankz|Stealth Rock|[from] move: Rapid Spin|[of] p1a: Big Tuskackus
|move|p2a: Great Tusk|Ice Spinner|p1a: Big Tuskackus
|-supereffective|p1a: Big Tuskackus
|-damage|p1a: Big Tuskackus|0 fnt
|faint|p1a: Big Tuskackus
|-end|p1a: Big Tuskackus|Protosynthesis|[silent]
|
|upkeep
|
|t:|1781532524
|switch|p1a: Victor Krum|Kyurem|100/100
|-ability|p1a: Victor Krum|Pressure
|turn|8
|
|t:|1781532537
|-end|p2a: Great Tusk|Protosynthesis|[silent]
|switch|p2a: Ting-Lu|Ting-Lu|45/100
|-ability|p2a: Ting-Lu|Vessel of Ruin
|move|p1a: Victor Krum|Dragon Dance|p1a: Victor Krum
|-boost|p1a: Victor Krum|atk|1
|-boost|p1a: Victor Krum|spe|1
|
|upkeep
|turn|9
|
|t:|1781532546
|move|p1a: Victor Krum|Dragon Dance|p1a: Victor Krum
|-boost|p1a: Victor Krum|atk|1
|-boost|p1a: Victor Krum|spe|1
|move|p2a: Ting-Lu|Whirlwind|p1a: Victor Krum
|drag|p1a: Magnum Jones|Magnezone|100/100
|
|upkeep
|turn|10
|
|t:|1781532551
|move|p1a: Magnum Jones|Steel Beam|p2a: Ting-Lu|[miss]
|-miss|p1a: Magnum Jones|p2a: Ting-Lu
|-damage|p1a: Magnum Jones|50/100|[from] steelbeam
|move|p2a: Ting-Lu|Stealth Rock|p1a: Magnum Jones
|-sidestart|p1: chetthankz|move: Stealth Rock
|
|upkeep
|turn|11
|
|t:|1781532557
|move|p1a: Magnum Jones|Steel Beam|p2a: Ting-Lu|[miss]
|-miss|p1a: Magnum Jones|p2a: Ting-Lu
|-damage|p1a: Magnum Jones|0 fnt|[from] steelbeam
|faint|p1a: Magnum Jones
|move|p2a: Ting-Lu|Stealth Rock||[still]
|-fail|p2a: Ting-Lu
|
|upkeep
|c|☆chetthankz|:(
|c|☆sylvr7070|rip
|
|t:|1781532568
|switch|p1a: Poo Chainz|Cinderace, F|84/100
|-damage|p1a: Poo Chainz|59/100|[from] Stealth Rock
|turn|12
|
|t:|1781532581
|move|p1a: Poo Chainz|High Jump Kick|p2a: Ting-Lu
|-start|p1a: Poo Chainz|typechange|Fighting|[from] ability: Libero
|-supereffective|p2a: Ting-Lu
|-damage|p2a: Ting-Lu|0 fnt
|-damage|p1a: Poo Chainz|42/100|[from] item: Rocky Helmet|[of] p2a: Ting-Lu
|faint|p2a: Ting-Lu
|
|upkeep
|
|t:|1781532589
|switch|p2a: Slowking|Slowking-Galar, F|77/100
|turn|13
|
|t:|1781532595
|switch|p1a: Gholdengo|Gholdengo|100/100
|-damage|p1a: Gholdengo|94/100|[from] Stealth Rock
|-item|p1a: Gholdengo|Air Balloon
|-prepare|p2a: Slowking|Chilly Reception|[premajor]
|move|p2a: Slowking|Chilly Reception|p2a: Slowking
|-weather|Snowscape
|
|t:|1781532601
|switch|p2a: Great Tusk|Great Tusk|91/100|[from] Chilly Reception
|
|-weather|Snowscape|[upkeep]
|upkeep
|turn|14
|
|t:|1781532606
|move|p2a: Great Tusk|Knock Off|p1a: Gholdengo
|-supereffective|p1a: Gholdengo
|-damage|p1a: Gholdengo|43/100
|-enditem|p1a: Gholdengo|Air Balloon
|move|p1a: Gholdengo|Dazzling Gleam|p2a: Great Tusk
|-supereffective|p2a: Great Tusk
|-damage|p2a: Great Tusk|7/100
|
|-weather|Snowscape|[upkeep]
|upkeep
|turn|15
|
|t:|1781532613
|move|p2a: Great Tusk|Headlong Rush|p1a: Gholdengo
|-supereffective|p1a: Gholdengo
|-damage|p1a: Gholdengo|0 fnt
|-unboost|p2a: Great Tusk|def|1
|-unboost|p2a: Great Tusk|spd|1
|faint|p1a: Gholdengo
|
|-weather|Snowscape|[upkeep]
|upkeep
|
|t:|1781532616
|switch|p1a: Victor Krum|Kyurem|100/100
|-damage|p1a: Victor Krum|76/100|[from] Stealth Rock
|-ability|p1a: Victor Krum|Pressure
|turn|16
|
|t:|1781532624
|move|p1a: Victor Krum|Icicle Spear|p2a: Great Tusk
|-supereffective|p2a: Great Tusk
|-damage|p2a: Great Tusk|0 fnt
|faint|p2a: Great Tusk
|-end|p2a: Great Tusk|Protosynthesis|[silent]
|-hitcount|p2: Great Tusk|1
|
|-weather|Snowscape|[upkeep]
|upkeep
|
|t:|1781532627
|switch|p2a: Zamazenta|Zamazenta, shiny|100/100
|-ability|p2a: Zamazenta|Dauntless Shield|boost
|-boost|p2a: Zamazenta|def|1
|turn|17
|
|t:|1781532641
|move|p2a: Zamazenta|Body Press|p1a: Victor Krum
|-supereffective|p1a: Victor Krum
|-damage|p1a: Victor Krum|18/100
|move|p1a: Victor Krum|Scale Shot|p2a: Zamazenta|[miss]
|-miss|p1a: Victor Krum|p2a: Zamazenta
|
|-weather|none
|upkeep
|turn|18
|
|t:|1781532649
|move|p2a: Zamazenta|Body Press|p1a: Victor Krum
|-supereffective|p1a: Victor Krum
|-damage|p1a: Victor Krum|0 fnt
|faint|p1a: Victor Krum
|
|upkeep
|
|t:|1781532652
|switch|p1a: Regieleki|Regieleki|100/100
|-damage|p1a: Regieleki|88/100|[from] Stealth Rock
|turn|19
|
|t:|1781532658
|switch|p2a: Slowking|Slowking-Galar, F|100/100
|-terastallize|p1a: Regieleki|Electric
|move|p1a: Regieleki|Volt Switch|p2a: Slowking
|-damage|p2a: Slowking|52/100
|
|t:|1781532659
|switch|p1a: Poo Chainz|Cinderace, F|42/100|[from] Volt Switch
|-damage|p1a: Poo Chainz|17/100|[from] Stealth Rock
|
|upkeep
|turn|20
|
|t:|1781532664
|move|p1a: Poo Chainz|Pyro Ball|p2a: Slowking
|-damage|p2a: Slowking|0 fnt
|faint|p2a: Slowking
|
|upkeep
|
|t:|1781532667
|switch|p2a: Zamazenta|Zamazenta, shiny|100/100
|turn|21
|
|t:|1781532672
|move|p2a: Zamazenta|Body Press|p1a: Poo Chainz
|-damage|p1a: Poo Chainz|0 fnt
|faint|p1a: Poo Chainz
|
|upkeep
|
|t:|1781532674
|switch|p1a: Regieleki|Regieleki, tera:Electric|88/100
|-damage|p1a: Regieleki|76/100|[from] Stealth Rock
|turn|22
|
|t:|1781532676
|move|p1a: Regieleki|Thunderbolt|p2a: Zamazenta
|-crit|p2a: Zamazenta
|-damage|p2a: Zamazenta|0 fnt
|faint|p2a: Zamazenta
|
|upkeep
|
|t:|1781532678
|switch|p2a: Kyurem|Kyurem|100/100
|-ability|p2a: Kyurem|Pressure
|turn|23
|
|t:|1781532681
|move|p1a: Regieleki|Thunderbolt|p2a: Kyurem
|-resisted|p2a: Kyurem
|-damage|p2a: Kyurem|48/100
|move|p2a: Kyurem|Earth Power|p1a: Regieleki
|-supereffective|p1a: Regieleki
|-damage|p1a: Regieleki|0 fnt
|faint|p1a: Regieleki
|
|win|sylvr7070
|raw|chetthankz's rating: 1553 &rarr; <strong>1533</strong><br />(-20 for losing)
|raw|sylvr7070's rating: 1558 &rarr; <strong>1578</strong><br />(+20 for winning)
|l|☆chetthankz
|player|p1|
|l|☆sylvr7070
|player|p2|
