|j|☆bigballs01
|j|☆LowEL0God
|t:|1781497889
|gametype|singles
|player|p1|bigballs01|swimmer-gen4dp|1566
|player|p2|LowEL0God|265|1540
|gen|9
|tier|[Gen 9] OU
|rated|
|rule|HP Percentage Mod: HP is shown in percentages
|rule|Endless Battle Clause: Forcing endless battles is banned
|rule|Species Clause: Limit one of each Pokémon
|rule|OHKO Clause: OHKO moves are banned
|rule|Evasion Items Clause: Evasion items are banned
|rule|Evasion Moves Clause: Evasion moves are banned
|rule|Evasion Abilities Clause: Evasion abilities are banned
|rule|Sleep Moves Clause: Sleep-inducing moves are banned
|clearpoke
|poke|p1|Hatterene, F|
|poke|p1|Great Tusk|
|poke|p1|Tornadus-Therian, M|
|poke|p1|Kyurem|
|poke|p1|Slowking-Galar, M|
|poke|p1|Kingambit, F|
|poke|p2|Pelipper, F|
|poke|p2|Raging Bolt|
|poke|p2|Overqwil, M|
|poke|p2|Barraskewda, M|
|poke|p2|Iron Treads|
|poke|p2|Kingambit, F|
|teampreview
|inactive|Battle timer is ON: inactive players will automatically lose when time's up. (requested by bigballs01)
|c|☆LowEL0God|hf
|inactive|LowEL0God also wants the timer to be on.
|
|t:|1781497902
|teamsize|p1|6
|teamsize|p2|6
|start
|switch|p1a: Hatterene|Hatterene, F|100/100
|switch|p2a: Kingambit|Kingambit, F|100/100
|turn|1
|
|t:|1781497907
|switch|p1a: Great Tusk|Great Tusk|100/100
|move|p2a: Kingambit|Swords Dance|p2a: Kingambit
|-boost|p2a: Kingambit|atk|2
|
|upkeep
|turn|2
|
|t:|1781497912
|-end|p2a: Kingambit|fallenundefined|[silent]
|switch|p2a: Pelipper|Pelipper, F|100/100
|-weather|RainDance|[from] ability: Drizzle|[of] p2a: Pelipper
|move|p1a: Great Tusk|Rapid Spin|p2a: Pelipper
|-damage|p2a: Pelipper|87/100
|-boost|p1a: Great Tusk|spe|1
|
|-weather|RainDance|[upkeep]
|upkeep
|turn|3
|
|t:|1781497919
|-end|p1a: Great Tusk|Protosynthesis|[silent]
|switch|p1a: Tornadus|Tornadus-Therian, M|100/100
|move|p2a: Pelipper|Hurricane|p1a: Tornadus
|-damage|p1a: Tornadus|78/100
|-start|p1a: Tornadus|confusion
|
|-weather|RainDance|[upkeep]
|upkeep
|turn|4
|
|t:|1781497922
|-activate|p1a: Tornadus|confusion
|-damage|p1a: Tornadus|67/100|[from] confusion
|move|p2a: Pelipper|Weather Ball|p1a: Tornadus
|-damage|p1a: Tornadus|35/100
|
|-weather|RainDance|[upkeep]
|upkeep
|turn|5
|
|t:|1781497924
|-activate|p1a: Tornadus|confusion
|-damage|p1a: Tornadus|25/100|[from] confusion
|move|p2a: Pelipper|Weather Ball|p1a: Tornadus
|-damage|p1a: Tornadus|0 fnt
|faint|p1a: Tornadus
|
|-weather|RainDance|[upkeep]
|upkeep
|
|t:|1781497930
|switch|p1a: Kyurem|Kyurem|100/100
|-ability|p1a: Kyurem|Pressure
|turn|6
|
|t:|1781497935
|switch|p2a: Kingambit|Kingambit, F|100/100
|move|p1a: Kyurem|Freeze-Dry|p2a: Kingambit
|-resisted|p2a: Kingambit
|-damage|p2a: Kingambit|74/100
|
|-weather|RainDance|[upkeep]
|-heal|p2a: Kingambit|80/100|[from] item: Leftovers
|upkeep
|turn|7
|
|t:|1781497940
|switch|p1a: Great Tusk|Great Tusk|100/100
|move|p2a: Kingambit|Iron Head|p1a: Great Tusk
|-damage|p1a: Great Tusk|67/100
|-damage|p2a: Kingambit|63/100|[from] item: Rocky Helmet|[of] p1a: Great Tusk
|
|-weather|RainDance|[upkeep]
|-heal|p2a: Kingambit|70/100|[from] item: Leftovers
|upkeep
|turn|8
|
|t:|1781497942
|-end|p2a: Kingambit|fallenundefined|[silent]
|switch|p2a: Pelipper|Pelipper, F|87/100
|move|p1a: Great Tusk|Stealth Rock|p2a: Pelipper
|-sidestart|p2: LowEL0God|move: Stealth Rock
|
|-weather|RainDance|[upkeep]
|upkeep
|turn|9
|
|t:|1781497949
|-end|p1a: Great Tusk|Protosynthesis|[silent]
|switch|p1a: Hatterene|Hatterene, F|100/100
|move|p2a: Pelipper|Weather Ball|p1a: Hatterene
|-damage|p1a: Hatterene|49/100
|
|-weather|none
|upkeep
|turn|10
|
|t:|1781497952
|move|p2a: Pelipper|Hurricane|p1a: Hatterene
|-damage|p1a: Hatterene|9/100
|-start|p1a: Hatterene|confusion
|-activate|p1a: Hatterene|confusion
|move|p1a: Hatterene|Pain Split|p2a: Pelipper
|-sethp|p2a: Pelipper|48/100|[from] move: Pain Split|[silent]
|-sethp|p1a: Hatterene|49/100|[from] move: Pain Split
|
|upkeep
|turn|11
|
|t:|1781497960
|switch|p1a: Kyurem|Kyurem|100/100
|-ability|p1a: Kyurem|Pressure
|move|p2a: Pelipper|Hurricane|p1a: Kyurem|[miss]
|-miss|p2a: Pelipper|p1a: Kyurem
|
|upkeep
|turn|12
|
|t:|1781497962
|switch|p2a: Kingambit|Kingambit, F|70/100
|-damage|p2a: Kingambit|63/100|[from] Stealth Rock
|move|p1a: Kyurem|Earth Power|p2a: Kingambit
|-supereffective|p2a: Kingambit
|-damage|p2a: Kingambit|0 fnt
|faint|p2a: Kingambit
|-end|p2a: Kingambit|fallenundefined|[silent]
|
|upkeep
|
|t:|1781497963
|switch|p2a: Pelipper|Pelipper, F|48/100
|-damage|p2a: Pelipper|23/100|[from] Stealth Rock
|-weather|RainDance|[from] ability: Drizzle|[of] p2a: Pelipper
|turn|13
|
|t:|1781497967
|switch|p1a: Slowking|Slowking-Galar, M|100/100
|move|p2a: Pelipper|Roost|p2a: Pelipper
|-heal|p2a: Pelipper|74/100
|-singleturn|p2a: Pelipper|move: Roost
|
|-weather|RainDance|[upkeep]
|upkeep
|turn|14
|
|t:|1781497970
|move|p2a: Pelipper|Hurricane|p1a: Slowking
|-damage|p1a: Slowking|71/100
|move|p1a: Slowking|Trick|p2a: Pelipper
|-activate|p1a: Slowking|move: Trick|[of] p2a: Pelipper
|-item|p2a: Pelipper|Black Sludge|[from] move: Trick
|-item|p1a: Slowking|Damp Rock|[from] move: Trick
|
|-weather|RainDance|[upkeep]
|-damage|p2a: Pelipper|61/100|[from] item: Black Sludge
|upkeep
|turn|15
|
|t:|1781497972
|move|p2a: Pelipper|Hurricane|p1a: Slowking
|-damage|p1a: Slowking|40/100
|-prepare|p1a: Slowking|Chilly Reception|[premajor]
|move|p1a: Slowking|Chilly Reception|p1a: Slowking
|-weather|Snowscape
|
|t:|1781497975
|switch|p1a: Kyurem|Kyurem|100/100|[from] Chilly Reception
|-ability|p1a: Kyurem|Pressure
|
|-weather|Snowscape|[upkeep]
|-damage|p2a: Pelipper|49/100|[from] item: Black Sludge
|upkeep
|turn|16
|
|t:|1781497977
|move|p1a: Kyurem|Freeze-Dry|p2a: Pelipper
|-supereffective|p2a: Pelipper
|-damage|p2a: Pelipper|0 fnt
|faint|p2a: Pelipper
|
|-weather|Snowscape|[upkeep]
|upkeep
|
|t:|1781497978
|switch|p2a: Iron Treads|Iron Treads|100/100
|-damage|p2a: Iron Treads|97/100|[from] Stealth Rock
|-enditem|p2a: Iron Treads|Booster Energy
|-activate|p2a: Iron Treads|ability: Quark Drive|[fromitem]
|-start|p2a: Iron Treads|quarkdrivespe
|turn|17
|
|t:|1781497994
|switch|p1a: Great Tusk|Great Tusk|67/100
|move|p2a: Iron Treads|Steel Beam|p1a: Great Tusk
|-damage|p1a: Great Tusk|0 fnt
|-damage|p2a: Iron Treads|47/100|[from] steelbeam
|faint|p1a: Great Tusk
|-end|p1a: Great Tusk|Protosynthesis|[silent]
|
|-weather|Snowscape|[upkeep]
|upkeep
|
|t:|1781498000
|switch|p1a: Kingambit|Kingambit, F|100/100
|-activate|p1a: Kingambit|ability: Supreme Overlord
|-start|p1a: Kingambit|fallen2|[silent]
|turn|18
|
|t:|1781498005
|move|p2a: Iron Treads|Earth Power|p1a: Kingambit
|-supereffective|p1a: Kingambit
|-damage|p1a: Kingambit|31/100
|move|p1a: Kingambit|Kowtow Cleave|p2a: Iron Treads
|-damage|p2a: Iron Treads|0 fnt
|faint|p2a: Iron Treads
|-end|p2a: Iron Treads|Quark Drive|[silent]
|
|-weather|Snowscape|[upkeep]
|-heal|p1a: Kingambit|38/100|[from] item: Leftovers
|upkeep
|
|t:|1781498008
|switch|p2a: Raging Bolt|Raging Bolt|100/100
|-damage|p2a: Raging Bolt|88/100|[from] Stealth Rock
|-enditem|p2a: Raging Bolt|Booster Energy
|-activate|p2a: Raging Bolt|ability: Protosynthesis|[fromitem]
|-start|p2a: Raging Bolt|protosynthesisspa
|turn|19
|
|t:|1781498015
|-end|p1a: Kingambit|fallen2|[silent]
|switch|p1a: Slowking|Slowking-Galar, M|73/100
|move|p2a: Raging Bolt|Draco Meteor|p1a: Slowking|[miss]
|-miss|p2a: Raging Bolt|p1a: Slowking
|
|-weather|none
|upkeep
|turn|20
|
|t:|1781498019
|move|p2a: Raging Bolt|Draco Meteor|p1a: Slowking|[miss]
|-miss|p2a: Raging Bolt|p1a: Slowking
|move|p1a: Slowking|Sludge Bomb|p2a: Raging Bolt
|-damage|p2a: Raging Bolt|60/100
|-status|p2a: Raging Bolt|psn
|
|-damage|p2a: Raging Bolt|47/100 psn|[from] psn
|upkeep
|turn|21
|
|t:|1781498023
|switch|p1a: Hatterene|Hatterene, F|49/100
|move|p2a: Raging Bolt|Draco Meteor|p1a: Hatterene
|-immune|p1a: Hatterene
|
|-damage|p2a: Raging Bolt|35/100 psn|[from] psn
|upkeep
|turn|22
|
|t:|1781498026
|switch|p1a: Slowking|Slowking-Galar, M|100/100
|move|p2a: Raging Bolt|Thunder|p1a: Slowking
|-damage|p1a: Slowking|36/100
|
|-damage|p2a: Raging Bolt|23/100 psn|[from] psn
|upkeep
|turn|23
|
|t:|1781498032
|switch|p1a: Hatterene|Hatterene, F|49/100
|move|p2a: Raging Bolt|Thunder|p1a: Hatterene
|-damage|p1a: Hatterene|0 fnt
|faint|p1a: Hatterene
|
|-damage|p2a: Raging Bolt|10/100 psn|[from] psn
|upkeep
|
|t:|1781498035
|switch|p1a: Kyurem|Kyurem|100/100
|-ability|p1a: Kyurem|Pressure
|turn|24
|
|t:|1781498039
|move|p2a: Raging Bolt|Thunderclap|p1a: Kyurem
|-resisted|p1a: Kyurem
|-damage|p1a: Kyurem|76/100
|move|p1a: Kyurem|Ice Beam|p2a: Raging Bolt
|-supereffective|p2a: Raging Bolt
|-damage|p2a: Raging Bolt|0 fnt
|faint|p2a: Raging Bolt
|-end|p2a: Raging Bolt|Protosynthesis|[silent]
|
|upkeep
|
|t:|1781498040
|switch|p2a: Barraskewda|Barraskewda, M|100/100
|-damage|p2a: Barraskewda|88/100|[from] Stealth Rock
|turn|25
|
|t:|1781498050
|switch|p1a: Kingambit|Kingambit, F|38/100
|-activate|p1a: Kingambit|ability: Supreme Overlord
|-start|p1a: Kingambit|fallen3|[silent]
|move|p2a: Barraskewda|Close Combat|p1a: Kingambit
|-supereffective|p1a: Kingambit
|-damage|p1a: Kingambit|0 fnt
|-unboost|p2a: Barraskewda|def|1
|-unboost|p2a: Barraskewda|spd|1
|faint|p1a: Kingambit
|-end|p1a: Kingambit|fallen3|[silent]
|
|upkeep
|
|t:|1781498052
|switch|p1a: Slowking|Slowking-Galar, M|70/100
|turn|26
|
|t:|1781498056
|switch|p2a: Overqwil|Overqwil, M|100/100
|-damage|p2a: Overqwil|88/100|[from] Stealth Rock
|-prepare|p1a: Slowking|Chilly Reception|[premajor]
|move|p1a: Slowking|Chilly Reception|p1a: Slowking
|-weather|Snowscape
|
|t:|1781498058
|switch|p1a: Kyurem|Kyurem|76/100|[from] Chilly Reception
|-ability|p1a: Kyurem|Pressure
|
|-weather|Snowscape|[upkeep]
|upkeep
|turn|27
|
|t:|1781498060
|move|p1a: Kyurem|Blizzard|p2a: Overqwil
|-damage|p2a: Overqwil|0 fnt
|faint|p2a: Overqwil
|
|-weather|Snowscape|[upkeep]
|upkeep
|
|t:|1781498061
|switch|p2a: Barraskewda|Barraskewda, M|88/100
|-damage|p2a: Barraskewda|75/100|[from] Stealth Rock
|turn|28
|
|t:|1781498065
|move|p2a: Barraskewda|Liquidation|p1a: Kyurem
|-resisted|p1a: Kyurem
|-damage|p1a: Kyurem|54/100
|move|p1a: Kyurem|Blizzard|p2a: Barraskewda
|-resisted|p2a: Barraskewda
|-damage|p2a: Barraskewda|0 fnt
|faint|p2a: Barraskewda
|
|win|bigballs01
|raw|bigballs01's rating: 1566 &rarr; <strong>1585</strong><br />(+19 for winning)
|raw|LowEL0God's rating: 1540 &rarr; <strong>1521</strong><br />(-19 for losing)
|l|☆bigballs01
|player|p1|
|c|☆LowEL0God|gg
|l|☆LowEL0God
|player|p2|
