|badge|p2|bronze|gen9ubers|100-9
|uhtml|medal-msg|<div class="broadcast-blue">Curious what those medals under the avatar are? PS now has Ladder Seasons! For more information, check out the <a href="https://www.smogon.com/forums/threads/3740067/">thread on Smogon.</a></div>
|j|☆Aegisrio
|j|☆goodnightnite
|t:|1780992857
|gametype|singles
|player|p1|Aegisrio|ghetsis|1533
|player|p2|goodnightnite|miku-water|1600
|gen|9
|tier|[Gen 9] OU
|rated|
|rule|HP Percentage Mod: HP is shown in percentages
|rule|Endless Battle Clause: Forcing endless battles is banned
|rule|Species Clause: Limit one of each Pokémon
|rule|OHKO Clause: OHKO moves are banned
|rule|Evasion Items Clause: Evasion items are banned
|rule|Evasion Moves Clause: Evasion moves are banned
|rule|Evasion Abilities Clause: Evasion abilities are banned
|rule|Sleep Moves Clause: Sleep-inducing moves are banned
|clearpoke
|poke|p1|Quaquaval, F|
|poke|p1|Walking Wake|
|poke|p1|Ceruledge, M|
|poke|p1|Alomomola, M|
|poke|p1|Corviknight, M|
|poke|p1|Raging Bolt|
|poke|p2|Hatterene, F|
|poke|p2|Great Tusk|
|poke|p2|Tornadus-Therian, M|
|poke|p2|Kyurem|
|poke|p2|Slowking-Galar, M|
|poke|p2|Kingambit, F|
|teampreview
|inactive|Battle timer is ON: inactive players will automatically lose when time's up. (requested by goodnightnite)
|inactive|goodnightnite has 120 seconds left.
|
|t:|1780992903
|teamsize|p1|6
|teamsize|p2|6
|start
|switch|p1a: Ceruledge|Ceruledge, M|100/100
|switch|p2a: Tornadus|Tornadus-Therian, M|100/100
|turn|1
|j| lord shiddenfards
|inactive|Aegisrio has 120 seconds left.
|
|t:|1780992936
|switch|p1a: Alomomola|Alomomola, M|100/100
|move|p2a: Tornadus|Bleakwind Storm|p1a: Alomomola
|-damage|p1a: Alomomola|54/100
|-unboost|p1a: Alomomola|spe|1
|
|upkeep
|turn|2
|
|t:|1780992942
|switch|p1a: Corviknight|Corviknight, M|100/100
|-ability|p1a: Corviknight|Pressure
|move|p2a: Tornadus|Knock Off|p1a: Corviknight
|-damage|p1a: Corviknight|85/100
|-enditem|p1a: Corviknight|Leftovers|[from] move: Knock Off|[of] p2a: Tornadus
|
|upkeep
|turn|3
|
|t:|1780992953
|move|p2a: Tornadus|Heat Wave|p1a: Corviknight
|-supereffective|p1a: Corviknight
|-damage|p1a: Corviknight|52/100
|move|p1a: Corviknight|U-turn|p2a: Tornadus
|-resisted|p2a: Tornadus
|-damage|p2a: Tornadus|92/100
|inactive|Aegisrio has 120 seconds left.
|
|t:|1780992964
|switch|p1a: Quaquaval|Quaquaval, F|100/100|[from] U-turn
|
|upkeep
|turn|4
|
|t:|1780992968
|move|p1a: Quaquaval|Triple Axel|p2a: Tornadus
|-supereffective|p2a: Tornadus
|-damage|p2a: Tornadus|77/100
|-supereffective|p2a: Tornadus
|-damage|p2a: Tornadus|42/100
|-supereffective|p2a: Tornadus
|-damage|p2a: Tornadus|0 fnt
|faint|p2a: Tornadus
|-ability|p1a: Quaquaval|Moxie|boost
|-boost|p1a: Quaquaval|atk|1
|-hitcount|p2: Tornadus|3
|
|upkeep
|
|t:|1780992977
|switch|p2a: Kyurem|Kyurem|100/100
|-ability|p2a: Kyurem|Pressure
|turn|5
|
|t:|1780992984
|switch|p1a: Corviknight|Corviknight, M|52/100
|-ability|p1a: Corviknight|Pressure
|move|p2a: Kyurem|Freeze-Dry|p1a: Corviknight
|-damage|p1a: Corviknight|16/100
|
|upkeep
|turn|6
|
|t:|1780992999
|switch|p1a: Ceruledge|Ceruledge, M|100/100
|move|p2a: Kyurem|Freeze-Dry|p1a: Ceruledge
|-resisted|p1a: Ceruledge
|-damage|p1a: Ceruledge|68/100
|-status|p1a: Ceruledge|frz
|
|upkeep
|turn|7
|
|t:|1780993007
|move|p2a: Kyurem|Freeze-Dry|p1a: Ceruledge
|-resisted|p1a: Ceruledge
|-damage|p1a: Ceruledge|38/100 frz
|cant|p1a: Ceruledge|frz
|
|upkeep
|turn|8
|
|t:|1780993012
|move|p2a: Kyurem|Freeze-Dry|p1a: Ceruledge
|-resisted|p1a: Ceruledge
|-damage|p1a: Ceruledge|5/100 frz
|-curestatus|p1a: Ceruledge|frz|[msg]
|move|p1a: Ceruledge|Bitter Blade|p2a: Kyurem
|-crit|p2a: Kyurem
|-damage|p2a: Kyurem|11/100
|-heal|p1a: Ceruledge|65/100|[from] drain|[of] p2a: Kyurem
|
|upkeep
|turn|9
|
|t:|1780993017
|switch|p2a: Great Tusk|Great Tusk|100/100
|move|p1a: Ceruledge|Bitter Blade|p2a: Great Tusk
|-damage|p2a: Great Tusk|52/100
|-heal|p1a: Ceruledge|96/100|[from] drain|[of] p2a: Great Tusk
|-damage|p1a: Ceruledge|80/100|[from] item: Rocky Helmet|[of] p2a: Great Tusk
|
|upkeep
|turn|10
|
|t:|1780993037
|switch|p1a: Quaquaval|Quaquaval, F|100/100
|move|p2a: Great Tusk|Stealth Rock|p1a: Quaquaval
|-sidestart|p1: Aegisrio|move: Stealth Rock
|
|upkeep
|turn|11
|inactive|goodnightnite has 120 seconds left.
|
|t:|1780993095
|-end|p2a: Great Tusk|Protosynthesis|[silent]
|switch|p2a: Hatterene|Hatterene, F|100/100
|move|p1a: Quaquaval|Aqua Step|p2a: Hatterene
|-damage|p2a: Hatterene|69/100
|-boost|p1a: Quaquaval|spe|1
|-damage|p1a: Quaquaval|84/100|[from] item: Rocky Helmet|[of] p2a: Hatterene
|
|upkeep
|turn|12
|
|t:|1780993110
|switch|p1a: Alomomola|Alomomola, M|88/100
|-damage|p1a: Alomomola|75/100|[from] Stealth Rock
|move|p2a: Hatterene|Psychic Noise|p1a: Alomomola
|-crit|p1a: Alomomola
|-damage|p1a: Alomomola|12/100
|-start|p1a: Alomomola|move: Heal Block
|
|upkeep
|turn|13
|
|t:|1780993126
|move|p1a: Alomomola|Flip Turn|p2a: Hatterene
|-damage|p2a: Hatterene|56/100
|-damage|p1a: Alomomola|0 fnt|[from] item: Rocky Helmet|[of] p2a: Hatterene
|faint|p1a: Alomomola
|move|p2a: Hatterene|Psychic Noise|p1: Alomomola|[notarget]
|-fail|p2a: Hatterene
|
|upkeep
|
|t:|1780993133
|switch|p1a: Corviknight|Corviknight, M|16/100
|-damage|p1a: Corviknight|3/100|[from] Stealth Rock
|-ability|p1a: Corviknight|Pressure
|turn|14
|
|t:|1780993138
|move|p1a: Corviknight|Roost|p1a: Corviknight
|-heal|p1a: Corviknight|53/100
|-singleturn|p1a: Corviknight|move: Roost
|move|p2a: Hatterene|Nuzzle|p1a: Corviknight
|-damage|p1a: Corviknight|50/100
|-status|p1a: Corviknight|par
|
|upkeep
|turn|15
|inactive|Aegisrio has 120 seconds left.
|
|t:|1780993166
|move|p2a: Hatterene|Psychic Noise|p1a: Corviknight
|-resisted|p1a: Corviknight
|-damage|p1a: Corviknight|38/100 par
|-start|p1a: Corviknight|move: Heal Block
|move|p1a: Corviknight|Defog|p2a: Hatterene
|move|p2a: Hatterene|Defog|p1a: Corviknight|[from] ability: Magic Bounce
|-unboost|p1a: Corviknight|evasion|1
|-sideend|p1: Aegisrio|Stealth Rock|[from] move: Defog|[of] p2a: Hatterene
|
|upkeep
|turn|16
|inactive|Aegisrio has 120 seconds left.
|
|t:|1780993186
|switch|p1a: Walking Wake|Walking Wake|100/100
|move|p2a: Hatterene|Draining Kiss|p1a: Walking Wake
|-supereffective|p1a: Walking Wake
|-crit|p1a: Walking Wake
|-damage|p1a: Walking Wake|23/100
|-heal|p2a: Hatterene|100/100|[from] drain|[of] p1a: Walking Wake
|
|upkeep
|turn|17
|inactive|Aegisrio has 120 seconds left.
|
|t:|1780993194
|move|p1a: Walking Wake|Hydro Steam|p2a: Hatterene
|-damage|p2a: Hatterene|35/100
|move|p2a: Hatterene|Draining Kiss|p1a: Walking Wake
|-supereffective|p1a: Walking Wake
|-damage|p1a: Walking Wake|0 fnt
|-heal|p2a: Hatterene|53/100|[from] drain|[of] p1a: Walking Wake
|faint|p1a: Walking Wake
|-end|p1a: Walking Wake|Protosynthesis|[silent]
|
|upkeep
|inactive|Aegisrio has 120 seconds left.
|
|t:|1780993202
|switch|p1a: Ceruledge|Ceruledge, M|80/100
|turn|18
|
|t:|1780993206
|switch|p2a: Kingambit|Kingambit, F|100/100
|-activate|p2a: Kingambit|ability: Supreme Overlord
|-start|p2a: Kingambit|fallen1|[silent]
|move|p1a: Ceruledge|Poltergeist|p2a: Kingambit
|-activate|p2a: Kingambit|move: Poltergeist|Leftovers
|-resisted|p2a: Kingambit
|-damage|p2a: Kingambit|69/100
|
|-heal|p2a: Kingambit|75/100|[from] item: Leftovers
|upkeep
|turn|19
|
|t:|1780993212
|switch|p1a: Quaquaval|Quaquaval, F|84/100
|move|p2a: Kingambit|Sucker Punch||[still]
|-fail|p2a: Kingambit
|
|-heal|p2a: Kingambit|81/100|[from] item: Leftovers
|upkeep
|turn|20
|
|t:|1780993220
|-end|p2a: Kingambit|fallen1|[silent]
|switch|p2a: Slowking|Slowking-Galar, M|100/100
|move|p1a: Quaquaval|Aqua Step|p2a: Slowking
|-damage|p2a: Slowking|70/100
|-boost|p1a: Quaquaval|spe|1
|
|-heal|p2a: Slowking|76/100|[from] item: Black Sludge
|upkeep
|turn|21
|
|t:|1780993228
|switch|p1a: Corviknight|Corviknight, M|38/100 par
|-ability|p1a: Corviknight|Pressure
|move|p2a: Slowking|Trick|p1a: Corviknight
|-activate|p2a: Slowking|move: Trick|[of] p1a: Corviknight
|-item|p1a: Corviknight|Black Sludge|[from] move: Trick
|-enditem|p2a: Slowking|Black Sludge|[silent]|[from] move: Trick
|
|-damage|p1a: Corviknight|25/100 par|[from] item: Black Sludge
|upkeep
|turn|22
|
|t:|1780993237
|cant|p1a: Corviknight|par
|-prepare|p2a: Slowking|Chilly Reception|[premajor]
|move|p2a: Slowking|Chilly Reception|p2a: Slowking
|-weather|Snowscape
|
|t:|1780993240
|switch|p2a: Kyurem|Kyurem|11/100|[from] Chilly Reception
|-ability|p2a: Kyurem|Pressure
|
|-weather|Snowscape|[upkeep]
|-damage|p1a: Corviknight|13/100 par|[from] item: Black Sludge
|upkeep
|turn|23
|
|t:|1780993245
|move|p2a: Kyurem|Blizzard|p1a: Corviknight
|-damage|p1a: Corviknight|0 fnt
|faint|p1a: Corviknight
|
|-weather|Snowscape|[upkeep]
|upkeep
|
|t:|1780993248
|switch|p1a: Quaquaval|Quaquaval, F|84/100
|turn|24
|
|t:|1780993252
|switch|p2a: Slowking|Slowking-Galar, M|100/100
|move|p1a: Quaquaval|Aqua Step|p2a: Slowking
|-damage|p2a: Slowking|74/100
|-boost|p1a: Quaquaval|spe|1
|
|-weather|Snowscape|[upkeep]
|upkeep
|turn|25
|
|t:|1780993258
|switch|p1a: Ceruledge|Ceruledge, M|80/100
|move|p2a: Slowking|Future Sight|p1a: Ceruledge
|-start|p2a: Slowking|move: Future Sight
|
|-weather|Snowscape|[upkeep]
|upkeep
|turn|26
|
|t:|1780993265
|switch|p2a: Great Tusk|Great Tusk|52/100
|move|p1a: Ceruledge|Poltergeist|p2a: Great Tusk
|-activate|p2a: Great Tusk|move: Poltergeist|Rocky Helmet
|-damage|p2a: Great Tusk|0 fnt
|faint|p2a: Great Tusk
|-end|p2a: Great Tusk|Protosynthesis|[silent]
|
|-weather|none
|upkeep
|
|t:|1780993273
|switch|p2a: Kingambit|Kingambit, F|81/100
|-activate|p2a: Kingambit|ability: Supreme Overlord
|-start|p2a: Kingambit|fallen2|[silent]
|turn|27
|
|t:|1780993277
|move|p2a: Kingambit|Sucker Punch|p1a: Ceruledge
|-supereffective|p1a: Ceruledge
|-damage|p1a: Ceruledge|0 fnt
|faint|p1a: Ceruledge
|
|-hint|Future Sight did not hit because the target is fainted.
|-heal|p2a: Kingambit|87/100|[from] item: Leftovers
|upkeep
|
|t:|1780993281
|switch|p1a: Quaquaval|Quaquaval, F|84/100
|turn|28
|
|t:|1780993286
|-end|p2a: Kingambit|fallen2|[silent]
|switch|p2a: Slowking|Slowking-Galar, M|100/100
|move|p1a: Quaquaval|U-turn|p2a: Slowking
|-damage|p2a: Slowking|83/100
|
|t:|1780993288
|switch|p1a: Raging Bolt|Raging Bolt|100/100|[from] U-turn
|-item|p1a: Raging Bolt|Air Balloon
|
|upkeep
|turn|29
|
|t:|1780993291
|move|p1a: Raging Bolt|Calm Mind|p1a: Raging Bolt
|-boost|p1a: Raging Bolt|spa|1
|-boost|p1a: Raging Bolt|spd|1
|move|p2a: Slowking|Future Sight|p1a: Raging Bolt
|-start|p2a: Slowking|move: Future Sight
|
|upkeep
|turn|30
|
|t:|1780993296
|move|p1a: Raging Bolt|Calm Mind|p1a: Raging Bolt
|-boost|p1a: Raging Bolt|spa|1
|-boost|p1a: Raging Bolt|spd|1
|-prepare|p2a: Slowking|Chilly Reception|[premajor]
|move|p2a: Slowking|Chilly Reception|p2a: Slowking
|-weather|Snowscape
|
|t:|1780993305
|switch|p2a: Kyurem|Kyurem|11/100|[from] Chilly Reception
|-ability|p2a: Kyurem|Pressure
|
|-weather|Snowscape|[upkeep]
|upkeep
|turn|31
|
|t:|1780993313
|switch|p2a: Hatterene|Hatterene, F|53/100
|move|p1a: Raging Bolt|Thunderclap||[still]
|-fail|p1a: Raging Bolt
|
|-weather|Snowscape|[upkeep]
|-end|p1a: Raging Bolt|move: Future Sight
|-damage|p1a: Raging Bolt|81/100
|-enditem|p1a: Raging Bolt|Air Balloon
|upkeep
|turn|32
|
|t:|1780993319
|move|p1a: Raging Bolt|Thunderbolt|p2a: Hatterene
|-damage|p2a: Hatterene|0 fnt
|faint|p2a: Hatterene
|
|-weather|Snowscape|[upkeep]
|upkeep
|
|t:|1780993323
|switch|p2a: Kingambit|Kingambit, F|87/100
|-activate|p2a: Kingambit|ability: Supreme Overlord
|-start|p2a: Kingambit|fallen3|[silent]
|turn|33
|
|t:|1780993329
|-end|p2a: Kingambit|fallen3|[silent]
|switch|p2a: Kyurem|Kyurem|11/100
|-ability|p2a: Kyurem|Pressure
|-terastallize|p1a: Raging Bolt|Fairy
|move|p1a: Raging Bolt|Thunderbolt|p2a: Kyurem
|-resisted|p2a: Kyurem
|-damage|p2a: Kyurem|0 fnt
|faint|p2a: Kyurem
|
|-weather|Snowscape|[upkeep]
|upkeep
|
|t:|1780993337
|switch|p2a: Kingambit|Kingambit, F|87/100
|-activate|p2a: Kingambit|ability: Supreme Overlord
|-start|p2a: Kingambit|fallen4|[silent]
|turn|34
|
|t:|1780993340
|-terastallize|p2a: Kingambit|Ghost
|move|p1a: Raging Bolt|Thunderbolt|p2a: Kingambit
|-damage|p2a: Kingambit|0 fnt
|faint|p2a: Kingambit
|-end|p2a: Kingambit|fallen4|[silent]
|
|-weather|none
|upkeep
|-message|goodnightnite forfeited.
|
|win|Aegisrio
|raw|Aegisrio's rating: 1533 &rarr; <strong>1557</strong><br />(+24 for winning)
|raw|goodnightnite's rating: 1600 &rarr; <strong>1576</strong><br />(-24 for losing)
|l|☆goodnightnite
|player|p2|
|l| lord shiddenfards
|l|☆Aegisrio
|player|p1|
