|badge|p1|bronze|gen9randombattle|100-9
|badge|p1|bronze|gen9ubers|100-9
|uhtml|medal-msg|<div class="broadcast-blue">Curious what those medals under the avatar are? PS now has Ladder Seasons! For more information, check out the <a href="https://www.smogon.com/forums/threads/3740067/">thread on Smogon.</a></div>
|j|☆oddishlover4
|j|☆WorkinBorkin
|t:|1781298538
|gametype|singles
|player|p1|oddishlover4|acetrainerf|1744
|player|p2|WorkinBorkin|266|1679
|gen|9
|tier|[Gen 9] OU
|rated|
|rule|HP Percentage Mod: HP is shown in percentages
|rule|Endless Battle Clause: Forcing endless battles is banned
|rule|Species Clause: Limit one of each Pokémon
|rule|OHKO Clause: OHKO moves are banned
|rule|Evasion Items Clause: Evasion items are banned
|rule|Evasion Moves Clause: Evasion moves are banned
|rule|Evasion Abilities Clause: Evasion abilities are banned
|rule|Sleep Moves Clause: Sleep-inducing moves are banned
|clearpoke
|poke|p1|Kyurem|
|poke|p1|Hatterene, F|
|poke|p1|Darkrai|
|poke|p1|Great Tusk|
|poke|p1|Dragonite, F|
|poke|p1|Gholdengo|
|poke|p2|Hippowdon, M|
|poke|p2|Excadrill, M|
|poke|p2|Garganacl, F|
|poke|p2|Skarmory, M|
|poke|p2|Sinistcha|
|poke|p2|Weavile, M|
|teampreview
|j| TheSacredJackal⨕
|
|t:|1781298557
|teamsize|p1|6
|teamsize|p2|6
|start
|switch|p1a: Celebration|Gholdengo|100/100
|switch|p2a: Weavile|Weavile, M, shiny|100/100
|-ability|p2a: Weavile|Pressure
|turn|1
|c|☆oddishlover4|gl/hf!
|inactive|Battle timer is ON: inactive players will automatically lose when time's up. (requested by oddishlover4)
|
|t:|1781298575
|switch|p2a: Hippowdon|Hippowdon, M|100/100
|-weather|Sandstorm|[from] ability: Sand Stream|[of] p2a: Hippowdon
|move|p1a: Celebration|Make It Rain|p2a: Hippowdon
|-damage|p2a: Hippowdon|54/100
|-unboost|p1a: Celebration|spa|1
|
|-weather|Sandstorm|[upkeep]
|upkeep
|turn|2
|
|t:|1781298594
|move|p1a: Celebration|Nasty Plot|p1a: Celebration
|-boost|p1a: Celebration|spa|2
|move|p2a: Hippowdon|Slack Off|p2a: Hippowdon
|-heal|p2a: Hippowdon|100/100
|
|-weather|Sandstorm|[upkeep]
|upkeep
|turn|3
|
|t:|1781298612
|move|p1a: Celebration|Nasty Plot|p1a: Celebration
|-boost|p1a: Celebration|spa|2
|move|p2a: Hippowdon|Earthquake|p1a: Celebration
|-supereffective|p1a: Celebration
|-damage|p1a: Celebration|42/100
|
|-weather|Sandstorm|[upkeep]
|upkeep
|turn|4
|
|t:|1781298630
|switch|p2a: Skarmory|Skarmory, M|100/100
|move|p1a: Celebration|Make It Rain|p2a: Skarmory
|-resisted|p2a: Skarmory
|-damage|p2a: Skarmory|2/100
|-unboost|p1a: Celebration|spa|1
|
|-weather|Sandstorm|[upkeep]
|upkeep
|turn|5
|inactive|oddishlover4 has 120 seconds left.
|l| TheSacredJackal⨕
|
|t:|1781298649
|move|p1a: Celebration|Recover|p1a: Celebration
|-heal|p1a: Celebration|92/100
|move|p2a: Skarmory|Spikes|p1a: Celebration
|-sidestart|p1: oddishlover4|Spikes
|
|-weather|Sandstorm|[upkeep]
|upkeep
|turn|6
|inactive|oddishlover4 has 120 seconds left.
|
|t:|1781298667
|move|p1a: Celebration|Shadow Ball|p2a: Skarmory
|-damage|p2a: Skarmory|0 fnt
|faint|p2a: Skarmory
|
|-weather|Sandstorm|[upkeep]
|upkeep
|
|t:|1781298669
|switch|p2a: Weavile|Weavile, M, shiny|100/100
|-ability|p2a: Weavile|Pressure
|turn|7
|inactive|oddishlover4 has 120 seconds left.
|
|t:|1781298687
|move|p2a: Weavile|Knock Off|p1a: Celebration
|-supereffective|p1a: Celebration
|-damage|p1a: Celebration|22/100
|-enditem|p1a: Celebration|Custap Berry|[from] move: Knock Off|[of] p2a: Weavile
|move|p1a: Celebration|Make It Rain|p2a: Weavile
|-supereffective|p2a: Weavile
|-damage|p2a: Weavile|0 fnt
|-unboost|p1a: Celebration|spa|1
|faint|p2a: Weavile
|
|-weather|Sandstorm|[upkeep]
|upkeep
|
|t:|1781298691
|switch|p2a: Excadrill|Excadrill, M|100/100
|-item|p2a: Excadrill|Air Balloon
|turn|8
|j| rexa2
|inactive|oddishlover4 has 120 seconds left.
|
|t:|1781298709
|switch|p1a: Bluebeard's Wife|Dragonite, F|100/100
|move|p2a: Excadrill|Earthquake|p1a: Bluebeard's Wife
|-immune|p1a: Bluebeard's Wife
|
|-weather|none
|upkeep
|turn|9
|inactive|oddishlover4 has 120 seconds left.
|
|t:|1781298727
|switch|p2a: Hippowdon|Hippowdon, M|100/100
|-weather|Sandstorm|[from] ability: Sand Stream|[of] p2a: Hippowdon
|move|p1a: Bluebeard's Wife|Fire Punch|p2a: Hippowdon
|-damage|p2a: Hippowdon|81/100
|
|-weather|Sandstorm|[upkeep]
|-damage|p1a: Bluebeard's Wife|94/100|[from] Sandstorm
|upkeep
|turn|10
|l| rexa2
|
|t:|1781298746
|switch|p1a: Fearless|Great Tusk|100/100
|-damage|p1a: Fearless|88/100|[from] Spikes
|switch|p2a: Garganacl|Garganacl, F, shiny|100/100
|
|-weather|Sandstorm|[upkeep]
|-heal|p1a: Fearless|94/100|[from] item: Leftovers
|upkeep
|turn|11
|j| rexa2
|l| rexa2
|
|t:|1781298763
|move|p1a: Fearless|Stealth Rock|p2a: Garganacl
|-sidestart|p2: WorkinBorkin|move: Stealth Rock
|move|p2a: Garganacl|Salt Cure|p1a: Fearless
|-resisted|p1a: Fearless
|-damage|p1a: Fearless|93/100
|-start|p1a: Fearless|Salt Cure
|
|-weather|Sandstorm|[upkeep]
|-heal|p1a: Fearless|99/100|[from] item: Leftovers
|-damage|p1a: Fearless|86/100|[from] Salt Cure
|upkeep
|turn|12
|j| rexa2
|
|t:|1781298782
|switch|p2a: Sinistcha|Sinistcha, shiny|100/100
|move|p1a: Fearless|Headlong Rush|p2a: Sinistcha
|-resisted|p2a: Sinistcha
|-crit|p2a: Sinistcha
|-damage|p2a: Sinistcha|73/100
|-unboost|p1a: Fearless|def|1
|-unboost|p1a: Fearless|spd|1
|
|-weather|Sandstorm|[upkeep]
|-damage|p2a: Sinistcha|67/100|[from] Sandstorm
|-heal|p1a: Fearless|92/100|[from] item: Leftovers
|-damage|p1a: Fearless|80/100|[from] Salt Cure
|upkeep
|turn|13
|inactive|oddishlover4 has 90 seconds left.
|j| Schlafparalyse
|
|t:|1781298800
|-end|p1a: Fearless|Protosynthesis|[silent]
|switch|p1a: Boompala|Kyurem|100/100
|-damage|p1a: Boompala|88/100|[from] Spikes
|-ability|p1a: Boompala|Pressure
|move|p2a: Sinistcha|Matcha Gotcha|p1a: Boompala
|-resisted|p1a: Boompala
|-damage|p1a: Boompala|77/100
|-heal|p2a: Sinistcha|73/100|[from] drain|[of] p1a: Boompala
|
|-weather|Sandstorm|[upkeep]
|-damage|p1a: Boompala|71/100|[from] Sandstorm
|-damage|p2a: Sinistcha|67/100|[from] Sandstorm
|upkeep
|turn|14
|inactive|oddishlover4 has 90 seconds left.
|
|t:|1781298818
|switch|p1a: Fearless|Great Tusk|80/100
|-damage|p1a: Fearless|68/100|[from] Spikes
|switch|p2a: Garganacl|Garganacl, F, shiny|100/100
|-damage|p2a: Garganacl|88/100|[from] Stealth Rock
|
|-weather|Sandstorm|[upkeep]
|-heal|p1a: Fearless|74/100|[from] item: Leftovers
|-heal|p2a: Garganacl|94/100|[from] item: Leftovers
|upkeep
|turn|15
|inactive|oddishlover4 has 90 seconds left.
|
|t:|1781298836
|switch|p2a: Sinistcha|Sinistcha, shiny|67/100
|move|p1a: Fearless|Headlong Rush|p2a: Sinistcha
|-resisted|p2a: Sinistcha
|-damage|p2a: Sinistcha|51/100
|-unboost|p1a: Fearless|def|1
|-unboost|p1a: Fearless|spd|1
|
|-weather|Sandstorm|[upkeep]
|-damage|p2a: Sinistcha|45/100|[from] Sandstorm
|-heal|p1a: Fearless|80/100|[from] item: Leftovers
|upkeep
|turn|16
|
|t:|1781298853
|-end|p1a: Fearless|Protosynthesis|[silent]
|switch|p1a: Boompala|Kyurem|71/100
|-damage|p1a: Boompala|59/100|[from] Spikes
|-ability|p1a: Boompala|Pressure
|move|p2a: Sinistcha|Strength Sap|p1a: Boompala
|-unboost|p1a: Boompala|atk|1
|-heal|p2a: Sinistcha|100/100
|
|-weather|none
|upkeep
|turn|17
|
|t:|1781298871
|switch|p2a: Hippowdon|Hippowdon, M|81/100
|-damage|p2a: Hippowdon|75/100|[from] Stealth Rock
|-weather|Sandstorm|[from] ability: Sand Stream|[of] p2a: Hippowdon
|move|p1a: Boompala|Earth Power|p2a: Hippowdon
|-damage|p2a: Hippowdon|52/100
|
|-weather|Sandstorm|[upkeep]
|-damage|p1a: Boompala|53/100|[from] Sandstorm
|upkeep
|turn|18
|
|t:|1781298889
|switch|p2a: Excadrill|Excadrill, M|100/100
|-damage|p2a: Excadrill|97/100|[from] Stealth Rock
|-item|p2a: Excadrill|Air Balloon
|move|p1a: Boompala|Ice Beam|p2a: Excadrill
|-damage|p2a: Excadrill|28/100
|-enditem|p2a: Excadrill|Air Balloon
|
|-weather|Sandstorm|[upkeep]
|-damage|p1a: Boompala|47/100|[from] Sandstorm
|upkeep
|turn|19
|l| rexa2
|inactive|oddishlover4 has 60 seconds left.
|
|t:|1781298908
|switch|p1a: Fearless|Great Tusk|80/100
|-damage|p1a: Fearless|67/100|[from] Spikes
|move|p2a: Excadrill|Iron Head|p1a: Fearless
|-crit|p1a: Fearless
|-damage|p1a: Fearless|29/100
|
|-weather|Sandstorm|[upkeep]
|-heal|p1a: Fearless|35/100|[from] item: Leftovers
|upkeep
|turn|20
|inactive|oddishlover4 has 60 seconds left.
|inactive|WorkinBorkin has 120 seconds left.
|
|t:|1781298969
|switch|p2a: Sinistcha|Sinistcha, shiny|100/100
|move|p1a: Fearless|Ice Spinner|p2a: Sinistcha
|-supereffective|p2a: Sinistcha
|-damage|p2a: Sinistcha|69/100
|
|-weather|Sandstorm|[upkeep]
|-damage|p2a: Sinistcha|63/100|[from] Sandstorm
|-heal|p1a: Fearless|42/100|[from] item: Leftovers
|upkeep
|turn|21
|inactive|oddishlover4 has 60 seconds left.
|
|t:|1781298987
|move|p1a: Fearless|Ice Spinner|p2a: Sinistcha
|-supereffective|p2a: Sinistcha
|-damage|p2a: Sinistcha|33/100
|move|p2a: Sinistcha|Matcha Gotcha|p1a: Fearless
|-supereffective|p1a: Fearless
|-damage|p1a: Fearless|0 fnt
|-heal|p2a: Sinistcha|59/100|[from] drain|[of] p1a: Fearless
|faint|p1a: Fearless
|-end|p1a: Fearless|Protosynthesis|[silent]
|
|-weather|Sandstorm|[upkeep]
|-damage|p2a: Sinistcha|53/100|[from] Sandstorm
|upkeep
|
|t:|1781299005
|switch|p1a: Celebration|Gholdengo|22/100
|-damage|p1a: Celebration|9/100|[from] Spikes
|turn|22
|
|t:|1781299014
|switch|p2a: Garganacl|Garganacl, F, shiny|94/100
|-damage|p2a: Garganacl|82/100|[from] Stealth Rock
|move|p1a: Celebration|Shadow Ball|p2a: Garganacl
|-damage|p2a: Garganacl|72/100
|
|-weather|Sandstorm|[upkeep]
|-heal|p2a: Garganacl|78/100|[from] item: Leftovers
|upkeep
|turn|23
|
|t:|1781299024
|move|p1a: Celebration|Recover|p1a: Celebration
|-heal|p1a: Celebration|59/100
|move|p2a: Garganacl|Salt Cure|p1a: Celebration
|-resisted|p1a: Celebration
|-damage|p1a: Celebration|54/100
|-start|p1a: Celebration|Salt Cure
|
|-weather|Sandstorm|[upkeep]
|-heal|p2a: Garganacl|84/100|[from] item: Leftovers
|-damage|p1a: Celebration|29/100|[from] Salt Cure
|upkeep
|turn|24
|l| Schlafparalyse
|
|t:|1781299033
|move|p1a: Celebration|Recover|p1a: Celebration
|-heal|p1a: Celebration|79/100
|move|p2a: Garganacl|Curse|p2a: Garganacl
|-unboost|p2a: Garganacl|spe|1
|-boost|p2a: Garganacl|atk|1
|-boost|p2a: Garganacl|def|1
|
|-weather|none
|-heal|p2a: Garganacl|91/100|[from] item: Leftovers
|-damage|p1a: Celebration|54/100|[from] Salt Cure
|upkeep
|turn|25
|inactive|oddishlover4 has 60 seconds left.
|
|t:|1781299049
|-terastallize|p1a: Celebration|Fairy
|move|p1a: Celebration|Recover|p1a: Celebration
|-heal|p1a: Celebration|100/100
|move|p2a: Garganacl|Ice Punch|p1a: Celebration
|-damage|p1a: Celebration|80/100
|
|-heal|p2a: Garganacl|97/100|[from] item: Leftovers
|-damage|p1a: Celebration|67/100|[from] Salt Cure
|upkeep
|turn|26
|
|t:|1781299064
|-terastallize|p2a: Garganacl|Water
|move|p1a: Celebration|Make It Rain|p2a: Garganacl
|-resisted|p2a: Garganacl
|-damage|p2a: Garganacl|75/100
|-unboost|p1a: Celebration|spa|1
|move|p2a: Garganacl|Curse|p2a: Garganacl
|-unboost|p2a: Garganacl|spe|1
|-boost|p2a: Garganacl|atk|1
|-boost|p2a: Garganacl|def|1
|
|-heal|p2a: Garganacl|81/100|[from] item: Leftovers
|-damage|p1a: Celebration|55/100|[from] Salt Cure
|upkeep
|turn|27
|
|t:|1781299073
|switch|p1a: Antifragile|Hatterene, F|100/100
|-damage|p1a: Antifragile|88/100|[from] Spikes
|move|p2a: Garganacl|Salt Cure|p1a: Antifragile
|-damage|p1a: Antifragile|64/100
|-start|p1a: Antifragile|Salt Cure
|
|-heal|p2a: Garganacl|87/100|[from] item: Leftovers
|-damage|p1a: Antifragile|52/100|[from] Salt Cure
|upkeep
|turn|28
|
|t:|1781299082
|move|p1a: Antifragile|Psychic Noise|p2a: Garganacl
|-damage|p2a: Garganacl|65/100
|-start|p2a: Garganacl|move: Heal Block
|move|p2a: Garganacl|Ice Punch|p1a: Antifragile
|-damage|p1a: Antifragile|22/100
|-damage|p2a: Garganacl|48/100|[from] item: Rocky Helmet|[of] p1a: Antifragile
|
|-damage|p1a: Antifragile|10/100|[from] Salt Cure
|upkeep
|turn|29
|
|t:|1781299092
|switch|p2a: Hippowdon|Hippowdon, M|52/100
|-damage|p2a: Hippowdon|46/100|[from] Stealth Rock
|-weather|Sandstorm|[from] ability: Sand Stream|[of] p2a: Hippowdon
|move|p1a: Antifragile|Draining Kiss|p2a: Hippowdon
|-damage|p2a: Hippowdon|29/100
|-heal|p1a: Antifragile|27/100|[from] drain|[of] p2a: Hippowdon
|
|-weather|Sandstorm|[upkeep]
|-damage|p1a: Antifragile|21/100|[from] Sandstorm
|-damage|p1a: Antifragile|8/100|[from] Salt Cure
|upkeep
|turn|30
|
|t:|1781299110
|move|p2a: Hippowdon|Slack Off|p2a: Hippowdon
|-heal|p2a: Hippowdon|79/100
|move|p1a: Antifragile|Pain Split|p2a: Hippowdon
|-sethp|p2a: Hippowdon|43/100|[from] move: Pain Split|[silent]
|-sethp|p1a: Antifragile|56/100|[from] move: Pain Split
|
|-weather|Sandstorm|[upkeep]
|-damage|p1a: Antifragile|50/100|[from] Sandstorm
|-damage|p1a: Antifragile|38/100|[from] Salt Cure
|upkeep
|turn|31
|
|t:|1781299128
|move|p2a: Hippowdon|Earthquake|p1a: Antifragile
|-damage|p1a: Antifragile|9/100
|move|p1a: Antifragile|Pain Split|p2a: Hippowdon
|-sethp|p2a: Hippowdon|25/100|[from] move: Pain Split|[silent]
|-sethp|p1a: Antifragile|32/100|[from] move: Pain Split
|
|-weather|Sandstorm|[upkeep]
|-damage|p1a: Antifragile|26/100|[from] Sandstorm
|-damage|p1a: Antifragile|14/100|[from] Salt Cure
|upkeep
|turn|32
|
|t:|1781299146
|move|p2a: Hippowdon|Earthquake|p1a: Antifragile
|-damage|p1a: Antifragile|0 fnt
|faint|p1a: Antifragile
|
|-weather|Sandstorm|[upkeep]
|upkeep
|inactive|oddishlover4 has 60 seconds left.
|
|t:|1781299163
|switch|p1a: Celebration|Gholdengo, tera:Fairy|55/100
|-damage|p1a: Celebration|42/100|[from] Spikes
|turn|33
|inactive|oddishlover4 has 60 seconds left.
|
|t:|1781299181
|switch|p2a: Garganacl|Garganacl, F, shiny, tera:Water|48/100
|-damage|p2a: Garganacl|36/100|[from] Stealth Rock
|move|p1a: Celebration|Recover|p1a: Celebration
|-heal|p1a: Celebration|93/100
|
|-weather|Sandstorm|[upkeep]
|-damage|p1a: Celebration|86/100|[from] Sandstorm
|-damage|p2a: Garganacl|30/100|[from] Sandstorm
|-heal|p2a: Garganacl|36/100|[from] item: Leftovers
|upkeep
|turn|34
|
|t:|1781299190
|move|p1a: Celebration|Nasty Plot|p1a: Celebration
|-boost|p1a: Celebration|spa|2
|move|p2a: Garganacl|Recover|p2a: Garganacl
|-heal|p2a: Garganacl|86/100
|
|-weather|Sandstorm|[upkeep]
|-damage|p1a: Celebration|80/100|[from] Sandstorm
|-damage|p2a: Garganacl|80/100|[from] Sandstorm
|-heal|p2a: Garganacl|86/100|[from] item: Leftovers
|upkeep
|turn|35
|inactive|oddishlover4 has 60 seconds left.
|
|t:|1781299199
|move|p1a: Celebration|Recover|p1a: Celebration
|-heal|p1a: Celebration|100/100
|move|p2a: Garganacl|Salt Cure|p1a: Celebration
|-damage|p1a: Celebration|89/100
|-start|p1a: Celebration|Salt Cure
|
|-weather|Sandstorm|[upkeep]
|-damage|p1a: Celebration|83/100|[from] Sandstorm
|-damage|p2a: Garganacl|80/100|[from] Sandstorm
|-heal|p2a: Garganacl|86/100|[from] item: Leftovers
|-damage|p1a: Celebration|71/100|[from] Salt Cure
|upkeep
|turn|36
|
|t:|1781299208
|move|p1a: Celebration|Shadow Ball|p2a: Garganacl
|-damage|p2a: Garganacl|58/100
|move|p2a: Garganacl|Ice Punch|p1a: Celebration
|-damage|p1a: Celebration|57/100
|
|-weather|none
|-heal|p2a: Garganacl|65/100|[from] item: Leftovers
|-damage|p1a: Celebration|44/100|[from] Salt Cure
|upkeep
|turn|37
|
|t:|1781299217
|move|p1a: Celebration|Recover|p1a: Celebration
|-heal|p1a: Celebration|94/100
|move|p2a: Garganacl|Recover|p2a: Garganacl
|-heal|p2a: Garganacl|100/100
|
|-damage|p1a: Celebration|82/100|[from] Salt Cure
|upkeep
|turn|38
|
|t:|1781299226
|switch|p1a: Boompala|Kyurem|47/100
|-damage|p1a: Boompala|35/100|[from] Spikes
|-ability|p1a: Boompala|Pressure
|move|p2a: Garganacl|Curse|p2a: Garganacl
|-unboost|p2a: Garganacl|spe|1
|-boost|p2a: Garganacl|atk|1
|-boost|p2a: Garganacl|def|1
|
|upkeep
|turn|39
|
|t:|1781299235
|move|p1a: Boompala|Freeze-Dry|p2a: Garganacl
|-supereffective|p2a: Garganacl
|-damage|p2a: Garganacl|52/100
|move|p2a: Garganacl|Salt Cure|p1a: Boompala
|-supereffective|p1a: Boompala
|-damage|p1a: Boompala|4/100
|-start|p1a: Boompala|Salt Cure
|
|-heal|p2a: Garganacl|59/100|[from] item: Leftovers
|-damage|p1a: Boompala|0 fnt|[from] Salt Cure
|faint|p1a: Boompala
|upkeep
|
|t:|1781299245
|switch|p1a: Perfect Night|Darkrai|100/100
|-damage|p1a: Perfect Night|88/100|[from] Spikes
|turn|40
|
|t:|1781299253
|switch|p2a: Hippowdon|Hippowdon, M|25/100
|-damage|p2a: Hippowdon|18/100|[from] Stealth Rock
|-weather|Sandstorm|[from] ability: Sand Stream|[of] p2a: Hippowdon
|move|p1a: Perfect Night|Trick|p2a: Hippowdon
|-activate|p1a: Perfect Night|move: Trick|[of] p2a: Hippowdon
|-item|p2a: Hippowdon|Choice Scarf|[from] move: Trick
|-item|p1a: Perfect Night|Smooth Rock|[from] move: Trick
|
|-weather|Sandstorm|[upkeep]
|-damage|p1a: Perfect Night|82/100|[from] Sandstorm
|upkeep
|turn|41
|inactive|oddishlover4 has 90 seconds left.
|
|t:|1781299270
|move|p1a: Perfect Night|Dark Pulse|p2a: Hippowdon
|-damage|p2a: Hippowdon|0 fnt
|faint|p2a: Hippowdon
|
|-weather|Sandstorm|[upkeep]
|-damage|p1a: Perfect Night|76/100|[from] Sandstorm
|upkeep
|
|t:|1781299272
|switch|p2a: Excadrill|Excadrill, M|28/100
|-damage|p2a: Excadrill|25/100|[from] Stealth Rock
|turn|42
|inactive|oddishlover4 has 90 seconds left.
|
|t:|1781299290
|switch|p1a: Bluebeard's Wife|Dragonite, F|94/100
|move|p2a: Excadrill|Earthquake|p1a: Bluebeard's Wife
|-immune|p1a: Bluebeard's Wife
|
|-weather|Sandstorm|[upkeep]
|-damage|p1a: Bluebeard's Wife|88/100|[from] Sandstorm
|upkeep
|turn|43
|
|t:|1781299307
|move|p2a: Excadrill|Iron Head|p1a: Bluebeard's Wife
|-damage|p1a: Bluebeard's Wife|48/100
|cant|p1a: Bluebeard's Wife|flinch
|
|-weather|Sandstorm|[upkeep]
|-damage|p1a: Bluebeard's Wife|41/100|[from] Sandstorm
|upkeep
|turn|44
|
|t:|1781299323
|move|p2a: Excadrill|Iron Head|p1a: Bluebeard's Wife
|-damage|p1a: Bluebeard's Wife|0 fnt
|faint|p1a: Bluebeard's Wife
|
|-weather|Sandstorm|[upkeep]
|upkeep
|
|t:|1781299338
|switch|p1a: Celebration|Gholdengo, tera:Fairy|82/100
|-damage|p1a: Celebration|69/100|[from] Spikes
|turn|45
|
|t:|1781299353
|move|p2a: Excadrill|Iron Head|p1a: Celebration
|-supereffective|p1a: Celebration
|-damage|p1a: Celebration|0 fnt
|faint|p1a: Celebration
|
|-weather|Sandstorm|[upkeep]
|upkeep
|
|t:|1781299363
|switch|p1a: Perfect Night|Darkrai|76/100
|-damage|p1a: Perfect Night|63/100|[from] Spikes
|turn|46
|
|t:|1781299372
|move|p2a: Excadrill|Earthquake|p1a: Perfect Night
|-damage|p1a: Perfect Night|0 fnt
|faint|p1a: Perfect Night
|
|win|WorkinBorkin
|raw|oddishlover4's rating: 1744 &rarr; <strong>1720</strong><br />(-24 for losing)
|raw|WorkinBorkin's rating: 1679 &rarr; <strong>1703</strong><br />(+24 for winning)
|c|☆oddishlover4|GG!
|c|☆WorkinBorkin|Sorry for flinch, gg
|l|☆WorkinBorkin
|player|p2|
|l|☆oddishlover4
|player|p1|
|j|☆WorkinBorkin
|player|p2|WorkinBorkin|266|
