|j|☆GreninjaMyFav
|j|☆suprya
|t:|1781150318
|gametype|singles
|player|p1|GreninjaMyFav|skyla|1725
|player|p2|suprya|clown|1689
|gen|9
|tier|[Gen 9] OU
|rated|
|rule|HP Percentage Mod: HP is shown in percentages
|rule|Endless Battle Clause: Forcing endless battles is banned
|rule|Species Clause: Limit one of each Pokémon
|rule|OHKO Clause: OHKO moves are banned
|rule|Evasion Items Clause: Evasion items are banned
|rule|Evasion Moves Clause: Evasion moves are banned
|rule|Evasion Abilities Clause: Evasion abilities are banned
|rule|Sleep Moves Clause: Sleep-inducing moves are banned
|clearpoke
|poke|p1|Greninja-*, F|
|poke|p1|Raging Bolt|
|poke|p1|Kingambit, M|
|poke|p1|Great Tusk|
|poke|p1|Slowking-Galar, M|
|poke|p1|Corviknight, F|
|poke|p2|Pelipper, M|
|poke|p2|Hydrapple, M|
|poke|p2|Iron Treads|
|poke|p2|Gholdengo|
|poke|p2|Slowking-Galar, M|
|poke|p2|Greninja-*, M|
|teampreview
|inactive|Battle timer is ON: inactive players will automatically lose when time's up. (requested by suprya)
|
|t:|1781150346
|teamsize|p1|6
|teamsize|p2|6
|start
|switch|p1a: Greninja|Greninja, F|100/100
|switch|p2a: Iron Treads|Iron Treads|100/100
|turn|1
|
|t:|1781150361
|-end|p2a: Iron Treads|Quark Drive|[silent]
|switch|p2a: Slowking|Slowking-Galar, M|100/100
|move|p1a: Greninja|Ice Beam|p2a: Slowking
|-start|p1a: Greninja|typechange|Ice|[from] ability: Protean
|-damage|p2a: Slowking|73/100
|
|upkeep
|turn|2
|
|t:|1781150380
|switch|p1a: Slowking|Slowking-Galar, M|100/100
|move|p2a: Slowking|Psyshock|p1a: Slowking
|-damage|p1a: Slowking|62/100
|
|upkeep
|turn|3
|
|t:|1781150387
|switch|p1a: Kingambit|Kingambit, M|100/100
|move|p2a: Slowking|Psyshock|p1a: Kingambit
|-immune|p1a: Kingambit
|
|upkeep
|turn|4
|
|t:|1781150391
|switch|p2a: Hydrapple|Hydrapple, M|100/100
|move|p1a: Kingambit|Kowtow Cleave|p2a: Hydrapple
|-damage|p2a: Hydrapple|67/100
|
|upkeep
|turn|5
|
|t:|1781150404
|-end|p1a: Kingambit|fallenundefined|[silent]
|switch|p1a: Corviknight|Corviknight, F|100/100
|-ability|p1a: Corviknight|Pressure
|move|p2a: Hydrapple|Earth Power|p1a: Corviknight
|-immune|p1a: Corviknight
|
|upkeep
|turn|6
|
|t:|1781150414
|switch|p2a: Slowking|Slowking-Galar, M|100/100
|move|p1a: Corviknight|U-turn|p2a: Slowking
|-damage|p2a: Slowking|87/100
|
|t:|1781150419
|switch|p1a: Kingambit|Kingambit, M|100/100|[from] U-turn
|
|upkeep
|turn|7
|
|t:|1781150423
|switch|p2a: Hydrapple|Hydrapple, M|99/100
|move|p1a: Kingambit|Kowtow Cleave|p2a: Hydrapple
|-damage|p2a: Hydrapple|64/100
|
|upkeep
|turn|8
|
|t:|1781150433
|switch|p2a: Pelipper|Pelipper, M|100/100
|-weather|RainDance|[from] ability: Drizzle|[of] p2a: Pelipper
|move|p1a: Kingambit|Kowtow Cleave|p2a: Pelipper
|-damage|p2a: Pelipper|55/100
|
|-weather|RainDance|[upkeep]
|upkeep
|turn|9
|
|t:|1781150451
|-end|p1a: Kingambit|fallenundefined|[silent]
|switch|p1a: Raging Bolt|Raging Bolt|100/100
|switch|p2a: Hydrapple|Hydrapple, M|98/100
|
|-weather|RainDance|[upkeep]
|upkeep
|turn|10
|
|t:|1781150455
|switch|p2a: Iron Treads|Iron Treads|100/100
|move|p1a: Raging Bolt|Draco Meteor|p2a: Iron Treads
|-resisted|p2a: Iron Treads
|-damage|p2a: Iron Treads|53/100
|-unboost|p1a: Raging Bolt|spa|2
|
|-weather|RainDance|[upkeep]
|-heal|p2a: Iron Treads|59/100|[from] item: Leftovers
|upkeep
|turn|11
|
|t:|1781150461
|-end|p1a: Raging Bolt|Protosynthesis|[silent]
|switch|p1a: Great Tusk|Great Tusk|100/100
|move|p2a: Iron Treads|Stealth Rock|p1a: Great Tusk
|-sidestart|p1: GreninjaMyFav|move: Stealth Rock
|
|-weather|RainDance|[upkeep]
|-heal|p2a: Iron Treads|65/100|[from] item: Leftovers
|upkeep
|turn|12
|
|t:|1781150466
|-end|p2a: Iron Treads|Quark Drive|[silent]
|switch|p2a: Pelipper|Pelipper, M|55/100
|move|p1a: Great Tusk|Stealth Rock|p2a: Pelipper
|-sidestart|p2: suprya|move: Stealth Rock
|
|-weather|none
|upkeep
|turn|13
|
|t:|1781150473
|move|p1a: Great Tusk|Rapid Spin|p2a: Pelipper
|-damage|p2a: Pelipper|42/100
|-boost|p1a: Great Tusk|spe|1
|-sideend|p1: GreninjaMyFav|Stealth Rock|[from] move: Rapid Spin|[of] p1a: Great Tusk
|move|p2a: Pelipper|Surf|p1a: Great Tusk
|-supereffective|p1a: Great Tusk
|-damage|p1a: Great Tusk|16/100
|
|upkeep
|turn|14
|
|t:|1781150477
|-end|p1a: Great Tusk|Protosynthesis|[silent]
|switch|p1a: Greninja|Greninja, F|100/100
|move|p2a: Pelipper|Roost|p2a: Pelipper
|-heal|p2a: Pelipper|92/100
|-singleturn|p2a: Pelipper|move: Roost
|
|upkeep
|turn|15
|j| DA COME UP
|l| DA COME UP
|
|t:|1781150500
|move|p1a: Greninja|Ice Beam|p2a: Pelipper
|-start|p1a: Greninja|typechange|Ice|[from] ability: Protean
|-damage|p2a: Pelipper|12/100
|move|p2a: Pelipper|U-turn|p1a: Greninja
|-damage|p1a: Greninja|85/100
|inactive|suprya has 120 seconds left.
|
|t:|1781150519
|switch|p2a: Greninja|Greninja, M|100/100|[from] U-turn
|-damage|p2a: Greninja|88/100|[from] Stealth Rock
|
|upkeep
|turn|16
|
|t:|1781150524
|switch|p1a: Raging Bolt|Raging Bolt|100/100
|move|p2a: Greninja|Dark Pulse|p1a: Raging Bolt
|-damage|p1a: Raging Bolt|51/100
|
|upkeep
|turn|17
|
|t:|1781150538
|switch|p2a: Iron Treads|Iron Treads|65/100
|-damage|p2a: Iron Treads|62/100|[from] Stealth Rock
|-end|p1a: Raging Bolt|Protosynthesis|[silent]
|switch|p1a: Greninja|Greninja, F|85/100
|
|-heal|p2a: Iron Treads|68/100|[from] item: Leftovers
|upkeep
|turn|18
|j| DA COME UP
|
|t:|1781150548
|-end|p2a: Iron Treads|Quark Drive|[silent]
|switch|p2a: Slowking|Slowking-Galar, M|100/100
|-damage|p2a: Slowking|88/100|[from] Stealth Rock
|move|p1a: Greninja|Hydro Pump|p2a: Slowking
|-start|p1a: Greninja|typechange|Water|[from] ability: Protean
|-damage|p2a: Slowking|51/100
|
|upkeep
|turn|19
|
|t:|1781150561
|switch|p1a: Kingambit|Kingambit, M|100/100
|switch|p2a: Hydrapple|Hydrapple, M|100/100
|
|upkeep
|turn|20
|
|t:|1781150567
|-end|p1a: Kingambit|fallenundefined|[silent]
|switch|p1a: Corviknight|Corviknight, F|100/100
|-ability|p1a: Corviknight|Pressure
|move|p2a: Hydrapple|Nasty Plot|p2a: Hydrapple
|-boost|p2a: Hydrapple|spa|2
|
|upkeep
|turn|21
|
|t:|1781150574
|move|p1a: Corviknight|Brave Bird|p2a: Hydrapple
|-supereffective|p2a: Hydrapple
|-damage|p2a: Hydrapple|58/100
|-damage|p1a: Corviknight|86/100|[from] Recoil
|move|p2a: Hydrapple|Nasty Plot|p2a: Hydrapple
|-boost|p2a: Hydrapple|spa|2
|
|upkeep
|turn|22
|
|t:|1781150579
|move|p1a: Corviknight|U-turn|p2a: Hydrapple
|-supereffective|p2a: Hydrapple
|-damage|p2a: Hydrapple|43/100
|
|t:|1781150582
|switch|p1a: Kingambit|Kingambit, M|100/100|[from] U-turn
|move|p2a: Hydrapple|Fickle Beam|p1a: Kingambit|[anim] Fickle Beam All Out
|-activate|p2a: Hydrapple|move: Fickle Beam
|-resisted|p1a: Kingambit
|-damage|p1a: Kingambit|11/100
|
|upkeep
|turn|23
|
|t:|1781150594
|move|p1a: Kingambit|Sucker Punch|p2a: Hydrapple
|-damage|p2a: Hydrapple|13/100
|move|p2a: Hydrapple|Giga Drain|p1a: Kingambit
|-resisted|p1a: Kingambit
|-damage|p1a: Kingambit|0 fnt
|-heal|p2a: Hydrapple|19/100|[from] drain|[of] p1a: Kingambit
|faint|p1a: Kingambit
|-end|p1a: Kingambit|fallenundefined|[silent]
|
|upkeep
|
|t:|1781150596
|switch|p1a: Corviknight|Corviknight, F|86/100
|-ability|p1a: Corviknight|Pressure
|turn|24
|
|t:|1781150602
|switch|p2a: Gholdengo|Gholdengo|100/100
|-damage|p2a: Gholdengo|94/100|[from] Stealth Rock
|move|p1a: Corviknight|U-turn|p2a: Gholdengo
|-resisted|p2a: Gholdengo
|-damage|p2a: Gholdengo|90/100
|
|t:|1781150605
|switch|p1a: Raging Bolt|Raging Bolt|51/100|[from] U-turn
|
|upkeep
|turn|25
|
|t:|1781150612
|switch|p2a: Iron Treads|Iron Treads|68/100
|-damage|p2a: Iron Treads|66/100|[from] Stealth Rock
|-end|p1a: Raging Bolt|Protosynthesis|[silent]
|switch|p1a: Greninja|Greninja, F|85/100
|
|-heal|p2a: Iron Treads|72/100|[from] item: Leftovers
|upkeep
|turn|26
|
|t:|1781150621
|-end|p2a: Iron Treads|Quark Drive|[silent]
|switch|p2a: Slowking|Slowking-Galar, M|84/100
|-damage|p2a: Slowking|72/100|[from] Stealth Rock
|move|p1a: Greninja|Ice Beam|p2a: Slowking
|-start|p1a: Greninja|typechange|Ice|[from] ability: Protean
|-damage|p2a: Slowking|43/100
|
|upkeep
|turn|27
|
|t:|1781150635
|switch|p1a: Slowking|Slowking-Galar, M|95/100
|move|p2a: Slowking|Sludge Bomb|p1a: Slowking
|-resisted|p1a: Slowking
|-crit|p1a: Slowking
|-damage|p1a: Slowking|75/100
|
|upkeep
|turn|28
|
|t:|1781150639
|switch|p2a: Iron Treads|Iron Treads|72/100
|-damage|p2a: Iron Treads|69/100|[from] Stealth Rock
|-prepare|p1a: Slowking|Chilly Reception|[premajor]
|move|p1a: Slowking|Chilly Reception|p1a: Slowking
|-weather|Snowscape
|
|t:|1781150641
|switch|p1a: Greninja|Greninja, F|85/100|[from] Chilly Reception
|
|-weather|Snowscape|[upkeep]
|-heal|p2a: Iron Treads|75/100|[from] item: Leftovers
|upkeep
|turn|29
|
|t:|1781150653
|-end|p2a: Iron Treads|Quark Drive|[silent]
|switch|p2a: Slowking|Slowking-Galar, M|76/100
|-damage|p2a: Slowking|63/100|[from] Stealth Rock
|move|p1a: Greninja|Hydro Pump|p2a: Slowking
|-start|p1a: Greninja|typechange|Water|[from] ability: Protean
|-damage|p2a: Slowking|26/100
|
|-weather|Snowscape|[upkeep]
|upkeep
|turn|30
|l| DA COME UP
|inactive|suprya has 120 seconds left.
|
|t:|1781150700
|move|p1a: Greninja|Hydro Pump|p2a: Slowking
|-damage|p2a: Slowking|0 fnt
|faint|p2a: Slowking
|
|-weather|Snowscape|[upkeep]
|upkeep
|
|t:|1781150702
|switch|p2a: Greninja|Greninja, M|88/100
|-damage|p2a: Greninja|76/100|[from] Stealth Rock
|turn|31
|
|t:|1781150725
|switch|p1a: Slowking|Slowking-Galar, M|100/100
|move|p2a: Greninja|Dark Pulse|p1a: Slowking
|-supereffective|p1a: Slowking
|-damage|p1a: Slowking|39/100
|
|-weather|Snowscape|[upkeep]
|upkeep
|turn|32
|
|t:|1781150730
|switch|p1a: Greninja|Greninja, F|85/100
|move|p2a: Greninja|Dark Pulse|p1a: Greninja
|-resisted|p1a: Greninja
|-damage|p1a: Greninja|42/100
|
|-weather|none
|upkeep
|turn|33
|inactive|suprya has 120 seconds left.
|
|t:|1781150764
|move|p2a: Greninja|Dark Pulse|p1a: Greninja
|-resisted|p1a: Greninja
|-damage|p1a: Greninja|0 fnt
|faint|p1a: Greninja
|-ability|p2a: Greninja|Battle Bond|boost
|-boost|p2a: Greninja|atk|1
|-boost|p2a: Greninja|spa|1
|-boost|p2a: Greninja|spe|1
|-activate|p2a: Greninja|ability: Battle Bond
|
|upkeep
|
|t:|1781150768
|switch|p1a: Raging Bolt|Raging Bolt|51/100
|turn|34
|
|t:|1781150781
|switch|p2a: Iron Treads|Iron Treads|75/100
|-damage|p2a: Iron Treads|72/100|[from] Stealth Rock
|move|p1a: Raging Bolt|Draco Meteor|p2a: Iron Treads
|-resisted|p2a: Iron Treads
|-damage|p2a: Iron Treads|25/100
|-unboost|p1a: Raging Bolt|spa|2
|
|-heal|p2a: Iron Treads|31/100|[from] item: Leftovers
|upkeep
|turn|35
|
|t:|1781150790
|-end|p1a: Raging Bolt|Protosynthesis|[silent]
|switch|p1a: Corviknight|Corviknight, F|86/100
|-ability|p1a: Corviknight|Pressure
|move|p2a: Iron Treads|Stealth Rock|p1a: Corviknight
|-sidestart|p1: GreninjaMyFav|move: Stealth Rock
|
|-heal|p2a: Iron Treads|37/100|[from] item: Leftovers
|upkeep
|turn|36
|inactive|suprya has 120 seconds left.
|
|t:|1781150795
|-end|p2a: Iron Treads|Quark Drive|[silent]
|switch|p2a: Gholdengo|Gholdengo|90/100
|-damage|p2a: Gholdengo|84/100|[from] Stealth Rock
|move|p1a: Corviknight|Defog|p2a: Gholdengo
|-immune|p2a: Gholdengo|[from] ability: Good as Gold
|
|upkeep
|turn|37
|
|t:|1781150803
|move|p2a: Gholdengo|Trick|p1a: Corviknight
|-activate|p2a: Gholdengo|move: Trick|[of] p1a: Corviknight
|-item|p1a: Corviknight|Choice Scarf|[from] move: Trick
|-item|p2a: Gholdengo|Rocky Helmet|[from] move: Trick
|move|p1a: Corviknight|U-turn|p2a: Gholdengo
|-resisted|p2a: Gholdengo
|-damage|p2a: Gholdengo|80/100
|-damage|p1a: Corviknight|69/100|[from] item: Rocky Helmet|[of] p2a: Gholdengo
|
|t:|1781150806
|switch|p1a: Great Tusk|Great Tusk|16/100|[from] U-turn
|
|upkeep
|turn|38
|inactive|suprya has 120 seconds left.
|
|t:|1781150838
|move|p1a: Great Tusk|Headlong Rush|p2a: Gholdengo
|-supereffective|p2a: Gholdengo
|-damage|p2a: Gholdengo|0 fnt
|-unboost|p1a: Great Tusk|def|1
|-unboost|p1a: Great Tusk|spd|1
|-damage|p1a: Great Tusk|0 fnt|[from] item: Rocky Helmet|[of] p2a: Gholdengo
|faint|p2a: Gholdengo
|faint|p1a: Great Tusk
|-end|p1a: Great Tusk|Protosynthesis|[silent]
|
|upkeep
|
|t:|1781150861
|switch|p1a: Slowking|Slowking-Galar, M|72/100
|switch|p2a: Pelipper|Pelipper, M|12/100
|-weather|RainDance|[from] ability: Drizzle|[of] p2a: Pelipper
|turn|39
|
|t:|1781150867
|-terastallize|p1a: Slowking|Water
|move|p2a: Pelipper|Roost|p2a: Pelipper
|-heal|p2a: Pelipper|62/100
|-singleturn|p2a: Pelipper|move: Roost
|-prepare|p1a: Slowking|Chilly Reception|[premajor]
|move|p1a: Slowking|Chilly Reception|p1a: Slowking
|-weather|Snowscape
|
|t:|1781150871
|switch|p1a: Raging Bolt|Raging Bolt|51/100|[from] Chilly Reception
|-damage|p1a: Raging Bolt|38/100|[from] Stealth Rock
|
|-weather|Snowscape|[upkeep]
|upkeep
|turn|40
|
|t:|1781150897
|switch|p2a: Hydrapple|Hydrapple, M|52/100
|move|p1a: Raging Bolt|Draco Meteor|p2a: Hydrapple
|-supereffective|p2a: Hydrapple
|-damage|p2a: Hydrapple|0 fnt
|-unboost|p1a: Raging Bolt|spa|2
|faint|p2a: Hydrapple
|
|-weather|Snowscape|[upkeep]
|upkeep
|
|t:|1781150904
|switch|p2a: Greninja|Greninja, M|76/100
|-damage|p2a: Greninja|64/100|[from] Stealth Rock
|turn|41
|
|t:|1781150906
|-end|p1a: Raging Bolt|Protosynthesis|[silent]
|switch|p1a: Slowking|Slowking-Galar, M, tera:Water|100/100
|move|p2a: Greninja|Dark Pulse|p1a: Slowking
|-damage|p1a: Slowking|68/100
|
|-weather|Snowscape|[upkeep]
|upkeep
|turn|42
|
|t:|1781150916
|move|p2a: Greninja|Dark Pulse|p1a: Slowking
|-damage|p1a: Slowking|38/100
|move|p1a: Slowking|Sludge Bomb|p2a: Greninja
|-damage|p2a: Greninja|14/100
|-status|p2a: Greninja|psn
|
|-weather|Snowscape|[upkeep]
|-damage|p2a: Greninja|2/100 psn|[from] psn
|upkeep
|turn|43
|
|t:|1781150925
|move|p2a: Greninja|Dark Pulse|p1a: Slowking
|-damage|p1a: Slowking|7/100
|-prepare|p1a: Slowking|Chilly Reception|[premajor]
|move|p1a: Slowking|Chilly Reception|p1a: Slowking
|
|t:|1781150929
|switch|p1a: Corviknight|Corviknight, F|69/100|[from] Chilly Reception
|-damage|p1a: Corviknight|57/100|[from] Stealth Rock
|-ability|p1a: Corviknight|Pressure
|
|-weather|none
|-damage|p2a: Greninja|0 fnt|[from] psn
|faint|p2a: Greninja
|upkeep
|inactive|suprya has 120 seconds left.
|
|t:|1781150937
|switch|p2a: Pelipper|Pelipper, M|62/100
|-weather|RainDance|[from] ability: Drizzle|[of] p2a: Pelipper
|turn|44
|
|t:|1781150940
|move|p1a: Corviknight|U-turn|p2a: Pelipper
|-resisted|p2a: Pelipper
|-damage|p2a: Pelipper|57/100
|
|t:|1781150942
|switch|p1a: Raging Bolt|Raging Bolt|38/100|[from] U-turn
|-damage|p1a: Raging Bolt|26/100|[from] Stealth Rock
|move|p2a: Pelipper|Surf|p1a: Raging Bolt
|-resisted|p1a: Raging Bolt
|-damage|p1a: Raging Bolt|7/100
|
|-weather|RainDance|[upkeep]
|upkeep
|turn|45
|inactive|suprya has 120 seconds left.
|
|t:|1781150977
|move|p1a: Raging Bolt|Draco Meteor|p2a: Pelipper
|-damage|p2a: Pelipper|0 fnt
|-unboost|p1a: Raging Bolt|spa|2
|faint|p2a: Pelipper
|
|-weather|RainDance|[upkeep]
|upkeep
|
|t:|1781150979
|switch|p2a: Iron Treads|Iron Treads|37/100
|-damage|p2a: Iron Treads|34/100|[from] Stealth Rock
|turn|46
|
|t:|1781150985
|move|p2a: Iron Treads|Rapid Spin|p1a: Raging Bolt
|-damage|p1a: Raging Bolt|0 fnt
|-boost|p2a: Iron Treads|spe|1
|-sideend|p2: suprya|Stealth Rock|[from] move: Rapid Spin|[of] p2a: Iron Treads
|faint|p1a: Raging Bolt
|-end|p1a: Raging Bolt|Protosynthesis|[silent]
|
|-weather|RainDance|[upkeep]
|-heal|p2a: Iron Treads|40/100|[from] item: Leftovers
|upkeep
|
|t:|1781150986
|switch|p1a: Corviknight|Corviknight, F|57/100
|-damage|p1a: Corviknight|45/100|[from] Stealth Rock
|-ability|p1a: Corviknight|Pressure
|turn|47
|
|t:|1781151003
|move|p2a: Iron Treads|Rapid Spin|p1a: Corviknight
|-resisted|p1a: Corviknight
|-damage|p1a: Corviknight|41/100
|-boost|p2a: Iron Treads|spe|1
|move|p1a: Corviknight|Brave Bird|p2a: Iron Treads
|-resisted|p2a: Iron Treads
|-damage|p2a: Iron Treads|26/100
|-damage|p1a: Corviknight|37/100|[from] Recoil
|
|-weather|RainDance|[upkeep]
|-heal|p2a: Iron Treads|32/100|[from] item: Leftovers
|upkeep
|turn|48
|
|t:|1781151014
|switch|p1a: Slowking|Slowking-Galar, M, tera:Water|40/100
|move|p2a: Iron Treads|Rapid Spin|p1a: Slowking
|-damage|p1a: Slowking|26/100
|-boost|p2a: Iron Treads|spe|1
|
|-weather|none
|-heal|p2a: Iron Treads|38/100|[from] item: Leftovers
|upkeep
|turn|49
|
|t:|1781151020
|switch|p1a: Corviknight|Corviknight, F|37/100
|-damage|p1a: Corviknight|24/100|[from] Stealth Rock
|-ability|p1a: Corviknight|Pressure
|move|p2a: Iron Treads|Earthquake|p1a: Corviknight
|-immune|p1a: Corviknight
|
|-heal|p2a: Iron Treads|44/100|[from] item: Leftovers
|upkeep
|turn|50
|
|t:|1781151029
|move|p2a: Iron Treads|Earthquake|p1a: Corviknight
|-immune|p1a: Corviknight
|move|p1a: Corviknight|Roost|p1a: Corviknight
|-heal|p1a: Corviknight|74/100
|-singleturn|p1a: Corviknight|move: Roost
|
|-heal|p2a: Iron Treads|50/100|[from] item: Leftovers
|upkeep
|turn|51
|
|t:|1781151034
|move|p2a: Iron Treads|Earthquake|p1a: Corviknight
|-immune|p1a: Corviknight
|move|p1a: Corviknight|Roost|p1a: Corviknight
|-heal|p1a: Corviknight|100/100
|-singleturn|p1a: Corviknight|move: Roost
|
|-heal|p2a: Iron Treads|56/100|[from] item: Leftovers
|upkeep
|turn|52
|
|t:|1781151040
|move|p2a: Iron Treads|Earthquake|p1a: Corviknight
|-immune|p1a: Corviknight
|move|p1a: Corviknight|Roost||[still]
|-fail|p1a: Corviknight|heal
|
|-heal|p2a: Iron Treads|62/100|[from] item: Leftovers
|upkeep
|turn|53
|
|t:|1781151042
|move|p2a: Iron Treads|Earthquake|p1a: Corviknight
|-immune|p1a: Corviknight
|move|p1a: Corviknight|Roost||[still]
|-fail|p1a: Corviknight|heal
|
|-heal|p2a: Iron Treads|68/100|[from] item: Leftovers
|upkeep
|turn|54
|
|t:|1781151048
|move|p2a: Iron Treads|Stealth Rock||[still]
|-fail|p2a: Iron Treads
|move|p1a: Corviknight|Roost||[still]
|-fail|p1a: Corviknight|heal
|
|-heal|p2a: Iron Treads|74/100|[from] item: Leftovers
|upkeep
|turn|55
|
|t:|1781151052
|switch|p1a: Slowking|Slowking-Galar, M, tera:Water|59/100
|move|p2a: Iron Treads|Earthquake|p1a: Slowking
|-damage|p1a: Slowking|18/100
|
|-heal|p2a: Iron Treads|80/100|[from] item: Leftovers
|upkeep
|turn|56
|
|t:|1781151065
|switch|p1a: Corviknight|Corviknight, F|100/100
|-damage|p1a: Corviknight|88/100|[from] Stealth Rock
|-ability|p1a: Corviknight|Pressure
|move|p2a: Iron Treads|Rapid Spin|p1a: Corviknight
|-resisted|p1a: Corviknight
|-damage|p1a: Corviknight|84/100
|-boost|p2a: Iron Treads|spe|1
|
|-heal|p2a: Iron Treads|86/100|[from] item: Leftovers
|upkeep
|turn|57
|
|t:|1781151072
|move|p2a: Iron Treads|Rapid Spin|p1a: Corviknight
|-resisted|p1a: Corviknight
|-crit|p1a: Corviknight
|-damage|p1a: Corviknight|78/100
|-boost|p2a: Iron Treads|spe|1
|move|p1a: Corviknight|U-turn|p2a: Iron Treads
|-resisted|p2a: Iron Treads
|-damage|p2a: Iron Treads|81/100
|
|t:|1781151076
|switch|p1a: Slowking|Slowking-Galar, M, tera:Water|51/100|[from] U-turn
|
|-heal|p2a: Iron Treads|87/100|[from] item: Leftovers
|upkeep
|turn|58
|
|t:|1781151083
|switch|p1a: Corviknight|Corviknight, F|78/100
|-damage|p1a: Corviknight|66/100|[from] Stealth Rock
|-ability|p1a: Corviknight|Pressure
|move|p2a: Iron Treads|Knock Off|p1a: Corviknight
|-damage|p1a: Corviknight|50/100
|-enditem|p1a: Corviknight|Choice Scarf|[from] move: Knock Off|[of] p2a: Iron Treads
|
|-heal|p2a: Iron Treads|93/100|[from] item: Leftovers
|upkeep
|turn|59
|
|t:|1781151090
|move|p2a: Iron Treads|Knock Off|p1a: Corviknight
|-damage|p1a: Corviknight|40/100
|move|p1a: Corviknight|Defog|p2a: Iron Treads
|-unboost|p2a: Iron Treads|evasion|1
|-sideend|p1: GreninjaMyFav|Stealth Rock|[from] move: Defog|[of] p1a: Corviknight
|
|-heal|p2a: Iron Treads|99/100|[from] item: Leftovers
|upkeep
|turn|60
|
|t:|1781151093
|move|p2a: Iron Treads|Knock Off|p1a: Corviknight
|-damage|p1a: Corviknight|31/100
|move|p1a: Corviknight|Brave Bird|p2a: Iron Treads
|-resisted|p2a: Iron Treads
|-crit|p2a: Iron Treads
|-damage|p2a: Iron Treads|79/100
|-damage|p1a: Corviknight|24/100|[from] Recoil
|
|-heal|p2a: Iron Treads|85/100|[from] item: Leftovers
|upkeep
|turn|61
|
|t:|1781151095
|move|p2a: Iron Treads|Knock Off|p1a: Corviknight
|-damage|p1a: Corviknight|13/100
|move|p1a: Corviknight|Roost|p1a: Corviknight
|-heal|p1a: Corviknight|63/100
|-singleturn|p1a: Corviknight|move: Roost
|
|-heal|p2a: Iron Treads|91/100|[from] item: Leftovers
|upkeep
|turn|62
|
|t:|1781151100
|move|p2a: Iron Treads|Knock Off|p1a: Corviknight
|-damage|p1a: Corviknight|53/100
|move|p1a: Corviknight|Brave Bird|p2a: Iron Treads
|-resisted|p2a: Iron Treads
|-damage|p2a: Iron Treads|77/100
|-damage|p1a: Corviknight|48/100|[from] Recoil
|
|-heal|p2a: Iron Treads|83/100|[from] item: Leftovers
|upkeep
|turn|63
|
|t:|1781151120
|move|p2a: Iron Treads|Knock Off|p1a: Corviknight
|-damage|p1a: Corviknight|38/100
|move|p1a: Corviknight|Brave Bird|p2a: Iron Treads
|-resisted|p2a: Iron Treads
|-damage|p2a: Iron Treads|68/100
|-damage|p1a: Corviknight|33/100|[from] Recoil
|
|-heal|p2a: Iron Treads|74/100|[from] item: Leftovers
|upkeep
|turn|64
|
|t:|1781151129
|move|p2a: Iron Treads|Knock Off|p1a: Corviknight
|-damage|p1a: Corviknight|23/100
|move|p1a: Corviknight|Brave Bird|p2a: Iron Treads
|-resisted|p2a: Iron Treads
|-damage|p2a: Iron Treads|60/100
|-damage|p1a: Corviknight|19/100|[from] Recoil
|
|-heal|p2a: Iron Treads|66/100|[from] item: Leftovers
|upkeep
|turn|65
|
|t:|1781151132
|move|p2a: Iron Treads|Knock Off|p1a: Corviknight
|-damage|p1a: Corviknight|9/100
|move|p1a: Corviknight|Roost|p1a: Corviknight
|-heal|p1a: Corviknight|59/100
|-singleturn|p1a: Corviknight|move: Roost
|
|-heal|p2a: Iron Treads|72/100|[from] item: Leftovers
|upkeep
|turn|66
|
|t:|1781151138
|move|p2a: Iron Treads|Knock Off|p1a: Corviknight
|-damage|p1a: Corviknight|49/100
|move|p1a: Corviknight|U-turn|p2a: Iron Treads
|-resisted|p2a: Iron Treads
|-damage|p2a: Iron Treads|67/100
|
|t:|1781151142
|switch|p1a: Slowking|Slowking-Galar, M, tera:Water|85/100|[from] U-turn
|
|-heal|p2a: Iron Treads|73/100|[from] item: Leftovers
|upkeep
|turn|67
|
|t:|1781151146
|switch|p1a: Corviknight|Corviknight, F|49/100
|-ability|p1a: Corviknight|Pressure
|move|p2a: Iron Treads|Earthquake|p1a: Corviknight
|-immune|p1a: Corviknight
|
|-heal|p2a: Iron Treads|79/100|[from] item: Leftovers
|upkeep
|turn|68
|
|t:|1781151151
|move|p2a: Iron Treads|Stealth Rock|p1a: Corviknight
|-sidestart|p1: GreninjaMyFav|move: Stealth Rock
|move|p1a: Corviknight|U-turn|p2a: Iron Treads
|-resisted|p2a: Iron Treads
|-damage|p2a: Iron Treads|73/100
|
|t:|1781151153
|switch|p1a: Slowking|Slowking-Galar, M, tera:Water|100/100|[from] U-turn
|
|-heal|p2a: Iron Treads|79/100|[from] item: Leftovers
|upkeep
|turn|69
|
|t:|1781151157
|switch|p1a: Corviknight|Corviknight, F|49/100
|-damage|p1a: Corviknight|36/100|[from] Stealth Rock
|-ability|p1a: Corviknight|Pressure
|move|p2a: Iron Treads|Earthquake|p1a: Corviknight
|-immune|p1a: Corviknight
|
|-heal|p2a: Iron Treads|85/100|[from] item: Leftovers
|upkeep
|turn|70
|
|t:|1781151162
|move|p2a: Iron Treads|Knock Off|p1a: Corviknight
|-damage|p1a: Corviknight|27/100
|move|p1a: Corviknight|Defog|p2a: Iron Treads
|-unboost|p2a: Iron Treads|evasion|1
|-sideend|p1: GreninjaMyFav|Stealth Rock|[from] move: Defog|[of] p1a: Corviknight
|
|-heal|p2a: Iron Treads|91/100|[from] item: Leftovers
|upkeep
|turn|71
|
|t:|1781151168
|move|p2a: Iron Treads|Stealth Rock|p1a: Corviknight
|-sidestart|p1: GreninjaMyFav|move: Stealth Rock
|move|p1a: Corviknight|Roost|p1a: Corviknight
|-heal|p1a: Corviknight|77/100
|-singleturn|p1a: Corviknight|move: Roost
|
|-heal|p2a: Iron Treads|97/100|[from] item: Leftovers
|upkeep
|turn|72
|
|t:|1781151174
|move|p2a: Iron Treads|Knock Off|p1a: Corviknight
|-damage|p1a: Corviknight|68/100
|move|p1a: Corviknight|Defog|p2a: Iron Treads
|-unboost|p2a: Iron Treads|evasion|1
|-sideend|p1: GreninjaMyFav|Stealth Rock|[from] move: Defog|[of] p1a: Corviknight
|
|-heal|p2a: Iron Treads|100/100|[from] item: Leftovers
|upkeep
|turn|73
|
|t:|1781151178
|move|p2a: Iron Treads|Rapid Spin|p1a: Corviknight
|-resisted|p1a: Corviknight
|-damage|p1a: Corviknight|64/100
|-boost|p2a: Iron Treads|spe|1
|move|p1a: Corviknight|Defog|p2a: Iron Treads
|-unboost|p2a: Iron Treads|evasion|1
|
|upkeep
|turn|74
|
|t:|1781151181
|move|p2a: Iron Treads|Stealth Rock|p1a: Corviknight
|-sidestart|p1: GreninjaMyFav|move: Stealth Rock
|move|p1a: Corviknight|U-turn|p2a: Iron Treads
|-resisted|p2a: Iron Treads
|-damage|p2a: Iron Treads|95/100
|
|t:|1781151183
|switch|p1a: Slowking|Slowking-Galar, M, tera:Water|100/100|[from] U-turn
|
|-heal|p2a: Iron Treads|100/100|[from] item: Leftovers
|upkeep
|turn|75
|
|t:|1781151185
|move|p2a: Iron Treads|Knock Off|p1a: Slowking
|-damage|p1a: Slowking|74/100
|-enditem|p1a: Slowking|Heavy-Duty Boots|[from] move: Knock Off|[of] p2a: Iron Treads
|move|p1a: Slowking|Psychic Noise|p2a: Iron Treads
|-resisted|p2a: Iron Treads
|-damage|p2a: Iron Treads|90/100
|-start|p2a: Iron Treads|move: Heal Block
|
|upkeep
|turn|76
|
|t:|1781151192
|switch|p1a: Corviknight|Corviknight, F|64/100
|-damage|p1a: Corviknight|52/100|[from] Stealth Rock
|-ability|p1a: Corviknight|Pressure
|move|p2a: Iron Treads|Rapid Spin|p1a: Corviknight
|-resisted|p1a: Corviknight
|-damage|p1a: Corviknight|48/100
|
|-end|p2a: Iron Treads|move: Heal Block
|upkeep
|turn|77
|-message|GreninjaMyFav forfeited.
|
|win|suprya
|raw|GreninjaMyFav's rating: 1725 &rarr; <strong>1703</strong><br />(-22 for losing)
|raw|suprya's rating: 1689 &rarr; <strong>1711</strong><br />(+22 for winning)
|l|☆GreninjaMyFav
|player|p1|
|l|☆suprya
|player|p2|
