|badge|p2|bronze|gen9randombattle|100-9
|badge|p2|bronze|gen9ubers|100-9
|uhtml|medal-msg|<div class="broadcast-blue">Curious what those medals under the avatar are? PS now has Ladder Seasons! For more information, check out the <a href="https://www.smogon.com/forums/threads/3740067/">thread on Smogon.</a></div>
|j|☆rekjllj
|j|☆oddishlover4
|t:|1781319219
|gametype|singles
|player|p1|rekjllj|169|1684
|player|p2|oddishlover4|acetrainerf|1759
|gen|9
|tier|[Gen 9] OU
|rated|
|rule|HP Percentage Mod: HP is shown in percentages
|rule|Endless Battle Clause: Forcing endless battles is banned
|rule|Species Clause: Limit one of each Pokémon
|rule|OHKO Clause: OHKO moves are banned
|rule|Evasion Items Clause: Evasion items are banned
|rule|Evasion Moves Clause: Evasion moves are banned
|rule|Evasion Abilities Clause: Evasion abilities are banned
|rule|Sleep Moves Clause: Sleep-inducing moves are banned
|clearpoke
|poke|p1|Kingambit, M|
|poke|p1|Kommo-o, M|
|poke|p1|Iron Valiant|
|poke|p1|Kyurem|
|poke|p1|Iron Treads|
|poke|p1|Iron Crown|
|poke|p2|Kyurem|
|poke|p2|Hatterene, F|
|poke|p2|Darkrai|
|poke|p2|Great Tusk|
|poke|p2|Dragonite, F|
|poke|p2|Gholdengo|
|teampreview
|c|☆rekjllj|hf
|inactive|Battle timer is ON: inactive players will automatically lose when time's up. (requested by rekjllj)
|
|t:|1781319237
|teamsize|p1|6
|teamsize|p2|6
|start
|switch|p1a: Kyurem|Kyurem|100/100
|switch|p2a: Celebration|Gholdengo|100/100
|-ability|p1a: Kyurem|Pressure
|turn|1
|c|☆oddishlover4|gl/hf!
|inactive|oddishlover4 also wants the timer to be on.
|
|t:|1781319255
|-terastallize|p1a: Kyurem|Ground
|move|p1a: Kyurem|Earth Power|p2a: Celebration
|-supereffective|p2a: Celebration
|-damage|p2a: Celebration|17/100
|move|p2a: Celebration|Make It Rain|p1a: Kyurem
|-damage|p1a: Kyurem|39/100
|-unboost|p2a: Celebration|spa|1
|
|upkeep
|turn|2
|j| HITMAN9191
|-enditem|p2a: Celebration|Custap Berry|[eat]
|-activate|p2a: Celebration|item: Custap Berry|[consumed]
|
|t:|1781319273
|move|p2a: Celebration|Make It Rain|p1a: Kyurem
|-damage|p1a: Kyurem|0 fnt
|-unboost|p2a: Celebration|spa|1
|faint|p1a: Kyurem
|
|upkeep
|
|t:|1781319279
|switch|p1a: Iron Valiant|Iron Valiant|100/100
|-enditem|p1a: Iron Valiant|Booster Energy
|-activate|p1a: Iron Valiant|ability: Quark Drive|[fromitem]
|-start|p1a: Iron Valiant|quarkdrivespe
|turn|3
|l| HITMAN9191
|
|t:|1781319297
|move|p1a: Iron Valiant|Moonblast|p2a: Celebration
|-resisted|p2a: Celebration
|-damage|p2a: Celebration|0 fnt
|faint|p2a: Celebration
|
|upkeep
|inactive|oddishlover4 has 120 seconds left.
|
|t:|1781319316
|switch|p2a: Boompala|Kyurem|100/100
|-ability|p2a: Boompala|Pressure
|turn|4
|inactive|oddishlover4 has 120 seconds left.
|
|t:|1781319334
|-terastallize|p2a: Boompala|Poison
|move|p1a: Iron Valiant|Moonblast|p2a: Boompala
|-resisted|p2a: Boompala
|-damage|p2a: Boompala|85/100
|move|p2a: Boompala|Ice Beam|p1a: Iron Valiant
|-damage|p1a: Iron Valiant|14/100
|
|upkeep
|turn|5
|inactive|oddishlover4 has 120 seconds left.
|
|t:|1781319352
|move|p1a: Iron Valiant|Moonblast|p2a: Boompala
|-resisted|p2a: Boompala
|-damage|p2a: Boompala|70/100
|move|p2a: Boompala|Earth Power|p1a: Iron Valiant
|-damage|p1a: Iron Valiant|0 fnt
|faint|p1a: Iron Valiant
|-end|p1a: Iron Valiant|Quark Drive|[silent]
|
|upkeep
|
|t:|1781319357
|switch|p1a: Iron Crown|Iron Crown|100/100
|-enditem|p1a: Iron Crown|Booster Energy
|-activate|p1a: Iron Crown|ability: Quark Drive|[fromitem]
|-start|p1a: Iron Crown|quarkdrivespe
|turn|6
|inactive|oddishlover4 has 120 seconds left.
|
|t:|1781319375
|move|p1a: Iron Crown|Calm Mind|p1a: Iron Crown
|-boost|p1a: Iron Crown|spa|1
|-boost|p1a: Iron Crown|spd|1
|move|p2a: Boompala|Earth Power|p1a: Iron Crown
|-supereffective|p1a: Iron Crown
|-damage|p1a: Iron Crown|58/100
|
|upkeep
|turn|7
|
|t:|1781319394
|switch|p2a: Bluebeard's Wife|Dragonite, F|100/100
|move|p1a: Iron Crown|Calm Mind|p1a: Iron Crown
|-boost|p1a: Iron Crown|spa|1
|-boost|p1a: Iron Crown|spd|1
|
|upkeep
|turn|8
|
|t:|1781319412
|move|p1a: Iron Crown|Tachyon Cutter|p2a: Bluebeard's Wife
|-damage|p2a: Bluebeard's Wife|79/100
|-damage|p2a: Bluebeard's Wife|40/100
|-hitcount|p2a: Bluebeard's Wife|2
|move|p2a: Bluebeard's Wife|Fire Punch|p1a: Iron Crown
|-supereffective|p1a: Iron Crown
|-damage|p1a: Iron Crown|4/100
|-status|p1a: Iron Crown|brn
|
|-damage|p1a: Iron Crown|0 fnt|[from] brn
|faint|p1a: Iron Crown
|-end|p1a: Iron Crown|Quark Drive|[silent]
|upkeep
|j| SupaGmoney
|
|t:|1781319420
|switch|p1a: Kommo-o|Kommo-o, M|100/100
|turn|9
|
|t:|1781319438
|switch|p1a: Kingambit|Kingambit, M|100/100
|-activate|p1a: Kingambit|ability: Supreme Overlord
|-start|p1a: Kingambit|fallen3|[silent]
|move|p2a: Bluebeard's Wife|Extreme Speed|p1a: Kingambit
|-resisted|p1a: Kingambit
|-damage|p1a: Kingambit|88/100
|
|-heal|p1a: Kingambit|94/100|[from] item: Leftovers
|upkeep
|turn|10
|
|t:|1781319456
|move|p2a: Bluebeard's Wife|Fire Punch|p1a: Kingambit
|-supereffective|p1a: Kingambit
|-damage|p1a: Kingambit|49/100
|move|p1a: Kingambit|Iron Head|p2a: Bluebeard's Wife
|-damage|p2a: Bluebeard's Wife|0 fnt
|faint|p2a: Bluebeard's Wife
|
|-heal|p1a: Kingambit|55/100|[from] item: Leftovers
|upkeep
|inactive|oddishlover4 has 90 seconds left.
|
|t:|1781319475
|switch|p2a: Boompala|Kyurem, tera:Poison|70/100
|-ability|p2a: Boompala|Pressure
|turn|11
|inactive|oddishlover4 has 90 seconds left.
|
|t:|1781319493
|-end|p1a: Kingambit|fallen3|[silent]
|switch|p1a: Iron Treads|Iron Treads|100/100
|-enditem|p1a: Iron Treads|Booster Energy
|-activate|p1a: Iron Treads|ability: Quark Drive|[fromitem]
|-start|p1a: Iron Treads|quarkdrivespe
|move|p2a: Boompala|Earth Power|p1a: Iron Treads
|-supereffective|p1a: Iron Treads
|-damage|p1a: Iron Treads|28/100
|
|upkeep
|turn|12
|
|t:|1781319511
|switch|p2a: Fearless|Great Tusk|100/100
|move|p1a: Iron Treads|Earthquake|p2a: Fearless
|-damage|p2a: Fearless|81/100
|
|-heal|p2a: Fearless|87/100|[from] item: Leftovers
|upkeep
|turn|13
|
|t:|1781319529
|move|p1a: Iron Treads|Endeavor|p2a: Fearless
|-damage|p2a: Fearless|25/100
|move|p2a: Fearless|Rapid Spin|p1a: Iron Treads
|-resisted|p1a: Iron Treads
|-damage|p1a: Iron Treads|22/100
|-boost|p2a: Fearless|spe|1
|
|-heal|p2a: Fearless|31/100|[from] item: Leftovers
|upkeep
|turn|14
|
|t:|1781319547
|move|p1a: Iron Treads|Earthquake|p2a: Fearless
|-damage|p2a: Fearless|10/100
|move|p2a: Fearless|Headlong Rush|p1a: Iron Treads
|-supereffective|p1a: Iron Treads
|-damage|p1a: Iron Treads|0 fnt
|-unboost|p2a: Fearless|def|1
|-unboost|p2a: Fearless|spd|1
|faint|p1a: Iron Treads
|-end|p1a: Iron Treads|Quark Drive|[silent]
|
|-heal|p2a: Fearless|16/100|[from] item: Leftovers
|upkeep
|
|t:|1781319553
|switch|p1a: Kommo-o|Kommo-o, M|100/100
|turn|15
|
|t:|1781319571
|move|p2a: Fearless|Headlong Rush|p1a: Kommo-o
|-damage|p1a: Kommo-o|59/100
|-unboost|p2a: Fearless|def|1
|-unboost|p2a: Fearless|spd|1
|move|p1a: Kommo-o|Shadow Claw|p2a: Fearless
|-damage|p2a: Fearless|0 fnt
|faint|p2a: Fearless
|-end|p2a: Fearless|Protosynthesis|[silent]
|
|-heal|p1a: Kommo-o|66/100|[from] item: Leftovers
|upkeep
|inactive|oddishlover4 has 60 seconds left.
|
|t:|1781319587
|switch|p2a: Boompala|Kyurem, tera:Poison|70/100
|-ability|p2a: Boompala|Pressure
|turn|16
|inactive|oddishlover4 has 60 seconds left.
|
|t:|1781319602
|switch|p1a: Kingambit|Kingambit, M|55/100
|-activate|p1a: Kingambit|ability: Supreme Overlord
|-start|p1a: Kingambit|fallen4|[silent]
|move|p2a: Boompala|Ice Beam|p1a: Kingambit
|-resisted|p1a: Kingambit
|-damage|p1a: Kingambit|28/100
|
|-heal|p1a: Kingambit|34/100|[from] item: Leftovers
|upkeep
|turn|17
|
|t:|1781319616
|move|p1a: Kingambit|Sucker Punch|p2a: Boompala
|-damage|p2a: Boompala|24/100
|move|p2a: Boompala|Earth Power|p1a: Kingambit
|-supereffective|p1a: Kingambit
|-damage|p1a: Kingambit|0 fnt
|faint|p1a: Kingambit
|-end|p1a: Kingambit|fallen4|[silent]
|
|upkeep
|
|t:|1781319622
|switch|p1a: Kommo-o|Kommo-o, M|66/100
|turn|18
|
|t:|1781319627
|move|p1a: Kommo-o|Substitute|p1a: Kommo-o
|-start|p1a: Kommo-o|Substitute
|-damage|p1a: Kommo-o|41/100
|move|p2a: Boompala|Ice Beam|p1a: Kommo-o
|-supereffective|p1a: Kommo-o
|-end|p1a: Kommo-o|Substitute
|
|-heal|p1a: Kommo-o|47/100|[from] item: Leftovers
|upkeep
|turn|19
|
|t:|1781319634
|move|p1a: Kommo-o|Substitute|p1a: Kommo-o
|-start|p1a: Kommo-o|Substitute
|-damage|p1a: Kommo-o|22/100
|move|p2a: Boompala|Ice Beam|p1a: Kommo-o
|-supereffective|p1a: Kommo-o
|-end|p1a: Kommo-o|Substitute
|
|-heal|p1a: Kommo-o|28/100|[from] item: Leftovers
|upkeep
|turn|20
|
|t:|1781319640
|move|p1a: Kommo-o|Substitute|p1a: Kommo-o
|-start|p1a: Kommo-o|Substitute
|-damage|p1a: Kommo-o|3/100
|move|p2a: Boompala|Ice Beam|p1a: Kommo-o
|-supereffective|p1a: Kommo-o
|-crit|p1a: Kommo-o
|-end|p1a: Kommo-o|Substitute
|
|-heal|p1a: Kommo-o|9/100|[from] item: Leftovers
|upkeep
|turn|21
|
|t:|1781319645
|move|p1a: Kommo-o|Drain Punch|p2a: Boompala
|-resisted|p2a: Boompala
|-damage|p2a: Boompala|14/100
|-heal|p1a: Kommo-o|15/100|[from] drain|[of] p2a: Boompala
|move|p2a: Boompala|Earth Power|p1a: Kommo-o
|-damage|p1a: Kommo-o|0 fnt
|faint|p1a: Kommo-o
|
|win|oddishlover4
|raw|rekjllj's rating: 1684 &rarr; <strong>1668</strong><br />(-16 for losing)
|raw|oddishlover4's rating: 1759 &rarr; <strong>1775</strong><br />(+16 for winning)
|c|☆oddishlover4|GG!
|c|☆rekjllj|gg
|l|☆rekjllj
|player|p1|
|j| HITMAN9191
|l| HITMAN9191
