|badge|p2|bronze|gen9randombattle|100-9
|badge|p2|bronze|gen9ubers|100-9
|uhtml|medal-msg|<div class="broadcast-blue">Curious what those medals under the avatar are? PS now has Ladder Seasons! For more information, check out the <a href="https://www.smogon.com/forums/threads/3740067/">thread on Smogon.</a></div>
|j|☆noob1877 test
|j|☆oddishlover4
|t:|1781304738
|gametype|singles
|player|p1|noob1877 test|2|1806
|player|p2|oddishlover4|acetrainerf|1743
|gen|9
|tier|[Gen 9] OU
|rated|
|rule|HP Percentage Mod: HP is shown in percentages
|rule|Endless Battle Clause: Forcing endless battles is banned
|rule|Species Clause: Limit one of each Pokémon
|rule|OHKO Clause: OHKO moves are banned
|rule|Evasion Items Clause: Evasion items are banned
|rule|Evasion Moves Clause: Evasion moves are banned
|rule|Evasion Abilities Clause: Evasion abilities are banned
|rule|Sleep Moves Clause: Sleep-inducing moves are banned
|clearpoke
|poke|p1|Ceruledge, M|
|poke|p1|Grimmsnarl, M|
|poke|p1|Ogerpon-Wellspring, F|
|poke|p1|Glimmora, F|
|poke|p1|Deoxys-Speed|
|poke|p1|Zapdos-Galar|
|poke|p2|Kyurem|
|poke|p2|Hatterene, F|
|poke|p2|Darkrai|
|poke|p2|Great Tusk|
|poke|p2|Dragonite, F|
|poke|p2|Gholdengo|
|teampreview
|c|☆oddishlover4|gl/hf!
|inactive|Battle timer is ON: inactive players will automatically lose when time's up. (requested by oddishlover4)
|
|t:|1781304760
|teamsize|p1|6
|teamsize|p2|6
|start
|switch|p1a: Grimmsnarl|Grimmsnarl, M|100/100
|switch|p2a: Fearless|Great Tusk|100/100
|turn|1
|
|t:|1781304780
|move|p1a: Grimmsnarl|Reflect|p1a: Grimmsnarl
|-sidestart|p1: noob1877 test|Reflect
|move|p2a: Fearless|Stealth Rock|p1a: Grimmsnarl
|-sidestart|p1: noob1877 test|move: Stealth Rock
|
|upkeep
|turn|2
|j| Golem Rising
|j| peeekapeee
|
|t:|1781304807
|-end|p2a: Fearless|Protosynthesis|[silent]
|switch|p2a: Celebration|Gholdengo|100/100
|move|p1a: Grimmsnarl|Parting Shot|p2a: Celebration
|-immune|p2a: Celebration|[from] ability: Good as Gold
|
|upkeep
|turn|3
|
|t:|1781304824
|switch|p1a: Ogerpon|Ogerpon-Wellspring, F|100/100
|-damage|p1a: Ogerpon|88/100|[from] Stealth Rock
|move|p2a: Celebration|Nasty Plot|p2a: Celebration
|-boost|p2a: Celebration|spa|2
|
|upkeep
|turn|4
|inactive|oddishlover4 has 120 seconds left.
|
|t:|1781304842
|move|p1a: Ogerpon|Knock Off|p2a: Celebration
|-supereffective|p2a: Celebration
|-damage|p2a: Celebration|44/100
|-enditem|p2a: Celebration|Custap Berry|[from] move: Knock Off|[of] p1a: Ogerpon
|move|p2a: Celebration|Recover|p2a: Celebration
|-heal|p2a: Celebration|94/100
|
|upkeep
|turn|5
|inactive|oddishlover4 has 120 seconds left.
|
|t:|1781304862
|move|p1a: Ogerpon|Swords Dance|p1a: Ogerpon
|-boost|p1a: Ogerpon|atk|2
|move|p2a: Celebration|Shadow Ball|p1a: Ogerpon
|-damage|p1a: Ogerpon|0 fnt
|faint|p1a: Ogerpon
|
|upkeep
|
|t:|1781304872
|switch|p1a: Ceruledge|Ceruledge, M|100/100
|-damage|p1a: Ceruledge|76/100|[from] Stealth Rock
|turn|6
|inactive|oddishlover4 has 120 seconds left.
|
|t:|1781304890
|-terastallize|p2a: Celebration|Fairy
|move|p1a: Ceruledge|Bitter Blade|p2a: Celebration
|-damage|p2a: Celebration|47/100
|-heal|p1a: Ceruledge|100/100|[from] drain|[of] p2a: Celebration
|-damage|p1a: Ceruledge|91/100|[from] item: Life Orb
|move|p2a: Celebration|Shadow Ball|p1a: Ceruledge
|-supereffective|p1a: Ceruledge
|-damage|p1a: Ceruledge|0 fnt
|faint|p1a: Ceruledge
|
|upkeep
|j| nesnot
|
|t:|1781304904
|switch|p1a: Glimmora|Glimmora, F|100/100
|-damage|p1a: Glimmora|88/100|[from] Stealth Rock
|turn|7
|inactive|oddishlover4 has 120 seconds left.
|
|t:|1781304922
|move|p1a: Glimmora|Meteor Beam||[still]
|-prepare|p1a: Glimmora|Meteor Beam
|-boost|p1a: Glimmora|spa|1
|-enditem|p1a: Glimmora|Power Herb
|-anim|p1a: Glimmora|Meteor Beam|p2a: Celebration|[miss]
|-miss|p1a: Glimmora|p2a: Celebration
|move|p2a: Celebration|Make It Rain|p1a: Glimmora
|-supereffective|p1a: Glimmora
|-damage|p1a: Glimmora|0 fnt
|-unboost|p2a: Celebration|spa|1
|faint|p1a: Glimmora
|
|upkeep
|
|t:|1781304931
|switch|p1a: Deoxys|Deoxys-Speed|100/100
|-damage|p1a: Deoxys|88/100|[from] Stealth Rock
|-ability|p1a: Deoxys|Pressure
|turn|8
|inactive|oddishlover4 has 120 seconds left.
|
|t:|1781304948
|switch|p2a: Antifragile|Hatterene, F|100/100
|move|p1a: Deoxys|Psycho Boost|p2a: Antifragile
|-resisted|p2a: Antifragile
|-damage|p2a: Antifragile|72/100
|-unboost|p1a: Deoxys|spa|2
|-enditem|p1a: Deoxys|Eject Pack
|
|t:|1781304955
|switch|p1a: Grimmsnarl|Grimmsnarl, M|100/100
|-damage|p1a: Grimmsnarl|88/100|[from] Stealth Rock
|
|-sideend|p1: noob1877 test|Reflect
|upkeep
|turn|9
|inactive|oddishlover4 has 120 seconds left.
|
|t:|1781304973
|move|p1a: Grimmsnarl|Light Screen|p1a: Grimmsnarl
|-sidestart|p1: noob1877 test|move: Light Screen
|move|p2a: Antifragile|Draining Kiss|p1a: Grimmsnarl
|-supereffective|p1a: Grimmsnarl
|-damage|p1a: Grimmsnarl|70/100
|-heal|p2a: Antifragile|89/100|[from] drain|[of] p1a: Grimmsnarl
|
|upkeep
|turn|10
|inactive|oddishlover4 has 120 seconds left.
|
|t:|1781304983
|move|p1a: Grimmsnarl|Parting Shot|p2a: Antifragile
|move|p2a: Antifragile|Parting Shot|p1a: Grimmsnarl|[from] ability: Magic Bounce
|-unboost|p1a: Grimmsnarl|atk|1
|-unboost|p1a: Grimmsnarl|spa|1
|inactive|oddishlover4 has 120 seconds left.
|
|t:|1781304992
|switch|p2a: Celebration|Gholdengo, tera:Fairy|47/100|[from] Parting Shot
|
|upkeep
|turn|11
|
|t:|1781305001
|switch|p1a: Zapdos|Zapdos-Galar|100/100
|-damage|p1a: Zapdos|88/100|[from] Stealth Rock
|move|p2a: Celebration|Recover|p2a: Celebration
|-heal|p2a: Celebration|97/100
|
|upkeep
|turn|12
|inactive|oddishlover4 has 120 seconds left.
|
|t:|1781305019
|move|p1a: Zapdos|Bulk Up|p1a: Zapdos
|-boost|p1a: Zapdos|atk|1
|-boost|p1a: Zapdos|def|1
|move|p2a: Celebration|Recover|p2a: Celebration
|-heal|p2a: Celebration|100/100
|
|upkeep
|turn|13
|inactive|oddishlover4 has 120 seconds left.
|
|t:|1781305036
|move|p1a: Zapdos|Thunderous Kick|p2a: Celebration
|-resisted|p2a: Celebration
|-damage|p2a: Celebration|73/100
|-unboost|p2a: Celebration|def|1
|move|p2a: Celebration|Make It Rain|p1a: Zapdos
|-damage|p1a: Zapdos|53/100
|-unboost|p2a: Celebration|spa|1
|
|upkeep
|turn|14
|inactive|oddishlover4 has 120 seconds left.
|
|t:|1781305055
|move|p1a: Zapdos|Bulk Up|p1a: Zapdos
|-boost|p1a: Zapdos|atk|1
|-boost|p1a: Zapdos|def|1
|move|p2a: Celebration|Make It Rain|p1a: Zapdos
|-damage|p1a: Zapdos|29/100
|-unboost|p2a: Celebration|spa|1
|
|upkeep
|turn|15
|
|t:|1781305073
|move|p1a: Zapdos|Rest|p1a: Zapdos
|-status|p1a: Zapdos|slp|[from] move: Rest
|-heal|p1a: Zapdos|100/100 slp|[silent]
|-enditem|p1a: Zapdos|Chesto Berry|[eat]
|-curestatus|p1a: Zapdos|slp|[msg]
|move|p2a: Celebration|Make It Rain|p1a: Zapdos
|-damage|p1a: Zapdos|83/100
|-unboost|p2a: Celebration|spa|1
|
|upkeep
|turn|16
|
|t:|1781305082
|switch|p2a: Antifragile|Hatterene, F|89/100
|move|p1a: Zapdos|Acrobatics|p2a: Antifragile
|-damage|p2a: Antifragile|0 fnt
|-damage|p1a: Zapdos|66/100|[from] item: Rocky Helmet|[of] p2a: Antifragile
|faint|p2a: Antifragile
|
|-sideend|p1: noob1877 test|move: Light Screen
|upkeep
|l| nesnot
|
|t:|1781305091
|switch|p2a: Perfect Night|Darkrai|100/100
|turn|17
|
|t:|1781305113
|-terastallize|p1a: Zapdos|Electric
|move|p2a: Perfect Night|Ice Beam|p1a: Zapdos
|-damage|p1a: Zapdos|26/100
|move|p1a: Zapdos|Acrobatics|p2a: Perfect Night
|-damage|p2a: Perfect Night|0 fnt
|faint|p2a: Perfect Night
|
|upkeep
|
|t:|1781305122
|switch|p2a: Bluebeard's Wife|Dragonite, F|100/100
|turn|18
|inactive|oddishlover4 has 120 seconds left.
|
|t:|1781305131
|move|p1a: Zapdos|Acrobatics|p2a: Bluebeard's Wife
|-damage|p2a: Bluebeard's Wife|49/100
|move|p2a: Bluebeard's Wife|Fire Punch|p1a: Zapdos
|-damage|p1a: Zapdos|10/100
|
|upkeep
|turn|19
|
|t:|1781305140
|move|p2a: Bluebeard's Wife|Extreme Speed|p1a: Zapdos
|-damage|p1a: Zapdos|0 fnt
|faint|p1a: Zapdos
|
|upkeep
|
|t:|1781305146
|switch|p1a: Deoxys|Deoxys-Speed|88/100
|-damage|p1a: Deoxys|76/100|[from] Stealth Rock
|-ability|p1a: Deoxys|Pressure
|turn|20
|
|t:|1781305162
|move|p2a: Bluebeard's Wife|Extreme Speed|p1a: Deoxys
|-damage|p1a: Deoxys|32/100
|move|p1a: Deoxys|Ice Beam|p2a: Bluebeard's Wife
|-supereffective|p2a: Bluebeard's Wife
|-damage|p2a: Bluebeard's Wife|0 fnt
|faint|p2a: Bluebeard's Wife
|
|upkeep
|inactive|oddishlover4 has 120 seconds left.
|
|t:|1781305177
|switch|p2a: Celebration|Gholdengo, tera:Fairy|73/100
|turn|21
|inactive|oddishlover4 has 120 seconds left.
|
|t:|1781305205
|move|p1a: Deoxys|Ice Beam|p2a: Celebration
|-damage|p2a: Celebration|48/100
|move|p2a: Celebration|Shadow Ball|p1a: Deoxys
|-supereffective|p1a: Deoxys
|-damage|p1a: Deoxys|0 fnt
|faint|p1a: Deoxys
|
|upkeep
|-message|noob1877 test forfeited.
|
|win|oddishlover4
|raw|noob1877 test's rating: 1806 &rarr; <strong>1782</strong><br />(-24 for losing)
|raw|oddishlover4's rating: 1743 &rarr; <strong>1767</strong><br />(+24 for winning)
|c|☆oddishlover4|GG!
|l|☆noob1877 test
|player|p1|
|l| Golem Rising
