|j|☆dark_rat05
|j|☆barbordor
|t:|1781205496
|gametype|singles
|player|p1|dark_rat05|265|1614
|player|p2|barbordor|102|1548
|gen|9
|tier|[Gen 9] OU
|rated|
|rule|HP Percentage Mod: HP is shown in percentages
|rule|Endless Battle Clause: Forcing endless battles is banned
|rule|Species Clause: Limit one of each Pokémon
|rule|OHKO Clause: OHKO moves are banned
|rule|Evasion Items Clause: Evasion items are banned
|rule|Evasion Moves Clause: Evasion moves are banned
|rule|Evasion Abilities Clause: Evasion abilities are banned
|rule|Sleep Moves Clause: Sleep-inducing moves are banned
|clearpoke
|poke|p1|Hoopa-Unbound|
|poke|p1|Pecharunt|
|poke|p1|Landorus-Therian, M|
|poke|p1|Cinderace, M|
|poke|p1|Alomomola, M|
|poke|p1|Iron Valiant|
|poke|p2|Great Tusk|
|poke|p2|Pecharunt|
|poke|p2|Cinderace, M|
|poke|p2|Alomomola, F|
|poke|p2|Meowscarada, M|
|poke|p2|Sylveon, F|
|teampreview
|inactive|Battle timer is ON: inactive players will automatically lose when time's up. (requested by barbordor)
|inactive|dark_rat05 has 120 seconds left.
|
|t:|1781205526
|teamsize|p1|6
|teamsize|p2|6
|start
|switch|p1a: Enten|Landorus-Therian, M, shiny|100/100
|switch|p2a: Sylveon|Sylveon, F|100/100
|-ability|p1a: Enten|Intimidate|boost
|-unboost|p2a: Sylveon|atk|1
|turn|1
|
|t:|1781205535
|move|p1a: Enten|U-turn|p2a: Sylveon
|-resisted|p2a: Sylveon
|-crit|p2a: Sylveon
|-damage|p2a: Sylveon|73/100
|
|t:|1781205540
|switch|p1a: Pisces|Alomomola, M, shiny|100/100|[from] U-turn
|move|p2a: Sylveon|Hyper Voice|p1a: Pisces
|-damage|p1a: Pisces|58/100
|
|upkeep
|turn|2
|
|t:|1781205548
|switch|p2a: Meowscarada|Meowscarada, M|100/100
|move|p1a: Pisces|Flip Turn|p2a: Meowscarada
|-resisted|p2a: Meowscarada
|-damage|p2a: Meowscarada|88/100
|
|t:|1781205563
|switch|p1a: Enten|Landorus-Therian, M, shiny|100/100|[from] Flip Turn
|-ability|p1a: Enten|Intimidate|boost
|-unboost|p2a: Meowscarada|atk|1
|
|upkeep
|turn|3
|
|t:|1781205572
|switch|p2a: Alomomola|Alomomola, F, shiny|100/100
|move|p1a: Enten|U-turn|p2a: Alomomola
|-damage|p2a: Alomomola|82/100
|
|t:|1781205578
|switch|p1a: Khaos|Hoopa-Unbound|100/100|[from] U-turn
|
|upkeep
|turn|4
|
|t:|1781205586
|-terastallize|p1a: Khaos|Dark
|move|p1a: Khaos|Hyperspace Fury|p2a: Alomomola
|-damage|p2a: Alomomola|0 fnt
|-unboost|p1a: Khaos|def|1
|faint|p2a: Alomomola
|
|upkeep
|
|t:|1781205590
|switch|p2a: Meowscarada|Meowscarada, M|88/100
|turn|5
|
|t:|1781205599
|switch|p1a: Liberacy|Cinderace, M|100/100
|move|p2a: Meowscarada|Triple Axel|p1a: Liberacy
|-start|p2a: Meowscarada|typechange|Ice|[from] ability: Protean
|-resisted|p1a: Liberacy
|-damage|p1a: Liberacy|92/100
|-resisted|p1a: Liberacy
|-damage|p1a: Liberacy|75/100
|-resisted|p1a: Liberacy
|-damage|p1a: Liberacy|50/100
|-hitcount|p1a: Liberacy|3
|
|upkeep
|turn|6
|
|t:|1781205614
|switch|p2a: Cinderace|Cinderace, M|100/100
|move|p1a: Liberacy|U-turn|p2a: Cinderace
|-start|p1a: Liberacy|typechange|Bug|[from] ability: Libero
|-resisted|p2a: Cinderace
|-damage|p2a: Cinderace|83/100
|
|t:|1781205629
|switch|p1a: Pisces|Alomomola, M, shiny|91/100|[from] U-turn
|
|upkeep
|turn|7
|
|t:|1781205633
|move|p2a: Cinderace|Will-O-Wisp|p1a: Pisces|[miss]
|-miss|p2a: Cinderace|p1a: Pisces
|move|p1a: Pisces|Flip Turn|p2a: Cinderace
|-supereffective|p2a: Cinderace
|-damage|p2a: Cinderace|46/100
|
|t:|1781205645
|switch|p1a: Overseer|Pecharunt|100/100|[from] Flip Turn
|
|upkeep
|turn|8
|
|t:|1781205651
|move|p2a: Cinderace|U-turn|p1a: Overseer
|-resisted|p1a: Overseer
|-damage|p1a: Overseer|98/100
|
|t:|1781205652
|switch|p2a: Sylveon|Sylveon, F|73/100|[from] U-turn
|move|p1a: Overseer|Parting Shot|p2a: Sylveon
|-unboost|p2a: Sylveon|atk|1
|-unboost|p2a: Sylveon|spa|1
|
|t:|1781205663
|switch|p1a: Pisces|Alomomola, M, shiny|100/100|[from] Parting Shot
|
|upkeep
|turn|9
|
|t:|1781205671
|switch|p2a: Pecharunt|Pecharunt|100/100
|move|p1a: Pisces|Flip Turn|p2a: Pecharunt
|-damage|p2a: Pecharunt|92/100
|
|t:|1781205679
|switch|p1a: Khaos|Hoopa-Unbound, tera:Dark|100/100|[from] Flip Turn
|
|upkeep
|turn|10
|
|t:|1781205688
|-terastallize|p2a: Pecharunt|Dark
|move|p1a: Khaos|Hyperspace Fury|p2a: Pecharunt
|-resisted|p2a: Pecharunt
|-damage|p2a: Pecharunt|61/100
|-unboost|p1a: Khaos|def|1
|move|p2a: Pecharunt|Malignant Chain|p1a: Khaos
|-damage|p1a: Khaos|74/100
|-status|p1a: Khaos|tox
|-start|p1a: Khaos|confusion|[from] ability: Poison Puppeteer|[of] p2a: Pecharunt
|
|-damage|p1a: Khaos|68/100 tox|[from] psn
|upkeep
|turn|11
|
|t:|1781205704
|switch|p1a: Pisces|Alomomola, M, shiny|100/100
|move|p2a: Pecharunt|Parting Shot|p1a: Pisces
|-unboost|p1a: Pisces|atk|1
|-unboost|p1a: Pisces|spa|1
|
|t:|1781205706
|switch|p2a: Meowscarada|Meowscarada, M|88/100|[from] Parting Shot
|
|upkeep
|turn|12
|
|t:|1781205726
|move|p2a: Meowscarada|Knock Off|p1a: Pisces
|-start|p2a: Meowscarada|typechange|Dark|[from] ability: Protean
|-damage|p1a: Pisces|56/100
|-enditem|p1a: Pisces|Assault Vest|[from] move: Knock Off|[of] p2a: Meowscarada
|move|p1a: Pisces|Flip Turn|p2a: Meowscarada
|-damage|p2a: Meowscarada|72/100
|inactive|dark_rat05 has 120 seconds left.
|
|t:|1781205742
|switch|p1a: Enten|Landorus-Therian, M, shiny|100/100|[from] Flip Turn
|-ability|p1a: Enten|Intimidate|boost
|-unboost|p2a: Meowscarada|atk|1
|
|upkeep
|turn|13
|inactive|dark_rat05 has 120 seconds left.
|
|t:|1781205759
|switch|p2a: Cinderace|Cinderace, M|46/100
|move|p1a: Enten|Earthquake|p2a: Cinderace
|-supereffective|p2a: Cinderace
|-damage|p2a: Cinderace|0 fnt
|faint|p2a: Cinderace
|
|upkeep
|
|t:|1781205761
|switch|p2a: Great Tusk|Great Tusk|100/100
|turn|14
|inactive|dark_rat05 has 120 seconds left.
|
|t:|1781205790
|switch|p1a: Pisces|Alomomola, M, shiny|89/100
|move|p2a: Great Tusk|Stealth Rock|p1a: Pisces
|-sidestart|p1: dark_rat05|move: Stealth Rock
|
|upkeep
|turn|15
|
|t:|1781205796
|-end|p2a: Great Tusk|Protosynthesis|[silent]
|switch|p2a: Meowscarada|Meowscarada, M|72/100
|move|p1a: Pisces|Flip Turn|p2a: Meowscarada
|-resisted|p2a: Meowscarada
|-damage|p2a: Meowscarada|59/100
|
|t:|1781205810
|switch|p1a: Liberacy|Cinderace, M|50/100|[from] Flip Turn
|
|upkeep
|turn|16
|
|t:|1781205815
|move|p2a: Meowscarada|Knock Off|p1a: Liberacy
|-start|p2a: Meowscarada|typechange|Dark|[from] ability: Protean
|-damage|p1a: Liberacy|0 fnt
|-enditem|p1a: Liberacy|Heavy-Duty Boots|[from] move: Knock Off|[of] p2a: Meowscarada
|faint|p1a: Liberacy
|
|upkeep
|
|t:|1781205832
|switch|p1a: Enten|Landorus-Therian, M, shiny|100/100
|-damage|p1a: Enten|88/100|[from] Stealth Rock
|-ability|p1a: Enten|Intimidate|boost
|-unboost|p2a: Meowscarada|atk|1
|turn|17
|
|t:|1781205839
|move|p1a: Enten|Earthquake|p2a: Meowscarada
|-damage|p2a: Meowscarada|0 fnt
|faint|p2a: Meowscarada
|
|upkeep
|
|t:|1781205847
|switch|p2a: Sylveon|Sylveon, F|73/100
|turn|18
|
|t:|1781205853
|switch|p1a: Pisces|Alomomola, M, shiny|100/100
|-damage|p1a: Pisces|88/100|[from] Stealth Rock
|move|p2a: Sylveon|Hyper Voice|p1a: Pisces
|-damage|p1a: Pisces|19/100
|
|upkeep
|turn|19
|inactive|dark_rat05 has 120 seconds left.
|
|t:|1781205864
|switch|p1a: Overseer|Pecharunt|98/100
|move|p2a: Sylveon|Hyper Voice|p1a: Overseer
|-resisted|p1a: Overseer
|-damage|p1a: Overseer|57/100
|
|upkeep
|turn|20
|inactive|dark_rat05 has 120 seconds left.
|
|t:|1781205874
|switch|p2a: Great Tusk|Great Tusk|100/100
|move|p1a: Overseer|Malignant Chain|p2a: Great Tusk
|-resisted|p2a: Great Tusk
|-crit|p2a: Great Tusk
|-damage|p2a: Great Tusk|66/100
|-status|p2a: Great Tusk|tox
|-start|p2a: Great Tusk|confusion|[from] ability: Poison Puppeteer|[of] p1a: Overseer
|
|-heal|p2a: Great Tusk|72/100 tox|[from] item: Leftovers
|-damage|p2a: Great Tusk|66/100 tox|[from] psn
|upkeep
|turn|21
|inactive|dark_rat05 has 120 seconds left.
|
|t:|1781205887
|-activate|p2a: Great Tusk|confusion
|move|p2a: Great Tusk|Knock Off|p1a: Overseer
|-supereffective|p1a: Overseer
|-damage|p1a: Overseer|23/100
|-enditem|p1a: Overseer|Heavy-Duty Boots|[from] move: Knock Off|[of] p2a: Great Tusk
|move|p1a: Overseer|Recover|p1a: Overseer
|-heal|p1a: Overseer|73/100
|
|-heal|p2a: Great Tusk|72/100 tox|[from] item: Leftovers
|-damage|p2a: Great Tusk|60/100 tox|[from] psn
|upkeep
|turn|22
|inactive|dark_rat05 has 120 seconds left.
|
|t:|1781205898
|-activate|p2a: Great Tusk|confusion
|-damage|p2a: Great Tusk|49/100 tox|[from] confusion
|move|p1a: Overseer|Recover|p1a: Overseer
|-heal|p1a: Overseer|100/100
|
|-heal|p2a: Great Tusk|55/100 tox|[from] item: Leftovers
|-damage|p2a: Great Tusk|37/100 tox|[from] psn
|upkeep
|turn|23
|
|t:|1781205921
|-activate|p2a: Great Tusk|confusion
|move|p2a: Great Tusk|Headlong Rush|p1a: Overseer
|-supereffective|p1a: Overseer
|-damage|p1a: Overseer|44/100
|-unboost|p2a: Great Tusk|def|1
|-unboost|p2a: Great Tusk|spd|1
|move|p1a: Overseer|Recover|p1a: Overseer
|-heal|p1a: Overseer|94/100
|
|-heal|p2a: Great Tusk|43/100 tox|[from] item: Leftovers
|-damage|p2a: Great Tusk|18/100 tox|[from] psn
|upkeep
|turn|24
|
|t:|1781205934
|-end|p2a: Great Tusk|confusion
|move|p2a: Great Tusk|Headlong Rush|p1a: Overseer
|-supereffective|p1a: Overseer
|-damage|p1a: Overseer|35/100
|-unboost|p2a: Great Tusk|def|1
|-unboost|p2a: Great Tusk|spd|1
|move|p1a: Overseer|Recover|p1a: Overseer
|-heal|p1a: Overseer|85/100
|
|-heal|p2a: Great Tusk|24/100 tox|[from] item: Leftovers
|-damage|p2a: Great Tusk|0 fnt|[from] psn
|faint|p2a: Great Tusk
|-end|p2a: Great Tusk|Protosynthesis|[silent]
|upkeep
|
|t:|1781205945
|switch|p2a: Sylveon|Sylveon, F|73/100
|turn|25
|
|t:|1781205951
|move|p2a: Sylveon|Shadow Ball|p1a: Overseer
|-supereffective|p1a: Overseer
|-damage|p1a: Overseer|9/100
|move|p1a: Overseer|Malignant Chain|p2a: Sylveon
|-supereffective|p2a: Sylveon
|-damage|p2a: Sylveon|23/100
|-status|p2a: Sylveon|tox
|-start|p2a: Sylveon|confusion|[from] ability: Poison Puppeteer|[of] p1a: Overseer
|
|-damage|p2a: Sylveon|17/100 tox|[from] psn
|upkeep
|turn|26
|
|t:|1781205970
|-activate|p2a: Sylveon|confusion
|move|p2a: Sylveon|Shadow Ball|p1a: Overseer
|-supereffective|p1a: Overseer
|-damage|p1a: Overseer|0 fnt
|faint|p1a: Overseer
|
|-damage|p2a: Sylveon|4/100 tox|[from] psn
|upkeep
|inactive|dark_rat05 has 120 seconds left.
|
|t:|1781205990
|switch|p1a: Pisces|Alomomola, M, shiny|52/100
|-damage|p1a: Pisces|40/100|[from] Stealth Rock
|turn|27
|
|t:|1781205997
|move|p1a: Pisces|Aqua Jet|p2a: Sylveon
|-damage|p2a: Sylveon|0 fnt
|faint|p2a: Sylveon
|
|upkeep
|
|t:|1781206002
|switch|p2a: Pecharunt|Pecharunt, tera:Dark|61/100
|turn|28
|
|t:|1781206007
|move|p2a: Pecharunt|Recover|p2a: Pecharunt
|-heal|p2a: Pecharunt|100/100
|move|p1a: Pisces|Flip Turn|p2a: Pecharunt
|-damage|p2a: Pecharunt|93/100
|
|t:|1781206017
|switch|p1a: Khaos|Hoopa-Unbound, tera:Dark|68/100 tox|[from] Flip Turn
|-damage|p1a: Khaos|56/100 tox|[from] Stealth Rock
|
|-damage|p1a: Khaos|50/100 tox|[from] psn
|upkeep
|turn|29
|inactive|barbordor has 120 seconds left.
|
|t:|1781206047
|move|p1a: Khaos|Trick|p2a: Pecharunt
|-activate|p1a: Khaos|move: Trick|[of] p2a: Pecharunt
|-item|p2a: Pecharunt|Choice Band|[from] move: Trick
|-item|p1a: Khaos|Heavy-Duty Boots|[from] move: Trick
|move|p2a: Pecharunt|Parting Shot|p1a: Khaos
|-unboost|p1a: Khaos|atk|1
|-unboost|p1a: Khaos|spa|1
|
|-damage|p1a: Khaos|38/100 tox|[from] psn
|upkeep
|turn|30
|-message|barbordor forfeited.
|
|win|dark_rat05
|raw|dark_rat05's rating: 1614 &rarr; <strong>1631</strong><br />(+17 for winning)
|raw|barbordor's rating: 1568 &rarr; <strong>1551</strong><br />(-17 for losing)
|l|☆barbordor
|player|p2|
