|j|☆retsewe
|j|☆n5v
|t:|1781016127
|gametype|singles
|player|p1|retsewe|2|1559
|player|p2|n5v|leon-masters|1570
|gen|9
|tier|[Gen 9] OU
|rated|
|rule|HP Percentage Mod: HP is shown in percentages
|rule|Endless Battle Clause: Forcing endless battles is banned
|rule|Species Clause: Limit one of each Pokémon
|rule|OHKO Clause: OHKO moves are banned
|rule|Evasion Items Clause: Evasion items are banned
|rule|Evasion Moves Clause: Evasion moves are banned
|rule|Evasion Abilities Clause: Evasion abilities are banned
|rule|Sleep Moves Clause: Sleep-inducing moves are banned
|clearpoke
|poke|p1|Kyurem|
|poke|p1|Grimmsnarl, M|
|poke|p1|Gyarados, M|
|poke|p1|Dragonite, M|
|poke|p1|Hatterene, F|
|poke|p1|Heatran, M|
|poke|p2|Raging Bolt|
|poke|p2|Iron Crown|
|poke|p2|Rillaboom, F|
|poke|p2|Enamorus, F|
|poke|p2|Great Tusk|
|poke|p2|Kingambit, M|
|teampreview
|c|☆n5v|glhf
|inactive|Battle timer is ON: inactive players will automatically lose when time's up. (requested by n5v)
|
|t:|1781016141
|teamsize|p1|6
|teamsize|p2|6
|start
|switch|p1a: Hatterene|Hatterene, F|100/100
|switch|p2a: goobing bolt|Raging Bolt|100/100
|turn|1
|
|t:|1781016147
|move|p2a: goobing bolt|Volt Switch|p1a: Hatterene
|-crit|p1a: Hatterene
|-damage|p1a: Hatterene|0 fnt
|faint|p1a: Hatterene
|c|☆n5v|mb
|
|t:|1781016152
|-end|p2a: goobing bolt|Protosynthesis|[silent]
|switch|p2a: diddy kong|Rillaboom, F|100/100|[from] Volt Switch
|-fieldstart|move: Grassy Terrain|[from] ability: Grassy Surge|[of] p2a: diddy kong
|
|upkeep
|
|t:|1781016169
|switch|p1a: Kyurem|Kyurem|100/100
|-ability|p1a: Kyurem|Pressure
|turn|2
|
|t:|1781016178
|switch|p2a: le-tachyon|Iron Crown|100/100
|move|p1a: Kyurem|Ice Beam|p2a: le-tachyon
|-resisted|p2a: le-tachyon
|-damage|p2a: le-tachyon|86/100
|
|-heal|p2a: le-tachyon|93/100|[from] Grassy Terrain
|upkeep
|turn|3
|
|t:|1781016187
|switch|p1a: Heatran|Heatran, M|100/100
|move|p2a: le-tachyon|Tachyon Cutter|p1a: Heatran
|-resisted|p1a: Heatran
|-damage|p1a: Heatran|95/100
|-resisted|p1a: Heatran
|-damage|p1a: Heatran|89/100
|-hitcount|p1a: Heatran|2
|
|-heal|p1a: Heatran|96/100|[from] Grassy Terrain
|-heal|p2a: le-tachyon|99/100|[from] Grassy Terrain
|upkeep
|turn|4
|j| michealjackkson
|
|t:|1781016202
|move|p1a: Heatran|Stealth Rock|p2a: le-tachyon
|-sidestart|p2: n5v|move: Stealth Rock
|move|p2a: le-tachyon|Volt Switch|p1a: Heatran
|-damage|p1a: Heatran|75/100
|
|t:|1781016220
|-end|p2a: le-tachyon|Quark Drive|[silent]
|switch|p2a: cheap tusk|Great Tusk|100/100|[from] Volt Switch
|
|-heal|p1a: Heatran|81/100|[from] Grassy Terrain
|upkeep
|turn|5
|
|t:|1781016228
|switch|p1a: Gyarados|Gyarados, M|100/100
|move|p2a: cheap tusk|Rapid Spin|p1a: Gyarados
|-damage|p1a: Gyarados|81/100
|-boost|p2a: cheap tusk|spe|1
|-sideend|p2: n5v|Stealth Rock|[from] move: Rapid Spin|[of] p2a: cheap tusk
|
|-fieldend|move: Grassy Terrain
|upkeep
|turn|6
|
|t:|1781016237
|-end|p2a: cheap tusk|Protosynthesis|[silent]
|switch|p2a: goobing bolt|Raging Bolt|100/100
|move|p1a: Gyarados|Dragon Dance|p1a: Gyarados
|-boost|p1a: Gyarados|atk|1
|-boost|p1a: Gyarados|spe|1
|
|upkeep
|turn|7
|
|t:|1781016244
|-terastallize|p1a: Gyarados|Ground
|move|p2a: goobing bolt|Thunderclap|p1a: Gyarados
|-immune|p1a: Gyarados
|move|p1a: Gyarados|Earthquake|p2a: goobing bolt
|-supereffective|p2a: goobing bolt
|-damage|p2a: goobing bolt|0 fnt
|faint|p2a: goobing bolt
|-end|p2a: goobing bolt|Protosynthesis|[silent]
|-ability|p1a: Gyarados|Moxie|boost
|-boost|p1a: Gyarados|atk|1
|
|upkeep
|
|t:|1781016249
|switch|p2a: diddy kong|Rillaboom, F|100/100
|-fieldstart|move: Grassy Terrain|[from] ability: Grassy Surge|[of] p2a: diddy kong
|turn|8
|
|t:|1781016258
|move|p2a: diddy kong|Grassy Glide|p1a: Gyarados
|-supereffective|p1a: Gyarados
|-damage|p1a: Gyarados|0 fnt
|faint|p1a: Gyarados
|
|upkeep
|
|t:|1781016268
|switch|p1a: Heatran|Heatran, M|81/100
|turn|9
|
|t:|1781016274
|move|p1a: Heatran|Flamethrower|p2a: diddy kong
|-supereffective|p2a: diddy kong
|-damage|p2a: diddy kong|0 fnt
|faint|p2a: diddy kong
|
|-heal|p1a: Heatran|87/100|[from] Grassy Terrain
|upkeep
|
|t:|1781016280
|switch|p2a: cheap tusk|Great Tusk|100/100
|turn|10
|
|t:|1781016287
|switch|p1a: Grimmsnarl|Grimmsnarl, M, shiny|100/100
|move|p2a: cheap tusk|Ice Spinner|p1a: Grimmsnarl
|-damage|p1a: Grimmsnarl|71/100
|-fieldend|move: Grassy Terrain
|
|-heal|p1a: Grimmsnarl|77/100|[from] item: Leftovers
|upkeep
|turn|11
|
|t:|1781016296
|move|p2a: cheap tusk|Stealth Rock|p1a: Grimmsnarl
|-sidestart|p1: retsewe|move: Stealth Rock
|move|p1a: Grimmsnarl|Spirit Break|p2a: cheap tusk
|-supereffective|p2a: cheap tusk
|-damage|p2a: cheap tusk|59/100
|-unboost|p2a: cheap tusk|spa|1
|
|-heal|p1a: Grimmsnarl|83/100|[from] item: Leftovers
|upkeep
|turn|12
|
|t:|1781016305
|-end|p2a: cheap tusk|Protosynthesis|[silent]
|switch|p2a: gay alladin|Enamorus, F|100/100
|move|p1a: Grimmsnarl|Spirit Break|p2a: gay alladin
|-damage|p2a: gay alladin|40/100
|-boost|p2a: gay alladin|spa|1
|
|-heal|p1a: Grimmsnarl|89/100|[from] item: Leftovers
|upkeep
|turn|13
|
|t:|1781016323
|move|p1a: Grimmsnarl|Taunt|p2a: gay alladin
|-start|p2a: gay alladin|move: Taunt
|move|p2a: gay alladin|Moonblast|p1a: Grimmsnarl
|-supereffective|p1a: Grimmsnarl
|-damage|p1a: Grimmsnarl|0 fnt
|faint|p1a: Grimmsnarl
|
|upkeep
|
|t:|1781016332
|switch|p1a: Heatran|Heatran, M|87/100
|-damage|p1a: Heatran|75/100|[from] Stealth Rock
|turn|14
|
|t:|1781016336
|switch|p2a: cheap tusk|Great Tusk|59/100
|move|p1a: Heatran|Flamethrower|p2a: cheap tusk
|-damage|p2a: cheap tusk|0 fnt
|faint|p2a: cheap tusk
|-end|p2a: cheap tusk|Protosynthesis|[silent]
|
|upkeep
|
|t:|1781016340
|switch|p2a: le-tachyon|Iron Crown|99/100
|turn|15
|
|t:|1781016346
|move|p1a: Heatran|Flamethrower|p2a: le-tachyon
|-supereffective|p2a: le-tachyon
|-damage|p2a: le-tachyon|47/100
|move|p2a: le-tachyon|Focus Blast|p1a: Heatran|[miss]
|-miss|p2a: le-tachyon|p1a: Heatran
|
|upkeep
|turn|16
|j| Lowladderubersnoob
|
|t:|1781016356
|-terastallize|p2a: le-tachyon|Fairy
|move|p1a: Heatran|Flamethrower|p2a: le-tachyon
|-damage|p2a: le-tachyon|22/100
|-status|p2a: le-tachyon|brn
|move|p2a: le-tachyon|Focus Blast|p1a: Heatran|[miss]
|-miss|p2a: le-tachyon|p1a: Heatran
|
|-damage|p2a: le-tachyon|16/100 brn|[from] brn
|upkeep
|turn|17
|
|t:|1781016367
|move|p1a: Heatran|Flamethrower|p2a: le-tachyon
|-crit|p2a: le-tachyon
|-damage|p2a: le-tachyon|0 fnt
|faint|p2a: le-tachyon
|-end|p2a: le-tachyon|Quark Drive|[silent]
|
|upkeep
|
|t:|1781016372
|switch|p2a: gay alladin|Enamorus, F|40/100
|turn|18
|
|t:|1781016377
|move|p2a: gay alladin|Moonblast|p1a: Heatran
|-resisted|p1a: Heatran
|-damage|p1a: Heatran|62/100
|move|p1a: Heatran|Flamethrower|p2a: gay alladin
|-damage|p2a: gay alladin|0 fnt
|faint|p2a: gay alladin
|
|upkeep
|l| Lowladderubersnoob
|c|☆n5v|ggs
|
|t:|1781016383
|switch|p2a: neededaghostresist|Kingambit, M|100/100
|-activate|p2a: neededaghostresist|ability: Supreme Overlord
|-start|p2a: neededaghostresist|fallen5|[silent]
|turn|19
|
|t:|1781016389
|move|p2a: neededaghostresist|Sucker Punch|p1a: Heatran
|-damage|p1a: Heatran|0 fnt
|-status|p2a: neededaghostresist|brn|[from] ability: Flame Body|[of] p1a: Heatran
|faint|p1a: Heatran
|
|-damage|p2a: neededaghostresist|94/100 brn|[from] brn
|upkeep
|-message|n5v forfeited.
|
|win|retsewe
|raw|retsewe's rating: 1559 &rarr; <strong>1580</strong><br />(+21 for winning)
|raw|n5v's rating: 1570 &rarr; <strong>1549</strong><br />(-21 for losing)
|l|☆n5v
|player|p2|
|l| michealjackkson
|l|☆retsewe
|player|p1|
