|j|☆Mca Player 11
|j|☆SWAGGER_W2F
|t:|1781003488
|gametype|singles
|player|p1|Mca Player 11|skierf|1559
|player|p2|SWAGGER_W2F|flint|1563
|gen|9
|tier|[Gen 9] OU
|rated|
|rule|HP Percentage Mod: HP is shown in percentages
|rule|Endless Battle Clause: Forcing endless battles is banned
|rule|Species Clause: Limit one of each Pokémon
|rule|OHKO Clause: OHKO moves are banned
|rule|Evasion Items Clause: Evasion items are banned
|rule|Evasion Moves Clause: Evasion moves are banned
|rule|Evasion Abilities Clause: Evasion abilities are banned
|rule|Sleep Moves Clause: Sleep-inducing moves are banned
|clearpoke
|poke|p1|Deoxys-Speed|
|poke|p1|Iron Moth|
|poke|p1|Zamazenta-*|
|poke|p1|Gholdengo|
|poke|p1|Rillaboom, M|
|poke|p1|Iron Jugulis|
|poke|p2|Ceruledge, M|
|poke|p2|Scizor, M|
|poke|p2|Raging Bolt|
|poke|p2|Mandibuzz, F|
|poke|p2|Great Tusk|
|poke|p2|Slowbro, F|
|teampreview
|
|t:|1781003494
|teamsize|p1|6
|teamsize|p2|6
|start
|switch|p1a: Iron Jugulis|Iron Jugulis, shiny|100/100
|switch|p2a: Ceruledge|Ceruledge, M|100/100
|-enditem|p1a: Iron Jugulis|Booster Energy
|-activate|p1a: Iron Jugulis|ability: Quark Drive|[fromitem]
|-start|p1a: Iron Jugulis|quarkdrivespe
|turn|1
|j| Blind Alchemist亞
|
|t:|1781003510
|move|p1a: Iron Jugulis|Knock Off|p2a: Ceruledge
|-supereffective|p2a: Ceruledge
|-damage|p2a: Ceruledge|39/100
|-enditem|p2a: Ceruledge|Assault Vest|[from] move: Knock Off|[of] p1a: Iron Jugulis
|move|p2a: Ceruledge|Bitter Blade|p1a: Iron Jugulis
|-damage|p1a: Iron Jugulis|38/100
|-heal|p2a: Ceruledge|68/100|[from] drain|[of] p1a: Iron Jugulis
|
|upkeep
|turn|2
|
|t:|1781003522
|-terastallize|p2a: Ceruledge|Fighting
|move|p1a: Iron Jugulis|Earth Power|p2a: Ceruledge
|-damage|p2a: Ceruledge|39/100
|move|p2a: Ceruledge|Bitter Blade|p1a: Iron Jugulis
|-damage|p1a: Iron Jugulis|0 fnt
|-heal|p2a: Ceruledge|57/100|[from] drain|[of] p1a: Iron Jugulis
|faint|p1a: Iron Jugulis
|-end|p1a: Iron Jugulis|Quark Drive|[silent]
|
|upkeep
|
|t:|1781003532
|switch|p1a: Zamazenta|Zamazenta, shiny|100/100
|-ability|p1a: Zamazenta|Dauntless Shield|boost
|-boost|p1a: Zamazenta|def|1
|turn|3
|
|t:|1781003536
|switch|p2a: Slowbro|Slowbro, F|100/100
|move|p1a: Zamazenta|Close Combat|p2a: Slowbro
|-resisted|p2a: Slowbro
|-damage|p2a: Slowbro|76/100
|-unboost|p1a: Zamazenta|def|1
|-unboost|p1a: Zamazenta|spd|1
|
|upkeep
|turn|4
|
|t:|1781003548
|switch|p1a: Deoxys|Deoxys-Speed|100/100
|-ability|p1a: Deoxys|Pressure
|move|p2a: Slowbro|Scald|p1a: Deoxys
|-damage|p1a: Deoxys|68/100
|
|upkeep
|turn|5
|
|t:|1781003557
|switch|p2a: Scizor|Scizor, M|100/100
|move|p1a: Deoxys|Spikes|p2a: Scizor
|-sidestart|p2: SWAGGER_W2F|Spikes
|
|upkeep
|turn|6
|
|t:|1781003562
|switch|p1a: Iron Moth|Iron Moth, shiny|100/100
|-enditem|p1a: Iron Moth|Booster Energy
|-activate|p1a: Iron Moth|ability: Quark Drive|[fromitem]
|-start|p1a: Iron Moth|quarkdrivespe
|move|p2a: Scizor|U-turn|p1a: Iron Moth
|-resisted|p1a: Iron Moth
|-crit|p1a: Iron Moth
|-damage|p1a: Iron Moth|67/100
|
|t:|1781003569
|switch|p2a: Ceruledge|Ceruledge, M, tera:Fighting|57/100|[from] U-turn
|-damage|p2a: Ceruledge|45/100|[from] Spikes
|
|upkeep
|turn|7
|
|t:|1781003575
|move|p1a: Iron Moth|Sludge Wave|p2a: Ceruledge
|-damage|p2a: Ceruledge|0 fnt
|faint|p2a: Ceruledge
|
|upkeep
|
|t:|1781003589
|switch|p2a: Raging Bolt|Raging Bolt|100/100
|-damage|p2a: Raging Bolt|88/100|[from] Spikes
|turn|8
|
|t:|1781003593
|move|p1a: Iron Moth|Toxic Spikes|p2a: Raging Bolt
|-sidestart|p2: SWAGGER_W2F|move: Toxic Spikes
|move|p2a: Raging Bolt|Thunderbolt|p1a: Iron Moth
|-damage|p1a: Iron Moth|0 fnt
|faint|p1a: Iron Moth
|-end|p1a: Iron Moth|Quark Drive|[silent]
|
|upkeep
|
|t:|1781003596
|switch|p1a: Deoxys|Deoxys-Speed|68/100
|-ability|p1a: Deoxys|Pressure
|turn|9
|
|t:|1781003602
|move|p1a: Deoxys|Spikes|p2a: Raging Bolt
|-sidestart|p2: SWAGGER_W2F|Spikes
|move|p2a: Raging Bolt|Thunderbolt|p1a: Deoxys
|-damage|p1a: Deoxys|0 fnt
|faint|p1a: Deoxys
|
|upkeep
|
|t:|1781003605
|switch|p1a: Rillaboom|Rillaboom, M, shiny|100/100
|-fieldstart|move: Grassy Terrain|[from] ability: Grassy Surge|[of] p1a: Rillaboom
|turn|10
|
|t:|1781003613
|-end|p2a: Raging Bolt|Protosynthesis|[silent]
|switch|p2a: Mandibuzz|Mandibuzz, F|100/100
|move|p1a: Rillaboom|High Horsepower|p2a: Mandibuzz
|-immune|p2a: Mandibuzz
|
|upkeep
|turn|11
|
|t:|1781003620
|switch|p1a: Gholdengo|Gholdengo, shiny|100/100
|-enditem|p1a: Gholdengo|Grassy Seed
|-boost|p1a: Gholdengo|def|1|[from] item: Grassy Seed
|move|p2a: Mandibuzz|Foul Play|p1a: Gholdengo
|-supereffective|p1a: Gholdengo
|-damage|p1a: Gholdengo|80/100
|
|-heal|p1a: Gholdengo|86/100|[from] Grassy Terrain
|upkeep
|turn|12
|
|t:|1781003628
|move|p1a: Gholdengo|Nasty Plot|p1a: Gholdengo
|-boost|p1a: Gholdengo|spa|2
|move|p2a: Mandibuzz|U-turn|p1a: Gholdengo
|-resisted|p1a: Gholdengo
|-damage|p1a: Gholdengo|84/100
|
|t:|1781003633
|switch|p2a: Great Tusk|Great Tusk|100/100|[from] U-turn
|-damage|p2a: Great Tusk|84/100|[from] Spikes
|-status|p2a: Great Tusk|psn
|
|-heal|p2a: Great Tusk|90/100 psn|[from] Grassy Terrain
|-heal|p1a: Gholdengo|90/100|[from] Grassy Terrain
|-damage|p2a: Great Tusk|78/100 psn|[from] psn
|upkeep
|turn|13
|
|t:|1781003642
|move|p2a: Great Tusk|Headlong Rush|p1a: Gholdengo
|-supereffective|p1a: Gholdengo
|-damage|p1a: Gholdengo|11/100
|-unboost|p2a: Great Tusk|def|1
|-unboost|p2a: Great Tusk|spd|1
|move|p1a: Gholdengo|Shadow Ball|p2a: Great Tusk
|-damage|p2a: Great Tusk|0 fnt
|faint|p2a: Great Tusk
|-end|p2a: Great Tusk|Protosynthesis|[silent]
|
|-heal|p1a: Gholdengo|17/100|[from] Grassy Terrain
|upkeep
|
|t:|1781003653
|switch|p2a: Scizor|Scizor, M|100/100
|-damage|p2a: Scizor|84/100|[from] Spikes
|turn|14
|
|t:|1781003657
|move|p2a: Scizor|Bullet Punch|p1a: Gholdengo
|-resisted|p1a: Gholdengo
|-damage|p1a: Gholdengo|0 fnt
|faint|p1a: Gholdengo
|
|-heal|p2a: Scizor|90/100|[from] Grassy Terrain
|-fieldend|move: Grassy Terrain
|upkeep
|
|t:|1781003661
|switch|p1a: Zamazenta|Zamazenta, shiny|100/100
|turn|15
|
|t:|1781003667
|switch|p1a: Rillaboom|Rillaboom, M, shiny|100/100
|-fieldstart|move: Grassy Terrain|[from] ability: Grassy Surge|[of] p1a: Rillaboom
|switch|p2a: Mandibuzz|Mandibuzz, F|100/100
|
|upkeep
|turn|16
|
|t:|1781003674
|move|p1a: Rillaboom|Knock Off|p2a: Mandibuzz
|-resisted|p2a: Mandibuzz
|-damage|p2a: Mandibuzz|87/100
|-enditem|p2a: Mandibuzz|Heavy-Duty Boots|[from] move: Knock Off|[of] p1a: Rillaboom
|-damage|p1a: Rillaboom|91/100|[from] item: Life Orb
|move|p2a: Mandibuzz|Defog|p1a: Rillaboom
|-unboost|p1a: Rillaboom|evasion|1
|-sideend|p2: SWAGGER_W2F|Spikes|[from] move: Defog|[of] p2a: Mandibuzz
|-sideend|p2: SWAGGER_W2F|Toxic Spikes|[from] move: Defog|[of] p2a: Mandibuzz
|-fieldend|move: Grassy Terrain
|
|upkeep
|turn|17
|
|t:|1781003684
|switch|p1a: Zamazenta|Zamazenta, shiny|100/100
|move|p2a: Mandibuzz|Foul Play|p1a: Zamazenta
|-resisted|p1a: Zamazenta
|-damage|p1a: Zamazenta|80/100
|
|upkeep
|turn|18
|
|t:|1781003690
|move|p1a: Zamazenta|Stone Edge|p2a: Mandibuzz
|-supereffective|p2a: Mandibuzz
|-damage|p2a: Mandibuzz|27/100
|move|p2a: Mandibuzz|U-turn|p1a: Zamazenta
|-resisted|p1a: Zamazenta
|-damage|p1a: Zamazenta|75/100
|
|t:|1781003696
|switch|p2a: Slowbro|Slowbro, F|100/100|[from] U-turn
|
|upkeep
|turn|19
|
|t:|1781003700
|switch|p1a: Rillaboom|Rillaboom, M, shiny|91/100
|-fieldstart|move: Grassy Terrain|[from] ability: Grassy Surge|[of] p1a: Rillaboom
|move|p2a: Slowbro|Future Sight|p1a: Rillaboom
|-start|p2a: Slowbro|move: Future Sight
|
|-heal|p1a: Rillaboom|97/100|[from] Grassy Terrain
|upkeep
|turn|20
|
|t:|1781003708
|switch|p2a: Mandibuzz|Mandibuzz, F|27/100
|move|p1a: Rillaboom|Swords Dance|p1a: Rillaboom
|-boost|p1a: Rillaboom|atk|2
|
|-heal|p1a: Rillaboom|100/100|[from] Grassy Terrain
|upkeep
|turn|21
|
|t:|1781003725
|move|p1a: Rillaboom|Grassy Glide|p2a: Mandibuzz
|-resisted|p2a: Mandibuzz
|-damage|p2a: Mandibuzz|0 fnt
|faint|p2a: Mandibuzz
|-damage|p1a: Rillaboom|91/100|[from] item: Life Orb
|
|-end|p1a: Rillaboom|move: Future Sight
|-damage|p1a: Rillaboom|35/100
|-heal|p1a: Rillaboom|41/100|[from] Grassy Terrain
|upkeep
|
|t:|1781003734
|switch|p2a: Scizor|Scizor, M|90/100
|turn|22
|
|t:|1781003758
|-terastallize|p1a: Rillaboom|Electric
|move|p2a: Scizor|Bullet Punch|p1a: Rillaboom
|-resisted|p1a: Rillaboom
|-damage|p1a: Rillaboom|13/100
|move|p1a: Rillaboom|Knock Off|p2a: Scizor
|-damage|p2a: Scizor|0 fnt
|-enditem|p2a: Scizor|Choice Band|[from] move: Knock Off|[of] p1a: Rillaboom
|faint|p2a: Scizor
|-damage|p1a: Rillaboom|3/100|[from] item: Life Orb
|
|-heal|p1a: Rillaboom|9/100|[from] Grassy Terrain
|upkeep
|
|t:|1781003768
|switch|p2a: Raging Bolt|Raging Bolt|88/100
|turn|23
|
|t:|1781003782
|move|p1a: Rillaboom|Grassy Glide|p2a: Raging Bolt
|-resisted|p2a: Raging Bolt
|-damage|p2a: Raging Bolt|40/100
|-damage|p1a: Rillaboom|0 fnt|[from] item: Life Orb
|faint|p1a: Rillaboom
|move|p2a: Raging Bolt|Thunderbolt|p1: Rillaboom|[notarget]
|-fail|p2a: Raging Bolt
|
|-heal|p2a: Raging Bolt|46/100|[from] Grassy Terrain
|-fieldend|move: Grassy Terrain
|upkeep
|
|t:|1781003787
|switch|p1a: Zamazenta|Zamazenta, shiny|75/100
|turn|24
|
|t:|1781003792
|move|p1a: Zamazenta|Crunch|p2a: Raging Bolt
|-damage|p2a: Raging Bolt|10/100
|move|p2a: Raging Bolt|Thunderbolt|p1a: Zamazenta
|-damage|p1a: Zamazenta|0 fnt
|faint|p1a: Zamazenta
|
|win|SWAGGER_W2F
|raw|Mca Player 11's rating: 1559 &rarr; <strong>1539</strong><br />(-20 for losing)
|raw|SWAGGER_W2F's rating: 1563 &rarr; <strong>1583</strong><br />(+20 for winning)
|l|☆Mca Player 11
|player|p1|
|l|☆SWAGGER_W2F
|player|p2|
