|j|☆maple_syrup689hoe
|j|☆CheetosD
|t:|1780964691
|gametype|singles
|player|p1|maple_syrup689hoe|101|1596
|player|p2|CheetosD|hexmaniac-gen6|1584
|gen|9
|tier|[Gen 9] OU
|rated|
|rule|HP Percentage Mod: HP is shown in percentages
|rule|Endless Battle Clause: Forcing endless battles is banned
|rule|Species Clause: Limit one of each Pokémon
|rule|OHKO Clause: OHKO moves are banned
|rule|Evasion Items Clause: Evasion items are banned
|rule|Evasion Moves Clause: Evasion moves are banned
|rule|Evasion Abilities Clause: Evasion abilities are banned
|rule|Sleep Moves Clause: Sleep-inducing moves are banned
|clearpoke
|poke|p1|Jolteon, M|
|poke|p1|Corviknight, M|
|poke|p1|Slowking-Galar, F|
|poke|p1|Alomomola, M|
|poke|p1|Kyurem|
|poke|p1|Kingambit, F|
|poke|p2|Kleavor, M|
|poke|p2|Ogerpon-Wellspring, F|
|poke|p2|Goodra-Hisui, F|
|poke|p2|Weezing-Galar, F|
|poke|p2|Armarouge, F|
|poke|p2|Kingambit, M|
|teampreview
|inactive|Battle timer is ON: inactive players will automatically lose when time's up. (requested by CheetosD)
|
|t:|1780964700
|teamsize|p1|6
|teamsize|p2|6
|start
|switch|p1a: Jolteon|Jolteon, M|100/100
|switch|p2a: Ogerpon|Ogerpon-Wellspring, F|100/100
|turn|1
|
|t:|1780964706
|switch|p2a: Goodra|Goodra-Hisui, F|100/100
|move|p1a: Jolteon|Volt Switch|p2a: Goodra
|-resisted|p2a: Goodra
|-damage|p2a: Goodra|94/100
|
|t:|1780964713
|switch|p1a: Slowking|Slowking-Galar, F|100/100|[from] Volt Switch
|
|upkeep
|turn|2
|
|t:|1780964718
|move|p2a: Goodra|Knock Off|p1a: Slowking
|-supereffective|p1a: Slowking
|-damage|p1a: Slowking|52/100
|-enditem|p1a: Slowking|Heavy-Duty Boots|[from] move: Knock Off|[of] p2a: Goodra
|move|p1a: Slowking|Future Sight|p2a: Goodra
|-start|p1a: Slowking|move: Future Sight
|
|upkeep
|turn|3
|
|t:|1780964724
|move|p2a: Goodra|Draco Meteor|p1a: Slowking
|-damage|p1a: Slowking|11/100
|-unboost|p2a: Goodra|spa|2
|-prepare|p1a: Slowking|Chilly Reception|[premajor]
|move|p1a: Slowking|Chilly Reception|p1a: Slowking
|-weather|Snowscape
|
|t:|1780964728
|switch|p1a: Kingambit|Kingambit, F|100/100|[from] Chilly Reception
|
|-weather|Snowscape|[upkeep]
|upkeep
|turn|4
|
|t:|1780964730
|move|p1a: Kingambit|Kowtow Cleave|p2a: Goodra
|-damage|p2a: Goodra|44/100
|move|p2a: Goodra|Earthquake|p1a: Kingambit
|-supereffective|p1a: Kingambit
|-damage|p1a: Kingambit|61/100
|
|-weather|Snowscape|[upkeep]
|-end|p2a: Goodra|move: Future Sight
|-resisted|p2a: Goodra
|-damage|p2a: Goodra|35/100
|-heal|p1a: Kingambit|67/100|[from] item: Leftovers
|upkeep
|turn|5
|
|t:|1780964736
|switch|p2a: Weezing|Weezing-Galar, F|100/100
|move|p1a: Kingambit|Kowtow Cleave|p2a: Weezing
|-resisted|p2a: Weezing
|-damage|p2a: Weezing|80/100
|
|-weather|Snowscape|[upkeep]
|-heal|p1a: Kingambit|74/100|[from] item: Leftovers
|upkeep
|turn|6
|
|t:|1780964740
|-end|p1a: Kingambit|fallenundefined|[silent]
|switch|p1a: Slowking|Slowking-Galar, F|44/100
|move|p2a: Weezing|Will-O-Wisp|p1a: Slowking
|-status|p1a: Slowking|brn
|
|-weather|Snowscape|[upkeep]
|-damage|p1a: Slowking|38/100 brn|[from] brn
|upkeep
|turn|7
|
|t:|1780964747
|switch|p2a: Goodra|Goodra-Hisui, F|35/100
|-prepare|p1a: Slowking|Chilly Reception|[premajor]
|move|p1a: Slowking|Chilly Reception|p1a: Slowking
|
|t:|1780964749
|switch|p1a: Kingambit|Kingambit, F|74/100|[from] Chilly Reception
|
|-weather|none
|-heal|p1a: Kingambit|80/100|[from] item: Leftovers
|upkeep
|turn|8
|
|t:|1780964754
|switch|p2a: Kingambit|Kingambit, M|100/100
|move|p1a: Kingambit|Iron Head|p2a: Kingambit
|-resisted|p2a: Kingambit
|-damage|p2a: Kingambit|85/100
|
|-heal|p1a: Kingambit|86/100|[from] item: Leftovers
|-heal|p2a: Kingambit|91/100|[from] item: Leftovers
|upkeep
|turn|9
|
|t:|1780964761
|-end|p1a: Kingambit|fallenundefined|[silent]
|switch|p1a: Alomomola|Alomomola, M|100/100
|-end|p2a: Kingambit|fallenundefined|[silent]
|switch|p2a: Weezing|Weezing-Galar, F|80/100
|
|upkeep
|turn|10
|
|t:|1780964765
|switch|p1a: Slowking|Slowking-Galar, F|72/100 brn
|move|p2a: Weezing|Will-O-Wisp|p1a: Slowking
|-fail|p1a: Slowking|brn
|
|-damage|p1a: Slowking|65/100 brn|[from] brn
|upkeep
|turn|11
|
|t:|1780964768
|switch|p2a: Kleavor|Kleavor, M|100/100
|move|p1a: Slowking|Future Sight|p2a: Kleavor
|-start|p1a: Slowking|move: Future Sight
|
|-damage|p1a: Slowking|59/100 brn|[from] brn
|upkeep
|turn|12
|
|t:|1780964773
|switch|p1a: Corviknight|Corviknight, M|100/100
|-ability|p1a: Corviknight|Pressure
|move|p2a: Kleavor|Stone Axe|p1a: Corviknight
|-damage|p1a: Corviknight|69/100
|-damage|p2a: Kleavor|84/100|[from] item: Rocky Helmet|[of] p1a: Corviknight
|-sidestart|p1: maple_syrup689hoe|move: Stealth Rock
|
|upkeep
|turn|13
|
|t:|1780964781
|switch|p2a: Kingambit|Kingambit, M|91/100
|move|p1a: Corviknight|Roost|p1a: Corviknight
|-heal|p1a: Corviknight|100/100
|-singleturn|p1a: Corviknight|move: Roost
|
|-end|p2a: Kingambit|move: Future Sight
|-immune|p2a: Kingambit
|-heal|p2a: Kingambit|97/100|[from] item: Leftovers
|upkeep
|turn|14
|
|t:|1780964796
|-end|p2a: Kingambit|fallenundefined|[silent]
|switch|p2a: Weezing|Weezing-Galar, F|80/100
|move|p1a: Corviknight|U-turn|p2a: Weezing
|-resisted|p2a: Weezing
|-damage|p2a: Weezing|77/100
|
|t:|1780964800
|switch|p1a: Kyurem|Kyurem|100/100|[from] U-turn
|-damage|p1a: Kyurem|76/100|[from] Stealth Rock
|-ability|p1a: Kyurem|Pressure
|
|upkeep
|turn|15
|
|t:|1780964805
|-terastallize|p2a: Weezing|Steel
|move|p1a: Kyurem|Ice Beam|p2a: Weezing
|-resisted|p2a: Weezing
|-damage|p2a: Weezing|43/100
|move|p2a: Weezing|Strange Steam|p1a: Kyurem
|-supereffective|p1a: Kyurem
|-damage|p1a: Kyurem|22/100
|
|upkeep
|turn|16
|
|t:|1780964810
|switch|p1a: Corviknight|Corviknight, M|100/100
|-damage|p1a: Corviknight|88/100|[from] Stealth Rock
|-ability|p1a: Corviknight|Pressure
|move|p2a: Weezing|Strange Steam|p1a: Corviknight
|-resisted|p1a: Corviknight
|-damage|p1a: Corviknight|75/100
|
|upkeep
|turn|17
|
|t:|1780964813
|move|p1a: Corviknight|Defog|p2a: Weezing
|-unboost|p2a: Weezing|evasion|1
|-sideend|p1: maple_syrup689hoe|Stealth Rock|[from] move: Defog|[of] p1a: Corviknight
|move|p2a: Weezing|Pain Split|p1a: Corviknight
|-sethp|p1a: Corviknight|56/100|[from] move: Pain Split|[silent]
|-sethp|p2a: Weezing|66/100|[from] move: Pain Split
|
|upkeep
|turn|18
|
|t:|1780964817
|switch|p1a: Alomomola|Alomomola, M|100/100
|move|p2a: Weezing|Will-O-Wisp|p1a: Alomomola
|-status|p1a: Alomomola|brn
|
|-damage|p1a: Alomomola|94/100 brn|[from] brn
|upkeep
|turn|19
|
|t:|1780964821
|switch|p2a: Ogerpon|Ogerpon-Wellspring, F|100/100
|move|p1a: Alomomola|Wish|p1a: Alomomola
|
|-damage|p1a: Alomomola|88/100 brn|[from] brn
|upkeep
|turn|20
|
|t:|1780964836
|switch|p1a: Corviknight|Corviknight, M|56/100
|-ability|p1a: Corviknight|Pressure
|move|p2a: Ogerpon|Ivy Cudgel|p1a: Corviknight|[anim] Ivy Cudgel Water
|-damage|p1a: Corviknight|20/100
|
|-heal|p1a: Corviknight|86/100|[from] move: Wish|[wisher] Alomomola
|upkeep
|turn|21
|
|t:|1780964855
|switch|p2a: Weezing|Weezing-Galar, F, tera:Steel|66/100
|move|p1a: Corviknight|Brave Bird|p2a: Weezing
|-resisted|p2a: Weezing
|-damage|p2a: Weezing|50/100
|-damage|p1a: Corviknight|82/100|[from] Recoil
|
|upkeep
|turn|22
|
|t:|1780964858
|switch|p1a: Alomomola|Alomomola, M|100/100 brn
|move|p2a: Weezing|Pain Split|p1a: Alomomola
|-sethp|p1a: Alomomola|66/100 brn|[from] move: Pain Split|[silent]
|-sethp|p2a: Weezing|100/100|[from] move: Pain Split
|
|-damage|p1a: Alomomola|60/100 brn|[from] brn
|upkeep
|turn|23
|
|t:|1780964872
|switch|p2a: Ogerpon|Ogerpon-Wellspring, F|100/100
|move|p1a: Alomomola|Wish|p1a: Alomomola
|
|-damage|p1a: Alomomola|53/100 brn|[from] brn
|upkeep
|turn|24
|
|t:|1780964878
|switch|p1a: Corviknight|Corviknight, M|82/100
|-ability|p1a: Corviknight|Pressure
|move|p2a: Ogerpon|Swords Dance|p2a: Ogerpon
|-boost|p2a: Ogerpon|atk|2
|
|-heal|p1a: Corviknight|100/100|[from] move: Wish|[wisher] Alomomola
|upkeep
|turn|25
|
|t:|1780964890
|move|p2a: Ogerpon|Ivy Cudgel|p1a: Corviknight|[anim] Ivy Cudgel Water
|-damage|p1a: Corviknight|35/100
|move|p1a: Corviknight|Brave Bird|p2a: Ogerpon
|-supereffective|p2a: Ogerpon
|-damage|p2a: Ogerpon|1/100
|-damage|p1a: Corviknight|10/100|[from] Recoil
|
|upkeep
|turn|26
|
|t:|1780964900
|switch|p1a: Kyurem|Kyurem|22/100
|-ability|p1a: Kyurem|Pressure
|move|p2a: Ogerpon|Ivy Cudgel|p1a: Kyurem|[anim] Ivy Cudgel Water
|-resisted|p1a: Kyurem
|-crit|p1a: Kyurem
|-damage|p1a: Kyurem|0 fnt
|faint|p1a: Kyurem
|
|upkeep
|
|t:|1780964903
|switch|p1a: Jolteon|Jolteon, M|100/100
|turn|27
|
|t:|1780964920
|switch|p2a: Goodra|Goodra-Hisui, F|35/100
|move|p1a: Jolteon|Thunderbolt|p2a: Goodra
|-resisted|p2a: Goodra
|-damage|p2a: Goodra|25/100
|-status|p2a: Goodra|par
|
|upkeep
|turn|28
|
|t:|1780964923
|move|p1a: Jolteon|Volt Switch|p2a: Goodra
|-resisted|p2a: Goodra
|-damage|p2a: Goodra|19/100 par
|
|t:|1780964927
|switch|p1a: Alomomola|Alomomola, M|87/100 brn|[from] Volt Switch
|move|p2a: Goodra|Draco Meteor|p1a: Alomomola
|-damage|p1a: Alomomola|6/100 brn
|-unboost|p2a: Goodra|spa|2
|
|-damage|p1a: Alomomola|0 fnt|[from] brn
|faint|p1a: Alomomola
|upkeep
|
|t:|1780964932
|switch|p1a: Corviknight|Corviknight, M|10/100
|-ability|p1a: Corviknight|Pressure
|turn|29
|
|t:|1780964936
|switch|p2a: Armarouge|Armarouge, F|100/100
|move|p1a: Corviknight|Roost|p1a: Corviknight
|-heal|p1a: Corviknight|60/100
|-singleturn|p1a: Corviknight|move: Roost
|
|upkeep
|turn|30
|
|t:|1780964940
|switch|p1a: Slowking|Slowking-Galar, F|93/100 brn
|move|p2a: Armarouge|Meteor Beam||[still]
|-prepare|p2a: Armarouge|Meteor Beam
|-boost|p2a: Armarouge|spa|1
|-enditem|p2a: Armarouge|Power Herb
|-anim|p2a: Armarouge|Meteor Beam|p1a: Slowking
|-damage|p1a: Slowking|57/100 brn
|
|-damage|p1a: Slowking|51/100 brn|[from] brn
|upkeep
|turn|31
|
|t:|1780964951
|-terastallize|p1a: Slowking|Water
|move|p2a: Armarouge|Psychic|p1a: Slowking
|-damage|p1a: Slowking|8/100 brn
|move|p1a: Slowking|Thunder Wave|p2a: Armarouge
|-status|p2a: Armarouge|par
|
|-damage|p1a: Slowking|2/100 brn|[from] brn
|upkeep
|turn|32
|
|t:|1780964957
|move|p2a: Armarouge|Psychic|p1a: Slowking
|-damage|p1a: Slowking|0 fnt
|faint|p1a: Slowking
|
|upkeep
|
|t:|1780964960
|switch|p1a: Jolteon|Jolteon, M|100/100
|turn|33
|
|t:|1780964965
|move|p1a: Jolteon|Volt Switch|p2a: Armarouge
|-damage|p2a: Armarouge|64/100 par
|
|t:|1780964968
|switch|p1a: Corviknight|Corviknight, M|60/100|[from] Volt Switch
|-ability|p1a: Corviknight|Pressure
|move|p2a: Armarouge|Armor Cannon|p1a: Corviknight
|-supereffective|p1a: Corviknight
|-damage|p1a: Corviknight|0 fnt
|-unboost|p2a: Armarouge|def|1
|-unboost|p2a: Armarouge|spd|1
|faint|p1a: Corviknight
|
|upkeep
|
|t:|1780964973
|switch|p1a: Kingambit|Kingambit, F|86/100
|-activate|p1a: Kingambit|ability: Supreme Overlord
|-start|p1a: Kingambit|fallen4|[silent]
|turn|34
|
|t:|1780964981
|move|p1a: Kingambit|Kowtow Cleave|p2a: Armarouge
|-supereffective|p2a: Armarouge
|-damage|p2a: Armarouge|0 fnt
|faint|p2a: Armarouge
|
|-heal|p1a: Kingambit|92/100|[from] item: Leftovers
|upkeep
|
|t:|1780964990
|switch|p2a: Kleavor|Kleavor, M|84/100
|turn|35
|
|t:|1780964995
|move|p1a: Kingambit|Sucker Punch|p2a: Kleavor
|-damage|p2a: Kleavor|6/100
|move|p2a: Kleavor|Close Combat|p1a: Kingambit
|-supereffective|p1a: Kingambit
|-damage|p1a: Kingambit|0 fnt
|-unboost|p2a: Kleavor|def|1
|-unboost|p2a: Kleavor|spd|1
|faint|p1a: Kingambit
|-end|p1a: Kingambit|fallen4|[silent]
|
|upkeep
|
|t:|1780964998
|switch|p1a: Jolteon|Jolteon, M|100/100
|turn|36
|-message|maple_syrup689hoe forfeited.
|
|win|CheetosD
|raw|maple_syrup689hoe's rating: 1577 &rarr; <strong>1557</strong><br />(-20 for losing)
|raw|CheetosD's rating: 1584 &rarr; <strong>1604</strong><br />(+20 for winning)
|l|☆maple_syrup689hoe
|player|p1|
|l|☆CheetosD
|player|p2|
