|j|☆Klopple
|j|☆isaac_gam3r
|t:|1781458252
|gametype|singles
|player|p1|Klopple|sailor|1743
|player|p2|isaac_gam3r|acetrainer-gen4dp|1791
|gen|9
|tier|[Gen 9] OU
|rated|
|rule|HP Percentage Mod: HP is shown in percentages
|rule|Endless Battle Clause: Forcing endless battles is banned
|rule|Species Clause: Limit one of each Pokémon
|rule|OHKO Clause: OHKO moves are banned
|rule|Evasion Items Clause: Evasion items are banned
|rule|Evasion Moves Clause: Evasion moves are banned
|rule|Evasion Abilities Clause: Evasion abilities are banned
|rule|Sleep Moves Clause: Sleep-inducing moves are banned
|clearpoke
|poke|p1|Arboliva, M|
|poke|p1|Gliscor, M|
|poke|p1|Iron Crown|
|poke|p1|Zamazenta-*|
|poke|p1|Hatterene, F|
|poke|p1|Dragonite, M|
|poke|p2|Primarina, F|
|poke|p2|Raging Bolt|
|poke|p2|Heatran, M|
|poke|p2|Weezing-Galar, M|
|poke|p2|Garchomp, M|
|poke|p2|Weavile, F|
|teampreview
|
|t:|1781458267
|teamsize|p1|6
|teamsize|p2|6
|start
|switch|p1a: Hatterene|Hatterene, F|100/100
|switch|p2a: Weavile|Weavile, F|100/100
|-ability|p2a: Weavile|Pressure
|turn|1
|inactive|Battle timer is ON: inactive players will automatically lose when time's up. (requested by isaac_gam3r)
|
|t:|1781458273
|switch|p2a: Heatran|Heatran, M|100/100
|move|p1a: Hatterene|Nuzzle|p2a: Heatran
|-damage|p2a: Heatran|97/100
|-status|p2a: Heatran|par
|
|upkeep
|turn|2
|
|t:|1781458278
|switch|p1a: Gliscor|Gliscor, M|100/100
|move|p2a: Heatran|Flash Cannon|p1a: Gliscor
|-damage|p1a: Gliscor|65/100
|
|-status|p1a: Gliscor|tox|[from] item: Toxic Orb
|upkeep
|turn|3
|
|t:|1781458285
|switch|p2a: Weezing|Weezing-Galar, M, shiny|100/100
|move|p1a: Gliscor|Stealth Rock|p2a: Weezing
|-sidestart|p2: isaac_gam3r|move: Stealth Rock
|
|-heal|p1a: Gliscor|78/100 tox|[from] ability: Poison Heal
|upkeep
|turn|4
|
|t:|1781458289
|move|p1a: Gliscor|Knock Off|p2a: Weezing
|-resisted|p2a: Weezing
|-damage|p2a: Weezing|93/100
|-enditem|p2a: Weezing|Black Sludge|[from] move: Knock Off|[of] p1a: Gliscor
|move|p2a: Weezing|Defog|p1a: Gliscor
|-unboost|p1a: Gliscor|evasion|1
|-sideend|p2: isaac_gam3r|Stealth Rock|[from] move: Defog|[of] p2a: Weezing
|
|-heal|p1a: Gliscor|90/100 tox|[from] ability: Poison Heal
|upkeep
|turn|5
|
|t:|1781458295
|move|p1a: Gliscor|Stealth Rock|p2a: Weezing
|-sidestart|p2: isaac_gam3r|move: Stealth Rock
|move|p2a: Weezing|Strange Steam|p1a: Gliscor
|-damage|p1a: Gliscor|67/100 tox
|
|-heal|p1a: Gliscor|80/100 tox|[from] ability: Poison Heal
|upkeep
|turn|6
|
|t:|1781458300
|move|p1a: Gliscor|Protect|p1a: Gliscor
|-singleturn|p1a: Gliscor|Protect
|move|p2a: Weezing|Defog|p1a: Gliscor
|-activate|p1a: Gliscor|move: Protect
|
|-heal|p1a: Gliscor|92/100 tox|[from] ability: Poison Heal
|upkeep
|turn|7
|
|t:|1781458304
|move|p1a: Gliscor|Stealth Rock||[still]
|-fail|p1a: Gliscor
|move|p2a: Weezing|Defog|p1a: Gliscor
|-unboost|p1a: Gliscor|evasion|1
|-sideend|p2: isaac_gam3r|Stealth Rock|[from] move: Defog|[of] p2a: Weezing
|
|-heal|p1a: Gliscor|100/100 tox|[from] ability: Poison Heal
|upkeep
|turn|8
|
|t:|1781458308
|switch|p2a: Primarina|Primarina, F, shiny|100/100
|move|p1a: Gliscor|Stealth Rock|p2a: Primarina
|-sidestart|p2: isaac_gam3r|move: Stealth Rock
|
|upkeep
|turn|9
|
|t:|1781458311
|switch|p1a: Arboliva|Arboliva, M|100/100
|move|p2a: Primarina|Calm Mind|p2a: Primarina
|-boost|p2a: Primarina|spa|1
|-boost|p2a: Primarina|spd|1
|
|upkeep
|turn|10
|
|t:|1781458316
|move|p2a: Primarina|Calm Mind|p2a: Primarina
|-boost|p2a: Primarina|spa|1
|-boost|p2a: Primarina|spd|1
|move|p1a: Arboliva|Energy Ball|p2a: Primarina
|-supereffective|p2a: Primarina
|-damage|p2a: Primarina|59/100
|
|-heal|p2a: Primarina|65/100|[from] item: Leftovers
|upkeep
|turn|11
|
|t:|1781458319
|move|p2a: Primarina|Draining Kiss|p1a: Arboliva
|-damage|p1a: Arboliva|54/100
|-heal|p2a: Primarina|99/100|[from] drain|[of] p1a: Arboliva
|move|p1a: Arboliva|Energy Ball|p2a: Primarina
|-supereffective|p2a: Primarina
|-damage|p2a: Primarina|57/100
|
|-heal|p2a: Primarina|63/100|[from] item: Leftovers
|upkeep
|turn|12
|
|t:|1781458324
|move|p2a: Primarina|Draining Kiss|p1a: Arboliva
|-damage|p1a: Arboliva|3/100
|-heal|p2a: Primarina|100/100|[from] drain|[of] p1a: Arboliva
|move|p1a: Arboliva|Energy Ball|p2a: Primarina
|-supereffective|p2a: Primarina
|-damage|p2a: Primarina|59/100
|
|-heal|p2a: Primarina|65/100|[from] item: Leftovers
|upkeep
|turn|13
|-enditem|p1a: Arboliva|Custap Berry|[eat]
|-activate|p1a: Arboliva|item: Custap Berry|[consumed]
|
|t:|1781458328
|move|p1a: Arboliva|Energy Ball|p2a: Primarina
|-supereffective|p2a: Primarina
|-damage|p2a: Primarina|24/100
|move|p2a: Primarina|Draining Kiss|p1a: Arboliva
|-damage|p1a: Arboliva|0 fnt
|-heal|p2a: Primarina|25/100|[from] drain|[of] p1a: Arboliva
|faint|p1a: Arboliva
|
|-heal|p2a: Primarina|31/100|[from] item: Leftovers
|upkeep
|j| deadbyflinch
|
|t:|1781458339
|switch|p1a: Iron Crown|Iron Crown|100/100
|turn|14
|
|t:|1781458343
|move|p2a: Primarina|Protect|p2a: Primarina
|-singleturn|p2a: Primarina|Protect
|move|p1a: Iron Crown|Psychic Noise|p2a: Primarina
|-activate|p2a: Primarina|move: Protect
|
|-heal|p2a: Primarina|37/100|[from] item: Leftovers
|upkeep
|turn|15
|
|t:|1781458346
|move|p1a: Iron Crown|Psychic Noise|p2a: Primarina
|-damage|p2a: Primarina|21/100
|-start|p2a: Primarina|move: Heal Block
|move|p2a: Primarina|Sparkling Aria|p1a: Iron Crown
|-damage|p1a: Iron Crown|1/100
|
|upkeep
|turn|16
|
|t:|1781458354
|move|p2a: Primarina|Protect|p2a: Primarina
|-singleturn|p2a: Primarina|Protect
|move|p1a: Iron Crown|Tachyon Cutter|p2a: Primarina
|-activate|p2a: Primarina|move: Protect
|
|-end|p2a: Primarina|move: Heal Block
|upkeep
|turn|17
|
|t:|1781458357
|move|p1a: Iron Crown|Tachyon Cutter|p2a: Primarina
|-damage|p2a: Primarina|11/100
|-damage|p2a: Primarina|1/100
|-hitcount|p2a: Primarina|2
|move|p2a: Primarina|Sparkling Aria|p1a: Iron Crown
|-damage|p1a: Iron Crown|0 fnt
|faint|p1a: Iron Crown
|-end|p1a: Iron Crown|Quark Drive|[silent]
|
|-heal|p2a: Primarina|7/100|[from] item: Leftovers
|upkeep
|
|t:|1781458367
|switch|p1a: Dragonite|Dragonite, M|100/100
|turn|18
|
|t:|1781458370
|switch|p2a: Weezing|Weezing-Galar, M, shiny|93/100
|-damage|p2a: Weezing|81/100|[from] Stealth Rock
|move|p1a: Dragonite|Extreme Speed|p2a: Weezing
|-damage|p2a: Weezing|61/100
|
|upkeep
|turn|19
|
|t:|1781458376
|switch|p1a: Hatterene|Hatterene, F|100/100
|move|p2a: Weezing|Defog|p1a: Hatterene
|move|p1a: Hatterene|Defog|p2a: Weezing|[from] ability: Magic Bounce
|-unboost|p2a: Weezing|evasion|1
|-sideend|p2: isaac_gam3r|Stealth Rock|[from] move: Defog|[of] p1a: Hatterene
|
|upkeep
|turn|20
|
|t:|1781458384
|switch|p2a: Heatran|Heatran, M|97/100 par
|move|p1a: Hatterene|Psychic Noise|p2a: Heatran
|-resisted|p2a: Heatran
|-damage|p2a: Heatran|87/100 par
|-start|p2a: Heatran|move: Heal Block
|
|upkeep
|turn|21
|
|t:|1781458389
|switch|p1a: Gliscor|Gliscor, M|100/100 tox
|switch|p2a: Weavile|Weavile, F|100/100
|-ability|p2a: Weavile|Pressure
|
|upkeep
|turn|22
|
|t:|1781458403
|-terastallize|p1a: Gliscor|Water
|move|p2a: Weavile|Triple Axel|p1a: Gliscor
|-resisted|p1a: Gliscor
|-damage|p1a: Gliscor|97/100 tox
|-resisted|p1a: Gliscor
|-damage|p1a: Gliscor|90/100 tox
|-resisted|p1a: Gliscor
|-damage|p1a: Gliscor|79/100 tox
|-hitcount|p1a: Gliscor|3
|move|p1a: Gliscor|Stealth Rock|p2a: Weavile
|-sidestart|p2: isaac_gam3r|move: Stealth Rock
|
|-heal|p1a: Gliscor|91/100 tox|[from] ability: Poison Heal
|upkeep
|turn|23
|
|t:|1781458412
|switch|p2a: Weezing|Weezing-Galar, M, shiny|61/100
|-damage|p2a: Weezing|48/100|[from] Stealth Rock
|move|p1a: Gliscor|Knock Off|p2a: Weezing
|-resisted|p2a: Weezing
|-damage|p2a: Weezing|44/100
|
|-heal|p1a: Gliscor|100/100 tox|[from] ability: Poison Heal
|upkeep
|turn|24
|
|t:|1781458417
|switch|p1a: Hatterene|Hatterene, F|100/100
|move|p2a: Weezing|Defog|p1a: Hatterene
|move|p1a: Hatterene|Defog|p2a: Weezing|[from] ability: Magic Bounce
|-unboost|p2a: Weezing|evasion|1
|-sideend|p2: isaac_gam3r|Stealth Rock|[from] move: Defog|[of] p1a: Hatterene
|
|upkeep
|turn|25
|
|t:|1781458422
|switch|p2a: Heatran|Heatran, M|87/100 par
|move|p1a: Hatterene|Psychic Noise|p2a: Heatran
|-resisted|p2a: Heatran
|-damage|p2a: Heatran|77/100 par
|-start|p2a: Heatran|move: Heal Block
|
|upkeep
|turn|26
|
|t:|1781458427
|switch|p1a: Gliscor|Gliscor, M, tera:Water|100/100 tox
|switch|p2a: Primarina|Primarina, F, shiny|7/100
|
|-heal|p2a: Primarina|13/100|[from] item: Leftovers
|upkeep
|turn|27
|
|t:|1781458431
|move|p1a: Gliscor|Earthquake|p2a: Primarina
|-damage|p2a: Primarina|0 fnt
|faint|p2a: Primarina
|
|upkeep
|
|t:|1781458433
|switch|p2a: Raging Bolt|Raging Bolt|100/100
|turn|28
|
|t:|1781458438
|move|p1a: Gliscor|Protect|p1a: Gliscor
|-singleturn|p1a: Gliscor|Protect
|move|p2a: Raging Bolt|Calm Mind|p2a: Raging Bolt
|-boost|p2a: Raging Bolt|spa|1
|-boost|p2a: Raging Bolt|spd|1
|
|upkeep
|turn|29
|
|t:|1781458448
|move|p1a: Gliscor|Earthquake|p2a: Raging Bolt
|-supereffective|p2a: Raging Bolt
|-damage|p2a: Raging Bolt|50/100
|move|p2a: Raging Bolt|Thunderbolt|p1a: Gliscor
|-supereffective|p1a: Gliscor
|-damage|p1a: Gliscor|0 fnt
|faint|p1a: Gliscor
|
|-heal|p2a: Raging Bolt|56/100|[from] item: Leftovers
|upkeep
|
|t:|1781458454
|switch|p1a: Zamazenta|Zamazenta|100/100
|-ability|p1a: Zamazenta|Dauntless Shield|boost
|-boost|p1a: Zamazenta|def|1
|turn|30
|
|t:|1781458460
|move|p1a: Zamazenta|Close Combat|p2a: Raging Bolt
|-damage|p2a: Raging Bolt|0 fnt
|-unboost|p1a: Zamazenta|def|1
|-unboost|p1a: Zamazenta|spd|1
|faint|p2a: Raging Bolt
|-end|p2a: Raging Bolt|Protosynthesis|[silent]
|
|upkeep
|
|t:|1781458465
|switch|p2a: Weezing|Weezing-Galar, M, shiny|44/100
|turn|31
|
|t:|1781458470
|move|p1a: Zamazenta|Heavy Slam|p2a: Weezing
|-supereffective|p2a: Weezing
|-damage|p2a: Weezing|0 fnt
|faint|p2a: Weezing
|
|upkeep
|
|t:|1781458473
|switch|p2a: Garchomp|Garchomp, M|100/100
|turn|32
|
|t:|1781458475
|move|p2a: Garchomp|Earthquake|p1a: Zamazenta
|-damage|p1a: Zamazenta|54/100
|move|p1a: Zamazenta|Ice Fang|p2a: Garchomp
|-supereffective|p2a: Garchomp
|-damage|p2a: Garchomp|10/100
|-damage|p1a: Zamazenta|41/100|[from] ability: Rough Skin|[of] p2a: Garchomp
|
|upkeep
|turn|33
|
|t:|1781458481
|switch|p1a: Dragonite|Dragonite, M|100/100
|move|p2a: Garchomp|Earthquake|p1a: Dragonite
|-immune|p1a: Dragonite
|
|upkeep
|turn|34
|
|t:|1781458486
|switch|p2a: Heatran|Heatran, M|77/100 par
|move|p1a: Dragonite|Earthquake|p2a: Heatran
|-supereffective|p2a: Heatran
|-damage|p2a: Heatran|0 fnt
|faint|p2a: Heatran
|
|upkeep
|
|t:|1781458488
|switch|p2a: Weavile|Weavile, F|100/100
|-ability|p2a: Weavile|Pressure
|turn|35
|
|t:|1781458493
|switch|p1a: Hatterene|Hatterene, F|100/100
|move|p2a: Weavile|Triple Axel|p1a: Hatterene
|-damage|p1a: Hatterene|93/100
|-damage|p2a: Weavile|84/100|[from] item: Rocky Helmet|[of] p1a: Hatterene
|-damage|p1a: Hatterene|76/100
|-damage|p2a: Weavile|68/100|[from] item: Rocky Helmet|[of] p1a: Hatterene
|-damage|p1a: Hatterene|49/100
|-damage|p2a: Weavile|51/100|[from] item: Rocky Helmet|[of] p1a: Hatterene
|-hitcount|p1a: Hatterene|3
|
|upkeep
|turn|36
|
|t:|1781458503
|move|p2a: Weavile|Triple Axel|p1a: Hatterene|[miss]
|-miss|p2a: Weavile|p1a: Hatterene
|move|p1a: Hatterene|Draining Kiss|p2a: Weavile
|-supereffective|p2a: Weavile
|-damage|p2a: Weavile|0 fnt
|-heal|p1a: Hatterene|83/100|[from] drain|[of] p2a: Weavile
|faint|p2a: Weavile
|
|upkeep
|-message|isaac_gam3r forfeited.
|
|win|Klopple
|raw|Klopple's rating: 1743 &rarr; <strong>1766</strong><br />(+23 for winning)
|raw|isaac_gam3r's rating: 1791 &rarr; <strong>1768</strong><br />(-23 for losing)
|l|☆isaac_gam3r
|player|p2|
|l|☆Klopple
|player|p1|
|j|☆isaac_gam3r
|player|p2|isaac_gam3r|acetrainer-gen4dp|
|l|☆isaac_gam3r
|player|p2|
|l| deadbyflinch
