|j|☆blackgokuking
|j|☆power of sound
|t:|1781120745
|gametype|singles
|player|p1|blackgokuking|101|1673
|player|p2|power of sound|2|1784
|gen|9
|tier|[Gen 9] OU
|rated|
|rule|HP Percentage Mod: HP is shown in percentages
|rule|Endless Battle Clause: Forcing endless battles is banned
|rule|Species Clause: Limit one of each Pokémon
|rule|OHKO Clause: OHKO moves are banned
|rule|Evasion Items Clause: Evasion items are banned
|rule|Evasion Moves Clause: Evasion moves are banned
|rule|Evasion Abilities Clause: Evasion abilities are banned
|rule|Sleep Moves Clause: Sleep-inducing moves are banned
|clearpoke
|poke|p1|Kingambit, M|
|poke|p1|Kommo-o, F|
|poke|p1|Iron Valiant|
|poke|p1|Kyurem|
|poke|p1|Iron Treads|
|poke|p1|Iron Crown|
|poke|p2|Gliscor, F|
|poke|p2|Blissey, F|
|poke|p2|Clodsire, M|
|poke|p2|Clefable, F|
|poke|p2|Pecharunt|
|poke|p2|Skarmory, F|
|teampreview
|c|☆blackgokuking|NAWRRRRR
|c|☆power of sound|im sorry gng ..
|c|☆blackgokuking|i just wanted to play one more game and get off
|
|t:|1781120791
|teamsize|p1|6
|teamsize|p2|6
|start
|switch|p1a: Iron Treads|Iron Treads|100/100
|switch|p2a: Gliscor|Gliscor, F|100/100
|-enditem|p1a: Iron Treads|Booster Energy
|-activate|p1a: Iron Treads|ability: Quark Drive|[fromitem]
|-start|p1a: Iron Treads|quarkdrivespe
|turn|1
|j| gorduricap
|
|t:|1781120798
|move|p2a: Gliscor|Protect|p2a: Gliscor
|-singleturn|p2a: Gliscor|Protect
|move|p1a: Iron Treads|Stealth Rock|p2a: Gliscor
|-sidestart|p2: power of sound|move: Stealth Rock
|
|-status|p2a: Gliscor|tox|[from] item: Toxic Orb
|upkeep
|turn|2
|c| gorduricap|Im so sorry
|c|☆blackgokuking|you're good dw
|
|t:|1781120827
|-end|p1a: Iron Treads|Quark Drive|[silent]
|switch|p1a: Kommo-o|Kommo-o, F|100/100
|switch|p2a: Skarmory|Skarmory, F|100/100
|-damage|p2a: Skarmory|88/100|[from] Stealth Rock
|
|upkeep
|turn|3
|c|☆power of sound|im practicing for a tournament game i wouldn't be this cruel otherwise
|
|t:|1781120837
|switch|p2a: Clefable|Clefable, F|100/100
|move|p1a: Kommo-o|Substitute|p1a: Kommo-o
|-start|p1a: Kommo-o|Substitute
|-damage|p1a: Kommo-o|75/100
|
|-heal|p1a: Kommo-o|82/100|[from] item: Leftovers
|upkeep
|turn|4
|c| gorduricap|I mean I'm sorry you have to face stall
|c|☆blackgokuking|dw about it i know what i signed up for
|
|t:|1781120869
|move|p1a: Kommo-o|Shadow Claw|p2a: Clefable
|-damage|p2a: Clefable|87/100
|-damage|p1a: Kommo-o|65/100|[from] item: Rocky Helmet|[of] p2a: Clefable
|move|p2a: Clefable|Moonblast|p1a: Kommo-o
|-supereffective|p1a: Kommo-o
|-end|p1a: Kommo-o|Substitute
|
|-heal|p1a: Kommo-o|72/100|[from] item: Leftovers
|upkeep
|turn|5
|
|t:|1781120875
|switch|p1a: Iron Treads|Iron Treads|100/100
|move|p2a: Clefable|Moonblast|p1a: Iron Treads
|-resisted|p1a: Iron Treads
|-damage|p1a: Iron Treads|82/100
|
|upkeep
|turn|6
|j| cachowcapow
|
|t:|1781120882
|switch|p2a: Skarmory|Skarmory, F|88/100
|-damage|p2a: Skarmory|76/100|[from] Stealth Rock
|move|p1a: Iron Treads|Earthquake|p2a: Skarmory
|-immune|p2a: Skarmory
|
|upkeep
|turn|7
|
|t:|1781120890
|-end|p1a: Iron Treads|Quark Drive|[silent]
|switch|p1a: Kommo-o|Kommo-o, F|72/100
|move|p2a: Skarmory|Spikes|p1a: Kommo-o
|-sidestart|p1: blackgokuking|Spikes
|
|-heal|p1a: Kommo-o|78/100|[from] item: Leftovers
|upkeep
|turn|8
|
|t:|1781120901
|switch|p2a: Clefable|Clefable, F|87/100
|move|p1a: Kommo-o|Clangorous Soul|p1a: Kommo-o
|-boost|p1a: Kommo-o|atk|1
|-boost|p1a: Kommo-o|def|1
|-boost|p1a: Kommo-o|spa|1
|-boost|p1a: Kommo-o|spd|1
|-boost|p1a: Kommo-o|spe|1
|-damage|p1a: Kommo-o|45/100
|
|-heal|p1a: Kommo-o|51/100|[from] item: Leftovers
|upkeep
|turn|9
|
|t:|1781120904
|move|p1a: Kommo-o|Shadow Claw|p2a: Clefable
|-damage|p2a: Clefable|66/100
|-damage|p1a: Kommo-o|35/100|[from] item: Rocky Helmet|[of] p2a: Clefable
|move|p2a: Clefable|Moonblast|p1a: Kommo-o
|-supereffective|p1a: Kommo-o
|-crit|p1a: Kommo-o
|-damage|p1a: Kommo-o|0 fnt
|faint|p1a: Kommo-o
|
|upkeep
|
|t:|1781120910
|switch|p1a: Iron Crown|Iron Crown|100/100
|-damage|p1a: Iron Crown|88/100|[from] Spikes
|-enditem|p1a: Iron Crown|Booster Energy
|-activate|p1a: Iron Crown|ability: Quark Drive|[fromitem]
|-start|p1a: Iron Crown|quarkdrivespe
|turn|10
|
|t:|1781120931
|move|p1a: Iron Crown|Calm Mind|p1a: Iron Crown
|-boost|p1a: Iron Crown|spa|1
|-boost|p1a: Iron Crown|spd|1
|move|p2a: Clefable|Thunder Wave|p1a: Iron Crown
|-status|p1a: Iron Crown|par
|
|upkeep
|turn|11
|l| gorduricap
|
|t:|1781120941
|switch|p2a: Clodsire|Clodsire, M|100/100
|move|p1a: Iron Crown|Calm Mind|p1a: Iron Crown
|-boost|p1a: Iron Crown|spa|1
|-boost|p1a: Iron Crown|spd|1
|
|upkeep
|turn|12
|
|t:|1781120966
|cant|p1a: Iron Crown|par
|move|p2a: Clodsire|Earthquake|p1a: Iron Crown
|-supereffective|p1a: Iron Crown
|-damage|p1a: Iron Crown|39/100 par
|
|upkeep
|turn|13
|
|t:|1781120971
|move|p1a: Iron Crown|Psychic Noise|p2a: Clodsire
|-supereffective|p2a: Clodsire
|-damage|p2a: Clodsire|62/100
|-start|p2a: Clodsire|move: Heal Block
|move|p2a: Clodsire|Earthquake|p1a: Iron Crown
|-supereffective|p1a: Iron Crown
|-damage|p1a: Iron Crown|0 fnt
|faint|p1a: Iron Crown
|-end|p1a: Iron Crown|Quark Drive|[silent]
|
|upkeep
|
|t:|1781120980
|switch|p1a: Kyurem|Kyurem|100/100
|-damage|p1a: Kyurem|88/100|[from] Spikes
|-ability|p1a: Kyurem|Pressure
|turn|14
|
|t:|1781120987
|switch|p2a: Blissey|Blissey, F|100/100
|move|p1a: Kyurem|Icicle Spear|p2a: Blissey
|-damage|p2a: Blissey|87/100
|-damage|p2a: Blissey|73/100
|-damage|p2a: Blissey|60/100
|-damage|p2a: Blissey|45/100
|-hitcount|p2a: Blissey|4
|
|upkeep
|turn|15
|
|t:|1781121020
|-terastallize|p2a: Blissey|Water
|move|p1a: Kyurem|Icicle Spear|p2a: Blissey
|-resisted|p2a: Blissey
|-damage|p2a: Blissey|38/100
|-resisted|p2a: Blissey
|-damage|p2a: Blissey|32/100
|-resisted|p2a: Blissey
|-damage|p2a: Blissey|26/100
|-resisted|p2a: Blissey
|-damage|p2a: Blissey|20/100
|-resisted|p2a: Blissey
|-damage|p2a: Blissey|13/100
|-hitcount|p2a: Blissey|5
|move|p2a: Blissey|Soft-Boiled|p2a: Blissey
|-heal|p2a: Blissey|63/100
|
|upkeep
|turn|16
|
|t:|1781121025
|move|p1a: Kyurem|Dragon Dance|p1a: Kyurem
|-boost|p1a: Kyurem|atk|1
|-boost|p1a: Kyurem|spe|1
|move|p2a: Blissey|Soft-Boiled|p2a: Blissey
|-heal|p2a: Blissey|100/100
|
|upkeep
|turn|17
|
|t:|1781121029
|move|p1a: Kyurem|Scale Shot|p2a: Blissey
|-crit|p2a: Blissey
|-damage|p2a: Blissey|71/100
|-damage|p2a: Blissey|53/100
|-damage|p2a: Blissey|35/100
|-damage|p2a: Blissey|16/100
|-damage|p2a: Blissey|0 fnt
|faint|p2a: Blissey
|-hitcount|p2: Blissey|5
|-unboost|p1a: Kyurem|def|1
|-boost|p1a: Kyurem|spe|1
|
|upkeep
|
|t:|1781121034
|switch|p2a: Skarmory|Skarmory, F|76/100
|-damage|p2a: Skarmory|64/100|[from] Stealth Rock
|turn|18
|
|t:|1781121066
|move|p1a: Kyurem|Icicle Spear|p2a: Skarmory
|-damage|p2a: Skarmory|53/100
|-damage|p2a: Skarmory|41/100
|-damage|p2a: Skarmory|30/100
|-damage|p2a: Skarmory|19/100
|-damage|p2a: Skarmory|8/100
|-hitcount|p2a: Skarmory|5
|move|p2a: Skarmory|Body Press|p1a: Kyurem
|-supereffective|p1a: Kyurem
|-damage|p1a: Kyurem|0 fnt
|faint|p1a: Kyurem
|
|upkeep
|
|t:|1781121078
|switch|p1a: Iron Valiant|Iron Valiant|100/100
|-damage|p1a: Iron Valiant|88/100|[from] Spikes
|-enditem|p1a: Iron Valiant|Booster Energy
|-activate|p1a: Iron Valiant|ability: Quark Drive|[fromitem]
|-start|p1a: Iron Valiant|quarkdrivespe
|turn|19
|
|t:|1781121088
|move|p1a: Iron Valiant|Shadow Ball|p2a: Skarmory
|-damage|p2a: Skarmory|0 fnt
|faint|p2a: Skarmory
|
|upkeep
|
|t:|1781121091
|switch|p2a: Clodsire|Clodsire, M|62/100
|turn|20
|j| nepturee
|
|t:|1781121099
|move|p1a: Iron Valiant|Shadow Ball|p2a: Clodsire
|-damage|p2a: Clodsire|48/100
|move|p2a: Clodsire|Recover|p2a: Clodsire
|-heal|p2a: Clodsire|99/100
|
|upkeep
|turn|21
|
|t:|1781121102
|move|p1a: Iron Valiant|Shadow Ball|p2a: Clodsire
|-damage|p2a: Clodsire|85/100
|move|p2a: Clodsire|Earthquake|p1a: Iron Valiant
|-damage|p1a: Iron Valiant|51/100
|
|upkeep
|turn|22
|
|t:|1781121106
|move|p1a: Iron Valiant|Shadow Ball|p2a: Clodsire
|-damage|p2a: Clodsire|71/100
|move|p2a: Clodsire|Toxic|p1a: Iron Valiant
|-status|p1a: Iron Valiant|tox
|
|-damage|p1a: Iron Valiant|45/100 tox|[from] psn
|upkeep
|turn|23
|
|t:|1781121109
|move|p1a: Iron Valiant|Shadow Ball|p2a: Clodsire
|-damage|p2a: Clodsire|56/100
|-unboost|p2a: Clodsire|spd|1
|move|p2a: Clodsire|Recover|p2a: Clodsire
|-heal|p2a: Clodsire|100/100
|
|-damage|p1a: Iron Valiant|33/100 tox|[from] psn
|upkeep
|turn|24
|
|t:|1781121115
|switch|p2a: Gliscor|Gliscor, F|100/100 tox
|-damage|p2a: Gliscor|88/100 tox|[from] Stealth Rock
|move|p1a: Iron Valiant|Moonblast|p2a: Gliscor
|-damage|p2a: Gliscor|46/100 tox
|-unboost|p2a: Gliscor|spa|1
|
|-damage|p1a: Iron Valiant|14/100 tox|[from] psn
|-heal|p2a: Gliscor|58/100 tox|[from] ability: Poison Heal
|upkeep
|turn|25
|
|t:|1781121118
|move|p2a: Gliscor|Protect|p2a: Gliscor
|-singleturn|p2a: Gliscor|Protect
|move|p1a: Iron Valiant|Moonblast|p2a: Gliscor
|-activate|p2a: Gliscor|move: Protect
|
|-damage|p1a: Iron Valiant|0 fnt|[from] psn
|faint|p1a: Iron Valiant
|-end|p1a: Iron Valiant|Quark Drive|[silent]
|-heal|p2a: Gliscor|71/100 tox|[from] ability: Poison Heal
|upkeep
|
|t:|1781121121
|switch|p1a: Iron Treads|Iron Treads|82/100
|-damage|p1a: Iron Treads|70/100|[from] Spikes
|turn|26
|
|t:|1781121131
|switch|p2a: Clefable|Clefable, F|66/100
|move|p1a: Iron Treads|Rapid Spin|p2a: Clefable
|-damage|p2a: Clefable|56/100
|-boost|p1a: Iron Treads|spe|1
|-damage|p1a: Iron Treads|53/100|[from] item: Rocky Helmet|[of] p2a: Clefable
|-sideend|p1: blackgokuking|Spikes|[from] move: Rapid Spin|[of] p1a: Iron Treads
|
|upkeep
|turn|27
|
|t:|1781121134
|move|p1a: Iron Treads|Earthquake|p2a: Clefable
|-damage|p2a: Clefable|24/100
|move|p2a: Clefable|Moonlight|p2a: Clefable
|-heal|p2a: Clefable|74/100
|
|upkeep
|turn|28
|
|t:|1781121137
|move|p1a: Iron Treads|Earthquake|p2a: Clefable
|-damage|p2a: Clefable|47/100
|move|p2a: Clefable|Moonlight|p2a: Clefable
|-heal|p2a: Clefable|97/100
|
|upkeep
|turn|29
|
|t:|1781121142
|move|p1a: Iron Treads|Earthquake|p2a: Clefable
|-damage|p2a: Clefable|69/100
|move|p2a: Clefable|Moonblast|p1a: Iron Treads
|-resisted|p1a: Iron Treads
|-damage|p1a: Iron Treads|35/100
|
|upkeep
|turn|30
|
|t:|1781121147
|move|p1a: Iron Treads|Earthquake|p2a: Clefable
|-damage|p2a: Clefable|38/100
|move|p2a: Clefable|Moonlight|p2a: Clefable
|-heal|p2a: Clefable|88/100
|
|upkeep
|turn|31
|
|t:|1781121155
|move|p1a: Iron Treads|Earthquake|p2a: Clefable
|-damage|p2a: Clefable|56/100
|move|p2a: Clefable|Calm Mind|p2a: Clefable
|-boost|p2a: Clefable|spa|1
|-boost|p2a: Clefable|spd|1
|
|upkeep
|turn|32
|
|t:|1781121160
|move|p1a: Iron Treads|Earthquake|p2a: Clefable
|-damage|p2a: Clefable|26/100
|move|p2a: Clefable|Moonlight|p2a: Clefable
|-heal|p2a: Clefable|76/100
|
|upkeep
|turn|33
|
|t:|1781121163
|move|p1a: Iron Treads|Endeavor|p2a: Clefable
|-damage|p2a: Clefable|34/100
|-damage|p1a: Iron Treads|18/100|[from] item: Rocky Helmet|[of] p2a: Clefable
|move|p2a: Clefable|Moonlight|p2a: Clefable
|-heal|p2a: Clefable|84/100
|
|upkeep
|turn|34
|
|t:|1781121170
|move|p1a: Iron Treads|Endeavor|p2a: Clefable
|-damage|p2a: Clefable|18/100
|-damage|p1a: Iron Treads|2/100|[from] item: Rocky Helmet|[of] p2a: Clefable
|move|p2a: Clefable|Moonlight|p2a: Clefable
|-heal|p2a: Clefable|68/100
|
|upkeep
|turn|35
|
|t:|1781121179
|move|p1a: Iron Treads|Endeavor|p2a: Clefable
|-damage|p2a: Clefable|2/100
|-damage|p1a: Iron Treads|0 fnt|[from] item: Rocky Helmet|[of] p2a: Clefable
|faint|p1a: Iron Treads
|-end|p1a: Iron Treads|Quark Drive|[silent]
|move|p2a: Clefable|Calm Mind|p2a: Clefable
|-boost|p2a: Clefable|spa|1
|-boost|p2a: Clefable|spd|1
|
|upkeep
|
|t:|1781121182
|switch|p1a: Kingambit|Kingambit, M|100/100
|-activate|p1a: Kingambit|ability: Supreme Overlord
|-start|p1a: Kingambit|fallen5|[silent]
|turn|36
|
|t:|1781121186
|move|p1a: Kingambit|Iron Head|p2a: Clefable
|-supereffective|p2a: Clefable
|-damage|p2a: Clefable|0 fnt
|-damage|p1a: Kingambit|84/100|[from] item: Rocky Helmet|[of] p2a: Clefable
|faint|p2a: Clefable
|
|-heal|p1a: Kingambit|90/100|[from] item: Leftovers
|upkeep
|
|t:|1781121193
|switch|p2a: Gliscor|Gliscor, F|71/100 tox
|-damage|p2a: Gliscor|58/100 tox|[from] Stealth Rock
|turn|37
|
|t:|1781121198
|move|p2a: Gliscor|Knock Off|p1a: Kingambit
|-resisted|p1a: Kingambit
|-damage|p1a: Kingambit|80/100
|-enditem|p1a: Kingambit|Leftovers|[from] move: Knock Off|[of] p2a: Gliscor
|move|p1a: Kingambit|Swords Dance|p1a: Kingambit
|-boost|p1a: Kingambit|atk|2
|
|-heal|p2a: Gliscor|71/100 tox|[from] ability: Poison Heal
|upkeep
|turn|38
|
|t:|1781121204
|move|p2a: Gliscor|Protect|p2a: Gliscor
|-singleturn|p2a: Gliscor|Protect
|move|p1a: Kingambit|Sucker Punch||[still]
|-fail|p1a: Kingambit
|
|-heal|p2a: Gliscor|83/100 tox|[from] ability: Poison Heal
|upkeep
|turn|39
|
|t:|1781121208
|move|p1a: Kingambit|Sucker Punch|p2a: Gliscor
|-damage|p2a: Gliscor|0 fnt
|faint|p2a: Gliscor
|
|upkeep
|
|t:|1781121218
|switch|p2a: Clodsire|Clodsire, M|100/100
|turn|40
|
|t:|1781121222
|move|p1a: Kingambit|Iron Head|p2a: Clodsire
|-damage|p2a: Clodsire|23/100
|move|p2a: Clodsire|Earthquake|p1a: Kingambit
|-supereffective|p1a: Kingambit
|-damage|p1a: Kingambit|34/100
|
|upkeep
|turn|41
|
|t:|1781121226
|move|p1a: Kingambit|Iron Head|p2a: Clodsire
|-damage|p2a: Clodsire|0 fnt
|faint|p2a: Clodsire
|
|upkeep
|
|t:|1781121230
|switch|p2a: Pecharunt|Pecharunt|100/100
|turn|42
|
|t:|1781121234
|move|p1a: Kingambit|Sucker Punch|p2a: Pecharunt
|-supereffective|p2a: Pecharunt
|-damage|p2a: Pecharunt|0 fnt
|faint|p2a: Pecharunt
|
|win|blackgokuking
|raw|blackgokuking's rating: 1673 &rarr; <strong>1699</strong><br />(+26 for winning)
|raw|power of sound's rating: 1784 &rarr; <strong>1758</strong><br />(-26 for losing)
|c|☆blackgokuking|gg
