|badge|p1|bronze|gen9ubers|100-9
|uhtml|medal-msg|<div class="broadcast-blue">Curious what those medals under the avatar are? PS now has Ladder Seasons! For more information, check out the <a href="https://www.smogon.com/forums/threads/3740067/">thread on Smogon.</a></div>
|j|☆goodnightnite
|j|☆JacquesDeAlderberg
|t:|1780916827
|gametype|singles
|player|p1|goodnightnite|miku-water|1611
|player|p2|JacquesDeAlderberg|2|1780
|gen|9
|tier|[Gen 9] OU
|rated|
|rule|HP Percentage Mod: HP is shown in percentages
|rule|Endless Battle Clause: Forcing endless battles is banned
|rule|Species Clause: Limit one of each Pokémon
|rule|OHKO Clause: OHKO moves are banned
|rule|Evasion Items Clause: Evasion items are banned
|rule|Evasion Moves Clause: Evasion moves are banned
|rule|Evasion Abilities Clause: Evasion abilities are banned
|rule|Sleep Moves Clause: Sleep-inducing moves are banned
|clearpoke
|poke|p1|Latios, M|
|poke|p1|Ogerpon-Wellspring, F|
|poke|p1|Iron Treads|
|poke|p1|Ceruledge, M|
|poke|p1|Zamazenta-*|
|poke|p1|Darkrai|
|poke|p2|Hoopa-Unbound|
|poke|p2|Pecharunt|
|poke|p2|Landorus-Therian, M|
|poke|p2|Cinderace, M|
|poke|p2|Alomomola, M|
|poke|p2|Iron Valiant|
|teampreview
|inactive|Battle timer is ON: inactive players will automatically lose when time's up. (requested by goodnightnite)
|
|t:|1780916836
|teamsize|p1|6
|teamsize|p2|6
|start
|switch|p1a: ZamaZinZadderin|Zamazenta|100/100
|switch|p2a: Liberacy|Cinderace, M, shiny|100/100
|-ability|p1a: ZamaZinZadderin|Dauntless Shield|boost
|-boost|p1a: ZamaZinZadderin|def|1
|turn|1
|
|t:|1780916845
|move|p1a: ZamaZinZadderin|Stone Edge|p2a: Liberacy
|-supereffective|p2a: Liberacy
|-damage|p2a: Liberacy|0 fnt
|faint|p2a: Liberacy
|-damage|p1a: ZamaZinZadderin|91/100|[from] item: Life Orb
|
|upkeep
|
|t:|1780916850
|switch|p2a: Enten|Landorus-Therian, M, shiny|100/100
|-ability|p2a: Enten|Intimidate|boost
|-unboost|p1a: ZamaZinZadderin|atk|1
|turn|2
|
|t:|1780916857
|switch|p1a: LockheedShartin|Latios, M, shiny|100/100
|move|p2a: Enten|U-turn|p1a: LockheedShartin
|-supereffective|p1a: LockheedShartin
|-damage|p1a: LockheedShartin|39/100
|-enditem|p1a: LockheedShartin|Sitrus Berry|[eat]
|-heal|p1a: LockheedShartin|64/100|[from] item: Sitrus Berry
|
|t:|1780916864
|switch|p2a: Khaos|Hoopa-Unbound|100/100|[from] U-turn
|
|upkeep
|turn|3
|
|t:|1780916875
|switch|p1a: ZamaZinZadderin|Zamazenta|91/100
|move|p2a: Khaos|Hyperspace Fury|p1a: ZamaZinZadderin
|-resisted|p1a: ZamaZinZadderin
|-damage|p1a: ZamaZinZadderin|44/100
|-unboost|p2a: Khaos|def|1
|
|upkeep
|turn|4
|
|t:|1780916881
|switch|p2a: Overseer|Pecharunt|100/100
|move|p1a: ZamaZinZadderin|Stone Edge|p2a: Overseer
|-damage|p2a: Overseer|81/100
|-damage|p1a: ZamaZinZadderin|34/100|[from] item: Life Orb
|
|upkeep
|turn|5
|
|t:|1780916887
|move|p1a: ZamaZinZadderin|Crunch|p2a: Overseer
|-supereffective|p2a: Overseer
|-damage|p2a: Overseer|48/100
|-unboost|p2a: Overseer|def|1
|-damage|p1a: ZamaZinZadderin|24/100|[from] item: Life Orb
|move|p2a: Overseer|Parting Shot|p1a: ZamaZinZadderin
|-unboost|p1a: ZamaZinZadderin|atk|1
|-unboost|p1a: ZamaZinZadderin|spa|1
|
|t:|1780916891
|switch|p2a: Enten|Landorus-Therian, M, shiny|100/100|[from] Parting Shot
|-ability|p2a: Enten|Intimidate|boost
|-unboost|p1a: ZamaZinZadderin|atk|1
|
|upkeep
|turn|6
|
|t:|1780916897
|switch|p1a: C.T.E.SPINS|Iron Treads|100/100
|move|p2a: Enten|U-turn|p1a: C.T.E.SPINS
|-resisted|p1a: C.T.E.SPINS
|-damage|p1a: C.T.E.SPINS|90/100
|
|t:|1780916901
|switch|p2a: Khaos|Hoopa-Unbound|100/100|[from] U-turn
|
|-heal|p1a: C.T.E.SPINS|96/100|[from] item: Leftovers
|upkeep
|turn|7
|
|t:|1780916909
|-end|p1a: C.T.E.SPINS|Quark Drive|[silent]
|switch|p1a: LondonRoadman|Ceruledge, M|100/100
|move|p2a: Khaos|Hyperspace Fury|p1a: LondonRoadman
|-supereffective|p1a: LondonRoadman
|-damage|p1a: LondonRoadman|0 fnt
|-unboost|p2a: Khaos|def|1
|faint|p1a: LondonRoadman
|
|upkeep
|
|t:|1780916915
|switch|p1a: SammySosa|Ogerpon-Wellspring, F|100/100
|turn|8
|
|t:|1780916940
|switch|p2a: Calamity|Iron Valiant, shiny|100/100
|-terastallize|p1a: SammySosa|Water
|detailschange|p1a: SammySosa|Ogerpon-Wellspring-Tera, F, tera:Water
|-ability|p1a: SammySosa|Embody Aspect (Wellspring)|boost
|-boost|p1a: SammySosa|spd|1
|move|p1a: SammySosa|Ivy Cudgel|p2a: Calamity|[anim] Ivy Cudgel Water
|-damage|p2a: Calamity|6/100
|
|upkeep
|turn|9
|j| Ctannn
|
|t:|1780916953
|switch|p1a: C.T.E.SPINS|Iron Treads|96/100
|move|p2a: Calamity|Thunderbolt|p1a: C.T.E.SPINS
|-immune|p1a: C.T.E.SPINS
|
|-heal|p1a: C.T.E.SPINS|100/100|[from] item: Leftovers
|upkeep
|turn|10
|
|t:|1780916958
|-end|p2a: Calamity|Quark Drive|[silent]
|switch|p2a: Overseer|Pecharunt|48/100
|move|p1a: C.T.E.SPINS|Stealth Rock|p2a: Overseer
|-sidestart|p2: JacquesDeAlderberg|move: Stealth Rock
|
|upkeep
|turn|11
|
|t:|1780916963
|move|p1a: C.T.E.SPINS|Earthquake|p2a: Overseer
|-supereffective|p2a: Overseer
|-damage|p2a: Overseer|10/100
|move|p2a: Overseer|Recover|p2a: Overseer
|-heal|p2a: Overseer|60/100
|
|upkeep
|turn|12
|
|t:|1780916966
|-end|p1a: C.T.E.SPINS|Quark Drive|[silent]
|switch|p1a: GasStationSushi|Darkrai|100/100
|move|p2a: Overseer|Recover|p2a: Overseer
|-heal|p2a: Overseer|100/100
|
|upkeep
|turn|13
|
|t:|1780916972
|switch|p2a: Pisces|Alomomola, M, shiny|100/100
|-damage|p2a: Pisces|88/100|[from] Stealth Rock
|move|p1a: GasStationSushi|Dark Pulse|p2a: Pisces
|-damage|p2a: Pisces|64/100
|
|upkeep
|turn|14
|
|t:|1780916978
|move|p1a: GasStationSushi|Knock Off|p2a: Pisces
|-damage|p2a: Pisces|47/100
|-enditem|p2a: Pisces|Assault Vest|[from] move: Knock Off|[of] p1a: GasStationSushi
|move|p2a: Pisces|Flip Turn|p1a: GasStationSushi
|-damage|p1a: GasStationSushi|78/100
|
|t:|1780916986
|switch|p2a: Khaos|Hoopa-Unbound|100/100|[from] Flip Turn
|-damage|p2a: Khaos|88/100|[from] Stealth Rock
|
|upkeep
|turn|15
|
|t:|1780916993
|switch|p1a: C.T.E.SPINS|Iron Treads|100/100
|move|p2a: Khaos|Drain Punch|p1a: C.T.E.SPINS
|-supereffective|p1a: C.T.E.SPINS
|-damage|p1a: C.T.E.SPINS|27/100
|-heal|p2a: Khaos|100/100|[from] drain|[of] p1a: C.T.E.SPINS
|
|-heal|p1a: C.T.E.SPINS|33/100|[from] item: Leftovers
|upkeep
|turn|16
|
|t:|1780916999
|move|p1a: C.T.E.SPINS|Earthquake|p2a: Khaos
|-damage|p2a: Khaos|36/100
|move|p2a: Khaos|Drain Punch|p1a: C.T.E.SPINS
|-supereffective|p1a: C.T.E.SPINS
|-damage|p1a: C.T.E.SPINS|0 fnt
|-heal|p2a: Khaos|56/100|[from] drain|[of] p1a: C.T.E.SPINS
|faint|p1a: C.T.E.SPINS
|-end|p1a: C.T.E.SPINS|Quark Drive|[silent]
|
|upkeep
|
|t:|1780917002
|switch|p1a: SammySosa|Ogerpon-Wellspring-Tera, F, tera:Water|100/100
|-ability|p1a: SammySosa|Embody Aspect (Wellspring)|boost
|-boost|p1a: SammySosa|spd|1
|turn|17
|
|t:|1780917007
|switch|p2a: Calamity|Iron Valiant, shiny|6/100
|-damage|p2a: Calamity|0 fnt|[from] Stealth Rock
|faint|p2a: Calamity
|-end|p2a: Calamity|Quark Drive|[silent]
|move|p1a: SammySosa|Ivy Cudgel|p2: Calamity|[notarget]
|-fail|p1a: SammySosa
|
|upkeep
|
|t:|1780917010
|switch|p2a: Overseer|Pecharunt|100/100
|turn|18
|
|t:|1780917015
|switch|p1a: ZamaZinZadderin|Zamazenta|24/100
|move|p2a: Overseer|Malignant Chain|p1a: ZamaZinZadderin
|-damage|p1a: ZamaZinZadderin|0 fnt
|faint|p1a: ZamaZinZadderin
|
|upkeep
|
|t:|1780917019
|switch|p1a: GasStationSushi|Darkrai|78/100
|turn|19
|
|t:|1780917024
|switch|p2a: Khaos|Hoopa-Unbound|56/100
|-damage|p2a: Khaos|44/100|[from] Stealth Rock
|move|p1a: GasStationSushi|Dark Pulse|p2a: Khaos
|-damage|p2a: Khaos|4/100
|
|upkeep
|turn|20
|
|t:|1780917029
|move|p1a: GasStationSushi|Dark Pulse|p2a: Khaos
|-damage|p2a: Khaos|0 fnt
|faint|p2a: Khaos
|
|upkeep
|
|t:|1780917031
|switch|p2a: Enten|Landorus-Therian, M, shiny|100/100
|-damage|p2a: Enten|88/100|[from] Stealth Rock
|-ability|p2a: Enten|Intimidate|boost
|-unboost|p1a: GasStationSushi|atk|1
|turn|21
|
|t:|1780917038
|switch|p1a: LockheedShartin|Latios, M, shiny|64/100
|move|p2a: Enten|Earthquake|p1a: LockheedShartin
|-immune|p1a: LockheedShartin|[from] ability: Levitate
|
|upkeep
|turn|22
|
|t:|1780917043
|switch|p2a: Pisces|Alomomola, M, shiny|80/100
|-damage|p2a: Pisces|68/100|[from] Stealth Rock
|move|p1a: LockheedShartin|Calm Mind|p1a: LockheedShartin
|-boost|p1a: LockheedShartin|spa|1
|-boost|p1a: LockheedShartin|spd|1
|
|upkeep
|turn|23
|
|t:|1780917053
|move|p1a: LockheedShartin|Recover|p1a: LockheedShartin
|-heal|p1a: LockheedShartin|100/100
|move|p2a: Pisces|Mirror Coat||[still]
|-fail|p2a: Pisces
|
|upkeep
|turn|24
|
|t:|1780917058
|move|p1a: LockheedShartin|Calm Mind|p1a: LockheedShartin
|-boost|p1a: LockheedShartin|spa|1
|-boost|p1a: LockheedShartin|spd|1
|move|p2a: Pisces|Body Slam|p1a: LockheedShartin
|-damage|p1a: LockheedShartin|84/100
|
|upkeep
|turn|25
|
|t:|1780917064
|move|p1a: LockheedShartin|Calm Mind|p1a: LockheedShartin
|-boost|p1a: LockheedShartin|spa|1
|-boost|p1a: LockheedShartin|spd|1
|move|p2a: Pisces|Body Slam|p1a: LockheedShartin
|-damage|p1a: LockheedShartin|65/100
|
|upkeep
|turn|26
|
|t:|1780917072
|move|p1a: LockheedShartin|Recover|p1a: LockheedShartin
|-heal|p1a: LockheedShartin|100/100
|move|p2a: Pisces|Body Slam|p1a: LockheedShartin
|-damage|p1a: LockheedShartin|81/100
|
|upkeep
|turn|27
|
|t:|1780917076
|move|p1a: LockheedShartin|Calm Mind|p1a: LockheedShartin
|-boost|p1a: LockheedShartin|spa|1
|-boost|p1a: LockheedShartin|spd|1
|move|p2a: Pisces|Body Slam|p1a: LockheedShartin
|-damage|p1a: LockheedShartin|62/100
|
|upkeep
|turn|28
|
|t:|1780917080
|move|p1a: LockheedShartin|Psychic Noise|p2a: Pisces
|-damage|p2a: Pisces|0 fnt
|faint|p2a: Pisces
|
|upkeep
|
|t:|1780917085
|switch|p2a: Enten|Landorus-Therian, M, shiny|88/100
|-damage|p2a: Enten|76/100|[from] Stealth Rock
|-ability|p2a: Enten|Intimidate|boost
|-unboost|p1a: LockheedShartin|atk|1
|turn|29
|
|t:|1780917090
|move|p2a: Enten|U-turn|p1a: LockheedShartin
|-supereffective|p1a: LockheedShartin
|-damage|p1a: LockheedShartin|4/100
|
|t:|1780917093
|switch|p2a: Overseer|Pecharunt|100/100|[from] U-turn
|move|p1a: LockheedShartin|Recover|p1a: LockheedShartin
|-heal|p1a: LockheedShartin|54/100
|
|upkeep
|turn|30
|
|t:|1780917106
|-terastallize|p2a: Overseer|Ghost
|move|p1a: LockheedShartin|Recover|p1a: LockheedShartin
|-heal|p1a: LockheedShartin|100/100
|move|p2a: Overseer|Shadow Ball|p1a: LockheedShartin
|-supereffective|p1a: LockheedShartin
|-damage|p1a: LockheedShartin|78/100
|
|upkeep
|turn|31
|
|t:|1780917111
|move|p1a: LockheedShartin|Psychic Noise|p2a: Overseer
|-damage|p2a: Overseer|0 fnt
|faint|p2a: Overseer
|
|upkeep
|-message|JacquesDeAlderberg forfeited.
|
|win|goodnightnite
|raw|goodnightnite's rating: 1611 &rarr; <strong>1640</strong><br />(+29 for winning)
|raw|JacquesDeAlderberg's rating: 1780 &rarr; <strong>1751</strong><br />(-29 for losing)
|l|☆JacquesDeAlderberg
|player|p2|
