|j|☆GODKUD
|j|☆Jet Pilot Skyla
|t:|1781096222
|gametype|singles
|player|p1|GODKUD|ghetsis|1584
|player|p2|Jet Pilot Skyla|skyla|1526
|gen|9
|tier|[Gen 9] OU
|rated|
|rule|HP Percentage Mod: HP is shown in percentages
|rule|Endless Battle Clause: Forcing endless battles is banned
|rule|Species Clause: Limit one of each Pokémon
|rule|OHKO Clause: OHKO moves are banned
|rule|Evasion Items Clause: Evasion items are banned
|rule|Evasion Moves Clause: Evasion moves are banned
|rule|Evasion Abilities Clause: Evasion abilities are banned
|rule|Sleep Moves Clause: Sleep-inducing moves are banned
|clearpoke
|poke|p1|Hydreigon, M|
|poke|p1|Corviknight, M|
|poke|p1|Slowking-Galar, M|
|poke|p1|Sandy Shocks|
|poke|p1|Quaquaval, M|
|poke|p1|Ceruledge, M|
|poke|p2|Porygon-Z|
|poke|p2|Lokix, M|
|poke|p2|Cinderace, M|
|poke|p2|Great Tusk|
|poke|p2|Slowking-Galar, M|
|poke|p2|Alomomola, M|
|teampreview
|inactive|Battle timer is ON: inactive players will automatically lose when time's up. (requested by Jet Pilot Skyla)
|
|t:|1781096239
|teamsize|p1|6
|teamsize|p2|6
|start
|switch|p1a: Slowking|Slowking-Galar, M|100/100
|switch|p2a: Blep|Lokix, M|100/100
|turn|1
|
|t:|1781096246
|switch|p1a: Corviknight|Corviknight, M|100/100
|-ability|p1a: Corviknight|Pressure
|move|p2a: Blep|Knock Off|p1a: Corviknight
|-damage|p1a: Corviknight|61/100
|-damage|p2a: Blep|84/100|[from] item: Rocky Helmet|[of] p1a: Corviknight
|-enditem|p1a: Corviknight|Rocky Helmet|[from] move: Knock Off|[of] p2a: Blep
|
|upkeep
|turn|2
|
|t:|1781096252
|switch|p2a: da Fish|Alomomola, M|100/100
|move|p1a: Corviknight|Roost|p1a: Corviknight
|-heal|p1a: Corviknight|100/100
|-singleturn|p1a: Corviknight|move: Roost
|
|upkeep
|turn|3
|
|t:|1781096255
|switch|p1a: Slowking|Slowking-Galar, M|100/100
|move|p2a: da Fish|Flip Turn|p1a: Slowking
|-damage|p1a: Slowking|84/100
|
|t:|1781096258
|switch|p2a: Blep|Lokix, M|84/100|[from] Flip Turn
|
|upkeep
|turn|4
|
|t:|1781096263
|switch|p1a: Corviknight|Corviknight, M|100/100
|-ability|p1a: Corviknight|Pressure
|move|p2a: Blep|Knock Off|p1a: Corviknight
|-damage|p1a: Corviknight|70/100
|
|upkeep
|turn|5
|
|t:|1781096270
|switch|p2a: da Fish|Alomomola, M|100/100
|move|p1a: Corviknight|U-turn|p2a: da Fish
|-damage|p2a: da Fish|92/100
|-enditem|p2a: da Fish|Eject Button
|
|t:|1781096272
|switch|p2a: Shoop da Woop|Porygon-Z|100/100
|-ability|p2a: Shoop da Woop|Download|boost
|-boost|p2a: Shoop da Woop|spa|1
|
|upkeep
|turn|6
|
|t:|1781096280
|switch|p1a: Slowking|Slowking-Galar, M|100/100
|move|p2a: Shoop da Woop|Tri Attack|p1a: Slowking
|-damage|p1a: Slowking|44/100
|-status|p1a: Slowking|frz
|
|upkeep
|turn|7
|
|t:|1781096287
|move|p2a: Shoop da Woop|Tri Attack|p1a: Slowking
|-damage|p1a: Slowking|0 fnt
|faint|p1a: Slowking
|
|upkeep
|
|t:|1781096290
|switch|p1a: Ceruledge|Ceruledge, M|100/100
|turn|8
|
|t:|1781096293
|switch|p2a: da Fish|Alomomola, M|100/100
|move|p1a: Ceruledge|Swords Dance|p1a: Ceruledge
|-boost|p1a: Ceruledge|atk|2
|
|upkeep
|turn|9
|
|t:|1781096305
|move|p1a: Ceruledge|Phantom Force||[still]
|-prepare|p1a: Ceruledge|Phantom Force
|move|p2a: da Fish|Acrobatics|p1a: Ceruledge|[miss]
|-miss|p2a: da Fish|p1a: Ceruledge
|
|upkeep
|turn|10
|
|t:|1781096310
|move|p1a: Ceruledge|Phantom Force|p2a: da Fish|[from] lockedmove
|-damage|p2a: da Fish|44/100
|move|p2a: da Fish|Wish|p2a: da Fish
|
|upkeep
|turn|11
|
|t:|1781096315
|move|p1a: Ceruledge|Swords Dance|p1a: Ceruledge
|-boost|p1a: Ceruledge|atk|2
|move|p2a: da Fish|Acrobatics|p1a: Ceruledge
|-damage|p1a: Ceruledge|72/100
|-ability|p1a: Ceruledge|Weak Armor|boost
|-unboost|p1a: Ceruledge|def|1
|-boost|p1a: Ceruledge|spe|2
|
|-heal|p2a: da Fish|94/100|[from] move: Wish|[wisher] da Fish
|upkeep
|turn|12
|
|t:|1781096322
|move|p1a: Ceruledge|Phantom Force||[still]
|-prepare|p1a: Ceruledge|Phantom Force
|move|p2a: da Fish|Wish|p2a: da Fish
|
|upkeep
|turn|13
|
|t:|1781096328
|move|p1a: Ceruledge|Phantom Force|p2a: da Fish|[from] lockedmove
|-damage|p2a: da Fish|7/100
|move|p2a: da Fish|Flip Turn|p1a: Ceruledge
|-supereffective|p1a: Ceruledge
|-damage|p1a: Ceruledge|6/100
|-ability|p1a: Ceruledge|Weak Armor|boost
|-unboost|p1a: Ceruledge|def|1
|-boost|p1a: Ceruledge|spe|2
|
|t:|1781096333
|switch|p2a: Blep|Lokix, M|84/100|[from] Flip Turn
|
|-heal|p2a: Blep|100/100|[from] move: Wish|[wisher] da Fish
|upkeep
|turn|14
|
|t:|1781096337
|move|p2a: Blep|First Impression|p1a: Ceruledge
|-resisted|p1a: Ceruledge
|-damage|p1a: Ceruledge|0 fnt
|faint|p1a: Ceruledge
|
|upkeep
|
|t:|1781096339
|switch|p1a: God of Destruction|Hydreigon, M|100/100
|turn|15
|
|t:|1781096345
|switch|p2a: Brain Damage|Slowking-Galar, M|100/100
|move|p1a: God of Destruction|Nasty Plot|p1a: God of Destruction
|-boost|p1a: God of Destruction|spa|2
|
|upkeep
|turn|16
|
|t:|1781096350
|move|p1a: God of Destruction|Dark Pulse|p2a: Brain Damage
|-supereffective|p2a: Brain Damage
|-enditem|p2a: Brain Damage|Colbur Berry|[eat]
|-enditem|p2a: Brain Damage|Colbur Berry|[weaken]
|-damage|p2a: Brain Damage|16/100
|-damage|p1a: God of Destruction|91/100|[from] item: Life Orb
|move|p2a: Brain Damage|Thunder Wave|p1a: God of Destruction
|-status|p1a: God of Destruction|par
|
|upkeep
|turn|17
|
|t:|1781096358
|switch|p2a: Cheese Hater|Great Tusk|100/100
|move|p1a: God of Destruction|Dark Pulse|p2a: Cheese Hater
|-resisted|p2a: Cheese Hater
|-damage|p2a: Cheese Hater|17/100
|-damage|p1a: God of Destruction|81/100 par|[from] item: Life Orb
|
|upkeep
|turn|18
|
|t:|1781096365
|move|p2a: Cheese Hater|Stealth Rock|p1a: God of Destruction
|-sidestart|p1: GODKUD|move: Stealth Rock
|cant|p1a: God of Destruction|par
|
|upkeep
|turn|19
|
|t:|1781096369
|move|p2a: Cheese Hater|Ice Spinner|p1a: God of Destruction
|-supereffective|p1a: God of Destruction
|-damage|p1a: God of Destruction|20/100 par
|cant|p1a: God of Destruction|par
|
|upkeep
|turn|20
|-message|GODKUD forfeited.
|
|win|Jet Pilot Skyla
|raw|GODKUD's rating: 1584 &rarr; <strong>1561</strong><br />(-23 for losing)
|raw|Jet Pilot Skyla's rating: 1526 &rarr; <strong>1549</strong><br />(+23 for winning)
|l|☆GODKUD
|player|p1|
|l|☆Jet Pilot Skyla
|player|p2|
