|j|☆thatoneguy1337
|j|☆LowEL0God
|t:|1781591946
|gametype|singles
|player|p1|thatoneguy1337|cynthia-masters|1518
|player|p2|LowEL0God|265|1588
|gen|9
|tier|[Gen 9] OU
|rated|
|rule|HP Percentage Mod: HP is shown in percentages
|rule|Endless Battle Clause: Forcing endless battles is banned
|rule|Species Clause: Limit one of each Pokémon
|rule|OHKO Clause: OHKO moves are banned
|rule|Evasion Items Clause: Evasion items are banned
|rule|Evasion Moves Clause: Evasion moves are banned
|rule|Evasion Abilities Clause: Evasion abilities are banned
|rule|Sleep Moves Clause: Sleep-inducing moves are banned
|clearpoke
|poke|p1|Gholdengo|
|poke|p1|Iron Treads|
|poke|p1|Moltres|
|poke|p1|Zamazenta-*|
|poke|p1|Samurott-Hisui, F|
|poke|p1|Garganacl, M|
|poke|p2|Pelipper, F|
|poke|p2|Raging Bolt|
|poke|p2|Overqwil, F|
|poke|p2|Barraskewda, M|
|poke|p2|Iron Treads|
|poke|p2|Kingambit, M|
|teampreview
|c|☆LowEL0God|hf
|inactive|Battle timer is ON: inactive players will automatically lose when time's up. (requested by LowEL0God)
|
|t:|1781591963
|teamsize|p1|6
|teamsize|p2|6
|start
|switch|p1a: Samurott|Samurott-Hisui, F|100/100
|switch|p2a: Pelipper|Pelipper, F|100/100
|-weather|RainDance|[from] ability: Drizzle|[of] p2a: Pelipper
|turn|1
|
|t:|1781591966
|move|p1a: Samurott|Ceaseless Edge|p2a: Pelipper
|-crit|p2a: Pelipper
|-damage|p2a: Pelipper|47/100
|-sidestart|p2: LowEL0God|Spikes
|move|p2a: Pelipper|Hurricane|p1a: Samurott
|-damage|p1a: Samurott|41/100
|
|-weather|RainDance|[upkeep]
|upkeep
|turn|2
|
|t:|1781591971
|move|p1a: Samurott|Ceaseless Edge|p2a: Pelipper
|-damage|p2a: Pelipper|14/100
|-sidestart|p2: LowEL0God|Spikes
|move|p2a: Pelipper|Roost|p2a: Pelipper
|-heal|p2a: Pelipper|64/100
|-singleturn|p2a: Pelipper|move: Roost
|
|-weather|RainDance|[upkeep]
|upkeep
|turn|3
|j| hattybatty304
|
|t:|1781591977
|move|p1a: Samurott|Ceaseless Edge|p2a: Pelipper
|-damage|p2a: Pelipper|28/100
|-sidestart|p2: LowEL0God|Spikes
|move|p2a: Pelipper|Hurricane|p1a: Samurott
|-damage|p1a: Samurott|0 fnt
|faint|p1a: Samurott
|
|-weather|RainDance|[upkeep]
|upkeep
|
|t:|1781591982
|switch|p1a: Gholdengo|Gholdengo|100/100
|-item|p1a: Gholdengo|Air Balloon
|turn|4
|
|t:|1781591984
|move|p1a: Gholdengo|Make It Rain|p2a: Pelipper
|-resisted|p2a: Pelipper
|-damage|p2a: Pelipper|0 fnt
|-unboost|p1a: Gholdengo|spa|1
|faint|p2a: Pelipper
|
|-weather|RainDance|[upkeep]
|upkeep
|
|t:|1781591985
|switch|p2a: Barraskewda|Barraskewda, M|100/100
|-damage|p2a: Barraskewda|75/100|[from] Spikes
|turn|5
|
|t:|1781591995
|switch|p1a: Moltres|Moltres|100/100
|move|p2a: Barraskewda|Liquidation|p1a: Moltres
|-supereffective|p1a: Moltres
|-damage|p1a: Moltres|0 fnt
|faint|p1a: Moltres
|
|-weather|RainDance|[upkeep]
|upkeep
|
|t:|1781592002
|switch|p1a: Garganacl|Garganacl, M|100/100
|turn|6
|
|t:|1781592006
|-terastallize|p1a: Garganacl|Water
|move|p2a: Barraskewda|Liquidation|p1a: Garganacl
|-resisted|p1a: Garganacl
|-damage|p1a: Garganacl|66/100
|move|p1a: Garganacl|Salt Cure|p2a: Barraskewda
|-damage|p2a: Barraskewda|49/100
|-start|p2a: Barraskewda|Salt Cure
|
|-weather|RainDance|[upkeep]
|-heal|p1a: Garganacl|73/100|[from] item: Leftovers
|-damage|p2a: Barraskewda|24/100|[from] Salt Cure
|upkeep
|turn|7
|
|t:|1781592011
|move|p2a: Barraskewda|Liquidation|p1a: Garganacl
|-resisted|p1a: Garganacl
|-damage|p1a: Garganacl|38/100
|move|p1a: Garganacl|Recover|p1a: Garganacl
|-heal|p1a: Garganacl|88/100
|
|-weather|RainDance|[upkeep]
|-heal|p1a: Garganacl|95/100|[from] item: Leftovers
|-damage|p2a: Barraskewda|0 fnt|[from] Salt Cure
|faint|p2a: Barraskewda
|upkeep
|
|t:|1781592012
|switch|p2a: Raging Bolt|Raging Bolt|100/100
|-damage|p2a: Raging Bolt|76/100|[from] Spikes
|-enditem|p2a: Raging Bolt|Booster Energy
|-activate|p2a: Raging Bolt|ability: Protosynthesis|[fromitem]
|-start|p2a: Raging Bolt|protosynthesisspa
|turn|8
|
|t:|1781592017
|switch|p1a: Gholdengo|Gholdengo|100/100
|-item|p1a: Gholdengo|Air Balloon
|move|p2a: Raging Bolt|Weather Ball|p1a: Gholdengo
|-damage|p1a: Gholdengo|21/100
|-enditem|p1a: Gholdengo|Air Balloon
|
|-weather|none
|upkeep
|turn|9
|
|t:|1781592020
|move|p1a: Gholdengo|Make It Rain|p2a: Raging Bolt
|-resisted|p2a: Raging Bolt
|-damage|p2a: Raging Bolt|47/100
|-unboost|p1a: Gholdengo|spa|1
|move|p2a: Raging Bolt|Thunder|p1a: Gholdengo
|-damage|p1a: Gholdengo|0 fnt
|faint|p1a: Gholdengo
|
|upkeep
|
|t:|1781592023
|switch|p1a: Iron Treads|Iron Treads|100/100
|turn|10
|
|t:|1781592026
|move|p1a: Iron Treads|Earthquake|p2a: Raging Bolt
|-supereffective|p2a: Raging Bolt
|-damage|p2a: Raging Bolt|0 fnt
|faint|p2a: Raging Bolt
|-end|p2a: Raging Bolt|Protosynthesis|[silent]
|
|upkeep
|
|t:|1781592027
|switch|p2a: Kingambit|Kingambit, M|100/100
|-damage|p2a: Kingambit|76/100|[from] Spikes
|-activate|p2a: Kingambit|ability: Supreme Overlord
|-start|p2a: Kingambit|fallen3|[silent]
|turn|11
|
|t:|1781592029
|-terastallize|p2a: Kingambit|Dark
|move|p1a: Iron Treads|Earthquake|p2a: Kingambit
|-damage|p2a: Kingambit|45/100
|move|p2a: Kingambit|Swords Dance|p2a: Kingambit
|-boost|p2a: Kingambit|atk|2
|
|-heal|p2a: Kingambit|52/100|[from] item: Leftovers
|upkeep
|turn|12
|
|t:|1781592037
|move|p1a: Iron Treads|Earthquake|p2a: Kingambit
|-damage|p2a: Kingambit|19/100
|move|p2a: Kingambit|Iron Head|p1a: Iron Treads
|-resisted|p1a: Iron Treads
|-damage|p1a: Iron Treads|46/100
|
|-heal|p2a: Kingambit|25/100|[from] item: Leftovers
|upkeep
|turn|13
|
|t:|1781592043
|move|p2a: Kingambit|Sucker Punch||[still]
|-fail|p2a: Kingambit
|move|p1a: Iron Treads|Stealth Rock|p2a: Kingambit
|-sidestart|p2: LowEL0God|move: Stealth Rock
|
|-heal|p2a: Kingambit|31/100|[from] item: Leftovers
|upkeep
|turn|14
|
|t:|1781592045
|move|p2a: Kingambit|Sucker Punch|p1a: Iron Treads
|-damage|p1a: Iron Treads|0 fnt
|faint|p1a: Iron Treads
|-end|p1a: Iron Treads|Quark Drive|[silent]
|
|-heal|p2a: Kingambit|37/100|[from] item: Leftovers
|upkeep
|
|t:|1781592046
|switch|p1a: Zamazenta|Zamazenta|100/100
|-ability|p1a: Zamazenta|Dauntless Shield|boost
|-boost|p1a: Zamazenta|def|1
|turn|15
|
|t:|1781592048
|move|p2a: Kingambit|Sucker Punch|p1a: Zamazenta
|-resisted|p1a: Zamazenta
|-damage|p1a: Zamazenta|60/100
|move|p1a: Zamazenta|Close Combat|p2a: Kingambit
|-supereffective|p2a: Kingambit
|-damage|p2a: Kingambit|0 fnt
|-unboost|p1a: Zamazenta|def|1
|-unboost|p1a: Zamazenta|spd|1
|faint|p2a: Kingambit
|-end|p2a: Kingambit|fallen3|[silent]
|
|upkeep
|
|t:|1781592050
|switch|p2a: Iron Treads|Iron Treads|100/100
|-damage|p2a: Iron Treads|76/100|[from] Spikes
|-damage|p2a: Iron Treads|72/100|[from] Stealth Rock
|-enditem|p2a: Iron Treads|Booster Energy
|-activate|p2a: Iron Treads|ability: Quark Drive|[fromitem]
|-start|p2a: Iron Treads|quarkdrivespe
|turn|16
|
|t:|1781592052
|move|p2a: Iron Treads|Steel Beam|p1a: Zamazenta
|-damage|p1a: Zamazenta|0 fnt
|-damage|p2a: Iron Treads|22/100|[from] steelbeam
|faint|p1a: Zamazenta
|
|upkeep
|
|t:|1781592054
|switch|p1a: Garganacl|Garganacl, M, tera:Water|95/100
|turn|17
|
|t:|1781592058
|move|p2a: Iron Treads|Rapid Spin|p1a: Garganacl
|-damage|p1a: Garganacl|88/100
|-boost|p2a: Iron Treads|spe|1
|-sideend|p2: LowEL0God|Spikes|[from] move: Rapid Spin|[of] p2a: Iron Treads
|-sideend|p2: LowEL0God|Stealth Rock|[from] move: Rapid Spin|[of] p2a: Iron Treads
|move|p1a: Garganacl|Curse|p1a: Garganacl
|-unboost|p1a: Garganacl|spe|1
|-boost|p1a: Garganacl|atk|1
|-boost|p1a: Garganacl|def|1
|
|-heal|p1a: Garganacl|94/100|[from] item: Leftovers
|upkeep
|turn|18
|
|t:|1781592063
|move|p2a: Iron Treads|Earth Power|p1a: Garganacl
|-damage|p1a: Garganacl|73/100
|move|p1a: Garganacl|Salt Cure|p2a: Iron Treads
|-resisted|p2a: Iron Treads
|-damage|p2a: Iron Treads|18/100
|-start|p2a: Iron Treads|Salt Cure
|
|-heal|p1a: Garganacl|79/100|[from] item: Leftovers
|-damage|p2a: Iron Treads|0 fnt|[from] Salt Cure
|faint|p2a: Iron Treads
|-end|p2a: Iron Treads|Quark Drive|[silent]
|upkeep
|
|t:|1781592064
|switch|p2a: Overqwil|Overqwil, F|100/100
|turn|19
|
|t:|1781592066
|move|p2a: Overqwil|Gunk Shot|p1a: Garganacl
|-damage|p1a: Garganacl|42/100
|-damage|p2a: Overqwil|91/100|[from] item: Life Orb
|move|p1a: Garganacl|Salt Cure|p2a: Overqwil
|-damage|p2a: Overqwil|68/100
|-start|p2a: Overqwil|Salt Cure
|
|-heal|p1a: Garganacl|48/100|[from] item: Leftovers
|-damage|p2a: Overqwil|56/100|[from] Salt Cure
|upkeep
|turn|20
|
|t:|1781592069
|move|p2a: Overqwil|Crunch|p1a: Garganacl
|-damage|p1a: Garganacl|25/100
|-unboost|p1a: Garganacl|def|1
|-damage|p2a: Overqwil|46/100|[from] item: Life Orb
|move|p1a: Garganacl|Recover|p1a: Garganacl
|-heal|p1a: Garganacl|75/100
|
|-heal|p1a: Garganacl|81/100|[from] item: Leftovers
|-damage|p2a: Overqwil|34/100|[from] Salt Cure
|upkeep
|turn|21
|
|t:|1781592074
|move|p2a: Overqwil|Gunk Shot|p1a: Garganacl
|-damage|p1a: Garganacl|25/100
|-damage|p2a: Overqwil|24/100|[from] item: Life Orb
|move|p1a: Garganacl|Salt Cure|p2a: Overqwil
|-damage|p2a: Overqwil|1/100
|
|-heal|p1a: Garganacl|31/100|[from] item: Leftovers
|-damage|p2a: Overqwil|0 fnt|[from] Salt Cure
|faint|p2a: Overqwil
|
|win|thatoneguy1337
|raw|thatoneguy1337's rating: 1518 &rarr; <strong>1542</strong><br />(+24 for winning)
|raw|LowEL0God's rating: 1588 &rarr; <strong>1564</strong><br />(-24 for losing)
|l|☆thatoneguy1337
|player|p1|
|l| hattybatty304
|c|☆LowEL0God|gg
|l|☆LowEL0God
|player|p2|
