|j|☆jd2sleepy
|j|☆A real wizard
|t:|1781097920
|gametype|singles
|player|p1|jd2sleepy|blackbelt-gen4dp|1627
|player|p2|A real wizard|265|1610
|gen|9
|tier|[Gen 9] OU
|rated|
|rule|HP Percentage Mod: HP is shown in percentages
|rule|Endless Battle Clause: Forcing endless battles is banned
|rule|Species Clause: Limit one of each Pokémon
|rule|OHKO Clause: OHKO moves are banned
|rule|Evasion Items Clause: Evasion items are banned
|rule|Evasion Moves Clause: Evasion moves are banned
|rule|Evasion Abilities Clause: Evasion abilities are banned
|rule|Sleep Moves Clause: Sleep-inducing moves are banned
|clearpoke
|poke|p1|Vigoroth, M|
|poke|p1|Slowking-Galar, F|
|poke|p1|Corviknight, M|
|poke|p1|Ting-Lu|
|poke|p1|Great Tusk|
|poke|p1|Gholdengo|
|poke|p2|Hydrapple, F|
|poke|p2|Gholdengo|
|poke|p2|Lokix, M|
|poke|p2|Great Tusk|
|poke|p2|Tornadus-Therian, M|
|poke|p2|Hatterene, F|
|teampreview
|
|t:|1781097940
|teamsize|p1|6
|teamsize|p2|6
|start
|switch|p1a: Corvette Corvette|Corviknight, M|100/100
|switch|p2a: Lokix|Lokix, M|100/100
|-ability|p1a: Corvette Corvette|Pressure
|turn|1
|
|t:|1781097947
|switch|p2a: Tornadus|Tornadus-Therian, M|100/100
|move|p1a: Corvette Corvette|U-turn|p2a: Tornadus
|-resisted|p2a: Tornadus
|-damage|p2a: Tornadus|92/100
|
|t:|1781097950
|switch|p1a: Say it ain't Slo|Slowking-Galar, F|100/100|[from] U-turn
|
|upkeep
|turn|2
|
|t:|1781097954
|move|p2a: Tornadus|Knock Off|p1a: Say it ain't Slo
|-supereffective|p1a: Say it ain't Slo
|-damage|p1a: Say it ain't Slo|58/100
|-enditem|p1a: Say it ain't Slo|Heavy-Duty Boots|[from] move: Knock Off|[of] p2a: Tornadus
|move|p1a: Say it ain't Slo|Toxic|p2a: Tornadus
|-status|p2a: Tornadus|tox
|
|-damage|p2a: Tornadus|86/100 tox|[from] psn
|upkeep
|turn|3
|
|t:|1781097960
|move|p2a: Tornadus|U-turn|p1a: Say it ain't Slo
|-damage|p1a: Say it ain't Slo|42/100
|
|t:|1781097963
|switch|p2a: Great Tusk|Great Tusk|100/100|[from] U-turn
|-prepare|p1a: Say it ain't Slo|Chilly Reception|[premajor]
|move|p1a: Say it ain't Slo|Chilly Reception|p1a: Say it ain't Slo
|-weather|Snowscape
|
|t:|1781097965
|switch|p1a: Corvette Corvette|Corviknight, M|100/100|[from] Chilly Reception
|-ability|p1a: Corvette Corvette|Pressure
|
|-weather|Snowscape|[upkeep]
|upkeep
|turn|4
|
|t:|1781097984
|move|p2a: Great Tusk|Stealth Rock|p1a: Corvette Corvette
|-sidestart|p1: jd2sleepy|move: Stealth Rock
|move|p1a: Corvette Corvette|Brave Bird|p2a: Great Tusk
|-supereffective|p2a: Great Tusk
|-damage|p2a: Great Tusk|53/100
|-damage|p1a: Corvette Corvette|83/100|[from] Recoil
|
|-weather|Snowscape|[upkeep]
|-heal|p2a: Great Tusk|59/100|[from] item: Leftovers
|upkeep
|turn|5
|
|t:|1781097990
|-end|p2a: Great Tusk|Protosynthesis|[silent]
|switch|p2a: Gholdengo|Gholdengo|100/100
|move|p1a: Corvette Corvette|U-turn|p2a: Gholdengo
|-resisted|p2a: Gholdengo
|-damage|p2a: Gholdengo|96/100
|
|t:|1781097996
|switch|p1a: Lulu|Ting-Lu|100/100|[from] U-turn
|-damage|p1a: Lulu|94/100|[from] Stealth Rock
|-ability|p1a: Lulu|Vessel of Ruin
|
|-weather|Snowscape|[upkeep]
|-heal|p1a: Lulu|100/100|[from] item: Leftovers
|upkeep
|turn|6
|
|t:|1781098009
|switch|p2a: Hatterene|Hatterene, F|100/100
|move|p1a: Lulu|Spikes|p2a: Hatterene
|move|p2a: Hatterene|Spikes|p1a: Lulu|[from] ability: Magic Bounce
|-sidestart|p1: jd2sleepy|Spikes
|
|-weather|Snowscape|[upkeep]
|upkeep
|turn|7
|
|t:|1781098024
|move|p1a: Lulu|Ruination|p2a: Hatterene
|-damage|p2a: Hatterene|50/100
|move|p2a: Hatterene|Draining Kiss|p1a: Lulu
|-supereffective|p1a: Lulu
|-damage|p1a: Lulu|79/100
|-heal|p2a: Hatterene|76/100|[from] drain|[of] p1a: Lulu
|
|-weather|none
|-heal|p1a: Lulu|86/100|[from] item: Leftovers
|upkeep
|turn|8
|
|t:|1781098032
|switch|p1a: Say it ain't Slo|Slowking-Galar, F|75/100
|-damage|p1a: Say it ain't Slo|62/100|[from] Stealth Rock
|-damage|p1a: Say it ain't Slo|50/100|[from] Spikes
|move|p2a: Hatterene|Draining Kiss|p1a: Say it ain't Slo
|-resisted|p1a: Say it ain't Slo
|-damage|p1a: Say it ain't Slo|43/100
|-heal|p2a: Hatterene|82/100|[from] drain|[of] p1a: Say it ain't Slo
|
|upkeep
|turn|9
|
|t:|1781098038
|move|p2a: Hatterene|Psychic Noise|p1a: Say it ain't Slo
|-damage|p1a: Say it ain't Slo|23/100
|-start|p1a: Say it ain't Slo|move: Heal Block
|-prepare|p1a: Say it ain't Slo|Chilly Reception|[premajor]
|move|p1a: Say it ain't Slo|Chilly Reception|p1a: Say it ain't Slo
|-weather|Snowscape
|
|t:|1781098040
|switch|p1a: Dengos Domain|Gholdengo|100/100|[from] Chilly Reception
|-damage|p1a: Dengos Domain|94/100|[from] Stealth Rock
|-damage|p1a: Dengos Domain|82/100|[from] Spikes
|
|-weather|Snowscape|[upkeep]
|upkeep
|turn|10
|
|t:|1781098058
|move|p1a: Dengos Domain|Shadow Ball|p2a: Hatterene
|-supereffective|p2a: Hatterene
|-crit|p2a: Hatterene
|-damage|p2a: Hatterene|0 fnt
|faint|p2a: Hatterene
|
|-weather|Snowscape|[upkeep]
|upkeep
|
|t:|1781098070
|switch|p2a: Tornadus|Tornadus-Therian, M|100/100 tox
|turn|11
|
|t:|1781098079
|switch|p1a: JD|Vigoroth, M|100/100
|-damage|p1a: JD|88/100|[from] Stealth Rock
|-damage|p1a: JD|76/100|[from] Spikes
|move|p2a: Tornadus|Knock Off|p1a: JD
|-damage|p1a: JD|60/100
|-enditem|p1a: JD|Eviolite|[from] move: Knock Off|[of] p2a: Tornadus
|
|-weather|Snowscape|[upkeep]
|-damage|p2a: Tornadus|94/100 tox|[from] psn
|upkeep
|turn|12
|
|t:|1781098091
|move|p2a: Tornadus|Hurricane|p1a: JD
|-damage|p1a: JD|21/100
|move|p1a: JD|Knock Off|p2a: Tornadus
|-damage|p2a: Tornadus|75/100 tox
|-enditem|p2a: Tornadus|Assault Vest|[from] move: Knock Off|[of] p1a: JD
|
|-weather|Snowscape|[upkeep]
|-damage|p2a: Tornadus|62/100 tox|[from] psn
|upkeep
|turn|13
|
|t:|1781098100
|move|p2a: Tornadus|Hurricane|p1a: JD
|-damage|p1a: JD|0 fnt
|faint|p1a: JD
|
|-weather|none
|-damage|p2a: Tornadus|44/100 tox|[from] psn
|upkeep
|
|t:|1781098108
|switch|p1a: Lulu|Ting-Lu|86/100
|-damage|p1a: Lulu|79/100|[from] Stealth Rock
|-damage|p1a: Lulu|67/100|[from] Spikes
|-ability|p1a: Lulu|Vessel of Ruin
|turn|14
|
|t:|1781098113
|switch|p2a: Lokix|Lokix, M|100/100
|move|p1a: Lulu|Spikes|p2a: Lokix
|-sidestart|p2: A real wizard|Spikes
|
|-heal|p1a: Lulu|73/100|[from] item: Leftovers
|upkeep
|turn|15
|
|t:|1781098117
|switch|p1a: Corvette Corvette|Corviknight, M|83/100
|-damage|p1a: Corvette Corvette|71/100|[from] Stealth Rock
|-ability|p1a: Corvette Corvette|Pressure
|move|p2a: Lokix|U-turn|p1a: Corvette Corvette
|-resisted|p1a: Corvette Corvette
|-damage|p1a: Corvette Corvette|56/100
|-damage|p2a: Lokix|84/100|[from] item: Rocky Helmet|[of] p1a: Corvette Corvette
|
|t:|1781098125
|switch|p2a: Gholdengo|Gholdengo|96/100|[from] U-turn
|-damage|p2a: Gholdengo|84/100|[from] Spikes
|
|upkeep
|turn|16
|
|t:|1781098131
|switch|p1a: Lulu|Ting-Lu|73/100
|-damage|p1a: Lulu|67/100|[from] Stealth Rock
|-damage|p1a: Lulu|55/100|[from] Spikes
|-ability|p1a: Lulu|Vessel of Ruin
|move|p2a: Gholdengo|Shadow Ball|p1a: Lulu
|-resisted|p1a: Lulu
|-damage|p1a: Lulu|42/100
|
|-heal|p1a: Lulu|49/100|[from] item: Leftovers
|upkeep
|turn|17
|j| RaynningOutside
|l| RaynningOutside
|
|t:|1781098144
|switch|p2a: Lokix|Lokix, M|84/100
|-damage|p2a: Lokix|72/100|[from] Spikes
|move|p1a: Lulu|Spikes|p2a: Lokix
|-sidestart|p2: A real wizard|Spikes
|
|-heal|p1a: Lulu|55/100|[from] item: Leftovers
|upkeep
|turn|18
|
|t:|1781098152
|switch|p1a: Corvette Corvette|Corviknight, M|56/100
|-damage|p1a: Corvette Corvette|44/100|[from] Stealth Rock
|-ability|p1a: Corvette Corvette|Pressure
|move|p2a: Lokix|U-turn|p1a: Corvette Corvette
|-resisted|p1a: Corvette Corvette
|-crit|p1a: Corvette Corvette
|-damage|p1a: Corvette Corvette|23/100
|-damage|p2a: Lokix|55/100|[from] item: Rocky Helmet|[of] p1a: Corvette Corvette
|
|t:|1781098160
|switch|p2a: Tornadus|Tornadus-Therian, M|77/100 tox|[from] U-turn
|
|-damage|p2a: Tornadus|71/100 tox|[from] psn
|upkeep
|turn|19
|
|t:|1781098162
|switch|p1a: Lulu|Ting-Lu|55/100
|-damage|p1a: Lulu|49/100|[from] Stealth Rock
|-damage|p1a: Lulu|36/100|[from] Spikes
|-ability|p1a: Lulu|Vessel of Ruin
|move|p2a: Tornadus|Heat Wave|p1a: Lulu|[miss]
|-miss|p2a: Tornadus|p1a: Lulu
|
|-heal|p1a: Lulu|42/100|[from] item: Leftovers
|-damage|p2a: Tornadus|59/100 tox|[from] psn
|upkeep
|turn|20
|
|t:|1781098168
|move|p2a: Tornadus|Knock Off|p1a: Lulu
|-resisted|p1a: Lulu
|-damage|p1a: Lulu|37/100
|-enditem|p1a: Lulu|Leftovers|[from] move: Knock Off|[of] p2a: Tornadus
|move|p1a: Lulu|Whirlwind|p2a: Tornadus
|drag|p2a: Hydrapple|Hydrapple, F|100/100
|-damage|p2a: Hydrapple|84/100|[from] Spikes
|
|upkeep
|turn|21
|
|t:|1781098181
|move|p2a: Hydrapple|Giga Drain|p1a: Lulu
|-supereffective|p1a: Lulu
|-damage|p1a: Lulu|12/100
|-heal|p2a: Hydrapple|99/100|[from] drain|[of] p1a: Lulu
|move|p1a: Lulu|Whirlwind|p2a: Hydrapple
|drag|p2a: Gholdengo|Gholdengo|84/100
|-damage|p2a: Gholdengo|67/100|[from] Spikes
|
|upkeep
|turn|22
|
|t:|1781098209
|move|p2a: Gholdengo|Shadow Ball|p1a: Lulu
|-resisted|p1a: Lulu
|-damage|p1a: Lulu|0 fnt
|faint|p1a: Lulu
|
|upkeep
|
|t:|1781098216
|switch|p1a: Tusk The Great|Great Tusk|100/100
|turn|23
|
|t:|1781098222
|switch|p2a: Tornadus|Tornadus-Therian, M|92/100 tox
|move|p1a: Tusk The Great|Headlong Rush|p2a: Tornadus
|-immune|p2a: Tornadus
|
|-damage|p2a: Tornadus|86/100 tox|[from] psn
|upkeep
|turn|24
|
|t:|1781098228
|-end|p1a: Tusk The Great|Protosynthesis|[silent]
|switch|p1a: Corvette Corvette|Corviknight, M|23/100
|-damage|p1a: Corvette Corvette|11/100|[from] Stealth Rock
|-ability|p1a: Corvette Corvette|Pressure
|move|p2a: Tornadus|Hurricane|p1a: Corvette Corvette
|-resisted|p1a: Corvette Corvette
|-damage|p1a: Corvette Corvette|0 fnt
|faint|p1a: Corvette Corvette
|
|-damage|p2a: Tornadus|74/100 tox|[from] psn
|upkeep
|
|t:|1781098230
|switch|p1a: Say it ain't Slo|Slowking-Galar, F|56/100
|-damage|p1a: Say it ain't Slo|44/100|[from] Stealth Rock
|-damage|p1a: Say it ain't Slo|31/100|[from] Spikes
|turn|25
|
|t:|1781098237
|move|p2a: Tornadus|Knock Off|p1a: Say it ain't Slo
|-supereffective|p1a: Say it ain't Slo
|-damage|p1a: Say it ain't Slo|3/100
|-prepare|p1a: Say it ain't Slo|Chilly Reception|[premajor]
|move|p1a: Say it ain't Slo|Chilly Reception|p1a: Say it ain't Slo
|-weather|Snowscape
|
|t:|1781098239
|switch|p1a: Dengos Domain|Gholdengo|82/100|[from] Chilly Reception
|-damage|p1a: Dengos Domain|76/100|[from] Stealth Rock
|-damage|p1a: Dengos Domain|63/100|[from] Spikes
|
|-weather|Snowscape|[upkeep]
|-damage|p2a: Tornadus|56/100 tox|[from] psn
|upkeep
|turn|26
|
|t:|1781098249
|move|p2a: Tornadus|Knock Off|p1a: Dengos Domain
|-supereffective|p1a: Dengos Domain
|-damage|p1a: Dengos Domain|36/100
|-enditem|p1a: Dengos Domain|Ability Shield|[from] move: Knock Off|[of] p2a: Tornadus
|move|p1a: Dengos Domain|Recover|p1a: Dengos Domain
|-heal|p1a: Dengos Domain|86/100
|
|-weather|Snowscape|[upkeep]
|-damage|p2a: Tornadus|31/100 tox|[from] psn
|upkeep
|turn|27
|j| choispecs ironmoth
|
|t:|1781098294
|move|p2a: Tornadus|Heat Wave|p1a: Dengos Domain
|-supereffective|p1a: Dengos Domain
|-damage|p1a: Dengos Domain|42/100
|move|p1a: Dengos Domain|Shadow Ball|p2a: Tornadus
|-damage|p2a: Tornadus|0 fnt
|faint|p2a: Tornadus
|
|-weather|Snowscape|[upkeep]
|upkeep
|
|t:|1781098300
|switch|p2a: Lokix|Lokix, M|55/100
|-damage|p2a: Lokix|38/100|[from] Spikes
|turn|28
|
|t:|1781098308
|switch|p1a: Say it ain't Slo|Slowking-Galar, F|36/100
|-damage|p1a: Say it ain't Slo|24/100|[from] Stealth Rock
|-damage|p1a: Say it ain't Slo|11/100|[from] Spikes
|-terastallize|p2a: Lokix|Bug
|move|p2a: Lokix|First Impression|p1a: Say it ain't Slo
|-damage|p1a: Say it ain't Slo|0 fnt
|faint|p1a: Say it ain't Slo
|
|-weather|Snowscape|[upkeep]
|upkeep
|
|t:|1781098312
|switch|p1a: Dengos Domain|Gholdengo|42/100
|-damage|p1a: Dengos Domain|35/100|[from] Stealth Rock
|-damage|p1a: Dengos Domain|23/100|[from] Spikes
|turn|29
|
|t:|1781098326
|switch|p2a: Gholdengo|Gholdengo|67/100
|-damage|p2a: Gholdengo|51/100|[from] Spikes
|move|p1a: Dengos Domain|Shadow Ball|p2a: Gholdengo
|-supereffective|p2a: Gholdengo
|-damage|p2a: Gholdengo|0 fnt
|faint|p2a: Gholdengo
|
|-weather|none
|upkeep
|
|t:|1781098331
|switch|p2a: Lokix|Lokix, M, tera:Bug|38/100
|-damage|p2a: Lokix|22/100|[from] Spikes
|turn|30
|
|t:|1781098355
|switch|p1a: Tusk The Great|Great Tusk|100/100
|move|p2a: Lokix|First Impression|p1a: Tusk The Great
|-resisted|p1a: Tusk The Great
|-damage|p1a: Tusk The Great|41/100
|
|upkeep
|turn|31
|
|t:|1781098363
|switch|p2a: Hydrapple|Hydrapple, F|100/100
|-damage|p2a: Hydrapple|84/100|[from] Spikes
|move|p1a: Tusk The Great|Rapid Spin|p2a: Hydrapple
|-damage|p2a: Hydrapple|74/100
|-boost|p1a: Tusk The Great|spe|1
|-damage|p1a: Tusk The Great|24/100|[from] item: Rocky Helmet|[of] p2a: Hydrapple
|-sideend|p1: jd2sleepy|Spikes|[from] move: Rapid Spin|[of] p1a: Tusk The Great
|-sideend|p1: jd2sleepy|Stealth Rock|[from] move: Rapid Spin|[of] p1a: Tusk The Great
|
|upkeep
|turn|32
|j| newhere1310
|
|t:|1781098369
|move|p1a: Tusk The Great|Stealth Rock|p2a: Hydrapple
|-sidestart|p2: A real wizard|move: Stealth Rock
|move|p2a: Hydrapple|Giga Drain|p1a: Tusk The Great
|-supereffective|p1a: Tusk The Great
|-damage|p1a: Tusk The Great|0 fnt
|-heal|p2a: Hydrapple|85/100|[from] drain|[of] p1a: Tusk The Great
|faint|p1a: Tusk The Great
|-end|p1a: Tusk The Great|Protosynthesis|[silent]
|
|upkeep
|
|t:|1781098371
|switch|p1a: Dengos Domain|Gholdengo|23/100
|turn|33
|
|t:|1781098382
|switch|p2a: Great Tusk|Great Tusk|59/100
|-damage|p2a: Great Tusk|43/100|[from] Spikes
|-damage|p2a: Great Tusk|40/100|[from] Stealth Rock
|move|p1a: Dengos Domain|Recover|p1a: Dengos Domain
|-heal|p1a: Dengos Domain|73/100
|
|-heal|p2a: Great Tusk|46/100|[from] item: Leftovers
|upkeep
|turn|34
|
|t:|1781098388
|-terastallize|p1a: Dengos Domain|Fairy
|move|p2a: Great Tusk|Headlong Rush|p1a: Dengos Domain
|-damage|p1a: Dengos Domain|38/100
|-unboost|p2a: Great Tusk|def|1
|-unboost|p2a: Great Tusk|spd|1
|move|p1a: Dengos Domain|Dazzling Gleam|p2a: Great Tusk
|-supereffective|p2a: Great Tusk
|-damage|p2a: Great Tusk|0 fnt
|faint|p2a: Great Tusk
|-end|p2a: Great Tusk|Protosynthesis|[silent]
|
|upkeep
|
|t:|1781098396
|switch|p2a: Lokix|Lokix, M, tera:Bug|22/100
|-damage|p2a: Lokix|5/100|[from] Spikes
|-damage|p2a: Lokix|0 fnt|[from] Stealth Rock
|faint|p2a: Lokix
|
|t:|1781098397
|switch|p2a: Hydrapple|Hydrapple, F|100/100
|-damage|p2a: Hydrapple|84/100|[from] Spikes
|-damage|p2a: Hydrapple|72/100|[from] Stealth Rock
|turn|35
|
|t:|1781098405
|move|p1a: Dengos Domain|Dazzling Gleam|p2a: Hydrapple
|-supereffective|p2a: Hydrapple
|-damage|p2a: Hydrapple|2/100
|move|p2a: Hydrapple|Giga Drain|p1a: Dengos Domain
|-damage|p1a: Dengos Domain|11/100
|-heal|p2a: Hydrapple|14/100|[from] drain|[of] p1a: Dengos Domain
|
|upkeep
|turn|36
|
|t:|1781098412
|move|p1a: Dengos Domain|Dazzling Gleam|p2a: Hydrapple
|-supereffective|p2a: Hydrapple
|-damage|p2a: Hydrapple|0 fnt
|faint|p2a: Hydrapple
|
|win|jd2sleepy
|raw|jd2sleepy's rating: 1627 &rarr; <strong>1646</strong><br />(+19 for winning)
|raw|A real wizard's rating: 1610 &rarr; <strong>1591</strong><br />(-19 for losing)
|l|☆A real wizard
|player|p2|
|l| newhere1310
|l|☆jd2sleepy
|player|p1|
