|j|☆deepfriedmagikarp
|j|☆icylikedecember
|t:|1781563896
|gametype|singles
|player|p1|deepfriedmagikarp|pokemonranger-gen4|1760
|player|p2|icylikedecember|smasher|1712
|gen|9
|tier|[Gen 9] OU
|rated|
|rule|HP Percentage Mod: HP is shown in percentages
|rule|Endless Battle Clause: Forcing endless battles is banned
|rule|Species Clause: Limit one of each Pokémon
|rule|OHKO Clause: OHKO moves are banned
|rule|Evasion Items Clause: Evasion items are banned
|rule|Evasion Moves Clause: Evasion moves are banned
|rule|Evasion Abilities Clause: Evasion abilities are banned
|rule|Sleep Moves Clause: Sleep-inducing moves are banned
|clearpoke
|poke|p1|Hatterene, F|
|poke|p1|Great Tusk|
|poke|p1|Tornadus-Therian, M|
|poke|p1|Kyurem|
|poke|p1|Slowking-Galar, M|
|poke|p1|Kingambit, M|
|poke|p2|Corviknight, M|
|poke|p2|Slowking-Galar, M|
|poke|p2|Darkrai|
|poke|p2|Kyurem|
|poke|p2|Zamazenta-*|
|poke|p2|Crawdaunt, F|
|teampreview
|inactive|Battle timer is ON: inactive players will automatically lose when time's up. (requested by deepfriedmagikarp)
|
|t:|1781563906
|teamsize|p1|6
|teamsize|p2|6
|start
|switch|p1a: Hatterene|Hatterene, F|100/100
|switch|p2a: Darkrai|Darkrai|100/100
|turn|1
|
|t:|1781563911
|-terastallize|p2a: Darkrai|Poison
|move|p2a: Darkrai|Sludge Bomb|p1a: Hatterene
|-supereffective|p1a: Hatterene
|-damage|p1a: Hatterene|0 fnt
|faint|p1a: Hatterene
|
|upkeep
|
|t:|1781563920
|switch|p1a: Tornadus|Tornadus-Therian, M|100/100
|turn|2
|
|t:|1781563923
|move|p2a: Darkrai|Ice Beam|p1a: Tornadus
|-supereffective|p1a: Tornadus
|-damage|p1a: Tornadus|50/100
|-status|p1a: Tornadus|frz
|cant|p1a: Tornadus|frz
|
|upkeep
|turn|3
|
|t:|1781563929
|switch|p1a: Kingambit|Kingambit, M|100/100
|-activate|p1a: Kingambit|ability: Supreme Overlord
|-start|p1a: Kingambit|fallen1|[silent]
|move|p2a: Darkrai|Dark Pulse|p1a: Kingambit
|-resisted|p1a: Kingambit
|-damage|p1a: Kingambit|80/100
|
|-heal|p1a: Kingambit|87/100|[from] item: Leftovers
|upkeep
|turn|4
|
|t:|1781563932
|-end|p1a: Kingambit|fallen1|[silent]
|switch|p1a: Tornadus|Tornadus-Therian, M|83/100 frz
|move|p2a: Darkrai|Focus Blast|p1a: Tornadus
|-resisted|p1a: Tornadus
|-damage|p1a: Tornadus|68/100 frz
|
|upkeep
|turn|5
|
|t:|1781563936
|move|p2a: Darkrai|Ice Beam|p1a: Tornadus
|-supereffective|p1a: Tornadus
|-damage|p1a: Tornadus|15/100 frz
|-curestatus|p1a: Tornadus|frz|[msg]
|move|p1a: Tornadus|Knock Off|p2a: Darkrai
|-damage|p2a: Darkrai|74/100
|-enditem|p2a: Darkrai|Expert Belt|[from] move: Knock Off|[of] p1a: Tornadus
|
|upkeep
|turn|6
|
|t:|1781563940
|switch|p1a: Slowking|Slowking-Galar, M|100/100
|move|p2a: Darkrai|Dark Pulse|p1a: Slowking
|-supereffective|p1a: Slowking
|-damage|p1a: Slowking|36/100
|
|-heal|p1a: Slowking|42/100|[from] item: Black Sludge
|upkeep
|turn|7
|
|t:|1781563943
|switch|p1a: Tornadus|Tornadus-Therian, M|49/100
|move|p2a: Darkrai|Dark Pulse|p1a: Tornadus
|-damage|p1a: Tornadus|20/100
|
|upkeep
|turn|8
|
|t:|1781563947
|switch|p1a: Kingambit|Kingambit, M|87/100
|-activate|p1a: Kingambit|ability: Supreme Overlord
|-start|p1a: Kingambit|fallen1|[silent]
|move|p2a: Darkrai|Dark Pulse|p1a: Kingambit
|-resisted|p1a: Kingambit
|-damage|p1a: Kingambit|65/100
|
|-heal|p1a: Kingambit|71/100|[from] item: Leftovers
|upkeep
|turn|9
|
|t:|1781563951
|-end|p1a: Kingambit|fallen1|[silent]
|switch|p1a: Tornadus|Tornadus-Therian, M|53/100
|move|p2a: Darkrai|Dark Pulse|p1a: Tornadus
|-damage|p1a: Tornadus|24/100
|
|upkeep
|turn|10
|
|t:|1781563956
|switch|p1a: Kingambit|Kingambit, M|71/100
|-activate|p1a: Kingambit|ability: Supreme Overlord
|-start|p1a: Kingambit|fallen1|[silent]
|move|p2a: Darkrai|Dark Pulse|p1a: Kingambit
|-resisted|p1a: Kingambit
|-damage|p1a: Kingambit|50/100
|
|-heal|p1a: Kingambit|56/100|[from] item: Leftovers
|upkeep
|turn|11
|
|t:|1781563959
|move|p1a: Kingambit|Sucker Punch|p2a: Darkrai
|-damage|p2a: Darkrai|10/100
|move|p2a: Darkrai|Dark Pulse|p1a: Kingambit
|-resisted|p1a: Kingambit
|-damage|p1a: Kingambit|35/100
|
|-heal|p1a: Kingambit|41/100|[from] item: Leftovers
|upkeep
|turn|12
|
|t:|1781563963
|switch|p2a: Corviknight|Corviknight, M, shiny|100/100
|-ability|p2a: Corviknight|Pressure
|move|p1a: Kingambit|Kowtow Cleave|p2a: Corviknight
|-damage|p2a: Corviknight|69/100
|-damage|p1a: Kingambit|24/100|[from] item: Rocky Helmet|[of] p2a: Corviknight
|
|-heal|p1a: Kingambit|31/100|[from] item: Leftovers
|upkeep
|turn|13
|
|t:|1781563969
|-end|p1a: Kingambit|fallen1|[silent]
|switch|p1a: Tornadus|Tornadus-Therian, M|57/100
|move|p2a: Corviknight|U-turn|p1a: Tornadus
|-resisted|p1a: Tornadus
|-damage|p1a: Tornadus|48/100
|
|t:|1781563972
|switch|p2a: Darkrai|Darkrai, tera:Poison|10/100|[from] U-turn
|
|upkeep
|turn|14
|
|t:|1781563975
|switch|p1a: Kingambit|Kingambit, M|31/100
|-activate|p1a: Kingambit|ability: Supreme Overlord
|-start|p1a: Kingambit|fallen1|[silent]
|move|p2a: Darkrai|Ice Beam|p1a: Kingambit
|-resisted|p1a: Kingambit
|-damage|p1a: Kingambit|14/100
|
|-heal|p1a: Kingambit|21/100|[from] item: Leftovers
|upkeep
|turn|15
|
|t:|1781563978
|switch|p2a: Corviknight|Corviknight, M, shiny|69/100
|-ability|p2a: Corviknight|Pressure
|move|p1a: Kingambit|Sucker Punch||[still]
|-fail|p1a: Kingambit
|
|-heal|p1a: Kingambit|27/100|[from] item: Leftovers
|upkeep
|turn|16
|
|t:|1781563980
|-end|p1a: Kingambit|fallen1|[silent]
|switch|p1a: Tornadus|Tornadus-Therian, M|81/100
|move|p2a: Corviknight|U-turn|p1a: Tornadus
|-resisted|p1a: Tornadus
|-damage|p1a: Tornadus|73/100
|
|t:|1781563989
|switch|p2a: Darkrai|Darkrai, tera:Poison|10/100|[from] U-turn
|
|upkeep
|turn|17
|
|t:|1781563992
|move|p2a: Darkrai|Ice Beam|p1a: Tornadus
|-supereffective|p1a: Tornadus
|-damage|p1a: Tornadus|31/100
|move|p1a: Tornadus|Knock Off|p2a: Darkrai
|-damage|p2a: Darkrai|0 fnt
|faint|p2a: Darkrai
|
|upkeep
|
|t:|1781563999
|switch|p2a: Kyurem|Kyurem|100/100
|-ability|p2a: Kyurem|Pressure
|turn|18
|
|t:|1781564004
|move|p1a: Tornadus|Knock Off|p2a: Kyurem
|-damage|p2a: Kyurem|82/100
|-enditem|p2a: Kyurem|Choice Specs|[from] move: Knock Off|[of] p1a: Tornadus
|move|p2a: Kyurem|Ice Beam|p1a: Tornadus
|-supereffective|p1a: Tornadus
|-damage|p1a: Tornadus|0 fnt
|faint|p1a: Tornadus
|
|upkeep
|
|t:|1781564011
|switch|p1a: Kyurem|Kyurem|100/100
|-ability|p1a: Kyurem|Pressure
|turn|19
|
|t:|1781564014
|switch|p2a: Slowking|Slowking-Galar, M, shiny|100/100
|-terastallize|p1a: Kyurem|Ice
|move|p1a: Kyurem|Ice Beam|p2a: Slowking
|-damage|p2a: Slowking|55/100
|
|upkeep
|turn|20
|
|t:|1781564018
|move|p1a: Kyurem|Ice Beam|p2a: Slowking
|-damage|p2a: Slowking|13/100
|-status|p2a: Slowking|frz
|cant|p2a: Slowking|frz
|
|upkeep
|turn|21
|
|t:|1781564026
|move|p1a: Kyurem|Ice Beam|p2a: Slowking
|-damage|p2a: Slowking|0 fnt
|faint|p2a: Slowking
|
|upkeep
|
|t:|1781564028
|switch|p2a: Zamazenta|Zamazenta|100/100
|-ability|p2a: Zamazenta|Dauntless Shield|boost
|-boost|p2a: Zamazenta|def|1
|turn|22
|
|t:|1781564030
|switch|p1a: Great Tusk|Great Tusk|100/100
|move|p2a: Zamazenta|Crunch|p1a: Great Tusk
|-resisted|p1a: Great Tusk
|-damage|p1a: Great Tusk|93/100
|-unboost|p1a: Great Tusk|def|1
|-damage|p2a: Zamazenta|84/100|[from] item: Rocky Helmet|[of] p1a: Great Tusk
|
|-heal|p2a: Zamazenta|90/100|[from] item: Leftovers
|upkeep
|turn|23
|
|t:|1781564037
|move|p2a: Zamazenta|Iron Defense|p2a: Zamazenta
|-boost|p2a: Zamazenta|def|2
|move|p1a: Great Tusk|Stealth Rock|p2a: Zamazenta
|-sidestart|p2: icylikedecember|move: Stealth Rock
|
|-heal|p2a: Zamazenta|96/100|[from] item: Leftovers
|upkeep
|turn|24
|
|t:|1781564042
|-end|p1a: Great Tusk|Protosynthesis|[silent]
|switch|p1a: Slowking|Slowking-Galar, M|75/100
|move|p2a: Zamazenta|Body Press|p1a: Slowking
|-resisted|p1a: Slowking
|-damage|p1a: Slowking|60/100
|
|-heal|p2a: Zamazenta|100/100|[from] item: Leftovers
|-heal|p1a: Slowking|66/100|[from] item: Black Sludge
|upkeep
|turn|25
|
|t:|1781564047
|move|p2a: Zamazenta|Crunch|p1a: Slowking
|-supereffective|p1a: Slowking
|-damage|p1a: Slowking|37/100
|move|p1a: Slowking|Future Sight|p2a: Zamazenta
|-start|p1a: Slowking|move: Future Sight
|
|-heal|p1a: Slowking|43/100|[from] item: Black Sludge
|upkeep
|turn|26
|
|t:|1781564052
|switch|p1a: Great Tusk|Great Tusk|93/100
|move|p2a: Zamazenta|Iron Defense|p2a: Zamazenta
|-boost|p2a: Zamazenta|def|2
|
|upkeep
|turn|27
|
|t:|1781564054
|-end|p1a: Great Tusk|Protosynthesis|[silent]
|switch|p1a: Slowking|Slowking-Galar, M|76/100
|move|p2a: Zamazenta|Body Press|p1a: Slowking
|-resisted|p1a: Slowking
|-damage|p1a: Slowking|54/100
|
|-end|p2a: Zamazenta|move: Future Sight
|-supereffective|p2a: Zamazenta
|-damage|p2a: Zamazenta|29/100
|-heal|p2a: Zamazenta|36/100|[from] item: Leftovers
|-heal|p1a: Slowking|60/100|[from] item: Black Sludge
|upkeep
|turn|28
|
|t:|1781564059
|move|p2a: Zamazenta|Crunch|p1a: Slowking
|-supereffective|p1a: Slowking
|-damage|p1a: Slowking|26/100
|move|p1a: Slowking|Trick|p2a: Zamazenta
|-activate|p1a: Slowking|move: Trick|[of] p2a: Zamazenta
|-item|p2a: Zamazenta|Black Sludge|[from] move: Trick
|-item|p1a: Slowking|Leftovers|[from] move: Trick
|
|-damage|p2a: Zamazenta|23/100|[from] item: Black Sludge
|-heal|p1a: Slowking|33/100|[from] item: Leftovers
|upkeep
|turn|29
|
|t:|1781564068
|switch|p1a: Great Tusk|Great Tusk|93/100
|move|p2a: Zamazenta|Body Press|p1a: Great Tusk
|-crit|p1a: Great Tusk
|-damage|p1a: Great Tusk|0 fnt
|-damage|p2a: Zamazenta|7/100|[from] item: Rocky Helmet|[of] p1a: Great Tusk
|faint|p1a: Great Tusk
|-end|p1a: Great Tusk|Protosynthesis|[silent]
|
|-damage|p2a: Zamazenta|0 fnt|[from] item: Black Sludge
|faint|p2a: Zamazenta
|upkeep
|
|t:|1781564074
|switch|p2a: Kyurem|Kyurem|82/100
|switch|p1a: Kyurem|Kyurem, tera:Ice|100/100
|-damage|p2a: Kyurem|57/100|[from] Stealth Rock
|-ability|p2a: Kyurem|Pressure
|-ability|p1a: Kyurem|Pressure
|turn|30
|
|t:|1781564078
|move|p2a: Kyurem|Draco Meteor|p1a: Kyurem
|-damage|p1a: Kyurem|31/100
|-unboost|p2a: Kyurem|spa|2
|move|p1a: Kyurem|Ice Beam|p2a: Kyurem
|-damage|p2a: Kyurem|0 fnt
|faint|p2a: Kyurem
|
|upkeep
|j| Golem Rising
|
|t:|1781564085
|switch|p2a: Crawdaunt|Crawdaunt, F|100/100
|-damage|p2a: Crawdaunt|88/100|[from] Stealth Rock
|turn|31
|
|t:|1781564090
|switch|p1a: Slowking|Slowking-Galar, M|66/100
|move|p2a: Crawdaunt|Aqua Jet|p1a: Slowking
|-damage|p1a: Slowking|36/100
|
|-heal|p1a: Slowking|42/100|[from] item: Leftovers
|upkeep
|turn|32
|
|t:|1781564094
|switch|p2a: Corviknight|Corviknight, M, shiny|69/100
|-damage|p2a: Corviknight|56/100|[from] Stealth Rock
|-ability|p2a: Corviknight|Pressure
|-prepare|p1a: Slowking|Chilly Reception|[premajor]
|move|p1a: Slowking|Chilly Reception|p1a: Slowking
|-weather|Snowscape
|
|t:|1781564097
|switch|p1a: Kyurem|Kyurem, tera:Ice|31/100|[from] Chilly Reception
|-ability|p1a: Kyurem|Pressure
|
|-weather|Snowscape|[upkeep]
|upkeep
|turn|33
|
|t:|1781564099
|move|p1a: Kyurem|Blizzard|p2a: Corviknight
|-damage|p2a: Corviknight|0 fnt
|faint|p2a: Corviknight
|
|-weather|Snowscape|[upkeep]
|upkeep
|
|t:|1781564101
|switch|p2a: Crawdaunt|Crawdaunt, F|88/100
|-damage|p2a: Crawdaunt|76/100|[from] Stealth Rock
|turn|34
|
|t:|1781564105
|move|p2a: Crawdaunt|Aqua Jet|p1a: Kyurem
|-damage|p1a: Kyurem|3/100
|move|p1a: Kyurem|Blizzard|p2a: Crawdaunt
|-resisted|p2a: Crawdaunt
|-damage|p2a: Crawdaunt|0 fnt
|faint|p2a: Crawdaunt
|
|win|deepfriedmagikarp
|raw|deepfriedmagikarp's rating: 1760 &rarr; <strong>1777</strong><br />(+17 for winning)
|raw|icylikedecember's rating: 1712 &rarr; <strong>1695</strong><br />(-17 for losing)
|l|☆icylikedecember
|player|p2|
|c|☆deepfriedmagikarp|gg
|l| Golem Rising
|l|☆deepfriedmagikarp
|player|p1|
