|j|☆omari p
|j|☆extra-pseudo man
|t:|1781131329
|gametype|singles
|player|p1|omari p|pokemonrangerf|1583
|player|p2|extra-pseudo man|266|1649
|gen|9
|tier|[Gen 9] OU
|rated|
|rule|HP Percentage Mod: HP is shown in percentages
|rule|Endless Battle Clause: Forcing endless battles is banned
|rule|Species Clause: Limit one of each Pokémon
|rule|OHKO Clause: OHKO moves are banned
|rule|Evasion Items Clause: Evasion items are banned
|rule|Evasion Moves Clause: Evasion moves are banned
|rule|Evasion Abilities Clause: Evasion abilities are banned
|rule|Sleep Moves Clause: Sleep-inducing moves are banned
|clearpoke
|poke|p1|Hoopa|
|poke|p1|Cinderace, M|
|poke|p1|Mandibuzz, F|
|poke|p1|Kyurem|
|poke|p1|Ting-Lu|
|poke|p1|Manaphy|
|poke|p2|Dragonite, M|
|poke|p2|Dragapult, M|
|poke|p2|Tyranitar, M|
|poke|p2|Metagross|
|poke|p2|Goodra-Hisui, M|
|poke|p2|Garchomp, F|
|teampreview
|c|☆extra-pseudo man|cool team
|
|t:|1781131349
|teamsize|p1|6
|teamsize|p2|6
|start
|switch|p1a: Kyurem|Kyurem|100/100
|switch|p2a: He pulten on it|Dragapult, M|100/100
|-ability|p1a: Kyurem|Pressure
|turn|1
|inactive|Battle timer is ON: inactive players will automatically lose when time's up. (requested by omari p)
|c|☆omari p|lol mono dragon / pseudo is wild
|inactive|extra-pseudo man has 120 seconds left.
|
|t:|1781131402
|switch|p2a: Tyranocif|Tyranitar, M|100/100
|-weather|Sandstorm|[from] ability: Sand Stream|[of] p2a: Tyranocif
|move|p1a: Kyurem|Ice Beam|p2a: Tyranocif
|-damage|p2a: Tyranocif|83/100
|
|-weather|Sandstorm|[upkeep]
|-damage|p1a: Kyurem|94/100|[from] Sandstorm
|-heal|p2a: Tyranocif|89/100|[from] item: Leftovers
|upkeep
|turn|2
|
|t:|1781131408
|switch|p1a: Ting-Lucifer|Ting-Lu|100/100
|-ability|p1a: Ting-Lucifer|Vessel of Ruin
|move|p2a: Tyranocif|Stealth Rock|p1a: Ting-Lucifer
|-sidestart|p1: omari p|move: Stealth Rock
|
|-weather|Sandstorm|[upkeep]
|-heal|p2a: Tyranocif|95/100|[from] item: Leftovers
|upkeep
|turn|3
|
|t:|1781131413
|move|p2a: Tyranocif|Knock Off|p1a: Ting-Lucifer
|-resisted|p1a: Ting-Lucifer
|-damage|p1a: Ting-Lucifer|89/100
|-enditem|p1a: Ting-Lucifer|Weakness Policy|[from] move: Knock Off|[of] p2a: Tyranocif
|move|p1a: Ting-Lucifer|Earthquake|p2a: Tyranocif
|-supereffective|p2a: Tyranocif
|-damage|p2a: Tyranocif|19/100
|
|-weather|Sandstorm|[upkeep]
|-heal|p2a: Tyranocif|25/100|[from] item: Leftovers
|upkeep
|turn|4
|
|t:|1781131422
|switch|p2a: Marill me|Garchomp, F|100/100
|move|p1a: Ting-Lucifer|Stealth Rock|p2a: Marill me
|-sidestart|p2: extra-pseudo man|move: Stealth Rock
|
|-weather|Sandstorm|[upkeep]
|upkeep
|turn|5
|
|t:|1781131426
|move|p2a: Marill me|Earthquake|p1a: Ting-Lucifer
|-damage|p1a: Ting-Lucifer|62/100
|move|p1a: Ting-Lucifer|Earthquake|p2a: Marill me
|-damage|p2a: Marill me|69/100
|
|-weather|none
|upkeep
|turn|6
|
|t:|1781131429
|move|p2a: Marill me|Earthquake|p1a: Ting-Lucifer
|-damage|p1a: Ting-Lucifer|37/100
|move|p1a: Ting-Lucifer|Earthquake|p2a: Marill me
|-damage|p2a: Marill me|38/100
|
|upkeep
|turn|7
|
|t:|1781131431
|move|p2a: Marill me|Earthquake|p1a: Ting-Lucifer
|-damage|p1a: Ting-Lucifer|13/100
|move|p1a: Ting-Lucifer|Earthquake|p2a: Marill me
|-damage|p2a: Marill me|6/100
|
|upkeep
|turn|8
|
|t:|1781131435
|switch|p1a: Mandibuzz|Mandibuzz, F, shiny|100/100
|-damage|p1a: Mandibuzz|76/100|[from] Stealth Rock
|move|p2a: Marill me|Earthquake|p1a: Mandibuzz
|-immune|p1a: Mandibuzz
|
|upkeep
|turn|9
|
|t:|1781131442
|switch|p2a: The goot|Goodra-Hisui, M|100/100
|-damage|p2a: The goot|94/100|[from] Stealth Rock
|move|p1a: Mandibuzz|Roost|p1a: Mandibuzz
|-heal|p1a: Mandibuzz|100/100
|-singleturn|p1a: Mandibuzz|move: Roost
|
|upkeep
|turn|10
|
|t:|1781131447
|move|p2a: The goot|Ice Beam|p1a: Mandibuzz
|-supereffective|p1a: Mandibuzz
|-damage|p1a: Mandibuzz|21/100
|move|p1a: Mandibuzz|Defog|p2a: The goot
|-unboost|p2a: The goot|evasion|1
|-sideend|p2: extra-pseudo man|Stealth Rock|[from] move: Defog|[of] p1a: Mandibuzz
|-sideend|p1: omari p|Stealth Rock|[from] move: Defog|[of] p1a: Mandibuzz
|
|upkeep
|turn|11
|
|t:|1781131450
|switch|p1a: Cinderace|Cinderace, M|100/100
|move|p2a: The goot|Ice Beam|p1a: Cinderace
|-resisted|p1a: Cinderace
|-damage|p1a: Cinderace|68/100
|
|upkeep
|turn|12
|
|t:|1781131454
|switch|p2a: Marill me|Garchomp, F|6/100
|move|p1a: Cinderace|Pyro Ball|p2a: Marill me
|-resisted|p2a: Marill me
|-damage|p2a: Marill me|0 fnt
|faint|p2a: Marill me
|
|upkeep
|
|t:|1781131459
|switch|p2a: He pulten on it|Dragapult, M|100/100
|turn|13
|
|t:|1781131462
|switch|p1a: Ting-Lucifer|Ting-Lu|13/100
|-ability|p1a: Ting-Lucifer|Vessel of Ruin
|move|p2a: He pulten on it|Draco Meteor|p1a: Ting-Lucifer
|-damage|p1a: Ting-Lucifer|0 fnt
|-unboost|p2a: He pulten on it|spa|2
|faint|p1a: Ting-Lucifer
|
|upkeep
|
|t:|1781131468
|switch|p1a: Manaphy|Manaphy|100/100
|turn|14
|
|t:|1781131471
|move|p2a: He pulten on it|U-turn|p1a: Manaphy
|-damage|p1a: Manaphy|86/100
|
|t:|1781131472
|switch|p2a: The goot|Goodra-Hisui, M|94/100|[from] U-turn
|move|p1a: Manaphy|Tail Glow|p1a: Manaphy
|-boost|p1a: Manaphy|spa|3
|
|-heal|p1a: Manaphy|93/100|[from] item: Leftovers
|upkeep
|turn|15
|
|t:|1781131476
|move|p1a: Manaphy|Alluring Voice|p2a: The goot
|-damage|p2a: The goot|56/100
|move|p2a: The goot|Thunderbolt|p1a: Manaphy
|-supereffective|p1a: Manaphy
|-damage|p1a: Manaphy|11/100
|
|-heal|p1a: Manaphy|18/100|[from] item: Leftovers
|upkeep
|turn|16
|
|t:|1781131478
|move|p1a: Manaphy|Alluring Voice|p2a: The goot
|-damage|p2a: The goot|16/100
|move|p2a: The goot|Thunderbolt|p1a: Manaphy
|-supereffective|p1a: Manaphy
|-damage|p1a: Manaphy|0 fnt
|faint|p1a: Manaphy
|
|upkeep
|
|t:|1781131485
|switch|p1a: Cinderace|Cinderace, M|68/100
|turn|17
|
|t:|1781131490
|move|p1a: Cinderace|Pyro Ball|p2a: The goot
|-damage|p2a: The goot|0 fnt
|faint|p2a: The goot
|
|upkeep
|
|t:|1781131498
|switch|p2a: He pulten on it|Dragapult, M|100/100
|turn|18
|
|t:|1781131521
|move|p2a: He pulten on it|Draco Meteor|p1a: Cinderace
|-damage|p1a: Cinderace|0 fnt
|-unboost|p2a: He pulten on it|spa|2
|faint|p1a: Cinderace
|
|upkeep
|
|t:|1781131527
|switch|p1a: Mandibuzz|Mandibuzz, F, shiny|21/100
|turn|19
|
|t:|1781131546
|-terastallize|p1a: Mandibuzz|Fairy
|move|p2a: He pulten on it|Draco Meteor|p1a: Mandibuzz
|-immune|p1a: Mandibuzz
|move|p1a: Mandibuzz|Roost|p1a: Mandibuzz
|-heal|p1a: Mandibuzz|71/100
|
|upkeep
|turn|20
|
|t:|1781131551
|move|p2a: He pulten on it|Will-O-Wisp|p1a: Mandibuzz
|-status|p1a: Mandibuzz|brn
|move|p1a: Mandibuzz|Foul Play|p2a: He pulten on it
|-supereffective|p2a: He pulten on it
|-damage|p2a: He pulten on it|57/100
|
|-damage|p1a: Mandibuzz|65/100 brn|[from] brn
|upkeep
|turn|21
|
|t:|1781131555
|move|p2a: He pulten on it|U-turn|p1a: Mandibuzz
|-resisted|p1a: Mandibuzz
|-damage|p1a: Mandibuzz|60/100 brn
|-damage|p2a: He pulten on it|40/100|[from] item: Rocky Helmet|[of] p1a: Mandibuzz
|
|t:|1781131558
|switch|p2a: kaboom|Metagross|100/100|[from] U-turn
|move|p1a: Mandibuzz|Foul Play|p2a: kaboom
|-supereffective|p2a: kaboom
|-damage|p2a: kaboom|48/100
|
|-damage|p1a: Mandibuzz|54/100 brn|[from] brn
|upkeep
|turn|22
|
|t:|1781131566
|move|p2a: kaboom|Heavy Slam|p1a: Mandibuzz
|-supereffective|p1a: Mandibuzz
|-damage|p1a: Mandibuzz|0 fnt
|-damage|p2a: kaboom|32/100|[from] item: Rocky Helmet|[of] p1a: Mandibuzz
|faint|p1a: Mandibuzz
|
|upkeep
|
|t:|1781131570
|switch|p1a: Hoopa|Hoopa|100/100
|turn|23
|
|t:|1781131577
|move|p2a: kaboom|Heavy Slam|p1a: Hoopa
|-damage|p1a: Hoopa|0 fnt
|faint|p1a: Hoopa
|
|upkeep
|
|t:|1781131580
|switch|p1a: Kyurem|Kyurem|94/100
|-ability|p1a: Kyurem|Pressure
|turn|24
|
|t:|1781131582
|switch|p2a: Tyranocif|Tyranitar, M|25/100
|-weather|Sandstorm|[from] ability: Sand Stream|[of] p2a: Tyranocif
|move|p1a: Kyurem|Ice Beam|p2a: Tyranocif
|-damage|p2a: Tyranocif|5/100
|
|-weather|Sandstorm|[upkeep]
|-damage|p1a: Kyurem|88/100|[from] Sandstorm
|-heal|p2a: Tyranocif|11/100|[from] item: Leftovers
|upkeep
|turn|25
|
|t:|1781131585
|move|p1a: Kyurem|Ice Beam|p2a: Tyranocif
|-damage|p2a: Tyranocif|0 fnt
|faint|p2a: Tyranocif
|
|-weather|Sandstorm|[upkeep]
|-damage|p1a: Kyurem|82/100|[from] Sandstorm
|upkeep
|
|t:|1781131587
|switch|p2a: kaboom|Metagross|32/100
|turn|26
|c|☆extra-pseudo man|gg
|
|t:|1781131592
|-terastallize|p2a: kaboom|Steel
|move|p2a: kaboom|Bullet Punch|p1a: Kyurem
|-supereffective|p1a: Kyurem
|-damage|p1a: Kyurem|0 fnt
|faint|p1a: Kyurem
|
|win|extra-pseudo man
|raw|omari p's rating: 1583 &rarr; <strong>1567</strong><br />(-16 for losing)
|raw|extra-pseudo man's rating: 1649 &rarr; <strong>1665</strong><br />(+16 for winning)
|l|☆omari p
|player|p1|
