|j|☆barbordor
|j|☆KurisuChestnutOU
|t:|1781155308
|gametype|singles
|player|p1|barbordor|169|1508
|player|p2|KurisuChestnutOU|may-contest|1547
|gen|9
|tier|[Gen 9] OU
|rated|
|rule|HP Percentage Mod: HP is shown in percentages
|rule|Endless Battle Clause: Forcing endless battles is banned
|rule|Species Clause: Limit one of each Pokémon
|rule|OHKO Clause: OHKO moves are banned
|rule|Evasion Items Clause: Evasion items are banned
|rule|Evasion Moves Clause: Evasion moves are banned
|rule|Evasion Abilities Clause: Evasion abilities are banned
|rule|Sleep Moves Clause: Sleep-inducing moves are banned
|clearpoke
|poke|p1|Ceruledge, F|
|poke|p1|Breloom, F|
|poke|p1|Dragonite, F|
|poke|p1|Kingambit, M|
|poke|p1|Great Tusk|
|poke|p1|Weavile, F|
|poke|p2|Kingambit, F|
|poke|p2|Kommo-o, M|
|poke|p2|Iron Valiant|
|poke|p2|Kyurem|
|poke|p2|Iron Treads|
|poke|p2|Iron Crown|
|teampreview
|inactive|Battle timer is ON: inactive players will automatically lose when time's up. (requested by barbordor)
|
|t:|1781155315
|teamsize|p1|6
|teamsize|p2|6
|start
|switch|p1a: Weavile|Weavile, F|100/100
|switch|p2a: Kommo-o|Kommo-o, M|100/100
|-ability|p1a: Weavile|Pressure
|turn|1
|inactive|KurisuChestnutOU also wants the timer to be on.
|
|t:|1781155319
|move|p1a: Weavile|Triple Axel|p2a: Kommo-o
|-supereffective|p2a: Kommo-o
|-damage|p2a: Kommo-o|85/100
|-supereffective|p2a: Kommo-o
|-damage|p2a: Kommo-o|54/100
|-hitcount|p2a: Kommo-o|2
|move|p2a: Kommo-o|Drain Punch|p1a: Weavile
|-supereffective|p1a: Weavile
|-enditem|p1a: Weavile|Focus Sash
|-damage|p1a: Weavile|1/100
|-heal|p2a: Kommo-o|94/100|[from] drain|[of] p1a: Weavile
|
|-heal|p2a: Kommo-o|99/100|[from] item: Leftovers
|upkeep
|turn|2
|
|t:|1781155326
|switch|p2a: Kingambit|Kingambit, F|100/100
|move|p1a: Weavile|Triple Axel|p2a: Kingambit
|-resisted|p2a: Kingambit
|-damage|p2a: Kingambit|96/100
|-resisted|p2a: Kingambit
|-damage|p2a: Kingambit|87/100
|-resisted|p2a: Kingambit
|-damage|p2a: Kingambit|75/100
|-hitcount|p2a: Kingambit|3
|
|-heal|p2a: Kingambit|81/100|[from] item: Leftovers
|upkeep
|turn|3
|
|t:|1781155330
|switch|p1a: Great Tusk|Great Tusk|100/100
|-enditem|p1a: Great Tusk|Booster Energy
|-activate|p1a: Great Tusk|ability: Protosynthesis|[fromitem]
|-start|p1a: Great Tusk|protosynthesisatk
|move|p2a: Kingambit|Sucker Punch||[still]
|-fail|p2a: Kingambit
|
|-heal|p2a: Kingambit|87/100|[from] item: Leftovers
|upkeep
|turn|4
|
|t:|1781155344
|-end|p2a: Kingambit|fallenundefined|[silent]
|switch|p2a: Kyurem|Kyurem|100/100
|-ability|p2a: Kyurem|Pressure
|move|p1a: Great Tusk|Stealth Rock|p2a: Kyurem
|-sidestart|p2: KurisuChestnutOU|move: Stealth Rock
|
|upkeep
|turn|5
|
|t:|1781155348
|move|p2a: Kyurem|Icicle Spear|p1a: Great Tusk
|-supereffective|p1a: Great Tusk
|-damage|p1a: Great Tusk|81/100
|-supereffective|p1a: Great Tusk
|-damage|p1a: Great Tusk|61/100
|-supereffective|p1a: Great Tusk
|-damage|p1a: Great Tusk|41/100
|-supereffective|p1a: Great Tusk
|-damage|p1a: Great Tusk|23/100
|-hitcount|p1a: Great Tusk|4
|move|p1a: Great Tusk|Close Combat|p2a: Kyurem
|-supereffective|p2a: Kyurem
|-damage|p2a: Kyurem|0 fnt
|-unboost|p1a: Great Tusk|def|1
|-unboost|p1a: Great Tusk|spd|1
|faint|p2a: Kyurem
|
|upkeep
|
|t:|1781155355
|switch|p2a: Iron Treads|Iron Treads|100/100
|-damage|p2a: Iron Treads|98/100|[from] Stealth Rock
|-enditem|p2a: Iron Treads|Booster Energy
|-activate|p2a: Iron Treads|ability: Quark Drive|[fromitem]
|-start|p2a: Iron Treads|quarkdrivespe
|turn|6
|
|t:|1781155360
|move|p2a: Iron Treads|Earthquake|p1a: Great Tusk
|-damage|p1a: Great Tusk|0 fnt
|faint|p1a: Great Tusk
|-end|p1a: Great Tusk|Protosynthesis|[silent]
|
|upkeep
|
|t:|1781155363
|switch|p1a: Ceruledge|Ceruledge, F|100/100
|turn|7
|
|t:|1781155367
|move|p2a: Iron Treads|Earthquake|p1a: Ceruledge
|-supereffective|p1a: Ceruledge
|-enditem|p1a: Ceruledge|Focus Sash
|-damage|p1a: Ceruledge|1/100
|-ability|p1a: Ceruledge|Weak Armor|boost
|-unboost|p1a: Ceruledge|def|1
|-boost|p1a: Ceruledge|spe|2
|move|p1a: Ceruledge|Swords Dance|p1a: Ceruledge
|-boost|p1a: Ceruledge|atk|2
|
|upkeep
|turn|8
|
|t:|1781155375
|-terastallize|p2a: Iron Treads|Ghost
|move|p1a: Ceruledge|Bitter Blade|p2a: Iron Treads
|-damage|p2a: Iron Treads|35/100
|-heal|p1a: Ceruledge|42/100|[from] drain|[of] p2a: Iron Treads
|move|p2a: Iron Treads|Earthquake|p1a: Ceruledge
|-supereffective|p1a: Ceruledge
|-damage|p1a: Ceruledge|0 fnt
|faint|p1a: Ceruledge
|
|upkeep
|
|t:|1781155381
|switch|p1a: Kingambit|Kingambit, M|100/100
|-activate|p1a: Kingambit|ability: Supreme Overlord
|-start|p1a: Kingambit|fallen2|[silent]
|-item|p1a: Kingambit|Air Balloon
|turn|9
|
|t:|1781155389
|move|p2a: Iron Treads|Stealth Rock|p1a: Kingambit
|-sidestart|p1: barbordor|move: Stealth Rock
|move|p1a: Kingambit|Kowtow Cleave|p2a: Iron Treads
|-supereffective|p2a: Iron Treads
|-damage|p2a: Iron Treads|0 fnt
|faint|p2a: Iron Treads
|-end|p2a: Iron Treads|Quark Drive|[silent]
|
|upkeep
|
|t:|1781155399
|switch|p2a: Kommo-o|Kommo-o, M|99/100
|-damage|p2a: Kommo-o|94/100|[from] Stealth Rock
|turn|10
|
|t:|1781155407
|-end|p1a: Kingambit|fallen2|[silent]
|switch|p1a: Weavile|Weavile, F|1/100
|-damage|p1a: Weavile|0 fnt|[from] Stealth Rock
|faint|p1a: Weavile
|move|p2a: Kommo-o|Clangorous Soul|p2a: Kommo-o
|-boost|p2a: Kommo-o|atk|1
|-boost|p2a: Kommo-o|def|1
|-boost|p2a: Kommo-o|spa|1
|-boost|p2a: Kommo-o|spd|1
|-boost|p2a: Kommo-o|spe|1
|-damage|p2a: Kommo-o|61/100
|
|-heal|p2a: Kommo-o|67/100|[from] item: Leftovers
|upkeep
|
|t:|1781155409
|switch|p1a: Dragonite|Dragonite, F|100/100
|turn|11
|
|t:|1781155414
|move|p2a: Kommo-o|Substitute|p2a: Kommo-o
|-start|p2a: Kommo-o|Substitute
|-damage|p2a: Kommo-o|42/100
|move|p1a: Dragonite|Encore|p2a: Kommo-o
|-start|p2a: Kommo-o|Encore
|
|-heal|p2a: Kommo-o|48/100|[from] item: Leftovers
|upkeep
|turn|12
|
|t:|1781155419
|switch|p2a: Iron Valiant|Iron Valiant|100/100
|-damage|p2a: Iron Valiant|94/100|[from] Stealth Rock
|-enditem|p2a: Iron Valiant|Booster Energy
|-activate|p2a: Iron Valiant|ability: Quark Drive|[fromitem]
|-start|p2a: Iron Valiant|quarkdrivespe
|move|p1a: Dragonite|Dragon Dance|p1a: Dragonite
|-boost|p1a: Dragonite|atk|1
|-boost|p1a: Dragonite|spe|1
|
|upkeep
|turn|13
|
|t:|1781155428
|-terastallize|p1a: Dragonite|Fire
|move|p2a: Iron Valiant|Moonblast|p1a: Dragonite
|-resisted|p1a: Dragonite
|-damage|p1a: Dragonite|88/100
|move|p1a: Dragonite|Dragon Dance|p1a: Dragonite
|-boost|p1a: Dragonite|atk|1
|-boost|p1a: Dragonite|spe|1
|
|upkeep
|turn|14
|
|t:|1781155434
|move|p2a: Iron Valiant|Focus Blast|p1a: Dragonite
|-damage|p1a: Dragonite|20/100
|move|p1a: Dragonite|Fire Punch|p2a: Iron Valiant
|-damage|p2a: Iron Valiant|0 fnt
|faint|p2a: Iron Valiant
|-end|p2a: Iron Valiant|Quark Drive|[silent]
|
|upkeep
|
|t:|1781155437
|switch|p2a: Kingambit|Kingambit, F|87/100
|-damage|p2a: Kingambit|81/100|[from] Stealth Rock
|-activate|p2a: Kingambit|ability: Supreme Overlord
|-start|p2a: Kingambit|fallen3|[silent]
|turn|15
|
|t:|1781155443
|move|p2a: Kingambit|Sucker Punch|p1a: Dragonite
|-damage|p1a: Dragonite|0 fnt
|faint|p1a: Dragonite
|
|-heal|p2a: Kingambit|87/100|[from] item: Leftovers
|upkeep
|
|t:|1781155450
|switch|p1a: Breloom|Breloom, F|100/100
|-damage|p1a: Breloom|94/100|[from] Stealth Rock
|turn|16
|
|t:|1781155457
|move|p1a: Breloom|Mach Punch|p2a: Kingambit
|-supereffective|p2a: Kingambit
|-damage|p2a: Kingambit|0 fnt
|faint|p2a: Kingambit
|-end|p2a: Kingambit|fallen3|[silent]
|
|upkeep
|
|t:|1781155462
|switch|p2a: Iron Crown|Iron Crown|100/100
|-damage|p2a: Iron Crown|94/100|[from] Stealth Rock
|-enditem|p2a: Iron Crown|Booster Energy
|-activate|p2a: Iron Crown|ability: Quark Drive|[fromitem]
|-start|p2a: Iron Crown|quarkdrivespe
|turn|17
|
|t:|1781155470
|move|p2a: Iron Crown|Psychic Noise|p1a: Breloom
|-supereffective|p1a: Breloom
|-damage|p1a: Breloom|0 fnt
|faint|p1a: Breloom
|
|upkeep
|
|t:|1781155473
|switch|p1a: Kingambit|Kingambit, M|100/100
|-damage|p1a: Kingambit|94/100|[from] Stealth Rock
|-activate|p1a: Kingambit|ability: Supreme Overlord
|-start|p1a: Kingambit|fallen5|[silent]
|-item|p1a: Kingambit|Air Balloon
|turn|18
|
|t:|1781155479
|move|p2a: Iron Crown|Focus Blast|p1a: Kingambit|[miss]
|-miss|p2a: Iron Crown|p1a: Kingambit
|move|p1a: Kingambit|Swords Dance|p1a: Kingambit
|-boost|p1a: Kingambit|atk|2
|
|upkeep
|turn|19
|
|t:|1781155484
|move|p2a: Iron Crown|Focus Blast|p1a: Kingambit
|-supereffective|p1a: Kingambit
|-damage|p1a: Kingambit|0 fnt
|-enditem|p1a: Kingambit|Air Balloon
|faint|p1a: Kingambit
|-end|p1a: Kingambit|fallen5|[silent]
|
|win|KurisuChestnutOU
|raw|barbordor's rating: 1529 &rarr; <strong>1509</strong><br />(-20 for losing)
|raw|KurisuChestnutOU's rating: 1521 &rarr; <strong>1541</strong><br />(+20 for winning)
|l|☆KurisuChestnutOU
|player|p2|
|l|☆barbordor
|player|p1|
