|j|☆hdy nb
|j|☆samohi0
|t:|1781324607
|gametype|singles
|player|p1|hdy nb|colress|1600
|player|p2|samohi0|hoopster|1634
|gen|9
|tier|[Gen 9] OU
|rated|
|rule|HP Percentage Mod: HP is shown in percentages
|rule|Endless Battle Clause: Forcing endless battles is banned
|rule|Species Clause: Limit one of each Pokémon
|rule|OHKO Clause: OHKO moves are banned
|rule|Evasion Items Clause: Evasion items are banned
|rule|Evasion Moves Clause: Evasion moves are banned
|rule|Evasion Abilities Clause: Evasion abilities are banned
|rule|Sleep Moves Clause: Sleep-inducing moves are banned
|clearpoke
|poke|p1|Pelipper, F|
|poke|p1|Zapdos|
|poke|p1|Barraskewda, M|
|poke|p1|Iron Treads|
|poke|p1|Primarina, M|
|poke|p1|Greninja-*, M|
|poke|p2|Lokix, F|
|poke|p2|Iron Valiant|
|poke|p2|Alomomola, L99, F|
|poke|p2|Mandibuzz, F|
|poke|p2|Great Tusk|
|poke|p2|Gholdengo|
|teampreview
|
|t:|1781324615
|teamsize|p1|6
|teamsize|p2|6
|start
|switch|p1a: Pelipper|Pelipper, F|100/100
|switch|p2a: Shining Agito|Lokix, F, shiny|100/100
|-weather|RainDance|[from] ability: Drizzle|[of] p1a: Pelipper
|turn|1
|inactive|Battle timer is ON: inactive players will automatically lose when time's up. (requested by samohi0)
|
|t:|1781324638
|switch|p1a: Iron Treads|Iron Treads|100/100
|move|p2a: Shining Agito|U-turn|p1a: Iron Treads
|-resisted|p1a: Iron Treads
|-damage|p1a: Iron Treads|52/100
|
|t:|1781324642
|switch|p2a: Gills Exceed|Great Tusk|100/100|[from] U-turn
|
|-weather|RainDance|[upkeep]
|upkeep
|turn|2
|
|t:|1781324655
|-end|p1a: Iron Treads|Quark Drive|[silent]
|switch|p1a: Zapdos|Zapdos|100/100
|move|p2a: Gills Exceed|Stealth Rock|p1a: Zapdos
|-sidestart|p1: hdy nb|move: Stealth Rock
|
|-weather|RainDance|[upkeep]
|upkeep
|turn|3
|
|t:|1781324670
|-end|p2a: Gills Exceed|Protosynthesis|[silent]
|switch|p2a: MACHINE TORNADER|Gholdengo|100/100
|move|p1a: Zapdos|Weather Ball|p2a: MACHINE TORNADER
|-damage|p2a: MACHINE TORNADER|33/100
|
|-weather|RainDance|[upkeep]
|upkeep
|turn|4
|
|t:|1781324679
|move|p2a: MACHINE TORNADER|Shadow Ball|p1a: Zapdos
|-damage|p1a: Zapdos|59/100
|move|p1a: Zapdos|Weather Ball|p2a: MACHINE TORNADER
|-crit|p2a: MACHINE TORNADER
|-damage|p2a: MACHINE TORNADER|0 fnt
|faint|p2a: MACHINE TORNADER
|
|-weather|RainDance|[upkeep]
|-heal|p1a: Zapdos|65/100|[from] item: Leftovers
|upkeep
|
|t:|1781324681
|switch|p2a: G3-X|Iron Valiant, shiny|100/100
|turn|5
|
|t:|1781324693
|-terastallize|p2a: G3-X|Fairy
|move|p2a: G3-X|Moonblast|p1a: Zapdos
|-damage|p1a: Zapdos|0 fnt
|faint|p1a: Zapdos
|
|-weather|RainDance|[upkeep]
|upkeep
|
|t:|1781324703
|switch|p1a: Barraskewda|Barraskewda, M|100/100
|-damage|p1a: Barraskewda|88/100|[from] Stealth Rock
|turn|6
|
|t:|1781324709
|-end|p2a: G3-X|Quark Drive|[silent]
|switch|p2a: Tetsuya Sawaki|Alomomola, L99, F|100/100
|move|p1a: Barraskewda|Liquidation|p2a: Tetsuya Sawaki
|-resisted|p2a: Tetsuya Sawaki
|-damage|p2a: Tetsuya Sawaki|63/100
|
|-weather|RainDance|[upkeep]
|upkeep
|turn|7
|
|t:|1781324717
|move|p1a: Barraskewda|Liquidation|p2a: Tetsuya Sawaki
|-resisted|p2a: Tetsuya Sawaki
|-damage|p2a: Tetsuya Sawaki|30/100
|move|p2a: Tetsuya Sawaki|Flip Turn|p1a: Barraskewda
|-resisted|p1a: Barraskewda
|-damage|p1a: Barraskewda|67/100
|
|t:|1781324721
|switch|p2a: Overlord|Mandibuzz, F|100/100|[from] Flip Turn
|
|-weather|RainDance|[upkeep]
|upkeep
|turn|8
|
|t:|1781324729
|move|p1a: Barraskewda|Liquidation|p2a: Overlord
|-damage|p2a: Overlord|36/100
|move|p2a: Overlord|Foul Play|p1a: Barraskewda
|-damage|p1a: Barraskewda|0 fnt
|faint|p1a: Barraskewda
|
|-weather|none
|upkeep
|
|t:|1781324739
|switch|p1a: Pelipper|Pelipper, F|100/100
|-damage|p1a: Pelipper|76/100|[from] Stealth Rock
|-weather|RainDance|[from] ability: Drizzle|[of] p1a: Pelipper
|turn|9
|
|t:|1781324744
|move|p2a: Overlord|Roost|p2a: Overlord
|-heal|p2a: Overlord|87/100
|-singleturn|p2a: Overlord|move: Roost
|move|p1a: Pelipper|U-turn|p2a: Overlord
|-supereffective|p2a: Overlord
|-damage|p2a: Overlord|79/100
|
|t:|1781324756
|switch|p1a: Primarina|Primarina, M|100/100|[from] U-turn
|-damage|p1a: Primarina|88/100|[from] Stealth Rock
|
|-weather|RainDance|[upkeep]
|-heal|p1a: Primarina|94/100|[from] item: Leftovers
|upkeep
|turn|10
|
|t:|1781324765
|switch|p2a: Tetsuya Sawaki|Alomomola, L99, F|63/100
|move|p1a: Primarina|Substitute|p1a: Primarina
|-start|p1a: Primarina|Substitute
|-damage|p1a: Primarina|69/100
|
|-weather|RainDance|[upkeep]
|-heal|p1a: Primarina|75/100|[from] item: Leftovers
|upkeep
|turn|11
|
|t:|1781324774
|move|p1a: Primarina|Calm Mind|p1a: Primarina
|-boost|p1a: Primarina|spa|1
|-boost|p1a: Primarina|spd|1
|move|p2a: Tetsuya Sawaki|Flip Turn|p1a: Primarina
|-resisted|p1a: Primarina
|-activate|p1a: Primarina|move: Substitute|[damage]
|
|t:|1781324776
|switch|p2a: Shining Agito|Lokix, F, shiny|100/100|[from] Flip Turn
|
|-weather|RainDance|[upkeep]
|-heal|p1a: Primarina|81/100|[from] item: Leftovers
|upkeep
|turn|12
|
|t:|1781324787
|move|p2a: Shining Agito|U-turn|p1a: Primarina
|-resisted|p1a: Primarina
|-end|p1a: Primarina|Substitute
|
|t:|1781324812
|switch|p2a: Overlord|Mandibuzz, F|79/100|[from] U-turn
|move|p1a: Primarina|Hyper Voice|p2a: Overlord
|-damage|p2a: Overlord|0 fnt
|faint|p2a: Overlord
|
|-weather|RainDance|[upkeep]
|-heal|p1a: Primarina|87/100|[from] item: Leftovers
|upkeep
|
|t:|1781324815
|switch|p2a: G3-X|Iron Valiant, shiny, tera:Fairy|100/100
|turn|13
|
|t:|1781324827
|move|p2a: G3-X|Moonblast|p1a: Primarina
|-damage|p1a: Primarina|39/100
|move|p1a: Primarina|Hyper Voice|p2a: G3-X
|-damage|p2a: G3-X|0 fnt
|faint|p2a: G3-X
|-end|p2a: G3-X|Quark Drive|[silent]
|
|-weather|RainDance|[upkeep]
|-heal|p1a: Primarina|45/100|[from] item: Leftovers
|upkeep
|
|t:|1781324829
|switch|p2a: Shining Agito|Lokix, F, shiny|100/100
|turn|14
|
|t:|1781324844
|move|p2a: Shining Agito|Knock Off|p1a: Primarina
|-resisted|p1a: Primarina
|-damage|p1a: Primarina|0 fnt
|-enditem|p1a: Primarina|Leftovers|[from] move: Knock Off|[of] p2a: Shining Agito
|faint|p1a: Primarina
|
|-weather|RainDance|[upkeep]
|upkeep
|
|t:|1781324853
|switch|p1a: Greninja|Greninja, M|100/100
|-damage|p1a: Greninja|88/100|[from] Stealth Rock
|turn|15
|
|t:|1781324864
|switch|p2a: Tetsuya Sawaki|Alomomola, L99, F|97/100
|move|p1a: Greninja|Surf|p2a: Tetsuya Sawaki
|-start|p1a: Greninja|typechange|Water|[from] ability: Protean
|-resisted|p2a: Tetsuya Sawaki
|-damage|p2a: Tetsuya Sawaki|71/100
|
|-weather|RainDance|[upkeep]
|upkeep
|turn|16
|
|t:|1781324877
|move|p1a: Greninja|Surf|p2a: Tetsuya Sawaki
|-resisted|p2a: Tetsuya Sawaki
|-damage|p2a: Tetsuya Sawaki|46/100
|move|p2a: Tetsuya Sawaki|Flip Turn|p1a: Greninja
|-resisted|p1a: Greninja
|-damage|p1a: Greninja|69/100
|
|t:|1781324880
|switch|p2a: Shining Agito|Lokix, F, shiny|100/100|[from] Flip Turn
|
|-weather|none
|upkeep
|turn|17
|
|t:|1781324890
|switch|p1a: Pelipper|Pelipper, F|76/100
|-damage|p1a: Pelipper|51/100|[from] Stealth Rock
|-weather|RainDance|[from] ability: Drizzle|[of] p1a: Pelipper
|move|p2a: Shining Agito|First Impression|p1a: Pelipper
|-resisted|p1a: Pelipper
|-damage|p1a: Pelipper|5/100
|
|-weather|RainDance|[upkeep]
|upkeep
|turn|18
|
|t:|1781324903
|switch|p2a: Tetsuya Sawaki|Alomomola, L99, F|79/100
|move|p1a: Pelipper|Roost|p1a: Pelipper
|-heal|p1a: Pelipper|55/100
|-singleturn|p1a: Pelipper|move: Roost
|
|-weather|RainDance|[upkeep]
|upkeep
|turn|19
|
|t:|1781324913
|move|p1a: Pelipper|Roost|p1a: Pelipper
|-heal|p1a: Pelipper|100/100
|-singleturn|p1a: Pelipper|move: Roost
|move|p2a: Tetsuya Sawaki|Flip Turn|p1a: Pelipper
|-resisted|p1a: Pelipper
|-damage|p1a: Pelipper|91/100
|
|t:|1781324918
|switch|p2a: Shining Agito|Lokix, F, shiny|100/100|[from] Flip Turn
|
|-weather|RainDance|[upkeep]
|upkeep
|turn|20
|
|t:|1781324925
|move|p2a: Shining Agito|U-turn|p1a: Pelipper
|-resisted|p1a: Pelipper
|-damage|p1a: Pelipper|50/100
|
|t:|1781324927
|switch|p2a: Tetsuya Sawaki|Alomomola, L99, F|100/100|[from] U-turn
|move|p1a: Pelipper|Hurricane|p2a: Tetsuya Sawaki
|-damage|p2a: Tetsuya Sawaki|82/100
|
|-weather|RainDance|[upkeep]
|upkeep
|turn|21
|
|t:|1781324936
|move|p1a: Pelipper|Roost|p1a: Pelipper
|-heal|p1a: Pelipper|99/100
|-singleturn|p1a: Pelipper|move: Roost
|move|p2a: Tetsuya Sawaki|Flip Turn|p1a: Pelipper
|-resisted|p1a: Pelipper
|-damage|p1a: Pelipper|91/100
|
|t:|1781324939
|switch|p2a: Shining Agito|Lokix, F, shiny|100/100|[from] Flip Turn
|
|-weather|RainDance|[upkeep]
|upkeep
|turn|22
|
|t:|1781324951
|move|p2a: Shining Agito|U-turn|p1a: Pelipper
|-resisted|p1a: Pelipper
|-damage|p1a: Pelipper|55/100
|
|t:|1781324954
|switch|p2a: Tetsuya Sawaki|Alomomola, L99, F|100/100|[from] U-turn
|move|p1a: Pelipper|U-turn|p2a: Tetsuya Sawaki
|-damage|p2a: Tetsuya Sawaki|96/100
|
|t:|1781324962
|switch|p1a: Greninja|Greninja, M|69/100|[from] U-turn
|-damage|p1a: Greninja|57/100|[from] Stealth Rock
|
|-weather|RainDance|[upkeep]
|upkeep
|turn|23
|
|t:|1781324977
|move|p1a: Greninja|Dark Pulse|p2a: Tetsuya Sawaki
|-start|p1a: Greninja|typechange|Dark|[from] ability: Protean
|-crit|p2a: Tetsuya Sawaki
|-damage|p2a: Tetsuya Sawaki|53/100
|move|p2a: Tetsuya Sawaki|Flip Turn|p1a: Greninja
|-damage|p1a: Greninja|19/100
|
|t:|1781324981
|switch|p2a: Shining Agito|Lokix, F, shiny|100/100|[from] Flip Turn
|
|-weather|RainDance|[upkeep]
|upkeep
|turn|24
|
|t:|1781324990
|move|p2a: Shining Agito|First Impression|p1a: Greninja
|-supereffective|p1a: Greninja
|-damage|p1a: Greninja|0 fnt
|faint|p1a: Greninja
|
|-weather|none
|upkeep
|-message|hdy nb forfeited.
|
|win|samohi0
|raw|hdy nb's rating: 1600 &rarr; <strong>1582</strong><br />(-18 for losing)
|raw|samohi0's rating: 1634 &rarr; <strong>1652</strong><br />(+18 for winning)
|l|☆hdy nb
|player|p1|
|l|☆samohi0
|player|p2|
