|badge|p1|bronze|gen9ou|100-9
|badge|p1|silver|gen9pu|30-9
|uhtml|medal-msg|<div class="broadcast-blue">Curious what those medals under the avatar are? PS now has Ladder Seasons! For more information, check out the <a href="https://www.smogon.com/forums/threads/3740067/">thread on Smogon.</a></div>
|badge|p2|silver|gen9ou|30-9
|uhtml|medal-msg|<div class="broadcast-blue">Curious what those medals under the avatar are? PS now has Ladder Seasons! For more information, check out the <a href="https://www.smogon.com/forums/threads/3740067/">thread on Smogon.</a></div>
|j|☆ceo o wo chien
|j|‽elsadm27
|t:|1781245302
|gametype|singles
|player|p1|ceo o wo chien|fisherman-gen4|1877
|player|p2|elsadm27|battlegirl-gen4|1889
|gen|9
|tier|[Gen 9] OU
|rated|
|rule|HP Percentage Mod: HP is shown in percentages
|rule|Endless Battle Clause: Forcing endless battles is banned
|rule|Species Clause: Limit one of each Pokémon
|rule|OHKO Clause: OHKO moves are banned
|rule|Evasion Items Clause: Evasion items are banned
|rule|Evasion Moves Clause: Evasion moves are banned
|rule|Evasion Abilities Clause: Evasion abilities are banned
|rule|Sleep Moves Clause: Sleep-inducing moves are banned
|clearpoke
|poke|p1|Iron Treads|
|poke|p1|Wo-Chien|
|poke|p1|Gholdengo|
|poke|p1|Zapdos|
|poke|p1|Samurott-Hisui, M|
|poke|p1|Zamazenta-*|
|poke|p2|Clefable, F|
|poke|p2|Dragonite, F|
|poke|p2|Gholdengo|
|poke|p2|Gliscor, M|
|poke|p2|Ting-Lu|
|poke|p2|Zamazenta-*|
|teampreview
|inactive|Battle timer is ON: inactive players will automatically lose when time's up. (requested by ceo o wo chien)
|c|☆ceo o wo chien|hf
|inactive|elsadm27 has 120 seconds left.
|
|t:|1781245339
|teamsize|p1|6
|teamsize|p2|6
|start
|switch|p1a: Samurott|Samurott-Hisui, M|100/100
|switch|p2a: Ting-Lu|Ting-Lu|100/100
|-ability|p2a: Ting-Lu|Vessel of Ruin
|turn|1
|
|t:|1781245343
|move|p1a: Samurott|Swords Dance|p1a: Samurott
|-boost|p1a: Samurott|atk|2
|move|p2a: Ting-Lu|Earthquake|p1a: Samurott
|-crit|p1a: Samurott
|-damage|p1a: Samurott|29/100
|
|upkeep
|turn|2
|
|t:|1781245350
|switch|p2a: Dragonite|Dragonite, F|100/100
|move|p1a: Samurott|Razor Shell|p2a: Dragonite
|-resisted|p2a: Dragonite
|-damage|p2a: Dragonite|76/100
|-unboost|p2a: Dragonite|def|1
|
|upkeep
|turn|3
|
|t:|1781245355
|move|p2a: Dragonite|Extreme Speed|p1a: Samurott
|-damage|p1a: Samurott|0 fnt
|faint|p1a: Samurott
|
|upkeep
|
|t:|1781245357
|switch|p1a: Iron Treads|Iron Treads|100/100
|turn|4
|
|t:|1781245360
|switch|p2a: Ting-Lu|Ting-Lu|100/100
|-ability|p2a: Ting-Lu|Vessel of Ruin
|move|p1a: Iron Treads|Stealth Rock|p2a: Ting-Lu
|-sidestart|p2: elsadm27|move: Stealth Rock
|
|upkeep
|turn|5
|
|t:|1781245363
|-end|p1a: Iron Treads|Quark Drive|[silent]
|switch|p1a: Wo-Chien|Wo-Chien|100/100
|-ability|p1a: Wo-Chien|Tablets of Ruin
|move|p2a: Ting-Lu|Ruination|p1a: Wo-Chien
|-damage|p1a: Wo-Chien|50/100
|
|-heal|p1a: Wo-Chien|57/100|[from] item: Leftovers
|upkeep
|turn|6
|j| yuureisuisei
|
|t:|1781245370
|move|p1a: Wo-Chien|Knock Off|p2a: Ting-Lu
|-resisted|p2a: Ting-Lu
|-damage|p2a: Ting-Lu|93/100
|-enditem|p2a: Ting-Lu|Custap Berry|[from] move: Knock Off|[of] p1a: Wo-Chien
|move|p2a: Ting-Lu|Spikes|p1a: Wo-Chien
|-sidestart|p1: ceo o wo chien|Spikes
|
|-heal|p1a: Wo-Chien|63/100|[from] item: Leftovers
|upkeep
|turn|7
|
|t:|1781245372
|move|p1a: Wo-Chien|Leech Seed|p2a: Ting-Lu
|-start|p2a: Ting-Lu|move: Leech Seed
|move|p2a: Ting-Lu|Ruination|p1a: Wo-Chien
|-damage|p1a: Wo-Chien|32/100
|
|-heal|p1a: Wo-Chien|38/100|[from] item: Leftovers
|-damage|p2a: Ting-Lu|81/100|[from] Leech Seed|[of] p1a: Wo-Chien
|-heal|p1a: Wo-Chien|55/100|[silent]
|upkeep
|turn|8
|
|t:|1781245375
|switch|p2a: Clefable|Clefable, F|100/100
|move|p1a: Wo-Chien|Knock Off|p2a: Clefable
|-resisted|p2a: Clefable
|-crit|p2a: Clefable
|-damage|p2a: Clefable|86/100
|-damage|p1a: Wo-Chien|38/100|[from] item: Rocky Helmet|[of] p2a: Clefable
|-enditem|p2a: Clefable|Rocky Helmet|[from] move: Knock Off|[of] p1a: Wo-Chien
|
|-heal|p1a: Wo-Chien|45/100|[from] item: Leftovers
|upkeep
|turn|9
|
|t:|1781245381
|switch|p1a: Iron Treads|Iron Treads|100/100
|-damage|p1a: Iron Treads|88/100|[from] Spikes
|move|p2a: Clefable|Stealth Rock|p1a: Iron Treads
|-sidestart|p1: ceo o wo chien|move: Stealth Rock
|
|upkeep
|turn|10
|
|t:|1781245384
|switch|p2a: Gholdengo|Gholdengo|100/100
|-damage|p2a: Gholdengo|94/100|[from] Stealth Rock
|move|p1a: Iron Treads|Stone Edge|p2a: Gholdengo
|-resisted|p2a: Gholdengo
|-damage|p2a: Gholdengo|83/100
|
|upkeep
|turn|11
|
|t:|1781245393
|switch|p2a: Ting-Lu|Ting-Lu|81/100
|-damage|p2a: Ting-Lu|75/100|[from] Stealth Rock
|-ability|p2a: Ting-Lu|Vessel of Ruin
|move|p1a: Iron Treads|Earthquake|p2a: Ting-Lu
|-damage|p2a: Ting-Lu|43/100
|
|upkeep
|turn|12
|
|t:|1781245396
|move|p1a: Iron Treads|Rapid Spin|p2a: Ting-Lu
|-damage|p2a: Ting-Lu|35/100
|-boost|p1a: Iron Treads|spe|1
|-sideend|p1: ceo o wo chien|Spikes|[from] move: Rapid Spin|[of] p1a: Iron Treads
|-sideend|p1: ceo o wo chien|Stealth Rock|[from] move: Rapid Spin|[of] p1a: Iron Treads
|move|p2a: Ting-Lu|Earthquake|p1a: Iron Treads
|-supereffective|p1a: Iron Treads
|-damage|p1a: Iron Treads|18/100
|
|upkeep
|turn|13
|
|t:|1781245402
|move|p1a: Iron Treads|Earthquake|p2a: Ting-Lu
|-damage|p2a: Ting-Lu|3/100
|move|p2a: Ting-Lu|Earthquake|p1a: Iron Treads
|-supereffective|p1a: Iron Treads
|-damage|p1a: Iron Treads|0 fnt
|faint|p1a: Iron Treads
|-end|p1a: Iron Treads|Quark Drive|[silent]
|
|upkeep
|
|t:|1781245405
|switch|p1a: Gholdengo|Gholdengo|100/100
|-item|p1a: Gholdengo|Air Balloon
|turn|14
|
|t:|1781245408
|move|p1a: Gholdengo|Hex|p2a: Ting-Lu
|-resisted|p2a: Ting-Lu
|-damage|p2a: Ting-Lu|0 fnt
|faint|p2a: Ting-Lu
|
|upkeep
|
|t:|1781245417
|switch|p2a: Gliscor|Gliscor, M|100/100
|-damage|p2a: Gliscor|88/100|[from] Stealth Rock
|turn|15
|
|t:|1781245420
|switch|p1a: Wo-Chien|Wo-Chien|45/100
|-ability|p1a: Wo-Chien|Tablets of Ruin
|move|p2a: Gliscor|Swords Dance|p2a: Gliscor
|-boost|p2a: Gliscor|atk|2
|
|-heal|p1a: Wo-Chien|51/100|[from] item: Leftovers
|-status|p2a: Gliscor|tox|[from] item: Toxic Orb
|upkeep
|turn|16
|
|t:|1781245424
|move|p2a: Gliscor|Facade|p1a: Wo-Chien
|-damage|p1a: Wo-Chien|20/100
|move|p1a: Wo-Chien|Leech Seed|p2a: Gliscor
|-start|p2a: Gliscor|move: Leech Seed
|
|-heal|p1a: Wo-Chien|26/100|[from] item: Leftovers
|-damage|p2a: Gliscor|75/100 tox|[from] Leech Seed|[of] p1a: Wo-Chien
|-heal|p1a: Wo-Chien|38/100|[silent]
|-heal|p2a: Gliscor|88/100 tox|[from] ability: Poison Heal
|upkeep
|turn|17
|
|t:|1781245431
|move|p2a: Gliscor|Facade|p1a: Wo-Chien
|-damage|p1a: Wo-Chien|4/100
|move|p1a: Wo-Chien|Foul Play|p2a: Gliscor
|-damage|p2a: Gliscor|37/100 tox
|
|-heal|p1a: Wo-Chien|10/100|[from] item: Leftovers
|-damage|p2a: Gliscor|25/100 tox|[from] Leech Seed|[of] p1a: Wo-Chien
|-heal|p1a: Wo-Chien|22/100|[silent]
|-heal|p2a: Gliscor|37/100 tox|[from] ability: Poison Heal
|upkeep
|turn|18
|
|t:|1781245436
|move|p1a: Wo-Chien|Protect|p1a: Wo-Chien
|-singleturn|p1a: Wo-Chien|Protect
|move|p2a: Gliscor|Facade|p1a: Wo-Chien
|-activate|p1a: Wo-Chien|move: Protect
|
|-heal|p1a: Wo-Chien|28/100|[from] item: Leftovers
|-damage|p2a: Gliscor|25/100 tox|[from] Leech Seed|[of] p1a: Wo-Chien
|-heal|p1a: Wo-Chien|40/100|[silent]
|-heal|p2a: Gliscor|37/100 tox|[from] ability: Poison Heal
|upkeep
|turn|19
|j| QD KING
|
|t:|1781245441
|switch|p2a: Clefable|Clefable, F|86/100
|switch|p1a: Zapdos|Zapdos|100/100
|
|upkeep
|turn|20
|
|t:|1781245444
|move|p1a: Zapdos|Discharge|p2a: Clefable
|-damage|p2a: Clefable|51/100
|move|p2a: Clefable|Stealth Rock|p1a: Zapdos
|-sidestart|p1: ceo o wo chien|move: Stealth Rock
|
|upkeep
|turn|21
|
|t:|1781245447
|move|p1a: Zapdos|Discharge|p2a: Clefable
|-damage|p2a: Clefable|22/100
|move|p2a: Clefable|Moonlight|p2a: Clefable
|-heal|p2a: Clefable|72/100
|
|upkeep
|turn|22
|
|t:|1781245450
|move|p1a: Zapdos|Discharge|p2a: Clefable
|-damage|p2a: Clefable|42/100
|move|p2a: Clefable|Moonlight|p2a: Clefable
|-heal|p2a: Clefable|92/100
|
|upkeep
|turn|23
|
|t:|1781245453
|move|p1a: Zapdos|Discharge|p2a: Clefable
|-damage|p2a: Clefable|61/100
|move|p2a: Clefable|Encore|p1a: Zapdos
|-start|p1a: Zapdos|Encore
|
|upkeep
|turn|24
|
|t:|1781245458
|switch|p1a: Gholdengo|Gholdengo|100/100
|-damage|p1a: Gholdengo|94/100|[from] Stealth Rock
|-item|p1a: Gholdengo|Air Balloon
|move|p2a: Clefable|Moonlight|p2a: Clefable
|-heal|p2a: Clefable|100/100
|
|upkeep
|turn|25
|
|t:|1781245468
|switch|p2a: Gholdengo|Gholdengo|83/100
|-damage|p2a: Gholdengo|77/100|[from] Stealth Rock
|move|p1a: Gholdengo|Make It Rain|p2a: Gholdengo
|-resisted|p2a: Gholdengo
|-crit|p2a: Gholdengo
|-damage|p2a: Gholdengo|38/100
|-unboost|p1a: Gholdengo|spa|1
|
|upkeep
|turn|26
|
|t:|1781245471
|switch|p1a: Zapdos|Zapdos|100/100
|move|p2a: Gholdengo|Recover|p2a: Gholdengo
|-heal|p2a: Gholdengo|88/100
|
|upkeep
|turn|27
|
|t:|1781245476
|switch|p2a: Clefable|Clefable, F|100/100
|move|p1a: Zapdos|Hurricane|p2a: Clefable|[miss]
|-miss|p1a: Zapdos|p2a: Clefable
|
|upkeep
|turn|28
|
|t:|1781245480
|move|p1a: Zapdos|Discharge|p2a: Clefable
|-damage|p2a: Clefable|71/100
|move|p2a: Clefable|Moonblast|p1a: Zapdos
|-damage|p1a: Zapdos|70/100
|-unboost|p1a: Zapdos|spa|1
|
|upkeep
|turn|29
|
|t:|1781245486
|move|p1a: Zapdos|Discharge|p2a: Clefable
|-damage|p2a: Clefable|48/100
|move|p2a: Clefable|Moonblast|p1a: Zapdos
|-damage|p1a: Zapdos|41/100
|
|upkeep
|turn|30
|
|t:|1781245489
|move|p1a: Zapdos|Roost|p1a: Zapdos
|-heal|p1a: Zapdos|91/100
|-singleturn|p1a: Zapdos|move: Roost
|move|p2a: Clefable|Moonlight|p2a: Clefable
|-heal|p2a: Clefable|98/100
|
|upkeep
|turn|31
|
|t:|1781245491
|move|p1a: Zapdos|Discharge|p2a: Clefable
|-damage|p2a: Clefable|78/100
|-status|p2a: Clefable|par
|move|p2a: Clefable|Encore|p1a: Zapdos
|-start|p1a: Zapdos|Encore
|
|upkeep
|turn|32
|
|t:|1781245494
|switch|p1a: Gholdengo|Gholdengo|94/100
|-damage|p1a: Gholdengo|88/100|[from] Stealth Rock
|-item|p1a: Gholdengo|Air Balloon
|switch|p2a: Gliscor|Gliscor, M|37/100 tox
|-damage|p2a: Gliscor|25/100 tox|[from] Stealth Rock
|
|-heal|p2a: Gliscor|37/100 tox|[from] ability: Poison Heal
|upkeep
|turn|33
|
|t:|1781245497
|move|p2a: Gliscor|Protect|p2a: Gliscor
|-singleturn|p2a: Gliscor|Protect
|move|p1a: Gholdengo|Hex|p2a: Gliscor
|-activate|p2a: Gliscor|move: Protect
|
|-heal|p2a: Gliscor|50/100 tox|[from] ability: Poison Heal
|upkeep
|turn|34
|
|t:|1781245514
|switch|p2a: Dragonite|Dragonite, F|76/100
|move|p1a: Gholdengo|Make It Rain|p2a: Dragonite
|-damage|p2a: Dragonite|32/100
|-unboost|p1a: Gholdengo|spa|1
|
|upkeep
|turn|35
|
|t:|1781245520
|move|p1a: Gholdengo|Hex|p2a: Dragonite
|-damage|p2a: Dragonite|14/100
|move|p2a: Dragonite|Roost|p2a: Dragonite
|-heal|p2a: Dragonite|64/100
|-singleturn|p2a: Dragonite|move: Roost
|
|upkeep
|turn|36
|
|t:|1781245526
|move|p1a: Gholdengo|Thunder Wave|p2a: Dragonite
|-status|p2a: Dragonite|par
|move|p2a: Dragonite|Roost|p2a: Dragonite
|-heal|p2a: Dragonite|100/100 par
|-singleturn|p2a: Dragonite|move: Roost
|
|upkeep
|turn|37
|
|t:|1781245529
|switch|p1a: Zapdos|Zapdos|91/100
|move|p2a: Dragonite|Dragon Tail|p1a: Zapdos|[miss]
|-miss|p2a: Dragonite|p1a: Zapdos
|
|upkeep
|turn|38
|
|t:|1781245535
|move|p1a: Zapdos|Hurricane|p2a: Dragonite|[miss]
|-miss|p1a: Zapdos|p2a: Dragonite
|move|p2a: Dragonite|Dragon Tail|p1a: Zapdos
|-damage|p1a: Zapdos|66/100
|drag|p1a: Wo-Chien|Wo-Chien|40/100
|-damage|p1a: Wo-Chien|27/100|[from] Stealth Rock
|-ability|p1a: Wo-Chien|Tablets of Ruin
|
|-heal|p1a: Wo-Chien|33/100|[from] item: Leftovers
|upkeep
|turn|39
|
|t:|1781245541
|switch|p2a: Clefable|Clefable, F|78/100 par
|move|p1a: Wo-Chien|Protect||[still]
|-fail|p1a: Wo-Chien
|
|-heal|p1a: Wo-Chien|40/100|[from] item: Leftovers
|upkeep
|turn|40
|
|t:|1781245544
|move|p1a: Wo-Chien|Protect|p1a: Wo-Chien
|-singleturn|p1a: Wo-Chien|Protect
|cant|p2a: Clefable|par
|
|-heal|p1a: Wo-Chien|46/100|[from] item: Leftovers
|upkeep
|turn|41
|
|t:|1781245547
|switch|p1a: Gholdengo|Gholdengo|88/100
|-damage|p1a: Gholdengo|82/100|[from] Stealth Rock
|-item|p1a: Gholdengo|Air Balloon
|switch|p2a: Gliscor|Gliscor, M|50/100 tox
|-damage|p2a: Gliscor|37/100 tox|[from] Stealth Rock
|
|-heal|p2a: Gliscor|50/100 tox|[from] ability: Poison Heal
|upkeep
|turn|42
|
|t:|1781245550
|move|p2a: Gliscor|Protect|p2a: Gliscor
|-singleturn|p2a: Gliscor|Protect
|move|p1a: Gholdengo|Hex|p2a: Gliscor
|-activate|p2a: Gliscor|move: Protect
|
|-heal|p2a: Gliscor|62/100 tox|[from] ability: Poison Heal
|upkeep
|turn|43
|
|t:|1781245558
|-terastallize|p2a: Gliscor|Normal
|move|p2a: Gliscor|Swords Dance|p2a: Gliscor
|-boost|p2a: Gliscor|atk|2
|move|p1a: Gholdengo|Hex|p2a: Gliscor
|-immune|p2a: Gliscor
|
|-heal|p2a: Gliscor|75/100 tox|[from] ability: Poison Heal
|upkeep
|turn|44
|
|t:|1781245564
|move|p2a: Gliscor|Knock Off|p1a: Gholdengo
|-supereffective|p1a: Gholdengo
|-damage|p1a: Gholdengo|0 fnt
|-enditem|p1a: Gholdengo|Air Balloon
|faint|p1a: Gholdengo
|
|-heal|p2a: Gliscor|87/100 tox|[from] ability: Poison Heal
|upkeep
|
|t:|1781245566
|switch|p1a: Zamazenta|Zamazenta|100/100
|-damage|p1a: Zamazenta|94/100|[from] Stealth Rock
|-ability|p1a: Zamazenta|Dauntless Shield|boost
|-boost|p1a: Zamazenta|def|1
|turn|45
|
|t:|1781245571
|switch|p2a: Gholdengo|Gholdengo|88/100
|-damage|p2a: Gholdengo|82/100|[from] Stealth Rock
|move|p1a: Zamazenta|Iron Defense|p1a: Zamazenta
|-boost|p1a: Zamazenta|def|2
|
|-heal|p1a: Zamazenta|100/100|[from] item: Leftovers
|upkeep
|turn|46
|
|t:|1781245577
|switch|p1a: Wo-Chien|Wo-Chien|46/100
|-damage|p1a: Wo-Chien|33/100|[from] Stealth Rock
|-ability|p1a: Wo-Chien|Tablets of Ruin
|move|p2a: Gholdengo|Thunder Wave|p1a: Wo-Chien
|-status|p1a: Wo-Chien|par
|
|-heal|p1a: Wo-Chien|40/100 par|[from] item: Leftovers
|upkeep
|turn|47
|
|t:|1781245583
|switch|p2a: Clefable|Clefable, F|78/100 par
|switch|p1a: Zapdos|Zapdos|66/100
|
|upkeep
|turn|48
|
|t:|1781245585
|move|p1a: Zapdos|Hurricane|p2a: Clefable
|-damage|p2a: Clefable|32/100 par
|move|p2a: Clefable|Encore|p1a: Zapdos
|-start|p1a: Zapdos|Encore
|
|upkeep
|turn|49
|
|t:|1781245594
|move|p1a: Zapdos|Hurricane|p2a: Clefable
|-damage|p2a: Clefable|0 fnt
|faint|p2a: Clefable
|
|upkeep
|
|t:|1781245596
|switch|p2a: Gliscor|Gliscor, M, tera:Normal|87/100 tox
|-damage|p2a: Gliscor|75/100 tox|[from] Stealth Rock
|turn|50
|
|t:|1781245600
|move|p1a: Zapdos|Hurricane|p2a: Gliscor|[miss]
|-miss|p1a: Zapdos|p2a: Gliscor
|move|p2a: Gliscor|Facade|p1a: Zapdos
|-damage|p1a: Zapdos|30/100
|
|-heal|p2a: Gliscor|87/100 tox|[from] ability: Poison Heal
|upkeep
|turn|51
|
|t:|1781245603
|move|p1a: Zapdos|Hurricane|p2a: Gliscor
|-damage|p2a: Gliscor|51/100 tox
|move|p2a: Gliscor|Facade|p1a: Zapdos
|-damage|p1a: Zapdos|0 fnt
|faint|p1a: Zapdos
|
|-heal|p2a: Gliscor|63/100 tox|[from] ability: Poison Heal
|upkeep
|
|t:|1781245606
|switch|p1a: Zamazenta|Zamazenta|100/100
|-damage|p1a: Zamazenta|94/100|[from] Stealth Rock
|turn|52
|
|t:|1781245609
|move|p2a: Gliscor|Protect|p2a: Gliscor
|-singleturn|p2a: Gliscor|Protect
|move|p1a: Zamazenta|Crunch|p2a: Gliscor
|-activate|p2a: Gliscor|move: Protect
|
|-heal|p1a: Zamazenta|100/100|[from] item: Leftovers
|-heal|p2a: Gliscor|76/100 tox|[from] ability: Poison Heal
|upkeep
|turn|53
|
|t:|1781245613
|switch|p2a: Dragonite|Dragonite, F|100/100 par
|move|p1a: Zamazenta|Iron Defense|p1a: Zamazenta
|-boost|p1a: Zamazenta|def|2
|
|upkeep
|turn|54
|
|t:|1781245616
|switch|p2a: Gholdengo|Gholdengo|82/100
|-damage|p2a: Gholdengo|76/100|[from] Stealth Rock
|move|p1a: Zamazenta|Body Press|p2a: Gholdengo
|-immune|p2a: Gholdengo
|
|upkeep
|turn|55
|
|t:|1781245619
|move|p1a: Zamazenta|Crunch|p2a: Gholdengo
|-supereffective|p2a: Gholdengo
|-damage|p2a: Gholdengo|46/100
|move|p2a: Gholdengo|Thunder Wave|p1a: Zamazenta
|-status|p1a: Zamazenta|par
|
|upkeep
|turn|56
|
|t:|1781245622
|move|p2a: Gholdengo|Recover|p2a: Gholdengo
|-heal|p2a: Gholdengo|96/100
|move|p1a: Zamazenta|Crunch|p2a: Gholdengo
|-supereffective|p2a: Gholdengo
|-damage|p2a: Gholdengo|65/100
|-unboost|p2a: Gholdengo|def|1
|
|upkeep
|turn|57
|
|t:|1781245625
|switch|p2a: Dragonite|Dragonite, F|100/100 par
|move|p1a: Zamazenta|Crunch|p2a: Dragonite
|-damage|p2a: Dragonite|90/100 par
|
|upkeep
|turn|58
|
|t:|1781245629
|move|p1a: Zamazenta|Crunch|p2a: Dragonite
|-damage|p2a: Dragonite|71/100 par
|-unboost|p2a: Dragonite|def|1
|move|p2a: Dragonite|Dragon Tail|p1a: Zamazenta
|-damage|p1a: Zamazenta|89/100 par
|drag|p1a: Wo-Chien|Wo-Chien|40/100 par
|-damage|p1a: Wo-Chien|27/100 par|[from] Stealth Rock
|-ability|p1a: Wo-Chien|Tablets of Ruin
|
|-heal|p1a: Wo-Chien|33/100 par|[from] item: Leftovers
|upkeep
|turn|59
|j| kokosleeping
|
|t:|1781245634
|switch|p2a: Zamazenta|Zamazenta|100/100
|-ability|p2a: Zamazenta|Dauntless Shield|boost
|-boost|p2a: Zamazenta|def|1
|move|p1a: Wo-Chien|Knock Off|p2a: Zamazenta
|-resisted|p2a: Zamazenta
|-damage|p2a: Zamazenta|92/100
|-enditem|p2a: Zamazenta|Heavy-Duty Boots|[from] move: Knock Off|[of] p1a: Wo-Chien
|
|-heal|p1a: Wo-Chien|40/100 par|[from] item: Leftovers
|upkeep
|turn|60
|-message|ceo o wo chien forfeited.
|
|win|elsadm27
|raw|ceo o wo chien's rating: 1877 &rarr; <strong>1858</strong><br />(-19 for losing)
|raw|elsadm27's rating: 1889 &rarr; <strong>1908</strong><br />(+19 for winning)
|l|☆ceo o wo chien
|player|p1|
|l| yuureisuisei
|l|‽elsadm27
|player|p2|
