|j|☆lolcano46
|j|☆Lemonsq
|t:|1781042877
|gametype|singles
|player|p1|lolcano46|fisherman-gen4|1587
|player|p2|Lemonsq|266|1542
|gen|9
|tier|[Gen 9] OU
|rated|
|rule|HP Percentage Mod: HP is shown in percentages
|rule|Endless Battle Clause: Forcing endless battles is banned
|rule|Species Clause: Limit one of each Pokémon
|rule|OHKO Clause: OHKO moves are banned
|rule|Evasion Items Clause: Evasion items are banned
|rule|Evasion Moves Clause: Evasion moves are banned
|rule|Evasion Abilities Clause: Evasion abilities are banned
|rule|Sleep Moves Clause: Sleep-inducing moves are banned
|clearpoke
|poke|p1|Azelf|
|poke|p1|Ogerpon-Wellspring, F|
|poke|p1|Scizor, M|
|poke|p1|Gengar, M|
|poke|p1|Raging Bolt|
|poke|p1|Cinderace, F|
|poke|p2|Chesnaught, F|
|poke|p2|Raging Bolt|
|poke|p2|Corviknight, F|
|poke|p2|Garganacl, M|
|poke|p2|Primarina, M|
|poke|p2|Enamorus, F|
|teampreview
|inactive|Battle timer is ON: inactive players will automatically lose when time's up. (requested by lolcano46)
|inactive|Lemonsq has 120 seconds left.
|
|t:|1781042913
|teamsize|p1|6
|teamsize|p2|6
|start
|switch|p1a: Gengar|Gengar, M|100/100
|switch|p2a: Raging Bolt|Raging Bolt|100/100
|turn|1
|
|t:|1781042924
|move|p1a: Gengar|Sludge Bomb|p2a: Raging Bolt
|-damage|p2a: Raging Bolt|54/100
|move|p2a: Raging Bolt|Thunderbolt|p1a: Gengar
|-damage|p1a: Gengar|0 fnt
|faint|p1a: Gengar
|
|upkeep
|
|t:|1781042929
|switch|p1a: Azelf|Azelf|100/100
|turn|2
|
|t:|1781042934
|move|p1a: Azelf|Dazzling Gleam|p2a: Raging Bolt
|-supereffective|p2a: Raging Bolt
|-damage|p2a: Raging Bolt|0 fnt
|faint|p2a: Raging Bolt
|-end|p2a: Raging Bolt|Protosynthesis|[silent]
|
|upkeep
|inactive|Lemonsq has 120 seconds left.
|
|t:|1781042966
|switch|p2a: Garganacl|Garganacl, M|100/100
|turn|3
|
|t:|1781042971
|move|p1a: Azelf|Mystical Power|p2a: Garganacl
|-damage|p2a: Garganacl|75/100
|-boost|p1a: Azelf|spa|1
|move|p2a: Garganacl|Stealth Rock|p1a: Azelf
|-sidestart|p1: lolcano46|move: Stealth Rock
|
|-heal|p2a: Garganacl|81/100|[from] item: Leftovers
|upkeep
|turn|4
|
|t:|1781042980
|move|p1a: Azelf|Mystical Power|p2a: Garganacl
|-damage|p2a: Garganacl|48/100
|-boost|p1a: Azelf|spa|1
|move|p2a: Garganacl|Salt Cure|p1a: Azelf
|-damage|p1a: Azelf|78/100
|-start|p1a: Azelf|Salt Cure
|
|-heal|p2a: Garganacl|54/100|[from] item: Leftovers
|-damage|p1a: Azelf|65/100|[from] Salt Cure
|upkeep
|turn|5
|
|t:|1781042991
|move|p2a: Garganacl|Protect|p2a: Garganacl
|-singleturn|p2a: Garganacl|Protect
|move|p1a: Azelf|Mystical Power|p2a: Garganacl
|-activate|p2a: Garganacl|move: Protect
|
|-heal|p2a: Garganacl|60/100|[from] item: Leftovers
|-damage|p1a: Azelf|53/100|[from] Salt Cure
|upkeep
|turn|6
|
|t:|1781043000
|switch|p2a: Primarina|Primarina, M|100/100
|move|p1a: Azelf|Mystical Power|p2a: Primarina|[miss]
|-miss|p1a: Azelf|p2a: Primarina
|
|-damage|p1a: Azelf|41/100|[from] Salt Cure
|upkeep
|turn|7
|
|t:|1781043013
|move|p1a: Azelf|Thunderbolt|p2a: Primarina
|-supereffective|p2a: Primarina
|-damage|p2a: Primarina|9/100
|move|p2a: Primarina|Moonblast|p1a: Azelf
|-damage|p1a: Azelf|0 fnt
|faint|p1a: Azelf
|
|upkeep
|
|t:|1781043017
|switch|p1a: Cinderace|Cinderace, F|100/100
|turn|8
|inactive|Lemonsq has 120 seconds left.
|
|t:|1781043069
|move|p1a: Cinderace|Court Change|p1a: Cinderace
|-start|p1a: Cinderace|typechange|Normal|[from] ability: Libero
|-swapsideconditions
|-activate|p1a: Cinderace|move: Court Change
|move|p2a: Primarina|Surf|p1a: Cinderace
|-damage|p1a: Cinderace|0 fnt
|faint|p1a: Cinderace
|
|upkeep
|
|t:|1781043075
|switch|p1a: Ogerpon|Ogerpon-Wellspring, F|100/100
|turn|9
|
|t:|1781043081
|switch|p2a: Chesnaught|Chesnaught, F|100/100
|-damage|p2a: Chesnaught|94/100|[from] Stealth Rock
|move|p1a: Ogerpon|Swords Dance|p1a: Ogerpon
|-boost|p1a: Ogerpon|atk|2
|
|upkeep
|turn|10
|
|t:|1781043088
|move|p1a: Ogerpon|Play Rough|p2a: Chesnaught
|-supereffective|p2a: Chesnaught
|-damage|p2a: Chesnaught|14/100
|-damage|p1a: Ogerpon|84/100|[from] item: Rocky Helmet|[of] p2a: Chesnaught
|move|p2a: Chesnaught|Iron Defense|p2a: Chesnaught
|-boost|p2a: Chesnaught|def|2
|
|upkeep
|turn|11
|inactive|Lemonsq has 120 seconds left.
|inactive|Lemonsq has 90 seconds left.
|
|t:|1781043132
|move|p1a: Ogerpon|Ivy Cudgel|p2a: Chesnaught|[anim] Ivy Cudgel Water
|-resisted|p2a: Chesnaught
|-damage|p2a: Chesnaught|0 fnt
|faint|p2a: Chesnaught
|
|upkeep
|
|t:|1781043152
|switch|p2a: Enamorus|Enamorus, F|100/100
|-damage|p2a: Enamorus|76/100|[from] Stealth Rock
|turn|12
|
|t:|1781043157
|-terastallize|p1a: Ogerpon|Water
|detailschange|p1a: Ogerpon|Ogerpon-Wellspring-Tera, F, tera:Water
|-ability|p1a: Ogerpon|Embody Aspect (Wellspring)|boost
|-boost|p1a: Ogerpon|spd|1
|move|p2a: Enamorus|Moonblast|p1a: Ogerpon
|-damage|p1a: Ogerpon|45/100
|-unboost|p1a: Ogerpon|spa|1
|move|p1a: Ogerpon|Ivy Cudgel|p2a: Enamorus|[anim] Ivy Cudgel Water
|-damage|p2a: Enamorus|0 fnt
|faint|p2a: Enamorus
|
|upkeep
|
|t:|1781043180
|switch|p2a: Corviknight|Corviknight, F|100/100
|-damage|p2a: Corviknight|88/100|[from] Stealth Rock
|-ability|p2a: Corviknight|Pressure
|turn|13
|
|t:|1781043189
|move|p1a: Ogerpon|Ivy Cudgel|p2a: Corviknight|[anim] Ivy Cudgel Water
|-crit|p2a: Corviknight
|-damage|p2a: Corviknight|0 fnt
|faint|p2a: Corviknight
|
|upkeep
|-message|Lemonsq forfeited.
|
|win|lolcano46
|raw|lolcano46's rating: 1587 &rarr; <strong>1604</strong><br />(+17 for winning)
|raw|Lemonsq's rating: 1542 &rarr; <strong>1525</strong><br />(-17 for losing)
|l|☆Lemonsq
|player|p2|
|l|☆lolcano46
|player|p1|
