|j|☆cacao1
|j|☆Thederpa1
|t:|1781438473
|gametype|singles
|player|p1|cacao1|101|1580
|player|p2|Thederpa1|swimmer-gen4dp|1512
|gen|9
|tier|[Gen 9] OU
|rated|
|rule|HP Percentage Mod: HP is shown in percentages
|rule|Endless Battle Clause: Forcing endless battles is banned
|rule|Species Clause: Limit one of each Pokémon
|rule|OHKO Clause: OHKO moves are banned
|rule|Evasion Items Clause: Evasion items are banned
|rule|Evasion Moves Clause: Evasion moves are banned
|rule|Evasion Abilities Clause: Evasion abilities are banned
|rule|Sleep Moves Clause: Sleep-inducing moves are banned
|clearpoke
|poke|p1|Heatran, F|
|poke|p1|Torkoal, M|
|poke|p1|Hatterene, F|
|poke|p1|Walking Wake|
|poke|p1|Lilligant-Hisui, F|
|poke|p1|Great Tusk|
|poke|p2|Zapdos|
|poke|p2|Gholdengo|
|poke|p2|Tentacruel, F|
|poke|p2|Garchomp, F|
|poke|p2|Hoopa-Unbound|
|poke|p2|Garganacl, F|
|teampreview
|inactive|Battle timer is ON: inactive players will automatically lose when time's up. (requested by cacao1)
|
|t:|1781438479
|teamsize|p1|6
|teamsize|p2|6
|start
|switch|p1a: Great Tusk|Great Tusk|100/100
|switch|p2a: Garchomp|Garchomp, F|100/100
|turn|1
|
|t:|1781438484
|move|p1a: Great Tusk|Ice Spinner|p2a: Garchomp
|-supereffective|p2a: Garchomp
|-damage|p2a: Garchomp|27/100
|-damage|p1a: Great Tusk|88/100|[from] ability: Rough Skin|[of] p2a: Garchomp
|-damage|p1a: Great Tusk|71/100|[from] item: Rocky Helmet|[of] p2a: Garchomp
|move|p2a: Garchomp|Spikes|p1a: Great Tusk
|-sidestart|p1: cacao1|Spikes
|
|upkeep
|turn|2
|
|t:|1781438495
|switch|p2a: Zapdos|Zapdos|100/100
|move|p1a: Great Tusk|Ice Spinner|p2a: Zapdos
|-supereffective|p2a: Zapdos
|-damage|p2a: Zapdos|57/100
|
|upkeep
|turn|3
|
|t:|1781438498
|-end|p1a: Great Tusk|Protosynthesis|[silent]
|switch|p1a: Heatran|Heatran, F|100/100
|-damage|p1a: Heatran|88/100|[from] Spikes
|move|p2a: Zapdos|Roost|p2a: Zapdos
|-heal|p2a: Zapdos|100/100
|-singleturn|p2a: Zapdos|move: Roost
|
|upkeep
|turn|4
|
|t:|1781438503
|move|p1a: Heatran|Earth Power|p2a: Zapdos
|-immune|p2a: Zapdos
|move|p2a: Zapdos|Volt Switch|p1a: Heatran
|-damage|p1a: Heatran|60/100
|
|t:|1781438508
|switch|p2a: Hoopa|Hoopa-Unbound|100/100|[from] Volt Switch
|
|upkeep
|turn|5
|
|t:|1781438518
|switch|p1a: Great Tusk|Great Tusk|71/100
|-damage|p1a: Great Tusk|59/100|[from] Spikes
|move|p2a: Hoopa|Hyperspace Fury|p1a: Great Tusk
|-resisted|p1a: Great Tusk
|-damage|p1a: Great Tusk|36/100
|-unboost|p2a: Hoopa|def|1
|
|upkeep
|turn|6
|
|t:|1781438531
|switch|p2a: Garchomp|Garchomp, F|27/100
|move|p1a: Great Tusk|Knock Off|p2a: Garchomp
|-damage|p2a: Garchomp|8/100
|-damage|p1a: Great Tusk|23/100|[from] ability: Rough Skin|[of] p2a: Garchomp
|-damage|p1a: Great Tusk|7/100|[from] item: Rocky Helmet|[of] p2a: Garchomp
|-enditem|p2a: Garchomp|Rocky Helmet|[from] move: Knock Off|[of] p1a: Great Tusk
|
|upkeep
|turn|7
|
|t:|1781438546
|-end|p1a: Great Tusk|Protosynthesis|[silent]
|switch|p1a: Hatterene|Hatterene, F|100/100
|-damage|p1a: Hatterene|88/100|[from] Spikes
|move|p2a: Garchomp|Spikes|p1a: Hatterene
|move|p1a: Hatterene|Spikes|p2a: Garchomp|[from] ability: Magic Bounce
|-sidestart|p2: Thederpa1|Spikes
|
|-heal|p1a: Hatterene|94/100|[from] item: Leftovers
|upkeep
|turn|8
|
|t:|1781438554
|move|p2a: Garchomp|Earthquake|p1a: Hatterene
|-damage|p1a: Hatterene|45/100
|move|p1a: Hatterene|Psychic Noise|p2a: Garchomp
|-damage|p2a: Garchomp|0 fnt
|faint|p2a: Garchomp
|
|-heal|p1a: Hatterene|51/100|[from] item: Leftovers
|upkeep
|
|t:|1781438560
|switch|p2a: Hoopa|Hoopa-Unbound|100/100
|-damage|p2a: Hoopa|88/100|[from] Spikes
|turn|9
|
|t:|1781438567
|switch|p1a: Great Tusk|Great Tusk|7/100
|-damage|p1a: Great Tusk|0 fnt|[from] Spikes
|faint|p1a: Great Tusk
|-end|p1a: Great Tusk|Protosynthesis|[silent]
|move|p2a: Hoopa|Hyperspace Fury|p1: Great Tusk|[notarget]
|-fail|p2a: Hoopa
|
|upkeep
|
|t:|1781438576
|switch|p1a: Lilligant|Lilligant-Hisui, F|100/100
|-damage|p1a: Lilligant|88/100|[from] Spikes
|turn|10
|
|t:|1781438583
|switch|p2a: Zapdos|Zapdos|100/100
|move|p1a: Lilligant|Victory Dance|p1a: Lilligant
|-boost|p1a: Lilligant|atk|1
|-boost|p1a: Lilligant|def|1
|-boost|p1a: Lilligant|spe|1
|
|upkeep
|turn|11
|
|t:|1781438590
|move|p1a: Lilligant|Ice Spinner|p2a: Zapdos
|-supereffective|p2a: Zapdos
|-damage|p2a: Zapdos|28/100
|-damage|p1a: Lilligant|78/100|[from] item: Life Orb
|move|p2a: Zapdos|Heat Wave|p1a: Lilligant
|-supereffective|p1a: Lilligant
|-damage|p1a: Lilligant|0 fnt
|faint|p1a: Lilligant
|
|upkeep
|
|t:|1781438602
|switch|p1a: Heatran|Heatran, F|60/100
|-damage|p1a: Heatran|48/100|[from] Spikes
|turn|12
|
|t:|1781438608
|switch|p2a: Tentacruel|Tentacruel, F|100/100
|move|p1a: Heatran|Flamethrower|p2a: Tentacruel
|-resisted|p2a: Tentacruel
|-damage|p2a: Tentacruel|65/100
|
|upkeep
|turn|13
|
|t:|1781438616
|switch|p1a: Hatterene|Hatterene, F|51/100
|-damage|p1a: Hatterene|39/100|[from] Spikes
|move|p2a: Tentacruel|Rapid Spin|p1a: Hatterene
|-damage|p1a: Hatterene|29/100
|-boost|p2a: Tentacruel|spe|1
|-sideend|p2: Thederpa1|Spikes|[from] move: Rapid Spin|[of] p2a: Tentacruel
|
|-heal|p1a: Hatterene|35/100|[from] item: Leftovers
|upkeep
|turn|14
|
|t:|1781438622
|move|p2a: Tentacruel|Sludge Bomb|p1a: Hatterene
|-supereffective|p1a: Hatterene
|-damage|p1a: Hatterene|0 fnt
|faint|p1a: Hatterene
|
|upkeep
|
|t:|1781438626
|switch|p1a: Torkoal|Torkoal, M|100/100
|-damage|p1a: Torkoal|88/100|[from] Spikes
|-weather|SunnyDay|[from] ability: Drought|[of] p1a: Torkoal
|turn|15
|
|t:|1781438634
|move|p2a: Tentacruel|Knock Off|p1a: Torkoal
|-damage|p1a: Torkoal|78/100
|-enditem|p1a: Torkoal|Heat Rock|[from] move: Knock Off|[of] p2a: Tentacruel
|move|p1a: Torkoal|Rapid Spin|p2a: Tentacruel
|-crit|p2a: Tentacruel
|-damage|p2a: Tentacruel|40/100
|-boost|p1a: Torkoal|spe|1
|-sideend|p1: cacao1|Spikes|[from] move: Rapid Spin|[of] p1a: Torkoal
|
|-weather|SunnyDay|[upkeep]
|upkeep
|turn|16
|
|t:|1781438641
|move|p2a: Tentacruel|Surf|p1a: Torkoal
|-supereffective|p1a: Torkoal
|-damage|p1a: Torkoal|37/100
|move|p1a: Torkoal|Stealth Rock|p2a: Tentacruel
|-sidestart|p2: Thederpa1|move: Stealth Rock
|
|-weather|SunnyDay|[upkeep]
|upkeep
|turn|17
|
|t:|1781438646
|switch|p1a: Heatran|Heatran, F|48/100
|move|p2a: Tentacruel|Rapid Spin|p1a: Heatran
|-resisted|p1a: Heatran
|-damage|p1a: Heatran|44/100
|-boost|p2a: Tentacruel|spe|1
|-sideend|p2: Thederpa1|Stealth Rock|[from] move: Rapid Spin|[of] p2a: Tentacruel
|
|-weather|SunnyDay|[upkeep]
|upkeep
|turn|18
|
|t:|1781438653
|move|p2a: Tentacruel|Surf|p1a: Heatran
|-supereffective|p1a: Heatran
|-damage|p1a: Heatran|9/100
|move|p1a: Heatran|Flamethrower|p2a: Tentacruel
|-resisted|p2a: Tentacruel
|-damage|p2a: Tentacruel|0 fnt
|faint|p2a: Tentacruel
|
|-weather|SunnyDay|[upkeep]
|upkeep
|
|t:|1781438665
|switch|p2a: Garganacl|Garganacl, F|100/100
|turn|19
|
|t:|1781438669
|move|p2a: Garganacl|Protect|p2a: Garganacl
|-singleturn|p2a: Garganacl|Protect
|move|p1a: Heatran|Flamethrower|p2a: Garganacl
|-activate|p2a: Garganacl|move: Protect
|
|-weather|SunnyDay|[upkeep]
|upkeep
|turn|20
|
|t:|1781438674
|move|p1a: Heatran|Flamethrower|p2a: Garganacl
|-resisted|p2a: Garganacl
|-damage|p2a: Garganacl|68/100
|move|p2a: Garganacl|Recover|p2a: Garganacl
|-heal|p2a: Garganacl|100/100
|
|-weather|SunnyDay|[upkeep]
|upkeep
|turn|21
|
|t:|1781438679
|switch|p1a: Walking Wake|Walking Wake|100/100
|-activate|p1a: Walking Wake|ability: Protosynthesis
|-start|p1a: Walking Wake|protosynthesisspe
|move|p2a: Garganacl|Stealth Rock|p1a: Walking Wake
|-sidestart|p1: cacao1|move: Stealth Rock
|
|-weather|SunnyDay|[upkeep]
|upkeep
|turn|22
|
|t:|1781438687
|move|p2a: Garganacl|Protect|p2a: Garganacl
|-singleturn|p2a: Garganacl|Protect
|move|p1a: Walking Wake|Hydro Steam|p2a: Garganacl
|-activate|p2a: Garganacl|move: Protect
|
|-weather|none
|-end|p1a: Walking Wake|Protosynthesis
|upkeep
|turn|23
|
|t:|1781438693
|-terastallize|p2a: Garganacl|Ghost
|move|p1a: Walking Wake|Substitute|p1a: Walking Wake
|-start|p1a: Walking Wake|Substitute
|-damage|p1a: Walking Wake|76/100
|move|p2a: Garganacl|Salt Cure|p1a: Walking Wake
|-activate|p1a: Walking Wake|move: Substitute|[damage]
|
|upkeep
|turn|24
|
|t:|1781438698
|move|p1a: Walking Wake|Hydro Steam|p2a: Garganacl
|-damage|p2a: Garganacl|72/100
|move|p2a: Garganacl|Salt Cure|p1a: Walking Wake
|-end|p1a: Walking Wake|Substitute
|
|-heal|p2a: Garganacl|78/100|[from] item: Leftovers
|upkeep
|turn|25
|
|t:|1781438704
|-end|p1a: Walking Wake|Protosynthesis|[silent]
|switch|p1a: Torkoal|Torkoal, M|37/100
|-damage|p1a: Torkoal|12/100|[from] Stealth Rock
|-weather|SunnyDay|[from] ability: Drought|[of] p1a: Torkoal
|move|p2a: Garganacl|Salt Cure|p1a: Torkoal
|-supereffective|p1a: Torkoal
|-damage|p1a: Torkoal|0 fnt
|faint|p1a: Torkoal
|
|-weather|SunnyDay|[upkeep]
|-heal|p2a: Garganacl|84/100|[from] item: Leftovers
|upkeep
|
|t:|1781438705
|switch|p1a: Walking Wake|Walking Wake|76/100
|-activate|p1a: Walking Wake|ability: Protosynthesis
|-start|p1a: Walking Wake|protosynthesisspe
|turn|26
|
|t:|1781438713
|move|p1a: Walking Wake|Substitute|p1a: Walking Wake
|-start|p1a: Walking Wake|Substitute
|-damage|p1a: Walking Wake|51/100
|move|p2a: Garganacl|Salt Cure|p1a: Walking Wake
|-activate|p1a: Walking Wake|move: Substitute|[damage]
|
|-weather|SunnyDay|[upkeep]
|-heal|p2a: Garganacl|90/100|[from] item: Leftovers
|upkeep
|turn|27
|
|t:|1781438719
|move|p2a: Garganacl|Protect|p2a: Garganacl
|-singleturn|p2a: Garganacl|Protect
|move|p1a: Walking Wake|Hydro Steam|p2a: Garganacl
|-activate|p2a: Garganacl|move: Protect
|
|-weather|SunnyDay|[upkeep]
|-heal|p2a: Garganacl|96/100|[from] item: Leftovers
|upkeep
|turn|28
|
|t:|1781438724
|switch|p2a: Zapdos|Zapdos|28/100
|move|p1a: Walking Wake|Hydro Steam|p2a: Zapdos
|-damage|p2a: Zapdos|0 fnt
|faint|p2a: Zapdos
|
|-weather|SunnyDay|[upkeep]
|upkeep
|
|t:|1781438729
|switch|p2a: Garganacl|Garganacl, F, tera:Ghost|96/100
|turn|29
|
|t:|1781438737
|move|p2a: Garganacl|Protect|p2a: Garganacl
|-singleturn|p2a: Garganacl|Protect
|move|p1a: Walking Wake|Hydro Steam|p2a: Garganacl
|-activate|p2a: Garganacl|move: Protect
|
|-weather|none
|-end|p1a: Walking Wake|Protosynthesis
|-heal|p2a: Garganacl|100/100|[from] item: Leftovers
|upkeep
|turn|30
|
|t:|1781438741
|-terastallize|p1a: Walking Wake|Water
|move|p1a: Walking Wake|Hydro Steam|p2a: Garganacl
|-damage|p2a: Garganacl|66/100
|move|p2a: Garganacl|Salt Cure|p1a: Walking Wake
|-end|p1a: Walking Wake|Substitute
|
|-heal|p2a: Garganacl|73/100|[from] item: Leftovers
|upkeep
|turn|31
|-message|cacao1 forfeited.
|
|win|Thederpa1
|raw|cacao1's rating: 1580 &rarr; <strong>1556</strong><br />(-24 for losing)
|raw|Thederpa1's rating: 1512 &rarr; <strong>1536</strong><br />(+24 for winning)
|l|☆cacao1
|player|p1|
|l|☆Thederpa1
|player|p2|
