|j|☆n1ghtzz33
|j|☆huilaoshi1111
|t:|1781265368
|gametype|singles
|player|p1|n1ghtzz33|parasollady|1522
|player|p2|huilaoshi1111|1|1576
|gen|9
|tier|[Gen 9] OU
|rated|
|rule|HP Percentage Mod: HP is shown in percentages
|rule|Endless Battle Clause: Forcing endless battles is banned
|rule|Species Clause: Limit one of each Pokémon
|rule|OHKO Clause: OHKO moves are banned
|rule|Evasion Items Clause: Evasion items are banned
|rule|Evasion Moves Clause: Evasion moves are banned
|rule|Evasion Abilities Clause: Evasion abilities are banned
|rule|Sleep Moves Clause: Sleep-inducing moves are banned
|clearpoke
|poke|p1|Hoopa-Unbound|
|poke|p1|Pecharunt|
|poke|p1|Landorus-Therian, M|
|poke|p1|Cinderace, M|
|poke|p1|Alomomola, M|
|poke|p1|Iron Valiant|
|poke|p2|Mienshao, M|
|poke|p2|Blissey, F|
|poke|p2|Slowbro, M|
|poke|p2|Krookodile, F|
|poke|p2|Talonflame, F|
|poke|p2|Zoroark-Hisui, M|
|teampreview
|
|t:|1781265383
|teamsize|p1|6
|teamsize|p2|6
|start
|switch|p1a: Calamity|Iron Valiant, shiny|100/100
|switch|p2a: Mienshao|Mienshao, M|100/100
|turn|1
|inactive|Battle timer is ON: inactive players will automatically lose when time's up. (requested by huilaoshi1111)
|inactive|n1ghtzz33 also wants the timer to be on.
|
|t:|1781265396
|switch|p2a: Blissey|Blissey, F|100/100
|move|p1a: Calamity|Moonblast|p2a: Blissey
|-damage|p2a: Blissey|80/100
|
|upkeep
|turn|2
|
|t:|1781265412
|-end|p1a: Calamity|Quark Drive|[silent]
|switch|p1a: Khaos|Hoopa-Unbound|100/100
|switch|p2a: Mienshao|Mienshao, M|100/100
|
|upkeep
|turn|3
|
|t:|1781265426
|switch|p1a: Overseer|Pecharunt|100/100
|move|p2a: Mienshao|Bitter Malice|p1a: Overseer
|-supereffective|p1a: Overseer
|-damage|p1a: Overseer|0 fnt
|faint|p1a: Overseer
|
|upkeep
|
|t:|1781265441
|switch|p1a: Khaos|Hoopa-Unbound|100/100
|turn|4
|
|t:|1781265454
|switch|p2a: Krookodile|Krookodile, F|100/100
|-ability|p2a: Krookodile|Intimidate|boost
|-unboost|p1a: Khaos|atk|1
|move|p1a: Khaos|Hyperspace Fury|p2a: Krookodile
|-resisted|p2a: Krookodile
|-damage|p2a: Krookodile|64/100
|-unboost|p1a: Khaos|def|1
|
|upkeep
|turn|5
|
|t:|1781265470
|switch|p1a: Calamity|Iron Valiant, shiny|100/100
|move|p2a: Krookodile|Knock Off|p1a: Calamity
|-resisted|p1a: Calamity
|-damage|p1a: Calamity|74/100
|-enditem|p1a: Calamity|Choice Specs|[from] move: Knock Off|[of] p2a: Krookodile
|
|upkeep
|turn|6
|inactive|n1ghtzz33 has 120 seconds left.
|
|t:|1781265488
|switch|p2a: Blissey|Blissey, F|80/100
|move|p1a: Calamity|Moonblast|p2a: Blissey
|-damage|p2a: Blissey|65/100
|-unboost|p2a: Blissey|spa|1
|
|upkeep
|turn|7
|inactive|n1ghtzz33 has 120 seconds left.
|
|t:|1781265502
|-end|p1a: Calamity|Quark Drive|[silent]
|switch|p1a: Khaos|Hoopa-Unbound|100/100
|move|p2a: Blissey|Soft-Boiled|p2a: Blissey
|-heal|p2a: Blissey|100/100
|
|upkeep
|turn|8
|inactive|n1ghtzz33 has 120 seconds left.
|
|t:|1781265516
|switch|p2a: Mienshao|Mienshao, M|100/100
|move|p1a: Khaos|Knock Off|p2a: Mienshao
|-resisted|p2a: Mienshao
|-damage|p2a: Mienshao|16/100
|-enditem|p2a: Mienshao|Choice Scarf|[from] move: Knock Off|[of] p1a: Khaos
|
|upkeep
|turn|9
|inactive|n1ghtzz33 has 120 seconds left.
|
|t:|1781265532
|switch|p1a: Calamity|Iron Valiant, shiny|74/100
|move|p2a: Mienshao|U-turn|p1a: Calamity
|-resisted|p1a: Calamity
|-damage|p1a: Calamity|65/100
|
|t:|1781265543
|switch|p2a: Blissey|Blissey, F|100/100|[from] U-turn
|
|upkeep
|turn|10
|inactive|n1ghtzz33 has 120 seconds left.
|
|t:|1781265556
|-end|p1a: Calamity|Quark Drive|[silent]
|switch|p1a: Liberacy|Cinderace, M, shiny|100/100
|move|p2a: Blissey|Bitter Malice|p1a: Liberacy
|-damage|p1a: Liberacy|15/100
|-unboost|p1a: Liberacy|atk|1
|
|upkeep
|turn|11
|inactive|n1ghtzz33 has 120 seconds left.
|
|t:|1781265570
|move|p1a: Liberacy|Pyro Ball|p2a: Blissey|[miss]
|-miss|p1a: Liberacy|p2a: Blissey
|move|p2a: Blissey|Bitter Malice|p1a: Liberacy
|-damage|p1a: Liberacy|0 fnt
|faint|p1a: Liberacy
|
|upkeep
|inactive|n1ghtzz33 has 120 seconds left.
|
|t:|1781265584
|switch|p1a: Khaos|Hoopa-Unbound|100/100
|turn|12
|inactive|n1ghtzz33 has 120 seconds left.
|
|t:|1781265597
|move|p2a: Blissey|Bitter Malice|p1a: Khaos
|-damage|p1a: Khaos|43/100
|-unboost|p1a: Khaos|atk|1
|move|p1a: Khaos|Knock Off|p2a: Blissey
|-supereffective|p2a: Blissey
|-damage|p2a: Blissey|0 fnt
|replace|p2a: Zoroark|Zoroark-Hisui, M
|-end|p2a: Zoroark|Illusion
|-enditem|p2a: Zoroark|Choice Specs|[from] move: Knock Off|[of] p1a: Khaos
|faint|p2a: Zoroark
|
|upkeep
|
|t:|1781265605
|switch|p2a: Mienshao|Mienshao, M|49/100
|turn|13
|inactive|n1ghtzz33 has 120 seconds left.
|
|t:|1781265619
|switch|p1a: Pisces|Alomomola, M, shiny|100/100
|move|p2a: Mienshao|U-turn|p1a: Pisces
|-damage|p1a: Pisces|82/100
|
|t:|1781265622
|switch|p2a: Slowbro|Slowbro, M|100/100|[from] U-turn
|
|upkeep
|turn|14
|
|t:|1781265635
|move|p1a: Pisces|Body Slam|p2a: Slowbro
|-damage|p2a: Slowbro|92/100
|move|p2a: Slowbro|Scald|p1a: Pisces
|-resisted|p1a: Pisces
|-crit|p1a: Pisces
|-damage|p1a: Pisces|71/100
|
|upkeep
|turn|15
|inactive|n1ghtzz33 has 120 seconds left.
|
|t:|1781265652
|switch|p1a: Khaos|Hoopa-Unbound|43/100
|move|p2a: Slowbro|Scald|p1a: Khaos
|-damage|p1a: Khaos|18/100
|
|upkeep
|turn|16
|inactive|n1ghtzz33 has 120 seconds left.
|
|t:|1781265666
|move|p1a: Khaos|Zen Headbutt|p2a: Slowbro
|-resisted|p2a: Slowbro
|-damage|p2a: Slowbro|68/100
|move|p2a: Slowbro|Scald|p1a: Khaos
|-damage|p1a: Khaos|0 fnt
|faint|p1a: Khaos
|
|upkeep
|inactive|n1ghtzz33 has 120 seconds left.
|
|t:|1781265681
|switch|p1a: Calamity|Iron Valiant, shiny|65/100
|turn|17
|inactive|n1ghtzz33 has 120 seconds left.
|
|t:|1781265694
|switch|p2a: Blissey|Blissey, F|100/100
|move|p1a: Calamity|Moonblast|p2a: Blissey
|-damage|p2a: Blissey|86/100
|
|upkeep
|turn|18
|inactive|n1ghtzz33 has 120 seconds left.
|
|t:|1781265709
|-end|p1a: Calamity|Quark Drive|[silent]
|switch|p1a: Pisces|Alomomola, M, shiny|100/100
|move|p2a: Blissey|Stealth Rock|p1a: Pisces
|-sidestart|p1: n1ghtzz33|move: Stealth Rock
|
|upkeep
|turn|19
|inactive|n1ghtzz33 has 120 seconds left.
|
|t:|1781265723
|switch|p2a: Slowbro|Slowbro, M|100/100
|move|p1a: Pisces|Flip Turn|p2a: Slowbro
|-resisted|p2a: Slowbro
|-damage|p2a: Slowbro|96/100
|
|t:|1781265737
|switch|p1a: Calamity|Iron Valiant, shiny|65/100|[from] Flip Turn
|-damage|p1a: Calamity|59/100|[from] Stealth Rock
|
|upkeep
|turn|20
|
|t:|1781265751
|move|p1a: Calamity|Thunderbolt|p2a: Slowbro
|-supereffective|p2a: Slowbro
|-damage|p2a: Slowbro|30/100
|move|p2a: Slowbro|Scald|p1a: Calamity
|-damage|p1a: Calamity|8/100
|-status|p1a: Calamity|brn
|
|-damage|p1a: Calamity|2/100 brn|[from] brn
|upkeep
|turn|21
|
|t:|1781265765
|switch|p2a: Blissey|Blissey, F|86/100
|move|p1a: Calamity|Moonblast|p2a: Blissey
|-damage|p2a: Blissey|70/100
|
|-damage|p1a: Calamity|0 fnt|[from] brn
|faint|p1a: Calamity
|-end|p1a: Calamity|Quark Drive|[silent]
|upkeep
|
|t:|1781265780
|switch|p1a: Enten|Landorus-Therian, M, shiny|100/100
|-damage|p1a: Enten|88/100|[from] Stealth Rock
|-ability|p1a: Enten|Intimidate|boost
|-unboost|p2a: Blissey|atk|1
|turn|22
|l|☆huilaoshi1111
|inactive|huilaoshi1111 disconnected and has a minute to reconnect!
|player|p2|
|
|t:|1781265793
|switch|p2a: Krookodile|Krookodile, F|64/100
|-ability|p2a: Krookodile|Intimidate|boost
|-unboost|p1a: Enten|atk|1
|move|p1a: Enten|Grass Knot|p2a: Krookodile
|-supereffective|p2a: Krookodile
|-damage|p2a: Krookodile|19/100
|
|upkeep
|turn|23
|j|☆huilaoshi1111
|inactive|huilaoshi1111 reconnected and has 130 seconds left.
|player|p2|huilaoshi1111|1|
|inactive|huilaoshi1111 has 120 seconds left.
|
|t:|1781265827
|switch|p1a: Pisces|Alomomola, M, shiny|100/100
|-damage|p1a: Pisces|88/100|[from] Stealth Rock
|switch|p2a: Talonflame|Talonflame, F|100/100
|
|upkeep
|turn|24
|
|t:|1781265840
|move|p2a: Talonflame|U-turn|p1a: Pisces
|-crit|p1a: Pisces
|-damage|p1a: Pisces|76/100
|l|☆huilaoshi1111
|inactive|huilaoshi1111 disconnected and has a minute to reconnect!
|player|p2|
|j|☆huilaoshi1111
|inactive|huilaoshi1111 reconnected and has 120 seconds left.
|player|p2|huilaoshi1111|1|
|
|t:|1781265862
|switch|p2a: Slowbro|Slowbro, M|64/100|[from] U-turn
|move|p1a: Pisces|Body Slam|p2a: Slowbro
|-damage|p2a: Slowbro|55/100
|
|upkeep
|turn|25
|
|t:|1781265876
|move|p1a: Pisces|Body Slam|p2a: Slowbro
|-damage|p2a: Slowbro|47/100
|-status|p2a: Slowbro|par
|move|p2a: Slowbro|Slack Off|p2a: Slowbro
|-heal|p2a: Slowbro|97/100 par
|
|upkeep
|turn|26
|l|☆huilaoshi1111
|inactive|huilaoshi1111 disconnected and has a minute to reconnect!
|player|p2|
|
|t:|1781265890
|switch|p1a: Enten|Landorus-Therian, M, shiny|88/100
|-damage|p1a: Enten|76/100|[from] Stealth Rock
|-ability|p1a: Enten|Intimidate|boost
|-unboost|p2a: Slowbro|atk|1
|move|p2a: Slowbro|Future Sight|p1a: Enten
|-start|p2a: Slowbro|move: Future Sight
|
|upkeep
|turn|27
|j|☆huilaoshi1111
|inactive|huilaoshi1111 reconnected and has 125 seconds left.
|player|p2|huilaoshi1111|1|
|inactive|huilaoshi1111 has 120 seconds left.
|l|☆huilaoshi1111
|inactive|huilaoshi1111 disconnected and has a minute to reconnect!
|player|p2|
|j|☆huilaoshi1111
|inactive|huilaoshi1111 reconnected and has 115 seconds left.
|player|p2|huilaoshi1111|1|
|
|t:|1781265919
|move|p1a: Enten|U-turn|p2a: Slowbro
|-supereffective|p2a: Slowbro
|-damage|p2a: Slowbro|63/100 par
|
|t:|1781265926
|switch|p1a: Pisces|Alomomola, M, shiny|100/100|[from] U-turn
|-damage|p1a: Pisces|88/100|[from] Stealth Rock
|move|p2a: Slowbro|Scald|p1a: Pisces
|-resisted|p1a: Pisces
|-damage|p1a: Pisces|81/100
|
|upkeep
|turn|28
|inactive|n1ghtzz33 has 120 seconds left.
|inactive|huilaoshi1111 has 120 seconds left.
|
|t:|1781265934
|move|p2a: Slowbro|Slack Off|p2a: Slowbro
|-heal|p2a: Slowbro|100/100 par
|move|p1a: Pisces|Mirror Coat||[still]
|-fail|p1a: Pisces
|
|-end|p1a: Pisces|move: Future Sight
|-damage|p1a: Pisces|59/100
|upkeep
|turn|29
|
|t:|1781265941
|switch|p1a: Enten|Landorus-Therian, M, shiny|76/100
|-damage|p1a: Enten|64/100|[from] Stealth Rock
|-ability|p1a: Enten|Intimidate|boost
|-unboost|p2a: Slowbro|atk|1
|cant|p2a: Slowbro|par
|
|upkeep
|turn|30
|
|t:|1781265948
|move|p1a: Enten|U-turn|p2a: Slowbro
|-supereffective|p2a: Slowbro
|-damage|p2a: Slowbro|72/100 par
|
|t:|1781265955
|switch|p1a: Pisces|Alomomola, M, shiny|92/100|[from] U-turn
|-damage|p1a: Pisces|80/100|[from] Stealth Rock
|move|p2a: Slowbro|Scald|p1a: Pisces
|-resisted|p1a: Pisces
|-crit|p1a: Pisces
|-damage|p1a: Pisces|68/100
|
|upkeep
|turn|31
|
|t:|1781265963
|switch|p1a: Enten|Landorus-Therian, M, shiny|64/100
|-damage|p1a: Enten|52/100|[from] Stealth Rock
|-ability|p1a: Enten|Intimidate|boost
|-unboost|p2a: Slowbro|atk|1
|cant|p2a: Slowbro|par
|
|upkeep
|turn|32
|
|t:|1781265970
|move|p1a: Enten|U-turn|p2a: Slowbro
|-supereffective|p2a: Slowbro
|-damage|p2a: Slowbro|38/100 par
|
|t:|1781265977
|switch|p1a: Pisces|Alomomola, M, shiny|100/100|[from] U-turn
|-damage|p1a: Pisces|88/100|[from] Stealth Rock
|move|p2a: Slowbro|Slack Off|p2a: Slowbro
|-heal|p2a: Slowbro|88/100 par
|
|upkeep
|turn|33
|
|t:|1781265984
|move|p1a: Pisces|Flip Turn|p2a: Slowbro
|-resisted|p2a: Slowbro
|-damage|p2a: Slowbro|83/100 par
|
|t:|1781265992
|switch|p1a: Enten|Landorus-Therian, M, shiny|52/100|[from] Flip Turn
|-damage|p1a: Enten|39/100|[from] Stealth Rock
|-ability|p1a: Enten|Intimidate|boost
|-unboost|p2a: Slowbro|atk|1
|move|p2a: Slowbro|Scald|p1a: Enten
|-supereffective|p1a: Enten
|-damage|p1a: Enten|0 fnt
|faint|p1a: Enten
|
|upkeep
|
|t:|1781265999
|switch|p1a: Pisces|Alomomola, M, shiny|100/100
|-damage|p1a: Pisces|88/100|[from] Stealth Rock
|turn|34
|
|t:|1781266006
|cant|p2a: Slowbro|par
|move|p1a: Pisces|Mirror Coat||[still]
|-fail|p1a: Pisces
|
|upkeep
|turn|35
|
|t:|1781266013
|cant|p2a: Slowbro|par
|move|p1a: Pisces|Mirror Coat||[still]
|-fail|p1a: Pisces
|
|upkeep
|turn|36
|
|t:|1781266020
|move|p2a: Slowbro|Future Sight|p1a: Pisces
|-start|p2a: Slowbro|move: Future Sight
|move|p1a: Pisces|Mirror Coat||[still]
|-fail|p1a: Pisces
|
|upkeep
|turn|37
|
|t:|1781266027
|switch|p2a: Mienshao|Mienshao, M|82/100
|move|p1a: Pisces|Aqua Jet|p2a: Mienshao
|-damage|p2a: Mienshao|60/100
|
|upkeep
|turn|38
|
|t:|1781266043
|move|p2a: Mienshao|Close Combat|p1a: Pisces
|-damage|p1a: Pisces|38/100
|-unboost|p2a: Mienshao|def|1
|-unboost|p2a: Mienshao|spd|1
|move|p1a: Pisces|Flip Turn|p2a: Mienshao
|-damage|p2a: Mienshao|10/100
|
|-end|p1a: Pisces|move: Future Sight
|-damage|p1a: Pisces|16/100
|upkeep
|turn|39
|
|t:|1781266057
|switch|p2a: Slowbro|Slowbro, M|100/100 par
|-terastallize|p1a: Pisces|Normal
|move|p1a: Pisces|Aqua Jet|p2a: Slowbro
|-resisted|p2a: Slowbro
|-damage|p2a: Slowbro|97/100 par
|
|upkeep
|turn|40
|
|t:|1781266064
|move|p2a: Slowbro|Scald|p1a: Pisces
|-damage|p1a: Pisces|0 fnt
|faint|p1a: Pisces
|
|win|huilaoshi1111
|raw|n1ghtzz33's rating: 1522 &rarr; <strong>1505</strong><br />(-17 for losing)
|raw|huilaoshi1111's rating: 1576 &rarr; <strong>1593</strong><br />(+17 for winning)
|l|☆huilaoshi1111
|player|p2|
