|j|☆XianTwa
|j|☆quolius
|t:|1780913215
|gametype|singles
|player|p1|XianTwa|dawn|1587
|player|p2|quolius|101|1546
|gen|9
|tier|[Gen 9] OU
|rated|
|rule|HP Percentage Mod: HP is shown in percentages
|rule|Endless Battle Clause: Forcing endless battles is banned
|rule|Species Clause: Limit one of each Pokémon
|rule|OHKO Clause: OHKO moves are banned
|rule|Evasion Items Clause: Evasion items are banned
|rule|Evasion Moves Clause: Evasion moves are banned
|rule|Evasion Abilities Clause: Evasion abilities are banned
|rule|Sleep Moves Clause: Sleep-inducing moves are banned
|clearpoke
|poke|p1|Hatterene, F|
|poke|p1|Arcanine-Hisui, M|
|poke|p1|Slowking-Galar, M|
|poke|p1|Zamazenta-*|
|poke|p1|Darkrai|
|poke|p1|Ogerpon-Wellspring, F|
|poke|p2|Wo-Chien|
|poke|p2|Torkoal, M|
|poke|p2|Walking Wake|
|poke|p2|Cinderace, F|
|poke|p2|Clefable, F|
|poke|p2|Great Tusk|
|teampreview
|inactive|Battle timer is ON: inactive players will automatically lose when time's up. (requested by XianTwa)
|
|t:|1780913235
|teamsize|p1|6
|teamsize|p2|6
|start
|switch|p1a: Slowking|Slowking-Galar, M|100/100
|switch|p2a: Wo-Chien|Wo-Chien|100/100
|-ability|p2a: Wo-Chien|Tablets of Ruin
|turn|1
|
|t:|1780913244
|switch|p1a: Zamazenta|Zamazenta|100/100
|-ability|p1a: Zamazenta|Dauntless Shield|boost
|-boost|p1a: Zamazenta|def|1
|move|p2a: Wo-Chien|Knock Off|p1a: Zamazenta
|-resisted|p1a: Zamazenta
|-damage|p1a: Zamazenta|89/100
|-enditem|p1a: Zamazenta|Leftovers|[from] move: Knock Off|[of] p2a: Wo-Chien
|-damage|p2a: Wo-Chien|91/100|[from] item: Life Orb
|
|upkeep
|turn|2
|
|t:|1780913250
|switch|p2a: Clefable|Clefable, F|100/100
|move|p1a: Zamazenta|Body Press|p2a: Clefable
|-resisted|p2a: Clefable
|-damage|p2a: Clefable|86/100
|
|upkeep
|turn|3
|
|t:|1780913254
|switch|p2a: Torkoal|Torkoal, M|100/100
|-weather|SunnyDay|[from] ability: Drought|[of] p2a: Torkoal
|move|p1a: Zamazenta|Heavy Slam|p2a: Torkoal
|-resisted|p2a: Torkoal
|-damage|p2a: Torkoal|94/100
|
|-weather|SunnyDay|[upkeep]
|upkeep
|turn|4
|
|t:|1780913265
|switch|p1a: Arcanine|Arcanine-Hisui, M|100/100
|switch|p2a: Great Tusk|Great Tusk|100/100
|-activate|p2a: Great Tusk|ability: Protosynthesis
|-start|p2a: Great Tusk|protosynthesisspe
|
|-weather|SunnyDay|[upkeep]
|upkeep
|turn|5
|inactive|XianTwa has 120 seconds left.
|
|t:|1780913310
|switch|p1a: Zamazenta|Zamazenta|89/100
|move|p2a: Great Tusk|Headlong Rush|p1a: Zamazenta
|-damage|p1a: Zamazenta|45/100
|-unboost|p2a: Great Tusk|def|1
|-unboost|p2a: Great Tusk|spd|1
|
|-weather|SunnyDay|[upkeep]
|upkeep
|turn|6
|
|t:|1780913324
|move|p2a: Great Tusk|Stealth Rock|p1a: Zamazenta
|-sidestart|p1: XianTwa|move: Stealth Rock
|move|p1a: Zamazenta|Body Press|p2a: Great Tusk
|-damage|p2a: Great Tusk|69/100
|-damage|p1a: Zamazenta|28/100|[from] item: Rocky Helmet|[of] p2a: Great Tusk
|
|-weather|SunnyDay|[upkeep]
|upkeep
|turn|7
|
|t:|1780913332
|move|p2a: Great Tusk|Headlong Rush|p1a: Zamazenta
|-damage|p1a: Zamazenta|0 fnt
|-unboost|p2a: Great Tusk|def|1
|-unboost|p2a: Great Tusk|spd|1
|faint|p1a: Zamazenta
|
|-weather|SunnyDay|[upkeep]
|upkeep
|
|t:|1780913338
|switch|p1a: Ogerpon|Ogerpon-Wellspring, F|100/100
|-damage|p1a: Ogerpon|88/100|[from] Stealth Rock
|turn|8
|inactive|XianTwa has 120 seconds left.
|
|t:|1780913348
|-end|p2a: Great Tusk|Protosynthesis|[silent]
|switch|p2a: Walking Wake|Walking Wake|100/100
|-activate|p2a: Walking Wake|ability: Protosynthesis
|-start|p2a: Walking Wake|protosynthesisspe
|move|p1a: Ogerpon|Ivy Cudgel|p2a: Walking Wake|[anim] Ivy Cudgel Water
|-resisted|p2a: Walking Wake
|-damage|p2a: Walking Wake|92/100
|
|-weather|SunnyDay|[upkeep]
|upkeep
|turn|9
|
|t:|1780913356
|switch|p1a: Hatterene|Hatterene, F|100/100
|-damage|p1a: Hatterene|88/100|[from] Stealth Rock
|move|p2a: Walking Wake|Hydro Steam|p1a: Hatterene
|-damage|p1a: Hatterene|0 fnt
|faint|p1a: Hatterene
|
|-weather|SunnyDay|[upkeep]
|upkeep
|
|t:|1780913362
|switch|p1a: Ogerpon|Ogerpon-Wellspring, F|88/100
|-damage|p1a: Ogerpon|76/100|[from] Stealth Rock
|turn|10
|l|☆quolius
|inactive|quolius disconnected and has a minute to reconnect!
|player|p2|
|j|☆quolius
|inactive|quolius reconnected and has 120 seconds left.
|player|p2|quolius|101|
|
|t:|1780913404
|-end|p2a: Walking Wake|Protosynthesis|[silent]
|switch|p2a: Clefable|Clefable, F|86/100
|move|p1a: Ogerpon|Swords Dance|p1a: Ogerpon
|-boost|p1a: Ogerpon|atk|2
|
|-weather|none
|upkeep
|turn|11
|
|t:|1780913412
|-terastallize|p1a: Ogerpon|Water
|detailschange|p1a: Ogerpon|Ogerpon-Wellspring-Tera, F, tera:Water
|-ability|p1a: Ogerpon|Embody Aspect (Wellspring)|boost
|-boost|p1a: Ogerpon|spd|1
|move|p1a: Ogerpon|Ivy Cudgel|p2a: Clefable|[anim] Ivy Cudgel Water
|-damage|p2a: Clefable|18/100
|move|p2a: Clefable|Moonblast|p1a: Ogerpon
|-damage|p1a: Ogerpon|37/100
|
|upkeep
|turn|12
|
|t:|1780913417
|move|p1a: Ogerpon|Ivy Cudgel|p2a: Clefable|[anim] Ivy Cudgel Water
|-damage|p2a: Clefable|0 fnt
|faint|p2a: Clefable
|
|upkeep
|
|t:|1780913422
|switch|p2a: Torkoal|Torkoal, M|94/100
|-weather|SunnyDay|[from] ability: Drought|[of] p2a: Torkoal
|turn|13
|
|t:|1780913427
|move|p1a: Ogerpon|Play Rough|p2a: Torkoal
|-resisted|p2a: Torkoal
|-damage|p2a: Torkoal|67/100
|move|p2a: Torkoal|Earthquake|p1a: Ogerpon
|-damage|p1a: Ogerpon|12/100
|
|-weather|SunnyDay|[upkeep]
|upkeep
|turn|14
|
|t:|1780913433
|move|p1a: Ogerpon|Play Rough|p2a: Torkoal
|-resisted|p2a: Torkoal
|-damage|p2a: Torkoal|43/100
|move|p2a: Torkoal|Earthquake|p1a: Ogerpon
|-damage|p1a: Ogerpon|0 fnt
|faint|p1a: Ogerpon
|detailschange|p1: Ogerpon|Ogerpon-Wellspring, F|[silent]
|
|-weather|SunnyDay|[upkeep]
|upkeep
|
|t:|1780913440
|switch|p1a: Darkrai|Darkrai|100/100
|-damage|p1a: Darkrai|88/100|[from] Stealth Rock
|turn|15
|
|t:|1780913444
|move|p1a: Darkrai|Dark Pulse|p2a: Torkoal
|-damage|p2a: Torkoal|3/100
|move|p2a: Torkoal|Overheat|p1a: Darkrai
|-damage|p1a: Darkrai|10/100
|-unboost|p2a: Torkoal|spa|2
|
|-weather|SunnyDay|[upkeep]
|upkeep
|turn|16
|
|t:|1780913452
|switch|p2a: Wo-Chien|Wo-Chien|91/100
|-ability|p2a: Wo-Chien|Tablets of Ruin
|move|p1a: Darkrai|Dark Pulse|p2a: Wo-Chien
|-resisted|p2a: Wo-Chien
|-damage|p2a: Wo-Chien|69/100
|
|-weather|SunnyDay|[upkeep]
|upkeep
|turn|17
|
|t:|1780913456
|move|p1a: Darkrai|Sludge Bomb|p2a: Wo-Chien
|-supereffective|p2a: Wo-Chien
|-damage|p2a: Wo-Chien|0 fnt
|faint|p2a: Wo-Chien
|
|-weather|SunnyDay|[upkeep]
|upkeep
|
|t:|1780913459
|switch|p2a: Great Tusk|Great Tusk|69/100
|-activate|p2a: Great Tusk|ability: Protosynthesis
|-start|p2a: Great Tusk|protosynthesisspe
|turn|18
|-message|XianTwa forfeited.
|
|win|quolius
|raw|XianTwa's rating: 1587 &rarr; <strong>1565</strong><br />(-22 for losing)
|raw|quolius's rating: 1546 &rarr; <strong>1568</strong><br />(+22 for winning)
|l|☆XianTwa
|player|p1|
|l|☆quolius
|player|p2|
