|j|☆tamarisimms
|j|☆isaac_gam3r
|t:|1781567343
|gametype|singles
|player|p1|tamarisimms|169|1521
|player|p2|isaac_gam3r|acetrainer-gen4dp|1561
|gen|9
|tier|[Gen 9] OU
|rated|
|rule|HP Percentage Mod: HP is shown in percentages
|rule|Endless Battle Clause: Forcing endless battles is banned
|rule|Species Clause: Limit one of each Pokémon
|rule|OHKO Clause: OHKO moves are banned
|rule|Evasion Items Clause: Evasion items are banned
|rule|Evasion Moves Clause: Evasion moves are banned
|rule|Evasion Abilities Clause: Evasion abilities are banned
|rule|Sleep Moves Clause: Sleep-inducing moves are banned
|clearpoke
|poke|p1|Cinderace, M|
|poke|p1|Ting-Lu|
|poke|p1|Iron Valiant|
|poke|p1|Zapdos|
|poke|p1|Ogerpon-Wellspring, F|
|poke|p1|Gholdengo|
|poke|p2|Primarina, F|
|poke|p2|Raging Bolt|
|poke|p2|Heatran, M|
|poke|p2|Weezing-Galar, M|
|poke|p2|Garchomp, M|
|poke|p2|Weavile, M|
|teampreview
|inactive|Battle timer is ON: inactive players will automatically lose when time's up. (requested by isaac_gam3r)
|
|t:|1781567375
|teamsize|p1|6
|teamsize|p2|6
|start
|switch|p1a: Ting-Lu|Ting-Lu|100/100
|switch|p2a: Weavile|Weavile, M|100/100
|-ability|p2a: Weavile|Pressure
|-ability|p1a: Ting-Lu|Vessel of Ruin
|turn|1
|
|t:|1781567381
|move|p2a: Weavile|Triple Axel|p1a: Ting-Lu
|-supereffective|p1a: Ting-Lu
|-damage|p1a: Ting-Lu|90/100
|-supereffective|p1a: Ting-Lu
|-damage|p1a: Ting-Lu|70/100
|-supereffective|p1a: Ting-Lu
|-damage|p1a: Ting-Lu|39/100
|-hitcount|p1a: Ting-Lu|3
|move|p1a: Ting-Lu|Stealth Rock|p2a: Weavile
|-sidestart|p2: isaac_gam3r|move: Stealth Rock
|
|-heal|p1a: Ting-Lu|45/100|[from] item: Leftovers
|upkeep
|turn|2
|
|t:|1781567389
|switch|p1a: Gholdengo|Gholdengo|100/100
|move|p2a: Weavile|Triple Axel|p1a: Gholdengo|[miss]
|-miss|p2a: Weavile|p1a: Gholdengo
|
|upkeep
|turn|3
|
|t:|1781567398
|move|p1a: Gholdengo|Make It Rain|p2a: Weavile
|-supereffective|p2a: Weavile
|-enditem|p2a: Weavile|Focus Sash
|-damage|p2a: Weavile|1/100
|-unboost|p1a: Gholdengo|spa|1
|move|p2a: Weavile|Knock Off|p1a: Gholdengo
|-supereffective|p1a: Gholdengo
|-crit|p1a: Gholdengo
|-damage|p1a: Gholdengo|0 fnt
|-enditem|p1a: Gholdengo|Choice Scarf|[from] move: Knock Off|[of] p2a: Weavile
|faint|p1a: Gholdengo
|
|upkeep
|
|t:|1781567408
|switch|p1a: Iron Valiant|Iron Valiant|100/100
|-enditem|p1a: Iron Valiant|Booster Energy
|-activate|p1a: Iron Valiant|ability: Quark Drive|[fromitem]
|-start|p1a: Iron Valiant|quarkdrivespe
|turn|4
|
|t:|1781567419
|switch|p2a: Primarina|Primarina, F, shiny|100/100
|-damage|p2a: Primarina|88/100|[from] Stealth Rock
|move|p1a: Iron Valiant|Knock Off|p2a: Primarina
|-resisted|p2a: Primarina
|-damage|p2a: Primarina|70/100
|-enditem|p2a: Primarina|Leftovers|[from] move: Knock Off|[of] p1a: Iron Valiant
|
|upkeep
|turn|5
|
|t:|1781567429
|-end|p1a: Iron Valiant|Quark Drive|[silent]
|switch|p1a: Zapdos|Zapdos|100/100
|move|p2a: Primarina|Draining Kiss|p1a: Zapdos
|-damage|p1a: Zapdos|70/100
|-heal|p2a: Primarina|94/100|[from] drain|[of] p1a: Zapdos
|-status|p2a: Primarina|par|[from] ability: Static|[of] p1a: Zapdos
|
|upkeep
|turn|6
|j| ebizi
|
|t:|1781567439
|move|p1a: Zapdos|Roost|p1a: Zapdos
|-heal|p1a: Zapdos|100/100
|-singleturn|p1a: Zapdos|move: Roost
|move|p2a: Primarina|Draining Kiss|p1a: Zapdos
|-damage|p1a: Zapdos|73/100
|-heal|p2a: Primarina|100/100 par|[from] drain|[of] p1a: Zapdos
|
|upkeep
|turn|7
|
|t:|1781567441
|move|p1a: Zapdos|Thunderbolt|p2a: Primarina
|-supereffective|p2a: Primarina
|-damage|p2a: Primarina|38/100 par
|move|p2a: Primarina|Calm Mind|p2a: Primarina
|-boost|p2a: Primarina|spa|1
|-boost|p2a: Primarina|spd|1
|
|upkeep
|turn|8
|
|t:|1781567449
|move|p1a: Zapdos|Thunderbolt|p2a: Primarina
|-supereffective|p2a: Primarina
|-damage|p2a: Primarina|0 fnt
|faint|p2a: Primarina
|
|upkeep
|
|t:|1781567451
|switch|p2a: Raging Bolt|Raging Bolt|100/100
|-damage|p2a: Raging Bolt|88/100|[from] Stealth Rock
|turn|9
|
|t:|1781567456
|move|p1a: Zapdos|Volt Switch|p2a: Raging Bolt
|-resisted|p2a: Raging Bolt
|-damage|p2a: Raging Bolt|83/100
|
|t:|1781567460
|switch|p1a: Iron Valiant|Iron Valiant|100/100|[from] Volt Switch
|move|p2a: Raging Bolt|Calm Mind|p2a: Raging Bolt
|-boost|p2a: Raging Bolt|spa|1
|-boost|p2a: Raging Bolt|spd|1
|
|-heal|p2a: Raging Bolt|89/100|[from] item: Leftovers
|upkeep
|turn|10
|
|t:|1781567466
|-end|p2a: Raging Bolt|Protosynthesis|[silent]
|switch|p2a: Weezing|Weezing-Galar, M, shiny|100/100
|-damage|p2a: Weezing|88/100|[from] Stealth Rock
|move|p1a: Iron Valiant|Encore||[still]
|-fail|p1a: Iron Valiant
|
|-heal|p2a: Weezing|94/100|[from] item: Black Sludge
|upkeep
|turn|11
|j| S4CRED FL4ME
|
|t:|1781567495
|move|p1a: Iron Valiant|Knock Off|p2a: Weezing
|-resisted|p2a: Weezing
|-damage|p2a: Weezing|85/100
|-enditem|p2a: Weezing|Black Sludge|[from] move: Knock Off|[of] p1a: Iron Valiant
|move|p2a: Weezing|Defog|p1a: Iron Valiant
|-unboost|p1a: Iron Valiant|evasion|1
|-sideend|p2: isaac_gam3r|Stealth Rock|[from] move: Defog|[of] p2a: Weezing
|
|upkeep
|turn|12
|
|t:|1781567502
|move|p1a: Iron Valiant|Close Combat|p2a: Weezing
|-resisted|p2a: Weezing
|-damage|p2a: Weezing|76/100
|-unboost|p1a: Iron Valiant|def|1
|-unboost|p1a: Iron Valiant|spd|1
|move|p2a: Weezing|Will-O-Wisp|p1a: Iron Valiant
|-status|p1a: Iron Valiant|brn
|
|-damage|p1a: Iron Valiant|94/100 brn|[from] brn
|upkeep
|turn|13
|
|t:|1781567511
|move|p1a: Iron Valiant|Encore|p2a: Weezing
|-start|p2a: Weezing|Encore
|move|p2a: Weezing|Will-O-Wisp|p1a: Iron Valiant
|-fail|p1a: Iron Valiant|brn
|
|-damage|p1a: Iron Valiant|88/100 brn|[from] brn
|upkeep
|turn|14
|
|t:|1781567535
|switch|p2a: Weavile|Weavile, M|1/100
|-ability|p2a: Weavile|Pressure
|move|p1a: Iron Valiant|Moonblast|p2a: Weavile
|-supereffective|p2a: Weavile
|-damage|p2a: Weavile|0 fnt
|faint|p2a: Weavile
|
|-damage|p1a: Iron Valiant|82/100 brn|[from] brn
|upkeep
|
|t:|1781567541
|switch|p2a: Heatran|Heatran, M|100/100
|turn|15
|
|t:|1781567548
|move|p1a: Iron Valiant|Close Combat|p2a: Heatran
|-supereffective|p2a: Heatran
|-damage|p2a: Heatran|61/100
|-unboost|p1a: Iron Valiant|def|1
|-unboost|p1a: Iron Valiant|spd|1
|move|p2a: Heatran|Flash Cannon|p1a: Iron Valiant
|-supereffective|p1a: Iron Valiant
|-damage|p1a: Iron Valiant|0 fnt
|faint|p1a: Iron Valiant
|-end|p1a: Iron Valiant|Quark Drive|[silent]
|
|upkeep
|
|t:|1781567555
|switch|p1a: Ogerpon|Ogerpon-Wellspring, F|100/100
|turn|16
|
|t:|1781567562
|move|p1a: Ogerpon|Ivy Cudgel|p2a: Heatran|[anim] Ivy Cudgel Water
|-supereffective|p2a: Heatran
|-damage|p2a: Heatran|0 fnt
|faint|p2a: Heatran
|
|upkeep
|
|t:|1781567564
|switch|p2a: Garchomp|Garchomp, M|100/100
|turn|17
|
|t:|1781567582
|-terastallize|p2a: Garchomp|Dragon
|move|p2a: Garchomp|Outrage|p1a: Ogerpon
|-damage|p1a: Ogerpon|0 fnt
|faint|p1a: Ogerpon
|
|upkeep
|
|t:|1781567593
|switch|p1a: Zapdos|Zapdos|73/100
|turn|18
|
|t:|1781567599
|-terastallize|p1a: Zapdos|Steel
|move|p2a: Garchomp|Outrage|p1a: Zapdos|[from] lockedmove
|-resisted|p1a: Zapdos
|-damage|p1a: Zapdos|44/100
|-start|p2a: Garchomp|confusion|[fatigue]
|move|p1a: Zapdos|Hurricane|p2a: Garchomp|[miss]
|-miss|p1a: Zapdos|p2a: Garchomp
|
|upkeep
|turn|19
|
|t:|1781567603
|switch|p2a: Weezing|Weezing-Galar, M, shiny|76/100
|move|p1a: Zapdos|Roost|p1a: Zapdos
|-heal|p1a: Zapdos|94/100
|
|upkeep
|turn|20
|
|t:|1781567615
|move|p1a: Zapdos|Hurricane|p2a: Weezing
|-damage|p2a: Weezing|12/100
|move|p2a: Weezing|Will-O-Wisp|p1a: Zapdos
|-status|p1a: Zapdos|brn
|
|-damage|p1a: Zapdos|88/100 brn|[from] brn
|upkeep
|turn|21
|
|t:|1781567618
|move|p1a: Zapdos|Volt Switch|p2a: Weezing
|-damage|p2a: Weezing|0 fnt
|faint|p2a: Weezing
|
|t:|1781567621
|switch|p1a: Ting-Lu|Ting-Lu|45/100|[from] Volt Switch
|-ability|p1a: Ting-Lu|Vessel of Ruin
|
|-heal|p1a: Ting-Lu|51/100|[from] item: Leftovers
|upkeep
|
|t:|1781567623
|switch|p2a: Garchomp|Garchomp, M, tera:Dragon|100/100
|turn|22
|
|t:|1781567627
|move|p2a: Garchomp|Outrage|p1a: Ting-Lu
|-damage|p1a: Ting-Lu|2/100
|move|p1a: Ting-Lu|Earthquake|p2a: Garchomp
|-damage|p2a: Garchomp|66/100
|
|-heal|p1a: Ting-Lu|8/100|[from] item: Leftovers
|upkeep
|turn|23
|
|t:|1781567635
|move|p2a: Garchomp|Outrage|p1a: Ting-Lu|[from] lockedmove
|-damage|p1a: Ting-Lu|0 fnt
|faint|p1a: Ting-Lu
|-start|p2a: Garchomp|confusion|[fatigue]
|
|upkeep
|
|t:|1781567638
|switch|p1a: Cinderace|Cinderace, M|100/100
|turn|24
|
|t:|1781567642
|-activate|p2a: Garchomp|confusion
|move|p2a: Garchomp|Outrage|p1a: Cinderace
|-crit|p1a: Cinderace
|-damage|p1a: Cinderace|0 fnt
|faint|p1a: Cinderace
|
|upkeep
|-message|tamarisimms forfeited.
|
|win|isaac_gam3r
|raw|tamarisimms's rating: 1521 &rarr; <strong>1503</strong><br />(-18 for losing)
|raw|isaac_gam3r's rating: 1561 &rarr; <strong>1579</strong><br />(+18 for winning)
|l|☆isaac_gam3r
|player|p2|
|l|☆tamarisimms
|player|p1|
|j|☆isaac_gam3r
|player|p2|isaac_gam3r|acetrainer-gen4dp|
|l|☆isaac_gam3r
|player|p2|
|l| S4CRED FL4ME
