|badge|p1|bronze|gen9ou|100-9
|uhtml|medal-msg|<div class="broadcast-blue">Curious what those medals under the avatar are? PS now has Ladder Seasons! For more information, check out the <a href="https://www.smogon.com/forums/threads/3740067/">thread on Smogon.</a></div>
|j|☆AnonymousJon
|j|‽LT_Alt1
|t:|1781496228
|gametype|singles
|player|p1|AnonymousJon|workerice|1808
|player|p2|LT_Alt1|2|1752
|gen|9
|tier|[Gen 9] OU
|rated|
|rule|HP Percentage Mod: HP is shown in percentages
|rule|Endless Battle Clause: Forcing endless battles is banned
|rule|Species Clause: Limit one of each Pokémon
|rule|OHKO Clause: OHKO moves are banned
|rule|Evasion Items Clause: Evasion items are banned
|rule|Evasion Moves Clause: Evasion moves are banned
|rule|Evasion Abilities Clause: Evasion abilities are banned
|rule|Sleep Moves Clause: Sleep-inducing moves are banned
|clearpoke
|poke|p1|Great Tusk|
|poke|p1|Ogerpon-Cornerstone, F|
|poke|p1|Rillaboom, F|
|poke|p1|Tyranitar, M|
|poke|p1|Corviknight, F|
|poke|p1|Dragapult, M|
|poke|p2|Kyurem|
|poke|p2|Raging Bolt|
|poke|p2|Hatterene, F|
|poke|p2|Slowking-Galar, M|
|poke|p2|Ting-Lu|
|poke|p2|Corviknight, F|
|teampreview
|inactive|Battle timer is ON: inactive players will automatically lose when time's up. (requested by AnonymousJon)
|
|t:|1781496241
|teamsize|p1|6
|teamsize|p2|6
|start
|switch|p1a: Rillaboom|Rillaboom, F|100/100
|switch|p2a: Raging Bolt|Raging Bolt|100/100
|-fieldstart|move: Grassy Terrain|[from] ability: Grassy Surge|[of] p1a: Rillaboom
|turn|1
|
|t:|1781496246
|move|p1a: Rillaboom|U-turn|p2a: Raging Bolt
|-damage|p2a: Raging Bolt|66/100
|
|t:|1781496250
|switch|p1a: Tyranitar|Tyranitar, M|100/100|[from] U-turn
|-weather|Sandstorm|[from] ability: Sand Stream|[of] p1a: Tyranitar
|move|p2a: Raging Bolt|Draco Meteor|p1a: Tyranitar
|-damage|p1a: Tyranitar|71/100
|-unboost|p2a: Raging Bolt|spa|2
|
|-weather|Sandstorm|[upkeep]
|-damage|p2a: Raging Bolt|59/100|[from] Sandstorm
|-heal|p2a: Raging Bolt|66/100|[from] Grassy Terrain
|-heal|p1a: Tyranitar|77/100|[from] Grassy Terrain
|-heal|p1a: Tyranitar|83/100|[from] item: Leftovers
|upkeep
|turn|2
|j| euphoricpoptarts
|
|t:|1781496256
|move|p2a: Raging Bolt|Volt Switch|p1a: Tyranitar
|-damage|p1a: Tyranitar|74/100
|
|t:|1781496259
|-end|p2a: Raging Bolt|Protosynthesis|[silent]
|switch|p2a: Hatterene|Hatterene, F|100/100|[from] Volt Switch
|move|p1a: Tyranitar|Knock Off|p2a: Hatterene
|-damage|p2a: Hatterene|60/100
|-enditem|p2a: Hatterene|Leftovers|[from] move: Knock Off|[of] p1a: Tyranitar
|
|-weather|Sandstorm|[upkeep]
|-damage|p2a: Hatterene|54/100|[from] Sandstorm
|-heal|p1a: Tyranitar|80/100|[from] Grassy Terrain
|-heal|p1a: Tyranitar|87/100|[from] item: Leftovers
|-heal|p2a: Hatterene|60/100|[from] Grassy Terrain
|upkeep
|turn|3
|
|t:|1781496263
|switch|p1a: Corviknight|Corviknight, F|100/100
|-ability|p1a: Corviknight|Pressure
|move|p2a: Hatterene|Pain Split|p1a: Corviknight
|-sethp|p1a: Corviknight|72/100|[from] move: Pain Split|[silent]
|-sethp|p2a: Hatterene|99/100|[from] move: Pain Split
|
|-weather|Sandstorm|[upkeep]
|-damage|p2a: Hatterene|94/100|[from] Sandstorm
|-heal|p2a: Hatterene|99/100|[from] Grassy Terrain
|upkeep
|turn|4
|
|t:|1781496267
|move|p1a: Corviknight|Brave Bird|p2a: Hatterene
|-damage|p2a: Hatterene|66/100
|-damage|p1a: Corviknight|64/100|[from] Recoil
|move|p2a: Hatterene|Nuzzle|p1a: Corviknight
|-supereffective|p1a: Corviknight
|-damage|p1a: Corviknight|60/100
|-status|p1a: Corviknight|par
|-damage|p2a: Hatterene|50/100|[from] item: Rocky Helmet|[of] p1a: Corviknight
|
|-weather|Sandstorm|[upkeep]
|-damage|p2a: Hatterene|44/100|[from] Sandstorm
|-heal|p2a: Hatterene|50/100|[from] Grassy Terrain
|upkeep
|turn|5
|
|t:|1781496271
|move|p2a: Hatterene|Pain Split|p1a: Corviknight
|-sethp|p1a: Corviknight|48/100 par|[from] move: Pain Split|[silent]
|-sethp|p2a: Hatterene|67/100|[from] move: Pain Split
|cant|p1a: Corviknight|par
|
|-weather|none
|-heal|p2a: Hatterene|73/100|[from] Grassy Terrain
|-fieldend|move: Grassy Terrain
|upkeep
|turn|6
|
|t:|1781496279
|switch|p2a: Slowking|Slowking-Galar, M|100/100
|move|p1a: Corviknight|U-turn|p2a: Slowking
|-damage|p2a: Slowking|87/100
|
|t:|1781496282
|switch|p1a: Great Tusk|Great Tusk|100/100|[from] U-turn
|
|upkeep
|turn|7
|
|t:|1781496285
|move|p1a: Great Tusk|Headlong Rush|p2a: Slowking
|-supereffective|p2a: Slowking
|-enditem|p2a: Slowking|Shuca Berry|[eat]
|-enditem|p2a: Slowking|Shuca Berry|[weaken]
|-damage|p2a: Slowking|32/100
|-unboost|p1a: Great Tusk|def|1
|-unboost|p1a: Great Tusk|spd|1
|-prepare|p2a: Slowking|Chilly Reception|[premajor]
|move|p2a: Slowking|Chilly Reception|p2a: Slowking
|-weather|Snowscape
|
|t:|1781496289
|switch|p2a: Kyurem|Kyurem|100/100|[from] Chilly Reception
|-ability|p2a: Kyurem|Pressure
|
|-weather|Snowscape|[upkeep]
|upkeep
|turn|8
|
|t:|1781496291
|-end|p1a: Great Tusk|Protosynthesis|[silent]
|switch|p1a: Tyranitar|Tyranitar, M|87/100
|-weather|Sandstorm|[from] ability: Sand Stream|[of] p1a: Tyranitar
|move|p2a: Kyurem|Blizzard|p1a: Tyranitar
|-damage|p1a: Tyranitar|49/100
|
|-weather|Sandstorm|[upkeep]
|-damage|p2a: Kyurem|94/100|[from] Sandstorm
|-heal|p1a: Tyranitar|55/100|[from] item: Leftovers
|upkeep
|turn|9
|
|t:|1781496297
|switch|p2a: Corviknight|Corviknight, F|100/100
|-ability|p2a: Corviknight|Pressure
|move|p1a: Tyranitar|Stone Edge|p2a: Corviknight
|-damage|p2a: Corviknight|70/100
|
|-weather|Sandstorm|[upkeep]
|-heal|p1a: Tyranitar|61/100|[from] item: Leftovers
|upkeep
|turn|10
|
|t:|1781496300
|switch|p1a: Dragapult|Dragapult, M|100/100
|move|p2a: Corviknight|Body Press|p1a: Dragapult
|-immune|p1a: Dragapult
|
|-weather|Sandstorm|[upkeep]
|-damage|p1a: Dragapult|94/100|[from] Sandstorm
|-heal|p1a: Dragapult|100/100|[from] item: Leftovers
|upkeep
|turn|11
|
|t:|1781496309
|switch|p2a: Slowking|Slowking-Galar, M|65/100
|move|p1a: Dragapult|Will-O-Wisp|p2a: Slowking|[miss]
|-miss|p1a: Dragapult|p2a: Slowking
|
|-weather|Sandstorm|[upkeep]
|-damage|p1a: Dragapult|94/100|[from] Sandstorm
|-damage|p2a: Slowking|59/100|[from] Sandstorm
|-heal|p1a: Dragapult|100/100|[from] item: Leftovers
|upkeep
|turn|12
|
|t:|1781496319
|move|p1a: Dragapult|Substitute|p1a: Dragapult
|-start|p1a: Dragapult|Substitute
|-damage|p1a: Dragapult|76/100
|-prepare|p2a: Slowking|Chilly Reception|[premajor]
|move|p2a: Slowking|Chilly Reception|p2a: Slowking
|-weather|Snowscape
|
|t:|1781496326
|switch|p2a: Ting-Lu|Ting-Lu|100/100|[from] Chilly Reception
|-ability|p2a: Ting-Lu|Vessel of Ruin
|
|-weather|Snowscape|[upkeep]
|-heal|p1a: Dragapult|82/100|[from] item: Leftovers
|upkeep
|turn|13
|
|t:|1781496330
|move|p1a: Dragapult|Will-O-Wisp|p2a: Ting-Lu
|-status|p2a: Ting-Lu|brn
|move|p2a: Ting-Lu|Spikes|p1a: Dragapult
|-sidestart|p1: AnonymousJon|Spikes
|
|-weather|Snowscape|[upkeep]
|-heal|p1a: Dragapult|88/100|[from] item: Leftovers
|-damage|p2a: Ting-Lu|94/100 brn|[from] brn
|upkeep
|turn|14
|
|t:|1781496332
|move|p1a: Dragapult|Dragon Darts|p2a: Ting-Lu
|-damage|p2a: Ting-Lu|85/100 brn
|-anim|p1a: Dragapult|Dragon Darts|p2a: Ting-Lu
|-damage|p2a: Ting-Lu|75/100 brn
|move|p2a: Ting-Lu|Spikes|p1a: Dragapult
|-sidestart|p1: AnonymousJon|Spikes
|
|-weather|Snowscape|[upkeep]
|-heal|p1a: Dragapult|94/100|[from] item: Leftovers
|-heal|p2a: Ting-Lu|81/100 brn|[from] item: Leftovers
|-damage|p2a: Ting-Lu|75/100 brn|[from] brn
|upkeep
|turn|15
|
|t:|1781496335
|move|p1a: Dragapult|Dragon Darts|p2a: Ting-Lu
|-damage|p2a: Ting-Lu|65/100 brn
|-anim|p1a: Dragapult|Dragon Darts|p2a: Ting-Lu
|-damage|p2a: Ting-Lu|55/100 brn
|move|p2a: Ting-Lu|Spikes|p1a: Dragapult
|-sidestart|p1: AnonymousJon|Spikes
|
|-weather|Snowscape|[upkeep]
|-heal|p1a: Dragapult|100/100|[from] item: Leftovers
|-heal|p2a: Ting-Lu|62/100 brn|[from] item: Leftovers
|-damage|p2a: Ting-Lu|55/100 brn|[from] brn
|upkeep
|turn|16
|
|t:|1781496338
|move|p1a: Dragapult|Dragon Darts|p2a: Ting-Lu
|-damage|p2a: Ting-Lu|45/100 brn
|-anim|p1a: Dragapult|Dragon Darts|p2a: Ting-Lu
|-damage|p2a: Ting-Lu|34/100 brn
|move|p2a: Ting-Lu|Whirlwind|p1a: Dragapult
|drag|p1a: Tyranitar|Tyranitar, M|61/100
|-damage|p1a: Tyranitar|36/100|[from] Spikes
|-weather|Sandstorm|[from] ability: Sand Stream|[of] p1a: Tyranitar
|
|-weather|Sandstorm|[upkeep]
|-heal|p1a: Tyranitar|43/100|[from] item: Leftovers
|-heal|p2a: Ting-Lu|41/100 brn|[from] item: Leftovers
|-damage|p2a: Ting-Lu|34/100 brn|[from] brn
|upkeep
|turn|17
|
|t:|1781496351
|move|p1a: Tyranitar|Knock Off|p2a: Ting-Lu
|-resisted|p2a: Ting-Lu
|-damage|p2a: Ting-Lu|23/100 brn
|-enditem|p2a: Ting-Lu|Leftovers|[from] move: Knock Off|[of] p1a: Tyranitar
|move|p2a: Ting-Lu|Whirlwind|p1a: Tyranitar
|drag|p1a: Dragapult|Dragapult, M|100/100
|-damage|p1a: Dragapult|76/100|[from] Spikes
|
|-weather|Sandstorm|[upkeep]
|-damage|p1a: Dragapult|69/100|[from] Sandstorm
|-heal|p1a: Dragapult|76/100|[from] item: Leftovers
|-damage|p2a: Ting-Lu|17/100 brn|[from] brn
|upkeep
|turn|18
|
|t:|1781496355
|switch|p2a: Hatterene|Hatterene, F|73/100
|move|p1a: Dragapult|Dragon Darts|p2a: Hatterene
|-immune|p2a: Hatterene
|
|-weather|Sandstorm|[upkeep]
|-damage|p1a: Dragapult|69/100|[from] Sandstorm
|-damage|p2a: Hatterene|67/100|[from] Sandstorm
|-heal|p1a: Dragapult|76/100|[from] item: Leftovers
|upkeep
|turn|19
|
|t:|1781496361
|switch|p1a: Corviknight|Corviknight, F|48/100 par
|-ability|p1a: Corviknight|Pressure
|move|p2a: Hatterene|Dazzling Gleam|p1a: Corviknight
|-resisted|p1a: Corviknight
|-damage|p1a: Corviknight|29/100 par
|
|-weather|Sandstorm|[upkeep]
|-damage|p2a: Hatterene|61/100|[from] Sandstorm
|upkeep
|turn|20
|
|t:|1781496374
|switch|p2a: Raging Bolt|Raging Bolt|66/100
|move|p1a: Corviknight|Roost|p1a: Corviknight
|-heal|p1a: Corviknight|79/100 par
|-singleturn|p1a: Corviknight|move: Roost
|
|-weather|none
|upkeep
|turn|21
|
|t:|1781496379
|switch|p1a: Great Tusk|Great Tusk|100/100
|-damage|p1a: Great Tusk|76/100|[from] Spikes
|move|p2a: Raging Bolt|Thunderbolt|p1a: Great Tusk
|-immune|p1a: Great Tusk
|
|upkeep
|turn|22
|
|t:|1781496382
|move|p1a: Great Tusk|Rapid Spin|p2a: Raging Bolt
|-crit|p2a: Raging Bolt
|-damage|p2a: Raging Bolt|44/100
|-boost|p1a: Great Tusk|spe|1
|-sideend|p1: AnonymousJon|Spikes|[from] move: Rapid Spin|[of] p1a: Great Tusk
|move|p2a: Raging Bolt|Draco Meteor|p1a: Great Tusk
|-damage|p1a: Great Tusk|28/100
|-unboost|p2a: Raging Bolt|spa|2
|
|upkeep
|turn|23
|
|t:|1781496386
|-end|p2a: Raging Bolt|Protosynthesis|[silent]
|switch|p2a: Corviknight|Corviknight, F|70/100
|-ability|p2a: Corviknight|Pressure
|move|p1a: Great Tusk|Headlong Rush|p2a: Corviknight
|-immune|p2a: Corviknight
|
|upkeep
|turn|24
|
|t:|1781496392
|move|p1a: Great Tusk|Temper Flare|p2a: Corviknight
|-supereffective|p2a: Corviknight
|-damage|p2a: Corviknight|9/100
|-damage|p1a: Great Tusk|12/100|[from] item: Rocky Helmet|[of] p2a: Corviknight
|move|p2a: Corviknight|Roost|p2a: Corviknight
|-heal|p2a: Corviknight|59/100
|-singleturn|p2a: Corviknight|move: Roost
|
|upkeep
|turn|25
|
|t:|1781496398
|-end|p1a: Great Tusk|Protosynthesis|[silent]
|switch|p1a: Dragapult|Dragapult, M|76/100
|move|p2a: Corviknight|Roost|p2a: Corviknight
|-heal|p2a: Corviknight|100/100
|-singleturn|p2a: Corviknight|move: Roost
|
|-heal|p1a: Dragapult|82/100|[from] item: Leftovers
|upkeep
|turn|26
|
|t:|1781496407
|switch|p2a: Slowking|Slowking-Galar, M|92/100
|move|p1a: Dragapult|Substitute|p1a: Dragapult
|-start|p1a: Dragapult|Substitute
|-damage|p1a: Dragapult|57/100
|
|-heal|p1a: Dragapult|63/100|[from] item: Leftovers
|upkeep
|turn|27
|
|t:|1781496410
|move|p1a: Dragapult|Will-O-Wisp|p2a: Slowking
|-status|p2a: Slowking|brn
|move|p2a: Slowking|Future Sight|p1a: Dragapult
|-start|p2a: Slowking|move: Future Sight
|
|-heal|p1a: Dragapult|69/100|[from] item: Leftovers
|-damage|p2a: Slowking|86/100 brn|[from] brn
|upkeep
|turn|28
|
|t:|1781496413
|move|p1a: Dragapult|Hex|p2a: Slowking
|-supereffective|p2a: Slowking
|-damage|p2a: Slowking|13/100 brn
|-prepare|p2a: Slowking|Chilly Reception|[premajor]
|move|p2a: Slowking|Chilly Reception|p2a: Slowking
|-weather|Snowscape
|
|t:|1781496424
|switch|p2a: Ting-Lu|Ting-Lu|17/100 brn|[from] Chilly Reception
|-ability|p2a: Ting-Lu|Vessel of Ruin
|
|-weather|Snowscape|[upkeep]
|-heal|p1a: Dragapult|76/100|[from] item: Leftovers
|-damage|p2a: Ting-Lu|11/100 brn|[from] brn
|upkeep
|turn|29
|
|t:|1781496427
|move|p1a: Dragapult|Dragon Darts|p2a: Ting-Lu
|-damage|p2a: Ting-Lu|1/100 brn
|-anim|p1a: Dragapult|Dragon Darts|p2a: Ting-Lu
|-damage|p2a: Ting-Lu|0 fnt
|faint|p2a: Ting-Lu
|
|-weather|Snowscape|[upkeep]
|-end|p1a: Dragapult|move: Future Sight
|-end|p1a: Dragapult|Substitute
|-heal|p1a: Dragapult|82/100|[from] item: Leftovers
|upkeep
|
|t:|1781496430
|switch|p2a: Kyurem|Kyurem|94/100
|-ability|p2a: Kyurem|Pressure
|turn|30
|
|t:|1781496436
|switch|p1a: Great Tusk|Great Tusk|12/100
|move|p2a: Kyurem|Freeze-Dry|p1a: Great Tusk
|-supereffective|p1a: Great Tusk
|-damage|p1a: Great Tusk|0 fnt
|faint|p1a: Great Tusk
|-end|p1a: Great Tusk|Protosynthesis|[silent]
|
|-weather|Snowscape|[upkeep]
|upkeep
|
|t:|1781496443
|switch|p1a: Ogerpon|Ogerpon-Cornerstone, F|100/100
|turn|31
|
|t:|1781496449
|move|p1a: Ogerpon|Ivy Cudgel|p2a: Kyurem|[anim] Ivy Cudgel Rock
|-supereffective|p2a: Kyurem
|-crit|p2a: Kyurem
|-damage|p2a: Kyurem|0 fnt
|faint|p2a: Kyurem
|
|-weather|Snowscape|[upkeep]
|upkeep
|
|t:|1781496457
|switch|p2a: Hatterene|Hatterene, F|61/100
|turn|32
|
|t:|1781496461
|switch|p1a: Corviknight|Corviknight, F|79/100 par
|-ability|p1a: Corviknight|Pressure
|move|p2a: Hatterene|Nuzzle|p1a: Corviknight
|-supereffective|p1a: Corviknight
|-damage|p1a: Corviknight|75/100 par
|-damage|p2a: Hatterene|44/100|[from] item: Rocky Helmet|[of] p1a: Corviknight
|
|-weather|none
|upkeep
|turn|33
|
|t:|1781496465
|move|p2a: Hatterene|Pain Split|p1a: Corviknight
|-sethp|p1a: Corviknight|54/100 par|[from] move: Pain Split|[silent]
|-sethp|p2a: Hatterene|75/100|[from] move: Pain Split
|cant|p1a: Corviknight|par
|
|upkeep
|turn|34
|
|t:|1781496472
|move|p2a: Hatterene|Dazzling Gleam|p1a: Corviknight
|-resisted|p1a: Corviknight
|-damage|p1a: Corviknight|36/100 par
|cant|p1a: Corviknight|par
|
|upkeep
|turn|35
|
|t:|1781496475
|move|p2a: Hatterene|Dazzling Gleam|p1a: Corviknight
|-resisted|p1a: Corviknight
|-crit|p1a: Corviknight
|-damage|p1a: Corviknight|9/100 par
|move|p1a: Corviknight|U-turn|p2a: Hatterene
|-damage|p2a: Hatterene|62/100
|
|t:|1781496479
|switch|p1a: Tyranitar|Tyranitar, M|43/100|[from] U-turn
|-weather|Sandstorm|[from] ability: Sand Stream|[of] p1a: Tyranitar
|
|-weather|Sandstorm|[upkeep]
|-damage|p2a: Hatterene|56/100|[from] Sandstorm
|-heal|p1a: Tyranitar|49/100|[from] item: Leftovers
|upkeep
|turn|36
|
|t:|1781496484
|move|p1a: Tyranitar|Knock Off|p2a: Hatterene
|-damage|p2a: Hatterene|24/100
|move|p2a: Hatterene|Nuzzle|p1a: Tyranitar
|-damage|p1a: Tyranitar|46/100
|-status|p1a: Tyranitar|par
|
|-weather|Sandstorm|[upkeep]
|-damage|p2a: Hatterene|18/100|[from] Sandstorm
|-heal|p1a: Tyranitar|52/100 par|[from] item: Leftovers
|upkeep
|turn|37
|
|t:|1781496487
|switch|p1a: Corviknight|Corviknight, F|9/100 par
|-ability|p1a: Corviknight|Pressure
|move|p2a: Hatterene|Pain Split|p1a: Corviknight
|-sethp|p1a: Corviknight|11/100 par|[from] move: Pain Split|[silent]
|-sethp|p2a: Hatterene|15/100|[from] move: Pain Split
|
|-weather|Sandstorm|[upkeep]
|-damage|p2a: Hatterene|9/100|[from] Sandstorm
|upkeep
|turn|38
|
|t:|1781496491
|move|p2a: Hatterene|Dazzling Gleam|p1a: Corviknight
|-resisted|p1a: Corviknight
|-damage|p1a: Corviknight|0 fnt
|faint|p1a: Corviknight
|
|-weather|Sandstorm|[upkeep]
|-damage|p2a: Hatterene|3/100|[from] Sandstorm
|upkeep
|
|t:|1781496495
|switch|p1a: Dragapult|Dragapult, M|82/100
|turn|39
|
|t:|1781496500
|move|p1a: Dragapult|Hex|p2a: Hatterene
|-supereffective|p2a: Hatterene
|-damage|p2a: Hatterene|0 fnt
|faint|p2a: Hatterene
|
|-weather|none
|-heal|p1a: Dragapult|88/100|[from] item: Leftovers
|upkeep
|
|t:|1781496504
|switch|p2a: Raging Bolt|Raging Bolt|44/100
|turn|40
|
|t:|1781496509
|switch|p1a: Tyranitar|Tyranitar, M|52/100 par
|-weather|Sandstorm|[from] ability: Sand Stream|[of] p1a: Tyranitar
|move|p2a: Raging Bolt|Draco Meteor|p1a: Tyranitar
|-damage|p1a: Tyranitar|22/100 par
|-unboost|p2a: Raging Bolt|spa|2
|
|-weather|Sandstorm|[upkeep]
|-damage|p2a: Raging Bolt|38/100|[from] Sandstorm
|-heal|p1a: Tyranitar|29/100 par|[from] item: Leftovers
|upkeep
|turn|41
|j| Shucklepilled
|
|t:|1781496514
|move|p2a: Raging Bolt|Volt Switch|p1a: Tyranitar
|-damage|p1a: Tyranitar|21/100 par
|
|t:|1781496516
|-end|p2a: Raging Bolt|Protosynthesis|[silent]
|switch|p2a: Corviknight|Corviknight, F|100/100|[from] Volt Switch
|-ability|p2a: Corviknight|Pressure
|cant|p1a: Tyranitar|par
|
|-weather|Sandstorm|[upkeep]
|-heal|p1a: Tyranitar|27/100 par|[from] item: Leftovers
|upkeep
|turn|42
|
|t:|1781496523
|switch|p2a: Slowking|Slowking-Galar, M|46/100 brn
|switch|p1a: Dragapult|Dragapult, M|88/100
|
|-weather|Sandstorm|[upkeep]
|-damage|p1a: Dragapult|82/100|[from] Sandstorm
|-damage|p2a: Slowking|40/100 brn|[from] Sandstorm
|-heal|p1a: Dragapult|88/100|[from] item: Leftovers
|-damage|p2a: Slowking|34/100 brn|[from] brn
|upkeep
|turn|43
|-message|LT_Alt1 forfeited.
|
|win|AnonymousJon
|raw|AnonymousJon's rating: 1808 &rarr; <strong>1825</strong><br />(+17 for winning)
|raw|LT_Alt1's rating: 1752 &rarr; <strong>1735</strong><br />(-17 for losing)
|l|‽LT_Alt1
|player|p2|
|l|☆AnonymousJon
|player|p1|
|l| euphoricpoptarts
