|j|☆1200s chud
|j|☆icylikedecember
|t:|1780970699
|gametype|singles
|player|p1|1200s chud|preschooler|1743
|player|p2|icylikedecember|skierf|1710
|gen|9
|tier|[Gen 9] OU
|rated|
|rule|HP Percentage Mod: HP is shown in percentages
|rule|Endless Battle Clause: Forcing endless battles is banned
|rule|Species Clause: Limit one of each Pokémon
|rule|OHKO Clause: OHKO moves are banned
|rule|Evasion Items Clause: Evasion items are banned
|rule|Evasion Moves Clause: Evasion moves are banned
|rule|Evasion Abilities Clause: Evasion abilities are banned
|rule|Sleep Moves Clause: Sleep-inducing moves are banned
|clearpoke
|poke|p1|Iron Thorns|
|poke|p1|Ribombee, F|
|poke|p1|Gholdengo|
|poke|p1|Ceruledge, M|
|poke|p1|Ursaluna, M|
|poke|p1|Great Tusk|
|poke|p2|Corviknight, M|
|poke|p2|Slowking-Galar, M|
|poke|p2|Darkrai|
|poke|p2|Kyurem|
|poke|p2|Zamazenta-*|
|poke|p2|Crawdaunt, M|
|teampreview
|inactive|Battle timer is ON: inactive players will automatically lose when time's up. (requested by 1200s chud)
|c|☆icylikedecember|1200 larp
|c|☆1200s chud|lmao
|c|☆1200s chud|this is my first time
|c|☆1200s chud|ive hit 1700s
|c|☆1200s chud|im really excvited
|inactive|1200s chud has 120 seconds left.
|c|☆1200s chud|good luck!
|c|☆icylikedecember|congrats, name change coming
|c|☆1200s chud|ik :3
|c|☆icylikedecember|u2
|j| gvcbcbmnmbnmb
|
|t:|1780970754
|teamsize|p1|6
|teamsize|p2|6
|start
|switch|p1a: SupremeClientele|Ribombee, F|100/100
|switch|p2a: Slowking|Slowking-Galar, M, shiny|100/100
|turn|1
|
|t:|1780970757
|move|p1a: SupremeClientele|Sticky Web|p2a: Slowking
|-sidestart|p2: icylikedecember|move: Sticky Web
|move|p2a: Slowking|Sludge Bomb|p1a: SupremeClientele
|-supereffective|p1a: SupremeClientele
|-enditem|p1a: SupremeClientele|Focus Sash
|-damage|p1a: SupremeClientele|1/100
|
|upkeep
|turn|2
|
|t:|1780970761
|move|p1a: SupremeClientele|Moonblast|p2a: Slowking
|-resisted|p2a: Slowking
|-damage|p2a: Slowking|91/100
|move|p2a: Slowking|Sludge Bomb|p1a: SupremeClientele
|-supereffective|p1a: SupremeClientele
|-damage|p1a: SupremeClientele|0 fnt
|faint|p1a: SupremeClientele
|
|upkeep
|
|t:|1780970775
|switch|p1a: SmokingOnYaCore|Ursaluna, M|100/100
|turn|3
|
|t:|1780970784
|switch|p2a: Corviknight|Corviknight, M, shiny|100/100
|-ability|p2a: Corviknight|Pressure
|move|p1a: SmokingOnYaCore|Swords Dance|p1a: SmokingOnYaCore
|-boost|p1a: SmokingOnYaCore|atk|2
|
|-status|p1a: SmokingOnYaCore|brn|[from] item: Flame Orb
|upkeep
|turn|4
|
|t:|1780970799
|switch|p1a: AintCaughtThePlot|Gholdengo|100/100
|-terastallize|p2a: Corviknight|Dragon
|move|p2a: Corviknight|Defog|p1a: AintCaughtThePlot
|-immune|p1a: AintCaughtThePlot|[from] ability: Good as Gold
|
|upkeep
|turn|5
|c|☆1200s chud|cinema
|
|t:|1780970807
|move|p1a: AintCaughtThePlot|Nasty Plot|p1a: AintCaughtThePlot
|-boost|p1a: AintCaughtThePlot|spa|2
|move|p2a: Corviknight|U-turn|p1a: AintCaughtThePlot
|-resisted|p1a: AintCaughtThePlot
|-damage|p1a: AintCaughtThePlot|97/100
|
|t:|1780970815
|switch|p2a: Darkrai|Darkrai|100/100|[from] U-turn
|-activate|p2a: Darkrai|move: Sticky Web
|-unboost|p2a: Darkrai|spe|1
|
|upkeep
|turn|6
|
|t:|1780970833
|switch|p2a: Slowking|Slowking-Galar, M, shiny|100/100
|-activate|p2a: Slowking|move: Sticky Web
|-unboost|p2a: Slowking|spe|1
|-terastallize|p1a: AintCaughtThePlot|Flying
|move|p1a: AintCaughtThePlot|Make It Rain|p2a: Slowking
|-damage|p2a: Slowking|36/100
|-unboost|p1a: AintCaughtThePlot|spa|1
|
|upkeep
|turn|7
|
|t:|1780970846
|switch|p2a: Crawdaunt|Crawdaunt, M|100/100
|-activate|p2a: Crawdaunt|move: Sticky Web
|-unboost|p2a: Crawdaunt|spe|1
|move|p1a: AintCaughtThePlot|Shadow Ball|p2a: Crawdaunt
|-resisted|p2a: Crawdaunt
|-damage|p2a: Crawdaunt|31/100
|
|upkeep
|turn|8
|
|t:|1780970853
|move|p2a: Crawdaunt|Aqua Jet|p1a: AintCaughtThePlot
|-damage|p1a: AintCaughtThePlot|52/100
|move|p1a: AintCaughtThePlot|Shadow Ball|p2a: Crawdaunt
|-resisted|p2a: Crawdaunt
|-damage|p2a: Crawdaunt|0 fnt
|faint|p2a: Crawdaunt
|
|upkeep
|
|t:|1780970861
|switch|p2a: Slowking|Slowking-Galar, M, shiny|69/100
|-activate|p2a: Slowking|move: Sticky Web
|-unboost|p2a: Slowking|spe|1
|turn|9
|
|t:|1780970868
|switch|p2a: Darkrai|Darkrai|100/100
|-activate|p2a: Darkrai|move: Sticky Web
|-unboost|p2a: Darkrai|spe|1
|move|p1a: AintCaughtThePlot|Shadow Ball|p2a: Darkrai
|-resisted|p2a: Darkrai
|-damage|p2a: Darkrai|50/100
|
|upkeep
|turn|10
|
|t:|1780970874
|move|p1a: AintCaughtThePlot|Nasty Plot|p1a: AintCaughtThePlot
|-boost|p1a: AintCaughtThePlot|spa|2
|move|p2a: Darkrai|Ice Beam|p1a: AintCaughtThePlot
|-supereffective|p1a: AintCaughtThePlot
|-damage|p1a: AintCaughtThePlot|0 fnt
|faint|p1a: AintCaughtThePlot
|
|upkeep
|c|☆1200s chud|im sped :sob:
|
|t:|1780970890
|switch|p1a: HighOffDaPack|Ceruledge, M|100/100
|-item|p1a: HighOffDaPack|Air Balloon
|turn|11
|
|t:|1780970905
|switch|p1a: SmokingOnYaCore|Ursaluna, M|100/100 brn
|switch|p2a: Corviknight|Corviknight, M, shiny, tera:Dragon|100/100
|-activate|p2a: Corviknight|move: Sticky Web
|-unboost|p2a: Corviknight|spe|1
|-ability|p2a: Corviknight|Pressure
|
|-damage|p1a: SmokingOnYaCore|94/100 brn|[from] brn
|upkeep
|turn|12
|
|t:|1780970908
|move|p1a: SmokingOnYaCore|Swords Dance|p1a: SmokingOnYaCore
|-boost|p1a: SmokingOnYaCore|atk|2
|move|p2a: Corviknight|Defog|p1a: SmokingOnYaCore
|-unboost|p1a: SmokingOnYaCore|evasion|1
|-sideend|p2: icylikedecember|Sticky Web|[from] move: Defog|[of] p2a: Corviknight
|
|-damage|p1a: SmokingOnYaCore|88/100 brn|[from] brn
|upkeep
|turn|13
|
|t:|1780970920
|move|p1a: SmokingOnYaCore|Trailblaze|p2a: Corviknight
|-resisted|p2a: Corviknight
|-damage|p2a: Corviknight|84/100
|-boost|p1a: SmokingOnYaCore|spe|1
|-damage|p1a: SmokingOnYaCore|71/100 brn|[from] item: Rocky Helmet|[of] p2a: Corviknight
|move|p2a: Corviknight|U-turn|p1a: SmokingOnYaCore
|-damage|p1a: SmokingOnYaCore|60/100 brn
|
|t:|1780970929
|switch|p2a: Zamazenta|Zamazenta|100/100|[from] U-turn
|-ability|p2a: Zamazenta|Dauntless Shield|boost
|-boost|p2a: Zamazenta|def|1
|
|-damage|p1a: SmokingOnYaCore|54/100 brn|[from] brn
|upkeep
|turn|14
|
|t:|1780970933
|switch|p1a: HighOffDaPack|Ceruledge, M|100/100
|-item|p1a: HighOffDaPack|Air Balloon
|move|p2a: Zamazenta|Body Press|p1a: HighOffDaPack
|-immune|p1a: HighOffDaPack
|
|upkeep
|turn|15
|
|t:|1780970939
|move|p2a: Zamazenta|Iron Defense|p2a: Zamazenta
|-boost|p2a: Zamazenta|def|2
|move|p1a: HighOffDaPack|Swords Dance|p1a: HighOffDaPack
|-boost|p1a: HighOffDaPack|atk|2
|
|upkeep
|turn|16
|
|t:|1780970944
|move|p1a: HighOffDaPack|Bitter Blade|p2a: Zamazenta
|-damage|p2a: Zamazenta|73/100
|move|p2a: Zamazenta|Roar|p1a: HighOffDaPack
|drag|p1a: SpinterredSouls|Great Tusk|100/100
|-enditem|p1a: SpinterredSouls|Booster Energy
|-activate|p1a: SpinterredSouls|ability: Protosynthesis|[fromitem]
|-start|p1a: SpinterredSouls|protosynthesisatk
|
|-heal|p2a: Zamazenta|79/100|[from] item: Leftovers
|upkeep
|turn|17
|
|t:|1780970949
|-end|p1a: SpinterredSouls|Protosynthesis|[silent]
|switch|p1a: HighOffDaPack|Ceruledge, M|100/100
|-item|p1a: HighOffDaPack|Air Balloon
|move|p2a: Zamazenta|Iron Defense|p2a: Zamazenta
|-boost|p2a: Zamazenta|def|2
|
|-heal|p2a: Zamazenta|85/100|[from] item: Leftovers
|upkeep
|turn|18
|
|t:|1780970954
|move|p2a: Zamazenta|Crunch|p1a: HighOffDaPack
|-supereffective|p1a: HighOffDaPack
|-damage|p1a: HighOffDaPack|42/100
|-ability|p1a: HighOffDaPack|Weak Armor|boost
|-unboost|p1a: HighOffDaPack|def|1
|-boost|p1a: HighOffDaPack|spe|2
|-enditem|p1a: HighOffDaPack|Air Balloon
|move|p1a: HighOffDaPack|Swords Dance|p1a: HighOffDaPack
|-boost|p1a: HighOffDaPack|atk|2
|
|-heal|p2a: Zamazenta|91/100|[from] item: Leftovers
|upkeep
|turn|19
|
|t:|1780970958
|move|p1a: HighOffDaPack|Destiny Bond|p1a: HighOffDaPack
|-singlemove|p1a: HighOffDaPack|Destiny Bond
|move|p2a: Zamazenta|Crunch|p1a: HighOffDaPack
|-supereffective|p1a: HighOffDaPack
|-damage|p1a: HighOffDaPack|0 fnt
|faint|p1a: HighOffDaPack
|-activate|p1a: HighOffDaPack|move: Destiny Bond
|faint|p2a: Zamazenta
|
|upkeep
|j| Goobshiester1st
|c|☆icylikedecember|ofc man lmao
|inactive|1200s chud has 120 seconds left.
|c|☆1200s chud|you really think im loading up a team that gets 6-0d on team preview by zama lol
|
|t:|1780970999
|switch|p2a: Kyurem|Kyurem|100/100
|switch|p1a: Mr.EnjoyDaDances|Iron Thorns|100/100
|-ability|p2a: Kyurem|Pressure
|-enditem|p1a: Mr.EnjoyDaDances|Booster Energy
|-activate|p1a: Mr.EnjoyDaDances|ability: Quark Drive|[fromitem]
|-start|p1a: Mr.EnjoyDaDances|quarkdriveatk
|turn|20
|inactive|1200s chud has 120 seconds left.
|
|t:|1780971007
|-end|p1a: Mr.EnjoyDaDances|Quark Drive|[silent]
|switch|p1a: SmokingOnYaCore|Ursaluna, M|54/100 brn
|move|p2a: Kyurem|Earth Power|p1a: SmokingOnYaCore
|-damage|p1a: SmokingOnYaCore|5/100 brn
|
|-damage|p1a: SmokingOnYaCore|0 fnt|[from] brn
|faint|p1a: SmokingOnYaCore
|upkeep
|inactive|1200s chud has 120 seconds left.
|
|t:|1780971019
|switch|p1a: SpinterredSouls|Great Tusk|100/100
|turn|21
|
|t:|1780971023
|switch|p2a: Corviknight|Corviknight, M, shiny, tera:Dragon|84/100
|-ability|p2a: Corviknight|Pressure
|move|p1a: SpinterredSouls|Bulk Up|p1a: SpinterredSouls
|-boost|p1a: SpinterredSouls|atk|1
|-boost|p1a: SpinterredSouls|def|1
|
|upkeep
|turn|22
|
|t:|1780971030
|switch|p2a: Slowking|Slowking-Galar, M, shiny|100/100
|move|p1a: SpinterredSouls|Rapid Spin|p2a: Slowking
|-damage|p2a: Slowking|76/100
|-boost|p1a: SpinterredSouls|spe|1
|
|upkeep
|turn|23
|
|t:|1780971035
|move|p1a: SpinterredSouls|Headlong Rush|p2a: Slowking
|-supereffective|p2a: Slowking
|-damage|p2a: Slowking|0 fnt
|-unboost|p1a: SpinterredSouls|def|1
|-unboost|p1a: SpinterredSouls|spd|1
|faint|p2a: Slowking
|
|upkeep
|c|☆icylikedecember|I always let this thing do this
|
|t:|1780971061
|switch|p2a: Corviknight|Corviknight, M, shiny, tera:Dragon|84/100
|-ability|p2a: Corviknight|Pressure
|turn|24
|
|t:|1780971065
|move|p1a: SpinterredSouls|Bulk Up|p1a: SpinterredSouls
|-boost|p1a: SpinterredSouls|atk|1
|-boost|p1a: SpinterredSouls|def|1
|move|p2a: Corviknight|Brave Bird|p1a: SpinterredSouls
|-supereffective|p1a: SpinterredSouls
|-damage|p1a: SpinterredSouls|66/100
|-damage|p2a: Corviknight|73/100|[from] Recoil
|
|upkeep
|turn|25
|
|t:|1780971069
|move|p1a: SpinterredSouls|Bulk Up|p1a: SpinterredSouls
|-boost|p1a: SpinterredSouls|atk|1
|-boost|p1a: SpinterredSouls|def|1
|move|p2a: Corviknight|Brave Bird|p1a: SpinterredSouls
|-supereffective|p1a: SpinterredSouls
|-damage|p1a: SpinterredSouls|39/100
|-damage|p2a: Corviknight|65/100|[from] Recoil
|
|upkeep
|turn|26
|
|t:|1780971074
|move|p1a: SpinterredSouls|Ice Spinner|p2a: Corviknight
|-supereffective|p2a: Corviknight
|-damage|p2a: Corviknight|0 fnt
|-damage|p1a: SpinterredSouls|22/100|[from] item: Rocky Helmet|[of] p2a: Corviknight
|faint|p2a: Corviknight
|
|upkeep
|
|t:|1780971079
|switch|p2a: Kyurem|Kyurem|100/100
|-ability|p2a: Kyurem|Pressure
|turn|27
|
|t:|1780971082
|move|p1a: SpinterredSouls|Headlong Rush|p2a: Kyurem
|-damage|p2a: Kyurem|0 fnt
|-unboost|p1a: SpinterredSouls|def|1
|-unboost|p1a: SpinterredSouls|spd|1
|faint|p2a: Kyurem
|
|upkeep
|
|t:|1780971084
|switch|p2a: Darkrai|Darkrai|50/100
|turn|28
|
|t:|1780971087
|move|p1a: SpinterredSouls|Headlong Rush|p2a: Darkrai
|-damage|p2a: Darkrai|0 fnt
|-unboost|p1a: SpinterredSouls|def|1
|-unboost|p1a: SpinterredSouls|spd|1
|faint|p2a: Darkrai
|
|win|1200s chud
|raw|1200s chud's rating: 1743 &rarr; <strong>1761</strong><br />(+18 for winning)
|raw|icylikedecember's rating: 1710 &rarr; <strong>1692</strong><br />(-18 for losing)
|c|☆1200s chud|yay!!!
|c|☆icylikedecember|gg
|c|☆1200s chud|ggs
