|j|☆bsp1
|j|‽fleep vs floop
|t:|1781491751
|gametype|singles
|player|p1|bsp1|266|1680
|player|p2|fleep vs floop|265|1648
|gen|9
|tier|[Gen 9] OU
|rated|
|rule|HP Percentage Mod: HP is shown in percentages
|rule|Endless Battle Clause: Forcing endless battles is banned
|rule|Species Clause: Limit one of each Pokémon
|rule|OHKO Clause: OHKO moves are banned
|rule|Evasion Items Clause: Evasion items are banned
|rule|Evasion Moves Clause: Evasion moves are banned
|rule|Evasion Abilities Clause: Evasion abilities are banned
|rule|Sleep Moves Clause: Sleep-inducing moves are banned
|clearpoke
|poke|p1|Walking Wake|
|poke|p1|Cresselia, F|
|poke|p1|Ninetales, F|
|poke|p1|Zarude|
|poke|p1|Ceruledge, M|
|poke|p1|Great Tusk|
|poke|p2|Slowking-Galar, M|
|poke|p2|Chesnaught, F|
|poke|p2|Kyurem|
|poke|p2|Samurott-Hisui, F|
|poke|p2|Zapdos|
|poke|p2|Iron Treads|
|teampreview
|
|t:|1781491757
|teamsize|p1|6
|teamsize|p2|6
|start
|switch|p1a: Great Tusk|Great Tusk|100/100
|switch|p2a: Slowking|Slowking-Galar, M|100/100
|turn|1
|
|t:|1781491762
|move|p1a: Great Tusk|Headlong Rush|p2a: Slowking
|-supereffective|p2a: Slowking
|-damage|p2a: Slowking|0 fnt
|-unboost|p1a: Great Tusk|def|1
|-unboost|p1a: Great Tusk|spd|1
|faint|p2a: Slowking
|
|upkeep
|
|t:|1781491766
|switch|p2a: Kyurem|Kyurem|100/100
|-ability|p2a: Kyurem|Pressure
|turn|2
|
|t:|1781491774
|-end|p1a: Great Tusk|Protosynthesis|[silent]
|switch|p1a: Cresselia|Cresselia, F|100/100
|move|p2a: Kyurem|Draco Meteor|p1a: Cresselia|[miss]
|-miss|p2a: Kyurem|p1a: Cresselia
|
|upkeep
|turn|3
|
|t:|1781491780
|switch|p2a: Samurott|Samurott-Hisui, F|100/100
|move|p1a: Cresselia|Thunder Wave|p2a: Samurott
|-status|p2a: Samurott|par
|
|upkeep
|turn|4
|j| UmbrusHD
|
|t:|1781491787
|switch|p1a: Zarude|Zarude|100/100
|move|p2a: Samurott|Ceaseless Edge|p1a: Zarude
|-resisted|p1a: Zarude
|-damage|p1a: Zarude|79/100
|-sidestart|p1: bsp1|Spikes
|
|-heal|p1a: Zarude|85/100|[from] item: Leftovers
|upkeep
|turn|5
|inactive|Battle timer is ON: inactive players will automatically lose when time's up. (requested by fleep vs floop)
|
|t:|1781491795
|move|p1a: Zarude|Swords Dance|p1a: Zarude
|-boost|p1a: Zarude|atk|2
|move|p2a: Samurott|Encore|p1a: Zarude
|-start|p1a: Zarude|Encore
|
|-heal|p1a: Zarude|91/100|[from] item: Leftovers
|upkeep
|turn|6
|
|t:|1781491803
|switch|p1a: Great Tusk|Great Tusk|100/100
|-damage|p1a: Great Tusk|88/100|[from] Spikes
|move|p2a: Samurott|Ceaseless Edge|p1a: Great Tusk|[miss]
|-miss|p2a: Samurott|p1a: Great Tusk
|
|upkeep
|turn|7
|
|t:|1781491808
|move|p1a: Great Tusk|Rapid Spin|p2a: Samurott
|-damage|p2a: Samurott|74/100 par
|-boost|p1a: Great Tusk|spe|1
|-sideend|p1: bsp1|Spikes|[from] move: Rapid Spin|[of] p1a: Great Tusk
|cant|p2a: Samurott|par
|
|upkeep
|turn|8
|
|t:|1781491813
|switch|p2a: Chesnaught|Chesnaught, F|100/100
|move|p1a: Great Tusk|Close Combat|p2a: Chesnaught
|-damage|p2a: Chesnaught|61/100
|-unboost|p1a: Great Tusk|def|1
|-unboost|p1a: Great Tusk|spd|1
|-damage|p1a: Great Tusk|71/100|[from] item: Rocky Helmet|[of] p2a: Chesnaught
|
|upkeep
|turn|9
|
|t:|1781491818
|-end|p1a: Great Tusk|Protosynthesis|[silent]
|switch|p1a: Ninetales|Ninetales, F|100/100
|-weather|SunnyDay|[from] ability: Drought|[of] p1a: Ninetales
|move|p2a: Chesnaught|Leech Seed|p1a: Ninetales
|-start|p1a: Ninetales|move: Leech Seed
|
|-weather|SunnyDay|[upkeep]
|-damage|p1a: Ninetales|88/100|[from] Leech Seed|[of] p2a: Chesnaught
|-heal|p2a: Chesnaught|72/100|[silent]
|upkeep
|turn|10
|
|t:|1781491828
|switch|p2a: Samurott|Samurott-Hisui, F|74/100 par
|move|p1a: Ninetales|Overheat|p2a: Samurott
|-resisted|p2a: Samurott
|-damage|p2a: Samurott|24/100 par
|-unboost|p1a: Ninetales|spa|2
|
|-weather|SunnyDay|[upkeep]
|-damage|p1a: Ninetales|76/100|[from] Leech Seed|[of] p2a: Samurott
|-heal|p2a: Samurott|37/100 par|[silent]
|upkeep
|turn|11
|
|t:|1781491835
|switch|p1a: Zarude|Zarude|91/100
|switch|p2a: Kyurem|Kyurem|100/100
|-ability|p2a: Kyurem|Pressure
|
|-weather|SunnyDay|[upkeep]
|-heal|p1a: Zarude|97/100|[from] item: Leftovers
|upkeep
|turn|12
|
|t:|1781491841
|switch|p1a: Cresselia|Cresselia, F|100/100
|move|p2a: Kyurem|Ice Beam|p1a: Cresselia
|-damage|p1a: Cresselia|73/100
|-enditem|p1a: Cresselia|Eject Button
|
|t:|1781491847
|switch|p1a: Walking Wake|Walking Wake|100/100
|-activate|p1a: Walking Wake|ability: Protosynthesis
|-start|p1a: Walking Wake|protosynthesisspe
|
|-weather|SunnyDay|[upkeep]
|upkeep
|turn|13
|
|t:|1781491851
|switch|p2a: Samurott|Samurott-Hisui, F|37/100 par
|move|p1a: Walking Wake|Draco Meteor|p2a: Samurott
|-damage|p2a: Samurott|0 fnt
|-unboost|p1a: Walking Wake|spa|2
|faint|p2a: Samurott
|
|-weather|SunnyDay|[upkeep]
|upkeep
|
|t:|1781491855
|switch|p2a: Iron Treads|Iron Treads|100/100
|turn|14
|
|t:|1781491866
|move|p1a: Walking Wake|Weather Ball|p2a: Iron Treads
|-supereffective|p2a: Iron Treads
|-damage|p2a: Iron Treads|21/100
|move|p2a: Iron Treads|Stealth Rock|p1a: Walking Wake
|-sidestart|p1: bsp1|move: Stealth Rock
|
|-weather|SunnyDay|[upkeep]
|-heal|p2a: Iron Treads|27/100|[from] item: Leftovers
|upkeep
|turn|15
|
|t:|1781491874
|-end|p2a: Iron Treads|Quark Drive|[silent]
|switch|p2a: Chesnaught|Chesnaught, F|72/100
|move|p1a: Walking Wake|Hydro Steam|p2a: Chesnaught
|-resisted|p2a: Chesnaught
|-damage|p2a: Chesnaught|53/100
|
|-weather|SunnyDay|[upkeep]
|upkeep
|turn|16
|
|t:|1781491889
|move|p1a: Walking Wake|Draco Meteor|p2a: Chesnaught
|-damage|p2a: Chesnaught|11/100
|-unboost|p1a: Walking Wake|spa|2
|move|p2a: Chesnaught|Leech Seed|p1a: Walking Wake
|-start|p1a: Walking Wake|move: Leech Seed
|
|-weather|none
|-end|p1a: Walking Wake|Protosynthesis
|-damage|p1a: Walking Wake|88/100|[from] Leech Seed|[of] p2a: Chesnaught
|-heal|p2a: Chesnaught|22/100|[silent]
|upkeep
|turn|17
|
|t:|1781491897
|-end|p1a: Walking Wake|Protosynthesis|[silent]
|switch|p1a: Ninetales|Ninetales, F|76/100
|-damage|p1a: Ninetales|51/100|[from] Stealth Rock
|-weather|SunnyDay|[from] ability: Drought|[of] p1a: Ninetales
|move|p2a: Chesnaught|Synthesis|p2a: Chesnaught
|-heal|p2a: Chesnaught|88/100
|
|-weather|SunnyDay|[upkeep]
|upkeep
|turn|18
|
|t:|1781491906
|switch|p2a: Iron Treads|Iron Treads|27/100
|move|p1a: Ninetales|Overheat|p2a: Iron Treads
|-supereffective|p2a: Iron Treads
|-damage|p2a: Iron Treads|0 fnt
|-unboost|p1a: Ninetales|spa|2
|faint|p2a: Iron Treads
|-end|p2a: Iron Treads|Quark Drive|[silent]
|
|-weather|SunnyDay|[upkeep]
|upkeep
|
|t:|1781491911
|switch|p2a: Kyurem|Kyurem|100/100
|-ability|p2a: Kyurem|Pressure
|turn|19
|
|t:|1781491919
|switch|p1a: Cresselia|Cresselia, F|73/100
|-damage|p1a: Cresselia|61/100|[from] Stealth Rock
|move|p2a: Kyurem|Ice Beam|p1a: Cresselia
|-damage|p1a: Cresselia|37/100
|
|-weather|SunnyDay|[upkeep]
|upkeep
|turn|20
|
|t:|1781491939
|move|p2a: Kyurem|Ice Beam|p1a: Cresselia
|-damage|p1a: Cresselia|9/100
|move|p1a: Cresselia|Psychic|p2a: Kyurem
|-damage|p2a: Kyurem|76/100
|
|-weather|SunnyDay|[upkeep]
|upkeep
|turn|21
|
|t:|1781491949
|move|p2a: Kyurem|Ice Beam|p1a: Cresselia
|-damage|p1a: Cresselia|0 fnt
|faint|p1a: Cresselia
|
|-weather|SunnyDay|[upkeep]
|upkeep
|
|t:|1781491954
|switch|p1a: Walking Wake|Walking Wake|88/100
|-damage|p1a: Walking Wake|76/100|[from] Stealth Rock
|-activate|p1a: Walking Wake|ability: Protosynthesis
|-start|p1a: Walking Wake|protosynthesisspe
|turn|22
|
|t:|1781491961
|move|p1a: Walking Wake|Draco Meteor|p2a: Kyurem
|-supereffective|p2a: Kyurem
|-damage|p2a: Kyurem|0 fnt
|-unboost|p1a: Walking Wake|spa|2
|faint|p2a: Kyurem
|
|-weather|SunnyDay|[upkeep]
|upkeep
|
|t:|1781491963
|switch|p2a: Zapdos|Zapdos|100/100
|turn|23
|
|t:|1781491982
|-end|p1a: Walking Wake|Protosynthesis|[silent]
|switch|p1a: Zarude|Zarude|97/100
|-damage|p1a: Zarude|85/100|[from] Stealth Rock
|move|p2a: Zapdos|Hurricane|p1a: Zarude|[miss]
|-miss|p2a: Zapdos|p1a: Zarude
|
|-weather|SunnyDay|[upkeep]
|-heal|p1a: Zarude|91/100|[from] item: Leftovers
|upkeep
|turn|24
|
|t:|1781491988
|move|p1a: Zarude|Knock Off|p2a: Zapdos
|-damage|p2a: Zapdos|68/100
|-enditem|p2a: Zapdos|Heavy-Duty Boots|[from] move: Knock Off|[of] p1a: Zarude
|move|p2a: Zapdos|Hurricane|p1a: Zarude
|-supereffective|p1a: Zarude
|-damage|p1a: Zarude|7/100
|
|-weather|none
|-heal|p1a: Zarude|14/100|[from] item: Leftovers
|upkeep
|turn|25
|
|t:|1781491997
|move|p1a: Zarude|Swords Dance|p1a: Zarude
|-boost|p1a: Zarude|atk|2
|move|p2a: Zapdos|Roost|p2a: Zapdos
|-heal|p2a: Zapdos|100/100
|-singleturn|p2a: Zapdos|move: Roost
|
|-heal|p1a: Zarude|20/100|[from] item: Leftovers
|upkeep
|turn|26
|
|t:|1781492005
|move|p1a: Zarude|Knock Off|p2a: Zapdos
|-damage|p2a: Zapdos|52/100
|move|p2a: Zapdos|Heat Wave|p1a: Zarude
|-supereffective|p1a: Zarude
|-damage|p1a: Zarude|0 fnt
|faint|p1a: Zarude
|
|upkeep
|
|t:|1781492017
|switch|p1a: Ninetales|Ninetales, F|51/100
|-damage|p1a: Ninetales|26/100|[from] Stealth Rock
|-weather|SunnyDay|[from] ability: Drought|[of] p1a: Ninetales
|turn|27
|
|t:|1781492023
|move|p1a: Ninetales|Overheat|p2a: Zapdos
|-damage|p2a: Zapdos|0 fnt
|-unboost|p1a: Ninetales|spa|2
|faint|p2a: Zapdos
|
|-weather|SunnyDay|[upkeep]
|upkeep
|
|t:|1781492026
|switch|p2a: Chesnaught|Chesnaught, F|88/100
|turn|28
|
|t:|1781492032
|move|p1a: Ninetales|Will-O-Wisp|p2a: Chesnaught
|-status|p2a: Chesnaught|brn
|move|p2a: Chesnaught|Body Press|p1a: Ninetales
|-damage|p1a: Ninetales|0 fnt
|faint|p1a: Ninetales
|
|-weather|SunnyDay|[upkeep]
|-damage|p2a: Chesnaught|82/100 brn|[from] brn
|upkeep
|
|t:|1781492040
|switch|p1a: Great Tusk|Great Tusk|71/100
|-damage|p1a: Great Tusk|68/100|[from] Stealth Rock
|-activate|p1a: Great Tusk|ability: Protosynthesis
|-start|p1a: Great Tusk|protosynthesisatk
|turn|29
|
|t:|1781492045
|-terastallize|p2a: Chesnaught|Ghost
|move|p1a: Great Tusk|Rapid Spin|p2a: Chesnaught
|-immune|p2a: Chesnaught
|move|p2a: Chesnaught|Leech Seed|p1a: Great Tusk
|-start|p1a: Great Tusk|move: Leech Seed
|
|-weather|SunnyDay|[upkeep]
|-damage|p1a: Great Tusk|56/100|[from] Leech Seed|[of] p2a: Chesnaught
|-heal|p2a: Chesnaught|95/100 brn|[silent]
|-damage|p2a: Chesnaught|89/100 brn|[from] brn
|upkeep
|turn|30
|
|t:|1781492054
|-end|p1a: Great Tusk|Protosynthesis|[silent]
|switch|p1a: Walking Wake|Walking Wake|76/100
|-damage|p1a: Walking Wake|64/100|[from] Stealth Rock
|-activate|p1a: Walking Wake|ability: Protosynthesis
|-start|p1a: Walking Wake|protosynthesisspe
|move|p2a: Chesnaught|Leech Seed|p1a: Walking Wake
|-start|p1a: Walking Wake|move: Leech Seed
|
|-weather|SunnyDay|[upkeep]
|-damage|p1a: Walking Wake|51/100|[from] Leech Seed|[of] p2a: Chesnaught
|-heal|p2a: Chesnaught|99/100 brn|[silent]
|-damage|p2a: Chesnaught|94/100 brn|[from] brn
|upkeep
|turn|31
|
|t:|1781492058
|move|p1a: Walking Wake|Hydro Steam|p2a: Chesnaught
|-damage|p2a: Chesnaught|15/100 brn
|move|p2a: Chesnaught|Synthesis|p2a: Chesnaught
|-heal|p2a: Chesnaught|82/100 brn
|
|-weather|SunnyDay|[upkeep]
|-damage|p1a: Walking Wake|39/100|[from] Leech Seed|[of] p2a: Chesnaught
|-heal|p2a: Chesnaught|93/100 brn|[silent]
|-damage|p2a: Chesnaught|87/100 brn|[from] brn
|upkeep
|turn|32
|
|t:|1781492069
|move|p1a: Walking Wake|Hydro Steam|p2a: Chesnaught
|-damage|p2a: Chesnaught|14/100 brn
|move|p2a: Chesnaught|Synthesis|p2a: Chesnaught
|-heal|p2a: Chesnaught|81/100 brn
|
|-weather|SunnyDay|[upkeep]
|-damage|p1a: Walking Wake|27/100|[from] Leech Seed|[of] p2a: Chesnaught
|-heal|p2a: Chesnaught|92/100 brn|[silent]
|-damage|p2a: Chesnaught|86/100 brn|[from] brn
|upkeep
|turn|33
|
|t:|1781492080
|-end|p1a: Walking Wake|Protosynthesis|[silent]
|switch|p1a: Great Tusk|Great Tusk|56/100
|-damage|p1a: Great Tusk|53/100|[from] Stealth Rock
|-activate|p1a: Great Tusk|ability: Protosynthesis
|-start|p1a: Great Tusk|protosynthesisatk
|move|p2a: Chesnaught|Synthesis|p2a: Chesnaught
|-heal|p2a: Chesnaught|100/100 brn
|
|-weather|SunnyDay|[upkeep]
|-damage|p2a: Chesnaught|94/100 brn|[from] brn
|upkeep
|turn|34
|
|t:|1781492088
|move|p1a: Great Tusk|Headlong Rush|p2a: Chesnaught
|-damage|p2a: Chesnaught|41/100 brn
|-unboost|p1a: Great Tusk|def|1
|-unboost|p1a: Great Tusk|spd|1
|-damage|p1a: Great Tusk|36/100|[from] item: Rocky Helmet|[of] p2a: Chesnaught
|move|p2a: Chesnaught|Leech Seed|p1a: Great Tusk
|-start|p1a: Great Tusk|move: Leech Seed
|
|-weather|none
|-end|p1a: Great Tusk|Protosynthesis
|-damage|p1a: Great Tusk|23/100|[from] Leech Seed|[of] p2a: Chesnaught
|-heal|p2a: Chesnaught|53/100 brn|[silent]
|-damage|p2a: Chesnaught|47/100 brn|[from] brn
|upkeep
|turn|35
|
|t:|1781492093
|move|p1a: Great Tusk|Headlong Rush|p2a: Chesnaught
|-damage|p2a: Chesnaught|8/100 brn
|-unboost|p1a: Great Tusk|def|1
|-unboost|p1a: Great Tusk|spd|1
|-damage|p1a: Great Tusk|7/100|[from] item: Rocky Helmet|[of] p2a: Chesnaught
|move|p2a: Chesnaught|Synthesis|p2a: Chesnaught
|-heal|p2a: Chesnaught|57/100 brn
|
|-damage|p1a: Great Tusk|0 fnt|[from] Leech Seed|[of] p2a: Chesnaught
|-heal|p2a: Chesnaught|64/100 brn|[silent]
|faint|p1a: Great Tusk
|-end|p1a: Great Tusk|Protosynthesis|[silent]
|-damage|p2a: Chesnaught|58/100 brn|[from] brn
|upkeep
|
|t:|1781492097
|switch|p1a: Ceruledge|Ceruledge, M|100/100
|-damage|p1a: Ceruledge|76/100|[from] Stealth Rock
|turn|36
|
|t:|1781492124
|move|p1a: Ceruledge|Poltergeist|p2a: Chesnaught
|-activate|p2a: Chesnaught|move: Poltergeist|Rocky Helmet
|-supereffective|p2a: Chesnaught
|-damage|p2a: Chesnaught|0 fnt
|faint|p2a: Chesnaught
|
|win|bsp1
|raw|bsp1's rating: 1680 &rarr; <strong>1698</strong><br />(+18 for winning)
|raw|fleep vs floop's rating: 1648 &rarr; <strong>1630</strong><br />(-18 for losing)
|l|‽fleep vs floop
|player|p2|
|l|☆bsp1
|player|p1|
|l| UmbrusHD
