|j|☆FitzyLegend
|j|☆bak bak bak again
|t:|1781594561
|gametype|singles
|player|p1|FitzyLegend|hilbert|1525
|player|p2|bak bak bak again|wallace|1583
|gen|9
|tier|[Gen 9] OU
|rated|
|rule|HP Percentage Mod: HP is shown in percentages
|rule|Endless Battle Clause: Forcing endless battles is banned
|rule|Species Clause: Limit one of each Pokémon
|rule|OHKO Clause: OHKO moves are banned
|rule|Evasion Items Clause: Evasion items are banned
|rule|Evasion Moves Clause: Evasion moves are banned
|rule|Evasion Abilities Clause: Evasion abilities are banned
|rule|Sleep Moves Clause: Sleep-inducing moves are banned
|clearpoke
|poke|p1|Hawlucha, M|
|poke|p1|Maushold-Four|
|poke|p1|Iron Valiant|
|poke|p1|Samurott-Hisui, M|
|poke|p1|Serperior, M|
|poke|p1|Gliscor, M|
|poke|p2|Ogerpon-Wellspring, F|
|poke|p2|Forretress, M|
|poke|p2|Gholdengo|
|poke|p2|Iron Moth|
|poke|p2|Maushold-Four|
|poke|p2|Enamorus, F|
|teampreview
|inactive|Battle timer is ON: inactive players will automatically lose when time's up. (requested by FitzyLegend)
|
|t:|1781594567
|teamsize|p1|6
|teamsize|p2|6
|start
|switch|p1a: Samurott|Samurott-Hisui, M|100/100
|switch|p2a: Forretress|Forretress, M|100/100
|turn|1
|
|t:|1781594578
|move|p1a: Samurott|Ceaseless Edge|p2a: Forretress
|-damage|p2a: Forretress|66/100
|-sidestart|p2: bak bak bak again|Spikes
|move|p2a: Forretress|Counter|p1a: Samurott
|-damage|p1a: Samurott|25/100
|
|upkeep
|turn|2
|
|t:|1781594590
|move|p1a: Samurott|Encore|p2a: Forretress
|-start|p2a: Forretress|Encore
|move|p2a: Forretress|Counter||[still]
|-fail|p2a: Forretress
|
|upkeep
|turn|3
|
|t:|1781594599
|move|p1a: Samurott|Ceaseless Edge|p2a: Forretress
|-damage|p2a: Forretress|34/100
|-sidestart|p2: bak bak bak again|Spikes
|move|p2a: Forretress|Counter|p1a: Samurott
|-damage|p1a: Samurott|0 fnt
|faint|p1a: Samurott
|
|upkeep
|
|t:|1781594612
|switch|p1a: Serperior|Serperior, M|100/100
|turn|4
|
|t:|1781594617
|switch|p2a: Iron Moth|Iron Moth|100/100
|-damage|p2a: Iron Moth|84/100|[from] Spikes
|move|p1a: Serperior|Substitute|p1a: Serperior
|-start|p1a: Serperior|Substitute
|-damage|p1a: Serperior|75/100
|
|-heal|p1a: Serperior|82/100|[from] item: Leftovers
|upkeep
|turn|5
|
|t:|1781594629
|move|p1a: Serperior|Glare|p2a: Iron Moth
|-status|p2a: Iron Moth|par
|cant|p2a: Iron Moth|par
|
|-heal|p1a: Serperior|88/100|[from] item: Leftovers
|upkeep
|turn|6
|
|t:|1781594639
|move|p1a: Serperior|Leaf Storm|p2a: Iron Moth
|-resisted|p2a: Iron Moth
|-damage|p2a: Iron Moth|76/100 par
|-boost|p1a: Serperior|spa|2
|move|p2a: Iron Moth|Fiery Dance|p1a: Serperior
|-supereffective|p1a: Serperior
|-end|p1a: Serperior|Substitute
|
|-heal|p1a: Serperior|94/100|[from] item: Leftovers
|upkeep
|turn|7
|
|t:|1781594650
|move|p1a: Serperior|Substitute|p1a: Serperior
|-start|p1a: Serperior|Substitute
|-damage|p1a: Serperior|69/100
|move|p2a: Iron Moth|Sludge Wave|p1a: Serperior
|-supereffective|p1a: Serperior
|-end|p1a: Serperior|Substitute
|
|-heal|p1a: Serperior|75/100|[from] item: Leftovers
|upkeep
|turn|8
|
|t:|1781594659
|move|p1a: Serperior|Substitute|p1a: Serperior
|-start|p1a: Serperior|Substitute
|-damage|p1a: Serperior|50/100
|move|p2a: Iron Moth|Sludge Wave|p1a: Serperior
|-supereffective|p1a: Serperior
|-end|p1a: Serperior|Substitute
|
|-heal|p1a: Serperior|56/100|[from] item: Leftovers
|upkeep
|turn|9
|
|t:|1781594668
|move|p1a: Serperior|Substitute|p1a: Serperior
|-start|p1a: Serperior|Substitute
|-damage|p1a: Serperior|31/100
|move|p2a: Iron Moth|Fiery Dance|p1a: Serperior
|-supereffective|p1a: Serperior
|-end|p1a: Serperior|Substitute
|-boost|p2a: Iron Moth|spa|1
|
|-heal|p1a: Serperior|37/100|[from] item: Leftovers
|upkeep
|turn|10
|
|t:|1781594678
|move|p1a: Serperior|Substitute|p1a: Serperior
|-start|p1a: Serperior|Substitute
|-damage|p1a: Serperior|12/100
|move|p2a: Iron Moth|Fiery Dance|p1a: Serperior
|-supereffective|p1a: Serperior
|-end|p1a: Serperior|Substitute
|-boost|p2a: Iron Moth|spa|1
|
|-heal|p1a: Serperior|19/100|[from] item: Leftovers
|upkeep
|turn|11
|
|t:|1781594698
|move|p1a: Serperior|Dragon Pulse|p2a: Iron Moth
|-damage|p2a: Iron Moth|47/100 par
|move|p2a: Iron Moth|Fiery Dance|p1a: Serperior
|-supereffective|p1a: Serperior
|-damage|p1a: Serperior|0 fnt
|faint|p1a: Serperior
|
|upkeep
|inactive|FitzyLegend has 120 seconds left.
|j| 54 insane rats
|
|t:|1781594727
|switch|p1a: Hawlucha|Hawlucha, M|100/100
|turn|12
|l| 54 insane rats
|
|t:|1781594747
|move|p1a: Hawlucha|Sky Attack||[still]
|-prepare|p1a: Hawlucha|Sky Attack
|-enditem|p1a: Hawlucha|Power Herb
|-anim|p1a: Hawlucha|Sky Attack|p2a: Iron Moth
|-crit|p2a: Iron Moth
|-damage|p2a: Iron Moth|0 fnt
|faint|p2a: Iron Moth
|-end|p2a: Iron Moth|Quark Drive|[silent]
|
|upkeep
|inactive|bak bak bak again has 120 seconds left.
|inactive|bak bak bak again has 90 seconds left.
|c|☆FitzyLegend|Come on mate
|inactive|bak bak bak again has 60 seconds left.
|
|t:|1781594823
|switch|p2a: Forretress|Forretress, M|34/100
|-damage|p2a: Forretress|17/100|[from] Spikes
|turn|13
|-enditem|p2a: Forretress|Custap Berry|[eat]
|-activate|p2a: Forretress|item: Custap Berry|[consumed]
|
|t:|1781594832
|-terastallize|p2a: Forretress|Normal
|move|p2a: Forretress|Explosion|p1a: Hawlucha
|-damage|p1a: Hawlucha|0 fnt
|faint|p2a: Forretress
|faint|p1a: Hawlucha
|
|upkeep
|inactive|bak bak bak again has 60 seconds left.
|inactive|FitzyLegend has 120 seconds left.
|
|t:|1781594852
|switch|p1a: Iron Valiant|Iron Valiant|100/100
|switch|p2a: Enamorus|Enamorus, F|100/100
|-enditem|p1a: Iron Valiant|Booster Energy
|-activate|p1a: Iron Valiant|ability: Quark Drive|[fromitem]
|-start|p1a: Iron Valiant|quarkdrivespe
|turn|14
|inactive|FitzyLegend has 120 seconds left.
|
|t:|1781594864
|move|p1a: Iron Valiant|Moonblast|p2a: Enamorus
|-damage|p2a: Enamorus|32/100
|move|p2a: Enamorus|Moonblast|p1a: Iron Valiant
|-supereffective|p1a: Iron Valiant
|-damage|p1a: Iron Valiant|0 fnt
|faint|p1a: Iron Valiant
|-end|p1a: Iron Valiant|Quark Drive|[silent]
|
|upkeep
|inactive|FitzyLegend has 120 seconds left.
|inactive|FitzyLegend has 90 seconds left.
|
|t:|1781594901
|switch|p1a: Maushold|Maushold-Four|100/100
|turn|15
|
|t:|1781594909
|-terastallize|p1a: Maushold|Ghost
|move|p2a: Enamorus|Moonblast|p1a: Maushold
|-damage|p1a: Maushold|14/100
|move|p1a: Maushold|Tidy Up|p1a: Maushold
|-sideend|p2: bak bak bak again|Spikes
|-activate|p1a: Maushold|move: Tidy Up
|-boost|p1a: Maushold|atk|1
|-boost|p1a: Maushold|spe|1
|
|upkeep
|turn|16
|
|t:|1781594919
|move|p1a: Maushold|Population Bomb|p2a: Enamorus
|-damage|p2a: Enamorus|7/100
|-damage|p2a: Enamorus|0 fnt
|faint|p2a: Enamorus
|-hitcount|p2: Enamorus|2
|
|upkeep
|
|t:|1781594920
|switch|p2a: Gholdengo|Gholdengo|100/100
|-item|p2a: Gholdengo|Air Balloon
|turn|17
|
|t:|1781594931
|move|p1a: Maushold|Crunch|p2a: Gholdengo
|-supereffective|p2a: Gholdengo
|-damage|p2a: Gholdengo|34/100
|-enditem|p2a: Gholdengo|Air Balloon
|move|p2a: Gholdengo|Shadow Ball|p1a: Maushold
|-supereffective|p1a: Maushold
|-damage|p1a: Maushold|0 fnt
|faint|p1a: Maushold
|
|upkeep
|
|t:|1781594940
|switch|p1a: Gliscor|Gliscor, M|100/100
|turn|18
|
|t:|1781594951
|move|p2a: Gholdengo|Nasty Plot|p2a: Gholdengo
|-boost|p2a: Gholdengo|spa|2
|move|p1a: Gliscor|Swords Dance|p1a: Gliscor
|-boost|p1a: Gliscor|atk|2
|
|-status|p1a: Gliscor|tox|[from] item: Toxic Orb
|upkeep
|turn|19
|
|t:|1781594960
|move|p2a: Gholdengo|Make It Rain|p1a: Gliscor
|-damage|p1a: Gliscor|0 fnt
|-unboost|p2a: Gholdengo|spa|1
|faint|p1a: Gliscor
|
|win|bak bak bak again
|raw|FitzyLegend's rating: 1525 &rarr; <strong>1508</strong><br />(-17 for losing)
|raw|bak bak bak again's rating: 1583 &rarr; <strong>1600</strong><br />(+17 for winning)
|l|☆bak bak bak again
|player|p2|
|l|☆FitzyLegend
|player|p1|
