|j|☆katz motel
|j|☆rekjllj
|t:|1781311000
|gametype|singles
|player|p1|katz motel|170|1534
|player|p2|rekjllj|169|1575
|gen|9
|tier|[Gen 9] OU
|rated|
|rule|HP Percentage Mod: HP is shown in percentages
|rule|Endless Battle Clause: Forcing endless battles is banned
|rule|Species Clause: Limit one of each Pokémon
|rule|OHKO Clause: OHKO moves are banned
|rule|Evasion Items Clause: Evasion items are banned
|rule|Evasion Moves Clause: Evasion moves are banned
|rule|Evasion Abilities Clause: Evasion abilities are banned
|rule|Sleep Moves Clause: Sleep-inducing moves are banned
|clearpoke
|poke|p1|Blissey, F|
|poke|p1|Ogerpon-Wellspring, F|
|poke|p1|Gliscor, M|
|poke|p1|Weezing-Galar, M|
|poke|p1|Gholdengo|
|poke|p1|Darkrai|
|poke|p2|Walking Wake|
|poke|p2|Great Tusk|
|poke|p2|Ninetales, M|
|poke|p2|Cresselia, F|
|poke|p2|Zarude|
|poke|p2|Ceruledge, F|
|teampreview
|c|☆rekjllj|hf
|inactive|Battle timer is ON: inactive players will automatically lose when time's up. (requested by rekjllj)
|
|t:|1781311010
|teamsize|p1|6
|teamsize|p2|6
|start
|switch|p1a: Ogerpon|Ogerpon-Wellspring, F|100/100
|switch|p2a: Zarude|Zarude|100/100
|turn|1
|
|t:|1781311017
|move|p1a: Ogerpon|Play Rough|p2a: Zarude
|-supereffective|p2a: Zarude
|-damage|p2a: Zarude|35/100
|-unboost|p2a: Zarude|atk|1
|move|p2a: Zarude|Power Whip|p1a: Ogerpon
|-damage|p1a: Ogerpon|46/100
|
|-heal|p2a: Zarude|41/100|[from] item: Leftovers
|upkeep
|turn|2
|
|t:|1781311034
|move|p1a: Ogerpon|Play Rough|p2a: Zarude
|-supereffective|p2a: Zarude
|-damage|p2a: Zarude|0 fnt
|faint|p2a: Zarude
|
|upkeep
|
|t:|1781311040
|switch|p2a: Ceruledge|Ceruledge, F|100/100
|turn|3
|inactive|katz motel has 120 seconds left.
|
|t:|1781311080
|move|p1a: Ogerpon|Ivy Cudgel|p2a: Ceruledge|[anim] Ivy Cudgel Water
|-supereffective|p2a: Ceruledge
|-enditem|p2a: Ceruledge|Focus Sash
|-damage|p2a: Ceruledge|1/100
|-ability|p2a: Ceruledge|Weak Armor|boost
|-unboost|p2a: Ceruledge|def|1
|-boost|p2a: Ceruledge|spe|2
|move|p2a: Ceruledge|Swords Dance|p2a: Ceruledge
|-boost|p2a: Ceruledge|atk|2
|
|upkeep
|turn|4
|
|t:|1781311088
|switch|p1a: Weezing|Weezing-Galar, M|100/100
|-ability|p1a: Weezing|Neutralizing Gas
|move|p2a: Ceruledge|Bitter Blade|p1a: Weezing
|-damage|p1a: Weezing|37/100
|-heal|p2a: Ceruledge|37/100|[from] drain|[of] p1a: Weezing
|-damage|p2a: Ceruledge|21/100|[from] item: Rocky Helmet|[of] p1a: Weezing
|
|upkeep
|turn|5
|
|t:|1781311096
|move|p2a: Ceruledge|Bitter Blade|p1a: Weezing
|-damage|p1a: Weezing|0 fnt
|-heal|p2a: Ceruledge|42/100|[from] drain|[of] p1a: Weezing
|-damage|p2a: Ceruledge|26/100|[from] item: Rocky Helmet|[of] p1a: Weezing
|faint|p1a: Weezing
|-end|p1a: Weezing|ability: Neutralizing Gas
|
|upkeep
|inactive|katz motel has 120 seconds left.
|l|☆katz motel
|inactive|katz motel disconnected and has a minute to reconnect!
|player|p1|
|j|☆katz motel
|inactive|katz motel reconnected and has 110 seconds left.
|player|p1|katz motel|170|
|
|t:|1781311135
|switch|p1a: Darkrai|Darkrai|100/100
|turn|6
|
|t:|1781311140
|move|p1a: Darkrai|Dark Pulse|p2a: Ceruledge
|-supereffective|p2a: Ceruledge
|-damage|p2a: Ceruledge|0 fnt
|faint|p2a: Ceruledge
|
|upkeep
|
|t:|1781311146
|switch|p2a: Great Tusk|Great Tusk|100/100
|turn|7
|
|t:|1781311152
|switch|p1a: Gholdengo|Gholdengo|100/100
|-item|p1a: Gholdengo|Air Balloon
|move|p2a: Great Tusk|Ice Spinner|p1a: Gholdengo
|-resisted|p1a: Gholdengo
|-damage|p1a: Gholdengo|89/100
|-enditem|p1a: Gholdengo|Air Balloon
|
|upkeep
|turn|8
|inactive|katz motel has 120 seconds left.
|
|t:|1781311167
|switch|p1a: Ogerpon|Ogerpon-Wellspring, F|46/100
|move|p2a: Great Tusk|Headlong Rush|p1a: Ogerpon
|-resisted|p1a: Ogerpon
|-damage|p1a: Ogerpon|0 fnt
|-unboost|p2a: Great Tusk|def|1
|-unboost|p2a: Great Tusk|spd|1
|faint|p1a: Ogerpon
|
|upkeep
|
|t:|1781311179
|switch|p1a: Gliscor|Gliscor, M|100/100
|turn|9
|
|t:|1781311184
|move|p1a: Gliscor|Protect|p1a: Gliscor
|-singleturn|p1a: Gliscor|Protect
|move|p2a: Great Tusk|Ice Spinner|p1a: Gliscor
|-activate|p1a: Gliscor|move: Protect
|
|-status|p1a: Gliscor|tox|[from] item: Toxic Orb
|upkeep
|turn|10
|
|t:|1781311190
|-terastallize|p1a: Gliscor|Water
|move|p2a: Great Tusk|Ice Spinner|p1a: Gliscor
|-resisted|p1a: Gliscor
|-damage|p1a: Gliscor|89/100 tox
|move|p1a: Gliscor|Earthquake|p2a: Great Tusk
|-damage|p2a: Great Tusk|67/100
|
|-heal|p1a: Gliscor|100/100 tox|[from] ability: Poison Heal
|upkeep
|turn|11
|
|t:|1781311198
|-end|p2a: Great Tusk|Protosynthesis|[silent]
|switch|p2a: Cresselia|Cresselia, F|100/100
|move|p1a: Gliscor|Knock Off|p2a: Cresselia
|-supereffective|p2a: Cresselia
|-damage|p2a: Cresselia|75/100
|-enditem|p2a: Cresselia|Eject Button|[from] move: Knock Off|[of] p1a: Gliscor
|
|upkeep
|turn|12
|
|t:|1781311203
|move|p1a: Gliscor|Spikes|p2a: Cresselia
|-sidestart|p2: rekjllj|Spikes
|move|p2a: Cresselia|Moonlight|p2a: Cresselia
|-heal|p2a: Cresselia|100/100
|
|upkeep
|turn|13
|
|t:|1781311209
|move|p1a: Gliscor|Spikes|p2a: Cresselia
|-sidestart|p2: rekjllj|Spikes
|move|p2a: Cresselia|Psychic|p1a: Gliscor
|-damage|p1a: Gliscor|80/100 tox
|
|-heal|p1a: Gliscor|93/100 tox|[from] ability: Poison Heal
|upkeep
|turn|14
|
|t:|1781311213
|switch|p2a: Great Tusk|Great Tusk|67/100
|-damage|p2a: Great Tusk|50/100|[from] Spikes
|move|p1a: Gliscor|Spikes|p2a: Great Tusk
|-sidestart|p2: rekjllj|Spikes
|
|-heal|p1a: Gliscor|100/100 tox|[from] ability: Poison Heal
|upkeep
|turn|15
|
|t:|1781311217
|switch|p1a: Gholdengo|Gholdengo|89/100
|move|p2a: Great Tusk|Rapid Spin|p1a: Gholdengo
|-immune|p1a: Gholdengo
|
|upkeep
|turn|16
|
|t:|1781311223
|move|p2a: Great Tusk|Headlong Rush|p1a: Gholdengo
|-supereffective|p1a: Gholdengo
|-damage|p1a: Gholdengo|0 fnt
|-unboost|p2a: Great Tusk|def|1
|-unboost|p2a: Great Tusk|spd|1
|faint|p1a: Gholdengo
|
|upkeep
|
|t:|1781311227
|switch|p1a: Darkrai|Darkrai|100/100
|turn|17
|
|t:|1781311243
|move|p1a: Darkrai|Dark Pulse|p2a: Great Tusk
|-resisted|p2a: Great Tusk
|-damage|p2a: Great Tusk|19/100
|move|p2a: Great Tusk|Close Combat|p1a: Darkrai
|-supereffective|p1a: Darkrai
|-damage|p1a: Darkrai|0 fnt
|-unboost|p2a: Great Tusk|def|1
|-unboost|p2a: Great Tusk|spd|1
|faint|p1a: Darkrai
|
|upkeep
|
|t:|1781311251
|switch|p1a: Gliscor|Gliscor, M, tera:Water|100/100 tox
|turn|18
|
|t:|1781311255
|move|p2a: Great Tusk|Rapid Spin|p1a: Gliscor
|-damage|p1a: Gliscor|85/100 tox
|-boost|p2a: Great Tusk|spe|1
|-sideend|p2: rekjllj|Spikes|[from] move: Rapid Spin|[of] p2a: Great Tusk
|move|p1a: Gliscor|Earthquake|p2a: Great Tusk
|-damage|p2a: Great Tusk|0 fnt
|faint|p2a: Great Tusk
|-end|p2a: Great Tusk|Protosynthesis|[silent]
|
|-heal|p1a: Gliscor|97/100 tox|[from] ability: Poison Heal
|upkeep
|
|t:|1781311259
|switch|p2a: Walking Wake|Walking Wake|100/100
|turn|19
|
|t:|1781311263
|-end|p2a: Walking Wake|Protosynthesis|[silent]
|switch|p2a: Cresselia|Cresselia, F|100/100
|move|p1a: Gliscor|Spikes|p2a: Cresselia
|-sidestart|p2: rekjllj|Spikes
|
|-heal|p1a: Gliscor|100/100 tox|[from] ability: Poison Heal
|upkeep
|turn|20
|
|t:|1781311267
|move|p1a: Gliscor|Spikes|p2a: Cresselia
|-sidestart|p2: rekjllj|Spikes
|move|p2a: Cresselia|Psychic|p1a: Gliscor
|-damage|p1a: Gliscor|81/100 tox
|
|-heal|p1a: Gliscor|93/100 tox|[from] ability: Poison Heal
|upkeep
|turn|21
|
|t:|1781311270
|move|p1a: Gliscor|Spikes|p2a: Cresselia
|-sidestart|p2: rekjllj|Spikes
|move|p2a: Cresselia|Psychic|p1a: Gliscor
|-damage|p1a: Gliscor|74/100 tox
|
|-heal|p1a: Gliscor|87/100 tox|[from] ability: Poison Heal
|upkeep
|turn|22
|
|t:|1781311277
|switch|p1a: Blissey|Blissey, F|100/100
|move|p2a: Cresselia|Psychic|p1a: Blissey
|-damage|p1a: Blissey|94/100
|
|upkeep
|turn|23
|
|t:|1781311285
|move|p2a: Cresselia|Thunder Wave|p1a: Blissey
|-status|p1a: Blissey|par
|move|p1a: Blissey|Calm Mind|p1a: Blissey
|-boost|p1a: Blissey|spa|1
|-boost|p1a: Blissey|spd|1
|
|upkeep
|turn|24
|
|t:|1781311290
|move|p2a: Cresselia|Psychic|p1a: Blissey
|-damage|p1a: Blissey|89/100 par
|cant|p1a: Blissey|par
|
|upkeep
|turn|25
|
|t:|1781311297
|move|p2a: Cresselia|Psychic|p1a: Blissey
|-damage|p1a: Blissey|83/100 par
|-unboost|p1a: Blissey|spd|1
|cant|p1a: Blissey|par
|
|upkeep
|turn|26
|
|t:|1781311303
|move|p2a: Cresselia|Psychic|p1a: Blissey
|-damage|p1a: Blissey|75/100 par
|move|p1a: Blissey|Stealth Rock|p2a: Cresselia
|-sidestart|p2: rekjllj|move: Stealth Rock
|
|upkeep
|turn|27
|
|t:|1781311309
|move|p2a: Cresselia|Psychic|p1a: Blissey
|-damage|p1a: Blissey|68/100 par
|move|p1a: Blissey|Calm Mind|p1a: Blissey
|-boost|p1a: Blissey|spa|1
|-boost|p1a: Blissey|spd|1
|
|upkeep
|turn|28
|
|t:|1781311315
|move|p2a: Cresselia|Psychic|p1a: Blissey
|-damage|p1a: Blissey|63/100 par
|move|p1a: Blissey|Soft-Boiled|p1a: Blissey
|-heal|p1a: Blissey|100/100 par
|
|upkeep
|turn|29
|
|t:|1781311319
|move|p2a: Cresselia|Psychic|p1a: Blissey
|-damage|p1a: Blissey|95/100 par
|cant|p1a: Blissey|par
|
|upkeep
|turn|30
|
|t:|1781311323
|move|p2a: Cresselia|Psychic|p1a: Blissey
|-damage|p1a: Blissey|89/100 par
|move|p1a: Blissey|Seismic Toss|p2a: Cresselia
|-damage|p2a: Cresselia|78/100
|
|upkeep
|turn|31
|
|t:|1781311327
|move|p2a: Cresselia|Moonlight|p2a: Cresselia
|-heal|p2a: Cresselia|100/100
|move|p1a: Blissey|Seismic Toss|p2a: Cresselia
|-damage|p2a: Cresselia|78/100
|
|upkeep
|turn|32
|
|t:|1781311331
|move|p2a: Cresselia|Moonlight|p2a: Cresselia
|-heal|p2a: Cresselia|100/100
|cant|p1a: Blissey|par
|
|upkeep
|turn|33
|
|t:|1781311334
|move|p2a: Cresselia|Psychic|p1a: Blissey
|-damage|p1a: Blissey|85/100 par
|cant|p1a: Blissey|par
|
|upkeep
|turn|34
|
|t:|1781311338
|move|p2a: Cresselia|Psychic|p1a: Blissey
|-damage|p1a: Blissey|79/100 par
|move|p1a: Blissey|Calm Mind|p1a: Blissey
|-boost|p1a: Blissey|spa|1
|-boost|p1a: Blissey|spd|1
|
|upkeep
|turn|35
|
|t:|1781311342
|move|p2a: Cresselia|Psychic|p1a: Blissey
|-damage|p1a: Blissey|76/100 par
|move|p1a: Blissey|Seismic Toss|p2a: Cresselia
|-damage|p2a: Cresselia|78/100
|
|upkeep
|turn|36
|
|t:|1781311346
|move|p2a: Cresselia|Moonlight|p2a: Cresselia
|-heal|p2a: Cresselia|100/100
|cant|p1a: Blissey|par
|
|upkeep
|turn|37
|
|t:|1781311349
|move|p2a: Cresselia|Psychic|p1a: Blissey
|-damage|p1a: Blissey|72/100 par
|move|p1a: Blissey|Seismic Toss|p2a: Cresselia
|-damage|p2a: Cresselia|78/100
|
|upkeep
|turn|38
|
|t:|1781311353
|move|p2a: Cresselia|Moonlight|p2a: Cresselia
|-heal|p2a: Cresselia|100/100
|move|p1a: Blissey|Seismic Toss|p2a: Cresselia
|-damage|p2a: Cresselia|78/100
|
|upkeep
|turn|39
|
|t:|1781311360
|move|p2a: Cresselia|Moonlight|p2a: Cresselia
|-heal|p2a: Cresselia|100/100
|move|p1a: Blissey|Soft-Boiled|p1a: Blissey
|-heal|p1a: Blissey|100/100 par
|
|upkeep
|turn|40
|
|t:|1781311363
|move|p2a: Cresselia|Thunder Wave|p1a: Blissey
|-fail|p1a: Blissey|par
|move|p1a: Blissey|Seismic Toss|p2a: Cresselia
|-damage|p2a: Cresselia|78/100
|
|upkeep
|turn|41
|
|t:|1781311371
|move|p2a: Cresselia|Moonlight|p2a: Cresselia
|-heal|p2a: Cresselia|100/100
|move|p1a: Blissey|Calm Mind|p1a: Blissey
|-boost|p1a: Blissey|spa|1
|-boost|p1a: Blissey|spd|1
|
|upkeep
|turn|42
|
|t:|1781311375
|move|p2a: Cresselia|Psychic|p1a: Blissey
|-damage|p1a: Blissey|97/100 par
|-unboost|p1a: Blissey|spd|1
|move|p1a: Blissey|Calm Mind|p1a: Blissey
|-boost|p1a: Blissey|spa|1
|-boost|p1a: Blissey|spd|1
|
|upkeep
|turn|43
|
|t:|1781311378
|move|p2a: Cresselia|Thunder Wave|p1a: Blissey|[miss]
|-miss|p2a: Cresselia|p1a: Blissey
|move|p1a: Blissey|Calm Mind|p1a: Blissey
|-boost|p1a: Blissey|spa|1
|-boost|p1a: Blissey|spd|1
|
|upkeep
|turn|44
|
|t:|1781311382
|move|p2a: Cresselia|Lunar Dance|p2a: Cresselia
|faint|p2a: Cresselia
|move|p1a: Blissey|Calm Mind|p1a: Blissey
|-boost|p1a: Blissey|spa|0
|-boost|p1a: Blissey|spd|1
|
|upkeep
|
|t:|1781311385
|switch|p2a: Ninetales|Ninetales, M|100/100
|-damage|p2a: Ninetales|76/100|[from] Spikes
|-damage|p2a: Ninetales|51/100|[from] Stealth Rock
|-weather|SunnyDay|[from] ability: Drought|[of] p2a: Ninetales
|turn|45
|
|t:|1781311389
|move|p2a: Ninetales|Encore|p1a: Blissey
|-start|p1a: Blissey|Encore
|cant|p1a: Blissey|par
|
|-weather|SunnyDay|[upkeep]
|upkeep
|turn|46
|
|t:|1781311396
|switch|p2a: Walking Wake|Walking Wake|100/100
|-damage|p2a: Walking Wake|76/100|[from] Spikes
|-damage|p2a: Walking Wake|63/100|[from] Stealth Rock
|-activate|p2a: Walking Wake|ability: Protosynthesis
|-start|p2a: Walking Wake|protosynthesisspe
|move|p1a: Blissey|Calm Mind|p1a: Blissey
|-boost|p1a: Blissey|spa|0
|-boost|p1a: Blissey|spd|1
|
|-weather|SunnyDay|[upkeep]
|upkeep
|turn|47
|
|t:|1781311399
|move|p2a: Walking Wake|Hydro Steam|p1a: Blissey
|-damage|p1a: Blissey|92/100 par
|cant|p1a: Blissey|par
|
|-weather|SunnyDay|[upkeep]
|-end|p1a: Blissey|Encore
|upkeep
|turn|48
|
|t:|1781311403
|move|p2a: Walking Wake|Weather Ball|p1a: Blissey
|-damage|p1a: Blissey|88/100 par
|cant|p1a: Blissey|par
|
|-weather|SunnyDay|[upkeep]
|upkeep
|turn|49
|
|t:|1781311406
|move|p2a: Walking Wake|Weather Ball|p1a: Blissey
|-damage|p1a: Blissey|83/100 par
|move|p1a: Blissey|Seismic Toss|p2a: Walking Wake
|-damage|p2a: Walking Wake|34/100
|
|-weather|SunnyDay|[upkeep]
|upkeep
|turn|50
|
|t:|1781311410
|move|p2a: Walking Wake|Hydro Steam|p1a: Blissey
|-damage|p1a: Blissey|78/100 par
|move|p1a: Blissey|Seismic Toss|p2a: Walking Wake
|-damage|p2a: Walking Wake|5/100
|
|-weather|SunnyDay|[upkeep]
|upkeep
|turn|51
|
|t:|1781311417
|move|p2a: Walking Wake|Hydro Steam|p1a: Blissey
|-damage|p1a: Blissey|73/100 par
|cant|p1a: Blissey|par
|
|-weather|SunnyDay|[upkeep]
|upkeep
|turn|52
|
|t:|1781311421
|move|p2a: Walking Wake|Weather Ball|p1a: Blissey
|-damage|p1a: Blissey|69/100 par
|cant|p1a: Blissey|par
|
|-weather|none
|-end|p2a: Walking Wake|Protosynthesis
|upkeep
|turn|53
|
|t:|1781311424
|move|p2a: Walking Wake|Weather Ball|p1a: Blissey
|-damage|p1a: Blissey|68/100 par
|cant|p1a: Blissey|par
|
|upkeep
|turn|54
|
|t:|1781311437
|-terastallize|p2a: Walking Wake|Fairy
|move|p2a: Walking Wake|Draco Meteor|p1a: Blissey
|-damage|p1a: Blissey|62/100 par
|-unboost|p2a: Walking Wake|spa|2
|move|p1a: Blissey|Seismic Toss|p2a: Walking Wake
|-damage|p2a: Walking Wake|0 fnt
|faint|p2a: Walking Wake
|-end|p2a: Walking Wake|Protosynthesis|[silent]
|
|upkeep
|
|t:|1781311440
|switch|p2a: Ninetales|Ninetales, M|51/100
|-heal|p2a: Ninetales|100/100|[from] move: Lunar Dance
|-damage|p2a: Ninetales|76/100|[from] Spikes
|-damage|p2a: Ninetales|51/100|[from] Stealth Rock
|-weather|SunnyDay|[from] ability: Drought|[of] p2a: Ninetales
|turn|55
|
|t:|1781311447
|move|p2a: Ninetales|Encore|p1a: Blissey
|-start|p1a: Blissey|Encore
|move|p1a: Blissey|Seismic Toss|p2a: Ninetales
|-damage|p2a: Ninetales|21/100
|
|-weather|SunnyDay|[upkeep]
|upkeep
|turn|56
|
|t:|1781311450
|move|p2a: Ninetales|Encore||[still]
|-fail|p2a: Ninetales
|move|p1a: Blissey|Seismic Toss|p2a: Ninetales
|-damage|p2a: Ninetales|0 fnt
|faint|p2a: Ninetales
|
|win|katz motel
|raw|katz motel's rating: 1534 &rarr; <strong>1556</strong><br />(+22 for winning)
|raw|rekjllj's rating: 1575 &rarr; <strong>1553</strong><br />(-22 for losing)
|c|☆rekjllj|gg
