|j|☆jhfsjdhfksjdhf
|j|☆barbordor
|t:|1781080950
|gametype|singles
|player|p1|jhfsjdhfksjdhf|265|1519
|player|p2|barbordor|102|1562
|gen|9
|tier|[Gen 9] OU
|rated|
|rule|HP Percentage Mod: HP is shown in percentages
|rule|Endless Battle Clause: Forcing endless battles is banned
|rule|Species Clause: Limit one of each Pokémon
|rule|OHKO Clause: OHKO moves are banned
|rule|Evasion Items Clause: Evasion items are banned
|rule|Evasion Moves Clause: Evasion moves are banned
|rule|Evasion Abilities Clause: Evasion abilities are banned
|rule|Sleep Moves Clause: Sleep-inducing moves are banned
|clearpoke
|poke|p1|Ribombee, F|
|poke|p1|Gholdengo|
|poke|p1|Landorus-Therian, M|
|poke|p1|Samurott-Hisui, F|
|poke|p1|Pecharunt|
|poke|p1|Dragonite, M|
|poke|p2|Ceruledge, M|
|poke|p2|Breloom, F|
|poke|p2|Dragonite, M|
|poke|p2|Kingambit, F|
|poke|p2|Great Tusk|
|poke|p2|Weavile, F|
|teampreview
|inactive|Battle timer is ON: inactive players will automatically lose when time's up. (requested by barbordor)
|
|t:|1781080979
|teamsize|p1|6
|teamsize|p2|6
|start
|switch|p1a: Ribombee|Ribombee, F|100/100
|switch|p2a: Weavile|Weavile, F|100/100
|-ability|p2a: Weavile|Pressure
|turn|1
|
|t:|1781080982
|move|p2a: Weavile|Triple Axel|p1a: Ribombee
|-damage|p1a: Ribombee|85/100
|-damage|p1a: Ribombee|51/100
|-damage|p1a: Ribombee|2/100
|-hitcount|p1a: Ribombee|3
|move|p1a: Ribombee|Sticky Web|p2a: Weavile
|-sidestart|p2: barbordor|move: Sticky Web
|
|upkeep
|turn|2
|j| lord shiddenfards
|
|t:|1781080990
|move|p2a: Weavile|Beat Up|p1a: Ribombee
|-resisted|p1a: Ribombee
|-damage|p1a: Ribombee|0 fnt
|faint|p1a: Ribombee
|-hitcount|p1: Ribombee|1
|
|upkeep
|
|t:|1781080992
|switch|p1a: Samurott|Samurott-Hisui, F|100/100
|turn|3
|
|t:|1781080997
|switch|p2a: Breloom|Breloom, F|100/100
|-activate|p2a: Breloom|move: Sticky Web
|-unboost|p2a: Breloom|spe|1
|move|p1a: Samurott|Knock Off|p2a: Breloom
|-resisted|p2a: Breloom
|-damage|p2a: Breloom|53/100
|-enditem|p2a: Breloom|Focus Sash|[from] move: Knock Off|[of] p1a: Samurott
|
|upkeep
|turn|4
|
|t:|1781081004
|switch|p1a: Gholdengo|Gholdengo|100/100
|move|p2a: Breloom|Rock Tomb|p1a: Gholdengo
|-resisted|p1a: Gholdengo
|-crit|p1a: Gholdengo
|-damage|p1a: Gholdengo|71/100
|-unboost|p1a: Gholdengo|spe|1
|
|upkeep
|turn|5
|
|t:|1781081009
|move|p1a: Gholdengo|Dazzling Gleam|p2a: Breloom
|-supereffective|p2a: Breloom
|-damage|p2a: Breloom|0 fnt
|faint|p2a: Breloom
|
|upkeep
|
|t:|1781081015
|switch|p2a: Kingambit|Kingambit, F|100/100
|-activate|p2a: Kingambit|ability: Supreme Overlord
|-start|p2a: Kingambit|fallen1|[silent]
|-item|p2a: Kingambit|Air Balloon
|turn|6
|
|t:|1781081024
|switch|p1a: Samurott|Samurott-Hisui, F|100/100
|move|p2a: Kingambit|Kowtow Cleave|p1a: Samurott
|-resisted|p1a: Samurott
|-damage|p1a: Samurott|68/100
|
|upkeep
|turn|7
|
|t:|1781081031
|move|p1a: Samurott|Flip Turn|p2a: Kingambit
|-damage|p2a: Kingambit|68/100
|-enditem|p2a: Kingambit|Air Balloon
|
|t:|1781081035
|switch|p1a: Landorus|Landorus-Therian, M|100/100|[from] Flip Turn
|-ability|p1a: Landorus|Intimidate|boost
|-unboost|p2a: Kingambit|atk|1
|move|p2a: Kingambit|Low Kick|p1a: Landorus
|-resisted|p1a: Landorus
|-damage|p1a: Landorus|88/100
|
|upkeep
|turn|8
|
|t:|1781081040
|-end|p2a: Kingambit|fallen1|[silent]
|switch|p2a: Ceruledge|Ceruledge, M|100/100
|-activate|p2a: Ceruledge|move: Sticky Web
|-unboost|p2a: Ceruledge|spe|1
|move|p1a: Landorus|Stealth Rock|p2a: Ceruledge
|-sidestart|p2: barbordor|move: Stealth Rock
|
|upkeep
|turn|9
|
|t:|1781081044
|move|p1a: Landorus|Taunt|p2a: Ceruledge
|-start|p2a: Ceruledge|move: Taunt
|cant|p2a: Ceruledge|move: Taunt|Swords Dance
|
|upkeep
|turn|10
|
|t:|1781081049
|switch|p1a: Samurott|Samurott-Hisui, F|68/100
|move|p2a: Ceruledge|Bitter Blade|p1a: Samurott
|-resisted|p1a: Samurott
|-damage|p1a: Samurott|38/100
|
|upkeep
|turn|11
|
|t:|1781081056
|move|p1a: Samurott|Flip Turn|p2a: Ceruledge
|-supereffective|p2a: Ceruledge
|-enditem|p2a: Ceruledge|Focus Sash
|-damage|p2a: Ceruledge|1/100
|-ability|p2a: Ceruledge|Weak Armor|boost
|-unboost|p2a: Ceruledge|def|1
|-boost|p2a: Ceruledge|spe|2
|
|t:|1781081060
|switch|p1a: Landorus|Landorus-Therian, M|88/100|[from] Flip Turn
|-ability|p1a: Landorus|Intimidate|boost
|-unboost|p2a: Ceruledge|atk|1
|move|p2a: Ceruledge|Bitter Blade|p1a: Landorus
|-damage|p1a: Landorus|55/100
|-heal|p2a: Ceruledge|19/100|[from] drain|[of] p1a: Landorus
|
|-end|p2a: Ceruledge|move: Taunt
|upkeep
|turn|12
|
|t:|1781081067
|move|p2a: Ceruledge|Destiny Bond|p2a: Ceruledge
|-singlemove|p2a: Ceruledge|Destiny Bond
|move|p1a: Landorus|Earthquake|p2a: Ceruledge
|-supereffective|p2a: Ceruledge
|-damage|p2a: Ceruledge|0 fnt
|faint|p2a: Ceruledge
|-activate|p2a: Ceruledge|move: Destiny Bond
|faint|p1a: Landorus
|
|upkeep
|
|t:|1781081075
|switch|p1a: Gholdengo|Gholdengo|71/100
|switch|p2a: Dragonite|Dragonite, M|100/100
|turn|13
|
|t:|1781081080
|switch|p1a: Pecharunt|Pecharunt|100/100
|-item|p1a: Pecharunt|Air Balloon
|switch|p2a: Kingambit|Kingambit, F|68/100
|-activate|p2a: Kingambit|move: Sticky Web
|-unboost|p2a: Kingambit|spe|1
|-damage|p2a: Kingambit|61/100|[from] Stealth Rock
|-activate|p2a: Kingambit|ability: Supreme Overlord
|-start|p2a: Kingambit|fallen2|[silent]
|
|upkeep
|turn|14
|
|t:|1781081087
|switch|p1a: Samurott|Samurott-Hisui, F|38/100
|move|p2a: Kingambit|Kowtow Cleave|p1a: Samurott
|-resisted|p1a: Samurott
|-damage|p1a: Samurott|0 fnt
|faint|p1a: Samurott
|
|upkeep
|
|t:|1781081095
|switch|p1a: Dragonite|Dragonite, M|100/100
|turn|15
|
|t:|1781081099
|move|p1a: Dragonite|Earthquake|p2a: Kingambit
|-supereffective|p2a: Kingambit
|-damage|p2a: Kingambit|5/100
|move|p2a: Kingambit|Kowtow Cleave|p1a: Dragonite
|-damage|p1a: Dragonite|72/100
|
|upkeep
|turn|16
|
|t:|1781081105
|move|p1a: Dragonite|Roost|p1a: Dragonite
|-heal|p1a: Dragonite|100/100
|-singleturn|p1a: Dragonite|move: Roost
|move|p2a: Kingambit|Kowtow Cleave|p1a: Dragonite
|-damage|p1a: Dragonite|75/100
|
|upkeep
|turn|17
|
|t:|1781081126
|move|p1a: Dragonite|Extreme Speed|p2a: Kingambit
|-resisted|p2a: Kingambit
|-damage|p2a: Kingambit|0 fnt
|faint|p2a: Kingambit
|-end|p2a: Kingambit|fallen2|[silent]
|
|upkeep
|inactive|barbordor has 120 seconds left.
|
|t:|1781081157
|switch|p2a: Dragonite|Dragonite, M|100/100
|turn|18
|
|t:|1781081172
|switch|p1a: Pecharunt|Pecharunt|100/100
|-item|p1a: Pecharunt|Air Balloon
|move|p2a: Dragonite|Dragon Dance|p2a: Dragonite
|-boost|p2a: Dragonite|atk|1
|-boost|p2a: Dragonite|spe|1
|
|upkeep
|turn|19
|
|t:|1781081178
|move|p2a: Dragonite|Fire Punch|p1a: Pecharunt
|-damage|p1a: Pecharunt|68/100
|-enditem|p1a: Pecharunt|Air Balloon
|move|p1a: Pecharunt|Malignant Chain|p2a: Dragonite
|-damage|p2a: Dragonite|79/100
|
|upkeep
|turn|20
|
|t:|1781081186
|move|p2a: Dragonite|Dragon Dance|p2a: Dragonite
|-boost|p2a: Dragonite|atk|1
|-boost|p2a: Dragonite|spe|1
|move|p1a: Pecharunt|Malignant Chain|p2a: Dragonite
|-damage|p2a: Dragonite|39/100
|
|upkeep
|turn|21
|
|t:|1781081188
|move|p2a: Dragonite|Fire Punch|p1a: Pecharunt
|-damage|p1a: Pecharunt|30/100
|move|p1a: Pecharunt|Malignant Chain|p2a: Dragonite
|-damage|p2a: Dragonite|0 fnt
|faint|p2a: Dragonite
|
|upkeep
|
|t:|1781081193
|switch|p2a: Weavile|Weavile, F|100/100
|-activate|p2a: Weavile|move: Sticky Web
|-unboost|p2a: Weavile|spe|1
|-damage|p2a: Weavile|76/100|[from] Stealth Rock
|-ability|p2a: Weavile|Pressure
|turn|22
|
|t:|1781081201
|move|p1a: Pecharunt|Malignant Chain|p2a: Weavile
|-damage|p2a: Weavile|22/100
|-status|p2a: Weavile|tox
|-start|p2a: Weavile|confusion|[from] ability: Poison Puppeteer|[of] p1a: Pecharunt
|-activate|p2a: Weavile|confusion
|-damage|p2a: Weavile|0 fnt|[from] confusion
|faint|p2a: Weavile
|
|upkeep
|
|t:|1781081204
|switch|p2a: Great Tusk|Great Tusk|100/100
|-activate|p2a: Great Tusk|move: Sticky Web
|-unboost|p2a: Great Tusk|spe|1
|-damage|p2a: Great Tusk|98/100|[from] Stealth Rock
|-enditem|p2a: Great Tusk|Booster Energy
|-activate|p2a: Great Tusk|ability: Protosynthesis|[fromitem]
|-start|p2a: Great Tusk|protosynthesisatk
|turn|23
|-message|barbordor forfeited.
|
|win|jhfsjdhfksjdhf
|raw|jhfsjdhfksjdhf's rating: 1519 &rarr; <strong>1541</strong><br />(+22 for winning)
|raw|barbordor's rating: 1562 &rarr; <strong>1540</strong><br />(-22 for losing)
|l|☆barbordor
|player|p2|
|l|☆jhfsjdhfksjdhf
|player|p1|
|l| lord shiddenfards
