|j|☆phreshoatmeal
|j|☆KurisuChestnutOU
|t:|1781155098
|gametype|singles
|player|p1|phreshoatmeal|clerk|1657
|player|p2|KurisuChestnutOU|may-contest|1572
|gen|9
|tier|[Gen 9] OU
|rated|
|rule|HP Percentage Mod: HP is shown in percentages
|rule|Endless Battle Clause: Forcing endless battles is banned
|rule|Species Clause: Limit one of each Pokémon
|rule|OHKO Clause: OHKO moves are banned
|rule|Evasion Items Clause: Evasion items are banned
|rule|Evasion Moves Clause: Evasion moves are banned
|rule|Evasion Abilities Clause: Evasion abilities are banned
|rule|Sleep Moves Clause: Sleep-inducing moves are banned
|clearpoke
|poke|p1|Tyranitar, F|
|poke|p1|Excadrill, M|
|poke|p1|Hatterene, F|
|poke|p1|Hippowdon, M|
|poke|p1|Amoonguss, M|
|poke|p1|Infernape, M|
|poke|p2|Hawlucha, F|
|poke|p2|Samurott-Hisui, F|
|poke|p2|Rillaboom, F|
|poke|p2|Gholdengo|
|poke|p2|Kyurem|
|poke|p2|Landorus-Therian, M|
|teampreview
|inactive|Battle timer is ON: inactive players will automatically lose when time's up. (requested by KurisuChestnutOU)
|
|t:|1781155118
|teamsize|p1|6
|teamsize|p2|6
|start
|switch|p1a: Infernape|Infernape, M|100/100
|switch|p2a: Kyurem|Kyurem|100/100
|-ability|p2a: Kyurem|Pressure
|turn|1
|
|t:|1781155136
|switch|p1a: Hatterene|Hatterene, F|100/100
|move|p2a: Kyurem|Earth Power|p1a: Hatterene
|-damage|p1a: Hatterene|70/100
|
|-heal|p1a: Hatterene|76/100|[from] item: Leftovers
|upkeep
|turn|2
|
|t:|1781155150
|move|p2a: Kyurem|Ice Beam|p1a: Hatterene
|-damage|p1a: Hatterene|29/100
|move|p1a: Hatterene|Gravity|p1a: Hatterene
|-fieldstart|move: Gravity
|
|-heal|p1a: Hatterene|35/100|[from] item: Leftovers
|upkeep
|turn|3
|
|t:|1781155166
|switch|p1a: Tyranitar|Tyranitar, F|100/100
|-weather|Sandstorm|[from] ability: Sand Stream|[of] p1a: Tyranitar
|move|p2a: Kyurem|Ice Beam|p1a: Tyranitar
|-damage|p1a: Tyranitar|83/100
|-enditem|p1a: Tyranitar|Eject Button
|
|t:|1781155169
|switch|p1a: Excadrill|Excadrill, M|100/100
|
|-weather|Sandstorm|[upkeep]
|-damage|p2a: Kyurem|94/100|[from] Sandstorm
|upkeep
|turn|4
|
|t:|1781155177
|switch|p2a: Samurott|Samurott-Hisui, F|100/100
|-terastallize|p1a: Excadrill|Ground
|move|p1a: Excadrill|Earthquake|p2a: Samurott
|-damage|p2a: Samurott|0 fnt
|faint|p2a: Samurott
|
|-weather|Sandstorm|[upkeep]
|upkeep
|
|t:|1781155185
|switch|p2a: Kyurem|Kyurem|94/100
|-ability|p2a: Kyurem|Pressure
|turn|5
|
|t:|1781155189
|move|p1a: Excadrill|Earthquake|p2a: Kyurem
|-damage|p2a: Kyurem|0 fnt
|faint|p2a: Kyurem
|
|-weather|Sandstorm|[upkeep]
|upkeep
|
|t:|1781155194
|switch|p2a: Landorus|Landorus-Therian, M|100/100
|-ability|p2a: Landorus|Intimidate|boost
|-unboost|p1a: Excadrill|atk|1
|turn|6
|
|t:|1781155202
|move|p1a: Excadrill|Earthquake|p2a: Landorus
|-damage|p2a: Landorus|28/100
|move|p2a: Landorus|Earth Power|p1a: Excadrill
|-damage|p1a: Excadrill|58/100
|
|-weather|Sandstorm|[upkeep]
|-fieldend|move: Gravity
|upkeep
|turn|7
|
|t:|1781155212
|switch|p1a: Hatterene|Hatterene, F|35/100
|move|p2a: Landorus|Earth Power|p1a: Hatterene
|-damage|p1a: Hatterene|0 fnt
|faint|p1a: Hatterene
|
|-weather|none
|upkeep
|
|t:|1781155219
|switch|p1a: Infernape|Infernape, M|100/100
|turn|8
|
|t:|1781155224
|move|p2a: Landorus|Earth Power|p1a: Infernape
|-supereffective|p1a: Infernape
|-damage|p1a: Infernape|0 fnt
|faint|p1a: Infernape
|
|upkeep
|
|t:|1781155249
|switch|p1a: Amoonguss|Amoonguss, M|100/100
|turn|9
|
|t:|1781155254
|move|p2a: Landorus|Stealth Rock|p1a: Amoonguss
|-sidestart|p1: phreshoatmeal|move: Stealth Rock
|move|p1a: Amoonguss|Grass Knot|p2a: Landorus
|-damage|p2a: Landorus|2/100
|-damage|p1a: Amoonguss|84/100|[from] item: Rocky Helmet|[of] p2a: Landorus
|
|upkeep
|turn|10
|
|t:|1781155262
|move|p2a: Landorus|U-turn|p1a: Amoonguss
|-damage|p1a: Amoonguss|68/100
|-damage|p2a: Landorus|0 fnt|[from] item: Rocky Helmet|[of] p1a: Amoonguss
|faint|p2a: Landorus
|move|p1a: Amoonguss|Foul Play|p2: Landorus|[notarget]
|-fail|p1a: Amoonguss
|
|upkeep
|
|t:|1781155267
|switch|p2a: Gholdengo|Gholdengo|100/100
|turn|11
|
|t:|1781155274
|move|p2a: Gholdengo|Shadow Ball|p1a: Amoonguss
|-damage|p1a: Amoonguss|32/100
|move|p1a: Amoonguss|Foul Play|p2a: Gholdengo
|-supereffective|p2a: Gholdengo
|-damage|p2a: Gholdengo|78/100
|
|upkeep
|turn|12
|
|t:|1781155286
|switch|p1a: Tyranitar|Tyranitar, F|83/100
|-damage|p1a: Tyranitar|70/100|[from] Stealth Rock
|-weather|Sandstorm|[from] ability: Sand Stream|[of] p1a: Tyranitar
|move|p2a: Gholdengo|Shadow Ball|p1a: Tyranitar
|-resisted|p1a: Tyranitar
|-damage|p1a: Tyranitar|62/100
|
|-weather|Sandstorm|[upkeep]
|upkeep
|turn|13
|
|t:|1781155291
|move|p2a: Gholdengo|Shadow Ball|p1a: Tyranitar
|-resisted|p1a: Tyranitar
|-damage|p1a: Tyranitar|54/100
|-unboost|p1a: Tyranitar|spd|1
|move|p1a: Tyranitar|Knock Off|p2a: Gholdengo
|-supereffective|p2a: Gholdengo
|-damage|p2a: Gholdengo|0 fnt
|-enditem|p2a: Gholdengo|Choice Scarf|[from] move: Knock Off|[of] p1a: Tyranitar
|faint|p2a: Gholdengo
|
|-weather|Sandstorm|[upkeep]
|upkeep
|
|t:|1781155299
|switch|p2a: Rillaboom|Rillaboom, F|100/100
|-fieldstart|move: Grassy Terrain|[from] ability: Grassy Surge|[of] p2a: Rillaboom
|turn|14
|
|t:|1781155311
|move|p2a: Rillaboom|Swords Dance|p2a: Rillaboom
|-boost|p2a: Rillaboom|atk|2
|move|p1a: Tyranitar|Ice Beam|p2a: Rillaboom
|-supereffective|p2a: Rillaboom
|-damage|p2a: Rillaboom|51/100
|
|-weather|Sandstorm|[upkeep]
|-damage|p2a: Rillaboom|44/100|[from] Sandstorm
|-heal|p2a: Rillaboom|51/100|[from] Grassy Terrain
|-heal|p1a: Tyranitar|60/100|[from] Grassy Terrain
|upkeep
|turn|15
|
|t:|1781155317
|move|p2a: Rillaboom|Wood Hammer|p1a: Tyranitar
|-supereffective|p1a: Tyranitar
|-damage|p1a: Tyranitar|0 fnt
|faint|p1a: Tyranitar
|-damage|p2a: Rillaboom|29/100|[from] Recoil
|
|-weather|Sandstorm|[upkeep]
|-damage|p2a: Rillaboom|23/100|[from] Sandstorm
|-heal|p2a: Rillaboom|29/100|[from] Grassy Terrain
|upkeep
|
|t:|1781155322
|switch|p1a: Amoonguss|Amoonguss, M|65/100
|-damage|p1a: Amoonguss|53/100|[from] Stealth Rock
|turn|16
|
|t:|1781155327
|move|p2a: Rillaboom|Knock Off|p1a: Amoonguss
|-damage|p1a: Amoonguss|0 fnt
|-damage|p2a: Rillaboom|12/100|[from] item: Rocky Helmet|[of] p1a: Amoonguss
|-enditem|p1a: Amoonguss|Rocky Helmet|[from] move: Knock Off|[of] p2a: Rillaboom
|faint|p1a: Amoonguss
|
|-weather|none
|-heal|p2a: Rillaboom|19/100|[from] Grassy Terrain
|upkeep
|-message|phreshoatmeal forfeited.
|
|win|KurisuChestnutOU
|raw|phreshoatmeal's rating: 1657 &rarr; <strong>1630</strong><br />(-27 for losing)
|raw|KurisuChestnutOU's rating: 1522 &rarr; <strong>1549</strong><br />(+27 for winning)
|l|☆phreshoatmeal
|player|p1|
