|j|☆tuanquewang
|j|☆juli<33
|t:|1781081839
|gametype|singles
|player|p1|tuanquewang|backersf|1710
|player|p2|juli<33|irida|1787
|gen|9
|tier|[Gen 9] OU
|rated|
|rule|HP Percentage Mod: HP is shown in percentages
|rule|Endless Battle Clause: Forcing endless battles is banned
|rule|Species Clause: Limit one of each Pokémon
|rule|OHKO Clause: OHKO moves are banned
|rule|Evasion Items Clause: Evasion items are banned
|rule|Evasion Moves Clause: Evasion moves are banned
|rule|Evasion Abilities Clause: Evasion abilities are banned
|rule|Sleep Moves Clause: Sleep-inducing moves are banned
|clearpoke
|poke|p1|Slowking-Galar, M|
|poke|p1|Hydrapple, F|
|poke|p1|Cinderace, M|
|poke|p1|Alomomola, F|
|poke|p1|Mamoswine, M|
|poke|p1|Gholdengo|
|poke|p2|Great Tusk|
|poke|p2|Slowking-Galar, M|
|poke|p2|Corviknight, F|
|poke|p2|Clefable, F|
|poke|p2|Samurott-Hisui, M|
|poke|p2|Dragapult, F|
|teampreview
|inactive|Battle timer is ON: inactive players will automatically lose when time's up. (requested by tuanquewang)
|
|t:|1781081853
|teamsize|p1|6
|teamsize|p2|6
|start
|switch|p1a: Hydrapple|Hydrapple, F, shiny|100/100
|switch|p2a: P!nk|Clefable, F|100/100
|turn|1
|
|t:|1781081856
|move|p2a: P!nk|Knock Off|p1a: Hydrapple
|-damage|p1a: Hydrapple|88/100
|-enditem|p1a: Hydrapple|Choice Specs|[from] move: Knock Off|[of] p2a: P!nk
|move|p1a: Hydrapple|Leaf Storm|p2a: P!nk
|-damage|p2a: P!nk|30/100
|-unboost|p1a: Hydrapple|spa|2
|
|-heal|p2a: P!nk|36/100|[from] item: Leftovers
|upkeep
|turn|2
|
|t:|1781081879
|switch|p2a: Alchemist|Slowking-Galar, M|100/100
|switch|p1a: Gholdengo|Gholdengo, shiny|100/100
|
|upkeep
|turn|3
|
|t:|1781081883
|move|p1a: Gholdengo|Shadow Ball|p2a: Alchemist
|-supereffective|p2a: Alchemist
|-damage|p2a: Alchemist|51/100
|move|p2a: Alchemist|Flamethrower|p1a: Gholdengo
|-supereffective|p1a: Gholdengo
|-damage|p1a: Gholdengo|33/100
|
|upkeep
|turn|4
|j| Mightylord
|
|t:|1781081897
|switch|p1a: Alomomola|Alomomola, F|100/100
|move|p2a: Alchemist|Flamethrower|p1a: Alomomola
|-resisted|p1a: Alomomola
|-damage|p1a: Alomomola|85/100
|
|-heal|p1a: Alomomola|91/100|[from] item: Leftovers
|upkeep
|turn|5
|
|t:|1781081903
|switch|p2a: P!nk|Clefable, F|36/100
|move|p1a: Alomomola|Wish|p1a: Alomomola
|
|-heal|p2a: P!nk|42/100|[from] item: Leftovers
|-heal|p1a: Alomomola|97/100|[from] item: Leftovers
|upkeep
|turn|6
|
|t:|1781081906
|move|p2a: P!nk|Moonlight|p2a: P!nk
|-heal|p2a: P!nk|92/100
|move|p1a: Alomomola|Flip Turn|p2a: P!nk
|-damage|p2a: P!nk|80/100
|
|t:|1781081907
|switch|p1a: Gholdengo|Gholdengo, shiny|33/100|[from] Flip Turn
|
|-heal|p1a: Gholdengo|100/100|[from] move: Wish|[wisher] Alomomola
|-heal|p2a: P!nk|86/100|[from] item: Leftovers
|upkeep
|turn|7
|
|t:|1781081914
|switch|p2a: Alchemist|Slowking-Galar, M|85/100
|move|p1a: Gholdengo|Shadow Ball|p2a: Alchemist
|-supereffective|p2a: Alchemist
|-damage|p2a: Alchemist|36/100
|
|upkeep
|turn|8
|
|t:|1781081918
|switch|p1a: Hydrapple|Hydrapple, F, shiny|100/100
|switch|p2a: Jack|Samurott-Hisui, M|100/100
|
|upkeep
|turn|9
|
|t:|1781081923
|switch|p2a: Alchemist|Slowking-Galar, M|69/100
|move|p1a: Hydrapple|Earth Power|p2a: Alchemist
|-supereffective|p2a: Alchemist
|-damage|p2a: Alchemist|37/100
|
|upkeep
|turn|10
|j| yuureisuisei
|
|t:|1781081936
|switch|p2a: Jack|Samurott-Hisui, M|100/100
|switch|p1a: Slowking|Slowking-Galar, M|100/100
|
|upkeep
|turn|11
|
|t:|1781081942
|switch|p1a: Hydrapple|Hydrapple, F, shiny|100/100
|move|p2a: Jack|Ceaseless Edge|p1a: Hydrapple
|-damage|p1a: Hydrapple|69/100
|-sidestart|p1: tuanquewang|Spikes
|
|upkeep
|turn|12
|
|t:|1781081947
|switch|p2a: Alchemist|Slowking-Galar, M|70/100
|move|p1a: Hydrapple|Earth Power|p2a: Alchemist
|-supereffective|p2a: Alchemist
|-damage|p2a: Alchemist|38/100
|
|upkeep
|turn|13
|
|t:|1781081955
|switch|p1a: Alomomola|Alomomola, F|100/100
|-damage|p1a: Alomomola|88/100|[from] Spikes
|move|p2a: Alchemist|Ice Beam|p1a: Alomomola
|-resisted|p1a: Alomomola
|-damage|p1a: Alomomola|71/100
|
|-heal|p1a: Alomomola|77/100|[from] item: Leftovers
|upkeep
|turn|14
|
|t:|1781081965
|switch|p2a: Jack|Samurott-Hisui, M|100/100
|move|p1a: Alomomola|Flip Turn|p2a: Jack
|-resisted|p2a: Jack
|-damage|p2a: Jack|92/100
|
|t:|1781081969
|switch|p1a: Hydrapple|Hydrapple, F, shiny|100/100|[from] Flip Turn
|-damage|p1a: Hydrapple|88/100|[from] Spikes
|
|upkeep
|turn|15
|
|t:|1781081973
|switch|p2a: Alchemist|Slowking-Galar, M|72/100
|move|p1a: Hydrapple|Earth Power|p2a: Alchemist
|-supereffective|p2a: Alchemist
|-damage|p2a: Alchemist|38/100
|
|upkeep
|turn|16
|
|t:|1781081980
|switch|p1a: Alomomola|Alomomola, F|100/100
|-damage|p1a: Alomomola|88/100|[from] Spikes
|move|p2a: Alchemist|Sludge Bomb|p1a: Alomomola
|-damage|p1a: Alomomola|39/100
|-status|p1a: Alomomola|psn
|
|-heal|p1a: Alomomola|45/100 psn|[from] item: Leftovers
|-damage|p1a: Alomomola|33/100 psn|[from] psn
|upkeep
|turn|17
|
|t:|1781081987
|move|p1a: Alomomola|Flip Turn|p2a: Alchemist
|-damage|p2a: Alchemist|21/100
|
|t:|1781081989
|switch|p1a: Slowking|Slowking-Galar, M|100/100|[from] Flip Turn
|-damage|p1a: Slowking|88/100|[from] Spikes
|move|p2a: Alchemist|Psyshock|p1a: Slowking
|-damage|p1a: Slowking|52/100
|
|-heal|p1a: Slowking|58/100|[from] item: Black Sludge
|upkeep
|turn|18
|
|t:|1781081998
|switch|p2a: Jack|Samurott-Hisui, M|92/100
|-prepare|p1a: Slowking|Chilly Reception|[premajor]
|move|p1a: Slowking|Chilly Reception|p1a: Slowking
|-weather|Snowscape
|
|t:|1781082002
|switch|p1a: Alomomola|Alomomola, F|66/100 psn|[from] Chilly Reception
|-damage|p1a: Alomomola|53/100 psn|[from] Spikes
|
|-weather|Snowscape|[upkeep]
|-heal|p1a: Alomomola|60/100 psn|[from] item: Leftovers
|-damage|p1a: Alomomola|47/100 psn|[from] psn
|upkeep
|turn|19
|j| WANG QIU'ER
|
|t:|1781082006
|move|p2a: Jack|Knock Off|p1a: Alomomola
|-damage|p1a: Alomomola|26/100 psn
|-enditem|p1a: Alomomola|Leftovers|[from] move: Knock Off|[of] p2a: Jack
|move|p1a: Alomomola|Flip Turn|p2a: Jack
|-resisted|p2a: Jack
|-damage|p2a: Jack|84/100
|
|t:|1781082009
|switch|p1a: Cinderace|Cinderace, M|100/100|[from] Flip Turn
|
|-weather|Snowscape|[upkeep]
|upkeep
|turn|20
|l| WANG QIU'ER
|
|t:|1781082023
|move|p1a: Cinderace|Pyro Ball|p2a: Jack
|-resisted|p2a: Jack
|-damage|p2a: Jack|50/100
|move|p2a: Jack|Ceaseless Edge|p1a: Cinderace
|-damage|p1a: Cinderace|35/100
|-sidestart|p1: tuanquewang|Spikes
|
|-weather|Snowscape|[upkeep]
|upkeep
|turn|21
|
|t:|1781082037
|switch|p1a: Hydrapple|Hydrapple, F, shiny|100/100
|-damage|p1a: Hydrapple|84/100|[from] Spikes
|move|p2a: Jack|Aqua Jet|p1a: Hydrapple
|-resisted|p1a: Hydrapple
|-damage|p1a: Hydrapple|81/100
|
|-weather|Snowscape|[upkeep]
|upkeep
|turn|22
|
|t:|1781082049
|switch|p2a: Bull's-eye|Dragapult, F|100/100
|switch|p1a: Alomomola|Alomomola, F|59/100 psn
|-damage|p1a: Alomomola|43/100 psn|[from] Spikes
|
|-weather|none
|-damage|p1a: Alomomola|30/100 psn|[from] psn
|upkeep
|turn|23
|
|t:|1781082059
|switch|p1a: Slowking|Slowking-Galar, M|92/100
|-damage|p1a: Slowking|75/100|[from] Spikes
|move|p2a: Bull's-eye|Shadow Ball|p1a: Slowking
|-supereffective|p1a: Slowking
|-damage|p1a: Slowking|11/100
|-unboost|p1a: Slowking|spd|1
|
|-heal|p1a: Slowking|17/100|[from] item: Black Sludge
|upkeep
|turn|24
|
|t:|1781082063
|move|p2a: Bull's-eye|Shadow Ball|p1a: Slowking
|-supereffective|p1a: Slowking
|-damage|p1a: Slowking|0 fnt
|faint|p1a: Slowking
|
|upkeep
|
|t:|1781082074
|switch|p1a: Hydrapple|Hydrapple, F, shiny|100/100
|-damage|p1a: Hydrapple|84/100|[from] Spikes
|turn|25
|
|t:|1781082087
|switch|p2a: P!nk|Clefable, F|86/100
|move|p1a: Hydrapple|Earth Power|p2a: P!nk
|-damage|p2a: P!nk|55/100
|
|-heal|p2a: P!nk|61/100|[from] item: Leftovers
|upkeep
|turn|26
|
|t:|1781082094
|switch|p1a: Cinderace|Cinderace, M|35/100
|move|p2a: P!nk|Moonblast|p1a: Cinderace
|-resisted|p1a: Cinderace
|-damage|p1a: Cinderace|12/100
|
|-heal|p2a: P!nk|67/100|[from] item: Leftovers
|upkeep
|turn|27
|
|t:|1781082105
|move|p1a: Cinderace|U-turn|p2a: P!nk
|-start|p1a: Cinderace|typechange|Bug|[from] ability: Libero
|-resisted|p2a: P!nk
|-damage|p2a: P!nk|55/100
|
|t:|1781082109
|switch|p1a: Hydrapple|Hydrapple, F, shiny|100/100|[from] U-turn
|-damage|p1a: Hydrapple|84/100|[from] Spikes
|move|p2a: P!nk|Moonblast|p1a: Hydrapple
|-supereffective|p1a: Hydrapple
|-damage|p1a: Hydrapple|19/100
|-unboost|p1a: Hydrapple|spa|1
|
|-heal|p2a: P!nk|61/100|[from] item: Leftovers
|upkeep
|turn|28
|-message|tuanquewang forfeited.
|
|win|juli<33
|raw|tuanquewang's rating: 1710 &rarr; <strong>1694</strong><br />(-16 for losing)
|raw|juli&lt;33's rating: 1787 &rarr; <strong>1803</strong><br />(+16 for winning)
|l|☆tuanquewang
|player|p1|
|l|☆juli<33
|player|p2|
|l| yuureisuisei
