|j|☆Galarian Blades
|j|☆BlackStar150520
|t:|1781545200
|gametype|singles
|player|p1|Galarian Blades|#capplxiwutangclants|1771
|player|p2|BlackStar150520|unknown|1809
|gen|9
|tier|[Gen 9] OU
|rated|
|rule|HP Percentage Mod: HP is shown in percentages
|rule|Endless Battle Clause: Forcing endless battles is banned
|rule|Species Clause: Limit one of each Pokémon
|rule|OHKO Clause: OHKO moves are banned
|rule|Evasion Items Clause: Evasion items are banned
|rule|Evasion Moves Clause: Evasion moves are banned
|rule|Evasion Abilities Clause: Evasion abilities are banned
|rule|Sleep Moves Clause: Sleep-inducing moves are banned
|clearpoke
|poke|p1|Zamazenta-*|
|poke|p1|Dragonite, F|
|poke|p1|Kyurem|
|poke|p1|Hatterene, F|
|poke|p1|Kingambit, M|
|poke|p1|Landorus-Therian, M|
|poke|p2|Raging Bolt|
|poke|p2|Kingambit, M|
|poke|p2|Iron Moth|
|poke|p2|Ogerpon-Wellspring, F|
|poke|p2|Scizor, F|
|poke|p2|Great Tusk|
|teampreview
|inactive|Battle timer is ON: inactive players will automatically lose when time's up. (requested by BlackStar150520)
|inactive|Galarian Blades also wants the timer to be on.
|
|t:|1781545207
|teamsize|p1|6
|teamsize|p2|6
|start
|switch|p1a: Kyurem|Kyurem|100/100
|switch|p2a: Red Lightning|Scizor, F|100/100
|-ability|p1a: Kyurem|Pressure
|turn|1
|
|t:|1781545214
|switch|p1a: Landorus|Landorus-Therian, M|100/100
|-ability|p1a: Landorus|Intimidate|boost
|-unboost|p2a: Red Lightning|atk|1
|move|p2a: Red Lightning|U-turn|p1a: Landorus
|-resisted|p1a: Landorus
|-damage|p1a: Landorus|84/100
|-damage|p2a: Red Lightning|84/100|[from] item: Rocky Helmet|[of] p1a: Landorus
|
|t:|1781545216
|switch|p2a: 🎭|Ogerpon-Wellspring, F|100/100|[from] U-turn
|
|upkeep
|turn|2
|
|t:|1781545229
|move|p2a: 🎭|Ivy Cudgel|p1a: Landorus|[anim] Ivy Cudgel Water
|-supereffective|p1a: Landorus
|-damage|p1a: Landorus|0 fnt
|faint|p1a: Landorus
|
|upkeep
|
|t:|1781545232
|switch|p1a: Kyurem|Kyurem|100/100
|-ability|p1a: Kyurem|Pressure
|turn|3
|
|t:|1781545239
|switch|p2a: Red Lightning|Scizor, F|84/100
|move|p1a: Kyurem|Freeze-Dry|p2a: Red Lightning
|-resisted|p2a: Red Lightning
|-damage|p2a: Red Lightning|62/100
|
|upkeep
|turn|4
|
|t:|1781545245
|move|p1a: Kyurem|Earth Power|p2a: Red Lightning
|-damage|p2a: Red Lightning|22/100
|move|p2a: Red Lightning|U-turn|p1a: Kyurem
|-damage|p1a: Kyurem|53/100
|
|t:|1781545252
|switch|p2a: 🎭|Ogerpon-Wellspring, F|100/100|[from] U-turn
|
|upkeep
|turn|5
|
|t:|1781545255
|move|p2a: 🎭|Encore|p1a: Kyurem
|-start|p1a: Kyurem|Encore
|move|p1a: Kyurem|Earth Power|p2a: 🎭
|-resisted|p2a: 🎭
|-crit|p2a: 🎭
|-damage|p2a: 🎭|73/100
|
|upkeep
|turn|6
|
|t:|1781545259
|move|p2a: 🎭|Knock Off|p1a: Kyurem
|-damage|p1a: Kyurem|21/100
|-enditem|p1a: Kyurem|Assault Vest|[from] move: Knock Off|[of] p2a: 🎭
|move|p1a: Kyurem|Earth Power|p2a: 🎭
|-resisted|p2a: 🎭
|-damage|p2a: 🎭|53/100
|
|upkeep
|turn|7
|
|t:|1781545265
|move|p2a: 🎭|Ivy Cudgel|p1a: Kyurem|[anim] Ivy Cudgel Water
|-resisted|p1a: Kyurem
|-damage|p1a: Kyurem|0 fnt
|faint|p1a: Kyurem
|
|upkeep
|
|t:|1781545273
|switch|p1a: Zama BinLadderin|Zamazenta|100/100
|-ability|p1a: Zama BinLadderin|Dauntless Shield|boost
|-boost|p1a: Zama BinLadderin|def|1
|turn|8
|
|t:|1781545281
|move|p1a: Zama BinLadderin|Close Combat|p2a: 🎭
|-damage|p2a: 🎭|0 fnt
|-unboost|p1a: Zama BinLadderin|def|1
|-unboost|p1a: Zama BinLadderin|spd|1
|faint|p2a: 🎭
|-damage|p1a: Zama BinLadderin|91/100|[from] item: Life Orb
|
|upkeep
|
|t:|1781545285
|switch|p2a: Mega Donphan|Great Tusk|100/100
|turn|9
|
|t:|1781545297
|move|p1a: Zama BinLadderin|Close Combat|p2a: Mega Donphan
|-damage|p2a: Mega Donphan|42/100
|-unboost|p1a: Zama BinLadderin|def|1
|-unboost|p1a: Zama BinLadderin|spd|1
|-damage|p1a: Zama BinLadderin|81/100|[from] item: Life Orb
|move|p2a: Mega Donphan|Headlong Rush|p1a: Zama BinLadderin
|-damage|p1a: Zama BinLadderin|0 fnt
|-unboost|p2a: Mega Donphan|def|1
|-unboost|p2a: Mega Donphan|spd|1
|faint|p1a: Zama BinLadderin
|
|upkeep
|
|t:|1781545310
|switch|p1a: Hatterene|Hatterene, F|100/100
|turn|10
|
|t:|1781545315
|move|p2a: Mega Donphan|Headlong Rush|p1a: Hatterene
|-crit|p1a: Hatterene
|-damage|p1a: Hatterene|0 fnt
|-unboost|p2a: Mega Donphan|def|1
|-unboost|p2a: Mega Donphan|spd|1
|faint|p1a: Hatterene
|
|upkeep
|
|t:|1781545329
|switch|p1a: Dragonite|Dragonite, F|100/100
|turn|11
|
|t:|1781545335
|-terastallize|p1a: Dragonite|Normal
|move|p2a: Mega Donphan|Ice Spinner|p1a: Dragonite
|-damage|p1a: Dragonite|86/100
|move|p1a: Dragonite|Dragon Dance|p1a: Dragonite
|-boost|p1a: Dragonite|atk|1
|-boost|p1a: Dragonite|spe|1
|
|upkeep
|turn|12
|
|t:|1781545345
|-end|p2a: Mega Donphan|Protosynthesis|[silent]
|switch|p2a: Red Lightning|Scizor, F|22/100
|move|p1a: Dragonite|Earthquake|p2a: Red Lightning
|-damage|p2a: Red Lightning|0 fnt
|faint|p2a: Red Lightning
|
|upkeep
|
|t:|1781545347
|switch|p2a: Aizen🗡️|Kingambit, M, shiny|100/100
|-activate|p2a: Aizen🗡️|ability: Supreme Overlord
|-start|p2a: Aizen🗡️|fallen2|[silent]
|turn|13
|j| kkfontinele
|
|t:|1781545350
|-terastallize|p2a: Aizen🗡️|Ghost
|move|p1a: Dragonite|Earthquake|p2a: Aizen🗡️
|-damage|p2a: Aizen🗡️|54/100
|move|p2a: Aizen🗡️|Low Kick|p1a: Dragonite
|-supereffective|p1a: Dragonite
|-damage|p1a: Dragonite|0 fnt
|faint|p1a: Dragonite
|
|-heal|p2a: Aizen🗡️|60/100|[from] item: Leftovers
|upkeep
|
|t:|1781545352
|switch|p1a: Kingambit|Kingambit, M|100/100
|-activate|p1a: Kingambit|ability: Supreme Overlord
|-start|p1a: Kingambit|fallen5|[silent]
|turn|14
|
|t:|1781545363
|move|p1a: Kingambit|Sucker Punch|p2a: Aizen🗡️
|-supereffective|p2a: Aizen🗡️
|-crit|p2a: Aizen🗡️
|-damage|p2a: Aizen🗡️|0 fnt
|faint|p2a: Aizen🗡️
|-end|p2a: Aizen🗡️|fallen2|[silent]
|
|upkeep
|
|t:|1781545368
|switch|p2a: Mega Donphan|Great Tusk|42/100
|turn|15
|
|t:|1781545376
|move|p2a: Mega Donphan|Headlong Rush|p1a: Kingambit
|-supereffective|p1a: Kingambit
|-damage|p1a: Kingambit|0 fnt
|-unboost|p2a: Mega Donphan|def|1
|-unboost|p2a: Mega Donphan|spd|1
|faint|p1a: Kingambit
|-end|p1a: Kingambit|fallen5|[silent]
|
|win|BlackStar150520
|raw|Galarian Blades's rating: 1771 &rarr; <strong>1753</strong><br />(-18 for losing)
|raw|BlackStar150520's rating: 1809 &rarr; <strong>1827</strong><br />(+18 for winning)
|c|☆Galarian Blades|gg
|l|☆Galarian Blades
|player|p1|
|c|☆BlackStar150520|Gg
|l|☆BlackStar150520
|player|p2|
|l| kkfontinele
