|j|☆FitzyLegend
|j|☆waha8
|t:|1781069048
|gametype|singles
|player|p1|FitzyLegend|hilbert|1549
|player|p2|waha8|101|1508
|gen|9
|tier|[Gen 9] OU
|rated|
|rule|HP Percentage Mod: HP is shown in percentages
|rule|Endless Battle Clause: Forcing endless battles is banned
|rule|Species Clause: Limit one of each Pokémon
|rule|OHKO Clause: OHKO moves are banned
|rule|Evasion Items Clause: Evasion items are banned
|rule|Evasion Moves Clause: Evasion moves are banned
|rule|Evasion Abilities Clause: Evasion abilities are banned
|rule|Sleep Moves Clause: Sleep-inducing moves are banned
|clearpoke
|poke|p1|Hawlucha, M|
|poke|p1|Maushold-Four|
|poke|p1|Iron Valiant|
|poke|p1|Samurott-Hisui, M|
|poke|p1|Serperior, M|
|poke|p1|Gliscor, M|
|poke|p2|Hydreigon, F|
|poke|p2|Scizor, F|
|poke|p2|Indeedee, M|
|poke|p2|Kyurem|
|poke|p2|Cetitan, F|
|poke|p2|Ninetales-Alola, F|
|teampreview
|inactive|Battle timer is ON: inactive players will automatically lose when time's up. (requested by FitzyLegend)
|
|t:|1781069061
|teamsize|p1|6
|teamsize|p2|6
|start
|switch|p1a: Serperior|Serperior, M|100/100
|switch|p2a: Scizor|Scizor, F|100/100
|turn|1
|
|t:|1781069068
|move|p1a: Serperior|Glare|p2a: Scizor
|-status|p2a: Scizor|par
|cant|p2a: Scizor|par
|
|upkeep
|turn|2
|
|t:|1781069076
|-terastallize|p1a: Serperior|Dragon
|move|p1a: Serperior|Substitute|p1a: Serperior
|-start|p1a: Serperior|Substitute
|-damage|p1a: Serperior|75/100
|cant|p2a: Scizor|par
|
|-heal|p1a: Serperior|82/100|[from] item: Leftovers
|upkeep
|turn|3
|
|t:|1781069085
|move|p2a: Scizor|Bullet Punch|p1a: Serperior
|-end|p1a: Serperior|Substitute
|move|p1a: Serperior|Leaf Storm|p2a: Scizor|[miss]
|-miss|p1a: Serperior|p2a: Scizor
|
|-heal|p1a: Serperior|88/100|[from] item: Leftovers
|upkeep
|turn|4
|
|t:|1781069094
|move|p2a: Scizor|Bullet Punch|p1a: Serperior
|-damage|p1a: Serperior|45/100
|move|p1a: Serperior|Substitute|p1a: Serperior
|-start|p1a: Serperior|Substitute
|-damage|p1a: Serperior|20/100
|
|-heal|p1a: Serperior|26/100|[from] item: Leftovers
|upkeep
|turn|5
|j| AbrarS
|
|t:|1781069104
|move|p2a: Scizor|Bullet Punch|p1a: Serperior
|-end|p1a: Serperior|Substitute
|move|p1a: Serperior|Leaf Storm|p2a: Scizor
|-resisted|p2a: Scizor
|-damage|p2a: Scizor|86/100 par
|-boost|p1a: Serperior|spa|2
|
|-heal|p1a: Serperior|32/100|[from] item: Leftovers
|upkeep
|turn|6
|
|t:|1781069116
|switch|p1a: Gliscor|Gliscor, M|100/100
|cant|p2a: Scizor|par
|
|-status|p1a: Gliscor|tox|[from] item: Toxic Orb
|upkeep
|turn|7
|
|t:|1781069133
|move|p1a: Gliscor|Earthquake|p2a: Scizor
|-damage|p2a: Scizor|51/100 par
|move|p2a: Scizor|Swords Dance|p2a: Scizor
|-boost|p2a: Scizor|atk|2
|
|upkeep
|turn|8
|
|t:|1781069139
|move|p2a: Scizor|Bullet Punch|p1a: Gliscor
|-damage|p1a: Gliscor|49/100 tox
|move|p1a: Gliscor|Earthquake|p2a: Scizor
|-damage|p2a: Scizor|17/100 par
|
|-heal|p1a: Gliscor|61/100 tox|[from] ability: Poison Heal
|upkeep
|turn|9
|
|t:|1781069147
|move|p1a: Gliscor|Protect|p1a: Gliscor
|-singleturn|p1a: Gliscor|Protect
|cant|p2a: Scizor|par
|
|-heal|p1a: Gliscor|74/100 tox|[from] ability: Poison Heal
|upkeep
|turn|10
|c|☆waha8|lol
|
|t:|1781069157
|move|p2a: Scizor|Bullet Punch|p1a: Gliscor
|-damage|p1a: Gliscor|14/100 tox
|move|p1a: Gliscor|Earthquake|p2a: Scizor
|-damage|p2a: Scizor|0 fnt
|faint|p2a: Scizor
|
|-heal|p1a: Gliscor|27/100 tox|[from] ability: Poison Heal
|upkeep
|
|t:|1781069165
|switch|p2a: DeeDee|Indeedee, M|100/100
|-fieldstart|move: Psychic Terrain|[from] ability: Psychic Surge|[of] p2a: DeeDee
|turn|11
|
|t:|1781069175
|move|p2a: DeeDee|Expanding Force|p1a: Gliscor
|-damage|p1a: Gliscor|0 fnt
|faint|p1a: Gliscor
|
|upkeep
|
|t:|1781069186
|switch|p1a: Samurott|Samurott-Hisui, M|100/100
|turn|12
|
|t:|1781069189
|move|p2a: DeeDee|Dazzling Gleam|p1a: Samurott
|-supereffective|p1a: Samurott
|-damage|p1a: Samurott|26/100
|move|p1a: Samurott|Ceaseless Edge|p2a: DeeDee
|-supereffective|p2a: DeeDee
|-damage|p2a: DeeDee|0 fnt
|-sidestart|p2: waha8|Spikes
|faint|p2a: DeeDee
|
|upkeep
|
|t:|1781069198
|switch|p2a: Mavis|Ninetales-Alola, F|100/100
|-damage|p2a: Mavis|88/100|[from] Spikes
|-weather|Snowscape|[from] ability: Snow Warning|[of] p2a: Mavis
|turn|13
|
|t:|1781069214
|move|p2a: Mavis|Aurora Veil|p2a: Mavis
|-sidestart|p2: waha8|move: Aurora Veil
|move|p1a: Samurott|Encore|p2a: Mavis
|-start|p2a: Mavis|Encore
|
|-weather|Snowscape|[upkeep]
|upkeep
|turn|14
|
|t:|1781069227
|switch|p2a: Thing|Cetitan, F|100/100
|-damage|p2a: Thing|88/100|[from] Spikes
|switch|p1a: Serperior|Serperior, M, tera:Dragon|32/100
|
|-weather|Snowscape|[upkeep]
|-heal|p1a: Serperior|38/100|[from] item: Leftovers
|upkeep
|turn|15
|
|t:|1781069236
|move|p2a: Thing|Icicle Spear|p1a: Serperior
|-supereffective|p1a: Serperior
|-damage|p1a: Serperior|5/100
|-supereffective|p1a: Serperior
|-damage|p1a: Serperior|0 fnt
|faint|p1a: Serperior
|-hitcount|p1: Serperior|2
|
|-weather|Snowscape|[upkeep]
|upkeep
|
|t:|1781069254
|switch|p1a: Maushold|Maushold-Four|100/100
|turn|16
|l|☆FitzyLegend
|inactive|FitzyLegend disconnected and has a minute to reconnect!
|player|p1|
|inactive|FitzyLegend has 30 seconds to reconnect!
|j|☆FitzyLegend
|inactive|FitzyLegend reconnected and has 90 seconds left.
|player|p1|FitzyLegend|hilbert|
|
|t:|1781069314
|move|p2a: Thing|Icicle Spear|p1a: Maushold
|-damage|p1a: Maushold|79/100
|-damage|p1a: Maushold|60/100
|-damage|p1a: Maushold|40/100
|-damage|p1a: Maushold|21/100
|-hitcount|p1a: Maushold|4
|move|p1a: Maushold|Population Bomb|p2a: Thing
|-damage|p2a: Thing|84/100
|-damage|p2a: Thing|80/100
|-damage|p2a: Thing|77/100
|-damage|p2a: Thing|73/100
|-damage|p2a: Thing|69/100
|-damage|p2a: Thing|66/100
|-damage|p2a: Thing|62/100
|-damage|p2a: Thing|59/100
|-damage|p2a: Thing|55/100
|-damage|p2a: Thing|51/100
|-hitcount|p2a: Thing|10
|
|-weather|Snowscape|[upkeep]
|upkeep
|turn|17
|
|t:|1781069337
|switch|p1a: Samurott|Samurott-Hisui, M|26/100
|move|p2a: Thing|Earthquake|p1a: Samurott
|-crit|p1a: Samurott
|-damage|p1a: Samurott|0 fnt
|faint|p1a: Samurott
|
|-weather|Snowscape|[upkeep]
|-sideend|p2: waha8|move: Aurora Veil
|upkeep
|
|t:|1781069347
|switch|p1a: Iron Valiant|Iron Valiant|100/100
|-enditem|p1a: Iron Valiant|Booster Energy
|-activate|p1a: Iron Valiant|ability: Quark Drive|[fromitem]
|-start|p1a: Iron Valiant|quarkdrivespe
|turn|18
|
|t:|1781069359
|move|p1a: Iron Valiant|Close Combat|p2a: Thing
|-supereffective|p2a: Thing
|-damage|p2a: Thing|0 fnt
|-unboost|p1a: Iron Valiant|def|1
|-unboost|p1a: Iron Valiant|spd|1
|faint|p2a: Thing
|
|-weather|Snowscape|[upkeep]
|-fieldend|move: Psychic Terrain
|upkeep
|
|t:|1781069368
|switch|p2a: Mavis|Ninetales-Alola, F|88/100
|-damage|p2a: Mavis|76/100|[from] Spikes
|turn|19
|
|t:|1781069385
|move|p1a: Iron Valiant|Moonblast|p2a: Mavis
|-damage|p2a: Mavis|21/100
|move|p2a: Mavis|Moonblast|p1a: Iron Valiant
|-supereffective|p1a: Iron Valiant
|-damage|p1a: Iron Valiant|0 fnt
|faint|p1a: Iron Valiant
|-end|p1a: Iron Valiant|Quark Drive|[silent]
|
|-weather|Snowscape|[upkeep]
|upkeep
|inactive|FitzyLegend has 60 seconds left.
|
|t:|1781069401
|switch|p1a: Maushold|Maushold-Four|21/100
|turn|20
|
|t:|1781069405
|move|p1a: Maushold|Population Bomb|p2a: Mavis
|-damage|p2a: Mavis|10/100
|-damage|p2a: Mavis|0 fnt
|faint|p2a: Mavis
|-hitcount|p2: Mavis|2
|
|-weather|none
|upkeep
|
|t:|1781069421
|switch|p2a: Hydreigon|Hydreigon, F|100/100
|turn|21
|
|t:|1781069428
|-terastallize|p2a: Hydreigon|Steel
|move|p1a: Maushold|Population Bomb|p2a: Hydreigon
|-resisted|p2a: Hydreigon
|-damage|p2a: Hydreigon|94/100
|-resisted|p2a: Hydreigon
|-damage|p2a: Hydreigon|88/100
|-resisted|p2a: Hydreigon
|-damage|p2a: Hydreigon|82/100
|-resisted|p2a: Hydreigon
|-damage|p2a: Hydreigon|76/100
|-resisted|p2a: Hydreigon
|-damage|p2a: Hydreigon|70/100
|-resisted|p2a: Hydreigon
|-damage|p2a: Hydreigon|64/100
|-resisted|p2a: Hydreigon
|-damage|p2a: Hydreigon|57/100
|-resisted|p2a: Hydreigon
|-damage|p2a: Hydreigon|52/100
|-resisted|p2a: Hydreigon
|-damage|p2a: Hydreigon|45/100
|-resisted|p2a: Hydreigon
|-damage|p2a: Hydreigon|40/100
|-hitcount|p2a: Hydreigon|10
|move|p2a: Hydreigon|Dragon Dance|p2a: Hydreigon
|-boost|p2a: Hydreigon|atk|1
|-boost|p2a: Hydreigon|spe|1
|
|upkeep
|turn|22
|
|t:|1781069454
|move|p2a: Hydreigon|Scale Shot|p1a: Maushold
|-damage|p1a: Maushold|0 fnt
|faint|p1a: Maushold
|-hitcount|p1: Maushold|1
|-unboost|p2a: Hydreigon|def|1
|-boost|p2a: Hydreigon|spe|1
|
|upkeep
|
|t:|1781069462
|switch|p1a: Hawlucha|Hawlucha, M|100/100
|turn|23
|
|t:|1781069469
|move|p2a: Hydreigon|Scale Shot|p1a: Hawlucha
|-damage|p1a: Hawlucha|74/100
|-crit|p1a: Hawlucha
|-damage|p1a: Hawlucha|31/100
|-damage|p1a: Hawlucha|6/100
|-damage|p1a: Hawlucha|0 fnt
|faint|p1a: Hawlucha
|-hitcount|p1: Hawlucha|4
|
|win|waha8
|raw|FitzyLegend's rating: 1549 &rarr; <strong>1527</strong><br />(-22 for losing)
|raw|waha8's rating: 1508 &rarr; <strong>1530</strong><br />(+22 for winning)
|l|☆FitzyLegend
|player|p1|
|l| AbrarS
|l|☆waha8
|player|p2|
