|j|☆jd2sleepy
|j|‽Leap Call
|t:|1781181894
|gametype|singles
|player|p1|jd2sleepy|blackbelt-gen4dp|1586
|player|p2|Leap Call|266|1563
|gen|9
|tier|[Gen 9] OU
|rated|
|rule|HP Percentage Mod: HP is shown in percentages
|rule|Endless Battle Clause: Forcing endless battles is banned
|rule|Species Clause: Limit one of each Pokémon
|rule|OHKO Clause: OHKO moves are banned
|rule|Evasion Items Clause: Evasion items are banned
|rule|Evasion Moves Clause: Evasion moves are banned
|rule|Evasion Abilities Clause: Evasion abilities are banned
|rule|Sleep Moves Clause: Sleep-inducing moves are banned
|clearpoke
|poke|p1|Abomasnow, M|
|poke|p1|Iron Treads|
|poke|p1|Pelipper, M|
|poke|p1|Raging Bolt|
|poke|p1|Golduck, M|
|poke|p1|Kingambit, M|
|poke|p2|Kyurem|
|poke|p2|Slowking-Galar, F|
|poke|p2|Samurott-Hisui, M|
|poke|p2|Hatterene, F|
|poke|p2|Iron Treads|
|poke|p2|Zamazenta-*|
|teampreview
|
|t:|1781181902
|teamsize|p1|6
|teamsize|p2|6
|start
|switch|p1a: Drizzy|Pelipper, M|100/100
|switch|p2a: Slowking|Slowking-Galar, F|100/100
|-weather|RainDance|[from] ability: Drizzle|[of] p1a: Drizzy
|turn|1
|
|t:|1781181903
|move|p1a: Drizzy|U-turn|p2a: Slowking
|-damage|p2a: Slowking|93/100
|
|t:|1781181905
|switch|p1a: Tready Way|Iron Treads|100/100|[from] U-turn
|-enditem|p1a: Tready Way|Booster Energy
|-activate|p1a: Tready Way|ability: Quark Drive|[fromitem]
|-start|p1a: Tready Way|quarkdrivespe
|-prepare|p2a: Slowking|Chilly Reception|[premajor]
|move|p2a: Slowking|Chilly Reception|p2a: Slowking
|-weather|Snowscape
|
|t:|1781181949
|switch|p2a: Samurott|Samurott-Hisui, M|100/100|[from] Chilly Reception
|
|-weather|Snowscape|[upkeep]
|upkeep
|turn|2
|
|t:|1781181952
|move|p1a: Tready Way|Thunder|p2a: Samurott
|-supereffective|p2a: Samurott
|-damage|p2a: Samurott|66/100
|move|p2a: Samurott|Ceaseless Edge|p1a: Tready Way
|-damage|p1a: Tready Way|63/100
|-sidestart|p1: jd2sleepy|Spikes
|
|-weather|Snowscape|[upkeep]
|upkeep
|turn|3
|
|t:|1781181960
|move|p1a: Tready Way|Stealth Rock|p2a: Samurott
|-sidestart|p2: Leap Call|move: Stealth Rock
|move|p2a: Samurott|Razor Shell|p1a: Tready Way
|-supereffective|p1a: Tready Way
|-damage|p1a: Tready Way|0 fnt
|faint|p1a: Tready Way
|-end|p1a: Tready Way|Quark Drive|[silent]
|
|-weather|Snowscape|[upkeep]
|upkeep
|
|t:|1781181964
|switch|p1a: ObamaKnows|Abomasnow, M|100/100
|-damage|p1a: ObamaKnows|88/100|[from] Spikes
|turn|4
|
|t:|1781181972
|move|p2a: Samurott|Knock Off|p1a: ObamaKnows
|-damage|p1a: ObamaKnows|48/100
|-enditem|p1a: ObamaKnows|Loaded Dice|[from] move: Knock Off|[of] p2a: Samurott
|move|p1a: ObamaKnows|Swords Dance|p1a: ObamaKnows
|-boost|p1a: ObamaKnows|atk|2
|
|-weather|Snowscape|[upkeep]
|upkeep
|turn|5
|
|t:|1781181984
|move|p2a: Samurott|Ceaseless Edge|p1a: ObamaKnows
|-damage|p1a: ObamaKnows|9/100
|-sidestart|p1: jd2sleepy|Spikes
|move|p1a: ObamaKnows|Wood Hammer|p2a: Samurott
|-supereffective|p2a: Samurott
|-damage|p2a: Samurott|0 fnt
|faint|p2a: Samurott
|-damage|p1a: ObamaKnows|0 fnt|[from] Recoil
|faint|p1a: ObamaKnows
|
|-weather|none
|upkeep
|
|t:|1781182011
|switch|p1a: Drizzy|Pelipper, M|100/100
|switch|p2a: Slowking|Slowking-Galar, F|100/100
|-weather|RainDance|[from] ability: Drizzle|[of] p1a: Drizzy
|-damage|p2a: Slowking|88/100|[from] Stealth Rock
|turn|6
|
|t:|1781182013
|move|p1a: Drizzy|U-turn|p2a: Slowking
|-damage|p2a: Slowking|81/100
|
|t:|1781182017
|switch|p1a: Rage N Furious|Raging Bolt|100/100|[from] U-turn
|-damage|p1a: Rage N Furious|84/100|[from] Spikes
|-enditem|p1a: Rage N Furious|Booster Energy
|-activate|p1a: Rage N Furious|ability: Protosynthesis|[fromitem]
|-start|p1a: Rage N Furious|protosynthesisspa
|-prepare|p2a: Slowking|Chilly Reception|[premajor]
|move|p2a: Slowking|Chilly Reception|p2a: Slowking
|-weather|Snowscape
|
|t:|1781182022
|switch|p2a: Iron Treads|Iron Treads|100/100|[from] Chilly Reception
|-damage|p2a: Iron Treads|97/100|[from] Stealth Rock
|
|-weather|Snowscape|[upkeep]
|-heal|p2a: Iron Treads|100/100|[from] item: Leftovers
|upkeep
|turn|7
|
|t:|1781182025
|move|p2a: Iron Treads|Rapid Spin|p1a: Rage N Furious
|-damage|p1a: Rage N Furious|70/100
|-boost|p2a: Iron Treads|spe|1
|-sideend|p2: Leap Call|Stealth Rock|[from] move: Rapid Spin|[of] p2a: Iron Treads
|move|p1a: Rage N Furious|Weather Ball|p2a: Iron Treads
|-damage|p2a: Iron Treads|31/100
|
|-weather|Snowscape|[upkeep]
|-heal|p2a: Iron Treads|37/100|[from] item: Leftovers
|upkeep
|turn|8
|
|t:|1781182038
|move|p2a: Iron Treads|Earthquake|p1a: Rage N Furious
|-supereffective|p1a: Rage N Furious
|-damage|p1a: Rage N Furious|0 fnt
|faint|p1a: Rage N Furious
|-end|p1a: Rage N Furious|Protosynthesis|[silent]
|
|-weather|Snowscape|[upkeep]
|-heal|p2a: Iron Treads|43/100|[from] item: Leftovers
|upkeep
|
|t:|1781182044
|switch|p1a: Drizzy|Pelipper, M|100/100
|-weather|RainDance|[from] ability: Drizzle|[of] p1a: Drizzy
|turn|9
|
|t:|1781182057
|move|p2a: Iron Treads|Stealth Rock|p1a: Drizzy
|-sidestart|p1: jd2sleepy|move: Stealth Rock
|move|p1a: Drizzy|U-turn|p2a: Iron Treads
|-resisted|p2a: Iron Treads
|-damage|p2a: Iron Treads|39/100
|
|t:|1781182059
|switch|p1a: Hit Or Miss|Golduck, M|100/100|[from] U-turn
|-damage|p1a: Hit Or Miss|84/100|[from] Spikes
|-damage|p1a: Hit Or Miss|72/100|[from] Stealth Rock
|
|-weather|RainDance|[upkeep]
|-heal|p2a: Iron Treads|46/100|[from] item: Leftovers
|upkeep
|turn|10
|
|t:|1781182068
|move|p1a: Hit Or Miss|Hydro Pump|p2a: Iron Treads
|-supereffective|p2a: Iron Treads
|-damage|p2a: Iron Treads|0 fnt
|faint|p2a: Iron Treads
|-end|p2a: Iron Treads|Quark Drive|[silent]
|-damage|p1a: Hit Or Miss|62/100|[from] item: Life Orb
|
|-weather|RainDance|[upkeep]
|upkeep
|
|t:|1781182073
|switch|p2a: Slowking|Slowking-Galar, F|100/100
|turn|11
|
|t:|1781182075
|move|p1a: Hit Or Miss|Ice Beam|p2a: Slowking
|-damage|p2a: Slowking|72/100
|-damage|p1a: Hit Or Miss|52/100|[from] item: Life Orb
|-prepare|p2a: Slowking|Chilly Reception|[premajor]
|move|p2a: Slowking|Chilly Reception|p2a: Slowking
|-weather|Snowscape
|
|t:|1781182082
|switch|p2a: Kyurem|Kyurem|100/100|[from] Chilly Reception
|-ability|p2a: Kyurem|Pressure
|
|-weather|Snowscape|[upkeep]
|upkeep
|turn|12
|
|t:|1781182090
|move|p1a: Hit Or Miss|Vacuum Wave|p2a: Kyurem
|-supereffective|p2a: Kyurem
|-damage|p2a: Kyurem|70/100
|-damage|p1a: Hit Or Miss|42/100|[from] item: Life Orb
|move|p2a: Kyurem|Blizzard|p1a: Hit Or Miss
|-resisted|p1a: Hit Or Miss
|-damage|p1a: Hit Or Miss|0 fnt
|faint|p1a: Hit Or Miss
|
|-weather|Snowscape|[upkeep]
|upkeep
|
|t:|1781182093
|switch|p1a: 平和|Kingambit, M|100/100
|-damage|p1a: 平和|84/100|[from] Spikes
|-damage|p1a: 平和|78/100|[from] Stealth Rock
|-activate|p1a: 平和|ability: Supreme Overlord
|-start|p1a: 平和|fallen4|[silent]
|turn|13
|
|t:|1781182101
|move|p2a: Kyurem|Blizzard|p1a: 平和
|-resisted|p1a: 平和
|-damage|p1a: 平和|25/100
|move|p1a: 平和|Low Kick|p2a: Kyurem
|-supereffective|p2a: Kyurem
|-damage|p2a: Kyurem|0 fnt
|faint|p2a: Kyurem
|
|-weather|Snowscape|[upkeep]
|upkeep
|
|t:|1781182109
|switch|p2a: Zamazenta|Zamazenta|100/100
|-ability|p2a: Zamazenta|Dauntless Shield|boost
|-boost|p2a: Zamazenta|def|1
|turn|14
|
|t:|1781182115
|move|p2a: Zamazenta|Body Press|p1a: 平和
|-supereffective|p1a: 平和
|-damage|p1a: 平和|0 fnt
|faint|p1a: 平和
|-end|p1a: 平和|fallen4|[silent]
|
|-weather|Snowscape|[upkeep]
|upkeep
|-message|jd2sleepy forfeited.
|
|win|Leap Call
|raw|jd2sleepy's rating: 1586 &rarr; <strong>1565</strong><br />(-21 for losing)
|raw|Leap Call's rating: 1563 &rarr; <strong>1584</strong><br />(+21 for winning)
|l|☆jd2sleepy
|player|p1|
