|j|☆MAMELUCO DE ELITE
|j|☆lolcano46
|t:|1781486204
|gametype|singles
|player|p1|MAMELUCO DE ELITE|169|1678
|player|p2|lolcano46|fisherman-gen4|1598
|gen|9
|tier|[Gen 9] OU
|rated|
|rule|HP Percentage Mod: HP is shown in percentages
|rule|Endless Battle Clause: Forcing endless battles is banned
|rule|Species Clause: Limit one of each Pokémon
|rule|OHKO Clause: OHKO moves are banned
|rule|Evasion Items Clause: Evasion items are banned
|rule|Evasion Moves Clause: Evasion moves are banned
|rule|Evasion Abilities Clause: Evasion abilities are banned
|rule|Sleep Moves Clause: Sleep-inducing moves are banned
|clearpoke
|poke|p1|Volcanion|
|poke|p1|Slowking-Galar, M|
|poke|p1|Zamazenta-*|
|poke|p1|Corviknight, M|
|poke|p1|Hatterene, F|
|poke|p1|Ting-Lu|
|poke|p2|Azelf|
|poke|p2|Ogerpon-Wellspring, F|
|poke|p2|Scizor, F|
|poke|p2|Gengar, M|
|poke|p2|Raging Bolt|
|poke|p2|Cinderace, M|
|teampreview
|inactive|Battle timer is ON: inactive players will automatically lose when time's up. (requested by lolcano46)
|
|t:|1781486230
|teamsize|p1|6
|teamsize|p2|6
|start
|switch|p1a: Zamazenta|Zamazenta|100/100
|switch|p2a: Gengar|Gengar, M|100/100
|-ability|p1a: Zamazenta|Dauntless Shield|boost
|-boost|p1a: Zamazenta|def|1
|turn|1
|
|t:|1781486238
|move|p2a: Gengar|Trick|p1a: Zamazenta
|-activate|p2a: Gengar|move: Trick|[of] p1a: Zamazenta
|-item|p1a: Zamazenta|Choice Scarf|[from] move: Trick
|-item|p2a: Gengar|Choice Band|[from] move: Trick
|move|p1a: Zamazenta|Crunch|p2a: Gengar
|-supereffective|p2a: Gengar
|-damage|p2a: Gengar|0 fnt
|faint|p2a: Gengar
|
|upkeep
|
|t:|1781486250
|switch|p2a: Azelf|Azelf|100/100
|turn|2
|
|t:|1781486258
|-terastallize|p2a: Azelf|Fairy
|move|p1a: Zamazenta|Crunch|p2a: Azelf
|-resisted|p2a: Azelf
|-damage|p2a: Azelf|76/100
|move|p2a: Azelf|Mystical Power|p1a: Zamazenta
|-supereffective|p1a: Zamazenta
|-damage|p1a: Zamazenta|22/100
|-boost|p2a: Azelf|spa|1
|
|upkeep
|turn|3
|
|t:|1781486276
|switch|p1a: Ting-Lu|Ting-Lu|100/100
|-ability|p1a: Ting-Lu|Vessel of Ruin
|move|p2a: Azelf|Mystical Power|p1a: Ting-Lu
|-immune|p1a: Ting-Lu
|
|upkeep
|turn|4
|
|t:|1781486279
|move|p2a: Azelf|Dazzling Gleam|p1a: Ting-Lu
|-supereffective|p1a: Ting-Lu
|-damage|p1a: Ting-Lu|38/100
|move|p1a: Ting-Lu|Earthquake|p2a: Azelf
|-immune|p2a: Azelf|[from] ability: Levitate
|
|-heal|p1a: Ting-Lu|45/100|[from] item: Leftovers
|upkeep
|turn|5
|
|t:|1781486286
|move|p2a: Azelf|Dazzling Gleam|p1a: Ting-Lu
|-supereffective|p1a: Ting-Lu
|-damage|p1a: Ting-Lu|0 fnt
|faint|p1a: Ting-Lu
|
|upkeep
|
|t:|1781486290
|switch|p1a: Zamazenta|Zamazenta|22/100
|turn|6
|
|t:|1781486292
|switch|p2a: Raging Bolt|Raging Bolt|100/100
|-enditem|p2a: Raging Bolt|Booster Energy
|-activate|p2a: Raging Bolt|ability: Protosynthesis|[fromitem]
|-start|p2a: Raging Bolt|protosynthesisspa
|move|p1a: Zamazenta|Heavy Slam|p2a: Raging Bolt
|-resisted|p2a: Raging Bolt
|-damage|p2a: Raging Bolt|94/100
|
|upkeep
|turn|7
|
|t:|1781486298
|switch|p1a: Hatterene|Hatterene, F|100/100
|move|p2a: Raging Bolt|Calm Mind|p2a: Raging Bolt
|-boost|p2a: Raging Bolt|spa|1
|-boost|p2a: Raging Bolt|spd|1
|
|upkeep
|turn|8
|
|t:|1781486303
|move|p2a: Raging Bolt|Thunderbolt|p1a: Hatterene
|-damage|p1a: Hatterene|0 fnt
|faint|p1a: Hatterene
|
|upkeep
|j| DA COME UP
|
|t:|1781486309
|switch|p1a: Volcanion|Volcanion|100/100
|turn|9
|
|t:|1781486311
|-terastallize|p1a: Volcanion|Ground
|move|p2a: Raging Bolt|Dragon Pulse|p1a: Volcanion
|-damage|p1a: Volcanion|0 fnt
|faint|p1a: Volcanion
|
|upkeep
|-message|MAMELUCO DE ELITE forfeited.
|
|win|lolcano46
|raw|MAMELUCO DE ELITE's rating: 1678 &rarr; <strong>1653</strong><br />(-25 for losing)
|raw|lolcano46's rating: 1598 &rarr; <strong>1623</strong><br />(+25 for winning)
|l|☆MAMELUCO DE ELITE
|player|p1|
|l|☆lolcano46
|player|p2|
