|j|☆Thederpa1
|j|☆clickdontthink
|t:|1781115064
|gametype|singles
|player|p1|Thederpa1|swimmer-gen4dp|1532
|player|p2|clickdontthink|bruno-gen2|1582
|gen|9
|tier|[Gen 9] OU
|rated|
|rule|HP Percentage Mod: HP is shown in percentages
|rule|Endless Battle Clause: Forcing endless battles is banned
|rule|Species Clause: Limit one of each Pokémon
|rule|OHKO Clause: OHKO moves are banned
|rule|Evasion Items Clause: Evasion items are banned
|rule|Evasion Moves Clause: Evasion moves are banned
|rule|Evasion Abilities Clause: Evasion abilities are banned
|rule|Sleep Moves Clause: Sleep-inducing moves are banned
|clearpoke
|poke|p1|Goodra-Hisui, F|
|poke|p1|Alomomola, M|
|poke|p1|Samurott-Hisui, M|
|poke|p1|Gholdengo|
|poke|p1|Cinderace, F|
|poke|p1|Great Tusk|
|poke|p2|Ogerpon-Wellspring, F|
|poke|p2|Kingambit, M|
|poke|p2|Kyurem|
|poke|p2|Blaziken, F|
|poke|p2|Iron Valiant|
|poke|p2|Deoxys-Speed|
|teampreview
|inactive|Battle timer is ON: inactive players will automatically lose when time's up. (requested by Thederpa1)
|
|t:|1781115092
|teamsize|p1|6
|teamsize|p2|6
|start
|switch|p1a: Samurott|Samurott-Hisui, M|100/100
|switch|p2a: Deoxys|Deoxys-Speed|100/100
|-ability|p2a: Deoxys|Pressure
|turn|1
|
|t:|1781115098
|move|p2a: Deoxys|Reflect|p2a: Deoxys
|-sidestart|p2: clickdontthink|Reflect
|move|p1a: Samurott|Ceaseless Edge|p2a: Deoxys
|-supereffective|p2a: Deoxys
|-damage|p2a: Deoxys|31/100
|-sidestart|p2: clickdontthink|Spikes
|
|upkeep
|turn|2
|
|t:|1781115111
|switch|p1a: Gholdengo|Gholdengo|100/100
|move|p2a: Deoxys|Stealth Rock|p1a: Gholdengo
|-sidestart|p1: Thederpa1|move: Stealth Rock
|
|upkeep
|turn|3
|
|t:|1781115125
|switch|p1a: Great Tusk|Great Tusk|100/100
|move|p2a: Deoxys|Light Screen|p2a: Deoxys
|-sidestart|p2: clickdontthink|move: Light Screen
|
|upkeep
|turn|4
|
|t:|1781115136
|switch|p2a: Ogerpon|Ogerpon-Wellspring, F|100/100
|-damage|p2a: Ogerpon|88/100|[from] Spikes
|-terastallize|p1a: Great Tusk|Ground
|move|p1a: Great Tusk|Rapid Spin|p2a: Ogerpon
|-damage|p2a: Ogerpon|79/100
|-boost|p1a: Great Tusk|spe|1
|-sideend|p1: Thederpa1|Stealth Rock|[from] move: Rapid Spin|[of] p1a: Great Tusk
|
|upkeep
|turn|5
|
|t:|1781115156
|-end|p1a: Great Tusk|Protosynthesis|[silent]
|switch|p1a: Alomomola|Alomomola, M|100/100
|move|p2a: Ogerpon|Swords Dance|p2a: Ogerpon
|-boost|p2a: Ogerpon|atk|2
|
|upkeep
|turn|6
|
|t:|1781115170
|move|p1a: Alomomola|Protect|p1a: Alomomola
|-singleturn|p1a: Alomomola|Protect
|move|p2a: Ogerpon|Horn Leech|p1a: Alomomola
|-activate|p1a: Alomomola|move: Protect
|
|upkeep
|turn|7
|
|t:|1781115178
|switch|p1a: Goodra|Goodra-Hisui, F|100/100
|move|p2a: Ogerpon|Trailblaze|p1a: Goodra
|-resisted|p1a: Goodra
|-damage|p1a: Goodra|85/100
|-boost|p2a: Ogerpon|spe|1
|-ability|p1a: Goodra|Gooey
|-unboost|p2a: Ogerpon|spe|1
|
|-heal|p1a: Goodra|91/100|[from] item: Leftovers
|upkeep
|turn|8
|
|t:|1781115189
|move|p2a: Ogerpon|Ivy Cudgel|p1a: Goodra|[anim] Ivy Cudgel Water
|-resisted|p1a: Goodra
|-damage|p1a: Goodra|26/100
|move|p1a: Goodra|Draco Meteor|p2a: Ogerpon
|-damage|p2a: Ogerpon|37/100
|-unboost|p1a: Goodra|spa|2
|
|-heal|p1a: Goodra|32/100|[from] item: Leftovers
|-sideend|p2: clickdontthink|Reflect
|upkeep
|turn|9
|
|t:|1781115198
|switch|p1a: Alomomola|Alomomola, M|100/100
|move|p2a: Ogerpon|Ivy Cudgel|p1a: Alomomola|[anim] Ivy Cudgel Water
|-resisted|p1a: Alomomola
|-crit|p1a: Alomomola
|-damage|p1a: Alomomola|45/100
|
|upkeep
|turn|10
|
|t:|1781115204
|move|p1a: Alomomola|Protect|p1a: Alomomola
|-singleturn|p1a: Alomomola|Protect
|move|p2a: Ogerpon|Swords Dance|p2a: Ogerpon
|-boost|p2a: Ogerpon|atk|2
|
|-sideend|p2: clickdontthink|move: Light Screen
|upkeep
|turn|11
|
|t:|1781115210
|switch|p1a: Goodra|Goodra-Hisui, F|32/100
|move|p2a: Ogerpon|Ivy Cudgel|p1a: Goodra|[anim] Ivy Cudgel Water
|-resisted|p1a: Goodra
|-damage|p1a: Goodra|0 fnt
|faint|p1a: Goodra
|
|upkeep
|
|t:|1781115217
|switch|p1a: Cinderace|Cinderace, F|100/100
|turn|12
|
|t:|1781115229
|move|p1a: Cinderace|U-turn|p2a: Ogerpon
|-start|p1a: Cinderace|typechange|Bug|[from] ability: Libero
|-supereffective|p2a: Ogerpon
|-damage|p2a: Ogerpon|0 fnt
|faint|p2a: Ogerpon
|
|t:|1781115237
|switch|p1a: Gholdengo|Gholdengo|100/100|[from] U-turn
|
|upkeep
|
|t:|1781115245
|switch|p2a: Blaziken|Blaziken, F|100/100
|-item|p2a: Blaziken|Air Balloon
|turn|13
|
|t:|1781115251
|move|p1a: Gholdengo|Shadow Ball|p2a: Blaziken
|-damage|p2a: Blaziken|35/100
|-enditem|p2a: Blaziken|Air Balloon
|move|p2a: Blaziken|Swords Dance|p2a: Blaziken
|-boost|p2a: Blaziken|atk|2
|
|-ability|p2a: Blaziken|Speed Boost|boost
|-boost|p2a: Blaziken|spe|1
|upkeep
|turn|14
|
|t:|1781115258
|switch|p1a: Alomomola|Alomomola, M|78/100
|move|p2a: Blaziken|Knock Off|p1a: Alomomola
|-damage|p1a: Alomomola|38/100
|-damage|p2a: Blaziken|19/100|[from] item: Rocky Helmet|[of] p1a: Alomomola
|-enditem|p1a: Alomomola|Rocky Helmet|[from] move: Knock Off|[of] p2a: Blaziken
|
|-ability|p2a: Blaziken|Speed Boost|boost
|-boost|p2a: Blaziken|spe|1
|upkeep
|turn|15
|
|t:|1781115272
|move|p2a: Blaziken|Close Combat|p1a: Alomomola
|-damage|p1a: Alomomola|0 fnt
|-unboost|p2a: Blaziken|def|1
|-unboost|p2a: Blaziken|spd|1
|faint|p1a: Alomomola
|
|-ability|p2a: Blaziken|Speed Boost|boost
|-boost|p2a: Blaziken|spe|1
|upkeep
|
|t:|1781115274
|switch|p1a: Great Tusk|Great Tusk, tera:Ground|100/100
|turn|16
|
|t:|1781115280
|move|p2a: Blaziken|Flare Blitz|p1a: Great Tusk
|-damage|p1a: Great Tusk|11/100
|-damage|p2a: Blaziken|0 fnt|[from] Recoil
|faint|p2a: Blaziken
|move|p1a: Great Tusk|Rapid Spin|p2: Blaziken|[notarget]
|-fail|p1a: Great Tusk
|
|upkeep
|
|t:|1781115303
|switch|p2a: Iron Valiant|Iron Valiant|100/100
|-damage|p2a: Iron Valiant|88/100|[from] Spikes
|-enditem|p2a: Iron Valiant|Booster Energy
|-activate|p2a: Iron Valiant|ability: Quark Drive|[fromitem]
|-start|p2a: Iron Valiant|quarkdrivespe
|turn|17
|
|t:|1781115323
|move|p2a: Iron Valiant|Moonblast|p1a: Great Tusk
|-damage|p1a: Great Tusk|0 fnt
|faint|p1a: Great Tusk
|-end|p1a: Great Tusk|Protosynthesis|[silent]
|
|upkeep
|
|t:|1781115326
|switch|p1a: Gholdengo|Gholdengo|100/100
|turn|18
|
|t:|1781115339
|move|p2a: Iron Valiant|Shadow Ball|p1a: Gholdengo
|-supereffective|p1a: Gholdengo
|-damage|p1a: Gholdengo|36/100
|move|p1a: Gholdengo|Make It Rain|p2a: Iron Valiant
|-supereffective|p2a: Iron Valiant
|-damage|p2a: Iron Valiant|0 fnt
|-unboost|p1a: Gholdengo|spa|1
|faint|p2a: Iron Valiant
|-end|p2a: Iron Valiant|Quark Drive|[silent]
|
|upkeep
|
|t:|1781115348
|switch|p2a: Deoxys|Deoxys-Speed|31/100
|-damage|p2a: Deoxys|19/100|[from] Spikes
|-ability|p2a: Deoxys|Pressure
|turn|19
|
|t:|1781115357
|switch|p1a: Samurott|Samurott-Hisui, M|100/100
|move|p2a: Deoxys|Reflect|p2a: Deoxys
|-sidestart|p2: clickdontthink|Reflect
|
|upkeep
|turn|20
|
|t:|1781115371
|move|p2a: Deoxys|Stealth Rock|p1a: Samurott
|-sidestart|p1: Thederpa1|move: Stealth Rock
|move|p1a: Samurott|Ceaseless Edge|p2a: Deoxys
|-supereffective|p2a: Deoxys
|-damage|p2a: Deoxys|0 fnt
|-sidestart|p2: clickdontthink|Spikes
|faint|p2a: Deoxys
|
|upkeep
|
|t:|1781115374
|switch|p2a: Kyurem|Kyurem|100/100
|-damage|p2a: Kyurem|84/100|[from] Spikes
|-ability|p2a: Kyurem|Pressure
|turn|21
|
|t:|1781115387
|move|p2a: Kyurem|Dragon Dance|p2a: Kyurem
|-boost|p2a: Kyurem|atk|1
|-boost|p2a: Kyurem|spe|1
|move|p1a: Samurott|Ceaseless Edge|p2a: Kyurem
|-crit|p2a: Kyurem
|-damage|p2a: Kyurem|0 fnt
|-sidestart|p2: clickdontthink|Spikes
|faint|p2a: Kyurem
|
|upkeep
|
|t:|1781115394
|switch|p2a: Kingambit|Kingambit, M|100/100
|-damage|p2a: Kingambit|76/100|[from] Spikes
|-activate|p2a: Kingambit|ability: Supreme Overlord
|-start|p2a: Kingambit|fallen5|[silent]
|turn|22
|
|t:|1781115398
|move|p1a: Samurott|Ceaseless Edge|p2a: Kingambit
|-resisted|p2a: Kingambit
|-damage|p2a: Kingambit|62/100
|move|p2a: Kingambit|Swords Dance|p2a: Kingambit
|-boost|p2a: Kingambit|atk|2
|
|-heal|p2a: Kingambit|68/100|[from] item: Leftovers
|upkeep
|turn|23
|
|t:|1781115406
|move|p1a: Samurott|Ceaseless Edge|p2a: Kingambit
|-resisted|p2a: Kingambit
|-damage|p2a: Kingambit|54/100
|move|p2a: Kingambit|Swords Dance|p2a: Kingambit
|-boost|p2a: Kingambit|atk|2
|
|-heal|p2a: Kingambit|60/100|[from] item: Leftovers
|upkeep
|turn|24
|
|t:|1781115419
|move|p2a: Kingambit|Sucker Punch|p1a: Samurott
|-resisted|p1a: Samurott
|-damage|p1a: Samurott|0 fnt
|faint|p1a: Samurott
|
|-heal|p2a: Kingambit|66/100|[from] item: Leftovers
|upkeep
|
|t:|1781115422
|switch|p1a: Gholdengo|Gholdengo|36/100
|-damage|p1a: Gholdengo|30/100|[from] Stealth Rock
|turn|25
|
|t:|1781115436
|move|p1a: Gholdengo|Trick|p2a: Kingambit
|-activate|p1a: Gholdengo|move: Trick|[of] p2a: Kingambit
|-item|p2a: Kingambit|Choice Scarf|[from] move: Trick
|-item|p1a: Gholdengo|Leftovers|[from] move: Trick
|move|p2a: Kingambit|Kowtow Cleave|p1a: Gholdengo
|-supereffective|p1a: Gholdengo
|-damage|p1a: Gholdengo|0 fnt
|faint|p1a: Gholdengo
|
|upkeep
|
|t:|1781115442
|switch|p1a: Cinderace|Cinderace, F|100/100
|turn|26
|
|t:|1781115445
|-terastallize|p2a: Kingambit|Ghost
|move|p1a: Cinderace|Pyro Ball|p2a: Kingambit
|-crit|p2a: Kingambit
|-damage|p2a: Kingambit|0 fnt
|faint|p2a: Kingambit
|-end|p2a: Kingambit|fallen5|[silent]
|
|win|Thederpa1
|raw|Thederpa1's rating: 1532 &rarr; <strong>1555</strong><br />(+23 for winning)
|raw|clickdontthink's rating: 1582 &rarr; <strong>1559</strong><br />(-23 for losing)
|c|☆clickdontthink|damn
|l|☆Thederpa1
|player|p1|
