|j|☆el choro 37
|j|☆KurisuChestnutOU
|t:|1781138513
|gametype|singles
|player|p1|el choro 37|cyrus|1513
|player|p2|KurisuChestnutOU|may-contest|1564
|gen|9
|tier|[Gen 9] OU
|rated|
|rule|HP Percentage Mod: HP is shown in percentages
|rule|Endless Battle Clause: Forcing endless battles is banned
|rule|Species Clause: Limit one of each Pokémon
|rule|OHKO Clause: OHKO moves are banned
|rule|Evasion Items Clause: Evasion items are banned
|rule|Evasion Moves Clause: Evasion moves are banned
|rule|Evasion Abilities Clause: Evasion abilities are banned
|rule|Sleep Moves Clause: Sleep-inducing moves are banned
|clearpoke
|poke|p1|Glimmora, M|
|poke|p1|Dragonite, F|
|poke|p1|Kingambit, F|
|poke|p1|Rillaboom, F|
|poke|p1|Gholdengo|
|poke|p1|Iron Valiant|
|poke|p2|Gliscor, F|
|poke|p2|Dondozo, M|
|poke|p2|Slowking-Galar, F|
|poke|p2|Gholdengo|
|poke|p2|Great Tusk|
|poke|p2|Kingambit, F|
|teampreview
|inactive|Battle timer is ON: inactive players will automatically lose when time's up. (requested by KurisuChestnutOU)
|
|t:|1781138519
|teamsize|p1|6
|teamsize|p2|6
|start
|switch|p1a: Buscaminas|Glimmora, M|100/100
|switch|p2a: Great Tusk|Great Tusk|100/100
|turn|1
|
|t:|1781138529
|move|p2a: Great Tusk|Headlong Rush|p1a: Buscaminas
|-supereffective|p1a: Buscaminas
|-enditem|p1a: Buscaminas|Focus Sash
|-damage|p1a: Buscaminas|1/100
|-unboost|p2a: Great Tusk|def|1
|-unboost|p2a: Great Tusk|spd|1
|-activate|p1a: Buscaminas|ability: Toxic Debris
|-sidestart|p2: KurisuChestnutOU|move: Toxic Spikes
|move|p1a: Buscaminas|Stealth Rock|p2a: Great Tusk
|-sidestart|p2: KurisuChestnutOU|move: Stealth Rock
|
|upkeep
|turn|2
|
|t:|1781138547
|switch|p1a: Premio Oscar|Gholdengo|100/100
|-item|p1a: Premio Oscar|Air Balloon
|move|p2a: Great Tusk|Knock Off|p1a: Premio Oscar
|-supereffective|p1a: Premio Oscar
|-damage|p1a: Premio Oscar|19/100
|-enditem|p1a: Premio Oscar|Air Balloon
|
|upkeep
|turn|3
|
|t:|1781138552
|move|p2a: Great Tusk|Knock Off|p1a: Premio Oscar
|-supereffective|p1a: Premio Oscar
|-damage|p1a: Premio Oscar|0 fnt
|faint|p1a: Premio Oscar
|
|upkeep
|
|t:|1781138562
|switch|p1a: Césped Sintético|Rillaboom, F|100/100
|-fieldstart|move: Grassy Terrain|[from] ability: Grassy Surge|[of] p1a: Césped Sintético
|turn|4
|
|t:|1781138569
|-terastallize|p2a: Great Tusk|Ice
|move|p2a: Great Tusk|Ice Spinner|p1a: Césped Sintético
|-supereffective|p1a: Césped Sintético
|-damage|p1a: Césped Sintético|7/100
|-fieldend|move: Grassy Terrain
|move|p1a: Césped Sintético|U-turn|p2a: Great Tusk
|-damage|p2a: Great Tusk|59/100
|
|t:|1781138582
|switch|p1a: Mechamaru|Iron Valiant|100/100|[from] U-turn
|-enditem|p1a: Mechamaru|Booster Energy
|-activate|p1a: Mechamaru|ability: Quark Drive|[fromitem]
|-start|p1a: Mechamaru|quarkdrivespe
|
|upkeep
|turn|5
|
|t:|1781138588
|-end|p2a: Great Tusk|Protosynthesis|[silent]
|switch|p2a: Slowking|Slowking-Galar, F|100/100
|-sideend|p2: KurisuChestnutOU|move: Toxic Spikes|[of] p2a: Slowking
|-damage|p2a: Slowking|88/100|[from] Stealth Rock
|move|p1a: Mechamaru|Knock Off|p2a: Slowking
|-supereffective|p2a: Slowking
|-damage|p2a: Slowking|16/100
|-enditem|p2a: Slowking|Assault Vest|[from] move: Knock Off|[of] p1a: Mechamaru
|
|upkeep
|turn|6
|
|t:|1781138595
|switch|p2a: Kingambit|Kingambit, F|100/100
|-damage|p2a: Kingambit|94/100|[from] Stealth Rock
|move|p1a: Mechamaru|Close Combat|p2a: Kingambit
|-supereffective|p2a: Kingambit
|-damage|p2a: Kingambit|0 fnt
|-unboost|p1a: Mechamaru|def|1
|-unboost|p1a: Mechamaru|spd|1
|faint|p2a: Kingambit
|-end|p2a: Kingambit|fallenundefined|[silent]
|
|upkeep
|
|t:|1781138598
|switch|p2a: Gliscor|Gliscor, F|100/100
|-damage|p2a: Gliscor|88/100|[from] Stealth Rock
|turn|7
|
|t:|1781138604
|move|p1a: Mechamaru|Ice Punch|p2a: Gliscor
|-supereffective|p2a: Gliscor
|-damage|p2a: Gliscor|20/100
|move|p2a: Gliscor|Earthquake|p1a: Mechamaru
|-damage|p1a: Mechamaru|41/100
|
|-status|p2a: Gliscor|tox|[from] item: Toxic Orb
|upkeep
|turn|8
|
|t:|1781138612
|move|p2a: Gliscor|Protect|p2a: Gliscor
|-singleturn|p2a: Gliscor|Protect
|move|p1a: Mechamaru|Knock Off|p2a: Gliscor
|-activate|p2a: Gliscor|move: Protect
|
|-heal|p2a: Gliscor|32/100 tox|[from] ability: Poison Heal
|upkeep
|turn|9
|
|t:|1781138618
|switch|p2a: Dondozo|Dondozo, M|100/100
|-damage|p2a: Dondozo|88/100|[from] Stealth Rock
|move|p1a: Mechamaru|Knock Off|p2a: Dondozo
|-damage|p2a: Dondozo|73/100
|-enditem|p2a: Dondozo|Leftovers|[from] move: Knock Off|[of] p1a: Mechamaru
|
|upkeep
|turn|10
|
|t:|1781138626
|move|p1a: Mechamaru|Close Combat|p2a: Dondozo
|-damage|p2a: Dondozo|45/100
|-unboost|p1a: Mechamaru|def|1
|-unboost|p1a: Mechamaru|spd|1
|move|p2a: Dondozo|Wave Crash|p1a: Mechamaru
|-damage|p1a: Mechamaru|0 fnt
|faint|p1a: Mechamaru
|-end|p1a: Mechamaru|Quark Drive|[silent]
|-damage|p2a: Dondozo|37/100|[from] Recoil
|
|upkeep
|
|t:|1781138637
|switch|p1a: Césped Sintético|Rillaboom, F|7/100
|-fieldstart|move: Grassy Terrain|[from] ability: Grassy Surge|[of] p1a: Césped Sintético
|turn|11
|
|t:|1781138644
|switch|p2a: Slowking|Slowking-Galar, F|50/100
|-damage|p2a: Slowking|37/100|[from] Stealth Rock
|move|p1a: Césped Sintético|Grassy Glide|p2a: Slowking
|-resisted|p2a: Slowking
|-damage|p2a: Slowking|7/100
|
|-heal|p1a: Césped Sintético|13/100|[from] Grassy Terrain
|-heal|p2a: Slowking|13/100|[from] Grassy Terrain
|upkeep
|turn|12
|
|t:|1781138648
|move|p1a: Césped Sintético|Grassy Glide|p2a: Slowking
|-resisted|p2a: Slowking
|-damage|p2a: Slowking|0 fnt
|faint|p2a: Slowking
|
|-heal|p1a: Césped Sintético|20/100|[from] Grassy Terrain
|upkeep
|
|t:|1781138652
|switch|p2a: Gholdengo|Gholdengo|100/100
|-damage|p2a: Gholdengo|94/100|[from] Stealth Rock
|-item|p2a: Gholdengo|Air Balloon
|turn|13
|
|t:|1781138657
|switch|p1a: Buscaminas|Glimmora, M|1/100
|move|p2a: Gholdengo|Nasty Plot|p2a: Gholdengo
|-boost|p2a: Gholdengo|spa|2
|
|-heal|p1a: Buscaminas|7/100|[from] Grassy Terrain
|upkeep
|turn|14
|
|t:|1781138664
|move|p1a: Buscaminas|Power Gem|p2a: Gholdengo
|-resisted|p2a: Gholdengo
|-damage|p2a: Gholdengo|72/100
|-enditem|p2a: Gholdengo|Air Balloon
|move|p2a: Gholdengo|Shadow Ball|p1a: Buscaminas
|-damage|p1a: Buscaminas|0 fnt
|faint|p1a: Buscaminas
|
|-heal|p2a: Gholdengo|78/100|[from] Grassy Terrain
|upkeep
|
|t:|1781138673
|switch|p1a: Césped Sintético|Rillaboom, F|20/100
|turn|15
|
|t:|1781138677
|move|p1a: Césped Sintético|Knock Off|p2a: Gholdengo
|-supereffective|p2a: Gholdengo
|-damage|p2a: Gholdengo|1/100
|move|p2a: Gholdengo|Shadow Ball|p1a: Césped Sintético
|-damage|p1a: Césped Sintético|0 fnt
|faint|p1a: Césped Sintético
|
|-heal|p2a: Gholdengo|7/100|[from] Grassy Terrain
|-fieldend|move: Grassy Terrain
|upkeep
|
|t:|1781138684
|switch|p1a: Magnus Carlsen|Kingambit, F|100/100
|-activate|p1a: Magnus Carlsen|ability: Supreme Overlord
|-start|p1a: Magnus Carlsen|fallen4|[silent]
|turn|16
|
|t:|1781138690
|move|p2a: Gholdengo|Make It Rain|p1a: Magnus Carlsen
|-resisted|p1a: Magnus Carlsen
|-damage|p1a: Magnus Carlsen|34/100
|-unboost|p2a: Gholdengo|spa|1
|move|p1a: Magnus Carlsen|Kowtow Cleave|p2a: Gholdengo
|-supereffective|p2a: Gholdengo
|-damage|p2a: Gholdengo|0 fnt
|faint|p2a: Gholdengo
|
|upkeep
|
|t:|1781138696
|switch|p2a: Great Tusk|Great Tusk, tera:Ice|59/100
|turn|17
|
|t:|1781138699
|move|p1a: Magnus Carlsen|Sucker Punch|p2a: Great Tusk
|-damage|p2a: Great Tusk|8/100
|move|p2a: Great Tusk|Headlong Rush|p1a: Magnus Carlsen
|-supereffective|p1a: Magnus Carlsen
|-damage|p1a: Magnus Carlsen|0 fnt
|-unboost|p2a: Great Tusk|def|1
|-unboost|p2a: Great Tusk|spd|1
|faint|p1a: Magnus Carlsen
|-end|p1a: Magnus Carlsen|fallen4|[silent]
|
|upkeep
|
|t:|1781138702
|switch|p1a: Mirtha Legrand|Dragonite, F|100/100
|turn|18
|
|t:|1781138711
|-terastallize|p1a: Mirtha Legrand|Normal
|move|p2a: Great Tusk|Ice Spinner|p1a: Mirtha Legrand
|-damage|p1a: Mirtha Legrand|76/100
|move|p1a: Mirtha Legrand|Dragon Dance|p1a: Mirtha Legrand
|-boost|p1a: Mirtha Legrand|atk|1
|-boost|p1a: Mirtha Legrand|spe|1
|
|upkeep
|turn|19
|
|t:|1781138720
|-end|p2a: Great Tusk|Protosynthesis|[silent]
|switch|p2a: Dondozo|Dondozo, M|37/100
|-damage|p2a: Dondozo|24/100|[from] Stealth Rock
|move|p1a: Mirtha Legrand|Extreme Speed|p2a: Dondozo
|-damage|p2a: Dondozo|3/100
|
|upkeep
|turn|20
|
|t:|1781138728
|move|p1a: Mirtha Legrand|Extreme Speed|p2a: Dondozo
|-damage|p2a: Dondozo|0 fnt
|faint|p2a: Dondozo
|
|upkeep
|
|t:|1781138732
|switch|p2a: Gliscor|Gliscor, F|32/100 tox
|-damage|p2a: Gliscor|20/100 tox|[from] Stealth Rock
|turn|21
|
|t:|1781138736
|move|p2a: Gliscor|Protect|p2a: Gliscor
|-singleturn|p2a: Gliscor|Protect
|move|p1a: Mirtha Legrand|Ice Spinner|p2a: Gliscor
|-activate|p2a: Gliscor|move: Protect
|
|-heal|p2a: Gliscor|32/100 tox|[from] ability: Poison Heal
|upkeep
|turn|22
|
|t:|1781138740
|switch|p2a: Great Tusk|Great Tusk, tera:Ice|8/100
|move|p1a: Mirtha Legrand|Extreme Speed|p2a: Great Tusk
|-damage|p2a: Great Tusk|0 fnt
|faint|p2a: Great Tusk
|-end|p2a: Great Tusk|Protosynthesis|[silent]
|
|upkeep
|
|t:|1781138745
|switch|p2a: Gliscor|Gliscor, F|32/100 tox
|-damage|p2a: Gliscor|20/100 tox|[from] Stealth Rock
|turn|23
|
|t:|1781138750
|move|p2a: Gliscor|Protect|p2a: Gliscor
|-singleturn|p2a: Gliscor|Protect
|move|p1a: Mirtha Legrand|Ice Spinner|p2a: Gliscor
|-activate|p2a: Gliscor|move: Protect
|
|-heal|p2a: Gliscor|32/100 tox|[from] ability: Poison Heal
|upkeep
|turn|24
|
|t:|1781138755
|move|p2a: Gliscor|Protect||[still]
|-fail|p2a: Gliscor
|move|p1a: Mirtha Legrand|Ice Spinner|p2a: Gliscor
|-supereffective|p2a: Gliscor
|-damage|p2a: Gliscor|0 fnt
|faint|p2a: Gliscor
|
|win|el choro 37
|raw|el choro 37's rating: 1513 &rarr; <strong>1534</strong><br />(+21 for winning)
|raw|KurisuChestnutOU's rating: 1530 &rarr; <strong>1509</strong><br />(-21 for losing)
