|j|☆LowEL0God
|j|☆StarDio
|t:|1781513986
|gametype|singles
|player|p1|LowEL0God|265|1702
|player|p2|StarDio|102|1684
|gen|9
|tier|[Gen 9] OU
|rated|
|rule|HP Percentage Mod: HP is shown in percentages
|rule|Endless Battle Clause: Forcing endless battles is banned
|rule|Species Clause: Limit one of each Pokémon
|rule|OHKO Clause: OHKO moves are banned
|rule|Evasion Items Clause: Evasion items are banned
|rule|Evasion Moves Clause: Evasion moves are banned
|rule|Evasion Abilities Clause: Evasion abilities are banned
|rule|Sleep Moves Clause: Sleep-inducing moves are banned
|clearpoke
|poke|p1|Pelipper, F|
|poke|p1|Raging Bolt|
|poke|p1|Overqwil, F|
|poke|p1|Barraskewda, M|
|poke|p1|Iron Treads|
|poke|p1|Kingambit, F|
|poke|p2|Hoopa-Unbound|
|poke|p2|Pecharunt|
|poke|p2|Landorus-Therian, M|
|poke|p2|Cinderace, M|
|poke|p2|Alomomola, M|
|poke|p2|Iron Valiant|
|teampreview
|inactive|Battle timer is ON: inactive players will automatically lose when time's up. (requested by StarDio)
|c|☆LowEL0God|hf
|inactive|LowEL0God also wants the timer to be on.
|
|t:|1781513993
|teamsize|p1|6
|teamsize|p2|6
|start
|switch|p1a: Kingambit|Kingambit, F|100/100
|switch|p2a: Calamity|Iron Valiant, shiny|100/100
|turn|1
|
|t:|1781513995
|move|p2a: Calamity|Vacuum Wave|p1a: Kingambit
|-supereffective|p1a: Kingambit
|-damage|p1a: Kingambit|0 fnt
|faint|p1a: Kingambit
|-end|p1a: Kingambit|fallenundefined|[silent]
|
|upkeep
|
|t:|1781513996
|switch|p1a: Pelipper|Pelipper, F|100/100
|-weather|RainDance|[from] ability: Drizzle|[of] p1a: Pelipper
|turn|2
|
|t:|1781513998
|-end|p2a: Calamity|Quark Drive|[silent]
|switch|p2a: Pisces|Alomomola, M, shiny|100/100
|move|p1a: Pelipper|Weather Ball|p2a: Pisces
|-resisted|p2a: Pisces
|-damage|p2a: Pisces|88/100
|
|-weather|RainDance|[upkeep]
|upkeep
|turn|3
|
|t:|1781514001
|move|p2a: Pisces|Body Slam|p1a: Pelipper
|-damage|p1a: Pelipper|89/100
|-status|p1a: Pelipper|par
|move|p1a: Pelipper|Hurricane|p2a: Pisces
|-damage|p2a: Pisces|68/100
|
|-weather|RainDance|[upkeep]
|upkeep
|turn|4
|
|t:|1781514007
|move|p2a: Pisces|Flip Turn|p1a: Pelipper
|-resisted|p1a: Pelipper
|-damage|p1a: Pelipper|80/100 par
|
|t:|1781514008
|switch|p2a: Overseer|Pecharunt|100/100|[from] Flip Turn
|move|p1a: Pelipper|Hurricane|p2a: Overseer
|-damage|p2a: Overseer|63/100
|
|-weather|RainDance|[upkeep]
|upkeep
|turn|5
|
|t:|1781514010
|move|p2a: Overseer|Parting Shot|p1a: Pelipper
|-unboost|p1a: Pelipper|atk|1
|-unboost|p1a: Pelipper|spa|1
|
|t:|1781514011
|switch|p2a: Pisces|Alomomola, M, shiny|100/100|[from] Parting Shot
|move|p1a: Pelipper|Weather Ball|p2a: Pisces
|-resisted|p2a: Pisces
|-damage|p2a: Pisces|91/100
|
|-weather|RainDance|[upkeep]
|upkeep
|turn|6
|
|t:|1781514013
|switch|p1a: Barraskewda|Barraskewda, M|100/100
|move|p2a: Pisces|Body Slam|p1a: Barraskewda
|-damage|p1a: Barraskewda|68/100
|
|-weather|RainDance|[upkeep]
|upkeep
|turn|7
|
|t:|1781514016
|move|p1a: Barraskewda|Liquidation|p2a: Pisces
|-resisted|p2a: Pisces
|-damage|p2a: Pisces|53/100
|-unboost|p2a: Pisces|def|1
|move|p2a: Pisces|Flip Turn|p1a: Barraskewda
|-resisted|p1a: Barraskewda
|-damage|p1a: Barraskewda|43/100
|
|t:|1781514019
|switch|p2a: Enten|Landorus-Therian, M, shiny|100/100|[from] Flip Turn
|-ability|p2a: Enten|Intimidate|boost
|-unboost|p1a: Barraskewda|atk|1
|
|-weather|RainDance|[upkeep]
|upkeep
|turn|8
|
|t:|1781514021
|switch|p2a: Pisces|Alomomola, M, shiny|86/100
|move|p1a: Barraskewda|Liquidation|p2a: Pisces
|-resisted|p2a: Pisces
|-damage|p2a: Pisces|60/100
|-unboost|p2a: Pisces|def|1
|
|-weather|RainDance|[upkeep]
|upkeep
|turn|9
|
|t:|1781514025
|move|p1a: Barraskewda|Liquidation|p2a: Pisces
|-resisted|p2a: Pisces
|-damage|p2a: Pisces|23/100
|move|p2a: Pisces|Flip Turn|p1a: Barraskewda
|-resisted|p1a: Barraskewda
|-damage|p1a: Barraskewda|19/100
|
|t:|1781514029
|switch|p2a: Enten|Landorus-Therian, M, shiny|100/100|[from] Flip Turn
|-ability|p2a: Enten|Intimidate|boost
|-unboost|p1a: Barraskewda|atk|1
|
|-weather|none
|upkeep
|turn|10
|
|t:|1781514031
|move|p2a: Enten|Stone Edge|p1a: Barraskewda|[miss]
|-miss|p2a: Enten|p1a: Barraskewda
|move|p1a: Barraskewda|Liquidation|p2a: Enten
|-supereffective|p2a: Enten
|-damage|p2a: Enten|25/100
|
|upkeep
|turn|11
|
|t:|1781514033
|move|p2a: Enten|Stone Edge|p1a: Barraskewda
|-crit|p1a: Barraskewda
|-damage|p1a: Barraskewda|0 fnt
|faint|p1a: Barraskewda
|
|upkeep
|
|t:|1781514034
|switch|p1a: Overqwil|Overqwil, F|100/100
|turn|12
|
|t:|1781514043
|switch|p2a: Liberacy|Cinderace, M, shiny|100/100
|move|p1a: Overqwil|Gunk Shot|p2a: Liberacy
|-damage|p2a: Liberacy|0 fnt
|faint|p2a: Liberacy
|-damage|p1a: Overqwil|91/100|[from] item: Life Orb
|
|upkeep
|
|t:|1781514047
|switch|p2a: Enten|Landorus-Therian, M, shiny|25/100
|-ability|p2a: Enten|Intimidate|boost
|-unboost|p1a: Overqwil|atk|1
|turn|13
|
|t:|1781514048
|switch|p1a: Pelipper|Pelipper, F|80/100 par
|-weather|RainDance|[from] ability: Drizzle|[of] p1a: Pelipper
|move|p2a: Enten|Stone Edge|p1a: Pelipper
|-supereffective|p1a: Pelipper
|-damage|p1a: Pelipper|28/100 par
|
|-weather|RainDance|[upkeep]
|upkeep
|turn|14
|
|t:|1781514051
|switch|p2a: Pisces|Alomomola, M, shiny|56/100
|move|p1a: Pelipper|Hurricane|p2a: Pisces
|-damage|p2a: Pisces|38/100
|
|-weather|RainDance|[upkeep]
|upkeep
|turn|15
|
|t:|1781514055
|move|p2a: Pisces|Flip Turn|p1a: Pelipper
|-resisted|p1a: Pelipper
|-damage|p1a: Pelipper|18/100 par
|
|t:|1781514056
|switch|p2a: Overseer|Pecharunt|63/100|[from] Flip Turn
|move|p1a: Pelipper|Hurricane|p2a: Overseer
|-damage|p2a: Overseer|24/100
|
|-weather|RainDance|[upkeep]
|upkeep
|turn|16
|j| Valavender
|
|t:|1781514057
|move|p2a: Overseer|Recover|p2a: Overseer
|-heal|p2a: Overseer|74/100
|move|p1a: Pelipper|Roost|p1a: Pelipper
|-heal|p1a: Pelipper|68/100 par
|-singleturn|p1a: Pelipper|move: Roost
|
|-weather|RainDance|[upkeep]
|upkeep
|turn|17
|
|t:|1781514059
|switch|p1a: Overqwil|Overqwil, F|91/100
|move|p2a: Overseer|Parting Shot|p1a: Overqwil
|-unboost|p1a: Overqwil|atk|1
|-unboost|p1a: Overqwil|spa|1
|
|t:|1781514062
|switch|p2a: Enten|Landorus-Therian, M, shiny|25/100|[from] Parting Shot
|-ability|p2a: Enten|Intimidate|boost
|-unboost|p1a: Overqwil|atk|1
|
|-weather|RainDance|[upkeep]
|upkeep
|turn|18
|
|t:|1781514068
|switch|p1a: Pelipper|Pelipper, F|68/100 par
|switch|p2a: Pisces|Alomomola, M, shiny|71/100
|
|-weather|RainDance|[upkeep]
|upkeep
|turn|19
|
|t:|1781514072
|move|p2a: Pisces|Flip Turn|p1a: Pelipper
|-resisted|p1a: Pelipper
|-damage|p1a: Pelipper|58/100 par
|
|t:|1781514074
|switch|p2a: Overseer|Pecharunt|74/100|[from] Flip Turn
|move|p1a: Pelipper|Hurricane|p2a: Overseer
|-damage|p2a: Overseer|35/100
|
|-weather|RainDance|[upkeep]
|upkeep
|turn|20
|j| InVincii
|
|t:|1781514076
|move|p2a: Overseer|Recover|p2a: Overseer
|-heal|p2a: Overseer|85/100
|move|p1a: Pelipper|Weather Ball|p2a: Overseer
|-damage|p2a: Overseer|35/100
|
|-weather|none
|upkeep
|turn|21
|
|t:|1781514077
|switch|p1a: Overqwil|Overqwil, F|91/100
|move|p2a: Overseer|Recover|p2a: Overseer
|-heal|p2a: Overseer|85/100
|
|upkeep
|turn|22
|
|t:|1781514079
|move|p1a: Overqwil|Crunch|p2a: Overseer
|-supereffective|p2a: Overseer
|-damage|p2a: Overseer|34/100
|-unboost|p2a: Overseer|def|1
|-damage|p1a: Overqwil|81/100|[from] item: Life Orb
|move|p2a: Overseer|Parting Shot|p1a: Overqwil
|-unboost|p1a: Overqwil|atk|1
|-unboost|p1a: Overqwil|spa|1
|
|t:|1781514082
|switch|p2a: Calamity|Iron Valiant, shiny|100/100|[from] Parting Shot
|
|upkeep
|turn|23
|
|t:|1781514084
|switch|p1a: Pelipper|Pelipper, F|58/100 par
|-weather|RainDance|[from] ability: Drizzle|[of] p1a: Pelipper
|move|p2a: Calamity|Moonblast|p1a: Pelipper
|-damage|p1a: Pelipper|0 fnt
|faint|p1a: Pelipper
|
|-weather|RainDance|[upkeep]
|upkeep
|
|t:|1781514084
|switch|p1a: Overqwil|Overqwil, F|81/100
|turn|24
|
|t:|1781514088
|-end|p2a: Calamity|Quark Drive|[silent]
|switch|p2a: Overseer|Pecharunt|34/100
|move|p1a: Overqwil|Gunk Shot|p2a: Overseer|[miss]
|-miss|p1a: Overqwil|p2a: Overseer
|
|-weather|RainDance|[upkeep]
|upkeep
|turn|25
|
|t:|1781514100
|move|p1a: Overqwil|Swords Dance|p1a: Overqwil
|-boost|p1a: Overqwil|atk|2
|move|p2a: Overseer|Parting Shot|p1a: Overqwil
|-unboost|p1a: Overqwil|atk|1
|-unboost|p1a: Overqwil|spa|1
|
|t:|1781514103
|switch|p2a: Enten|Landorus-Therian, M, shiny|25/100|[from] Parting Shot
|-ability|p2a: Enten|Intimidate|boost
|-unboost|p1a: Overqwil|atk|1
|
|-weather|RainDance|[upkeep]
|upkeep
|turn|26
|
|t:|1781514105
|switch|p2a: Pisces|Alomomola, M, shiny|100/100
|move|p1a: Overqwil|Crunch|p2a: Pisces
|-damage|p2a: Pisces|64/100
|-damage|p1a: Overqwil|71/100|[from] item: Life Orb
|
|-weather|RainDance|[upkeep]
|upkeep
|turn|27
|
|t:|1781514109
|move|p1a: Overqwil|Swords Dance|p1a: Overqwil
|-boost|p1a: Overqwil|atk|2
|move|p2a: Pisces|Body Slam|p1a: Overqwil
|-damage|p1a: Overqwil|54/100
|-status|p1a: Overqwil|par
|
|-weather|RainDance|[upkeep]
|upkeep
|turn|28
|
|t:|1781514116
|switch|p2a: Overseer|Pecharunt|34/100
|move|p1a: Overqwil|Gunk Shot|p2a: Overseer
|-resisted|p2a: Overseer
|-damage|p2a: Overseer|15/100
|-damage|p1a: Overqwil|44/100 par|[from] item: Life Orb
|
|-weather|RainDance|[upkeep]
|upkeep
|turn|29
|
|t:|1781514122
|cant|p1a: Overqwil|par
|move|p2a: Overseer|Recover|p2a: Overseer
|-heal|p2a: Overseer|65/100
|
|-weather|RainDance|[upkeep]
|upkeep
|turn|30
|
|t:|1781514125
|switch|p2a: Calamity|Iron Valiant, shiny|100/100
|cant|p1a: Overqwil|par
|
|-weather|none
|upkeep
|turn|31
|
|t:|1781514129
|move|p2a: Calamity|Moonblast|p1a: Overqwil
|-damage|p1a: Overqwil|0 fnt
|faint|p1a: Overqwil
|
|upkeep
|
|t:|1781514130
|switch|p1a: Iron Treads|Iron Treads|100/100
|-enditem|p1a: Iron Treads|Booster Energy
|-activate|p1a: Iron Treads|ability: Quark Drive|[fromitem]
|-start|p1a: Iron Treads|quarkdrivespe
|turn|32
|
|t:|1781514134
|-end|p2a: Calamity|Quark Drive|[silent]
|switch|p2a: Pisces|Alomomola, M, shiny|97/100
|move|p1a: Iron Treads|Steel Beam|p2a: Pisces
|-resisted|p2a: Pisces
|-damage|p2a: Pisces|81/100
|-damage|p1a: Iron Treads|50/100|[from] steelbeam
|
|upkeep
|turn|33
|
|t:|1781514137
|move|p1a: Iron Treads|Stealth Rock|p2a: Pisces
|-sidestart|p2: StarDio|move: Stealth Rock
|move|p2a: Pisces|Flip Turn|p1a: Iron Treads
|-supereffective|p1a: Iron Treads
|-damage|p1a: Iron Treads|22/100
|
|t:|1781514147
|switch|p2a: Overseer|Pecharunt|65/100|[from] Flip Turn
|
|upkeep
|turn|34
|
|t:|1781514149
|move|p1a: Iron Treads|Earth Power|p2a: Overseer
|-supereffective|p2a: Overseer
|-damage|p2a: Overseer|0 fnt
|faint|p2a: Overseer
|
|upkeep
|
|t:|1781514152
|switch|p2a: Pisces|Alomomola, M, shiny|100/100
|-damage|p2a: Pisces|88/100|[from] Stealth Rock
|turn|35
|
|t:|1781514160
|-end|p1a: Iron Treads|Quark Drive|[silent]
|switch|p1a: Raging Bolt|Raging Bolt|100/100
|-enditem|p1a: Raging Bolt|Booster Energy
|-activate|p1a: Raging Bolt|ability: Protosynthesis|[fromitem]
|-start|p1a: Raging Bolt|protosynthesisspa
|move|p2a: Pisces|Aqua Jet|p1a: Raging Bolt
|-resisted|p1a: Raging Bolt
|-damage|p1a: Raging Bolt|96/100
|
|upkeep
|turn|36
|
|t:|1781514163
|move|p1a: Raging Bolt|Weather Ball|p2a: Pisces
|-damage|p2a: Pisces|73/100
|move|p2a: Pisces|Flip Turn|p1a: Raging Bolt
|-resisted|p1a: Raging Bolt
|-damage|p1a: Raging Bolt|88/100
|
|t:|1781514166
|switch|p2a: Enten|Landorus-Therian, M, shiny|25/100|[from] Flip Turn
|-damage|p2a: Enten|12/100|[from] Stealth Rock
|-ability|p2a: Enten|Intimidate|boost
|-unboost|p1a: Raging Bolt|atk|1
|
|upkeep
|turn|37
|
|t:|1781514167
|-terastallize|p1a: Raging Bolt|Fairy
|move|p2a: Enten|Earthquake|p1a: Raging Bolt
|-damage|p1a: Raging Bolt|34/100
|move|p1a: Raging Bolt|Weather Ball|p2a: Enten
|-damage|p2a: Enten|0 fnt
|faint|p2a: Enten
|
|upkeep
|
|t:|1781514172
|switch|p2a: Calamity|Iron Valiant, shiny|100/100
|-damage|p2a: Calamity|94/100|[from] Stealth Rock
|turn|38
|
|t:|1781514174
|move|p1a: Raging Bolt|Thunderclap|p2a: Calamity
|-damage|p2a: Calamity|5/100
|move|p2a: Calamity|Moonblast|p1a: Raging Bolt
|-damage|p1a: Raging Bolt|0 fnt
|faint|p1a: Raging Bolt
|-end|p1a: Raging Bolt|Protosynthesis|[silent]
|
|upkeep
|
|t:|1781514175
|switch|p1a: Iron Treads|Iron Treads|22/100
|turn|39
|
|t:|1781514176
|move|p2a: Calamity|Moonblast|p1a: Iron Treads
|-resisted|p1a: Iron Treads
|-damage|p1a: Iron Treads|0 fnt
|faint|p1a: Iron Treads
|-end|p1a: Iron Treads|Quark Drive|[silent]
|
|win|StarDio
|raw|LowEL0God's rating: 1702 &rarr; <strong>1681</strong><br />(-21 for losing)
|raw|StarDio's rating: 1684 &rarr; <strong>1705</strong><br />(+21 for winning)
|c|☆LowEL0God|gg
|l|☆LowEL0God
|player|p1|
|c|☆StarDio|gg
|l|☆StarDio
|player|p2|
