|j|☆GingaMaster123
|j|☆PepeNike
|t:|1781497509
|gametype|singles
|player|p1|GingaMaster123|steven|1589
|player|p2|PepeNike|169|1624
|gen|9
|tier|[Gen 9] OU
|rated|
|rule|HP Percentage Mod: HP is shown in percentages
|rule|Endless Battle Clause: Forcing endless battles is banned
|rule|Species Clause: Limit one of each Pokémon
|rule|OHKO Clause: OHKO moves are banned
|rule|Evasion Items Clause: Evasion items are banned
|rule|Evasion Moves Clause: Evasion moves are banned
|rule|Evasion Abilities Clause: Evasion abilities are banned
|rule|Sleep Moves Clause: Sleep-inducing moves are banned
|clearpoke
|poke|p1|Torkoal, M|
|poke|p1|Ceruledge, M|
|poke|p1|Great Tusk|
|poke|p1|Raging Bolt|
|poke|p1|Iron Moth|
|poke|p1|Kingambit, M|
|poke|p2|Kleavor, M|
|poke|p2|Samurott-Hisui, M|
|poke|p2|Gholdengo|
|poke|p2|Ceruledge, M|
|poke|p2|Greninja-*, M|
|poke|p2|Dragapult, F|
|teampreview
|inactive|Battle timer is ON: inactive players will automatically lose when time's up. (requested by PepeNike)
|
|t:|1781497523
|teamsize|p1|6
|teamsize|p2|6
|start
|switch|p1a: Turhole|Torkoal, M, shiny|100/100
|switch|p2a: Kleavor|Kleavor, M|100/100
|-weather|SunnyDay|[from] ability: Drought|[of] p1a: Turhole
|turn|1
|
|t:|1781497528
|move|p2a: Kleavor|Stone Axe|p1a: Turhole
|-supereffective|p1a: Turhole
|-damage|p1a: Turhole|24/100
|-sidestart|p1: GingaMaster123|move: Stealth Rock
|move|p1a: Turhole|Will-O-Wisp|p2a: Kleavor
|-status|p2a: Kleavor|brn
|
|-weather|SunnyDay|[upkeep]
|-damage|p2a: Kleavor|94/100 brn|[from] brn
|upkeep
|turn|2
|inactive|PepeNike has 120 seconds left.
|
|t:|1781497580
|switch|p1a: Raging Bolt|Raging Bolt|100/100
|-damage|p1a: Raging Bolt|88/100|[from] Stealth Rock
|-activate|p1a: Raging Bolt|ability: Protosynthesis
|-start|p1a: Raging Bolt|protosynthesisspa
|move|p2a: Kleavor|U-turn|p1a: Raging Bolt
|-damage|p1a: Raging Bolt|70/100
|inactive|PepeNike has 90 seconds left.
|
|t:|1781497616
|switch|p2a: Dragapult|Dragapult, F|100/100|[from] U-turn
|
|-weather|SunnyDay|[upkeep]
|-heal|p1a: Raging Bolt|76/100|[from] item: Leftovers
|upkeep
|turn|3
|
|t:|1781497623
|-terastallize|p1a: Raging Bolt|Fairy
|move|p2a: Dragapult|U-turn|p1a: Raging Bolt
|-resisted|p1a: Raging Bolt
|-damage|p1a: Raging Bolt|60/100
|
|t:|1781497653
|switch|p2a: Kleavor|Kleavor, M|94/100 brn|[from] U-turn
|move|p1a: Raging Bolt|Dragon Pulse|p2a: Kleavor
|-damage|p2a: Kleavor|0 fnt
|faint|p2a: Kleavor
|
|-weather|SunnyDay|[upkeep]
|-heal|p1a: Raging Bolt|66/100|[from] item: Leftovers
|upkeep
|
|t:|1781497662
|switch|p2a: Dragapult|Dragapult, F|100/100
|turn|4
|
|t:|1781497667
|move|p2a: Dragapult|Phantom Force||[still]
|-prepare|p2a: Dragapult|Phantom Force
|move|p1a: Raging Bolt|Calm Mind|p1a: Raging Bolt
|-boost|p1a: Raging Bolt|spa|1
|-boost|p1a: Raging Bolt|spd|1
|
|-weather|SunnyDay|[upkeep]
|-heal|p1a: Raging Bolt|73/100|[from] item: Leftovers
|upkeep
|turn|5
|
|t:|1781497687
|move|p2a: Dragapult|Phantom Force|p1a: Raging Bolt|[from] lockedmove
|-damage|p1a: Raging Bolt|13/100
|move|p1a: Raging Bolt|Dragon Pulse|p2a: Dragapult
|-supereffective|p2a: Dragapult
|-damage|p2a: Dragapult|0 fnt
|faint|p2a: Dragapult
|
|-weather|SunnyDay|[upkeep]
|-heal|p1a: Raging Bolt|19/100|[from] item: Leftovers
|upkeep
|inactive|PepeNike has 60 seconds left.
|
|t:|1781497697
|switch|p2a: Samurott|Samurott-Hisui, M|100/100
|turn|6
|
|t:|1781497701
|move|p2a: Samurott|Sucker Punch|p1a: Raging Bolt
|-resisted|p1a: Raging Bolt
|-damage|p1a: Raging Bolt|1/100
|move|p1a: Raging Bolt|Thunderclap||[still]
|-fail|p1a: Raging Bolt
|
|-weather|SunnyDay|[upkeep]
|-heal|p1a: Raging Bolt|8/100|[from] item: Leftovers
|upkeep
|turn|7
|inactive|PepeNike has 60 seconds left.
|
|t:|1781497727
|-end|p1a: Raging Bolt|Protosynthesis|[silent]
|switch|p1a: Tusk Act 4|Great Tusk|100/100
|-damage|p1a: Tusk Act 4|98/100|[from] Stealth Rock
|-activate|p1a: Tusk Act 4|ability: Protosynthesis
|-start|p1a: Tusk Act 4|protosynthesisatk
|move|p2a: Samurott|Ceaseless Edge|p1a: Tusk Act 4
|-resisted|p1a: Tusk Act 4
|-damage|p1a: Tusk Act 4|78/100
|-sidestart|p1: GingaMaster123|Spikes
|
|-weather|SunnyDay|[upkeep]
|-heal|p1a: Tusk Act 4|84/100|[from] item: Leftovers
|upkeep
|turn|8
|
|t:|1781497737
|switch|p2a: Gholdengo|Gholdengo|100/100
|-item|p2a: Gholdengo|Air Balloon
|move|p1a: Tusk Act 4|Headlong Rush|p2a: Gholdengo
|-immune|p2a: Gholdengo
|
|-weather|none
|-end|p1a: Tusk Act 4|Protosynthesis
|-heal|p1a: Tusk Act 4|90/100|[from] item: Leftovers
|upkeep
|turn|9
|inactive|PepeNike has 60 seconds left.
|c|☆GingaMaster123|I do not like ballon on gholdengo
|
|t:|1781497769
|-end|p1a: Tusk Act 4|Protosynthesis|[silent]
|switch|p1a: Mandarake|Iron Moth|100/100
|-damage|p1a: Mandarake|76/100|[from] Stealth Rock
|-damage|p1a: Mandarake|63/100|[from] Spikes
|move|p2a: Gholdengo|Make It Rain|p1a: Mandarake
|-resisted|p1a: Mandarake
|-damage|p1a: Mandarake|37/100
|-unboost|p2a: Gholdengo|spa|1
|
|upkeep
|turn|10
|
|t:|1781497780
|switch|p2a: Samurott|Samurott-Hisui, M|100/100
|move|p1a: Mandarake|Overheat|p2a: Samurott
|-resisted|p2a: Samurott
|-damage|p2a: Samurott|54/100
|-unboost|p1a: Mandarake|spa|2
|
|upkeep
|turn|11
|inactive|PepeNike has 60 seconds left.
|inactive|GingaMaster123 has 120 seconds left.
|
|t:|1781497797
|move|p1a: Mandarake|Overheat|p2a: Samurott
|-resisted|p2a: Samurott
|-damage|p2a: Samurott|28/100
|-unboost|p1a: Mandarake|spa|2
|move|p2a: Samurott|Ceaseless Edge|p1a: Mandarake
|-damage|p1a: Mandarake|0 fnt
|-sidestart|p1: GingaMaster123|Spikes
|faint|p1a: Mandarake
|-end|p1a: Mandarake|Quark Drive|[silent]
|
|upkeep
|inactive|GingaMaster123 has 120 seconds left.
|
|t:|1781497810
|switch|p1a: Shoob|Kingambit, M, shiny|100/100
|-damage|p1a: Shoob|94/100|[from] Stealth Rock
|-damage|p1a: Shoob|78/100|[from] Spikes
|-activate|p1a: Shoob|ability: Supreme Overlord
|-start|p1a: Shoob|fallen1|[silent]
|turn|12
|inactive|GingaMaster123 has 120 seconds left.
|inactive|PepeNike has 60 seconds left.
|inactive|PepeNike has 30 seconds left.
|inactive|PepeNike has 20 seconds left.
|inactive|PepeNike has 15 seconds left.
|
|t:|1781497866
|move|p2a: Samurott|Taunt|p1a: Shoob
|-start|p1a: Shoob|move: Taunt
|cant|p1a: Shoob|move: Taunt|Swords Dance
|
|upkeep
|turn|13
|inactive|PepeNike has 25 seconds left this turn.
|inactive|GingaMaster123 has 120 seconds left.
|
|t:|1781497872
|move|p2a: Samurott|Aqua Cutter|p1a: Shoob
|-damage|p1a: Shoob|37/100
|move|p1a: Shoob|Iron Head|p2a: Samurott
|-resisted|p2a: Samurott
|-crit|p2a: Samurott
|-damage|p2a: Samurott|0 fnt
|faint|p2a: Samurott
|-damage|p1a: Shoob|27/100|[from] item: Life Orb
|
|upkeep
|inactive|PepeNike has 30 seconds left this turn.
|inactive|PepeNike has 20 seconds left.
|inactive|PepeNike has 15 seconds left.
|inactive|PepeNike has 10 seconds left.
|inactive|PepeNike has 5 seconds left.
|-message|PepeNike lost due to inactivity.
|
|win|GingaMaster123
|raw|GingaMaster123's rating: 1589 &rarr; <strong>1612</strong><br />(+23 for winning)
|raw|PepeNike's rating: 1642 &rarr; <strong>1619</strong><br />(-23 for losing)
|l|☆GingaMaster123
|player|p1|
|l|☆PepeNike
|player|p2|
