|j|☆0c3an m4n
|j|☆NoobishTrainerJoe
|t:|1781555781
|gametype|singles
|player|p1|0c3an m4n|marlon|1524
|player|p2|NoobishTrainerJoe|169|1581
|gen|9
|tier|[Gen 9] OU
|rated|
|rule|HP Percentage Mod: HP is shown in percentages
|rule|Endless Battle Clause: Forcing endless battles is banned
|rule|Species Clause: Limit one of each Pokémon
|rule|OHKO Clause: OHKO moves are banned
|rule|Evasion Items Clause: Evasion items are banned
|rule|Evasion Moves Clause: Evasion moves are banned
|rule|Evasion Abilities Clause: Evasion abilities are banned
|rule|Sleep Moves Clause: Sleep-inducing moves are banned
|clearpoke
|poke|p1|Quaquaval, M|
|poke|p1|Barraskewda, M|
|poke|p1|Pelipper, M|
|poke|p1|Slither Wing|
|poke|p1|Hatterene, F|
|poke|p1|Gastrodon-East, F|
|poke|p2|Gliscor, F|
|poke|p2|Conkeldurr, M|
|poke|p2|Cinderace, F|
|poke|p2|Ursaluna, M|
|poke|p2|Clefable, F|
|poke|p2|Meowscarada, F|
|teampreview
|
|t:|1781555801
|teamsize|p1|6
|teamsize|p2|6
|start
|switch|p1a: El papu|Slither Wing, shiny|100/100
|switch|p2a: Meowscarada|Meowscarada, F|100/100
|turn|1
|
|t:|1781555813
|switch|p2a: Clefable|Clefable, F|100/100
|move|p1a: El papu|U-turn|p2a: Clefable
|-resisted|p2a: Clefable
|-damage|p2a: Clefable|78/100
|
|t:|1781555822
|-end|p1a: El papu|Protosynthesis|[silent]
|switch|p1a: Si|Hatterene, F, shiny|100/100|[from] U-turn
|
|-heal|p2a: Clefable|85/100|[from] item: Leftovers
|upkeep
|turn|2
|
|t:|1781555829
|switch|p2a: Ursaluna|Ursaluna, M|100/100
|move|p1a: Si|Nuzzle|p2a: Ursaluna
|-immune|p2a: Ursaluna
|
|upkeep
|turn|3
|
|t:|1781555850
|switch|p1a: Risk of what?|Pelipper, M, shiny|100/100
|-weather|RainDance|[from] ability: Drizzle|[of] p1a: Risk of what?
|move|p2a: Ursaluna|Facade|p1a: Risk of what?
|-damage|p1a: Risk of what?|52/100
|
|-weather|RainDance|[upkeep]
|upkeep
|turn|4
|
|t:|1781555865
|switch|p2a: Meowscarada|Meowscarada, F|100/100
|move|p1a: Risk of what?|Surf|p2a: Meowscarada
|-resisted|p2a: Meowscarada
|-damage|p2a: Meowscarada|59/100
|
|-weather|RainDance|[upkeep]
|upkeep
|turn|5
|
|t:|1781555870
|switch|p1a: El papu|Slither Wing, shiny|100/100
|move|p2a: Meowscarada|Toxic Spikes|p1a: El papu
|-start|p2a: Meowscarada|typechange|Poison|[from] ability: Protean
|-sidestart|p1: 0c3an m4n|move: Toxic Spikes
|
|-weather|RainDance|[upkeep]
|upkeep
|turn|6
|
|t:|1781555878
|move|p2a: Meowscarada|U-turn|p1a: El papu
|-resisted|p1a: El papu
|-damage|p1a: El papu|87/100
|
|t:|1781555902
|switch|p2a: Conkeldurr|Conkeldurr, M|100/100|[from] U-turn
|move|p1a: El papu|Close Combat|p2a: Conkeldurr
|-damage|p2a: Conkeldurr|9/100
|-unboost|p1a: El papu|def|1
|-unboost|p1a: El papu|spd|1
|
|-weather|RainDance|[upkeep]
|upkeep
|turn|7
|
|t:|1781555914
|move|p2a: Conkeldurr|Mach Punch|p1a: El papu
|-resisted|p1a: El papu
|-damage|p1a: El papu|56/100
|-damage|p2a: Conkeldurr|0 fnt|[from] item: Life Orb
|faint|p2a: Conkeldurr
|move|p1a: El papu|Close Combat|p2: Conkeldurr|[notarget]
|-fail|p1a: El papu
|
|-weather|RainDance|[upkeep]
|upkeep
|
|t:|1781555918
|switch|p2a: Cinderace|Cinderace, F|100/100
|turn|8
|
|t:|1781555927
|-end|p1a: El papu|Protosynthesis|[silent]
|switch|p1a: No Shell :(|Gastrodon-East, F, shiny|100/100
|-status|p1a: No Shell :(|psn
|move|p2a: Cinderace|Court Change|p2a: Cinderace
|-swapsideconditions
|-activate|p2a: Cinderace|move: Court Change
|
|-weather|RainDance|[upkeep]
|-damage|p1a: No Shell :(|88/100 psn|[from] psn
|upkeep
|turn|9
|
|t:|1781555937
|move|p2a: Cinderace|U-turn|p1a: No Shell :(
|-damage|p1a: No Shell :(|70/100 psn
|
|t:|1781555942
|switch|p2a: Meowscarada|Meowscarada, F|59/100|[from] U-turn
|move|p1a: No Shell :(|Surf|p2a: Meowscarada
|-resisted|p2a: Meowscarada
|-damage|p2a: Meowscarada|19/100
|
|-weather|RainDance|[upkeep]
|-heal|p1a: No Shell :(|76/100 psn|[from] item: Leftovers
|-damage|p1a: No Shell :(|63/100 psn|[from] psn
|upkeep
|turn|10
|
|t:|1781555955
|switch|p1a: Si|Hatterene, F, shiny|100/100
|move|p2a: Meowscarada|Toxic Spikes|p1a: Si
|-start|p2a: Meowscarada|typechange|Poison|[from] ability: Protean
|move|p1a: Si|Toxic Spikes|p2a: Meowscarada|[from] ability: Magic Bounce
|-sidestart|p2: NoobishTrainerJoe|move: Toxic Spikes
|
|-weather|none
|upkeep
|turn|11
|
|t:|1781555960
|move|p2a: Meowscarada|Flower Trick|p1a: Si
|-crit|p1a: Si
|-damage|p1a: Si|68/100
|move|p1a: Si|Psychic|p2a: Meowscarada
|-supereffective|p2a: Meowscarada
|-damage|p2a: Meowscarada|0 fnt
|faint|p2a: Meowscarada
|
|upkeep
|
|t:|1781555975
|switch|p2a: Gliscor|Gliscor, F|100/100
|turn|12
|
|t:|1781555988
|-terastallize|p2a: Gliscor|Normal
|move|p2a: Gliscor|Knock Off|p1a: Si
|-damage|p1a: Si|46/100
|-enditem|p1a: Si|Assault Vest|[from] move: Knock Off|[of] p2a: Gliscor
|move|p1a: Si|Psychic|p2a: Gliscor
|-damage|p2a: Gliscor|54/100
|
|-heal|p2a: Gliscor|60/100|[from] item: Leftovers
|upkeep
|turn|13
|
|t:|1781555999
|move|p2a: Gliscor|Protect|p2a: Gliscor
|-singleturn|p2a: Gliscor|Protect
|move|p1a: Si|Psychic|p2a: Gliscor
|-activate|p2a: Gliscor|move: Protect
|
|-heal|p2a: Gliscor|66/100|[from] item: Leftovers
|upkeep
|turn|14
|
|t:|1781556007
|switch|p2a: Ursaluna|Ursaluna, M|100/100
|-status|p2a: Ursaluna|tox
|move|p1a: Si|Psychic|p2a: Ursaluna
|-damage|p2a: Ursaluna|51/100 tox
|
|-damage|p2a: Ursaluna|45/100 tox|[from] psn
|upkeep
|turn|15
|
|t:|1781556015
|move|p2a: Ursaluna|Facade|p1a: Si
|-damage|p1a: Si|0 fnt
|faint|p1a: Si
|
|-damage|p2a: Ursaluna|33/100 tox|[from] psn
|upkeep
|
|t:|1781556018
|switch|p1a: Sphyraena (Fih) 🐟|Barraskewda, M, shiny|100/100
|turn|16
|
|t:|1781556020
|-terastallize|p1a: Sphyraena (Fih) 🐟|Water
|move|p1a: Sphyraena (Fih) 🐟|Flip Turn|p2a: Ursaluna
|-supereffective|p2a: Ursaluna
|-damage|p2a: Ursaluna|0 fnt
|faint|p2a: Ursaluna
|
|t:|1781556024
|switch|p1a: No Shell :(|Gastrodon-East, F, shiny|63/100 psn|[from] Flip Turn
|
|-heal|p1a: No Shell :(|69/100 psn|[from] item: Leftovers
|-damage|p1a: No Shell :(|57/100 psn|[from] psn
|upkeep
|
|t:|1781556028
|switch|p2a: Gliscor|Gliscor, F, tera:Normal|66/100
|-status|p2a: Gliscor|tox
|turn|17
|
|t:|1781556040
|move|p2a: Gliscor|Protect|p2a: Gliscor
|-singleturn|p2a: Gliscor|Protect
|move|p1a: No Shell :(|Recover|p1a: No Shell :(
|-heal|p1a: No Shell :(|100/100 psn
|
|-heal|p2a: Gliscor|72/100 tox|[from] item: Leftovers
|-heal|p2a: Gliscor|85/100 tox|[from] ability: Poison Heal
|-damage|p1a: No Shell :(|88/100 psn|[from] psn
|upkeep
|turn|18
|
|t:|1781556044
|switch|p2a: Clefable|Clefable, F|85/100
|-status|p2a: Clefable|tox
|move|p1a: No Shell :(|Surf|p2a: Clefable
|-damage|p2a: Clefable|47/100 tox
|
|-heal|p2a: Clefable|53/100 tox|[from] item: Leftovers
|-heal|p1a: No Shell :(|94/100 psn|[from] item: Leftovers
|-damage|p1a: No Shell :(|82/100 psn|[from] psn
|upkeep
|turn|19
|
|t:|1781556051
|switch|p1a: Risk of what?|Pelipper, M, shiny|52/100
|-weather|RainDance|[from] ability: Drizzle|[of] p1a: Risk of what?
|move|p2a: Clefable|Calm Mind|p2a: Clefable
|-boost|p2a: Clefable|spa|1
|-boost|p2a: Clefable|spd|1
|
|-weather|RainDance|[upkeep]
|-heal|p2a: Clefable|59/100 tox|[from] item: Leftovers
|upkeep
|turn|20
|
|t:|1781556056
|move|p2a: Clefable|Moonlight|p2a: Clefable
|-heal|p2a: Clefable|84/100 tox
|move|p1a: Risk of what?|U-turn|p2a: Clefable
|-resisted|p2a: Clefable
|-damage|p2a: Clefable|80/100 tox
|
|t:|1781556058
|switch|p1a: Sphyraena (Fih) 🐟|Barraskewda, M, shiny, tera:Water|100/100|[from] U-turn
|
|-weather|RainDance|[upkeep]
|-heal|p2a: Clefable|87/100 tox|[from] item: Leftovers
|upkeep
|turn|21
|
|t:|1781556066
|move|p1a: Sphyraena (Fih) 🐟|Liquidation|p2a: Clefable
|-damage|p2a: Clefable|0 fnt
|faint|p2a: Clefable
|
|-weather|RainDance|[upkeep]
|upkeep
|
|t:|1781556069
|switch|p2a: Gliscor|Gliscor, F, tera:Normal|85/100 tox
|turn|22
|
|t:|1781556071
|move|p2a: Gliscor|Protect|p2a: Gliscor
|-singleturn|p2a: Gliscor|Protect
|move|p1a: Sphyraena (Fih) 🐟|Liquidation|p2a: Gliscor
|-activate|p2a: Gliscor|move: Protect
|
|-weather|RainDance|[upkeep]
|-heal|p2a: Gliscor|91/100 tox|[from] item: Leftovers
|-heal|p2a: Gliscor|100/100 tox|[from] ability: Poison Heal
|upkeep
|turn|23
|
|t:|1781556087
|move|p1a: Sphyraena (Fih) 🐟|Liquidation|p2a: Gliscor
|-damage|p2a: Gliscor|0 fnt
|faint|p2a: Gliscor
|
|-weather|RainDance|[upkeep]
|upkeep
|-message|NoobishTrainerJoe forfeited.
|
|win|0c3an m4n
|raw|0c3an m4n's rating: 1524 &rarr; <strong>1547</strong><br />(+23 for winning)
|raw|NoobishTrainerJoe's rating: 1581 &rarr; <strong>1558</strong><br />(-23 for losing)
|l|☆NoobishTrainerJoe
|player|p2|
