|j|☆KurisuChestnutOU
|j|☆Rj yoip
|t:|1781135186
|gametype|singles
|player|p1|KurisuChestnutOU|may-contest|1491
|player|p2|Rj yoip|caitlin-masters|1601
|gen|9
|tier|[Gen 9] OU
|rated|
|rule|HP Percentage Mod: HP is shown in percentages
|rule|Endless Battle Clause: Forcing endless battles is banned
|rule|Species Clause: Limit one of each Pokémon
|rule|OHKO Clause: OHKO moves are banned
|rule|Evasion Items Clause: Evasion items are banned
|rule|Evasion Moves Clause: Evasion moves are banned
|rule|Evasion Abilities Clause: Evasion abilities are banned
|rule|Sleep Moves Clause: Sleep-inducing moves are banned
|clearpoke
|poke|p1|Gliscor, M|
|poke|p1|Dondozo, F|
|poke|p1|Slowking-Galar, F|
|poke|p1|Gholdengo|
|poke|p1|Great Tusk|
|poke|p1|Kingambit, F|
|poke|p2|Tyranitar, F|
|poke|p2|Hydrapple, F|
|poke|p2|Enamorus, F|
|poke|p2|Garganacl, M|
|poke|p2|Excadrill, M|
|poke|p2|Alomomola, F|
|teampreview
|inactive|Battle timer is ON: inactive players will automatically lose when time's up. (requested by KurisuChestnutOU)
|
|t:|1781135194
|teamsize|p1|6
|teamsize|p2|6
|start
|switch|p1a: Great Tusk|Great Tusk|100/100
|switch|p2a: Garganacl|Garganacl, M|100/100
|turn|1
|
|t:|1781135204
|-end|p1a: Great Tusk|Protosynthesis|[silent]
|switch|p1a: Gliscor|Gliscor, M|100/100
|switch|p2a: Hydrapple|Hydrapple, F|100/100
|
|-status|p1a: Gliscor|tox|[from] item: Toxic Orb
|upkeep
|turn|2
|
|t:|1781135212
|switch|p1a: Slowking|Slowking-Galar, F|100/100
|move|p2a: Hydrapple|Nasty Plot|p2a: Hydrapple
|-boost|p2a: Hydrapple|spa|2
|
|upkeep
|turn|3
|
|t:|1781135216
|switch|p2a: Tyranitar|Tyranitar, F|100/100
|-weather|Sandstorm|[from] ability: Sand Stream|[of] p2a: Tyranitar
|move|p1a: Slowking|Sludge Bomb|p2a: Tyranitar
|-resisted|p2a: Tyranitar
|-damage|p2a: Tyranitar|90/100
|
|-weather|Sandstorm|[upkeep]
|-damage|p1a: Slowking|94/100|[from] Sandstorm
|upkeep
|turn|4
|
|t:|1781135224
|switch|p1a: Kingambit|Kingambit, F|100/100
|move|p2a: Tyranitar|Knock Off|p1a: Kingambit
|-resisted|p1a: Kingambit
|-crit|p1a: Kingambit
|-damage|p1a: Kingambit|43/100
|-enditem|p1a: Kingambit|Leftovers|[from] move: Knock Off|[of] p2a: Tyranitar
|
|-weather|Sandstorm|[upkeep]
|upkeep
|turn|5
|
|t:|1781135229
|switch|p2a: Hydrapple|Hydrapple, F|100/100
|-end|p1a: Kingambit|fallenundefined|[silent]
|switch|p1a: Gholdengo|Gholdengo|100/100
|-item|p1a: Gholdengo|Air Balloon
|
|-weather|Sandstorm|[upkeep]
|-damage|p2a: Hydrapple|94/100|[from] Sandstorm
|upkeep
|turn|6
|
|t:|1781135242
|switch|p2a: Alomomola|Alomomola, F|100/100
|move|p1a: Gholdengo|Nasty Plot|p1a: Gholdengo
|-boost|p1a: Gholdengo|spa|2
|
|-weather|Sandstorm|[upkeep]
|-damage|p2a: Alomomola|94/100|[from] Sandstorm
|upkeep
|turn|7
|
|t:|1781135253
|move|p1a: Gholdengo|Nasty Plot|p1a: Gholdengo
|-boost|p1a: Gholdengo|spa|2
|move|p2a: Alomomola|Flip Turn|p1a: Gholdengo
|-damage|p1a: Gholdengo|83/100
|-enditem|p1a: Gholdengo|Air Balloon
|
|t:|1781135255
|switch|p2a: Excadrill|Excadrill, M|100/100|[from] Flip Turn
|
|-weather|none
|upkeep
|turn|8
|
|t:|1781135258
|move|p2a: Excadrill|Substitute|p2a: Excadrill
|-start|p2a: Excadrill|Substitute
|-damage|p2a: Excadrill|76/100
|move|p1a: Gholdengo|Make It Rain|p2a: Excadrill
|-resisted|p2a: Excadrill
|-end|p2a: Excadrill|Substitute
|-unboost|p1a: Gholdengo|spa|1
|
|-heal|p2a: Excadrill|82/100|[from] item: Leftovers
|upkeep
|turn|9
|
|t:|1781135264
|-terastallize|p1a: Gholdengo|Flying
|move|p2a: Excadrill|Earthquake|p1a: Gholdengo
|-immune|p1a: Gholdengo
|move|p1a: Gholdengo|Shadow Ball|p2a: Excadrill
|-damage|p2a: Excadrill|0 fnt
|faint|p2a: Excadrill
|
|upkeep
|
|t:|1781135281
|switch|p2a: Tyranitar|Tyranitar, F|90/100
|-weather|Sandstorm|[from] ability: Sand Stream|[of] p2a: Tyranitar
|turn|10
|
|t:|1781135285
|move|p1a: Gholdengo|Make It Rain|p2a: Tyranitar
|-supereffective|p2a: Tyranitar
|-crit|p2a: Tyranitar
|-damage|p2a: Tyranitar|0 fnt
|-unboost|p1a: Gholdengo|spa|1
|faint|p2a: Tyranitar
|
|-weather|Sandstorm|[upkeep]
|-damage|p1a: Gholdengo|77/100|[from] Sandstorm
|upkeep
|
|t:|1781135288
|switch|p2a: Garganacl|Garganacl, M|100/100
|turn|11
|
|t:|1781135291
|-terastallize|p2a: Garganacl|Electric
|move|p1a: Gholdengo|Make It Rain|p2a: Garganacl
|-resisted|p2a: Garganacl
|-damage|p2a: Garganacl|60/100
|-unboost|p1a: Gholdengo|spa|1
|move|p2a: Garganacl|Salt Cure|p1a: Gholdengo
|-supereffective|p1a: Gholdengo
|-damage|p1a: Gholdengo|45/100
|-start|p1a: Gholdengo|Salt Cure
|
|-weather|Sandstorm|[upkeep]
|-damage|p1a: Gholdengo|39/100|[from] Sandstorm
|-damage|p2a: Garganacl|54/100|[from] Sandstorm
|-heal|p2a: Garganacl|60/100|[from] item: Leftovers
|-damage|p1a: Gholdengo|27/100|[from] Salt Cure
|upkeep
|turn|12
|
|t:|1781135297
|move|p1a: Gholdengo|Recover|p1a: Gholdengo
|-heal|p1a: Gholdengo|77/100
|move|p2a: Garganacl|Recover|p2a: Garganacl
|-heal|p2a: Garganacl|100/100
|
|-weather|Sandstorm|[upkeep]
|-damage|p1a: Gholdengo|71/100|[from] Sandstorm
|-damage|p2a: Garganacl|94/100|[from] Sandstorm
|-heal|p2a: Garganacl|100/100|[from] item: Leftovers
|-damage|p1a: Gholdengo|58/100|[from] Salt Cure
|upkeep
|turn|13
|
|t:|1781135301
|move|p1a: Gholdengo|Recover|p1a: Gholdengo
|-heal|p1a: Gholdengo|100/100
|move|p2a: Garganacl|Salt Cure|p1a: Gholdengo
|-supereffective|p1a: Gholdengo
|-damage|p1a: Gholdengo|71/100
|
|-weather|Sandstorm|[upkeep]
|-damage|p1a: Gholdengo|65/100|[from] Sandstorm
|-damage|p2a: Garganacl|94/100|[from] Sandstorm
|-heal|p2a: Garganacl|100/100|[from] item: Leftovers
|-damage|p1a: Gholdengo|53/100|[from] Salt Cure
|upkeep
|turn|14
|
|t:|1781135309
|move|p1a: Gholdengo|Recover|p1a: Gholdengo
|-heal|p1a: Gholdengo|100/100
|move|p2a: Garganacl|Salt Cure|p1a: Gholdengo
|-supereffective|p1a: Gholdengo
|-damage|p1a: Gholdengo|69/100
|
|-weather|none
|-damage|p1a: Gholdengo|57/100|[from] Salt Cure
|upkeep
|turn|15
|
|t:|1781135326
|move|p1a: Gholdengo|Recover|p1a: Gholdengo
|-heal|p1a: Gholdengo|100/100
|move|p2a: Garganacl|Salt Cure|p1a: Gholdengo
|-supereffective|p1a: Gholdengo
|-damage|p1a: Gholdengo|67/100
|
|-damage|p1a: Gholdengo|55/100|[from] Salt Cure
|upkeep
|turn|16
|
|t:|1781135330
|move|p1a: Gholdengo|Recover|p1a: Gholdengo
|-heal|p1a: Gholdengo|100/100
|move|p2a: Garganacl|Salt Cure|p1a: Gholdengo
|-supereffective|p1a: Gholdengo
|-damage|p1a: Gholdengo|68/100
|
|-damage|p1a: Gholdengo|56/100|[from] Salt Cure
|upkeep
|turn|17
|
|t:|1781135335
|move|p1a: Gholdengo|Shadow Ball|p2a: Garganacl
|-damage|p2a: Garganacl|79/100
|move|p2a: Garganacl|Salt Cure|p1a: Gholdengo
|-supereffective|p1a: Gholdengo
|-damage|p1a: Gholdengo|27/100
|
|-heal|p2a: Garganacl|85/100|[from] item: Leftovers
|-damage|p1a: Gholdengo|14/100|[from] Salt Cure
|upkeep
|turn|18
|
|t:|1781135340
|move|p1a: Gholdengo|Shadow Ball|p2a: Garganacl
|-damage|p2a: Garganacl|62/100
|move|p2a: Garganacl|Stealth Rock|p1a: Gholdengo
|-sidestart|p1: KurisuChestnutOU|move: Stealth Rock
|
|-heal|p2a: Garganacl|68/100|[from] item: Leftovers
|-damage|p1a: Gholdengo|2/100|[from] Salt Cure
|upkeep
|turn|19
|
|t:|1781135344
|move|p1a: Gholdengo|Recover|p1a: Gholdengo
|-heal|p1a: Gholdengo|52/100
|move|p2a: Garganacl|Recover|p2a: Garganacl
|-heal|p2a: Garganacl|100/100
|
|-damage|p1a: Gholdengo|40/100|[from] Salt Cure
|upkeep
|turn|20
|
|t:|1781135347
|move|p1a: Gholdengo|Shadow Ball|p2a: Garganacl
|-damage|p2a: Garganacl|80/100
|move|p2a: Garganacl|Salt Cure|p1a: Gholdengo
|-supereffective|p1a: Gholdengo
|-damage|p1a: Gholdengo|9/100
|
|-heal|p2a: Garganacl|86/100|[from] item: Leftovers
|-damage|p1a: Gholdengo|0 fnt|[from] Salt Cure
|faint|p1a: Gholdengo
|upkeep
|
|t:|1781135352
|switch|p1a: Great Tusk|Great Tusk|100/100
|turn|21
|
|t:|1781135356
|move|p1a: Great Tusk|Rapid Spin|p2a: Garganacl
|-damage|p2a: Garganacl|74/100
|-boost|p1a: Great Tusk|spe|1
|-sideend|p1: KurisuChestnutOU|Stealth Rock|[from] move: Rapid Spin|[of] p1a: Great Tusk
|move|p2a: Garganacl|Salt Cure|p1a: Great Tusk
|-resisted|p1a: Great Tusk
|-damage|p1a: Great Tusk|98/100
|-start|p1a: Great Tusk|Salt Cure
|
|-heal|p2a: Garganacl|80/100|[from] item: Leftovers
|-damage|p1a: Great Tusk|86/100|[from] Salt Cure
|upkeep
|turn|22
|
|t:|1781135359
|-end|p1a: Great Tusk|Protosynthesis|[silent]
|switch|p1a: Slowking|Slowking-Galar, F|100/100
|move|p2a: Garganacl|Protect||[still]
|-fail|p2a: Garganacl
|
|-heal|p2a: Garganacl|86/100|[from] item: Leftovers
|upkeep
|turn|23
|
|t:|1781135361
|move|p2a: Garganacl|Salt Cure|p1a: Slowking
|-crit|p1a: Slowking
|-damage|p1a: Slowking|77/100
|-start|p1a: Slowking|Salt Cure
|move|p1a: Slowking|Sludge Bomb|p2a: Garganacl
|-damage|p2a: Garganacl|64/100
|
|-heal|p2a: Garganacl|70/100|[from] item: Leftovers
|-damage|p1a: Slowking|64/100|[from] Salt Cure
|upkeep
|turn|24
|
|t:|1781135365
|switch|p1a: Great Tusk|Great Tusk|86/100
|move|p2a: Garganacl|Stealth Rock|p1a: Great Tusk
|-sidestart|p1: KurisuChestnutOU|move: Stealth Rock
|
|-heal|p2a: Garganacl|76/100|[from] item: Leftovers
|upkeep
|turn|25
|
|t:|1781135371
|switch|p2a: Hydrapple|Hydrapple, F|100/100
|move|p1a: Great Tusk|Rapid Spin|p2a: Hydrapple
|-damage|p2a: Hydrapple|90/100
|-boost|p1a: Great Tusk|spe|1
|-damage|p1a: Great Tusk|69/100|[from] item: Rocky Helmet|[of] p2a: Hydrapple
|-sideend|p1: KurisuChestnutOU|Stealth Rock|[from] move: Rapid Spin|[of] p1a: Great Tusk
|
|upkeep
|turn|26
|
|t:|1781135376
|-end|p1a: Great Tusk|Protosynthesis|[silent]
|switch|p1a: Slowking|Slowking-Galar, F|98/100
|switch|p2a: Garganacl|Garganacl, M, tera:Electric|76/100
|
|-heal|p2a: Garganacl|82/100|[from] item: Leftovers
|upkeep
|turn|27
|
|t:|1781135383
|move|p2a: Garganacl|Stealth Rock|p1a: Slowking
|-sidestart|p1: KurisuChestnutOU|move: Stealth Rock
|move|p1a: Slowking|Sludge Bomb|p2a: Garganacl
|-damage|p2a: Garganacl|61/100
|
|-heal|p2a: Garganacl|67/100|[from] item: Leftovers
|upkeep
|turn|28
|
|t:|1781135388
|move|p2a: Garganacl|Recover|p2a: Garganacl
|-heal|p2a: Garganacl|100/100
|move|p1a: Slowking|Sludge Bomb|p2a: Garganacl
|-damage|p2a: Garganacl|78/100
|
|-heal|p2a: Garganacl|84/100|[from] item: Leftovers
|upkeep
|turn|29
|
|t:|1781135396
|move|p2a: Garganacl|Salt Cure|p1a: Slowking
|-damage|p1a: Slowking|84/100
|-start|p1a: Slowking|Salt Cure
|move|p1a: Slowking|Sludge Bomb|p2a: Garganacl
|-damage|p2a: Garganacl|62/100
|
|-heal|p2a: Garganacl|68/100|[from] item: Leftovers
|-damage|p1a: Slowking|72/100|[from] Salt Cure
|upkeep
|turn|30
|
|t:|1781135403
|switch|p1a: Great Tusk|Great Tusk|69/100
|move|p2a: Garganacl|Salt Cure|p1a: Great Tusk
|-resisted|p1a: Great Tusk
|-damage|p1a: Great Tusk|67/100
|-start|p1a: Great Tusk|Salt Cure
|
|-heal|p2a: Garganacl|74/100|[from] item: Leftovers
|-damage|p1a: Great Tusk|55/100|[from] Salt Cure
|upkeep
|turn|31
|
|t:|1781135406
|-end|p1a: Great Tusk|Protosynthesis|[silent]
|switch|p1a: Slowking|Slowking-Galar, F|100/100
|-damage|p1a: Slowking|88/100|[from] Stealth Rock
|move|p2a: Garganacl|Protect||[still]
|-fail|p2a: Garganacl
|
|-heal|p2a: Garganacl|81/100|[from] item: Leftovers
|upkeep
|turn|32
|
|t:|1781135413
|move|p2a: Garganacl|Salt Cure|p1a: Slowking
|-damage|p1a: Slowking|75/100
|-start|p1a: Slowking|Salt Cure
|move|p1a: Slowking|Sludge Bomb|p2a: Garganacl
|-damage|p2a: Garganacl|56/100
|
|-heal|p2a: Garganacl|62/100|[from] item: Leftovers
|-damage|p1a: Slowking|62/100|[from] Salt Cure
|upkeep
|turn|33
|
|t:|1781135438
|switch|p1a: Great Tusk|Great Tusk|55/100
|move|p2a: Garganacl|Salt Cure|p1a: Great Tusk
|-resisted|p1a: Great Tusk
|-damage|p1a: Great Tusk|52/100
|-start|p1a: Great Tusk|Salt Cure
|
|-heal|p2a: Garganacl|68/100|[from] item: Leftovers
|-damage|p1a: Great Tusk|40/100|[from] Salt Cure
|upkeep
|turn|34
|
|t:|1781135442
|move|p2a: Garganacl|Protect|p2a: Garganacl
|-singleturn|p2a: Garganacl|Protect
|move|p1a: Great Tusk|Rapid Spin|p2a: Garganacl
|-activate|p2a: Garganacl|move: Protect
|
|-heal|p2a: Garganacl|75/100|[from] item: Leftovers
|-damage|p1a: Great Tusk|27/100|[from] Salt Cure
|upkeep
|turn|35
|
|t:|1781135445
|move|p1a: Great Tusk|Rapid Spin|p2a: Garganacl
|-damage|p2a: Garganacl|64/100
|-boost|p1a: Great Tusk|spe|1
|-sideend|p1: KurisuChestnutOU|Stealth Rock|[from] move: Rapid Spin|[of] p1a: Great Tusk
|move|p2a: Garganacl|Stealth Rock|p1a: Great Tusk
|-sidestart|p1: KurisuChestnutOU|move: Stealth Rock
|
|-heal|p2a: Garganacl|70/100|[from] item: Leftovers
|-damage|p1a: Great Tusk|15/100|[from] Salt Cure
|upkeep
|turn|36
|
|t:|1781135450
|move|p1a: Great Tusk|Rapid Spin|p2a: Garganacl
|-damage|p2a: Garganacl|59/100
|-boost|p1a: Great Tusk|spe|1
|-sideend|p1: KurisuChestnutOU|Stealth Rock|[from] move: Rapid Spin|[of] p1a: Great Tusk
|move|p2a: Garganacl|Stealth Rock|p1a: Great Tusk
|-sidestart|p1: KurisuChestnutOU|move: Stealth Rock
|
|-heal|p2a: Garganacl|65/100|[from] item: Leftovers
|-damage|p1a: Great Tusk|2/100|[from] Salt Cure
|upkeep
|turn|37
|
|t:|1781135455
|-end|p1a: Great Tusk|Protosynthesis|[silent]
|switch|p1a: Gliscor|Gliscor, M|100/100 tox
|-damage|p1a: Gliscor|88/100 tox|[from] Stealth Rock
|move|p2a: Garganacl|Protect||[still]
|-fail|p2a: Garganacl
|
|-heal|p2a: Garganacl|71/100|[from] item: Leftovers
|-heal|p1a: Gliscor|100/100 tox|[from] ability: Poison Heal
|upkeep
|turn|38
|
|t:|1781135459
|switch|p2a: Hydrapple|Hydrapple, F|100/100
|move|p1a: Gliscor|Spikes|p2a: Hydrapple
|-sidestart|p2: Rj yoip|Spikes
|
|upkeep
|turn|39
|
|t:|1781135463
|switch|p1a: Slowking|Slowking-Galar, F|96/100
|-damage|p1a: Slowking|83/100|[from] Stealth Rock
|move|p2a: Hydrapple|Nasty Plot|p2a: Hydrapple
|-boost|p2a: Hydrapple|spa|2
|
|upkeep
|turn|40
|
|t:|1781135468
|switch|p2a: Garganacl|Garganacl, M, tera:Electric|71/100
|-damage|p2a: Garganacl|59/100|[from] Spikes
|move|p1a: Slowking|Sludge Bomb|p2a: Garganacl
|-damage|p2a: Garganacl|37/100
|
|-heal|p2a: Garganacl|44/100|[from] item: Leftovers
|upkeep
|turn|41
|
|t:|1781135474
|move|p2a: Garganacl|Recover|p2a: Garganacl
|-heal|p2a: Garganacl|94/100
|move|p1a: Slowking|Sludge Bomb|p2a: Garganacl
|-damage|p2a: Garganacl|68/100
|
|-heal|p2a: Garganacl|75/100|[from] item: Leftovers
|upkeep
|turn|42
|
|t:|1781135477
|move|p2a: Garganacl|Salt Cure|p1a: Slowking
|-damage|p1a: Slowking|69/100
|-start|p1a: Slowking|Salt Cure
|move|p1a: Slowking|Sludge Bomb|p2a: Garganacl
|-damage|p2a: Garganacl|49/100
|
|-heal|p2a: Garganacl|55/100|[from] item: Leftovers
|-damage|p1a: Slowking|56/100|[from] Salt Cure
|upkeep
|turn|43
|
|t:|1781135484
|switch|p1a: Gliscor|Gliscor, M|100/100 tox
|-damage|p1a: Gliscor|88/100 tox|[from] Stealth Rock
|move|p2a: Garganacl|Recover|p2a: Garganacl
|-heal|p2a: Garganacl|100/100
|
|-heal|p1a: Gliscor|100/100 tox|[from] ability: Poison Heal
|upkeep
|turn|44
|
|t:|1781135488
|move|p1a: Gliscor|Spikes|p2a: Garganacl
|-sidestart|p2: Rj yoip|Spikes
|move|p2a: Garganacl|Salt Cure|p1a: Gliscor
|-damage|p1a: Gliscor|92/100 tox
|-start|p1a: Gliscor|Salt Cure
|
|-heal|p1a: Gliscor|100/100 tox|[from] ability: Poison Heal
|-damage|p1a: Gliscor|88/100 tox|[from] Salt Cure
|upkeep
|turn|45
|
|t:|1781135492
|switch|p2a: Hydrapple|Hydrapple, F|100/100
|-damage|p2a: Hydrapple|84/100|[from] Spikes
|move|p1a: Gliscor|Spikes|p2a: Hydrapple
|-sidestart|p2: Rj yoip|Spikes
|
|-heal|p1a: Gliscor|100/100 tox|[from] ability: Poison Heal
|-damage|p1a: Gliscor|88/100 tox|[from] Salt Cure
|upkeep
|turn|46
|
|t:|1781135495
|switch|p1a: Slowking|Slowking-Galar, F|89/100
|-damage|p1a: Slowking|77/100|[from] Stealth Rock
|move|p2a: Hydrapple|Nasty Plot|p2a: Hydrapple
|-boost|p2a: Hydrapple|spa|2
|
|upkeep
|turn|47
|
|t:|1781135501
|switch|p2a: Garganacl|Garganacl, M, tera:Electric|100/100
|-damage|p2a: Garganacl|76/100|[from] Spikes
|move|p1a: Slowking|Sludge Bomb|p2a: Garganacl
|-damage|p2a: Garganacl|50/100
|
|-heal|p2a: Garganacl|56/100|[from] item: Leftovers
|upkeep
|turn|48
|
|t:|1781135506
|move|p2a: Garganacl|Salt Cure|p1a: Slowking
|-damage|p1a: Slowking|64/100
|-start|p1a: Slowking|Salt Cure
|move|p1a: Slowking|Sludge Bomb|p2a: Garganacl
|-damage|p2a: Garganacl|31/100
|
|-heal|p2a: Garganacl|37/100|[from] item: Leftovers
|-damage|p1a: Slowking|51/100|[from] Salt Cure
|upkeep
|turn|49
|
|t:|1781135511
|switch|p1a: Gliscor|Gliscor, M|88/100 tox
|-damage|p1a: Gliscor|75/100 tox|[from] Stealth Rock
|move|p2a: Garganacl|Recover|p2a: Garganacl
|-heal|p2a: Garganacl|87/100
|
|-heal|p2a: Garganacl|94/100|[from] item: Leftovers
|-heal|p1a: Gliscor|88/100 tox|[from] ability: Poison Heal
|upkeep
|turn|50
|
|t:|1781135518
|switch|p2a: Hydrapple|Hydrapple, F|100/100
|-damage|p2a: Hydrapple|76/100|[from] Spikes
|move|p1a: Gliscor|Knock Off|p2a: Hydrapple
|-crit|p2a: Hydrapple
|-damage|p2a: Hydrapple|57/100
|-damage|p1a: Gliscor|72/100 tox|[from] item: Rocky Helmet|[of] p2a: Hydrapple
|-enditem|p2a: Hydrapple|Rocky Helmet|[from] move: Knock Off|[of] p1a: Gliscor
|
|-heal|p1a: Gliscor|84/100 tox|[from] ability: Poison Heal
|upkeep
|turn|51
|
|t:|1781135525
|switch|p1a: Slowking|Slowking-Galar, F|85/100
|-damage|p1a: Slowking|72/100|[from] Stealth Rock
|move|p2a: Hydrapple|Earth Power|p1a: Slowking
|-supereffective|p1a: Slowking
|-damage|p1a: Slowking|53/100
|
|upkeep
|turn|52
|
|t:|1781135529
|switch|p2a: Garganacl|Garganacl, M, tera:Electric|94/100
|-damage|p2a: Garganacl|69/100|[from] Spikes
|move|p1a: Slowking|Sludge Bomb|p2a: Garganacl
|-damage|p2a: Garganacl|47/100
|
|-heal|p2a: Garganacl|53/100|[from] item: Leftovers
|upkeep
|turn|53
|
|t:|1781135533
|move|p2a: Garganacl|Salt Cure|p1a: Slowking
|-damage|p1a: Slowking|39/100
|-start|p1a: Slowking|Salt Cure
|move|p1a: Slowking|Sludge Bomb|p2a: Garganacl
|-damage|p2a: Garganacl|29/100
|
|-heal|p2a: Garganacl|35/100|[from] item: Leftovers
|-damage|p1a: Slowking|27/100|[from] Salt Cure
|upkeep
|turn|54
|
|t:|1781135538
|switch|p1a: Gliscor|Gliscor, M|84/100 tox
|-damage|p1a: Gliscor|72/100 tox|[from] Stealth Rock
|move|p2a: Garganacl|Salt Cure|p1a: Gliscor
|-damage|p1a: Gliscor|63/100 tox
|-start|p1a: Gliscor|Salt Cure
|
|-heal|p2a: Garganacl|42/100|[from] item: Leftovers
|-heal|p1a: Gliscor|75/100 tox|[from] ability: Poison Heal
|-damage|p1a: Gliscor|63/100 tox|[from] Salt Cure
|upkeep
|turn|55
|
|t:|1781135542
|move|p2a: Garganacl|Protect|p2a: Garganacl
|-singleturn|p2a: Garganacl|Protect
|move|p1a: Gliscor|Earthquake|p2a: Garganacl
|-activate|p2a: Garganacl|move: Protect
|
|-heal|p2a: Garganacl|48/100|[from] item: Leftovers
|-heal|p1a: Gliscor|75/100 tox|[from] ability: Poison Heal
|-damage|p1a: Gliscor|63/100 tox|[from] Salt Cure
|upkeep
|turn|56
|
|t:|1781135548
|move|p1a: Gliscor|Earthquake|p2a: Garganacl
|-supereffective|p2a: Garganacl
|-damage|p2a: Garganacl|9/100
|move|p2a: Garganacl|Recover|p2a: Garganacl
|-heal|p2a: Garganacl|59/100
|
|-heal|p2a: Garganacl|65/100|[from] item: Leftovers
|-heal|p1a: Gliscor|75/100 tox|[from] ability: Poison Heal
|-damage|p1a: Gliscor|63/100 tox|[from] Salt Cure
|upkeep
|turn|57
|
|t:|1781135554
|move|p2a: Garganacl|Protect|p2a: Garganacl
|-singleturn|p2a: Garganacl|Protect
|move|p1a: Gliscor|Earthquake|p2a: Garganacl
|-activate|p2a: Garganacl|move: Protect
|
|-heal|p2a: Garganacl|71/100|[from] item: Leftovers
|-heal|p1a: Gliscor|75/100 tox|[from] ability: Poison Heal
|-damage|p1a: Gliscor|63/100 tox|[from] Salt Cure
|upkeep
|turn|58
|
|t:|1781135561
|move|p1a: Gliscor|Earthquake|p2a: Garganacl
|-supereffective|p2a: Garganacl
|-damage|p2a: Garganacl|29/100
|move|p2a: Garganacl|Recover|p2a: Garganacl
|-heal|p2a: Garganacl|79/100
|
|-heal|p2a: Garganacl|85/100|[from] item: Leftovers
|-heal|p1a: Gliscor|75/100 tox|[from] ability: Poison Heal
|-damage|p1a: Gliscor|63/100 tox|[from] Salt Cure
|upkeep
|turn|59
|
|t:|1781135568
|move|p2a: Garganacl|Protect|p2a: Garganacl
|-singleturn|p2a: Garganacl|Protect
|move|p1a: Gliscor|Earthquake|p2a: Garganacl
|-activate|p2a: Garganacl|move: Protect
|
|-heal|p2a: Garganacl|92/100|[from] item: Leftovers
|-heal|p1a: Gliscor|75/100 tox|[from] ability: Poison Heal
|-damage|p1a: Gliscor|63/100 tox|[from] Salt Cure
|upkeep
|turn|60
|
|t:|1781135572
|switch|p2a: Alomomola|Alomomola, F|100/100
|-damage|p2a: Alomomola|75/100|[from] Spikes
|move|p1a: Gliscor|Earthquake|p2a: Alomomola
|-damage|p2a: Alomomola|54/100
|
|-heal|p1a: Gliscor|75/100 tox|[from] ability: Poison Heal
|-damage|p1a: Gliscor|63/100 tox|[from] Salt Cure
|upkeep
|turn|61
|
|t:|1781135577
|switch|p1a: Slowking|Slowking-Galar, F|60/100
|-damage|p1a: Slowking|48/100|[from] Stealth Rock
|move|p2a: Alomomola|Flip Turn|p1a: Slowking
|-damage|p1a: Slowking|29/100
|
|t:|1781135580
|switch|p2a: Garganacl|Garganacl, M, tera:Electric|92/100|[from] Flip Turn
|-damage|p2a: Garganacl|67/100|[from] Spikes
|
|-heal|p2a: Garganacl|73/100|[from] item: Leftovers
|upkeep
|turn|62
|
|t:|1781135586
|switch|p1a: Gliscor|Gliscor, M|63/100 tox
|-damage|p1a: Gliscor|50/100 tox|[from] Stealth Rock
|move|p2a: Garganacl|Salt Cure|p1a: Gliscor
|-damage|p1a: Gliscor|43/100 tox
|-start|p1a: Gliscor|Salt Cure
|
|-heal|p2a: Garganacl|79/100|[from] item: Leftovers
|-heal|p1a: Gliscor|55/100 tox|[from] ability: Poison Heal
|-damage|p1a: Gliscor|43/100 tox|[from] Salt Cure
|upkeep
|turn|63
|
|t:|1781135589
|move|p2a: Garganacl|Protect|p2a: Garganacl
|-singleturn|p2a: Garganacl|Protect
|move|p1a: Gliscor|Earthquake|p2a: Garganacl
|-activate|p2a: Garganacl|move: Protect
|
|-heal|p2a: Garganacl|85/100|[from] item: Leftovers
|-heal|p1a: Gliscor|55/100 tox|[from] ability: Poison Heal
|-damage|p1a: Gliscor|43/100 tox|[from] Salt Cure
|upkeep
|turn|64
|
|t:|1781135591
|switch|p2a: Hydrapple|Hydrapple, F|90/100
|-damage|p2a: Hydrapple|65/100|[from] Spikes
|move|p1a: Gliscor|Earthquake|p2a: Hydrapple
|-resisted|p2a: Hydrapple
|-damage|p2a: Hydrapple|57/100
|
|-heal|p1a: Gliscor|55/100 tox|[from] ability: Poison Heal
|-damage|p1a: Gliscor|43/100 tox|[from] Salt Cure
|upkeep
|turn|65
|
|t:|1781135596
|switch|p1a: Slowking|Slowking-Galar, F|63/100
|-damage|p1a: Slowking|50/100|[from] Stealth Rock
|move|p2a: Hydrapple|Nasty Plot|p2a: Hydrapple
|-boost|p2a: Hydrapple|spa|2
|
|upkeep
|turn|66
|
|t:|1781135599
|move|p2a: Hydrapple|Earth Power|p1a: Slowking
|-supereffective|p1a: Slowking
|-damage|p1a: Slowking|9/100
|move|p1a: Slowking|Sludge Bomb|p2a: Hydrapple
|-supereffective|p2a: Hydrapple
|-damage|p2a: Hydrapple|0 fnt
|faint|p2a: Hydrapple
|
|upkeep
|
|t:|1781135601
|switch|p2a: Alomomola|Alomomola, F|87/100
|-damage|p2a: Alomomola|62/100|[from] Spikes
|turn|67
|
|t:|1781135607
|switch|p1a: Great Tusk|Great Tusk|2/100
|move|p2a: Alomomola|Flip Turn|p1a: Great Tusk
|-supereffective|p1a: Great Tusk
|-damage|p1a: Great Tusk|0 fnt
|faint|p1a: Great Tusk
|-end|p1a: Great Tusk|Protosynthesis|[silent]
|
|t:|1781135613
|switch|p2a: Enamorus|Enamorus, F|100/100|[from] Flip Turn
|
|upkeep
|
|t:|1781135616
|switch|p1a: Slowking|Slowking-Galar, F|42/100
|-damage|p1a: Slowking|30/100|[from] Stealth Rock
|turn|68
|
|t:|1781135621
|switch|p2a: Garganacl|Garganacl, M, tera:Electric|85/100
|-damage|p2a: Garganacl|61/100|[from] Spikes
|move|p1a: Slowking|Sludge Bomb|p2a: Garganacl
|-damage|p2a: Garganacl|37/100
|
|-heal|p2a: Garganacl|43/100|[from] item: Leftovers
|upkeep
|turn|69
|
|t:|1781135627
|switch|p1a: Gliscor|Gliscor, M|43/100 tox
|-damage|p1a: Gliscor|30/100 tox|[from] Stealth Rock
|move|p2a: Garganacl|Salt Cure|p1a: Gliscor
|-damage|p1a: Gliscor|23/100 tox
|-start|p1a: Gliscor|Salt Cure
|
|-heal|p2a: Garganacl|50/100|[from] item: Leftovers
|-heal|p1a: Gliscor|35/100 tox|[from] ability: Poison Heal
|-damage|p1a: Gliscor|23/100 tox|[from] Salt Cure
|upkeep
|turn|70
|
|t:|1781135632
|move|p2a: Garganacl|Protect|p2a: Garganacl
|-singleturn|p2a: Garganacl|Protect
|move|p1a: Gliscor|Earthquake|p2a: Garganacl
|-activate|p2a: Garganacl|move: Protect
|
|-heal|p2a: Garganacl|56/100|[from] item: Leftovers
|-heal|p1a: Gliscor|35/100 tox|[from] ability: Poison Heal
|-damage|p1a: Gliscor|23/100 tox|[from] Salt Cure
|upkeep
|turn|71
|
|t:|1781135636
|switch|p2a: Alomomola|Alomomola, F|95/100
|-damage|p2a: Alomomola|70/100|[from] Spikes
|move|p1a: Gliscor|Knock Off|p2a: Alomomola
|-damage|p2a: Alomomola|56/100
|-enditem|p2a: Alomomola|Assault Vest|[from] move: Knock Off|[of] p1a: Gliscor
|
|-heal|p1a: Gliscor|35/100 tox|[from] ability: Poison Heal
|-damage|p1a: Gliscor|23/100 tox|[from] Salt Cure
|upkeep
|turn|72
|
|t:|1781135643
|switch|p1a: Slowking|Slowking-Galar, F|63/100
|-damage|p1a: Slowking|51/100|[from] Stealth Rock
|move|p2a: Alomomola|Flip Turn|p1a: Slowking
|-damage|p1a: Slowking|32/100
|
|t:|1781135645
|switch|p2a: Garganacl|Garganacl, M, tera:Electric|56/100|[from] Flip Turn
|-damage|p2a: Garganacl|31/100|[from] Spikes
|
|-heal|p2a: Garganacl|37/100|[from] item: Leftovers
|upkeep
|turn|73
|
|t:|1781135648
|switch|p1a: Gliscor|Gliscor, M|23/100 tox
|-damage|p1a: Gliscor|10/100 tox|[from] Stealth Rock
|move|p2a: Garganacl|Salt Cure|p1a: Gliscor
|-damage|p1a: Gliscor|2/100 tox
|-start|p1a: Gliscor|Salt Cure
|
|-heal|p2a: Garganacl|43/100|[from] item: Leftovers
|-heal|p1a: Gliscor|14/100 tox|[from] ability: Poison Heal
|-damage|p1a: Gliscor|2/100 tox|[from] Salt Cure
|upkeep
|turn|74
|
|t:|1781135651
|move|p2a: Garganacl|Protect|p2a: Garganacl
|-singleturn|p2a: Garganacl|Protect
|move|p1a: Gliscor|Earthquake|p2a: Garganacl
|-activate|p2a: Garganacl|move: Protect
|
|-heal|p2a: Garganacl|50/100|[from] item: Leftovers
|-heal|p1a: Gliscor|14/100 tox|[from] ability: Poison Heal
|-damage|p1a: Gliscor|2/100 tox|[from] Salt Cure
|upkeep
|turn|75
|
|t:|1781135656
|move|p1a: Gliscor|Earthquake|p2a: Garganacl
|-supereffective|p2a: Garganacl
|-damage|p2a: Garganacl|3/100
|move|p2a: Garganacl|Salt Cure|p1a: Gliscor
|-damage|p1a: Gliscor|0 fnt
|faint|p1a: Gliscor
|
|-heal|p2a: Garganacl|10/100|[from] item: Leftovers
|upkeep
|
|t:|1781135660
|switch|p1a: Kingambit|Kingambit, F|43/100
|-damage|p1a: Kingambit|36/100|[from] Stealth Rock
|-activate|p1a: Kingambit|ability: Supreme Overlord
|-start|p1a: Kingambit|fallen3|[silent]
|turn|76
|
|t:|1781135664
|move|p1a: Kingambit|Iron Head|p2a: Garganacl
|-resisted|p2a: Garganacl
|-damage|p2a: Garganacl|0 fnt
|faint|p2a: Garganacl
|
|upkeep
|
|t:|1781135666
|switch|p2a: Enamorus|Enamorus, F|100/100
|turn|77
|
|t:|1781135670
|-end|p1a: Kingambit|fallen3|[silent]
|switch|p1a: Slowking|Slowking-Galar, F|66/100
|-damage|p1a: Slowking|53/100|[from] Stealth Rock
|move|p2a: Enamorus|Moonblast|p1a: Slowking
|-resisted|p1a: Slowking
|-damage|p1a: Slowking|43/100
|-unboost|p1a: Slowking|spa|1
|
|upkeep
|turn|78
|
|t:|1781135674
|switch|p2a: Alomomola|Alomomola, F|89/100
|-damage|p2a: Alomomola|64/100|[from] Spikes
|move|p1a: Slowking|Future Sight|p2a: Alomomola
|-start|p1a: Slowking|move: Future Sight
|
|upkeep
|turn|79
|
|t:|1781135678
|switch|p1a: Dondozo|Dondozo, F|100/100
|-damage|p1a: Dondozo|88/100|[from] Stealth Rock
|move|p2a: Alomomola|Scald|p1a: Dondozo
|-resisted|p1a: Dondozo
|-damage|p1a: Dondozo|81/100
|
|-heal|p1a: Dondozo|87/100|[from] item: Leftovers
|upkeep
|turn|80
|
|t:|1781135682
|switch|p1a: Slowking|Slowking-Galar, F|76/100
|-damage|p1a: Slowking|64/100|[from] Stealth Rock
|move|p2a: Alomomola|Scald|p1a: Slowking
|-damage|p1a: Slowking|58/100
|
|-end|p2a: Alomomola|move: Future Sight
|-damage|p2a: Alomomola|26/100
|upkeep
|turn|81
|
|t:|1781135688
|move|p2a: Alomomola|Scald|p1a: Slowking
|-damage|p1a: Slowking|53/100
|-status|p1a: Slowking|brn
|move|p1a: Slowking|Sludge Bomb|p2a: Alomomola
|-damage|p2a: Alomomola|0 fnt
|faint|p2a: Alomomola
|
|-damage|p1a: Slowking|47/100 brn|[from] brn
|upkeep
|
|t:|1781135693
|switch|p2a: Enamorus|Enamorus, F|100/100
|turn|82
|
|t:|1781135696
|move|p2a: Enamorus|Earth Power|p1a: Slowking
|-supereffective|p1a: Slowking
|-damage|p1a: Slowking|18/100 brn
|move|p1a: Slowking|Future Sight|p2a: Enamorus
|-start|p1a: Slowking|move: Future Sight
|
|-damage|p1a: Slowking|12/100 brn|[from] brn
|upkeep
|turn|83
|
|t:|1781135700
|switch|p1a: Dondozo|Dondozo, F|87/100
|-damage|p1a: Dondozo|75/100|[from] Stealth Rock
|move|p2a: Enamorus|Earth Power|p1a: Dondozo
|-damage|p1a: Dondozo|40/100
|
|-heal|p1a: Dondozo|47/100|[from] item: Leftovers
|upkeep
|turn|84
|
|t:|1781135704
|move|p2a: Enamorus|Earth Power|p1a: Dondozo
|-damage|p1a: Dondozo|11/100
|move|p1a: Dondozo|Wave Crash|p2a: Enamorus
|-damage|p2a: Enamorus|39/100
|-damage|p1a: Dondozo|0 fnt|[from] Recoil
|faint|p1a: Dondozo
|
|-end|p2a: Enamorus|move: Future Sight
|-damage|p2a: Enamorus|0 fnt
|faint|p2a: Enamorus
|
|win|KurisuChestnutOU
|raw|KurisuChestnutOU's rating: 1483 &rarr; <strong>1510</strong><br />(+27 for winning)
|raw|Rj yoip's rating: 1601 &rarr; <strong>1574</strong><br />(-27 for losing)
