|j|☆snooze sza
|j|☆rekjllj
|t:|1781306997
|gametype|singles
|player|p1|snooze sza|red-gen2|1481
|player|p2|rekjllj|169|1546
|gen|9
|tier|[Gen 9] OU
|rated|
|rule|HP Percentage Mod: HP is shown in percentages
|rule|Endless Battle Clause: Forcing endless battles is banned
|rule|Species Clause: Limit one of each Pokémon
|rule|OHKO Clause: OHKO moves are banned
|rule|Evasion Items Clause: Evasion items are banned
|rule|Evasion Moves Clause: Evasion moves are banned
|rule|Evasion Abilities Clause: Evasion abilities are banned
|rule|Sleep Moves Clause: Sleep-inducing moves are banned
|clearpoke
|poke|p1|Dragapult, F|
|poke|p1|Iron Valiant|
|poke|p1|Dragonite, M|
|poke|p1|Slowking-Galar, M|
|poke|p1|Samurott-Hisui, M|
|poke|p1|Weezing-Galar, F|
|poke|p2|Walking Wake|
|poke|p2|Great Tusk|
|poke|p2|Ninetales, F|
|poke|p2|Cresselia, F|
|poke|p2|Zarude|
|poke|p2|Ceruledge, M|
|teampreview
|inactive|Battle timer is ON: inactive players will automatically lose when time's up. (requested by snooze sza)
|
|t:|1781307006
|teamsize|p1|6
|teamsize|p2|6
|start
|switch|p1a: Weezing|Weezing-Galar, F|100/100
|switch|p2a: Great Tusk|Great Tusk|100/100
|-ability|p1a: Weezing|Neutralizing Gas
|turn|1
|c|☆rekjllj|hf
|inactive|rekjllj also wants the timer to be on.
|
|t:|1781307020
|-end|p2a: Great Tusk|Protosynthesis|[silent]
|switch|p2a: Ceruledge|Ceruledge, M|100/100
|-end|p1a: Weezing|ability: Neutralizing Gas
|switch|p1a: Dragonite|Dragonite, M|100/100
|
|upkeep
|turn|2
|
|t:|1781307026
|move|p2a: Ceruledge|Poltergeist|p1a: Dragonite
|-activate|p1a: Dragonite|move: Poltergeist|Rocky Helmet
|-damage|p1a: Dragonite|81/100
|move|p1a: Dragonite|Thunder Wave|p2a: Ceruledge
|-status|p2a: Ceruledge|par
|
|upkeep
|turn|3
|
|t:|1781307033
|move|p1a: Dragonite|Roost|p1a: Dragonite
|-heal|p1a: Dragonite|100/100
|-singleturn|p1a: Dragonite|move: Roost
|cant|p2a: Ceruledge|par
|
|upkeep
|turn|4
|c|☆snooze sza|u2
|
|t:|1781307046
|switch|p1a: Weezing|Weezing-Galar, F|100/100
|-ability|p1a: Weezing|Neutralizing Gas
|switch|p2a: Zarude|Zarude|100/100
|
|upkeep
|turn|5
|
|t:|1781307052
|switch|p2a: Ceruledge|Ceruledge, M|100/100 par
|move|p1a: Weezing|Toxic||[still]
|-fail|p1a: Weezing
|
|upkeep
|turn|6
|
|t:|1781307057
|move|p1a: Weezing|Toxic Spikes|p2a: Ceruledge
|-sidestart|p2: rekjllj|move: Toxic Spikes
|move|p2a: Ceruledge|Swords Dance|p2a: Ceruledge
|-boost|p2a: Ceruledge|atk|2
|
|upkeep
|turn|7
|
|t:|1781307063
|-end|p1a: Weezing|ability: Neutralizing Gas
|switch|p1a: Dragonite|Dragonite, M|100/100
|cant|p2a: Ceruledge|par
|
|upkeep
|turn|8
|
|t:|1781307069
|move|p1a: Dragonite|Encore|p2a: Ceruledge
|-start|p2a: Ceruledge|Encore
|move|p2a: Ceruledge|Swords Dance|p2a: Ceruledge
|-boost|p2a: Ceruledge|atk|2
|
|upkeep
|turn|9
|
|t:|1781307075
|switch|p1a: Samurott|Samurott-Hisui, M|100/100
|switch|p2a: Zarude|Zarude|100/100
|-status|p2a: Zarude|psn
|
|-damage|p2a: Zarude|88/100 psn|[from] psn
|upkeep
|turn|10
|
|t:|1781307083
|switch|p1a: Weezing|Weezing-Galar, F|100/100
|-ability|p1a: Weezing|Neutralizing Gas
|move|p2a: Zarude|Power Whip|p1a: Weezing
|-resisted|p1a: Weezing
|-crit|p1a: Weezing
|-damage|p1a: Weezing|64/100
|
|-heal|p2a: Zarude|94/100 psn|[from] item: Leftovers
|-damage|p2a: Zarude|82/100 psn|[from] psn
|upkeep
|turn|11
|
|t:|1781307093
|move|p2a: Zarude|Swords Dance|p2a: Zarude
|-boost|p2a: Zarude|atk|2
|move|p1a: Weezing|Strange Steam|p2a: Zarude
|-supereffective|p2a: Zarude
|-damage|p2a: Zarude|34/100 psn
|
|-heal|p2a: Zarude|40/100 psn|[from] item: Leftovers
|-damage|p2a: Zarude|28/100 psn|[from] psn
|upkeep
|turn|12
|
|t:|1781307098
|-terastallize|p2a: Zarude|Poison
|move|p2a: Zarude|Synthesis|p2a: Zarude
|-heal|p2a: Zarude|77/100 psn
|move|p1a: Weezing|Strange Steam|p2a: Zarude
|-resisted|p2a: Zarude
|-damage|p2a: Zarude|67/100 psn
|
|-heal|p2a: Zarude|73/100 psn|[from] item: Leftovers
|-damage|p2a: Zarude|60/100 psn|[from] psn
|upkeep
|turn|13
|
|t:|1781307115
|-end|p1a: Weezing|ability: Neutralizing Gas
|switch|p1a: Dragonite|Dragonite, M|100/100
|move|p2a: Zarude|Knock Off|p1a: Dragonite
|-crit|p1a: Dragonite
|-damage|p1a: Dragonite|52/100
|-damage|p2a: Zarude|44/100 psn|[from] item: Rocky Helmet|[of] p1a: Dragonite
|-enditem|p1a: Dragonite|Rocky Helmet|[from] move: Knock Off|[of] p2a: Zarude
|
|-heal|p2a: Zarude|50/100 psn|[from] item: Leftovers
|-damage|p2a: Zarude|38/100 psn|[from] psn
|upkeep
|turn|14
|
|t:|1781307123
|move|p2a: Zarude|Knock Off|p1a: Dragonite
|-damage|p1a: Dragonite|13/100
|move|p1a: Dragonite|Roost|p1a: Dragonite
|-heal|p1a: Dragonite|63/100
|-singleturn|p1a: Dragonite|move: Roost
|
|-heal|p2a: Zarude|44/100 psn|[from] item: Leftovers
|-damage|p2a: Zarude|32/100 psn|[from] psn
|upkeep
|turn|15
|
|t:|1781307126
|move|p2a: Zarude|Knock Off|p1a: Dragonite
|-damage|p1a: Dragonite|21/100
|move|p1a: Dragonite|Encore|p2a: Zarude
|-start|p2a: Zarude|Encore
|
|-heal|p2a: Zarude|38/100 psn|[from] item: Leftovers
|-damage|p2a: Zarude|26/100 psn|[from] psn
|upkeep
|turn|16
|
|t:|1781307131
|switch|p1a: Weezing|Weezing-Galar, F|64/100
|-ability|p1a: Weezing|Neutralizing Gas
|move|p2a: Zarude|Knock Off|p1a: Weezing
|-resisted|p1a: Weezing
|-damage|p1a: Weezing|29/100
|-enditem|p1a: Weezing|Heavy-Duty Boots|[from] move: Knock Off|[of] p2a: Zarude
|
|-heal|p2a: Zarude|32/100 psn|[from] item: Leftovers
|-damage|p2a: Zarude|19/100 psn|[from] psn
|upkeep
|turn|17
|
|t:|1781307135
|move|p2a: Zarude|Knock Off|p1a: Weezing
|-resisted|p1a: Weezing
|-damage|p1a: Weezing|5/100
|move|p1a: Weezing|Strange Steam|p2a: Zarude
|-resisted|p2a: Zarude
|-damage|p2a: Zarude|8/100 psn
|-start|p2a: Zarude|confusion
|
|-heal|p2a: Zarude|14/100 psn|[from] item: Leftovers
|-damage|p2a: Zarude|2/100 psn|[from] psn
|upkeep
|turn|18
|
|t:|1781307140
|-activate|p2a: Zarude|confusion
|move|p2a: Zarude|Knock Off|p1a: Weezing
|-resisted|p1a: Weezing
|-damage|p1a: Weezing|0 fnt
|faint|p1a: Weezing
|-end|p1a: Weezing|ability: Neutralizing Gas
|
|-heal|p2a: Zarude|8/100 psn|[from] item: Leftovers
|-damage|p2a: Zarude|0 fnt|[from] psn
|faint|p2a: Zarude
|upkeep
|
|t:|1781307148
|switch|p2a: Great Tusk|Great Tusk|100/100
|switch|p1a: Dragapult|Dragapult, F|100/100
|-status|p2a: Great Tusk|psn
|turn|19
|
|t:|1781307154
|move|p1a: Dragapult|Dragon Dance|p1a: Dragapult
|-boost|p1a: Dragapult|atk|1
|-boost|p1a: Dragapult|spe|1
|move|p2a: Great Tusk|Headlong Rush|p1a: Dragapult
|-damage|p1a: Dragapult|9/100
|-unboost|p2a: Great Tusk|def|1
|-unboost|p2a: Great Tusk|spd|1
|
|-heal|p1a: Dragapult|15/100|[from] item: Leftovers
|-damage|p2a: Great Tusk|88/100 psn|[from] psn
|upkeep
|turn|20
|
|t:|1781307161
|-end|p2a: Great Tusk|Protosynthesis|[silent]
|switch|p2a: Cresselia|Cresselia, F|100/100
|move|p1a: Dragapult|Dragon Darts|p2a: Cresselia
|-damage|p2a: Cresselia|77/100
|-anim|p1a: Dragapult|Dragon Darts|p2a: Cresselia
|-damage|p2a: Cresselia|54/100
|-enditem|p2a: Cresselia|Eject Button
|
|t:|1781307168
|switch|p2a: Great Tusk|Great Tusk|88/100 psn
|
|-heal|p1a: Dragapult|21/100|[from] item: Leftovers
|-damage|p2a: Great Tusk|75/100 psn|[from] psn
|upkeep
|turn|21
|
|t:|1781307176
|-terastallize|p1a: Dragapult|Dragon
|move|p1a: Dragapult|Dragon Darts|p2a: Great Tusk
|-damage|p2a: Great Tusk|38/100 psn
|-anim|p1a: Dragapult|Dragon Darts|p2a: Great Tusk
|-damage|p2a: Great Tusk|0 fnt
|faint|p2a: Great Tusk
|-end|p2a: Great Tusk|Protosynthesis|[silent]
|
|-heal|p1a: Dragapult|27/100|[from] item: Leftovers
|upkeep
|
|t:|1781307183
|switch|p2a: Cresselia|Cresselia, F|54/100
|turn|22
|
|t:|1781307189
|switch|p2a: Ninetales|Ninetales, F|100/100
|-status|p2a: Ninetales|psn
|-weather|SunnyDay|[from] ability: Drought|[of] p2a: Ninetales
|move|p1a: Dragapult|Phantom Force||[still]
|-prepare|p1a: Dragapult|Phantom Force
|
|-weather|SunnyDay|[upkeep]
|-heal|p1a: Dragapult|33/100|[from] item: Leftovers
|-damage|p2a: Ninetales|88/100 psn|[from] psn
|upkeep
|turn|23
|
|t:|1781307192
|move|p1a: Dragapult|Phantom Force|p2a: Ninetales|[from] lockedmove
|-damage|p2a: Ninetales|0 fnt
|faint|p2a: Ninetales
|
|-weather|SunnyDay|[upkeep]
|-heal|p1a: Dragapult|39/100|[from] item: Leftovers
|upkeep
|
|t:|1781307196
|switch|p2a: Cresselia|Cresselia, F|54/100
|turn|24
|
|t:|1781307200
|switch|p2a: Walking Wake|Walking Wake|100/100
|-status|p2a: Walking Wake|psn
|-activate|p2a: Walking Wake|ability: Protosynthesis
|-start|p2a: Walking Wake|protosynthesisspe
|move|p1a: Dragapult|Phantom Force||[still]
|-prepare|p1a: Dragapult|Phantom Force
|
|-weather|SunnyDay|[upkeep]
|-heal|p1a: Dragapult|45/100|[from] item: Leftovers
|-damage|p2a: Walking Wake|88/100 psn|[from] psn
|upkeep
|turn|25
|
|t:|1781307203
|move|p1a: Dragapult|Phantom Force|p2a: Walking Wake|[from] lockedmove
|-damage|p2a: Walking Wake|15/100 psn
|move|p2a: Walking Wake|Dragon Tail|p1a: Dragapult
|-supereffective|p1a: Dragapult
|-damage|p1a: Dragapult|4/100
|drag|p1a: Dragonite|Dragonite, M|21/100
|
|-weather|SunnyDay|[upkeep]
|-damage|p2a: Walking Wake|3/100 psn|[from] psn
|upkeep
|turn|26
|
|t:|1781307213
|move|p2a: Walking Wake|Hydro Steam|p1a: Dragonite
|-resisted|p1a: Dragonite
|-damage|p1a: Dragonite|0 fnt
|faint|p1a: Dragonite
|
|-weather|SunnyDay|[upkeep]
|-damage|p2a: Walking Wake|0 fnt|[from] psn
|faint|p2a: Walking Wake
|-end|p2a: Walking Wake|Protosynthesis|[silent]
|upkeep
|
|t:|1781307218
|switch|p2a: Ceruledge|Ceruledge, M|100/100 par
|switch|p1a: Dragapult|Dragapult, F, tera:Dragon|4/100
|turn|27
|
|t:|1781307223
|move|p1a: Dragapult|Dragon Darts|p2a: Ceruledge
|-damage|p2a: Ceruledge|51/100 par
|-ability|p2a: Ceruledge|Weak Armor|boost
|-unboost|p2a: Ceruledge|def|1
|-boost|p2a: Ceruledge|spe|2
|-anim|p1a: Dragapult|Dragon Darts|p2a: Ceruledge
|-damage|p2a: Ceruledge|0 fnt
|faint|p2a: Ceruledge
|
|-weather|SunnyDay|[upkeep]
|-heal|p1a: Dragapult|10/100|[from] item: Leftovers
|upkeep
|
|t:|1781307227
|switch|p2a: Cresselia|Cresselia, F|54/100
|turn|28
|
|t:|1781307230
|move|p1a: Dragapult|Dragon Darts|p2a: Cresselia
|-damage|p2a: Cresselia|33/100
|-anim|p1a: Dragapult|Dragon Darts|p2a: Cresselia
|-damage|p2a: Cresselia|13/100
|move|p2a: Cresselia|Moonlight|p2a: Cresselia
|-heal|p2a: Cresselia|79/100
|
|-weather|SunnyDay|[upkeep]
|-heal|p1a: Dragapult|16/100|[from] item: Leftovers
|upkeep
|turn|29
|
|t:|1781307235
|move|p1a: Dragapult|Will-O-Wisp|p2a: Cresselia|[miss]
|-miss|p1a: Dragapult|p2a: Cresselia
|move|p2a: Cresselia|Psychic|p1a: Dragapult
|-damage|p1a: Dragapult|0 fnt
|faint|p1a: Dragapult
|
|-weather|none
|upkeep
|
|t:|1781307241
|switch|p1a: Slowking|Slowking-Galar, M|100/100
|turn|30
|
|t:|1781307246
|move|p2a: Cresselia|Thunder Wave|p1a: Slowking
|-status|p1a: Slowking|par
|cant|p1a: Slowking|par
|
|upkeep
|turn|31
|
|t:|1781307252
|move|p2a: Cresselia|Moonlight|p2a: Cresselia
|-heal|p2a: Cresselia|100/100
|move|p1a: Slowking|Toxic|p2a: Cresselia
|-status|p2a: Cresselia|tox
|
|-damage|p2a: Cresselia|94/100 tox|[from] psn
|upkeep
|turn|32
|
|t:|1781307257
|move|p2a: Cresselia|Thunder Wave|p1a: Slowking
|-fail|p1a: Slowking|par
|move|p1a: Slowking|Future Sight|p2a: Cresselia
|-start|p1a: Slowking|move: Future Sight
|
|-damage|p2a: Cresselia|82/100 tox|[from] psn
|upkeep
|turn|33
|
|t:|1781307263
|move|p2a: Cresselia|Thunder Wave|p1a: Slowking
|-fail|p1a: Slowking|par
|-prepare|p1a: Slowking|Chilly Reception|[premajor]
|move|p1a: Slowking|Chilly Reception|p1a: Slowking
|-weather|Snowscape
|
|t:|1781307269
|switch|p1a: Samurott|Samurott-Hisui, M|100/100|[from] Chilly Reception
|
|-weather|Snowscape|[upkeep]
|-damage|p2a: Cresselia|64/100 tox|[from] psn
|upkeep
|turn|34
|
|t:|1781307275
|move|p1a: Samurott|Taunt|p2a: Cresselia
|-start|p2a: Cresselia|move: Taunt
|cant|p2a: Cresselia|move: Taunt|Moonlight
|
|-weather|Snowscape|[upkeep]
|-end|p2a: Cresselia|move: Future Sight
|-resisted|p2a: Cresselia
|-damage|p2a: Cresselia|50/100 tox
|-damage|p2a: Cresselia|26/100 tox|[from] psn
|upkeep
|turn|35
|
|t:|1781307280
|move|p1a: Samurott|Ceaseless Edge|p2a: Cresselia|[miss]
|-miss|p1a: Samurott|p2a: Cresselia
|move|p2a: Cresselia|Psychic|p1a: Samurott
|-immune|p1a: Samurott
|
|-weather|Snowscape|[upkeep]
|-damage|p2a: Cresselia|0 fnt|[from] psn
|faint|p2a: Cresselia
|
|win|snooze sza
|raw|snooze sza's rating: 1481 &rarr; <strong>1505</strong><br />(+24 for winning)
|raw|rekjllj's rating: 1546 &rarr; <strong>1522</strong><br />(-24 for losing)
|c|☆rekjllj|gg
