|j|☆icylikedecember
|j|☆ur doggo
|t:|1781258014
|gametype|singles
|player|p1|icylikedecember|smasher|1672
|player|p2|ur doggo|102|1645
|gen|9
|tier|[Gen 9] OU
|rated|
|rule|HP Percentage Mod: HP is shown in percentages
|rule|Endless Battle Clause: Forcing endless battles is banned
|rule|Species Clause: Limit one of each Pokémon
|rule|OHKO Clause: OHKO moves are banned
|rule|Evasion Items Clause: Evasion items are banned
|rule|Evasion Moves Clause: Evasion moves are banned
|rule|Evasion Abilities Clause: Evasion abilities are banned
|rule|Sleep Moves Clause: Sleep-inducing moves are banned
|clearpoke
|poke|p1|Corviknight, M|
|poke|p1|Slowking-Galar, F|
|poke|p1|Darkrai|
|poke|p1|Kyurem|
|poke|p1|Zamazenta-*|
|poke|p1|Crawdaunt, M|
|poke|p2|Latios, M|
|poke|p2|Darkrai|
|poke|p2|Ting-Lu|
|poke|p2|Corviknight, F|
|poke|p2|Dragonite, M|
|poke|p2|Clefable, F|
|teampreview
|inactive|Battle timer is ON: inactive players will automatically lose when time's up. (requested by icylikedecember)
|
|t:|1781258039
|teamsize|p1|6
|teamsize|p2|6
|start
|switch|p1a: Slowking|Slowking-Galar, F, shiny|100/100
|switch|p2a: Clefable|Clefable, F|100/100
|turn|1
|j| gsdgdsfsdzfsdz
|inactive|icylikedecember has 120 seconds left.
|
|t:|1781258073
|move|p2a: Clefable|Stealth Rock|p1a: Slowking
|-sidestart|p1: icylikedecember|move: Stealth Rock
|move|p1a: Slowking|Sludge Bomb|p2a: Clefable
|-supereffective|p2a: Clefable
|-damage|p2a: Clefable|13/100
|
|upkeep
|turn|2
|
|t:|1781258078
|switch|p2a: Corviknight|Corviknight, F|100/100
|-ability|p2a: Corviknight|Pressure
|move|p1a: Slowking|Sludge Bomb|p2a: Corviknight
|-immune|p2a: Corviknight
|
|upkeep
|turn|3
|
|t:|1781258084
|move|p2a: Corviknight|Brave Bird|p1a: Slowking
|-damage|p1a: Slowking|62/100
|-damage|p2a: Corviknight|88/100|[from] Recoil
|move|p1a: Slowking|Sludge Bomb|p2a: Corviknight
|-immune|p2a: Corviknight
|
|-heal|p2a: Corviknight|94/100|[from] item: Leftovers
|upkeep
|turn|4
|
|t:|1781258088
|move|p2a: Corviknight|Brave Bird|p1a: Slowking
|-damage|p1a: Slowking|26/100
|-damage|p2a: Corviknight|82/100|[from] Recoil
|move|p1a: Slowking|Flamethrower|p2a: Corviknight
|-supereffective|p2a: Corviknight
|-damage|p2a: Corviknight|42/100
|
|-heal|p2a: Corviknight|48/100|[from] item: Leftovers
|upkeep
|turn|5
|
|t:|1781258101
|switch|p1a: Crawdaunt|Crawdaunt, M|100/100
|-damage|p1a: Crawdaunt|88/100|[from] Stealth Rock
|move|p2a: Corviknight|Roost|p2a: Corviknight
|-heal|p2a: Corviknight|98/100
|-singleturn|p2a: Corviknight|move: Roost
|
|-heal|p2a: Corviknight|100/100|[from] item: Leftovers
|upkeep
|turn|6
|
|t:|1781258112
|switch|p2a: Dragonite|Dragonite, M|100/100
|move|p1a: Crawdaunt|Crabhammer|p2a: Dragonite
|-resisted|p2a: Dragonite
|-damage|p2a: Dragonite|70/100
|
|upkeep
|turn|7
|
|t:|1781258126
|switch|p1a: Corviknight|Corviknight, M, shiny|100/100
|-damage|p1a: Corviknight|88/100|[from] Stealth Rock
|-ability|p1a: Corviknight|Pressure
|move|p2a: Dragonite|Roost|p2a: Dragonite
|-heal|p2a: Dragonite|100/100
|-singleturn|p2a: Dragonite|move: Roost
|
|upkeep
|turn|8
|j| Ctannn
|
|t:|1781258146
|switch|p2a: Clefable|Clefable, F|13/100
|move|p1a: Corviknight|U-turn|p2a: Clefable
|-resisted|p2a: Clefable
|-damage|p2a: Clefable|8/100
|-damage|p1a: Corviknight|72/100|[from] item: Rocky Helmet|[of] p2a: Clefable
|
|t:|1781258159
|switch|p1a: Kyurem|Kyurem|100/100|[from] U-turn
|-damage|p1a: Kyurem|76/100|[from] Stealth Rock
|-ability|p1a: Kyurem|Pressure
|
|upkeep
|turn|9
|
|t:|1781258165
|move|p1a: Kyurem|Ice Beam|p2a: Clefable
|-damage|p2a: Clefable|0 fnt
|faint|p2a: Clefable
|
|upkeep
|
|t:|1781258174
|switch|p2a: Corviknight|Corviknight, F|100/100
|-ability|p2a: Corviknight|Pressure
|turn|10
|
|t:|1781258180
|move|p1a: Kyurem|Ice Beam|p2a: Corviknight
|-damage|p2a: Corviknight|53/100
|move|p2a: Corviknight|U-turn|p1a: Kyurem
|-crit|p1a: Kyurem
|-damage|p1a: Kyurem|56/100
|inactive|ur doggo has 120 seconds left.
|
|t:|1781258221
|switch|p2a: Latios|Latios, M|100/100|[from] U-turn
|
|upkeep
|turn|11
|inactive|ur doggo has 120 seconds left.
|
|t:|1781258227
|switch|p1a: Slowking|Slowking-Galar, F, shiny|59/100
|-damage|p1a: Slowking|46/100|[from] Stealth Rock
|move|p2a: Latios|Aura Sphere|p1a: Slowking
|-resisted|p1a: Slowking
|-damage|p1a: Slowking|43/100
|
|upkeep
|turn|12
|
|t:|1781258234
|move|p2a: Latios|Calm Mind|p2a: Latios
|-boost|p2a: Latios|spa|1
|-boost|p2a: Latios|spd|1
|move|p1a: Slowking|Ice Beam|p2a: Latios
|-supereffective|p2a: Latios
|-damage|p2a: Latios|63/100
|
|upkeep
|turn|13
|
|t:|1781258245
|move|p2a: Latios|Calm Mind|p2a: Latios
|-boost|p2a: Latios|spa|1
|-boost|p2a: Latios|spd|1
|move|p1a: Slowking|Ice Beam|p2a: Latios
|-supereffective|p2a: Latios
|-crit|p2a: Latios
|-damage|p2a: Latios|0 fnt
|faint|p2a: Latios
|
|upkeep
|j| choispecs ironmoth
|
|t:|1781258250
|switch|p2a: Darkrai|Darkrai|100/100
|turn|14
|
|t:|1781258257
|move|p2a: Darkrai|Dark Pulse|p1a: Slowking
|-supereffective|p1a: Slowking
|-damage|p1a: Slowking|0 fnt
|faint|p1a: Slowking
|
|upkeep
|j| purple keys
|
|t:|1781258266
|switch|p1a: Zamazenta|Zamazenta|100/100
|-damage|p1a: Zamazenta|94/100|[from] Stealth Rock
|-ability|p1a: Zamazenta|Dauntless Shield|boost
|-boost|p1a: Zamazenta|def|1
|turn|15
|l| gsdgdsfsdzfsdz
|l| purple keys
|
|t:|1781258270
|-terastallize|p2a: Darkrai|Ghost
|move|p1a: Zamazenta|Body Press|p2a: Darkrai
|-immune|p2a: Darkrai
|move|p2a: Darkrai|Will-O-Wisp|p1a: Zamazenta
|-status|p1a: Zamazenta|brn
|
|-heal|p1a: Zamazenta|100/100 brn|[from] item: Leftovers
|-damage|p1a: Zamazenta|94/100 brn|[from] brn
|upkeep
|turn|16
|
|t:|1781258276
|move|p1a: Zamazenta|Iron Defense|p1a: Zamazenta
|-boost|p1a: Zamazenta|def|2
|move|p2a: Darkrai|Knock Off|p1a: Zamazenta
|-resisted|p1a: Zamazenta
|-damage|p1a: Zamazenta|90/100 brn
|-enditem|p1a: Zamazenta|Leftovers|[from] move: Knock Off|[of] p2a: Darkrai
|
|-damage|p1a: Zamazenta|84/100 brn|[from] brn
|upkeep
|turn|17
|
|t:|1781258284
|move|p1a: Zamazenta|Crunch|p2a: Darkrai
|-supereffective|p2a: Darkrai
|-damage|p2a: Darkrai|69/100
|move|p2a: Darkrai|Ice Beam|p1a: Zamazenta
|-crit|p1a: Zamazenta
|-damage|p1a: Zamazenta|44/100 brn
|
|-damage|p1a: Zamazenta|38/100 brn|[from] brn
|upkeep
|turn|18
|
|t:|1781258293
|switch|p2a: Corviknight|Corviknight, F|53/100
|-ability|p2a: Corviknight|Pressure
|move|p1a: Zamazenta|Crunch|p2a: Corviknight
|-damage|p2a: Corviknight|45/100
|-unboost|p2a: Corviknight|def|1
|
|-heal|p2a: Corviknight|51/100|[from] item: Leftovers
|-damage|p1a: Zamazenta|31/100 brn|[from] brn
|upkeep
|turn|19
|
|t:|1781258297
|move|p1a: Zamazenta|Body Press|p2a: Corviknight
|-damage|p2a: Corviknight|2/100
|move|p2a: Corviknight|Roost|p2a: Corviknight
|-heal|p2a: Corviknight|52/100
|-singleturn|p2a: Corviknight|move: Roost
|
|-heal|p2a: Corviknight|58/100|[from] item: Leftovers
|-damage|p1a: Zamazenta|25/100 brn|[from] brn
|upkeep
|turn|20
|
|t:|1781258301
|move|p1a: Zamazenta|Iron Defense|p1a: Zamazenta
|-boost|p1a: Zamazenta|def|2
|move|p2a: Corviknight|Roost|p2a: Corviknight
|-heal|p2a: Corviknight|100/100
|-singleturn|p2a: Corviknight|move: Roost
|
|-damage|p1a: Zamazenta|19/100 brn|[from] brn
|upkeep
|turn|21
|
|t:|1781258305
|switch|p2a: Darkrai|Darkrai, tera:Ghost|69/100
|move|p1a: Zamazenta|Body Press|p2a: Darkrai
|-immune|p2a: Darkrai
|
|-damage|p1a: Zamazenta|13/100 brn|[from] brn
|upkeep
|turn|22
|
|t:|1781258313
|switch|p2a: Corviknight|Corviknight, F|100/100
|-ability|p2a: Corviknight|Pressure
|move|p1a: Zamazenta|Crunch|p2a: Corviknight
|-crit|p2a: Corviknight
|-damage|p2a: Corviknight|88/100
|
|-heal|p2a: Corviknight|94/100|[from] item: Leftovers
|-damage|p1a: Zamazenta|7/100 brn|[from] brn
|upkeep
|turn|23
|
|t:|1781258321
|move|p1a: Zamazenta|Body Press|p2a: Corviknight
|-damage|p2a: Corviknight|46/100
|move|p2a: Corviknight|Roost|p2a: Corviknight
|-heal|p2a: Corviknight|96/100
|-singleturn|p2a: Corviknight|move: Roost
|
|-heal|p2a: Corviknight|100/100|[from] item: Leftovers
|-damage|p1a: Zamazenta|0 fnt|[from] brn
|faint|p1a: Zamazenta
|upkeep
|
|t:|1781258334
|switch|p1a: Kyurem|Kyurem|56/100
|-damage|p1a: Kyurem|31/100|[from] Stealth Rock
|-ability|p1a: Kyurem|Pressure
|turn|24
|
|t:|1781258339
|move|p1a: Kyurem|Ice Beam|p2a: Corviknight
|-damage|p2a: Corviknight|50/100
|move|p2a: Corviknight|Brave Bird|p1a: Kyurem
|-damage|p1a: Kyurem|0 fnt
|faint|p1a: Kyurem
|-damage|p2a: Corviknight|40/100|[from] Recoil
|
|-heal|p2a: Corviknight|46/100|[from] item: Leftovers
|upkeep
|
|t:|1781258356
|switch|p1a: Crawdaunt|Crawdaunt, M|88/100
|-damage|p1a: Crawdaunt|76/100|[from] Stealth Rock
|turn|25
|
|t:|1781258371
|move|p1a: Crawdaunt|Crabhammer|p2a: Corviknight
|-damage|p2a: Corviknight|0 fnt
|faint|p2a: Corviknight
|
|upkeep
|
|t:|1781258380
|switch|p2a: Dragonite|Dragonite, M|100/100
|turn|26
|
|t:|1781258389
|switch|p2a: Darkrai|Darkrai, tera:Ghost|69/100
|move|p1a: Crawdaunt|Crabhammer|p2a: Darkrai
|-damage|p2a: Darkrai|0 fnt
|faint|p2a: Darkrai
|
|upkeep
|
|t:|1781258395
|switch|p2a: Dragonite|Dragonite, M|100/100
|turn|27
|
|t:|1781258399
|move|p2a: Dragonite|Low Kick|p1a: Crawdaunt
|-supereffective|p1a: Crawdaunt
|-damage|p1a: Crawdaunt|9/100
|move|p1a: Crawdaunt|Crabhammer|p2a: Dragonite
|-resisted|p2a: Dragonite
|-damage|p2a: Dragonite|70/100
|
|upkeep
|turn|28
|
|t:|1781258404
|move|p2a: Dragonite|Extreme Speed|p1a: Crawdaunt
|-damage|p1a: Crawdaunt|0 fnt
|faint|p1a: Crawdaunt
|
|upkeep
|
|t:|1781258406
|switch|p1a: Darkrai|Darkrai|100/100
|-damage|p1a: Darkrai|88/100|[from] Stealth Rock
|turn|29
|
|t:|1781258417
|switch|p2a: Ting-Lu|Ting-Lu|100/100
|-ability|p2a: Ting-Lu|Vessel of Ruin
|move|p1a: Darkrai|Ice Beam|p2a: Ting-Lu
|-supereffective|p2a: Ting-Lu
|-damage|p2a: Ting-Lu|70/100
|
|-heal|p2a: Ting-Lu|76/100|[from] item: Leftovers
|upkeep
|turn|30
|
|t:|1781258427
|move|p1a: Darkrai|Focus Blast|p2a: Ting-Lu
|-supereffective|p2a: Ting-Lu
|-damage|p2a: Ting-Lu|33/100
|move|p2a: Ting-Lu|Earthquake|p1a: Darkrai
|-damage|p1a: Darkrai|43/100
|
|-heal|p2a: Ting-Lu|39/100|[from] item: Leftovers
|upkeep
|turn|31
|
|t:|1781258432
|switch|p2a: Dragonite|Dragonite, M|70/100
|move|p1a: Darkrai|Focus Blast|p2a: Dragonite
|-resisted|p2a: Dragonite
|-damage|p2a: Dragonite|47/100
|
|upkeep
|turn|32
|
|t:|1781258437
|switch|p1a: Corviknight|Corviknight, M, shiny|72/100
|-damage|p1a: Corviknight|59/100|[from] Stealth Rock
|-ability|p1a: Corviknight|Pressure
|move|p2a: Dragonite|Extreme Speed|p1a: Corviknight
|-resisted|p1a: Corviknight
|-damage|p1a: Corviknight|49/100
|-damage|p2a: Dragonite|30/100|[from] item: Rocky Helmet|[of] p1a: Corviknight
|
|upkeep
|turn|33
|
|t:|1781258440
|move|p2a: Dragonite|Roost|p2a: Dragonite
|-heal|p2a: Dragonite|80/100
|-singleturn|p2a: Dragonite|move: Roost
|move|p1a: Corviknight|Roost|p1a: Corviknight
|-heal|p1a: Corviknight|99/100
|-singleturn|p1a: Corviknight|move: Roost
|
|upkeep
|turn|34
|-message|ur doggo forfeited.
|
|win|icylikedecember
|raw|icylikedecember's rating: 1672 &rarr; <strong>1690</strong><br />(+18 for winning)
|raw|ur doggo's rating: 1645 &rarr; <strong>1627</strong><br />(-18 for losing)
|l|☆ur doggo
|player|p2|
|l|☆icylikedecember
|player|p1|
|l| Ctannn
