|j|☆omari p
|j|☆I hate my pokemon.
|t:|1781548806
|gametype|singles
|player|p1|omari p|pokemonrangerf|1621
|player|p2|I hate my pokemon.|ghetsis-gen5bw|1587
|gen|9
|tier|[Gen 9] OU
|rated|
|rule|HP Percentage Mod: HP is shown in percentages
|rule|Endless Battle Clause: Forcing endless battles is banned
|rule|Species Clause: Limit one of each Pokémon
|rule|OHKO Clause: OHKO moves are banned
|rule|Evasion Items Clause: Evasion items are banned
|rule|Evasion Moves Clause: Evasion moves are banned
|rule|Evasion Abilities Clause: Evasion abilities are banned
|rule|Sleep Moves Clause: Sleep-inducing moves are banned
|clearpoke
|poke|p1|Hoopa|
|poke|p1|Cinderace, M|
|poke|p1|Mandibuzz, F|
|poke|p1|Kyurem|
|poke|p1|Ting-Lu|
|poke|p1|Manaphy|
|poke|p2|Dragonite, M|
|poke|p2|Keldeo|
|poke|p2|Iron Valiant|
|poke|p2|Ditto|
|poke|p2|Iron Treads|
|poke|p2|Scizor, F|
|teampreview
|c|☆I hate my pokemon.|Is this the real omari p
|c|☆I hate my pokemon.|Can the real omari p please stand up
|inactive|Battle timer is ON: inactive players will automatically lose when time's up. (requested by I hate my pokemon.)
|
|t:|1781548924
|teamsize|p1|6
|teamsize|p2|6
|start
|switch|p1a: Ting-Lucifer|Ting-Lu|100/100
|switch|p2a: Keldeo|Keldeo|100/100
|-ability|p1a: Ting-Lucifer|Vessel of Ruin
|turn|1
|c|☆omari p|sup
|c|☆omari p|sup
|
|t:|1781548935
|move|p2a: Keldeo|Aura Sphere|p1a: Ting-Lucifer
|-supereffective|p1a: Ting-Lucifer
|-damage|p1a: Ting-Lucifer|39/100
|-enditem|p1a: Ting-Lucifer|Weakness Policy
|-boost|p1a: Ting-Lucifer|atk|2|[from] item: Weakness Policy
|-boost|p1a: Ting-Lucifer|spa|2|[from] item: Weakness Policy
|-damage|p2a: Keldeo|91/100|[from] item: Life Orb
|move|p1a: Ting-Lucifer|Earthquake|p2a: Keldeo
|-damage|p2a: Keldeo|0 fnt
|faint|p2a: Keldeo
|
|upkeep
|
|t:|1781548943
|switch|p2a: Ditto|Ditto|100/100
|-transform|p2a: Ditto|p1a: Ting-Lucifer|[from] ability: Imposter
|-ability|p2a: Ditto|Vessel of Ruin
|turn|2
|
|t:|1781548949
|move|p2a: Ditto|Stone Edge|p1a: Ting-Lucifer
|-resisted|p1a: Ting-Lucifer
|-damage|p1a: Ting-Lucifer|19/100
|move|p1a: Ting-Lucifer|Earthquake|p2a: Ditto
|-damage|p2a: Ditto|7/100
|
|upkeep
|turn|3
|
|t:|1781548954
|move|p2a: Ditto|Stone Edge|p1a: Ting-Lucifer
|-resisted|p1a: Ting-Lucifer
|-damage|p1a: Ting-Lucifer|0 fnt
|faint|p1a: Ting-Lucifer
|
|upkeep
|
|t:|1781548962
|switch|p1a: Cinderace|Cinderace, M|100/100
|turn|4
|
|t:|1781548979
|move|p1a: Cinderace|Pyro Ball|p2a: Ditto
|-damage|p2a: Ditto|0 fnt
|faint|p2a: Ditto
|
|upkeep
|
|t:|1781548985
|switch|p2a: Dragonite|Dragonite, M|100/100
|turn|5
|
|t:|1781548993
|move|p1a: Cinderace|U-turn|p2a: Dragonite
|-start|p1a: Cinderace|typechange|Bug|[from] ability: Libero
|-resisted|p2a: Dragonite
|-damage|p2a: Dragonite|91/100
|
|t:|1781548995
|switch|p1a: Mandibuzz|Mandibuzz, F, shiny|100/100|[from] U-turn
|move|p2a: Dragonite|Dragon Dance|p2a: Dragonite
|-boost|p2a: Dragonite|atk|1
|-boost|p2a: Dragonite|spe|1
|
|upkeep
|turn|6
|
|t:|1781548999
|switch|p2a: Iron Treads|Iron Treads|100/100
|-enditem|p2a: Iron Treads|Booster Energy
|-activate|p2a: Iron Treads|ability: Quark Drive|[fromitem]
|-start|p2a: Iron Treads|quarkdrivespe
|move|p1a: Mandibuzz|Foul Play|p2a: Iron Treads
|-damage|p2a: Iron Treads|59/100
|
|upkeep
|turn|7
|
|t:|1781549004
|move|p2a: Iron Treads|Knock Off|p1a: Mandibuzz
|-resisted|p1a: Mandibuzz
|-damage|p1a: Mandibuzz|92/100
|-damage|p2a: Iron Treads|43/100|[from] item: Rocky Helmet|[of] p1a: Mandibuzz
|-enditem|p1a: Mandibuzz|Rocky Helmet|[from] move: Knock Off|[of] p2a: Iron Treads
|move|p1a: Mandibuzz|Foul Play|p2a: Iron Treads
|-crit|p2a: Iron Treads
|-damage|p2a: Iron Treads|0 fnt
|faint|p2a: Iron Treads
|-end|p2a: Iron Treads|Quark Drive|[silent]
|
|upkeep
|
|t:|1781549010
|switch|p2a: Iron Valiant|Iron Valiant|100/100
|-enditem|p2a: Iron Valiant|Booster Energy
|-activate|p2a: Iron Valiant|ability: Quark Drive|[fromitem]
|-start|p2a: Iron Valiant|quarkdrivespe
|turn|8
|
|t:|1781549013
|switch|p1a: Cinderace|Cinderace, M|100/100
|move|p2a: Iron Valiant|Encore||[still]
|-fail|p2a: Iron Valiant
|
|upkeep
|turn|9
|
|t:|1781549017
|move|p2a: Iron Valiant|Calm Mind|p2a: Iron Valiant
|-boost|p2a: Iron Valiant|spa|1
|-boost|p2a: Iron Valiant|spd|1
|move|p1a: Cinderace|Pyro Ball|p2a: Iron Valiant
|-damage|p2a: Iron Valiant|7/100
|
|upkeep
|turn|10
|
|t:|1781549026
|move|p2a: Iron Valiant|Shadow Ball|p1a: Cinderace
|-damage|p1a: Cinderace|46/100
|-unboost|p1a: Cinderace|spd|1
|move|p1a: Cinderace|U-turn|p2a: Iron Valiant
|-start|p1a: Cinderace|typechange|Bug|[from] ability: Libero
|-resisted|p2a: Iron Valiant
|-damage|p2a: Iron Valiant|0 fnt
|faint|p2a: Iron Valiant
|-end|p2a: Iron Valiant|Quark Drive|[silent]
|
|t:|1781549030
|switch|p1a: Mandibuzz|Mandibuzz, F, shiny|92/100|[from] U-turn
|
|upkeep
|
|t:|1781549038
|switch|p2a: Scizor|Scizor, F|100/100
|turn|11
|
|t:|1781549043
|move|p2a: Scizor|Bullet Punch|p1a: Mandibuzz
|-damage|p1a: Mandibuzz|64/100
|move|p1a: Mandibuzz|Foul Play|p2a: Scizor
|-damage|p2a: Scizor|44/100
|
|upkeep
|turn|12
|
|t:|1781549053
|move|p2a: Scizor|Bullet Punch|p1a: Mandibuzz
|-damage|p1a: Mandibuzz|33/100
|move|p1a: Mandibuzz|Foul Play|p2a: Scizor
|-damage|p2a: Scizor|0 fnt
|faint|p2a: Scizor
|
|upkeep
|
|t:|1781549055
|switch|p2a: Dragonite|Dragonite, M|91/100
|turn|13
|inactive|omari p has 120 seconds left.
|
|t:|1781549093
|-terastallize|p2a: Dragonite|Normal
|move|p2a: Dragonite|Extreme Speed|p1a: Mandibuzz
|-damage|p1a: Mandibuzz|4/100
|move|p1a: Mandibuzz|Foul Play|p2a: Dragonite
|-damage|p2a: Dragonite|31/100
|
|upkeep
|turn|14
|inactive|omari p has 120 seconds left.
|
|t:|1781549103
|move|p2a: Dragonite|Extreme Speed|p1a: Mandibuzz
|-damage|p1a: Mandibuzz|0 fnt
|faint|p1a: Mandibuzz
|
|upkeep
|inactive|omari p has 120 seconds left.
|
|t:|1781549108
|switch|p1a: Manaphy|Manaphy|100/100
|turn|15
|
|t:|1781549114
|move|p2a: Dragonite|Extreme Speed|p1a: Manaphy
|-damage|p1a: Manaphy|60/100
|move|p1a: Manaphy|Scald|p2a: Dragonite
|-damage|p2a: Dragonite|4/100
|-status|p2a: Dragonite|brn
|
|-heal|p1a: Manaphy|66/100|[from] item: Leftovers
|-damage|p2a: Dragonite|0 fnt|[from] brn
|faint|p2a: Dragonite
|
|win|omari p
|raw|omari p's rating: 1621 &rarr; <strong>1639</strong><br />(+18 for winning)
|raw|I hate my pokemon.'s rating: 1587 &rarr; <strong>1569</strong><br />(-18 for losing)
|l|☆I hate my pokemon.
|player|p2|
