|j|☆rekjllj
|j|☆LetsgoBrandonJ
|t:|1781320010
|gametype|singles
|player|p1|rekjllj|169|1640
|player|p2|LetsgoBrandonJ|palmer|1706
|gen|9
|tier|[Gen 9] OU
|rated|
|rule|HP Percentage Mod: HP is shown in percentages
|rule|Endless Battle Clause: Forcing endless battles is banned
|rule|Species Clause: Limit one of each Pokémon
|rule|OHKO Clause: OHKO moves are banned
|rule|Evasion Items Clause: Evasion items are banned
|rule|Evasion Moves Clause: Evasion moves are banned
|rule|Evasion Abilities Clause: Evasion abilities are banned
|rule|Sleep Moves Clause: Sleep-inducing moves are banned
|clearpoke
|poke|p1|Kingambit, M|
|poke|p1|Kommo-o, M|
|poke|p1|Iron Valiant|
|poke|p1|Kyurem|
|poke|p1|Iron Treads|
|poke|p1|Iron Crown|
|poke|p2|Tyranitar, F|
|poke|p2|Excadrill, F|
|poke|p2|Keldeo-Resolute|
|poke|p2|Tornadus-Therian, M|
|poke|p2|Heatran, M|
|poke|p2|Hydrapple, F|
|teampreview
|inactive|Battle timer is ON: inactive players will automatically lose when time's up. (requested by LetsgoBrandonJ)
|
|t:|1781320017
|teamsize|p1|6
|teamsize|p2|6
|start
|switch|p1a: Kommo-o|Kommo-o, M|100/100
|switch|p2a: Tyranitar|Tyranitar, F|100/100
|-weather|Sandstorm|[from] ability: Sand Stream|[of] p2a: Tyranitar
|turn|1
|c|☆rekjllj|hf
|inactive|rekjllj also wants the timer to be on.
|
|t:|1781320033
|move|p1a: Kommo-o|Drain Punch|p2a: Tyranitar
|-supereffective|p2a: Tyranitar
|-damage|p2a: Tyranitar|0 fnt
|faint|p2a: Tyranitar
|
|-weather|Sandstorm|[upkeep]
|-damage|p1a: Kommo-o|94/100|[from] Sandstorm
|-heal|p1a: Kommo-o|100/100|[from] item: Leftovers
|upkeep
|
|t:|1781320041
|switch|p2a: Tornadus|Tornadus-Therian, M|100/100
|turn|2
|
|t:|1781320047
|switch|p1a: Iron Crown|Iron Crown|100/100
|-enditem|p1a: Iron Crown|Booster Energy
|-activate|p1a: Iron Crown|ability: Quark Drive|[fromitem]
|-start|p1a: Iron Crown|quarkdrivespe
|move|p2a: Tornadus|Bleakwind Storm|p1a: Iron Crown|[miss]
|-miss|p2a: Tornadus|p1a: Iron Crown
|
|-weather|Sandstorm|[upkeep]
|-damage|p2a: Tornadus|94/100|[from] Sandstorm
|upkeep
|turn|3
|
|t:|1781320057
|move|p1a: Iron Crown|Calm Mind|p1a: Iron Crown
|-boost|p1a: Iron Crown|spa|1
|-boost|p1a: Iron Crown|spd|1
|move|p2a: Tornadus|U-turn|p1a: Iron Crown
|-damage|p1a: Iron Crown|86/100
|
|t:|1781320063
|switch|p2a: Excadrill|Excadrill, F|100/100|[from] U-turn
|-item|p2a: Excadrill|Air Balloon
|
|-weather|Sandstorm|[upkeep]
|upkeep
|turn|4
|
|t:|1781320070
|-terastallize|p1a: Iron Crown|Fighting
|move|p2a: Excadrill|Earthquake|p1a: Iron Crown
|-damage|p1a: Iron Crown|23/100
|move|p1a: Iron Crown|Focus Blast|p2a: Excadrill
|-supereffective|p2a: Excadrill
|-crit|p2a: Excadrill
|-damage|p2a: Excadrill|0 fnt
|-enditem|p2a: Excadrill|Air Balloon
|faint|p2a: Excadrill
|
|-weather|Sandstorm|[upkeep]
|-damage|p1a: Iron Crown|17/100|[from] Sandstorm
|upkeep
|
|t:|1781320083
|switch|p2a: Keldeo|Keldeo-Resolute|100/100
|turn|5
|
|t:|1781320089
|move|p2a: Keldeo|Vacuum Wave|p1a: Iron Crown
|-damage|p1a: Iron Crown|0 fnt
|faint|p1a: Iron Crown
|-end|p1a: Iron Crown|Quark Drive|[silent]
|
|-weather|none
|upkeep
|
|t:|1781320095
|switch|p1a: Iron Valiant|Iron Valiant|100/100
|-enditem|p1a: Iron Valiant|Booster Energy
|-activate|p1a: Iron Valiant|ability: Quark Drive|[fromitem]
|-start|p1a: Iron Valiant|quarkdrivespe
|turn|6
|
|t:|1781320101
|-end|p1a: Iron Valiant|Quark Drive|[silent]
|switch|p1a: Kyurem|Kyurem|100/100
|-ability|p1a: Kyurem|Pressure
|switch|p2a: Heatran|Heatran, M|100/100
|
|upkeep
|turn|7
|
|t:|1781320110
|move|p1a: Kyurem|Scale Shot|p2a: Heatran|[miss]
|-miss|p1a: Kyurem|p2a: Heatran
|move|p2a: Heatran|Magma Storm|p1a: Kyurem
|-damage|p1a: Kyurem|55/100
|-activate|p1a: Kyurem|move: Magma Storm|[of] p2a: Heatran
|
|-damage|p1a: Kyurem|43/100|[from] move: Magma Storm|[partiallytrapped]
|upkeep
|turn|8
|
|t:|1781320119
|move|p1a: Kyurem|Earth Power|p2a: Heatran
|-supereffective|p2a: Heatran
|-damage|p2a: Heatran|29/100
|-unboost|p2a: Heatran|spd|1
|move|p2a: Heatran|Earth Power|p1a: Kyurem
|-damage|p1a: Kyurem|13/100
|
|-heal|p2a: Heatran|35/100|[from] item: Leftovers
|-damage|p1a: Kyurem|0 fnt|[from] move: Magma Storm|[partiallytrapped]
|faint|p1a: Kyurem
|upkeep
|
|t:|1781320126
|switch|p1a: Kommo-o|Kommo-o, M|100/100
|turn|9
|
|t:|1781320134
|switch|p1a: Iron Valiant|Iron Valiant|100/100
|switch|p2a: Tornadus|Tornadus-Therian, M|100/100
|
|upkeep
|turn|10
|
|t:|1781320142
|-end|p1a: Iron Valiant|Quark Drive|[silent]
|switch|p1a: Kingambit|Kingambit, M|100/100
|-activate|p1a: Kingambit|ability: Supreme Overlord
|-start|p1a: Kingambit|fallen2|[silent]
|move|p2a: Tornadus|Bleakwind Storm|p1a: Kingambit
|-resisted|p1a: Kingambit
|-damage|p1a: Kingambit|81/100
|-unboost|p1a: Kingambit|spe|1
|
|-heal|p1a: Kingambit|87/100|[from] item: Leftovers
|upkeep
|turn|11
|
|t:|1781320154
|switch|p2a: Keldeo|Keldeo-Resolute|100/100
|move|p1a: Kingambit|Iron Head|p2a: Keldeo
|-resisted|p2a: Keldeo
|-damage|p2a: Keldeo|69/100
|
|-heal|p1a: Kingambit|93/100|[from] item: Leftovers
|upkeep
|turn|12
|
|t:|1781320165
|-end|p1a: Kingambit|fallen2|[silent]
|switch|p1a: Iron Valiant|Iron Valiant|100/100
|move|p2a: Keldeo|Secret Sword|p1a: Iron Valiant
|-resisted|p1a: Iron Valiant
|-damage|p1a: Iron Valiant|59/100
|
|upkeep
|turn|13
|
|t:|1781320172
|switch|p2a: Tornadus|Tornadus-Therian, M|100/100
|move|p1a: Iron Valiant|Moonblast|p2a: Tornadus
|-damage|p2a: Tornadus|53/100
|-unboost|p2a: Tornadus|spa|1
|
|upkeep
|turn|14
|
|t:|1781320180
|-end|p1a: Iron Valiant|Quark Drive|[silent]
|switch|p1a: Kingambit|Kingambit, M|93/100
|-activate|p1a: Kingambit|ability: Supreme Overlord
|-start|p1a: Kingambit|fallen2|[silent]
|move|p2a: Tornadus|U-turn|p1a: Kingambit
|-damage|p1a: Kingambit|81/100
|
|t:|1781320187
|switch|p2a: Keldeo|Keldeo-Resolute|69/100|[from] U-turn
|
|-heal|p1a: Kingambit|87/100|[from] item: Leftovers
|upkeep
|turn|15
|
|t:|1781320197
|move|p1a: Kingambit|Sucker Punch|p2a: Keldeo
|-resisted|p2a: Keldeo
|-damage|p2a: Keldeo|42/100
|-ability|p2a: Keldeo|Justified|boost
|-boost|p2a: Keldeo|atk|1
|move|p2a: Keldeo|Surf|p1a: Kingambit
|-damage|p1a: Kingambit|10/100
|
|-heal|p1a: Kingambit|16/100|[from] item: Leftovers
|upkeep
|turn|16
|
|t:|1781320207
|move|p2a: Keldeo|Surf|p1a: Kingambit
|-damage|p1a: Kingambit|0 fnt
|faint|p1a: Kingambit
|-end|p1a: Kingambit|fallen2|[silent]
|
|upkeep
|
|t:|1781320210
|switch|p1a: Kommo-o|Kommo-o, M|100/100
|turn|17
|
|t:|1781320214
|switch|p2a: Heatran|Heatran, M|35/100
|move|p1a: Kommo-o|Clangorous Soul|p1a: Kommo-o
|-boost|p1a: Kommo-o|atk|1
|-boost|p1a: Kommo-o|def|1
|-boost|p1a: Kommo-o|spa|1
|-boost|p1a: Kommo-o|spd|1
|-boost|p1a: Kommo-o|spe|1
|-damage|p1a: Kommo-o|68/100
|
|-heal|p1a: Kommo-o|74/100|[from] item: Leftovers
|-heal|p2a: Heatran|41/100|[from] item: Leftovers
|upkeep
|turn|18
|
|t:|1781320230
|move|p1a: Kommo-o|Drain Punch|p2a: Heatran
|-supereffective|p2a: Heatran
|-damage|p2a: Heatran|0 fnt
|-heal|p1a: Kommo-o|96/100|[from] drain|[of] p2a: Heatran
|faint|p2a: Heatran
|
|-heal|p1a: Kommo-o|100/100|[from] item: Leftovers
|upkeep
|
|t:|1781320238
|switch|p2a: Hydrapple|Hydrapple, F|100/100
|turn|19
|
|t:|1781320244
|-terastallize|p2a: Hydrapple|Fairy
|move|p1a: Kommo-o|Clangorous Soul|p1a: Kommo-o
|-boost|p1a: Kommo-o|atk|1
|-boost|p1a: Kommo-o|def|1
|-boost|p1a: Kommo-o|spa|1
|-boost|p1a: Kommo-o|spd|1
|-boost|p1a: Kommo-o|spe|1
|-damage|p1a: Kommo-o|68/100
|move|p2a: Hydrapple|Fickle Beam|p1a: Kommo-o
|-supereffective|p1a: Kommo-o
|-damage|p1a: Kommo-o|35/100
|
|-heal|p1a: Kommo-o|41/100|[from] item: Leftovers
|upkeep
|turn|20
|
|t:|1781320258
|move|p1a: Kommo-o|Shadow Claw|p2a: Hydrapple
|-damage|p2a: Hydrapple|82/100
|-damage|p1a: Kommo-o|25/100|[from] item: Rocky Helmet|[of] p2a: Hydrapple
|move|p2a: Hydrapple|Fickle Beam|p1a: Kommo-o
|-supereffective|p1a: Kommo-o
|-damage|p1a: Kommo-o|0 fnt
|faint|p1a: Kommo-o
|
|upkeep
|
|t:|1781320265
|switch|p1a: Iron Valiant|Iron Valiant|59/100
|turn|21
|
|t:|1781320272
|move|p1a: Iron Valiant|Moonblast|p2a: Hydrapple
|-damage|p2a: Hydrapple|32/100
|move|p2a: Hydrapple|Giga Drain|p1a: Iron Valiant
|-damage|p1a: Iron Valiant|4/100
|-heal|p2a: Hydrapple|52/100|[from] drain|[of] p1a: Iron Valiant
|
|upkeep
|turn|22
|
|t:|1781320279
|switch|p2a: Tornadus|Tornadus-Therian, M|86/100
|move|p1a: Iron Valiant|Moonblast|p2a: Tornadus
|-damage|p2a: Tornadus|37/100
|
|upkeep
|turn|23
|
|t:|1781320286
|-end|p1a: Iron Valiant|Quark Drive|[silent]
|switch|p1a: Iron Treads|Iron Treads|100/100
|-enditem|p1a: Iron Treads|Booster Energy
|-activate|p1a: Iron Treads|ability: Quark Drive|[fromitem]
|-start|p1a: Iron Treads|quarkdrivespe
|move|p2a: Tornadus|U-turn|p1a: Iron Treads
|-resisted|p1a: Iron Treads
|-damage|p1a: Iron Treads|96/100
|
|t:|1781320293
|switch|p2a: Keldeo|Keldeo-Resolute|42/100|[from] U-turn
|
|upkeep
|turn|24
|
|t:|1781320302
|move|p2a: Keldeo|Vacuum Wave|p1a: Iron Treads
|-supereffective|p1a: Iron Treads
|-damage|p1a: Iron Treads|21/100
|move|p1a: Iron Treads|Earthquake|p2a: Keldeo
|-damage|p2a: Keldeo|1/100
|
|upkeep
|turn|25
|
|t:|1781320308
|move|p2a: Keldeo|Vacuum Wave|p1a: Iron Treads
|-supereffective|p1a: Iron Treads
|-damage|p1a: Iron Treads|0 fnt
|faint|p1a: Iron Treads
|-end|p1a: Iron Treads|Quark Drive|[silent]
|
|upkeep
|
|t:|1781320311
|switch|p1a: Iron Valiant|Iron Valiant|4/100
|turn|26
|
|t:|1781320315
|move|p2a: Keldeo|Vacuum Wave|p1a: Iron Valiant
|-resisted|p1a: Iron Valiant
|-damage|p1a: Iron Valiant|0 fnt
|faint|p1a: Iron Valiant
|-end|p1a: Iron Valiant|Quark Drive|[silent]
|
|win|LetsgoBrandonJ
|raw|rekjllj's rating: 1640 &rarr; <strong>1624</strong><br />(-16 for losing)
|raw|LetsgoBrandonJ's rating: 1706 &rarr; <strong>1722</strong><br />(+16 for winning)
|c|☆rekjllj|gg
|l|☆rekjllj
|player|p1|
|c|☆LetsgoBrandonJ|Gg
|l|☆LetsgoBrandonJ
|player|p2|
