|j|☆jsnsddk
|j|☆Luisowbro
|t:|1781183439
|gametype|singles
|player|p1|jsnsddk|102|1544
|player|p2|Luisowbro|ingo|1532
|gen|9
|tier|[Gen 9] OU
|rated|
|rule|HP Percentage Mod: HP is shown in percentages
|rule|Endless Battle Clause: Forcing endless battles is banned
|rule|Species Clause: Limit one of each Pokémon
|rule|OHKO Clause: OHKO moves are banned
|rule|Evasion Items Clause: Evasion items are banned
|rule|Evasion Moves Clause: Evasion moves are banned
|rule|Evasion Abilities Clause: Evasion abilities are banned
|rule|Sleep Moves Clause: Sleep-inducing moves are banned
|clearpoke
|poke|p1|Dragonite, F|
|poke|p1|Hatterene, F|
|poke|p1|Kingambit, M|
|poke|p1|Crawdaunt, F|
|poke|p1|Iron Crown|
|poke|p1|Manaphy|
|poke|p2|Moltres-Galar|
|poke|p2|Haxorus, M|
|poke|p2|Thundurus-Therian, M|
|poke|p2|Scizor, M|
|poke|p2|Volcanion|
|poke|p2|Ninetales-Alola, F|
|teampreview
|inactive|Battle timer is ON: inactive players will automatically lose when time's up. (requested by jsnsddk)
|l|☆jsnsddk
|inactive|jsnsddk disconnected and has a minute to reconnect!
|player|p1|
|j|☆jsnsddk
|inactive|jsnsddk reconnected and has 130 seconds left.
|player|p1|jsnsddk|102|
|
|t:|1781183467
|teamsize|p1|6
|teamsize|p2|6
|start
|switch|p1a: Hatterene|Hatterene, F|100/100
|switch|p2a: Scizor|Scizor, M|100/100
|turn|1
|
|t:|1781183475
|switch|p2a: Volcanion|Volcanion|100/100
|move|p1a: Hatterene|Trick Room|p1a: Hatterene
|-fieldstart|move: Trick Room|[of] p1a: Hatterene
|
|upkeep
|turn|2
|
|t:|1781183482
|move|p1a: Hatterene|Light Screen|p1a: Hatterene
|-sidestart|p1: jsnsddk|move: Light Screen
|move|p2a: Volcanion|Sludge Bomb|p1a: Hatterene
|-supereffective|p1a: Hatterene
|-damage|p1a: Hatterene|67/100
|
|upkeep
|turn|3
|
|t:|1781183487
|switch|p2a: Ninetales|Ninetales-Alola, F, shiny|100/100
|-weather|Snowscape|[from] ability: Snow Warning|[of] p2a: Ninetales
|move|p1a: Hatterene|Reflect|p1a: Hatterene
|-sidestart|p1: jsnsddk|Reflect
|
|-weather|Snowscape|[upkeep]
|upkeep
|turn|4
|inactive|jsnsddk has 120 seconds left.
|
|t:|1781183529
|switch|p1a: Crawdaunt|Crawdaunt, F|100/100
|move|p2a: Ninetales|Aurora Veil|p2a: Ninetales
|-sidestart|p2: Luisowbro|move: Aurora Veil
|
|-weather|Snowscape|[upkeep]
|upkeep
|turn|5
|
|t:|1781183540
|move|p1a: Crawdaunt|Knock Off|p2a: Ninetales
|-resisted|p2a: Ninetales
|-damage|p2a: Ninetales|81/100
|-enditem|p2a: Ninetales|Light Clay|[from] move: Knock Off|[of] p1a: Crawdaunt
|-damage|p1a: Crawdaunt|90/100|[from] item: Life Orb
|move|p2a: Ninetales|Moonblast|p1a: Crawdaunt
|-supereffective|p1a: Crawdaunt
|-damage|p1a: Crawdaunt|43/100
|
|-weather|Snowscape|[upkeep]
|-fieldend|move: Trick Room
|upkeep
|turn|6
|inactive|jsnsddk has 120 seconds left.
|
|t:|1781183553
|switch|p1a: Iron Crown|Iron Crown|100/100
|-enditem|p1a: Iron Crown|Booster Energy
|-activate|p1a: Iron Crown|ability: Quark Drive|[fromitem]
|-start|p1a: Iron Crown|quarkdrivespe
|move|p2a: Ninetales|Moonblast|p1a: Iron Crown
|-resisted|p1a: Iron Crown
|-damage|p1a: Iron Crown|94/100
|
|-weather|Snowscape|[upkeep]
|upkeep
|turn|7
|inactive|jsnsddk has 120 seconds left.
|
|t:|1781183564
|switch|p2a: Volcanion|Volcanion|100/100
|move|p1a: Iron Crown|Tachyon Cutter|p2a: Volcanion
|-resisted|p2a: Volcanion
|-damage|p2a: Volcanion|99/100
|-resisted|p2a: Volcanion
|-damage|p2a: Volcanion|97/100
|-hitcount|p2a: Volcanion|2
|
|-weather|none
|upkeep
|turn|8
|inactive|jsnsddk has 120 seconds left.
|
|t:|1781183585
|-terastallize|p1a: Iron Crown|Fighting
|move|p1a: Iron Crown|Calm Mind|p1a: Iron Crown
|-boost|p1a: Iron Crown|spa|1
|-boost|p1a: Iron Crown|spd|1
|move|p2a: Volcanion|Flamethrower|p1a: Iron Crown
|-damage|p1a: Iron Crown|79/100
|
|upkeep
|turn|9
|
|t:|1781183595
|move|p1a: Iron Crown|Calm Mind|p1a: Iron Crown
|-boost|p1a: Iron Crown|spa|1
|-boost|p1a: Iron Crown|spd|1
|move|p2a: Volcanion|Sludge Bomb|p1a: Iron Crown
|-damage|p1a: Iron Crown|71/100
|
|-sideend|p1: jsnsddk|move: Light Screen
|upkeep
|turn|10
|inactive|jsnsddk has 120 seconds left.
|
|t:|1781183607
|move|p1a: Iron Crown|Psyshock|p2a: Volcanion
|-damage|p2a: Volcanion|67/100
|move|p2a: Volcanion|Sludge Bomb|p1a: Iron Crown
|-damage|p1a: Iron Crown|53/100
|
|-sideend|p1: jsnsddk|Reflect
|upkeep
|turn|11
|inactive|jsnsddk has 120 seconds left.
|
|t:|1781183613
|move|p1a: Iron Crown|Calm Mind|p1a: Iron Crown
|-boost|p1a: Iron Crown|spa|1
|-boost|p1a: Iron Crown|spd|1
|move|p2a: Volcanion|Sludge Bomb|p1a: Iron Crown
|-damage|p1a: Iron Crown|40/100
|-status|p1a: Iron Crown|psn
|
|-damage|p1a: Iron Crown|28/100 psn|[from] psn
|-sideend|p2: Luisowbro|move: Aurora Veil
|upkeep
|turn|12
|inactive|jsnsddk has 120 seconds left.
|
|t:|1781183634
|switch|p2a: Moltres|Moltres-Galar, shiny|100/100
|move|p1a: Iron Crown|Focus Blast|p2a: Moltres
|-damage|p2a: Moltres|0 fnt
|faint|p2a: Moltres
|
|-damage|p1a: Iron Crown|16/100 psn|[from] psn
|upkeep
|inactive|Luisowbro has 120 seconds left.
|
|t:|1781183650
|switch|p2a: Scizor|Scizor, M|100/100
|turn|13
|
|t:|1781183654
|-end|p1a: Iron Crown|Quark Drive|[silent]
|switch|p1a: Manaphy|Manaphy|100/100
|move|p2a: Scizor|Bullet Punch|p1a: Manaphy
|-resisted|p1a: Manaphy
|-damage|p1a: Manaphy|80/100
|
|-heal|p1a: Manaphy|86/100|[from] item: Leftovers
|upkeep
|turn|14
|
|t:|1781183662
|switch|p2a: Ninetales|Ninetales-Alola, F, shiny|81/100
|-weather|Snowscape|[from] ability: Snow Warning|[of] p2a: Ninetales
|move|p1a: Manaphy|Scald|p2a: Ninetales
|-damage|p2a: Ninetales|47/100
|
|-weather|Snowscape|[upkeep]
|-heal|p1a: Manaphy|92/100|[from] item: Leftovers
|upkeep
|turn|15
|
|t:|1781183670
|switch|p1a: Hatterene|Hatterene, F|67/100
|move|p2a: Ninetales|Aurora Veil|p2a: Ninetales
|-sidestart|p2: Luisowbro|move: Aurora Veil
|
|-weather|Snowscape|[upkeep]
|upkeep
|turn|16
|
|t:|1781183688
|switch|p2a: Volcanion|Volcanion|67/100
|move|p1a: Hatterene|Trick Room|p1a: Hatterene
|-fieldstart|move: Trick Room|[of] p1a: Hatterene
|
|-weather|Snowscape|[upkeep]
|upkeep
|turn|17
|
|t:|1781183695
|move|p1a: Hatterene|Light Screen|p1a: Hatterene
|-sidestart|p1: jsnsddk|move: Light Screen
|move|p2a: Volcanion|Sludge Bomb|p1a: Hatterene
|-supereffective|p1a: Hatterene
|-damage|p1a: Hatterene|31/100
|-status|p1a: Hatterene|psn
|
|-weather|Snowscape|[upkeep]
|-damage|p1a: Hatterene|18/100 psn|[from] psn
|upkeep
|turn|18
|
|t:|1781183704
|move|p1a: Hatterene|Healing Wish|p1a: Hatterene
|faint|p1a: Hatterene
|move|p2a: Volcanion|Earth Power|p1: Hatterene|[notarget]
|-fail|p2a: Volcanion
|
|-weather|none
|upkeep
|
|t:|1781183724
|switch|p1a: Manaphy|Manaphy|92/100
|-heal|p1a: Manaphy|100/100|[from] move: Healing Wish
|turn|19
|
|t:|1781183729
|switch|p2a: Thundurus|Thundurus-Therian, M, shiny|100/100
|move|p1a: Manaphy|Take Heart|p1a: Manaphy
|-boost|p1a: Manaphy|spa|1
|-boost|p1a: Manaphy|spd|1
|
|-sideend|p2: Luisowbro|move: Aurora Veil
|upkeep
|turn|20
|
|t:|1781183736
|move|p1a: Manaphy|Scald|p2a: Thundurus
|-damage|p2a: Thundurus|27/100
|move|p2a: Thundurus|Volt Switch|p1a: Manaphy
|-supereffective|p1a: Manaphy
|-damage|p1a: Manaphy|77/100
|
|t:|1781183744
|switch|p2a: Ninetales|Ninetales-Alola, F, shiny|47/100|[from] Volt Switch
|-weather|Snowscape|[from] ability: Snow Warning|[of] p2a: Ninetales
|
|-weather|Snowscape|[upkeep]
|-heal|p1a: Manaphy|83/100|[from] item: Leftovers
|-fieldend|move: Trick Room
|upkeep
|turn|21
|
|t:|1781183751
|move|p2a: Ninetales|Aurora Veil|p2a: Ninetales
|-sidestart|p2: Luisowbro|move: Aurora Veil
|move|p1a: Manaphy|Scald|p2a: Ninetales
|-damage|p2a: Ninetales|19/100
|
|-weather|Snowscape|[upkeep]
|-heal|p1a: Manaphy|89/100|[from] item: Leftovers
|upkeep
|turn|22
|
|t:|1781183769
|switch|p2a: Volcanion|Volcanion|67/100
|move|p1a: Manaphy|Scald|p2a: Volcanion
|-heal|p2a: Volcanion|92/100|[from] ability: Water Absorb|[of] p1a: Manaphy
|
|-weather|Snowscape|[upkeep]
|-heal|p1a: Manaphy|96/100|[from] item: Leftovers
|upkeep
|turn|23
|
|t:|1781183783
|move|p1a: Manaphy|Acid Armor|p1a: Manaphy
|-boost|p1a: Manaphy|def|2
|move|p2a: Volcanion|Sludge Bomb|p1a: Manaphy
|-damage|p1a: Manaphy|86/100
|
|-weather|Snowscape|[upkeep]
|-heal|p1a: Manaphy|92/100|[from] item: Leftovers
|upkeep
|turn|24
|
|t:|1781183791
|move|p1a: Manaphy|Take Heart|p1a: Manaphy
|-boost|p1a: Manaphy|spa|1
|-boost|p1a: Manaphy|spd|1
|move|p2a: Volcanion|Sludge Bomb|p1a: Manaphy
|-damage|p1a: Manaphy|86/100
|-status|p1a: Manaphy|psn
|
|-weather|none
|-heal|p1a: Manaphy|92/100 psn|[from] item: Leftovers
|-damage|p1a: Manaphy|80/100 psn|[from] psn
|-sideend|p1: jsnsddk|move: Light Screen
|upkeep
|turn|25
|
|t:|1781183804
|switch|p2a: Scizor|Scizor, M|100/100
|move|p1a: Manaphy|Stored Power|p2a: Scizor
|-resisted|p2a: Scizor
|-damage|p2a: Scizor|75/100
|
|-heal|p1a: Manaphy|86/100 psn|[from] item: Leftovers
|-damage|p1a: Manaphy|73/100 psn|[from] psn
|-sideend|p2: Luisowbro|move: Aurora Veil
|upkeep
|turn|26
|
|t:|1781183812
|move|p1a: Manaphy|Scald|p2a: Scizor
|-damage|p2a: Scizor|0 fnt
|faint|p2a: Scizor
|
|-heal|p1a: Manaphy|80/100 psn|[from] item: Leftovers
|-damage|p1a: Manaphy|67/100 psn|[from] psn
|upkeep
|
|t:|1781183824
|switch|p2a: Ninetales|Ninetales-Alola, F, shiny|19/100
|-weather|Snowscape|[from] ability: Snow Warning|[of] p2a: Ninetales
|turn|27
|
|t:|1781183828
|move|p2a: Ninetales|Aurora Veil|p2a: Ninetales
|-sidestart|p2: Luisowbro|move: Aurora Veil
|move|p1a: Manaphy|Scald|p2a: Ninetales
|-damage|p2a: Ninetales|0 fnt
|faint|p2a: Ninetales
|
|-weather|Snowscape|[upkeep]
|-heal|p1a: Manaphy|73/100 psn|[from] item: Leftovers
|-damage|p1a: Manaphy|61/100 psn|[from] psn
|upkeep
|
|t:|1781183840
|switch|p2a: Thundurus|Thundurus-Therian, M, shiny|27/100
|turn|28
|
|t:|1781183847
|switch|p1a: Iron Crown|Iron Crown, tera:Fighting|16/100 psn
|move|p2a: Thundurus|Thunderbolt|p1a: Iron Crown
|-damage|p1a: Iron Crown|0 fnt
|faint|p1a: Iron Crown
|-end|p1a: Iron Crown|Quark Drive|[silent]
|
|-weather|Snowscape|[upkeep]
|upkeep
|
|t:|1781183872
|switch|p1a: Kingambit|Kingambit, M|100/100
|-activate|p1a: Kingambit|ability: Supreme Overlord
|-start|p1a: Kingambit|fallen2|[silent]
|turn|29
|
|t:|1781183882
|move|p1a: Kingambit|Sucker Punch|p2a: Thundurus
|-damage|p2a: Thundurus|0 fnt
|faint|p2a: Thundurus
|
|-weather|Snowscape|[upkeep]
|upkeep
|
|t:|1781183887
|switch|p2a: Haxorus|Haxorus, M, shiny|100/100
|-ability|p2a: Haxorus|Mold Breaker
|turn|30
|
|t:|1781183911
|move|p2a: Haxorus|Close Combat|p1a: Kingambit
|-supereffective|p1a: Kingambit
|-damage|p1a: Kingambit|0 fnt
|-unboost|p2a: Haxorus|def|1
|-unboost|p2a: Haxorus|spd|1
|faint|p1a: Kingambit
|-end|p1a: Kingambit|fallen2|[silent]
|
|-weather|Snowscape|[upkeep]
|upkeep
|
|t:|1781183926
|switch|p1a: Dragonite|Dragonite, F|100/100
|turn|31
|
|t:|1781183931
|move|p2a: Haxorus|Scale Shot|p1a: Dragonite
|-supereffective|p1a: Dragonite
|-crit|p1a: Dragonite
|-damage|p1a: Dragonite|54/100
|-supereffective|p1a: Dragonite
|-damage|p1a: Dragonite|18/100
|-supereffective|p1a: Dragonite
|-damage|p1a: Dragonite|0 fnt
|faint|p1a: Dragonite
|-hitcount|p1: Dragonite|3
|-unboost|p2a: Haxorus|def|1
|-boost|p2a: Haxorus|spe|1
|
|-weather|none
|-sideend|p2: Luisowbro|move: Aurora Veil
|upkeep
|
|t:|1781183941
|switch|p1a: Crawdaunt|Crawdaunt, F|43/100
|turn|32
|
|t:|1781183944
|switch|p2a: Volcanion|Volcanion|92/100
|move|p1a: Crawdaunt|Aqua Jet|p2a: Volcanion
|-heal|p2a: Volcanion|100/100|[from] ability: Water Absorb|[of] p1a: Crawdaunt
|
|upkeep
|turn|33
|
|t:|1781183953
|move|p2a: Volcanion|Sludge Bomb|p1a: Crawdaunt
|-damage|p1a: Crawdaunt|0 fnt
|faint|p1a: Crawdaunt
|
|upkeep
|
|t:|1781183956
|switch|p1a: Manaphy|Manaphy|61/100 psn
|turn|34
|
|t:|1781183962
|move|p1a: Manaphy|Take Heart|p1a: Manaphy
|-boost|p1a: Manaphy|spa|1
|-boost|p1a: Manaphy|spd|1
|-curestatus|p1a: Manaphy|psn|[msg]
|move|p2a: Volcanion|Sludge Bomb|p1a: Manaphy
|-damage|p1a: Manaphy|41/100
|
|-heal|p1a: Manaphy|47/100|[from] item: Leftovers
|upkeep
|turn|35
|
|t:|1781183970
|move|p1a: Manaphy|Acid Armor|p1a: Manaphy
|-boost|p1a: Manaphy|def|2
|move|p2a: Volcanion|Sludge Bomb|p1a: Manaphy
|-damage|p1a: Manaphy|27/100
|-status|p1a: Manaphy|psn
|
|-heal|p1a: Manaphy|33/100 psn|[from] item: Leftovers
|-damage|p1a: Manaphy|20/100 psn|[from] psn
|upkeep
|turn|36
|
|t:|1781183979
|move|p1a: Manaphy|Take Heart|p1a: Manaphy
|-boost|p1a: Manaphy|spa|1
|-boost|p1a: Manaphy|spd|1
|-curestatus|p1a: Manaphy|psn|[msg]
|move|p2a: Volcanion|Sludge Bomb|p1a: Manaphy
|-crit|p1a: Manaphy
|-damage|p1a: Manaphy|0 fnt
|faint|p1a: Manaphy
|
|win|Luisowbro
|raw|jsnsddk's rating: 1544 &rarr; <strong>1523</strong><br />(-21 for losing)
|raw|Luisowbro's rating: 1532 &rarr; <strong>1553</strong><br />(+21 for winning)
|c|☆Luisowbro|gg
|c|☆Luisowbro|nice team
|l|☆Luisowbro
|player|p2|
|l|☆jsnsddk
|player|p1|
