|j|☆OUZQ Crocodile
|j|☆chip wittley
|t:|1780974708
|gametype|singles
|player|p1|OUZQ Crocodile|101|1679
|player|p2|chip wittley|lance|1790
|gen|9
|tier|[Gen 9] OU
|rated|
|rule|HP Percentage Mod: HP is shown in percentages
|rule|Endless Battle Clause: Forcing endless battles is banned
|rule|Species Clause: Limit one of each Pokémon
|rule|OHKO Clause: OHKO moves are banned
|rule|Evasion Items Clause: Evasion items are banned
|rule|Evasion Moves Clause: Evasion moves are banned
|rule|Evasion Abilities Clause: Evasion abilities are banned
|rule|Sleep Moves Clause: Sleep-inducing moves are banned
|clearpoke
|poke|p1|Cresselia, F|
|poke|p1|Zamazenta-*|
|poke|p1|Grimmsnarl, M|
|poke|p1|Raging Bolt|
|poke|p1|Ogerpon-Wellspring, F|
|poke|p1|Glimmora, F|
|poke|p2|Cacturne, M|
|poke|p2|Zapdos|
|poke|p2|Gholdengo|
|poke|p2|Great Tusk|
|poke|p2|Arcanine-Hisui, M|
|poke|p2|Fezandipiti, M|
|teampreview
|inactive|Battle timer is ON: inactive players will automatically lose when time's up. (requested by OUZQ Crocodile)
|
|t:|1780974728
|teamsize|p1|6
|teamsize|p2|6
|start
|switch|p1a: Grimmsnarl|Grimmsnarl, M|100/100
|switch|p2a: Zapdos|Zapdos|100/100
|turn|1
|
|t:|1780974731
|move|p1a: Grimmsnarl|Light Screen|p1a: Grimmsnarl
|-sidestart|p1: OUZQ Crocodile|move: Light Screen
|move|p2a: Zapdos|Thunder Wave|p1a: Grimmsnarl
|-status|p1a: Grimmsnarl|par
|
|upkeep
|turn|2
|
|t:|1780974735
|move|p1a: Grimmsnarl|Reflect|p1a: Grimmsnarl
|-sidestart|p1: OUZQ Crocodile|Reflect
|move|p2a: Zapdos|Volt Switch|p1a: Grimmsnarl
|-damage|p1a: Grimmsnarl|89/100 par
|
|t:|1780974739
|switch|p2a: Fezandipiti|Fezandipiti, M|100/100|[from] Volt Switch
|
|upkeep
|turn|3
|
|t:|1780974745
|switch|p1a: Glimmora|Glimmora, F|100/100
|move|p2a: Fezandipiti|U-turn|p1a: Glimmora
|-resisted|p1a: Glimmora
|-damage|p1a: Glimmora|95/100
|-activate|p1a: Glimmora|ability: Toxic Debris
|-sidestart|p2: chip wittley|move: Toxic Spikes
|
|t:|1780974748
|switch|p2a: Gholdengo|Gholdengo|100/100|[from] U-turn
|-item|p2a: Gholdengo|Air Balloon
|
|upkeep
|turn|4
|
|t:|1780974755
|switch|p1a: Ogerpon|Ogerpon-Wellspring, F|100/100
|move|p2a: Gholdengo|Psyshock|p1a: Ogerpon
|-damage|p1a: Ogerpon|80/100
|
|upkeep
|turn|5
|
|t:|1780974762
|switch|p2a: Fezandipiti|Fezandipiti, M|100/100
|-sideend|p2: chip wittley|move: Toxic Spikes|[of] p2a: Fezandipiti
|move|p1a: Ogerpon|Swords Dance|p1a: Ogerpon
|-boost|p1a: Ogerpon|atk|2
|
|upkeep
|turn|6
|
|t:|1780974771
|switch|p2a: Cacturne|Cacturne, M|100/100
|-terastallize|p1a: Ogerpon|Water
|detailschange|p1a: Ogerpon|Ogerpon-Wellspring-Tera, F, tera:Water
|-ability|p1a: Ogerpon|Embody Aspect (Wellspring)|boost
|-boost|p1a: Ogerpon|spd|1
|move|p1a: Ogerpon|Ivy Cudgel|p2a: Cacturne|[anim] Ivy Cudgel Water
|-immune|p2a: Cacturne|[from] ability: Water Absorb
|
|upkeep
|turn|7
|
|t:|1780974774
|switch|p2a: Zapdos|Zapdos|100/100
|move|p1a: Ogerpon|Play Rough|p2a: Zapdos
|-damage|p2a: Zapdos|49/100
|-unboost|p2a: Zapdos|atk|1
|
|upkeep
|turn|8
|
|t:|1780974778
|move|p1a: Ogerpon|Ivy Cudgel|p2a: Zapdos|[anim] Ivy Cudgel Water
|-damage|p2a: Zapdos|0 fnt
|faint|p2a: Zapdos
|
|-sideend|p1: OUZQ Crocodile|move: Light Screen
|upkeep
|
|t:|1780974791
|switch|p2a: Cacturne|Cacturne, M|100/100
|turn|9
|
|t:|1780974798
|move|p2a: Cacturne|Sucker Punch|p1a: Ogerpon
|-damage|p1a: Ogerpon|52/100
|-damage|p2a: Cacturne|91/100|[from] item: Life Orb
|move|p1a: Ogerpon|Play Rough|p2a: Cacturne
|-supereffective|p2a: Cacturne
|-damage|p2a: Cacturne|0 fnt
|faint|p2a: Cacturne
|
|-sideend|p1: OUZQ Crocodile|Reflect
|upkeep
|
|t:|1780974801
|switch|p2a: Arcanine|Arcanine-Hisui, M|100/100
|turn|10
|
|t:|1780974806
|switch|p1a: Glimmora|Glimmora, F|95/100
|-terastallize|p2a: Arcanine|Normal
|move|p2a: Arcanine|Extreme Speed|p1a: Glimmora
|-resisted|p1a: Glimmora
|-damage|p1a: Glimmora|59/100
|-activate|p1a: Glimmora|ability: Toxic Debris
|-sidestart|p2: chip wittley|move: Toxic Spikes
|
|upkeep
|turn|11
|
|t:|1780974813
|switch|p2a: Gholdengo|Gholdengo|100/100
|-item|p2a: Gholdengo|Air Balloon
|move|p1a: Glimmora|Meteor Beam||[still]
|-prepare|p1a: Glimmora|Meteor Beam
|-boost|p1a: Glimmora|spa|1
|-enditem|p1a: Glimmora|Power Herb
|-anim|p1a: Glimmora|Meteor Beam|p2a: Gholdengo|[miss]
|-miss|p1a: Glimmora|p2a: Gholdengo
|
|upkeep
|turn|12
|
|t:|1780974817
|move|p1a: Glimmora|Stealth Rock|p2a: Gholdengo
|-sidestart|p2: chip wittley|move: Stealth Rock
|move|p2a: Gholdengo|Psyshock|p1a: Glimmora
|-supereffective|p1a: Glimmora
|-damage|p1a: Glimmora|0 fnt
|faint|p1a: Glimmora
|
|upkeep
|
|t:|1780974820
|switch|p1a: Ogerpon|Ogerpon-Wellspring-Tera, F, tera:Water|52/100
|-ability|p1a: Ogerpon|Embody Aspect (Wellspring)|boost
|-boost|p1a: Ogerpon|spd|1
|turn|13
|
|t:|1780974840
|switch|p2a: Fezandipiti|Fezandipiti, M|100/100
|-sideend|p2: chip wittley|move: Toxic Spikes|[of] p2a: Fezandipiti
|move|p1a: Ogerpon|Ivy Cudgel|p2a: Fezandipiti|[anim] Ivy Cudgel Water
|-damage|p2a: Fezandipiti|20/100
|
|upkeep
|turn|14
|
|t:|1780974845
|move|p1a: Ogerpon|Ivy Cudgel|p2a: Fezandipiti|[anim] Ivy Cudgel Water
|-damage|p2a: Fezandipiti|0 fnt
|faint|p2a: Fezandipiti
|
|upkeep
|
|t:|1780974848
|switch|p2a: Arcanine|Arcanine-Hisui, M, tera:Normal|100/100
|-damage|p2a: Arcanine|88/100|[from] Stealth Rock
|turn|15
|
|t:|1780974853
|switch|p1a: Grimmsnarl|Grimmsnarl, M|89/100 par
|move|p2a: Arcanine|Extreme Speed|p1a: Grimmsnarl
|-damage|p1a: Grimmsnarl|13/100 par
|
|upkeep
|turn|16
|
|t:|1780974858
|move|p2a: Arcanine|Extreme Speed|p1a: Grimmsnarl
|-damage|p1a: Grimmsnarl|0 fnt
|faint|p1a: Grimmsnarl
|
|upkeep
|
|t:|1780974862
|switch|p1a: Zamazenta|Zamazenta|100/100
|-ability|p1a: Zamazenta|Dauntless Shield|boost
|-boost|p1a: Zamazenta|def|1
|turn|17
|
|t:|1780974865
|switch|p2a: Gholdengo|Gholdengo|100/100
|-damage|p2a: Gholdengo|94/100|[from] Stealth Rock
|-item|p2a: Gholdengo|Air Balloon
|move|p1a: Zamazenta|Crunch|p2a: Gholdengo
|-supereffective|p2a: Gholdengo
|-damage|p2a: Gholdengo|47/100
|-enditem|p2a: Gholdengo|Air Balloon
|
|upkeep
|turn|18
|
|t:|1780974869
|move|p1a: Zamazenta|Crunch|p2a: Gholdengo
|-supereffective|p2a: Gholdengo
|-damage|p2a: Gholdengo|0 fnt
|faint|p2a: Gholdengo
|
|upkeep
|
|t:|1780974871
|switch|p2a: Great Tusk|Great Tusk|100/100
|turn|19
|
|t:|1780974873
|move|p1a: Zamazenta|Iron Defense|p1a: Zamazenta
|-boost|p1a: Zamazenta|def|2
|move|p2a: Great Tusk|Rapid Spin|p1a: Zamazenta
|-damage|p1a: Zamazenta|95/100
|-boost|p2a: Great Tusk|spe|1
|-sideend|p2: chip wittley|Stealth Rock|[from] move: Rapid Spin|[of] p2a: Great Tusk
|
|-heal|p1a: Zamazenta|100/100|[from] item: Leftovers
|upkeep
|turn|20
|-message|chip wittley forfeited.
|
|win|OUZQ Crocodile
|raw|OUZQ Crocodile's rating: 1679 &rarr; <strong>1705</strong><br />(+26 for winning)
|raw|chip wittley's rating: 1790 &rarr; <strong>1764</strong><br />(-26 for losing)
|l|☆OUZQ Crocodile
|player|p1|
|l|☆chip wittley
|player|p2|
