|j|☆BlackStar150520
|j|☆Silvist
|t:|1780895652
|gametype|singles
|player|p1|BlackStar150520|unknown|1588
|player|p2|Silvist|hilbert|1551
|gen|9
|tier|[Gen 9] OU
|rated|
|rule|HP Percentage Mod: HP is shown in percentages
|rule|Endless Battle Clause: Forcing endless battles is banned
|rule|Species Clause: Limit one of each Pokémon
|rule|OHKO Clause: OHKO moves are banned
|rule|Evasion Items Clause: Evasion items are banned
|rule|Evasion Moves Clause: Evasion moves are banned
|rule|Evasion Abilities Clause: Evasion abilities are banned
|rule|Sleep Moves Clause: Sleep-inducing moves are banned
|clearpoke
|poke|p1|Raging Bolt|
|poke|p1|Great Tusk|
|poke|p1|Kyurem|
|poke|p1|Ogerpon-Wellspring, F|
|poke|p1|Kingambit, M|
|poke|p1|Deoxys-Defense|
|poke|p2|Araquanid, F|
|poke|p2|Dragonite, F|
|poke|p2|Kyurem|
|poke|p2|Raging Bolt|
|poke|p2|Gholdengo|
|poke|p2|Kingambit, F|
|teampreview
|inactive|Battle timer is ON: inactive players will automatically lose when time's up. (requested by BlackStar150520)
|j| TurquoiseYoshi
|inactive|Silvist has 120 seconds left.
|
|t:|1780895694
|teamsize|p1|6
|teamsize|p2|6
|start
|switch|p1a: Kyurem|Kyurem, shiny|100/100
|switch|p2a: Dragonite|Dragonite, F|100/100
|-ability|p1a: Kyurem|Pressure
|turn|1
|
|t:|1780895701
|switch|p2a: Araquanid|Araquanid, F|100/100
|move|p1a: Kyurem|Freeze-Dry|p2a: Araquanid
|-supereffective|p2a: Araquanid
|-damage|p2a: Araquanid|44/100
|
|upkeep
|turn|2
|j| crust king kahn
|
|t:|1780895709
|move|p2a: Araquanid|Endure|p2a: Araquanid
|-singleturn|p2a: Araquanid|move: Endure
|move|p1a: Kyurem|Substitute|p1a: Kyurem
|-start|p1a: Kyurem|Substitute
|-damage|p1a: Kyurem|75/100
|
|-heal|p1a: Kyurem|82/100|[from] item: Leftovers
|upkeep
|turn|3
|
|t:|1780895716
|move|p1a: Kyurem|Freeze-Dry|p2a: Araquanid
|-supereffective|p2a: Araquanid
|-damage|p2a: Araquanid|0 fnt
|faint|p2a: Araquanid
|
|-heal|p1a: Kyurem|88/100|[from] item: Leftovers
|upkeep
|
|t:|1780895722
|switch|p2a: Dragonite|Dragonite, F|100/100
|turn|4
|
|t:|1780895725
|move|p1a: Kyurem|Freeze-Dry|p2a: Dragonite
|-supereffective|p2a: Dragonite
|-damage|p2a: Dragonite|17/100
|move|p2a: Dragonite|Scale Shot|p1a: Kyurem
|-supereffective|p1a: Kyurem
|-end|p1a: Kyurem|Substitute
|-supereffective|p1a: Kyurem
|-damage|p1a: Kyurem|62/100
|-supereffective|p1a: Kyurem
|-damage|p1a: Kyurem|35/100
|-supereffective|p1a: Kyurem
|-crit|p1a: Kyurem
|-damage|p1a: Kyurem|0 fnt
|faint|p1a: Kyurem
|-hitcount|p1: Kyurem|4
|-unboost|p2a: Dragonite|def|1
|-boost|p2a: Dragonite|spe|1
|
|upkeep
|
|t:|1780895742
|switch|p1a: ⚡️|Raging Bolt|100/100
|turn|5
|
|t:|1780895759
|move|p1a: ⚡️|Thunderclap|p2a: Dragonite
|-damage|p2a: Dragonite|0 fnt
|faint|p2a: Dragonite
|
|upkeep
|
|t:|1780895764
|switch|p2a: Raging Bolt|Raging Bolt|100/100
|-enditem|p2a: Raging Bolt|Booster Energy
|-activate|p2a: Raging Bolt|ability: Protosynthesis|[fromitem]
|-start|p2a: Raging Bolt|protosynthesisspa
|turn|6
|
|t:|1780895772
|-end|p1a: ⚡️|Protosynthesis|[silent]
|switch|p1a: Deoxys|Deoxys-Defense, shiny|100/100
|-ability|p1a: Deoxys|Pressure
|move|p2a: Raging Bolt|Calm Mind|p2a: Raging Bolt
|-boost|p2a: Raging Bolt|spa|1
|-boost|p2a: Raging Bolt|spd|1
|
|upkeep
|turn|7
|
|t:|1780895778
|move|p1a: Deoxys|Night Shade|p2a: Raging Bolt
|-damage|p2a: Raging Bolt|75/100
|move|p2a: Raging Bolt|Thunderbolt|p1a: Deoxys
|-damage|p1a: Deoxys|28/100
|
|-heal|p1a: Deoxys|34/100|[from] item: Leftovers
|upkeep
|turn|8
|
|t:|1780895785
|move|p2a: Raging Bolt|Thunderclap|p1a: Deoxys
|-damage|p1a: Deoxys|0 fnt
|faint|p1a: Deoxys
|
|upkeep
|
|t:|1780895789
|switch|p1a: 🎭|Ogerpon-Wellspring, F|100/100
|turn|9
|
|t:|1780895793
|move|p1a: 🎭|Encore|p2a: Raging Bolt
|-start|p2a: Raging Bolt|Encore
|move|p2a: Raging Bolt|Thunderclap||[still]
|-fail|p2a: Raging Bolt
|
|upkeep
|turn|10
|
|t:|1780895804
|switch|p1a: Mega Donphan|Great Tusk|100/100
|move|p2a: Raging Bolt|Thunderclap||[still]
|-fail|p2a: Raging Bolt
|
|upkeep
|turn|11
|
|t:|1780895809
|-end|p2a: Raging Bolt|Protosynthesis|[silent]
|switch|p2a: Kyurem|Kyurem|100/100
|-ability|p2a: Kyurem|Pressure
|move|p1a: Mega Donphan|Stealth Rock|p2a: Kyurem
|-sidestart|p2: Silvist|move: Stealth Rock
|
|upkeep
|turn|12
|
|t:|1780895816
|-end|p1a: Mega Donphan|Protosynthesis|[silent]
|switch|p1a: Aizen🗡️|Kingambit, M, shiny|100/100
|-activate|p1a: Aizen🗡️|ability: Supreme Overlord
|-start|p1a: Aizen🗡️|fallen2|[silent]
|move|p2a: Kyurem|Ice Beam|p1a: Aizen🗡️
|-resisted|p1a: Aizen🗡️
|-damage|p1a: Aizen🗡️|76/100
|
|-heal|p1a: Aizen🗡️|82/100|[from] item: Leftovers
|upkeep
|turn|13
|
|t:|1780895825
|move|p2a: Kyurem|Earth Power|p1a: Aizen🗡️
|-supereffective|p1a: Aizen🗡️
|-damage|p1a: Aizen🗡️|1/100
|move|p1a: Aizen🗡️|Low Kick|p2a: Kyurem
|-supereffective|p2a: Kyurem
|-damage|p2a: Kyurem|0 fnt
|faint|p2a: Kyurem
|
|-heal|p1a: Aizen🗡️|7/100|[from] item: Leftovers
|upkeep
|
|t:|1780895837
|switch|p2a: Raging Bolt|Raging Bolt|75/100
|-damage|p2a: Raging Bolt|63/100|[from] Stealth Rock
|turn|14
|
|t:|1780895844
|move|p1a: Aizen🗡️|Sucker Punch|p2a: Raging Bolt
|-damage|p2a: Raging Bolt|13/100
|move|p2a: Raging Bolt|Dragon Pulse|p1a: Aizen🗡️
|-resisted|p1a: Aizen🗡️
|-damage|p1a: Aizen🗡️|0 fnt
|faint|p1a: Aizen🗡️
|-end|p1a: Aizen🗡️|fallen2|[silent]
|
|upkeep
|
|t:|1780895849
|switch|p1a: Mega Donphan|Great Tusk|100/100
|turn|15
|
|t:|1780895852
|move|p1a: Mega Donphan|Ice Spinner|p2a: Raging Bolt
|-supereffective|p2a: Raging Bolt
|-damage|p2a: Raging Bolt|0 fnt
|faint|p2a: Raging Bolt
|-end|p2a: Raging Bolt|Protosynthesis|[silent]
|
|upkeep
|
|t:|1780895856
|switch|p2a: Gholdengo|Gholdengo|100/100
|-damage|p2a: Gholdengo|94/100|[from] Stealth Rock
|-item|p2a: Gholdengo|Air Balloon
|turn|16
|
|t:|1780895861
|-end|p1a: Mega Donphan|Protosynthesis|[silent]
|switch|p1a: 🎭|Ogerpon-Wellspring, F|100/100
|move|p2a: Gholdengo|Make It Rain|p1a: 🎭
|-resisted|p1a: 🎭
|-damage|p1a: 🎭|61/100
|-unboost|p2a: Gholdengo|spa|1
|
|upkeep
|turn|17
|
|t:|1780895868
|switch|p2a: Kingambit|Kingambit, F|100/100
|-damage|p2a: Kingambit|94/100|[from] Stealth Rock
|-activate|p2a: Kingambit|ability: Supreme Overlord
|-start|p2a: Kingambit|fallen4|[silent]
|move|p1a: 🎭|Knock Off|p2a: Kingambit
|-resisted|p2a: Kingambit
|-damage|p2a: Kingambit|78/100
|-enditem|p2a: Kingambit|Lum Berry|[from] move: Knock Off|[of] p1a: 🎭
|
|upkeep
|turn|18
|
|t:|1780895884
|move|p1a: 🎭|U-turn|p2a: Kingambit
|-damage|p2a: Kingambit|54/100
|
|t:|1780895886
|switch|p1a: Mega Donphan|Great Tusk|100/100|[from] U-turn
|move|p2a: Kingambit|Kowtow Cleave|p1a: Mega Donphan
|-resisted|p1a: Mega Donphan
|-damage|p1a: Mega Donphan|76/100
|
|upkeep
|turn|19
|
|t:|1780895894
|-end|p2a: Kingambit|fallen4|[silent]
|switch|p2a: Gholdengo|Gholdengo|94/100
|-damage|p2a: Gholdengo|88/100|[from] Stealth Rock
|-item|p2a: Gholdengo|Air Balloon
|move|p1a: Mega Donphan|Ice Spinner|p2a: Gholdengo
|-resisted|p2a: Gholdengo
|-crit|p2a: Gholdengo
|-damage|p2a: Gholdengo|65/100
|-enditem|p2a: Gholdengo|Air Balloon
|
|upkeep
|turn|20
|-message|Silvist forfeited.
|
|win|BlackStar150520
|raw|BlackStar150520's rating: 1588 &rarr; <strong>1606</strong><br />(+18 for winning)
|raw|Silvist's rating: 1551 &rarr; <strong>1533</strong><br />(-18 for losing)
|l|☆Silvist
|player|p2|
|l| crust king kahn
|l| TurquoiseYoshi
|l|☆BlackStar150520
|player|p1|
