|j|☆crck like alakazam
|j|☆Kinair
|t:|1781266643
|gametype|singles
|player|p1|crck like alakazam|psychicf-gen4|1540
|player|p2|Kinair|266|1557
|gen|9
|tier|[Gen 9] OU
|rated|
|rule|HP Percentage Mod: HP is shown in percentages
|rule|Endless Battle Clause: Forcing endless battles is banned
|rule|Species Clause: Limit one of each Pokémon
|rule|OHKO Clause: OHKO moves are banned
|rule|Evasion Items Clause: Evasion items are banned
|rule|Evasion Moves Clause: Evasion moves are banned
|rule|Evasion Abilities Clause: Evasion abilities are banned
|rule|Sleep Moves Clause: Sleep-inducing moves are banned
|clearpoke
|poke|p1|Iron Treads|
|poke|p1|Pelipper, F|
|poke|p1|Dondozo, M|
|poke|p1|Overqwil, M|
|poke|p1|Enamorus, F|
|poke|p1|Raging Bolt|
|poke|p2|Pelipper, F|
|poke|p2|Kingdra, M|
|poke|p2|Raging Bolt|
|poke|p2|Iron Treads|
|poke|p2|Zamazenta-*|
|poke|p2|Kingambit, M|
|teampreview
|inactive|Battle timer is ON: inactive players will automatically lose when time's up. (requested by crck like alakazam)
|
|t:|1781266658
|teamsize|p1|6
|teamsize|p2|6
|start
|switch|p1a: GangStarrFromAbove|Enamorus, F|100/100
|switch|p2a: Iron Treads|Iron Treads|100/100
|-enditem|p2a: Iron Treads|Booster Energy
|-activate|p2a: Iron Treads|ability: Quark Drive|[fromitem]
|-start|p2a: Iron Treads|quarkdrivespe
|turn|1
|
|t:|1781266661
|move|p2a: Iron Treads|Knock Off|p1a: GangStarrFromAbove
|-resisted|p1a: GangStarrFromAbove
|-damage|p1a: GangStarrFromAbove|83/100
|-enditem|p1a: GangStarrFromAbove|Choice Scarf|[from] move: Knock Off|[of] p2a: Iron Treads
|move|p1a: GangStarrFromAbove|Earth Power|p2a: Iron Treads
|-supereffective|p2a: Iron Treads
|-damage|p2a: Iron Treads|10/100
|
|upkeep
|turn|2
|
|t:|1781266668
|move|p2a: Iron Treads|Stealth Rock|p1a: GangStarrFromAbove
|-sidestart|p1: crck like alakazam|move: Stealth Rock
|move|p1a: GangStarrFromAbove|Moonblast|p2a: Iron Treads
|-resisted|p2a: Iron Treads
|-damage|p2a: Iron Treads|0 fnt
|faint|p2a: Iron Treads
|-end|p2a: Iron Treads|Quark Drive|[silent]
|
|upkeep
|
|t:|1781266684
|switch|p2a: Pelipper|Pelipper, F|100/100
|-weather|RainDance|[from] ability: Drizzle|[of] p2a: Pelipper
|turn|3
|l|☆crck like alakazam
|inactive|crck like alakazam disconnected and has a minute to reconnect!
|player|p1|
|j|☆crck like alakazam
|inactive|crck like alakazam reconnected and has 135 seconds left.
|player|p1|crck like alakazam|psychicf-gen4|
|
|t:|1781266702
|move|p1a: GangStarrFromAbove|Moonblast|p2a: Pelipper
|-damage|p2a: Pelipper|22/100
|move|p2a: Pelipper|U-turn|p1a: GangStarrFromAbove
|-resisted|p1a: GangStarrFromAbove
|-damage|p1a: GangStarrFromAbove|79/100
|
|t:|1781266704
|switch|p2a: Kingdra|Kingdra, M|100/100|[from] U-turn
|
|-weather|RainDance|[upkeep]
|upkeep
|turn|4
|
|t:|1781266716
|move|p2a: Kingdra|Surf|p1a: GangStarrFromAbove
|-damage|p1a: GangStarrFromAbove|0 fnt
|faint|p1a: GangStarrFromAbove
|
|-weather|RainDance|[upkeep]
|upkeep
|
|t:|1781266722
|switch|p1a: PurpleRain|Overqwil, M, shiny|100/100
|-damage|p1a: PurpleRain|88/100|[from] Stealth Rock
|turn|5
|
|t:|1781266725
|move|p2a: Kingdra|Surf|p1a: PurpleRain
|-damage|p1a: PurpleRain|0 fnt
|faint|p1a: PurpleRain
|
|-weather|RainDance|[upkeep]
|upkeep
|
|t:|1781266732
|switch|p1a: Ol'DirtyBolt|Raging Bolt|100/100
|-damage|p1a: Ol'DirtyBolt|88/100|[from] Stealth Rock
|-enditem|p1a: Ol'DirtyBolt|Booster Energy
|-activate|p1a: Ol'DirtyBolt|ability: Protosynthesis|[fromitem]
|-start|p1a: Ol'DirtyBolt|protosynthesisspa
|turn|6
|
|t:|1781266751
|switch|p2a: Pelipper|Pelipper, F|22/100
|move|p1a: Ol'DirtyBolt|Thunder|p2a: Pelipper
|-supereffective|p2a: Pelipper
|-damage|p2a: Pelipper|0 fnt
|faint|p2a: Pelipper
|
|-weather|RainDance|[upkeep]
|upkeep
|
|t:|1781266754
|switch|p2a: Raging Bolt|Raging Bolt|100/100
|-enditem|p2a: Raging Bolt|Booster Energy
|-activate|p2a: Raging Bolt|ability: Protosynthesis|[fromitem]
|-start|p2a: Raging Bolt|protosynthesisspa
|turn|7
|
|t:|1781266759
|-terastallize|p2a: Raging Bolt|Fairy
|-terastallize|p1a: Ol'DirtyBolt|Fairy
|move|p2a: Raging Bolt|Dragon Pulse|p1a: Ol'DirtyBolt
|-immune|p1a: Ol'DirtyBolt
|move|p1a: Ol'DirtyBolt|Dragon Pulse|p2a: Raging Bolt
|-immune|p2a: Raging Bolt
|
|-weather|RainDance|[upkeep]
|upkeep
|turn|8
|
|t:|1781266765
|move|p2a: Raging Bolt|Thunder|p1a: Ol'DirtyBolt
|-damage|p1a: Ol'DirtyBolt|12/100
|move|p1a: Ol'DirtyBolt|Thunder|p2a: Raging Bolt
|-damage|p2a: Raging Bolt|17/100
|-status|p2a: Raging Bolt|par
|
|-weather|RainDance|[upkeep]
|upkeep
|turn|9
|inactive|Kinair has 120 seconds left.
|
|t:|1781266804
|-end|p2a: Raging Bolt|Protosynthesis|[silent]
|switch|p2a: Zamazenta|Zamazenta|100/100
|-ability|p2a: Zamazenta|Dauntless Shield|boost
|-boost|p2a: Zamazenta|def|1
|move|p1a: Ol'DirtyBolt|Thunderclap||[still]
|-fail|p1a: Ol'DirtyBolt
|
|-weather|RainDance|[upkeep]
|upkeep
|turn|10
|
|t:|1781266813
|-end|p1a: Ol'DirtyBolt|Protosynthesis|[silent]
|switch|p1a: 4Pc Peliac Combo|Pelipper, F|100/100
|-damage|p1a: 4Pc Peliac Combo|76/100|[from] Stealth Rock
|move|p2a: Zamazenta|Body Press|p1a: 4Pc Peliac Combo
|-resisted|p1a: 4Pc Peliac Combo
|-damage|p1a: 4Pc Peliac Combo|58/100
|
|-weather|none
|upkeep
|turn|11
|
|t:|1781266820
|switch|p2a: Kingdra|Kingdra, M|100/100
|move|p1a: 4Pc Peliac Combo|Roost|p1a: 4Pc Peliac Combo
|-heal|p1a: 4Pc Peliac Combo|100/100
|-singleturn|p1a: 4Pc Peliac Combo|move: Roost
|
|upkeep
|turn|12
|
|t:|1781266827
|switch|p1a: C.T.E.Spins|Iron Treads|100/100
|-damage|p1a: C.T.E.Spins|97/100|[from] Stealth Rock
|-enditem|p1a: C.T.E.Spins|Booster Energy
|-activate|p1a: C.T.E.Spins|ability: Quark Drive|[fromitem]
|-start|p1a: C.T.E.Spins|quarkdrivespe
|move|p2a: Kingdra|Draco Meteor|p1a: C.T.E.Spins
|-resisted|p1a: C.T.E.Spins
|-damage|p1a: C.T.E.Spins|45/100
|-unboost|p2a: Kingdra|spa|2
|
|upkeep
|turn|13
|
|t:|1781266832
|switch|p2a: Zamazenta|Zamazenta|100/100
|move|p1a: C.T.E.Spins|Rapid Spin|p2a: Zamazenta
|-damage|p2a: Zamazenta|91/100
|-boost|p1a: C.T.E.Spins|spe|1
|-sideend|p1: crck like alakazam|Stealth Rock|[from] move: Rapid Spin|[of] p1a: C.T.E.Spins
|
|-heal|p2a: Zamazenta|97/100|[from] item: Leftovers
|upkeep
|turn|14
|
|t:|1781266836
|move|p1a: C.T.E.Spins|Stealth Rock|p2a: Zamazenta
|-sidestart|p2: Kinair|move: Stealth Rock
|move|p2a: Zamazenta|Body Press|p1a: C.T.E.Spins
|-supereffective|p1a: C.T.E.Spins
|-damage|p1a: C.T.E.Spins|1/100
|
|-heal|p2a: Zamazenta|100/100|[from] item: Leftovers
|upkeep
|turn|15
|
|t:|1781266841
|move|p1a: C.T.E.Spins|Volt Switch|p2a: Zamazenta
|-damage|p2a: Zamazenta|92/100
|
|t:|1781266844
|-end|p1a: C.T.E.Spins|Quark Drive|[silent]
|switch|p1a: WishABozoWould|Dondozo, M|100/100|[from] Volt Switch
|move|p2a: Zamazenta|Crunch|p1a: WishABozoWould
|-damage|p1a: WishABozoWould|87/100
|
|-heal|p2a: Zamazenta|98/100|[from] item: Leftovers
|upkeep
|turn|16
|
|t:|1781266866
|switch|p2a: Kingdra|Kingdra, M|100/100
|-damage|p2a: Kingdra|88/100|[from] Stealth Rock
|switch|p1a: Ol'DirtyBolt|Raging Bolt, tera:Fairy|12/100
|
|upkeep
|turn|17
|
|t:|1781266870
|move|p1a: Ol'DirtyBolt|Thunderclap|p2a: Kingdra
|-damage|p2a: Kingdra|38/100
|move|p2a: Kingdra|Surf|p1a: Ol'DirtyBolt
|-damage|p1a: Ol'DirtyBolt|0 fnt
|faint|p1a: Ol'DirtyBolt
|-end|p1a: Ol'DirtyBolt|Protosynthesis|[silent]
|
|upkeep
|
|t:|1781266872
|switch|p1a: C.T.E.Spins|Iron Treads|1/100
|turn|18
|
|t:|1781266878
|switch|p2a: Zamazenta|Zamazenta|98/100
|-damage|p2a: Zamazenta|92/100|[from] Stealth Rock
|move|p1a: C.T.E.Spins|Earthquake|p2a: Zamazenta
|-damage|p2a: Zamazenta|63/100
|
|-heal|p2a: Zamazenta|69/100|[from] item: Leftovers
|upkeep
|turn|19
|
|t:|1781266886
|-end|p1a: C.T.E.Spins|Quark Drive|[silent]
|switch|p1a: WishABozoWould|Dondozo, M|87/100
|move|p2a: Zamazenta|Body Press|p1a: WishABozoWould
|-damage|p1a: WishABozoWould|65/100
|
|-heal|p2a: Zamazenta|75/100|[from] item: Leftovers
|upkeep
|turn|20
|
|t:|1781266891
|move|p2a: Zamazenta|Body Press|p1a: WishABozoWould
|-damage|p1a: WishABozoWould|47/100
|move|p1a: WishABozoWould|Wave Crash|p2a: Zamazenta
|-damage|p2a: Zamazenta|12/100
|-damage|p1a: WishABozoWould|29/100|[from] Recoil
|
|-heal|p2a: Zamazenta|18/100|[from] item: Leftovers
|upkeep
|turn|21
|
|t:|1781266908
|move|p2a: Zamazenta|Body Press|p1a: WishABozoWould
|-damage|p1a: WishABozoWould|8/100
|move|p1a: WishABozoWould|Wave Crash|p2a: Zamazenta
|-damage|p2a: Zamazenta|0 fnt
|faint|p2a: Zamazenta
|-damage|p1a: WishABozoWould|4/100|[from] Recoil
|
|upkeep
|j| Dionysos
|l| Dionysos
|
|t:|1781266919
|switch|p2a: Kingdra|Kingdra, M|38/100
|-damage|p2a: Kingdra|25/100|[from] Stealth Rock
|turn|22
|
|t:|1781266924
|move|p2a: Kingdra|Surf|p1a: WishABozoWould
|-resisted|p1a: WishABozoWould
|-damage|p1a: WishABozoWould|0 fnt
|faint|p1a: WishABozoWould
|
|upkeep
|
|t:|1781266926
|switch|p1a: C.T.E.Spins|Iron Treads|1/100
|turn|23
|
|t:|1781266934
|move|p1a: C.T.E.Spins|Earthquake|p2a: Kingdra
|-damage|p2a: Kingdra|0 fnt
|faint|p2a: Kingdra
|
|upkeep
|
|t:|1781266937
|switch|p2a: Kingambit|Kingambit, M|100/100
|-damage|p2a: Kingambit|94/100|[from] Stealth Rock
|-activate|p2a: Kingambit|ability: Supreme Overlord
|-start|p2a: Kingambit|fallen4|[silent]
|turn|24
|
|t:|1781266942
|-end|p1a: C.T.E.Spins|Quark Drive|[silent]
|switch|p1a: 4Pc Peliac Combo|Pelipper, F|100/100
|-weather|RainDance|[from] ability: Drizzle|[of] p1a: 4Pc Peliac Combo
|move|p2a: Kingambit|Sucker Punch||[still]
|-fail|p2a: Kingambit
|
|-weather|RainDance|[upkeep]
|upkeep
|turn|25
|
|t:|1781266947
|move|p2a: Kingambit|Kowtow Cleave|p1a: 4Pc Peliac Combo
|-damage|p1a: 4Pc Peliac Combo|48/100
|move|p1a: 4Pc Peliac Combo|Weather Ball|p2a: Kingambit
|-damage|p2a: Kingambit|48/100
|
|-weather|RainDance|[upkeep]
|upkeep
|turn|26
|
|t:|1781266954
|move|p2a: Kingambit|Kowtow Cleave|p1a: 4Pc Peliac Combo
|-damage|p1a: 4Pc Peliac Combo|0 fnt
|faint|p1a: 4Pc Peliac Combo
|
|-weather|RainDance|[upkeep]
|upkeep
|
|t:|1781266956
|switch|p1a: C.T.E.Spins|Iron Treads|1/100
|turn|27
|
|t:|1781266963
|move|p2a: Kingambit|Sucker Punch||[still]
|-fail|p2a: Kingambit
|move|p1a: C.T.E.Spins|Stealth Rock||[still]
|-fail|p1a: C.T.E.Spins
|
|-weather|RainDance|[upkeep]
|upkeep
|turn|28
|
|t:|1781266972
|move|p2a: Kingambit|Sucker Punch||[still]
|-fail|p2a: Kingambit
|move|p1a: C.T.E.Spins|Stealth Rock||[still]
|-fail|p1a: C.T.E.Spins
|
|-weather|RainDance|[upkeep]
|upkeep
|turn|29
|
|t:|1781266985
|move|p2a: Kingambit|Sucker Punch||[still]
|-fail|p2a: Kingambit
|move|p1a: C.T.E.Spins|Stealth Rock||[still]
|-fail|p1a: C.T.E.Spins
|
|-weather|RainDance|[upkeep]
|upkeep
|turn|30
|
|t:|1781267005
|move|p2a: Kingambit|Sucker Punch||[still]
|-fail|p2a: Kingambit
|move|p1a: C.T.E.Spins|Stealth Rock||[still]
|-fail|p1a: C.T.E.Spins
|
|-weather|RainDance|[upkeep]
|upkeep
|turn|31
|
|t:|1781267013
|move|p2a: Kingambit|Sucker Punch|p1a: C.T.E.Spins
|-damage|p1a: C.T.E.Spins|0 fnt
|faint|p1a: C.T.E.Spins
|-end|p1a: C.T.E.Spins|Quark Drive|[silent]
|
|win|Kinair
|raw|crck like alakazam's rating: 1540 &rarr; <strong>1521</strong><br />(-19 for losing)
|raw|Kinair's rating: 1557 &rarr; <strong>1576</strong><br />(+19 for winning)
|l|☆crck like alakazam
|player|p1|
|l|☆Kinair
|player|p2|
