|j|☆n5v
|j|☆Dragonair bot
|t:|1781427606
|gametype|singles
|player|p1|n5v|leon-masters|1725
|player|p2|Dragonair bot|parasollady|1622
|gen|9
|tier|[Gen 9] OU
|rated|
|rule|HP Percentage Mod: HP is shown in percentages
|rule|Endless Battle Clause: Forcing endless battles is banned
|rule|Species Clause: Limit one of each Pokémon
|rule|OHKO Clause: OHKO moves are banned
|rule|Evasion Items Clause: Evasion items are banned
|rule|Evasion Moves Clause: Evasion moves are banned
|rule|Evasion Abilities Clause: Evasion abilities are banned
|rule|Sleep Moves Clause: Sleep-inducing moves are banned
|clearpoke
|poke|p1|Raging Bolt|
|poke|p1|Enamorus, F|
|poke|p1|Rillaboom, M|
|poke|p1|Kingambit, M|
|poke|p1|Great Tusk|
|poke|p1|Slowking-Galar, M|
|poke|p2|Dondozo, M|
|poke|p2|Blissey, F|
|poke|p2|Gliscor, F|
|poke|p2|Toxapex, F|
|poke|p2|Mandibuzz, F|
|poke|p2|Talonflame, F|
|teampreview
|inactive|Battle timer is ON: inactive players will automatically lose when time's up. (requested by Dragonair bot)
|c|☆n5v|glhf
|
|t:|1781427612
|teamsize|p1|6
|teamsize|p2|6
|start
|switch|p1a: goobing bolt|Raging Bolt|100/100
|switch|p2a: Gliscor|Gliscor, F|100/100
|turn|1
|
|t:|1781427615
|move|p2a: Gliscor|Protect|p2a: Gliscor
|-singleturn|p2a: Gliscor|Protect
|move|p1a: goobing bolt|Draco Meteor|p2a: Gliscor
|-activate|p2a: Gliscor|move: Protect
|
|-status|p2a: Gliscor|tox|[from] item: Toxic Orb
|upkeep
|turn|2
|
|t:|1781427618
|switch|p2a: Toxapex|Toxapex, F|100/100
|move|p1a: goobing bolt|Draco Meteor|p2a: Toxapex|[miss]
|-miss|p1a: goobing bolt|p2a: Toxapex
|
|upkeep
|turn|3
|
|t:|1781427624
|-end|p1a: goobing bolt|Protosynthesis|[silent]
|switch|p1a: wake not walking|Slowking-Galar, M, shiny|100/100
|move|p2a: Toxapex|Toxic Spikes|p1a: wake not walking
|-sidestart|p1: n5v|move: Toxic Spikes
|
|upkeep
|turn|4
|
|t:|1781427632
|switch|p2a: Gliscor|Gliscor, F|100/100 tox
|move|p1a: wake not walking|Psyshock|p2a: Gliscor
|-damage|p2a: Gliscor|70/100 tox
|
|-heal|p2a: Gliscor|82/100 tox|[from] ability: Poison Heal
|upkeep
|turn|5
|
|t:|1781427638
|switch|p1a: gay alladin|Enamorus, F|100/100
|move|p2a: Gliscor|Protect||[still]
|-fail|p2a: Gliscor
|
|-heal|p2a: Gliscor|95/100 tox|[from] ability: Poison Heal
|upkeep
|turn|6
|
|t:|1781427645
|switch|p1a: wake not walking|Slowking-Galar, M, shiny|100/100
|-sideend|p1: n5v|move: Toxic Spikes|[of] p1a: wake not walking
|move|p2a: Gliscor|Knock Off|p1a: wake not walking
|-supereffective|p1a: wake not walking
|-damage|p1a: wake not walking|58/100
|-enditem|p1a: wake not walking|Assault Vest|[from] move: Knock Off|[of] p2a: Gliscor
|
|-heal|p2a: Gliscor|100/100 tox|[from] ability: Poison Heal
|upkeep
|turn|7
|
|t:|1781427655
|switch|p1a: diddy kong|Rillaboom, M, shiny|100/100
|-fieldstart|move: Grassy Terrain|[from] ability: Grassy Surge|[of] p1a: diddy kong
|move|p2a: Gliscor|Earthquake|p1a: diddy kong
|-resisted|p1a: diddy kong
|-damage|p1a: diddy kong|91/100
|
|-heal|p1a: diddy kong|97/100|[from] Grassy Terrain
|upkeep
|turn|8
|j| xP Envy
|
|t:|1781427665
|move|p2a: Gliscor|Protect|p2a: Gliscor
|-singleturn|p2a: Gliscor|Protect
|move|p1a: diddy kong|Wood Hammer|p2a: Gliscor
|-activate|p2a: Gliscor|move: Protect
|
|-heal|p1a: diddy kong|100/100|[from] Grassy Terrain
|upkeep
|turn|9
|
|t:|1781427670
|switch|p1a: goobing bolt|Raging Bolt|100/100
|switch|p2a: Talonflame|Talonflame, F|100/100
|
|upkeep
|turn|10
|
|t:|1781427676
|switch|p2a: Gliscor|Gliscor, F|100/100 tox
|move|p1a: goobing bolt|Draco Meteor|p2a: Gliscor
|-damage|p2a: Gliscor|2/100 tox
|-unboost|p1a: goobing bolt|spa|2
|
|-heal|p2a: Gliscor|15/100 tox|[from] ability: Poison Heal
|upkeep
|turn|11
|
|t:|1781427678
|move|p2a: Gliscor|Protect|p2a: Gliscor
|-singleturn|p2a: Gliscor|Protect
|move|p1a: goobing bolt|Draco Meteor|p2a: Gliscor
|-activate|p2a: Gliscor|move: Protect
|
|-heal|p2a: Gliscor|27/100 tox|[from] ability: Poison Heal
|-fieldend|move: Grassy Terrain
|upkeep
|turn|12
|
|t:|1781427684
|-end|p1a: goobing bolt|Protosynthesis|[silent]
|switch|p1a: diddy kong|Rillaboom, M, shiny|100/100
|-fieldstart|move: Grassy Terrain|[from] ability: Grassy Surge|[of] p1a: diddy kong
|switch|p2a: Toxapex|Toxapex, F|100/100
|
|upkeep
|turn|13
|
|t:|1781427687
|switch|p2a: Talonflame|Talonflame, F|100/100
|move|p1a: diddy kong|Wood Hammer|p2a: Talonflame
|-resisted|p2a: Talonflame
|-damage|p2a: Talonflame|74/100
|-damage|p1a: diddy kong|91/100|[from] Recoil
|
|-heal|p1a: diddy kong|97/100|[from] Grassy Terrain
|upkeep
|turn|14
|
|t:|1781427694
|switch|p1a: goobing bolt|Raging Bolt|100/100
|move|p2a: Talonflame|Will-O-Wisp|p1a: goobing bolt
|-status|p1a: goobing bolt|brn
|
|-damage|p1a: goobing bolt|94/100 brn|[from] brn
|upkeep
|turn|15
|
|t:|1781427700
|switch|p2a: Blissey|Blissey, F|100/100
|move|p1a: goobing bolt|Draco Meteor|p2a: Blissey|[miss]
|-miss|p1a: goobing bolt|p2a: Blissey
|
|-heal|p1a: goobing bolt|100/100 brn|[from] Grassy Terrain
|-damage|p1a: goobing bolt|94/100 brn|[from] brn
|upkeep
|turn|16
|
|t:|1781427714
|-end|p1a: goobing bolt|Protosynthesis|[silent]
|switch|p1a: diddy kong|Rillaboom, M, shiny|97/100
|move|p2a: Blissey|Stealth Rock|p1a: diddy kong
|-sidestart|p1: n5v|move: Stealth Rock
|
|-heal|p1a: diddy kong|100/100|[from] Grassy Terrain
|-fieldend|move: Grassy Terrain
|upkeep
|turn|17
|
|t:|1781427720
|switch|p2a: Talonflame|Talonflame, F|74/100
|move|p1a: diddy kong|Knock Off|p2a: Talonflame
|-damage|p2a: Talonflame|26/100
|-status|p1a: diddy kong|brn|[from] ability: Flame Body|[of] p2a: Talonflame
|-enditem|p2a: Talonflame|Heavy-Duty Boots|[from] move: Knock Off|[of] p1a: diddy kong
|
|-damage|p1a: diddy kong|94/100 brn|[from] brn
|upkeep
|turn|18
|
|t:|1781427724
|switch|p1a: goobing bolt|Raging Bolt|94/100 brn
|-damage|p1a: goobing bolt|82/100 brn|[from] Stealth Rock
|move|p2a: Talonflame|Roost|p2a: Talonflame
|-heal|p2a: Talonflame|77/100
|-singleturn|p2a: Talonflame|move: Roost
|
|-damage|p1a: goobing bolt|75/100 brn|[from] brn
|upkeep
|turn|19
|
|t:|1781427729
|switch|p2a: Blissey|Blissey, F|100/100
|move|p1a: goobing bolt|Draco Meteor|p2a: Blissey
|-damage|p2a: Blissey|63/100
|-unboost|p1a: goobing bolt|spa|2
|
|-heal|p2a: Blissey|69/100|[from] item: Leftovers
|-damage|p1a: goobing bolt|69/100 brn|[from] brn
|upkeep
|turn|20
|
|t:|1781427743
|-end|p1a: goobing bolt|Protosynthesis|[silent]
|switch|p1a: cheap tusk|Great Tusk, shiny|100/100
|-damage|p1a: cheap tusk|98/100|[from] Stealth Rock
|move|p2a: Blissey|Seismic Toss|p1a: cheap tusk
|-damage|p1a: cheap tusk|74/100
|-damage|p2a: Blissey|52/100|[from] item: Rocky Helmet|[of] p1a: cheap tusk
|
|-heal|p2a: Blissey|59/100|[from] item: Leftovers
|upkeep
|turn|21
|
|t:|1781427747
|switch|p2a: Mandibuzz|Mandibuzz, F|100/100
|move|p1a: cheap tusk|Rapid Spin|p2a: Mandibuzz
|-damage|p2a: Mandibuzz|90/100
|-boost|p1a: cheap tusk|spe|1
|-sideend|p1: n5v|Stealth Rock|[from] move: Rapid Spin|[of] p1a: cheap tusk
|
|upkeep
|turn|22
|
|t:|1781427759
|-end|p1a: cheap tusk|Protosynthesis|[silent]
|switch|p1a: goobing bolt|Raging Bolt|69/100 brn
|move|p2a: Mandibuzz|Toxic||[still]
|-fail|p2a: Mandibuzz
|
|-damage|p1a: goobing bolt|63/100 brn|[from] brn
|upkeep
|turn|23
|
|t:|1781427770
|switch|p2a: Toxapex|Toxapex, F|100/100
|move|p1a: goobing bolt|Draco Meteor|p2a: Toxapex
|-damage|p2a: Toxapex|25/100
|-unboost|p1a: goobing bolt|spa|2
|
|-heal|p2a: Toxapex|31/100|[from] item: Black Sludge
|-damage|p1a: goobing bolt|57/100 brn|[from] brn
|upkeep
|turn|24
|
|t:|1781427784
|switch|p2a: Mandibuzz|Mandibuzz, F|90/100
|move|p1a: goobing bolt|Draco Meteor|p2a: Mandibuzz
|-damage|p2a: Mandibuzz|49/100
|-unboost|p1a: goobing bolt|spa|2
|
|-damage|p1a: goobing bolt|50/100 brn|[from] brn
|upkeep
|turn|25
|
|t:|1781427800
|-end|p1a: goobing bolt|Protosynthesis|[silent]
|switch|p1a: diddy kong|Rillaboom, M, shiny|94/100 brn
|-fieldstart|move: Grassy Terrain|[from] ability: Grassy Surge|[of] p1a: diddy kong
|move|p2a: Mandibuzz|Roost|p2a: Mandibuzz
|-heal|p2a: Mandibuzz|99/100
|-singleturn|p2a: Mandibuzz|move: Roost
|
|-heal|p1a: diddy kong|100/100 brn|[from] Grassy Terrain
|-heal|p2a: Mandibuzz|100/100|[from] Grassy Terrain
|-damage|p1a: diddy kong|94/100 brn|[from] brn
|upkeep
|turn|26
|j| rexa2
|
|t:|1781427812
|move|p1a: diddy kong|U-turn|p2a: Mandibuzz
|-damage|p2a: Mandibuzz|86/100
|
|t:|1781427814
|switch|p1a: wake not walking|Slowking-Galar, M, shiny|91/100|[from] U-turn
|move|p2a: Mandibuzz|Knock Off|p1a: wake not walking
|-supereffective|p1a: wake not walking
|-damage|p1a: wake not walking|61/100
|
|-heal|p1a: wake not walking|67/100|[from] Grassy Terrain
|upkeep
|turn|27
|
|t:|1781427823
|move|p2a: Mandibuzz|Knock Off|p1a: wake not walking
|-supereffective|p1a: wake not walking
|-damage|p1a: wake not walking|36/100
|move|p1a: wake not walking|Ice Beam|p2a: Mandibuzz
|-supereffective|p2a: Mandibuzz
|-damage|p2a: Mandibuzz|49/100
|
|-heal|p1a: wake not walking|42/100|[from] Grassy Terrain
|upkeep
|turn|28
|
|t:|1781427829
|move|p2a: Mandibuzz|Knock Off|p1a: wake not walking
|-supereffective|p1a: wake not walking
|-damage|p1a: wake not walking|8/100
|move|p1a: wake not walking|Ice Beam|p2a: Mandibuzz
|-supereffective|p2a: Mandibuzz
|-damage|p2a: Mandibuzz|13/100
|
|-heal|p1a: wake not walking|14/100|[from] Grassy Terrain
|upkeep
|turn|29
|
|t:|1781427838
|switch|p1a: cheap tusk|Great Tusk, shiny|74/100
|move|p2a: Mandibuzz|Roost|p2a: Mandibuzz
|-heal|p2a: Mandibuzz|63/100
|-singleturn|p2a: Mandibuzz|move: Roost
|
|-heal|p1a: cheap tusk|81/100|[from] Grassy Terrain
|-heal|p2a: Mandibuzz|69/100|[from] Grassy Terrain
|-fieldend|move: Grassy Terrain
|upkeep
|turn|30
|
|t:|1781427842
|move|p1a: cheap tusk|Ice Spinner|p2a: Mandibuzz
|-supereffective|p2a: Mandibuzz
|-damage|p2a: Mandibuzz|36/100
|move|p2a: Mandibuzz|Toxic|p1a: cheap tusk
|-status|p1a: cheap tusk|tox
|
|-damage|p1a: cheap tusk|74/100 tox|[from] psn
|upkeep
|turn|31
|
|t:|1781427846
|move|p1a: cheap tusk|Stealth Rock|p2a: Mandibuzz
|-sidestart|p2: Dragonair bot|move: Stealth Rock
|move|p2a: Mandibuzz|Roost|p2a: Mandibuzz
|-heal|p2a: Mandibuzz|86/100
|-singleturn|p2a: Mandibuzz|move: Roost
|
|-damage|p1a: cheap tusk|62/100 tox|[from] psn
|upkeep
|turn|32
|
|t:|1781427853
|move|p1a: cheap tusk|Ice Spinner|p2a: Mandibuzz
|-supereffective|p2a: Mandibuzz
|-damage|p2a: Mandibuzz|55/100
|move|p2a: Mandibuzz|Defog|p1a: cheap tusk
|-unboost|p1a: cheap tusk|evasion|1
|-sideend|p2: Dragonair bot|Stealth Rock|[from] move: Defog|[of] p2a: Mandibuzz
|
|-damage|p1a: cheap tusk|43/100 tox|[from] psn
|upkeep
|turn|33
|
|t:|1781427857
|-end|p1a: cheap tusk|Protosynthesis|[silent]
|switch|p1a: gay alladin|Enamorus, F|100/100
|move|p2a: Mandibuzz|Roost|p2a: Mandibuzz
|-heal|p2a: Mandibuzz|100/100
|-singleturn|p2a: Mandibuzz|move: Roost
|
|upkeep
|turn|34
|
|t:|1781427863
|switch|p1a: wake not walking|Slowking-Galar, M, shiny|48/100
|switch|p2a: Toxapex|Toxapex, F|64/100
|
|-heal|p2a: Toxapex|70/100|[from] item: Black Sludge
|upkeep
|turn|35
|
|t:|1781427869
|switch|p2a: Mandibuzz|Mandibuzz, F|100/100
|switch|p1a: goobing bolt|Raging Bolt|50/100 brn
|
|-damage|p1a: goobing bolt|44/100 brn|[from] brn
|upkeep
|turn|36
|
|t:|1781427881
|-end|p1a: goobing bolt|Protosynthesis|[silent]
|switch|p1a: wake not walking|Slowking-Galar, M, shiny|81/100
|switch|p2a: Gliscor|Gliscor, F|27/100 tox
|
|-heal|p2a: Gliscor|40/100 tox|[from] ability: Poison Heal
|upkeep
|turn|37
|
|t:|1781427884
|move|p2a: Gliscor|Protect|p2a: Gliscor
|-singleturn|p2a: Gliscor|Protect
|move|p1a: wake not walking|Ice Beam|p2a: Gliscor
|-activate|p2a: Gliscor|move: Protect
|
|-heal|p2a: Gliscor|52/100 tox|[from] ability: Poison Heal
|upkeep
|turn|38
|
|t:|1781427888
|switch|p2a: Mandibuzz|Mandibuzz, F|100/100
|move|p1a: wake not walking|Ice Beam|p2a: Mandibuzz
|-supereffective|p2a: Mandibuzz
|-damage|p2a: Mandibuzz|61/100
|
|upkeep
|turn|39
|
|t:|1781427894
|move|p2a: Mandibuzz|Knock Off|p1a: wake not walking
|-supereffective|p1a: wake not walking
|-damage|p1a: wake not walking|47/100
|move|p1a: wake not walking|Ice Beam|p2a: Mandibuzz
|-supereffective|p2a: Mandibuzz
|-damage|p2a: Mandibuzz|23/100
|
|upkeep
|turn|40
|
|t:|1781427903
|move|p2a: Mandibuzz|Roost|p2a: Mandibuzz
|-heal|p2a: Mandibuzz|73/100
|-singleturn|p2a: Mandibuzz|move: Roost
|move|p1a: wake not walking|Ice Beam|p2a: Mandibuzz
|-damage|p2a: Mandibuzz|53/100
|
|upkeep
|turn|41
|
|t:|1781427912
|move|p2a: Mandibuzz|Knock Off|p1a: wake not walking
|-supereffective|p1a: wake not walking
|-damage|p1a: wake not walking|13/100
|move|p1a: wake not walking|Ice Beam|p2a: Mandibuzz
|-supereffective|p2a: Mandibuzz
|-damage|p2a: Mandibuzz|13/100
|
|upkeep
|turn|42
|
|t:|1781427916
|switch|p1a: goobing bolt|Raging Bolt|44/100 brn
|move|p2a: Mandibuzz|Roost|p2a: Mandibuzz
|-heal|p2a: Mandibuzz|63/100
|-singleturn|p2a: Mandibuzz|move: Roost
|
|-damage|p1a: goobing bolt|38/100 brn|[from] brn
|upkeep
|turn|43
|
|t:|1781427920
|switch|p2a: Gliscor|Gliscor, F|52/100 tox
|move|p1a: goobing bolt|Thunderbolt|p2a: Gliscor
|-immune|p2a: Gliscor
|
|-heal|p2a: Gliscor|65/100 tox|[from] ability: Poison Heal
|-damage|p1a: goobing bolt|32/100 brn|[from] brn
|upkeep
|turn|44
|
|t:|1781427935
|-end|p1a: goobing bolt|Protosynthesis|[silent]
|switch|p1a: gay alladin|Enamorus, F|100/100
|move|p2a: Gliscor|Spikes|p1a: gay alladin
|-sidestart|p1: n5v|Spikes
|
|-heal|p2a: Gliscor|77/100 tox|[from] ability: Poison Heal
|upkeep
|turn|45
|
|t:|1781427937
|move|p2a: Gliscor|Protect|p2a: Gliscor
|-singleturn|p2a: Gliscor|Protect
|move|p1a: gay alladin|Moonblast|p2a: Gliscor
|-activate|p2a: Gliscor|move: Protect
|
|-heal|p2a: Gliscor|90/100 tox|[from] ability: Poison Heal
|upkeep
|turn|46
|
|t:|1781427942
|switch|p1a: cheap tusk|Great Tusk, shiny|43/100 tox
|-damage|p1a: cheap tusk|31/100 tox|[from] Spikes
|move|p2a: Gliscor|Spikes|p1a: cheap tusk
|-sidestart|p1: n5v|Spikes
|
|-damage|p1a: cheap tusk|25/100 tox|[from] psn
|-heal|p2a: Gliscor|100/100 tox|[from] ability: Poison Heal
|upkeep
|turn|47
|
|t:|1781427945
|move|p2a: Gliscor|Protect|p2a: Gliscor
|-singleturn|p2a: Gliscor|Protect
|move|p1a: cheap tusk|Ice Spinner|p2a: Gliscor
|-activate|p2a: Gliscor|move: Protect
|
|-damage|p1a: cheap tusk|12/100 tox|[from] psn
|upkeep
|turn|48
|
|t:|1781427950
|move|p1a: cheap tusk|Rapid Spin|p2a: Gliscor
|-damage|p2a: Gliscor|89/100 tox
|-boost|p1a: cheap tusk|spe|1
|-sideend|p1: n5v|Spikes|[from] move: Rapid Spin|[of] p1a: cheap tusk
|move|p2a: Gliscor|Earthquake|p1a: cheap tusk
|-damage|p1a: cheap tusk|0 fnt
|faint|p1a: cheap tusk
|-end|p1a: cheap tusk|Protosynthesis|[silent]
|
|-heal|p2a: Gliscor|100/100 tox|[from] ability: Poison Heal
|upkeep
|
|t:|1781427965
|switch|p1a: diddy kong|Rillaboom, M, shiny|94/100 brn
|-fieldstart|move: Grassy Terrain|[from] ability: Grassy Surge|[of] p1a: diddy kong
|turn|49
|
|t:|1781427970
|move|p1a: diddy kong|Wood Hammer|p2a: Gliscor
|-damage|p2a: Gliscor|45/100 tox
|-damage|p1a: diddy kong|75/100 brn|[from] Recoil
|move|p2a: Gliscor|Spikes|p1a: diddy kong
|-sidestart|p1: n5v|Spikes
|
|-heal|p1a: diddy kong|81/100 brn|[from] Grassy Terrain
|-heal|p2a: Gliscor|57/100 tox|[from] ability: Poison Heal
|-damage|p1a: diddy kong|75/100 brn|[from] brn
|upkeep
|turn|50
|
|t:|1781427979
|switch|p1a: wake not walking|Slowking-Galar, M, shiny|47/100
|-damage|p1a: wake not walking|34/100|[from] Spikes
|move|p2a: Gliscor|Protect||[still]
|-fail|p2a: Gliscor
|
|-heal|p1a: wake not walking|40/100|[from] Grassy Terrain
|-heal|p2a: Gliscor|70/100 tox|[from] ability: Poison Heal
|upkeep
|turn|51
|l| rexa2
|
|t:|1781427985
|move|p2a: Gliscor|Protect|p2a: Gliscor
|-singleturn|p2a: Gliscor|Protect
|move|p1a: wake not walking|Ice Beam|p2a: Gliscor
|-activate|p2a: Gliscor|move: Protect
|
|-heal|p1a: wake not walking|46/100|[from] Grassy Terrain
|-heal|p2a: Gliscor|82/100 tox|[from] ability: Poison Heal
|upkeep
|turn|52
|j| rexa2
|
|t:|1781427990
|switch|p2a: Blissey|Blissey, F|59/100
|move|p1a: wake not walking|Ice Beam|p2a: Blissey
|-damage|p2a: Blissey|49/100
|
|-heal|p2a: Blissey|56/100|[from] Grassy Terrain
|-heal|p2a: Blissey|62/100|[from] item: Leftovers
|-heal|p1a: wake not walking|52/100|[from] Grassy Terrain
|upkeep
|turn|53
|l| rexa2
|
|t:|1781427999
|move|p2a: Blissey|Soft-Boiled|p2a: Blissey
|-heal|p2a: Blissey|100/100
|move|p1a: wake not walking|Psyshock|p2a: Blissey
|-damage|p2a: Blissey|59/100
|
|-heal|p2a: Blissey|66/100|[from] Grassy Terrain
|-heal|p2a: Blissey|72/100|[from] item: Leftovers
|-heal|p1a: wake not walking|59/100|[from] Grassy Terrain
|-fieldend|move: Grassy Terrain
|upkeep
|turn|54
|
|t:|1781428005
|switch|p1a: diddy kong|Rillaboom, M, shiny|75/100 brn
|-damage|p1a: diddy kong|63/100 brn|[from] Spikes
|-fieldstart|move: Grassy Terrain|[from] ability: Grassy Surge|[of] p1a: diddy kong
|move|p2a: Blissey|Stealth Rock|p1a: diddy kong
|-sidestart|p1: n5v|move: Stealth Rock
|
|-heal|p1a: diddy kong|69/100 brn|[from] Grassy Terrain
|-heal|p2a: Blissey|78/100|[from] Grassy Terrain
|-heal|p2a: Blissey|84/100|[from] item: Leftovers
|-damage|p1a: diddy kong|63/100 brn|[from] brn
|upkeep
|turn|55
|
|t:|1781428015
|switch|p2a: Talonflame|Talonflame, F|77/100
|move|p1a: diddy kong|Wood Hammer|p2a: Talonflame
|-resisted|p2a: Talonflame
|-damage|p2a: Talonflame|62/100
|-damage|p1a: diddy kong|58/100 brn|[from] Recoil
|
|-heal|p1a: diddy kong|64/100 brn|[from] Grassy Terrain
|-damage|p1a: diddy kong|58/100 brn|[from] brn
|upkeep
|turn|56
|
|t:|1781428021
|switch|p1a: wake not walking|Slowking-Galar, M, shiny|92/100
|-damage|p1a: wake not walking|79/100|[from] Spikes
|-damage|p1a: wake not walking|67/100|[from] Stealth Rock
|move|p2a: Talonflame|Roost|p2a: Talonflame
|-heal|p2a: Talonflame|100/100
|-singleturn|p2a: Talonflame|move: Roost
|
|-heal|p1a: wake not walking|73/100|[from] Grassy Terrain
|upkeep
|turn|57
|
|t:|1781428036
|move|p2a: Talonflame|Will-O-Wisp|p1a: wake not walking
|-status|p1a: wake not walking|brn
|move|p1a: wake not walking|Sludge Bomb|p2a: Talonflame
|-damage|p2a: Talonflame|49/100
|
|-heal|p1a: wake not walking|79/100 brn|[from] Grassy Terrain
|-damage|p1a: wake not walking|73/100 brn|[from] brn
|upkeep
|turn|58
|j| 54 insane rats
|l| 54 insane rats
|
|t:|1781428048
|move|p2a: Talonflame|Roost|p2a: Talonflame
|-heal|p2a: Talonflame|99/100
|-singleturn|p2a: Talonflame|move: Roost
|move|p1a: wake not walking|Psyshock|p2a: Talonflame
|-damage|p2a: Talonflame|66/100
|
|-heal|p2a: Talonflame|72/100|[from] Grassy Terrain
|-heal|p1a: wake not walking|79/100 brn|[from] Grassy Terrain
|-damage|p1a: wake not walking|73/100 brn|[from] brn
|-fieldend|move: Grassy Terrain
|upkeep
|turn|59
|
|t:|1781428055
|move|p2a: Talonflame|Overheat|p1a: wake not walking
|-damage|p1a: wake not walking|46/100 brn
|-unboost|p2a: Talonflame|spa|2
|move|p1a: wake not walking|Sludge Bomb|p2a: Talonflame
|-damage|p2a: Talonflame|13/100
|-status|p2a: Talonflame|psn
|
|-damage|p2a: Talonflame|1/100 psn|[from] psn
|-damage|p1a: wake not walking|40/100 brn|[from] brn
|upkeep
|turn|60
|
|t:|1781428068
|switch|p2a: Gliscor|Gliscor, F|82/100 tox
|move|p1a: wake not walking|Sludge Bomb|p2a: Gliscor
|-resisted|p2a: Gliscor
|-damage|p2a: Gliscor|64/100 tox
|
|-heal|p2a: Gliscor|76/100 tox|[from] ability: Poison Heal
|-damage|p1a: wake not walking|34/100 brn|[from] brn
|upkeep
|turn|61
|
|t:|1781428073
|switch|p1a: gay alladin|Enamorus, F|100/100
|-damage|p1a: gay alladin|76/100|[from] Stealth Rock
|move|p2a: Gliscor|Earthquake|p1a: gay alladin
|-immune|p1a: gay alladin
|
|-heal|p2a: Gliscor|89/100 tox|[from] ability: Poison Heal
|upkeep
|turn|62
|
|t:|1781428079
|move|p1a: gay alladin|Moonblast|p2a: Gliscor
|-crit|p2a: Gliscor
|-damage|p2a: Gliscor|22/100 tox
|move|p2a: Gliscor|Knock Off|p1a: gay alladin
|-resisted|p1a: gay alladin
|-damage|p1a: gay alladin|59/100
|-enditem|p1a: gay alladin|Choice Scarf|[from] move: Knock Off|[of] p2a: Gliscor
|
|-heal|p2a: Gliscor|35/100 tox|[from] ability: Poison Heal
|upkeep
|turn|63
|
|t:|1781428090
|move|p2a: Gliscor|Protect|p2a: Gliscor
|-singleturn|p2a: Gliscor|Protect
|move|p1a: gay alladin|Moonblast|p2a: Gliscor
|-activate|p2a: Gliscor|move: Protect
|
|-heal|p2a: Gliscor|47/100 tox|[from] ability: Poison Heal
|upkeep
|turn|64
|
|t:|1781428097
|switch|p1a: neededaghostresist|Kingambit, M, shiny|100/100
|-damage|p1a: neededaghostresist|88/100|[from] Spikes
|-damage|p1a: neededaghostresist|82/100|[from] Stealth Rock
|-activate|p1a: neededaghostresist|ability: Supreme Overlord
|-start|p1a: neededaghostresist|fallen1|[silent]
|switch|p2a: Talonflame|Talonflame, F|1/100 psn
|
|-heal|p1a: neededaghostresist|88/100|[from] item: Leftovers
|-damage|p2a: Talonflame|0 fnt|[from] psn
|faint|p2a: Talonflame
|upkeep
|
|t:|1781428106
|switch|p2a: Dondozo|Dondozo, M|100/100
|turn|65
|
|t:|1781428108
|-end|p1a: neededaghostresist|fallen1|[silent]
|switch|p1a: diddy kong|Rillaboom, M, shiny|58/100 brn
|-damage|p1a: diddy kong|46/100 brn|[from] Spikes
|-damage|p1a: diddy kong|33/100 brn|[from] Stealth Rock
|-fieldstart|move: Grassy Terrain|[from] ability: Grassy Surge|[of] p1a: diddy kong
|move|p2a: Dondozo|Avalanche|p1a: diddy kong
|-supereffective|p1a: diddy kong
|-damage|p1a: diddy kong|3/100 brn
|
|-heal|p1a: diddy kong|9/100 brn|[from] Grassy Terrain
|-damage|p1a: diddy kong|3/100 brn|[from] brn
|upkeep
|turn|66
|
|t:|1781428123
|switch|p2a: Toxapex|Toxapex, F|100/100
|move|p1a: diddy kong|Wood Hammer|p2a: Toxapex
|-damage|p2a: Toxapex|53/100
|-damage|p1a: diddy kong|0 fnt|[from] Recoil
|faint|p1a: diddy kong
|
|-heal|p2a: Toxapex|59/100|[from] Grassy Terrain
|-heal|p2a: Toxapex|66/100|[from] item: Black Sludge
|upkeep
|
|t:|1781428136
|switch|p1a: wake not walking|Slowking-Galar, M, shiny|67/100 brn
|-damage|p1a: wake not walking|55/100 brn|[from] Spikes
|-damage|p1a: wake not walking|42/100 brn|[from] Stealth Rock
|turn|67
|
|t:|1781428146
|move|p2a: Toxapex|Surf|p1a: wake not walking
|-damage|p1a: wake not walking|28/100 brn
|move|p1a: wake not walking|Sludge Bomb|p2a: Toxapex
|-resisted|p2a: Toxapex
|-damage|p2a: Toxapex|51/100
|
|-heal|p2a: Toxapex|57/100|[from] Grassy Terrain
|-heal|p2a: Toxapex|63/100|[from] item: Black Sludge
|-heal|p1a: wake not walking|34/100 brn|[from] Grassy Terrain
|-damage|p1a: wake not walking|28/100 brn|[from] brn
|upkeep
|turn|68
|
|t:|1781428149
|move|p2a: Toxapex|Surf|p1a: wake not walking
|-crit|p1a: wake not walking
|-damage|p1a: wake not walking|8/100 brn
|move|p1a: wake not walking|Psyshock|p2a: Toxapex
|-supereffective|p2a: Toxapex
|-damage|p2a: Toxapex|12/100
|
|-heal|p2a: Toxapex|18/100|[from] Grassy Terrain
|-heal|p2a: Toxapex|25/100|[from] item: Black Sludge
|-heal|p1a: wake not walking|14/100 brn|[from] Grassy Terrain
|-damage|p1a: wake not walking|8/100 brn|[from] brn
|upkeep
|turn|69
|
|t:|1781428154
|switch|p1a: goobing bolt|Raging Bolt|32/100 brn
|-damage|p1a: goobing bolt|19/100 brn|[from] Spikes
|-damage|p1a: goobing bolt|7/100 brn|[from] Stealth Rock
|move|p2a: Toxapex|Surf|p1a: goobing bolt
|-resisted|p1a: goobing bolt
|-damage|p1a: goobing bolt|0 fnt
|faint|p1a: goobing bolt
|-end|p1a: goobing bolt|Protosynthesis|[silent]
|
|-heal|p2a: Toxapex|31/100|[from] Grassy Terrain
|-heal|p2a: Toxapex|37/100|[from] item: Black Sludge
|-fieldend|move: Grassy Terrain
|upkeep
|
|t:|1781428168
|switch|p1a: gay alladin|Enamorus, F|59/100
|-damage|p1a: gay alladin|34/100|[from] Stealth Rock
|turn|70
|
|t:|1781428177
|switch|p2a: Mandibuzz|Mandibuzz, F|63/100
|move|p1a: gay alladin|Earth Power|p2a: Mandibuzz
|-immune|p2a: Mandibuzz
|
|upkeep
|turn|71
|
|t:|1781428182
|move|p1a: gay alladin|Moonblast|p2a: Mandibuzz
|-supereffective|p2a: Mandibuzz
|-damage|p2a: Mandibuzz|0 fnt
|faint|p2a: Mandibuzz
|
|upkeep
|l| xP Envy
|
|t:|1781428185
|switch|p2a: Toxapex|Toxapex, F|70/100
|turn|72
|
|t:|1781428188
|-terastallize|p1a: gay alladin|Ground
|move|p1a: gay alladin|Earth Power|p2a: Toxapex
|-supereffective|p2a: Toxapex
|-damage|p2a: Toxapex|0 fnt
|faint|p2a: Toxapex
|
|upkeep
|
|t:|1781428191
|switch|p2a: Blissey|Blissey, F|84/100
|turn|73
|
|t:|1781428203
|switch|p1a: neededaghostresist|Kingambit, M, shiny|88/100
|-damage|p1a: neededaghostresist|76/100|[from] Spikes
|-damage|p1a: neededaghostresist|70/100|[from] Stealth Rock
|-activate|p1a: neededaghostresist|ability: Supreme Overlord
|-start|p1a: neededaghostresist|fallen3|[silent]
|move|p2a: Blissey|Seismic Toss|p1a: neededaghostresist
|-damage|p1a: neededaghostresist|40/100
|
|-heal|p1a: neededaghostresist|47/100|[from] item: Leftovers
|-heal|p2a: Blissey|91/100|[from] item: Leftovers
|upkeep
|turn|74
|
|t:|1781428209
|switch|p2a: Dondozo|Dondozo, M|100/100
|move|p1a: neededaghostresist|Kowtow Cleave|p2a: Dondozo
|-damage|p2a: Dondozo|74/100
|
|-heal|p1a: neededaghostresist|53/100|[from] item: Leftovers
|-heal|p2a: Dondozo|80/100|[from] item: Leftovers
|upkeep
|turn|75
|
|t:|1781428213
|move|p1a: neededaghostresist|Kowtow Cleave|p2a: Dondozo
|-damage|p2a: Dondozo|55/100
|move|p2a: Dondozo|Body Press|p1a: neededaghostresist
|-supereffective|p1a: neededaghostresist
|-damage|p1a: neededaghostresist|0 fnt
|faint|p1a: neededaghostresist
|-end|p1a: neededaghostresist|fallen3|[silent]
|
|-heal|p2a: Dondozo|61/100|[from] item: Leftovers
|upkeep
|c|☆n5v|ggs
|-message|n5v forfeited.
|
|win|Dragonair bot
|raw|n5v's rating: 1725 &rarr; <strong>1699</strong><br />(-26 for losing)
|raw|Dragonair bot's rating: 1622 &rarr; <strong>1648</strong><br />(+26 for winning)
|l|☆n5v
|player|p1|
|l|☆Dragonair bot
|player|p2|
