|j|‽Jom31
|j|☆sethypooh
|t:|1781287032
|gametype|singles
|player|p1|Jom31|steven|1543
|player|p2|sethypooh|pokemaniac|1514
|gen|9
|tier|[Gen 9] OU
|rated|
|rule|HP Percentage Mod: HP is shown in percentages
|rule|Endless Battle Clause: Forcing endless battles is banned
|rule|Species Clause: Limit one of each Pokémon
|rule|OHKO Clause: OHKO moves are banned
|rule|Evasion Items Clause: Evasion items are banned
|rule|Evasion Moves Clause: Evasion moves are banned
|rule|Evasion Abilities Clause: Evasion abilities are banned
|rule|Sleep Moves Clause: Sleep-inducing moves are banned
|clearpoke
|poke|p1|Jolteon, M|
|poke|p1|Slowking-Galar, F|
|poke|p1|Great Tusk|
|poke|p1|Moltres|
|poke|p1|Kingambit, F|
|poke|p1|Hydrapple, M|
|poke|p2|Raging Bolt|
|poke|p2|Ribombee, F|
|poke|p2|Gholdengo|
|poke|p2|Great Tusk|
|poke|p2|Ogerpon-Cornerstone, F|
|poke|p2|Ceruledge, M|
|teampreview
|inactive|Battle timer is ON: inactive players will automatically lose when time's up. (requested by sethypooh)
|
|t:|1781287038
|teamsize|p1|6
|teamsize|p2|6
|start
|switch|p1a: Jolteon|Jolteon, M|100/100
|switch|p2a: Ogerpon|Ogerpon-Cornerstone, F|100/100
|turn|1
|
|t:|1781287045
|move|p1a: Jolteon|Volt Switch|p2a: Ogerpon
|-resisted|p2a: Ogerpon
|-damage|p2a: Ogerpon|83/100
|
|t:|1781287049
|switch|p1a: Hydrapple|Hydrapple, M|100/100|[from] Volt Switch
|move|p2a: Ogerpon|Ivy Cudgel|p1a: Hydrapple|[anim] Ivy Cudgel Rock
|-damage|p1a: Hydrapple|65/100
|
|upkeep
|turn|2
|
|t:|1781287067
|-terastallize|p2a: Ogerpon|Rock
|detailschange|p2a: Ogerpon|Ogerpon-Cornerstone-Tera, F, tera:Rock
|-ability|p2a: Ogerpon|Embody Aspect (Cornerstone)|boost
|-boost|p2a: Ogerpon|def|1
|move|p2a: Ogerpon|Ivy Cudgel|p1a: Hydrapple|[anim] Ivy Cudgel Rock
|-damage|p1a: Hydrapple|22/100
|move|p1a: Hydrapple|Giga Drain|p2a: Ogerpon
|-supereffective|p2a: Ogerpon
|-damage|p2a: Ogerpon|18/100
|-heal|p1a: Hydrapple|45/100|[from] drain|[of] p2a: Ogerpon
|
|upkeep
|turn|3
|inactive|Jom31 has 120 seconds left.
|
|t:|1781287095
|switch|p1a: Kingambit|Kingambit, F|100/100
|move|p2a: Ogerpon|Ivy Cudgel|p1a: Kingambit|[anim] Ivy Cudgel Rock
|-resisted|p1a: Kingambit
|-damage|p1a: Kingambit|65/100
|
|-heal|p1a: Kingambit|71/100|[from] item: Leftovers
|upkeep
|turn|4
|
|t:|1781287101
|move|p1a: Kingambit|Sucker Punch|p2a: Ogerpon
|-damage|p2a: Ogerpon|0 fnt
|faint|p2a: Ogerpon
|detailschange|p2: Ogerpon|Ogerpon-Cornerstone, F|[silent]
|
|-heal|p1a: Kingambit|77/100|[from] item: Leftovers
|upkeep
|
|t:|1781287110
|switch|p2a: Ceruledge|Ceruledge, M, shiny|100/100
|turn|5
|
|t:|1781287120
|-end|p1a: Kingambit|fallenundefined|[silent]
|switch|p1a: Moltres|Moltres|100/100
|move|p2a: Ceruledge|Close Combat|p1a: Moltres
|-resisted|p1a: Moltres
|-damage|p1a: Moltres|84/100
|-unboost|p2a: Ceruledge|def|1
|-unboost|p2a: Ceruledge|spd|1
|
|upkeep
|turn|6
|
|t:|1781287129
|move|p2a: Ceruledge|Poltergeist|p1a: Moltres
|-activate|p1a: Moltres|move: Poltergeist|Heavy-Duty Boots
|-damage|p1a: Moltres|34/100
|move|p1a: Moltres|Scorching Sands|p2a: Ceruledge
|-supereffective|p2a: Ceruledge
|-damage|p2a: Ceruledge|31/100
|
|upkeep
|turn|7
|
|t:|1781287150
|move|p2a: Ceruledge|Poltergeist|p1a: Moltres
|-activate|p1a: Moltres|move: Poltergeist|Heavy-Duty Boots
|-damage|p1a: Moltres|0 fnt
|faint|p1a: Moltres
|
|upkeep
|
|t:|1781287153
|switch|p1a: Jolteon|Jolteon, M|100/100
|turn|8
|
|t:|1781287160
|move|p2a: Ceruledge|Shadow Sneak|p1a: Jolteon
|-damage|p1a: Jolteon|61/100
|move|p1a: Jolteon|Thunderbolt|p2a: Ceruledge
|-damage|p2a: Ceruledge|0 fnt
|faint|p2a: Ceruledge
|
|upkeep
|
|t:|1781287183
|switch|p2a: Raging Bolt|Raging Bolt|100/100
|-enditem|p2a: Raging Bolt|Booster Energy
|-activate|p2a: Raging Bolt|ability: Protosynthesis|[fromitem]
|-start|p2a: Raging Bolt|protosynthesisspa
|turn|9
|
|t:|1781287194
|-terastallize|p1a: Jolteon|Fairy
|move|p1a: Jolteon|Calm Mind|p1a: Jolteon
|-boost|p1a: Jolteon|spa|1
|-boost|p1a: Jolteon|spd|1
|move|p2a: Raging Bolt|Calm Mind|p2a: Raging Bolt
|-boost|p2a: Raging Bolt|spa|1
|-boost|p2a: Raging Bolt|spd|1
|
|upkeep
|turn|10
|
|t:|1781287204
|move|p1a: Jolteon|Calm Mind|p1a: Jolteon
|-boost|p1a: Jolteon|spa|1
|-boost|p1a: Jolteon|spd|1
|move|p2a: Raging Bolt|Thunderbolt|p1a: Jolteon
|-heal|p1a: Jolteon|86/100|[from] ability: Volt Absorb|[of] p2a: Raging Bolt
|
|upkeep
|turn|11
|
|t:|1781287213
|-end|p2a: Raging Bolt|Protosynthesis|[silent]
|switch|p2a: Gholdengo|Gholdengo, shiny|100/100
|-item|p2a: Gholdengo|Air Balloon
|move|p1a: Jolteon|Thunderbolt|p2a: Gholdengo
|-damage|p2a: Gholdengo|7/100
|-enditem|p2a: Gholdengo|Air Balloon
|
|upkeep
|turn|12
|-message|sethypooh forfeited.
|
|win|Jom31
|raw|Jom31's rating: 1543 &rarr; <strong>1562</strong><br />(+19 for winning)
|raw|sethypooh's rating: 1528 &rarr; <strong>1509</strong><br />(-19 for losing)
|l|☆sethypooh
|player|p2|
|l|‽Jom31
|player|p1|
