|j|☆FireSide_01
|j|☆FP.//06
|t:|1781513761
|gametype|singles
|player|p1|FireSide_01|janine|1560
|player|p2|FP.//06|hilda-masters3|1529
|gen|9
|tier|[Gen 9] OU
|rated|
|rule|HP Percentage Mod: HP is shown in percentages
|rule|Endless Battle Clause: Forcing endless battles is banned
|rule|Species Clause: Limit one of each Pokémon
|rule|OHKO Clause: OHKO moves are banned
|rule|Evasion Items Clause: Evasion items are banned
|rule|Evasion Moves Clause: Evasion moves are banned
|rule|Evasion Abilities Clause: Evasion abilities are banned
|rule|Sleep Moves Clause: Sleep-inducing moves are banned
|clearpoke
|poke|p1|Ting-Lu|
|poke|p1|Sinistcha|
|poke|p1|Darkrai|
|poke|p1|Ceruledge, F|
|poke|p1|Corviknight, F|
|poke|p1|Primarina, F|
|poke|p2|Landorus-Therian, M|
|poke|p2|Glimmora, M|
|poke|p2|Zamazenta-*|
|poke|p2|Gholdengo|
|poke|p2|Kyurem|
|poke|p2|Kingambit, F|
|teampreview
|inactive|Battle timer is ON: inactive players will automatically lose when time's up. (requested by FP.//06)
|inactive|FP.//06 has 120 seconds left.
|inactive|FP.//06 has 90 seconds left.
|inactive|FP.//06 has 60 seconds left.
|
|t:|1781513860
|teamsize|p1|6
|teamsize|p2|6
|start
|switch|p1a: Primarina|Primarina, F|100/100
|switch|p2a: Landorus|Landorus-Therian, M|100/100
|-ability|p2a: Landorus|Intimidate|boost
|-unboost|p1a: Primarina|atk|1
|turn|1
|inactive|FP.//06 has 120 seconds left.
|
|t:|1781513867
|move|p2a: Landorus|U-turn|p1a: Primarina
|-resisted|p1a: Primarina
|-damage|p1a: Primarina|89/100
|
|t:|1781513869
|switch|p2a: Gholdengo|Gholdengo|100/100|[from] U-turn
|-item|p2a: Gholdengo|Air Balloon
|move|p1a: Primarina|Surf|p2a: Gholdengo
|-damage|p2a: Gholdengo|51/100
|-enditem|p2a: Gholdengo|Air Balloon
|
|upkeep
|turn|2
|
|t:|1781513875
|move|p2a: Gholdengo|Thunder Wave|p1a: Primarina
|-status|p1a: Primarina|par
|move|p1a: Primarina|Flip Turn|p2a: Gholdengo
|-damage|p2a: Gholdengo|44/100
|
|t:|1781513887
|switch|p1a: Darkrai|Darkrai|100/100|[from] Flip Turn
|
|upkeep
|turn|3
|
|t:|1781513891
|switch|p2a: Glimm Gardashian|Glimmora, M|100/100
|move|p1a: Darkrai|Dark Pulse|p2a: Glimm Gardashian
|-damage|p2a: Glimm Gardashian|40/100
|
|upkeep
|turn|4
|
|t:|1781513894
|move|p2a: Glimm Gardashian|Dazzling Gleam|p1a: Darkrai
|-supereffective|p1a: Darkrai
|-damage|p1a: Darkrai|24/100
|move|p1a: Darkrai|Dark Pulse|p2a: Glimm Gardashian
|-damage|p2a: Glimm Gardashian|0 fnt
|faint|p2a: Glimm Gardashian
|
|upkeep
|
|t:|1781513899
|switch|p2a: Ozama|Zamazenta|100/100
|-ability|p2a: Ozama|Dauntless Shield|boost
|-boost|p2a: Ozama|def|1
|turn|5
|
|t:|1781513905
|switch|p1a: Corviknight|Corviknight, F|100/100
|-ability|p1a: Corviknight|Pressure
|move|p2a: Ozama|Body Press|p1a: Corviknight
|-damage|p1a: Corviknight|72/100
|-damage|p2a: Ozama|84/100|[from] item: Rocky Helmet|[of] p1a: Corviknight
|
|-heal|p2a: Ozama|90/100|[from] item: Leftovers
|upkeep
|turn|6
|
|t:|1781513910
|move|p2a: Ozama|Iron Defense|p2a: Ozama
|-boost|p2a: Ozama|def|2
|move|p1a: Corviknight|Brave Bird|p2a: Ozama
|-supereffective|p2a: Ozama
|-damage|p2a: Ozama|64/100
|-damage|p1a: Corviknight|65/100|[from] Recoil
|
|-heal|p2a: Ozama|70/100|[from] item: Leftovers
|upkeep
|turn|7
|
|t:|1781513915
|move|p2a: Ozama|Crunch|p1a: Corviknight
|-damage|p1a: Corviknight|51/100
|-unboost|p1a: Corviknight|def|1
|-damage|p2a: Ozama|54/100|[from] item: Rocky Helmet|[of] p1a: Corviknight
|move|p1a: Corviknight|U-turn|p2a: Ozama
|-resisted|p2a: Ozama
|-damage|p2a: Ozama|52/100
|
|t:|1781513930
|switch|p1a: Sinistcha|Sinistcha|100/100|[from] U-turn
|
|-heal|p2a: Ozama|58/100|[from] item: Leftovers
|upkeep
|turn|8
|
|t:|1781513935
|switch|p2a: Gholdengo|Gholdengo|44/100
|move|p1a: Sinistcha|Calm Mind|p1a: Sinistcha
|-boost|p1a: Sinistcha|spa|1
|-boost|p1a: Sinistcha|spd|1
|
|upkeep
|turn|9
|
|t:|1781513940
|move|p2a: Gholdengo|Thunder Wave|p1a: Sinistcha
|-status|p1a: Sinistcha|par
|move|p1a: Sinistcha|Shadow Ball|p2a: Gholdengo
|-supereffective|p2a: Gholdengo
|-damage|p2a: Gholdengo|0 fnt
|faint|p2a: Gholdengo
|
|upkeep
|
|t:|1781513944
|switch|p2a: Kyurem|Kyurem|100/100
|-ability|p2a: Kyurem|Pressure
|turn|10
|
|t:|1781513950
|switch|p1a: Primarina|Primarina, F|89/100 par
|move|p2a: Kyurem|Dragon Dance|p2a: Kyurem
|-boost|p2a: Kyurem|atk|1
|-boost|p2a: Kyurem|spe|1
|
|upkeep
|turn|11
|
|t:|1781513961
|move|p2a: Kyurem|Icicle Spear|p1a: Primarina
|-resisted|p1a: Primarina
|-damage|p1a: Primarina|77/100 par
|-resisted|p1a: Primarina
|-damage|p1a: Primarina|66/100 par
|-resisted|p1a: Primarina
|-damage|p1a: Primarina|54/100 par
|-resisted|p1a: Primarina
|-damage|p1a: Primarina|42/100 par
|-hitcount|p1a: Primarina|4
|move|p1a: Primarina|Moonblast|p2a: Kyurem
|-supereffective|p2a: Kyurem
|-damage|p2a: Kyurem|0 fnt
|faint|p2a: Kyurem
|
|upkeep
|
|t:|1781513964
|switch|p2a: Landorus|Landorus-Therian, M|100/100
|-ability|p2a: Landorus|Intimidate|boost
|-unboost|p1a: Primarina|atk|1
|turn|12
|
|t:|1781513975
|switch|p1a: Ting-Lu|Ting-Lu|100/100
|-ability|p1a: Ting-Lu|Vessel of Ruin
|move|p2a: Landorus|Stealth Rock|p1a: Ting-Lu
|-sidestart|p1: FireSide_01|move: Stealth Rock
|
|upkeep
|turn|13
|
|t:|1781513979
|move|p2a: Landorus|Taunt|p1a: Ting-Lu
|-start|p1a: Ting-Lu|move: Taunt
|cant|p1a: Ting-Lu|move: Taunt|Stealth Rock
|
|upkeep
|turn|14
|
|t:|1781513982
|move|p2a: Landorus|U-turn|p1a: Ting-Lu
|-supereffective|p1a: Ting-Lu
|-damage|p1a: Ting-Lu|79/100
|
|t:|1781513983
|switch|p2a: Ozama|Zamazenta|58/100|[from] U-turn
|move|p1a: Ting-Lu|Ruination|p2a: Ozama
|-damage|p2a: Ozama|29/100
|
|-heal|p2a: Ozama|35/100|[from] item: Leftovers
|-heal|p1a: Ting-Lu|85/100|[from] item: Leftovers
|upkeep
|turn|15
|
|t:|1781513989
|switch|p1a: Sinistcha|Sinistcha|100/100 par
|move|p2a: Ozama|Iron Defense|p2a: Ozama
|-boost|p2a: Ozama|def|2
|
|-heal|p2a: Ozama|41/100|[from] item: Leftovers
|upkeep
|turn|16
|
|t:|1781513995
|switch|p2a: Kingambit|Kingambit, F|100/100
|-activate|p2a: Kingambit|ability: Supreme Overlord
|-start|p2a: Kingambit|fallen3|[silent]
|cant|p1a: Sinistcha|par
|
|upkeep
|turn|17
|
|t:|1781514002
|move|p2a: Kingambit|Swords Dance|p2a: Kingambit
|-boost|p2a: Kingambit|atk|2
|cant|p1a: Sinistcha|par
|
|upkeep
|turn|18
|
|t:|1781514007
|switch|p1a: Ting-Lu|Ting-Lu|85/100
|-damage|p1a: Ting-Lu|79/100|[from] Stealth Rock
|-ability|p1a: Ting-Lu|Vessel of Ruin
|move|p2a: Kingambit|Kowtow Cleave|p1a: Ting-Lu
|-resisted|p1a: Ting-Lu
|-damage|p1a: Ting-Lu|45/100
|
|-heal|p1a: Ting-Lu|52/100|[from] item: Leftovers
|upkeep
|turn|19
|
|t:|1781514011
|move|p2a: Kingambit|Iron Head|p1a: Ting-Lu
|-damage|p1a: Ting-Lu|0 fnt
|faint|p1a: Ting-Lu
|
|upkeep
|
|t:|1781514014
|switch|p1a: Corviknight|Corviknight, F|51/100
|-damage|p1a: Corviknight|38/100|[from] Stealth Rock
|-ability|p1a: Corviknight|Pressure
|turn|20
|
|t:|1781514017
|move|p1a: Corviknight|U-turn|p2a: Kingambit
|-damage|p2a: Kingambit|89/100
|
|t:|1781514021
|switch|p1a: Primarina|Primarina, F|42/100 par|[from] U-turn
|-damage|p1a: Primarina|30/100 par|[from] Stealth Rock
|move|p2a: Kingambit|Kowtow Cleave|p1a: Primarina
|-resisted|p1a: Primarina
|-damage|p1a: Primarina|0 fnt
|faint|p1a: Primarina
|
|-heal|p2a: Kingambit|95/100|[from] item: Leftovers
|upkeep
|
|t:|1781514026
|switch|p1a: Sinistcha|Sinistcha|100/100 par
|turn|21
|
|t:|1781514028
|-terastallize|p1a: Sinistcha|Poison
|move|p2a: Kingambit|Kowtow Cleave|p1a: Sinistcha
|-damage|p1a: Sinistcha|11/100 par
|cant|p1a: Sinistcha|par
|
|-heal|p2a: Kingambit|100/100|[from] item: Leftovers
|upkeep
|turn|22
|-message|FireSide_01 forfeited.
|
|win|FP.//06
|raw|FireSide_01's rating: 1560 &rarr; <strong>1538</strong><br />(-22 for losing)
|raw|FP.&#x2f;&#x2f;06's rating: 1529 &rarr; <strong>1551</strong><br />(+22 for winning)
|l|☆FP.//06
|player|p2|
|l|☆FireSide_01
|player|p1|
