|j|☆KnightKnaveSpy
|j|☆Burney Branden III
|t:|1781339230
|gametype|singles
|player|p1|KnightKnaveSpy|2|1574
|player|p2|Burney Branden III|preschooler|1547
|gen|9
|tier|[Gen 9] OU
|rated|
|rule|HP Percentage Mod: HP is shown in percentages
|rule|Endless Battle Clause: Forcing endless battles is banned
|rule|Species Clause: Limit one of each Pokémon
|rule|OHKO Clause: OHKO moves are banned
|rule|Evasion Items Clause: Evasion items are banned
|rule|Evasion Moves Clause: Evasion moves are banned
|rule|Evasion Abilities Clause: Evasion abilities are banned
|rule|Sleep Moves Clause: Sleep-inducing moves are banned
|clearpoke
|poke|p1|Samurott-Hisui, M|
|poke|p1|Blaziken, M|
|poke|p1|Kingambit, M|
|poke|p1|Raging Bolt|
|poke|p1|Ogerpon-Wellspring, F|
|poke|p1|Greninja-*, F|
|poke|p2|Hoopa-Unbound|
|poke|p2|Pecharunt|
|poke|p2|Landorus-Therian, M|
|poke|p2|Cinderace, M|
|poke|p2|Alomomola, M|
|poke|p2|Iron Valiant|
|teampreview
|j| hattybatty304
|inactive|Battle timer is ON: inactive players will automatically lose when time's up. (requested by KnightKnaveSpy)
|inactive|Burney Branden III has 120 seconds left.
|
|t:|1781339276
|teamsize|p1|6
|teamsize|p2|6
|start
|switch|p1a: Samurott|Samurott-Hisui, M|100/100
|switch|p2a: Enten|Landorus-Therian, M, shiny|100/100
|-ability|p2a: Enten|Intimidate|boost
|-unboost|p1a: Samurott|atk|1
|turn|1
|
|t:|1781339280
|move|p2a: Enten|U-turn|p1a: Samurott
|-supereffective|p1a: Samurott
|-damage|p1a: Samurott|28/100
|
|t:|1781339290
|switch|p2a: Calamity|Iron Valiant, shiny|100/100|[from] U-turn
|move|p1a: Samurott|Ceaseless Edge|p2a: Calamity
|-resisted|p2a: Calamity
|-damage|p2a: Calamity|92/100
|-sidestart|p2: Burney Branden III|Spikes
|
|upkeep
|turn|2
|
|t:|1781339296
|move|p1a: Samurott|Aqua Jet|p2a: Calamity
|-damage|p2a: Calamity|76/100
|move|p2a: Calamity|Moonblast|p1a: Samurott
|-supereffective|p1a: Samurott
|-damage|p1a: Samurott|0 fnt
|faint|p1a: Samurott
|
|upkeep
|
|t:|1781339300
|switch|p1a: Ogerpon|Ogerpon-Wellspring, F|100/100
|turn|3
|
|t:|1781339305
|-end|p2a: Calamity|Quark Drive|[silent]
|switch|p2a: Overseer|Pecharunt|100/100
|move|p1a: Ogerpon|Ivy Cudgel|p2a: Overseer|[anim] Ivy Cudgel Water
|-crit|p2a: Overseer
|-damage|p2a: Overseer|62/100
|
|upkeep
|turn|4
|
|t:|1781339312
|move|p1a: Ogerpon|Swords Dance|p1a: Ogerpon
|-boost|p1a: Ogerpon|atk|2
|move|p2a: Overseer|Parting Shot|p1a: Ogerpon
|-unboost|p1a: Ogerpon|atk|1
|-unboost|p1a: Ogerpon|spa|1
|
|t:|1781339316
|switch|p2a: Enten|Landorus-Therian, M, shiny|100/100|[from] Parting Shot
|-ability|p2a: Enten|Intimidate|boost
|-unboost|p1a: Ogerpon|atk|1
|
|upkeep
|turn|5
|
|t:|1781339320
|move|p2a: Enten|U-turn|p1a: Ogerpon
|-supereffective|p1a: Ogerpon
|-damage|p1a: Ogerpon|34/100
|
|t:|1781339325
|switch|p2a: Overseer|Pecharunt|62/100|[from] U-turn
|move|p1a: Ogerpon|Ivy Cudgel|p2a: Overseer|[anim] Ivy Cudgel Water
|-damage|p2a: Overseer|36/100
|
|upkeep
|turn|6
|
|t:|1781339331
|move|p1a: Ogerpon|Ivy Cudgel|p2a: Overseer|[anim] Ivy Cudgel Water
|-damage|p2a: Overseer|6/100
|move|p2a: Overseer|Malignant Chain|p1a: Ogerpon
|-supereffective|p1a: Ogerpon
|-damage|p1a: Ogerpon|0 fnt
|faint|p1a: Ogerpon
|
|upkeep
|
|t:|1781339339
|switch|p1a: Greninja|Greninja, F|100/100
|turn|7
|
|t:|1781339341
|switch|p2a: Pisces|Alomomola, M, shiny|100/100
|-damage|p2a: Pisces|88/100|[from] Spikes
|move|p1a: Greninja|Dark Pulse|p2a: Pisces
|-start|p1a: Greninja|typechange|Dark|[from] ability: Protean
|-damage|p2a: Pisces|68/100
|
|upkeep
|turn|8
|
|t:|1781339347
|move|p1a: Greninja|Dark Pulse|p2a: Pisces
|-damage|p2a: Pisces|50/100
|move|p2a: Pisces|Flip Turn|p1a: Greninja
|-damage|p1a: Greninja|72/100
|
|t:|1781339367
|switch|p2a: Khaos|Hoopa-Unbound|100/100|[from] Flip Turn
|-damage|p2a: Khaos|88/100|[from] Spikes
|
|upkeep
|turn|9
|
|t:|1781339384
|switch|p1a: Raging Bolt|Raging Bolt|100/100
|-item|p1a: Raging Bolt|Air Balloon
|switch|p2a: Pisces|Alomomola, M, shiny|83/100
|-damage|p2a: Pisces|71/100|[from] Spikes
|
|upkeep
|turn|10
|
|t:|1781339388
|move|p1a: Raging Bolt|Volt Switch|p2a: Pisces
|-supereffective|p2a: Pisces
|-damage|p2a: Pisces|22/100
|
|t:|1781339390
|-end|p1a: Raging Bolt|Protosynthesis|[silent]
|switch|p1a: Greninja|Greninja, F|72/100|[from] Volt Switch
|move|p2a: Pisces|Flip Turn|p1a: Greninja
|-resisted|p1a: Greninja
|-damage|p1a: Greninja|58/100
|
|t:|1781339397
|switch|p2a: Khaos|Hoopa-Unbound|88/100|[from] Flip Turn
|-damage|p2a: Khaos|76/100|[from] Spikes
|
|upkeep
|turn|11
|
|t:|1781339400
|switch|p1a: Raging Bolt|Raging Bolt|100/100
|-item|p1a: Raging Bolt|Air Balloon
|move|p2a: Khaos|Drain Punch|p1a: Raging Bolt
|-damage|p1a: Raging Bolt|60/100
|-heal|p2a: Khaos|100/100|[from] drain|[of] p1a: Raging Bolt
|-enditem|p1a: Raging Bolt|Air Balloon
|
|upkeep
|turn|12
|
|t:|1781339409
|switch|p2a: Overseer|Pecharunt|6/100
|move|p1a: Raging Bolt|Draco Meteor|p2a: Overseer
|-damage|p2a: Overseer|0 fnt
|-unboost|p1a: Raging Bolt|spa|2
|faint|p2a: Overseer
|
|upkeep
|
|t:|1781339415
|switch|p2a: Calamity|Iron Valiant, shiny|76/100
|-damage|p2a: Calamity|63/100|[from] Spikes
|turn|13
|
|t:|1781339418
|move|p2a: Calamity|Moonblast|p1a: Raging Bolt
|-supereffective|p1a: Raging Bolt
|-damage|p1a: Raging Bolt|0 fnt
|faint|p1a: Raging Bolt
|-end|p1a: Raging Bolt|Protosynthesis|[silent]
|
|upkeep
|
|t:|1781339420
|switch|p1a: Greninja|Greninja, F|58/100
|turn|14
|
|t:|1781339424
|switch|p1a: Blaziken|Blaziken, M|100/100
|-end|p2a: Calamity|Quark Drive|[silent]
|switch|p2a: Pisces|Alomomola, M, shiny|55/100
|-damage|p2a: Pisces|43/100|[from] Spikes
|
|upkeep
|turn|15
|
|t:|1781339437
|move|p1a: Blaziken|Detect|p1a: Blaziken
|-singleturn|p1a: Blaziken|Protect
|move|p2a: Pisces|Flip Turn|p1a: Blaziken
|-activate|p1a: Blaziken|move: Protect
|
|-ability|p1a: Blaziken|Speed Boost|boost
|-boost|p1a: Blaziken|spe|1
|upkeep
|turn|16
|
|t:|1781339440
|move|p1a: Blaziken|Swords Dance|p1a: Blaziken
|-boost|p1a: Blaziken|atk|2
|move|p2a: Pisces|Flip Turn|p1a: Blaziken
|-supereffective|p1a: Blaziken
|-crit|p1a: Blaziken
|-damage|p1a: Blaziken|29/100
|
|t:|1781339446
|switch|p2a: Enten|Landorus-Therian, M, shiny|100/100|[from] Flip Turn
|-ability|p2a: Enten|Intimidate|boost
|-unboost|p1a: Blaziken|atk|1
|
|-heal|p1a: Blaziken|35/100|[from] item: Leftovers
|-ability|p1a: Blaziken|Speed Boost|boost
|-boost|p1a: Blaziken|spe|1
|upkeep
|turn|17
|
|t:|1781339449
|move|p1a: Blaziken|Detect|p1a: Blaziken
|-singleturn|p1a: Blaziken|Protect
|move|p2a: Enten|Earthquake|p1a: Blaziken
|-activate|p1a: Blaziken|move: Protect
|
|-heal|p1a: Blaziken|41/100|[from] item: Leftovers
|-ability|p1a: Blaziken|Speed Boost|boost
|-boost|p1a: Blaziken|spe|1
|upkeep
|turn|18
|
|t:|1781339455
|move|p1a: Blaziken|Flare Blitz|p2a: Enten
|-damage|p2a: Enten|0 fnt
|faint|p2a: Enten
|-damage|p1a: Blaziken|6/100|[from] Recoil
|
|-heal|p1a: Blaziken|12/100|[from] item: Leftovers
|-ability|p1a: Blaziken|Speed Boost|boost
|-boost|p1a: Blaziken|spe|1
|upkeep
|
|t:|1781339460
|switch|p2a: Pisces|Alomomola, M, shiny|76/100
|-damage|p2a: Pisces|64/100|[from] Spikes
|turn|19
|
|t:|1781339463
|move|p1a: Blaziken|Detect|p1a: Blaziken
|-singleturn|p1a: Blaziken|Protect
|move|p2a: Pisces|Aqua Jet|p1a: Blaziken
|-activate|p1a: Blaziken|move: Protect
|
|-heal|p1a: Blaziken|18/100|[from] item: Leftovers
|-ability|p1a: Blaziken|Speed Boost|boost
|-boost|p1a: Blaziken|spe|1
|upkeep
|turn|20
|
|t:|1781339466
|-terastallize|p1a: Blaziken|Grass
|move|p2a: Pisces|Aqua Jet|p1a: Blaziken
|-resisted|p1a: Blaziken
|-crit|p1a: Blaziken
|-damage|p1a: Blaziken|5/100
|move|p1a: Blaziken|Close Combat|p2a: Pisces
|-damage|p2a: Pisces|0 fnt
|-unboost|p1a: Blaziken|def|1
|-unboost|p1a: Blaziken|spd|1
|faint|p2a: Pisces
|
|-heal|p1a: Blaziken|11/100|[from] item: Leftovers
|-ability|p1a: Blaziken|Speed Boost|boost
|-boost|p1a: Blaziken|spe|1
|upkeep
|
|t:|1781339470
|switch|p2a: Calamity|Iron Valiant, shiny|63/100
|-damage|p2a: Calamity|51/100|[from] Spikes
|turn|21
|
|t:|1781339473
|move|p1a: Blaziken|Detect|p1a: Blaziken
|-singleturn|p1a: Blaziken|Protect
|move|p2a: Calamity|Vacuum Wave|p1a: Blaziken
|-activate|p1a: Blaziken|move: Protect
|
|-heal|p1a: Blaziken|17/100|[from] item: Leftovers
|upkeep
|turn|22
|
|t:|1781339486
|switch|p1a: Kingambit|Kingambit, M|100/100
|-activate|p1a: Kingambit|ability: Supreme Overlord
|-start|p1a: Kingambit|fallen3|[silent]
|move|p2a: Calamity|Vacuum Wave|p1a: Kingambit
|-supereffective|p1a: Kingambit
|-damage|p1a: Kingambit|0 fnt
|faint|p1a: Kingambit
|-end|p1a: Kingambit|fallen3|[silent]
|
|upkeep
|
|t:|1781339488
|switch|p1a: Greninja|Greninja, F|58/100
|turn|23
|
|t:|1781339495
|-end|p2a: Calamity|Quark Drive|[silent]
|switch|p2a: Liberacy|Cinderace, M, shiny|100/100
|move|p1a: Greninja|Water Shuriken|p2a: Liberacy
|-start|p1a: Greninja|typechange|Water|[from] ability: Protean
|-supereffective|p2a: Liberacy
|-damage|p2a: Liberacy|83/100
|-supereffective|p2a: Liberacy
|-damage|p2a: Liberacy|64/100
|-supereffective|p2a: Liberacy
|-damage|p2a: Liberacy|45/100
|-hitcount|p2a: Liberacy|3
|
|upkeep
|turn|24
|
|t:|1781339499
|move|p2a: Liberacy|Sucker Punch|p1a: Greninja
|-start|p2a: Liberacy|typechange|Dark|[from] ability: Libero
|-damage|p1a: Greninja|0 fnt
|faint|p1a: Greninja
|
|upkeep
|-message|KnightKnaveSpy forfeited.
|
|win|Burney Branden III
|raw|KnightKnaveSpy's rating: 1574 &rarr; <strong>1552</strong><br />(-22 for losing)
|raw|Burney Branden III's rating: 1547 &rarr; <strong>1569</strong><br />(+22 for winning)
|l|☆KnightKnaveSpy
|player|p1|
|l|☆Burney Branden III
|player|p2|
|l| hattybatty304
