|j|☆LowEL0God
|j|☆tuanquewang
|t:|1780980313
|gametype|singles
|player|p1|LowEL0God|265|1599
|player|p2|tuanquewang|backersf|1613
|gen|9
|tier|[Gen 9] OU
|rated|
|rule|HP Percentage Mod: HP is shown in percentages
|rule|Endless Battle Clause: Forcing endless battles is banned
|rule|Species Clause: Limit one of each Pokémon
|rule|OHKO Clause: OHKO moves are banned
|rule|Evasion Items Clause: Evasion items are banned
|rule|Evasion Moves Clause: Evasion moves are banned
|rule|Evasion Abilities Clause: Evasion abilities are banned
|rule|Sleep Moves Clause: Sleep-inducing moves are banned
|clearpoke
|poke|p1|Pelipper, F|
|poke|p1|Torkoal, F|
|poke|p1|Walking Wake|
|poke|p1|Kyurem|
|poke|p1|Ninetales-Alola, F|
|poke|p1|Ogerpon-Wellspring, F|
|poke|p2|Slowking-Galar, M|
|poke|p2|Hydrapple, F|
|poke|p2|Cinderace, M|
|poke|p2|Alomomola, F|
|poke|p2|Mamoswine, M|
|poke|p2|Gholdengo|
|teampreview
|inactive|Battle timer is ON: inactive players will automatically lose when time's up. (requested by tuanquewang)
|c|☆LowEL0God|hf
|inactive|LowEL0God also wants the timer to be on.
|
|t:|1780980331
|teamsize|p1|6
|teamsize|p2|6
|start
|switch|p1a: Ninetales|Ninetales-Alola, F|100/100
|switch|p2a: Slowking|Slowking-Galar, M|100/100
|-weather|Snowscape|[from] ability: Snow Warning|[of] p1a: Ninetales
|turn|1
|
|t:|1780980334
|move|p1a: Ninetales|Aurora Veil|p1a: Ninetales
|-sidestart|p1: LowEL0God|move: Aurora Veil
|move|p2a: Slowking|Toxic|p1a: Ninetales
|-status|p1a: Ninetales|tox
|
|-weather|Snowscape|[upkeep]
|-damage|p1a: Ninetales|94/100 tox|[from] psn
|upkeep
|turn|2
|
|t:|1780980337
|switch|p1a: Hurricane Spam|Pelipper, F, shiny|100/100
|-weather|RainDance|[from] ability: Drizzle|[of] p1a: Hurricane Spam
|move|p2a: Slowking|Toxic|p1a: Hurricane Spam
|-status|p1a: Hurricane Spam|tox
|
|-weather|RainDance|[upkeep]
|-damage|p1a: Hurricane Spam|94/100 tox|[from] psn
|upkeep
|turn|3
|
|t:|1780980340
|move|p1a: Hurricane Spam|Hurricane|p2a: Slowking
|-damage|p2a: Slowking|59/100
|-start|p2a: Slowking|confusion
|-prepare|p2a: Slowking|Chilly Reception|[premajor]
|-activate|p2a: Slowking|confusion
|move|p2a: Slowking|Chilly Reception|p2a: Slowking
|-weather|Snowscape
|
|t:|1780980351
|switch|p2a: Cinderace|Cinderace, M|100/100|[from] Chilly Reception
|
|-weather|Snowscape|[upkeep]
|-damage|p1a: Hurricane Spam|82/100 tox|[from] psn
|upkeep
|turn|4
|
|t:|1780980352
|move|p2a: Cinderace|U-turn|p1a: Hurricane Spam
|-start|p2a: Cinderace|typechange|Bug|[from] ability: Libero
|-resisted|p1a: Hurricane Spam
|-damage|p1a: Hurricane Spam|75/100 tox
|
|t:|1780980353
|switch|p2a: Slowking|Slowking-Galar, M|93/100|[from] U-turn
|move|p1a: Hurricane Spam|Hurricane|p2a: Slowking
|-damage|p2a: Slowking|48/100
|
|-weather|Snowscape|[upkeep]
|-heal|p2a: Slowking|55/100|[from] item: Black Sludge
|-damage|p1a: Hurricane Spam|56/100 tox|[from] psn
|upkeep
|turn|5
|
|t:|1780980356
|move|p1a: Hurricane Spam|Hurricane|p2a: Slowking
|-damage|p2a: Slowking|10/100
|-prepare|p2a: Slowking|Chilly Reception|[premajor]
|move|p2a: Slowking|Chilly Reception|p2a: Slowking
|
|t:|1780980361
|switch|p2a: Gholdengo|Gholdengo, shiny|100/100|[from] Chilly Reception
|
|-weather|Snowscape|[upkeep]
|-damage|p1a: Hurricane Spam|32/100 tox|[from] psn
|-sideend|p1: LowEL0God|move: Aurora Veil
|upkeep
|turn|6
|
|t:|1780980363
|switch|p1a: Walking Wake|Walking Wake|100/100
|move|p2a: Gholdengo|Shadow Ball|p1a: Walking Wake
|-damage|p1a: Walking Wake|45/100
|-unboost|p1a: Walking Wake|spd|1
|
|-weather|Snowscape|[upkeep]
|upkeep
|turn|7
|
|t:|1780980366
|move|p2a: Gholdengo|Shadow Ball|p1a: Walking Wake
|-damage|p1a: Walking Wake|0 fnt
|faint|p1a: Walking Wake
|-end|p1a: Walking Wake|Protosynthesis|[silent]
|
|-weather|none
|upkeep
|
|t:|1780980367
|switch|p1a: Ninetales|Ninetales-Alola, F|94/100 tox
|-weather|Snowscape|[from] ability: Snow Warning|[of] p1a: Ninetales
|turn|8
|
|t:|1780980369
|switch|p2a: Slowking|Slowking-Galar, M|44/100
|move|p1a: Ninetales|Aurora Veil|p1a: Ninetales
|-sidestart|p1: LowEL0God|move: Aurora Veil
|
|-weather|Snowscape|[upkeep]
|-heal|p2a: Slowking|50/100|[from] item: Black Sludge
|-damage|p1a: Ninetales|88/100 tox|[from] psn
|upkeep
|turn|9
|
|t:|1780980373
|switch|p1a: Kyurem|Kyurem|100/100
|-ability|p1a: Kyurem|Pressure
|-prepare|p2a: Slowking|Chilly Reception|[premajor]
|move|p2a: Slowking|Chilly Reception|p2a: Slowking
|
|t:|1780980378
|switch|p2a: Gholdengo|Gholdengo, shiny|100/100|[from] Chilly Reception
|
|-weather|Snowscape|[upkeep]
|upkeep
|turn|10
|
|t:|1780980380
|move|p2a: Gholdengo|Make It Rain|p1a: Kyurem
|-supereffective|p1a: Kyurem
|-damage|p1a: Kyurem|38/100
|-unboost|p2a: Gholdengo|spa|1
|move|p1a: Kyurem|Earth Power|p2a: Gholdengo
|-supereffective|p2a: Gholdengo
|-damage|p2a: Gholdengo|37/100
|
|-weather|Snowscape|[upkeep]
|upkeep
|turn|11
|
|t:|1780980386
|switch|p1a: Ogerpon|Ogerpon-Wellspring, F|100/100
|move|p2a: Gholdengo|Make It Rain|p1a: Ogerpon
|-resisted|p1a: Ogerpon
|-damage|p1a: Ogerpon|86/100
|-unboost|p2a: Gholdengo|spa|1
|
|-weather|Snowscape|[upkeep]
|upkeep
|turn|12
|
|t:|1780980390
|switch|p2a: Cinderace|Cinderace, M|100/100
|move|p1a: Ogerpon|Swords Dance|p1a: Ogerpon
|-boost|p1a: Ogerpon|atk|2
|
|-weather|Snowscape|[upkeep]
|-sideend|p1: LowEL0God|move: Aurora Veil
|upkeep
|turn|13
|
|t:|1780980392
|-terastallize|p1a: Ogerpon|Water
|detailschange|p1a: Ogerpon|Ogerpon-Wellspring-Tera, F, tera:Water
|-ability|p1a: Ogerpon|Embody Aspect (Wellspring)|boost
|-boost|p1a: Ogerpon|spd|1
|move|p2a: Cinderace|U-turn|p1a: Ogerpon
|-start|p2a: Cinderace|typechange|Bug|[from] ability: Libero
|-damage|p1a: Ogerpon|45/100
|
|t:|1780980394
|switch|p2a: Hydrapple|Hydrapple, F, shiny|100/100|[from] U-turn
|move|p1a: Ogerpon|Horn Leech|p2a: Hydrapple
|-resisted|p2a: Hydrapple
|-damage|p2a: Hydrapple|83/100
|-heal|p1a: Ogerpon|57/100|[from] drain|[of] p2a: Hydrapple
|
|-weather|Snowscape|[upkeep]
|upkeep
|turn|14
|
|t:|1780980402
|switch|p2a: Cinderace|Cinderace, M|100/100
|move|p1a: Ogerpon|Play Rough|p2a: Cinderace|[miss]
|-miss|p1a: Ogerpon|p2a: Cinderace
|
|-weather|Snowscape|[upkeep]
|upkeep
|turn|15
|
|t:|1780980404
|move|p2a: Cinderace|High Jump Kick|p1a: Ogerpon
|-start|p2a: Cinderace|typechange|Fighting|[from] ability: Libero
|-damage|p1a: Ogerpon|0 fnt
|faint|p1a: Ogerpon
|detailschange|p1: Ogerpon|Ogerpon-Wellspring, F|[silent]
|
|-weather|none
|upkeep
|
|t:|1780980405
|switch|p1a: Hurricane Spam|Pelipper, F, shiny|32/100 tox
|-weather|RainDance|[from] ability: Drizzle|[of] p1a: Hurricane Spam
|turn|16
|
|t:|1780980409
|move|p2a: Cinderace|U-turn|p1a: Hurricane Spam
|-resisted|p1a: Hurricane Spam
|-damage|p1a: Hurricane Spam|21/100 tox
|
|t:|1780980410
|switch|p2a: Slowking|Slowking-Galar, M|83/100|[from] U-turn
|move|p1a: Hurricane Spam|Hurricane|p2a: Slowking
|-damage|p2a: Slowking|38/100
|-start|p2a: Slowking|confusion
|
|-weather|RainDance|[upkeep]
|-heal|p2a: Slowking|44/100|[from] item: Black Sludge
|-damage|p1a: Hurricane Spam|15/100 tox|[from] psn
|upkeep
|turn|17
|
|t:|1780980417
|switch|p2a: Alomomola|Alomomola, F|100/100
|move|p1a: Hurricane Spam|Hurricane|p2a: Alomomola
|-damage|p2a: Alomomola|8/100
|-start|p2a: Alomomola|confusion
|
|-weather|RainDance|[upkeep]
|-heal|p2a: Alomomola|14/100|[from] item: Leftovers
|-damage|p1a: Hurricane Spam|3/100 tox|[from] psn
|upkeep
|turn|18
|
|t:|1780980420
|switch|p2a: Slowking|Slowking-Galar, M|77/100
|move|p1a: Hurricane Spam|Hurricane|p2a: Slowking
|-damage|p2a: Slowking|35/100
|
|-weather|RainDance|[upkeep]
|-heal|p2a: Slowking|41/100|[from] item: Black Sludge
|-damage|p1a: Hurricane Spam|0 fnt|[from] psn
|faint|p1a: Hurricane Spam
|upkeep
|
|t:|1780980421
|switch|p1a: Ninetales|Ninetales-Alola, F|88/100 tox
|-weather|Snowscape|[from] ability: Snow Warning|[of] p1a: Ninetales
|turn|19
|
|t:|1780980426
|move|p1a: Ninetales|Aurora Veil|p1a: Ninetales
|-sidestart|p1: LowEL0God|move: Aurora Veil
|move|p2a: Slowking|Psychic Noise|p1a: Ninetales
|-damage|p1a: Ninetales|76/100 tox
|-start|p1a: Ninetales|move: Heal Block
|
|-weather|Snowscape|[upkeep]
|-heal|p2a: Slowking|47/100|[from] item: Black Sludge
|-damage|p1a: Ninetales|70/100 tox|[from] psn
|upkeep
|turn|20
|
|t:|1780980429
|switch|p1a: Kyurem|Kyurem|38/100
|-ability|p1a: Kyurem|Pressure
|move|p2a: Slowking|Toxic|p1a: Kyurem
|-status|p1a: Kyurem|tox
|
|-weather|Snowscape|[upkeep]
|-heal|p2a: Slowking|53/100|[from] item: Black Sludge
|-damage|p1a: Kyurem|31/100 tox|[from] psn
|upkeep
|turn|21
|
|t:|1780980436
|switch|p2a: Alomomola|Alomomola, F|47/100
|move|p1a: Kyurem|Earth Power|p2a: Alomomola
|-crit|p2a: Alomomola
|-damage|p2a: Alomomola|0 fnt
|faint|p2a: Alomomola
|
|-weather|Snowscape|[upkeep]
|-damage|p1a: Kyurem|19/100 tox|[from] psn
|upkeep
|
|t:|1780980442
|switch|p2a: Cinderace|Cinderace, M|100/100
|turn|22
|
|t:|1780980446
|move|p2a: Cinderace|Pyro Ball|p1a: Kyurem
|-damage|p1a: Kyurem|0 fnt
|faint|p1a: Kyurem
|
|-weather|Snowscape|[upkeep]
|upkeep
|
|t:|1780980447
|switch|p1a: Ninetales|Ninetales-Alola, F|70/100 tox
|turn|23
|
|t:|1780980449
|move|p2a: Cinderace|Pyro Ball|p1a: Ninetales
|-supereffective|p1a: Ninetales
|-damage|p1a: Ninetales|23/100 tox
|move|p1a: Ninetales|Moonblast|p2a: Cinderace
|-resisted|p2a: Cinderace
|-damage|p2a: Cinderace|83/100
|
|-weather|Snowscape|[upkeep]
|-damage|p1a: Ninetales|17/100 tox|[from] psn
|-sideend|p1: LowEL0God|move: Aurora Veil
|upkeep
|turn|24
|
|t:|1780980453
|move|p2a: Cinderace|U-turn|p1a: Ninetales
|-start|p2a: Cinderace|typechange|Bug|[from] ability: Libero
|-resisted|p1a: Ninetales
|-damage|p1a: Ninetales|4/100 tox
|
|t:|1780980455
|switch|p2a: Slowking|Slowking-Galar, M|87/100|[from] U-turn
|move|p1a: Ninetales|Aurora Veil|p1a: Ninetales
|-sidestart|p1: LowEL0God|move: Aurora Veil
|
|-weather|Snowscape|[upkeep]
|-heal|p2a: Slowking|93/100|[from] item: Black Sludge
|-damage|p1a: Ninetales|0 fnt|[from] psn
|faint|p1a: Ninetales
|upkeep
|
|t:|1780980455
|switch|p1a: Torkoal|Torkoal, F|100/100
|-weather|SunnyDay|[from] ability: Drought|[of] p1a: Torkoal
|turn|25
|
|t:|1780980457
|move|p1a: Torkoal|Lava Plume|p2a: Slowking
|-damage|p2a: Slowking|73/100
|move|p2a: Slowking|Toxic|p1a: Torkoal
|-status|p1a: Torkoal|tox
|
|-weather|SunnyDay|[upkeep]
|-heal|p2a: Slowking|79/100|[from] item: Black Sludge
|-damage|p1a: Torkoal|94/100 tox|[from] psn
|upkeep
|turn|26
|
|t:|1780980462
|move|p1a: Torkoal|Lava Plume|p2a: Slowking
|-damage|p2a: Slowking|58/100
|move|p2a: Slowking|Trick|p1a: Torkoal
|-activate|p2a: Slowking|move: Trick|[of] p1a: Torkoal
|-item|p1a: Torkoal|Black Sludge|[from] move: Trick
|-item|p2a: Slowking|Heat Rock|[from] move: Trick
|
|-weather|SunnyDay|[upkeep]
|-damage|p1a: Torkoal|82/100 tox|[from] item: Black Sludge
|-damage|p1a: Torkoal|70/100 tox|[from] psn
|upkeep
|turn|27
|j| rizz of reko
|
|t:|1780980464
|move|p1a: Torkoal|Lava Plume|p2a: Slowking
|-damage|p2a: Slowking|36/100
|-prepare|p2a: Slowking|Chilly Reception|[premajor]
|move|p2a: Slowking|Chilly Reception|p2a: Slowking
|-weather|Snowscape
|
|t:|1780980468
|switch|p2a: Mamoswine|Mamoswine, M|100/100|[from] Chilly Reception
|
|-weather|Snowscape|[upkeep]
|-damage|p1a: Torkoal|58/100 tox|[from] item: Black Sludge
|-damage|p1a: Torkoal|39/100 tox|[from] psn
|upkeep
|turn|28
|
|t:|1780980470
|move|p2a: Mamoswine|Earthquake|p1a: Torkoal
|-supereffective|p1a: Torkoal
|-damage|p1a: Torkoal|0 fnt
|faint|p1a: Torkoal
|
|win|tuanquewang
|raw|LowEL0God's rating: 1599 &rarr; <strong>1580</strong><br />(-19 for losing)
|raw|tuanquewang's rating: 1613 &rarr; <strong>1632</strong><br />(+19 for winning)
|l|☆tuanquewang
|player|p2|
|c|☆LowEL0God|gg
|l|☆LowEL0God
|player|p1|
|l| rizz of reko
