|j|☆Capidaxter
|j|☆ykykp
|t:|1780994186
|gametype|singles
|player|p1|Capidaxter|ethan|1740
|player|p2|ykykp|1|1760
|gen|9
|tier|[Gen 9] OU
|rated|
|rule|HP Percentage Mod: HP is shown in percentages
|rule|Endless Battle Clause: Forcing endless battles is banned
|rule|Species Clause: Limit one of each Pokémon
|rule|OHKO Clause: OHKO moves are banned
|rule|Evasion Items Clause: Evasion items are banned
|rule|Evasion Moves Clause: Evasion moves are banned
|rule|Evasion Abilities Clause: Evasion abilities are banned
|rule|Sleep Moves Clause: Sleep-inducing moves are banned
|clearpoke
|poke|p1|Ting-Lu|
|poke|p1|Glimmora, M|
|poke|p1|Gholdengo|
|poke|p1|Iron Valiant|
|poke|p1|Ogerpon-Wellspring, F|
|poke|p1|Dragonite, F|
|poke|p2|Iron Valiant|
|poke|p2|Pecharunt|
|poke|p2|Alomomola, M|
|poke|p2|Cinderace, F|
|poke|p2|Zamazenta-*|
|poke|p2|Latias, F|
|teampreview
|j| Hakone Outbound
|inactive|Battle timer is ON: inactive players will automatically lose when time's up. (requested by ykykp)
|
|t:|1780994195
|teamsize|p1|6
|teamsize|p2|6
|start
|switch|p1a: Ting-Lu|Ting-Lu|100/100
|switch|p2a: Zamazenta|Zamazenta|100/100
|-ability|p2a: Zamazenta|Dauntless Shield|boost
|-boost|p2a: Zamazenta|def|1
|-ability|p1a: Ting-Lu|Vessel of Ruin
|turn|1
|inactive|Capidaxter has 120 seconds left.
|
|t:|1780994227
|move|p2a: Zamazenta|Close Combat|p1a: Ting-Lu
|-supereffective|p1a: Ting-Lu
|-damage|p1a: Ting-Lu|12/100
|-unboost|p2a: Zamazenta|def|1
|-unboost|p2a: Zamazenta|spd|1
|move|p1a: Ting-Lu|Ruination|p2a: Zamazenta
|-damage|p2a: Zamazenta|51/100
|
|upkeep
|turn|2
|j| mawaruru
|inactive|Capidaxter has 120 seconds left.
|-enditem|p1a: Ting-Lu|Custap Berry|[eat]
|-activate|p1a: Ting-Lu|item: Custap Berry|[consumed]
|
|t:|1780994253
|move|p1a: Ting-Lu|Spikes|p2a: Zamazenta
|-sidestart|p2: ykykp|Spikes
|move|p2a: Zamazenta|Close Combat|p1a: Ting-Lu
|-supereffective|p1a: Ting-Lu
|-damage|p1a: Ting-Lu|0 fnt
|-unboost|p2a: Zamazenta|def|1
|-unboost|p2a: Zamazenta|spd|1
|faint|p1a: Ting-Lu
|
|upkeep
|
|t:|1780994256
|switch|p1a: Gholdengo|Gholdengo|100/100
|-item|p1a: Gholdengo|Air Balloon
|turn|3
|
|t:|1780994262
|switch|p2a: Alomomola|Alomomola, M|100/100
|-damage|p2a: Alomomola|88/100|[from] Spikes
|switch|p1a: Glimmora|Glimmora, M|100/100
|
|upkeep
|turn|4
|
|t:|1780994267
|move|p1a: Glimmora|Mortal Spin|p2a: Alomomola
|-damage|p2a: Alomomola|84/100
|-status|p2a: Alomomola|psn
|move|p2a: Alomomola|Flip Turn|p1a: Glimmora
|-supereffective|p1a: Glimmora
|-damage|p1a: Glimmora|78/100
|-activate|p1a: Glimmora|ability: Toxic Debris
|-sidestart|p2: ykykp|move: Toxic Spikes
|-enditem|p1a: Glimmora|Red Card|[of] p2a: Alomomola
|drag|p2a: Latias|Latias, F|100/100
|
|upkeep
|turn|5
|
|t:|1780994277
|switch|p1a: Ogerpon|Ogerpon-Wellspring, F|100/100
|-terastallize|p2a: Latias|Poison
|move|p2a: Latias|Calm Mind|p2a: Latias
|-boost|p2a: Latias|spa|1
|-boost|p2a: Latias|spd|1
|
|upkeep
|turn|6
|
|t:|1780994282
|move|p2a: Latias|Calm Mind|p2a: Latias
|-boost|p2a: Latias|spa|1
|-boost|p2a: Latias|spd|1
|move|p1a: Ogerpon|Encore|p2a: Latias
|-start|p2a: Latias|Encore
|
|upkeep
|turn|7
|
|t:|1780994288
|move|p1a: Ogerpon|Knock Off|p2a: Latias
|-damage|p2a: Latias|60/100
|-enditem|p2a: Latias|Kee Berry|[from] move: Knock Off|[of] p1a: Ogerpon
|move|p2a: Latias|Calm Mind|p2a: Latias
|-boost|p2a: Latias|spa|1
|-boost|p2a: Latias|spd|1
|
|upkeep
|turn|8
|
|t:|1780994294
|move|p1a: Ogerpon|Ivy Cudgel|p2a: Latias|[anim] Ivy Cudgel Water
|-damage|p2a: Latias|0 fnt
|faint|p2a: Latias
|
|upkeep
|-message|ykykp forfeited.
|
|win|Capidaxter
|raw|Capidaxter's rating: 1740 &rarr; <strong>1761</strong><br />(+21 for winning)
|raw|ykykp's rating: 1760 &rarr; <strong>1739</strong><br />(-21 for losing)
|l|☆ykykp
|player|p2|
|l|☆Capidaxter
|player|p1|
|l| mawaruru
