|j|☆angel engine
|j|☆KassGOD
|t:|1781529894
|gametype|singles
|player|p1|angel engine|dawn|1571
|player|p2|KassGOD|sage|1528
|gen|9
|tier|[Gen 9] OU
|rated|
|rule|HP Percentage Mod: HP is shown in percentages
|rule|Endless Battle Clause: Forcing endless battles is banned
|rule|Species Clause: Limit one of each Pokémon
|rule|OHKO Clause: OHKO moves are banned
|rule|Evasion Items Clause: Evasion items are banned
|rule|Evasion Moves Clause: Evasion moves are banned
|rule|Evasion Abilities Clause: Evasion abilities are banned
|rule|Sleep Moves Clause: Sleep-inducing moves are banned
|clearpoke
|poke|p1|Latios, M|
|poke|p1|Dragapult, M|
|poke|p1|Landorus-Therian, M|
|poke|p1|Iron Crown|
|poke|p1|Volcanion|
|poke|p1|Maushold|
|poke|p2|Cinderace, F|
|poke|p2|Great Tusk|
|poke|p2|Slowking-Galar, F|
|poke|p2|Corviknight, M|
|poke|p2|Raging Bolt|
|poke|p2|Meowscarada, F|
|teampreview
|inactive|Battle timer is ON: inactive players will automatically lose when time's up. (requested by KassGOD)
|inactive|angel engine also wants the timer to be on.
|
|t:|1781529905
|teamsize|p1|6
|teamsize|p2|6
|start
|switch|p1a: Landorus|Landorus-Therian, M|100/100
|switch|p2a: Meowscarada|Meowscarada, F|100/100
|-ability|p1a: Landorus|Intimidate|boost
|-unboost|p2a: Meowscarada|atk|1
|turn|1
|
|t:|1781529911
|switch|p1a: Volcanion|Volcanion|100/100
|move|p2a: Meowscarada|Triple Axel|p1a: Volcanion
|-start|p2a: Meowscarada|typechange|Ice|[from] ability: Protean
|-resisted|p1a: Volcanion
|-damage|p1a: Volcanion|99/100
|-resisted|p1a: Volcanion
|-damage|p1a: Volcanion|96/100
|-resisted|p1a: Volcanion
|-damage|p1a: Volcanion|92/100
|-hitcount|p1a: Volcanion|3
|
|upkeep
|turn|2
|
|t:|1781529923
|switch|p2a: Slowking|Slowking-Galar, F|100/100
|move|p1a: Volcanion|Steam Eruption|p2a: Slowking
|-damage|p2a: Slowking|69/100
|
|upkeep
|turn|3
|
|t:|1781529939
|move|p1a: Volcanion|Taunt|p2a: Slowking
|-start|p2a: Slowking|move: Taunt
|move|p2a: Slowking|Sludge Bomb|p1a: Volcanion
|-damage|p1a: Volcanion|42/100
|-status|p1a: Volcanion|psn
|
|-damage|p1a: Volcanion|30/100 psn|[from] psn
|upkeep
|turn|4
|
|t:|1781529953
|move|p1a: Volcanion|Steam Eruption|p2a: Slowking
|-damage|p2a: Slowking|40/100
|move|p2a: Slowking|Sludge Bomb|p1a: Volcanion
|-damage|p1a: Volcanion|0 fnt
|faint|p1a: Volcanion
|
|upkeep
|
|t:|1781529965
|switch|p1a: Latios|Latios, M|100/100
|turn|5
|
|t:|1781529973
|switch|p2a: Cinderace|Cinderace, F|100/100
|move|p1a: Latios|Earthquake|p2a: Cinderace
|-supereffective|p2a: Cinderace
|-damage|p2a: Cinderace|1/100
|-damage|p1a: Latios|91/100|[from] item: Life Orb
|
|upkeep
|turn|6
|
|t:|1781529982
|switch|p1a: Landorus|Landorus-Therian, M|100/100
|-ability|p1a: Landorus|Intimidate|boost
|-unboost|p2a: Cinderace|atk|1
|move|p2a: Cinderace|U-turn|p1a: Landorus
|-start|p2a: Cinderace|typechange|Bug|[from] ability: Libero
|-resisted|p1a: Landorus
|-damage|p1a: Landorus|89/100
|
|t:|1781529995
|switch|p2a: Meowscarada|Meowscarada, F|100/100|[from] U-turn
|
|upkeep
|turn|7
|
|t:|1781530009
|-terastallize|p1a: Landorus|Ghost
|move|p2a: Meowscarada|U-turn|p1a: Landorus
|-start|p2a: Meowscarada|typechange|Bug|[from] ability: Protean
|-resisted|p1a: Landorus
|-damage|p1a: Landorus|73/100
|
|t:|1781530021
|switch|p2a: Corviknight|Corviknight, M|100/100|[from] U-turn
|-ability|p2a: Corviknight|Pressure
|move|p1a: Landorus|Fling|p2a: Corviknight
|-damage|p2a: Corviknight|94/100
|-status|p2a: Corviknight|par
|-enditem|p1a: Landorus|Light Ball|[from] move: Fling
|
|upkeep
|turn|8
|
|t:|1781530030
|move|p1a: Landorus|Stealth Rock|p2a: Corviknight
|-sidestart|p2: KassGOD|move: Stealth Rock
|move|p2a: Corviknight|U-turn|p1a: Landorus
|-resisted|p1a: Landorus
|-damage|p1a: Landorus|66/100
|
|t:|1781530036
|switch|p2a: Meowscarada|Meowscarada, F|100/100|[from] U-turn
|-damage|p2a: Meowscarada|88/100|[from] Stealth Rock
|
|upkeep
|turn|9
|
|t:|1781530040
|move|p2a: Meowscarada|Knock Off|p1a: Landorus
|-start|p2a: Meowscarada|typechange|Dark|[from] ability: Protean
|-supereffective|p1a: Landorus
|-damage|p1a: Landorus|9/100
|move|p1a: Landorus|Earthquake|p2a: Meowscarada
|-damage|p2a: Meowscarada|17/100
|
|upkeep
|turn|10
|
|t:|1781530048
|move|p2a: Meowscarada|Knock Off|p1a: Landorus
|-supereffective|p1a: Landorus
|-damage|p1a: Landorus|0 fnt
|faint|p1a: Landorus
|
|upkeep
|
|t:|1781530065
|switch|p1a: Dragapult|Dragapult, M|100/100
|turn|11
|
|t:|1781530070
|move|p2a: Meowscarada|Knock Off|p1a: Dragapult
|-supereffective|p1a: Dragapult
|-enditem|p1a: Dragapult|Focus Sash
|-damage|p1a: Dragapult|1/100
|move|p1a: Dragapult|Dragon Darts|p2a: Meowscarada
|-damage|p2a: Meowscarada|0 fnt
|faint|p2a: Meowscarada
|
|upkeep
|
|t:|1781530081
|switch|p2a: Corviknight|Corviknight, M|94/100 par
|-damage|p2a: Corviknight|82/100 par|[from] Stealth Rock
|-ability|p2a: Corviknight|Pressure
|turn|12
|
|t:|1781530086
|move|p1a: Dragapult|Hex|p2a: Corviknight
|-damage|p2a: Corviknight|26/100 par
|move|p2a: Corviknight|U-turn|p1a: Dragapult
|-resisted|p1a: Dragapult
|-damage|p1a: Dragapult|0 fnt
|faint|p1a: Dragapult
|
|t:|1781530100
|switch|p2a: Slowking|Slowking-Galar, F|73/100|[from] U-turn
|-damage|p2a: Slowking|60/100|[from] Stealth Rock
|
|upkeep
|
|t:|1781530111
|switch|p1a: Latios|Latios, M|91/100
|turn|13
|
|t:|1781530118
|move|p1a: Latios|Earthquake|p2a: Slowking
|-supereffective|p2a: Slowking
|-damage|p2a: Slowking|0 fnt
|faint|p2a: Slowking
|-damage|p1a: Latios|81/100|[from] item: Life Orb
|
|upkeep
|
|t:|1781530147
|switch|p2a: Cinderace|Cinderace, F|1/100
|turn|14
|
|t:|1781530156
|switch|p1a: Iron Crown|Iron Crown|100/100
|-enditem|p1a: Iron Crown|Booster Energy
|-activate|p1a: Iron Crown|ability: Quark Drive|[fromitem]
|-start|p1a: Iron Crown|quarkdrivespe
|move|p2a: Cinderace|Sucker Punch||[still]
|-fail|p2a: Cinderace
|
|upkeep
|turn|15
|
|t:|1781530167
|move|p1a: Iron Crown|Psychic Noise|p2a: Cinderace
|-damage|p2a: Cinderace|0 fnt
|faint|p2a: Cinderace
|
|upkeep
|
|t:|1781530179
|switch|p2a: Raging Bolt|Raging Bolt|100/100
|-damage|p2a: Raging Bolt|88/100|[from] Stealth Rock
|turn|16
|
|t:|1781530208
|move|p1a: Iron Crown|Calm Mind|p1a: Iron Crown
|-boost|p1a: Iron Crown|spa|1
|-boost|p1a: Iron Crown|spd|1
|move|p2a: Raging Bolt|Volt Switch|p1a: Iron Crown
|-damage|p1a: Iron Crown|58/100
|
|t:|1781530216
|-end|p2a: Raging Bolt|Protosynthesis|[silent]
|switch|p2a: Great Tusk|Great Tusk|100/100|[from] Volt Switch
|-damage|p2a: Great Tusk|98/100|[from] Stealth Rock
|
|upkeep
|turn|17
|
|t:|1781530227
|move|p1a: Iron Crown|Psychic Noise|p2a: Great Tusk
|-supereffective|p2a: Great Tusk
|-crit|p2a: Great Tusk
|-damage|p2a: Great Tusk|0 fnt
|faint|p2a: Great Tusk
|-end|p2a: Great Tusk|Protosynthesis|[silent]
|
|upkeep
|
|t:|1781530233
|switch|p2a: Raging Bolt|Raging Bolt|88/100
|-damage|p2a: Raging Bolt|75/100|[from] Stealth Rock
|turn|18
|
|t:|1781530238
|move|p1a: Iron Crown|Psychic Noise|p2a: Raging Bolt
|-damage|p2a: Raging Bolt|20/100
|-start|p2a: Raging Bolt|move: Heal Block
|move|p2a: Raging Bolt|Thunderbolt|p1a: Iron Crown
|-damage|p1a: Iron Crown|5/100
|
|upkeep
|turn|19
|
|t:|1781530245
|move|p1a: Iron Crown|Psychic Noise|p2a: Raging Bolt
|-damage|p2a: Raging Bolt|0 fnt
|faint|p2a: Raging Bolt
|-end|p2a: Raging Bolt|Protosynthesis|[silent]
|
|upkeep
|-message|KassGOD forfeited.
|
|win|angel engine
|raw|angel engine's rating: 1571 &rarr; <strong>1589</strong><br />(+18 for winning)
|raw|KassGOD's rating: 1528 &rarr; <strong>1510</strong><br />(-18 for losing)
|l|☆KassGOD
|player|p2|
|l|☆angel engine
|player|p1|
