|j|☆talveznao
|j|☆Trainer #39
|t:|1781528248
|gametype|singles
|player|p1|talveznao|evelyn|1578
|player|p2|Trainer #39|bugsy|1791
|gen|9
|tier|[Gen 9] OU
|rated|
|rule|HP Percentage Mod: HP is shown in percentages
|rule|Endless Battle Clause: Forcing endless battles is banned
|rule|Species Clause: Limit one of each Pokémon
|rule|OHKO Clause: OHKO moves are banned
|rule|Evasion Items Clause: Evasion items are banned
|rule|Evasion Moves Clause: Evasion moves are banned
|rule|Evasion Abilities Clause: Evasion abilities are banned
|rule|Sleep Moves Clause: Sleep-inducing moves are banned
|clearpoke
|poke|p1|Ogerpon-Wellspring, F|
|poke|p1|Kingambit, M|
|poke|p1|Glimmora, F|
|poke|p1|Iron Valiant|
|poke|p1|Deoxys-Speed|
|poke|p1|Great Tusk|
|poke|p2|Blissey, F|
|poke|p2|Corviknight, M|
|poke|p2|Dondozo, M|
|poke|p2|Gliscor, M|
|poke|p2|Clefable, M|
|poke|p2|Slowking-Galar, M|
|teampreview
|inactive|Battle timer is ON: inactive players will automatically lose when time's up. (requested by talveznao)
|
|t:|1781528282
|teamsize|p1|6
|teamsize|p2|6
|start
|switch|p1a: Iron Valiant|Iron Valiant|100/100
|switch|p2a: Free Palestine|Gliscor, M|100/100
|-enditem|p1a: Iron Valiant|Booster Energy
|-activate|p1a: Iron Valiant|ability: Quark Drive|[fromitem]
|-start|p1a: Iron Valiant|quarkdrivespe
|turn|1
|inactive|Trainer #39 has 120 seconds left.
|
|t:|1781528326
|-terastallize|p1a: Iron Valiant|Steel
|move|p2a: Free Palestine|Protect|p2a: Free Palestine
|-singleturn|p2a: Free Palestine|Protect
|move|p1a: Iron Valiant|Knock Off|p2a: Free Palestine
|-activate|p2a: Free Palestine|move: Protect
|
|-status|p2a: Free Palestine|tox|[from] item: Toxic Orb
|upkeep
|turn|2
|
|t:|1781528340
|move|p1a: Iron Valiant|Encore|p2a: Free Palestine
|-start|p2a: Free Palestine|Encore
|move|p2a: Free Palestine|Protect||[still]
|-fail|p2a: Free Palestine
|
|upkeep
|turn|3
|
|t:|1781528344
|move|p2a: Free Palestine|Protect|p2a: Free Palestine
|-singleturn|p2a: Free Palestine|Protect
|move|p1a: Iron Valiant|Knock Off|p2a: Free Palestine
|-activate|p2a: Free Palestine|move: Protect
|
|upkeep
|turn|4
|
|t:|1781528347
|move|p2a: Free Palestine|Protect||[still]
|-fail|p2a: Free Palestine
|move|p1a: Iron Valiant|Knock Off|p2a: Free Palestine
|-damage|p2a: Free Palestine|84/100 tox
|-enditem|p2a: Free Palestine|Toxic Orb|[from] move: Knock Off|[of] p1a: Iron Valiant
|
|-heal|p2a: Free Palestine|96/100 tox|[from] ability: Poison Heal
|-end|p2a: Free Palestine|Encore
|upkeep
|turn|5
|
|t:|1781528350
|move|p2a: Free Palestine|Protect|p2a: Free Palestine
|-singleturn|p2a: Free Palestine|Protect
|move|p1a: Iron Valiant|Encore|p2a: Free Palestine
|-activate|p2a: Free Palestine|move: Protect
|
|-heal|p2a: Free Palestine|100/100 tox|[from] ability: Poison Heal
|upkeep
|turn|6
|
|t:|1781528352
|move|p1a: Iron Valiant|Encore|p2a: Free Palestine
|-start|p2a: Free Palestine|Encore
|move|p2a: Free Palestine|Protect||[still]
|-fail|p2a: Free Palestine
|
|upkeep
|turn|7
|
|t:|1781528355
|move|p2a: Free Palestine|Protect|p2a: Free Palestine
|-singleturn|p2a: Free Palestine|Protect
|move|p1a: Iron Valiant|Moonblast|p2a: Free Palestine
|-activate|p2a: Free Palestine|move: Protect
|
|upkeep
|turn|8
|
|t:|1781528359
|move|p2a: Free Palestine|Protect||[still]
|-fail|p2a: Free Palestine
|move|p1a: Iron Valiant|Moonblast|p2a: Free Palestine
|-damage|p2a: Free Palestine|43/100 tox
|
|-heal|p2a: Free Palestine|55/100 tox|[from] ability: Poison Heal
|-end|p2a: Free Palestine|Encore
|upkeep
|turn|9
|
|t:|1781528369
|move|p2a: Free Palestine|Protect|p2a: Free Palestine
|-singleturn|p2a: Free Palestine|Protect
|move|p1a: Iron Valiant|Knock Off|p2a: Free Palestine
|-activate|p2a: Free Palestine|move: Protect
|
|-heal|p2a: Free Palestine|68/100 tox|[from] ability: Poison Heal
|upkeep
|turn|10
|
|t:|1781528371
|move|p1a: Iron Valiant|Encore|p2a: Free Palestine
|-start|p2a: Free Palestine|Encore
|move|p2a: Free Palestine|Protect||[still]
|-fail|p2a: Free Palestine
|
|-heal|p2a: Free Palestine|80/100 tox|[from] ability: Poison Heal
|upkeep
|turn|11
|
|t:|1781528374
|move|p2a: Free Palestine|Protect|p2a: Free Palestine
|-singleturn|p2a: Free Palestine|Protect
|move|p1a: Iron Valiant|Knock Off|p2a: Free Palestine
|-activate|p2a: Free Palestine|move: Protect
|
|-heal|p2a: Free Palestine|93/100 tox|[from] ability: Poison Heal
|upkeep
|turn|12
|
|t:|1781528377
|move|p2a: Free Palestine|Protect||[still]
|-fail|p2a: Free Palestine
|move|p1a: Iron Valiant|Moonblast|p2a: Free Palestine
|-damage|p2a: Free Palestine|39/100 tox
|
|-heal|p2a: Free Palestine|52/100 tox|[from] ability: Poison Heal
|-end|p2a: Free Palestine|Encore
|upkeep
|turn|13
|
|t:|1781528381
|move|p2a: Free Palestine|Protect|p2a: Free Palestine
|-singleturn|p2a: Free Palestine|Protect
|move|p1a: Iron Valiant|Moonblast|p2a: Free Palestine
|-activate|p2a: Free Palestine|move: Protect
|
|-heal|p2a: Free Palestine|64/100 tox|[from] ability: Poison Heal
|upkeep
|turn|14
|
|t:|1781528386
|move|p1a: Iron Valiant|Moonblast|p2a: Free Palestine
|-damage|p2a: Free Palestine|6/100 tox
|move|p2a: Free Palestine|Earthquake|p1a: Iron Valiant
|-supereffective|p1a: Iron Valiant
|-damage|p1a: Iron Valiant|27/100
|
|-heal|p2a: Free Palestine|19/100 tox|[from] ability: Poison Heal
|upkeep
|turn|15
|
|t:|1781528392
|move|p2a: Free Palestine|Protect|p2a: Free Palestine
|-singleturn|p2a: Free Palestine|Protect
|move|p1a: Iron Valiant|Moonblast|p2a: Free Palestine
|-activate|p2a: Free Palestine|move: Protect
|
|-heal|p2a: Free Palestine|31/100 tox|[from] ability: Poison Heal
|upkeep
|turn|16
|
|t:|1781528399
|switch|p2a: Free Lebanon|Clefable, M|100/100
|move|p1a: Iron Valiant|Moonblast|p2a: Free Lebanon
|-damage|p2a: Free Lebanon|68/100
|
|upkeep
|turn|17
|
|t:|1781528406
|move|p1a: Iron Valiant|Moonblast|p2a: Free Lebanon
|-damage|p2a: Free Lebanon|38/100
|move|p2a: Free Lebanon|Wish|p2a: Free Lebanon
|
|upkeep
|turn|18
|
|t:|1781528415
|move|p2a: Free Lebanon|Protect|p2a: Free Lebanon
|-singleturn|p2a: Free Lebanon|Protect
|move|p1a: Iron Valiant|Encore|p2a: Free Lebanon
|-activate|p2a: Free Lebanon|move: Protect
|
|-heal|p2a: Free Lebanon|88/100|[from] move: Wish|[wisher] Free Lebanon
|upkeep
|turn|19
|
|t:|1781528421
|move|p1a: Iron Valiant|Moonblast|p2a: Free Lebanon
|-crit|p2a: Free Lebanon
|-damage|p2a: Free Lebanon|43/100
|move|p2a: Free Lebanon|Wish|p2a: Free Lebanon
|
|upkeep
|turn|20
|
|t:|1781528425
|move|p2a: Free Lebanon|Protect|p2a: Free Lebanon
|-singleturn|p2a: Free Lebanon|Protect
|move|p1a: Iron Valiant|Knock Off|p2a: Free Lebanon
|-activate|p2a: Free Lebanon|move: Protect
|
|-heal|p2a: Free Lebanon|93/100|[from] move: Wish|[wisher] Free Lebanon
|upkeep
|turn|21
|
|t:|1781528428
|move|p1a: Iron Valiant|Encore|p2a: Free Lebanon
|-start|p2a: Free Lebanon|Encore
|move|p2a: Free Lebanon|Protect||[still]
|-fail|p2a: Free Lebanon
|
|upkeep
|turn|22
|
|t:|1781528432
|move|p2a: Free Lebanon|Protect|p2a: Free Lebanon
|-singleturn|p2a: Free Lebanon|Protect
|move|p1a: Iron Valiant|Knock Off|p2a: Free Lebanon
|-activate|p2a: Free Lebanon|move: Protect
|
|upkeep
|turn|23
|
|t:|1781528435
|move|p2a: Free Lebanon|Protect|p2a: Free Lebanon
|-singleturn|p2a: Free Lebanon|Protect
|move|p1a: Iron Valiant|Knock Off|p2a: Free Lebanon
|-activate|p2a: Free Lebanon|move: Protect
|
|-end|p2a: Free Lebanon|Encore
|upkeep
|turn|24
|
|t:|1781528440
|switch|p2a: Trump is low IQ|Corviknight, M|100/100
|-ability|p2a: Trump is low IQ|Pressure
|move|p1a: Iron Valiant|Encore||[still]
|-fail|p1a: Iron Valiant
|
|upkeep
|turn|25
|
|t:|1781528443
|switch|p2a: Free Lebanon|Clefable, M|93/100
|move|p1a: Iron Valiant|Knock Off|p2a: Free Lebanon
|-resisted|p2a: Free Lebanon
|-damage|p2a: Free Lebanon|76/100
|-enditem|p2a: Free Lebanon|Heavy-Duty Boots|[from] move: Knock Off|[of] p1a: Iron Valiant
|
|upkeep
|turn|26
|
|t:|1781528447
|move|p1a: Iron Valiant|Moonblast|p2a: Free Lebanon
|-damage|p2a: Free Lebanon|44/100
|move|p2a: Free Lebanon|Wish|p2a: Free Lebanon
|
|upkeep
|turn|27
|
|t:|1781528451
|move|p2a: Free Lebanon|Protect|p2a: Free Lebanon
|-singleturn|p2a: Free Lebanon|Protect
|move|p1a: Iron Valiant|Moonblast|p2a: Free Lebanon
|-activate|p2a: Free Lebanon|move: Protect
|
|-heal|p2a: Free Lebanon|94/100|[from] move: Wish|[wisher] Free Lebanon
|upkeep
|turn|28
|
|t:|1781528453
|move|p1a: Iron Valiant|Moonblast|p2a: Free Lebanon
|-damage|p2a: Free Lebanon|61/100
|-unboost|p2a: Free Lebanon|spa|1
|move|p2a: Free Lebanon|Wish|p2a: Free Lebanon
|
|upkeep
|turn|29
|
|t:|1781528456
|move|p1a: Iron Valiant|Moonblast|p2a: Free Lebanon
|-damage|p2a: Free Lebanon|31/100
|move|p2a: Free Lebanon|Moonblast|p1a: Iron Valiant
|-resisted|p1a: Iron Valiant
|-damage|p1a: Iron Valiant|5/100
|-unboost|p1a: Iron Valiant|spa|1
|
|-heal|p2a: Free Lebanon|81/100|[from] move: Wish|[wisher] Free Lebanon
|upkeep
|turn|30
|
|t:|1781528461
|move|p1a: Iron Valiant|Moonblast|p2a: Free Lebanon
|-damage|p2a: Free Lebanon|52/100
|move|p2a: Free Lebanon|Wish|p2a: Free Lebanon
|
|upkeep
|turn|31
|
|t:|1781528468
|move|p2a: Free Lebanon|Protect|p2a: Free Lebanon
|-singleturn|p2a: Free Lebanon|Protect
|move|p1a: Iron Valiant|Moonblast|p2a: Free Lebanon
|-activate|p2a: Free Lebanon|move: Protect
|
|-heal|p2a: Free Lebanon|100/100|[from] move: Wish|[wisher] Free Lebanon
|upkeep
|turn|32
|
|t:|1781528470
|switch|p2a: Trump is low IQ|Corviknight, M|100/100
|-ability|p2a: Trump is low IQ|Pressure
|move|p1a: Iron Valiant|Moonblast|p2a: Trump is low IQ
|-resisted|p2a: Trump is low IQ
|-crit|p2a: Trump is low IQ
|-damage|p2a: Trump is low IQ|67/100
|-unboost|p2a: Trump is low IQ|spa|1
|
|upkeep
|turn|33
|j| tuanquewang
|
|t:|1781528473
|move|p1a: Iron Valiant|Close Combat|p2a: Trump is low IQ
|-damage|p2a: Trump is low IQ|34/100
|-unboost|p1a: Iron Valiant|def|1
|-unboost|p1a: Iron Valiant|spd|1
|-damage|p1a: Iron Valiant|0 fnt|[from] item: Rocky Helmet|[of] p2a: Trump is low IQ
|faint|p1a: Iron Valiant
|-end|p1a: Iron Valiant|Quark Drive|[silent]
|move|p2a: Trump is low IQ|Roost|p2a: Trump is low IQ
|-heal|p2a: Trump is low IQ|84/100
|-singleturn|p2a: Trump is low IQ|move: Roost
|
|upkeep
|
|t:|1781528481
|switch|p1a: Glimmora|Glimmora, F|100/100
|turn|34
|
|t:|1781528486
|move|p1a: Glimmora|Meteor Beam||[still]
|-prepare|p1a: Glimmora|Meteor Beam
|-boost|p1a: Glimmora|spa|1
|-enditem|p1a: Glimmora|Power Herb
|-anim|p1a: Glimmora|Meteor Beam|p2a: Trump is low IQ
|-damage|p2a: Trump is low IQ|0 fnt
|faint|p2a: Trump is low IQ
|
|upkeep
|
|t:|1781528491
|switch|p2a: Save Sudan|Slowking-Galar, M|100/100
|turn|35
|
|t:|1781528494
|move|p1a: Glimmora|Earth Power|p2a: Save Sudan
|-supereffective|p2a: Save Sudan
|-damage|p2a: Save Sudan|24/100
|move|p2a: Save Sudan|Future Sight|p1a: Glimmora
|-start|p2a: Save Sudan|move: Future Sight
|
|upkeep
|turn|36
|
|t:|1781528502
|switch|p1a: Kingambit|Kingambit, M|100/100
|-activate|p1a: Kingambit|ability: Supreme Overlord
|-start|p1a: Kingambit|fallen1|[silent]
|-item|p1a: Kingambit|Air Balloon
|switch|p2a: brat|Blissey, F|100/100
|
|upkeep
|turn|37
|
|t:|1781528507
|switch|p2a: 808 and curses|Dondozo, M|100/100
|move|p1a: Kingambit|Kowtow Cleave|p2a: 808 and curses
|-damage|p2a: 808 and curses|76/100
|
|-end|p1a: Kingambit|move: Future Sight
|-immune|p1a: Kingambit
|-heal|p2a: 808 and curses|83/100|[from] item: Leftovers
|upkeep
|turn|38
|l| tuanquewang
|
|t:|1781528513
|-end|p1a: Kingambit|fallen1|[silent]
|switch|p1a: Ogerpon|Ogerpon-Wellspring, F|100/100
|move|p2a: 808 and curses|Curse|p2a: 808 and curses
|-unboost|p2a: 808 and curses|spe|1
|-boost|p2a: 808 and curses|atk|1
|-boost|p2a: 808 and curses|def|1
|
|-heal|p2a: 808 and curses|89/100|[from] item: Leftovers
|upkeep
|turn|39
|
|t:|1781528517
|move|p1a: Ogerpon|Swords Dance|p1a: Ogerpon
|-boost|p1a: Ogerpon|atk|2
|move|p2a: 808 and curses|Curse|p2a: 808 and curses
|-unboost|p2a: 808 and curses|spe|1
|-boost|p2a: 808 and curses|atk|1
|-boost|p2a: 808 and curses|def|1
|
|-heal|p2a: 808 and curses|95/100|[from] item: Leftovers
|upkeep
|turn|40
|
|t:|1781528522
|move|p1a: Ogerpon|Swords Dance|p1a: Ogerpon
|-boost|p1a: Ogerpon|atk|2
|move|p2a: 808 and curses|Curse|p2a: 808 and curses
|-unboost|p2a: 808 and curses|spe|1
|-boost|p2a: 808 and curses|atk|1
|-boost|p2a: 808 and curses|def|1
|
|-heal|p2a: 808 and curses|100/100|[from] item: Leftovers
|upkeep
|turn|41
|
|t:|1781528525
|move|p1a: Ogerpon|Swords Dance|p1a: Ogerpon
|-boost|p1a: Ogerpon|atk|2
|move|p2a: 808 and curses|Curse|p2a: 808 and curses
|-unboost|p2a: 808 and curses|spe|1
|-boost|p2a: 808 and curses|atk|1
|-boost|p2a: 808 and curses|def|1
|
|upkeep
|turn|42
|
|t:|1781528529
|move|p1a: Ogerpon|Swords Dance|p1a: Ogerpon
|-boost|p1a: Ogerpon|atk|0
|move|p2a: 808 and curses|Waterfall|p1a: Ogerpon
|-immune|p1a: Ogerpon|[from] ability: Water Absorb
|
|upkeep
|turn|43
|
|t:|1781528532
|move|p1a: Ogerpon|Swords Dance|p1a: Ogerpon
|-boost|p1a: Ogerpon|atk|0
|move|p2a: 808 and curses|Waterfall|p1a: Ogerpon
|-immune|p1a: Ogerpon|[from] ability: Water Absorb
|
|upkeep
|turn|44
|
|t:|1781528535
|move|p1a: Ogerpon|Swords Dance|p1a: Ogerpon
|-boost|p1a: Ogerpon|atk|0
|move|p2a: 808 and curses|Waterfall|p1a: Ogerpon
|-immune|p1a: Ogerpon|[from] ability: Water Absorb
|
|upkeep
|turn|45
|
|t:|1781528537
|switch|p2a: Free Palestine|Gliscor, M|31/100 tox
|move|p1a: Ogerpon|Swords Dance|p1a: Ogerpon
|-boost|p1a: Ogerpon|atk|0
|
|-heal|p2a: Free Palestine|44/100 tox|[from] ability: Poison Heal
|upkeep
|turn|46
|
|t:|1781528540
|switch|p2a: 808 and curses|Dondozo, M|100/100
|move|p1a: Ogerpon|Ivy Cudgel|p2a: 808 and curses|[anim] Ivy Cudgel Water
|-resisted|p2a: 808 and curses
|-damage|p2a: 808 and curses|87/100
|
|-heal|p2a: 808 and curses|93/100|[from] item: Leftovers
|upkeep
|turn|47
|
|t:|1781528543
|move|p1a: Ogerpon|Swords Dance|p1a: Ogerpon
|-boost|p1a: Ogerpon|atk|0
|move|p2a: 808 and curses|Curse|p2a: 808 and curses
|-unboost|p2a: 808 and curses|spe|1
|-boost|p2a: 808 and curses|atk|1
|-boost|p2a: 808 and curses|def|1
|
|-heal|p2a: 808 and curses|99/100|[from] item: Leftovers
|upkeep
|turn|48
|
|t:|1781528547
|move|p1a: Ogerpon|Horn Leech|p2a: 808 and curses
|-supereffective|p2a: 808 and curses
|-damage|p2a: 808 and curses|72/100
|move|p2a: 808 and curses|Waterfall|p1a: Ogerpon
|-immune|p1a: Ogerpon|[from] ability: Water Absorb
|
|-heal|p2a: 808 and curses|78/100|[from] item: Leftovers
|upkeep
|turn|49
|
|t:|1781528550
|move|p1a: Ogerpon|Swords Dance|p1a: Ogerpon
|-boost|p1a: Ogerpon|atk|0
|move|p2a: 808 and curses|Curse|p2a: 808 and curses
|-unboost|p2a: 808 and curses|spe|1
|-boost|p2a: 808 and curses|atk|1
|-boost|p2a: 808 and curses|def|1
|
|-heal|p2a: 808 and curses|84/100|[from] item: Leftovers
|upkeep
|turn|50
|
|t:|1781528557
|move|p1a: Ogerpon|Horn Leech|p2a: 808 and curses
|-supereffective|p2a: 808 and curses
|-damage|p2a: 808 and curses|62/100
|move|p2a: 808 and curses|Curse|p2a: 808 and curses
|-unboost|p2a: 808 and curses|spe|1
|-boost|p2a: 808 and curses|atk|1
|-boost|p2a: 808 and curses|def|1
|
|-heal|p2a: 808 and curses|68/100|[from] item: Leftovers
|upkeep
|turn|51
|
|t:|1781528561
|move|p1a: Ogerpon|Swords Dance|p1a: Ogerpon
|-boost|p1a: Ogerpon|atk|0
|move|p2a: 808 and curses|Curse|p2a: 808 and curses
|-unboost|p2a: 808 and curses|spe|1
|-boost|p2a: 808 and curses|atk|1
|-boost|p2a: 808 and curses|def|1
|
|-heal|p2a: 808 and curses|75/100|[from] item: Leftovers
|upkeep
|turn|52
|
|t:|1781528567
|move|p1a: Ogerpon|Horn Leech|p2a: 808 and curses
|-supereffective|p2a: 808 and curses
|-damage|p2a: 808 and curses|60/100
|move|p2a: 808 and curses|Curse|p2a: 808 and curses
|-unboost|p2a: 808 and curses|spe|1
|-boost|p2a: 808 and curses|atk|1
|-boost|p2a: 808 and curses|def|1
|
|-heal|p2a: 808 and curses|66/100|[from] item: Leftovers
|upkeep
|turn|53
|
|t:|1781528573
|switch|p2a: Free Palestine|Gliscor, M|44/100 tox
|move|p1a: Ogerpon|Horn Leech|p2a: Free Palestine
|-damage|p2a: Free Palestine|0 fnt
|faint|p2a: Free Palestine
|
|upkeep
|l|☆Trainer #39
|inactive|Trainer #39 disconnected and has a minute to reconnect!
|player|p2|
|inactive|Trainer #39 has 30 seconds to reconnect!
|inactive|Trainer #39 has 20 seconds to reconnect!
|inactive|Trainer #39 has 15 seconds to reconnect!
|inactive|Trainer #39 has 10 seconds to reconnect!
|inactive|Trainer #39 has 5 seconds to reconnect!
|-message|Trainer #39 lost due to inactivity.
|
|win|talveznao
|raw|talveznao's rating: 1578 &rarr; <strong>1609</strong><br />(+31 for winning)
|raw|Trainer #39's rating: 1791 &rarr; <strong>1760</strong><br />(-31 for losing)
