|j|☆retsewe
|j|☆Davy12345
|t:|1781054732
|gametype|singles
|player|p1|retsewe|266|1599
|player|p2|Davy12345|drayden|1629
|gen|9
|tier|[Gen 9] OU
|rated|
|rule|HP Percentage Mod: HP is shown in percentages
|rule|Endless Battle Clause: Forcing endless battles is banned
|rule|Species Clause: Limit one of each Pokémon
|rule|OHKO Clause: OHKO moves are banned
|rule|Evasion Items Clause: Evasion items are banned
|rule|Evasion Moves Clause: Evasion moves are banned
|rule|Evasion Abilities Clause: Evasion abilities are banned
|rule|Sleep Moves Clause: Sleep-inducing moves are banned
|clearpoke
|poke|p1|Kyurem|
|poke|p1|Grimmsnarl, M|
|poke|p1|Gyarados, M|
|poke|p1|Dragonite, F|
|poke|p1|Hatterene, F|
|poke|p1|Heatran, F|
|poke|p2|Iron Moth|
|poke|p2|Gliscor, F|
|poke|p2|Hatterene, F|
|poke|p2|Ogerpon-Wellspring, F|
|poke|p2|Raging Bolt|
|poke|p2|Zamazenta-*|
|teampreview
|inactive|Battle timer is ON: inactive players will automatically lose when time's up. (requested by Davy12345)
|
|t:|1781054743
|teamsize|p1|6
|teamsize|p2|6
|start
|switch|p1a: Hatterene|Hatterene, F|100/100
|switch|p2a: Zamazenta|Zamazenta|100/100
|-ability|p2a: Zamazenta|Dauntless Shield|boost
|-boost|p2a: Zamazenta|def|1
|turn|1
|
|t:|1781054750
|-terastallize|p1a: Hatterene|Water
|move|p2a: Zamazenta|Light Screen|p2a: Zamazenta
|-sidestart|p2: Davy12345|move: Light Screen
|move|p1a: Hatterene|Nuzzle|p2a: Zamazenta
|-damage|p2a: Zamazenta|98/100
|-status|p2a: Zamazenta|par
|
|upkeep
|turn|2
|
|t:|1781054766
|switch|p2a: Raging Bolt|Raging Bolt|100/100
|-enditem|p2a: Raging Bolt|Booster Energy
|-activate|p2a: Raging Bolt|ability: Protosynthesis|[fromitem]
|-start|p2a: Raging Bolt|protosynthesisspa
|move|p1a: Hatterene|Psyshock|p2a: Raging Bolt
|-damage|p2a: Raging Bolt|79/100
|
|upkeep
|turn|3
|
|t:|1781054775
|switch|p1a: Grimmsnarl|Grimmsnarl, M, shiny|100/100
|move|p2a: Raging Bolt|Calm Mind|p2a: Raging Bolt
|-boost|p2a: Raging Bolt|spa|1
|-boost|p2a: Raging Bolt|spd|1
|
|upkeep
|turn|4
|
|t:|1781054783
|move|p2a: Raging Bolt|Thunderbolt|p1a: Grimmsnarl
|-damage|p1a: Grimmsnarl|8/100
|move|p1a: Grimmsnarl|Spirit Break|p2a: Raging Bolt
|-supereffective|p2a: Raging Bolt
|-damage|p2a: Raging Bolt|17/100
|-unboost|p2a: Raging Bolt|spa|1
|
|-heal|p1a: Grimmsnarl|14/100|[from] item: Leftovers
|upkeep
|turn|5
|
|t:|1781054793
|move|p1a: Grimmsnarl|Sucker Punch|p2a: Raging Bolt
|-damage|p2a: Raging Bolt|0 fnt
|faint|p2a: Raging Bolt
|-end|p2a: Raging Bolt|Protosynthesis|[silent]
|
|-heal|p1a: Grimmsnarl|21/100|[from] item: Leftovers
|upkeep
|
|t:|1781054800
|switch|p2a: Ogerpon|Ogerpon-Wellspring, F|100/100
|turn|6
|
|t:|1781054805
|move|p1a: Grimmsnarl|Taunt|p2a: Ogerpon
|-start|p2a: Ogerpon|move: Taunt
|move|p2a: Ogerpon|Trailblaze|p1a: Grimmsnarl
|-damage|p1a: Grimmsnarl|0 fnt
|-boost|p2a: Ogerpon|spe|1
|faint|p1a: Grimmsnarl
|
|upkeep
|
|t:|1781054816
|switch|p1a: Kyurem|Kyurem|100/100
|-ability|p1a: Kyurem|Pressure
|turn|7
|
|t:|1781054822
|switch|p2a: Zamazenta|Zamazenta|98/100 par
|move|p1a: Kyurem|Freeze-Dry|p2a: Zamazenta
|-damage|p2a: Zamazenta|84/100 par
|
|upkeep
|turn|8
|
|t:|1781054830
|switch|p1a: Hatterene|Hatterene, F, tera:Water|100/100
|move|p2a: Zamazenta|Reflect|p2a: Zamazenta
|-sidestart|p2: Davy12345|Reflect
|
|-sideend|p2: Davy12345|move: Light Screen
|upkeep
|turn|9
|
|t:|1781054836
|move|p2a: Zamazenta|Light Screen|p2a: Zamazenta
|-sidestart|p2: Davy12345|move: Light Screen
|move|p1a: Hatterene|Calm Mind|p1a: Hatterene
|-boost|p1a: Hatterene|spa|1
|-boost|p1a: Hatterene|spd|1
|
|upkeep
|turn|10
|
|t:|1781054843
|switch|p2a: Hatterene|Hatterene, F|100/100
|move|p1a: Hatterene|Nuzzle|p2a: Hatterene
|-damage|p2a: Hatterene|99/100
|-status|p2a: Hatterene|par
|
|-heal|p2a: Hatterene|100/100 par|[from] item: Leftovers
|upkeep
|turn|11
|
|t:|1781054856
|move|p1a: Hatterene|Calm Mind|p1a: Hatterene
|-boost|p1a: Hatterene|spa|1
|-boost|p1a: Hatterene|spd|1
|move|p2a: Hatterene|Calm Mind|p2a: Hatterene
|-boost|p2a: Hatterene|spa|1
|-boost|p2a: Hatterene|spd|1
|
|upkeep
|turn|12
|
|t:|1781054865
|move|p1a: Hatterene|Calm Mind|p1a: Hatterene
|-boost|p1a: Hatterene|spa|1
|-boost|p1a: Hatterene|spd|1
|cant|p2a: Hatterene|par
|
|upkeep
|turn|13
|
|t:|1781054872
|move|p1a: Hatterene|Psyshock|p2a: Hatterene
|-resisted|p2a: Hatterene
|-damage|p2a: Hatterene|80/100 par
|move|p2a: Hatterene|Calm Mind|p2a: Hatterene
|-boost|p2a: Hatterene|spa|1
|-boost|p2a: Hatterene|spd|1
|
|-heal|p2a: Hatterene|86/100 par|[from] item: Leftovers
|upkeep
|turn|14
|
|t:|1781054881
|move|p1a: Hatterene|Psyshock|p2a: Hatterene
|-resisted|p2a: Hatterene
|-damage|p2a: Hatterene|65/100 par
|cant|p2a: Hatterene|par
|
|-heal|p2a: Hatterene|71/100 par|[from] item: Leftovers
|upkeep
|turn|15
|
|t:|1781054888
|move|p1a: Hatterene|Psyshock|p2a: Hatterene
|-resisted|p2a: Hatterene
|-damage|p2a: Hatterene|48/100 par
|move|p2a: Hatterene|Calm Mind|p2a: Hatterene
|-boost|p2a: Hatterene|spa|1
|-boost|p2a: Hatterene|spd|1
|
|-heal|p2a: Hatterene|54/100 par|[from] item: Leftovers
|-sideend|p2: Davy12345|Reflect
|upkeep
|turn|16
|
|t:|1781054898
|move|p1a: Hatterene|Psyshock|p2a: Hatterene
|-resisted|p2a: Hatterene
|-damage|p2a: Hatterene|30/100 par
|move|p2a: Hatterene|Stored Power|p1a: Hatterene
|-crit|p1a: Hatterene
|-damage|p1a: Hatterene|0 fnt
|faint|p1a: Hatterene
|
|-heal|p2a: Hatterene|36/100 par|[from] item: Leftovers
|-sideend|p2: Davy12345|move: Light Screen
|upkeep
|
|t:|1781054914
|switch|p1a: Gyarados|Gyarados, M|100/100
|turn|17
|
|t:|1781054919
|move|p1a: Gyarados|Waterfall|p2a: Hatterene
|-crit|p2a: Hatterene
|-damage|p2a: Hatterene|0 fnt
|faint|p2a: Hatterene
|-ability|p1a: Gyarados|Moxie|boost
|-boost|p1a: Gyarados|atk|1
|
|upkeep
|
|t:|1781054925
|switch|p2a: Ogerpon|Ogerpon-Wellspring, F|100/100
|turn|18
|
|t:|1781054935
|move|p2a: Ogerpon|Encore|p1a: Gyarados
|-start|p1a: Gyarados|Encore
|move|p1a: Gyarados|Waterfall|p2a: Ogerpon
|-immune|p2a: Ogerpon|[from] ability: Water Absorb
|
|upkeep
|turn|19
|
|t:|1781054944
|switch|p1a: Kyurem|Kyurem|100/100
|-ability|p1a: Kyurem|Pressure
|move|p2a: Ogerpon|Swords Dance|p2a: Ogerpon
|-boost|p2a: Ogerpon|atk|2
|
|upkeep
|turn|20
|
|t:|1781054952
|-terastallize|p2a: Ogerpon|Water
|detailschange|p2a: Ogerpon|Ogerpon-Wellspring-Tera, F, tera:Water
|-ability|p2a: Ogerpon|Embody Aspect (Wellspring)|boost
|-boost|p2a: Ogerpon|spd|1
|move|p2a: Ogerpon|Ivy Cudgel|p1a: Kyurem|[anim] Ivy Cudgel Water
|-resisted|p1a: Kyurem
|-damage|p1a: Kyurem|24/100
|move|p1a: Kyurem|Freeze-Dry|p2a: Ogerpon
|-supereffective|p2a: Ogerpon
|-damage|p2a: Ogerpon|26/100
|
|upkeep
|turn|21
|
|t:|1781054963
|move|p2a: Ogerpon|Ivy Cudgel|p1a: Kyurem|[anim] Ivy Cudgel Water
|-resisted|p1a: Kyurem
|-crit|p1a: Kyurem
|-damage|p1a: Kyurem|0 fnt
|faint|p1a: Kyurem
|
|upkeep
|
|t:|1781054969
|switch|p1a: Dragonite|Dragonite, F|100/100
|turn|22
|
|t:|1781054972
|move|p1a: Dragonite|Extreme Speed|p2a: Ogerpon
|-damage|p2a: Ogerpon|0 fnt
|faint|p2a: Ogerpon
|detailschange|p2: Ogerpon|Ogerpon-Wellspring, F|[silent]
|
|upkeep
|
|t:|1781054976
|switch|p2a: Gliscor|Gliscor, F|100/100
|turn|23
|
|t:|1781054980
|switch|p1a: Gyarados|Gyarados, M|100/100
|move|p2a: Gliscor|Swords Dance|p2a: Gliscor
|-boost|p2a: Gliscor|atk|2
|
|-status|p2a: Gliscor|tox|[from] item: Toxic Orb
|upkeep
|turn|24
|
|t:|1781054988
|move|p1a: Gyarados|Waterfall|p2a: Gliscor
|-supereffective|p2a: Gliscor
|-damage|p2a: Gliscor|14/100 tox
|move|p2a: Gliscor|Facade|p1a: Gyarados
|-damage|p1a: Gyarados|3/100
|
|-heal|p2a: Gliscor|27/100 tox|[from] ability: Poison Heal
|upkeep
|turn|25
|
|t:|1781054997
|switch|p1a: Dragonite|Dragonite, F|100/100
|switch|p2a: Zamazenta|Zamazenta|84/100 par
|
|upkeep
|turn|26
|
|t:|1781055003
|move|p1a: Dragonite|Hurricane|p2a: Zamazenta
|-supereffective|p2a: Zamazenta
|-damage|p2a: Zamazenta|25/100 par
|move|p2a: Zamazenta|Ice Fang|p1a: Dragonite|[miss]
|-miss|p2a: Zamazenta|p1a: Dragonite
|
|upkeep
|turn|27
|
|t:|1781055011
|move|p1a: Dragonite|Hurricane|p2a: Zamazenta
|-supereffective|p2a: Zamazenta
|-damage|p2a: Zamazenta|0 fnt
|faint|p2a: Zamazenta
|
|upkeep
|
|t:|1781055014
|switch|p2a: Iron Moth|Iron Moth|100/100
|-enditem|p2a: Iron Moth|Booster Energy
|-activate|p2a: Iron Moth|ability: Quark Drive|[fromitem]
|-start|p2a: Iron Moth|quarkdrivespe
|turn|28
|-message|Davy12345 forfeited.
|
|win|retsewe
|raw|retsewe's rating: 1599 &rarr; <strong>1621</strong><br />(+22 for winning)
|raw|Davy12345's rating: 1629 &rarr; <strong>1607</strong><br />(-22 for losing)
|l|☆Davy12345
|player|p2|
|l|☆retsewe
|player|p1|
