|badge|p1|bronze|gen9ou|100-9
|uhtml|medal-msg|<div class="broadcast-blue">Curious what those medals under the avatar are? PS now has Ladder Seasons! For more information, check out the <a href="https://www.smogon.com/forums/threads/3740067/">thread on Smogon.</a></div>
|badge|p2|bronze|gen9ou|100-9
|uhtml|medal-msg|<div class="broadcast-blue">Curious what those medals under the avatar are? PS now has Ladder Seasons! For more information, check out the <a href="https://www.smogon.com/forums/threads/3740067/">thread on Smogon.</a></div>
|j|☆AnonymousJon
|j|☆Klopple
|t:|1781496852
|gametype|singles
|player|p1|AnonymousJon|workerice|1813
|player|p2|Klopple|sailor|1828
|gen|9
|tier|[Gen 9] OU
|rated|
|rule|HP Percentage Mod: HP is shown in percentages
|rule|Endless Battle Clause: Forcing endless battles is banned
|rule|Species Clause: Limit one of each Pokémon
|rule|OHKO Clause: OHKO moves are banned
|rule|Evasion Items Clause: Evasion items are banned
|rule|Evasion Moves Clause: Evasion moves are banned
|rule|Evasion Abilities Clause: Evasion abilities are banned
|rule|Sleep Moves Clause: Sleep-inducing moves are banned
|clearpoke
|poke|p1|Great Tusk|
|poke|p1|Ogerpon-Cornerstone, F|
|poke|p1|Rillaboom, F|
|poke|p1|Tyranitar, M|
|poke|p1|Corviknight, F|
|poke|p1|Dragapult, F|
|poke|p2|Arboliva, M|
|poke|p2|Gliscor, F|
|poke|p2|Iron Crown|
|poke|p2|Zamazenta-*|
|poke|p2|Hatterene, F|
|poke|p2|Dragonite, F|
|teampreview
|inactive|Battle timer is ON: inactive players will automatically lose when time's up. (requested by AnonymousJon)
|j| euphoricpoptarts
|j| dilf huntr
|j| whimsicotthunter
|
|t:|1781496872
|teamsize|p1|6
|teamsize|p2|6
|start
|switch|p1a: Tyranitar|Tyranitar, M|100/100
|switch|p2a: Iron Crown|Iron Crown|100/100
|-weather|Sandstorm|[from] ability: Sand Stream|[of] p1a: Tyranitar
|turn|1
|
|t:|1781496877
|move|p2a: Iron Crown|Volt Switch|p1a: Tyranitar
|-damage|p1a: Tyranitar|90/100
|
|t:|1781496888
|-end|p2a: Iron Crown|Quark Drive|[silent]
|switch|p2a: Hatterene|Hatterene, F|100/100|[from] Volt Switch
|move|p1a: Tyranitar|Knock Off|p2a: Hatterene
|-damage|p2a: Hatterene|61/100
|-damage|p1a: Tyranitar|74/100|[from] item: Rocky Helmet|[of] p2a: Hatterene
|-enditem|p2a: Hatterene|Rocky Helmet|[from] move: Knock Off|[of] p1a: Tyranitar
|
|-weather|Sandstorm|[upkeep]
|-damage|p2a: Hatterene|55/100|[from] Sandstorm
|-heal|p1a: Tyranitar|80/100|[from] item: Leftovers
|upkeep
|turn|2
|
|t:|1781496900
|switch|p1a: Rillaboom|Rillaboom, F|100/100
|-fieldstart|move: Grassy Terrain|[from] ability: Grassy Surge|[of] p1a: Rillaboom
|move|p2a: Hatterene|Nuzzle|p1a: Rillaboom
|-resisted|p1a: Rillaboom
|-damage|p1a: Rillaboom|98/100
|-status|p1a: Rillaboom|par
|
|-weather|Sandstorm|[upkeep]
|-damage|p1a: Rillaboom|92/100 par|[from] Sandstorm
|-damage|p2a: Hatterene|49/100|[from] Sandstorm
|-heal|p1a: Rillaboom|98/100 par|[from] Grassy Terrain
|-heal|p2a: Hatterene|55/100|[from] Grassy Terrain
|upkeep
|turn|3
|
|t:|1781496919
|switch|p2a: Dragonite|Dragonite, F|100/100
|cant|p1a: Rillaboom|par
|
|-weather|Sandstorm|[upkeep]
|-damage|p2a: Dragonite|94/100|[from] Sandstorm
|-damage|p1a: Rillaboom|92/100 par|[from] Sandstorm
|-heal|p1a: Rillaboom|98/100 par|[from] Grassy Terrain
|upkeep
|turn|4
|
|t:|1781496931
|switch|p2a: Hatterene|Hatterene, F|55/100
|switch|p1a: Ogerpon|Ogerpon-Cornerstone, F|100/100
|
|-weather|Sandstorm|[upkeep]
|-damage|p2a: Hatterene|49/100|[from] Sandstorm
|-heal|p2a: Hatterene|55/100|[from] Grassy Terrain
|upkeep
|turn|5
|
|t:|1781496942
|switch|p1a: Corviknight|Corviknight, F|100/100
|-ability|p1a: Corviknight|Pressure
|move|p2a: Hatterene|Nuzzle|p1a: Corviknight
|-supereffective|p1a: Corviknight
|-damage|p1a: Corviknight|95/100
|-status|p1a: Corviknight|par
|-damage|p2a: Hatterene|38/100|[from] item: Rocky Helmet|[of] p1a: Corviknight
|
|-weather|none
|-heal|p2a: Hatterene|44/100|[from] Grassy Terrain
|upkeep
|turn|6
|
|t:|1781496946
|move|p2a: Hatterene|Pain Split|p1a: Corviknight
|-sethp|p1a: Corviknight|65/100 par|[from] move: Pain Split|[silent]
|-sethp|p2a: Hatterene|82/100|[from] move: Pain Split
|move|p1a: Corviknight|Brave Bird|p2a: Hatterene
|-damage|p2a: Hatterene|53/100
|-damage|p1a: Corviknight|58/100 par|[from] Recoil
|
|-heal|p2a: Hatterene|59/100|[from] Grassy Terrain
|-fieldend|move: Grassy Terrain
|upkeep
|turn|7
|
|t:|1781496953
|move|p2a: Hatterene|Psychic Noise|p1a: Corviknight
|-resisted|p1a: Corviknight
|-damage|p1a: Corviknight|41/100 par
|-start|p1a: Corviknight|move: Heal Block
|move|p1a: Corviknight|U-turn|p2a: Hatterene
|-crit|p2a: Hatterene
|-damage|p2a: Hatterene|41/100
|
|t:|1781496957
|switch|p1a: Ogerpon|Ogerpon-Cornerstone, F|100/100|[from] U-turn
|
|upkeep
|turn|8
|j| Shucklepilled
|
|t:|1781496970
|switch|p2a: Zamazenta|Zamazenta|100/100
|-ability|p2a: Zamazenta|Dauntless Shield|boost
|-boost|p2a: Zamazenta|def|1
|move|p1a: Ogerpon|Ivy Cudgel|p2a: Zamazenta|[anim] Ivy Cudgel Rock
|-resisted|p2a: Zamazenta
|-damage|p2a: Zamazenta|84/100
|
|upkeep
|turn|9
|
|t:|1781496976
|switch|p1a: Corviknight|Corviknight, F|41/100 par
|-ability|p1a: Corviknight|Pressure
|move|p2a: Zamazenta|Crunch|p1a: Corviknight
|-damage|p1a: Corviknight|24/100 par
|-damage|p2a: Zamazenta|68/100|[from] item: Rocky Helmet|[of] p1a: Corviknight
|
|upkeep
|turn|10
|
|t:|1781496981
|switch|p1a: Dragapult|Dragapult, F|100/100
|move|p2a: Zamazenta|Close Combat|p1a: Dragapult
|-immune|p1a: Dragapult
|
|upkeep
|turn|11
|
|t:|1781496985
|switch|p2a: Hatterene|Hatterene, F|41/100
|move|p1a: Dragapult|Substitute|p1a: Dragapult
|-start|p1a: Dragapult|Substitute
|-damage|p1a: Dragapult|76/100
|
|-heal|p1a: Dragapult|82/100|[from] item: Leftovers
|upkeep
|turn|12
|
|t:|1781496993
|move|p1a: Dragapult|Hex|p2a: Hatterene
|-supereffective|p2a: Hatterene
|-damage|p2a: Hatterene|0 fnt
|faint|p2a: Hatterene
|
|-heal|p1a: Dragapult|88/100|[from] item: Leftovers
|upkeep
|
|t:|1781496999
|switch|p2a: Gliscor|Gliscor, F|100/100
|turn|13
|
|t:|1781497002
|move|p2a: Gliscor|Protect|p2a: Gliscor
|-singleturn|p2a: Gliscor|Protect
|move|p1a: Dragapult|Will-O-Wisp|p2a: Gliscor
|-activate|p2a: Gliscor|move: Protect
|
|-heal|p1a: Dragapult|94/100|[from] item: Leftovers
|-status|p2a: Gliscor|tox|[from] item: Toxic Orb
|upkeep
|turn|14
|
|t:|1781497007
|move|p1a: Dragapult|Hex|p2a: Gliscor
|-damage|p2a: Gliscor|52/100 tox
|move|p2a: Gliscor|Knock Off|p1a: Dragapult
|-supereffective|p1a: Dragapult
|-end|p1a: Dragapult|Substitute
|
|-heal|p1a: Dragapult|100/100|[from] item: Leftovers
|-heal|p2a: Gliscor|64/100 tox|[from] ability: Poison Heal
|upkeep
|turn|15
|
|t:|1781497014
|switch|p1a: Ogerpon|Ogerpon-Cornerstone, F|100/100
|move|p2a: Gliscor|Knock Off|p1a: Ogerpon
|-damage|p1a: Ogerpon|83/100
|
|-heal|p2a: Gliscor|77/100 tox|[from] ability: Poison Heal
|upkeep
|turn|16
|
|t:|1781497021
|switch|p2a: Zamazenta|Zamazenta|68/100
|move|p1a: Ogerpon|Horn Leech|p2a: Zamazenta
|-crit|p2a: Zamazenta
|-damage|p2a: Zamazenta|12/100
|-heal|p1a: Ogerpon|100/100|[from] drain|[of] p2a: Zamazenta
|
|upkeep
|turn|17
|
|t:|1781497031
|switch|p2a: Iron Crown|Iron Crown|100/100
|switch|p1a: Corviknight|Corviknight, F|24/100 par
|-ability|p1a: Corviknight|Pressure
|
|upkeep
|turn|18
|
|t:|1781497037
|switch|p1a: Great Tusk|Great Tusk|100/100
|move|p2a: Iron Crown|Volt Switch|p1a: Great Tusk
|-immune|p1a: Great Tusk
|
|upkeep
|turn|19
|
|t:|1781497046
|move|p2a: Iron Crown|Psychic Noise|p1a: Great Tusk
|-supereffective|p1a: Great Tusk
|-damage|p1a: Great Tusk|53/100
|-start|p1a: Great Tusk|move: Heal Block
|move|p1a: Great Tusk|Headlong Rush|p2a: Iron Crown
|-supereffective|p2a: Iron Crown
|-damage|p2a: Iron Crown|0 fnt
|-unboost|p1a: Great Tusk|def|1
|-unboost|p1a: Great Tusk|spd|1
|faint|p2a: Iron Crown
|-end|p2a: Iron Crown|Quark Drive|[silent]
|
|upkeep
|
|t:|1781497063
|switch|p2a: Arboliva|Arboliva, M|100/100
|turn|20
|
|t:|1781497072
|-end|p1a: Great Tusk|Protosynthesis|[silent]
|switch|p1a: Rillaboom|Rillaboom, F|98/100 par
|-fieldstart|move: Grassy Terrain|[from] ability: Grassy Surge|[of] p1a: Rillaboom
|move|p2a: Arboliva|Energy Ball|p1a: Rillaboom
|-resisted|p1a: Rillaboom
|-damage|p1a: Rillaboom|57/100 par
|-unboost|p1a: Rillaboom|spd|1
|
|-heal|p1a: Rillaboom|63/100 par|[from] Grassy Terrain
|upkeep
|turn|21
|
|t:|1781497087
|switch|p1a: Tyranitar|Tyranitar, M|80/100
|-weather|Sandstorm|[from] ability: Sand Stream|[of] p1a: Tyranitar
|move|p2a: Arboliva|Energy Ball|p1a: Tyranitar
|-supereffective|p1a: Tyranitar
|-crit|p1a: Tyranitar
|-damage|p1a: Tyranitar|5/100
|
|-weather|Sandstorm|[upkeep]
|-damage|p2a: Arboliva|94/100|[from] Sandstorm
|-heal|p1a: Tyranitar|11/100|[from] Grassy Terrain
|-heal|p1a: Tyranitar|18/100|[from] item: Leftovers
|-heal|p2a: Arboliva|100/100|[from] Grassy Terrain
|upkeep
|turn|22
|
|t:|1781497096
|move|p1a: Tyranitar|Stealth Rock|p2a: Arboliva
|-sidestart|p2: Klopple|move: Stealth Rock
|move|p2a: Arboliva|Energy Ball|p1a: Tyranitar
|-supereffective|p1a: Tyranitar
|-damage|p1a: Tyranitar|0 fnt
|faint|p1a: Tyranitar
|
|-weather|Sandstorm|[upkeep]
|-damage|p2a: Arboliva|94/100|[from] Sandstorm
|-heal|p2a: Arboliva|100/100|[from] Grassy Terrain
|upkeep
|
|t:|1781497099
|switch|p1a: Rillaboom|Rillaboom, F|63/100 par
|turn|23
|
|t:|1781497110
|move|p1a: Rillaboom|U-turn|p2a: Arboliva
|-supereffective|p2a: Arboliva
|-damage|p2a: Arboliva|19/100
|
|t:|1781497113
|switch|p1a: Corviknight|Corviknight, F|24/100 par|[from] U-turn
|-ability|p1a: Corviknight|Pressure
|move|p2a: Arboliva|Alluring Voice|p1a: Corviknight
|-resisted|p1a: Corviknight
|-damage|p1a: Corviknight|8/100 par
|
|-weather|Sandstorm|[upkeep]
|-damage|p2a: Arboliva|13/100|[from] Sandstorm
|-heal|p2a: Arboliva|19/100|[from] Grassy Terrain
|upkeep
|turn|24
|-enditem|p2a: Arboliva|Custap Berry|[eat]
|-activate|p2a: Arboliva|item: Custap Berry|[consumed]
|
|t:|1781497121
|move|p2a: Arboliva|Alluring Voice|p1a: Corviknight
|-resisted|p1a: Corviknight
|-damage|p1a: Corviknight|0 fnt
|faint|p1a: Corviknight
|
|-weather|Sandstorm|[upkeep]
|-damage|p2a: Arboliva|13/100|[from] Sandstorm
|-heal|p2a: Arboliva|19/100|[from] Grassy Terrain
|-fieldend|move: Grassy Terrain
|upkeep
|j| tonyrayyy
|
|t:|1781497132
|switch|p1a: Ogerpon|Ogerpon-Cornerstone, F|100/100
|turn|25
|
|t:|1781497137
|move|p2a: Arboliva|Endure|p2a: Arboliva
|-singleturn|p2a: Arboliva|move: Endure
|move|p1a: Ogerpon|Ivy Cudgel|p2a: Arboliva|[anim] Ivy Cudgel Rock
|-activate|p2a: Arboliva|move: Endure
|-damage|p2a: Arboliva|1/100
|
|-weather|none
|upkeep
|turn|26
|
|t:|1781497145
|move|p2a: Arboliva|Endure||[still]
|-fail|p2a: Arboliva
|move|p1a: Ogerpon|Ivy Cudgel|p2a: Arboliva|[anim] Ivy Cudgel Rock
|-damage|p2a: Arboliva|0 fnt
|faint|p2a: Arboliva
|
|upkeep
|
|t:|1781497154
|switch|p2a: Zamazenta|Zamazenta|12/100
|-damage|p2a: Zamazenta|6/100|[from] Stealth Rock
|turn|27
|
|t:|1781497157
|switch|p1a: Dragapult|Dragapult, F|100/100
|move|p2a: Zamazenta|Ice Fang|p1a: Dragapult
|-supereffective|p1a: Dragapult
|-damage|p1a: Dragapult|26/100
|
|-heal|p1a: Dragapult|33/100|[from] item: Leftovers
|upkeep
|turn|28
|
|t:|1781497173
|move|p1a: Dragapult|Hex|p2a: Zamazenta
|-damage|p2a: Zamazenta|0 fnt
|faint|p2a: Zamazenta
|
|-heal|p1a: Dragapult|39/100|[from] item: Leftovers
|upkeep
|
|t:|1781497175
|switch|p2a: Gliscor|Gliscor, F|77/100 tox
|-damage|p2a: Gliscor|64/100 tox|[from] Stealth Rock
|turn|29
|
|t:|1781497185
|move|p1a: Dragapult|Hex|p2a: Gliscor
|-damage|p2a: Gliscor|13/100 tox
|move|p2a: Gliscor|Stealth Rock|p1a: Dragapult
|-sidestart|p1: AnonymousJon|move: Stealth Rock
|
|-heal|p1a: Dragapult|45/100|[from] item: Leftovers
|-heal|p2a: Gliscor|26/100 tox|[from] ability: Poison Heal
|upkeep
|turn|30
|
|t:|1781497194
|move|p1a: Dragapult|Hex|p2a: Gliscor
|-damage|p2a: Gliscor|0 fnt
|faint|p2a: Gliscor
|
|-heal|p1a: Dragapult|51/100|[from] item: Leftovers
|upkeep
|
|t:|1781497196
|switch|p2a: Dragonite|Dragonite, F|94/100
|turn|31
|
|t:|1781497203
|move|p1a: Dragapult|Will-O-Wisp|p2a: Dragonite
|-status|p2a: Dragonite|brn
|move|p2a: Dragonite|Dragon Tail|p1a: Dragapult|[miss]
|-miss|p2a: Dragonite|p1a: Dragapult
|
|-heal|p1a: Dragapult|58/100|[from] item: Leftovers
|-damage|p2a: Dragonite|88/100 brn|[from] brn
|upkeep
|turn|32
|
|t:|1781497208
|-terastallize|p2a: Dragonite|Normal
|move|p1a: Dragapult|Dragon Darts|p2a: Dragonite
|-damage|p2a: Dragonite|69/100 brn
|-anim|p1a: Dragapult|Dragon Darts|p2a: Dragonite
|-damage|p2a: Dragonite|51/100 brn
|move|p2a: Dragonite|Dragon Tail|p1a: Dragapult
|-supereffective|p1a: Dragapult
|-damage|p1a: Dragapult|1/100
|drag|p1a: Great Tusk|Great Tusk|53/100
|-damage|p1a: Great Tusk|50/100|[from] Stealth Rock
|
|-damage|p2a: Dragonite|45/100 brn|[from] brn
|upkeep
|turn|33
|
|t:|1781497221
|move|p1a: Great Tusk|Rapid Spin|p2a: Dragonite
|-damage|p2a: Dragonite|31/100 brn
|-boost|p1a: Great Tusk|spe|1
|-sideend|p1: AnonymousJon|Stealth Rock|[from] move: Rapid Spin|[of] p1a: Great Tusk
|move|p2a: Dragonite|Roost|p2a: Dragonite
|-heal|p2a: Dragonite|81/100 brn
|
|-damage|p2a: Dragonite|75/100 brn|[from] brn
|upkeep
|turn|34
|
|t:|1781497228
|move|p1a: Great Tusk|Headlong Rush|p2a: Dragonite
|-damage|p2a: Dragonite|24/100 brn
|-unboost|p1a: Great Tusk|def|1
|-unboost|p1a: Great Tusk|spd|1
|move|p2a: Dragonite|Dragon Tail|p1a: Great Tusk
|-damage|p1a: Great Tusk|32/100
|-end|p1a: Great Tusk|Protosynthesis|[silent]
|drag|p1a: Ogerpon|Ogerpon-Cornerstone, F|100/100
|
|-damage|p2a: Dragonite|18/100 brn|[from] brn
|upkeep
|turn|35
|
|t:|1781497235
|move|p2a: Dragonite|Extreme Speed|p1a: Ogerpon
|-resisted|p1a: Ogerpon
|-damage|p1a: Ogerpon|87/100
|move|p1a: Ogerpon|Ivy Cudgel|p2a: Dragonite|[anim] Ivy Cudgel Rock
|-damage|p2a: Dragonite|0 fnt
|faint|p2a: Dragonite
|
|win|AnonymousJon
|raw|AnonymousJon's rating: 1813 &rarr; <strong>1834</strong><br />(+21 for winning)
|raw|Klopple's rating: 1828 &rarr; <strong>1807</strong><br />(-21 for losing)
|c|☆AnonymousJon|gg
|l|☆Klopple
|player|p2|
|l|☆AnonymousJon
|player|p1|
|l| tonyrayyy
|l| whimsicotthunter
|l| euphoricpoptarts
|l| Shucklepilled
