|j|☆Dragonair bot
|j|☆Aguila74
|t:|1781396315
|gametype|singles
|player|p1|Dragonair bot|parasollady|1571
|player|p2|Aguila74|ethan|1538
|gen|9
|tier|[Gen 9] OU
|rated|
|rule|HP Percentage Mod: HP is shown in percentages
|rule|Endless Battle Clause: Forcing endless battles is banned
|rule|Species Clause: Limit one of each Pokémon
|rule|OHKO Clause: OHKO moves are banned
|rule|Evasion Items Clause: Evasion items are banned
|rule|Evasion Moves Clause: Evasion moves are banned
|rule|Evasion Abilities Clause: Evasion abilities are banned
|rule|Sleep Moves Clause: Sleep-inducing moves are banned
|clearpoke
|poke|p1|Weezing-Galar, M|
|poke|p1|Gliscor, F|
|poke|p1|Blissey, F|
|poke|p1|Corviknight, F|
|poke|p1|Dondozo, F|
|poke|p1|Toxapex, F|
|poke|p2|Dragapult, F|
|poke|p2|Iron Moth|
|poke|p2|Meowscarada, M|
|poke|p2|Iron Treads|
|poke|p2|Primarina, F|
|poke|p2|Conkeldurr, M|
|teampreview
|inactive|Battle timer is ON: inactive players will automatically lose when time's up. (requested by Dragonair bot)
|
|t:|1781396321
|teamsize|p1|6
|teamsize|p2|6
|start
|switch|p1a: Gliscor|Gliscor, F|100/100
|switch|p2a: Conkeldurr|Conkeldurr, M|100/100
|turn|1
|
|t:|1781396327
|move|p1a: Gliscor|Protect|p1a: Gliscor
|-singleturn|p1a: Gliscor|Protect
|move|p2a: Conkeldurr|Knock Off|p1a: Gliscor
|-activate|p1a: Gliscor|move: Protect
|
|-status|p1a: Gliscor|tox|[from] item: Toxic Orb
|upkeep
|turn|2
|
|t:|1781396334
|switch|p1a: Corviknight|Corviknight, F|100/100
|-ability|p1a: Corviknight|Pressure
|move|p2a: Conkeldurr|Ice Punch|p1a: Corviknight
|-damage|p1a: Corviknight|82/100
|
|-heal|p1a: Corviknight|89/100|[from] item: Leftovers
|upkeep
|turn|3
|
|t:|1781396340
|move|p1a: Corviknight|Iron Defense|p1a: Corviknight
|-boost|p1a: Corviknight|def|2
|move|p2a: Conkeldurr|Knock Off|p1a: Corviknight
|-damage|p1a: Corviknight|77/100
|-enditem|p1a: Corviknight|Leftovers|[from] move: Knock Off|[of] p2a: Conkeldurr
|
|upkeep
|turn|4
|
|t:|1781396345
|switch|p2a: Iron Moth|Iron Moth|100/100
|-enditem|p2a: Iron Moth|Booster Energy
|-activate|p2a: Iron Moth|ability: Quark Drive|[fromitem]
|-start|p2a: Iron Moth|quarkdrivespe
|move|p1a: Corviknight|Body Press|p2a: Iron Moth
|-resisted|p2a: Iron Moth
|-damage|p2a: Iron Moth|61/100
|
|upkeep
|turn|5
|
|t:|1781396352
|-end|p2a: Iron Moth|Quark Drive|[silent]
|switch|p2a: Conkeldurr|Conkeldurr, M|100/100
|switch|p1a: Gliscor|Gliscor, F|100/100 tox
|
|upkeep
|turn|6
|
|t:|1781396356
|switch|p1a: Corviknight|Corviknight, F|77/100
|-ability|p1a: Corviknight|Pressure
|move|p2a: Conkeldurr|Ice Punch|p1a: Corviknight
|-damage|p1a: Corviknight|58/100
|-status|p1a: Corviknight|frz
|
|upkeep
|turn|7
|
|t:|1781396363
|cant|p1a: Corviknight|frz
|move|p2a: Conkeldurr|Drain Punch|p1a: Corviknight
|-damage|p1a: Corviknight|30/100 frz
|
|upkeep
|turn|8
|
|t:|1781396368
|cant|p1a: Corviknight|frz
|move|p2a: Conkeldurr|Drain Punch|p1a: Corviknight
|-damage|p1a: Corviknight|2/100 frz
|
|upkeep
|turn|9
|
|t:|1781396373
|move|p2a: Conkeldurr|Mach Punch|p1a: Corviknight
|-damage|p1a: Corviknight|0 fnt
|faint|p1a: Corviknight
|
|upkeep
|
|t:|1781396379
|switch|p1a: Toxapex|Toxapex, F|100/100
|turn|10
|
|t:|1781396384
|move|p2a: Conkeldurr|Knock Off|p1a: Toxapex
|-damage|p1a: Toxapex|74/100
|-enditem|p1a: Toxapex|Covert Cloak|[from] move: Knock Off|[of] p2a: Conkeldurr
|move|p1a: Toxapex|Toxic|p2a: Conkeldurr
|-status|p2a: Conkeldurr|tox
|
|-damage|p2a: Conkeldurr|94/100 tox|[from] psn
|upkeep
|turn|11
|j| Squilliam2g
|
|t:|1781396392
|switch|p2a: Iron Treads|Iron Treads|100/100
|move|p1a: Toxapex|Toxic|p2a: Iron Treads
|-immune|p2a: Iron Treads
|
|upkeep
|turn|12
|
|t:|1781396399
|switch|p1a: Dondozo|Dondozo, F|100/100
|move|p2a: Iron Treads|Stealth Rock|p1a: Dondozo
|-sidestart|p1: Dragonair bot|move: Stealth Rock
|
|upkeep
|turn|13
|
|t:|1781396404
|-end|p2a: Iron Treads|Quark Drive|[silent]
|switch|p2a: Primarina|Primarina, F|100/100
|move|p1a: Dondozo|Waterfall|p2a: Primarina
|-resisted|p2a: Primarina
|-damage|p2a: Primarina|89/100
|
|-heal|p2a: Primarina|95/100|[from] item: Leftovers
|upkeep
|turn|14
|
|t:|1781396408
|switch|p1a: Toxapex|Toxapex, F|100/100
|-damage|p1a: Toxapex|88/100|[from] Stealth Rock
|move|p2a: Primarina|Calm Mind|p2a: Primarina
|-boost|p2a: Primarina|spa|1
|-boost|p2a: Primarina|spd|1
|
|-heal|p2a: Primarina|100/100|[from] item: Leftovers
|upkeep
|turn|15
|
|t:|1781396411
|switch|p2a: Iron Treads|Iron Treads|100/100
|move|p1a: Toxapex|Poison Jab|p2a: Iron Treads
|-immune|p2a: Iron Treads
|
|upkeep
|turn|16
|
|t:|1781396414
|switch|p1a: Dondozo|Dondozo, F|100/100
|-damage|p1a: Dondozo|88/100|[from] Stealth Rock
|move|p2a: Iron Treads|Earthquake|p1a: Dondozo
|-damage|p1a: Dondozo|67/100
|
|-heal|p1a: Dondozo|73/100|[from] item: Leftovers
|upkeep
|turn|17
|
|t:|1781396418
|-end|p2a: Iron Treads|Quark Drive|[silent]
|switch|p2a: Primarina|Primarina, F|100/100
|move|p1a: Dondozo|Waterfall|p2a: Primarina
|-resisted|p2a: Primarina
|-damage|p2a: Primarina|90/100
|
|-heal|p2a: Primarina|96/100|[from] item: Leftovers
|-heal|p1a: Dondozo|80/100|[from] item: Leftovers
|upkeep
|turn|18
|
|t:|1781396423
|switch|p1a: Blissey|Blissey, F|100/100
|-damage|p1a: Blissey|88/100|[from] Stealth Rock
|move|p2a: Primarina|Psychic Noise|p1a: Blissey
|-damage|p1a: Blissey|78/100
|-start|p1a: Blissey|move: Heal Block
|
|-heal|p2a: Primarina|100/100|[from] item: Leftovers
|upkeep
|turn|19
|
|t:|1781396426
|move|p2a: Primarina|Calm Mind|p2a: Primarina
|-boost|p2a: Primarina|spa|1
|-boost|p2a: Primarina|spd|1
|move|p1a: Blissey|Stealth Rock|p2a: Primarina
|-sidestart|p2: Aguila74|move: Stealth Rock
|
|-end|p1a: Blissey|move: Heal Block
|upkeep
|turn|20
|
|t:|1781396433
|move|p2a: Primarina|Psychic Noise|p1a: Blissey
|-damage|p1a: Blissey|64/100
|-start|p1a: Blissey|move: Heal Block
|move|p1a: Blissey|Calm Mind|p1a: Blissey
|-boost|p1a: Blissey|spa|1
|-boost|p1a: Blissey|spd|1
|
|upkeep
|turn|21
|
|t:|1781396437
|move|p2a: Primarina|Calm Mind|p2a: Primarina
|-boost|p2a: Primarina|spa|1
|-boost|p2a: Primarina|spd|1
|move|p1a: Blissey|Seismic Toss|p2a: Primarina
|-damage|p2a: Primarina|73/100
|
|-heal|p2a: Primarina|79/100|[from] item: Leftovers
|-end|p1a: Blissey|move: Heal Block
|upkeep
|turn|22
|
|t:|1781396442
|switch|p1a: Toxapex|Toxapex, F|100/100
|-damage|p1a: Toxapex|88/100|[from] Stealth Rock
|move|p2a: Primarina|Psychic Noise|p1a: Toxapex
|-resisted|p1a: Toxapex
|-damage|p1a: Toxapex|64/100
|-start|p1a: Toxapex|move: Heal Block
|
|-heal|p2a: Primarina|85/100|[from] item: Leftovers
|upkeep
|turn|23
|
|t:|1781396447
|-terastallize|p2a: Primarina|Grass
|move|p2a: Primarina|Energy Ball|p1a: Toxapex
|-damage|p1a: Toxapex|9/100
|move|p1a: Toxapex|Haze|p1a: Toxapex
|-clearallboost
|
|-heal|p2a: Primarina|91/100|[from] item: Leftovers
|-end|p1a: Toxapex|move: Heal Block
|upkeep
|turn|24
|
|t:|1781396454
|switch|p1a: Blissey|Blissey, F|64/100
|-damage|p1a: Blissey|52/100|[from] Stealth Rock
|move|p2a: Primarina|Energy Ball|p1a: Blissey
|-damage|p1a: Blissey|40/100
|
|-heal|p2a: Primarina|97/100|[from] item: Leftovers
|-heal|p1a: Blissey|46/100|[from] item: Leftovers
|upkeep
|turn|25
|
|t:|1781396461
|switch|p1a: Toxapex|Toxapex, F|43/100
|-damage|p1a: Toxapex|31/100|[from] Stealth Rock
|move|p2a: Primarina|Psychic Noise|p1a: Toxapex
|-resisted|p1a: Toxapex
|-damage|p1a: Toxapex|19/100
|-start|p1a: Toxapex|move: Heal Block
|
|-heal|p2a: Primarina|100/100|[from] item: Leftovers
|upkeep
|turn|26
|
|t:|1781396466
|move|p2a: Primarina|Energy Ball|p1a: Toxapex
|-damage|p1a: Toxapex|0 fnt
|faint|p1a: Toxapex
|
|upkeep
|-message|Dragonair bot forfeited.
|
|win|Aguila74
|raw|Dragonair bot's rating: 1571 &rarr; <strong>1549</strong><br />(-22 for losing)
|raw|Aguila74's rating: 1538 &rarr; <strong>1560</strong><br />(+22 for winning)
|l|☆Dragonair bot
|player|p1|
|l|☆Aguila74
|player|p2|
|l| Squilliam2g
