|j|☆Glimpse Man
|j|☆KurisuChestnutOU
|t:|1781126783
|gametype|singles
|player|p1|Glimpse Man|acetrainer-gen4dp|1534
|player|p2|KurisuChestnutOU|may-contest|1575
|gen|9
|tier|[Gen 9] OU
|rated|
|rule|HP Percentage Mod: HP is shown in percentages
|rule|Endless Battle Clause: Forcing endless battles is banned
|rule|Species Clause: Limit one of each Pokémon
|rule|OHKO Clause: OHKO moves are banned
|rule|Evasion Items Clause: Evasion items are banned
|rule|Evasion Moves Clause: Evasion moves are banned
|rule|Evasion Abilities Clause: Evasion abilities are banned
|rule|Sleep Moves Clause: Sleep-inducing moves are banned
|clearpoke
|poke|p1|Great Tusk|
|poke|p1|Samurott-Hisui, F|
|poke|p1|Gholdengo|
|poke|p1|Zamazenta-*|
|poke|p1|Iron Valiant|
|poke|p1|Talonflame, M|
|poke|p2|Hawlucha, F|
|poke|p2|Samurott-Hisui, F|
|poke|p2|Rillaboom, F|
|poke|p2|Gholdengo|
|poke|p2|Kyurem|
|poke|p2|Landorus-Therian, M|
|teampreview
|inactive|Battle timer is ON: inactive players will automatically lose when time's up. (requested by Glimpse Man)
|inactive|KurisuChestnutOU also wants the timer to be on.
|
|t:|1781126813
|teamsize|p1|6
|teamsize|p2|6
|start
|switch|p1a: Talonflame|Talonflame, M|100/100
|switch|p2a: Landorus|Landorus-Therian, M|100/100
|-ability|p2a: Landorus|Intimidate|boost
|-unboost|p1a: Talonflame|atk|1
|turn|1
|
|t:|1781126818
|move|p1a: Talonflame|Will-O-Wisp|p2a: Landorus
|-status|p2a: Landorus|brn
|move|p2a: Landorus|Stealth Rock|p1a: Talonflame
|-sidestart|p1: Glimpse Man|move: Stealth Rock
|
|-damage|p2a: Landorus|94/100 brn|[from] brn
|upkeep
|turn|2
|
|t:|1781126823
|move|p1a: Talonflame|Defog|p2a: Landorus
|-unboost|p2a: Landorus|evasion|1
|-sideend|p1: Glimpse Man|Stealth Rock|[from] move: Defog|[of] p1a: Talonflame
|move|p2a: Landorus|U-turn|p1a: Talonflame
|-resisted|p1a: Talonflame
|-crit|p1a: Talonflame
|-damage|p1a: Talonflame|97/100
|
|t:|1781126827
|switch|p2a: Kyurem|Kyurem|100/100|[from] U-turn
|-ability|p2a: Kyurem|Pressure
|
|upkeep
|turn|3
|
|t:|1781126832
|move|p1a: Talonflame|U-turn|p2a: Kyurem
|-crit|p2a: Kyurem
|-damage|p2a: Kyurem|81/100
|
|t:|1781126833
|switch|p1a: Samurott|Samurott-Hisui, F|100/100|[from] U-turn
|move|p2a: Kyurem|Ice Beam|p1a: Samurott
|-resisted|p1a: Samurott
|-damage|p1a: Samurott|84/100
|
|upkeep
|turn|4
|
|t:|1781126840
|move|p2a: Kyurem|Freeze-Dry|p1a: Samurott
|-supereffective|p1a: Samurott
|-damage|p1a: Samurott|32/100
|move|p1a: Samurott|Ceaseless Edge|p2a: Kyurem
|-crit|p2a: Kyurem
|-damage|p2a: Kyurem|18/100
|-sidestart|p2: KurisuChestnutOU|Spikes
|
|upkeep
|turn|5
|
|t:|1781126846
|move|p2a: Kyurem|Freeze-Dry|p1a: Samurott
|-supereffective|p1a: Samurott
|-damage|p1a: Samurott|0 fnt
|faint|p1a: Samurott
|
|upkeep
|
|t:|1781126849
|switch|p1a: Talonflame|Talonflame, M|97/100
|turn|6
|
|t:|1781126852
|move|p1a: Talonflame|Flamethrower|p2a: Kyurem
|-crit|p2a: Kyurem
|-damage|p2a: Kyurem|0 fnt
|faint|p2a: Kyurem
|
|upkeep
|
|t:|1781126857
|switch|p2a: Gholdengo|Gholdengo|100/100
|-damage|p2a: Gholdengo|88/100|[from] Spikes
|turn|7
|
|t:|1781126863
|move|p2a: Gholdengo|Shadow Ball|p1a: Talonflame
|-crit|p1a: Talonflame
|-damage|p1a: Talonflame|0 fnt
|faint|p1a: Talonflame
|
|upkeep
|
|t:|1781126870
|switch|p1a: Great Tusk|Great Tusk|100/100
|turn|8
|
|t:|1781126874
|switch|p2a: Landorus|Landorus-Therian, M|94/100 brn
|-ability|p2a: Landorus|Intimidate|boost
|-unboost|p1a: Great Tusk|atk|1
|move|p1a: Great Tusk|Ice Spinner|p2a: Landorus
|-supereffective|p2a: Landorus
|-damage|p2a: Landorus|28/100 brn
|-damage|p1a: Great Tusk|84/100|[from] item: Rocky Helmet|[of] p2a: Landorus
|
|-heal|p1a: Great Tusk|90/100|[from] item: Leftovers
|-damage|p2a: Landorus|22/100 brn|[from] brn
|upkeep
|turn|9
|
|t:|1781126882
|move|p2a: Landorus|U-turn|p1a: Great Tusk
|-resisted|p1a: Great Tusk
|-damage|p1a: Great Tusk|86/100
|
|t:|1781126886
|switch|p2a: Gholdengo|Gholdengo|88/100|[from] U-turn
|-damage|p2a: Gholdengo|76/100|[from] Spikes
|move|p1a: Great Tusk|Rapid Spin|p2a: Gholdengo
|-immune|p2a: Gholdengo
|
|-heal|p1a: Great Tusk|92/100|[from] item: Leftovers
|upkeep
|turn|10
|
|t:|1781126891
|switch|p2a: Landorus|Landorus-Therian, M|22/100 brn
|-ability|p2a: Landorus|Intimidate|boost
|-unboost|p1a: Great Tusk|atk|1
|-end|p1a: Great Tusk|Protosynthesis|[silent]
|switch|p1a: Gholdengo|Gholdengo|100/100
|-item|p1a: Gholdengo|Air Balloon
|
|-damage|p2a: Landorus|16/100 brn|[from] brn
|upkeep
|turn|11
|
|t:|1781126896
|move|p2a: Landorus|U-turn|p1a: Gholdengo
|-resisted|p1a: Gholdengo
|-damage|p1a: Gholdengo|98/100
|-enditem|p1a: Gholdengo|Air Balloon
|
|t:|1781126900
|switch|p2a: Samurott|Samurott-Hisui, F|100/100|[from] U-turn
|-damage|p2a: Samurott|88/100|[from] Spikes
|move|p1a: Gholdengo|Shadow Ball|p2a: Samurott
|-resisted|p2a: Samurott
|-damage|p2a: Samurott|73/100
|
|upkeep
|turn|12
|
|t:|1781126905
|switch|p1a: Great Tusk|Great Tusk|92/100
|move|p2a: Samurott|Flip Turn|p1a: Great Tusk
|-supereffective|p1a: Great Tusk
|-damage|p1a: Great Tusk|53/100
|
|t:|1781126910
|switch|p2a: Gholdengo|Gholdengo|76/100|[from] Flip Turn
|-damage|p2a: Gholdengo|63/100|[from] Spikes
|
|-heal|p1a: Great Tusk|59/100|[from] item: Leftovers
|upkeep
|turn|13
|
|t:|1781126915
|-end|p1a: Great Tusk|Protosynthesis|[silent]
|switch|p1a: Gholdengo|Gholdengo|98/100
|move|p2a: Gholdengo|Shadow Ball|p1a: Gholdengo
|-supereffective|p1a: Gholdengo
|-damage|p1a: Gholdengo|0 fnt
|faint|p1a: Gholdengo
|
|upkeep
|
|t:|1781126918
|switch|p1a: Iron Valiant|Iron Valiant|100/100
|-enditem|p1a: Iron Valiant|Booster Energy
|-activate|p1a: Iron Valiant|ability: Quark Drive|[fromitem]
|-start|p1a: Iron Valiant|quarkdrivespe
|turn|14
|
|t:|1781126922
|move|p1a: Iron Valiant|Swords Dance|p1a: Iron Valiant
|-boost|p1a: Iron Valiant|atk|2
|move|p2a: Gholdengo|Shadow Ball|p1a: Iron Valiant
|-damage|p1a: Iron Valiant|24/100
|
|upkeep
|turn|15
|
|t:|1781126925
|switch|p2a: Landorus|Landorus-Therian, M|16/100 brn
|-ability|p2a: Landorus|Intimidate|boost
|-unboost|p1a: Iron Valiant|atk|1
|move|p1a: Iron Valiant|Knock Off|p2a: Landorus
|-damage|p2a: Landorus|0 fnt
|-damage|p1a: Iron Valiant|8/100|[from] item: Rocky Helmet|[of] p2a: Landorus
|-enditem|p2a: Landorus|Rocky Helmet|[from] move: Knock Off|[of] p1a: Iron Valiant
|faint|p2a: Landorus
|
|upkeep
|
|t:|1781126929
|switch|p2a: Rillaboom|Rillaboom, F|100/100
|-damage|p2a: Rillaboom|88/100|[from] Spikes
|-fieldstart|move: Grassy Terrain|[from] ability: Grassy Surge|[of] p2a: Rillaboom
|turn|16
|
|t:|1781126937
|move|p2a: Rillaboom|Grassy Glide|p1a: Iron Valiant
|-crit|p1a: Iron Valiant
|-damage|p1a: Iron Valiant|0 fnt
|faint|p1a: Iron Valiant
|-end|p1a: Iron Valiant|Quark Drive|[silent]
|
|-heal|p2a: Rillaboom|94/100|[from] Grassy Terrain
|upkeep
|
|t:|1781126939
|switch|p1a: Zamazenta|Zamazenta|100/100
|-ability|p1a: Zamazenta|Dauntless Shield|boost
|-boost|p1a: Zamazenta|def|1
|turn|17
|
|t:|1781126944
|switch|p2a: Hawlucha|Hawlucha, F|100/100
|-enditem|p2a: Hawlucha|Grassy Seed
|-boost|p2a: Hawlucha|def|1|[from] item: Grassy Seed
|move|p1a: Zamazenta|Crunch|p2a: Hawlucha
|-resisted|p2a: Hawlucha
|-damage|p2a: Hawlucha|90/100
|
|upkeep
|turn|18
|
|t:|1781126951
|move|p2a: Hawlucha|Swords Dance|p2a: Hawlucha
|-boost|p2a: Hawlucha|atk|2
|move|p1a: Zamazenta|Iron Defense|p1a: Zamazenta
|-boost|p1a: Zamazenta|def|2
|
|upkeep
|turn|19
|
|t:|1781126955
|-terastallize|p1a: Zamazenta|Fire
|move|p2a: Hawlucha|Acrobatics|p1a: Zamazenta
|-damage|p1a: Zamazenta|66/100
|move|p1a: Zamazenta|Body Press|p2a: Hawlucha
|-resisted|p2a: Hawlucha
|-damage|p2a: Hawlucha|56/100
|
|-heal|p1a: Zamazenta|72/100|[from] Grassy Terrain
|-heal|p1a: Zamazenta|78/100|[from] item: Leftovers
|upkeep
|turn|20
|
|t:|1781126959
|move|p2a: Hawlucha|Low Kick|p1a: Zamazenta
|-damage|p1a: Zamazenta|40/100
|move|p1a: Zamazenta|Body Press|p2a: Hawlucha
|-resisted|p2a: Hawlucha
|-crit|p2a: Hawlucha
|-damage|p2a: Hawlucha|0 fnt
|faint|p2a: Hawlucha
|
|-heal|p1a: Zamazenta|46/100|[from] Grassy Terrain
|-heal|p1a: Zamazenta|52/100|[from] item: Leftovers
|-fieldend|move: Grassy Terrain
|upkeep
|
|t:|1781126966
|switch|p2a: Gholdengo|Gholdengo|63/100
|-damage|p2a: Gholdengo|51/100|[from] Spikes
|turn|21
|
|t:|1781126972
|move|p2a: Gholdengo|Shadow Ball|p1a: Zamazenta
|-damage|p1a: Zamazenta|13/100
|move|p1a: Zamazenta|Crunch|p2a: Gholdengo
|-supereffective|p2a: Gholdengo
|-damage|p2a: Gholdengo|0 fnt
|faint|p2a: Gholdengo
|
|-heal|p1a: Zamazenta|19/100|[from] item: Leftovers
|upkeep
|
|t:|1781126975
|switch|p2a: Samurott|Samurott-Hisui, F|73/100
|-damage|p2a: Samurott|60/100|[from] Spikes
|turn|22
|
|t:|1781126979
|move|p1a: Zamazenta|Body Press|p2a: Samurott
|-supereffective|p2a: Samurott
|-damage|p2a: Samurott|0 fnt
|faint|p2a: Samurott
|
|-heal|p1a: Zamazenta|25/100|[from] item: Leftovers
|upkeep
|
|t:|1781126981
|switch|p2a: Rillaboom|Rillaboom, F|94/100
|-damage|p2a: Rillaboom|82/100|[from] Spikes
|-fieldstart|move: Grassy Terrain|[from] ability: Grassy Surge|[of] p2a: Rillaboom
|turn|23
|
|t:|1781126984
|-terastallize|p2a: Rillaboom|Fire
|move|p2a: Rillaboom|Grassy Glide|p1a: Zamazenta
|-resisted|p1a: Zamazenta
|-damage|p1a: Zamazenta|18/100
|move|p1a: Zamazenta|Body Press|p2a: Rillaboom
|-damage|p2a: Rillaboom|0 fnt
|faint|p2a: Rillaboom
|
|win|Glimpse Man
|raw|Glimpse Man's rating: 1534 &rarr; <strong>1556</strong><br />(+22 for winning)
|raw|KurisuChestnutOU's rating: 1566 &rarr; <strong>1544</strong><br />(-22 for losing)
