|j|☆thani3
|j|☆cachowcapow
|t:|1781069284
|gametype|singles
|player|p1|thani3|bugcatcher-gen4dp|1536
|player|p2|cachowcapow|265|1603
|gen|9
|tier|[Gen 9] OU
|rated|
|rule|HP Percentage Mod: HP is shown in percentages
|rule|Endless Battle Clause: Forcing endless battles is banned
|rule|Species Clause: Limit one of each Pokémon
|rule|OHKO Clause: OHKO moves are banned
|rule|Evasion Items Clause: Evasion items are banned
|rule|Evasion Moves Clause: Evasion moves are banned
|rule|Evasion Abilities Clause: Evasion abilities are banned
|rule|Sleep Moves Clause: Sleep-inducing moves are banned
|clearpoke
|poke|p1|Tyranitar, M|
|poke|p1|Excadrill, M|
|poke|p1|Iron Valiant|
|poke|p1|Zapdos|
|poke|p1|Ogerpon, F|
|poke|p1|Toxapex, M|
|poke|p2|Meowscarada, F|
|poke|p2|Slowking-Galar, M|
|poke|p2|Zapdos|
|poke|p2|Alomomola, M|
|poke|p2|Great Tusk|
|poke|p2|Cetitan, M|
|teampreview
|
|t:|1781069293
|teamsize|p1|6
|teamsize|p2|6
|start
|switch|p1a: Tyranitar|Tyranitar, M, shiny|100/100
|switch|p2a: Meowscarada|Meowscarada, F|100/100
|-weather|Sandstorm|[from] ability: Sand Stream|[of] p1a: Tyranitar
|turn|1
|
|t:|1781069299
|move|p2a: Meowscarada|Power Gem|p1a: Tyranitar
|-start|p2a: Meowscarada|typechange|Rock|[from] ability: Protean
|-damage|p1a: Tyranitar|70/100
|move|p1a: Tyranitar|Ice Punch|p2a: Meowscarada
|-damage|p2a: Meowscarada|57/100
|
|-weather|Sandstorm|[upkeep]
|upkeep
|turn|2
|
|t:|1781069304
|switch|p2a: Alomomola|Alomomola, M|100/100
|move|p1a: Tyranitar|Knock Off|p2a: Alomomola
|-damage|p2a: Alomomola|61/100
|-enditem|p2a: Alomomola|Heavy-Duty Boots|[from] move: Knock Off|[of] p1a: Tyranitar
|
|-weather|Sandstorm|[upkeep]
|-damage|p2a: Alomomola|55/100|[from] Sandstorm
|upkeep
|turn|3
|
|t:|1781069308
|switch|p2a: Great Tusk|Great Tusk|100/100
|move|p1a: Tyranitar|Stealth Rock|p2a: Great Tusk
|-sidestart|p2: cachowcapow|move: Stealth Rock
|
|-weather|Sandstorm|[upkeep]
|upkeep
|turn|4
|
|t:|1781069315
|switch|p1a: Zapdos|Zapdos, shiny|100/100
|move|p2a: Great Tusk|Rapid Spin|p1a: Zapdos
|-damage|p1a: Zapdos|79/100
|-boost|p2a: Great Tusk|spe|1
|-sideend|p2: cachowcapow|Stealth Rock|[from] move: Rapid Spin|[of] p2a: Great Tusk
|
|-weather|Sandstorm|[upkeep]
|-damage|p1a: Zapdos|73/100|[from] Sandstorm
|upkeep
|turn|5
|
|t:|1781069318
|-end|p2a: Great Tusk|Protosynthesis|[silent]
|switch|p2a: Slowking|Slowking-Galar, M|100/100
|move|p1a: Zapdos|Hurricane|p2a: Slowking
|-damage|p2a: Slowking|64/100
|
|-weather|Sandstorm|[upkeep]
|-damage|p1a: Zapdos|67/100|[from] Sandstorm
|-damage|p2a: Slowking|58/100|[from] Sandstorm
|upkeep
|turn|6
|
|t:|1781069321
|move|p1a: Zapdos|Volt Switch|p2a: Slowking
|-damage|p2a: Slowking|35/100
|
|t:|1781069325
|switch|p1a: Tyranitar|Tyranitar, M, shiny|70/100|[from] Volt Switch
|-prepare|p2a: Slowking|Chilly Reception|[premajor]
|move|p2a: Slowking|Chilly Reception|p2a: Slowking
|-weather|Snowscape
|
|t:|1781069338
|switch|p2a: Alomomola|Alomomola, M|89/100|[from] Chilly Reception
|
|-weather|Snowscape|[upkeep]
|upkeep
|turn|7
|
|t:|1781069342
|move|p1a: Tyranitar|Stealth Rock|p2a: Alomomola
|-sidestart|p2: cachowcapow|move: Stealth Rock
|move|p2a: Alomomola|Flip Turn|p1a: Tyranitar
|-supereffective|p1a: Tyranitar
|-damage|p1a: Tyranitar|42/100
|
|t:|1781069346
|switch|p2a: Great Tusk|Great Tusk|100/100|[from] Flip Turn
|
|-weather|Snowscape|[upkeep]
|upkeep
|turn|8
|
|t:|1781069355
|-end|p2a: Great Tusk|Protosynthesis|[silent]
|switch|p2a: Slowking|Slowking-Galar, M|68/100
|-damage|p2a: Slowking|56/100|[from] Stealth Rock
|switch|p1a: Zapdos|Zapdos, shiny|67/100
|
|-weather|Snowscape|[upkeep]
|upkeep
|turn|9
|
|t:|1781069368
|move|p1a: Zapdos|Volt Switch|p2a: Slowking
|-damage|p2a: Slowking|35/100
|
|t:|1781069372
|switch|p1a: Toxapex|Toxapex, M, shiny|100/100|[from] Volt Switch
|-prepare|p2a: Slowking|Chilly Reception|[premajor]
|move|p2a: Slowking|Chilly Reception|p2a: Slowking
|
|t:|1781069380
|switch|p2a: Zapdos|Zapdos|100/100|[from] Chilly Reception
|-ability|p2a: Zapdos|Pressure
|
|-weather|Snowscape|[upkeep]
|upkeep
|turn|10
|
|t:|1781069384
|move|p2a: Zapdos|Volt Switch|p1a: Toxapex
|-supereffective|p1a: Toxapex
|-damage|p1a: Toxapex|54/100
|-enditem|p1a: Toxapex|Eject Button
|
|t:|1781069388
|switch|p1a: Tyranitar|Tyranitar, M, shiny|42/100
|-weather|Sandstorm|[from] ability: Sand Stream|[of] p1a: Tyranitar
|
|-weather|Sandstorm|[upkeep]
|-damage|p2a: Zapdos|94/100|[from] Sandstorm
|upkeep
|turn|11
|
|t:|1781069393
|switch|p2a: Alomomola|Alomomola, M|100/100
|-damage|p2a: Alomomola|88/100|[from] Stealth Rock
|move|p1a: Tyranitar|Knock Off|p2a: Alomomola
|-damage|p2a: Alomomola|59/100
|
|-weather|Sandstorm|[upkeep]
|-damage|p2a: Alomomola|53/100|[from] Sandstorm
|upkeep
|turn|12
|
|t:|1781069403
|switch|p1a: Zapdos|Zapdos, shiny|67/100
|move|p2a: Alomomola|Flip Turn|p1a: Zapdos
|-crit|p1a: Zapdos
|-damage|p1a: Zapdos|35/100
|
|t:|1781069411
|switch|p2a: Zapdos|Zapdos|94/100|[from] Flip Turn
|-ability|p2a: Zapdos|Pressure
|
|-weather|Sandstorm|[upkeep]
|-damage|p2a: Zapdos|88/100|[from] Sandstorm
|-damage|p1a: Zapdos|29/100|[from] Sandstorm
|upkeep
|turn|13
|
|t:|1781069414
|move|p1a: Zapdos|Weather Ball|p2a: Zapdos
|-supereffective|p2a: Zapdos
|-damage|p2a: Zapdos|16/100
|move|p2a: Zapdos|Weather Ball|p1a: Zapdos
|-supereffective|p1a: Zapdos
|-damage|p1a: Zapdos|0 fnt
|faint|p1a: Zapdos
|
|-weather|Sandstorm|[upkeep]
|-damage|p2a: Zapdos|10/100|[from] Sandstorm
|upkeep
|
|t:|1781069418
|switch|p1a: Excadrill|Excadrill, M, shiny|100/100
|turn|14
|
|t:|1781069425
|switch|p2a: Great Tusk|Great Tusk|100/100
|move|p1a: Excadrill|Substitute|p1a: Excadrill
|-start|p1a: Excadrill|Substitute
|-damage|p1a: Excadrill|76/100
|
|-weather|Sandstorm|[upkeep]
|-heal|p1a: Excadrill|82/100|[from] item: Leftovers
|upkeep
|turn|15
|
|t:|1781069435
|-terastallize|p1a: Excadrill|Ground
|move|p1a: Excadrill|Earthquake|p2a: Great Tusk
|-damage|p2a: Great Tusk|38/100
|move|p2a: Great Tusk|Rapid Spin|p1a: Excadrill
|-end|p1a: Excadrill|Substitute
|-sideend|p2: cachowcapow|Stealth Rock|[from] move: Rapid Spin|[of] p2a: Great Tusk
|-boost|p2a: Great Tusk|spe|1
|
|-weather|Sandstorm|[upkeep]
|-heal|p1a: Excadrill|88/100|[from] item: Leftovers
|upkeep
|turn|16
|
|t:|1781069447
|move|p1a: Excadrill|Earthquake|p2a: Great Tusk
|-damage|p2a: Great Tusk|0 fnt
|faint|p2a: Great Tusk
|-end|p2a: Great Tusk|Protosynthesis|[silent]
|
|-weather|Sandstorm|[upkeep]
|-heal|p1a: Excadrill|94/100|[from] item: Leftovers
|upkeep
|
|t:|1781069449
|switch|p2a: Alomomola|Alomomola, M|87/100
|turn|17
|
|t:|1781069452
|move|p1a: Excadrill|Earthquake|p2a: Alomomola
|-damage|p2a: Alomomola|31/100
|move|p2a: Alomomola|Flip Turn|p1a: Excadrill
|-supereffective|p1a: Excadrill
|-damage|p1a: Excadrill|49/100
|
|t:|1781069462
|switch|p2a: Meowscarada|Meowscarada, F|57/100|[from] Flip Turn
|
|-weather|none
|-heal|p1a: Excadrill|55/100|[from] item: Leftovers
|upkeep
|turn|18
|
|t:|1781069465
|move|p2a: Meowscarada|Grass Knot|p1a: Excadrill
|-start|p2a: Meowscarada|typechange|Grass|[from] ability: Protean
|-supereffective|p1a: Excadrill
|-damage|p1a: Excadrill|0 fnt
|faint|p1a: Excadrill
|
|upkeep
|
|t:|1781069470
|switch|p1a: Ogerpon|Ogerpon, F|100/100
|turn|19
|
|t:|1781069474
|switch|p2a: Slowking|Slowking-Galar, M|68/100
|move|p1a: Ogerpon|Rock Tomb|p2a: Slowking
|-damage|p2a: Slowking|38/100
|-unboost|p2a: Slowking|spe|1
|
|upkeep
|turn|20
|
|t:|1781069478
|switch|p1a: Tyranitar|Tyranitar, M, shiny|42/100
|-weather|Sandstorm|[from] ability: Sand Stream|[of] p1a: Tyranitar
|-prepare|p2a: Slowking|Chilly Reception|[premajor]
|move|p2a: Slowking|Chilly Reception|p2a: Slowking
|-weather|Snowscape
|
|t:|1781069484
|switch|p2a: Cetitan|Cetitan, M|100/100|[from] Chilly Reception
|
|-weather|Snowscape|[upkeep]
|upkeep
|turn|21
|
|t:|1781069492
|switch|p1a: Toxapex|Toxapex, M, shiny|88/100
|move|p2a: Cetitan|Earthquake|p1a: Toxapex
|-supereffective|p1a: Toxapex
|-damage|p1a: Toxapex|45/100
|
|-weather|Snowscape|[upkeep]
|upkeep
|turn|22
|
|t:|1781069497
|-terastallize|p2a: Cetitan|Ground
|move|p2a: Cetitan|Earthquake|p1a: Toxapex
|-supereffective|p1a: Toxapex
|-damage|p1a: Toxapex|0 fnt
|faint|p1a: Toxapex
|
|-weather|Snowscape|[upkeep]
|upkeep
|
|t:|1781069503
|switch|p1a: Tyranitar|Tyranitar, M, shiny|42/100
|-weather|Sandstorm|[from] ability: Sand Stream|[of] p1a: Tyranitar
|turn|23
|
|t:|1781069510
|move|p2a: Cetitan|Earthquake|p1a: Tyranitar
|-supereffective|p1a: Tyranitar
|-damage|p1a: Tyranitar|0 fnt
|faint|p1a: Tyranitar
|
|-weather|Sandstorm|[upkeep]
|upkeep
|
|t:|1781069512
|switch|p1a: Ogerpon|Ogerpon, F|100/100
|turn|24
|
|t:|1781069514
|switch|p2a: Zapdos|Zapdos|10/100
|-ability|p2a: Zapdos|Pressure
|move|p1a: Ogerpon|Ivy Cudgel|p2a: Zapdos
|-resisted|p2a: Zapdos
|-damage|p2a: Zapdos|0 fnt
|faint|p2a: Zapdos
|
|-weather|Sandstorm|[upkeep]
|-damage|p1a: Ogerpon|95/100|[from] Sandstorm
|upkeep
|
|t:|1781069517
|switch|p2a: Slowking|Slowking-Galar, M|71/100
|turn|25
|
|t:|1781069523
|move|p1a: Ogerpon|Ivy Cudgel|p2a: Slowking
|-resisted|p2a: Slowking
|-damage|p2a: Slowking|37/100
|-prepare|p2a: Slowking|Chilly Reception|[premajor]
|move|p2a: Slowking|Chilly Reception|p2a: Slowking
|-weather|Snowscape
|
|t:|1781069528
|switch|p2a: Cetitan|Cetitan, M, tera:Ground|100/100|[from] Chilly Reception
|
|-weather|Snowscape|[upkeep]
|upkeep
|turn|26
|
|t:|1781069531
|move|p2a: Cetitan|Icicle Spear|p1a: Ogerpon
|-supereffective|p1a: Ogerpon
|-damage|p1a: Ogerpon|62/100
|-supereffective|p1a: Ogerpon
|-damage|p1a: Ogerpon|27/100
|-supereffective|p1a: Ogerpon
|-damage|p1a: Ogerpon|0 fnt
|faint|p1a: Ogerpon
|-hitcount|p1: Ogerpon|3
|
|-weather|Snowscape|[upkeep]
|upkeep
|
|t:|1781069533
|switch|p1a: Iron Valiant|Iron Valiant, shiny|100/100
|turn|27
|
|t:|1781069536
|move|p2a: Cetitan|Earthquake|p1a: Iron Valiant
|-damage|p1a: Iron Valiant|39/100
|move|p1a: Iron Valiant|Moonblast|p2a: Cetitan
|-damage|p2a: Cetitan|16/100
|-unboost|p2a: Cetitan|spa|1
|
|-weather|Snowscape|[upkeep]
|upkeep
|turn|28
|
|t:|1781069540
|move|p2a: Cetitan|Earthquake|p1a: Iron Valiant
|-damage|p1a: Iron Valiant|0 fnt
|faint|p1a: Iron Valiant
|-end|p1a: Iron Valiant|Quark Drive|[silent]
|
|win|cachowcapow
|raw|thani3's rating: 1536 &rarr; <strong>1520</strong><br />(-16 for losing)
|raw|cachowcapow's rating: 1603 &rarr; <strong>1619</strong><br />(+16 for winning)
|l|☆thani3
|player|p1|
|l|☆cachowcapow
|player|p2|
