|badge|p2|bronze|gen9randombattle|100-9
|badge|p2|bronze|gen9ru|100-9
|uhtml|medal-msg|<div class="broadcast-blue">Curious what those medals under the avatar are? PS now has Ladder Seasons! For more information, check out the <a href="https://www.smogon.com/forums/threads/3740067/">thread on Smogon.</a></div>
|j|☆The Pokemon Place
|j|☆phantasmiccat
|t:|1781115727
|gametype|singles
|player|p1|The Pokemon Place|266|1655
|player|p2|phantasmiccat|miku-grass|1595
|gen|9
|tier|[Gen 9] OU
|rated|
|rule|HP Percentage Mod: HP is shown in percentages
|rule|Endless Battle Clause: Forcing endless battles is banned
|rule|Species Clause: Limit one of each Pokémon
|rule|OHKO Clause: OHKO moves are banned
|rule|Evasion Items Clause: Evasion items are banned
|rule|Evasion Moves Clause: Evasion moves are banned
|rule|Evasion Abilities Clause: Evasion abilities are banned
|rule|Sleep Moves Clause: Sleep-inducing moves are banned
|clearpoke
|poke|p1|Garganacl, F|
|poke|p1|Hatterene, F|
|poke|p1|Iron Treads|
|poke|p1|Tornadus-Therian, M|
|poke|p1|Zamazenta-*|
|poke|p1|Kyurem|
|poke|p2|Meowscarada, F|
|poke|p2|Pecharunt|
|poke|p2|Enamorus, F|
|poke|p2|Iron Treads|
|poke|p2|Skarmory, M|
|poke|p2|Slowking, M|
|teampreview
|inactive|Battle timer is ON: inactive players will automatically lose when time's up. (requested by The Pokemon Place)
|
|t:|1781115748
|teamsize|p1|6
|teamsize|p2|6
|start
|switch|p1a: Kyurem|Kyurem|100/100
|switch|p2a: Meowscarada|Meowscarada, F|100/100
|-ability|p1a: Kyurem|Pressure
|turn|1
|
|t:|1781115767
|move|p1a: Kyurem|Protect|p1a: Kyurem
|-singleturn|p1a: Kyurem|Protect
|move|p2a: Meowscarada|U-turn|p1a: Kyurem
|-start|p2a: Meowscarada|typechange|Bug|[from] ability: Protean
|-activate|p1a: Kyurem|move: Protect
|
|upkeep
|turn|2
|
|t:|1781115770
|move|p2a: Meowscarada|U-turn|p1a: Kyurem
|-damage|p1a: Kyurem|55/100
|
|t:|1781115773
|switch|p2a: Iron Treads|Iron Treads|100/100|[from] U-turn
|move|p1a: Kyurem|Freeze-Dry|p2a: Iron Treads
|-damage|p2a: Iron Treads|72/100
|
|-heal|p1a: Kyurem|61/100|[from] item: Leftovers
|-heal|p2a: Iron Treads|78/100|[from] item: Leftovers
|upkeep
|turn|3
|
|t:|1781115776
|move|p1a: Kyurem|Earth Power|p2a: Iron Treads
|-supereffective|p2a: Iron Treads
|-damage|p2a: Iron Treads|25/100
|move|p2a: Iron Treads|Stealth Rock|p1a: Kyurem
|-sidestart|p1: The Pokemon Place|move: Stealth Rock
|
|-heal|p1a: Kyurem|68/100|[from] item: Leftovers
|-heal|p2a: Iron Treads|31/100|[from] item: Leftovers
|upkeep
|turn|4
|
|t:|1781115786
|-end|p2a: Iron Treads|Quark Drive|[silent]
|switch|p2a: Slowking|Slowking, M|100/100
|move|p1a: Kyurem|Earth Power|p2a: Slowking
|-damage|p2a: Slowking|87/100
|
|-heal|p1a: Kyurem|74/100|[from] item: Leftovers
|upkeep
|turn|5
|
|t:|1781115791
|move|p1a: Kyurem|Substitute|p1a: Kyurem
|-start|p1a: Kyurem|Substitute
|-damage|p1a: Kyurem|49/100
|move|p2a: Slowking|Future Sight|p1a: Kyurem
|-start|p2a: Slowking|move: Future Sight
|
|-heal|p1a: Kyurem|55/100|[from] item: Leftovers
|upkeep
|turn|6
|
|t:|1781115793
|move|p1a: Kyurem|Freeze-Dry|p2a: Slowking
|-supereffective|p2a: Slowking
|-damage|p2a: Slowking|52/100
|move|p2a: Slowking|Psyshock|p1a: Kyurem
|-end|p1a: Kyurem|Substitute
|
|-heal|p1a: Kyurem|61/100|[from] item: Leftovers
|upkeep
|turn|7
|
|t:|1781115796
|move|p1a: Kyurem|Freeze-Dry|p2a: Slowking
|-supereffective|p2a: Slowking
|-damage|p2a: Slowking|18/100
|move|p2a: Slowking|Psyshock|p1a: Kyurem
|-damage|p1a: Kyurem|31/100
|
|-end|p1a: Kyurem|move: Future Sight
|-damage|p1a: Kyurem|0 fnt
|faint|p1a: Kyurem
|upkeep
|
|t:|1781115800
|switch|p1a: Iron Treads|Iron Treads|100/100
|-damage|p1a: Iron Treads|98/100|[from] Stealth Rock
|turn|8
|
|t:|1781115804
|switch|p2a: Pecharunt|Pecharunt|100/100
|move|p1a: Iron Treads|Stealth Rock|p2a: Pecharunt
|-sidestart|p2: phantasmiccat|move: Stealth Rock
|
|-heal|p1a: Iron Treads|100/100|[from] item: Leftovers
|upkeep
|turn|9
|
|t:|1781115821
|move|p1a: Iron Treads|Knock Off|p2a: Pecharunt
|-supereffective|p2a: Pecharunt
|-damage|p2a: Pecharunt|76/100
|-damage|p1a: Iron Treads|84/100|[from] item: Rocky Helmet|[of] p2a: Pecharunt
|-enditem|p2a: Pecharunt|Rocky Helmet|[from] move: Knock Off|[of] p1a: Iron Treads
|move|p2a: Pecharunt|Parting Shot|p1a: Iron Treads
|-unboost|p1a: Iron Treads|atk|1
|-unboost|p1a: Iron Treads|spa|1
|
|t:|1781115839
|switch|p2a: Meowscarada|Meowscarada, F|100/100|[from] Parting Shot
|-damage|p2a: Meowscarada|88/100|[from] Stealth Rock
|
|-heal|p1a: Iron Treads|90/100|[from] item: Leftovers
|upkeep
|turn|10
|
|t:|1781115846
|move|p2a: Meowscarada|Triple Axel|p1a: Iron Treads
|-start|p2a: Meowscarada|typechange|Ice|[from] ability: Protean
|-damage|p1a: Iron Treads|79/100
|-damage|p1a: Iron Treads|59/100
|-damage|p1a: Iron Treads|27/100
|-hitcount|p1a: Iron Treads|3
|move|p1a: Iron Treads|Rapid Spin|p2a: Meowscarada
|-damage|p2a: Meowscarada|75/100
|-boost|p1a: Iron Treads|spe|1
|-sideend|p1: The Pokemon Place|Stealth Rock|[from] move: Rapid Spin|[of] p1a: Iron Treads
|
|-heal|p1a: Iron Treads|33/100|[from] item: Leftovers
|upkeep
|turn|11
|
|t:|1781115851
|-end|p1a: Iron Treads|Quark Drive|[silent]
|switch|p1a: Hatterene|Hatterene, F|100/100
|switch|p2a: Pecharunt|Pecharunt|76/100
|-damage|p2a: Pecharunt|64/100|[from] Stealth Rock
|
|upkeep
|turn|12
|
|t:|1781115857
|switch|p1a: Iron Treads|Iron Treads|33/100
|move|p2a: Pecharunt|Foul Play|p1a: Iron Treads
|-damage|p1a: Iron Treads|13/100
|
|-heal|p1a: Iron Treads|19/100|[from] item: Leftovers
|upkeep
|turn|13
|
|t:|1781115859
|move|p1a: Iron Treads|Earthquake|p2a: Pecharunt
|-supereffective|p2a: Pecharunt
|-damage|p2a: Pecharunt|31/100
|move|p2a: Pecharunt|Foul Play|p1a: Iron Treads
|-damage|p1a: Iron Treads|0 fnt
|faint|p1a: Iron Treads
|-end|p1a: Iron Treads|Quark Drive|[silent]
|
|upkeep
|
|t:|1781115863
|switch|p1a: Tornadus|Tornadus-Therian, M|100/100
|turn|14
|
|t:|1781115867
|switch|p2a: Slowking|Slowking, M|51/100
|-damage|p2a: Slowking|39/100|[from] Stealth Rock
|move|p1a: Tornadus|Dark Pulse|p2a: Slowking
|-supereffective|p2a: Slowking
|-damage|p2a: Slowking|7/100
|-damage|p1a: Tornadus|91/100|[from] item: Life Orb
|
|upkeep
|turn|15
|
|t:|1781115887
|move|p1a: Tornadus|Dark Pulse|p2a: Slowking
|-supereffective|p2a: Slowking
|-damage|p2a: Slowking|0 fnt
|faint|p2a: Slowking
|-damage|p1a: Tornadus|81/100|[from] item: Life Orb
|
|upkeep
|
|t:|1781115892
|switch|p2a: Meowscarada|Meowscarada, F|75/100
|-damage|p2a: Meowscarada|63/100|[from] Stealth Rock
|turn|16
|
|t:|1781115894
|switch|p1a: Hatterene|Hatterene, F|100/100
|move|p2a: Meowscarada|Triple Axel|p1a: Hatterene
|-start|p2a: Meowscarada|typechange|Ice|[from] ability: Protean
|-damage|p1a: Hatterene|89/100
|-damage|p2a: Meowscarada|46/100|[from] item: Rocky Helmet|[of] p1a: Hatterene
|-hitcount|p1a: Hatterene|1
|
|upkeep
|turn|17
|
|t:|1781115907
|switch|p2a: Iron Treads|Iron Treads|31/100
|-damage|p2a: Iron Treads|28/100|[from] Stealth Rock
|move|p1a: Hatterene|Psychic Noise|p2a: Iron Treads
|-resisted|p2a: Iron Treads
|-damage|p2a: Iron Treads|14/100
|-start|p2a: Iron Treads|move: Heal Block
|
|upkeep
|turn|18
|
|t:|1781115910
|move|p2a: Iron Treads|Rapid Spin|p1a: Hatterene
|-damage|p1a: Hatterene|79/100
|-boost|p2a: Iron Treads|spe|1
|-damage|p2a: Iron Treads|0 fnt|[from] item: Rocky Helmet|[of] p1a: Hatterene
|faint|p2a: Iron Treads
|-end|p2a: Iron Treads|Quark Drive|[silent]
|move|p1a: Hatterene|Psychic Noise|p2: Iron Treads|[notarget]
|-fail|p1a: Hatterene
|
|upkeep
|
|t:|1781115916
|switch|p2a: Pecharunt|Pecharunt|31/100
|-damage|p2a: Pecharunt|18/100|[from] Stealth Rock
|turn|19
|
|t:|1781115918
|move|p2a: Pecharunt|Recover|p2a: Pecharunt
|-heal|p2a: Pecharunt|68/100
|move|p1a: Hatterene|Psychic Noise|p2a: Pecharunt
|-supereffective|p2a: Pecharunt
|-damage|p2a: Pecharunt|0 fnt
|faint|p2a: Pecharunt
|
|upkeep
|
|t:|1781115924
|switch|p2a: Meowscarada|Meowscarada, F|46/100
|-damage|p2a: Meowscarada|34/100|[from] Stealth Rock
|turn|20
|
|t:|1781115929
|move|p2a: Meowscarada|Flower Trick|p1a: Hatterene
|-start|p2a: Meowscarada|typechange|Grass|[from] ability: Protean
|-crit|p1a: Hatterene
|-damage|p1a: Hatterene|17/100
|move|p1a: Hatterene|Draining Kiss|p2a: Meowscarada
|-damage|p2a: Meowscarada|0 fnt
|-heal|p1a: Hatterene|41/100|[from] drain|[of] p2a: Meowscarada
|faint|p2a: Meowscarada
|
|upkeep
|
|t:|1781115931
|switch|p2a: Enamorus|Enamorus, F|100/100
|-damage|p2a: Enamorus|76/100|[from] Stealth Rock
|turn|21
|
|t:|1781115933
|switch|p1a: Tornadus|Tornadus-Therian, M|100/100
|move|p2a: Enamorus|Moonblast|p1a: Tornadus
|-damage|p1a: Tornadus|26/100
|-unboost|p1a: Tornadus|spa|1
|
|upkeep
|turn|22
|
|t:|1781115936
|move|p2a: Enamorus|Moonblast|p1a: Tornadus
|-damage|p1a: Tornadus|0 fnt
|faint|p1a: Tornadus
|
|upkeep
|
|t:|1781115937
|switch|p1a: Garganacl|Garganacl, F|100/100
|turn|23
|
|t:|1781115940
|switch|p2a: Skarmory|Skarmory, M|100/100
|-damage|p2a: Skarmory|88/100|[from] Stealth Rock
|move|p1a: Garganacl|Salt Cure|p2a: Skarmory
|-damage|p2a: Skarmory|80/100
|
|upkeep
|turn|24
|
|t:|1781115953
|switch|p1a: Zamazenta|Zamazenta|100/100
|-ability|p1a: Zamazenta|Dauntless Shield|boost
|-boost|p1a: Zamazenta|def|1
|move|p2a: Skarmory|Iron Defense|p2a: Skarmory
|-boost|p2a: Skarmory|def|2
|
|upkeep
|turn|25
|
|t:|1781115963
|move|p2a: Skarmory|Iron Defense|p2a: Skarmory
|-boost|p2a: Skarmory|def|2
|move|p1a: Zamazenta|Roar|p2a: Skarmory
|drag|p2a: Enamorus|Enamorus, F|76/100
|-damage|p2a: Enamorus|51/100|[from] Stealth Rock
|
|upkeep
|turn|26
|
|t:|1781115969
|switch|p2a: Skarmory|Skarmory, M|80/100
|-damage|p2a: Skarmory|67/100|[from] Stealth Rock
|-terastallize|p1a: Zamazenta|Fire
|move|p1a: Zamazenta|Crunch|p2a: Skarmory
|-damage|p2a: Skarmory|54/100
|
|upkeep
|turn|27
|
|t:|1781115974
|move|p2a: Skarmory|Roost|p2a: Skarmory
|-heal|p2a: Skarmory|100/100
|-singleturn|p2a: Skarmory|move: Roost
|move|p1a: Zamazenta|Roar|p2a: Skarmory
|drag|p2a: Enamorus|Enamorus, F|51/100
|-damage|p2a: Enamorus|26/100|[from] Stealth Rock
|
|upkeep
|turn|28
|
|t:|1781115977
|move|p2a: Enamorus|Earth Power|p1a: Zamazenta
|-supereffective|p1a: Zamazenta
|-damage|p1a: Zamazenta|38/100
|move|p1a: Zamazenta|Crunch|p2a: Enamorus
|-resisted|p2a: Enamorus
|-damage|p2a: Enamorus|10/100
|-boost|p2a: Enamorus|def|1
|
|-heal|p1a: Zamazenta|44/100|[from] item: Leftovers
|upkeep
|turn|29
|
|t:|1781115983
|move|p2a: Enamorus|Earth Power|p1a: Zamazenta
|-supereffective|p1a: Zamazenta
|-damage|p1a: Zamazenta|0 fnt
|faint|p1a: Zamazenta
|
|upkeep
|
|t:|1781115984
|switch|p1a: Garganacl|Garganacl, F|100/100
|turn|30
|
|t:|1781115986
|move|p2a: Enamorus|Earth Power|p1a: Garganacl
|-supereffective|p1a: Garganacl
|-damage|p1a: Garganacl|54/100
|move|p1a: Garganacl|Salt Cure|p2a: Enamorus
|-supereffective|p2a: Enamorus
|-damage|p2a: Enamorus|0 fnt
|faint|p2a: Enamorus
|
|-heal|p1a: Garganacl|60/100|[from] item: Leftovers
|upkeep
|
|t:|1781115988
|switch|p2a: Skarmory|Skarmory, M|100/100
|-damage|p2a: Skarmory|88/100|[from] Stealth Rock
|turn|31
|
|t:|1781115992
|switch|p1a: Hatterene|Hatterene, F|41/100
|move|p2a: Skarmory|Iron Defense|p2a: Skarmory
|-boost|p2a: Skarmory|def|2
|
|upkeep
|turn|32
|
|t:|1781116005
|move|p2a: Skarmory|Iron Defense|p2a: Skarmory
|-boost|p2a: Skarmory|def|2
|move|p1a: Hatterene|Pain Split|p2a: Skarmory
|-sethp|p2a: Skarmory|64/100|[from] move: Pain Split|[silent]
|-sethp|p1a: Hatterene|67/100|[from] move: Pain Split
|
|upkeep
|turn|33
|
|t:|1781116010
|move|p2a: Skarmory|Iron Defense|p2a: Skarmory
|-boost|p2a: Skarmory|def|2
|move|p1a: Hatterene|Psychic Noise|p2a: Skarmory
|-resisted|p2a: Skarmory
|-damage|p2a: Skarmory|42/100
|
|upkeep
|turn|34
|
|t:|1781116015
|move|p2a: Skarmory|Roost|p2a: Skarmory
|-heal|p2a: Skarmory|92/100
|-singleturn|p2a: Skarmory|move: Roost
|move|p1a: Hatterene|Psychic Noise|p2a: Skarmory
|-resisted|p2a: Skarmory
|-damage|p2a: Skarmory|69/100
|
|upkeep
|turn|35
|
|t:|1781116017
|move|p2a: Skarmory|Body Press|p1a: Hatterene
|-resisted|p1a: Hatterene
|-damage|p1a: Hatterene|43/100
|-damage|p2a: Skarmory|52/100|[from] item: Rocky Helmet|[of] p1a: Hatterene
|move|p1a: Hatterene|Pain Split|p2a: Skarmory
|-sethp|p2a: Skarmory|46/100|[from] move: Pain Split|[silent]
|-sethp|p1a: Hatterene|49/100|[from] move: Pain Split
|
|upkeep
|turn|36
|
|t:|1781116026
|move|p2a: Skarmory|Body Press|p1a: Hatterene
|-resisted|p1a: Hatterene
|-damage|p1a: Hatterene|25/100
|-damage|p2a: Skarmory|30/100|[from] item: Rocky Helmet|[of] p1a: Hatterene
|move|p1a: Hatterene|Pain Split|p2a: Skarmory
|-sethp|p2a: Skarmory|27/100|[from] move: Pain Split|[silent]
|-sethp|p1a: Hatterene|28/100|[from] move: Pain Split
|
|upkeep
|turn|37
|
|t:|1781116035
|move|p2a: Skarmory|Roost|p2a: Skarmory
|-heal|p2a: Skarmory|77/100
|-singleturn|p2a: Skarmory|move: Roost
|move|p1a: Hatterene|Psychic Noise|p2a: Skarmory
|-resisted|p2a: Skarmory
|-damage|p2a: Skarmory|54/100
|
|upkeep
|turn|38
|
|t:|1781116037
|move|p2a: Skarmory|Body Press|p1a: Hatterene
|-resisted|p1a: Hatterene
|-damage|p1a: Hatterene|4/100
|-damage|p2a: Skarmory|37/100|[from] item: Rocky Helmet|[of] p1a: Hatterene
|move|p1a: Hatterene|Pain Split|p2a: Skarmory
|-sethp|p2a: Skarmory|20/100|[from] move: Pain Split|[silent]
|-sethp|p1a: Hatterene|21/100|[from] move: Pain Split
|
|upkeep
|turn|39
|
|t:|1781116043
|move|p2a: Skarmory|Body Press|p1a: Hatterene
|-resisted|p1a: Hatterene
|-damage|p1a: Hatterene|0 fnt
|-damage|p2a: Skarmory|4/100|[from] item: Rocky Helmet|[of] p1a: Hatterene
|faint|p1a: Hatterene
|
|upkeep
|-message|The Pokemon Place forfeited.
|
|win|phantasmiccat
|raw|The Pokemon Place's rating: 1655 &rarr; <strong>1632</strong><br />(-23 for losing)
|raw|phantasmiccat's rating: 1595 &rarr; <strong>1618</strong><br />(+23 for winning)
|l|☆The Pokemon Place
|player|p1|
|l|☆phantasmiccat
|player|p2|
