|j|☆M0onStarr
|j|☆Clummsyyy
|t:|1781169728
|gametype|singles
|player|p1|M0onStarr|266|1553
|player|p2|Clummsyyy|2|1568
|gen|9
|tier|[Gen 9] OU
|rated|
|rule|HP Percentage Mod: HP is shown in percentages
|rule|Endless Battle Clause: Forcing endless battles is banned
|rule|Species Clause: Limit one of each Pokémon
|rule|OHKO Clause: OHKO moves are banned
|rule|Evasion Items Clause: Evasion items are banned
|rule|Evasion Moves Clause: Evasion moves are banned
|rule|Evasion Abilities Clause: Evasion abilities are banned
|rule|Sleep Moves Clause: Sleep-inducing moves are banned
|clearpoke
|poke|p1|Klefki, M|
|poke|p1|Regieleki|
|poke|p1|Raging Bolt|
|poke|p1|Ceruledge, F|
|poke|p1|Iron Crown|
|poke|p1|Great Tusk|
|poke|p2|Kyurem|
|poke|p2|Corviknight, F|
|poke|p2|Ting-Lu|
|poke|p2|Dondozo, M|
|poke|p2|Slowking-Galar, F|
|poke|p2|Cinderace, F|
|teampreview
|inactive|Battle timer is ON: inactive players will automatically lose when time's up. (requested by M0onStarr)
|inactive|M0onStarr has 120 seconds left.
|inactive|M0onStarr has 90 seconds left.
|
|t:|1781169799
|teamsize|p1|6
|teamsize|p2|6
|start
|switch|p1a: Klefki|Klefki, M|100/100
|switch|p2a: Cinderace|Cinderace, F|100/100
|turn|1
|
|t:|1781169818
|switch|p1a: Ceruledge|Ceruledge, F|100/100
|move|p2a: Cinderace|Pyro Ball|p1a: Ceruledge
|-resisted|p1a: Ceruledge
|-damage|p1a: Ceruledge|70/100
|-ability|p1a: Ceruledge|Weak Armor|boost
|-unboost|p1a: Ceruledge|def|1
|-boost|p1a: Ceruledge|spe|2
|
|upkeep
|turn|2
|
|t:|1781169838
|switch|p2a: Dondozo|Dondozo, M|100/100
|move|p1a: Ceruledge|Poltergeist|p2a: Dondozo
|-activate|p2a: Dondozo|move: Poltergeist|Leftovers
|-damage|p2a: Dondozo|78/100
|
|-heal|p2a: Dondozo|84/100|[from] item: Leftovers
|upkeep
|turn|3
|
|t:|1781169866
|switch|p1a: Klefki|Klefki, M|100/100
|move|p2a: Dondozo|Waterfall|p1a: Klefki
|-damage|p1a: Klefki|78/100
|
|-heal|p2a: Dondozo|90/100|[from] item: Leftovers
|upkeep
|turn|4
|inactive|Clummsyyy has 120 seconds left.
|
|t:|1781169886
|switch|p2a: Corviknight|Corviknight, F|100/100
|-ability|p2a: Corviknight|Pressure
|move|p1a: Klefki|Spikes|p2a: Corviknight
|-sidestart|p2: Clummsyyy|Spikes
|
|upkeep
|turn|5
|inactive|Clummsyyy has 120 seconds left.
|
|t:|1781169907
|switch|p1a: Regieleki|Regieleki|100/100
|move|p2a: Corviknight|U-turn|p1a: Regieleki
|-damage|p1a: Regieleki|73/100
|
|t:|1781169917
|switch|p2a: Ting-Lu|Ting-Lu|100/100|[from] U-turn
|-damage|p2a: Ting-Lu|88/100|[from] Spikes
|-ability|p2a: Ting-Lu|Vessel of Ruin
|
|-heal|p2a: Ting-Lu|94/100|[from] item: Leftovers
|upkeep
|turn|6
|inactive|Clummsyyy has 120 seconds left.
|
|t:|1781169935
|switch|p1a: Klefki|Klefki, M|78/100
|move|p2a: Ting-Lu|Earthquake|p1a: Klefki
|-supereffective|p1a: Klefki
|-damage|p1a: Klefki|15/100
|
|-heal|p2a: Ting-Lu|100/100|[from] item: Leftovers
|upkeep
|turn|7
|inactive|Clummsyyy has 120 seconds left.
|
|t:|1781169947
|move|p1a: Klefki|Spikes|p2a: Ting-Lu
|-sidestart|p2: Clummsyyy|Spikes
|move|p2a: Ting-Lu|Payback|p1a: Klefki
|-resisted|p1a: Klefki
|-damage|p1a: Klefki|0 fnt
|faint|p1a: Klefki
|
|upkeep
|
|t:|1781169956
|switch|p1a: Great Tusk|Great Tusk|100/100
|turn|8
|inactive|Clummsyyy has 120 seconds left.
|inactive|Clummsyyy has 90 seconds left.
|
|t:|1781170004
|-end|p1a: Great Tusk|Protosynthesis|[silent]
|switch|p1a: Regieleki|Regieleki|73/100
|switch|p2a: Cinderace|Cinderace, F|100/100
|
|upkeep
|turn|9
|inactive|Clummsyyy has 90 seconds left.
|inactive|M0onStarr has 120 seconds left.
|
|t:|1781170035
|move|p1a: Regieleki|Thunderbolt|p2a: Cinderace
|-damage|p2a: Cinderace|4/100
|move|p2a: Cinderace|Court Change|p2a: Cinderace
|-swapsideconditions
|-activate|p2a: Cinderace|move: Court Change
|
|upkeep
|turn|10
|inactive|M0onStarr has 120 seconds left.
|
|t:|1781170049
|switch|p1a: Great Tusk|Great Tusk|100/100
|switch|p2a: Ting-Lu|Ting-Lu|100/100
|-ability|p2a: Ting-Lu|Vessel of Ruin
|
|upkeep
|turn|11
|
|t:|1781170058
|switch|p2a: Corviknight|Corviknight, F|100/100
|-ability|p2a: Corviknight|Pressure
|move|p1a: Great Tusk|Stealth Rock|p2a: Corviknight
|-sidestart|p2: Clummsyyy|move: Stealth Rock
|
|upkeep
|turn|12
|inactive|Clummsyyy has 90 seconds left.
|
|t:|1781170073
|-end|p1a: Great Tusk|Protosynthesis|[silent]
|switch|p1a: Regieleki|Regieleki|73/100
|-damage|p1a: Regieleki|56/100|[from] Spikes
|move|p2a: Corviknight|Brave Bird|p1a: Regieleki
|-resisted|p1a: Regieleki
|-damage|p1a: Regieleki|23/100
|-damage|p2a: Corviknight|92/100|[from] Recoil
|
|upkeep
|turn|13
|inactive|Clummsyyy has 90 seconds left.
|
|t:|1781170082
|switch|p2a: Ting-Lu|Ting-Lu|100/100
|-damage|p2a: Ting-Lu|94/100|[from] Stealth Rock
|-ability|p2a: Ting-Lu|Vessel of Ruin
|move|p1a: Regieleki|Rapid Spin|p2a: Ting-Lu
|-damage|p2a: Ting-Lu|87/100
|-boost|p1a: Regieleki|spe|1
|-sideend|p1: M0onStarr|Spikes|[from] move: Rapid Spin|[of] p1a: Regieleki
|
|-heal|p2a: Ting-Lu|94/100|[from] item: Leftovers
|upkeep
|turn|14
|inactive|Clummsyyy has 90 seconds left.
|
|t:|1781170095
|switch|p1a: Great Tusk|Great Tusk|100/100
|move|p2a: Ting-Lu|Earthquake|p1a: Great Tusk
|-damage|p1a: Great Tusk|74/100
|
|-heal|p2a: Ting-Lu|99/100|[from] item: Leftovers
|upkeep
|turn|15
|
|t:|1781170104
|-end|p1a: Great Tusk|Protosynthesis|[silent]
|switch|p1a: Regieleki|Regieleki|23/100
|switch|p2a: Corviknight|Corviknight, F|92/100
|-damage|p2a: Corviknight|80/100|[from] Stealth Rock
|-ability|p2a: Corviknight|Pressure
|
|upkeep
|turn|16
|
|t:|1781170123
|switch|p1a: Great Tusk|Great Tusk|74/100
|switch|p2a: Ting-Lu|Ting-Lu|99/100
|-damage|p2a: Ting-Lu|94/100|[from] Stealth Rock
|-ability|p2a: Ting-Lu|Vessel of Ruin
|
|-heal|p2a: Ting-Lu|99/100|[from] item: Leftovers
|upkeep
|turn|17
|
|t:|1781170132
|-end|p1a: Great Tusk|Protosynthesis|[silent]
|switch|p1a: Regieleki|Regieleki|23/100
|switch|p2a: Corviknight|Corviknight, F|80/100
|-damage|p2a: Corviknight|68/100|[from] Stealth Rock
|-ability|p2a: Corviknight|Pressure
|
|upkeep
|turn|18
|
|t:|1781170142
|switch|p1a: Great Tusk|Great Tusk|74/100
|switch|p2a: Cinderace|Cinderace, F|4/100
|
|upkeep
|turn|19
|
|t:|1781170157
|move|p2a: Cinderace|Court Change|p2a: Cinderace
|-swapsideconditions
|-activate|p2a: Cinderace|move: Court Change
|move|p1a: Great Tusk|Rapid Spin|p2a: Cinderace
|-damage|p2a: Cinderace|0 fnt
|-boost|p1a: Great Tusk|spe|1
|-sideend|p1: M0onStarr|Stealth Rock|[from] move: Rapid Spin|[of] p1a: Great Tusk
|faint|p2a: Cinderace
|
|upkeep
|
|t:|1781170164
|switch|p2a: Corviknight|Corviknight, F|68/100
|-ability|p2a: Corviknight|Pressure
|turn|20
|
|t:|1781170179
|-end|p1a: Great Tusk|Protosynthesis|[silent]
|switch|p1a: Ceruledge|Ceruledge, F|70/100
|move|p2a: Corviknight|U-turn|p1a: Ceruledge
|-resisted|p1a: Ceruledge
|-damage|p1a: Ceruledge|65/100
|-ability|p1a: Ceruledge|Weak Armor|boost
|-unboost|p1a: Ceruledge|def|1
|-boost|p1a: Ceruledge|spe|2
|
|t:|1781170184
|switch|p2a: Dondozo|Dondozo, M|90/100|[from] U-turn
|
|-heal|p2a: Dondozo|96/100|[from] item: Leftovers
|upkeep
|turn|21
|
|t:|1781170207
|switch|p1a: Regieleki|Regieleki|23/100
|move|p2a: Dondozo|Waterfall|p1a: Regieleki
|-damage|p1a: Regieleki|0 fnt
|faint|p1a: Regieleki
|
|-heal|p2a: Dondozo|100/100|[from] item: Leftovers
|upkeep
|
|t:|1781170211
|switch|p1a: Raging Bolt|Raging Bolt|100/100
|-enditem|p1a: Raging Bolt|Booster Energy
|-activate|p1a: Raging Bolt|ability: Protosynthesis|[fromitem]
|-start|p1a: Raging Bolt|protosynthesisspa
|turn|22
|inactive|M0onStarr has 120 seconds left.
|
|t:|1781170270
|switch|p2a: Slowking|Slowking-Galar, F|100/100
|move|p1a: Raging Bolt|Dragon Pulse|p2a: Slowking
|-damage|p2a: Slowking|65/100
|
|upkeep
|turn|23
|inactive|Clummsyyy has 90 seconds left.
|
|t:|1781170302
|-end|p1a: Raging Bolt|Protosynthesis|[silent]
|switch|p1a: Ceruledge|Ceruledge, F|65/100
|-prepare|p2a: Slowking|Chilly Reception|[premajor]
|move|p2a: Slowking|Chilly Reception|p2a: Slowking
|-weather|Snowscape
|
|t:|1781170313
|switch|p2a: Kyurem|Kyurem|100/100|[from] Chilly Reception
|-ability|p2a: Kyurem|Pressure
|
|-weather|Snowscape|[upkeep]
|upkeep
|turn|24
|
|t:|1781170323
|move|p2a: Kyurem|Substitute|p2a: Kyurem
|-start|p2a: Kyurem|Substitute
|-damage|p2a: Kyurem|75/100
|move|p1a: Ceruledge|Poltergeist|p2a: Kyurem|[miss]
|-miss|p1a: Ceruledge|p2a: Kyurem
|
|-weather|Snowscape|[upkeep]
|-heal|p2a: Kyurem|82/100|[from] item: Leftovers
|upkeep
|turn|25
|
|t:|1781170330
|move|p1a: Ceruledge|Shadow Sneak|p2a: Kyurem
|-activate|p2a: Kyurem|move: Substitute|[damage]
|move|p2a: Kyurem|Earth Power|p1a: Ceruledge
|-supereffective|p1a: Ceruledge
|-crit|p1a: Ceruledge
|-damage|p1a: Ceruledge|0 fnt
|faint|p1a: Ceruledge
|
|-weather|Snowscape|[upkeep]
|-heal|p2a: Kyurem|88/100|[from] item: Leftovers
|upkeep
|inactive|M0onStarr has 120 seconds left.
|
|t:|1781170349
|switch|p1a: Great Tusk|Great Tusk|74/100
|turn|26
|
|t:|1781170354
|move|p2a: Kyurem|Protect|p2a: Kyurem
|-singleturn|p2a: Kyurem|Protect
|move|p1a: Great Tusk|Rapid Spin|p2a: Kyurem
|-activate|p2a: Kyurem|move: Protect
|
|-weather|Snowscape|[upkeep]
|-heal|p2a: Kyurem|94/100|[from] item: Leftovers
|upkeep
|turn|27
|
|t:|1781170358
|move|p2a: Kyurem|Freeze-Dry|p1a: Great Tusk
|-supereffective|p1a: Great Tusk
|-damage|p1a: Great Tusk|0 fnt
|faint|p1a: Great Tusk
|-end|p1a: Great Tusk|Protosynthesis|[silent]
|
|-weather|none
|-heal|p2a: Kyurem|99/100|[from] item: Leftovers
|upkeep
|
|t:|1781170363
|switch|p1a: Iron Crown|Iron Crown|100/100
|-enditem|p1a: Iron Crown|Booster Energy
|-activate|p1a: Iron Crown|ability: Quark Drive|[fromitem]
|-start|p1a: Iron Crown|quarkdrivespe
|turn|28
|
|t:|1781170378
|-terastallize|p2a: Kyurem|Ground
|move|p1a: Iron Crown|Calm Mind|p1a: Iron Crown
|-boost|p1a: Iron Crown|spa|1
|-boost|p1a: Iron Crown|spd|1
|move|p2a: Kyurem|Earth Power|p1a: Iron Crown
|-supereffective|p1a: Iron Crown
|-damage|p1a: Iron Crown|43/100
|
|-heal|p2a: Kyurem|100/100|[from] item: Leftovers
|upkeep
|turn|29
|
|t:|1781170403
|-terastallize|p1a: Iron Crown|Fighting
|move|p1a: Iron Crown|Calm Mind|p1a: Iron Crown
|-boost|p1a: Iron Crown|spa|1
|-boost|p1a: Iron Crown|spd|1
|move|p2a: Kyurem|Earth Power|p1a: Iron Crown
|-damage|p1a: Iron Crown|20/100
|
|upkeep
|turn|30
|inactive|Clummsyyy has 120 seconds left.
|
|t:|1781170417
|move|p1a: Iron Crown|Calm Mind|p1a: Iron Crown
|-boost|p1a: Iron Crown|spa|1
|-boost|p1a: Iron Crown|spd|1
|move|p2a: Kyurem|Earth Power|p1a: Iron Crown
|-damage|p1a: Iron Crown|4/100
|
|upkeep
|turn|31
|inactive|Clummsyyy has 120 seconds left.
|
|t:|1781170436
|switch|p2a: Corviknight|Corviknight, F|68/100
|-ability|p2a: Corviknight|Pressure
|move|p1a: Iron Crown|Tachyon Cutter|p2a: Corviknight
|-resisted|p2a: Corviknight
|-damage|p2a: Corviknight|40/100
|-resisted|p2a: Corviknight
|-damage|p2a: Corviknight|9/100
|-hitcount|p2a: Corviknight|2
|
|upkeep
|turn|32
|
|t:|1781170447
|move|p1a: Iron Crown|Tachyon Cutter|p2a: Corviknight
|-resisted|p2a: Corviknight
|-damage|p2a: Corviknight|0 fnt
|faint|p2a: Corviknight
|-hitcount|p2: Corviknight|1
|
|upkeep
|
|t:|1781170452
|switch|p2a: Dondozo|Dondozo, M|100/100
|turn|33
|inactive|Clummsyyy has 120 seconds left.
|
|t:|1781170458
|move|p1a: Iron Crown|Focus Blast|p2a: Dondozo|[miss]
|-miss|p1a: Iron Crown|p2a: Dondozo
|move|p2a: Dondozo|Body Press|p1a: Iron Crown
|-damage|p1a: Iron Crown|0 fnt
|faint|p1a: Iron Crown
|-end|p1a: Iron Crown|Quark Drive|[silent]
|
|upkeep
|
|t:|1781170460
|switch|p1a: Raging Bolt|Raging Bolt|100/100
|turn|34
|
|t:|1781170465
|switch|p2a: Slowking|Slowking-Galar, F|98/100
|move|p1a: Raging Bolt|Calm Mind|p1a: Raging Bolt
|-boost|p1a: Raging Bolt|spa|1
|-boost|p1a: Raging Bolt|spd|1
|
|upkeep
|turn|35
|
|t:|1781170471
|move|p1a: Raging Bolt|Calm Mind|p1a: Raging Bolt
|-boost|p1a: Raging Bolt|spa|1
|-boost|p1a: Raging Bolt|spd|1
|move|p2a: Slowking|Toxic|p1a: Raging Bolt
|-status|p1a: Raging Bolt|tox
|
|-damage|p1a: Raging Bolt|94/100 tox|[from] psn
|upkeep
|turn|36
|
|t:|1781170479
|move|p1a: Raging Bolt|Calm Mind|p1a: Raging Bolt
|-boost|p1a: Raging Bolt|spa|1
|-boost|p1a: Raging Bolt|spd|1
|move|p2a: Slowking|Future Sight|p1a: Raging Bolt
|-start|p2a: Slowking|move: Future Sight
|
|-damage|p1a: Raging Bolt|82/100 tox|[from] psn
|upkeep
|turn|37
|
|t:|1781170485
|move|p1a: Raging Bolt|Dragon Pulse|p2a: Slowking
|-crit|p2a: Slowking
|-damage|p2a: Slowking|0 fnt
|faint|p2a: Slowking
|
|-damage|p1a: Raging Bolt|64/100 tox|[from] psn
|upkeep
|
|t:|1781170491
|switch|p2a: Ting-Lu|Ting-Lu|99/100
|-ability|p2a: Ting-Lu|Vessel of Ruin
|turn|38
|
|t:|1781170495
|move|p1a: Raging Bolt|Dragon Pulse|p2a: Ting-Lu
|-damage|p2a: Ting-Lu|51/100
|move|p2a: Ting-Lu|Earthquake|p1a: Raging Bolt
|-supereffective|p1a: Raging Bolt
|-damage|p1a: Raging Bolt|0 fnt
|faint|p1a: Raging Bolt
|-end|p1a: Raging Bolt|Protosynthesis|[silent]
|
|win|Clummsyyy
|raw|M0onStarr's rating: 1553 &rarr; <strong>1534</strong><br />(-19 for losing)
|raw|Clummsyyy's rating: 1568 &rarr; <strong>1587</strong><br />(+19 for winning)
|l|☆M0onStarr
|player|p1|
|l|☆Clummsyyy
|player|p2|
