|j|☆lolshh
|j|☆CDPGuillaume
|t:|1781521711
|gametype|singles
|player|p1|lolshh|102|1740
|player|p2|CDPGuillaume|102|1677
|gen|9
|tier|[Gen 9] OU
|rated|
|rule|HP Percentage Mod: HP is shown in percentages
|rule|Endless Battle Clause: Forcing endless battles is banned
|rule|Species Clause: Limit one of each Pokémon
|rule|OHKO Clause: OHKO moves are banned
|rule|Evasion Items Clause: Evasion items are banned
|rule|Evasion Moves Clause: Evasion moves are banned
|rule|Evasion Abilities Clause: Evasion abilities are banned
|rule|Sleep Moves Clause: Sleep-inducing moves are banned
|clearpoke
|poke|p1|Iron Valiant|
|poke|p1|Ogerpon-Wellspring, F|
|poke|p1|Gliscor, F|
|poke|p1|Pecharunt|
|poke|p1|Metagross|
|poke|p1|Hydreigon, F|
|poke|p2|Iron Hands|
|poke|p2|Pecharunt|
|poke|p2|Kingambit, F|
|poke|p2|Rillaboom, M|
|poke|p2|Kyurem|
|poke|p2|Cinderace, M|
|teampreview
|
|t:|1781521731
|teamsize|p1|6
|teamsize|p2|6
|start
|switch|p1a: Metagross|Metagross|100/100
|switch|p2a: Rillaboom|Rillaboom, M|100/100
|-fieldstart|move: Grassy Terrain|[from] ability: Grassy Surge|[of] p2a: Rillaboom
|turn|1
|inactive|Battle timer is ON: inactive players will automatically lose when time's up. (requested by CDPGuillaume)
|
|t:|1781521736
|move|p2a: Rillaboom|High Horsepower|p1a: Metagross
|-supereffective|p1a: Metagross
|-enditem|p1a: Metagross|Shuca Berry|[eat]
|-enditem|p1a: Metagross|Shuca Berry|[weaken]
|-damage|p1a: Metagross|63/100
|move|p1a: Metagross|Stealth Rock|p2a: Rillaboom
|-sidestart|p2: CDPGuillaume|move: Stealth Rock
|
|-heal|p1a: Metagross|69/100|[from] Grassy Terrain
|upkeep
|turn|2
|
|t:|1781521742
|move|p2a: Rillaboom|High Horsepower|p1a: Metagross
|-supereffective|p1a: Metagross
|-damage|p1a: Metagross|0 fnt
|faint|p1a: Metagross
|
|upkeep
|
|t:|1781521747
|switch|p1a: Hydreigon|Hydreigon, F|100/100
|turn|3
|
|t:|1781521753
|switch|p2a: Iron Hands|Iron Hands|100/100
|-damage|p2a: Iron Hands|94/100|[from] Stealth Rock
|move|p1a: Hydreigon|Draco Meteor|p2a: Iron Hands|[miss]
|-miss|p1a: Hydreigon|p2a: Iron Hands
|
|-heal|p2a: Iron Hands|100/100|[from] Grassy Terrain
|upkeep
|turn|4
|
|t:|1781521762
|move|p1a: Hydreigon|Draco Meteor|p2a: Iron Hands
|-damage|p2a: Iron Hands|51/100
|-unboost|p1a: Hydreigon|spa|2
|move|p2a: Iron Hands|Ice Punch|p1a: Hydreigon
|-supereffective|p1a: Hydreigon
|-damage|p1a: Hydreigon|30/100
|
|-heal|p2a: Iron Hands|58/100|[from] Grassy Terrain
|upkeep
|turn|5
|j| Easontom
|
|t:|1781521770
|switch|p1a: Pecharunt|Pecharunt|100/100
|move|p2a: Iron Hands|Earthquake|p1a: Pecharunt
|-supereffective|p1a: Pecharunt
|-damage|p1a: Pecharunt|80/100
|
|-heal|p1a: Pecharunt|87/100|[from] Grassy Terrain
|-heal|p2a: Iron Hands|64/100|[from] Grassy Terrain
|-fieldend|move: Grassy Terrain
|upkeep
|turn|6
|
|t:|1781521777
|-end|p2a: Iron Hands|Quark Drive|[silent]
|switch|p2a: Cinderace|Cinderace, M|100/100
|move|p1a: Pecharunt|Parting Shot|p2a: Cinderace
|-unboost|p2a: Cinderace|atk|1
|-unboost|p2a: Cinderace|spa|1
|
|t:|1781521794
|switch|p1a: Gliscor|Gliscor, F|100/100|[from] Parting Shot
|
|-status|p1a: Gliscor|tox|[from] item: Toxic Orb
|upkeep
|turn|7
|
|t:|1781521797
|move|p2a: Cinderace|Court Change|p2a: Cinderace
|-start|p2a: Cinderace|typechange|Normal|[from] ability: Libero
|-swapsideconditions
|-activate|p2a: Cinderace|move: Court Change
|move|p1a: Gliscor|Swords Dance|p1a: Gliscor
|-boost|p1a: Gliscor|atk|2
|
|upkeep
|turn|8
|
|t:|1781521806
|move|p2a: Cinderace|U-turn|p1a: Gliscor
|-resisted|p1a: Gliscor
|-damage|p1a: Gliscor|95/100 tox
|
|t:|1781521808
|switch|p2a: Pecharunt|Pecharunt|100/100|[from] U-turn
|move|p1a: Gliscor|Facade|p2a: Pecharunt
|-immune|p2a: Pecharunt
|
|-heal|p1a: Gliscor|100/100 tox|[from] ability: Poison Heal
|upkeep
|turn|9
|
|t:|1781521812
|move|p2a: Pecharunt|Shadow Ball|p1a: Gliscor
|-damage|p1a: Gliscor|79/100 tox
|move|p1a: Gliscor|Knock Off|p2a: Pecharunt
|-supereffective|p2a: Pecharunt
|-damage|p2a: Pecharunt|53/100
|-damage|p1a: Gliscor|62/100 tox|[from] item: Rocky Helmet|[of] p2a: Pecharunt
|-enditem|p2a: Pecharunt|Rocky Helmet|[from] move: Knock Off|[of] p1a: Gliscor
|
|-heal|p1a: Gliscor|75/100 tox|[from] ability: Poison Heal
|upkeep
|turn|10
|
|t:|1781521822
|move|p2a: Pecharunt|Nasty Plot|p2a: Pecharunt
|-boost|p2a: Pecharunt|spa|2
|move|p1a: Gliscor|Swords Dance|p1a: Gliscor
|-boost|p1a: Gliscor|atk|2
|
|-heal|p1a: Gliscor|87/100 tox|[from] ability: Poison Heal
|upkeep
|turn|11
|
|t:|1781521827
|move|p2a: Pecharunt|Shadow Ball|p1a: Gliscor
|-damage|p1a: Gliscor|41/100 tox
|move|p1a: Gliscor|Knock Off|p2a: Pecharunt
|-supereffective|p2a: Pecharunt
|-crit|p2a: Pecharunt
|-damage|p2a: Pecharunt|0 fnt
|faint|p2a: Pecharunt
|
|-heal|p1a: Gliscor|53/100 tox|[from] ability: Poison Heal
|upkeep
|
|t:|1781521842
|switch|p2a: Kyurem|Kyurem|100/100
|-ability|p2a: Kyurem|Pressure
|turn|12
|
|t:|1781521847
|move|p1a: Gliscor|Protect|p1a: Gliscor
|-singleturn|p1a: Gliscor|Protect
|move|p2a: Kyurem|Ice Beam|p1a: Gliscor
|-activate|p1a: Gliscor|move: Protect
|
|-heal|p1a: Gliscor|66/100 tox|[from] ability: Poison Heal
|upkeep
|turn|13
|
|t:|1781521860
|-terastallize|p1a: Gliscor|Normal
|move|p2a: Kyurem|Ice Beam|p1a: Gliscor
|-damage|p1a: Gliscor|8/100 tox
|move|p1a: Gliscor|Facade|p2a: Kyurem
|-damage|p2a: Kyurem|0 fnt
|faint|p2a: Kyurem
|
|-heal|p1a: Gliscor|21/100 tox|[from] ability: Poison Heal
|upkeep
|
|t:|1781521869
|switch|p2a: Rillaboom|Rillaboom, M|100/100
|-fieldstart|move: Grassy Terrain|[from] ability: Grassy Surge|[of] p2a: Rillaboom
|turn|14
|
|t:|1781521872
|move|p1a: Gliscor|Protect|p1a: Gliscor
|-singleturn|p1a: Gliscor|Protect
|move|p2a: Rillaboom|Grassy Glide|p1a: Gliscor
|-activate|p1a: Gliscor|move: Protect
|
|-heal|p1a: Gliscor|27/100 tox|[from] Grassy Terrain
|-heal|p1a: Gliscor|39/100 tox|[from] ability: Poison Heal
|upkeep
|turn|15
|
|t:|1781521877
|switch|p1a: Pecharunt|Pecharunt|87/100
|move|p2a: Rillaboom|Grassy Glide|p1a: Pecharunt
|-resisted|p1a: Pecharunt
|-damage|p1a: Pecharunt|73/100
|
|-heal|p1a: Pecharunt|79/100|[from] Grassy Terrain
|upkeep
|turn|16
|
|t:|1781521883
|switch|p2a: Kingambit|Kingambit, F|100/100
|-activate|p2a: Kingambit|ability: Supreme Overlord
|-start|p2a: Kingambit|fallen2|[silent]
|move|p1a: Pecharunt|Parting Shot|p2a: Kingambit
|-unboost|p2a: Kingambit|atk|1
|-unboost|p2a: Kingambit|spa|1
|
|t:|1781521889
|switch|p1a: Ogerpon|Ogerpon-Wellspring, F|100/100|[from] Parting Shot
|-damage|p1a: Ogerpon|88/100|[from] Stealth Rock
|
|-heal|p1a: Ogerpon|94/100|[from] Grassy Terrain
|upkeep
|turn|17
|
|t:|1781521894
|move|p1a: Ogerpon|Ivy Cudgel|p2a: Kingambit|[anim] Ivy Cudgel Water
|-damage|p2a: Kingambit|56/100
|move|p2a: Kingambit|Kowtow Cleave|p1a: Ogerpon
|-damage|p1a: Ogerpon|41/100
|
|-heal|p1a: Ogerpon|47/100|[from] Grassy Terrain
|-heal|p2a: Kingambit|62/100|[from] Grassy Terrain
|-heal|p2a: Kingambit|68/100|[from] item: Leftovers
|upkeep
|turn|18
|
|t:|1781521905
|move|p1a: Ogerpon|U-turn|p2a: Kingambit
|-damage|p2a: Kingambit|46/100
|
|t:|1781521908
|switch|p1a: Iron Valiant|Iron Valiant|100/100|[from] U-turn
|move|p2a: Kingambit|Kowtow Cleave|p1a: Iron Valiant
|-resisted|p1a: Iron Valiant
|-damage|p1a: Iron Valiant|88/100
|
|-heal|p1a: Iron Valiant|95/100|[from] Grassy Terrain
|-heal|p2a: Kingambit|52/100|[from] Grassy Terrain
|-heal|p2a: Kingambit|58/100|[from] item: Leftovers
|-fieldend|move: Grassy Terrain
|upkeep
|turn|19
|
|t:|1781521918
|-end|p2a: Kingambit|fallen2|[silent]
|switch|p2a: Cinderace|Cinderace, M|100/100
|move|p1a: Iron Valiant|Close Combat|p2a: Cinderace
|-damage|p2a: Cinderace|20/100
|-unboost|p1a: Iron Valiant|def|1
|-unboost|p1a: Iron Valiant|spd|1
|
|upkeep
|turn|20
|
|t:|1781521926
|-end|p1a: Iron Valiant|Quark Drive|[silent]
|switch|p1a: Hydreigon|Hydreigon, F|30/100
|-damage|p1a: Hydreigon|18/100|[from] Stealth Rock
|move|p2a: Cinderace|Pyro Ball|p1a: Hydreigon|[miss]
|-miss|p2a: Cinderace|p1a: Hydreigon
|
|upkeep
|turn|21
|
|t:|1781521932
|move|p2a: Cinderace|U-turn|p1a: Hydreigon
|-start|p2a: Cinderace|typechange|Bug|[from] ability: Libero
|-supereffective|p1a: Hydreigon
|-damage|p1a: Hydreigon|0 fnt
|faint|p1a: Hydreigon
|j| Negative1stClass
|j| zyqq6
|
|t:|1781521957
|switch|p2a: Rillaboom|Rillaboom, M|100/100|[from] U-turn
|-fieldstart|move: Grassy Terrain|[from] ability: Grassy Surge|[of] p2a: Rillaboom
|
|upkeep
|
|t:|1781521962
|switch|p1a: Pecharunt|Pecharunt|79/100
|turn|22
|
|t:|1781521967
|move|p1a: Pecharunt|Malignant Chain|p2a: Rillaboom
|-supereffective|p2a: Rillaboom
|-damage|p2a: Rillaboom|14/100
|-status|p2a: Rillaboom|tox
|-start|p2a: Rillaboom|confusion|[from] ability: Poison Puppeteer|[of] p1a: Pecharunt
|-activate|p2a: Rillaboom|confusion
|move|p2a: Rillaboom|High Horsepower|p1a: Pecharunt
|-supereffective|p1a: Pecharunt
|-damage|p1a: Pecharunt|28/100
|
|-heal|p1a: Pecharunt|34/100|[from] Grassy Terrain
|-heal|p2a: Rillaboom|20/100 tox|[from] Grassy Terrain
|-damage|p2a: Rillaboom|14/100 tox|[from] psn
|upkeep
|turn|23
|
|t:|1781521976
|switch|p2a: Kingambit|Kingambit, F|58/100
|-activate|p2a: Kingambit|ability: Supreme Overlord
|-start|p2a: Kingambit|fallen2|[silent]
|move|p1a: Pecharunt|Recover|p1a: Pecharunt
|-heal|p1a: Pecharunt|84/100
|
|-heal|p1a: Pecharunt|90/100|[from] Grassy Terrain
|-heal|p2a: Kingambit|64/100|[from] Grassy Terrain
|-heal|p2a: Kingambit|70/100|[from] item: Leftovers
|upkeep
|turn|24
|
|t:|1781521984
|move|p1a: Pecharunt|Parting Shot|p2a: Kingambit
|-unboost|p2a: Kingambit|atk|1
|-unboost|p2a: Kingambit|spa|1
|
|t:|1781521986
|switch|p1a: Iron Valiant|Iron Valiant|95/100|[from] Parting Shot
|move|p2a: Kingambit|Iron Head|p1a: Iron Valiant
|-supereffective|p1a: Iron Valiant
|-damage|p1a: Iron Valiant|3/100
|
|-heal|p1a: Iron Valiant|9/100|[from] Grassy Terrain
|-heal|p2a: Kingambit|77/100|[from] Grassy Terrain
|-heal|p2a: Kingambit|83/100|[from] item: Leftovers
|upkeep
|turn|25
|
|t:|1781522005
|-end|p1a: Iron Valiant|Quark Drive|[silent]
|switch|p1a: Pecharunt|Pecharunt|90/100
|-end|p2a: Kingambit|fallen2|[silent]
|switch|p2a: Cinderace|Cinderace, M|20/100
|
|-heal|p2a: Cinderace|26/100|[from] Grassy Terrain
|-heal|p1a: Pecharunt|96/100|[from] Grassy Terrain
|-fieldend|move: Grassy Terrain
|upkeep
|turn|26
|
|t:|1781522012
|move|p2a: Cinderace|U-turn|p1a: Pecharunt
|-start|p2a: Cinderace|typechange|Bug|[from] ability: Libero
|-resisted|p1a: Pecharunt
|-damage|p1a: Pecharunt|93/100
|
|t:|1781522014
|switch|p2a: Kingambit|Kingambit, F|83/100|[from] U-turn
|-activate|p2a: Kingambit|ability: Supreme Overlord
|-start|p2a: Kingambit|fallen2|[silent]
|move|p1a: Pecharunt|Shadow Ball|p2a: Kingambit
|-resisted|p2a: Kingambit
|-damage|p2a: Kingambit|70/100
|
|-heal|p2a: Kingambit|76/100|[from] item: Leftovers
|upkeep
|turn|27
|l| zyqq6
|
|t:|1781522023
|move|p1a: Pecharunt|Parting Shot|p2a: Kingambit
|-unboost|p2a: Kingambit|atk|1
|-unboost|p2a: Kingambit|spa|1
|
|t:|1781522028
|switch|p1a: Gliscor|Gliscor, F, tera:Normal|39/100 tox|[from] Parting Shot
|-damage|p1a: Gliscor|27/100 tox|[from] Stealth Rock
|move|p2a: Kingambit|Kowtow Cleave|p1a: Gliscor
|-damage|p1a: Gliscor|0 fnt
|faint|p1a: Gliscor
|
|-heal|p2a: Kingambit|82/100|[from] item: Leftovers
|upkeep
|
|t:|1781522032
|switch|p1a: Ogerpon|Ogerpon-Wellspring, F|47/100
|-damage|p1a: Ogerpon|34/100|[from] Stealth Rock
|turn|28
|
|t:|1781522038
|switch|p1a: Iron Valiant|Iron Valiant|9/100
|move|p2a: Kingambit|Sucker Punch||[still]
|-fail|p2a: Kingambit
|
|-heal|p2a: Kingambit|88/100|[from] item: Leftovers
|upkeep
|turn|29
|
|t:|1781522045
|-end|p2a: Kingambit|fallen2|[silent]
|switch|p2a: Iron Hands|Iron Hands|64/100
|move|p1a: Iron Valiant|Encore||[still]
|-fail|p1a: Iron Valiant
|
|upkeep
|turn|30
|
|t:|1781522070
|-terastallize|p2a: Iron Hands|Ground
|move|p1a: Iron Valiant|Moonblast|p2a: Iron Hands
|-damage|p2a: Iron Hands|40/100
|move|p2a: Iron Hands|Earthquake|p1a: Iron Valiant
|-damage|p1a: Iron Valiant|0 fnt
|faint|p1a: Iron Valiant
|-end|p1a: Iron Valiant|Quark Drive|[silent]
|
|upkeep
|
|t:|1781522076
|switch|p1a: Ogerpon|Ogerpon-Wellspring, F|34/100
|-damage|p1a: Ogerpon|22/100|[from] Stealth Rock
|turn|31
|
|t:|1781522082
|move|p1a: Ogerpon|Ivy Cudgel|p2a: Iron Hands|[anim] Ivy Cudgel Water
|-supereffective|p2a: Iron Hands
|-damage|p2a: Iron Hands|0 fnt
|faint|p2a: Iron Hands
|-end|p2a: Iron Hands|Quark Drive|[silent]
|
|upkeep
|
|t:|1781522091
|switch|p2a: Cinderace|Cinderace, M|26/100
|turn|32
|
|t:|1781522097
|switch|p1a: Pecharunt|Pecharunt|93/100
|move|p2a: Cinderace|U-turn|p1a: Pecharunt
|-start|p2a: Cinderace|typechange|Bug|[from] ability: Libero
|-resisted|p1a: Pecharunt
|-damage|p1a: Pecharunt|89/100
|
|t:|1781522100
|switch|p2a: Kingambit|Kingambit, F|88/100|[from] U-turn
|-activate|p2a: Kingambit|ability: Supreme Overlord
|-start|p2a: Kingambit|fallen3|[silent]
|
|-heal|p2a: Kingambit|94/100|[from] item: Leftovers
|upkeep
|turn|33
|
|t:|1781522103
|move|p1a: Pecharunt|Shadow Ball|p2a: Kingambit
|-resisted|p2a: Kingambit
|-damage|p2a: Kingambit|80/100
|-unboost|p2a: Kingambit|spd|1
|move|p2a: Kingambit|Kowtow Cleave|p1a: Pecharunt
|-supereffective|p1a: Pecharunt
|-damage|p1a: Pecharunt|28/100
|
|-heal|p2a: Kingambit|86/100|[from] item: Leftovers
|upkeep
|turn|34
|
|t:|1781522107
|move|p1a: Pecharunt|Recover|p1a: Pecharunt
|-heal|p1a: Pecharunt|78/100
|move|p2a: Kingambit|Kowtow Cleave|p1a: Pecharunt
|-supereffective|p1a: Pecharunt
|-damage|p1a: Pecharunt|18/100
|
|-heal|p2a: Kingambit|92/100|[from] item: Leftovers
|upkeep
|turn|35
|
|t:|1781522110
|move|p1a: Pecharunt|Parting Shot|p2a: Kingambit
|-unboost|p2a: Kingambit|atk|1
|-unboost|p2a: Kingambit|spa|1
|
|t:|1781522111
|switch|p1a: Ogerpon|Ogerpon-Wellspring, F|22/100|[from] Parting Shot
|-damage|p1a: Ogerpon|10/100|[from] Stealth Rock
|move|p2a: Kingambit|Kowtow Cleave|p1a: Ogerpon
|-damage|p1a: Ogerpon|0 fnt
|faint|p1a: Ogerpon
|
|-heal|p2a: Kingambit|98/100|[from] item: Leftovers
|upkeep
|
|t:|1781522112
|switch|p1a: Pecharunt|Pecharunt|18/100
|turn|36
|-message|lolshh forfeited.
|
|win|CDPGuillaume
|raw|lolshh's rating: 1740 &rarr; <strong>1716</strong><br />(-24 for losing)
|raw|CDPGuillaume's rating: 1677 &rarr; <strong>1701</strong><br />(+24 for winning)
|l|☆lolshh
|player|p1|
|l|☆CDPGuillaume
|player|p2|
|l| Negative1stClass
|l| Easontom
