|j|☆CassiusAuBellossom
|j|☆lolcano46
|t:|1781554574
|gametype|singles
|player|p1|CassiusAuBellossom|102|1524
|player|p2|lolcano46|fisherman-gen4|1578
|gen|9
|tier|[Gen 9] OU
|rated|
|rule|HP Percentage Mod: HP is shown in percentages
|rule|Endless Battle Clause: Forcing endless battles is banned
|rule|Species Clause: Limit one of each Pokémon
|rule|OHKO Clause: OHKO moves are banned
|rule|Evasion Items Clause: Evasion items are banned
|rule|Evasion Moves Clause: Evasion moves are banned
|rule|Evasion Abilities Clause: Evasion abilities are banned
|rule|Sleep Moves Clause: Sleep-inducing moves are banned
|clearpoke
|poke|p1|Pelipper, F|
|poke|p1|Beartic, F|
|poke|p1|Barraskewda, M|
|poke|p1|Zapdos|
|poke|p1|Goodra-Hisui, M|
|poke|p1|Regieleki|
|poke|p2|Azelf|
|poke|p2|Ogerpon-Wellspring, F|
|poke|p2|Scizor, F|
|poke|p2|Gengar, M|
|poke|p2|Raging Bolt|
|poke|p2|Cinderace, M|
|teampreview
|inactive|Battle timer is ON: inactive players will automatically lose when time's up. (requested by lolcano46)
|
|t:|1781554578
|teamsize|p1|6
|teamsize|p2|6
|start
|switch|p1a: Armin|Pelipper, F|100/100
|switch|p2a: Azelf|Azelf|100/100
|-weather|RainDance|[from] ability: Drizzle|[of] p1a: Armin
|turn|1
|
|t:|1781554587
|switch|p1a: Pieck|Goodra-Hisui, M|100/100
|move|p2a: Azelf|Thunderbolt|p1a: Pieck
|-resisted|p1a: Pieck
|-damage|p1a: Pieck|90/100
|
|-weather|RainDance|[upkeep]
|upkeep
|turn|2
|
|t:|1781554594
|move|p2a: Azelf|Mystical Power|p1a: Pieck
|-resisted|p1a: Pieck
|-damage|p1a: Pieck|78/100
|-boost|p2a: Azelf|spa|1
|move|p1a: Pieck|Draco Meteor|p2a: Azelf
|-damage|p2a: Azelf|0 fnt
|-unboost|p1a: Pieck|spa|2
|faint|p2a: Azelf
|-enditem|p1a: Pieck|Eject Pack
|
|t:|1781554618
|switch|p1a: Eren|Beartic, F|100/100
|
|-weather|RainDance|[upkeep]
|upkeep
|
|t:|1781554627
|switch|p2a: Gengar|Gengar, M|100/100
|turn|3
|
|t:|1781554642
|move|p2a: Gengar|Trick|p1a: Eren
|-activate|p2a: Gengar|move: Trick|[of] p1a: Eren
|-item|p1a: Eren|Choice Scarf|[from] move: Trick
|-item|p2a: Gengar|Loaded Dice|[from] move: Trick
|move|p1a: Eren|Icicle Spear|p2a: Gengar
|-crit|p2a: Gengar
|-damage|p2a: Gengar|54/100
|-damage|p2a: Gengar|25/100
|-start|p1a: Eren|Disable|Icicle Spear|[from] ability: Cursed Body|[of] p2a: Gengar
|-damage|p2a: Gengar|0 fnt
|faint|p2a: Gengar
|-hitcount|p2: Gengar|3
|
|-weather|RainDance|[upkeep]
|upkeep
|
|t:|1781554648
|switch|p2a: Scizor|Scizor, F|100/100
|turn|4
|
|t:|1781554658
|switch|p1a: Zeke|Zapdos|100/100
|move|p2a: Scizor|Swords Dance|p2a: Scizor
|-boost|p2a: Scizor|atk|2
|
|-weather|RainDance|[upkeep]
|upkeep
|turn|5
|
|t:|1781554665
|move|p1a: Zeke|Thunder|p2a: Scizor
|-damage|p2a: Scizor|25/100
|move|p2a: Scizor|Knock Off|p1a: Zeke
|-damage|p1a: Zeke|13/100
|-enditem|p1a: Zeke|Assault Vest|[from] move: Knock Off|[of] p2a: Scizor
|
|-weather|RainDance|[upkeep]
|upkeep
|turn|6
|
|t:|1781554674
|move|p2a: Scizor|Bullet Punch|p1a: Zeke
|-resisted|p1a: Zeke
|-damage|p1a: Zeke|0 fnt
|faint|p1a: Zeke
|
|-weather|RainDance|[upkeep]
|upkeep
|
|t:|1781554681
|switch|p1a: Levi|Barraskewda, M|100/100
|turn|7
|
|t:|1781554702
|switch|p2a: Ogerpon|Ogerpon-Wellspring, F|100/100
|move|p1a: Levi|Aqua Jet|p2a: Ogerpon
|-immune|p2a: Ogerpon|[from] ability: Water Absorb
|
|-weather|RainDance|[upkeep]
|upkeep
|turn|8
|
|t:|1781554710
|switch|p1a: Pieck|Goodra-Hisui, M|78/100
|move|p2a: Ogerpon|Ivy Cudgel|p1a: Pieck|[anim] Ivy Cudgel Water
|-resisted|p1a: Pieck
|-damage|p1a: Pieck|33/100
|
|-weather|none
|upkeep
|turn|9
|
|t:|1781554718
|move|p2a: Ogerpon|Play Rough|p1a: Pieck
|-damage|p1a: Pieck|1/100
|-ability|p1a: Pieck|Gooey
|-unboost|p2a: Ogerpon|spe|1
|move|p1a: Pieck|Draco Meteor|p2a: Ogerpon
|-damage|p2a: Ogerpon|26/100
|-unboost|p1a: Pieck|spa|2
|
|upkeep
|turn|10
|
|t:|1781554730
|move|p2a: Ogerpon|Ivy Cudgel|p1a: Pieck|[anim] Ivy Cudgel Water
|-resisted|p1a: Pieck
|-damage|p1a: Pieck|0 fnt
|faint|p1a: Pieck
|
|upkeep
|
|t:|1781554736
|switch|p1a: Armin|Pelipper, F|100/100
|-weather|RainDance|[from] ability: Drizzle|[of] p1a: Armin
|turn|11
|
|t:|1781554742
|switch|p2a: Scizor|Scizor, F|25/100
|move|p1a: Armin|U-turn|p2a: Scizor
|-resisted|p2a: Scizor
|-damage|p2a: Scizor|20/100
|
|t:|1781554751
|switch|p1a: Levi|Barraskewda, M|100/100|[from] U-turn
|
|-weather|RainDance|[upkeep]
|upkeep
|turn|12
|
|t:|1781554758
|move|p2a: Scizor|Bullet Punch|p1a: Levi
|-resisted|p1a: Levi
|-damage|p1a: Levi|62/100
|move|p1a: Levi|Close Combat|p2a: Scizor
|-damage|p2a: Scizor|0 fnt
|-unboost|p1a: Levi|def|1
|-unboost|p1a: Levi|spd|1
|faint|p2a: Scizor
|
|-weather|RainDance|[upkeep]
|upkeep
|
|t:|1781554763
|switch|p2a: Raging Bolt|Raging Bolt|100/100
|-enditem|p2a: Raging Bolt|Booster Energy
|-activate|p2a: Raging Bolt|ability: Protosynthesis|[fromitem]
|-start|p2a: Raging Bolt|protosynthesisspa
|turn|13
|
|t:|1781554785
|switch|p1a: Mikasa|Regieleki|100/100
|-terastallize|p2a: Raging Bolt|Fairy
|move|p2a: Raging Bolt|Thunderbolt|p1a: Mikasa
|-resisted|p1a: Mikasa
|-damage|p1a: Mikasa|34/100
|
|-weather|RainDance|[upkeep]
|upkeep
|turn|14
|
|t:|1781554798
|move|p1a: Mikasa|Extreme Speed|p2a: Raging Bolt
|-damage|p2a: Raging Bolt|85/100
|move|p2a: Raging Bolt|Thunderclap||[still]
|-fail|p2a: Raging Bolt
|
|-weather|RainDance|[upkeep]
|upkeep
|turn|15
|
|t:|1781554807
|move|p1a: Mikasa|Thunder|p2a: Raging Bolt
|-damage|p2a: Raging Bolt|20/100
|move|p2a: Raging Bolt|Thunderbolt|p1a: Mikasa
|-resisted|p1a: Mikasa
|-damage|p1a: Mikasa|0 fnt
|faint|p1a: Mikasa
|
|-weather|RainDance|[upkeep]
|upkeep
|
|t:|1781554816
|switch|p1a: Eren|Beartic, F|100/100
|turn|16
|
|t:|1781554821
|move|p2a: Raging Bolt|Thunderclap|p1a: Eren
|-damage|p1a: Eren|30/100
|move|p1a: Eren|Icicle Spear|p2a: Raging Bolt
|-damage|p2a: Raging Bolt|7/100
|-damage|p2a: Raging Bolt|0 fnt
|faint|p2a: Raging Bolt
|-end|p2a: Raging Bolt|Protosynthesis|[silent]
|-hitcount|p2: Raging Bolt|2
|
|-weather|RainDance|[upkeep]
|upkeep
|
|t:|1781554825
|switch|p2a: Cinderace|Cinderace, M|100/100
|turn|17
|
|t:|1781554833
|move|p1a: Eren|Icicle Spear|p2a: Cinderace
|-resisted|p2a: Cinderace
|-damage|p2a: Cinderace|90/100
|-resisted|p2a: Cinderace
|-damage|p2a: Cinderace|80/100
|-resisted|p2a: Cinderace
|-damage|p2a: Cinderace|70/100
|-hitcount|p2a: Cinderace|3
|move|p2a: Cinderace|Pyro Ball|p1a: Eren
|-supereffective|p1a: Eren
|-damage|p1a: Eren|0 fnt
|faint|p1a: Eren
|
|-weather|RainDance|[upkeep]
|upkeep
|
|t:|1781554847
|switch|p1a: Levi|Barraskewda, M|62/100
|turn|18
|
|t:|1781554863
|switch|p1a: Armin|Pelipper, F|100/100
|move|p2a: Cinderace|Sucker Punch||[still]
|-fail|p2a: Cinderace
|
|-weather|none
|upkeep
|turn|19
|
|t:|1781554870
|move|p2a: Cinderace|Will-O-Wisp|p1a: Armin
|-status|p1a: Armin|brn
|move|p1a: Armin|U-turn|p2a: Cinderace
|-resisted|p2a: Cinderace
|-damage|p2a: Cinderace|67/100
|
|t:|1781554876
|switch|p1a: Levi|Barraskewda, M|62/100|[from] U-turn
|
|upkeep
|turn|20
|
|t:|1781554880
|switch|p1a: Armin|Pelipper, F|100/100 brn
|-weather|RainDance|[from] ability: Drizzle|[of] p1a: Armin
|move|p2a: Cinderace|Sucker Punch||[still]
|-fail|p2a: Cinderace
|
|-weather|RainDance|[upkeep]
|-damage|p1a: Armin|94/100 brn|[from] brn
|upkeep
|turn|21
|
|t:|1781554889
|move|p2a: Cinderace|Sucker Punch|p1a: Armin
|-start|p2a: Cinderace|typechange|Dark|[from] ability: Libero
|-damage|p1a: Armin|67/100 brn
|move|p1a: Armin|Hurricane|p2a: Cinderace
|-damage|p2a: Cinderace|19/100
|
|-weather|RainDance|[upkeep]
|-damage|p1a: Armin|61/100 brn|[from] brn
|upkeep
|turn|22
|
|t:|1781554899
|move|p2a: Cinderace|Sucker Punch|p1a: Armin
|-damage|p1a: Armin|37/100 brn
|move|p1a: Armin|Hurricane|p2a: Cinderace
|-damage|p2a: Cinderace|0 fnt
|faint|p2a: Cinderace
|
|-weather|RainDance|[upkeep]
|-damage|p1a: Armin|30/100 brn|[from] brn
|upkeep
|
|t:|1781554903
|switch|p2a: Ogerpon|Ogerpon-Wellspring, F|26/100
|turn|23
|
|t:|1781554911
|move|p2a: Ogerpon|Horn Leech|p1a: Armin
|-damage|p1a: Armin|0 fnt
|-heal|p2a: Ogerpon|42/100|[from] drain|[of] p1a: Armin
|faint|p1a: Armin
|
|-weather|RainDance|[upkeep]
|upkeep
|
|t:|1781554918
|switch|p1a: Levi|Barraskewda, M|62/100
|turn|24
|
|t:|1781554921
|move|p1a: Levi|Close Combat|p2a: Ogerpon
|-damage|p2a: Ogerpon|0 fnt
|-unboost|p1a: Levi|def|1
|-unboost|p1a: Levi|spd|1
|faint|p2a: Ogerpon
|
|win|CassiusAuBellossom
|raw|CassiusAuBellossom's rating: 1524 &rarr; <strong>1547</strong><br />(+23 for winning)
|raw|lolcano46's rating: 1578 &rarr; <strong>1555</strong><br />(-23 for losing)
|l|☆lolcano46
|player|p2|
|l|☆CassiusAuBellossom
|player|p1|
