|badge|p2|bronze|gen9ou|100-9
|uhtml|medal-msg|<div class="broadcast-blue">Curious what those medals under the avatar are? PS now has Ladder Seasons! For more information, check out the <a href="https://www.smogon.com/forums/threads/3740067/">thread on Smogon.</a></div>
|j|☆crck like alakazam
|j|‽LT_Alt1
|t:|1781325228
|gametype|singles
|player|p1|crck like alakazam|psychicf-gen4|1754
|player|p2|LT_Alt1|1|1858
|gen|9
|tier|[Gen 9] OU
|rated|
|rule|HP Percentage Mod: HP is shown in percentages
|rule|Endless Battle Clause: Forcing endless battles is banned
|rule|Species Clause: Limit one of each Pokémon
|rule|OHKO Clause: OHKO moves are banned
|rule|Evasion Items Clause: Evasion items are banned
|rule|Evasion Moves Clause: Evasion moves are banned
|rule|Evasion Abilities Clause: Evasion abilities are banned
|rule|Sleep Moves Clause: Sleep-inducing moves are banned
|clearpoke
|poke|p1|Iron Treads|
|poke|p1|Pelipper, F|
|poke|p1|Dondozo, M|
|poke|p1|Overqwil, M|
|poke|p1|Enamorus, F|
|poke|p1|Raging Bolt|
|poke|p2|Kyurem|
|poke|p2|Raging Bolt|
|poke|p2|Hatterene, F|
|poke|p2|Slowking-Galar, M|
|poke|p2|Ting-Lu|
|poke|p2|Corviknight, F|
|teampreview
|inactive|Battle timer is ON: inactive players will automatically lose when time's up. (requested by crck like alakazam)
|
|t:|1781325243
|teamsize|p1|6
|teamsize|p2|6
|start
|switch|p1a: GangStarrFromAbove|Enamorus, F|100/100
|switch|p2a: Slowking|Slowking-Galar, M|100/100
|turn|1
|
|t:|1781325254
|switch|p1a: C.T.E.Spins|Iron Treads|100/100
|-enditem|p1a: C.T.E.Spins|Booster Energy
|-activate|p1a: C.T.E.Spins|ability: Quark Drive|[fromitem]
|-start|p1a: C.T.E.Spins|quarkdrivespe
|-prepare|p2a: Slowking|Chilly Reception|[premajor]
|move|p2a: Slowking|Chilly Reception|p2a: Slowking
|-weather|Snowscape
|
|t:|1781325262
|switch|p2a: Hatterene|Hatterene, F|100/100|[from] Chilly Reception
|
|-weather|Snowscape|[upkeep]
|upkeep
|turn|2
|
|t:|1781325266
|switch|p2a: Slowking|Slowking-Galar, M|100/100
|move|p1a: C.T.E.Spins|Earthquake|p2a: Slowking
|-supereffective|p2a: Slowking
|-enditem|p2a: Slowking|Shuca Berry|[eat]
|-enditem|p2a: Slowking|Shuca Berry|[weaken]
|-damage|p2a: Slowking|69/100
|
|-weather|Snowscape|[upkeep]
|upkeep
|turn|3
|
|t:|1781325274
|switch|p2a: Corviknight|Corviknight, F|100/100
|-ability|p2a: Corviknight|Pressure
|move|p1a: C.T.E.Spins|Earthquake|p2a: Corviknight
|-immune|p2a: Corviknight
|
|-weather|Snowscape|[upkeep]
|upkeep
|turn|4
|
|t:|1781325280
|move|p1a: C.T.E.Spins|Volt Switch|p2a: Corviknight
|-supereffective|p2a: Corviknight
|-damage|p2a: Corviknight|80/100
|
|t:|1781325295
|-end|p1a: C.T.E.Spins|Quark Drive|[silent]
|switch|p1a: 4Pc Peliac Combo|Pelipper, F|100/100|[from] Volt Switch
|-weather|RainDance|[from] ability: Drizzle|[of] p1a: 4Pc Peliac Combo
|move|p2a: Corviknight|Body Press|p1a: 4Pc Peliac Combo
|-resisted|p1a: 4Pc Peliac Combo
|-damage|p1a: 4Pc Peliac Combo|91/100
|
|-weather|RainDance|[upkeep]
|upkeep
|turn|5
|
|t:|1781325299
|switch|p2a: Slowking|Slowking-Galar, M|100/100
|move|p1a: 4Pc Peliac Combo|U-turn|p2a: Slowking
|-damage|p2a: Slowking|91/100
|
|t:|1781325301
|switch|p1a: WishABozoWould|Dondozo, M|100/100|[from] U-turn
|
|-weather|RainDance|[upkeep]
|upkeep
|turn|6
|
|t:|1781325310
|switch|p2a: Raging Bolt|Raging Bolt|100/100
|move|p1a: WishABozoWould|Wave Crash|p2a: Raging Bolt
|-resisted|p2a: Raging Bolt
|-damage|p2a: Raging Bolt|46/100
|-damage|p1a: WishABozoWould|85/100|[from] Recoil
|
|-weather|RainDance|[upkeep]
|upkeep
|turn|7
|
|t:|1781325314
|switch|p1a: C.T.E.Spins|Iron Treads|100/100
|move|p2a: Raging Bolt|Draco Meteor|p1a: C.T.E.Spins
|-resisted|p1a: C.T.E.Spins
|-damage|p1a: C.T.E.Spins|59/100
|-unboost|p2a: Raging Bolt|spa|2
|
|-weather|RainDance|[upkeep]
|upkeep
|turn|8
|
|t:|1781325320
|-end|p1a: C.T.E.Spins|Quark Drive|[silent]
|switch|p1a: WishABozoWould|Dondozo, M|85/100
|-end|p2a: Raging Bolt|Protosynthesis|[silent]
|switch|p2a: Ting-Lu|Ting-Lu|100/100
|-ability|p2a: Ting-Lu|Vessel of Ruin
|
|-weather|RainDance|[upkeep]
|upkeep
|turn|9
|
|t:|1781325327
|switch|p2a: Corviknight|Corviknight, F|80/100
|-ability|p2a: Corviknight|Pressure
|move|p1a: WishABozoWould|Wave Crash|p2a: Corviknight
|-damage|p2a: Corviknight|0 fnt
|-damage|p1a: WishABozoWould|69/100|[from] item: Rocky Helmet|[of] p2a: Corviknight
|faint|p2a: Corviknight
|-damage|p1a: WishABozoWould|47/100|[from] Recoil
|
|-weather|RainDance|[upkeep]
|upkeep
|
|t:|1781325330
|switch|p2a: Raging Bolt|Raging Bolt|46/100
|turn|10
|
|t:|1781325334
|-end|p2a: Raging Bolt|Protosynthesis|[silent]
|switch|p2a: Kyurem|Kyurem|100/100
|-ability|p2a: Kyurem|Pressure
|switch|p1a: C.T.E.Spins|Iron Treads|59/100
|
|-weather|RainDance|[upkeep]
|upkeep
|turn|11
|
|t:|1781325340
|move|p1a: C.T.E.Spins|Earthquake|p2a: Kyurem
|-damage|p2a: Kyurem|65/100
|move|p2a: Kyurem|Earth Power|p1a: C.T.E.Spins
|-supereffective|p1a: C.T.E.Spins
|-damage|p1a: C.T.E.Spins|0 fnt
|faint|p1a: C.T.E.Spins
|-end|p1a: C.T.E.Spins|Quark Drive|[silent]
|
|-weather|none
|upkeep
|
|t:|1781325348
|switch|p1a: 4Pc Peliac Combo|Pelipper, F|91/100
|-weather|RainDance|[from] ability: Drizzle|[of] p1a: 4Pc Peliac Combo
|turn|12
|j| dalty dalty dalty
|
|t:|1781325352
|switch|p2a: Slowking|Slowking-Galar, M|100/100
|move|p1a: 4Pc Peliac Combo|U-turn|p2a: Slowking
|-damage|p2a: Slowking|92/100
|
|t:|1781325356
|switch|p1a: WishABozoWould|Dondozo, M|47/100|[from] U-turn
|
|-weather|RainDance|[upkeep]
|upkeep
|turn|13
|
|t:|1781325369
|-terastallize|p2a: Slowking|Grass
|move|p1a: WishABozoWould|Wave Crash|p2a: Slowking
|-resisted|p2a: Slowking
|-damage|p2a: Slowking|36/100
|-damage|p1a: WishABozoWould|31/100|[from] Recoil
|-prepare|p2a: Slowking|Chilly Reception|[premajor]
|move|p2a: Slowking|Chilly Reception|p2a: Slowking
|-weather|Snowscape
|
|t:|1781325374
|switch|p2a: Kyurem|Kyurem|65/100|[from] Chilly Reception
|-ability|p2a: Kyurem|Pressure
|
|-weather|Snowscape|[upkeep]
|upkeep
|turn|14
|
|t:|1781325379
|move|p2a: Kyurem|Freeze-Dry|p1a: WishABozoWould
|-supereffective|p1a: WishABozoWould
|-damage|p1a: WishABozoWould|0 fnt
|faint|p1a: WishABozoWould
|
|-weather|Snowscape|[upkeep]
|upkeep
|
|t:|1781325383
|switch|p1a: GangStarrFromAbove|Enamorus, F|100/100
|turn|15
|
|t:|1781325398
|switch|p2a: Slowking|Slowking-Galar, M, tera:Grass|69/100
|move|p1a: GangStarrFromAbove|Weather Ball|p2a: Slowking
|-supereffective|p2a: Slowking
|-damage|p2a: Slowking|15/100
|
|-weather|Snowscape|[upkeep]
|upkeep
|turn|16
|
|t:|1781325406
|move|p1a: GangStarrFromAbove|Weather Ball|p2a: Slowking
|-supereffective|p2a: Slowking
|-damage|p2a: Slowking|0 fnt
|faint|p2a: Slowking
|
|-weather|Snowscape|[upkeep]
|upkeep
|
|t:|1781325407
|switch|p2a: Kyurem|Kyurem|65/100
|-ability|p2a: Kyurem|Pressure
|turn|17
|
|t:|1781325410
|switch|p1a: 4Pc Peliac Combo|Pelipper, F|91/100
|-weather|RainDance|[from] ability: Drizzle|[of] p1a: 4Pc Peliac Combo
|move|p2a: Kyurem|Freeze-Dry|p1a: 4Pc Peliac Combo
|-supereffective|p1a: 4Pc Peliac Combo
|-damage|p1a: 4Pc Peliac Combo|0 fnt
|faint|p1a: 4Pc Peliac Combo
|
|-weather|RainDance|[upkeep]
|upkeep
|
|t:|1781325414
|switch|p1a: GangStarrFromAbove|Enamorus, F|100/100
|turn|18
|
|t:|1781325417
|move|p1a: GangStarrFromAbove|Moonblast|p2a: Kyurem
|-supereffective|p2a: Kyurem
|-damage|p2a: Kyurem|0 fnt
|faint|p2a: Kyurem
|
|-weather|RainDance|[upkeep]
|upkeep
|
|t:|1781325421
|switch|p2a: Raging Bolt|Raging Bolt|46/100
|turn|19
|
|t:|1781325430
|-terastallize|p1a: GangStarrFromAbove|Ground
|move|p2a: Raging Bolt|Thunderclap|p1a: GangStarrFromAbove
|-immune|p1a: GangStarrFromAbove
|move|p1a: GangStarrFromAbove|Moonblast|p2a: Raging Bolt
|-supereffective|p2a: Raging Bolt
|-damage|p2a: Raging Bolt|0 fnt
|faint|p2a: Raging Bolt
|-end|p2a: Raging Bolt|Protosynthesis|[silent]
|
|-weather|RainDance|[upkeep]
|upkeep
|
|t:|1781325433
|switch|p2a: Hatterene|Hatterene, F|100/100
|turn|20
|
|t:|1781325437
|move|p1a: GangStarrFromAbove|Moonblast|p2a: Hatterene
|-damage|p2a: Hatterene|45/100
|move|p2a: Hatterene|Pain Split|p1a: GangStarrFromAbove
|-sethp|p1a: GangStarrFromAbove|72/100|[from] move: Pain Split|[silent]
|-sethp|p2a: Hatterene|73/100|[from] move: Pain Split
|
|-weather|RainDance|[upkeep]
|-heal|p2a: Hatterene|79/100|[from] item: Leftovers
|upkeep
|turn|21
|
|t:|1781325446
|move|p1a: GangStarrFromAbove|Moonblast|p2a: Hatterene
|-damage|p2a: Hatterene|30/100
|move|p2a: Hatterene|Pain Split|p1a: GangStarrFromAbove
|-sethp|p1a: GangStarrFromAbove|51/100|[from] move: Pain Split|[silent]
|-sethp|p2a: Hatterene|51/100|[from] move: Pain Split
|
|-weather|RainDance|[upkeep]
|-heal|p2a: Hatterene|57/100|[from] item: Leftovers
|upkeep
|turn|22
|
|t:|1781325452
|move|p1a: GangStarrFromAbove|Moonblast|p2a: Hatterene
|-damage|p2a: Hatterene|8/100
|move|p2a: Hatterene|Psyshock|p1a: GangStarrFromAbove
|-damage|p1a: GangStarrFromAbove|0 fnt
|faint|p1a: GangStarrFromAbove
|
|-weather|RainDance|[upkeep]
|-heal|p2a: Hatterene|14/100|[from] item: Leftovers
|upkeep
|
|t:|1781325457
|switch|p1a: PurpleRain|Overqwil, M, shiny|100/100
|turn|23
|
|t:|1781325460
|move|p1a: PurpleRain|Waterfall|p2a: Hatterene
|-damage|p2a: Hatterene|0 fnt
|faint|p2a: Hatterene
|-damage|p1a: PurpleRain|91/100|[from] item: Life Orb
|
|-weather|RainDance|[upkeep]
|upkeep
|
|t:|1781325463
|switch|p2a: Ting-Lu|Ting-Lu|100/100
|-ability|p2a: Ting-Lu|Vessel of Ruin
|turn|24
|
|t:|1781325469
|move|p1a: PurpleRain|Destiny Bond|p1a: PurpleRain
|-singlemove|p1a: PurpleRain|Destiny Bond
|move|p2a: Ting-Lu|Earthquake|p1a: PurpleRain
|-supereffective|p1a: PurpleRain
|-damage|p1a: PurpleRain|8/100
|
|-weather|none
|upkeep
|turn|25
|
|t:|1781325478
|switch|p1a: Ol'DirtyBolt|Raging Bolt|100/100
|-enditem|p1a: Ol'DirtyBolt|Booster Energy
|-activate|p1a: Ol'DirtyBolt|ability: Protosynthesis|[fromitem]
|-start|p1a: Ol'DirtyBolt|protosynthesisspa
|move|p2a: Ting-Lu|Earthquake|p1a: Ol'DirtyBolt
|-supereffective|p1a: Ol'DirtyBolt
|-damage|p1a: Ol'DirtyBolt|29/100
|
|upkeep
|turn|26
|
|t:|1781325481
|move|p1a: Ol'DirtyBolt|Dragon Pulse|p2a: Ting-Lu
|-damage|p2a: Ting-Lu|68/100
|move|p2a: Ting-Lu|Earthquake|p1a: Ol'DirtyBolt
|-supereffective|p1a: Ol'DirtyBolt
|-damage|p1a: Ol'DirtyBolt|0 fnt
|faint|p1a: Ol'DirtyBolt
|-end|p1a: Ol'DirtyBolt|Protosynthesis|[silent]
|
|-heal|p2a: Ting-Lu|75/100|[from] item: Leftovers
|upkeep
|
|t:|1781325483
|switch|p1a: PurpleRain|Overqwil, M, shiny|8/100
|turn|27
|
|t:|1781325485
|move|p1a: PurpleRain|Swords Dance|p1a: PurpleRain
|-boost|p1a: PurpleRain|atk|2
|move|p2a: Ting-Lu|Spikes|p1a: PurpleRain
|-sidestart|p1: crck like alakazam|Spikes
|
|-heal|p2a: Ting-Lu|81/100|[from] item: Leftovers
|upkeep
|turn|28
|inactive|crck like alakazam has 120 seconds left.
|j| EBT FOOD STAMPS
|
|t:|1781325531
|move|p1a: PurpleRain|Waterfall|p2a: Ting-Lu
|-supereffective|p2a: Ting-Lu
|-damage|p2a: Ting-Lu|2/100
|-damage|p1a: PurpleRain|0 fnt|[from] item: Life Orb
|faint|p1a: PurpleRain
|
|win|LT_Alt1
|raw|crck like alakazam's rating: 1754 &rarr; <strong>1740</strong><br />(-14 for losing)
|raw|LT_Alt1's rating: 1858 &rarr; <strong>1872</strong><br />(+14 for winning)
|l|☆crck like alakazam
|player|p1|
|l| dalty dalty dalty
