|j|‽my2005
|j|☆InfinityPokeRang3r
|t:|1781206072
|gametype|singles
|player|p1|my2005|170|1556
|player|p2|InfinityPokeRang3r|ingo|1553
|gen|9
|tier|[Gen 9] OU
|rated|
|rule|HP Percentage Mod: HP is shown in percentages
|rule|Endless Battle Clause: Forcing endless battles is banned
|rule|Species Clause: Limit one of each Pokémon
|rule|OHKO Clause: OHKO moves are banned
|rule|Evasion Items Clause: Evasion items are banned
|rule|Evasion Moves Clause: Evasion moves are banned
|rule|Evasion Abilities Clause: Evasion abilities are banned
|rule|Sleep Moves Clause: Sleep-inducing moves are banned
|clearpoke
|poke|p1|Kyurem|
|poke|p1|Cinderace, M|
|poke|p1|Hoopa-Unbound|
|poke|p1|Gliscor, M|
|poke|p1|Raging Bolt|
|poke|p1|Slowking-Galar, M|
|poke|p2|Glimmora, M|
|poke|p2|Zapdos-Galar|
|poke|p2|Kyurem|
|poke|p2|Araquanid, M|
|poke|p2|Iron Treads|
|poke|p2|Sinistcha-Masterpiece|
|teampreview
|
|t:|1781206077
|teamsize|p1|6
|teamsize|p2|6
|start
|switch|p1a: Kyurem|Kyurem|100/100
|switch|p2a: Araquanid|Araquanid, M|100/100
|-ability|p1a: Kyurem|Pressure
|turn|1
|
|t:|1781206082
|switch|p2a: Iron Treads|Iron Treads|100/100
|move|p1a: Kyurem|Substitute|p1a: Kyurem
|-start|p1a: Kyurem|Substitute
|-damage|p1a: Kyurem|76/100
|
|-heal|p1a: Kyurem|82/100|[from] item: Leftovers
|upkeep
|turn|2
|inactive|Battle timer is ON: inactive players will automatically lose when time's up. (requested by my2005)
|
|t:|1781206088
|move|p2a: Iron Treads|Rapid Spin|p1a: Kyurem
|-activate|p1a: Kyurem|move: Substitute|[damage]
|-boost|p2a: Iron Treads|spe|1
|move|p1a: Kyurem|Earth Power|p2a: Iron Treads
|-supereffective|p2a: Iron Treads
|-damage|p2a: Iron Treads|44/100
|
|-heal|p1a: Kyurem|88/100|[from] item: Leftovers
|upkeep
|turn|3
|
|t:|1781206096
|move|p2a: Iron Treads|Iron Head|p1a: Kyurem
|-supereffective|p1a: Kyurem
|-end|p1a: Kyurem|Substitute
|move|p1a: Kyurem|Earth Power|p2a: Iron Treads
|-supereffective|p2a: Iron Treads
|-damage|p2a: Iron Treads|0 fnt
|faint|p2a: Iron Treads
|-end|p2a: Iron Treads|Quark Drive|[silent]
|
|-heal|p1a: Kyurem|94/100|[from] item: Leftovers
|upkeep
|
|t:|1781206105
|switch|p2a: Zapdos|Zapdos-Galar|100/100
|turn|4
|
|t:|1781206109
|move|p1a: Kyurem|Protect|p1a: Kyurem
|-singleturn|p1a: Kyurem|Protect
|move|p2a: Zapdos|Thunderous Kick|p1a: Kyurem
|-activate|p1a: Kyurem|move: Protect
|
|-heal|p1a: Kyurem|99/100|[from] item: Leftovers
|upkeep
|turn|5
|inactive|my2005 has 120 seconds left.
|
|t:|1781206145
|switch|p1a: Slowking|Slowking-Galar, M|100/100
|move|p2a: Zapdos|Thunderous Kick|p1a: Slowking
|-resisted|p1a: Slowking
|-damage|p1a: Slowking|82/100
|-unboost|p1a: Slowking|def|1
|
|upkeep
|turn|6
|inactive|my2005 has 120 seconds left.
|
|t:|1781206152
|switch|p2a: Araquanid|Araquanid, M|100/100
|-prepare|p1a: Slowking|Chilly Reception|[premajor]
|move|p1a: Slowking|Chilly Reception|p1a: Slowking
|-weather|Snowscape
|
|t:|1781206154
|switch|p1a: Kyurem|Kyurem|99/100|[from] Chilly Reception
|-ability|p1a: Kyurem|Pressure
|
|-weather|Snowscape|[upkeep]
|-heal|p1a: Kyurem|100/100|[from] item: Leftovers
|upkeep
|turn|7
|
|t:|1781206161
|move|p1a: Kyurem|Substitute|p1a: Kyurem
|-start|p1a: Kyurem|Substitute
|-damage|p1a: Kyurem|76/100
|move|p2a: Araquanid|Liquidation|p1a: Kyurem
|-resisted|p1a: Kyurem
|-activate|p1a: Kyurem|move: Substitute|[damage]
|
|-weather|Snowscape|[upkeep]
|-heal|p1a: Kyurem|82/100|[from] item: Leftovers
|upkeep
|turn|8
|j| frenchflamingotwo
|-activate|p2a: Araquanid|item: Quick Claw
|
|t:|1781206170
|move|p2a: Araquanid|Liquidation|p1a: Kyurem
|-resisted|p1a: Kyurem
|-end|p1a: Kyurem|Substitute
|move|p1a: Kyurem|Freeze-Dry|p2a: Araquanid
|-supereffective|p2a: Araquanid
|-damage|p2a: Araquanid|44/100
|
|-weather|Snowscape|[upkeep]
|-heal|p1a: Kyurem|88/100|[from] item: Leftovers
|upkeep
|turn|9
|
|t:|1781206181
|move|p1a: Kyurem|Substitute|p1a: Kyurem
|-start|p1a: Kyurem|Substitute
|-damage|p1a: Kyurem|63/100
|move|p2a: Araquanid|Sticky Web|p1a: Kyurem
|-sidestart|p1: my2005|move: Sticky Web
|
|-weather|Snowscape|[upkeep]
|-heal|p1a: Kyurem|69/100|[from] item: Leftovers
|upkeep
|turn|10
|
|t:|1781206187
|move|p1a: Kyurem|Freeze-Dry|p2a: Araquanid
|-supereffective|p2a: Araquanid
|-damage|p2a: Araquanid|0 fnt
|faint|p2a: Araquanid
|
|-weather|none
|-heal|p1a: Kyurem|75/100|[from] item: Leftovers
|upkeep
|
|t:|1781206192
|switch|p2a: Glimmora|Glimmora, M|100/100
|turn|11
|
|t:|1781206196
|move|p1a: Kyurem|Earth Power|p2a: Glimmora
|-supereffective|p2a: Glimmora
|-enditem|p2a: Glimmora|Focus Sash
|-damage|p2a: Glimmora|1/100
|move|p2a: Glimmora|Power Gem|p1a: Kyurem
|-supereffective|p1a: Kyurem
|-end|p1a: Kyurem|Substitute
|
|-heal|p1a: Kyurem|81/100|[from] item: Leftovers
|upkeep
|turn|12
|
|t:|1781206205
|move|p1a: Kyurem|Freeze-Dry|p2a: Glimmora
|-damage|p2a: Glimmora|0 fnt
|faint|p2a: Glimmora
|
|-heal|p1a: Kyurem|87/100|[from] item: Leftovers
|upkeep
|
|t:|1781206216
|switch|p2a: Kyurem|Kyurem|100/100
|-ability|p2a: Kyurem|Pressure
|turn|13
|
|t:|1781206225
|switch|p1a: Slowking|Slowking-Galar, M|100/100
|-activate|p1a: Slowking|move: Sticky Web
|-unboost|p1a: Slowking|spe|1
|move|p2a: Kyurem|Earth Power|p1a: Slowking
|-supereffective|p1a: Slowking
|-damage|p1a: Slowking|31/100
|-unboost|p1a: Slowking|spd|1
|
|upkeep
|turn|14
|
|t:|1781206239
|switch|p2a: Sinistcha|Sinistcha-Masterpiece|100/100
|switch|p1a: Gliscor|Gliscor, M|100/100
|
|-status|p1a: Gliscor|tox|[from] item: Toxic Orb
|upkeep
|turn|15
|
|t:|1781206261
|switch|p1a: Cinderace|Cinderace, M|100/100
|move|p2a: Sinistcha|Calm Mind|p2a: Sinistcha
|-boost|p2a: Sinistcha|spa|1
|-boost|p2a: Sinistcha|spd|1
|
|upkeep
|turn|16
|
|t:|1781206276
|switch|p1a: Hoopa|Hoopa-Unbound|100/100
|-activate|p1a: Hoopa|move: Sticky Web
|-unboost|p1a: Hoopa|spe|1
|move|p2a: Sinistcha|Strength Sap|p1a: Hoopa
|-unboost|p1a: Hoopa|atk|1
|
|upkeep
|turn|17
|
|t:|1781206283
|move|p2a: Sinistcha|Strength Sap|p1a: Hoopa
|-unboost|p1a: Hoopa|atk|1
|move|p1a: Hoopa|Knock Off|p2a: Sinistcha
|-supereffective|p2a: Sinistcha
|-damage|p2a: Sinistcha|9/100
|-enditem|p2a: Sinistcha|Heavy-Duty Boots|[from] move: Knock Off|[of] p1a: Hoopa
|
|upkeep
|turn|18
|
|t:|1781206290
|switch|p1a: Kyurem|Kyurem|87/100
|-activate|p1a: Kyurem|move: Sticky Web
|-unboost|p1a: Kyurem|spe|1
|-ability|p1a: Kyurem|Pressure
|move|p2a: Sinistcha|Strength Sap|p1a: Kyurem
|-unboost|p1a: Kyurem|atk|1
|-heal|p2a: Sinistcha|77/100
|
|-heal|p1a: Kyurem|93/100|[from] item: Leftovers
|upkeep
|turn|19
|
|t:|1781206298
|move|p1a: Kyurem|Freeze-Dry|p2a: Sinistcha
|-supereffective|p2a: Sinistcha
|-damage|p2a: Sinistcha|32/100
|-status|p2a: Sinistcha|frz
|-curestatus|p2a: Sinistcha|frz|[from] move: Matcha Gotcha
|move|p2a: Sinistcha|Matcha Gotcha|p1a: Kyurem
|-resisted|p1a: Kyurem
|-damage|p1a: Kyurem|66/100
|-heal|p2a: Sinistcha|48/100|[from] drain|[of] p1a: Kyurem
|
|-heal|p1a: Kyurem|72/100|[from] item: Leftovers
|upkeep
|turn|20
|
|t:|1781206320
|switch|p2a: Zapdos|Zapdos-Galar|100/100
|move|p1a: Kyurem|Freeze-Dry|p2a: Zapdos
|-supereffective|p2a: Zapdos
|-damage|p2a: Zapdos|12/100
|
|-heal|p1a: Kyurem|78/100|[from] item: Leftovers
|upkeep
|turn|21
|
|t:|1781206325
|move|p1a: Kyurem|Protect|p1a: Kyurem
|-singleturn|p1a: Kyurem|Protect
|move|p2a: Zapdos|Knock Off|p1a: Kyurem
|-activate|p1a: Kyurem|move: Protect
|
|-heal|p1a: Kyurem|84/100|[from] item: Leftovers
|upkeep
|turn|22
|
|t:|1781206329
|switch|p1a: Gliscor|Gliscor, M|100/100 tox
|move|p2a: Zapdos|Knock Off|p1a: Gliscor
|-damage|p1a: Gliscor|64/100 tox
|-enditem|p1a: Gliscor|Toxic Orb|[from] move: Knock Off|[of] p2a: Zapdos
|
|-heal|p1a: Gliscor|76/100 tox|[from] ability: Poison Heal
|upkeep
|turn|23
|
|t:|1781206334
|switch|p2a: Kyurem|Kyurem|100/100
|-ability|p2a: Kyurem|Pressure
|move|p1a: Gliscor|Swords Dance|p1a: Gliscor
|-boost|p1a: Gliscor|atk|2
|
|-heal|p1a: Gliscor|89/100 tox|[from] ability: Poison Heal
|upkeep
|turn|24
|
|t:|1781206343
|-terastallize|p1a: Gliscor|Normal
|move|p2a: Kyurem|Freeze-Dry|p1a: Gliscor
|-damage|p1a: Gliscor|23/100 tox
|move|p1a: Gliscor|Agility|p1a: Gliscor
|-boost|p1a: Gliscor|spe|2
|
|-heal|p1a: Gliscor|36/100 tox|[from] ability: Poison Heal
|upkeep
|turn|25
|-message|InfinityPokeRang3r forfeited.
|
|win|my2005
|raw|my2005's rating: 1556 &rarr; <strong>1576</strong><br />(+20 for winning)
|raw|InfinityPokeRang3r's rating: 1553 &rarr; <strong>1533</strong><br />(-20 for losing)
|l|☆InfinityPokeRang3r
|player|p2|
|l|‽my2005
|player|p1|
|l| frenchflamingotwo
