|j|☆Joegirl
|j|☆hdy nb
|t:|1781525539
|gametype|singles
|player|p1|Joegirl|2|1596
|player|p2|hdy nb|colress|1600
|gen|9
|tier|[Gen 9] OU
|rated|
|rule|HP Percentage Mod: HP is shown in percentages
|rule|Endless Battle Clause: Forcing endless battles is banned
|rule|Species Clause: Limit one of each Pokémon
|rule|OHKO Clause: OHKO moves are banned
|rule|Evasion Items Clause: Evasion items are banned
|rule|Evasion Moves Clause: Evasion moves are banned
|rule|Evasion Abilities Clause: Evasion abilities are banned
|rule|Sleep Moves Clause: Sleep-inducing moves are banned
|clearpoke
|poke|p1|Cresselia, F|
|poke|p1|Walking Wake|
|poke|p1|Torkoal, F|
|poke|p1|Raging Bolt|
|poke|p1|Rillaboom, M|
|poke|p1|Ceruledge, F|
|poke|p2|Pelipper, M|
|poke|p2|Zapdos|
|poke|p2|Barraskewda, M|
|poke|p2|Iron Treads|
|poke|p2|Primarina, M|
|poke|p2|Overqwil, M|
|teampreview
|
|t:|1781525551
|teamsize|p1|6
|teamsize|p2|6
|start
|switch|p1a: Rillaboom|Rillaboom, M|100/100
|switch|p2a: Iron Treads|Iron Treads|100/100
|-fieldstart|move: Grassy Terrain|[from] ability: Grassy Surge|[of] p1a: Rillaboom
|turn|1
|inactive|Battle timer is ON: inactive players will automatically lose when time's up. (requested by Joegirl)
|
|t:|1781525567
|move|p2a: Iron Treads|Ice Spinner|p1a: Rillaboom
|-supereffective|p1a: Rillaboom
|-damage|p1a: Rillaboom|44/100
|-fieldend|move: Grassy Terrain
|move|p1a: Rillaboom|Wood Hammer|p2a: Iron Treads
|-damage|p2a: Iron Treads|23/100
|-damage|p1a: Rillaboom|20/100|[from] Recoil
|
|upkeep
|turn|2
|
|t:|1781525582
|switch|p1a: Walking Wake|Walking Wake|100/100
|move|p2a: Iron Treads|Earthquake|p1a: Walking Wake
|-damage|p1a: Walking Wake|49/100
|
|upkeep
|turn|3
|
|t:|1781525602
|-end|p1a: Walking Wake|Protosynthesis|[silent]
|switch|p1a: Cresselia|Cresselia, F|100/100
|-end|p2a: Iron Treads|Quark Drive|[silent]
|switch|p2a: Primarina|Primarina, M|100/100
|
|upkeep
|turn|4
|
|t:|1781525620
|switch|p1a: Torkoal|Torkoal, F|100/100
|-weather|SunnyDay|[from] ability: Drought|[of] p1a: Torkoal
|move|p2a: Primarina|Substitute|p2a: Primarina
|-start|p2a: Primarina|Substitute
|-damage|p2a: Primarina|75/100
|
|-weather|SunnyDay|[upkeep]
|-heal|p2a: Primarina|82/100|[from] item: Leftovers
|upkeep
|turn|5
|
|t:|1781525633
|move|p2a: Primarina|Calm Mind|p2a: Primarina
|-boost|p2a: Primarina|spa|1
|-boost|p2a: Primarina|spd|1
|move|p1a: Torkoal|Stealth Rock|p2a: Primarina
|-sidestart|p2: hdy nb|move: Stealth Rock
|
|-weather|SunnyDay|[upkeep]
|-heal|p2a: Primarina|88/100|[from] item: Leftovers
|upkeep
|turn|6
|inactive|Joegirl has 120 seconds left.
|
|t:|1781525684
|switch|p1a: Cresselia|Cresselia, F|100/100
|move|p2a: Primarina|Calm Mind|p2a: Primarina
|-boost|p2a: Primarina|spa|1
|-boost|p2a: Primarina|spd|1
|
|-weather|SunnyDay|[upkeep]
|-heal|p2a: Primarina|94/100|[from] item: Leftovers
|upkeep
|turn|7
|
|t:|1781525704
|move|p1a: Cresselia|Calm Mind|p1a: Cresselia
|-boost|p1a: Cresselia|spa|1
|-boost|p1a: Cresselia|spd|1
|move|p2a: Primarina|Moonblast|p1a: Cresselia
|-damage|p1a: Cresselia|52/100
|
|-weather|SunnyDay|[upkeep]
|-heal|p2a: Primarina|99/100|[from] item: Leftovers
|upkeep
|turn|8
|
|t:|1781525716
|move|p1a: Cresselia|Calm Mind|p1a: Cresselia
|-boost|p1a: Cresselia|spa|1
|-boost|p1a: Cresselia|spd|1
|move|p2a: Primarina|Moonblast|p1a: Cresselia
|-damage|p1a: Cresselia|14/100
|
|-weather|SunnyDay|[upkeep]
|-heal|p2a: Primarina|100/100|[from] item: Leftovers
|upkeep
|turn|9
|
|t:|1781525727
|move|p1a: Cresselia|Moonlight|p1a: Cresselia
|-heal|p1a: Cresselia|81/100
|move|p2a: Primarina|Calm Mind|p2a: Primarina
|-boost|p2a: Primarina|spa|1
|-boost|p2a: Primarina|spd|1
|
|-weather|SunnyDay|[upkeep]
|upkeep
|turn|10
|
|t:|1781525736
|move|p1a: Cresselia|Calm Mind|p1a: Cresselia
|-boost|p1a: Cresselia|spa|1
|-boost|p1a: Cresselia|spd|1
|move|p2a: Primarina|Moonblast|p1a: Cresselia
|-damage|p1a: Cresselia|45/100
|
|-weather|SunnyDay|[upkeep]
|upkeep
|turn|11
|
|t:|1781525744
|move|p1a: Cresselia|Calm Mind|p1a: Cresselia
|-boost|p1a: Cresselia|spa|1
|-boost|p1a: Cresselia|spd|1
|move|p2a: Primarina|Moonblast|p1a: Cresselia
|-damage|p1a: Cresselia|17/100
|
|-weather|none
|upkeep
|turn|12
|
|t:|1781525753
|move|p1a: Cresselia|Moonlight|p1a: Cresselia
|-heal|p1a: Cresselia|67/100
|move|p2a: Primarina|Calm Mind|p2a: Primarina
|-boost|p2a: Primarina|spa|1
|-boost|p2a: Primarina|spd|1
|
|upkeep
|turn|13
|
|t:|1781525763
|move|p1a: Cresselia|Calm Mind|p1a: Cresselia
|-boost|p1a: Cresselia|spa|1
|-boost|p1a: Cresselia|spd|1
|move|p2a: Primarina|Calm Mind|p2a: Primarina
|-boost|p2a: Primarina|spa|1
|-boost|p2a: Primarina|spd|1
|
|upkeep
|turn|14
|
|t:|1781525770
|move|p1a: Cresselia|Calm Mind|p1a: Cresselia
|-boost|p1a: Cresselia|spa|1
|-boost|p1a: Cresselia|spd|1
|move|p2a: Primarina|Calm Mind|p2a: Primarina
|-boost|p2a: Primarina|spa|1
|-boost|p2a: Primarina|spd|1
|
|upkeep
|turn|15
|
|t:|1781525777
|move|p1a: Cresselia|Stored Power|p2a: Primarina
|-end|p2a: Primarina|Substitute
|move|p2a: Primarina|Moonblast|p1a: Cresselia
|-damage|p1a: Cresselia|35/100
|
|upkeep
|turn|16
|
|t:|1781525793
|switch|p2a: Overqwil|Overqwil, M|100/100
|-damage|p2a: Overqwil|88/100|[from] Stealth Rock
|move|p1a: Cresselia|Moonlight|p1a: Cresselia
|-heal|p1a: Cresselia|85/100
|
|upkeep
|turn|17
|
|t:|1781525805
|move|p2a: Overqwil|Crunch|p1a: Cresselia
|-supereffective|p1a: Cresselia
|-damage|p1a: Cresselia|27/100
|-damage|p2a: Overqwil|78/100|[from] item: Life Orb
|move|p1a: Cresselia|Stored Power|p2a: Overqwil
|-immune|p2a: Overqwil
|
|upkeep
|turn|18
|
|t:|1781525817
|-terastallize|p1a: Cresselia|Poison
|move|p2a: Overqwil|Crunch|p1a: Cresselia
|-damage|p1a: Cresselia|0 fnt
|faint|p1a: Cresselia
|-damage|p2a: Overqwil|68/100|[from] item: Life Orb
|
|upkeep
|
|t:|1781525825
|switch|p1a: Ceruledge|Ceruledge, F|100/100
|-item|p1a: Ceruledge|Air Balloon
|turn|19
|j| InVincii
|
|t:|1781525843
|move|p1a: Ceruledge|Poltergeist|p2a: Overqwil
|-activate|p2a: Overqwil|move: Poltergeist|Life Orb
|-resisted|p2a: Overqwil
|-damage|p2a: Overqwil|36/100
|move|p2a: Overqwil|Crunch|p1a: Ceruledge
|-supereffective|p1a: Ceruledge
|-damage|p1a: Ceruledge|0 fnt
|-enditem|p1a: Ceruledge|Air Balloon
|faint|p1a: Ceruledge
|-damage|p2a: Overqwil|26/100|[from] item: Life Orb
|
|upkeep
|j| choispecs ironmoth
|
|t:|1781525848
|switch|p1a: Rillaboom|Rillaboom, M|20/100
|-fieldstart|move: Grassy Terrain|[from] ability: Grassy Surge|[of] p1a: Rillaboom
|turn|20
|
|t:|1781525873
|move|p1a: Rillaboom|Wood Hammer|p2a: Overqwil
|-resisted|p2a: Overqwil
|-damage|p2a: Overqwil|0 fnt
|faint|p2a: Overqwil
|-damage|p1a: Rillaboom|12/100|[from] Recoil
|
|-heal|p1a: Rillaboom|19/100|[from] Grassy Terrain
|upkeep
|
|t:|1781525886
|switch|p2a: Iron Treads|Iron Treads|23/100
|-damage|p2a: Iron Treads|20/100|[from] Stealth Rock
|turn|21
|
|t:|1781525899
|switch|p1a: Torkoal|Torkoal, F|100/100
|-weather|SunnyDay|[from] ability: Drought|[of] p1a: Torkoal
|move|p2a: Iron Treads|Rapid Spin|p1a: Torkoal
|-damage|p1a: Torkoal|89/100
|-boost|p2a: Iron Treads|spe|1
|-sideend|p2: hdy nb|Stealth Rock|[from] move: Rapid Spin|[of] p2a: Iron Treads
|
|-weather|SunnyDay|[upkeep]
|-heal|p2a: Iron Treads|26/100|[from] Grassy Terrain
|-heal|p1a: Torkoal|96/100|[from] Grassy Terrain
|upkeep
|turn|22
|
|t:|1781525911
|move|p2a: Iron Treads|Earthquake|p1a: Torkoal
|-supereffective|p1a: Torkoal
|-damage|p1a: Torkoal|57/100
|move|p1a: Torkoal|Stealth Rock|p2a: Iron Treads
|-sidestart|p2: hdy nb|move: Stealth Rock
|
|-weather|SunnyDay|[upkeep]
|-heal|p2a: Iron Treads|32/100|[from] Grassy Terrain
|-heal|p1a: Torkoal|63/100|[from] Grassy Terrain
|upkeep
|turn|23
|
|t:|1781525925
|move|p2a: Iron Treads|Rapid Spin|p1a: Torkoal
|-damage|p1a: Torkoal|51/100
|-boost|p2a: Iron Treads|spe|1
|-sideend|p2: hdy nb|Stealth Rock|[from] move: Rapid Spin|[of] p2a: Iron Treads
|move|p1a: Torkoal|Lava Plume|p2a: Iron Treads
|-supereffective|p2a: Iron Treads
|-damage|p2a: Iron Treads|0 fnt
|faint|p2a: Iron Treads
|-end|p2a: Iron Treads|Quark Drive|[silent]
|
|-weather|SunnyDay|[upkeep]
|-heal|p1a: Torkoal|57/100|[from] Grassy Terrain
|upkeep
|
|t:|1781525938
|switch|p2a: Pelipper|Pelipper, M|100/100
|-weather|RainDance|[from] ability: Drizzle|[of] p2a: Pelipper
|turn|24
|
|t:|1781525943
|switch|p1a: Walking Wake|Walking Wake|49/100
|move|p2a: Pelipper|Surf|p1a: Walking Wake
|-resisted|p1a: Walking Wake
|-damage|p1a: Walking Wake|37/100
|
|-weather|RainDance|[upkeep]
|-heal|p1a: Walking Wake|43/100|[from] Grassy Terrain
|-fieldend|move: Grassy Terrain
|upkeep
|turn|25
|
|t:|1781525953
|switch|p2a: Primarina|Primarina, M|100/100
|move|p1a: Walking Wake|Hydro Steam|p2a: Primarina
|-resisted|p2a: Primarina
|-damage|p2a: Primarina|60/100
|
|-weather|RainDance|[upkeep]
|-heal|p2a: Primarina|66/100|[from] item: Leftovers
|upkeep
|turn|26
|
|t:|1781525976
|move|p1a: Walking Wake|Hydro Steam|p2a: Primarina
|-resisted|p2a: Primarina
|-damage|p2a: Primarina|30/100
|move|p2a: Primarina|Hyper Voice|p1a: Walking Wake
|-resisted|p1a: Walking Wake
|-crit|p1a: Walking Wake
|-damage|p1a: Walking Wake|12/100
|
|-weather|RainDance|[upkeep]
|-heal|p2a: Primarina|36/100|[from] item: Leftovers
|upkeep
|turn|27
|
|t:|1781525991
|move|p1a: Walking Wake|Hydro Steam|p2a: Primarina
|-resisted|p2a: Primarina
|-damage|p2a: Primarina|1/100
|move|p2a: Primarina|Hyper Voice|p1a: Walking Wake
|-resisted|p1a: Walking Wake
|-damage|p1a: Walking Wake|0 fnt
|faint|p1a: Walking Wake
|-end|p1a: Walking Wake|Protosynthesis|[silent]
|
|-weather|RainDance|[upkeep]
|-heal|p2a: Primarina|7/100|[from] item: Leftovers
|upkeep
|
|t:|1781525998
|switch|p1a: Rillaboom|Rillaboom, M|19/100
|-fieldstart|move: Grassy Terrain|[from] ability: Grassy Surge|[of] p1a: Rillaboom
|turn|28
|
|t:|1781526015
|switch|p2a: Zapdos|Zapdos|100/100
|move|p1a: Rillaboom|Wood Hammer|p2a: Zapdos
|-resisted|p2a: Zapdos
|-damage|p2a: Zapdos|43/100
|-status|p1a: Rillaboom|par|[from] ability: Static|[of] p2a: Zapdos
|-damage|p1a: Rillaboom|0 fnt|[from] Recoil
|faint|p1a: Rillaboom
|
|-weather|RainDance|[upkeep]
|-heal|p2a: Zapdos|49/100|[from] item: Leftovers
|upkeep
|
|t:|1781526031
|switch|p1a: Raging Bolt|Raging Bolt|100/100
|turn|29
|l| InVincii
|
|t:|1781526049
|move|p2a: Zapdos|Thunder|p1a: Raging Bolt
|-resisted|p1a: Raging Bolt
|-damage|p1a: Raging Bolt|87/100
|move|p1a: Raging Bolt|Dragon Pulse|p2a: Zapdos
|-crit|p2a: Zapdos
|-damage|p2a: Zapdos|0 fnt
|faint|p2a: Zapdos
|
|-weather|RainDance|[upkeep]
|-heal|p1a: Raging Bolt|93/100|[from] Grassy Terrain
|upkeep
|inactive|hdy nb has 120 seconds left.
|
|t:|1781526061
|switch|p2a: Primarina|Primarina, M|7/100
|turn|30
|
|t:|1781526067
|-end|p1a: Raging Bolt|Protosynthesis|[silent]
|switch|p1a: Torkoal|Torkoal, F|57/100
|-weather|SunnyDay|[from] ability: Drought|[of] p1a: Torkoal
|-terastallize|p2a: Primarina|Ground
|move|p2a: Primarina|Moonblast|p1a: Torkoal
|-resisted|p1a: Torkoal
|-damage|p1a: Torkoal|33/100
|-unboost|p1a: Torkoal|spa|1
|
|-weather|SunnyDay|[upkeep]
|-heal|p2a: Primarina|13/100|[from] Grassy Terrain
|-heal|p2a: Primarina|19/100|[from] item: Leftovers
|-heal|p1a: Torkoal|39/100|[from] Grassy Terrain
|upkeep
|turn|31
|inactive|hdy nb has 120 seconds left.
|
|t:|1781526089
|switch|p2a: Pelipper|Pelipper, M|100/100
|-weather|RainDance|[from] ability: Drizzle|[of] p2a: Pelipper
|move|p1a: Torkoal|Stealth Rock|p2a: Pelipper
|-sidestart|p2: hdy nb|move: Stealth Rock
|
|-weather|RainDance|[upkeep]
|-heal|p1a: Torkoal|45/100|[from] Grassy Terrain
|upkeep
|turn|32
|inactive|hdy nb has 120 seconds left.
|
|t:|1781526108
|switch|p1a: Raging Bolt|Raging Bolt|93/100
|move|p2a: Pelipper|U-turn|p1a: Raging Bolt
|-damage|p1a: Raging Bolt|88/100
|inactive|hdy nb has 120 seconds left.
|
|t:|1781526117
|switch|p2a: Barraskewda|Barraskewda, M|100/100|[from] U-turn
|-damage|p2a: Barraskewda|88/100|[from] Stealth Rock
|
|-weather|RainDance|[upkeep]
|-heal|p2a: Barraskewda|94/100|[from] Grassy Terrain
|-heal|p1a: Raging Bolt|94/100|[from] Grassy Terrain
|-fieldend|move: Grassy Terrain
|upkeep
|turn|33
|inactive|hdy nb has 120 seconds left.
|
|t:|1781526129
|move|p2a: Barraskewda|Aqua Jet|p1a: Raging Bolt
|-resisted|p1a: Raging Bolt
|-damage|p1a: Raging Bolt|76/100
|move|p1a: Raging Bolt|Dragon Pulse|p2a: Barraskewda
|-damage|p2a: Barraskewda|0 fnt
|faint|p2a: Barraskewda
|
|-weather|RainDance|[upkeep]
|upkeep
|inactive|hdy nb has 120 seconds left.
|
|t:|1781526139
|switch|p2a: Primarina|Primarina, M, tera:Ground|19/100
|-damage|p2a: Primarina|13/100|[from] Stealth Rock
|turn|34
|
|t:|1781526147
|-end|p1a: Raging Bolt|Protosynthesis|[silent]
|switch|p1a: Torkoal|Torkoal, F|45/100
|-weather|SunnyDay|[from] ability: Drought|[of] p1a: Torkoal
|move|p2a: Primarina|Moonblast|p1a: Torkoal
|-resisted|p1a: Torkoal
|-damage|p1a: Torkoal|23/100
|
|-weather|SunnyDay|[upkeep]
|-heal|p2a: Primarina|19/100|[from] item: Leftovers
|upkeep
|turn|35
|
|t:|1781526159
|move|p2a: Primarina|Hyper Voice|p1a: Torkoal
|-supereffective|p1a: Torkoal
|-damage|p1a: Torkoal|0 fnt
|faint|p1a: Torkoal
|
|-weather|SunnyDay|[upkeep]
|-heal|p2a: Primarina|25/100|[from] item: Leftovers
|upkeep
|
|t:|1781526162
|switch|p1a: Raging Bolt|Raging Bolt|76/100
|-activate|p1a: Raging Bolt|ability: Protosynthesis
|-start|p1a: Raging Bolt|protosynthesisspa
|turn|36
|
|t:|1781526176
|move|p1a: Raging Bolt|Dragon Pulse|p2a: Primarina
|-damage|p2a: Primarina|0 fnt
|faint|p2a: Primarina
|
|-weather|SunnyDay|[upkeep]
|upkeep
|-message|hdy nb forfeited.
|
|win|Joegirl
|raw|Joegirl's rating: 1596 &rarr; <strong>1616</strong><br />(+20 for winning)
|raw|hdy nb's rating: 1600 &rarr; <strong>1580</strong><br />(-20 for losing)
|l|☆hdy nb
|player|p2|
|l|☆Joegirl
|player|p1|
|l| choispecs ironmoth
