|j|☆LanceStern
|j|☆tony urbadaliano
|t:|1780981688
|gametype|singles
|player|p1|LanceStern|brock|1628
|player|p2|tony urbadaliano|hooligans|1557
|gen|9
|tier|[Gen 9] OU
|rated|
|rule|HP Percentage Mod: HP is shown in percentages
|rule|Endless Battle Clause: Forcing endless battles is banned
|rule|Species Clause: Limit one of each Pokémon
|rule|OHKO Clause: OHKO moves are banned
|rule|Evasion Items Clause: Evasion items are banned
|rule|Evasion Moves Clause: Evasion moves are banned
|rule|Evasion Abilities Clause: Evasion abilities are banned
|rule|Sleep Moves Clause: Sleep-inducing moves are banned
|clearpoke
|poke|p1|Deoxys-Speed|
|poke|p1|Iron Moth|
|poke|p1|Samurott-Hisui, F|
|poke|p1|Great Tusk|
|poke|p1|Scizor, F|
|poke|p1|Sinistcha-Masterpiece|
|poke|p2|Iron Valiant|
|poke|p2|Latias, F|
|poke|p2|Kingambit, M|
|poke|p2|Cinderace, F|
|poke|p2|Ogerpon-Wellspring, F|
|poke|p2|Landorus-Therian, M|
|teampreview
|inactive|Battle timer is ON: inactive players will automatically lose when time's up. (requested by tony urbadaliano)
|inactive|LanceStern has 120 seconds left.
|
|t:|1780981736
|teamsize|p1|6
|teamsize|p2|6
|start
|switch|p1a: Deoxys|Deoxys-Speed|100/100
|switch|p2a: cLOUDDEAD|Landorus-Therian, M|100/100
|-ability|p1a: Deoxys|Pressure
|-ability|p2a: cLOUDDEAD|Intimidate|boost
|-unboost|p1a: Deoxys|atk|1
|turn|1
|
|t:|1780981747
|move|p1a: Deoxys|Ice Beam|p2a: cLOUDDEAD
|-supereffective|p2a: cLOUDDEAD
|-crit|p2a: cLOUDDEAD
|-damage|p2a: cLOUDDEAD|0 fnt
|faint|p2a: cLOUDDEAD
|
|upkeep
|
|t:|1780981755
|switch|p2a: The Blue Mask|Ogerpon-Wellspring, F|100/100
|turn|2
|
|t:|1780981782
|move|p1a: Deoxys|Psychic|p2a: The Blue Mask
|-crit|p2a: The Blue Mask
|-damage|p2a: The Blue Mask|26/100
|move|p2a: The Blue Mask|Knock Off|p1a: Deoxys
|-supereffective|p1a: Deoxys
|-damage|p1a: Deoxys|0 fnt
|-enditem|p1a: Deoxys|Expert Belt|[from] move: Knock Off|[of] p2a: The Blue Mask
|faint|p1a: Deoxys
|
|upkeep
|
|t:|1780981789
|switch|p1a: Iron Moth|Iron Moth|100/100
|-enditem|p1a: Iron Moth|Booster Energy
|-activate|p1a: Iron Moth|ability: Quark Drive|[fromitem]
|-start|p1a: Iron Moth|quarkdrivespe
|turn|3
|
|t:|1780981800
|move|p1a: Iron Moth|Sludge Wave|p2a: The Blue Mask
|-supereffective|p2a: The Blue Mask
|-damage|p2a: The Blue Mask|0 fnt
|faint|p2a: The Blue Mask
|
|upkeep
|
|t:|1780981805
|switch|p2a: Lodi Dodi|Latias, F|100/100
|turn|4
|
|t:|1780981811
|move|p1a: Iron Moth|Sludge Wave|p2a: Lodi Dodi
|-damage|p2a: Lodi Dodi|63/100
|-status|p2a: Lodi Dodi|psn
|move|p2a: Lodi Dodi|Agility|p2a: Lodi Dodi
|-boost|p2a: Lodi Dodi|spe|2
|
|-damage|p2a: Lodi Dodi|51/100 psn|[from] psn
|upkeep
|turn|5
|
|t:|1780981823
|-end|p1a: Iron Moth|Quark Drive|[silent]
|switch|p1a: Scizor|Scizor, F|100/100
|move|p2a: Lodi Dodi|Calm Mind|p2a: Lodi Dodi
|-boost|p2a: Lodi Dodi|spa|1
|-boost|p2a: Lodi Dodi|spd|1
|
|-damage|p2a: Lodi Dodi|38/100 psn|[from] psn
|upkeep
|turn|6
|
|t:|1780981827
|move|p1a: Scizor|Bullet Punch|p2a: Lodi Dodi
|-damage|p2a: Lodi Dodi|1/100 psn
|move|p2a: Lodi Dodi|Stored Power|p1a: Scizor
|-resisted|p1a: Scizor
|-damage|p1a: Scizor|67/100
|
|-damage|p2a: Lodi Dodi|0 fnt|[from] psn
|faint|p2a: Lodi Dodi
|upkeep
|
|t:|1780981832
|switch|p2a: Firestarter|Cinderace, F|100/100
|turn|7
|
|t:|1780981841
|switch|p1a: Sinistcha|Sinistcha-Masterpiece|100/100
|move|p2a: Firestarter|Pyro Ball|p1a: Sinistcha
|-supereffective|p1a: Sinistcha
|-damage|p1a: Sinistcha|66/100
|
|upkeep
|turn|8
|
|t:|1780981856
|move|p2a: Firestarter|U-turn|p1a: Sinistcha
|-crit|p1a: Sinistcha
|-damage|p1a: Sinistcha|46/100
|
|t:|1780981857
|switch|p2a: Crimson King|Kingambit, M|100/100|[from] U-turn
|move|p1a: Sinistcha|Strength Sap|p2a: Crimson King
|-unboost|p2a: Crimson King|atk|1
|-ability|p2a: Crimson King|Defiant|boost
|-boost|p2a: Crimson King|atk|2
|-heal|p1a: Sinistcha|100/100
|
|upkeep
|turn|9
|
|t:|1780981864
|switch|p1a: Great Tusk|Great Tusk|100/100
|move|p2a: Crimson King|Swords Dance|p2a: Crimson King
|-boost|p2a: Crimson King|atk|2
|
|upkeep
|turn|10
|
|t:|1780981868
|-terastallize|p2a: Crimson King|Flying
|move|p1a: Great Tusk|Headlong Rush|p2a: Crimson King
|-immune|p2a: Crimson King
|move|p2a: Crimson King|Iron Head|p1a: Great Tusk
|-crit|p1a: Great Tusk
|-damage|p1a: Great Tusk|0 fnt
|-damage|p2a: Crimson King|84/100|[from] item: Rocky Helmet|[of] p1a: Great Tusk
|faint|p1a: Great Tusk
|-end|p1a: Great Tusk|Protosynthesis|[silent]
|
|-heal|p2a: Crimson King|90/100|[from] item: Leftovers
|upkeep
|
|t:|1780981876
|switch|p1a: Scizor|Scizor, F|67/100
|turn|11
|
|t:|1780981880
|move|p1a: Scizor|Bullet Punch|p2a: Crimson King
|-damage|p2a: Crimson King|46/100
|move|p2a: Crimson King|Kowtow Cleave|p1a: Scizor
|-damage|p1a: Scizor|0 fnt
|faint|p1a: Scizor
|
|-heal|p2a: Crimson King|52/100|[from] item: Leftovers
|upkeep
|
|t:|1780981887
|switch|p1a: Samurott|Samurott-Hisui, F|100/100
|turn|12
|
|t:|1780981896
|move|p2a: Crimson King|Sucker Punch||[still]
|-fail|p2a: Crimson King
|move|p1a: Samurott|Encore|p2a: Crimson King
|-start|p2a: Crimson King|Encore
|
|-heal|p2a: Crimson King|59/100|[from] item: Leftovers
|upkeep
|turn|13
|
|t:|1780981908
|move|p2a: Crimson King|Sucker Punch|p1a: Samurott
|-resisted|p1a: Samurott
|-damage|p1a: Samurott|30/100
|move|p1a: Samurott|Aqua Cutter|p2a: Crimson King
|-crit|p2a: Crimson King
|-damage|p2a: Crimson King|0 fnt
|faint|p2a: Crimson King
|
|upkeep
|
|t:|1780981912
|switch|p2a: Loveless|Iron Valiant|100/100
|turn|14
|
|t:|1780981927
|move|p2a: Loveless|Moonblast|p1a: Samurott
|-supereffective|p1a: Samurott
|-damage|p1a: Samurott|0 fnt
|faint|p1a: Samurott
|
|upkeep
|
|t:|1780981931
|switch|p1a: Iron Moth|Iron Moth|100/100
|turn|15
|
|t:|1780981941
|-end|p2a: Loveless|Quark Drive|[silent]
|switch|p2a: Firestarter|Cinderace, F|100/100
|move|p1a: Iron Moth|Sludge Wave|p2a: Firestarter
|-damage|p2a: Firestarter|41/100
|-status|p2a: Firestarter|psn
|
|-damage|p2a: Firestarter|29/100 psn|[from] psn
|upkeep
|turn|16
|
|t:|1780981945
|move|p2a: Firestarter|Pyro Ball|p1a: Iron Moth
|-resisted|p1a: Iron Moth
|-damage|p1a: Iron Moth|46/100
|move|p1a: Iron Moth|Fiery Dance|p2a: Firestarter
|-resisted|p2a: Firestarter
|-damage|p2a: Firestarter|6/100 psn
|-boost|p1a: Iron Moth|spa|1
|
|-damage|p2a: Firestarter|0 fnt|[from] psn
|faint|p2a: Firestarter
|upkeep
|
|t:|1780981949
|switch|p2a: Loveless|Iron Valiant|100/100
|turn|17
|
|t:|1780981964
|move|p2a: Loveless|Moonblast|p1a: Iron Moth
|-resisted|p1a: Iron Moth
|-damage|p1a: Iron Moth|28/100
|move|p1a: Iron Moth|Sludge Wave|p2a: Loveless
|-supereffective|p2a: Loveless
|-damage|p2a: Loveless|0 fnt
|faint|p2a: Loveless
|-end|p2a: Loveless|Quark Drive|[silent]
|
|win|LanceStern
|raw|LanceStern's rating: 1628 &rarr; <strong>1644</strong><br />(+16 for winning)
|raw|tony urbadaliano's rating: 1557 &rarr; <strong>1541</strong><br />(-16 for losing)
|l|☆tony urbadaliano
|player|p2|
