|j|☆ankoro
|j|☆piando
|t:|1781287768
|gametype|singles
|player|p1|ankoro|acetrainer-gen2|1620
|player|p2|piando|hugh|1606
|gen|9
|tier|[Gen 9] OU
|rated|
|rule|HP Percentage Mod: HP is shown in percentages
|rule|Endless Battle Clause: Forcing endless battles is banned
|rule|Species Clause: Limit one of each Pokémon
|rule|OHKO Clause: OHKO moves are banned
|rule|Evasion Items Clause: Evasion items are banned
|rule|Evasion Moves Clause: Evasion moves are banned
|rule|Evasion Abilities Clause: Evasion abilities are banned
|rule|Sleep Moves Clause: Sleep-inducing moves are banned
|clearpoke
|poke|p1|Lycanroc, M|
|poke|p1|Kingambit, M|
|poke|p1|Azumarill, M|
|poke|p1|Pawmot, F|
|poke|p1|Zamazenta-*|
|poke|p1|Tornadus-Therian, M|
|poke|p2|Tyranitar, F|
|poke|p2|Pelipper, M|
|poke|p2|Excadrill, M|
|poke|p2|Walking Wake|
|poke|p2|Torkoal, M|
|poke|p2|Ogerpon-Wellspring, F|
|teampreview
|inactive|Battle timer is ON: inactive players will automatically lose when time's up. (requested by piando)
|
|t:|1781287776
|teamsize|p1|6
|teamsize|p2|6
|start
|switch|p1a: doggorock|Lycanroc, M|100/100
|switch|p2a: Pelipper|Pelipper, M|100/100
|-weather|RainDance|[from] ability: Drizzle|[of] p2a: Pelipper
|turn|1
|
|t:|1781287789
|switch|p2a: Ogerpon|Ogerpon-Wellspring, F|100/100
|move|p1a: doggorock|Stealth Rock|p2a: Ogerpon
|-sidestart|p2: piando|move: Stealth Rock
|
|-weather|RainDance|[upkeep]
|upkeep
|turn|2
|
|t:|1781287793
|move|p1a: doggorock|Endeavor|p2a: Ogerpon
|-immune|p2a: Ogerpon
|move|p2a: Ogerpon|Ivy Cudgel|p1a: doggorock|[anim] Ivy Cudgel Water
|-supereffective|p1a: doggorock
|-crit|p1a: doggorock
|-enditem|p1a: doggorock|Focus Sash
|-damage|p1a: doggorock|1/100
|
|-weather|RainDance|[upkeep]
|upkeep
|turn|3
|
|t:|1781287801
|move|p1a: doggorock|Endeavor|p2a: Ogerpon
|-damage|p2a: Ogerpon|1/100
|move|p2a: Ogerpon|Horn Leech|p1a: doggorock
|-supereffective|p1a: doggorock
|-damage|p1a: doggorock|0 fnt
|-heal|p2a: Ogerpon|1/100|[from] drain|[of] p1a: doggorock
|faint|p1a: doggorock
|
|-weather|RainDance|[upkeep]
|upkeep
|
|t:|1781287806
|switch|p1a: nimrod|Tornadus-Therian, M|100/100
|turn|4
|
|t:|1781287813
|switch|p2a: Tyranitar|Tyranitar, F|100/100
|-weather|Sandstorm|[from] ability: Sand Stream|[of] p2a: Tyranitar
|move|p1a: nimrod|Grass Knot|p2a: Tyranitar
|-supereffective|p2a: Tyranitar
|-damage|p2a: Tyranitar|57/100
|-damage|p1a: nimrod|91/100|[from] item: Life Orb
|
|-weather|Sandstorm|[upkeep]
|-damage|p1a: nimrod|85/100|[from] Sandstorm
|upkeep
|turn|5
|
|t:|1781287821
|switch|p1a: joy|Pawmot, F|100/100
|switch|p2a: Ogerpon|Ogerpon-Wellspring, F|1/100
|-damage|p2a: Ogerpon|0 fnt|[from] Stealth Rock
|faint|p2a: Ogerpon
|
|-weather|Sandstorm|[upkeep]
|-damage|p1a: joy|94/100|[from] Sandstorm
|upkeep
|
|t:|1781287823
|switch|p2a: Excadrill|Excadrill, M|100/100
|-damage|p2a: Excadrill|97/100|[from] Stealth Rock
|turn|6
|
|t:|1781287829
|switch|p1a: Zamasu|Zamazenta|100/100
|-ability|p1a: Zamasu|Dauntless Shield|boost
|-boost|p1a: Zamasu|def|1
|move|p2a: Excadrill|Iron Head|p1a: Zamasu
|-damage|p1a: Zamasu|59/100
|
|-weather|Sandstorm|[upkeep]
|-damage|p1a: Zamasu|52/100|[from] Sandstorm
|upkeep
|turn|7
|
|t:|1781287835
|switch|p2a: Pelipper|Pelipper, M|100/100
|-damage|p2a: Pelipper|76/100|[from] Stealth Rock
|-weather|RainDance|[from] ability: Drizzle|[of] p2a: Pelipper
|move|p1a: Zamasu|Close Combat|p2a: Pelipper
|-resisted|p2a: Pelipper
|-damage|p2a: Pelipper|35/100
|-unboost|p1a: Zamasu|def|1
|-unboost|p1a: Zamasu|spd|1
|-damage|p1a: Zamasu|43/100|[from] item: Life Orb
|
|-weather|RainDance|[upkeep]
|upkeep
|turn|8
|
|t:|1781287848
|move|p1a: Zamasu|Close Combat|p2a: Pelipper
|-resisted|p2a: Pelipper
|-damage|p2a: Pelipper|0 fnt
|-unboost|p1a: Zamasu|def|1
|-unboost|p1a: Zamasu|spd|1
|faint|p2a: Pelipper
|-damage|p1a: Zamasu|33/100|[from] item: Life Orb
|
|-weather|RainDance|[upkeep]
|upkeep
|
|t:|1781287852
|switch|p2a: Walking Wake|Walking Wake|100/100
|-damage|p2a: Walking Wake|88/100|[from] Stealth Rock
|turn|9
|
|t:|1781287861
|move|p1a: Zamasu|Close Combat|p2a: Walking Wake
|-damage|p2a: Walking Wake|12/100
|-unboost|p1a: Zamasu|def|1
|-unboost|p1a: Zamasu|spd|1
|-damage|p1a: Zamasu|23/100|[from] item: Life Orb
|move|p2a: Walking Wake|Hydro Steam|p1a: Zamasu
|-damage|p1a: Zamasu|0 fnt
|faint|p1a: Zamasu
|
|-weather|RainDance|[upkeep]
|upkeep
|
|t:|1781287875
|switch|p1a: nimrod|Tornadus-Therian, M|100/100
|turn|10
|
|t:|1781287880
|-end|p2a: Walking Wake|Protosynthesis|[silent]
|switch|p2a: Tyranitar|Tyranitar, F|57/100
|-weather|Sandstorm|[from] ability: Sand Stream|[of] p2a: Tyranitar
|move|p1a: nimrod|Bleakwind Storm|p2a: Tyranitar
|-resisted|p2a: Tyranitar
|-damage|p2a: Tyranitar|45/100
|-damage|p1a: nimrod|91/100|[from] item: Life Orb
|
|-weather|Sandstorm|[upkeep]
|-damage|p1a: nimrod|85/100|[from] Sandstorm
|upkeep
|turn|11
|
|t:|1781287888
|move|p1a: nimrod|Grass Knot|p2a: Tyranitar
|-supereffective|p2a: Tyranitar
|-damage|p2a: Tyranitar|5/100
|-damage|p1a: nimrod|75/100|[from] item: Life Orb
|move|p2a: Tyranitar|Thunder Wave|p1a: nimrod
|-status|p1a: nimrod|par
|
|-weather|Sandstorm|[upkeep]
|-damage|p1a: nimrod|69/100 par|[from] Sandstorm
|upkeep
|turn|12
|
|t:|1781287896
|switch|p2a: Walking Wake|Walking Wake|12/100
|-damage|p2a: Walking Wake|0 fnt|[from] Stealth Rock
|faint|p2a: Walking Wake
|-end|p2a: Walking Wake|Protosynthesis|[silent]
|move|p1a: nimrod|Grass Knot|p2: Walking Wake|[notarget]
|-fail|p1a: nimrod
|
|-weather|Sandstorm|[upkeep]
|-damage|p1a: nimrod|63/100 par|[from] Sandstorm
|upkeep
|
|t:|1781287897
|switch|p2a: Excadrill|Excadrill, M|97/100
|-damage|p2a: Excadrill|94/100|[from] Stealth Rock
|turn|13
|
|t:|1781287909
|move|p2a: Excadrill|Iron Head|p1a: nimrod
|-damage|p1a: nimrod|0 fnt
|faint|p1a: nimrod
|
|-weather|Sandstorm|[upkeep]
|upkeep
|
|t:|1781287913
|switch|p1a: juquinha|Azumarill, M|100/100
|turn|14
|
|t:|1781287921
|switch|p2a: Torkoal|Torkoal, M|100/100
|-damage|p2a: Torkoal|76/100|[from] Stealth Rock
|-weather|SunnyDay|[from] ability: Drought|[of] p2a: Torkoal
|move|p1a: juquinha|Belly Drum|p1a: juquinha
|-damage|p1a: juquinha|50/100
|-setboost|p1a: juquinha|atk|6|[from] move: Belly Drum
|-enditem|p1a: juquinha|Sitrus Berry|[eat]
|-heal|p1a: juquinha|75/100|[from] item: Sitrus Berry
|
|-weather|SunnyDay|[upkeep]
|upkeep
|turn|15
|
|t:|1781287925
|-terastallize|p2a: Torkoal|Grass
|move|p1a: juquinha|Liquidation|p2a: Torkoal
|-resisted|p2a: Torkoal
|-damage|p2a: Torkoal|44/100
|move|p2a: Torkoal|Will-O-Wisp|p1a: juquinha|[miss]
|-miss|p2a: Torkoal|p1a: juquinha
|
|-weather|SunnyDay|[upkeep]
|upkeep
|turn|16
|
|t:|1781287933
|move|p1a: juquinha|Play Rough|p2a: Torkoal
|-damage|p2a: Torkoal|0 fnt
|faint|p2a: Torkoal
|
|-weather|SunnyDay|[upkeep]
|upkeep
|-message|piando forfeited.
|
|win|ankoro
|raw|ankoro's rating: 1620 &rarr; <strong>1639</strong><br />(+19 for winning)
|raw|piando's rating: 1606 &rarr; <strong>1587</strong><br />(-19 for losing)
|l|☆piando
|player|p2|
|l|☆ankoro
|player|p1|
