|j|☆halaman95
|j|☆remove sun teams
|t:|1781216897
|gametype|singles
|player|p1|halaman95|169|1689
|player|p2|remove sun teams|miku-psychic|1691
|gen|9
|tier|[Gen 9] OU
|rated|
|rule|HP Percentage Mod: HP is shown in percentages
|rule|Endless Battle Clause: Forcing endless battles is banned
|rule|Species Clause: Limit one of each Pokémon
|rule|OHKO Clause: OHKO moves are banned
|rule|Evasion Items Clause: Evasion items are banned
|rule|Evasion Moves Clause: Evasion moves are banned
|rule|Evasion Abilities Clause: Evasion abilities are banned
|rule|Sleep Moves Clause: Sleep-inducing moves are banned
|clearpoke
|poke|p1|Rillaboom, F|
|poke|p1|Serperior, F|
|poke|p1|Heatran, M|
|poke|p1|Gholdengo|
|poke|p1|Hawlucha, M|
|poke|p1|Great Tusk|
|poke|p2|Weavile, M|
|poke|p2|Pecharunt|
|poke|p2|Ting-Lu|
|poke|p2|Walking Wake|
|poke|p2|Gholdengo|
|poke|p2|Gliscor, F|
|teampreview
|inactive|Battle timer is ON: inactive players will automatically lose when time's up. (requested by halaman95)
|
|t:|1781216913
|teamsize|p1|6
|teamsize|p2|6
|start
|switch|p1a: Rillaboom|Rillaboom, F|100/100
|switch|p2a: Weavile|Weavile, M|100/100
|-ability|p2a: Weavile|Pressure
|-fieldstart|move: Grassy Terrain|[from] ability: Grassy Surge|[of] p1a: Rillaboom
|turn|1
|c|☆remove sun teams|hf
|inactive|remove sun teams also wants the timer to be on.
|
|t:|1781216927
|switch|p1a: Heatran|Heatran, M|100/100
|-item|p1a: Heatran|Air Balloon
|move|p2a: Weavile|Triple Axel|p1a: Heatran
|-resisted|p1a: Heatran
|-damage|p1a: Heatran|99/100
|-enditem|p1a: Heatran|Air Balloon
|-resisted|p1a: Heatran
|-damage|p1a: Heatran|95/100
|-resisted|p1a: Heatran
|-damage|p1a: Heatran|88/100
|-hitcount|p1a: Heatran|3
|
|-heal|p1a: Heatran|95/100|[from] Grassy Terrain
|upkeep
|turn|2
|
|t:|1781216940
|switch|p2a: Ting-Lu|Ting-Lu|100/100
|-ability|p2a: Ting-Lu|Vessel of Ruin
|move|p1a: Heatran|Stealth Rock|p2a: Ting-Lu
|-sidestart|p2: remove sun teams|move: Stealth Rock
|
|-heal|p1a: Heatran|100/100|[from] Grassy Terrain
|upkeep
|turn|3
|
|t:|1781216954
|move|p1a: Heatran|Taunt|p2a: Ting-Lu
|-start|p2a: Ting-Lu|move: Taunt
|cant|p2a: Ting-Lu|move: Taunt|Stealth Rock
|
|upkeep
|turn|4
|
|t:|1781216978
|switch|p1a: Serperior|Serperior, F|100/100
|move|p2a: Ting-Lu|Ruination|p1a: Serperior
|-damage|p1a: Serperior|51/100
|
|-heal|p1a: Serperior|57/100|[from] Grassy Terrain
|upkeep
|turn|5
|
|t:|1781216993
|switch|p2a: Gholdengo|Gholdengo|100/100
|-damage|p2a: Gholdengo|94/100|[from] Stealth Rock
|move|p1a: Serperior|Leaf Storm|p2a: Gholdengo
|-resisted|p2a: Gholdengo
|-damage|p2a: Gholdengo|54/100
|-boost|p1a: Serperior|spa|2
|
|-heal|p1a: Serperior|63/100|[from] Grassy Terrain
|-heal|p2a: Gholdengo|60/100|[from] Grassy Terrain
|-fieldend|move: Grassy Terrain
|upkeep
|turn|6
|
|t:|1781217008
|move|p1a: Serperior|Leaf Storm|p2a: Gholdengo
|-resisted|p2a: Gholdengo
|-damage|p2a: Gholdengo|0 fnt
|-boost|p1a: Serperior|spa|2
|faint|p2a: Gholdengo
|
|upkeep
|
|t:|1781217022
|switch|p2a: Weavile|Weavile, M|100/100
|-ability|p2a: Weavile|Pressure
|turn|7
|
|t:|1781217035
|-terastallize|p2a: Weavile|Ice
|move|p2a: Weavile|Ice Shard|p1a: Serperior
|-supereffective|p1a: Serperior
|-damage|p1a: Serperior|0 fnt
|faint|p1a: Serperior
|
|upkeep
|
|t:|1781217048
|switch|p1a: Rillaboom|Rillaboom, F|100/100
|-fieldstart|move: Grassy Terrain|[from] ability: Grassy Surge|[of] p1a: Rillaboom
|turn|8
|
|t:|1781217062
|switch|p1a: Heatran|Heatran, M|100/100
|move|p2a: Weavile|Triple Axel|p1a: Heatran|[miss]
|-miss|p2a: Weavile|p1a: Heatran
|
|upkeep
|turn|9
|
|t:|1781217075
|switch|p2a: Ting-Lu|Ting-Lu|100/100
|-damage|p2a: Ting-Lu|94/100|[from] Stealth Rock
|-ability|p2a: Ting-Lu|Vessel of Ruin
|move|p1a: Heatran|Magma Storm|p2a: Ting-Lu
|-crit|p2a: Ting-Lu
|-damage|p2a: Ting-Lu|63/100
|-activate|p2a: Ting-Lu|move: Magma Storm|[of] p1a: Heatran
|
|-heal|p2a: Ting-Lu|69/100|[from] Grassy Terrain
|-damage|p2a: Ting-Lu|57/100|[from] move: Magma Storm|[partiallytrapped]
|upkeep
|turn|10
|
|t:|1781217084
|switch|p1a: Great Tusk|Great Tusk|100/100
|-enditem|p1a: Great Tusk|Booster Energy
|-activate|p1a: Great Tusk|ability: Protosynthesis|[fromitem]
|-start|p1a: Great Tusk|protosynthesisspe
|move|p2a: Ting-Lu|Ruination|p1a: Great Tusk
|-damage|p1a: Great Tusk|51/100
|
|-heal|p1a: Great Tusk|57/100|[from] Grassy Terrain
|-heal|p2a: Ting-Lu|63/100|[from] Grassy Terrain
|-end|p2a: Ting-Lu|Magma Storm|[partiallytrapped]|[silent]
|upkeep
|turn|11
|
|t:|1781217099
|switch|p2a: Pecharunt|Pecharunt|100/100
|move|p1a: Great Tusk|Bulk Up|p1a: Great Tusk
|-boost|p1a: Great Tusk|atk|1
|-boost|p1a: Great Tusk|def|1
|
|-heal|p1a: Great Tusk|63/100|[from] Grassy Terrain
|upkeep
|turn|12
|
|t:|1781217112
|move|p1a: Great Tusk|Headlong Rush|p2a: Pecharunt
|-supereffective|p2a: Pecharunt
|-damage|p2a: Pecharunt|15/100
|-unboost|p1a: Great Tusk|def|1
|-unboost|p1a: Great Tusk|spd|1
|move|p2a: Pecharunt|Parting Shot|p1a: Great Tusk
|-unboost|p1a: Great Tusk|atk|1
|-unboost|p1a: Great Tusk|spa|1
|
|t:|1781217126
|switch|p2a: Ting-Lu|Ting-Lu|63/100|[from] Parting Shot
|-damage|p2a: Ting-Lu|57/100|[from] Stealth Rock
|-ability|p2a: Ting-Lu|Vessel of Ruin
|
|-heal|p1a: Great Tusk|69/100|[from] Grassy Terrain
|-heal|p2a: Ting-Lu|63/100|[from] Grassy Terrain
|-fieldend|move: Grassy Terrain
|upkeep
|turn|13
|
|t:|1781217142
|move|p1a: Great Tusk|Headlong Rush|p2a: Ting-Lu
|-damage|p2a: Ting-Lu|32/100
|-unboost|p1a: Great Tusk|def|1
|-unboost|p1a: Great Tusk|spd|1
|-damage|p1a: Great Tusk|53/100|[from] item: Rocky Helmet|[of] p2a: Ting-Lu
|move|p2a: Ting-Lu|Stealth Rock|p1a: Great Tusk
|-sidestart|p1: halaman95|move: Stealth Rock
|
|upkeep
|turn|14
|
|t:|1781217156
|switch|p2a: Pecharunt|Pecharunt|15/100
|move|p1a: Great Tusk|Bulk Up|p1a: Great Tusk
|-boost|p1a: Great Tusk|atk|1
|-boost|p1a: Great Tusk|def|1
|
|upkeep
|turn|15
|
|t:|1781217170
|switch|p2a: Weavile|Weavile, M, tera:Ice|100/100
|-ability|p2a: Weavile|Pressure
|move|p1a: Great Tusk|Headlong Rush|p2a: Weavile
|-damage|p2a: Weavile|0 fnt
|-unboost|p1a: Great Tusk|def|1
|-unboost|p1a: Great Tusk|spd|1
|faint|p2a: Weavile
|
|upkeep
|
|t:|1781217183
|switch|p2a: Walking Wake|Walking Wake|100/100
|turn|16
|
|t:|1781217196
|move|p1a: Great Tusk|Headlong Rush|p2a: Walking Wake
|-damage|p2a: Walking Wake|10/100
|-unboost|p1a: Great Tusk|def|1
|-unboost|p1a: Great Tusk|spd|1
|move|p2a: Walking Wake|Surf|p1a: Great Tusk
|-supereffective|p1a: Great Tusk
|-damage|p1a: Great Tusk|0 fnt
|faint|p1a: Great Tusk
|-end|p1a: Great Tusk|Protosynthesis|[silent]
|
|upkeep
|
|t:|1781217204
|switch|p1a: Rillaboom|Rillaboom, F|100/100
|-damage|p1a: Rillaboom|88/100|[from] Stealth Rock
|-fieldstart|move: Grassy Terrain|[from] ability: Grassy Surge|[of] p1a: Rillaboom
|turn|17
|
|t:|1781217218
|move|p1a: Rillaboom|Grassy Glide|p2a: Walking Wake
|-damage|p2a: Walking Wake|0 fnt
|faint|p2a: Walking Wake
|-end|p2a: Walking Wake|Protosynthesis|[silent]
|
|-heal|p1a: Rillaboom|94/100|[from] Grassy Terrain
|upkeep
|
|t:|1781217233
|switch|p2a: Gliscor|Gliscor, F|100/100
|-damage|p2a: Gliscor|88/100|[from] Stealth Rock
|turn|18
|
|t:|1781217246
|switch|p1a: Hawlucha|Hawlucha, M|100/100
|-damage|p1a: Hawlucha|88/100|[from] Stealth Rock
|-enditem|p1a: Hawlucha|Grassy Seed
|-boost|p1a: Hawlucha|def|1|[from] item: Grassy Seed
|move|p2a: Gliscor|Protect||[still]
|-fail|p2a: Gliscor
|
|-status|p2a: Gliscor|tox|[from] item: Toxic Orb
|upkeep
|turn|19
|
|t:|1781217259
|switch|p2a: Ting-Lu|Ting-Lu|32/100
|-damage|p2a: Ting-Lu|26/100|[from] Stealth Rock
|-ability|p2a: Ting-Lu|Vessel of Ruin
|move|p1a: Hawlucha|Encore||[still]
|-fail|p1a: Hawlucha
|
|-heal|p2a: Ting-Lu|32/100|[from] Grassy Terrain
|upkeep
|turn|20
|
|t:|1781217273
|switch|p2a: Gliscor|Gliscor, F|88/100 tox
|-damage|p2a: Gliscor|75/100 tox|[from] Stealth Rock
|move|p1a: Hawlucha|Close Combat|p2a: Gliscor
|-resisted|p2a: Gliscor
|-damage|p2a: Gliscor|56/100 tox
|-unboost|p1a: Hawlucha|def|1
|-unboost|p1a: Hawlucha|spd|1
|
|-heal|p2a: Gliscor|68/100 tox|[from] ability: Poison Heal
|upkeep
|turn|21
|
|t:|1781217288
|move|p1a: Hawlucha|Swords Dance|p1a: Hawlucha
|-boost|p1a: Hawlucha|atk|2
|move|p2a: Gliscor|Toxic|p1a: Hawlucha
|-status|p1a: Hawlucha|tox
|
|-damage|p1a: Hawlucha|82/100 tox|[from] psn
|-heal|p2a: Gliscor|81/100 tox|[from] ability: Poison Heal
|-fieldend|move: Grassy Terrain
|upkeep
|turn|22
|
|t:|1781217295
|move|p1a: Hawlucha|Swords Dance|p1a: Hawlucha
|-boost|p1a: Hawlucha|atk|2
|move|p2a: Gliscor|Spikes|p1a: Hawlucha
|-sidestart|p1: halaman95|Spikes
|
|-damage|p1a: Hawlucha|70/100 tox|[from] psn
|-heal|p2a: Gliscor|93/100 tox|[from] ability: Poison Heal
|upkeep
|turn|23
|
|t:|1781217302
|move|p2a: Gliscor|Protect|p2a: Gliscor
|-singleturn|p2a: Gliscor|Protect
|move|p1a: Hawlucha|Swords Dance|p1a: Hawlucha
|-boost|p1a: Hawlucha|atk|2
|
|-damage|p1a: Hawlucha|52/100 tox|[from] psn
|-heal|p2a: Gliscor|100/100 tox|[from] ability: Poison Heal
|upkeep
|turn|24
|
|t:|1781217308
|move|p2a: Gliscor|Protect||[still]
|-fail|p2a: Gliscor
|move|p1a: Hawlucha|Acrobatics|p2a: Gliscor
|-damage|p2a: Gliscor|0 fnt
|faint|p2a: Gliscor
|
|-damage|p1a: Hawlucha|28/100 tox|[from] psn
|upkeep
|n|☆remove sun teams|removesunteams
|
|t:|1781217317
|switch|p2a: Ting-Lu|Ting-Lu|32/100
|-damage|p2a: Ting-Lu|26/100|[from] Stealth Rock
|-ability|p2a: Ting-Lu|Vessel of Ruin
|turn|25
|
|t:|1781217323
|switch|p2a: Pecharunt|Pecharunt|15/100
|move|p1a: Hawlucha|Acrobatics|p2a: Pecharunt
|-damage|p2a: Pecharunt|0 fnt
|faint|p2a: Pecharunt
|
|-damage|p1a: Hawlucha|0 fnt|[from] psn
|faint|p1a: Hawlucha
|upkeep
|c|☆halaman95|gg
|
|t:|1781217332
|switch|p2a: Ting-Lu|Ting-Lu|26/100
|switch|p1a: Rillaboom|Rillaboom, F|94/100
|-damage|p1a: Rillaboom|82/100|[from] Stealth Rock
|-damage|p1a: Rillaboom|70/100|[from] Spikes
|-fieldstart|move: Grassy Terrain|[from] ability: Grassy Surge|[of] p1a: Rillaboom
|-damage|p2a: Ting-Lu|20/100|[from] Stealth Rock
|-ability|p2a: Ting-Lu|Vessel of Ruin
|turn|26
|
|t:|1781217338
|move|p1a: Rillaboom|Wood Hammer|p2a: Ting-Lu
|-supereffective|p2a: Ting-Lu
|-damage|p2a: Ting-Lu|0 fnt
|-damage|p1a: Rillaboom|53/100|[from] item: Rocky Helmet|[of] p2a: Ting-Lu
|faint|p2a: Ting-Lu
|-damage|p1a: Rillaboom|45/100|[from] Recoil
|
|win|halaman95
|raw|halaman95's rating: 1689 &rarr; <strong>1709</strong><br />(+20 for winning)
|raw|remove sun teams's rating: 1691 &rarr; <strong>1671</strong><br />(-20 for losing)
|c|☆remove sun teams|gg
|l|☆halaman95
|player|p1|
