|j|☆Jsparxs
|j|☆thebambi1234
|t:|1781202656
|gametype|singles
|player|p1|Jsparxs|1|1558
|player|p2|thebambi1234|blackbelt-gen4dp|1669
|gen|9
|tier|[Gen 9] OU
|rated|
|rule|HP Percentage Mod: HP is shown in percentages
|rule|Endless Battle Clause: Forcing endless battles is banned
|rule|Species Clause: Limit one of each Pokémon
|rule|OHKO Clause: OHKO moves are banned
|rule|Evasion Items Clause: Evasion items are banned
|rule|Evasion Moves Clause: Evasion moves are banned
|rule|Evasion Abilities Clause: Evasion abilities are banned
|rule|Sleep Moves Clause: Sleep-inducing moves are banned
|clearpoke
|poke|p1|Great Tusk|
|poke|p1|Zamazenta-*|
|poke|p1|Iron Valiant|
|poke|p1|Gallade, M|
|poke|p1|Kommo-o, M|
|poke|p1|Okidogi, M|
|poke|p2|Gliscor, M|
|poke|p2|Corviknight, M|
|poke|p2|Dondozo, F|
|poke|p2|Blissey, F|
|poke|p2|Weezing-Galar, F|
|poke|p2|Garganacl, M|
|teampreview
|inactive|Battle timer is ON: inactive players will automatically lose when time's up. (requested by thebambi1234)
|
|t:|1781202664
|teamsize|p1|6
|teamsize|p2|6
|start
|switch|p1a: Gallade|Gallade, M|100/100
|switch|p2a: Weezing|Weezing-Galar, F|100/100
|-ability|p2a: Weezing|Neutralizing Gas
|turn|1
|
|t:|1781202667
|-end|p2a: Weezing|ability: Neutralizing Gas
|switch|p2a: Corviknight|Corviknight, M|100/100
|-ability|p2a: Corviknight|Pressure
|move|p1a: Gallade|Psycho Cut|p2a: Corviknight
|-resisted|p2a: Corviknight
|-crit|p2a: Corviknight
|-damage|p2a: Corviknight|75/100
|
|upkeep
|turn|2
|
|t:|1781202672
|move|p1a: Gallade|Sacred Sword|p2a: Corviknight
|-damage|p2a: Corviknight|32/100
|-damage|p1a: Gallade|84/100|[from] item: Rocky Helmet|[of] p2a: Corviknight
|move|p2a: Corviknight|U-turn|p1a: Gallade
|-damage|p1a: Gallade|59/100
|
|t:|1781202675
|switch|p2a: Gliscor|Gliscor, M, shiny|100/100|[from] U-turn
|
|-status|p2a: Gliscor|tox|[from] item: Toxic Orb
|upkeep
|turn|3
|
|t:|1781202680
|move|p2a: Gliscor|Earthquake|p1a: Gallade
|-damage|p1a: Gallade|0 fnt
|faint|p1a: Gallade
|
|upkeep
|
|t:|1781202710
|switch|p1a: Okidogi|Okidogi, M|100/100
|turn|4
|
|t:|1781202717
|move|p2a: Gliscor|Earthquake|p1a: Okidogi
|-supereffective|p1a: Okidogi
|-damage|p1a: Okidogi|38/100
|move|p1a: Okidogi|Ice Punch|p2a: Gliscor
|-supereffective|p2a: Gliscor
|-damage|p2a: Gliscor|21/100 tox
|
|-heal|p2a: Gliscor|33/100 tox|[from] ability: Poison Heal
|upkeep
|turn|5
|
|t:|1781202726
|move|p2a: Gliscor|Earthquake|p1a: Okidogi
|-supereffective|p1a: Okidogi
|-damage|p1a: Okidogi|0 fnt
|faint|p1a: Okidogi
|
|-heal|p2a: Gliscor|45/100 tox|[from] ability: Poison Heal
|upkeep
|
|t:|1781202734
|switch|p1a: Iron Valiant|Iron Valiant|100/100
|-enditem|p1a: Iron Valiant|Booster Energy
|-activate|p1a: Iron Valiant|ability: Quark Drive|[fromitem]
|-start|p1a: Iron Valiant|quarkdrivespe
|turn|6
|
|t:|1781202738
|switch|p2a: Garganacl|Garganacl, M, shiny|100/100
|move|p1a: Iron Valiant|Moonblast|p2a: Garganacl
|-damage|p2a: Garganacl|70/100
|-unboost|p2a: Garganacl|spa|1
|
|-heal|p2a: Garganacl|76/100|[from] item: Leftovers
|upkeep
|turn|7
|
|t:|1781202761
|-end|p1a: Iron Valiant|Quark Drive|[silent]
|switch|p1a: Great Tusk|Great Tusk|100/100
|-enditem|p1a: Great Tusk|Booster Energy
|-activate|p1a: Great Tusk|ability: Protosynthesis|[fromitem]
|-start|p1a: Great Tusk|protosynthesisatk
|-terastallize|p2a: Garganacl|Water
|move|p2a: Garganacl|Salt Cure|p1a: Great Tusk
|-resisted|p1a: Great Tusk
|-damage|p1a: Great Tusk|98/100
|-start|p1a: Great Tusk|Salt Cure
|
|-heal|p2a: Garganacl|82/100|[from] item: Leftovers
|-damage|p1a: Great Tusk|86/100|[from] Salt Cure
|upkeep
|turn|8
|
|t:|1781202775
|switch|p2a: Corviknight|Corviknight, M|32/100
|-ability|p2a: Corviknight|Pressure
|move|p1a: Great Tusk|Close Combat|p2a: Corviknight
|-damage|p2a: Corviknight|0 fnt
|-unboost|p1a: Great Tusk|def|1
|-unboost|p1a: Great Tusk|spd|1
|-damage|p1a: Great Tusk|69/100|[from] item: Rocky Helmet|[of] p2a: Corviknight
|faint|p2a: Corviknight
|
|-damage|p1a: Great Tusk|57/100|[from] Salt Cure
|upkeep
|
|t:|1781202779
|switch|p2a: Dondozo|Dondozo, F|100/100
|turn|9
|
|t:|1781202789
|move|p1a: Great Tusk|Stealth Rock|p2a: Dondozo
|-sidestart|p2: thebambi1234|move: Stealth Rock
|move|p2a: Dondozo|Waterfall|p1a: Great Tusk
|-supereffective|p1a: Great Tusk
|-damage|p1a: Great Tusk|17/100
|
|-damage|p1a: Great Tusk|5/100|[from] Salt Cure
|upkeep
|turn|10
|
|t:|1781202800
|switch|p2a: Weezing|Weezing-Galar, F|100/100
|-ability|p2a: Weezing|Neutralizing Gas
|move|p1a: Great Tusk|Close Combat|p2a: Weezing
|-resisted|p2a: Weezing
|-damage|p2a: Weezing|86/100
|-unboost|p1a: Great Tusk|def|1
|-unboost|p1a: Great Tusk|spd|1
|
|-damage|p1a: Great Tusk|0 fnt|[from] Salt Cure
|faint|p1a: Great Tusk
|-end|p1a: Great Tusk|Protosynthesis|[silent]
|upkeep
|
|t:|1781202828
|switch|p1a: Iron Valiant|Iron Valiant|100/100
|turn|11
|
|t:|1781202839
|-end|p2a: Weezing|ability: Neutralizing Gas
|switch|p2a: Garganacl|Garganacl, M, shiny, tera:Water|82/100
|-damage|p2a: Garganacl|70/100|[from] Stealth Rock
|-terastallize|p1a: Iron Valiant|Electric
|move|p1a: Iron Valiant|Thunderbolt|p2a: Garganacl
|-supereffective|p2a: Garganacl
|-damage|p2a: Garganacl|7/100
|
|-heal|p2a: Garganacl|14/100|[from] item: Leftovers
|upkeep
|turn|12
|
|t:|1781202850
|move|p2a: Garganacl|Protect|p2a: Garganacl
|-singleturn|p2a: Garganacl|Protect
|move|p1a: Iron Valiant|Moonblast|p2a: Garganacl
|-activate|p2a: Garganacl|move: Protect
|
|-heal|p2a: Garganacl|20/100|[from] item: Leftovers
|upkeep
|turn|13
|
|t:|1781202854
|switch|p2a: Blissey|Blissey, F|100/100
|-damage|p2a: Blissey|88/100|[from] Stealth Rock
|move|p1a: Iron Valiant|Moonblast|p2a: Blissey
|-damage|p2a: Blissey|76/100
|
|-heal|p2a: Blissey|82/100|[from] item: Leftovers
|upkeep
|turn|14
|
|t:|1781202859
|move|p1a: Iron Valiant|Psyshock|p2a: Blissey
|-damage|p2a: Blissey|29/100
|move|p2a: Blissey|Seismic Toss|p1a: Iron Valiant
|-damage|p1a: Iron Valiant|66/100
|
|-heal|p2a: Blissey|35/100|[from] item: Leftovers
|upkeep
|turn|15
|
|t:|1781202864
|move|p1a: Iron Valiant|Psyshock|p2a: Blissey
|-crit|p2a: Blissey
|-damage|p2a: Blissey|0 fnt
|faint|p2a: Blissey
|
|upkeep
|
|t:|1781202871
|switch|p2a: Weezing|Weezing-Galar, F|86/100
|-ability|p2a: Weezing|Neutralizing Gas
|turn|16
|
|t:|1781202878
|move|p1a: Iron Valiant|Thunderbolt|p2a: Weezing
|-damage|p2a: Weezing|36/100
|move|p2a: Weezing|Overheat|p1a: Iron Valiant
|-damage|p1a: Iron Valiant|5/100
|-unboost|p2a: Weezing|spa|2
|
|upkeep
|turn|17
|
|t:|1781202883
|move|p1a: Iron Valiant|Thunderbolt|p2a: Weezing
|-damage|p2a: Weezing|0 fnt
|faint|p2a: Weezing
|-end|p2a: Weezing|ability: Neutralizing Gas
|
|upkeep
|
|t:|1781202892
|switch|p2a: Gliscor|Gliscor, M, shiny|45/100 tox
|-damage|p2a: Gliscor|33/100 tox|[from] Stealth Rock
|turn|18
|
|t:|1781202898
|move|p2a: Gliscor|Protect|p2a: Gliscor
|-singleturn|p2a: Gliscor|Protect
|move|p1a: Iron Valiant|Moonblast|p2a: Gliscor
|-activate|p2a: Gliscor|move: Protect
|
|-heal|p2a: Gliscor|45/100 tox|[from] ability: Poison Heal
|upkeep
|turn|19
|
|t:|1781202905
|switch|p2a: Garganacl|Garganacl, M, shiny, tera:Water|20/100
|-damage|p2a: Garganacl|7/100|[from] Stealth Rock
|move|p1a: Iron Valiant|Moonblast|p2a: Garganacl
|-damage|p2a: Garganacl|0 fnt
|faint|p2a: Garganacl
|
|upkeep
|
|t:|1781202907
|switch|p2a: Dondozo|Dondozo, F|100/100
|-damage|p2a: Dondozo|88/100|[from] Stealth Rock
|turn|20
|
|t:|1781202911
|switch|p2a: Gliscor|Gliscor, M, shiny|45/100 tox
|-damage|p2a: Gliscor|33/100 tox|[from] Stealth Rock
|move|p1a: Iron Valiant|Thunderbolt|p2a: Gliscor
|-immune|p2a: Gliscor
|
|-heal|p2a: Gliscor|45/100 tox|[from] ability: Poison Heal
|upkeep
|turn|21
|
|t:|1781202917
|move|p2a: Gliscor|Protect|p2a: Gliscor
|-singleturn|p2a: Gliscor|Protect
|move|p1a: Iron Valiant|Moonblast|p2a: Gliscor
|-activate|p2a: Gliscor|move: Protect
|
|-heal|p2a: Gliscor|58/100 tox|[from] ability: Poison Heal
|upkeep
|turn|22
|
|t:|1781202923
|-end|p1a: Iron Valiant|Quark Drive|[silent]
|switch|p1a: Zamazenta|Zamazenta|100/100
|-ability|p1a: Zamazenta|Dauntless Shield|boost
|-boost|p1a: Zamazenta|def|1
|move|p2a: Gliscor|Earthquake|p1a: Zamazenta
|-damage|p1a: Zamazenta|83/100
|
|-heal|p1a: Zamazenta|89/100|[from] item: Leftovers
|-heal|p2a: Gliscor|70/100 tox|[from] ability: Poison Heal
|upkeep
|turn|23
|
|t:|1781202929
|move|p2a: Gliscor|Toxic|p1a: Zamazenta
|-status|p1a: Zamazenta|tox
|move|p1a: Zamazenta|Roar|p2a: Gliscor
|drag|p2a: Dondozo|Dondozo, F|88/100
|-damage|p2a: Dondozo|76/100|[from] Stealth Rock
|
|-heal|p1a: Zamazenta|95/100 tox|[from] item: Leftovers
|-heal|p2a: Dondozo|82/100|[from] item: Leftovers
|-damage|p1a: Zamazenta|89/100 tox|[from] psn
|upkeep
|turn|24
|
|t:|1781202934
|switch|p2a: Gliscor|Gliscor, M, shiny|70/100 tox
|-damage|p2a: Gliscor|58/100 tox|[from] Stealth Rock
|move|p1a: Zamazenta|Body Press|p2a: Gliscor
|-resisted|p2a: Gliscor
|-damage|p2a: Gliscor|40/100 tox
|
|-heal|p1a: Zamazenta|95/100 tox|[from] item: Leftovers
|-damage|p1a: Zamazenta|83/100 tox|[from] psn
|-heal|p2a: Gliscor|53/100 tox|[from] ability: Poison Heal
|upkeep
|turn|25
|
|t:|1781202941
|move|p1a: Zamazenta|Crunch|p2a: Gliscor
|-damage|p2a: Gliscor|38/100 tox
|move|p2a: Gliscor|Knock Off|p1a: Zamazenta
|-resisted|p1a: Zamazenta
|-damage|p1a: Zamazenta|77/100 tox
|-enditem|p1a: Zamazenta|Leftovers|[from] move: Knock Off|[of] p2a: Gliscor
|
|-damage|p1a: Zamazenta|59/100 tox|[from] psn
|-heal|p2a: Gliscor|50/100 tox|[from] ability: Poison Heal
|upkeep
|turn|26
|
|t:|1781202946
|move|p2a: Gliscor|Protect|p2a: Gliscor
|-singleturn|p2a: Gliscor|Protect
|move|p1a: Zamazenta|Roar|p2a: Gliscor
|drag|p2a: Dondozo|Dondozo, F|82/100
|-damage|p2a: Dondozo|70/100|[from] Stealth Rock
|
|-heal|p2a: Dondozo|76/100|[from] item: Leftovers
|-damage|p1a: Zamazenta|34/100 tox|[from] psn
|upkeep
|turn|27
|
|t:|1781202954
|move|p1a: Zamazenta|Crunch|p2a: Dondozo
|-damage|p2a: Dondozo|65/100
|move|p2a: Dondozo|Body Press|p1a: Zamazenta
|-damage|p1a: Zamazenta|13/100 tox
|
|-heal|p2a: Dondozo|71/100|[from] item: Leftovers
|-damage|p1a: Zamazenta|0 fnt|[from] psn
|faint|p1a: Zamazenta
|upkeep
|
|t:|1781202962
|switch|p1a: Iron Valiant|Iron Valiant, tera:Electric|5/100
|turn|28
|
|t:|1781202973
|switch|p2a: Gliscor|Gliscor, M, shiny|50/100 tox
|-damage|p2a: Gliscor|38/100 tox|[from] Stealth Rock
|move|p1a: Iron Valiant|Moonblast|p2a: Gliscor
|-damage|p2a: Gliscor|0 fnt
|faint|p2a: Gliscor
|
|upkeep
|-message|thebambi1234 forfeited.
|
|win|Jsparxs
|raw|Jsparxs's rating: 1558 &rarr; <strong>1584</strong><br />(+26 for winning)
|raw|thebambi1234's rating: 1669 &rarr; <strong>1643</strong><br />(-26 for losing)
|l|☆thebambi1234
|player|p2|
|l|☆Jsparxs
|player|p1|
