|j|☆poor team design
|j|☆lolcano46
|t:|1781582703
|gametype|singles
|player|p1|poor team design|1|1495
|player|p2|lolcano46|fisherman-gen4|1538
|gen|9
|tier|[Gen 9] OU
|rated|
|rule|HP Percentage Mod: HP is shown in percentages
|rule|Endless Battle Clause: Forcing endless battles is banned
|rule|Species Clause: Limit one of each Pokémon
|rule|OHKO Clause: OHKO moves are banned
|rule|Evasion Items Clause: Evasion items are banned
|rule|Evasion Moves Clause: Evasion moves are banned
|rule|Evasion Abilities Clause: Evasion abilities are banned
|rule|Sleep Moves Clause: Sleep-inducing moves are banned
|clearpoke
|poke|p1|Iron Moth|
|poke|p1|Gliscor, M|
|poke|p1|Hatterene, F|
|poke|p1|Ogerpon-Wellspring, F|
|poke|p1|Raging Bolt|
|poke|p1|Zamazenta-*|
|poke|p2|Azelf|
|poke|p2|Ogerpon-Wellspring, F|
|poke|p2|Scizor, F|
|poke|p2|Gengar, M|
|poke|p2|Raging Bolt|
|poke|p2|Cinderace, F|
|teampreview
|inactive|Battle timer is ON: inactive players will automatically lose when time's up. (requested by lolcano46)
|inactive|poor team design has 120 seconds left.
|
|t:|1781582744
|teamsize|p1|6
|teamsize|p2|6
|start
|switch|p1a: Raging Bolt|Raging Bolt|100/100
|switch|p2a: Cinderace|Cinderace, F|100/100
|-enditem|p1a: Raging Bolt|Booster Energy
|-activate|p1a: Raging Bolt|ability: Protosynthesis|[fromitem]
|-start|p1a: Raging Bolt|protosynthesisspa
|turn|1
|
|t:|1781582751
|move|p2a: Cinderace|Will-O-Wisp|p1a: Raging Bolt
|-status|p1a: Raging Bolt|brn
|move|p1a: Raging Bolt|Thunderbolt|p2a: Cinderace
|-damage|p2a: Cinderace|2/100
|
|-damage|p1a: Raging Bolt|94/100 brn|[from] brn
|upkeep
|turn|2
|
|t:|1781582756
|move|p2a: Cinderace|Sucker Punch|p1a: Raging Bolt
|-start|p2a: Cinderace|typechange|Dark|[from] ability: Libero
|-damage|p1a: Raging Bolt|61/100 brn
|move|p1a: Raging Bolt|Thunderclap||[still]
|-fail|p1a: Raging Bolt
|
|-damage|p1a: Raging Bolt|55/100 brn|[from] brn
|upkeep
|turn|3
|
|t:|1781582766
|move|p2a: Cinderace|Sucker Punch|p1a: Raging Bolt
|-damage|p1a: Raging Bolt|24/100 brn
|move|p1a: Raging Bolt|Thunderbolt|p2a: Cinderace
|-damage|p2a: Cinderace|0 fnt
|faint|p2a: Cinderace
|
|-damage|p1a: Raging Bolt|18/100 brn|[from] brn
|upkeep
|
|t:|1781582771
|switch|p2a: Scizor|Scizor, F|100/100
|turn|4
|
|t:|1781582777
|move|p1a: Raging Bolt|Thunderbolt|p2a: Scizor
|-damage|p2a: Scizor|2/100
|move|p2a: Scizor|Knock Off|p1a: Raging Bolt
|-damage|p1a: Raging Bolt|0 fnt
|faint|p1a: Raging Bolt
|-end|p1a: Raging Bolt|Protosynthesis|[silent]
|
|upkeep
|
|t:|1781582801
|switch|p1a: Iron Moth|Iron Moth|100/100
|-enditem|p1a: Iron Moth|Booster Energy
|-activate|p1a: Iron Moth|ability: Quark Drive|[fromitem]
|-start|p1a: Iron Moth|quarkdrivespe
|turn|5
|
|t:|1781582805
|move|p2a: Scizor|Bullet Punch|p1a: Iron Moth
|-resisted|p1a: Iron Moth
|-damage|p1a: Iron Moth|71/100
|move|p1a: Iron Moth|Fiery Dance|p2a: Scizor
|-supereffective|p2a: Scizor
|-damage|p2a: Scizor|0 fnt
|-boost|p1a: Iron Moth|spa|1
|faint|p2a: Scizor
|
|upkeep
|
|t:|1781582810
|switch|p2a: Raging Bolt|Raging Bolt|100/100
|-enditem|p2a: Raging Bolt|Booster Energy
|-activate|p2a: Raging Bolt|ability: Protosynthesis|[fromitem]
|-start|p2a: Raging Bolt|protosynthesisspa
|turn|6
|
|t:|1781582822
|move|p1a: Iron Moth|Sludge Wave|p2a: Raging Bolt
|-damage|p2a: Raging Bolt|25/100
|move|p2a: Raging Bolt|Thunderbolt|p1a: Iron Moth
|-damage|p1a: Iron Moth|4/100
|
|upkeep
|turn|7
|
|t:|1781582827
|move|p2a: Raging Bolt|Thunderclap||[still]
|-fail|p2a: Raging Bolt
|move|p1a: Iron Moth|Whirlwind|p2a: Raging Bolt
|-end|p2a: Raging Bolt|Protosynthesis|[silent]
|drag|p2a: Ogerpon|Ogerpon-Wellspring, F|100/100
|
|upkeep
|turn|8
|
|t:|1781582834
|switch|p2a: Gengar|Gengar, M|100/100
|move|p1a: Iron Moth|Sludge Wave|p2a: Gengar
|-resisted|p2a: Gengar
|-damage|p2a: Gengar|70/100
|
|upkeep
|turn|9
|
|t:|1781582837
|move|p1a: Iron Moth|Fiery Dance|p2a: Gengar
|-damage|p2a: Gengar|0 fnt
|-boost|p1a: Iron Moth|spa|1
|-start|p1a: Iron Moth|Disable|Fiery Dance|[from] ability: Cursed Body|[of] p2a: Gengar
|faint|p2a: Gengar
|
|upkeep
|
|t:|1781582844
|switch|p2a: Raging Bolt|Raging Bolt|25/100
|turn|10
|
|t:|1781582847
|move|p2a: Raging Bolt|Thunderbolt|p1a: Iron Moth
|-damage|p1a: Iron Moth|0 fnt
|faint|p1a: Iron Moth
|-end|p1a: Iron Moth|Quark Drive|[silent]
|
|upkeep
|
|t:|1781582858
|switch|p1a: Gliscor|Gliscor, M|100/100
|turn|11
|
|t:|1781582863
|move|p1a: Gliscor|Swords Dance|p1a: Gliscor
|-boost|p1a: Gliscor|atk|2
|move|p2a: Raging Bolt|Calm Mind|p2a: Raging Bolt
|-boost|p2a: Raging Bolt|spa|1
|-boost|p2a: Raging Bolt|spd|1
|
|-status|p1a: Gliscor|tox|[from] item: Toxic Orb
|upkeep
|turn|12
|
|t:|1781582865
|move|p1a: Gliscor|Earthquake|p2a: Raging Bolt
|-supereffective|p2a: Raging Bolt
|-damage|p2a: Raging Bolt|0 fnt
|faint|p2a: Raging Bolt
|-end|p2a: Raging Bolt|Protosynthesis|[silent]
|
|upkeep
|
|t:|1781582867
|switch|p2a: Ogerpon|Ogerpon-Wellspring, F|100/100
|turn|13
|
|t:|1781582870
|-terastallize|p1a: Gliscor|Normal
|move|p2a: Ogerpon|Ivy Cudgel|p1a: Gliscor|[anim] Ivy Cudgel Water
|-damage|p1a: Gliscor|51/100 tox
|move|p1a: Gliscor|Facade|p2a: Ogerpon
|-damage|p2a: Ogerpon|0 fnt
|faint|p2a: Ogerpon
|
|-heal|p1a: Gliscor|63/100 tox|[from] ability: Poison Heal
|upkeep
|
|t:|1781582873
|switch|p2a: Azelf|Azelf|100/100
|turn|14
|
|t:|1781582878
|-terastallize|p2a: Azelf|Fairy
|move|p2a: Azelf|Mystical Power|p1a: Gliscor
|-damage|p1a: Gliscor|12/100 tox
|-boost|p2a: Azelf|spa|1
|move|p1a: Gliscor|Facade|p2a: Azelf
|-damage|p2a: Azelf|0 fnt
|faint|p2a: Azelf
|
|win|poor team design
|raw|poor team design's rating: 1495 &rarr; <strong>1517</strong><br />(+22 for winning)
|raw|lolcano46's rating: 1538 &rarr; <strong>1516</strong><br />(-22 for losing)
|l|☆lolcano46
|player|p2|
|l|☆poor team design
|player|p1|
