|j|☆manabi.portoviejo
|j|☆Juchzer
|t:|1781182959
|gametype|singles
|player|p1|manabi.portoviejo|1|1616
|player|p2|Juchzer|2|1549
|gen|9
|tier|[Gen 9] OU
|rated|
|rule|HP Percentage Mod: HP is shown in percentages
|rule|Endless Battle Clause: Forcing endless battles is banned
|rule|Species Clause: Limit one of each Pokémon
|rule|OHKO Clause: OHKO moves are banned
|rule|Evasion Items Clause: Evasion items are banned
|rule|Evasion Moves Clause: Evasion moves are banned
|rule|Evasion Abilities Clause: Evasion abilities are banned
|rule|Sleep Moves Clause: Sleep-inducing moves are banned
|clearpoke
|poke|p1|Hoopa-Unbound|
|poke|p1|Hawlucha, M|
|poke|p1|Iron Crown|
|poke|p1|Indeedee-F, F|
|poke|p1|Hatterene, F|
|poke|p1|Iron Valiant|
|poke|p2|Hoopa-Unbound|
|poke|p2|Tentacruel, F|
|poke|p2|Ceruledge, F|
|poke|p2|Rillaboom, F|
|poke|p2|Scizor, F|
|poke|p2|Landorus-Therian, M|
|teampreview
|inactive|Battle timer is ON: inactive players will automatically lose when time's up. (requested by manabi.portoviejo)
|
|t:|1781182991
|teamsize|p1|6
|teamsize|p2|6
|start
|switch|p1a: Indeedee|Indeedee-F, F|100/100
|switch|p2a: Landorus|Landorus-Therian, M|100/100
|-ability|p2a: Landorus|Intimidate|boost
|-unboost|p1a: Indeedee|atk|1
|-fieldstart|move: Psychic Terrain|[from] ability: Psychic Surge|[of] p1a: Indeedee
|turn|1
|
|t:|1781183010
|switch|p1a: Hatterene|Hatterene, F|100/100
|move|p2a: Landorus|U-turn|p1a: Hatterene
|-damage|p1a: Hatterene|74/100
|-enditem|p1a: Hatterene|Eject Button
|
|t:|1781183019
|switch|p1a: Hawlucha|Hawlucha, M|100/100
|-enditem|p1a: Hawlucha|Psychic Seed
|-boost|p1a: Hawlucha|spd|1|[from] item: Psychic Seed
|
|upkeep
|turn|2
|
|t:|1781183025
|move|p1a: Hawlucha|Swords Dance|p1a: Hawlucha
|-boost|p1a: Hawlucha|atk|2
|move|p2a: Landorus|Smack Down|p1a: Hawlucha
|-damage|p1a: Hawlucha|82/100
|-start|p1a: Hawlucha|Smack Down
|
|upkeep
|turn|3
|
|t:|1781183030
|move|p1a: Hawlucha|Acrobatics|p2a: Landorus
|-damage|p2a: Landorus|4/100
|-damage|p1a: Hawlucha|65/100|[from] item: Rocky Helmet|[of] p2a: Landorus
|move|p2a: Landorus|Earthquake|p1a: Hawlucha
|-damage|p1a: Hawlucha|0 fnt
|faint|p1a: Hawlucha
|
|upkeep
|
|t:|1781183043
|switch|p1a: Iron Valiant|Iron Valiant|100/100
|-enditem|p1a: Iron Valiant|Booster Energy
|-activate|p1a: Iron Valiant|ability: Quark Drive|[fromitem]
|-start|p1a: Iron Valiant|quarkdrivespa
|turn|4
|
|t:|1781183050
|switch|p2a: Tentacruel|Tentacruel, F|100/100
|move|p1a: Iron Valiant|Agility|p1a: Iron Valiant
|-boost|p1a: Iron Valiant|spe|2
|
|upkeep
|turn|5
|
|t:|1781183054
|move|p1a: Iron Valiant|Expanding Force|p2a: Tentacruel
|-supereffective|p2a: Tentacruel
|-damage|p2a: Tentacruel|0 fnt
|faint|p2a: Tentacruel
|
|upkeep
|
|t:|1781183057
|switch|p2a: Scizor|Scizor, F|100/100
|turn|6
|
|t:|1781183066
|move|p1a: Iron Valiant|Aura Sphere|p2a: Scizor
|-damage|p2a: Scizor|28/100
|move|p2a: Scizor|Swords Dance|p2a: Scizor
|-boost|p2a: Scizor|atk|2
|
|-heal|p2a: Scizor|34/100|[from] item: Leftovers
|upkeep
|turn|7
|
|t:|1781183076
|-terastallize|p2a: Scizor|Flying
|move|p1a: Iron Valiant|Expanding Force|p2a: Scizor
|-damage|p2a: Scizor|0 fnt
|faint|p2a: Scizor
|
|upkeep
|
|t:|1781183086
|switch|p2a: Rillaboom|Rillaboom, F|100/100
|-fieldstart|move: Grassy Terrain|[from] ability: Grassy Surge|[of] p2a: Rillaboom
|turn|8
|c|☆Juchzer|omg i forgot i can switch terrain...
|
|t:|1781183102
|-terastallize|p1a: Iron Valiant|Steel
|move|p2a: Rillaboom|Grassy Glide|p1a: Iron Valiant
|-resisted|p1a: Iron Valiant
|-damage|p1a: Iron Valiant|68/100
|move|p1a: Iron Valiant|Shadow Ball|p2a: Rillaboom
|-damage|p2a: Rillaboom|53/100
|
|-heal|p1a: Iron Valiant|74/100|[from] Grassy Terrain
|-heal|p2a: Rillaboom|59/100|[from] Grassy Terrain
|upkeep
|turn|9
|
|t:|1781183113
|switch|p2a: Hoopa|Hoopa-Unbound|100/100
|move|p1a: Iron Valiant|Shadow Ball|p2a: Hoopa
|-damage|p2a: Hoopa|69/100
|
|-heal|p1a: Iron Valiant|80/100|[from] Grassy Terrain
|-heal|p2a: Hoopa|75/100|[from] Grassy Terrain
|upkeep
|turn|10
|
|t:|1781183120
|move|p1a: Iron Valiant|Shadow Ball|p2a: Hoopa
|-damage|p2a: Hoopa|38/100
|move|p2a: Hoopa|Thunderbolt|p1a: Iron Valiant
|-damage|p1a: Iron Valiant|21/100
|
|-heal|p1a: Iron Valiant|27/100|[from] Grassy Terrain
|-heal|p2a: Hoopa|44/100|[from] Grassy Terrain
|upkeep
|turn|11
|
|t:|1781183125
|move|p1a: Iron Valiant|Shadow Ball|p2a: Hoopa
|-damage|p2a: Hoopa|9/100
|-unboost|p2a: Hoopa|spd|1
|move|p2a: Hoopa|Thunderbolt|p1a: Iron Valiant
|-damage|p1a: Iron Valiant|0 fnt
|faint|p1a: Iron Valiant
|-end|p1a: Iron Valiant|Quark Drive|[silent]
|
|-heal|p2a: Hoopa|15/100|[from] Grassy Terrain
|upkeep
|inactive|manabi.portoviejo has 120 seconds left.
|
|t:|1781183157
|switch|p1a: Indeedee|Indeedee-F, F|100/100
|-fieldstart|move: Psychic Terrain|[from] ability: Psychic Surge|[of] p1a: Indeedee
|turn|12
|
|t:|1781183166
|switch|p2a: Rillaboom|Rillaboom, F|59/100
|-fieldstart|move: Grassy Terrain|[from] ability: Grassy Surge|[of] p2a: Rillaboom
|move|p1a: Indeedee|Trick Room|p1a: Indeedee
|-fieldstart|move: Trick Room|[of] p1a: Indeedee
|
|-heal|p2a: Rillaboom|66/100|[from] Grassy Terrain
|upkeep
|turn|13
|
|t:|1781183189
|switch|p1a: Hatterene|Hatterene, F|74/100
|move|p2a: Rillaboom|U-turn|p1a: Hatterene
|-damage|p1a: Hatterene|30/100
|
|t:|1781183198
|switch|p2a: Landorus|Landorus-Therian, M|4/100|[from] U-turn
|-ability|p2a: Landorus|Intimidate|boost
|-unboost|p1a: Hatterene|atk|1
|
|-heal|p1a: Hatterene|36/100|[from] Grassy Terrain
|upkeep
|turn|14
|inactive|manabi.portoviejo has 120 seconds left.
|
|t:|1781183222
|move|p1a: Hatterene|Expanding Force|p2a: Landorus
|-damage|p2a: Landorus|0 fnt
|faint|p2a: Landorus
|
|-heal|p1a: Hatterene|42/100|[from] Grassy Terrain
|upkeep
|
|t:|1781183238
|switch|p2a: Ceruledge|Ceruledge, F|100/100
|turn|15
|inactive|manabi.portoviejo has 120 seconds left.
|
|t:|1781183255
|move|p1a: Hatterene|Expanding Force|p2a: Ceruledge
|-damage|p2a: Ceruledge|40/100
|move|p2a: Ceruledge|Swords Dance|p2a: Ceruledge
|-boost|p2a: Ceruledge|atk|2
|
|-heal|p1a: Hatterene|48/100|[from] Grassy Terrain
|-heal|p2a: Ceruledge|47/100|[from] Grassy Terrain
|upkeep
|turn|16
|inactive|manabi.portoviejo has 120 seconds left.
|
|t:|1781183269
|move|p2a: Ceruledge|Shadow Sneak|p1a: Hatterene
|-supereffective|p1a: Hatterene
|-crit|p1a: Hatterene
|-damage|p1a: Hatterene|0 fnt
|faint|p1a: Hatterene
|
|-heal|p2a: Ceruledge|53/100|[from] Grassy Terrain
|-fieldend|move: Trick Room
|-fieldend|move: Grassy Terrain
|upkeep
|inactive|manabi.portoviejo has 120 seconds left.
|
|t:|1781183296
|switch|p1a: Hoopa|Hoopa-Unbound|100/100
|turn|17
|
|t:|1781183306
|move|p2a: Ceruledge|Shadow Sneak|p1a: Hoopa
|-damage|p1a: Hoopa|39/100
|move|p1a: Hoopa|Hyperspace Fury|p2a: Ceruledge
|-supereffective|p2a: Ceruledge
|-damage|p2a: Ceruledge|0 fnt
|-unboost|p1a: Hoopa|def|1
|faint|p2a: Ceruledge
|
|upkeep
|
|t:|1781183314
|switch|p2a: Hoopa|Hoopa-Unbound|15/100
|turn|18
|inactive|manabi.portoviejo has 120 seconds left.
|inactive|manabi.portoviejo has 90 seconds left.
|
|t:|1781183379
|move|p2a: Hoopa|Knock Off|p1a: Hoopa
|-damage|p1a: Hoopa|0 fnt
|-enditem|p1a: Hoopa|Focus Sash|[from] move: Knock Off|[of] p2a: Hoopa
|faint|p1a: Hoopa
|
|upkeep
|inactive|manabi.portoviejo has 60 seconds left.
|
|t:|1781183415
|switch|p1a: Iron Crown|Iron Crown|100/100
|-enditem|p1a: Iron Crown|Booster Energy
|-activate|p1a: Iron Crown|ability: Quark Drive|[fromitem]
|-start|p1a: Iron Crown|quarkdrivespa
|turn|19
|
|t:|1781183433
|switch|p2a: Rillaboom|Rillaboom, F|66/100
|-fieldstart|move: Grassy Terrain|[from] ability: Grassy Surge|[of] p2a: Rillaboom
|move|p1a: Iron Crown|Tachyon Cutter|p2a: Rillaboom
|-damage|p2a: Rillaboom|20/100
|-damage|p2a: Rillaboom|0 fnt
|faint|p2a: Rillaboom
|-hitcount|p2: Rillaboom|2
|
|upkeep
|
|t:|1781183437
|switch|p2a: Hoopa|Hoopa-Unbound|15/100
|turn|20
|
|t:|1781183443
|move|p2a: Hoopa|Knock Off|p1a: Iron Crown
|-supereffective|p1a: Iron Crown
|-damage|p1a: Iron Crown|40/100
|move|p1a: Iron Crown|Tachyon Cutter|p2a: Hoopa
|-damage|p2a: Hoopa|0 fnt
|faint|p2a: Hoopa
|-hitcount|p2: Hoopa|1
|
|win|manabi.portoviejo
|raw|manabi.portoviejo's rating: 1616 &rarr; <strong>1632</strong><br />(+16 for winning)
|raw|Juchzer's rating: 1549 &rarr; <strong>1533</strong><br />(-16 for losing)
|l|☆Juchzer
|player|p2|
