|j|☆th3r3d33m3r
|j|☆MVA Bjirtos
|t:|1781156049
|gametype|singles
|player|p1|th3r3d33m3r|lady|1554
|player|p2|MVA Bjirtos|riley|1531
|gen|9
|tier|[Gen 9] OU
|rated|
|rule|HP Percentage Mod: HP is shown in percentages
|rule|Endless Battle Clause: Forcing endless battles is banned
|rule|Species Clause: Limit one of each Pokémon
|rule|OHKO Clause: OHKO moves are banned
|rule|Evasion Items Clause: Evasion items are banned
|rule|Evasion Moves Clause: Evasion moves are banned
|rule|Evasion Abilities Clause: Evasion abilities are banned
|rule|Sleep Moves Clause: Sleep-inducing moves are banned
|clearpoke
|poke|p1|Hoopa-Unbound|
|poke|p1|Pecharunt|
|poke|p1|Landorus-Therian, M|
|poke|p1|Cinderace, M|
|poke|p1|Alomomola, M|
|poke|p1|Iron Valiant|
|poke|p2|Ninetales-Alola, F|
|poke|p2|Iron Moth|
|poke|p2|Alomomola, F|
|poke|p2|Darkrai|
|poke|p2|Polteageist|
|poke|p2|Haxorus, M|
|teampreview
|inactive|Battle timer is ON: inactive players will automatically lose when time's up. (requested by MVA Bjirtos)
|
|t:|1781156060
|teamsize|p1|6
|teamsize|p2|6
|start
|switch|p1a: Liberacy|Cinderace, M, shiny|100/100
|switch|p2a: Eclipse|Darkrai|100/100
|turn|1
|
|t:|1781156067
|switch|p1a: Pisces|Alomomola, M, shiny|100/100
|move|p2a: Eclipse|Dark Pulse|p1a: Pisces
|-damage|p1a: Pisces|72/100
|-damage|p2a: Eclipse|91/100|[from] item: Life Orb
|
|upkeep
|turn|2
|
|t:|1781156074
|move|p2a: Eclipse|Nasty Plot|p2a: Eclipse
|-boost|p2a: Eclipse|spa|2
|move|p1a: Pisces|Flip Turn|p2a: Eclipse
|-damage|p2a: Eclipse|68/100
|
|t:|1781156079
|switch|p1a: Enten|Landorus-Therian, M, shiny|100/100|[from] Flip Turn
|-ability|p1a: Enten|Intimidate|boost
|-unboost|p2a: Eclipse|atk|1
|
|upkeep
|turn|3
|
|t:|1781156089
|move|p1a: Enten|Earthquake|p2a: Eclipse
|-damage|p2a: Eclipse|0 fnt
|faint|p2a: Eclipse
|
|upkeep
|
|t:|1781156093
|switch|p2a: Teardrop|Ninetales-Alola, F|100/100
|-weather|Snowscape|[from] ability: Snow Warning|[of] p2a: Teardrop
|turn|4
|
|t:|1781156097
|move|p1a: Enten|Earthquake|p2a: Teardrop
|-damage|p2a: Teardrop|55/100
|move|p2a: Teardrop|Aurora Veil|p2a: Teardrop
|-sidestart|p2: MVA Bjirtos|move: Aurora Veil
|
|-weather|Snowscape|[upkeep]
|upkeep
|turn|5
|
|t:|1781156103
|switch|p1a: Liberacy|Cinderace, M, shiny|100/100
|move|p2a: Teardrop|Freeze-Dry|p1a: Liberacy
|-resisted|p1a: Liberacy
|-damage|p1a: Liberacy|86/100
|
|-weather|Snowscape|[upkeep]
|upkeep
|turn|6
|
|t:|1781156108
|move|p1a: Liberacy|Court Change|p1a: Liberacy
|-start|p1a: Liberacy|typechange|Normal|[from] ability: Libero
|-swapsideconditions
|-activate|p1a: Liberacy|move: Court Change
|move|p2a: Teardrop|Aurora Veil|p2a: Teardrop
|-sidestart|p2: MVA Bjirtos|move: Aurora Veil
|
|-weather|Snowscape|[upkeep]
|upkeep
|turn|7
|
|t:|1781156114
|switch|p2a: Deep Trance|Alomomola, F, shiny|100/100
|move|p1a: Liberacy|Pyro Ball|p2a: Deep Trance
|-resisted|p2a: Deep Trance
|-damage|p2a: Deep Trance|93/100
|
|-weather|Snowscape|[upkeep]
|upkeep
|turn|8
|
|t:|1781156119
|move|p1a: Liberacy|U-turn|p2a: Deep Trance
|-damage|p2a: Deep Trance|83/100
|
|t:|1781156121
|switch|p1a: Pisces|Alomomola, M, shiny|100/100|[from] U-turn
|move|p2a: Deep Trance|Flip Turn|p1a: Pisces
|-resisted|p1a: Pisces
|-damage|p1a: Pisces|97/100
|
|t:|1781156130
|switch|p2a: Sorrow|Iron Moth|100/100|[from] Flip Turn
|-enditem|p2a: Sorrow|Booster Energy
|-activate|p2a: Sorrow|ability: Quark Drive|[fromitem]
|-start|p2a: Sorrow|quarkdrivespe
|
|-weather|none
|upkeep
|turn|9
|
|t:|1781156134
|move|p2a: Sorrow|Fiery Dance|p1a: Pisces
|-resisted|p1a: Pisces
|-damage|p1a: Pisces|92/100
|-boost|p2a: Sorrow|spa|1
|move|p1a: Pisces|Mirror Coat|p2a: Sorrow
|-damage|p2a: Sorrow|82/100
|
|upkeep
|turn|10
|
|t:|1781156142
|move|p2a: Sorrow|Fiery Dance|p1a: Pisces
|-resisted|p1a: Pisces
|-damage|p1a: Pisces|83/100
|move|p1a: Pisces|Flip Turn|p2a: Sorrow
|-supereffective|p2a: Sorrow
|-damage|p2a: Sorrow|59/100
|
|t:|1781156151
|switch|p1a: Enten|Landorus-Therian, M, shiny|100/100|[from] Flip Turn
|-ability|p1a: Enten|Intimidate|boost
|-unboost|p2a: Sorrow|atk|1
|
|upkeep
|turn|11
|
|t:|1781156164
|switch|p1a: Pisces|Alomomola, M, shiny|100/100
|-terastallize|p2a: Sorrow|Grass
|move|p2a: Sorrow|Morning Sun|p2a: Sorrow
|-heal|p2a: Sorrow|100/100
|
|-sideend|p1: th3r3d33m3r|move: Aurora Veil
|upkeep
|turn|12
|
|t:|1781156171
|move|p2a: Sorrow|Fiery Dance|p1a: Pisces
|-resisted|p1a: Pisces
|-damage|p1a: Pisces|84/100
|-boost|p2a: Sorrow|spa|1
|move|p1a: Pisces|Mirror Coat|p2a: Sorrow
|-damage|p2a: Sorrow|45/100
|
|upkeep
|turn|13
|
|t:|1781156186
|move|p2a: Sorrow|Morning Sun|p2a: Sorrow
|-heal|p2a: Sorrow|95/100
|move|p1a: Pisces|Body Slam|p2a: Sorrow
|-damage|p2a: Sorrow|83/100
|
|-sideend|p2: MVA Bjirtos|move: Aurora Veil
|upkeep
|turn|14
|
|t:|1781156192
|move|p2a: Sorrow|Energy Ball|p1a: Pisces
|-supereffective|p1a: Pisces
|-damage|p1a: Pisces|0 fnt
|faint|p1a: Pisces
|
|upkeep
|-message|th3r3d33m3r forfeited.
|
|win|MVA Bjirtos
|raw|th3r3d33m3r's rating: 1554 &rarr; <strong>1533</strong><br />(-21 for losing)
|raw|MVA Bjirtos's rating: 1531 &rarr; <strong>1552</strong><br />(+21 for winning)
|l|☆th3r3d33m3r
|player|p1|
|l|☆MVA Bjirtos
|player|p2|
