|j|☆looniertunes
|j|☆my2005
|t:|1781462432
|gametype|singles
|player|p1|looniertunes|cynthia|1573
|player|p2|my2005|169|1710
|gen|9
|tier|[Gen 9] OU
|rated|
|rule|HP Percentage Mod: HP is shown in percentages
|rule|Endless Battle Clause: Forcing endless battles is banned
|rule|Species Clause: Limit one of each Pokémon
|rule|OHKO Clause: OHKO moves are banned
|rule|Evasion Items Clause: Evasion items are banned
|rule|Evasion Moves Clause: Evasion moves are banned
|rule|Evasion Abilities Clause: Evasion abilities are banned
|rule|Sleep Moves Clause: Sleep-inducing moves are banned
|clearpoke
|poke|p1|Tyranitar, M|
|poke|p1|Sinistcha|
|poke|p1|Conkeldurr, M|
|poke|p1|Excadrill, M|
|poke|p1|Corviknight, F|
|poke|p1|Primarina, F|
|poke|p2|Slowking-Galar, M|
|poke|p2|Whimsicott, M|
|poke|p2|Kyurem|
|poke|p2|Cinderace, M|
|poke|p2|Alomomola, F|
|poke|p2|Gliscor, F|
|teampreview
|inactive|Battle timer is ON: inactive players will automatically lose when time's up. (requested by my2005)
|
|t:|1781462464
|teamsize|p1|6
|teamsize|p2|6
|start
|switch|p1a: Primarina|Primarina, F|100/100
|switch|p2a: Cinderace|Cinderace, M|100/100
|turn|1
|
|t:|1781462468
|move|p2a: Cinderace|U-turn|p1a: Primarina
|-start|p2a: Cinderace|typechange|Bug|[from] ability: Libero
|-resisted|p1a: Primarina
|-damage|p1a: Primarina|79/100
|
|t:|1781462470
|switch|p2a: Slowking|Slowking-Galar, M|100/100|[from] U-turn
|move|p1a: Primarina|Flip Turn|p2a: Slowking
|-damage|p2a: Slowking|87/100
|
|t:|1781462490
|switch|p1a: Tyranitar|Tyranitar, M|100/100|[from] Flip Turn
|-weather|Sandstorm|[from] ability: Sand Stream|[of] p1a: Tyranitar
|
|-weather|Sandstorm|[upkeep]
|-damage|p2a: Slowking|81/100|[from] Sandstorm
|upkeep
|turn|2
|
|t:|1781462496
|switch|p2a: Alomomola|Alomomola, F|100/100
|move|p1a: Tyranitar|Knock Off|p2a: Alomomola
|-damage|p2a: Alomomola|76/100
|-damage|p1a: Tyranitar|84/100|[from] item: Rocky Helmet|[of] p2a: Alomomola
|-enditem|p2a: Alomomola|Rocky Helmet|[from] move: Knock Off|[of] p1a: Tyranitar
|
|-weather|Sandstorm|[upkeep]
|-damage|p2a: Alomomola|69/100|[from] Sandstorm
|upkeep
|turn|3
|
|t:|1781462502
|switch|p1a: Corviknight|Corviknight, F|100/100
|-ability|p1a: Corviknight|Pressure
|move|p2a: Alomomola|Flip Turn|p1a: Corviknight
|-damage|p1a: Corviknight|90/100
|-damage|p2a: Alomomola|53/100|[from] item: Rocky Helmet|[of] p1a: Corviknight
|
|t:|1781462512
|switch|p2a: Gliscor|Gliscor, F|100/100|[from] Flip Turn
|
|-weather|Sandstorm|[upkeep]
|-status|p2a: Gliscor|tox|[from] item: Toxic Orb
|upkeep
|turn|4
|
|t:|1781462518
|move|p2a: Gliscor|Swords Dance|p2a: Gliscor
|-boost|p2a: Gliscor|atk|2
|move|p1a: Corviknight|Brave Bird|p2a: Gliscor
|-damage|p2a: Gliscor|73/100 tox
|-damage|p1a: Corviknight|82/100|[from] Recoil
|
|-weather|Sandstorm|[upkeep]
|-heal|p2a: Gliscor|85/100 tox|[from] ability: Poison Heal
|upkeep
|turn|5
|
|t:|1781462523
|move|p2a: Gliscor|Swords Dance|p2a: Gliscor
|-boost|p2a: Gliscor|atk|2
|move|p1a: Corviknight|U-turn|p2a: Gliscor
|-resisted|p2a: Gliscor
|-damage|p2a: Gliscor|79/100 tox
|
|t:|1781462526
|switch|p1a: Tyranitar|Tyranitar, M|84/100|[from] U-turn
|
|-weather|Sandstorm|[upkeep]
|-heal|p2a: Gliscor|91/100 tox|[from] ability: Poison Heal
|upkeep
|turn|6
|
|t:|1781462538
|-terastallize|p2a: Gliscor|Normal
|-terastallize|p1a: Tyranitar|Flying
|move|p2a: Gliscor|Earthquake|p1a: Tyranitar
|-immune|p1a: Tyranitar
|move|p1a: Tyranitar|Ice Beam|p2a: Gliscor
|-damage|p2a: Gliscor|68/100 tox
|
|-weather|Sandstorm|[upkeep]
|-damage|p2a: Gliscor|61/100 tox|[from] Sandstorm
|-damage|p1a: Tyranitar|78/100|[from] Sandstorm
|-heal|p2a: Gliscor|74/100 tox|[from] ability: Poison Heal
|upkeep
|turn|7
|
|t:|1781462546
|switch|p1a: Corviknight|Corviknight, F|82/100
|-ability|p1a: Corviknight|Pressure
|move|p2a: Gliscor|Facade|p1a: Corviknight
|-resisted|p1a: Corviknight
|-damage|p1a: Corviknight|27/100
|-damage|p2a: Gliscor|57/100 tox|[from] item: Rocky Helmet|[of] p1a: Corviknight
|
|-weather|Sandstorm|[upkeep]
|-damage|p2a: Gliscor|51/100 tox|[from] Sandstorm
|-heal|p2a: Gliscor|63/100 tox|[from] ability: Poison Heal
|upkeep
|turn|8
|
|t:|1781462555
|move|p2a: Gliscor|Facade|p1a: Corviknight
|-resisted|p1a: Corviknight
|-damage|p1a: Corviknight|0 fnt
|-damage|p2a: Gliscor|47/100 tox|[from] item: Rocky Helmet|[of] p1a: Corviknight
|faint|p1a: Corviknight
|
|-weather|none
|-heal|p2a: Gliscor|59/100 tox|[from] ability: Poison Heal
|upkeep
|
|t:|1781462558
|switch|p1a: Conkeldurr|Conkeldurr, M|100/100
|turn|9
|
|t:|1781462560
|move|p1a: Conkeldurr|Mach Punch|p2a: Gliscor
|-supereffective|p2a: Gliscor
|-damage|p2a: Gliscor|18/100 tox
|move|p2a: Gliscor|Facade|p1a: Conkeldurr
|-damage|p1a: Conkeldurr|0 fnt
|faint|p1a: Conkeldurr
|
|-heal|p2a: Gliscor|30/100 tox|[from] ability: Poison Heal
|upkeep
|
|t:|1781462566
|switch|p1a: Sinistcha|Sinistcha|100/100
|turn|10
|
|t:|1781462569
|move|p2a: Gliscor|Earthquake|p1a: Sinistcha
|-resisted|p1a: Sinistcha
|-damage|p1a: Sinistcha|53/100
|move|p1a: Sinistcha|Strength Sap|p2a: Gliscor
|-unboost|p2a: Gliscor|atk|1
|-heal|p1a: Sinistcha|100/100
|
|-heal|p2a: Gliscor|42/100 tox|[from] ability: Poison Heal
|upkeep
|turn|11
|
|t:|1781462574
|move|p2a: Gliscor|Swords Dance|p2a: Gliscor
|-boost|p2a: Gliscor|atk|2
|move|p1a: Sinistcha|Calm Mind|p1a: Sinistcha
|-boost|p1a: Sinistcha|spa|1
|-boost|p1a: Sinistcha|spd|1
|
|-heal|p2a: Gliscor|55/100 tox|[from] ability: Poison Heal
|upkeep
|turn|12
|
|t:|1781462584
|switch|p2a: Whimsicott|Whimsicott, M|100/100
|move|p1a: Sinistcha|Strength Sap|p2a: Whimsicott
|-unboost|p2a: Whimsicott|atk|1
|
|upkeep
|turn|13
|
|t:|1781462592
|switch|p1a: Tyranitar|Tyranitar, M, tera:Flying|78/100
|-weather|Sandstorm|[from] ability: Sand Stream|[of] p1a: Tyranitar
|move|p2a: Whimsicott|Encore||[still]
|-fail|p2a: Whimsicott
|
|-weather|Sandstorm|[upkeep]
|-damage|p2a: Whimsicott|94/100|[from] Sandstorm
|-damage|p1a: Tyranitar|72/100|[from] Sandstorm
|-heal|p2a: Whimsicott|100/100|[from] item: Leftovers
|upkeep
|turn|14
|
|t:|1781462599
|move|p2a: Whimsicott|Substitute|p2a: Whimsicott
|-start|p2a: Whimsicott|Substitute
|-damage|p2a: Whimsicott|76/100
|move|p1a: Tyranitar|Knock Off|p2a: Whimsicott
|-resisted|p2a: Whimsicott
|-activate|p2a: Whimsicott|move: Substitute|[damage]
|
|-weather|Sandstorm|[upkeep]
|-damage|p2a: Whimsicott|70/100|[from] Sandstorm
|-damage|p1a: Tyranitar|65/100|[from] Sandstorm
|-heal|p2a: Whimsicott|76/100|[from] item: Leftovers
|upkeep
|turn|15
|
|t:|1781462606
|move|p2a: Whimsicott|Leech Seed|p1a: Tyranitar
|-start|p1a: Tyranitar|move: Leech Seed
|move|p1a: Tyranitar|Ice Beam|p2a: Whimsicott
|-supereffective|p2a: Whimsicott
|-end|p2a: Whimsicott|Substitute
|
|-weather|Sandstorm|[upkeep]
|-damage|p2a: Whimsicott|70/100|[from] Sandstorm
|-damage|p1a: Tyranitar|59/100|[from] Sandstorm
|-heal|p2a: Whimsicott|76/100|[from] item: Leftovers
|-damage|p1a: Tyranitar|47/100|[from] Leech Seed|[of] p2a: Whimsicott
|-heal|p2a: Whimsicott|91/100|[silent]
|upkeep
|turn|16
|
|t:|1781462621
|switch|p1a: Sinistcha|Sinistcha|100/100
|move|p2a: Whimsicott|Substitute|p2a: Whimsicott
|-start|p2a: Whimsicott|Substitute
|-damage|p2a: Whimsicott|66/100
|
|-weather|Sandstorm|[upkeep]
|-damage|p2a: Whimsicott|60/100|[from] Sandstorm
|-damage|p1a: Sinistcha|94/100|[from] Sandstorm
|-heal|p2a: Whimsicott|66/100|[from] item: Leftovers
|upkeep
|turn|17
|inactive|looniertunes has 120 seconds left.
|
|t:|1781462654
|move|p2a: Whimsicott|Leech Seed|p1a: Sinistcha
|-immune|p1a: Sinistcha
|move|p1a: Sinistcha|Shadow Ball|p2a: Whimsicott
|-end|p2a: Whimsicott|Substitute
|
|-weather|Sandstorm|[upkeep]
|-damage|p2a: Whimsicott|60/100|[from] Sandstorm
|-damage|p1a: Sinistcha|88/100|[from] Sandstorm
|-heal|p2a: Whimsicott|66/100|[from] item: Leftovers
|upkeep
|turn|18
|
|t:|1781462666
|switch|p2a: Kyurem|Kyurem|100/100
|-ability|p2a: Kyurem|Pressure
|move|p1a: Sinistcha|Matcha Gotcha|p2a: Kyurem
|-resisted|p2a: Kyurem
|-crit|p2a: Kyurem
|-damage|p2a: Kyurem|78/100
|-heal|p1a: Sinistcha|100/100|[from] drain|[of] p2a: Kyurem
|
|-weather|Sandstorm|[upkeep]
|-damage|p2a: Kyurem|72/100|[from] Sandstorm
|-damage|p1a: Sinistcha|94/100|[from] Sandstorm
|-heal|p2a: Kyurem|78/100|[from] item: Leftovers
|upkeep
|turn|19
|
|t:|1781462672
|switch|p1a: Excadrill|Excadrill, M|100/100
|move|p2a: Kyurem|Freeze-Dry|p1a: Excadrill
|-damage|p1a: Excadrill|54/100
|
|-weather|Sandstorm|[upkeep]
|-damage|p2a: Kyurem|72/100|[from] Sandstorm
|-heal|p2a: Kyurem|78/100|[from] item: Leftovers
|upkeep
|turn|20
|
|t:|1781462676
|switch|p2a: Alomomola|Alomomola, F|86/100
|move|p1a: Excadrill|Rock Slide|p2a: Alomomola
|-damage|p2a: Alomomola|66/100
|-damage|p1a: Excadrill|44/100|[from] item: Life Orb
|
|-weather|none
|upkeep
|turn|21
|
|t:|1781462683
|switch|p1a: Sinistcha|Sinistcha|94/100
|move|p2a: Alomomola|Flip Turn|p1a: Sinistcha
|-resisted|p1a: Sinistcha
|-damage|p1a: Sinistcha|89/100
|
|t:|1781462686
|switch|p2a: Kyurem|Kyurem|78/100|[from] Flip Turn
|-ability|p2a: Kyurem|Pressure
|
|-heal|p2a: Kyurem|84/100|[from] item: Leftovers
|upkeep
|turn|22
|
|t:|1781462692
|switch|p1a: Tyranitar|Tyranitar, M, tera:Flying|47/100
|-weather|Sandstorm|[from] ability: Sand Stream|[of] p1a: Tyranitar
|move|p2a: Kyurem|Freeze-Dry|p1a: Tyranitar
|-supereffective|p1a: Tyranitar
|-damage|p1a: Tyranitar|0 fnt
|faint|p1a: Tyranitar
|
|-weather|Sandstorm|[upkeep]
|-damage|p2a: Kyurem|78/100|[from] Sandstorm
|-heal|p2a: Kyurem|84/100|[from] item: Leftovers
|upkeep
|
|t:|1781462696
|switch|p1a: Excadrill|Excadrill, M|44/100
|turn|23
|
|t:|1781462701
|switch|p2a: Whimsicott|Whimsicott, M|66/100
|move|p1a: Excadrill|Swords Dance|p1a: Excadrill
|-boost|p1a: Excadrill|atk|2
|
|-weather|Sandstorm|[upkeep]
|-damage|p2a: Whimsicott|60/100|[from] Sandstorm
|-heal|p2a: Whimsicott|66/100|[from] item: Leftovers
|upkeep
|turn|24
|
|t:|1781462704
|move|p2a: Whimsicott|Encore|p1a: Excadrill
|-start|p1a: Excadrill|Encore
|move|p1a: Excadrill|Swords Dance|p1a: Excadrill
|-boost|p1a: Excadrill|atk|2
|
|-weather|Sandstorm|[upkeep]
|-damage|p2a: Whimsicott|60/100|[from] Sandstorm
|-heal|p2a: Whimsicott|66/100|[from] item: Leftovers
|upkeep
|turn|25
|
|t:|1781462712
|switch|p1a: Sinistcha|Sinistcha|89/100
|move|p2a: Whimsicott|U-turn|p1a: Sinistcha
|-damage|p1a: Sinistcha|81/100
|
|t:|1781462714
|switch|p2a: Kyurem|Kyurem|84/100|[from] U-turn
|-ability|p2a: Kyurem|Pressure
|
|-weather|Sandstorm|[upkeep]
|-damage|p2a: Kyurem|78/100|[from] Sandstorm
|-damage|p1a: Sinistcha|75/100|[from] Sandstorm
|-heal|p2a: Kyurem|84/100|[from] item: Leftovers
|upkeep
|turn|26
|
|t:|1781462725
|move|p2a: Kyurem|Freeze-Dry|p1a: Sinistcha
|-supereffective|p1a: Sinistcha
|-damage|p1a: Sinistcha|0 fnt
|faint|p1a: Sinistcha
|
|-weather|Sandstorm|[upkeep]
|-damage|p2a: Kyurem|78/100|[from] Sandstorm
|-heal|p2a: Kyurem|84/100|[from] item: Leftovers
|upkeep
|
|t:|1781462728
|switch|p1a: Excadrill|Excadrill, M|44/100
|turn|27
|
|t:|1781462731
|switch|p2a: Alomomola|Alomomola, F|99/100
|move|p1a: Excadrill|Earthquake|p2a: Alomomola
|-damage|p2a: Alomomola|60/100
|-damage|p1a: Excadrill|34/100|[from] item: Life Orb
|
|-weather|Sandstorm|[upkeep]
|-damage|p2a: Alomomola|54/100|[from] Sandstorm
|upkeep
|turn|28
|
|t:|1781462734
|move|p1a: Excadrill|Earthquake|p2a: Alomomola
|-damage|p2a: Alomomola|17/100
|-damage|p1a: Excadrill|24/100|[from] item: Life Orb
|move|p2a: Alomomola|Flip Turn|p1a: Excadrill
|-supereffective|p1a: Excadrill
|-damage|p1a: Excadrill|0 fnt
|faint|p1a: Excadrill
|-message|looniertunes forfeited.
|
|win|my2005
|raw|looniertunes's rating: 1573 &rarr; <strong>1561</strong><br />(-12 for losing)
|raw|my2005's rating: 1710 &rarr; <strong>1722</strong><br />(+12 for winning)
|l|☆looniertunes
|player|p1|
|l|☆my2005
|player|p2|
