|j|☆m0onstarr
|j|☆somsleep
|t:|1781580620
|gametype|singles
|player|p1|m0onstarr|miku-ghost|1547
|player|p2|somsleep|169|1531
|gen|9
|tier|[Gen 9] OU
|rated|
|rule|HP Percentage Mod: HP is shown in percentages
|rule|Endless Battle Clause: Forcing endless battles is banned
|rule|Species Clause: Limit one of each Pokémon
|rule|OHKO Clause: OHKO moves are banned
|rule|Evasion Items Clause: Evasion items are banned
|rule|Evasion Moves Clause: Evasion moves are banned
|rule|Evasion Abilities Clause: Evasion abilities are banned
|rule|Sleep Moves Clause: Sleep-inducing moves are banned
|clearpoke
|poke|p1|Raging Bolt|
|poke|p1|Pincurchin, F|
|poke|p1|Corviknight, F|
|poke|p1|Iron Crown|
|poke|p1|Iron Boulder|
|poke|p1|Iron Hands|
|poke|p2|Abomasnow, M|
|poke|p2|Cetitan, M|
|poke|p2|Rotom|
|poke|p2|Illumise, F|
|poke|p2|Keldeo-Resolute|
|poke|p2|Iron Treads|
|teampreview
|inactive|Battle timer is ON: inactive players will automatically lose when time's up. (requested by m0onstarr)
|
|t:|1781580629
|teamsize|p1|6
|teamsize|p2|6
|start
|switch|p1a: Pincurchin|Pincurchin, F|100/100
|switch|p2a: Rotom|Rotom|100/100
|-fieldstart|move: Electric Terrain|[from] ability: Electric Surge|[of] p1a: Pincurchin
|turn|1
|j| Concept Everything
|
|t:|1781580644
|switch|p1a: Raging Bolt|Raging Bolt|100/100
|-enditem|p1a: Raging Bolt|Booster Energy
|-activate|p1a: Raging Bolt|ability: Protosynthesis|[fromitem]
|-start|p1a: Raging Bolt|protosynthesisspa
|move|p2a: Rotom|Trick|p1a: Raging Bolt
|-activate|p2a: Rotom|move: Trick|[of] p1a: Raging Bolt
|-item|p1a: Raging Bolt|Choice Scarf|[from] move: Trick
|-enditem|p2a: Rotom|Choice Scarf|[silent]|[from] move: Trick
|
|upkeep
|turn|2
|c|☆m0onstarr|concept?
|
|t:|1781580654
|switch|p2a: Iron Treads|Iron Treads|100/100
|-activate|p2a: Iron Treads|ability: Quark Drive
|-start|p2a: Iron Treads|quarkdrivespe
|move|p1a: Raging Bolt|Dragon Pulse|p2a: Iron Treads
|-resisted|p2a: Iron Treads
|-damage|p2a: Iron Treads|57/100
|
|upkeep
|turn|3
|c| Concept Everything|Hi
|
|t:|1781580662
|move|p2a: Iron Treads|Stealth Rock|p1a: Raging Bolt
|-sidestart|p1: m0onstarr|move: Stealth Rock
|move|p1a: Raging Bolt|Dragon Pulse|p2a: Iron Treads
|-resisted|p2a: Iron Treads
|-damage|p2a: Iron Treads|12/100
|
|upkeep
|turn|4
|c|☆m0onstarr|hru
|
|t:|1781580666
|move|p2a: Iron Treads|Earthquake|p1a: Raging Bolt
|-supereffective|p1a: Raging Bolt
|-damage|p1a: Raging Bolt|19/100
|move|p1a: Raging Bolt|Dragon Pulse|p2a: Iron Treads
|-resisted|p2a: Iron Treads
|-damage|p2a: Iron Treads|0 fnt
|faint|p2a: Iron Treads
|-end|p2a: Iron Treads|Quark Drive|[silent]
|
|upkeep
|c| Concept Everything|Good wbu
|c|☆m0onstarr|doin good
|c|☆m0onstarr|nothin crazy
|
|t:|1781580687
|switch|p2a: Abomasnow|Abomasnow, M, shiny|100/100
|-weather|Snowscape|[from] ability: Snow Warning|[of] p2a: Abomasnow
|turn|5
|c|☆m0onstarr|jst goofin off rn
|
|t:|1781580691
|move|p1a: Raging Bolt|Dragon Pulse|p2a: Abomasnow
|-damage|p2a: Abomasnow|27/100
|move|p2a: Abomasnow|Aurora Veil|p2a: Abomasnow
|-sidestart|p2: somsleep|move: Aurora Veil
|
|-weather|Snowscape|[upkeep]
|upkeep
|turn|6
|
|t:|1781580696
|switch|p2a: Illumise|Illumise, F|100/100
|move|p1a: Raging Bolt|Dragon Pulse|p2a: Illumise
|-damage|p2a: Illumise|64/100
|-enditem|p2a: Illumise|Eject Button
|
|t:|1781580701
|switch|p2a: Cetitan|Cetitan, M|100/100
|
|-weather|Snowscape|[upkeep]
|upkeep
|turn|7
|
|t:|1781580704
|move|p2a: Cetitan|Belly Drum|p2a: Cetitan
|-damage|p2a: Cetitan|50/100
|-setboost|p2a: Cetitan|atk|6|[from] move: Belly Drum
|-enditem|p2a: Cetitan|Sitrus Berry|[eat]
|-heal|p2a: Cetitan|75/100|[from] item: Sitrus Berry
|move|p1a: Raging Bolt|Dragon Pulse|p2a: Cetitan
|-damage|p2a: Cetitan|41/100
|
|-weather|Snowscape|[upkeep]
|upkeep
|turn|8
|
|t:|1781580712
|move|p2a: Cetitan|Earthquake|p1a: Raging Bolt
|-supereffective|p1a: Raging Bolt
|-damage|p1a: Raging Bolt|0 fnt
|faint|p1a: Raging Bolt
|-end|p1a: Raging Bolt|Protosynthesis|[silent]
|
|-weather|Snowscape|[upkeep]
|-fieldend|move: Electric Terrain
|upkeep
|
|t:|1781580727
|switch|p1a: Corviknight|Corviknight, F|100/100
|-damage|p1a: Corviknight|88/100|[from] Stealth Rock
|-ability|p1a: Corviknight|Pressure
|turn|9
|
|t:|1781580733
|-terastallize|p2a: Cetitan|Ghost
|move|p2a: Cetitan|Liquidation|p1a: Corviknight
|-damage|p1a: Corviknight|16/100
|-damage|p2a: Cetitan|24/100|[from] item: Rocky Helmet|[of] p1a: Corviknight
|move|p1a: Corviknight|U-turn|p2a: Cetitan
|-resisted|p2a: Cetitan
|-damage|p2a: Cetitan|21/100
|
|t:|1781580741
|switch|p1a: Pincurchin|Pincurchin, F|100/100|[from] U-turn
|-damage|p1a: Pincurchin|88/100|[from] Stealth Rock
|-fieldstart|move: Electric Terrain|[from] ability: Electric Surge|[of] p1a: Pincurchin
|
|-weather|Snowscape|[upkeep]
|-sideend|p2: somsleep|move: Aurora Veil
|upkeep
|turn|10
|
|t:|1781580750
|move|p2a: Cetitan|Earthquake|p1a: Pincurchin
|-supereffective|p1a: Pincurchin
|-damage|p1a: Pincurchin|0 fnt
|faint|p1a: Pincurchin
|
|-weather|Snowscape|[upkeep]
|upkeep
|
|t:|1781580766
|switch|p1a: Corviknight|Corviknight, F|16/100
|-damage|p1a: Corviknight|4/100|[from] Stealth Rock
|-ability|p1a: Corviknight|Pressure
|turn|11
|
|t:|1781580773
|move|p2a: Cetitan|Liquidation|p1a: Corviknight
|-damage|p1a: Corviknight|0 fnt
|-damage|p2a: Cetitan|5/100|[from] item: Rocky Helmet|[of] p1a: Corviknight
|faint|p1a: Corviknight
|
|-weather|Snowscape|[upkeep]
|upkeep
|
|t:|1781580785
|switch|p1a: Iron Hands|Iron Hands|100/100
|-damage|p1a: Iron Hands|94/100|[from] Stealth Rock
|-activate|p1a: Iron Hands|ability: Quark Drive
|-start|p1a: Iron Hands|quarkdriveatk
|turn|12
|
|t:|1781580800
|move|p2a: Cetitan|Earthquake|p1a: Iron Hands
|-supereffective|p1a: Iron Hands
|-damage|p1a: Iron Hands|0 fnt
|faint|p1a: Iron Hands
|-end|p1a: Iron Hands|Quark Drive|[silent]
|
|-weather|none
|upkeep
|
|t:|1781580820
|switch|p1a: Iron Crown|Iron Crown|100/100
|-damage|p1a: Iron Crown|94/100|[from] Stealth Rock
|-activate|p1a: Iron Crown|ability: Quark Drive
|-start|p1a: Iron Crown|quarkdrivespe
|turn|13
|
|t:|1781580825
|move|p2a: Cetitan|Ice Shard|p1a: Iron Crown
|-resisted|p1a: Iron Crown
|-damage|p1a: Iron Crown|55/100
|move|p1a: Iron Crown|Tachyon Cutter|p2a: Cetitan
|-damage|p2a: Cetitan|0 fnt
|faint|p2a: Cetitan
|-hitcount|p2: Cetitan|1
|-damage|p1a: Iron Crown|46/100|[from] item: Life Orb
|
|upkeep
|
|t:|1781580845
|switch|p2a: Illumise|Illumise, F|64/100
|turn|14
|
|t:|1781580849
|move|p2a: Illumise|Tailwind|p2a: Illumise
|-sidestart|p2: somsleep|move: Tailwind
|move|p1a: Iron Crown|Tachyon Cutter|p2a: Illumise
|-damage|p2a: Illumise|30/100
|-damage|p2a: Illumise|0 fnt
|faint|p2a: Illumise
|-hitcount|p2: Illumise|2
|-damage|p1a: Iron Crown|36/100|[from] item: Life Orb
|
|upkeep
|
|t:|1781580856
|switch|p2a: Rotom|Rotom|100/100
|turn|15
|
|t:|1781580858
|move|p2a: Rotom|Shadow Ball|p1a: Iron Crown
|-supereffective|p1a: Iron Crown
|-damage|p1a: Iron Crown|0 fnt
|faint|p1a: Iron Crown
|-end|p1a: Iron Crown|Quark Drive|[silent]
|
|upkeep
|
|t:|1781580862
|switch|p1a: Iron Boulder|Iron Boulder|100/100
|-damage|p1a: Iron Boulder|88/100|[from] Stealth Rock
|-activate|p1a: Iron Boulder|ability: Quark Drive
|-start|p1a: Iron Boulder|quarkdrivespe
|turn|16
|
|t:|1781580874
|-terastallize|p1a: Iron Boulder|Fighting
|move|p2a: Rotom|Thunder Wave|p1a: Iron Boulder
|-status|p1a: Iron Boulder|par
|move|p1a: Iron Boulder|Psycho Cut|p2a: Rotom
|-crit|p2a: Rotom
|-damage|p2a: Rotom|0 fnt
|faint|p2a: Rotom
|
|-fieldend|move: Electric Terrain
|-end|p1a: Iron Boulder|Quark Drive
|upkeep
|
|t:|1781580882
|switch|p2a: Abomasnow|Abomasnow, M, shiny|27/100
|-weather|Snowscape|[from] ability: Snow Warning|[of] p2a: Abomasnow
|turn|17
|
|t:|1781580888
|move|p2a: Abomasnow|Blizzard|p1a: Iron Boulder
|-damage|p1a: Iron Boulder|40/100 par
|move|p1a: Iron Boulder|Psycho Cut|p2a: Abomasnow
|-damage|p2a: Abomasnow|0 fnt
|faint|p2a: Abomasnow
|
|-weather|Snowscape|[upkeep]
|-sideend|p2: somsleep|move: Tailwind
|upkeep
|
|t:|1781580891
|switch|p2a: Keldeo|Keldeo-Resolute|100/100
|turn|18
|
|t:|1781580892
|move|p2a: Keldeo|Surf|p1a: Iron Boulder
|-damage|p1a: Iron Boulder|0 fnt
|faint|p1a: Iron Boulder
|-end|p1a: Iron Boulder|Quark Drive|[silent]
|
|win|somsleep
|raw|m0onstarr's rating: 1547 &rarr; <strong>1526</strong><br />(-21 for losing)
|raw|somsleep's rating: 1531 &rarr; <strong>1552</strong><br />(+21 for winning)
|c|☆m0onstarr|gg
|c|☆somsleep|gg
|l|☆m0onstarr
|player|p1|
|l|☆somsleep
|player|p2|
