|j|☆funnygames(1997)
|j|☆adil
|t:|1781533040
|gametype|singles
|player|p1|funnygames(1997)|2|1602
|player|p2|adil|265|1684
|gen|9
|tier|[Gen 9] OU
|rated|
|rule|HP Percentage Mod: HP is shown in percentages
|rule|Endless Battle Clause: Forcing endless battles is banned
|rule|Species Clause: Limit one of each Pokémon
|rule|OHKO Clause: OHKO moves are banned
|rule|Evasion Items Clause: Evasion items are banned
|rule|Evasion Moves Clause: Evasion moves are banned
|rule|Evasion Abilities Clause: Evasion abilities are banned
|rule|Sleep Moves Clause: Sleep-inducing moves are banned
|clearpoke
|poke|p1|Arcanine-Hisui, F|
|poke|p1|Darkrai|
|poke|p1|Great Tusk|
|poke|p1|Hatterene, F|
|poke|p1|Ogerpon-Wellspring, F|
|poke|p1|Zapdos|
|poke|p2|Ceruledge, F|
|poke|p2|Samurott-Hisui, M|
|poke|p2|Iron Valiant|
|poke|p2|Iron Treads|
|poke|p2|Gholdengo|
|poke|p2|Tyranitar, F|
|teampreview
|inactive|Battle timer is ON: inactive players will automatically lose when time's up. (requested by adil)
|
|t:|1781533063
|teamsize|p1|6
|teamsize|p2|6
|start
|switch|p1a: Ogerpon|Ogerpon-Wellspring, F|100/100
|switch|p2a: Iron Treads|Iron Treads|100/100
|-enditem|p2a: Iron Treads|Booster Energy
|-activate|p2a: Iron Treads|ability: Quark Drive|[fromitem]
|-start|p2a: Iron Treads|quarkdrivespe
|turn|1
|
|t:|1781533074
|move|p2a: Iron Treads|Stealth Rock|p1a: Ogerpon
|-sidestart|p1: funnygames(1997)|move: Stealth Rock
|move|p1a: Ogerpon|Ivy Cudgel|p2a: Iron Treads|[anim] Ivy Cudgel Water
|-supereffective|p2a: Iron Treads
|-damage|p2a: Iron Treads|0 fnt
|faint|p2a: Iron Treads
|-end|p2a: Iron Treads|Quark Drive|[silent]
|
|upkeep
|
|t:|1781533080
|switch|p2a: Ceruledge|Ceruledge, F|100/100
|turn|2
|
|t:|1781533093
|switch|p1a: Darkrai|Darkrai|100/100
|-damage|p1a: Darkrai|88/100|[from] Stealth Rock
|move|p2a: Ceruledge|Swords Dance|p2a: Ceruledge
|-boost|p2a: Ceruledge|atk|2
|
|upkeep
|turn|3
|
|t:|1781533106
|switch|p2a: Tyranitar|Tyranitar, F|100/100
|-weather|Sandstorm|[from] ability: Sand Stream|[of] p2a: Tyranitar
|move|p1a: Darkrai|Dark Pulse|p2a: Tyranitar
|-resisted|p2a: Tyranitar
|-damage|p2a: Tyranitar|87/100
|
|-weather|Sandstorm|[upkeep]
|-damage|p1a: Darkrai|82/100|[from] Sandstorm
|upkeep
|turn|4
|
|t:|1781533119
|switch|p1a: Great Tusk|Great Tusk|100/100
|-damage|p1a: Great Tusk|98/100|[from] Stealth Rock
|move|p2a: Tyranitar|Low Kick|p1a: Great Tusk
|-damage|p1a: Great Tusk|46/100
|-damage|p2a: Tyranitar|71/100|[from] item: Rocky Helmet|[of] p1a: Great Tusk
|
|-weather|Sandstorm|[upkeep]
|upkeep
|turn|5
|
|t:|1781533124
|switch|p2a: Gholdengo|Gholdengo|100/100
|-item|p2a: Gholdengo|Air Balloon
|move|p1a: Great Tusk|Stealth Rock|p2a: Gholdengo
|-sidestart|p2: adil|move: Stealth Rock
|
|-weather|Sandstorm|[upkeep]
|upkeep
|turn|6
|
|t:|1781533151
|-end|p1a: Great Tusk|Protosynthesis|[silent]
|switch|p1a: Ogerpon|Ogerpon-Wellspring, F|100/100
|-damage|p1a: Ogerpon|88/100|[from] Stealth Rock
|move|p2a: Gholdengo|Make It Rain|p1a: Ogerpon
|-resisted|p1a: Ogerpon
|-damage|p1a: Ogerpon|52/100
|-unboost|p2a: Gholdengo|spa|1
|
|-weather|Sandstorm|[upkeep]
|-damage|p1a: Ogerpon|46/100|[from] Sandstorm
|upkeep
|turn|7
|
|t:|1781533162
|move|p1a: Ogerpon|Horn Leech|p2a: Gholdengo
|-resisted|p2a: Gholdengo
|-damage|p2a: Gholdengo|75/100
|-heal|p1a: Ogerpon|59/100|[from] drain|[of] p2a: Gholdengo
|-enditem|p2a: Gholdengo|Air Balloon
|move|p2a: Gholdengo|Shadow Ball|p1a: Ogerpon
|-damage|p1a: Ogerpon|24/100
|
|-weather|none
|upkeep
|turn|8
|
|t:|1781533169
|move|p1a: Ogerpon|Ivy Cudgel|p2a: Gholdengo|[anim] Ivy Cudgel Water
|-damage|p2a: Gholdengo|7/100
|move|p2a: Gholdengo|Shadow Ball|p1a: Ogerpon
|-crit|p1a: Ogerpon
|-damage|p1a: Ogerpon|0 fnt
|faint|p1a: Ogerpon
|
|upkeep
|
|t:|1781533181
|switch|p1a: Darkrai|Darkrai|82/100
|-damage|p1a: Darkrai|70/100|[from] Stealth Rock
|turn|9
|
|t:|1781533187
|move|p1a: Darkrai|Dark Pulse|p2a: Gholdengo
|-supereffective|p2a: Gholdengo
|-damage|p2a: Gholdengo|0 fnt
|faint|p2a: Gholdengo
|
|upkeep
|
|t:|1781533215
|switch|p2a: Iron Valiant|Iron Valiant|100/100
|-damage|p2a: Iron Valiant|94/100|[from] Stealth Rock
|-enditem|p2a: Iron Valiant|Booster Energy
|-activate|p2a: Iron Valiant|ability: Quark Drive|[fromitem]
|-start|p2a: Iron Valiant|quarkdrivespe
|turn|10
|
|t:|1781533232
|switch|p1a: Hatterene|Hatterene, F|100/100
|-damage|p1a: Hatterene|88/100|[from] Stealth Rock
|move|p2a: Iron Valiant|Moonblast|p1a: Hatterene
|-damage|p1a: Hatterene|61/100
|
|upkeep
|turn|11
|j| choispecs ironmoth
|
|t:|1781533244
|-terastallize|p2a: Iron Valiant|Ghost
|move|p2a: Iron Valiant|Shadow Ball|p1a: Hatterene
|-supereffective|p1a: Hatterene
|-damage|p1a: Hatterene|15/100
|move|p1a: Hatterene|Nuzzle|p2a: Iron Valiant
|-damage|p2a: Iron Valiant|89/100
|-status|p2a: Iron Valiant|par
|
|upkeep
|turn|12
|
|t:|1781533247
|move|p2a: Iron Valiant|Moonblast|p1a: Hatterene
|-damage|p1a: Hatterene|0 fnt
|faint|p1a: Hatterene
|
|upkeep
|
|t:|1781533253
|switch|p1a: Arcanine|Arcanine-Hisui, F|100/100
|-damage|p1a: Arcanine|76/100|[from] Stealth Rock
|turn|13
|
|t:|1781533261
|move|p1a: Arcanine|Flare Blitz|p2a: Iron Valiant
|-damage|p2a: Iron Valiant|0 fnt
|faint|p2a: Iron Valiant
|-end|p2a: Iron Valiant|Quark Drive|[silent]
|
|upkeep
|
|t:|1781533270
|switch|p2a: Ceruledge|Ceruledge, F|100/100
|-damage|p2a: Ceruledge|76/100|[from] Stealth Rock
|turn|14
|
|t:|1781533282
|switch|p1a: Zapdos|Zapdos|100/100
|move|p2a: Ceruledge|Close Combat|p1a: Zapdos
|-resisted|p1a: Zapdos
|-damage|p1a: Zapdos|85/100
|-unboost|p2a: Ceruledge|def|1
|-unboost|p2a: Ceruledge|spd|1
|
|upkeep
|turn|15
|
|t:|1781533288
|move|p2a: Ceruledge|Bitter Blade|p1a: Zapdos
|-damage|p1a: Zapdos|47/100
|-heal|p2a: Ceruledge|100/100|[from] drain|[of] p1a: Zapdos
|move|p1a: Zapdos|Thunder Wave|p2a: Ceruledge
|-status|p2a: Ceruledge|par
|
|upkeep
|turn|16
|
|t:|1781533295
|move|p1a: Zapdos|Roost|p1a: Zapdos
|-heal|p1a: Zapdos|98/100
|-singleturn|p1a: Zapdos|move: Roost
|cant|p2a: Ceruledge|par
|
|upkeep
|turn|17
|
|t:|1781533299
|switch|p2a: Tyranitar|Tyranitar, F|71/100
|-damage|p2a: Tyranitar|59/100|[from] Stealth Rock
|-weather|Sandstorm|[from] ability: Sand Stream|[of] p2a: Tyranitar
|move|p1a: Zapdos|Hurricane|p2a: Tyranitar
|-resisted|p2a: Tyranitar
|-damage|p2a: Tyranitar|43/100
|
|-weather|Sandstorm|[upkeep]
|-damage|p1a: Zapdos|92/100|[from] Sandstorm
|upkeep
|turn|18
|
|t:|1781533305
|switch|p1a: Great Tusk|Great Tusk|46/100
|-damage|p1a: Great Tusk|43/100|[from] Stealth Rock
|move|p2a: Tyranitar|Stone Edge|p1a: Great Tusk
|-resisted|p1a: Great Tusk
|-damage|p1a: Great Tusk|27/100
|
|-weather|Sandstorm|[upkeep]
|upkeep
|turn|19
|
|t:|1781533311
|switch|p2a: Ceruledge|Ceruledge, F|100/100 par
|-damage|p2a: Ceruledge|76/100 par|[from] Stealth Rock
|move|p1a: Great Tusk|Headlong Rush|p2a: Ceruledge
|-supereffective|p2a: Ceruledge
|-damage|p2a: Ceruledge|0 fnt
|-unboost|p1a: Great Tusk|def|1
|-unboost|p1a: Great Tusk|spd|1
|faint|p2a: Ceruledge
|
|-weather|Sandstorm|[upkeep]
|upkeep
|
|t:|1781533313
|switch|p2a: Samurott|Samurott-Hisui, M|100/100
|-damage|p2a: Samurott|88/100|[from] Stealth Rock
|turn|20
|
|t:|1781533318
|move|p1a: Great Tusk|Rapid Spin|p2a: Samurott
|-damage|p2a: Samurott|70/100
|-boost|p1a: Great Tusk|spe|1
|-sideend|p1: funnygames(1997)|Stealth Rock|[from] move: Rapid Spin|[of] p1a: Great Tusk
|move|p2a: Samurott|Razor Shell|p1a: Great Tusk
|-supereffective|p1a: Great Tusk
|-damage|p1a: Great Tusk|0 fnt
|-damage|p2a: Samurott|54/100|[from] item: Rocky Helmet|[of] p1a: Great Tusk
|faint|p1a: Great Tusk
|-end|p1a: Great Tusk|Protosynthesis|[silent]
|
|-weather|Sandstorm|[upkeep]
|-damage|p2a: Samurott|47/100|[from] Sandstorm
|upkeep
|
|t:|1781533323
|switch|p1a: Arcanine|Arcanine-Hisui, F|76/100
|turn|21
|
|t:|1781533327
|switch|p1a: Zapdos|Zapdos|92/100
|move|p2a: Samurott|Sucker Punch||[still]
|-fail|p2a: Samurott
|
|-weather|none
|upkeep
|turn|22
|l|☆adil
|inactive|adil disconnected and has a minute to reconnect!
|player|p2|
|inactive|adil has 30 seconds to reconnect!
|inactive|adil has 20 seconds to reconnect!
|inactive|adil has 15 seconds to reconnect!
|inactive|adil has 10 seconds to reconnect!
|inactive|adil has 5 seconds to reconnect!
|-message|adil lost due to inactivity.
|
|win|funnygames(1997)
|raw|funnygames(1997)'s rating: 1602 &rarr; <strong>1627</strong><br />(+25 for winning)
|raw|adil's rating: 1684 &rarr; <strong>1659</strong><br />(-25 for losing)
|l|☆funnygames(1997)
|player|p1|
|l| choispecs ironmoth
