|j|☆EtnaArmpits
|j|☆LowEL0God
|t:|1781542131
|gametype|singles
|player|p1|EtnaArmpits|2|1683
|player|p2|LowEL0God|265|1637
|gen|9
|tier|[Gen 9] OU
|rated|
|rule|HP Percentage Mod: HP is shown in percentages
|rule|Endless Battle Clause: Forcing endless battles is banned
|rule|Species Clause: Limit one of each Pokémon
|rule|OHKO Clause: OHKO moves are banned
|rule|Evasion Items Clause: Evasion items are banned
|rule|Evasion Moves Clause: Evasion moves are banned
|rule|Evasion Abilities Clause: Evasion abilities are banned
|rule|Sleep Moves Clause: Sleep-inducing moves are banned
|clearpoke
|poke|p1|Kyurem|
|poke|p1|Deoxys-Speed|
|poke|p1|Iron Valiant|
|poke|p1|Dragonite, M|
|poke|p1|Darkrai|
|poke|p1|Iron Treads|
|poke|p2|Pelipper, M|
|poke|p2|Raging Bolt|
|poke|p2|Overqwil, F|
|poke|p2|Barraskewda, F|
|poke|p2|Iron Treads|
|poke|p2|Kingambit, M|
|teampreview
|inactive|Battle timer is ON: inactive players will automatically lose when time's up. (requested by EtnaArmpits)
|c|☆LowEL0God|hf
|inactive|LowEL0God also wants the timer to be on.
|
|t:|1781542141
|teamsize|p1|6
|teamsize|p2|6
|start
|switch|p1a: Kyurem|Kyurem|100/100
|switch|p2a: Kingambit|Kingambit, M|100/100
|-ability|p1a: Kyurem|Pressure
|turn|1
|c|☆EtnaArmpits|lowel0g0d
|c|☆EtnaArmpits|my goat
|c|☆EtnaArmpits|we're never getting out of the 1600-1700
|inactive|EtnaArmpits has 120 seconds left.
|
|t:|1781542176
|switch|p1a: Iron Treads|Iron Treads|100/100
|-enditem|p1a: Iron Treads|Booster Energy
|-activate|p1a: Iron Treads|ability: Quark Drive|[fromitem]
|-start|p1a: Iron Treads|quarkdrivespe
|move|p2a: Kingambit|Iron Head|p1a: Iron Treads
|-resisted|p1a: Iron Treads
|-damage|p1a: Iron Treads|79/100
|
|upkeep
|turn|2
|inactive|EtnaArmpits has 120 seconds left.
|
|t:|1781542185
|move|p1a: Iron Treads|Stealth Rock|p2a: Kingambit
|-sidestart|p2: LowEL0God|move: Stealth Rock
|move|p2a: Kingambit|Swords Dance|p2a: Kingambit
|-boost|p2a: Kingambit|atk|2
|
|upkeep
|turn|3
|
|t:|1781542189
|move|p1a: Iron Treads|Earth Power|p2a: Kingambit
|-supereffective|p2a: Kingambit
|-damage|p2a: Kingambit|40/100
|move|p2a: Kingambit|Iron Head|p1a: Iron Treads
|-resisted|p1a: Iron Treads
|-damage|p1a: Iron Treads|39/100
|
|-heal|p2a: Kingambit|46/100|[from] item: Leftovers
|upkeep
|turn|4
|
|t:|1781542196
|move|p2a: Kingambit|Sucker Punch|p1a: Iron Treads
|-damage|p1a: Iron Treads|0 fnt
|faint|p1a: Iron Treads
|-end|p1a: Iron Treads|Quark Drive|[silent]
|
|-heal|p2a: Kingambit|53/100|[from] item: Leftovers
|upkeep
|
|t:|1781542198
|switch|p1a: Iron Valiant|Iron Valiant|100/100
|-enditem|p1a: Iron Valiant|Booster Energy
|-activate|p1a: Iron Valiant|ability: Quark Drive|[fromitem]
|-start|p1a: Iron Valiant|quarkdrivespe
|turn|5
|
|t:|1781542203
|move|p1a: Iron Valiant|Close Combat|p2a: Kingambit
|-supereffective|p2a: Kingambit
|-damage|p2a: Kingambit|0 fnt
|-unboost|p1a: Iron Valiant|def|1
|-unboost|p1a: Iron Valiant|spd|1
|faint|p2a: Kingambit
|-end|p2a: Kingambit|fallenundefined|[silent]
|
|upkeep
|
|t:|1781542204
|switch|p2a: Iron Treads|Iron Treads|100/100
|-damage|p2a: Iron Treads|97/100|[from] Stealth Rock
|-enditem|p2a: Iron Treads|Booster Energy
|-activate|p2a: Iron Treads|ability: Quark Drive|[fromitem]
|-start|p2a: Iron Treads|quarkdrivespe
|turn|6
|
|t:|1781542211
|-terastallize|p2a: Iron Treads|Ghost
|move|p1a: Iron Valiant|Close Combat|p2a: Iron Treads
|-immune|p2a: Iron Treads
|move|p2a: Iron Treads|Rapid Spin|p1a: Iron Valiant
|-damage|p1a: Iron Valiant|80/100
|-boost|p2a: Iron Treads|spe|1
|-sideend|p2: LowEL0God|Stealth Rock|[from] move: Rapid Spin|[of] p2a: Iron Treads
|
|upkeep
|turn|7
|
|t:|1781542216
|move|p2a: Iron Treads|Earth Power|p1a: Iron Valiant
|-damage|p1a: Iron Valiant|0 fnt
|faint|p1a: Iron Valiant
|-end|p1a: Iron Valiant|Quark Drive|[silent]
|
|upkeep
|
|t:|1781542218
|switch|p1a: Darkrai|Darkrai|100/100
|turn|8
|
|t:|1781542221
|-end|p2a: Iron Treads|Quark Drive|[silent]
|switch|p2a: Raging Bolt|Raging Bolt|100/100
|-enditem|p2a: Raging Bolt|Booster Energy
|-activate|p2a: Raging Bolt|ability: Protosynthesis|[fromitem]
|-start|p2a: Raging Bolt|protosynthesisspa
|move|p1a: Darkrai|Nasty Plot|p1a: Darkrai
|-boost|p1a: Darkrai|spa|2
|
|upkeep
|turn|9
|
|t:|1781542224
|move|p2a: Raging Bolt|Thunderclap|p1a: Darkrai
|-damage|p1a: Darkrai|32/100
|move|p1a: Darkrai|Ice Beam|p2a: Raging Bolt
|-supereffective|p2a: Raging Bolt
|-damage|p2a: Raging Bolt|0 fnt
|faint|p2a: Raging Bolt
|-end|p2a: Raging Bolt|Protosynthesis|[silent]
|
|upkeep
|
|t:|1781542225
|switch|p2a: Barraskewda|Barraskewda, F|100/100
|turn|10
|
|t:|1781542228
|move|p2a: Barraskewda|Aqua Jet|p1a: Darkrai
|-crit|p1a: Darkrai
|-damage|p1a: Darkrai|0 fnt
|faint|p1a: Darkrai
|
|upkeep
|
|t:|1781542230
|switch|p1a: Kyurem|Kyurem|100/100
|-ability|p1a: Kyurem|Pressure
|turn|11
|
|t:|1781542232
|switch|p2a: Pelipper|Pelipper, M|100/100
|-weather|RainDance|[from] ability: Drizzle|[of] p2a: Pelipper
|move|p1a: Kyurem|Dragon Dance|p1a: Kyurem
|-boost|p1a: Kyurem|atk|1
|-boost|p1a: Kyurem|spe|1
|
|-weather|RainDance|[upkeep]
|upkeep
|turn|12
|
|t:|1781542237
|move|p1a: Kyurem|Freeze-Dry|p2a: Pelipper
|-supereffective|p2a: Pelipper
|-damage|p2a: Pelipper|0 fnt
|faint|p2a: Pelipper
|
|-weather|RainDance|[upkeep]
|upkeep
|
|t:|1781542238
|switch|p2a: Barraskewda|Barraskewda, F|100/100
|turn|13
|j| DA COME UP
|
|t:|1781542241
|move|p2a: Barraskewda|Close Combat|p1a: Kyurem
|-supereffective|p1a: Kyurem
|-damage|p1a: Kyurem|0 fnt
|-unboost|p2a: Barraskewda|def|1
|-unboost|p2a: Barraskewda|spd|1
|faint|p1a: Kyurem
|
|-weather|RainDance|[upkeep]
|upkeep
|
|t:|1781542244
|switch|p1a: Deoxys|Deoxys-Speed|100/100
|-ability|p1a: Deoxys|Pressure
|turn|14
|
|t:|1781542249
|switch|p2a: Overqwil|Overqwil, F|100/100
|move|p1a: Deoxys|Ice Beam|p2a: Overqwil
|-damage|p2a: Overqwil|45/100
|-damage|p1a: Deoxys|91/100|[from] item: Life Orb
|
|-weather|RainDance|[upkeep]
|upkeep
|turn|15
|
|t:|1781542253
|move|p2a: Overqwil|Crunch|p1a: Deoxys
|-supereffective|p1a: Deoxys
|-damage|p1a: Deoxys|0 fnt
|faint|p1a: Deoxys
|-damage|p2a: Overqwil|36/100|[from] item: Life Orb
|
|-weather|RainDance|[upkeep]
|upkeep
|
|t:|1781542255
|switch|p1a: Dragonite|Dragonite, M|100/100
|turn|16
|
|t:|1781542263
|-terastallize|p1a: Dragonite|Normal
|move|p1a: Dragonite|Extreme Speed|p2a: Overqwil
|-damage|p2a: Overqwil|0 fnt
|faint|p2a: Overqwil
|
|-weather|RainDance|[upkeep]
|upkeep
|
|t:|1781542265
|switch|p2a: Barraskewda|Barraskewda, F|100/100
|turn|17
|
|t:|1781542270
|move|p1a: Dragonite|Extreme Speed|p2a: Barraskewda
|-damage|p2a: Barraskewda|7/100
|move|p2a: Barraskewda|Close Combat|p1a: Dragonite
|-supereffective|p1a: Dragonite
|-damage|p1a: Dragonite|32/100
|-unboost|p2a: Barraskewda|def|1
|-unboost|p2a: Barraskewda|spd|1
|
|-weather|RainDance|[upkeep]
|upkeep
|turn|18
|
|t:|1781542273
|move|p1a: Dragonite|Extreme Speed|p2a: Barraskewda
|-damage|p2a: Barraskewda|0 fnt
|faint|p2a: Barraskewda
|
|-weather|none
|upkeep
|
|t:|1781542273
|switch|p2a: Iron Treads|Iron Treads, tera:Ghost|97/100
|turn|19
|
|t:|1781542277
|move|p2a: Iron Treads|Earth Power|p1a: Dragonite
|-damage|p1a: Dragonite|0 fnt
|faint|p1a: Dragonite
|
|win|LowEL0God
|raw|EtnaArmpits's rating: 1683 &rarr; <strong>1660</strong><br />(-23 for losing)
|raw|LowEL0God's rating: 1637 &rarr; <strong>1660</strong><br />(+23 for winning)
|c|☆LowEL0God|gg
|l|☆LowEL0God
|player|p2|
|l|☆EtnaArmpits
|player|p1|
