|j|☆GODKUD
|j|☆OscarGamble
|t:|1781198574
|gametype|singles
|player|p1|GODKUD|ghetsis|1522
|player|p2|OscarGamble|170|1538
|gen|9
|tier|[Gen 9] OU
|rated|
|rule|HP Percentage Mod: HP is shown in percentages
|rule|Endless Battle Clause: Forcing endless battles is banned
|rule|Species Clause: Limit one of each Pokémon
|rule|OHKO Clause: OHKO moves are banned
|rule|Evasion Items Clause: Evasion items are banned
|rule|Evasion Moves Clause: Evasion moves are banned
|rule|Evasion Abilities Clause: Evasion abilities are banned
|rule|Sleep Moves Clause: Sleep-inducing moves are banned
|clearpoke
|poke|p1|Hydreigon, M|
|poke|p1|Corviknight, M|
|poke|p1|Slowking-Galar, M|
|poke|p1|Sandy Shocks|
|poke|p1|Quaquaval, F|
|poke|p1|Ceruledge, F|
|poke|p2|Zamazenta-*|
|poke|p2|Iron Hands|
|poke|p2|Ceruledge, F|
|poke|p2|Iron Valiant|
|poke|p2|Deoxys-Speed|
|poke|p2|Glimmora, F|
|teampreview
|inactive|Battle timer is ON: inactive players will automatically lose when time's up. (requested by OscarGamble)
|
|t:|1781198588
|teamsize|p1|6
|teamsize|p2|6
|start
|switch|p1a: Sandy Shocks|Sandy Shocks|100/100
|switch|p2a: Deoxys|Deoxys-Speed|100/100
|-ability|p2a: Deoxys|Pressure
|-enditem|p1a: Sandy Shocks|Booster Energy
|-activate|p1a: Sandy Shocks|ability: Protosynthesis|[fromitem]
|-start|p1a: Sandy Shocks|protosynthesisspe
|turn|1
|
|t:|1781198595
|move|p2a: Deoxys|Light Screen|p2a: Deoxys
|-sidestart|p2: OscarGamble|move: Light Screen
|move|p1a: Sandy Shocks|Stealth Rock|p2a: Deoxys
|-sidestart|p2: OscarGamble|move: Stealth Rock
|
|upkeep
|turn|2
|
|t:|1781198601
|move|p2a: Deoxys|Reflect|p2a: Deoxys
|-sidestart|p2: OscarGamble|Reflect
|move|p1a: Sandy Shocks|Spikes|p2a: Deoxys
|-sidestart|p2: OscarGamble|Spikes
|
|upkeep
|turn|3
|
|t:|1781198604
|move|p2a: Deoxys|Taunt|p1a: Sandy Shocks
|-start|p1a: Sandy Shocks|move: Taunt
|cant|p1a: Sandy Shocks|move: Taunt|Spikes
|
|upkeep
|turn|4
|
|t:|1781198607
|move|p1a: Sandy Shocks|Volt Switch|p2a: Deoxys
|-damage|p2a: Deoxys|79/100
|
|t:|1781198614
|-end|p1a: Sandy Shocks|Protosynthesis|[silent]
|switch|p1a: God of Destruction|Hydreigon, M|100/100|[from] Volt Switch
|move|p2a: Deoxys|Teleport|p2a: Deoxys
|
|t:|1781198626
|switch|p2a: Iron Valiant|Iron Valiant|100/100|[from] Teleport
|-damage|p2a: Iron Valiant|94/100|[from] Stealth Rock
|-damage|p2a: Iron Valiant|82/100|[from] Spikes
|-enditem|p2a: Iron Valiant|Booster Energy
|-activate|p2a: Iron Valiant|ability: Quark Drive|[fromitem]
|-start|p2a: Iron Valiant|quarkdrivespe
|
|upkeep
|turn|5
|
|t:|1781198639
|-end|p2a: Iron Valiant|Quark Drive|[silent]
|switch|p2a: Glimmora|Glimmora, F|100/100
|-damage|p2a: Glimmora|88/100|[from] Stealth Rock
|-damage|p2a: Glimmora|76/100|[from] Spikes
|switch|p1a: Slowking|Slowking-Galar, M|100/100
|
|upkeep
|turn|6
|
|t:|1781198644
|move|p2a: Glimmora|Mortal Spin|p1a: Slowking
|-resisted|p1a: Slowking
|-damage|p1a: Slowking|97/100
|-sideend|p2: OscarGamble|Spikes|[from] move: Mortal Spin|[of] p2a: Glimmora
|-sideend|p2: OscarGamble|Stealth Rock|[from] move: Mortal Spin|[of] p2a: Glimmora
|move|p1a: Slowking|Future Sight|p2a: Glimmora
|-start|p1a: Slowking|move: Future Sight
|
|upkeep
|turn|7
|
|t:|1781198650
|move|p2a: Glimmora|Stealth Rock|p1a: Slowking
|-sidestart|p1: GODKUD|move: Stealth Rock
|-prepare|p1a: Slowking|Chilly Reception|[premajor]
|move|p1a: Slowking|Chilly Reception|p1a: Slowking
|-weather|Snowscape
|
|t:|1781198652
|switch|p1a: Quaquaval|Quaquaval, F|100/100|[from] Chilly Reception
|-damage|p1a: Quaquaval|94/100|[from] Stealth Rock
|
|-weather|Snowscape|[upkeep]
|upkeep
|turn|8
|
|t:|1781198664
|switch|p2a: Deoxys|Deoxys-Speed|79/100
|-ability|p2a: Deoxys|Pressure
|move|p1a: Quaquaval|Brick Break|p2a: Deoxys
|-sideend|p2: OscarGamble|Reflect
|-sideend|p2: OscarGamble|move: Light Screen
|-resisted|p2a: Deoxys
|-damage|p2a: Deoxys|56/100
|
|-weather|Snowscape|[upkeep]
|-end|p2a: Deoxys|move: Future Sight
|-resisted|p2a: Deoxys
|-damage|p2a: Deoxys|28/100
|upkeep
|turn|9
|
|t:|1781198670
|move|p2a: Deoxys|Reflect|p2a: Deoxys
|-sidestart|p2: OscarGamble|Reflect
|move|p1a: Quaquaval|Rapid Spin|p2a: Deoxys
|-damage|p2a: Deoxys|19/100
|-boost|p1a: Quaquaval|spe|1
|-sideend|p1: GODKUD|Stealth Rock|[from] move: Rapid Spin|[of] p1a: Quaquaval
|
|-weather|Snowscape|[upkeep]
|upkeep
|turn|10
|
|t:|1781198674
|switch|p2a: Ceruledge|Ceruledge, F|100/100
|move|p1a: Quaquaval|Brick Break|p2a: Ceruledge
|-immune|p2a: Ceruledge
|
|-weather|Snowscape|[upkeep]
|upkeep
|turn|11
|
|t:|1781198681
|switch|p1a: Sandy Shocks|Sandy Shocks|100/100
|switch|p2a: Iron Valiant|Iron Valiant|82/100
|
|-weather|none
|upkeep
|turn|12
|
|t:|1781198693
|move|p2a: Iron Valiant|Calm Mind|p2a: Iron Valiant
|-boost|p2a: Iron Valiant|spa|1
|-boost|p2a: Iron Valiant|spd|1
|move|p1a: Sandy Shocks|Earth Power|p2a: Iron Valiant
|-damage|p2a: Iron Valiant|31/100
|-unboost|p2a: Iron Valiant|spd|1
|
|upkeep
|turn|13
|
|t:|1781198700
|move|p2a: Iron Valiant|Moonblast|p1a: Sandy Shocks
|-damage|p1a: Sandy Shocks|18/100
|-unboost|p1a: Sandy Shocks|spa|1
|move|p1a: Sandy Shocks|Earth Power|p2a: Iron Valiant
|-damage|p2a: Iron Valiant|0 fnt
|faint|p2a: Iron Valiant
|-end|p2a: Iron Valiant|Quark Drive|[silent]
|
|upkeep
|inactive|OscarGamble has 120 seconds left.
|
|t:|1781198730
|switch|p2a: Zamazenta|Zamazenta|100/100
|-ability|p2a: Zamazenta|Dauntless Shield|boost
|-boost|p2a: Zamazenta|def|1
|turn|14
|
|t:|1781198734
|-end|p1a: Sandy Shocks|Protosynthesis|[silent]
|switch|p1a: Slowking|Slowking-Galar, M|100/100
|move|p2a: Zamazenta|Body Press|p1a: Slowking
|-resisted|p1a: Slowking
|-damage|p1a: Slowking|86/100
|
|upkeep
|turn|15
|inactive|OscarGamble has 120 seconds left.
|
|t:|1781198756
|switch|p2a: Glimmora|Glimmora, F|76/100
|move|p1a: Slowking|Toxic|p2a: Glimmora
|-immune|p2a: Glimmora
|
|upkeep
|turn|16
|
|t:|1781198761
|move|p2a: Glimmora|Stealth Rock|p1a: Slowking
|-sidestart|p1: GODKUD|move: Stealth Rock
|move|p1a: Slowking|Future Sight|p2a: Glimmora
|-start|p1a: Slowking|move: Future Sight
|
|-sideend|p2: OscarGamble|Reflect
|upkeep
|turn|17
|
|t:|1781198767
|move|p2a: Glimmora|Earth Power|p1a: Slowking
|-supereffective|p1a: Slowking
|-damage|p1a: Slowking|56/100
|-prepare|p1a: Slowking|Chilly Reception|[premajor]
|move|p1a: Slowking|Chilly Reception|p1a: Slowking
|-weather|Snowscape
|
|t:|1781198770
|switch|p1a: Sandy Shocks|Sandy Shocks|18/100|[from] Chilly Reception
|-damage|p1a: Sandy Shocks|12/100|[from] Stealth Rock
|
|-weather|Snowscape|[upkeep]
|upkeep
|turn|18
|
|t:|1781198778
|move|p1a: Sandy Shocks|Stealth Rock|p2a: Glimmora
|-sidestart|p2: OscarGamble|move: Stealth Rock
|move|p2a: Glimmora|Earth Power|p1a: Sandy Shocks
|-supereffective|p1a: Sandy Shocks
|-damage|p1a: Sandy Shocks|0 fnt
|faint|p1a: Sandy Shocks
|-end|p1a: Sandy Shocks|Protosynthesis|[silent]
|
|-weather|Snowscape|[upkeep]
|-end|p2a: Glimmora|move: Future Sight
|-supereffective|p2a: Glimmora
|-damage|p2a: Glimmora|0 fnt
|faint|p2a: Glimmora
|upkeep
|
|t:|1781198787
|switch|p1a: Slowking|Slowking-Galar, M|89/100
|switch|p2a: Deoxys|Deoxys-Speed|19/100
|-damage|p2a: Deoxys|7/100|[from] Stealth Rock
|-ability|p2a: Deoxys|Pressure
|turn|19
|
|t:|1781198793
|move|p2a: Deoxys|Light Screen|p2a: Deoxys
|-sidestart|p2: OscarGamble|move: Light Screen
|move|p1a: Slowking|Future Sight|p2a: Deoxys
|-start|p1a: Slowking|move: Future Sight
|
|-weather|Snowscape|[upkeep]
|upkeep
|turn|20
|
|t:|1781198798
|move|p2a: Deoxys|Reflect|p2a: Deoxys
|-sidestart|p2: OscarGamble|Reflect
|-prepare|p1a: Slowking|Chilly Reception|[premajor]
|move|p1a: Slowking|Chilly Reception|p1a: Slowking
|
|t:|1781198802
|switch|p1a: Quaquaval|Quaquaval, F|94/100|[from] Chilly Reception
|-damage|p1a: Quaquaval|88/100|[from] Stealth Rock
|
|-weather|Snowscape|[upkeep]
|upkeep
|turn|21
|
|t:|1781198806
|switch|p2a: Ceruledge|Ceruledge, F|100/100
|-damage|p2a: Ceruledge|76/100|[from] Stealth Rock
|move|p1a: Quaquaval|Rapid Spin|p2a: Ceruledge
|-immune|p2a: Ceruledge
|
|-weather|none
|-end|p2a: Ceruledge|move: Future Sight
|-damage|p2a: Ceruledge|50/100
|upkeep
|turn|22
|
|t:|1781198812
|move|p2a: Ceruledge|Poltergeist|p1a: Quaquaval
|-activate|p1a: Quaquaval|move: Poltergeist|Assault Vest
|-crit|p1a: Quaquaval
|-damage|p1a: Quaquaval|0 fnt
|faint|p1a: Quaquaval
|-damage|p2a: Ceruledge|40/100|[from] item: Life Orb
|
|upkeep
|
|t:|1781198816
|switch|p1a: God of Destruction|Hydreigon, M|100/100
|-damage|p1a: God of Destruction|88/100|[from] Stealth Rock
|turn|23
|
|t:|1781198822
|switch|p2a: Deoxys|Deoxys-Speed|7/100
|-damage|p2a: Deoxys|0 fnt|[from] Stealth Rock
|faint|p2a: Deoxys
|move|p1a: God of Destruction|Dark Pulse|p2: Deoxys|[notarget]
|-fail|p1a: God of Destruction
|
|upkeep
|
|t:|1781198833
|switch|p2a: Iron Hands|Iron Hands|100/100
|-damage|p2a: Iron Hands|94/100|[from] Stealth Rock
|-enditem|p2a: Iron Hands|Booster Energy
|-activate|p2a: Iron Hands|ability: Quark Drive|[fromitem]
|-start|p2a: Iron Hands|quarkdriveatk
|turn|24
|
|t:|1781198840
|move|p1a: God of Destruction|Nasty Plot|p1a: God of Destruction
|-boost|p1a: God of Destruction|spa|2
|move|p2a: Iron Hands|Supercell Slam|p1a: God of Destruction
|-resisted|p1a: God of Destruction
|-damage|p1a: God of Destruction|46/100
|
|upkeep
|turn|25
|
|t:|1781198847
|move|p1a: God of Destruction|Draco Meteor|p2a: Iron Hands
|-damage|p2a: Iron Hands|9/100
|-unboost|p1a: God of Destruction|spa|2
|-damage|p1a: God of Destruction|36/100|[from] item: Life Orb
|move|p2a: Iron Hands|Ice Punch|p1a: God of Destruction
|-supereffective|p1a: God of Destruction
|-damage|p1a: God of Destruction|0 fnt
|faint|p1a: God of Destruction
|
|upkeep
|
|t:|1781198854
|switch|p1a: Ceruledge|Ceruledge, F|100/100
|-damage|p1a: Ceruledge|76/100|[from] Stealth Rock
|turn|26
|
|t:|1781198865
|move|p1a: Ceruledge|Bitter Blade|p2a: Iron Hands
|-damage|p2a: Iron Hands|0 fnt
|-heal|p1a: Ceruledge|82/100|[from] drain|[of] p2a: Iron Hands
|faint|p2a: Iron Hands
|-end|p2a: Iron Hands|Quark Drive|[silent]
|
|-sideend|p2: OscarGamble|move: Light Screen
|upkeep
|
|t:|1781198867
|switch|p2a: Ceruledge|Ceruledge, F|40/100
|-damage|p2a: Ceruledge|15/100|[from] Stealth Rock
|turn|27
|
|t:|1781198871
|move|p2a: Ceruledge|Shadow Sneak|p1a: Ceruledge
|-supereffective|p1a: Ceruledge
|-damage|p1a: Ceruledge|0 fnt
|faint|p1a: Ceruledge
|-damage|p2a: Ceruledge|5/100|[from] item: Life Orb
|
|-sideend|p2: OscarGamble|Reflect
|upkeep
|
|t:|1781198875
|switch|p1a: Corviknight|Corviknight, M|100/100
|-damage|p1a: Corviknight|88/100|[from] Stealth Rock
|-ability|p1a: Corviknight|Pressure
|turn|28
|
|t:|1781198882
|move|p2a: Ceruledge|Bitter Blade|p1a: Corviknight
|-supereffective|p1a: Corviknight
|-damage|p1a: Corviknight|10/100
|-heal|p2a: Ceruledge|59/100|[from] drain|[of] p1a: Corviknight
|-damage|p2a: Ceruledge|42/100|[from] item: Rocky Helmet|[of] p1a: Corviknight
|-damage|p2a: Ceruledge|32/100|[from] item: Life Orb
|move|p1a: Corviknight|Iron Defense|p1a: Corviknight
|-boost|p1a: Corviknight|def|2
|
|upkeep
|turn|29
|-message|GODKUD forfeited.
|
|win|OscarGamble
|raw|GODKUD's rating: 1522 &rarr; <strong>1503</strong><br />(-19 for losing)
|raw|OscarGamble's rating: 1538 &rarr; <strong>1557</strong><br />(+19 for winning)
|l|☆GODKUD
|player|p1|
|l|☆OscarGamble
|player|p2|
