|j|☆employment devil
|j|☆bigguy916
|t:|1781570559
|gametype|singles
|player|p1|employment devil|lusamine-nihilego|1672
|player|p2|bigguy916|unknownf|1666
|gen|9
|tier|[Gen 9] OU
|rated|
|rule|HP Percentage Mod: HP is shown in percentages
|rule|Endless Battle Clause: Forcing endless battles is banned
|rule|Species Clause: Limit one of each Pokémon
|rule|OHKO Clause: OHKO moves are banned
|rule|Evasion Items Clause: Evasion items are banned
|rule|Evasion Moves Clause: Evasion moves are banned
|rule|Evasion Abilities Clause: Evasion abilities are banned
|rule|Sleep Moves Clause: Sleep-inducing moves are banned
|clearpoke
|poke|p1|Ting-Lu|
|poke|p1|Clefable, F|
|poke|p1|Pecharunt|
|poke|p1|Garganacl, M|
|poke|p1|Skarmory, M|
|poke|p1|Deoxys-Speed|
|poke|p2|Iron Hands|
|poke|p2|Kingambit, M|
|poke|p2|Hatterene, F|
|poke|p2|Landorus-Therian, M|
|poke|p2|Dragapult, M|
|poke|p2|Walking Wake|
|teampreview
|inactive|Battle timer is ON: inactive players will automatically lose when time's up. (requested by bigguy916)
|c|☆employment devil|hf
|c|☆bigguy916|u2
|
|t:|1781570577
|teamsize|p1|6
|teamsize|p2|6
|start
|switch|p1a: Deoxys|Deoxys-Speed|100/100
|switch|p2a: Dragapult|Dragapult, M|100/100
|-ability|p1a: Deoxys|Pressure
|turn|1
|
|t:|1781570595
|switch|p1a: Ting-Lu|Ting-Lu|100/100
|-ability|p1a: Ting-Lu|Vessel of Ruin
|move|p2a: Dragapult|Thunder Wave|p1a: Ting-Lu
|-immune|p1a: Ting-Lu
|
|upkeep
|turn|2
|
|t:|1781570601
|move|p2a: Dragapult|Will-O-Wisp|p1a: Ting-Lu
|-status|p1a: Ting-Lu|brn
|move|p1a: Ting-Lu|Earthquake|p2a: Dragapult
|-damage|p2a: Dragapult|75/100
|
|-damage|p1a: Ting-Lu|94/100 brn|[from] brn
|upkeep
|turn|3
|
|t:|1781570609
|switch|p2a: Hatterene|Hatterene, F|100/100
|move|p1a: Ting-Lu|Rest|p1a: Ting-Lu
|-status|p1a: Ting-Lu|slp|[from] move: Rest
|-heal|p1a: Ting-Lu|100/100 slp|[silent]
|
|upkeep
|turn|4
|
|t:|1781570622
|switch|p1a: Clefable|Clefable, F|100/100
|move|p2a: Hatterene|Dazzling Gleam|p1a: Clefable
|-damage|p1a: Clefable|61/100
|
|upkeep
|turn|5
|
|t:|1781570631
|move|p1a: Clefable|Moonlight|p1a: Clefable
|-heal|p1a: Clefable|100/100
|move|p2a: Hatterene|Psychic Noise|p1a: Clefable
|-damage|p1a: Clefable|66/100
|-start|p1a: Clefable|move: Heal Block
|
|upkeep
|turn|6
|
|t:|1781570638
|move|p1a: Clefable|Calm Mind|p1a: Clefable
|-boost|p1a: Clefable|spa|1
|-boost|p1a: Clefable|spd|1
|move|p2a: Hatterene|Dazzling Gleam|p1a: Clefable
|-damage|p1a: Clefable|42/100
|
|-end|p1a: Clefable|move: Heal Block
|upkeep
|turn|7
|
|t:|1781570644
|move|p1a: Clefable|Moonlight|p1a: Clefable
|-heal|p1a: Clefable|92/100
|move|p2a: Hatterene|Nuzzle|p1a: Clefable
|-damage|p1a: Clefable|87/100
|-status|p1a: Clefable|par
|
|upkeep
|turn|8
|
|t:|1781570649
|move|p2a: Hatterene|Psychic Noise|p1a: Clefable
|-damage|p1a: Clefable|62/100 par
|-start|p1a: Clefable|move: Heal Block
|move|p1a: Clefable|Moonblast|p2a: Hatterene
|-damage|p2a: Hatterene|13/100
|-unboost|p2a: Hatterene|spa|1
|
|upkeep
|turn|9
|
|t:|1781570660
|switch|p2a: Kingambit|Kingambit, M|100/100
|move|p1a: Clefable|Moonblast|p2a: Kingambit
|-damage|p2a: Kingambit|9/100
|
|-end|p1a: Clefable|move: Heal Block
|upkeep
|turn|10
|
|t:|1781570681
|switch|p1a: Skarmory|Skarmory, M|100/100
|move|p2a: Kingambit|Kowtow Cleave|p1a: Skarmory
|-damage|p1a: Skarmory|61/100
|-damage|p2a: Kingambit|0 fnt|[from] item: Rocky Helmet|[of] p1a: Skarmory
|faint|p2a: Kingambit
|-end|p2a: Kingambit|fallenundefined|[silent]
|
|upkeep
|
|t:|1781570685
|switch|p2a: Iron Hands|Iron Hands|100/100
|turn|11
|
|t:|1781570688
|switch|p1a: Pecharunt|Pecharunt|100/100
|move|p2a: Iron Hands|Swords Dance|p2a: Iron Hands
|-boost|p2a: Iron Hands|atk|2
|
|upkeep
|turn|12
|
|t:|1781570695
|-end|p2a: Iron Hands|Quark Drive|[silent]
|switch|p2a: Landorus|Landorus-Therian, M|100/100
|-ability|p2a: Landorus|Intimidate|boost
|-unboost|p1a: Pecharunt|atk|1
|move|p1a: Pecharunt|Malignant Chain|p2a: Landorus
|-resisted|p2a: Landorus
|-damage|p2a: Landorus|83/100
|
|upkeep
|turn|13
|
|t:|1781570698
|switch|p1a: Skarmory|Skarmory, M|61/100
|move|p2a: Landorus|Stealth Rock|p1a: Skarmory
|-sidestart|p1: employment devil|move: Stealth Rock
|
|upkeep
|turn|14
|
|t:|1781570702
|move|p2a: Landorus|Taunt|p1a: Skarmory
|-start|p1a: Skarmory|move: Taunt
|cant|p1a: Skarmory|move: Taunt|Roost
|
|upkeep
|turn|15
|
|t:|1781570709
|switch|p1a: Ting-Lu|Ting-Lu|100/100 slp
|-damage|p1a: Ting-Lu|94/100 slp|[from] Stealth Rock
|-ability|p1a: Ting-Lu|Vessel of Ruin
|move|p2a: Landorus|U-turn|p1a: Ting-Lu
|-supereffective|p1a: Ting-Lu
|-damage|p1a: Ting-Lu|76/100 slp
|
|t:|1781570733
|switch|p2a: Walking Wake|Walking Wake|100/100|[from] U-turn
|-enditem|p2a: Walking Wake|Booster Energy
|-activate|p2a: Walking Wake|ability: Protosynthesis|[fromitem]
|-start|p2a: Walking Wake|protosynthesisspa
|
|-heal|p1a: Ting-Lu|82/100 slp|[from] item: Leftovers
|upkeep
|turn|16
|
|t:|1781570743
|-terastallize|p2a: Walking Wake|Water
|move|p2a: Walking Wake|Surf|p1a: Ting-Lu
|-supereffective|p1a: Ting-Lu
|-damage|p1a: Ting-Lu|9/100 slp
|cant|p1a: Ting-Lu|slp
|move|p1a: Ting-Lu|Sleep Talk|p1a: Ting-Lu
|move|p1a: Ting-Lu|Earthquake|p2a: Walking Wake|[from] move: Sleep Talk
|-damage|p2a: Walking Wake|56/100
|
|-heal|p1a: Ting-Lu|16/100 slp|[from] item: Leftovers
|upkeep
|turn|17
|
|t:|1781570750
|move|p2a: Walking Wake|Surf|p1a: Ting-Lu
|-supereffective|p1a: Ting-Lu
|-damage|p1a: Ting-Lu|0 fnt
|faint|p1a: Ting-Lu
|
|upkeep
|
|t:|1781570757
|switch|p1a: Deoxys|Deoxys-Speed|100/100
|-ability|p1a: Deoxys|Pressure
|turn|18
|
|t:|1781570764
|-end|p2a: Walking Wake|Protosynthesis|[silent]
|switch|p2a: Landorus|Landorus-Therian, M|83/100
|-ability|p2a: Landorus|Intimidate|boost
|-unboost|p1a: Deoxys|atk|1
|move|p1a: Deoxys|Psycho Boost|p2a: Landorus
|-damage|p2a: Landorus|22/100
|-unboost|p1a: Deoxys|spa|2
|
|upkeep
|turn|19
|
|t:|1781570769
|move|p1a: Deoxys|Ice Beam|p2a: Landorus
|-supereffective|p2a: Landorus
|-damage|p2a: Landorus|0 fnt
|faint|p2a: Landorus
|
|upkeep
|
|t:|1781570778
|switch|p2a: Dragapult|Dragapult, M|75/100
|turn|20
|
|t:|1781570784
|switch|p1a: Garganacl|Garganacl, M|100/100
|switch|p2a: Iron Hands|Iron Hands|100/100
|
|upkeep
|turn|21
|
|t:|1781570788
|switch|p1a: Pecharunt|Pecharunt|100/100
|move|p2a: Iron Hands|Drain Punch|p1a: Pecharunt
|-immune|p1a: Pecharunt
|
|upkeep
|turn|22
|
|t:|1781570810
|move|p1a: Pecharunt|Malignant Chain|p2a: Iron Hands
|-damage|p2a: Iron Hands|75/100
|-status|p2a: Iron Hands|tox
|-start|p2a: Iron Hands|confusion|[from] ability: Poison Puppeteer|[of] p1a: Pecharunt
|-activate|p2a: Iron Hands|confusion
|move|p2a: Iron Hands|Swords Dance|p2a: Iron Hands
|-boost|p2a: Iron Hands|atk|2
|
|-damage|p2a: Iron Hands|69/100 tox|[from] psn
|upkeep
|turn|23
|
|t:|1781570822
|move|p1a: Pecharunt|Malignant Chain|p2a: Iron Hands
|-crit|p2a: Iron Hands
|-damage|p2a: Iron Hands|31/100 tox
|-activate|p2a: Iron Hands|confusion
|move|p2a: Iron Hands|Thunder Punch|p1a: Pecharunt
|-damage|p1a: Pecharunt|59/100
|
|-damage|p2a: Iron Hands|18/100 tox|[from] psn
|upkeep
|turn|24
|
|t:|1781570830
|-end|p2a: Iron Hands|Quark Drive|[silent]
|switch|p2a: Hatterene|Hatterene, F|13/100
|move|p1a: Pecharunt|Foul Play|p2a: Hatterene
|-damage|p2a: Hatterene|0 fnt
|faint|p2a: Hatterene
|
|upkeep
|
|t:|1781570834
|switch|p2a: Walking Wake|Walking Wake, tera:Water|56/100
|turn|25
|
|t:|1781570843
|move|p2a: Walking Wake|Surf|p1a: Pecharunt
|-damage|p1a: Pecharunt|0 fnt
|faint|p1a: Pecharunt
|
|upkeep
|
|t:|1781570854
|switch|p1a: Garganacl|Garganacl, M|100/100
|turn|26
|
|t:|1781570857
|-terastallize|p1a: Garganacl|Water
|move|p2a: Walking Wake|Substitute|p2a: Walking Wake
|-start|p2a: Walking Wake|Substitute
|-damage|p2a: Walking Wake|31/100
|move|p1a: Garganacl|Salt Cure|p2a: Walking Wake
|-activate|p2a: Walking Wake|move: Substitute|[damage]
|
|upkeep
|turn|27
|
|t:|1781570863
|move|p2a: Walking Wake|Dragon Pulse|p1a: Garganacl
|-damage|p1a: Garganacl|65/100
|move|p1a: Garganacl|Salt Cure|p2a: Walking Wake
|-end|p2a: Walking Wake|Substitute
|
|upkeep
|turn|28
|
|t:|1781570868
|move|p2a: Walking Wake|Substitute|p2a: Walking Wake
|-start|p2a: Walking Wake|Substitute
|-damage|p2a: Walking Wake|7/100
|move|p1a: Garganacl|Salt Cure|p2a: Walking Wake
|-activate|p2a: Walking Wake|move: Substitute|[damage]
|
|upkeep
|turn|29
|
|t:|1781570870
|move|p2a: Walking Wake|Dragon Pulse|p1a: Garganacl
|-damage|p1a: Garganacl|31/100
|move|p1a: Garganacl|Salt Cure|p2a: Walking Wake
|-end|p2a: Walking Wake|Substitute
|
|upkeep
|turn|30
|
|t:|1781570879
|switch|p1a: Clefable|Clefable, F|62/100 par
|move|p2a: Walking Wake|Dragon Pulse|p1a: Clefable
|-immune|p1a: Clefable
|
|upkeep
|turn|31
|
|t:|1781570884
|move|p2a: Walking Wake|Surf|p1a: Clefable
|-damage|p1a: Clefable|0 fnt
|faint|p1a: Clefable
|
|upkeep
|
|t:|1781570886
|switch|p1a: Deoxys|Deoxys-Speed|100/100
|-ability|p1a: Deoxys|Pressure
|turn|32
|
|t:|1781570895
|move|p1a: Deoxys|Knock Off|p2a: Walking Wake
|-damage|p2a: Walking Wake|0 fnt
|faint|p2a: Walking Wake
|-end|p2a: Walking Wake|Protosynthesis|[silent]
|
|upkeep
|
|t:|1781570900
|switch|p2a: Dragapult|Dragapult, M|75/100
|turn|33
|
|t:|1781570908
|move|p1a: Deoxys|Psycho Boost|p2a: Dragapult
|-damage|p2a: Dragapult|0 fnt
|-unboost|p1a: Deoxys|spa|2
|faint|p2a: Dragapult
|
|upkeep
|-message|bigguy916 forfeited.
|
|win|employment devil
|raw|employment devil's rating: 1672 &rarr; <strong>1692</strong><br />(+20 for winning)
|raw|bigguy916's rating: 1666 &rarr; <strong>1646</strong><br />(-20 for losing)
|l|☆bigguy916
|player|p2|
|l|☆employment devil
|player|p1|
