|j|☆my2005
|j|☆LowEL0God
|t:|1781462226
|gametype|singles
|player|p1|my2005|169|1690
|player|p2|LowEL0God|265|1688
|gen|9
|tier|[Gen 9] OU
|rated|
|rule|HP Percentage Mod: HP is shown in percentages
|rule|Endless Battle Clause: Forcing endless battles is banned
|rule|Species Clause: Limit one of each Pokémon
|rule|OHKO Clause: OHKO moves are banned
|rule|Evasion Items Clause: Evasion items are banned
|rule|Evasion Moves Clause: Evasion moves are banned
|rule|Evasion Abilities Clause: Evasion abilities are banned
|rule|Sleep Moves Clause: Sleep-inducing moves are banned
|clearpoke
|poke|p1|Slowking-Galar, M|
|poke|p1|Whimsicott, F|
|poke|p1|Kyurem|
|poke|p1|Cinderace, M|
|poke|p1|Alomomola, M|
|poke|p1|Gliscor, M|
|poke|p2|Pelipper, F|
|poke|p2|Raging Bolt|
|poke|p2|Overqwil, F|
|poke|p2|Barraskewda, F|
|poke|p2|Iron Treads|
|poke|p2|Kingambit, M|
|teampreview
|c|☆LowEL0God|hf
|
|t:|1781462230
|teamsize|p1|6
|teamsize|p2|6
|start
|switch|p1a: Kyurem|Kyurem|100/100
|switch|p2a: Kingambit|Kingambit, M|100/100
|-ability|p1a: Kyurem|Pressure
|turn|1
|inactive|Battle timer is ON: inactive players will automatically lose when time's up. (requested by LowEL0God)
|
|t:|1781462232
|-terastallize|p1a: Kyurem|Ground
|move|p1a: Kyurem|Earth Power|p2a: Kingambit
|-supereffective|p2a: Kingambit
|-damage|p2a: Kingambit|12/100
|move|p2a: Kingambit|Iron Head|p1a: Kyurem
|-damage|p1a: Kyurem|55/100
|
|-heal|p1a: Kyurem|61/100|[from] item: Leftovers
|-heal|p2a: Kingambit|18/100|[from] item: Leftovers
|upkeep
|turn|2
|j| fvcbvnmjmjnnnnnnnn
|
|t:|1781462237
|move|p2a: Kingambit|Sucker Punch|p1a: Kyurem
|-damage|p1a: Kyurem|22/100
|move|p1a: Kyurem|Freeze-Dry|p2a: Kingambit
|-resisted|p2a: Kingambit
|-damage|p2a: Kingambit|1/100
|
|-heal|p1a: Kyurem|28/100|[from] item: Leftovers
|-heal|p2a: Kingambit|7/100|[from] item: Leftovers
|upkeep
|turn|3
|
|t:|1781462241
|move|p2a: Kingambit|Sucker Punch||[still]
|-fail|p2a: Kingambit
|move|p1a: Kyurem|Substitute|p1a: Kyurem
|-start|p1a: Kyurem|Substitute
|-damage|p1a: Kyurem|3/100
|
|-heal|p1a: Kyurem|9/100|[from] item: Leftovers
|-heal|p2a: Kingambit|14/100|[from] item: Leftovers
|upkeep
|turn|4
|
|t:|1781462244
|move|p2a: Kingambit|Sucker Punch|p1a: Kyurem
|-end|p1a: Kyurem|Substitute
|move|p1a: Kyurem|Earth Power|p2a: Kingambit
|-supereffective|p2a: Kingambit
|-damage|p2a: Kingambit|0 fnt
|faint|p2a: Kingambit
|-end|p2a: Kingambit|fallenundefined|[silent]
|
|-heal|p1a: Kyurem|15/100|[from] item: Leftovers
|upkeep
|
|t:|1781462244
|switch|p2a: Barraskewda|Barraskewda, F|100/100
|turn|5
|
|t:|1781462246
|move|p1a: Kyurem|Protect|p1a: Kyurem
|-singleturn|p1a: Kyurem|Protect
|move|p2a: Barraskewda|Liquidation|p1a: Kyurem
|-activate|p1a: Kyurem|move: Protect
|
|-heal|p1a: Kyurem|21/100|[from] item: Leftovers
|upkeep
|turn|6
|j| shy&sassy alice
|
|t:|1781462248
|switch|p1a: Alomomola|Alomomola, M|100/100
|move|p2a: Barraskewda|Liquidation|p1a: Alomomola
|-resisted|p1a: Alomomola
|-damage|p1a: Alomomola|82/100
|-damage|p2a: Barraskewda|84/100|[from] item: Rocky Helmet|[of] p1a: Alomomola
|
|upkeep
|turn|7
|
|t:|1781462252
|move|p2a: Barraskewda|Liquidation|p1a: Alomomola
|-resisted|p1a: Alomomola
|-damage|p1a: Alomomola|64/100
|-damage|p2a: Barraskewda|67/100|[from] item: Rocky Helmet|[of] p1a: Alomomola
|move|p1a: Alomomola|Wish|p1a: Alomomola
|
|upkeep
|turn|8
|
|t:|1781462255
|move|p2a: Barraskewda|Liquidation|p1a: Alomomola
|-resisted|p1a: Alomomola
|-damage|p1a: Alomomola|46/100
|-damage|p2a: Barraskewda|50/100|[from] item: Rocky Helmet|[of] p1a: Alomomola
|move|p1a: Alomomola|Flip Turn|p2a: Barraskewda
|-resisted|p2a: Barraskewda
|-damage|p2a: Barraskewda|33/100
|
|t:|1781462257
|switch|p1a: Kyurem|Kyurem, tera:Ground|21/100|[from] Flip Turn
|-ability|p1a: Kyurem|Pressure
|
|-heal|p1a: Kyurem|88/100|[from] move: Wish|[wisher] Alomomola
|-heal|p1a: Kyurem|94/100|[from] item: Leftovers
|upkeep
|turn|9
|
|t:|1781462258
|move|p1a: Kyurem|Protect|p1a: Kyurem
|-singleturn|p1a: Kyurem|Protect
|move|p2a: Barraskewda|Liquidation|p1a: Kyurem
|-activate|p1a: Kyurem|move: Protect
|
|-heal|p1a: Kyurem|99/100|[from] item: Leftovers
|upkeep
|turn|10
|
|t:|1781462261
|switch|p1a: Alomomola|Alomomola, M|80/100
|move|p2a: Barraskewda|Liquidation|p1a: Alomomola
|-resisted|p1a: Alomomola
|-damage|p1a: Alomomola|60/100
|-unboost|p1a: Alomomola|def|1
|-damage|p2a: Barraskewda|17/100|[from] item: Rocky Helmet|[of] p1a: Alomomola
|
|upkeep
|turn|11
|
|t:|1781462263
|move|p2a: Barraskewda|Liquidation|p1a: Alomomola
|-resisted|p1a: Alomomola
|-damage|p1a: Alomomola|31/100
|-damage|p2a: Barraskewda|0 fnt|[from] item: Rocky Helmet|[of] p1a: Alomomola
|faint|p2a: Barraskewda
|move|p1a: Alomomola|Flip Turn|p2: Barraskewda|[notarget]
|-fail|p1a: Alomomola
|
|upkeep
|
|t:|1781462264
|switch|p2a: Overqwil|Overqwil, F|100/100
|turn|12
|
|t:|1781462271
|switch|p1a: Kyurem|Kyurem, tera:Ground|99/100
|-ability|p1a: Kyurem|Pressure
|move|p2a: Overqwil|Swords Dance|p2a: Overqwil
|-boost|p2a: Overqwil|atk|2
|
|-heal|p1a: Kyurem|100/100|[from] item: Leftovers
|upkeep
|turn|13
|
|t:|1781462274
|-terastallize|p2a: Overqwil|Water
|move|p1a: Kyurem|Earth Power|p2a: Overqwil
|-damage|p2a: Overqwil|26/100
|move|p2a: Overqwil|Liquidation|p1a: Kyurem
|-supereffective|p1a: Kyurem
|-crit|p1a: Kyurem
|-damage|p1a: Kyurem|0 fnt
|faint|p1a: Kyurem
|-damage|p2a: Overqwil|16/100|[from] item: Life Orb
|
|upkeep
|
|t:|1781462280
|switch|p1a: Cinderace|Cinderace, M|100/100
|turn|14
|
|t:|1781462284
|switch|p2a: Pelipper|Pelipper, F|100/100
|-weather|RainDance|[from] ability: Drizzle|[of] p2a: Pelipper
|move|p1a: Cinderace|U-turn|p2a: Pelipper
|-start|p1a: Cinderace|typechange|Bug|[from] ability: Libero
|-resisted|p2a: Pelipper
|-damage|p2a: Pelipper|87/100
|
|t:|1781462291
|switch|p1a: Gliscor|Gliscor, M|100/100|[from] U-turn
|
|-weather|RainDance|[upkeep]
|-status|p1a: Gliscor|tox|[from] item: Toxic Orb
|upkeep
|turn|15
|
|t:|1781462302
|switch|p1a: Slowking|Slowking-Galar, M|100/100
|move|p2a: Pelipper|Weather Ball|p1a: Slowking
|-damage|p1a: Slowking|73/100
|
|-weather|RainDance|[upkeep]
|upkeep
|turn|16
|
|t:|1781462310
|move|p2a: Pelipper|Hurricane|p1a: Slowking
|-damage|p1a: Slowking|52/100
|move|p1a: Slowking|Psychic Noise|p2a: Pelipper
|-damage|p2a: Pelipper|35/100
|-start|p2a: Pelipper|move: Heal Block
|
|-weather|RainDance|[upkeep]
|upkeep
|turn|17
|
|t:|1781462318
|move|p2a: Pelipper|Hurricane|p1a: Slowking
|-damage|p1a: Slowking|33/100
|move|p1a: Slowking|Ice Beam|p2a: Pelipper
|-damage|p2a: Pelipper|0 fnt
|faint|p2a: Pelipper
|
|-weather|RainDance|[upkeep]
|upkeep
|
|t:|1781462319
|switch|p2a: Raging Bolt|Raging Bolt|100/100
|-enditem|p2a: Raging Bolt|Booster Energy
|-activate|p2a: Raging Bolt|ability: Protosynthesis|[fromitem]
|-start|p2a: Raging Bolt|protosynthesisspa
|turn|18
|
|t:|1781462321
|switch|p1a: Whimsicott|Whimsicott, F|100/100
|move|p2a: Raging Bolt|Weather Ball|p1a: Whimsicott
|-resisted|p1a: Whimsicott
|-crit|p1a: Whimsicott
|-damage|p1a: Whimsicott|22/100
|
|-weather|RainDance|[upkeep]
|-heal|p1a: Whimsicott|28/100|[from] item: Leftovers
|upkeep
|turn|19
|
|t:|1781462327
|move|p1a: Whimsicott|Substitute|p1a: Whimsicott
|-start|p1a: Whimsicott|Substitute
|-damage|p1a: Whimsicott|4/100
|move|p2a: Raging Bolt|Weather Ball|p1a: Whimsicott
|-resisted|p1a: Whimsicott
|-end|p1a: Whimsicott|Substitute
|
|-weather|RainDance|[upkeep]
|-heal|p1a: Whimsicott|10/100|[from] item: Leftovers
|upkeep
|turn|20
|
|t:|1781462335
|move|p1a: Whimsicott|Leech Seed|p2a: Raging Bolt|[miss]
|-miss|p1a: Whimsicott|p2a: Raging Bolt
|move|p2a: Raging Bolt|Thunder|p1a: Whimsicott
|-resisted|p1a: Whimsicott
|-damage|p1a: Whimsicott|0 fnt
|faint|p1a: Whimsicott
|
|-weather|RainDance|[upkeep]
|upkeep
|
|t:|1781462340
|switch|p1a: Slowking|Slowking-Galar, M|66/100
|turn|21
|
|t:|1781462346
|move|p2a: Raging Bolt|Weather Ball|p1a: Slowking
|-damage|p1a: Slowking|22/100
|move|p1a: Slowking|Ice Beam|p2a: Raging Bolt
|-supereffective|p2a: Raging Bolt
|-damage|p2a: Raging Bolt|50/100
|
|-weather|none
|upkeep
|turn|22
|l| fvcbvnmjmjnnnnnnnn
|
|t:|1781462360
|move|p2a: Raging Bolt|Draco Meteor|p1a: Slowking
|-damage|p1a: Slowking|0 fnt
|-unboost|p2a: Raging Bolt|spa|2
|faint|p1a: Slowking
|
|upkeep
|
|t:|1781462362
|switch|p1a: Gliscor|Gliscor, M|100/100 tox
|turn|23
|l| shy&sassy alice
|
|t:|1781462371
|move|p1a: Gliscor|Agility|p1a: Gliscor
|-boost|p1a: Gliscor|spe|2
|move|p2a: Raging Bolt|Draco Meteor|p1a: Gliscor
|-damage|p1a: Gliscor|45/100 tox
|-unboost|p2a: Raging Bolt|spa|2
|
|-heal|p1a: Gliscor|58/100 tox|[from] ability: Poison Heal
|upkeep
|turn|24
|
|t:|1781462378
|move|p1a: Gliscor|Swords Dance|p1a: Gliscor
|-boost|p1a: Gliscor|atk|2
|move|p2a: Raging Bolt|Draco Meteor|p1a: Gliscor|[miss]
|-miss|p2a: Raging Bolt|p1a: Gliscor
|
|-heal|p1a: Gliscor|70/100 tox|[from] ability: Poison Heal
|upkeep
|turn|25
|
|t:|1781462380
|-end|p2a: Raging Bolt|Protosynthesis|[silent]
|switch|p2a: Overqwil|Overqwil, F, tera:Water|16/100
|move|p1a: Gliscor|Earthquake|p2a: Overqwil
|-damage|p2a: Overqwil|0 fnt
|faint|p2a: Overqwil
|
|-heal|p1a: Gliscor|82/100 tox|[from] ability: Poison Heal
|upkeep
|
|t:|1781462381
|switch|p2a: Raging Bolt|Raging Bolt|50/100
|turn|26
|
|t:|1781462383
|move|p1a: Gliscor|Earthquake|p2a: Raging Bolt
|-supereffective|p2a: Raging Bolt
|-damage|p2a: Raging Bolt|0 fnt
|faint|p2a: Raging Bolt
|-end|p2a: Raging Bolt|Protosynthesis|[silent]
|
|-heal|p1a: Gliscor|94/100 tox|[from] ability: Poison Heal
|upkeep
|
|t:|1781462384
|switch|p2a: Iron Treads|Iron Treads|100/100
|-enditem|p2a: Iron Treads|Booster Energy
|-activate|p2a: Iron Treads|ability: Quark Drive|[fromitem]
|-start|p2a: Iron Treads|quarkdrivespe
|turn|27
|
|t:|1781462387
|move|p2a: Iron Treads|Steel Beam|p1a: Gliscor
|-damage|p1a: Gliscor|30/100 tox
|-damage|p2a: Iron Treads|50/100|[from] steelbeam
|move|p1a: Gliscor|Earthquake|p2a: Iron Treads
|-supereffective|p2a: Iron Treads
|-damage|p2a: Iron Treads|0 fnt
|faint|p2a: Iron Treads
|-end|p2a: Iron Treads|Quark Drive|[silent]
|
|win|my2005
|raw|my2005's rating: 1690 &rarr; <strong>1710</strong><br />(+20 for winning)
|raw|LowEL0God's rating: 1688 &rarr; <strong>1668</strong><br />(-20 for losing)
|l|☆my2005
|player|p1|
|c|☆LowEL0God|gg
|l|☆LowEL0God
|player|p2|
