|j|☆erhai
|j|☆ankoro
|t:|1781114536
|gametype|singles
|player|p1|erhai|170|1630
|player|p2|ankoro|acetrainer-gen2|1584
|gen|9
|tier|[Gen 9] OU
|rated|
|rule|HP Percentage Mod: HP is shown in percentages
|rule|Endless Battle Clause: Forcing endless battles is banned
|rule|Species Clause: Limit one of each Pokémon
|rule|OHKO Clause: OHKO moves are banned
|rule|Evasion Items Clause: Evasion items are banned
|rule|Evasion Moves Clause: Evasion moves are banned
|rule|Evasion Abilities Clause: Evasion abilities are banned
|rule|Sleep Moves Clause: Sleep-inducing moves are banned
|clearpoke
|poke|p1|Iron Jugulis|
|poke|p1|Ogerpon, F|
|poke|p1|Scizor, M|
|poke|p1|Latios, M|
|poke|p1|Manaphy|
|poke|p1|Sandy Shocks|
|poke|p2|Lycanroc, M|
|poke|p2|Kingambit, M|
|poke|p2|Azumarill, M|
|poke|p2|Pawmot, F|
|poke|p2|Zamazenta-*|
|poke|p2|Tornadus-Therian, M|
|teampreview
|inactive|Battle timer is ON: inactive players will automatically lose when time's up. (requested by erhai)
|
|t:|1781114556
|teamsize|p1|6
|teamsize|p2|6
|start
|switch|p1a: Sandy Shocks|Sandy Shocks|100/100
|switch|p2a: doggorock|Lycanroc, M|100/100
|-enditem|p1a: Sandy Shocks|Booster Energy
|-activate|p1a: Sandy Shocks|ability: Protosynthesis|[fromitem]
|-start|p1a: Sandy Shocks|protosynthesisspe
|turn|1
|inactive|ankoro has 120 seconds left.
|
|t:|1781114587
|move|p1a: Sandy Shocks|Stealth Rock|p2a: doggorock
|-sidestart|p2: ankoro|move: Stealth Rock
|move|p2a: doggorock|Taunt|p1a: Sandy Shocks
|-start|p1a: Sandy Shocks|move: Taunt
|
|upkeep
|turn|2
|
|t:|1781114593
|move|p1a: Sandy Shocks|Earth Power|p2a: doggorock
|-supereffective|p2a: doggorock
|-enditem|p2a: doggorock|Focus Sash
|-damage|p2a: doggorock|1/100
|move|p2a: doggorock|Endeavor|p1a: Sandy Shocks
|-damage|p1a: Sandy Shocks|1/100
|
|upkeep
|turn|3
|
|t:|1781114600
|move|p1a: Sandy Shocks|Discharge|p2a: doggorock
|-damage|p2a: doggorock|0 fnt
|faint|p2a: doggorock
|
|upkeep
|
|t:|1781114610
|switch|p2a: juquinha|Azumarill, M|100/100
|-damage|p2a: juquinha|88/100|[from] Stealth Rock
|turn|4
|
|t:|1781114612
|move|p2a: juquinha|Aqua Jet|p1a: Sandy Shocks
|-supereffective|p1a: Sandy Shocks
|-damage|p1a: Sandy Shocks|0 fnt
|faint|p1a: Sandy Shocks
|-end|p1a: Sandy Shocks|Protosynthesis|[silent]
|
|upkeep
|
|t:|1781114617
|switch|p1a: Ogerpon|Ogerpon, F|100/100
|turn|5
|
|t:|1781114625
|switch|p2a: Zamazenta|Zamazenta|100/100
|-damage|p2a: Zamazenta|94/100|[from] Stealth Rock
|-ability|p2a: Zamazenta|Dauntless Shield|boost
|-boost|p2a: Zamazenta|def|1
|move|p1a: Ogerpon|Swords Dance|p1a: Ogerpon
|-boost|p1a: Ogerpon|atk|2
|
|upkeep
|turn|6
|
|t:|1781114629
|move|p2a: Zamazenta|Close Combat|p1a: Ogerpon
|-damage|p1a: Ogerpon|0 fnt
|-unboost|p2a: Zamazenta|def|1
|-unboost|p2a: Zamazenta|spd|1
|faint|p1a: Ogerpon
|-damage|p2a: Zamazenta|84/100|[from] item: Life Orb
|
|upkeep
|
|t:|1781114633
|switch|p1a: Latios|Latios, M, shiny|100/100
|turn|7
|
|t:|1781114639
|move|p2a: Zamazenta|Crunch|p1a: Latios
|-supereffective|p1a: Latios
|-damage|p1a: Latios|36/100
|-unboost|p1a: Latios|def|1
|-enditem|p1a: Latios|Weakness Policy
|-boost|p1a: Latios|atk|2|[from] item: Weakness Policy
|-boost|p1a: Latios|spa|2|[from] item: Weakness Policy
|-damage|p2a: Zamazenta|75/100|[from] item: Life Orb
|move|p1a: Latios|Agility|p1a: Latios
|-boost|p1a: Latios|spe|2
|
|upkeep
|turn|8
|
|t:|1781114645
|-terastallize|p2a: Zamazenta|Dark
|move|p1a: Latios|Stored Power|p2a: Zamazenta
|-immune|p2a: Zamazenta
|move|p2a: Zamazenta|Crunch|p1a: Latios
|-supereffective|p1a: Latios
|-damage|p1a: Latios|0 fnt
|faint|p1a: Latios
|-damage|p2a: Zamazenta|65/100|[from] item: Life Orb
|
|upkeep
|
|t:|1781114651
|switch|p1a: Iron Jugulis|Iron Jugulis|100/100
|-enditem|p1a: Iron Jugulis|Booster Energy
|-activate|p1a: Iron Jugulis|ability: Quark Drive|[fromitem]
|-start|p1a: Iron Jugulis|quarkdrivespe
|turn|9
|
|t:|1781114664
|move|p1a: Iron Jugulis|Hurricane|p2a: Zamazenta
|-damage|p2a: Zamazenta|0 fnt
|faint|p2a: Zamazenta
|
|upkeep
|
|t:|1781114669
|switch|p2a: juquinha|Azumarill, M|88/100
|-damage|p2a: juquinha|76/100|[from] Stealth Rock
|turn|10
|
|t:|1781114674
|move|p1a: Iron Jugulis|Hurricane|p2a: juquinha|[miss]
|-miss|p1a: Iron Jugulis|p2a: juquinha
|move|p2a: juquinha|Play Rough|p1a: Iron Jugulis
|-supereffective|p1a: Iron Jugulis
|-damage|p1a: Iron Jugulis|0 fnt
|faint|p1a: Iron Jugulis
|-end|p1a: Iron Jugulis|Quark Drive|[silent]
|
|upkeep
|
|t:|1781114683
|switch|p1a: Manaphy|Manaphy, shiny|100/100
|turn|11
|
|t:|1781114685
|move|p1a: Manaphy|Tail Glow|p1a: Manaphy
|-boost|p1a: Manaphy|spa|3
|move|p2a: juquinha|Play Rough|p1a: Manaphy
|-damage|p1a: Manaphy|46/100
|
|upkeep
|turn|12
|
|t:|1781114689
|move|p1a: Manaphy|Energy Ball|p2a: juquinha
|-supereffective|p2a: juquinha
|-damage|p2a: juquinha|0 fnt
|faint|p2a: juquinha
|
|upkeep
|
|t:|1781114694
|switch|p2a: Tornadus|Tornadus-Therian, M|100/100
|-damage|p2a: Tornadus|76/100|[from] Stealth Rock
|turn|13
|
|t:|1781114701
|move|p2a: Tornadus|Bleakwind Storm|p1a: Manaphy
|-damage|p1a: Manaphy|0 fnt
|faint|p1a: Manaphy
|-damage|p2a: Tornadus|66/100|[from] item: Life Orb
|
|upkeep
|
|t:|1781114703
|switch|p1a: Scizor|Scizor, M, shiny|100/100
|turn|14
|
|t:|1781114710
|-terastallize|p1a: Scizor|Fire
|move|p2a: Tornadus|Heat Wave|p1a: Scizor
|-resisted|p1a: Scizor
|-damage|p1a: Scizor|77/100
|-damage|p2a: Tornadus|56/100|[from] item: Life Orb
|move|p1a: Scizor|Swords Dance|p1a: Scizor
|-boost|p1a: Scizor|atk|2
|
|upkeep
|turn|15
|
|t:|1781114717
|move|p1a: Scizor|Bullet Punch|p2a: Tornadus
|-damage|p2a: Tornadus|0 fnt
|faint|p2a: Tornadus
|
|upkeep
|
|t:|1781114719
|switch|p2a: koolguybit|Kingambit, M|100/100
|-damage|p2a: koolguybit|94/100|[from] Stealth Rock
|-activate|p2a: koolguybit|ability: Supreme Overlord
|-start|p2a: koolguybit|fallen4|[silent]
|-item|p2a: koolguybit|Air Balloon
|turn|16
|
|t:|1781114725
|move|p2a: koolguybit|Sucker Punch|p1a: Scizor
|-damage|p1a: Scizor|18/100
|move|p1a: Scizor|Close Combat|p2a: koolguybit
|-supereffective|p2a: koolguybit
|-damage|p2a: koolguybit|0 fnt
|-unboost|p1a: Scizor|def|1
|-unboost|p1a: Scizor|spd|1
|-enditem|p2a: koolguybit|Air Balloon
|faint|p2a: koolguybit
|-end|p2a: koolguybit|fallen4|[silent]
|
|upkeep
|
|t:|1781114727
|switch|p2a: joy|Pawmot, F|100/100
|-damage|p2a: joy|94/100|[from] Stealth Rock
|turn|17
|
|t:|1781114730
|move|p1a: Scizor|Bullet Punch|p2a: joy
|-resisted|p2a: joy
|-damage|p2a: joy|38/100
|move|p2a: joy|Close Combat|p1a: Scizor
|-damage|p1a: Scizor|0 fnt
|-unboost|p2a: joy|def|1
|-unboost|p2a: joy|spd|1
|faint|p1a: Scizor
|
|win|ankoro
|raw|erhai's rating: 1630 &rarr; <strong>1607</strong><br />(-23 for losing)
|raw|ankoro's rating: 1584 &rarr; <strong>1607</strong><br />(+23 for winning)
|l|☆ankoro
|player|p2|
|l|☆erhai
|player|p1|
