|j|☆Acastillo631
|j|☆BlackStar150520
|t:|1781366169
|gametype|singles
|player|p1|Acastillo631|silver|1680
|player|p2|BlackStar150520|unknown|1687
|gen|9
|tier|[Gen 9] OU
|rated|
|rule|HP Percentage Mod: HP is shown in percentages
|rule|Endless Battle Clause: Forcing endless battles is banned
|rule|Species Clause: Limit one of each Pokémon
|rule|OHKO Clause: OHKO moves are banned
|rule|Evasion Items Clause: Evasion items are banned
|rule|Evasion Moves Clause: Evasion moves are banned
|rule|Evasion Abilities Clause: Evasion abilities are banned
|rule|Sleep Moves Clause: Sleep-inducing moves are banned
|clearpoke
|poke|p1|Iron Valiant|
|poke|p1|Sinistcha|
|poke|p1|Tyranitar, M|
|poke|p1|Klefki, M|
|poke|p1|Swampert, M|
|poke|p1|Talonflame, F|
|poke|p2|Great Tusk|
|poke|p2|Samurott-Hisui, M|
|poke|p2|Dragapult, M|
|poke|p2|Raging Bolt|
|poke|p2|Kingambit, M|
|poke|p2|Heatran, F|
|teampreview
|inactive|Battle timer is ON: inactive players will automatically lose when time's up. (requested by BlackStar150520)
|inactive|Acastillo631 has 120 seconds left.
|
|t:|1781366212
|teamsize|p1|6
|teamsize|p2|6
|start
|switch|p1a: Redips|Klefki, M|100/100
|switch|p2a: Zanpakuto|Samurott-Hisui, M|100/100
|turn|1
|
|t:|1781366219
|move|p2a: Zanpakuto|Aqua Cutter|p1a: Redips
|-damage|p1a: Redips|62/100
|move|p1a: Redips|Dazzling Gleam|p2a: Zanpakuto
|-supereffective|p2a: Zanpakuto
|-damage|p2a: Zanpakuto|31/100
|
|upkeep
|turn|2
|
|t:|1781366239
|switch|p2a: ❤️‍🔥|Heatran, F, shiny|100/100
|move|p1a: Redips|Dazzling Gleam|p2a: ❤️‍🔥
|-resisted|p2a: ❤️‍🔥
|-damage|p2a: ❤️‍🔥|96/100
|
|-heal|p2a: ❤️‍🔥|100/100|[from] item: Leftovers
|upkeep
|turn|3
|j| MASSIVE67
|
|t:|1781366243
|switch|p1a: Duff Mcwhalen|Swampert, M|100/100
|move|p2a: ❤️‍🔥|Magma Storm|p1a: Duff Mcwhalen
|-resisted|p1a: Duff Mcwhalen
|-damage|p1a: Duff Mcwhalen|85/100
|-activate|p1a: Duff Mcwhalen|move: Magma Storm|[of] p2a: ❤️‍🔥
|
|-heal|p1a: Duff Mcwhalen|91/100|[from] item: Leftovers
|-damage|p1a: Duff Mcwhalen|79/100|[from] move: Magma Storm|[partiallytrapped]
|upkeep
|turn|4
|
|t:|1781366249
|move|p2a: ❤️‍🔥|Substitute|p2a: ❤️‍🔥
|-start|p2a: ❤️‍🔥|Substitute
|-damage|p2a: ❤️‍🔥|76/100
|move|p1a: Duff Mcwhalen|Stealth Rock|p2a: ❤️‍🔥
|-sidestart|p2: BlackStar150520|move: Stealth Rock
|
|-heal|p2a: ❤️‍🔥|82/100|[from] item: Leftovers
|-heal|p1a: Duff Mcwhalen|85/100|[from] item: Leftovers
|-damage|p1a: Duff Mcwhalen|73/100|[from] move: Magma Storm|[partiallytrapped]
|upkeep
|turn|5
|
|t:|1781366253
|move|p2a: ❤️‍🔥|Protect|p2a: ❤️‍🔥
|-singleturn|p2a: ❤️‍🔥|Protect
|move|p1a: Duff Mcwhalen|Flip Turn|p2a: ❤️‍🔥
|-activate|p2a: ❤️‍🔥|move: Protect
|
|-heal|p2a: ❤️‍🔥|88/100|[from] item: Leftovers
|-heal|p1a: Duff Mcwhalen|79/100|[from] item: Leftovers
|-damage|p1a: Duff Mcwhalen|67/100|[from] move: Magma Storm|[partiallytrapped]
|upkeep
|turn|6
|l| MASSIVE67
|
|t:|1781366257
|move|p2a: ❤️‍🔥|Earth Power|p1a: Duff Mcwhalen
|-damage|p1a: Duff Mcwhalen|48/100
|move|p1a: Duff Mcwhalen|Flip Turn|p2a: ❤️‍🔥
|-supereffective|p2a: ❤️‍🔥
|-end|p2a: ❤️‍🔥|Substitute
|
|t:|1781366261
|switch|p1a: Eregion|Tyranitar, M|100/100|[from] Flip Turn
|-weather|Sandstorm|[from] ability: Sand Stream|[of] p1a: Eregion
|
|-weather|Sandstorm|[upkeep]
|-heal|p2a: ❤️‍🔥|94/100|[from] item: Leftovers
|upkeep
|turn|7
|
|t:|1781366267
|switch|p2a: Mega Donphan|Great Tusk|100/100
|move|p1a: Eregion|Knock Off|p2a: Mega Donphan
|-resisted|p2a: Mega Donphan
|-damage|p2a: Mega Donphan|86/100
|-enditem|p2a: Mega Donphan|Heavy-Duty Boots|[from] move: Knock Off|[of] p1a: Eregion
|
|-weather|Sandstorm|[upkeep]
|upkeep
|turn|8
|
|t:|1781366272
|switch|p1a: Wire Sponge|Sinistcha|100/100
|move|p2a: Mega Donphan|Stealth Rock|p1a: Wire Sponge
|-sidestart|p1: Acastillo631|move: Stealth Rock
|
|-weather|Sandstorm|[upkeep]
|-damage|p1a: Wire Sponge|94/100|[from] Sandstorm
|upkeep
|turn|9
|
|t:|1781366281
|-end|p2a: Mega Donphan|Protosynthesis|[silent]
|switch|p2a: ❤️‍🔥|Heatran, F, shiny|94/100
|-damage|p2a: ❤️‍🔥|82/100|[from] Stealth Rock
|switch|p1a: Duff Mcwhalen|Swampert, M|48/100
|-damage|p1a: Duff Mcwhalen|42/100|[from] Stealth Rock
|
|-weather|Sandstorm|[upkeep]
|-heal|p2a: ❤️‍🔥|88/100|[from] item: Leftovers
|-heal|p1a: Duff Mcwhalen|48/100|[from] item: Leftovers
|upkeep
|turn|10
|
|t:|1781366292
|move|p2a: ❤️‍🔥|Earth Power|p1a: Duff Mcwhalen
|-damage|p1a: Duff Mcwhalen|30/100
|move|p1a: Duff Mcwhalen|Flip Turn|p2a: ❤️‍🔥
|-supereffective|p2a: ❤️‍🔥
|-damage|p2a: ❤️‍🔥|33/100
|
|t:|1781366309
|switch|p1a: Sage Harpuia|Iron Valiant|100/100|[from] Flip Turn
|-damage|p1a: Sage Harpuia|94/100|[from] Stealth Rock
|-enditem|p1a: Sage Harpuia|Booster Energy
|-activate|p1a: Sage Harpuia|ability: Quark Drive|[fromitem]
|-start|p1a: Sage Harpuia|quarkdrivespe
|
|-weather|none
|-heal|p2a: ❤️‍🔥|39/100|[from] item: Leftovers
|upkeep
|turn|11
|
|t:|1781366314
|move|p1a: Sage Harpuia|Close Combat|p2a: ❤️‍🔥
|-supereffective|p2a: ❤️‍🔥
|-damage|p2a: ❤️‍🔥|0 fnt
|-unboost|p1a: Sage Harpuia|def|1
|-unboost|p1a: Sage Harpuia|spd|1
|faint|p2a: ❤️‍🔥
|
|upkeep
|
|t:|1781366322
|switch|p2a: ⚡️|Raging Bolt|100/100
|-damage|p2a: ⚡️|88/100|[from] Stealth Rock
|turn|12
|
|t:|1781366330
|-end|p1a: Sage Harpuia|Quark Drive|[silent]
|switch|p1a: Duff Mcwhalen|Swampert, M|30/100
|-damage|p1a: Duff Mcwhalen|24/100|[from] Stealth Rock
|move|p2a: ⚡️|Thunderbolt|p1a: Duff Mcwhalen
|-immune|p1a: Duff Mcwhalen
|
|-heal|p2a: ⚡️|94/100|[from] item: Leftovers
|-heal|p1a: Duff Mcwhalen|30/100|[from] item: Leftovers
|upkeep
|turn|13
|
|t:|1781366337
|switch|p1a: Eregion|Tyranitar, M|100/100
|-damage|p1a: Eregion|88/100|[from] Stealth Rock
|-weather|Sandstorm|[from] ability: Sand Stream|[of] p1a: Eregion
|move|p2a: ⚡️|Dragon Pulse|p1a: Eregion
|-damage|p1a: Eregion|69/100
|
|-weather|Sandstorm|[upkeep]
|-damage|p2a: ⚡️|88/100|[from] Sandstorm
|-heal|p2a: ⚡️|94/100|[from] item: Leftovers
|-heal|p1a: Eregion|75/100|[from] item: Leftovers
|upkeep
|turn|14
|j| ArtistsRendition
|
|t:|1781366341
|-end|p2a: ⚡️|Protosynthesis|[silent]
|switch|p2a: Mega Donphan|Great Tusk|86/100
|-damage|p2a: Mega Donphan|83/100|[from] Stealth Rock
|move|p1a: Eregion|Ice Beam|p2a: Mega Donphan
|-supereffective|p2a: Mega Donphan
|-damage|p2a: Mega Donphan|23/100
|
|-weather|Sandstorm|[upkeep]
|-heal|p1a: Eregion|81/100|[from] item: Leftovers
|upkeep
|turn|15
|
|t:|1781366356
|switch|p1a: Wire Sponge|Sinistcha|94/100
|move|p2a: Mega Donphan|Ice Spinner|p1a: Wire Sponge
|-supereffective|p1a: Wire Sponge
|-damage|p1a: Wire Sponge|50/100
|
|-weather|Sandstorm|[upkeep]
|-damage|p1a: Wire Sponge|44/100|[from] Sandstorm
|upkeep
|turn|16
|
|t:|1781366362
|move|p2a: Mega Donphan|Ice Spinner|p1a: Wire Sponge
|-supereffective|p1a: Wire Sponge
|-damage|p1a: Wire Sponge|6/100
|move|p1a: Wire Sponge|Strength Sap|p2a: Mega Donphan
|-unboost|p2a: Mega Donphan|atk|1
|-heal|p1a: Wire Sponge|100/100
|
|-weather|Sandstorm|[upkeep]
|-damage|p1a: Wire Sponge|94/100|[from] Sandstorm
|upkeep
|turn|17
|
|t:|1781366366
|move|p2a: Mega Donphan|Ice Spinner|p1a: Wire Sponge
|-supereffective|p1a: Wire Sponge
|-damage|p1a: Wire Sponge|68/100
|move|p1a: Wire Sponge|Shadow Ball|p2a: Mega Donphan
|-damage|p2a: Mega Donphan|0 fnt
|faint|p2a: Mega Donphan
|-end|p2a: Mega Donphan|Protosynthesis|[silent]
|
|-weather|none
|upkeep
|
|t:|1781366368
|switch|p2a: Zanpakuto|Samurott-Hisui, M|31/100
|-damage|p2a: Zanpakuto|19/100|[from] Stealth Rock
|turn|18
|
|t:|1781366389
|switch|p1a: Talonflame|Talonflame, F|100/100
|move|p2a: Zanpakuto|Ceaseless Edge|p1a: Talonflame
|-damage|p1a: Talonflame|48/100
|-sidestart|p1: Acastillo631|Spikes
|
|upkeep
|turn|19
|
|t:|1781366394
|move|p2a: Zanpakuto|Ceaseless Edge|p1a: Talonflame
|-damage|p1a: Talonflame|0 fnt
|-sidestart|p1: Acastillo631|Spikes
|faint|p1a: Talonflame
|
|upkeep
|inactive|Acastillo631 has 120 seconds left.
|
|t:|1781366420
|switch|p1a: Sage Harpuia|Iron Valiant|94/100
|-damage|p1a: Sage Harpuia|88/100|[from] Stealth Rock
|-damage|p1a: Sage Harpuia|71/100|[from] Spikes
|turn|20
|
|t:|1781366434
|move|p2a: Zanpakuto|Ceaseless Edge|p1a: Sage Harpuia
|-resisted|p1a: Sage Harpuia
|-damage|p1a: Sage Harpuia|57/100
|-sidestart|p1: Acastillo631|Spikes
|move|p1a: Sage Harpuia|Moonblast|p2a: Zanpakuto
|-supereffective|p2a: Zanpakuto
|-damage|p2a: Zanpakuto|0 fnt
|faint|p2a: Zanpakuto
|
|upkeep
|l| ArtistsRendition
|
|t:|1781366442
|switch|p2a: DraGhost|Dragapult, M|100/100
|-damage|p2a: DraGhost|88/100|[from] Stealth Rock
|turn|21
|
|t:|1781366457
|-end|p1a: Sage Harpuia|Quark Drive|[silent]
|switch|p1a: Duff Mcwhalen|Swampert, M|30/100
|-damage|p1a: Duff Mcwhalen|24/100|[from] Stealth Rock
|-damage|p1a: Duff Mcwhalen|0 fnt|[from] Spikes
|faint|p1a: Duff Mcwhalen
|move|p2a: DraGhost|Hex|p1: Duff Mcwhalen|[notarget]
|-fail|p2a: DraGhost
|
|-heal|p2a: DraGhost|94/100|[from] item: Leftovers
|upkeep
|inactive|Acastillo631 has 120 seconds left.
|
|t:|1781366492
|switch|p1a: Redips|Klefki, M|62/100
|-damage|p1a: Redips|56/100|[from] Stealth Rock
|-damage|p1a: Redips|31/100|[from] Spikes
|turn|22
|
|t:|1781366496
|switch|p2a: ⚡️|Raging Bolt|94/100
|-damage|p2a: ⚡️|82/100|[from] Stealth Rock
|move|p1a: Redips|Thunder Wave|p2a: ⚡️
|-immune|p2a: ⚡️
|
|-heal|p2a: ⚡️|88/100|[from] item: Leftovers
|upkeep
|turn|23
|inactive|Acastillo631 has 120 seconds left.
|inactive|Acastillo631 has 90 seconds left.
|
|t:|1781366543
|move|p2a: ⚡️|Calm Mind|p2a: ⚡️
|-boost|p2a: ⚡️|spa|1
|-boost|p2a: ⚡️|spd|1
|move|p1a: Redips|Dazzling Gleam|p2a: ⚡️
|-supereffective|p2a: ⚡️
|-damage|p2a: ⚡️|56/100
|
|-heal|p2a: ⚡️|62/100|[from] item: Leftovers
|upkeep
|turn|24
|inactive|Acastillo631 has 60 seconds left.
|
|t:|1781366598
|switch|p1a: Eregion|Tyranitar, M|81/100
|-damage|p1a: Eregion|69/100|[from] Stealth Rock
|-damage|p1a: Eregion|44/100|[from] Spikes
|-weather|Sandstorm|[from] ability: Sand Stream|[of] p1a: Eregion
|move|p2a: ⚡️|Thunderbolt|p1a: Eregion
|-damage|p1a: Eregion|11/100
|
|-weather|Sandstorm|[upkeep]
|-damage|p2a: ⚡️|56/100|[from] Sandstorm
|-heal|p2a: ⚡️|62/100|[from] item: Leftovers
|-heal|p1a: Eregion|17/100|[from] item: Leftovers
|upkeep
|turn|25
|
|t:|1781366603
|move|p2a: ⚡️|Thunderbolt|p1a: Eregion
|-damage|p1a: Eregion|0 fnt
|faint|p1a: Eregion
|
|-weather|Sandstorm|[upkeep]
|-damage|p2a: ⚡️|56/100|[from] Sandstorm
|-heal|p2a: ⚡️|62/100|[from] item: Leftovers
|upkeep
|-message|Acastillo631 forfeited.
|
|win|BlackStar150520
|raw|Acastillo631's rating: 1680 &rarr; <strong>1660</strong><br />(-20 for losing)
|raw|BlackStar150520's rating: 1687 &rarr; <strong>1707</strong><br />(+20 for winning)
|l|☆Acastillo631
|player|p1|
