|j|☆Makatuk
|j|☆Jsparxs
|t:|1781465723
|gametype|singles
|player|p1|Makatuk|red|1523
|player|p2|Jsparxs|101|1619
|gen|9
|tier|[Gen 9] OU
|rated|
|rule|HP Percentage Mod: HP is shown in percentages
|rule|Endless Battle Clause: Forcing endless battles is banned
|rule|Species Clause: Limit one of each Pokémon
|rule|OHKO Clause: OHKO moves are banned
|rule|Evasion Items Clause: Evasion items are banned
|rule|Evasion Moves Clause: Evasion moves are banned
|rule|Evasion Abilities Clause: Evasion abilities are banned
|rule|Sleep Moves Clause: Sleep-inducing moves are banned
|clearpoke
|poke|p1|Hawlucha, F|
|poke|p1|Garganacl, M|
|poke|p1|Hatterene, F|
|poke|p1|Rillaboom, M|
|poke|p1|Raging Bolt|
|poke|p1|Frosmoth, M|
|poke|p2|Great Tusk|
|poke|p2|Zamazenta-*|
|poke|p2|Iron Valiant|
|poke|p2|Gallade, M|
|poke|p2|Kommo-o, F|
|poke|p2|Okidogi, M|
|teampreview
|inactive|Battle timer is ON: inactive players will automatically lose when time's up. (requested by Makatuk)
|
|t:|1781465742
|teamsize|p1|6
|teamsize|p2|6
|start
|switch|p1a: My Arrival Worm|Rillaboom, M|100/100
|switch|p2a: Okidogi|Okidogi, M|100/100
|-fieldstart|move: Grassy Terrain|[from] ability: Grassy Surge|[of] p1a: My Arrival Worm
|turn|1
|
|t:|1781465758
|move|p1a: My Arrival Worm|U-turn|p2a: Okidogi
|-resisted|p2a: Okidogi
|-damage|p2a: Okidogi|95/100
|
|t:|1781465763
|switch|p1a: Free to be Bees|Raging Bolt|100/100|[from] U-turn
|-enditem|p1a: Free to be Bees|Booster Energy
|-activate|p1a: Free to be Bees|ability: Protosynthesis|[fromitem]
|-start|p1a: Free to be Bees|protosynthesisspa
|move|p2a: Okidogi|Gunk Shot|p1a: Free to be Bees|[miss]
|-miss|p2a: Okidogi|p1a: Free to be Bees
|
|-heal|p2a: Okidogi|100/100|[from] Grassy Terrain
|upkeep
|turn|2
|c|☆Jsparxs|Oh, this is great
|c|☆Jsparxs|we can live for 30 years
|inactive|Jsparxs has 120 seconds left.
|
|t:|1781465802
|switch|p2a: Great Tusk|Great Tusk|100/100
|-enditem|p2a: Great Tusk|Booster Energy
|-activate|p2a: Great Tusk|ability: Protosynthesis|[fromitem]
|-start|p2a: Great Tusk|protosynthesisatk
|move|p1a: Free to be Bees|Thunderbolt|p2a: Great Tusk
|-immune|p2a: Great Tusk
|
|upkeep
|turn|3
|c|☆Makatuk|We're free to be bees
|inactive|Jsparxs has 120 seconds left.
|c|☆Makatuk|This is GOOD news
|
|t:|1781465817
|move|p2a: Great Tusk|Rapid Spin|p1a: Free to be Bees
|-damage|p1a: Free to be Bees|81/100
|-boost|p2a: Great Tusk|spe|1
|move|p1a: Free to be Bees|Draco Meteor|p2a: Great Tusk
|-damage|p2a: Great Tusk|0 fnt
|-unboost|p1a: Free to be Bees|spa|2
|faint|p2a: Great Tusk
|-end|p2a: Great Tusk|Protosynthesis|[silent]
|
|-heal|p1a: Free to be Bees|88/100|[from] Grassy Terrain
|upkeep
|
|t:|1781465844
|switch|p2a: Gallade|Gallade, M|100/100
|turn|4
|
|t:|1781465857
|-end|p1a: Free to be Bees|Protosynthesis|[silent]
|switch|p1a: Are You Sure?|Hatterene, F|100/100
|-enditem|p1a: Are You Sure?|Grassy Seed
|-boost|p1a: Are You Sure?|def|1|[from] item: Grassy Seed
|move|p2a: Gallade|Night Slash|p1a: Are You Sure?
|-damage|p1a: Are You Sure?|75/100
|
|-heal|p1a: Are You Sure?|81/100|[from] Grassy Terrain
|upkeep
|turn|5
|inactive|Jsparxs has 90 seconds left.
|
|t:|1781465877
|switch|p2a: Okidogi|Okidogi, M|100/100
|move|p1a: Are You Sure?|Calm Mind|p1a: Are You Sure?
|-boost|p1a: Are You Sure?|spa|1
|-boost|p1a: Are You Sure?|spd|1
|
|-heal|p1a: Are You Sure?|87/100|[from] Grassy Terrain
|-fieldend|move: Grassy Terrain
|upkeep
|turn|6
|
|t:|1781465884
|move|p2a: Okidogi|Gunk Shot|p1a: Are You Sure?
|-supereffective|p1a: Are You Sure?
|-crit|p1a: Are You Sure?
|-damage|p1a: Are You Sure?|0 fnt
|faint|p1a: Are You Sure?
|
|upkeep
|
|t:|1781465893
|switch|p1a: Free to be Bees|Raging Bolt|88/100
|turn|7
|
|t:|1781465898
|move|p2a: Okidogi|Ice Punch|p1a: Free to be Bees
|-supereffective|p1a: Free to be Bees
|-damage|p1a: Free to be Bees|37/100
|move|p1a: Free to be Bees|Thunderbolt|p2a: Okidogi
|-damage|p2a: Okidogi|43/100
|
|upkeep
|turn|8
|
|t:|1781465904
|move|p1a: Free to be Bees|Thunderclap|p2a: Okidogi
|-damage|p2a: Okidogi|2/100
|move|p2a: Okidogi|Drain Punch|p1a: Free to be Bees
|-damage|p1a: Free to be Bees|0 fnt
|-heal|p2a: Okidogi|24/100|[from] drain|[of] p1a: Free to be Bees
|faint|p1a: Free to be Bees
|-end|p1a: Free to be Bees|Protosynthesis|[silent]
|
|upkeep
|
|t:|1781465906
|switch|p1a: My Arrival Worm|Rillaboom, M|100/100
|-fieldstart|move: Grassy Terrain|[from] ability: Grassy Surge|[of] p1a: My Arrival Worm
|turn|9
|
|t:|1781465912
|move|p1a: My Arrival Worm|Grassy Glide|p2a: Okidogi
|-resisted|p2a: Okidogi
|-damage|p2a: Okidogi|9/100
|move|p2a: Okidogi|Gunk Shot|p1a: My Arrival Worm
|-supereffective|p1a: My Arrival Worm
|-damage|p1a: My Arrival Worm|0 fnt
|faint|p1a: My Arrival Worm
|
|-heal|p2a: Okidogi|15/100|[from] Grassy Terrain
|upkeep
|
|t:|1781465922
|switch|p1a: I Made a Steak|Hawlucha, F|100/100
|-ability|p1a: I Made a Steak|Mold Breaker
|turn|10
|c|☆Jsparxs|A steak?!
|inactive|Jsparxs has 120 seconds left.
|c|☆Makatuk|Yes :(
|
|t:|1781465952
|move|p1a: I Made a Steak|Flying Press|p2a: Okidogi
|-damage|p2a: Okidogi|0 fnt
|faint|p2a: Okidogi
|
|upkeep
|
|t:|1781465971
|switch|p2a: Iron Valiant|Iron Valiant|100/100
|-enditem|p2a: Iron Valiant|Booster Energy
|-activate|p2a: Iron Valiant|ability: Quark Drive|[fromitem]
|-start|p2a: Iron Valiant|quarkdrivespe
|turn|11
|
|t:|1781465977
|move|p2a: Iron Valiant|Thunderbolt|p1a: I Made a Steak
|-supereffective|p1a: I Made a Steak
|-damage|p1a: I Made a Steak|7/100
|move|p1a: I Made a Steak|Flying Press|p2a: Iron Valiant
|-damage|p2a: Iron Valiant|49/100
|
|-heal|p2a: Iron Valiant|55/100|[from] Grassy Terrain
|upkeep
|turn|12
|
|t:|1781465984
|move|p2a: Iron Valiant|Moonblast|p1a: I Made a Steak
|-supereffective|p1a: I Made a Steak
|-damage|p1a: I Made a Steak|0 fnt
|faint|p1a: I Made a Steak
|
|-heal|p2a: Iron Valiant|61/100|[from] Grassy Terrain
|upkeep
|
|t:|1781465987
|switch|p1a: "Show Me"|Frosmoth, M|100/100
|turn|13
|
|t:|1781465996
|move|p2a: Iron Valiant|Thunderbolt|p1a: "Show Me"
|-damage|p1a: "Show Me"|84/100
|-status|p1a: "Show Me"|par
|move|p1a: "Show Me"|Icy Wind|p2a: Iron Valiant|[miss]
|-miss|p1a: "Show Me"|p2a: Iron Valiant
|
|-heal|p2a: Iron Valiant|67/100|[from] Grassy Terrain
|-heal|p1a: "Show Me"|90/100 par|[from] Grassy Terrain
|-heal|p1a: "Show Me"|96/100 par|[from] item: Leftovers
|-fieldend|move: Grassy Terrain
|upkeep
|turn|14
|
|t:|1781466010
|move|p2a: Iron Valiant|Psyshock|p1a: "Show Me"
|-damage|p1a: "Show Me"|75/100 par
|cant|p1a: "Show Me"|par
|
|-heal|p1a: "Show Me"|81/100 par|[from] item: Leftovers
|upkeep
|turn|15
|c|☆Makatuk|Lol
|
|t:|1781466018
|move|p2a: Iron Valiant|Moonblast|p1a: "Show Me"
|-damage|p1a: "Show Me"|58/100 par
|cant|p1a: "Show Me"|par
|
|-heal|p1a: "Show Me"|64/100 par|[from] item: Leftovers
|upkeep
|turn|16
|c|☆Makatuk|LMAOOOOO
|
|t:|1781466028
|move|p2a: Iron Valiant|Moonblast|p1a: "Show Me"
|-damage|p1a: "Show Me"|38/100 par
|move|p1a: "Show Me"|Icy Wind|p2a: Iron Valiant
|-damage|p2a: Iron Valiant|25/100
|-unboost|p2a: Iron Valiant|spe|1
|
|-heal|p1a: "Show Me"|44/100 par|[from] item: Leftovers
|upkeep
|turn|17
|c|☆Jsparxs|It happens to the best of us
|
|t:|1781466039
|move|p2a: Iron Valiant|Destiny Bond|p2a: Iron Valiant
|-singlemove|p2a: Iron Valiant|Destiny Bond
|move|p1a: "Show Me"|Icy Wind|p2a: Iron Valiant
|-damage|p2a: Iron Valiant|0 fnt
|faint|p2a: Iron Valiant
|-activate|p2a: Iron Valiant|move: Destiny Bond
|-end|p2a: Iron Valiant|Quark Drive|[silent]
|faint|p1a: "Show Me"
|
|upkeep
|c|☆Jsparxs|I had faith in you
|
|t:|1781466063
|switch|p2a: Gallade|Gallade, M|100/100
|switch|p1a: SEAAA SAAAAAALT!!!|Garganacl, M|100/100
|turn|18
|c|☆Makatuk|SEA SAAAAAAAAALT
|c|☆Makatuk|SEA SALT I NEED YOU
|c|☆Jsparxs|I’m a little horse
|inactive|Jsparxs has 120 seconds left.
|c|☆Jsparxs|(neigh)
|
|t:|1781466083
|-terastallize|p1a: SEAAA SAAAAAALT!!!|Ghost
|move|p2a: Gallade|Sacred Sword|p1a: SEAAA SAAAAAALT!!!
|-immune|p1a: SEAAA SAAAAAALT!!!
|move|p1a: SEAAA SAAAAAALT!!!|Iron Defense|p1a: SEAAA SAAAAAALT!!!
|-boost|p1a: SEAAA SAAAAAALT!!!|def|2
|
|upkeep
|turn|19
|inactive|Jsparxs has 120 seconds left.
|
|t:|1781466090
|move|p2a: Gallade|Night Slash|p1a: SEAAA SAAAAAALT!!!
|-supereffective|p1a: SEAAA SAAAAAALT!!!
|-damage|p1a: SEAAA SAAAAAALT!!!|74/100
|move|p1a: SEAAA SAAAAAALT!!!|Iron Defense|p1a: SEAAA SAAAAAALT!!!
|-boost|p1a: SEAAA SAAAAAALT!!!|def|2
|
|-heal|p1a: SEAAA SAAAAAALT!!!|80/100|[from] item: Leftovers
|upkeep
|turn|20
|
|t:|1781466095
|move|p1a: SEAAA SAAAAAALT!!!|Protect|p1a: SEAAA SAAAAAALT!!!
|-singleturn|p1a: SEAAA SAAAAAALT!!!|Protect
|move|p2a: Gallade|Night Slash|p1a: SEAAA SAAAAAALT!!!
|-activate|p1a: SEAAA SAAAAAALT!!!|move: Protect
|
|-heal|p1a: SEAAA SAAAAAALT!!!|87/100|[from] item: Leftovers
|upkeep
|turn|21
|
|t:|1781466097
|move|p2a: Gallade|Night Slash|p1a: SEAAA SAAAAAALT!!!
|-supereffective|p1a: SEAAA SAAAAAALT!!!
|-damage|p1a: SEAAA SAAAAAALT!!!|70/100
|move|p1a: SEAAA SAAAAAALT!!!|Salt Cure|p2a: Gallade
|-resisted|p2a: Gallade
|-damage|p2a: Gallade|88/100
|-start|p2a: Gallade|Salt Cure
|
|-heal|p1a: SEAAA SAAAAAALT!!!|76/100|[from] item: Leftovers
|-damage|p2a: Gallade|75/100|[from] Salt Cure
|upkeep
|turn|22
|
|t:|1781466102
|move|p1a: SEAAA SAAAAAALT!!!|Protect|p1a: SEAAA SAAAAAALT!!!
|-singleturn|p1a: SEAAA SAAAAAALT!!!|Protect
|move|p2a: Gallade|Night Slash|p1a: SEAAA SAAAAAALT!!!
|-activate|p1a: SEAAA SAAAAAALT!!!|move: Protect
|
|-heal|p1a: SEAAA SAAAAAALT!!!|82/100|[from] item: Leftovers
|-damage|p2a: Gallade|63/100|[from] Salt Cure
|upkeep
|turn|23
|
|t:|1781466108
|move|p2a: Gallade|Night Slash|p1a: SEAAA SAAAAAALT!!!
|-supereffective|p1a: SEAAA SAAAAAALT!!!
|-crit|p1a: SEAAA SAAAAAALT!!!
|-damage|p1a: SEAAA SAAAAAALT!!!|6/100
|move|p1a: SEAAA SAAAAAALT!!!|Salt Cure|p2a: Gallade
|-resisted|p2a: Gallade
|-damage|p2a: Gallade|50/100
|
|-heal|p1a: SEAAA SAAAAAALT!!!|12/100|[from] item: Leftovers
|-damage|p2a: Gallade|38/100|[from] Salt Cure
|upkeep
|turn|24
|
|t:|1781466119
|move|p1a: SEAAA SAAAAAALT!!!|Protect|p1a: SEAAA SAAAAAALT!!!
|-singleturn|p1a: SEAAA SAAAAAALT!!!|Protect
|move|p2a: Gallade|Night Slash|p1a: SEAAA SAAAAAALT!!!
|-activate|p1a: SEAAA SAAAAAALT!!!|move: Protect
|
|-heal|p1a: SEAAA SAAAAAALT!!!|18/100|[from] item: Leftovers
|-damage|p2a: Gallade|26/100|[from] Salt Cure
|upkeep
|turn|25
|
|t:|1781466121
|-terastallize|p2a: Gallade|Dark
|move|p2a: Gallade|Night Slash|p1a: SEAAA SAAAAAALT!!!
|-supereffective|p1a: SEAAA SAAAAAALT!!!
|-damage|p1a: SEAAA SAAAAAALT!!!|0 fnt
|faint|p1a: SEAAA SAAAAAALT!!!
|
|win|Jsparxs
|raw|Makatuk's rating: 1523 &rarr; <strong>1508</strong><br />(-15 for losing)
|raw|Jsparxs's rating: 1619 &rarr; <strong>1634</strong><br />(+15 for winning)
|c|☆Jsparxs|ggs mate
|c|☆Makatuk|Bruh
|c|☆Makatuk|Gga
|c|☆Makatuk|*ggs
|l|☆Makatuk
|player|p1|
