|j|☆rockeater9000
|j|☆cumtd
|t:|1781401504
|gametype|singles
|player|p1|rockeater9000|265|1600
|player|p2|cumtd|blue|1610
|gen|9
|tier|[Gen 9] OU
|rated|
|rule|HP Percentage Mod: HP is shown in percentages
|rule|Endless Battle Clause: Forcing endless battles is banned
|rule|Species Clause: Limit one of each Pokémon
|rule|OHKO Clause: OHKO moves are banned
|rule|Evasion Items Clause: Evasion items are banned
|rule|Evasion Moves Clause: Evasion moves are banned
|rule|Evasion Abilities Clause: Evasion abilities are banned
|rule|Sleep Moves Clause: Sleep-inducing moves are banned
|clearpoke
|poke|p1|Greninja-*, M|
|poke|p1|Glimmora, F|
|poke|p1|Garchomp, F|
|poke|p1|Iron Valiant|
|poke|p1|Kingambit, F|
|poke|p1|Ceruledge, M|
|poke|p2|Weezing-Galar, M|
|poke|p2|Gliscor, M|
|poke|p2|Blissey, F|
|poke|p2|Corviknight, F|
|poke|p2|Dondozo, M|
|poke|p2|Toxapex, F|
|teampreview
|inactive|Battle timer is ON: inactive players will automatically lose when time's up. (requested by rockeater9000)
|
|t:|1781401509
|teamsize|p1|6
|teamsize|p2|6
|start
|switch|p1a: Greninja|Greninja, M|100/100
|switch|p2a: Gliscor|Gliscor, M|100/100
|turn|1
|
|t:|1781401512
|move|p2a: Gliscor|Protect|p2a: Gliscor
|-singleturn|p2a: Gliscor|Protect
|move|p1a: Greninja|Ice Beam|p2a: Gliscor
|-activate|p2a: Gliscor|move: Protect
|
|-status|p2a: Gliscor|tox|[from] item: Toxic Orb
|upkeep
|turn|2
|
|t:|1781401516
|switch|p1a: Glimmora|Glimmora, F|100/100
|switch|p2a: Blissey|Blissey, F|100/100
|
|upkeep
|turn|3
|
|t:|1781401528
|switch|p2a: Corviknight|Corviknight, F|100/100
|-ability|p2a: Corviknight|Pressure
|move|p1a: Glimmora|Meteor Beam||[still]
|-prepare|p1a: Glimmora|Meteor Beam
|-boost|p1a: Glimmora|spa|1
|-enditem|p1a: Glimmora|Power Herb
|-anim|p1a: Glimmora|Meteor Beam|p2a: Corviknight|[miss]
|-miss|p1a: Glimmora|p2a: Corviknight
|
|upkeep
|turn|4
|
|t:|1781401538
|switch|p2a: Blissey|Blissey, F|100/100
|move|p1a: Glimmora|Stealth Rock|p2a: Blissey
|-sidestart|p2: cumtd|move: Stealth Rock
|
|upkeep
|turn|5
|
|t:|1781401540
|move|p1a: Glimmora|Meteor Beam||[still]
|-prepare|p1a: Glimmora|Meteor Beam
|-boost|p1a: Glimmora|spa|1
|move|p2a: Blissey|Stealth Rock|p1a: Glimmora
|-sidestart|p1: rockeater9000|move: Stealth Rock
|
|upkeep
|turn|6
|
|t:|1781401543
|move|p1a: Glimmora|Meteor Beam|p2a: Blissey|[from] lockedmove
|-damage|p2a: Blissey|61/100
|move|p2a: Blissey|Seismic Toss|p1a: Glimmora
|-damage|p1a: Glimmora|68/100
|-activate|p1a: Glimmora|ability: Toxic Debris
|-sidestart|p2: cumtd|move: Toxic Spikes
|
|-heal|p2a: Blissey|68/100|[from] item: Leftovers
|upkeep
|turn|7
|
|t:|1781401548
|move|p1a: Glimmora|Mortal Spin|p2a: Blissey
|-damage|p2a: Blissey|61/100
|-status|p2a: Blissey|psn
|-sideend|p1: rockeater9000|Stealth Rock|[from] move: Mortal Spin|[of] p1a: Glimmora
|move|p2a: Blissey|Seismic Toss|p1a: Glimmora
|-damage|p1a: Glimmora|35/100
|-activate|p1a: Glimmora|ability: Toxic Debris
|-sidestart|p2: cumtd|move: Toxic Spikes
|
|-heal|p2a: Blissey|68/100 psn|[from] item: Leftovers
|-damage|p2a: Blissey|55/100 psn|[from] psn
|upkeep
|turn|8
|
|t:|1781401556
|move|p1a: Glimmora|Earth Power|p2a: Blissey
|-damage|p2a: Blissey|35/100 psn
|move|p2a: Blissey|Soft-Boiled|p2a: Blissey
|-heal|p2a: Blissey|85/100 psn
|
|-heal|p2a: Blissey|91/100 psn|[from] item: Leftovers
|-damage|p2a: Blissey|79/100 psn|[from] psn
|upkeep
|turn|9
|
|t:|1781401563
|move|p1a: Glimmora|Meteor Beam||[still]
|-prepare|p1a: Glimmora|Meteor Beam
|-boost|p1a: Glimmora|spa|1
|move|p2a: Blissey|Seismic Toss|p1a: Glimmora
|-damage|p1a: Glimmora|3/100
|
|-heal|p2a: Blissey|85/100 psn|[from] item: Leftovers
|-damage|p2a: Blissey|72/100 psn|[from] psn
|upkeep
|turn|10
|
|t:|1781401567
|move|p1a: Glimmora|Meteor Beam|p2a: Blissey|[from] lockedmove
|-damage|p2a: Blissey|24/100 psn
|move|p2a: Blissey|Soft-Boiled|p2a: Blissey
|-heal|p2a: Blissey|74/100 psn
|
|-heal|p2a: Blissey|81/100 psn|[from] item: Leftovers
|-damage|p2a: Blissey|68/100 psn|[from] psn
|upkeep
|turn|11
|
|t:|1781401573
|move|p1a: Glimmora|Earth Power|p2a: Blissey
|-damage|p2a: Blissey|44/100 psn
|move|p2a: Blissey|Soft-Boiled|p2a: Blissey
|-heal|p2a: Blissey|94/100 psn
|
|-heal|p2a: Blissey|100/100 psn|[from] item: Leftovers
|-damage|p2a: Blissey|88/100 psn|[from] psn
|upkeep
|turn|12
|
|t:|1781401577
|move|p1a: Glimmora|Earth Power|p2a: Blissey
|-damage|p2a: Blissey|64/100 psn
|move|p2a: Blissey|Seismic Toss|p1a: Glimmora
|-damage|p1a: Glimmora|0 fnt
|faint|p1a: Glimmora
|
|-heal|p2a: Blissey|70/100 psn|[from] item: Leftovers
|-damage|p2a: Blissey|57/100 psn|[from] psn
|upkeep
|j| choispecs ironmoth
|
|t:|1781401591
|switch|p1a: Kingambit|Kingambit, F|100/100
|-activate|p1a: Kingambit|ability: Supreme Overlord
|-start|p1a: Kingambit|fallen1|[silent]
|turn|13
|
|t:|1781401596
|-curestatus|p2a: Blissey|psn|[from] ability: Natural Cure|[silent]
|switch|p2a: Toxapex|Toxapex, F|100/100
|-damage|p2a: Toxapex|88/100|[from] Stealth Rock
|-sideend|p2: cumtd|move: Toxic Spikes|[of] p2a: Toxapex
|move|p1a: Kingambit|Kowtow Cleave|p2a: Toxapex
|-damage|p2a: Toxapex|47/100
|
|upkeep
|turn|14
|
|t:|1781401610
|switch|p2a: Corviknight|Corviknight, F|100/100
|-damage|p2a: Corviknight|88/100|[from] Stealth Rock
|-ability|p2a: Corviknight|Pressure
|move|p1a: Kingambit|Kowtow Cleave|p2a: Corviknight
|-damage|p2a: Corviknight|47/100
|
|-heal|p2a: Corviknight|53/100|[from] item: Leftovers
|upkeep
|turn|15
|
|t:|1781401620
|-terastallize|p1a: Kingambit|Dark
|move|p2a: Corviknight|Body Press|p1a: Kingambit
|-supereffective|p1a: Kingambit
|-damage|p1a: Kingambit|58/100
|move|p1a: Kingambit|Kowtow Cleave|p2a: Corviknight
|-damage|p2a: Corviknight|0 fnt
|faint|p2a: Corviknight
|
|upkeep
|
|t:|1781401634
|switch|p2a: Gliscor|Gliscor, M|100/100 tox
|-damage|p2a: Gliscor|88/100 tox|[from] Stealth Rock
|turn|16
|
|t:|1781401641
|-end|p1a: Kingambit|fallen1|[silent]
|switch|p1a: Greninja|Greninja, M|100/100
|-terastallize|p2a: Gliscor|Dark
|move|p2a: Gliscor|Knock Off|p1a: Greninja
|-resisted|p1a: Greninja
|-damage|p1a: Greninja|73/100
|-enditem|p1a: Greninja|Life Orb|[from] move: Knock Off|[of] p2a: Gliscor
|
|-heal|p2a: Gliscor|100/100 tox|[from] ability: Poison Heal
|upkeep
|turn|17
|
|t:|1781401646
|move|p2a: Gliscor|Protect|p2a: Gliscor
|-singleturn|p2a: Gliscor|Protect
|move|p1a: Greninja|Surf|p2a: Gliscor
|-activate|p2a: Gliscor|move: Protect
|
|upkeep
|turn|18
|
|t:|1781401650
|switch|p2a: Blissey|Blissey, F|57/100
|-damage|p2a: Blissey|45/100|[from] Stealth Rock
|move|p1a: Greninja|Surf|p2a: Blissey
|-damage|p2a: Blissey|32/100
|
|-heal|p2a: Blissey|39/100|[from] item: Leftovers
|upkeep
|turn|19
|
|t:|1781401653
|move|p1a: Greninja|Dark Pulse|p2a: Blissey
|-damage|p2a: Blissey|28/100
|move|p2a: Blissey|Soft-Boiled|p2a: Blissey
|-heal|p2a: Blissey|78/100
|
|-heal|p2a: Blissey|84/100|[from] item: Leftovers
|upkeep
|turn|20
|
|t:|1781401656
|switch|p1a: Ceruledge|Ceruledge, M|100/100
|-item|p1a: Ceruledge|Air Balloon
|move|p2a: Blissey|Stealth Rock|p1a: Ceruledge
|-sidestart|p1: rockeater9000|move: Stealth Rock
|
|-heal|p2a: Blissey|90/100|[from] item: Leftovers
|upkeep
|turn|21
|
|t:|1781401660
|switch|p2a: Dondozo|Dondozo, M|100/100
|-damage|p2a: Dondozo|88/100|[from] Stealth Rock
|move|p1a: Ceruledge|Poltergeist|p2a: Dondozo
|-activate|p2a: Dondozo|move: Poltergeist|Leftovers
|-damage|p2a: Dondozo|62/100
|
|-heal|p2a: Dondozo|68/100|[from] item: Leftovers
|upkeep
|turn|22
|
|t:|1781401667
|move|p1a: Ceruledge|Poltergeist|p2a: Dondozo|[miss]
|-miss|p1a: Ceruledge|p2a: Dondozo
|move|p2a: Dondozo|Curse|p2a: Dondozo
|-unboost|p2a: Dondozo|spe|1
|-boost|p2a: Dondozo|atk|1
|-boost|p2a: Dondozo|def|1
|
|-heal|p2a: Dondozo|74/100|[from] item: Leftovers
|upkeep
|turn|23
|
|t:|1781401670
|switch|p1a: Iron Valiant|Iron Valiant|100/100
|-damage|p1a: Iron Valiant|94/100|[from] Stealth Rock
|-enditem|p1a: Iron Valiant|Booster Energy
|-activate|p1a: Iron Valiant|ability: Quark Drive|[fromitem]
|-start|p1a: Iron Valiant|quarkdrivespe
|move|p2a: Dondozo|Waterfall|p1a: Iron Valiant
|-damage|p1a: Iron Valiant|44/100
|
|-heal|p2a: Dondozo|80/100|[from] item: Leftovers
|upkeep
|turn|24
|
|t:|1781401676
|switch|p2a: Blissey|Blissey, F|90/100
|-damage|p2a: Blissey|78/100|[from] Stealth Rock
|move|p1a: Iron Valiant|Moonblast|p2a: Blissey
|-damage|p2a: Blissey|63/100
|-unboost|p2a: Blissey|spa|1
|
|-heal|p2a: Blissey|70/100|[from] item: Leftovers
|upkeep
|turn|25
|
|t:|1781401684
|-end|p1a: Iron Valiant|Quark Drive|[silent]
|switch|p1a: Ceruledge|Ceruledge, M|100/100
|-damage|p1a: Ceruledge|76/100|[from] Stealth Rock
|-item|p1a: Ceruledge|Air Balloon
|switch|p2a: Toxapex|Toxapex, F|80/100
|-damage|p2a: Toxapex|68/100|[from] Stealth Rock
|
|upkeep
|turn|26
|
|t:|1781401689
|move|p1a: Ceruledge|Swords Dance|p1a: Ceruledge
|-boost|p1a: Ceruledge|atk|2
|move|p2a: Toxapex|Toxic|p1a: Ceruledge
|-status|p1a: Ceruledge|tox
|
|-damage|p1a: Ceruledge|70/100 tox|[from] psn
|upkeep
|turn|27
|
|t:|1781401692
|switch|p2a: Dondozo|Dondozo, M|80/100
|-damage|p2a: Dondozo|68/100|[from] Stealth Rock
|move|p1a: Ceruledge|Swords Dance|p1a: Ceruledge
|-boost|p1a: Ceruledge|atk|2
|
|-heal|p2a: Dondozo|74/100|[from] item: Leftovers
|-damage|p1a: Ceruledge|57/100 tox|[from] psn
|upkeep
|turn|28
|
|t:|1781401698
|move|p1a: Ceruledge|Poltergeist|p2a: Dondozo
|-activate|p2a: Dondozo|move: Poltergeist|Leftovers
|-damage|p2a: Dondozo|50/100
|move|p2a: Dondozo|Waterfall|p1a: Ceruledge
|-supereffective|p1a: Ceruledge
|-damage|p1a: Ceruledge|0 fnt
|-enditem|p1a: Ceruledge|Air Balloon
|faint|p1a: Ceruledge
|
|-heal|p2a: Dondozo|56/100|[from] item: Leftovers
|upkeep
|
|t:|1781401705
|switch|p1a: Iron Valiant|Iron Valiant|44/100
|-damage|p1a: Iron Valiant|38/100|[from] Stealth Rock
|turn|29
|
|t:|1781401723
|move|p1a: Iron Valiant|Calm Mind|p1a: Iron Valiant
|-boost|p1a: Iron Valiant|spa|1
|-boost|p1a: Iron Valiant|spd|1
|move|p2a: Dondozo|Waterfall|p1a: Iron Valiant
|-damage|p1a: Iron Valiant|2/100
|
|-heal|p2a: Dondozo|62/100|[from] item: Leftovers
|upkeep
|turn|30
|
|t:|1781401726
|move|p1a: Iron Valiant|Moonblast|p2a: Dondozo
|-damage|p2a: Dondozo|13/100
|move|p2a: Dondozo|Waterfall|p1a: Iron Valiant
|-damage|p1a: Iron Valiant|0 fnt
|faint|p1a: Iron Valiant
|-end|p1a: Iron Valiant|Quark Drive|[silent]
|
|-heal|p2a: Dondozo|19/100|[from] item: Leftovers
|upkeep
|
|t:|1781401732
|switch|p1a: Garchomp|Garchomp, F|100/100
|-damage|p1a: Garchomp|94/100|[from] Stealth Rock
|turn|31
|
|t:|1781401752
|move|p1a: Garchomp|Scale Shot|p2a: Dondozo
|-damage|p2a: Dondozo|13/100
|-damage|p2a: Dondozo|7/100
|-damage|p2a: Dondozo|1/100
|-damage|p2a: Dondozo|0 fnt
|faint|p2a: Dondozo
|-hitcount|p2: Dondozo|4
|-unboost|p1a: Garchomp|def|1
|-boost|p1a: Garchomp|spe|1
|
|upkeep
|
|t:|1781401760
|switch|p2a: Weezing|Weezing-Galar, M|100/100
|-ability|p2a: Weezing|Neutralizing Gas
|turn|32
|
|t:|1781401767
|switch|p1a: Greninja|Greninja, M|73/100
|-damage|p1a: Greninja|61/100|[from] Stealth Rock
|move|p2a: Weezing|Will-O-Wisp|p1a: Greninja
|-status|p1a: Greninja|brn
|
|-damage|p1a: Greninja|55/100 brn|[from] brn
|upkeep
|turn|33
|
|t:|1781401771
|switch|p1a: Garchomp|Garchomp, F|94/100
|-damage|p1a: Garchomp|88/100|[from] Stealth Rock
|-end|p2a: Weezing|ability: Neutralizing Gas
|switch|p2a: Blissey|Blissey, F|70/100
|-damage|p2a: Blissey|57/100|[from] Stealth Rock
|
|-heal|p2a: Blissey|63/100|[from] item: Leftovers
|upkeep
|turn|34
|
|t:|1781401776
|switch|p2a: Gliscor|Gliscor, M, tera:Dark|100/100 tox
|-damage|p2a: Gliscor|88/100 tox|[from] Stealth Rock
|move|p1a: Garchomp|Swords Dance|p1a: Garchomp
|-boost|p1a: Garchomp|atk|2
|
|-heal|p2a: Gliscor|100/100 tox|[from] ability: Poison Heal
|upkeep
|turn|35
|
|t:|1781401782
|move|p1a: Garchomp|Scale Shot|p2a: Gliscor
|-damage|p2a: Gliscor|76/100 tox
|-damage|p2a: Gliscor|54/100 tox
|-damage|p2a: Gliscor|33/100 tox
|-damage|p2a: Gliscor|10/100 tox
|-damage|p2a: Gliscor|0 fnt
|faint|p2a: Gliscor
|-hitcount|p2: Gliscor|5
|-unboost|p1a: Garchomp|def|1
|-boost|p1a: Garchomp|spe|1
|
|upkeep
|-message|cumtd forfeited.
|
|win|rockeater9000
|raw|rockeater9000's rating: 1600 &rarr; <strong>1621</strong><br />(+21 for winning)
|raw|cumtd's rating: 1610 &rarr; <strong>1589</strong><br />(-21 for losing)
|l|☆cumtd
|player|p2|
|l|☆rockeater9000
|player|p1|
