|j|☆ykykp
|j|☆Billygunter
|t:|1780988668
|gametype|singles
|player|p1|ykykp|266|1778
|player|p2|Billygunter|102|1811
|gen|9
|tier|[Gen 9] OU
|rated|
|rule|HP Percentage Mod: HP is shown in percentages
|rule|Endless Battle Clause: Forcing endless battles is banned
|rule|Species Clause: Limit one of each Pokémon
|rule|OHKO Clause: OHKO moves are banned
|rule|Evasion Items Clause: Evasion items are banned
|rule|Evasion Moves Clause: Evasion moves are banned
|rule|Evasion Abilities Clause: Evasion abilities are banned
|rule|Sleep Moves Clause: Sleep-inducing moves are banned
|clearpoke
|poke|p1|Iron Valiant|
|poke|p1|Pecharunt|
|poke|p1|Alomomola, F|
|poke|p1|Cinderace, F|
|poke|p1|Zamazenta-*|
|poke|p1|Latias, F|
|poke|p2|Ceruledge, F|
|poke|p2|Raging Bolt|
|poke|p2|Hatterene, F|
|poke|p2|Cobalion|
|poke|p2|Ogerpon-Wellspring, F|
|poke|p2|Landorus-Therian, M|
|teampreview
|inactive|Battle timer is ON: inactive players will automatically lose when time's up. (requested by ykykp)
|
|t:|1780988686
|teamsize|p1|6
|teamsize|p2|6
|start
|switch|p1a: Cinderace|Cinderace, F|100/100
|switch|p2a: Landorus|Landorus-Therian, M|100/100
|-ability|p2a: Landorus|Intimidate|boost
|-unboost|p1a: Cinderace|atk|1
|turn|1
|
|t:|1780988697
|move|p2a: Landorus|U-turn|p1a: Cinderace
|-resisted|p1a: Cinderace
|-damage|p1a: Cinderace|82/100
|
|t:|1780988708
|switch|p2a: Hatterene|Hatterene, F|100/100|[from] U-turn
|move|p1a: Cinderace|U-turn|p2a: Hatterene
|-start|p1a: Cinderace|typechange|Bug|[from] ability: Libero
|-damage|p2a: Hatterene|82/100
|-damage|p1a: Cinderace|65/100|[from] item: Rocky Helmet|[of] p2a: Hatterene
|
|t:|1780988726
|switch|p1a: Pecharunt|Pecharunt|100/100|[from] U-turn
|
|upkeep
|turn|2
|
|t:|1780988730
|switch|p2a: Cobalion|Cobalion|100/100
|move|p1a: Pecharunt|Shadow Ball|p2a: Cobalion
|-damage|p2a: Cobalion|69/100
|
|upkeep
|turn|3
|
|t:|1780988741
|move|p2a: Cobalion|Volt Switch|p1a: Pecharunt
|-damage|p1a: Pecharunt|85/100
|
|t:|1780988744
|switch|p2a: Raging Bolt|Raging Bolt|100/100|[from] Volt Switch
|move|p1a: Pecharunt|Shadow Ball|p2a: Raging Bolt
|-damage|p2a: Raging Bolt|76/100
|
|upkeep
|turn|4
|
|t:|1780988755
|move|p2a: Raging Bolt|Draco Meteor|p1a: Pecharunt
|-damage|p1a: Pecharunt|0 fnt
|-unboost|p2a: Raging Bolt|spa|2
|faint|p1a: Pecharunt
|
|upkeep
|
|t:|1780988762
|switch|p1a: Latias|Latias, F|100/100
|turn|5
|
|t:|1780988775
|-end|p2a: Raging Bolt|Protosynthesis|[silent]
|switch|p2a: Ceruledge|Ceruledge, F|100/100
|move|p1a: Latias|Calm Mind|p1a: Latias
|-boost|p1a: Latias|spa|1
|-boost|p1a: Latias|spd|1
|
|upkeep
|turn|6
|
|t:|1780988788
|-terastallize|p1a: Latias|Poison
|move|p1a: Latias|Calm Mind|p1a: Latias
|-boost|p1a: Latias|spa|1
|-boost|p1a: Latias|spd|1
|move|p2a: Ceruledge|Swords Dance|p2a: Ceruledge
|-boost|p2a: Ceruledge|atk|2
|
|upkeep
|turn|7
|
|t:|1780988798
|-terastallize|p2a: Ceruledge|Ghost
|move|p1a: Latias|Aura Sphere|p2a: Ceruledge
|-immune|p2a: Ceruledge
|move|p2a: Ceruledge|Poltergeist|p1a: Latias
|-activate|p1a: Latias|move: Poltergeist|Kee Berry
|-damage|p1a: Latias|0 fnt
|faint|p1a: Latias
|-damage|p2a: Ceruledge|91/100|[from] item: Life Orb
|
|upkeep
|-message|ykykp forfeited.
|
|win|Billygunter
|raw|ykykp's rating: 1778 &rarr; <strong>1760</strong><br />(-18 for losing)
|raw|Billygunter's rating: 1811 &rarr; <strong>1829</strong><br />(+18 for winning)
|l|☆ykykp
|player|p1|
|l|☆Billygunter
|player|p2|
