|j|☆zippitytippity
|j|☆power of sound
|t:|1781072206
|gametype|singles
|player|p1|zippitytippity|cynthia-masters4|1605
|player|p2|power of sound|2|1719
|gen|9
|tier|[Gen 9] OU
|rated|
|rule|HP Percentage Mod: HP is shown in percentages
|rule|Endless Battle Clause: Forcing endless battles is banned
|rule|Species Clause: Limit one of each Pokémon
|rule|OHKO Clause: OHKO moves are banned
|rule|Evasion Items Clause: Evasion items are banned
|rule|Evasion Moves Clause: Evasion moves are banned
|rule|Evasion Abilities Clause: Evasion abilities are banned
|rule|Sleep Moves Clause: Sleep-inducing moves are banned
|clearpoke
|poke|p1|Ursaluna, M|
|poke|p1|Cresselia, F|
|poke|p1|Iron Valiant|
|poke|p1|Hatterene, F|
|poke|p1|Keldeo-Resolute|
|poke|p1|Ogerpon, F|
|poke|p2|Gliscor, M|
|poke|p2|Blissey, F|
|poke|p2|Clodsire, M|
|poke|p2|Clefable, F|
|poke|p2|Pecharunt|
|poke|p2|Skarmory, F|
|teampreview
|inactive|Battle timer is ON: inactive players will automatically lose when time's up. (requested by zippitytippity)
|
|t:|1781072246
|teamsize|p1|6
|teamsize|p2|6
|start
|switch|p1a: Keldeo|Keldeo-Resolute|100/100
|switch|p2a: Gliscor|Gliscor, M|100/100
|turn|1
|
|t:|1781072256
|move|p2a: Gliscor|Protect|p2a: Gliscor
|-singleturn|p2a: Gliscor|Protect
|move|p1a: Keldeo|Surf|p2a: Gliscor
|-activate|p2a: Gliscor|move: Protect
|
|-status|p2a: Gliscor|tox|[from] item: Toxic Orb
|upkeep
|turn|2
|
|t:|1781072262
|switch|p2a: Blissey|Blissey, F|100/100
|move|p1a: Keldeo|Surf|p2a: Blissey
|-damage|p2a: Blissey|79/100
|
|upkeep
|turn|3
|
|t:|1781072265
|switch|p1a: Hatterene|Hatterene, F, shiny|100/100
|move|p2a: Blissey|Seismic Toss|p1a: Hatterene
|-damage|p1a: Hatterene|69/100
|
|upkeep
|turn|4
|
|t:|1781072270
|switch|p1a: Ursaluna|Ursaluna, M, shiny|100/100
|move|p2a: Blissey|Seismic Toss|p1a: Ursaluna
|-damage|p1a: Ursaluna|79/100
|
|-status|p1a: Ursaluna|brn|[from] item: Flame Orb
|upkeep
|turn|5
|
|t:|1781072274
|switch|p2a: Skarmory|Skarmory, F|100/100
|switch|p1a: Hatterene|Hatterene, F, shiny|69/100
|
|upkeep
|turn|6
|
|t:|1781072278
|switch|p2a: Blissey|Blissey, F|79/100
|move|p1a: Hatterene|Psychic Noise|p2a: Blissey
|-damage|p2a: Blissey|65/100
|-start|p2a: Blissey|move: Heal Block
|
|upkeep
|turn|7
|
|t:|1781072281
|switch|p1a: Ogerpon|Ogerpon, F|100/100
|move|p2a: Blissey|Seismic Toss|p1a: Ogerpon
|-damage|p1a: Ogerpon|67/100
|
|-end|p2a: Blissey|move: Heal Block
|upkeep
|turn|8
|
|t:|1781072284
|switch|p2a: Skarmory|Skarmory, F|100/100
|move|p1a: Ogerpon|Knock Off|p2a: Skarmory
|-damage|p2a: Skarmory|74/100
|-damage|p1a: Ogerpon|51/100|[from] item: Rocky Helmet|[of] p2a: Skarmory
|-enditem|p2a: Skarmory|Rocky Helmet|[from] move: Knock Off|[of] p1a: Ogerpon
|
|upkeep
|turn|9
|
|t:|1781072287
|switch|p1a: Hatterene|Hatterene, F, shiny|69/100
|move|p2a: Skarmory|Roost|p2a: Skarmory
|-heal|p2a: Skarmory|100/100
|-singleturn|p2a: Skarmory|move: Roost
|
|upkeep
|turn|10
|
|t:|1781072289
|switch|p2a: Blissey|Blissey, F|65/100
|move|p1a: Hatterene|Trick Room|p1a: Hatterene
|-fieldstart|move: Trick Room|[of] p1a: Hatterene
|
|upkeep
|turn|11
|j| liechiteladihul
|
|t:|1781072293
|move|p1a: Hatterene|Psychic Noise|p2a: Blissey
|-damage|p2a: Blissey|52/100
|-start|p2a: Blissey|move: Heal Block
|move|p2a: Blissey|Seismic Toss|p1a: Hatterene
|-damage|p1a: Hatterene|37/100
|
|upkeep
|turn|12
|
|t:|1781072295
|switch|p1a: Ursaluna|Ursaluna, M, shiny|79/100 brn
|move|p2a: Blissey|Seismic Toss|p1a: Ursaluna
|-damage|p1a: Ursaluna|57/100 brn
|
|-damage|p1a: Ursaluna|51/100 brn|[from] brn
|-end|p2a: Blissey|move: Heal Block
|upkeep
|turn|13
|
|t:|1781072306
|switch|p2a: Pecharunt|Pecharunt|100/100
|move|p1a: Ursaluna|Fire Punch|p2a: Pecharunt
|-damage|p2a: Pecharunt|77/100
|
|-damage|p1a: Ursaluna|45/100 brn|[from] brn
|upkeep
|turn|14
|
|t:|1781072313
|switch|p2a: Skarmory|Skarmory, F|100/100
|move|p1a: Ursaluna|Headlong Rush|p2a: Skarmory
|-immune|p2a: Skarmory
|
|-damage|p1a: Ursaluna|39/100 brn|[from] brn
|-fieldend|move: Trick Room
|upkeep
|turn|15
|
|t:|1781072316
|switch|p1a: Keldeo|Keldeo-Resolute|100/100
|move|p2a: Skarmory|Brave Bird|p1a: Keldeo
|-supereffective|p1a: Keldeo
|-damage|p1a: Keldeo|31/100
|-damage|p2a: Skarmory|78/100|[from] Recoil
|
|upkeep
|turn|16
|
|t:|1781072322
|switch|p2a: Blissey|Blissey, F|52/100
|move|p1a: Keldeo|Secret Sword|p2a: Blissey
|-supereffective|p2a: Blissey
|-damage|p2a: Blissey|0 fnt
|faint|p2a: Blissey
|
|upkeep
|
|t:|1781072329
|switch|p2a: Gliscor|Gliscor, M|100/100 tox
|turn|17
|
|t:|1781072350
|switch|p1a: Cresselia|Cresselia, F, shiny|100/100
|move|p2a: Gliscor|Facade|p1a: Cresselia
|-damage|p1a: Cresselia|82/100
|-damage|p2a: Gliscor|84/100 tox|[from] item: Rocky Helmet|[of] p1a: Cresselia
|
|-heal|p2a: Gliscor|97/100 tox|[from] ability: Poison Heal
|upkeep
|turn|18
|
|t:|1781072353
|switch|p1a: Hatterene|Hatterene, F, shiny|37/100
|move|p2a: Gliscor|Swords Dance|p2a: Gliscor
|-boost|p2a: Gliscor|atk|2
|
|-heal|p2a: Gliscor|100/100 tox|[from] ability: Poison Heal
|upkeep
|turn|19
|
|t:|1781072358
|switch|p1a: Cresselia|Cresselia, F, shiny|82/100
|move|p2a: Gliscor|Facade|p1a: Cresselia
|-damage|p1a: Cresselia|46/100
|-damage|p2a: Gliscor|84/100 tox|[from] item: Rocky Helmet|[of] p1a: Cresselia
|
|-heal|p2a: Gliscor|97/100 tox|[from] ability: Poison Heal
|upkeep
|turn|20
|
|t:|1781072362
|move|p2a: Gliscor|Knock Off|p1a: Cresselia
|-supereffective|p1a: Cresselia
|-damage|p1a: Cresselia|0 fnt
|-damage|p2a: Gliscor|80/100 tox|[from] item: Rocky Helmet|[of] p1a: Cresselia
|-enditem|p1a: Cresselia|Rocky Helmet|[from] move: Knock Off|[of] p2a: Gliscor
|faint|p1a: Cresselia
|
|-heal|p2a: Gliscor|93/100 tox|[from] ability: Poison Heal
|upkeep
|
|t:|1781072365
|switch|p1a: Keldeo|Keldeo-Resolute|31/100
|turn|21
|
|t:|1781072368
|move|p2a: Gliscor|Protect|p2a: Gliscor
|-singleturn|p2a: Gliscor|Protect
|move|p1a: Keldeo|Surf|p2a: Gliscor
|-activate|p2a: Gliscor|move: Protect
|
|-heal|p2a: Gliscor|100/100 tox|[from] ability: Poison Heal
|upkeep
|turn|22
|
|t:|1781072370
|switch|p1a: Ogerpon|Ogerpon, F|51/100
|-terastallize|p2a: Gliscor|Normal
|move|p2a: Gliscor|Facade|p1a: Ogerpon
|-damage|p1a: Ogerpon|0 fnt
|faint|p1a: Ogerpon
|
|upkeep
|
|t:|1781072372
|switch|p1a: Keldeo|Keldeo-Resolute|31/100
|turn|23
|
|t:|1781072375
|move|p2a: Gliscor|Protect|p2a: Gliscor
|-singleturn|p2a: Gliscor|Protect
|move|p1a: Keldeo|Surf|p2a: Gliscor
|-activate|p2a: Gliscor|move: Protect
|
|upkeep
|turn|24
|
|t:|1781072378
|move|p1a: Keldeo|Surf|p2a: Gliscor
|-damage|p2a: Gliscor|36/100 tox
|move|p2a: Gliscor|Facade|p1a: Keldeo
|-damage|p1a: Keldeo|0 fnt
|faint|p1a: Keldeo
|
|-heal|p2a: Gliscor|49/100 tox|[from] ability: Poison Heal
|upkeep
|
|t:|1781072382
|switch|p1a: Iron Valiant|Iron Valiant|100/100
|-enditem|p1a: Iron Valiant|Booster Energy
|-activate|p1a: Iron Valiant|ability: Quark Drive|[fromitem]
|-start|p1a: Iron Valiant|quarkdrivespe
|turn|25
|
|t:|1781072388
|switch|p2a: Clodsire|Clodsire, M|100/100
|move|p1a: Iron Valiant|Moonblast|p2a: Clodsire
|-resisted|p2a: Clodsire
|-damage|p2a: Clodsire|88/100
|
|upkeep
|turn|26
|
|t:|1781072392
|-end|p1a: Iron Valiant|Quark Drive|[silent]
|switch|p1a: Hatterene|Hatterene, F, shiny|37/100
|move|p2a: Clodsire|Toxic|p1a: Hatterene
|move|p1a: Hatterene|Toxic|p2a: Clodsire|[from] ability: Magic Bounce
|-immune|p2a: Clodsire
|
|upkeep
|turn|27
|
|t:|1781072397
|switch|p2a: Gliscor|Gliscor, M, tera:Normal|49/100 tox
|move|p1a: Hatterene|Trick Room|p1a: Hatterene
|-fieldstart|move: Trick Room|[of] p1a: Hatterene
|
|-heal|p2a: Gliscor|61/100 tox|[from] ability: Poison Heal
|upkeep
|turn|28
|
|t:|1781072402
|move|p1a: Hatterene|Psychic Noise|p2a: Gliscor
|-damage|p2a: Gliscor|22/100 tox
|-start|p2a: Gliscor|move: Heal Block
|move|p2a: Gliscor|Facade|p1a: Hatterene
|-damage|p1a: Hatterene|0 fnt
|faint|p1a: Hatterene
|
|upkeep
|
|t:|1781072404
|switch|p1a: Ursaluna|Ursaluna, M, shiny|39/100 brn
|turn|29
|
|t:|1781072407
|move|p2a: Gliscor|Protect|p2a: Gliscor
|-singleturn|p2a: Gliscor|Protect
|move|p1a: Ursaluna|Facade|p2a: Gliscor
|-activate|p2a: Gliscor|move: Protect
|
|-damage|p1a: Ursaluna|33/100 brn|[from] brn
|-end|p2a: Gliscor|move: Heal Block
|upkeep
|turn|30
|
|t:|1781072414
|switch|p2a: Clefable|Clefable, F|100/100
|move|p1a: Ursaluna|Facade|p2a: Clefable
|-damage|p2a: Clefable|0 fnt
|-damage|p1a: Ursaluna|16/100 brn|[from] item: Rocky Helmet|[of] p2a: Clefable
|faint|p2a: Clefable
|
|-damage|p1a: Ursaluna|10/100 brn|[from] brn
|upkeep
|
|t:|1781072419
|switch|p2a: Clodsire|Clodsire, M|88/100
|turn|31
|
|t:|1781072423
|move|p2a: Clodsire|Earthquake|p1a: Ursaluna
|-damage|p1a: Ursaluna|0 fnt
|faint|p1a: Ursaluna
|
|-fieldend|move: Trick Room
|upkeep
|
|t:|1781072425
|switch|p1a: Iron Valiant|Iron Valiant|100/100
|turn|32
|-message|zippitytippity forfeited.
|
|win|power of sound
|raw|zippitytippity's rating: 1587 &rarr; <strong>1574</strong><br />(-13 for losing)
|raw|power of sound's rating: 1719 &rarr; <strong>1732</strong><br />(+13 for winning)
|l|☆zippitytippity
|player|p1|
|l| liechiteladihul
|l|☆power of sound
|player|p2|
