|j|☆Gunkip
|j|☆suprya
|t:|1781418388
|gametype|singles
|player|p1|Gunkip|zinnia|1598
|player|p2|suprya|clown|1773
|gen|9
|tier|[Gen 9] OU
|rated|
|rule|HP Percentage Mod: HP is shown in percentages
|rule|Endless Battle Clause: Forcing endless battles is banned
|rule|Species Clause: Limit one of each Pokémon
|rule|OHKO Clause: OHKO moves are banned
|rule|Evasion Items Clause: Evasion items are banned
|rule|Evasion Moves Clause: Evasion moves are banned
|rule|Evasion Abilities Clause: Evasion abilities are banned
|rule|Sleep Moves Clause: Sleep-inducing moves are banned
|clearpoke
|poke|p1|Samurott-Hisui, M|
|poke|p1|Dragonite, M|
|poke|p1|Kingambit, M|
|poke|p1|Iron Moth|
|poke|p1|Iron Valiant|
|poke|p1|Moltres-Galar|
|poke|p2|Pelipper, F|
|poke|p2|Hydrapple, M|
|poke|p2|Iron Treads|
|poke|p2|Mienshao, M|
|poke|p2|Slowking-Galar, F|
|poke|p2|Greninja-*, M|
|teampreview
|inactive|Battle timer is ON: inactive players will automatically lose when time's up. (requested by suprya)
|
|t:|1781418393
|teamsize|p1|6
|teamsize|p2|6
|start
|switch|p1a: 90% accurate|Samurott-Hisui, M|100/100
|switch|p2a: Mienshao|Mienshao, M|100/100
|turn|1
|
|t:|1781418398
|move|p2a: Mienshao|U-turn|p1a: 90% accurate
|-supereffective|p1a: 90% accurate
|-damage|p1a: 90% accurate|34/100
|
|t:|1781418401
|switch|p2a: Hydrapple|Hydrapple, M|100/100|[from] U-turn
|move|p1a: 90% accurate|Ceaseless Edge|p2a: Hydrapple
|-crit|p2a: Hydrapple
|-damage|p2a: Hydrapple|59/100
|-sidestart|p2: suprya|Spikes
|
|upkeep
|turn|2
|
|t:|1781418412
|move|p1a: 90% accurate|Ceaseless Edge|p2a: Hydrapple
|-damage|p2a: Hydrapple|30/100
|-sidestart|p2: suprya|Spikes
|move|p2a: Hydrapple|Fickle Beam|p1a: 90% accurate|[anim] Fickle Beam All Out
|-activate|p2a: Hydrapple|move: Fickle Beam
|-damage|p1a: 90% accurate|0 fnt
|faint|p1a: 90% accurate
|
|upkeep
|
|t:|1781418425
|switch|p1a: definitely|Iron Moth|100/100
|-enditem|p1a: definitely|Booster Energy
|-activate|p1a: definitely|ability: Quark Drive|[fromitem]
|-start|p1a: definitely|quarkdrivespe
|turn|3
|
|t:|1781418429
|switch|p2a: Slowking|Slowking-Galar, F|100/100
|-damage|p2a: Slowking|84/100|[from] Spikes
|move|p1a: definitely|Fiery Dance|p2a: Slowking
|-damage|p2a: Slowking|63/100
|-boost|p1a: definitely|spa|1
|
|upkeep
|turn|4
|
|t:|1781418436
|move|p1a: definitely|Psychic|p2a: Slowking
|-damage|p2a: Slowking|43/100
|move|p2a: Slowking|Psyshock|p1a: definitely
|-supereffective|p1a: definitely
|-damage|p1a: definitely|0 fnt
|faint|p1a: definitely
|-end|p1a: definitely|Quark Drive|[silent]
|
|upkeep
|
|t:|1781418444
|switch|p1a: bird is the word|Moltres-Galar|100/100
|turn|5
|
|t:|1781418460
|move|p1a: bird is the word|Nasty Plot|p1a: bird is the word
|-boost|p1a: bird is the word|spa|2
|move|p2a: Slowking|Sludge Bomb|p1a: bird is the word
|-damage|p1a: bird is the word|61/100
|
|upkeep
|turn|6
|
|t:|1781418473
|move|p1a: bird is the word|Agility|p1a: bird is the word
|-boost|p1a: bird is the word|spe|2
|move|p2a: Slowking|Sludge Bomb|p1a: bird is the word
|-damage|p1a: bird is the word|24/100
|-ability|p1a: bird is the word|Berserk|boost
|-boost|p1a: bird is the word|spa|1
|-enditem|p1a: bird is the word|Sitrus Berry|[eat]
|-heal|p1a: bird is the word|48/100|[from] item: Sitrus Berry
|
|upkeep
|turn|7
|inactive|suprya has 120 seconds left.
|
|t:|1781418509
|move|p1a: bird is the word|Fiery Wrath|p2a: Slowking
|-supereffective|p2a: Slowking
|-damage|p2a: Slowking|0 fnt
|faint|p2a: Slowking
|
|upkeep
|
|t:|1781418519
|switch|p2a: Greninja|Greninja, M|100/100
|-damage|p2a: Greninja|84/100|[from] Spikes
|turn|8
|inactive|Gunkip has 120 seconds left.
|
|t:|1781418563
|-terastallize|p2a: Greninja|Water
|move|p2a: Greninja|Water Shuriken|p1a: bird is the word
|-damage|p1a: bird is the word|35/100
|-damage|p1a: bird is the word|23/100
|-hitcount|p1a: bird is the word|2
|move|p1a: bird is the word|Hurricane|p2a: Greninja
|-damage|p2a: Greninja|0 fnt
|faint|p2a: Greninja
|
|upkeep
|inactive|suprya has 120 seconds left.
|
|t:|1781418574
|switch|p2a: Mienshao|Mienshao, M|100/100
|-damage|p2a: Mienshao|84/100|[from] Spikes
|turn|9
|inactive|Gunkip has 120 seconds left.
|
|t:|1781418579
|-terastallize|p1a: bird is the word|Ghost
|move|p1a: bird is the word|Fiery Wrath|p2a: Mienshao
|-resisted|p2a: Mienshao
|-damage|p2a: Mienshao|0 fnt
|faint|p2a: Mienshao
|
|upkeep
|-message|suprya forfeited.
|
|win|Gunkip
|raw|Gunkip's rating: 1598 &rarr; <strong>1627</strong><br />(+29 for winning)
|raw|suprya's rating: 1773 &rarr; <strong>1744</strong><br />(-29 for losing)
|l|☆suprya
|player|p2|
|l|☆Gunkip
|player|p1|
