|j|☆tauros3
|j|☆FazHaz
|t:|1780930966
|gametype|singles
|player|p1|tauros3|swimmer-gen4dp|1531
|player|p2|FazHaz|caitlin|1626
|gen|9
|tier|[Gen 9] OU
|rated|
|rule|HP Percentage Mod: HP is shown in percentages
|rule|Endless Battle Clause: Forcing endless battles is banned
|rule|Species Clause: Limit one of each Pokémon
|rule|OHKO Clause: OHKO moves are banned
|rule|Evasion Items Clause: Evasion items are banned
|rule|Evasion Moves Clause: Evasion moves are banned
|rule|Evasion Abilities Clause: Evasion abilities are banned
|rule|Sleep Moves Clause: Sleep-inducing moves are banned
|clearpoke
|poke|p1|Ninetales-Alola, F|
|poke|p1|Cloyster, F|
|poke|p1|Ursaluna, F|
|poke|p1|Hatterene, F|
|poke|p1|Moltres-Galar|
|poke|p1|Cinderace, M|
|poke|p2|Kyurem|
|poke|p2|Slowking-Galar, F|
|poke|p2|Raging Bolt|
|poke|p2|Tornadus-Therian, M|
|poke|p2|Iron Treads|
|poke|p2|Cinderace, M|
|teampreview
|inactive|Battle timer is ON: inactive players will automatically lose when time's up. (requested by tauros3)
|inactive|FazHaz has 120 seconds left.
|
|t:|1780931004
|teamsize|p1|6
|teamsize|p2|6
|start
|switch|p1a: Pink Triangle|Hatterene, F|100/100
|switch|p2a: Iron Treads|Iron Treads|100/100
|turn|1
|
|t:|1780931010
|move|p2a: Iron Treads|Knock Off|p1a: Pink Triangle
|-damage|p1a: Pink Triangle|69/100
|-enditem|p1a: Pink Triangle|Focus Sash|[from] move: Knock Off|[of] p2a: Iron Treads
|move|p1a: Pink Triangle|Trick Room|p1a: Pink Triangle
|-fieldstart|move: Trick Room|[of] p1a: Pink Triangle
|
|upkeep
|turn|2
|
|t:|1780931023
|move|p1a: Pink Triangle|Psychic Noise|p2a: Iron Treads
|-resisted|p2a: Iron Treads
|-damage|p2a: Iron Treads|83/100
|-start|p2a: Iron Treads|move: Heal Block
|move|p2a: Iron Treads|Volt Switch|p1a: Pink Triangle
|-damage|p1a: Pink Triangle|57/100
|
|t:|1780931037
|-end|p2a: Iron Treads|Quark Drive|[silent]
|switch|p2a: Slowking|Slowking-Galar, F|100/100|[from] Volt Switch
|
|upkeep
|turn|3
|
|t:|1780931047
|switch|p1a: El Scorcho|Ursaluna, F|100/100
|-prepare|p2a: Slowking|Chilly Reception|[premajor]
|move|p2a: Slowking|Chilly Reception|p2a: Slowking
|-weather|Snowscape
|inactive|FazHaz has 120 seconds left.
|
|t:|1780931087
|switch|p2a: Kyurem|Kyurem|100/100|[from] Chilly Reception
|-ability|p2a: Kyurem|Pressure
|
|-weather|Snowscape|[upkeep]
|-status|p1a: El Scorcho|brn|[from] item: Flame Orb
|upkeep
|turn|4
|
|t:|1780931102
|-terastallize|p1a: El Scorcho|Normal
|move|p1a: El Scorcho|Facade|p2a: Kyurem
|-damage|p2a: Kyurem|0 fnt
|faint|p2a: Kyurem
|
|-weather|Snowscape|[upkeep]
|-damage|p1a: El Scorcho|94/100 brn|[from] brn
|upkeep
|inactive|FazHaz has 90 seconds left.
|j| NEdgyman
|
|t:|1780931126
|switch|p2a: Cinderace|Cinderace, M|100/100
|turn|5
|inactive|FazHaz has 90 seconds left.
|
|t:|1780931137
|switch|p2a: Iron Treads|Iron Treads|83/100
|move|p1a: El Scorcho|Facade|p2a: Iron Treads
|-resisted|p2a: Iron Treads
|-damage|p2a: Iron Treads|17/100
|
|-weather|Snowscape|[upkeep]
|-damage|p1a: El Scorcho|88/100 brn|[from] brn
|-fieldend|move: Trick Room
|upkeep
|turn|6
|
|t:|1780931146
|switch|p1a: Pink Triangle|Hatterene, F|57/100
|move|p2a: Iron Treads|Earthquake|p1a: Pink Triangle
|-damage|p1a: Pink Triangle|9/100
|
|-weather|Snowscape|[upkeep]
|upkeep
|turn|7
|
|t:|1780931154
|move|p2a: Iron Treads|Volt Switch|p1a: Pink Triangle
|-damage|p1a: Pink Triangle|0 fnt
|faint|p1a: Pink Triangle
|
|t:|1780931164
|-end|p2a: Iron Treads|Quark Drive|[silent]
|switch|p2a: Tornadus|Tornadus-Therian, M|100/100|[from] Volt Switch
|
|-weather|Snowscape|[upkeep]
|upkeep
|
|t:|1780931168
|switch|p1a: El Scorcho|Ursaluna, F, tera:Normal|88/100 brn
|turn|8
|
|t:|1780931176
|move|p2a: Tornadus|Focus Blast|p1a: El Scorcho
|-supereffective|p1a: El Scorcho
|-damage|p1a: El Scorcho|0 fnt
|faint|p1a: El Scorcho
|-damage|p2a: Tornadus|91/100|[from] item: Life Orb
|
|-weather|Snowscape|[upkeep]
|upkeep
|
|t:|1780931205
|switch|p1a: Long Time Sunshine|Cinderace, M|100/100
|turn|9
|inactive|FazHaz has 120 seconds left.
|
|t:|1780931231
|switch|p2a: Iron Treads|Iron Treads|17/100
|move|p1a: Long Time Sunshine|Swords Dance|p1a: Long Time Sunshine
|-start|p1a: Long Time Sunshine|typechange|Normal|[from] ability: Libero
|-boost|p1a: Long Time Sunshine|atk|2
|
|-weather|Snowscape|[upkeep]
|upkeep
|turn|10
|
|t:|1780931240
|move|p1a: Long Time Sunshine|Quick Attack|p2a: Iron Treads
|-resisted|p2a: Iron Treads
|-damage|p2a: Iron Treads|0 fnt
|faint|p2a: Iron Treads
|-end|p2a: Iron Treads|Quark Drive|[silent]
|
|-weather|none
|upkeep
|
|t:|1780931249
|switch|p2a: Cinderace|Cinderace, M|100/100
|turn|11
|
|t:|1780931253
|move|p2a: Cinderace|Pyro Ball|p1a: Long Time Sunshine
|-damage|p1a: Long Time Sunshine|12/100
|move|p1a: Long Time Sunshine|Double-Edge|p2a: Cinderace
|-damage|p2a: Cinderace|0 fnt
|faint|p2a: Cinderace
|-damage|p1a: Long Time Sunshine|0 fnt|[from] Recoil
|faint|p1a: Long Time Sunshine
|
|upkeep
|
|t:|1780931266
|switch|p2a: Tornadus|Tornadus-Therian, M|100/100
|switch|p1a: The Good Life|Ninetales-Alola, F|100/100
|-weather|Snowscape|[from] ability: Snow Warning|[of] p1a: The Good Life
|turn|12
|inactive|tauros3 has 120 seconds left.
|
|t:|1780931322
|move|p2a: Tornadus|Heat Wave|p1a: The Good Life
|-supereffective|p1a: The Good Life
|-damage|p1a: The Good Life|32/100
|-damage|p2a: Tornadus|91/100|[from] item: Life Orb
|move|p1a: The Good Life|Aurora Veil|p1a: The Good Life
|-sidestart|p1: tauros3|move: Aurora Veil
|
|-weather|Snowscape|[upkeep]
|upkeep
|turn|13
|inactive|FazHaz has 120 seconds left.
|inactive|tauros3 has 90 seconds left.
|inactive|tauros3 has 60 seconds left.
|
|t:|1780931395
|move|p2a: Tornadus|Heat Wave|p1a: The Good Life
|-supereffective|p1a: The Good Life
|-damage|p1a: The Good Life|0 fnt
|faint|p1a: The Good Life
|-damage|p2a: Tornadus|81/100|[from] item: Life Orb
|
|-weather|Snowscape|[upkeep]
|upkeep
|
|t:|1780931404
|switch|p1a: Butterfly|Moltres-Galar|100/100
|turn|14
|inactive|FazHaz has 120 seconds left.
|
|t:|1780931420
|move|p2a: Tornadus|Weather Ball|p1a: Butterfly
|-supereffective|p1a: Butterfly
|-damage|p1a: Butterfly|63/100
|-damage|p2a: Tornadus|71/100|[from] item: Life Orb
|move|p1a: Butterfly|Agility|p1a: Butterfly
|-boost|p1a: Butterfly|spe|2
|
|-weather|Snowscape|[upkeep]
|upkeep
|turn|15
|inactive|FazHaz has 120 seconds left.
|
|t:|1780931430
|move|p1a: Butterfly|Nasty Plot|p1a: Butterfly
|-boost|p1a: Butterfly|spa|2
|move|p2a: Tornadus|Weather Ball|p1a: Butterfly
|-supereffective|p1a: Butterfly
|-damage|p1a: Butterfly|30/100
|-ability|p1a: Butterfly|Berserk|boost
|-boost|p1a: Butterfly|spa|1
|-damage|p2a: Tornadus|62/100|[from] item: Life Orb
|-enditem|p1a: Butterfly|Sitrus Berry|[eat]
|-heal|p1a: Butterfly|55/100|[from] item: Sitrus Berry
|
|-weather|Snowscape|[upkeep]
|upkeep
|turn|16
|inactive|FazHaz has 120 seconds left.
|
|t:|1780931462
|move|p1a: Butterfly|Fiery Wrath|p2a: Tornadus
|-damage|p2a: Tornadus|0 fnt
|faint|p2a: Tornadus
|
|-weather|none
|upkeep
|inactive|FazHaz has 90 seconds left.
|
|t:|1780931489
|switch|p2a: Raging Bolt|Raging Bolt|100/100
|-enditem|p2a: Raging Bolt|Booster Energy
|-activate|p2a: Raging Bolt|ability: Protosynthesis|[fromitem]
|-start|p2a: Raging Bolt|protosynthesisspa
|turn|17
|
|t:|1780931508
|-terastallize|p2a: Raging Bolt|Fairy
|move|p1a: Butterfly|Fiery Wrath|p2a: Raging Bolt
|-resisted|p2a: Raging Bolt
|-damage|p2a: Raging Bolt|55/100
|move|p2a: Raging Bolt|Thunderbolt|p1a: Butterfly
|-supereffective|p1a: Butterfly
|-damage|p1a: Butterfly|0 fnt
|faint|p1a: Butterfly
|
|upkeep
|
|t:|1780931521
|switch|p1a: Getchoo|Cloyster, F|100/100
|turn|18
|
|t:|1780931527
|move|p1a: Getchoo|Icicle Spear|p2a: Raging Bolt
|-damage|p2a: Raging Bolt|44/100
|-damage|p2a: Raging Bolt|31/100
|-damage|p2a: Raging Bolt|20/100
|-damage|p2a: Raging Bolt|8/100
|-damage|p2a: Raging Bolt|0 fnt
|faint|p2a: Raging Bolt
|-end|p2a: Raging Bolt|Protosynthesis|[silent]
|-hitcount|p2: Raging Bolt|5
|
|upkeep
|
|t:|1780931539
|switch|p2a: Slowking|Slowking-Galar, F|100/100
|turn|19
|
|t:|1780931543
|move|p1a: Getchoo|Icicle Spear|p2a: Slowking
|-damage|p2a: Slowking|87/100
|-damage|p2a: Slowking|74/100
|-damage|p2a: Slowking|59/100
|-damage|p2a: Slowking|45/100
|-damage|p2a: Slowking|32/100
|-hitcount|p2a: Slowking|5
|move|p2a: Slowking|Sludge Bomb|p1a: Getchoo
|-damage|p1a: Getchoo|56/100
|
|-sideend|p1: tauros3|move: Aurora Veil
|upkeep
|turn|20
|inactive|FazHaz has 90 seconds left.
|l| NEdgyman
|j| NEdgyman
|
|t:|1780931562
|move|p1a: Getchoo|Icicle Spear|p2a: Slowking
|-damage|p2a: Slowking|18/100
|-damage|p2a: Slowking|2/100
|-damage|p2a: Slowking|0 fnt
|faint|p2a: Slowking
|-hitcount|p2: Slowking|3
|
|win|tauros3
|raw|tauros3's rating: 1531 &rarr; <strong>1556</strong><br />(+25 for winning)
|raw|FazHaz's rating: 1626 &rarr; <strong>1601</strong><br />(-25 for losing)
|l|☆FazHaz
|player|p2|
|l| NEdgyman
|l|☆tauros3
|player|p1|
