|j|☆ankoro
|j|☆Luisowbro
|t:|1781109722
|gametype|singles
|player|p1|ankoro|acetrainer-gen2|1540
|player|p2|Luisowbro|ingo|1573
|gen|9
|tier|[Gen 9] OU
|rated|
|rule|HP Percentage Mod: HP is shown in percentages
|rule|Endless Battle Clause: Forcing endless battles is banned
|rule|Species Clause: Limit one of each Pokémon
|rule|OHKO Clause: OHKO moves are banned
|rule|Evasion Items Clause: Evasion items are banned
|rule|Evasion Moves Clause: Evasion moves are banned
|rule|Evasion Abilities Clause: Evasion abilities are banned
|rule|Sleep Moves Clause: Sleep-inducing moves are banned
|clearpoke
|poke|p1|Lycanroc, M|
|poke|p1|Kingambit, M|
|poke|p1|Azumarill, M|
|poke|p1|Pawmot, F|
|poke|p1|Zamazenta-*|
|poke|p1|Iron Moth|
|poke|p2|Moltres-Galar|
|poke|p2|Haxorus, M|
|poke|p2|Thundurus-Therian, M|
|poke|p2|Scizor, M|
|poke|p2|Volcanion|
|poke|p2|Ninetales-Alola, F|
|teampreview
|inactive|Battle timer is ON: inactive players will automatically lose when time's up. (requested by Luisowbro)
|
|t:|1781109765
|teamsize|p1|6
|teamsize|p2|6
|start
|switch|p1a: doggorock|Lycanroc, M|100/100
|switch|p2a: Volcanion|Volcanion|100/100
|turn|1
|
|t:|1781109780
|-terastallize|p2a: Volcanion|Ground
|move|p1a: doggorock|Stealth Rock|p2a: Volcanion
|-sidestart|p2: Luisowbro|move: Stealth Rock
|move|p2a: Volcanion|Steam Eruption|p1a: doggorock
|-supereffective|p1a: doggorock
|-enditem|p1a: doggorock|Focus Sash
|-damage|p1a: doggorock|1/100
|
|upkeep
|turn|2
|
|t:|1781109787
|move|p1a: doggorock|Endeavor|p2a: Volcanion
|-damage|p2a: Volcanion|1/100
|move|p2a: Volcanion|Earth Power|p1a: doggorock
|-supereffective|p1a: doggorock
|-damage|p1a: doggorock|0 fnt
|faint|p1a: doggorock
|
|upkeep
|
|t:|1781109794
|switch|p1a: joy|Pawmot, F|100/100
|turn|3
|
|t:|1781109797
|move|p1a: joy|Volt Switch|p2a: Volcanion
|-immune|p2a: Volcanion
|move|p2a: Volcanion|Earth Power|p1a: joy
|-supereffective|p1a: joy
|-damage|p1a: joy|0 fnt
|faint|p1a: joy
|
|upkeep
|
|t:|1781109810
|switch|p1a: Iron Moth|Iron Moth|100/100
|-enditem|p1a: Iron Moth|Booster Energy
|-activate|p1a: Iron Moth|ability: Quark Drive|[fromitem]
|-start|p1a: Iron Moth|quarkdrivespe
|turn|4
|
|t:|1781109815
|move|p1a: Iron Moth|Dazzling Gleam|p2a: Volcanion
|-damage|p2a: Volcanion|0 fnt
|faint|p2a: Volcanion
|
|upkeep
|inactive|Luisowbro has 120 seconds left.
|
|t:|1781109846
|switch|p2a: Haxorus|Haxorus, M, shiny|100/100
|-damage|p2a: Haxorus|88/100|[from] Stealth Rock
|-ability|p2a: Haxorus|Mold Breaker
|turn|5
|
|t:|1781109857
|move|p1a: Iron Moth|Dazzling Gleam|p2a: Haxorus
|-supereffective|p2a: Haxorus
|-damage|p2a: Haxorus|0 fnt
|faint|p2a: Haxorus
|
|upkeep
|
|t:|1781109868
|switch|p2a: Ninetales|Ninetales-Alola, F, shiny|100/100
|-damage|p2a: Ninetales|76/100|[from] Stealth Rock
|-weather|Snowscape|[from] ability: Snow Warning|[of] p2a: Ninetales
|turn|6
|
|t:|1781109874
|move|p1a: Iron Moth|Fiery Dance|p2a: Ninetales
|-supereffective|p2a: Ninetales
|-damage|p2a: Ninetales|2/100
|move|p2a: Ninetales|Aurora Veil|p2a: Ninetales
|-sidestart|p2: Luisowbro|move: Aurora Veil
|
|-weather|Snowscape|[upkeep]
|upkeep
|turn|7
|
|t:|1781109883
|move|p1a: Iron Moth|Substitute|p1a: Iron Moth
|-start|p1a: Iron Moth|Substitute
|-damage|p1a: Iron Moth|76/100
|move|p2a: Ninetales|Freeze-Dry|p1a: Iron Moth
|-resisted|p1a: Iron Moth
|-activate|p1a: Iron Moth|move: Substitute|[damage]
|
|-weather|Snowscape|[upkeep]
|upkeep
|turn|8
|
|t:|1781109889
|move|p1a: Iron Moth|Fiery Dance|p2a: Ninetales
|-supereffective|p2a: Ninetales
|-damage|p2a: Ninetales|0 fnt
|-boost|p1a: Iron Moth|spa|1
|faint|p2a: Ninetales
|
|-weather|Snowscape|[upkeep]
|upkeep
|
|t:|1781109897
|switch|p2a: Moltres|Moltres-Galar, shiny|100/100
|-damage|p2a: Moltres|75/100|[from] Stealth Rock
|turn|9
|
|t:|1781109902
|move|p1a: Iron Moth|Sludge Wave|p2a: Moltres
|-damage|p2a: Moltres|49/100
|-ability|p2a: Moltres|Berserk|boost
|-boost|p2a: Moltres|spa|1
|-enditem|p2a: Moltres|Sitrus Berry|[eat]
|-heal|p2a: Moltres|74/100|[from] item: Sitrus Berry
|move|p2a: Moltres|Air Slash|p1a: Iron Moth
|-end|p1a: Iron Moth|Substitute
|
|-weather|Snowscape|[upkeep]
|upkeep
|turn|10
|
|t:|1781109911
|move|p1a: Iron Moth|Sludge Wave|p2a: Moltres
|-damage|p2a: Moltres|47/100
|-ability|p2a: Moltres|Berserk|boost
|-boost|p2a: Moltres|spa|1
|move|p2a: Moltres|Agility|p2a: Moltres
|-boost|p2a: Moltres|spe|2
|
|-weather|none
|upkeep
|turn|11
|
|t:|1781109919
|move|p1a: Iron Moth|Sludge Wave|p2a: Moltres
|-damage|p2a: Moltres|22/100
|move|p2a: Moltres|Fiery Wrath|p1a: Iron Moth
|-damage|p1a: Iron Moth|0 fnt
|faint|p1a: Iron Moth
|-end|p1a: Iron Moth|Quark Drive|[silent]
|
|upkeep
|
|t:|1781109932
|switch|p1a: juquinha|Azumarill, M|100/100
|turn|12
|
|t:|1781109935
|move|p1a: juquinha|Aqua Jet|p2a: Moltres
|-damage|p2a: Moltres|10/100
|move|p2a: Moltres|Air Slash|p1a: juquinha
|-damage|p1a: juquinha|28/100
|-enditem|p1a: juquinha|Sitrus Berry|[eat]
|-heal|p1a: juquinha|53/100|[from] item: Sitrus Berry
|
|upkeep
|turn|13
|
|t:|1781109944
|move|p1a: juquinha|Aqua Jet|p2a: Moltres
|-damage|p2a: Moltres|0 fnt
|faint|p2a: Moltres
|
|-sideend|p2: Luisowbro|move: Aurora Veil
|upkeep
|
|t:|1781109952
|switch|p2a: Thundurus|Thundurus-Therian, M, shiny|100/100
|-damage|p2a: Thundurus|76/100|[from] Stealth Rock
|turn|14
|
|t:|1781109957
|move|p1a: juquinha|Aqua Jet|p2a: Thundurus
|-damage|p2a: Thundurus|40/100
|move|p2a: Thundurus|Volt Switch|p1a: juquinha
|-supereffective|p1a: juquinha
|-damage|p1a: juquinha|0 fnt
|faint|p1a: juquinha
|
|t:|1781109963
|switch|p2a: Scizor|Scizor, M|100/100|[from] Volt Switch
|-damage|p2a: Scizor|88/100|[from] Stealth Rock
|
|upkeep
|
|t:|1781109966
|switch|p1a: Zamazenta|Zamazenta|100/100
|-ability|p1a: Zamazenta|Dauntless Shield|boost
|-boost|p1a: Zamazenta|def|1
|turn|15
|
|t:|1781109973
|move|p1a: Zamazenta|Close Combat|p2a: Scizor
|-damage|p2a: Scizor|13/100
|-unboost|p1a: Zamazenta|def|1
|-unboost|p1a: Zamazenta|spd|1
|-damage|p1a: Zamazenta|91/100|[from] item: Life Orb
|move|p2a: Scizor|U-turn|p1a: Zamazenta
|-resisted|p1a: Zamazenta
|-damage|p1a: Zamazenta|62/100
|
|t:|1781109981
|switch|p2a: Thundurus|Thundurus-Therian, M, shiny|40/100|[from] U-turn
|-damage|p2a: Thundurus|15/100|[from] Stealth Rock
|
|upkeep
|turn|16
|
|t:|1781109986
|move|p2a: Thundurus|Psychic|p1a: Zamazenta
|-supereffective|p1a: Zamazenta
|-damage|p1a: Zamazenta|0 fnt
|faint|p1a: Zamazenta
|
|upkeep
|
|t:|1781109988
|switch|p1a: koolguybit|Kingambit, M|100/100
|-activate|p1a: koolguybit|ability: Supreme Overlord
|-start|p1a: koolguybit|fallen5|[silent]
|-item|p1a: koolguybit|Air Balloon
|turn|17
|
|t:|1781109995
|move|p2a: Thundurus|Psychic|p1a: koolguybit
|-immune|p1a: koolguybit
|move|p1a: koolguybit|Kowtow Cleave|p2a: Thundurus
|-damage|p2a: Thundurus|0 fnt
|faint|p2a: Thundurus
|
|upkeep
|
|t:|1781110001
|switch|p2a: Scizor|Scizor, M|13/100
|-damage|p2a: Scizor|1/100|[from] Stealth Rock
|turn|18
|
|t:|1781110005
|-terastallize|p1a: koolguybit|Ghost
|move|p2a: Scizor|Bullet Punch|p1a: koolguybit
|-damage|p1a: koolguybit|54/100
|-enditem|p1a: koolguybit|Air Balloon
|move|p1a: koolguybit|Iron Head|p2a: Scizor
|-resisted|p2a: Scizor
|-damage|p2a: Scizor|0 fnt
|faint|p2a: Scizor
|
|win|ankoro
|raw|ankoro's rating: 1540 &rarr; <strong>1562</strong><br />(+22 for winning)
|raw|Luisowbro's rating: 1573 &rarr; <strong>1551</strong><br />(-22 for losing)
|l|☆ankoro
|player|p1|
|l|☆Luisowbro
|player|p2|
