|j|☆rockeater9000
|j|☆Palm X
|t:|1780893185
|gametype|singles
|player|p1|rockeater9000|1|1660
|player|p2|Palm X|caitlin|1653
|gen|9
|tier|[Gen 9] OU
|rated|
|rule|HP Percentage Mod: HP is shown in percentages
|rule|Endless Battle Clause: Forcing endless battles is banned
|rule|Species Clause: Limit one of each Pokémon
|rule|OHKO Clause: OHKO moves are banned
|rule|Evasion Items Clause: Evasion items are banned
|rule|Evasion Moves Clause: Evasion moves are banned
|rule|Evasion Abilities Clause: Evasion abilities are banned
|rule|Sleep Moves Clause: Sleep-inducing moves are banned
|clearpoke
|poke|p1|Greninja-*, M|
|poke|p1|Glimmora, M|
|poke|p1|Garchomp, F|
|poke|p1|Iron Valiant|
|poke|p1|Kingambit, M|
|poke|p1|Ceruledge, F|
|poke|p2|Tornadus-Therian, M|
|poke|p2|Slowking-Galar, M|
|poke|p2|Kyurem|
|poke|p2|Cinderace, M|
|poke|p2|Great Tusk|
|poke|p2|Hatterene, F|
|teampreview
|inactive|Battle timer is ON: inactive players will automatically lose when time's up. (requested by Palm X)
|
|t:|1780893199
|teamsize|p1|6
|teamsize|p2|6
|start
|switch|p1a: Glimmora|Glimmora, M|100/100
|switch|p2a: Slowking|Slowking-Galar, M|100/100
|turn|1
|
|t:|1780893202
|move|p1a: Glimmora|Stealth Rock|p2a: Slowking
|-sidestart|p2: Palm X|move: Stealth Rock
|move|p2a: Slowking|Future Sight|p1a: Glimmora
|-start|p2a: Slowking|move: Future Sight
|
|upkeep
|turn|2
|j| Champion reko
|
|t:|1780893208
|switch|p1a: Greninja|Greninja, M|100/100
|move|p2a: Slowking|Sludge Bomb|p1a: Greninja
|-damage|p1a: Greninja|50/100
|
|upkeep
|turn|3
|
|t:|1780893214
|move|p1a: Greninja|Dark Pulse|p2a: Slowking
|-supereffective|p2a: Slowking
|-damage|p2a: Slowking|51/100
|move|p2a: Slowking|Sludge Bomb|p1a: Greninja
|-damage|p1a: Greninja|0 fnt
|faint|p1a: Greninja
|
|-hint|Future Sight did not hit because the target is fainted.
|-heal|p2a: Slowking|58/100|[from] item: Black Sludge
|upkeep
|
|t:|1780893227
|switch|p1a: Ceruledge|Ceruledge, F|100/100
|-item|p1a: Ceruledge|Air Balloon
|turn|4
|
|t:|1780893234
|switch|p2a: Tornadus|Tornadus-Therian, M|100/100
|-damage|p2a: Tornadus|76/100|[from] Stealth Rock
|move|p1a: Ceruledge|Swords Dance|p1a: Ceruledge
|-boost|p1a: Ceruledge|atk|2
|
|upkeep
|turn|5
|
|t:|1780893239
|move|p2a: Tornadus|Knock Off|p1a: Ceruledge
|-supereffective|p1a: Ceruledge
|-damage|p1a: Ceruledge|43/100
|-ability|p1a: Ceruledge|Weak Armor|boost
|-unboost|p1a: Ceruledge|def|1
|-boost|p1a: Ceruledge|spe|2
|-enditem|p1a: Ceruledge|Air Balloon
|move|p1a: Ceruledge|Poltergeist|p2a: Tornadus
|-activate|p2a: Tornadus|move: Poltergeist|Assault Vest
|-damage|p2a: Tornadus|0 fnt
|faint|p2a: Tornadus
|
|upkeep
|
|t:|1780893245
|switch|p2a: Great Tusk|Great Tusk|100/100
|-damage|p2a: Great Tusk|98/100|[from] Stealth Rock
|turn|6
|
|t:|1780893250
|-terastallize|p1a: Ceruledge|Ghost
|move|p1a: Ceruledge|Poltergeist|p2a: Great Tusk
|-activate|p2a: Great Tusk|move: Poltergeist|Choice Scarf
|-damage|p2a: Great Tusk|0 fnt
|faint|p2a: Great Tusk
|-end|p2a: Great Tusk|Protosynthesis|[silent]
|
|upkeep
|
|t:|1780893257
|switch|p2a: Cinderace|Cinderace, M|100/100
|turn|7
|
|t:|1780893260
|move|p1a: Ceruledge|Shadow Sneak|p2a: Cinderace
|-damage|p2a: Cinderace|32/100
|move|p2a: Cinderace|Pyro Ball|p1a: Ceruledge
|-damage|p1a: Ceruledge|0 fnt
|faint|p1a: Ceruledge
|
|upkeep
|j| SV G0AT
|
|t:|1780893278
|switch|p1a: Garchomp|Garchomp, F|100/100
|turn|8
|
|t:|1780893282
|switch|p2a: OMG A WOMAN|Hatterene, F|100/100
|-damage|p2a: OMG A WOMAN|88/100|[from] Stealth Rock
|move|p1a: Garchomp|Scale Shot|p2a: OMG A WOMAN
|-immune|p2a: OMG A WOMAN
|
|-heal|p2a: OMG A WOMAN|94/100|[from] item: Leftovers
|upkeep
|turn|9
|
|t:|1780893286
|switch|p1a: Glimmora|Glimmora, M|100/100
|move|p2a: OMG A WOMAN|Nuzzle|p1a: Glimmora
|-damage|p1a: Glimmora|96/100
|-status|p1a: Glimmora|par
|-activate|p1a: Glimmora|ability: Toxic Debris
|-sidestart|p2: Palm X|move: Toxic Spikes
|
|-heal|p2a: OMG A WOMAN|99/100|[from] item: Leftovers
|upkeep
|turn|10
|
|t:|1780893288
|switch|p2a: Slowking|Slowking-Galar, M|91/100
|-damage|p2a: Slowking|79/100|[from] Stealth Rock
|-sideend|p2: Palm X|move: Toxic Spikes|[of] p2a: Slowking
|cant|p1a: Glimmora|par
|
|-heal|p2a: Slowking|85/100|[from] item: Black Sludge
|upkeep
|turn|11
|
|t:|1780893293
|move|p1a: Glimmora|Earth Power|p2a: Slowking
|-supereffective|p2a: Slowking
|-damage|p2a: Slowking|43/100
|move|p2a: Slowking|Future Sight|p1a: Glimmora
|-start|p2a: Slowking|move: Future Sight
|
|-heal|p2a: Slowking|49/100|[from] item: Black Sludge
|upkeep
|turn|12
|
|t:|1780893296
|move|p1a: Glimmora|Meteor Beam||[still]
|-prepare|p1a: Glimmora|Meteor Beam
|-boost|p1a: Glimmora|spa|1
|-enditem|p1a: Glimmora|Power Herb
|-anim|p1a: Glimmora|Meteor Beam|p2a: Slowking|[miss]
|-miss|p1a: Glimmora|p2a: Slowking
|-prepare|p2a: Slowking|Chilly Reception|[premajor]
|move|p2a: Slowking|Chilly Reception|p2a: Slowking
|-weather|Snowscape
|
|t:|1780893303
|switch|p2a: Kyurem|Kyurem|100/100|[from] Chilly Reception
|-damage|p2a: Kyurem|76/100|[from] Stealth Rock
|-ability|p2a: Kyurem|Pressure
|
|-weather|Snowscape|[upkeep]
|upkeep
|turn|13
|
|t:|1780893308
|move|p2a: Kyurem|Earth Power|p1a: Glimmora
|-supereffective|p1a: Glimmora
|-damage|p1a: Glimmora|0 fnt
|faint|p1a: Glimmora
|
|-weather|Snowscape|[upkeep]
|-hint|Future Sight did not hit because the target is fainted.
|upkeep
|
|t:|1780893312
|switch|p1a: Garchomp|Garchomp, F|100/100
|turn|14
|
|t:|1780893319
|switch|p1a: Kingambit|Kingambit, M|100/100
|-activate|p1a: Kingambit|ability: Supreme Overlord
|-start|p1a: Kingambit|fallen3|[silent]
|switch|p2a: OMG A WOMAN|Hatterene, F|99/100
|-damage|p2a: OMG A WOMAN|88/100|[from] Stealth Rock
|
|-weather|Snowscape|[upkeep]
|-heal|p2a: OMG A WOMAN|94/100|[from] item: Leftovers
|upkeep
|turn|15
|
|t:|1780893324
|-terastallize|p2a: OMG A WOMAN|Water
|move|p1a: Kingambit|Iron Head|p2a: OMG A WOMAN
|-resisted|p2a: OMG A WOMAN
|-damage|p2a: OMG A WOMAN|70/100
|move|p2a: OMG A WOMAN|Nuzzle|p1a: Kingambit
|-damage|p1a: Kingambit|97/100
|-status|p1a: Kingambit|par
|
|-weather|Snowscape|[upkeep]
|-heal|p2a: OMG A WOMAN|76/100|[from] item: Leftovers
|upkeep
|turn|16
|
|t:|1780893332
|switch|p2a: Cinderace|Cinderace, M|32/100
|move|p1a: Kingambit|Kowtow Cleave|p2a: Cinderace
|-damage|p2a: Cinderace|0 fnt
|faint|p2a: Cinderace
|
|-weather|none
|upkeep
|j| kanaete onegai
|
|t:|1780893336
|switch|p2a: OMG A WOMAN|Hatterene, F, tera:Water|76/100
|-damage|p2a: OMG A WOMAN|64/100|[from] Stealth Rock
|turn|17
|
|t:|1780893338
|move|p2a: OMG A WOMAN|Pain Split|p1a: Kingambit
|-sethp|p1a: Kingambit|76/100 par|[from] move: Pain Split|[silent]
|-sethp|p2a: OMG A WOMAN|87/100|[from] move: Pain Split
|move|p1a: Kingambit|Kowtow Cleave|p2a: OMG A WOMAN
|-damage|p2a: OMG A WOMAN|23/100
|
|-heal|p2a: OMG A WOMAN|29/100|[from] item: Leftovers
|upkeep
|turn|18
|
|t:|1780893345
|move|p2a: OMG A WOMAN|Draining Kiss|p1a: Kingambit
|-damage|p1a: Kingambit|50/100 par
|-heal|p2a: OMG A WOMAN|51/100|[from] drain|[of] p1a: Kingambit
|move|p1a: Kingambit|Kowtow Cleave|p2a: OMG A WOMAN
|-damage|p2a: OMG A WOMAN|0 fnt
|faint|p2a: OMG A WOMAN
|
|upkeep
|
|t:|1780893352
|switch|p2a: Kyurem|Kyurem|76/100
|-damage|p2a: Kyurem|51/100|[from] Stealth Rock
|-ability|p2a: Kyurem|Pressure
|turn|19
|
|t:|1780893355
|move|p1a: Kingambit|Sucker Punch|p2a: Kyurem
|-damage|p2a: Kyurem|0 fnt
|faint|p2a: Kyurem
|
|upkeep
|-message|Palm X forfeited.
|
|win|rockeater9000
|raw|rockeater9000's rating: 1660 &rarr; <strong>1680</strong><br />(+20 for winning)
|raw|Palm X's rating: 1653 &rarr; <strong>1633</strong><br />(-20 for losing)
|l|☆Palm X
|player|p2|
|l| Champion reko
|l|☆rockeater9000
|player|p1|
