|j|☆KurisuChestnutOU
|j|☆Xoli
|t:|1781146309
|gametype|singles
|player|p1|KurisuChestnutOU|may-contest|1471
|player|p2|Xoli|veteran|1530
|gen|9
|tier|[Gen 9] OU
|rated|
|rule|HP Percentage Mod: HP is shown in percentages
|rule|Endless Battle Clause: Forcing endless battles is banned
|rule|Species Clause: Limit one of each Pokémon
|rule|OHKO Clause: OHKO moves are banned
|rule|Evasion Items Clause: Evasion items are banned
|rule|Evasion Moves Clause: Evasion moves are banned
|rule|Evasion Abilities Clause: Evasion abilities are banned
|rule|Sleep Moves Clause: Sleep-inducing moves are banned
|clearpoke
|poke|p1|Kingambit, F|
|poke|p1|Kommo-o, M|
|poke|p1|Iron Valiant|
|poke|p1|Kyurem|
|poke|p1|Iron Treads|
|poke|p1|Iron Crown|
|poke|p2|Cinderace, F|
|poke|p2|Pecharunt|
|poke|p2|Landorus-Therian, M|
|poke|p2|Alomomola, F|
|poke|p2|Tyranitar, M|
|poke|p2|Iron Valiant|
|teampreview
|inactive|Battle timer is ON: inactive players will automatically lose when time's up. (requested by KurisuChestnutOU)
|
|t:|1781146319
|teamsize|p1|6
|teamsize|p2|6
|start
|switch|p1a: Kyurem|Kyurem|100/100
|switch|p2a: Landorus|Landorus-Therian, M|100/100
|-ability|p2a: Landorus|Intimidate|boost
|-unboost|p1a: Kyurem|atk|1
|-ability|p1a: Kyurem|Pressure
|turn|1
|
|t:|1781146325
|move|p2a: Landorus|U-turn|p1a: Kyurem
|-damage|p1a: Kyurem|73/100
|
|t:|1781146326
|switch|p2a: Tyranitar|Tyranitar, M|100/100|[from] U-turn
|-weather|Sandstorm|[from] ability: Sand Stream|[of] p2a: Tyranitar
|move|p1a: Kyurem|Icicle Spear|p2a: Tyranitar
|-damage|p2a: Tyranitar|91/100
|-damage|p2a: Tyranitar|82/100
|-damage|p2a: Tyranitar|73/100
|-damage|p2a: Tyranitar|65/100
|-hitcount|p2a: Tyranitar|4
|
|-weather|Sandstorm|[upkeep]
|-damage|p1a: Kyurem|67/100|[from] Sandstorm
|upkeep
|turn|2
|
|t:|1781146336
|move|p1a: Kyurem|Icicle Spear|p2a: Tyranitar
|-damage|p2a: Tyranitar|57/100
|-damage|p2a: Tyranitar|48/100
|-damage|p2a: Tyranitar|40/100
|-damage|p2a: Tyranitar|31/100
|-damage|p2a: Tyranitar|23/100
|-hitcount|p2a: Tyranitar|5
|move|p2a: Tyranitar|Low Kick|p1a: Kyurem
|-supereffective|p1a: Kyurem
|-damage|p1a: Kyurem|0 fnt
|faint|p1a: Kyurem
|
|-weather|Sandstorm|[upkeep]
|upkeep
|
|t:|1781146343
|switch|p1a: Iron Valiant|Iron Valiant|100/100
|-enditem|p1a: Iron Valiant|Booster Energy
|-activate|p1a: Iron Valiant|ability: Quark Drive|[fromitem]
|-start|p1a: Iron Valiant|quarkdrivespe
|turn|3
|
|t:|1781146350
|switch|p2a: Alomomola|Alomomola, F|100/100
|move|p1a: Iron Valiant|Calm Mind|p1a: Iron Valiant
|-boost|p1a: Iron Valiant|spa|1
|-boost|p1a: Iron Valiant|spd|1
|
|-weather|Sandstorm|[upkeep]
|-damage|p1a: Iron Valiant|94/100|[from] Sandstorm
|-damage|p2a: Alomomola|94/100|[from] Sandstorm
|upkeep
|turn|4
|
|t:|1781146362
|move|p1a: Iron Valiant|Calm Mind|p1a: Iron Valiant
|-boost|p1a: Iron Valiant|spa|1
|-boost|p1a: Iron Valiant|spd|1
|move|p2a: Alomomola|Play Rough|p1a: Iron Valiant
|-supereffective|p1a: Iron Valiant
|-damage|p1a: Iron Valiant|53/100
|
|-weather|Sandstorm|[upkeep]
|-damage|p1a: Iron Valiant|47/100|[from] Sandstorm
|-damage|p2a: Alomomola|88/100|[from] Sandstorm
|upkeep
|turn|5
|
|t:|1781146368
|move|p1a: Iron Valiant|Moonblast|p2a: Alomomola
|-damage|p2a: Alomomola|41/100
|move|p2a: Alomomola|Play Rough|p1a: Iron Valiant
|-supereffective|p1a: Iron Valiant
|-damage|p1a: Iron Valiant|3/100
|
|-weather|none
|upkeep
|turn|6
|
|t:|1781146375
|switch|p2a: Tyranitar|Tyranitar, M|23/100
|-weather|Sandstorm|[from] ability: Sand Stream|[of] p2a: Tyranitar
|move|p1a: Iron Valiant|Moonblast|p2a: Tyranitar
|-supereffective|p2a: Tyranitar
|-damage|p2a: Tyranitar|0 fnt
|faint|p2a: Tyranitar
|
|-weather|Sandstorm|[upkeep]
|-damage|p1a: Iron Valiant|0 fnt|[from] Sandstorm
|faint|p1a: Iron Valiant
|-end|p1a: Iron Valiant|Quark Drive|[silent]
|upkeep
|
|t:|1781146383
|switch|p1a: Iron Crown|Iron Crown|100/100
|switch|p2a: Iron Valiant|Iron Valiant|100/100
|-enditem|p1a: Iron Crown|Booster Energy
|-activate|p1a: Iron Crown|ability: Quark Drive|[fromitem]
|-start|p1a: Iron Crown|quarkdrivespe
|turn|7
|
|t:|1781146387
|-terastallize|p2a: Iron Valiant|Ghost
|move|p1a: Iron Crown|Calm Mind|p1a: Iron Crown
|-boost|p1a: Iron Crown|spa|1
|-boost|p1a: Iron Crown|spd|1
|move|p2a: Iron Valiant|Shadow Ball|p1a: Iron Crown
|-supereffective|p1a: Iron Crown
|-damage|p1a: Iron Crown|22/100
|
|-weather|Sandstorm|[upkeep]
|-damage|p2a: Iron Valiant|94/100|[from] Sandstorm
|upkeep
|turn|8
|
|t:|1781146407
|-end|p2a: Iron Valiant|Quark Drive|[silent]
|switch|p2a: Pecharunt|Pecharunt|100/100
|move|p1a: Iron Crown|Psychic Noise|p2a: Pecharunt
|-supereffective|p2a: Pecharunt
|-damage|p2a: Pecharunt|0 fnt
|faint|p2a: Pecharunt
|
|-weather|Sandstorm|[upkeep]
|upkeep
|
|t:|1781146410
|switch|p2a: Cinderace|Cinderace, F|100/100
|turn|9
|
|t:|1781146414
|move|p2a: Cinderace|Sucker Punch|p1a: Iron Crown
|-start|p2a: Cinderace|typechange|Dark|[from] ability: Libero
|-supereffective|p1a: Iron Crown
|-damage|p1a: Iron Crown|0 fnt
|faint|p1a: Iron Crown
|-end|p1a: Iron Crown|Quark Drive|[silent]
|
|-weather|Sandstorm|[upkeep]
|-damage|p2a: Cinderace|95/100|[from] Sandstorm
|upkeep
|
|t:|1781146418
|switch|p1a: Kingambit|Kingambit, F|100/100
|-activate|p1a: Kingambit|ability: Supreme Overlord
|-start|p1a: Kingambit|fallen3|[silent]
|turn|10
|
|t:|1781146423
|-terastallize|p1a: Kingambit|Ghost
|move|p2a: Cinderace|Pyro Ball|p1a: Kingambit
|-damage|p1a: Kingambit|69/100
|move|p1a: Kingambit|Swords Dance|p1a: Kingambit
|-boost|p1a: Kingambit|atk|2
|
|-weather|none
|-heal|p1a: Kingambit|75/100|[from] item: Leftovers
|upkeep
|turn|11
|
|t:|1781146434
|move|p2a: Cinderace|Pyro Ball|p1a: Kingambit
|-damage|p1a: Kingambit|44/100
|move|p1a: Kingambit|Swords Dance|p1a: Kingambit
|-boost|p1a: Kingambit|atk|2
|
|-heal|p1a: Kingambit|50/100|[from] item: Leftovers
|upkeep
|turn|12
|
|t:|1781146439
|move|p2a: Cinderace|Sucker Punch||[still]
|-fail|p2a: Cinderace
|move|p1a: Kingambit|Swords Dance|p1a: Kingambit
|-boost|p1a: Kingambit|atk|2
|
|-heal|p1a: Kingambit|57/100|[from] item: Leftovers
|upkeep
|turn|13
|
|t:|1781146443
|move|p2a: Cinderace|Sucker Punch||[still]
|-fail|p2a: Cinderace
|move|p1a: Kingambit|Swords Dance|p1a: Kingambit
|-boost|p1a: Kingambit|atk|0
|
|-heal|p1a: Kingambit|63/100|[from] item: Leftovers
|upkeep
|turn|14
|
|t:|1781146448
|move|p2a: Cinderace|Pyro Ball|p1a: Kingambit
|-damage|p1a: Kingambit|29/100
|move|p1a: Kingambit|Iron Head|p2a: Cinderace
|-damage|p2a: Cinderace|0 fnt
|faint|p2a: Cinderace
|
|-heal|p1a: Kingambit|35/100|[from] item: Leftovers
|upkeep
|
|t:|1781146451
|switch|p2a: Landorus|Landorus-Therian, M|100/100
|-ability|p2a: Landorus|Intimidate|boost
|-unboost|p1a: Kingambit|atk|1
|turn|15
|
|t:|1781146456
|switch|p2a: Alomomola|Alomomola, F|74/100
|move|p1a: Kingambit|Sucker Punch||[still]
|-fail|p1a: Kingambit
|
|-heal|p1a: Kingambit|41/100|[from] item: Leftovers
|upkeep
|turn|16
|
|t:|1781146461
|move|p1a: Kingambit|Iron Head|p2a: Alomomola
|-resisted|p2a: Alomomola
|-damage|p2a: Alomomola|0 fnt
|faint|p2a: Alomomola
|
|-heal|p1a: Kingambit|47/100|[from] item: Leftovers
|upkeep
|
|t:|1781146464
|switch|p2a: Landorus|Landorus-Therian, M|100/100
|-ability|p2a: Landorus|Intimidate|boost
|-unboost|p1a: Kingambit|atk|1
|turn|17
|
|t:|1781146471
|move|p1a: Kingambit|Sucker Punch|p2a: Landorus
|-damage|p2a: Landorus|0 fnt
|faint|p2a: Landorus
|
|-heal|p1a: Kingambit|53/100|[from] item: Leftovers
|upkeep
|-message|Xoli forfeited.
|
|win|KurisuChestnutOU
|raw|KurisuChestnutOU's rating: 1487 &rarr; <strong>1509</strong><br />(+22 for winning)
|raw|Xoli's rating: 1530 &rarr; <strong>1508</strong><br />(-22 for losing)
|l|☆Xoli
|player|p2|
