|j|☆ftaochaphet
|j|☆ur doggo
|t:|1781238932
|gametype|singles
|player|p1|ftaochaphet|101|1588
|player|p2|ur doggo|1|1600
|gen|9
|tier|[Gen 9] OU
|rated|
|rule|HP Percentage Mod: HP is shown in percentages
|rule|Endless Battle Clause: Forcing endless battles is banned
|rule|Species Clause: Limit one of each Pokémon
|rule|OHKO Clause: OHKO moves are banned
|rule|Evasion Items Clause: Evasion items are banned
|rule|Evasion Moves Clause: Evasion moves are banned
|rule|Evasion Abilities Clause: Evasion abilities are banned
|rule|Sleep Moves Clause: Sleep-inducing moves are banned
|clearpoke
|poke|p1|Enamorus, F|
|poke|p1|Samurott-Hisui, M|
|poke|p1|Gholdengo|
|poke|p1|Great Tusk|
|poke|p1|Kingambit, M|
|poke|p1|Alomomola, M|
|poke|p2|Latios, M|
|poke|p2|Darkrai|
|poke|p2|Ting-Lu|
|poke|p2|Corviknight, F|
|poke|p2|Dragonite, M|
|poke|p2|Clefable, F|
|teampreview
|inactive|Battle timer is ON: inactive players will automatically lose when time's up. (requested by ftaochaphet)
|
|t:|1781238946
|teamsize|p1|6
|teamsize|p2|6
|start
|switch|p1a: Samurott|Samurott-Hisui, M|100/100
|switch|p2a: Darkrai|Darkrai|100/100
|turn|1
|
|t:|1781238952
|move|p2a: Darkrai|Will-O-Wisp|p1a: Samurott
|-status|p1a: Samurott|brn
|move|p1a: Samurott|Ceaseless Edge|p2a: Darkrai
|-resisted|p2a: Darkrai
|-damage|p2a: Darkrai|85/100
|-sidestart|p2: ur doggo|Spikes
|
|-damage|p1a: Samurott|94/100 brn|[from] brn
|upkeep
|turn|2
|
|t:|1781238957
|switch|p2a: Clefable|Clefable, F|100/100
|move|p1a: Samurott|Ceaseless Edge|p2a: Clefable
|-resisted|p2a: Clefable
|-damage|p2a: Clefable|93/100
|-damage|p1a: Samurott|78/100 brn|[from] item: Rocky Helmet|[of] p2a: Clefable
|-sidestart|p2: ur doggo|Spikes
|
|-damage|p1a: Samurott|72/100 brn|[from] brn
|upkeep
|turn|3
|
|t:|1781238961
|move|p1a: Samurott|Ceaseless Edge|p2a: Clefable
|-resisted|p2a: Clefable
|-damage|p2a: Clefable|85/100
|-damage|p1a: Samurott|56/100 brn|[from] item: Rocky Helmet|[of] p2a: Clefable
|-sidestart|p2: ur doggo|Spikes
|move|p2a: Clefable|Stealth Rock|p1a: Samurott
|-sidestart|p1: ftaochaphet|move: Stealth Rock
|
|-damage|p1a: Samurott|50/100 brn|[from] brn
|upkeep
|turn|4
|
|t:|1781238969
|move|p1a: Samurott|Knock Off|p2a: Clefable
|-resisted|p2a: Clefable
|-damage|p2a: Clefable|77/100
|-damage|p1a: Samurott|33/100 brn|[from] item: Rocky Helmet|[of] p2a: Clefable
|-enditem|p2a: Clefable|Rocky Helmet|[from] move: Knock Off|[of] p1a: Samurott
|move|p2a: Clefable|Knock Off|p1a: Samurott
|-resisted|p1a: Samurott
|-damage|p1a: Samurott|25/100 brn
|-enditem|p1a: Samurott|Assault Vest|[from] move: Knock Off|[of] p2a: Clefable
|
|-damage|p1a: Samurott|19/100 brn|[from] brn
|upkeep
|turn|5
|
|t:|1781238977
|switch|p1a: Alomomola|Alomomola, M|100/100
|move|p2a: Clefable|Moonblast|p1a: Alomomola
|-damage|p1a: Alomomola|65/100
|
|upkeep
|turn|6
|
|t:|1781238982
|move|p2a: Clefable|Knock Off|p1a: Alomomola
|-damage|p1a: Alomomola|57/100
|-enditem|p1a: Alomomola|Heavy-Duty Boots|[from] move: Knock Off|[of] p2a: Clefable
|move|p1a: Alomomola|Wish|p1a: Alomomola
|
|upkeep
|turn|7
|
|t:|1781238985
|move|p2a: Clefable|Moonlight|p2a: Clefable
|-heal|p2a: Clefable|100/100
|move|p1a: Alomomola|Flip Turn|p2a: Clefable
|-damage|p2a: Clefable|88/100
|
|t:|1781238992
|switch|p1a: Samurott|Samurott-Hisui, M|19/100 brn|[from] Flip Turn
|-damage|p1a: Samurott|7/100 brn|[from] Stealth Rock
|
|-heal|p1a: Samurott|76/100 brn|[from] move: Wish|[wisher] Alomomola
|-damage|p1a: Samurott|70/100 brn|[from] brn
|upkeep
|turn|8
|
|t:|1781239000
|switch|p1a: Alomomola|Alomomola, M|91/100
|-damage|p1a: Alomomola|78/100|[from] Stealth Rock
|move|p2a: Clefable|Knock Off|p1a: Alomomola
|-damage|p1a: Alomomola|73/100
|
|upkeep
|turn|9
|
|t:|1781239005
|move|p2a: Clefable|Moonblast|p1a: Alomomola
|-damage|p1a: Alomomola|33/100
|move|p1a: Alomomola|Flip Turn|p2a: Clefable
|-crit|p2a: Clefable
|-damage|p2a: Clefable|70/100
|
|t:|1781239010
|switch|p1a: Gholdengo|Gholdengo|100/100|[from] Flip Turn
|-damage|p1a: Gholdengo|94/100|[from] Stealth Rock
|
|upkeep
|turn|10
|
|t:|1781239015
|switch|p2a: Corviknight|Corviknight, F|100/100
|-ability|p2a: Corviknight|Pressure
|move|p1a: Gholdengo|Make It Rain|p2a: Corviknight
|-resisted|p2a: Corviknight
|-damage|p2a: Corviknight|82/100
|-unboost|p1a: Gholdengo|spa|1
|
|-heal|p2a: Corviknight|88/100|[from] item: Leftovers
|upkeep
|turn|11
|
|t:|1781239018
|move|p1a: Gholdengo|Nasty Plot|p1a: Gholdengo
|-boost|p1a: Gholdengo|spa|2
|move|p2a: Corviknight|U-turn|p1a: Gholdengo
|-resisted|p1a: Gholdengo
|-damage|p1a: Gholdengo|92/100
|
|t:|1781239022
|switch|p2a: Ting-Lu|Ting-Lu|100/100|[from] U-turn
|-damage|p2a: Ting-Lu|76/100|[from] Spikes
|-ability|p2a: Ting-Lu|Vessel of Ruin
|
|-heal|p2a: Ting-Lu|82/100|[from] item: Leftovers
|upkeep
|turn|12
|
|t:|1781239025
|switch|p1a: Great Tusk|Great Tusk|100/100
|move|p2a: Ting-Lu|Earthquake|p1a: Great Tusk
|-damage|p1a: Great Tusk|73/100
|
|-heal|p2a: Ting-Lu|88/100|[from] item: Leftovers
|upkeep
|turn|13
|
|t:|1781239031
|move|p1a: Great Tusk|Stealth Rock|p2a: Ting-Lu
|-sidestart|p2: ur doggo|move: Stealth Rock
|move|p2a: Ting-Lu|Ruination|p1a: Great Tusk
|-damage|p1a: Great Tusk|37/100
|
|-heal|p2a: Ting-Lu|94/100|[from] item: Leftovers
|upkeep
|turn|14
|
|t:|1781239035
|switch|p2a: Corviknight|Corviknight, F|88/100
|-damage|p2a: Corviknight|76/100|[from] Stealth Rock
|-ability|p2a: Corviknight|Pressure
|move|p1a: Great Tusk|Rapid Spin|p2a: Corviknight
|-resisted|p2a: Corviknight
|-damage|p2a: Corviknight|69/100
|-boost|p1a: Great Tusk|spe|1
|-sideend|p1: ftaochaphet|Stealth Rock|[from] move: Rapid Spin|[of] p1a: Great Tusk
|
|-heal|p2a: Corviknight|75/100|[from] item: Leftovers
|upkeep
|turn|15
|
|t:|1781239040
|-end|p1a: Great Tusk|Protosynthesis|[silent]
|switch|p1a: Gholdengo|Gholdengo|92/100
|move|p2a: Corviknight|U-turn|p1a: Gholdengo
|-resisted|p1a: Gholdengo
|-damage|p1a: Gholdengo|90/100
|
|t:|1781239042
|switch|p2a: Ting-Lu|Ting-Lu|94/100|[from] U-turn
|-damage|p2a: Ting-Lu|69/100|[from] Spikes
|-damage|p2a: Ting-Lu|63/100|[from] Stealth Rock
|-ability|p2a: Ting-Lu|Vessel of Ruin
|
|-heal|p2a: Ting-Lu|69/100|[from] item: Leftovers
|upkeep
|turn|16
|
|t:|1781239047
|switch|p1a: Enamorus|Enamorus, F|100/100
|move|p2a: Ting-Lu|Spikes|p1a: Enamorus
|-sidestart|p1: ftaochaphet|Spikes
|
|-heal|p2a: Ting-Lu|76/100|[from] item: Leftovers
|upkeep
|turn|17
|
|t:|1781239053
|move|p1a: Enamorus|Moonblast|p2a: Ting-Lu
|-supereffective|p2a: Ting-Lu
|-damage|p2a: Ting-Lu|27/100
|-unboost|p2a: Ting-Lu|spa|1
|move|p2a: Ting-Lu|Heavy Slam|p1a: Enamorus
|-supereffective|p1a: Enamorus
|-damage|p1a: Enamorus|3/100
|
|-heal|p2a: Ting-Lu|33/100|[from] item: Leftovers
|upkeep
|turn|18
|
|t:|1781239060
|switch|p2a: Corviknight|Corviknight, F|75/100
|-damage|p2a: Corviknight|62/100|[from] Stealth Rock
|-ability|p2a: Corviknight|Pressure
|move|p1a: Enamorus|Moonblast|p2a: Corviknight
|-resisted|p2a: Corviknight
|-damage|p2a: Corviknight|44/100
|-unboost|p2a: Corviknight|spa|1
|
|-heal|p2a: Corviknight|50/100|[from] item: Leftovers
|upkeep
|turn|19
|
|t:|1781239064
|switch|p1a: Gholdengo|Gholdengo|90/100
|-damage|p1a: Gholdengo|77/100|[from] Spikes
|move|p2a: Corviknight|Roost|p2a: Corviknight
|-heal|p2a: Corviknight|99/100
|-singleturn|p2a: Corviknight|move: Roost
|
|-heal|p2a: Corviknight|100/100|[from] item: Leftovers
|upkeep
|turn|20
|
|t:|1781239067
|move|p1a: Gholdengo|Nasty Plot|p1a: Gholdengo
|-boost|p1a: Gholdengo|spa|2
|move|p2a: Corviknight|U-turn|p1a: Gholdengo
|-resisted|p1a: Gholdengo
|-damage|p1a: Gholdengo|75/100
|
|t:|1781239076
|switch|p2a: Darkrai|Darkrai|85/100|[from] U-turn
|
|upkeep
|turn|21
|
|t:|1781239081
|switch|p1a: Samurott|Samurott-Hisui, M|70/100 brn
|-damage|p1a: Samurott|58/100 brn|[from] Spikes
|move|p2a: Darkrai|Dark Pulse|p1a: Samurott
|-resisted|p1a: Samurott
|-damage|p1a: Samurott|36/100 brn
|
|-damage|p1a: Samurott|30/100 brn|[from] brn
|upkeep
|turn|22
|
|t:|1781239089
|switch|p2a: Clefable|Clefable, F|70/100
|move|p1a: Samurott|Knock Off|p2a: Clefable
|-resisted|p2a: Clefable
|-damage|p2a: Clefable|64/100
|
|-damage|p1a: Samurott|24/100 brn|[from] brn
|upkeep
|turn|23
|
|t:|1781239095
|switch|p1a: Gholdengo|Gholdengo|75/100
|-damage|p1a: Gholdengo|62/100|[from] Spikes
|move|p2a: Clefable|Stealth Rock|p1a: Gholdengo
|-sidestart|p1: ftaochaphet|move: Stealth Rock
|
|upkeep
|turn|24
|
|t:|1781239101
|switch|p2a: Corviknight|Corviknight, F|100/100
|-damage|p2a: Corviknight|88/100|[from] Stealth Rock
|-ability|p2a: Corviknight|Pressure
|move|p1a: Gholdengo|Make It Rain|p2a: Corviknight
|-resisted|p2a: Corviknight
|-damage|p2a: Corviknight|69/100
|-unboost|p1a: Gholdengo|spa|1
|
|-heal|p2a: Corviknight|75/100|[from] item: Leftovers
|upkeep
|turn|25
|
|t:|1781239106
|move|p1a: Gholdengo|Recover|p1a: Gholdengo
|-heal|p1a: Gholdengo|100/100
|move|p2a: Corviknight|U-turn|p1a: Gholdengo
|-resisted|p1a: Gholdengo
|-damage|p1a: Gholdengo|98/100
|
|t:|1781239112
|switch|p2a: Darkrai|Darkrai|85/100|[from] U-turn
|
|upkeep
|turn|26
|
|t:|1781239115
|switch|p1a: Samurott|Samurott-Hisui, M|24/100 brn
|-damage|p1a: Samurott|12/100 brn|[from] Spikes
|-damage|p1a: Samurott|0 fnt|[from] Stealth Rock
|faint|p1a: Samurott
|move|p2a: Darkrai|Dark Pulse|p1: Samurott|[notarget]
|-fail|p2a: Darkrai
|
|upkeep
|
|t:|1781239126
|switch|p1a: Kingambit|Kingambit, M|100/100
|-damage|p1a: Kingambit|88/100|[from] Spikes
|-damage|p1a: Kingambit|82/100|[from] Stealth Rock
|-activate|p1a: Kingambit|ability: Supreme Overlord
|-start|p1a: Kingambit|fallen1|[silent]
|turn|27
|
|t:|1781239134
|move|p2a: Darkrai|Will-O-Wisp|p1a: Kingambit|[miss]
|-miss|p2a: Darkrai|p1a: Kingambit
|move|p1a: Kingambit|Iron Head|p2a: Darkrai
|-damage|p2a: Darkrai|10/100
|
|-heal|p1a: Kingambit|88/100|[from] item: Leftovers
|upkeep
|turn|28
|
|t:|1781239139
|switch|p2a: Dragonite|Dragonite, M|100/100
|move|p1a: Kingambit|Iron Head|p2a: Dragonite
|-damage|p2a: Dragonite|70/100
|
|-heal|p1a: Kingambit|94/100|[from] item: Leftovers
|upkeep
|turn|29
|
|t:|1781239145
|move|p2a: Dragonite|Low Kick|p1a: Kingambit
|-supereffective|p1a: Kingambit
|-damage|p1a: Kingambit|0 fnt
|faint|p1a: Kingambit
|-end|p1a: Kingambit|fallen1|[silent]
|
|upkeep
|
|t:|1781239150
|switch|p1a: Great Tusk|Great Tusk|37/100
|turn|30
|
|t:|1781239160
|move|p1a: Great Tusk|Rapid Spin|p2a: Dragonite
|-damage|p2a: Dragonite|50/100
|-boost|p1a: Great Tusk|spe|1
|-sideend|p1: ftaochaphet|Spikes|[from] move: Rapid Spin|[of] p1a: Great Tusk
|-sideend|p1: ftaochaphet|Stealth Rock|[from] move: Rapid Spin|[of] p1a: Great Tusk
|move|p2a: Dragonite|Low Kick|p1a: Great Tusk
|-damage|p1a: Great Tusk|3/100
|
|upkeep
|turn|31
|
|t:|1781239174
|-end|p1a: Great Tusk|Protosynthesis|[silent]
|switch|p1a: Alomomola|Alomomola, M|66/100
|move|p2a: Dragonite|Extreme Speed|p1a: Alomomola
|-crit|p1a: Alomomola
|-damage|p1a: Alomomola|41/100
|
|upkeep
|turn|32
|
|t:|1781239186
|move|p1a: Alomomola|Wish|p1a: Alomomola
|move|p2a: Dragonite|Dragon Tail|p1a: Alomomola
|-damage|p1a: Alomomola|22/100
|drag|p1a: Great Tusk|Great Tusk|3/100
|
|upkeep
|turn|33
|
|t:|1781239196
|-end|p1a: Great Tusk|Protosynthesis|[silent]
|switch|p1a: Alomomola|Alomomola, M|56/100
|move|p2a: Dragonite|Extreme Speed|p1a: Alomomola
|-damage|p1a: Alomomola|38/100
|
|-heal|p1a: Alomomola|88/100|[from] move: Wish|[wisher] Alomomola
|upkeep
|turn|34
|
|t:|1781239202
|move|p2a: Dragonite|Roost|p2a: Dragonite
|-heal|p2a: Dragonite|99/100
|-singleturn|p2a: Dragonite|move: Roost
|move|p1a: Alomomola|Wish|p1a: Alomomola
|
|upkeep
|turn|35
|
|t:|1781239206
|move|p1a: Alomomola|Scald|p2a: Dragonite
|-resisted|p2a: Dragonite
|-damage|p2a: Dragonite|93/100
|move|p2a: Dragonite|Dragon Tail|p1a: Alomomola
|-damage|p1a: Alomomola|70/100
|drag|p1a: Enamorus|Enamorus, F|3/100
|
|-heal|p1a: Enamorus|95/100|[from] move: Wish|[wisher] Alomomola
|upkeep
|turn|36
|
|t:|1781239213
|move|p2a: Dragonite|Extreme Speed|p1a: Enamorus
|-damage|p1a: Enamorus|49/100
|move|p1a: Enamorus|Moonblast|p2a: Dragonite
|-supereffective|p2a: Dragonite
|-damage|p2a: Dragonite|0 fnt
|faint|p2a: Dragonite
|
|upkeep
|
|t:|1781239218
|switch|p2a: Corviknight|Corviknight, F|75/100
|-damage|p2a: Corviknight|63/100|[from] Stealth Rock
|-ability|p2a: Corviknight|Pressure
|turn|37
|
|t:|1781239222
|switch|p1a: Gholdengo|Gholdengo|98/100
|move|p2a: Corviknight|U-turn|p1a: Gholdengo
|-resisted|p1a: Gholdengo
|-damage|p1a: Gholdengo|95/100
|
|t:|1781239225
|switch|p2a: Darkrai|Darkrai|10/100|[from] U-turn
|
|upkeep
|turn|38
|
|t:|1781239227
|move|p2a: Darkrai|Dark Pulse|p1a: Gholdengo
|-supereffective|p1a: Gholdengo
|-damage|p1a: Gholdengo|18/100
|move|p1a: Gholdengo|Shadow Ball|p2a: Darkrai
|-resisted|p2a: Darkrai
|-damage|p2a: Darkrai|0 fnt
|faint|p2a: Darkrai
|
|upkeep
|
|t:|1781239236
|switch|p2a: Latios|Latios, M|100/100
|-damage|p2a: Latios|88/100|[from] Stealth Rock
|turn|39
|
|t:|1781239244
|switch|p1a: Great Tusk|Great Tusk|3/100
|move|p2a: Latios|Psychic Noise|p1a: Great Tusk
|-supereffective|p1a: Great Tusk
|-damage|p1a: Great Tusk|0 fnt
|faint|p1a: Great Tusk
|-end|p1a: Great Tusk|Protosynthesis|[silent]
|
|upkeep
|
|t:|1781239247
|switch|p1a: Enamorus|Enamorus, F|49/100
|turn|40
|
|t:|1781239251
|switch|p1a: Gholdengo|Gholdengo|18/100
|switch|p2a: Corviknight|Corviknight, F|63/100
|-damage|p2a: Corviknight|51/100|[from] Stealth Rock
|-ability|p2a: Corviknight|Pressure
|
|-heal|p2a: Corviknight|57/100|[from] item: Leftovers
|upkeep
|turn|41
|
|t:|1781239259
|move|p1a: Gholdengo|Recover|p1a: Gholdengo
|-heal|p1a: Gholdengo|68/100
|move|p2a: Corviknight|U-turn|p1a: Gholdengo
|-resisted|p1a: Gholdengo
|-damage|p1a: Gholdengo|65/100
|
|t:|1781239262
|switch|p2a: Latios|Latios, M|88/100|[from] U-turn
|-damage|p2a: Latios|76/100|[from] Stealth Rock
|
|upkeep
|turn|42
|
|t:|1781239267
|-terastallize|p2a: Latios|Electric
|move|p2a: Latios|Calm Mind|p2a: Latios
|-boost|p2a: Latios|spa|1
|-boost|p2a: Latios|spd|1
|move|p1a: Gholdengo|Recover|p1a: Gholdengo
|-heal|p1a: Gholdengo|100/100
|
|upkeep
|turn|43
|
|t:|1781239272
|move|p2a: Latios|Calm Mind|p2a: Latios
|-boost|p2a: Latios|spa|1
|-boost|p2a: Latios|spd|1
|move|p1a: Gholdengo|Nasty Plot|p1a: Gholdengo
|-boost|p1a: Gholdengo|spa|2
|
|upkeep
|turn|44
|
|t:|1781239276
|move|p2a: Latios|Calm Mind|p2a: Latios
|-boost|p2a: Latios|spa|1
|-boost|p2a: Latios|spd|1
|move|p1a: Gholdengo|Shadow Ball|p2a: Latios
|-damage|p2a: Latios|47/100
|
|upkeep
|turn|45
|
|t:|1781239279
|move|p2a: Latios|Recover|p2a: Latios
|-heal|p2a: Latios|97/100
|move|p1a: Gholdengo|Nasty Plot|p1a: Gholdengo
|-boost|p1a: Gholdengo|spa|2
|
|upkeep
|turn|46
|
|t:|1781239286
|move|p2a: Latios|Calm Mind|p2a: Latios
|-boost|p2a: Latios|spa|1
|-boost|p2a: Latios|spd|1
|move|p1a: Gholdengo|Shadow Ball|p2a: Latios
|-damage|p2a: Latios|60/100
|
|upkeep
|turn|47
|
|t:|1781239289
|move|p2a: Latios|Recover|p2a: Latios
|-heal|p2a: Latios|100/100
|move|p1a: Gholdengo|Nasty Plot|p1a: Gholdengo
|-boost|p1a: Gholdengo|spa|2
|
|upkeep
|turn|48
|
|t:|1781239291
|move|p2a: Latios|Psychic Noise|p1a: Gholdengo
|-resisted|p1a: Gholdengo
|-damage|p1a: Gholdengo|39/100
|-start|p1a: Gholdengo|move: Heal Block
|move|p1a: Gholdengo|Shadow Ball|p2a: Latios
|-damage|p2a: Latios|53/100
|
|upkeep
|turn|49
|
|t:|1781239295
|move|p2a: Latios|Psychic Noise|p1a: Gholdengo
|-resisted|p1a: Gholdengo
|-crit|p1a: Gholdengo
|-damage|p1a: Gholdengo|0 fnt
|faint|p1a: Gholdengo
|
|upkeep
|
|t:|1781239298
|switch|p1a: Enamorus|Enamorus, F|49/100
|turn|50
|
|t:|1781239300
|-terastallize|p1a: Enamorus|Fairy
|move|p1a: Enamorus|Moonblast|p2a: Latios
|-damage|p2a: Latios|29/100
|move|p2a: Latios|Psychic Noise|p1a: Enamorus
|-damage|p1a: Enamorus|0 fnt
|faint|p1a: Enamorus
|
|upkeep
|-message|ftaochaphet forfeited.
|
|win|ur doggo
|raw|ftaochaphet's rating: 1588 &rarr; <strong>1569</strong><br />(-19 for losing)
|raw|ur doggo's rating: 1600 &rarr; <strong>1619</strong><br />(+19 for winning)
|l|☆ftaochaphet
|player|p1|
|l|☆ur doggo
|player|p2|
