|j|☆Juchzer
|j|☆DuckyBro
|t:|1780999240
|gametype|singles
|player|p1|Juchzer|1|1584
|player|p2|DuckyBro|dragontamer|1673
|gen|9
|tier|[Gen 9] OU
|rated|
|rule|HP Percentage Mod: HP is shown in percentages
|rule|Endless Battle Clause: Forcing endless battles is banned
|rule|Species Clause: Limit one of each Pokémon
|rule|OHKO Clause: OHKO moves are banned
|rule|Evasion Items Clause: Evasion items are banned
|rule|Evasion Moves Clause: Evasion moves are banned
|rule|Evasion Abilities Clause: Evasion abilities are banned
|rule|Sleep Moves Clause: Sleep-inducing moves are banned
|clearpoke
|poke|p1|Hoopa-Unbound|
|poke|p1|Gholdengo|
|poke|p1|Great Tusk|
|poke|p1|Scizor, F|
|poke|p1|Primarina, M|
|poke|p1|Landorus-Therian, M|
|poke|p2|Cinderace, F|
|poke|p2|Dondozo, F|
|poke|p2|Zapdos|
|poke|p2|Garchomp, F|
|poke|p2|Kyurem|
|poke|p2|Volcanion|
|teampreview
|inactive|Battle timer is ON: inactive players will automatically lose when time's up. (requested by Juchzer)
|
|t:|1780999266
|teamsize|p1|6
|teamsize|p2|6
|start
|switch|p1a: Landorus|Landorus-Therian, M|100/100
|switch|p2a: Zapdos|Zapdos|100/100
|-ability|p1a: Landorus|Intimidate|boost
|-unboost|p2a: Zapdos|atk|1
|turn|1
|
|t:|1780999282
|move|p1a: Landorus|Stealth Rock|p2a: Zapdos
|-sidestart|p2: DuckyBro|move: Stealth Rock
|move|p2a: Zapdos|Hurricane|p1a: Landorus
|-damage|p1a: Landorus|6/100
|-start|p1a: Landorus|confusion
|
|upkeep
|turn|2
|
|t:|1780999299
|switch|p1a: Gholdengo|Gholdengo|100/100
|move|p2a: Zapdos|Hurricane|p1a: Gholdengo|[miss]
|-miss|p2a: Zapdos|p1a: Gholdengo
|
|upkeep
|turn|3
|
|t:|1780999308
|switch|p1a: Primarina|Primarina, M|100/100
|move|p2a: Zapdos|Hurricane|p1a: Primarina|[miss]
|-miss|p2a: Zapdos|p1a: Primarina
|
|upkeep
|turn|4
|inactive|Juchzer has 120 seconds left.
|
|t:|1780999337
|move|p2a: Zapdos|Hurricane|p1a: Primarina|[miss]
|-miss|p2a: Zapdos|p1a: Primarina
|move|p1a: Primarina|Psychic Noise|p2a: Zapdos
|-damage|p2a: Zapdos|53/100
|-start|p2a: Zapdos|move: Heal Block
|
|upkeep
|turn|5
|inactive|Juchzer has 120 seconds left.
|
|t:|1780999371
|move|p2a: Zapdos|Hurricane|p1a: Primarina
|-damage|p1a: Primarina|46/100
|-start|p1a: Primarina|confusion
|-activate|p1a: Primarina|confusion
|move|p1a: Primarina|Ice Beam|p2a: Zapdos
|-supereffective|p2a: Zapdos
|-damage|p2a: Zapdos|0 fnt
|faint|p2a: Zapdos
|
|upkeep
|inactive|DuckyBro has 120 seconds left.
|
|t:|1780999411
|switch|p2a: Garchomp|Garchomp, F|100/100
|-damage|p2a: Garchomp|94/100|[from] Stealth Rock
|turn|6
|
|t:|1780999419
|switch|p1a: Landorus|Landorus-Therian, M|6/100
|-ability|p1a: Landorus|Intimidate|boost
|-unboost|p2a: Garchomp|atk|1
|move|p2a: Garchomp|Earthquake|p1a: Landorus
|-immune|p1a: Landorus
|
|upkeep
|turn|7
|
|t:|1780999428
|move|p1a: Landorus|Taunt|p2a: Garchomp
|-start|p2a: Garchomp|move: Taunt
|move|p2a: Garchomp|Iron Head|p1a: Landorus
|-damage|p1a: Landorus|0 fnt
|-damage|p2a: Garchomp|78/100|[from] item: Rocky Helmet|[of] p1a: Landorus
|faint|p1a: Landorus
|
|upkeep
|
|t:|1780999437
|switch|p1a: Great Tusk|Great Tusk|100/100
|turn|8
|inactive|Juchzer has 120 seconds left.
|
|t:|1780999454
|switch|p2a: Dondozo|Dondozo, F|100/100
|-damage|p2a: Dondozo|88/100|[from] Stealth Rock
|move|p1a: Great Tusk|Headlong Rush|p2a: Dondozo
|-damage|p2a: Dondozo|60/100
|-unboost|p1a: Great Tusk|def|1
|-unboost|p1a: Great Tusk|spd|1
|
|upkeep
|turn|9
|
|t:|1780999480
|-terastallize|p1a: Great Tusk|Grass
|move|p1a: Great Tusk|Headlong Rush|p2a: Dondozo
|-damage|p2a: Dondozo|35/100
|-unboost|p1a: Great Tusk|def|1
|-unboost|p1a: Great Tusk|spd|1
|move|p2a: Dondozo|Rest|p2a: Dondozo
|-status|p2a: Dondozo|slp|[from] move: Rest
|-heal|p2a: Dondozo|100/100 slp|[silent]
|
|upkeep
|turn|10
|
|t:|1780999489
|-end|p1a: Great Tusk|Protosynthesis|[silent]
|switch|p1a: Primarina|Primarina, M|46/100
|cant|p2a: Dondozo|slp
|move|p2a: Dondozo|Sleep Talk|p2a: Dondozo
|move|p2a: Dondozo|Liquidation|p1a: Primarina|[from] move: Sleep Talk
|-resisted|p1a: Primarina
|-damage|p1a: Primarina|27/100
|-unboost|p1a: Primarina|def|1
|
|upkeep
|turn|11
|
|t:|1780999498
|switch|p2a: Cinderace|Cinderace, F|100/100
|move|p1a: Primarina|Draining Kiss|p2a: Cinderace
|-resisted|p2a: Cinderace
|-damage|p2a: Cinderace|81/100
|-heal|p1a: Primarina|39/100|[from] drain|[of] p2a: Cinderace
|
|upkeep
|turn|12
|inactive|Juchzer has 90 seconds left.
|
|t:|1780999528
|move|p2a: Cinderace|Pyro Ball|p1a: Primarina
|-resisted|p1a: Primarina
|-damage|p1a: Primarina|0 fnt
|faint|p1a: Primarina
|
|upkeep
|inactive|Juchzer has 90 seconds left.
|
|t:|1780999537
|switch|p1a: Hoopa|Hoopa-Unbound|100/100
|turn|13
|
|t:|1780999542
|move|p1a: Hoopa|Psychic|p2a: Cinderace
|-damage|p2a: Cinderace|5/100
|move|p2a: Cinderace|U-turn|p1a: Hoopa
|-start|p2a: Cinderace|typechange|Bug|[from] ability: Libero
|-supereffective|p1a: Hoopa
|-damage|p1a: Hoopa|0 fnt
|faint|p1a: Hoopa
|
|t:|1780999547
|switch|p2a: Garchomp|Garchomp, F|78/100|[from] U-turn
|-damage|p2a: Garchomp|72/100|[from] Stealth Rock
|
|upkeep
|inactive|Juchzer has 90 seconds left.
|
|t:|1780999584
|switch|p1a: Great Tusk|Great Tusk, tera:Grass|100/100
|turn|14
|
|t:|1780999588
|move|p2a: Garchomp|Scale Shot|p1a: Great Tusk
|-damage|p1a: Great Tusk|90/100
|-damage|p1a: Great Tusk|80/100
|-damage|p1a: Great Tusk|69/100
|-damage|p1a: Great Tusk|59/100
|-damage|p1a: Great Tusk|49/100
|-hitcount|p1a: Great Tusk|5
|-unboost|p2a: Garchomp|def|1
|-boost|p2a: Garchomp|spe|1
|move|p1a: Great Tusk|Bulk Up|p1a: Great Tusk
|-boost|p1a: Great Tusk|atk|1
|-boost|p1a: Great Tusk|def|1
|
|-heal|p1a: Great Tusk|55/100|[from] item: Leftovers
|upkeep
|turn|15
|inactive|Juchzer has 90 seconds left.
|
|t:|1780999602
|move|p2a: Garchomp|Scale Shot|p1a: Great Tusk
|-damage|p1a: Great Tusk|48/100
|-damage|p1a: Great Tusk|41/100
|-damage|p1a: Great Tusk|34/100
|-damage|p1a: Great Tusk|27/100
|-damage|p1a: Great Tusk|20/100
|-hitcount|p1a: Great Tusk|5
|-unboost|p2a: Garchomp|def|1
|-boost|p2a: Garchomp|spe|1
|move|p1a: Great Tusk|Ice Spinner|p2a: Garchomp
|-supereffective|p2a: Garchomp
|-damage|p2a: Garchomp|0 fnt
|-damage|p1a: Great Tusk|7/100|[from] ability: Rough Skin|[of] p2a: Garchomp
|faint|p2a: Garchomp
|
|-heal|p1a: Great Tusk|13/100|[from] item: Leftovers
|upkeep
|
|t:|1780999607
|switch|p2a: Cinderace|Cinderace, F|5/100
|turn|16
|
|t:|1780999617
|move|p2a: Cinderace|U-turn|p1a: Great Tusk
|-start|p2a: Cinderace|typechange|Bug|[from] ability: Libero
|-supereffective|p1a: Great Tusk
|-damage|p1a: Great Tusk|0 fnt
|faint|p1a: Great Tusk
|-end|p1a: Great Tusk|Protosynthesis|[silent]
|
|t:|1780999621
|switch|p2a: Volcanion|Volcanion|100/100|[from] U-turn
|-damage|p2a: Volcanion|76/100|[from] Stealth Rock
|
|upkeep
|
|t:|1780999630
|switch|p1a: Gholdengo|Gholdengo|100/100
|turn|17
|
|t:|1780999637
|move|p1a: Gholdengo|Power Gem|p2a: Volcanion
|-supereffective|p2a: Volcanion
|-damage|p2a: Volcanion|34/100
|move|p2a: Volcanion|Fire Blast|p1a: Gholdengo|[miss]
|-miss|p2a: Volcanion|p1a: Gholdengo
|
|upkeep
|turn|18
|
|t:|1780999647
|move|p1a: Gholdengo|Power Gem|p2a: Volcanion
|-supereffective|p2a: Volcanion
|-damage|p2a: Volcanion|0 fnt
|faint|p2a: Volcanion
|
|upkeep
|
|t:|1780999649
|switch|p2a: Cinderace|Cinderace, F|5/100
|turn|19
|j| mawaruru
|
|t:|1780999656
|move|p1a: Gholdengo|Power Gem|p2a: Cinderace
|-supereffective|p2a: Cinderace
|-damage|p2a: Cinderace|0 fnt
|faint|p2a: Cinderace
|
|upkeep
|l| mawaruru
|c|☆DuckyBro|yup this game want my doom
|
|t:|1780999672
|switch|p2a: Kyurem|Kyurem|100/100
|-damage|p2a: Kyurem|76/100|[from] Stealth Rock
|-ability|p2a: Kyurem|Pressure
|turn|20
|inactive|Juchzer has 120 seconds left.
|
|t:|1780999693
|-terastallize|p2a: Kyurem|Fairy
|move|p1a: Gholdengo|Power Gem|p2a: Kyurem
|-crit|p2a: Kyurem
|-damage|p2a: Kyurem|38/100
|move|p2a: Kyurem|Earth Power|p1a: Gholdengo
|-supereffective|p1a: Gholdengo
|-damage|p1a: Gholdengo|0 fnt
|faint|p1a: Gholdengo
|
|upkeep
|
|t:|1780999696
|switch|p1a: Scizor|Scizor, F|100/100
|turn|21
|
|t:|1780999700
|move|p1a: Scizor|Bullet Punch|p2a: Kyurem
|-supereffective|p2a: Kyurem
|-damage|p2a: Kyurem|0 fnt
|faint|p2a: Kyurem
|
|upkeep
|
|t:|1780999702
|switch|p2a: Dondozo|Dondozo, F|100/100 slp
|-damage|p2a: Dondozo|88/100 slp|[from] Stealth Rock
|turn|22
|
|t:|1780999711
|move|p1a: Scizor|Dual Wingbeat|p2a: Dondozo
|-damage|p2a: Dondozo|79/100 slp
|-damage|p2a: Dondozo|67/100 slp
|-hitcount|p2a: Dondozo|2
|cant|p2a: Dondozo|slp
|move|p2a: Dondozo|Sleep Talk|p2a: Dondozo
|move|p2a: Dondozo|Liquidation|p1a: Scizor|[from] move: Sleep Talk
|-damage|p1a: Scizor|71/100
|
|-heal|p1a: Scizor|77/100|[from] item: Leftovers
|upkeep
|turn|23
|
|t:|1780999717
|move|p1a: Scizor|Dual Wingbeat|p2a: Dondozo
|-damage|p2a: Dondozo|56/100 slp
|-damage|p2a: Dondozo|45/100 slp
|-hitcount|p2a: Dondozo|2
|-curestatus|p2a: Dondozo|slp|[msg]
|move|p2a: Dondozo|Curse|p2a: Dondozo
|-unboost|p2a: Dondozo|spe|1
|-boost|p2a: Dondozo|atk|1
|-boost|p2a: Dondozo|def|1
|
|-heal|p1a: Scizor|84/100|[from] item: Leftovers
|upkeep
|turn|24
|
|t:|1780999726
|move|p1a: Scizor|Dual Wingbeat|p2a: Dondozo
|-damage|p2a: Dondozo|39/100
|-damage|p2a: Dondozo|32/100
|-hitcount|p2a: Dondozo|2
|move|p2a: Dondozo|Liquidation|p1a: Scizor
|-damage|p1a: Scizor|37/100
|
|-heal|p1a: Scizor|43/100|[from] item: Leftovers
|upkeep
|turn|25
|
|t:|1780999733
|move|p1a: Scizor|Dual Wingbeat|p2a: Dondozo
|-damage|p2a: Dondozo|25/100
|-crit|p2a: Dondozo
|-damage|p2a: Dondozo|10/100
|-hitcount|p2a: Dondozo|2
|move|p2a: Dondozo|Liquidation|p1a: Scizor
|-damage|p1a: Scizor|2/100
|
|-heal|p1a: Scizor|8/100|[from] item: Leftovers
|upkeep
|turn|26
|c|☆DuckyBro|no way
|
|t:|1780999743
|move|p1a: Scizor|Close Combat|p2a: Dondozo
|-damage|p2a: Dondozo|0 fnt
|-unboost|p1a: Scizor|def|1
|-unboost|p1a: Scizor|spd|1
|faint|p2a: Dondozo
|
|win|Juchzer
|raw|Juchzer's rating: 1584 &rarr; <strong>1609</strong><br />(+25 for winning)
|raw|DuckyBro's rating: 1673 &rarr; <strong>1648</strong><br />(-25 for losing)
|c|☆Juchzer|gg
|l|☆DuckyBro
|player|p2|
|l|☆Juchzer
|player|p1|
