|j|☆Mystic_Meloetta
|j|☆lklowxhn
|t:|1781009191
|gametype|singles
|player|p1|Mystic_Meloetta|265|1583
|player|p2|lklowxhn|miku-ghost|1672
|gen|9
|tier|[Gen 9] OU
|rated|
|rule|HP Percentage Mod: HP is shown in percentages
|rule|Endless Battle Clause: Forcing endless battles is banned
|rule|Species Clause: Limit one of each Pokémon
|rule|OHKO Clause: OHKO moves are banned
|rule|Evasion Items Clause: Evasion items are banned
|rule|Evasion Moves Clause: Evasion moves are banned
|rule|Evasion Abilities Clause: Evasion abilities are banned
|rule|Sleep Moves Clause: Sleep-inducing moves are banned
|clearpoke
|poke|p1|Jirachi|
|poke|p1|Garganacl, M|
|poke|p1|Quaquaval, M|
|poke|p1|Iron Valiant|
|poke|p1|Weezing-Galar, F|
|poke|p1|Meowscarada, M|
|poke|p2|Serperior, F|
|poke|p2|Slowbro, F|
|poke|p2|Fezandipiti, M|
|poke|p2|Great Tusk|
|poke|p2|Tornadus-Therian, M|
|poke|p2|Heatran, F|
|teampreview
|inactive|Battle timer is ON: inactive players will automatically lose when time's up. (requested by lklowxhn)
|
|t:|1781009208
|teamsize|p1|6
|teamsize|p2|6
|start
|switch|p1a: Meowscarada|Meowscarada, M|100/100
|switch|p2a: Serperior|Serperior, F|100/100
|turn|1
|
|t:|1781009213
|switch|p2a: Tornadus|Tornadus-Therian, M|100/100
|move|p1a: Meowscarada|U-turn|p2a: Tornadus
|-start|p1a: Meowscarada|typechange|Bug|[from] ability: Protean
|-resisted|p2a: Tornadus
|-damage|p2a: Tornadus|77/100
|
|t:|1781009221
|switch|p1a: Jirachi|Jirachi|100/100|[from] U-turn
|
|upkeep
|turn|2
|
|t:|1781009227
|move|p2a: Tornadus|Nasty Plot|p2a: Tornadus
|-boost|p2a: Tornadus|spa|2
|move|p1a: Jirachi|Thunder Wave|p2a: Tornadus
|-status|p2a: Tornadus|par
|
|upkeep
|turn|3
|
|t:|1781009230
|move|p1a: Jirachi|Iron Head|p2a: Tornadus
|-damage|p2a: Tornadus|41/100 par
|move|p2a: Tornadus|Heat Wave|p1a: Jirachi
|-supereffective|p1a: Jirachi
|-damage|p1a: Jirachi|0 fnt
|faint|p1a: Jirachi
|
|upkeep
|
|t:|1781009235
|switch|p1a: Iron Valiant|Iron Valiant|100/100
|turn|4
|
|t:|1781009238
|switch|p2a: Fezandipiti|Fezandipiti, M|100/100
|move|p1a: Iron Valiant|Thunderbolt|p2a: Fezandipiti
|-damage|p2a: Fezandipiti|84/100
|-status|p2a: Fezandipiti|par
|
|-heal|p2a: Fezandipiti|90/100 par|[from] item: Leftovers
|upkeep
|turn|5
|
|t:|1781009245
|-end|p1a: Iron Valiant|Quark Drive|[silent]
|switch|p1a: Garganacl|Garganacl, M|100/100
|move|p2a: Fezandipiti|U-turn|p1a: Garganacl
|-damage|p1a: Garganacl|93/100
|
|t:|1781009247
|switch|p2a: Serperior|Serperior, F|100/100|[from] U-turn
|
|-heal|p1a: Garganacl|99/100|[from] item: Leftovers
|upkeep
|turn|6
|
|t:|1781009254
|switch|p1a: Weezing|Weezing-Galar, F|100/100
|-ability|p1a: Weezing|Neutralizing Gas
|move|p2a: Serperior|Substitute|p2a: Serperior
|-start|p2a: Serperior|Substitute
|-damage|p2a: Serperior|75/100
|
|-heal|p2a: Serperior|82/100|[from] item: Leftovers
|upkeep
|turn|7
|
|t:|1781009257
|move|p2a: Serperior|Leech Seed|p1a: Weezing
|-start|p1a: Weezing|move: Leech Seed
|move|p1a: Weezing|Strange Steam|p2a: Serperior
|-end|p2a: Serperior|Substitute
|
|-heal|p2a: Serperior|88/100|[from] item: Leftovers
|-damage|p1a: Weezing|88/100|[from] Leech Seed|[of] p2a: Serperior
|-heal|p2a: Serperior|100/100|[silent]
|upkeep
|turn|8
|
|t:|1781009265
|switch|p2a: Heatran|Heatran, F|100/100
|move|p1a: Weezing|Strange Steam|p2a: Heatran
|-resisted|p2a: Heatran
|-damage|p2a: Heatran|97/100
|
|-heal|p2a: Heatran|100/100|[from] item: Leftovers
|-heal|p1a: Weezing|94/100|[from] item: Leftovers
|-damage|p1a: Weezing|82/100|[from] Leech Seed|[of] p2a: Heatran
|upkeep
|turn|9
|
|t:|1781009272
|-end|p1a: Weezing|ability: Neutralizing Gas
|switch|p1a: Quaquaval|Quaquaval, M|100/100
|move|p2a: Heatran|Stealth Rock|p1a: Quaquaval
|-sidestart|p1: Mystic_Meloetta|move: Stealth Rock
|
|upkeep
|turn|10
|
|t:|1781009279
|switch|p2a: 小树林|Slowbro, F|100/100
|move|p1a: Quaquaval|Rapid Spin|p2a: 小树林
|-damage|p2a: 小树林|92/100
|-boost|p1a: Quaquaval|spe|1
|-sideend|p1: Mystic_Meloetta|Stealth Rock|[from] move: Rapid Spin|[of] p1a: Quaquaval
|
|upkeep
|turn|11
|
|t:|1781009287
|move|p1a: Quaquaval|Knock Off|p2a: 小树林
|-supereffective|p2a: 小树林
|-crit|p2a: 小树林
|-enditem|p2a: 小树林|Colbur Berry|[eat]
|-enditem|p2a: 小树林|Colbur Berry|[weaken]
|-damage|p2a: 小树林|67/100
|move|p2a: 小树林|Future Sight|p1a: Quaquaval
|-start|p2a: 小树林|move: Future Sight
|
|upkeep
|turn|12
|
|t:|1781009295
|move|p1a: Quaquaval|U-turn|p2a: 小树林
|-supereffective|p2a: 小树林
|-damage|p2a: 小树林|45/100
|
|t:|1781009297
|switch|p1a: Meowscarada|Meowscarada, M|100/100|[from] U-turn
|move|p2a: 小树林|Body Press|p1a: Meowscarada
|-supereffective|p1a: Meowscarada
|-damage|p1a: Meowscarada|18/100
|
|upkeep
|turn|13
|
|t:|1781009304
|-terastallize|p2a: 小树林|Fighting
|move|p1a: Meowscarada|U-turn|p2a: 小树林
|-start|p1a: Meowscarada|typechange|Bug|[from] ability: Protean
|-resisted|p2a: 小树林
|-damage|p2a: 小树林|36/100
|
|t:|1781009308
|switch|p1a: Quaquaval|Quaquaval, M|100/100|[from] U-turn
|move|p2a: 小树林|Body Press|p1a: Quaquaval
|-damage|p1a: Quaquaval|56/100
|
|-end|p1a: Quaquaval|move: Future Sight
|-supereffective|p1a: Quaquaval
|-damage|p1a: Quaquaval|7/100
|upkeep
|turn|14
|
|t:|1781009322
|switch|p2a: Tornadus|Tornadus-Therian, M|74/100 par
|move|p1a: Quaquaval|Aqua Step|p2a: Tornadus
|-crit|p2a: Tornadus
|-damage|p2a: Tornadus|2/100 par
|-boost|p1a: Quaquaval|spe|1
|
|upkeep
|turn|15
|
|t:|1781009329
|move|p1a: Quaquaval|Aqua Step|p2a: Tornadus
|-damage|p2a: Tornadus|0 fnt
|-boost|p1a: Quaquaval|spe|1
|faint|p2a: Tornadus
|-ability|p1a: Quaquaval|Moxie|boost
|-boost|p1a: Quaquaval|atk|1
|
|upkeep
|
|t:|1781009331
|switch|p2a: 小树林|Slowbro, F, tera:Fighting|69/100
|turn|16
|
|t:|1781009334
|move|p1a: Quaquaval|Aqua Step|p2a: 小树林
|-crit|p2a: 小树林
|-damage|p2a: 小树林|27/100
|-boost|p1a: Quaquaval|spe|1
|move|p2a: 小树林|Body Press|p1a: Quaquaval
|-damage|p1a: Quaquaval|0 fnt
|faint|p1a: Quaquaval
|
|upkeep
|
|t:|1781009338
|switch|p1a: Iron Valiant|Iron Valiant|100/100
|turn|17
|
|t:|1781009345
|switch|p2a: Fezandipiti|Fezandipiti, M|90/100 par
|move|p1a: Iron Valiant|Moonblast|p2a: Fezandipiti
|-resisted|p2a: Fezandipiti
|-damage|p2a: Fezandipiti|77/100 par
|-unboost|p2a: Fezandipiti|spa|1
|
|-heal|p2a: Fezandipiti|83/100 par|[from] item: Leftovers
|upkeep
|turn|18
|
|t:|1781009350
|move|p1a: Iron Valiant|Moonblast|p2a: Fezandipiti
|-resisted|p2a: Fezandipiti
|-damage|p2a: Fezandipiti|69/100 par
|move|p2a: Fezandipiti|U-turn|p1a: Iron Valiant
|-resisted|p1a: Iron Valiant
|-damage|p1a: Iron Valiant|96/100
|
|t:|1781009353
|switch|p2a: Heatran|Heatran, F|100/100|[from] U-turn
|
|upkeep
|turn|19
|
|t:|1781009356
|switch|p2a: Fezandipiti|Fezandipiti, M|69/100 par
|move|p1a: Iron Valiant|Aura Sphere|p2a: Fezandipiti
|-resisted|p2a: Fezandipiti
|-damage|p2a: Fezandipiti|64/100 par
|
|-heal|p2a: Fezandipiti|70/100 par|[from] item: Leftovers
|upkeep
|turn|20
|
|t:|1781009361
|-end|p1a: Iron Valiant|Quark Drive|[silent]
|switch|p1a: Garganacl|Garganacl, M|99/100
|move|p2a: Fezandipiti|Moonblast|p1a: Garganacl
|-damage|p1a: Garganacl|76/100
|
|-heal|p1a: Garganacl|82/100|[from] item: Leftovers
|-heal|p2a: Fezandipiti|76/100 par|[from] item: Leftovers
|upkeep
|turn|21
|
|t:|1781009365
|switch|p2a: Great Tusk|Great Tusk|100/100
|-enditem|p2a: Great Tusk|Booster Energy
|-activate|p2a: Great Tusk|ability: Protosynthesis|[fromitem]
|-start|p2a: Great Tusk|protosynthesisatk
|move|p1a: Garganacl|Salt Cure|p2a: Great Tusk
|-resisted|p2a: Great Tusk
|-damage|p2a: Great Tusk|98/100
|-start|p2a: Great Tusk|Salt Cure
|
|-heal|p1a: Garganacl|88/100|[from] item: Leftovers
|-damage|p2a: Great Tusk|86/100|[from] Salt Cure
|upkeep
|turn|22
|
|t:|1781009376
|switch|p1a: Iron Valiant|Iron Valiant|96/100
|move|p2a: Great Tusk|Headlong Rush|p1a: Iron Valiant
|-damage|p1a: Iron Valiant|0 fnt
|-unboost|p2a: Great Tusk|def|1
|-unboost|p2a: Great Tusk|spd|1
|faint|p1a: Iron Valiant
|-end|p1a: Iron Valiant|Quark Drive|[silent]
|
|-damage|p2a: Great Tusk|73/100|[from] Salt Cure
|upkeep
|
|t:|1781009379
|switch|p1a: Meowscarada|Meowscarada, M|18/100
|turn|23
|
|t:|1781009383
|move|p1a: Meowscarada|U-turn|p2a: Great Tusk
|-start|p1a: Meowscarada|typechange|Bug|[from] ability: Protean
|-resisted|p2a: Great Tusk
|-damage|p2a: Great Tusk|56/100
|
|t:|1781009385
|switch|p1a: Weezing|Weezing-Galar, F|82/100|[from] U-turn
|-ability|p1a: Weezing|Neutralizing Gas
|move|p2a: Great Tusk|Headlong Rush|p1a: Weezing
|-supereffective|p1a: Weezing
|-damage|p1a: Weezing|2/100
|-unboost|p2a: Great Tusk|def|1
|-unboost|p2a: Great Tusk|spd|1
|
|-heal|p1a: Weezing|8/100|[from] item: Leftovers
|-damage|p2a: Great Tusk|44/100|[from] Salt Cure
|upkeep
|turn|24
|
|t:|1781009390
|move|p2a: Great Tusk|Rapid Spin|p1a: Weezing
|-damage|p1a: Weezing|0 fnt
|-boost|p2a: Great Tusk|spe|1
|faint|p1a: Weezing
|-end|p1a: Weezing|ability: Neutralizing Gas
|
|-damage|p2a: Great Tusk|31/100|[from] Salt Cure
|upkeep
|-message|Mystic_Meloetta forfeited.
|
|win|lklowxhn
|raw|Mystic_Meloetta's rating: 1583 &rarr; <strong>1568</strong><br />(-15 for losing)
|raw|lklowxhn's rating: 1672 &rarr; <strong>1687</strong><br />(+15 for winning)
|l|☆Mystic_Meloetta
|player|p1|
|l|☆lklowxhn
|player|p2|
