|badge|p1|bronze|gen9ou|100-9
|uhtml|medal-msg|<div class="broadcast-blue">Curious what those medals under the avatar are? PS now has Ladder Seasons! For more information, check out the <a href="https://www.smogon.com/forums/threads/3740067/">thread on Smogon.</a></div>
|j|☆Billygunter
|j|☆ykykp
|t:|1780894947
|gametype|singles
|player|p1|Billygunter|102|1813
|player|p2|ykykp|266|1776
|gen|9
|tier|[Gen 9] OU
|rated|
|rule|HP Percentage Mod: HP is shown in percentages
|rule|Endless Battle Clause: Forcing endless battles is banned
|rule|Species Clause: Limit one of each Pokémon
|rule|OHKO Clause: OHKO moves are banned
|rule|Evasion Items Clause: Evasion items are banned
|rule|Evasion Moves Clause: Evasion moves are banned
|rule|Evasion Abilities Clause: Evasion abilities are banned
|rule|Sleep Moves Clause: Sleep-inducing moves are banned
|clearpoke
|poke|p1|Ceruledge, M|
|poke|p1|Raging Bolt|
|poke|p1|Hatterene, F|
|poke|p1|Cobalion|
|poke|p1|Ogerpon-Wellspring, F|
|poke|p1|Landorus-Therian, M|
|poke|p2|Hoopa-Unbound|
|poke|p2|Iron Valiant|
|poke|p2|Pecharunt|
|poke|p2|Alomomola, M|
|poke|p2|Cinderace, F|
|poke|p2|Zamazenta-*|
|teampreview
|inactive|Battle timer is ON: inactive players will automatically lose when time's up. (requested by ykykp)
|
|t:|1780894955
|teamsize|p1|6
|teamsize|p2|6
|start
|switch|p1a: Landorus|Landorus-Therian, M|100/100
|switch|p2a: Hoopa|Hoopa-Unbound|100/100
|-ability|p1a: Landorus|Intimidate|boost
|-unboost|p2a: Hoopa|atk|1
|turn|1
|
|t:|1780894963
|switch|p2a: Pecharunt|Pecharunt|100/100
|move|p1a: Landorus|U-turn|p2a: Pecharunt
|-resisted|p2a: Pecharunt
|-damage|p2a: Pecharunt|98/100
|
|t:|1780894972
|switch|p1a: Raging Bolt|Raging Bolt|100/100|[from] U-turn
|
|upkeep
|turn|2
|
|t:|1780894978
|move|p1a: Raging Bolt|Thunderbolt|p2a: Pecharunt
|-damage|p2a: Pecharunt|18/100
|move|p2a: Pecharunt|Parting Shot|p1a: Raging Bolt
|-unboost|p1a: Raging Bolt|atk|1
|-unboost|p1a: Raging Bolt|spa|1
|
|t:|1780894980
|switch|p2a: Hoopa|Hoopa-Unbound|100/100|[from] Parting Shot
|
|upkeep
|turn|3
|
|t:|1780894993
|-end|p1a: Raging Bolt|Protosynthesis|[silent]
|switch|p1a: Landorus|Landorus-Therian, M|100/100
|-ability|p1a: Landorus|Intimidate|boost
|-unboost|p2a: Hoopa|atk|1
|move|p2a: Hoopa|Knock Off|p1a: Landorus
|-damage|p1a: Landorus|28/100
|-enditem|p1a: Landorus|Choice Scarf|[from] move: Knock Off|[of] p2a: Hoopa
|
|upkeep
|turn|4
|j| mawaruru
|
|t:|1780895002
|switch|p2a: Pecharunt|Pecharunt|18/100
|move|p1a: Landorus|U-turn|p2a: Pecharunt
|-resisted|p2a: Pecharunt
|-damage|p2a: Pecharunt|15/100
|
|t:|1780895014
|switch|p1a: Raging Bolt|Raging Bolt|100/100|[from] U-turn
|
|upkeep
|turn|5
|
|t:|1780895019
|move|p1a: Raging Bolt|Volt Switch|p2a: Pecharunt
|-damage|p2a: Pecharunt|0 fnt
|faint|p2a: Pecharunt
|
|t:|1780895036
|-end|p1a: Raging Bolt|Protosynthesis|[silent]
|switch|p1a: Ogerpon|Ogerpon-Wellspring, F|100/100|[from] Volt Switch
|
|upkeep
|
|t:|1780895042
|switch|p2a: Cinderace|Cinderace, F|100/100
|turn|6
|
|t:|1780895047
|-terastallize|p1a: Ogerpon|Water
|detailschange|p1a: Ogerpon|Ogerpon-Wellspring-Tera, F, tera:Water
|-ability|p1a: Ogerpon|Embody Aspect (Wellspring)|boost
|-boost|p1a: Ogerpon|spd|1
|move|p2a: Cinderace|U-turn|p1a: Ogerpon
|-start|p2a: Cinderace|typechange|Bug|[from] ability: Libero
|-damage|p1a: Ogerpon|55/100
|
|t:|1780895055
|switch|p2a: Alomomola|Alomomola, M|100/100|[from] U-turn
|move|p1a: Ogerpon|Ivy Cudgel|p2a: Alomomola|[anim] Ivy Cudgel Water
|-resisted|p2a: Alomomola
|-damage|p2a: Alomomola|74/100
|
|upkeep
|turn|7
|l| mawaruru
|
|t:|1780895065
|switch|p2a: Cinderace|Cinderace, F|100/100
|move|p1a: Ogerpon|Power Whip|p2a: Cinderace
|-resisted|p2a: Cinderace
|-damage|p2a: Cinderace|48/100
|
|upkeep
|turn|8
|
|t:|1780895073
|switch|p1a: Cobalion|Cobalion|100/100
|move|p2a: Cinderace|U-turn|p1a: Cobalion
|-start|p2a: Cinderace|typechange|Bug|[from] ability: Libero
|-resisted|p1a: Cobalion
|-damage|p1a: Cobalion|95/100
|-damage|p2a: Cinderace|32/100|[from] item: Rocky Helmet|[of] p1a: Cobalion
|
|t:|1780895091
|switch|p2a: Hoopa|Hoopa-Unbound|100/100|[from] U-turn
|
|upkeep
|turn|9
|
|t:|1780895098
|move|p1a: Cobalion|Body Press|p2a: Hoopa
|-damage|p2a: Hoopa|28/100
|move|p2a: Hoopa|Knock Off|p1a: Cobalion
|-resisted|p1a: Cobalion
|-damage|p1a: Cobalion|62/100
|-damage|p2a: Hoopa|11/100|[from] item: Rocky Helmet|[of] p1a: Cobalion
|-ability|p1a: Cobalion|Justified|boost
|-boost|p1a: Cobalion|atk|1
|-enditem|p1a: Cobalion|Rocky Helmet|[from] move: Knock Off|[of] p2a: Hoopa
|
|upkeep
|turn|10
|
|t:|1780895109
|switch|p2a: Alomomola|Alomomola, M|100/100
|move|p1a: Cobalion|Volt Switch|p2a: Alomomola
|-supereffective|p2a: Alomomola
|-damage|p2a: Alomomola|83/100
|
|t:|1780895119
|switch|p1a: Ogerpon|Ogerpon-Wellspring-Tera, F, tera:Water|55/100|[from] Volt Switch
|-ability|p1a: Ogerpon|Embody Aspect (Wellspring)|boost
|-boost|p1a: Ogerpon|spd|1
|
|upkeep
|turn|11
|
|t:|1780895133
|switch|p2a: Hoopa|Hoopa-Unbound|11/100
|move|p1a: Ogerpon|Power Whip|p2a: Hoopa
|-damage|p2a: Hoopa|0 fnt
|faint|p2a: Hoopa
|
|upkeep
|
|t:|1780895135
|switch|p2a: Iron Valiant|Iron Valiant|100/100
|turn|12
|
|t:|1780895144
|switch|p1a: Landorus|Landorus-Therian, M|28/100
|-ability|p1a: Landorus|Intimidate|boost
|-unboost|p2a: Iron Valiant|atk|1
|move|p2a: Iron Valiant|Moonblast|p1a: Landorus
|-damage|p1a: Landorus|0 fnt
|faint|p1a: Landorus
|
|upkeep
|
|t:|1780895156
|switch|p1a: Ceruledge|Ceruledge, M|100/100
|turn|13
|
|t:|1780895161
|-terastallize|p2a: Iron Valiant|Fairy
|move|p2a: Iron Valiant|Moonblast|p1a: Ceruledge
|-resisted|p1a: Ceruledge
|-damage|p1a: Ceruledge|56/100
|move|p1a: Ceruledge|Swords Dance|p1a: Ceruledge
|-boost|p1a: Ceruledge|atk|2
|
|upkeep
|turn|14
|
|t:|1780895170
|-end|p2a: Iron Valiant|Quark Drive|[silent]
|switch|p2a: Alomomola|Alomomola, M|100/100
|move|p1a: Ceruledge|Bitter Blade|p2a: Alomomola
|-resisted|p2a: Alomomola
|-damage|p2a: Alomomola|58/100
|-heal|p1a: Ceruledge|90/100|[from] drain|[of] p2a: Alomomola
|-damage|p1a: Ceruledge|80/100|[from] item: Life Orb
|
|upkeep
|turn|15
|
|t:|1780895179
|move|p1a: Ceruledge|Poltergeist|p2a: Alomomola
|-activate|p2a: Alomomola|move: Poltergeist|Assault Vest
|-damage|p2a: Alomomola|0 fnt
|faint|p2a: Alomomola
|-damage|p1a: Ceruledge|70/100|[from] item: Life Orb
|
|upkeep
|
|t:|1780895182
|switch|p2a: Zamazenta|Zamazenta|100/100
|-ability|p2a: Zamazenta|Dauntless Shield|boost
|-boost|p2a: Zamazenta|def|1
|turn|16
|
|t:|1780895191
|move|p2a: Zamazenta|Crunch|p1a: Ceruledge
|-supereffective|p1a: Ceruledge
|-crit|p1a: Ceruledge
|-damage|p1a: Ceruledge|0 fnt
|faint|p1a: Ceruledge
|
|upkeep
|
|t:|1780895196
|switch|p1a: Hatterene|Hatterene, F|100/100
|turn|17
|
|t:|1780895200
|switch|p2a: Cinderace|Cinderace, F|32/100
|move|p1a: Hatterene|Psychic Noise|p2a: Cinderace
|-damage|p2a: Cinderace|0 fnt
|faint|p2a: Cinderace
|
|upkeep
|
|t:|1780895208
|switch|p2a: Iron Valiant|Iron Valiant, tera:Fairy|100/100
|turn|18
|
|t:|1780895212
|move|p2a: Iron Valiant|Moonblast|p1a: Hatterene
|-damage|p1a: Hatterene|4/100
|move|p1a: Hatterene|Nuzzle|p2a: Iron Valiant
|-damage|p2a: Iron Valiant|95/100
|-status|p2a: Iron Valiant|par
|
|upkeep
|turn|19
|
|t:|1780895221
|move|p2a: Iron Valiant|Moonblast|p1a: Hatterene
|-damage|p1a: Hatterene|0 fnt
|faint|p1a: Hatterene
|
|upkeep
|
|t:|1780895226
|switch|p1a: Ogerpon|Ogerpon-Wellspring-Tera, F, tera:Water|55/100
|-ability|p1a: Ogerpon|Embody Aspect (Wellspring)|boost
|-boost|p1a: Ogerpon|spd|1
|turn|20
|
|t:|1780895231
|move|p1a: Ogerpon|Ivy Cudgel|p2a: Iron Valiant|[anim] Ivy Cudgel Water
|-damage|p2a: Iron Valiant|1/100 par
|move|p2a: Iron Valiant|Moonblast|p1a: Ogerpon
|-damage|p1a: Ogerpon|0 fnt
|faint|p1a: Ogerpon
|detailschange|p1: Ogerpon|Ogerpon-Wellspring, F|[silent]
|
|upkeep
|
|t:|1780895239
|switch|p1a: Cobalion|Cobalion|62/100
|turn|21
|
|t:|1780895250
|-end|p2a: Iron Valiant|Quark Drive|[silent]
|switch|p2a: Zamazenta|Zamazenta|100/100
|move|p1a: Cobalion|Volt Switch|p2a: Zamazenta
|-damage|p2a: Zamazenta|88/100
|
|t:|1780895256
|switch|p1a: Raging Bolt|Raging Bolt|100/100|[from] Volt Switch
|
|upkeep
|turn|22
|
|t:|1780895276
|move|p2a: Zamazenta|Close Combat|p1a: Raging Bolt
|-damage|p1a: Raging Bolt|10/100
|-unboost|p2a: Zamazenta|def|1
|-unboost|p2a: Zamazenta|spd|1
|move|p1a: Raging Bolt|Draco Meteor|p2a: Zamazenta
|-damage|p2a: Zamazenta|0 fnt
|-unboost|p1a: Raging Bolt|spa|2
|faint|p2a: Zamazenta
|
|upkeep
|
|t:|1780895280
|switch|p2a: Iron Valiant|Iron Valiant, tera:Fairy|1/100 par
|turn|23
|
|t:|1780895295
|move|p2a: Iron Valiant|Vacuum Wave|p1a: Raging Bolt
|-crit|p1a: Raging Bolt
|-damage|p1a: Raging Bolt|0 fnt
|faint|p1a: Raging Bolt
|-end|p1a: Raging Bolt|Protosynthesis|[silent]
|
|upkeep
|
|t:|1780895300
|switch|p1a: Cobalion|Cobalion|62/100
|turn|24
|
|t:|1780895304
|move|p2a: Iron Valiant|Vacuum Wave|p1a: Cobalion
|-supereffective|p1a: Cobalion
|-damage|p1a: Cobalion|0 fnt
|faint|p1a: Cobalion
|
|win|ykykp
|raw|Billygunter's rating: 1813 &rarr; <strong>1791</strong><br />(-22 for losing)
|raw|ykykp's rating: 1776 &rarr; <strong>1798</strong><br />(+22 for winning)
|l|☆Billygunter
|player|p1|
|l|☆ykykp
|player|p2|
|j|☆ykykp
|player|p2|ykykp|266|
|l|☆ykykp
|player|p2|
