|j|☆Drakolise
|j|‽TheCannonites
|t:|1781370974
|gametype|singles
|player|p1|Drakolise|anabel|1641
|player|p2|TheCannonites|n|1636
|gen|9
|tier|[Gen 9] OU
|rated|
|rule|HP Percentage Mod: HP is shown in percentages
|rule|Endless Battle Clause: Forcing endless battles is banned
|rule|Species Clause: Limit one of each Pokémon
|rule|OHKO Clause: OHKO moves are banned
|rule|Evasion Items Clause: Evasion items are banned
|rule|Evasion Moves Clause: Evasion moves are banned
|rule|Evasion Abilities Clause: Evasion abilities are banned
|rule|Sleep Moves Clause: Sleep-inducing moves are banned
|clearpoke
|poke|p1|Great Tusk|
|poke|p1|Cinderace, M|
|poke|p1|Kyurem|
|poke|p1|Hatterene, F|
|poke|p1|Gholdengo|
|poke|p1|Salamence, F|
|poke|p2|Grimmsnarl, M|
|poke|p2|Blastoise, F|
|poke|p2|Hatterene, F|
|poke|p2|Iron Crown|
|poke|p2|Great Tusk|
|poke|p2|Ceruledge, M|
|teampreview
|inactive|Battle timer is ON: inactive players will automatically lose when time's up. (requested by TheCannonites)
|
|t:|1781370980
|teamsize|p1|6
|teamsize|p2|6
|start
|switch|p1a: Cinderace|Cinderace, M, shiny|100/100
|switch|p2a: Grimmsnarl|Grimmsnarl, M|100/100
|turn|1
|
|t:|1781370986
|move|p2a: Grimmsnarl|Reflect|p2a: Grimmsnarl
|-sidestart|p2: TheCannonites|Reflect
|move|p1a: Cinderace|Gunk Shot|p2a: Grimmsnarl
|-start|p1a: Cinderace|typechange|Poison|[from] ability: Libero
|-supereffective|p2a: Grimmsnarl
|-damage|p2a: Grimmsnarl|0 fnt
|faint|p2a: Grimmsnarl
|
|upkeep
|
|t:|1781370997
|switch|p2a: Ceruledge|Ceruledge, M|100/100
|turn|2
|
|t:|1781371000
|switch|p1a: Gholdengo|Gholdengo, shiny|100/100
|move|p2a: Ceruledge|Swords Dance|p2a: Ceruledge
|-boost|p2a: Ceruledge|atk|2
|
|upkeep
|turn|3
|
|t:|1781371006
|move|p1a: Gholdengo|Trick|p2a: Ceruledge
|-activate|p1a: Gholdengo|move: Trick|[of] p2a: Ceruledge
|-item|p2a: Ceruledge|Choice Scarf|[from] move: Trick
|-item|p1a: Gholdengo|Life Orb|[from] move: Trick
|move|p2a: Ceruledge|Bitter Blade|p1a: Gholdengo
|-supereffective|p1a: Gholdengo
|-damage|p1a: Gholdengo|0 fnt
|faint|p1a: Gholdengo
|
|upkeep
|j| Puyu paz
|inactive|Drakolise has 120 seconds left.
|l| Puyu paz
|
|t:|1781371058
|switch|p1a: Salamence|Salamence, F|100/100
|turn|4
|
|t:|1781371062
|move|p2a: Ceruledge|Bitter Blade|p1a: Salamence
|-resisted|p1a: Salamence
|-damage|p1a: Salamence|42/100
|move|p1a: Salamence|Dragon Dance|p1a: Salamence
|-boost|p1a: Salamence|atk|1
|-boost|p1a: Salamence|spe|1
|
|upkeep
|turn|5
|
|t:|1781371070
|move|p1a: Salamence|Earthquake|p2a: Ceruledge
|-supereffective|p2a: Ceruledge
|-damage|p2a: Ceruledge|21/100
|-ability|p2a: Ceruledge|Weak Armor|boost
|-unboost|p2a: Ceruledge|def|1
|-boost|p2a: Ceruledge|spe|2
|move|p2a: Ceruledge|Bitter Blade|p1a: Salamence
|-resisted|p1a: Salamence
|-damage|p1a: Salamence|0 fnt
|-heal|p2a: Ceruledge|46/100|[from] drain|[of] p1a: Salamence
|faint|p1a: Salamence
|
|upkeep
|
|t:|1781371078
|switch|p1a: Cinderace|Cinderace, M, shiny|100/100
|turn|6
|
|t:|1781371082
|move|p2a: Ceruledge|Bitter Blade|p1a: Cinderace
|-resisted|p1a: Cinderace
|-damage|p1a: Cinderace|36/100
|-heal|p2a: Ceruledge|79/100|[from] drain|[of] p1a: Cinderace
|move|p1a: Cinderace|Pyro Ball|p2a: Ceruledge
|-resisted|p2a: Ceruledge
|-damage|p2a: Ceruledge|35/100
|-ability|p2a: Ceruledge|Weak Armor|boost
|-unboost|p2a: Ceruledge|def|1
|-boost|p2a: Ceruledge|spe|2
|
|upkeep
|turn|7
|-message|Drakolise forfeited.
|
|win|TheCannonites
|raw|Drakolise's rating: 1641 &rarr; <strong>1621</strong><br />(-20 for losing)
|raw|TheCannonites's rating: 1636 &rarr; <strong>1656</strong><br />(+20 for winning)
|l|☆Drakolise
|player|p1|
|j| Puyu paz
|l| Puyu paz
|l|‽TheCannonites
|player|p2|
