|j|☆KurisuChestnutLab
|j|☆waffelss
|t:|1781119292
|gametype|singles
|player|p1|KurisuChestnutLab|may-contest|1549
|player|p2|waffelss|parasollady-gen4|1550
|gen|9
|tier|[Gen 9] OU
|rated|
|rule|HP Percentage Mod: HP is shown in percentages
|rule|Endless Battle Clause: Forcing endless battles is banned
|rule|Species Clause: Limit one of each Pokémon
|rule|OHKO Clause: OHKO moves are banned
|rule|Evasion Items Clause: Evasion items are banned
|rule|Evasion Moves Clause: Evasion moves are banned
|rule|Evasion Abilities Clause: Evasion abilities are banned
|rule|Sleep Moves Clause: Sleep-inducing moves are banned
|clearpoke
|poke|p1|Zamazenta-*|
|poke|p1|Zapdos|
|poke|p1|Garganacl, F|
|poke|p1|Clefable, M|
|poke|p1|Samurott-Hisui, F|
|poke|p1|Gholdengo|
|poke|p2|Cinderace, F|
|poke|p2|Slowking-Galar, M|
|poke|p2|Kyurem|
|poke|p2|Alomomola, F|
|poke|p2|Kingambit, F|
|poke|p2|Corviknight, F|
|teampreview
|inactive|Battle timer is ON: inactive players will automatically lose when time's up. (requested by KurisuChestnutLab)
|
|t:|1781119316
|teamsize|p1|6
|teamsize|p2|6
|start
|switch|p1a: Zamazenta|Zamazenta|100/100
|switch|p2a: Kyurem|Kyurem, shiny|100/100
|-ability|p1a: Zamazenta|Dauntless Shield|boost
|-boost|p1a: Zamazenta|def|1
|-ability|p2a: Kyurem|Pressure
|turn|1
|
|t:|1781119322
|switch|p2a: Slowking|Slowking-Galar, M|100/100
|move|p1a: Zamazenta|Body Press|p2a: Slowking
|-resisted|p2a: Slowking
|-damage|p2a: Slowking|88/100
|
|upkeep
|turn|2
|
|t:|1781119327
|move|p1a: Zamazenta|Crunch|p2a: Slowking
|-supereffective|p2a: Slowking
|-crit|p2a: Slowking
|-damage|p2a: Slowking|24/100
|move|p2a: Slowking|Future Sight|p1a: Zamazenta
|-start|p2a: Slowking|move: Future Sight
|
|upkeep
|turn|3
|
|t:|1781119335
|switch|p1a: Garganacl|Garganacl, F|100/100
|switch|p2a: Corviknight|Corviknight, F|100/100
|-ability|p2a: Corviknight|Pressure
|
|upkeep
|turn|4
|
|t:|1781119346
|move|p2a: Corviknight|U-turn|p1a: Garganacl
|-damage|p1a: Garganacl|91/100
|
|t:|1781119355
|switch|p2a: Kingambit|Kingambit, F|100/100|[from] U-turn
|move|p1a: Garganacl|Salt Cure|p2a: Kingambit
|-resisted|p2a: Kingambit
|-crit|p2a: Kingambit
|-damage|p2a: Kingambit|93/100
|-start|p2a: Kingambit|Salt Cure
|
|-end|p1a: Garganacl|move: Future Sight
|-damage|p1a: Garganacl|60/100
|-heal|p2a: Kingambit|99/100|[from] item: Leftovers
|-heal|p1a: Garganacl|66/100|[from] item: Leftovers
|-damage|p2a: Kingambit|74/100|[from] Salt Cure
|upkeep
|turn|5
|
|t:|1781119362
|switch|p1a: Zamazenta|Zamazenta|100/100
|move|p2a: Kingambit|Iron Head|p1a: Zamazenta
|-damage|p1a: Zamazenta|63/100
|
|-heal|p1a: Zamazenta|69/100|[from] item: Leftovers
|-heal|p2a: Kingambit|80/100|[from] item: Leftovers
|-damage|p2a: Kingambit|55/100|[from] Salt Cure
|upkeep
|turn|6
|
|t:|1781119368
|-end|p2a: Kingambit|fallenundefined|[silent]
|switch|p2a: Corviknight|Corviknight, F|100/100
|-ability|p2a: Corviknight|Pressure
|move|p1a: Zamazenta|Iron Defense|p1a: Zamazenta
|-boost|p1a: Zamazenta|def|2
|
|-heal|p1a: Zamazenta|75/100|[from] item: Leftovers
|upkeep
|turn|7
|
|t:|1781119383
|move|p1a: Zamazenta|Iron Defense|p1a: Zamazenta
|-boost|p1a: Zamazenta|def|2
|move|p2a: Corviknight|U-turn|p1a: Zamazenta
|-resisted|p1a: Zamazenta
|-damage|p1a: Zamazenta|73/100
|
|t:|1781119385
|switch|p2a: Slowking|Slowking-Galar, M|58/100|[from] U-turn
|
|-heal|p1a: Zamazenta|79/100|[from] item: Leftovers
|upkeep
|turn|8
|
|t:|1781119390
|move|p1a: Zamazenta|Crunch|p2a: Slowking
|-supereffective|p2a: Slowking
|-damage|p2a: Slowking|13/100
|-unboost|p2a: Slowking|def|1
|move|p2a: Slowking|Future Sight|p1a: Zamazenta
|-start|p2a: Slowking|move: Future Sight
|
|-heal|p1a: Zamazenta|86/100|[from] item: Leftovers
|upkeep
|turn|9
|
|t:|1781119397
|switch|p2a: Corviknight|Corviknight, F|100/100
|-ability|p2a: Corviknight|Pressure
|move|p1a: Zamazenta|Body Press|p2a: Corviknight
|-damage|p2a: Corviknight|40/100
|-damage|p1a: Zamazenta|69/100|[from] item: Rocky Helmet|[of] p2a: Corviknight
|
|-heal|p1a: Zamazenta|75/100|[from] item: Leftovers
|upkeep
|turn|10
|
|t:|1781119404
|-terastallize|p1a: Zamazenta|Fire
|move|p1a: Zamazenta|Body Press|p2a: Corviknight
|-damage|p2a: Corviknight|0 fnt
|-damage|p1a: Zamazenta|59/100|[from] item: Rocky Helmet|[of] p2a: Corviknight
|faint|p2a: Corviknight
|
|-end|p1a: Zamazenta|move: Future Sight
|-damage|p1a: Zamazenta|21/100
|-heal|p1a: Zamazenta|28/100|[from] item: Leftovers
|upkeep
|
|t:|1781119417
|switch|p2a: Slowking|Slowking-Galar, M|46/100
|turn|11
|
|t:|1781119429
|-terastallize|p2a: Slowking|Fairy
|move|p1a: Zamazenta|Crunch|p2a: Slowking
|-resisted|p2a: Slowking
|-damage|p2a: Slowking|35/100
|move|p2a: Slowking|Sludge Bomb|p1a: Zamazenta
|-damage|p1a: Zamazenta|0 fnt
|faint|p1a: Zamazenta
|
|upkeep
|
|t:|1781119434
|switch|p1a: Garganacl|Garganacl, F|66/100
|turn|12
|
|t:|1781119440
|move|p1a: Garganacl|Stealth Rock|p2a: Slowking
|-sidestart|p2: waffelss|move: Stealth Rock
|move|p2a: Slowking|Future Sight|p1a: Garganacl
|-start|p2a: Slowking|move: Future Sight
|
|-heal|p1a: Garganacl|73/100|[from] item: Leftovers
|upkeep
|turn|13
|
|t:|1781119445
|move|p1a: Garganacl|Earthquake|p2a: Slowking
|-damage|p2a: Slowking|9/100
|-prepare|p2a: Slowking|Chilly Reception|[premajor]
|move|p2a: Slowking|Chilly Reception|p2a: Slowking
|-weather|Snowscape
|
|t:|1781119448
|switch|p2a: Kyurem|Kyurem, shiny|100/100|[from] Chilly Reception
|-damage|p2a: Kyurem|76/100|[from] Stealth Rock
|-ability|p2a: Kyurem|Pressure
|
|-weather|Snowscape|[upkeep]
|-heal|p1a: Garganacl|79/100|[from] item: Leftovers
|upkeep
|turn|14
|
|t:|1781119455
|move|p2a: Kyurem|Blizzard|p1a: Garganacl
|-damage|p1a: Garganacl|24/100
|move|p1a: Garganacl|Recover|p1a: Garganacl
|-heal|p1a: Garganacl|74/100
|
|-weather|Snowscape|[upkeep]
|-end|p1a: Garganacl|move: Future Sight
|-damage|p1a: Garganacl|47/100
|-heal|p1a: Garganacl|53/100|[from] item: Leftovers
|upkeep
|turn|15
|
|t:|1781119464
|switch|p1a: Gholdengo|Gholdengo|100/100
|move|p2a: Kyurem|Blizzard|p1a: Gholdengo
|-resisted|p1a: Gholdengo
|-crit|p1a: Gholdengo
|-damage|p1a: Gholdengo|29/100
|
|-weather|Snowscape|[upkeep]
|upkeep
|turn|16
|inactive|waffelss has 120 seconds left.
|
|t:|1781119500
|switch|p1a: Garganacl|Garganacl, F|53/100
|switch|p2a: Alomomola|Alomomola, F|100/100
|-damage|p2a: Alomomola|88/100|[from] Stealth Rock
|
|-weather|Snowscape|[upkeep]
|-heal|p2a: Alomomola|94/100|[from] item: Leftovers
|-heal|p1a: Garganacl|59/100|[from] item: Leftovers
|upkeep
|turn|17
|inactive|waffelss has 120 seconds left.
|
|t:|1781119510
|move|p2a: Alomomola|Flip Turn|p1a: Garganacl
|-supereffective|p1a: Garganacl
|-damage|p1a: Garganacl|35/100
|
|t:|1781119513
|switch|p2a: Cinderace|Cinderace, F|100/100|[from] Flip Turn
|move|p1a: Garganacl|Recover|p1a: Garganacl
|-heal|p1a: Garganacl|85/100
|
|-weather|none
|-heal|p1a: Garganacl|91/100|[from] item: Leftovers
|upkeep
|turn|18
|
|t:|1781119517
|move|p2a: Cinderace|Court Change|p2a: Cinderace
|-start|p2a: Cinderace|typechange|Normal|[from] ability: Libero
|-swapsideconditions
|-activate|p2a: Cinderace|move: Court Change
|move|p1a: Garganacl|Salt Cure|p2a: Cinderace
|-damage|p2a: Cinderace|79/100
|-start|p2a: Cinderace|Salt Cure
|
|-heal|p1a: Garganacl|98/100|[from] item: Leftovers
|-damage|p2a: Cinderace|67/100|[from] Salt Cure
|upkeep
|turn|19
|
|t:|1781119526
|switch|p2a: Kyurem|Kyurem, shiny|76/100
|-ability|p2a: Kyurem|Pressure
|move|p1a: Garganacl|Salt Cure|p2a: Kyurem
|-supereffective|p2a: Kyurem
|-damage|p2a: Kyurem|51/100
|-start|p2a: Kyurem|Salt Cure
|
|-heal|p1a: Garganacl|100/100|[from] item: Leftovers
|-damage|p2a: Kyurem|38/100|[from] Salt Cure
|upkeep
|turn|20
|
|t:|1781119530
|move|p2a: Kyurem|Earth Power|p1a: Garganacl
|-supereffective|p1a: Garganacl
|-damage|p1a: Garganacl|45/100
|move|p1a: Garganacl|Recover|p1a: Garganacl
|-heal|p1a: Garganacl|95/100
|
|-heal|p1a: Garganacl|100/100|[from] item: Leftovers
|-damage|p2a: Kyurem|26/100|[from] Salt Cure
|upkeep
|turn|21
|
|t:|1781119535
|switch|p2a: Alomomola|Alomomola, F|100/100
|move|p1a: Garganacl|Salt Cure|p2a: Alomomola
|-damage|p2a: Alomomola|92/100
|-start|p2a: Alomomola|Salt Cure
|
|-heal|p2a: Alomomola|98/100|[from] item: Leftovers
|-damage|p2a: Alomomola|73/100|[from] Salt Cure
|upkeep
|turn|22
|
|t:|1781119542
|move|p2a: Alomomola|Wish|p2a: Alomomola
|move|p1a: Garganacl|Stealth Rock|p2a: Alomomola
|-sidestart|p2: waffelss|move: Stealth Rock
|
|-heal|p2a: Alomomola|79/100|[from] item: Leftovers
|-damage|p2a: Alomomola|54/100|[from] Salt Cure
|upkeep
|turn|23
|
|t:|1781119549
|move|p2a: Alomomola|Flip Turn|p1a: Garganacl
|-supereffective|p1a: Garganacl
|-damage|p1a: Garganacl|78/100
|
|t:|1781119552
|switch|p2a: Kingambit|Kingambit, F|55/100|[from] Flip Turn
|-damage|p2a: Kingambit|49/100|[from] Stealth Rock
|-activate|p2a: Kingambit|ability: Supreme Overlord
|-start|p2a: Kingambit|fallen1|[silent]
|move|p1a: Garganacl|Salt Cure|p2a: Kingambit
|-resisted|p2a: Kingambit
|-damage|p2a: Kingambit|44/100
|-start|p2a: Kingambit|Salt Cure
|
|-heal|p2a: Kingambit|100/100|[from] move: Wish|[wisher] Alomomola
|-heal|p1a: Garganacl|84/100|[from] item: Leftovers
|-damage|p2a: Kingambit|75/100|[from] Salt Cure
|upkeep
|turn|24
|
|t:|1781119558
|switch|p1a: Zapdos|Zapdos|100/100
|move|p2a: Kingambit|Iron Head|p1a: Zapdos
|-resisted|p1a: Zapdos
|-crit|p1a: Zapdos
|-damage|p1a: Zapdos|71/100
|
|-heal|p2a: Kingambit|82/100|[from] item: Leftovers
|-damage|p2a: Kingambit|57/100|[from] Salt Cure
|upkeep
|turn|25
|
|t:|1781119568
|-end|p2a: Kingambit|fallen1|[silent]
|switch|p2a: Slowking|Slowking-Galar, M, tera:Fairy|42/100
|move|p1a: Zapdos|Discharge|p2a: Slowking
|-damage|p2a: Slowking|23/100
|-status|p2a: Slowking|par
|
|upkeep
|turn|26
|
|t:|1781119574
|move|p1a: Zapdos|Discharge|p2a: Slowking
|-damage|p2a: Slowking|5/100 par
|-prepare|p2a: Slowking|Chilly Reception|[premajor]
|move|p2a: Slowking|Chilly Reception|p2a: Slowking
|-weather|Snowscape
|
|t:|1781119583
|switch|p2a: Cinderace|Cinderace, F|67/100|[from] Chilly Reception
|
|-weather|Snowscape|[upkeep]
|upkeep
|turn|27
|
|t:|1781119589
|move|p2a: Cinderace|Pyro Ball|p1a: Zapdos
|-damage|p1a: Zapdos|32/100
|move|p1a: Zapdos|Discharge|p2a: Cinderace
|-damage|p2a: Cinderace|19/100
|
|-weather|Snowscape|[upkeep]
|upkeep
|turn|28
|inactive|waffelss has 120 seconds left.
|
|t:|1781119629
|switch|p1a: Garganacl|Garganacl, F|84/100
|-damage|p1a: Garganacl|72/100|[from] Stealth Rock
|move|p2a: Cinderace|Pyro Ball|p1a: Garganacl
|-resisted|p1a: Garganacl
|-damage|p1a: Garganacl|50/100
|
|-weather|Snowscape|[upkeep]
|-heal|p1a: Garganacl|57/100|[from] item: Leftovers
|upkeep
|turn|29
|inactive|waffelss has 120 seconds left.
|
|t:|1781119637
|move|p2a: Cinderace|U-turn|p1a: Garganacl
|-start|p2a: Cinderace|typechange|Bug|[from] ability: Libero
|-damage|p1a: Garganacl|34/100
|
|t:|1781119638
|switch|p2a: Alomomola|Alomomola, F|87/100|[from] U-turn
|-damage|p2a: Alomomola|75/100|[from] Stealth Rock
|move|p1a: Garganacl|Recover|p1a: Garganacl
|-heal|p1a: Garganacl|84/100
|
|-weather|Snowscape|[upkeep]
|-heal|p2a: Alomomola|81/100|[from] item: Leftovers
|-heal|p1a: Garganacl|91/100|[from] item: Leftovers
|upkeep
|turn|30
|
|t:|1781119644
|switch|p1a: Zapdos|Zapdos|32/100
|move|p2a: Alomomola|Wish|p2a: Alomomola
|
|-weather|none
|-heal|p2a: Alomomola|87/100|[from] item: Leftovers
|upkeep
|turn|31
|
|t:|1781119650
|move|p1a: Zapdos|Roost|p1a: Zapdos
|-heal|p1a: Zapdos|82/100
|-singleturn|p1a: Zapdos|move: Roost
|move|p2a: Alomomola|Flip Turn|p1a: Zapdos
|-crit|p1a: Zapdos
|-damage|p1a: Zapdos|64/100
|
|t:|1781119652
|switch|p2a: Slowking|Slowking-Galar, M, tera:Fairy|38/100 par|[from] Flip Turn
|
|-heal|p2a: Slowking|98/100 par|[from] move: Wish|[wisher] Alomomola
|upkeep
|turn|32
|
|t:|1781119657
|move|p1a: Zapdos|Roost|p1a: Zapdos
|-heal|p1a: Zapdos|100/100
|-singleturn|p1a: Zapdos|move: Roost
|move|p2a: Slowking|Future Sight|p1a: Zapdos
|-start|p2a: Slowking|move: Future Sight
|
|upkeep
|turn|33
|
|t:|1781119666
|move|p1a: Zapdos|Volt Switch|p2a: Slowking
|-damage|p2a: Slowking|81/100 par
|
|t:|1781119668
|switch|p1a: Gholdengo|Gholdengo|29/100|[from] Volt Switch
|-damage|p1a: Gholdengo|23/100|[from] Stealth Rock
|move|p2a: Slowking|Sludge Bomb|p1a: Gholdengo
|-immune|p1a: Gholdengo
|
|upkeep
|turn|34
|
|t:|1781119673
|switch|p1a: Garganacl|Garganacl, F|91/100
|-damage|p1a: Garganacl|78/100|[from] Stealth Rock
|switch|p2a: Alomomola|Alomomola, F|100/100
|-damage|p2a: Alomomola|88/100|[from] Stealth Rock
|
|-end|p1a: Garganacl|move: Future Sight
|-damage|p1a: Garganacl|49/100
|-heal|p2a: Alomomola|94/100|[from] item: Leftovers
|-heal|p1a: Garganacl|55/100|[from] item: Leftovers
|upkeep
|turn|35
|
|t:|1781119677
|move|p2a: Alomomola|Wish|p2a: Alomomola
|move|p1a: Garganacl|Recover|p1a: Garganacl
|-heal|p1a: Garganacl|100/100
|
|-heal|p2a: Alomomola|99/100|[from] item: Leftovers
|upkeep
|turn|36
|
|t:|1781119690
|move|p2a: Alomomola|Flip Turn|p1a: Garganacl
|-supereffective|p1a: Garganacl
|-damage|p1a: Garganacl|80/100
|
|t:|1781119692
|switch|p2a: Kingambit|Kingambit, F|57/100|[from] Flip Turn
|-damage|p2a: Kingambit|50/100|[from] Stealth Rock
|-activate|p2a: Kingambit|ability: Supreme Overlord
|-start|p2a: Kingambit|fallen1|[silent]
|move|p1a: Garganacl|Salt Cure|p2a: Kingambit
|-resisted|p2a: Kingambit
|-damage|p2a: Kingambit|46/100
|-start|p2a: Kingambit|Salt Cure
|
|-heal|p2a: Kingambit|100/100|[from] move: Wish|[wisher] Alomomola
|-heal|p1a: Garganacl|86/100|[from] item: Leftovers
|-damage|p2a: Kingambit|75/100|[from] Salt Cure
|upkeep
|turn|37
|
|t:|1781119701
|switch|p1a: Zapdos|Zapdos|100/100
|move|p2a: Kingambit|Swords Dance|p2a: Kingambit
|-boost|p2a: Kingambit|atk|2
|
|-heal|p2a: Kingambit|82/100|[from] item: Leftovers
|-damage|p2a: Kingambit|57/100|[from] Salt Cure
|upkeep
|turn|38
|
|t:|1781119707
|move|p1a: Zapdos|Hurricane|p2a: Kingambit
|-resisted|p2a: Kingambit
|-damage|p2a: Kingambit|34/100
|move|p2a: Kingambit|Kowtow Cleave|p1a: Zapdos
|-damage|p1a: Zapdos|25/100
|
|-heal|p2a: Kingambit|40/100|[from] item: Leftovers
|-damage|p2a: Kingambit|15/100|[from] Salt Cure
|upkeep
|turn|39
|
|t:|1781119736
|-end|p2a: Kingambit|fallen1|[silent]
|switch|p2a: Alomomola|Alomomola, F|100/100
|-damage|p2a: Alomomola|88/100|[from] Stealth Rock
|move|p1a: Zapdos|Volt Switch|p2a: Alomomola
|-supereffective|p2a: Alomomola
|-damage|p2a: Alomomola|35/100
|
|t:|1781119740
|switch|p1a: Gholdengo|Gholdengo|23/100|[from] Volt Switch
|-damage|p1a: Gholdengo|17/100|[from] Stealth Rock
|
|-heal|p2a: Alomomola|41/100|[from] item: Leftovers
|upkeep
|turn|40
|
|t:|1781119748
|move|p2a: Alomomola|Protect|p2a: Alomomola
|-singleturn|p2a: Alomomola|Protect
|move|p1a: Gholdengo|Shadow Ball|p2a: Alomomola
|-activate|p2a: Alomomola|move: Protect
|
|-heal|p2a: Alomomola|47/100|[from] item: Leftovers
|upkeep
|turn|41
|
|t:|1781119755
|move|p1a: Gholdengo|Shadow Ball|p2a: Alomomola
|-damage|p2a: Alomomola|10/100
|move|p2a: Alomomola|Wish|p2a: Alomomola
|
|-heal|p2a: Alomomola|17/100|[from] item: Leftovers
|upkeep
|turn|42
|
|t:|1781119763
|switch|p1a: Zapdos|Zapdos|25/100
|move|p2a: Alomomola|Protect||[still]
|-fail|p2a: Alomomola
|
|-heal|p2a: Alomomola|67/100|[from] move: Wish|[wisher] Alomomola
|-heal|p2a: Alomomola|73/100|[from] item: Leftovers
|upkeep
|turn|43
|
|t:|1781119769
|switch|p2a: Slowking|Slowking-Galar, M, tera:Fairy|100/100 par
|move|p1a: Zapdos|Discharge|p2a: Slowking
|-damage|p2a: Slowking|81/100 par
|
|upkeep
|turn|44
|
|t:|1781119779
|move|p1a: Zapdos|Roost|p1a: Zapdos
|-heal|p1a: Zapdos|75/100
|-singleturn|p1a: Zapdos|move: Roost
|move|p2a: Slowking|Future Sight|p1a: Zapdos
|-start|p2a: Slowking|move: Future Sight
|
|upkeep
|turn|45
|
|t:|1781119782
|move|p1a: Zapdos|Volt Switch|p2a: Slowking
|-damage|p2a: Slowking|62/100 par
|
|t:|1781119786
|switch|p1a: Gholdengo|Gholdengo|17/100|[from] Volt Switch
|-damage|p1a: Gholdengo|11/100|[from] Stealth Rock
|-prepare|p2a: Slowking|Chilly Reception|[premajor]
|move|p2a: Slowking|Chilly Reception|p2a: Slowking
|-weather|Snowscape
|
|t:|1781119792
|switch|p2a: Alomomola|Alomomola, F|100/100|[from] Chilly Reception
|-damage|p2a: Alomomola|88/100|[from] Stealth Rock
|
|-weather|Snowscape|[upkeep]
|-heal|p2a: Alomomola|94/100|[from] item: Leftovers
|upkeep
|turn|46
|
|t:|1781119799
|move|p1a: Gholdengo|Shadow Ball|p2a: Alomomola
|-damage|p2a: Alomomola|58/100
|-unboost|p2a: Alomomola|spd|1
|move|p2a: Alomomola|Wish|p2a: Alomomola
|
|-weather|Snowscape|[upkeep]
|-end|p1a: Gholdengo|move: Future Sight
|-resisted|p1a: Gholdengo
|-damage|p1a: Gholdengo|0 fnt
|faint|p1a: Gholdengo
|-heal|p2a: Alomomola|64/100|[from] item: Leftovers
|upkeep
|
|t:|1781119805
|switch|p1a: Zapdos|Zapdos|75/100
|turn|47
|
|t:|1781119814
|switch|p2a: Slowking|Slowking-Galar, M, tera:Fairy|95/100 par
|move|p1a: Zapdos|Volt Switch|p2a: Slowking
|-damage|p2a: Slowking|79/100 par
|
|t:|1781119818
|switch|p1a: Garganacl|Garganacl, F|86/100|[from] Volt Switch
|-damage|p1a: Garganacl|74/100|[from] Stealth Rock
|
|-weather|Snowscape|[upkeep]
|-heal|p2a: Slowking|100/100 par|[from] move: Wish|[wisher] Alomomola
|-heal|p1a: Garganacl|80/100|[from] item: Leftovers
|upkeep
|turn|48
|
|t:|1781119831
|move|p1a: Garganacl|Salt Cure|p2a: Slowking
|-damage|p2a: Slowking|87/100 par
|-start|p2a: Slowking|Salt Cure
|move|p2a: Slowking|Future Sight|p1a: Garganacl
|-start|p2a: Slowking|move: Future Sight
|
|-weather|Snowscape|[upkeep]
|-heal|p1a: Garganacl|86/100|[from] item: Leftovers
|-damage|p2a: Slowking|75/100 par|[from] Salt Cure
|upkeep
|turn|49
|
|t:|1781119835
|move|p1a: Garganacl|Earthquake|p2a: Slowking
|-damage|p2a: Slowking|51/100 par
|-prepare|p2a: Slowking|Chilly Reception|[premajor]
|move|p2a: Slowking|Chilly Reception|p2a: Slowking
|
|t:|1781119837
|switch|p2a: Alomomola|Alomomola, F|98/100|[from] Chilly Reception
|-damage|p2a: Alomomola|85/100|[from] Stealth Rock
|
|-weather|none
|-heal|p2a: Alomomola|91/100|[from] item: Leftovers
|-heal|p1a: Garganacl|92/100|[from] item: Leftovers
|upkeep
|turn|50
|
|t:|1781119845
|move|p2a: Alomomola|Wish|p2a: Alomomola
|move|p1a: Garganacl|Salt Cure|p2a: Alomomola
|-damage|p2a: Alomomola|84/100
|-start|p2a: Alomomola|Salt Cure
|
|-end|p1a: Garganacl|move: Future Sight
|-damage|p1a: Garganacl|60/100
|-heal|p2a: Alomomola|90/100|[from] item: Leftovers
|-heal|p1a: Garganacl|66/100|[from] item: Leftovers
|-damage|p2a: Alomomola|65/100|[from] Salt Cure
|upkeep
|turn|51
|
|t:|1781119859
|move|p2a: Alomomola|Flip Turn|p1a: Garganacl
|-supereffective|p1a: Garganacl
|-damage|p1a: Garganacl|42/100
|
|t:|1781119863
|switch|p2a: Cinderace|Cinderace, F|19/100|[from] Flip Turn
|move|p1a: Garganacl|Earthquake|p2a: Cinderace
|-supereffective|p2a: Cinderace
|-damage|p2a: Cinderace|0 fnt
|faint|p2a: Cinderace
|
|-heal|p1a: Garganacl|48/100|[from] item: Leftovers
|upkeep
|
|t:|1781119869
|switch|p2a: Kyurem|Kyurem, shiny|26/100
|-damage|p2a: Kyurem|1/100|[from] Stealth Rock
|-ability|p2a: Kyurem|Pressure
|turn|52
|
|t:|1781119875
|switch|p1a: Clefable|Clefable, M|100/100
|move|p2a: Kyurem|Draco Meteor|p1a: Clefable
|-immune|p1a: Clefable
|
|upkeep
|turn|53
|
|t:|1781119879
|switch|p2a: Alomomola|Alomomola, F|98/100
|-damage|p2a: Alomomola|85/100|[from] Stealth Rock
|move|p1a: Clefable|Moonlight|p1a: Clefable
|-fail|p1a: Clefable|heal
|
|-heal|p2a: Alomomola|92/100|[from] item: Leftovers
|upkeep
|turn|54
|
|t:|1781119886
|switch|p1a: Samurott|Samurott-Hisui, F|100/100
|-damage|p1a: Samurott|88/100|[from] Stealth Rock
|move|p2a: Alomomola|Wish|p2a: Alomomola
|
|-heal|p2a: Alomomola|98/100|[from] item: Leftovers
|upkeep
|turn|55
|
|t:|1781119901
|move|p1a: Samurott|Ceaseless Edge|p2a: Alomomola
|-damage|p2a: Alomomola|72/100
|-sidestart|p2: waffelss|Spikes
|move|p2a: Alomomola|Flip Turn|p1a: Samurott
|-resisted|p1a: Samurott
|-damage|p1a: Samurott|77/100
|
|t:|1781119907
|switch|p2a: Kingambit|Kingambit, F|15/100|[from] Flip Turn
|-damage|p2a: Kingambit|9/100|[from] Stealth Rock
|-damage|p2a: Kingambit|0 fnt|[from] Spikes
|faint|p2a: Kingambit
|-end|p2a: Kingambit|fallenundefined|[silent]
|
|upkeep
|-message|waffelss forfeited.
|
|win|KurisuChestnutLab
|raw|KurisuChestnutLab's rating: 1537 &rarr; <strong>1558</strong><br />(+21 for winning)
|raw|waffelss's rating: 1550 &rarr; <strong>1529</strong><br />(-21 for losing)
|l|☆waffelss
|player|p2|
