|j|☆EleaRosea
|j|☆Juchzer
|t:|1781097842
|gametype|singles
|player|p1|EleaRosea|harmony|1609
|player|p2|Juchzer|2|1651
|gen|9
|tier|[Gen 9] OU
|rated|
|rule|HP Percentage Mod: HP is shown in percentages
|rule|Endless Battle Clause: Forcing endless battles is banned
|rule|Species Clause: Limit one of each Pokémon
|rule|OHKO Clause: OHKO moves are banned
|rule|Evasion Items Clause: Evasion items are banned
|rule|Evasion Moves Clause: Evasion moves are banned
|rule|Evasion Abilities Clause: Evasion abilities are banned
|rule|Sleep Moves Clause: Sleep-inducing moves are banned
|clearpoke
|poke|p1|Ogerpon, F|
|poke|p1|Great Tusk|
|poke|p1|Alomomola, F|
|poke|p1|Rillaboom, F|
|poke|p1|Primarina, F|
|poke|p1|Heatran, F|
|poke|p2|Hoopa-Unbound|
|poke|p2|Ceruledge, F|
|poke|p2|Great Tusk|
|poke|p2|Scizor, F|
|poke|p2|Rillaboom, F|
|poke|p2|Landorus-Therian, M|
|teampreview
|inactive|Battle timer is ON: inactive players will automatically lose when time's up. (requested by EleaRosea)
|inactive|EleaRosea has 120 seconds left.
|inactive|EleaRosea has 90 seconds left.
|
|t:|1781097908
|teamsize|p1|6
|teamsize|p2|6
|start
|switch|p1a: Ogerpon|Ogerpon, F|100/100
|switch|p2a: Scizor|Scizor, F|100/100
|turn|1
|
|t:|1781097917
|switch|p1a: Alomomola|Alomomola, F|100/100
|move|p2a: Scizor|Dual Wingbeat|p1a: Alomomola
|-damage|p1a: Alomomola|88/100
|-damage|p1a: Alomomola|74/100
|-hitcount|p1a: Alomomola|2
|
|upkeep
|turn|2
|inactive|Juchzer has 120 seconds left.
|
|t:|1781097969
|switch|p2a: Landorus|Landorus-Therian, M|100/100
|-ability|p2a: Landorus|Intimidate|boost
|-unboost|p1a: Alomomola|atk|1
|move|p1a: Alomomola|Wish|p1a: Alomomola
|
|upkeep
|turn|3
|
|t:|1781097973
|move|p2a: Landorus|Stealth Rock|p1a: Alomomola
|-sidestart|p1: EleaRosea|move: Stealth Rock
|move|p1a: Alomomola|Scald|p2a: Landorus
|-supereffective|p2a: Landorus
|-damage|p2a: Landorus|67/100
|
|-heal|p1a: Alomomola|100/100|[from] move: Wish|[wisher] Alomomola
|upkeep
|turn|4
|
|t:|1781097982
|move|p2a: Landorus|U-turn|p1a: Alomomola
|-damage|p1a: Alomomola|86/100
|
|t:|1781097988
|switch|p2a: Hoopa|Hoopa-Unbound|100/100|[from] U-turn
|move|p1a: Alomomola|Scald|p2a: Hoopa
|-damage|p2a: Hoopa|87/100
|
|upkeep
|turn|5
|inactive|Juchzer has 120 seconds left.
|
|t:|1781097996
|move|p2a: Hoopa|Psychic|p1a: Alomomola
|-damage|p1a: Alomomola|18/100
|move|p1a: Alomomola|Wish|p1a: Alomomola
|
|upkeep
|turn|6
|
|t:|1781098004
|switch|p2a: Landorus|Landorus-Therian, M|67/100
|-ability|p2a: Landorus|Intimidate|boost
|-unboost|p1a: Alomomola|atk|1
|switch|p1a: Primarina|Primarina, F|100/100
|-damage|p1a: Primarina|88/100|[from] Stealth Rock
|
|-heal|p1a: Primarina|100/100|[from] move: Wish|[wisher] Alomomola
|upkeep
|turn|7
|
|t:|1781098016
|move|p2a: Landorus|U-turn|p1a: Primarina
|-resisted|p1a: Primarina
|-damage|p1a: Primarina|85/100
|inactive|Juchzer has 120 seconds left.
|
|t:|1781098029
|switch|p2a: Scizor|Scizor, F|100/100|[from] U-turn
|move|p1a: Primarina|Psychic Noise|p2a: Scizor
|-damage|p2a: Scizor|49/100
|-start|p2a: Scizor|move: Heal Block
|
|upkeep
|turn|8
|
|t:|1781098042
|switch|p1a: Rillaboom|Rillaboom, F|100/100
|-damage|p1a: Rillaboom|88/100|[from] Stealth Rock
|-fieldstart|move: Grassy Terrain|[from] ability: Grassy Surge|[of] p1a: Rillaboom
|move|p2a: Scizor|Bullet Punch|p1a: Rillaboom
|-damage|p1a: Rillaboom|53/100
|
|-heal|p1a: Rillaboom|59/100|[from] Grassy Terrain
|-end|p2a: Scizor|move: Heal Block
|upkeep
|turn|9
|
|t:|1781098056
|switch|p1a: Alomomola|Alomomola, F|51/100
|switch|p2a: Landorus|Landorus-Therian, M|67/100
|-ability|p2a: Landorus|Intimidate|boost
|-unboost|p1a: Alomomola|atk|1
|
|-heal|p1a: Alomomola|57/100|[from] Grassy Terrain
|upkeep
|turn|10
|
|t:|1781098071
|switch|p2a: Scizor|Scizor, F|49/100
|move|p1a: Alomomola|Wish|p1a: Alomomola
|
|-heal|p2a: Scizor|56/100|[from] Grassy Terrain
|-heal|p2a: Scizor|62/100|[from] item: Leftovers
|-heal|p1a: Alomomola|63/100|[from] Grassy Terrain
|upkeep
|turn|11
|
|t:|1781098075
|move|p2a: Scizor|Swords Dance|p2a: Scizor
|-boost|p2a: Scizor|atk|2
|move|p1a: Alomomola|Scald|p2a: Scizor
|-damage|p2a: Scizor|46/100
|
|-heal|p1a: Alomomola|100/100|[from] move: Wish|[wisher] Alomomola
|-heal|p2a: Scizor|52/100|[from] Grassy Terrain
|-heal|p2a: Scizor|58/100|[from] item: Leftovers
|upkeep
|turn|12
|
|t:|1781098097
|move|p2a: Scizor|Close Combat|p1a: Alomomola
|-damage|p1a: Alomomola|55/100
|-unboost|p2a: Scizor|def|1
|-unboost|p2a: Scizor|spd|1
|move|p1a: Alomomola|Scald|p2a: Scizor
|-damage|p2a: Scizor|34/100
|
|-heal|p2a: Scizor|40/100|[from] Grassy Terrain
|-heal|p2a: Scizor|46/100|[from] item: Leftovers
|-heal|p1a: Alomomola|61/100|[from] Grassy Terrain
|upkeep
|turn|13
|
|t:|1781098111
|-terastallize|p2a: Scizor|Flying
|move|p2a: Scizor|Dual Wingbeat|p1a: Alomomola
|-damage|p1a: Alomomola|22/100
|-damage|p1a: Alomomola|0 fnt
|faint|p1a: Alomomola
|-hitcount|p1: Alomomola|2
|
|-heal|p2a: Scizor|52/100|[from] item: Leftovers
|upkeep
|inactive|EleaRosea has 120 seconds left.
|inactive|EleaRosea has 90 seconds left.
|
|t:|1781098196
|switch|p1a: Great Tusk|Great Tusk|100/100
|turn|14
|
|t:|1781098219
|move|p2a: Scizor|Bullet Punch|p1a: Great Tusk
|-damage|p1a: Great Tusk|52/100
|move|p1a: Great Tusk|Ice Spinner|p2a: Scizor
|-supereffective|p2a: Scizor
|-damage|p2a: Scizor|0 fnt
|-fieldend|move: Grassy Terrain
|faint|p2a: Scizor
|
|upkeep
|c|☆EleaRosea|0% scald burn chance
|inactive|Juchzer has 120 seconds left.
|
|t:|1781098233
|switch|p2a: Hoopa|Hoopa-Unbound|87/100
|turn|15
|inactive|Juchzer has 120 seconds left.
|
|t:|1781098246
|-end|p1a: Great Tusk|Protosynthesis|[silent]
|switch|p1a: Rillaboom|Rillaboom, F|59/100
|-damage|p1a: Rillaboom|47/100|[from] Stealth Rock
|-fieldstart|move: Grassy Terrain|[from] ability: Grassy Surge|[of] p1a: Rillaboom
|move|p2a: Hoopa|Psychic|p1a: Rillaboom
|-damage|p1a: Rillaboom|0 fnt
|faint|p1a: Rillaboom
|
|-heal|p2a: Hoopa|93/100|[from] Grassy Terrain
|upkeep
|
|t:|1781098249
|switch|p1a: Ogerpon|Ogerpon, F|100/100
|-damage|p1a: Ogerpon|88/100|[from] Stealth Rock
|turn|16
|
|t:|1781098257
|switch|p2a: Rillaboom|Rillaboom, F|100/100
|move|p1a: Ogerpon|Ivy Cudgel|p2a: Rillaboom
|-resisted|p2a: Rillaboom
|-damage|p2a: Rillaboom|52/100
|
|-heal|p1a: Ogerpon|94/100|[from] Grassy Terrain
|-heal|p2a: Rillaboom|58/100|[from] Grassy Terrain
|upkeep
|turn|17
|inactive|EleaRosea has 90 seconds left.
|
|t:|1781098263
|-terastallize|p1a: Ogerpon|Grass
|detailschange|p1a: Ogerpon|Ogerpon-Teal-Tera, F, tera:Grass
|-ability|p1a: Ogerpon|Embody Aspect (Teal)|boost
|-boost|p1a: Ogerpon|spe|1
|move|p1a: Ogerpon|Ivy Cudgel|p2a: Rillaboom
|-resisted|p2a: Rillaboom
|-damage|p2a: Rillaboom|0 fnt
|faint|p2a: Rillaboom
|
|-heal|p1a: Ogerpon|99/100|[from] Grassy Terrain
|upkeep
|
|t:|1781098273
|switch|p2a: Ceruledge|Ceruledge, F|100/100
|turn|18
|
|t:|1781098283
|move|p1a: Ogerpon|Ivy Cudgel|p2a: Ceruledge
|-resisted|p2a: Ceruledge
|-damage|p2a: Ceruledge|7/100
|-ability|p2a: Ceruledge|Weak Armor|boost
|-unboost|p2a: Ceruledge|def|1
|-boost|p2a: Ceruledge|spe|2
|move|p2a: Ceruledge|Swords Dance|p2a: Ceruledge
|-boost|p2a: Ceruledge|atk|2
|
|-heal|p2a: Ceruledge|13/100|[from] Grassy Terrain
|-heal|p1a: Ogerpon|100/100|[from] Grassy Terrain
|upkeep
|turn|19
|inactive|EleaRosea has 90 seconds left.
|
|t:|1781098306
|switch|p1a: Heatran|Heatran, F|100/100
|-damage|p1a: Heatran|88/100|[from] Stealth Rock
|move|p2a: Ceruledge|Bitter Blade|p1a: Heatran
|-start|p1a: Heatran|ability: Flash Fire
|
|-heal|p2a: Ceruledge|19/100|[from] Grassy Terrain
|-heal|p1a: Heatran|94/100|[from] Grassy Terrain
|-heal|p1a: Heatran|100/100|[from] item: Leftovers
|upkeep
|turn|20
|
|t:|1781098310
|move|p2a: Ceruledge|Poltergeist|p1a: Heatran
|-activate|p1a: Heatran|move: Poltergeist|Leftovers
|-damage|p1a: Heatran|5/100
|move|p1a: Heatran|Earth Power|p2a: Ceruledge
|-supereffective|p2a: Ceruledge
|-damage|p2a: Ceruledge|0 fnt
|faint|p2a: Ceruledge
|
|-heal|p1a: Heatran|11/100|[from] Grassy Terrain
|-heal|p1a: Heatran|17/100|[from] item: Leftovers
|upkeep
|
|t:|1781098323
|switch|p2a: Hoopa|Hoopa-Unbound|93/100
|turn|21
|
|t:|1781098330
|move|p2a: Hoopa|Psychic|p1a: Heatran
|-resisted|p1a: Heatran
|-damage|p1a: Heatran|0 fnt
|faint|p1a: Heatran
|
|-heal|p2a: Hoopa|99/100|[from] Grassy Terrain
|upkeep
|
|t:|1781098337
|switch|p1a: Ogerpon|Ogerpon-Teal-Tera, F, tera:Grass|100/100
|-damage|p1a: Ogerpon|88/100|[from] Stealth Rock
|-ability|p1a: Ogerpon|Embody Aspect (Teal)|boost
|-boost|p1a: Ogerpon|spe|1
|turn|22
|
|t:|1781098357
|move|p1a: Ogerpon|Ivy Cudgel|p2a: Hoopa
|-damage|p2a: Hoopa|0 fnt
|faint|p2a: Hoopa
|
|-heal|p1a: Ogerpon|94/100|[from] Grassy Terrain
|-fieldend|move: Grassy Terrain
|upkeep
|
|t:|1781098360
|switch|p2a: Landorus|Landorus-Therian, M|67/100
|-ability|p2a: Landorus|Intimidate|boost
|-unboost|p1a: Ogerpon|atk|1
|turn|23
|
|t:|1781098374
|switch|p1a: Primarina|Primarina, F|85/100
|-damage|p1a: Primarina|72/100|[from] Stealth Rock
|move|p2a: Landorus|U-turn|p1a: Primarina
|-resisted|p1a: Primarina
|-damage|p1a: Primarina|56/100
|
|t:|1781098378
|switch|p2a: Great Tusk|Great Tusk|100/100|[from] U-turn
|
|upkeep
|turn|24
|
|t:|1781098386
|move|p2a: Great Tusk|Headlong Rush|p1a: Primarina
|-damage|p1a: Primarina|0 fnt
|-unboost|p2a: Great Tusk|def|1
|-unboost|p2a: Great Tusk|spd|1
|faint|p1a: Primarina
|
|upkeep
|
|t:|1781098388
|switch|p1a: Ogerpon|Ogerpon-Teal-Tera, F, tera:Grass|94/100
|-damage|p1a: Ogerpon|82/100|[from] Stealth Rock
|-ability|p1a: Ogerpon|Embody Aspect (Teal)|boost
|-boost|p1a: Ogerpon|spe|1
|turn|25
|
|t:|1781098402
|-end|p2a: Great Tusk|Protosynthesis|[silent]
|switch|p2a: Landorus|Landorus-Therian, M|67/100
|-ability|p2a: Landorus|Intimidate|boost
|-unboost|p1a: Ogerpon|atk|1
|move|p1a: Ogerpon|Ivy Cudgel|p2a: Landorus
|-crit|p2a: Landorus
|-damage|p2a: Landorus|0 fnt
|faint|p2a: Landorus
|
|upkeep
|c|☆EleaRosea|gg
|
|t:|1781098409
|switch|p2a: Great Tusk|Great Tusk|100/100
|turn|26
|
|t:|1781098421
|move|p1a: Ogerpon|Ivy Cudgel|p2a: Great Tusk
|-supereffective|p2a: Great Tusk
|-crit|p2a: Great Tusk
|-damage|p2a: Great Tusk|0 fnt
|faint|p2a: Great Tusk
|-end|p2a: Great Tusk|Protosynthesis|[silent]
|
|win|EleaRosea
|raw|EleaRosea's rating: 1609 &rarr; <strong>1631</strong><br />(+22 for winning)
|raw|Juchzer's rating: 1651 &rarr; <strong>1629</strong><br />(-22 for losing)
|c|☆Juchzer|gg
|l|☆Juchzer
|player|p2|
