|j|☆GODKUD
|j|☆Rj yoip
|t:|1781497326
|gametype|singles
|player|p1|GODKUD|ghetsis|1601
|player|p2|Rj yoip|caitlin-masters|1667
|gen|9
|tier|[Gen 9] OU
|rated|
|rule|HP Percentage Mod: HP is shown in percentages
|rule|Endless Battle Clause: Forcing endless battles is banned
|rule|Species Clause: Limit one of each Pokémon
|rule|OHKO Clause: OHKO moves are banned
|rule|Evasion Items Clause: Evasion items are banned
|rule|Evasion Moves Clause: Evasion moves are banned
|rule|Evasion Abilities Clause: Evasion abilities are banned
|rule|Sleep Moves Clause: Sleep-inducing moves are banned
|clearpoke
|poke|p1|Hydreigon, M|
|poke|p1|Corviknight, F|
|poke|p1|Slowking-Galar, M|
|poke|p1|Sandy Shocks|
|poke|p1|Quaquaval, F|
|poke|p1|Ceruledge, M|
|poke|p2|Iron Treads|
|poke|p2|Landorus-Therian, M|
|poke|p2|Iron Valiant|
|poke|p2|Kingambit, M|
|poke|p2|Zamazenta-*|
|poke|p2|Primarina, M|
|teampreview
|l|☆GODKUD
|player|p1|
|inactive|Battle timer is ON: inactive players will automatically lose when time's up. (requested by Rj yoip)
|j|☆GODKUD
|inactive|GODKUD reconnected and has 150 seconds left.
|player|p1|GODKUD|ghetsis|
|
|t:|1781497351
|teamsize|p1|6
|teamsize|p2|6
|start
|switch|p1a: God of Destruction|Hydreigon, M|100/100
|switch|p2a: Landorus|Landorus-Therian, M|100/100
|-ability|p2a: Landorus|Intimidate|boost
|-unboost|p1a: God of Destruction|atk|1
|turn|1
|j| Shucklepilled
|inactive|Rj yoip has 120 seconds left.
|
|t:|1781497382
|move|p1a: God of Destruction|Draco Meteor|p2a: Landorus
|-damage|p2a: Landorus|14/100
|-unboost|p1a: God of Destruction|spa|2
|-damage|p1a: God of Destruction|91/100|[from] item: Life Orb
|move|p2a: Landorus|U-turn|p1a: God of Destruction
|-supereffective|p1a: God of Destruction
|-damage|p1a: God of Destruction|46/100
|
|t:|1781497385
|switch|p2a: Iron Valiant|Iron Valiant|100/100|[from] U-turn
|
|upkeep
|turn|2
|
|t:|1781497390
|switch|p1a: Slowking|Slowking-Galar, M|100/100
|move|p2a: Iron Valiant|Knock Off|p1a: Slowking
|-supereffective|p1a: Slowking
|-damage|p1a: Slowking|32/100
|-enditem|p1a: Slowking|Heavy-Duty Boots|[from] move: Knock Off|[of] p2a: Iron Valiant
|
|upkeep
|turn|3
|
|t:|1781497394
|switch|p1a: Corviknight|Corviknight, F|100/100
|-ability|p1a: Corviknight|Pressure
|move|p2a: Iron Valiant|Knock Off|p1a: Corviknight
|-damage|p1a: Corviknight|83/100
|-damage|p2a: Iron Valiant|84/100|[from] item: Rocky Helmet|[of] p1a: Corviknight
|-enditem|p1a: Corviknight|Rocky Helmet|[from] move: Knock Off|[of] p2a: Iron Valiant
|
|upkeep
|turn|4
|j| whimsicotthunter
|
|t:|1781497400
|move|p2a: Iron Valiant|Thunderbolt|p1a: Corviknight
|-supereffective|p1a: Corviknight
|-damage|p1a: Corviknight|15/100
|move|p1a: Corviknight|Brave Bird|p2a: Iron Valiant
|-supereffective|p2a: Iron Valiant
|-damage|p2a: Iron Valiant|0 fnt
|faint|p2a: Iron Valiant
|-end|p2a: Iron Valiant|Quark Drive|[silent]
|-damage|p1a: Corviknight|0 fnt|[from] Recoil
|faint|p1a: Corviknight
|
|upkeep
|
|t:|1781497409
|switch|p2a: Landorus|Landorus-Therian, M|14/100
|switch|p1a: God of Destruction|Hydreigon, M|46/100
|-ability|p2a: Landorus|Intimidate|boost
|-unboost|p1a: God of Destruction|atk|1
|turn|5
|
|t:|1781497411
|switch|p2a: Primarina|Primarina, M|100/100
|move|p1a: God of Destruction|Dark Pulse|p2a: Primarina
|-resisted|p2a: Primarina
|-damage|p2a: Primarina|84/100
|-damage|p1a: God of Destruction|36/100|[from] item: Life Orb
|
|upkeep
|turn|6
|
|t:|1781497415
|switch|p1a: Slowking|Slowking-Galar, M|65/100
|move|p2a: Primarina|Surf|p1a: Slowking
|-damage|p1a: Slowking|34/100
|
|upkeep
|turn|7
|
|t:|1781497419
|move|p2a: Primarina|Surf|p1a: Slowking
|-damage|p1a: Slowking|3/100
|move|p1a: Slowking|Sludge Bomb|p2a: Primarina
|-supereffective|p2a: Primarina
|-damage|p2a: Primarina|42/100
|
|upkeep
|turn|8
|
|t:|1781497422
|move|p2a: Primarina|Flip Turn|p1a: Slowking
|-damage|p1a: Slowking|0 fnt
|faint|p1a: Slowking
|
|t:|1781497423
|switch|p2a: Landorus|Landorus-Therian, M|14/100|[from] Flip Turn
|
|upkeep
|
|t:|1781497428
|switch|p1a: God of Destruction|Hydreigon, M|36/100
|turn|9
|
|t:|1781497432
|switch|p2a: Primarina|Primarina, M|42/100
|move|p1a: God of Destruction|Nasty Plot|p1a: God of Destruction
|-boost|p1a: God of Destruction|spa|2
|
|upkeep
|turn|10
|
|t:|1781497434
|move|p1a: God of Destruction|Flash Cannon|p2a: Primarina
|-damage|p2a: Primarina|0 fnt
|faint|p2a: Primarina
|-damage|p1a: God of Destruction|27/100|[from] item: Life Orb
|
|upkeep
|
|t:|1781497438
|switch|p2a: Zamazenta|Zamazenta|100/100
|-ability|p2a: Zamazenta|Dauntless Shield|boost
|-boost|p2a: Zamazenta|def|1
|turn|11
|
|t:|1781497441
|move|p2a: Zamazenta|Body Press|p1a: God of Destruction
|-supereffective|p1a: God of Destruction
|-damage|p1a: God of Destruction|0 fnt
|faint|p1a: God of Destruction
|
|upkeep
|
|t:|1781497444
|switch|p1a: Sandy Shocks|Sandy Shocks|100/100
|-enditem|p1a: Sandy Shocks|Booster Energy
|-activate|p1a: Sandy Shocks|ability: Protosynthesis|[fromitem]
|-start|p1a: Sandy Shocks|protosynthesisspe
|turn|12
|
|t:|1781497446
|move|p1a: Sandy Shocks|Stealth Rock|p2a: Zamazenta
|-sidestart|p2: Rj yoip|move: Stealth Rock
|move|p2a: Zamazenta|Roar|p1a: Sandy Shocks
|-end|p1a: Sandy Shocks|Protosynthesis|[silent]
|drag|p1a: Quaquaval|Quaquaval, F|100/100
|
|upkeep
|turn|13
|
|t:|1781497450
|move|p2a: Zamazenta|Iron Defense|p2a: Zamazenta
|-boost|p2a: Zamazenta|def|2
|move|p1a: Quaquaval|Knock Off|p2a: Zamazenta
|-resisted|p2a: Zamazenta
|-damage|p2a: Zamazenta|96/100
|-enditem|p2a: Zamazenta|Leftovers|[from] move: Knock Off|[of] p1a: Quaquaval
|
|upkeep
|turn|14
|
|t:|1781497454
|switch|p1a: Sandy Shocks|Sandy Shocks|100/100
|move|p2a: Zamazenta|Iron Defense|p2a: Zamazenta
|-boost|p2a: Zamazenta|def|2
|
|upkeep
|turn|15
|
|t:|1781497459
|-terastallize|p1a: Sandy Shocks|Ghost
|move|p2a: Zamazenta|Body Press|p1a: Sandy Shocks
|-immune|p1a: Sandy Shocks
|move|p1a: Sandy Shocks|Earth Power|p2a: Zamazenta
|-damage|p2a: Zamazenta|60/100
|
|upkeep
|turn|16
|
|t:|1781497463
|move|p2a: Zamazenta|Crunch|p1a: Sandy Shocks
|-supereffective|p1a: Sandy Shocks
|-damage|p1a: Sandy Shocks|57/100
|-unboost|p1a: Sandy Shocks|def|1
|move|p1a: Sandy Shocks|Earth Power|p2a: Zamazenta
|-damage|p2a: Zamazenta|29/100
|
|upkeep
|turn|17
|
|t:|1781497467
|-end|p1a: Sandy Shocks|Protosynthesis|[silent]
|switch|p1a: Quaquaval|Quaquaval, F|100/100
|move|p2a: Zamazenta|Crunch|p1a: Quaquaval
|-resisted|p1a: Quaquaval
|-damage|p1a: Quaquaval|88/100
|
|upkeep
|turn|18
|
|t:|1781497470
|switch|p1a: Sandy Shocks|Sandy Shocks, tera:Ghost|57/100
|move|p2a: Zamazenta|Body Press|p1a: Sandy Shocks
|-immune|p1a: Sandy Shocks
|
|upkeep
|turn|19
|
|t:|1781497474
|move|p2a: Zamazenta|Crunch|p1a: Sandy Shocks
|-supereffective|p1a: Sandy Shocks
|-damage|p1a: Sandy Shocks|9/100
|move|p1a: Sandy Shocks|Earth Power|p2a: Zamazenta
|-damage|p2a: Zamazenta|0 fnt
|faint|p2a: Zamazenta
|
|upkeep
|
|t:|1781497478
|switch|p2a: Iron Treads|Iron Treads|100/100
|-damage|p2a: Iron Treads|97/100|[from] Stealth Rock
|-enditem|p2a: Iron Treads|Booster Energy
|-activate|p2a: Iron Treads|ability: Quark Drive|[fromitem]
|-start|p2a: Iron Treads|quarkdrivespe
|turn|20
|
|t:|1781497482
|move|p2a: Iron Treads|Earthquake|p1a: Sandy Shocks
|-damage|p1a: Sandy Shocks|0 fnt
|faint|p1a: Sandy Shocks
|-end|p1a: Sandy Shocks|Protosynthesis|[silent]
|
|upkeep
|
|t:|1781497484
|switch|p1a: Quaquaval|Quaquaval, F|88/100
|turn|21
|
|t:|1781497492
|move|p2a: Iron Treads|Rapid Spin|p1a: Quaquaval
|-damage|p1a: Quaquaval|71/100
|-boost|p2a: Iron Treads|spe|1
|-sideend|p2: Rj yoip|Stealth Rock|[from] move: Rapid Spin|[of] p2a: Iron Treads
|move|p1a: Quaquaval|Aqua Step|p2a: Iron Treads
|-supereffective|p2a: Iron Treads
|-damage|p2a: Iron Treads|29/100
|-boost|p1a: Quaquaval|spe|1
|
|upkeep
|turn|22
|
|t:|1781497496
|-end|p2a: Iron Treads|Quark Drive|[silent]
|switch|p2a: Landorus|Landorus-Therian, M|14/100
|-ability|p2a: Landorus|Intimidate|boost
|-unboost|p1a: Quaquaval|atk|1
|move|p1a: Quaquaval|Aqua Step|p2a: Landorus
|-supereffective|p2a: Landorus
|-damage|p2a: Landorus|0 fnt
|-boost|p1a: Quaquaval|spe|1
|-damage|p1a: Quaquaval|54/100|[from] item: Rocky Helmet|[of] p2a: Landorus
|faint|p2a: Landorus
|-ability|p1a: Quaquaval|Moxie|boost
|-boost|p1a: Quaquaval|atk|1
|
|upkeep
|
|t:|1781497500
|switch|p2a: Kingambit|Kingambit, M|100/100
|-activate|p2a: Kingambit|ability: Supreme Overlord
|-start|p2a: Kingambit|fallen4|[silent]
|turn|23
|
|t:|1781497502
|-terastallize|p2a: Kingambit|Ghost
|move|p1a: Quaquaval|Brick Break|p2a: Kingambit
|-immune|p2a: Kingambit
|move|p2a: Kingambit|Kowtow Cleave|p1a: Quaquaval
|-resisted|p1a: Quaquaval
|-damage|p1a: Quaquaval|13/100
|
|upkeep
|turn|24
|
|t:|1781497505
|move|p2a: Kingambit|Sucker Punch|p1a: Quaquaval
|-resisted|p1a: Quaquaval
|-damage|p1a: Quaquaval|0 fnt
|faint|p1a: Quaquaval
|
|upkeep
|
|t:|1781497507
|switch|p1a: Ceruledge|Ceruledge, M|100/100
|turn|25
|
|t:|1781497510
|move|p2a: Kingambit|Sucker Punch||[still]
|-fail|p2a: Kingambit
|move|p1a: Ceruledge|Swords Dance|p1a: Ceruledge
|-boost|p1a: Ceruledge|atk|2
|
|upkeep
|turn|26
|
|t:|1781497515
|move|p2a: Kingambit|Sucker Punch|p1a: Ceruledge
|-supereffective|p1a: Ceruledge
|-enditem|p1a: Ceruledge|Focus Sash
|-damage|p1a: Ceruledge|1/100
|-ability|p1a: Ceruledge|Weak Armor|boost
|-unboost|p1a: Ceruledge|def|1
|-boost|p1a: Ceruledge|spe|2
|move|p1a: Ceruledge|Phantom Force||[still]
|-prepare|p1a: Ceruledge|Phantom Force
|
|upkeep
|turn|27
|
|t:|1781497522
|-end|p2a: Kingambit|fallen4|[silent]
|switch|p2a: Iron Treads|Iron Treads|29/100
|move|p1a: Ceruledge|Phantom Force|p2a: Iron Treads|[from] lockedmove
|-damage|p2a: Iron Treads|0 fnt
|faint|p2a: Iron Treads
|-end|p2a: Iron Treads|Quark Drive|[silent]
|
|upkeep
|
|t:|1781497523
|switch|p2a: Kingambit|Kingambit, M, tera:Ghost|100/100
|-activate|p2a: Kingambit|ability: Supreme Overlord
|-start|p2a: Kingambit|fallen5|[silent]
|turn|28
|
|t:|1781497526
|move|p1a: Ceruledge|Shadow Sneak|p2a: Kingambit
|-supereffective|p2a: Kingambit
|-damage|p2a: Kingambit|33/100
|move|p2a: Kingambit|Kowtow Cleave|p1a: Ceruledge
|-supereffective|p1a: Ceruledge
|-damage|p1a: Ceruledge|0 fnt
|faint|p1a: Ceruledge
|
|win|Rj yoip
|raw|GODKUD's rating: 1601 &rarr; <strong>1585</strong><br />(-16 for losing)
|raw|Rj yoip's rating: 1667 &rarr; <strong>1683</strong><br />(+16 for winning)
|l|☆Rj yoip
|player|p2|
|l|☆GODKUD
|player|p1|
|l| Shucklepilled
|l| whimsicotthunter
