|j|☆alex12381723898
|j|☆huilaoshi1111
|t:|1781183682
|gametype|singles
|player|p1|alex12381723898|101|1554
|player|p2|huilaoshi1111|266|1611
|gen|9
|tier|[Gen 9] OU
|rated|
|rule|HP Percentage Mod: HP is shown in percentages
|rule|Endless Battle Clause: Forcing endless battles is banned
|rule|Species Clause: Limit one of each Pokémon
|rule|OHKO Clause: OHKO moves are banned
|rule|Evasion Items Clause: Evasion items are banned
|rule|Evasion Moves Clause: Evasion moves are banned
|rule|Evasion Abilities Clause: Evasion abilities are banned
|rule|Sleep Moves Clause: Sleep-inducing moves are banned
|clearpoke
|poke|p1|Landorus-Therian, M|
|poke|p1|Sinistcha|
|poke|p1|Tinkaton, F|
|poke|p1|Moltres|
|poke|p1|Samurott-Hisui, M|
|poke|p1|Hydreigon, M|
|poke|p2|Mienshao, M|
|poke|p2|Blissey, F|
|poke|p2|Slowbro, M|
|poke|p2|Krookodile, F|
|poke|p2|Talonflame, M|
|poke|p2|Zoroark-Hisui, F|
|teampreview
|inactive|Battle timer is ON: inactive players will automatically lose when time's up. (requested by alex12381723898)
|
|t:|1781183691
|teamsize|p1|6
|teamsize|p2|6
|start
|switch|p1a: Smile.exe|Tinkaton, F, shiny|100/100
|switch|p2a: Mienshao|Mienshao, M|100/100
|-item|p1a: Smile.exe|Air Balloon
|turn|1
|
|t:|1781183695
|move|p2a: Mienshao|Bitter Malice|p1a: Smile.exe
|-damage|p1a: Smile.exe|32/100
|-unboost|p1a: Smile.exe|atk|1
|-enditem|p1a: Smile.exe|Air Balloon
|move|p1a: Smile.exe|Stealth Rock|p2a: Mienshao
|-sidestart|p2: huilaoshi1111|move: Stealth Rock
|
|upkeep
|turn|2
|j| alexcel2928
|
|t:|1781183707
|switch|p2a: Mienshao|Mienshao, M|100/100
|-damage|p2a: Mienshao|95/100|[from] Stealth Rock
|switch|p1a: Jack Sparrow|Samurott-Hisui, M, shiny|100/100
|
|upkeep
|turn|3
|
|t:|1781183714
|switch|p1a: Phoenix|Moltres, shiny|100/100
|move|p2a: Mienshao|U-turn|p1a: Phoenix
|-resisted|p1a: Phoenix
|-damage|p1a: Phoenix|96/100
|
|t:|1781183723
|switch|p2a: Talonflame|Talonflame, M|100/100|[from] U-turn
|
|upkeep
|turn|4
|
|t:|1781183727
|move|p2a: Talonflame|Defog|p1a: Phoenix
|-unboost|p1a: Phoenix|evasion|1
|-sideend|p2: huilaoshi1111|Stealth Rock|[from] move: Defog|[of] p2a: Talonflame
|move|p1a: Phoenix|U-turn|p2a: Talonflame
|-resisted|p2a: Talonflame
|-damage|p2a: Talonflame|97/100
|
|t:|1781183731
|switch|p1a: Jack Sparrow|Samurott-Hisui, M, shiny|100/100|[from] U-turn
|
|upkeep
|turn|5
|
|t:|1781183735
|move|p2a: Talonflame|U-turn|p1a: Jack Sparrow
|-supereffective|p1a: Jack Sparrow
|-damage|p1a: Jack Sparrow|71/100
|j| yuureisuisei
|
|t:|1781183738
|switch|p2a: Mienshao|Mienshao, M|100/100|[from] U-turn
|move|p1a: Jack Sparrow|Knock Off|p2a: Mienshao
|-resisted|p2a: Mienshao
|-damage|p2a: Mienshao|51/100
|-enditem|p2a: Mienshao|Choice Scarf|[from] move: Knock Off|[of] p1a: Jack Sparrow
|
|upkeep
|turn|6
|
|t:|1781183748
|switch|p2a: Mienshao|Mienshao, M|100/100
|switch|p1a: Sagittarius|Sinistcha, shiny|100/100
|
|upkeep
|turn|7
|
|t:|1781183756
|switch|p1a: Jack Sparrow|Samurott-Hisui, M, shiny|71/100
|move|p2a: Mienshao|Focus Blast|p1a: Jack Sparrow
|-supereffective|p1a: Jack Sparrow
|-crit|p1a: Jack Sparrow
|-damage|p1a: Jack Sparrow|0 fnt
|faint|p1a: Jack Sparrow
|
|upkeep
|
|t:|1781183761
|switch|p1a: Sagittarius|Sinistcha, shiny|100/100
|turn|8
|
|t:|1781183766
|switch|p2a: Krookodile|Krookodile, F|100/100
|-ability|p2a: Krookodile|Intimidate|boost
|-unboost|p1a: Sagittarius|atk|1
|move|p1a: Sagittarius|Calm Mind|p1a: Sagittarius
|-boost|p1a: Sagittarius|spa|1
|-boost|p1a: Sagittarius|spd|1
|
|upkeep
|turn|9
|
|t:|1781183777
|move|p2a: Krookodile|Knock Off|p1a: Sagittarius
|-supereffective|p1a: Sagittarius
|-damage|p1a: Sagittarius|0 fnt
|-enditem|p1a: Sagittarius|Heavy-Duty Boots|[from] move: Knock Off|[of] p2a: Krookodile
|faint|p1a: Sagittarius
|
|upkeep
|l|☆alex12381723898
|inactive|alex12381723898 disconnected and has a minute to reconnect!
|player|p1|
|l| alexcel2928
|l| yuureisuisei
|inactive|alex12381723898 has 30 seconds to reconnect!
|inactive|alex12381723898 has 20 seconds to reconnect!
|inactive|alex12381723898 has 15 seconds to reconnect!
|inactive|alex12381723898 has 10 seconds to reconnect!
|inactive|alex12381723898 has 5 seconds to reconnect!
|-message|alex12381723898 lost due to inactivity.
|
|win|huilaoshi1111
|raw|alex12381723898's rating: 1554 &rarr; <strong>1537</strong><br />(-17 for losing)
|raw|huilaoshi1111's rating: 1611 &rarr; <strong>1628</strong><br />(+17 for winning)
|l|☆huilaoshi1111
|player|p2|
