|j|☆stevstacks
|j|☆extra-pseudo man
|t:|1781500049
|gametype|singles
|player|p1|stevstacks|101|1645
|player|p2|extra-pseudo man|alder|1712
|gen|9
|tier|[Gen 9] OU
|rated|
|rule|HP Percentage Mod: HP is shown in percentages
|rule|Endless Battle Clause: Forcing endless battles is banned
|rule|Species Clause: Limit one of each Pokémon
|rule|OHKO Clause: OHKO moves are banned
|rule|Evasion Items Clause: Evasion items are banned
|rule|Evasion Moves Clause: Evasion moves are banned
|rule|Evasion Abilities Clause: Evasion abilities are banned
|rule|Sleep Moves Clause: Sleep-inducing moves are banned
|clearpoke
|poke|p1|Torkoal, F|
|poke|p1|Corviknight, M|
|poke|p1|Walking Wake|
|poke|p1|Great Tusk|
|poke|p1|Zamazenta-*|
|poke|p1|Raging Bolt|
|poke|p2|Dragonite, F|
|poke|p2|Dragapult, M|
|poke|p2|Tyranitar, F|
|poke|p2|Metagross|
|poke|p2|Goodra-Hisui, F|
|poke|p2|Garchomp, M|
|teampreview
|inactive|Battle timer is ON: inactive players will automatically lose when time's up. (requested by stevstacks)
|
|t:|1781500061
|teamsize|p1|6
|teamsize|p2|6
|start
|switch|p1a: Walking Wake|Walking Wake|100/100
|switch|p2a: He pulten on it|Dragapult, M|100/100
|turn|1
|
|t:|1781500079
|-end|p1a: Walking Wake|Protosynthesis|[silent]
|switch|p1a: Corviknight|Corviknight, M, shiny|100/100
|-ability|p1a: Corviknight|Pressure
|move|p2a: He pulten on it|U-turn|p1a: Corviknight
|-resisted|p1a: Corviknight
|-damage|p1a: Corviknight|97/100
|
|t:|1781500089
|switch|p2a: The goot|Goodra-Hisui, F|100/100|[from] U-turn
|
|-heal|p1a: Corviknight|100/100|[from] item: Leftovers
|upkeep
|turn|2
|
|t:|1781500095
|move|p2a: The goot|Ice Beam|p1a: Corviknight
|-damage|p1a: Corviknight|68/100
|move|p1a: Corviknight|Brave Bird|p2a: The goot
|-resisted|p2a: The goot
|-damage|p2a: The goot|78/100
|-ability|p2a: The goot|Gooey
|-unboost|p1a: Corviknight|spe|1
|-damage|p1a: Corviknight|62/100|[from] Recoil
|
|-heal|p1a: Corviknight|68/100|[from] item: Leftovers
|upkeep
|turn|3
|
|t:|1781500101
|move|p2a: The goot|Ice Beam|p1a: Corviknight
|-damage|p1a: Corviknight|37/100
|move|p1a: Corviknight|Roost|p1a: Corviknight
|-heal|p1a: Corviknight|87/100
|-singleturn|p1a: Corviknight|move: Roost
|
|-heal|p1a: Corviknight|93/100|[from] item: Leftovers
|upkeep
|turn|4
|
|t:|1781500104
|move|p2a: The goot|Ice Beam|p1a: Corviknight
|-damage|p1a: Corviknight|62/100
|-status|p1a: Corviknight|frz
|cant|p1a: Corviknight|frz
|
|-heal|p1a: Corviknight|68/100 frz|[from] item: Leftovers
|upkeep
|turn|5
|
|t:|1781500109
|switch|p2a: He pulten on it|Dragapult, M|100/100
|cant|p1a: Corviknight|frz
|
|-heal|p1a: Corviknight|74/100 frz|[from] item: Leftovers
|upkeep
|turn|6
|
|t:|1781500111
|move|p2a: He pulten on it|Hex|p1a: Corviknight
|-damage|p1a: Corviknight|34/100 frz
|cant|p1a: Corviknight|frz
|
|-heal|p1a: Corviknight|40/100 frz|[from] item: Leftovers
|upkeep
|turn|7
|
|t:|1781500114
|move|p2a: He pulten on it|Hex|p1a: Corviknight
|-damage|p1a: Corviknight|0 fnt
|faint|p1a: Corviknight
|
|upkeep
|-message|stevstacks forfeited.
|
|win|extra-pseudo man
|raw|stevstacks's rating: 1645 &rarr; <strong>1629</strong><br />(-16 for losing)
|raw|extra-pseudo man's rating: 1712 &rarr; <strong>1728</strong><br />(+16 for winning)
|l|☆stevstacks
|player|p1|
|l|☆extra-pseudo man
|player|p2|
