|j|☆itsjustrps
|j|☆KurisuChestnutOU
|t:|1781123630
|gametype|singles
|player|p1|itsjustrps|102|1528
|player|p2|KurisuChestnutOU|may-contest|1566
|gen|9
|tier|[Gen 9] OU
|rated|
|rule|HP Percentage Mod: HP is shown in percentages
|rule|Endless Battle Clause: Forcing endless battles is banned
|rule|Species Clause: Limit one of each Pokémon
|rule|OHKO Clause: OHKO moves are banned
|rule|Evasion Items Clause: Evasion items are banned
|rule|Evasion Moves Clause: Evasion moves are banned
|rule|Evasion Abilities Clause: Evasion abilities are banned
|rule|Sleep Moves Clause: Sleep-inducing moves are banned
|clearpoke
|poke|p1|Clodsire, M|
|poke|p1|Dondozo, M|
|poke|p1|Garganacl, F|
|poke|p1|Kyurem|
|poke|p1|Corviknight, M|
|poke|p1|Tornadus-Therian, M|
|poke|p2|Ting-Lu|
|poke|p2|Corviknight, M|
|poke|p2|Clodsire, F|
|poke|p2|Moltres|
|poke|p2|Dragapult, F|
|poke|p2|Garganacl, F|
|teampreview
|inactive|Battle timer is ON: inactive players will automatically lose when time's up. (requested by itsjustrps)
|inactive|KurisuChestnutOU also wants the timer to be on.
|
|t:|1781123635
|teamsize|p1|6
|teamsize|p2|6
|start
|switch|p1a: Tornadus|Tornadus-Therian, M|100/100
|switch|p2a: Ting-Lu|Ting-Lu|100/100
|-ability|p2a: Ting-Lu|Vessel of Ruin
|turn|1
|
|t:|1781123640
|move|p1a: Tornadus|Taunt|p2a: Ting-Lu
|-start|p2a: Ting-Lu|move: Taunt
|cant|p2a: Ting-Lu|move: Taunt|Stealth Rock
|
|upkeep
|turn|2
|
|t:|1781123644
|move|p1a: Tornadus|Knock Off|p2a: Ting-Lu
|-resisted|p2a: Ting-Lu
|-damage|p2a: Ting-Lu|93/100
|-enditem|p2a: Ting-Lu|Leftovers|[from] move: Knock Off|[of] p1a: Tornadus
|move|p2a: Ting-Lu|Ruination|p1a: Tornadus
|-damage|p1a: Tornadus|50/100
|
|upkeep
|turn|3
|
|t:|1781123650
|move|p1a: Tornadus|Acrobatics|p2a: Ting-Lu
|-damage|p2a: Ting-Lu|72/100
|move|p2a: Ting-Lu|Ruination|p1a: Tornadus
|-damage|p1a: Tornadus|26/100
|
|-end|p2a: Ting-Lu|move: Taunt
|upkeep
|turn|4
|
|t:|1781123657
|move|p1a: Tornadus|Taunt|p2a: Ting-Lu
|-start|p2a: Ting-Lu|move: Taunt
|move|p2a: Ting-Lu|Ruination|p1a: Tornadus
|-damage|p1a: Tornadus|13/100
|
|upkeep
|turn|5
|
|t:|1781123661
|move|p1a: Tornadus|U-turn|p2a: Ting-Lu
|-supereffective|p2a: Ting-Lu
|-damage|p2a: Ting-Lu|54/100
|
|t:|1781123664
|switch|p1a: Corviknight|Corviknight, M|100/100|[from] U-turn
|-ability|p1a: Corviknight|Pressure
|move|p2a: Ting-Lu|Ruination|p1a: Corviknight
|-damage|p1a: Corviknight|50/100
|
|upkeep
|turn|6
|
|t:|1781123667
|switch|p2a: Garganacl|Garganacl, F|100/100
|move|p1a: Corviknight|U-turn|p2a: Garganacl
|-damage|p2a: Garganacl|90/100
|
|t:|1781123673
|switch|p1a: Tornadus|Tornadus-Therian, M|46/100|[from] U-turn
|
|-heal|p2a: Garganacl|96/100|[from] item: Leftovers
|upkeep
|turn|7
|
|t:|1781123677
|move|p1a: Tornadus|U-turn|p2a: Garganacl
|-damage|p2a: Garganacl|85/100
|
|t:|1781123678
|switch|p1a: Corviknight|Corviknight, M|50/100|[from] U-turn
|-ability|p1a: Corviknight|Pressure
|move|p2a: Garganacl|Salt Cure|p1a: Corviknight
|-damage|p1a: Corviknight|38/100
|
|-heal|p2a: Garganacl|91/100|[from] item: Leftovers
|upkeep
|turn|8
|
|t:|1781123682
|move|p1a: Corviknight|Roost|p1a: Corviknight
|-heal|p1a: Corviknight|88/100
|-singleturn|p1a: Corviknight|move: Roost
|move|p2a: Garganacl|Salt Cure|p1a: Corviknight
|-resisted|p1a: Corviknight
|-damage|p1a: Corviknight|82/100
|
|-heal|p2a: Garganacl|97/100|[from] item: Leftovers
|upkeep
|turn|9
|
|t:|1781123689
|move|p1a: Corviknight|Brave Bird|p2a: Garganacl
|-resisted|p2a: Garganacl
|-damage|p2a: Garganacl|85/100
|-damage|p1a: Corviknight|78/100|[from] Recoil
|move|p2a: Garganacl|Salt Cure|p1a: Corviknight
|-damage|p1a: Corviknight|65/100
|
|-heal|p2a: Garganacl|92/100|[from] item: Leftovers
|upkeep
|turn|10
|
|t:|1781123694
|move|p1a: Corviknight|Brave Bird|p2a: Garganacl
|-resisted|p2a: Garganacl
|-damage|p2a: Garganacl|80/100
|-damage|p1a: Corviknight|61/100|[from] Recoil
|move|p2a: Garganacl|Salt Cure|p1a: Corviknight
|-crit|p1a: Corviknight
|-damage|p1a: Corviknight|43/100
|
|-heal|p2a: Garganacl|86/100|[from] item: Leftovers
|upkeep
|turn|11
|
|t:|1781123697
|move|p1a: Corviknight|Roost|p1a: Corviknight
|-heal|p1a: Corviknight|93/100
|-singleturn|p1a: Corviknight|move: Roost
|move|p2a: Garganacl|Body Press|p1a: Corviknight
|-supereffective|p1a: Corviknight
|-damage|p1a: Corviknight|53/100
|
|-heal|p2a: Garganacl|92/100|[from] item: Leftovers
|upkeep
|turn|12
|
|t:|1781123704
|move|p1a: Corviknight|U-turn|p2a: Garganacl
|-damage|p2a: Garganacl|83/100
|
|t:|1781123706
|switch|p1a: Tornadus|Tornadus-Therian, M|80/100|[from] U-turn
|move|p2a: Garganacl|Salt Cure|p1a: Tornadus
|-supereffective|p1a: Tornadus
|-damage|p1a: Tornadus|51/100
|-start|p1a: Tornadus|Salt Cure
|
|-heal|p2a: Garganacl|89/100|[from] item: Leftovers
|-damage|p1a: Tornadus|38/100|[from] Salt Cure
|upkeep
|turn|13
|
|t:|1781123709
|move|p1a: Tornadus|U-turn|p2a: Garganacl
|-damage|p2a: Garganacl|78/100
|
|t:|1781123711
|switch|p1a: Corviknight|Corviknight, M|53/100|[from] U-turn
|-ability|p1a: Corviknight|Pressure
|move|p2a: Garganacl|Salt Cure|p1a: Corviknight
|-damage|p1a: Corviknight|42/100
|
|-heal|p2a: Garganacl|84/100|[from] item: Leftovers
|upkeep
|turn|14
|
|t:|1781123715
|move|p1a: Corviknight|Roost|p1a: Corviknight
|-heal|p1a: Corviknight|92/100
|-singleturn|p1a: Corviknight|move: Roost
|move|p2a: Garganacl|Salt Cure|p1a: Corviknight
|-resisted|p1a: Corviknight
|-damage|p1a: Corviknight|87/100
|
|-heal|p2a: Garganacl|90/100|[from] item: Leftovers
|upkeep
|turn|15
|
|t:|1781123743
|move|p1a: Corviknight|Brave Bird|p2a: Garganacl
|-resisted|p2a: Garganacl
|-damage|p2a: Garganacl|78/100
|-damage|p1a: Corviknight|83/100|[from] Recoil
|move|p2a: Garganacl|Salt Cure|p1a: Corviknight
|-damage|p1a: Corviknight|71/100
|
|-heal|p2a: Garganacl|85/100|[from] item: Leftovers
|upkeep
|turn|16
|
|t:|1781123752
|move|p1a: Corviknight|U-turn|p2a: Garganacl
|-damage|p2a: Garganacl|75/100
|
|t:|1781123758
|switch|p1a: Tornadus|Tornadus-Therian, M|71/100|[from] U-turn
|move|p2a: Garganacl|Salt Cure|p1a: Tornadus
|-supereffective|p1a: Tornadus
|-damage|p1a: Tornadus|40/100
|-start|p1a: Tornadus|Salt Cure
|
|-heal|p2a: Garganacl|82/100|[from] item: Leftovers
|-damage|p1a: Tornadus|28/100|[from] Salt Cure
|upkeep
|turn|17
|
|t:|1781123764
|move|p1a: Tornadus|U-turn|p2a: Garganacl
|-damage|p2a: Garganacl|69/100
|
|t:|1781123766
|switch|p1a: Corviknight|Corviknight, M|71/100|[from] U-turn
|-ability|p1a: Corviknight|Pressure
|move|p2a: Garganacl|Salt Cure|p1a: Corviknight
|-damage|p1a: Corviknight|59/100
|
|-heal|p2a: Garganacl|75/100|[from] item: Leftovers
|upkeep
|turn|18
|
|t:|1781123778
|move|p1a: Corviknight|Defog|p2a: Garganacl
|-unboost|p2a: Garganacl|evasion|1
|move|p2a: Garganacl|Salt Cure|p1a: Corviknight
|-damage|p1a: Corviknight|49/100
|
|-heal|p2a: Garganacl|81/100|[from] item: Leftovers
|upkeep
|turn|19
|
|t:|1781123780
|move|p1a: Corviknight|Roost|p1a: Corviknight
|-heal|p1a: Corviknight|99/100
|-singleturn|p1a: Corviknight|move: Roost
|move|p2a: Garganacl|Salt Cure|p1a: Corviknight
|-resisted|p1a: Corviknight
|-damage|p1a: Corviknight|93/100
|
|-heal|p2a: Garganacl|87/100|[from] item: Leftovers
|upkeep
|turn|20
|
|t:|1781123786
|move|p1a: Corviknight|Defog|p2a: Garganacl
|-unboost|p2a: Garganacl|evasion|1
|move|p2a: Garganacl|Salt Cure|p1a: Corviknight
|-damage|p1a: Corviknight|81/100
|
|-heal|p2a: Garganacl|93/100|[from] item: Leftovers
|upkeep
|turn|21
|
|t:|1781123790
|move|p1a: Corviknight|U-turn|p2a: Garganacl
|-damage|p2a: Garganacl|83/100
|
|t:|1781123791
|switch|p1a: Tornadus|Tornadus-Therian, M|61/100|[from] U-turn
|move|p2a: Garganacl|Body Press|p1a: Tornadus
|-resisted|p1a: Tornadus
|-damage|p1a: Tornadus|47/100
|
|-heal|p2a: Garganacl|89/100|[from] item: Leftovers
|upkeep
|turn|22
|
|t:|1781123795
|move|p2a: Garganacl|Protect|p2a: Garganacl
|-singleturn|p2a: Garganacl|Protect
|move|p1a: Tornadus|Knock Off|p2a: Garganacl
|-activate|p2a: Garganacl|move: Protect
|
|-heal|p2a: Garganacl|96/100|[from] item: Leftovers
|upkeep
|turn|23
|
|t:|1781123799
|move|p1a: Tornadus|Knock Off|p2a: Garganacl
|-damage|p2a: Garganacl|78/100
|-enditem|p2a: Garganacl|Leftovers|[from] move: Knock Off|[of] p1a: Tornadus
|move|p2a: Garganacl|Body Press|p1a: Tornadus
|-resisted|p1a: Tornadus
|-crit|p1a: Tornadus
|-damage|p1a: Tornadus|26/100
|
|upkeep
|turn|24
|
|t:|1781123804
|move|p1a: Tornadus|U-turn|p2a: Garganacl
|-damage|p2a: Garganacl|66/100
|
|t:|1781123806
|switch|p1a: Corviknight|Corviknight, M|81/100|[from] U-turn
|-ability|p1a: Corviknight|Pressure
|move|p2a: Garganacl|Recover|p2a: Garganacl
|-heal|p2a: Garganacl|100/100
|
|upkeep
|turn|25
|
|t:|1781123812
|move|p1a: Corviknight|U-turn|p2a: Garganacl
|-damage|p2a: Garganacl|91/100
|
|t:|1781123815
|switch|p1a: Tornadus|Tornadus-Therian, M|59/100|[from] U-turn
|move|p2a: Garganacl|Body Press|p1a: Tornadus
|-resisted|p1a: Tornadus
|-damage|p1a: Tornadus|47/100
|
|upkeep
|turn|26
|
|t:|1781123818
|move|p2a: Garganacl|Protect|p2a: Garganacl
|-singleturn|p2a: Garganacl|Protect
|move|p1a: Tornadus|U-turn|p2a: Garganacl
|-activate|p2a: Garganacl|move: Protect
|
|upkeep
|turn|27
|
|t:|1781123822
|switch|p2a: Ting-Lu|Ting-Lu|54/100
|-ability|p2a: Ting-Lu|Vessel of Ruin
|move|p1a: Tornadus|Taunt|p2a: Ting-Lu
|-start|p2a: Ting-Lu|move: Taunt
|
|upkeep
|turn|28
|
|t:|1781123824
|move|p1a: Tornadus|U-turn|p2a: Ting-Lu
|-supereffective|p2a: Ting-Lu
|-damage|p2a: Ting-Lu|36/100
|
|t:|1781123826
|switch|p1a: Corviknight|Corviknight, M|81/100|[from] U-turn
|-ability|p1a: Corviknight|Pressure
|move|p2a: Ting-Lu|Ruination|p1a: Corviknight
|-damage|p1a: Corviknight|41/100
|
|upkeep
|turn|29
|
|t:|1781123830
|switch|p2a: Moltres|Moltres|100/100
|move|p1a: Corviknight|Roost|p1a: Corviknight
|-heal|p1a: Corviknight|91/100
|-singleturn|p1a: Corviknight|move: Roost
|
|upkeep
|turn|30
|
|t:|1781123834
|switch|p2a: Ting-Lu|Ting-Lu|36/100
|-ability|p2a: Ting-Lu|Vessel of Ruin
|switch|p1a: Garganacl|Garganacl, F|100/100
|
|upkeep
|turn|31
|
|t:|1781123839
|switch|p1a: Corviknight|Corviknight, M|91/100
|-ability|p1a: Corviknight|Pressure
|move|p2a: Ting-Lu|Stealth Rock|p1a: Corviknight
|-sidestart|p1: itsjustrps|move: Stealth Rock
|
|upkeep
|turn|32
|
|t:|1781123842
|move|p2a: Ting-Lu|Ruination|p1a: Corviknight
|-damage|p1a: Corviknight|46/100
|move|p1a: Corviknight|Defog|p2a: Ting-Lu
|-unboost|p2a: Ting-Lu|evasion|1
|-sideend|p1: itsjustrps|Stealth Rock|[from] move: Defog|[of] p1a: Corviknight
|
|upkeep
|turn|33
|
|t:|1781123847
|switch|p2a: Moltres|Moltres|100/100
|move|p1a: Corviknight|Defog|p2a: Moltres
|-unboost|p2a: Moltres|evasion|1
|
|upkeep
|turn|34
|
|t:|1781123851
|switch|p2a: Ting-Lu|Ting-Lu|36/100
|-ability|p2a: Ting-Lu|Vessel of Ruin
|switch|p1a: Clodsire|Clodsire, M|100/100
|
|upkeep
|turn|35
|
|t:|1781123855
|switch|p1a: Corviknight|Corviknight, M|46/100
|-ability|p1a: Corviknight|Pressure
|move|p2a: Ting-Lu|Ruination|p1a: Corviknight
|-damage|p1a: Corviknight|23/100
|
|upkeep
|turn|36
|
|t:|1781123859
|switch|p2a: Moltres|Moltres|100/100
|move|p1a: Corviknight|Roost|p1a: Corviknight
|-heal|p1a: Corviknight|73/100
|-singleturn|p1a: Corviknight|move: Roost
|
|upkeep
|turn|37
|
|t:|1781123866
|switch|p2a: Ting-Lu|Ting-Lu|36/100
|-ability|p2a: Ting-Lu|Vessel of Ruin
|switch|p1a: Clodsire|Clodsire, M|100/100
|
|upkeep
|turn|38
|
|t:|1781123869
|switch|p1a: Corviknight|Corviknight, M|73/100
|-ability|p1a: Corviknight|Pressure
|move|p2a: Ting-Lu|Ruination|p1a: Corviknight
|-damage|p1a: Corviknight|37/100
|
|upkeep
|turn|39
|
|t:|1781123873
|move|p2a: Ting-Lu|Ruination|p1a: Corviknight
|-damage|p1a: Corviknight|19/100
|move|p1a: Corviknight|Roost|p1a: Corviknight
|-heal|p1a: Corviknight|69/100
|-singleturn|p1a: Corviknight|move: Roost
|
|upkeep
|turn|40
|
|t:|1781123881
|switch|p2a: Moltres|Moltres|100/100
|switch|p1a: Tornadus|Tornadus-Therian, M|80/100
|
|upkeep
|turn|41
|
|t:|1781123885
|switch|p1a: Clodsire|Clodsire, M|100/100
|move|p2a: Moltres|Hurricane|p1a: Clodsire|[miss]
|-miss|p2a: Moltres|p1a: Clodsire
|
|upkeep
|turn|42
|
|t:|1781123891
|move|p2a: Moltres|U-turn|p1a: Clodsire
|-resisted|p1a: Clodsire
|-damage|p1a: Clodsire|93/100
|
|t:|1781123896
|switch|p2a: Ting-Lu|Ting-Lu|36/100|[from] U-turn
|-ability|p2a: Ting-Lu|Vessel of Ruin
|move|p1a: Clodsire|Stealth Rock|p2a: Ting-Lu
|-sidestart|p2: KurisuChestnutOU|move: Stealth Rock
|
|upkeep
|turn|43
|
|t:|1781123901
|switch|p1a: Corviknight|Corviknight, M|69/100
|-ability|p1a: Corviknight|Pressure
|move|p2a: Ting-Lu|Ruination|p1a: Corviknight
|-damage|p1a: Corviknight|35/100
|
|upkeep
|turn|44
|
|t:|1781123909
|move|p2a: Ting-Lu|Stealth Rock|p1a: Corviknight
|-sidestart|p1: itsjustrps|move: Stealth Rock
|move|p1a: Corviknight|Roost|p1a: Corviknight
|-heal|p1a: Corviknight|85/100
|-singleturn|p1a: Corviknight|move: Roost
|
|upkeep
|turn|45
|
|t:|1781123914
|switch|p2a: Moltres|Moltres|100/100
|move|p1a: Corviknight|Defog|p2a: Moltres
|-unboost|p2a: Moltres|evasion|1
|-sideend|p2: KurisuChestnutOU|Stealth Rock|[from] move: Defog|[of] p1a: Corviknight
|-sideend|p1: itsjustrps|Stealth Rock|[from] move: Defog|[of] p1a: Corviknight
|
|upkeep
|turn|46
|
|t:|1781123922
|switch|p1a: Tornadus|Tornadus-Therian, M|100/100
|move|p2a: Moltres|U-turn|p1a: Tornadus
|-resisted|p1a: Tornadus
|-damage|p1a: Tornadus|93/100
|
|t:|1781123928
|switch|p2a: Garganacl|Garganacl, F|91/100|[from] U-turn
|
|upkeep
|turn|47
|
|t:|1781123932
|switch|p2a: Ting-Lu|Ting-Lu|36/100
|-ability|p2a: Ting-Lu|Vessel of Ruin
|move|p1a: Tornadus|Taunt|p2a: Ting-Lu
|-start|p2a: Ting-Lu|move: Taunt
|
|upkeep
|turn|48
|
|t:|1781123937
|switch|p2a: Garganacl|Garganacl, F|91/100
|move|p1a: Tornadus|U-turn|p2a: Garganacl
|-damage|p2a: Garganacl|79/100
|
|t:|1781123949
|switch|p1a: Clodsire|Clodsire, M|93/100|[from] U-turn
|
|upkeep
|turn|49
|
|t:|1781123955
|move|p2a: Garganacl|Recover|p2a: Garganacl
|-heal|p2a: Garganacl|100/100
|move|p1a: Clodsire|Stealth Rock|p2a: Garganacl
|-sidestart|p2: KurisuChestnutOU|move: Stealth Rock
|
|upkeep
|turn|50
|
|t:|1781123959
|move|p2a: Garganacl|Body Press|p1a: Clodsire
|-resisted|p1a: Clodsire
|-damage|p1a: Clodsire|80/100
|move|p1a: Clodsire|Poison Jab|p2a: Garganacl
|-resisted|p2a: Garganacl
|-damage|p2a: Garganacl|94/100
|
|upkeep
|turn|51
|
|t:|1781123964
|switch|p1a: Tornadus|Tornadus-Therian, M|100/100
|move|p2a: Garganacl|Body Press|p1a: Tornadus
|-resisted|p1a: Tornadus
|-crit|p1a: Tornadus
|-damage|p1a: Tornadus|80/100
|
|upkeep
|turn|52
|
|t:|1781123971
|move|p2a: Garganacl|Protect|p2a: Garganacl
|-singleturn|p2a: Garganacl|Protect
|move|p1a: Tornadus|Knock Off|p2a: Garganacl
|-activate|p2a: Garganacl|move: Protect
|
|upkeep
|turn|53
|
|t:|1781123974
|move|p1a: Tornadus|Taunt|p2a: Garganacl
|-start|p2a: Garganacl|move: Taunt
|move|p2a: Garganacl|Body Press|p1a: Tornadus
|-resisted|p1a: Tornadus
|-damage|p1a: Tornadus|68/100
|
|upkeep
|turn|54
|
|t:|1781123980
|move|p1a: Tornadus|Knock Off|p2a: Garganacl
|-damage|p2a: Garganacl|82/100
|move|p2a: Garganacl|Body Press|p1a: Tornadus
|-resisted|p1a: Tornadus
|-damage|p1a: Tornadus|55/100
|
|upkeep
|turn|55
|
|t:|1781123984
|move|p1a: Tornadus|U-turn|p2a: Garganacl
|-damage|p2a: Garganacl|70/100
|
|t:|1781123988
|switch|p1a: Corviknight|Corviknight, M|85/100|[from] U-turn
|-ability|p1a: Corviknight|Pressure
|move|p2a: Garganacl|Body Press|p1a: Corviknight
|-damage|p1a: Corviknight|66/100
|
|-end|p2a: Garganacl|move: Taunt
|upkeep
|turn|56
|
|t:|1781123995
|switch|p1a: Tornadus|Tornadus-Therian, M|88/100
|move|p2a: Garganacl|Recover|p2a: Garganacl
|-heal|p2a: Garganacl|100/100
|
|upkeep
|turn|57
|
|t:|1781123999
|switch|p2a: Corviknight|Corviknight, M|100/100
|-damage|p2a: Corviknight|88/100|[from] Stealth Rock
|-ability|p2a: Corviknight|Pressure
|move|p1a: Tornadus|Taunt|p2a: Corviknight
|-start|p2a: Corviknight|move: Taunt
|
|-heal|p2a: Corviknight|94/100|[from] item: Leftovers
|upkeep
|turn|58
|
|t:|1781124006
|move|p1a: Tornadus|Knock Off|p2a: Corviknight
|-damage|p2a: Corviknight|78/100
|-enditem|p2a: Corviknight|Leftovers|[from] move: Knock Off|[of] p1a: Tornadus
|move|p2a: Corviknight|Brave Bird|p1a: Tornadus
|-damage|p1a: Tornadus|49/100
|-damage|p2a: Corviknight|66/100|[from] Recoil
|
|upkeep
|turn|59
|
|t:|1781124013
|switch|p2a: Ting-Lu|Ting-Lu|36/100
|-damage|p2a: Ting-Lu|29/100|[from] Stealth Rock
|-ability|p2a: Ting-Lu|Vessel of Ruin
|move|p1a: Tornadus|U-turn|p2a: Ting-Lu
|-supereffective|p2a: Ting-Lu
|-damage|p2a: Ting-Lu|9/100
|
|t:|1781124018
|switch|p1a: Kyurem|Kyurem|100/100|[from] U-turn
|-ability|p1a: Kyurem|Pressure
|
|upkeep
|turn|60
|
|t:|1781124025
|switch|p2a: Corviknight|Corviknight, M|66/100
|-damage|p2a: Corviknight|54/100|[from] Stealth Rock
|-ability|p2a: Corviknight|Pressure
|move|p1a: Kyurem|Freeze-Dry|p2a: Corviknight
|-damage|p2a: Corviknight|24/100
|
|upkeep
|turn|61
|
|t:|1781124029
|switch|p2a: Garganacl|Garganacl, F|100/100
|-damage|p2a: Garganacl|88/100|[from] Stealth Rock
|move|p1a: Kyurem|Freeze-Dry|p2a: Garganacl
|-damage|p2a: Garganacl|66/100
|
|upkeep
|turn|62
|
|t:|1781124035
|move|p1a: Kyurem|Protect|p1a: Kyurem
|-singleturn|p1a: Kyurem|Protect
|move|p2a: Garganacl|Recover|p2a: Garganacl
|-heal|p2a: Garganacl|100/100
|
|upkeep
|turn|63
|
|t:|1781124042
|move|p1a: Kyurem|Substitute|p1a: Kyurem
|-start|p1a: Kyurem|Substitute
|-damage|p1a: Kyurem|75/100
|move|p2a: Garganacl|Body Press|p1a: Kyurem
|-supereffective|p1a: Kyurem
|-end|p1a: Kyurem|Substitute
|
|-heal|p1a: Kyurem|82/100|[from] item: Leftovers
|upkeep
|turn|64
|
|t:|1781124045
|move|p1a: Kyurem|Protect|p1a: Kyurem
|-singleturn|p1a: Kyurem|Protect
|move|p2a: Garganacl|Body Press|p1a: Kyurem
|-activate|p1a: Kyurem|move: Protect
|
|-heal|p1a: Kyurem|88/100|[from] item: Leftovers
|upkeep
|turn|65
|
|t:|1781124050
|switch|p2a: Moltres|Moltres|100/100
|move|p1a: Kyurem|Substitute|p1a: Kyurem
|-start|p1a: Kyurem|Substitute
|-damage|p1a: Kyurem|63/100
|
|-heal|p1a: Kyurem|69/100|[from] item: Leftovers
|upkeep
|turn|66
|
|t:|1781124057
|switch|p2a: Garganacl|Garganacl, F|100/100
|-damage|p2a: Garganacl|88/100|[from] Stealth Rock
|move|p1a: Kyurem|Protect||[still]
|-fail|p1a: Kyurem
|
|-heal|p1a: Kyurem|75/100|[from] item: Leftovers
|upkeep
|turn|67
|
|t:|1781124061
|move|p1a: Kyurem|Protect|p1a: Kyurem
|-singleturn|p1a: Kyurem|Protect
|move|p2a: Garganacl|Recover|p2a: Garganacl
|-heal|p2a: Garganacl|100/100
|
|-heal|p1a: Kyurem|81/100|[from] item: Leftovers
|upkeep
|turn|68
|
|t:|1781124066
|move|p1a: Kyurem|Earth Power|p2a: Garganacl
|-supereffective|p2a: Garganacl
|-damage|p2a: Garganacl|58/100
|move|p2a: Garganacl|Body Press|p1a: Kyurem
|-supereffective|p1a: Kyurem
|-end|p1a: Kyurem|Substitute
|
|-heal|p1a: Kyurem|88/100|[from] item: Leftovers
|upkeep
|turn|69
|
|t:|1781124069
|move|p1a: Kyurem|Substitute|p1a: Kyurem
|-start|p1a: Kyurem|Substitute
|-damage|p1a: Kyurem|63/100
|move|p2a: Garganacl|Recover|p2a: Garganacl
|-heal|p2a: Garganacl|100/100
|
|-heal|p1a: Kyurem|69/100|[from] item: Leftovers
|upkeep
|turn|70
|
|t:|1781124077
|move|p2a: Garganacl|Protect|p2a: Garganacl
|-singleturn|p2a: Garganacl|Protect
|move|p1a: Kyurem|Earth Power|p2a: Garganacl
|-activate|p2a: Garganacl|move: Protect
|
|-heal|p1a: Kyurem|75/100|[from] item: Leftovers
|upkeep
|turn|71
|
|t:|1781124080
|move|p1a: Kyurem|Earth Power|p2a: Garganacl
|-supereffective|p2a: Garganacl
|-damage|p2a: Garganacl|59/100
|move|p2a: Garganacl|Recover|p2a: Garganacl
|-heal|p2a: Garganacl|100/100
|
|-heal|p1a: Kyurem|81/100|[from] item: Leftovers
|upkeep
|turn|72
|
|t:|1781124087
|move|p2a: Garganacl|Protect|p2a: Garganacl
|-singleturn|p2a: Garganacl|Protect
|move|p1a: Kyurem|Earth Power|p2a: Garganacl
|-activate|p2a: Garganacl|move: Protect
|
|-heal|p1a: Kyurem|87/100|[from] item: Leftovers
|upkeep
|turn|73
|
|t:|1781124094
|switch|p2a: Moltres|Moltres|100/100
|move|p1a: Kyurem|Earth Power|p2a: Moltres
|-immune|p2a: Moltres
|
|-heal|p1a: Kyurem|94/100|[from] item: Leftovers
|upkeep
|turn|74
|inactive|itsjustrps has 120 seconds left.
|
|t:|1781124154
|move|p1a: Kyurem|Protect|p1a: Kyurem
|-singleturn|p1a: Kyurem|Protect
|move|p2a: Moltres|Flamethrower|p1a: Kyurem
|-activate|p1a: Kyurem|move: Protect
|
|-heal|p1a: Kyurem|99/100|[from] item: Leftovers
|upkeep
|turn|75
|
|t:|1781124161
|move|p1a: Kyurem|Freeze-Dry|p2a: Moltres
|-damage|p2a: Moltres|64/100
|move|p2a: Moltres|Flamethrower|p1a: Kyurem
|-end|p1a: Kyurem|Substitute
|
|-heal|p1a: Kyurem|100/100|[from] item: Leftovers
|upkeep
|turn|76
|
|t:|1781124168
|move|p1a: Kyurem|Protect|p1a: Kyurem
|-singleturn|p1a: Kyurem|Protect
|move|p2a: Moltres|Roost|p2a: Moltres
|-heal|p2a: Moltres|100/100
|-singleturn|p2a: Moltres|move: Roost
|
|upkeep
|turn|77
|inactive|itsjustrps has 120 seconds left.
|
|t:|1781124173
|switch|p1a: Garganacl|Garganacl, F|100/100
|move|p2a: Moltres|Hurricane|p1a: Garganacl|[miss]
|-miss|p2a: Moltres|p1a: Garganacl
|
|upkeep
|turn|78
|
|t:|1781124178
|move|p2a: Moltres|U-turn|p1a: Garganacl
|-damage|p1a: Garganacl|92/100
|
|t:|1781124183
|switch|p2a: Ting-Lu|Ting-Lu|9/100|[from] U-turn
|-damage|p2a: Ting-Lu|3/100|[from] Stealth Rock
|-ability|p2a: Ting-Lu|Vessel of Ruin
|move|p1a: Garganacl|Salt Cure|p2a: Ting-Lu
|-resisted|p2a: Ting-Lu
|-damage|p2a: Ting-Lu|0 fnt
|faint|p2a: Ting-Lu
|
|upkeep
|
|t:|1781124188
|switch|p2a: Corviknight|Corviknight, M|24/100
|-damage|p2a: Corviknight|11/100|[from] Stealth Rock
|-ability|p2a: Corviknight|Pressure
|turn|79
|
|t:|1781124196
|move|p2a: Corviknight|Roost|p2a: Corviknight
|-heal|p2a: Corviknight|61/100
|-singleturn|p2a: Corviknight|move: Roost
|move|p1a: Garganacl|Body Press|p2a: Corviknight
|-supereffective|p2a: Corviknight
|-damage|p2a: Corviknight|30/100
|
|upkeep
|turn|80
|
|t:|1781124206
|move|p2a: Corviknight|Roost|p2a: Corviknight
|-heal|p2a: Corviknight|80/100
|-singleturn|p2a: Corviknight|move: Roost
|move|p1a: Garganacl|Salt Cure|p2a: Corviknight
|-resisted|p2a: Corviknight
|-damage|p2a: Corviknight|76/100
|-start|p2a: Corviknight|Salt Cure
|
|-damage|p2a: Corviknight|51/100|[from] Salt Cure
|upkeep
|turn|81
|
|t:|1781124218
|switch|p1a: Tornadus|Tornadus-Therian, M|82/100
|move|p2a: Corviknight|Roost|p2a: Corviknight
|-heal|p2a: Corviknight|100/100
|-singleturn|p2a: Corviknight|move: Roost
|
|-damage|p2a: Corviknight|75/100|[from] Salt Cure
|upkeep
|turn|82
|
|t:|1781124236
|switch|p2a: Clodsire|Clodsire, F|100/100
|-damage|p2a: Clodsire|94/100|[from] Stealth Rock
|move|p1a: Tornadus|Knock Off|p2a: Clodsire
|-damage|p2a: Clodsire|68/100
|-enditem|p2a: Clodsire|Leftovers|[from] move: Knock Off|[of] p1a: Tornadus
|
|upkeep
|turn|83
|
|t:|1781124247
|move|p1a: Tornadus|Taunt|p2a: Clodsire
|-start|p2a: Clodsire|move: Taunt
|cant|p2a: Clodsire|move: Taunt|Recover
|
|upkeep
|turn|84
|
|t:|1781124253
|switch|p2a: Corviknight|Corviknight, M|75/100
|-damage|p2a: Corviknight|63/100|[from] Stealth Rock
|-ability|p2a: Corviknight|Pressure
|move|p1a: Tornadus|Acrobatics|p2a: Corviknight
|-resisted|p2a: Corviknight
|-damage|p2a: Corviknight|49/100
|
|upkeep
|turn|85
|
|t:|1781124260
|move|p1a: Tornadus|Taunt|p2a: Corviknight
|-start|p2a: Corviknight|move: Taunt
|move|p2a: Corviknight|Brave Bird|p1a: Tornadus
|-damage|p1a: Tornadus|42/100
|-damage|p2a: Corviknight|37/100|[from] Recoil
|
|upkeep
|turn|86
|
|t:|1781124265
|move|p1a: Tornadus|U-turn|p2a: Corviknight
|-resisted|p2a: Corviknight
|-damage|p2a: Corviknight|34/100
|
|t:|1781124268
|switch|p1a: Garganacl|Garganacl, F|92/100|[from] U-turn
|move|p2a: Corviknight|Body Press|p1a: Garganacl
|-supereffective|p1a: Garganacl
|-damage|p1a: Garganacl|60/100
|
|upkeep
|turn|87
|
|t:|1781124272
|-terastallize|p2a: Corviknight|Dragon
|move|p2a: Corviknight|Body Press|p1a: Garganacl
|-supereffective|p1a: Garganacl
|-damage|p1a: Garganacl|29/100
|move|p1a: Garganacl|Iron Defense|p1a: Garganacl
|-boost|p1a: Garganacl|def|2
|
|-end|p2a: Corviknight|move: Taunt
|upkeep
|turn|88
|
|t:|1781124275
|move|p2a: Corviknight|Defog|p1a: Garganacl
|-unboost|p1a: Garganacl|evasion|1
|-sideend|p2: KurisuChestnutOU|Stealth Rock|[from] move: Defog|[of] p2a: Corviknight
|move|p1a: Garganacl|Recover|p1a: Garganacl
|-heal|p1a: Garganacl|79/100
|
|upkeep
|turn|89
|
|t:|1781124280
|move|p2a: Corviknight|Roost|p2a: Corviknight
|-heal|p2a: Corviknight|84/100
|move|p1a: Garganacl|Iron Defense|p1a: Garganacl
|-boost|p1a: Garganacl|def|2
|
|upkeep
|turn|90
|
|t:|1781124285
|switch|p2a: Clodsire|Clodsire, F|68/100
|move|p1a: Garganacl|Salt Cure|p2a: Clodsire
|-resisted|p2a: Clodsire
|-damage|p2a: Clodsire|59/100
|-start|p2a: Clodsire|Salt Cure
|
|-damage|p2a: Clodsire|47/100|[from] Salt Cure
|upkeep
|turn|91
|
|t:|1781124288
|move|p1a: Garganacl|Body Press|p2a: Clodsire
|-resisted|p2a: Clodsire
|-damage|p2a: Clodsire|33/100
|move|p2a: Clodsire|Recover|p2a: Clodsire
|-heal|p2a: Clodsire|83/100
|
|-damage|p2a: Clodsire|71/100|[from] Salt Cure
|upkeep
|turn|92
|
|t:|1781124293
|move|p1a: Garganacl|Body Press|p2a: Clodsire
|-resisted|p2a: Clodsire
|-damage|p2a: Clodsire|57/100
|move|p2a: Clodsire|Recover|p2a: Clodsire
|-heal|p2a: Clodsire|100/100
|
|-damage|p2a: Clodsire|88/100|[from] Salt Cure
|upkeep
|turn|93
|
|t:|1781124296
|move|p1a: Garganacl|Body Press|p2a: Clodsire
|-resisted|p2a: Clodsire
|-damage|p2a: Clodsire|76/100
|move|p2a: Clodsire|Earthquake|p1a: Garganacl
|-supereffective|p1a: Garganacl
|-damage|p1a: Garganacl|46/100
|
|-damage|p2a: Clodsire|64/100|[from] Salt Cure
|upkeep
|turn|94
|
|t:|1781124302
|move|p1a: Garganacl|Recover|p1a: Garganacl
|-heal|p1a: Garganacl|96/100
|move|p2a: Clodsire|Earthquake|p1a: Garganacl
|-supereffective|p1a: Garganacl
|-damage|p1a: Garganacl|58/100
|
|-damage|p2a: Clodsire|51/100|[from] Salt Cure
|upkeep
|turn|95
|
|t:|1781124309
|move|p1a: Garganacl|Body Press|p2a: Clodsire
|-resisted|p2a: Clodsire
|-damage|p2a: Clodsire|38/100
|move|p2a: Clodsire|Recover|p2a: Clodsire
|-heal|p2a: Clodsire|88/100
|
|-damage|p2a: Clodsire|75/100|[from] Salt Cure
|upkeep
|turn|96
|
|t:|1781124316
|switch|p1a: Corviknight|Corviknight, M|66/100
|-ability|p1a: Corviknight|Pressure
|move|p2a: Clodsire|Earthquake|p1a: Corviknight
|-immune|p1a: Corviknight
|
|-damage|p2a: Clodsire|63/100|[from] Salt Cure
|upkeep
|turn|97
|
|t:|1781124326
|move|p1a: Corviknight|U-turn|p2a: Clodsire
|-resisted|p2a: Clodsire
|-damage|p2a: Clodsire|56/100
|
|t:|1781124331
|switch|p1a: Tornadus|Tornadus-Therian, M|76/100|[from] U-turn
|move|p2a: Clodsire|Recover|p2a: Clodsire
|-heal|p2a: Clodsire|100/100
|
|-damage|p2a: Clodsire|88/100|[from] Salt Cure
|upkeep
|turn|98
|
|t:|1781124336
|switch|p2a: Corviknight|Corviknight, M, tera:Dragon|84/100
|-ability|p2a: Corviknight|Pressure
|move|p1a: Tornadus|Taunt|p2a: Corviknight
|-start|p2a: Corviknight|move: Taunt
|
|upkeep
|turn|99
|
|t:|1781124340
|move|p1a: Tornadus|Acrobatics|p2a: Corviknight
|-damage|p2a: Corviknight|56/100
|move|p2a: Corviknight|Body Press|p1a: Tornadus
|-resisted|p1a: Tornadus
|-damage|p1a: Tornadus|60/100
|
|upkeep
|turn|100
|
|t:|1781124343
|move|p1a: Tornadus|Acrobatics|p2a: Corviknight
|-damage|p2a: Corviknight|27/100
|move|p2a: Corviknight|Body Press|p1a: Tornadus
|-resisted|p1a: Tornadus
|-damage|p1a: Tornadus|46/100
|
|-end|p2a: Corviknight|move: Taunt
|upkeep
|turn|101
|
|t:|1781124351
|move|p1a: Tornadus|Acrobatics|p2a: Corviknight
|-damage|p2a: Corviknight|0 fnt
|faint|p2a: Corviknight
|
|upkeep
|
|t:|1781124359
|switch|p2a: Clodsire|Clodsire, F|88/100
|turn|102
|
|t:|1781124363
|move|p1a: Tornadus|Taunt|p2a: Clodsire
|-start|p2a: Clodsire|move: Taunt
|cant|p2a: Clodsire|move: Taunt|Recover
|
|upkeep
|turn|103
|
|t:|1781124368
|switch|p2a: Moltres|Moltres|100/100
|move|p1a: Tornadus|U-turn|p2a: Moltres
|-resisted|p2a: Moltres
|-damage|p2a: Moltres|97/100
|
|t:|1781124372
|switch|p1a: Garganacl|Garganacl, F|58/100|[from] U-turn
|
|upkeep
|turn|104
|
|t:|1781124375
|switch|p2a: Clodsire|Clodsire, F|88/100
|move|p1a: Garganacl|Recover|p1a: Garganacl
|-heal|p1a: Garganacl|100/100
|
|upkeep
|turn|105
|
|t:|1781124379
|switch|p1a: Tornadus|Tornadus-Therian, M|79/100
|move|p2a: Clodsire|Earthquake|p1a: Tornadus
|-immune|p1a: Tornadus
|
|upkeep
|turn|106
|
|t:|1781124381
|move|p1a: Tornadus|Taunt|p2a: Clodsire
|-start|p2a: Clodsire|move: Taunt
|cant|p2a: Clodsire|move: Taunt|Recover
|
|upkeep
|turn|107
|
|t:|1781124386
|switch|p2a: Moltres|Moltres|97/100
|move|p1a: Tornadus|Knock Off|p2a: Moltres
|-damage|p2a: Moltres|81/100
|-status|p1a: Tornadus|brn|[from] ability: Flame Body|[of] p2a: Moltres
|-enditem|p2a: Moltres|Heavy-Duty Boots|[from] move: Knock Off|[of] p1a: Tornadus
|
|-damage|p1a: Tornadus|73/100 brn|[from] brn
|upkeep
|turn|108
|
|t:|1781124390
|move|p1a: Tornadus|U-turn|p2a: Moltres
|-resisted|p2a: Moltres
|-damage|p2a: Moltres|80/100
|
|t:|1781124391
|switch|p1a: Clodsire|Clodsire, M|80/100|[from] U-turn
|move|p2a: Moltres|Roost|p2a: Moltres
|-heal|p2a: Moltres|100/100
|-singleturn|p2a: Moltres|move: Roost
|
|upkeep
|turn|109
|
|t:|1781124395
|move|p2a: Moltres|Hurricane|p1a: Clodsire
|-damage|p1a: Clodsire|55/100
|-start|p1a: Clodsire|confusion
|-activate|p1a: Clodsire|confusion
|-damage|p1a: Clodsire|47/100|[from] confusion
|
|upkeep
|turn|110
|
|t:|1781124405
|switch|p1a: Garganacl|Garganacl, F|100/100
|move|p2a: Moltres|Hurricane|p1a: Garganacl|[miss]
|-miss|p2a: Moltres|p1a: Garganacl
|
|upkeep
|turn|111
|
|t:|1781124409
|move|p2a: Moltres|U-turn|p1a: Garganacl
|-damage|p1a: Garganacl|92/100
|
|t:|1781124416
|switch|p2a: Clodsire|Clodsire, F|88/100|[from] U-turn
|move|p1a: Garganacl|Salt Cure|p2a: Clodsire
|-resisted|p2a: Clodsire
|-damage|p2a: Clodsire|80/100
|-start|p2a: Clodsire|Salt Cure
|
|-damage|p2a: Clodsire|68/100|[from] Salt Cure
|upkeep
|turn|112
|
|t:|1781124423
|switch|p1a: Corviknight|Corviknight, M|66/100
|-ability|p1a: Corviknight|Pressure
|move|p2a: Clodsire|Recover|p2a: Clodsire
|-heal|p2a: Clodsire|100/100
|
|-damage|p2a: Clodsire|88/100|[from] Salt Cure
|upkeep
|turn|113
|
|t:|1781124429
|switch|p2a: Moltres|Moltres|100/100
|move|p1a: Corviknight|U-turn|p2a: Moltres
|-resisted|p2a: Moltres
|-crit|p2a: Moltres
|-damage|p2a: Moltres|97/100
|
|t:|1781124432
|switch|p1a: Clodsire|Clodsire, M|47/100|[from] U-turn
|
|upkeep
|turn|114
|
|t:|1781124440
|move|p2a: Moltres|Hurricane|p1a: Clodsire
|-damage|p1a: Clodsire|23/100
|-start|p1a: Clodsire|confusion
|-activate|p1a: Clodsire|confusion
|move|p1a: Clodsire|Recover|p1a: Clodsire
|-heal|p1a: Clodsire|73/100
|
|upkeep
|turn|115
|
|t:|1781124445
|switch|p1a: Garganacl|Garganacl, F|92/100
|move|p2a: Moltres|U-turn|p1a: Garganacl
|-damage|p1a: Garganacl|83/100
|
|t:|1781124449
|switch|p2a: Clodsire|Clodsire, F|88/100|[from] U-turn
|
|upkeep
|turn|116
|
|t:|1781124453
|move|p1a: Garganacl|Salt Cure|p2a: Clodsire
|-resisted|p2a: Clodsire
|-damage|p2a: Clodsire|80/100
|-start|p2a: Clodsire|Salt Cure
|move|p2a: Clodsire|Recover|p2a: Clodsire
|-heal|p2a: Clodsire|100/100
|
|-damage|p2a: Clodsire|88/100|[from] Salt Cure
|upkeep
|turn|117
|
|t:|1781124461
|switch|p1a: Corviknight|Corviknight, M|66/100
|-ability|p1a: Corviknight|Pressure
|move|p2a: Clodsire|Earthquake|p1a: Corviknight
|-immune|p1a: Corviknight
|
|-damage|p2a: Clodsire|75/100|[from] Salt Cure
|upkeep
|turn|118
|
|t:|1781124467
|move|p1a: Corviknight|U-turn|p2a: Clodsire
|-resisted|p2a: Clodsire
|-damage|p2a: Clodsire|67/100
|
|t:|1781124469
|switch|p1a: Tornadus|Tornadus-Therian, M|100/100 brn|[from] U-turn
|move|p2a: Clodsire|Recover|p2a: Clodsire
|-heal|p2a: Clodsire|100/100
|
|-damage|p1a: Tornadus|94/100 brn|[from] brn
|-damage|p2a: Clodsire|88/100|[from] Salt Cure
|upkeep
|turn|119
|
|t:|1781124477
|switch|p2a: Moltres|Moltres|97/100
|move|p1a: Tornadus|Acrobatics|p2a: Moltres
|-damage|p2a: Moltres|83/100
|
|-damage|p1a: Tornadus|88/100 brn|[from] brn
|upkeep
|turn|120
|
|t:|1781124486
|move|p1a: Tornadus|U-turn|p2a: Moltres
|-resisted|p2a: Moltres
|-damage|p2a: Moltres|81/100
|
|t:|1781124494
|switch|p1a: Clodsire|Clodsire, M|73/100|[from] U-turn
|move|p2a: Moltres|Hurricane|p1a: Clodsire
|-damage|p1a: Clodsire|50/100
|
|upkeep
|turn|121
|
|t:|1781124496
|move|p2a: Moltres|Hurricane|p1a: Clodsire
|-damage|p1a: Clodsire|24/100
|move|p1a: Clodsire|Recover|p1a: Clodsire
|-heal|p1a: Clodsire|74/100
|
|upkeep
|turn|122
|
|t:|1781124503
|move|p2a: Moltres|Hurricane|p1a: Clodsire|[miss]
|-miss|p2a: Moltres|p1a: Clodsire
|move|p1a: Clodsire|Stealth Rock|p2a: Moltres
|-sidestart|p2: KurisuChestnutOU|move: Stealth Rock
|
|upkeep
|turn|123
|
|t:|1781124509
|switch|p1a: Garganacl|Garganacl, F|83/100
|move|p2a: Moltres|Hurricane|p1a: Garganacl
|-resisted|p1a: Garganacl
|-damage|p1a: Garganacl|67/100
|
|upkeep
|turn|124
|
|t:|1781124512
|move|p2a: Moltres|Hurricane|p1a: Garganacl
|-resisted|p1a: Garganacl
|-damage|p1a: Garganacl|51/100
|move|p1a: Garganacl|Salt Cure|p2a: Moltres
|-supereffective|p2a: Moltres
|-damage|p2a: Moltres|44/100
|-start|p2a: Moltres|Salt Cure
|
|-damage|p2a: Moltres|31/100|[from] Salt Cure
|upkeep
|turn|125
|
|t:|1781124522
|move|p2a: Moltres|Roost|p2a: Moltres
|-heal|p2a: Moltres|81/100
|-singleturn|p2a: Moltres|move: Roost
|move|p1a: Garganacl|Recover|p1a: Garganacl
|-heal|p1a: Garganacl|100/100
|
|-damage|p2a: Moltres|69/100|[from] Salt Cure
|upkeep
|turn|126
|
|t:|1781124528
|move|p2a: Moltres|Roost|p2a: Moltres
|-heal|p2a: Moltres|100/100
|-singleturn|p2a: Moltres|move: Roost
|move|p1a: Garganacl|Salt Cure|p2a: Moltres
|-supereffective|p2a: Moltres
|-damage|p2a: Moltres|82/100
|
|-damage|p2a: Moltres|69/100|[from] Salt Cure
|upkeep
|turn|127
|
|t:|1781124532
|move|p2a: Moltres|Hurricane|p1a: Garganacl
|-resisted|p1a: Garganacl
|-damage|p1a: Garganacl|85/100
|move|p1a: Garganacl|Iron Defense|p1a: Garganacl
|-boost|p1a: Garganacl|def|2
|
|-damage|p2a: Moltres|57/100|[from] Salt Cure
|upkeep
|turn|128
|
|t:|1781124539
|move|p2a: Moltres|Roost|p2a: Moltres
|-heal|p2a: Moltres|100/100
|-singleturn|p2a: Moltres|move: Roost
|move|p1a: Garganacl|Salt Cure|p2a: Moltres
|-supereffective|p2a: Moltres
|-crit|p2a: Moltres
|-damage|p2a: Moltres|69/100
|
|-damage|p2a: Moltres|56/100|[from] Salt Cure
|upkeep
|turn|129
|
|t:|1781124546
|move|p2a: Moltres|Roost|p2a: Moltres
|-heal|p2a: Moltres|100/100
|-singleturn|p2a: Moltres|move: Roost
|move|p1a: Garganacl|Body Press|p2a: Moltres
|-damage|p2a: Moltres|70/100
|
|-damage|p2a: Moltres|58/100|[from] Salt Cure
|upkeep
|turn|130
|
|t:|1781124551
|move|p2a: Moltres|Roost|p2a: Moltres
|-heal|p2a: Moltres|100/100
|-singleturn|p2a: Moltres|move: Roost
|move|p1a: Garganacl|Body Press|p2a: Moltres
|-crit|p2a: Moltres
|-damage|p2a: Moltres|53/100
|
|-damage|p2a: Moltres|41/100|[from] Salt Cure
|upkeep
|turn|131
|
|t:|1781124555
|move|p2a: Moltres|Roost|p2a: Moltres
|-heal|p2a: Moltres|91/100
|-singleturn|p2a: Moltres|move: Roost
|move|p1a: Garganacl|Body Press|p2a: Moltres
|-damage|p2a: Moltres|61/100
|
|-damage|p2a: Moltres|48/100|[from] Salt Cure
|upkeep
|turn|132
|
|t:|1781124559
|move|p2a: Moltres|U-turn|p1a: Garganacl
|-damage|p1a: Garganacl|81/100
|
|t:|1781124574
|switch|p2a: Clodsire|Clodsire, F|88/100|[from] U-turn
|-damage|p2a: Clodsire|82/100|[from] Stealth Rock
|move|p1a: Garganacl|Salt Cure|p2a: Clodsire
|-resisted|p2a: Clodsire
|-damage|p2a: Clodsire|74/100
|-start|p2a: Clodsire|Salt Cure
|
|-damage|p2a: Clodsire|61/100|[from] Salt Cure
|upkeep
|turn|133
|
|t:|1781124581
|switch|p1a: Corviknight|Corviknight, M|66/100
|-ability|p1a: Corviknight|Pressure
|move|p2a: Clodsire|Toxic|p1a: Corviknight
|-immune|p1a: Corviknight
|
|-damage|p2a: Clodsire|49/100|[from] Salt Cure
|upkeep
|turn|134
|
|t:|1781124591
|move|p1a: Corviknight|U-turn|p2a: Clodsire
|-resisted|p2a: Clodsire
|-damage|p2a: Clodsire|41/100
|
|t:|1781124593
|switch|p1a: Tornadus|Tornadus-Therian, M|100/100 brn|[from] U-turn
|move|p2a: Clodsire|Recover|p2a: Clodsire
|-heal|p2a: Clodsire|91/100
|
|-damage|p1a: Tornadus|94/100 brn|[from] brn
|-damage|p2a: Clodsire|78/100|[from] Salt Cure
|upkeep
|turn|135
|
|t:|1781124597
|switch|p2a: Garganacl|Garganacl, F|100/100
|-damage|p2a: Garganacl|88/100|[from] Stealth Rock
|move|p1a: Tornadus|Acrobatics|p2a: Garganacl
|-resisted|p2a: Garganacl
|-damage|p2a: Garganacl|82/100
|
|-damage|p1a: Tornadus|88/100 brn|[from] brn
|upkeep
|turn|136
|
|t:|1781124602
|switch|p1a: Kyurem|Kyurem|100/100
|-ability|p1a: Kyurem|Pressure
|move|p2a: Garganacl|Protect||[still]
|-fail|p2a: Garganacl
|
|upkeep
|turn|137
|
|t:|1781124605
|move|p2a: Garganacl|Protect|p2a: Garganacl
|-singleturn|p2a: Garganacl|Protect
|move|p1a: Kyurem|Substitute|p1a: Kyurem
|-start|p1a: Kyurem|Substitute
|-damage|p1a: Kyurem|75/100
|
|-heal|p1a: Kyurem|82/100|[from] item: Leftovers
|upkeep
|turn|138
|
|t:|1781124611
|move|p1a: Kyurem|Freeze-Dry|p2a: Garganacl
|-damage|p2a: Garganacl|58/100
|move|p2a: Garganacl|Recover|p2a: Garganacl
|-heal|p2a: Garganacl|100/100
|
|-heal|p1a: Kyurem|88/100|[from] item: Leftovers
|upkeep
|turn|139
|
|t:|1781124617
|move|p2a: Garganacl|Protect|p2a: Garganacl
|-singleturn|p2a: Garganacl|Protect
|move|p1a: Kyurem|Freeze-Dry|p2a: Garganacl
|-activate|p2a: Garganacl|move: Protect
|
|-heal|p1a: Kyurem|94/100|[from] item: Leftovers
|upkeep
|turn|140
|
|t:|1781124622
|move|p2a: Garganacl|Protect||[still]
|-fail|p2a: Garganacl
|move|p1a: Kyurem|Earth Power|p2a: Garganacl
|-supereffective|p2a: Garganacl
|-damage|p2a: Garganacl|61/100
|
|-heal|p1a: Kyurem|99/100|[from] item: Leftovers
|upkeep
|turn|141
|
|t:|1781124631
|move|p2a: Garganacl|Protect|p2a: Garganacl
|-singleturn|p2a: Garganacl|Protect
|move|p1a: Kyurem|Earth Power|p2a: Garganacl
|-activate|p2a: Garganacl|move: Protect
|
|-heal|p1a: Kyurem|100/100|[from] item: Leftovers
|upkeep
|turn|142
|
|t:|1781124634
|move|p2a: Garganacl|Protect|p2a: Garganacl
|-singleturn|p2a: Garganacl|Protect
|move|p1a: Kyurem|Earth Power|p2a: Garganacl
|-activate|p2a: Garganacl|move: Protect
|
|upkeep
|turn|143
|
|t:|1781124638
|move|p2a: Garganacl|Protect||[still]
|-fail|p2a: Garganacl
|move|p1a: Kyurem|Earth Power|p2a: Garganacl
|-supereffective|p2a: Garganacl
|-damage|p2a: Garganacl|22/100
|
|upkeep
|turn|144
|
|t:|1781124643
|move|p2a: Garganacl|Protect|p2a: Garganacl
|-singleturn|p2a: Garganacl|Protect
|move|p1a: Kyurem|Freeze-Dry|p2a: Garganacl
|-activate|p2a: Garganacl|move: Protect
|
|upkeep
|turn|145
|
|t:|1781124646
|move|p2a: Garganacl|Protect|p2a: Garganacl
|-singleturn|p2a: Garganacl|Protect
|move|p1a: Kyurem|Earth Power|p2a: Garganacl
|-activate|p2a: Garganacl|move: Protect
|
|upkeep
|turn|146
|
|t:|1781124654
|move|p2a: Garganacl|Protect||[still]
|-fail|p2a: Garganacl
|move|p1a: Kyurem|Earth Power|p2a: Garganacl
|-supereffective|p2a: Garganacl
|-damage|p2a: Garganacl|0 fnt
|faint|p2a: Garganacl
|
|upkeep
|
|t:|1781124660
|switch|p2a: Dragapult|Dragapult, F|100/100
|turn|147
|
|t:|1781124667
|move|p1a: Kyurem|Protect|p1a: Kyurem
|-singleturn|p1a: Kyurem|Protect
|move|p2a: Dragapult|Draco Meteor|p1a: Kyurem
|-activate|p1a: Kyurem|move: Protect
|
|upkeep
|turn|148
|
|t:|1781124675
|-terastallize|p1a: Kyurem|Fairy
|move|p2a: Dragapult|Draco Meteor|p1a: Kyurem
|-immune|p1a: Kyurem
|move|p1a: Kyurem|Freeze-Dry|p2a: Dragapult
|-supereffective|p2a: Dragapult
|-damage|p2a: Dragapult|5/100
|
|upkeep
|turn|149
|
|t:|1781124679
|move|p2a: Dragapult|U-turn|p1a: Kyurem
|-resisted|p1a: Kyurem
|-damage|p1a: Kyurem|93/100
|
|t:|1781124683
|switch|p2a: Moltres|Moltres|48/100|[from] U-turn
|-damage|p2a: Moltres|0 fnt|[from] Stealth Rock
|faint|p2a: Moltres
|move|p1a: Kyurem|Freeze-Dry|p2: Moltres|[notarget]
|-fail|p1a: Kyurem
|
|-heal|p1a: Kyurem|99/100|[from] item: Leftovers
|upkeep
|
|t:|1781124686
|switch|p2a: Dragapult|Dragapult, F|5/100
|turn|150
|
|t:|1781124697
|move|p2a: Dragapult|U-turn|p1a: Kyurem
|-resisted|p1a: Kyurem
|-damage|p1a: Kyurem|92/100
|
|t:|1781124705
|switch|p2a: Clodsire|Clodsire, F|78/100|[from] U-turn
|-damage|p2a: Clodsire|72/100|[from] Stealth Rock
|move|p1a: Kyurem|Freeze-Dry|p2a: Clodsire
|-supereffective|p2a: Clodsire
|-damage|p2a: Clodsire|33/100
|
|-heal|p1a: Kyurem|98/100|[from] item: Leftovers
|upkeep
|turn|151
|
|t:|1781124710
|move|p1a: Kyurem|Freeze-Dry|p2a: Clodsire
|-supereffective|p2a: Clodsire
|-damage|p2a: Clodsire|0 fnt
|faint|p2a: Clodsire
|
|-heal|p1a: Kyurem|100/100|[from] item: Leftovers
|upkeep
|
|t:|1781124714
|switch|p2a: Dragapult|Dragapult, F|5/100
|turn|152
|inactive|KurisuChestnutOU has 120 seconds left.
|inactive|KurisuChestnutOU has 90 seconds left.
|inactive|KurisuChestnutOU has 60 seconds left.
|inactive|KurisuChestnutOU has 30 seconds left.
|inactive|KurisuChestnutOU has 20 seconds left.
|inactive|KurisuChestnutOU has 15 seconds left.
|inactive|KurisuChestnutOU has 10 seconds left.
|inactive|KurisuChestnutOU has 5 seconds left.
|-message|KurisuChestnutOU lost due to inactivity.
|
|win|itsjustrps
|raw|itsjustrps's rating: 1528 &rarr; <strong>1547</strong><br />(+19 for winning)
|raw|KurisuChestnutOU's rating: 1519 &rarr; <strong>1500</strong><br />(-19 for losing)
