|j|☆Yujiro-Jamon
|j|☆KurisuChestnutLab
|t:|1781141572
|gametype|singles
|player|p1|Yujiro-Jamon|alder|1549
|player|p2|KurisuChestnutLab|may-contest|1597
|gen|9
|tier|[Gen 9] OU
|rated|
|rule|HP Percentage Mod: HP is shown in percentages
|rule|Endless Battle Clause: Forcing endless battles is banned
|rule|Species Clause: Limit one of each Pokémon
|rule|OHKO Clause: OHKO moves are banned
|rule|Evasion Items Clause: Evasion items are banned
|rule|Evasion Moves Clause: Evasion moves are banned
|rule|Evasion Abilities Clause: Evasion abilities are banned
|rule|Sleep Moves Clause: Sleep-inducing moves are banned
|clearpoke
|poke|p1|Deoxys-Speed|
|poke|p1|Clefable, M|
|poke|p1|Conkeldurr, M|
|poke|p1|Blaziken, F|
|poke|p1|Ting-Lu|
|poke|p1|Corviknight, F|
|poke|p2|Zamazenta-*|
|poke|p2|Zapdos|
|poke|p2|Garganacl, M|
|poke|p2|Clefable, M|
|poke|p2|Samurott-Hisui, F|
|poke|p2|Gholdengo|
|teampreview
|inactive|Battle timer is ON: inactive players will automatically lose when time's up. (requested by KurisuChestnutLab)
|
|t:|1781141586
|teamsize|p1|6
|teamsize|p2|6
|start
|switch|p1a: Conkeldurr|Conkeldurr, M|100/100
|switch|p2a: Garganacl|Garganacl, M|100/100
|turn|1
|
|t:|1781141590
|move|p1a: Conkeldurr|Drain Punch|p2a: Garganacl
|-supereffective|p2a: Garganacl
|-damage|p2a: Garganacl|37/100
|move|p2a: Garganacl|Stealth Rock|p1a: Conkeldurr
|-sidestart|p1: Yujiro-Jamon|move: Stealth Rock
|
|-heal|p2a: Garganacl|43/100|[from] item: Leftovers
|upkeep
|turn|2
|
|t:|1781141595
|switch|p2a: Zamazenta|Zamazenta|100/100
|-ability|p2a: Zamazenta|Dauntless Shield|boost
|-boost|p2a: Zamazenta|def|1
|move|p1a: Conkeldurr|Knock Off|p2a: Zamazenta
|-resisted|p2a: Zamazenta
|-damage|p2a: Zamazenta|91/100
|-enditem|p2a: Zamazenta|Leftovers|[from] move: Knock Off|[of] p1a: Conkeldurr
|
|upkeep
|turn|3
|
|t:|1781141603
|switch|p1a: Clefable|Clefable, M|100/100
|-damage|p1a: Clefable|88/100|[from] Stealth Rock
|move|p2a: Zamazenta|Body Press|p1a: Clefable
|-resisted|p1a: Clefable
|-damage|p1a: Clefable|71/100
|
|-heal|p1a: Clefable|77/100|[from] item: Leftovers
|upkeep
|turn|4
|
|t:|1781141607
|switch|p2a: Garganacl|Garganacl, M|43/100
|move|p1a: Clefable|Moonblast|p2a: Garganacl
|-damage|p2a: Garganacl|24/100
|
|-heal|p1a: Clefable|83/100|[from] item: Leftovers
|-heal|p2a: Garganacl|30/100|[from] item: Leftovers
|upkeep
|turn|5
|
|t:|1781141612
|switch|p1a: Corviknight|Corviknight, F|100/100
|-damage|p1a: Corviknight|88/100|[from] Stealth Rock
|move|p2a: Garganacl|Recover|p2a: Garganacl
|-heal|p2a: Garganacl|80/100
|
|-heal|p2a: Garganacl|86/100|[from] item: Leftovers
|upkeep
|turn|6
|
|t:|1781141620
|move|p1a: Corviknight|Taunt|p2a: Garganacl
|-start|p2a: Garganacl|move: Taunt
|move|p2a: Garganacl|Salt Cure|p1a: Corviknight
|-damage|p1a: Corviknight|80/100
|-start|p1a: Corviknight|Salt Cure
|
|-heal|p2a: Garganacl|92/100|[from] item: Leftovers
|-damage|p1a: Corviknight|56/100|[from] Salt Cure
|upkeep
|turn|7
|
|t:|1781141624
|move|p1a: Corviknight|Defog|p2a: Garganacl
|-unboost|p2a: Garganacl|evasion|1
|-sideend|p1: Yujiro-Jamon|Stealth Rock|[from] move: Defog|[of] p1a: Corviknight
|move|p2a: Garganacl|Salt Cure|p1a: Corviknight
|-damage|p1a: Corviknight|47/100
|
|-heal|p2a: Garganacl|98/100|[from] item: Leftovers
|-damage|p1a: Corviknight|22/100|[from] Salt Cure
|upkeep
|turn|8
|
|t:|1781141630
|move|p1a: Corviknight|Roost|p1a: Corviknight
|-heal|p1a: Corviknight|72/100
|-singleturn|p1a: Corviknight|move: Roost
|move|p2a: Garganacl|Salt Cure|p1a: Corviknight
|-resisted|p1a: Corviknight
|-damage|p1a: Corviknight|68/100
|
|-heal|p2a: Garganacl|100/100|[from] item: Leftovers
|-damage|p1a: Corviknight|43/100|[from] Salt Cure
|-end|p2a: Garganacl|move: Taunt
|upkeep
|turn|9
|
|t:|1781141633
|move|p1a: Corviknight|Taunt|p2a: Garganacl
|-start|p2a: Garganacl|move: Taunt
|cant|p2a: Garganacl|move: Taunt|Stealth Rock
|
|-damage|p1a: Corviknight|18/100|[from] Salt Cure
|upkeep
|turn|10
|
|t:|1781141637
|move|p1a: Corviknight|Roost|p1a: Corviknight
|-heal|p1a: Corviknight|68/100
|-singleturn|p1a: Corviknight|move: Roost
|move|p2a: Garganacl|Salt Cure|p1a: Corviknight
|-resisted|p1a: Corviknight
|-damage|p1a: Corviknight|64/100
|
|-damage|p1a: Corviknight|39/100|[from] Salt Cure
|upkeep
|turn|11
|
|t:|1781141642
|move|p1a: Corviknight|Roost|p1a: Corviknight
|-heal|p1a: Corviknight|89/100
|-singleturn|p1a: Corviknight|move: Roost
|move|p2a: Garganacl|Salt Cure|p1a: Corviknight
|-resisted|p1a: Corviknight
|-damage|p1a: Corviknight|85/100
|
|-damage|p1a: Corviknight|61/100|[from] Salt Cure
|-end|p2a: Garganacl|move: Taunt
|upkeep
|turn|12
|
|t:|1781141648
|move|p1a: Corviknight|Taunt|p2a: Garganacl
|-start|p2a: Garganacl|move: Taunt
|move|p2a: Garganacl|Salt Cure|p1a: Corviknight
|-crit|p1a: Corviknight
|-damage|p1a: Corviknight|48/100
|
|-damage|p1a: Corviknight|23/100|[from] Salt Cure
|upkeep
|turn|13
|
|t:|1781141653
|move|p1a: Corviknight|Roost|p1a: Corviknight
|-heal|p1a: Corviknight|73/100
|-singleturn|p1a: Corviknight|move: Roost
|move|p2a: Garganacl|Salt Cure|p1a: Corviknight
|-resisted|p1a: Corviknight
|-damage|p1a: Corviknight|69/100
|
|-damage|p1a: Corviknight|44/100|[from] Salt Cure
|upkeep
|turn|14
|
|t:|1781141657
|switch|p1a: Ting-Lu|Ting-Lu|100/100
|-ability|p1a: Ting-Lu|Vessel of Ruin
|move|p2a: Garganacl|Salt Cure|p1a: Ting-Lu
|-resisted|p1a: Ting-Lu
|-damage|p1a: Ting-Lu|97/100
|-start|p1a: Ting-Lu|Salt Cure
|
|-heal|p1a: Ting-Lu|100/100|[from] item: Leftovers
|-damage|p1a: Ting-Lu|88/100|[from] Salt Cure
|-end|p2a: Garganacl|move: Taunt
|upkeep
|turn|15
|
|t:|1781141662
|move|p1a: Ting-Lu|Stealth Rock|p2a: Garganacl
|-sidestart|p2: KurisuChestnutLab|move: Stealth Rock
|move|p2a: Garganacl|Stealth Rock|p1a: Ting-Lu
|-sidestart|p1: Yujiro-Jamon|move: Stealth Rock
|
|-heal|p1a: Ting-Lu|94/100|[from] item: Leftovers
|-damage|p1a: Ting-Lu|82/100|[from] Salt Cure
|upkeep
|turn|16
|
|t:|1781141665
|move|p1a: Ting-Lu|Spikes|p2a: Garganacl
|-sidestart|p2: KurisuChestnutLab|Spikes
|move|p2a: Garganacl|Recover||[still]
|-fail|p2a: Garganacl|heal
|
|-heal|p1a: Ting-Lu|88/100|[from] item: Leftovers
|-damage|p1a: Ting-Lu|76/100|[from] Salt Cure
|upkeep
|turn|17
|
|t:|1781141669
|switch|p2a: Clefable|Clefable, M|100/100
|move|p1a: Ting-Lu|Spikes|p2a: Clefable
|-sidestart|p2: KurisuChestnutLab|Spikes
|
|-heal|p1a: Ting-Lu|82/100|[from] item: Leftovers
|-damage|p1a: Ting-Lu|69/100|[from] Salt Cure
|upkeep
|turn|18
|
|t:|1781141674
|switch|p1a: Corviknight|Corviknight, F|44/100
|-damage|p1a: Corviknight|32/100|[from] Stealth Rock
|move|p2a: Clefable|Moonblast|p1a: Corviknight
|-resisted|p1a: Corviknight
|-damage|p1a: Corviknight|16/100
|-ability|p1a: Corviknight|Mirror Armor
|-unboost|p2a: Clefable|spa|1
|
|upkeep
|turn|19
|
|t:|1781141678
|move|p1a: Corviknight|Roost|p1a: Corviknight
|-heal|p1a: Corviknight|66/100
|-singleturn|p1a: Corviknight|move: Roost
|move|p2a: Clefable|Thunder Wave|p1a: Corviknight
|-status|p1a: Corviknight|par
|
|upkeep
|turn|20
|
|t:|1781141684
|move|p2a: Clefable|Moonblast|p1a: Corviknight
|-resisted|p1a: Corviknight
|-damage|p1a: Corviknight|56/100 par
|move|p1a: Corviknight|Iron Head|p2a: Clefable
|-supereffective|p2a: Clefable
|-damage|p2a: Clefable|59/100
|
|upkeep
|turn|21
|
|t:|1781141687
|move|p2a: Clefable|Moonlight|p2a: Clefable
|-heal|p2a: Clefable|100/100
|move|p1a: Corviknight|Iron Head|p2a: Clefable
|-supereffective|p2a: Clefable
|-damage|p2a: Clefable|63/100
|
|upkeep
|turn|22
|
|t:|1781141693
|move|p2a: Clefable|Moonlight|p2a: Clefable
|-heal|p2a: Clefable|100/100
|cant|p1a: Corviknight|par
|
|upkeep
|turn|23
|
|t:|1781141699
|switch|p2a: Zapdos|Zapdos|100/100
|cant|p1a: Corviknight|par
|
|upkeep
|turn|24
|
|t:|1781141705
|switch|p1a: Ting-Lu|Ting-Lu|69/100
|-damage|p1a: Ting-Lu|63/100|[from] Stealth Rock
|-ability|p1a: Ting-Lu|Vessel of Ruin
|move|p2a: Zapdos|Hurricane|p1a: Ting-Lu
|-damage|p1a: Ting-Lu|43/100
|-start|p1a: Ting-Lu|confusion
|
|-heal|p1a: Ting-Lu|49/100|[from] item: Leftovers
|upkeep
|turn|25
|
|t:|1781141709
|move|p2a: Zapdos|Hurricane|p1a: Ting-Lu
|-damage|p1a: Ting-Lu|26/100
|-activate|p1a: Ting-Lu|confusion
|-damage|p1a: Ting-Lu|21/100|[from] confusion
|
|-heal|p1a: Ting-Lu|27/100|[from] item: Leftovers
|upkeep
|turn|26
|
|t:|1781141712
|move|p2a: Zapdos|Hurricane|p1a: Ting-Lu
|-damage|p1a: Ting-Lu|6/100
|-activate|p1a: Ting-Lu|confusion
|move|p1a: Ting-Lu|Spikes|p2a: Zapdos
|-sidestart|p2: KurisuChestnutLab|Spikes
|
|-heal|p1a: Ting-Lu|12/100|[from] item: Leftovers
|upkeep
|turn|27
|
|t:|1781141717
|move|p2a: Zapdos|Hurricane|p1a: Ting-Lu
|-damage|p1a: Ting-Lu|0 fnt
|faint|p1a: Ting-Lu
|
|upkeep
|
|t:|1781141720
|switch|p1a: Deoxys|Deoxys-Speed|100/100
|-damage|p1a: Deoxys|88/100|[from] Stealth Rock
|-ability|p1a: Deoxys|Pressure
|turn|28
|
|t:|1781141726
|-terastallize|p1a: Deoxys|Electric
|move|p1a: Deoxys|Nasty Plot|p1a: Deoxys
|-boost|p1a: Deoxys|spa|2
|move|p2a: Zapdos|Discharge|p1a: Deoxys
|-resisted|p1a: Deoxys
|-damage|p1a: Deoxys|69/100
|
|-heal|p1a: Deoxys|75/100|[from] item: Leftovers
|upkeep
|turn|29
|
|t:|1781141733
|switch|p2a: Clefable|Clefable, M|100/100
|move|p1a: Deoxys|Nasty Plot|p1a: Deoxys
|-boost|p1a: Deoxys|spa|2
|
|-heal|p1a: Deoxys|81/100|[from] item: Leftovers
|upkeep
|turn|30
|
|t:|1781141740
|move|p1a: Deoxys|Thunderbolt|p2a: Clefable
|-damage|p2a: Clefable|61/100
|move|p2a: Clefable|Moonblast|p1a: Deoxys
|-damage|p1a: Deoxys|41/100
|-unboost|p1a: Deoxys|spa|1
|
|-heal|p1a: Deoxys|47/100|[from] item: Leftovers
|upkeep
|turn|31
|
|t:|1781141746
|switch|p1a: Corviknight|Corviknight, F|56/100 par
|-damage|p1a: Corviknight|44/100 par|[from] Stealth Rock
|move|p2a: Clefable|Moonlight|p2a: Clefable
|-heal|p2a: Clefable|100/100
|
|upkeep
|turn|32
|
|t:|1781141749
|switch|p2a: Zapdos|Zapdos|100/100
|move|p1a: Corviknight|Roost|p1a: Corviknight
|-heal|p1a: Corviknight|94/100 par
|-singleturn|p1a: Corviknight|move: Roost
|
|upkeep
|turn|33
|
|t:|1781141756
|switch|p1a: Clefable|Clefable, M|83/100
|-damage|p1a: Clefable|70/100|[from] Stealth Rock
|move|p2a: Zapdos|Hurricane|p1a: Clefable
|-damage|p1a: Clefable|38/100
|
|-heal|p1a: Clefable|44/100|[from] item: Leftovers
|upkeep
|turn|34
|
|t:|1781141759
|move|p1a: Clefable|Protect|p1a: Clefable
|-singleturn|p1a: Clefable|Protect
|move|p2a: Zapdos|Hurricane|p1a: Clefable
|-activate|p1a: Clefable|move: Protect
|
|-heal|p1a: Clefable|50/100|[from] item: Leftovers
|upkeep
|turn|35
|
|t:|1781141763
|move|p2a: Zapdos|Discharge|p1a: Clefable
|-damage|p1a: Clefable|27/100
|move|p1a: Clefable|Wish|p1a: Clefable
|
|-heal|p1a: Clefable|33/100|[from] item: Leftovers
|upkeep
|turn|36
|
|t:|1781141766
|switch|p2a: Gholdengo|Gholdengo|100/100
|-damage|p2a: Gholdengo|94/100|[from] Stealth Rock
|-damage|p2a: Gholdengo|70/100|[from] Spikes
|move|p1a: Clefable|Protect||[still]
|-fail|p1a: Clefable
|
|-heal|p1a: Clefable|83/100|[from] move: Wish|[wisher] Clefable
|-heal|p1a: Clefable|89/100|[from] item: Leftovers
|upkeep
|turn|37
|
|t:|1781141778
|switch|p1a: Deoxys|Deoxys-Speed, tera:Electric|47/100
|-damage|p1a: Deoxys|34/100|[from] Stealth Rock
|-ability|p1a: Deoxys|Pressure
|move|p2a: Gholdengo|Make It Rain|p1a: Deoxys
|-resisted|p1a: Deoxys
|-damage|p1a: Deoxys|0 fnt
|-unboost|p2a: Gholdengo|spa|1
|faint|p1a: Deoxys
|
|upkeep
|
|t:|1781141780
|switch|p1a: Blaziken|Blaziken, F|100/100
|-damage|p1a: Blaziken|88/100|[from] Stealth Rock
|turn|38
|
|t:|1781141784
|move|p2a: Gholdengo|Make It Rain|p1a: Blaziken
|-resisted|p1a: Blaziken
|-damage|p1a: Blaziken|54/100
|-unboost|p2a: Gholdengo|spa|1
|move|p1a: Blaziken|Swords Dance|p1a: Blaziken
|-boost|p1a: Blaziken|atk|2
|
|-heal|p1a: Blaziken|60/100|[from] item: Leftovers
|-ability|p1a: Blaziken|Speed Boost|boost
|-boost|p1a: Blaziken|spe|1
|upkeep
|turn|39
|
|t:|1781141789
|switch|p2a: Clefable|Clefable, M|100/100
|move|p1a: Blaziken|Flare Blitz|p2a: Clefable
|-damage|p2a: Clefable|50/100
|-damage|p1a: Blaziken|38/100|[from] Recoil
|
|-heal|p1a: Blaziken|44/100|[from] item: Leftovers
|-ability|p1a: Blaziken|Speed Boost|boost
|-boost|p1a: Blaziken|spe|1
|upkeep
|turn|40
|
|t:|1781141793
|move|p1a: Blaziken|Flare Blitz|p2a: Clefable
|-damage|p2a: Clefable|4/100
|-damage|p1a: Blaziken|24/100|[from] Recoil
|move|p2a: Clefable|Moonblast|p1a: Blaziken
|-damage|p1a: Blaziken|0 fnt
|faint|p1a: Blaziken
|
|upkeep
|
|t:|1781141800
|switch|p1a: Conkeldurr|Conkeldurr, M|100/100
|-damage|p1a: Conkeldurr|94/100|[from] Stealth Rock
|turn|41
|
|t:|1781141804
|switch|p2a: Zapdos|Zapdos|100/100
|move|p1a: Conkeldurr|Mach Punch|p2a: Zapdos
|-resisted|p2a: Zapdos
|-damage|p2a: Zapdos|92/100
|
|upkeep
|turn|42
|
|t:|1781141811
|move|p2a: Zapdos|Volt Switch|p1a: Conkeldurr
|-damage|p1a: Conkeldurr|73/100
|
|t:|1781141818
|switch|p2a: Clefable|Clefable, M|4/100|[from] Volt Switch
|move|p1a: Conkeldurr|Ice Punch|p2a: Clefable
|-damage|p2a: Clefable|0 fnt
|faint|p2a: Clefable
|
|upkeep
|
|t:|1781141824
|switch|p2a: Zapdos|Zapdos|92/100
|turn|43
|
|t:|1781141827
|move|p2a: Zapdos|Hurricane|p1a: Conkeldurr
|-supereffective|p1a: Conkeldurr
|-damage|p1a: Conkeldurr|8/100
|move|p1a: Conkeldurr|Ice Punch|p2a: Zapdos
|-supereffective|p2a: Zapdos
|-crit|p2a: Zapdos
|-damage|p2a: Zapdos|24/100
|
|upkeep
|turn|44
|
|t:|1781141831
|move|p2a: Zapdos|Discharge|p1a: Conkeldurr
|-damage|p1a: Conkeldurr|0 fnt
|faint|p1a: Conkeldurr
|
|upkeep
|
|t:|1781141833
|switch|p1a: Clefable|Clefable, M|89/100
|-damage|p1a: Clefable|77/100|[from] Stealth Rock
|turn|45
|
|t:|1781141838
|move|p2a: Zapdos|Roost|p2a: Zapdos
|-heal|p2a: Zapdos|74/100
|-singleturn|p2a: Zapdos|move: Roost
|move|p1a: Clefable|Moonblast|p2a: Zapdos
|-damage|p2a: Zapdos|45/100
|-unboost|p2a: Zapdos|spa|1
|
|-heal|p1a: Clefable|83/100|[from] item: Leftovers
|upkeep
|turn|46
|
|t:|1781141845
|move|p1a: Clefable|Protect|p1a: Clefable
|-singleturn|p1a: Clefable|Protect
|move|p2a: Zapdos|Roost|p2a: Zapdos
|-heal|p2a: Zapdos|95/100
|-singleturn|p2a: Zapdos|move: Roost
|
|-heal|p1a: Clefable|89/100|[from] item: Leftovers
|upkeep
|turn|47
|
|t:|1781141852
|move|p2a: Zapdos|Hurricane|p1a: Clefable
|-damage|p1a: Clefable|58/100
|-start|p1a: Clefable|confusion
|-activate|p1a: Clefable|confusion
|-damage|p1a: Clefable|52/100|[from] confusion
|
|-heal|p1a: Clefable|58/100|[from] item: Leftovers
|upkeep
|turn|48
|
|t:|1781141856
|move|p2a: Zapdos|Hurricane|p1a: Clefable
|-damage|p1a: Clefable|30/100
|-activate|p1a: Clefable|confusion
|move|p1a: Clefable|Wish|p1a: Clefable
|
|-heal|p1a: Clefable|36/100|[from] item: Leftovers
|upkeep
|turn|49
|
|t:|1781141861
|move|p2a: Zapdos|Hurricane|p1a: Clefable
|-damage|p1a: Clefable|6/100
|-activate|p1a: Clefable|confusion
|-damage|p1a: Clefable|0 fnt|[from] confusion
|faint|p1a: Clefable
|
|upkeep
|-message|Yujiro-Jamon forfeited.
|
|win|KurisuChestnutLab
|raw|Yujiro-Jamon's rating: 1549 &rarr; <strong>1532</strong><br />(-17 for losing)
|raw|KurisuChestnutLab's rating: 1597 &rarr; <strong>1614</strong><br />(+17 for winning)
|l|☆Yujiro-Jamon
|player|p1|
