|j|☆KurisuChestnutOU
|j|‽big1mike
|t:|1781173519
|gametype|singles
|player|p1|KurisuChestnutOU|may-contest|1522
|player|p2|big1mike|169|1565
|gen|9
|tier|[Gen 9] OU
|rated|
|rule|HP Percentage Mod: HP is shown in percentages
|rule|Endless Battle Clause: Forcing endless battles is banned
|rule|Species Clause: Limit one of each Pokémon
|rule|OHKO Clause: OHKO moves are banned
|rule|Evasion Items Clause: Evasion items are banned
|rule|Evasion Moves Clause: Evasion moves are banned
|rule|Evasion Abilities Clause: Evasion abilities are banned
|rule|Sleep Moves Clause: Sleep-inducing moves are banned
|clearpoke
|poke|p1|Zamazenta-*|
|poke|p1|Zapdos|
|poke|p1|Garganacl, F|
|poke|p1|Clefable, F|
|poke|p1|Samurott-Hisui, F|
|poke|p1|Gholdengo|
|poke|p2|Hoopa-Unbound|
|poke|p2|Pecharunt|
|poke|p2|Rillaboom, F|
|poke|p2|Raging Bolt|
|poke|p2|Ting-Lu|
|poke|p2|Corviknight, F|
|teampreview
|inactive|Battle timer is ON: inactive players will automatically lose when time's up. (requested by KurisuChestnutOU)
|
|t:|1781173528
|teamsize|p1|6
|teamsize|p2|6
|start
|switch|p1a: Samurott|Samurott-Hisui, F|100/100
|switch|p2a: Raging Bolt|Raging Bolt|100/100
|turn|1
|
|t:|1781173532
|-terastallize|p1a: Samurott|Dark
|move|p1a: Samurott|Ceaseless Edge|p2a: Raging Bolt
|-damage|p2a: Raging Bolt|56/100
|-sidestart|p2: big1mike|Spikes
|move|p2a: Raging Bolt|Volt Switch|p1a: Samurott
|-damage|p1a: Samurott|33/100
|
|t:|1781173547
|-end|p2a: Raging Bolt|Protosynthesis|[silent]
|switch|p2a: Corviknight|Corviknight, F|100/100|[from] Volt Switch
|-ability|p2a: Corviknight|Pressure
|
|upkeep
|turn|2
|
|t:|1781173551
|switch|p1a: Garganacl|Garganacl, F|100/100
|move|p2a: Corviknight|U-turn|p1a: Garganacl
|-damage|p1a: Garganacl|90/100
|
|t:|1781173562
|switch|p2a: Hoopa|Hoopa-Unbound|100/100|[from] U-turn
|-damage|p2a: Hoopa|88/100|[from] Spikes
|
|-heal|p1a: Garganacl|96/100|[from] item: Leftovers
|upkeep
|turn|3
|
|t:|1781173566
|move|p2a: Hoopa|Knock Off|p1a: Garganacl
|-damage|p1a: Garganacl|32/100
|-enditem|p1a: Garganacl|Leftovers|[from] move: Knock Off|[of] p2a: Hoopa
|move|p1a: Garganacl|Stealth Rock|p2a: Hoopa
|-sidestart|p2: big1mike|move: Stealth Rock
|
|upkeep
|turn|4
|
|t:|1781173573
|move|p2a: Hoopa|Knock Off|p1a: Garganacl
|-damage|p1a: Garganacl|0 fnt
|faint|p1a: Garganacl
|
|upkeep
|
|t:|1781173581
|switch|p1a: Samurott|Samurott-Hisui, F, tera:Dark|33/100
|turn|5
|
|t:|1781173584
|switch|p2a: Corviknight|Corviknight, F|100/100
|-damage|p2a: Corviknight|88/100|[from] Stealth Rock
|-ability|p2a: Corviknight|Pressure
|move|p1a: Samurott|Ceaseless Edge|p2a: Corviknight
|-damage|p2a: Corviknight|53/100
|-damage|p1a: Samurott|17/100|[from] item: Rocky Helmet|[of] p2a: Corviknight
|-sidestart|p2: big1mike|Spikes
|
|upkeep
|turn|6
|
|t:|1781173591
|move|p1a: Samurott|Ceaseless Edge|p2a: Corviknight
|-damage|p2a: Corviknight|21/100
|-damage|p1a: Samurott|0 fnt|[from] item: Rocky Helmet|[of] p2a: Corviknight
|faint|p1a: Samurott
|move|p2a: Corviknight|Roost|p2a: Corviknight
|-heal|p2a: Corviknight|71/100
|-singleturn|p2a: Corviknight|move: Roost
|
|upkeep
|
|t:|1781173595
|switch|p1a: Zamazenta|Zamazenta|100/100
|-ability|p1a: Zamazenta|Dauntless Shield|boost
|-boost|p1a: Zamazenta|def|1
|turn|7
|
|t:|1781173601
|move|p1a: Zamazenta|Iron Defense|p1a: Zamazenta
|-boost|p1a: Zamazenta|def|2
|move|p2a: Corviknight|Defog|p1a: Zamazenta
|-unboost|p1a: Zamazenta|evasion|1
|-sideend|p2: big1mike|Spikes|[from] move: Defog|[of] p2a: Corviknight
|-sideend|p2: big1mike|Stealth Rock|[from] move: Defog|[of] p2a: Corviknight
|
|upkeep
|turn|8
|
|t:|1781173606
|move|p1a: Zamazenta|Body Press|p2a: Corviknight
|-damage|p2a: Corviknight|25/100
|-damage|p1a: Zamazenta|84/100|[from] item: Rocky Helmet|[of] p2a: Corviknight
|move|p2a: Corviknight|U-turn|p1a: Zamazenta
|-resisted|p1a: Zamazenta
|-damage|p1a: Zamazenta|82/100
|
|t:|1781173610
|switch|p2a: Pecharunt|Pecharunt|100/100|[from] U-turn
|
|-heal|p1a: Zamazenta|88/100|[from] item: Leftovers
|upkeep
|turn|9
|
|t:|1781173613
|switch|p1a: Gholdengo|Gholdengo|100/100
|move|p2a: Pecharunt|Malignant Chain|p1a: Gholdengo
|-immune|p1a: Gholdengo
|
|upkeep
|turn|10
|
|t:|1781173617
|switch|p2a: Ting-Lu|Ting-Lu|100/100
|-ability|p2a: Ting-Lu|Vessel of Ruin
|move|p1a: Gholdengo|Shadow Ball|p2a: Ting-Lu
|-resisted|p2a: Ting-Lu
|-damage|p2a: Ting-Lu|90/100
|
|-heal|p2a: Ting-Lu|96/100|[from] item: Leftovers
|upkeep
|turn|11
|
|t:|1781173621
|switch|p1a: Zamazenta|Zamazenta|88/100
|move|p2a: Ting-Lu|Stealth Rock|p1a: Zamazenta
|-sidestart|p1: KurisuChestnutOU|move: Stealth Rock
|
|-heal|p1a: Zamazenta|94/100|[from] item: Leftovers
|-heal|p2a: Ting-Lu|100/100|[from] item: Leftovers
|upkeep
|turn|12
|
|t:|1781173625
|move|p1a: Zamazenta|Body Press|p2a: Ting-Lu
|-supereffective|p2a: Ting-Lu
|-damage|p2a: Ting-Lu|70/100
|move|p2a: Ting-Lu|Spikes|p1a: Zamazenta
|-sidestart|p1: KurisuChestnutOU|Spikes
|
|-heal|p1a: Zamazenta|99/100|[from] item: Leftovers
|-heal|p2a: Ting-Lu|76/100|[from] item: Leftovers
|upkeep
|turn|13
|
|t:|1781173630
|switch|p2a: Pecharunt|Pecharunt|100/100
|move|p1a: Zamazenta|Body Press|p2a: Pecharunt
|-immune|p2a: Pecharunt
|
|-heal|p1a: Zamazenta|100/100|[from] item: Leftovers
|upkeep
|turn|14
|
|t:|1781173633
|switch|p1a: Gholdengo|Gholdengo|100/100
|-damage|p1a: Gholdengo|94/100|[from] Stealth Rock
|-damage|p1a: Gholdengo|82/100|[from] Spikes
|move|p2a: Pecharunt|Shadow Ball|p1a: Gholdengo
|-supereffective|p1a: Gholdengo
|-damage|p1a: Gholdengo|23/100
|
|upkeep
|turn|15
|
|t:|1781173639
|switch|p2a: Ting-Lu|Ting-Lu|76/100
|-ability|p2a: Ting-Lu|Vessel of Ruin
|move|p1a: Gholdengo|Shadow Ball|p2a: Ting-Lu
|-resisted|p2a: Ting-Lu
|-damage|p2a: Ting-Lu|66/100
|-unboost|p2a: Ting-Lu|spd|1
|
|-heal|p2a: Ting-Lu|72/100|[from] item: Leftovers
|upkeep
|turn|16
|
|t:|1781173643
|move|p1a: Gholdengo|Shadow Ball|p2a: Ting-Lu
|-resisted|p2a: Ting-Lu
|-damage|p2a: Ting-Lu|57/100
|move|p2a: Ting-Lu|Spikes|p1a: Gholdengo
|-sidestart|p1: KurisuChestnutOU|Spikes
|
|-heal|p2a: Ting-Lu|64/100|[from] item: Leftovers
|upkeep
|turn|17
|
|t:|1781173647
|move|p1a: Gholdengo|Shadow Ball|p2a: Ting-Lu
|-resisted|p2a: Ting-Lu
|-crit|p2a: Ting-Lu
|-damage|p2a: Ting-Lu|40/100
|move|p2a: Ting-Lu|Earthquake|p1a: Gholdengo
|-supereffective|p1a: Gholdengo
|-damage|p1a: Gholdengo|0 fnt
|faint|p1a: Gholdengo
|
|-heal|p2a: Ting-Lu|46/100|[from] item: Leftovers
|upkeep
|
|t:|1781173652
|switch|p1a: Zamazenta|Zamazenta|100/100
|-damage|p1a: Zamazenta|94/100|[from] Stealth Rock
|-damage|p1a: Zamazenta|78/100|[from] Spikes
|turn|18
|
|t:|1781173657
|switch|p2a: Corviknight|Corviknight, F|25/100
|-ability|p2a: Corviknight|Pressure
|move|p1a: Zamazenta|Roar|p2a: Corviknight
|drag|p2a: Ting-Lu|Ting-Lu|46/100
|-ability|p2a: Ting-Lu|Vessel of Ruin
|
|-heal|p1a: Zamazenta|84/100|[from] item: Leftovers
|-heal|p2a: Ting-Lu|53/100|[from] item: Leftovers
|upkeep
|turn|19
|
|t:|1781173662
|switch|p2a: Corviknight|Corviknight, F|25/100
|-ability|p2a: Corviknight|Pressure
|move|p1a: Zamazenta|Iron Defense|p1a: Zamazenta
|-boost|p1a: Zamazenta|def|2
|
|-heal|p1a: Zamazenta|90/100|[from] item: Leftovers
|upkeep
|turn|20
|
|t:|1781173668
|move|p2a: Corviknight|U-turn|p1a: Zamazenta
|-resisted|p1a: Zamazenta
|-damage|p1a: Zamazenta|87/100
|
|t:|1781173676
|switch|p2a: Ting-Lu|Ting-Lu|53/100|[from] U-turn
|-ability|p2a: Ting-Lu|Vessel of Ruin
|move|p1a: Zamazenta|Roar|p2a: Ting-Lu
|drag|p2a: Corviknight|Corviknight, F|25/100
|-ability|p2a: Corviknight|Pressure
|
|-heal|p1a: Zamazenta|93/100|[from] item: Leftovers
|upkeep
|turn|21
|
|t:|1781173682
|move|p2a: Corviknight|Roost|p2a: Corviknight
|-heal|p2a: Corviknight|75/100
|-singleturn|p2a: Corviknight|move: Roost
|move|p1a: Zamazenta|Roar|p2a: Corviknight
|drag|p2a: Raging Bolt|Raging Bolt|56/100
|
|-heal|p1a: Zamazenta|99/100|[from] item: Leftovers
|upkeep
|turn|22
|
|t:|1781173686
|-end|p2a: Raging Bolt|Protosynthesis|[silent]
|switch|p2a: Corviknight|Corviknight, F|75/100
|-ability|p2a: Corviknight|Pressure
|move|p1a: Zamazenta|Roar|p2a: Corviknight
|drag|p2a: Ting-Lu|Ting-Lu|53/100
|-ability|p2a: Ting-Lu|Vessel of Ruin
|
|-heal|p1a: Zamazenta|100/100|[from] item: Leftovers
|-heal|p2a: Ting-Lu|59/100|[from] item: Leftovers
|upkeep
|turn|23
|
|t:|1781173690
|switch|p2a: Corviknight|Corviknight, F|75/100
|-ability|p2a: Corviknight|Pressure
|move|p1a: Zamazenta|Roar|p2a: Corviknight
|drag|p2a: Ting-Lu|Ting-Lu|59/100
|-ability|p2a: Ting-Lu|Vessel of Ruin
|
|-heal|p2a: Ting-Lu|65/100|[from] item: Leftovers
|upkeep
|turn|24
|
|t:|1781173698
|switch|p2a: Corviknight|Corviknight, F|75/100
|-ability|p2a: Corviknight|Pressure
|move|p1a: Zamazenta|Roar|p2a: Corviknight
|drag|p2a: Raging Bolt|Raging Bolt|56/100
|
|upkeep
|turn|25
|
|t:|1781173706
|-end|p2a: Raging Bolt|Protosynthesis|[silent]
|switch|p2a: Corviknight|Corviknight, F|75/100
|-ability|p2a: Corviknight|Pressure
|move|p1a: Zamazenta|Roar|p2a: Corviknight
|drag|p2a: Ting-Lu|Ting-Lu|65/100
|-ability|p2a: Ting-Lu|Vessel of Ruin
|
|-heal|p2a: Ting-Lu|71/100|[from] item: Leftovers
|upkeep
|turn|26
|
|t:|1781173714
|switch|p2a: Corviknight|Corviknight, F|75/100
|-ability|p2a: Corviknight|Pressure
|move|p1a: Zamazenta|Roar|p2a: Corviknight
|drag|p2a: Rillaboom|Rillaboom, F|100/100
|-fieldstart|move: Grassy Terrain|[from] ability: Grassy Surge|[of] p2a: Rillaboom
|
|upkeep
|turn|27
|
|t:|1781173722
|switch|p2a: Corviknight|Corviknight, F|75/100
|-ability|p2a: Corviknight|Pressure
|move|p1a: Zamazenta|Roar|p2a: Corviknight
|drag|p2a: Rillaboom|Rillaboom, F|100/100
|
|upkeep
|turn|28
|
|t:|1781173725
|switch|p2a: Corviknight|Corviknight, F|75/100
|-ability|p2a: Corviknight|Pressure
|move|p1a: Zamazenta|Roar|p2a: Corviknight
|drag|p2a: Hoopa|Hoopa-Unbound|88/100
|
|-heal|p2a: Hoopa|94/100|[from] Grassy Terrain
|upkeep
|turn|29
|
|t:|1781173732
|switch|p2a: Corviknight|Corviknight, F|75/100
|-ability|p2a: Corviknight|Pressure
|move|p1a: Zamazenta|Roar|p2a: Corviknight
|drag|p2a: Ting-Lu|Ting-Lu|71/100
|-ability|p2a: Ting-Lu|Vessel of Ruin
|
|-heal|p2a: Ting-Lu|78/100|[from] Grassy Terrain
|-heal|p2a: Ting-Lu|84/100|[from] item: Leftovers
|upkeep
|turn|30
|
|t:|1781173736
|switch|p2a: Corviknight|Corviknight, F|75/100
|-ability|p2a: Corviknight|Pressure
|move|p1a: Zamazenta|Roar|p2a: Corviknight
|drag|p2a: Hoopa|Hoopa-Unbound|94/100
|
|-heal|p2a: Hoopa|99/100|[from] Grassy Terrain
|-fieldend|move: Grassy Terrain
|upkeep
|turn|31
|
|t:|1781173740
|switch|p2a: Corviknight|Corviknight, F|75/100
|-ability|p2a: Corviknight|Pressure
|move|p1a: Zamazenta|Roar|p2a: Corviknight
|drag|p2a: Rillaboom|Rillaboom, F|100/100
|-fieldstart|move: Grassy Terrain|[from] ability: Grassy Surge|[of] p2a: Rillaboom
|
|upkeep
|turn|32
|
|t:|1781173748
|switch|p2a: Corviknight|Corviknight, F|75/100
|-ability|p2a: Corviknight|Pressure
|move|p1a: Zamazenta|Roar|p2a: Corviknight
|drag|p2a: Raging Bolt|Raging Bolt|56/100
|
|-heal|p2a: Raging Bolt|62/100|[from] Grassy Terrain
|upkeep
|turn|33
|
|t:|1781173755
|-end|p2a: Raging Bolt|Protosynthesis|[silent]
|switch|p2a: Corviknight|Corviknight, F|75/100
|-ability|p2a: Corviknight|Pressure
|move|p1a: Zamazenta|Roar|p2a: Corviknight
|drag|p2a: Pecharunt|Pecharunt|100/100
|
|upkeep
|turn|34
|
|t:|1781173759
|move|p2a: Pecharunt|Malignant Chain|p1a: Zamazenta
|-damage|p1a: Zamazenta|75/100
|move|p1a: Zamazenta|Roar|p2a: Pecharunt
|drag|p2a: Ting-Lu|Ting-Lu|84/100
|-ability|p2a: Ting-Lu|Vessel of Ruin
|
|-heal|p1a: Zamazenta|82/100|[from] Grassy Terrain
|-heal|p1a: Zamazenta|88/100|[from] item: Leftovers
|-heal|p2a: Ting-Lu|90/100|[from] Grassy Terrain
|-heal|p2a: Ting-Lu|96/100|[from] item: Leftovers
|upkeep
|turn|35
|
|t:|1781173765
|switch|p2a: Corviknight|Corviknight, F|75/100
|-ability|p2a: Corviknight|Pressure
|move|p1a: Zamazenta|Roar|p2a: Corviknight
|drag|p2a: Hoopa|Hoopa-Unbound|99/100
|
|-heal|p1a: Zamazenta|94/100|[from] Grassy Terrain
|-heal|p1a: Zamazenta|99/100|[from] item: Leftovers
|-heal|p2a: Hoopa|100/100|[from] Grassy Terrain
|-fieldend|move: Grassy Terrain
|upkeep
|turn|36
|
|t:|1781173772
|switch|p2a: Corviknight|Corviknight, F|75/100
|-ability|p2a: Corviknight|Pressure
|move|p1a: Zamazenta|Crunch|p2a: Corviknight
|-damage|p2a: Corviknight|61/100
|-damage|p1a: Zamazenta|84/100|[from] item: Rocky Helmet|[of] p2a: Corviknight
|
|-heal|p1a: Zamazenta|90/100|[from] item: Leftovers
|upkeep
|turn|37
|
|t:|1781173776
|move|p1a: Zamazenta|Iron Defense|p1a: Zamazenta
|-boost|p1a: Zamazenta|def|2
|move|p2a: Corviknight|U-turn|p1a: Zamazenta
|-resisted|p1a: Zamazenta
|-damage|p1a: Zamazenta|88/100
|
|t:|1781173778
|switch|p2a: Pecharunt|Pecharunt|100/100|[from] U-turn
|
|-heal|p1a: Zamazenta|94/100|[from] item: Leftovers
|upkeep
|turn|38
|
|t:|1781173783
|move|p1a: Zamazenta|Crunch|p2a: Pecharunt
|-supereffective|p2a: Pecharunt
|-crit|p2a: Pecharunt
|-damage|p2a: Pecharunt|72/100
|move|p2a: Pecharunt|Malignant Chain|p1a: Zamazenta
|-damage|p1a: Zamazenta|72/100
|
|-heal|p1a: Zamazenta|78/100|[from] item: Leftovers
|upkeep
|turn|39
|
|t:|1781173787
|move|p1a: Zamazenta|Crunch|p2a: Pecharunt
|-supereffective|p2a: Pecharunt
|-damage|p2a: Pecharunt|52/100
|move|p2a: Pecharunt|Recover|p2a: Pecharunt
|-heal|p2a: Pecharunt|100/100
|
|-heal|p1a: Zamazenta|84/100|[from] item: Leftovers
|upkeep
|turn|40
|
|t:|1781173790
|move|p1a: Zamazenta|Crunch|p2a: Pecharunt
|-supereffective|p2a: Pecharunt
|-damage|p2a: Pecharunt|79/100
|move|p2a: Pecharunt|Malignant Chain|p1a: Zamazenta
|-damage|p1a: Zamazenta|61/100
|
|-heal|p1a: Zamazenta|67/100|[from] item: Leftovers
|upkeep
|turn|41
|
|t:|1781173795
|move|p1a: Zamazenta|Crunch|p2a: Pecharunt
|-supereffective|p2a: Pecharunt
|-damage|p2a: Pecharunt|60/100
|move|p2a: Pecharunt|Malignant Chain|p1a: Zamazenta
|-damage|p1a: Zamazenta|41/100
|-status|p1a: Zamazenta|tox
|-start|p1a: Zamazenta|confusion|[from] ability: Poison Puppeteer|[of] p2a: Pecharunt
|
|-heal|p1a: Zamazenta|47/100 tox|[from] item: Leftovers
|-damage|p1a: Zamazenta|41/100 tox|[from] psn
|upkeep
|turn|42
|
|t:|1781173799
|-activate|p1a: Zamazenta|confusion
|-damage|p1a: Zamazenta|38/100 tox|[from] confusion
|move|p2a: Pecharunt|Recover|p2a: Pecharunt
|-heal|p2a: Pecharunt|100/100
|
|-heal|p1a: Zamazenta|44/100 tox|[from] item: Leftovers
|-damage|p1a: Zamazenta|32/100 tox|[from] psn
|upkeep
|turn|43
|
|t:|1781173801
|-activate|p1a: Zamazenta|confusion
|move|p1a: Zamazenta|Crunch|p2a: Pecharunt
|-supereffective|p2a: Pecharunt
|-damage|p2a: Pecharunt|80/100
|-unboost|p2a: Pecharunt|def|1
|move|p2a: Pecharunt|Shadow Ball|p1a: Zamazenta
|-damage|p1a: Zamazenta|13/100 tox
|
|-heal|p1a: Zamazenta|19/100 tox|[from] item: Leftovers
|-damage|p1a: Zamazenta|0 fnt|[from] psn
|faint|p1a: Zamazenta
|upkeep
|
|t:|1781173806
|switch|p1a: Zapdos|Zapdos|100/100
|turn|44
|
|t:|1781173812
|switch|p2a: Raging Bolt|Raging Bolt|62/100
|move|p1a: Zapdos|Hurricane|p2a: Raging Bolt
|-resisted|p2a: Raging Bolt
|-damage|p2a: Raging Bolt|50/100
|-start|p2a: Raging Bolt|confusion
|
|upkeep
|turn|45
|
|t:|1781173819
|move|p1a: Zapdos|Hurricane|p2a: Raging Bolt
|-resisted|p2a: Raging Bolt
|-damage|p2a: Raging Bolt|37/100
|-activate|p2a: Raging Bolt|confusion
|-damage|p2a: Raging Bolt|32/100|[from] confusion
|
|upkeep
|turn|46
|
|t:|1781173823
|move|p1a: Zapdos|Hurricane|p2a: Raging Bolt|[miss]
|-miss|p1a: Zapdos|p2a: Raging Bolt
|-activate|p2a: Raging Bolt|confusion
|move|p2a: Raging Bolt|Thunderbolt|p1a: Zapdos
|-damage|p1a: Zapdos|45/100
|
|upkeep
|turn|47
|
|t:|1781173828
|move|p1a: Zapdos|Roost|p1a: Zapdos
|-heal|p1a: Zapdos|95/100
|-singleturn|p1a: Zapdos|move: Roost
|-activate|p2a: Raging Bolt|confusion
|move|p2a: Raging Bolt|Thunderbolt|p1a: Zapdos
|-resisted|p1a: Zapdos
|-damage|p1a: Zapdos|68/100
|
|upkeep
|turn|48
|
|t:|1781173834
|move|p1a: Zapdos|Roost|p1a: Zapdos
|-heal|p1a: Zapdos|100/100
|-singleturn|p1a: Zapdos|move: Roost
|-activate|p2a: Raging Bolt|confusion
|-damage|p2a: Raging Bolt|26/100|[from] confusion
|
|upkeep
|turn|49
|
|t:|1781173841
|move|p1a: Zapdos|Hurricane|p2a: Raging Bolt|[miss]
|-miss|p1a: Zapdos|p2a: Raging Bolt
|-end|p2a: Raging Bolt|confusion
|move|p2a: Raging Bolt|Volt Switch|p1a: Zapdos
|-damage|p1a: Zapdos|59/100
|
|t:|1781173843
|-end|p2a: Raging Bolt|Protosynthesis|[silent]
|switch|p2a: Hoopa|Hoopa-Unbound|100/100|[from] Volt Switch
|
|upkeep
|turn|50
|
|t:|1781173848
|switch|p1a: Clefable|Clefable, F|100/100
|move|p2a: Hoopa|Knock Off|p1a: Clefable
|-resisted|p1a: Clefable
|-damage|p1a: Clefable|64/100
|-enditem|p1a: Clefable|Heavy-Duty Boots|[from] move: Knock Off|[of] p2a: Hoopa
|
|upkeep
|turn|51
|
|t:|1781173854
|switch|p2a: Pecharunt|Pecharunt|80/100
|move|p1a: Clefable|Thunder Wave|p2a: Pecharunt
|-status|p2a: Pecharunt|par
|
|upkeep
|turn|52
|
|t:|1781173859
|move|p1a: Clefable|Knock Off|p2a: Pecharunt
|-supereffective|p2a: Pecharunt
|-damage|p2a: Pecharunt|66/100 par
|-enditem|p2a: Pecharunt|Heavy-Duty Boots|[from] move: Knock Off|[of] p1a: Clefable
|move|p2a: Pecharunt|Malignant Chain|p1a: Clefable
|-supereffective|p1a: Clefable
|-damage|p1a: Clefable|7/100
|-status|p1a: Clefable|tox
|-start|p1a: Clefable|confusion|[from] ability: Poison Puppeteer|[of] p2a: Pecharunt
|
|-damage|p1a: Clefable|1/100 tox|[from] psn
|upkeep
|turn|53
|
|t:|1781173862
|-activate|p1a: Clefable|confusion
|move|p1a: Clefable|Knock Off|p2a: Pecharunt
|-supereffective|p2a: Pecharunt
|-damage|p2a: Pecharunt|57/100 par
|move|p2a: Pecharunt|Parting Shot|p1a: Clefable
|-unboost|p1a: Clefable|atk|1
|-unboost|p1a: Clefable|spa|1
|
|t:|1781173866
|switch|p2a: Hoopa|Hoopa-Unbound|100/100|[from] Parting Shot
|
|-damage|p1a: Clefable|0 fnt|[from] psn
|faint|p1a: Clefable
|upkeep
|
|t:|1781173869
|switch|p1a: Zapdos|Zapdos|59/100
|turn|54
|
|t:|1781173875
|move|p2a: Hoopa|Knock Off|p1a: Zapdos
|-damage|p1a: Zapdos|0 fnt
|-enditem|p1a: Zapdos|Heavy-Duty Boots|[from] move: Knock Off|[of] p2a: Hoopa
|faint|p1a: Zapdos
|
|win|big1mike
|raw|KurisuChestnutOU's rating: 1569 &rarr; <strong>1549</strong><br />(-20 for losing)
|raw|big1mike's rating: 1565 &rarr; <strong>1585</strong><br />(+20 for winning)
