|j|☆extra-pseudo man
|j|☆tb poke
|t:|1781541367
|gametype|singles
|player|p1|extra-pseudo man|alder|1654
|player|p2|tb poke|102|1666
|gen|9
|tier|[Gen 9] OU
|rated|
|rule|HP Percentage Mod: HP is shown in percentages
|rule|Endless Battle Clause: Forcing endless battles is banned
|rule|Species Clause: Limit one of each Pokémon
|rule|OHKO Clause: OHKO moves are banned
|rule|Evasion Items Clause: Evasion items are banned
|rule|Evasion Moves Clause: Evasion moves are banned
|rule|Evasion Abilities Clause: Evasion abilities are banned
|rule|Sleep Moves Clause: Sleep-inducing moves are banned
|clearpoke
|poke|p1|Dragonite, M|
|poke|p1|Dragapult, M|
|poke|p1|Tyranitar, M|
|poke|p1|Metagross|
|poke|p1|Goodra-Hisui, M|
|poke|p1|Garchomp, M|
|poke|p2|Zamazenta-*|
|poke|p2|Iron Treads|
|poke|p2|Pecharunt|
|poke|p2|Tornadus-Therian, M|
|poke|p2|Hatterene, F|
|poke|p2|Alomomola, F|
|teampreview
|inactive|Battle timer is ON: inactive players will automatically lose when time's up. (requested by tb poke)
|
|t:|1781541387
|teamsize|p1|6
|teamsize|p2|6
|start
|switch|p1a: He pulten on it|Dragapult, M|100/100
|switch|p2a: Alomomola|Alomomola, F|100/100
|turn|1
|
|t:|1781541396
|move|p1a: He pulten on it|Will-O-Wisp|p2a: Alomomola|[miss]
|-miss|p1a: He pulten on it|p2a: Alomomola
|move|p2a: Alomomola|Play Rough|p1a: He pulten on it
|-supereffective|p1a: He pulten on it
|-damage|p1a: He pulten on it|53/100
|
|upkeep
|turn|2
|
|t:|1781541399
|move|p1a: He pulten on it|Will-O-Wisp|p2a: Alomomola
|-status|p2a: Alomomola|brn
|move|p2a: Alomomola|Play Rough|p1a: He pulten on it|[miss]
|-miss|p2a: Alomomola|p1a: He pulten on it
|
|-damage|p2a: Alomomola|94/100 brn|[from] brn
|upkeep
|turn|3
|
|t:|1781541404
|move|p1a: He pulten on it|Hex|p2a: Alomomola
|-damage|p2a: Alomomola|69/100 brn
|move|p2a: Alomomola|Play Rough|p1a: He pulten on it
|-supereffective|p1a: He pulten on it
|-damage|p1a: He pulten on it|30/100
|-unboost|p1a: He pulten on it|atk|1
|
|-damage|p2a: Alomomola|63/100 brn|[from] brn
|upkeep
|turn|4
|
|t:|1781541409
|move|p1a: He pulten on it|U-turn|p2a: Alomomola
|-damage|p2a: Alomomola|53/100 brn
|
|t:|1781541411
|switch|p1a: Marill me|Garchomp, M|100/100|[from] U-turn
|move|p2a: Alomomola|Mirror Coat||[still]
|-fail|p2a: Alomomola
|
|-damage|p2a: Alomomola|47/100 brn|[from] brn
|upkeep
|turn|5
|
|t:|1781541416
|switch|p2a: Hatterene|Hatterene, F|100/100
|move|p1a: Marill me|Spikes|p2a: Hatterene
|move|p2a: Hatterene|Spikes|p1a: Marill me|[from] ability: Magic Bounce
|-sidestart|p1: extra-pseudo man|Spikes
|
|upkeep
|turn|6
|
|t:|1781541419
|move|p1a: Marill me|Earthquake|p2a: Hatterene
|-damage|p2a: Hatterene|66/100
|move|p2a: Hatterene|Draining Kiss|p1a: Marill me
|-supereffective|p1a: Marill me
|-damage|p1a: Marill me|60/100
|-heal|p2a: Hatterene|100/100|[from] drain|[of] p1a: Marill me
|-damage|p2a: Hatterene|88/100|[from] ability: Rough Skin|[of] p1a: Marill me
|-damage|p2a: Hatterene|72/100|[from] item: Rocky Helmet|[of] p1a: Marill me
|
|upkeep
|turn|7
|
|t:|1781541423
|switch|p1a: kaboom|Metagross|100/100
|-damage|p1a: kaboom|88/100|[from] Spikes
|move|p2a: Hatterene|Draining Kiss|p1a: kaboom
|-resisted|p1a: kaboom
|-damage|p1a: kaboom|75/100
|-heal|p2a: Hatterene|81/100|[from] drain|[of] p1a: kaboom
|
|upkeep
|turn|8
|
|t:|1781541433
|switch|p2a: Pecharunt|Pecharunt|100/100
|move|p1a: kaboom|Earthquake|p2a: Pecharunt
|-supereffective|p2a: Pecharunt
|-damage|p2a: Pecharunt|44/100
|
|upkeep
|turn|9
|
|t:|1781541458
|switch|p1a: The goot|Goodra-Hisui, M|100/100
|-damage|p1a: The goot|88/100|[from] Spikes
|switch|p2a: Tornadus|Tornadus-Therian, M|100/100
|
|upkeep
|turn|10
|
|t:|1781541471
|move|p2a: Tornadus|Nasty Plot|p2a: Tornadus
|-boost|p2a: Tornadus|spa|2
|move|p1a: The goot|Ice Beam|p2a: Tornadus
|-supereffective|p2a: Tornadus
|-damage|p2a: Tornadus|0 fnt
|faint|p2a: Tornadus
|
|upkeep
|
|t:|1781541478
|switch|p2a: Iron Treads|Iron Treads|100/100
|-item|p2a: Iron Treads|Air Balloon
|turn|11
|
|t:|1781541482
|switch|p1a: Marill me|Garchomp, M|60/100
|-damage|p1a: Marill me|48/100|[from] Spikes
|move|p2a: Iron Treads|Stealth Rock|p1a: Marill me
|-sidestart|p1: extra-pseudo man|move: Stealth Rock
|
|upkeep
|turn|12
|
|t:|1781541486
|-end|p2a: Iron Treads|Quark Drive|[silent]
|switch|p2a: Hatterene|Hatterene, F|81/100
|move|p1a: Marill me|Fire Fang|p2a: Hatterene
|-damage|p2a: Hatterene|64/100
|-status|p2a: Hatterene|brn
|-damage|p1a: Marill me|31/100|[from] item: Rocky Helmet|[of] p2a: Hatterene
|
|-damage|p2a: Hatterene|58/100 brn|[from] brn
|upkeep
|turn|13
|
|t:|1781541495
|move|p1a: Marill me|Earthquake|p2a: Hatterene
|-damage|p2a: Hatterene|21/100 brn
|move|p2a: Hatterene|Nuzzle|p1a: Marill me
|-immune|p1a: Marill me
|
|-damage|p2a: Hatterene|15/100 brn|[from] brn
|upkeep
|turn|14
|
|t:|1781541499
|move|p1a: Marill me|Earthquake|p2a: Hatterene
|-damage|p2a: Hatterene|0 fnt
|faint|p2a: Hatterene
|
|upkeep
|
|t:|1781541501
|switch|p2a: Zamazenta|Zamazenta|100/100
|-ability|p2a: Zamazenta|Dauntless Shield|boost
|-boost|p2a: Zamazenta|def|1
|turn|15
|
|t:|1781541504
|move|p2a: Zamazenta|Iron Defense|p2a: Zamazenta
|-boost|p2a: Zamazenta|def|2
|move|p1a: Marill me|Dragon Tail|p2a: Zamazenta
|-damage|p2a: Zamazenta|92/100
|drag|p2a: Pecharunt|Pecharunt|44/100
|
|upkeep
|turn|16
|
|t:|1781541519
|switch|p2a: Iron Treads|Iron Treads|100/100
|-item|p2a: Iron Treads|Air Balloon
|move|p1a: Marill me|Earthquake|p2a: Iron Treads
|-immune|p2a: Iron Treads
|
|upkeep
|turn|17
|
|t:|1781541521
|move|p2a: Iron Treads|Earthquake|p1a: Marill me
|-damage|p1a: Marill me|4/100
|move|p1a: Marill me|Fire Fang|p2a: Iron Treads
|-supereffective|p2a: Iron Treads
|-damage|p2a: Iron Treads|63/100
|-enditem|p2a: Iron Treads|Air Balloon
|
|upkeep
|turn|18
|
|t:|1781541526
|move|p2a: Iron Treads|Earthquake|p1a: Marill me
|-damage|p1a: Marill me|0 fnt
|faint|p1a: Marill me
|
|upkeep
|
|t:|1781541539
|switch|p1a: Chud|Dragonite, M|100/100
|turn|19
|
|t:|1781541545
|move|p2a: Iron Treads|Knock Off|p1a: Chud
|-damage|p1a: Chud|84/100
|-enditem|p1a: Chud|Heavy-Duty Boots|[from] move: Knock Off|[of] p2a: Iron Treads
|move|p1a: Chud|Earthquake|p2a: Iron Treads
|-supereffective|p2a: Iron Treads
|-damage|p2a: Iron Treads|0 fnt
|faint|p2a: Iron Treads
|-end|p2a: Iron Treads|Quark Drive|[silent]
|
|upkeep
|
|t:|1781541552
|switch|p2a: Zamazenta|Zamazenta|92/100
|turn|20
|
|t:|1781541555
|switch|p1a: He pulten on it|Dragapult, M|30/100
|move|p2a: Zamazenta|Iron Defense|p2a: Zamazenta
|-boost|p2a: Zamazenta|def|2
|
|-heal|p2a: Zamazenta|98/100|[from] item: Leftovers
|upkeep
|turn|21
|
|t:|1781541558
|switch|p2a: Alomomola|Alomomola, F|80/100 brn
|move|p1a: He pulten on it|Will-O-Wisp|p2a: Alomomola
|-fail|p2a: Alomomola|brn
|
|-damage|p2a: Alomomola|74/100 brn|[from] brn
|upkeep
|turn|22
|
|t:|1781541563
|move|p1a: He pulten on it|U-turn|p2a: Alomomola
|-damage|p2a: Alomomola|61/100 brn
|
|t:|1781541566
|switch|p1a: The goot|Goodra-Hisui, M|88/100|[from] U-turn
|-damage|p1a: The goot|76/100|[from] Spikes
|-damage|p1a: The goot|70/100|[from] Stealth Rock
|move|p2a: Alomomola|Play Rough|p1a: The goot
|-damage|p1a: The goot|61/100
|-ability|p1a: The goot|Gooey
|-unboost|p2a: Alomomola|spe|1
|
|-damage|p2a: Alomomola|55/100 brn|[from] brn
|upkeep
|turn|23
|
|t:|1781541571
|move|p1a: The goot|Thunderbolt|p2a: Alomomola
|-supereffective|p2a: Alomomola
|-damage|p2a: Alomomola|6/100 brn
|move|p2a: Alomomola|Flip Turn|p1a: The goot
|-resisted|p1a: The goot
|-damage|p1a: The goot|57/100
|-ability|p1a: The goot|Gooey
|-unboost|p2a: Alomomola|spe|1
|
|t:|1781541574
|switch|p2a: Zamazenta|Zamazenta|98/100|[from] Flip Turn
|
|-heal|p2a: Zamazenta|100/100|[from] item: Leftovers
|upkeep
|turn|24
|
|t:|1781541578
|move|p2a: Zamazenta|Crunch|p1a: The goot
|-damage|p1a: The goot|35/100
|-ability|p1a: The goot|Gooey
|-unboost|p2a: Zamazenta|spe|1
|move|p1a: The goot|Thunderbolt|p2a: Zamazenta
|-damage|p2a: Zamazenta|55/100
|
|-heal|p2a: Zamazenta|61/100|[from] item: Leftovers
|upkeep
|turn|25
|
|t:|1781541581
|move|p2a: Zamazenta|Body Press|p1a: The goot
|-supereffective|p1a: The goot
|-damage|p1a: The goot|0 fnt
|-ability|p1a: The goot|Gooey
|-unboost|p2a: Zamazenta|spe|1
|faint|p1a: The goot
|
|-heal|p2a: Zamazenta|68/100|[from] item: Leftovers
|upkeep
|
|t:|1781541599
|switch|p1a: He pulten on it|Dragapult, M|30/100
|turn|26
|
|t:|1781541607
|move|p1a: He pulten on it|Will-O-Wisp|p2a: Zamazenta|[miss]
|-miss|p1a: He pulten on it|p2a: Zamazenta
|move|p2a: Zamazenta|Crunch|p1a: He pulten on it
|-supereffective|p1a: He pulten on it
|-damage|p1a: He pulten on it|0 fnt
|faint|p1a: He pulten on it
|
|-heal|p2a: Zamazenta|74/100|[from] item: Leftovers
|upkeep
|
|t:|1781541617
|switch|p1a: kaboom|Metagross|75/100
|-damage|p1a: kaboom|63/100|[from] Spikes
|-damage|p1a: kaboom|57/100|[from] Stealth Rock
|turn|27
|
|t:|1781541623
|switch|p2a: Alomomola|Alomomola, F|40/100 brn
|move|p1a: kaboom|Earthquake|p2a: Alomomola
|-damage|p2a: Alomomola|0 fnt
|faint|p2a: Alomomola
|
|upkeep
|
|t:|1781541631
|switch|p2a: Zamazenta|Zamazenta|74/100
|turn|28
|
|t:|1781541636
|move|p2a: Zamazenta|Iron Defense|p2a: Zamazenta
|-boost|p2a: Zamazenta|def|2
|move|p1a: kaboom|Earthquake|p2a: Zamazenta
|-damage|p2a: Zamazenta|51/100
|
|-heal|p2a: Zamazenta|57/100|[from] item: Leftovers
|upkeep
|turn|29
|-message|extra-pseudo man forfeited.
|
|win|tb poke
|raw|extra-pseudo man's rating: 1654 &rarr; <strong>1635</strong><br />(-19 for losing)
|raw|tb poke's rating: 1666 &rarr; <strong>1685</strong><br />(+19 for winning)
|l|☆tb poke
|player|p2|
|l|☆extra-pseudo man
|player|p1|
