|j|☆Smitherz107
|j|☆unamedturd
|t:|1781461025
|gametype|singles
|player|p1|Smitherz107|wallace|1584
|player|p2|unamedturd|li|1564
|gen|9
|tier|[Gen 9] OU
|rated|
|rule|HP Percentage Mod: HP is shown in percentages
|rule|Endless Battle Clause: Forcing endless battles is banned
|rule|Species Clause: Limit one of each Pokémon
|rule|OHKO Clause: OHKO moves are banned
|rule|Evasion Items Clause: Evasion items are banned
|rule|Evasion Moves Clause: Evasion moves are banned
|rule|Evasion Abilities Clause: Evasion abilities are banned
|rule|Sleep Moves Clause: Sleep-inducing moves are banned
|clearpoke
|poke|p1|Rillaboom, F|
|poke|p1|Alomomola, M|
|poke|p1|Ninetales-Alola, M|
|poke|p1|Great Tusk|
|poke|p1|Latias, F|
|poke|p1|Heatran, M|
|poke|p2|Zamazenta-*|
|poke|p2|Sinistcha-Masterpiece|
|poke|p2|Kleavor, M|
|poke|p2|Kingambit, F|
|poke|p2|Dragapult, F|
|poke|p2|Glimmora, F|
|teampreview
|inactive|Battle timer is ON: inactive players will automatically lose when time's up. (requested by unamedturd)
|inactive|unamedturd has 120 seconds left.
|
|t:|1781461060
|teamsize|p1|6
|teamsize|p2|6
|start
|switch|p1a: Great Tusk|Great Tusk|100/100
|switch|p2a: Kleavor|Kleavor, M|100/100
|turn|1
|
|t:|1781461078
|move|p2a: Kleavor|Stone Axe|p1a: Great Tusk
|-resisted|p1a: Great Tusk
|-damage|p1a: Great Tusk|92/100
|-sidestart|p1: Smitherz107|move: Stealth Rock
|move|p1a: Great Tusk|Headlong Rush|p2a: Kleavor
|-damage|p2a: Kleavor|23/100
|-unboost|p1a: Great Tusk|def|1
|-unboost|p1a: Great Tusk|spd|1
|
|upkeep
|turn|2
|
|t:|1781461087
|switch|p2a: Sinistcha|Sinistcha-Masterpiece|100/100
|move|p1a: Great Tusk|Rapid Spin|p2a: Sinistcha
|-immune|p2a: Sinistcha
|
|upkeep
|turn|3
|
|t:|1781461101
|-end|p1a: Great Tusk|Protosynthesis|[silent]
|switch|p1a: Rillaboom|Rillaboom, F|100/100
|-damage|p1a: Rillaboom|88/100|[from] Stealth Rock
|-fieldstart|move: Grassy Terrain|[from] ability: Grassy Surge|[of] p1a: Rillaboom
|move|p2a: Sinistcha|Calm Mind|p2a: Sinistcha
|-boost|p2a: Sinistcha|spa|1
|-boost|p2a: Sinistcha|spd|1
|
|-heal|p1a: Rillaboom|94/100|[from] Grassy Terrain
|upkeep
|turn|4
|
|t:|1781461112
|move|p1a: Rillaboom|Knock Off|p2a: Sinistcha
|-supereffective|p2a: Sinistcha
|-crit|p2a: Sinistcha
|-damage|p2a: Sinistcha|28/100
|-enditem|p2a: Sinistcha|Leftovers|[from] move: Knock Off|[of] p1a: Rillaboom
|move|p2a: Sinistcha|Strength Sap|p1a: Rillaboom
|-unboost|p1a: Rillaboom|atk|1
|-heal|p2a: Sinistcha|100/100
|
|-heal|p1a: Rillaboom|99/100|[from] Grassy Terrain
|upkeep
|turn|5
|
|t:|1781461123
|move|p1a: Rillaboom|U-turn|p2a: Sinistcha
|-damage|p2a: Sinistcha|89/100
|
|t:|1781461125
|switch|p1a: Heatran|Heatran, M|100/100|[from] U-turn
|-damage|p1a: Heatran|88/100|[from] Stealth Rock
|move|p2a: Sinistcha|Shadow Ball|p1a: Heatran
|-damage|p1a: Heatran|59/100
|
|-heal|p1a: Heatran|66/100|[from] Grassy Terrain
|-heal|p1a: Heatran|72/100|[from] item: Leftovers
|-heal|p2a: Sinistcha|95/100|[from] Grassy Terrain
|upkeep
|turn|6
|
|t:|1781461140
|-terastallize|p2a: Sinistcha|Poison
|move|p1a: Heatran|Taunt|p2a: Sinistcha
|-start|p2a: Sinistcha|move: Taunt
|move|p2a: Sinistcha|Shadow Ball|p1a: Heatran
|-damage|p1a: Heatran|38/100
|-unboost|p1a: Heatran|spd|1
|
|-heal|p1a: Heatran|45/100|[from] Grassy Terrain
|-heal|p1a: Heatran|51/100|[from] item: Leftovers
|-heal|p2a: Sinistcha|100/100|[from] Grassy Terrain
|upkeep
|turn|7
|
|t:|1781461158
|switch|p1a: Great Tusk|Great Tusk|92/100
|move|p2a: Sinistcha|Shadow Ball|p1a: Great Tusk
|-damage|p1a: Great Tusk|19/100
|
|-heal|p1a: Great Tusk|25/100|[from] Grassy Terrain
|-fieldend|move: Grassy Terrain
|upkeep
|turn|8
|
|t:|1781461166
|switch|p2a: Dragapult|Dragapult, F|100/100
|move|p1a: Great Tusk|Headlong Rush|p2a: Dragapult
|-damage|p2a: Dragapult|11/100
|-unboost|p1a: Great Tusk|def|1
|-unboost|p1a: Great Tusk|spd|1
|
|upkeep
|turn|9
|
|t:|1781461176
|-end|p1a: Great Tusk|Protosynthesis|[silent]
|switch|p1a: Rillaboom|Rillaboom, F|99/100
|-damage|p1a: Rillaboom|88/100|[from] Stealth Rock
|-fieldstart|move: Grassy Terrain|[from] ability: Grassy Surge|[of] p1a: Rillaboom
|move|p2a: Dragapult|Shadow Ball|p1a: Rillaboom
|-damage|p1a: Rillaboom|58/100
|-unboost|p1a: Rillaboom|spd|1
|
|-heal|p2a: Dragapult|17/100|[from] Grassy Terrain
|-heal|p1a: Rillaboom|64/100|[from] Grassy Terrain
|upkeep
|turn|10
|
|t:|1781461190
|switch|p2a: Glimmora|Glimmora, F|100/100
|move|p1a: Rillaboom|U-turn|p2a: Glimmora
|-resisted|p2a: Glimmora
|-damage|p2a: Glimmora|88/100
|-activate|p2a: Glimmora|ability: Toxic Debris
|-sidestart|p1: Smitherz107|move: Toxic Spikes
|
|t:|1781461196
|switch|p1a: Great Tusk|Great Tusk|25/100|[from] U-turn
|
|-heal|p1a: Great Tusk|31/100|[from] Grassy Terrain
|-heal|p2a: Glimmora|94/100|[from] Grassy Terrain
|-heal|p2a: Glimmora|99/100|[from] item: Leftovers
|upkeep
|turn|11
|
|t:|1781461207
|switch|p2a: Dragapult|Dragapult, F|17/100
|move|p1a: Great Tusk|Headlong Rush|p2a: Dragapult
|-damage|p2a: Dragapult|0 fnt
|-unboost|p1a: Great Tusk|def|1
|-unboost|p1a: Great Tusk|spd|1
|faint|p2a: Dragapult
|
|-heal|p1a: Great Tusk|37/100|[from] Grassy Terrain
|upkeep
|
|t:|1781461219
|switch|p2a: Kleavor|Kleavor, M|23/100
|turn|12
|
|t:|1781461240
|-end|p1a: Great Tusk|Protosynthesis|[silent]
|switch|p1a: Alomomola|Alomomola, M|100/100
|-damage|p1a: Alomomola|88/100|[from] Stealth Rock
|-status|p1a: Alomomola|psn
|move|p2a: Kleavor|Dual Wingbeat|p1a: Alomomola
|-damage|p1a: Alomomola|81/100 psn
|-damage|p2a: Kleavor|6/100|[from] item: Rocky Helmet|[of] p1a: Alomomola
|-damage|p1a: Alomomola|73/100 psn
|-damage|p2a: Kleavor|0 fnt|[from] item: Rocky Helmet|[of] p1a: Alomomola
|faint|p2a: Kleavor
|-hitcount|p1a: Alomomola|2
|
|-heal|p1a: Alomomola|79/100 psn|[from] Grassy Terrain
|-damage|p1a: Alomomola|67/100 psn|[from] psn
|upkeep
|
|t:|1781461258
|switch|p2a: Sinistcha|Sinistcha-Masterpiece, tera:Poison|100/100
|turn|13
|
|t:|1781461274
|move|p2a: Sinistcha|Calm Mind|p2a: Sinistcha
|-boost|p2a: Sinistcha|spa|1
|-boost|p2a: Sinistcha|spd|1
|move|p1a: Alomomola|Flip Turn|p2a: Sinistcha
|-damage|p2a: Sinistcha|89/100
|
|t:|1781461276
|switch|p1a: Great Tusk|Great Tusk|37/100|[from] Flip Turn
|
|-heal|p1a: Great Tusk|43/100|[from] Grassy Terrain
|-heal|p2a: Sinistcha|95/100|[from] Grassy Terrain
|-fieldend|move: Grassy Terrain
|upkeep
|turn|14
|
|t:|1781461286
|move|p1a: Great Tusk|Headlong Rush|p2a: Sinistcha
|-supereffective|p2a: Sinistcha
|-damage|p2a: Sinistcha|9/100
|-unboost|p1a: Great Tusk|def|1
|-unboost|p1a: Great Tusk|spd|1
|move|p2a: Sinistcha|Matcha Gotcha|p1a: Great Tusk
|-supereffective|p1a: Great Tusk
|-damage|p1a: Great Tusk|0 fnt
|-heal|p2a: Sinistcha|33/100|[from] drain|[of] p1a: Great Tusk
|faint|p1a: Great Tusk
|-end|p1a: Great Tusk|Protosynthesis|[silent]
|
|upkeep
|
|t:|1781461311
|switch|p1a: Latias|Latias, F|100/100
|-damage|p1a: Latias|88/100|[from] Stealth Rock
|turn|15
|
|t:|1781461325
|switch|p2a: Kingambit|Kingambit, F|100/100
|-activate|p2a: Kingambit|ability: Supreme Overlord
|-start|p2a: Kingambit|fallen2|[silent]
|move|p1a: Latias|Agility|p1a: Latias
|-boost|p1a: Latias|spe|2
|
|upkeep
|turn|16
|
|t:|1781461333
|switch|p1a: Alomomola|Alomomola, M|99/100 psn
|-damage|p1a: Alomomola|88/100 psn|[from] Stealth Rock
|move|p2a: Kingambit|Kowtow Cleave|p1a: Alomomola
|-damage|p1a: Alomomola|54/100 psn
|-damage|p2a: Kingambit|84/100|[from] item: Rocky Helmet|[of] p1a: Alomomola
|
|-heal|p2a: Kingambit|90/100|[from] item: Leftovers
|-damage|p1a: Alomomola|41/100 psn|[from] psn
|upkeep
|turn|17
|
|t:|1781461345
|move|p2a: Kingambit|Kowtow Cleave|p1a: Alomomola
|-damage|p1a: Alomomola|9/100 psn
|-damage|p2a: Kingambit|73/100|[from] item: Rocky Helmet|[of] p1a: Alomomola
|move|p1a: Alomomola|Flip Turn|p2a: Kingambit
|-damage|p2a: Kingambit|60/100
|
|t:|1781461350
|switch|p1a: Heatran|Heatran, M|51/100|[from] Flip Turn
|-damage|p1a: Heatran|38/100|[from] Stealth Rock
|
|-heal|p1a: Heatran|45/100|[from] item: Leftovers
|-heal|p2a: Kingambit|66/100|[from] item: Leftovers
|upkeep
|turn|18
|
|t:|1781461358
|-end|p2a: Kingambit|fallen2|[silent]
|switch|p2a: Glimmora|Glimmora, F|99/100
|move|p1a: Heatran|Lava Plume|p2a: Glimmora
|-resisted|p2a: Glimmora
|-damage|p2a: Glimmora|86/100
|-status|p2a: Glimmora|brn
|
|-heal|p2a: Glimmora|92/100 brn|[from] item: Leftovers
|-heal|p1a: Heatran|51/100|[from] item: Leftovers
|-damage|p2a: Glimmora|86/100 brn|[from] brn
|upkeep
|turn|19
|
|t:|1781461369
|move|p2a: Glimmora|Power Gem|p1a: Heatran
|-damage|p1a: Heatran|27/100
|move|p1a: Heatran|Earth Power|p2a: Glimmora
|-supereffective|p2a: Glimmora
|-damage|p2a: Glimmora|0 fnt
|faint|p2a: Glimmora
|
|-heal|p1a: Heatran|34/100|[from] item: Leftovers
|upkeep
|
|t:|1781461385
|switch|p2a: Sinistcha|Sinistcha-Masterpiece, tera:Poison|33/100
|turn|20
|
|t:|1781461397
|move|p1a: Heatran|Earth Power|p2a: Sinistcha
|-supereffective|p2a: Sinistcha
|-damage|p2a: Sinistcha|0 fnt
|faint|p2a: Sinistcha
|
|-heal|p1a: Heatran|40/100|[from] item: Leftovers
|upkeep
|
|t:|1781461414
|switch|p2a: Kingambit|Kingambit, F|66/100
|-activate|p2a: Kingambit|ability: Supreme Overlord
|-start|p2a: Kingambit|fallen4|[silent]
|turn|21
|
|t:|1781461421
|move|p1a: Heatran|Lava Plume|p2a: Kingambit
|-supereffective|p2a: Kingambit
|-damage|p2a: Kingambit|0 fnt
|faint|p2a: Kingambit
|-end|p2a: Kingambit|fallen4|[silent]
|
|-heal|p1a: Heatran|46/100|[from] item: Leftovers
|upkeep
|-message|unamedturd forfeited.
|
|win|Smitherz107
|raw|Smitherz107's rating: 1584 &rarr; <strong>1603</strong><br />(+19 for winning)
|raw|unamedturd's rating: 1564 &rarr; <strong>1545</strong><br />(-19 for losing)
|l|☆unamedturd
|player|p2|
|l|☆Smitherz107
|player|p1|
