|j|☆omari p
|j|☆mafuyuyume
|t:|1781394843
|gametype|singles
|player|p1|omari p|pokemonrangerf|1542
|player|p2|mafuyuyume|1|1550
|gen|9
|tier|[Gen 9] OU
|rated|
|rule|HP Percentage Mod: HP is shown in percentages
|rule|Endless Battle Clause: Forcing endless battles is banned
|rule|Species Clause: Limit one of each Pokémon
|rule|OHKO Clause: OHKO moves are banned
|rule|Evasion Items Clause: Evasion items are banned
|rule|Evasion Moves Clause: Evasion moves are banned
|rule|Evasion Abilities Clause: Evasion abilities are banned
|rule|Sleep Moves Clause: Sleep-inducing moves are banned
|clearpoke
|poke|p1|Venusaur, M|
|poke|p1|Cinderace, M|
|poke|p1|Iron Moth|
|poke|p1|Torkoal, M|
|poke|p1|Hydrapple, F|
|poke|p1|Slither Wing|
|poke|p2|Iron Moth|
|poke|p2|Torkoal, M|
|poke|p2|Walking Wake|
|poke|p2|Hatterene, F|
|poke|p2|Great Tusk|
|poke|p2|Slither Wing|
|teampreview
|
|t:|1781394865
|teamsize|p1|6
|teamsize|p2|6
|start
|switch|p1a: Torkoal|Torkoal, M, shiny|100/100
|switch|p2a: Great Tusk|Great Tusk|100/100
|-weather|SunnyDay|[from] ability: Drought|[of] p1a: Torkoal
|-activate|p2a: Great Tusk|ability: Protosynthesis
|-start|p2a: Great Tusk|protosynthesisspe
|turn|1
|
|t:|1781394884
|move|p2a: Great Tusk|Headlong Rush|p1a: Torkoal
|-supereffective|p1a: Torkoal
|-damage|p1a: Torkoal|28/100
|-unboost|p2a: Great Tusk|def|1
|-unboost|p2a: Great Tusk|spd|1
|move|p1a: Torkoal|Stealth Rock|p2a: Great Tusk
|-sidestart|p2: mafuyuyume|move: Stealth Rock
|
|-weather|SunnyDay|[upkeep]
|upkeep
|turn|2
|
|t:|1781394917
|move|p2a: Great Tusk|Rapid Spin|p1a: Torkoal
|-damage|p1a: Torkoal|18/100
|-boost|p2a: Great Tusk|spe|1
|-sideend|p2: mafuyuyume|Stealth Rock|[from] move: Rapid Spin|[of] p2a: Great Tusk
|move|p1a: Torkoal|Fire Blast|p2a: Great Tusk|[miss]
|-miss|p1a: Torkoal|p2a: Great Tusk
|
|-weather|SunnyDay|[upkeep]
|upkeep
|turn|3
|
|t:|1781394923
|switch|p1a: Hydrapple|Hydrapple, F|100/100
|move|p2a: Great Tusk|Headlong Rush|p1a: Hydrapple
|-resisted|p1a: Hydrapple
|-damage|p1a: Hydrapple|86/100
|-unboost|p2a: Great Tusk|def|1
|-unboost|p2a: Great Tusk|spd|1
|-damage|p2a: Great Tusk|84/100|[from] item: Rocky Helmet|[of] p1a: Hydrapple
|
|-weather|SunnyDay|[upkeep]
|upkeep
|turn|4
|inactive|Battle timer is ON: inactive players will automatically lose when time's up. (requested by omari p)
|
|t:|1781394947
|-end|p2a: Great Tusk|Protosynthesis|[silent]
|switch|p2a: Slither Wing|Slither Wing|100/100
|-activate|p2a: Slither Wing|ability: Protosynthesis
|-start|p2a: Slither Wing|protosynthesisatk
|move|p1a: Hydrapple|Solar Beam||[still]
|-prepare|p1a: Hydrapple|Solar Beam
|-anim|p1a: Hydrapple|Solar Beam|p2a: Slither Wing
|-resisted|p2a: Slither Wing
|-damage|p2a: Slither Wing|86/100
|
|-weather|SunnyDay|[upkeep]
|upkeep
|turn|5
|
|t:|1781394959
|switch|p1a: Iron Moth|Iron Moth|100/100
|-enditem|p1a: Iron Moth|Booster Energy
|-activate|p1a: Iron Moth|ability: Quark Drive|[fromitem]
|-start|p1a: Iron Moth|quarkdrivespe
|move|p2a: Slither Wing|First Impression|p1a: Iron Moth
|-resisted|p1a: Iron Moth
|-damage|p1a: Iron Moth|76/100
|
|-weather|SunnyDay|[upkeep]
|upkeep
|turn|6
|
|t:|1781394984
|-end|p2a: Slither Wing|Protosynthesis|[silent]
|switch|p2a: Hatterene|Hatterene, F|100/100
|move|p1a: Iron Moth|Fiery Dance|p2a: Hatterene
|-damage|p2a: Hatterene|32/100
|-enditem|p2a: Hatterene|Eject Button
|
|t:|1781394990
|switch|p2a: Walking Wake|Walking Wake|100/100
|-activate|p2a: Walking Wake|ability: Protosynthesis
|-start|p2a: Walking Wake|protosynthesisspe
|
|-weather|SunnyDay|[upkeep]
|upkeep
|turn|7
|inactive|mafuyuyume has 120 seconds left.
|
|t:|1781395007
|move|p1a: Iron Moth|Sludge Wave|p2a: Walking Wake
|-damage|p2a: Walking Wake|48/100
|move|p2a: Walking Wake|Draco Meteor|p1a: Iron Moth
|-damage|p1a: Iron Moth|10/100
|-unboost|p2a: Walking Wake|spa|2
|
|-weather|SunnyDay|[upkeep]
|upkeep
|turn|8
|j| Antartiko
|inactive|mafuyuyume has 120 seconds left.
|inactive|mafuyuyume has 90 seconds left.
|
|t:|1781395048
|-end|p2a: Walking Wake|Protosynthesis|[silent]
|switch|p2a: Hatterene|Hatterene, F|32/100
|move|p1a: Iron Moth|Fiery Dance|p2a: Hatterene
|-damage|p2a: Hatterene|0 fnt
|faint|p2a: Hatterene
|
|-weather|none
|upkeep
|inactive|mafuyuyume has 90 seconds left.
|
|t:|1781395053
|switch|p2a: Slither Wing|Slither Wing|86/100
|turn|9
|
|t:|1781395058
|move|p2a: Slither Wing|First Impression|p1a: Iron Moth
|-resisted|p1a: Iron Moth
|-damage|p1a: Iron Moth|0 fnt
|faint|p1a: Iron Moth
|-end|p1a: Iron Moth|Quark Drive|[silent]
|
|upkeep
|
|t:|1781395063
|switch|p1a: Cinderace|Cinderace, M|100/100
|turn|10
|inactive|mafuyuyume has 90 seconds left.
|
|t:|1781395090
|-end|p2a: Slither Wing|Protosynthesis|[silent]
|switch|p2a: Great Tusk|Great Tusk|84/100
|move|p1a: Cinderace|Pyro Ball|p2a: Great Tusk
|-damage|p2a: Great Tusk|28/100
|
|upkeep
|turn|11
|j| Squilliam2g
|inactive|mafuyuyume has 90 seconds left.
|inactive|omari p has 120 seconds left.
|inactive|mafuyuyume has 60 seconds left.
|
|t:|1781395142
|-end|p2a: Great Tusk|Protosynthesis|[silent]
|switch|p2a: Torkoal|Torkoal, M|100/100
|-weather|SunnyDay|[from] ability: Drought|[of] p2a: Torkoal
|move|p1a: Cinderace|Pyro Ball|p2a: Torkoal
|-resisted|p2a: Torkoal
|-damage|p2a: Torkoal|45/100
|
|-weather|SunnyDay|[upkeep]
|upkeep
|turn|12
|inactive|mafuyuyume has 60 seconds left.
|
|t:|1781395176
|switch|p2a: Great Tusk|Great Tusk|28/100
|-activate|p2a: Great Tusk|ability: Protosynthesis
|-start|p2a: Great Tusk|protosynthesisspe
|move|p1a: Cinderace|Pyro Ball|p2a: Great Tusk
|-damage|p2a: Great Tusk|0 fnt
|faint|p2a: Great Tusk
|-end|p2a: Great Tusk|Protosynthesis|[silent]
|
|-weather|SunnyDay|[upkeep]
|upkeep
|
|t:|1781395179
|switch|p2a: Walking Wake|Walking Wake|48/100
|-activate|p2a: Walking Wake|ability: Protosynthesis
|-start|p2a: Walking Wake|protosynthesisspe
|turn|13
|inactive|omari p has 120 seconds left.
|
|t:|1781395209
|switch|p1a: Torkoal|Torkoal, M, shiny|18/100
|move|p2a: Walking Wake|Draco Meteor|p1a: Torkoal
|-damage|p1a: Torkoal|0 fnt
|-unboost|p2a: Walking Wake|spa|2
|faint|p1a: Torkoal
|
|-weather|SunnyDay|[upkeep]
|upkeep
|
|t:|1781395211
|switch|p1a: Venusaur|Venusaur, M, shiny|100/100
|turn|14
|
|t:|1781395224
|-end|p2a: Walking Wake|Protosynthesis|[silent]
|switch|p2a: Iron Moth|Iron Moth|100/100
|-enditem|p2a: Iron Moth|Booster Energy
|-activate|p2a: Iron Moth|ability: Quark Drive|[fromitem]
|-start|p2a: Iron Moth|quarkdrivespe
|move|p1a: Venusaur|Solar Beam||[still]
|-prepare|p1a: Venusaur|Solar Beam
|-anim|p1a: Venusaur|Solar Beam|p2a: Iron Moth
|-resisted|p2a: Iron Moth
|-damage|p2a: Iron Moth|82/100
|-damage|p1a: Venusaur|91/100|[from] item: Life Orb
|
|-weather|SunnyDay|[upkeep]
|upkeep
|turn|15
|inactive|omari p has 120 seconds left.
|
|t:|1781395238
|-terastallize|p2a: Iron Moth|Grass
|move|p2a: Iron Moth|Fiery Dance|p1a: Venusaur
|-supereffective|p1a: Venusaur
|-damage|p1a: Venusaur|0 fnt
|faint|p1a: Venusaur
|
|-weather|SunnyDay|[upkeep]
|upkeep
|
|t:|1781395241
|switch|p1a: Slither Wing|Slither Wing|100/100
|-activate|p1a: Slither Wing|ability: Protosynthesis
|-start|p1a: Slither Wing|protosynthesisatk
|turn|16
|
|t:|1781395244
|move|p1a: Slither Wing|First Impression|p2a: Iron Moth
|-supereffective|p2a: Iron Moth
|-damage|p2a: Iron Moth|0 fnt
|faint|p2a: Iron Moth
|-end|p2a: Iron Moth|Quark Drive|[silent]
|
|-weather|SunnyDay|[upkeep]
|upkeep
|inactive|mafuyuyume has 60 seconds left.
|
|t:|1781395261
|switch|p2a: Walking Wake|Walking Wake|48/100
|-activate|p2a: Walking Wake|ability: Protosynthesis
|-start|p2a: Walking Wake|protosynthesisspe
|turn|17
|inactive|omari p has 120 seconds left.
|l| Antartiko
|
|t:|1781395308
|-end|p1a: Slither Wing|Protosynthesis|[silent]
|switch|p1a: Cinderace|Cinderace, M|100/100
|move|p2a: Walking Wake|Weather Ball|p1a: Cinderace
|-resisted|p1a: Cinderace
|-damage|p1a: Cinderace|64/100
|
|-weather|SunnyDay|[upkeep]
|upkeep
|turn|18
|inactive|mafuyuyume has 60 seconds left.
|
|t:|1781395325
|move|p2a: Walking Wake|Draco Meteor|p1a: Cinderace
|-damage|p1a: Cinderace|0 fnt
|-unboost|p2a: Walking Wake|spa|2
|faint|p1a: Cinderace
|
|-weather|none
|-end|p2a: Walking Wake|Protosynthesis
|upkeep
|
|t:|1781395330
|switch|p1a: Slither Wing|Slither Wing|100/100
|turn|19
|
|t:|1781395333
|-end|p2a: Walking Wake|Protosynthesis|[silent]
|switch|p2a: Torkoal|Torkoal, M|45/100
|-weather|SunnyDay|[from] ability: Drought|[of] p2a: Torkoal
|-activate|p1a: Slither Wing|ability: Protosynthesis
|-start|p1a: Slither Wing|protosynthesisatk
|move|p1a: Slither Wing|First Impression|p2a: Torkoal
|-resisted|p2a: Torkoal
|-damage|p2a: Torkoal|16/100
|
|-weather|SunnyDay|[upkeep]
|upkeep
|turn|20
|
|t:|1781395348
|move|p1a: Slither Wing|Earthquake|p2a: Torkoal
|-supereffective|p2a: Torkoal
|-damage|p2a: Torkoal|0 fnt
|faint|p2a: Torkoal
|
|-weather|SunnyDay|[upkeep]
|upkeep
|inactive|mafuyuyume has 60 seconds left.
|
|t:|1781395367
|switch|p2a: Walking Wake|Walking Wake|48/100
|-activate|p2a: Walking Wake|ability: Protosynthesis
|-start|p2a: Walking Wake|protosynthesisspe
|turn|21
|inactive|mafuyuyume has 60 seconds left.
|
|t:|1781395384
|-end|p1a: Slither Wing|Protosynthesis|[silent]
|switch|p1a: Hydrapple|Hydrapple, F|100/100
|move|p2a: Walking Wake|Draco Meteor|p1a: Hydrapple
|-supereffective|p1a: Hydrapple
|-damage|p1a: Hydrapple|0 fnt
|-unboost|p2a: Walking Wake|spa|2
|faint|p1a: Hydrapple
|
|-weather|SunnyDay|[upkeep]
|upkeep
|
|t:|1781395399
|switch|p1a: Slither Wing|Slither Wing|100/100
|-activate|p1a: Slither Wing|ability: Protosynthesis
|-start|p1a: Slither Wing|protosynthesisatk
|turn|22
|inactive|mafuyuyume has 60 seconds left.
|
|t:|1781395415
|move|p2a: Walking Wake|Flip Turn|p1a: Slither Wing
|-damage|p1a: Slither Wing|92/100
|
|t:|1781395417
|-end|p2a: Walking Wake|Protosynthesis|[silent]
|switch|p2a: Slither Wing|Slither Wing|86/100|[from] Flip Turn
|-activate|p2a: Slither Wing|ability: Protosynthesis
|-start|p2a: Slither Wing|protosynthesisatk
|move|p1a: Slither Wing|Flare Blitz|p2a: Slither Wing
|-supereffective|p2a: Slither Wing
|-crit|p2a: Slither Wing
|-damage|p2a: Slither Wing|0 fnt
|faint|p2a: Slither Wing
|-end|p2a: Slither Wing|Protosynthesis|[silent]
|-damage|p1a: Slither Wing|62/100|[from] Recoil
|
|-weather|SunnyDay|[upkeep]
|upkeep
|inactive|mafuyuyume has 60 seconds left.
|
|t:|1781395424
|switch|p2a: Walking Wake|Walking Wake|48/100
|-activate|p2a: Walking Wake|ability: Protosynthesis
|-start|p2a: Walking Wake|protosynthesisspe
|turn|23
|
|t:|1781395429
|move|p2a: Walking Wake|Weather Ball|p1a: Slither Wing
|-supereffective|p1a: Slither Wing
|-damage|p1a: Slither Wing|0 fnt
|faint|p1a: Slither Wing
|-end|p1a: Slither Wing|Protosynthesis|[silent]
|
|win|mafuyuyume
|raw|omari p's rating: 1542 &rarr; <strong>1522</strong><br />(-20 for losing)
|raw|mafuyuyume's rating: 1550 &rarr; <strong>1570</strong><br />(+20 for winning)
|c|☆mafuyuyume|ggg
