|j|☆kefka ffxiv
|j|☆tony urbadaliano
|t:|1781065760
|gametype|singles
|player|p1|kefka ffxiv|roxie|1559
|player|p2|tony urbadaliano|hooligans|1491
|gen|9
|tier|[Gen 9] OU
|rated|
|rule|HP Percentage Mod: HP is shown in percentages
|rule|Endless Battle Clause: Forcing endless battles is banned
|rule|Species Clause: Limit one of each Pokémon
|rule|OHKO Clause: OHKO moves are banned
|rule|Evasion Items Clause: Evasion items are banned
|rule|Evasion Moves Clause: Evasion moves are banned
|rule|Evasion Abilities Clause: Evasion abilities are banned
|rule|Sleep Moves Clause: Sleep-inducing moves are banned
|clearpoke
|poke|p1|Tinkaton, F|
|poke|p1|Ogerpon, F|
|poke|p1|Great Tusk|
|poke|p1|Pecharunt|
|poke|p1|Alomomola, M|
|poke|p1|Hydreigon, M|
|poke|p2|Iron Valiant|
|poke|p2|Latias, F|
|poke|p2|Kingambit, M|
|poke|p2|Cinderace, F|
|poke|p2|Ogerpon-Wellspring, F|
|poke|p2|Landorus-Therian, M|
|teampreview
|inactive|Battle timer is ON: inactive players will automatically lose when time's up. (requested by tony urbadaliano)
|
|t:|1781065769
|teamsize|p1|6
|teamsize|p2|6
|start
|switch|p1a: Hybrid|Hydreigon, M, shiny|100/100
|switch|p2a: cLOUDDEAD|Landorus-Therian, M|100/100
|-ability|p2a: cLOUDDEAD|Intimidate|boost
|-unboost|p1a: Hybrid|atk|1
|turn|1
|
|t:|1781065781
|move|p1a: Hybrid|Flash Cannon|p2a: cLOUDDEAD
|-damage|p2a: cLOUDDEAD|58/100
|move|p2a: cLOUDDEAD|Taunt|p1a: Hybrid
|-start|p1a: Hybrid|move: Taunt
|
|upkeep
|turn|2
|
|t:|1781065791
|move|p1a: Hybrid|Flash Cannon|p2a: cLOUDDEAD
|-damage|p2a: cLOUDDEAD|18/100
|move|p2a: cLOUDDEAD|U-turn|p1a: Hybrid
|-supereffective|p1a: Hybrid
|-damage|p1a: Hybrid|48/100
|
|t:|1781065803
|switch|p2a: Loveless|Iron Valiant|100/100|[from] U-turn
|
|upkeep
|turn|3
|
|t:|1781065810
|switch|p1a: Pisces|Alomomola, M, shiny|100/100
|move|p2a: Loveless|Moonblast|p1a: Pisces
|-damage|p1a: Pisces|68/100
|
|upkeep
|turn|4
|
|t:|1781065817
|-end|p2a: Loveless|Quark Drive|[silent]
|switch|p2a: The Blue Mask|Ogerpon-Wellspring, F|100/100
|move|p1a: Pisces|Flip Turn|p2a: The Blue Mask
|-immune|p2a: The Blue Mask|[from] ability: Water Absorb
|
|upkeep
|turn|5
|
|t:|1781065822
|switch|p1a: Anonymous|Ogerpon, F|100/100
|move|p2a: The Blue Mask|Knock Off|p1a: Anonymous
|-damage|p1a: Anonymous|47/100
|-enditem|p1a: Anonymous|Choice Band|[from] move: Knock Off|[of] p2a: The Blue Mask
|
|upkeep
|turn|6
|
|t:|1781065832
|-terastallize|p1a: Anonymous|Grass
|detailschange|p1a: Anonymous|Ogerpon-Teal-Tera, F, tera:Grass
|-ability|p1a: Anonymous|Embody Aspect (Teal)|boost
|-boost|p1a: Anonymous|spe|1
|move|p1a: Anonymous|U-turn|p2a: The Blue Mask
|-supereffective|p2a: The Blue Mask
|-damage|p2a: The Blue Mask|38/100
|
|t:|1781065842
|switch|p1a: Smile.exe|Tinkaton, F, shiny|100/100|[from] U-turn
|-item|p1a: Smile.exe|Air Balloon
|move|p2a: The Blue Mask|U-turn|p1a: Smile.exe
|-resisted|p1a: Smile.exe
|-damage|p1a: Smile.exe|91/100
|-enditem|p1a: Smile.exe|Air Balloon
|
|t:|1781065855
|switch|p2a: Firestarter|Cinderace, F|100/100|[from] U-turn
|
|upkeep
|turn|7
|
|t:|1781065860
|switch|p1a: Overseer|Pecharunt|100/100
|move|p2a: Firestarter|Pyro Ball|p1a: Overseer
|-damage|p1a: Overseer|78/100
|
|upkeep
|turn|8
|
|t:|1781065862
|move|p2a: Firestarter|U-turn|p1a: Overseer
|-resisted|p1a: Overseer
|-damage|p1a: Overseer|76/100
|-damage|p2a: Firestarter|84/100|[from] item: Rocky Helmet|[of] p1a: Overseer
|
|t:|1781065864
|switch|p2a: Crimson King|Kingambit, M|100/100|[from] U-turn
|move|p1a: Overseer|Parting Shot|p2a: Crimson King
|-unboost|p2a: Crimson King|atk|1
|-ability|p2a: Crimson King|Defiant|boost
|-boost|p2a: Crimson King|atk|2
|-unboost|p2a: Crimson King|spa|1
|-ability|p2a: Crimson King|Defiant|boost
|-boost|p2a: Crimson King|atk|2
|
|t:|1781065872
|switch|p1a: Behemoth|Great Tusk, shiny|100/100|[from] Parting Shot
|
|upkeep
|turn|9
|
|t:|1781065879
|switch|p2a: cLOUDDEAD|Landorus-Therian, M|18/100
|-ability|p2a: cLOUDDEAD|Intimidate|boost
|-unboost|p1a: Behemoth|atk|1
|move|p1a: Behemoth|Close Combat|p2a: cLOUDDEAD
|-resisted|p2a: cLOUDDEAD
|-damage|p2a: cLOUDDEAD|0 fnt
|-unboost|p1a: Behemoth|def|1
|-unboost|p1a: Behemoth|spd|1
|-damage|p1a: Behemoth|84/100|[from] item: Rocky Helmet|[of] p2a: cLOUDDEAD
|faint|p2a: cLOUDDEAD
|
|upkeep
|
|t:|1781065885
|switch|p2a: Lodi Dodi|Latias, F|100/100
|turn|10
|
|t:|1781065906
|-end|p1a: Behemoth|Protosynthesis|[silent]
|switch|p1a: Smile.exe|Tinkaton, F, shiny|91/100
|move|p2a: Lodi Dodi|Agility|p2a: Lodi Dodi
|-boost|p2a: Lodi Dodi|spe|2
|
|upkeep
|turn|11
|
|t:|1781065913
|switch|p2a: Firestarter|Cinderace, F|84/100
|move|p1a: Smile.exe|Encore||[still]
|-fail|p1a: Smile.exe
|
|upkeep
|turn|12
|
|t:|1781065920
|move|p2a: Firestarter|Pyro Ball|p1a: Smile.exe
|-supereffective|p1a: Smile.exe
|-damage|p1a: Smile.exe|0 fnt
|faint|p1a: Smile.exe
|
|upkeep
|
|t:|1781065924
|switch|p1a: Anonymous|Ogerpon-Teal-Tera, F, tera:Grass|47/100
|-ability|p1a: Anonymous|Embody Aspect (Teal)|boost
|-boost|p1a: Anonymous|spe|1
|turn|13
|
|t:|1781065946
|move|p1a: Anonymous|U-turn|p2a: Firestarter
|-resisted|p2a: Firestarter
|-damage|p2a: Firestarter|69/100
|
|t:|1781065948
|switch|p1a: Overseer|Pecharunt|76/100|[from] U-turn
|move|p2a: Firestarter|U-turn|p1a: Overseer
|-resisted|p1a: Overseer
|-damage|p1a: Overseer|74/100
|-damage|p2a: Firestarter|52/100|[from] item: Rocky Helmet|[of] p1a: Overseer
|
|t:|1781065962
|switch|p2a: Crimson King|Kingambit, M|100/100|[from] U-turn
|
|upkeep
|turn|14
|
|t:|1781065966
|switch|p1a: Behemoth|Great Tusk, shiny|84/100
|move|p2a: Crimson King|Kowtow Cleave|p1a: Behemoth
|-resisted|p1a: Behemoth
|-damage|p1a: Behemoth|66/100
|
|upkeep
|turn|15
|
|t:|1781065976
|switch|p2a: Lodi Dodi|Latias, F|100/100
|move|p1a: Behemoth|Ice Spinner|p2a: Lodi Dodi
|-supereffective|p2a: Lodi Dodi
|-damage|p2a: Lodi Dodi|59/100
|-enditem|p2a: Lodi Dodi|Weakness Policy
|-boost|p2a: Lodi Dodi|atk|2|[from] item: Weakness Policy
|-boost|p2a: Lodi Dodi|spa|2|[from] item: Weakness Policy
|
|upkeep
|turn|16
|
|t:|1781065984
|move|p1a: Behemoth|Ice Spinner|p2a: Lodi Dodi
|-supereffective|p2a: Lodi Dodi
|-damage|p2a: Lodi Dodi|15/100
|move|p2a: Lodi Dodi|Agility|p2a: Lodi Dodi
|-boost|p2a: Lodi Dodi|spe|2
|
|upkeep
|turn|17
|
|t:|1781065989
|-terastallize|p2a: Lodi Dodi|Fairy
|move|p2a: Lodi Dodi|Draining Kiss|p1a: Behemoth
|-supereffective|p1a: Behemoth
|-damage|p1a: Behemoth|0 fnt
|-heal|p2a: Lodi Dodi|65/100|[from] drain|[of] p1a: Behemoth
|faint|p1a: Behemoth
|-end|p1a: Behemoth|Protosynthesis|[silent]
|
|upkeep
|
|t:|1781065993
|switch|p1a: Overseer|Pecharunt|74/100
|turn|18
|
|t:|1781065996
|move|p2a: Lodi Dodi|Stored Power|p1a: Overseer
|-supereffective|p1a: Overseer
|-damage|p1a: Overseer|0 fnt
|faint|p1a: Overseer
|
|upkeep
|-message|kefka ffxiv forfeited.
|
|win|tony urbadaliano
|raw|kefka ffxiv's rating: 1559 &rarr; <strong>1535</strong><br />(-24 for losing)
|raw|tony urbadaliano's rating: 1491 &rarr; <strong>1515</strong><br />(+24 for winning)
|l|☆kefka ffxiv
|player|p1|
