|j|☆JacquesDeAlderberg
|j|☆fifodrummer
|t:|1781080669
|gametype|singles
|player|p1|JacquesDeAlderberg|265|1584
|player|p2|fifodrummer|pokemaniac|1517
|gen|9
|tier|[Gen 9] OU
|rated|
|rule|HP Percentage Mod: HP is shown in percentages
|rule|Endless Battle Clause: Forcing endless battles is banned
|rule|Species Clause: Limit one of each Pokémon
|rule|OHKO Clause: OHKO moves are banned
|rule|Evasion Items Clause: Evasion items are banned
|rule|Evasion Moves Clause: Evasion moves are banned
|rule|Evasion Abilities Clause: Evasion abilities are banned
|rule|Sleep Moves Clause: Sleep-inducing moves are banned
|clearpoke
|poke|p1|Clodsire, F|
|poke|p1|Conkeldurr, M|
|poke|p1|Zapdos|
|poke|p1|Ceruledge, F|
|poke|p1|Skarmory, F|
|poke|p1|Sinistcha|
|poke|p2|Pelipper, M|
|poke|p2|Raging Bolt|
|poke|p2|Overqwil, M|
|poke|p2|Ogerpon-Wellspring, F|
|poke|p2|Scizor, M|
|poke|p2|Kingdra, F|
|teampreview
|inactive|Battle timer is ON: inactive players will automatically lose when time's up. (requested by fifodrummer)
|
|t:|1781080689
|teamsize|p1|6
|teamsize|p2|6
|start
|switch|p1a: Conkeldurr|Conkeldurr, M|100/100
|switch|p2a: The Mask|Ogerpon-Wellspring, F|100/100
|turn|1
|
|t:|1781080695
|move|p2a: The Mask|Swords Dance|p2a: The Mask
|-boost|p2a: The Mask|atk|2
|move|p1a: Conkeldurr|Drain Punch|p2a: The Mask
|-damage|p2a: The Mask|55/100
|
|upkeep
|turn|2
|
|t:|1781080705
|switch|p1a: Clodsire|Clodsire, F|100/100
|-terastallize|p2a: The Mask|Water
|detailschange|p2a: The Mask|Ogerpon-Wellspring-Tera, F, tera:Water
|-ability|p2a: The Mask|Embody Aspect (Wellspring)|boost
|-boost|p2a: The Mask|spd|1
|move|p2a: The Mask|Ivy Cudgel|p1a: Clodsire|[anim] Ivy Cudgel Water
|-immune|p1a: Clodsire|[from] ability: Water Absorb
|
|upkeep
|turn|3
|
|t:|1781080716
|switch|p1a: Sinistcha|Sinistcha|100/100
|move|p2a: The Mask|Horn Leech|p1a: Sinistcha
|-resisted|p1a: Sinistcha
|-damage|p1a: Sinistcha|69/100
|-heal|p2a: The Mask|73/100|[from] drain|[of] p1a: Sinistcha
|
|upkeep
|turn|4
|
|t:|1781080724
|move|p2a: The Mask|Ivy Cudgel|p1a: Sinistcha|[anim] Ivy Cudgel Water
|-resisted|p1a: Sinistcha
|-damage|p1a: Sinistcha|12/100
|move|p1a: Sinistcha|Matcha Gotcha|p2a: The Mask
|-supereffective|p2a: The Mask
|-damage|p2a: The Mask|20/100
|-heal|p1a: Sinistcha|35/100|[from] drain|[of] p2a: The Mask
|-status|p2a: The Mask|brn
|
|-damage|p2a: The Mask|14/100 brn|[from] brn
|upkeep
|turn|5
|
|t:|1781080736
|move|p2a: The Mask|Ivy Cudgel|p1a: Sinistcha|[anim] Ivy Cudgel Water
|-resisted|p1a: Sinistcha
|-damage|p1a: Sinistcha|8/100
|move|p1a: Sinistcha|Strength Sap|p2a: The Mask
|-unboost|p2a: The Mask|atk|1
|-heal|p1a: Sinistcha|100/100
|
|-damage|p2a: The Mask|8/100 brn|[from] brn
|upkeep
|turn|6
|
|t:|1781080746
|switch|p2a: Iron Claw|Scizor, M, shiny|100/100
|move|p1a: Sinistcha|Strength Sap|p2a: Iron Claw
|-unboost|p2a: Iron Claw|atk|1
|
|upkeep
|turn|7
|
|t:|1781080753
|switch|p1a: Skarmory|Skarmory, F|100/100
|move|p2a: Iron Claw|Swords Dance|p2a: Iron Claw
|-boost|p2a: Iron Claw|atk|2
|
|upkeep
|turn|8
|
|t:|1781080759
|move|p2a: Iron Claw|Swords Dance|p2a: Iron Claw
|-boost|p2a: Iron Claw|atk|2
|move|p1a: Skarmory|Whirlwind|p2a: Iron Claw
|drag|p2a: Nigel|Pelipper, M|100/100
|-weather|RainDance|[from] ability: Drizzle|[of] p2a: Nigel
|
|-weather|RainDance|[upkeep]
|upkeep
|turn|9
|
|t:|1781080768
|move|p1a: Skarmory|Spikes|p2a: Nigel
|-sidestart|p2: fifodrummer|Spikes
|move|p2a: Nigel|U-turn|p1a: Skarmory
|-resisted|p1a: Skarmory
|-damage|p1a: Skarmory|99/100
|
|t:|1781080775
|switch|p2a: Spike|Overqwil, M, shiny|100/100|[from] U-turn
|-damage|p2a: Spike|88/100|[from] Spikes
|
|-weather|RainDance|[upkeep]
|-heal|p1a: Skarmory|100/100|[from] item: Leftovers
|upkeep
|turn|10
|
|t:|1781080782
|move|p2a: Spike|Liquidation|p1a: Skarmory
|-damage|p1a: Skarmory|56/100
|-damage|p2a: Spike|78/100|[from] item: Life Orb
|move|p1a: Skarmory|Whirlwind|p2a: Spike
|drag|p2a: Iron Claw|Scizor, M, shiny|100/100
|
|-weather|RainDance|[upkeep]
|-heal|p1a: Skarmory|62/100|[from] item: Leftovers
|upkeep
|turn|11
|
|t:|1781080793
|move|p1a: Skarmory|Roost|p1a: Skarmory
|-heal|p1a: Skarmory|100/100
|-singleturn|p1a: Skarmory|move: Roost
|move|p2a: Iron Claw|Defog|p1a: Skarmory
|-unboost|p1a: Skarmory|evasion|1
|-sideend|p2: fifodrummer|Spikes|[from] move: Defog|[of] p2a: Iron Claw
|
|-weather|RainDance|[upkeep]
|upkeep
|turn|12
|
|t:|1781080803
|move|p1a: Skarmory|Brave Bird|p2a: Iron Claw
|-damage|p2a: Iron Claw|70/100
|-damage|p1a: Skarmory|92/100|[from] Recoil
|move|p2a: Iron Claw|Swords Dance|p2a: Iron Claw
|-boost|p2a: Iron Claw|atk|2
|
|-weather|RainDance|[upkeep]
|-heal|p1a: Skarmory|98/100|[from] item: Leftovers
|upkeep
|turn|13
|
|t:|1781080812
|move|p2a: Iron Claw|Dual Wingbeat|p1a: Skarmory
|-resisted|p1a: Skarmory
|-damage|p1a: Skarmory|81/100
|-resisted|p1a: Skarmory
|-damage|p1a: Skarmory|65/100
|-hitcount|p1a: Skarmory|2
|move|p1a: Skarmory|Whirlwind|p2a: Iron Claw
|drag|p2a: High AF|Raging Bolt|100/100
|
|-weather|RainDance|[upkeep]
|-heal|p1a: Skarmory|71/100|[from] item: Leftovers
|upkeep
|turn|14
|
|t:|1781080824
|move|p2a: High AF|Volt Switch|p1a: Skarmory
|-supereffective|p1a: Skarmory
|-damage|p1a: Skarmory|0 fnt
|faint|p1a: Skarmory
|
|t:|1781080829
|-end|p2a: High AF|Protosynthesis|[silent]
|switch|p2a: Spike|Overqwil, M, shiny|78/100|[from] Volt Switch
|
|-weather|RainDance|[upkeep]
|upkeep
|
|t:|1781080838
|switch|p1a: Zapdos|Zapdos|100/100
|-ability|p1a: Zapdos|Pressure
|turn|15
|
|t:|1781080842
|move|p2a: Spike|Poison Jab|p1a: Zapdos
|-damage|p1a: Zapdos|31/100
|-status|p1a: Zapdos|psn
|-damage|p2a: Spike|68/100|[from] item: Life Orb
|move|p1a: Zapdos|Volt Switch|p2a: Spike
|-damage|p2a: Spike|10/100
|
|t:|1781080848
|switch|p1a: Clodsire|Clodsire, F|100/100|[from] Volt Switch
|
|-weather|none
|upkeep
|turn|16
|
|t:|1781080855
|switch|p2a: Iron Claw|Scizor, M, shiny|70/100
|move|p1a: Clodsire|Stealth Rock|p2a: Iron Claw
|-sidestart|p2: fifodrummer|move: Stealth Rock
|
|upkeep
|turn|17
|
|t:|1781080861
|switch|p1a: Ceruledge|Ceruledge, F|100/100
|move|p2a: Iron Claw|Swords Dance|p2a: Iron Claw
|-boost|p2a: Iron Claw|atk|2
|
|upkeep
|turn|18
|
|t:|1781080867
|move|p1a: Ceruledge|Bitter Blade|p2a: Iron Claw
|-supereffective|p2a: Iron Claw
|-damage|p2a: Iron Claw|0 fnt
|faint|p2a: Iron Claw
|
|upkeep
|
|t:|1781080873
|switch|p2a: High AF|Raging Bolt|100/100
|-damage|p2a: High AF|88/100|[from] Stealth Rock
|turn|19
|
|t:|1781080881
|switch|p1a: Clodsire|Clodsire, F|100/100
|move|p2a: High AF|Dragon Pulse|p1a: Clodsire
|-damage|p1a: Clodsire|69/100
|
|-heal|p1a: Clodsire|75/100|[from] item: Leftovers
|upkeep
|turn|20
|
|t:|1781080889
|move|p2a: High AF|Dragon Pulse|p1a: Clodsire
|-damage|p1a: Clodsire|41/100
|move|p1a: Clodsire|Recover|p1a: Clodsire
|-heal|p1a: Clodsire|91/100
|
|-heal|p1a: Clodsire|97/100|[from] item: Leftovers
|upkeep
|turn|21
|
|t:|1781080898
|-end|p2a: High AF|Protosynthesis|[silent]
|switch|p2a: Nigel|Pelipper, M|100/100
|-damage|p2a: Nigel|76/100|[from] Stealth Rock
|-weather|RainDance|[from] ability: Drizzle|[of] p2a: Nigel
|move|p1a: Clodsire|Toxic|p2a: Nigel
|-status|p2a: Nigel|tox
|
|-weather|RainDance|[upkeep]
|-heal|p1a: Clodsire|100/100|[from] item: Leftovers
|-damage|p2a: Nigel|70/100 tox|[from] psn
|upkeep
|turn|22
|
|t:|1781080911
|switch|p1a: Zapdos|Zapdos|31/100 psn
|-ability|p1a: Zapdos|Pressure
|move|p2a: Nigel|U-turn|p1a: Zapdos
|-resisted|p1a: Zapdos
|-damage|p1a: Zapdos|26/100 psn
|
|t:|1781080924
|switch|p2a: High AF|Raging Bolt|88/100|[from] U-turn
|-damage|p2a: High AF|76/100|[from] Stealth Rock
|
|-weather|RainDance|[upkeep]
|-damage|p1a: Zapdos|13/100 psn|[from] psn
|upkeep
|turn|23
|
|t:|1781080932
|move|p2a: High AF|Dragon Pulse|p1a: Zapdos
|-damage|p1a: Zapdos|0 fnt
|faint|p1a: Zapdos
|
|-weather|RainDance|[upkeep]
|upkeep
|
|t:|1781080936
|switch|p1a: Conkeldurr|Conkeldurr, M|100/100
|turn|24
|
|t:|1781080941
|move|p2a: High AF|Dragon Pulse|p1a: Conkeldurr
|-damage|p1a: Conkeldurr|72/100
|move|p1a: Conkeldurr|Ice Punch|p2a: High AF
|-supereffective|p2a: High AF
|-damage|p2a: High AF|32/100
|
|-weather|RainDance|[upkeep]
|upkeep
|turn|25
|
|t:|1781080949
|-end|p2a: High AF|Protosynthesis|[silent]
|switch|p2a: The Mask|Ogerpon-Wellspring-Tera, F, tera:Water|8/100 brn
|-damage|p2a: The Mask|0 fnt|[from] Stealth Rock
|faint|p2a: The Mask
|detailschange|p2: The Mask|Ogerpon-Wellspring, F|[silent]
|move|p1a: Conkeldurr|Knock Off|p2: The Mask|[notarget]
|-fail|p1a: Conkeldurr
|
|-weather|RainDance|[upkeep]
|upkeep
|
|t:|1781080959
|switch|p2a: I'm a Dragon!?|Kingdra, F|100/100
|-damage|p2a: I'm a Dragon!?|88/100|[from] Stealth Rock
|turn|26
|
|t:|1781080965
|move|p2a: I'm a Dragon!?|Hurricane|p1a: Conkeldurr
|-supereffective|p1a: Conkeldurr
|-damage|p1a: Conkeldurr|14/100
|-start|p1a: Conkeldurr|confusion
|-activate|p1a: Conkeldurr|confusion
|move|p1a: Conkeldurr|Drain Punch|p2a: I'm a Dragon!?
|-damage|p2a: I'm a Dragon!?|40/100
|-heal|p1a: Conkeldurr|31/100|[from] drain|[of] p2a: I'm a Dragon!?
|
|-weather|RainDance|[upkeep]
|upkeep
|turn|27
|
|t:|1781080976
|-activate|p1a: Conkeldurr|confusion
|move|p1a: Conkeldurr|Mach Punch|p2a: I'm a Dragon!?
|-damage|p2a: I'm a Dragon!?|17/100
|move|p2a: I'm a Dragon!?|Hurricane|p1a: Conkeldurr
|-supereffective|p1a: Conkeldurr
|-damage|p1a: Conkeldurr|0 fnt
|faint|p1a: Conkeldurr
|
|-weather|RainDance|[upkeep]
|upkeep
|
|t:|1781080984
|switch|p1a: Ceruledge|Ceruledge, F|100/100
|turn|28
|
|t:|1781080988
|move|p1a: Ceruledge|Shadow Sneak|p2a: I'm a Dragon!?
|-damage|p2a: I'm a Dragon!?|0 fnt
|faint|p2a: I'm a Dragon!?
|
|-weather|none
|upkeep
|
|t:|1781080994
|switch|p2a: Nigel|Pelipper, M|70/100 tox
|-damage|p2a: Nigel|45/100 tox|[from] Stealth Rock
|-weather|RainDance|[from] ability: Drizzle|[of] p2a: Nigel
|turn|29
|
|t:|1781080999
|switch|p1a: Clodsire|Clodsire, F|100/100
|move|p2a: Nigel|Surf|p1a: Clodsire
|-immune|p1a: Clodsire|[from] ability: Water Absorb
|
|-weather|RainDance|[upkeep]
|-damage|p2a: Nigel|39/100 tox|[from] psn
|upkeep
|turn|30
|
|t:|1781081008
|switch|p2a: Spike|Overqwil, M, shiny|10/100
|-damage|p2a: Spike|0 fnt|[from] Stealth Rock
|faint|p2a: Spike
|move|p1a: Clodsire|Earthquake|p2: Spike|[notarget]
|-fail|p1a: Clodsire
|
|-weather|RainDance|[upkeep]
|upkeep
|c|☆fifodrummer|Ggs
|
|t:|1781081017
|switch|p2a: High AF|Raging Bolt|32/100
|-damage|p2a: High AF|20/100|[from] Stealth Rock
|turn|31
|c|☆JacquesDeAlderberg|gg
|
|t:|1781081021
|move|p2a: High AF|Dragon Pulse|p1a: Clodsire
|-damage|p1a: Clodsire|66/100
|move|p1a: Clodsire|Recover|p1a: Clodsire
|-heal|p1a: Clodsire|100/100
|
|-weather|RainDance|[upkeep]
|upkeep
|turn|32
|
|t:|1781081028
|move|p2a: High AF|Dragon Pulse|p1a: Clodsire
|-damage|p1a: Clodsire|68/100
|move|p1a: Clodsire|Earthquake|p2a: High AF
|-supereffective|p2a: High AF
|-damage|p2a: High AF|0 fnt
|faint|p2a: High AF
|-end|p2a: High AF|Protosynthesis|[silent]
|
|-weather|RainDance|[upkeep]
|-heal|p1a: Clodsire|74/100|[from] item: Leftovers
|upkeep
|
|t:|1781081038
|switch|p2a: Nigel|Pelipper, M|39/100 tox
|-damage|p2a: Nigel|14/100 tox|[from] Stealth Rock
|turn|33
|
|t:|1781081042
|move|p2a: Nigel|Ice Beam|p1a: Clodsire
|-supereffective|p1a: Clodsire
|-damage|p1a: Clodsire|48/100
|move|p1a: Clodsire|Earthquake|p2a: Nigel
|-immune|p2a: Nigel
|
|-weather|RainDance|[upkeep]
|-heal|p1a: Clodsire|54/100|[from] item: Leftovers
|-damage|p2a: Nigel|8/100 tox|[from] psn
|upkeep
|turn|34
|
|t:|1781081052
|move|p2a: Nigel|Ice Beam|p1a: Clodsire
|-supereffective|p1a: Clodsire
|-damage|p1a: Clodsire|28/100
|move|p1a: Clodsire|Earthquake|p2a: Nigel
|-immune|p2a: Nigel
|
|-weather|RainDance|[upkeep]
|-heal|p1a: Clodsire|34/100|[from] item: Leftovers
|-damage|p2a: Nigel|0 fnt|[from] psn
|faint|p2a: Nigel
|
|win|JacquesDeAlderberg
|raw|JacquesDeAlderberg's rating: 1584 &rarr; <strong>1600</strong><br />(+16 for winning)
|raw|fifodrummer's rating: 1517 &rarr; <strong>1501</strong><br />(-16 for losing)
|l|☆JacquesDeAlderberg
|player|p1|
