|j|☆soboredqwa
|j|☆Streshyix
|t:|1780989340
|gametype|singles
|player|p1|soboredqwa|wallace|1537
|player|p2|Streshyix|hugh|1533
|gen|9
|tier|[Gen 9] OU
|rated|
|rule|HP Percentage Mod: HP is shown in percentages
|rule|Endless Battle Clause: Forcing endless battles is banned
|rule|Species Clause: Limit one of each Pokémon
|rule|OHKO Clause: OHKO moves are banned
|rule|Evasion Items Clause: Evasion items are banned
|rule|Evasion Moves Clause: Evasion moves are banned
|rule|Evasion Abilities Clause: Evasion abilities are banned
|rule|Sleep Moves Clause: Sleep-inducing moves are banned
|clearpoke
|poke|p1|Iron Moth|
|poke|p1|Gliscor, M|
|poke|p1|Hatterene, F|
|poke|p1|Ogerpon-Wellspring, F|
|poke|p1|Raging Bolt|
|poke|p1|Zamazenta-*|
|poke|p2|Iron Valiant|
|poke|p2|Hydrapple, M|
|poke|p2|Dragapult, F|
|poke|p2|Moltres-Galar|
|poke|p2|Hatterene, F|
|poke|p2|Iron Treads|
|teampreview
|inactive|Battle timer is ON: inactive players will automatically lose when time's up. (requested by Streshyix)
|inactive|soboredqwa also wants the timer to be on.
|inactive|Streshyix has 120 seconds left.
|
|t:|1780989385
|teamsize|p1|6
|teamsize|p2|6
|start
|switch|p1a: Zamazenta|Zamazenta|100/100
|switch|p2a: Dragapult|Dragapult, F, shiny|100/100
|-ability|p1a: Zamazenta|Dauntless Shield|boost
|-boost|p1a: Zamazenta|def|1
|turn|1
|
|t:|1780989391
|move|p2a: Dragapult|Will-O-Wisp|p1a: Zamazenta
|-status|p1a: Zamazenta|brn
|move|p1a: Zamazenta|Ice Fang|p2a: Dragapult
|-supereffective|p2a: Dragapult
|-damage|p2a: Dragapult|77/100
|
|-damage|p1a: Zamazenta|94/100 brn|[from] brn
|upkeep
|turn|2
|
|t:|1780989396
|move|p2a: Dragapult|Will-O-Wisp|p1a: Zamazenta
|-fail|p1a: Zamazenta|brn
|move|p1a: Zamazenta|Reflect|p1a: Zamazenta
|-sidestart|p1: soboredqwa|Reflect
|
|-damage|p1a: Zamazenta|88/100 brn|[from] brn
|upkeep
|turn|3
|
|t:|1780989399
|move|p2a: Dragapult|Hex|p1a: Zamazenta
|-damage|p1a: Zamazenta|45/100 brn
|move|p1a: Zamazenta|Light Screen|p1a: Zamazenta
|-sidestart|p1: soboredqwa|move: Light Screen
|
|-damage|p1a: Zamazenta|39/100 brn|[from] brn
|upkeep
|turn|4
|
|t:|1780989404
|switch|p1a: Iron Moth|Iron Moth|100/100
|-enditem|p1a: Iron Moth|Booster Energy
|-activate|p1a: Iron Moth|ability: Quark Drive|[fromitem]
|-start|p1a: Iron Moth|quarkdrivespe
|move|p2a: Dragapult|Will-O-Wisp|p1a: Iron Moth
|-immune|p1a: Iron Moth
|
|upkeep
|turn|5
|
|t:|1780989422
|switch|p2a: Hatterene|Hatterene, F|100/100
|move|p1a: Iron Moth|Toxic Spikes|p2a: Hatterene
|move|p2a: Hatterene|Toxic Spikes|p1a: Iron Moth|[from] ability: Magic Bounce
|-sidestart|p1: soboredqwa|move: Toxic Spikes
|
|upkeep
|turn|6
|
|t:|1780989437
|-terastallize|p2a: Hatterene|Water
|move|p1a: Iron Moth|Toxic Spikes|p2a: Hatterene
|move|p2a: Hatterene|Toxic Spikes|p1a: Iron Moth|[from] ability: Magic Bounce
|-sidestart|p1: soboredqwa|move: Toxic Spikes
|move|p2a: Hatterene|Psyshock|p1a: Iron Moth
|-supereffective|p1a: Iron Moth
|-damage|p1a: Iron Moth|30/100
|
|upkeep
|turn|7
|
|t:|1780989450
|-end|p1a: Iron Moth|Quark Drive|[silent]
|switch|p1a: Gliscor|Gliscor, M|100/100
|move|p2a: Hatterene|Psyshock|p1a: Gliscor
|-damage|p1a: Gliscor|82/100
|
|-status|p1a: Gliscor|tox|[from] item: Toxic Orb
|upkeep
|turn|8
|inactive|Streshyix has 120 seconds left.
|
|t:|1780989477
|switch|p1a: Iron Moth|Iron Moth|30/100
|-sideend|p1: soboredqwa|move: Toxic Spikes|[of] p1a: Iron Moth
|move|p2a: Hatterene|Draining Kiss|p1a: Iron Moth
|-resisted|p1a: Iron Moth
|-damage|p1a: Iron Moth|26/100
|
|upkeep
|turn|9
|
|t:|1780989484
|move|p1a: Iron Moth|Sludge Wave|p2a: Hatterene
|-damage|p2a: Hatterene|72/100
|move|p2a: Hatterene|Psyshock|p1a: Iron Moth
|-supereffective|p1a: Iron Moth
|-damage|p1a: Iron Moth|0 fnt
|faint|p1a: Iron Moth
|-end|p1a: Iron Moth|Quark Drive|[silent]
|
|-sideend|p1: soboredqwa|Reflect
|upkeep
|
|t:|1780989496
|switch|p1a: Ogerpon|Ogerpon-Wellspring, F|100/100
|turn|10
|
|t:|1780989499
|move|p1a: Ogerpon|Swords Dance|p1a: Ogerpon
|-boost|p1a: Ogerpon|atk|2
|move|p2a: Hatterene|Nuzzle|p1a: Ogerpon
|-damage|p1a: Ogerpon|96/100
|-status|p1a: Ogerpon|par
|
|-sideend|p1: soboredqwa|move: Light Screen
|upkeep
|turn|11
|
|t:|1780989502
|cant|p1a: Ogerpon|par
|move|p2a: Hatterene|Psyshock|p1a: Ogerpon
|-damage|p1a: Ogerpon|35/100 par
|
|upkeep
|turn|12
|
|t:|1780989507
|cant|p1a: Ogerpon|par
|move|p2a: Hatterene|Psyshock|p1a: Ogerpon
|-damage|p1a: Ogerpon|0 fnt
|faint|p1a: Ogerpon
|
|upkeep
|
|t:|1780989513
|switch|p1a: Raging Bolt|Raging Bolt|100/100
|-enditem|p1a: Raging Bolt|Booster Energy
|-activate|p1a: Raging Bolt|ability: Protosynthesis|[fromitem]
|-start|p1a: Raging Bolt|protosynthesisspa
|turn|13
|
|t:|1780989522
|switch|p2a: Iron Treads|Iron Treads|100/100
|-enditem|p2a: Iron Treads|Booster Energy
|-activate|p2a: Iron Treads|ability: Quark Drive|[fromitem]
|-start|p2a: Iron Treads|quarkdrivespe
|move|p1a: Raging Bolt|Dragon Pulse|p2a: Iron Treads
|-resisted|p2a: Iron Treads
|-damage|p2a: Iron Treads|50/100
|
|upkeep
|turn|14
|
|t:|1780989544
|move|p2a: Iron Treads|Earthquake|p1a: Raging Bolt
|-supereffective|p1a: Raging Bolt
|-damage|p1a: Raging Bolt|14/100
|move|p1a: Raging Bolt|Dragon Pulse|p2a: Iron Treads
|-resisted|p2a: Iron Treads
|-damage|p2a: Iron Treads|3/100
|
|upkeep
|turn|15
|
|t:|1780989547
|move|p2a: Iron Treads|Knock Off|p1a: Raging Bolt
|-damage|p1a: Raging Bolt|0 fnt
|faint|p1a: Raging Bolt
|-end|p1a: Raging Bolt|Protosynthesis|[silent]
|
|upkeep
|
|t:|1780989551
|switch|p1a: Gliscor|Gliscor, M|82/100 tox
|turn|16
|
|t:|1780989556
|move|p2a: Iron Treads|Stealth Rock|p1a: Gliscor
|-sidestart|p1: soboredqwa|move: Stealth Rock
|move|p1a: Gliscor|Swords Dance|p1a: Gliscor
|-boost|p1a: Gliscor|atk|2
|
|-heal|p1a: Gliscor|95/100 tox|[from] ability: Poison Heal
|upkeep
|turn|17
|
|t:|1780989567
|-end|p2a: Iron Treads|Quark Drive|[silent]
|switch|p2a: Hydrapple|Hydrapple, M, shiny|100/100
|move|p1a: Gliscor|Agility|p1a: Gliscor
|-boost|p1a: Gliscor|spe|2
|
|-heal|p1a: Gliscor|100/100 tox|[from] ability: Poison Heal
|upkeep
|turn|18
|
|t:|1780989575
|-terastallize|p1a: Gliscor|Normal
|move|p1a: Gliscor|Facade|p2a: Hydrapple
|-damage|p2a: Hydrapple|34/100
|move|p2a: Hydrapple|Nasty Plot|p2a: Hydrapple
|-boost|p2a: Hydrapple|spa|2
|
|upkeep
|turn|19
|
|t:|1780989583
|move|p1a: Gliscor|Facade|p2a: Hydrapple
|-damage|p2a: Hydrapple|0 fnt
|faint|p2a: Hydrapple
|
|upkeep
|
|t:|1780989595
|switch|p2a: Moltres|Moltres-Galar, shiny|100/100
|turn|20
|
|t:|1780989604
|move|p1a: Gliscor|Facade|p2a: Moltres
|-damage|p2a: Moltres|0 fnt
|faint|p2a: Moltres
|
|upkeep
|
|t:|1780989615
|switch|p2a: Dragapult|Dragapult, F, shiny|77/100
|turn|21
|
|t:|1780989622
|move|p1a: Gliscor|Earthquake|p2a: Dragapult
|-damage|p2a: Dragapult|0 fnt
|faint|p2a: Dragapult
|
|upkeep
|
|t:|1780989633
|switch|p2a: Iron Valiant|Iron Valiant, shiny|100/100
|turn|22
|
|t:|1780989642
|move|p2a: Iron Valiant|Vacuum Wave|p1a: Gliscor
|-supereffective|p1a: Gliscor
|-damage|p1a: Gliscor|30/100 tox
|move|p1a: Gliscor|Facade|p2a: Iron Valiant
|-damage|p2a: Iron Valiant|0 fnt
|faint|p2a: Iron Valiant
|-end|p2a: Iron Valiant|Quark Drive|[silent]
|
|-heal|p1a: Gliscor|42/100 tox|[from] ability: Poison Heal
|upkeep
|-message|Streshyix forfeited.
|
|win|soboredqwa
|raw|soboredqwa's rating: 1520 &rarr; <strong>1541</strong><br />(+21 for winning)
|raw|Streshyix's rating: 1533 &rarr; <strong>1512</strong><br />(-21 for losing)
|l|☆Streshyix
|player|p2|
|l|☆soboredqwa
|player|p1|
