|j|☆electricdingdong
|j|☆blackgokuking
|t:|1781116774
|gametype|singles
|player|p1|electricdingdong|pokekid|1622
|player|p2|blackgokuking|101|1648
|gen|9
|tier|[Gen 9] OU
|rated|
|rule|HP Percentage Mod: HP is shown in percentages
|rule|Endless Battle Clause: Forcing endless battles is banned
|rule|Species Clause: Limit one of each Pokémon
|rule|OHKO Clause: OHKO moves are banned
|rule|Evasion Items Clause: Evasion items are banned
|rule|Evasion Moves Clause: Evasion moves are banned
|rule|Evasion Abilities Clause: Evasion abilities are banned
|rule|Sleep Moves Clause: Sleep-inducing moves are banned
|clearpoke
|poke|p1|Iron Leaves|
|poke|p1|Iron Valiant|
|poke|p1|Pincurchin, F|
|poke|p1|Iron Moth|
|poke|p1|Cresselia, F|
|poke|p1|Hawlucha, M|
|poke|p2|Kingambit, F|
|poke|p2|Kommo-o, F|
|poke|p2|Iron Valiant|
|poke|p2|Kyurem|
|poke|p2|Iron Treads|
|poke|p2|Iron Crown|
|teampreview
|
|t:|1781116784
|teamsize|p1|6
|teamsize|p2|6
|start
|switch|p1a: Pincurchin|Pincurchin, F|100/100
|switch|p2a: Iron Treads|Iron Treads|100/100
|-fieldstart|move: Electric Terrain|[from] ability: Electric Surge|[of] p1a: Pincurchin
|-activate|p2a: Iron Treads|ability: Quark Drive
|-start|p2a: Iron Treads|quarkdrivespe
|turn|1
|
|t:|1781116789
|switch|p1a: Hawlucha|Hawlucha, M|100/100
|-enditem|p1a: Hawlucha|Electric Seed
|-boost|p1a: Hawlucha|def|1|[from] item: Electric Seed
|move|p2a: Iron Treads|Stealth Rock|p1a: Hawlucha
|-sidestart|p1: electricdingdong|move: Stealth Rock
|
|upkeep
|turn|2
|
|t:|1781116801
|-end|p2a: Iron Treads|Quark Drive|[silent]
|switch|p2a: Iron Crown|Iron Crown|100/100
|-activate|p2a: Iron Crown|ability: Quark Drive
|-start|p2a: Iron Crown|quarkdrivespe
|move|p1a: Hawlucha|Swords Dance|p1a: Hawlucha
|-boost|p1a: Hawlucha|atk|2
|
|upkeep
|turn|3
|
|t:|1781116807
|move|p1a: Hawlucha|Close Combat|p2a: Iron Crown
|-damage|p2a: Iron Crown|0 fnt
|-unboost|p1a: Hawlucha|def|1
|-unboost|p1a: Hawlucha|spd|1
|faint|p2a: Iron Crown
|-end|p2a: Iron Crown|Quark Drive|[silent]
|
|upkeep
|inactive|Battle timer is ON: inactive players will automatically lose when time's up. (requested by electricdingdong)
|
|t:|1781116830
|switch|p2a: Iron Treads|Iron Treads|100/100
|-activate|p2a: Iron Treads|ability: Quark Drive
|-start|p2a: Iron Treads|quarkdrivespe
|turn|4
|
|t:|1781116835
|move|p1a: Hawlucha|Acrobatics|p2a: Iron Treads
|-resisted|p2a: Iron Treads
|-damage|p2a: Iron Treads|64/100
|move|p2a: Iron Treads|Endeavor|p1a: Hawlucha
|-damage|p1a: Hawlucha|78/100
|
|upkeep
|turn|5
|
|t:|1781116841
|move|p1a: Hawlucha|Close Combat|p2a: Iron Treads
|-supereffective|p2a: Iron Treads
|-damage|p2a: Iron Treads|0 fnt
|-unboost|p1a: Hawlucha|def|1
|-unboost|p1a: Hawlucha|spd|1
|faint|p2a: Iron Treads
|-end|p2a: Iron Treads|Quark Drive|[silent]
|
|upkeep
|
|t:|1781116852
|switch|p2a: Kingambit|Kingambit, F|100/100
|-activate|p2a: Kingambit|ability: Supreme Overlord
|-start|p2a: Kingambit|fallen2|[silent]
|turn|6
|
|t:|1781116855
|-terastallize|p2a: Kingambit|Ghost
|move|p1a: Hawlucha|Acrobatics|p2a: Kingambit
|-damage|p2a: Kingambit|11/100
|move|p2a: Kingambit|Iron Head|p1a: Hawlucha
|-damage|p1a: Hawlucha|0 fnt
|faint|p1a: Hawlucha
|
|-heal|p2a: Kingambit|17/100|[from] item: Leftovers
|upkeep
|
|t:|1781116870
|switch|p1a: Iron Valiant|Iron Valiant|100/100
|-damage|p1a: Iron Valiant|94/100|[from] Stealth Rock
|-activate|p1a: Iron Valiant|ability: Quark Drive
|-start|p1a: Iron Valiant|quarkdrivespe
|turn|7
|
|t:|1781116875
|move|p2a: Kingambit|Sucker Punch|p1a: Iron Valiant
|-resisted|p1a: Iron Valiant
|-damage|p1a: Iron Valiant|78/100
|move|p1a: Iron Valiant|Moonblast|p2a: Kingambit
|-damage|p2a: Kingambit|0 fnt
|faint|p2a: Kingambit
|-end|p2a: Kingambit|fallen2|[silent]
|
|upkeep
|
|t:|1781116878
|switch|p2a: Iron Valiant|Iron Valiant|100/100
|-activate|p2a: Iron Valiant|ability: Quark Drive
|-start|p2a: Iron Valiant|quarkdrivespe
|turn|8
|
|t:|1781116889
|-end|p1a: Iron Valiant|Quark Drive|[silent]
|switch|p1a: Iron Moth|Iron Moth|100/100
|-damage|p1a: Iron Moth|76/100|[from] Stealth Rock
|-activate|p1a: Iron Moth|ability: Quark Drive
|-start|p1a: Iron Moth|quarkdrivespe
|move|p2a: Iron Valiant|Moonblast|p1a: Iron Moth
|-resisted|p1a: Iron Moth
|-damage|p1a: Iron Moth|63/100
|
|-fieldend|move: Electric Terrain
|-end|p2a: Iron Valiant|Quark Drive
|-end|p1a: Iron Moth|Quark Drive
|upkeep
|-enditem|p2a: Iron Valiant|Booster Energy
|-activate|p2a: Iron Valiant|ability: Quark Drive|[fromitem]
|-start|p2a: Iron Valiant|quarkdrivespe
|turn|9
|
|t:|1781116904
|-end|p1a: Iron Moth|Quark Drive|[silent]
|switch|p1a: Pincurchin|Pincurchin, F|100/100
|-damage|p1a: Pincurchin|88/100|[from] Stealth Rock
|-fieldstart|move: Electric Terrain|[from] ability: Electric Surge|[of] p1a: Pincurchin
|move|p2a: Iron Valiant|Shadow Ball|p1a: Pincurchin
|-damage|p1a: Pincurchin|52/100
|
|upkeep
|turn|10
|
|t:|1781116907
|move|p2a: Iron Valiant|Calm Mind|p2a: Iron Valiant
|-boost|p2a: Iron Valiant|spa|1
|-boost|p2a: Iron Valiant|spd|1
|move|p1a: Pincurchin|Supercell Slam|p2a: Iron Valiant
|-damage|p2a: Iron Valiant|18/100
|
|upkeep
|turn|11
|
|t:|1781116917
|move|p1a: Pincurchin|Sucker Punch|p2a: Iron Valiant
|-resisted|p2a: Iron Valiant
|-damage|p2a: Iron Valiant|12/100
|move|p2a: Iron Valiant|Moonblast|p1a: Pincurchin
|-damage|p1a: Pincurchin|0 fnt
|faint|p1a: Pincurchin
|
|upkeep
|
|t:|1781116925
|switch|p1a: Cresselia|Cresselia, F|100/100
|-damage|p1a: Cresselia|88/100|[from] Stealth Rock
|turn|12
|
|t:|1781116930
|move|p2a: Iron Valiant|Moonblast|p1a: Cresselia
|-damage|p1a: Cresselia|38/100
|-unboost|p1a: Cresselia|spa|1
|move|p1a: Cresselia|Moonblast|p2a: Iron Valiant
|-supereffective|p2a: Iron Valiant
|-damage|p2a: Iron Valiant|0 fnt
|faint|p2a: Iron Valiant
|-end|p2a: Iron Valiant|Quark Drive|[silent]
|
|upkeep
|
|t:|1781116940
|switch|p2a: Kyurem|Kyurem|100/100
|-ability|p2a: Kyurem|Pressure
|turn|13
|
|t:|1781116945
|switch|p1a: Iron Moth|Iron Moth|63/100
|-damage|p1a: Iron Moth|38/100|[from] Stealth Rock
|-activate|p1a: Iron Moth|ability: Quark Drive
|-start|p1a: Iron Moth|quarkdrivespe
|move|p2a: Kyurem|Dragon Dance|p2a: Kyurem
|-boost|p2a: Kyurem|atk|1
|-boost|p2a: Kyurem|spe|1
|
|upkeep
|turn|14
|
|t:|1781116948
|move|p1a: Iron Moth|Meteor Beam||[still]
|-prepare|p1a: Iron Moth|Meteor Beam
|-boost|p1a: Iron Moth|spa|1
|-enditem|p1a: Iron Moth|Power Herb
|-anim|p1a: Iron Moth|Meteor Beam|p2a: Kyurem|[miss]
|-miss|p1a: Iron Moth|p2a: Kyurem
|move|p2a: Kyurem|Scale Shot|p1a: Iron Moth
|-damage|p1a: Iron Moth|9/100
|-damage|p1a: Iron Moth|0 fnt
|faint|p1a: Iron Moth
|-end|p1a: Iron Moth|Quark Drive|[silent]
|-hitcount|p1: Iron Moth|2
|-unboost|p2a: Kyurem|def|1
|-boost|p2a: Kyurem|spe|1
|
|upkeep
|
|t:|1781116966
|switch|p1a: Iron Leaves|Iron Leaves|100/100
|-activate|p1a: Iron Leaves|ability: Quark Drive
|-start|p1a: Iron Leaves|quarkdrivespe
|turn|15
|
|t:|1781116970
|-terastallize|p1a: Iron Leaves|Fighting
|move|p2a: Kyurem|Icicle Spear|p1a: Iron Leaves
|-damage|p1a: Iron Leaves|80/100
|-damage|p1a: Iron Leaves|59/100
|-damage|p1a: Iron Leaves|37/100
|-damage|p1a: Iron Leaves|13/100
|-damage|p1a: Iron Leaves|0 fnt
|faint|p1a: Iron Leaves
|-end|p1a: Iron Leaves|Quark Drive|[silent]
|-hitcount|p1: Iron Leaves|5
|
|upkeep
|c|☆electricdingdong|5 hits plus the miss
|c|☆electricdingdong|bruh
|
|t:|1781116986
|switch|p1a: Iron Valiant|Iron Valiant|78/100
|-damage|p1a: Iron Valiant|71/100|[from] Stealth Rock
|-activate|p1a: Iron Valiant|ability: Quark Drive
|-start|p1a: Iron Valiant|quarkdrivespe
|turn|16
|
|t:|1781116990
|move|p2a: Kyurem|Icicle Spear|p1a: Iron Valiant
|-damage|p1a: Iron Valiant|47/100
|-damage|p1a: Iron Valiant|21/100
|-damage|p1a: Iron Valiant|0 fnt
|faint|p1a: Iron Valiant
|-end|p1a: Iron Valiant|Quark Drive|[silent]
|-hitcount|p1: Iron Valiant|3
|
|-fieldend|move: Electric Terrain
|upkeep
|j| NapoleonV
|c|☆electricdingdong|no skill only luick
|c|☆electricdingdong|well
|inactive|electricdingdong has 120 seconds left.
|c|☆electricdingdong|go play the lottery
|c|☆blackgokuking|ok
|c|☆electricdingdong|i win 90% sencairios here
|c|☆electricdingdong|95% chance to hite meat beam
|c|☆electricdingdong|5%
|c|☆blackgokuking|just give me the 20 elo already man stop yapping
|inactive|electricdingdong has 90 seconds left.
|c|☆electricdingdong|ill make you wait for it then
|inactive|electricdingdong has 60 seconds left.
|inactiveoff|Battle timer is now OFF.
|c|☆blackgokuking|i wish you a great ladder session
|inactive|Battle timer is ON: inactive players will automatically lose when time's up. (requested by blackgokuking)
|inactive|electricdingdong has 60 seconds left.
|c|☆electricdingdong|ok thats good
|c|☆electricdingdong|ill take that then
|c|☆electricdingdong|ok no waiting bg bad game you haxed me
|inactive|electricdingdong has 30 seconds left.
|-message|electricdingdong forfeited.
|
|win|blackgokuking
|raw|electricdingdong's rating: 1622 &rarr; <strong>1603</strong><br />(-19 for losing)
|raw|blackgokuking's rating: 1648 &rarr; <strong>1667</strong><br />(+19 for winning)
|l|☆electricdingdong
|player|p1|
|l|☆blackgokuking
|player|p2|
|l| NapoleonV
