|j|☆Klopple
|j|☆AnOriginalName3
|t:|1780985596
|gametype|singles
|player|p1|Klopple|sailor|1618
|player|p2|AnOriginalName3|richboy-gen4|1551
|gen|9
|tier|[Gen 9] OU
|rated|
|rule|HP Percentage Mod: HP is shown in percentages
|rule|Endless Battle Clause: Forcing endless battles is banned
|rule|Species Clause: Limit one of each Pokémon
|rule|OHKO Clause: OHKO moves are banned
|rule|Evasion Items Clause: Evasion items are banned
|rule|Evasion Moves Clause: Evasion moves are banned
|rule|Evasion Abilities Clause: Evasion abilities are banned
|rule|Sleep Moves Clause: Sleep-inducing moves are banned
|clearpoke
|poke|p1|Arboliva, F|
|poke|p1|Gliscor, F|
|poke|p1|Iron Crown|
|poke|p1|Zamazenta-*|
|poke|p1|Hatterene, F|
|poke|p1|Dragonite, M|
|poke|p2|Dragalge, M|
|poke|p2|Moltres|
|poke|p2|Weavile, F|
|poke|p2|Corviknight, M|
|poke|p2|Great Tusk|
|poke|p2|Alomomola, M|
|teampreview
|
|t:|1780985615
|teamsize|p1|6
|teamsize|p2|6
|start
|switch|p1a: Gliscor|Gliscor, F|100/100
|switch|p2a: Alomomola|Alomomola, M|100/100
|turn|1
|
|t:|1780985622
|move|p1a: Gliscor|Protect|p1a: Gliscor
|-singleturn|p1a: Gliscor|Protect
|move|p2a: Alomomola|Flip Turn|p1a: Gliscor
|-activate|p1a: Gliscor|move: Protect
|
|-status|p1a: Gliscor|tox|[from] item: Toxic Orb
|upkeep
|turn|2
|
|t:|1780985627
|move|p1a: Gliscor|Knock Off|p2a: Alomomola
|-damage|p2a: Alomomola|90/100
|-enditem|p2a: Alomomola|Heavy-Duty Boots|[from] move: Knock Off|[of] p1a: Gliscor
|move|p2a: Alomomola|Flip Turn|p1a: Gliscor
|-supereffective|p1a: Gliscor
|-damage|p1a: Gliscor|73/100 tox
|
|t:|1780985628
|switch|p2a: Weavile|Weavile, F|100/100|[from] Flip Turn
|-ability|p2a: Weavile|Pressure
|
|-heal|p1a: Gliscor|86/100 tox|[from] ability: Poison Heal
|upkeep
|turn|3
|
|t:|1780985637
|switch|p1a: Hatterene|Hatterene, F|100/100
|move|p2a: Weavile|Triple Axel|p1a: Hatterene
|-damage|p1a: Hatterene|87/100
|-damage|p2a: Weavile|84/100|[from] item: Rocky Helmet|[of] p1a: Hatterene
|-damage|p1a: Hatterene|62/100
|-damage|p2a: Weavile|68/100|[from] item: Rocky Helmet|[of] p1a: Hatterene
|-damage|p1a: Hatterene|27/100
|-damage|p2a: Weavile|51/100|[from] item: Rocky Helmet|[of] p1a: Hatterene
|-hitcount|p1a: Hatterene|3
|
|upkeep
|turn|4
|
|t:|1780985660
|move|p2a: Weavile|Triple Axel|p1a: Hatterene
|-crit|p1a: Hatterene
|-damage|p1a: Hatterene|8/100
|-damage|p2a: Weavile|35/100|[from] item: Rocky Helmet|[of] p1a: Hatterene
|-damage|p1a: Hatterene|0 fnt
|-damage|p2a: Weavile|19/100|[from] item: Rocky Helmet|[of] p1a: Hatterene
|faint|p1a: Hatterene
|-hitcount|p1: Hatterene|2
|
|upkeep
|
|t:|1780985682
|switch|p1a: Dragonite|Dragonite, M|100/100
|turn|5
|
|t:|1780985685
|switch|p2a: Moltres|Moltres|100/100
|move|p1a: Dragonite|Extreme Speed|p2a: Moltres
|-damage|p2a: Moltres|80/100
|-status|p1a: Dragonite|brn|[from] ability: Flame Body|[of] p2a: Moltres
|
|-damage|p1a: Dragonite|94/100 brn|[from] brn
|upkeep
|turn|6
|
|t:|1780985691
|switch|p1a: Gliscor|Gliscor, F|86/100 tox
|move|p2a: Moltres|U-turn|p1a: Gliscor
|-resisted|p1a: Gliscor
|-damage|p1a: Gliscor|80/100 tox
|
|t:|1780985695
|switch|p2a: Weavile|Weavile, F|19/100|[from] U-turn
|-ability|p2a: Weavile|Pressure
|
|-heal|p1a: Gliscor|93/100 tox|[from] ability: Poison Heal
|upkeep
|turn|7
|
|t:|1780985699
|move|p1a: Gliscor|Protect|p1a: Gliscor
|-singleturn|p1a: Gliscor|Protect
|move|p2a: Weavile|Triple Axel|p1a: Gliscor
|-activate|p1a: Gliscor|move: Protect
|
|-heal|p1a: Gliscor|100/100 tox|[from] ability: Poison Heal
|upkeep
|turn|8
|
|t:|1780985705
|-terastallize|p1a: Gliscor|Water
|move|p2a: Weavile|Triple Axel|p1a: Gliscor
|-resisted|p1a: Gliscor
|-damage|p1a: Gliscor|95/100 tox
|-resisted|p1a: Gliscor
|-damage|p1a: Gliscor|82/100 tox
|-resisted|p1a: Gliscor
|-damage|p1a: Gliscor|65/100 tox
|-hitcount|p1a: Gliscor|3
|move|p1a: Gliscor|Earthquake|p2a: Weavile
|-damage|p2a: Weavile|0 fnt
|faint|p2a: Weavile
|
|-heal|p1a: Gliscor|77/100 tox|[from] ability: Poison Heal
|upkeep
|
|t:|1780985717
|switch|p2a: Great Tusk|Great Tusk|100/100
|-enditem|p2a: Great Tusk|Booster Energy
|-activate|p2a: Great Tusk|ability: Protosynthesis|[fromitem]
|-start|p2a: Great Tusk|protosynthesisatk
|turn|9
|
|t:|1780985732
|switch|p1a: Arboliva|Arboliva, F|100/100
|move|p2a: Great Tusk|Stealth Rock|p1a: Arboliva
|-sidestart|p1: Klopple|move: Stealth Rock
|
|upkeep
|turn|10
|
|t:|1780985738
|-end|p2a: Great Tusk|Protosynthesis|[silent]
|switch|p2a: Dragalge|Dragalge, M|100/100
|move|p1a: Arboliva|Endure||[still]
|-fail|p1a: Arboliva
|
|upkeep
|turn|11
|
|t:|1780985745
|move|p2a: Dragalge|Focus Blast|p1a: Arboliva
|-supereffective|p1a: Arboliva
|-damage|p1a: Arboliva|29/100
|move|p1a: Arboliva|Earth Power|p2a: Dragalge
|-supereffective|p2a: Dragalge
|-damage|p2a: Dragalge|58/100
|
|upkeep
|turn|12
|
|t:|1780985752
|move|p1a: Arboliva|Endure|p1a: Arboliva
|-singleturn|p1a: Arboliva|move: Endure
|move|p2a: Dragalge|Focus Blast|p1a: Arboliva
|-supereffective|p1a: Arboliva
|-activate|p1a: Arboliva|move: Endure
|-damage|p1a: Arboliva|1/100
|
|upkeep
|turn|13
|-enditem|p1a: Arboliva|Custap Berry|[eat]
|-activate|p1a: Arboliva|item: Custap Berry|[consumed]
|
|t:|1780985757
|move|p1a: Arboliva|Earth Power|p2a: Dragalge
|-supereffective|p2a: Dragalge
|-crit|p2a: Dragalge
|-damage|p2a: Dragalge|0 fnt
|faint|p2a: Dragalge
|
|-item|p1a: Arboliva|Custap Berry|[from] ability: Harvest
|upkeep
|-message|AnOriginalName3 forfeited.
|
|win|Klopple
|raw|Klopple's rating: 1618 &rarr; <strong>1634</strong><br />(+16 for winning)
|raw|AnOriginalName3's rating: 1551 &rarr; <strong>1535</strong><br />(-16 for losing)
|l|☆AnOriginalName3
|player|p2|
|l|☆Klopple
|player|p1|
