|j|☆cachowcapow
|j|☆Kazuelasnt
|t:|1781027097
|gametype|singles
|player|p1|cachowcapow|102|1564
|player|p2|Kazuelasnt|cress|1615
|gen|9
|tier|[Gen 9] OU
|rated|
|rule|HP Percentage Mod: HP is shown in percentages
|rule|Endless Battle Clause: Forcing endless battles is banned
|rule|Species Clause: Limit one of each Pokémon
|rule|OHKO Clause: OHKO moves are banned
|rule|Evasion Items Clause: Evasion items are banned
|rule|Evasion Moves Clause: Evasion moves are banned
|rule|Evasion Abilities Clause: Evasion abilities are banned
|rule|Sleep Moves Clause: Sleep-inducing moves are banned
|clearpoke
|poke|p1|Meowscarada, F|
|poke|p1|Slowking-Galar, M|
|poke|p1|Zapdos|
|poke|p1|Alomomola, F|
|poke|p1|Infernape, F|
|poke|p1|Great Tusk|
|poke|p2|Araquanid, M|
|poke|p2|Gholdengo|
|poke|p2|Typhlosion-Hisui, M|
|poke|p2|Zamazenta-*|
|poke|p2|Raging Bolt|
|poke|p2|Dragonite, F|
|teampreview
|inactive|Battle timer is ON: inactive players will automatically lose when time's up. (requested by Kazuelasnt)
|l|☆Kazuelasnt
|inactive|Kazuelasnt disconnected and has a minute to reconnect!
|player|p2|
|j|☆Kazuelasnt
|inactive|Kazuelasnt reconnected and has 140 seconds left.
|player|p2|Kazuelasnt|cress|
|l|☆Kazuelasnt
|inactive|Kazuelasnt disconnected and has a minute to reconnect!
|player|p2|
|j|☆Kazuelasnt
|inactive|Kazuelasnt reconnected and has 120 seconds left.
|player|p2|Kazuelasnt|cress|
|
|t:|1781027164
|teamsize|p1|6
|teamsize|p2|6
|start
|switch|p1a: Meowscarada|Meowscarada, F|100/100
|switch|p2a: Nosk|Araquanid, M, shiny|100/100
|turn|1
|
|t:|1781027177
|move|p1a: Meowscarada|Power Gem|p2a: Nosk
|-start|p1a: Meowscarada|typechange|Rock|[from] ability: Protean
|-supereffective|p2a: Nosk
|-damage|p2a: Nosk|44/100
|move|p2a: Nosk|Lunge|p1a: Meowscarada
|-damage|p1a: Meowscarada|69/100
|-unboost|p1a: Meowscarada|atk|1
|
|upkeep
|turn|2
|c|☆Kazuelasnt|... special meow?
|
|t:|1781027201
|switch|p2a: Electrofuria|Raging Bolt|100/100
|-enditem|p2a: Electrofuria|Booster Energy
|-activate|p2a: Electrofuria|ability: Protosynthesis|[fromitem]
|-start|p2a: Electrofuria|protosynthesisspa
|move|p1a: Meowscarada|Power Gem|p2a: Electrofuria
|-damage|p2a: Electrofuria|60/100
|
|upkeep
|turn|3
|
|t:|1781027210
|switch|p1a: Slowking|Slowking-Galar, M|100/100
|move|p2a: Electrofuria|Dragon Pulse|p1a: Slowking
|-damage|p1a: Slowking|61/100
|
|upkeep
|turn|4
|
|t:|1781027214
|move|p2a: Electrofuria|Calm Mind|p2a: Electrofuria
|-boost|p2a: Electrofuria|spa|1
|-boost|p2a: Electrofuria|spd|1
|-prepare|p1a: Slowking|Chilly Reception|[premajor]
|move|p1a: Slowking|Chilly Reception|p1a: Slowking
|-weather|Snowscape
|
|t:|1781027220
|switch|p1a: Zapdos|Zapdos|100/100|[from] Chilly Reception
|-ability|p1a: Zapdos|Pressure
|
|-weather|Snowscape|[upkeep]
|upkeep
|turn|5
|
|t:|1781027232
|move|p1a: Zapdos|Weather Ball|p2a: Electrofuria
|-supereffective|p2a: Electrofuria
|-damage|p2a: Electrofuria|15/100
|move|p2a: Electrofuria|Dragon Pulse|p1a: Zapdos
|-damage|p1a: Zapdos|0 fnt
|faint|p1a: Zapdos
|
|-weather|Snowscape|[upkeep]
|upkeep
|
|t:|1781027237
|switch|p1a: Great Tusk|Great Tusk|100/100
|turn|6
|
|t:|1781027248
|move|p1a: Great Tusk|Knock Off|p2a: Electrofuria
|-damage|p2a: Electrofuria|0 fnt
|faint|p2a: Electrofuria
|-end|p2a: Electrofuria|Protosynthesis|[silent]
|
|-weather|Snowscape|[upkeep]
|upkeep
|
|t:|1781027253
|switch|p2a: Nosk|Araquanid, M, shiny|44/100
|turn|7
|
|t:|1781027260
|move|p1a: Great Tusk|Rapid Spin|p2a: Nosk
|-damage|p2a: Nosk|27/100
|-boost|p1a: Great Tusk|spe|1
|move|p2a: Nosk|Sticky Web|p1a: Great Tusk
|-sidestart|p1: cachowcapow|move: Sticky Web
|
|-weather|Snowscape|[upkeep]
|upkeep
|turn|8
|
|t:|1781027267
|switch|p2a: A Penny|Gholdengo|100/100
|-item|p2a: A Penny|Air Balloon
|move|p1a: Great Tusk|Knock Off|p2a: A Penny
|-supereffective|p2a: A Penny
|-damage|p2a: A Penny|24/100
|-enditem|p2a: A Penny|Air Balloon
|
|-weather|none
|upkeep
|turn|9
|
|t:|1781027270
|move|p1a: Great Tusk|Knock Off|p2a: A Penny
|-supereffective|p2a: A Penny
|-damage|p2a: A Penny|0 fnt
|faint|p2a: A Penny
|
|upkeep
|
|t:|1781027276
|switch|p2a: Nosk|Araquanid, M, shiny|27/100
|turn|10
|
|t:|1781027281
|move|p1a: Great Tusk|Rapid Spin|p2a: Nosk
|-damage|p2a: Nosk|12/100
|-boost|p1a: Great Tusk|spe|1
|-sideend|p1: cachowcapow|Sticky Web|[from] move: Rapid Spin|[of] p1a: Great Tusk
|move|p2a: Nosk|Surf|p1a: Great Tusk
|-supereffective|p1a: Great Tusk
|-damage|p1a: Great Tusk|0 fnt
|faint|p1a: Great Tusk
|-end|p1a: Great Tusk|Protosynthesis|[silent]
|
|upkeep
|j| KangkongNation
|
|t:|1781027300
|switch|p1a: Meowscarada|Meowscarada, F|69/100
|turn|11
|-enditem|p2a: Nosk|Custap Berry|[eat]
|-activate|p2a: Nosk|item: Custap Berry|[consumed]
|
|t:|1781027304
|move|p2a: Nosk|Sticky Web|p1a: Meowscarada
|-sidestart|p1: cachowcapow|move: Sticky Web
|move|p1a: Meowscarada|Power Gem|p2a: Nosk
|-start|p1a: Meowscarada|typechange|Rock|[from] ability: Protean
|-supereffective|p2a: Nosk
|-damage|p2a: Nosk|0 fnt
|faint|p2a: Nosk
|
|upkeep
|l| KangkongNation
|j| KangkongNation
|l| KangkongNation
|
|t:|1781027312
|switch|p2a: Elliot|Zamazenta|100/100
|-ability|p2a: Elliot|Dauntless Shield|boost
|-boost|p2a: Elliot|def|1
|turn|12
|
|t:|1781027316
|switch|p1a: Slowking|Slowking-Galar, M|94/100
|move|p2a: Elliot|Crunch|p1a: Slowking
|-supereffective|p1a: Slowking
|-damage|p1a: Slowking|23/100
|-damage|p2a: Elliot|90/100|[from] item: Life Orb
|
|upkeep
|turn|13
|
|t:|1781027322
|switch|p1a: Alomomola|Alomomola, F|100/100
|move|p2a: Elliot|Crunch|p1a: Alomomola
|-damage|p1a: Alomomola|75/100
|-damage|p2a: Elliot|80/100|[from] item: Life Orb
|
|upkeep
|turn|14
|
|t:|1781027329
|move|p2a: Elliot|Crunch|p1a: Alomomola
|-damage|p1a: Alomomola|50/100
|-damage|p2a: Elliot|70/100|[from] item: Life Orb
|move|p1a: Alomomola|Wish|p1a: Alomomola
|
|upkeep
|turn|15
|
|t:|1781027335
|move|p1a: Alomomola|Protect|p1a: Alomomola
|-singleturn|p1a: Alomomola|Protect
|move|p2a: Elliot|Close Combat|p1a: Alomomola
|-activate|p1a: Alomomola|move: Protect
|
|-heal|p1a: Alomomola|99/100|[from] move: Wish|[wisher] Alomomola
|upkeep
|turn|16
|
|t:|1781027340
|move|p2a: Elliot|Crunch|p1a: Alomomola
|-damage|p1a: Alomomola|74/100
|-damage|p2a: Elliot|60/100|[from] item: Life Orb
|move|p1a: Alomomola|Wish|p1a: Alomomola
|
|upkeep
|turn|17
|
|t:|1781027347
|move|p2a: Elliot|Crunch|p1a: Alomomola
|-damage|p1a: Alomomola|48/100
|-damage|p2a: Elliot|50/100|[from] item: Life Orb
|move|p1a: Alomomola|Flip Turn|p2a: Elliot
|-damage|p2a: Elliot|41/100
|
|t:|1781027350
|switch|p1a: Slowking|Slowking-Galar, M|56/100|[from] Flip Turn
|
|-heal|p1a: Slowking|100/100|[from] move: Wish|[wisher] Alomomola
|upkeep
|turn|18
|
|t:|1781027354
|move|p2a: Elliot|Crunch|p1a: Slowking
|-supereffective|p1a: Slowking
|-damage|p1a: Slowking|28/100
|-damage|p2a: Elliot|31/100|[from] item: Life Orb
|-prepare|p1a: Slowking|Chilly Reception|[premajor]
|move|p1a: Slowking|Chilly Reception|p1a: Slowking
|-weather|Snowscape
|
|t:|1781027356
|switch|p1a: Alomomola|Alomomola, F|82/100|[from] Chilly Reception
|
|-weather|Snowscape|[upkeep]
|upkeep
|turn|19
|
|t:|1781027360
|move|p2a: Elliot|Close Combat|p1a: Alomomola
|-damage|p1a: Alomomola|21/100
|-unboost|p2a: Elliot|def|1
|-unboost|p2a: Elliot|spd|1
|-damage|p2a: Elliot|21/100|[from] item: Life Orb
|move|p1a: Alomomola|Wish|p1a: Alomomola
|
|-weather|Snowscape|[upkeep]
|upkeep
|turn|20
|
|t:|1781027366
|move|p1a: Alomomola|Protect|p1a: Alomomola
|-singleturn|p1a: Alomomola|Protect
|move|p2a: Elliot|Crunch|p1a: Alomomola
|-activate|p1a: Alomomola|move: Protect
|
|-weather|Snowscape|[upkeep]
|-heal|p1a: Alomomola|71/100|[from] move: Wish|[wisher] Alomomola
|upkeep
|turn|21
|
|t:|1781027374
|move|p2a: Elliot|Close Combat|p1a: Alomomola
|-damage|p1a: Alomomola|17/100
|-unboost|p2a: Elliot|def|1
|-unboost|p2a: Elliot|spd|1
|-damage|p2a: Elliot|11/100|[from] item: Life Orb
|move|p1a: Alomomola|Wish|p1a: Alomomola
|
|-weather|Snowscape|[upkeep]
|upkeep
|turn|22
|
|t:|1781027377
|move|p1a: Alomomola|Protect|p1a: Alomomola
|-singleturn|p1a: Alomomola|Protect
|move|p2a: Elliot|Crunch|p1a: Alomomola
|-activate|p1a: Alomomola|move: Protect
|
|-weather|none
|-heal|p1a: Alomomola|66/100|[from] move: Wish|[wisher] Alomomola
|upkeep
|turn|23
|
|t:|1781027383
|move|p2a: Elliot|Close Combat|p1a: Alomomola
|-damage|p1a: Alomomola|14/100
|-unboost|p2a: Elliot|def|1
|-unboost|p2a: Elliot|spd|1
|-damage|p2a: Elliot|1/100|[from] item: Life Orb
|move|p1a: Alomomola|Wish|p1a: Alomomola
|
|upkeep
|turn|24
|
|t:|1781027387
|move|p1a: Alomomola|Protect|p1a: Alomomola
|-singleturn|p1a: Alomomola|Protect
|move|p2a: Elliot|Crunch|p1a: Alomomola
|-activate|p1a: Alomomola|move: Protect
|
|-heal|p1a: Alomomola|64/100|[from] move: Wish|[wisher] Alomomola
|upkeep
|turn|25
|
|t:|1781027392
|move|p2a: Elliot|Crunch|p1a: Alomomola
|-damage|p1a: Alomomola|40/100
|-damage|p2a: Elliot|0 fnt|[from] item: Life Orb
|faint|p2a: Elliot
|move|p1a: Alomomola|Wish|p1a: Alomomola
|
|upkeep
|
|t:|1781027397
|switch|p2a: Allegations|Typhlosion-Hisui, M, shiny|100/100
|-item|p1a: Alomomola|Heavy-Duty Boots|[from] ability: Frisk|[of] p2a: Allegations
|turn|26
|inactive|cachowcapow has 120 seconds left.
|
|t:|1781027428
|-terastallize|p2a: Allegations|Fire
|move|p1a: Alomomola|Protect|p1a: Alomomola
|-singleturn|p1a: Alomomola|Protect
|move|p2a: Allegations|Eruption|p1a: Alomomola
|-activate|p1a: Alomomola|move: Protect
|
|-heal|p1a: Alomomola|90/100|[from] move: Wish|[wisher] Alomomola
|upkeep
|turn|27
|
|t:|1781027431
|move|p2a: Allegations|Eruption|p1a: Alomomola
|-resisted|p1a: Alomomola
|-crit|p1a: Alomomola
|-damage|p1a: Alomomola|12/100
|move|p1a: Alomomola|Wish|p1a: Alomomola
|
|upkeep
|turn|28
|
|t:|1781027434
|move|p1a: Alomomola|Protect|p1a: Alomomola
|-singleturn|p1a: Alomomola|Protect
|move|p2a: Allegations|Eruption|p1a: Alomomola
|-activate|p1a: Alomomola|move: Protect
|
|-heal|p1a: Alomomola|61/100|[from] move: Wish|[wisher] Alomomola
|upkeep
|turn|29
|
|t:|1781027439
|move|p2a: Allegations|Eruption|p1a: Alomomola
|-resisted|p1a: Alomomola
|-damage|p1a: Alomomola|7/100
|move|p1a: Alomomola|Wish|p1a: Alomomola
|
|upkeep
|turn|30
|
|t:|1781027441
|move|p1a: Alomomola|Protect|p1a: Alomomola
|-singleturn|p1a: Alomomola|Protect
|move|p2a: Allegations|Eruption|p1a: Alomomola
|-activate|p1a: Alomomola|move: Protect
|
|-heal|p1a: Alomomola|57/100|[from] move: Wish|[wisher] Alomomola
|upkeep
|turn|31
|
|t:|1781027447
|switch|p1a: Slowking|Slowking-Galar, M|61/100
|move|p2a: Allegations|Eruption|p1a: Slowking
|-damage|p1a: Slowking|0 fnt
|faint|p1a: Slowking
|
|upkeep
|
|t:|1781027448
|switch|p1a: Alomomola|Alomomola, F|90/100
|turn|32
|
|t:|1781027451
|switch|p2a: Alba|Dragonite, F|100/100
|move|p1a: Alomomola|Wish|p1a: Alomomola
|
|upkeep
|turn|33
|
|t:|1781027456
|move|p2a: Alba|Dragon Dance|p2a: Alba
|-boost|p2a: Alba|atk|1
|-boost|p2a: Alba|spe|1
|move|p1a: Alomomola|Scald|p2a: Alba
|-resisted|p2a: Alba
|-damage|p2a: Alba|97/100
|
|-heal|p1a: Alomomola|100/100|[from] move: Wish|[wisher] Alomomola
|upkeep
|turn|34
|
|t:|1781027461
|move|p2a: Alba|Dragon Dance|p2a: Alba
|-boost|p2a: Alba|atk|1
|-boost|p2a: Alba|spe|1
|move|p1a: Alomomola|Scald|p2a: Alba
|-resisted|p2a: Alba
|-damage|p2a: Alba|90/100
|
|upkeep
|turn|35
|
|t:|1781027463
|move|p2a: Alba|Earthquake|p1a: Alomomola
|-damage|p1a: Alomomola|48/100
|move|p1a: Alomomola|Scald|p2a: Alba
|-resisted|p2a: Alba
|-damage|p2a: Alba|82/100
|
|upkeep
|turn|36
|
|t:|1781027467
|move|p2a: Alba|Earthquake|p1a: Alomomola
|-damage|p1a: Alomomola|0 fnt
|faint|p1a: Alomomola
|
|upkeep
|-message|cachowcapow forfeited.
|
|win|Kazuelasnt
|raw|cachowcapow's rating: 1543 &rarr; <strong>1527</strong><br />(-16 for losing)
|raw|Kazuelasnt's rating: 1615 &rarr; <strong>1631</strong><br />(+16 for winning)
|l|☆cachowcapow
|player|p1|
|l|☆Kazuelasnt
|player|p2|
