|j|☆KingCSAlt
|j|☆Aeybees
|t:|1781208147
|gametype|singles
|player|p1|KingCSAlt|psychicf|1539
|player|p2|Aeybees|scientist|1531
|gen|9
|tier|[Gen 9] OU
|rated|
|rule|HP Percentage Mod: HP is shown in percentages
|rule|Endless Battle Clause: Forcing endless battles is banned
|rule|Species Clause: Limit one of each Pokémon
|rule|OHKO Clause: OHKO moves are banned
|rule|Evasion Items Clause: Evasion items are banned
|rule|Evasion Moves Clause: Evasion moves are banned
|rule|Evasion Abilities Clause: Evasion abilities are banned
|rule|Sleep Moves Clause: Sleep-inducing moves are banned
|clearpoke
|poke|p1|Scrafty, M|
|poke|p1|Hatterene, F|
|poke|p1|Gholdengo|
|poke|p1|Zapdos|
|poke|p1|Ogerpon, F|
|poke|p1|Great Tusk|
|poke|p2|Zamazenta-*|
|poke|p2|Iron Hands|
|poke|p2|Ceruledge, F|
|poke|p2|Iron Valiant|
|poke|p2|Deoxys-Speed|
|poke|p2|Glimmora, F|
|teampreview
|inactive|Battle timer is ON: inactive players will automatically lose when time's up. (requested by Aeybees)
|
|t:|1781208177
|teamsize|p1|6
|teamsize|p2|6
|start
|switch|p1a: Scrafty|Scrafty, M, shiny|100/100
|switch|p2a: Deoxys|Deoxys-Speed|100/100
|-ability|p2a: Deoxys|Pressure
|-ability|p1a: Scrafty|Intimidate|boost
|-unboost|p2a: Deoxys|atk|1
|turn|1
|
|t:|1781208198
|switch|p2a: Glimmora|Glimmora, F|100/100
|move|p1a: Scrafty|Knock Off|p2a: Glimmora
|-damage|p2a: Glimmora|74/100
|-activate|p2a: Glimmora|ability: Toxic Debris
|-sidestart|p1: KingCSAlt|move: Toxic Spikes
|-enditem|p2a: Glimmora|Red Card|[from] move: Knock Off|[of] p1a: Scrafty
|
|upkeep
|turn|2
|
|t:|1781208215
|move|p2a: Glimmora|Earth Power|p1a: Scrafty
|-damage|p1a: Scrafty|77/100
|move|p1a: Scrafty|Drain Punch|p2a: Glimmora
|-damage|p2a: Glimmora|52/100
|-heal|p1a: Scrafty|90/100|[from] drain|[of] p2a: Glimmora
|-activate|p2a: Glimmora|ability: Toxic Debris
|-sidestart|p1: KingCSAlt|move: Toxic Spikes
|
|-heal|p1a: Scrafty|96/100|[from] item: Leftovers
|upkeep
|turn|3
|
|t:|1781208226
|move|p2a: Glimmora|Stealth Rock|p1a: Scrafty
|-sidestart|p1: KingCSAlt|move: Stealth Rock
|move|p1a: Scrafty|Drain Punch|p2a: Glimmora
|-damage|p2a: Glimmora|31/100
|-heal|p1a: Scrafty|100/100|[from] drain|[of] p2a: Glimmora
|
|upkeep
|turn|4
|
|t:|1781208239
|move|p2a: Glimmora|Mortal Spin|p1a: Scrafty
|-damage|p1a: Scrafty|96/100
|-status|p1a: Scrafty|psn
|move|p1a: Scrafty|Knock Off|p2a: Glimmora
|-damage|p2a: Glimmora|11/100
|
|-heal|p1a: Scrafty|100/100 psn|[from] item: Leftovers
|-damage|p1a: Scrafty|88/100 psn|[from] psn
|upkeep
|turn|5
|
|t:|1781208248
|move|p2a: Glimmora|Earth Power|p1a: Scrafty
|-damage|p1a: Scrafty|66/100 psn
|move|p1a: Scrafty|Drain Punch|p2a: Glimmora
|-damage|p2a: Glimmora|0 fnt
|-heal|p1a: Scrafty|72/100 psn|[from] drain|[of] p2a: Glimmora
|faint|p2a: Glimmora
|
|-heal|p1a: Scrafty|78/100 psn|[from] item: Leftovers
|-damage|p1a: Scrafty|66/100 psn|[from] psn
|upkeep
|inactive|Aeybees has 120 seconds left.
|
|t:|1781208270
|switch|p2a: Iron Hands|Iron Hands|100/100
|-enditem|p2a: Iron Hands|Booster Energy
|-activate|p2a: Iron Hands|ability: Quark Drive|[fromitem]
|-start|p2a: Iron Hands|quarkdriveatk
|turn|6
|inactive|KingCSAlt has 120 seconds left.
|inactive|Aeybees has 120 seconds left.
|inactive|Aeybees has 90 seconds left.
|
|t:|1781208342
|switch|p1a: Zapdos|Zapdos|100/100
|move|p2a: Iron Hands|Ice Punch|p1a: Zapdos
|-supereffective|p1a: Zapdos
|-damage|p1a: Zapdos|49/100
|
|upkeep
|turn|7
|
|t:|1781208362
|move|p1a: Zapdos|Volt Switch|p2a: Iron Hands
|-resisted|p2a: Iron Hands
|-damage|p2a: Iron Hands|86/100
|inactive|KingCSAlt has 90 seconds left.
|
|t:|1781208398
|switch|p1a: Great Tusk|Great Tusk|100/100|[from] Volt Switch
|move|p2a: Iron Hands|Ice Punch|p1a: Great Tusk
|-supereffective|p1a: Great Tusk
|-damage|p1a: Great Tusk|41/100
|
|upkeep
|turn|8
|
|t:|1781208409
|move|p1a: Great Tusk|Headlong Rush|p2a: Iron Hands
|-supereffective|p2a: Iron Hands
|-damage|p2a: Iron Hands|3/100
|-unboost|p1a: Great Tusk|def|1
|-unboost|p1a: Great Tusk|spd|1
|move|p2a: Iron Hands|Ice Punch|p1a: Great Tusk
|-supereffective|p1a: Great Tusk
|-damage|p1a: Great Tusk|0 fnt
|faint|p1a: Great Tusk
|-end|p1a: Great Tusk|Protosynthesis|[silent]
|
|upkeep
|
|t:|1781208425
|switch|p1a: Zapdos|Zapdos|49/100
|turn|9
|
|t:|1781208429
|move|p1a: Zapdos|Volt Switch|p2a: Iron Hands
|-resisted|p2a: Iron Hands
|-damage|p2a: Iron Hands|0 fnt
|faint|p2a: Iron Hands
|-end|p2a: Iron Hands|Quark Drive|[silent]
|inactive|KingCSAlt has 60 seconds left.
|
|t:|1781208460
|switch|p1a: Gholdengo|Gholdengo|100/100|[from] Volt Switch
|-damage|p1a: Gholdengo|94/100|[from] Stealth Rock
|
|upkeep
|inactive|Aeybees has 120 seconds left.
|
|t:|1781208468
|switch|p2a: Deoxys|Deoxys-Speed|100/100
|-ability|p2a: Deoxys|Pressure
|turn|10
|inactive|KingCSAlt has 60 seconds left.
|
|t:|1781208479
|move|p2a: Deoxys|Light Screen|p2a: Deoxys
|-sidestart|p2: Aeybees|move: Light Screen
|move|p1a: Gholdengo|Shadow Ball|p2a: Deoxys
|-supereffective|p2a: Deoxys
|-damage|p2a: Deoxys|49/100
|-unboost|p2a: Deoxys|spd|1
|
|upkeep
|turn|11
|
|t:|1781208491
|move|p2a: Deoxys|Reflect|p2a: Deoxys
|-sidestart|p2: Aeybees|Reflect
|move|p1a: Gholdengo|Shadow Ball|p2a: Deoxys
|-supereffective|p2a: Deoxys
|-damage|p2a: Deoxys|0 fnt
|faint|p2a: Deoxys
|
|upkeep
|inactive|Aeybees has 120 seconds left.
|
|t:|1781208520
|switch|p2a: Iron Valiant|Iron Valiant|100/100
|-enditem|p2a: Iron Valiant|Booster Energy
|-activate|p2a: Iron Valiant|ability: Quark Drive|[fromitem]
|-start|p2a: Iron Valiant|quarkdrivespe
|turn|12
|
|t:|1781208530
|switch|p1a: Zapdos|Zapdos|49/100
|move|p2a: Iron Valiant|Calm Mind|p2a: Iron Valiant
|-boost|p2a: Iron Valiant|spa|1
|-boost|p2a: Iron Valiant|spd|1
|
|upkeep
|turn|13
|
|t:|1781208538
|move|p2a: Iron Valiant|Moonblast|p1a: Zapdos
|-damage|p1a: Zapdos|0 fnt
|faint|p1a: Zapdos
|
|upkeep
|
|t:|1781208558
|switch|p1a: Gholdengo|Gholdengo|94/100
|-damage|p1a: Gholdengo|88/100|[from] Stealth Rock
|turn|14
|inactive|Aeybees has 120 seconds left.
|inactive|KingCSAlt has 60 seconds left.
|
|t:|1781208575
|-terastallize|p2a: Iron Valiant|Steel
|-terastallize|p1a: Gholdengo|Fighting
|move|p2a: Iron Valiant|Calm Mind|p2a: Iron Valiant
|-boost|p2a: Iron Valiant|spa|1
|-boost|p2a: Iron Valiant|spd|1
|move|p1a: Gholdengo|Make It Rain|p2a: Iron Valiant
|-resisted|p2a: Iron Valiant
|-damage|p2a: Iron Valiant|86/100
|-unboost|p1a: Gholdengo|spa|1
|
|upkeep
|turn|15
|inactive|Aeybees has 120 seconds left.
|inactive|KingCSAlt has 60 seconds left.
|
|t:|1781208594
|switch|p1a: Hatterene|Hatterene, F|100/100
|-status|p1a: Hatterene|tox
|-damage|p1a: Hatterene|88/100 tox|[from] Stealth Rock
|move|p2a: Iron Valiant|Calm Mind|p2a: Iron Valiant
|-boost|p2a: Iron Valiant|spa|1
|-boost|p2a: Iron Valiant|spd|1
|
|-damage|p1a: Hatterene|82/100 tox|[from] psn
|upkeep
|turn|16
|inactive|KingCSAlt has 60 seconds left.
|inactive|Aeybees has 120 seconds left.
|
|t:|1781208604
|move|p2a: Iron Valiant|Moonblast|p1a: Hatterene
|-damage|p1a: Hatterene|4/100 tox
|move|p1a: Hatterene|Nuzzle|p2a: Iron Valiant
|-damage|p2a: Iron Valiant|84/100
|-status|p2a: Iron Valiant|par
|
|-damage|p1a: Hatterene|0 fnt|[from] psn
|faint|p1a: Hatterene
|upkeep
|inactive|KingCSAlt has 60 seconds left.
|
|t:|1781208611
|switch|p1a: Gholdengo|Gholdengo, tera:Fighting|88/100
|-status|p1a: Gholdengo|tox
|-damage|p1a: Gholdengo|82/100 tox|[from] Stealth Rock
|turn|17
|
|t:|1781208620
|-end|p2a: Iron Valiant|Quark Drive|[silent]
|switch|p2a: Ceruledge|Ceruledge, F|100/100
|move|p1a: Gholdengo|Focus Blast|p2a: Ceruledge
|-immune|p2a: Ceruledge
|
|-damage|p1a: Gholdengo|76/100 tox|[from] psn
|-sideend|p2: Aeybees|move: Light Screen
|upkeep
|turn|18
|
|t:|1781208629
|switch|p1a: Scrafty|Scrafty, M, shiny|66/100 psn
|-damage|p1a: Scrafty|60/100 psn|[from] Stealth Rock
|-ability|p1a: Scrafty|Intimidate|boost
|-unboost|p2a: Ceruledge|atk|1
|move|p2a: Ceruledge|Swords Dance|p2a: Ceruledge
|-boost|p2a: Ceruledge|atk|2
|
|-heal|p1a: Scrafty|66/100 psn|[from] item: Leftovers
|-damage|p1a: Scrafty|53/100 psn|[from] psn
|-sideend|p2: Aeybees|Reflect
|upkeep
|turn|19
|
|t:|1781208640
|move|p2a: Ceruledge|Bitter Blade|p1a: Scrafty
|-damage|p1a: Scrafty|0 fnt
|faint|p1a: Scrafty
|-damage|p2a: Ceruledge|91/100|[from] item: Life Orb
|
|upkeep
|
|t:|1781208661
|switch|p1a: Ogerpon|Ogerpon, F|100/100
|-status|p1a: Ogerpon|tox
|-damage|p1a: Ogerpon|88/100 tox|[from] Stealth Rock
|turn|20
|
|t:|1781208675
|switch|p2a: Zamazenta|Zamazenta|100/100
|-ability|p2a: Zamazenta|Dauntless Shield|boost
|-boost|p2a: Zamazenta|def|1
|move|p1a: Ogerpon|Knock Off|p2a: Zamazenta
|-resisted|p2a: Zamazenta
|-damage|p2a: Zamazenta|88/100
|-enditem|p2a: Zamazenta|Leftovers|[from] move: Knock Off|[of] p1a: Ogerpon
|
|-damage|p1a: Ogerpon|82/100 tox|[from] psn
|upkeep
|turn|21
|
|t:|1781208686
|switch|p1a: Gholdengo|Gholdengo, tera:Fighting|76/100 tox
|-damage|p1a: Gholdengo|70/100 tox|[from] Stealth Rock
|move|p2a: Zamazenta|Iron Defense|p2a: Zamazenta
|-boost|p2a: Zamazenta|def|2
|
|-damage|p1a: Gholdengo|64/100 tox|[from] psn
|upkeep
|turn|22
|inactive|KingCSAlt has 90 seconds left.
|
|t:|1781208699
|move|p1a: Gholdengo|Trick|p2a: Zamazenta
|-activate|p1a: Gholdengo|move: Trick|[of] p2a: Zamazenta
|-item|p2a: Zamazenta|Choice Scarf|[from] move: Trick
|-enditem|p1a: Gholdengo|Choice Scarf|[silent]|[from] move: Trick
|move|p2a: Zamazenta|Body Press|p1a: Gholdengo
|-damage|p1a: Gholdengo|0 fnt
|faint|p1a: Gholdengo
|
|upkeep
|c|☆KingCSAlt|GG
|-message|KingCSAlt forfeited.
|
|win|Aeybees
|raw|KingCSAlt's rating: 1539 &rarr; <strong>1519</strong><br />(-20 for losing)
|raw|Aeybees's rating: 1531 &rarr; <strong>1551</strong><br />(+20 for winning)
|c|☆Aeybees|gg
|l|☆KingCSAlt
|player|p1|
|l|☆Aeybees
|player|p2|
