|j|☆blueisnoob
|j|☆Yellowishnesses
|t:|1781245489
|gametype|singles
|player|p1|blueisnoob|101|1622
|player|p2|Yellowishnesses|evelyn|1553
|gen|9
|tier|[Gen 9] OU
|rated|
|rule|HP Percentage Mod: HP is shown in percentages
|rule|Endless Battle Clause: Forcing endless battles is banned
|rule|Species Clause: Limit one of each Pokémon
|rule|OHKO Clause: OHKO moves are banned
|rule|Evasion Items Clause: Evasion items are banned
|rule|Evasion Moves Clause: Evasion moves are banned
|rule|Evasion Abilities Clause: Evasion abilities are banned
|rule|Sleep Moves Clause: Sleep-inducing moves are banned
|clearpoke
|poke|p1|Zamazenta-*|
|poke|p1|Ogerpon-Wellspring, F|
|poke|p1|Slowking-Galar, M|
|poke|p1|Great Tusk|
|poke|p1|Kingambit, M|
|poke|p1|Zapdos|
|poke|p2|Blissey, F|
|poke|p2|Ogerpon-Wellspring, F|
|poke|p2|Alomomola, M|
|poke|p2|Lokix, F|
|poke|p2|Weezing-Galar, F|
|poke|p2|Cinderace, M|
|teampreview
|inactive|Battle timer is ON: inactive players will automatically lose when time's up. (requested by Yellowishnesses)
|
|t:|1781245499
|teamsize|p1|6
|teamsize|p2|6
|start
|switch|p1a: Zapdos|Zapdos|100/100
|switch|p2a: Lokix|Lokix, F|100/100
|turn|1
|
|t:|1781245504
|move|p2a: Lokix|Knock Off|p1a: Zapdos
|-damage|p1a: Zapdos|45/100
|-enditem|p1a: Zapdos|Heavy-Duty Boots|[from] move: Knock Off|[of] p2a: Lokix
|move|p1a: Zapdos|Thunder Wave|p2a: Lokix
|-status|p2a: Lokix|par
|
|upkeep
|turn|2
|
|t:|1781245512
|switch|p2a: Blissey|Blissey, F|100/100
|move|p1a: Zapdos|Roost|p1a: Zapdos
|-heal|p1a: Zapdos|96/100
|-singleturn|p1a: Zapdos|move: Roost
|
|upkeep
|turn|3
|
|t:|1781245523
|move|p1a: Zapdos|Volt Switch|p2a: Blissey
|-damage|p2a: Blissey|91/100
|
|t:|1781245525
|switch|p1a: Ogerpon|Ogerpon-Wellspring, F|100/100|[from] Volt Switch
|move|p2a: Blissey|Seismic Toss|p1a: Ogerpon
|-damage|p1a: Ogerpon|67/100
|
|upkeep
|turn|4
|
|t:|1781245528
|move|p1a: Ogerpon|Knock Off|p2a: Blissey
|-damage|p2a: Blissey|52/100
|-enditem|p2a: Blissey|Heavy-Duty Boots|[from] move: Knock Off|[of] p1a: Ogerpon
|move|p2a: Blissey|Thunder Wave|p1a: Ogerpon
|-status|p1a: Ogerpon|par
|
|upkeep
|turn|5
|
|t:|1781245533
|cant|p1a: Ogerpon|par
|move|p2a: Blissey|Soft-Boiled|p2a: Blissey
|-heal|p2a: Blissey|100/100
|
|upkeep
|turn|6
|
|t:|1781245536
|move|p1a: Ogerpon|Ivy Cudgel|p2a: Blissey|[anim] Ivy Cudgel Water
|-damage|p2a: Blissey|42/100
|move|p2a: Blissey|Seismic Toss|p1a: Ogerpon
|-damage|p1a: Ogerpon|34/100 par
|
|upkeep
|turn|7
|
|t:|1781245541
|switch|p2a: Ogerpon|Ogerpon-Wellspring, F|100/100
|move|p1a: Ogerpon|Power Whip|p2a: Ogerpon
|-damage|p2a: Ogerpon|11/100
|
|upkeep
|turn|8
|
|t:|1781245546
|move|p2a: Ogerpon|Trailblaze|p1a: Ogerpon
|-damage|p1a: Ogerpon|0 fnt
|-boost|p2a: Ogerpon|spe|1
|faint|p1a: Ogerpon
|
|upkeep
|
|t:|1781245550
|switch|p1a: Zapdos|Zapdos|96/100
|turn|9
|
|t:|1781245575
|switch|p2a: Cinderace|Cinderace, M|100/100
|move|p1a: Zapdos|Volt Switch|p2a: Cinderace
|-crit|p2a: Cinderace
|-damage|p2a: Cinderace|34/100
|
|t:|1781245580
|switch|p1a: Slowking|Slowking-Galar, M|100/100|[from] Volt Switch
|
|upkeep
|turn|10
|
|t:|1781245586
|move|p2a: Cinderace|U-turn|p1a: Slowking
|-start|p2a: Cinderace|typechange|Bug|[from] ability: Libero
|-damage|p1a: Slowking|64/100
|
|t:|1781245588
|switch|p2a: Blissey|Blissey, F|42/100|[from] U-turn
|move|p1a: Slowking|Sludge Bomb|p2a: Blissey
|-damage|p2a: Blissey|27/100
|
|upkeep
|turn|11
|
|t:|1781245590
|move|p2a: Blissey|Soft-Boiled|p2a: Blissey
|-heal|p2a: Blissey|77/100
|move|p1a: Slowking|Psyshock|p2a: Blissey
|-damage|p2a: Blissey|37/100
|
|upkeep
|turn|12
|
|t:|1781245592
|move|p2a: Blissey|Soft-Boiled|p2a: Blissey
|-heal|p2a: Blissey|87/100
|move|p1a: Slowking|Psyshock|p2a: Blissey
|-damage|p2a: Blissey|46/100
|
|upkeep
|turn|13
|
|t:|1781245594
|move|p2a: Blissey|Thunder Wave|p1a: Slowking
|-status|p1a: Slowking|par
|move|p1a: Slowking|Psyshock|p2a: Blissey
|-damage|p2a: Blissey|7/100
|
|upkeep
|turn|14
|
|t:|1781245597
|switch|p1a: Great Tusk|Great Tusk, shiny|100/100
|move|p2a: Blissey|Soft-Boiled|p2a: Blissey
|-heal|p2a: Blissey|57/100
|
|upkeep
|turn|15
|
|t:|1781245599
|switch|p2a: Alomomola|Alomomola, M|100/100
|move|p1a: Great Tusk|Stealth Rock|p2a: Alomomola
|-sidestart|p2: Yellowishnesses|move: Stealth Rock
|
|upkeep
|turn|16
|
|t:|1781245606
|-end|p1a: Great Tusk|Protosynthesis|[silent]
|switch|p1a: Zapdos|Zapdos|96/100
|move|p2a: Alomomola|Wish|p2a: Alomomola
|
|upkeep
|turn|17
|
|t:|1781245613
|move|p1a: Zapdos|Thunder Wave|p2a: Alomomola
|-status|p2a: Alomomola|par
|move|p2a: Alomomola|Flip Turn|p1a: Zapdos
|-damage|p1a: Zapdos|84/100
|
|t:|1781245618
|switch|p2a: Cinderace|Cinderace, M|34/100|[from] Flip Turn
|
|-heal|p2a: Cinderace|100/100|[from] move: Wish|[wisher] Alomomola
|upkeep
|turn|18
|
|t:|1781245625
|move|p2a: Cinderace|Court Change|p2a: Cinderace
|-start|p2a: Cinderace|typechange|Normal|[from] ability: Libero
|-swapsideconditions
|-activate|p2a: Cinderace|move: Court Change
|move|p1a: Zapdos|Thunder Wave|p2a: Cinderace
|-status|p2a: Cinderace|par
|
|upkeep
|turn|19
|
|t:|1781245635
|move|p1a: Zapdos|Hurricane|p2a: Cinderace|[miss]
|-miss|p1a: Zapdos|p2a: Cinderace
|move|p2a: Cinderace|U-turn|p1a: Zapdos
|-resisted|p1a: Zapdos
|-damage|p1a: Zapdos|75/100
|
|t:|1781245637
|switch|p2a: Blissey|Blissey, F|57/100|[from] U-turn
|
|upkeep
|turn|20
|
|t:|1781245640
|move|p1a: Zapdos|Volt Switch|p2a: Blissey
|-damage|p2a: Blissey|48/100
|
|t:|1781245642
|switch|p1a: Great Tusk|Great Tusk, shiny|100/100|[from] Volt Switch
|move|p2a: Blissey|Soft-Boiled|p2a: Blissey
|-heal|p2a: Blissey|98/100
|
|upkeep
|turn|21
|
|t:|1781245648
|switch|p2a: Alomomola|Alomomola, M|100/100 par
|move|p1a: Great Tusk|Rapid Spin|p2a: Alomomola
|-crit|p2a: Alomomola
|-damage|p2a: Alomomola|87/100 par
|-boost|p1a: Great Tusk|spe|1
|-damage|p1a: Great Tusk|84/100|[from] item: Rocky Helmet|[of] p2a: Alomomola
|-sideend|p1: blueisnoob|Stealth Rock|[from] move: Rapid Spin|[of] p1a: Great Tusk
|
|upkeep
|turn|22
|
|t:|1781245650
|move|p1a: Great Tusk|Stealth Rock|p2a: Alomomola
|-sidestart|p2: Yellowishnesses|move: Stealth Rock
|move|p2a: Alomomola|Flip Turn|p1a: Great Tusk
|-supereffective|p1a: Great Tusk
|-damage|p1a: Great Tusk|60/100
|
|t:|1781245662
|switch|p2a: Weezing|Weezing-Galar, F|100/100|[from] Flip Turn
|-ability|p2a: Weezing|Neutralizing Gas
|-damage|p2a: Weezing|88/100|[from] Stealth Rock
|
|-heal|p2a: Weezing|94/100|[from] item: Leftovers
|upkeep
|turn|23
|
|t:|1781245673
|-end|p2a: Weezing|ability: Neutralizing Gas
|switch|p2a: Alomomola|Alomomola, M|100/100 par
|-damage|p2a: Alomomola|88/100 par|[from] Stealth Rock
|-terastallize|p1a: Great Tusk|Fire
|move|p1a: Great Tusk|Headlong Rush|p2a: Alomomola
|-damage|p2a: Alomomola|56/100 par
|-unboost|p1a: Great Tusk|def|1
|-unboost|p1a: Great Tusk|spd|1
|-damage|p1a: Great Tusk|43/100|[from] item: Rocky Helmet|[of] p2a: Alomomola
|
|upkeep
|turn|24
|
|t:|1781245684
|-end|p1a: Great Tusk|Protosynthesis|[silent]
|switch|p1a: Zapdos|Zapdos|75/100
|move|p2a: Alomomola|Flip Turn|p1a: Zapdos
|-damage|p1a: Zapdos|63/100
|
|t:|1781245687
|switch|p2a: Blissey|Blissey, F|98/100|[from] Flip Turn
|-damage|p2a: Blissey|85/100|[from] Stealth Rock
|
|upkeep
|turn|25
|
|t:|1781245689
|move|p1a: Zapdos|Volt Switch|p2a: Blissey
|-damage|p2a: Blissey|76/100
|
|t:|1781245692
|switch|p1a: Great Tusk|Great Tusk, shiny, tera:Fire|43/100|[from] Volt Switch
|move|p2a: Blissey|Heal Bell|p2a: Blissey
|-activate|p2a: Blissey|move: Heal Bell
|-curestatus|p2: Alomomola|par|[msg]
|-curestatus|p2: Cinderace|par|[msg]
|-curestatus|p2: Lokix|par|[msg]
|
|upkeep
|turn|26
|
|t:|1781245695
|switch|p2a: Alomomola|Alomomola, M|90/100
|-damage|p2a: Alomomola|77/100|[from] Stealth Rock
|move|p1a: Great Tusk|Headlong Rush|p2a: Alomomola
|-damage|p2a: Alomomola|46/100
|-unboost|p1a: Great Tusk|def|1
|-unboost|p1a: Great Tusk|spd|1
|-damage|p1a: Great Tusk|27/100|[from] item: Rocky Helmet|[of] p2a: Alomomola
|
|upkeep
|turn|27
|
|t:|1781245704
|-end|p1a: Great Tusk|Protosynthesis|[silent]
|switch|p1a: Zapdos|Zapdos|63/100
|move|p2a: Alomomola|Flip Turn|p1a: Zapdos
|-damage|p1a: Zapdos|50/100
|
|t:|1781245706
|switch|p2a: Blissey|Blissey, F|76/100|[from] Flip Turn
|-damage|p2a: Blissey|63/100|[from] Stealth Rock
|
|upkeep
|turn|28
|
|t:|1781245709
|move|p1a: Zapdos|Volt Switch|p2a: Blissey
|-damage|p2a: Blissey|54/100
|
|t:|1781245712
|switch|p1a: Kingambit|Kingambit, M|100/100|[from] Volt Switch
|-activate|p1a: Kingambit|ability: Supreme Overlord
|-start|p1a: Kingambit|fallen1|[silent]
|move|p2a: Blissey|Seismic Toss|p1a: Kingambit
|-damage|p1a: Kingambit|75/100
|
|-heal|p1a: Kingambit|81/100|[from] item: Leftovers
|upkeep
|turn|29
|
|t:|1781245721
|move|p1a: Kingambit|Kowtow Cleave|p2a: Blissey
|-damage|p2a: Blissey|0 fnt
|faint|p2a: Blissey
|
|-heal|p1a: Kingambit|87/100|[from] item: Leftovers
|upkeep
|
|t:|1781245732
|switch|p2a: Weezing|Weezing-Galar, F|94/100
|-ability|p2a: Weezing|Neutralizing Gas
|-damage|p2a: Weezing|82/100|[from] Stealth Rock
|turn|30
|
|t:|1781245738
|-end|p1a: Kingambit|fallen1|[silent]
|switch|p1a: Zapdos|Zapdos|50/100
|move|p2a: Weezing|Will-O-Wisp|p1a: Zapdos
|-status|p1a: Zapdos|brn
|
|-heal|p2a: Weezing|88/100|[from] item: Leftovers
|-damage|p1a: Zapdos|44/100 brn|[from] brn
|upkeep
|turn|31
|
|t:|1781245741
|move|p1a: Zapdos|Thunder Wave|p2a: Weezing
|-status|p2a: Weezing|par
|move|p2a: Weezing|Defog|p1a: Zapdos
|-unboost|p1a: Zapdos|evasion|1
|-sideend|p2: Yellowishnesses|Stealth Rock|[from] move: Defog|[of] p2a: Weezing
|
|-heal|p2a: Weezing|94/100 par|[from] item: Leftovers
|-damage|p1a: Zapdos|38/100 brn|[from] brn
|upkeep
|turn|32
|j| euphoricpoptarts
|
|t:|1781245747
|move|p1a: Zapdos|Roost|p1a: Zapdos
|-heal|p1a: Zapdos|88/100 brn
|-singleturn|p1a: Zapdos|move: Roost
|move|p2a: Weezing|Strange Steam|p1a: Zapdos
|-damage|p1a: Zapdos|63/100 brn
|
|-heal|p2a: Weezing|99/100 par|[from] item: Leftovers
|-damage|p1a: Zapdos|57/100 brn|[from] brn
|upkeep
|turn|33
|
|t:|1781245751
|move|p1a: Zapdos|Hurricane|p2a: Weezing
|-damage|p2a: Weezing|50/100 par
|move|p2a: Weezing|Strange Steam|p1a: Zapdos
|-damage|p1a: Zapdos|31/100 brn
|
|-heal|p2a: Weezing|56/100 par|[from] item: Leftovers
|-damage|p1a: Zapdos|25/100 brn|[from] brn
|upkeep
|turn|34
|
|t:|1781245755
|move|p1a: Zapdos|Roost|p1a: Zapdos
|-heal|p1a: Zapdos|75/100 brn
|-singleturn|p1a: Zapdos|move: Roost
|move|p2a: Weezing|Strange Steam|p1a: Zapdos
|-damage|p1a: Zapdos|48/100 brn
|
|-heal|p2a: Weezing|62/100 par|[from] item: Leftovers
|-damage|p1a: Zapdos|42/100 brn|[from] brn
|upkeep
|turn|35
|
|t:|1781245758
|-end|p2a: Weezing|ability: Neutralizing Gas
|switch|p2a: Ogerpon|Ogerpon-Wellspring, F|11/100
|move|p1a: Zapdos|Roost|p1a: Zapdos
|-heal|p1a: Zapdos|92/100 brn
|-singleturn|p1a: Zapdos|move: Roost
|
|-damage|p1a: Zapdos|86/100 brn|[from] brn
|upkeep
|turn|36
|
|t:|1781245765
|move|p2a: Ogerpon|Encore|p1a: Zapdos
|-start|p1a: Zapdos|Encore
|move|p1a: Zapdos|Roost|p1a: Zapdos
|-heal|p1a: Zapdos|100/100 brn
|-singleturn|p1a: Zapdos|move: Roost
|
|-damage|p1a: Zapdos|94/100 brn|[from] brn
|upkeep
|turn|37
|
|t:|1781245771
|switch|p1a: Kingambit|Kingambit, M|87/100
|-activate|p1a: Kingambit|ability: Supreme Overlord
|-start|p1a: Kingambit|fallen1|[silent]
|move|p2a: Ogerpon|Knock Off|p1a: Kingambit
|-resisted|p1a: Kingambit
|-damage|p1a: Kingambit|73/100
|-enditem|p1a: Kingambit|Leftovers|[from] move: Knock Off|[of] p2a: Ogerpon
|
|upkeep
|turn|38
|
|t:|1781245774
|switch|p2a: Alomomola|Alomomola, M|79/100
|move|p1a: Kingambit|Kowtow Cleave|p2a: Alomomola
|-damage|p2a: Alomomola|50/100
|-damage|p1a: Kingambit|56/100|[from] item: Rocky Helmet|[of] p2a: Alomomola
|
|upkeep
|turn|39
|
|t:|1781245783
|move|p1a: Kingambit|Swords Dance|p1a: Kingambit
|-boost|p1a: Kingambit|atk|2
|move|p2a: Alomomola|Wish|p2a: Alomomola
|
|upkeep
|turn|40
|
|t:|1781245786
|move|p1a: Kingambit|Kowtow Cleave|p2a: Alomomola
|-damage|p2a: Alomomola|0 fnt
|-damage|p1a: Kingambit|40/100|[from] item: Rocky Helmet|[of] p2a: Alomomola
|faint|p2a: Alomomola
|
|upkeep
|
|t:|1781245793
|switch|p2a: Lokix|Lokix, F|100/100
|turn|41
|
|t:|1781245796
|-end|p1a: Kingambit|fallen1|[silent]
|switch|p1a: Zapdos|Zapdos|94/100 brn
|move|p2a: Lokix|First Impression|p1a: Zapdos
|-resisted|p1a: Zapdos
|-damage|p1a: Zapdos|46/100 brn
|
|-damage|p1a: Zapdos|40/100 brn|[from] brn
|upkeep
|turn|42
|
|t:|1781245801
|switch|p2a: Weezing|Weezing-Galar, F|62/100 par
|-ability|p2a: Weezing|Neutralizing Gas
|move|p1a: Zapdos|Thunder Wave|p2a: Weezing
|-fail|p2a: Weezing|par
|
|-heal|p2a: Weezing|68/100 par|[from] item: Leftovers
|-damage|p1a: Zapdos|34/100 brn|[from] brn
|upkeep
|turn|43
|
|t:|1781245807
|-end|p2a: Weezing|ability: Neutralizing Gas
|switch|p2a: Ogerpon|Ogerpon-Wellspring, F|11/100
|move|p1a: Zapdos|Volt Switch|p2a: Ogerpon
|-damage|p2a: Ogerpon|0 fnt
|faint|p2a: Ogerpon
|
|t:|1781245811
|switch|p1a: Kingambit|Kingambit, M|40/100|[from] Volt Switch
|-activate|p1a: Kingambit|ability: Supreme Overlord
|-start|p1a: Kingambit|fallen1|[silent]
|
|upkeep
|-message|Yellowishnesses forfeited.
|
|win|blueisnoob
|raw|blueisnoob's rating: 1622 &rarr; <strong>1638</strong><br />(+16 for winning)
|raw|Yellowishnesses's rating: 1553 &rarr; <strong>1537</strong><br />(-16 for losing)
|l|☆Yellowishnesses
|player|p2|
|l| euphoricpoptarts
