|badge|p1|bronze|gen9ru|100-9
|uhtml|medal-msg|<div class="broadcast-blue">Curious what those medals under the avatar are? PS now has Ladder Seasons! For more information, check out the <a href="https://www.smogon.com/forums/threads/3740067/">thread on Smogon.</a></div>
|j|☆UnzipsCrogre
|j|☆COLFOFLOW
|t:|1780920734
|gametype|singles
|player|p1|UnzipsCrogre|unknown|1564
|player|p2|COLFOFLOW|volkner|1624
|gen|9
|tier|[Gen 9] OU
|rated|
|rule|HP Percentage Mod: HP is shown in percentages
|rule|Endless Battle Clause: Forcing endless battles is banned
|rule|Species Clause: Limit one of each Pokémon
|rule|OHKO Clause: OHKO moves are banned
|rule|Evasion Items Clause: Evasion items are banned
|rule|Evasion Moves Clause: Evasion moves are banned
|rule|Evasion Abilities Clause: Evasion abilities are banned
|rule|Sleep Moves Clause: Sleep-inducing moves are banned
|clearpoke
|poke|p1|Hatterene, F|
|poke|p1|Cresselia, F|
|poke|p1|Crawdaunt, M|
|poke|p1|Ursaluna, F|
|poke|p1|Iron Valiant|
|poke|p1|Raging Bolt|
|poke|p2|Darkrai|
|poke|p2|Clodsire, F|
|poke|p2|Suicune|
|poke|p2|Lokix, F|
|poke|p2|Pecharunt|
|poke|p2|Corviknight, F|
|teampreview
|inactive|Battle timer is ON: inactive players will automatically lose when time's up. (requested by UnzipsCrogre)
|
|t:|1780920745
|teamsize|p1|6
|teamsize|p2|6
|start
|switch|p1a: Hatterene|Hatterene, F|100/100
|switch|p2a: Lokix|Lokix, F|100/100
|turn|1
|
|t:|1780920758
|-terastallize|p2a: Lokix|Bug
|move|p2a: Lokix|Knock Off|p1a: Hatterene
|-damage|p1a: Hatterene|25/100
|-enditem|p1a: Hatterene|Focus Sash|[from] move: Knock Off|[of] p2a: Lokix
|move|p1a: Hatterene|Trick Room|p1a: Hatterene
|-fieldstart|move: Trick Room|[of] p1a: Hatterene
|
|upkeep
|turn|2
|
|t:|1780920765
|switch|p2a: Corviknight|Corviknight, F|100/100
|-ability|p2a: Corviknight|Pressure
|move|p1a: Hatterene|Healing Wish|p1a: Hatterene
|faint|p1a: Hatterene
|
|upkeep
|
|t:|1780920775
|switch|p1a: Ursaluna|Ursaluna, F|100/100
|turn|3
|
|t:|1780920779
|move|p1a: Ursaluna|Swords Dance|p1a: Ursaluna
|-boost|p1a: Ursaluna|atk|2
|move|p2a: Corviknight|Body Press|p1a: Ursaluna
|-supereffective|p1a: Ursaluna
|-damage|p1a: Ursaluna|62/100
|
|-status|p1a: Ursaluna|brn|[from] item: Flame Orb
|upkeep
|turn|4
|
|t:|1780920791
|move|p1a: Ursaluna|Supercell Slam|p2a: Corviknight
|-supereffective|p2a: Corviknight
|-damage|p2a: Corviknight|0 fnt
|-damage|p1a: Ursaluna|46/100 brn|[from] item: Rocky Helmet|[of] p2a: Corviknight
|faint|p2a: Corviknight
|
|-damage|p1a: Ursaluna|40/100 brn|[from] brn
|upkeep
|
|t:|1780920794
|switch|p2a: Lokix|Lokix, F, tera:Bug|100/100
|turn|5
|
|t:|1780920802
|switch|p1a: Iron Valiant|Iron Valiant|100/100
|-enditem|p1a: Iron Valiant|Booster Energy
|-activate|p1a: Iron Valiant|ability: Quark Drive|[fromitem]
|-start|p1a: Iron Valiant|quarkdrivespe
|move|p2a: Lokix|First Impression|p1a: Iron Valiant
|-resisted|p1a: Iron Valiant
|-damage|p1a: Iron Valiant|41/100
|
|-fieldend|move: Trick Room
|upkeep
|turn|6
|
|t:|1780920819
|switch|p2a: Suicune|Suicune|100/100
|-ability|p2a: Suicune|Pressure
|move|p1a: Iron Valiant|Psyshock|p2a: Suicune
|-damage|p2a: Suicune|85/100
|
|-heal|p2a: Suicune|91/100|[from] item: Leftovers
|upkeep
|turn|7
|
|t:|1780920824
|move|p1a: Iron Valiant|Moonblast|p2a: Suicune
|-damage|p2a: Suicune|56/100
|move|p2a: Suicune|Scald|p1a: Iron Valiant
|-damage|p1a: Iron Valiant|0 fnt
|faint|p1a: Iron Valiant
|-end|p1a: Iron Valiant|Quark Drive|[silent]
|
|-heal|p2a: Suicune|62/100|[from] item: Leftovers
|upkeep
|
|t:|1780920831
|switch|p1a: Crawdaunt|Crawdaunt, M|100/100
|turn|8
|
|t:|1780920835
|move|p2a: Suicune|Scald|p1a: Crawdaunt
|-resisted|p1a: Crawdaunt
|-damage|p1a: Crawdaunt|81/100
|move|p1a: Crawdaunt|Knock Off|p2a: Suicune
|-damage|p2a: Suicune|15/100
|-enditem|p2a: Suicune|Leftovers|[from] move: Knock Off|[of] p1a: Crawdaunt
|-damage|p1a: Crawdaunt|71/100|[from] item: Life Orb
|
|upkeep
|turn|9
|
|t:|1780920842
|move|p2a: Suicune|Rest|p2a: Suicune
|-status|p2a: Suicune|slp|[from] move: Rest
|-heal|p2a: Suicune|100/100 slp|[silent]
|move|p1a: Crawdaunt|Knock Off|p2a: Suicune
|-damage|p2a: Suicune|69/100 slp
|-damage|p1a: Crawdaunt|61/100|[from] item: Life Orb
|
|upkeep
|turn|10
|
|t:|1780920846
|cant|p2a: Suicune|slp
|move|p2a: Suicune|Sleep Talk|p2a: Suicune
|move|p2a: Suicune|Rest||[from] move: Sleep Talk|[still]
|-fail|p2a: Suicune
|move|p1a: Crawdaunt|Swords Dance|p1a: Crawdaunt
|-boost|p1a: Crawdaunt|atk|2
|
|upkeep
|turn|11
|
|t:|1780920851
|cant|p2a: Suicune|slp
|move|p2a: Suicune|Sleep Talk|p2a: Suicune
|move|p2a: Suicune|Calm Mind|p2a: Suicune|[from] move: Sleep Talk
|-boost|p2a: Suicune|spa|1
|-boost|p2a: Suicune|spd|1
|move|p1a: Crawdaunt|Knock Off|p2a: Suicune
|-damage|p2a: Suicune|6/100 slp
|-damage|p1a: Crawdaunt|51/100|[from] item: Life Orb
|
|upkeep
|turn|12
|
|t:|1780920859
|-curestatus|p2a: Suicune|slp|[msg]
|move|p2a: Suicune|Scald|p1a: Crawdaunt
|-resisted|p1a: Crawdaunt
|-damage|p1a: Crawdaunt|20/100
|move|p1a: Crawdaunt|Knock Off|p2a: Suicune
|-damage|p2a: Suicune|0 fnt
|faint|p2a: Suicune
|-damage|p1a: Crawdaunt|10/100|[from] item: Life Orb
|
|upkeep
|
|t:|1780920865
|switch|p2a: Darkrai|Darkrai|100/100
|turn|13
|
|t:|1780920874
|move|p2a: Darkrai|Dark Pulse|p1a: Crawdaunt
|-resisted|p1a: Crawdaunt
|-crit|p1a: Crawdaunt
|-damage|p1a: Crawdaunt|0 fnt
|faint|p1a: Crawdaunt
|
|upkeep
|
|t:|1780920878
|switch|p1a: Raging Bolt|Raging Bolt|100/100
|-enditem|p1a: Raging Bolt|Booster Energy
|-activate|p1a: Raging Bolt|ability: Protosynthesis|[fromitem]
|-start|p1a: Raging Bolt|protosynthesisspa
|turn|14
|
|t:|1780920881
|switch|p2a: Clodsire|Clodsire, F|100/100
|move|p1a: Raging Bolt|Calm Mind|p1a: Raging Bolt
|-boost|p1a: Raging Bolt|spa|1
|-boost|p1a: Raging Bolt|spd|1
|
|upkeep
|turn|15
|
|t:|1780920883
|move|p1a: Raging Bolt|Dragon Pulse|p2a: Clodsire
|-crit|p2a: Clodsire
|-damage|p2a: Clodsire|24/100
|move|p2a: Clodsire|Toxic|p1a: Raging Bolt
|-status|p1a: Raging Bolt|tox
|
|-heal|p2a: Clodsire|30/100|[from] item: Black Sludge
|-damage|p1a: Raging Bolt|94/100 tox|[from] psn
|upkeep
|turn|16
|
|t:|1780920890
|move|p1a: Raging Bolt|Dragon Pulse|p2a: Clodsire
|-damage|p2a: Clodsire|0 fnt
|faint|p2a: Clodsire
|
|-damage|p1a: Raging Bolt|82/100 tox|[from] psn
|upkeep
|
|t:|1780920898
|switch|p2a: Lokix|Lokix, F, tera:Bug|100/100
|turn|17
|
|t:|1780920904
|move|p2a: Lokix|First Impression|p1a: Raging Bolt
|-damage|p1a: Raging Bolt|11/100 tox
|move|p1a: Raging Bolt|Thunderclap||[still]
|-fail|p1a: Raging Bolt
|
|-damage|p1a: Raging Bolt|0 fnt|[from] psn
|faint|p1a: Raging Bolt
|-end|p1a: Raging Bolt|Protosynthesis|[silent]
|upkeep
|
|t:|1780920908
|switch|p1a: Ursaluna|Ursaluna, F|40/100 brn
|-heal|p1a: Ursaluna|100/100|[from] move: Healing Wish
|turn|18
|
|t:|1780920915
|switch|p2a: Pecharunt|Pecharunt|100/100
|move|p1a: Ursaluna|Earthquake|p2a: Pecharunt
|-supereffective|p2a: Pecharunt
|-damage|p2a: Pecharunt|45/100
|
|-heal|p2a: Pecharunt|51/100|[from] item: Black Sludge
|-status|p1a: Ursaluna|brn|[from] item: Flame Orb
|upkeep
|turn|19
|
|t:|1780920921
|move|p2a: Pecharunt|Parting Shot|p1a: Ursaluna
|-unboost|p1a: Ursaluna|atk|1
|-unboost|p1a: Ursaluna|spa|1
|
|t:|1780920929
|switch|p2a: Lokix|Lokix, F, tera:Bug|100/100|[from] Parting Shot
|move|p1a: Ursaluna|Earthquake|p2a: Lokix
|-resisted|p2a: Lokix
|-damage|p2a: Lokix|54/100
|
|-damage|p1a: Ursaluna|94/100 brn|[from] brn
|upkeep
|turn|20
|
|t:|1780920936
|move|p2a: Lokix|U-turn|p1a: Ursaluna
|-damage|p1a: Ursaluna|48/100 brn
|
|t:|1780920938
|switch|p2a: Pecharunt|Pecharunt|51/100|[from] U-turn
|move|p1a: Ursaluna|Earthquake|p2a: Pecharunt
|-supereffective|p2a: Pecharunt
|-damage|p2a: Pecharunt|0 fnt
|faint|p2a: Pecharunt
|
|-damage|p1a: Ursaluna|42/100 brn|[from] brn
|upkeep
|
|t:|1780920943
|switch|p2a: Darkrai|Darkrai|100/100
|turn|21
|
|t:|1780920949
|switch|p1a: Cresselia|Cresselia, F|100/100
|move|p2a: Darkrai|Dark Pulse|p1a: Cresselia
|-supereffective|p1a: Cresselia
|-crit|p1a: Cresselia
|-damage|p1a: Cresselia|3/100
|
|upkeep
|turn|22
|
|t:|1780920957
|move|p2a: Darkrai|Dark Pulse|p1a: Cresselia
|-supereffective|p1a: Cresselia
|-damage|p1a: Cresselia|0 fnt
|faint|p1a: Cresselia
|
|upkeep
|-message|UnzipsCrogre forfeited.
|
|win|COLFOFLOW
|raw|UnzipsCrogre's rating: 1564 &rarr; <strong>1547</strong><br />(-17 for losing)
|raw|COLFOFLOW's rating: 1624 &rarr; <strong>1641</strong><br />(+17 for winning)
|l|☆UnzipsCrogre
|player|p1|
|l|☆COLFOFLOW
|player|p2|
