|j|☆biscuitmartial205
|j|☆kshuaib734
|t:|1780957933
|gametype|singles
|player|p1|biscuitmartial205|169|1664
|player|p2|kshuaib734|steven|1730
|gen|9
|tier|[Gen 9] OU
|rated|
|rule|HP Percentage Mod: HP is shown in percentages
|rule|Endless Battle Clause: Forcing endless battles is banned
|rule|Species Clause: Limit one of each Pokémon
|rule|OHKO Clause: OHKO moves are banned
|rule|Evasion Items Clause: Evasion items are banned
|rule|Evasion Moves Clause: Evasion moves are banned
|rule|Evasion Abilities Clause: Evasion abilities are banned
|rule|Sleep Moves Clause: Sleep-inducing moves are banned
|clearpoke
|poke|p1|Kyurem|
|poke|p1|Kingambit, M|
|poke|p1|Great Tusk|
|poke|p1|Cinderace, M|
|poke|p1|Slowking-Galar, M|
|poke|p1|Enamorus-Therian, F|
|poke|p2|Tyranitar, M|
|poke|p2|Dragapult, F|
|poke|p2|Pelipper, F|
|poke|p2|Quaquaval, F|
|poke|p2|Kingdra, M|
|poke|p2|Excadrill, M|
|teampreview
|inactive|Battle timer is ON: inactive players will automatically lose when time's up. (requested by kshuaib734)
|
|t:|1780957947
|teamsize|p1|6
|teamsize|p2|6
|start
|switch|p1a: Kyurem|Kyurem, shiny|100/100
|switch|p2a: King Tyrant|Tyranitar, M|100/100
|-ability|p1a: Kyurem|Pressure
|-weather|Sandstorm|[from] ability: Sand Stream|[of] p2a: King Tyrant
|turn|1
|
|t:|1780957958
|move|p1a: Kyurem|Body Press|p2a: King Tyrant
|-supereffective|p2a: King Tyrant
|-damage|p2a: King Tyrant|41/100
|-enditem|p2a: King Tyrant|Weakness Policy
|-boost|p2a: King Tyrant|atk|2|[from] item: Weakness Policy
|-boost|p2a: King Tyrant|spa|2|[from] item: Weakness Policy
|move|p2a: King Tyrant|Stealth Rock|p1a: Kyurem
|-sidestart|p1: biscuitmartial205|move: Stealth Rock
|
|-weather|Sandstorm|[upkeep]
|-damage|p1a: Kyurem|94/100|[from] Sandstorm
|upkeep
|turn|2
|
|t:|1780957975
|-terastallize|p2a: King Tyrant|Ghost
|move|p1a: Kyurem|Body Press|p2a: King Tyrant
|-immune|p2a: King Tyrant
|move|p2a: King Tyrant|Knock Off|p1a: Kyurem
|-damage|p1a: Kyurem|40/100
|-enditem|p1a: Kyurem|Assault Vest|[from] move: Knock Off|[of] p2a: King Tyrant
|
|-weather|Sandstorm|[upkeep]
|-damage|p1a: Kyurem|34/100|[from] Sandstorm
|-damage|p2a: King Tyrant|35/100|[from] Sandstorm
|upkeep
|turn|3
|j| dilf huntr
|
|t:|1780957985
|switch|p2a: Tyrant's Legacy|Excadrill, M|100/100
|move|p1a: Kyurem|Ice Beam|p2a: Tyrant's Legacy
|-damage|p2a: Tyrant's Legacy|50/100
|
|-weather|Sandstorm|[upkeep]
|-damage|p1a: Kyurem|28/100|[from] Sandstorm
|upkeep
|turn|4
|
|t:|1780957993
|move|p2a: Tyrant's Legacy|Iron Head|p1a: Kyurem
|-supereffective|p1a: Kyurem
|-damage|p1a: Kyurem|0 fnt
|faint|p1a: Kyurem
|-damage|p2a: Tyrant's Legacy|41/100|[from] item: Life Orb
|
|-weather|Sandstorm|[upkeep]
|upkeep
|
|t:|1780958000
|switch|p1a: Cinderace|Cinderace, M, shiny|100/100
|turn|5
|
|t:|1780958012
|move|p1a: Cinderace|Sucker Punch|p2a: Tyrant's Legacy
|-start|p1a: Cinderace|typechange|Dark|[from] ability: Libero
|-damage|p2a: Tyrant's Legacy|0 fnt
|faint|p2a: Tyrant's Legacy
|
|-weather|none
|upkeep
|
|t:|1780958019
|switch|p2a: Tyrant's Downpour|Pelipper, F|100/100
|-weather|RainDance|[from] ability: Drizzle|[of] p2a: Tyrant's Downpour
|turn|6
|
|t:|1780958024
|switch|p1a: Slowking|Slowking-Galar, M, shiny|100/100
|-damage|p1a: Slowking|88/100|[from] Stealth Rock
|move|p2a: Tyrant's Downpour|U-turn|p1a: Slowking
|-damage|p1a: Slowking|79/100
|
|t:|1780958039
|switch|p2a: Tyrant's Vengeance|Kingdra, M|100/100|[from] U-turn
|
|-weather|RainDance|[upkeep]
|upkeep
|turn|7
|
|t:|1780958050
|move|p2a: Tyrant's Vengeance|Weather Ball|p1a: Slowking
|-damage|p1a: Slowking|24/100
|move|p1a: Slowking|Sludge Bomb|p2a: Tyrant's Vengeance
|-damage|p2a: Tyrant's Vengeance|47/100
|
|-weather|RainDance|[upkeep]
|upkeep
|turn|8
|
|t:|1780958057
|switch|p1a: Enamorus|Enamorus-Therian, F|100/100
|-damage|p1a: Enamorus|76/100|[from] Stealth Rock
|move|p2a: Tyrant's Vengeance|Weather Ball|p1a: Enamorus
|-damage|p1a: Enamorus|0 fnt
|faint|p1a: Enamorus
|
|-weather|RainDance|[upkeep]
|upkeep
|
|t:|1780958063
|switch|p1a: Cinderace|Cinderace, M, shiny|100/100
|turn|9
|
|t:|1780958075
|switch|p2a: King Tyrant|Tyranitar, M, tera:Ghost|35/100
|-weather|Sandstorm|[from] ability: Sand Stream|[of] p2a: King Tyrant
|move|p1a: Cinderace|Court Change|p1a: Cinderace
|-start|p1a: Cinderace|typechange|Normal|[from] ability: Libero
|-swapsideconditions
|-activate|p1a: Cinderace|move: Court Change
|
|-weather|Sandstorm|[upkeep]
|-damage|p1a: Cinderace|95/100|[from] Sandstorm
|-damage|p2a: King Tyrant|29/100|[from] Sandstorm
|upkeep
|turn|10
|
|t:|1780958085
|move|p1a: Cinderace|Pyro Ball|p2a: King Tyrant
|-damage|p2a: King Tyrant|3/100
|move|p2a: King Tyrant|Stealth Rock|p1a: Cinderace
|-sidestart|p1: biscuitmartial205|move: Stealth Rock
|
|-weather|Sandstorm|[upkeep]
|-damage|p1a: Cinderace|89/100|[from] Sandstorm
|-damage|p2a: King Tyrant|0 fnt|[from] Sandstorm
|faint|p2a: King Tyrant
|upkeep
|
|t:|1780958094
|switch|p2a: Tyrant's Enforcer|Dragapult, F|100/100
|-damage|p2a: Tyrant's Enforcer|88/100|[from] Stealth Rock
|turn|11
|
|t:|1780958100
|move|p1a: Cinderace|Sucker Punch|p2a: Tyrant's Enforcer
|-supereffective|p2a: Tyrant's Enforcer
|-damage|p2a: Tyrant's Enforcer|23/100
|move|p2a: Tyrant's Enforcer|Dragon Darts|p1a: Cinderace
|-damage|p1a: Cinderace|48/100
|-anim|p2a: Tyrant's Enforcer|Dragon Darts|p1a: Cinderace
|-damage|p1a: Cinderace|11/100
|-damage|p2a: Tyrant's Enforcer|13/100|[from] item: Life Orb
|
|-weather|Sandstorm|[upkeep]
|-damage|p2a: Tyrant's Enforcer|7/100|[from] Sandstorm
|-damage|p1a: Cinderace|5/100|[from] Sandstorm
|upkeep
|turn|12
|
|t:|1780958117
|move|p2a: Tyrant's Enforcer|Curse|p1a: Cinderace
|-start|p1a: Cinderace|Curse|[of] p2a: Tyrant's Enforcer
|-damage|p2a: Tyrant's Enforcer|0 fnt
|faint|p2a: Tyrant's Enforcer
|move|p1a: Cinderace|U-turn|p2: Tyrant's Enforcer|[notarget]
|-fail|p1a: Cinderace
|
|-weather|Sandstorm|[upkeep]
|-damage|p1a: Cinderace|0 fnt|[from] Sandstorm
|faint|p1a: Cinderace
|upkeep
|
|t:|1780958131
|switch|p2a: Tyrant's Endgame|Quaquaval, F|100/100
|switch|p1a: Slowking|Slowking-Galar, M, shiny|57/100
|-damage|p2a: Tyrant's Endgame|94/100|[from] Stealth Rock
|-damage|p1a: Slowking|45/100|[from] Stealth Rock
|turn|13
|
|t:|1780958137
|-terastallize|p1a: Slowking|Water
|move|p2a: Tyrant's Endgame|Wave Crash|p1a: Slowking
|-resisted|p1a: Slowking
|-damage|p1a: Slowking|2/100
|-damage|p2a: Tyrant's Endgame|77/100|[from] Recoil
|move|p1a: Slowking|Psyshock|p2a: Tyrant's Endgame
|-supereffective|p2a: Tyrant's Endgame
|-damage|p2a: Tyrant's Endgame|0 fnt
|faint|p2a: Tyrant's Endgame
|
|-weather|none
|upkeep
|
|t:|1780958157
|switch|p2a: Tyrant's Downpour|Pelipper, F|100/100
|-damage|p2a: Tyrant's Downpour|75/100|[from] Stealth Rock
|-weather|RainDance|[from] ability: Drizzle|[of] p2a: Tyrant's Downpour
|turn|14
|
|t:|1780958165
|switch|p1a: Great Tusk|Great Tusk, shiny|100/100
|-damage|p1a: Great Tusk|98/100|[from] Stealth Rock
|move|p2a: Tyrant's Downpour|Weather Ball|p1a: Great Tusk
|-supereffective|p1a: Great Tusk
|-damage|p1a: Great Tusk|0 fnt
|faint|p1a: Great Tusk
|-end|p1a: Great Tusk|Protosynthesis|[silent]
|
|-weather|RainDance|[upkeep]
|upkeep
|
|t:|1780958168
|switch|p1a: Slowking|Slowking-Galar, M, shiny, tera:Water|35/100
|-damage|p1a: Slowking|23/100|[from] Stealth Rock
|turn|15
|inactive|kshuaib734 has 120 seconds left.
|
|t:|1780958198
|move|p2a: Tyrant's Downpour|Weather Ball|p1a: Slowking
|-resisted|p1a: Slowking
|-damage|p1a: Slowking|9/100
|move|p1a: Slowking|Sludge Bomb|p2a: Tyrant's Downpour
|-damage|p2a: Tyrant's Downpour|15/100
|
|-weather|RainDance|[upkeep]
|upkeep
|turn|16
|inactive|kshuaib734 has 120 seconds left.
|
|t:|1780958206
|move|p2a: Tyrant's Downpour|Weather Ball|p1a: Slowking
|-resisted|p1a: Slowking
|-damage|p1a: Slowking|0 fnt
|faint|p1a: Slowking
|
|-weather|RainDance|[upkeep]
|upkeep
|
|t:|1780958207
|switch|p1a: Kingambit|Kingambit, M, shiny|100/100
|-damage|p1a: Kingambit|94/100|[from] Stealth Rock
|-activate|p1a: Kingambit|ability: Supreme Overlord
|-start|p1a: Kingambit|fallen5|[silent]
|-item|p1a: Kingambit|Air Balloon
|turn|17
|
|t:|1780958216
|move|p1a: Kingambit|Sucker Punch|p2a: Tyrant's Downpour
|-damage|p2a: Tyrant's Downpour|0 fnt
|faint|p2a: Tyrant's Downpour
|
|-weather|RainDance|[upkeep]
|upkeep
|-message|kshuaib734 forfeited.
|
|win|biscuitmartial205
|raw|biscuitmartial205's rating: 1664 &rarr; <strong>1688</strong><br />(+24 for winning)
|raw|kshuaib734's rating: 1730 &rarr; <strong>1706</strong><br />(-24 for losing)
|l|☆kshuaib734
|player|p2|
|l|☆biscuitmartial205
|player|p1|
