|j|☆KurisuChestnutOU
|j|☆silver jay#2240
|t:|1781126565
|gametype|singles
|player|p1|KurisuChestnutOU|may-contest|1595
|player|p2|silver jay#2240|grusha|1715
|gen|9
|tier|[Gen 9] OU
|rated|
|rule|HP Percentage Mod: HP is shown in percentages
|rule|Endless Battle Clause: Forcing endless battles is banned
|rule|Species Clause: Limit one of each Pokémon
|rule|OHKO Clause: OHKO moves are banned
|rule|Evasion Items Clause: Evasion items are banned
|rule|Evasion Moves Clause: Evasion moves are banned
|rule|Evasion Abilities Clause: Evasion abilities are banned
|rule|Sleep Moves Clause: Sleep-inducing moves are banned
|clearpoke
|poke|p1|Hawlucha, F|
|poke|p1|Samurott-Hisui, F|
|poke|p1|Rillaboom, F|
|poke|p1|Gholdengo|
|poke|p1|Kyurem|
|poke|p1|Landorus-Therian, M|
|poke|p2|Iron Hands|
|poke|p2|Iron Treads|
|poke|p2|Dragonite, M|
|poke|p2|Darkrai|
|poke|p2|Deoxys-Speed|
|poke|p2|Toxapex, M|
|teampreview
|inactive|Battle timer is ON: inactive players will automatically lose when time's up. (requested by KurisuChestnutOU)
|inactive|silver jay#2240 has 120 seconds left.
|
|t:|1781126626
|teamsize|p1|6
|teamsize|p2|6
|start
|switch|p1a: Kyurem|Kyurem|100/100
|switch|p2a: Deoxys|Deoxys-Speed|100/100
|-ability|p2a: Deoxys|Pressure
|-ability|p1a: Kyurem|Pressure
|turn|1
|
|t:|1781126639
|switch|p2a: Iron Hands|Iron Hands|100/100
|move|p1a: Kyurem|Ice Beam|p2a: Iron Hands
|-damage|p2a: Iron Hands|64/100
|
|upkeep
|turn|2
|inactive|silver jay#2240 has 120 seconds left.
|
|t:|1781126679
|-terastallize|p1a: Kyurem|Poison
|move|p1a: Kyurem|Ice Beam|p2a: Iron Hands
|-damage|p2a: Iron Hands|31/100
|-status|p2a: Iron Hands|frz
|cant|p2a: Iron Hands|frz
|
|upkeep
|turn|3
|inactive|silver jay#2240 has 120 seconds left.
|c|☆silver jay#2240|uhh ok
|
|t:|1781126696
|move|p1a: Kyurem|Earth Power|p2a: Iron Hands
|-supereffective|p2a: Iron Hands
|-damage|p2a: Iron Hands|0 fnt
|faint|p2a: Iron Hands
|-end|p2a: Iron Hands|Quark Drive|[silent]
|
|upkeep
|
|t:|1781126705
|switch|p2a: Deoxys|Deoxys-Speed|100/100
|-ability|p2a: Deoxys|Pressure
|turn|4
|
|t:|1781126716
|move|p2a: Deoxys|Calm Mind|p2a: Deoxys
|-boost|p2a: Deoxys|spa|1
|-boost|p2a: Deoxys|spd|1
|move|p1a: Kyurem|Ice Beam|p2a: Deoxys
|-damage|p2a: Deoxys|69/100
|
|-heal|p2a: Deoxys|75/100|[from] item: Leftovers
|upkeep
|turn|5
|
|t:|1781126723
|switch|p1a: Samurott|Samurott-Hisui, F|100/100
|move|p2a: Deoxys|Calm Mind|p2a: Deoxys
|-boost|p2a: Deoxys|spa|1
|-boost|p2a: Deoxys|spd|1
|
|-heal|p2a: Deoxys|81/100|[from] item: Leftovers
|upkeep
|turn|6
|inactive|silver jay#2240 has 120 seconds left.
|
|t:|1781126729
|switch|p2a: Toxapex|Toxapex, M|100/100
|move|p1a: Samurott|Knock Off|p2a: Toxapex
|-damage|p2a: Toxapex|70/100
|-enditem|p2a: Toxapex|Assault Vest|[from] move: Knock Off|[of] p1a: Samurott
|
|upkeep
|turn|7
|inactive|silver jay#2240 has 120 seconds left.
|
|t:|1781126744
|move|p1a: Samurott|Ceaseless Edge|p2a: Toxapex
|-damage|p2a: Toxapex|37/100
|-sidestart|p2: silver jay#2240|Spikes
|move|p2a: Toxapex|Sludge Bomb|p1a: Samurott
|-damage|p1a: Samurott|82/100
|
|upkeep
|turn|8
|j| blackgokuking
|
|t:|1781126751
|move|p1a: Samurott|Ceaseless Edge|p2a: Toxapex
|-damage|p2a: Toxapex|5/100
|-sidestart|p2: silver jay#2240|Spikes
|move|p2a: Toxapex|Surf|p1a: Samurott
|-resisted|p1a: Samurott
|-damage|p1a: Samurott|72/100
|
|upkeep
|turn|9
|
|t:|1781126756
|move|p1a: Samurott|Flip Turn|p2a: Toxapex
|-resisted|p2a: Toxapex
|-damage|p2a: Toxapex|0 fnt
|faint|p2a: Toxapex
|
|t:|1781126760
|switch|p1a: Kyurem|Kyurem, tera:Poison|100/100|[from] Flip Turn
|-ability|p1a: Kyurem|Pressure
|
|upkeep
|
|t:|1781126768
|switch|p2a: Iron Treads|Iron Treads|100/100
|-item|p2a: Iron Treads|Air Balloon
|turn|10
|
|t:|1781126773
|move|p2a: Iron Treads|Stealth Rock|p1a: Kyurem
|-sidestart|p1: KurisuChestnutOU|move: Stealth Rock
|move|p1a: Kyurem|Focus Blast|p2a: Iron Treads
|-supereffective|p2a: Iron Treads
|-damage|p2a: Iron Treads|0 fnt
|-enditem|p2a: Iron Treads|Air Balloon
|faint|p2a: Iron Treads
|-end|p2a: Iron Treads|Quark Drive|[silent]
|
|upkeep
|
|t:|1781126776
|switch|p2a: Deoxys|Deoxys-Speed|81/100
|-damage|p2a: Deoxys|64/100|[from] Spikes
|-ability|p2a: Deoxys|Pressure
|turn|11
|
|t:|1781126783
|move|p2a: Deoxys|Iron Defense|p2a: Deoxys
|-boost|p2a: Deoxys|def|2
|move|p1a: Kyurem|Ice Beam|p2a: Deoxys
|-damage|p2a: Deoxys|15/100
|
|-heal|p2a: Deoxys|21/100|[from] item: Leftovers
|upkeep
|turn|12
|
|t:|1781126786
|move|p2a: Deoxys|Recover|p2a: Deoxys
|-heal|p2a: Deoxys|71/100
|move|p1a: Kyurem|Focus Blast|p2a: Deoxys|[miss]
|-miss|p1a: Kyurem|p2a: Deoxys
|
|-heal|p2a: Deoxys|77/100|[from] item: Leftovers
|upkeep
|turn|13
|
|t:|1781126790
|move|p2a: Deoxys|Calm Mind|p2a: Deoxys
|-boost|p2a: Deoxys|spa|1
|-boost|p2a: Deoxys|spd|1
|move|p1a: Kyurem|Ice Beam|p2a: Deoxys
|-damage|p2a: Deoxys|47/100
|
|-heal|p2a: Deoxys|53/100|[from] item: Leftovers
|upkeep
|turn|14
|c|☆silver jay#2240|????
|
|t:|1781126796
|switch|p1a: Landorus|Landorus-Therian, M|100/100
|-damage|p1a: Landorus|88/100|[from] Stealth Rock
|-ability|p1a: Landorus|Intimidate|boost
|-unboost|p2a: Deoxys|atk|1
|move|p2a: Deoxys|Calm Mind|p2a: Deoxys
|-boost|p2a: Deoxys|spa|1
|-boost|p2a: Deoxys|spd|1
|
|-heal|p2a: Deoxys|59/100|[from] item: Leftovers
|upkeep
|turn|15
|
|t:|1781126801
|move|p2a: Deoxys|Stored Power|p1a: Landorus
|-damage|p1a: Landorus|0 fnt
|faint|p1a: Landorus
|
|-heal|p2a: Deoxys|65/100|[from] item: Leftovers
|upkeep
|
|t:|1781126804
|switch|p1a: Gholdengo|Gholdengo|100/100
|-damage|p1a: Gholdengo|94/100|[from] Stealth Rock
|turn|16
|
|t:|1781126812
|switch|p2a: Dragonite|Dragonite, M|100/100
|move|p1a: Gholdengo|Trick|p2a: Dragonite
|-activate|p1a: Gholdengo|move: Trick|[of] p2a: Dragonite
|-item|p2a: Dragonite|Choice Scarf|[from] move: Trick
|-item|p1a: Gholdengo|Life Orb|[from] move: Trick
|
|upkeep
|turn|17
|
|t:|1781126828
|switch|p1a: Kyurem|Kyurem, tera:Poison|100/100
|-damage|p1a: Kyurem|88/100|[from] Stealth Rock
|-ability|p1a: Kyurem|Pressure
|move|p2a: Dragonite|Fire Punch|p1a: Kyurem
|-damage|p1a: Kyurem|60/100
|
|upkeep
|turn|18
|
|t:|1781126833
|move|p2a: Dragonite|Fire Punch|p1a: Kyurem
|-damage|p1a: Kyurem|32/100
|move|p1a: Kyurem|Ice Beam|p2a: Dragonite
|-supereffective|p2a: Dragonite
|-damage|p2a: Dragonite|0 fnt
|faint|p2a: Dragonite
|
|upkeep
|
|t:|1781126841
|switch|p2a: Darkrai|Darkrai|100/100
|-damage|p2a: Darkrai|84/100|[from] Spikes
|turn|19
|
|t:|1781126845
|move|p2a: Darkrai|Dark Pulse|p1a: Kyurem
|-damage|p1a: Kyurem|0 fnt
|faint|p1a: Kyurem
|
|upkeep
|
|t:|1781126851
|switch|p1a: Hawlucha|Hawlucha, F|100/100
|-damage|p1a: Hawlucha|88/100|[from] Stealth Rock
|turn|20
|
|t:|1781126857
|move|p2a: Darkrai|Dark Pulse|p1a: Hawlucha
|-resisted|p1a: Hawlucha
|-damage|p1a: Hawlucha|45/100
|move|p1a: Hawlucha|Low Kick|p2a: Darkrai
|-supereffective|p2a: Darkrai
|-damage|p2a: Darkrai|0 fnt
|faint|p2a: Darkrai
|
|upkeep
|
|t:|1781126862
|switch|p2a: Deoxys|Deoxys-Speed|65/100
|-damage|p2a: Deoxys|48/100|[from] Spikes
|-ability|p2a: Deoxys|Pressure
|turn|21
|
|t:|1781126870
|switch|p1a: Gholdengo|Gholdengo|94/100
|-damage|p1a: Gholdengo|88/100|[from] Stealth Rock
|move|p2a: Deoxys|Iron Defense|p2a: Deoxys
|-boost|p2a: Deoxys|def|2
|
|-heal|p2a: Deoxys|54/100|[from] item: Leftovers
|upkeep
|turn|22
|
|t:|1781126876
|-terastallize|p2a: Deoxys|Steel
|move|p2a: Deoxys|Calm Mind|p2a: Deoxys
|-boost|p2a: Deoxys|spa|1
|-boost|p2a: Deoxys|spd|1
|move|p1a: Gholdengo|Shadow Ball|p2a: Deoxys
|-damage|p2a: Deoxys|19/100
|-damage|p1a: Gholdengo|79/100|[from] item: Life Orb
|
|-heal|p2a: Deoxys|25/100|[from] item: Leftovers
|upkeep
|turn|23
|
|t:|1781126889
|move|p2a: Deoxys|Recover|p2a: Deoxys
|-heal|p2a: Deoxys|75/100
|move|p1a: Gholdengo|Shadow Ball|p2a: Deoxys
|-damage|p2a: Deoxys|38/100
|-damage|p1a: Gholdengo|69/100|[from] item: Life Orb
|
|-heal|p2a: Deoxys|44/100|[from] item: Leftovers
|upkeep
|turn|24
|
|t:|1781126894
|move|p2a: Deoxys|Calm Mind|p2a: Deoxys
|-boost|p2a: Deoxys|spa|1
|-boost|p2a: Deoxys|spd|1
|move|p1a: Gholdengo|Shadow Ball|p2a: Deoxys
|-damage|p2a: Deoxys|17/100
|-damage|p1a: Gholdengo|59/100|[from] item: Life Orb
|
|-heal|p2a: Deoxys|23/100|[from] item: Leftovers
|upkeep
|turn|25
|
|t:|1781126897
|switch|p1a: Samurott|Samurott-Hisui, F|72/100
|-damage|p1a: Samurott|60/100|[from] Stealth Rock
|move|p2a: Deoxys|Recover|p2a: Deoxys
|-heal|p2a: Deoxys|73/100
|
|-heal|p2a: Deoxys|79/100|[from] item: Leftovers
|upkeep
|turn|26
|
|t:|1781126902
|move|p2a: Deoxys|Iron Defense|p2a: Deoxys
|-boost|p2a: Deoxys|def|2
|move|p1a: Samurott|Ceaseless Edge|p2a: Deoxys
|-damage|p2a: Deoxys|62/100
|-sidestart|p2: silver jay#2240|Spikes
|
|-heal|p2a: Deoxys|68/100|[from] item: Leftovers
|upkeep
|turn|27
|
|t:|1781126907
|move|p2a: Deoxys|Iron Defense|p2a: Deoxys
|-boost|p2a: Deoxys|def|2
|move|p1a: Samurott|Knock Off|p2a: Deoxys
|-damage|p2a: Deoxys|57/100
|-enditem|p2a: Deoxys|Leftovers|[from] move: Knock Off|[of] p1a: Samurott
|
|upkeep
|turn|28
|
|t:|1781126911
|move|p2a: Deoxys|Calm Mind|p2a: Deoxys
|-boost|p2a: Deoxys|spa|1
|-boost|p2a: Deoxys|spd|1
|move|p1a: Samurott|Ceaseless Edge|p2a: Deoxys|[miss]
|-miss|p1a: Samurott|p2a: Deoxys
|
|upkeep
|turn|29
|
|t:|1781126919
|move|p2a: Deoxys|Calm Mind|p2a: Deoxys
|-boost|p2a: Deoxys|spa|1
|-boost|p2a: Deoxys|spd|1
|move|p1a: Samurott|Ceaseless Edge|p2a: Deoxys
|-damage|p2a: Deoxys|45/100
|
|upkeep
|turn|30
|
|t:|1781126923
|move|p2a: Deoxys|Recover|p2a: Deoxys
|-heal|p2a: Deoxys|95/100
|move|p1a: Samurott|Ceaseless Edge|p2a: Deoxys
|-damage|p2a: Deoxys|83/100
|
|upkeep
|turn|31
|
|t:|1781126927
|move|p2a: Deoxys|Calm Mind|p2a: Deoxys
|-boost|p2a: Deoxys|spa|1
|-boost|p2a: Deoxys|spd|1
|move|p1a: Samurott|Ceaseless Edge|p2a: Deoxys
|-damage|p2a: Deoxys|71/100
|
|upkeep
|turn|32
|
|t:|1781126931
|move|p2a: Deoxys|Calm Mind|p2a: Deoxys
|-boost|p2a: Deoxys|spa|1
|-boost|p2a: Deoxys|spd|1
|move|p1a: Samurott|Ceaseless Edge|p2a: Deoxys
|-damage|p2a: Deoxys|58/100
|
|upkeep
|turn|33
|
|t:|1781126936
|move|p2a: Deoxys|Calm Mind|p2a: Deoxys
|-boost|p2a: Deoxys|spa|0
|-boost|p2a: Deoxys|spd|0
|move|p1a: Samurott|Ceaseless Edge|p2a: Deoxys
|-damage|p2a: Deoxys|45/100
|
|upkeep
|turn|34
|
|t:|1781126943
|move|p1a: Samurott|Sucker Punch||[still]
|-fail|p1a: Samurott
|move|p2a: Deoxys|Recover|p2a: Deoxys
|-heal|p2a: Deoxys|95/100
|
|upkeep
|turn|35
|
|t:|1781126951
|move|p2a: Deoxys|Calm Mind|p2a: Deoxys
|-boost|p2a: Deoxys|spa|0
|-boost|p2a: Deoxys|spd|0
|move|p1a: Samurott|Ceaseless Edge|p2a: Deoxys
|-damage|p2a: Deoxys|83/100
|
|upkeep
|turn|36
|
|t:|1781126954
|move|p2a: Deoxys|Calm Mind|p2a: Deoxys
|-boost|p2a: Deoxys|spa|0
|-boost|p2a: Deoxys|spd|0
|move|p1a: Samurott|Knock Off|p2a: Deoxys
|-damage|p2a: Deoxys|74/100
|
|upkeep
|turn|37
|
|t:|1781126959
|move|p2a: Deoxys|Calm Mind|p2a: Deoxys
|-boost|p2a: Deoxys|spa|0
|-boost|p2a: Deoxys|spd|0
|move|p1a: Samurott|Knock Off|p2a: Deoxys
|-damage|p2a: Deoxys|66/100
|
|upkeep
|turn|38
|
|t:|1781126966
|move|p2a: Deoxys|Calm Mind|p2a: Deoxys
|-boost|p2a: Deoxys|spa|0
|-boost|p2a: Deoxys|spd|0
|move|p1a: Samurott|Knock Off|p2a: Deoxys
|-damage|p2a: Deoxys|57/100
|
|upkeep
|turn|39
|
|t:|1781126972
|move|p2a: Deoxys|Calm Mind|p2a: Deoxys
|-boost|p2a: Deoxys|spa|0
|-boost|p2a: Deoxys|spd|0
|move|p1a: Samurott|Knock Off|p2a: Deoxys
|-damage|p2a: Deoxys|48/100
|
|upkeep
|turn|40
|
|t:|1781126975
|move|p2a: Deoxys|Recover|p2a: Deoxys
|-heal|p2a: Deoxys|98/100
|move|p1a: Samurott|Knock Off|p2a: Deoxys
|-damage|p2a: Deoxys|89/100
|
|upkeep
|turn|41
|
|t:|1781126978
|move|p2a: Deoxys|Calm Mind|p2a: Deoxys
|-boost|p2a: Deoxys|spa|0
|-boost|p2a: Deoxys|spd|0
|move|p1a: Samurott|Ceaseless Edge|p2a: Deoxys
|-damage|p2a: Deoxys|75/100
|
|upkeep
|turn|42
|
|t:|1781126984
|move|p2a: Deoxys|Iron Defense|p2a: Deoxys
|-boost|p2a: Deoxys|def|0
|move|p1a: Samurott|Knock Off|p2a: Deoxys
|-damage|p2a: Deoxys|66/100
|
|upkeep
|turn|43
|
|t:|1781126990
|move|p2a: Deoxys|Iron Defense|p2a: Deoxys
|-boost|p2a: Deoxys|def|0
|move|p1a: Samurott|Ceaseless Edge|p2a: Deoxys
|-damage|p2a: Deoxys|55/100
|
|upkeep
|turn|44
|
|t:|1781126995
|move|p2a: Deoxys|Iron Defense|p2a: Deoxys
|-boost|p2a: Deoxys|def|0
|move|p1a: Samurott|Knock Off|p2a: Deoxys
|-damage|p2a: Deoxys|45/100
|
|upkeep
|turn|45
|
|t:|1781126999
|move|p2a: Deoxys|Recover|p2a: Deoxys
|-heal|p2a: Deoxys|96/100
|move|p1a: Samurott|Knock Off|p2a: Deoxys
|-damage|p2a: Deoxys|87/100
|
|upkeep
|turn|46
|
|t:|1781127002
|move|p2a: Deoxys|Iron Defense|p2a: Deoxys
|-boost|p2a: Deoxys|def|0
|move|p1a: Samurott|Knock Off|p2a: Deoxys
|-damage|p2a: Deoxys|78/100
|
|upkeep
|turn|47
|
|t:|1781127007
|move|p2a: Deoxys|Iron Defense|p2a: Deoxys
|-boost|p2a: Deoxys|def|0
|move|p1a: Samurott|Knock Off|p2a: Deoxys
|-damage|p2a: Deoxys|68/100
|
|upkeep
|turn|48
|
|t:|1781127011
|move|p2a: Deoxys|Iron Defense|p2a: Deoxys
|-boost|p2a: Deoxys|def|0
|move|p1a: Samurott|Knock Off|p2a: Deoxys
|-damage|p2a: Deoxys|59/100
|
|upkeep
|turn|49
|
|t:|1781127017
|move|p2a: Deoxys|Iron Defense|p2a: Deoxys
|-boost|p2a: Deoxys|def|0
|move|p1a: Samurott|Knock Off|p2a: Deoxys
|-damage|p2a: Deoxys|51/100
|
|upkeep
|turn|50
|
|t:|1781127020
|move|p2a: Deoxys|Recover|p2a: Deoxys
|-heal|p2a: Deoxys|100/100
|move|p1a: Samurott|Knock Off|p2a: Deoxys
|-damage|p2a: Deoxys|92/100
|
|upkeep
|turn|51
|
|t:|1781127024
|move|p2a: Deoxys|Iron Defense|p2a: Deoxys
|-boost|p2a: Deoxys|def|0
|move|p1a: Samurott|Knock Off|p2a: Deoxys
|-damage|p2a: Deoxys|83/100
|
|upkeep
|turn|52
|
|t:|1781127028
|move|p1a: Samurott|Sucker Punch||[still]
|-fail|p1a: Samurott
|move|p2a: Deoxys|Iron Defense|p2a: Deoxys
|-boost|p2a: Deoxys|def|0
|
|upkeep
|turn|53
|
|t:|1781127031
|move|p2a: Deoxys|Iron Defense|p2a: Deoxys
|-boost|p2a: Deoxys|def|0
|move|p1a: Samurott|Ceaseless Edge|p2a: Deoxys
|-damage|p2a: Deoxys|70/100
|
|upkeep
|turn|54
|
|t:|1781127041
|move|p2a: Deoxys|Stored Power|p1a: Samurott
|-immune|p1a: Samurott
|move|p1a: Samurott|Flip Turn|p2a: Deoxys
|-damage|p2a: Deoxys|62/100
|
|t:|1781127046
|switch|p1a: Gholdengo|Gholdengo|59/100|[from] Flip Turn
|-damage|p1a: Gholdengo|53/100|[from] Stealth Rock
|
|upkeep
|turn|55
|
|t:|1781127053
|switch|p1a: Samurott|Samurott-Hisui, F|60/100
|-damage|p1a: Samurott|47/100|[from] Stealth Rock
|move|p2a: Deoxys|Stored Power|p1a: Samurott
|-immune|p1a: Samurott
|
|upkeep
|turn|56
|
|t:|1781127058
|move|p2a: Deoxys|Iron Defense|p2a: Deoxys
|-boost|p2a: Deoxys|def|0
|move|p1a: Samurott|Flip Turn|p2a: Deoxys
|-damage|p2a: Deoxys|54/100
|
|t:|1781127064
|switch|p1a: Gholdengo|Gholdengo|53/100|[from] Flip Turn
|-damage|p1a: Gholdengo|47/100|[from] Stealth Rock
|
|upkeep
|turn|57
|
|t:|1781127066
|switch|p1a: Samurott|Samurott-Hisui, F|47/100
|-damage|p1a: Samurott|35/100|[from] Stealth Rock
|move|p2a: Deoxys|Stored Power|p1a: Samurott
|-immune|p1a: Samurott
|
|upkeep
|turn|58
|
|t:|1781127071
|move|p2a: Deoxys|Iron Defense|p2a: Deoxys
|-boost|p2a: Deoxys|def|0
|move|p1a: Samurott|Flip Turn|p2a: Deoxys
|-damage|p2a: Deoxys|46/100
|
|t:|1781127077
|switch|p1a: Gholdengo|Gholdengo|47/100|[from] Flip Turn
|-damage|p1a: Gholdengo|41/100|[from] Stealth Rock
|
|upkeep
|turn|59
|
|t:|1781127082
|switch|p1a: Samurott|Samurott-Hisui, F|35/100
|-damage|p1a: Samurott|22/100|[from] Stealth Rock
|move|p2a: Deoxys|Stored Power|p1a: Samurott
|-immune|p1a: Samurott
|
|upkeep
|turn|60
|
|t:|1781127088
|move|p2a: Deoxys|Iron Defense|p2a: Deoxys
|-boost|p2a: Deoxys|def|0
|move|p1a: Samurott|Flip Turn|p2a: Deoxys
|-damage|p2a: Deoxys|37/100
|
|t:|1781127094
|switch|p1a: Rillaboom|Rillaboom, F|100/100|[from] Flip Turn
|-damage|p1a: Rillaboom|88/100|[from] Stealth Rock
|-fieldstart|move: Grassy Terrain|[from] ability: Grassy Surge|[of] p1a: Rillaboom
|
|-heal|p2a: Deoxys|43/100|[from] Grassy Terrain
|-heal|p1a: Rillaboom|94/100|[from] Grassy Terrain
|upkeep
|turn|61
|c|☆silver jay#2240|oh
|c|☆silver jay#2240|that might be a throw..?
|c|☆silver jay#2240|wait u heal both of us lol nvm
|
|t:|1781127110
|switch|p1a: Samurott|Samurott-Hisui, F|22/100
|-damage|p1a: Samurott|10/100|[from] Stealth Rock
|move|p2a: Deoxys|Stored Power|p1a: Samurott
|-immune|p1a: Samurott
|
|-heal|p2a: Deoxys|49/100|[from] Grassy Terrain
|-heal|p1a: Samurott|16/100|[from] Grassy Terrain
|upkeep
|turn|62
|
|t:|1781127114
|move|p2a: Deoxys|Iron Defense|p2a: Deoxys
|-boost|p2a: Deoxys|def|0
|move|p1a: Samurott|Knock Off|p2a: Deoxys
|-damage|p2a: Deoxys|41/100
|
|-heal|p2a: Deoxys|47/100|[from] Grassy Terrain
|-heal|p1a: Samurott|22/100|[from] Grassy Terrain
|upkeep
|turn|63
|
|t:|1781127119
|move|p2a: Deoxys|Iron Defense|p2a: Deoxys
|-boost|p2a: Deoxys|def|0
|move|p1a: Samurott|Flip Turn|p2a: Deoxys
|-damage|p2a: Deoxys|39/100
|
|t:|1781127122
|switch|p1a: Gholdengo|Gholdengo|41/100|[from] Flip Turn
|-damage|p1a: Gholdengo|35/100|[from] Stealth Rock
|
|-heal|p2a: Deoxys|45/100|[from] Grassy Terrain
|-heal|p1a: Gholdengo|41/100|[from] Grassy Terrain
|upkeep
|turn|64
|
|t:|1781127129
|switch|p1a: Samurott|Samurott-Hisui, F|22/100
|-damage|p1a: Samurott|10/100|[from] Stealth Rock
|move|p2a: Deoxys|Iron Defense|p2a: Deoxys
|-boost|p2a: Deoxys|def|0
|
|-heal|p2a: Deoxys|51/100|[from] Grassy Terrain
|-heal|p1a: Samurott|16/100|[from] Grassy Terrain
|-fieldend|move: Grassy Terrain
|upkeep
|turn|65
|
|t:|1781127131
|move|p2a: Deoxys|Iron Defense|p2a: Deoxys
|-boost|p2a: Deoxys|def|0
|move|p1a: Samurott|Flip Turn|p2a: Deoxys
|-damage|p2a: Deoxys|43/100
|
|t:|1781127138
|switch|p1a: Gholdengo|Gholdengo|41/100|[from] Flip Turn
|-damage|p1a: Gholdengo|35/100|[from] Stealth Rock
|
|upkeep
|turn|66
|
|t:|1781127141
|switch|p1a: Samurott|Samurott-Hisui, F|16/100
|-damage|p1a: Samurott|3/100|[from] Stealth Rock
|move|p2a: Deoxys|Stored Power|p1a: Samurott
|-immune|p1a: Samurott
|
|upkeep
|turn|67
|c|☆silver jay#2240|oh
|
|t:|1781127147
|move|p2a: Deoxys|Iron Defense|p2a: Deoxys
|-boost|p2a: Deoxys|def|0
|move|p1a: Samurott|Flip Turn|p2a: Deoxys
|-damage|p2a: Deoxys|35/100
|c|☆silver jay#2240|now thats a throw
|
|t:|1781127155
|switch|p1a: Gholdengo|Gholdengo|35/100|[from] Flip Turn
|-damage|p1a: Gholdengo|29/100|[from] Stealth Rock
|
|upkeep
|turn|68
|
|t:|1781127162
|switch|p1a: Samurott|Samurott-Hisui, F|3/100
|-damage|p1a: Samurott|0 fnt|[from] Stealth Rock
|faint|p1a: Samurott
|move|p2a: Deoxys|Stored Power|p1: Samurott|[notarget]
|-fail|p2a: Deoxys
|
|upkeep
|
|t:|1781127165
|switch|p1a: Rillaboom|Rillaboom, F|94/100
|-damage|p1a: Rillaboom|82/100|[from] Stealth Rock
|-fieldstart|move: Grassy Terrain|[from] ability: Grassy Surge|[of] p1a: Rillaboom
|turn|69
|
|t:|1781127172
|move|p1a: Rillaboom|Grassy Glide|p2a: Deoxys
|-resisted|p2a: Deoxys
|-damage|p2a: Deoxys|29/100
|move|p2a: Deoxys|Stored Power|p1a: Rillaboom
|-damage|p1a: Rillaboom|0 fnt
|faint|p1a: Rillaboom
|
|-heal|p2a: Deoxys|35/100|[from] Grassy Terrain
|upkeep
|c|☆silver jay#2240|gg
|
|t:|1781127180
|switch|p1a: Hawlucha|Hawlucha, F|45/100
|-damage|p1a: Hawlucha|32/100|[from] Stealth Rock
|-enditem|p1a: Hawlucha|Grassy Seed
|-boost|p1a: Hawlucha|def|1|[from] item: Grassy Seed
|turn|70
|
|t:|1781127183
|move|p1a: Hawlucha|Acrobatics|p2a: Deoxys
|-resisted|p2a: Deoxys
|-damage|p2a: Deoxys|27/100
|move|p2a: Deoxys|Stored Power|p1a: Hawlucha
|-supereffective|p1a: Hawlucha
|-damage|p1a: Hawlucha|0 fnt
|faint|p1a: Hawlucha
|
|-heal|p2a: Deoxys|33/100|[from] Grassy Terrain
|upkeep
|
|t:|1781127188
|switch|p1a: Gholdengo|Gholdengo|29/100
|-damage|p1a: Gholdengo|23/100|[from] Stealth Rock
|turn|71
|
|t:|1781127191
|move|p2a: Deoxys|Stored Power|p1a: Gholdengo
|-resisted|p1a: Gholdengo
|-damage|p1a: Gholdengo|0 fnt
|faint|p1a: Gholdengo
|
|win|silver jay#2240
|raw|KurisuChestnutOU's rating: 1582 &rarr; <strong>1569</strong><br />(-13 for losing)
|raw|silver jay#2240's rating: 1715 &rarr; <strong>1728</strong><br />(+13 for winning)
