|j|☆Ivan丶likeTop
|j|☆FireSide_01
|t:|1781273903
|gametype|singles
|player|p1|Ivan丶likeTop|cynthia|1554
|player|p2|FireSide_01|janine|1497
|gen|9
|tier|[Gen 9] OU
|rated|
|rule|HP Percentage Mod: HP is shown in percentages
|rule|Endless Battle Clause: Forcing endless battles is banned
|rule|Species Clause: Limit one of each Pokémon
|rule|OHKO Clause: OHKO moves are banned
|rule|Evasion Items Clause: Evasion items are banned
|rule|Evasion Moves Clause: Evasion moves are banned
|rule|Evasion Abilities Clause: Evasion abilities are banned
|rule|Sleep Moves Clause: Sleep-inducing moves are banned
|clearpoke
|poke|p1|Iron Valiant|
|poke|p1|Great Tusk|
|poke|p1|Raging Bolt|
|poke|p1|Mamoswine, M|
|poke|p1|Ogerpon, F|
|poke|p1|Moltres|
|poke|p2|Ninetales, F|
|poke|p2|Walking Wake|
|poke|p2|Typhlosion-Hisui, F|
|poke|p2|Great Tusk|
|poke|p2|Rillaboom, F|
|poke|p2|Raging Bolt|
|teampreview
|inactive|Battle timer is ON: inactive players will automatically lose when time's up. (requested by Ivan丶likeTop)
|
|t:|1781273910
|teamsize|p1|6
|teamsize|p2|6
|start
|switch|p1a: Raging Bolt|Raging Bolt|100/100
|switch|p2a: Raging Bolt|Raging Bolt|100/100
|turn|1
|
|t:|1781273916
|-terastallize|p2a: Raging Bolt|Fairy
|move|p2a: Raging Bolt|Dragon Pulse|p1a: Raging Bolt
|-supereffective|p1a: Raging Bolt
|-damage|p1a: Raging Bolt|43/100
|move|p1a: Raging Bolt|Draco Meteor|p2a: Raging Bolt
|-immune|p2a: Raging Bolt
|
|upkeep
|turn|2
|
|t:|1781273929
|move|p1a: Raging Bolt|Thunderclap|p2a: Raging Bolt
|-damage|p2a: Raging Bolt|75/100
|move|p2a: Raging Bolt|Volt Switch|p1a: Raging Bolt
|-resisted|p1a: Raging Bolt
|-damage|p1a: Raging Bolt|37/100
|
|t:|1781273939
|-end|p2a: Raging Bolt|Protosynthesis|[silent]
|switch|p2a: Rillaboom|Rillaboom, F|100/100|[from] Volt Switch
|-fieldstart|move: Grassy Terrain|[from] ability: Grassy Surge|[of] p2a: Rillaboom
|
|-heal|p1a: Raging Bolt|43/100|[from] Grassy Terrain
|upkeep
|turn|3
|
|t:|1781273946
|move|p1a: Raging Bolt|Thunderclap|p2a: Rillaboom
|-resisted|p2a: Rillaboom
|-damage|p2a: Rillaboom|73/100
|move|p2a: Rillaboom|Knock Off|p1a: Raging Bolt
|-damage|p1a: Raging Bolt|0 fnt
|-enditem|p1a: Raging Bolt|Assault Vest|[from] move: Knock Off|[of] p2a: Rillaboom
|faint|p1a: Raging Bolt
|-end|p1a: Raging Bolt|Protosynthesis|[silent]
|
|-heal|p2a: Rillaboom|79/100|[from] Grassy Terrain
|upkeep
|
|t:|1781273954
|switch|p1a: Mamoswine|Mamoswine, M|100/100
|turn|4
|
|t:|1781273962
|switch|p2a: Ninetales|Ninetales, F|100/100
|-weather|SunnyDay|[from] ability: Drought|[of] p2a: Ninetales
|move|p1a: Mamoswine|Knock Off|p2a: Ninetales
|-damage|p2a: Ninetales|30/100
|-enditem|p2a: Ninetales|Heat Rock|[from] move: Knock Off|[of] p1a: Mamoswine
|
|-weather|SunnyDay|[upkeep]
|-heal|p2a: Ninetales|36/100|[from] Grassy Terrain
|upkeep
|turn|5
|
|t:|1781273974
|switch|p2a: Raging Bolt|Raging Bolt, tera:Fairy|75/100
|-activate|p2a: Raging Bolt|ability: Protosynthesis
|-start|p2a: Raging Bolt|protosynthesisspa
|switch|p1a: Moltres|Moltres|100/100
|
|-weather|SunnyDay|[upkeep]
|-heal|p2a: Raging Bolt|81/100|[from] Grassy Terrain
|upkeep
|turn|6
|
|t:|1781274003
|switch|p1a: Mamoswine|Mamoswine, M|100/100
|move|p2a: Raging Bolt|Weather Ball|p1a: Mamoswine
|-supereffective|p1a: Mamoswine
|-damage|p1a: Mamoswine|0 fnt
|faint|p1a: Mamoswine
|
|-weather|SunnyDay|[upkeep]
|-heal|p2a: Raging Bolt|87/100|[from] Grassy Terrain
|-fieldend|move: Grassy Terrain
|upkeep
|
|t:|1781274012
|switch|p1a: Great Tusk|Great Tusk|100/100
|-activate|p1a: Great Tusk|ability: Protosynthesis
|-start|p1a: Great Tusk|protosynthesisatk
|turn|7
|
|t:|1781274018
|move|p1a: Great Tusk|Headlong Rush|p2a: Raging Bolt
|-damage|p2a: Raging Bolt|11/100
|-unboost|p1a: Great Tusk|def|1
|-unboost|p1a: Great Tusk|spd|1
|move|p2a: Raging Bolt|Weather Ball|p1a: Great Tusk
|-damage|p1a: Great Tusk|0 fnt
|faint|p1a: Great Tusk
|-end|p1a: Great Tusk|Protosynthesis|[silent]
|
|-weather|SunnyDay|[upkeep]
|upkeep
|
|t:|1781274031
|switch|p1a: Iron Valiant|Iron Valiant|100/100
|-enditem|p1a: Iron Valiant|Booster Energy
|-activate|p1a: Iron Valiant|ability: Quark Drive|[fromitem]
|-start|p1a: Iron Valiant|quarkdrivespe
|turn|8
|
|t:|1781274034
|move|p1a: Iron Valiant|Calm Mind|p1a: Iron Valiant
|-boost|p1a: Iron Valiant|spa|1
|-boost|p1a: Iron Valiant|spd|1
|move|p2a: Raging Bolt|Volt Switch|p1a: Iron Valiant
|-damage|p1a: Iron Valiant|39/100
|
|t:|1781274039
|-end|p2a: Raging Bolt|Protosynthesis|[silent]
|switch|p2a: Rillaboom|Rillaboom, F|79/100|[from] Volt Switch
|-fieldstart|move: Grassy Terrain|[from] ability: Grassy Surge|[of] p2a: Rillaboom
|
|-weather|SunnyDay|[upkeep]
|-heal|p1a: Iron Valiant|45/100|[from] Grassy Terrain
|-heal|p2a: Rillaboom|86/100|[from] Grassy Terrain
|upkeep
|turn|9
|
|t:|1781274042
|-end|p1a: Iron Valiant|Quark Drive|[silent]
|switch|p1a: Moltres|Moltres|100/100
|move|p2a: Rillaboom|Grassy Glide|p1a: Moltres
|-resisted|p1a: Moltres
|-damage|p1a: Moltres|90/100
|
|-weather|SunnyDay|[upkeep]
|-heal|p2a: Rillaboom|92/100|[from] Grassy Terrain
|upkeep
|turn|10
|
|t:|1781274048
|switch|p2a: Raging Bolt|Raging Bolt, tera:Fairy|11/100
|-activate|p2a: Raging Bolt|ability: Protosynthesis
|-start|p2a: Raging Bolt|protosynthesisspa
|move|p1a: Moltres|U-turn|p2a: Raging Bolt
|-resisted|p2a: Raging Bolt
|-damage|p2a: Raging Bolt|4/100
|
|t:|1781274052
|switch|p1a: Iron Valiant|Iron Valiant|45/100|[from] U-turn
|
|-weather|SunnyDay|[upkeep]
|-heal|p1a: Iron Valiant|52/100|[from] Grassy Terrain
|-heal|p2a: Raging Bolt|10/100|[from] Grassy Terrain
|upkeep
|turn|11
|
|t:|1781274058
|move|p2a: Raging Bolt|Thunderclap||[still]
|-fail|p2a: Raging Bolt
|move|p1a: Iron Valiant|Calm Mind|p1a: Iron Valiant
|-boost|p1a: Iron Valiant|spa|1
|-boost|p1a: Iron Valiant|spd|1
|
|-weather|none
|-end|p2a: Raging Bolt|Protosynthesis
|-heal|p1a: Iron Valiant|58/100|[from] Grassy Terrain
|-heal|p2a: Raging Bolt|17/100|[from] Grassy Terrain
|upkeep
|turn|12
|
|t:|1781274063
|move|p1a: Iron Valiant|Moonblast|p2a: Raging Bolt
|-damage|p2a: Raging Bolt|0 fnt
|faint|p2a: Raging Bolt
|-end|p2a: Raging Bolt|Protosynthesis|[silent]
|
|-heal|p1a: Iron Valiant|64/100|[from] Grassy Terrain
|-fieldend|move: Grassy Terrain
|upkeep
|
|t:|1781274069
|switch|p2a: Typhlosion|Typhlosion-Hisui, F|100/100
|turn|13
|
|t:|1781274078
|-terastallize|p1a: Iron Valiant|Ghost
|move|p2a: Typhlosion|Eruption|p1a: Iron Valiant
|-damage|p1a: Iron Valiant|0 fnt
|faint|p1a: Iron Valiant
|-end|p1a: Iron Valiant|Quark Drive|[silent]
|
|upkeep
|-message|Ivan丶likeTop forfeited.
|
|win|FireSide_01
|raw|Ivan丶likeTop's rating: 1554 &rarr; <strong>1531</strong><br />(-23 for losing)
|raw|FireSide_01's rating: 1497 &rarr; <strong>1520</strong><br />(+23 for winning)
|l|☆Ivan丶likeTop
|player|p1|
|l|☆FireSide_01
|player|p2|
