|j|‽SirShakes
|j|☆KurisuChestnutLab
|t:|1781142673
|gametype|singles
|player|p1|SirShakes|firebreather|1541
|player|p2|KurisuChestnutLab|may-contest|1592
|gen|9
|tier|[Gen 9] OU
|rated|
|rule|HP Percentage Mod: HP is shown in percentages
|rule|Endless Battle Clause: Forcing endless battles is banned
|rule|Species Clause: Limit one of each Pokémon
|rule|OHKO Clause: OHKO moves are banned
|rule|Evasion Items Clause: Evasion items are banned
|rule|Evasion Moves Clause: Evasion moves are banned
|rule|Evasion Abilities Clause: Evasion abilities are banned
|rule|Sleep Moves Clause: Sleep-inducing moves are banned
|clearpoke
|poke|p1|Alomomola, L99, M|
|poke|p1|Iron Valiant|
|poke|p1|Slowking-Galar, M|
|poke|p1|Dragapult, F|
|poke|p1|Cinderace, M|
|poke|p1|Hydrapple, F|
|poke|p2|Zamazenta-*|
|poke|p2|Zapdos|
|poke|p2|Garganacl, M|
|poke|p2|Clefable, M|
|poke|p2|Samurott-Hisui, M|
|poke|p2|Gholdengo|
|teampreview
|inactive|Battle timer is ON: inactive players will automatically lose when time's up. (requested by KurisuChestnutLab)
|
|t:|1781142683
|teamsize|p1|6
|teamsize|p2|6
|start
|switch|p1a: Hydrapple|Hydrapple, F|100/100
|switch|p2a: Zapdos|Zapdos|100/100
|turn|1
|
|t:|1781142692
|move|p2a: Zapdos|Hurricane|p1a: Hydrapple
|-supereffective|p1a: Hydrapple
|-damage|p1a: Hydrapple|7/100
|-start|p1a: Hydrapple|confusion
|-activate|p1a: Hydrapple|confusion
|move|p1a: Hydrapple|Fickle Beam|p2a: Zapdos
|-damage|p2a: Zapdos|71/100
|
|upkeep
|turn|2
|
|t:|1781142698
|switch|p1a: Alomomola|Alomomola, L99, M|100/100
|move|p2a: Zapdos|Volt Switch|p1a: Alomomola
|-supereffective|p1a: Alomomola
|-damage|p1a: Alomomola|70/100
|
|t:|1781142702
|switch|p2a: Samurott|Samurott-Hisui, M|100/100|[from] Volt Switch
|
|upkeep
|turn|3
|j| SilverDE
|
|t:|1781142709
|switch|p1a: Hydrapple|Hydrapple, F|40/100
|move|p2a: Samurott|Ceaseless Edge|p1a: Hydrapple
|-damage|p1a: Hydrapple|14/100
|-damage|p2a: Samurott|84/100|[from] item: Rocky Helmet|[of] p1a: Hydrapple
|-sidestart|p1: SirShakes|Spikes
|
|upkeep
|turn|4
|l| SilverDE
|
|t:|1781142717
|switch|p2a: Zapdos|Zapdos|71/100
|switch|p1a: Slowking|Slowking-Galar, M|100/100
|
|upkeep
|turn|5
|
|t:|1781142724
|move|p2a: Zapdos|Volt Switch|p1a: Slowking
|-damage|p1a: Slowking|75/100
|
|t:|1781142728
|switch|p2a: Garganacl|Garganacl, M|100/100|[from] Volt Switch
|move|p1a: Slowking|Toxic|p2a: Garganacl
|-immune|p2a: Garganacl|[from] ability: Purifying Salt
|
|upkeep
|turn|6
|
|t:|1781142738
|move|p2a: Garganacl|Stealth Rock|p1a: Slowking
|-sidestart|p1: SirShakes|move: Stealth Rock
|-prepare|p1a: Slowking|Chilly Reception|[premajor]
|move|p1a: Slowking|Chilly Reception|p1a: Slowking
|-weather|Snowscape
|
|t:|1781142747
|switch|p1a: Cinderace|Cinderace, M|100/100|[from] Chilly Reception
|
|-weather|Snowscape|[upkeep]
|upkeep
|turn|7
|
|t:|1781142750
|move|p1a: Cinderace|Court Change|p1a: Cinderace
|-start|p1a: Cinderace|typechange|Normal|[from] ability: Libero
|-swapsideconditions
|-activate|p1a: Cinderace|move: Court Change
|move|p2a: Garganacl|Salt Cure|p1a: Cinderace
|-damage|p1a: Cinderace|81/100
|-start|p1a: Cinderace|Salt Cure
|
|-weather|Snowscape|[upkeep]
|-damage|p1a: Cinderace|68/100|[from] Salt Cure
|upkeep
|turn|8
|
|t:|1781142756
|switch|p1a: Hydrapple|Hydrapple, F|47/100
|move|p2a: Garganacl|Stealth Rock|p1a: Hydrapple
|-sidestart|p1: SirShakes|move: Stealth Rock
|
|-weather|Snowscape|[upkeep]
|upkeep
|turn|9
|
|t:|1781142763
|switch|p2a: Zapdos|Zapdos|71/100
|move|p1a: Hydrapple|Giga Drain|p2a: Zapdos
|-resisted|p2a: Zapdos
|-crit|p2a: Zapdos
|-damage|p2a: Zapdos|49/100
|-heal|p1a: Hydrapple|58/100|[from] drain|[of] p2a: Zapdos
|
|-weather|Snowscape|[upkeep]
|upkeep
|turn|10
|
|t:|1781142772
|switch|p1a: Alomomola|Alomomola, L99, M|100/100
|-damage|p1a: Alomomola|88/100|[from] Stealth Rock
|move|p2a: Zapdos|Roost|p2a: Zapdos
|-heal|p2a: Zapdos|99/100
|-singleturn|p2a: Zapdos|move: Roost
|
|-weather|none
|upkeep
|turn|11
|
|t:|1781142785
|move|p2a: Zapdos|Discharge|p1a: Alomomola
|-supereffective|p1a: Alomomola
|-damage|p1a: Alomomola|54/100
|move|p1a: Alomomola|Play Rough|p2a: Zapdos
|-damage|p2a: Zapdos|87/100
|
|upkeep
|turn|12
|
|t:|1781142791
|move|p2a: Zapdos|Hurricane|p1a: Alomomola
|-damage|p1a: Alomomola|29/100
|move|p1a: Alomomola|Flip Turn|p2a: Zapdos
|-damage|p2a: Zapdos|75/100
|
|t:|1781142801
|switch|p1a: Dragapult|Dragapult, F|100/100|[from] Flip Turn
|-damage|p1a: Dragapult|88/100|[from] Stealth Rock
|
|upkeep
|turn|13
|
|t:|1781142809
|move|p1a: Dragapult|Shadow Ball|p2a: Zapdos
|-damage|p2a: Zapdos|22/100
|-unboost|p2a: Zapdos|spd|1
|move|p2a: Zapdos|Hurricane|p1a: Dragapult|[miss]
|-miss|p2a: Zapdos|p1a: Dragapult
|
|upkeep
|turn|14
|
|t:|1781142814
|switch|p2a: Garganacl|Garganacl, M|100/100
|-damage|p2a: Garganacl|88/100|[from] Spikes
|-damage|p2a: Garganacl|76/100|[from] Stealth Rock
|move|p1a: Dragapult|Shadow Ball|p2a: Garganacl
|-damage|p2a: Garganacl|58/100
|
|-heal|p2a: Garganacl|64/100|[from] item: Leftovers
|upkeep
|turn|15
|
|t:|1781142820
|switch|p1a: Hydrapple|Hydrapple, F|91/100
|-damage|p1a: Hydrapple|79/100|[from] Stealth Rock
|move|p2a: Garganacl|Salt Cure|p1a: Hydrapple
|-damage|p1a: Hydrapple|71/100
|-start|p1a: Hydrapple|Salt Cure
|
|-heal|p2a: Garganacl|70/100|[from] item: Leftovers
|-damage|p1a: Hydrapple|59/100|[from] Salt Cure
|upkeep
|turn|16
|
|t:|1781142831
|move|p1a: Hydrapple|Fickle Beam|p2a: Garganacl|[anim] Fickle Beam All Out
|-activate|p1a: Hydrapple|move: Fickle Beam
|-damage|p2a: Garganacl|25/100
|move|p2a: Garganacl|Recover|p2a: Garganacl
|-heal|p2a: Garganacl|75/100
|
|-heal|p2a: Garganacl|82/100|[from] item: Leftovers
|-damage|p1a: Hydrapple|46/100|[from] Salt Cure
|upkeep
|turn|17
|
|t:|1781142836
|move|p1a: Hydrapple|Giga Drain|p2a: Garganacl
|-supereffective|p2a: Garganacl
|-damage|p2a: Garganacl|40/100
|-heal|p1a: Hydrapple|67/100|[from] drain|[of] p2a: Garganacl
|move|p2a: Garganacl|Earthquake|p1a: Hydrapple
|-resisted|p1a: Hydrapple
|-damage|p1a: Hydrapple|60/100
|
|-heal|p2a: Garganacl|46/100|[from] item: Leftovers
|-damage|p1a: Hydrapple|47/100|[from] Salt Cure
|upkeep
|turn|18
|j| catgirlreiuji
|
|t:|1781142842
|move|p1a: Hydrapple|Giga Drain|p2a: Garganacl
|-supereffective|p2a: Garganacl
|-damage|p2a: Garganacl|4/100
|-heal|p1a: Hydrapple|68/100|[from] drain|[of] p2a: Garganacl
|move|p2a: Garganacl|Recover|p2a: Garganacl
|-heal|p2a: Garganacl|54/100
|
|-heal|p2a: Garganacl|60/100|[from] item: Leftovers
|-damage|p1a: Hydrapple|55/100|[from] Salt Cure
|upkeep
|turn|19
|
|t:|1781142847
|move|p1a: Hydrapple|Nasty Plot|p1a: Hydrapple
|-boost|p1a: Hydrapple|spa|2
|move|p2a: Garganacl|Recover|p2a: Garganacl
|-heal|p2a: Garganacl|100/100
|
|-damage|p1a: Hydrapple|43/100|[from] Salt Cure
|upkeep
|turn|20
|
|t:|1781142850
|switch|p2a: Clefable|Clefable, M|100/100
|move|p1a: Hydrapple|Giga Drain|p2a: Clefable
|-damage|p2a: Clefable|72/100
|-heal|p1a: Hydrapple|57/100|[from] drain|[of] p2a: Clefable
|
|-damage|p1a: Hydrapple|45/100|[from] Salt Cure
|upkeep
|turn|21
|
|t:|1781142876
|switch|p1a: Slowking|Slowking-Galar, M|100/100
|move|p2a: Clefable|Knock Off|p1a: Slowking
|-supereffective|p1a: Slowking
|-damage|p1a: Slowking|78/100
|-enditem|p1a: Slowking|Heavy-Duty Boots|[from] move: Knock Off|[of] p2a: Clefable
|
|upkeep
|turn|22
|
|t:|1781142884
|move|p2a: Clefable|Thunder Wave|p1a: Slowking
|-status|p1a: Slowking|par
|move|p1a: Slowking|Sludge Bomb|p2a: Clefable
|-supereffective|p2a: Clefable
|-damage|p2a: Clefable|6/100
|-status|p2a: Clefable|psn
|
|-damage|p2a: Clefable|0 fnt|[from] psn
|faint|p2a: Clefable
|upkeep
|
|t:|1781142888
|switch|p2a: Zapdos|Zapdos|22/100
|turn|23
|
|t:|1781142895
|move|p2a: Zapdos|Roost|p2a: Zapdos
|-heal|p2a: Zapdos|73/100
|-singleturn|p2a: Zapdos|move: Roost
|move|p1a: Slowking|Sludge Bomb|p2a: Zapdos
|-damage|p2a: Zapdos|41/100
|
|upkeep
|turn|24
|
|t:|1781142899
|move|p2a: Zapdos|Roost|p2a: Zapdos
|-heal|p2a: Zapdos|91/100
|-singleturn|p2a: Zapdos|move: Roost
|move|p1a: Slowking|Toxic|p2a: Zapdos
|-status|p2a: Zapdos|tox
|
|-damage|p2a: Zapdos|85/100 tox|[from] psn
|upkeep
|turn|25
|
|t:|1781142905
|move|p2a: Zapdos|Volt Switch|p1a: Slowking
|-damage|p1a: Slowking|55/100 par
|
|t:|1781142909
|switch|p2a: Gholdengo|Gholdengo|100/100|[from] Volt Switch
|-damage|p2a: Gholdengo|88/100|[from] Spikes
|-damage|p2a: Gholdengo|82/100|[from] Stealth Rock
|-prepare|p1a: Slowking|Chilly Reception|[premajor]
|cant|p1a: Slowking|par
|
|upkeep
|turn|26
|
|t:|1781142922
|switch|p1a: Alomomola|Alomomola, L99, M|63/100
|-damage|p1a: Alomomola|50/100|[from] Stealth Rock
|move|p2a: Gholdengo|Shadow Ball|p1a: Alomomola
|-damage|p1a: Alomomola|29/100
|
|upkeep
|turn|27
|
|t:|1781142925
|move|p2a: Gholdengo|Shadow Ball|p1a: Alomomola
|-damage|p1a: Alomomola|10/100
|move|p1a: Alomomola|Flip Turn|p2a: Gholdengo
|-damage|p2a: Gholdengo|65/100
|
|t:|1781142932
|switch|p1a: Cinderace|Cinderace, M|68/100|[from] Flip Turn
|
|upkeep
|turn|28
|
|t:|1781142935
|move|p2a: Gholdengo|Shadow Ball|p1a: Cinderace
|-damage|p1a: Cinderace|2/100
|move|p1a: Cinderace|Pyro Ball|p2a: Gholdengo
|-supereffective|p2a: Gholdengo
|-damage|p2a: Gholdengo|0 fnt
|faint|p2a: Gholdengo
|
|upkeep
|
|t:|1781142941
|switch|p2a: Samurott|Samurott-Hisui, M|84/100
|-damage|p2a: Samurott|72/100|[from] Spikes
|-damage|p2a: Samurott|59/100|[from] Stealth Rock
|turn|29
|
|t:|1781142950
|move|p2a: Samurott|Ceaseless Edge|p1a: Cinderace
|-damage|p1a: Cinderace|0 fnt
|-sidestart|p1: SirShakes|Spikes
|faint|p1a: Cinderace
|
|upkeep
|
|t:|1781142953
|switch|p1a: Hydrapple|Hydrapple, F|78/100
|-damage|p1a: Hydrapple|66/100|[from] Stealth Rock
|-damage|p1a: Hydrapple|53/100|[from] Spikes
|turn|30
|
|t:|1781142956
|move|p2a: Samurott|Ceaseless Edge|p1a: Hydrapple
|-damage|p1a: Hydrapple|28/100
|-damage|p2a: Samurott|43/100|[from] item: Rocky Helmet|[of] p1a: Hydrapple
|-sidestart|p1: SirShakes|Spikes
|move|p1a: Hydrapple|Giga Drain|p2a: Samurott
|-supereffective|p2a: Samurott
|-damage|p2a: Samurott|0 fnt
|-heal|p1a: Hydrapple|45/100|[from] drain|[of] p2a: Samurott
|faint|p2a: Samurott
|
|upkeep
|
|t:|1781142962
|switch|p2a: Zapdos|Zapdos|85/100 tox
|turn|31
|
|t:|1781142970
|switch|p1a: Alomomola|Alomomola, L99, M|43/100
|-damage|p1a: Alomomola|31/100|[from] Stealth Rock
|-damage|p1a: Alomomola|14/100|[from] Spikes
|move|p2a: Zapdos|Hurricane|p1a: Alomomola
|-damage|p1a: Alomomola|0 fnt
|faint|p1a: Alomomola
|
|-damage|p2a: Zapdos|79/100 tox|[from] psn
|upkeep
|
|t:|1781142975
|switch|p1a: Slowking|Slowking-Galar, M|88/100 par
|-damage|p1a: Slowking|75/100 par|[from] Stealth Rock
|-damage|p1a: Slowking|59/100 par|[from] Spikes
|turn|32
|
|t:|1781142982
|move|p2a: Zapdos|Discharge|p1a: Slowking
|-damage|p1a: Slowking|34/100 par
|-prepare|p1a: Slowking|Chilly Reception|[premajor]
|move|p1a: Slowking|Chilly Reception|p1a: Slowking
|-weather|Snowscape
|
|t:|1781142992
|switch|p1a: Dragapult|Dragapult, F|88/100|[from] Chilly Reception
|-damage|p1a: Dragapult|76/100|[from] Stealth Rock
|-damage|p1a: Dragapult|59/100|[from] Spikes
|
|-weather|Snowscape|[upkeep]
|-damage|p2a: Zapdos|67/100 tox|[from] psn
|upkeep
|turn|33
|
|t:|1781142995
|move|p1a: Dragapult|Draco Meteor|p2a: Zapdos
|-damage|p2a: Zapdos|0 fnt
|-unboost|p1a: Dragapult|spa|2
|faint|p2a: Zapdos
|
|-weather|Snowscape|[upkeep]
|upkeep
|
|t:|1781143000
|switch|p2a: Zamazenta|Zamazenta|100/100
|-damage|p2a: Zamazenta|88/100|[from] Spikes
|-damage|p2a: Zamazenta|82/100|[from] Stealth Rock
|-ability|p2a: Zamazenta|Dauntless Shield|boost
|-boost|p2a: Zamazenta|def|1
|turn|34
|
|t:|1781143004
|switch|p1a: Hydrapple|Hydrapple, F|78/100
|-damage|p1a: Hydrapple|66/100|[from] Stealth Rock
|-damage|p1a: Hydrapple|49/100|[from] Spikes
|move|p2a: Zamazenta|Iron Defense|p2a: Zamazenta
|-boost|p2a: Zamazenta|def|2
|
|-weather|Snowscape|[upkeep]
|-heal|p2a: Zamazenta|88/100|[from] item: Leftovers
|upkeep
|turn|35
|
|t:|1781143008
|move|p2a: Zamazenta|Body Press|p1a: Hydrapple
|-damage|p1a: Hydrapple|2/100
|-damage|p2a: Zamazenta|72/100|[from] item: Rocky Helmet|[of] p1a: Hydrapple
|move|p1a: Hydrapple|Giga Drain|p2a: Zamazenta
|-damage|p2a: Zamazenta|47/100
|-heal|p1a: Hydrapple|14/100|[from] drain|[of] p2a: Zamazenta
|
|-weather|Snowscape|[upkeep]
|-heal|p2a: Zamazenta|53/100|[from] item: Leftovers
|upkeep
|turn|36
|
|t:|1781143013
|move|p2a: Zamazenta|Body Press|p1a: Hydrapple
|-damage|p1a: Hydrapple|0 fnt
|-damage|p2a: Zamazenta|37/100|[from] item: Rocky Helmet|[of] p1a: Hydrapple
|faint|p1a: Hydrapple
|
|-weather|none
|-heal|p2a: Zamazenta|43/100|[from] item: Leftovers
|upkeep
|
|t:|1781143022
|switch|p1a: Slowking|Slowking-Galar, M|68/100 par
|-damage|p1a: Slowking|55/100 par|[from] Stealth Rock
|-damage|p1a: Slowking|39/100 par|[from] Spikes
|turn|37
|
|t:|1781143028
|move|p2a: Zamazenta|Crunch|p1a: Slowking
|-supereffective|p1a: Slowking
|-damage|p1a: Slowking|7/100 par
|cant|p1a: Slowking|par
|
|-heal|p2a: Zamazenta|49/100|[from] item: Leftovers
|upkeep
|turn|38
|
|t:|1781143045
|move|p2a: Zamazenta|Body Press|p1a: Slowking
|-resisted|p1a: Slowking
|-damage|p1a: Slowking|0 fnt
|faint|p1a: Slowking
|
|-heal|p2a: Zamazenta|55/100|[from] item: Leftovers
|upkeep
|
|t:|1781143054
|switch|p1a: Dragapult|Dragapult, F|59/100
|-damage|p1a: Dragapult|47/100|[from] Stealth Rock
|-damage|p1a: Dragapult|31/100|[from] Spikes
|turn|39
|
|t:|1781143060
|move|p1a: Dragapult|Draco Meteor|p2a: Zamazenta
|-damage|p2a: Zamazenta|0 fnt
|-unboost|p1a: Dragapult|spa|2
|faint|p2a: Zamazenta
|
|upkeep
|
|t:|1781143064
|switch|p2a: Garganacl|Garganacl, M|100/100
|-damage|p2a: Garganacl|88/100|[from] Spikes
|-damage|p2a: Garganacl|76/100|[from] Stealth Rock
|turn|40
|
|t:|1781143068
|-terastallize|p2a: Garganacl|Water
|move|p1a: Dragapult|Draco Meteor|p2a: Garganacl
|-damage|p2a: Garganacl|46/100
|-unboost|p1a: Dragapult|spa|2
|move|p2a: Garganacl|Earthquake|p1a: Dragapult
|-damage|p1a: Dragapult|0 fnt
|faint|p1a: Dragapult
|
|-heal|p2a: Garganacl|52/100|[from] item: Leftovers
|upkeep
|
|t:|1781143073
|switch|p1a: Iron Valiant|Iron Valiant|100/100
|-damage|p1a: Iron Valiant|94/100|[from] Stealth Rock
|-damage|p1a: Iron Valiant|78/100|[from] Spikes
|-enditem|p1a: Iron Valiant|Booster Energy
|-activate|p1a: Iron Valiant|ability: Quark Drive|[fromitem]
|-start|p1a: Iron Valiant|quarkdrivespe
|turn|41
|
|t:|1781143090
|move|p1a: Iron Valiant|Swords Dance|p1a: Iron Valiant
|-boost|p1a: Iron Valiant|atk|2
|move|p2a: Garganacl|Recover|p2a: Garganacl
|-heal|p2a: Garganacl|100/100
|
|upkeep
|turn|42
|
|t:|1781143097
|move|p1a: Iron Valiant|Swords Dance|p1a: Iron Valiant
|-boost|p1a: Iron Valiant|atk|2
|move|p2a: Garganacl|Recover||[still]
|-fail|p2a: Garganacl|heal
|
|upkeep
|turn|43
|
|t:|1781143104
|move|p1a: Iron Valiant|Close Combat|p2a: Garganacl
|-damage|p2a: Garganacl|0 fnt
|-unboost|p1a: Iron Valiant|def|1
|-unboost|p1a: Iron Valiant|spd|1
|faint|p2a: Garganacl
|
|win|SirShakes
|raw|SirShakes's rating: 1541 &rarr; <strong>1564</strong><br />(+23 for winning)
|raw|KurisuChestnutLab's rating: 1592 &rarr; <strong>1569</strong><br />(-23 for losing)
