|j|☆tauros3
|j|☆waynegoobey
|t:|1781216046
|gametype|singles
|player|p1|tauros3|swimmer-gen4dp|1549
|player|p2|waynegoobey|benga|1499
|gen|9
|tier|[Gen 9] OU
|rated|
|rule|HP Percentage Mod: HP is shown in percentages
|rule|Endless Battle Clause: Forcing endless battles is banned
|rule|Species Clause: Limit one of each Pokémon
|rule|OHKO Clause: OHKO moves are banned
|rule|Evasion Items Clause: Evasion items are banned
|rule|Evasion Moves Clause: Evasion moves are banned
|rule|Evasion Abilities Clause: Evasion abilities are banned
|rule|Sleep Moves Clause: Sleep-inducing moves are banned
|clearpoke
|poke|p1|Ninetales-Alola, F|
|poke|p1|Kyurem|
|poke|p1|Moltres-Galar|
|poke|p1|Ursaluna, F|
|poke|p1|Diancie|
|poke|p1|Hatterene, F|
|poke|p2|Hatterene, F|
|poke|p2|Kingambit, M|
|poke|p2|Moltres|
|poke|p2|Ursaluna, F|
|poke|p2|Ogerpon-Wellspring, F|
|poke|p2|Maushold-Four|
|teampreview
|inactive|Battle timer is ON: inactive players will automatically lose when time's up. (requested by tauros3)
|inactive|waynegoobey has 120 seconds left.
|
|t:|1781216089
|teamsize|p1|6
|teamsize|p2|6
|start
|switch|p1a: No Other One|Diancie|100/100
|switch|p2a: Maushold|Maushold-Four|100/100
|turn|1
|inactive|waynegoobey has 120 seconds left.
|
|t:|1781216124
|switch|p2a: Ursaluna|Ursaluna, F|100/100
|move|p1a: No Other One|Trick Room|p1a: No Other One
|-fieldstart|move: Trick Room|[of] p1a: No Other One
|
|-status|p2a: Ursaluna|brn|[from] item: Flame Orb
|upkeep
|turn|2
|inactive|waynegoobey has 120 seconds left.
|
|t:|1781216138
|switch|p1a: Pink Triangle|Hatterene, F|100/100
|move|p2a: Ursaluna|Facade|p1a: Pink Triangle
|-crit|p1a: Pink Triangle
|-enditem|p1a: Pink Triangle|Focus Sash
|-damage|p1a: Pink Triangle|1/100
|
|-damage|p2a: Ursaluna|94/100 brn|[from] brn
|upkeep
|turn|3
|inactive|waynegoobey has 120 seconds left.
|
|t:|1781216154
|switch|p2a: Moltres|Moltres|100/100
|move|p1a: Pink Triangle|Dazzling Gleam|p2a: Moltres
|-resisted|p2a: Moltres
|-damage|p2a: Moltres|77/100
|
|upkeep
|turn|4
|
|t:|1781216160
|move|p1a: Pink Triangle|Psychic Noise|p2a: Moltres
|-damage|p2a: Moltres|27/100
|-start|p2a: Moltres|move: Heal Block
|move|p2a: Moltres|U-turn|p1a: Pink Triangle
|-damage|p1a: Pink Triangle|0 fnt
|faint|p1a: Pink Triangle
|
|t:|1781216167
|switch|p2a: Ursaluna|Ursaluna, F|94/100 brn|[from] U-turn
|
|-damage|p2a: Ursaluna|88/100 brn|[from] brn
|upkeep
|
|t:|1781216178
|switch|p1a: No Other One|Diancie|100/100
|turn|5
|
|t:|1781216186
|move|p1a: No Other One|Moonblast|p2a: Ursaluna
|-damage|p2a: Ursaluna|44/100 brn
|move|p2a: Ursaluna|Earthquake|p1a: No Other One
|-supereffective|p1a: No Other One
|-damage|p1a: No Other One|0 fnt
|faint|p1a: No Other One
|
|-damage|p2a: Ursaluna|38/100 brn|[from] brn
|-fieldend|move: Trick Room
|upkeep
|
|t:|1781216189
|switch|p1a: The Good Life|Ninetales-Alola, F|100/100
|-weather|Snowscape|[from] ability: Snow Warning|[of] p1a: The Good Life
|turn|6
|
|t:|1781216205
|switch|p2a: Maushold|Maushold-Four|100/100
|move|p1a: The Good Life|Aurora Veil|p1a: The Good Life
|-sidestart|p1: tauros3|move: Aurora Veil
|
|-weather|Snowscape|[upkeep]
|upkeep
|turn|7
|
|t:|1781216224
|switch|p1a: Butterfly|Moltres-Galar|100/100
|move|p2a: Maushold|Encore||[still]
|-fail|p2a: Maushold
|
|-weather|Snowscape|[upkeep]
|upkeep
|turn|8
|
|t:|1781216244
|move|p2a: Maushold|Population Bomb|p1a: Butterfly
|-damage|p1a: Butterfly|95/100
|-damage|p1a: Butterfly|89/100
|-damage|p1a: Butterfly|82/100
|-damage|p1a: Butterfly|77/100
|-damage|p1a: Butterfly|70/100
|-damage|p1a: Butterfly|65/100
|-damage|p1a: Butterfly|58/100
|-damage|p1a: Butterfly|52/100
|-damage|p1a: Butterfly|46/100
|-enditem|p1a: Butterfly|Sitrus Berry|[eat]
|-heal|p1a: Butterfly|71/100|[from] item: Sitrus Berry
|-damage|p1a: Butterfly|65/100
|-hitcount|p1a: Butterfly|10
|move|p1a: Butterfly|Agility|p1a: Butterfly
|-boost|p1a: Butterfly|spe|2
|
|-weather|Snowscape|[upkeep]
|upkeep
|turn|9
|inactive|waynegoobey has 120 seconds left.
|inactive|tauros3 has 120 seconds left.
|
|t:|1781216278
|-terastallize|p1a: Butterfly|Ghost
|move|p1a: Butterfly|Nasty Plot|p1a: Butterfly
|-boost|p1a: Butterfly|spa|2
|move|p2a: Maushold|Population Bomb|p1a: Butterfly
|-immune|p1a: Butterfly
|
|-weather|Snowscape|[upkeep]
|upkeep
|turn|10
|inactive|tauros3 has 120 seconds left.
|
|t:|1781216290
|move|p1a: Butterfly|Fiery Wrath|p2a: Maushold
|-damage|p2a: Maushold|0 fnt
|faint|p2a: Maushold
|
|-weather|none
|upkeep
|
|t:|1781216303
|switch|p2a: Kingambit|Kingambit, M|100/100
|-activate|p2a: Kingambit|ability: Supreme Overlord
|-start|p2a: Kingambit|fallen1|[silent]
|turn|11
|
|t:|1781216316
|switch|p1a: El Scorcho|Ursaluna, F|100/100
|move|p2a: Kingambit|Kowtow Cleave|p1a: El Scorcho
|-damage|p1a: El Scorcho|78/100
|
|-status|p1a: El Scorcho|brn|[from] item: Flame Orb
|upkeep
|turn|12
|
|t:|1781216330
|-end|p2a: Kingambit|fallen1|[silent]
|switch|p2a: Moltres|Moltres|27/100
|move|p1a: El Scorcho|Facade|p2a: Moltres
|-damage|p2a: Moltres|0 fnt
|faint|p2a: Moltres
|
|-damage|p1a: El Scorcho|72/100 brn|[from] brn
|upkeep
|
|t:|1781216345
|switch|p2a: Ursaluna|Ursaluna, F|38/100 brn
|turn|13
|
|t:|1781216358
|move|p2a: Ursaluna|Facade|p1a: El Scorcho
|-damage|p1a: El Scorcho|27/100 brn
|move|p1a: El Scorcho|Facade|p2a: Ursaluna
|-damage|p2a: Ursaluna|0 fnt
|faint|p2a: Ursaluna
|
|-damage|p1a: El Scorcho|21/100 brn|[from] brn
|-sideend|p1: tauros3|move: Aurora Veil
|upkeep
|
|t:|1781216383
|switch|p2a: Kingambit|Kingambit, M|100/100
|-activate|p2a: Kingambit|ability: Supreme Overlord
|-start|p2a: Kingambit|fallen3|[silent]
|turn|14
|
|t:|1781216401
|move|p2a: Kingambit|Iron Head|p1a: El Scorcho
|-damage|p1a: El Scorcho|0 fnt
|faint|p1a: El Scorcho
|
|upkeep
|
|t:|1781216405
|switch|p1a: The Good Life|Ninetales-Alola, F|100/100
|-weather|Snowscape|[from] ability: Snow Warning|[of] p1a: The Good Life
|turn|15
|
|t:|1781216411
|move|p1a: The Good Life|Aurora Veil|p1a: The Good Life
|-sidestart|p1: tauros3|move: Aurora Veil
|move|p2a: Kingambit|Iron Head|p1a: The Good Life
|-supereffective|p1a: The Good Life
|-damage|p1a: The Good Life|0 fnt
|faint|p1a: The Good Life
|
|-weather|Snowscape|[upkeep]
|upkeep
|
|t:|1781216418
|switch|p1a: Getchoo|Kyurem|100/100
|-ability|p1a: Getchoo|Pressure
|turn|16
|
|t:|1781216439
|move|p1a: Getchoo|Earth Power|p2a: Kingambit
|-supereffective|p2a: Kingambit
|-damage|p2a: Kingambit|52/100
|move|p2a: Kingambit|Iron Head|p1a: Getchoo
|-supereffective|p1a: Getchoo
|-damage|p1a: Getchoo|55/100
|
|-weather|Snowscape|[upkeep]
|upkeep
|turn|17
|
|t:|1781216450
|-end|p2a: Kingambit|fallen3|[silent]
|switch|p2a: Ogerpon|Ogerpon-Wellspring, F|100/100
|move|p1a: Getchoo|Earth Power|p2a: Ogerpon
|-resisted|p2a: Ogerpon
|-damage|p2a: Ogerpon|86/100
|
|-weather|Snowscape|[upkeep]
|upkeep
|turn|18
|
|t:|1781216470
|move|p2a: Ogerpon|U-turn|p1a: Getchoo
|-damage|p1a: Getchoo|46/100
|
|t:|1781216474
|switch|p2a: Hatterene|Hatterene, F|100/100|[from] U-turn
|move|p1a: Getchoo|Dragon Dance|p1a: Getchoo
|-boost|p1a: Getchoo|atk|1
|-boost|p1a: Getchoo|spe|1
|
|-weather|Snowscape|[upkeep]
|upkeep
|turn|19
|
|t:|1781216488
|move|p1a: Getchoo|Icicle Spear|p2a: Hatterene
|-damage|p2a: Hatterene|75/100
|-damage|p2a: Hatterene|52/100
|-damage|p2a: Hatterene|28/100
|-damage|p2a: Hatterene|5/100
|-damage|p2a: Hatterene|0 fnt
|faint|p2a: Hatterene
|-hitcount|p2: Hatterene|5
|
|-weather|none
|upkeep
|
|t:|1781216499
|switch|p2a: Ogerpon|Ogerpon-Wellspring, F|86/100
|turn|20
|
|t:|1781216509
|move|p1a: Getchoo|Icicle Spear|p2a: Ogerpon
|-damage|p2a: Ogerpon|57/100
|-damage|p2a: Ogerpon|31/100
|-damage|p2a: Ogerpon|2/100
|-damage|p2a: Ogerpon|0 fnt
|faint|p2a: Ogerpon
|-hitcount|p2: Ogerpon|4
|
|upkeep
|
|t:|1781216512
|switch|p2a: Kingambit|Kingambit, M|52/100
|-activate|p2a: Kingambit|ability: Supreme Overlord
|-start|p2a: Kingambit|fallen5|[silent]
|turn|21
|inactive|tauros3 has 120 seconds left.
|
|t:|1781216564
|-terastallize|p2a: Kingambit|Dark
|move|p2a: Kingambit|Sucker Punch|p1a: Getchoo
|-damage|p1a: Getchoo|0 fnt
|faint|p1a: Getchoo
|
|upkeep
|inactive|tauros3 has 90 seconds left.
|c|☆waynegoobey|hurry up kid
|c|☆waynegoobey|its over
|c|☆waynegoobey|gg
|inactive|tauros3 has 60 seconds left.
|inactive|tauros3 has 30 seconds left.
|inactive|tauros3 has 20 seconds left.
|inactive|tauros3 has 15 seconds left.
|inactive|tauros3 has 10 seconds left.
|
|t:|1781216661
|switch|p1a: Butterfly|Moltres-Galar, tera:Ghost|65/100
|turn|22
|inactive|tauros3 has 20 seconds left this turn.
|inactive|tauros3 has 15 seconds left.
|inactive|waynegoobey has 120 seconds left.
|
|t:|1781216668
|move|p1a: Butterfly|Nasty Plot|p1a: Butterfly
|-boost|p1a: Butterfly|spa|2
|move|p2a: Kingambit|Kowtow Cleave|p1a: Butterfly
|-supereffective|p1a: Butterfly
|-damage|p1a: Butterfly|0 fnt
|faint|p1a: Butterfly
|
|win|waynegoobey
|raw|tauros3's rating: 1549 &rarr; <strong>1526</strong><br />(-23 for losing)
|raw|waynegoobey's rating: 1499 &rarr; <strong>1522</strong><br />(+23 for winning)
|l|☆waynegoobey
|player|p2|
|l|☆tauros3
|player|p1|
