|j|☆Acastillo631
|j|☆ovalboi
|t:|1781287807
|gametype|singles
|player|p1|Acastillo631|silver|1609
|player|p2|ovalboi|acetrainer-gen4dp|1648
|gen|9
|tier|[Gen 9] OU
|rated|
|rule|HP Percentage Mod: HP is shown in percentages
|rule|Endless Battle Clause: Forcing endless battles is banned
|rule|Species Clause: Limit one of each Pokémon
|rule|OHKO Clause: OHKO moves are banned
|rule|Evasion Items Clause: Evasion items are banned
|rule|Evasion Moves Clause: Evasion moves are banned
|rule|Evasion Abilities Clause: Evasion abilities are banned
|rule|Sleep Moves Clause: Sleep-inducing moves are banned
|clearpoke
|poke|p1|Iron Valiant|
|poke|p1|Sinistcha|
|poke|p1|Tyranitar, F|
|poke|p1|Klefki, F|
|poke|p1|Swampert, F|
|poke|p1|Talonflame, M|
|poke|p2|Darkrai|
|poke|p2|Garchomp, F|
|poke|p2|Alomomola, M|
|poke|p2|Corviknight, M|
|poke|p2|Weezing-Galar, F|
|poke|p2|Ogerpon, F|
|teampreview
|
|t:|1781287822
|teamsize|p1|6
|teamsize|p2|6
|start
|switch|p1a: Talonflame|Talonflame, M|100/100
|switch|p2a: Garchomp|Garchomp, F|100/100
|turn|1
|
|t:|1781287832
|move|p1a: Talonflame|Will-O-Wisp|p2a: Garchomp
|-status|p2a: Garchomp|brn
|move|p2a: Garchomp|Stealth Rock|p1a: Talonflame
|-sidestart|p1: Acastillo631|move: Stealth Rock
|
|-damage|p2a: Garchomp|94/100 brn|[from] brn
|upkeep
|turn|2
|
|t:|1781287902
|switch|p1a: Redips|Klefki, F|100/100
|-damage|p1a: Redips|95/100|[from] Stealth Rock
|switch|p2a: Darkrai|Darkrai|100/100
|
|upkeep
|turn|3
|
|t:|1781287928
|move|p2a: Darkrai|Trick|p1a: Redips
|-activate|p2a: Darkrai|move: Trick|[of] p1a: Redips
|-item|p1a: Redips|Choice Specs|[from] move: Trick
|-item|p2a: Darkrai|Rocky Helmet|[from] move: Trick
|move|p1a: Redips|Dazzling Gleam|p2a: Darkrai
|-supereffective|p2a: Darkrai
|-damage|p2a: Darkrai|2/100
|
|upkeep
|turn|4
|
|t:|1781287949
|switch|p2a: Alomomola|Alomomola, M|100/100
|move|p1a: Redips|Dazzling Gleam|p2a: Alomomola
|-damage|p2a: Alomomola|85/100
|
|upkeep
|turn|5
|
|t:|1781287956
|switch|p1a: Duff Mcwhalen|Swampert, F|100/100
|-damage|p1a: Duff Mcwhalen|94/100|[from] Stealth Rock
|move|p2a: Alomomola|Flip Turn|p1a: Duff Mcwhalen
|-damage|p1a: Duff Mcwhalen|79/100
|
|t:|1781287960
|switch|p2a: Ogerpon|Ogerpon, F|100/100|[from] Flip Turn
|
|-heal|p1a: Duff Mcwhalen|86/100|[from] item: Leftovers
|upkeep
|turn|6
|
|t:|1781287972
|switch|p1a: Redips|Klefki, F|95/100
|-damage|p1a: Redips|89/100|[from] Stealth Rock
|move|p2a: Ogerpon|Knock Off|p1a: Redips
|-resisted|p1a: Redips
|-damage|p1a: Redips|74/100
|-enditem|p1a: Redips|Choice Specs|[from] move: Knock Off|[of] p2a: Ogerpon
|
|upkeep
|turn|7
|
|t:|1781287982
|switch|p2a: Alomomola|Alomomola, M|100/100
|move|p1a: Redips|Thunder Wave|p2a: Alomomola
|-status|p2a: Alomomola|par
|
|upkeep
|turn|8
|
|t:|1781287987
|move|p1a: Redips|Spikes|p2a: Alomomola
|-sidestart|p2: ovalboi|Spikes
|move|p2a: Alomomola|Flip Turn|p1a: Redips
|-damage|p1a: Redips|61/100
|
|t:|1781288001
|switch|p2a: Weezing|Weezing-Galar, F|100/100|[from] Flip Turn
|-ability|p2a: Weezing|Neutralizing Gas
|-damage|p2a: Weezing|88/100|[from] Spikes
|
|-heal|p2a: Weezing|94/100|[from] item: Leftovers
|upkeep
|turn|9
|
|t:|1781288015
|move|p1a: Redips|Thunder Wave|p2a: Weezing|[miss]
|-miss|p1a: Redips|p2a: Weezing
|move|p2a: Weezing|Will-O-Wisp|p1a: Redips|[miss]
|-miss|p2a: Weezing|p1a: Redips
|
|-heal|p2a: Weezing|99/100|[from] item: Leftovers
|upkeep
|turn|10
|c|☆ovalboi|why does my entire team lose to klefki?
|
|t:|1781288032
|switch|p1a: Wire Sponge|Sinistcha|100/100
|move|p2a: Weezing|Will-O-Wisp|p1a: Wire Sponge
|-status|p1a: Wire Sponge|brn
|
|-heal|p2a: Weezing|100/100|[from] item: Leftovers
|-damage|p1a: Wire Sponge|94/100 brn|[from] brn
|upkeep
|turn|11
|
|t:|1781288039
|-end|p2a: Weezing|ability: Neutralizing Gas
|switch|p2a: Alomomola|Alomomola, M|100/100 par
|-damage|p2a: Alomomola|88/100 par|[from] Spikes
|move|p1a: Wire Sponge|Shadow Ball|p2a: Alomomola
|-damage|p2a: Alomomola|73/100 par
|
|-damage|p1a: Wire Sponge|92/100 brn|[from] brn
|upkeep
|turn|12
|
|t:|1781288053
|move|p1a: Wire Sponge|Calm Mind|p1a: Wire Sponge
|-boost|p1a: Wire Sponge|spa|1
|-boost|p1a: Wire Sponge|spd|1
|cant|p2a: Alomomola|par
|
|-damage|p1a: Wire Sponge|89/100 brn|[from] brn
|upkeep
|turn|13
|
|t:|1781288064
|move|p1a: Wire Sponge|Calm Mind|p1a: Wire Sponge
|-boost|p1a: Wire Sponge|spa|1
|-boost|p1a: Wire Sponge|spd|1
|cant|p2a: Alomomola|par
|
|-damage|p1a: Wire Sponge|86/100 brn|[from] brn
|upkeep
|turn|14
|
|t:|1781288073
|move|p1a: Wire Sponge|Calm Mind|p1a: Wire Sponge
|-boost|p1a: Wire Sponge|spa|1
|-boost|p1a: Wire Sponge|spd|1
|move|p2a: Alomomola|Flip Turn|p1a: Wire Sponge
|-resisted|p1a: Wire Sponge
|-damage|p1a: Wire Sponge|80/100 brn
|
|t:|1781288080
|switch|p2a: Ogerpon|Ogerpon, F|100/100|[from] Flip Turn
|-damage|p2a: Ogerpon|88/100|[from] Spikes
|
|-damage|p1a: Wire Sponge|77/100 brn|[from] brn
|upkeep
|turn|15
|
|t:|1781288084
|switch|p1a: Redips|Klefki, F|61/100
|-damage|p1a: Redips|55/100|[from] Stealth Rock
|move|p2a: Ogerpon|Encore||[still]
|-fail|p2a: Ogerpon
|
|upkeep
|turn|16
|
|t:|1781288090
|switch|p2a: Alomomola|Alomomola, M|100/100 par
|-damage|p2a: Alomomola|88/100 par|[from] Spikes
|move|p1a: Redips|Spikes|p2a: Alomomola
|-sidestart|p2: ovalboi|Spikes
|
|upkeep
|turn|17
|
|t:|1781288097
|move|p1a: Redips|Spikes|p2a: Alomomola
|-sidestart|p2: ovalboi|Spikes
|move|p2a: Alomomola|Flip Turn|p1a: Redips
|-damage|p1a: Redips|40/100
|
|t:|1781288102
|switch|p2a: Corviknight|Corviknight, M|100/100|[from] Flip Turn
|-ability|p2a: Corviknight|Pressure
|
|upkeep
|turn|18
|
|t:|1781288106
|move|p1a: Redips|Thunder Wave|p2a: Corviknight
|-status|p2a: Corviknight|par
|move|p2a: Corviknight|Defog|p1a: Redips
|-unboost|p1a: Redips|evasion|1
|-sideend|p1: Acastillo631|Stealth Rock|[from] move: Defog|[of] p2a: Corviknight
|-sideend|p2: ovalboi|Spikes|[from] move: Defog|[of] p2a: Corviknight
|
|upkeep
|turn|19
|
|t:|1781288111
|move|p1a: Redips|Spikes|p2a: Corviknight
|-sidestart|p2: ovalboi|Spikes
|move|p2a: Corviknight|Brave Bird|p1a: Redips
|-resisted|p1a: Redips
|-damage|p1a: Redips|24/100
|-damage|p2a: Corviknight|96/100 par|[from] Recoil
|
|-heal|p2a: Corviknight|100/100 par|[from] item: Leftovers
|upkeep
|turn|20
|
|t:|1781288117
|switch|p1a: Wire Sponge|Sinistcha|77/100 brn
|cant|p2a: Corviknight|par
|
|-damage|p1a: Wire Sponge|74/100 brn|[from] brn
|upkeep
|turn|21
|
|t:|1781288122
|move|p1a: Wire Sponge|Strength Sap|p2a: Corviknight
|-unboost|p2a: Corviknight|atk|1
|-heal|p1a: Wire Sponge|100/100 brn
|move|p2a: Corviknight|Defog|p1a: Wire Sponge
|-unboost|p1a: Wire Sponge|evasion|1
|-sideend|p2: ovalboi|Spikes|[from] move: Defog|[of] p2a: Corviknight
|
|-damage|p1a: Wire Sponge|98/100 brn|[from] brn
|upkeep
|turn|22
|
|t:|1781288129
|move|p1a: Wire Sponge|Shadow Ball|p2a: Corviknight
|-damage|p2a: Corviknight|79/100 par
|-unboost|p2a: Corviknight|spd|1
|move|p2a: Corviknight|U-turn|p1a: Wire Sponge
|-damage|p1a: Wire Sponge|90/100 brn
|
|t:|1781288136
|switch|p2a: Darkrai|Darkrai|2/100|[from] U-turn
|
|-damage|p1a: Wire Sponge|87/100 brn|[from] brn
|upkeep
|turn|23
|
|t:|1781288142
|switch|p1a: Eregion|Tyranitar, F|100/100
|-weather|Sandstorm|[from] ability: Sand Stream|[of] p1a: Eregion
|move|p2a: Darkrai|Focus Blast|p1a: Eregion
|-supereffective|p1a: Eregion
|-damage|p1a: Eregion|33/100
|
|-weather|Sandstorm|[upkeep]
|-damage|p2a: Darkrai|0 fnt|[from] Sandstorm
|faint|p2a: Darkrai
|-heal|p1a: Eregion|39/100|[from] item: Leftovers
|upkeep
|
|t:|1781288151
|switch|p2a: Ogerpon|Ogerpon, F|88/100
|turn|24
|
|t:|1781288154
|switch|p1a: Talonflame|Talonflame, M|100/100
|move|p2a: Ogerpon|Ivy Cudgel|p1a: Talonflame
|-resisted|p1a: Talonflame
|-damage|p1a: Talonflame|85/100
|
|-weather|Sandstorm|[upkeep]
|-damage|p1a: Talonflame|78/100|[from] Sandstorm
|-damage|p2a: Ogerpon|82/100|[from] Sandstorm
|upkeep
|turn|25
|
|t:|1781288167
|switch|p1a: Duff Mcwhalen|Swampert, F|86/100
|move|p2a: Ogerpon|Knock Off|p1a: Duff Mcwhalen
|-damage|p1a: Duff Mcwhalen|55/100
|-enditem|p1a: Duff Mcwhalen|Leftovers|[from] move: Knock Off|[of] p2a: Ogerpon
|
|-weather|Sandstorm|[upkeep]
|-damage|p2a: Ogerpon|76/100|[from] Sandstorm
|upkeep
|turn|26
|
|t:|1781288173
|switch|p1a: Talonflame|Talonflame, M|78/100
|move|p2a: Ogerpon|Ivy Cudgel|p1a: Talonflame
|-resisted|p1a: Talonflame
|-damage|p1a: Talonflame|63/100
|
|-weather|Sandstorm|[upkeep]
|-damage|p1a: Talonflame|57/100|[from] Sandstorm
|-damage|p2a: Ogerpon|70/100|[from] Sandstorm
|upkeep
|turn|27
|
|t:|1781288181
|switch|p1a: Duff Mcwhalen|Swampert, F|55/100
|move|p2a: Ogerpon|Knock Off|p1a: Duff Mcwhalen
|-damage|p1a: Duff Mcwhalen|35/100
|
|-weather|none
|upkeep
|turn|28
|
|t:|1781288186
|switch|p1a: Talonflame|Talonflame, M|57/100
|move|p2a: Ogerpon|Ivy Cudgel|p1a: Talonflame
|-resisted|p1a: Talonflame
|-damage|p1a: Talonflame|42/100
|
|upkeep
|turn|29
|
|t:|1781288199
|move|p1a: Talonflame|Roost|p1a: Talonflame
|-heal|p1a: Talonflame|92/100
|-singleturn|p1a: Talonflame|move: Roost
|move|p2a: Ogerpon|Knock Off|p1a: Talonflame
|-damage|p1a: Talonflame|52/100
|-enditem|p1a: Talonflame|Heavy-Duty Boots|[from] move: Knock Off|[of] p2a: Ogerpon
|
|upkeep
|turn|30
|
|t:|1781288207
|switch|p2a: Alomomola|Alomomola, M|100/100 par
|move|p1a: Talonflame|Flamethrower|p2a: Alomomola
|-resisted|p2a: Alomomola
|-crit|p2a: Alomomola
|-damage|p2a: Alomomola|92/100 par
|
|upkeep
|turn|31
|
|t:|1781288211
|move|p1a: Talonflame|Roost|p1a: Talonflame
|-heal|p1a: Talonflame|100/100
|-singleturn|p1a: Talonflame|move: Roost
|move|p2a: Alomomola|Flip Turn|p1a: Talonflame
|-supereffective|p1a: Talonflame
|-damage|p1a: Talonflame|58/100
|
|t:|1781288229
|switch|p2a: Weezing|Weezing-Galar, F|100/100|[from] Flip Turn
|-ability|p2a: Weezing|Neutralizing Gas
|
|upkeep
|turn|32
|
|t:|1781288239
|-end|p2a: Weezing|ability: Neutralizing Gas
|switch|p2a: Alomomola|Alomomola, M|100/100 par
|move|p1a: Talonflame|Will-O-Wisp|p2a: Alomomola|[miss]
|-miss|p1a: Talonflame|p2a: Alomomola
|
|upkeep
|turn|33
|
|t:|1781288246
|move|p1a: Talonflame|Roost|p1a: Talonflame
|-heal|p1a: Talonflame|100/100
|-singleturn|p1a: Talonflame|move: Roost
|move|p2a: Alomomola|Flip Turn|p1a: Talonflame
|-supereffective|p1a: Talonflame
|-damage|p1a: Talonflame|59/100
|
|t:|1781288249
|switch|p2a: Corviknight|Corviknight, M|79/100 par|[from] Flip Turn
|-ability|p2a: Corviknight|Pressure
|
|-heal|p2a: Corviknight|86/100 par|[from] item: Leftovers
|upkeep
|turn|34
|
|t:|1781288252
|switch|p2a: Alomomola|Alomomola, M|100/100 par
|move|p1a: Talonflame|Flamethrower|p2a: Alomomola
|-resisted|p2a: Alomomola
|-damage|p2a: Alomomola|95/100 par
|
|upkeep
|turn|35
|
|t:|1781288256
|move|p1a: Talonflame|Roost|p1a: Talonflame
|-heal|p1a: Talonflame|100/100
|-singleturn|p1a: Talonflame|move: Roost
|move|p2a: Alomomola|Flip Turn|p1a: Talonflame
|-supereffective|p1a: Talonflame
|-damage|p1a: Talonflame|59/100
|
|t:|1781288258
|switch|p2a: Corviknight|Corviknight, M|86/100 par|[from] Flip Turn
|-ability|p2a: Corviknight|Pressure
|
|-heal|p2a: Corviknight|92/100 par|[from] item: Leftovers
|upkeep
|turn|36
|
|t:|1781288262
|switch|p1a: Duff Mcwhalen|Swampert, F|35/100
|switch|p2a: Alomomola|Alomomola, M|100/100 par
|
|upkeep
|turn|37
|
|t:|1781288267
|move|p1a: Duff Mcwhalen|Stealth Rock|p2a: Alomomola
|-sidestart|p2: ovalboi|move: Stealth Rock
|move|p2a: Alomomola|Flip Turn|p1a: Duff Mcwhalen
|-damage|p1a: Duff Mcwhalen|20/100
|
|t:|1781288269
|switch|p2a: Corviknight|Corviknight, M|92/100 par|[from] Flip Turn
|-damage|p2a: Corviknight|79/100 par|[from] Stealth Rock
|-ability|p2a: Corviknight|Pressure
|
|-heal|p2a: Corviknight|86/100 par|[from] item: Leftovers
|upkeep
|turn|38
|
|t:|1781288272
|move|p1a: Duff Mcwhalen|Knock Off|p2a: Corviknight
|-damage|p2a: Corviknight|66/100 par
|-enditem|p2a: Corviknight|Leftovers|[from] move: Knock Off|[of] p1a: Duff Mcwhalen
|move|p2a: Corviknight|Defog|p1a: Duff Mcwhalen
|-unboost|p1a: Duff Mcwhalen|evasion|1
|-sideend|p2: ovalboi|Stealth Rock|[from] move: Defog|[of] p2a: Corviknight
|
|upkeep
|turn|39
|
|t:|1781288275
|move|p1a: Duff Mcwhalen|Flip Turn|p2a: Corviknight
|-damage|p2a: Corviknight|38/100 par
|
|t:|1781288280
|switch|p1a: Wire Sponge|Sinistcha|87/100 brn|[from] Flip Turn
|move|p2a: Corviknight|Brave Bird|p1a: Wire Sponge
|-supereffective|p1a: Wire Sponge
|-damage|p1a: Wire Sponge|31/100 brn
|-damage|p2a: Corviknight|22/100 par|[from] Recoil
|
|-damage|p1a: Wire Sponge|28/100 brn|[from] brn
|upkeep
|turn|40
|
|t:|1781288288
|switch|p2a: Alomomola|Alomomola, M|100/100 par
|move|p1a: Wire Sponge|Shadow Ball|p2a: Alomomola
|-damage|p2a: Alomomola|86/100 par
|
|-damage|p1a: Wire Sponge|25/100 brn|[from] brn
|upkeep
|turn|41
|
|t:|1781288297
|move|p1a: Wire Sponge|Strength Sap|p2a: Alomomola
|-unboost|p2a: Alomomola|atk|1
|-heal|p1a: Wire Sponge|79/100 brn
|move|p2a: Alomomola|Flip Turn|p1a: Wire Sponge
|-resisted|p1a: Wire Sponge
|-damage|p1a: Wire Sponge|75/100 brn
|
|t:|1781288301
|switch|p2a: Garchomp|Garchomp, F|94/100 brn|[from] Flip Turn
|
|-damage|p2a: Garchomp|88/100 brn|[from] brn
|-damage|p1a: Wire Sponge|72/100 brn|[from] brn
|upkeep
|turn|42
|
|t:|1781288304
|move|p2a: Garchomp|Stealth Rock|p1a: Wire Sponge
|-sidestart|p1: Acastillo631|move: Stealth Rock
|move|p1a: Wire Sponge|Matcha Gotcha|p2a: Garchomp
|-damage|p2a: Garchomp|57/100 brn
|-heal|p1a: Wire Sponge|92/100 brn|[from] drain|[of] p2a: Garchomp
|
|-damage|p2a: Garchomp|50/100 brn|[from] brn
|-damage|p1a: Wire Sponge|89/100 brn|[from] brn
|upkeep
|turn|43
|
|t:|1781288309
|switch|p2a: Alomomola|Alomomola, M|100/100 par
|move|p1a: Wire Sponge|Matcha Gotcha|p2a: Alomomola
|-supereffective|p2a: Alomomola
|-damage|p2a: Alomomola|66/100 par
|-heal|p1a: Wire Sponge|100/100 brn|[from] drain|[of] p2a: Alomomola
|
|-damage|p1a: Wire Sponge|98/100 brn|[from] brn
|upkeep
|turn|44
|
|t:|1781288322
|move|p1a: Wire Sponge|Calm Mind|p1a: Wire Sponge
|-boost|p1a: Wire Sponge|spa|1
|-boost|p1a: Wire Sponge|spd|1
|move|p2a: Alomomola|Flip Turn|p1a: Wire Sponge
|-resisted|p1a: Wire Sponge
|-damage|p1a: Wire Sponge|91/100 brn
|
|t:|1781288327
|switch|p2a: Ogerpon|Ogerpon, F|70/100|[from] Flip Turn
|
|-damage|p1a: Wire Sponge|88/100 brn|[from] brn
|upkeep
|turn|45
|
|t:|1781288336
|switch|p1a: Duff Mcwhalen|Swampert, F|20/100
|-damage|p1a: Duff Mcwhalen|13/100|[from] Stealth Rock
|move|p2a: Ogerpon|Encore||[still]
|-fail|p2a: Ogerpon
|
|upkeep
|turn|46
|
|t:|1781288339
|move|p2a: Ogerpon|Ivy Cudgel|p1a: Duff Mcwhalen
|-supereffective|p1a: Duff Mcwhalen
|-crit|p1a: Duff Mcwhalen
|-damage|p1a: Duff Mcwhalen|0 fnt
|faint|p1a: Duff Mcwhalen
|
|upkeep
|
|t:|1781288349
|switch|p1a: Wire Sponge|Sinistcha|88/100 brn
|turn|47
|
|t:|1781288354
|switch|p2a: Alomomola|Alomomola, M|99/100 par
|-terastallize|p1a: Wire Sponge|Poison
|move|p1a: Wire Sponge|Shadow Ball|p2a: Alomomola
|-damage|p2a: Alomomola|84/100 par
|
|-damage|p1a: Wire Sponge|85/100 brn|[from] brn
|upkeep
|turn|48
|j| qklingying
|
|t:|1781288362
|move|p1a: Wire Sponge|Matcha Gotcha|p2a: Alomomola
|-supereffective|p2a: Alomomola
|-damage|p2a: Alomomola|54/100 par
|-heal|p1a: Wire Sponge|100/100 brn|[from] drain|[of] p2a: Alomomola
|move|p2a: Alomomola|Flip Turn|p1a: Wire Sponge
|-crit|p1a: Wire Sponge
|-damage|p1a: Wire Sponge|83/100 brn
|
|t:|1781288380
|switch|p2a: Garchomp|Garchomp, F|50/100 brn|[from] Flip Turn
|
|-damage|p2a: Garchomp|44/100 brn|[from] brn
|-damage|p1a: Wire Sponge|80/100 brn|[from] brn
|upkeep
|turn|49
|
|t:|1781288384
|move|p1a: Wire Sponge|Matcha Gotcha|p2a: Garchomp
|-damage|p2a: Garchomp|15/100 brn
|-heal|p1a: Wire Sponge|98/100 brn|[from] drain|[of] p2a: Garchomp
|move|p2a: Garchomp|Dragon Tail|p1a: Wire Sponge
|-damage|p1a: Wire Sponge|88/100 brn
|drag|p1a: Sage Harpuia|Iron Valiant|100/100
|-damage|p1a: Sage Harpuia|94/100|[from] Stealth Rock
|-enditem|p1a: Sage Harpuia|Booster Energy
|-activate|p1a: Sage Harpuia|ability: Quark Drive|[fromitem]
|-start|p1a: Sage Harpuia|quarkdrivespe
|
|-damage|p2a: Garchomp|8/100 brn|[from] brn
|upkeep
|turn|50
|
|t:|1781288398
|switch|p2a: Weezing|Weezing-Galar, F|100/100
|-ability|p2a: Weezing|Neutralizing Gas
|move|p1a: Sage Harpuia|Moonblast|p2a: Weezing
|-resisted|p2a: Weezing
|-damage|p2a: Weezing|66/100
|
|-heal|p2a: Weezing|72/100|[from] item: Leftovers
|upkeep
|turn|51
|inactive|Battle timer is ON: inactive players will automatically lose when time's up. (requested by ovalboi)
|inactive|Acastillo631 has 120 seconds left.
|
|t:|1781288528
|move|p1a: Sage Harpuia|Moonblast|p2a: Weezing
|-resisted|p2a: Weezing
|-damage|p2a: Weezing|38/100
|move|p2a: Weezing|Sludge Bomb|p1a: Sage Harpuia
|-supereffective|p1a: Sage Harpuia
|-damage|p1a: Sage Harpuia|0 fnt
|faint|p1a: Sage Harpuia
|-end|p1a: Sage Harpuia|Quark Drive|[silent]
|
|-heal|p2a: Weezing|44/100|[from] item: Leftovers
|upkeep
|
|t:|1781288532
|switch|p1a: Wire Sponge|Sinistcha, tera:Poison|88/100 brn
|turn|52
|
|t:|1781288536
|-end|p2a: Weezing|ability: Neutralizing Gas
|switch|p2a: Alomomola|Alomomola, M|88/100 par
|move|p1a: Wire Sponge|Shadow Ball|p2a: Alomomola
|-damage|p2a: Alomomola|72/100 par
|-unboost|p2a: Alomomola|spd|1
|
|-damage|p1a: Wire Sponge|85/100 brn|[from] brn
|upkeep
|turn|53
|inactive|Acastillo631 has 120 seconds left.
|inactive|Acastillo631 has 90 seconds left.
|
|t:|1781288615
|move|p1a: Wire Sponge|Calm Mind|p1a: Wire Sponge
|-boost|p1a: Wire Sponge|spa|1
|-boost|p1a: Wire Sponge|spd|1
|move|p2a: Alomomola|Mirror Coat||[still]
|-fail|p2a: Alomomola
|
|-damage|p1a: Wire Sponge|82/100 brn|[from] brn
|upkeep
|turn|54
|inactive|Acastillo631 has 60 seconds left.
|inactive|Acastillo631 has 30 seconds left.
|inactive|Acastillo631 has 20 seconds left.
|inactive|Acastillo631 has 15 seconds left.
|inactive|Acastillo631 has 10 seconds left.
|
|t:|1781288693
|switch|p2a: Corviknight|Corviknight, M|22/100 par
|-ability|p2a: Corviknight|Pressure
|move|p1a: Wire Sponge|Matcha Gotcha|p2a: Corviknight
|-resisted|p2a: Corviknight
|-damage|p2a: Corviknight|14/100 par
|-heal|p1a: Wire Sponge|87/100 brn|[from] drain|[of] p2a: Corviknight
|
|-damage|p1a: Wire Sponge|84/100 brn|[from] brn
|upkeep
|turn|55
|inactive|Acastillo631 has 20 seconds left this turn.
|inactive|ovalboi has 120 seconds left.
|
|t:|1781288730
|move|p1a: Wire Sponge|Shadow Ball|p2a: Corviknight
|-damage|p2a: Corviknight|0 fnt
|faint|p2a: Corviknight
|
|-damage|p1a: Wire Sponge|81/100 brn|[from] brn
|upkeep
|
|t:|1781288733
|switch|p2a: Alomomola|Alomomola, M|100/100 par
|turn|56
|inactive|Acastillo631 has 30 seconds left.
|inactive|ovalboi has 120 seconds left.
|inactive|Acastillo631 has 20 seconds left.
|inactive|Acastillo631 has 15 seconds left.
|inactive|Acastillo631 has 10 seconds left.
|
|t:|1781288760
|move|p1a: Wire Sponge|Calm Mind|p1a: Wire Sponge
|-boost|p1a: Wire Sponge|spa|1
|-boost|p1a: Wire Sponge|spd|1
|cant|p2a: Alomomola|par
|
|-damage|p1a: Wire Sponge|78/100 brn|[from] brn
|upkeep
|turn|57
|inactive|Acastillo631 has 20 seconds left this turn.
|inactive|Acastillo631 has 15 seconds left.
|
|t:|1781288769
|move|p1a: Wire Sponge|Matcha Gotcha|p2a: Alomomola
|-supereffective|p2a: Alomomola
|-damage|p2a: Alomomola|34/100 par
|-heal|p1a: Wire Sponge|100/100 brn|[from] drain|[of] p2a: Alomomola
|move|p2a: Alomomola|Flip Turn|p1a: Wire Sponge
|-damage|p1a: Wire Sponge|89/100 brn
|
|t:|1781288778
|switch|p2a: Ogerpon|Ogerpon, F|70/100|[from] Flip Turn
|
|-damage|p1a: Wire Sponge|86/100 brn|[from] brn
|upkeep
|turn|58
|inactive|Acastillo631 has 30 seconds left this turn.
|
|t:|1781288787
|switch|p2a: Garchomp|Garchomp, F|8/100 brn
|move|p1a: Wire Sponge|Shadow Ball|p2a: Garchomp
|-damage|p2a: Garchomp|0 fnt
|faint|p2a: Garchomp
|
|-damage|p1a: Wire Sponge|83/100 brn|[from] brn
|upkeep
|j| iron quark
|
|t:|1781288789
|switch|p2a: Alomomola|Alomomola, M|67/100 par
|turn|59
|l| iron quark
|
|t:|1781288793
|move|p1a: Wire Sponge|Calm Mind|p1a: Wire Sponge
|-boost|p1a: Wire Sponge|spa|1
|-boost|p1a: Wire Sponge|spd|1
|cant|p2a: Alomomola|par
|
|-damage|p1a: Wire Sponge|81/100 brn|[from] brn
|upkeep
|turn|60
|c|☆ovalboi|ggwp
|
|t:|1781288814
|-terastallize|p2a: Alomomola|Normal
|move|p1a: Wire Sponge|Matcha Gotcha|p2a: Alomomola
|-damage|p2a: Alomomola|29/100 par
|-heal|p1a: Wire Sponge|100/100 brn|[from] drain|[of] p2a: Alomomola
|move|p2a: Alomomola|Mirror Coat|p1a: Wire Sponge
|-damage|p1a: Wire Sponge|0 fnt
|faint|p1a: Wire Sponge
|
|upkeep
|
|t:|1781288827
|switch|p1a: Redips|Klefki, F|24/100
|-damage|p1a: Redips|18/100|[from] Stealth Rock
|turn|61
|
|t:|1781288837
|switch|p2a: Weezing|Weezing-Galar, F|44/100
|-ability|p2a: Weezing|Neutralizing Gas
|move|p1a: Redips|Dazzling Gleam|p2a: Weezing
|-resisted|p2a: Weezing
|-damage|p2a: Weezing|28/100
|
|-heal|p2a: Weezing|34/100|[from] item: Leftovers
|upkeep
|turn|62
|
|t:|1781288850
|move|p1a: Redips|Dazzling Gleam|p2a: Weezing
|-resisted|p2a: Weezing
|-damage|p2a: Weezing|19/100
|move|p2a: Weezing|Will-O-Wisp|p1a: Redips|[miss]
|-miss|p2a: Weezing|p1a: Redips
|
|-heal|p2a: Weezing|25/100|[from] item: Leftovers
|upkeep
|turn|63
|
|t:|1781288857
|-end|p2a: Weezing|ability: Neutralizing Gas
|switch|p2a: Alomomola|Alomomola, M, tera:Normal|63/100 par
|move|p1a: Redips|Dazzling Gleam|p2a: Alomomola
|-damage|p2a: Alomomola|51/100 par
|
|upkeep
|turn|64
|
|t:|1781288862
|switch|p1a: Eregion|Tyranitar, F|39/100
|-damage|p1a: Eregion|27/100|[from] Stealth Rock
|-weather|Sandstorm|[from] ability: Sand Stream|[of] p1a: Eregion
|move|p2a: Alomomola|Flip Turn|p1a: Eregion
|-supereffective|p1a: Eregion
|-damage|p1a: Eregion|3/100
|
|t:|1781288867
|switch|p2a: Ogerpon|Ogerpon, F|70/100|[from] Flip Turn
|
|-weather|Sandstorm|[upkeep]
|-damage|p2a: Ogerpon|64/100|[from] Sandstorm
|-heal|p1a: Eregion|9/100|[from] item: Leftovers
|upkeep
|turn|65
|-message|Acastillo631 forfeited.
|
|win|ovalboi
|raw|Acastillo631's rating: 1609 &rarr; <strong>1591</strong><br />(-18 for losing)
|raw|ovalboi's rating: 1648 &rarr; <strong>1666</strong><br />(+18 for winning)
|l|☆Acastillo631
|player|p1|
|l| qklingying
