|j|☆ur doggo
|j|☆mongwong
|t:|1781240254
|gametype|singles
|player|p1|ur doggo|1|1661
|player|p2|mongwong|eusine-gen2|1763
|gen|9
|tier|[Gen 9] OU
|rated|
|rule|HP Percentage Mod: HP is shown in percentages
|rule|Endless Battle Clause: Forcing endless battles is banned
|rule|Species Clause: Limit one of each Pokémon
|rule|OHKO Clause: OHKO moves are banned
|rule|Evasion Items Clause: Evasion items are banned
|rule|Evasion Moves Clause: Evasion moves are banned
|rule|Evasion Abilities Clause: Evasion abilities are banned
|rule|Sleep Moves Clause: Sleep-inducing moves are banned
|clearpoke
|poke|p1|Latios, M|
|poke|p1|Darkrai|
|poke|p1|Ting-Lu|
|poke|p1|Corviknight, F|
|poke|p1|Dragonite, F|
|poke|p1|Clefable, F|
|poke|p2|Indeedee, M|
|poke|p2|Polteageist-Antique|
|poke|p2|Hawlucha, M|
|poke|p2|Primarina, M|
|poke|p2|Iron Valiant|
|poke|p2|Great Tusk|
|teampreview
|inactive|Battle timer is ON: inactive players will automatically lose when time's up. (requested by mongwong)
|
|t:|1781240269
|teamsize|p1|6
|teamsize|p2|6
|start
|switch|p1a: Clefable|Clefable, F|100/100
|switch|p2a: Primarina|Primarina, M|100/100
|turn|1
|
|t:|1781240275
|move|p1a: Clefable|Stealth Rock|p2a: Primarina
|-sidestart|p2: mongwong|move: Stealth Rock
|move|p2a: Primarina|Moonblast|p1a: Clefable
|-damage|p1a: Clefable|51/100
|
|upkeep
|turn|2
|
|t:|1781240281
|switch|p1a: Corviknight|Corviknight, F|100/100
|-ability|p1a: Corviknight|Pressure
|move|p2a: Primarina|Moonblast|p1a: Corviknight
|-resisted|p1a: Corviknight
|-damage|p1a: Corviknight|83/100
|
|-heal|p1a: Corviknight|89/100|[from] item: Leftovers
|upkeep
|turn|3
|
|t:|1781240283
|move|p1a: Corviknight|Brave Bird|p2a: Primarina
|-damage|p2a: Primarina|59/100
|-damage|p1a: Corviknight|77/100|[from] Recoil
|move|p2a: Primarina|Surf|p1a: Corviknight
|-damage|p1a: Corviknight|40/100
|
|-heal|p1a: Corviknight|46/100|[from] item: Leftovers
|upkeep
|turn|4
|
|t:|1781240287
|switch|p2a: Great Tusk|Great Tusk|100/100
|-damage|p2a: Great Tusk|98/100|[from] Stealth Rock
|move|p1a: Corviknight|Roost|p1a: Corviknight
|-heal|p1a: Corviknight|96/100
|-singleturn|p1a: Corviknight|move: Roost
|
|-heal|p1a: Corviknight|100/100|[from] item: Leftovers
|upkeep
|turn|5
|
|t:|1781240289
|move|p2a: Great Tusk|Stealth Rock|p1a: Corviknight
|-sidestart|p1: ur doggo|move: Stealth Rock
|move|p1a: Corviknight|Brave Bird|p2a: Great Tusk
|-supereffective|p2a: Great Tusk
|-damage|p2a: Great Tusk|62/100
|-damage|p1a: Corviknight|84/100|[from] item: Rocky Helmet|[of] p2a: Great Tusk
|-damage|p1a: Corviknight|71/100|[from] Recoil
|
|-heal|p1a: Corviknight|77/100|[from] item: Leftovers
|upkeep
|turn|6
|
|t:|1781240297
|move|p2a: Great Tusk|Rapid Spin|p1a: Corviknight
|-resisted|p1a: Corviknight
|-damage|p1a: Corviknight|71/100
|-boost|p2a: Great Tusk|spe|1
|-sideend|p2: mongwong|Stealth Rock|[from] move: Rapid Spin|[of] p2a: Great Tusk
|move|p1a: Corviknight|Roost|p1a: Corviknight
|-heal|p1a: Corviknight|100/100
|-singleturn|p1a: Corviknight|move: Roost
|
|upkeep
|turn|7
|
|t:|1781240304
|move|p2a: Great Tusk|Knock Off|p1a: Corviknight
|-damage|p1a: Corviknight|78/100
|-enditem|p1a: Corviknight|Leftovers|[from] move: Knock Off|[of] p2a: Great Tusk
|move|p1a: Corviknight|Brave Bird|p2a: Great Tusk
|-supereffective|p2a: Great Tusk
|-damage|p2a: Great Tusk|29/100
|-damage|p1a: Corviknight|62/100|[from] item: Rocky Helmet|[of] p2a: Great Tusk
|-damage|p1a: Corviknight|50/100|[from] Recoil
|
|upkeep
|turn|8
|
|t:|1781240310
|-end|p2a: Great Tusk|Protosynthesis|[silent]
|switch|p2a: Indeedee|Indeedee, M|100/100
|-fieldstart|move: Psychic Terrain|[from] ability: Psychic Surge|[of] p2a: Indeedee
|move|p1a: Corviknight|Roost|p1a: Corviknight
|-heal|p1a: Corviknight|100/100
|-singleturn|p1a: Corviknight|move: Roost
|
|upkeep
|turn|9
|
|t:|1781240316
|move|p2a: Indeedee|Encore|p1a: Corviknight
|-start|p1a: Corviknight|Encore
|move|p1a: Corviknight|Roost||[still]
|-fail|p1a: Corviknight|heal
|
|upkeep
|turn|10
|
|t:|1781240323
|switch|p2a: Polteageist|Polteageist-Antique|100/100
|switch|p1a: Ting-Lu|Ting-Lu|100/100
|-damage|p1a: Ting-Lu|94/100|[from] Stealth Rock
|-ability|p1a: Ting-Lu|Vessel of Ruin
|
|-heal|p1a: Ting-Lu|100/100|[from] item: Leftovers
|upkeep
|turn|11
|
|t:|1781240344
|switch|p1a: Dragonite|Dragonite, F|100/100
|move|p2a: Polteageist|Shell Smash|p2a: Polteageist
|-unboost|p2a: Polteageist|def|1
|-unboost|p2a: Polteageist|spd|1
|-boost|p2a: Polteageist|atk|2
|-boost|p2a: Polteageist|spa|2
|-boost|p2a: Polteageist|spe|2
|
|upkeep
|turn|12
|
|t:|1781240348
|move|p2a: Polteageist|Stored Power|p1a: Dragonite
|-damage|p1a: Dragonite|31/100
|move|p1a: Dragonite|Dragon Tail|p2a: Polteageist
|-damage|p2a: Polteageist|8/100
|-ability|p2a: Polteageist|Weak Armor|boost
|-unboost|p2a: Polteageist|def|1
|-boost|p2a: Polteageist|spe|2
|drag|p2a: Hawlucha|Hawlucha, M|100/100
|-enditem|p2a: Hawlucha|Psychic Seed
|-boost|p2a: Hawlucha|spd|1|[from] item: Psychic Seed
|
|upkeep
|turn|13
|
|t:|1781240364
|switch|p1a: Corviknight|Corviknight, F|100/100
|-damage|p1a: Corviknight|88/100|[from] Stealth Rock
|-ability|p1a: Corviknight|Pressure
|move|p2a: Hawlucha|Acrobatics|p1a: Corviknight
|-resisted|p1a: Corviknight
|-damage|p1a: Corviknight|68/100
|
|upkeep
|turn|14
|
|t:|1781240371
|-terastallize|p2a: Hawlucha|Steel
|move|p2a: Hawlucha|Swords Dance|p2a: Hawlucha
|-boost|p2a: Hawlucha|atk|2
|move|p1a: Corviknight|Brave Bird|p2a: Hawlucha
|-resisted|p2a: Hawlucha
|-damage|p2a: Hawlucha|73/100
|-damage|p1a: Corviknight|61/100|[from] Recoil
|
|upkeep
|turn|15
|
|t:|1781240382
|move|p2a: Hawlucha|Close Combat|p1a: Corviknight
|-damage|p1a: Corviknight|0 fnt
|-unboost|p2a: Hawlucha|def|1
|-unboost|p2a: Hawlucha|spd|1
|faint|p1a: Corviknight
|
|-fieldend|move: Psychic Terrain
|upkeep
|
|t:|1781240392
|switch|p1a: Ting-Lu|Ting-Lu|100/100
|-damage|p1a: Ting-Lu|94/100|[from] Stealth Rock
|-ability|p1a: Ting-Lu|Vessel of Ruin
|turn|16
|
|t:|1781240395
|-terastallize|p1a: Ting-Lu|Ghost
|move|p2a: Hawlucha|Acrobatics|p1a: Ting-Lu
|-damage|p1a: Ting-Lu|37/100
|move|p1a: Ting-Lu|Earthquake|p2a: Hawlucha
|-supereffective|p2a: Hawlucha
|-damage|p2a: Hawlucha|0 fnt
|faint|p2a: Hawlucha
|
|-heal|p1a: Ting-Lu|43/100|[from] item: Leftovers
|upkeep
|
|t:|1781240404
|switch|p2a: Indeedee|Indeedee, M|100/100
|-fieldstart|move: Psychic Terrain|[from] ability: Psychic Surge|[of] p2a: Indeedee
|turn|17
|
|t:|1781240417
|move|p2a: Indeedee|Expanding Force|p1a: Ting-Lu
|-damage|p1a: Ting-Lu|13/100
|move|p1a: Ting-Lu|Earthquake|p2a: Indeedee
|-damage|p2a: Indeedee|21/100
|
|-heal|p1a: Ting-Lu|19/100|[from] item: Leftovers
|upkeep
|turn|18
|
|t:|1781240424
|move|p2a: Indeedee|Expanding Force|p1a: Ting-Lu
|-damage|p1a: Ting-Lu|0 fnt
|faint|p1a: Ting-Lu
|
|upkeep
|
|t:|1781240425
|switch|p1a: Darkrai|Darkrai|100/100
|turn|19
|
|t:|1781240429
|switch|p2a: Primarina|Primarina, M|59/100
|move|p1a: Darkrai|Dark Pulse|p2a: Primarina
|-resisted|p2a: Primarina
|-damage|p2a: Primarina|47/100
|
|upkeep
|turn|20
|
|t:|1781240437
|switch|p1a: Latios|Latios, M|100/100
|-damage|p1a: Latios|88/100|[from] Stealth Rock
|move|p2a: Primarina|Moonblast|p1a: Latios
|-supereffective|p1a: Latios
|-damage|p1a: Latios|0 fnt
|faint|p1a: Latios
|
|upkeep
|
|t:|1781240447
|switch|p1a: Dragonite|Dragonite, F|31/100
|turn|21
|
|t:|1781240453
|move|p1a: Dragonite|Low Kick|p2a: Primarina
|-resisted|p2a: Primarina
|-damage|p2a: Primarina|33/100
|move|p2a: Primarina|Moonblast|p1a: Dragonite
|-supereffective|p1a: Dragonite
|-damage|p1a: Dragonite|0 fnt
|faint|p1a: Dragonite
|
|upkeep
|
|t:|1781240456
|switch|p1a: Clefable|Clefable, F|51/100
|turn|22
|
|t:|1781240459
|move|p1a: Clefable|Moonlight|p1a: Clefable
|-heal|p1a: Clefable|100/100
|move|p2a: Primarina|Moonblast|p1a: Clefable
|-damage|p1a: Clefable|52/100
|
|upkeep
|turn|23
|
|t:|1781240465
|move|p1a: Clefable|Moonlight|p1a: Clefable
|-heal|p1a: Clefable|100/100
|move|p2a: Primarina|Moonblast|p1a: Clefable
|-damage|p1a: Clefable|50/100
|-unboost|p1a: Clefable|spa|1
|
|upkeep
|turn|24
|
|t:|1781240469
|move|p1a: Clefable|Knock Off|p2a: Primarina
|-resisted|p2a: Primarina
|-damage|p2a: Primarina|24/100
|-enditem|p2a: Primarina|Assault Vest|[from] move: Knock Off|[of] p1a: Clefable
|move|p2a: Primarina|Moonblast|p1a: Clefable
|-damage|p1a: Clefable|0 fnt
|faint|p1a: Clefable
|
|-fieldend|move: Psychic Terrain
|upkeep
|
|t:|1781240471
|switch|p1a: Darkrai|Darkrai|100/100
|turn|25
|
|t:|1781240475
|move|p1a: Darkrai|Dark Pulse|p2a: Primarina
|-resisted|p2a: Primarina
|-damage|p2a: Primarina|8/100
|move|p2a: Primarina|Moonblast|p1a: Darkrai
|-supereffective|p1a: Darkrai
|-crit|p1a: Darkrai
|-damage|p1a: Darkrai|0 fnt
|faint|p1a: Darkrai
|
|win|mongwong
|raw|ur doggo's rating: 1661 &rarr; <strong>1647</strong><br />(-14 for losing)
|raw|mongwong's rating: 1763 &rarr; <strong>1777</strong><br />(+14 for winning)
|l|☆ur doggo
|player|p1|
|j| nivalys99
|l|☆mongwong
|player|p2|
