|j|☆Dariokemontraining
|j|☆Alfblu3
|t:|1780927270
|gametype|singles
|player|p1|Dariokemontraining|265|1575
|player|p2|Alfblu3|fisherman-gen4|1600
|gen|9
|tier|[Gen 9] OU
|rated|
|rule|HP Percentage Mod: HP is shown in percentages
|rule|Endless Battle Clause: Forcing endless battles is banned
|rule|Species Clause: Limit one of each Pokémon
|rule|OHKO Clause: OHKO moves are banned
|rule|Evasion Items Clause: Evasion items are banned
|rule|Evasion Moves Clause: Evasion moves are banned
|rule|Evasion Abilities Clause: Evasion abilities are banned
|rule|Sleep Moves Clause: Sleep-inducing moves are banned
|clearpoke
|poke|p1|Darkrai|
|poke|p1|Iron Treads|
|poke|p1|Latias, F|
|poke|p1|Kyurem|
|poke|p1|Dragapult, F|
|poke|p1|Kingambit, M|
|poke|p2|Pawmot, F|
|poke|p2|Cresselia, F|
|poke|p2|Entei|
|poke|p2|Iron Treads|
|poke|p2|Fezandipiti, M|
|poke|p2|Darkrai|
|teampreview
|inactive|Battle timer is ON: inactive players will automatically lose when time's up. (requested by Alfblu3)
|
|t:|1780927285
|teamsize|p1|6
|teamsize|p2|6
|start
|switch|p1a: Clutch|Latias, F, shiny|100/100
|switch|p2a: Iron Treads|Iron Treads|100/100
|turn|1
|
|t:|1780927291
|move|p2a: Iron Treads|Stealth Rock|p1a: Clutch
|-sidestart|p1: Dariokemontraining|move: Stealth Rock
|move|p1a: Clutch|Agility|p1a: Clutch
|-boost|p1a: Clutch|spe|2
|
|upkeep
|turn|2
|
|t:|1780927297
|-end|p2a: Iron Treads|Quark Drive|[silent]
|switch|p2a: Fezandipiti|Fezandipiti, M|100/100
|move|p1a: Clutch|Calm Mind|p1a: Clutch
|-boost|p1a: Clutch|spa|1
|-boost|p1a: Clutch|spd|1
|
|upkeep
|turn|3
|
|t:|1780927305
|-terastallize|p1a: Clutch|Poison
|move|p1a: Clutch|Calm Mind|p1a: Clutch
|-boost|p1a: Clutch|spa|1
|-boost|p1a: Clutch|spd|1
|move|p2a: Fezandipiti|Beat Up|p1a: Clutch
|-damage|p1a: Clutch|98/100
|-damage|p1a: Clutch|96/100
|-damage|p1a: Clutch|94/100
|-damage|p1a: Clutch|91/100
|-damage|p1a: Clutch|88/100
|-damage|p1a: Clutch|86/100
|-hitcount|p1a: Clutch|6
|
|upkeep
|turn|4
|
|t:|1780927319
|switch|p2a: Cresselia|Cresselia, F|100/100
|move|p1a: Clutch|Stored Power|p2a: Cresselia
|-resisted|p2a: Cresselia
|-damage|p2a: Cresselia|64/100
|
|upkeep
|turn|5
|
|t:|1780927345
|move|p1a: Clutch|Calm Mind|p1a: Clutch
|-boost|p1a: Clutch|spa|1
|-boost|p1a: Clutch|spd|1
|move|p2a: Cresselia|Thunder Wave|p1a: Clutch
|-status|p1a: Clutch|par
|
|upkeep
|turn|6
|
|t:|1780927352
|move|p1a: Clutch|Stored Power|p2a: Cresselia
|-resisted|p2a: Cresselia
|-damage|p2a: Cresselia|7/100
|move|p2a: Cresselia|Moonlight|p2a: Cresselia
|-heal|p2a: Cresselia|57/100
|
|upkeep
|turn|7
|
|t:|1780927359
|switch|p2a: Darkrai|Darkrai|100/100
|move|p1a: Clutch|Stored Power|p2a: Darkrai
|-immune|p2a: Darkrai
|
|upkeep
|turn|8
|
|t:|1780927365
|move|p2a: Darkrai|Trick|p1a: Clutch
|-activate|p2a: Darkrai|move: Trick|[of] p1a: Clutch
|-item|p1a: Clutch|Choice Scarf|[from] move: Trick
|-item|p2a: Darkrai|Weakness Policy|[from] move: Trick
|move|p1a: Clutch|Draining Kiss|p2a: Darkrai
|-supereffective|p2a: Darkrai
|-damage|p2a: Darkrai|19/100
|-heal|p1a: Clutch|100/100 par|[from] drain|[of] p2a: Darkrai
|-enditem|p2a: Darkrai|Weakness Policy
|-boost|p2a: Darkrai|atk|2|[from] item: Weakness Policy
|-boost|p2a: Darkrai|spa|2|[from] item: Weakness Policy
|
|upkeep
|turn|9
|
|t:|1780927375
|move|p1a: Clutch|Draining Kiss|p2a: Darkrai
|-supereffective|p2a: Darkrai
|-damage|p2a: Darkrai|0 fnt
|faint|p2a: Darkrai
|
|upkeep
|
|t:|1780927378
|switch|p2a: Entei|Entei|100/100
|-ability|p2a: Entei|Pressure
|turn|10
|
|t:|1780927383
|move|p1a: Clutch|Draining Kiss|p2a: Entei
|-resisted|p2a: Entei
|-damage|p2a: Entei|87/100
|move|p2a: Entei|Substitute|p2a: Entei
|-start|p2a: Entei|Substitute
|-damage|p2a: Entei|62/100
|
|-heal|p2a: Entei|69/100|[from] item: Leftovers
|upkeep
|turn|11
|j| michealjackkson
|
|t:|1780927392
|switch|p1a: Dragapult|Dragapult, F|100/100
|-damage|p1a: Dragapult|88/100|[from] Stealth Rock
|move|p2a: Entei|Calm Mind|p2a: Entei
|-boost|p2a: Entei|spa|1
|-boost|p2a: Entei|spd|1
|
|-heal|p2a: Entei|75/100|[from] item: Leftovers
|upkeep
|turn|12
|
|t:|1780927403
|move|p2a: Entei|Protect|p2a: Entei
|-singleturn|p2a: Entei|Protect
|move|p1a: Dragapult|Will-O-Wisp|p2a: Entei
|-activate|p2a: Entei|move: Protect
|
|-heal|p2a: Entei|81/100|[from] item: Leftovers
|upkeep
|turn|13
|l| michealjackkson
|
|t:|1780927411
|move|p1a: Dragapult|Will-O-Wisp|p2a: Entei
|-immune|p2a: Entei
|move|p2a: Entei|Lava Plume|p1a: Dragapult
|-resisted|p1a: Dragapult
|-damage|p1a: Dragapult|62/100
|
|-heal|p2a: Entei|87/100|[from] item: Leftovers
|upkeep
|turn|14
|
|t:|1780927421
|move|p1a: Dragapult|Hex|p2a: Entei
|-damage|p2a: Entei|71/100
|move|p2a: Entei|Lava Plume|p1a: Dragapult
|-resisted|p1a: Dragapult
|-damage|p1a: Dragapult|37/100
|-status|p1a: Dragapult|brn
|
|-heal|p2a: Entei|77/100|[from] item: Leftovers
|-damage|p1a: Dragapult|31/100 brn|[from] brn
|upkeep
|turn|15
|
|t:|1780927435
|move|p1a: Dragapult|Light Screen|p1a: Dragapult
|-sidestart|p1: Dariokemontraining|move: Light Screen
|move|p2a: Entei|Calm Mind|p2a: Entei
|-boost|p2a: Entei|spa|1
|-boost|p2a: Entei|spd|1
|
|-heal|p2a: Entei|83/100|[from] item: Leftovers
|-damage|p1a: Dragapult|25/100 brn|[from] brn
|upkeep
|turn|16
|
|t:|1780927444
|move|p1a: Dragapult|Hex|p2a: Entei
|-damage|p2a: Entei|69/100
|move|p2a: Entei|Calm Mind|p2a: Entei
|-boost|p2a: Entei|spa|1
|-boost|p2a: Entei|spd|1
|
|-heal|p2a: Entei|75/100|[from] item: Leftovers
|-damage|p1a: Dragapult|19/100 brn|[from] brn
|upkeep
|turn|17
|
|t:|1780927454
|move|p1a: Dragapult|Reflect|p1a: Dragapult
|-sidestart|p1: Dariokemontraining|Reflect
|move|p2a: Entei|Calm Mind|p2a: Entei
|-boost|p2a: Entei|spa|1
|-boost|p2a: Entei|spd|1
|
|-heal|p2a: Entei|81/100|[from] item: Leftovers
|-damage|p1a: Dragapult|13/100 brn|[from] brn
|upkeep
|turn|18
|
|t:|1780927466
|move|p1a: Dragapult|Hex|p2a: Entei
|-damage|p2a: Entei|72/100
|move|p2a: Entei|Calm Mind|p2a: Entei
|-boost|p2a: Entei|spa|1
|-boost|p2a: Entei|spd|1
|
|-heal|p2a: Entei|78/100|[from] item: Leftovers
|-damage|p1a: Dragapult|7/100 brn|[from] brn
|upkeep
|turn|19
|
|t:|1780927487
|switch|p1a: Freeza|Kyurem|100/100
|-damage|p1a: Freeza|75/100|[from] Stealth Rock
|-ability|p1a: Freeza|Pressure
|move|p2a: Entei|Calm Mind|p2a: Entei
|-boost|p2a: Entei|spa|1
|-boost|p2a: Entei|spd|1
|
|-heal|p2a: Entei|85/100|[from] item: Leftovers
|upkeep
|turn|20
|
|t:|1780927498
|move|p2a: Entei|Lava Plume|p1a: Freeza
|-damage|p1a: Freeza|31/100
|move|p1a: Freeza|Scale Shot|p2a: Entei
|-activate|p2a: Entei|move: Substitute|[damage]
|-end|p2a: Entei|Substitute
|-damage|p2a: Entei|72/100
|-crit|p2a: Entei
|-damage|p2a: Entei|50/100
|-damage|p2a: Entei|34/100
|-hitcount|p2a: Entei|5
|-unboost|p1a: Freeza|def|1
|-boost|p1a: Freeza|spe|1
|
|-heal|p2a: Entei|41/100|[from] item: Leftovers
|upkeep
|turn|21
|
|t:|1780927514
|move|p2a: Entei|Protect|p2a: Entei
|-singleturn|p2a: Entei|Protect
|move|p1a: Freeza|Scale Shot|p2a: Entei
|-activate|p2a: Entei|move: Protect
|
|-heal|p2a: Entei|47/100|[from] item: Leftovers
|upkeep
|turn|22
|
|t:|1780927522
|move|p1a: Freeza|Scale Shot|p2a: Entei|[miss]
|-miss|p1a: Freeza|p2a: Entei
|move|p2a: Entei|Lava Plume|p1a: Freeza
|-damage|p1a: Freeza|0 fnt
|faint|p1a: Freeza
|
|-heal|p2a: Entei|53/100|[from] item: Leftovers
|-sideend|p1: Dariokemontraining|move: Light Screen
|upkeep
|
|t:|1780927533
|switch|p1a: Iron Treads|Iron Treads, shiny|100/100
|-damage|p1a: Iron Treads|97/100|[from] Stealth Rock
|-enditem|p1a: Iron Treads|Booster Energy
|-activate|p1a: Iron Treads|ability: Quark Drive|[fromitem]
|-start|p1a: Iron Treads|quarkdrivespe
|turn|23
|
|t:|1780927539
|-terastallize|p2a: Entei|Dragon
|move|p1a: Iron Treads|Earthquake|p2a: Entei
|-damage|p2a: Entei|8/100
|move|p2a: Entei|Lava Plume|p1a: Iron Treads
|-supereffective|p1a: Iron Treads
|-damage|p1a: Iron Treads|0 fnt
|faint|p1a: Iron Treads
|-end|p1a: Iron Treads|Quark Drive|[silent]
|
|-heal|p2a: Entei|14/100|[from] item: Leftovers
|upkeep
|
|t:|1780927553
|switch|p1a: Kingambit|Kingambit, M|100/100
|-damage|p1a: Kingambit|94/100|[from] Stealth Rock
|-activate|p1a: Kingambit|ability: Supreme Overlord
|-start|p1a: Kingambit|fallen2|[silent]
|turn|24
|
|t:|1780927559
|move|p2a: Entei|Protect|p2a: Entei
|-singleturn|p2a: Entei|Protect
|move|p1a: Kingambit|Sucker Punch||[still]
|-fail|p1a: Kingambit
|
|-heal|p2a: Entei|21/100|[from] item: Leftovers
|-heal|p1a: Kingambit|100/100|[from] item: Leftovers
|-sideend|p1: Dariokemontraining|Reflect
|upkeep
|turn|25
|l|☆Dariokemontraining
|inactive|Dariokemontraining disconnected and has a minute to reconnect!
|player|p1|
|j| Agathina
|inactive|Dariokemontraining has 30 seconds to reconnect!
|inactive|Dariokemontraining has 20 seconds to reconnect!
|j| cachowcapow
|inactive|Dariokemontraining has 15 seconds to reconnect!
|inactive|Dariokemontraining has 10 seconds to reconnect!
|inactive|Dariokemontraining has 5 seconds to reconnect!
|-message|Dariokemontraining lost due to inactivity.
|
|win|Alfblu3
|raw|Dariokemontraining's rating: 1575 &rarr; <strong>1556</strong><br />(-19 for losing)
|raw|Alfblu3's rating: 1600 &rarr; <strong>1619</strong><br />(+19 for winning)
|l|☆Alfblu3
|player|p2|
