|j|☆dynamo fuckass
|j|☆Slashutu
|t:|1781214461
|gametype|singles
|player|p1|dynamo fuckass|265|1498
|player|p2|Slashutu|102|1551
|gen|9
|tier|[Gen 9] OU
|rated|
|rule|HP Percentage Mod: HP is shown in percentages
|rule|Endless Battle Clause: Forcing endless battles is banned
|rule|Species Clause: Limit one of each Pokémon
|rule|OHKO Clause: OHKO moves are banned
|rule|Evasion Items Clause: Evasion items are banned
|rule|Evasion Moves Clause: Evasion moves are banned
|rule|Evasion Abilities Clause: Evasion abilities are banned
|rule|Sleep Moves Clause: Sleep-inducing moves are banned
|clearpoke
|poke|p1|Darkrai|
|poke|p1|Garchomp, F|
|poke|p1|Alomomola, F|
|poke|p1|Corviknight, F|
|poke|p1|Weezing-Galar, M|
|poke|p1|Ogerpon, F|
|poke|p2|Ting-Lu|
|poke|p2|Gliscor, F|
|poke|p2|Sinistcha-Masterpiece|
|poke|p2|Keldeo|
|poke|p2|Tinkaton, F|
|poke|p2|Dragonite, M|
|teampreview
|c|☆dynamo fuckass|ctc lookin ass team
|
|t:|1781214500
|teamsize|p1|6
|teamsize|p2|6
|start
|switch|p1a: Darkrai|Darkrai|100/100
|switch|p2a: Dance Armstrong|Gliscor, F|100/100
|turn|1
|
|t:|1781214509
|move|p2a: Dance Armstrong|Protect|p2a: Dance Armstrong
|-singleturn|p2a: Dance Armstrong|Protect
|move|p1a: Darkrai|Ice Beam|p2a: Dance Armstrong
|-activate|p2a: Dance Armstrong|move: Protect
|
|-status|p2a: Dance Armstrong|tox|[from] item: Toxic Orb
|upkeep
|turn|2
|
|t:|1781214522
|switch|p1a: Garchomp|Garchomp, F|100/100
|switch|p2a: Tinkki Minaj|Tinkaton, F|100/100
|-ability|p2a: Tinkki Minaj|Mold Breaker
|-item|p2a: Tinkki Minaj|Air Balloon
|
|upkeep
|turn|3
|
|t:|1781214526
|move|p2a: Tinkki Minaj|Stealth Rock|p1a: Garchomp
|-sidestart|p1: dynamo fuckass|move: Stealth Rock
|move|p1a: Garchomp|Stealth Rock|p2a: Tinkki Minaj
|-sidestart|p2: Slashutu|move: Stealth Rock
|
|upkeep
|turn|4
|
|t:|1781214547
|switch|p1a: Weezing|Weezing-Galar, M|100/100
|-ability|p1a: Weezing|Neutralizing Gas
|-damage|p1a: Weezing|88/100|[from] Stealth Rock
|move|p2a: Tinkki Minaj|Encore||[still]
|-fail|p2a: Tinkki Minaj
|
|-heal|p1a: Weezing|94/100|[from] item: Leftovers
|upkeep
|turn|5
|
|t:|1781214558
|-end|p1a: Weezing|ability: Neutralizing Gas
|-ability|p2a: Tinkki Minaj|Mold Breaker
|switch|p1a: Corviknight|Corviknight, F|100/100
|-damage|p1a: Corviknight|88/100|[from] Stealth Rock
|-ability|p1a: Corviknight|Pressure
|move|p2a: Tinkki Minaj|Thunder Wave|p1a: Corviknight
|-status|p1a: Corviknight|par
|
|-heal|p1a: Corviknight|94/100 par|[from] item: Leftovers
|upkeep
|turn|6
|
|t:|1781214569
|switch|p2a: Dance Armstrong|Gliscor, F|100/100 tox
|-damage|p2a: Dance Armstrong|88/100 tox|[from] Stealth Rock
|move|p1a: Corviknight|U-turn|p2a: Dance Armstrong
|-resisted|p2a: Dance Armstrong
|-damage|p2a: Dance Armstrong|82/100 tox
|
|t:|1781214572
|switch|p1a: Weezing|Weezing-Galar, M|94/100|[from] U-turn
|-ability|p1a: Weezing|Neutralizing Gas
|-damage|p1a: Weezing|82/100|[from] Stealth Rock
|
|-heal|p1a: Weezing|88/100|[from] item: Leftovers
|-damage|p2a: Dance Armstrong|75/100 tox|[from] psn
|upkeep
|turn|7
|
|t:|1781214580
|move|p2a: Dance Armstrong|Knock Off|p1a: Weezing
|-resisted|p1a: Weezing
|-damage|p1a: Weezing|81/100
|-enditem|p1a: Weezing|Leftovers|[from] move: Knock Off|[of] p2a: Dance Armstrong
|move|p1a: Weezing|Defog|p2a: Dance Armstrong
|-unboost|p2a: Dance Armstrong|evasion|1
|-sideend|p2: Slashutu|Stealth Rock|[from] move: Defog|[of] p1a: Weezing
|-sideend|p1: dynamo fuckass|Stealth Rock|[from] move: Defog|[of] p1a: Weezing
|
|-damage|p2a: Dance Armstrong|63/100 tox|[from] psn
|upkeep
|turn|8
|
|t:|1781214594
|switch|p2a: Jarhead|Ting-Lu|100/100
|move|p1a: Weezing|Pain Split|p2a: Jarhead
|-sethp|p2a: Jarhead|76/100|[from] move: Pain Split|[silent]
|-sethp|p1a: Weezing|100/100|[from] move: Pain Split
|
|-heal|p2a: Jarhead|83/100|[from] item: Leftovers
|upkeep
|turn|9
|
|t:|1781214599
|move|p1a: Weezing|Will-O-Wisp|p2a: Jarhead
|-status|p2a: Jarhead|brn
|move|p2a: Jarhead|Spikes|p1a: Weezing
|-sidestart|p1: dynamo fuckass|Spikes
|
|-heal|p2a: Jarhead|89/100 brn|[from] item: Leftovers
|-damage|p2a: Jarhead|83/100 brn|[from] brn
|upkeep
|turn|10
|
|t:|1781214603
|-end|p1a: Weezing|ability: Neutralizing Gas
|-ability|p2a: Jarhead|Vessel of Ruin
|switch|p1a: Corviknight|Corviknight, F|94/100 par
|-ability|p1a: Corviknight|Pressure
|move|p2a: Jarhead|Ruination|p1a: Corviknight
|-damage|p1a: Corviknight|47/100 par
|
|-heal|p2a: Jarhead|89/100 brn|[from] item: Leftovers
|-heal|p1a: Corviknight|54/100 par|[from] item: Leftovers
|-damage|p2a: Jarhead|83/100 brn|[from] brn
|upkeep
|turn|11
|
|t:|1781214610
|switch|p2a: Dance Armstrong|Gliscor, F|63/100 tox
|move|p1a: Corviknight|Defog|p2a: Dance Armstrong
|-unboost|p2a: Dance Armstrong|evasion|1
|-sideend|p1: dynamo fuckass|Spikes|[from] move: Defog|[of] p1a: Corviknight
|
|-heal|p1a: Corviknight|60/100 par|[from] item: Leftovers
|-heal|p2a: Dance Armstrong|75/100 tox|[from] ability: Poison Heal
|upkeep
|turn|12
|
|t:|1781214614
|move|p2a: Dance Armstrong|Swords Dance|p2a: Dance Armstrong
|-boost|p2a: Dance Armstrong|atk|2
|cant|p1a: Corviknight|par
|
|-heal|p1a: Corviknight|66/100 par|[from] item: Leftovers
|-heal|p2a: Dance Armstrong|88/100 tox|[from] ability: Poison Heal
|upkeep
|turn|13
|
|t:|1781214619
|switch|p1a: Darkrai|Darkrai|100/100
|move|p2a: Dance Armstrong|Knock Off|p1a: Darkrai
|-resisted|p1a: Darkrai
|-damage|p1a: Darkrai|74/100
|-enditem|p1a: Darkrai|Choice Specs|[from] move: Knock Off|[of] p2a: Dance Armstrong
|
|-heal|p2a: Dance Armstrong|100/100 tox|[from] ability: Poison Heal
|upkeep
|turn|14
|
|t:|1781214625
|-terastallize|p2a: Dance Armstrong|Normal
|move|p1a: Darkrai|Ice Beam|p2a: Dance Armstrong
|-damage|p2a: Dance Armstrong|60/100 tox
|move|p2a: Dance Armstrong|Facade|p1a: Darkrai
|-damage|p1a: Darkrai|0 fnt
|faint|p1a: Darkrai
|
|-heal|p2a: Dance Armstrong|72/100 tox|[from] ability: Poison Heal
|upkeep
|
|t:|1781214629
|switch|p1a: Garchomp|Garchomp, F|100/100
|turn|15
|
|t:|1781214634
|move|p2a: Dance Armstrong|Facade|p1a: Garchomp
|-crit|p1a: Garchomp
|-damage|p1a: Garchomp|7/100
|-damage|p2a: Dance Armstrong|60/100 tox|[from] ability: Rough Skin|[of] p1a: Garchomp
|-damage|p2a: Dance Armstrong|43/100 tox|[from] item: Rocky Helmet|[of] p1a: Garchomp
|move|p1a: Garchomp|Dragon Tail|p2a: Dance Armstrong
|-damage|p2a: Dance Armstrong|22/100 tox
|drag|p2a: Secret Service|Dragonite, M|100/100
|
|upkeep
|turn|16
|
|t:|1781214640
|move|p2a: Secret Service|Extreme Speed|p1a: Garchomp
|-damage|p1a: Garchomp|0 fnt
|-damage|p2a: Secret Service|88/100|[from] ability: Rough Skin|[of] p1a: Garchomp
|-damage|p2a: Secret Service|71/100|[from] item: Rocky Helmet|[of] p1a: Garchomp
|faint|p1a: Garchomp
|
|upkeep
|
|t:|1781214653
|switch|p1a: Weezing|Weezing-Galar, M|100/100
|-ability|p1a: Weezing|Neutralizing Gas
|turn|17
|
|t:|1781214662
|switch|p2a: Dance Armstrong|Gliscor, F, tera:Normal|22/100 tox
|move|p1a: Weezing|Sludge Bomb|p2a: Dance Armstrong
|-damage|p2a: Dance Armstrong|0 fnt
|faint|p2a: Dance Armstrong
|
|upkeep
|
|t:|1781214668
|switch|p2a: Tinkki Minaj|Tinkaton, F|100/100
|-item|p2a: Tinkki Minaj|Air Balloon
|turn|18
|
|t:|1781214673
|move|p2a: Tinkki Minaj|Gigaton Hammer|p1a: Weezing
|-supereffective|p1a: Weezing
|-damage|p1a: Weezing|43/100
|move|p1a: Weezing|Will-O-Wisp|p2a: Tinkki Minaj
|-status|p2a: Tinkki Minaj|brn
|
|-damage|p2a: Tinkki Minaj|94/100 brn|[from] brn
|upkeep
|turn|19
|
|t:|1781214678
|move|p2a: Tinkki Minaj|Encore|p1a: Weezing
|-start|p1a: Weezing|Encore
|move|p1a: Weezing|Will-O-Wisp|p2a: Tinkki Minaj
|-fail|p2a: Tinkki Minaj|brn
|
|-damage|p2a: Tinkki Minaj|88/100 brn|[from] brn
|upkeep
|turn|20
|
|t:|1781214682
|-end|p1a: Weezing|ability: Neutralizing Gas
|-ability|p2a: Tinkki Minaj|Mold Breaker
|switch|p1a: Alomomola|Alomomola, F|100/100
|move|p2a: Tinkki Minaj|Stealth Rock|p1a: Alomomola
|-sidestart|p1: dynamo fuckass|move: Stealth Rock
|
|-damage|p2a: Tinkki Minaj|82/100 brn|[from] brn
|upkeep
|turn|21
|
|t:|1781214689
|move|p2a: Tinkki Minaj|Thunder Wave|p1a: Alomomola
|-status|p1a: Alomomola|par
|move|p1a: Alomomola|Flip Turn|p2a: Tinkki Minaj
|-damage|p2a: Tinkki Minaj|63/100 brn
|-enditem|p2a: Tinkki Minaj|Air Balloon
|
|t:|1781214695
|switch|p1a: Corviknight|Corviknight, F|66/100 par|[from] Flip Turn
|-damage|p1a: Corviknight|54/100 par|[from] Stealth Rock
|-ability|p1a: Corviknight|Pressure
|
|-heal|p1a: Corviknight|60/100 par|[from] item: Leftovers
|-damage|p2a: Tinkki Minaj|57/100 brn|[from] brn
|upkeep
|turn|22
|
|t:|1781214700
|switch|p2a: My Little Pwny|Keldeo|100/100
|move|p1a: Corviknight|Roost|p1a: Corviknight
|-heal|p1a: Corviknight|100/100 par
|-singleturn|p1a: Corviknight|move: Roost
|
|upkeep
|turn|23
|
|t:|1781214705
|move|p2a: My Little Pwny|Surf|p1a: Corviknight
|-damage|p1a: Corviknight|70/100 par
|move|p1a: Corviknight|Brave Bird|p2a: My Little Pwny
|-supereffective|p2a: My Little Pwny
|-damage|p2a: My Little Pwny|13/100
|-damage|p1a: Corviknight|47/100 par|[from] Recoil
|
|-heal|p1a: Corviknight|53/100 par|[from] item: Leftovers
|upkeep
|turn|24
|
|t:|1781214710
|move|p2a: My Little Pwny|Surf|p1a: Corviknight
|-damage|p1a: Corviknight|23/100 par
|move|p1a: Corviknight|Roost|p1a: Corviknight
|-heal|p1a: Corviknight|73/100 par
|-singleturn|p1a: Corviknight|move: Roost
|
|-heal|p1a: Corviknight|79/100 par|[from] item: Leftovers
|upkeep
|turn|25
|
|t:|1781214716
|switch|p2a: Tchavis Scott|Sinistcha-Masterpiece|100/100
|cant|p1a: Corviknight|par
|
|-heal|p1a: Corviknight|86/100 par|[from] item: Leftovers
|upkeep
|turn|26
|
|t:|1781214719
|move|p2a: Tchavis Scott|Calm Mind|p2a: Tchavis Scott
|-boost|p2a: Tchavis Scott|spa|1
|-boost|p2a: Tchavis Scott|spd|1
|move|p1a: Corviknight|U-turn|p2a: Tchavis Scott
|-crit|p2a: Tchavis Scott
|-damage|p2a: Tchavis Scott|85/100
|
|t:|1781214724
|switch|p1a: Ogerpon|Ogerpon, F|100/100|[from] U-turn
|-damage|p1a: Ogerpon|88/100|[from] Stealth Rock
|
|upkeep
|turn|27
|
|t:|1781214728
|move|p1a: Ogerpon|Encore|p2a: Tchavis Scott
|-start|p2a: Tchavis Scott|Encore
|move|p2a: Tchavis Scott|Calm Mind|p2a: Tchavis Scott
|-boost|p2a: Tchavis Scott|spa|1
|-boost|p2a: Tchavis Scott|spd|1
|
|upkeep
|turn|28
|
|t:|1781214732
|switch|p2a: Secret Service|Dragonite, M|71/100
|move|p1a: Ogerpon|Knock Off|p2a: Secret Service
|-damage|p2a: Secret Service|42/100
|-enditem|p2a: Secret Service|Heavy-Duty Boots|[from] move: Knock Off|[of] p1a: Ogerpon
|
|upkeep
|turn|29
|
|t:|1781214745
|switch|p1a: Corviknight|Corviknight, F|86/100 par
|-damage|p1a: Corviknight|73/100 par|[from] Stealth Rock
|-ability|p1a: Corviknight|Pressure
|move|p2a: Secret Service|Roost|p2a: Secret Service
|-heal|p2a: Secret Service|92/100
|-singleturn|p2a: Secret Service|move: Roost
|
|-heal|p1a: Corviknight|79/100 par|[from] item: Leftovers
|upkeep
|turn|30
|
|t:|1781214764
|switch|p2a: Tchavis Scott|Sinistcha-Masterpiece|85/100
|move|p1a: Corviknight|U-turn|p2a: Tchavis Scott
|-damage|p2a: Tchavis Scott|76/100
|
|t:|1781214769
|switch|p1a: Weezing|Weezing-Galar, M|43/100|[from] U-turn
|-ability|p1a: Weezing|Neutralizing Gas
|-damage|p1a: Weezing|31/100|[from] Stealth Rock
|
|upkeep
|turn|31
|
|t:|1781214772
|move|p2a: Tchavis Scott|Shadow Ball|p1a: Weezing
|-damage|p1a: Weezing|0 fnt
|faint|p1a: Weezing
|-end|p1a: Weezing|ability: Neutralizing Gas
|
|upkeep
|
|t:|1781214777
|switch|p1a: Ogerpon|Ogerpon, F|88/100
|-damage|p1a: Ogerpon|76/100|[from] Stealth Rock
|turn|32
|
|t:|1781214780
|move|p1a: Ogerpon|Swords Dance|p1a: Ogerpon
|-boost|p1a: Ogerpon|atk|2
|move|p2a: Tchavis Scott|Strength Sap|p1a: Ogerpon
|-unboost|p1a: Ogerpon|atk|1
|-ability|p1a: Ogerpon|Defiant|boost
|-boost|p1a: Ogerpon|atk|2
|-heal|p2a: Tchavis Scott|100/100
|
|upkeep
|turn|33
|
|t:|1781214788
|move|p1a: Ogerpon|Knock Off|p2a: Tchavis Scott
|-supereffective|p2a: Tchavis Scott
|-damage|p2a: Tchavis Scott|0 fnt
|-enditem|p2a: Tchavis Scott|Heavy-Duty Boots|[from] move: Knock Off|[of] p1a: Ogerpon
|faint|p2a: Tchavis Scott
|
|upkeep
|
|t:|1781214791
|switch|p2a: Secret Service|Dragonite, M|92/100
|turn|34
|
|t:|1781214807
|move|p1a: Ogerpon|Knock Off|p2a: Secret Service
|-damage|p2a: Secret Service|40/100
|move|p2a: Secret Service|Dragon Tail|p1a: Ogerpon
|-damage|p1a: Ogerpon|27/100
|drag|p1a: Alomomola|Alomomola, F|100/100 par
|-damage|p1a: Alomomola|88/100 par|[from] Stealth Rock
|
|upkeep
|turn|35
|
|t:|1781214814
|move|p2a: Secret Service|Roost|p2a: Secret Service
|-heal|p2a: Secret Service|91/100
|-singleturn|p2a: Secret Service|move: Roost
|cant|p1a: Alomomola|par
|
|upkeep
|turn|36
|
|t:|1781214819
|move|p1a: Alomomola|Body Slam|p2a: Secret Service
|-damage|p2a: Secret Service|77/100
|move|p2a: Secret Service|Dragon Tail|p1a: Alomomola
|-damage|p1a: Alomomola|63/100 par
|drag|p1a: Corviknight|Corviknight, F|79/100 par
|-damage|p1a: Corviknight|67/100 par|[from] Stealth Rock
|-ability|p1a: Corviknight|Pressure
|
|-heal|p1a: Corviknight|73/100 par|[from] item: Leftovers
|upkeep
|turn|37
|
|t:|1781214828
|switch|p2a: Jarhead|Ting-Lu|83/100 brn
|-ability|p2a: Jarhead|Vessel of Ruin
|move|p1a: Corviknight|Roost|p1a: Corviknight
|-heal|p1a: Corviknight|100/100 par
|-singleturn|p1a: Corviknight|move: Roost
|
|-heal|p2a: Jarhead|89/100 brn|[from] item: Leftovers
|-damage|p2a: Jarhead|83/100 brn|[from] brn
|upkeep
|turn|38
|
|t:|1781214831
|move|p2a: Jarhead|Ruination|p1a: Corviknight
|-damage|p1a: Corviknight|50/100 par
|move|p1a: Corviknight|Defog|p2a: Jarhead
|-unboost|p2a: Jarhead|evasion|1
|-sideend|p1: dynamo fuckass|Stealth Rock|[from] move: Defog|[of] p1a: Corviknight
|
|-heal|p2a: Jarhead|89/100 brn|[from] item: Leftovers
|-heal|p1a: Corviknight|57/100 par|[from] item: Leftovers
|-damage|p2a: Jarhead|83/100 brn|[from] brn
|upkeep
|turn|39
|
|t:|1781214836
|move|p2a: Jarhead|Ruination|p1a: Corviknight
|-damage|p1a: Corviknight|29/100 par
|move|p1a: Corviknight|U-turn|p2a: Jarhead
|-supereffective|p2a: Jarhead
|-damage|p2a: Jarhead|67/100 brn
|
|t:|1781214839
|switch|p1a: Ogerpon|Ogerpon, F|27/100|[from] U-turn
|
|-heal|p2a: Jarhead|73/100 brn|[from] item: Leftovers
|-damage|p2a: Jarhead|67/100 brn|[from] brn
|upkeep
|turn|40
|
|t:|1781214845
|-terastallize|p1a: Ogerpon|Grass
|detailschange|p1a: Ogerpon|Ogerpon-Teal-Tera, F, tera:Grass
|-ability|p1a: Ogerpon|Embody Aspect (Teal)|boost
|-boost|p1a: Ogerpon|spe|1
|move|p1a: Ogerpon|Ivy Cudgel|p2a: Jarhead
|-supereffective|p2a: Jarhead
|-crit|p2a: Jarhead
|-damage|p2a: Jarhead|0 fnt
|faint|p2a: Jarhead
|
|upkeep
|
|t:|1781214849
|switch|p2a: My Little Pwny|Keldeo|13/100
|turn|41
|
|t:|1781214853
|switch|p1a: Alomomola|Alomomola, F|97/100 par
|move|p2a: My Little Pwny|Vacuum Wave|p1a: Alomomola
|-damage|p1a: Alomomola|86/100 par
|
|upkeep
|turn|42
|
|t:|1781214857
|move|p2a: My Little Pwny|Aura Sphere|p1a: Alomomola
|-damage|p1a: Alomomola|66/100 par
|move|p1a: Alomomola|Flip Turn|p2a: My Little Pwny
|-resisted|p2a: My Little Pwny
|-damage|p2a: My Little Pwny|4/100
|
|t:|1781214861
|switch|p1a: Corviknight|Corviknight, F|29/100 par|[from] Flip Turn
|-ability|p1a: Corviknight|Pressure
|
|-heal|p1a: Corviknight|35/100 par|[from] item: Leftovers
|upkeep
|turn|43
|
|t:|1781214863
|switch|p1a: Alomomola|Alomomola, F|99/100 par
|move|p2a: My Little Pwny|Surf|p1a: Alomomola
|-resisted|p1a: Alomomola
|-crit|p1a: Alomomola
|-damage|p1a: Alomomola|81/100 par
|
|upkeep
|turn|44
|
|t:|1781214866
|switch|p2a: Secret Service|Dragonite, M|77/100
|move|p1a: Alomomola|Flip Turn|p2a: Secret Service
|-resisted|p2a: Secret Service
|-damage|p2a: Secret Service|70/100
|
|t:|1781214869
|switch|p1a: Corviknight|Corviknight, F|35/100 par|[from] Flip Turn
|-ability|p1a: Corviknight|Pressure
|
|-heal|p1a: Corviknight|41/100 par|[from] item: Leftovers
|upkeep
|turn|45
|
|t:|1781214871
|move|p1a: Corviknight|Roost|p1a: Corviknight
|-heal|p1a: Corviknight|91/100 par
|-singleturn|p1a: Corviknight|move: Roost
|move|p2a: Secret Service|Dragon Tail|p1a: Corviknight
|-resisted|p1a: Corviknight
|-damage|p1a: Corviknight|77/100 par
|drag|p1a: Ogerpon|Ogerpon-Teal-Tera, F, tera:Grass|27/100
|-ability|p1a: Ogerpon|Embody Aspect (Teal)|boost
|-boost|p1a: Ogerpon|spe|1
|
|upkeep
|turn|46
|
|t:|1781214876
|switch|p1a: Alomomola|Alomomola, F|100/100 par
|move|p2a: Secret Service|Dragon Tail|p1a: Alomomola
|-damage|p1a: Alomomola|73/100 par
|drag|p1a: Ogerpon|Ogerpon-Teal-Tera, F, tera:Grass|27/100
|-ability|p1a: Ogerpon|Embody Aspect (Teal)|boost
|-boost|p1a: Ogerpon|spe|1
|
|upkeep
|turn|47
|
|t:|1781214878
|switch|p1a: Alomomola|Alomomola, F|100/100 par
|move|p2a: Secret Service|Extreme Speed|p1a: Alomomola
|-damage|p1a: Alomomola|77/100 par
|
|upkeep
|turn|48
|
|t:|1781214882
|move|p2a: Secret Service|Earthquake|p1a: Alomomola
|-damage|p1a: Alomomola|47/100 par
|move|p1a: Alomomola|Body Slam|p2a: Secret Service
|-damage|p2a: Secret Service|57/100
|
|upkeep
|turn|49
|
|t:|1781214886
|move|p2a: Secret Service|Roost|p2a: Secret Service
|-heal|p2a: Secret Service|100/100
|-singleturn|p2a: Secret Service|move: Roost
|move|p1a: Alomomola|Flip Turn|p2a: Secret Service
|-resisted|p2a: Secret Service
|-damage|p2a: Secret Service|97/100
|
|t:|1781214889
|switch|p1a: Corviknight|Corviknight, F|77/100 par|[from] Flip Turn
|-ability|p1a: Corviknight|Pressure
|
|-heal|p1a: Corviknight|84/100 par|[from] item: Leftovers
|upkeep
|turn|50
|
|t:|1781214895
|switch|p2a: Tinkki Minaj|Tinkaton, F|57/100 brn
|-ability|p2a: Tinkki Minaj|Mold Breaker
|cant|p1a: Corviknight|par
|
|-heal|p1a: Corviknight|90/100 par|[from] item: Leftovers
|-damage|p2a: Tinkki Minaj|50/100 brn|[from] brn
|upkeep
|turn|51
|
|t:|1781214909
|move|p2a: Tinkki Minaj|Stealth Rock|p1a: Corviknight
|-sidestart|p1: dynamo fuckass|move: Stealth Rock
|move|p1a: Corviknight|Brave Bird|p2a: Tinkki Minaj
|-resisted|p2a: Tinkki Minaj
|-crit|p2a: Tinkki Minaj
|-damage|p2a: Tinkki Minaj|18/100 brn
|-damage|p1a: Corviknight|80/100 par|[from] Recoil
|
|-heal|p1a: Corviknight|86/100 par|[from] item: Leftovers
|-damage|p2a: Tinkki Minaj|12/100 brn|[from] brn
|upkeep
|turn|52
|
|t:|1781214916
|move|p2a: Tinkki Minaj|Stealth Rock||[still]
|-fail|p2a: Tinkki Minaj
|cant|p1a: Corviknight|par
|
|-heal|p1a: Corviknight|93/100 par|[from] item: Leftovers
|-damage|p2a: Tinkki Minaj|6/100 brn|[from] brn
|upkeep
|turn|53
|
|t:|1781214920
|move|p2a: Tinkki Minaj|Encore|p1a: Corviknight
|-start|p1a: Corviknight|Encore
|cant|p1a: Corviknight|par
|
|-heal|p1a: Corviknight|99/100 par|[from] item: Leftovers
|-damage|p2a: Tinkki Minaj|0 fnt|[from] brn
|faint|p2a: Tinkki Minaj
|upkeep
|
|t:|1781214925
|switch|p2a: Secret Service|Dragonite, M|97/100
|turn|54
|
|t:|1781214928
|cant|p1a: Corviknight|par
|move|p2a: Secret Service|Dragon Tail|p1a: Corviknight
|-resisted|p1a: Corviknight
|-damage|p1a: Corviknight|84/100 par
|drag|p1a: Ogerpon|Ogerpon-Teal-Tera, F, tera:Grass|27/100
|-damage|p1a: Ogerpon|14/100|[from] Stealth Rock
|-ability|p1a: Ogerpon|Embody Aspect (Teal)|boost
|-boost|p1a: Ogerpon|spe|1
|
|upkeep
|turn|55
|
|t:|1781214932
|switch|p1a: Alomomola|Alomomola, F|80/100 par
|-damage|p1a: Alomomola|68/100 par|[from] Stealth Rock
|move|p2a: Secret Service|Dragon Tail|p1a: Alomomola
|-damage|p1a: Alomomola|39/100 par
|drag|p1a: Corviknight|Corviknight, F|84/100 par
|-damage|p1a: Corviknight|72/100 par|[from] Stealth Rock
|-ability|p1a: Corviknight|Pressure
|
|-heal|p1a: Corviknight|78/100 par|[from] item: Leftovers
|upkeep
|turn|56
|
|t:|1781214939
|move|p1a: Corviknight|Defog|p2a: Secret Service
|-unboost|p2a: Secret Service|evasion|1
|-sideend|p1: dynamo fuckass|Stealth Rock|[from] move: Defog|[of] p1a: Corviknight
|move|p2a: Secret Service|Dragon Tail|p1a: Corviknight
|-resisted|p1a: Corviknight
|-damage|p1a: Corviknight|63/100 par
|drag|p1a: Alomomola|Alomomola, F|72/100 par
|
|upkeep
|turn|57
|
|t:|1781214943
|cant|p1a: Alomomola|par
|move|p2a: Secret Service|Dragon Tail|p1a: Alomomola|[miss]
|-miss|p2a: Secret Service|p1a: Alomomola
|
|upkeep
|turn|58
|
|t:|1781214947
|cant|p1a: Alomomola|par
|move|p2a: Secret Service|Dragon Tail|p1a: Alomomola
|-damage|p1a: Alomomola|46/100 par
|drag|p1a: Ogerpon|Ogerpon-Teal-Tera, F, tera:Grass|14/100
|-ability|p1a: Ogerpon|Embody Aspect (Teal)|boost
|-boost|p1a: Ogerpon|spe|1
|
|upkeep
|turn|59
|
|t:|1781214950
|switch|p1a: Alomomola|Alomomola, F|79/100 par
|move|p2a: Secret Service|Dragon Tail|p1a: Alomomola
|-crit|p1a: Alomomola
|-damage|p1a: Alomomola|40/100 par
|drag|p1a: Corviknight|Corviknight, F|63/100 par
|-ability|p1a: Corviknight|Pressure
|
|-heal|p1a: Corviknight|69/100 par|[from] item: Leftovers
|upkeep
|turn|60
|-message|Slashutu forfeited.
|
|win|dynamo fuckass
|raw|dynamo fuckass's rating: 1498 &rarr; <strong>1521</strong><br />(+23 for winning)
|raw|Slashutu's rating: 1551 &rarr; <strong>1528</strong><br />(-23 for losing)
|l|☆Slashutu
|player|p2|
