|j|☆angel engine
|j|☆BoostingTyranntrum
|t:|1781530908
|gametype|singles
|player|p1|angel engine|dawn|1549
|player|p2|BoostingTyranntrum|170|1483
|gen|9
|tier|[Gen 9] OU
|rated|
|rule|HP Percentage Mod: HP is shown in percentages
|rule|Endless Battle Clause: Forcing endless battles is banned
|rule|Species Clause: Limit one of each Pokémon
|rule|OHKO Clause: OHKO moves are banned
|rule|Evasion Items Clause: Evasion items are banned
|rule|Evasion Moves Clause: Evasion moves are banned
|rule|Evasion Abilities Clause: Evasion abilities are banned
|rule|Sleep Moves Clause: Sleep-inducing moves are banned
|clearpoke
|poke|p1|Lokix, F|
|poke|p1|Iron Valiant|
|poke|p1|Alomomola, L99, M|
|poke|p1|Mandibuzz, F|
|poke|p1|Great Tusk|
|poke|p1|Gholdengo|
|poke|p2|Alomomola, M|
|poke|p2|Kingambit, F|
|poke|p2|Slowking-Galar, F|
|poke|p2|Raging Bolt|
|poke|p2|Landorus-Therian, M|
|poke|p2|Cinderace, M|
|teampreview
|inactive|Battle timer is ON: inactive players will automatically lose when time's up. (requested by angel engine)
|
|t:|1781530923
|teamsize|p1|6
|teamsize|p2|6
|start
|switch|p1a: Alomomola|Alomomola, L99, M|100/100
|switch|p2a: Slowking|Slowking-Galar, F|100/100
|turn|1
|
|t:|1781530927
|move|p1a: Alomomola|Flip Turn|p2a: Slowking
|-damage|p2a: Slowking|83/100
|
|t:|1781530934
|switch|p1a: Lokix|Lokix, F, shiny|100/100|[from] Flip Turn
|move|p2a: Slowking|Sludge Bomb|p1a: Lokix
|-damage|p1a: Lokix|15/100
|
|upkeep
|turn|2
|
|t:|1781530940
|switch|p2a: Landorus|Landorus-Therian, M|100/100
|-ability|p2a: Landorus|Intimidate|boost
|-unboost|p1a: Lokix|atk|1
|move|p1a: Lokix|Knock Off|p2a: Landorus
|-damage|p2a: Landorus|48/100
|-enditem|p2a: Landorus|Choice Scarf|[from] move: Knock Off|[of] p1a: Lokix
|
|upkeep
|turn|3
|
|t:|1781530949
|switch|p1a: Mandibuzz|Mandibuzz, F|100/100
|move|p2a: Landorus|U-turn|p1a: Mandibuzz
|-damage|p1a: Mandibuzz|84/100
|
|t:|1781530952
|switch|p2a: Raging Bolt|Raging Bolt|100/100|[from] U-turn
|-enditem|p2a: Raging Bolt|Booster Energy
|-activate|p2a: Raging Bolt|ability: Protosynthesis|[fromitem]
|-start|p2a: Raging Bolt|protosynthesisspa
|
|upkeep
|turn|4
|
|t:|1781530962
|switch|p1a: Alomomola|Alomomola, L99, M|100/100
|move|p2a: Raging Bolt|Thunderbolt|p1a: Alomomola
|-supereffective|p1a: Alomomola
|-damage|p1a: Alomomola|18/100
|
|upkeep
|turn|5
|
|t:|1781530969
|switch|p1a: Great Tusk|Great Tusk|100/100
|move|p2a: Raging Bolt|Dragon Pulse|p1a: Great Tusk
|-damage|p1a: Great Tusk|8/100
|
|upkeep
|turn|6
|
|t:|1781530974
|-end|p2a: Raging Bolt|Protosynthesis|[silent]
|switch|p2a: Landorus|Landorus-Therian, M|48/100
|-ability|p2a: Landorus|Intimidate|boost
|-unboost|p1a: Great Tusk|atk|1
|move|p1a: Great Tusk|Headlong Rush|p2a: Landorus
|-immune|p2a: Landorus
|
|upkeep
|turn|7
|
|t:|1781530977
|move|p2a: Landorus|U-turn|p1a: Great Tusk
|-resisted|p1a: Great Tusk
|-damage|p1a: Great Tusk|0 fnt
|faint|p1a: Great Tusk
|-end|p1a: Great Tusk|Protosynthesis|[silent]
|
|t:|1781530983
|switch|p2a: Alomomola|Alomomola, M|100/100|[from] U-turn
|
|upkeep
|
|t:|1781530986
|switch|p1a: Lokix|Lokix, F, shiny|15/100
|turn|8
|j| choispecs ironmoth
|
|t:|1781531002
|-terastallize|p1a: Lokix|Bug
|move|p2a: Alomomola|Aqua Jet|p1a: Lokix
|-damage|p1a: Lokix|0 fnt
|faint|p1a: Lokix
|
|upkeep
|-message|angel engine forfeited.
|
|win|BoostingTyranntrum
|raw|angel engine's rating: 1549 &rarr; <strong>1525</strong><br />(-24 for losing)
|raw|BoostingTyranntrum's rating: 1483 &rarr; <strong>1507</strong><br />(+24 for winning)
|l|☆angel engine
|player|p1|
|l|☆BoostingTyranntrum
|player|p2|
|l| choispecs ironmoth
