|j|☆kshuaib734
|j|☆Igoodnamename
|t:|1781301135
|gametype|singles
|player|p1|kshuaib734|steven|1666
|player|p2|Igoodnamename|winona|1727
|gen|9
|tier|[Gen 9] OU
|rated|
|rule|HP Percentage Mod: HP is shown in percentages
|rule|Endless Battle Clause: Forcing endless battles is banned
|rule|Species Clause: Limit one of each Pokémon
|rule|OHKO Clause: OHKO moves are banned
|rule|Evasion Items Clause: Evasion items are banned
|rule|Evasion Moves Clause: Evasion moves are banned
|rule|Evasion Abilities Clause: Evasion abilities are banned
|rule|Sleep Moves Clause: Sleep-inducing moves are banned
|clearpoke
|poke|p1|Tyranitar, M|
|poke|p1|Dragapult, M|
|poke|p1|Pelipper, M|
|poke|p1|Quaquaval, M|
|poke|p1|Kingdra, M|
|poke|p1|Excadrill, M|
|poke|p2|Raging Bolt|
|poke|p2|Rillaboom, F|
|poke|p2|Great Tusk|
|poke|p2|Ting-Lu|
|poke|p2|Skeledirge, F|
|poke|p2|Enamorus, F|
|teampreview
|inactive|Battle timer is ON: inactive players will automatically lose when time's up. (requested by kshuaib734)
|
|t:|1781301160
|teamsize|p1|6
|teamsize|p2|6
|start
|switch|p1a: King Tyrant|Tyranitar, M|100/100
|switch|p2a: Raging Bolt|Raging Bolt|100/100
|-weather|Sandstorm|[from] ability: Sand Stream|[of] p1a: King Tyrant
|turn|1
|
|t:|1781301181
|move|p2a: Raging Bolt|Draco Meteor|p1a: King Tyrant
|-damage|p1a: King Tyrant|32/100
|-unboost|p2a: Raging Bolt|spa|2
|move|p1a: King Tyrant|Ice Beam|p2a: Raging Bolt
|-supereffective|p2a: Raging Bolt
|-damage|p2a: Raging Bolt|56/100
|
|-weather|Sandstorm|[upkeep]
|-damage|p2a: Raging Bolt|50/100|[from] Sandstorm
|upkeep
|turn|2
|
|t:|1781301191
|-end|p2a: Raging Bolt|Protosynthesis|[silent]
|switch|p2a: Great Tusk|Great Tusk|100/100
|move|p1a: King Tyrant|Stealth Rock|p2a: Great Tusk
|-sidestart|p2: Igoodnamename|move: Stealth Rock
|
|-weather|Sandstorm|[upkeep]
|upkeep
|turn|3
|
|t:|1781301216
|switch|p1a: Tyrant's Enforcer|Dragapult, M|100/100
|move|p2a: Great Tusk|Rapid Spin|p1a: Tyrant's Enforcer
|-immune|p1a: Tyrant's Enforcer
|
|-weather|Sandstorm|[upkeep]
|-damage|p1a: Tyrant's Enforcer|95/100|[from] Sandstorm
|upkeep
|turn|4
|j| BiscoitoXDBr
|
|t:|1781301229
|move|p1a: Tyrant's Enforcer|Surf|p2a: Great Tusk
|-supereffective|p2a: Great Tusk
|-damage|p2a: Great Tusk|0 fnt
|faint|p2a: Great Tusk
|-end|p2a: Great Tusk|Protosynthesis|[silent]
|-damage|p1a: Tyrant's Enforcer|85/100|[from] item: Life Orb
|
|-weather|Sandstorm|[upkeep]
|-damage|p1a: Tyrant's Enforcer|79/100|[from] Sandstorm
|upkeep
|
|t:|1781301235
|switch|p2a: Enamorus|Enamorus, F|100/100
|-damage|p2a: Enamorus|76/100|[from] Stealth Rock
|turn|5
|
|t:|1781301260
|switch|p1a: Tyrant's Legacy|Excadrill, M|100/100
|move|p2a: Enamorus|Moonblast|p1a: Tyrant's Legacy
|-resisted|p1a: Tyrant's Legacy
|-crit|p1a: Tyrant's Legacy
|-damage|p1a: Tyrant's Legacy|48/100
|
|-weather|none
|upkeep
|turn|6
|
|t:|1781301267
|switch|p2a: Ting-Lu|Ting-Lu|100/100
|-damage|p2a: Ting-Lu|94/100|[from] Stealth Rock
|-ability|p2a: Ting-Lu|Vessel of Ruin
|switch|p1a: King Tyrant|Tyranitar, M|32/100
|-weather|Sandstorm|[from] ability: Sand Stream|[of] p1a: King Tyrant
|
|-weather|Sandstorm|[upkeep]
|-heal|p2a: Ting-Lu|100/100|[from] item: Leftovers
|upkeep
|turn|7
|
|t:|1781301289
|move|p1a: King Tyrant|Knock Off|p2a: Ting-Lu
|-resisted|p2a: Ting-Lu
|-damage|p2a: Ting-Lu|89/100
|-enditem|p2a: Ting-Lu|Leftovers|[from] move: Knock Off|[of] p1a: King Tyrant
|move|p2a: Ting-Lu|Heavy Slam|p1a: King Tyrant
|-supereffective|p1a: King Tyrant
|-damage|p1a: King Tyrant|8/100
|-enditem|p1a: King Tyrant|Weakness Policy
|-boost|p1a: King Tyrant|atk|2|[from] item: Weakness Policy
|-boost|p1a: King Tyrant|spa|2|[from] item: Weakness Policy
|
|-weather|Sandstorm|[upkeep]
|upkeep
|turn|8
|
|t:|1781301299
|move|p1a: King Tyrant|Ice Beam|p2a: Ting-Lu
|-supereffective|p2a: Ting-Lu
|-damage|p2a: Ting-Lu|50/100
|move|p2a: Ting-Lu|Heavy Slam|p1a: King Tyrant
|-supereffective|p1a: King Tyrant
|-damage|p1a: King Tyrant|0 fnt
|faint|p1a: King Tyrant
|
|-weather|Sandstorm|[upkeep]
|upkeep
|
|t:|1781301310
|switch|p1a: Tyrant's Legacy|Excadrill, M|48/100
|turn|9
|
|t:|1781301314
|move|p1a: Tyrant's Legacy|Earthquake|p2a: Ting-Lu
|-damage|p2a: Ting-Lu|8/100
|-damage|p1a: Tyrant's Legacy|38/100|[from] item: Life Orb
|move|p2a: Ting-Lu|Stealth Rock|p1a: Tyrant's Legacy
|-sidestart|p1: kshuaib734|move: Stealth Rock
|
|-weather|Sandstorm|[upkeep]
|upkeep
|turn|10
|
|t:|1781301321
|move|p1a: Tyrant's Legacy|Rapid Spin|p2a: Ting-Lu
|-damage|p2a: Ting-Lu|0 fnt
|-boost|p1a: Tyrant's Legacy|spe|1
|-sideend|p1: kshuaib734|Stealth Rock|[from] move: Rapid Spin|[of] p1a: Tyrant's Legacy
|faint|p2a: Ting-Lu
|-damage|p1a: Tyrant's Legacy|28/100|[from] item: Life Orb
|
|-weather|none
|upkeep
|
|t:|1781301325
|switch|p2a: Rillaboom|Rillaboom, F|100/100
|-damage|p2a: Rillaboom|88/100|[from] Stealth Rock
|-fieldstart|move: Grassy Terrain|[from] ability: Grassy Surge|[of] p2a: Rillaboom
|turn|11
|
|t:|1781301347
|-terastallize|p2a: Rillaboom|Grass
|move|p2a: Rillaboom|Grassy Glide|p1a: Tyrant's Legacy
|-damage|p1a: Tyrant's Legacy|0 fnt
|faint|p1a: Tyrant's Legacy
|
|-heal|p2a: Rillaboom|94/100|[from] Grassy Terrain
|upkeep
|
|t:|1781301357
|switch|p1a: Tyrant's Downpour|Pelipper, M|100/100
|-weather|RainDance|[from] ability: Drizzle|[of] p1a: Tyrant's Downpour
|turn|12
|
|t:|1781301361
|move|p2a: Rillaboom|Grassy Glide|p1a: Tyrant's Downpour
|-damage|p1a: Tyrant's Downpour|38/100
|move|p1a: Tyrant's Downpour|Hurricane|p2a: Rillaboom
|-supereffective|p2a: Rillaboom
|-damage|p2a: Rillaboom|0 fnt
|faint|p2a: Rillaboom
|
|-weather|RainDance|[upkeep]
|upkeep
|j| waterninja135
|
|t:|1781301366
|switch|p2a: Raging Bolt|Raging Bolt|50/100
|-damage|p2a: Raging Bolt|38/100|[from] Stealth Rock
|turn|13
|
|t:|1781301388
|move|p2a: Raging Bolt|Volt Switch|p1a: Tyrant's Downpour
|-supereffective|p1a: Tyrant's Downpour
|-damage|p1a: Tyrant's Downpour|0 fnt
|faint|p1a: Tyrant's Downpour
|
|t:|1781301393
|-end|p2a: Raging Bolt|Protosynthesis|[silent]
|switch|p2a: Skeledirge|Skeledirge, F|100/100|[from] Volt Switch
|
|-weather|RainDance|[upkeep]
|upkeep
|
|t:|1781301409
|switch|p1a: Tyrant's Enforcer|Dragapult, M|79/100
|turn|14
|
|t:|1781301421
|move|p1a: Tyrant's Enforcer|Surf|p2a: Skeledirge
|-supereffective|p2a: Skeledirge
|-damage|p2a: Skeledirge|25/100
|-damage|p1a: Tyrant's Enforcer|69/100|[from] item: Life Orb
|move|p2a: Skeledirge|Slack Off|p2a: Skeledirge
|-heal|p2a: Skeledirge|75/100
|
|-weather|RainDance|[upkeep]
|-heal|p1a: Tyrant's Enforcer|75/100|[from] Grassy Terrain
|-heal|p2a: Skeledirge|81/100|[from] Grassy Terrain
|upkeep
|turn|15
|
|t:|1781301433
|move|p1a: Tyrant's Enforcer|Curse|p2a: Skeledirge
|-start|p2a: Skeledirge|Curse|[of] p1a: Tyrant's Enforcer
|-damage|p1a: Tyrant's Enforcer|25/100
|move|p2a: Skeledirge|Hex|p1a: Tyrant's Enforcer
|-supereffective|p1a: Tyrant's Enforcer
|-damage|p1a: Tyrant's Enforcer|0 fnt
|faint|p1a: Tyrant's Enforcer
|
|-weather|RainDance|[upkeep]
|-heal|p2a: Skeledirge|87/100|[from] Grassy Terrain
|-damage|p2a: Skeledirge|62/100|[from] Curse
|-fieldend|move: Grassy Terrain
|upkeep
|
|t:|1781301449
|switch|p1a: Tyrant's Endgame|Quaquaval, M|100/100
|turn|16
|j| damm_spedd
|
|t:|1781301455
|move|p1a: Tyrant's Endgame|Aqua Step|p2a: Skeledirge
|-supereffective|p2a: Skeledirge
|-damage|p2a: Skeledirge|0 fnt
|-boost|p1a: Tyrant's Endgame|spe|1
|faint|p2a: Skeledirge
|-ability|p1a: Tyrant's Endgame|Moxie|boost
|-boost|p1a: Tyrant's Endgame|atk|1
|
|-weather|RainDance|[upkeep]
|upkeep
|
|t:|1781301459
|switch|p2a: Enamorus|Enamorus, F|76/100
|-damage|p2a: Enamorus|51/100|[from] Stealth Rock
|turn|17
|
|t:|1781301481
|move|p1a: Tyrant's Endgame|Aqua Jet|p2a: Enamorus
|-damage|p2a: Enamorus|0 fnt
|faint|p2a: Enamorus
|-ability|p1a: Tyrant's Endgame|Moxie|boost
|-boost|p1a: Tyrant's Endgame|atk|1
|
|-weather|RainDance|[upkeep]
|upkeep
|
|t:|1781301485
|switch|p2a: Raging Bolt|Raging Bolt|38/100
|-damage|p2a: Raging Bolt|25/100|[from] Stealth Rock
|turn|18
|
|t:|1781301491
|-terastallize|p1a: Tyrant's Endgame|Water
|move|p1a: Tyrant's Endgame|Aqua Jet|p2a: Raging Bolt
|-resisted|p2a: Raging Bolt
|-damage|p2a: Raging Bolt|0 fnt
|faint|p2a: Raging Bolt
|-end|p2a: Raging Bolt|Protosynthesis|[silent]
|
|win|kshuaib734
|raw|kshuaib734's rating: 1666 &rarr; <strong>1689</strong><br />(+23 for winning)
|raw|Igoodnamename's rating: 1727 &rarr; <strong>1704</strong><br />(-23 for losing)
|l|☆Igoodnamename
|player|p2|
|l| damm_spedd
|l| BiscoitoXDBr
|l| waterninja135
|l|☆kshuaib734
|player|p1|
