|j|‽Cte plays
|j|‽aaagislash
|t:|1781245993
|gametype|singles
|player|p1|Cte plays|brendan|1559
|player|p2|aaagislash|265|1628
|gen|9
|tier|[Gen 9] OU
|rated|
|rule|HP Percentage Mod: HP is shown in percentages
|rule|Endless Battle Clause: Forcing endless battles is banned
|rule|Species Clause: Limit one of each Pokémon
|rule|OHKO Clause: OHKO moves are banned
|rule|Evasion Items Clause: Evasion items are banned
|rule|Evasion Moves Clause: Evasion moves are banned
|rule|Evasion Abilities Clause: Evasion abilities are banned
|rule|Sleep Moves Clause: Sleep-inducing moves are banned
|clearpoke
|poke|p1|Scizor, M|
|poke|p1|Kyurem|
|poke|p1|Cinderace, F|
|poke|p1|Primarina, F|
|poke|p1|Zapdos|
|poke|p1|Iron Valiant|
|poke|p2|Regieleki|
|poke|p2|Araquanid, F|
|poke|p2|Dragapult, M|
|poke|p2|Samurott-Hisui, F|
|poke|p2|Great Tusk|
|poke|p2|Zoroark-Hisui, F|
|teampreview
|inactive|Battle timer is ON: inactive players will automatically lose when time's up. (requested by Cte plays)
|
|t:|1781246009
|teamsize|p1|6
|teamsize|p2|6
|start
|switch|p1a: Zapdos|Zapdos, shiny|100/100
|switch|p2a: Regieleki|Regieleki|100/100
|turn|1
|
|t:|1781246020
|-terastallize|p2a: Regieleki|Electric
|move|p2a: Regieleki|Thunderbolt|p1a: Zapdos
|-damage|p1a: Zapdos|0 fnt
|faint|p1a: Zapdos
|
|upkeep
|
|t:|1781246033
|switch|p1a: Kyurem|Kyurem, shiny|100/100
|-ability|p1a: Kyurem|Pressure
|turn|2
|
|t:|1781246039
|switch|p2a: Dragapult|Dragapult, M|100/100
|move|p1a: Kyurem|Scale Shot|p2a: Dragapult
|-supereffective|p2a: Dragapult
|-crit|p2a: Dragapult
|-damage|p2a: Dragapult|53/100
|-enditem|p2a: Dragapult|Weakness Policy
|-boost|p2a: Dragapult|atk|2|[from] item: Weakness Policy
|-boost|p2a: Dragapult|spa|2|[from] item: Weakness Policy
|-supereffective|p2a: Dragapult
|-damage|p2a: Dragapult|24/100
|-supereffective|p2a: Dragapult
|-damage|p2a: Dragapult|0 fnt
|faint|p2a: Dragapult
|-hitcount|p2: Dragapult|3
|-unboost|p1a: Kyurem|def|1
|-boost|p1a: Kyurem|spe|1
|
|upkeep
|
|t:|1781246045
|switch|p2a: Samurott|Samurott-Hisui, F|100/100
|turn|3
|
|t:|1781246058
|move|p1a: Kyurem|Freeze-Dry|p2a: Samurott
|-supereffective|p2a: Samurott
|-damage|p2a: Samurott|47/100
|move|p2a: Samurott|Ceaseless Edge|p1a: Kyurem
|-damage|p1a: Kyurem|40/100
|-sidestart|p1: Cte plays|Spikes
|
|upkeep
|turn|4
|
|t:|1781246067
|switch|p2a: Araquanid|Araquanid, F|100/100
|move|p1a: Kyurem|Freeze-Dry|p2a: Araquanid
|-supereffective|p2a: Araquanid
|-damage|p2a: Araquanid|42/100
|-enditem|p2a: Araquanid|Red Card|[of] p1a: Kyurem
|drag|p1a: Cinderace|Cinderace, F, shiny|100/100
|
|upkeep
|turn|5
|
|t:|1781246083
|move|p1a: Cinderace|Pyro Ball|p2a: Araquanid
|-damage|p2a: Araquanid|8/100
|move|p2a: Araquanid|Sticky Web|p1a: Cinderace
|-sidestart|p1: Cte plays|move: Sticky Web
|
|upkeep
|turn|6
|
|t:|1781246092
|switch|p1a: Primarina|Primarina, F, shiny|100/100
|move|p2a: Araquanid|Sticky Web||[still]
|-fail|p2a: Araquanid
|
|upkeep
|turn|7
|
|t:|1781246103
|move|p1a: Primarina|Flip Turn|p2a: Araquanid
|-resisted|p2a: Araquanid
|-damage|p2a: Araquanid|0 fnt
|faint|p2a: Araquanid
|
|t:|1781246113
|switch|p1a: Cinderace|Cinderace, F, shiny|100/100|[from] Flip Turn
|
|upkeep
|
|t:|1781246115
|switch|p2a: Regieleki|Regieleki, tera:Electric|100/100
|turn|8
|
|t:|1781246127
|switch|p1a: Scizor|Scizor, M, shiny|100/100
|move|p2a: Regieleki|Thunderbolt|p1a: Scizor
|-damage|p1a: Scizor|0 fnt
|faint|p1a: Scizor
|
|upkeep
|
|t:|1781246137
|switch|p1a: Primarina|Primarina, F, shiny|100/100
|turn|9
|
|t:|1781246141
|-terastallize|p1a: Primarina|Ground
|move|p2a: Regieleki|Thunderbolt|p1a: Primarina
|-immune|p1a: Primarina
|move|p1a: Primarina|Moonblast|p2a: Regieleki
|-damage|p2a: Regieleki|4/100
|
|upkeep
|turn|10
|
|t:|1781246150
|switch|p2a: Great Tusk|Great Tusk|100/100
|move|p1a: Primarina|Moonblast|p2a: Great Tusk
|-damage|p2a: Great Tusk|4/100
|replace|p2a: Zoroark|Zoroark-Hisui, F
|-end|p2a: Zoroark|Illusion
|
|upkeep
|turn|11
|
|t:|1781246176
|switch|p1a: Kyurem|Kyurem, shiny|40/100
|-ability|p1a: Kyurem|Pressure
|move|p2a: Zoroark|Trick|p1a: Kyurem
|-activate|p2a: Zoroark|move: Trick|[of] p1a: Kyurem
|-item|p1a: Kyurem|Ring Target|[from] move: Trick
|-item|p2a: Zoroark|Heavy-Duty Boots|[from] move: Trick
|
|upkeep
|turn|12
|
|t:|1781246190
|move|p2a: Zoroark|Shadow Ball|p1a: Kyurem
|-damage|p1a: Kyurem|0 fnt
|faint|p1a: Kyurem
|
|upkeep
|
|t:|1781246196
|switch|p1a: Cinderace|Cinderace, F, shiny|100/100
|turn|13
|
|t:|1781246200
|move|p1a: Cinderace|Court Change|p1a: Cinderace
|-swapsideconditions
|-activate|p1a: Cinderace|move: Court Change
|move|p2a: Zoroark|Hyper Voice|p1a: Cinderace
|-damage|p1a: Cinderace|38/100
|
|upkeep
|turn|14
|
|t:|1781246210
|move|p1a: Cinderace|U-turn|p2a: Zoroark
|-resisted|p2a: Zoroark
|-damage|p2a: Zoroark|0 fnt
|faint|p2a: Zoroark
|
|t:|1781246223
|switch|p1a: Iron Valiant|Iron Valiant, shiny|100/100|[from] U-turn
|-enditem|p1a: Iron Valiant|Booster Energy
|-activate|p1a: Iron Valiant|ability: Quark Drive|[fromitem]
|-start|p1a: Iron Valiant|quarkdrivespe
|
|upkeep
|
|t:|1781246227
|switch|p2a: Great Tusk|Great Tusk|100/100
|-damage|p2a: Great Tusk|88/100|[from] Spikes
|-activate|p2a: Great Tusk|move: Sticky Web
|-unboost|p2a: Great Tusk|spe|1
|-enditem|p2a: Great Tusk|Booster Energy
|-activate|p2a: Great Tusk|ability: Protosynthesis|[fromitem]
|-start|p2a: Great Tusk|protosynthesisatk
|turn|15
|
|t:|1781246237
|move|p1a: Iron Valiant|Moonblast|p2a: Great Tusk
|-supereffective|p2a: Great Tusk
|-damage|p2a: Great Tusk|0 fnt
|faint|p2a: Great Tusk
|-end|p2a: Great Tusk|Protosynthesis|[silent]
|
|upkeep
|-message|aaagislash forfeited.
|
|win|Cte plays
|raw|Cte plays's rating: 1559 &rarr; <strong>1583</strong><br />(+24 for winning)
|raw|aaagislash's rating: 1628 &rarr; <strong>1604</strong><br />(-24 for losing)
|l|‽aaagislash
|player|p2|
|l|‽Cte plays
|player|p1|
