|j|☆KurisuChestnutLab
|j|☆lizholmes
|t:|1781146855
|gametype|singles
|player|p1|KurisuChestnutLab|may-contest|1517
|player|p2|lizholmes|baker|1635
|gen|9
|tier|[Gen 9] OU
|rated|
|rule|HP Percentage Mod: HP is shown in percentages
|rule|Endless Battle Clause: Forcing endless battles is banned
|rule|Species Clause: Limit one of each Pokémon
|rule|OHKO Clause: OHKO moves are banned
|rule|Evasion Items Clause: Evasion items are banned
|rule|Evasion Moves Clause: Evasion moves are banned
|rule|Evasion Abilities Clause: Evasion abilities are banned
|rule|Sleep Moves Clause: Sleep-inducing moves are banned
|clearpoke
|poke|p1|Zamazenta-*|
|poke|p1|Zapdos|
|poke|p1|Garganacl, F|
|poke|p1|Clefable, F|
|poke|p1|Samurott-Hisui, F|
|poke|p1|Gholdengo|
|poke|p2|Gholdengo|
|poke|p2|Iron Treads|
|poke|p2|Moltres|
|poke|p2|Zamazenta-*|
|poke|p2|Samurott-Hisui, F|
|poke|p2|Garganacl, F|
|teampreview
|inactive|Battle timer is ON: inactive players will automatically lose when time's up. (requested by KurisuChestnutLab)
|inactive|lizholmes has 120 seconds left.
|inactive|lizholmes has 90 seconds left.
|inactive|lizholmes has 60 seconds left.
|
|t:|1781146982
|teamsize|p1|6
|teamsize|p2|6
|start
|switch|p1a: Samurott|Samurott-Hisui, F|100/100
|switch|p2a: Iron Treads|Iron Treads|100/100
|turn|1
|
|t:|1781146991
|-end|p2a: Iron Treads|Quark Drive|[silent]
|switch|p2a: Zamazenta|Zamazenta|100/100
|-ability|p2a: Zamazenta|Dauntless Shield|boost
|-boost|p2a: Zamazenta|def|1
|move|p1a: Samurott|Razor Shell|p2a: Zamazenta
|-damage|p2a: Zamazenta|66/100
|-unboost|p2a: Zamazenta|def|1
|
|upkeep
|turn|2
|
|t:|1781147004
|switch|p1a: Gholdengo|Gholdengo|100/100
|move|p2a: Zamazenta|Stone Edge|p1a: Gholdengo
|-resisted|p1a: Gholdengo
|-damage|p1a: Gholdengo|81/100
|
|upkeep
|turn|3
|
|t:|1781147008
|switch|p2a: Samurott|Samurott-Hisui, F|100/100
|move|p1a: Gholdengo|Make It Rain|p2a: Samurott
|-resisted|p2a: Samurott
|-damage|p2a: Samurott|51/100
|-unboost|p1a: Gholdengo|spa|1
|
|upkeep
|turn|4
|
|t:|1781147025
|switch|p1a: Zamazenta|Zamazenta|100/100
|-ability|p1a: Zamazenta|Dauntless Shield|boost
|-boost|p1a: Zamazenta|def|1
|move|p2a: Samurott|Ceaseless Edge|p1a: Zamazenta
|-resisted|p1a: Zamazenta
|-damage|p1a: Zamazenta|89/100
|-sidestart|p1: KurisuChestnutLab|Spikes
|
|-heal|p1a: Zamazenta|96/100|[from] item: Leftovers
|upkeep
|turn|5
|
|t:|1781147031
|switch|p2a: Moltres|Moltres|100/100
|move|p1a: Zamazenta|Crunch|p2a: Moltres
|-damage|p2a: Moltres|85/100
|
|-heal|p1a: Zamazenta|100/100|[from] item: Leftovers
|upkeep
|turn|6
|
|t:|1781147039
|switch|p1a: Garganacl|Garganacl, F|100/100
|-damage|p1a: Garganacl|88/100|[from] Spikes
|move|p2a: Moltres|Flamethrower|p1a: Garganacl
|-resisted|p1a: Garganacl
|-damage|p1a: Garganacl|76/100
|
|-heal|p1a: Garganacl|82/100|[from] item: Leftovers
|upkeep
|turn|7
|inactive|lizholmes has 120 seconds left.
|
|t:|1781147045
|move|p2a: Moltres|U-turn|p1a: Garganacl
|-damage|p1a: Garganacl|73/100
|inactive|lizholmes has 120 seconds left.
|
|t:|1781147050
|switch|p2a: Zamazenta|Zamazenta|66/100|[from] U-turn
|move|p1a: Garganacl|Salt Cure|p2a: Zamazenta
|-resisted|p2a: Zamazenta
|-damage|p2a: Zamazenta|60/100
|-start|p2a: Zamazenta|Salt Cure
|
|-heal|p1a: Garganacl|79/100|[from] item: Leftovers
|-damage|p2a: Zamazenta|48/100|[from] Salt Cure
|upkeep
|turn|8
|
|t:|1781147057
|switch|p1a: Zamazenta|Zamazenta|100/100
|-damage|p1a: Zamazenta|88/100|[from] Spikes
|move|p2a: Zamazenta|Close Combat|p1a: Zamazenta
|-damage|p1a: Zamazenta|46/100
|-unboost|p2a: Zamazenta|def|1
|-unboost|p2a: Zamazenta|spd|1
|
|-heal|p1a: Zamazenta|52/100|[from] item: Leftovers
|-damage|p2a: Zamazenta|36/100|[from] Salt Cure
|upkeep
|turn|9
|
|t:|1781147061
|switch|p2a: Moltres|Moltres|85/100
|move|p1a: Zamazenta|Iron Defense|p1a: Zamazenta
|-boost|p1a: Zamazenta|def|2
|
|-heal|p1a: Zamazenta|58/100|[from] item: Leftovers
|upkeep
|turn|10
|
|t:|1781147067
|switch|p1a: Garganacl|Garganacl, F|79/100
|-damage|p1a: Garganacl|67/100|[from] Spikes
|move|p2a: Moltres|U-turn|p1a: Garganacl
|-damage|p1a: Garganacl|56/100
|
|t:|1781147074
|switch|p2a: Iron Treads|Iron Treads|100/100|[from] U-turn
|
|-heal|p1a: Garganacl|63/100|[from] item: Leftovers
|upkeep
|turn|11
|
|t:|1781147081
|move|p2a: Iron Treads|Stealth Rock|p1a: Garganacl
|-sidestart|p1: KurisuChestnutLab|move: Stealth Rock
|move|p1a: Garganacl|Recover|p1a: Garganacl
|-heal|p1a: Garganacl|100/100
|
|upkeep
|turn|12
|
|t:|1781147088
|move|p2a: Iron Treads|Knock Off|p1a: Garganacl
|-damage|p1a: Garganacl|82/100
|-enditem|p1a: Garganacl|Leftovers|[from] move: Knock Off|[of] p2a: Iron Treads
|move|p1a: Garganacl|Salt Cure|p2a: Iron Treads
|-resisted|p2a: Iron Treads
|-damage|p2a: Iron Treads|98/100
|-start|p2a: Iron Treads|Salt Cure
|
|-damage|p2a: Iron Treads|73/100|[from] Salt Cure
|upkeep
|turn|13
|
|t:|1781147099
|-end|p2a: Iron Treads|Quark Drive|[silent]
|switch|p2a: Zamazenta|Zamazenta|36/100
|move|p1a: Garganacl|Stealth Rock|p2a: Zamazenta
|-sidestart|p2: lizholmes|move: Stealth Rock
|
|upkeep
|turn|14
|
|t:|1781147104
|switch|p2a: Iron Treads|Iron Treads|73/100
|-damage|p2a: Iron Treads|70/100|[from] Stealth Rock
|switch|p1a: Zapdos|Zapdos|100/100
|
|upkeep
|turn|15
|
|t:|1781147110
|move|p2a: Iron Treads|Knock Off|p1a: Zapdos
|-damage|p1a: Zapdos|80/100
|-status|p2a: Iron Treads|par|[from] ability: Static|[of] p1a: Zapdos
|-enditem|p1a: Zapdos|Heavy-Duty Boots|[from] move: Knock Off|[of] p2a: Iron Treads
|move|p1a: Zapdos|Hurricane|p2a: Iron Treads
|-resisted|p2a: Iron Treads
|-damage|p2a: Iron Treads|42/100 par
|
|upkeep
|turn|16
|
|t:|1781147115
|move|p1a: Zapdos|Hurricane|p2a: Iron Treads
|-resisted|p2a: Iron Treads
|-damage|p2a: Iron Treads|15/100 par
|-start|p2a: Iron Treads|confusion
|-activate|p2a: Iron Treads|confusion
|-damage|p2a: Iron Treads|5/100 par|[from] confusion
|
|upkeep
|turn|17
|-message|lizholmes forfeited.
|
|win|KurisuChestnutLab
|raw|KurisuChestnutLab's rating: 1517 &rarr; <strong>1544</strong><br />(+27 for winning)
|raw|lizholmes's rating: 1635 &rarr; <strong>1608</strong><br />(-27 for losing)
