|j|☆SlimyTime
|j|☆n5v
|t:|1781297062
|gametype|singles
|player|p1|SlimyTime|ltsurge|1694
|player|p2|n5v|leon-masters|1675
|gen|9
|tier|[Gen 9] OU
|rated|
|rule|HP Percentage Mod: HP is shown in percentages
|rule|Endless Battle Clause: Forcing endless battles is banned
|rule|Species Clause: Limit one of each Pokémon
|rule|OHKO Clause: OHKO moves are banned
|rule|Evasion Items Clause: Evasion items are banned
|rule|Evasion Moves Clause: Evasion moves are banned
|rule|Evasion Abilities Clause: Evasion abilities are banned
|rule|Sleep Moves Clause: Sleep-inducing moves are banned
|clearpoke
|poke|p1|Ursaluna, F|
|poke|p1|Rillaboom, F|
|poke|p1|Heatran, M|
|poke|p1|Primarina, M|
|poke|p1|Corviknight, M|
|poke|p1|Darkrai|
|poke|p2|Raging Bolt|
|poke|p2|Enamorus, F|
|poke|p2|Rillaboom, M|
|poke|p2|Kingambit, M|
|poke|p2|Great Tusk|
|poke|p2|Slowking-Galar, F|
|teampreview
|c|☆n5v|glhf
|
|t:|1781297079
|teamsize|p1|6
|teamsize|p2|6
|start
|switch|p1a: Darkrai|Darkrai|100/100
|switch|p2a: diddy kong|Rillaboom, M, shiny|100/100
|-fieldstart|move: Grassy Terrain|[from] ability: Grassy Surge|[of] p2a: diddy kong
|turn|1
|inactive|Battle timer is ON: inactive players will automatically lose when time's up. (requested by n5v)
|c|☆SlimyTime|u2
|j| Schlafparalyse
|
|t:|1781297101
|switch|p2a: goobing bolt|Raging Bolt|100/100
|move|p1a: Darkrai|Ice Beam|p2a: goobing bolt
|-supereffective|p2a: goobing bolt
|-damage|p2a: goobing bolt|12/100
|
|-heal|p2a: goobing bolt|18/100|[from] Grassy Terrain
|upkeep
|turn|2
|
|t:|1781297109
|switch|p1a: Ursaluna|Ursaluna, F|100/100
|-end|p2a: goobing bolt|Protosynthesis|[silent]
|switch|p2a: wake not walking|Slowking-Galar, F|100/100
|
|upkeep
|turn|3
|
|t:|1781297124
|switch|p2a: diddy kong|Rillaboom, M, shiny|100/100
|move|p1a: Ursaluna|Bulk Up|p1a: Ursaluna
|-boost|p1a: Ursaluna|atk|1
|-boost|p1a: Ursaluna|def|1
|
|upkeep
|turn|4
|
|t:|1781297127
|move|p1a: Ursaluna|Protect|p1a: Ursaluna
|-singleturn|p1a: Ursaluna|Protect
|move|p2a: diddy kong|Wood Hammer|p1a: Ursaluna
|-activate|p1a: Ursaluna|move: Protect
|
|upkeep
|turn|5
|
|t:|1781297134
|switch|p2a: cheap tusk|Great Tusk|100/100
|switch|p1a: Corviknight|Corviknight, M|100/100
|-ability|p1a: Corviknight|Pressure
|
|-fieldend|move: Grassy Terrain
|upkeep
|turn|6
|
|t:|1781297137
|move|p2a: cheap tusk|Stealth Rock|p1a: Corviknight
|-sidestart|p1: SlimyTime|move: Stealth Rock
|move|p1a: Corviknight|U-turn|p2a: cheap tusk
|-resisted|p2a: cheap tusk
|-damage|p2a: cheap tusk|96/100
|-damage|p1a: Corviknight|84/100|[from] item: Rocky Helmet|[of] p2a: cheap tusk
|
|t:|1781297141
|switch|p1a: Darkrai|Darkrai|100/100|[from] U-turn
|-damage|p1a: Darkrai|88/100|[from] Stealth Rock
|
|upkeep
|turn|7
|
|t:|1781297145
|-end|p2a: cheap tusk|Protosynthesis|[silent]
|switch|p2a: wake not walking|Slowking-Galar, F|100/100
|move|p1a: Darkrai|Ice Beam|p2a: wake not walking
|-damage|p2a: wake not walking|78/100
|
|upkeep
|turn|8
|
|t:|1781297152
|switch|p2a: diddy kong|Rillaboom, M, shiny|100/100
|-fieldstart|move: Grassy Terrain|[from] ability: Grassy Surge|[of] p2a: diddy kong
|move|p1a: Darkrai|Ice Beam|p2a: diddy kong
|-supereffective|p2a: diddy kong
|-crit|p2a: diddy kong
|-damage|p2a: diddy kong|0 fnt
|faint|p2a: diddy kong
|
|-heal|p1a: Darkrai|94/100|[from] Grassy Terrain
|upkeep
|
|t:|1781297161
|switch|p2a: gay alladin|Enamorus, F|100/100
|turn|9
|
|t:|1781297163
|switch|p1a: Heatran|Heatran, M|100/100
|-damage|p1a: Heatran|88/100|[from] Stealth Rock
|move|p2a: gay alladin|Moonblast|p1a: Heatran
|-resisted|p1a: Heatran
|-damage|p1a: Heatran|78/100
|
|-heal|p1a: Heatran|85/100|[from] Grassy Terrain
|-heal|p1a: Heatran|91/100|[from] item: Leftovers
|upkeep
|turn|10
|
|t:|1781297167
|switch|p2a: cheap tusk|Great Tusk|96/100
|move|p1a: Heatran|Magma Storm|p2a: cheap tusk
|-damage|p2a: cheap tusk|38/100
|-activate|p2a: cheap tusk|move: Magma Storm|[of] p1a: Heatran
|
|-heal|p2a: cheap tusk|45/100|[from] Grassy Terrain
|-heal|p1a: Heatran|97/100|[from] Grassy Terrain
|-heal|p1a: Heatran|100/100|[from] item: Leftovers
|-damage|p2a: cheap tusk|32/100|[from] move: Magma Storm|[partiallytrapped]
|upkeep
|turn|11
|
|t:|1781297174
|switch|p1a: Corviknight|Corviknight, M|84/100
|-damage|p1a: Corviknight|72/100|[from] Stealth Rock
|-ability|p1a: Corviknight|Pressure
|move|p2a: cheap tusk|Headlong Rush|p1a: Corviknight
|-immune|p1a: Corviknight
|
|-heal|p2a: cheap tusk|38/100|[from] Grassy Terrain
|-end|p2a: cheap tusk|Magma Storm|[partiallytrapped]|[silent]
|upkeep
|turn|12
|
|t:|1781297178
|-end|p2a: cheap tusk|Protosynthesis|[silent]
|switch|p2a: gay alladin|Enamorus, F|100/100
|move|p1a: Corviknight|Defog|p2a: gay alladin
|-boost|p2a: gay alladin|evasion|1
|-sideend|p1: SlimyTime|Stealth Rock|[from] move: Defog|[of] p1a: Corviknight
|-fieldend|move: Grassy Terrain
|
|upkeep
|turn|13
|
|t:|1781297185
|switch|p1a: Primarina|Primarina, M|100/100
|move|p2a: gay alladin|Healing Wish|p2a: gay alladin
|faint|p2a: gay alladin
|
|upkeep
|
|t:|1781297187
|switch|p2a: goobing bolt|Raging Bolt|18/100
|-heal|p2a: goobing bolt|100/100|[from] move: Healing Wish
|turn|14
|
|t:|1781297194
|move|p2a: goobing bolt|Draco Meteor|p1a: Primarina
|-immune|p1a: Primarina
|move|p1a: Primarina|Draining Kiss|p2a: goobing bolt
|-supereffective|p2a: goobing bolt
|-damage|p2a: goobing bolt|52/100
|
|upkeep
|turn|15
|c|☆n5v|yo ggs
|c|☆n5v|I got read 173305 times
|c|☆SlimyTime|gg
|c|☆n5v|ill let u play it out
|
|t:|1781297211
|-end|p2a: goobing bolt|Protosynthesis|[silent]
|switch|p2a: wake not walking|Slowking-Galar, F|100/100
|move|p1a: Primarina|Substitute|p1a: Primarina
|-start|p1a: Primarina|Substitute
|-damage|p1a: Primarina|75/100
|
|-heal|p1a: Primarina|82/100|[from] item: Leftovers
|upkeep
|turn|16
|
|t:|1781297214
|move|p1a: Primarina|Calm Mind|p1a: Primarina
|-boost|p1a: Primarina|spa|1
|-boost|p1a: Primarina|spd|1
|move|p2a: wake not walking|Psyshock|p1a: Primarina
|-end|p1a: Primarina|Substitute
|
|-heal|p1a: Primarina|88/100|[from] item: Leftovers
|upkeep
|turn|17
|
|t:|1781297217
|move|p1a: Primarina|Calm Mind|p1a: Primarina
|-boost|p1a: Primarina|spa|1
|-boost|p1a: Primarina|spd|1
|move|p2a: wake not walking|Psyshock|p1a: Primarina
|-damage|p1a: Primarina|40/100
|
|-heal|p1a: Primarina|46/100|[from] item: Leftovers
|upkeep
|turn|18
|
|t:|1781297219
|move|p1a: Primarina|Psychic Noise|p2a: wake not walking
|-damage|p2a: wake not walking|60/100
|-start|p2a: wake not walking|move: Heal Block
|move|p2a: wake not walking|Psyshock|p1a: Primarina
|-damage|p1a: Primarina|1/100
|
|-heal|p1a: Primarina|7/100|[from] item: Leftovers
|upkeep
|turn|19
|
|t:|1781297223
|move|p1a: Primarina|Psychic Noise|p2a: wake not walking
|-damage|p2a: wake not walking|17/100
|move|p2a: wake not walking|Psyshock|p1a: Primarina
|-damage|p1a: Primarina|0 fnt
|faint|p1a: Primarina
|
|-end|p2a: wake not walking|move: Heal Block
|upkeep
|
|t:|1781297229
|switch|p1a: Heatran|Heatran, M|100/100
|turn|20
|
|t:|1781297233
|switch|p2a: cheap tusk|Great Tusk|38/100
|move|p1a: Heatran|Earth Power|p2a: cheap tusk
|-damage|p2a: cheap tusk|2/100
|
|upkeep
|turn|21
|
|t:|1781297237
|switch|p1a: Corviknight|Corviknight, M|72/100
|-ability|p1a: Corviknight|Pressure
|move|p2a: cheap tusk|Stealth Rock|p1a: Corviknight
|-sidestart|p1: SlimyTime|move: Stealth Rock
|
|upkeep
|turn|22
|
|t:|1781297240
|-end|p2a: cheap tusk|Protosynthesis|[silent]
|switch|p2a: goobing bolt|Raging Bolt|52/100
|move|p1a: Corviknight|Defog|p2a: goobing bolt
|-unboost|p2a: goobing bolt|evasion|1
|-sideend|p1: SlimyTime|Stealth Rock|[from] move: Defog|[of] p1a: Corviknight
|
|upkeep
|turn|23
|
|t:|1781297243
|switch|p1a: Ursaluna|Ursaluna, F|100/100
|move|p2a: goobing bolt|Draco Meteor|p1a: Ursaluna
|-damage|p1a: Ursaluna|25/100
|-unboost|p2a: goobing bolt|spa|2
|
|-heal|p1a: Ursaluna|31/100|[from] item: Leftovers
|upkeep
|turn|24
|
|t:|1781297247
|move|p1a: Ursaluna|Protect|p1a: Ursaluna
|-singleturn|p1a: Ursaluna|Protect
|move|p2a: goobing bolt|Draco Meteor|p1a: Ursaluna
|-activate|p1a: Ursaluna|move: Protect
|
|-heal|p1a: Ursaluna|37/100|[from] item: Leftovers
|upkeep
|turn|25
|
|t:|1781297250
|switch|p1a: Heatran|Heatran, M|100/100
|move|p2a: goobing bolt|Draco Meteor|p1a: Heatran
|-resisted|p1a: Heatran
|-damage|p1a: Heatran|83/100
|-unboost|p2a: goobing bolt|spa|2
|
|-heal|p1a: Heatran|89/100|[from] item: Leftovers
|upkeep
|turn|26
|
|t:|1781297254
|-end|p2a: goobing bolt|Protosynthesis|[silent]
|switch|p2a: wake not walking|Slowking-Galar, F|50/100
|move|p1a: Heatran|Stealth Rock|p2a: wake not walking
|-sidestart|p2: n5v|move: Stealth Rock
|
|-heal|p1a: Heatran|96/100|[from] item: Leftovers
|upkeep
|turn|27
|
|t:|1781297257
|switch|p2a: cheap tusk|Great Tusk|2/100
|-damage|p2a: cheap tusk|0 fnt|[from] Stealth Rock
|faint|p2a: cheap tusk
|-end|p2a: cheap tusk|Protosynthesis|[silent]
|move|p1a: Heatran|Taunt|p2: cheap tusk|[notarget]
|-fail|p1a: Heatran
|
|-heal|p1a: Heatran|100/100|[from] item: Leftovers
|upkeep
|
|t:|1781297271
|switch|p2a: goobing bolt|Raging Bolt|52/100
|-damage|p2a: goobing bolt|39/100|[from] Stealth Rock
|turn|28
|
|t:|1781297278
|switch|p1a: Rillaboom|Rillaboom, F|100/100
|-fieldstart|move: Grassy Terrain|[from] ability: Grassy Surge|[of] p1a: Rillaboom
|move|p2a: goobing bolt|Draco Meteor|p1a: Rillaboom
|-damage|p1a: Rillaboom|0 fnt
|-unboost|p2a: goobing bolt|spa|2
|faint|p1a: Rillaboom
|
|-heal|p2a: goobing bolt|46/100|[from] Grassy Terrain
|upkeep
|
|t:|1781297282
|switch|p1a: Ursaluna|Ursaluna, F|37/100
|turn|29
|
|t:|1781297284
|move|p1a: Ursaluna|Protect|p1a: Ursaluna
|-singleturn|p1a: Ursaluna|Protect
|move|p2a: goobing bolt|Draco Meteor|p1a: Ursaluna
|-activate|p1a: Ursaluna|move: Protect
|
|-heal|p2a: goobing bolt|52/100|[from] Grassy Terrain
|-heal|p1a: Ursaluna|43/100|[from] Grassy Terrain
|-heal|p1a: Ursaluna|50/100|[from] item: Leftovers
|upkeep
|turn|30
|
|t:|1781297289
|-end|p2a: goobing bolt|Protosynthesis|[silent]
|switch|p2a: wake not walking|Slowking-Galar, F|83/100
|-damage|p2a: wake not walking|71/100|[from] Stealth Rock
|switch|p1a: Heatran|Heatran, M|100/100
|
|-heal|p2a: wake not walking|77/100|[from] Grassy Terrain
|upkeep
|turn|31
|
|t:|1781297292
|move|p1a: Heatran|Taunt|p2a: wake not walking
|-start|p2a: wake not walking|move: Taunt
|move|p2a: wake not walking|Psyshock|p1a: Heatran
|-resisted|p1a: Heatran
|-damage|p1a: Heatran|83/100
|
|-heal|p1a: Heatran|90/100|[from] Grassy Terrain
|-heal|p1a: Heatran|96/100|[from] item: Leftovers
|-heal|p2a: wake not walking|83/100|[from] Grassy Terrain
|upkeep
|turn|32
|
|t:|1781297295
|switch|p2a: goobing bolt|Raging Bolt|52/100
|-damage|p2a: goobing bolt|39/100|[from] Stealth Rock
|move|p1a: Heatran|Magma Storm|p2a: goobing bolt
|-resisted|p2a: goobing bolt
|-damage|p2a: goobing bolt|18/100
|-activate|p2a: goobing bolt|move: Magma Storm|[of] p1a: Heatran
|
|-heal|p2a: goobing bolt|25/100|[from] Grassy Terrain
|-heal|p1a: Heatran|100/100|[from] Grassy Terrain
|-damage|p2a: goobing bolt|12/100|[from] move: Magma Storm|[partiallytrapped]
|-fieldend|move: Grassy Terrain
|upkeep
|turn|33
|
|t:|1781297299
|switch|p1a: Corviknight|Corviknight, M|72/100
|-ability|p1a: Corviknight|Pressure
|move|p2a: goobing bolt|Draco Meteor|p1a: Corviknight
|-resisted|p1a: Corviknight
|-damage|p1a: Corviknight|18/100
|-unboost|p2a: goobing bolt|spa|2
|
|-end|p2a: goobing bolt|Magma Storm|[partiallytrapped]|[silent]
|upkeep
|turn|34
|
|t:|1781297301
|-activate|p2a: goobing bolt|move: Struggle
|move|p2a: goobing bolt|Struggle|p1a: Corviknight
|-damage|p1a: Corviknight|13/100
|-damage|p2a: goobing bolt|0 fnt|[from] item: Rocky Helmet|[of] p1a: Corviknight
|faint|p2a: goobing bolt
|-end|p2a: goobing bolt|Protosynthesis|[silent]
|move|p1a: Corviknight|U-turn|p2: goobing bolt|[notarget]
|-fail|p1a: Corviknight
|
|upkeep
|
|t:|1781297312
|switch|p2a: neededaghostresist|Kingambit, M, shiny|100/100
|-damage|p2a: neededaghostresist|94/100|[from] Stealth Rock
|-activate|p2a: neededaghostresist|ability: Supreme Overlord
|-start|p2a: neededaghostresist|fallen4|[silent]
|turn|35
|
|t:|1781297316
|-terastallize|p2a: neededaghostresist|Flying
|move|p1a: Corviknight|U-turn|p2a: neededaghostresist
|-resisted|p2a: neededaghostresist
|-damage|p2a: neededaghostresist|88/100
|
|t:|1781297320
|switch|p1a: Heatran|Heatran, M|100/100|[from] U-turn
|move|p2a: neededaghostresist|Swords Dance|p2a: neededaghostresist
|-boost|p2a: neededaghostresist|atk|2
|
|-heal|p2a: neededaghostresist|95/100|[from] item: Leftovers
|upkeep
|turn|36
|
|t:|1781297324
|move|p2a: neededaghostresist|Sucker Punch|p1a: Heatran
|-damage|p1a: Heatran|0 fnt
|faint|p1a: Heatran
|
|-heal|p2a: neededaghostresist|100/100|[from] item: Leftovers
|upkeep
|
|t:|1781297328
|switch|p1a: Darkrai|Darkrai|94/100
|turn|37
|
|t:|1781297332
|move|p2a: neededaghostresist|Sucker Punch|p1a: Darkrai
|-resisted|p1a: Darkrai
|-damage|p1a: Darkrai|13/100
|move|p1a: Darkrai|Ice Beam|p2a: neededaghostresist
|-supereffective|p2a: neededaghostresist
|-damage|p2a: neededaghostresist|0 fnt
|faint|p2a: neededaghostresist
|-end|p2a: neededaghostresist|fallen4|[silent]
|
|upkeep
|c|☆n5v|NO
|c|☆n5v|NO
|c|☆n5v|NONONOON
|c|☆n5v|I THREW
|c|☆n5v|I HAD THAT
|c|☆n5v|I HAD YOU
|c|☆n5v|play lavos rant
|c|☆n5v|ggs now fr
|c|☆SlimyTime|lol
|-message|n5v forfeited.
|
|win|SlimyTime
|raw|SlimyTime's rating: 1694 &rarr; <strong>1713</strong><br />(+19 for winning)
|raw|n5v's rating: 1675 &rarr; <strong>1656</strong><br />(-19 for losing)
|c|☆SlimyTime|gg bro
|l|☆SlimyTime
|player|p1|
|c|☆n5v|thanks for the game
|l|☆n5v
|player|p2|
