|j|☆xstarrain
|j|☆KnightKnaveSpy
|t:|1781333716
|gametype|singles
|player|p1|xstarrain|170|1581
|player|p2|KnightKnaveSpy|2|1597
|gen|9
|tier|[Gen 9] OU
|rated|
|rule|HP Percentage Mod: HP is shown in percentages
|rule|Endless Battle Clause: Forcing endless battles is banned
|rule|Species Clause: Limit one of each Pokémon
|rule|OHKO Clause: OHKO moves are banned
|rule|Evasion Items Clause: Evasion items are banned
|rule|Evasion Moves Clause: Evasion moves are banned
|rule|Evasion Abilities Clause: Evasion abilities are banned
|rule|Sleep Moves Clause: Sleep-inducing moves are banned
|clearpoke
|poke|p1|Hydrapple, F|
|poke|p1|Dondozo, M|
|poke|p1|Gholdengo|
|poke|p1|Blissey, F|
|poke|p1|Avalugg, M|
|poke|p1|Ting-Lu|
|poke|p2|Samurott-Hisui, F|
|poke|p2|Blaziken, F|
|poke|p2|Kingambit, M|
|poke|p2|Raging Bolt|
|poke|p2|Ogerpon-Wellspring, F|
|poke|p2|Greninja-*, F|
|teampreview
|
|t:|1781333731
|teamsize|p1|6
|teamsize|p2|6
|start
|switch|p1a: Hydrapple|Hydrapple, F|100/100
|switch|p2a: Samurott|Samurott-Hisui, F|100/100
|turn|1
|inactive|Battle timer is ON: inactive players will automatically lose when time's up. (requested by xstarrain)
|
|t:|1781333741
|move|p2a: Samurott|Ceaseless Edge|p1a: Hydrapple
|-damage|p1a: Hydrapple|76/100
|-sidestart|p1: xstarrain|Spikes
|move|p1a: Hydrapple|Fickle Beam|p2a: Samurott|[anim] Fickle Beam All Out
|-activate|p1a: Hydrapple|move: Fickle Beam
|-damage|p2a: Samurott|6/100
|
|upkeep
|turn|2
|
|t:|1781333747
|switch|p1a: Avalugg|Avalugg, M|100/100
|move|p2a: Samurott|Ceaseless Edge|p1a: Avalugg
|-damage|p1a: Avalugg|83/100
|-sidestart|p1: xstarrain|Spikes
|
|upkeep
|turn|3
|
|t:|1781333763
|-terastallize|p2a: Samurott|Ghost
|move|p2a: Samurott|Ceaseless Edge|p1a: Avalugg|[miss]
|-miss|p2a: Samurott|p1a: Avalugg
|move|p1a: Avalugg|Rapid Spin|p2a: Samurott
|-immune|p2a: Samurott
|
|upkeep
|turn|4
|j| chengyihao嘎啦嘎啦
|
|t:|1781333790
|switch|p2a: Blaziken|Blaziken, F|100/100
|move|p1a: Avalugg|Recover|p1a: Avalugg
|-heal|p1a: Avalugg|100/100
|
|upkeep
|turn|5
|l| chengyihao嘎啦嘎啦
|
|t:|1781333794
|move|p2a: Blaziken|Close Combat|p1a: Avalugg
|-supereffective|p1a: Avalugg
|-damage|p1a: Avalugg|44/100
|-unboost|p2a: Blaziken|def|1
|-unboost|p2a: Blaziken|spd|1
|move|p1a: Avalugg|Rapid Spin|p2a: Blaziken
|-damage|p2a: Blaziken|75/100
|-boost|p1a: Avalugg|spe|1
|-sideend|p1: xstarrain|Spikes|[from] move: Rapid Spin|[of] p1a: Avalugg
|
|-heal|p2a: Blaziken|81/100|[from] item: Leftovers
|-ability|p2a: Blaziken|Speed Boost|boost
|-boost|p2a: Blaziken|spe|1
|upkeep
|turn|6
|
|t:|1781333799
|switch|p1a: Hydrapple|Hydrapple, F|100/100
|move|p2a: Blaziken|Close Combat|p1a: Hydrapple
|-damage|p1a: Hydrapple|67/100
|-unboost|p2a: Blaziken|def|1
|-unboost|p2a: Blaziken|spd|1
|
|-heal|p2a: Blaziken|87/100|[from] item: Leftovers
|-ability|p2a: Blaziken|Speed Boost|boost
|-boost|p2a: Blaziken|spe|1
|upkeep
|turn|7
|
|t:|1781333803
|switch|p2a: Ogerpon|Ogerpon-Wellspring, F|100/100
|move|p1a: Hydrapple|Earth Power|p2a: Ogerpon
|-resisted|p2a: Ogerpon
|-damage|p2a: Ogerpon|86/100
|
|upkeep
|turn|8
|j| Esiolamond
|
|t:|1781333811
|switch|p1a: Avalugg|Avalugg, M|44/100
|move|p2a: Ogerpon|U-turn|p1a: Avalugg
|-damage|p1a: Avalugg|33/100
|
|t:|1781333816
|switch|p2a: Raging Bolt|Raging Bolt|100/100|[from] U-turn
|-item|p2a: Raging Bolt|Air Balloon
|
|upkeep
|turn|9
|
|t:|1781333822
|switch|p1a: Ting-Lu|Ting-Lu|100/100
|-ability|p1a: Ting-Lu|Vessel of Ruin
|move|p2a: Raging Bolt|Draco Meteor|p1a: Ting-Lu
|-damage|p1a: Ting-Lu|68/100
|-unboost|p2a: Raging Bolt|spa|2
|
|-heal|p1a: Ting-Lu|75/100|[from] item: Leftovers
|upkeep
|turn|10
|
|t:|1781333832
|-end|p2a: Raging Bolt|Protosynthesis|[silent]
|switch|p2a: Samurott|Samurott-Hisui, F, tera:Ghost|6/100
|move|p1a: Ting-Lu|Spikes|p2a: Samurott
|-sidestart|p2: KnightKnaveSpy|Spikes
|
|-heal|p1a: Ting-Lu|81/100|[from] item: Leftovers
|upkeep
|turn|11
|j| HYTT_tt迷人侠
|
|t:|1781333838
|switch|p1a: Hydrapple|Hydrapple, F|99/100
|move|p2a: Samurott|Ceaseless Edge|p1a: Hydrapple
|-damage|p1a: Hydrapple|74/100
|-sidestart|p1: xstarrain|Spikes
|
|upkeep
|turn|12
|c| HYTT_tt迷人侠|我滴个
|j| testingrainteam1
|
|t:|1781333844
|move|p2a: Samurott|Ceaseless Edge|p1a: Hydrapple
|-damage|p1a: Hydrapple|51/100
|-sidestart|p1: xstarrain|Spikes
|move|p1a: Hydrapple|Fickle Beam|p2a: Samurott
|-damage|p2a: Samurott|0 fnt
|faint|p2a: Samurott
|
|upkeep
|
|t:|1781333853
|switch|p2a: Raging Bolt|Raging Bolt|100/100
|-item|p2a: Raging Bolt|Air Balloon
|turn|13
|
|t:|1781333864
|switch|p1a: Ting-Lu|Ting-Lu|81/100
|-damage|p1a: Ting-Lu|64/100|[from] Spikes
|-ability|p1a: Ting-Lu|Vessel of Ruin
|move|p2a: Raging Bolt|Draco Meteor|p1a: Ting-Lu
|-damage|p1a: Ting-Lu|34/100
|-unboost|p2a: Raging Bolt|spa|2
|
|-heal|p1a: Ting-Lu|40/100|[from] item: Leftovers
|upkeep
|turn|14
|
|t:|1781333871
|-end|p2a: Raging Bolt|Protosynthesis|[silent]
|switch|p2a: Ogerpon|Ogerpon-Wellspring, F|86/100
|-damage|p2a: Ogerpon|73/100|[from] Spikes
|move|p1a: Ting-Lu|Ruination|p2a: Ogerpon
|-damage|p2a: Ogerpon|37/100
|
|-heal|p1a: Ting-Lu|46/100|[from] item: Leftovers
|upkeep
|turn|15
|
|t:|1781333878
|switch|p1a: Avalugg|Avalugg, M|33/100
|move|p2a: Ogerpon|Swords Dance|p2a: Ogerpon
|-boost|p2a: Ogerpon|atk|2
|
|upkeep
|turn|16
|
|t:|1781333888
|move|p2a: Ogerpon|Horn Leech|p1a: Avalugg
|-damage|p1a: Avalugg|0 fnt
|-heal|p2a: Ogerpon|58/100|[from] drain|[of] p1a: Avalugg
|faint|p1a: Avalugg
|
|upkeep
|
|t:|1781333890
|switch|p1a: Dondozo|Dondozo, M|100/100
|turn|17
|
|t:|1781333895
|-terastallize|p1a: Dondozo|Dragon
|move|p2a: Ogerpon|Horn Leech|p1a: Dondozo
|-resisted|p1a: Dondozo
|-damage|p1a: Dondozo|90/100
|-heal|p2a: Ogerpon|67/100|[from] drain|[of] p1a: Dondozo
|move|p1a: Dondozo|Body Press|p2a: Ogerpon
|-damage|p2a: Ogerpon|29/100
|
|upkeep
|turn|18
|
|t:|1781333898
|move|p2a: Ogerpon|U-turn|p1a: Dondozo
|-damage|p1a: Dondozo|78/100
|
|t:|1781333900
|switch|p2a: Raging Bolt|Raging Bolt|100/100|[from] U-turn
|-item|p2a: Raging Bolt|Air Balloon
|move|p1a: Dondozo|Body Press|p2a: Raging Bolt
|-damage|p2a: Raging Bolt|79/100
|-enditem|p2a: Raging Bolt|Air Balloon
|
|upkeep
|turn|19
|
|t:|1781333905
|switch|p1a: Blissey|Blissey, F|100/100
|move|p2a: Raging Bolt|Draco Meteor|p1a: Blissey|[miss]
|-miss|p2a: Raging Bolt|p1a: Blissey
|
|upkeep
|turn|20
|
|t:|1781333914
|move|p2a: Raging Bolt|Volt Switch|p1a: Blissey
|-damage|p1a: Blissey|87/100
|
|t:|1781333916
|-end|p2a: Raging Bolt|Protosynthesis|[silent]
|switch|p2a: Kingambit|Kingambit, M|100/100|[from] Volt Switch
|-damage|p2a: Kingambit|88/100|[from] Spikes
|-activate|p2a: Kingambit|ability: Supreme Overlord
|-start|p2a: Kingambit|fallen1|[silent]
|move|p1a: Blissey|Stealth Rock|p2a: Kingambit
|-sidestart|p2: KnightKnaveSpy|move: Stealth Rock
|
|upkeep
|turn|21
|
|t:|1781333945
|switch|p1a: Hydrapple|Hydrapple, F|84/100
|move|p2a: Kingambit|Kowtow Cleave|p1a: Hydrapple
|-damage|p1a: Hydrapple|47/100
|
|upkeep
|turn|22
|
|t:|1781333958
|-end|p2a: Kingambit|fallen1|[silent]
|switch|p2a: Greninja|Greninja, F|100/100
|move|p1a: Hydrapple|Earth Power|p2a: Greninja
|-damage|p2a: Greninja|62/100
|
|upkeep
|turn|23
|
|t:|1781333968
|switch|p1a: Blissey|Blissey, F|87/100
|move|p2a: Greninja|Ice Beam|p1a: Blissey
|-start|p2a: Greninja|typechange|Ice|[from] ability: Protean
|-damage|p1a: Blissey|74/100
|-status|p1a: Blissey|frz
|
|upkeep
|turn|24
|
|t:|1781333974
|switch|p2a: Kingambit|Kingambit, M|88/100
|-damage|p2a: Kingambit|76/100|[from] Spikes
|-damage|p2a: Kingambit|70/100|[from] Stealth Rock
|-activate|p2a: Kingambit|ability: Supreme Overlord
|-start|p2a: Kingambit|fallen1|[silent]
|-curestatus|p1a: Blissey|frz|[from] ability: Natural Cure|[silent]
|switch|p1a: Gholdengo|Gholdengo|100/100
|-item|p1a: Gholdengo|Air Balloon
|
|upkeep
|turn|25
|
|t:|1781333979
|switch|p1a: Hydrapple|Hydrapple, F|80/100
|move|p2a: Kingambit|Kowtow Cleave|p1a: Hydrapple
|-damage|p1a: Hydrapple|46/100
|
|upkeep
|turn|26
|
|t:|1781333984
|move|p2a: Kingambit|Iron Head|p1a: Hydrapple
|-damage|p1a: Hydrapple|19/100
|cant|p1a: Hydrapple|flinch
|
|upkeep
|turn|27
|
|t:|1781333992
|switch|p1a: Ting-Lu|Ting-Lu|46/100
|-damage|p1a: Ting-Lu|30/100|[from] Spikes
|-ability|p1a: Ting-Lu|Vessel of Ruin
|move|p2a: Kingambit|Kowtow Cleave|p1a: Ting-Lu
|-resisted|p1a: Ting-Lu
|-damage|p1a: Ting-Lu|11/100
|
|-heal|p1a: Ting-Lu|17/100|[from] item: Leftovers
|upkeep
|turn|28
|
|t:|1781333998
|move|p2a: Kingambit|Kowtow Cleave|p1a: Ting-Lu
|-resisted|p1a: Ting-Lu
|-damage|p1a: Ting-Lu|0 fnt
|faint|p1a: Ting-Lu
|
|upkeep
|
|t:|1781334002
|switch|p1a: Dondozo|Dondozo, M, tera:Dragon|78/100
|turn|29
|
|t:|1781334022
|-end|p2a: Kingambit|fallen1|[silent]
|switch|p2a: Raging Bolt|Raging Bolt|79/100
|-damage|p2a: Raging Bolt|67/100|[from] Spikes
|-damage|p2a: Raging Bolt|54/100|[from] Stealth Rock
|move|p1a: Dondozo|Body Press|p2a: Raging Bolt
|-damage|p2a: Raging Bolt|33/100
|
|upkeep
|turn|30
|
|t:|1781334030
|switch|p1a: Gholdengo|Gholdengo|100/100
|-item|p1a: Gholdengo|Air Balloon
|move|p2a: Raging Bolt|Volt Switch|p1a: Gholdengo
|-damage|p1a: Gholdengo|66/100
|-enditem|p1a: Gholdengo|Air Balloon
|
|t:|1781334036
|-end|p2a: Raging Bolt|Protosynthesis|[silent]
|switch|p2a: Blaziken|Blaziken, F|87/100|[from] Volt Switch
|-damage|p2a: Blaziken|75/100|[from] Spikes
|-damage|p2a: Blaziken|63/100|[from] Stealth Rock
|
|-heal|p2a: Blaziken|69/100|[from] item: Leftovers
|upkeep
|turn|31
|
|t:|1781334044
|move|p2a: Blaziken|Close Combat|p1a: Gholdengo
|-immune|p1a: Gholdengo
|move|p1a: Gholdengo|Thunder Wave|p2a: Blaziken
|-status|p2a: Blaziken|par
|
|-heal|p2a: Blaziken|75/100 par|[from] item: Leftovers
|-ability|p2a: Blaziken|Speed Boost|boost
|-boost|p2a: Blaziken|spe|1
|upkeep
|turn|32
|
|t:|1781334049
|move|p1a: Gholdengo|Hex|p2a: Blaziken
|-damage|p2a: Blaziken|0 fnt
|faint|p2a: Blaziken
|
|upkeep
|
|t:|1781334051
|switch|p2a: Greninja|Greninja, F|62/100
|turn|33
|
|t:|1781334079
|switch|p2a: Ogerpon|Ogerpon-Wellspring, F|29/100
|-damage|p2a: Ogerpon|17/100|[from] Spikes
|-damage|p2a: Ogerpon|5/100|[from] Stealth Rock
|switch|p1a: Blissey|Blissey, F|74/100
|
|upkeep
|turn|34
|
|t:|1781334085
|switch|p1a: Hydrapple|Hydrapple, F|52/100
|move|p2a: Ogerpon|Horn Leech|p1a: Hydrapple
|-resisted|p1a: Hydrapple
|-damage|p1a: Hydrapple|45/100
|-heal|p2a: Ogerpon|9/100|[from] drain|[of] p1a: Hydrapple
|
|upkeep
|turn|35
|
|t:|1781334089
|move|p2a: Ogerpon|U-turn|p1a: Hydrapple
|-supereffective|p1a: Hydrapple
|-damage|p1a: Hydrapple|14/100
|
|t:|1781334095
|switch|p2a: Kingambit|Kingambit, M|70/100|[from] U-turn
|-damage|p2a: Kingambit|57/100|[from] Spikes
|-damage|p2a: Kingambit|51/100|[from] Stealth Rock
|-activate|p2a: Kingambit|ability: Supreme Overlord
|-start|p2a: Kingambit|fallen2|[silent]
|move|p1a: Hydrapple|Fickle Beam|p2a: Kingambit
|-resisted|p2a: Kingambit
|-damage|p2a: Kingambit|35/100
|
|upkeep
|turn|36
|
|t:|1781334099
|move|p2a: Kingambit|Kowtow Cleave|p1a: Hydrapple
|-damage|p1a: Hydrapple|0 fnt
|faint|p1a: Hydrapple
|
|upkeep
|
|t:|1781334102
|switch|p1a: Dondozo|Dondozo, M, tera:Dragon|78/100
|turn|37
|
|t:|1781334104
|move|p2a: Kingambit|Kowtow Cleave|p1a: Dondozo
|-damage|p1a: Dondozo|48/100
|move|p1a: Dondozo|Body Press|p2a: Kingambit
|-supereffective|p2a: Kingambit
|-damage|p2a: Kingambit|0 fnt
|faint|p2a: Kingambit
|-end|p2a: Kingambit|fallen2|[silent]
|
|upkeep
|
|t:|1781334110
|switch|p2a: Greninja|Greninja, F|62/100
|turn|38
|-message|KnightKnaveSpy forfeited.
|
|win|xstarrain
|raw|xstarrain's rating: 1581 &rarr; <strong>1602</strong><br />(+21 for winning)
|raw|KnightKnaveSpy's rating: 1597 &rarr; <strong>1576</strong><br />(-21 for losing)
|l|☆KnightKnaveSpy
|player|p2|
|l| testingrainteam1
|l|☆xstarrain
|player|p1|
|j| Art234巴大蝶
|j| chengyihao嘎啦嘎啦
|l| Esiolamond
|l| chengyihao嘎啦嘎啦
|l| Art234巴大蝶
|l| HYTT_tt迷人侠
