|badge|p2|bronze|gen9ou|100-9
|uhtml|medal-msg|<div class="broadcast-blue">Curious what those medals under the avatar are? PS now has Ladder Seasons! For more information, check out the <a href="https://www.smogon.com/forums/threads/3740067/">thread on Smogon.</a></div>
|j|☆Auburn Hills
|j|☆ykykp
|t:|1780925673
|gametype|singles
|player|p1|Auburn Hills|alder|1801
|player|p2|ykykp|265|1808
|gen|9
|tier|[Gen 9] OU
|rated|
|rule|HP Percentage Mod: HP is shown in percentages
|rule|Endless Battle Clause: Forcing endless battles is banned
|rule|Species Clause: Limit one of each Pokémon
|rule|OHKO Clause: OHKO moves are banned
|rule|Evasion Items Clause: Evasion items are banned
|rule|Evasion Moves Clause: Evasion moves are banned
|rule|Evasion Abilities Clause: Evasion abilities are banned
|rule|Sleep Moves Clause: Sleep-inducing moves are banned
|clearpoke
|poke|p1|Iron Moth|
|poke|p1|Umbreon, M|
|poke|p1|Garchomp, F|
|poke|p1|Glimmora, F|
|poke|p1|Gholdengo|
|poke|p1|Dragonite, F|
|poke|p2|Hoopa-Unbound|
|poke|p2|Iron Valiant|
|poke|p2|Pecharunt|
|poke|p2|Alomomola, F|
|poke|p2|Cinderace, M|
|poke|p2|Zamazenta-*|
|teampreview
|inactive|Battle timer is ON: inactive players will automatically lose when time's up. (requested by ykykp)
|
|t:|1780925682
|teamsize|p1|6
|teamsize|p2|6
|start
|switch|p1a: Glimmora|Glimmora, F|100/100
|switch|p2a: Hoopa|Hoopa-Unbound|100/100
|turn|1
|
|t:|1780925685
|switch|p1a: Alvvays|Umbreon, M|100/100
|move|p2a: Hoopa|Knock Off|p1a: Alvvays
|-resisted|p1a: Alvvays
|-crit|p1a: Alvvays
|-damage|p1a: Alvvays|39/100
|-enditem|p1a: Alvvays|Leftovers|[from] move: Knock Off|[of] p2a: Hoopa
|
|upkeep
|turn|2
|
|t:|1780925698
|switch|p2a: Pecharunt|Pecharunt|100/100
|move|p1a: Alvvays|Wish|p1a: Alvvays
|
|upkeep
|turn|3
|
|t:|1780925702
|move|p2a: Pecharunt|Parting Shot|p1a: Alvvays
|-unboost|p1a: Alvvays|atk|1
|-unboost|p1a: Alvvays|spa|1
|
|t:|1780925713
|switch|p2a: Iron Valiant|Iron Valiant|100/100|[from] Parting Shot
|move|p1a: Alvvays|Thunder Wave|p2a: Iron Valiant
|-status|p2a: Iron Valiant|par
|
|-heal|p1a: Alvvays|89/100|[from] move: Wish|[wisher] Alvvays
|upkeep
|turn|4
|
|t:|1780925716
|switch|p1a: Glimmora|Glimmora, F|100/100
|move|p2a: Iron Valiant|Moonblast|p1a: Glimmora
|-resisted|p1a: Glimmora
|-damage|p1a: Glimmora|55/100
|
|upkeep
|turn|5
|
|t:|1780925720
|-end|p2a: Iron Valiant|Quark Drive|[silent]
|switch|p2a: Hoopa|Hoopa-Unbound|100/100
|move|p1a: Glimmora|Sludge Wave|p2a: Hoopa
|-damage|p2a: Hoopa|57/100
|
|upkeep
|turn|6
|
|t:|1780925725
|move|p1a: Glimmora|Sludge Wave|p2a: Hoopa
|-crit|p2a: Hoopa
|-damage|p2a: Hoopa|0 fnt
|faint|p2a: Hoopa
|
|upkeep
|
|t:|1780925730
|switch|p2a: Zamazenta|Zamazenta|100/100
|-ability|p2a: Zamazenta|Dauntless Shield|boost
|-boost|p2a: Zamazenta|def|1
|turn|7
|
|t:|1780925735
|switch|p1a: Smino|Gholdengo|100/100
|move|p2a: Zamazenta|Stone Edge|p1a: Smino
|-resisted|p1a: Smino
|-crit|p1a: Smino
|-damage|p1a: Smino|58/100
|
|upkeep
|turn|8
|
|t:|1780925740
|switch|p2a: Alomomola|Alomomola, F|100/100
|move|p1a: Smino|Trick|p2a: Alomomola
|-activate|p1a: Smino|move: Trick|[of] p2a: Alomomola
|-item|p2a: Alomomola|Choice Scarf|[from] move: Trick
|-item|p1a: Smino|Assault Vest|[from] move: Trick
|
|upkeep
|turn|9
|
|t:|1780925743
|move|p1a: Smino|Shadow Ball|p2a: Alomomola
|-damage|p2a: Alomomola|64/100
|move|p2a: Alomomola|Flip Turn|p1a: Smino
|-damage|p1a: Smino|41/100
|
|t:|1780925745
|switch|p2a: Cinderace|Cinderace, M|100/100|[from] Flip Turn
|
|upkeep
|turn|10
|
|t:|1780925753
|move|p2a: Cinderace|Pyro Ball|p1a: Smino
|-supereffective|p1a: Smino
|-damage|p1a: Smino|0 fnt
|faint|p1a: Smino
|
|upkeep
|
|t:|1780925757
|switch|p1a: Elucid|Dragonite, F|100/100
|turn|11
|
|t:|1780925760
|move|p2a: Cinderace|U-turn|p1a: Elucid
|-start|p2a: Cinderace|typechange|Bug|[from] ability: Libero
|-resisted|p1a: Elucid
|-damage|p1a: Elucid|92/100
|
|t:|1780925762
|switch|p2a: Pecharunt|Pecharunt|100/100|[from] U-turn
|move|p1a: Elucid|Earthquake|p2a: Pecharunt
|-supereffective|p2a: Pecharunt
|-damage|p2a: Pecharunt|66/100
|
|upkeep
|turn|12
|
|t:|1780925766
|move|p1a: Elucid|Dragon Dance|p1a: Elucid
|-boost|p1a: Elucid|atk|1
|-boost|p1a: Elucid|spe|1
|move|p2a: Pecharunt|Recover|p2a: Pecharunt
|-heal|p2a: Pecharunt|100/100
|
|upkeep
|turn|13
|
|t:|1780925769
|move|p1a: Elucid|Earthquake|p2a: Pecharunt
|-supereffective|p2a: Pecharunt
|-damage|p2a: Pecharunt|49/100
|move|p2a: Pecharunt|Malignant Chain|p1a: Elucid
|-damage|p1a: Elucid|62/100
|
|upkeep
|turn|14
|
|t:|1780925792
|-terastallize|p2a: Pecharunt|Ghost
|move|p1a: Elucid|Earthquake|p2a: Pecharunt
|-crit|p2a: Pecharunt
|-damage|p2a: Pecharunt|5/100
|move|p2a: Pecharunt|Malignant Chain|p1a: Elucid
|-damage|p1a: Elucid|31/100
|-status|p1a: Elucid|tox
|-start|p1a: Elucid|confusion|[from] ability: Poison Puppeteer|[of] p2a: Pecharunt
|
|-damage|p1a: Elucid|25/100 tox|[from] psn
|upkeep
|turn|15
|
|t:|1780925797
|-activate|p1a: Elucid|confusion
|move|p1a: Elucid|Earthquake|p2a: Pecharunt
|-damage|p2a: Pecharunt|0 fnt
|faint|p2a: Pecharunt
|
|-damage|p1a: Elucid|13/100 tox|[from] psn
|upkeep
|
|t:|1780925813
|switch|p2a: Alomomola|Alomomola, F|97/100
|turn|16
|
|t:|1780925817
|-activate|p1a: Elucid|confusion
|-damage|p1a: Elucid|0 fnt|[from] confusion
|faint|p1a: Elucid
|move|p2a: Alomomola|Flip Turn|p1: Elucid|[notarget]
|-fail|p2a: Alomomola
|
|upkeep
|
|t:|1780925821
|switch|p1a: Glimmora|Glimmora, F|55/100
|turn|17
|
|t:|1780925828
|move|p1a: Glimmora|Mortal Spin|p2a: Alomomola
|-damage|p2a: Alomomola|93/100
|-status|p2a: Alomomola|psn
|move|p2a: Alomomola|Flip Turn|p1a: Glimmora
|-supereffective|p1a: Glimmora
|-damage|p1a: Glimmora|12/100
|-activate|p1a: Glimmora|ability: Toxic Debris
|-sidestart|p2: ykykp|move: Toxic Spikes
|
|t:|1780925832
|switch|p2a: Cinderace|Cinderace, M|100/100|[from] Flip Turn
|
|upkeep
|turn|18
|
|t:|1780925835
|move|p2a: Cinderace|Pyro Ball|p1a: Glimmora
|-resisted|p1a: Glimmora
|-damage|p1a: Glimmora|0 fnt
|-activate|p1a: Glimmora|ability: Toxic Debris
|-sidestart|p2: ykykp|move: Toxic Spikes
|faint|p1a: Glimmora
|
|upkeep
|
|t:|1780925840
|switch|p1a: Rat Tally|Garchomp, F|100/100
|turn|19
|
|t:|1780925843
|move|p2a: Cinderace|Court Change|p2a: Cinderace
|-start|p2a: Cinderace|typechange|Normal|[from] ability: Libero
|-swapsideconditions
|-activate|p2a: Cinderace|move: Court Change
|move|p1a: Rat Tally|Scale Shot|p2a: Cinderace
|-crit|p2a: Cinderace
|-damage|p2a: Cinderace|73/100
|-damage|p2a: Cinderace|54/100
|-damage|p2a: Cinderace|35/100
|-damage|p2a: Cinderace|16/100
|-damage|p2a: Cinderace|0 fnt
|faint|p2a: Cinderace
|-hitcount|p2: Cinderace|5
|-unboost|p1a: Rat Tally|def|1
|-boost|p1a: Rat Tally|spe|1
|
|upkeep
|
|t:|1780925846
|switch|p2a: Zamazenta|Zamazenta|100/100
|turn|20
|
|t:|1780925856
|move|p1a: Rat Tally|Earthquake|p2a: Zamazenta
|-crit|p2a: Zamazenta
|-damage|p2a: Zamazenta|22/100
|move|p2a: Zamazenta|Close Combat|p1a: Rat Tally
|-damage|p1a: Rat Tally|0 fnt
|-unboost|p2a: Zamazenta|def|1
|-unboost|p2a: Zamazenta|spd|1
|-damage|p2a: Zamazenta|10/100|[from] ability: Rough Skin|[of] p1a: Rat Tally
|faint|p1a: Rat Tally
|
|upkeep
|
|t:|1780925862
|switch|p1a: Carly Rae|Iron Moth|100/100
|-sideend|p1: Auburn Hills|move: Toxic Spikes|[of] p1a: Carly Rae
|-enditem|p1a: Carly Rae|Booster Energy
|-activate|p1a: Carly Rae|ability: Quark Drive|[fromitem]
|-start|p1a: Carly Rae|quarkdrivespe
|turn|21
|
|t:|1780925864
|switch|p2a: Alomomola|Alomomola, F|100/100 psn
|move|p1a: Carly Rae|Fiery Dance|p2a: Alomomola
|-resisted|p2a: Alomomola
|-damage|p2a: Alomomola|85/100 psn
|
|-damage|p2a: Alomomola|72/100 psn|[from] psn
|upkeep
|turn|22
|
|t:|1780925870
|move|p1a: Carly Rae|Fiery Dance|p2a: Alomomola
|-resisted|p2a: Alomomola
|-damage|p2a: Alomomola|55/100 psn
|-boost|p1a: Carly Rae|spa|1
|move|p2a: Alomomola|Flip Turn|p1a: Carly Rae
|-supereffective|p1a: Carly Rae
|-damage|p1a: Carly Rae|56/100
|
|t:|1780925872
|switch|p2a: Iron Valiant|Iron Valiant|100/100 par|[from] Flip Turn
|
|upkeep
|turn|23
|j| Agathina
|
|t:|1780925875
|-end|p2a: Iron Valiant|Quark Drive|[silent]
|switch|p2a: Alomomola|Alomomola, F|88/100 psn
|move|p1a: Carly Rae|Dazzling Gleam|p2a: Alomomola
|-damage|p2a: Alomomola|53/100 psn
|
|-damage|p2a: Alomomola|41/100 psn|[from] psn
|upkeep
|turn|24
|
|t:|1780925889
|move|p2a: Alomomola|Aqua Jet|p1a: Carly Rae
|-supereffective|p1a: Carly Rae
|-damage|p1a: Carly Rae|22/100
|move|p1a: Carly Rae|Discharge|p2a: Alomomola
|-supereffective|p2a: Alomomola
|-damage|p2a: Alomomola|0 fnt
|faint|p2a: Alomomola
|
|upkeep
|
|t:|1780925898
|switch|p2a: Iron Valiant|Iron Valiant|100/100 par
|turn|25
|
|t:|1780925901
|move|p2a: Iron Valiant|Vacuum Wave|p1a: Carly Rae
|-resisted|p1a: Carly Rae
|-damage|p1a: Carly Rae|7/100
|move|p1a: Carly Rae|Dazzling Gleam|p2a: Iron Valiant
|-supereffective|p2a: Iron Valiant
|-damage|p2a: Iron Valiant|0 fnt
|faint|p2a: Iron Valiant
|-end|p2a: Iron Valiant|Quark Drive|[silent]
|
|upkeep
|
|t:|1780925904
|switch|p2a: Zamazenta|Zamazenta|10/100
|turn|26
|
|t:|1780925913
|move|p1a: Carly Rae|Discharge|p2a: Zamazenta
|-damage|p2a: Zamazenta|0 fnt
|faint|p2a: Zamazenta
|
|win|Auburn Hills
|raw|Auburn Hills's rating: 1801 &rarr; <strong>1821</strong><br />(+20 for winning)
|raw|ykykp's rating: 1808 &rarr; <strong>1788</strong><br />(-20 for losing)
|l|☆Auburn Hills
|player|p1|
|l|☆ykykp
|player|p2|
|l| Agathina
