|badge|p1|bronze|gen9ou|100-9
|uhtml|medal-msg|<div class="broadcast-blue">Curious what those medals under the avatar are? PS now has Ladder Seasons! For more information, check out the <a href="https://www.smogon.com/forums/threads/3740067/">thread on Smogon.</a></div>
|badge|p2|silver|gen9ou|30-9
|uhtml|medal-msg|<div class="broadcast-blue">Curious what those medals under the avatar are? PS now has Ladder Seasons! For more information, check out the <a href="https://www.smogon.com/forums/threads/3740067/">thread on Smogon.</a></div>
|j|☆HO Only Bitch
|j|☆moth ily
|t:|1781316145
|gametype|singles
|player|p1|HO Only Bitch|giovanni|1904
|player|p2|moth ily|iono-masters|1903
|gen|9
|tier|[Gen 9] OU
|rated|
|rule|HP Percentage Mod: HP is shown in percentages
|rule|Endless Battle Clause: Forcing endless battles is banned
|rule|Species Clause: Limit one of each Pokémon
|rule|OHKO Clause: OHKO moves are banned
|rule|Evasion Items Clause: Evasion items are banned
|rule|Evasion Moves Clause: Evasion moves are banned
|rule|Evasion Abilities Clause: Evasion abilities are banned
|rule|Sleep Moves Clause: Sleep-inducing moves are banned
|clearpoke
|poke|p1|Clodsire, F|
|poke|p1|Toxapex, M|
|poke|p1|Corviknight, M|
|poke|p1|Dondozo, M|
|poke|p1|Hatterene, F|
|poke|p1|Gliscor, F|
|poke|p2|Slither Wing|
|poke|p2|Ninetales, F|
|poke|p2|Ceruledge, F|
|poke|p2|Great Tusk|
|poke|p2|Walking Wake|
|poke|p2|Venusaur, M|
|teampreview
|c|☆moth ily|hf
|
|t:|1781316154
|teamsize|p1|6
|teamsize|p2|6
|start
|switch|p1a: nothing new there|Gliscor, F|100/100
|switch|p2a: naruto|Ninetales, F|100/100
|-weather|SunnyDay|[from] ability: Drought|[of] p2a: naruto
|turn|1
|inactive|Battle timer is ON: inactive players will automatically lose when time's up. (requested by HO Only Bitch)
|j| ketbreezy
|
|t:|1781316163
|switch|p2a: Flowey|Venusaur, M|100/100
|move|p1a: nothing new there|Knock Off|p2a: Flowey
|-crit|p2a: Flowey
|-damage|p2a: Flowey|57/100
|-enditem|p2a: Flowey|Life Orb|[from] move: Knock Off|[of] p1a: nothing new there
|
|-weather|SunnyDay|[upkeep]
|-status|p1a: nothing new there|tox|[from] item: Toxic Orb
|upkeep
|turn|2
|
|t:|1781316172
|move|p2a: Flowey|Growth|p2a: Flowey
|-boost|p2a: Flowey|atk|2
|-boost|p2a: Flowey|spa|2
|move|p1a: nothing new there|Substitute|p1a: nothing new there
|-start|p1a: nothing new there|Substitute
|-damage|p1a: nothing new there|75/100 tox
|
|-weather|SunnyDay|[upkeep]
|-heal|p1a: nothing new there|88/100 tox|[from] ability: Poison Heal
|upkeep
|turn|3
|
|t:|1781316182
|move|p1a: nothing new there|Protect|p1a: nothing new there
|-singleturn|p1a: nothing new there|Protect
|move|p2a: Flowey|Growth|p2a: Flowey
|-boost|p2a: Flowey|atk|2
|-boost|p2a: Flowey|spa|2
|
|-weather|SunnyDay|[upkeep]
|-heal|p1a: nothing new there|100/100 tox|[from] ability: Poison Heal
|upkeep
|turn|4
|
|t:|1781316191
|move|p2a: Flowey|Giga Drain|p1a: nothing new there
|-end|p1a: nothing new there|Substitute
|-heal|p2a: Flowey|72/100|[from] drain|[of] p1a: nothing new there
|move|p1a: nothing new there|Substitute|p1a: nothing new there
|-start|p1a: nothing new there|Substitute
|-damage|p1a: nothing new there|75/100 tox
|
|-weather|SunnyDay|[upkeep]
|-heal|p1a: nothing new there|88/100 tox|[from] ability: Poison Heal
|upkeep
|turn|5
|
|t:|1781316201
|move|p2a: Flowey|Weather Ball|p1a: nothing new there
|-end|p1a: nothing new there|Substitute
|move|p1a: nothing new there|Knock Off|p2a: Flowey
|-damage|p2a: Flowey|51/100
|
|-weather|SunnyDay|[upkeep]
|-heal|p1a: nothing new there|100/100 tox|[from] ability: Poison Heal
|upkeep
|turn|6
|
|t:|1781316210
|switch|p1a: did you calc that?|Clodsire, F|100/100
|move|p2a: Flowey|Weather Ball|p1a: did you calc that?
|-damage|p1a: did you calc that?|78/100
|
|-weather|SunnyDay|[upkeep]
|-heal|p1a: did you calc that?|85/100|[from] item: Leftovers
|upkeep
|turn|7
|
|t:|1781316220
|move|p2a: Flowey|Earthquake|p1a: did you calc that?
|-supereffective|p1a: did you calc that?
|-damage|p1a: did you calc that?|41/100
|move|p1a: did you calc that?|Stealth Rock|p2a: Flowey
|-sidestart|p2: moth ily|move: Stealth Rock
|
|-weather|SunnyDay|[upkeep]
|-heal|p1a: did you calc that?|47/100|[from] item: Leftovers
|upkeep
|turn|8
|
|t:|1781316232
|move|p2a: Flowey|Earthquake|p1a: did you calc that?
|-supereffective|p1a: did you calc that?
|-damage|p1a: did you calc that?|3/100
|move|p1a: did you calc that?|Recover|p1a: did you calc that?
|-heal|p1a: did you calc that?|53/100
|
|-weather|none
|-heal|p1a: did you calc that?|59/100|[from] item: Leftovers
|upkeep
|turn|9
|
|t:|1781316240
|move|p2a: Flowey|Earthquake|p1a: did you calc that?
|-supereffective|p1a: did you calc that?
|-damage|p1a: did you calc that?|13/100
|move|p1a: did you calc that?|Recover|p1a: did you calc that?
|-heal|p1a: did you calc that?|63/100
|
|-heal|p1a: did you calc that?|69/100|[from] item: Leftovers
|upkeep
|turn|10
|
|t:|1781316249
|move|p2a: Flowey|Earthquake|p1a: did you calc that?
|-supereffective|p1a: did you calc that?
|-damage|p1a: did you calc that?|27/100
|move|p1a: did you calc that?|Recover|p1a: did you calc that?
|-heal|p1a: did you calc that?|77/100
|
|-heal|p1a: did you calc that?|83/100|[from] item: Leftovers
|upkeep
|turn|11
|
|t:|1781316257
|switch|p1a: per my last turn|Corviknight, M|100/100
|-ability|p1a: per my last turn|Pressure
|move|p2a: Flowey|Earthquake|p1a: per my last turn
|-immune|p1a: per my last turn
|
|upkeep
|turn|12
|
|t:|1781316265
|switch|p2a: Red judas|Ceruledge, F|100/100
|-damage|p2a: Red judas|76/100|[from] Stealth Rock
|-item|p2a: Red judas|Air Balloon
|move|p1a: per my last turn|Brave Bird|p2a: Red judas
|-damage|p2a: Red judas|25/100
|-ability|p2a: Red judas|Weak Armor|boost
|-unboost|p2a: Red judas|def|1
|-boost|p2a: Red judas|spe|2
|-enditem|p2a: Red judas|Air Balloon
|-damage|p1a: per my last turn|87/100|[from] Recoil
|
|-heal|p1a: per my last turn|94/100|[from] item: Leftovers
|upkeep
|turn|13
|
|t:|1781316280
|switch|p1a: calm down bro|Toxapex, M|100/100
|move|p2a: Red judas|Bitter Blade|p1a: calm down bro
|-resisted|p1a: calm down bro
|-damage|p1a: calm down bro|87/100
|-heal|p2a: Red judas|31/100|[from] drain|[of] p1a: calm down bro
|
|-heal|p1a: calm down bro|93/100|[from] item: Leftovers
|upkeep
|turn|14
|
|t:|1781316291
|switch|p2a: Nah I'd Spin|Great Tusk|100/100
|-damage|p2a: Nah I'd Spin|97/100|[from] Stealth Rock
|move|p1a: calm down bro|Infestation|p2a: Nah I'd Spin
|-resisted|p2a: Nah I'd Spin
|-damage|p2a: Nah I'd Spin|96/100
|-activate|p2a: Nah I'd Spin|move: Infestation|[of] p1a: calm down bro
|-damage|p1a: calm down bro|76/100|[from] item: Rocky Helmet|[of] p2a: Nah I'd Spin
|
|-heal|p1a: calm down bro|83/100|[from] item: Leftovers
|-damage|p2a: Nah I'd Spin|84/100|[from] move: Infestation|[partiallytrapped]
|upkeep
|turn|15
|
|t:|1781316303
|move|p1a: calm down bro|Baneful Bunker|p1a: calm down bro
|-singleturn|p1a: calm down bro|move: Protect
|move|p2a: Nah I'd Spin|Stealth Rock|p1a: calm down bro
|-sidestart|p1: HO Only Bitch|move: Stealth Rock
|
|-heal|p1a: calm down bro|89/100|[from] item: Leftovers
|-damage|p2a: Nah I'd Spin|71/100|[from] move: Infestation|[partiallytrapped]
|upkeep
|turn|16
|
|t:|1781316312
|switch|p1a: per my last turn|Corviknight, M|94/100
|-damage|p1a: per my last turn|81/100|[from] Stealth Rock
|-ability|p1a: per my last turn|Pressure
|move|p2a: Nah I'd Spin|Rapid Spin|p1a: per my last turn
|-resisted|p1a: per my last turn
|-damage|p1a: per my last turn|75/100
|-boost|p2a: Nah I'd Spin|spe|1
|-sideend|p2: moth ily|Stealth Rock|[from] move: Rapid Spin|[of] p2a: Nah I'd Spin
|-end|p2a: Nah I'd Spin|Infestation|[partiallytrapped]
|
|-heal|p1a: per my last turn|81/100|[from] item: Leftovers
|upkeep
|turn|17
|
|t:|1781316324
|-end|p2a: Nah I'd Spin|Protosynthesis|[silent]
|switch|p2a: naruto|Ninetales, F|100/100
|-weather|SunnyDay|[from] ability: Drought|[of] p2a: naruto
|move|p1a: per my last turn|Defog|p2a: naruto
|-unboost|p2a: naruto|evasion|1
|-sideend|p1: HO Only Bitch|Stealth Rock|[from] move: Defog|[of] p1a: per my last turn
|
|-weather|SunnyDay|[upkeep]
|-heal|p1a: per my last turn|87/100|[from] item: Leftovers
|upkeep
|turn|18
|
|t:|1781316337
|switch|p2a: Nah I'd Spin|Great Tusk|71/100
|-activate|p2a: Nah I'd Spin|ability: Protosynthesis
|-start|p2a: Nah I'd Spin|protosynthesisspe
|switch|p1a: calm down bro|Toxapex, M|100/100
|
|-weather|SunnyDay|[upkeep]
|upkeep
|turn|19
|
|t:|1781316349
|switch|p1a: love this for you|Hatterene, F|100/100
|move|p2a: Nah I'd Spin|Stealth Rock|p1a: love this for you
|move|p1a: love this for you|Stealth Rock|p2a: Nah I'd Spin|[from] ability: Magic Bounce
|-sidestart|p2: moth ily|move: Stealth Rock
|
|-weather|SunnyDay|[upkeep]
|upkeep
|turn|20
|
|t:|1781316358
|move|p2a: Nah I'd Spin|Rapid Spin|p1a: love this for you
|-damage|p1a: love this for you|88/100
|-boost|p2a: Nah I'd Spin|spe|1
|-sideend|p2: moth ily|Stealth Rock|[from] move: Rapid Spin|[of] p2a: Nah I'd Spin
|move|p1a: love this for you|Draining Kiss|p2a: Nah I'd Spin
|-supereffective|p2a: Nah I'd Spin
|-damage|p2a: Nah I'd Spin|21/100
|-heal|p1a: love this for you|100/100|[from] drain|[of] p2a: Nah I'd Spin
|-damage|p1a: love this for you|84/100|[from] item: Rocky Helmet|[of] p2a: Nah I'd Spin
|
|-weather|SunnyDay|[upkeep]
|-heal|p1a: love this for you|90/100|[from] item: Leftovers
|upkeep
|turn|21
|
|t:|1781316369
|move|p2a: Nah I'd Spin|Headlong Rush|p1a: love this for you
|-damage|p1a: love this for you|51/100
|-unboost|p2a: Nah I'd Spin|def|1
|-unboost|p2a: Nah I'd Spin|spd|1
|move|p1a: love this for you|Psychic Noise|p2a: Nah I'd Spin
|-supereffective|p2a: Nah I'd Spin
|-damage|p2a: Nah I'd Spin|0 fnt
|faint|p2a: Nah I'd Spin
|-end|p2a: Nah I'd Spin|Protosynthesis|[silent]
|
|-weather|SunnyDay|[upkeep]
|-heal|p1a: love this for you|57/100|[from] item: Leftovers
|upkeep
|
|t:|1781316373
|switch|p2a: Flowey|Venusaur, M|51/100
|turn|22
|l| ketbreezy
|
|t:|1781316386
|switch|p1a: calm down bro|Toxapex, M|100/100
|-terastallize|p2a: Flowey|Fire
|move|p2a: Flowey|Weather Ball|p1a: calm down bro
|-resisted|p1a: calm down bro
|-damage|p1a: calm down bro|74/100
|
|-weather|SunnyDay|[upkeep]
|-heal|p1a: calm down bro|80/100|[from] item: Leftovers
|upkeep
|turn|23
|c|☆moth ily|gg
|-message|moth ily forfeited.
|
|win|HO Only Bitch
|raw|HO Only Bitch's rating: 1904 &rarr; <strong>1924</strong><br />(+20 for winning)
|raw|moth ily's rating: 1903 &rarr; <strong>1883</strong><br />(-20 for losing)
|l|☆moth ily
|player|p2|
|l|☆HO Only Bitch
|player|p1|
