|j|☆Dillnchill
|j|☆Drakolise
|t:|1781410824
|gametype|singles
|player|p1|Dillnchill|roxie|1605
|player|p2|Drakolise|anabel|1569
|gen|9
|tier|[Gen 9] OU
|rated|
|rule|HP Percentage Mod: HP is shown in percentages
|rule|Endless Battle Clause: Forcing endless battles is banned
|rule|Species Clause: Limit one of each Pokémon
|rule|OHKO Clause: OHKO moves are banned
|rule|Evasion Items Clause: Evasion items are banned
|rule|Evasion Moves Clause: Evasion moves are banned
|rule|Evasion Abilities Clause: Evasion abilities are banned
|rule|Sleep Moves Clause: Sleep-inducing moves are banned
|clearpoke
|poke|p1|Great Tusk|
|poke|p1|Corviknight, M|
|poke|p1|Clefable, F|
|poke|p1|Dragapult, M|
|poke|p1|Samurott-Hisui, M|
|poke|p1|Slowking-Galar, M|
|poke|p2|Great Tusk|
|poke|p2|Cinderace, F|
|poke|p2|Kyurem|
|poke|p2|Hatterene, F|
|poke|p2|Gholdengo|
|poke|p2|Salamence, F|
|teampreview
|inactive|Battle timer is ON: inactive players will automatically lose when time's up. (requested by Drakolise)
|
|t:|1781410836
|teamsize|p1|6
|teamsize|p2|6
|start
|switch|p1a: Dragapult|Dragapult, M, shiny|100/100
|switch|p2a: Kyurem|Kyurem, shiny|100/100
|-ability|p2a: Kyurem|Pressure
|turn|1
|
|t:|1781410843
|move|p1a: Dragapult|U-turn|p2a: Kyurem
|-damage|p2a: Kyurem|85/100
|
|t:|1781410847
|switch|p1a: Clefable|Clefable, F|100/100|[from] U-turn
|move|p2a: Kyurem|Ice Beam|p1a: Clefable
|-damage|p1a: Clefable|49/100
|
|-heal|p1a: Clefable|55/100|[from] item: Leftovers
|upkeep
|turn|2
|
|t:|1781410854
|move|p2a: Kyurem|Ice Beam|p1a: Clefable
|-damage|p1a: Clefable|10/100
|move|p1a: Clefable|Knock Off|p2a: Kyurem
|-damage|p2a: Kyurem|71/100
|-enditem|p2a: Kyurem|Assault Vest|[from] move: Knock Off|[of] p1a: Clefable
|
|-heal|p1a: Clefable|16/100|[from] item: Leftovers
|upkeep
|turn|3
|
|t:|1781410862
|switch|p1a: Slowking|Slowking-Galar, M|100/100
|move|p2a: Kyurem|Freeze-Dry|p1a: Slowking
|-damage|p1a: Slowking|79/100
|
|upkeep
|turn|4
|
|t:|1781410868
|move|p2a: Kyurem|Earth Power|p1a: Slowking
|-supereffective|p1a: Slowking
|-damage|p1a: Slowking|40/100
|move|p1a: Slowking|Sludge Bomb|p2a: Kyurem
|-damage|p2a: Kyurem|32/100
|
|upkeep
|turn|5
|
|t:|1781410885
|move|p2a: Kyurem|Draco Meteor|p1a: Slowking
|-damage|p1a: Slowking|1/100
|-unboost|p2a: Kyurem|spa|2
|move|p1a: Slowking|Flamethrower|p2a: Kyurem
|-damage|p2a: Kyurem|5/100
|
|upkeep
|turn|6
|
|t:|1781410891
|switch|p2a: Cinderace|Cinderace, F, shiny|100/100
|switch|p1a: Clefable|Clefable, F|16/100
|
|-heal|p1a: Clefable|22/100|[from] item: Leftovers
|upkeep
|turn|7
|
|t:|1781410903
|move|p2a: Cinderace|U-turn|p1a: Clefable
|-start|p2a: Cinderace|typechange|Bug|[from] ability: Libero
|-resisted|p1a: Clefable
|-damage|p1a: Clefable|5/100
|
|t:|1781410907
|switch|p2a: Gholdengo|Gholdengo, shiny|100/100|[from] U-turn
|move|p1a: Clefable|Stealth Rock|p2a: Gholdengo
|-sidestart|p2: Drakolise|move: Stealth Rock
|
|-heal|p1a: Clefable|11/100|[from] item: Leftovers
|upkeep
|turn|8
|
|t:|1781410912
|move|p2a: Gholdengo|Focus Blast|p1a: Clefable
|-resisted|p1a: Clefable
|-damage|p1a: Clefable|0 fnt
|faint|p1a: Clefable
|
|upkeep
|
|t:|1781410921
|switch|p1a: Dragapult|Dragapult, M, shiny|100/100
|turn|9
|
|t:|1781410927
|switch|p2a: Kyurem|Kyurem, shiny|5/100
|-damage|p2a: Kyurem|0 fnt|[from] Stealth Rock
|faint|p2a: Kyurem
|move|p1a: Dragapult|Shadow Ball|p2: Kyurem|[notarget]
|-fail|p1a: Dragapult
|
|upkeep
|
|t:|1781410933
|switch|p2a: Hatterene|Hatterene, F, shiny|100/100
|-damage|p2a: Hatterene|88/100|[from] Stealth Rock
|turn|10
|
|t:|1781410944
|switch|p1a: Samurott|Samurott-Hisui, M|100/100
|move|p2a: Hatterene|Nuzzle|p1a: Samurott
|-supereffective|p1a: Samurott
|-damage|p1a: Samurott|92/100
|-status|p1a: Samurott|par
|
|upkeep
|turn|11
|
|t:|1781410948
|move|p1a: Samurott|Razor Shell|p2a: Hatterene
|-damage|p2a: Hatterene|45/100
|-unboost|p2a: Hatterene|def|1
|-damage|p1a: Samurott|76/100 par|[from] item: Rocky Helmet|[of] p2a: Hatterene
|move|p2a: Hatterene|Draining Kiss|p1a: Samurott
|-supereffective|p1a: Samurott
|-damage|p1a: Samurott|40/100 par
|-heal|p2a: Hatterene|78/100|[from] drain|[of] p1a: Samurott
|
|upkeep
|turn|12
|
|t:|1781410961
|cant|p1a: Samurott|par
|move|p2a: Hatterene|Nuzzle|p1a: Samurott
|-supereffective|p1a: Samurott
|-damage|p1a: Samurott|31/100 par
|
|upkeep
|turn|13
|
|t:|1781410963
|move|p1a: Samurott|Ceaseless Edge|p2a: Hatterene
|-damage|p2a: Hatterene|26/100
|-damage|p1a: Samurott|15/100 par|[from] item: Rocky Helmet|[of] p2a: Hatterene
|-sidestart|p2: Drakolise|Spikes
|move|p2a: Hatterene|Draining Kiss|p1a: Samurott
|-supereffective|p1a: Samurott
|-damage|p1a: Samurott|0 fnt
|-heal|p2a: Hatterene|39/100|[from] drain|[of] p1a: Samurott
|faint|p1a: Samurott
|
|upkeep
|
|t:|1781410972
|switch|p1a: Dragapult|Dragapult, M, shiny|100/100
|turn|14
|
|t:|1781410974
|move|p1a: Dragapult|Shadow Ball|p2a: Hatterene
|-supereffective|p2a: Hatterene
|-damage|p2a: Hatterene|0 fnt
|faint|p2a: Hatterene
|
|upkeep
|
|t:|1781410979
|switch|p2a: Great Tusk|Great Tusk|100/100
|-damage|p2a: Great Tusk|98/100|[from] Stealth Rock
|-damage|p2a: Great Tusk|85/100|[from] Spikes
|-enditem|p2a: Great Tusk|Booster Energy
|-activate|p2a: Great Tusk|ability: Protosynthesis|[fromitem]
|-start|p2a: Great Tusk|protosynthesisatk
|turn|15
|
|t:|1781410990
|-terastallize|p1a: Dragapult|Ghost
|move|p1a: Dragapult|Shadow Ball|p2a: Great Tusk
|-damage|p2a: Great Tusk|0 fnt
|faint|p2a: Great Tusk
|-end|p2a: Great Tusk|Protosynthesis|[silent]
|
|upkeep
|
|t:|1781410997
|switch|p2a: Salamence|Salamence, F|100/100
|turn|16
|
|t:|1781411004
|switch|p2a: Cinderace|Cinderace, F, shiny|100/100
|-damage|p2a: Cinderace|76/100|[from] Stealth Rock
|-damage|p2a: Cinderace|63/100|[from] Spikes
|move|p1a: Dragapult|Shadow Ball|p2a: Cinderace
|-damage|p2a: Cinderace|0 fnt
|faint|p2a: Cinderace
|
|upkeep
|
|t:|1781411008
|switch|p2a: Gholdengo|Gholdengo, shiny|100/100
|-damage|p2a: Gholdengo|94/100|[from] Stealth Rock
|-damage|p2a: Gholdengo|82/100|[from] Spikes
|turn|17
|
|t:|1781411011
|switch|p1a: Slowking|Slowking-Galar, M|34/100
|move|p2a: Gholdengo|Shadow Ball|p1a: Slowking
|-supereffective|p1a: Slowking
|-damage|p1a: Slowking|0 fnt
|faint|p1a: Slowking
|
|upkeep
|
|t:|1781411021
|switch|p1a: Great Tusk|Great Tusk|100/100
|turn|18
|
|t:|1781411026
|switch|p2a: Salamence|Salamence, F|100/100
|move|p1a: Great Tusk|Ice Spinner|p2a: Salamence
|-supereffective|p2a: Salamence
|-damage|p2a: Salamence|0 fnt
|faint|p2a: Salamence
|
|upkeep
|
|t:|1781411029
|switch|p2a: Gholdengo|Gholdengo, shiny|82/100
|-damage|p2a: Gholdengo|76/100|[from] Stealth Rock
|-damage|p2a: Gholdengo|64/100|[from] Spikes
|turn|19
|
|t:|1781411035
|move|p2a: Gholdengo|Shadow Ball|p1a: Great Tusk
|-damage|p1a: Great Tusk|33/100
|move|p1a: Great Tusk|Headlong Rush|p2a: Gholdengo
|-supereffective|p2a: Gholdengo
|-damage|p2a: Gholdengo|0 fnt
|-unboost|p1a: Great Tusk|def|1
|-unboost|p1a: Great Tusk|spd|1
|faint|p2a: Gholdengo
|
|win|Dillnchill
|raw|Dillnchill's rating: 1605 &rarr; <strong>1623</strong><br />(+18 for winning)
|raw|Drakolise's rating: 1569 &rarr; <strong>1551</strong><br />(-18 for losing)
|l|☆Drakolise
|player|p2|
|l|☆Dillnchill
|player|p1|
