|j|☆lolcano46
|j|‽losts0ulsmc
|t:|1781131748
|gametype|singles
|player|p1|lolcano46|fisherman-gen4|1620
|player|p2|losts0ulsmc|2|1750
|gen|9
|tier|[Gen 9] OU
|rated|
|rule|HP Percentage Mod: HP is shown in percentages
|rule|Endless Battle Clause: Forcing endless battles is banned
|rule|Species Clause: Limit one of each Pokémon
|rule|OHKO Clause: OHKO moves are banned
|rule|Evasion Items Clause: Evasion items are banned
|rule|Evasion Moves Clause: Evasion moves are banned
|rule|Evasion Abilities Clause: Evasion abilities are banned
|rule|Sleep Moves Clause: Sleep-inducing moves are banned
|clearpoke
|poke|p1|Azelf|
|poke|p1|Ogerpon-Wellspring, F|
|poke|p1|Scizor, F|
|poke|p1|Gengar, M|
|poke|p1|Raging Bolt|
|poke|p1|Cinderace, M|
|poke|p2|Kingambit, M|
|poke|p2|Samurott-Hisui, F|
|poke|p2|Great Tusk|
|poke|p2|Iron Valiant|
|poke|p2|Gholdengo|
|poke|p2|Landorus-Therian, M|
|teampreview
|inactive|Battle timer is ON: inactive players will automatically lose when time's up. (requested by lolcano46)
|inactive|losts0ulsmc also wants the timer to be on.
|
|t:|1781131754
|teamsize|p1|6
|teamsize|p2|6
|start
|switch|p1a: Azelf|Azelf|100/100
|switch|p2a: Samurott|Samurott-Hisui, F, shiny|100/100
|turn|1
|
|t:|1781131759
|-terastallize|p1a: Azelf|Fairy
|move|p2a: Samurott|Ceaseless Edge|p1a: Azelf
|-resisted|p1a: Azelf
|-damage|p1a: Azelf|74/100
|-sidestart|p1: lolcano46|Spikes
|move|p1a: Azelf|Dazzling Gleam|p2a: Samurott
|-supereffective|p2a: Samurott
|-damage|p2a: Samurott|0 fnt
|faint|p2a: Samurott
|
|upkeep
|
|t:|1781131765
|switch|p2a: Gholdengo|Gholdengo|100/100
|turn|2
|j| pulture
|
|t:|1781131768
|switch|p1a: Cinderace|Cinderace, M|100/100
|move|p2a: Gholdengo|Shadow Ball|p1a: Cinderace
|-damage|p1a: Cinderace|10/100
|
|upkeep
|turn|3
|
|t:|1781131771
|switch|p2a: Landorus|Landorus-Therian, M, shiny|100/100
|-ability|p2a: Landorus|Intimidate|boost
|-unboost|p1a: Cinderace|atk|1
|move|p1a: Cinderace|Sucker Punch||[still]
|-fail|p1a: Cinderace
|
|upkeep
|turn|4
|
|t:|1781131774
|move|p1a: Cinderace|Will-O-Wisp|p2a: Landorus
|-status|p2a: Landorus|brn
|move|p2a: Landorus|U-turn|p1a: Cinderace
|-resisted|p1a: Cinderace
|-damage|p1a: Cinderace|0 fnt
|faint|p1a: Cinderace
|
|t:|1781131779
|switch|p2a: Kingambit|Kingambit, M, shiny|100/100|[from] U-turn
|-activate|p2a: Kingambit|ability: Supreme Overlord
|-start|p2a: Kingambit|fallen1|[silent]
|
|upkeep
|
|t:|1781131782
|switch|p1a: Raging Bolt|Raging Bolt|100/100
|-damage|p1a: Raging Bolt|88/100|[from] Spikes
|-enditem|p1a: Raging Bolt|Booster Energy
|-activate|p1a: Raging Bolt|ability: Protosynthesis|[fromitem]
|-start|p1a: Raging Bolt|protosynthesisspa
|turn|5
|
|t:|1781131786
|move|p1a: Raging Bolt|Dragon Pulse|p2a: Kingambit
|-resisted|p2a: Kingambit
|-damage|p2a: Kingambit|71/100
|move|p2a: Kingambit|Kowtow Cleave|p1a: Raging Bolt
|-damage|p1a: Raging Bolt|36/100
|
|-heal|p2a: Kingambit|77/100|[from] item: Leftovers
|upkeep
|turn|6
|
|t:|1781131793
|-end|p2a: Kingambit|fallen1|[silent]
|switch|p2a: Landorus|Landorus-Therian, M, shiny|100/100 brn
|-ability|p2a: Landorus|Intimidate|boost
|-unboost|p1a: Raging Bolt|atk|1
|move|p1a: Raging Bolt|Thunderbolt|p2a: Landorus
|-immune|p2a: Landorus
|
|-damage|p2a: Landorus|95/100 brn|[from] brn
|upkeep
|turn|7
|
|t:|1781131798
|-end|p1a: Raging Bolt|Protosynthesis|[silent]
|switch|p1a: Azelf|Azelf, tera:Fairy|74/100
|move|p2a: Landorus|Earthquake|p1a: Azelf
|-immune|p1a: Azelf|[from] ability: Levitate
|
|-damage|p2a: Landorus|89/100 brn|[from] brn
|upkeep
|turn|8
|
|t:|1781131801
|move|p1a: Azelf|Mystical Power|p2a: Landorus
|-damage|p2a: Landorus|46/100 brn
|-boost|p1a: Azelf|spa|1
|move|p2a: Landorus|Stealth Rock|p1a: Azelf
|-sidestart|p1: lolcano46|move: Stealth Rock
|
|-damage|p2a: Landorus|40/100 brn|[from] brn
|upkeep
|turn|9
|
|t:|1781131809
|move|p1a: Azelf|Flamethrower|p2a: Landorus
|-damage|p2a: Landorus|0 fnt
|faint|p2a: Landorus
|
|upkeep
|
|t:|1781131822
|switch|p2a: Iron Valiant|Iron Valiant, shiny|100/100
|-enditem|p2a: Iron Valiant|Booster Energy
|-activate|p2a: Iron Valiant|ability: Quark Drive|[fromitem]
|-start|p2a: Iron Valiant|quarkdrivespe
|turn|10
|
|t:|1781131828
|switch|p1a: Scizor|Scizor, F|100/100
|-damage|p1a: Scizor|88/100|[from] Spikes
|-damage|p1a: Scizor|76/100|[from] Stealth Rock
|move|p2a: Iron Valiant|Moonblast|p1a: Scizor
|-resisted|p1a: Scizor
|-damage|p1a: Scizor|43/100
|
|upkeep
|turn|11
|
|t:|1781131831
|move|p2a: Iron Valiant|Close Combat|p1a: Scizor
|-damage|p1a: Scizor|0 fnt
|-unboost|p2a: Iron Valiant|def|1
|-unboost|p2a: Iron Valiant|spd|1
|faint|p1a: Scizor
|
|upkeep
|
|t:|1781131835
|switch|p1a: Ogerpon|Ogerpon-Wellspring, F|100/100
|-damage|p1a: Ogerpon|88/100|[from] Spikes
|-damage|p1a: Ogerpon|76/100|[from] Stealth Rock
|turn|12
|
|t:|1781131841
|move|p2a: Iron Valiant|Moonblast|p1a: Ogerpon
|-damage|p1a: Ogerpon|19/100
|move|p1a: Ogerpon|Horn Leech|p2a: Iron Valiant
|-damage|p2a: Iron Valiant|20/100
|-heal|p1a: Ogerpon|57/100|[from] drain|[of] p2a: Iron Valiant
|
|upkeep
|turn|13
|
|t:|1781131846
|move|p2a: Iron Valiant|Close Combat|p1a: Ogerpon
|-damage|p1a: Ogerpon|0 fnt
|-unboost|p2a: Iron Valiant|def|1
|-unboost|p2a: Iron Valiant|spd|1
|faint|p1a: Ogerpon
|
|upkeep
|
|t:|1781131849
|switch|p1a: Raging Bolt|Raging Bolt|36/100
|-damage|p1a: Raging Bolt|23/100|[from] Spikes
|-damage|p1a: Raging Bolt|11/100|[from] Stealth Rock
|turn|14
|
|t:|1781131852
|move|p2a: Iron Valiant|Moonblast|p1a: Raging Bolt
|-supereffective|p1a: Raging Bolt
|-damage|p1a: Raging Bolt|0 fnt
|faint|p1a: Raging Bolt
|-end|p1a: Raging Bolt|Protosynthesis|[silent]
|
|upkeep
|-message|lolcano46 forfeited.
|
|win|losts0ulsmc
|raw|lolcano46's rating: 1620 &rarr; <strong>1607</strong><br />(-13 for losing)
|raw|losts0ulsmc's rating: 1750 &rarr; <strong>1763</strong><br />(+13 for winning)
|l|☆lolcano46
|player|p1|
|l|‽losts0ulsmc
|player|p2|
