|j|☆fulkttd
|j|☆Efrain.9
|t:|1781066928
|gametype|singles
|player|p1|fulkttd|102|1480
|player|p2|Efrain.9|hilbert-wonderlauncher|1538
|gen|9
|tier|[Gen 9] OU
|rated|
|rule|HP Percentage Mod: HP is shown in percentages
|rule|Endless Battle Clause: Forcing endless battles is banned
|rule|Species Clause: Limit one of each Pokémon
|rule|OHKO Clause: OHKO moves are banned
|rule|Evasion Items Clause: Evasion items are banned
|rule|Evasion Moves Clause: Evasion moves are banned
|rule|Evasion Abilities Clause: Evasion abilities are banned
|rule|Sleep Moves Clause: Sleep-inducing moves are banned
|clearpoke
|poke|p1|Ting-Lu|
|poke|p1|Samurott-Hisui, M|
|poke|p1|Zamazenta-*|
|poke|p1|Iron Treads|
|poke|p1|Gholdengo|
|poke|p1|Dragonite, M|
|poke|p2|Pelipper, F|
|poke|p2|Great Tusk|
|poke|p2|Weezing-Galar, M|
|poke|p2|Gholdengo|
|poke|p2|Raging Bolt|
|poke|p2|Ogerpon-Wellspring, F|
|teampreview
|inactive|Battle timer is ON: inactive players will automatically lose when time's up. (requested by fulkttd)
|inactive|Efrain.9 has 120 seconds left.
|
|t:|1781066982
|teamsize|p1|6
|teamsize|p2|6
|start
|switch|p1a: Ting-Lu|Ting-Lu|100/100
|switch|p2a: Ogerpon|Ogerpon-Wellspring, F|100/100
|-ability|p1a: Ting-Lu|Vessel of Ruin
|turn|1
|
|t:|1781066990
|move|p2a: Ogerpon|Horn Leech|p1a: Ting-Lu
|-supereffective|p1a: Ting-Lu
|-damage|p1a: Ting-Lu|52/100
|-enditem|p1a: Ting-Lu|Weakness Policy
|-boost|p1a: Ting-Lu|atk|2|[from] item: Weakness Policy
|-boost|p1a: Ting-Lu|spa|2|[from] item: Weakness Policy
|move|p1a: Ting-Lu|Payback|p2a: Ogerpon
|-damage|p2a: Ogerpon|0 fnt
|faint|p2a: Ogerpon
|
|upkeep
|
|t:|1781067015
|switch|p2a: Pelipper|Pelipper, F|100/100
|-weather|RainDance|[from] ability: Drizzle|[of] p2a: Pelipper
|turn|2
|
|t:|1781067024
|move|p2a: Pelipper|Weather Ball|p1a: Ting-Lu
|-supereffective|p1a: Ting-Lu
|-damage|p1a: Ting-Lu|0 fnt
|faint|p1a: Ting-Lu
|
|-weather|RainDance|[upkeep]
|upkeep
|
|t:|1781067032
|switch|p1a: Samurott|Samurott-Hisui, M|100/100
|turn|3
|
|t:|1781067040
|move|p1a: Samurott|Ceaseless Edge|p2a: Pelipper
|-damage|p2a: Pelipper|51/100
|-sidestart|p2: Efrain.9|Spikes
|-damage|p1a: Samurott|91/100|[from] item: Life Orb
|move|p2a: Pelipper|U-turn|p1a: Samurott
|-supereffective|p1a: Samurott
|-damage|p1a: Samurott|68/100
|
|t:|1781067061
|switch|p2a: Raging Bolt|Raging Bolt|100/100|[from] U-turn
|-damage|p2a: Raging Bolt|88/100|[from] Spikes
|
|-weather|RainDance|[upkeep]
|upkeep
|turn|4
|
|t:|1781067067
|switch|p1a: Iron Treads|Iron Treads|100/100
|move|p2a: Raging Bolt|Volt Switch|p1a: Iron Treads
|-immune|p1a: Iron Treads
|
|-weather|RainDance|[upkeep]
|upkeep
|turn|5
|
|t:|1781067076
|-end|p2a: Raging Bolt|Protosynthesis|[silent]
|switch|p2a: Weezing|Weezing-Galar, M|100/100
|move|p1a: Iron Treads|Ice Spinner|p2a: Weezing
|-damage|p2a: Weezing|83/100
|
|-weather|RainDance|[upkeep]
|-heal|p2a: Weezing|89/100|[from] item: Leftovers
|upkeep
|turn|6
|inactive|Efrain.9 has 120 seconds left.
|
|t:|1781067119
|move|p1a: Iron Treads|Heavy Slam|p2a: Weezing
|-supereffective|p2a: Weezing
|-damage|p2a: Weezing|7/100
|move|p2a: Weezing|Will-O-Wisp|p1a: Iron Treads
|-status|p1a: Iron Treads|brn
|
|-weather|none
|-heal|p2a: Weezing|13/100|[from] item: Leftovers
|-damage|p1a: Iron Treads|94/100 brn|[from] brn
|upkeep
|turn|7
|
|t:|1781067134
|-end|p1a: Iron Treads|Quark Drive|[silent]
|switch|p1a: Samurott|Samurott-Hisui, M|68/100
|switch|p2a: Pelipper|Pelipper, F|51/100
|-weather|RainDance|[from] ability: Drizzle|[of] p2a: Pelipper
|
|-weather|RainDance|[upkeep]
|upkeep
|turn|8
|
|t:|1781067142
|move|p1a: Samurott|Ceaseless Edge|p2a: Pelipper
|-damage|p2a: Pelipper|6/100
|-sidestart|p2: Efrain.9|Spikes
|-damage|p1a: Samurott|58/100|[from] item: Life Orb
|move|p2a: Pelipper|Hurricane|p1a: Samurott
|-damage|p1a: Samurott|0 fnt
|faint|p1a: Samurott
|
|-weather|RainDance|[upkeep]
|upkeep
|
|t:|1781067156
|switch|p1a: Zamazenta|Zamazenta|100/100
|-ability|p1a: Zamazenta|Dauntless Shield|boost
|-boost|p1a: Zamazenta|def|1
|turn|9
|
|t:|1781067164
|move|p1a: Zamazenta|Light Screen|p1a: Zamazenta
|-sidestart|p1: fulkttd|move: Light Screen
|move|p2a: Pelipper|Hurricane|p1a: Zamazenta
|-supereffective|p1a: Zamazenta
|-damage|p1a: Zamazenta|60/100
|
|-weather|RainDance|[upkeep]
|upkeep
|turn|10
|inactive|Efrain.9 has 120 seconds left.
|
|t:|1781067174
|move|p1a: Zamazenta|Heavy Slam|p2a: Pelipper
|-resisted|p2a: Pelipper
|-damage|p2a: Pelipper|0 fnt
|faint|p2a: Pelipper
|
|-weather|RainDance|[upkeep]
|upkeep
|
|t:|1781067194
|switch|p2a: Gholdengo|Gholdengo|100/100
|-item|p2a: Gholdengo|Air Balloon
|turn|11
|
|t:|1781067206
|move|p1a: Zamazenta|Heavy Slam|p2a: Gholdengo
|-resisted|p2a: Gholdengo
|-damage|p2a: Gholdengo|81/100
|-enditem|p2a: Gholdengo|Air Balloon
|move|p2a: Gholdengo|Substitute|p2a: Gholdengo
|-start|p2a: Gholdengo|Substitute
|-damage|p2a: Gholdengo|56/100
|
|-weather|none
|upkeep
|turn|12
|
|t:|1781067216
|switch|p1a: Iron Treads|Iron Treads|94/100 brn
|move|p2a: Gholdengo|Nasty Plot|p2a: Gholdengo
|-boost|p2a: Gholdengo|spa|2
|
|-damage|p1a: Iron Treads|88/100 brn|[from] brn
|upkeep
|turn|13
|
|t:|1781067235
|move|p1a: Iron Treads|Earthquake|p2a: Gholdengo
|-supereffective|p2a: Gholdengo
|-end|p2a: Gholdengo|Substitute
|move|p2a: Gholdengo|Shadow Ball|p1a: Iron Treads
|-damage|p1a: Iron Treads|42/100 brn
|
|-damage|p1a: Iron Treads|35/100 brn|[from] brn
|upkeep
|turn|14
|inactive|Efrain.9 has 90 seconds left.
|
|t:|1781067262
|switch|p2a: Weezing|Weezing-Galar, M|13/100
|move|p1a: Iron Treads|Earthquake|p2a: Weezing
|-immune|p2a: Weezing|[from] ability: Levitate
|
|-heal|p2a: Weezing|19/100|[from] item: Leftovers
|-damage|p1a: Iron Treads|29/100 brn|[from] brn
|upkeep
|turn|15
|
|t:|1781067270
|move|p1a: Iron Treads|Heavy Slam|p2a: Weezing
|-supereffective|p2a: Weezing
|-damage|p2a: Weezing|0 fnt
|faint|p2a: Weezing
|
|-damage|p1a: Iron Treads|23/100 brn|[from] brn
|upkeep
|
|t:|1781067279
|switch|p2a: Great Tusk|Great Tusk|100/100
|-damage|p2a: Great Tusk|84/100|[from] Spikes
|turn|16
|
|t:|1781067283
|-end|p1a: Iron Treads|Quark Drive|[silent]
|switch|p1a: Gholdengo|Gholdengo|100/100
|move|p2a: Great Tusk|Stealth Rock|p1a: Gholdengo
|-sidestart|p1: fulkttd|move: Stealth Rock
|
|-sideend|p1: fulkttd|move: Light Screen
|upkeep
|turn|17
|
|t:|1781067296
|-end|p2a: Great Tusk|Protosynthesis|[silent]
|switch|p2a: Gholdengo|Gholdengo|56/100
|-damage|p2a: Gholdengo|40/100|[from] Spikes
|-terastallize|p1a: Gholdengo|Flying
|move|p1a: Gholdengo|Make It Rain|p2a: Gholdengo
|-resisted|p2a: Gholdengo
|-damage|p2a: Gholdengo|8/100
|-unboost|p1a: Gholdengo|spa|1
|
|upkeep
|turn|18
|
|t:|1781067306
|move|p1a: Gholdengo|Shadow Ball|p2a: Gholdengo
|-supereffective|p2a: Gholdengo
|-damage|p2a: Gholdengo|0 fnt
|faint|p2a: Gholdengo
|
|upkeep
|
|t:|1781067314
|switch|p2a: Raging Bolt|Raging Bolt|88/100
|-damage|p2a: Raging Bolt|72/100|[from] Spikes
|turn|19
|
|t:|1781067320
|switch|p1a: Iron Treads|Iron Treads|23/100 brn
|-damage|p1a: Iron Treads|20/100 brn|[from] Stealth Rock
|move|p2a: Raging Bolt|Draco Meteor|p1a: Iron Treads
|-resisted|p1a: Iron Treads
|-damage|p1a: Iron Treads|0 fnt
|-unboost|p2a: Raging Bolt|spa|2
|faint|p1a: Iron Treads
|-end|p1a: Iron Treads|Quark Drive|[silent]
|
|upkeep
|
|t:|1781067325
|switch|p1a: Zamazenta|Zamazenta|60/100
|-damage|p1a: Zamazenta|54/100|[from] Stealth Rock
|turn|20
|
|t:|1781067333
|move|p1a: Zamazenta|Light Screen|p1a: Zamazenta
|-sidestart|p1: fulkttd|move: Light Screen
|move|p2a: Raging Bolt|Draco Meteor|p1a: Zamazenta
|-damage|p1a: Zamazenta|28/100
|-unboost|p2a: Raging Bolt|spa|2
|
|upkeep
|turn|21
|
|t:|1781067340
|-end|p2a: Raging Bolt|Protosynthesis|[silent]
|switch|p2a: Great Tusk|Great Tusk|84/100
|-damage|p2a: Great Tusk|67/100|[from] Spikes
|move|p1a: Zamazenta|Close Combat|p2a: Great Tusk
|-damage|p2a: Great Tusk|24/100
|-unboost|p1a: Zamazenta|def|1
|-unboost|p1a: Zamazenta|spd|1
|
|upkeep
|turn|22
|
|t:|1781067349
|move|p1a: Zamazenta|Close Combat|p2a: Great Tusk
|-damage|p2a: Great Tusk|0 fnt
|-unboost|p1a: Zamazenta|def|1
|-unboost|p1a: Zamazenta|spd|1
|faint|p2a: Great Tusk
|-end|p2a: Great Tusk|Protosynthesis|[silent]
|
|upkeep
|
|t:|1781067359
|switch|p2a: Raging Bolt|Raging Bolt|72/100
|-damage|p2a: Raging Bolt|55/100|[from] Spikes
|turn|23
|
|t:|1781067363
|move|p2a: Raging Bolt|Thunderclap|p1a: Zamazenta
|-damage|p1a: Zamazenta|0 fnt
|faint|p1a: Zamazenta
|
|upkeep
|
|t:|1781067367
|switch|p1a: Dragonite|Dragonite, M|100/100
|-damage|p1a: Dragonite|76/100|[from] Stealth Rock
|turn|24
|
|t:|1781067373
|-terastallize|p2a: Raging Bolt|Fairy
|move|p2a: Raging Bolt|Thunderclap|p1a: Dragonite
|-damage|p1a: Dragonite|42/100
|move|p1a: Dragonite|Earthquake|p2a: Raging Bolt
|-crit|p2a: Raging Bolt
|-damage|p2a: Raging Bolt|1/100
|
|upkeep
|turn|25
|
|t:|1781067380
|move|p1a: Dragonite|Extreme Speed|p2a: Raging Bolt
|-damage|p2a: Raging Bolt|0 fnt
|faint|p2a: Raging Bolt
|-end|p2a: Raging Bolt|Protosynthesis|[silent]
|
|win|fulkttd
|raw|fulkttd's rating: 1480 &rarr; <strong>1503</strong><br />(+23 for winning)
|raw|Efrain.9's rating: 1538 &rarr; <strong>1515</strong><br />(-23 for losing)
|l|☆Efrain.9
|player|p2|
|l|☆fulkttd
|player|p1|
