|j|☆Slashutu
|j|☆Glimpse Man
|t:|1781138973
|gametype|singles
|player|p1|Slashutu|170|1577
|player|p2|Glimpse Man|acetrainer-gen4dp|1536
|gen|9
|tier|[Gen 9] OU
|rated|
|rule|HP Percentage Mod: HP is shown in percentages
|rule|Endless Battle Clause: Forcing endless battles is banned
|rule|Species Clause: Limit one of each Pokémon
|rule|OHKO Clause: OHKO moves are banned
|rule|Evasion Items Clause: Evasion items are banned
|rule|Evasion Moves Clause: Evasion moves are banned
|rule|Evasion Abilities Clause: Evasion abilities are banned
|rule|Sleep Moves Clause: Sleep-inducing moves are banned
|clearpoke
|poke|p1|Ting-Lu|
|poke|p1|Gliscor, F|
|poke|p1|Sinistcha-Masterpiece|
|poke|p1|Keldeo|
|poke|p1|Tinkaton, F|
|poke|p1|Dragonite, F|
|poke|p2|Great Tusk|
|poke|p2|Samurott-Hisui, F|
|poke|p2|Gholdengo|
|poke|p2|Zamazenta-*|
|poke|p2|Iron Valiant|
|poke|p2|Talonflame, F|
|teampreview
|inactive|Battle timer is ON: inactive players will automatically lose when time's up. (requested by Glimpse Man)
|
|t:|1781138988
|teamsize|p1|6
|teamsize|p2|6
|start
|switch|p1a: Tinkki Minaj|Tinkaton, F|100/100
|switch|p2a: Talonflame|Talonflame, F|100/100
|-ability|p1a: Tinkki Minaj|Mold Breaker
|-item|p1a: Tinkki Minaj|Air Balloon
|turn|1
|
|t:|1781138994
|move|p2a: Talonflame|Flamethrower|p1a: Tinkki Minaj
|-supereffective|p1a: Tinkki Minaj
|-damage|p1a: Tinkki Minaj|60/100
|-enditem|p1a: Tinkki Minaj|Air Balloon
|move|p1a: Tinkki Minaj|Thunder Wave|p2a: Talonflame
|-status|p2a: Talonflame|par
|
|upkeep
|turn|2
|
|t:|1781139000
|move|p1a: Tinkki Minaj|Stealth Rock|p2a: Talonflame
|-sidestart|p2: Glimpse Man|move: Stealth Rock
|move|p2a: Talonflame|Flamethrower|p1a: Tinkki Minaj
|-supereffective|p1a: Tinkki Minaj
|-damage|p1a: Tinkki Minaj|16/100
|
|upkeep
|turn|3
|
|t:|1781139008
|switch|p1a: Dance Armstrong|Gliscor, F|100/100
|move|p2a: Talonflame|Defog|p1a: Dance Armstrong
|-unboost|p1a: Dance Armstrong|evasion|1
|-sideend|p2: Glimpse Man|Stealth Rock|[from] move: Defog|[of] p2a: Talonflame
|
|-status|p1a: Dance Armstrong|tox|[from] item: Toxic Orb
|upkeep
|turn|4
|
|t:|1781139011
|move|p1a: Dance Armstrong|Knock Off|p2a: Talonflame
|-damage|p2a: Talonflame|75/100 par
|-enditem|p2a: Talonflame|Heavy-Duty Boots|[from] move: Knock Off|[of] p1a: Dance Armstrong
|move|p2a: Talonflame|U-turn|p1a: Dance Armstrong
|-resisted|p1a: Dance Armstrong
|-damage|p1a: Dance Armstrong|95/100 tox
|
|t:|1781139016
|switch|p2a: Samurott|Samurott-Hisui, F|100/100|[from] U-turn
|
|-heal|p1a: Dance Armstrong|100/100 tox|[from] ability: Poison Heal
|upkeep
|turn|5
|
|t:|1781139028
|switch|p1a: My Little Pwny|Keldeo|100/100
|move|p2a: Samurott|Ceaseless Edge|p1a: My Little Pwny
|-resisted|p1a: My Little Pwny
|-damage|p1a: My Little Pwny|74/100
|-ability|p1a: My Little Pwny|Justified|boost
|-boost|p1a: My Little Pwny|atk|1
|-sidestart|p1: Slashutu|Spikes
|
|upkeep
|turn|6
|
|t:|1781139035
|switch|p2a: Talonflame|Talonflame, F|75/100 par
|move|p1a: My Little Pwny|Aura Sphere|p2a: Talonflame
|-resisted|p2a: Talonflame
|-damage|p2a: Talonflame|41/100 par
|
|upkeep
|turn|7
|
|t:|1781139042
|move|p1a: My Little Pwny|Surf|p2a: Talonflame
|-supereffective|p2a: Talonflame
|-damage|p2a: Talonflame|0 fnt
|faint|p2a: Talonflame
|
|upkeep
|
|t:|1781139059
|switch|p2a: Zamazenta|Zamazenta|100/100
|-ability|p2a: Zamazenta|Dauntless Shield|boost
|-boost|p2a: Zamazenta|def|1
|turn|8
|
|t:|1781139074
|switch|p1a: Tchavis Scott|Sinistcha-Masterpiece|100/100
|move|p2a: Zamazenta|Crunch|p1a: Tchavis Scott
|-supereffective|p1a: Tchavis Scott
|-damage|p1a: Tchavis Scott|63/100
|
|upkeep
|turn|9
|
|t:|1781139079
|switch|p2a: Gholdengo|Gholdengo|100/100
|-item|p2a: Gholdengo|Air Balloon
|move|p1a: Tchavis Scott|Strength Sap|p2a: Gholdengo
|-immune|p2a: Gholdengo|[from] ability: Good as Gold
|
|upkeep
|turn|10
|
|t:|1781139084
|switch|p1a: Jarhead|Ting-Lu|100/100
|-damage|p1a: Jarhead|88/100|[from] Spikes
|-ability|p1a: Jarhead|Vessel of Ruin
|move|p2a: Gholdengo|Make It Rain|p1a: Jarhead
|-damage|p1a: Jarhead|59/100
|-unboost|p2a: Gholdengo|spa|1
|
|-heal|p1a: Jarhead|66/100|[from] item: Leftovers
|upkeep
|turn|11
|
|t:|1781139094
|switch|p2a: Samurott|Samurott-Hisui, F|100/100
|move|p1a: Jarhead|Spikes|p2a: Samurott
|-sidestart|p2: Glimpse Man|Spikes
|
|-heal|p1a: Jarhead|72/100|[from] item: Leftovers
|upkeep
|turn|12
|inactive|Slashutu has 120 seconds left.
|
|t:|1781139138
|move|p2a: Samurott|Razor Shell|p1a: Jarhead
|-supereffective|p1a: Jarhead
|-damage|p1a: Jarhead|16/100
|-unboost|p1a: Jarhead|def|1
|move|p1a: Jarhead|Ruination|p2a: Samurott
|-damage|p2a: Samurott|50/100
|
|-heal|p1a: Jarhead|22/100|[from] item: Leftovers
|upkeep
|turn|13
|
|t:|1781139149
|switch|p1a: My Little Pwny|Keldeo|74/100
|move|p2a: Samurott|Ceaseless Edge|p1a: My Little Pwny
|-resisted|p1a: My Little Pwny
|-damage|p1a: My Little Pwny|48/100
|-ability|p1a: My Little Pwny|Justified|boost
|-boost|p1a: My Little Pwny|atk|1
|-sidestart|p1: Slashutu|Spikes
|
|upkeep
|turn|14
|inactive|Slashutu has 120 seconds left.
|inactive|Slashutu has 90 seconds left.
|
|t:|1781139199
|move|p2a: Samurott|Sucker Punch|p1a: My Little Pwny
|-resisted|p1a: My Little Pwny
|-damage|p1a: My Little Pwny|29/100
|-ability|p1a: My Little Pwny|Justified|boost
|-boost|p1a: My Little Pwny|atk|1
|move|p1a: My Little Pwny|Aura Sphere|p2a: Samurott
|-supereffective|p2a: Samurott
|-damage|p2a: Samurott|0 fnt
|faint|p2a: Samurott
|
|upkeep
|inactive|Glimpse Man has 120 seconds left.
|
|t:|1781139235
|switch|p2a: Zamazenta|Zamazenta|100/100
|-damage|p2a: Zamazenta|88/100|[from] Spikes
|turn|15
|inactive|Slashutu has 90 seconds left.
|
|t:|1781139251
|switch|p1a: Dance Armstrong|Gliscor, F|100/100 tox
|move|p2a: Zamazenta|Crunch|p1a: Dance Armstrong
|-damage|p1a: Dance Armstrong|79/100 tox
|
|-heal|p2a: Zamazenta|94/100|[from] item: Leftovers
|-heal|p1a: Dance Armstrong|92/100 tox|[from] ability: Poison Heal
|upkeep
|turn|16
|inactive|Slashutu has 90 seconds left.
|
|t:|1781139260
|switch|p2a: Great Tusk|Great Tusk|100/100
|-damage|p2a: Great Tusk|88/100|[from] Spikes
|move|p1a: Dance Armstrong|Knock Off|p2a: Great Tusk
|-resisted|p2a: Great Tusk
|-damage|p2a: Great Tusk|81/100
|-enditem|p2a: Great Tusk|Leftovers|[from] move: Knock Off|[of] p1a: Dance Armstrong
|
|-heal|p1a: Dance Armstrong|100/100 tox|[from] ability: Poison Heal
|upkeep
|turn|17
|inactive|Slashutu has 90 seconds left.
|inactive|Glimpse Man has 120 seconds left.
|
|t:|1781139274
|move|p1a: Dance Armstrong|Swords Dance|p1a: Dance Armstrong
|-boost|p1a: Dance Armstrong|atk|2
|move|p2a: Great Tusk|Rapid Spin|p1a: Dance Armstrong
|-damage|p1a: Dance Armstrong|87/100 tox
|-boost|p2a: Great Tusk|spe|1
|-sideend|p2: Glimpse Man|Spikes|[from] move: Rapid Spin|[of] p2a: Great Tusk
|
|-heal|p1a: Dance Armstrong|99/100 tox|[from] ability: Poison Heal
|upkeep
|turn|18
|
|t:|1781139283
|-terastallize|p1a: Dance Armstrong|Normal
|move|p2a: Great Tusk|Bulk Up|p2a: Great Tusk
|-boost|p2a: Great Tusk|atk|1
|-boost|p2a: Great Tusk|def|1
|move|p1a: Dance Armstrong|Facade|p2a: Great Tusk
|-damage|p2a: Great Tusk|34/100
|
|-heal|p1a: Dance Armstrong|100/100 tox|[from] ability: Poison Heal
|upkeep
|turn|19
|
|t:|1781139298
|move|p2a: Great Tusk|Headlong Rush|p1a: Dance Armstrong
|-damage|p1a: Dance Armstrong|26/100 tox
|-unboost|p2a: Great Tusk|def|1
|-unboost|p2a: Great Tusk|spd|1
|move|p1a: Dance Armstrong|Facade|p2a: Great Tusk
|-damage|p2a: Great Tusk|0 fnt
|faint|p2a: Great Tusk
|-end|p2a: Great Tusk|Protosynthesis|[silent]
|
|-heal|p1a: Dance Armstrong|39/100 tox|[from] ability: Poison Heal
|upkeep
|inactive|Glimpse Man has 120 seconds left.
|
|t:|1781139311
|switch|p2a: Zamazenta|Zamazenta|94/100
|turn|20
|
|t:|1781139322
|switch|p1a: Tchavis Scott|Sinistcha-Masterpiece|63/100
|move|p2a: Zamazenta|Body Press|p1a: Tchavis Scott
|-immune|p1a: Tchavis Scott
|
|-heal|p2a: Zamazenta|100/100|[from] item: Leftovers
|upkeep
|turn|21
|
|t:|1781139330
|move|p2a: Zamazenta|Crunch|p1a: Tchavis Scott
|-supereffective|p1a: Tchavis Scott
|-damage|p1a: Tchavis Scott|26/100
|move|p1a: Tchavis Scott|Matcha Gotcha|p2a: Zamazenta|[miss]
|-miss|p1a: Tchavis Scott|p2a: Zamazenta
|
|upkeep
|turn|22
|
|t:|1781139336
|move|p2a: Zamazenta|Crunch|p1a: Tchavis Scott
|-supereffective|p1a: Tchavis Scott
|-damage|p1a: Tchavis Scott|0 fnt
|faint|p1a: Tchavis Scott
|
|upkeep
|
|t:|1781139340
|switch|p1a: Secret Service|Dragonite, F|100/100
|turn|23
|
|t:|1781139347
|move|p2a: Zamazenta|Iron Defense|p2a: Zamazenta
|-boost|p2a: Zamazenta|def|2
|move|p1a: Secret Service|Dragon Tail|p2a: Zamazenta
|-damage|p2a: Zamazenta|84/100
|drag|p2a: Iron Valiant|Iron Valiant|100/100
|-enditem|p2a: Iron Valiant|Booster Energy
|-activate|p2a: Iron Valiant|ability: Quark Drive|[fromitem]
|-start|p2a: Iron Valiant|quarkdrivespe
|
|upkeep
|turn|24
|
|t:|1781139355
|move|p2a: Iron Valiant|Swords Dance|p2a: Iron Valiant
|-boost|p2a: Iron Valiant|atk|2
|move|p1a: Secret Service|Earthquake|p2a: Iron Valiant
|-damage|p2a: Iron Valiant|53/100
|
|upkeep
|turn|25
|
|t:|1781139374
|move|p2a: Iron Valiant|Ice Punch|p1a: Secret Service
|-supereffective|p1a: Secret Service
|-damage|p1a: Secret Service|5/100
|move|p1a: Secret Service|Earthquake|p2a: Iron Valiant
|-damage|p2a: Iron Valiant|7/100
|
|upkeep
|turn|26
|
|t:|1781139382
|move|p1a: Secret Service|Extreme Speed|p2a: Iron Valiant
|-damage|p2a: Iron Valiant|0 fnt
|faint|p2a: Iron Valiant
|-end|p2a: Iron Valiant|Quark Drive|[silent]
|
|upkeep
|
|t:|1781139395
|switch|p2a: Zamazenta|Zamazenta|84/100
|turn|27
|
|t:|1781139403
|move|p1a: Secret Service|Extreme Speed|p2a: Zamazenta
|-damage|p2a: Zamazenta|56/100
|move|p2a: Zamazenta|Body Press|p1a: Secret Service
|-resisted|p1a: Secret Service
|-damage|p1a: Secret Service|0 fnt
|faint|p1a: Secret Service
|
|-heal|p2a: Zamazenta|62/100|[from] item: Leftovers
|upkeep
|-message|Slashutu forfeited.
|
|win|Glimpse Man
|raw|Slashutu's rating: 1577 &rarr; <strong>1555</strong><br />(-22 for losing)
|raw|Glimpse Man's rating: 1536 &rarr; <strong>1558</strong><br />(+22 for winning)
|l|☆Slashutu
|player|p1|
|l|☆Glimpse Man
|player|p2|
|j|☆Glimpse Man
|player|p2|Glimpse Man|acetrainer-gen4dp|
