|j|☆drqco
|j|☆wavyish
|t:|1781257864
|gametype|singles
|player|p1|drqco|volkner|1491
|player|p2|wavyish|akari|1606
|gen|9
|tier|[Gen 9] OU
|rated|
|rule|HP Percentage Mod: HP is shown in percentages
|rule|Endless Battle Clause: Forcing endless battles is banned
|rule|Species Clause: Limit one of each Pokémon
|rule|OHKO Clause: OHKO moves are banned
|rule|Evasion Items Clause: Evasion items are banned
|rule|Evasion Moves Clause: Evasion moves are banned
|rule|Evasion Abilities Clause: Evasion abilities are banned
|rule|Sleep Moves Clause: Sleep-inducing moves are banned
|clearpoke
|poke|p1|Raging Bolt|
|poke|p1|Ribombee, M|
|poke|p1|Gholdengo|
|poke|p1|Great Tusk|
|poke|p1|Ogerpon-Cornerstone, F|
|poke|p1|Ceruledge, M|
|poke|p2|Hatterene, F|
|poke|p2|Great Tusk|
|poke|p2|Tornadus-Therian, M|
|poke|p2|Kyurem|
|poke|p2|Slowking-Galar, M|
|poke|p2|Kingambit, F|
|teampreview
|
|t:|1781257881
|teamsize|p1|6
|teamsize|p2|6
|start
|switch|p1a: Ceruledge|Ceruledge, M, shiny|100/100
|switch|p2a: Slowking|Slowking-Galar, M|100/100
|turn|1
|
|t:|1781257886
|switch|p2a: Great Tusk|Great Tusk|100/100
|move|p1a: Ceruledge|Swords Dance|p1a: Ceruledge
|-boost|p1a: Ceruledge|atk|2
|
|upkeep
|turn|2
|
|t:|1781257892
|-terastallize|p1a: Ceruledge|Fairy
|move|p2a: Great Tusk|Headlong Rush|p1a: Ceruledge
|-damage|p1a: Ceruledge|29/100
|-unboost|p2a: Great Tusk|def|1
|-unboost|p2a: Great Tusk|spd|1
|-ability|p1a: Ceruledge|Weak Armor|boost
|-unboost|p1a: Ceruledge|def|1
|-boost|p1a: Ceruledge|spe|2
|move|p1a: Ceruledge|Bitter Blade|p2a: Great Tusk
|-damage|p2a: Great Tusk|0 fnt
|-heal|p1a: Ceruledge|82/100|[from] drain|[of] p2a: Great Tusk
|-damage|p1a: Ceruledge|66/100|[from] item: Rocky Helmet|[of] p2a: Great Tusk
|faint|p2a: Great Tusk
|-end|p2a: Great Tusk|Protosynthesis|[silent]
|
|upkeep
|
|t:|1781257915
|switch|p2a: Kingambit|Kingambit, F|100/100
|-activate|p2a: Kingambit|ability: Supreme Overlord
|-start|p2a: Kingambit|fallen1|[silent]
|turn|3
|
|t:|1781257918
|-terastallize|p2a: Kingambit|Ghost
|move|p1a: Ceruledge|Bitter Blade|p2a: Kingambit
|-damage|p2a: Kingambit|28/100
|-heal|p1a: Ceruledge|100/100|[from] drain|[of] p2a: Kingambit
|move|p2a: Kingambit|Iron Head|p1a: Ceruledge
|-supereffective|p1a: Ceruledge
|-damage|p1a: Ceruledge|0 fnt
|faint|p1a: Ceruledge
|
|-heal|p2a: Kingambit|34/100|[from] item: Leftovers
|upkeep
|
|t:|1781257928
|switch|p1a: Ribombee|Ribombee, M, shiny|100/100
|turn|4
|
|t:|1781257934
|-end|p2a: Kingambit|fallen1|[silent]
|switch|p2a: Hatterene|Hatterene, F|100/100
|move|p1a: Ribombee|Moonblast|p2a: Hatterene
|-damage|p2a: Hatterene|62/100
|-unboost|p2a: Hatterene|spa|1
|
|upkeep
|turn|5
|
|t:|1781257940
|switch|p2a: Slowking|Slowking-Galar, M|100/100
|move|p1a: Ribombee|Skill Swap|p2a: Slowking
|-activate|p1a: Ribombee|Skill Swap|Regenerator|Shield Dust|[of] p2a: Slowking
|
|upkeep
|turn|6
|
|t:|1781257948
|switch|p1a: Gholdengo|Gholdengo, shiny|100/100
|-item|p1a: Gholdengo|Air Balloon
|move|p2a: Slowking|Sludge Bomb|p1a: Gholdengo
|-immune|p1a: Gholdengo
|
|upkeep
|turn|7
|
|t:|1781257954
|switch|p2a: Tornadus|Tornadus-Therian, M|100/100
|move|p1a: Gholdengo|Nasty Plot|p1a: Gholdengo
|-boost|p1a: Gholdengo|spa|2
|
|upkeep
|turn|8
|
|t:|1781257960
|move|p2a: Tornadus|Knock Off|p1a: Gholdengo
|-supereffective|p1a: Gholdengo
|-damage|p1a: Gholdengo|59/100
|-enditem|p1a: Gholdengo|Air Balloon
|move|p1a: Gholdengo|Shadow Ball|p2a: Tornadus
|-damage|p2a: Tornadus|41/100
|
|upkeep
|turn|9
|
|t:|1781257975
|move|p2a: Tornadus|Heat Wave|p1a: Gholdengo
|-supereffective|p1a: Gholdengo
|-damage|p1a: Gholdengo|9/100
|move|p1a: Gholdengo|Shadow Ball|p2a: Tornadus
|-damage|p2a: Tornadus|0 fnt
|faint|p2a: Tornadus
|
|upkeep
|
|t:|1781257978
|switch|p2a: Kyurem|Kyurem|100/100
|-ability|p2a: Kyurem|Pressure
|turn|10
|
|t:|1781257984
|move|p2a: Kyurem|Ice Beam|p1a: Gholdengo
|-resisted|p1a: Gholdengo
|-damage|p1a: Gholdengo|0 fnt
|faint|p1a: Gholdengo
|
|upkeep
|
|t:|1781257988
|switch|p1a: Ribombee|Ribombee, M, shiny|100/100
|turn|11
|
|t:|1781257994
|switch|p2a: Hatterene|Hatterene, F|62/100
|move|p1a: Ribombee|Moonblast|p2a: Hatterene
|-damage|p2a: Hatterene|23/100
|-unboost|p2a: Hatterene|spa|1
|
|upkeep
|turn|12
|
|t:|1781257998
|switch|p2a: Slowking|Slowking-Galar, M|100/100
|move|p1a: Ribombee|Moonblast|p2a: Slowking
|-resisted|p2a: Slowking
|-damage|p2a: Slowking|84/100
|
|-heal|p2a: Slowking|90/100|[from] item: Black Sludge
|upkeep
|turn|13
|
|t:|1781258001
|move|p1a: Ribombee|Sticky Web|p2a: Slowking
|-sidestart|p2: wavyish|move: Sticky Web
|move|p2a: Slowking|Sludge Bomb|p1a: Ribombee
|-supereffective|p1a: Ribombee
|-enditem|p1a: Ribombee|Focus Sash
|-damage|p1a: Ribombee|1/100
|
|-heal|p2a: Slowking|96/100|[from] item: Black Sludge
|upkeep
|turn|14
|
|t:|1781258008
|move|p1a: Ribombee|Stun Spore|p2a: Slowking
|-status|p2a: Slowking|par
|cant|p2a: Slowking|par
|
|-heal|p2a: Slowking|100/100 par|[from] item: Black Sludge
|upkeep
|turn|15
|
|t:|1781258012
|move|p1a: Ribombee|Moonblast|p2a: Slowking
|-resisted|p2a: Slowking
|-damage|p2a: Slowking|85/100 par
|cant|p2a: Slowking|par
|
|-heal|p2a: Slowking|92/100 par|[from] item: Black Sludge
|upkeep
|turn|16
|
|t:|1781258016
|move|p1a: Ribombee|Moonblast|p2a: Slowking
|-resisted|p2a: Slowking
|-damage|p2a: Slowking|77/100 par
|move|p2a: Slowking|Future Sight|p1a: Ribombee
|-start|p2a: Slowking|move: Future Sight
|
|-heal|p2a: Slowking|83/100 par|[from] item: Black Sludge
|upkeep
|turn|17
|
|t:|1781258023
|move|p1a: Ribombee|Moonblast|p2a: Slowking
|-resisted|p2a: Slowking
|-damage|p2a: Slowking|68/100 par
|cant|p2a: Slowking|par
|
|-heal|p2a: Slowking|74/100 par|[from] item: Black Sludge
|upkeep
|turn|18
|
|t:|1781258028
|move|p1a: Ribombee|Moonblast|p2a: Slowking
|-resisted|p2a: Slowking
|-damage|p2a: Slowking|59/100 par
|-unboost|p2a: Slowking|spa|1
|-prepare|p2a: Slowking|Chilly Reception|[premajor]
|move|p2a: Slowking|Chilly Reception|p2a: Slowking
|-weather|Snowscape
|
|t:|1781258035
|switch|p2a: Kyurem|Kyurem|100/100|[from] Chilly Reception
|-activate|p2a: Kyurem|move: Sticky Web
|-unboost|p2a: Kyurem|spe|1
|-ability|p2a: Kyurem|Pressure
|
|-weather|Snowscape|[upkeep]
|-end|p1a: Ribombee|move: Future Sight
|-damage|p1a: Ribombee|0 fnt
|faint|p1a: Ribombee
|upkeep
|
|t:|1781258041
|switch|p1a: Raging Bolt|Raging Bolt|100/100
|-enditem|p1a: Raging Bolt|Booster Energy
|-activate|p1a: Raging Bolt|ability: Protosynthesis|[fromitem]
|-start|p1a: Raging Bolt|protosynthesisspa
|turn|19
|
|t:|1781258046
|switch|p2a: Slowking|Slowking-Galar, M|92/100 par
|-activate|p2a: Slowking|move: Sticky Web
|-unboost|p2a: Slowking|spe|1
|move|p1a: Raging Bolt|Dragon Pulse|p2a: Slowking
|-damage|p2a: Slowking|39/100 par
|
|-weather|Snowscape|[upkeep]
|-heal|p2a: Slowking|45/100 par|[from] item: Black Sludge
|upkeep
|turn|20
|-message|wavyish forfeited.
|
|win|drqco
|raw|drqco's rating: 1491 &rarr; <strong>1517</strong><br />(+26 for winning)
|raw|wavyish's rating: 1606 &rarr; <strong>1580</strong><br />(-26 for losing)
|l|☆wavyish
|player|p2|
|l|☆drqco
|player|p1|
