|j|☆bigguy916
|j|☆texett
|t:|1781488562
|gametype|singles
|player|p1|bigguy916|unknownf|1574
|player|p2|texett|jasmine|1594
|gen|9
|tier|[Gen 9] OU
|rated|
|rule|HP Percentage Mod: HP is shown in percentages
|rule|Endless Battle Clause: Forcing endless battles is banned
|rule|Species Clause: Limit one of each Pokémon
|rule|OHKO Clause: OHKO moves are banned
|rule|Evasion Items Clause: Evasion items are banned
|rule|Evasion Moves Clause: Evasion moves are banned
|rule|Evasion Abilities Clause: Evasion abilities are banned
|rule|Sleep Moves Clause: Sleep-inducing moves are banned
|clearpoke
|poke|p1|Torterra, M|
|poke|p1|Glimmora, F|
|poke|p1|Iron Moth|
|poke|p1|Dragonite, M|
|poke|p1|Kingambit, M|
|poke|p1|Walking Wake|
|poke|p2|Torkoal, M|
|poke|p2|Great Tusk|
|poke|p2|Hatterene, F|
|poke|p2|Arboliva, M|
|poke|p2|Indeedee, M|
|poke|p2|Greninja-*, M|
|teampreview
|inactive|Battle timer is ON: inactive players will automatically lose when time's up. (requested by texett)
|inactive|bigguy916 also wants the timer to be on.
|inactive|bigguy916 has 120 seconds left.
|inactive|bigguy916 has 90 seconds left.
|inactive|bigguy916 has 60 seconds left.
|
|t:|1781488663
|teamsize|p1|6
|teamsize|p2|6
|start
|switch|p1a: Ber|Glimmora, F|100/100
|switch|p2a: Indeedee|Indeedee, M, shiny|100/100
|-fieldstart|move: Psychic Terrain|[from] ability: Psychic Surge|[of] p2a: Indeedee
|turn|1
|inactive|bigguy916 has 120 seconds left.
|
|t:|1781488695
|move|p2a: Indeedee|Expanding Force|p1a: Ber
|-supereffective|p1a: Ber
|-enditem|p1a: Ber|Focus Sash
|-damage|p1a: Ber|1/100
|move|p1a: Ber|Mortal Spin|p2a: Indeedee
|-damage|p2a: Indeedee|89/100
|-status|p2a: Indeedee|psn
|
|-damage|p2a: Indeedee|76/100 psn|[from] psn
|upkeep
|turn|2
|
|t:|1781488700
|switch|p1a: Kingambit|Kingambit, M|100/100
|move|p2a: Indeedee|Expanding Force|p1a: Kingambit
|-immune|p1a: Kingambit
|
|-damage|p2a: Indeedee|64/100 psn|[from] psn
|upkeep
|turn|3
|
|t:|1781488709
|switch|p2a: Great Tusk|Great Tusk, shiny|100/100
|-end|p1a: Kingambit|fallenundefined|[silent]
|switch|p1a: Walking Wake|Walking Wake|100/100
|-enditem|p1a: Walking Wake|Booster Energy
|-activate|p1a: Walking Wake|ability: Protosynthesis|[fromitem]
|-start|p1a: Walking Wake|protosynthesisspa
|
|upkeep
|turn|4
|
|t:|1781488717
|-end|p2a: Great Tusk|Protosynthesis|[silent]
|switch|p2a: Arboliva|Arboliva, M, shiny|100/100
|move|p1a: Walking Wake|Surf|p2a: Arboliva
|-resisted|p2a: Arboliva
|-damage|p2a: Arboliva|66/100
|
|upkeep
|turn|5
|inactive|bigguy916 has 120 seconds left.
|
|t:|1781488731
|move|p2a: Arboliva|Endure|p2a: Arboliva
|-singleturn|p2a: Arboliva|move: Endure
|move|p1a: Walking Wake|Substitute|p1a: Walking Wake
|-start|p1a: Walking Wake|Substitute
|-damage|p1a: Walking Wake|76/100
|
|-fieldend|move: Psychic Terrain
|upkeep
|turn|6
|
|t:|1781488750
|-terastallize|p2a: Arboliva|Normal
|move|p1a: Walking Wake|Dragon Pulse|p2a: Arboliva
|-damage|p2a: Arboliva|1/100
|move|p2a: Arboliva|Flail|p1a: Walking Wake
|-end|p1a: Walking Wake|Substitute
|
|upkeep
|turn|7
|-enditem|p2a: Arboliva|Custap Berry|[eat]
|-activate|p2a: Arboliva|item: Custap Berry|[consumed]
|
|t:|1781488762
|-end|p1a: Walking Wake|Protosynthesis|[silent]
|switch|p1a: Ber|Glimmora, F|1/100
|move|p2a: Arboliva|Flail|p1a: Ber
|-resisted|p1a: Ber
|-damage|p1a: Ber|0 fnt
|-activate|p1a: Ber|ability: Toxic Debris
|-sidestart|p2: texett|move: Toxic Spikes
|faint|p1a: Ber
|
|upkeep
|
|t:|1781488767
|switch|p1a: Walking Wake|Walking Wake|76/100
|turn|8
|
|t:|1781488771
|move|p2a: Arboliva|Endure|p2a: Arboliva
|-singleturn|p2a: Arboliva|move: Endure
|move|p1a: Walking Wake|Surf|p2a: Arboliva
|-activate|p2a: Arboliva|move: Endure
|-damage|p2a: Arboliva|1/100
|
|-item|p2a: Arboliva|Custap Berry|[from] ability: Harvest
|upkeep
|turn|9
|-enditem|p2a: Arboliva|Custap Berry|[eat]
|-activate|p2a: Arboliva|item: Custap Berry|[consumed]
|
|t:|1781488792
|-end|p1a: Walking Wake|Protosynthesis|[silent]
|switch|p1a: Kingambit|Kingambit, M|100/100
|-activate|p1a: Kingambit|ability: Supreme Overlord
|-start|p1a: Kingambit|fallen1|[silent]
|move|p2a: Arboliva|Flail|p1a: Kingambit
|-resisted|p1a: Kingambit
|-damage|p1a: Kingambit|58/100
|
|upkeep
|turn|10
|
|t:|1781488799
|switch|p2a: Torkoal|Torkoal, M, shiny|100/100
|-status|p2a: Torkoal|psn
|-weather|SunnyDay|[from] ability: Drought|[of] p2a: Torkoal
|move|p1a: Kingambit|Kowtow Cleave|p2a: Torkoal
|-damage|p2a: Torkoal|72/100 psn
|
|-weather|SunnyDay|[upkeep]
|-damage|p2a: Torkoal|59/100 psn|[from] psn
|upkeep
|turn|11
|
|t:|1781488805
|-end|p1a: Kingambit|fallen1|[silent]
|switch|p1a: Walking Wake|Walking Wake|76/100
|-activate|p1a: Walking Wake|ability: Protosynthesis
|-start|p1a: Walking Wake|protosynthesisspa
|move|p2a: Torkoal|Rapid Spin|p1a: Walking Wake
|-damage|p1a: Walking Wake|65/100
|-boost|p2a: Torkoal|spe|1
|-sideend|p2: texett|Toxic Spikes|[from] move: Rapid Spin|[of] p2a: Torkoal
|
|-weather|SunnyDay|[upkeep]
|-damage|p2a: Torkoal|47/100 psn|[from] psn
|upkeep
|turn|12
|
|t:|1781488820
|switch|p2a: Indeedee|Indeedee, M, shiny|64/100 psn
|-fieldstart|move: Psychic Terrain|[from] ability: Psychic Surge|[of] p2a: Indeedee
|move|p1a: Walking Wake|Agility|p1a: Walking Wake
|-boost|p1a: Walking Wake|spe|2
|
|-weather|SunnyDay|[upkeep]
|-damage|p2a: Indeedee|52/100 psn|[from] psn
|upkeep
|turn|13
|
|t:|1781488824
|move|p1a: Walking Wake|Dragon Pulse|p2a: Indeedee
|-damage|p2a: Indeedee|0 fnt
|faint|p2a: Indeedee
|
|-weather|SunnyDay|[upkeep]
|upkeep
|
|t:|1781488827
|switch|p2a: Arboliva|Arboliva, M, shiny, tera:Normal|1/100
|turn|14
|
|t:|1781488831
|move|p1a: Walking Wake|Substitute|p1a: Walking Wake
|-start|p1a: Walking Wake|Substitute
|-damage|p1a: Walking Wake|40/100
|move|p2a: Arboliva|Flail|p1a: Walking Wake
|-crit|p1a: Walking Wake
|-end|p1a: Walking Wake|Substitute
|
|-weather|SunnyDay|[upkeep]
|-item|p2a: Arboliva|Custap Berry|[from] ability: Harvest
|upkeep
|turn|15
|-enditem|p2a: Arboliva|Custap Berry|[eat]
|-activate|p2a: Arboliva|item: Custap Berry|[consumed]
|
|t:|1781488834
|move|p2a: Arboliva|Flail|p1a: Walking Wake
|-damage|p1a: Walking Wake|0 fnt
|faint|p1a: Walking Wake
|-end|p1a: Walking Wake|Protosynthesis|[silent]
|
|-weather|SunnyDay|[upkeep]
|-item|p2a: Arboliva|Custap Berry|[from] ability: Harvest
|upkeep
|
|t:|1781488849
|switch|p1a: Dragonite|Dragonite, M|100/100
|turn|16
|-enditem|p2a: Arboliva|Custap Berry|[eat]
|-activate|p2a: Arboliva|item: Custap Berry|[consumed]
|
|t:|1781488858
|move|p1a: Dragonite|Extreme Speed|p2a: Arboliva
|-activate|p2a: Arboliva|move: Psychic Terrain
|move|p2a: Arboliva|Flail|p1a: Dragonite
|-damage|p1a: Dragonite|48/100
|
|-weather|SunnyDay|[upkeep]
|-fieldend|move: Psychic Terrain
|-item|p2a: Arboliva|Custap Berry|[from] ability: Harvest
|upkeep
|turn|17
|
|t:|1781488868
|switch|p2a: Great Tusk|Great Tusk, shiny|100/100
|-activate|p2a: Great Tusk|ability: Protosynthesis
|-start|p2a: Great Tusk|protosynthesisatk
|move|p1a: Dragonite|Extreme Speed|p2a: Great Tusk
|-damage|p2a: Great Tusk|79/100
|
|-weather|none
|-end|p2a: Great Tusk|Protosynthesis
|upkeep
|turn|18
|
|t:|1781488883
|move|p1a: Dragonite|Extreme Speed|p2a: Great Tusk
|-crit|p2a: Great Tusk
|-damage|p2a: Great Tusk|45/100
|move|p2a: Great Tusk|Rapid Spin|p1a: Dragonite
|-damage|p1a: Dragonite|22/100
|-boost|p2a: Great Tusk|spe|1
|-damage|p2a: Great Tusk|35/100|[from] item: Life Orb
|
|upkeep
|turn|19
|
|t:|1781488892
|move|p1a: Dragonite|Extreme Speed|p2a: Great Tusk
|-damage|p2a: Great Tusk|13/100
|move|p2a: Great Tusk|Rapid Spin|p1a: Dragonite
|-damage|p1a: Dragonite|0 fnt
|-boost|p2a: Great Tusk|spe|1
|faint|p1a: Dragonite
|-damage|p2a: Great Tusk|3/100|[from] item: Life Orb
|
|upkeep
|
|t:|1781488895
|switch|p1a: Kingambit|Kingambit, M|58/100
|-activate|p1a: Kingambit|ability: Supreme Overlord
|-start|p1a: Kingambit|fallen3|[silent]
|turn|20
|
|t:|1781488902
|move|p1a: Kingambit|Sucker Punch|p2a: Great Tusk
|-resisted|p2a: Great Tusk
|-damage|p2a: Great Tusk|0 fnt
|faint|p2a: Great Tusk
|-end|p2a: Great Tusk|Protosynthesis|[silent]
|
|upkeep
|
|t:|1781488905
|switch|p2a: Torkoal|Torkoal, M, shiny|47/100 psn
|-weather|SunnyDay|[from] ability: Drought|[of] p2a: Torkoal
|turn|21
|
|t:|1781488911
|-end|p1a: Kingambit|fallen3|[silent]
|switch|p1a: Be|Iron Moth|100/100
|-enditem|p1a: Be|Booster Energy
|-activate|p1a: Be|ability: Quark Drive|[fromitem]
|-start|p1a: Be|quarkdrivespa
|move|p2a: Torkoal|Stealth Rock|p1a: Be
|-sidestart|p1: bigguy916|move: Stealth Rock
|
|-weather|SunnyDay|[upkeep]
|-damage|p2a: Torkoal|35/100 psn|[from] psn
|upkeep
|turn|22
|
|t:|1781488925
|switch|p2a: Hatterene|Hatterene, F, shiny|100/100
|move|p1a: Be|Sludge Wave|p2a: Hatterene
|-supereffective|p2a: Hatterene
|-damage|p2a: Hatterene|0 fnt
|faint|p2a: Hatterene
|
|-weather|SunnyDay|[upkeep]
|upkeep
|
|t:|1781488932
|switch|p2a: Arboliva|Arboliva, M, shiny, tera:Normal|1/100
|turn|23
|-enditem|p2a: Arboliva|Custap Berry|[eat]
|-activate|p2a: Arboliva|item: Custap Berry|[consumed]
|
|t:|1781488947
|move|p2a: Arboliva|Flail|p1a: Be
|-damage|p1a: Be|0 fnt
|faint|p1a: Be
|-end|p1a: Be|Quark Drive|[silent]
|
|-weather|SunnyDay|[upkeep]
|-item|p2a: Arboliva|Custap Berry|[from] ability: Harvest
|upkeep
|
|t:|1781488949
|switch|p1a: Torterra|Torterra, M|100/100
|-damage|p1a: Torterra|94/100|[from] Stealth Rock
|turn|24
|-enditem|p2a: Arboliva|Custap Berry|[eat]
|-activate|p2a: Arboliva|item: Custap Berry|[consumed]
|
|t:|1781488956
|move|p2a: Arboliva|Flail|p1a: Torterra
|-damage|p1a: Torterra|0 fnt
|faint|p1a: Torterra
|
|-weather|SunnyDay|[upkeep]
|-item|p2a: Arboliva|Custap Berry|[from] ability: Harvest
|upkeep
|
|t:|1781488962
|switch|p1a: Kingambit|Kingambit, M|58/100
|-damage|p1a: Kingambit|52/100|[from] Stealth Rock
|-activate|p1a: Kingambit|ability: Supreme Overlord
|-start|p1a: Kingambit|fallen5|[silent]
|turn|25
|-enditem|p2a: Arboliva|Custap Berry|[eat]
|-activate|p2a: Arboliva|item: Custap Berry|[consumed]
|
|t:|1781488970
|move|p1a: Kingambit|Sucker Punch|p2a: Arboliva
|-damage|p2a: Arboliva|0 fnt
|faint|p2a: Arboliva
|
|-weather|SunnyDay|[upkeep]
|upkeep
|
|t:|1781488974
|switch|p2a: Greninja|Greninja, M, shiny|100/100
|turn|26
|
|t:|1781488978
|move|p2a: Greninja|Weather Ball|p1a: Kingambit
|-start|p2a: Greninja|typechange|Fire|[from] ability: Protean
|-supereffective|p1a: Kingambit
|-damage|p1a: Kingambit|0 fnt
|faint|p1a: Kingambit
|-end|p1a: Kingambit|fallen5|[silent]
|
|win|texett
|raw|bigguy916's rating: 1592 &rarr; <strong>1572</strong><br />(-20 for losing)
|raw|texett's rating: 1594 &rarr; <strong>1614</strong><br />(+20 for winning)
|l|☆texett
|player|p2|
