|j|☆extra-pseudo man
|j|☆IFreakingluvStall
|t:|1781535498
|gametype|singles
|player|p1|extra-pseudo man|alder|1701
|player|p2|IFreakingluvStall|wattson|1693
|gen|9
|tier|[Gen 9] OU
|rated|
|rule|HP Percentage Mod: HP is shown in percentages
|rule|Endless Battle Clause: Forcing endless battles is banned
|rule|Species Clause: Limit one of each Pokémon
|rule|OHKO Clause: OHKO moves are banned
|rule|Evasion Items Clause: Evasion items are banned
|rule|Evasion Moves Clause: Evasion moves are banned
|rule|Evasion Abilities Clause: Evasion abilities are banned
|rule|Sleep Moves Clause: Sleep-inducing moves are banned
|clearpoke
|poke|p1|Dragonite, M|
|poke|p1|Dragapult, M|
|poke|p1|Tyranitar, F|
|poke|p1|Metagross|
|poke|p1|Goodra-Hisui, F|
|poke|p1|Garchomp, M|
|poke|p2|Dondozo, F|
|poke|p2|Blissey, F|
|poke|p2|Corviknight, F|
|poke|p2|Weezing-Galar, M|
|poke|p2|Gliscor, F|
|poke|p2|Alomomola, F|
|teampreview
|inactive|Battle timer is ON: inactive players will automatically lose when time's up. (requested by IFreakingluvStall)
|c|☆extra-pseudo man|two long names
|c|☆IFreakingluvStall|i think bro likes pseudos
|j| invmenot
|inactive|IFreakingluvStall has 120 seconds left.
|
|t:|1781535531
|teamsize|p1|6
|teamsize|p2|6
|start
|switch|p1a: Tyranocif|Tyranitar, F|100/100
|switch|p2a: Weezing|Weezing-Galar, M|100/100
|-ability|p2a: Weezing|Neutralizing Gas
|turn|1
|
|t:|1781535539
|switch|p1a: The goot|Goodra-Hisui, F|100/100
|move|p2a: Weezing|Will-O-Wisp|p1a: The goot
|-status|p1a: The goot|brn
|
|-damage|p1a: The goot|94/100 brn|[from] brn
|upkeep
|turn|2
|
|t:|1781535552
|-end|p2a: Weezing|ability: Neutralizing Gas
|switch|p2a: Alomomola|Alomomola, F|100/100
|move|p1a: The goot|Ice Beam|p2a: Alomomola
|-resisted|p2a: Alomomola
|-damage|p2a: Alomomola|76/100
|
|-damage|p1a: The goot|88/100 brn|[from] brn
|upkeep
|turn|3
|
|t:|1781535560
|switch|p1a: Marill me|Garchomp, M|100/100
|move|p2a: Alomomola|Flip Turn|p1a: Marill me
|-damage|p1a: Marill me|90/100
|-damage|p2a: Alomomola|63/100|[from] ability: Rough Skin|[of] p1a: Marill me
|-damage|p2a: Alomomola|47/100|[from] item: Rocky Helmet|[of] p1a: Marill me
|
|t:|1781535570
|switch|p2a: Gliscor|Gliscor, F|100/100|[from] Flip Turn
|
|-status|p2a: Gliscor|tox|[from] item: Toxic Orb
|upkeep
|turn|4
|
|t:|1781535586
|switch|p1a: The goot|Goodra-Hisui, F|88/100 brn
|move|p2a: Gliscor|Stealth Rock|p1a: The goot
|-sidestart|p1: extra-pseudo man|move: Stealth Rock
|
|-damage|p1a: The goot|82/100 brn|[from] brn
|upkeep
|turn|5
|
|t:|1781535593
|move|p2a: Gliscor|Protect|p2a: Gliscor
|-singleturn|p2a: Gliscor|Protect
|move|p1a: The goot|Draco Meteor|p2a: Gliscor
|-activate|p2a: Gliscor|move: Protect
|
|-damage|p1a: The goot|76/100 brn|[from] brn
|upkeep
|turn|6
|
|t:|1781535598
|switch|p2a: Blissey|Blissey, F|100/100
|move|p1a: The goot|Draco Meteor|p2a: Blissey
|-damage|p2a: Blissey|71/100
|-unboost|p1a: The goot|spa|2
|
|-damage|p1a: The goot|70/100 brn|[from] brn
|upkeep
|turn|7
|l| invmenot
|l|☆IFreakingluvStall
|inactive|IFreakingluvStall disconnected and has a minute to reconnect!
|player|p2|
|j|☆IFreakingluvStall
|inactive|IFreakingluvStall reconnected and has 120 seconds left.
|player|p2|IFreakingluvStall|wattson|
|
|t:|1781535630
|switch|p1a: He pulten on it|Dragapult, M|100/100
|move|p2a: Blissey|Shadow Ball|p1a: He pulten on it
|-supereffective|p1a: He pulten on it
|-damage|p1a: He pulten on it|59/100
|
|upkeep
|turn|8
|inactive|IFreakingluvStall has 120 seconds left.
|
|t:|1781535642
|switch|p2a: Weezing|Weezing-Galar, M|100/100
|-ability|p2a: Weezing|Neutralizing Gas
|move|p1a: He pulten on it|U-turn|p2a: Weezing
|-resisted|p2a: Weezing
|-damage|p2a: Weezing|98/100
|
|t:|1781535650
|switch|p1a: The goot|Goodra-Hisui, F|70/100 brn|[from] U-turn
|-damage|p1a: The goot|64/100 brn|[from] Stealth Rock
|
|-damage|p1a: The goot|58/100 brn|[from] brn
|upkeep
|turn|9
|
|t:|1781535660
|-end|p2a: Weezing|ability: Neutralizing Gas
|switch|p2a: Blissey|Blissey, F|71/100
|move|p1a: The goot|Thunderbolt|p2a: Blissey
|-damage|p2a: Blissey|58/100
|
|-damage|p1a: The goot|52/100 brn|[from] brn
|upkeep
|turn|10
|
|t:|1781535669
|switch|p1a: Tyranocif|Tyranitar, F|100/100
|-damage|p1a: Tyranocif|88/100|[from] Stealth Rock
|-weather|Sandstorm|[from] ability: Sand Stream|[of] p1a: Tyranocif
|move|p2a: Blissey|Soft-Boiled|p2a: Blissey
|-heal|p2a: Blissey|100/100
|
|-weather|Sandstorm|[upkeep]
|-damage|p2a: Blissey|94/100|[from] Sandstorm
|-heal|p1a: Tyranocif|94/100|[from] item: Leftovers
|upkeep
|turn|11
|
|t:|1781535676
|switch|p2a: Weezing|Weezing-Galar, M|98/100
|-ability|p2a: Weezing|Neutralizing Gas
|move|p1a: Tyranocif|Stealth Rock|p2a: Weezing
|-sidestart|p2: IFreakingluvStall|move: Stealth Rock
|
|-weather|Sandstorm|[upkeep]
|-damage|p2a: Weezing|92/100|[from] Sandstorm
|-heal|p1a: Tyranocif|100/100|[from] item: Leftovers
|upkeep
|turn|12
|
|t:|1781535682
|move|p2a: Weezing|Defog|p1a: Tyranocif
|-unboost|p1a: Tyranocif|evasion|1
|-sideend|p1: extra-pseudo man|Stealth Rock|[from] move: Defog|[of] p2a: Weezing
|-sideend|p2: IFreakingluvStall|Stealth Rock|[from] move: Defog|[of] p2a: Weezing
|move|p1a: Tyranocif|Knock Off|p2a: Weezing
|-resisted|p2a: Weezing
|-damage|p2a: Weezing|78/100
|-enditem|p2a: Weezing|Heavy-Duty Boots|[from] move: Knock Off|[of] p1a: Tyranocif
|
|-weather|Sandstorm|[upkeep]
|-damage|p2a: Weezing|72/100|[from] Sandstorm
|upkeep
|turn|13
|
|t:|1781535689
|switch|p1a: The goot|Goodra-Hisui, F|52/100 brn
|move|p2a: Weezing|Will-O-Wisp|p1a: The goot
|-fail|p1a: The goot|brn
|
|-weather|Sandstorm|[upkeep]
|-damage|p2a: Weezing|66/100|[from] Sandstorm
|-damage|p1a: The goot|46/100 brn|[from] brn
|upkeep
|turn|14
|
|t:|1781535695
|switch|p1a: kaboom|Metagross|100/100
|-end|p2a: Weezing|ability: Neutralizing Gas
|switch|p2a: Blissey|Blissey, F|94/100
|
|-weather|none
|upkeep
|turn|15
|
|t:|1781535702
|switch|p2a: Dondozo|Dondozo, F, shiny|100/100
|move|p1a: kaboom|Heavy Slam|p2a: Dondozo
|-resisted|p2a: Dondozo
|-damage|p2a: Dondozo|89/100
|
|-heal|p2a: Dondozo|96/100|[from] item: Leftovers
|upkeep
|turn|16
|
|t:|1781535710
|switch|p1a: The goot|Goodra-Hisui, F|46/100 brn
|move|p2a: Dondozo|Curse|p2a: Dondozo
|-unboost|p2a: Dondozo|spe|1
|-boost|p2a: Dondozo|atk|1
|-boost|p2a: Dondozo|def|1
|
|-heal|p2a: Dondozo|100/100|[from] item: Leftovers
|-damage|p1a: The goot|39/100 brn|[from] brn
|upkeep
|turn|17
|
|t:|1781535715
|switch|p2a: Blissey|Blissey, F|94/100
|move|p1a: The goot|Draco Meteor|p2a: Blissey
|-damage|p2a: Blissey|62/100
|-unboost|p1a: The goot|spa|2
|
|-damage|p1a: The goot|33/100 brn|[from] brn
|upkeep
|turn|18
|
|t:|1781535727
|switch|p1a: Marill me|Garchomp, M|90/100
|move|p2a: Blissey|Shadow Ball|p1a: Marill me
|-damage|p1a: Marill me|77/100
|
|upkeep
|turn|19
|
|t:|1781535735
|switch|p2a: Alomomola|Alomomola, F|80/100
|move|p1a: Marill me|Spikes|p2a: Alomomola
|-sidestart|p2: IFreakingluvStall|Spikes
|
|upkeep
|turn|20
|
|t:|1781535740
|switch|p1a: The goot|Goodra-Hisui, F|33/100 brn
|move|p2a: Alomomola|Flip Turn|p1a: The goot
|-resisted|p1a: The goot
|-crit|p1a: The goot
|-damage|p1a: The goot|20/100 brn
|-ability|p1a: The goot|Gooey
|-unboost|p2a: Alomomola|spe|1
|
|t:|1781535745
|switch|p2a: Corviknight|Corviknight, F|100/100|[from] Flip Turn
|-ability|p2a: Corviknight|Pressure
|
|-damage|p1a: The goot|14/100 brn|[from] brn
|upkeep
|turn|21
|
|t:|1781535749
|move|p1a: The goot|Thunderbolt|p2a: Corviknight
|-supereffective|p2a: Corviknight
|-damage|p2a: Corviknight|32/100
|move|p2a: Corviknight|Body Press|p1a: The goot
|-supereffective|p1a: The goot
|-crit|p1a: The goot
|-damage|p1a: The goot|0 fnt
|-ability|p1a: The goot|Gooey
|-unboost|p2a: Corviknight|spe|1
|faint|p1a: The goot
|
|-heal|p2a: Corviknight|39/100|[from] item: Leftovers
|upkeep
|
|t:|1781535764
|switch|p1a: Marill me|Garchomp, M|77/100
|turn|22
|
|t:|1781535775
|switch|p2a: Dondozo|Dondozo, F, shiny|100/100
|-damage|p2a: Dondozo|88/100|[from] Spikes
|move|p1a: Marill me|Fire Fang|p2a: Dondozo
|-resisted|p2a: Dondozo
|-damage|p2a: Dondozo|84/100
|
|-heal|p2a: Dondozo|90/100|[from] item: Leftovers
|upkeep
|turn|23
|
|t:|1781535782
|move|p1a: Marill me|Spikes|p2a: Dondozo
|-sidestart|p2: IFreakingluvStall|Spikes
|move|p2a: Dondozo|Curse|p2a: Dondozo
|-unboost|p2a: Dondozo|spe|1
|-boost|p2a: Dondozo|atk|1
|-boost|p2a: Dondozo|def|1
|
|-heal|p2a: Dondozo|96/100|[from] item: Leftovers
|upkeep
|turn|24
|
|t:|1781535785
|move|p2a: Dondozo|Curse|p2a: Dondozo
|-unboost|p2a: Dondozo|spe|1
|-boost|p2a: Dondozo|atk|1
|-boost|p2a: Dondozo|def|1
|move|p1a: Marill me|Dragon Tail|p2a: Dondozo
|-damage|p2a: Dondozo|91/100
|drag|p2a: Gliscor|Gliscor, F|100/100 tox
|
|upkeep
|turn|25
|
|t:|1781535792
|switch|p1a: kaboom|Metagross|100/100
|move|p2a: Gliscor|Stealth Rock|p1a: kaboom
|-sidestart|p1: extra-pseudo man|move: Stealth Rock
|
|upkeep
|turn|26
|
|t:|1781535802
|switch|p2a: Alomomola|Alomomola, F|100/100
|move|p1a: kaboom|Knock Off|p2a: Alomomola
|-damage|p2a: Alomomola|69/100
|-enditem|p2a: Alomomola|Heavy-Duty Boots|[from] move: Knock Off|[of] p1a: kaboom
|
|upkeep
|turn|27
|
|t:|1781535808
|switch|p1a: Marill me|Garchomp, M|77/100
|-damage|p1a: Marill me|70/100|[from] Stealth Rock
|move|p2a: Alomomola|Wish|p2a: Alomomola
|
|upkeep
|turn|28
|j| cachowcapow
|
|t:|1781535811
|move|p2a: Alomomola|Flip Turn|p1a: Marill me
|-damage|p1a: Marill me|60/100
|-damage|p2a: Alomomola|57/100|[from] ability: Rough Skin|[of] p1a: Marill me
|-damage|p2a: Alomomola|40/100|[from] item: Rocky Helmet|[of] p1a: Marill me
|
|t:|1781535817
|switch|p2a: Weezing|Weezing-Galar, M|66/100|[from] Flip Turn
|-ability|p2a: Weezing|Neutralizing Gas
|-damage|p2a: Weezing|50/100|[from] Spikes
|move|p1a: Marill me|Dragon Tail|p2a: Weezing
|-immune|p2a: Weezing
|
|-heal|p2a: Weezing|100/100|[from] move: Wish|[wisher] Alomomola
|upkeep
|turn|29
|
|t:|1781535824
|switch|p1a: Tyranocif|Tyranitar, F|100/100
|-damage|p1a: Tyranocif|88/100|[from] Stealth Rock
|-end|p2a: Weezing|ability: Neutralizing Gas
|-weather|Sandstorm|[from] ability: Sand Stream|[of] p1a: Tyranocif
|switch|p2a: Gliscor|Gliscor, F|100/100 tox
|
|-weather|Sandstorm|[upkeep]
|-heal|p1a: Tyranocif|94/100|[from] item: Leftovers
|upkeep
|turn|30
|
|t:|1781535828
|move|p2a: Gliscor|Protect|p2a: Gliscor
|-singleturn|p2a: Gliscor|Protect
|move|p1a: Tyranocif|Ice Beam|p2a: Gliscor
|-activate|p2a: Gliscor|move: Protect
|
|-weather|Sandstorm|[upkeep]
|-heal|p1a: Tyranocif|100/100|[from] item: Leftovers
|upkeep
|turn|31
|
|t:|1781535840
|move|p2a: Gliscor|Toxic|p1a: Tyranocif
|-status|p1a: Tyranocif|tox
|move|p1a: Tyranocif|Ice Beam|p2a: Gliscor
|-supereffective|p2a: Gliscor
|-damage|p2a: Gliscor|39/100 tox
|
|-weather|Sandstorm|[upkeep]
|-heal|p2a: Gliscor|52/100 tox|[from] ability: Poison Heal
|-damage|p1a: Tyranocif|94/100 tox|[from] psn
|upkeep
|turn|32
|
|t:|1781535846
|move|p2a: Gliscor|Protect|p2a: Gliscor
|-singleturn|p2a: Gliscor|Protect
|move|p1a: Tyranocif|Roar|p2a: Gliscor
|drag|p2a: Dondozo|Dondozo, F, shiny|91/100
|-damage|p2a: Dondozo|74/100|[from] Spikes
|
|-weather|Sandstorm|[upkeep]
|-damage|p2a: Dondozo|68/100|[from] Sandstorm
|-heal|p1a: Tyranocif|100/100 tox|[from] item: Leftovers
|-heal|p2a: Dondozo|74/100|[from] item: Leftovers
|-damage|p1a: Tyranocif|88/100 tox|[from] psn
|upkeep
|turn|33
|
|t:|1781535857
|switch|p2a: Weezing|Weezing-Galar, M|100/100
|-ability|p2a: Weezing|Neutralizing Gas
|-damage|p2a: Weezing|84/100|[from] Spikes
|move|p1a: Tyranocif|Stealth Rock|p2a: Weezing
|-sidestart|p2: IFreakingluvStall|move: Stealth Rock
|
|-weather|none
|-heal|p1a: Tyranocif|94/100 tox|[from] item: Leftovers
|-damage|p1a: Tyranocif|76/100 tox|[from] psn
|upkeep
|turn|34
|
|t:|1781535864
|switch|p1a: kaboom|Metagross|100/100
|-damage|p1a: kaboom|95/100|[from] Stealth Rock
|move|p2a: Weezing|Defog|p1a: kaboom
|-unboost|p1a: kaboom|evasion|1
|-sideend|p1: extra-pseudo man|Stealth Rock|[from] move: Defog|[of] p2a: Weezing
|-sideend|p2: IFreakingluvStall|Spikes|[from] move: Defog|[of] p2a: Weezing
|-sideend|p2: IFreakingluvStall|Stealth Rock|[from] move: Defog|[of] p2a: Weezing
|
|upkeep
|turn|35
|
|t:|1781535870
|-end|p2a: Weezing|ability: Neutralizing Gas
|switch|p2a: Alomomola|Alomomola, F|73/100
|move|p1a: kaboom|Knock Off|p2a: Alomomola
|-damage|p2a: Alomomola|52/100
|
|upkeep
|turn|36
|
|t:|1781535877
|switch|p1a: He pulten on it|Dragapult, M|59/100
|move|p2a: Alomomola|Wish|p2a: Alomomola
|
|upkeep
|turn|37
|
|t:|1781535884
|move|p2a: Alomomola|Protect|p2a: Alomomola
|-singleturn|p2a: Alomomola|Protect
|move|p1a: He pulten on it|Will-O-Wisp|p2a: Alomomola
|-activate|p2a: Alomomola|move: Protect
|
|-heal|p2a: Alomomola|100/100|[from] move: Wish|[wisher] Alomomola
|upkeep
|turn|38
|
|t:|1781535894
|switch|p2a: Blissey|Blissey, F|62/100
|move|p1a: He pulten on it|Hex|p2a: Blissey
|-immune|p2a: Blissey
|
|upkeep
|turn|39
|
|t:|1781535910
|move|p1a: He pulten on it|U-turn|p2a: Blissey
|-damage|p2a: Blissey|43/100
|
|t:|1781535914
|switch|p1a: Tyranocif|Tyranitar, F|76/100 tox|[from] U-turn
|-weather|Sandstorm|[from] ability: Sand Stream|[of] p1a: Tyranocif
|move|p2a: Blissey|Soft-Boiled|p2a: Blissey
|-heal|p2a: Blissey|93/100
|
|-weather|Sandstorm|[upkeep]
|-damage|p2a: Blissey|87/100|[from] Sandstorm
|-heal|p1a: Tyranocif|82/100 tox|[from] item: Leftovers
|-damage|p1a: Tyranocif|76/100 tox|[from] psn
|upkeep
|turn|40
|
|t:|1781535921
|switch|p2a: Weezing|Weezing-Galar, M|84/100
|-ability|p2a: Weezing|Neutralizing Gas
|move|p1a: Tyranocif|Stealth Rock|p2a: Weezing
|-sidestart|p2: IFreakingluvStall|move: Stealth Rock
|
|-weather|Sandstorm|[upkeep]
|-damage|p2a: Weezing|78/100|[from] Sandstorm
|-heal|p1a: Tyranocif|82/100 tox|[from] item: Leftovers
|-damage|p1a: Tyranocif|70/100 tox|[from] psn
|upkeep
|turn|41
|
|t:|1781535928
|switch|p1a: kaboom|Metagross|95/100
|move|p2a: Weezing|Defog|p1a: kaboom
|-unboost|p1a: kaboom|evasion|1
|-sideend|p2: IFreakingluvStall|Stealth Rock|[from] move: Defog|[of] p2a: Weezing
|
|-weather|Sandstorm|[upkeep]
|-damage|p2a: Weezing|72/100|[from] Sandstorm
|upkeep
|turn|42
|
|t:|1781535937
|-end|p2a: Weezing|ability: Neutralizing Gas
|switch|p2a: Alomomola|Alomomola, F|100/100
|move|p1a: kaboom|Heavy Slam|p2a: Alomomola
|-resisted|p2a: Alomomola
|-damage|p2a: Alomomola|73/100
|
|-weather|Sandstorm|[upkeep]
|-damage|p2a: Alomomola|67/100|[from] Sandstorm
|upkeep
|turn|43
|
|t:|1781535942
|move|p1a: kaboom|Heavy Slam|p2a: Alomomola
|-resisted|p2a: Alomomola
|-damage|p2a: Alomomola|39/100
|move|p2a: Alomomola|Scald|p1a: kaboom
|-damage|p1a: kaboom|78/100
|
|-weather|none
|upkeep
|turn|44
|
|t:|1781535968
|switch|p2a: Dondozo|Dondozo, F, shiny|74/100
|move|p1a: kaboom|Heavy Slam|p2a: Dondozo
|-resisted|p2a: Dondozo
|-damage|p2a: Dondozo|63/100
|
|-heal|p2a: Dondozo|69/100|[from] item: Leftovers
|upkeep
|turn|45
|
|t:|1781535987
|switch|p1a: Marill me|Garchomp, M|60/100
|move|p2a: Dondozo|Rest|p2a: Dondozo
|-status|p2a: Dondozo|slp|[from] move: Rest
|-heal|p2a: Dondozo|100/100 slp|[silent]
|
|upkeep
|turn|46
|
|t:|1781535998
|switch|p2a: Alomomola|Alomomola, F|73/100
|move|p1a: Marill me|Dragon Tail|p2a: Alomomola
|-damage|p2a: Alomomola|58/100
|drag|p2a: Dondozo|Dondozo, F, shiny|100/100 slp
|
|upkeep
|turn|47
|
|t:|1781536005
|switch|p2a: Alomomola|Alomomola, F|92/100
|move|p1a: Marill me|Spikes|p2a: Alomomola
|-sidestart|p2: IFreakingluvStall|Spikes
|
|upkeep
|turn|48
|
|t:|1781536012
|move|p1a: Marill me|Spikes|p2a: Alomomola
|-sidestart|p2: IFreakingluvStall|Spikes
|move|p2a: Alomomola|Wish|p2a: Alomomola
|
|upkeep
|turn|49
|
|t:|1781536021
|move|p2a: Alomomola|Flip Turn|p1a: Marill me
|-damage|p1a: Marill me|49/100
|-damage|p2a: Alomomola|79/100|[from] ability: Rough Skin|[of] p1a: Marill me
|-damage|p2a: Alomomola|63/100|[from] item: Rocky Helmet|[of] p1a: Marill me
|
|t:|1781536030
|switch|p2a: Weezing|Weezing-Galar, M|72/100|[from] Flip Turn
|-ability|p2a: Weezing|Neutralizing Gas
|-damage|p2a: Weezing|56/100|[from] Spikes
|move|p1a: Marill me|Dragon Tail|p2a: Weezing
|-immune|p2a: Weezing
|
|-heal|p2a: Weezing|100/100|[from] move: Wish|[wisher] Alomomola
|upkeep
|turn|50
|j| mysticzak
|
|t:|1781536042
|move|p1a: Marill me|Earthquake|p2a: Weezing
|-supereffective|p2a: Weezing
|-damage|p2a: Weezing|39/100
|move|p2a: Weezing|Defog|p1a: Marill me
|-unboost|p1a: Marill me|evasion|1
|-sideend|p2: IFreakingluvStall|Spikes|[from] move: Defog|[of] p2a: Weezing
|
|upkeep
|turn|51
|
|t:|1781536048
|-end|p2a: Weezing|ability: Neutralizing Gas
|switch|p2a: Alomomola|Alomomola, F|96/100
|move|p1a: Marill me|Fire Fang|p2a: Alomomola
|-resisted|p2a: Alomomola
|-damage|p2a: Alomomola|91/100
|-status|p2a: Alomomola|brn
|
|-damage|p2a: Alomomola|84/100 brn|[from] brn
|upkeep
|turn|52
|
|t:|1781536054
|move|p1a: Marill me|Spikes|p2a: Alomomola
|-sidestart|p2: IFreakingluvStall|Spikes
|move|p2a: Alomomola|Wish|p2a: Alomomola
|
|-damage|p2a: Alomomola|78/100 brn|[from] brn
|upkeep
|turn|53
|
|t:|1781536060
|move|p2a: Alomomola|Flip Turn|p1a: Marill me
|-damage|p1a: Marill me|44/100
|-damage|p2a: Alomomola|66/100 brn|[from] ability: Rough Skin|[of] p1a: Marill me
|-damage|p2a: Alomomola|49/100 brn|[from] item: Rocky Helmet|[of] p1a: Marill me
|
|t:|1781536065
|switch|p2a: Weezing|Weezing-Galar, M|39/100|[from] Flip Turn
|-ability|p2a: Weezing|Neutralizing Gas
|-damage|p2a: Weezing|27/100|[from] Spikes
|move|p1a: Marill me|Dragon Tail|p2a: Weezing
|-immune|p2a: Weezing
|
|-heal|p2a: Weezing|100/100|[from] move: Wish|[wisher] Alomomola
|upkeep
|turn|54
|
|t:|1781536070
|switch|p1a: Tyranocif|Tyranitar, F|70/100 tox
|move|p2a: Weezing|Will-O-Wisp|p1a: Tyranocif|[miss]
|-miss|p2a: Weezing|p1a: Tyranocif
|
|-heal|p1a: Tyranocif|76/100 tox|[from] item: Leftovers
|-damage|p1a: Tyranocif|70/100 tox|[from] psn
|upkeep
|turn|55
|
|t:|1781536081
|switch|p1a: kaboom|Metagross|78/100
|move|p2a: Weezing|Defog|p1a: kaboom
|-unboost|p1a: kaboom|evasion|1
|-sideend|p2: IFreakingluvStall|Spikes|[from] move: Defog|[of] p2a: Weezing
|
|upkeep
|turn|56
|
|t:|1781536088
|-end|p2a: Weezing|ability: Neutralizing Gas
|switch|p2a: Alomomola|Alomomola, F|83/100 brn
|move|p1a: kaboom|Heavy Slam|p2a: Alomomola
|-resisted|p2a: Alomomola
|-damage|p2a: Alomomola|56/100 brn
|
|-damage|p2a: Alomomola|50/100 brn|[from] brn
|upkeep
|turn|57
|
|t:|1781536095
|switch|p1a: He pulten on it|Dragapult, M|59/100
|move|p2a: Alomomola|Flip Turn|p1a: He pulten on it
|-resisted|p1a: He pulten on it
|-damage|p1a: He pulten on it|53/100
|
|t:|1781536101
|switch|p2a: Corviknight|Corviknight, F|39/100|[from] Flip Turn
|-ability|p2a: Corviknight|Pressure
|
|-heal|p2a: Corviknight|45/100|[from] item: Leftovers
|upkeep
|turn|58
|
|t:|1781536108
|switch|p2a: Blissey|Blissey, F|87/100
|move|p1a: He pulten on it|Will-O-Wisp|p2a: Blissey
|-status|p2a: Blissey|brn
|
|-damage|p2a: Blissey|81/100 brn|[from] brn
|upkeep
|turn|59
|
|t:|1781536115
|move|p1a: He pulten on it|U-turn|p2a: Blissey
|-damage|p2a: Blissey|62/100 brn
|
|t:|1781536117
|switch|p1a: kaboom|Metagross|78/100|[from] U-turn
|move|p2a: Blissey|Shadow Ball|p1a: kaboom
|-supereffective|p1a: kaboom
|-damage|p1a: kaboom|42/100
|
|-damage|p2a: Blissey|56/100 brn|[from] brn
|upkeep
|turn|60
|l| mysticzak
|
|t:|1781536125
|-curestatus|p2a: Blissey|brn|[from] ability: Natural Cure|[silent]
|switch|p2a: Alomomola|Alomomola, F|83/100 brn
|move|p1a: kaboom|Knock Off|p2a: Alomomola
|-damage|p2a: Alomomola|63/100 brn
|
|-damage|p2a: Alomomola|57/100 brn|[from] brn
|upkeep
|turn|61
|
|t:|1781536131
|switch|p1a: Marill me|Garchomp, M|44/100
|move|p2a: Alomomola|Flip Turn|p1a: Marill me
|-damage|p1a: Marill me|39/100
|-damage|p2a: Alomomola|45/100 brn|[from] ability: Rough Skin|[of] p1a: Marill me
|-damage|p2a: Alomomola|28/100 brn|[from] item: Rocky Helmet|[of] p1a: Marill me
|
|t:|1781536138
|switch|p2a: Corviknight|Corviknight, F|45/100|[from] Flip Turn
|-ability|p2a: Corviknight|Pressure
|
|-heal|p2a: Corviknight|51/100|[from] item: Leftovers
|upkeep
|turn|62
|
|t:|1781536143
|move|p1a: Marill me|Fire Fang|p2a: Corviknight
|-supereffective|p2a: Corviknight
|-damage|p2a: Corviknight|22/100
|move|p2a: Corviknight|Roost|p2a: Corviknight
|-heal|p2a: Corviknight|72/100
|-singleturn|p2a: Corviknight|move: Roost
|
|-heal|p2a: Corviknight|78/100|[from] item: Leftovers
|upkeep
|turn|63
|
|t:|1781536150
|move|p1a: Marill me|Spikes|p2a: Corviknight
|-sidestart|p2: IFreakingluvStall|Spikes
|move|p2a: Corviknight|Iron Defense|p2a: Corviknight
|-boost|p2a: Corviknight|def|2
|
|-heal|p2a: Corviknight|85/100|[from] item: Leftovers
|upkeep
|turn|64
|
|t:|1781536154
|move|p2a: Corviknight|Defog|p1a: Marill me
|-unboost|p1a: Marill me|evasion|1
|-sideend|p2: IFreakingluvStall|Spikes|[from] move: Defog|[of] p2a: Corviknight
|move|p1a: Marill me|Dragon Tail|p2a: Corviknight
|-resisted|p2a: Corviknight
|-damage|p2a: Corviknight|79/100
|drag|p2a: Dondozo|Dondozo, F, shiny|100/100 slp
|
|upkeep
|turn|65
|
|t:|1781536166
|switch|p2a: Corviknight|Corviknight, F|79/100
|-ability|p2a: Corviknight|Pressure
|move|p1a: Marill me|Spikes|p2a: Corviknight
|-sidestart|p2: IFreakingluvStall|Spikes
|
|-heal|p2a: Corviknight|85/100|[from] item: Leftovers
|upkeep
|turn|66
|
|t:|1781536173
|move|p1a: Marill me|Fire Fang|p2a: Corviknight
|-supereffective|p2a: Corviknight
|-damage|p2a: Corviknight|53/100
|move|p2a: Corviknight|Defog|p1a: Marill me
|-unboost|p1a: Marill me|evasion|1
|-sideend|p2: IFreakingluvStall|Spikes|[from] move: Defog|[of] p2a: Corviknight
|
|-heal|p2a: Corviknight|59/100|[from] item: Leftovers
|upkeep
|turn|67
|
|t:|1781536178
|move|p1a: Marill me|Fire Fang|p2a: Corviknight
|-supereffective|p2a: Corviknight
|-damage|p2a: Corviknight|31/100
|move|p2a: Corviknight|Roost|p2a: Corviknight
|-heal|p2a: Corviknight|81/100
|-singleturn|p2a: Corviknight|move: Roost
|
|-heal|p2a: Corviknight|87/100|[from] item: Leftovers
|upkeep
|turn|68
|
|t:|1781536187
|move|p1a: Marill me|Fire Fang|p2a: Corviknight
|-supereffective|p2a: Corviknight
|-damage|p2a: Corviknight|57/100
|move|p2a: Corviknight|Iron Defense|p2a: Corviknight
|-boost|p2a: Corviknight|def|2
|
|-heal|p2a: Corviknight|63/100|[from] item: Leftovers
|upkeep
|turn|69
|
|t:|1781536191
|switch|p1a: He pulten on it|Dragapult, M|53/100
|move|p2a: Corviknight|Roost|p2a: Corviknight
|-heal|p2a: Corviknight|100/100
|-singleturn|p2a: Corviknight|move: Roost
|
|upkeep
|turn|70
|
|t:|1781536195
|switch|p2a: Blissey|Blissey, F|56/100
|move|p1a: He pulten on it|Will-O-Wisp|p2a: Blissey
|-status|p2a: Blissey|brn
|
|-damage|p2a: Blissey|50/100 brn|[from] brn
|upkeep
|turn|71
|
|t:|1781536199
|move|p1a: He pulten on it|U-turn|p2a: Blissey
|-damage|p2a: Blissey|34/100 brn
|
|t:|1781536201
|switch|p1a: Tyranocif|Tyranitar, F|70/100 tox|[from] U-turn
|-weather|Sandstorm|[from] ability: Sand Stream|[of] p1a: Tyranocif
|move|p2a: Blissey|Soft-Boiled|p2a: Blissey
|-heal|p2a: Blissey|84/100 brn
|
|-weather|Sandstorm|[upkeep]
|-damage|p2a: Blissey|78/100 brn|[from] Sandstorm
|-heal|p1a: Tyranocif|76/100 tox|[from] item: Leftovers
|-damage|p1a: Tyranocif|70/100 tox|[from] psn
|-damage|p2a: Blissey|71/100 brn|[from] brn
|upkeep
|turn|72
|
|t:|1781536206
|-curestatus|p2a: Blissey|brn|[from] ability: Natural Cure|[silent]
|switch|p2a: Alomomola|Alomomola, F|62/100 brn
|move|p1a: Tyranocif|Stealth Rock|p2a: Alomomola
|-sidestart|p2: IFreakingluvStall|move: Stealth Rock
|
|-weather|Sandstorm|[upkeep]
|-damage|p2a: Alomomola|55/100 brn|[from] Sandstorm
|-heal|p1a: Tyranocif|76/100 tox|[from] item: Leftovers
|-damage|p1a: Tyranocif|63/100 tox|[from] psn
|-damage|p2a: Alomomola|49/100 brn|[from] brn
|upkeep
|turn|73
|
|t:|1781536211
|move|p2a: Alomomola|Flip Turn|p1a: Tyranocif
|-supereffective|p1a: Tyranocif
|-damage|p1a: Tyranocif|50/100 tox
|
|t:|1781536219
|switch|p2a: Corviknight|Corviknight, F|100/100|[from] Flip Turn
|-damage|p2a: Corviknight|88/100|[from] Stealth Rock
|-ability|p2a: Corviknight|Pressure
|move|p1a: Tyranocif|Knock Off|p2a: Corviknight
|-damage|p2a: Corviknight|54/100
|-enditem|p2a: Corviknight|Leftovers|[from] move: Knock Off|[of] p1a: Tyranocif
|
|-weather|Sandstorm|[upkeep]
|-heal|p1a: Tyranocif|56/100 tox|[from] item: Leftovers
|-damage|p1a: Tyranocif|38/100 tox|[from] psn
|upkeep
|turn|74
|
|t:|1781536232
|switch|p1a: He pulten on it|Dragapult, M|53/100
|move|p2a: Corviknight|Roost|p2a: Corviknight
|-heal|p2a: Corviknight|100/100
|-singleturn|p2a: Corviknight|move: Roost
|
|-weather|Sandstorm|[upkeep]
|-damage|p1a: He pulten on it|48/100|[from] Sandstorm
|upkeep
|turn|75
|
|t:|1781536238
|switch|p2a: Blissey|Blissey, F|71/100
|-damage|p2a: Blissey|59/100|[from] Stealth Rock
|move|p1a: He pulten on it|U-turn|p2a: Blissey
|-damage|p2a: Blissey|42/100
|
|t:|1781536245
|switch|p1a: kaboom|Metagross|42/100|[from] U-turn
|
|-weather|none
|upkeep
|turn|76
|
|t:|1781536250
|switch|p2a: Corviknight|Corviknight, F|100/100
|-damage|p2a: Corviknight|88/100|[from] Stealth Rock
|-ability|p2a: Corviknight|Pressure
|move|p1a: kaboom|Heavy Slam|p2a: Corviknight
|-resisted|p2a: Corviknight
|-damage|p2a: Corviknight|43/100
|
|upkeep
|turn|77
|
|t:|1781536262
|switch|p2a: Alomomola|Alomomola, F|83/100 brn
|-damage|p2a: Alomomola|70/100 brn|[from] Stealth Rock
|move|p1a: kaboom|Heavy Slam|p2a: Alomomola
|-resisted|p2a: Alomomola
|-damage|p2a: Alomomola|40/100 brn
|
|-damage|p2a: Alomomola|34/100 brn|[from] brn
|upkeep
|turn|78
|c|☆extra-pseudo man|your a sick man for making us play this game
|
|t:|1781536270
|switch|p1a: He pulten on it|Dragapult, M|48/100
|move|p2a: Alomomola|Flip Turn|p1a: He pulten on it
|-resisted|p1a: He pulten on it
|-damage|p1a: He pulten on it|42/100
|
|t:|1781536278
|switch|p2a: Blissey|Blissey, F|42/100|[from] Flip Turn
|-damage|p2a: Blissey|30/100|[from] Stealth Rock
|
|upkeep
|turn|79
|c|☆extra-pseudo man|wrong your but still
|
|t:|1781536287
|move|p1a: He pulten on it|U-turn|p2a: Blissey
|-damage|p2a: Blissey|12/100
|
|t:|1781536289
|switch|p1a: Tyranocif|Tyranitar, F|38/100 tox|[from] U-turn
|-weather|Sandstorm|[from] ability: Sand Stream|[of] p1a: Tyranocif
|move|p2a: Blissey|Soft-Boiled|p2a: Blissey
|-heal|p2a: Blissey|62/100
|
|-weather|Sandstorm|[upkeep]
|-damage|p2a: Blissey|56/100|[from] Sandstorm
|-heal|p1a: Tyranocif|44/100 tox|[from] item: Leftovers
|-damage|p1a: Tyranocif|38/100 tox|[from] psn
|upkeep
|turn|80
|c|☆IFreakingluvStall|nah
|
|t:|1781536301
|switch|p2a: Weezing|Weezing-Galar, M|100/100
|-ability|p2a: Weezing|Neutralizing Gas
|-damage|p2a: Weezing|88/100|[from] Stealth Rock
|move|p1a: Tyranocif|Knock Off|p2a: Weezing
|-resisted|p2a: Weezing
|-damage|p2a: Weezing|79/100
|
|-weather|Sandstorm|[upkeep]
|-damage|p2a: Weezing|73/100|[from] Sandstorm
|-heal|p1a: Tyranocif|44/100 tox|[from] item: Leftovers
|-damage|p1a: Tyranocif|31/100 tox|[from] psn
|upkeep
|turn|81
|
|t:|1781536308
|switch|p1a: kaboom|Metagross|42/100
|move|p2a: Weezing|Defog|p1a: kaboom
|-unboost|p1a: kaboom|evasion|1
|-sideend|p2: IFreakingluvStall|Stealth Rock|[from] move: Defog|[of] p2a: Weezing
|
|-weather|Sandstorm|[upkeep]
|-damage|p2a: Weezing|67/100|[from] Sandstorm
|upkeep
|turn|82
|
|t:|1781536316
|-end|p2a: Weezing|ability: Neutralizing Gas
|switch|p2a: Dondozo|Dondozo, F, shiny|100/100 slp
|move|p1a: kaboom|Heavy Slam|p2a: Dondozo
|-resisted|p2a: Dondozo
|-damage|p2a: Dondozo|88/100 slp
|
|-weather|Sandstorm|[upkeep]
|-damage|p2a: Dondozo|82/100 slp|[from] Sandstorm
|-heal|p2a: Dondozo|88/100 slp|[from] item: Leftovers
|upkeep
|turn|83
|
|t:|1781536322
|switch|p1a: Marill me|Garchomp, M|39/100
|cant|p2a: Dondozo|slp
|move|p2a: Dondozo|Sleep Talk|p2a: Dondozo
|move|p2a: Dondozo|Rest||[from] move: Sleep Talk|[still]
|-fail|p2a: Dondozo
|
|-weather|none
|-heal|p2a: Dondozo|94/100 slp|[from] item: Leftovers
|upkeep
|turn|84
|
|t:|1781536329
|switch|p2a: Alomomola|Alomomola, F|68/100 brn
|move|p1a: Marill me|Spikes|p2a: Alomomola
|-sidestart|p2: IFreakingluvStall|Spikes
|
|-damage|p2a: Alomomola|61/100 brn|[from] brn
|upkeep
|turn|85
|
|t:|1781536332
|move|p1a: Marill me|Spikes|p2a: Alomomola
|-sidestart|p2: IFreakingluvStall|Spikes
|move|p2a: Alomomola|Wish|p2a: Alomomola
|
|-damage|p2a: Alomomola|55/100 brn|[from] brn
|upkeep
|turn|86
|
|t:|1781536339
|switch|p2a: Corviknight|Corviknight, F|43/100
|-ability|p2a: Corviknight|Pressure
|move|p1a: Marill me|Dragon Tail|p2a: Corviknight
|-resisted|p2a: Corviknight
|-damage|p2a: Corviknight|32/100
|drag|p2a: Gliscor|Gliscor, F|52/100 tox
|
|-heal|p2a: Gliscor|100/100 tox|[from] move: Wish|[wisher] Alomomola
|upkeep
|turn|87
|
|t:|1781536348
|switch|p1a: kaboom|Metagross|42/100
|move|p2a: Gliscor|Stealth Rock|p1a: kaboom
|-sidestart|p1: extra-pseudo man|move: Stealth Rock
|
|upkeep
|turn|88
|
|t:|1781536351
|move|p2a: Gliscor|Protect|p2a: Gliscor
|-singleturn|p2a: Gliscor|Protect
|move|p1a: kaboom|Heavy Slam|p2a: Gliscor
|-activate|p2a: Gliscor|move: Protect
|
|upkeep
|turn|89
|
|t:|1781536365
|switch|p2a: Dondozo|Dondozo, F, shiny|94/100 slp
|-damage|p2a: Dondozo|77/100 slp|[from] Spikes
|move|p1a: kaboom|Heavy Slam|p2a: Dondozo
|-resisted|p2a: Dondozo
|-damage|p2a: Dondozo|66/100 slp
|
|-heal|p2a: Dondozo|72/100 slp|[from] item: Leftovers
|upkeep
|turn|90
|
|t:|1781536372
|switch|p1a: Tyranocif|Tyranitar, F|31/100 tox
|-damage|p1a: Tyranocif|19/100 tox|[from] Stealth Rock
|-weather|Sandstorm|[from] ability: Sand Stream|[of] p1a: Tyranocif
|cant|p2a: Dondozo|slp
|move|p2a: Dondozo|Sleep Talk|p2a: Dondozo
|move|p2a: Dondozo|Body Press|p1a: Tyranocif|[from] move: Sleep Talk
|-supereffective|p1a: Tyranocif
|-damage|p1a: Tyranocif|0 fnt
|faint|p1a: Tyranocif
|
|-weather|Sandstorm|[upkeep]
|-damage|p2a: Dondozo|66/100 slp|[from] Sandstorm
|-heal|p2a: Dondozo|72/100 slp|[from] item: Leftovers
|upkeep
|
|t:|1781536375
|switch|p1a: He pulten on it|Dragapult, M|42/100
|turn|91
|
|t:|1781536395
|switch|p2a: Corviknight|Corviknight, F|32/100
|-ability|p2a: Corviknight|Pressure
|move|p1a: He pulten on it|U-turn|p2a: Corviknight
|-resisted|p2a: Corviknight
|-damage|p2a: Corviknight|29/100
|
|t:|1781536399
|switch|p1a: kaboom|Metagross|42/100|[from] U-turn
|-damage|p1a: kaboom|36/100|[from] Stealth Rock
|
|-weather|Sandstorm|[upkeep]
|upkeep
|turn|92
|
|t:|1781536407
|switch|p2a: Alomomola|Alomomola, F|89/100 brn
|-damage|p2a: Alomomola|72/100 brn|[from] Spikes
|move|p1a: kaboom|Heavy Slam|p2a: Alomomola
|-resisted|p2a: Alomomola
|-damage|p2a: Alomomola|42/100 brn
|
|-weather|Sandstorm|[upkeep]
|-damage|p2a: Alomomola|36/100 brn|[from] Sandstorm
|-damage|p2a: Alomomola|30/100 brn|[from] brn
|upkeep
|turn|93
|
|t:|1781536427
|switch|p2a: Dondozo|Dondozo, F, shiny|72/100 slp
|-damage|p2a: Dondozo|55/100 slp|[from] Spikes
|move|p1a: kaboom|Heavy Slam|p2a: Dondozo
|-resisted|p2a: Dondozo
|-damage|p2a: Dondozo|45/100 slp
|
|-weather|Sandstorm|[upkeep]
|-damage|p2a: Dondozo|38/100 slp|[from] Sandstorm
|-heal|p2a: Dondozo|45/100 slp|[from] item: Leftovers
|upkeep
|turn|94
|
|t:|1781536433
|switch|p1a: Marill me|Garchomp, M|39/100
|-damage|p1a: Marill me|33/100|[from] Stealth Rock
|-curestatus|p2a: Dondozo|slp|[msg]
|move|p2a: Dondozo|Rest|p2a: Dondozo
|-status|p2a: Dondozo|slp|[from] move: Rest
|-heal|p2a: Dondozo|100/100 slp|[silent]
|
|-weather|none
|upkeep
|turn|95
|
|t:|1781536447
|move|p1a: Marill me|Earthquake|p2a: Dondozo
|-damage|p2a: Dondozo|81/100 slp
|cant|p2a: Dondozo|slp
|move|p2a: Dondozo|Sleep Talk|p2a: Dondozo
|move|p2a: Dondozo|Curse|p2a: Dondozo|[from] move: Sleep Talk
|-unboost|p2a: Dondozo|spe|1
|-boost|p2a: Dondozo|atk|1
|-boost|p2a: Dondozo|def|1
|
|-heal|p2a: Dondozo|87/100 slp|[from] item: Leftovers
|upkeep
|turn|96
|
|t:|1781536460
|switch|p2a: Corviknight|Corviknight, F|29/100
|-ability|p2a: Corviknight|Pressure
|move|p1a: Marill me|Dragon Tail|p2a: Corviknight
|-resisted|p2a: Corviknight
|-damage|p2a: Corviknight|19/100
|drag|p2a: Gliscor|Gliscor, F|100/100 tox
|
|upkeep
|turn|97
|
|t:|1781536471
|move|p2a: Gliscor|Stealth Rock||[still]
|-fail|p2a: Gliscor
|move|p1a: Marill me|Dragon Tail|p2a: Gliscor
|-crit|p2a: Gliscor
|-damage|p2a: Gliscor|71/100 tox
|drag|p2a: Alomomola|Alomomola, F|63/100 brn
|-damage|p2a: Alomomola|47/100 brn|[from] Spikes
|
|-damage|p2a: Alomomola|41/100 brn|[from] brn
|upkeep
|turn|98
|
|t:|1781536481
|move|p1a: Marill me|Earthquake|p2a: Alomomola
|-damage|p2a: Alomomola|16/100 brn
|move|p2a: Alomomola|Wish|p2a: Alomomola
|
|-damage|p2a: Alomomola|10/100 brn|[from] brn
|upkeep
|turn|99
|
|t:|1781536486
|move|p2a: Alomomola|Protect|p2a: Alomomola
|-singleturn|p2a: Alomomola|Protect
|move|p1a: Marill me|Fire Fang|p2a: Alomomola
|-activate|p2a: Alomomola|move: Protect
|
|-heal|p2a: Alomomola|60/100 brn|[from] move: Wish|[wisher] Alomomola
|-damage|p2a: Alomomola|54/100 brn|[from] brn
|upkeep
|turn|100
|
|t:|1781536493
|switch|p1a: kaboom|Metagross|36/100
|-damage|p1a: kaboom|30/100|[from] Stealth Rock
|move|p2a: Alomomola|Wish|p2a: Alomomola
|
|-damage|p2a: Alomomola|48/100 brn|[from] brn
|upkeep
|turn|101
|
|t:|1781536496
|move|p2a: Alomomola|Protect|p2a: Alomomola
|-singleturn|p2a: Alomomola|Protect
|move|p1a: kaboom|Heavy Slam|p2a: Alomomola
|-activate|p2a: Alomomola|move: Protect
|
|-heal|p2a: Alomomola|98/100 brn|[from] move: Wish|[wisher] Alomomola
|-damage|p2a: Alomomola|92/100 brn|[from] brn
|upkeep
|turn|102
|
|t:|1781536508
|switch|p1a: He pulten on it|Dragapult, M|42/100
|move|p2a: Alomomola|Scald|p1a: He pulten on it
|-resisted|p1a: He pulten on it
|-damage|p1a: He pulten on it|34/100
|
|-damage|p2a: Alomomola|86/100 brn|[from] brn
|upkeep
|turn|103
|
|t:|1781536523
|move|p1a: He pulten on it|Hex|p2a: Alomomola
|-damage|p2a: Alomomola|22/100 brn
|move|p2a: Alomomola|Flip Turn|p1a: He pulten on it
|-resisted|p1a: He pulten on it
|-damage|p1a: He pulten on it|28/100
|
|t:|1781536528
|switch|p2a: Blissey|Blissey, F|56/100|[from] Flip Turn
|-damage|p2a: Blissey|39/100|[from] Spikes
|
|upkeep
|turn|104
|j| Agathina
|
|t:|1781536532
|move|p1a: He pulten on it|U-turn|p2a: Blissey
|-damage|p2a: Blissey|22/100
|
|t:|1781536536
|switch|p1a: Marill me|Garchomp, M|33/100|[from] U-turn
|-damage|p1a: Marill me|26/100|[from] Stealth Rock
|move|p2a: Blissey|Soft-Boiled|p2a: Blissey
|-heal|p2a: Blissey|72/100
|
|upkeep
|turn|105
|
|t:|1781536550
|switch|p2a: Gliscor|Gliscor, F|71/100 tox
|move|p1a: Marill me|Earthquake|p2a: Gliscor
|-immune|p2a: Gliscor
|
|-heal|p2a: Gliscor|83/100 tox|[from] ability: Poison Heal
|upkeep
|turn|106
|
|t:|1781536556
|switch|p1a: kaboom|Metagross|30/100
|-damage|p1a: kaboom|24/100|[from] Stealth Rock
|move|p2a: Gliscor|Toxic|p1a: kaboom
|-immune|p1a: kaboom
|
|-heal|p2a: Gliscor|96/100 tox|[from] ability: Poison Heal
|upkeep
|turn|107
|
|t:|1781536560
|move|p2a: Gliscor|Protect|p2a: Gliscor
|-singleturn|p2a: Gliscor|Protect
|move|p1a: kaboom|Heavy Slam|p2a: Gliscor
|-activate|p2a: Gliscor|move: Protect
|
|-heal|p2a: Gliscor|100/100 tox|[from] ability: Poison Heal
|upkeep
|turn|108
|
|t:|1781536569
|switch|p2a: Dondozo|Dondozo, F, shiny|87/100 slp
|-damage|p2a: Dondozo|70/100 slp|[from] Spikes
|move|p1a: kaboom|Heavy Slam|p2a: Dondozo
|-resisted|p2a: Dondozo
|-damage|p2a: Dondozo|59/100 slp
|
|-heal|p2a: Dondozo|65/100 slp|[from] item: Leftovers
|upkeep
|turn|109
|j| bingbong441
|
|t:|1781536577
|switch|p1a: Marill me|Garchomp, M|26/100
|-damage|p1a: Marill me|20/100|[from] Stealth Rock
|switch|p2a: Corviknight|Corviknight, F|19/100
|-ability|p2a: Corviknight|Pressure
|
|upkeep
|turn|110
|
|t:|1781536590
|-terastallize|p2a: Corviknight|Fighting
|move|p1a: Marill me|Fire Fang|p2a: Corviknight
|-damage|p2a: Corviknight|3/100
|cant|p2a: Corviknight|flinch
|
|upkeep
|turn|111
|
|t:|1781536607
|move|p1a: Marill me|Earthquake|p2a: Corviknight
|-damage|p2a: Corviknight|0 fnt
|faint|p2a: Corviknight
|
|upkeep
|
|t:|1781536614
|switch|p2a: Alomomola|Alomomola, F|56/100 brn
|-damage|p2a: Alomomola|39/100 brn|[from] Spikes
|turn|112
|
|t:|1781536618
|move|p2a: Alomomola|Wish|p2a: Alomomola
|move|p1a: Marill me|Dragon Tail|p2a: Alomomola|[miss]
|-miss|p1a: Marill me|p2a: Alomomola
|
|-damage|p2a: Alomomola|33/100 brn|[from] brn
|upkeep
|turn|113
|
|t:|1781536623
|move|p2a: Alomomola|Protect|p2a: Alomomola
|-singleturn|p2a: Alomomola|Protect
|move|p1a: Marill me|Spikes|p2a: Alomomola
|-sidestart|p2: IFreakingluvStall|Spikes
|
|-heal|p2a: Alomomola|83/100 brn|[from] move: Wish|[wisher] Alomomola
|-damage|p2a: Alomomola|77/100 brn|[from] brn
|upkeep
|turn|114
|
|t:|1781536627
|move|p2a: Alomomola|Wish|p2a: Alomomola
|move|p1a: Marill me|Dragon Tail|p2a: Alomomola|[miss]
|-miss|p1a: Marill me|p2a: Alomomola
|
|-damage|p2a: Alomomola|71/100 brn|[from] brn
|upkeep
|turn|115
|
|t:|1781536630
|move|p1a: Marill me|Earthquake|p2a: Alomomola
|-damage|p2a: Alomomola|48/100 brn
|move|p2a: Alomomola|Flip Turn|p1a: Marill me
|-damage|p1a: Marill me|15/100
|-damage|p2a: Alomomola|36/100 brn|[from] ability: Rough Skin|[of] p1a: Marill me
|-damage|p2a: Alomomola|19/100 brn|[from] item: Rocky Helmet|[of] p1a: Marill me
|
|t:|1781536638
|switch|p2a: Weezing|Weezing-Galar, M|67/100|[from] Flip Turn
|-ability|p2a: Weezing|Neutralizing Gas
|-damage|p2a: Weezing|42/100|[from] Spikes
|
|-heal|p2a: Weezing|100/100|[from] move: Wish|[wisher] Alomomola
|upkeep
|turn|116
|
|t:|1781536646
|switch|p1a: He pulten on it|Dragapult, M|28/100
|move|p2a: Weezing|Defog|p1a: He pulten on it
|-unboost|p1a: He pulten on it|evasion|1
|-sideend|p1: extra-pseudo man|Stealth Rock|[from] move: Defog|[of] p2a: Weezing
|-sideend|p2: IFreakingluvStall|Spikes|[from] move: Defog|[of] p2a: Weezing
|
|upkeep
|turn|117
|
|t:|1781536652
|-end|p2a: Weezing|ability: Neutralizing Gas
|switch|p2a: Blissey|Blissey, F|72/100
|move|p1a: He pulten on it|Will-O-Wisp|p2a: Blissey
|-status|p2a: Blissey|brn
|
|-damage|p2a: Blissey|66/100 brn|[from] brn
|upkeep
|turn|118
|
|t:|1781536660
|move|p1a: He pulten on it|U-turn|p2a: Blissey
|-damage|p2a: Blissey|49/100 brn
|
|t:|1781536661
|switch|p1a: kaboom|Metagross|24/100|[from] U-turn
|move|p2a: Blissey|Shadow Ball|p1a: kaboom
|-supereffective|p1a: kaboom
|-damage|p1a: kaboom|0 fnt
|faint|p1a: kaboom
|
|-damage|p2a: Blissey|43/100 brn|[from] brn
|upkeep
|
|t:|1781536664
|switch|p1a: Chud|Dragonite, M|100/100
|turn|119
|
|t:|1781536671
|-curestatus|p2a: Blissey|brn|[from] ability: Natural Cure|[silent]
|switch|p2a: Dondozo|Dondozo, F, shiny|65/100 slp
|-terastallize|p1a: Chud|Normal
|move|p1a: Chud|Dragon Dance|p1a: Chud
|-boost|p1a: Chud|atk|1
|-boost|p1a: Chud|spe|1
|
|-heal|p2a: Dondozo|71/100 slp|[from] item: Leftovers
|upkeep
|turn|120
|
|t:|1781536678
|move|p1a: Chud|Extreme Speed|p2a: Dondozo
|-damage|p2a: Dondozo|50/100 slp
|cant|p2a: Dondozo|slp
|move|p2a: Dondozo|Sleep Talk|p2a: Dondozo
|move|p2a: Dondozo|Rest||[from] move: Sleep Talk|[still]
|-fail|p2a: Dondozo
|
|-heal|p2a: Dondozo|56/100 slp|[from] item: Leftovers
|upkeep
|turn|121
|
|t:|1781536686
|move|p1a: Chud|Extreme Speed|p2a: Dondozo
|-damage|p2a: Dondozo|36/100 slp
|-curestatus|p2a: Dondozo|slp|[msg]
|move|p2a: Dondozo|Rest|p2a: Dondozo
|-status|p2a: Dondozo|slp|[from] move: Rest
|-heal|p2a: Dondozo|100/100 slp|[silent]
|
|upkeep
|turn|122
|-message|extra-pseudo man forfeited.
|
|win|IFreakingluvStall
|raw|extra-pseudo man's rating: 1701 &rarr; <strong>1681</strong><br />(-20 for losing)
|raw|IFreakingluvStall's rating: 1693 &rarr; <strong>1713</strong><br />(+20 for winning)
|c|☆extra-pseudo man|wp
|c|☆IFreakingluvStall|gg
|c|☆extra-pseudo man|gg
|l|☆IFreakingluvStall
|player|p2|
|l| Agathina
