|j|☆wubbybubbyjr
|j|☆kennojex
|t:|1781139457
|gametype|singles
|player|p1|wubbybubbyjr|preschooler|1662
|player|p2|kennojex|lucas|1624
|gen|9
|tier|[Gen 9] OU
|rated|
|rule|HP Percentage Mod: HP is shown in percentages
|rule|Endless Battle Clause: Forcing endless battles is banned
|rule|Species Clause: Limit one of each Pokémon
|rule|OHKO Clause: OHKO moves are banned
|rule|Evasion Items Clause: Evasion items are banned
|rule|Evasion Moves Clause: Evasion moves are banned
|rule|Evasion Abilities Clause: Evasion abilities are banned
|rule|Sleep Moves Clause: Sleep-inducing moves are banned
|clearpoke
|poke|p1|Darkrai|
|poke|p1|Deoxys-Speed|
|poke|p1|Gholdengo|
|poke|p1|Great Tusk|
|poke|p1|Ogerpon-Wellspring, F|
|poke|p1|Dragonite, M|
|poke|p2|Grimmsnarl, M|
|poke|p2|Garganacl, F|
|poke|p2|Manaphy|
|poke|p2|Latias, F|
|poke|p2|Incineroar, M|
|poke|p2|Polteageist-Antique|
|teampreview
|inactive|Battle timer is ON: inactive players will automatically lose when time's up. (requested by wubbybubbyjr)
|
|t:|1781139464
|teamsize|p1|6
|teamsize|p2|6
|start
|switch|p1a: Sheister|Darkrai|100/100
|switch|p2a: Grimmsnarl|Grimmsnarl, M|100/100
|turn|1
|
|t:|1781139470
|move|p2a: Grimmsnarl|Light Screen|p2a: Grimmsnarl
|-sidestart|p2: kennojex|move: Light Screen
|move|p1a: Sheister|Sludge Bomb|p2a: Grimmsnarl
|-supereffective|p2a: Grimmsnarl
|-damage|p2a: Grimmsnarl|61/100
|
|upkeep
|turn|2
|
|t:|1781139477
|switch|p2a: Garganacl|Garganacl, F|100/100
|move|p1a: Sheister|Sludge Bomb|p2a: Garganacl
|-resisted|p2a: Garganacl
|-damage|p2a: Garganacl|93/100
|
|-heal|p2a: Garganacl|99/100|[from] item: Leftovers
|upkeep
|turn|3
|
|t:|1781139480
|switch|p1a: Lightning Mcqueen|Deoxys-Speed|100/100
|-ability|p1a: Lightning Mcqueen|Pressure
|move|p2a: Garganacl|Salt Cure|p1a: Lightning Mcqueen
|-damage|p1a: Lightning Mcqueen|81/100
|-start|p1a: Lightning Mcqueen|Salt Cure
|
|-heal|p2a: Garganacl|100/100|[from] item: Leftovers
|-damage|p1a: Lightning Mcqueen|68/100|[from] Salt Cure
|upkeep
|turn|4
|
|t:|1781139483
|switch|p2a: Grimmsnarl|Grimmsnarl, M|61/100
|move|p1a: Lightning Mcqueen|Taunt|p2a: Grimmsnarl
|-start|p2a: Grimmsnarl|move: Taunt
|
|-damage|p1a: Lightning Mcqueen|56/100|[from] Salt Cure
|upkeep
|turn|5
|
|t:|1781139485
|move|p1a: Lightning Mcqueen|Stealth Rock|p2a: Grimmsnarl
|-sidestart|p2: kennojex|move: Stealth Rock
|move|p2a: Grimmsnarl|Spirit Break|p1a: Lightning Mcqueen
|-damage|p1a: Lightning Mcqueen|8/100
|-unboost|p1a: Lightning Mcqueen|spa|1
|
|-damage|p1a: Lightning Mcqueen|0 fnt|[from] Salt Cure
|faint|p1a: Lightning Mcqueen
|upkeep
|
|t:|1781139493
|switch|p1a: Big Slappa|Great Tusk|100/100
|turn|6
|
|t:|1781139500
|switch|p2a: Latias|Latias, F|100/100
|-damage|p2a: Latias|88/100|[from] Stealth Rock
|move|p1a: Big Slappa|Knock Off|p2a: Latias
|-supereffective|p2a: Latias
|-damage|p2a: Latias|25/100
|-enditem|p2a: Latias|Weakness Policy
|-boost|p2a: Latias|atk|2|[from] item: Weakness Policy
|-boost|p2a: Latias|spa|2|[from] item: Weakness Policy
|
|upkeep
|turn|7
|
|t:|1781139508
|move|p1a: Big Slappa|Knock Off|p2a: Latias
|-supereffective|p2a: Latias
|-damage|p2a: Latias|0 fnt
|faint|p2a: Latias
|
|upkeep
|
|t:|1781139524
|switch|p2a: Polteageist|Polteageist-Antique|100/100
|-damage|p2a: Polteageist|88/100|[from] Stealth Rock
|turn|8
|
|t:|1781139529
|move|p1a: Big Slappa|Headlong Rush|p2a: Polteageist
|-damage|p2a: Polteageist|24/100
|-unboost|p1a: Big Slappa|def|1
|-unboost|p1a: Big Slappa|spd|1
|move|p2a: Polteageist|Shell Smash|p2a: Polteageist
|-unboost|p2a: Polteageist|def|1
|-unboost|p2a: Polteageist|spd|1
|-boost|p2a: Polteageist|atk|2
|-boost|p2a: Polteageist|spa|2
|-boost|p2a: Polteageist|spe|2
|-enditem|p2a: Polteageist|White Herb
|-clearnegativeboost|p2a: Polteageist|[silent]
|
|-sideend|p2: kennojex|move: Light Screen
|upkeep
|turn|9
|
|t:|1781139539
|-end|p1a: Big Slappa|Protosynthesis|[silent]
|switch|p1a: Golden Child|Gholdengo|100/100
|move|p2a: Polteageist|Strength Sap|p1a: Golden Child
|-immune|p1a: Golden Child|[from] ability: Good as Gold
|
|upkeep
|turn|10
|
|t:|1781139545
|move|p1a: Golden Child|Shadow Ball|p2a: Polteageist
|-supereffective|p2a: Polteageist
|-damage|p2a: Polteageist|0 fnt
|faint|p2a: Polteageist
|
|upkeep
|
|t:|1781139550
|switch|p2a: Grimmsnarl|Grimmsnarl, M|61/100
|-damage|p2a: Grimmsnarl|49/100|[from] Stealth Rock
|turn|11
|
|t:|1781139553
|switch|p1a: Big Slappa|Great Tusk|100/100
|move|p2a: Grimmsnarl|Reflect|p2a: Grimmsnarl
|-sidestart|p2: kennojex|Reflect
|
|upkeep
|turn|12
|
|t:|1781139556
|move|p2a: Grimmsnarl|Light Screen|p2a: Grimmsnarl
|-sidestart|p2: kennojex|move: Light Screen
|move|p1a: Big Slappa|Knock Off|p2a: Grimmsnarl
|-resisted|p2a: Grimmsnarl
|-crit|p2a: Grimmsnarl
|-damage|p2a: Grimmsnarl|34/100
|-enditem|p2a: Grimmsnarl|Light Clay|[from] move: Knock Off|[of] p1a: Big Slappa
|
|upkeep
|turn|13
|
|t:|1781139560
|move|p1a: Big Slappa|Headlong Rush|p2a: Grimmsnarl
|-damage|p2a: Grimmsnarl|0 fnt
|-unboost|p1a: Big Slappa|def|1
|-unboost|p1a: Big Slappa|spd|1
|faint|p2a: Grimmsnarl
|
|upkeep
|
|t:|1781139572
|switch|p2a: Incineroar|Incineroar, M|100/100
|-damage|p2a: Incineroar|75/100|[from] Stealth Rock
|-ability|p2a: Incineroar|Intimidate|boost
|-unboost|p1a: Big Slappa|atk|1
|turn|14
|
|t:|1781139584
|-end|p1a: Big Slappa|Protosynthesis|[silent]
|switch|p1a: Capone|Ogerpon-Wellspring, F|100/100
|move|p2a: Incineroar|Flame Charge|p1a: Capone
|-damage|p1a: Capone|74/100
|-boost|p2a: Incineroar|spe|1
|
|upkeep
|turn|15
|
|t:|1781139589
|move|p2a: Incineroar|Bulk Up|p2a: Incineroar
|-boost|p2a: Incineroar|atk|1
|-boost|p2a: Incineroar|def|1
|move|p1a: Capone|Ivy Cudgel|p2a: Incineroar|[anim] Ivy Cudgel Water
|-supereffective|p2a: Incineroar
|-damage|p2a: Incineroar|31/100
|-enditem|p2a: Incineroar|Weakness Policy
|-boost|p2a: Incineroar|atk|2|[from] item: Weakness Policy
|-boost|p2a: Incineroar|spa|2|[from] item: Weakness Policy
|
|upkeep
|turn|16
|
|t:|1781139597
|move|p2a: Incineroar|Power Trip|p1a: Capone
|-damage|p1a: Capone|0 fnt
|faint|p1a: Capone
|
|upkeep
|
|t:|1781139607
|switch|p1a: Big Slappa|Great Tusk|100/100
|turn|17
|
|t:|1781139623
|move|p2a: Incineroar|Power Trip|p1a: Big Slappa
|-resisted|p1a: Big Slappa
|-damage|p1a: Big Slappa|44/100
|move|p1a: Big Slappa|Close Combat|p2a: Incineroar
|-supereffective|p2a: Incineroar
|-damage|p2a: Incineroar|0 fnt
|-unboost|p1a: Big Slappa|def|1
|-unboost|p1a: Big Slappa|spd|1
|faint|p2a: Incineroar
|
|upkeep
|
|t:|1781139632
|switch|p2a: Manaphy|Manaphy|100/100
|-damage|p2a: Manaphy|88/100|[from] Stealth Rock
|turn|18
|
|t:|1781139637
|move|p1a: Big Slappa|Knock Off|p2a: Manaphy
|-crit|p2a: Manaphy
|-damage|p2a: Manaphy|53/100
|-enditem|p2a: Manaphy|Leftovers|[from] move: Knock Off|[of] p1a: Big Slappa
|move|p2a: Manaphy|Acid Armor|p2a: Manaphy
|-boost|p2a: Manaphy|def|2
|
|-sideend|p2: kennojex|Reflect
|upkeep
|turn|19
|
|t:|1781139643
|-end|p1a: Big Slappa|Protosynthesis|[silent]
|switch|p1a: Golden Child|Gholdengo|100/100
|move|p2a: Manaphy|Scald|p1a: Golden Child
|-damage|p1a: Golden Child|70/100
|
|-sideend|p2: kennojex|move: Light Screen
|upkeep
|turn|20
|
|t:|1781139647
|move|p1a: Golden Child|Trick|p2a: Manaphy
|-activate|p1a: Golden Child|move: Trick|[of] p2a: Manaphy
|-item|p2a: Manaphy|Choice Scarf|[from] move: Trick
|-enditem|p1a: Golden Child|Choice Scarf|[silent]|[from] move: Trick
|move|p2a: Manaphy|Take Heart|p2a: Manaphy
|-boost|p2a: Manaphy|spa|1
|-boost|p2a: Manaphy|spd|1
|
|upkeep
|turn|21
|
|t:|1781139651
|switch|p1a: Sheister|Darkrai|100/100
|move|p2a: Manaphy|Take Heart|p2a: Manaphy
|-boost|p2a: Manaphy|spa|1
|-boost|p2a: Manaphy|spd|1
|
|upkeep
|turn|22
|
|t:|1781139656
|switch|p2a: Garganacl|Garganacl, F|100/100
|-damage|p2a: Garganacl|88/100|[from] Stealth Rock
|-terastallize|p1a: Sheister|Dark
|move|p1a: Sheister|Dark Pulse|p2a: Garganacl
|-damage|p2a: Garganacl|29/100
|
|-heal|p2a: Garganacl|35/100|[from] item: Leftovers
|upkeep
|turn|23
|-message|kennojex forfeited.
|
|win|wubbybubbyjr
|raw|wubbybubbyjr's rating: 1662 &rarr; <strong>1680</strong><br />(+18 for winning)
|raw|kennojex's rating: 1624 &rarr; <strong>1606</strong><br />(-18 for losing)
|l|☆kennojex
|player|p2|
|l|☆wubbybubbyjr
|player|p1|
