|j|☆lengyue007
|j|☆wavyish
|t:|1781256344
|gametype|singles
|player|p1|lengyue007|266|1533
|player|p2|wavyish|akari|1547
|gen|9
|tier|[Gen 9] OU
|rated|
|rule|HP Percentage Mod: HP is shown in percentages
|rule|Endless Battle Clause: Forcing endless battles is banned
|rule|Species Clause: Limit one of each Pokémon
|rule|OHKO Clause: OHKO moves are banned
|rule|Evasion Items Clause: Evasion items are banned
|rule|Evasion Moves Clause: Evasion moves are banned
|rule|Evasion Abilities Clause: Evasion abilities are banned
|rule|Sleep Moves Clause: Sleep-inducing moves are banned
|clearpoke
|poke|p1|Zamazenta-*|
|poke|p1|Dragapult, M|
|poke|p1|Raging Bolt|
|poke|p1|Moltres|
|poke|p1|Iron Treads|
|poke|p1|Samurott-Hisui, F|
|poke|p2|Hatterene, F|
|poke|p2|Great Tusk|
|poke|p2|Tornadus-Therian, M|
|poke|p2|Kyurem|
|poke|p2|Slowking-Galar, M|
|poke|p2|Kingambit, F|
|teampreview
|inactive|Battle timer is ON: inactive players will automatically lose when time's up. (requested by lengyue007)
|
|t:|1781256353
|teamsize|p1|6
|teamsize|p2|6
|start
|switch|p1a: 90%≠don't blunder|Samurott-Hisui, F|100/100
|switch|p2a: Hatterene|Hatterene, F|100/100
|turn|1
|
|t:|1781256359
|move|p1a: 90%≠don't blunder|Flip Turn|p2a: Hatterene
|-damage|p2a: Hatterene|65/100
|-damage|p1a: 90%≠don't blunder|84/100|[from] item: Rocky Helmet|[of] p2a: Hatterene
|
|t:|1781256362
|switch|p1a: 踩踩背|Iron Treads|100/100|[from] Flip Turn
|move|p2a: Hatterene|Nuzzle|p1a: 踩踩背
|-immune|p1a: 踩踩背
|
|upkeep
|turn|2
|
|t:|1781256369
|switch|p2a: Great Tusk|Great Tusk|100/100
|move|p1a: 踩踩背|Knock Off|p2a: Great Tusk
|-resisted|p2a: Great Tusk
|-damage|p2a: Great Tusk|92/100
|-damage|p1a: 踩踩背|84/100|[from] item: Rocky Helmet|[of] p2a: Great Tusk
|-enditem|p2a: Great Tusk|Rocky Helmet|[from] move: Knock Off|[of] p1a: 踩踩背
|
|-heal|p1a: 踩踩背|90/100|[from] item: Leftovers
|upkeep
|turn|3
|
|t:|1781256379
|-end|p1a: 踩踩背|Quark Drive|[silent]
|switch|p1a: Moltres|Moltres|100/100
|move|p2a: Great Tusk|Headlong Rush|p1a: Moltres
|-immune|p1a: Moltres
|
|upkeep
|turn|4
|
|t:|1781256383
|-end|p2a: Great Tusk|Protosynthesis|[silent]
|switch|p2a: Slowking|Slowking-Galar, M|100/100
|move|p1a: Moltres|U-turn|p2a: Slowking
|-damage|p2a: Slowking|90/100
|
|t:|1781256388
|switch|p1a: 90%≠don't blunder|Samurott-Hisui, F|84/100|[from] U-turn
|
|-heal|p2a: Slowking|96/100|[from] item: Black Sludge
|upkeep
|turn|5
|
|t:|1781256394
|switch|p2a: Great Tusk|Great Tusk|92/100
|move|p1a: 90%≠don't blunder|Razor Shell|p2a: Great Tusk
|-supereffective|p2a: Great Tusk
|-damage|p2a: Great Tusk|0 fnt
|faint|p2a: Great Tusk
|-end|p2a: Great Tusk|Protosynthesis|[silent]
|
|upkeep
|
|t:|1781256398
|switch|p2a: Kyurem|Kyurem|100/100
|-ability|p2a: Kyurem|Pressure
|turn|6
|
|t:|1781256406
|switch|p1a: Moltres|Moltres|100/100
|move|p2a: Kyurem|Freeze-Dry|p1a: Moltres
|-damage|p1a: Moltres|38/100
|
|upkeep
|turn|7
|
|t:|1781256421
|switch|p1a: 踩踩背|Iron Treads|90/100
|move|p2a: Kyurem|Freeze-Dry|p1a: 踩踩背
|-damage|p1a: 踩踩背|42/100
|
|-heal|p1a: 踩踩背|48/100|[from] item: Leftovers
|upkeep
|turn|8
|
|t:|1781256428
|-end|p1a: 踩踩背|Quark Drive|[silent]
|switch|p1a: Moltres|Moltres|38/100
|move|p2a: Kyurem|Freeze-Dry|p1a: Moltres
|-damage|p1a: Moltres|0 fnt
|faint|p1a: Moltres
|
|upkeep
|
|t:|1781256433
|switch|p1a: 24岁 喜欢发射孩子|Dragapult, M|100/100
|turn|9
|
|t:|1781256436
|switch|p2a: Tornadus|Tornadus-Therian, M|100/100
|move|p1a: 24岁 喜欢发射孩子|Draco Meteor|p2a: Tornadus
|-damage|p2a: Tornadus|45/100
|-unboost|p1a: 24岁 喜欢发射孩子|spa|2
|
|upkeep
|turn|10
|
|t:|1781256443
|switch|p1a: 长脖奶龙|Raging Bolt|100/100
|move|p2a: Tornadus|U-turn|p1a: 长脖奶龙
|-damage|p1a: 长脖奶龙|87/100
|
|t:|1781256448
|switch|p2a: Slowking|Slowking-Galar, M|100/100|[from] U-turn
|
|upkeep
|turn|11
|
|t:|1781256451
|move|p1a: 长脖奶龙|Volt Switch|p2a: Slowking
|-damage|p2a: Slowking|68/100
|
|t:|1781256459
|-end|p1a: 长脖奶龙|Protosynthesis|[silent]
|switch|p1a: 24岁 喜欢发射孩子|Dragapult, M|100/100|[from] Volt Switch
|-prepare|p2a: Slowking|Chilly Reception|[premajor]
|move|p2a: Slowking|Chilly Reception|p2a: Slowking
|-weather|Snowscape
|
|t:|1781256462
|switch|p2a: Tornadus|Tornadus-Therian, M|78/100|[from] Chilly Reception
|
|-weather|Snowscape|[upkeep]
|upkeep
|turn|12
|
|t:|1781256472
|move|p1a: 24岁 喜欢发射孩子|Shadow Ball|p2a: Tornadus
|-damage|p2a: Tornadus|45/100
|move|p2a: Tornadus|Knock Off|p1a: 24岁 喜欢发射孩子
|-supereffective|p1a: 24岁 喜欢发射孩子
|-damage|p1a: 24岁 喜欢发射孩子|44/100
|-enditem|p1a: 24岁 喜欢发射孩子|Choice Specs|[from] move: Knock Off|[of] p2a: Tornadus
|
|-weather|Snowscape|[upkeep]
|upkeep
|turn|13
|
|t:|1781256480
|move|p1a: 24岁 喜欢发射孩子|Draco Meteor|p2a: Tornadus
|-damage|p2a: Tornadus|7/100
|-unboost|p1a: 24岁 喜欢发射孩子|spa|2
|move|p2a: Tornadus|U-turn|p1a: 24岁 喜欢发射孩子
|-resisted|p1a: 24岁 喜欢发射孩子
|-damage|p1a: 24岁 喜欢发射孩子|34/100
|
|t:|1781256483
|switch|p2a: Slowking|Slowking-Galar, M|100/100|[from] U-turn
|
|-weather|Snowscape|[upkeep]
|upkeep
|turn|14
|
|t:|1781256486
|switch|p2a: Tornadus|Tornadus-Therian, M|40/100
|move|p1a: 24岁 喜欢发射孩子|U-turn|p2a: Tornadus
|-resisted|p2a: Tornadus
|-damage|p2a: Tornadus|31/100
|
|t:|1781256491
|switch|p1a: 长脖奶龙|Raging Bolt|87/100|[from] U-turn
|
|-weather|Snowscape|[upkeep]
|upkeep
|turn|15
|
|t:|1781256495
|switch|p2a: Slowking|Slowking-Galar, M|100/100
|move|p1a: 长脖奶龙|Volt Switch|p2a: Slowking
|-damage|p2a: Slowking|67/100
|
|t:|1781256498
|-end|p1a: 长脖奶龙|Protosynthesis|[silent]
|switch|p1a: 90%≠don't blunder|Samurott-Hisui, F|84/100|[from] Volt Switch
|
|-weather|none
|-heal|p2a: Slowking|73/100|[from] item: Black Sludge
|upkeep
|turn|16
|
|t:|1781256516
|switch|p2a: Kingambit|Kingambit, F|100/100
|-activate|p2a: Kingambit|ability: Supreme Overlord
|-start|p2a: Kingambit|fallen1|[silent]
|move|p1a: 90%≠don't blunder|Ceaseless Edge|p2a: Kingambit
|-resisted|p2a: Kingambit
|-damage|p2a: Kingambit|73/100
|-sidestart|p2: wavyish|Spikes
|
|-heal|p2a: Kingambit|79/100|[from] item: Leftovers
|upkeep
|turn|17
|
|t:|1781256525
|move|p1a: 90%≠don't blunder|Ceaseless Edge|p2a: Kingambit
|-resisted|p2a: Kingambit
|-damage|p2a: Kingambit|54/100
|-sidestart|p2: wavyish|Spikes
|move|p2a: Kingambit|Kowtow Cleave|p1a: 90%≠don't blunder
|-resisted|p1a: 90%≠don't blunder
|-damage|p1a: 90%≠don't blunder|49/100
|
|-heal|p2a: Kingambit|60/100|[from] item: Leftovers
|upkeep
|turn|18
|
|t:|1781256532
|move|p1a: 90%≠don't blunder|Ceaseless Edge|p2a: Kingambit
|-resisted|p2a: Kingambit
|-damage|p2a: Kingambit|36/100
|-sidestart|p2: wavyish|Spikes
|move|p2a: Kingambit|Swords Dance|p2a: Kingambit
|-boost|p2a: Kingambit|atk|2
|
|-heal|p2a: Kingambit|42/100|[from] item: Leftovers
|upkeep
|turn|19
|
|t:|1781256543
|switch|p1a: 脑袋尖尖的|Zamazenta|100/100
|-ability|p1a: 脑袋尖尖的|Dauntless Shield|boost
|-boost|p1a: 脑袋尖尖的|def|1
|move|p2a: Kingambit|Iron Head|p1a: 脑袋尖尖的
|-damage|p1a: 脑袋尖尖的|38/100
|
|-heal|p2a: Kingambit|48/100|[from] item: Leftovers
|upkeep
|turn|20
|c|☆lengyue007|？
|
|t:|1781256550
|-terastallize|p2a: Kingambit|Ghost
|move|p1a: 脑袋尖尖的|Close Combat|p2a: Kingambit
|-immune|p2a: Kingambit
|move|p2a: Kingambit|Iron Head|p1a: 脑袋尖尖的
|-damage|p1a: 脑袋尖尖的|0 fnt
|faint|p1a: 脑袋尖尖的
|
|-heal|p2a: Kingambit|54/100|[from] item: Leftovers
|upkeep
|
|t:|1781256557
|switch|p1a: 长脖奶龙|Raging Bolt|87/100
|turn|21
|
|t:|1781256562
|move|p2a: Kingambit|Sucker Punch|p1a: 长脖奶龙
|-damage|p1a: 长脖奶龙|11/100
|move|p1a: 长脖奶龙|Thunderbolt|p2a: Kingambit
|-damage|p2a: Kingambit|0 fnt
|faint|p2a: Kingambit
|-end|p2a: Kingambit|fallen1|[silent]
|
|upkeep
|
|t:|1781256566
|switch|p2a: Slowking|Slowking-Galar, M|100/100
|-damage|p2a: Slowking|76/100|[from] Spikes
|turn|22
|
|t:|1781256571
|move|p1a: 长脖奶龙|Volt Switch|p2a: Slowking
|-damage|p2a: Slowking|44/100
|
|t:|1781256576
|-end|p1a: 长脖奶龙|Protosynthesis|[silent]
|switch|p1a: 踩踩背|Iron Treads|48/100|[from] Volt Switch
|move|p2a: Slowking|Sludge Bomb|p1a: 踩踩背
|-immune|p1a: 踩踩背
|
|-heal|p1a: 踩踩背|54/100|[from] item: Leftovers
|-heal|p2a: Slowking|50/100|[from] item: Black Sludge
|upkeep
|turn|23
|
|t:|1781256581
|switch|p2a: Hatterene|Hatterene, F|65/100
|-damage|p2a: Hatterene|40/100|[from] Spikes
|move|p1a: 踩踩背|Stealth Rock|p2a: Hatterene
|move|p2a: Hatterene|Stealth Rock|p1a: 踩踩背|[from] ability: Magic Bounce
|-sidestart|p1: lengyue007|move: Stealth Rock
|
|-heal|p1a: 踩踩背|60/100|[from] item: Leftovers
|upkeep
|turn|24
|
|t:|1781256588
|move|p1a: 踩踩背|Rapid Spin|p2a: Hatterene
|-damage|p2a: Hatterene|30/100
|-boost|p1a: 踩踩背|spe|1
|-damage|p1a: 踩踩背|44/100|[from] item: Rocky Helmet|[of] p2a: Hatterene
|-sideend|p1: lengyue007|Stealth Rock|[from] move: Rapid Spin|[of] p1a: 踩踩背
|move|p2a: Hatterene|Pain Split|p1a: 踩踩背
|-sethp|p1a: 踩踩背|34/100|[from] move: Pain Split|[silent]
|-sethp|p2a: Hatterene|41/100|[from] move: Pain Split
|
|-heal|p1a: 踩踩背|40/100|[from] item: Leftovers
|upkeep
|turn|25
|
|t:|1781256602
|move|p1a: 踩踩背|Earthquake|p2a: Hatterene
|-damage|p2a: Hatterene|8/100
|move|p2a: Hatterene|Psychic Noise|p1a: 踩踩背
|-resisted|p1a: 踩踩背
|-damage|p1a: 踩踩背|27/100
|-start|p1a: 踩踩背|move: Heal Block
|
|upkeep
|turn|26
|
|t:|1781256610
|move|p1a: 踩踩背|Knock Off|p2a: Hatterene
|-damage|p2a: Hatterene|0 fnt
|-damage|p1a: 踩踩背|10/100|[from] item: Rocky Helmet|[of] p2a: Hatterene
|-enditem|p2a: Hatterene|Rocky Helmet|[from] move: Knock Off|[of] p1a: 踩踩背
|faint|p2a: Hatterene
|
|-end|p1a: 踩踩背|move: Heal Block
|upkeep
|
|t:|1781256614
|switch|p2a: Tornadus|Tornadus-Therian, M|64/100
|turn|27
|
|t:|1781256620
|move|p1a: 踩踩背|Knock Off|p2a: Tornadus
|-damage|p2a: Tornadus|37/100
|-enditem|p2a: Tornadus|Assault Vest|[from] move: Knock Off|[of] p1a: 踩踩背
|move|p2a: Tornadus|Knock Off|p1a: 踩踩背
|-damage|p1a: 踩踩背|0 fnt
|-enditem|p1a: 踩踩背|Leftovers|[from] move: Knock Off|[of] p2a: Tornadus
|faint|p1a: 踩踩背
|-end|p1a: 踩踩背|Quark Drive|[silent]
|
|upkeep
|
|t:|1781256633
|switch|p1a: 24岁 喜欢发射孩子|Dragapult, M|34/100
|turn|28
|
|t:|1781256640
|switch|p2a: Slowking|Slowking-Galar, M|83/100
|-damage|p2a: Slowking|58/100|[from] Spikes
|-terastallize|p1a: 24岁 喜欢发射孩子|Ghost
|move|p1a: 24岁 喜欢发射孩子|Shadow Ball|p2a: Slowking
|-supereffective|p2a: Slowking
|-damage|p2a: Slowking|0 fnt
|faint|p2a: Slowking
|
|upkeep
|
|t:|1781256642
|switch|p2a: Tornadus|Tornadus-Therian, M|70/100
|turn|29
|
|t:|1781256650
|move|p1a: 24岁 喜欢发射孩子|U-turn|p2a: Tornadus
|-resisted|p2a: Tornadus
|-damage|p2a: Tornadus|60/100
|
|t:|1781256653
|switch|p1a: 90%≠don't blunder|Samurott-Hisui, F|49/100|[from] U-turn
|move|p2a: Tornadus|Knock Off|p1a: 90%≠don't blunder
|-resisted|p1a: 90%≠don't blunder
|-damage|p1a: 90%≠don't blunder|37/100
|-enditem|p1a: 90%≠don't blunder|Choice Band|[from] move: Knock Off|[of] p2a: Tornadus
|
|upkeep
|turn|30
|
|t:|1781256660
|move|p1a: 90%≠don't blunder|Aqua Jet|p2a: Tornadus
|-damage|p2a: Tornadus|37/100
|move|p2a: Tornadus|Bleakwind Storm|p1a: 90%≠don't blunder
|-damage|p1a: 90%≠don't blunder|0 fnt
|faint|p1a: 90%≠don't blunder
|
|upkeep
|
|t:|1781256667
|switch|p1a: 24岁 喜欢发射孩子|Dragapult, M, tera:Ghost|34/100
|turn|31
|
|t:|1781256670
|move|p1a: 24岁 喜欢发射孩子|Shadow Ball|p2a: Tornadus
|-damage|p2a: Tornadus|0 fnt
|faint|p2a: Tornadus
|
|upkeep
|
|t:|1781256672
|switch|p2a: Kyurem|Kyurem|100/100
|-damage|p2a: Kyurem|76/100|[from] Spikes
|-ability|p2a: Kyurem|Pressure
|turn|32
|
|t:|1781256677
|move|p1a: 24岁 喜欢发射孩子|Draco Meteor|p2a: Kyurem
|-supereffective|p2a: Kyurem
|-damage|p2a: Kyurem|0 fnt
|-unboost|p1a: 24岁 喜欢发射孩子|spa|2
|faint|p2a: Kyurem
|
|win|lengyue007
|raw|lengyue007's rating: 1533 &rarr; <strong>1554</strong><br />(+21 for winning)
|raw|wavyish's rating: 1547 &rarr; <strong>1526</strong><br />(-21 for losing)
|l|☆wavyish
|player|p2|
|l|☆lengyue007
|player|p1|
