|j|☆LowEL0God
|j|☆n5v
|t:|1781453960
|gametype|singles
|player|p1|LowEL0God|265|1603
|player|p2|n5v|leon-masters|1633
|gen|9
|tier|[Gen 9] OU
|rated|
|rule|HP Percentage Mod: HP is shown in percentages
|rule|Endless Battle Clause: Forcing endless battles is banned
|rule|Species Clause: Limit one of each Pokémon
|rule|OHKO Clause: OHKO moves are banned
|rule|Evasion Items Clause: Evasion items are banned
|rule|Evasion Moves Clause: Evasion moves are banned
|rule|Evasion Abilities Clause: Evasion abilities are banned
|rule|Sleep Moves Clause: Sleep-inducing moves are banned
|clearpoke
|poke|p1|Pelipper, M|
|poke|p1|Raging Bolt|
|poke|p1|Overqwil, M|
|poke|p1|Barraskewda, M|
|poke|p1|Iron Treads|
|poke|p1|Kingambit, F|
|poke|p2|Raging Bolt|
|poke|p2|Enamorus, F|
|poke|p2|Rillaboom, F|
|poke|p2|Kingambit, M|
|poke|p2|Great Tusk|
|poke|p2|Slowking-Galar, M|
|teampreview
|c|☆LowEL0God|hf
|inactive|Battle timer is ON: inactive players will automatically lose when time's up. (requested by LowEL0God)
|c|☆n5v|glhf
|
|t:|1781453983
|teamsize|p1|6
|teamsize|p2|6
|start
|switch|p1a: Kingambit|Kingambit, F|100/100
|switch|p2a: goobing bolt|Raging Bolt|100/100
|turn|1
|
|t:|1781453987
|move|p2a: goobing bolt|Volt Switch|p1a: Kingambit
|-damage|p1a: Kingambit|34/100
|
|t:|1781453989
|-end|p2a: goobing bolt|Protosynthesis|[silent]
|switch|p2a: cheap tusk|Great Tusk, shiny|100/100|[from] Volt Switch
|move|p1a: Kingambit|Swords Dance|p1a: Kingambit
|-boost|p1a: Kingambit|atk|2
|
|-heal|p1a: Kingambit|41/100|[from] item: Leftovers
|upkeep
|turn|2
|
|t:|1781453992
|-end|p1a: Kingambit|fallenundefined|[silent]
|switch|p1a: Pelipper|Pelipper, M|100/100
|-weather|RainDance|[from] ability: Drizzle|[of] p1a: Pelipper
|move|p2a: cheap tusk|Headlong Rush|p1a: Pelipper
|-immune|p1a: Pelipper
|
|-weather|RainDance|[upkeep]
|upkeep
|turn|3
|
|t:|1781453995
|-end|p2a: cheap tusk|Protosynthesis|[silent]
|switch|p2a: goobing bolt|Raging Bolt|100/100
|move|p1a: Pelipper|Hurricane|p2a: goobing bolt
|-resisted|p2a: goobing bolt
|-damage|p2a: goobing bolt|84/100
|
|-weather|RainDance|[upkeep]
|upkeep
|turn|4
|
|t:|1781453998
|switch|p1a: Iron Treads|Iron Treads|100/100
|-enditem|p1a: Iron Treads|Booster Energy
|-activate|p1a: Iron Treads|ability: Quark Drive|[fromitem]
|-start|p1a: Iron Treads|quarkdrivespe
|move|p2a: goobing bolt|Draco Meteor|p1a: Iron Treads
|-resisted|p1a: Iron Treads
|-crit|p1a: Iron Treads
|-damage|p1a: Iron Treads|0 fnt
|-unboost|p2a: goobing bolt|spa|2
|faint|p1a: Iron Treads
|-end|p1a: Iron Treads|Quark Drive|[silent]
|
|-weather|RainDance|[upkeep]
|upkeep
|
|t:|1781453999
|switch|p1a: Kingambit|Kingambit, F|41/100
|-activate|p1a: Kingambit|ability: Supreme Overlord
|-start|p1a: Kingambit|fallen1|[silent]
|turn|5
|c|☆n5v|mb
|
|t:|1781454004
|-end|p2a: goobing bolt|Protosynthesis|[silent]
|switch|p2a: cheap tusk|Great Tusk, shiny|100/100
|move|p1a: Kingambit|Kowtow Cleave|p2a: cheap tusk
|-resisted|p2a: cheap tusk
|-damage|p2a: cheap tusk|84/100
|
|-weather|RainDance|[upkeep]
|-heal|p2a: cheap tusk|90/100|[from] item: Leftovers
|-heal|p1a: Kingambit|47/100|[from] item: Leftovers
|upkeep
|turn|6
|
|t:|1781454008
|-end|p1a: Kingambit|fallen1|[silent]
|switch|p1a: Pelipper|Pelipper, M|100/100
|move|p2a: cheap tusk|Stealth Rock|p1a: Pelipper
|-sidestart|p1: LowEL0God|move: Stealth Rock
|
|-weather|RainDance|[upkeep]
|-heal|p2a: cheap tusk|97/100|[from] item: Leftovers
|upkeep
|turn|7
|
|t:|1781454010
|-end|p2a: cheap tusk|Protosynthesis|[silent]
|switch|p2a: goobing bolt|Raging Bolt|84/100
|move|p1a: Pelipper|Hurricane|p2a: goobing bolt
|-resisted|p2a: goobing bolt
|-damage|p2a: goobing bolt|66/100
|
|-weather|RainDance|[upkeep]
|upkeep
|turn|8
|
|t:|1781454011
|switch|p1a: Kingambit|Kingambit, F|47/100
|-damage|p1a: Kingambit|41/100|[from] Stealth Rock
|-activate|p1a: Kingambit|ability: Supreme Overlord
|-start|p1a: Kingambit|fallen1|[silent]
|move|p2a: goobing bolt|Draco Meteor|p1a: Kingambit
|-resisted|p1a: Kingambit
|-damage|p1a: Kingambit|0 fnt
|-unboost|p2a: goobing bolt|spa|2
|faint|p1a: Kingambit
|-end|p1a: Kingambit|fallen1|[silent]
|
|-weather|RainDance|[upkeep]
|upkeep
|
|t:|1781454012
|switch|p1a: Overqwil|Overqwil, M|100/100
|-damage|p1a: Overqwil|88/100|[from] Stealth Rock
|turn|9
|
|t:|1781454020
|-end|p2a: goobing bolt|Protosynthesis|[silent]
|switch|p2a: neededaghostresist|Kingambit, M, shiny|100/100
|move|p1a: Overqwil|Gunk Shot|p2a: neededaghostresist
|-immune|p2a: neededaghostresist
|
|-weather|none
|upkeep
|turn|10
|
|t:|1781454023
|move|p1a: Overqwil|Swords Dance|p1a: Overqwil
|-boost|p1a: Overqwil|atk|2
|move|p2a: neededaghostresist|Swords Dance|p2a: neededaghostresist
|-boost|p2a: neededaghostresist|atk|2
|
|upkeep
|turn|11
|
|t:|1781454025
|move|p1a: Overqwil|Liquidation|p2a: neededaghostresist
|-damage|p2a: neededaghostresist|35/100
|-damage|p1a: Overqwil|78/100|[from] item: Life Orb
|move|p2a: neededaghostresist|Iron Head|p1a: Overqwil
|-damage|p1a: Overqwil|0 fnt
|faint|p1a: Overqwil
|
|-heal|p2a: neededaghostresist|42/100|[from] item: Leftovers
|upkeep
|
|t:|1781454028
|switch|p1a: Raging Bolt|Raging Bolt|100/100
|-damage|p1a: Raging Bolt|88/100|[from] Stealth Rock
|-enditem|p1a: Raging Bolt|Booster Energy
|-activate|p1a: Raging Bolt|ability: Protosynthesis|[fromitem]
|-start|p1a: Raging Bolt|protosynthesisspa
|turn|12
|
|t:|1781454031
|move|p1a: Raging Bolt|Thunderclap|p2a: neededaghostresist
|-damage|p2a: neededaghostresist|0 fnt
|faint|p2a: neededaghostresist
|-end|p2a: neededaghostresist|fallenundefined|[silent]
|
|upkeep
|
|t:|1781454035
|switch|p2a: cheap tusk|Great Tusk, shiny|97/100
|turn|13
|
|t:|1781454038
|-terastallize|p1a: Raging Bolt|Fairy
|move|p2a: cheap tusk|Headlong Rush|p1a: Raging Bolt
|-damage|p1a: Raging Bolt|42/100
|-unboost|p2a: cheap tusk|def|1
|-unboost|p2a: cheap tusk|spd|1
|move|p1a: Raging Bolt|Draco Meteor|p2a: cheap tusk
|-damage|p2a: cheap tusk|0 fnt
|-unboost|p1a: Raging Bolt|spa|2
|faint|p2a: cheap tusk
|-end|p2a: cheap tusk|Protosynthesis|[silent]
|
|upkeep
|
|t:|1781454040
|switch|p2a: diddy kong|Rillaboom, F, shiny|100/100
|-fieldstart|move: Grassy Terrain|[from] ability: Grassy Surge|[of] p2a: diddy kong
|turn|14
|
|t:|1781454042
|move|p2a: diddy kong|Grassy Glide|p1a: Raging Bolt
|-damage|p1a: Raging Bolt|0 fnt
|faint|p1a: Raging Bolt
|-end|p1a: Raging Bolt|Protosynthesis|[silent]
|-damage|p2a: diddy kong|91/100|[from] item: Life Orb
|
|-heal|p2a: diddy kong|97/100|[from] Grassy Terrain
|upkeep
|
|t:|1781454044
|switch|p1a: Pelipper|Pelipper, M|100/100
|-damage|p1a: Pelipper|76/100|[from] Stealth Rock
|-weather|RainDance|[from] ability: Drizzle|[of] p1a: Pelipper
|turn|15
|
|t:|1781454048
|switch|p2a: goobing bolt|Raging Bolt|66/100
|move|p1a: Pelipper|Hurricane|p2a: goobing bolt
|-resisted|p2a: goobing bolt
|-damage|p2a: goobing bolt|49/100
|-start|p2a: goobing bolt|confusion
|
|-weather|RainDance|[upkeep]
|-heal|p2a: goobing bolt|55/100|[from] Grassy Terrain
|upkeep
|turn|16
|
|t:|1781454050
|-activate|p2a: goobing bolt|confusion
|move|p2a: goobing bolt|Volt Switch|p1a: Pelipper
|-supereffective|p1a: Pelipper
|-damage|p1a: Pelipper|0 fnt
|faint|p1a: Pelipper
|
|t:|1781454052
|-end|p2a: goobing bolt|Protosynthesis|[silent]
|switch|p2a: diddy kong|Rillaboom, F, shiny|97/100|[from] Volt Switch
|
|-weather|RainDance|[upkeep]
|-heal|p2a: diddy kong|100/100|[from] Grassy Terrain
|upkeep
|
|t:|1781454053
|switch|p1a: Barraskewda|Barraskewda, M|100/100
|-damage|p1a: Barraskewda|88/100|[from] Stealth Rock
|turn|17
|
|t:|1781454054
|move|p2a: diddy kong|Grassy Glide|p1a: Barraskewda
|-supereffective|p1a: Barraskewda
|-damage|p1a: Barraskewda|0 fnt
|faint|p1a: Barraskewda
|-damage|p2a: diddy kong|91/100|[from] item: Life Orb
|
|win|n5v
|raw|LowEL0God's rating: 1603 &rarr; <strong>1585</strong><br />(-18 for losing)
|raw|n5v's rating: 1633 &rarr; <strong>1651</strong><br />(+18 for winning)
