|j|☆omari p
|j|☆ilikemos
|t:|1781354967
|gametype|singles
|player|p1|omari p|pokemonrangerf|1519
|player|p2|ilikemos|266|1553
|gen|9
|tier|[Gen 9] OU
|rated|
|rule|HP Percentage Mod: HP is shown in percentages
|rule|Endless Battle Clause: Forcing endless battles is banned
|rule|Species Clause: Limit one of each Pokémon
|rule|OHKO Clause: OHKO moves are banned
|rule|Evasion Items Clause: Evasion items are banned
|rule|Evasion Moves Clause: Evasion moves are banned
|rule|Evasion Abilities Clause: Evasion abilities are banned
|rule|Sleep Moves Clause: Sleep-inducing moves are banned
|clearpoke
|poke|p1|Cinderace, M|
|poke|p1|Skeledirge, F|
|poke|p1|Latios, M|
|poke|p1|Mandibuzz, F|
|poke|p1|Gallade, M|
|poke|p1|Gastrodon, M|
|poke|p2|Great Tusk|
|poke|p2|Gholdengo|
|poke|p2|Ogerpon-Wellspring, F|
|poke|p2|Raging Bolt|
|poke|p2|Kingambit, M|
|poke|p2|Zamazenta-*|
|teampreview
|
|t:|1781355009
|teamsize|p1|6
|teamsize|p2|6
|start
|switch|p1a: Gallade|Gallade, M|100/100
|switch|p2a: Ogerpon|Ogerpon-Wellspring, F|100/100
|turn|1
|inactive|Battle timer is ON: inactive players will automatically lose when time's up. (requested by omari p)
|
|t:|1781355018
|switch|p1a: Omari P Bird|Mandibuzz, F, shiny|100/100
|move|p2a: Ogerpon|Ivy Cudgel|p1a: Omari P Bird|[anim] Ivy Cudgel Water
|-crit|p1a: Omari P Bird
|-damage|p1a: Omari P Bird|46/100
|
|upkeep
|turn|2
|
|t:|1781355027
|move|p2a: Ogerpon|Swords Dance|p2a: Ogerpon
|-boost|p2a: Ogerpon|atk|2
|move|p1a: Omari P Bird|Roost|p1a: Omari P Bird
|-heal|p1a: Omari P Bird|96/100
|-singleturn|p1a: Omari P Bird|move: Roost
|
|upkeep
|turn|3
|
|t:|1781355031
|move|p2a: Ogerpon|Ivy Cudgel|p1a: Omari P Bird|[anim] Ivy Cudgel Water
|-damage|p1a: Omari P Bird|27/100
|move|p1a: Omari P Bird|Foul Play|p2a: Ogerpon
|-damage|p2a: Ogerpon|0 fnt
|faint|p2a: Ogerpon
|
|upkeep
|
|t:|1781355038
|switch|p2a: Zamazenta|Zamazenta|100/100
|-ability|p2a: Zamazenta|Dauntless Shield|boost
|-boost|p2a: Zamazenta|def|1
|turn|4
|
|t:|1781355043
|move|p2a: Zamazenta|Body Press|p1a: Omari P Bird
|-damage|p1a: Omari P Bird|0 fnt
|-damage|p2a: Zamazenta|84/100|[from] item: Rocky Helmet|[of] p1a: Omari P Bird
|faint|p1a: Omari P Bird
|
|-heal|p2a: Zamazenta|90/100|[from] item: Leftovers
|upkeep
|
|t:|1781355048
|switch|p1a: Skeledirge|Skeledirge, F|100/100
|turn|5
|
|t:|1781355054
|switch|p2a: Raging Bolt|Raging Bolt|100/100
|move|p1a: Skeledirge|Torch Song|p2a: Raging Bolt
|-resisted|p2a: Raging Bolt
|-damage|p2a: Raging Bolt|83/100
|-boost|p1a: Skeledirge|spa|1
|
|upkeep
|turn|6
|
|t:|1781355057
|switch|p1a: Gastrodon|Gastrodon, M|100/100
|move|p2a: Raging Bolt|Thunderbolt|p1a: Gastrodon
|-immune|p1a: Gastrodon
|
|upkeep
|turn|7
|
|t:|1781355065
|-terastallize|p2a: Raging Bolt|Fairy
|move|p2a: Raging Bolt|Calm Mind|p2a: Raging Bolt
|-boost|p2a: Raging Bolt|spa|1
|-boost|p2a: Raging Bolt|spd|1
|move|p1a: Gastrodon|Earth Power|p2a: Raging Bolt
|-damage|p2a: Raging Bolt|61/100
|
|upkeep
|turn|8
|
|t:|1781355069
|move|p2a: Raging Bolt|Calm Mind|p2a: Raging Bolt
|-boost|p2a: Raging Bolt|spa|1
|-boost|p2a: Raging Bolt|spd|1
|move|p1a: Gastrodon|Stealth Rock|p2a: Raging Bolt
|-sidestart|p2: ilikemos|move: Stealth Rock
|
|upkeep
|turn|9
|
|t:|1781355075
|move|p2a: Raging Bolt|Draco Meteor|p1a: Gastrodon
|-damage|p1a: Gastrodon|0 fnt
|-unboost|p2a: Raging Bolt|spa|2
|faint|p1a: Gastrodon
|
|upkeep
|
|t:|1781355078
|switch|p1a: Cinderace|Cinderace, M|100/100
|turn|10
|
|t:|1781355086
|move|p1a: Cinderace|Pyro Ball|p2a: Raging Bolt
|-damage|p2a: Raging Bolt|7/100
|move|p2a: Raging Bolt|Thunderbolt|p1a: Cinderace
|-damage|p1a: Cinderace|32/100
|-status|p1a: Cinderace|par
|
|upkeep
|turn|11
|
|t:|1781355093
|cant|p1a: Cinderace|par
|move|p2a: Raging Bolt|Thunderbolt|p1a: Cinderace
|-damage|p1a: Cinderace|0 fnt
|faint|p1a: Cinderace
|
|upkeep
|
|t:|1781355096
|switch|p1a: Gallade|Gallade, M|100/100
|turn|12
|
|t:|1781355108
|move|p2a: Raging Bolt|Thunderclap|p1a: Gallade
|-damage|p1a: Gallade|65/100
|move|p1a: Gallade|Knock Off|p2a: Raging Bolt
|-resisted|p2a: Raging Bolt
|-damage|p2a: Raging Bolt|0 fnt
|-enditem|p2a: Raging Bolt|Heavy-Duty Boots|[from] move: Knock Off|[of] p1a: Gallade
|faint|p2a: Raging Bolt
|-end|p2a: Raging Bolt|Protosynthesis|[silent]
|
|upkeep
|
|t:|1781355116
|switch|p2a: Great Tusk|Great Tusk|100/100
|-damage|p2a: Great Tusk|98/100|[from] Stealth Rock
|turn|13
|
|t:|1781355118
|move|p1a: Gallade|Psycho Cut|p2a: Great Tusk
|-supereffective|p2a: Great Tusk
|-damage|p2a: Great Tusk|42/100
|move|p2a: Great Tusk|Knock Off|p1a: Gallade
|-damage|p1a: Gallade|19/100
|-enditem|p1a: Gallade|Muscle Band|[from] move: Knock Off|[of] p2a: Great Tusk
|
|-heal|p2a: Great Tusk|48/100|[from] item: Leftovers
|upkeep
|turn|14
|
|t:|1781355134
|move|p1a: Gallade|Psycho Cut|p2a: Great Tusk
|-supereffective|p2a: Great Tusk
|-damage|p2a: Great Tusk|0 fnt
|faint|p2a: Great Tusk
|-end|p2a: Great Tusk|Protosynthesis|[silent]
|
|upkeep
|
|t:|1781355146
|switch|p2a: Gholdengo|Gholdengo|100/100
|-damage|p2a: Gholdengo|94/100|[from] Stealth Rock
|-item|p2a: Gholdengo|Air Balloon
|turn|15
|
|t:|1781355151
|move|p2a: Gholdengo|Shadow Ball|p1a: Gallade
|-supereffective|p1a: Gallade
|-crit|p1a: Gallade
|-damage|p1a: Gallade|0 fnt
|faint|p1a: Gallade
|
|upkeep
|
|t:|1781355161
|switch|p1a: Latios|Latios, M|100/100
|turn|16
|
|t:|1781355164
|move|p1a: Latios|Luster Purge|p2a: Gholdengo
|-resisted|p2a: Gholdengo
|-damage|p2a: Gholdengo|66/100
|-unboost|p2a: Gholdengo|spd|1
|-enditem|p2a: Gholdengo|Air Balloon
|move|p2a: Gholdengo|Shadow Ball|p1a: Latios
|-supereffective|p1a: Latios
|-damage|p1a: Latios|16/100
|
|upkeep
|turn|17
|
|t:|1781355174
|move|p1a: Latios|Luster Purge|p2a: Gholdengo
|-resisted|p2a: Gholdengo
|-crit|p2a: Gholdengo
|-damage|p2a: Gholdengo|0 fnt
|faint|p2a: Gholdengo
|
|upkeep
|
|t:|1781355181
|switch|p2a: Kingambit|Kingambit, M|100/100
|-damage|p2a: Kingambit|94/100|[from] Stealth Rock
|-activate|p2a: Kingambit|ability: Supreme Overlord
|-start|p2a: Kingambit|fallen4|[silent]
|turn|18
|
|t:|1781355183
|move|p2a: Kingambit|Sucker Punch|p1a: Latios
|-supereffective|p1a: Latios
|-damage|p1a: Latios|0 fnt
|faint|p1a: Latios
|
|upkeep
|
|t:|1781355185
|switch|p1a: Skeledirge|Skeledirge, F|100/100
|turn|19
|
|t:|1781355188
|-terastallize|p1a: Skeledirge|Fairy
|move|p1a: Skeledirge|Torch Song|p2a: Kingambit
|-supereffective|p2a: Kingambit
|-damage|p2a: Kingambit|24/100
|-boost|p1a: Skeledirge|spa|1
|move|p2a: Kingambit|Kowtow Cleave|p1a: Skeledirge
|-resisted|p1a: Skeledirge
|-damage|p1a: Skeledirge|65/100
|
|upkeep
|turn|20
|
|t:|1781355195
|move|p2a: Kingambit|Sucker Punch||[still]
|-fail|p2a: Kingambit
|move|p1a: Skeledirge|Substitute|p1a: Skeledirge
|-start|p1a: Skeledirge|Substitute
|-damage|p1a: Skeledirge|40/100
|
|upkeep
|turn|21
|-message|ilikemos forfeited.
|
|win|omari p
|raw|omari p's rating: 1519 &rarr; <strong>1541</strong><br />(+22 for winning)
|raw|ilikemos's rating: 1553 &rarr; <strong>1531</strong><br />(-22 for losing)
|l|☆ilikemos
|player|p2|
