|j|☆kooopooolooo
|j|☆jd2sleepy
|t:|1781382162
|gametype|singles
|player|p1|kooopooolooo|266|1489
|player|p2|jd2sleepy|brock|1559
|gen|9
|tier|[Gen 9] OU
|rated|
|rule|HP Percentage Mod: HP is shown in percentages
|rule|Endless Battle Clause: Forcing endless battles is banned
|rule|Species Clause: Limit one of each Pokémon
|rule|OHKO Clause: OHKO moves are banned
|rule|Evasion Items Clause: Evasion items are banned
|rule|Evasion Moves Clause: Evasion moves are banned
|rule|Evasion Abilities Clause: Evasion abilities are banned
|rule|Sleep Moves Clause: Sleep-inducing moves are banned
|clearpoke
|poke|p1|Tyranitar, F|
|poke|p1|Excadrill, F|
|poke|p1|Rotom-Wash|
|poke|p1|Latios, M|
|poke|p1|Landorus-Therian, M|
|poke|p1|Scizor, F|
|poke|p2|Glimmora, F|
|poke|p2|Gholdengo|
|poke|p2|Ceruledge, F|
|poke|p2|Kingambit, F|
|poke|p2|Ogerpon-Wellspring, F|
|poke|p2|Cobalion|
|teampreview
|
|t:|1781382214
|teamsize|p1|6
|teamsize|p2|6
|start
|switch|p1a: Landorus|Landorus-Therian, M|100/100
|switch|p2a: WhySoGlim|Glimmora, F|100/100
|-ability|p1a: Landorus|Intimidate|boost
|-unboost|p2a: WhySoGlim|atk|1
|turn|1
|
|t:|1781382225
|move|p1a: Landorus|Earth Power|p2a: WhySoGlim
|-supereffective|p2a: WhySoGlim
|-damage|p2a: WhySoGlim|0 fnt
|faint|p2a: WhySoGlim
|
|upkeep
|
|t:|1781382228
|switch|p2a: Cudge Judy|Ogerpon-Wellspring, F|100/100
|turn|2
|l|☆jd2sleepy
|player|p2|
|j|☆jd2sleepy
|player|p2|jd2sleepy|blackbelt-gen4dp|
|
|t:|1781382345
|switch|p1a: Rotom|Rotom-Wash|100/100
|move|p2a: Cudge Judy|Ivy Cudgel|p1a: Rotom|[anim] Ivy Cudgel Water
|-resisted|p1a: Rotom
|-damage|p1a: Rotom|76/100
|
|-heal|p1a: Rotom|83/100|[from] item: Leftovers
|upkeep
|turn|3
|
|t:|1781382350
|move|p2a: Cudge Judy|Power Whip|p1a: Rotom
|-supereffective|p1a: Rotom
|-damage|p1a: Rotom|0 fnt
|faint|p1a: Rotom
|
|upkeep
|
|t:|1781382354
|switch|p1a: Latios|Latios, M|100/100
|turn|4
|
|t:|1781382357
|move|p1a: Latios|Draco Meteor|p2a: Cudge Judy
|-damage|p2a: Cudge Judy|2/100
|-unboost|p1a: Latios|spa|2
|move|p2a: Cudge Judy|Play Rough|p1a: Latios
|-supereffective|p1a: Latios
|-damage|p1a: Latios|0 fnt
|faint|p1a: Latios
|
|upkeep
|
|t:|1781382361
|switch|p1a: Scizor|Scizor, F|100/100
|turn|5
|
|t:|1781382365
|move|p2a: Cudge Judy|Ivy Cudgel|p1a: Scizor|[anim] Ivy Cudgel Water
|-damage|p1a: Scizor|43/100
|move|p1a: Scizor|Knock Off|p2a: Cudge Judy
|-damage|p2a: Cudge Judy|0 fnt
|faint|p2a: Cudge Judy
|
|upkeep
|
|t:|1781382374
|switch|p2a: CoBeBallin|Cobalion|100/100
|turn|6
|
|t:|1781382377
|switch|p1a: Landorus|Landorus-Therian, M|100/100
|-ability|p1a: Landorus|Intimidate|boost
|-unboost|p2a: CoBeBallin|atk|1
|move|p2a: CoBeBallin|Iron Defense|p2a: CoBeBallin
|-boost|p2a: CoBeBallin|def|2
|
|upkeep
|turn|7
|
|t:|1781382380
|switch|p2a: 平和|Kingambit, F|100/100
|-activate|p2a: 平和|ability: Supreme Overlord
|-start|p2a: 平和|fallen2|[silent]
|-item|p2a: 平和|Air Balloon
|move|p1a: Landorus|Earth Power|p2a: 平和
|-immune|p2a: 平和
|
|upkeep
|turn|8
|
|t:|1781382387
|-end|p2a: 平和|fallen2|[silent]
|switch|p2a: CoBeBallin|Cobalion|100/100
|move|p1a: Landorus|Taunt|p2a: CoBeBallin
|-start|p2a: CoBeBallin|move: Taunt
|
|upkeep
|turn|9
|
|t:|1781382391
|move|p1a: Landorus|Earth Power|p2a: CoBeBallin
|-supereffective|p2a: CoBeBallin
|-damage|p2a: CoBeBallin|30/100
|move|p2a: CoBeBallin|Heavy Slam|p1a: Landorus
|-damage|p1a: Landorus|74/100
|-damage|p2a: CoBeBallin|13/100|[from] item: Rocky Helmet|[of] p1a: Landorus
|
|-heal|p2a: CoBeBallin|20/100|[from] item: Leftovers
|upkeep
|turn|10
|
|t:|1781382399
|move|p1a: Landorus|U-turn|p2a: CoBeBallin
|-resisted|p2a: CoBeBallin
|-damage|p2a: CoBeBallin|17/100
|
|t:|1781382401
|switch|p1a: Scizor|Scizor, F|43/100|[from] U-turn
|move|p2a: CoBeBallin|Heavy Slam|p1a: Scizor
|-resisted|p1a: Scizor
|-damage|p1a: Scizor|34/100
|
|-heal|p2a: CoBeBallin|23/100|[from] item: Leftovers
|-end|p2a: CoBeBallin|move: Taunt
|upkeep
|turn|11
|
|t:|1781382404
|switch|p1a: Landorus|Landorus-Therian, M|74/100
|-ability|p1a: Landorus|Intimidate|boost
|-unboost|p2a: CoBeBallin|atk|1
|move|p2a: CoBeBallin|Body Press|p1a: Landorus
|-resisted|p1a: Landorus
|-damage|p1a: Landorus|52/100
|-damage|p2a: CoBeBallin|6/100|[from] item: Rocky Helmet|[of] p1a: Landorus
|
|-heal|p2a: CoBeBallin|13/100|[from] item: Leftovers
|upkeep
|turn|12
|
|t:|1781382407
|move|p1a: Landorus|U-turn|p2a: CoBeBallin
|-resisted|p2a: CoBeBallin
|-damage|p2a: CoBeBallin|10/100
|
|t:|1781382409
|switch|p1a: Scizor|Scizor, F|34/100|[from] U-turn
|move|p2a: CoBeBallin|Heavy Slam|p1a: Scizor
|-resisted|p1a: Scizor
|-damage|p1a: Scizor|27/100
|
|-heal|p2a: CoBeBallin|16/100|[from] item: Leftovers
|upkeep
|turn|13
|
|t:|1781382410
|move|p1a: Scizor|Bullet Punch|p2a: CoBeBallin
|-resisted|p2a: CoBeBallin
|-damage|p2a: CoBeBallin|2/100
|move|p2a: CoBeBallin|Body Press|p1a: Scizor
|-damage|p1a: Scizor|0 fnt
|faint|p1a: Scizor
|
|-heal|p2a: CoBeBallin|9/100|[from] item: Leftovers
|upkeep
|
|t:|1781382413
|switch|p1a: Landorus|Landorus-Therian, M|52/100
|-ability|p1a: Landorus|Intimidate|boost
|-unboost|p2a: CoBeBallin|atk|1
|turn|14
|
|t:|1781382416
|move|p1a: Landorus|Earth Power|p2a: CoBeBallin
|-supereffective|p2a: CoBeBallin
|-damage|p2a: CoBeBallin|0 fnt
|faint|p2a: CoBeBallin
|
|upkeep
|
|t:|1781382420
|switch|p2a: Dengos Domain|Gholdengo|100/100
|turn|15
|
|t:|1781382425
|switch|p1a: Excadrill|Excadrill, F|100/100
|-item|p1a: Excadrill|Air Balloon
|move|p2a: Dengos Domain|Make It Rain|p1a: Excadrill
|-resisted|p1a: Excadrill
|-damage|p1a: Excadrill|70/100
|-unboost|p2a: Dengos Domain|spa|1
|-enditem|p1a: Excadrill|Air Balloon
|
|upkeep
|turn|16
|
|t:|1781382429
|switch|p1a: Tyranitar|Tyranitar, F|100/100
|-weather|Sandstorm|[from] ability: Sand Stream|[of] p1a: Tyranitar
|move|p2a: Dengos Domain|Make It Rain|p1a: Tyranitar
|-supereffective|p1a: Tyranitar
|-damage|p1a: Tyranitar|57/100
|-unboost|p2a: Dengos Domain|spa|1
|
|-weather|Sandstorm|[upkeep]
|upkeep
|turn|17
|
|t:|1781382432
|move|p2a: Dengos Domain|Make It Rain|p1a: Tyranitar
|-supereffective|p1a: Tyranitar
|-damage|p1a: Tyranitar|28/100
|-unboost|p2a: Dengos Domain|spa|1
|move|p1a: Tyranitar|Knock Off|p2a: Dengos Domain
|-supereffective|p2a: Dengos Domain
|-damage|p2a: Dengos Domain|0 fnt
|-enditem|p2a: Dengos Domain|Choice Scarf|[from] move: Knock Off|[of] p1a: Tyranitar
|faint|p2a: Dengos Domain
|
|-weather|Sandstorm|[upkeep]
|upkeep
|
|t:|1781382435
|switch|p2a: 平和|Kingambit, F|100/100
|-activate|p2a: 平和|ability: Supreme Overlord
|-start|p2a: 平和|fallen4|[silent]
|-item|p2a: 平和|Air Balloon
|turn|18
|
|t:|1781382437
|move|p1a: Tyranitar|Low Kick|p2a: 平和
|-supereffective|p2a: 平和
|-damage|p2a: 平和|0 fnt
|-enditem|p2a: 平和|Air Balloon
|faint|p2a: 平和
|-end|p2a: 平和|fallen4|[silent]
|
|-weather|Sandstorm|[upkeep]
|upkeep
|
|t:|1781382439
|switch|p2a: Slayboi Carti|Ceruledge, F|100/100
|turn|19
|
|t:|1781382441
|move|p2a: Slayboi Carti|Close Combat|p1a: Tyranitar
|-supereffective|p1a: Tyranitar
|-damage|p1a: Tyranitar|0 fnt
|-unboost|p2a: Slayboi Carti|def|1
|-unboost|p2a: Slayboi Carti|spd|1
|faint|p1a: Tyranitar
|-damage|p2a: Slayboi Carti|91/100|[from] item: Life Orb
|
|-weather|Sandstorm|[upkeep]
|-damage|p2a: Slayboi Carti|84/100|[from] Sandstorm
|upkeep
|
|t:|1781382444
|switch|p1a: Excadrill|Excadrill, F|70/100
|turn|20
|
|t:|1781382447
|move|p2a: Slayboi Carti|Shadow Sneak|p1a: Excadrill
|-damage|p1a: Excadrill|28/100
|-damage|p2a: Slayboi Carti|74/100|[from] item: Life Orb
|move|p1a: Excadrill|Earthquake|p2a: Slayboi Carti
|-supereffective|p2a: Slayboi Carti
|-damage|p2a: Slayboi Carti|0 fnt
|faint|p2a: Slayboi Carti
|
|win|kooopooolooo
|raw|kooopooolooo's rating: 1489 &rarr; <strong>1513</strong><br />(+24 for winning)
|raw|jd2sleepy's rating: 1559 &rarr; <strong>1535</strong><br />(-24 for losing)
|l|☆jd2sleepy
|player|p2|
|l|☆kooopooolooo
|player|p1|
