|j|☆BlackStar150520
|j|☆Uberthegoober
|t:|1781210676
|gametype|singles
|player|p1|BlackStar150520|unknown|1654
|player|p2|Uberthegoober|2|1533
|gen|9
|tier|[Gen 9] OU
|rated|
|rule|HP Percentage Mod: HP is shown in percentages
|rule|Endless Battle Clause: Forcing endless battles is banned
|rule|Species Clause: Limit one of each Pokémon
|rule|OHKO Clause: OHKO moves are banned
|rule|Evasion Items Clause: Evasion items are banned
|rule|Evasion Moves Clause: Evasion moves are banned
|rule|Evasion Abilities Clause: Evasion abilities are banned
|rule|Sleep Moves Clause: Sleep-inducing moves are banned
|clearpoke
|poke|p1|Raging Bolt|
|poke|p1|Kingambit, M|
|poke|p1|Iron Moth|
|poke|p1|Ogerpon-Wellspring, F|
|poke|p1|Scizor, F|
|poke|p1|Great Tusk|
|poke|p2|Meowscarada, F|
|poke|p2|Pecharunt|
|poke|p2|Enamorus, F|
|poke|p2|Iron Treads|
|poke|p2|Skarmory, M|
|poke|p2|Slowking, F|
|teampreview
|inactive|Battle timer is ON: inactive players will automatically lose when time's up. (requested by BlackStar150520)
|
|t:|1781210689
|teamsize|p1|6
|teamsize|p2|6
|start
|switch|p1a: Red Lightning|Scizor, F|100/100
|switch|p2a: Meowscarada|Meowscarada, F|100/100
|turn|1
|
|t:|1781210695
|move|p1a: Red Lightning|Bullet Punch|p2a: Meowscarada
|-damage|p2a: Meowscarada|21/100
|move|p2a: Meowscarada|U-turn|p1a: Red Lightning
|-start|p2a: Meowscarada|typechange|Bug|[from] ability: Protean
|-resisted|p1a: Red Lightning
|-crit|p1a: Red Lightning
|-damage|p1a: Red Lightning|62/100
|
|t:|1781210711
|switch|p2a: Iron Treads|Iron Treads|100/100|[from] U-turn
|
|upkeep
|turn|2
|
|t:|1781210716
|switch|p1a: 🎭|Ogerpon-Wellspring, F|100/100
|move|p2a: Iron Treads|Stealth Rock|p1a: 🎭
|-sidestart|p1: BlackStar150520|move: Stealth Rock
|
|upkeep
|turn|3
|
|t:|1781210723
|-end|p2a: Iron Treads|Quark Drive|[silent]
|switch|p2a: Pecharunt|Pecharunt|100/100
|move|p1a: 🎭|Knock Off|p2a: Pecharunt
|-supereffective|p2a: Pecharunt
|-damage|p2a: Pecharunt|64/100
|-damage|p1a: 🎭|84/100|[from] item: Rocky Helmet|[of] p2a: Pecharunt
|-enditem|p2a: Pecharunt|Rocky Helmet|[from] move: Knock Off|[of] p1a: 🎭
|
|upkeep
|turn|4
|
|t:|1781210732
|move|p1a: 🎭|Ivy Cudgel|p2a: Pecharunt|[anim] Ivy Cudgel Water
|-damage|p2a: Pecharunt|37/100
|move|p2a: Pecharunt|Recover|p2a: Pecharunt
|-heal|p2a: Pecharunt|87/100
|
|upkeep
|turn|5
|
|t:|1781210738
|move|p1a: 🎭|Encore|p2a: Pecharunt
|-start|p2a: Pecharunt|Encore
|move|p2a: Pecharunt|Recover|p2a: Pecharunt
|-heal|p2a: Pecharunt|100/100
|
|upkeep
|turn|6
|
|t:|1781210744
|switch|p2a: Skarmory|Skarmory, M|100/100
|move|p1a: 🎭|Knock Off|p2a: Skarmory
|-damage|p2a: Skarmory|79/100
|-enditem|p2a: Skarmory|Covert Cloak|[from] move: Knock Off|[of] p1a: 🎭
|
|upkeep
|turn|7
|
|t:|1781210754
|move|p1a: 🎭|U-turn|p2a: Skarmory
|-resisted|p2a: Skarmory
|-damage|p2a: Skarmory|74/100
|
|t:|1781210756
|switch|p1a: Mega Donphan|Great Tusk|100/100|[from] U-turn
|move|p2a: Skarmory|Spikes|p1a: Mega Donphan
|-sidestart|p1: BlackStar150520|Spikes
|
|upkeep
|turn|8
|
|t:|1781210769
|switch|p2a: Pecharunt|Pecharunt|100/100
|move|p1a: Mega Donphan|Stealth Rock|p2a: Pecharunt
|-sidestart|p2: Uberthegoober|move: Stealth Rock
|
|upkeep
|turn|9
|
|t:|1781210782
|-end|p1a: Mega Donphan|Protosynthesis|[silent]
|switch|p1a: Red Lightning|Scizor, F|62/100
|-damage|p1a: Red Lightning|50/100|[from] Stealth Rock
|-damage|p1a: Red Lightning|38/100|[from] Spikes
|move|p2a: Pecharunt|Parting Shot|p1a: Red Lightning
|-unboost|p1a: Red Lightning|atk|1
|-unboost|p1a: Red Lightning|spa|1
|
|t:|1781210796
|switch|p2a: Iron Treads|Iron Treads|100/100|[from] Parting Shot
|-damage|p2a: Iron Treads|98/100|[from] Stealth Rock
|
|-heal|p2a: Iron Treads|100/100|[from] item: Leftovers
|upkeep
|turn|10
|
|t:|1781210800
|move|p2a: Iron Treads|Rapid Spin|p1a: Red Lightning
|-resisted|p1a: Red Lightning
|-damage|p1a: Red Lightning|30/100
|-boost|p2a: Iron Treads|spe|1
|-sideend|p2: Uberthegoober|Stealth Rock|[from] move: Rapid Spin|[of] p2a: Iron Treads
|move|p1a: Red Lightning|Close Combat|p2a: Iron Treads
|-supereffective|p2a: Iron Treads
|-damage|p2a: Iron Treads|32/100
|-unboost|p1a: Red Lightning|def|1
|-unboost|p1a: Red Lightning|spd|1
|
|-heal|p2a: Iron Treads|38/100|[from] item: Leftovers
|upkeep
|turn|11
|
|t:|1781210811
|switch|p1a: Mega Donphan|Great Tusk|100/100
|move|p2a: Iron Treads|Earthquake|p1a: Mega Donphan
|-damage|p1a: Mega Donphan|74/100
|
|-heal|p2a: Iron Treads|44/100|[from] item: Leftovers
|upkeep
|turn|12
|
|t:|1781210827
|move|p2a: Iron Treads|Knock Off|p1a: Mega Donphan
|-resisted|p1a: Mega Donphan
|-damage|p1a: Mega Donphan|65/100
|-enditem|p1a: Mega Donphan|Heavy-Duty Boots|[from] move: Knock Off|[of] p2a: Iron Treads
|move|p1a: Mega Donphan|Stealth Rock|p2a: Iron Treads
|-sidestart|p2: Uberthegoober|move: Stealth Rock
|
|-heal|p2a: Iron Treads|50/100|[from] item: Leftovers
|upkeep
|turn|13
|
|t:|1781210844
|move|p2a: Iron Treads|Rapid Spin|p1a: Mega Donphan
|-damage|p1a: Mega Donphan|56/100
|-boost|p2a: Iron Treads|spe|1
|-sideend|p2: Uberthegoober|Stealth Rock|[from] move: Rapid Spin|[of] p2a: Iron Treads
|move|p1a: Mega Donphan|Rapid Spin|p2a: Iron Treads
|-resisted|p2a: Iron Treads
|-damage|p2a: Iron Treads|43/100
|-boost|p1a: Mega Donphan|spe|1
|-sideend|p1: BlackStar150520|Spikes|[from] move: Rapid Spin|[of] p1a: Mega Donphan
|-sideend|p1: BlackStar150520|Stealth Rock|[from] move: Rapid Spin|[of] p1a: Mega Donphan
|
|-heal|p2a: Iron Treads|49/100|[from] item: Leftovers
|upkeep
|turn|14
|inactive|Uberthegoober has 120 seconds left.
|
|t:|1781210872
|-end|p2a: Iron Treads|Quark Drive|[silent]
|switch|p2a: Enamorus|Enamorus, F|100/100
|move|p1a: Mega Donphan|Headlong Rush|p2a: Enamorus
|-immune|p2a: Enamorus
|
|upkeep
|turn|15
|inactive|Uberthegoober has 120 seconds left.
|
|t:|1781210886
|move|p2a: Enamorus|Mystical Fire|p1a: Mega Donphan
|-damage|p1a: Mega Donphan|9/100
|-unboost|p1a: Mega Donphan|spa|1
|move|p1a: Mega Donphan|Ice Spinner|p2a: Enamorus
|-supereffective|p2a: Enamorus
|-damage|p2a: Enamorus|19/100
|
|upkeep
|turn|16
|
|t:|1781210897
|-end|p1a: Mega Donphan|Protosynthesis|[silent]
|switch|p1a: ⚡️|Raging Bolt|100/100
|move|p2a: Enamorus|Mystical Fire|p1a: ⚡️
|-resisted|p1a: ⚡️
|-damage|p1a: ⚡️|86/100
|-unboost|p1a: ⚡️|spa|1
|
|-heal|p1a: ⚡️|93/100|[from] item: Leftovers
|upkeep
|turn|17
|
|t:|1781210904
|switch|p2a: Iron Treads|Iron Treads|49/100
|-end|p1a: ⚡️|Protosynthesis|[silent]
|switch|p1a: Mega Donphan|Great Tusk|9/100
|
|-heal|p2a: Iron Treads|55/100|[from] item: Leftovers
|upkeep
|turn|18
|
|t:|1781210910
|move|p1a: Mega Donphan|Headlong Rush|p2a: Iron Treads
|-supereffective|p2a: Iron Treads
|-damage|p2a: Iron Treads|0 fnt
|-unboost|p1a: Mega Donphan|def|1
|-unboost|p1a: Mega Donphan|spd|1
|faint|p2a: Iron Treads
|-end|p2a: Iron Treads|Quark Drive|[silent]
|
|upkeep
|
|t:|1781210920
|switch|p2a: Meowscarada|Meowscarada, F|21/100
|turn|19
|
|t:|1781210927
|-end|p1a: Mega Donphan|Protosynthesis|[silent]
|switch|p1a: Red Lightning|Scizor, F|30/100
|move|p2a: Meowscarada|Knock Off|p1a: Red Lightning
|-start|p2a: Meowscarada|typechange|Dark|[from] ability: Protean
|-damage|p1a: Red Lightning|0 fnt
|-enditem|p1a: Red Lightning|Choice Band|[from] move: Knock Off|[of] p2a: Meowscarada
|faint|p1a: Red Lightning
|
|upkeep
|
|t:|1781210935
|switch|p1a: ⚡️|Raging Bolt|93/100
|turn|20
|
|t:|1781210957
|switch|p2a: Pecharunt|Pecharunt|100/100
|move|p1a: ⚡️|Calm Mind|p1a: ⚡️
|-boost|p1a: ⚡️|spa|1
|-boost|p1a: ⚡️|spd|1
|
|-heal|p1a: ⚡️|99/100|[from] item: Leftovers
|upkeep
|turn|21
|
|t:|1781210966
|move|p1a: ⚡️|Thunderbolt|p2a: Pecharunt
|-damage|p2a: Pecharunt|24/100
|move|p2a: Pecharunt|Malignant Chain|p1a: ⚡️
|-damage|p1a: ⚡️|79/100
|
|-heal|p1a: ⚡️|85/100|[from] item: Leftovers
|upkeep
|turn|22
|
|t:|1781210980
|move|p1a: ⚡️|Thunderbolt|p2a: Pecharunt
|-crit|p2a: Pecharunt
|-damage|p2a: Pecharunt|0 fnt
|faint|p2a: Pecharunt
|
|-heal|p1a: ⚡️|92/100|[from] item: Leftovers
|upkeep
|
|t:|1781210988
|switch|p2a: Enamorus|Enamorus, F|19/100
|turn|23
|
|t:|1781210999
|-end|p1a: ⚡️|Protosynthesis|[silent]
|switch|p1a: Robo Rona|Iron Moth|100/100
|-enditem|p1a: Robo Rona|Booster Energy
|-activate|p1a: Robo Rona|ability: Quark Drive|[fromitem]
|-start|p1a: Robo Rona|quarkdrivespe
|move|p2a: Enamorus|Healing Wish|p2a: Enamorus
|faint|p2a: Enamorus
|
|upkeep
|
|t:|1781211010
|switch|p2a: Meowscarada|Meowscarada, F|21/100
|-heal|p2a: Meowscarada|100/100|[from] move: Healing Wish
|turn|24
|
|t:|1781211014
|switch|p2a: Slowking|Slowking, F|100/100
|move|p1a: Robo Rona|Fiery Dance|p2a: Slowking
|-resisted|p2a: Slowking
|-damage|p2a: Slowking|91/100
|
|upkeep
|turn|25
|
|t:|1781211034
|-end|p1a: Robo Rona|Quark Drive|[silent]
|switch|p1a: 🎭|Ogerpon-Wellspring, F|84/100
|move|p2a: Slowking|Scald|p1a: 🎭
|-heal|p1a: 🎭|100/100|[from] ability: Water Absorb|[of] p2a: Slowking
|
|upkeep
|turn|26
|
|t:|1781211042
|switch|p2a: Meowscarada|Meowscarada, F|100/100
|move|p1a: 🎭|Ivy Cudgel|p2a: Meowscarada|[anim] Ivy Cudgel Water
|-resisted|p2a: Meowscarada
|-damage|p2a: Meowscarada|54/100
|
|upkeep
|turn|27
|
|t:|1781211048
|switch|p1a: Robo Rona|Iron Moth|100/100
|move|p2a: Meowscarada|U-turn|p1a: Robo Rona
|-start|p2a: Meowscarada|typechange|Bug|[from] ability: Protean
|-resisted|p1a: Robo Rona
|-damage|p1a: Robo Rona|83/100
|
|t:|1781211052
|switch|p2a: Slowking|Slowking, F|100/100|[from] U-turn
|
|upkeep
|turn|28
|
|t:|1781211062
|-end|p1a: Robo Rona|Quark Drive|[silent]
|switch|p1a: 🎭|Ogerpon-Wellspring, F|100/100
|move|p2a: Slowking|Future Sight|p1a: 🎭
|-start|p2a: Slowking|move: Future Sight
|
|upkeep
|turn|29
|
|t:|1781211064
|move|p1a: 🎭|U-turn|p2a: Slowking
|-supereffective|p2a: Slowking
|-damage|p2a: Slowking|51/100
|
|t:|1781211068
|switch|p1a: Robo Rona|Iron Moth|83/100|[from] U-turn
|move|p2a: Slowking|Psyshock|p1a: Robo Rona
|-supereffective|p1a: Robo Rona
|-damage|p1a: Robo Rona|0 fnt
|faint|p1a: Robo Rona
|-end|p1a: Robo Rona|Quark Drive|[silent]
|
|upkeep
|
|t:|1781211070
|switch|p1a: 🎭|Ogerpon-Wellspring, F|100/100
|turn|30
|
|t:|1781211078
|switch|p2a: Skarmory|Skarmory, M|74/100
|move|p1a: 🎭|U-turn|p2a: Skarmory
|-resisted|p2a: Skarmory
|-damage|p2a: Skarmory|70/100
|
|t:|1781211084
|switch|p1a: ⚡️|Raging Bolt|92/100|[from] U-turn
|
|-end|p1a: ⚡️|move: Future Sight
|-damage|p1a: ⚡️|44/100
|-heal|p1a: ⚡️|50/100|[from] item: Leftovers
|upkeep
|turn|31
|
|t:|1781211104
|switch|p2a: Slowking|Slowking, F|84/100
|move|p1a: ⚡️|Thunderbolt|p2a: Slowking
|-supereffective|p2a: Slowking
|-damage|p2a: Slowking|37/100
|
|-heal|p1a: ⚡️|56/100|[from] item: Leftovers
|upkeep
|turn|32
|
|t:|1781211133
|-terastallize|p2a: Slowking|Steel
|move|p1a: ⚡️|Thunderbolt|p2a: Slowking
|-damage|p2a: Slowking|12/100
|move|p2a: Slowking|Psyshock|p1a: ⚡️
|-damage|p1a: ⚡️|29/100
|
|-heal|p1a: ⚡️|35/100|[from] item: Leftovers
|upkeep
|turn|33
|
|t:|1781211152
|switch|p2a: Skarmory|Skarmory, M|70/100
|move|p1a: ⚡️|Dragon Pulse|p2a: Skarmory
|-resisted|p2a: Skarmory
|-damage|p2a: Skarmory|35/100
|
|-heal|p1a: ⚡️|41/100|[from] item: Leftovers
|upkeep
|turn|34
|
|t:|1781211161
|move|p1a: ⚡️|Calm Mind|p1a: ⚡️
|-boost|p1a: ⚡️|spa|1
|-boost|p1a: ⚡️|spd|1
|move|p2a: Skarmory|Roost|p2a: Skarmory
|-heal|p2a: Skarmory|85/100
|-singleturn|p2a: Skarmory|move: Roost
|
|-heal|p1a: ⚡️|47/100|[from] item: Leftovers
|upkeep
|turn|35
|
|t:|1781211174
|switch|p2a: Slowking|Slowking, F, tera:Steel|46/100
|move|p1a: ⚡️|Thunderbolt|p2a: Slowking
|-damage|p2a: Slowking|7/100
|
|-heal|p1a: ⚡️|53/100|[from] item: Leftovers
|upkeep
|turn|36
|
|t:|1781211182
|move|p1a: ⚡️|Thunderbolt|p2a: Slowking
|-damage|p2a: Slowking|0 fnt
|faint|p2a: Slowking
|
|-heal|p1a: ⚡️|59/100|[from] item: Leftovers
|upkeep
|
|t:|1781211184
|switch|p2a: Meowscarada|Meowscarada, F|54/100
|turn|37
|
|t:|1781211192
|move|p1a: ⚡️|Thunderclap|p2a: Meowscarada
|-resisted|p2a: Meowscarada
|-damage|p2a: Meowscarada|6/100
|move|p2a: Meowscarada|Triple Axel|p1a: ⚡️
|-start|p2a: Meowscarada|typechange|Ice|[from] ability: Protean
|-supereffective|p1a: ⚡️
|-damage|p1a: ⚡️|35/100
|-supereffective|p1a: ⚡️
|-damage|p1a: ⚡️|0 fnt
|faint|p1a: ⚡️
|-end|p1a: ⚡️|Protosynthesis|[silent]
|-hitcount|p1: ⚡️|2
|
|upkeep
|
|t:|1781211198
|switch|p1a: 🎭|Ogerpon-Wellspring, F|100/100
|turn|38
|
|t:|1781211203
|switch|p2a: Skarmory|Skarmory, M|85/100
|move|p1a: 🎭|Knock Off|p2a: Skarmory
|-damage|p2a: Skarmory|68/100
|
|upkeep
|turn|39
|
|t:|1781211214
|move|p1a: 🎭|Ivy Cudgel|p2a: Skarmory|[anim] Ivy Cudgel Water
|-damage|p2a: Skarmory|30/100
|move|p2a: Skarmory|Body Press|p1a: 🎭
|-damage|p1a: 🎭|59/100
|
|upkeep
|turn|40
|
|t:|1781211220
|move|p1a: 🎭|Ivy Cudgel|p2a: Skarmory|[anim] Ivy Cudgel Water
|-damage|p2a: Skarmory|0 fnt
|faint|p2a: Skarmory
|
|upkeep
|
|t:|1781211222
|switch|p2a: Meowscarada|Meowscarada, F|6/100
|turn|41
|
|t:|1781211237
|move|p2a: Meowscarada|Flower Trick|p1a: 🎭
|-start|p2a: Meowscarada|typechange|Grass|[from] ability: Protean
|-crit|p1a: 🎭
|-damage|p1a: 🎭|0 fnt
|faint|p1a: 🎭
|
|upkeep
|
|t:|1781211246
|switch|p1a: Aizen🗡️|Kingambit, M, shiny|100/100
|-activate|p1a: Aizen🗡️|ability: Supreme Overlord
|-start|p1a: Aizen🗡️|fallen4|[silent]
|turn|42
|
|t:|1781211250
|move|p1a: Aizen🗡️|Sucker Punch|p2a: Meowscarada
|-damage|p2a: Meowscarada|0 fnt
|faint|p2a: Meowscarada
|
|win|BlackStar150520
|raw|BlackStar150520's rating: 1654 &rarr; <strong>1667</strong><br />(+13 for winning)
|raw|Uberthegoober's rating: 1533 &rarr; <strong>1520</strong><br />(-13 for losing)
|c|☆Uberthegoober|Gg
|c|☆BlackStar150520|G
|c|☆BlackStar150520|G
