|j|☆18dabloons
|j|☆silver jay#2240
|t:|1781127976
|gametype|singles
|player|p1|18dabloons|caitlin|1770
|player|p2|silver jay#2240|grusha|1728
|gen|9
|tier|[Gen 9] OU
|rated|
|rule|HP Percentage Mod: HP is shown in percentages
|rule|Endless Battle Clause: Forcing endless battles is banned
|rule|Species Clause: Limit one of each Pokémon
|rule|OHKO Clause: OHKO moves are banned
|rule|Evasion Items Clause: Evasion items are banned
|rule|Evasion Moves Clause: Evasion moves are banned
|rule|Evasion Abilities Clause: Evasion abilities are banned
|rule|Sleep Moves Clause: Sleep-inducing moves are banned
|clearpoke
|poke|p1|Ursaluna, F|
|poke|p1|Zapdos|
|poke|p1|Alomomola, M|
|poke|p1|Dragapult, M|
|poke|p1|Cinderace, F|
|poke|p1|Corviknight, F|
|poke|p2|Iron Hands|
|poke|p2|Iron Treads|
|poke|p2|Dragonite, F|
|poke|p2|Darkrai|
|poke|p2|Deoxys-Speed|
|poke|p2|Toxapex, F|
|teampreview
|c|☆silver jay#2240|hf
|j| Hakone Outbound
|
|t:|1781128011
|teamsize|p1|6
|teamsize|p2|6
|start
|switch|p1a: Corviknight|Corviknight, F|100/100
|switch|p2a: Darkrai|Darkrai|100/100
|-ability|p1a: Corviknight|Pressure
|turn|1
|j| Yamhard
|
|t:|1781128029
|move|p2a: Darkrai|Dark Pulse|p1a: Corviknight
|-damage|p1a: Corviknight|58/100
|move|p1a: Corviknight|U-turn|p2a: Darkrai
|-supereffective|p2a: Darkrai
|-damage|p2a: Darkrai|59/100
|inactive|Battle timer is ON: inactive players will automatically lose when time's up. (requested by silver jay#2240)
|inactive|18dabloons has 120 seconds left.
|
|t:|1781128075
|switch|p1a: Ursaluna|Ursaluna, F|100/100|[from] U-turn
|
|-status|p1a: Ursaluna|brn|[from] item: Flame Orb
|upkeep
|turn|2
|inactive|silver jay#2240 has 120 seconds left.
|
|t:|1781128106
|switch|p2a: Iron Hands|Iron Hands|100/100
|move|p1a: Ursaluna|Headlong Rush|p2a: Iron Hands
|-supereffective|p2a: Iron Hands
|-damage|p2a: Iron Hands|0 fnt
|-unboost|p1a: Ursaluna|def|1
|-unboost|p1a: Ursaluna|spd|1
|faint|p2a: Iron Hands
|-end|p2a: Iron Hands|Quark Drive|[silent]
|
|-damage|p1a: Ursaluna|94/100 brn|[from] brn
|upkeep
|inactive|silver jay#2240 has 120 seconds left.
|
|t:|1781128117
|switch|p2a: Dragonite|Dragonite, F|100/100
|turn|3
|
|t:|1781128126
|move|p2a: Dragonite|Dragon Dance|p2a: Dragonite
|-boost|p2a: Dragonite|atk|1
|-boost|p2a: Dragonite|spe|1
|move|p1a: Ursaluna|Facade|p2a: Dragonite
|-damage|p2a: Dragonite|30/100
|
|-damage|p1a: Ursaluna|88/100 brn|[from] brn
|upkeep
|turn|4
|
|t:|1781128130
|switch|p1a: Alomomola|Alomomola, M|100/100
|move|p2a: Dragonite|Outrage|p1a: Alomomola
|-damage|p1a: Alomomola|26/100
|-enditem|p1a: Alomomola|Red Card|[of] p2a: Dragonite
|drag|p2a: Darkrai|Darkrai|59/100
|
|upkeep
|turn|5
|
|t:|1781128148
|move|p2a: Darkrai|Dark Pulse|p1a: Alomomola
|-damage|p1a: Alomomola|0 fnt
|faint|p1a: Alomomola
|
|upkeep
|inactive|18dabloons has 120 seconds left.
|
|t:|1781128174
|switch|p1a: Dragapult|Dragapult, M|100/100
|turn|6
|inactive|silver jay#2240 has 120 seconds left.
|inactive|silver jay#2240 has 90 seconds left.
|
|t:|1781128232
|switch|p2a: Toxapex|Toxapex, F|100/100
|move|p1a: Dragapult|Draco Meteor|p2a: Toxapex
|-damage|p2a: Toxapex|70/100
|-unboost|p1a: Dragapult|spa|2
|
|upkeep
|turn|7
|inactive|silver jay#2240 has 90 seconds left.
|
|t:|1781128248
|move|p1a: Dragapult|Thunder Wave|p2a: Toxapex
|-status|p2a: Toxapex|par
|cant|p2a: Toxapex|par
|
|upkeep
|turn|8
|inactive|silver jay#2240 has 90 seconds left.
|
|t:|1781128256
|move|p1a: Dragapult|U-turn|p2a: Toxapex
|-resisted|p2a: Toxapex
|-damage|p2a: Toxapex|64/100 par
|
|t:|1781128258
|switch|p1a: Ursaluna|Ursaluna, F|88/100 brn|[from] U-turn
|cant|p2a: Toxapex|par
|
|-damage|p1a: Ursaluna|82/100 brn|[from] brn
|upkeep
|turn|9
|c|☆silver jay#2240|cmon..
|
|t:|1781128267
|switch|p2a: Dragonite|Dragonite, F|30/100
|move|p1a: Ursaluna|Facade|p2a: Dragonite
|-damage|p2a: Dragonite|0 fnt
|faint|p2a: Dragonite
|
|-damage|p1a: Ursaluna|76/100 brn|[from] brn
|upkeep
|
|t:|1781128277
|switch|p2a: Darkrai|Darkrai|59/100
|turn|10
|
|t:|1781128283
|-terastallize|p1a: Ursaluna|Fairy
|move|p2a: Darkrai|Dark Pulse|p1a: Ursaluna
|-resisted|p1a: Ursaluna
|-damage|p1a: Ursaluna|45/100 brn
|cant|p1a: Ursaluna|flinch
|
|-damage|p1a: Ursaluna|39/100 brn|[from] brn
|upkeep
|turn|11
|
|t:|1781128294
|switch|p2a: Iron Treads|Iron Treads|100/100
|-item|p2a: Iron Treads|Air Balloon
|move|p1a: Ursaluna|Headlong Rush|p2a: Iron Treads
|-immune|p2a: Iron Treads
|
|-damage|p1a: Ursaluna|33/100 brn|[from] brn
|upkeep
|turn|12
|inactive|18dabloons has 120 seconds left.
|
|t:|1781128326
|switch|p1a: Corviknight|Corviknight, F|58/100
|-ability|p1a: Corviknight|Pressure
|move|p2a: Iron Treads|Earthquake|p1a: Corviknight
|-immune|p1a: Corviknight
|
|-heal|p1a: Corviknight|64/100|[from] item: Leftovers
|upkeep
|turn|13
|
|t:|1781128337
|-end|p2a: Iron Treads|Quark Drive|[silent]
|switch|p2a: Toxapex|Toxapex, F|97/100 par
|move|p1a: Corviknight|Roost|p1a: Corviknight
|-heal|p1a: Corviknight|100/100
|-singleturn|p1a: Corviknight|move: Roost
|
|upkeep
|turn|14
|
|t:|1781128347
|move|p1a: Corviknight|U-turn|p2a: Toxapex
|-resisted|p2a: Toxapex
|-damage|p2a: Toxapex|91/100 par
|
|t:|1781128350
|switch|p1a: Zapdos|Zapdos|100/100|[from] U-turn
|cant|p2a: Toxapex|par
|
|upkeep
|turn|15
|c|☆silver jay#2240|come on..
|inactive|silver jay#2240 has 120 seconds left.
|
|t:|1781128362
|switch|p2a: Darkrai|Darkrai|59/100
|move|p1a: Zapdos|U-turn|p2a: Darkrai
|-supereffective|p2a: Darkrai
|-damage|p2a: Darkrai|23/100
|
|t:|1781128365
|switch|p1a: Dragapult|Dragapult, M|100/100|[from] U-turn
|
|upkeep
|turn|16
|
|t:|1781128370
|move|p1a: Dragapult|U-turn|p2a: Darkrai
|-supereffective|p2a: Darkrai
|-damage|p2a: Darkrai|0 fnt
|faint|p2a: Darkrai
|
|t:|1781128381
|switch|p1a: Zapdos|Zapdos|100/100|[from] U-turn
|
|upkeep
|
|t:|1781128398
|switch|p2a: Toxapex|Toxapex, F|100/100 par
|turn|17
|
|t:|1781128404
|move|p1a: Zapdos|Hurricane|p2a: Toxapex
|-damage|p2a: Toxapex|75/100 par
|move|p2a: Toxapex|Ice Beam|p1a: Zapdos
|-supereffective|p1a: Zapdos
|-damage|p1a: Zapdos|61/100
|
|upkeep
|turn|18
|
|t:|1781128418
|move|p1a: Zapdos|Hurricane|p2a: Toxapex|[miss]
|-miss|p1a: Zapdos|p2a: Toxapex
|move|p2a: Toxapex|Ice Beam|p1a: Zapdos
|-supereffective|p1a: Zapdos
|-damage|p1a: Zapdos|24/100
|-status|p1a: Zapdos|frz
|
|upkeep
|turn|19
|
|t:|1781128425
|switch|p2a: Deoxys|Deoxys-Speed|100/100
|-ability|p2a: Deoxys|Pressure
|cant|p1a: Zapdos|frz
|
|upkeep
|turn|20
|
|t:|1781128446
|switch|p1a: Corviknight|Corviknight, F|100/100
|-ability|p1a: Corviknight|Pressure
|move|p2a: Deoxys|Calm Mind|p2a: Deoxys
|-boost|p2a: Deoxys|spa|1
|-boost|p2a: Deoxys|spd|1
|
|upkeep
|turn|21
|
|t:|1781128458
|move|p2a: Deoxys|Calm Mind|p2a: Deoxys
|-boost|p2a: Deoxys|spa|1
|-boost|p2a: Deoxys|spd|1
|move|p1a: Corviknight|U-turn|p2a: Deoxys
|-supereffective|p2a: Deoxys
|-crit|p2a: Deoxys
|-damage|p2a: Deoxys|50/100
|
|t:|1781128466
|switch|p1a: Cinderace|Cinderace, F|100/100|[from] U-turn
|
|-heal|p2a: Deoxys|56/100|[from] item: Leftovers
|upkeep
|turn|22
|inactive|silver jay#2240 has 120 seconds left.
|
|t:|1781128493
|move|p1a: Cinderace|Sucker Punch||[still]
|-fail|p1a: Cinderace
|move|p2a: Deoxys|Iron Defense|p2a: Deoxys
|-boost|p2a: Deoxys|def|2
|
|-heal|p2a: Deoxys|62/100|[from] item: Leftovers
|upkeep
|turn|23
|
|t:|1781128502
|move|p1a: Cinderace|Sucker Punch||[still]
|-fail|p1a: Cinderace
|move|p2a: Deoxys|Recover|p2a: Deoxys
|-heal|p2a: Deoxys|100/100
|
|upkeep
|turn|24
|
|t:|1781128509
|move|p2a: Deoxys|Iron Defense|p2a: Deoxys
|-boost|p2a: Deoxys|def|2
|move|p1a: Cinderace|U-turn|p2a: Deoxys
|-start|p1a: Cinderace|typechange|Bug|[from] ability: Libero
|-supereffective|p2a: Deoxys
|-damage|p2a: Deoxys|72/100
|
|t:|1781128518
|switch|p1a: Dragapult|Dragapult, M|100/100|[from] U-turn
|
|-heal|p2a: Deoxys|78/100|[from] item: Leftovers
|upkeep
|turn|25
|
|t:|1781128522
|move|p2a: Deoxys|Stored Power|p1a: Dragapult
|-damage|p1a: Dragapult|0 fnt
|faint|p1a: Dragapult
|
|-heal|p2a: Deoxys|84/100|[from] item: Leftovers
|upkeep
|
|t:|1781128539
|switch|p1a: Corviknight|Corviknight, F|100/100
|-ability|p1a: Corviknight|Pressure
|turn|26
|c|☆silver jay#2240|sorry about the freeze
|
|t:|1781128548
|move|p2a: Deoxys|Iron Defense|p2a: Deoxys
|-boost|p2a: Deoxys|def|2
|move|p1a: Corviknight|U-turn|p2a: Deoxys
|-supereffective|p2a: Deoxys
|-damage|p2a: Deoxys|74/100
|
|t:|1781128558
|switch|p1a: Cinderace|Cinderace, F|100/100|[from] U-turn
|
|-heal|p2a: Deoxys|80/100|[from] item: Leftovers
|upkeep
|turn|27
|
|t:|1781128570
|-terastallize|p2a: Deoxys|Steel
|move|p1a: Cinderace|Sucker Punch|p2a: Deoxys
|-start|p1a: Cinderace|typechange|Dark|[from] ability: Libero
|-damage|p2a: Deoxys|69/100
|move|p2a: Deoxys|Stored Power|p1a: Cinderace
|-immune|p1a: Cinderace
|
|-heal|p2a: Deoxys|75/100|[from] item: Leftovers
|upkeep
|turn|28
|c|☆silver jay#2240|oh yeah//
|c|☆silver jay#2240|im bad
|
|t:|1781128587
|move|p2a: Deoxys|Calm Mind|p2a: Deoxys
|-boost|p2a: Deoxys|spa|1
|-boost|p2a: Deoxys|spd|1
|move|p1a: Cinderace|Pyro Ball|p2a: Deoxys
|-supereffective|p2a: Deoxys
|-crit|p2a: Deoxys
|-damage|p2a: Deoxys|0 fnt
|faint|p2a: Deoxys
|
|upkeep
|
|t:|1781128602
|switch|p2a: Toxapex|Toxapex, F|100/100 par
|turn|29
|
|t:|1781128607
|move|p1a: Cinderace|U-turn|p2a: Toxapex
|-resisted|p2a: Toxapex
|-damage|p2a: Toxapex|92/100 par
|
|t:|1781128610
|switch|p1a: Zapdos|Zapdos|24/100 frz|[from] U-turn
|cant|p2a: Toxapex|par
|
|upkeep
|turn|30
|
|t:|1781128617
|switch|p2a: Iron Treads|Iron Treads|100/100
|-item|p2a: Iron Treads|Air Balloon
|cant|p1a: Zapdos|frz
|
|upkeep
|turn|31
|
|t:|1781128628
|move|p2a: Iron Treads|Rapid Spin|p1a: Zapdos
|-damage|p1a: Zapdos|12/100 frz
|-boost|p2a: Iron Treads|spe|1
|cant|p1a: Zapdos|frz
|
|upkeep
|turn|32
|
|t:|1781128645
|move|p2a: Iron Treads|Stealth Rock|p1a: Zapdos
|-sidestart|p1: 18dabloons|move: Stealth Rock
|cant|p1a: Zapdos|frz
|
|upkeep
|turn|33
|
|t:|1781128656
|move|p2a: Iron Treads|Rapid Spin|p1a: Zapdos
|-damage|p1a: Zapdos|0 fnt
|-boost|p2a: Iron Treads|spe|1
|faint|p1a: Zapdos
|
|upkeep
|
|t:|1781128668
|switch|p1a: Corviknight|Corviknight, F|100/100
|-damage|p1a: Corviknight|88/100|[from] Stealth Rock
|-ability|p1a: Corviknight|Pressure
|turn|34
|
|t:|1781128676
|-end|p2a: Iron Treads|Quark Drive|[silent]
|switch|p2a: Toxapex|Toxapex, F|100/100 par
|move|p1a: Corviknight|Iron Head|p2a: Toxapex
|-resisted|p2a: Toxapex
|-damage|p2a: Toxapex|92/100 par
|
|-heal|p1a: Corviknight|94/100|[from] item: Leftovers
|upkeep
|turn|35
|
|t:|1781128685
|move|p1a: Corviknight|Defog|p2a: Toxapex
|-unboost|p2a: Toxapex|evasion|1
|-sideend|p1: 18dabloons|Stealth Rock|[from] move: Defog|[of] p1a: Corviknight
|cant|p2a: Toxapex|par
|
|-heal|p1a: Corviknight|99/100|[from] item: Leftovers
|upkeep
|turn|36
|
|t:|1781128693
|move|p1a: Corviknight|Iron Head|p2a: Toxapex
|-resisted|p2a: Toxapex
|-damage|p2a: Toxapex|83/100 par
|move|p2a: Toxapex|Infestation|p1a: Corviknight
|-resisted|p1a: Corviknight
|-damage|p1a: Corviknight|99/100
|-activate|p1a: Corviknight|move: Infestation|[of] p2a: Toxapex
|
|-heal|p1a: Corviknight|100/100|[from] item: Leftovers
|-damage|p1a: Corviknight|88/100|[from] move: Infestation|[partiallytrapped]
|upkeep
|turn|37
|
|t:|1781128697
|move|p1a: Corviknight|U-turn|p2a: Toxapex
|-resisted|p2a: Toxapex
|-damage|p2a: Toxapex|77/100 par
|
|t:|1781128708
|switch|p1a: Ursaluna|Ursaluna, F, tera:Fairy|33/100 brn|[from] U-turn
|move|p2a: Toxapex|Surf|p1a: Ursaluna
|-damage|p1a: Ursaluna|2/100 brn
|
|-damage|p1a: Ursaluna|0 fnt|[from] brn
|faint|p1a: Ursaluna
|upkeep
|
|t:|1781128715
|switch|p1a: Cinderace|Cinderace, F|100/100
|turn|38
|c| Yamhard|Toxapex got like 2/8 turns
|
|t:|1781128724
|move|p1a: Cinderace|U-turn|p2a: Toxapex
|-start|p1a: Cinderace|typechange|Bug|[from] ability: Libero
|-resisted|p2a: Toxapex
|-damage|p2a: Toxapex|63/100 par
|
|t:|1781128726
|switch|p1a: Corviknight|Corviknight, F|88/100|[from] U-turn
|-ability|p1a: Corviknight|Pressure
|move|p2a: Toxapex|Infestation|p1a: Corviknight
|-resisted|p1a: Corviknight
|-damage|p1a: Corviknight|87/100
|-activate|p1a: Corviknight|move: Infestation|[of] p2a: Toxapex
|
|-heal|p1a: Corviknight|93/100|[from] item: Leftovers
|-damage|p1a: Corviknight|81/100|[from] move: Infestation|[partiallytrapped]
|upkeep
|turn|39
|
|t:|1781128729
|move|p1a: Corviknight|Iron Head|p2a: Toxapex
|-resisted|p2a: Toxapex
|-damage|p2a: Toxapex|54/100 par
|cant|p2a: Toxapex|flinch
|
|-heal|p1a: Corviknight|87/100|[from] item: Leftovers
|-damage|p1a: Corviknight|75/100|[from] move: Infestation|[partiallytrapped]
|upkeep
|turn|40
|
|t:|1781128734
|move|p1a: Corviknight|Iron Head|p2a: Toxapex
|-resisted|p2a: Toxapex
|-damage|p2a: Toxapex|43/100 par
|move|p2a: Toxapex|Surf|p1a: Corviknight
|-damage|p1a: Corviknight|54/100
|
|-heal|p1a: Corviknight|60/100|[from] item: Leftovers
|-damage|p1a: Corviknight|47/100|[from] move: Infestation|[partiallytrapped]
|upkeep
|turn|41
|
|t:|1781128740
|move|p1a: Corviknight|Roost|p1a: Corviknight
|-heal|p1a: Corviknight|97/100
|-singleturn|p1a: Corviknight|move: Roost
|move|p2a: Toxapex|Ice Beam|p1a: Corviknight
|-resisted|p1a: Corviknight
|-damage|p1a: Corviknight|91/100
|
|-heal|p1a: Corviknight|97/100|[from] item: Leftovers
|-damage|p1a: Corviknight|85/100|[from] move: Infestation|[partiallytrapped]
|upkeep
|turn|42
|
|t:|1781128743
|move|p1a: Corviknight|Iron Head|p2a: Toxapex
|-resisted|p2a: Toxapex
|-damage|p2a: Toxapex|34/100 par
|move|p2a: Toxapex|Ice Beam|p1a: Corviknight
|-damage|p1a: Corviknight|70/100
|
|-heal|p1a: Corviknight|76/100|[from] item: Leftovers
|-end|p1a: Corviknight|Infestation|[partiallytrapped]
|upkeep
|turn|43
|
|t:|1781128754
|switch|p2a: Iron Treads|Iron Treads|100/100
|-item|p2a: Iron Treads|Air Balloon
|move|p1a: Corviknight|Iron Head|p2a: Iron Treads
|-resisted|p2a: Iron Treads
|-damage|p2a: Iron Treads|89/100
|-enditem|p2a: Iron Treads|Air Balloon
|
|-heal|p1a: Corviknight|82/100|[from] item: Leftovers
|upkeep
|turn|44
|
|t:|1781128760
|-end|p2a: Iron Treads|Quark Drive|[silent]
|switch|p2a: Toxapex|Toxapex, F|67/100 par
|move|p1a: Corviknight|U-turn|p2a: Toxapex
|-resisted|p2a: Toxapex
|-damage|p2a: Toxapex|62/100 par
|
|t:|1781128762
|switch|p1a: Cinderace|Cinderace, F|100/100|[from] U-turn
|
|upkeep
|turn|45
|
|t:|1781128773
|move|p1a: Cinderace|U-turn|p2a: Toxapex
|-start|p1a: Cinderace|typechange|Bug|[from] ability: Libero
|-resisted|p2a: Toxapex
|-damage|p2a: Toxapex|49/100 par
|
|t:|1781128778
|switch|p1a: Corviknight|Corviknight, F|82/100|[from] U-turn
|-ability|p1a: Corviknight|Pressure
|move|p2a: Toxapex|Surf|p1a: Corviknight
|-damage|p1a: Corviknight|62/100
|
|-heal|p1a: Corviknight|68/100|[from] item: Leftovers
|upkeep
|turn|46
|
|t:|1781128782
|move|p1a: Corviknight|Iron Head|p2a: Toxapex
|-resisted|p2a: Toxapex
|-damage|p2a: Toxapex|39/100 par
|cant|p2a: Toxapex|flinch
|
|-heal|p1a: Corviknight|74/100|[from] item: Leftovers
|upkeep
|turn|47
|
|t:|1781128787
|switch|p2a: Iron Treads|Iron Treads|89/100
|move|p1a: Corviknight|U-turn|p2a: Iron Treads
|-resisted|p2a: Iron Treads
|-damage|p2a: Iron Treads|82/100
|
|t:|1781128789
|switch|p1a: Cinderace|Cinderace, F|100/100|[from] U-turn
|
|upkeep
|turn|48
|
|t:|1781128791
|-end|p2a: Iron Treads|Quark Drive|[silent]
|switch|p2a: Toxapex|Toxapex, F|73/100 par
|move|p1a: Cinderace|Pyro Ball|p2a: Toxapex
|-resisted|p2a: Toxapex
|-damage|p2a: Toxapex|52/100 par
|
|upkeep
|turn|49
|
|t:|1781128798
|move|p1a: Cinderace|U-turn|p2a: Toxapex
|-start|p1a: Cinderace|typechange|Bug|[from] ability: Libero
|-resisted|p2a: Toxapex
|-crit|p2a: Toxapex
|-damage|p2a: Toxapex|31/100 par
|
|t:|1781128800
|switch|p1a: Corviknight|Corviknight, F|74/100|[from] U-turn
|-ability|p1a: Corviknight|Pressure
|move|p2a: Toxapex|Surf|p1a: Corviknight
|-damage|p1a: Corviknight|54/100
|
|-heal|p1a: Corviknight|60/100|[from] item: Leftovers
|upkeep
|turn|50
|
|t:|1781128803
|switch|p2a: Iron Treads|Iron Treads|82/100
|move|p1a: Corviknight|Roost|p1a: Corviknight
|-heal|p1a: Corviknight|100/100
|-singleturn|p1a: Corviknight|move: Roost
|
|upkeep
|turn|51
|
|t:|1781128806
|-end|p2a: Iron Treads|Quark Drive|[silent]
|switch|p2a: Toxapex|Toxapex, F|64/100 par
|move|p1a: Corviknight|Iron Head|p2a: Toxapex
|-resisted|p2a: Toxapex
|-damage|p2a: Toxapex|55/100 par
|
|upkeep
|turn|52
|
|t:|1781128810
|switch|p2a: Iron Treads|Iron Treads|82/100
|move|p1a: Corviknight|Iron Head|p2a: Iron Treads
|-resisted|p2a: Iron Treads
|-crit|p2a: Iron Treads
|-damage|p2a: Iron Treads|67/100
|
|upkeep
|turn|53
|
|t:|1781128820
|-end|p2a: Iron Treads|Quark Drive|[silent]
|switch|p2a: Toxapex|Toxapex, F|88/100 par
|move|p1a: Corviknight|U-turn|p2a: Toxapex
|-resisted|p2a: Toxapex
|-damage|p2a: Toxapex|83/100 par
|
|t:|1781128822
|switch|p1a: Cinderace|Cinderace, F|100/100|[from] U-turn
|
|upkeep
|turn|54
|l| Yamhard
|
|t:|1781128829
|move|p1a: Cinderace|U-turn|p2a: Toxapex
|-start|p1a: Cinderace|typechange|Bug|[from] ability: Libero
|-resisted|p2a: Toxapex
|-damage|p2a: Toxapex|69/100 par
|
|t:|1781128832
|switch|p1a: Corviknight|Corviknight, F|100/100|[from] U-turn
|-ability|p1a: Corviknight|Pressure
|move|p2a: Toxapex|Ice Beam|p1a: Corviknight
|-damage|p1a: Corviknight|86/100
|
|-heal|p1a: Corviknight|92/100|[from] item: Leftovers
|upkeep
|turn|55
|
|t:|1781128834
|move|p1a: Corviknight|U-turn|p2a: Toxapex
|-resisted|p2a: Toxapex
|-damage|p2a: Toxapex|63/100 par
|
|t:|1781128836
|switch|p1a: Cinderace|Cinderace, F|100/100|[from] U-turn
|move|p2a: Toxapex|Ice Beam|p1a: Cinderace
|-resisted|p1a: Cinderace
|-damage|p1a: Cinderace|87/100
|
|upkeep
|turn|56
|
|t:|1781128840
|move|p1a: Cinderace|U-turn|p2a: Toxapex
|-start|p1a: Cinderace|typechange|Bug|[from] ability: Libero
|-resisted|p2a: Toxapex
|-damage|p2a: Toxapex|51/100 par
|
|t:|1781128841
|switch|p1a: Corviknight|Corviknight, F|92/100|[from] U-turn
|-ability|p1a: Corviknight|Pressure
|move|p2a: Toxapex|Surf|p1a: Corviknight
|-damage|p1a: Corviknight|73/100
|
|-heal|p1a: Corviknight|79/100|[from] item: Leftovers
|upkeep
|turn|57
|
|t:|1781128845
|switch|p2a: Iron Treads|Iron Treads|67/100
|move|p1a: Corviknight|Iron Head|p2a: Iron Treads
|-resisted|p2a: Iron Treads
|-damage|p2a: Iron Treads|55/100
|
|-heal|p1a: Corviknight|85/100|[from] item: Leftovers
|upkeep
|turn|58
|
|t:|1781128851
|-end|p2a: Iron Treads|Quark Drive|[silent]
|switch|p2a: Toxapex|Toxapex, F|85/100 par
|move|p1a: Corviknight|Iron Head|p2a: Toxapex
|-resisted|p2a: Toxapex
|-damage|p2a: Toxapex|75/100 par
|
|-heal|p1a: Corviknight|91/100|[from] item: Leftovers
|upkeep
|turn|59
|
|t:|1781128855
|move|p1a: Corviknight|U-turn|p2a: Toxapex
|-resisted|p2a: Toxapex
|-damage|p2a: Toxapex|69/100 par
|
|t:|1781128856
|switch|p1a: Cinderace|Cinderace, F|87/100|[from] U-turn
|move|p2a: Toxapex|Surf|p1a: Cinderace
|-supereffective|p1a: Cinderace
|-damage|p1a: Cinderace|0 fnt
|faint|p1a: Cinderace
|
|upkeep
|
|t:|1781128860
|switch|p1a: Corviknight|Corviknight, F|91/100
|-ability|p1a: Corviknight|Pressure
|turn|60
|
|t:|1781128864
|move|p1a: Corviknight|U-turn|p2a: Toxapex
|-resisted|p2a: Toxapex
|-damage|p2a: Toxapex|64/100 par
|move|p2a: Toxapex|Infestation|p1a: Corviknight
|-resisted|p1a: Corviknight
|-damage|p1a: Corviknight|91/100
|-activate|p1a: Corviknight|move: Infestation|[of] p2a: Toxapex
|
|-heal|p1a: Corviknight|97/100|[from] item: Leftovers
|-damage|p1a: Corviknight|84/100|[from] move: Infestation|[partiallytrapped]
|upkeep
|turn|61
|
|t:|1781128867
|move|p1a: Corviknight|Iron Head|p2a: Toxapex
|-resisted|p2a: Toxapex
|-damage|p2a: Toxapex|55/100 par
|move|p2a: Toxapex|Ice Beam|p1a: Corviknight
|-damage|p1a: Corviknight|72/100
|-status|p1a: Corviknight|frz
|
|-heal|p1a: Corviknight|78/100 frz|[from] item: Leftovers
|-damage|p1a: Corviknight|66/100 frz|[from] move: Infestation|[partiallytrapped]
|upkeep
|turn|62
|
|t:|1781128875
|cant|p1a: Corviknight|frz
|move|p2a: Toxapex|Surf|p1a: Corviknight
|-damage|p1a: Corviknight|45/100 frz
|
|-heal|p1a: Corviknight|51/100 frz|[from] item: Leftovers
|-damage|p1a: Corviknight|38/100 frz|[from] move: Infestation|[partiallytrapped]
|upkeep
|turn|63
|
|t:|1781128877
|cant|p1a: Corviknight|frz
|move|p2a: Toxapex|Surf|p1a: Corviknight
|-damage|p1a: Corviknight|19/100 frz
|
|-heal|p1a: Corviknight|25/100 frz|[from] item: Leftovers
|-damage|p1a: Corviknight|13/100 frz|[from] move: Infestation|[partiallytrapped]
|upkeep
|turn|64
|
|t:|1781128878
|cant|p1a: Corviknight|frz
|move|p2a: Toxapex|Surf|p1a: Corviknight
|-damage|p1a: Corviknight|0 fnt
|faint|p1a: Corviknight
|
|win|silver jay#2240
|raw|18dabloons's rating: 1770 &rarr; <strong>1748</strong><br />(-22 for losing)
|raw|silver jay#2240's rating: 1728 &rarr; <strong>1750</strong><br />(+22 for winning)
|c|☆silver jay#2240|gg
|c|☆silver jay#2240|sorry for the hax
|c|☆18dabloons|happens
|c|☆18dabloons|gg
|c|☆18dabloons|part of the game sadly
|c|☆silver jay#2240|i mean
|c|☆silver jay#2240|you had the crit and all
|l|☆18dabloons
|player|p1|
|c|☆silver jay#2240|but im also the one running 1 attack deoxys
|l|☆silver jay#2240
|player|p2|
