|j|☆lockheed shartin
|j|☆ykykp
|t:|1781066251
|gametype|singles
|player|p1|lockheed shartin|preschooler|1709
|player|p2|ykykp|265|1747
|gen|9
|tier|[Gen 9] OU
|rated|
|rule|HP Percentage Mod: HP is shown in percentages
|rule|Endless Battle Clause: Forcing endless battles is banned
|rule|Species Clause: Limit one of each Pokémon
|rule|OHKO Clause: OHKO moves are banned
|rule|Evasion Items Clause: Evasion items are banned
|rule|Evasion Moves Clause: Evasion moves are banned
|rule|Evasion Abilities Clause: Evasion abilities are banned
|rule|Sleep Moves Clause: Sleep-inducing moves are banned
|clearpoke
|poke|p1|Latios, M|
|poke|p1|Sinistcha|
|poke|p1|Weavile, F|
|poke|p1|Clodsire, M|
|poke|p1|Skarmory, M|
|poke|p1|Alomomola, F|
|poke|p2|Iron Valiant|
|poke|p2|Pecharunt|
|poke|p2|Alomomola, M|
|poke|p2|Cinderace, M|
|poke|p2|Zamazenta-*|
|poke|p2|Ogerpon-Cornerstone, F|
|teampreview
|inactive|Battle timer is ON: inactive players will automatically lose when time's up. (requested by lockheed shartin)
|
|t:|1781066266
|teamsize|p1|6
|teamsize|p2|6
|start
|switch|p1a: DirtySprite|Clodsire, M|100/100
|switch|p2a: Ogerpon|Ogerpon-Cornerstone, F|100/100
|turn|1
|l|☆lockheed shartin
|inactive|lockheed shartin disconnected and has a minute to reconnect!
|player|p1|
|j|☆lockheed shartin
|inactive|lockheed shartin reconnected.
|player|p1|lockheed shartin|preschooler|
|
|t:|1781066291
|switch|p1a: InMySturdies|Skarmory, M|100/100
|move|p2a: Ogerpon|Knock Off|p1a: InMySturdies
|-damage|p1a: InMySturdies|75/100
|-damage|p2a: Ogerpon|84/100|[from] item: Rocky Helmet|[of] p1a: InMySturdies
|-enditem|p1a: InMySturdies|Rocky Helmet|[from] move: Knock Off|[of] p2a: Ogerpon
|
|upkeep
|turn|2
|
|t:|1781066303
|switch|p2a: Pecharunt|Pecharunt|100/100
|move|p1a: InMySturdies|Spikes|p2a: Pecharunt
|-sidestart|p2: ykykp|Spikes
|
|upkeep
|turn|3
|
|t:|1781066309
|switch|p1a: Sub2MyOnlyFins|Alomomola, F|100/100
|move|p2a: Pecharunt|Parting Shot|p1a: Sub2MyOnlyFins
|-unboost|p1a: Sub2MyOnlyFins|atk|1
|-unboost|p1a: Sub2MyOnlyFins|spa|1
|
|t:|1781066314
|switch|p2a: Ogerpon|Ogerpon-Cornerstone, F|84/100|[from] Parting Shot
|-damage|p2a: Ogerpon|72/100|[from] Spikes
|
|upkeep
|turn|4
|
|t:|1781066318
|switch|p1a: RIP Virgil|Sinistcha|100/100
|move|p2a: Ogerpon|Ivy Cudgel|p1a: RIP Virgil|[anim] Ivy Cudgel Rock
|-damage|p1a: RIP Virgil|53/100
|
|upkeep
|turn|5
|
|t:|1781066323
|move|p2a: Ogerpon|Knock Off|p1a: RIP Virgil
|-supereffective|p1a: RIP Virgil
|-damage|p1a: RIP Virgil|0 fnt
|-enditem|p1a: RIP Virgil|Heavy-Duty Boots|[from] move: Knock Off|[of] p2a: Ogerpon
|faint|p1a: RIP Virgil
|
|upkeep
|
|t:|1781066326
|switch|p1a: GriseldaBlanco|Weavile, F|100/100
|-ability|p1a: GriseldaBlanco|Pressure
|turn|6
|
|t:|1781066330
|switch|p2a: Pecharunt|Pecharunt|100/100
|move|p1a: GriseldaBlanco|Knock Off|p2a: Pecharunt
|-supereffective|p2a: Pecharunt
|-damage|p2a: Pecharunt|55/100
|-enditem|p2a: Pecharunt|Heavy-Duty Boots|[from] move: Knock Off|[of] p1a: GriseldaBlanco
|
|upkeep
|turn|7
|
|t:|1781066336
|switch|p1a: MixdWhiteLikePluto|Latios, M|100/100
|move|p2a: Pecharunt|Recover|p2a: Pecharunt
|-heal|p2a: Pecharunt|100/100
|
|upkeep
|turn|8
|
|t:|1781066342
|switch|p2a: Alomomola|Alomomola, M|100/100
|-damage|p2a: Alomomola|88/100|[from] Spikes
|move|p1a: MixdWhiteLikePluto|Future Sight|p2a: Alomomola
|-start|p1a: MixdWhiteLikePluto|move: Future Sight
|
|upkeep
|turn|9
|
|t:|1781066345
|move|p1a: MixdWhiteLikePluto|Flip Turn|p2a: Alomomola
|-resisted|p2a: Alomomola
|-damage|p2a: Alomomola|84/100
|
|t:|1781066349
|switch|p1a: GriseldaBlanco|Weavile, F|100/100|[from] Flip Turn
|-ability|p1a: GriseldaBlanco|Pressure
|move|p2a: Alomomola|Flip Turn|p1a: GriseldaBlanco
|-crit|p1a: GriseldaBlanco
|-damage|p1a: GriseldaBlanco|56/100
|j| roarcat
|l|☆lockheed shartin
|inactive|lockheed shartin disconnected and has a minute to reconnect!
|player|p1|
|
|t:|1781066358
|switch|p2a: Cinderace|Cinderace, M|100/100|[from] Flip Turn
|
|upkeep
|turn|10
|j|☆lockheed shartin
|inactive|lockheed shartin reconnected and has 140 seconds left.
|player|p1|lockheed shartin|preschooler|
|
|t:|1781066380
|switch|p1a: InMySturdies|Skarmory, M|75/100
|move|p2a: Cinderace|U-turn|p1a: InMySturdies
|-start|p2a: Cinderace|typechange|Bug|[from] ability: Libero
|-resisted|p1a: InMySturdies
|-damage|p1a: InMySturdies|70/100
|
|t:|1781066384
|switch|p2a: Alomomola|Alomomola, M|100/100|[from] U-turn
|-damage|p2a: Alomomola|88/100|[from] Spikes
|
|-end|p2a: Alomomola|move: Future Sight
|-damage|p2a: Alomomola|58/100
|upkeep
|turn|11
|
|t:|1781066394
|move|p1a: InMySturdies|Spikes|p2a: Alomomola
|-sidestart|p2: ykykp|Spikes
|move|p2a: Alomomola|Flip Turn|p1a: InMySturdies
|-damage|p1a: InMySturdies|60/100
|
|t:|1781066397
|switch|p2a: Cinderace|Cinderace, M|100/100|[from] Flip Turn
|
|upkeep
|turn|12
|
|t:|1781066399
|move|p2a: Cinderace|Pyro Ball|p1a: InMySturdies
|-supereffective|p1a: InMySturdies
|-crit|p1a: InMySturdies
|-damage|p1a: InMySturdies|0 fnt
|faint|p1a: InMySturdies
|
|upkeep
|-message|lockheed shartin forfeited.
|
|win|ykykp
|raw|lockheed shartin's rating: 1709 &rarr; <strong>1691</strong><br />(-18 for losing)
|raw|ykykp's rating: 1747 &rarr; <strong>1765</strong><br />(+18 for winning)
|l|☆lockheed shartin
|player|p1|
|l|☆ykykp
|player|p2|
|l| roarcat
