|j|☆SushiGengu
|j|☆GreninjaMyFav
|t:|1781248674
|gametype|singles
|player|p1|SushiGengu|2|1661
|player|p2|GreninjaMyFav|skyla|1732
|gen|9
|tier|[Gen 9] OU
|rated|
|rule|HP Percentage Mod: HP is shown in percentages
|rule|Endless Battle Clause: Forcing endless battles is banned
|rule|Species Clause: Limit one of each Pokémon
|rule|OHKO Clause: OHKO moves are banned
|rule|Evasion Items Clause: Evasion items are banned
|rule|Evasion Moves Clause: Evasion moves are banned
|rule|Evasion Abilities Clause: Evasion abilities are banned
|rule|Sleep Moves Clause: Sleep-inducing moves are banned
|clearpoke
|poke|p1|Hatterene, F|
|poke|p1|Cresselia, F|
|poke|p1|Zamazenta-*|
|poke|p1|Ursaluna, F|
|poke|p1|Diancie|
|poke|p1|Volcanion|
|poke|p2|Greninja-*, M|
|poke|p2|Raging Bolt|
|poke|p2|Kingambit, F|
|poke|p2|Great Tusk|
|poke|p2|Slowking-Galar, M|
|poke|p2|Corviknight, M|
|teampreview
|j| euphoricpoptarts
|inactive|Battle timer is ON: inactive players will automatically lose when time's up. (requested by GreninjaMyFav)
|
|t:|1781248721
|teamsize|p1|6
|teamsize|p2|6
|start
|switch|p1a: Zamazenta|Zamazenta|100/100
|switch|p2a: Raging Bolt|Raging Bolt|100/100
|-ability|p1a: Zamazenta|Dauntless Shield|boost
|-boost|p1a: Zamazenta|def|1
|turn|1
|
|t:|1781248726
|move|p1a: Zamazenta|Close Combat|p2a: Raging Bolt
|-damage|p2a: Raging Bolt|32/100
|-unboost|p1a: Zamazenta|def|1
|-unboost|p1a: Zamazenta|spd|1
|-damage|p1a: Zamazenta|91/100|[from] item: Life Orb
|move|p2a: Raging Bolt|Draco Meteor|p1a: Zamazenta
|-damage|p1a: Zamazenta|0 fnt
|-unboost|p2a: Raging Bolt|spa|2
|faint|p1a: Zamazenta
|
|upkeep
|
|t:|1781248737
|switch|p1a: Hatterene|Hatterene, F|100/100
|turn|2
|j| yuureisuisei
|
|t:|1781248743
|-end|p2a: Raging Bolt|Protosynthesis|[silent]
|switch|p2a: Slowking|Slowking-Galar, M|100/100
|move|p1a: Hatterene|Trick Room|p1a: Hatterene
|-fieldstart|move: Trick Room|[of] p1a: Hatterene
|
|upkeep
|turn|3
|
|t:|1781248748
|switch|p1a: Ursaluna|Ursaluna, F|100/100
|move|p2a: Slowking|Sludge Bomb|p1a: Ursaluna
|-resisted|p1a: Ursaluna
|-damage|p1a: Ursaluna|85/100
|-status|p1a: Ursaluna|psn
|
|-damage|p1a: Ursaluna|73/100 psn|[from] psn
|upkeep
|turn|4
|
|t:|1781248763
|switch|p2a: Corviknight|Corviknight, M|100/100
|-ability|p2a: Corviknight|Pressure
|move|p1a: Ursaluna|Facade|p2a: Corviknight
|-resisted|p2a: Corviknight
|-damage|p2a: Corviknight|64/100
|-damage|p1a: Ursaluna|56/100 psn|[from] item: Rocky Helmet|[of] p2a: Corviknight
|
|-damage|p1a: Ursaluna|44/100 psn|[from] psn
|upkeep
|turn|5
|
|t:|1781248791
|switch|p1a: Cresselia|Cresselia, F|100/100
|move|p2a: Corviknight|U-turn|p1a: Cresselia
|-supereffective|p1a: Cresselia
|-damage|p1a: Cresselia|86/100
|
|t:|1781248811
|switch|p2a: Kingambit|Kingambit, F|100/100|[from] U-turn
|
|upkeep
|turn|6
|
|t:|1781248815
|move|p2a: Kingambit|Kowtow Cleave|p1a: Cresselia
|-supereffective|p1a: Cresselia
|-damage|p1a: Cresselia|26/100
|move|p1a: Cresselia|Reflect|p1a: Cresselia
|-sidestart|p1: SushiGengu|Reflect
|
|-fieldend|move: Trick Room
|upkeep
|turn|7
|l| yuureisuisei
|
|t:|1781248830
|move|p1a: Cresselia|Lunar Dance|p1a: Cresselia
|faint|p1a: Cresselia
|move|p2a: Kingambit|Kowtow Cleave|p1: Cresselia|[notarget]
|-fail|p2a: Kingambit
|
|upkeep
|
|t:|1781248836
|switch|p1a: Volcanion|Volcanion|100/100
|turn|8
|
|t:|1781248843
|-end|p2a: Kingambit|fallenundefined|[silent]
|switch|p2a: Slowking|Slowking-Galar, M|100/100
|move|p1a: Volcanion|Flamethrower|p2a: Slowking
|-damage|p2a: Slowking|56/100
|-status|p2a: Slowking|brn
|
|-damage|p2a: Slowking|50/100 brn|[from] brn
|upkeep
|turn|9
|
|t:|1781248848
|switch|p2a: Raging Bolt|Raging Bolt|32/100
|move|p1a: Volcanion|Flamethrower|p2a: Raging Bolt
|-resisted|p2a: Raging Bolt
|-damage|p2a: Raging Bolt|0 fnt
|faint|p2a: Raging Bolt
|-end|p2a: Raging Bolt|Protosynthesis|[silent]
|
|upkeep
|
|t:|1781248852
|switch|p2a: Greninja|Greninja, M|100/100
|turn|10
|
|t:|1781248857
|move|p2a: Greninja|Sludge Wave|p1a: Volcanion
|-start|p2a: Greninja|typechange|Poison|[from] ability: Protean
|-damage|p1a: Volcanion|39/100
|move|p1a: Volcanion|Flamethrower|p2a: Greninja
|-damage|p2a: Greninja|0 fnt
|faint|p2a: Greninja
|
|upkeep
|
|t:|1781248862
|switch|p2a: Great Tusk|Great Tusk|100/100
|turn|11
|
|t:|1781248868
|move|p2a: Great Tusk|Headlong Rush|p1a: Volcanion
|-supereffective|p1a: Volcanion
|-damage|p1a: Volcanion|0 fnt
|-unboost|p2a: Great Tusk|def|1
|-unboost|p2a: Great Tusk|spd|1
|faint|p1a: Volcanion
|
|upkeep
|
|t:|1781248869
|switch|p1a: Hatterene|Hatterene, F|100/100
|-heal|p1a: Hatterene|100/100|[from] move: Lunar Dance
|turn|12
|
|t:|1781248872
|-end|p2a: Great Tusk|Protosynthesis|[silent]
|switch|p2a: Slowking|Slowking-Galar, M|83/100 brn
|move|p1a: Hatterene|Trick Room|p1a: Hatterene
|-fieldstart|move: Trick Room|[of] p1a: Hatterene
|
|-damage|p2a: Slowking|77/100 brn|[from] brn
|upkeep
|turn|13
|
|t:|1781248893
|switch|p1a: Ursaluna|Ursaluna, F|44/100 psn
|move|p2a: Slowking|Sludge Bomb|p1a: Ursaluna
|-resisted|p1a: Ursaluna
|-damage|p1a: Ursaluna|29/100 psn
|
|-damage|p1a: Ursaluna|17/100 psn|[from] psn
|-damage|p2a: Slowking|71/100 brn|[from] brn
|-sideend|p1: SushiGengu|Reflect
|upkeep
|turn|14
|
|t:|1781248903
|switch|p2a: Corviknight|Corviknight, M|64/100
|-ability|p2a: Corviknight|Pressure
|move|p1a: Ursaluna|Fire Punch|p2a: Corviknight
|-supereffective|p2a: Corviknight
|-damage|p2a: Corviknight|5/100
|-damage|p1a: Ursaluna|0 fnt|[from] item: Rocky Helmet|[of] p2a: Corviknight
|faint|p1a: Ursaluna
|
|upkeep
|
|t:|1781248906
|switch|p1a: Diancie|Diancie|100/100
|turn|15
|
|t:|1781248915
|move|p1a: Diancie|Meteor Beam||[still]
|-prepare|p1a: Diancie|Meteor Beam
|-boost|p1a: Diancie|spa|1
|-enditem|p1a: Diancie|Power Herb
|-anim|p1a: Diancie|Meteor Beam|p2a: Corviknight
|-damage|p2a: Corviknight|0 fnt
|faint|p2a: Corviknight
|
|upkeep
|
|t:|1781248921
|switch|p2a: Slowking|Slowking-Galar, M|100/100 brn
|turn|16
|
|t:|1781248926
|move|p2a: Slowking|Sludge Bomb|p1a: Diancie
|-damage|p1a: Diancie|75/100
|-status|p1a: Diancie|psn
|move|p1a: Diancie|Earth Power|p2a: Slowking
|-supereffective|p2a: Slowking
|-damage|p2a: Slowking|52/100 brn
|
|-damage|p1a: Diancie|62/100 psn|[from] psn
|-damage|p2a: Slowking|46/100 brn|[from] brn
|-fieldend|move: Trick Room
|upkeep
|turn|17
|
|t:|1781248931
|switch|p2a: Great Tusk|Great Tusk|100/100
|move|p1a: Diancie|Trick Room|p1a: Diancie
|-fieldstart|move: Trick Room|[of] p1a: Diancie
|
|-damage|p1a: Diancie|50/100 psn|[from] psn
|upkeep
|turn|18
|
|t:|1781248938
|-end|p2a: Great Tusk|Protosynthesis|[silent]
|switch|p2a: Kingambit|Kingambit, F|100/100
|-activate|p2a: Kingambit|ability: Supreme Overlord
|-start|p2a: Kingambit|fallen3|[silent]
|move|p1a: Diancie|Earth Power|p2a: Kingambit
|-supereffective|p2a: Kingambit
|-damage|p2a: Kingambit|24/100
|
|-damage|p1a: Diancie|37/100 psn|[from] psn
|upkeep
|turn|19
|
|t:|1781248947
|-terastallize|p2a: Kingambit|Dark
|move|p2a: Kingambit|Sucker Punch|p1a: Diancie
|-resisted|p1a: Diancie
|-damage|p1a: Diancie|6/100 psn
|move|p1a: Diancie|Moonblast|p2a: Kingambit
|-supereffective|p2a: Kingambit
|-damage|p2a: Kingambit|0 fnt
|faint|p2a: Kingambit
|-end|p2a: Kingambit|fallen3|[silent]
|
|-damage|p1a: Diancie|0 fnt|[from] psn
|faint|p1a: Diancie
|upkeep
|
|t:|1781248951
|switch|p1a: Hatterene|Hatterene, F|100/100
|switch|p2a: Slowking|Slowking-Galar, M|79/100 brn
|turn|20
|
|t:|1781248956
|move|p1a: Hatterene|Psychic Noise|p2a: Slowking
|-damage|p2a: Slowking|53/100 brn
|-start|p2a: Slowking|move: Heal Block
|move|p2a: Slowking|Sludge Bomb|p1a: Hatterene
|-supereffective|p1a: Hatterene
|-damage|p1a: Hatterene|36/100
|
|-damage|p2a: Slowking|47/100 brn|[from] brn
|upkeep
|turn|21
|
|t:|1781248966
|-terastallize|p1a: Hatterene|Steel
|move|p1a: Hatterene|Psychic Noise|p2a: Slowking
|-damage|p2a: Slowking|22/100 brn
|move|p2a: Slowking|Sludge Bomb|p1a: Hatterene
|-immune|p1a: Hatterene
|
|-damage|p2a: Slowking|15/100 brn|[from] brn
|-end|p2a: Slowking|move: Heal Block
|-fieldend|move: Trick Room
|upkeep
|turn|22
|
|t:|1781248970
|switch|p2a: Great Tusk|Great Tusk|100/100
|move|p1a: Hatterene|Trick Room|p1a: Hatterene
|-fieldstart|move: Trick Room|[of] p1a: Hatterene
|
|upkeep
|turn|23
|
|t:|1781248975
|-end|p2a: Great Tusk|Protosynthesis|[silent]
|switch|p2a: Slowking|Slowking-Galar, M|49/100 brn
|move|p1a: Hatterene|Dazzling Gleam|p2a: Slowking
|-resisted|p2a: Slowking
|-crit|p2a: Slowking
|-damage|p2a: Slowking|26/100 brn
|
|-damage|p2a: Slowking|20/100 brn|[from] brn
|upkeep
|turn|24
|
|t:|1781248983
|move|p1a: Hatterene|Dazzling Gleam|p2a: Slowking
|-resisted|p2a: Slowking
|-damage|p2a: Slowking|5/100 brn
|move|p2a: Slowking|Psychic Noise|p1a: Hatterene
|-resisted|p1a: Hatterene
|-damage|p1a: Hatterene|22/100
|-start|p1a: Hatterene|move: Heal Block
|
|-damage|p2a: Slowking|0 fnt|[from] brn
|faint|p2a: Slowking
|upkeep
|
|t:|1781248984
|switch|p2a: Great Tusk|Great Tusk|100/100
|turn|25
|
|t:|1781248990
|move|p1a: Hatterene|Dazzling Gleam|p2a: Great Tusk
|-supereffective|p2a: Great Tusk
|-damage|p2a: Great Tusk|0 fnt
|faint|p2a: Great Tusk
|-end|p2a: Great Tusk|Protosynthesis|[silent]
|
|win|SushiGengu
|raw|SushiGengu's rating: 1661 &rarr; <strong>1686</strong><br />(+25 for winning)
|raw|GreninjaMyFav's rating: 1741 &rarr; <strong>1716</strong><br />(-25 for losing)
|c|☆GreninjaMyFav|gg
|l|☆GreninjaMyFav
|player|p2|
|c|☆SushiGengu|Gg
|l|☆SushiGengu
|player|p1|
|l| euphoricpoptarts
