|j|☆thebambi1234
|j|☆SquilliamTg
|t:|1781217132
|gametype|singles
|player|p1|thebambi1234|blackbelt-gen4dp|1606
|player|p2|SquilliamTg|170|1639
|gen|9
|tier|[Gen 9] OU
|rated|
|rule|HP Percentage Mod: HP is shown in percentages
|rule|Endless Battle Clause: Forcing endless battles is banned
|rule|Species Clause: Limit one of each Pokémon
|rule|OHKO Clause: OHKO moves are banned
|rule|Evasion Items Clause: Evasion items are banned
|rule|Evasion Moves Clause: Evasion moves are banned
|rule|Evasion Abilities Clause: Evasion abilities are banned
|rule|Sleep Moves Clause: Sleep-inducing moves are banned
|clearpoke
|poke|p1|Staraptor, M|
|poke|p1|Glimmora, M|
|poke|p1|Gholdengo|
|poke|p1|Great Tusk|
|poke|p1|Kingambit, F|
|poke|p1|Ogerpon-Wellspring, F|
|poke|p2|Suicune|
|poke|p2|Kyurem|
|poke|p2|Corviknight, M|
|poke|p2|Blissey, F|
|poke|p2|Dondozo, M|
|poke|p2|Gliscor, F|
|teampreview
|inactive|Battle timer is ON: inactive players will automatically lose when time's up. (requested by thebambi1234)
|
|t:|1781217147
|teamsize|p1|6
|teamsize|p2|6
|start
|switch|p1a: Ogerpon|Ogerpon-Wellspring, F|100/100
|switch|p2a: Kyurem|Kyurem|100/100
|-ability|p2a: Kyurem|Pressure
|turn|1
|
|t:|1781217169
|switch|p1a: Gholdengo|Gholdengo|100/100
|-item|p1a: Gholdengo|Air Balloon
|move|p2a: Kyurem|Freeze-Dry|p1a: Gholdengo
|-resisted|p1a: Gholdengo
|-damage|p1a: Gholdengo|86/100
|-enditem|p1a: Gholdengo|Air Balloon
|
|upkeep
|turn|2
|
|t:|1781217185
|switch|p2a: Suicune|Suicune|100/100
|-ability|p2a: Suicune|Pressure
|move|p1a: Gholdengo|Nasty Plot|p1a: Gholdengo
|-boost|p1a: Gholdengo|spa|2
|
|upkeep
|turn|3
|
|t:|1781217193
|move|p2a: Suicune|Calm Mind|p2a: Suicune
|-boost|p2a: Suicune|spa|1
|-boost|p2a: Suicune|spd|1
|move|p1a: Gholdengo|Nasty Plot|p1a: Gholdengo
|-boost|p1a: Gholdengo|spa|2
|
|upkeep
|turn|4
|
|t:|1781217199
|move|p2a: Suicune|Calm Mind|p2a: Suicune
|-boost|p2a: Suicune|spa|1
|-boost|p2a: Suicune|spd|1
|move|p1a: Gholdengo|Nasty Plot|p1a: Gholdengo
|-boost|p1a: Gholdengo|spa|2
|
|upkeep
|turn|5
|
|t:|1781217205
|move|p2a: Suicune|Scald|p1a: Gholdengo
|-damage|p1a: Gholdengo|34/100
|-status|p1a: Gholdengo|brn
|move|p1a: Gholdengo|Shadow Ball|p2a: Suicune
|-damage|p2a: Suicune|52/100
|
|-heal|p2a: Suicune|58/100|[from] item: Leftovers
|-damage|p1a: Gholdengo|28/100 brn|[from] brn
|upkeep
|turn|6
|
|t:|1781217218
|move|p2a: Suicune|Calm Mind|p2a: Suicune
|-boost|p2a: Suicune|spa|1
|-boost|p2a: Suicune|spd|1
|move|p1a: Gholdengo|Shadow Ball|p2a: Suicune
|-damage|p2a: Suicune|18/100
|-unboost|p2a: Suicune|spd|1
|
|-heal|p2a: Suicune|24/100|[from] item: Leftovers
|-damage|p1a: Gholdengo|22/100 brn|[from] brn
|upkeep
|turn|7
|
|t:|1781217228
|move|p2a: Suicune|Scald|p1a: Gholdengo
|-damage|p1a: Gholdengo|0 fnt
|faint|p1a: Gholdengo
|
|-heal|p2a: Suicune|30/100|[from] item: Leftovers
|upkeep
|
|t:|1781217246
|switch|p1a: Ogerpon|Ogerpon-Wellspring, F|100/100
|turn|8
|
|t:|1781217255
|switch|p2a: Kyurem|Kyurem|100/100
|-ability|p2a: Kyurem|Pressure
|move|p1a: Ogerpon|Swords Dance|p1a: Ogerpon
|-boost|p1a: Ogerpon|atk|2
|
|upkeep
|turn|9
|
|t:|1781217264
|-terastallize|p1a: Ogerpon|Water
|detailschange|p1a: Ogerpon|Ogerpon-Wellspring-Tera, F, tera:Water
|-ability|p1a: Ogerpon|Embody Aspect (Wellspring)|boost
|-boost|p1a: Ogerpon|spd|1
|move|p1a: Ogerpon|Ivy Cudgel|p2a: Kyurem|[anim] Ivy Cudgel Water
|-resisted|p2a: Kyurem
|-damage|p2a: Kyurem|33/100
|move|p2a: Kyurem|Freeze-Dry|p1a: Ogerpon
|-supereffective|p1a: Ogerpon
|-damage|p1a: Ogerpon|55/100
|
|-heal|p2a: Kyurem|39/100|[from] item: Leftovers
|upkeep
|turn|10
|
|t:|1781217278
|move|p2a: Kyurem|Protect|p2a: Kyurem
|-singleturn|p2a: Kyurem|Protect
|move|p1a: Ogerpon|Ivy Cudgel|p2a: Kyurem|[anim] Ivy Cudgel Water
|-activate|p2a: Kyurem|move: Protect
|
|-heal|p2a: Kyurem|45/100|[from] item: Leftovers
|upkeep
|turn|11
|
|t:|1781217287
|switch|p2a: Suicune|Suicune|30/100
|-ability|p2a: Suicune|Pressure
|move|p1a: Ogerpon|Ivy Cudgel|p2a: Suicune|[anim] Ivy Cudgel Water
|-resisted|p2a: Suicune
|-damage|p2a: Suicune|0 fnt
|faint|p2a: Suicune
|
|upkeep
|
|t:|1781217296
|switch|p2a: dozo|Dondozo, M|100/100
|turn|12
|
|t:|1781217301
|-terastallize|p2a: dozo|Grass
|move|p1a: Ogerpon|Horn Leech|p2a: dozo
|-resisted|p2a: dozo
|-damage|p2a: dozo|90/100
|-heal|p1a: Ogerpon|63/100|[from] drain|[of] p2a: dozo
|move|p2a: dozo|Body Press|p1a: Ogerpon
|-damage|p1a: Ogerpon|24/100
|
|upkeep
|turn|13
|
|t:|1781217323
|switch|p1a: Glimmora|Glimmora, M|100/100
|move|p2a: dozo|Body Press|p1a: Glimmora
|-damage|p1a: Glimmora|66/100
|-activate|p1a: Glimmora|ability: Toxic Debris
|-sidestart|p2: SquilliamTg|move: Toxic Spikes
|
|upkeep
|turn|14
|
|t:|1781217332
|switch|p1a: Ogerpon|Ogerpon-Wellspring-Tera, F, tera:Water|24/100
|-ability|p1a: Ogerpon|Embody Aspect (Wellspring)|boost
|-boost|p1a: Ogerpon|spd|1
|switch|p2a: Corviknight|Corviknight, M|100/100
|-ability|p2a: Corviknight|Pressure
|
|upkeep
|turn|15
|
|t:|1781217341
|switch|p1a: Glimmora|Glimmora, M|66/100
|switch|p2a: dozo|Dondozo, M, tera:Grass|90/100
|
|upkeep
|turn|16
|
|t:|1781217351
|switch|p2a: Corviknight|Corviknight, M|100/100
|-ability|p2a: Corviknight|Pressure
|move|p1a: Glimmora|Power Gem|p2a: Corviknight
|-damage|p2a: Corviknight|60/100
|
|upkeep
|turn|17
|
|t:|1781217357
|move|p1a: Glimmora|Power Gem|p2a: Corviknight
|-damage|p2a: Corviknight|17/100
|move|p2a: Corviknight|Roost|p2a: Corviknight
|-heal|p2a: Corviknight|67/100
|-singleturn|p2a: Corviknight|move: Roost
|
|upkeep
|turn|18
|
|t:|1781217364
|move|p1a: Glimmora|Power Gem|p2a: Corviknight
|-damage|p2a: Corviknight|26/100
|move|p2a: Corviknight|Roost|p2a: Corviknight
|-heal|p2a: Corviknight|76/100
|-singleturn|p2a: Corviknight|move: Roost
|
|upkeep
|turn|19
|
|t:|1781217372
|move|p1a: Glimmora|Power Gem|p2a: Corviknight
|-damage|p2a: Corviknight|37/100
|move|p2a: Corviknight|Roost|p2a: Corviknight
|-heal|p2a: Corviknight|87/100
|-singleturn|p2a: Corviknight|move: Roost
|
|upkeep
|turn|20
|
|t:|1781217379
|move|p1a: Glimmora|Power Gem|p2a: Corviknight
|-damage|p2a: Corviknight|47/100
|move|p2a: Corviknight|Defog|p1a: Glimmora
|-unboost|p1a: Glimmora|evasion|1
|-sideend|p2: SquilliamTg|Toxic Spikes|[from] move: Defog|[of] p2a: Corviknight
|
|upkeep
|turn|21
|
|t:|1781217386
|switch|p2a: Kyurem|Kyurem|45/100
|-ability|p2a: Kyurem|Pressure
|move|p1a: Glimmora|Stealth Rock|p2a: Kyurem
|-sidestart|p2: SquilliamTg|move: Stealth Rock
|
|-heal|p2a: Kyurem|51/100|[from] item: Leftovers
|upkeep
|turn|22
|
|t:|1781217395
|switch|p1a: Staraptor|Staraptor, M|100/100
|-ability|p1a: Staraptor|Intimidate|boost
|-unboost|p2a: Kyurem|atk|1
|move|p2a: Kyurem|Earth Power|p1a: Staraptor
|-immune|p1a: Staraptor
|
|-heal|p2a: Kyurem|57/100|[from] item: Leftovers
|upkeep
|turn|23
|
|t:|1781217406
|move|p2a: Kyurem|Protect|p2a: Kyurem
|-singleturn|p2a: Kyurem|Protect
|move|p1a: Staraptor|Final Gambit|p2a: Kyurem
|-activate|p2a: Kyurem|move: Protect
|
|-heal|p2a: Kyurem|63/100|[from] item: Leftovers
|upkeep
|turn|24
|c|☆thebambi1234|aw
|
|t:|1781217420
|switch|p2a: Gliscor|Gliscor, F|100/100
|-damage|p2a: Gliscor|88/100|[from] Stealth Rock
|move|p1a: Staraptor|Final Gambit|p2a: Gliscor
|-damage|p2a: Gliscor|0 fnt
|faint|p1a: Staraptor
|faint|p2a: Gliscor
|
|upkeep
|c|☆thebambi1234|oh
|
|t:|1781217435
|switch|p1a: Ogerpon|Ogerpon-Wellspring-Tera, F, tera:Water|24/100
|switch|p2a: Kyurem|Kyurem|63/100
|-ability|p1a: Ogerpon|Embody Aspect (Wellspring)|boost
|-boost|p1a: Ogerpon|spd|1
|-damage|p2a: Kyurem|39/100|[from] Stealth Rock
|-ability|p2a: Kyurem|Pressure
|turn|25
|
|t:|1781217444
|move|p2a: Kyurem|Protect|p2a: Kyurem
|-singleturn|p2a: Kyurem|Protect
|move|p1a: Ogerpon|Swords Dance|p1a: Ogerpon
|-boost|p1a: Ogerpon|atk|2
|
|-heal|p2a: Kyurem|45/100|[from] item: Leftovers
|upkeep
|turn|26
|
|t:|1781217455
|switch|p2a: dozo|Dondozo, M, tera:Grass|90/100
|move|p1a: Ogerpon|Ivy Cudgel|p2a: dozo|[anim] Ivy Cudgel Water
|-resisted|p2a: dozo
|-damage|p2a: dozo|71/100
|
|upkeep
|turn|27
|
|t:|1781217467
|switch|p1a: Glimmora|Glimmora, M|66/100
|move|p2a: dozo|Body Press|p1a: Glimmora
|-damage|p1a: Glimmora|31/100
|-activate|p1a: Glimmora|ability: Toxic Debris
|-sidestart|p2: SquilliamTg|move: Toxic Spikes
|
|upkeep
|turn|28
|
|t:|1781217475
|switch|p2a: Blissey|Blissey, F|100/100
|move|p1a: Glimmora|Power Gem|p2a: Blissey
|-damage|p2a: Blissey|89/100
|
|upkeep
|turn|29
|
|t:|1781217491
|switch|p1a: Great Tusk|Great Tusk|100/100
|move|p2a: Blissey|Seismic Toss|p1a: Great Tusk
|-damage|p1a: Great Tusk|77/100
|
|upkeep
|turn|30
|
|t:|1781217498
|switch|p2a: Corviknight|Corviknight, M|47/100
|-damage|p2a: Corviknight|34/100|[from] Stealth Rock
|-ability|p2a: Corviknight|Pressure
|move|p1a: Great Tusk|Knock Off|p2a: Corviknight
|-damage|p2a: Corviknight|17/100
|-damage|p1a: Great Tusk|61/100|[from] item: Rocky Helmet|[of] p2a: Corviknight
|-enditem|p2a: Corviknight|Rocky Helmet|[from] move: Knock Off|[of] p1a: Great Tusk
|
|upkeep
|turn|31
|
|t:|1781217518
|move|p1a: Great Tusk|Ice Spinner|p2a: Corviknight
|-damage|p2a: Corviknight|1/100
|move|p2a: Corviknight|Defog|p1a: Great Tusk
|-unboost|p1a: Great Tusk|evasion|1
|-sideend|p2: SquilliamTg|Toxic Spikes|[from] move: Defog|[of] p2a: Corviknight
|-sideend|p2: SquilliamTg|Stealth Rock|[from] move: Defog|[of] p2a: Corviknight
|
|upkeep
|turn|32
|
|t:|1781217526
|switch|p2a: Kyurem|Kyurem|45/100
|-ability|p2a: Kyurem|Pressure
|move|p1a: Great Tusk|Knock Off|p2a: Kyurem
|-damage|p2a: Kyurem|23/100
|-enditem|p2a: Kyurem|Leftovers|[from] move: Knock Off|[of] p1a: Great Tusk
|
|upkeep
|turn|33
|
|t:|1781217534
|-end|p1a: Great Tusk|Protosynthesis|[silent]
|switch|p1a: Glimmora|Glimmora, M|31/100
|move|p2a: Kyurem|Earth Power|p1a: Glimmora
|-supereffective|p1a: Glimmora
|-damage|p1a: Glimmora|0 fnt
|faint|p1a: Glimmora
|
|upkeep
|
|t:|1781217543
|switch|p1a: Ogerpon|Ogerpon-Wellspring-Tera, F, tera:Water|24/100
|-ability|p1a: Ogerpon|Embody Aspect (Wellspring)|boost
|-boost|p1a: Ogerpon|spd|1
|turn|34
|
|t:|1781217548
|move|p1a: Ogerpon|Ivy Cudgel|p2a: Kyurem|[anim] Ivy Cudgel Water
|-resisted|p2a: Kyurem
|-damage|p2a: Kyurem|0 fnt
|faint|p2a: Kyurem
|
|upkeep
|
|t:|1781217553
|switch|p2a: dozo|Dondozo, M, tera:Grass|71/100
|turn|35
|
|t:|1781217566
|move|p1a: Ogerpon|Ivy Cudgel|p2a: dozo|[anim] Ivy Cudgel Water
|-resisted|p2a: dozo
|-crit|p2a: dozo
|-damage|p2a: dozo|44/100
|move|p2a: dozo|Curse|p2a: dozo
|-unboost|p2a: dozo|spe|1
|-boost|p2a: dozo|atk|1
|-boost|p2a: dozo|def|1
|
|upkeep
|turn|36
|
|t:|1781217574
|move|p1a: Ogerpon|Encore|p2a: dozo
|-start|p2a: dozo|Encore
|move|p2a: dozo|Curse|p2a: dozo
|-unboost|p2a: dozo|spe|1
|-boost|p2a: dozo|atk|1
|-boost|p2a: dozo|def|1
|
|upkeep
|turn|37
|
|t:|1781217583
|move|p1a: Ogerpon|Ivy Cudgel|p2a: dozo|[anim] Ivy Cudgel Water
|-resisted|p2a: dozo
|-damage|p2a: dozo|36/100
|move|p2a: dozo|Curse|p2a: dozo
|-unboost|p2a: dozo|spe|1
|-boost|p2a: dozo|atk|1
|-boost|p2a: dozo|def|1
|
|upkeep
|turn|38
|
|t:|1781217592
|switch|p2a: Blissey|Blissey, F|89/100
|move|p1a: Ogerpon|Horn Leech|p2a: Blissey
|-damage|p2a: Blissey|2/100
|-heal|p1a: Ogerpon|100/100|[from] drain|[of] p2a: Blissey
|
|upkeep
|turn|39
|
|t:|1781217600
|move|p1a: Ogerpon|Horn Leech|p2a: Blissey
|-damage|p2a: Blissey|0 fnt
|faint|p2a: Blissey
|
|upkeep
|
|t:|1781217605
|switch|p2a: dozo|Dondozo, M, tera:Grass|36/100
|turn|40
|
|t:|1781217612
|move|p1a: Ogerpon|Ivy Cudgel|p2a: dozo|[anim] Ivy Cudgel Water
|-resisted|p2a: dozo
|-damage|p2a: dozo|19/100
|move|p2a: dozo|Rest|p2a: dozo
|-status|p2a: dozo|slp|[from] move: Rest
|-heal|p2a: dozo|100/100 slp|[silent]
|
|upkeep
|turn|41
|
|t:|1781217620
|switch|p1a: Great Tusk|Great Tusk|61/100
|switch|p2a: Corviknight|Corviknight, M|1/100
|-ability|p2a: Corviknight|Pressure
|
|upkeep
|turn|42
|
|t:|1781217628
|switch|p2a: dozo|Dondozo, M, tera:Grass|100/100 slp
|move|p1a: Great Tusk|Knock Off|p2a: dozo
|-damage|p2a: dozo|89/100 slp
|-enditem|p2a: dozo|Heavy-Duty Boots|[from] move: Knock Off|[of] p1a: Great Tusk
|
|upkeep
|turn|43
|
|t:|1781217636
|move|p1a: Great Tusk|Ice Spinner|p2a: dozo
|-supereffective|p2a: dozo
|-crit|p2a: dozo
|-damage|p2a: dozo|56/100 slp
|cant|p2a: dozo|slp
|move|p2a: dozo|Sleep Talk|p2a: dozo
|move|p2a: dozo|Body Press|p1a: Great Tusk|[from] move: Sleep Talk
|-crit|p1a: Great Tusk
|-damage|p1a: Great Tusk|34/100
|
|upkeep
|turn|44
|
|t:|1781217646
|move|p1a: Great Tusk|Ice Spinner|p2a: dozo
|-supereffective|p2a: dozo
|-damage|p2a: dozo|37/100 slp
|cant|p2a: dozo|slp
|move|p2a: dozo|Sleep Talk|p2a: dozo
|move|p2a: dozo|Body Press|p1a: Great Tusk|[from] move: Sleep Talk
|-damage|p1a: Great Tusk|17/100
|
|upkeep
|turn|45
|
|t:|1781217657
|-end|p1a: Great Tusk|Protosynthesis|[silent]
|switch|p1a: Ogerpon|Ogerpon-Wellspring-Tera, F, tera:Water|100/100
|-ability|p1a: Ogerpon|Embody Aspect (Wellspring)|boost
|-boost|p1a: Ogerpon|spd|1
|-curestatus|p2a: dozo|slp|[msg]
|move|p2a: dozo|Rest|p2a: dozo
|-status|p2a: dozo|slp|[from] move: Rest
|-heal|p2a: dozo|100/100 slp|[silent]
|
|upkeep
|turn|46
|
|t:|1781217669
|switch|p2a: Corviknight|Corviknight, M|1/100
|-ability|p2a: Corviknight|Pressure
|move|p1a: Ogerpon|Encore||[still]
|-fail|p1a: Ogerpon
|
|upkeep
|turn|47
|
|t:|1781217681
|switch|p2a: dozo|Dondozo, M, tera:Grass|100/100 slp
|move|p1a: Ogerpon|Horn Leech|p2a: dozo
|-resisted|p2a: dozo
|-damage|p2a: dozo|91/100 slp
|
|upkeep
|turn|48
|
|t:|1781217692
|move|p1a: Ogerpon|Horn Leech|p2a: dozo
|-resisted|p2a: dozo
|-crit|p2a: dozo
|-damage|p2a: dozo|77/100 slp
|cant|p2a: dozo|slp
|move|p2a: dozo|Sleep Talk|p2a: dozo
|move|p2a: dozo|Body Press|p1a: Ogerpon|[from] move: Sleep Talk
|-damage|p1a: Ogerpon|64/100
|
|upkeep
|turn|49
|
|t:|1781217702
|move|p1a: Ogerpon|Horn Leech|p2a: dozo
|-resisted|p2a: dozo
|-damage|p2a: dozo|67/100 slp
|-heal|p1a: Ogerpon|72/100|[from] drain|[of] p2a: dozo
|cant|p2a: dozo|slp
|move|p2a: dozo|Sleep Talk|p2a: dozo
|move|p2a: dozo|Curse|p2a: dozo|[from] move: Sleep Talk
|-unboost|p2a: dozo|spe|1
|-boost|p2a: dozo|atk|1
|-boost|p2a: dozo|def|1
|
|upkeep
|turn|50
|
|t:|1781217716
|switch|p2a: Corviknight|Corviknight, M|1/100
|-ability|p2a: Corviknight|Pressure
|move|p1a: Ogerpon|Horn Leech|p2a: Corviknight
|-resisted|p2a: Corviknight
|-damage|p2a: Corviknight|0 fnt
|-heal|p1a: Ogerpon|73/100|[from] drain|[of] p2a: Corviknight
|faint|p2a: Corviknight
|
|upkeep
|-message|SquilliamTg forfeited.
|
|win|thebambi1234
|raw|thebambi1234's rating: 1606 &rarr; <strong>1628</strong><br />(+22 for winning)
|raw|SquilliamTg's rating: 1639 &rarr; <strong>1617</strong><br />(-22 for losing)
|l|☆SquilliamTg
|player|p2|
|c|☆thebambi1234|ggs
|l|☆thebambi1234
|player|p1|
