|j|☆Dragesh
|j|☆serpico XD
|t:|1781080718
|gametype|singles
|player|p1|Dragesh|265|1664
|player|p2|serpico XD|blue|1686
|gen|9
|tier|[Gen 9] OU
|rated|
|rule|HP Percentage Mod: HP is shown in percentages
|rule|Endless Battle Clause: Forcing endless battles is banned
|rule|Species Clause: Limit one of each Pokémon
|rule|OHKO Clause: OHKO moves are banned
|rule|Evasion Items Clause: Evasion items are banned
|rule|Evasion Moves Clause: Evasion moves are banned
|rule|Evasion Abilities Clause: Evasion abilities are banned
|rule|Sleep Moves Clause: Sleep-inducing moves are banned
|clearpoke
|poke|p1|Iron Treads|
|poke|p1|Enamorus, F|
|poke|p1|Iron Valiant|
|poke|p1|Dragonite, M|
|poke|p1|Gholdengo|
|poke|p1|Dragapult, F|
|poke|p2|Iron Valiant|
|poke|p2|Kingambit, M|
|poke|p2|Landorus-Therian, M|
|poke|p2|Alomomola, F|
|poke|p2|Tyranitar, F|
|poke|p2|Excadrill, M|
|teampreview
|inactive|Battle timer is ON: inactive players will automatically lose when time's up. (requested by Dragesh)
|c|☆serpico XD|glhf
|c|☆Dragesh|hf
|
|t:|1781080730
|teamsize|p1|6
|teamsize|p2|6
|start
|switch|p1a: Iron Treads|Iron Treads|100/100
|switch|p2a: Landorus|Landorus-Therian, M, shiny|100/100
|-ability|p2a: Landorus|Intimidate|boost
|-unboost|p1a: Iron Treads|atk|1
|-enditem|p1a: Iron Treads|Booster Energy
|-activate|p1a: Iron Treads|ability: Quark Drive|[fromitem]
|-start|p1a: Iron Treads|quarkdrivespe
|turn|1
|
|t:|1781080738
|move|p1a: Iron Treads|Stealth Rock|p2a: Landorus
|-sidestart|p2: serpico XD|move: Stealth Rock
|move|p2a: Landorus|Earthquake|p1a: Iron Treads
|-supereffective|p1a: Iron Treads
|-damage|p1a: Iron Treads|8/100
|
|upkeep
|turn|2
|
|t:|1781080746
|move|p1a: Iron Treads|Ice Spinner|p2a: Landorus
|-supereffective|p2a: Landorus
|-damage|p2a: Landorus|34/100
|move|p2a: Landorus|Stealth Rock|p1a: Iron Treads
|-sidestart|p1: Dragesh|move: Stealth Rock
|
|-heal|p2a: Landorus|40/100|[from] item: Leftovers
|upkeep
|turn|3
|
|t:|1781080753
|move|p1a: Iron Treads|Rapid Spin|p2a: Landorus
|-damage|p2a: Landorus|31/100
|-boost|p1a: Iron Treads|spe|1
|-sideend|p1: Dragesh|Stealth Rock|[from] move: Rapid Spin|[of] p1a: Iron Treads
|move|p2a: Landorus|Earthquake|p1a: Iron Treads
|-supereffective|p1a: Iron Treads
|-crit|p1a: Iron Treads
|-damage|p1a: Iron Treads|0 fnt
|faint|p1a: Iron Treads
|-end|p1a: Iron Treads|Quark Drive|[silent]
|
|-heal|p2a: Landorus|37/100|[from] item: Leftovers
|upkeep
|
|t:|1781080782
|switch|p1a: Enamorus|Enamorus, F|100/100
|turn|4
|
|t:|1781080785
|switch|p2a: Tyranitar|Tyranitar, F|100/100
|-damage|p2a: Tyranitar|88/100|[from] Stealth Rock
|-weather|Sandstorm|[from] ability: Sand Stream|[of] p2a: Tyranitar
|move|p1a: Enamorus|Moonblast|p2a: Tyranitar
|-supereffective|p2a: Tyranitar
|-damage|p2a: Tyranitar|33/100
|-unboost|p2a: Tyranitar|spa|1
|
|-weather|Sandstorm|[upkeep]
|-damage|p1a: Enamorus|94/100|[from] Sandstorm
|-heal|p1a: Enamorus|100/100|[from] item: Leftovers
|-heal|p2a: Tyranitar|39/100|[from] item: Leftovers
|upkeep
|turn|5
|
|t:|1781080791
|move|p1a: Enamorus|Moonblast|p2a: Tyranitar
|-supereffective|p2a: Tyranitar
|-damage|p2a: Tyranitar|0 fnt
|faint|p2a: Tyranitar
|
|-weather|Sandstorm|[upkeep]
|-damage|p1a: Enamorus|94/100|[from] Sandstorm
|-heal|p1a: Enamorus|100/100|[from] item: Leftovers
|upkeep
|
|t:|1781080793
|switch|p2a: Excadrill|Excadrill, M|100/100
|-damage|p2a: Excadrill|97/100|[from] Stealth Rock
|turn|6
|j| Schlafparalyse
|
|t:|1781080808
|switch|p1a: Dragonite|Dragonite, M|100/100
|move|p2a: Excadrill|Iron Head|p1a: Dragonite
|-damage|p1a: Dragonite|65/100
|-damage|p2a: Excadrill|87/100|[from] item: Life Orb
|
|-weather|Sandstorm|[upkeep]
|-damage|p1a: Dragonite|59/100|[from] Sandstorm
|upkeep
|turn|7
|
|t:|1781080813
|move|p1a: Dragonite|Extreme Speed|p2a: Excadrill
|-resisted|p2a: Excadrill
|-damage|p2a: Excadrill|66/100
|move|p2a: Excadrill|Rock Slide|p1a: Dragonite
|-supereffective|p1a: Dragonite
|-damage|p1a: Dragonite|0 fnt
|faint|p1a: Dragonite
|-damage|p2a: Excadrill|56/100|[from] item: Life Orb
|
|-weather|Sandstorm|[upkeep]
|upkeep
|
|t:|1781080815
|switch|p1a: Dragapult|Dragapult, F|100/100
|turn|8
|
|t:|1781080819
|move|p2a: Excadrill|Earthquake|p1a: Dragapult
|-enditem|p1a: Dragapult|Focus Sash
|-damage|p1a: Dragapult|1/100
|-damage|p2a: Excadrill|46/100|[from] item: Life Orb
|move|p1a: Dragapult|Fire Blast|p2a: Excadrill|[miss]
|-miss|p1a: Dragapult|p2a: Excadrill
|
|-weather|none
|upkeep
|turn|9
|
|t:|1781080826
|move|p1a: Dragapult|Fire Blast|p2a: Excadrill
|-supereffective|p2a: Excadrill
|-crit|p2a: Excadrill
|-damage|p2a: Excadrill|0 fnt
|faint|p2a: Excadrill
|
|upkeep
|
|t:|1781080829
|switch|p2a: Alomomola|Alomomola, F|100/100
|turn|10
|
|t:|1781080832
|move|p1a: Dragapult|Dragon Darts|p2a: Alomomola
|-damage|p2a: Alomomola|86/100
|-anim|p1a: Dragapult|Dragon Darts|p2a: Alomomola
|-damage|p2a: Alomomola|72/100
|move|p2a: Alomomola|Flip Turn|p1a: Dragapult
|-resisted|p1a: Dragapult
|-damage|p1a: Dragapult|0 fnt
|faint|p1a: Dragapult
|
|t:|1781080839
|switch|p2a: Iron Valiant|Iron Valiant, shiny|100/100|[from] Flip Turn
|-damage|p2a: Iron Valiant|94/100|[from] Stealth Rock
|-enditem|p2a: Iron Valiant|Booster Energy
|-activate|p2a: Iron Valiant|ability: Quark Drive|[fromitem]
|-start|p2a: Iron Valiant|quarkdrivespe
|
|upkeep
|
|t:|1781080844
|switch|p1a: Iron Valiant|Iron Valiant|100/100
|-enditem|p1a: Iron Valiant|Booster Energy
|-activate|p1a: Iron Valiant|ability: Quark Drive|[fromitem]
|-start|p1a: Iron Valiant|quarkdrivespe
|turn|11
|
|t:|1781080847
|move|p2a: Iron Valiant|Moonblast|p1a: Iron Valiant
|-supereffective|p1a: Iron Valiant
|-damage|p1a: Iron Valiant|0 fnt
|faint|p1a: Iron Valiant
|-end|p1a: Iron Valiant|Quark Drive|[silent]
|
|upkeep
|
|t:|1781080849
|switch|p1a: Gholdengo|Gholdengo|100/100
|-item|p1a: Gholdengo|Air Balloon
|turn|12
|
|t:|1781080852
|-terastallize|p2a: Iron Valiant|Ghost
|move|p2a: Iron Valiant|Shadow Ball|p1a: Gholdengo
|-supereffective|p1a: Gholdengo
|-damage|p1a: Gholdengo|7/100
|-unboost|p1a: Gholdengo|spd|1
|-enditem|p1a: Gholdengo|Air Balloon
|move|p1a: Gholdengo|Make It Rain|p2a: Iron Valiant
|-damage|p2a: Iron Valiant|0 fnt
|-unboost|p1a: Gholdengo|spa|1
|faint|p2a: Iron Valiant
|-end|p2a: Iron Valiant|Quark Drive|[silent]
|
|upkeep
|
|t:|1781080860
|switch|p2a: Landorus|Landorus-Therian, M, shiny|37/100
|-damage|p2a: Landorus|25/100|[from] Stealth Rock
|-ability|p2a: Landorus|Intimidate|boost
|-unboost|p1a: Gholdengo|atk|1
|turn|13
|
|t:|1781080867
|move|p2a: Landorus|U-turn|p1a: Gholdengo
|-resisted|p1a: Gholdengo
|-crit|p1a: Gholdengo
|-damage|p1a: Gholdengo|0 fnt
|faint|p1a: Gholdengo
|
|t:|1781080871
|switch|p2a: Alomomola|Alomomola, F|100/100|[from] U-turn
|
|upkeep
|
|t:|1781080873
|switch|p1a: Enamorus|Enamorus, F|100/100
|turn|14
|
|t:|1781080876
|move|p2a: Alomomola|Protect|p2a: Alomomola
|-singleturn|p2a: Alomomola|Protect
|move|p1a: Enamorus|Substitute|p1a: Enamorus
|-start|p1a: Enamorus|Substitute
|-damage|p1a: Enamorus|76/100
|
|-heal|p1a: Enamorus|82/100|[from] item: Leftovers
|upkeep
|turn|15
|
|t:|1781080881
|move|p1a: Enamorus|Calm Mind|p1a: Enamorus
|-boost|p1a: Enamorus|spa|1
|-boost|p1a: Enamorus|spd|1
|move|p2a: Alomomola|Body Slam|p1a: Enamorus
|-end|p1a: Enamorus|Substitute
|
|-heal|p1a: Enamorus|88/100|[from] item: Leftovers
|upkeep
|turn|16
|
|t:|1781080887
|move|p1a: Enamorus|Moonblast|p2a: Alomomola
|-damage|p2a: Alomomola|6/100
|move|p2a: Alomomola|Body Slam|p1a: Enamorus
|-damage|p1a: Enamorus|63/100
|-status|p1a: Enamorus|par
|
|-heal|p1a: Enamorus|69/100 par|[from] item: Leftovers
|upkeep
|turn|17
|
|t:|1781080895
|move|p1a: Enamorus|Moonblast|p2a: Alomomola
|-damage|p2a: Alomomola|0 fnt
|faint|p2a: Alomomola
|
|-heal|p1a: Enamorus|75/100 par|[from] item: Leftovers
|upkeep
|
|t:|1781080898
|switch|p2a: Landorus|Landorus-Therian, M, shiny|25/100
|-damage|p2a: Landorus|12/100|[from] Stealth Rock
|-ability|p2a: Landorus|Intimidate|boost
|-unboost|p1a: Enamorus|atk|1
|turn|18
|
|t:|1781080901
|move|p2a: Landorus|Stone Edge|p1a: Enamorus
|-supereffective|p1a: Enamorus
|-crit|p1a: Enamorus
|-damage|p1a: Enamorus|0 fnt
|faint|p1a: Enamorus
|
|win|serpico XD
|raw|Dragesh's rating: 1664 &rarr; <strong>1645</strong><br />(-19 for losing)
|raw|serpico XD's rating: 1686 &rarr; <strong>1705</strong><br />(+19 for winning)
|l|☆Dragesh
|player|p1|
|c|☆serpico XD|gg wp
|l|☆serpico XD
|player|p2|
|l| Schlafparalyse
