|j|☆Mky27
|j|☆lord shiddenfards
|t:|1781504532
|gametype|singles
|player|p1|Mky27|ltsurge|1583
|player|p2|lord shiddenfards|blaine|1641
|gen|9
|tier|[Gen 9] OU
|rated|
|rule|HP Percentage Mod: HP is shown in percentages
|rule|Endless Battle Clause: Forcing endless battles is banned
|rule|Species Clause: Limit one of each Pokémon
|rule|OHKO Clause: OHKO moves are banned
|rule|Evasion Items Clause: Evasion items are banned
|rule|Evasion Moves Clause: Evasion moves are banned
|rule|Evasion Abilities Clause: Evasion abilities are banned
|rule|Sleep Moves Clause: Sleep-inducing moves are banned
|clearpoke
|poke|p1|Alomomola, F|
|poke|p1|Ting-Lu|
|poke|p1|Cinderace, M|
|poke|p1|Trevenant, M|
|poke|p1|Glimmora, F|
|poke|p1|Gholdengo|
|poke|p2|Ninetales, M|
|poke|p2|Great Tusk|
|poke|p2|Slither Wing|
|poke|p2|Alomomola, F|
|poke|p2|Iron Moth|
|poke|p2|Raging Bolt|
|teampreview
|inactive|Battle timer is ON: inactive players will automatically lose when time's up. (requested by Mky27)
|
|t:|1781504544
|teamsize|p1|6
|teamsize|p2|6
|start
|switch|p1a: Glimmora|Glimmora, F|100/100
|switch|p2a: Ninetales|Ninetales, M|100/100
|-weather|SunnyDay|[from] ability: Drought|[of] p2a: Ninetales
|turn|1
|
|t:|1781504556
|move|p2a: Ninetales|Scorching Sands|p1a: Glimmora
|-supereffective|p1a: Glimmora
|-damage|p1a: Glimmora|0 fnt
|faint|p1a: Glimmora
|
|-weather|SunnyDay|[upkeep]
|upkeep
|
|t:|1781504567
|switch|p1a: Ting-Lu|Ting-Lu|100/100
|-ability|p1a: Ting-Lu|Vessel of Ruin
|turn|2
|
|t:|1781504575
|switch|p2a: Slither Wing|Slither Wing|100/100
|-activate|p2a: Slither Wing|ability: Protosynthesis
|-start|p2a: Slither Wing|protosynthesisatk
|move|p1a: Ting-Lu|Spikes|p2a: Slither Wing
|-sidestart|p2: lord shiddenfards|Spikes
|
|-weather|SunnyDay|[upkeep]
|upkeep
|turn|3
|
|t:|1781504584
|switch|p1a: Alomomola|Alomomola, F|100/100
|move|p2a: Slither Wing|U-turn|p1a: Alomomola
|-damage|p1a: Alomomola|61/100
|-damage|p2a: Slither Wing|84/100|[from] item: Rocky Helmet|[of] p1a: Alomomola
|
|t:|1781504591
|-end|p2a: Slither Wing|Protosynthesis|[silent]
|switch|p2a: Raging Bolt|Raging Bolt|100/100|[from] U-turn
|-damage|p2a: Raging Bolt|88/100|[from] Spikes
|-activate|p2a: Raging Bolt|ability: Protosynthesis
|-start|p2a: Raging Bolt|protosynthesisspa
|
|-weather|SunnyDay|[upkeep]
|upkeep
|turn|4
|j| flagfrog
|
|t:|1781504607
|switch|p1a: Ting-Lu|Ting-Lu|100/100
|-ability|p1a: Ting-Lu|Vessel of Ruin
|move|p2a: Raging Bolt|Volt Switch|p1a: Ting-Lu
|-immune|p1a: Ting-Lu
|
|-weather|SunnyDay|[upkeep]
|upkeep
|turn|5
|
|t:|1781504616
|-end|p2a: Raging Bolt|Protosynthesis|[silent]
|switch|p2a: Great Tusk|Great Tusk|100/100
|-activate|p2a: Great Tusk|ability: Protosynthesis
|-start|p2a: Great Tusk|protosynthesisspe
|move|p1a: Ting-Lu|Spikes|p2a: Great Tusk
|-sidestart|p2: lord shiddenfards|Spikes
|
|-weather|none
|-end|p2a: Great Tusk|Protosynthesis
|upkeep
|turn|6
|
|t:|1781504626
|switch|p1a: Trevenant|Trevenant, M|100/100
|move|p2a: Great Tusk|Ice Spinner|p1a: Trevenant
|-supereffective|p1a: Trevenant
|-damage|p1a: Trevenant|62/100
|
|upkeep
|turn|7
|
|t:|1781504640
|-end|p2a: Great Tusk|Protosynthesis|[silent]
|switch|p2a: Ninetales|Ninetales, M|100/100
|-damage|p2a: Ninetales|84/100|[from] Spikes
|-weather|SunnyDay|[from] ability: Drought|[of] p2a: Ninetales
|move|p1a: Trevenant|Leech Seed|p2a: Ninetales
|-start|p2a: Ninetales|move: Leech Seed
|
|-weather|SunnyDay|[upkeep]
|-damage|p2a: Ninetales|72/100|[from] Leech Seed|[of] p1a: Trevenant
|-heal|p1a: Trevenant|71/100|[silent]
|upkeep
|turn|8
|
|t:|1781504651
|switch|p1a: Ting-Lu|Ting-Lu|100/100
|-ability|p1a: Ting-Lu|Vessel of Ruin
|move|p2a: Ninetales|Weather Ball|p1a: Ting-Lu
|-damage|p1a: Ting-Lu|67/100
|
|-weather|SunnyDay|[upkeep]
|-heal|p1a: Ting-Lu|73/100|[from] item: Leftovers
|-damage|p2a: Ninetales|60/100|[from] Leech Seed|[of] p1a: Ting-Lu
|-heal|p1a: Ting-Lu|80/100|[silent]
|upkeep
|turn|9
|
|t:|1781504663
|switch|p2a: Great Tusk|Great Tusk|100/100
|-activate|p2a: Great Tusk|ability: Protosynthesis
|-start|p2a: Great Tusk|protosynthesisspe
|move|p1a: Ting-Lu|Spikes|p2a: Great Tusk
|-sidestart|p2: lord shiddenfards|Spikes
|
|-weather|SunnyDay|[upkeep]
|-heal|p1a: Ting-Lu|86/100|[from] item: Leftovers
|upkeep
|turn|10
|
|t:|1781504679
|switch|p1a: Alomomola|Alomomola, F|94/100
|move|p2a: Great Tusk|Bulk Up|p2a: Great Tusk
|-boost|p2a: Great Tusk|atk|1
|-boost|p2a: Great Tusk|def|1
|
|-weather|SunnyDay|[upkeep]
|upkeep
|turn|11
|
|t:|1781504688
|switch|p1a: Trevenant|Trevenant, M|71/100
|move|p2a: Great Tusk|Rapid Spin|p1a: Trevenant
|-immune|p1a: Trevenant
|
|-weather|none
|-end|p2a: Great Tusk|Protosynthesis
|upkeep
|turn|12
|
|t:|1781504699
|move|p2a: Great Tusk|Ice Spinner|p1a: Trevenant
|-supereffective|p1a: Trevenant
|-damage|p1a: Trevenant|19/100
|-enditem|p1a: Trevenant|Sitrus Berry|[eat]
|-heal|p1a: Trevenant|44/100|[from] item: Sitrus Berry
|move|p1a: Trevenant|Will-O-Wisp|p2a: Great Tusk
|-status|p2a: Great Tusk|brn
|
|-damage|p2a: Great Tusk|94/100 brn|[from] brn
|-item|p1a: Trevenant|Sitrus Berry|[from] ability: Harvest
|upkeep
|-enditem|p1a: Trevenant|Sitrus Berry|[eat]
|-heal|p1a: Trevenant|69/100|[from] item: Sitrus Berry
|turn|13
|
|t:|1781504717
|-end|p2a: Great Tusk|Protosynthesis|[silent]
|switch|p2a: Ninetales|Ninetales, M|60/100
|-damage|p2a: Ninetales|35/100|[from] Spikes
|-weather|SunnyDay|[from] ability: Drought|[of] p2a: Ninetales
|move|p1a: Trevenant|Horn Leech|p2a: Ninetales
|-resisted|p2a: Ninetales
|-damage|p2a: Ninetales|12/100
|-heal|p1a: Trevenant|78/100|[from] drain|[of] p2a: Ninetales
|
|-weather|SunnyDay|[upkeep]
|-item|p1a: Trevenant|Sitrus Berry|[from] ability: Harvest
|upkeep
|turn|14
|
|t:|1781504738
|switch|p1a: Ting-Lu|Ting-Lu|86/100
|-ability|p1a: Ting-Lu|Vessel of Ruin
|move|p2a: Ninetales|Overheat|p1a: Ting-Lu
|-damage|p1a: Ting-Lu|35/100
|-unboost|p2a: Ninetales|spa|2
|
|-weather|SunnyDay|[upkeep]
|-heal|p1a: Ting-Lu|42/100|[from] item: Leftovers
|upkeep
|turn|15
|
|t:|1781504755
|switch|p2a: Great Tusk|Great Tusk|94/100 brn
|-activate|p2a: Great Tusk|ability: Protosynthesis
|-start|p2a: Great Tusk|protosynthesisspe
|switch|p1a: Alomomola|Alomomola, F|100/100
|
|-weather|SunnyDay|[upkeep]
|-damage|p2a: Great Tusk|88/100 brn|[from] brn
|upkeep
|turn|16
|
|t:|1781504767
|-end|p2a: Great Tusk|Protosynthesis|[silent]
|switch|p2a: Raging Bolt|Raging Bolt|88/100
|-damage|p2a: Raging Bolt|63/100|[from] Spikes
|-activate|p2a: Raging Bolt|ability: Protosynthesis
|-start|p2a: Raging Bolt|protosynthesisspa
|switch|p1a: Trevenant|Trevenant, M|78/100
|
|-weather|SunnyDay|[upkeep]
|upkeep
|turn|17
|inactive|Mky27 has 120 seconds left.
|
|t:|1781504784
|switch|p1a: Gholdengo|Gholdengo|100/100
|move|p2a: Raging Bolt|Weather Ball|p1a: Gholdengo
|-supereffective|p1a: Gholdengo
|-damage|p1a: Gholdengo|0 fnt
|faint|p1a: Gholdengo
|
|-weather|none
|-end|p2a: Raging Bolt|Protosynthesis
|upkeep
|inactive|Mky27 has 120 seconds left.
|
|t:|1781504798
|switch|p1a: Cinderace|Cinderace, M|100/100
|turn|18
|
|t:|1781504805
|-end|p2a: Raging Bolt|Protosynthesis|[silent]
|switch|p2a: Alomomola|Alomomola, F|100/100
|-damage|p2a: Alomomola|76/100|[from] Spikes
|move|p1a: Cinderace|U-turn|p2a: Alomomola
|-start|p1a: Cinderace|typechange|Bug|[from] ability: Libero
|-damage|p2a: Alomomola|52/100
|-enditem|p2a: Alomomola|Eject Button
|
|t:|1781504810
|switch|p2a: Great Tusk|Great Tusk|88/100 brn
|
|-damage|p2a: Great Tusk|82/100 brn|[from] brn
|upkeep
|turn|19
|inactive|lord shiddenfards has 120 seconds left.
|
|t:|1781504850
|move|p1a: Cinderace|U-turn|p2a: Great Tusk
|-resisted|p2a: Great Tusk
|-damage|p2a: Great Tusk|72/100 brn
|
|t:|1781504854
|switch|p1a: Trevenant|Trevenant, M|78/100|[from] U-turn
|move|p2a: Great Tusk|Ice Spinner|p1a: Trevenant
|-supereffective|p1a: Trevenant
|-damage|p1a: Trevenant|58/100
|
|-damage|p2a: Great Tusk|66/100 brn|[from] brn
|upkeep
|turn|20
|inactive|lord shiddenfards has 120 seconds left.
|
|t:|1781504879
|-end|p2a: Great Tusk|Protosynthesis|[silent]
|switch|p2a: Slither Wing|Slither Wing|84/100
|-damage|p2a: Slither Wing|59/100|[from] Spikes
|move|p1a: Trevenant|Leech Seed|p2a: Slither Wing
|-start|p2a: Slither Wing|move: Leech Seed
|
|-damage|p2a: Slither Wing|47/100|[from] Leech Seed|[of] p1a: Trevenant
|-heal|p1a: Trevenant|69/100|[silent]
|upkeep
|turn|21
|
|t:|1781504888
|switch|p1a: Alomomola|Alomomola, F|100/100
|move|p2a: Slither Wing|U-turn|p1a: Alomomola
|-damage|p1a: Alomomola|68/100
|-damage|p2a: Slither Wing|31/100|[from] item: Rocky Helmet|[of] p1a: Alomomola
|
|t:|1781504894
|-end|p2a: Slither Wing|Protosynthesis|[silent]
|switch|p2a: Great Tusk|Great Tusk|66/100 brn|[from] U-turn
|
|-damage|p2a: Great Tusk|60/100 brn|[from] brn
|upkeep
|turn|22
|
|t:|1781504901
|switch|p1a: Trevenant|Trevenant, M|69/100
|move|p2a: Great Tusk|Ice Spinner|p1a: Trevenant
|-supereffective|p1a: Trevenant
|-damage|p1a: Trevenant|51/100
|
|-damage|p2a: Great Tusk|53/100 brn|[from] brn
|upkeep
|turn|23
|inactive|lord shiddenfards has 120 seconds left.
|
|t:|1781504913
|-end|p2a: Great Tusk|Protosynthesis|[silent]
|switch|p2a: Ninetales|Ninetales, M|12/100
|-damage|p2a: Ninetales|0 fnt|[from] Spikes
|faint|p2a: Ninetales
|move|p1a: Trevenant|Leech Seed|p2: Ninetales|[notarget]
|-fail|p1a: Trevenant
|
|upkeep
|inactive|lord shiddenfards has 120 seconds left.
|
|t:|1781504925
|switch|p2a: Raging Bolt|Raging Bolt|63/100
|-damage|p2a: Raging Bolt|38/100|[from] Spikes
|turn|24
|
|t:|1781504950
|switch|p1a: Ting-Lu|Ting-Lu|42/100
|-ability|p1a: Ting-Lu|Vessel of Ruin
|move|p2a: Raging Bolt|Draco Meteor|p1a: Ting-Lu
|-damage|p1a: Ting-Lu|10/100
|-unboost|p2a: Raging Bolt|spa|2
|
|-heal|p1a: Ting-Lu|16/100|[from] item: Leftovers
|upkeep
|turn|25
|j| fffggghhhh
|
|t:|1781504963
|-end|p2a: Raging Bolt|Protosynthesis|[silent]
|switch|p2a: Alomomola|Alomomola, F|85/100
|-damage|p2a: Alomomola|60/100|[from] Spikes
|move|p1a: Ting-Lu|Earthquake|p2a: Alomomola
|-damage|p2a: Alomomola|37/100
|
|-heal|p1a: Ting-Lu|23/100|[from] item: Leftovers
|upkeep
|turn|26
|l| fffggghhhh
|
|t:|1781504976
|move|p2a: Alomomola|Healing Wish|p2a: Alomomola
|faint|p2a: Alomomola
|move|p1a: Ting-Lu|Whirlwind|p2: Alomomola|[notarget]
|-fail|p1a: Ting-Lu
|
|-heal|p1a: Ting-Lu|29/100|[from] item: Leftovers
|upkeep
|inactive|lord shiddenfards has 120 seconds left.
|
|t:|1781504999
|switch|p2a: Slither Wing|Slither Wing|31/100
|-heal|p2a: Slither Wing|100/100|[from] move: Healing Wish
|-damage|p2a: Slither Wing|76/100|[from] Spikes
|turn|27
|
|t:|1781505004
|switch|p1a: Alomomola|Alomomola, F|100/100
|move|p2a: Slither Wing|Close Combat|p1a: Alomomola
|-damage|p1a: Alomomola|46/100
|-unboost|p2a: Slither Wing|def|1
|-unboost|p2a: Slither Wing|spd|1
|-damage|p2a: Slither Wing|59/100|[from] item: Rocky Helmet|[of] p1a: Alomomola
|
|upkeep
|turn|28
|
|t:|1781505026
|-end|p2a: Slither Wing|Protosynthesis|[silent]
|switch|p2a: Iron Moth|Iron Moth|100/100
|-damage|p2a: Iron Moth|76/100|[from] Spikes
|-enditem|p2a: Iron Moth|Booster Energy
|-activate|p2a: Iron Moth|ability: Quark Drive|[fromitem]
|-start|p2a: Iron Moth|quarkdrivespe
|switch|p1a: Trevenant|Trevenant, M|51/100
|
|upkeep
|turn|29
|inactive|Mky27 has 120 seconds left.
|
|t:|1781505060
|switch|p1a: Ting-Lu|Ting-Lu|29/100
|-ability|p1a: Ting-Lu|Vessel of Ruin
|move|p2a: Iron Moth|Fiery Dance|p1a: Ting-Lu
|-damage|p1a: Ting-Lu|11/100
|
|-heal|p1a: Ting-Lu|17/100|[from] item: Leftovers
|upkeep
|turn|30
|
|t:|1781505073
|move|p2a: Iron Moth|Fiery Dance|p1a: Ting-Lu
|-damage|p1a: Ting-Lu|0 fnt
|faint|p1a: Ting-Lu
|
|upkeep
|
|t:|1781505079
|switch|p1a: Cinderace|Cinderace, M|100/100
|turn|31
|
|t:|1781505088
|move|p2a: Iron Moth|Substitute|p2a: Iron Moth
|-start|p2a: Iron Moth|Substitute
|-damage|p2a: Iron Moth|51/100
|move|p1a: Cinderace|Pyro Ball|p2a: Iron Moth
|-resisted|p2a: Iron Moth
|-end|p2a: Iron Moth|Substitute
|
|upkeep
|turn|32
|inactive|Mky27 has 120 seconds left.
|
|t:|1781505102
|move|p2a: Iron Moth|Sludge Wave|p1a: Cinderace
|-damage|p1a: Cinderace|37/100
|-status|p1a: Cinderace|psn
|move|p1a: Cinderace|Pyro Ball|p2a: Iron Moth
|-resisted|p2a: Iron Moth
|-damage|p2a: Iron Moth|0 fnt
|faint|p2a: Iron Moth
|-end|p2a: Iron Moth|Quark Drive|[silent]
|
|-damage|p1a: Cinderace|24/100 psn|[from] psn
|upkeep
|
|t:|1781505124
|switch|p2a: Raging Bolt|Raging Bolt|38/100
|-damage|p2a: Raging Bolt|13/100|[from] Spikes
|turn|33
|
|t:|1781505129
|move|p1a: Cinderace|Sucker Punch|p2a: Raging Bolt
|-start|p1a: Cinderace|typechange|Dark|[from] ability: Libero
|-damage|p2a: Raging Bolt|0 fnt
|faint|p2a: Raging Bolt
|-end|p2a: Raging Bolt|Protosynthesis|[silent]
|
|-damage|p1a: Cinderace|12/100 psn|[from] psn
|upkeep
|
|t:|1781505136
|switch|p2a: Great Tusk|Great Tusk|53/100 brn
|turn|34
|
|t:|1781505156
|move|p1a: Cinderace|U-turn|p2a: Great Tusk
|-resisted|p2a: Great Tusk
|-damage|p2a: Great Tusk|47/100 brn
|
|t:|1781505159
|switch|p1a: Trevenant|Trevenant, M|51/100|[from] U-turn
|move|p2a: Great Tusk|Ice Spinner|p1a: Trevenant
|-supereffective|p1a: Trevenant
|-damage|p1a: Trevenant|32/100
|-enditem|p1a: Trevenant|Sitrus Berry|[eat]
|-heal|p1a: Trevenant|57/100|[from] item: Sitrus Berry
|
|-damage|p2a: Great Tusk|40/100 brn|[from] brn
|-item|p1a: Trevenant|Sitrus Berry|[from] ability: Harvest
|upkeep
|turn|35
|
|t:|1781505177
|move|p2a: Great Tusk|Ice Spinner|p1a: Trevenant
|-supereffective|p1a: Trevenant
|-damage|p1a: Trevenant|39/100
|-enditem|p1a: Trevenant|Sitrus Berry|[eat]
|-heal|p1a: Trevenant|64/100|[from] item: Sitrus Berry
|move|p1a: Trevenant|Leech Seed|p2a: Great Tusk
|-start|p2a: Great Tusk|move: Leech Seed
|
|-damage|p2a: Great Tusk|28/100 brn|[from] Leech Seed|[of] p1a: Trevenant
|-heal|p1a: Trevenant|78/100|[silent]
|-damage|p2a: Great Tusk|22/100 brn|[from] brn
|-item|p1a: Trevenant|Sitrus Berry|[from] ability: Harvest
|upkeep
|turn|36
|-message|lord shiddenfards forfeited.
|
|win|Mky27
|raw|Mky27's rating: 1583 &rarr; <strong>1606</strong><br />(+23 for winning)
|raw|lord shiddenfards's rating: 1641 &rarr; <strong>1618</strong><br />(-23 for losing)
|l|☆lord shiddenfards
|player|p2|
|l| flagfrog
