|j|☆Acastillo631
|j|☆VraiKhey
|t:|1781185287
|gametype|singles
|player|p1|Acastillo631|silver|1594
|player|p2|VraiKhey|red|1591
|gen|9
|tier|[Gen 9] OU
|rated|
|rule|HP Percentage Mod: HP is shown in percentages
|rule|Endless Battle Clause: Forcing endless battles is banned
|rule|Species Clause: Limit one of each Pokémon
|rule|OHKO Clause: OHKO moves are banned
|rule|Evasion Items Clause: Evasion items are banned
|rule|Evasion Moves Clause: Evasion moves are banned
|rule|Evasion Abilities Clause: Evasion abilities are banned
|rule|Sleep Moves Clause: Sleep-inducing moves are banned
|clearpoke
|poke|p1|Iron Valiant|
|poke|p1|Sinistcha|
|poke|p1|Tyranitar, F|
|poke|p1|Klefki, F|
|poke|p1|Swampert, M|
|poke|p1|Talonflame, M|
|poke|p2|Glimmora, F|
|poke|p2|Great Tusk|
|poke|p2|Scizor, M|
|poke|p2|Raging Bolt|
|poke|p2|Corviknight, M|
|poke|p2|Primarina, F|
|teampreview
|inactive|Battle timer is ON: inactive players will automatically lose when time's up. (requested by VraiKhey)
|
|t:|1781185294
|teamsize|p1|6
|teamsize|p2|6
|start
|switch|p1a: Redips|Klefki, F|100/100
|switch|p2a: Glimmora|Glimmora, F|100/100
|turn|1
|
|t:|1781185297
|move|p1a: Redips|Magnet Rise|p1a: Redips
|-start|p1a: Redips|Magnet Rise
|move|p2a: Glimmora|Stealth Rock|p1a: Redips
|-sidestart|p1: Acastillo631|move: Stealth Rock
|
|upkeep
|turn|2
|
|t:|1781185305
|move|p1a: Redips|Spikes|p2a: Glimmora
|-sidestart|p2: VraiKhey|Spikes
|move|p2a: Glimmora|Power Gem|p1a: Redips
|-resisted|p1a: Redips
|-damage|p1a: Redips|74/100
|
|upkeep
|turn|3
|
|t:|1781185309
|move|p1a: Redips|Thunder Wave|p2a: Glimmora
|-status|p2a: Glimmora|par
|move|p2a: Glimmora|Power Gem|p1a: Redips
|-resisted|p1a: Redips
|-damage|p1a: Redips|46/100
|
|upkeep
|turn|4
|
|t:|1781185315
|move|p1a: Redips|Dazzling Gleam|p2a: Glimmora
|-resisted|p2a: Glimmora
|-damage|p2a: Glimmora|84/100 par
|move|p2a: Glimmora|Power Gem|p1a: Redips
|-resisted|p1a: Redips
|-damage|p1a: Redips|20/100
|
|upkeep
|turn|5
|
|t:|1781185320
|switch|p1a: Duff Mcwhalen|Swampert, M|100/100
|-damage|p1a: Duff Mcwhalen|94/100|[from] Stealth Rock
|move|p2a: Glimmora|Power Gem|p1a: Duff Mcwhalen
|-resisted|p1a: Duff Mcwhalen
|-damage|p1a: Duff Mcwhalen|80/100
|
|-heal|p1a: Duff Mcwhalen|86/100|[from] item: Leftovers
|upkeep
|turn|6
|
|t:|1781185325
|move|p2a: Glimmora|Mortal Spin|p1a: Duff Mcwhalen
|-resisted|p1a: Duff Mcwhalen
|-damage|p1a: Duff Mcwhalen|83/100
|-status|p1a: Duff Mcwhalen|psn
|-sideend|p2: VraiKhey|Spikes|[from] move: Mortal Spin|[of] p2a: Glimmora
|move|p1a: Duff Mcwhalen|Earthquake|p2a: Glimmora
|-supereffective|p2a: Glimmora
|-damage|p2a: Glimmora|0 fnt
|-activate|p2a: Glimmora|ability: Toxic Debris
|-sidestart|p1: Acastillo631|move: Toxic Spikes
|faint|p2a: Glimmora
|
|-heal|p1a: Duff Mcwhalen|90/100 psn|[from] item: Leftovers
|-damage|p1a: Duff Mcwhalen|77/100 psn|[from] psn
|upkeep
|
|t:|1781185333
|switch|p2a: Primarina|Primarina, F|100/100
|turn|7
|
|t:|1781185341
|move|p2a: Primarina|Psychic Noise|p1a: Duff Mcwhalen
|-damage|p1a: Duff Mcwhalen|49/100 psn
|-start|p1a: Duff Mcwhalen|move: Heal Block
|move|p1a: Duff Mcwhalen|Earthquake|p2a: Primarina
|-damage|p2a: Primarina|58/100
|
|-damage|p1a: Duff Mcwhalen|37/100 psn|[from] psn
|upkeep
|turn|8
|
|t:|1781185348
|move|p2a: Primarina|Moonblast|p1a: Duff Mcwhalen
|-damage|p1a: Duff Mcwhalen|0 fnt
|faint|p1a: Duff Mcwhalen
|
|upkeep
|
|t:|1781185352
|switch|p1a: Wire Sponge|Sinistcha|100/100
|turn|9
|
|t:|1781185355
|move|p1a: Wire Sponge|Matcha Gotcha|p2a: Primarina
|-supereffective|p2a: Primarina
|-damage|p2a: Primarina|25/100
|move|p2a: Primarina|Flip Turn|p1a: Wire Sponge
|-resisted|p1a: Wire Sponge
|-damage|p1a: Wire Sponge|95/100
|
|t:|1781185362
|switch|p2a: Scizor|Scizor, M|100/100|[from] Flip Turn
|
|upkeep
|turn|10
|
|t:|1781185365
|switch|p1a: Talonflame|Talonflame, M|100/100
|move|p2a: Scizor|Knock Off|p1a: Talonflame
|-damage|p1a: Talonflame|39/100
|-enditem|p1a: Talonflame|Heavy-Duty Boots|[from] move: Knock Off|[of] p2a: Scizor
|-damage|p2a: Scizor|91/100|[from] item: Life Orb
|
|upkeep
|turn|11
|j| newhere1310
|
|t:|1781185372
|switch|p2a: Raging Bolt|Raging Bolt|100/100
|-enditem|p2a: Raging Bolt|Booster Energy
|-activate|p2a: Raging Bolt|ability: Protosynthesis|[fromitem]
|-start|p2a: Raging Bolt|protosynthesisspa
|move|p1a: Talonflame|Defog|p2a: Raging Bolt
|-unboost|p2a: Raging Bolt|evasion|1
|-sideend|p1: Acastillo631|Toxic Spikes|[from] move: Defog|[of] p1a: Talonflame
|-sideend|p1: Acastillo631|Stealth Rock|[from] move: Defog|[of] p1a: Talonflame
|
|upkeep
|turn|12
|
|t:|1781185377
|switch|p1a: Eregion|Tyranitar, F|100/100
|-weather|Sandstorm|[from] ability: Sand Stream|[of] p1a: Eregion
|move|p2a: Raging Bolt|Thunderbolt|p1a: Eregion
|-damage|p1a: Eregion|74/100
|
|-weather|Sandstorm|[upkeep]
|-damage|p2a: Raging Bolt|94/100|[from] Sandstorm
|-heal|p1a: Eregion|80/100|[from] item: Leftovers
|upkeep
|turn|13
|
|t:|1781185380
|move|p2a: Raging Bolt|Volt Switch|p1a: Eregion
|-damage|p1a: Eregion|59/100
|
|t:|1781185383
|-end|p2a: Raging Bolt|Protosynthesis|[silent]
|switch|p2a: Great Tusk|Great Tusk|100/100|[from] Volt Switch
|move|p1a: Eregion|Stealth Rock|p2a: Great Tusk
|-sidestart|p2: VraiKhey|move: Stealth Rock
|
|-weather|Sandstorm|[upkeep]
|-heal|p1a: Eregion|65/100|[from] item: Leftovers
|upkeep
|turn|14
|
|t:|1781185388
|move|p2a: Great Tusk|Rapid Spin|p1a: Eregion
|-resisted|p1a: Eregion
|-crit|p1a: Eregion
|-damage|p1a: Eregion|55/100
|-boost|p2a: Great Tusk|spe|1
|-sideend|p2: VraiKhey|Stealth Rock|[from] move: Rapid Spin|[of] p2a: Great Tusk
|move|p1a: Eregion|Ice Beam|p2a: Great Tusk
|-supereffective|p2a: Great Tusk
|-damage|p2a: Great Tusk|40/100
|-status|p2a: Great Tusk|frz
|
|-weather|Sandstorm|[upkeep]
|-heal|p1a: Eregion|61/100|[from] item: Leftovers
|upkeep
|turn|15
|
|t:|1781185396
|-end|p2a: Great Tusk|Protosynthesis|[silent]
|switch|p2a: Scizor|Scizor, M|91/100
|move|p1a: Eregion|Stealth Rock|p2a: Scizor
|-sidestart|p2: VraiKhey|move: Stealth Rock
|
|-weather|Sandstorm|[upkeep]
|-heal|p1a: Eregion|67/100|[from] item: Leftovers
|upkeep
|turn|16
|
|t:|1781185401
|switch|p1a: Talonflame|Talonflame, M|39/100
|move|p2a: Scizor|Close Combat|p1a: Talonflame
|-resisted|p1a: Talonflame
|-damage|p1a: Talonflame|3/100
|-unboost|p2a: Scizor|def|1
|-unboost|p2a: Scizor|spd|1
|-damage|p2a: Scizor|81/100|[from] item: Life Orb
|
|-weather|none
|upkeep
|turn|17
|
|t:|1781185405
|move|p2a: Scizor|Bullet Punch|p1a: Talonflame
|-resisted|p1a: Talonflame
|-damage|p1a: Talonflame|0 fnt
|faint|p1a: Talonflame
|-damage|p2a: Scizor|71/100|[from] item: Life Orb
|
|upkeep
|
|t:|1781185411
|switch|p1a: Wire Sponge|Sinistcha|95/100
|turn|18
|
|t:|1781185413
|move|p1a: Wire Sponge|Shadow Ball|p2a: Scizor
|-damage|p2a: Scizor|10/100
|move|p2a: Scizor|Knock Off|p1a: Wire Sponge
|-supereffective|p1a: Wire Sponge
|-damage|p1a: Wire Sponge|29/100
|-enditem|p1a: Wire Sponge|Heavy-Duty Boots|[from] move: Knock Off|[of] p2a: Scizor
|-damage|p2a: Scizor|0 fnt|[from] item: Life Orb
|faint|p2a: Scizor
|
|upkeep
|
|t:|1781185424
|switch|p2a: Raging Bolt|Raging Bolt|94/100
|-damage|p2a: Raging Bolt|82/100|[from] Stealth Rock
|turn|19
|
|t:|1781185428
|switch|p1a: Eregion|Tyranitar, F|67/100
|-weather|Sandstorm|[from] ability: Sand Stream|[of] p1a: Eregion
|move|p2a: Raging Bolt|Draco Meteor|p1a: Eregion
|-damage|p1a: Eregion|35/100
|-unboost|p2a: Raging Bolt|spa|2
|
|-weather|Sandstorm|[upkeep]
|-damage|p2a: Raging Bolt|76/100|[from] Sandstorm
|-heal|p1a: Eregion|42/100|[from] item: Leftovers
|upkeep
|turn|20
|
|t:|1781185435
|move|p2a: Raging Bolt|Volt Switch|p1a: Eregion
|-damage|p1a: Eregion|33/100
|
|t:|1781185438
|-end|p2a: Raging Bolt|Protosynthesis|[silent]
|switch|p2a: Great Tusk|Great Tusk|40/100 frz|[from] Volt Switch
|move|p1a: Eregion|Knock Off|p2a: Great Tusk
|-resisted|p2a: Great Tusk
|-damage|p2a: Great Tusk|23/100 frz
|-enditem|p2a: Great Tusk|Heavy-Duty Boots|[from] move: Knock Off|[of] p1a: Eregion
|
|-weather|Sandstorm|[upkeep]
|-heal|p1a: Eregion|39/100|[from] item: Leftovers
|upkeep
|turn|21
|
|t:|1781185442
|cant|p2a: Great Tusk|frz
|move|p1a: Eregion|Ice Beam|p2a: Great Tusk
|-supereffective|p2a: Great Tusk
|-damage|p2a: Great Tusk|0 fnt
|faint|p2a: Great Tusk
|-end|p2a: Great Tusk|Protosynthesis|[silent]
|
|-weather|Sandstorm|[upkeep]
|-heal|p1a: Eregion|45/100|[from] item: Leftovers
|upkeep
|
|t:|1781185444
|switch|p2a: Corviknight|Corviknight, M|100/100
|-damage|p2a: Corviknight|88/100|[from] Stealth Rock
|turn|22
|
|t:|1781185447
|switch|p1a: Redips|Klefki, F|20/100
|move|p2a: Corviknight|Defog|p1a: Redips
|-unboost|p1a: Redips|evasion|1
|-sideend|p2: VraiKhey|Stealth Rock|[from] move: Defog|[of] p2a: Corviknight
|
|-weather|Sandstorm|[upkeep]
|upkeep
|turn|23
|
|t:|1781185451
|switch|p2a: Raging Bolt|Raging Bolt|76/100
|move|p1a: Redips|Spikes|p2a: Raging Bolt
|-sidestart|p2: VraiKhey|Spikes
|
|-weather|none
|upkeep
|turn|24
|
|t:|1781185461
|move|p1a: Redips|Dazzling Gleam|p2a: Raging Bolt
|-supereffective|p2a: Raging Bolt
|-damage|p2a: Raging Bolt|40/100
|move|p2a: Raging Bolt|Thunderbolt|p1a: Redips
|-damage|p1a: Redips|0 fnt
|faint|p1a: Redips
|
|upkeep
|
|t:|1781185466
|switch|p1a: Eregion|Tyranitar, F|45/100
|-weather|Sandstorm|[from] ability: Sand Stream|[of] p1a: Eregion
|turn|25
|
|t:|1781185470
|move|p2a: Raging Bolt|Volt Switch|p1a: Eregion
|-damage|p1a: Eregion|26/100
|
|t:|1781185473
|-end|p2a: Raging Bolt|Protosynthesis|[silent]
|switch|p2a: Primarina|Primarina, F|25/100|[from] Volt Switch
|-damage|p2a: Primarina|12/100|[from] Spikes
|move|p1a: Eregion|Ice Beam|p2a: Primarina
|-resisted|p2a: Primarina
|-damage|p2a: Primarina|6/100
|
|-weather|Sandstorm|[upkeep]
|-damage|p2a: Primarina|0 fnt|[from] Sandstorm
|faint|p2a: Primarina
|-heal|p1a: Eregion|33/100|[from] item: Leftovers
|upkeep
|
|t:|1781185475
|switch|p2a: Raging Bolt|Raging Bolt|40/100
|-damage|p2a: Raging Bolt|28/100|[from] Spikes
|turn|26
|
|t:|1781185483
|move|p2a: Raging Bolt|Draco Meteor|p1a: Eregion
|-damage|p1a: Eregion|3/100
|-unboost|p2a: Raging Bolt|spa|2
|move|p1a: Eregion|Knock Off|p2a: Raging Bolt
|-damage|p2a: Raging Bolt|4/100
|
|-weather|Sandstorm|[upkeep]
|-damage|p2a: Raging Bolt|0 fnt|[from] Sandstorm
|faint|p2a: Raging Bolt
|-end|p2a: Raging Bolt|Protosynthesis|[silent]
|-heal|p1a: Eregion|10/100|[from] item: Leftovers
|upkeep
|
|t:|1781185486
|switch|p2a: Corviknight|Corviknight, M|88/100
|turn|27
|-message|VraiKhey forfeited.
|
|win|Acastillo631
|raw|Acastillo631's rating: 1594 &rarr; <strong>1614</strong><br />(+20 for winning)
|raw|VraiKhey's rating: 1591 &rarr; <strong>1571</strong><br />(-20 for losing)
|l|☆VraiKhey
|player|p2|
|l| newhere1310
|l|☆Acastillo631
|player|p1|
