|j|☆LowEL0God
|j|☆tauros3
|t:|1781101144
|gametype|singles
|player|p1|LowEL0God|265|1567
|player|p2|tauros3|swimmer-gen4dp|1480
|gen|9
|tier|[Gen 9] OU
|rated|
|rule|HP Percentage Mod: HP is shown in percentages
|rule|Endless Battle Clause: Forcing endless battles is banned
|rule|Species Clause: Limit one of each Pokémon
|rule|OHKO Clause: OHKO moves are banned
|rule|Evasion Items Clause: Evasion items are banned
|rule|Evasion Moves Clause: Evasion moves are banned
|rule|Evasion Abilities Clause: Evasion abilities are banned
|rule|Sleep Moves Clause: Sleep-inducing moves are banned
|clearpoke
|poke|p1|Pelipper, M|
|poke|p1|Torkoal, F|
|poke|p1|Walking Wake|
|poke|p1|Kyurem|
|poke|p1|Ninetales-Alola, M|
|poke|p1|Ogerpon-Wellspring, F|
|poke|p2|Ribombee, F|
|poke|p2|Kingambit, M|
|poke|p2|Milotic, F|
|poke|p2|Serperior, F|
|poke|p2|Gothitelle, F|
|poke|p2|Cinderace, M|
|teampreview
|inactive|Battle timer is ON: inactive players will automatically lose when time's up. (requested by tauros3)
|c|☆LowEL0God|hf
|inactive|LowEL0God also wants the timer to be on.
|
|t:|1781101160
|teamsize|p1|6
|teamsize|p2|6
|start
|switch|p1a: Torkoal|Torkoal, F|100/100
|switch|p2a: Ribombee|Ribombee, F|100/100
|-weather|SunnyDay|[from] ability: Drought|[of] p1a: Torkoal
|turn|1
|
|t:|1781101170
|switch|p2a: Milotic|Milotic, F|100/100
|move|p1a: Torkoal|Lava Plume|p2a: Milotic
|-resisted|p2a: Milotic
|-damage|p2a: Milotic|91/100
|
|-weather|SunnyDay|[upkeep]
|upkeep
|turn|2
|
|t:|1781101176
|switch|p2a: Ribombee|Ribombee, F|100/100
|switch|p1a: Walking Wake|Walking Wake|100/100
|-activate|p1a: Walking Wake|ability: Protosynthesis
|-start|p1a: Walking Wake|protosynthesisspe
|
|-weather|SunnyDay|[upkeep]
|upkeep
|turn|3
|
|t:|1781101179
|move|p1a: Walking Wake|Hydro Steam|p2a: Ribombee
|-crit|p2a: Ribombee
|-enditem|p2a: Ribombee|Focus Sash
|-damage|p2a: Ribombee|1/100
|move|p2a: Ribombee|Sticky Web|p1a: Walking Wake
|-sidestart|p1: LowEL0God|move: Sticky Web
|
|-weather|SunnyDay|[upkeep]
|upkeep
|turn|4
|
|t:|1781101189
|switch|p2a: Milotic|Milotic, F|91/100
|move|p1a: Walking Wake|Hydro Steam|p2a: Milotic
|-resisted|p2a: Milotic
|-damage|p2a: Milotic|71/100
|
|-weather|SunnyDay|[upkeep]
|upkeep
|turn|5
|
|t:|1781101192
|move|p1a: Walking Wake|Hydro Steam|p2a: Milotic
|-resisted|p2a: Milotic
|-crit|p2a: Milotic
|-damage|p2a: Milotic|38/100
|move|p2a: Milotic|Flip Turn|p1a: Walking Wake
|-resisted|p1a: Walking Wake
|-damage|p1a: Walking Wake|99/100
|
|t:|1781101196
|switch|p2a: Serperior|Serperior, F|100/100|[from] Flip Turn
|
|-weather|SunnyDay|[upkeep]
|upkeep
|turn|6
|
|t:|1781101199
|move|p1a: Walking Wake|Hydro Steam|p2a: Serperior
|-resisted|p2a: Serperior
|-damage|p2a: Serperior|44/100
|move|p2a: Serperior|Glare|p1a: Walking Wake
|-status|p1a: Walking Wake|par
|
|-weather|SunnyDay|[upkeep]
|-heal|p2a: Serperior|50/100|[from] item: Leftovers
|upkeep
|turn|7
|
|t:|1781101205
|switch|p2a: Ribombee|Ribombee, F|1/100
|move|p1a: Walking Wake|Hydro Steam|p2a: Ribombee
|-damage|p2a: Ribombee|0 fnt
|faint|p2a: Ribombee
|
|-weather|SunnyDay|[upkeep]
|upkeep
|
|t:|1781101209
|switch|p2a: Cinderace|Cinderace, M|100/100
|turn|8
|
|t:|1781101212
|move|p2a: Cinderace|Court Change|p2a: Cinderace
|-swapsideconditions
|-activate|p2a: Cinderace|move: Court Change
|move|p1a: Walking Wake|Hydro Steam|p2a: Cinderace
|-supereffective|p2a: Cinderace
|-damage|p2a: Cinderace|0 fnt
|faint|p2a: Cinderace
|
|-weather|none
|-end|p1a: Walking Wake|Protosynthesis
|upkeep
|
|t:|1781101217
|switch|p2a: Milotic|Milotic, F|38/100
|-activate|p2a: Milotic|move: Sticky Web
|-unboost|p2a: Milotic|spe|1
|-ability|p2a: Milotic|Competitive|boost
|-boost|p2a: Milotic|spa|2
|turn|9
|
|t:|1781101219
|-end|p1a: Walking Wake|Protosynthesis|[silent]
|switch|p1a: Ninetales|Ninetales-Alola, M|100/100
|-weather|Snowscape|[from] ability: Snow Warning|[of] p1a: Ninetales
|move|p2a: Milotic|Draining Kiss|p1a: Ninetales
|-damage|p1a: Ninetales|67/100
|-heal|p2a: Milotic|60/100|[from] drain|[of] p1a: Ninetales
|
|-weather|Snowscape|[upkeep]
|upkeep
|turn|10
|
|t:|1781101226
|move|p1a: Ninetales|Aurora Veil|p1a: Ninetales
|-sidestart|p1: LowEL0God|move: Aurora Veil
|move|p2a: Milotic|Draining Kiss|p1a: Ninetales
|-damage|p1a: Ninetales|52/100
|-heal|p2a: Milotic|70/100|[from] drain|[of] p1a: Ninetales
|
|-weather|Snowscape|[upkeep]
|upkeep
|turn|11
|
|t:|1781101229
|switch|p1a: Ogerpon|Ogerpon-Wellspring, F|100/100
|move|p2a: Milotic|Draining Kiss|p1a: Ogerpon
|-damage|p1a: Ogerpon|80/100
|-heal|p2a: Milotic|82/100|[from] drain|[of] p1a: Ogerpon
|
|-weather|Snowscape|[upkeep]
|upkeep
|turn|12
|
|t:|1781101234
|switch|p2a: Serperior|Serperior, F|50/100
|-activate|p2a: Serperior|move: Sticky Web
|-boost|p2a: Serperior|spe|1
|move|p1a: Ogerpon|Swords Dance|p1a: Ogerpon
|-boost|p1a: Ogerpon|atk|2
|
|-weather|Snowscape|[upkeep]
|-heal|p2a: Serperior|56/100|[from] item: Leftovers
|upkeep
|turn|13
|
|t:|1781101237
|move|p2a: Serperior|Glare|p1a: Ogerpon
|-status|p1a: Ogerpon|par
|move|p1a: Ogerpon|Horn Leech|p2a: Serperior
|-resisted|p2a: Serperior
|-damage|p2a: Serperior|1/100
|-heal|p1a: Ogerpon|100/100 par|[from] drain|[of] p2a: Serperior
|
|-weather|Snowscape|[upkeep]
|-heal|p2a: Serperior|7/100|[from] item: Leftovers
|upkeep
|turn|14
|
|t:|1781101242
|move|p2a: Serperior|Leaf Storm|p1a: Ogerpon
|-damage|p1a: Ogerpon|75/100 par
|-boost|p2a: Serperior|spa|2
|cant|p1a: Ogerpon|par
|
|-weather|Snowscape|[upkeep]
|-heal|p2a: Serperior|13/100|[from] item: Leftovers
|-sideend|p1: LowEL0God|move: Aurora Veil
|upkeep
|turn|15
|
|t:|1781101245
|move|p2a: Serperior|Leaf Storm|p1a: Ogerpon
|-damage|p1a: Ogerpon|0 fnt
|-boost|p2a: Serperior|spa|2
|faint|p1a: Ogerpon
|
|-weather|Snowscape|[upkeep]
|-heal|p2a: Serperior|19/100|[from] item: Leftovers
|upkeep
|
|t:|1781101246
|switch|p1a: Kyurem|Kyurem|100/100
|-ability|p1a: Kyurem|Pressure
|turn|16
|
|t:|1781101248
|move|p2a: Serperior|Dragon Pulse|p1a: Kyurem
|-supereffective|p1a: Kyurem
|-damage|p1a: Kyurem|0 fnt
|faint|p1a: Kyurem
|
|-weather|none
|-heal|p2a: Serperior|25/100|[from] item: Leftovers
|upkeep
|
|t:|1781101249
|switch|p1a: Torkoal|Torkoal, F|100/100
|-weather|SunnyDay|[from] ability: Drought|[of] p1a: Torkoal
|turn|17
|
|t:|1781101252
|move|p2a: Serperior|Dragon Pulse|p1a: Torkoal
|-damage|p1a: Torkoal|23/100
|move|p1a: Torkoal|Body Press|p2a: Serperior
|-damage|p2a: Serperior|0 fnt
|faint|p2a: Serperior
|
|-weather|SunnyDay|[upkeep]
|upkeep
|
|t:|1781101258
|switch|p2a: Milotic|Milotic, F|82/100
|-activate|p2a: Milotic|move: Sticky Web
|-unboost|p2a: Milotic|spe|1
|-ability|p2a: Milotic|Competitive|boost
|-boost|p2a: Milotic|spa|2
|turn|18
|
|t:|1781101261
|move|p2a: Milotic|Scald|p1a: Torkoal
|-supereffective|p1a: Torkoal
|-damage|p1a: Torkoal|0 fnt
|faint|p1a: Torkoal
|
|-weather|SunnyDay|[upkeep]
|upkeep
|
|t:|1781101261
|switch|p1a: Ninetales|Ninetales-Alola, M|52/100
|-weather|Snowscape|[from] ability: Snow Warning|[of] p1a: Ninetales
|turn|19
|
|t:|1781101268
|move|p1a: Ninetales|Aurora Veil|p1a: Ninetales
|-sidestart|p1: LowEL0God|move: Aurora Veil
|move|p2a: Milotic|Scald|p1a: Ninetales
|-damage|p1a: Ninetales|16/100
|
|-weather|Snowscape|[upkeep]
|upkeep
|turn|20
|
|t:|1781101271
|move|p1a: Ninetales|Freeze-Dry|p2a: Milotic
|-supereffective|p2a: Milotic
|-damage|p2a: Milotic|63/100
|move|p2a: Milotic|Draining Kiss|p1a: Ninetales
|-damage|p1a: Ninetales|0 fnt
|-heal|p2a: Milotic|74/100|[from] drain|[of] p1a: Ninetales
|faint|p1a: Ninetales
|
|-weather|Snowscape|[upkeep]
|upkeep
|
|t:|1781101271
|switch|p1a: Hurricane Spam|Pelipper, M, shiny|100/100
|-weather|RainDance|[from] ability: Drizzle|[of] p1a: Hurricane Spam
|turn|21
|
|t:|1781101278
|move|p1a: Hurricane Spam|Hurricane|p2a: Milotic
|-damage|p2a: Milotic|38/100
|-start|p2a: Milotic|confusion
|-activate|p2a: Milotic|confusion
|-damage|p2a: Milotic|32/100|[from] confusion
|
|-weather|RainDance|[upkeep]
|upkeep
|turn|22
|
|t:|1781101283
|switch|p2a: Kingambit|Kingambit, M|100/100
|-activate|p2a: Kingambit|move: Sticky Web
|-unboost|p2a: Kingambit|spe|1
|-ability|p2a: Kingambit|Defiant|boost
|-boost|p2a: Kingambit|atk|2
|move|p1a: Hurricane Spam|Hurricane|p2a: Kingambit
|-resisted|p2a: Kingambit
|-damage|p2a: Kingambit|66/100
|
|-weather|RainDance|[upkeep]
|upkeep
|turn|23
|
|t:|1781101288
|move|p1a: Hurricane Spam|Hurricane|p2a: Kingambit
|-resisted|p2a: Kingambit
|-damage|p2a: Kingambit|29/100
|move|p2a: Kingambit|Kowtow Cleave|p1a: Hurricane Spam
|-damage|p1a: Hurricane Spam|38/100
|
|-weather|RainDance|[upkeep]
|-sideend|p1: LowEL0God|move: Aurora Veil
|upkeep
|turn|24
|
|t:|1781101294
|switch|p1a: Walking Wake|Walking Wake|99/100 par
|move|p2a: Kingambit|Sucker Punch||[still]
|-fail|p2a: Kingambit
|
|-weather|RainDance|[upkeep]
|upkeep
|turn|25
|
|t:|1781101297
|-end|p1a: Walking Wake|Protosynthesis|[silent]
|switch|p1a: Hurricane Spam|Pelipper, M, shiny|38/100
|move|p2a: Kingambit|Sucker Punch||[still]
|-fail|p2a: Kingambit
|
|-weather|none
|upkeep
|turn|26
|
|t:|1781101301
|switch|p1a: Walking Wake|Walking Wake|99/100 par
|move|p2a: Kingambit|Sucker Punch||[still]
|-fail|p2a: Kingambit
|
|upkeep
|turn|27
|
|t:|1781101304
|-end|p1a: Walking Wake|Protosynthesis|[silent]
|switch|p1a: Hurricane Spam|Pelipper, M, shiny|38/100
|-weather|RainDance|[from] ability: Drizzle|[of] p1a: Hurricane Spam
|move|p2a: Kingambit|Kowtow Cleave|p1a: Hurricane Spam
|-damage|p1a: Hurricane Spam|0 fnt
|faint|p1a: Hurricane Spam
|
|-weather|RainDance|[upkeep]
|upkeep
|
|t:|1781101305
|switch|p1a: Walking Wake|Walking Wake|99/100 par
|turn|28
|
|t:|1781101307
|-terastallize|p1a: Walking Wake|Water
|move|p2a: Kingambit|Sucker Punch|p1a: Walking Wake
|-damage|p1a: Walking Wake|0 fnt
|faint|p1a: Walking Wake
|-end|p1a: Walking Wake|Protosynthesis|[silent]
|
|win|tauros3
|raw|LowEL0God's rating: 1567 &rarr; <strong>1542</strong><br />(-25 for losing)
|raw|tauros3's rating: 1480 &rarr; <strong>1505</strong><br />(+25 for winning)
|l|☆tauros3
|player|p2|
|c|☆LowEL0God|gg
|l|☆LowEL0God
|player|p1|
