|j|☆fifodrummer
|j|☆Wuerfel
|t:|1780910665
|gametype|singles
|player|p1|fifodrummer|pokemaniac|1520
|player|p2|Wuerfel|caitlin|1549
|gen|9
|tier|[Gen 9] OU
|rated|
|rule|HP Percentage Mod: HP is shown in percentages
|rule|Endless Battle Clause: Forcing endless battles is banned
|rule|Species Clause: Limit one of each Pokémon
|rule|OHKO Clause: OHKO moves are banned
|rule|Evasion Items Clause: Evasion items are banned
|rule|Evasion Moves Clause: Evasion moves are banned
|rule|Evasion Abilities Clause: Evasion abilities are banned
|rule|Sleep Moves Clause: Sleep-inducing moves are banned
|clearpoke
|poke|p1|Pelipper, M|
|poke|p1|Raging Bolt|
|poke|p1|Overqwil, M|
|poke|p1|Ogerpon-Wellspring, F|
|poke|p1|Scizor, M|
|poke|p1|Kingdra, F|
|poke|p2|Ogerpon-Wellspring, F|
|poke|p2|Hatterene, F|
|poke|p2|Zamazenta-*|
|poke|p2|Gliscor, M|
|poke|p2|Iron Moth|
|poke|p2|Gholdengo|
|teampreview
|inactive|Battle timer is ON: inactive players will automatically lose when time's up. (requested by fifodrummer)
|inactive|Wuerfel has 120 seconds left.
|
|t:|1780910705
|teamsize|p1|6
|teamsize|p2|6
|start
|switch|p1a: The Mask|Ogerpon-Wellspring, F|100/100
|switch|p2a: Zamazenta|Zamazenta|100/100
|-ability|p2a: Zamazenta|Dauntless Shield|boost
|-boost|p2a: Zamazenta|def|1
|turn|1
|
|t:|1780910713
|switch|p1a: Nigel|Pelipper, M|100/100
|-weather|RainDance|[from] ability: Drizzle|[of] p1a: Nigel
|move|p2a: Zamazenta|Reflect|p2a: Zamazenta
|-sidestart|p2: Wuerfel|Reflect
|
|-weather|RainDance|[upkeep]
|upkeep
|turn|2
|
|t:|1780910720
|move|p2a: Zamazenta|Light Screen|p2a: Zamazenta
|-sidestart|p2: Wuerfel|move: Light Screen
|move|p1a: Nigel|Hurricane|p2a: Zamazenta
|-supereffective|p2a: Zamazenta
|-damage|p2a: Zamazenta|73/100
|-start|p2a: Zamazenta|confusion
|
|-weather|RainDance|[upkeep]
|upkeep
|turn|3
|
|t:|1780910730
|switch|p2a: Hatterene|Hatterene, F|100/100
|switch|p1a: Iron Claw|Scizor, M, shiny|100/100
|
|-weather|RainDance|[upkeep]
|upkeep
|turn|4
|
|t:|1780910748
|switch|p2a: Iron Moth|Iron Moth|100/100
|-enditem|p2a: Iron Moth|Booster Energy
|-activate|p2a: Iron Moth|ability: Quark Drive|[fromitem]
|-start|p2a: Iron Moth|quarkdrivespe
|move|p1a: Iron Claw|Defog|p2a: Iron Moth
|-unboost|p2a: Iron Moth|evasion|1
|-sideend|p2: Wuerfel|Reflect
|-sideend|p2: Wuerfel|move: Light Screen
|
|-weather|RainDance|[upkeep]
|upkeep
|turn|5
|
|t:|1780910759
|-terastallize|p1a: Iron Claw|Water
|move|p2a: Iron Moth|Substitute|p2a: Iron Moth
|-start|p2a: Iron Moth|Substitute
|-damage|p2a: Iron Moth|76/100
|move|p1a: Iron Claw|Dual Wingbeat|p2a: Iron Moth
|-end|p2a: Iron Moth|Substitute
|-damage|p2a: Iron Moth|40/100
|-hitcount|p2a: Iron Moth|2
|
|-weather|RainDance|[upkeep]
|upkeep
|turn|6
|
|t:|1780910771
|switch|p1a: Spike|Overqwil, M, shiny|100/100
|move|p2a: Iron Moth|Sludge Wave|p1a: Spike
|-resisted|p1a: Spike
|-damage|p1a: Spike|60/100
|
|-weather|RainDance|[upkeep]
|upkeep
|turn|7
|
|t:|1780910790
|move|p1a: Spike|Crunch|p2a: Iron Moth
|-damage|p2a: Iron Moth|0 fnt
|faint|p2a: Iron Moth
|-end|p2a: Iron Moth|Quark Drive|[silent]
|-damage|p1a: Spike|50/100|[from] item: Life Orb
|
|-weather|RainDance|[upkeep]
|upkeep
|
|t:|1780910797
|switch|p2a: Zamazenta|Zamazenta|73/100
|turn|8
|
|t:|1780910804
|move|p1a: Spike|Poison Jab|p2a: Zamazenta
|-damage|p2a: Zamazenta|32/100
|-damage|p1a: Spike|40/100|[from] item: Life Orb
|move|p2a: Zamazenta|Reflect|p2a: Zamazenta
|-sidestart|p2: Wuerfel|Reflect
|
|-weather|none
|upkeep
|turn|9
|
|t:|1780910812
|switch|p1a: Nigel|Pelipper, M|100/100
|-weather|RainDance|[from] ability: Drizzle|[of] p1a: Nigel
|move|p2a: Zamazenta|Close Combat|p1a: Nigel
|-resisted|p1a: Nigel
|-damage|p1a: Nigel|75/100
|-unboost|p2a: Zamazenta|def|1
|-unboost|p2a: Zamazenta|spd|1
|
|-weather|RainDance|[upkeep]
|upkeep
|turn|10
|
|t:|1780910822
|move|p2a: Zamazenta|Light Screen|p2a: Zamazenta
|-sidestart|p2: Wuerfel|move: Light Screen
|move|p1a: Nigel|Hurricane|p2a: Zamazenta
|-supereffective|p2a: Zamazenta
|-damage|p2a: Zamazenta|0 fnt
|faint|p2a: Zamazenta
|
|-weather|RainDance|[upkeep]
|upkeep
|
|t:|1780910838
|switch|p2a: Gliscor|Gliscor, M|100/100
|turn|11
|
|t:|1780910850
|switch|p2a: Ogerpon|Ogerpon-Wellspring, F|100/100
|move|p1a: Nigel|Surf|p2a: Ogerpon
|-immune|p2a: Ogerpon|[from] ability: Water Absorb
|
|-weather|RainDance|[upkeep]
|upkeep
|turn|12
|
|t:|1780910860
|move|p2a: Ogerpon|Encore|p1a: Nigel
|-start|p1a: Nigel|Encore
|move|p1a: Nigel|Surf|p2a: Ogerpon
|-immune|p2a: Ogerpon|[from] ability: Water Absorb
|
|-weather|RainDance|[upkeep]
|upkeep
|turn|13
|
|t:|1780910868
|switch|p1a: I'm a Dragon!?|Kingdra, F|100/100
|move|p2a: Ogerpon|Swords Dance|p2a: Ogerpon
|-boost|p2a: Ogerpon|atk|2
|
|-weather|RainDance|[upkeep]
|upkeep
|turn|14
|
|t:|1780910877
|move|p1a: I'm a Dragon!?|Hurricane|p2a: Ogerpon
|-supereffective|p2a: Ogerpon
|-damage|p2a: Ogerpon|49/100
|move|p2a: Ogerpon|Horn Leech|p1a: I'm a Dragon!?
|-damage|p1a: I'm a Dragon!?|0 fnt
|-heal|p2a: Ogerpon|97/100|[from] drain|[of] p1a: I'm a Dragon!?
|faint|p1a: I'm a Dragon!?
|
|-weather|RainDance|[upkeep]
|upkeep
|
|t:|1780910889
|switch|p1a: Spike|Overqwil, M, shiny|40/100
|turn|15
|
|t:|1780910897
|switch|p2a: Gliscor|Gliscor, M|100/100
|move|p1a: Spike|Poison Jab|p2a: Gliscor
|-resisted|p2a: Gliscor
|-damage|p2a: Gliscor|91/100
|-damage|p1a: Spike|30/100|[from] item: Life Orb
|
|-weather|RainDance|[upkeep]
|-sideend|p2: Wuerfel|Reflect
|-status|p2a: Gliscor|tox|[from] item: Toxic Orb
|upkeep
|turn|16
|inactive|Wuerfel has 120 seconds left.
|
|t:|1780910950
|switch|p2a: Gholdengo|Gholdengo|100/100
|-item|p2a: Gholdengo|Air Balloon
|move|p1a: Spike|Liquidation|p2a: Gholdengo
|-damage|p2a: Gholdengo|29/100
|-enditem|p2a: Gholdengo|Air Balloon
|-damage|p1a: Spike|20/100|[from] item: Life Orb
|
|-weather|none
|upkeep
|turn|17
|
|t:|1780910964
|switch|p1a: Nigel|Pelipper, M|75/100
|-weather|RainDance|[from] ability: Drizzle|[of] p1a: Nigel
|move|p2a: Gholdengo|Shadow Ball|p1a: Nigel
|-damage|p1a: Nigel|21/100
|
|-weather|RainDance|[upkeep]
|-sideend|p2: Wuerfel|move: Light Screen
|upkeep
|turn|18
|
|t:|1780910976
|switch|p1a: High AF|Raging Bolt|100/100
|move|p2a: Gholdengo|Shadow Ball|p1a: High AF
|-damage|p1a: High AF|54/100
|-unboost|p1a: High AF|spd|1
|
|-weather|RainDance|[upkeep]
|upkeep
|turn|19
|
|t:|1780910986
|move|p1a: High AF|Weather Ball|p2a: Gholdengo
|-damage|p2a: Gholdengo|0 fnt
|faint|p2a: Gholdengo
|
|-weather|RainDance|[upkeep]
|upkeep
|
|t:|1780911004
|switch|p2a: Gliscor|Gliscor, M|91/100 tox
|turn|20
|
|t:|1780911011
|move|p1a: High AF|Weather Ball|p2a: Gliscor
|-supereffective|p2a: Gliscor
|-damage|p2a: Gliscor|0 fnt
|faint|p2a: Gliscor
|
|-weather|RainDance|[upkeep]
|upkeep
|
|t:|1780911022
|switch|p2a: Ogerpon|Ogerpon-Wellspring, F|97/100
|turn|21
|
|t:|1780911032
|-end|p1a: High AF|Protosynthesis|[silent]
|switch|p1a: The Mask|Ogerpon-Wellspring, F|100/100
|move|p2a: Ogerpon|Horn Leech|p1a: The Mask
|-damage|p1a: The Mask|44/100
|-heal|p2a: Ogerpon|100/100|[from] drain|[of] p1a: The Mask
|
|-weather|RainDance|[upkeep]
|upkeep
|turn|22
|
|t:|1780911040
|move|p2a: Ogerpon|Horn Leech|p1a: The Mask
|-damage|p1a: The Mask|0 fnt
|faint|p1a: The Mask
|
|-weather|RainDance|[upkeep]
|upkeep
|
|t:|1780911047
|switch|p1a: Spike|Overqwil, M, shiny|20/100
|turn|23
|
|t:|1780911071
|move|p1a: Spike|Poison Jab|p2a: Ogerpon
|-supereffective|p2a: Ogerpon
|-damage|p2a: Ogerpon|0 fnt
|faint|p2a: Ogerpon
|-damage|p1a: Spike|10/100|[from] item: Life Orb
|
|-weather|RainDance|[upkeep]
|upkeep
|
|t:|1780911073
|switch|p2a: Hatterene|Hatterene, F|100/100
|turn|24
|
|t:|1780911081
|-terastallize|p2a: Hatterene|Water
|move|p1a: Spike|Crunch|p2a: Hatterene
|-crit|p2a: Hatterene
|-damage|p2a: Hatterene|7/100
|-damage|p1a: Spike|0 fnt|[from] item: Life Orb
|faint|p1a: Spike
|move|p2a: Hatterene|Calm Mind|p2a: Hatterene
|-boost|p2a: Hatterene|spa|1
|-boost|p2a: Hatterene|spd|1
|
|-weather|none
|-heal|p2a: Hatterene|13/100|[from] item: Leftovers
|upkeep
|
|t:|1780911093
|switch|p1a: High AF|Raging Bolt|54/100
|turn|25
|
|t:|1780911096
|move|p1a: High AF|Volt Switch|p2a: Hatterene
|-supereffective|p2a: Hatterene
|-damage|p2a: Hatterene|0 fnt
|faint|p2a: Hatterene
|
|win|fifodrummer
|raw|fifodrummer's rating: 1520 &rarr; <strong>1542</strong><br />(+22 for winning)
|raw|Wuerfel's rating: 1549 &rarr; <strong>1527</strong><br />(-22 for losing)
|l|☆Wuerfel
|player|p2|
