|j|☆Igoodnamename
|j|☆Davetron3030
|t:|1781363306
|gametype|singles
|player|p1|Igoodnamename|winona|1715
|player|p2|Davetron3030|dancer|1669
|gen|9
|tier|[Gen 9] OU
|rated|
|rule|HP Percentage Mod: HP is shown in percentages
|rule|Endless Battle Clause: Forcing endless battles is banned
|rule|Species Clause: Limit one of each Pokémon
|rule|OHKO Clause: OHKO moves are banned
|rule|Evasion Items Clause: Evasion items are banned
|rule|Evasion Moves Clause: Evasion moves are banned
|rule|Evasion Abilities Clause: Evasion abilities are banned
|rule|Sleep Moves Clause: Sleep-inducing moves are banned
|clearpoke
|poke|p1|Raging Bolt|
|poke|p1|Rillaboom, M|
|poke|p1|Great Tusk|
|poke|p1|Ting-Lu|
|poke|p1|Skeledirge, F|
|poke|p1|Enamorus, F|
|poke|p2|Garchomp, F|
|poke|p2|Gholdengo|
|poke|p2|Iron Crown|
|poke|p2|Iron Valiant|
|poke|p2|Samurott-Hisui, M|
|poke|p2|Zapdos-Galar|
|teampreview
|
|t:|1781363314
|teamsize|p1|6
|teamsize|p2|6
|start
|switch|p1a: Enamorus|Enamorus, F|100/100
|switch|p2a: Samurott|Samurott-Hisui, M|100/100
|turn|1
|inactive|Battle timer is ON: inactive players will automatically lose when time's up. (requested by Igoodnamename)
|j| TheSacredJackal⨕
|
|t:|1781363320
|move|p1a: Enamorus|Moonblast|p2a: Samurott
|-supereffective|p2a: Samurott
|-enditem|p2a: Samurott|Focus Sash
|-damage|p2a: Samurott|1/100
|-unboost|p2a: Samurott|spa|1
|move|p2a: Samurott|Ceaseless Edge|p1a: Enamorus
|-resisted|p1a: Enamorus
|-damage|p1a: Enamorus|66/100
|-sidestart|p1: Igoodnamename|Spikes
|
|upkeep
|turn|2
|
|t:|1781363330
|move|p2a: Samurott|Sucker Punch|p1a: Enamorus
|-resisted|p1a: Enamorus
|-damage|p1a: Enamorus|41/100
|move|p1a: Enamorus|Moonblast|p2a: Samurott
|-supereffective|p2a: Samurott
|-damage|p2a: Samurott|0 fnt
|faint|p2a: Samurott
|
|upkeep
|
|t:|1781363340
|switch|p2a: Iron Crown|Iron Crown|100/100
|turn|3
|j| Shucklepilled
|
|t:|1781363346
|switch|p1a: Ting-Lu|Ting-Lu|100/100
|-damage|p1a: Ting-Lu|88/100|[from] Spikes
|-ability|p1a: Ting-Lu|Vessel of Ruin
|-end|p2a: Iron Crown|Quark Drive|[silent]
|switch|p2a: Iron Valiant|Iron Valiant|100/100
|
|-heal|p1a: Ting-Lu|94/100|[from] item: Leftovers
|upkeep
|turn|4
|
|t:|1781363356
|-terastallize|p1a: Ting-Lu|Steel
|move|p2a: Iron Valiant|Moonblast|p1a: Ting-Lu
|-resisted|p1a: Ting-Lu
|-damage|p1a: Ting-Lu|81/100
|move|p1a: Ting-Lu|Heavy Slam|p2a: Iron Valiant
|-supereffective|p2a: Iron Valiant
|-damage|p2a: Iron Valiant|0 fnt
|faint|p2a: Iron Valiant
|-end|p2a: Iron Valiant|Quark Drive|[silent]
|
|-heal|p1a: Ting-Lu|87/100|[from] item: Leftovers
|upkeep
|
|t:|1781363369
|switch|p2a: Garchomp|Garchomp, F|100/100
|turn|5
|
|t:|1781363372
|switch|p1a: Enamorus|Enamorus, F|41/100
|move|p2a: Garchomp|Stealth Rock|p1a: Enamorus
|-sidestart|p1: Igoodnamename|move: Stealth Rock
|
|upkeep
|turn|6
|
|t:|1781363379
|switch|p2a: Iron Crown|Iron Crown|100/100
|move|p1a: Enamorus|Mystical Fire|p2a: Iron Crown
|-supereffective|p2a: Iron Crown
|-damage|p2a: Iron Crown|61/100
|-unboost|p2a: Iron Crown|spa|1
|
|upkeep
|turn|7
|c| TheSacredJackal⨕|never seen heavy slam ting-lu before interesting
|
|t:|1781363386
|switch|p1a: Ting-Lu|Ting-Lu, tera:Steel|87/100
|-damage|p1a: Ting-Lu|75/100|[from] Spikes
|-damage|p1a: Ting-Lu|68/100|[from] Stealth Rock
|-ability|p1a: Ting-Lu|Vessel of Ruin
|-end|p2a: Iron Crown|Quark Drive|[silent]
|switch|p2a: Zapdos|Zapdos-Galar|100/100
|
|-heal|p1a: Ting-Lu|75/100|[from] item: Leftovers
|upkeep
|turn|8
|
|t:|1781363399
|move|p2a: Zapdos|Thunderous Kick|p1a: Ting-Lu
|-supereffective|p1a: Ting-Lu
|-damage|p1a: Ting-Lu|21/100
|-unboost|p1a: Ting-Lu|def|1
|move|p1a: Ting-Lu|Stealth Rock|p2a: Zapdos
|-sidestart|p2: Davetron3030|move: Stealth Rock
|
|-heal|p1a: Ting-Lu|27/100|[from] item: Leftovers
|upkeep
|turn|9
|
|t:|1781363410
|switch|p2a: Garchomp|Garchomp, F|100/100
|-damage|p2a: Garchomp|94/100|[from] Stealth Rock
|switch|p1a: Skeledirge|Skeledirge, F|100/100
|
|upkeep
|turn|10
|
|t:|1781363417
|switch|p2a: Gholdengo|Gholdengo|100/100
|-damage|p2a: Gholdengo|94/100|[from] Stealth Rock
|move|p1a: Skeledirge|Will-O-Wisp|p2a: Gholdengo
|-immune|p2a: Gholdengo|[from] ability: Good as Gold
|
|-heal|p2a: Gholdengo|100/100|[from] item: Leftovers
|upkeep
|turn|11
|
|t:|1781363426
|switch|p1a: Raging Bolt|Raging Bolt|100/100
|-damage|p1a: Raging Bolt|88/100|[from] Spikes
|-damage|p1a: Raging Bolt|76/100|[from] Stealth Rock
|move|p2a: Gholdengo|Thunder Wave|p1a: Raging Bolt
|-immune|p1a: Raging Bolt
|
|upkeep
|turn|12
|
|t:|1781363437
|switch|p2a: Garchomp|Garchomp, F|94/100
|-damage|p2a: Garchomp|88/100|[from] Stealth Rock
|move|p1a: Raging Bolt|Draco Meteor|p2a: Garchomp|[miss]
|-miss|p1a: Raging Bolt|p2a: Garchomp
|
|upkeep
|turn|13
|
|t:|1781363444
|-end|p1a: Raging Bolt|Protosynthesis|[silent]
|switch|p1a: Great Tusk|Great Tusk|100/100
|move|p2a: Garchomp|Stone Edge|p1a: Great Tusk
|-resisted|p1a: Great Tusk
|-damage|p1a: Great Tusk|96/100
|
|upkeep
|turn|14
|l| Shucklepilled
|
|t:|1781363452
|-terastallize|p2a: Garchomp|Ghost
|move|p1a: Great Tusk|Rapid Spin|p2a: Garchomp
|-immune|p2a: Garchomp
|move|p2a: Garchomp|Dragon Tail|p1a: Great Tusk
|-damage|p1a: Great Tusk|77/100
|-end|p1a: Great Tusk|Protosynthesis|[silent]
|drag|p1a: Skeledirge|Skeledirge, F|100/100
|
|upkeep
|turn|15
|
|t:|1781363463
|move|p2a: Garchomp|Earthquake|p1a: Skeledirge
|-supereffective|p1a: Skeledirge
|-damage|p1a: Skeledirge|34/100
|move|p1a: Skeledirge|Will-O-Wisp|p2a: Garchomp
|-status|p2a: Garchomp|brn
|
|-damage|p2a: Garchomp|82/100 brn|[from] brn
|upkeep
|turn|16
|
|t:|1781363472
|move|p1a: Skeledirge|Slack Off|p1a: Skeledirge
|-heal|p1a: Skeledirge|84/100
|move|p2a: Garchomp|Dragon Tail|p1a: Skeledirge
|-damage|p1a: Skeledirge|74/100
|drag|p1a: Ting-Lu|Ting-Lu, tera:Steel|27/100
|-damage|p1a: Ting-Lu|14/100|[from] Spikes
|-damage|p1a: Ting-Lu|8/100|[from] Stealth Rock
|-ability|p1a: Ting-Lu|Vessel of Ruin
|
|-heal|p1a: Ting-Lu|14/100|[from] item: Leftovers
|-damage|p2a: Garchomp|76/100 brn|[from] brn
|upkeep
|turn|17
|
|t:|1781363486
|move|p2a: Garchomp|Earthquake|p1a: Ting-Lu
|-supereffective|p1a: Ting-Lu
|-damage|p1a: Ting-Lu|0 fnt
|faint|p1a: Ting-Lu
|
|-damage|p2a: Garchomp|70/100 brn|[from] brn
|upkeep
|
|t:|1781363495
|switch|p1a: Rillaboom|Rillaboom, M|100/100
|-damage|p1a: Rillaboom|88/100|[from] Spikes
|-damage|p1a: Rillaboom|76/100|[from] Stealth Rock
|-fieldstart|move: Grassy Terrain|[from] ability: Grassy Surge|[of] p1a: Rillaboom
|turn|18
|
|t:|1781363501
|move|p1a: Rillaboom|Wood Hammer|p2a: Garchomp
|-damage|p2a: Garchomp|0 fnt
|-damage|p1a: Rillaboom|64/100|[from] ability: Rough Skin|[of] p2a: Garchomp
|-damage|p1a: Rillaboom|47/100|[from] item: Rocky Helmet|[of] p2a: Garchomp
|faint|p2a: Garchomp
|-damage|p1a: Rillaboom|19/100|[from] Recoil
|
|-heal|p1a: Rillaboom|25/100|[from] Grassy Terrain
|upkeep
|
|t:|1781363512
|switch|p2a: Zapdos|Zapdos-Galar|100/100
|-damage|p2a: Zapdos|88/100|[from] Stealth Rock
|turn|19
|
|t:|1781363524
|move|p2a: Zapdos|Brave Bird|p1a: Rillaboom
|-supereffective|p1a: Rillaboom
|-damage|p1a: Rillaboom|0 fnt
|faint|p1a: Rillaboom
|-damage|p2a: Zapdos|79/100|[from] Recoil
|
|upkeep
|
|t:|1781363527
|switch|p1a: Skeledirge|Skeledirge, F|74/100
|turn|20
|
|t:|1781363533
|switch|p2a: Gholdengo|Gholdengo|100/100
|-damage|p2a: Gholdengo|94/100|[from] Stealth Rock
|move|p1a: Skeledirge|Torch Song|p2a: Gholdengo
|-supereffective|p2a: Gholdengo
|-damage|p2a: Gholdengo|34/100
|-boost|p1a: Skeledirge|spa|1
|
|-heal|p2a: Gholdengo|40/100|[from] Grassy Terrain
|-heal|p2a: Gholdengo|46/100|[from] item: Leftovers
|-heal|p1a: Skeledirge|80/100|[from] Grassy Terrain
|upkeep
|turn|21
|
|t:|1781363554
|move|p2a: Gholdengo|Hex|p1a: Skeledirge
|-supereffective|p1a: Skeledirge
|-damage|p1a: Skeledirge|40/100
|move|p1a: Skeledirge|Torch Song|p2a: Gholdengo
|-supereffective|p2a: Gholdengo
|-damage|p2a: Gholdengo|0 fnt
|-boost|p1a: Skeledirge|spa|1
|faint|p2a: Gholdengo
|
|-heal|p1a: Skeledirge|46/100|[from] Grassy Terrain
|upkeep
|inactive|Davetron3030 has 120 seconds left.
|
|t:|1781363574
|switch|p2a: Zapdos|Zapdos-Galar|79/100
|-damage|p2a: Zapdos|67/100|[from] Stealth Rock
|turn|22
|inactive|Davetron3030 has 120 seconds left.
|
|t:|1781363581
|move|p2a: Zapdos|Brave Bird|p1a: Skeledirge
|-damage|p1a: Skeledirge|0 fnt
|faint|p1a: Skeledirge
|-damage|p2a: Zapdos|48/100|[from] Recoil
|
|-fieldend|move: Grassy Terrain
|upkeep
|
|t:|1781363585
|switch|p1a: Raging Bolt|Raging Bolt|76/100
|-damage|p1a: Raging Bolt|64/100|[from] Spikes
|-damage|p1a: Raging Bolt|51/100|[from] Stealth Rock
|turn|23
|j| Shucklepilled
|
|t:|1781363593
|move|p2a: Zapdos|Brave Bird|p1a: Raging Bolt
|-resisted|p1a: Raging Bolt
|-damage|p1a: Raging Bolt|24/100
|-damage|p2a: Zapdos|37/100|[from] Recoil
|move|p1a: Raging Bolt|Thunderbolt|p2a: Zapdos
|-supereffective|p2a: Zapdos
|-damage|p2a: Zapdos|0 fnt
|faint|p2a: Zapdos
|
|upkeep
|
|t:|1781363606
|switch|p2a: Iron Crown|Iron Crown|61/100
|-damage|p2a: Iron Crown|55/100|[from] Stealth Rock
|turn|24
|
|t:|1781363612
|-end|p1a: Raging Bolt|Protosynthesis|[silent]
|switch|p1a: Great Tusk|Great Tusk|77/100
|move|p2a: Iron Crown|Psychic Noise|p1a: Great Tusk
|-supereffective|p1a: Great Tusk
|-damage|p1a: Great Tusk|0 fnt
|faint|p1a: Great Tusk
|-end|p1a: Great Tusk|Protosynthesis|[silent]
|
|upkeep
|l| Shucklepilled
|
|t:|1781363635
|switch|p1a: Enamorus|Enamorus, F|41/100
|-damage|p1a: Enamorus|16/100|[from] Stealth Rock
|turn|25
|
|t:|1781363642
|move|p1a: Enamorus|Healing Wish|p1a: Enamorus
|faint|p1a: Enamorus
|move|p2a: Iron Crown|Tachyon Cutter|p1: Enamorus|[notarget]
|-fail|p2a: Iron Crown
|
|upkeep
|
|t:|1781363646
|switch|p1a: Raging Bolt|Raging Bolt|24/100
|-heal|p1a: Raging Bolt|100/100|[from] move: Healing Wish
|-damage|p1a: Raging Bolt|88/100|[from] Spikes
|-damage|p1a: Raging Bolt|76/100|[from] Stealth Rock
|turn|26
|
|t:|1781363652
|move|p2a: Iron Crown|Psychic Noise|p1a: Raging Bolt
|-damage|p1a: Raging Bolt|43/100
|-start|p1a: Raging Bolt|move: Heal Block
|move|p1a: Raging Bolt|Thunderbolt|p2a: Iron Crown
|-damage|p2a: Iron Crown|5/100
|
|upkeep
|turn|27
|
|t:|1781363660
|move|p2a: Iron Crown|Psychic Noise|p1a: Raging Bolt
|-damage|p1a: Raging Bolt|10/100
|move|p1a: Raging Bolt|Thunderbolt|p2a: Iron Crown
|-damage|p2a: Iron Crown|0 fnt
|faint|p2a: Iron Crown
|-end|p2a: Iron Crown|Quark Drive|[silent]
|
|win|Igoodnamename
|raw|Igoodnamename's rating: 1715 &rarr; <strong>1732</strong><br />(+17 for winning)
|raw|Davetron3030's rating: 1669 &rarr; <strong>1652</strong><br />(-17 for losing)
|c|☆Igoodnamename|ggs
|c| TheSacredJackal⨕|that was hella close
|l|☆Davetron3030
|player|p2|
|l|☆Igoodnamename
|player|p1|
|l| TheSacredJackal⨕
