|j|☆Bigkyuza18
|j|☆ORAS_appreciater
|t:|1781326030
|gametype|singles
|player|p1|Bigkyuza18|265|1652
|player|p2|ORAS_appreciater|ethan|1624
|gen|9
|tier|[Gen 9] OU
|rated|
|rule|HP Percentage Mod: HP is shown in percentages
|rule|Endless Battle Clause: Forcing endless battles is banned
|rule|Species Clause: Limit one of each Pokémon
|rule|OHKO Clause: OHKO moves are banned
|rule|Evasion Items Clause: Evasion items are banned
|rule|Evasion Moves Clause: Evasion moves are banned
|rule|Evasion Abilities Clause: Evasion abilities are banned
|rule|Sleep Moves Clause: Sleep-inducing moves are banned
|clearpoke
|poke|p1|Darkrai|
|poke|p1|Gliscor, M|
|poke|p1|Tinkaton, F|
|poke|p1|Moltres|
|poke|p1|Great Tusk|
|poke|p1|Hydrapple, F|
|poke|p2|Hydreigon, F|
|poke|p2|Landorus-Therian, M|
|poke|p2|Gholdengo|
|poke|p2|Zamazenta-*|
|poke|p2|Great Tusk|
|poke|p2|Primarina, M|
|teampreview
|inactive|Battle timer is ON: inactive players will automatically lose when time's up. (requested by ORAS_appreciater)
|
|t:|1781326045
|teamsize|p1|6
|teamsize|p2|6
|start
|switch|p1a: Gliscor|Gliscor, M|100/100
|switch|p2a: Great Tusk|Great Tusk|100/100
|turn|1
|
|t:|1781326057
|move|p1a: Gliscor|Protect|p1a: Gliscor
|-singleturn|p1a: Gliscor|Protect
|move|p2a: Great Tusk|Stealth Rock|p1a: Gliscor
|-sidestart|p1: Bigkyuza18|move: Stealth Rock
|
|-status|p1a: Gliscor|tox|[from] item: Toxic Orb
|upkeep
|turn|2
|
|t:|1781326062
|-end|p2a: Great Tusk|Protosynthesis|[silent]
|switch|p2a: Gholdengo|Gholdengo|100/100
|switch|p1a: Moltres|Moltres|100/100
|
|upkeep
|turn|3
|
|t:|1781326068
|switch|p2a: Primarina|Primarina, M|100/100
|move|p1a: Moltres|Flamethrower|p2a: Primarina
|-resisted|p2a: Primarina
|-damage|p2a: Primarina|89/100
|-status|p2a: Primarina|brn
|
|-damage|p2a: Primarina|83/100 brn|[from] brn
|upkeep
|turn|4
|
|t:|1781326078
|switch|p1a: Tinkaton|Tinkaton, F|100/100
|-damage|p1a: Tinkaton|94/100|[from] Stealth Rock
|-ability|p1a: Tinkaton|Mold Breaker
|move|p2a: Primarina|Flip Turn|p1a: Tinkaton
|-damage|p1a: Tinkaton|86/100
|
|t:|1781326092
|switch|p2a: Landorus|Landorus-Therian, M|100/100|[from] Flip Turn
|-ability|p2a: Landorus|Intimidate|boost
|-unboost|p1a: Tinkaton|atk|1
|
|-heal|p1a: Tinkaton|92/100|[from] item: Leftovers
|upkeep
|turn|5
|
|t:|1781326098
|move|p2a: Landorus|Stone Edge|p1a: Tinkaton
|-resisted|p1a: Tinkaton
|-damage|p1a: Tinkaton|72/100
|move|p1a: Tinkaton|Stealth Rock|p2a: Landorus
|-sidestart|p2: ORAS_appreciater|move: Stealth Rock
|
|-heal|p1a: Tinkaton|78/100|[from] item: Leftovers
|upkeep
|turn|6
|
|t:|1781326102
|switch|p2a: Great Tusk|Great Tusk|100/100
|move|p1a: Tinkaton|Encore||[still]
|-fail|p1a: Tinkaton
|
|-heal|p1a: Tinkaton|84/100|[from] item: Leftovers
|upkeep
|turn|7
|
|t:|1781326115
|switch|p1a: Moltres|Moltres|100/100
|-end|p2a: Great Tusk|Protosynthesis|[silent]
|switch|p2a: Hydreigon|Hydreigon, F|100/100
|-damage|p2a: Hydreigon|88/100|[from] Stealth Rock
|
|upkeep
|turn|8
|
|t:|1781326122
|switch|p1a: Tinkaton|Tinkaton, F|84/100
|-damage|p1a: Tinkaton|78/100|[from] Stealth Rock
|-ability|p1a: Tinkaton|Mold Breaker
|move|p2a: Hydreigon|Dark Pulse|p1a: Tinkaton
|-resisted|p1a: Tinkaton
|-damage|p1a: Tinkaton|54/100
|
|-heal|p1a: Tinkaton|60/100|[from] item: Leftovers
|upkeep
|turn|9
|
|t:|1781326129
|switch|p2a: Great Tusk|Great Tusk|100/100
|move|p1a: Tinkaton|Gigaton Hammer|p2a: Great Tusk
|-damage|p2a: Great Tusk|71/100
|
|-heal|p1a: Tinkaton|66/100|[from] item: Leftovers
|upkeep
|turn|10
|
|t:|1781326135
|switch|p1a: Great Tusk|Great Tusk|100/100
|move|p2a: Great Tusk|Headlong Rush|p1a: Great Tusk
|-damage|p1a: Great Tusk|61/100
|-unboost|p2a: Great Tusk|def|1
|-unboost|p2a: Great Tusk|spd|1
|
|upkeep
|turn|11
|
|t:|1781326141
|-end|p1a: Great Tusk|Protosynthesis|[silent]
|switch|p1a: Moltres|Moltres|100/100
|-end|p2a: Great Tusk|Protosynthesis|[silent]
|switch|p2a: Gholdengo|Gholdengo|100/100
|-damage|p2a: Gholdengo|94/100|[from] Stealth Rock
|
|upkeep
|turn|12
|
|t:|1781326145
|switch|p2a: Primarina|Primarina, M|83/100 brn
|-damage|p2a: Primarina|70/100 brn|[from] Stealth Rock
|move|p1a: Moltres|Flamethrower|p2a: Primarina
|-resisted|p2a: Primarina
|-damage|p2a: Primarina|59/100 brn
|
|-damage|p2a: Primarina|53/100 brn|[from] brn
|upkeep
|turn|13
|
|t:|1781326151
|switch|p1a: Tinkaton|Tinkaton, F|66/100
|-damage|p1a: Tinkaton|60/100|[from] Stealth Rock
|-ability|p1a: Tinkaton|Mold Breaker
|move|p2a: Primarina|Surf|p1a: Tinkaton
|-damage|p1a: Tinkaton|16/100
|
|-heal|p1a: Tinkaton|22/100|[from] item: Leftovers
|-damage|p2a: Primarina|47/100 brn|[from] brn
|upkeep
|turn|14
|
|t:|1781326161
|switch|p2a: Gholdengo|Gholdengo|94/100
|-damage|p2a: Gholdengo|88/100|[from] Stealth Rock
|move|p1a: Tinkaton|Gigaton Hammer|p2a: Gholdengo
|-resisted|p2a: Gholdengo
|-damage|p2a: Gholdengo|73/100
|
|-heal|p1a: Tinkaton|29/100|[from] item: Leftovers
|upkeep
|turn|15
|
|t:|1781326165
|switch|p2a: Great Tusk|Great Tusk|71/100
|move|p1a: Tinkaton|Thunder Wave|p2a: Great Tusk
|-immune|p2a: Great Tusk
|
|-heal|p1a: Tinkaton|35/100|[from] item: Leftovers
|upkeep
|turn|16
|
|t:|1781326172
|switch|p1a: Moltres|Moltres|100/100
|move|p2a: Great Tusk|Rapid Spin|p1a: Moltres
|-damage|p1a: Moltres|86/100
|-boost|p2a: Great Tusk|spe|1
|-sideend|p2: ORAS_appreciater|Stealth Rock|[from] move: Rapid Spin|[of] p2a: Great Tusk
|
|upkeep
|turn|17
|
|t:|1781326179
|-end|p2a: Great Tusk|Protosynthesis|[silent]
|switch|p2a: Primarina|Primarina, M|47/100 brn
|switch|p1a: Tinkaton|Tinkaton, F|35/100
|-damage|p1a: Tinkaton|29/100|[from] Stealth Rock
|-ability|p1a: Tinkaton|Mold Breaker
|
|-heal|p1a: Tinkaton|35/100|[from] item: Leftovers
|-damage|p2a: Primarina|40/100 brn|[from] brn
|upkeep
|turn|18
|
|t:|1781326186
|switch|p2a: Landorus|Landorus-Therian, M|100/100
|-ability|p2a: Landorus|Intimidate|boost
|-unboost|p1a: Tinkaton|atk|1
|move|p1a: Tinkaton|Gigaton Hammer|p2a: Landorus
|-damage|p2a: Landorus|64/100
|
|-heal|p1a: Tinkaton|41/100|[from] item: Leftovers
|upkeep
|turn|19
|
|t:|1781326194
|switch|p1a: Gliscor|Gliscor, M|100/100 tox
|-damage|p1a: Gliscor|88/100 tox|[from] Stealth Rock
|move|p2a: Landorus|Stone Edge|p1a: Gliscor|[miss]
|-miss|p2a: Landorus|p1a: Gliscor
|
|-heal|p1a: Gliscor|100/100 tox|[from] ability: Poison Heal
|upkeep
|turn|20
|
|t:|1781326201
|switch|p2a: Primarina|Primarina, M|40/100 brn
|switch|p1a: Tinkaton|Tinkaton, F|41/100
|-damage|p1a: Tinkaton|35/100|[from] Stealth Rock
|-ability|p1a: Tinkaton|Mold Breaker
|
|-heal|p1a: Tinkaton|41/100|[from] item: Leftovers
|-damage|p2a: Primarina|34/100 brn|[from] brn
|upkeep
|turn|21
|
|t:|1781326205
|switch|p2a: Great Tusk|Great Tusk|71/100
|move|p1a: Tinkaton|Stealth Rock|p2a: Great Tusk
|-sidestart|p2: ORAS_appreciater|move: Stealth Rock
|
|-heal|p1a: Tinkaton|47/100|[from] item: Leftovers
|upkeep
|turn|22
|
|t:|1781326218
|switch|p1a: Moltres|Moltres|86/100
|-end|p2a: Great Tusk|Protosynthesis|[silent]
|switch|p2a: Hydreigon|Hydreigon, F|88/100
|-damage|p2a: Hydreigon|76/100|[from] Stealth Rock
|
|upkeep
|turn|23
|
|t:|1781326227
|switch|p1a: Tinkaton|Tinkaton, F|47/100
|-damage|p1a: Tinkaton|41/100|[from] Stealth Rock
|-ability|p1a: Tinkaton|Mold Breaker
|move|p2a: Hydreigon|Earth Power|p1a: Tinkaton
|-supereffective|p1a: Tinkaton
|-damage|p1a: Tinkaton|0 fnt
|faint|p1a: Tinkaton
|
|upkeep
|
|t:|1781326231
|switch|p1a: Gliscor|Gliscor, M|100/100 tox
|-damage|p1a: Gliscor|88/100 tox|[from] Stealth Rock
|turn|24
|
|t:|1781326236
|switch|p2a: Primarina|Primarina, M|34/100 brn
|-damage|p2a: Primarina|22/100 brn|[from] Stealth Rock
|move|p1a: Gliscor|Facade|p2a: Primarina
|-damage|p2a: Primarina|0 fnt
|faint|p2a: Primarina
|
|-heal|p1a: Gliscor|100/100 tox|[from] ability: Poison Heal
|upkeep
|
|t:|1781326240
|switch|p2a: Gholdengo|Gholdengo|73/100
|-damage|p2a: Gholdengo|67/100|[from] Stealth Rock
|turn|25
|
|t:|1781326244
|move|p1a: Gliscor|Protect|p1a: Gliscor
|-singleturn|p1a: Gliscor|Protect
|move|p2a: Gholdengo|Nasty Plot|p2a: Gholdengo
|-boost|p2a: Gholdengo|spa|2
|
|upkeep
|turn|26
|
|t:|1781326249
|switch|p1a: Darkrai|Darkrai|100/100
|move|p2a: Gholdengo|Shadow Ball|p1a: Darkrai
|-resisted|p1a: Darkrai
|-damage|p1a: Darkrai|58/100
|
|upkeep
|turn|27
|
|t:|1781326266
|-terastallize|p2a: Gholdengo|Fairy
|move|p1a: Darkrai|Dark Pulse|p2a: Gholdengo
|-resisted|p2a: Gholdengo
|-damage|p2a: Gholdengo|45/100
|move|p2a: Gholdengo|Dazzling Gleam|p1a: Darkrai
|-supereffective|p1a: Darkrai
|-damage|p1a: Darkrai|0 fnt
|faint|p1a: Darkrai
|
|upkeep
|
|t:|1781326269
|switch|p1a: Great Tusk|Great Tusk|61/100
|turn|28
|
|t:|1781326280
|switch|p2a: Hydreigon|Hydreigon, F|76/100
|-damage|p2a: Hydreigon|64/100|[from] Stealth Rock
|move|p1a: Great Tusk|Headlong Rush|p2a: Hydreigon
|-immune|p2a: Hydreigon|[from] ability: Levitate
|
|upkeep
|turn|29
|
|t:|1781326291
|move|p2a: Hydreigon|Draco Meteor|p1a: Great Tusk
|-damage|p1a: Great Tusk|0 fnt
|-unboost|p2a: Hydreigon|spa|2
|faint|p1a: Great Tusk
|-end|p1a: Great Tusk|Protosynthesis|[silent]
|
|upkeep
|
|t:|1781326298
|switch|p1a: Gliscor|Gliscor, M|100/100 tox
|-damage|p1a: Gliscor|88/100 tox|[from] Stealth Rock
|turn|30
|
|t:|1781326308
|switch|p2a: Great Tusk|Great Tusk|71/100
|move|p1a: Gliscor|Facade|p2a: Great Tusk
|-damage|p2a: Great Tusk|52/100
|
|-heal|p1a: Gliscor|100/100 tox|[from] ability: Poison Heal
|upkeep
|turn|31
|
|t:|1781326315
|-end|p2a: Great Tusk|Protosynthesis|[silent]
|switch|p2a: Hydreigon|Hydreigon, F|64/100
|-damage|p2a: Hydreigon|51/100|[from] Stealth Rock
|switch|p1a: Moltres|Moltres|86/100
|
|upkeep
|turn|32
|
|t:|1781326337
|move|p2a: Hydreigon|Flash Cannon|p1a: Moltres
|-resisted|p1a: Moltres
|-damage|p1a: Moltres|72/100
|-unboost|p1a: Moltres|spd|1
|move|p1a: Moltres|Roost|p1a: Moltres
|-heal|p1a: Moltres|100/100
|-singleturn|p1a: Moltres|move: Roost
|
|upkeep
|turn|33
|
|t:|1781326347
|switch|p2a: Landorus|Landorus-Therian, M|64/100
|-damage|p2a: Landorus|51/100|[from] Stealth Rock
|-ability|p2a: Landorus|Intimidate|boost
|-unboost|p1a: Moltres|atk|1
|move|p1a: Moltres|Flamethrower|p2a: Landorus
|-damage|p2a: Landorus|7/100
|
|upkeep
|turn|34
|
|t:|1781326355
|switch|p1a: Gliscor|Gliscor, M|100/100 tox
|-damage|p1a: Gliscor|88/100 tox|[from] Stealth Rock
|move|p2a: Landorus|Stone Edge|p1a: Gliscor
|-damage|p1a: Gliscor|57/100 tox
|
|-heal|p1a: Gliscor|69/100 tox|[from] ability: Poison Heal
|upkeep
|turn|35
|
|t:|1781326363
|move|p2a: Landorus|Stone Edge|p1a: Gliscor
|-damage|p1a: Gliscor|40/100 tox
|move|p1a: Gliscor|Swords Dance|p1a: Gliscor
|-boost|p1a: Gliscor|atk|2
|
|-heal|p1a: Gliscor|52/100 tox|[from] ability: Poison Heal
|upkeep
|turn|36
|
|t:|1781326366
|move|p1a: Gliscor|Protect|p1a: Gliscor
|-singleturn|p1a: Gliscor|Protect
|move|p2a: Landorus|Stone Edge|p1a: Gliscor
|-activate|p1a: Gliscor|move: Protect
|
|-heal|p1a: Gliscor|65/100 tox|[from] ability: Poison Heal
|upkeep
|turn|37
|
|t:|1781326369
|move|p2a: Landorus|Stone Edge|p1a: Gliscor
|-damage|p1a: Gliscor|35/100 tox
|move|p1a: Gliscor|Facade|p2a: Landorus
|-damage|p2a: Landorus|0 fnt
|faint|p2a: Landorus
|
|-heal|p1a: Gliscor|47/100 tox|[from] ability: Poison Heal
|upkeep
|
|t:|1781326379
|switch|p2a: Hydreigon|Hydreigon, F|51/100
|-damage|p2a: Hydreigon|39/100|[from] Stealth Rock
|turn|38
|
|t:|1781326387
|move|p1a: Gliscor|Protect|p1a: Gliscor
|-singleturn|p1a: Gliscor|Protect
|move|p2a: Hydreigon|Dark Pulse|p1a: Gliscor
|-activate|p1a: Gliscor|move: Protect
|
|-heal|p1a: Gliscor|60/100 tox|[from] ability: Poison Heal
|upkeep
|turn|39
|
|t:|1781326391
|move|p2a: Hydreigon|Dark Pulse|p1a: Gliscor
|-damage|p1a: Gliscor|8/100 tox
|move|p1a: Gliscor|Facade|p2a: Hydreigon
|-damage|p2a: Hydreigon|0 fnt
|faint|p2a: Hydreigon
|
|-heal|p1a: Gliscor|21/100 tox|[from] ability: Poison Heal
|upkeep
|
|t:|1781326398
|switch|p2a: Zamazenta|Zamazenta|100/100
|-damage|p2a: Zamazenta|94/100|[from] Stealth Rock
|-ability|p2a: Zamazenta|Dauntless Shield|boost
|-boost|p2a: Zamazenta|def|1
|turn|40
|
|t:|1781326403
|move|p2a: Zamazenta|Iron Defense|p2a: Zamazenta
|-boost|p2a: Zamazenta|def|2
|move|p1a: Gliscor|Knock Off|p2a: Zamazenta
|-resisted|p2a: Zamazenta
|-damage|p2a: Zamazenta|88/100
|-enditem|p2a: Zamazenta|Chesto Berry|[from] move: Knock Off|[of] p1a: Gliscor
|
|-heal|p1a: Gliscor|33/100 tox|[from] ability: Poison Heal
|upkeep
|turn|41
|
|t:|1781326408
|switch|p1a: Moltres|Moltres|100/100
|move|p2a: Zamazenta|Body Press|p1a: Moltres
|-resisted|p1a: Moltres
|-damage|p1a: Moltres|61/100
|-status|p2a: Zamazenta|brn|[from] ability: Flame Body|[of] p1a: Moltres
|
|-damage|p2a: Zamazenta|81/100 brn|[from] brn
|upkeep
|turn|42
|
|t:|1781326413
|move|p2a: Zamazenta|Iron Defense|p2a: Zamazenta
|-boost|p2a: Zamazenta|def|2
|move|p1a: Moltres|Roost|p1a: Moltres
|-heal|p1a: Moltres|100/100
|-singleturn|p1a: Moltres|move: Roost
|
|-damage|p2a: Zamazenta|75/100 brn|[from] brn
|upkeep
|turn|43
|
|t:|1781326415
|move|p2a: Zamazenta|Iron Defense|p2a: Zamazenta
|-boost|p2a: Zamazenta|def|1
|move|p1a: Moltres|Roar|p2a: Zamazenta
|drag|p2a: Great Tusk|Great Tusk|52/100
|
|upkeep
|turn|44
|-message|ORAS_appreciater forfeited.
|
|win|Bigkyuza18
|raw|Bigkyuza18's rating: 1652 &rarr; <strong>1670</strong><br />(+18 for winning)
|raw|ORAS_appreciater's rating: 1624 &rarr; <strong>1606</strong><br />(-18 for losing)
|l|☆ORAS_appreciater
|player|p2|
|l|☆Bigkyuza18
|player|p1|
