|j|☆erjuanzas
|j|☆Praise The Salt
|t:|1781188322
|gametype|singles
|player|p1|erjuanzas|linebacker|1573
|player|p2|Praise The Salt|2|1615
|gen|9
|tier|[Gen 9] OU
|rated|
|rule|HP Percentage Mod: HP is shown in percentages
|rule|Endless Battle Clause: Forcing endless battles is banned
|rule|Species Clause: Limit one of each Pokémon
|rule|OHKO Clause: OHKO moves are banned
|rule|Evasion Items Clause: Evasion items are banned
|rule|Evasion Moves Clause: Evasion moves are banned
|rule|Evasion Abilities Clause: Evasion abilities are banned
|rule|Sleep Moves Clause: Sleep-inducing moves are banned
|clearpoke
|poke|p1|Pelipper, F|
|poke|p1|Overqwil, F|
|poke|p1|Barraskewda, M|
|poke|p1|Raging Bolt|
|poke|p1|Iron Treads|
|poke|p1|Kingambit, F|
|poke|p2|Cinderace, F|
|poke|p2|Fezandipiti, M|
|poke|p2|Great Tusk|
|poke|p2|Mandibuzz, F|
|poke|p2|Torkoal, M|
|poke|p2|Volcanion|
|teampreview
|inactive|Battle timer is ON: inactive players will automatically lose when time's up. (requested by erjuanzas)
|inactive|Praise The Salt has 120 seconds left.
|
|t:|1781188374
|teamsize|p1|6
|teamsize|p2|6
|start
|switch|p1a: Iron Treads|Iron Treads|100/100
|switch|p2a: Volcanion|Volcanion|100/100
|-enditem|p1a: Iron Treads|Booster Energy
|-activate|p1a: Iron Treads|ability: Quark Drive|[fromitem]
|-start|p1a: Iron Treads|quarkdrivespe
|turn|1
|
|t:|1781188385
|move|p1a: Iron Treads|Earth Power|p2a: Volcanion
|-supereffective|p2a: Volcanion
|-damage|p2a: Volcanion|16/100
|move|p2a: Volcanion|Steam Eruption|p1a: Iron Treads
|-supereffective|p1a: Iron Treads
|-damage|p1a: Iron Treads|0 fnt
|faint|p1a: Iron Treads
|-end|p1a: Iron Treads|Quark Drive|[silent]
|
|upkeep
|
|t:|1781188396
|switch|p1a: La Cabra|Barraskewda, M|100/100
|turn|2
|
|t:|1781188400
|switch|p2a: Fezandipiti|Fezandipiti, M|100/100
|move|p1a: La Cabra|Close Combat|p2a: Fezandipiti
|-resisted|p2a: Fezandipiti
|-damage|p2a: Fezandipiti|83/100
|-unboost|p1a: La Cabra|def|1
|-unboost|p1a: La Cabra|spd|1
|
|-heal|p2a: Fezandipiti|89/100|[from] item: Leftovers
|upkeep
|turn|3
|
|t:|1781188407
|switch|p1a: Pelipas|Pelipper, F, shiny|100/100
|-weather|RainDance|[from] ability: Drizzle|[of] p1a: Pelipas
|move|p2a: Fezandipiti|Nasty Plot|p2a: Fezandipiti
|-boost|p2a: Fezandipiti|spa|2
|
|-weather|RainDance|[upkeep]
|-heal|p2a: Fezandipiti|95/100|[from] item: Leftovers
|upkeep
|turn|4
|
|t:|1781188436
|switch|p1a: Kingambit|Kingambit, F|100/100
|-activate|p1a: Kingambit|ability: Supreme Overlord
|-start|p1a: Kingambit|fallen1|[silent]
|move|p2a: Fezandipiti|Moonblast|p1a: Kingambit
|-damage|p1a: Kingambit|24/100
|
|-weather|RainDance|[upkeep]
|-heal|p2a: Fezandipiti|100/100|[from] item: Leftovers
|-heal|p1a: Kingambit|30/100|[from] item: Leftovers
|upkeep
|turn|5
|
|t:|1781188454
|move|p1a: Kingambit|Sucker Punch|p2a: Fezandipiti
|-resisted|p2a: Fezandipiti
|-damage|p2a: Fezandipiti|78/100
|move|p2a: Fezandipiti|Moonblast|p1a: Kingambit
|-damage|p1a: Kingambit|0 fnt
|faint|p1a: Kingambit
|-end|p1a: Kingambit|fallen1|[silent]
|
|-weather|RainDance|[upkeep]
|-heal|p2a: Fezandipiti|84/100|[from] item: Leftovers
|upkeep
|
|t:|1781188458
|switch|p1a: La Cabra|Barraskewda, M|100/100
|turn|6
|
|t:|1781188481
|switch|p2a: Volcanion|Volcanion|16/100
|-terastallize|p1a: La Cabra|Water
|move|p1a: La Cabra|Liquidation|p2a: Volcanion
|-heal|p2a: Volcanion|41/100|[from] ability: Water Absorb|[of] p1a: La Cabra
|
|-weather|RainDance|[upkeep]
|upkeep
|turn|7
|-message|erjuanzas forfeited.
|
|win|Praise The Salt
|raw|erjuanzas's rating: 1573 &rarr; <strong>1555</strong><br />(-18 for losing)
|raw|Praise The Salt's rating: 1615 &rarr; <strong>1633</strong><br />(+18 for winning)
|l|☆erjuanzas
|player|p1|
|l|☆Praise The Salt
|player|p2|
