|j|☆looniertunes
|j|☆amiruae
|t:|1781462012
|gametype|singles
|player|p1|looniertunes|cynthia|1554
|player|p2|amiruae|palmer|1531
|gen|9
|tier|[Gen 9] OU
|rated|
|rule|HP Percentage Mod: HP is shown in percentages
|rule|Endless Battle Clause: Forcing endless battles is banned
|rule|Species Clause: Limit one of each Pokémon
|rule|OHKO Clause: OHKO moves are banned
|rule|Evasion Items Clause: Evasion items are banned
|rule|Evasion Moves Clause: Evasion moves are banned
|rule|Evasion Abilities Clause: Evasion abilities are banned
|rule|Sleep Moves Clause: Sleep-inducing moves are banned
|clearpoke
|poke|p1|Tyranitar, F|
|poke|p1|Sinistcha|
|poke|p1|Conkeldurr, F|
|poke|p1|Excadrill, F|
|poke|p1|Corviknight, M|
|poke|p1|Primarina, M|
|poke|p2|Samurott-Hisui, M|
|poke|p2|Zamazenta-*|
|poke|p2|Greninja-*, M|
|poke|p2|Salamence, M|
|poke|p2|Porygon-Z|
|poke|p2|Volcanion|
|teampreview
|inactive|Battle timer is ON: inactive players will automatically lose when time's up. (requested by amiruae)
|j| YunForza
|j| fvcbvnmjmjnnnnnnnn
|inactive|looniertunes has 120 seconds left.
|j| TheSacredJackal⨕
|
|t:|1781462064
|teamsize|p1|6
|teamsize|p2|6
|start
|switch|p1a: Primarina|Primarina, M|100/100
|switch|p2a: Samurott|Samurott-Hisui, M|100/100
|turn|1
|
|t:|1781462073
|switch|p2a: Volcanion|Volcanion|100/100
|move|p1a: Primarina|Moonblast|p2a: Volcanion
|-resisted|p2a: Volcanion
|-damage|p2a: Volcanion|81/100
|
|upkeep
|turn|2
|
|t:|1781462089
|switch|p1a: Sinistcha|Sinistcha|100/100
|move|p2a: Volcanion|Sludge Bomb|p1a: Sinistcha
|-damage|p1a: Sinistcha|59/100
|
|upkeep
|turn|3
|
|t:|1781462099
|move|p2a: Volcanion|Flamethrower|p1a: Sinistcha
|-supereffective|p1a: Sinistcha
|-damage|p1a: Sinistcha|0 fnt
|faint|p1a: Sinistcha
|
|upkeep
|
|t:|1781462101
|switch|p1a: Tyranitar|Tyranitar, F|100/100
|-weather|Sandstorm|[from] ability: Sand Stream|[of] p1a: Tyranitar
|turn|4
|
|t:|1781462111
|switch|p2a: Samurott|Samurott-Hisui, M|100/100
|move|p1a: Tyranitar|Thunder Wave|p2a: Samurott
|-status|p2a: Samurott|par
|
|-weather|Sandstorm|[upkeep]
|-damage|p2a: Samurott|94/100 par|[from] Sandstorm
|upkeep
|turn|5
|
|t:|1781462117
|switch|p1a: Primarina|Primarina, M|100/100
|cant|p2a: Samurott|par
|
|-weather|Sandstorm|[upkeep]
|-damage|p1a: Primarina|94/100|[from] Sandstorm
|-damage|p2a: Samurott|88/100 par|[from] Sandstorm
|upkeep
|turn|6
|
|t:|1781462121
|switch|p2a: Volcanion|Volcanion|81/100
|move|p1a: Primarina|Psychic Noise|p2a: Volcanion
|-damage|p2a: Volcanion|60/100
|-start|p2a: Volcanion|move: Heal Block
|
|-weather|Sandstorm|[upkeep]
|-damage|p1a: Primarina|88/100|[from] Sandstorm
|-damage|p2a: Volcanion|54/100|[from] Sandstorm
|upkeep
|turn|7
|
|t:|1781462127
|move|p1a: Primarina|Psychic Noise|p2a: Volcanion
|-damage|p2a: Volcanion|34/100
|move|p2a: Volcanion|Flamethrower|p1a: Primarina
|-resisted|p1a: Primarina
|-damage|p1a: Primarina|73/100
|
|-weather|Sandstorm|[upkeep]
|-damage|p1a: Primarina|67/100|[from] Sandstorm
|-damage|p2a: Volcanion|28/100|[from] Sandstorm
|-end|p2a: Volcanion|move: Heal Block
|upkeep
|turn|8
|
|t:|1781462144
|move|p1a: Primarina|Moonblast|p2a: Volcanion
|-resisted|p2a: Volcanion
|-damage|p2a: Volcanion|11/100
|-unboost|p2a: Volcanion|spa|1
|move|p2a: Volcanion|Sludge Bomb|p1a: Primarina
|-supereffective|p1a: Primarina
|-damage|p1a: Primarina|39/100
|
|-weather|Sandstorm|[upkeep]
|-damage|p1a: Primarina|33/100|[from] Sandstorm
|-damage|p2a: Volcanion|5/100|[from] Sandstorm
|upkeep
|turn|9
|
|t:|1781462157
|move|p1a: Primarina|Psychic Noise|p2a: Volcanion
|-damage|p2a: Volcanion|0 fnt
|faint|p2a: Volcanion
|
|-weather|Sandstorm|[upkeep]
|-damage|p1a: Primarina|26/100|[from] Sandstorm
|upkeep
|
|t:|1781462165
|switch|p2a: Porygon-Z|Porygon-Z|100/100
|turn|10
|
|t:|1781462171
|move|p2a: Porygon-Z|Tri Attack|p1a: Primarina
|-damage|p1a: Primarina|0 fnt
|faint|p1a: Primarina
|
|-weather|Sandstorm|[upkeep]
|-damage|p2a: Porygon-Z|95/100|[from] Sandstorm
|upkeep
|
|t:|1781462175
|switch|p1a: Conkeldurr|Conkeldurr, F|100/100
|turn|11
|
|t:|1781462181
|switch|p2a: Salamence|Salamence, M|100/100
|-ability|p2a: Salamence|Intimidate|boost
|-unboost|p1a: Conkeldurr|atk|1
|move|p1a: Conkeldurr|Facade|p2a: Salamence
|-damage|p2a: Salamence|77/100
|
|-weather|none
|-status|p1a: Conkeldurr|brn|[from] item: Flame Orb
|upkeep
|turn|12
|
|t:|1781462189
|switch|p1a: Corviknight|Corviknight, M|100/100
|-ability|p1a: Corviknight|Pressure
|move|p2a: Salamence|Hurricane|p1a: Corviknight
|-resisted|p1a: Corviknight
|-damage|p1a: Corviknight|78/100
|
|upkeep
|turn|13
|inactive|looniertunes has 120 seconds left.
|l| fvcbvnmjmjnnnnnnnn
|
|t:|1781462234
|move|p2a: Salamence|Dragon Dance|p2a: Salamence
|-boost|p2a: Salamence|atk|1
|-boost|p2a: Salamence|spe|1
|move|p1a: Corviknight|U-turn|p2a: Salamence
|-resisted|p2a: Salamence
|-damage|p2a: Salamence|68/100
|
|t:|1781462237
|switch|p1a: Tyranitar|Tyranitar, F|100/100|[from] U-turn
|-weather|Sandstorm|[from] ability: Sand Stream|[of] p1a: Tyranitar
|
|-weather|Sandstorm|[upkeep]
|-damage|p2a: Salamence|62/100|[from] Sandstorm
|upkeep
|turn|14
|
|t:|1781462247
|move|p2a: Salamence|Outrage|p1a: Tyranitar
|-damage|p1a: Tyranitar|13/100
|move|p1a: Tyranitar|Ice Beam|p2a: Salamence
|-supereffective|p2a: Salamence
|-damage|p2a: Salamence|0 fnt
|faint|p2a: Salamence
|
|-weather|Sandstorm|[upkeep]
|upkeep
|
|t:|1781462264
|switch|p2a: Samurott|Samurott-Hisui, M|88/100 par
|turn|15
|
|t:|1781462271
|move|p1a: Tyranitar|Knock Off|p2a: Samurott
|-resisted|p2a: Samurott
|-damage|p2a: Samurott|65/100 par
|-enditem|p2a: Samurott|Assault Vest|[from] move: Knock Off|[of] p1a: Tyranitar
|move|p2a: Samurott|Aqua Cutter|p1a: Tyranitar
|-supereffective|p1a: Tyranitar
|-damage|p1a: Tyranitar|0 fnt
|faint|p1a: Tyranitar
|
|-weather|Sandstorm|[upkeep]
|-damage|p2a: Samurott|59/100 par|[from] Sandstorm
|upkeep
|
|t:|1781462273
|switch|p1a: Conkeldurr|Conkeldurr, F|100/100 brn
|turn|16
|
|t:|1781462280
|switch|p2a: Zamazenta|Zamazenta|100/100
|-ability|p2a: Zamazenta|Dauntless Shield|boost
|-boost|p2a: Zamazenta|def|1
|move|p1a: Conkeldurr|Drain Punch|p2a: Zamazenta
|-damage|p2a: Zamazenta|68/100
|
|-weather|Sandstorm|[upkeep]
|-damage|p2a: Zamazenta|62/100|[from] Sandstorm
|-damage|p1a: Conkeldurr|94/100 brn|[from] Sandstorm
|-heal|p2a: Zamazenta|68/100|[from] item: Leftovers
|-damage|p1a: Conkeldurr|88/100 brn|[from] brn
|upkeep
|turn|17
|
|t:|1781462299
|move|p2a: Zamazenta|Iron Defense|p2a: Zamazenta
|-boost|p2a: Zamazenta|def|2
|move|p1a: Conkeldurr|Facade|p2a: Zamazenta
|-damage|p2a: Zamazenta|42/100
|
|-weather|Sandstorm|[upkeep]
|-damage|p2a: Zamazenta|36/100|[from] Sandstorm
|-damage|p1a: Conkeldurr|82/100 brn|[from] Sandstorm
|-heal|p2a: Zamazenta|42/100|[from] item: Leftovers
|-damage|p1a: Conkeldurr|76/100 brn|[from] brn
|upkeep
|turn|18
|
|t:|1781462307
|move|p2a: Zamazenta|Body Press|p1a: Conkeldurr
|-damage|p1a: Conkeldurr|0 fnt
|faint|p1a: Conkeldurr
|
|-weather|Sandstorm|[upkeep]
|-damage|p2a: Zamazenta|36/100|[from] Sandstorm
|-heal|p2a: Zamazenta|42/100|[from] item: Leftovers
|upkeep
|
|t:|1781462311
|switch|p1a: Corviknight|Corviknight, M|78/100
|-ability|p1a: Corviknight|Pressure
|turn|19
|
|t:|1781462317
|move|p2a: Zamazenta|Iron Defense|p2a: Zamazenta
|-boost|p2a: Zamazenta|def|2
|move|p1a: Corviknight|Brave Bird|p2a: Zamazenta
|-supereffective|p2a: Zamazenta
|-damage|p2a: Zamazenta|25/100
|-damage|p1a: Corviknight|74/100|[from] Recoil
|
|-weather|Sandstorm|[upkeep]
|-damage|p2a: Zamazenta|19/100|[from] Sandstorm
|-heal|p2a: Zamazenta|25/100|[from] item: Leftovers
|upkeep
|turn|20
|
|t:|1781462322
|move|p2a: Zamazenta|Body Press|p1a: Corviknight
|-damage|p1a: Corviknight|0 fnt
|-damage|p2a: Zamazenta|8/100|[from] item: Rocky Helmet|[of] p1a: Corviknight
|faint|p1a: Corviknight
|
|-weather|none
|-heal|p2a: Zamazenta|15/100|[from] item: Leftovers
|upkeep
|
|t:|1781462325
|switch|p1a: Excadrill|Excadrill, F|100/100
|turn|21
|
|t:|1781462329
|-terastallize|p1a: Excadrill|Ghost
|move|p2a: Zamazenta|Body Press|p1a: Excadrill
|-immune|p1a: Excadrill
|move|p1a: Excadrill|Rapid Spin|p2a: Zamazenta
|-damage|p2a: Zamazenta|9/100
|-boost|p1a: Excadrill|spe|1
|-damage|p1a: Excadrill|91/100|[from] item: Life Orb
|
|-heal|p2a: Zamazenta|15/100|[from] item: Leftovers
|upkeep
|turn|22
|
|t:|1781462337
|move|p2a: Zamazenta|Crunch|p1a: Excadrill
|-supereffective|p1a: Excadrill
|-damage|p1a: Excadrill|34/100
|-unboost|p1a: Excadrill|def|1
|move|p1a: Excadrill|Earthquake|p2a: Zamazenta
|-damage|p2a: Zamazenta|0 fnt
|faint|p2a: Zamazenta
|-damage|p1a: Excadrill|24/100|[from] item: Life Orb
|
|upkeep
|
|t:|1781462348
|switch|p2a: Samurott|Samurott-Hisui, M|59/100 par
|turn|23
|
|t:|1781462352
|cant|p2a: Samurott|par
|move|p1a: Excadrill|Earthquake|p2a: Samurott
|-damage|p2a: Samurott|0 fnt
|faint|p2a: Samurott
|-damage|p1a: Excadrill|14/100|[from] item: Life Orb
|
|upkeep
|
|t:|1781462358
|switch|p2a: Greninja|Greninja, M|100/100
|turn|24
|
|t:|1781462369
|move|p1a: Excadrill|Earthquake|p2a: Greninja
|-damage|p2a: Greninja|0 fnt
|faint|p2a: Greninja
|-damage|p1a: Excadrill|4/100|[from] item: Life Orb
|
|upkeep
|
|t:|1781462372
|switch|p2a: Porygon-Z|Porygon-Z|95/100
|turn|25
|
|t:|1781462376
|move|p2a: Porygon-Z|Tri Attack|p1a: Excadrill
|-immune|p1a: Excadrill
|move|p1a: Excadrill|Earthquake|p2a: Porygon-Z
|-damage|p2a: Porygon-Z|0 fnt
|faint|p2a: Porygon-Z
|-damage|p1a: Excadrill|0 fnt|[from] item: Life Orb
|faint|p1a: Excadrill
|
|win|looniertunes
|raw|looniertunes's rating: 1554 &rarr; <strong>1573</strong><br />(+19 for winning)
|raw|amiruae's rating: 1531 &rarr; <strong>1512</strong><br />(-19 for losing)
|c|☆looniertunes|why
|c|☆looniertunes|gg
|l|☆amiruae
|player|p2|
|l| YunForza
|l| TheSacredJackal⨕
