|j|☆deathprofessor21
|j|☆jus4funsies
|t:|1781323942
|gametype|singles
|player|p1|deathprofessor21|1|1575
|player|p2|jus4funsies|teamrocket|1628
|gen|9
|tier|[Gen 9] OU
|rated|
|rule|HP Percentage Mod: HP is shown in percentages
|rule|Endless Battle Clause: Forcing endless battles is banned
|rule|Species Clause: Limit one of each Pokémon
|rule|OHKO Clause: OHKO moves are banned
|rule|Evasion Items Clause: Evasion items are banned
|rule|Evasion Moves Clause: Evasion moves are banned
|rule|Evasion Abilities Clause: Evasion abilities are banned
|rule|Sleep Moves Clause: Sleep-inducing moves are banned
|clearpoke
|poke|p1|Slowking-Galar, M|
|poke|p1|Hydrapple, F|
|poke|p1|Moltres|
|poke|p1|Raging Bolt|
|poke|p1|Dragapult, F|
|poke|p1|Meowscarada, F|
|poke|p2|Samurott-Hisui, F|
|poke|p2|Gholdengo|
|poke|p2|Great Tusk|
|poke|p2|Dragonite, M|
|poke|p2|Raging Bolt|
|poke|p2|Kingambit, M|
|teampreview
|
|t:|1781323947
|teamsize|p1|6
|teamsize|p2|6
|start
|switch|p1a: Meowscarada|Meowscarada, F|100/100
|switch|p2a: Shamiqua|Samurott-Hisui, F|100/100
|turn|1
|inactive|Battle timer is ON: inactive players will automatically lose when time's up. (requested by deathprofessor21)
|
|t:|1781323954
|move|p1a: Meowscarada|Flower Trick|p2a: Shamiqua
|-start|p1a: Meowscarada|typechange|Grass|[from] ability: Protean
|-supereffective|p2a: Shamiqua
|-crit|p2a: Shamiqua
|-enditem|p2a: Shamiqua|Focus Sash
|-damage|p2a: Shamiqua|1/100
|move|p2a: Shamiqua|Ceaseless Edge|p1a: Meowscarada
|-damage|p1a: Meowscarada|36/100
|-sidestart|p1: deathprofessor21|Spikes
|
|upkeep
|turn|2
|
|t:|1781323959
|move|p2a: Shamiqua|Sucker Punch|p1a: Meowscarada
|-damage|p1a: Meowscarada|0 fnt
|faint|p1a: Meowscarada
|
|upkeep
|
|t:|1781323964
|switch|p1a: Raging Bolt|Raging Bolt|100/100
|-damage|p1a: Raging Bolt|88/100|[from] Spikes
|turn|3
|
|t:|1781323967
|move|p1a: Raging Bolt|Volt Switch|p2a: Shamiqua
|-supereffective|p2a: Shamiqua
|-damage|p2a: Shamiqua|0 fnt
|faint|p2a: Shamiqua
|
|t:|1781323973
|-end|p1a: Raging Bolt|Protosynthesis|[silent]
|switch|p1a: Hydrapple|Hydrapple, F|100/100|[from] Volt Switch
|-damage|p1a: Hydrapple|88/100|[from] Spikes
|
|upkeep
|inactive|jus4funsies has 120 seconds left.
|
|t:|1781324021
|switch|p2a: Cinna-Mon|Gholdengo|100/100
|-item|p2a: Cinna-Mon|Air Balloon
|turn|4
|
|t:|1781324026
|move|p2a: Cinna-Mon|Shadow Ball|p1a: Hydrapple
|-damage|p1a: Hydrapple|46/100
|move|p1a: Hydrapple|Fickle Beam|p2a: Cinna-Mon
|-resisted|p2a: Cinna-Mon
|-damage|p2a: Cinna-Mon|69/100
|-enditem|p2a: Cinna-Mon|Air Balloon
|-damage|p1a: Hydrapple|36/100|[from] item: Life Orb
|
|upkeep
|turn|5
|
|t:|1781324031
|switch|p1a: Moltres|Moltres|100/100
|move|p2a: Cinna-Mon|Make It Rain|p1a: Moltres
|-resisted|p1a: Moltres
|-damage|p1a: Moltres|75/100
|-unboost|p2a: Cinna-Mon|spa|1
|
|upkeep
|turn|6
|
|t:|1781324036
|switch|p2a: Daddy long neck|Raging Bolt|100/100
|-enditem|p2a: Daddy long neck|Booster Energy
|-activate|p2a: Daddy long neck|ability: Protosynthesis|[fromitem]
|-start|p2a: Daddy long neck|protosynthesisspa
|move|p1a: Moltres|U-turn|p2a: Daddy long neck
|-damage|p2a: Daddy long neck|87/100
|
|t:|1781324047
|switch|p1a: Raging Bolt|Raging Bolt|88/100|[from] U-turn
|-damage|p1a: Raging Bolt|76/100|[from] Spikes
|
|upkeep
|turn|7
|
|t:|1781324050
|-terastallize|p2a: Daddy long neck|Fairy
|move|p1a: Raging Bolt|Draco Meteor|p2a: Daddy long neck
|-immune|p2a: Daddy long neck
|move|p2a: Daddy long neck|Dragon Pulse|p1a: Raging Bolt
|-supereffective|p1a: Raging Bolt
|-damage|p1a: Raging Bolt|0 fnt
|faint|p1a: Raging Bolt
|-end|p1a: Raging Bolt|Protosynthesis|[silent]
|
|upkeep
|
|t:|1781324054
|switch|p1a: Slowking|Slowking-Galar, M|100/100
|-damage|p1a: Slowking|88/100|[from] Spikes
|turn|8
|
|t:|1781324059
|-end|p2a: Daddy long neck|Protosynthesis|[silent]
|switch|p2a: Cinna-Mon|Gholdengo|69/100
|move|p1a: Slowking|Sludge Bomb|p2a: Cinna-Mon
|-immune|p2a: Cinna-Mon
|
|upkeep
|turn|9
|
|t:|1781324064
|move|p2a: Cinna-Mon|Shadow Ball|p1a: Slowking
|-supereffective|p1a: Slowking
|-damage|p1a: Slowking|47/100
|move|p1a: Slowking|Flamethrower|p2a: Cinna-Mon
|-supereffective|p2a: Cinna-Mon
|-damage|p2a: Cinna-Mon|0 fnt
|faint|p2a: Cinna-Mon
|
|upkeep
|
|t:|1781324071
|switch|p2a: WE WUZ|Kingambit, M, shiny|100/100
|-activate|p2a: WE WUZ|ability: Supreme Overlord
|-start|p2a: WE WUZ|fallen2|[silent]
|turn|10
|
|t:|1781324075
|switch|p1a: Moltres|Moltres|75/100
|move|p2a: WE WUZ|Kowtow Cleave|p1a: Moltres
|-damage|p1a: Moltres|12/100
|
|upkeep
|turn|11
|
|t:|1781324096
|move|p1a: Moltres|Roost|p1a: Moltres
|-heal|p1a: Moltres|62/100
|-singleturn|p1a: Moltres|move: Roost
|move|p2a: WE WUZ|Kowtow Cleave|p1a: Moltres
|-damage|p1a: Moltres|0 fnt
|faint|p1a: Moltres
|
|upkeep
|c|☆jus4funsies|my bolt is fairy
|c|☆jus4funsies|so thats why i didnt switch
|
|t:|1781324117
|switch|p1a: Hydrapple|Hydrapple, F|69/100
|-damage|p1a: Hydrapple|57/100|[from] Spikes
|turn|12
|
|t:|1781324122
|move|p2a: WE WUZ|Swords Dance|p2a: WE WUZ
|-boost|p2a: WE WUZ|atk|2
|move|p1a: Hydrapple|Earth Power|p2a: WE WUZ
|-supereffective|p2a: WE WUZ
|-crit|p2a: WE WUZ
|-damage|p2a: WE WUZ|0 fnt
|faint|p2a: WE WUZ
|-end|p2a: WE WUZ|fallen2|[silent]
|-damage|p1a: Hydrapple|47/100|[from] item: Life Orb
|
|upkeep
|c|☆jus4funsies|:/
|
|t:|1781324131
|switch|p2a: Daddy long neck|Raging Bolt, tera:Fairy|87/100
|turn|13
|c|☆deathprofessor21|Yes I understand
|c|☆jus4funsies|That crit ruined me
|
|t:|1781324158
|switch|p1a: Slowking|Slowking-Galar, M|80/100
|-damage|p1a: Slowking|68/100|[from] Spikes
|move|p2a: Daddy long neck|Dragon Pulse|p1a: Slowking
|-damage|p1a: Slowking|40/100
|
|upkeep
|turn|14
|
|t:|1781324176
|-end|p2a: Daddy long neck|Protosynthesis|[silent]
|switch|p2a: Tyrone|Great Tusk|100/100
|move|p1a: Slowking|Psychic Noise|p2a: Tyrone
|-supereffective|p2a: Tyrone
|-damage|p2a: Tyrone|0 fnt
|faint|p2a: Tyrone
|-end|p2a: Tyrone|Protosynthesis|[silent]
|
|upkeep
|
|t:|1781324180
|switch|p2a: DragoniGG|Dragonite, M|100/100
|turn|15
|
|t:|1781324190
|switch|p1a: Dragapult|Dragapult, F|100/100
|-damage|p1a: Dragapult|88/100|[from] Spikes
|move|p2a: DragoniGG|Dragon Dance|p2a: DragoniGG
|-boost|p2a: DragoniGG|atk|1
|-boost|p2a: DragoniGG|spe|1
|-enditem|p1a: Dragapult|Mirror Herb
|-boost|p1a: Dragapult|atk|1|[from] item: Mirror Herb
|-boost|p1a: Dragapult|spe|1|[from] item: Mirror Herb
|
|upkeep
|turn|16
|c|☆jus4funsies|wtf
|c|☆jus4funsies|thats cheating
|
|t:|1781324208
|switch|p2a: Daddy long neck|Raging Bolt, tera:Fairy|87/100
|move|p1a: Dragapult|Dragon Darts|p2a: Daddy long neck
|-immune|p2a: Daddy long neck
|
|upkeep
|turn|17
|
|t:|1781324212
|move|p1a: Dragapult|Substitute|p1a: Dragapult
|-start|p1a: Dragapult|Substitute
|-damage|p1a: Dragapult|63/100
|move|p2a: Daddy long neck|Dragon Pulse|p1a: Dragapult
|-supereffective|p1a: Dragapult
|-end|p1a: Dragapult|Substitute
|
|upkeep
|turn|18
|
|t:|1781324219
|move|p1a: Dragapult|Phantom Force||[still]
|-prepare|p1a: Dragapult|Phantom Force
|move|p2a: Daddy long neck|Dragon Pulse|p1a: Dragapult|[miss]
|-miss|p2a: Daddy long neck|p1a: Dragapult
|
|upkeep
|turn|19
|
|t:|1781324222
|move|p1a: Dragapult|Phantom Force|p2a: Daddy long neck|[from] lockedmove
|-damage|p2a: Daddy long neck|21/100
|move|p2a: Daddy long neck|Dragon Pulse|p1a: Dragapult
|-supereffective|p1a: Dragapult
|-damage|p1a: Dragapult|0 fnt
|faint|p1a: Dragapult
|
|upkeep
|
|t:|1781324229
|switch|p1a: Slowking|Slowking-Galar, M|73/100
|-damage|p1a: Slowking|60/100|[from] Spikes
|turn|20
|
|t:|1781324233
|-end|p2a: Daddy long neck|Protosynthesis|[silent]
|switch|p2a: DragoniGG|Dragonite, M|100/100
|move|p1a: Slowking|Sludge Bomb|p2a: DragoniGG
|-damage|p2a: DragoniGG|76/100
|
|upkeep
|turn|21
|
|t:|1781324242
|move|p2a: DragoniGG|Dragon Dance|p2a: DragoniGG
|-boost|p2a: DragoniGG|atk|1
|-boost|p2a: DragoniGG|spe|1
|move|p1a: Slowking|Ice Beam|p2a: DragoniGG
|-supereffective|p2a: DragoniGG
|-damage|p2a: DragoniGG|0 fnt
|faint|p2a: DragoniGG
|
|upkeep
|-message|jus4funsies forfeited.
|
|win|deathprofessor21
|raw|deathprofessor21's rating: 1590 &rarr; <strong>1612</strong><br />(+22 for winning)
|raw|jus4funsies's rating: 1628 &rarr; <strong>1606</strong><br />(-22 for losing)
|l|☆jus4funsies
|player|p2|
