|j|☆Davetron3030
|j|☆sxde
|t:|1781415922
|gametype|singles
|player|p1|Davetron3030|dancer|1653
|player|p2|sxde|102|1689
|gen|9
|tier|[Gen 9] OU
|rated|
|rule|HP Percentage Mod: HP is shown in percentages
|rule|Endless Battle Clause: Forcing endless battles is banned
|rule|Species Clause: Limit one of each Pokémon
|rule|OHKO Clause: OHKO moves are banned
|rule|Evasion Items Clause: Evasion items are banned
|rule|Evasion Moves Clause: Evasion moves are banned
|rule|Evasion Abilities Clause: Evasion abilities are banned
|rule|Sleep Moves Clause: Sleep-inducing moves are banned
|clearpoke
|poke|p1|Garchomp, F|
|poke|p1|Gholdengo|
|poke|p1|Iron Crown|
|poke|p1|Iron Valiant|
|poke|p1|Samurott-Hisui, M|
|poke|p1|Zapdos-Galar|
|poke|p2|Walking Wake|
|poke|p2|Gholdengo|
|poke|p2|Ting-Lu|
|poke|p2|Pecharunt|
|poke|p2|Dragonite, M|
|poke|p2|Samurott-Hisui, F|
|teampreview
|inactive|Battle timer is ON: inactive players will automatically lose when time's up. (requested by Davetron3030)
|
|t:|1781415987
|teamsize|p1|6
|teamsize|p2|6
|start
|switch|p1a: Samurott|Samurott-Hisui, M|100/100
|switch|p2a: Dragonite|Dragonite, M|100/100
|turn|1
|
|t:|1781415995
|move|p1a: Samurott|Ceaseless Edge|p2a: Dragonite
|-damage|p2a: Dragonite|82/100
|-sidestart|p2: sxde|Spikes
|move|p2a: Dragonite|Dragon Tail|p1a: Samurott
|-damage|p1a: Samurott|61/100
|drag|p1a: Zapdos|Zapdos-Galar|100/100
|
|upkeep
|turn|2
|
|t:|1781416005
|move|p1a: Zapdos|U-turn|p2a: Dragonite
|-resisted|p2a: Dragonite
|-damage|p2a: Dragonite|72/100
|
|t:|1781416009
|switch|p1a: Garchomp|Garchomp, F|100/100|[from] U-turn
|move|p2a: Dragonite|Roost|p2a: Dragonite
|-heal|p2a: Dragonite|100/100
|-singleturn|p2a: Dragonite|move: Roost
|
|upkeep
|turn|3
|
|t:|1781416025
|switch|p2a: Pecharunt|Pecharunt|100/100
|move|p1a: Garchomp|Stealth Rock|p2a: Pecharunt
|-sidestart|p2: sxde|move: Stealth Rock
|
|upkeep
|turn|4
|
|t:|1781416031
|move|p2a: Pecharunt|Nasty Plot|p2a: Pecharunt
|-boost|p2a: Pecharunt|spa|2
|move|p1a: Garchomp|Earthquake|p2a: Pecharunt
|-supereffective|p2a: Pecharunt
|-damage|p2a: Pecharunt|51/100
|
|upkeep
|turn|5
|
|t:|1781416037
|move|p2a: Pecharunt|Recover|p2a: Pecharunt
|-heal|p2a: Pecharunt|100/100
|move|p1a: Garchomp|Dragon Tail|p2a: Pecharunt
|-damage|p2a: Pecharunt|85/100
|drag|p2a: Gholdengo|Gholdengo|100/100
|-damage|p2a: Gholdengo|88/100|[from] Spikes
|-damage|p2a: Gholdengo|82/100|[from] Stealth Rock
|
|upkeep
|turn|6
|
|t:|1781416047
|switch|p2a: Dragonite|Dragonite, M|100/100
|move|p1a: Garchomp|Earthquake|p2a: Dragonite
|-immune|p2a: Dragonite
|
|upkeep
|turn|7
|
|t:|1781416053
|move|p1a: Garchomp|Dragon Tail|p2a: Dragonite
|-supereffective|p2a: Dragonite
|-damage|p2a: Dragonite|79/100
|drag|p2a: Ting-Lu|Ting-Lu|100/100
|-damage|p2a: Ting-Lu|88/100|[from] Spikes
|-damage|p2a: Ting-Lu|82/100|[from] Stealth Rock
|-ability|p2a: Ting-Lu|Vessel of Ruin
|
|-heal|p2a: Ting-Lu|88/100|[from] item: Leftovers
|upkeep
|turn|8
|
|t:|1781416064
|switch|p1a: Samurott|Samurott-Hisui, M|61/100
|move|p2a: Ting-Lu|Stealth Rock|p1a: Samurott
|-sidestart|p1: Davetron3030|move: Stealth Rock
|
|-heal|p2a: Ting-Lu|94/100|[from] item: Leftovers
|upkeep
|turn|9
|
|t:|1781416072
|move|p1a: Samurott|Taunt|p2a: Ting-Lu
|-start|p2a: Ting-Lu|move: Taunt
|move|p2a: Ting-Lu|Earthquake|p1a: Samurott
|-damage|p1a: Samurott|14/100
|
|-heal|p2a: Ting-Lu|100/100|[from] item: Leftovers
|upkeep
|turn|10
|
|t:|1781416080
|switch|p2a: Dragonite|Dragonite, M|79/100
|move|p1a: Samurott|Ceaseless Edge|p2a: Dragonite
|-damage|p2a: Dragonite|43/100
|-sidestart|p2: sxde|Spikes
|
|upkeep
|turn|11
|
|t:|1781416087
|move|p1a: Samurott|Taunt|p2a: Dragonite
|-start|p2a: Dragonite|move: Taunt
|cant|p2a: Dragonite|move: Taunt|Roost
|
|upkeep
|turn|12
|
|t:|1781416092
|move|p1a: Samurott|Ceaseless Edge|p2a: Dragonite
|-damage|p2a: Dragonite|2/100
|-sidestart|p2: sxde|Spikes
|move|p2a: Dragonite|Earthquake|p1a: Samurott
|-damage|p1a: Samurott|0 fnt
|faint|p1a: Samurott
|
|upkeep
|
|t:|1781416104
|switch|p1a: Iron Valiant|Iron Valiant|100/100
|-damage|p1a: Iron Valiant|94/100|[from] Stealth Rock
|turn|13
|
|t:|1781416108
|move|p2a: Dragonite|Extreme Speed|p1a: Iron Valiant
|-damage|p1a: Iron Valiant|55/100
|move|p1a: Iron Valiant|Moonblast|p2a: Dragonite
|-supereffective|p2a: Dragonite
|-damage|p2a: Dragonite|0 fnt
|faint|p2a: Dragonite
|
|upkeep
|
|t:|1781416116
|switch|p2a: Gholdengo|Gholdengo|82/100
|-damage|p2a: Gholdengo|57/100|[from] Spikes
|-damage|p2a: Gholdengo|51/100|[from] Stealth Rock
|turn|14
|
|t:|1781416121
|-end|p1a: Iron Valiant|Quark Drive|[silent]
|switch|p1a: Zapdos|Zapdos-Galar|100/100
|-damage|p1a: Zapdos|88/100|[from] Stealth Rock
|move|p2a: Gholdengo|Shadow Ball|p1a: Zapdos
|-damage|p1a: Zapdos|43/100
|
|upkeep
|turn|15
|
|t:|1781416129
|move|p1a: Zapdos|Knock Off|p2a: Gholdengo
|-supereffective|p2a: Gholdengo
|-damage|p2a: Gholdengo|0 fnt
|-enditem|p2a: Gholdengo|Choice Scarf|[from] move: Knock Off|[of] p1a: Zapdos
|faint|p2a: Gholdengo
|
|upkeep
|
|t:|1781416139
|switch|p2a: Samurott|Samurott-Hisui, F|100/100
|-damage|p2a: Samurott|76/100|[from] Spikes
|-damage|p2a: Samurott|63/100|[from] Stealth Rock
|turn|16
|
|t:|1781416144
|switch|p1a: Iron Valiant|Iron Valiant|55/100
|-damage|p1a: Iron Valiant|49/100|[from] Stealth Rock
|move|p2a: Samurott|Ceaseless Edge|p1a: Iron Valiant
|-resisted|p1a: Iron Valiant
|-damage|p1a: Iron Valiant|35/100
|-sidestart|p1: Davetron3030|Spikes
|
|upkeep
|turn|17
|
|t:|1781416155
|move|p1a: Iron Valiant|Moonblast|p2a: Samurott
|-supereffective|p2a: Samurott
|-damage|p2a: Samurott|0 fnt
|faint|p2a: Samurott
|
|upkeep
|
|t:|1781416161
|switch|p2a: Ting-Lu|Ting-Lu|100/100
|-damage|p2a: Ting-Lu|76/100|[from] Spikes
|-damage|p2a: Ting-Lu|69/100|[from] Stealth Rock
|-ability|p2a: Ting-Lu|Vessel of Ruin
|turn|18
|
|t:|1781416167
|move|p1a: Iron Valiant|Moonblast|p2a: Ting-Lu
|-supereffective|p2a: Ting-Lu
|-damage|p2a: Ting-Lu|9/100
|-unboost|p2a: Ting-Lu|spa|1
|move|p2a: Ting-Lu|Earthquake|p1a: Iron Valiant
|-damage|p1a: Iron Valiant|0 fnt
|faint|p1a: Iron Valiant
|-end|p1a: Iron Valiant|Quark Drive|[silent]
|
|-heal|p2a: Ting-Lu|16/100|[from] item: Leftovers
|upkeep
|
|t:|1781416182
|switch|p1a: Garchomp|Garchomp, F|100/100
|-damage|p1a: Garchomp|94/100|[from] Stealth Rock
|-damage|p1a: Garchomp|82/100|[from] Spikes
|turn|19
|inactive|sxde has 120 seconds left.
|
|t:|1781416237
|move|p1a: Garchomp|Stealth Rock||[still]
|-fail|p1a: Garchomp
|move|p2a: Ting-Lu|Whirlwind|p1a: Garchomp
|drag|p1a: Iron Crown|Iron Crown|100/100
|-damage|p1a: Iron Crown|94/100|[from] Stealth Rock
|-damage|p1a: Iron Crown|82/100|[from] Spikes
|
|-heal|p2a: Ting-Lu|22/100|[from] item: Leftovers
|upkeep
|turn|20
|
|t:|1781416248
|move|p1a: Iron Crown|Tachyon Cutter|p2a: Ting-Lu
|-damage|p2a: Ting-Lu|11/100
|-damage|p2a: Ting-Lu|0 fnt
|faint|p2a: Ting-Lu
|-hitcount|p2: Ting-Lu|2
|
|upkeep
|
|t:|1781416259
|switch|p2a: Walking Wake|Walking Wake|100/100
|turn|21
|
|t:|1781416264
|-terastallize|p2a: Walking Wake|Water
|move|p2a: Walking Wake|Flip Turn|p1a: Iron Crown
|-damage|p1a: Iron Crown|57/100
|
|t:|1781416269
|-end|p2a: Walking Wake|Protosynthesis|[silent]
|switch|p2a: Pecharunt|Pecharunt|85/100|[from] Flip Turn
|move|p1a: Iron Crown|Psychic Noise|p2a: Pecharunt
|-supereffective|p2a: Pecharunt
|-damage|p2a: Pecharunt|14/100
|-start|p2a: Pecharunt|move: Heal Block
|
|upkeep
|turn|22
|
|t:|1781416278
|move|p1a: Iron Crown|Psychic Noise|p2a: Pecharunt
|-supereffective|p2a: Pecharunt
|-damage|p2a: Pecharunt|0 fnt
|faint|p2a: Pecharunt
|
|upkeep
|
|t:|1781416282
|switch|p2a: Walking Wake|Walking Wake, tera:Water|100/100
|turn|23
|
|t:|1781416291
|-terastallize|p1a: Iron Crown|Water
|move|p2a: Walking Wake|Surf|p1a: Iron Crown
|-resisted|p1a: Iron Crown
|-damage|p1a: Iron Crown|38/100
|move|p1a: Iron Crown|Volt Switch|p2a: Walking Wake
|-supereffective|p2a: Walking Wake
|-damage|p2a: Walking Wake|45/100
|
|t:|1781416301
|-end|p1a: Iron Crown|Quark Drive|[silent]
|switch|p1a: Zapdos|Zapdos-Galar|43/100|[from] Volt Switch
|-damage|p1a: Zapdos|30/100|[from] Stealth Rock
|
|upkeep
|turn|24
|
|t:|1781416306
|move|p1a: Zapdos|Brave Bird|p2a: Walking Wake
|-damage|p2a: Walking Wake|0 fnt
|faint|p2a: Walking Wake
|-end|p2a: Walking Wake|Protosynthesis|[silent]
|-damage|p1a: Zapdos|15/100|[from] Recoil
|
|win|Davetron3030
|raw|Davetron3030's rating: 1653 &rarr; <strong>1675</strong><br />(+22 for winning)
|raw|sxde's rating: 1689 &rarr; <strong>1667</strong><br />(-22 for losing)
|l|☆sxde
|player|p2|
|l|☆Davetron3030
|player|p1|
