|badge|p2|silver|gen9randombattle|30-9
|uhtml|medal-msg|<div class="broadcast-blue">Curious what those medals under the avatar are? PS now has Ladder Seasons! For more information, check out the <a href="https://www.smogon.com/forums/threads/3740067/">thread on Smogon.</a></div>
|j|☆LanceStern
|j|☆Ctannn
|t:|1781426178
|gametype|singles
|player|p1|LanceStern|brock|1667
|player|p2|Ctannn|169|1693
|gen|9
|tier|[Gen 9] OU
|rated|
|rule|HP Percentage Mod: HP is shown in percentages
|rule|Endless Battle Clause: Forcing endless battles is banned
|rule|Species Clause: Limit one of each Pokémon
|rule|OHKO Clause: OHKO moves are banned
|rule|Evasion Items Clause: Evasion items are banned
|rule|Evasion Moves Clause: Evasion moves are banned
|rule|Evasion Abilities Clause: Evasion abilities are banned
|rule|Sleep Moves Clause: Sleep-inducing moves are banned
|clearpoke
|poke|p1|Deoxys-Speed|
|poke|p1|Iron Moth|
|poke|p1|Samurott-Hisui, M|
|poke|p1|Great Tusk|
|poke|p1|Scizor, M|
|poke|p1|Sinistcha-Masterpiece|
|poke|p2|Rillaboom, F|
|poke|p2|Garganacl, F|
|poke|p2|Cinderace, F|
|poke|p2|Raging Bolt|
|poke|p2|Slowking-Galar, M|
|poke|p2|Landorus-Therian, M|
|teampreview
|inactive|Battle timer is ON: inactive players will automatically lose when time's up. (requested by Ctannn)
|j| Utghhhh
|
|t:|1781426193
|teamsize|p1|6
|teamsize|p2|6
|start
|switch|p1a: Scizor|Scizor, M|100/100
|switch|p2a: Landorus|Landorus-Therian, M|100/100
|-ability|p2a: Landorus|Intimidate|boost
|-unboost|p1a: Scizor|atk|1
|turn|1
|
|t:|1781426199
|move|p2a: Landorus|Earthquake|p1a: Scizor
|-damage|p1a: Scizor|56/100
|move|p1a: Scizor|Knock Off|p2a: Landorus
|-damage|p2a: Landorus|75/100
|-damage|p1a: Scizor|39/100|[from] item: Rocky Helmet|[of] p2a: Landorus
|-enditem|p2a: Landorus|Rocky Helmet|[from] move: Knock Off|[of] p1a: Scizor
|
|upkeep
|turn|2
|
|t:|1781426205
|switch|p1a: Great Tusk|Great Tusk|100/100
|move|p2a: Landorus|Earthquake|p1a: Great Tusk
|-damage|p1a: Great Tusk|73/100
|
|upkeep
|turn|3
|
|t:|1781426213
|switch|p2a: Slowking|Slowking-Galar, M|100/100
|move|p1a: Great Tusk|Ice Spinner|p2a: Slowking
|-crit|p2a: Slowking
|-damage|p2a: Slowking|73/100
|-damage|p1a: Great Tusk|57/100|[from] item: Rocky Helmet|[of] p2a: Slowking
|
|upkeep
|turn|4
|
|t:|1781426220
|switch|p2a: Landorus|Landorus-Therian, M|75/100
|-ability|p2a: Landorus|Intimidate|boost
|-unboost|p1a: Great Tusk|atk|1
|move|p1a: Great Tusk|Headlong Rush|p2a: Landorus
|-immune|p2a: Landorus
|
|upkeep
|turn|5
|
|t:|1781426224
|switch|p2a: Slowking|Slowking-Galar, M|100/100
|move|p1a: Great Tusk|Stealth Rock|p2a: Slowking
|-sidestart|p2: Ctannn|move: Stealth Rock
|
|upkeep
|turn|6
|
|t:|1781426227
|move|p1a: Great Tusk|Headlong Rush|p2a: Slowking
|-supereffective|p2a: Slowking
|-damage|p2a: Slowking|45/100
|-unboost|p1a: Great Tusk|def|1
|-unboost|p1a: Great Tusk|spd|1
|-damage|p1a: Great Tusk|40/100|[from] item: Rocky Helmet|[of] p2a: Slowking
|move|p2a: Slowking|Psychic|p1a: Great Tusk
|-supereffective|p1a: Great Tusk
|-damage|p1a: Great Tusk|0 fnt
|faint|p1a: Great Tusk
|-end|p1a: Great Tusk|Protosynthesis|[silent]
|
|upkeep
|
|t:|1781426230
|switch|p1a: Samurott|Samurott-Hisui, M|100/100
|turn|7
|
|t:|1781426234
|switch|p2a: Landorus|Landorus-Therian, M|75/100
|-damage|p2a: Landorus|63/100|[from] Stealth Rock
|-ability|p2a: Landorus|Intimidate|boost
|-unboost|p1a: Samurott|atk|1
|move|p1a: Samurott|Ceaseless Edge|p2a: Landorus
|-damage|p2a: Landorus|41/100
|-sidestart|p2: Ctannn|Spikes
|
|upkeep
|turn|8
|
|t:|1781426238
|move|p1a: Samurott|Aqua Cutter|p2a: Landorus
|-supereffective|p2a: Landorus
|-damage|p2a: Landorus|0 fnt
|faint|p2a: Landorus
|
|upkeep
|
|t:|1781426241
|switch|p2a: Cinderace|Cinderace, F|100/100
|turn|9
|
|t:|1781426242
|move|p2a: Cinderace|High Jump Kick|p1a: Samurott
|-start|p2a: Cinderace|typechange|Fighting|[from] ability: Libero
|-supereffective|p1a: Samurott
|-enditem|p1a: Samurott|Focus Sash
|-damage|p1a: Samurott|1/100
|move|p1a: Samurott|Sacred Sword|p2a: Cinderace
|-damage|p2a: Cinderace|63/100
|
|upkeep
|turn|10
|
|t:|1781426252
|move|p2a: Cinderace|Court Change|p2a: Cinderace
|-swapsideconditions
|-activate|p2a: Cinderace|move: Court Change
|move|p1a: Samurott|Sacred Sword|p2a: Cinderace
|-damage|p2a: Cinderace|23/100
|
|upkeep
|turn|11
|
|t:|1781426256
|move|p2a: Cinderace|U-turn|p1a: Samurott
|-supereffective|p1a: Samurott
|-damage|p1a: Samurott|0 fnt
|faint|p1a: Samurott
|
|t:|1781426263
|switch|p2a: Raging Bolt|Raging Bolt|100/100|[from] U-turn
|
|upkeep
|
|t:|1781426269
|switch|p1a: Iron Moth|Iron Moth|100/100
|-damage|p1a: Iron Moth|75/100|[from] Stealth Rock
|-damage|p1a: Iron Moth|63/100|[from] Spikes
|-enditem|p1a: Iron Moth|Booster Energy
|-activate|p1a: Iron Moth|ability: Quark Drive|[fromitem]
|-start|p1a: Iron Moth|quarkdrivespe
|turn|12
|
|t:|1781426274
|-end|p2a: Raging Bolt|Protosynthesis|[silent]
|switch|p2a: Garganacl|Garganacl, F|100/100
|move|p1a: Iron Moth|Dazzling Gleam|p2a: Garganacl
|-damage|p2a: Garganacl|84/100
|
|-heal|p2a: Garganacl|90/100|[from] item: Leftovers
|upkeep
|turn|13
|
|t:|1781426277
|move|p1a: Iron Moth|Energy Ball|p2a: Garganacl
|-supereffective|p2a: Garganacl
|-damage|p2a: Garganacl|52/100
|move|p2a: Garganacl|Salt Cure|p1a: Iron Moth
|-supereffective|p1a: Iron Moth
|-crit|p1a: Iron Moth
|-damage|p1a: Iron Moth|1/100
|-start|p1a: Iron Moth|Salt Cure
|
|-heal|p2a: Garganacl|59/100|[from] item: Leftovers
|-damage|p1a: Iron Moth|0 fnt|[from] Salt Cure
|faint|p1a: Iron Moth
|-end|p1a: Iron Moth|Quark Drive|[silent]
|upkeep
|
|t:|1781426284
|switch|p1a: Scizor|Scizor, M|39/100
|-damage|p1a: Scizor|27/100|[from] Stealth Rock
|-damage|p1a: Scizor|14/100|[from] Spikes
|turn|14
|
|t:|1781426289
|move|p1a: Scizor|U-turn|p2a: Garganacl
|-damage|p2a: Garganacl|18/100
|
|t:|1781426291
|switch|p1a: Sinistcha|Sinistcha-Masterpiece|100/100|[from] U-turn
|-damage|p1a: Sinistcha|88/100|[from] Stealth Rock
|-damage|p1a: Sinistcha|76/100|[from] Spikes
|move|p2a: Garganacl|Salt Cure|p1a: Sinistcha
|-damage|p1a: Sinistcha|65/100
|
|-heal|p2a: Garganacl|24/100|[from] item: Leftovers
|upkeep
|turn|15
|
|t:|1781426304
|switch|p2a: Slowking|Slowking-Galar, M|78/100
|move|p1a: Sinistcha|Matcha Gotcha|p2a: Slowking
|-resisted|p2a: Slowking
|-damage|p2a: Slowking|65/100
|-heal|p1a: Sinistcha|73/100|[from] drain|[of] p2a: Slowking
|
|upkeep
|turn|16
|
|t:|1781426307
|move|p1a: Sinistcha|Shadow Ball|p2a: Slowking
|-supereffective|p2a: Slowking
|-damage|p2a: Slowking|12/100
|move|p2a: Slowking|Future Sight|p1a: Sinistcha
|-start|p2a: Slowking|move: Future Sight
|
|upkeep
|turn|17
|
|t:|1781426311
|-prepare|p2a: Slowking|Chilly Reception|[premajor]
|move|p2a: Slowking|Chilly Reception|p2a: Slowking
|-weather|Snowscape
|
|t:|1781426318
|switch|p2a: Cinderace|Cinderace, F|23/100|[from] Chilly Reception
|move|p1a: Sinistcha|Trick Room|p1a: Sinistcha
|-fieldstart|move: Trick Room|[of] p1a: Sinistcha
|
|-weather|Snowscape|[upkeep]
|upkeep
|turn|18
|
|t:|1781426327
|switch|p2a: Garganacl|Garganacl, F|24/100
|move|p1a: Sinistcha|Shadow Ball|p2a: Garganacl
|-damage|p2a: Garganacl|12/100
|
|-weather|Snowscape|[upkeep]
|-end|p1a: Sinistcha|move: Future Sight
|-damage|p1a: Sinistcha|23/100
|-heal|p2a: Garganacl|18/100|[from] item: Leftovers
|upkeep
|turn|19
|
|t:|1781426336
|switch|p2a: Slowking|Slowking-Galar, M|45/100
|move|p1a: Sinistcha|Matcha Gotcha|p2a: Slowking
|-resisted|p2a: Slowking
|-damage|p2a: Slowking|32/100
|-heal|p1a: Sinistcha|31/100|[from] drain|[of] p2a: Slowking
|
|-weather|Snowscape|[upkeep]
|upkeep
|turn|20
|j| dazhigg
|
|t:|1781426344
|move|p2a: Slowking|Future Sight|p1a: Sinistcha
|-start|p2a: Slowking|move: Future Sight
|move|p1a: Sinistcha|Matcha Gotcha|p2a: Slowking
|-resisted|p2a: Slowking
|-damage|p2a: Slowking|19/100
|-heal|p1a: Sinistcha|38/100|[from] drain|[of] p2a: Slowking
|
|-weather|Snowscape|[upkeep]
|upkeep
|turn|21
|
|t:|1781426350
|move|p2a: Slowking|Psychic|p1a: Sinistcha
|-damage|p1a: Sinistcha|0 fnt
|faint|p1a: Sinistcha
|
|-weather|none
|-fieldend|move: Trick Room
|upkeep
|
|t:|1781426354
|switch|p1a: Deoxys|Deoxys-Speed|100/100
|-damage|p1a: Deoxys|88/100|[from] Stealth Rock
|-damage|p1a: Deoxys|76/100|[from] Spikes
|-ability|p1a: Deoxys|Pressure
|turn|22
|
|t:|1781426367
|move|p1a: Deoxys|Psychic|p2a: Slowking
|-damage|p2a: Slowking|0 fnt
|faint|p2a: Slowking
|
|-end|p1a: Deoxys|move: Future Sight
|-resisted|p1a: Deoxys
|-damage|p1a: Deoxys|43/100
|upkeep
|
|t:|1781426376
|switch|p2a: Raging Bolt|Raging Bolt|100/100
|turn|23
|
|t:|1781426379
|move|p1a: Deoxys|Ice Beam|p2a: Raging Bolt
|-supereffective|p2a: Raging Bolt
|-damage|p2a: Raging Bolt|41/100
|move|p2a: Raging Bolt|Thunderbolt|p1a: Deoxys
|-damage|p1a: Deoxys|0 fnt
|faint|p1a: Deoxys
|
|upkeep
|
|t:|1781426384
|switch|p1a: Scizor|Scizor, M|14/100
|-damage|p1a: Scizor|2/100|[from] Stealth Rock
|-damage|p1a: Scizor|0 fnt|[from] Spikes
|faint|p1a: Scizor
|
|win|Ctannn
|raw|LanceStern's rating: 1667 &rarr; <strong>1648</strong><br />(-19 for losing)
|raw|Ctannn's rating: 1693 &rarr; <strong>1712</strong><br />(+19 for winning)
|c|☆LanceStern|gg
|l|☆Ctannn
|player|p2|
|l| Utghhhh
|l| dazhigg
