|j|☆Jsparxs
|j|☆gyhe
|t:|1781026607
|gametype|singles
|player|p1|Jsparxs|101|1629
|player|p2|gyhe|170|1655
|gen|9
|tier|[Gen 9] OU
|rated|
|rule|HP Percentage Mod: HP is shown in percentages
|rule|Endless Battle Clause: Forcing endless battles is banned
|rule|Species Clause: Limit one of each Pokémon
|rule|OHKO Clause: OHKO moves are banned
|rule|Evasion Items Clause: Evasion items are banned
|rule|Evasion Moves Clause: Evasion moves are banned
|rule|Evasion Abilities Clause: Evasion abilities are banned
|rule|Sleep Moves Clause: Sleep-inducing moves are banned
|clearpoke
|poke|p1|Great Tusk|
|poke|p1|Zamazenta-*|
|poke|p1|Iron Valiant|
|poke|p1|Gallade, M|
|poke|p1|Kommo-o, M|
|poke|p1|Okidogi, M|
|poke|p2|Lokix, M|
|poke|p2|Pecharunt|
|poke|p2|Zamazenta-*|
|poke|p2|Ting-Lu|
|poke|p2|Latios, M|
|poke|p2|Gliscor, M|
|teampreview
|c|☆Jsparxs|glhf
|
|t:|1781026626
|teamsize|p1|6
|teamsize|p2|6
|start
|switch|p1a: Okidogi|Okidogi, M|100/100
|switch|p2a: Latios|Latios, M|100/100
|turn|1
|
|t:|1781026634
|-terastallize|p1a: Okidogi|Water
|move|p2a: Latios|Flip Turn|p1a: Okidogi
|-resisted|p1a: Okidogi
|-crit|p1a: Okidogi
|-damage|p1a: Okidogi|94/100
|
|t:|1781026643
|switch|p2a: Pecharunt|Pecharunt|100/100|[from] Flip Turn
|move|p1a: Okidogi|Crunch|p2a: Pecharunt
|-supereffective|p2a: Pecharunt
|-damage|p2a: Pecharunt|65/100
|-unboost|p2a: Pecharunt|def|1
|
|upkeep
|turn|2
|
|t:|1781026649
|move|p2a: Pecharunt|Parting Shot|p1a: Okidogi
|-unboost|p1a: Okidogi|atk|1
|-unboost|p1a: Okidogi|spa|1
|
|t:|1781026651
|switch|p2a: Ting-Lu|Ting-Lu|100/100|[from] Parting Shot
|-ability|p2a: Ting-Lu|Vessel of Ruin
|move|p1a: Okidogi|Crunch|p2a: Ting-Lu
|-resisted|p2a: Ting-Lu
|-damage|p2a: Ting-Lu|95/100
|
|-heal|p2a: Ting-Lu|100/100|[from] item: Leftovers
|upkeep
|turn|3
|
|t:|1781026656
|switch|p2a: Pecharunt|Pecharunt|65/100
|move|p1a: Okidogi|Drain Punch|p2a: Pecharunt
|-immune|p2a: Pecharunt
|
|upkeep
|turn|4
|
|t:|1781026666
|move|p2a: Pecharunt|Malignant Chain|p1a: Okidogi
|-damage|p1a: Okidogi|62/100
|move|p1a: Okidogi|Ice Punch|p2a: Pecharunt
|-damage|p2a: Pecharunt|56/100
|
|upkeep
|turn|5
|
|t:|1781026677
|move|p2a: Pecharunt|Malignant Chain|p1a: Okidogi
|-damage|p1a: Okidogi|30/100
|move|p1a: Okidogi|Crunch|p2a: Pecharunt
|-supereffective|p2a: Pecharunt
|-damage|p2a: Pecharunt|32/100
|
|upkeep
|turn|6
|l|☆Jsparxs
|player|p1|
|j|☆Jsparxs
|player|p1|Jsparxs|101|
|
|t:|1781026702
|switch|p1a: Great Tusk|Great Tusk|100/100
|-enditem|p1a: Great Tusk|Booster Energy
|-activate|p1a: Great Tusk|ability: Protosynthesis|[fromitem]
|-start|p1a: Great Tusk|protosynthesisatk
|move|p2a: Pecharunt|Recover|p2a: Pecharunt
|-heal|p2a: Pecharunt|82/100
|
|upkeep
|turn|7
|
|t:|1781026715
|move|p1a: Great Tusk|Rapid Spin|p2a: Pecharunt
|-immune|p2a: Pecharunt
|move|p2a: Pecharunt|Parting Shot|p1a: Great Tusk
|-unboost|p1a: Great Tusk|atk|1
|-unboost|p1a: Great Tusk|spa|1
|
|t:|1781026718
|switch|p2a: Latios|Latios, M|100/100|[from] Parting Shot
|
|upkeep
|turn|8
|
|t:|1781026722
|move|p2a: Latios|Psychic Noise|p1a: Great Tusk
|-supereffective|p1a: Great Tusk
|-damage|p1a: Great Tusk|0 fnt
|faint|p1a: Great Tusk
|-end|p1a: Great Tusk|Protosynthesis|[silent]
|
|upkeep
|
|t:|1781026731
|switch|p1a: Kommo-o|Kommo-o, M|100/100
|turn|9
|
|t:|1781026735
|move|p2a: Latios|Draco Meteor|p1a: Kommo-o
|-supereffective|p1a: Kommo-o
|-damage|p1a: Kommo-o|0 fnt
|-unboost|p2a: Latios|spa|2
|faint|p1a: Kommo-o
|
|upkeep
|-message|Jsparxs forfeited.
|
|win|gyhe
|raw|Jsparxs's rating: 1629 &rarr; <strong>1610</strong><br />(-19 for losing)
|raw|gyhe's rating: 1645 &rarr; <strong>1664</strong><br />(+19 for winning)
|l|☆Jsparxs
|player|p1|
