|badge|p1|bronze|gen9ubers|100-9
|uhtml|medal-msg|<div class="broadcast-blue">Curious what those medals under the avatar are? PS now has Ladder Seasons! For more information, check out the <a href="https://www.smogon.com/forums/threads/3740067/">thread on Smogon.</a></div>
|j|☆DriftedEx
|j|☆extra-pseudo man
|t:|1781057087
|gametype|singles
|player|p1|DriftedEx|rocketgrunt|1641
|player|p2|extra-pseudo man|2|1625
|gen|9
|tier|[Gen 9] OU
|rated|
|rule|HP Percentage Mod: HP is shown in percentages
|rule|Endless Battle Clause: Forcing endless battles is banned
|rule|Species Clause: Limit one of each Pokémon
|rule|OHKO Clause: OHKO moves are banned
|rule|Evasion Items Clause: Evasion items are banned
|rule|Evasion Moves Clause: Evasion moves are banned
|rule|Evasion Abilities Clause: Evasion abilities are banned
|rule|Sleep Moves Clause: Sleep-inducing moves are banned
|clearpoke
|poke|p1|Dragapult, F|
|poke|p1|Dragonite, F|
|poke|p1|Ting-Lu|
|poke|p1|Weezing-Galar, F|
|poke|p1|Iron Crown|
|poke|p1|Zapdos|
|poke|p2|Dragonite, M|
|poke|p2|Dragapult, M|
|poke|p2|Tyranitar, M|
|poke|p2|Metagross|
|poke|p2|Goodra-Hisui, M|
|poke|p2|Garchomp, M|
|teampreview
|inactive|Battle timer is ON: inactive players will automatically lose when time's up. (requested by DriftedEx)
|c|☆extra-pseudo man|gl
|inactive|DriftedEx has 120 seconds left.
|
|t:|1781057120
|teamsize|p1|6
|teamsize|p2|6
|start
|switch|p1a: Dragapult|Dragapult, F|100/100
|switch|p2a: Tyranocif|Tyranitar, M|100/100
|-weather|Sandstorm|[from] ability: Sand Stream|[of] p2a: Tyranocif
|turn|1
|
|t:|1781057125
|move|p1a: Dragapult|U-turn|p2a: Tyranocif
|-supereffective|p2a: Tyranocif
|-damage|p2a: Tyranocif|71/100
|
|t:|1781057128
|switch|p1a: Ting-Lu|Ting-Lu|100/100|[from] U-turn
|-ability|p1a: Ting-Lu|Vessel of Ruin
|move|p2a: Tyranocif|Knock Off|p1a: Ting-Lu
|-resisted|p1a: Ting-Lu
|-damage|p1a: Ting-Lu|88/100
|-enditem|p1a: Ting-Lu|Leftovers|[from] move: Knock Off|[of] p2a: Tyranocif
|
|-weather|Sandstorm|[upkeep]
|-heal|p2a: Tyranocif|77/100|[from] item: Leftovers
|upkeep
|turn|2
|inactive|DriftedEx has 120 seconds left.
|
|t:|1781057161
|switch|p2a: He pulten on it|Dragapult, M|100/100
|move|p1a: Ting-Lu|Earthquake|p2a: He pulten on it
|-damage|p2a: He pulten on it|48/100
|
|-weather|Sandstorm|[upkeep]
|-damage|p2a: He pulten on it|42/100|[from] Sandstorm
|upkeep
|turn|3
|
|t:|1781057177
|move|p2a: He pulten on it|Will-O-Wisp|p1a: Ting-Lu
|-status|p1a: Ting-Lu|brn
|move|p1a: Ting-Lu|Stealth Rock|p2a: He pulten on it
|-sidestart|p2: extra-pseudo man|move: Stealth Rock
|
|-weather|Sandstorm|[upkeep]
|-damage|p2a: He pulten on it|36/100|[from] Sandstorm
|-damage|p1a: Ting-Lu|82/100 brn|[from] brn
|upkeep
|turn|4
|
|t:|1781057180
|move|p2a: He pulten on it|U-turn|p1a: Ting-Lu
|-supereffective|p1a: Ting-Lu
|-damage|p1a: Ting-Lu|64/100 brn
|
|t:|1781057182
|switch|p2a: Marill me|Garchomp, M|100/100|[from] U-turn
|-damage|p2a: Marill me|94/100|[from] Stealth Rock
|move|p1a: Ting-Lu|Whirlwind|p2a: Marill me
|drag|p2a: He pulten on it|Dragapult, M|36/100
|
|-weather|Sandstorm|[upkeep]
|-damage|p2a: He pulten on it|30/100|[from] Sandstorm
|-damage|p1a: Ting-Lu|57/100 brn|[from] brn
|upkeep
|turn|5
|
|t:|1781057186
|move|p2a: He pulten on it|U-turn|p1a: Ting-Lu
|-supereffective|p1a: Ting-Lu
|-damage|p1a: Ting-Lu|39/100 brn
|
|t:|1781057188
|switch|p2a: Marill me|Garchomp, M|94/100|[from] U-turn
|-damage|p2a: Marill me|88/100|[from] Stealth Rock
|move|p1a: Ting-Lu|Whirlwind|p2a: Marill me
|drag|p2a: The goot|Goodra-Hisui, M|100/100
|-damage|p2a: The goot|94/100|[from] Stealth Rock
|
|-weather|none
|-damage|p1a: Ting-Lu|32/100 brn|[from] brn
|upkeep
|turn|6
|
|t:|1781057193
|move|p2a: The goot|Ice Beam|p1a: Ting-Lu
|-supereffective|p1a: Ting-Lu
|-damage|p1a: Ting-Lu|0 fnt
|faint|p1a: Ting-Lu
|
|upkeep
|
|t:|1781057197
|switch|p1a: Dragonite|Dragonite, F|100/100
|turn|7
|
|t:|1781057200
|-terastallize|p1a: Dragonite|Normal
|move|p1a: Dragonite|Dragon Dance|p1a: Dragonite
|-boost|p1a: Dragonite|atk|1
|-boost|p1a: Dragonite|spe|1
|move|p2a: The goot|Ice Beam|p1a: Dragonite
|-damage|p1a: Dragonite|78/100
|
|upkeep
|turn|8
|
|t:|1781057203
|switch|p2a: Marill me|Garchomp, M|88/100
|-damage|p2a: Marill me|82/100|[from] Stealth Rock
|move|p1a: Dragonite|Dragon Dance|p1a: Dragonite
|-boost|p1a: Dragonite|atk|1
|-boost|p1a: Dragonite|spe|1
|
|upkeep
|turn|9
|
|t:|1781057206
|move|p1a: Dragonite|Extreme Speed|p2a: Marill me
|-damage|p2a: Marill me|27/100
|-damage|p1a: Dragonite|66/100|[from] ability: Rough Skin|[of] p2a: Marill me
|-damage|p1a: Dragonite|49/100|[from] item: Rocky Helmet|[of] p2a: Marill me
|move|p2a: Marill me|Dragon Tail|p1a: Dragonite
|-damage|p1a: Dragonite|22/100
|drag|p1a: Dragapult|Dragapult, F|100/100
|
|upkeep
|turn|10
|
|t:|1781057214
|switch|p2a: Tyranocif|Tyranitar, M|77/100
|-damage|p2a: Tyranocif|65/100|[from] Stealth Rock
|-weather|Sandstorm|[from] ability: Sand Stream|[of] p2a: Tyranocif
|move|p1a: Dragapult|Hex|p2a: Tyranocif
|-resisted|p2a: Tyranocif
|-damage|p2a: Tyranocif|59/100
|
|-weather|Sandstorm|[upkeep]
|-damage|p1a: Dragapult|95/100|[from] Sandstorm
|-heal|p2a: Tyranocif|65/100|[from] item: Leftovers
|upkeep
|turn|11
|
|t:|1781057217
|move|p1a: Dragapult|U-turn|p2a: Tyranocif
|-supereffective|p2a: Tyranocif
|-damage|p2a: Tyranocif|35/100
|
|t:|1781057219
|switch|p1a: Weezing|Weezing-Galar, F|100/100|[from] U-turn
|-ability|p1a: Weezing|Neutralizing Gas
|move|p2a: Tyranocif|Stealth Rock|p1a: Weezing
|-sidestart|p1: DriftedEx|move: Stealth Rock
|
|-weather|Sandstorm|[upkeep]
|-damage|p1a: Weezing|95/100|[from] Sandstorm
|-heal|p2a: Tyranocif|41/100|[from] item: Leftovers
|upkeep
|turn|12
|
|t:|1781057223
|switch|p2a: The goot|Goodra-Hisui, M|94/100
|-damage|p2a: The goot|88/100|[from] Stealth Rock
|move|p1a: Weezing|Will-O-Wisp|p2a: The goot
|-status|p2a: The goot|brn
|
|-weather|Sandstorm|[upkeep]
|-damage|p1a: Weezing|89/100|[from] Sandstorm
|-damage|p2a: The goot|82/100 brn|[from] brn
|upkeep
|turn|13
|
|t:|1781057229
|-end|p1a: Weezing|ability: Neutralizing Gas
|switch|p1a: Iron Crown|Iron Crown|100/100
|-damage|p1a: Iron Crown|94/100|[from] Stealth Rock
|move|p2a: The goot|Flash Cannon|p1a: Iron Crown
|-resisted|p1a: Iron Crown
|-damage|p1a: Iron Crown|65/100
|
|-weather|Sandstorm|[upkeep]
|-damage|p2a: The goot|76/100 brn|[from] brn
|upkeep
|turn|14
|
|t:|1781057234
|move|p1a: Iron Crown|Tachyon Cutter|p2a: The goot
|-resisted|p2a: The goot
|-damage|p2a: The goot|63/100 brn
|-resisted|p2a: The goot
|-damage|p2a: The goot|47/100 brn
|-hitcount|p2a: The goot|2
|move|p2a: The goot|Flash Cannon|p1a: Iron Crown
|-resisted|p1a: Iron Crown
|-damage|p1a: Iron Crown|34/100
|
|-weather|none
|-damage|p2a: The goot|41/100 brn|[from] brn
|upkeep
|turn|15
|
|t:|1781057239
|-end|p1a: Iron Crown|Quark Drive|[silent]
|switch|p1a: Zapdos|Zapdos|100/100
|move|p2a: The goot|Flash Cannon|p1a: Zapdos
|-resisted|p1a: Zapdos
|-damage|p1a: Zapdos|64/100
|
|-damage|p2a: The goot|35/100 brn|[from] brn
|upkeep
|turn|16
|
|t:|1781057241
|move|p1a: Zapdos|Roost|p1a: Zapdos
|-heal|p1a: Zapdos|100/100
|-singleturn|p1a: Zapdos|move: Roost
|move|p2a: The goot|Flash Cannon|p1a: Zapdos
|-resisted|p1a: Zapdos
|-damage|p1a: Zapdos|65/100
|-unboost|p1a: Zapdos|spd|1
|
|-damage|p2a: The goot|29/100 brn|[from] brn
|upkeep
|turn|17
|
|t:|1781057245
|move|p1a: Zapdos|Roost|p1a: Zapdos
|-heal|p1a: Zapdos|100/100
|-singleturn|p1a: Zapdos|move: Roost
|move|p2a: The goot|Flash Cannon|p1a: Zapdos
|-resisted|p1a: Zapdos
|-damage|p1a: Zapdos|50/100
|-unboost|p1a: Zapdos|spd|1
|
|-damage|p2a: The goot|23/100 brn|[from] brn
|upkeep
|turn|18
|
|t:|1781057251
|move|p1a: Zapdos|Heat Wave|p2a: The goot
|-damage|p2a: The goot|0 fnt
|faint|p2a: The goot
|
|upkeep
|
|t:|1781057259
|switch|p2a: He pulten on it|Dragapult, M|30/100
|turn|19
|
|t:|1781057264
|move|p2a: He pulten on it|Hex|p1a: Zapdos
|-damage|p1a: Zapdos|0 fnt
|faint|p1a: Zapdos
|
|upkeep
|
|t:|1781057268
|switch|p1a: Weezing|Weezing-Galar, F|89/100
|-ability|p1a: Weezing|Neutralizing Gas
|turn|20
|
|t:|1781057272
|move|p2a: He pulten on it|U-turn|p1a: Weezing
|-resisted|p1a: Weezing
|-damage|p1a: Weezing|86/100
|
|t:|1781057274
|switch|p2a: Tyranocif|Tyranitar, M|41/100|[from] U-turn
|-damage|p2a: Tyranocif|28/100|[from] Stealth Rock
|move|p1a: Weezing|Will-O-Wisp|p2a: Tyranocif
|-status|p2a: Tyranocif|brn
|
|-heal|p2a: Tyranocif|35/100 brn|[from] item: Leftovers
|-damage|p2a: Tyranocif|28/100 brn|[from] brn
|upkeep
|turn|21
|
|t:|1781057278
|move|p1a: Weezing|Defog|p2a: Tyranocif
|-unboost|p2a: Tyranocif|evasion|1
|-sideend|p2: extra-pseudo man|Stealth Rock|[from] move: Defog|[of] p1a: Weezing
|-sideend|p1: DriftedEx|Stealth Rock|[from] move: Defog|[of] p1a: Weezing
|move|p2a: Tyranocif|Knock Off|p1a: Weezing
|-resisted|p1a: Weezing
|-damage|p1a: Weezing|79/100
|-enditem|p1a: Weezing|Heavy-Duty Boots|[from] move: Knock Off|[of] p2a: Tyranocif
|
|-heal|p2a: Tyranocif|35/100 brn|[from] item: Leftovers
|-damage|p2a: Tyranocif|28/100 brn|[from] brn
|upkeep
|turn|22
|
|t:|1781057279
|-end|p1a: Weezing|ability: Neutralizing Gas
|-weather|Sandstorm|[from] ability: Sand Stream|[of] p2a: Tyranocif
|switch|p1a: Dragonite|Dragonite, F, tera:Normal|22/100
|move|p2a: Tyranocif|Stealth Rock|p1a: Dragonite
|-sidestart|p1: DriftedEx|move: Stealth Rock
|
|-weather|Sandstorm|[upkeep]
|-damage|p1a: Dragonite|16/100|[from] Sandstorm
|-heal|p2a: Tyranocif|35/100 brn|[from] item: Leftovers
|-damage|p2a: Tyranocif|28/100 brn|[from] brn
|upkeep
|turn|23
|
|t:|1781057291
|move|p1a: Dragonite|Roost|p1a: Dragonite
|-heal|p1a: Dragonite|66/100
|move|p2a: Tyranocif|Roar|p1a: Dragonite
|drag|p1a: Dragapult|Dragapult, F|95/100
|
|-weather|Sandstorm|[upkeep]
|-damage|p1a: Dragapult|89/100|[from] Sandstorm
|-heal|p2a: Tyranocif|35/100 brn|[from] item: Leftovers
|-damage|p2a: Tyranocif|28/100 brn|[from] brn
|upkeep
|turn|24
|
|t:|1781057307
|move|p1a: Dragapult|U-turn|p2a: Tyranocif
|-supereffective|p2a: Tyranocif
|-damage|p2a: Tyranocif|0 fnt
|faint|p2a: Tyranocif
|
|t:|1781057310
|switch|p1a: Dragonite|Dragonite, F, tera:Normal|66/100|[from] U-turn
|
|-weather|Sandstorm|[upkeep]
|-damage|p1a: Dragonite|60/100|[from] Sandstorm
|upkeep
|
|t:|1781057313
|switch|p2a: He pulten on it|Dragapult, M|30/100
|turn|25
|
|t:|1781057317
|switch|p1a: Iron Crown|Iron Crown|34/100
|-damage|p1a: Iron Crown|27/100|[from] Stealth Rock
|move|p2a: He pulten on it|Will-O-Wisp|p1a: Iron Crown|[miss]
|-miss|p2a: He pulten on it|p1a: Iron Crown
|
|-weather|Sandstorm|[upkeep]
|-damage|p2a: He pulten on it|24/100|[from] Sandstorm
|upkeep
|turn|26
|
|t:|1781057321
|-end|p1a: Iron Crown|Quark Drive|[silent]
|switch|p1a: Dragonite|Dragonite, F, tera:Normal|60/100
|move|p2a: He pulten on it|Hex|p1a: Dragonite
|-immune|p1a: Dragonite
|
|-weather|none
|upkeep
|turn|27
|
|t:|1781057323
|move|p2a: He pulten on it|Will-O-Wisp|p1a: Dragonite
|-status|p1a: Dragonite|brn
|move|p1a: Dragonite|Earthquake|p2a: He pulten on it
|-damage|p2a: He pulten on it|0 fnt
|faint|p2a: He pulten on it
|
|-damage|p1a: Dragonite|54/100 brn|[from] brn
|upkeep
|
|t:|1781057330
|switch|p2a: Marill me|Garchomp, M|27/100
|turn|28
|
|t:|1781057333
|move|p2a: Marill me|Earthquake|p1a: Dragonite
|-damage|p1a: Dragonite|6/100 brn
|move|p1a: Dragonite|Roost|p1a: Dragonite
|-heal|p1a: Dragonite|56/100 brn
|
|-damage|p1a: Dragonite|50/100 brn|[from] brn
|upkeep
|turn|29
|
|t:|1781057335
|move|p2a: Marill me|Earthquake|p1a: Dragonite
|-damage|p1a: Dragonite|7/100 brn
|move|p1a: Dragonite|Roost|p1a: Dragonite
|-heal|p1a: Dragonite|57/100 brn
|
|-damage|p1a: Dragonite|51/100 brn|[from] brn
|upkeep
|turn|30
|
|t:|1781057338
|move|p1a: Dragonite|Extreme Speed|p2a: Marill me
|-damage|p2a: Marill me|11/100
|-damage|p1a: Dragonite|39/100 brn|[from] ability: Rough Skin|[of] p2a: Marill me
|-damage|p1a: Dragonite|22/100 brn|[from] item: Rocky Helmet|[of] p2a: Marill me
|move|p2a: Marill me|Earthquake|p1a: Dragonite
|-damage|p1a: Dragonite|0 fnt
|faint|p1a: Dragonite
|
|upkeep
|
|t:|1781057340
|switch|p1a: Dragapult|Dragapult, F|89/100
|turn|31
|
|t:|1781057343
|move|p1a: Dragapult|Hex|p2a: Marill me
|-damage|p2a: Marill me|0 fnt
|faint|p2a: Marill me
|
|upkeep
|
|t:|1781057349
|switch|p2a: kaboom|Metagross|100/100
|turn|32
|
|t:|1781057351
|move|p1a: Dragapult|Will-O-Wisp|p2a: kaboom
|-status|p2a: kaboom|brn
|move|p2a: kaboom|Knock Off|p1a: Dragapult
|-supereffective|p1a: Dragapult
|-damage|p1a: Dragapult|11/100
|-enditem|p1a: Dragapult|Heavy-Duty Boots|[from] move: Knock Off|[of] p2a: kaboom
|
|-damage|p2a: kaboom|95/100 brn|[from] brn
|upkeep
|turn|33
|
|t:|1781057355
|switch|p1a: Weezing|Weezing-Galar, F|79/100
|-ability|p1a: Weezing|Neutralizing Gas
|-damage|p1a: Weezing|67/100|[from] Stealth Rock
|move|p2a: kaboom|Knock Off|p1a: Weezing
|-resisted|p1a: Weezing
|-damage|p1a: Weezing|61/100
|
|-damage|p2a: kaboom|89/100 brn|[from] brn
|upkeep
|turn|34
|
|t:|1781057360
|switch|p2a: Chud|Dragonite, M|100/100
|move|p1a: Weezing|Toxic Spikes|p2a: Chud
|-sidestart|p2: extra-pseudo man|move: Toxic Spikes
|
|upkeep
|turn|35
|
|t:|1781057369
|switch|p2a: kaboom|Metagross|89/100 brn
|move|p1a: Weezing|Will-O-Wisp|p2a: kaboom
|-fail|p2a: kaboom|brn
|
|-damage|p2a: kaboom|83/100 brn|[from] brn
|upkeep
|turn|36
|
|t:|1781057372
|move|p2a: kaboom|Heavy Slam|p1a: Weezing
|-supereffective|p1a: Weezing
|-damage|p1a: Weezing|0 fnt
|faint|p1a: Weezing
|-end|p1a: Weezing|ability: Neutralizing Gas
|
|-damage|p2a: kaboom|77/100 brn|[from] brn
|upkeep
|
|t:|1781057377
|switch|p1a: Dragapult|Dragapult, F|11/100
|-damage|p1a: Dragapult|0 fnt|[from] Stealth Rock
|faint|p1a: Dragapult
|
|t:|1781057379
|switch|p1a: Iron Crown|Iron Crown|27/100
|-damage|p1a: Iron Crown|21/100|[from] Stealth Rock
|turn|37
|
|t:|1781057383
|move|p1a: Iron Crown|Tachyon Cutter|p2a: kaboom
|-resisted|p2a: kaboom
|-damage|p2a: kaboom|55/100 brn
|-resisted|p2a: kaboom
|-damage|p2a: kaboom|32/100 brn
|-hitcount|p2a: kaboom|2
|move|p2a: kaboom|Heavy Slam|p1a: Iron Crown
|-resisted|p1a: Iron Crown
|-damage|p1a: Iron Crown|4/100
|
|-damage|p2a: kaboom|26/100 brn|[from] brn
|upkeep
|turn|38
|
|t:|1781057388
|move|p1a: Iron Crown|Tachyon Cutter|p2a: kaboom
|-resisted|p2a: kaboom
|-damage|p2a: kaboom|2/100 brn
|-resisted|p2a: kaboom
|-damage|p2a: kaboom|0 fnt
|faint|p2a: kaboom
|-hitcount|p2: kaboom|2
|
|upkeep
|
|t:|1781057392
|switch|p2a: Chud|Dragonite, M|100/100
|turn|39
|
|t:|1781057395
|move|p2a: Chud|Extreme Speed|p1a: Iron Crown
|-resisted|p1a: Iron Crown
|-damage|p1a: Iron Crown|0 fnt
|faint|p1a: Iron Crown
|-end|p1a: Iron Crown|Quark Drive|[silent]
|
|win|extra-pseudo man
|raw|DriftedEx's rating: 1641 &rarr; <strong>1620</strong><br />(-21 for losing)
|raw|extra-pseudo man's rating: 1625 &rarr; <strong>1646</strong><br />(+21 for winning)
|l|☆DriftedEx
|player|p1|
|l|☆extra-pseudo man
|player|p2|
