|j|☆Curbs
|j|☆OscarGamble
|t:|1781193920
|gametype|singles
|player|p1|Curbs|n|1529
|player|p2|OscarGamble|170|1546
|gen|9
|tier|[Gen 9] OU
|rated|
|rule|HP Percentage Mod: HP is shown in percentages
|rule|Endless Battle Clause: Forcing endless battles is banned
|rule|Species Clause: Limit one of each Pokémon
|rule|OHKO Clause: OHKO moves are banned
|rule|Evasion Items Clause: Evasion items are banned
|rule|Evasion Moves Clause: Evasion moves are banned
|rule|Evasion Abilities Clause: Evasion abilities are banned
|rule|Sleep Moves Clause: Sleep-inducing moves are banned
|clearpoke
|poke|p1|Ting-Lu|
|poke|p1|Gliscor, F|
|poke|p1|Sinistcha-Masterpiece|
|poke|p1|Keldeo|
|poke|p1|Tinkaton, F|
|poke|p1|Dragonite, F|
|poke|p2|Zarude|
|poke|p2|Ninetales, M|
|poke|p2|Walking Wake|
|poke|p2|Cinderace, M|
|poke|p2|Landorus-Therian, M|
|poke|p2|Venusaur, F|
|teampreview
|inactive|Battle timer is ON: inactive players will automatically lose when time's up. (requested by Curbs)
|inactive|Curbs has 120 seconds left.
|
|t:|1781193957
|teamsize|p1|6
|teamsize|p2|6
|start
|switch|p1a: My Little Pwny|Keldeo|100/100
|switch|p2a: Cinderace|Cinderace, M|100/100
|turn|1
|
|t:|1781193962
|move|p2a: Cinderace|U-turn|p1a: My Little Pwny
|-start|p2a: Cinderace|typechange|Bug|[from] ability: Libero
|-resisted|p1a: My Little Pwny
|-damage|p1a: My Little Pwny|79/100
|
|t:|1781193967
|switch|p2a: Zarude|Zarude|100/100|[from] U-turn
|move|p1a: My Little Pwny|Flip Turn|p2a: Zarude
|-resisted|p2a: Zarude
|-damage|p2a: Zarude|94/100
|
|t:|1781193970
|switch|p1a: Tinkki Minaj|Tinkaton, F|100/100|[from] Flip Turn
|-ability|p1a: Tinkki Minaj|Mold Breaker
|-item|p1a: Tinkki Minaj|Air Balloon
|
|upkeep
|turn|2
|
|t:|1781193976
|switch|p2a: Landorus|Landorus-Therian, M|100/100
|-ability|p2a: Landorus|Intimidate|boost
|-unboost|p1a: Tinkki Minaj|atk|1
|move|p1a: Tinkki Minaj|Stealth Rock|p2a: Landorus
|-sidestart|p2: OscarGamble|move: Stealth Rock
|
|upkeep
|turn|3
|
|t:|1781193982
|move|p1a: Tinkki Minaj|Thunder Wave|p2a: Landorus
|-immune|p2a: Landorus
|move|p2a: Landorus|U-turn|p1a: Tinkki Minaj
|-resisted|p1a: Tinkki Minaj
|-damage|p1a: Tinkki Minaj|95/100
|-enditem|p1a: Tinkki Minaj|Air Balloon
|
|t:|1781193985
|switch|p2a: Cinderace|Cinderace, M|100/100|[from] U-turn
|
|upkeep
|turn|4
|
|t:|1781193991
|move|p2a: Cinderace|Pyro Ball|p1a: Tinkki Minaj
|-supereffective|p1a: Tinkki Minaj
|-damage|p1a: Tinkki Minaj|0 fnt
|faint|p1a: Tinkki Minaj
|
|upkeep
|
|t:|1781194000
|switch|p1a: My Little Pwny|Keldeo|79/100
|turn|5
|
|t:|1781194006
|move|p2a: Cinderace|Court Change|p2a: Cinderace
|-start|p2a: Cinderace|typechange|Normal|[from] ability: Libero
|-swapsideconditions
|-activate|p2a: Cinderace|move: Court Change
|move|p1a: My Little Pwny|Aura Sphere|p2a: Cinderace
|-supereffective|p2a: Cinderace
|-damage|p2a: Cinderace|0 fnt
|faint|p2a: Cinderace
|
|upkeep
|
|t:|1781194022
|switch|p2a: Ninetales|Ninetales, M|100/100
|-weather|SunnyDay|[from] ability: Drought|[of] p2a: Ninetales
|turn|6
|
|t:|1781194041
|switch|p2a: Walking Wake|Walking Wake|100/100
|-activate|p2a: Walking Wake|ability: Protosynthesis
|-start|p2a: Walking Wake|protosynthesisspe
|move|p1a: My Little Pwny|Flip Turn|p2a: Walking Wake
|-resisted|p2a: Walking Wake
|-damage|p2a: Walking Wake|99/100
|
|t:|1781194055
|switch|p1a: Jarhead|Ting-Lu|100/100|[from] Flip Turn
|-damage|p1a: Jarhead|94/100|[from] Stealth Rock
|-ability|p1a: Jarhead|Vessel of Ruin
|
|-weather|SunnyDay|[upkeep]
|-heal|p1a: Jarhead|100/100|[from] item: Leftovers
|upkeep
|turn|7
|inactive|Curbs has 120 seconds left.
|
|t:|1781194078
|move|p2a: Walking Wake|Hydro Steam|p1a: Jarhead
|-supereffective|p1a: Jarhead
|-damage|p1a: Jarhead|24/100
|move|p1a: Jarhead|Spikes|p2a: Walking Wake
|-sidestart|p2: OscarGamble|Spikes
|
|-weather|SunnyDay|[upkeep]
|-heal|p1a: Jarhead|30/100|[from] item: Leftovers
|upkeep
|turn|8
|
|t:|1781194084
|move|p2a: Walking Wake|Hydro Steam|p1a: Jarhead
|-supereffective|p1a: Jarhead
|-damage|p1a: Jarhead|0 fnt
|faint|p1a: Jarhead
|
|-weather|SunnyDay|[upkeep]
|upkeep
|
|t:|1781194088
|switch|p1a: Secret Service|Dragonite, F|100/100
|turn|9
|
|t:|1781194092
|-end|p2a: Walking Wake|Protosynthesis|[silent]
|switch|p2a: Landorus|Landorus-Therian, M|100/100
|-ability|p2a: Landorus|Intimidate|boost
|-unboost|p1a: Secret Service|atk|1
|move|p1a: Secret Service|Dragon Tail|p2a: Landorus
|-damage|p2a: Landorus|79/100
|-damage|p1a: Secret Service|84/100|[from] item: Rocky Helmet|[of] p2a: Landorus
|drag|p2a: Walking Wake|Walking Wake|99/100
|-damage|p2a: Walking Wake|86/100|[from] Spikes
|-activate|p2a: Walking Wake|ability: Protosynthesis
|-start|p2a: Walking Wake|protosynthesisspe
|
|-weather|SunnyDay|[upkeep]
|upkeep
|turn|10
|-message|Curbs forfeited.
|
|win|OscarGamble
|raw|Curbs's rating: 1529 &rarr; <strong>1510</strong><br />(-19 for losing)
|raw|OscarGamble's rating: 1546 &rarr; <strong>1565</strong><br />(+19 for winning)
|l|☆Curbs
|player|p1|
|l|☆OscarGamble
|player|p2|
