|j|☆WindTunnler
|j|☆fregene97
|t:|1781335382
|gametype|singles
|player|p1|WindTunnler|ninjaboy|1562
|player|p2|fregene97|169|1557
|gen|9
|tier|[Gen 9] OU
|rated|
|rule|HP Percentage Mod: HP is shown in percentages
|rule|Endless Battle Clause: Forcing endless battles is banned
|rule|Species Clause: Limit one of each Pokémon
|rule|OHKO Clause: OHKO moves are banned
|rule|Evasion Items Clause: Evasion items are banned
|rule|Evasion Moves Clause: Evasion moves are banned
|rule|Evasion Abilities Clause: Evasion abilities are banned
|rule|Sleep Moves Clause: Sleep-inducing moves are banned
|clearpoke
|poke|p1|Sandy Shocks|
|poke|p1|Raging Bolt|
|poke|p1|Iron Valiant|
|poke|p1|Walking Wake|
|poke|p1|Great Tusk|
|poke|p1|Iron Hands|
|poke|p2|Ceruledge, F|
|poke|p2|Great Tusk|
|poke|p2|Porygon-Z|
|poke|p2|Greninja-*, M|
|poke|p2|Raging Bolt|
|poke|p2|Rillaboom, F|
|teampreview
|
|t:|1781335385
|teamsize|p1|6
|teamsize|p2|6
|start
|switch|p1a: Sandy Stormer|Sandy Shocks|100/100
|switch|p2a: Ceruledge|Ceruledge, F|100/100
|-enditem|p1a: Sandy Stormer|Booster Energy
|-activate|p1a: Sandy Stormer|ability: Protosynthesis|[fromitem]
|-start|p1a: Sandy Stormer|protosynthesisspe
|turn|1
|inactive|Battle timer is ON: inactive players will automatically lose when time's up. (requested by WindTunnler)
|
|t:|1781335392
|move|p1a: Sandy Stormer|Earth Power|p2a: Ceruledge
|-supereffective|p2a: Ceruledge
|-enditem|p2a: Ceruledge|Focus Sash
|-damage|p2a: Ceruledge|1/100
|move|p2a: Ceruledge|Bitter Blade|p1a: Sandy Stormer
|-damage|p1a: Sandy Stormer|53/100
|-heal|p2a: Ceruledge|27/100|[from] drain|[of] p1a: Sandy Stormer
|
|upkeep
|turn|2
|
|t:|1781335408
|switch|p2a: Rillaboom|Rillaboom, F|100/100
|-fieldstart|move: Grassy Terrain|[from] ability: Grassy Surge|[of] p2a: Rillaboom
|move|p1a: Sandy Stormer|Earth Power|p2a: Rillaboom
|-resisted|p2a: Rillaboom
|-damage|p2a: Rillaboom|71/100
|
|-heal|p1a: Sandy Stormer|59/100|[from] Grassy Terrain
|-heal|p2a: Rillaboom|77/100|[from] Grassy Terrain
|upkeep
|turn|3
|
|t:|1781335418
|-end|p1a: Sandy Stormer|Protosynthesis|[silent]
|switch|p1a: Iron Haymaker|Iron Hands|100/100
|-enditem|p1a: Iron Haymaker|Booster Energy
|-activate|p1a: Iron Haymaker|ability: Quark Drive|[fromitem]
|-start|p1a: Iron Haymaker|quarkdriveatk
|move|p2a: Rillaboom|Swords Dance|p2a: Rillaboom
|-boost|p2a: Rillaboom|atk|2
|
|-heal|p2a: Rillaboom|83/100|[from] Grassy Terrain
|upkeep
|turn|4
|
|t:|1781335427
|move|p2a: Rillaboom|Wood Hammer|p1a: Iron Haymaker
|-damage|p1a: Iron Haymaker|0 fnt
|faint|p1a: Iron Haymaker
|-end|p1a: Iron Haymaker|Quark Drive|[silent]
|-damage|p2a: Rillaboom|33/100|[from] Recoil
|-damage|p2a: Rillaboom|23/100|[from] item: Life Orb
|
|-heal|p2a: Rillaboom|30/100|[from] Grassy Terrain
|upkeep
|
|t:|1781335434
|switch|p1a: Raging Bombshell|Raging Bolt|100/100
|turn|5
|inactive|fregene97 has 120 seconds left.
|
|t:|1781335476
|move|p2a: Rillaboom|Grassy Glide|p1a: Raging Bombshell
|-resisted|p1a: Raging Bombshell
|-damage|p1a: Raging Bombshell|60/100
|-damage|p2a: Rillaboom|20/100|[from] item: Life Orb
|move|p1a: Raging Bombshell|Dragon Pulse|p2a: Rillaboom
|-damage|p2a: Rillaboom|0 fnt
|faint|p2a: Rillaboom
|
|-heal|p1a: Raging Bombshell|66/100|[from] Grassy Terrain
|-heal|p1a: Raging Bombshell|73/100|[from] item: Leftovers
|upkeep
|
|t:|1781335480
|switch|p2a: Porygon-Z|Porygon-Z|100/100
|-ability|p2a: Porygon-Z|Download|boost
|-boost|p2a: Porygon-Z|spa|1
|turn|6
|
|t:|1781335492
|move|p2a: Porygon-Z|Tri Attack|p1a: Raging Bombshell
|-damage|p1a: Raging Bombshell|21/100
|move|p1a: Raging Bombshell|Dragon Pulse|p2a: Porygon-Z
|-damage|p2a: Porygon-Z|25/100
|
|-heal|p2a: Porygon-Z|31/100|[from] Grassy Terrain
|-heal|p1a: Raging Bombshell|27/100|[from] Grassy Terrain
|-heal|p1a: Raging Bombshell|33/100|[from] item: Leftovers
|-fieldend|move: Grassy Terrain
|upkeep
|turn|7
|inactive|fregene97 has 120 seconds left.
|
|t:|1781335522
|move|p1a: Raging Bombshell|Thunderclap|p2a: Porygon-Z
|-damage|p2a: Porygon-Z|0 fnt
|faint|p2a: Porygon-Z
|
|-heal|p1a: Raging Bombshell|39/100|[from] item: Leftovers
|upkeep
|
|t:|1781335525
|switch|p2a: Great Tusk|Great Tusk|100/100
|-enditem|p2a: Great Tusk|Booster Energy
|-activate|p2a: Great Tusk|ability: Protosynthesis|[fromitem]
|-start|p2a: Great Tusk|protosynthesisspe
|turn|8
|inactive|fregene97 has 120 seconds left.
|
|t:|1781335531
|move|p2a: Great Tusk|Headlong Rush|p1a: Raging Bombshell
|-supereffective|p1a: Raging Bombshell
|-damage|p1a: Raging Bombshell|0 fnt
|-unboost|p2a: Great Tusk|def|1
|-unboost|p2a: Great Tusk|spd|1
|faint|p1a: Raging Bombshell
|-end|p1a: Raging Bombshell|Protosynthesis|[silent]
|
|upkeep
|l|☆fregene97
|inactive|fregene97 disconnected and has a minute to reconnect!
|player|p2|
|
|t:|1781335540
|switch|p1a: Walking Warcrime|Walking Wake|100/100
|-enditem|p1a: Walking Warcrime|Booster Energy
|-activate|p1a: Walking Warcrime|ability: Protosynthesis|[fromitem]
|-start|p1a: Walking Warcrime|protosynthesisspa
|turn|9
|j|☆fregene97
|inactive|fregene97 reconnected and has 130 seconds left.
|player|p2|fregene97|169|
|inactive|fregene97 has 120 seconds left.
|
|t:|1781335556
|move|p2a: Great Tusk|Headlong Rush|p1a: Walking Warcrime
|-damage|p1a: Walking Warcrime|50/100
|-unboost|p2a: Great Tusk|def|1
|-unboost|p2a: Great Tusk|spd|1
|move|p1a: Walking Warcrime|Hydro Pump|p2a: Great Tusk
|-supereffective|p2a: Great Tusk
|-damage|p2a: Great Tusk|0 fnt
|faint|p2a: Great Tusk
|-end|p2a: Great Tusk|Protosynthesis|[silent]
|
|upkeep
|inactive|fregene97 has 120 seconds left.
|
|t:|1781335564
|switch|p2a: Ceruledge|Ceruledge, F|27/100
|turn|10
|
|t:|1781335567
|move|p2a: Ceruledge|Shadow Sneak|p1a: Walking Warcrime
|-damage|p1a: Walking Warcrime|31/100
|move|p1a: Walking Warcrime|Dragon Pulse|p2a: Ceruledge
|-damage|p2a: Ceruledge|0 fnt
|faint|p2a: Ceruledge
|
|upkeep
|
|t:|1781335569
|switch|p2a: Greninja|Greninja, M|100/100
|turn|11
|
|t:|1781335576
|move|p2a: Greninja|Dark Pulse|p1a: Walking Warcrime
|-damage|p1a: Walking Warcrime|0 fnt
|faint|p1a: Walking Warcrime
|-end|p1a: Walking Warcrime|Protosynthesis|[silent]
|-ability|p2a: Greninja|Battle Bond|boost
|-boost|p2a: Greninja|atk|1
|-boost|p2a: Greninja|spa|1
|-boost|p2a: Greninja|spe|1
|-activate|p2a: Greninja|ability: Battle Bond
|-damage|p2a: Greninja|91/100|[from] item: Life Orb
|
|upkeep
|
|t:|1781335585
|switch|p1a: Iron Villain|Iron Valiant|100/100
|-enditem|p1a: Iron Villain|Booster Energy
|-activate|p1a: Iron Villain|ability: Quark Drive|[fromitem]
|-start|p1a: Iron Villain|quarkdrivespe
|turn|12
|inactive|fregene97 has 120 seconds left.
|l|☆fregene97
|inactive|fregene97 disconnected and has a minute to reconnect!
|player|p2|
|j|☆fregene97
|inactive|fregene97 reconnected and has 90 seconds left.
|player|p2|fregene97|169|
|
|t:|1781335650
|-terastallize|p2a: Greninja|Water
|move|p2a: Greninja|Hydro Pump|p1a: Iron Villain
|-damage|p1a: Iron Villain|0 fnt
|faint|p1a: Iron Villain
|-end|p1a: Iron Villain|Quark Drive|[silent]
|-damage|p2a: Greninja|81/100|[from] item: Life Orb
|
|upkeep
|
|t:|1781335658
|switch|p1a: Great Terror|Great Tusk|100/100
|-enditem|p1a: Great Terror|Booster Energy
|-activate|p1a: Great Terror|ability: Protosynthesis|[fromitem]
|-start|p1a: Great Terror|protosynthesisatk
|turn|13
|
|t:|1781335664
|-terastallize|p1a: Great Terror|Fighting
|move|p2a: Greninja|Ice Beam|p1a: Great Terror
|-damage|p1a: Great Terror|28/100
|-damage|p2a: Greninja|71/100|[from] item: Life Orb
|move|p1a: Great Terror|Close Combat|p2a: Greninja
|-damage|p2a: Greninja|0 fnt
|-unboost|p1a: Great Terror|def|1
|-unboost|p1a: Great Terror|spd|1
|faint|p2a: Greninja
|
|upkeep
|
|t:|1781335673
|switch|p2a: Raging Bolt|Raging Bolt|100/100
|-enditem|p2a: Raging Bolt|Booster Energy
|-activate|p2a: Raging Bolt|ability: Protosynthesis|[fromitem]
|-start|p2a: Raging Bolt|protosynthesisspa
|turn|14
|
|t:|1781335679
|move|p2a: Raging Bolt|Thunderclap|p1a: Great Terror
|-damage|p1a: Great Terror|0 fnt
|faint|p1a: Great Terror
|-end|p1a: Great Terror|Protosynthesis|[silent]
|
|upkeep
|
|t:|1781335683
|switch|p1a: Sandy Stormer|Sandy Shocks|59/100
|turn|15
|
|t:|1781335686
|move|p1a: Sandy Stormer|Earth Power|p2a: Raging Bolt
|-supereffective|p2a: Raging Bolt
|-damage|p2a: Raging Bolt|22/100
|move|p2a: Raging Bolt|Dragon Pulse|p1a: Sandy Stormer
|-damage|p1a: Sandy Stormer|0 fnt
|faint|p1a: Sandy Stormer
|-end|p1a: Sandy Stormer|Protosynthesis|[silent]
|
|win|fregene97
|raw|WindTunnler's rating: 1562 &rarr; <strong>1540</strong><br />(-22 for losing)
|raw|fregene97's rating: 1535 &rarr; <strong>1557</strong><br />(+22 for winning)
|l|☆fregene97
|player|p2|
|c|☆WindTunnler|Gg
|l|☆WindTunnler
|player|p1|
