|j|☆KurisuChestnutOU
|j|☆ILOVEPECHARUNTRAH
|t:|1781171056
|gametype|singles
|player|p1|KurisuChestnutOU|may-contest|1533
|player|p2|ILOVEPECHARUNTRAH|miku-ghost|1616
|gen|9
|tier|[Gen 9] OU
|rated|
|rule|HP Percentage Mod: HP is shown in percentages
|rule|Endless Battle Clause: Forcing endless battles is banned
|rule|Species Clause: Limit one of each Pokémon
|rule|OHKO Clause: OHKO moves are banned
|rule|Evasion Items Clause: Evasion items are banned
|rule|Evasion Moves Clause: Evasion moves are banned
|rule|Evasion Abilities Clause: Evasion abilities are banned
|rule|Sleep Moves Clause: Sleep-inducing moves are banned
|clearpoke
|poke|p1|Hawlucha, F|
|poke|p1|Samurott-Hisui, F|
|poke|p1|Rillaboom, F|
|poke|p1|Gholdengo|
|poke|p1|Kyurem|
|poke|p1|Landorus-Therian, M|
|poke|p2|Torkoal, F|
|poke|p2|Slither Wing|
|poke|p2|Ursaluna, F|
|poke|p2|Hatterene, F|
|poke|p2|Cresselia, F|
|poke|p2|Diancie|
|teampreview
|inactive|Battle timer is ON: inactive players will automatically lose when time's up. (requested by KurisuChestnutOU)
|j| Mega Delibird X
|
|t:|1781171081
|teamsize|p1|6
|teamsize|p2|6
|start
|switch|p1a: Kyurem|Kyurem|100/100
|switch|p2a: Slither Wing|Slither Wing|100/100
|-ability|p1a: Kyurem|Pressure
|turn|1
|
|t:|1781171091
|move|p1a: Kyurem|Ice Beam|p2a: Slither Wing
|-damage|p2a: Slither Wing|59/100
|move|p2a: Slither Wing|Close Combat|p1a: Kyurem
|-supereffective|p1a: Kyurem
|-damage|p1a: Kyurem|0 fnt
|-unboost|p2a: Slither Wing|def|1
|-unboost|p2a: Slither Wing|spd|1
|faint|p1a: Kyurem
|-damage|p2a: Slither Wing|49/100|[from] item: Life Orb
|
|upkeep
|j| Puyu paz
|
|t:|1781171098
|switch|p1a: Rillaboom|Rillaboom, F|100/100
|-fieldstart|move: Grassy Terrain|[from] ability: Grassy Surge|[of] p1a: Rillaboom
|turn|2
|inactive|ILOVEPECHARUNTRAH has 120 seconds left.
|
|t:|1781171132
|move|p1a: Rillaboom|Wood Hammer|p2a: Slither Wing
|-resisted|p2a: Slither Wing
|-damage|p2a: Slither Wing|0 fnt
|faint|p2a: Slither Wing
|-end|p2a: Slither Wing|Protosynthesis|[silent]
|-damage|p1a: Rillaboom|84/100|[from] Recoil
|
|-heal|p1a: Rillaboom|90/100|[from] Grassy Terrain
|upkeep
|inactive|ILOVEPECHARUNTRAH has 120 seconds left.
|
|t:|1781171143
|switch|p2a: Cresselia|Cresselia, F|100/100
|turn|3
|
|t:|1781171148
|move|p1a: Rillaboom|Swords Dance|p1a: Rillaboom
|-boost|p1a: Rillaboom|atk|2
|move|p2a: Cresselia|Trick Room|p2a: Cresselia
|-fieldstart|move: Trick Room|[of] p2a: Cresselia
|
|-heal|p1a: Rillaboom|97/100|[from] Grassy Terrain
|upkeep
|turn|4
|inactive|ILOVEPECHARUNTRAH has 120 seconds left.
|
|t:|1781171168
|move|p2a: Cresselia|Lunar Dance|p2a: Cresselia
|faint|p2a: Cresselia
|move|p1a: Rillaboom|Knock Off|p2: Cresselia|[notarget]
|-fail|p1a: Rillaboom
|
|-heal|p1a: Rillaboom|100/100|[from] Grassy Terrain
|upkeep
|
|t:|1781171171
|switch|p2a: Torkoal|Torkoal, F|100/100
|-weather|SunnyDay|[from] ability: Drought|[of] p2a: Torkoal
|turn|5
|
|t:|1781171180
|move|p2a: Torkoal|Flamethrower|p1a: Rillaboom
|-supereffective|p1a: Rillaboom
|-crit|p1a: Rillaboom
|-damage|p1a: Rillaboom|0 fnt
|faint|p1a: Rillaboom
|
|-weather|SunnyDay|[upkeep]
|upkeep
|
|t:|1781171184
|switch|p1a: Samurott|Samurott-Hisui, F|100/100
|turn|6
|
|t:|1781171189
|switch|p2a: Diancie|Diancie|100/100
|move|p1a: Samurott|Ceaseless Edge|p2a: Diancie
|-resisted|p2a: Diancie
|-damage|p2a: Diancie|85/100
|-sidestart|p2: ILOVEPECHARUNTRAH|Spikes
|
|-weather|SunnyDay|[upkeep]
|-heal|p2a: Diancie|91/100|[from] Grassy Terrain
|-fieldend|move: Grassy Terrain
|upkeep
|turn|7
|
|t:|1781171214
|move|p2a: Diancie|Earth Power|p1a: Samurott
|-damage|p1a: Samurott|82/100
|move|p1a: Samurott|Ceaseless Edge|p2a: Diancie
|-resisted|p2a: Diancie
|-damage|p2a: Diancie|74/100
|-sidestart|p2: ILOVEPECHARUNTRAH|Spikes
|
|-weather|SunnyDay|[upkeep]
|-fieldend|move: Trick Room
|upkeep
|turn|8
|
|t:|1781171219
|move|p1a: Samurott|Flip Turn|p2a: Diancie
|-supereffective|p2a: Diancie
|-damage|p2a: Diancie|55/100
|
|t:|1781171225
|switch|p1a: Gholdengo|Gholdengo|100/100|[from] Flip Turn
|move|p2a: Diancie|Trick Room|p2a: Diancie
|-fieldstart|move: Trick Room|[of] p2a: Diancie
|
|-weather|SunnyDay|[upkeep]
|upkeep
|turn|9
|
|t:|1781171238
|move|p2a: Diancie|Meteor Beam||[still]
|-prepare|p2a: Diancie|Meteor Beam
|-boost|p2a: Diancie|spa|1
|-enditem|p2a: Diancie|Power Herb
|-anim|p2a: Diancie|Meteor Beam|p1a: Gholdengo
|-resisted|p1a: Gholdengo
|-damage|p1a: Gholdengo|48/100
|move|p1a: Gholdengo|Make It Rain|p2a: Diancie
|-supereffective|p2a: Diancie
|-damage|p2a: Diancie|0 fnt
|-unboost|p1a: Gholdengo|spa|1
|faint|p2a: Diancie
|
|-weather|none
|upkeep
|
|t:|1781171243
|switch|p2a: Torkoal|Torkoal, F|100/100
|-heal|p2a: Torkoal|100/100|[from] move: Lunar Dance
|-damage|p2a: Torkoal|84/100|[from] Spikes
|-weather|SunnyDay|[from] ability: Drought|[of] p2a: Torkoal
|turn|10
|
|t:|1781171250
|switch|p1a: Samurott|Samurott-Hisui, F|82/100
|move|p2a: Torkoal|Eruption|p1a: Samurott
|-resisted|p1a: Samurott
|-damage|p1a: Samurott|44/100
|
|-weather|SunnyDay|[upkeep]
|upkeep
|turn|11
|
|t:|1781171275
|-terastallize|p2a: Torkoal|Fire
|move|p2a: Torkoal|Eruption|p1a: Samurott
|-resisted|p1a: Samurott
|-damage|p1a: Samurott|0 fnt
|faint|p1a: Samurott
|
|-weather|SunnyDay|[upkeep]
|upkeep
|
|t:|1781171280
|switch|p1a: Gholdengo|Gholdengo|48/100
|turn|12
|
|t:|1781171285
|move|p2a: Torkoal|Eruption|p1a: Gholdengo
|-supereffective|p1a: Gholdengo
|-damage|p1a: Gholdengo|0 fnt
|faint|p1a: Gholdengo
|
|-weather|SunnyDay|[upkeep]
|-fieldend|move: Trick Room
|upkeep
|
|t:|1781171293
|switch|p1a: Landorus|Landorus-Therian, M|100/100
|-ability|p1a: Landorus|Intimidate|boost
|-unboost|p2a: Torkoal|atk|1
|turn|13
|
|t:|1781171298
|switch|p2a: Ursaluna|Ursaluna, F|100/100
|-damage|p2a: Ursaluna|84/100|[from] Spikes
|move|p1a: Landorus|Earth Power|p2a: Ursaluna
|-damage|p2a: Ursaluna|58/100
|-unboost|p2a: Ursaluna|spd|1
|
|-weather|SunnyDay|[upkeep]
|-status|p2a: Ursaluna|brn|[from] item: Flame Orb
|upkeep
|turn|14
|
|t:|1781171303
|move|p1a: Landorus|Stealth Rock|p2a: Ursaluna
|-sidestart|p2: ILOVEPECHARUNTRAH|move: Stealth Rock
|move|p2a: Ursaluna|Facade|p1a: Landorus
|-damage|p1a: Landorus|0 fnt
|-damage|p2a: Ursaluna|41/100 brn|[from] item: Rocky Helmet|[of] p1a: Landorus
|faint|p1a: Landorus
|
|-weather|none
|-damage|p2a: Ursaluna|35/100 brn|[from] brn
|upkeep
|
|t:|1781171310
|switch|p1a: Hawlucha|Hawlucha, F|100/100
|turn|15
|
|t:|1781171331
|-terastallize|p1a: Hawlucha|Steel
|move|p1a: Hawlucha|Swords Dance|p1a: Hawlucha
|-boost|p1a: Hawlucha|atk|2
|move|p2a: Ursaluna|Fire Punch|p1a: Hawlucha
|-supereffective|p1a: Hawlucha
|-damage|p1a: Hawlucha|0 fnt
|faint|p1a: Hawlucha
|
|win|ILOVEPECHARUNTRAH
|raw|KurisuChestnutOU's rating: 1566 &rarr; <strong>1549</strong><br />(-17 for losing)
|raw|ILOVEPECHARUNTRAH's rating: 1616 &rarr; <strong>1633</strong><br />(+17 for winning)
|l|☆KurisuChestnutOU
|player|p1|
|c|☆ILOVEPECHARUNTRAH|gg
|l| Puyu paz
|l|☆ILOVEPECHARUNTRAH
|player|p2|
|j| biryanireqs
|l| Mega Delibird X
|l| biryanireqs
|j| ohmysquidward
