|j|☆Catalyxx
|j|☆JacquesDeAlderberg
|t:|1780954723
|gametype|singles
|player|p1|Catalyxx|roxie-masters|1549
|player|p2|JacquesDeAlderberg|169|1677
|gen|9
|tier|[Gen 9] OU
|rated|
|rule|HP Percentage Mod: HP is shown in percentages
|rule|Endless Battle Clause: Forcing endless battles is banned
|rule|Species Clause: Limit one of each Pokémon
|rule|OHKO Clause: OHKO moves are banned
|rule|Evasion Items Clause: Evasion items are banned
|rule|Evasion Moves Clause: Evasion moves are banned
|rule|Evasion Abilities Clause: Evasion abilities are banned
|rule|Sleep Moves Clause: Sleep-inducing moves are banned
|clearpoke
|poke|p1|Arcanine-Hisui, M|
|poke|p1|Dragapult, F|
|poke|p1|Scizor, M|
|poke|p1|Landorus-Therian, M|
|poke|p1|Ogerpon-Wellspring, F|
|poke|p1|Kingambit, F|
|poke|p2|Clodsire, F|
|poke|p2|Conkeldurr, M|
|poke|p2|Zapdos|
|poke|p2|Ceruledge, F|
|poke|p2|Skarmory, M|
|poke|p2|Sinistcha|
|teampreview
|j| Dom225
|inactive|Battle timer is ON: inactive players will automatically lose when time's up. (requested by JacquesDeAlderberg)
|
|t:|1780954739
|teamsize|p1|6
|teamsize|p2|6
|start
|switch|p1a: Landorus|Landorus-Therian, M|100/100
|switch|p2a: Zapdos|Zapdos|100/100
|-ability|p2a: Zapdos|Pressure
|-ability|p1a: Landorus|Intimidate|boost
|-unboost|p2a: Zapdos|atk|1
|turn|1
|
|t:|1780954747
|move|p2a: Zapdos|Hurricane|p1a: Landorus
|-damage|p1a: Landorus|35/100
|-start|p1a: Landorus|confusion
|-activate|p1a: Landorus|confusion
|move|p1a: Landorus|Stealth Rock|p2a: Zapdos
|-sidestart|p2: JacquesDeAlderberg|move: Stealth Rock
|
|upkeep
|turn|2
|
|t:|1780954767
|switch|p1a: Kingambit|Kingambit, F|100/100
|move|p2a: Zapdos|Volt Switch|p1a: Kingambit
|-damage|p1a: Kingambit|63/100
|
|t:|1780954776
|switch|p2a: Conkeldurr|Conkeldurr, M|100/100|[from] Volt Switch
|-damage|p2a: Conkeldurr|94/100|[from] Stealth Rock
|
|upkeep
|turn|3
|
|t:|1780954793
|-end|p1a: Kingambit|fallenundefined|[silent]
|switch|p1a: Landorus|Landorus-Therian, M|35/100
|-ability|p1a: Landorus|Intimidate|boost
|-unboost|p2a: Conkeldurr|atk|1
|move|p2a: Conkeldurr|Ice Punch|p1a: Landorus
|-supereffective|p1a: Landorus
|-damage|p1a: Landorus|0 fnt
|-damage|p2a: Conkeldurr|78/100|[from] item: Rocky Helmet|[of] p1a: Landorus
|faint|p1a: Landorus
|
|upkeep
|j| Fat_Yogi
|
|t:|1780954801
|switch|p1a: Dragapult|Dragapult, F, shiny|100/100
|turn|4
|inactive|JacquesDeAlderberg has 120 seconds left.
|inactive|Catalyxx has 120 seconds left.
|
|t:|1780954853
|move|p1a: Dragapult|U-turn|p2a: Conkeldurr
|-resisted|p2a: Conkeldurr
|-damage|p2a: Conkeldurr|71/100
|
|t:|1780954856
|switch|p1a: Scizor|Scizor, M|100/100|[from] U-turn
|move|p2a: Conkeldurr|Knock Off|p1a: Scizor
|-damage|p1a: Scizor|81/100
|-enditem|p1a: Scizor|Heavy-Duty Boots|[from] move: Knock Off|[of] p2a: Conkeldurr
|
|upkeep
|turn|5
|inactive|JacquesDeAlderberg has 120 seconds left.
|
|t:|1780954871
|move|p1a: Scizor|Swords Dance|p1a: Scizor
|-boost|p1a: Scizor|atk|2
|move|p2a: Conkeldurr|Drain Punch|p1a: Scizor
|-damage|p1a: Scizor|58/100
|-heal|p2a: Conkeldurr|81/100|[from] drain|[of] p1a: Scizor
|
|upkeep
|turn|6
|
|t:|1780954878
|switch|p2a: Skarmory|Skarmory, M|100/100
|-damage|p2a: Skarmory|88/100|[from] Stealth Rock
|move|p1a: Scizor|Knock Off|p2a: Skarmory
|-damage|p2a: Skarmory|41/100
|-enditem|p2a: Skarmory|Leftovers|[from] move: Knock Off|[of] p1a: Scizor
|
|upkeep
|turn|7
|
|t:|1780954886
|switch|p1a: Dragapult|Dragapult, F, shiny|100/100
|move|p2a: Skarmory|Roost|p2a: Skarmory
|-heal|p2a: Skarmory|91/100
|-singleturn|p2a: Skarmory|move: Roost
|
|upkeep
|turn|8
|
|t:|1780954892
|move|p1a: Dragapult|Shadow Ball|p2a: Skarmory
|-damage|p2a: Skarmory|35/100
|move|p2a: Skarmory|Spikes|p1a: Dragapult
|-sidestart|p1: Catalyxx|Spikes
|
|upkeep
|turn|9
|
|t:|1780954903
|switch|p1a: Ogerpon|Ogerpon-Wellspring, F|100/100
|-damage|p1a: Ogerpon|88/100|[from] Spikes
|switch|p2a: Clodsire|Clodsire, F|100/100
|-damage|p2a: Clodsire|94/100|[from] Stealth Rock
|
|-heal|p2a: Clodsire|100/100|[from] item: Leftovers
|upkeep
|turn|10
|
|t:|1780954913
|move|p1a: Ogerpon|Taunt|p2a: Clodsire
|-start|p2a: Clodsire|move: Taunt
|cant|p2a: Clodsire|move: Taunt|Toxic
|
|upkeep
|turn|11
|
|t:|1780954918
|switch|p2a: Sinistcha|Sinistcha|100/100
|move|p1a: Ogerpon|Ivy Cudgel|p2a: Sinistcha|[anim] Ivy Cudgel Water
|-resisted|p2a: Sinistcha
|-damage|p2a: Sinistcha|79/100
|
|upkeep
|turn|12
|
|t:|1780954923
|move|p1a: Ogerpon|U-turn|p2a: Sinistcha
|-damage|p2a: Sinistcha|59/100
|
|t:|1780954927
|switch|p1a: Kingambit|Kingambit, F|63/100|[from] U-turn
|-damage|p1a: Kingambit|50/100|[from] Spikes
|-activate|p1a: Kingambit|ability: Supreme Overlord
|-start|p1a: Kingambit|fallen1|[silent]
|move|p2a: Sinistcha|Matcha Gotcha|p1a: Kingambit
|-resisted|p1a: Kingambit
|-damage|p1a: Kingambit|33/100
|-heal|p2a: Sinistcha|68/100|[from] drain|[of] p1a: Kingambit
|
|upkeep
|turn|13
|
|t:|1780954934
|move|p2a: Sinistcha|Strength Sap|p1a: Kingambit
|-unboost|p1a: Kingambit|atk|1
|-heal|p2a: Sinistcha|100/100
|move|p1a: Kingambit|Swords Dance|p1a: Kingambit
|-boost|p1a: Kingambit|atk|2
|
|upkeep
|turn|14
|
|t:|1780954937
|move|p2a: Sinistcha|Iron Defense|p2a: Sinistcha
|-boost|p2a: Sinistcha|def|2
|move|p1a: Kingambit|Kowtow Cleave|p2a: Sinistcha
|-supereffective|p2a: Sinistcha
|-damage|p2a: Sinistcha|36/100
|
|upkeep
|turn|15
|
|t:|1780954942
|move|p2a: Sinistcha|Strength Sap|p1a: Kingambit
|-unboost|p1a: Kingambit|atk|1
|-heal|p2a: Sinistcha|100/100
|move|p1a: Kingambit|Swords Dance|p1a: Kingambit
|-boost|p1a: Kingambit|atk|2
|
|upkeep
|turn|16
|
|t:|1780954945
|move|p2a: Sinistcha|Iron Defense|p2a: Sinistcha
|-boost|p2a: Sinistcha|def|2
|move|p1a: Kingambit|Kowtow Cleave|p2a: Sinistcha
|-supereffective|p2a: Sinistcha
|-damage|p2a: Sinistcha|42/100
|
|upkeep
|turn|17
|
|t:|1780954947
|move|p2a: Sinistcha|Strength Sap|p1a: Kingambit
|-unboost|p1a: Kingambit|atk|1
|-heal|p2a: Sinistcha|100/100
|move|p1a: Kingambit|Swords Dance|p1a: Kingambit
|-boost|p1a: Kingambit|atk|2
|
|upkeep
|turn|18
|
|t:|1780954950
|move|p2a: Sinistcha|Iron Defense|p2a: Sinistcha
|-boost|p2a: Sinistcha|def|2
|move|p1a: Kingambit|Kowtow Cleave|p2a: Sinistcha
|-supereffective|p2a: Sinistcha
|-damage|p2a: Sinistcha|51/100
|
|upkeep
|turn|19
|
|t:|1780954953
|move|p2a: Sinistcha|Matcha Gotcha|p1a: Kingambit
|-resisted|p1a: Kingambit
|-damage|p1a: Kingambit|13/100
|-heal|p2a: Sinistcha|61/100|[from] drain|[of] p1a: Kingambit
|move|p1a: Kingambit|Swords Dance|p1a: Kingambit
|-boost|p1a: Kingambit|atk|2
|
|upkeep
|turn|20
|
|t:|1780954955
|move|p2a: Sinistcha|Strength Sap|p1a: Kingambit
|-unboost|p1a: Kingambit|atk|1
|-heal|p2a: Sinistcha|100/100
|move|p1a: Kingambit|Kowtow Cleave|p2a: Sinistcha
|-supereffective|p2a: Sinistcha
|-damage|p2a: Sinistcha|44/100
|
|upkeep
|turn|21
|
|t:|1780954958
|move|p1a: Kingambit|Sucker Punch||[still]
|-fail|p1a: Kingambit
|move|p2a: Sinistcha|Strength Sap|p1a: Kingambit
|-unboost|p1a: Kingambit|atk|1
|-heal|p2a: Sinistcha|100/100
|
|upkeep
|turn|22
|
|t:|1780954961
|move|p2a: Sinistcha|Matcha Gotcha|p1a: Kingambit
|-resisted|p1a: Kingambit
|-damage|p1a: Kingambit|0 fnt
|faint|p1a: Kingambit
|-end|p1a: Kingambit|fallen1|[silent]
|
|upkeep
|
|t:|1780954965
|switch|p1a: Dragapult|Dragapult, F, shiny|100/100
|-damage|p1a: Dragapult|88/100|[from] Spikes
|turn|23
|
|t:|1780954970
|switch|p2a: Clodsire|Clodsire, F|100/100
|-damage|p2a: Clodsire|94/100|[from] Stealth Rock
|move|p1a: Dragapult|Shadow Ball|p2a: Clodsire
|-damage|p2a: Clodsire|60/100
|-unboost|p2a: Clodsire|spd|1
|
|-heal|p2a: Clodsire|66/100|[from] item: Leftovers
|upkeep
|turn|24
|
|t:|1780954978
|switch|p2a: Skarmory|Skarmory, M|35/100
|-damage|p2a: Skarmory|23/100|[from] Stealth Rock
|move|p1a: Dragapult|Shadow Ball|p2a: Skarmory
|-crit|p2a: Skarmory
|-damage|p2a: Skarmory|0 fnt
|faint|p2a: Skarmory
|
|upkeep
|
|t:|1780954980
|switch|p2a: Clodsire|Clodsire, F|66/100
|-damage|p2a: Clodsire|60/100|[from] Stealth Rock
|turn|25
|
|t:|1780954994
|switch|p1a: Arcanine|Arcanine-Hisui, M|100/100
|move|p2a: Clodsire|Recover|p2a: Clodsire
|-heal|p2a: Clodsire|100/100
|
|upkeep
|turn|26
|
|t:|1780955001
|move|p1a: Arcanine|Will-O-Wisp|p2a: Clodsire
|-status|p2a: Clodsire|brn
|move|p2a: Clodsire|Stealth Rock|p1a: Arcanine
|-sidestart|p1: Catalyxx|move: Stealth Rock
|
|-damage|p2a: Clodsire|94/100 brn|[from] brn
|upkeep
|turn|27
|
|t:|1780955016
|move|p1a: Arcanine|Flare Blitz|p2a: Clodsire
|-damage|p2a: Clodsire|47/100 brn
|move|p2a: Clodsire|Toxic|p1a: Arcanine
|-status|p1a: Arcanine|tox
|
|-heal|p2a: Clodsire|53/100 brn|[from] item: Leftovers
|-damage|p1a: Arcanine|94/100 tox|[from] psn
|-damage|p2a: Clodsire|47/100 brn|[from] brn
|upkeep
|turn|28
|
|t:|1780955027
|switch|p2a: Ceruledge|Ceruledge, F|100/100
|move|p1a: Arcanine|Flare Blitz|p2a: Ceruledge
|-start|p2a: Ceruledge|ability: Flash Fire
|
|-damage|p1a: Arcanine|82/100 tox|[from] psn
|upkeep
|turn|29
|
|t:|1780955033
|-end|p2a: Ceruledge|ability: Flash Fire|[silent]
|switch|p2a: Sinistcha|Sinistcha|100/100
|move|p1a: Arcanine|Head Smash|p2a: Sinistcha
|-damage|p2a: Sinistcha|43/100
|
|-damage|p1a: Arcanine|64/100 tox|[from] psn
|upkeep
|turn|30
|
|t:|1780955038
|move|p1a: Arcanine|Head Smash|p2a: Sinistcha|[miss]
|-miss|p1a: Arcanine|p2a: Sinistcha
|move|p2a: Sinistcha|Strength Sap|p1a: Arcanine
|-unboost|p1a: Arcanine|atk|1
|-heal|p2a: Sinistcha|100/100
|
|-damage|p1a: Arcanine|40/100 tox|[from] psn
|upkeep
|turn|31
|
|t:|1780955045
|switch|p1a: Scizor|Scizor, M|58/100
|-damage|p1a: Scizor|46/100|[from] Spikes
|-damage|p1a: Scizor|34/100|[from] Stealth Rock
|move|p2a: Sinistcha|Strength Sap|p1a: Scizor
|-unboost|p1a: Scizor|atk|1
|
|upkeep
|turn|32
|
|t:|1780955048
|move|p2a: Sinistcha|Shadow Ball|p1a: Scizor
|-damage|p1a: Scizor|0 fnt
|faint|p1a: Scizor
|
|upkeep
|
|t:|1780955051
|switch|p1a: Dragapult|Dragapult, F, shiny|88/100
|-damage|p1a: Dragapult|76/100|[from] Spikes
|-damage|p1a: Dragapult|64/100|[from] Stealth Rock
|turn|33
|
|t:|1780955059
|switch|p2a: Clodsire|Clodsire, F|47/100 brn
|-damage|p2a: Clodsire|41/100 brn|[from] Stealth Rock
|move|p1a: Dragapult|Shadow Ball|p2a: Clodsire
|-damage|p2a: Clodsire|3/100 brn
|
|-heal|p2a: Clodsire|9/100 brn|[from] item: Leftovers
|-damage|p2a: Clodsire|3/100 brn|[from] brn
|upkeep
|turn|34
|
|t:|1780955062
|move|p1a: Dragapult|Shadow Ball|p2a: Clodsire
|-damage|p2a: Clodsire|0 fnt
|faint|p2a: Clodsire
|
|upkeep
|
|t:|1780955067
|switch|p2a: Conkeldurr|Conkeldurr, M|81/100
|-damage|p2a: Conkeldurr|75/100|[from] Stealth Rock
|turn|35
|
|t:|1780955073
|-terastallize|p1a: Dragapult|Ghost
|move|p1a: Dragapult|Shadow Ball|p2a: Conkeldurr
|-damage|p2a: Conkeldurr|33/100
|move|p2a: Conkeldurr|Knock Off|p1a: Dragapult
|-supereffective|p1a: Dragapult
|-damage|p1a: Dragapult|0 fnt
|-enditem|p1a: Dragapult|Choice Specs|[from] move: Knock Off|[of] p2a: Conkeldurr
|faint|p1a: Dragapult
|
|upkeep
|-message|Catalyxx forfeited.
|
|win|JacquesDeAlderberg
|raw|Catalyxx's rating: 1549 &rarr; <strong>1536</strong><br />(-13 for losing)
|raw|JacquesDeAlderberg's rating: 1677 &rarr; <strong>1690</strong><br />(+13 for winning)
|l|☆Catalyxx
|player|p1|
|l|☆JacquesDeAlderberg
|player|p2|
|l| Dom225
|l| Fat_Yogi
