|j|☆erhai
|j|☆juli<33
|t:|1781198576
|gametype|singles
|player|p1|erhai|1|1658
|player|p2|juli<33|irida|1747
|gen|9
|tier|[Gen 9] OU
|rated|
|rule|HP Percentage Mod: HP is shown in percentages
|rule|Endless Battle Clause: Forcing endless battles is banned
|rule|Species Clause: Limit one of each Pokémon
|rule|OHKO Clause: OHKO moves are banned
|rule|Evasion Items Clause: Evasion items are banned
|rule|Evasion Moves Clause: Evasion moves are banned
|rule|Evasion Abilities Clause: Evasion abilities are banned
|rule|Sleep Moves Clause: Sleep-inducing moves are banned
|clearpoke
|poke|p1|Iron Jugulis|
|poke|p1|Ogerpon, F|
|poke|p1|Scizor, M|
|poke|p1|Latios, M|
|poke|p1|Manaphy|
|poke|p1|Sandy Shocks|
|poke|p2|Great Tusk|
|poke|p2|Slowking-Galar, M|
|poke|p2|Corviknight, F|
|poke|p2|Clefable, F|
|poke|p2|Samurott-Hisui, M|
|poke|p2|Dragapult, F|
|teampreview
|inactive|Battle timer is ON: inactive players will automatically lose when time's up. (requested by juli<33)
|
|t:|1781198597
|teamsize|p1|6
|teamsize|p2|6
|start
|switch|p1a: Sandy Shocks|Sandy Shocks|100/100
|switch|p2a: Loxodonta|Great Tusk|100/100
|-enditem|p1a: Sandy Shocks|Booster Energy
|-activate|p1a: Sandy Shocks|ability: Protosynthesis|[fromitem]
|-start|p1a: Sandy Shocks|protosynthesisspe
|turn|1
|
|t:|1781198613
|move|p1a: Sandy Shocks|Earth Power|p2a: Loxodonta
|-damage|p2a: Loxodonta|31/100
|move|p2a: Loxodonta|Headlong Rush|p1a: Sandy Shocks
|-supereffective|p1a: Sandy Shocks
|-damage|p1a: Sandy Shocks|0 fnt
|-unboost|p2a: Loxodonta|def|1
|-unboost|p2a: Loxodonta|spd|1
|faint|p1a: Sandy Shocks
|-end|p1a: Sandy Shocks|Protosynthesis|[silent]
|
|-heal|p2a: Loxodonta|37/100|[from] item: Leftovers
|upkeep
|j| roarcat
|inactive|erhai has 120 seconds left.
|
|t:|1781198645
|switch|p1a: Manaphy|Manaphy, shiny|100/100
|turn|2
|
|t:|1781198649
|move|p1a: Manaphy|Surf|p2a: Loxodonta
|-supereffective|p2a: Loxodonta
|-damage|p2a: Loxodonta|0 fnt
|faint|p2a: Loxodonta
|-end|p2a: Loxodonta|Protosynthesis|[silent]
|
|upkeep
|
|t:|1781198652
|switch|p2a: Alchemist|Slowking-Galar, M|100/100
|turn|3
|
|t:|1781198656
|switch|p1a: Scizor|Scizor, M, shiny|100/100
|move|p2a: Alchemist|Sludge Bomb|p1a: Scizor
|-immune|p1a: Scizor
|
|upkeep
|turn|4
|
|t:|1781198660
|switch|p2a: Voyageur|Corviknight, F|100/100
|-ability|p2a: Voyageur|Pressure
|move|p1a: Scizor|Swords Dance|p1a: Scizor
|-boost|p1a: Scizor|atk|2
|
|upkeep
|turn|5
|
|t:|1781198665
|move|p1a: Scizor|Knock Off|p2a: Voyageur
|-damage|p2a: Voyageur|56/100
|-damage|p1a: Scizor|84/100|[from] item: Rocky Helmet|[of] p2a: Voyageur
|-enditem|p2a: Voyageur|Rocky Helmet|[from] move: Knock Off|[of] p1a: Scizor
|move|p2a: Voyageur|Iron Defense|p2a: Voyageur
|-boost|p2a: Voyageur|def|2
|
|upkeep
|turn|6
|
|t:|1781198669
|switch|p1a: Ogerpon|Ogerpon, F|100/100
|move|p2a: Voyageur|Roost|p2a: Voyageur
|-heal|p2a: Voyageur|100/100
|-singleturn|p2a: Voyageur|move: Roost
|
|upkeep
|turn|7
|
|t:|1781198672
|move|p1a: Ogerpon|Encore|p2a: Voyageur
|-start|p2a: Voyageur|Encore
|move|p2a: Voyageur|Roost||[still]
|-fail|p2a: Voyageur|heal
|
|upkeep
|turn|8
|j| kopkwepd
|
|t:|1781198680
|switch|p2a: P!nk|Clefable, F|100/100
|move|p1a: Ogerpon|Swords Dance|p1a: Ogerpon
|-boost|p1a: Ogerpon|atk|2
|
|upkeep
|turn|9
|
|t:|1781198684
|switch|p2a: Voyageur|Corviknight, F|100/100
|-ability|p2a: Voyageur|Pressure
|move|p1a: Ogerpon|Ivy Cudgel|p2a: Voyageur
|-resisted|p2a: Voyageur
|-crit|p2a: Voyageur
|-damage|p2a: Voyageur|79/100
|
|upkeep
|turn|10
|
|t:|1781198695
|switch|p1a: Manaphy|Manaphy, shiny|100/100
|move|p2a: Voyageur|U-turn|p1a: Manaphy
|-damage|p1a: Manaphy|85/100
|
|t:|1781198700
|switch|p2a: Alchemist|Slowking-Galar, M|100/100|[from] U-turn
|
|upkeep
|turn|11
|
|t:|1781198702
|move|p1a: Manaphy|Tail Glow|p1a: Manaphy
|-boost|p1a: Manaphy|spa|3
|move|p2a: Alchemist|Flamethrower|p1a: Manaphy
|-resisted|p1a: Manaphy
|-damage|p1a: Manaphy|71/100
|
|upkeep
|turn|12
|
|t:|1781198705
|move|p1a: Manaphy|Tail Glow|p1a: Manaphy
|-boost|p1a: Manaphy|spa|3
|move|p2a: Alchemist|Sludge Bomb|p1a: Manaphy
|-damage|p1a: Manaphy|31/100
|
|upkeep
|turn|13
|
|t:|1781198709
|move|p1a: Manaphy|Surf|p2a: Alchemist
|-damage|p2a: Alchemist|30/100
|move|p2a: Alchemist|Sludge Bomb|p1a: Manaphy
|-damage|p1a: Manaphy|0 fnt
|faint|p1a: Manaphy
|
|upkeep
|
|t:|1781198724
|switch|p1a: Scizor|Scizor, M, shiny|84/100
|turn|14
|
|t:|1781198728
|switch|p2a: Voyageur|Corviknight, F|79/100
|-ability|p2a: Voyageur|Pressure
|move|p1a: Scizor|Swords Dance|p1a: Scizor
|-boost|p1a: Scizor|atk|2
|
|upkeep
|turn|15
|
|t:|1781198736
|move|p1a: Scizor|Close Combat|p2a: Voyageur
|-damage|p2a: Voyageur|21/100
|-unboost|p1a: Scizor|def|1
|-unboost|p1a: Scizor|spd|1
|move|p2a: Voyageur|Roost|p2a: Voyageur
|-heal|p2a: Voyageur|71/100
|-singleturn|p2a: Voyageur|move: Roost
|
|upkeep
|turn|16
|
|t:|1781198746
|move|p1a: Scizor|Close Combat|p2a: Voyageur
|-damage|p2a: Voyageur|14/100
|-unboost|p1a: Scizor|def|1
|-unboost|p1a: Scizor|spd|1
|move|p2a: Voyageur|Roost|p2a: Voyageur
|-heal|p2a: Voyageur|64/100
|-singleturn|p2a: Voyageur|move: Roost
|
|upkeep
|turn|17
|
|t:|1781198751
|switch|p2a: Bull's-eye|Dragapult, F|100/100
|move|p1a: Scizor|Close Combat|p2a: Bull's-eye
|-immune|p2a: Bull's-eye
|
|upkeep
|turn|18
|
|t:|1781198765
|switch|p2a: Jack|Samurott-Hisui, M|100/100
|move|p1a: Scizor|Bullet Punch|p2a: Jack
|-resisted|p2a: Jack
|-crit|p2a: Jack
|-damage|p2a: Jack|26/100
|
|upkeep
|turn|19
|
|t:|1781198776
|move|p1a: Scizor|Bullet Punch|p2a: Jack
|-resisted|p2a: Jack
|-damage|p2a: Jack|0 fnt
|faint|p2a: Jack
|
|upkeep
|
|t:|1781198777
|switch|p2a: Voyageur|Corviknight, F|64/100
|-ability|p2a: Voyageur|Pressure
|turn|20
|
|t:|1781198780
|switch|p2a: Bull's-eye|Dragapult, F|100/100
|move|p1a: Scizor|Close Combat|p2a: Bull's-eye
|-immune|p2a: Bull's-eye
|
|upkeep
|turn|21
|
|t:|1781198797
|switch|p2a: Alchemist|Slowking-Galar, M|63/100
|move|p1a: Scizor|Bullet Punch|p2a: Alchemist
|-damage|p2a: Alchemist|0 fnt
|faint|p2a: Alchemist
|
|upkeep
|
|t:|1781198801
|switch|p2a: Voyageur|Corviknight, F|64/100
|-ability|p2a: Voyageur|Pressure
|turn|22
|
|t:|1781198804
|move|p1a: Scizor|Close Combat|p2a: Voyageur
|-damage|p2a: Voyageur|14/100
|-unboost|p1a: Scizor|def|1
|-unboost|p1a: Scizor|spd|1
|move|p2a: Voyageur|Roost|p2a: Voyageur
|-heal|p2a: Voyageur|64/100
|-singleturn|p2a: Voyageur|move: Roost
|
|upkeep
|turn|23
|
|t:|1781198811
|switch|p1a: Ogerpon|Ogerpon, F|100/100
|move|p2a: Voyageur|Roost|p2a: Voyageur
|-heal|p2a: Voyageur|100/100
|-singleturn|p2a: Voyageur|move: Roost
|
|upkeep
|turn|24
|
|t:|1781198816
|switch|p2a: P!nk|Clefable, F|100/100
|move|p1a: Ogerpon|Swords Dance|p1a: Ogerpon
|-boost|p1a: Ogerpon|atk|2
|
|upkeep
|turn|25
|
|t:|1781198819
|switch|p2a: Voyageur|Corviknight, F|100/100
|-ability|p2a: Voyageur|Pressure
|move|p1a: Ogerpon|Ivy Cudgel|p2a: Voyageur
|-resisted|p2a: Voyageur
|-crit|p2a: Voyageur
|-damage|p2a: Voyageur|78/100
|
|upkeep
|turn|26
|
|t:|1781198823
|move|p1a: Ogerpon|Ivy Cudgel|p2a: Voyageur
|-resisted|p2a: Voyageur
|-damage|p2a: Voyageur|63/100
|move|p2a: Voyageur|U-turn|p1a: Ogerpon
|-supereffective|p1a: Ogerpon
|-damage|p1a: Ogerpon|61/100
|
|t:|1781198825
|switch|p2a: Bull's-eye|Dragapult, F|100/100|[from] U-turn
|
|upkeep
|turn|27
|
|t:|1781198829
|switch|p2a: Voyageur|Corviknight, F|63/100
|-ability|p2a: Voyageur|Pressure
|-terastallize|p1a: Ogerpon|Grass
|detailschange|p1a: Ogerpon|Ogerpon-Teal-Tera, F, tera:Grass
|-ability|p1a: Ogerpon|Embody Aspect (Teal)|boost
|-boost|p1a: Ogerpon|spe|1
|move|p1a: Ogerpon|Ivy Cudgel|p2a: Voyageur
|-resisted|p2a: Voyageur
|-crit|p2a: Voyageur
|-damage|p2a: Voyageur|32/100
|
|upkeep
|turn|28
|
|t:|1781198838
|move|p1a: Ogerpon|Ivy Cudgel|p2a: Voyageur
|-resisted|p2a: Voyageur
|-crit|p2a: Voyageur
|-damage|p2a: Voyageur|4/100
|move|p2a: Voyageur|Roost|p2a: Voyageur
|-heal|p2a: Voyageur|54/100
|-singleturn|p2a: Voyageur|move: Roost
|
|upkeep
|turn|29
|
|t:|1781198845
|move|p1a: Ogerpon|Encore|p2a: Voyageur
|-start|p2a: Voyageur|Encore
|move|p2a: Voyageur|Roost|p2a: Voyageur
|-heal|p2a: Voyageur|100/100
|-singleturn|p2a: Voyageur|move: Roost
|
|-end|p2a: Voyageur|Encore
|upkeep
|turn|30
|
|t:|1781198858
|move|p1a: Ogerpon|Encore||[still]
|-fail|p1a: Ogerpon
|move|p2a: Voyageur|Brave Bird|p1a: Ogerpon
|-supereffective|p1a: Ogerpon
|-damage|p1a: Ogerpon|0 fnt
|faint|p1a: Ogerpon
|detailschange|p1: Ogerpon|Ogerpon, F|[silent]
|-damage|p2a: Voyageur|85/100|[from] Recoil
|
|upkeep
|
|t:|1781198863
|switch|p1a: Latios|Latios, M, shiny|100/100
|turn|31
|
|t:|1781198866
|move|p1a: Latios|Agility|p1a: Latios
|-boost|p1a: Latios|spe|2
|move|p2a: Voyageur|U-turn|p1a: Latios
|-supereffective|p1a: Latios
|-damage|p1a: Latios|71/100
|-enditem|p1a: Latios|Weakness Policy
|-boost|p1a: Latios|atk|2|[from] item: Weakness Policy
|-boost|p1a: Latios|spa|2|[from] item: Weakness Policy
|
|t:|1781198869
|switch|p2a: P!nk|Clefable, F|100/100|[from] U-turn
|
|upkeep
|turn|32
|
|t:|1781198879
|move|p1a: Latios|Stored Power|p2a: P!nk
|-damage|p2a: P!nk|0 fnt
|faint|p2a: P!nk
|
|upkeep
|-message|juli<33 forfeited.
|
|win|erhai
|raw|erhai's rating: 1658 &rarr; <strong>1683</strong><br />(+25 for winning)
|raw|juli&lt;33's rating: 1747 &rarr; <strong>1722</strong><br />(-25 for losing)
|l|☆juli<33
|player|p2|
|l| kopkwepd
|l|☆erhai
|player|p1|
