|j|☆MadeInHeaven25
|j|☆theFirstComing
|t:|1780928930
|gametype|singles
|player|p1|MadeInHeaven25|ghetsis-gen5bw|1566
|player|p2|theFirstComing|1|1564
|gen|9
|tier|[Gen 9] OU
|rated|
|rule|HP Percentage Mod: HP is shown in percentages
|rule|Endless Battle Clause: Forcing endless battles is banned
|rule|Species Clause: Limit one of each Pokémon
|rule|OHKO Clause: OHKO moves are banned
|rule|Evasion Items Clause: Evasion items are banned
|rule|Evasion Moves Clause: Evasion moves are banned
|rule|Evasion Abilities Clause: Evasion abilities are banned
|rule|Sleep Moves Clause: Sleep-inducing moves are banned
|clearpoke
|poke|p1|Rillaboom, F|
|poke|p1|Hawlucha, F|
|poke|p1|Heatran, F|
|poke|p1|Great Tusk|
|poke|p1|Darkrai|
|poke|p1|Primarina, F|
|poke|p2|Iron Jugulis|
|poke|p2|Pelipper, M|
|poke|p2|Raging Bolt|
|poke|p2|Kingambit, M|
|poke|p2|Iron Treads|
|poke|p2|Basculegion, M|
|teampreview
|inactive|Battle timer is ON: inactive players will automatically lose when time's up. (requested by MadeInHeaven25)
|inactive|theFirstComing has 120 seconds left.
|
|t:|1780928970
|teamsize|p1|6
|teamsize|p2|6
|start
|switch|p1a: Darkrai|Darkrai|100/100
|switch|p2a: Iron Treads|Iron Treads|100/100
|-enditem|p2a: Iron Treads|Booster Energy
|-activate|p2a: Iron Treads|ability: Quark Drive|[fromitem]
|-start|p2a: Iron Treads|quarkdrivespe
|turn|1
|
|t:|1780928978
|move|p2a: Iron Treads|Ice Spinner|p1a: Darkrai
|-damage|p1a: Darkrai|68/100
|move|p1a: Darkrai|Dark Pulse|p2a: Iron Treads
|-damage|p2a: Iron Treads|42/100
|
|-heal|p1a: Darkrai|75/100|[from] item: Leftovers
|upkeep
|turn|2
|
|t:|1780928988
|-end|p2a: Iron Treads|Quark Drive|[silent]
|switch|p2a: Kingambit|Kingambit, M|100/100
|-item|p2a: Kingambit|Air Balloon
|move|p1a: Darkrai|Dark Pulse|p2a: Kingambit
|-resisted|p2a: Kingambit
|-damage|p2a: Kingambit|80/100
|-enditem|p2a: Kingambit|Air Balloon
|
|-heal|p1a: Darkrai|81/100|[from] item: Leftovers
|upkeep
|turn|3
|
|t:|1780928998
|switch|p1a: Great Tusk|Great Tusk|100/100
|move|p2a: Kingambit|Iron Head|p1a: Great Tusk
|-damage|p1a: Great Tusk|69/100
|-damage|p2a: Kingambit|64/100|[from] item: Rocky Helmet|[of] p1a: Great Tusk
|
|upkeep
|turn|4
|
|t:|1780929004
|-end|p2a: Kingambit|fallenundefined|[silent]
|switch|p2a: Pelipper|Pelipper, M|100/100
|-weather|RainDance|[from] ability: Drizzle|[of] p2a: Pelipper
|move|p1a: Great Tusk|Knock Off|p2a: Pelipper
|-damage|p2a: Pelipper|79/100
|-enditem|p2a: Pelipper|Damp Rock|[from] move: Knock Off|[of] p1a: Great Tusk
|
|-weather|RainDance|[upkeep]
|upkeep
|turn|5
|
|t:|1780929012
|-end|p1a: Great Tusk|Protosynthesis|[silent]
|switch|p1a: Primarina|Primarina, F|100/100
|move|p2a: Pelipper|U-turn|p1a: Primarina
|-resisted|p1a: Primarina
|-damage|p1a: Primarina|95/100
|
|t:|1780929017
|switch|p2a: Raging Bolt|Raging Bolt|100/100|[from] U-turn
|-enditem|p2a: Raging Bolt|Booster Energy
|-activate|p2a: Raging Bolt|ability: Protosynthesis|[fromitem]
|-start|p2a: Raging Bolt|protosynthesisspa
|
|-weather|RainDance|[upkeep]
|upkeep
|turn|6
|
|t:|1780929031
|move|p1a: Primarina|Moonblast|p2a: Raging Bolt
|-supereffective|p2a: Raging Bolt
|-damage|p2a: Raging Bolt|12/100
|move|p2a: Raging Bolt|Thunder|p1a: Primarina
|-supereffective|p1a: Primarina
|-damage|p1a: Primarina|0 fnt
|faint|p1a: Primarina
|
|-weather|RainDance|[upkeep]
|upkeep
|
|t:|1780929039
|switch|p1a: Rillaboom|Rillaboom, F|100/100
|-fieldstart|move: Grassy Terrain|[from] ability: Grassy Surge|[of] p1a: Rillaboom
|turn|7
|
|t:|1780929043
|-end|p2a: Raging Bolt|Protosynthesis|[silent]
|switch|p2a: Iron Jugulis|Iron Jugulis|100/100
|-enditem|p2a: Iron Jugulis|Booster Energy
|-activate|p2a: Iron Jugulis|ability: Quark Drive|[fromitem]
|-start|p2a: Iron Jugulis|quarkdrivespe
|move|p1a: Rillaboom|Grassy Glide|p2a: Iron Jugulis
|-resisted|p2a: Iron Jugulis
|-damage|p2a: Iron Jugulis|62/100
|
|-weather|RainDance|[upkeep]
|upkeep
|turn|8
|
|t:|1780929050
|switch|p1a: Heatran|Heatran, F|100/100
|move|p2a: Iron Jugulis|Hurricane|p1a: Heatran
|-resisted|p1a: Heatran
|-damage|p1a: Heatran|82/100
|
|-weather|RainDance|[upkeep]
|-heal|p1a: Heatran|88/100|[from] Grassy Terrain
|-heal|p1a: Heatran|94/100|[from] item: Leftovers
|upkeep
|turn|9
|
|t:|1780929055
|move|p2a: Iron Jugulis|Earth Power|p1a: Heatran
|-supereffective|p1a: Heatran
|-damage|p1a: Heatran|19/100
|move|p1a: Heatran|Magma Storm|p2a: Iron Jugulis
|-damage|p2a: Iron Jugulis|37/100
|-activate|p2a: Iron Jugulis|move: Magma Storm|[of] p1a: Heatran
|
|-weather|RainDance|[upkeep]
|-heal|p1a: Heatran|25/100|[from] Grassy Terrain
|-heal|p1a: Heatran|31/100|[from] item: Leftovers
|-damage|p2a: Iron Jugulis|24/100|[from] move: Magma Storm|[partiallytrapped]
|upkeep
|turn|10
|
|t:|1780929061
|move|p2a: Iron Jugulis|Hurricane|p1a: Heatran
|-resisted|p1a: Heatran
|-damage|p1a: Heatran|13/100
|-start|p1a: Heatran|confusion
|-activate|p1a: Heatran|confusion
|move|p1a: Heatran|Stealth Rock|p2a: Iron Jugulis
|-sidestart|p2: theFirstComing|move: Stealth Rock
|
|-weather|RainDance|[upkeep]
|-heal|p1a: Heatran|20/100|[from] Grassy Terrain
|-heal|p1a: Heatran|26/100|[from] item: Leftovers
|-damage|p2a: Iron Jugulis|12/100|[from] move: Magma Storm|[partiallytrapped]
|upkeep
|turn|11
|
|t:|1780929070
|move|p2a: Iron Jugulis|Earth Power|p1a: Heatran
|-supereffective|p1a: Heatran
|-damage|p1a: Heatran|0 fnt
|faint|p1a: Heatran
|
|-weather|none
|-end|p2a: Iron Jugulis|Magma Storm|[partiallytrapped]|[silent]
|-fieldend|move: Grassy Terrain
|upkeep
|
|t:|1780929075
|switch|p1a: Rillaboom|Rillaboom, F|100/100
|-fieldstart|move: Grassy Terrain|[from] ability: Grassy Surge|[of] p1a: Rillaboom
|turn|12
|
|t:|1780929078
|move|p1a: Rillaboom|Grassy Glide|p2a: Iron Jugulis
|-resisted|p2a: Iron Jugulis
|-damage|p2a: Iron Jugulis|0 fnt
|faint|p2a: Iron Jugulis
|-end|p2a: Iron Jugulis|Quark Drive|[silent]
|
|upkeep
|
|t:|1780929092
|switch|p2a: Iron Treads|Iron Treads|42/100
|-damage|p2a: Iron Treads|39/100|[from] Stealth Rock
|turn|13
|
|t:|1780929096
|move|p1a: Rillaboom|Grassy Glide|p2a: Iron Treads
|-damage|p2a: Iron Treads|0 fnt
|faint|p2a: Iron Treads
|-end|p2a: Iron Treads|Quark Drive|[silent]
|
|upkeep
|
|t:|1780929108
|switch|p2a: Pelipper|Pelipper, M|79/100
|-damage|p2a: Pelipper|54/100|[from] Stealth Rock
|-weather|RainDance|[from] ability: Drizzle|[of] p2a: Pelipper
|turn|14
|
|t:|1780929114
|switch|p1a: Darkrai|Darkrai|81/100
|move|p2a: Pelipper|Hurricane|p1a: Darkrai
|-damage|p1a: Darkrai|33/100
|
|-weather|RainDance|[upkeep]
|-heal|p1a: Darkrai|39/100|[from] Grassy Terrain
|-heal|p1a: Darkrai|45/100|[from] item: Leftovers
|upkeep
|turn|15
|
|t:|1780929121
|switch|p2a: Raging Bolt|Raging Bolt|12/100
|-damage|p2a: Raging Bolt|0 fnt|[from] Stealth Rock
|faint|p2a: Raging Bolt
|-end|p2a: Raging Bolt|Protosynthesis|[silent]
|move|p1a: Darkrai|Dark Pulse|p2: Raging Bolt|[notarget]
|-fail|p1a: Darkrai
|
|-weather|RainDance|[upkeep]
|-heal|p1a: Darkrai|51/100|[from] Grassy Terrain
|-heal|p1a: Darkrai|57/100|[from] item: Leftovers
|upkeep
|
|t:|1780929127
|switch|p2a: Basculegion|Basculegion, M|100/100
|-damage|p2a: Basculegion|88/100|[from] Stealth Rock
|turn|16
|
|t:|1780929131
|move|p2a: Basculegion|Wave Crash|p1a: Darkrai
|-damage|p1a: Darkrai|0 fnt
|faint|p1a: Darkrai
|-damage|p2a: Basculegion|74/100|[from] Recoil
|
|-weather|RainDance|[upkeep]
|-heal|p2a: Basculegion|80/100|[from] Grassy Terrain
|-fieldend|move: Grassy Terrain
|upkeep
|
|t:|1780929134
|switch|p1a: Rillaboom|Rillaboom, F|100/100
|-fieldstart|move: Grassy Terrain|[from] ability: Grassy Surge|[of] p1a: Rillaboom
|turn|17
|
|t:|1780929145
|switch|p2a: Kingambit|Kingambit, M|64/100
|-damage|p2a: Kingambit|58/100|[from] Stealth Rock
|-activate|p2a: Kingambit|ability: Supreme Overlord
|-start|p2a: Kingambit|fallen3|[silent]
|move|p1a: Rillaboom|U-turn|p2a: Kingambit
|-damage|p2a: Kingambit|32/100
|
|t:|1780929148
|switch|p1a: Hawlucha|Hawlucha, F|100/100|[from] U-turn
|-enditem|p1a: Hawlucha|Grassy Seed
|-boost|p1a: Hawlucha|def|1|[from] item: Grassy Seed
|
|-weather|RainDance|[upkeep]
|-heal|p2a: Kingambit|38/100|[from] Grassy Terrain
|upkeep
|turn|18
|
|t:|1780929160
|-terastallize|p2a: Kingambit|Ghost
|move|p1a: Hawlucha|Swords Dance|p1a: Hawlucha
|-boost|p1a: Hawlucha|atk|2
|move|p2a: Kingambit|Iron Head|p1a: Hawlucha
|-damage|p1a: Hawlucha|44/100
|
|-weather|none
|-heal|p2a: Kingambit|44/100|[from] Grassy Terrain
|upkeep
|turn|19
|
|t:|1780929169
|move|p2a: Kingambit|Sucker Punch|p1a: Hawlucha
|-resisted|p1a: Hawlucha
|-damage|p1a: Hawlucha|18/100
|move|p1a: Hawlucha|Acrobatics|p2a: Kingambit
|-damage|p2a: Kingambit|0 fnt
|faint|p2a: Kingambit
|-end|p2a: Kingambit|fallen3|[silent]
|
|upkeep
|-message|theFirstComing forfeited.
|
|win|MadeInHeaven25
|raw|MadeInHeaven25's rating: 1566 &rarr; <strong>1586</strong><br />(+20 for winning)
|raw|theFirstComing's rating: 1564 &rarr; <strong>1544</strong><br />(-20 for losing)
|l|☆theFirstComing
|player|p2|
|l|☆MadeInHeaven25
|player|p1|
