|j|☆m5322
|j|☆FireSide_01
|t:|1781275689
|gametype|singles
|player|p1|m5322|2|1500
|player|p2|FireSide_01|janine|1556
|gen|9
|tier|[Gen 9] OU
|rated|
|rule|HP Percentage Mod: HP is shown in percentages
|rule|Endless Battle Clause: Forcing endless battles is banned
|rule|Species Clause: Limit one of each Pokémon
|rule|OHKO Clause: OHKO moves are banned
|rule|Evasion Items Clause: Evasion items are banned
|rule|Evasion Moves Clause: Evasion moves are banned
|rule|Evasion Abilities Clause: Evasion abilities are banned
|rule|Sleep Moves Clause: Sleep-inducing moves are banned
|clearpoke
|poke|p1|Weezing-Galar, F|
|poke|p1|Alomomola, M|
|poke|p1|Iron Treads|
|poke|p1|Tornadus-Therian, M|
|poke|p1|Zamazenta-*|
|poke|p1|Lokix, F|
|poke|p2|Ninetales, F|
|poke|p2|Walking Wake|
|poke|p2|Typhlosion-Hisui, F|
|poke|p2|Great Tusk|
|poke|p2|Rillaboom, F|
|poke|p2|Raging Bolt|
|teampreview
|inactive|Battle timer is ON: inactive players will automatically lose when time's up. (requested by m5322)
|
|t:|1781275715
|teamsize|p1|6
|teamsize|p2|6
|start
|switch|p1a: Iron Treads|Iron Treads|100/100
|switch|p2a: Rillaboom|Rillaboom, F|100/100
|-fieldstart|move: Grassy Terrain|[from] ability: Grassy Surge|[of] p2a: Rillaboom
|turn|1
|
|t:|1781275723
|move|p1a: Iron Treads|Stealth Rock|p2a: Rillaboom
|-sidestart|p2: FireSide_01|move: Stealth Rock
|move|p2a: Rillaboom|Wood Hammer|p1a: Iron Treads
|-damage|p1a: Iron Treads|3/100
|-damage|p2a: Rillaboom|66/100|[from] Recoil
|
|-heal|p1a: Iron Treads|9/100|[from] Grassy Terrain
|-heal|p1a: Iron Treads|15/100|[from] item: Leftovers
|-heal|p2a: Rillaboom|73/100|[from] Grassy Terrain
|upkeep
|turn|2
|
|t:|1781275736
|switch|p2a: Great Tusk|Great Tusk|100/100
|move|p1a: Iron Treads|Ice Spinner|p2a: Great Tusk
|-supereffective|p2a: Great Tusk
|-damage|p2a: Great Tusk|76/100
|-fieldend|move: Grassy Terrain
|
|-heal|p1a: Iron Treads|21/100|[from] item: Leftovers
|upkeep
|turn|3
|
|t:|1781275744
|-end|p1a: Iron Treads|Quark Drive|[silent]
|switch|p1a: Alomomola|Alomomola, M|100/100
|move|p2a: Great Tusk|Rapid Spin|p1a: Alomomola
|-damage|p1a: Alomomola|92/100
|-boost|p2a: Great Tusk|spe|1
|-damage|p2a: Great Tusk|59/100|[from] item: Rocky Helmet|[of] p1a: Alomomola
|-sideend|p2: FireSide_01|Stealth Rock|[from] move: Rapid Spin|[of] p2a: Great Tusk
|
|upkeep
|turn|4
|
|t:|1781275752
|-end|p2a: Great Tusk|Protosynthesis|[silent]
|switch|p2a: Ninetales|Ninetales, F|100/100
|-weather|SunnyDay|[from] ability: Drought|[of] p2a: Ninetales
|move|p1a: Alomomola|Wish|p1a: Alomomola
|
|-weather|SunnyDay|[upkeep]
|upkeep
|turn|5
|
|t:|1781275762
|switch|p1a: Tornadus|Tornadus-Therian, M|100/100
|move|p2a: Ninetales|Encore||[still]
|-fail|p2a: Ninetales
|
|-weather|SunnyDay|[upkeep]
|upkeep
|turn|6
|
|t:|1781275765
|switch|p2a: Raging Bolt|Raging Bolt|100/100
|-activate|p2a: Raging Bolt|ability: Protosynthesis
|-start|p2a: Raging Bolt|protosynthesisspa
|move|p1a: Tornadus|Knock Off|p2a: Raging Bolt
|-damage|p2a: Raging Bolt|80/100
|-enditem|p2a: Raging Bolt|Assault Vest|[from] move: Knock Off|[of] p1a: Tornadus
|
|-weather|SunnyDay|[upkeep]
|upkeep
|turn|7
|
|t:|1781275771
|move|p1a: Tornadus|U-turn|p2a: Raging Bolt
|-damage|p2a: Raging Bolt|67/100
|
|t:|1781275787
|switch|p1a: Zamazenta|Zamazenta|100/100|[from] U-turn
|-ability|p1a: Zamazenta|Dauntless Shield|boost
|-boost|p1a: Zamazenta|def|1
|move|p2a: Raging Bolt|Weather Ball|p1a: Zamazenta
|-damage|p1a: Zamazenta|25/100
|
|-weather|SunnyDay|[upkeep]
|upkeep
|turn|8
|
|t:|1781275813
|switch|p1a: Iron Treads|Iron Treads|21/100
|move|p2a: Raging Bolt|Volt Switch|p1a: Iron Treads
|-immune|p1a: Iron Treads
|
|-weather|SunnyDay|[upkeep]
|-heal|p1a: Iron Treads|27/100|[from] item: Leftovers
|upkeep
|turn|9
|
|t:|1781275819
|-end|p2a: Raging Bolt|Protosynthesis|[silent]
|switch|p2a: Rillaboom|Rillaboom, F|73/100
|-fieldstart|move: Grassy Terrain|[from] ability: Grassy Surge|[of] p2a: Rillaboom
|move|p1a: Iron Treads|Earthquake|p2a: Rillaboom
|-resisted|p2a: Rillaboom
|-damage|p2a: Rillaboom|62/100
|
|-weather|SunnyDay|[upkeep]
|-heal|p1a: Iron Treads|33/100|[from] Grassy Terrain
|-heal|p1a: Iron Treads|39/100|[from] item: Leftovers
|-heal|p2a: Rillaboom|68/100|[from] Grassy Terrain
|upkeep
|turn|10
|
|t:|1781275832
|-end|p1a: Iron Treads|Quark Drive|[silent]
|switch|p1a: Weezing|Weezing-Galar, F|100/100
|-ability|p1a: Weezing|Neutralizing Gas
|move|p2a: Rillaboom|Knock Off|p1a: Weezing
|-resisted|p1a: Weezing
|-damage|p1a: Weezing|83/100
|-enditem|p1a: Weezing|Leftovers|[from] move: Knock Off|[of] p2a: Rillaboom
|
|-weather|SunnyDay|[upkeep]
|-heal|p2a: Rillaboom|74/100|[from] Grassy Terrain
|-heal|p1a: Weezing|89/100|[from] Grassy Terrain
|upkeep
|turn|11
|
|t:|1781275840
|switch|p2a: Raging Bolt|Raging Bolt|67/100
|move|p1a: Weezing|Toxic|p2a: Raging Bolt
|-status|p2a: Raging Bolt|tox
|
|-weather|none
|-heal|p2a: Raging Bolt|73/100 tox|[from] Grassy Terrain
|-heal|p1a: Weezing|95/100|[from] Grassy Terrain
|-damage|p2a: Raging Bolt|67/100 tox|[from] psn
|upkeep
|turn|12
|
|t:|1781275847
|-end|p2a: Raging Bolt|Protosynthesis|[silent]
|switch|p2a: Ninetales|Ninetales, F|100/100
|move|p1a: Weezing|Protect||[still]
|-fail|p1a: Weezing
|
|-heal|p1a: Weezing|100/100|[from] Grassy Terrain
|upkeep
|turn|13
|
|t:|1781275851
|move|p2a: Ninetales|Encore|p1a: Weezing
|-start|p1a: Weezing|Encore
|move|p1a: Weezing|Protect||[still]
|-fail|p1a: Weezing
|
|-fieldend|move: Grassy Terrain
|upkeep
|turn|14
|
|t:|1781275859
|move|p1a: Weezing|Protect|p1a: Weezing
|-singleturn|p1a: Weezing|Protect
|move|p2a: Ninetales|Will-O-Wisp|p1a: Weezing
|-activate|p1a: Weezing|move: Protect
|
|upkeep
|turn|15
|
|t:|1781275862
|move|p1a: Weezing|Protect|p1a: Weezing
|-singleturn|p1a: Weezing|Protect
|move|p2a: Ninetales|Will-O-Wisp|p1a: Weezing
|-activate|p1a: Weezing|move: Protect
|
|-end|p1a: Weezing|Encore
|upkeep
|turn|16
|
|t:|1781275866
|-end|p1a: Weezing|ability: Neutralizing Gas
|-weather|SunnyDay|[from] ability: Drought|[of] p2a: Ninetales
|switch|p1a: Alomomola|Alomomola, M|100/100
|move|p2a: Ninetales|Encore||[still]
|-fail|p2a: Ninetales
|
|-weather|SunnyDay|[upkeep]
|upkeep
|turn|17
|
|t:|1781275872
|switch|p2a: Raging Bolt|Raging Bolt|67/100 tox
|-activate|p2a: Raging Bolt|ability: Protosynthesis
|-start|p2a: Raging Bolt|protosynthesisspa
|move|p1a: Alomomola|Flip Turn|p2a: Raging Bolt
|-resisted|p2a: Raging Bolt
|-damage|p2a: Raging Bolt|63/100 tox
|
|t:|1781275875
|switch|p1a: Iron Treads|Iron Treads|39/100|[from] Flip Turn
|
|-weather|SunnyDay|[upkeep]
|-heal|p1a: Iron Treads|45/100|[from] item: Leftovers
|-damage|p2a: Raging Bolt|57/100 tox|[from] psn
|upkeep
|turn|18
|
|t:|1781275880
|move|p1a: Iron Treads|Stealth Rock|p2a: Raging Bolt
|-sidestart|p2: FireSide_01|move: Stealth Rock
|move|p2a: Raging Bolt|Weather Ball|p1a: Iron Treads
|-supereffective|p1a: Iron Treads
|-damage|p1a: Iron Treads|0 fnt
|faint|p1a: Iron Treads
|-end|p1a: Iron Treads|Quark Drive|[silent]
|
|-weather|SunnyDay|[upkeep]
|-damage|p2a: Raging Bolt|44/100 tox|[from] psn
|upkeep
|
|t:|1781275902
|switch|p1a: Lokix|Lokix, F|100/100
|turn|19
|
|t:|1781275910
|move|p1a: Lokix|U-turn|p2a: Raging Bolt
|-damage|p2a: Raging Bolt|0 fnt
|faint|p2a: Raging Bolt
|-end|p2a: Raging Bolt|Protosynthesis|[silent]
|
|t:|1781275913
|switch|p1a: Tornadus|Tornadus-Therian, M|100/100|[from] U-turn
|
|-weather|SunnyDay|[upkeep]
|upkeep
|
|t:|1781275922
|switch|p2a: Great Tusk|Great Tusk|59/100
|-activate|p2a: Great Tusk|ability: Protosynthesis
|-start|p2a: Great Tusk|protosynthesisspe
|turn|20
|
|t:|1781275927
|move|p2a: Great Tusk|Rapid Spin|p1a: Tornadus
|-damage|p1a: Tornadus|85/100
|-boost|p2a: Great Tusk|spe|1
|-sideend|p2: FireSide_01|Stealth Rock|[from] move: Rapid Spin|[of] p2a: Great Tusk
|move|p1a: Tornadus|Bleakwind Storm|p2a: Great Tusk
|-supereffective|p2a: Great Tusk
|-damage|p2a: Great Tusk|0 fnt
|faint|p2a: Great Tusk
|-end|p2a: Great Tusk|Protosynthesis|[silent]
|
|-weather|SunnyDay|[upkeep]
|upkeep
|
|t:|1781275941
|switch|p2a: Typhlosion|Typhlosion-Hisui, F|100/100
|turn|21
|
|t:|1781275943
|-terastallize|p2a: Typhlosion|Fire
|move|p2a: Typhlosion|Eruption|p1a: Tornadus
|-damage|p1a: Tornadus|0 fnt
|faint|p1a: Tornadus
|
|-weather|SunnyDay|[upkeep]
|upkeep
|
|t:|1781275950
|switch|p1a: Alomomola|Alomomola, M|100/100
|turn|22
|
|t:|1781275952
|move|p2a: Typhlosion|Eruption|p1a: Alomomola
|-resisted|p1a: Alomomola
|-damage|p1a: Alomomola|28/100
|move|p1a: Alomomola|Flip Turn|p2a: Typhlosion
|-supereffective|p2a: Typhlosion
|-damage|p2a: Typhlosion|75/100
|
|t:|1781275959
|switch|p1a: Lokix|Lokix, F|100/100|[from] Flip Turn
|
|-weather|SunnyDay|[upkeep]
|upkeep
|turn|23
|
|t:|1781275973
|switch|p2a: Rillaboom|Rillaboom, F|74/100
|-fieldstart|move: Grassy Terrain|[from] ability: Grassy Surge|[of] p2a: Rillaboom
|-terastallize|p1a: Lokix|Bug
|move|p1a: Lokix|First Impression|p2a: Rillaboom
|-supereffective|p2a: Rillaboom
|-damage|p2a: Rillaboom|0 fnt
|faint|p2a: Rillaboom
|
|-weather|none
|upkeep
|
|t:|1781275979
|switch|p2a: Ninetales|Ninetales, F|100/100
|-weather|SunnyDay|[from] ability: Drought|[of] p2a: Ninetales
|turn|24
|
|t:|1781275986
|switch|p2a: Typhlosion|Typhlosion-Hisui, F, tera:Fire|75/100
|switch|p1a: Weezing|Weezing-Galar, F|100/100
|-ability|p1a: Weezing|Neutralizing Gas
|
|-weather|SunnyDay|[upkeep]
|-heal|p2a: Typhlosion|82/100|[from] Grassy Terrain
|upkeep
|turn|25
|
|t:|1781275991
|move|p1a: Weezing|Protect|p1a: Weezing
|-singleturn|p1a: Weezing|Protect
|move|p2a: Typhlosion|Eruption|p1a: Weezing
|-activate|p1a: Weezing|move: Protect
|
|-weather|SunnyDay|[upkeep]
|-heal|p2a: Typhlosion|88/100|[from] Grassy Terrain
|upkeep
|turn|26
|
|t:|1781275999
|move|p2a: Typhlosion|Eruption|p1a: Weezing
|-damage|p1a: Weezing|0 fnt
|faint|p1a: Weezing
|-end|p1a: Weezing|ability: Neutralizing Gas
|
|-weather|SunnyDay|[upkeep]
|-heal|p2a: Typhlosion|94/100|[from] Grassy Terrain
|upkeep
|
|t:|1781276005
|switch|p1a: Lokix|Lokix, F, tera:Bug|100/100
|turn|27
|
|t:|1781276024
|switch|p2a: Walking Wake|Walking Wake|100/100
|-activate|p2a: Walking Wake|ability: Protosynthesis
|-start|p2a: Walking Wake|protosynthesisspa
|move|p1a: Lokix|First Impression|p2a: Walking Wake
|-crit|p2a: Walking Wake
|-damage|p2a: Walking Wake|0 fnt
|faint|p2a: Walking Wake
|-end|p2a: Walking Wake|Protosynthesis|[silent]
|
|-weather|SunnyDay|[upkeep]
|-fieldend|move: Grassy Terrain
|upkeep
|
|t:|1781276027
|switch|p2a: Typhlosion|Typhlosion-Hisui, F, tera:Fire|94/100
|turn|28
|
|t:|1781276033
|switch|p1a: Zamazenta|Zamazenta|25/100
|move|p2a: Typhlosion|Eruption|p1a: Zamazenta
|-damage|p1a: Zamazenta|0 fnt
|faint|p1a: Zamazenta
|
|-weather|SunnyDay|[upkeep]
|upkeep
|
|t:|1781276034
|switch|p1a: Lokix|Lokix, F, tera:Bug|100/100
|turn|29
|
|t:|1781276038
|switch|p2a: Ninetales|Ninetales, F|100/100
|move|p1a: Lokix|First Impression|p2a: Ninetales
|-resisted|p2a: Ninetales
|-damage|p2a: Ninetales|0 fnt
|faint|p2a: Ninetales
|
|-weather|SunnyDay|[upkeep]
|upkeep
|
|t:|1781276040
|switch|p2a: Typhlosion|Typhlosion-Hisui, F, tera:Fire|94/100
|turn|30
|
|t:|1781276041
|switch|p1a: Alomomola|Alomomola, M|62/100
|move|p2a: Typhlosion|Eruption|p1a: Alomomola
|-resisted|p1a: Alomomola
|-damage|p1a: Alomomola|0 fnt
|faint|p1a: Alomomola
|
|-weather|SunnyDay|[upkeep]
|upkeep
|
|t:|1781276044
|switch|p1a: Lokix|Lokix, F, tera:Bug|100/100
|turn|31
|
|t:|1781276045
|move|p1a: Lokix|First Impression|p2a: Typhlosion
|-resisted|p2a: Typhlosion
|-damage|p2a: Typhlosion|0 fnt
|faint|p2a: Typhlosion
|
|win|m5322
|raw|m5322's rating: 1500 &rarr; <strong>1523</strong><br />(+23 for winning)
|raw|FireSide_01's rating: 1556 &rarr; <strong>1533</strong><br />(-23 for losing)
|c|☆FireSide_01|gg
|c|☆m5322|gg
|l|☆FireSide_01
|player|p2|
