|j|☆roddyj
|j|‽LT_Alt1
|t:|1780891765
|gametype|singles
|player|p1|roddyj|ethan|1636
|player|p2|LT_Alt1|265|1706
|gen|9
|tier|[Gen 9] OU
|rated|
|rule|HP Percentage Mod: HP is shown in percentages
|rule|Endless Battle Clause: Forcing endless battles is banned
|rule|Species Clause: Limit one of each Pokémon
|rule|OHKO Clause: OHKO moves are banned
|rule|Evasion Items Clause: Evasion items are banned
|rule|Evasion Moves Clause: Evasion moves are banned
|rule|Evasion Abilities Clause: Evasion abilities are banned
|rule|Sleep Moves Clause: Sleep-inducing moves are banned
|clearpoke
|poke|p1|Kommo-o, F|
|poke|p1|Serperior, F|
|poke|p1|Ogerpon-Wellspring, F|
|poke|p1|Weezing-Galar, F|
|poke|p1|Incineroar, M|
|poke|p1|Iron Crown|
|poke|p2|Garganacl, F|
|poke|p2|Slowking-Galar, F|
|poke|p2|Kyurem|
|poke|p2|Weezing-Galar, F|
|poke|p2|Moltres|
|poke|p2|Iron Treads|
|teampreview
|inactive|Battle timer is ON: inactive players will automatically lose when time's up. (requested by roddyj)
|
|t:|1780891786
|teamsize|p1|6
|teamsize|p2|6
|start
|switch|p1a: Serperior|Serperior, F, shiny|100/100
|switch|p2a: Slowking|Slowking-Galar, F|100/100
|turn|1
|
|t:|1780891796
|switch|p1a: Incineroar|Incineroar, M, shiny|100/100
|-ability|p1a: Incineroar|Intimidate|boost
|-unboost|p2a: Slowking|atk|1
|move|p2a: Slowking|Sludge Bomb|p1a: Incineroar
|-damage|p1a: Incineroar|77/100
|
|upkeep
|turn|2
|
|t:|1780891806
|move|p1a: Incineroar|Knock Off|p2a: Slowking
|-supereffective|p2a: Slowking
|-enditem|p2a: Slowking|Colbur Berry|[eat]
|-enditem|p2a: Slowking|Colbur Berry|[weaken]
|-damage|p2a: Slowking|62/100
|move|p2a: Slowking|Sludge Bomb|p1a: Incineroar
|-damage|p1a: Incineroar|54/100
|
|upkeep
|turn|3
|inactive|roddyj has 120 seconds left.
|
|t:|1780891840
|switch|p2a: Moltres|Moltres|100/100
|move|p1a: Incineroar|Parting Shot|p2a: Moltres
|-unboost|p2a: Moltres|atk|1
|-unboost|p2a: Moltres|spa|1
|
|t:|1780891842
|switch|p1a: Serperior|Serperior, F, shiny|100/100|[from] Parting Shot
|
|upkeep
|turn|4
|
|t:|1780891846
|switch|p2a: Weezing|Weezing-Galar, F|100/100
|-ability|p2a: Weezing|Neutralizing Gas
|move|p1a: Serperior|Glare|p2a: Weezing
|-status|p2a: Weezing|par
|
|upkeep
|turn|5
|
|t:|1780891859
|-end|p2a: Weezing|ability: Neutralizing Gas
|switch|p2a: Slowking|Slowking-Galar, F|95/100
|move|p1a: Serperior|Substitute|p1a: Serperior
|-start|p1a: Serperior|Substitute
|-damage|p1a: Serperior|76/100
|
|-heal|p1a: Serperior|82/100|[from] item: Leftovers
|upkeep
|turn|6
|
|t:|1780891863
|move|p1a: Serperior|Glare|p2a: Slowking
|-status|p2a: Slowking|par
|cant|p2a: Slowking|par
|
|-heal|p1a: Serperior|88/100|[from] item: Leftovers
|upkeep
|turn|7
|
|t:|1780891868
|switch|p1a: Incineroar|Incineroar, M, shiny|54/100
|-ability|p1a: Incineroar|Intimidate|boost
|-unboost|p2a: Slowking|atk|1
|switch|p2a: Weezing|Weezing-Galar, F|100/100 par
|-ability|p2a: Weezing|Neutralizing Gas
|
|upkeep
|turn|8
|j| Champion reko
|
|t:|1780891888
|-end|p2a: Weezing|ability: Neutralizing Gas
|-ability|p1a: Incineroar|Intimidate|boost
|-unboost|p2a: Weezing|atk|1
|switch|p2a: Moltres|Moltres|100/100
|move|p1a: Incineroar|Knock Off|p2a: Moltres
|-damage|p2a: Moltres|71/100
|-enditem|p2a: Moltres|Heavy-Duty Boots|[from] move: Knock Off|[of] p1a: Incineroar
|
|upkeep
|turn|9
|
|t:|1780891892
|move|p2a: Moltres|Flamethrower|p1a: Incineroar
|-resisted|p1a: Incineroar
|-damage|p1a: Incineroar|42/100
|move|p1a: Incineroar|Parting Shot|p2a: Moltres
|-unboost|p2a: Moltres|atk|1
|-unboost|p2a: Moltres|spa|1
|
|t:|1780891901
|switch|p1a: Ogerpon|Ogerpon-Wellspring, F|100/100|[from] Parting Shot
|
|upkeep
|turn|10
|
|t:|1780891905
|switch|p1a: Incineroar|Incineroar, M, shiny|42/100
|-ability|p1a: Incineroar|Intimidate|boost
|-unboost|p2a: Moltres|atk|1
|-terastallize|p2a: Moltres|Dragon
|move|p2a: Moltres|Will-O-Wisp|p1a: Incineroar
|-immune|p1a: Incineroar
|
|upkeep
|turn|11
|
|t:|1780891911
|move|p2a: Moltres|U-turn|p1a: Incineroar
|-damage|p1a: Incineroar|35/100
|
|t:|1780891914
|switch|p2a: Slowking|Slowking-Galar, F|100/100 par|[from] U-turn
|move|p1a: Incineroar|Parting Shot|p2a: Slowking
|-unboost|p2a: Slowking|atk|1
|-unboost|p2a: Slowking|spa|1
|
|t:|1780891938
|switch|p1a: Kommo-o|Kommo-o, F, shiny|100/100|[from] Parting Shot
|
|upkeep
|turn|12
|
|t:|1780891940
|move|p1a: Kommo-o|Clangorous Soul|p1a: Kommo-o
|-boost|p1a: Kommo-o|atk|1
|-boost|p1a: Kommo-o|def|1
|-boost|p1a: Kommo-o|spa|1
|-boost|p1a: Kommo-o|spd|1
|-boost|p1a: Kommo-o|spe|1
|-damage|p1a: Kommo-o|68/100
|-enditem|p1a: Kommo-o|Throat Spray
|-boost|p1a: Kommo-o|spa|1|[from] item: Throat Spray
|move|p2a: Slowking|Thunder Wave|p1a: Kommo-o
|-status|p1a: Kommo-o|par
|
|upkeep
|turn|13
|
|t:|1780891954
|cant|p1a: Kommo-o|par
|cant|p2a: Slowking|par
|
|upkeep
|turn|14
|
|t:|1780891958
|cant|p1a: Kommo-o|par
|move|p2a: Slowking|Future Sight|p1a: Kommo-o
|-start|p2a: Slowking|move: Future Sight
|
|upkeep
|turn|15
|
|t:|1780891962
|move|p1a: Kommo-o|Boomburst|p2a: Slowking
|-damage|p2a: Slowking|63/100 par
|-prepare|p2a: Slowking|Chilly Reception|[premajor]
|move|p2a: Slowking|Chilly Reception|p2a: Slowking
|-weather|Snowscape
|
|t:|1780891966
|switch|p2a: Moltres|Moltres, tera:Dragon|71/100|[from] Chilly Reception
|
|-weather|Snowscape|[upkeep]
|upkeep
|turn|16
|
|t:|1780891974
|switch|p2a: Slowking|Slowking-Galar, F|97/100 par
|move|p1a: Kommo-o|Clanging Scales|p2a: Slowking
|-damage|p2a: Slowking|55/100 par
|-unboost|p1a: Kommo-o|def|1
|
|-weather|Snowscape|[upkeep]
|-end|p1a: Kommo-o|move: Future Sight
|-supereffective|p1a: Kommo-o
|-damage|p1a: Kommo-o|16/100 par
|upkeep
|turn|17
|
|t:|1780891982
|move|p1a: Kommo-o|Boomburst|p2a: Slowking
|-damage|p2a: Slowking|19/100 par
|-prepare|p2a: Slowking|Chilly Reception|[premajor]
|cant|p2a: Slowking|par
|
|-weather|Snowscape|[upkeep]
|upkeep
|turn|18
|
|t:|1780891986
|move|p1a: Kommo-o|Clanging Scales|p2a: Slowking
|-damage|p2a: Slowking|0 fnt
|faint|p2a: Slowking
|-unboost|p1a: Kommo-o|def|1
|
|-weather|Snowscape|[upkeep]
|upkeep
|
|t:|1780891989
|switch|p2a: Iron Treads|Iron Treads|100/100
|turn|19
|
|t:|1780891991
|move|p2a: Iron Treads|Earthquake|p1a: Kommo-o
|-damage|p1a: Kommo-o|0 fnt
|faint|p1a: Kommo-o
|
|-weather|none
|upkeep
|
|t:|1780891995
|switch|p1a: Ogerpon|Ogerpon-Wellspring, F|100/100
|turn|20
|
|t:|1780892000
|-end|p2a: Iron Treads|Quark Drive|[silent]
|switch|p2a: Moltres|Moltres, tera:Dragon|71/100
|move|p1a: Ogerpon|Swords Dance|p1a: Ogerpon
|-boost|p1a: Ogerpon|atk|2
|
|upkeep
|turn|21
|
|t:|1780892006
|switch|p1a: Incineroar|Incineroar, M, shiny|35/100
|-ability|p1a: Incineroar|Intimidate|boost
|-unboost|p2a: Moltres|atk|1
|move|p2a: Moltres|Will-O-Wisp|p1a: Incineroar
|-immune|p1a: Incineroar
|
|upkeep
|turn|22
|
|t:|1780892009
|move|p2a: Moltres|Flamethrower|p1a: Incineroar
|-resisted|p1a: Incineroar
|-damage|p1a: Incineroar|22/100
|move|p1a: Incineroar|Parting Shot|p2a: Moltres
|-unboost|p2a: Moltres|atk|1
|-unboost|p2a: Moltres|spa|1
|
|t:|1780892013
|switch|p1a: Serperior|Serperior, F, shiny|88/100|[from] Parting Shot
|
|-heal|p1a: Serperior|94/100|[from] item: Leftovers
|upkeep
|turn|23
|
|t:|1780892017
|switch|p2a: Weezing|Weezing-Galar, F|100/100 par
|-ability|p2a: Weezing|Neutralizing Gas
|move|p1a: Serperior|Glare|p2a: Weezing
|-fail|p2a: Weezing|par
|
|-heal|p1a: Serperior|100/100|[from] item: Leftovers
|upkeep
|turn|24
|
|t:|1780892021
|move|p1a: Serperior|Substitute|p1a: Serperior
|-start|p1a: Serperior|Substitute
|-damage|p1a: Serperior|76/100
|move|p2a: Weezing|Strange Steam|p1a: Serperior
|-end|p1a: Serperior|Substitute
|
|-heal|p1a: Serperior|82/100|[from] item: Leftovers
|upkeep
|turn|25
|
|t:|1780892027
|move|p1a: Serperior|Leech Seed|p2a: Weezing
|-start|p2a: Weezing|move: Leech Seed
|move|p2a: Weezing|Strange Steam|p1a: Serperior
|-damage|p1a: Serperior|52/100
|
|-heal|p1a: Serperior|58/100|[from] item: Leftovers
|-damage|p2a: Weezing|88/100 par|[from] Leech Seed|[of] p1a: Serperior
|-heal|p1a: Serperior|69/100|[silent]
|upkeep
|turn|26
|l| Champion reko
|
|t:|1780892032
|switch|p1a: Incineroar|Incineroar, M, shiny|22/100
|move|p2a: Weezing|Strange Steam|p1a: Incineroar
|-damage|p1a: Incineroar|3/100
|
|-heal|p2a: Weezing|94/100 par|[from] item: Leftovers
|-damage|p2a: Weezing|82/100 par|[from] Leech Seed|[of] p1a: Incineroar
|-heal|p1a: Incineroar|13/100|[silent]
|upkeep
|turn|27
|
|t:|1780892036
|-end|p2a: Weezing|ability: Neutralizing Gas
|-ability|p1a: Incineroar|Intimidate|boost
|-unboost|p2a: Weezing|atk|1
|switch|p2a: Moltres|Moltres, tera:Dragon|71/100
|move|p1a: Incineroar|Parting Shot|p2a: Moltres
|-unboost|p2a: Moltres|atk|1
|-unboost|p2a: Moltres|spa|1
|
|t:|1780892042
|switch|p1a: Serperior|Serperior, F, shiny|69/100|[from] Parting Shot
|
|-heal|p1a: Serperior|75/100|[from] item: Leftovers
|upkeep
|turn|28
|
|t:|1780892046
|switch|p2a: Weezing|Weezing-Galar, F|82/100 par
|-ability|p2a: Weezing|Neutralizing Gas
|move|p1a: Serperior|Substitute|p1a: Serperior
|-start|p1a: Serperior|Substitute
|-damage|p1a: Serperior|50/100
|
|-heal|p1a: Serperior|56/100|[from] item: Leftovers
|-heal|p2a: Weezing|88/100 par|[from] item: Leftovers
|upkeep
|turn|29
|
|t:|1780892048
|move|p1a: Serperior|Leech Seed|p2a: Weezing
|-start|p2a: Weezing|move: Leech Seed
|move|p2a: Weezing|Strange Steam|p1a: Serperior
|-end|p1a: Serperior|Substitute
|
|-heal|p1a: Serperior|63/100|[from] item: Leftovers
|-heal|p2a: Weezing|94/100 par|[from] item: Leftovers
|-damage|p2a: Weezing|81/100 par|[from] Leech Seed|[of] p1a: Serperior
|-heal|p1a: Serperior|73/100|[silent]
|upkeep
|turn|30
|
|t:|1780892056
|move|p1a: Serperior|Substitute|p1a: Serperior
|-start|p1a: Serperior|Substitute
|-damage|p1a: Serperior|48/100
|cant|p2a: Weezing|par
|
|-heal|p1a: Serperior|54/100|[from] item: Leftovers
|-heal|p2a: Weezing|87/100 par|[from] item: Leftovers
|-damage|p2a: Weezing|75/100 par|[from] Leech Seed|[of] p1a: Serperior
|-heal|p1a: Serperior|65/100|[silent]
|upkeep
|turn|31
|
|t:|1780892060
|move|p1a: Serperior|Glare|p2a: Weezing
|-fail|p2a: Weezing|par
|move|p2a: Weezing|Strange Steam|p1a: Serperior|[miss]
|-miss|p2a: Weezing|p1a: Serperior
|
|-heal|p1a: Serperior|71/100|[from] item: Leftovers
|-heal|p2a: Weezing|81/100 par|[from] item: Leftovers
|-damage|p2a: Weezing|69/100 par|[from] Leech Seed|[of] p1a: Serperior
|-heal|p1a: Serperior|82/100|[silent]
|upkeep
|turn|32
|
|t:|1780892063
|-end|p2a: Weezing|ability: Neutralizing Gas
|switch|p2a: Garganacl|Garganacl, F|100/100
|move|p1a: Serperior|Substitute|p1a: Serperior
|-fail|p1a: Serperior|move: Substitute
|
|-heal|p1a: Serperior|88/100|[from] item: Leftovers
|upkeep
|turn|33
|
|t:|1780892067
|switch|p2a: Weezing|Weezing-Galar, F|69/100 par
|-ability|p2a: Weezing|Neutralizing Gas
|move|p1a: Serperior|Leech Seed|p2a: Weezing
|-start|p2a: Weezing|move: Leech Seed
|
|-heal|p1a: Serperior|94/100|[from] item: Leftovers
|-heal|p2a: Weezing|75/100 par|[from] item: Leftovers
|-damage|p2a: Weezing|62/100 par|[from] Leech Seed|[of] p1a: Serperior
|-heal|p1a: Serperior|100/100|[silent]
|upkeep
|turn|34
|
|t:|1780892072
|-end|p2a: Weezing|ability: Neutralizing Gas
|switch|p2a: Garganacl|Garganacl, F|100/100
|move|p1a: Serperior|Glare|p2a: Garganacl
|-immune|p2a: Garganacl|[from] ability: Purifying Salt
|
|upkeep
|turn|35
|
|t:|1780892076
|move|p1a: Serperior|Leech Seed|p2a: Garganacl
|-start|p2a: Garganacl|move: Leech Seed
|move|p2a: Garganacl|Body Press|p1a: Serperior
|-end|p1a: Serperior|Substitute
|
|-damage|p2a: Garganacl|88/100|[from] Leech Seed|[of] p1a: Serperior
|upkeep
|turn|36
|
|t:|1780892080
|move|p1a: Serperior|Substitute|p1a: Serperior
|-start|p1a: Serperior|Substitute
|-damage|p1a: Serperior|76/100
|move|p2a: Garganacl|Body Press|p1a: Serperior
|-activate|p1a: Serperior|move: Substitute|[damage]
|
|-heal|p1a: Serperior|82/100|[from] item: Leftovers
|-heal|p2a: Garganacl|94/100|[from] item: Leftovers
|-damage|p2a: Garganacl|82/100|[from] Leech Seed|[of] p1a: Serperior
|-heal|p1a: Serperior|96/100|[silent]
|upkeep
|turn|37
|
|t:|1780892085
|switch|p2a: Weezing|Weezing-Galar, F|62/100 par
|-ability|p2a: Weezing|Neutralizing Gas
|move|p1a: Serperior|Leech Seed|p2a: Weezing
|-start|p2a: Weezing|move: Leech Seed
|
|-heal|p1a: Serperior|100/100|[from] item: Leftovers
|-heal|p2a: Weezing|68/100 par|[from] item: Leftovers
|-damage|p2a: Weezing|56/100 par|[from] Leech Seed|[of] p1a: Serperior
|upkeep
|turn|38
|
|t:|1780892094
|-end|p2a: Weezing|ability: Neutralizing Gas
|switch|p2a: Garganacl|Garganacl, F|82/100
|move|p1a: Serperior|Glare|p2a: Garganacl
|-immune|p2a: Garganacl|[from] ability: Purifying Salt
|
|-heal|p2a: Garganacl|88/100|[from] item: Leftovers
|upkeep
|turn|39
|
|t:|1780892097
|move|p1a: Serperior|Leech Seed|p2a: Garganacl
|-start|p2a: Garganacl|move: Leech Seed
|move|p2a: Garganacl|Body Press|p1a: Serperior
|-end|p1a: Serperior|Substitute
|
|-heal|p2a: Garganacl|94/100|[from] item: Leftovers
|-damage|p2a: Garganacl|82/100|[from] Leech Seed|[of] p1a: Serperior
|upkeep
|turn|40
|
|t:|1780892104
|switch|p2a: Kyurem|Kyurem|100/100
|-ability|p2a: Kyurem|Pressure
|move|p1a: Serperior|Substitute|p1a: Serperior
|-start|p1a: Serperior|Substitute
|-damage|p1a: Serperior|76/100
|
|-heal|p1a: Serperior|82/100|[from] item: Leftovers
|upkeep
|turn|41
|
|t:|1780892109
|switch|p2a: Weezing|Weezing-Galar, F|56/100 par
|-ability|p2a: Weezing|Neutralizing Gas
|move|p1a: Serperior|Glare|p2a: Weezing
|-fail|p2a: Weezing|par
|
|-heal|p1a: Serperior|88/100|[from] item: Leftovers
|-heal|p2a: Weezing|62/100 par|[from] item: Leftovers
|upkeep
|turn|42
|
|t:|1780892119
|-end|p2a: Weezing|ability: Neutralizing Gas
|switch|p2a: Garganacl|Garganacl, F|82/100
|move|p1a: Serperior|Leech Seed|p2a: Garganacl
|-start|p2a: Garganacl|move: Leech Seed
|
|-heal|p1a: Serperior|94/100|[from] item: Leftovers
|-heal|p2a: Garganacl|88/100|[from] item: Leftovers
|-damage|p2a: Garganacl|76/100|[from] Leech Seed|[of] p1a: Serperior
|-heal|p1a: Serperior|100/100|[silent]
|upkeep
|turn|43
|
|t:|1780892122
|move|p1a: Serperior|Leaf Storm|p2a: Garganacl|[miss]
|-miss|p1a: Serperior|p2a: Garganacl
|move|p2a: Garganacl|Recover|p2a: Garganacl
|-heal|p2a: Garganacl|100/100
|
|-damage|p2a: Garganacl|88/100|[from] Leech Seed|[of] p1a: Serperior
|upkeep
|turn|44
|
|t:|1780892127
|switch|p2a: Weezing|Weezing-Galar, F|62/100 par
|-ability|p2a: Weezing|Neutralizing Gas
|move|p1a: Serperior|Leech Seed|p2a: Weezing
|-start|p2a: Weezing|move: Leech Seed
|
|-heal|p2a: Weezing|68/100 par|[from] item: Leftovers
|-damage|p2a: Weezing|55/100 par|[from] Leech Seed|[of] p1a: Serperior
|upkeep
|turn|45
|
|t:|1780892131
|switch|p1a: Incineroar|Incineroar, M, shiny|13/100
|move|p2a: Weezing|Strange Steam|p1a: Incineroar
|-damage|p1a: Incineroar|0 fnt
|faint|p1a: Incineroar
|
|-heal|p2a: Weezing|61/100 par|[from] item: Leftovers
|upkeep
|
|t:|1780892143
|switch|p1a: Iron Crown|Iron Crown|100/100
|turn|46
|
|t:|1780892154
|-end|p2a: Weezing|ability: Neutralizing Gas
|switch|p2a: Garganacl|Garganacl, F|88/100
|move|p1a: Iron Crown|Agility|p1a: Iron Crown
|-boost|p1a: Iron Crown|spe|2
|
|-heal|p2a: Garganacl|94/100|[from] item: Leftovers
|upkeep
|turn|47
|
|t:|1780892177
|-end|p1a: Iron Crown|Quark Drive|[silent]
|switch|p1a: Weezing|Weezing-Galar, F, shiny|100/100
|move|p2a: Garganacl|Salt Cure|p1a: Weezing
|-damage|p1a: Weezing|91/100
|-start|p1a: Weezing|Salt Cure
|
|-heal|p1a: Weezing|97/100|[from] item: Leftovers
|-heal|p2a: Garganacl|100/100|[from] item: Leftovers
|-damage|p1a: Weezing|85/100|[from] Salt Cure
|upkeep
|turn|48
|
|t:|1780892189
|switch|p2a: Kyurem|Kyurem|100/100
|-ability|p2a: Kyurem|Pressure
|move|p1a: Weezing|Acid Spray|p2a: Kyurem
|-damage|p2a: Kyurem|89/100
|-unboost|p2a: Kyurem|spd|2
|
|-heal|p1a: Weezing|91/100|[from] item: Leftovers
|-damage|p1a: Weezing|79/100|[from] Salt Cure
|upkeep
|turn|49
|
|t:|1780892202
|switch|p2a: Garganacl|Garganacl, F|100/100
|move|p1a: Weezing|Strange Steam|p2a: Garganacl
|-damage|p2a: Garganacl|80/100
|-start|p2a: Garganacl|confusion
|
|-heal|p1a: Weezing|85/100|[from] item: Leftovers
|-heal|p2a: Garganacl|86/100|[from] item: Leftovers
|-damage|p1a: Weezing|73/100|[from] Salt Cure
|upkeep
|turn|50
|
|t:|1780892207
|switch|p1a: Serperior|Serperior, F, shiny|100/100
|switch|p2a: Weezing|Weezing-Galar, F|61/100 par
|-ability|p2a: Weezing|Neutralizing Gas
|
|-heal|p2a: Weezing|68/100 par|[from] item: Leftovers
|upkeep
|turn|51
|
|t:|1780892213
|move|p1a: Serperior|Substitute|p1a: Serperior
|-start|p1a: Serperior|Substitute
|-damage|p1a: Serperior|76/100
|move|p2a: Weezing|Will-O-Wisp||[still]
|-fail|p2a: Weezing
|
|-heal|p1a: Serperior|82/100|[from] item: Leftovers
|-heal|p2a: Weezing|74/100 par|[from] item: Leftovers
|upkeep
|turn|52
|
|t:|1780892218
|move|p1a: Serperior|Leech Seed|p2a: Weezing
|-start|p2a: Weezing|move: Leech Seed
|move|p2a: Weezing|Strange Steam|p1a: Serperior
|-end|p1a: Serperior|Substitute
|
|-heal|p1a: Serperior|88/100|[from] item: Leftovers
|-heal|p2a: Weezing|80/100 par|[from] item: Leftovers
|-damage|p2a: Weezing|67/100 par|[from] Leech Seed|[of] p1a: Serperior
|-heal|p1a: Serperior|99/100|[silent]
|upkeep
|turn|53
|
|t:|1780892223
|-end|p2a: Weezing|ability: Neutralizing Gas
|switch|p2a: Garganacl|Garganacl, F|86/100
|move|p1a: Serperior|Substitute|p1a: Serperior
|-start|p1a: Serperior|Substitute
|-damage|p1a: Serperior|74/100
|
|-heal|p1a: Serperior|80/100|[from] item: Leftovers
|-heal|p2a: Garganacl|93/100|[from] item: Leftovers
|upkeep
|turn|54
|
|t:|1780892239
|switch|p2a: Weezing|Weezing-Galar, F|67/100 par
|-ability|p2a: Weezing|Neutralizing Gas
|move|p1a: Serperior|Leech Seed|p2a: Weezing
|-start|p2a: Weezing|move: Leech Seed
|
|-heal|p1a: Serperior|86/100|[from] item: Leftovers
|-heal|p2a: Weezing|73/100 par|[from] item: Leftovers
|-damage|p2a: Weezing|61/100 par|[from] Leech Seed|[of] p1a: Serperior
|-heal|p1a: Serperior|97/100|[silent]
|upkeep
|turn|55
|
|t:|1780892243
|move|p1a: Serperior|Leaf Storm|p2a: Weezing
|-resisted|p2a: Weezing
|-crit|p2a: Weezing
|-damage|p2a: Weezing|22/100 par
|-unboost|p1a: Serperior|spa|2
|move|p2a: Weezing|Strange Steam|p1a: Serperior
|-end|p1a: Serperior|Substitute
|
|-heal|p1a: Serperior|100/100|[from] item: Leftovers
|-heal|p2a: Weezing|28/100 par|[from] item: Leftovers
|-damage|p2a: Weezing|16/100 par|[from] Leech Seed|[of] p1a: Serperior
|upkeep
|turn|56
|
|t:|1780892252
|-end|p2a: Weezing|ability: Neutralizing Gas
|switch|p2a: Kyurem|Kyurem|89/100
|-ability|p2a: Kyurem|Pressure
|move|p1a: Serperior|Leaf Storm|p2a: Kyurem
|-resisted|p2a: Kyurem
|-damage|p2a: Kyurem|80/100
|-boost|p1a: Serperior|spa|2
|
|upkeep
|turn|57
|
|t:|1780892258
|move|p1a: Serperior|Glare|p2a: Kyurem
|-status|p2a: Kyurem|par
|move|p2a: Kyurem|Ice Beam|p1a: Serperior
|-supereffective|p1a: Serperior
|-damage|p1a: Serperior|0 fnt
|faint|p1a: Serperior
|
|upkeep
|
|t:|1780892265
|switch|p1a: Iron Crown|Iron Crown|100/100
|turn|58
|
|t:|1780892268
|move|p1a: Iron Crown|Calm Mind|p1a: Iron Crown
|-boost|p1a: Iron Crown|spa|1
|-boost|p1a: Iron Crown|spd|1
|cant|p2a: Kyurem|par
|
|upkeep
|turn|59
|
|t:|1780892276
|switch|p2a: Iron Treads|Iron Treads|100/100
|move|p1a: Iron Crown|Agility|p1a: Iron Crown
|-boost|p1a: Iron Crown|spe|2
|
|upkeep
|turn|60
|
|t:|1780892280
|move|p1a: Iron Crown|Calm Mind|p1a: Iron Crown
|-boost|p1a: Iron Crown|spa|1
|-boost|p1a: Iron Crown|spd|1
|move|p2a: Iron Treads|Earthquake|p1a: Iron Crown
|-supereffective|p1a: Iron Crown
|-damage|p1a: Iron Crown|28/100
|-enditem|p1a: Iron Crown|Weakness Policy
|-boost|p1a: Iron Crown|atk|2|[from] item: Weakness Policy
|-boost|p1a: Iron Crown|spa|2|[from] item: Weakness Policy
|
|upkeep
|turn|61
|
|t:|1780892286
|move|p1a: Iron Crown|Stored Power|p2a: Iron Treads
|-resisted|p2a: Iron Treads
|-damage|p2a: Iron Treads|0 fnt
|faint|p2a: Iron Treads
|-end|p2a: Iron Treads|Quark Drive|[silent]
|
|upkeep
|
|t:|1780892290
|switch|p2a: Garganacl|Garganacl, F|93/100
|turn|62
|c|☆roddyj|gg
|
|t:|1780892294
|move|p1a: Iron Crown|Tachyon Cutter|p2a: Garganacl
|-supereffective|p2a: Garganacl
|-damage|p2a: Garganacl|6/100
|-supereffective|p2a: Garganacl
|-damage|p2a: Garganacl|0 fnt
|faint|p2a: Garganacl
|-hitcount|p2: Garganacl|2
|
|upkeep
|-message|LT_Alt1 forfeited.
|
|win|roddyj
|raw|roddyj's rating: 1636 &rarr; <strong>1660</strong><br />(+24 for winning)
|raw|LT_Alt1's rating: 1706 &rarr; <strong>1682</strong><br />(-24 for losing)
|l|‽LT_Alt1
|player|p2|
|l|☆roddyj
|player|p1|
