|j|‽LT_Alt1
|j|☆betathunder
|t:|1781243677
|gametype|singles
|player|p1|LT_Alt1|102|1719
|player|p2|betathunder|blackbelt|1658
|gen|9
|tier|[Gen 9] OU
|rated|
|rule|HP Percentage Mod: HP is shown in percentages
|rule|Endless Battle Clause: Forcing endless battles is banned
|rule|Species Clause: Limit one of each Pokémon
|rule|OHKO Clause: OHKO moves are banned
|rule|Evasion Items Clause: Evasion items are banned
|rule|Evasion Moves Clause: Evasion moves are banned
|rule|Evasion Abilities Clause: Evasion abilities are banned
|rule|Sleep Moves Clause: Sleep-inducing moves are banned
|clearpoke
|poke|p1|Kyurem|
|poke|p1|Raging Bolt|
|poke|p1|Hatterene, F|
|poke|p1|Slowking-Galar, F|
|poke|p1|Ting-Lu|
|poke|p1|Corviknight, F|
|poke|p2|Great Tusk|
|poke|p2|Deoxys-Speed|
|poke|p2|Gholdengo|
|poke|p2|Iron Valiant|
|poke|p2|Dragonite, F|
|poke|p2|Zamazenta-*|
|teampreview
|inactive|Battle timer is ON: inactive players will automatically lose when time's up. (requested by betathunder)
|j| dark joe biden
|
|t:|1781243692
|teamsize|p1|6
|teamsize|p2|6
|start
|switch|p1a: Raging Bolt|Raging Bolt|100/100
|switch|p2a: Deoxys|Deoxys-Speed|100/100
|-ability|p2a: Deoxys|Pressure
|turn|1
|
|t:|1781243696
|-end|p1a: Raging Bolt|Protosynthesis|[silent]
|switch|p1a: Hatterene|Hatterene, F|100/100
|move|p2a: Deoxys|Skill Swap|p1a: Hatterene
|-activate|p2a: Deoxys|Skill Swap|Magic Bounce|Pressure|[of] p1a: Hatterene
|-ability|p1a: Hatterene|Pressure
|
|upkeep
|turn|2
|
|t:|1781243703
|move|p2a: Deoxys|Stealth Rock|p1a: Hatterene
|-sidestart|p1: LT_Alt1|move: Stealth Rock
|move|p1a: Hatterene|Nuzzle|p2a: Deoxys
|-damage|p2a: Deoxys|97/100
|-status|p2a: Deoxys|par
|
|upkeep
|turn|3
|
|t:|1781243709
|switch|p1a: Corviknight|Corviknight, F|100/100
|-damage|p1a: Corviknight|88/100|[from] Stealth Rock
|-ability|p1a: Corviknight|Pressure
|move|p2a: Deoxys|Spikes|p1a: Corviknight
|-sidestart|p1: LT_Alt1|Spikes
|
|upkeep
|turn|4
|
|t:|1781243717
|switch|p2a: Gholdengo|Gholdengo|100/100
|switch|p1a: Ting-Lu|Ting-Lu|100/100
|-damage|p1a: Ting-Lu|94/100|[from] Stealth Rock
|-damage|p1a: Ting-Lu|82/100|[from] Spikes
|-ability|p1a: Ting-Lu|Vessel of Ruin
|
|-heal|p1a: Ting-Lu|88/100|[from] item: Leftovers
|upkeep
|turn|5
|
|t:|1781243722
|switch|p2a: Zamazenta|Zamazenta|100/100
|-ability|p2a: Zamazenta|Dauntless Shield|boost
|-boost|p2a: Zamazenta|def|1
|move|p1a: Ting-Lu|Spikes|p2a: Zamazenta
|-sidestart|p2: betathunder|Spikes
|
|-heal|p1a: Ting-Lu|94/100|[from] item: Leftovers
|upkeep
|turn|6
|
|t:|1781243735
|move|p2a: Zamazenta|Close Combat|p1a: Ting-Lu
|-supereffective|p1a: Ting-Lu
|-damage|p1a: Ting-Lu|5/100
|-unboost|p2a: Zamazenta|def|1
|-unboost|p2a: Zamazenta|spd|1
|-damage|p2a: Zamazenta|91/100|[from] item: Life Orb
|move|p1a: Ting-Lu|Whirlwind|p2a: Zamazenta
|drag|p2a: Iron Valiant|Iron Valiant|100/100
|-damage|p2a: Iron Valiant|88/100|[from] Spikes
|-enditem|p2a: Iron Valiant|Booster Energy
|-activate|p2a: Iron Valiant|ability: Quark Drive|[fromitem]
|-start|p2a: Iron Valiant|quarkdrivespe
|
|-heal|p1a: Ting-Lu|11/100|[from] item: Leftovers
|upkeep
|turn|7
|-message|LT_Alt1 forfeited.
|
|win|betathunder
|raw|LT_Alt1's rating: 1719 &rarr; <strong>1696</strong><br />(-23 for losing)
|raw|betathunder's rating: 1658 &rarr; <strong>1681</strong><br />(+23 for winning)
|l|‽LT_Alt1
|player|p1|
|l|☆betathunder
|player|p2|
|l| dark joe biden
