|j|☆adil
|j|☆winslowyoudog
|t:|1781302625
|gametype|singles
|player|p1|adil|1|1684
|player|p2|winslowyoudog|265|1599
|gen|9
|tier|[Gen 9] OU
|rated|
|rule|HP Percentage Mod: HP is shown in percentages
|rule|Endless Battle Clause: Forcing endless battles is banned
|rule|Species Clause: Limit one of each Pokémon
|rule|OHKO Clause: OHKO moves are banned
|rule|Evasion Items Clause: Evasion items are banned
|rule|Evasion Moves Clause: Evasion moves are banned
|rule|Evasion Abilities Clause: Evasion abilities are banned
|rule|Sleep Moves Clause: Sleep-inducing moves are banned
|clearpoke
|poke|p1|Kyurem|
|poke|p1|Corviknight, F|
|poke|p1|Ting-Lu|
|poke|p1|Slowking-Galar, M|
|poke|p1|Dragonite, M|
|poke|p1|Cinderace, F|
|poke|p2|Moltres-Galar|
|poke|p2|Gholdengo|
|poke|p2|Samurott-Hisui, M|
|poke|p2|Smeargle, M|
|poke|p2|Zamazenta-*|
|poke|p2|Deoxys-Speed|
|teampreview
|inactive|Battle timer is ON: inactive players will automatically lose when time's up. (requested by adil)
|
|t:|1781302639
|teamsize|p1|6
|teamsize|p2|6
|start
|switch|p1a: Corviknight|Corviknight, F|100/100
|switch|p2a: Gholdengo|Gholdengo|100/100
|-ability|p1a: Corviknight|Pressure
|turn|1
|
|t:|1781302653
|switch|p1a: Ting-Lu|Ting-Lu|100/100
|-ability|p1a: Ting-Lu|Vessel of Ruin
|move|p2a: Gholdengo|Trick|p1a: Ting-Lu
|-activate|p2a: Gholdengo|move: Trick|[of] p1a: Ting-Lu
|-item|p1a: Ting-Lu|Choice Scarf|[from] move: Trick
|-item|p2a: Gholdengo|Leftovers|[from] move: Trick
|
|upkeep
|turn|2
|
|t:|1781302673
|move|p2a: Gholdengo|Memento|p1a: Ting-Lu
|-unboost|p1a: Ting-Lu|atk|2
|-unboost|p1a: Ting-Lu|spa|2
|faint|p2a: Gholdengo
|move|p1a: Ting-Lu|Stealth Rock|p2: Gholdengo
|-sidestart|p2: winslowyoudog|move: Stealth Rock
|
|upkeep
|
|t:|1781302677
|switch|p2a: Smeargle|Smeargle, M|100/100
|-damage|p2a: Smeargle|88/100|[from] Stealth Rock
|turn|3
|
|t:|1781302688
|switch|p1a: Dragonite|Dragonite, M|100/100
|switch|p2a: Samurott|Samurott-Hisui, M|100/100
|-damage|p2a: Samurott|88/100|[from] Stealth Rock
|
|upkeep
|turn|4
|
|t:|1781302699
|switch|p1a: Corviknight|Corviknight, F|100/100
|-ability|p1a: Corviknight|Pressure
|move|p2a: Samurott|Ceaseless Edge|p1a: Corviknight
|-damage|p1a: Corviknight|72/100
|-sidestart|p1: adil|Spikes
|
|-heal|p1a: Corviknight|78/100|[from] item: Leftovers
|upkeep
|turn|5
|j| GracieVGC
|
|t:|1781302704
|move|p2a: Samurott|Knock Off|p1a: Corviknight
|-damage|p1a: Corviknight|52/100
|-enditem|p1a: Corviknight|Leftovers|[from] move: Knock Off|[of] p2a: Samurott
|move|p1a: Corviknight|U-turn|p2a: Samurott
|-supereffective|p2a: Samurott
|-damage|p2a: Samurott|50/100
|
|t:|1781302712
|switch|p1a: Cinderace|Cinderace, F|100/100|[from] U-turn
|
|upkeep
|turn|6
|
|t:|1781302720
|move|p1a: Cinderace|U-turn|p2a: Samurott
|-supereffective|p2a: Samurott
|-damage|p2a: Samurott|1/100
|
|t:|1781302728
|switch|p1a: Dragonite|Dragonite, M|100/100|[from] U-turn
|move|p2a: Samurott|Ceaseless Edge|p1a: Dragonite
|-damage|p1a: Dragonite|74/100
|-sidestart|p1: adil|Spikes
|
|upkeep
|turn|7
|
|t:|1781302731
|move|p1a: Dragonite|Extreme Speed|p2a: Samurott
|-damage|p2a: Samurott|0 fnt
|faint|p2a: Samurott
|
|upkeep
|
|t:|1781302736
|switch|p2a: Deoxys|Deoxys-Speed|100/100
|-damage|p2a: Deoxys|88/100|[from] Stealth Rock
|-ability|p2a: Deoxys|Pressure
|turn|8
|
|t:|1781302744
|switch|p1a: Slowking|Slowking-Galar, M|100/100
|move|p2a: Deoxys|Taunt|p1a: Slowking
|-start|p1a: Slowking|move: Taunt
|
|upkeep
|turn|9
|
|t:|1781302750
|move|p2a: Deoxys|Light Screen|p2a: Deoxys
|-sidestart|p2: winslowyoudog|move: Light Screen
|move|p1a: Slowking|Sludge Bomb|p2a: Deoxys
|-damage|p2a: Deoxys|68/100
|-status|p2a: Deoxys|psn
|
|-damage|p2a: Deoxys|56/100 psn|[from] psn
|upkeep
|turn|10
|
|t:|1781302758
|switch|p1a: Corviknight|Corviknight, F|52/100
|-ability|p1a: Corviknight|Pressure
|move|p2a: Deoxys|Reflect|p2a: Deoxys
|-sidestart|p2: winslowyoudog|Reflect
|
|-damage|p2a: Deoxys|44/100 psn|[from] psn
|upkeep
|turn|11
|
|t:|1781302763
|move|p2a: Deoxys|Taunt|p1a: Corviknight
|-start|p1a: Corviknight|move: Taunt
|cant|p1a: Corviknight|move: Taunt|Defog
|
|-damage|p2a: Deoxys|32/100 psn|[from] psn
|upkeep
|turn|12
|
|t:|1781302765
|switch|p2a: Moltres|Moltres-Galar|100/100
|-damage|p2a: Moltres|75/100|[from] Stealth Rock
|move|p1a: Corviknight|U-turn|p2a: Moltres
|-damage|p2a: Moltres|67/100
|
|t:|1781302768
|switch|p1a: Ting-Lu|Ting-Lu|100/100|[from] U-turn
|-damage|p1a: Ting-Lu|84/100|[from] Spikes
|-ability|p1a: Ting-Lu|Vessel of Ruin
|
|upkeep
|turn|13
|
|t:|1781302774
|move|p2a: Moltres|Nasty Plot|p2a: Moltres
|-boost|p2a: Moltres|spa|2
|move|p1a: Ting-Lu|Whirlwind|p2a: Moltres
|drag|p2a: Smeargle|Smeargle, M|88/100
|-damage|p2a: Smeargle|76/100|[from] Stealth Rock
|
|upkeep
|turn|14
|
|t:|1781302788
|move|p2a: Smeargle|Jaw Lock|p1a: Ting-Lu
|-resisted|p1a: Ting-Lu
|-damage|p1a: Ting-Lu|81/100
|-activate|p2a: Smeargle|trapped
|-activate|p1a: Ting-Lu|trapped
|move|p1a: Ting-Lu|Whirlwind|p2a: Smeargle
|drag|p2a: Zamazenta|Zamazenta|100/100
|-damage|p2a: Zamazenta|94/100|[from] Stealth Rock
|-ability|p2a: Zamazenta|Dauntless Shield|boost
|-boost|p2a: Zamazenta|def|1
|
|-heal|p2a: Zamazenta|100/100|[from] item: Leftovers
|upkeep
|turn|15
|
|t:|1781302794
|switch|p1a: Slowking|Slowking-Galar, M|100/100
|move|p2a: Zamazenta|Body Press|p1a: Slowking
|-resisted|p1a: Slowking
|-crit|p1a: Slowking
|-damage|p1a: Slowking|77/100
|
|upkeep
|turn|16
|
|t:|1781302801
|move|p2a: Zamazenta|Iron Defense|p2a: Zamazenta
|-boost|p2a: Zamazenta|def|2
|move|p1a: Slowking|Psychic Noise|p2a: Zamazenta
|-supereffective|p2a: Zamazenta
|-damage|p2a: Zamazenta|73/100
|-start|p2a: Zamazenta|move: Heal Block
|
|-sideend|p2: winslowyoudog|move: Light Screen
|upkeep
|turn|17
|
|t:|1781302812
|-terastallize|p2a: Zamazenta|Steel
|move|p2a: Zamazenta|Heavy Slam|p1a: Slowking
|-damage|p1a: Slowking|53/100
|move|p1a: Slowking|Psychic Noise|p2a: Zamazenta
|-resisted|p2a: Zamazenta
|-damage|p2a: Zamazenta|61/100
|
|-end|p2a: Zamazenta|move: Heal Block
|-sideend|p2: winslowyoudog|Reflect
|upkeep
|turn|18
|
|t:|1781302817
|move|p2a: Zamazenta|Heavy Slam|p1a: Slowking
|-damage|p1a: Slowking|26/100
|move|p1a: Slowking|Flamethrower|p2a: Zamazenta
|-supereffective|p2a: Zamazenta
|-damage|p2a: Zamazenta|22/100
|
|-heal|p2a: Zamazenta|28/100|[from] item: Leftovers
|upkeep
|turn|19
|
|t:|1781302824
|switch|p1a: Corviknight|Corviknight, F|52/100
|-ability|p1a: Corviknight|Pressure
|move|p2a: Zamazenta|Heavy Slam|p1a: Corviknight
|-resisted|p1a: Corviknight
|-damage|p1a: Corviknight|45/100
|
|-heal|p2a: Zamazenta|34/100|[from] item: Leftovers
|upkeep
|turn|20
|
|t:|1781302827
|switch|p1a: Slowking|Slowking-Galar, M|59/100
|move|p2a: Zamazenta|Iron Defense|p2a: Zamazenta
|-boost|p2a: Zamazenta|def|2
|
|-heal|p2a: Zamazenta|40/100|[from] item: Leftovers
|upkeep
|turn|21
|
|t:|1781302835
|move|p2a: Zamazenta|Body Press|p1a: Slowking
|-resisted|p1a: Slowking
|-damage|p1a: Slowking|23/100
|move|p1a: Slowking|Flamethrower|p2a: Zamazenta
|-supereffective|p2a: Zamazenta
|-damage|p2a: Zamazenta|0 fnt
|faint|p2a: Zamazenta
|
|upkeep
|
|t:|1781302839
|switch|p2a: Smeargle|Smeargle, M|76/100
|-damage|p2a: Smeargle|63/100|[from] Stealth Rock
|turn|22
|
|t:|1781302845
|move|p2a: Smeargle|Jaw Lock|p1a: Slowking
|-supereffective|p1a: Slowking
|-damage|p1a: Slowking|0 fnt
|faint|p1a: Slowking
|
|upkeep
|
|t:|1781302847
|switch|p1a: Dragonite|Dragonite, M|74/100
|turn|23
|
|t:|1781302851
|move|p1a: Dragonite|Extreme Speed|p2a: Smeargle
|-damage|p2a: Smeargle|0 fnt
|faint|p2a: Smeargle
|
|upkeep
|-message|winslowyoudog forfeited.
|
|win|adil
|raw|adil's rating: 1684 &rarr; <strong>1699</strong><br />(+15 for winning)
|raw|winslowyoudog's rating: 1599 &rarr; <strong>1584</strong><br />(-15 for losing)
|l|☆winslowyoudog
|player|p2|
|l|☆adil
|player|p1|
