|j|☆karmasiren
|j|☆FettyWap97
|t:|1780935255
|gametype|singles
|player|p1|karmasiren|skyla|1529
|player|p2|FettyWap97|blaine|1600
|gen|9
|tier|[Gen 9] OU
|rated|
|rule|HP Percentage Mod: HP is shown in percentages
|rule|Endless Battle Clause: Forcing endless battles is banned
|rule|Species Clause: Limit one of each Pokémon
|rule|OHKO Clause: OHKO moves are banned
|rule|Evasion Items Clause: Evasion items are banned
|rule|Evasion Moves Clause: Evasion moves are banned
|rule|Evasion Abilities Clause: Evasion abilities are banned
|rule|Sleep Moves Clause: Sleep-inducing moves are banned
|clearpoke
|poke|p1|Volcanion|
|poke|p1|Corviknight, F|
|poke|p1|Sandy Shocks|
|poke|p1|Serperior, F|
|poke|p1|Deoxys-Speed|
|poke|p1|Kingambit, F|
|poke|p2|Pelipper, L99, F|
|poke|p2|Barraskewda, F|
|poke|p2|Raging Bolt|
|poke|p2|Golduck, M|
|poke|p2|Pawmot, F|
|poke|p2|Tentacruel, F|
|teampreview
|
|t:|1780935263
|teamsize|p1|6
|teamsize|p2|6
|start
|switch|p1a: Steam McQueen|Volcanion|100/100
|switch|p2a: Ghoti carrier|Pelipper, L99, F|100/100
|-weather|RainDance|[from] ability: Drizzle|[of] p2a: Ghoti carrier
|turn|1
|
|t:|1780935267
|switch|p2a: Spaghetti Too|Tentacruel, F|100/100
|move|p1a: Steam McQueen|Steam Eruption|p2a: Spaghetti Too
|-resisted|p2a: Spaghetti Too
|-damage|p2a: Spaghetti Too|74/100
|
|-weather|RainDance|[upkeep]
|-heal|p2a: Spaghetti Too|80/100|[from] ability: Rain Dish
|upkeep
|turn|2
|
|t:|1780935272
|switch|p1a: Mega Magneton|Sandy Shocks, shiny|100/100
|move|p2a: Spaghetti Too|Flip Turn|p1a: Mega Magneton
|-supereffective|p1a: Mega Magneton
|-damage|p1a: Mega Magneton|60/100
|inactive|Battle timer is ON: inactive players will automatically lose when time's up. (requested by karmasiren)
|
|t:|1780935289
|switch|p2a: Seaking Duck|Golduck, M|100/100|[from] Flip Turn
|
|-weather|RainDance|[upkeep]
|upkeep
|turn|3
|
|t:|1780935298
|switch|p2a: Great Neck|Raging Bolt|100/100
|-end|p1a: Mega Magneton|Protosynthesis|[silent]
|switch|p1a: Steam McQueen|Volcanion|100/100
|
|-weather|RainDance|[upkeep]
|upkeep
|turn|4
|
|t:|1780935308
|move|p1a: Steam McQueen|Earth Power|p2a: Great Neck
|-supereffective|p2a: Great Neck
|-damage|p2a: Great Neck|15/100
|move|p2a: Great Neck|Thunder|p1a: Steam McQueen
|-supereffective|p1a: Steam McQueen
|-damage|p1a: Steam McQueen|0 fnt
|faint|p1a: Steam McQueen
|
|-weather|RainDance|[upkeep]
|-heal|p2a: Great Neck|21/100|[from] item: Leftovers
|upkeep
|
|t:|1780935311
|switch|p1a: Deoxys|Deoxys-Speed|100/100
|-ability|p1a: Deoxys|Pressure
|turn|5
|
|t:|1780935316
|move|p1a: Deoxys|Stealth Rock|p2a: Great Neck
|-sidestart|p2: FettyWap97|move: Stealth Rock
|move|p2a: Great Neck|Thunder|p1a: Deoxys
|-damage|p1a: Deoxys|0 fnt
|faint|p1a: Deoxys
|
|-weather|RainDance|[upkeep]
|-heal|p2a: Great Neck|27/100|[from] item: Leftovers
|upkeep
|
|t:|1780935318
|switch|p1a: Lucifer|Serperior, F, shiny|100/100
|turn|6
|
|t:|1780935323
|move|p1a: Lucifer|Dragon Pulse|p2a: Great Neck
|-supereffective|p2a: Great Neck
|-damage|p2a: Great Neck|0 fnt
|faint|p2a: Great Neck
|-end|p2a: Great Neck|Protosynthesis|[silent]
|
|-weather|RainDance|[upkeep]
|upkeep
|
|t:|1780935327
|switch|p2a: Spaghetti Too|Tentacruel, F|80/100
|-damage|p2a: Spaghetti Too|68/100|[from] Stealth Rock
|turn|7
|
|t:|1780935333
|move|p1a: Lucifer|Glare|p2a: Spaghetti Too
|-status|p2a: Spaghetti Too|par
|cant|p2a: Spaghetti Too|par
|
|-weather|RainDance|[upkeep]
|-heal|p2a: Spaghetti Too|74/100 par|[from] ability: Rain Dish
|upkeep
|turn|8
|
|t:|1780935340
|move|p1a: Lucifer|Leaf Storm|p2a: Spaghetti Too
|-damage|p2a: Spaghetti Too|54/100 par
|-boost|p1a: Lucifer|spa|2
|move|p2a: Spaghetti Too|Rapid Spin|p1a: Lucifer
|-crit|p1a: Lucifer
|-damage|p1a: Lucifer|84/100
|-boost|p2a: Spaghetti Too|spe|1
|-sideend|p2: FettyWap97|Stealth Rock|[from] move: Rapid Spin|[of] p2a: Spaghetti Too
|
|-weather|none
|upkeep
|turn|9
|
|t:|1780935343
|move|p1a: Lucifer|Leaf Storm|p2a: Spaghetti Too
|-damage|p2a: Spaghetti Too|20/100 par
|-boost|p1a: Lucifer|spa|2
|cant|p2a: Spaghetti Too|par
|
|upkeep
|turn|10
|
|t:|1780935352
|move|p1a: Lucifer|Leaf Storm|p2a: Spaghetti Too
|-damage|p2a: Spaghetti Too|0 fnt
|-boost|p1a: Lucifer|spa|2
|faint|p2a: Spaghetti Too
|
|upkeep
|
|t:|1780935362
|switch|p2a: ExSkewda Me|Barraskewda, F|100/100
|turn|11
|
|t:|1780935373
|-terastallize|p2a: ExSkewda Me|Poison
|move|p2a: ExSkewda Me|Poison Jab|p1a: Lucifer
|-supereffective|p1a: Lucifer
|-damage|p1a: Lucifer|0 fnt
|faint|p1a: Lucifer
|
|upkeep
|
|t:|1780935377
|switch|p1a: King of OU|Kingambit, F|100/100
|-activate|p1a: King of OU|ability: Supreme Overlord
|-start|p1a: King of OU|fallen3|[silent]
|turn|12
|
|t:|1780935380
|switch|p2a: Really want eject|Pawmot, F|100/100
|move|p1a: King of OU|Swords Dance|p1a: King of OU
|-boost|p1a: King of OU|atk|2
|
|upkeep
|turn|13
|
|t:|1780935384
|move|p2a: Really want eject|Encore|p1a: King of OU
|-start|p1a: King of OU|Encore
|move|p1a: King of OU|Swords Dance|p1a: King of OU
|-boost|p1a: King of OU|atk|2
|
|upkeep
|turn|14
|
|t:|1780935389
|switch|p2a: Ghoti carrier|Pelipper, L99, F|100/100
|-weather|RainDance|[from] ability: Drizzle|[of] p2a: Ghoti carrier
|-end|p1a: King of OU|fallen3|[silent]
|switch|p1a: Mega Magneton|Sandy Shocks, shiny|60/100
|
|-weather|RainDance|[upkeep]
|upkeep
|turn|15
|
|t:|1780935396
|move|p1a: Mega Magneton|Earth Power|p2a: Ghoti carrier
|-immune|p2a: Ghoti carrier
|move|p2a: Ghoti carrier|U-turn|p1a: Mega Magneton
|-damage|p1a: Mega Magneton|51/100
|
|t:|1780935399
|switch|p2a: ExSkewda Me|Barraskewda, F, tera:Poison|100/100|[from] U-turn
|
|-weather|RainDance|[upkeep]
|upkeep
|turn|16
|
|t:|1780935401
|-end|p1a: Mega Magneton|Protosynthesis|[silent]
|switch|p1a: Edgar|Corviknight, F, shiny|100/100
|-ability|p1a: Edgar|Pressure
|move|p2a: ExSkewda Me|Liquidation|p1a: Edgar
|-damage|p1a: Edgar|50/100
|-damage|p2a: ExSkewda Me|84/100|[from] item: Rocky Helmet|[of] p1a: Edgar
|
|-weather|RainDance|[upkeep]
|upkeep
|turn|17
|
|t:|1780935410
|-terastallize|p1a: Edgar|Dragon
|move|p2a: ExSkewda Me|Liquidation|p1a: Edgar
|-resisted|p1a: Edgar
|-damage|p1a: Edgar|24/100
|-damage|p2a: ExSkewda Me|68/100|[from] item: Rocky Helmet|[of] p1a: Edgar
|move|p1a: Edgar|Roost|p1a: Edgar
|-heal|p1a: Edgar|74/100
|
|-weather|RainDance|[upkeep]
|upkeep
|turn|18
|
|t:|1780935414
|switch|p2a: Seaking Duck|Golduck, M|100/100
|move|p1a: Edgar|Body Press|p2a: Seaking Duck
|-damage|p2a: Seaking Duck|63/100
|
|-weather|RainDance|[upkeep]
|upkeep
|turn|19
|
|t:|1780935423
|switch|p1a: King of OU|Kingambit, F|100/100
|-activate|p1a: King of OU|ability: Supreme Overlord
|-start|p1a: King of OU|fallen3|[silent]
|move|p2a: Seaking Duck|Ice Beam|p1a: King of OU
|-resisted|p1a: King of OU
|-damage|p1a: King of OU|80/100
|-damage|p2a: Seaking Duck|53/100|[from] item: Life Orb
|
|-weather|RainDance|[upkeep]
|upkeep
|turn|20
|
|t:|1780935428
|move|p2a: Seaking Duck|Vacuum Wave|p1a: King of OU
|-supereffective|p1a: King of OU
|-damage|p1a: King of OU|7/100
|-damage|p2a: Seaking Duck|43/100|[from] item: Life Orb
|move|p1a: King of OU|Kowtow Cleave|p2a: Seaking Duck
|-damage|p2a: Seaking Duck|0 fnt
|faint|p2a: Seaking Duck
|
|-weather|RainDance|[upkeep]
|upkeep
|
|t:|1780935444
|switch|p2a: Really want eject|Pawmot, F|100/100
|turn|21
|
|t:|1780935448
|move|p2a: Really want eject|Close Combat|p1a: King of OU
|-supereffective|p1a: King of OU
|-damage|p1a: King of OU|0 fnt
|-unboost|p2a: Really want eject|def|1
|-unboost|p2a: Really want eject|spd|1
|faint|p1a: King of OU
|-end|p1a: King of OU|fallen3|[silent]
|
|-weather|none
|upkeep
|
|t:|1780935449
|switch|p1a: Edgar|Corviknight, F, shiny, tera:Dragon|74/100
|-ability|p1a: Edgar|Pressure
|turn|22
|
|t:|1780935452
|move|p2a: Really want eject|Revival Blessing|p2a: Really want eject
|-enditem|p2a: Really want eject|Leppa Berry|[eat]
|-activate|p2a: Really want eject|item: Leppa Berry|Revival Blessing|[consumed]
|
|t:|1780935455
|-heal|p2: Seaking Duck|50/100|[from] move: Revival Blessing
|move|p1a: Edgar|Body Press|p2a: Really want eject
|-damage|p2a: Really want eject|46/100
|
|upkeep
|turn|23
|
|t:|1780935462
|move|p2a: Really want eject|Revival Blessing|p2a: Really want eject
|
|t:|1780935464
|-heal|p2: Great Neck|50/100|[from] move: Revival Blessing
|move|p1a: Edgar|Body Press|p2a: Really want eject
|-damage|p2a: Really want eject|0 fnt
|faint|p2a: Really want eject
|
|upkeep
|
|t:|1780935466
|switch|p2a: Ghoti carrier|Pelipper, L99, F|100/100
|-weather|RainDance|[from] ability: Drizzle|[of] p2a: Ghoti carrier
|turn|24
|
|t:|1780935469
|switch|p1a: Mega Magneton|Sandy Shocks, shiny|51/100
|move|p2a: Ghoti carrier|U-turn|p1a: Mega Magneton
|-crit|p1a: Mega Magneton
|-damage|p1a: Mega Magneton|38/100
|
|t:|1780935472
|switch|p2a: Seaking Duck|Golduck, M|50/100|[from] U-turn
|
|-weather|RainDance|[upkeep]
|upkeep
|turn|25
|-message|karmasiren forfeited.
|
|win|FettyWap97
|raw|karmasiren's rating: 1529 &rarr; <strong>1513</strong><br />(-16 for losing)
|raw|FettyWap97's rating: 1600 &rarr; <strong>1616</strong><br />(+16 for winning)
|l|☆karmasiren
|player|p1|
|l|☆FettyWap97
|player|p2|
