|j|☆volc1877
|j|☆omari p
|t:|1781533498
|gametype|singles
|player|p1|volc1877|2|1594
|player|p2|omari p|pokemonrangerf|1555
|gen|9
|tier|[Gen 9] OU
|rated|
|rule|HP Percentage Mod: HP is shown in percentages
|rule|Endless Battle Clause: Forcing endless battles is banned
|rule|Species Clause: Limit one of each Pokémon
|rule|OHKO Clause: OHKO moves are banned
|rule|Evasion Items Clause: Evasion items are banned
|rule|Evasion Moves Clause: Evasion moves are banned
|rule|Evasion Abilities Clause: Evasion abilities are banned
|rule|Sleep Moves Clause: Sleep-inducing moves are banned
|clearpoke
|poke|p1|Pelipper, M|
|poke|p1|Volcanion|
|poke|p1|Barraskewda, M|
|poke|p1|Iron Treads|
|poke|p1|Slither Wing|
|poke|p1|Tornadus-Therian, M|
|poke|p2|Thundurus-Therian, M|
|poke|p2|Cinderace, F|
|poke|p2|Mandibuzz, F|
|poke|p2|Latios, M|
|poke|p2|Deoxys-Speed|
|poke|p2|Iron Hands|
|teampreview
|j| newhere1310
|j| peeekapeee
|
|t:|1781533601
|teamsize|p1|6
|teamsize|p2|6
|start
|switch|p1a: Barraskewda|Barraskewda, M|100/100
|switch|p2a: Iron Hands|Iron Hands|100/100
|turn|1
|
|t:|1781533605
|move|p1a: Barraskewda|Flip Turn|p2a: Iron Hands
|-damage|p2a: Iron Hands|67/100
|
|t:|1781533607
|switch|p1a: Slither Wing|Slither Wing|100/100|[from] Flip Turn
|move|p2a: Iron Hands|Close Combat|p1a: Slither Wing
|-resisted|p1a: Slither Wing
|-damage|p1a: Slither Wing|74/100
|-unboost|p2a: Iron Hands|def|1
|-unboost|p2a: Iron Hands|spd|1
|
|upkeep
|turn|2
|
|t:|1781533611
|-end|p2a: Iron Hands|Quark Drive|[silent]
|switch|p2a: Mandibuzz|Mandibuzz, F, shiny|100/100
|move|p1a: Slither Wing|U-turn|p2a: Mandibuzz
|-damage|p2a: Mandibuzz|83/100
|-damage|p1a: Slither Wing|57/100|[from] item: Rocky Helmet|[of] p2a: Mandibuzz
|inactive|Battle timer is ON: inactive players will automatically lose when time's up. (requested by omari p)
|
|t:|1781533617
|-end|p1a: Slither Wing|Protosynthesis|[silent]
|switch|p1a: Pelipper|Pelipper, M|100/100|[from] U-turn
|-weather|RainDance|[from] ability: Drizzle|[of] p1a: Pelipper
|
|-weather|RainDance|[upkeep]
|upkeep
|turn|3
|
|t:|1781533619
|move|p2a: Mandibuzz|Toxic|p1a: Pelipper
|-status|p1a: Pelipper|tox
|move|p1a: Pelipper|U-turn|p2a: Mandibuzz
|-damage|p2a: Mandibuzz|78/100
|-damage|p1a: Pelipper|84/100 tox|[from] item: Rocky Helmet|[of] p2a: Mandibuzz
|
|t:|1781533622
|switch|p1a: Volcanion|Volcanion|100/100|[from] U-turn
|
|-weather|RainDance|[upkeep]
|upkeep
|turn|4
|
|t:|1781533625
|switch|p2a: Deoxys|Deoxys-Speed|100/100
|-ability|p2a: Deoxys|Pressure
|move|p1a: Volcanion|Steam Eruption|p2a: Deoxys
|-enditem|p2a: Deoxys|Focus Sash
|-damage|p2a: Deoxys|1/100
|
|-weather|RainDance|[upkeep]
|upkeep
|turn|5
|
|t:|1781533635
|switch|p1a: Iron Treads|Iron Treads|100/100
|move|p2a: Deoxys|Stealth Rock|p1a: Iron Treads
|-sidestart|p1: volc1877|move: Stealth Rock
|
|-weather|RainDance|[upkeep]
|upkeep
|turn|6
|
|t:|1781533641
|move|p2a: Deoxys|Ice Beam|p1a: Iron Treads
|-damage|p1a: Iron Treads|80/100
|move|p1a: Iron Treads|Rapid Spin|p2a: Deoxys
|-damage|p2a: Deoxys|0 fnt
|-boost|p1a: Iron Treads|spe|1
|-sideend|p1: volc1877|Stealth Rock|[from] move: Rapid Spin|[of] p1a: Iron Treads
|faint|p2a: Deoxys
|
|-weather|RainDance|[upkeep]
|-heal|p1a: Iron Treads|86/100|[from] item: Leftovers
|upkeep
|
|t:|1781533646
|switch|p2a: Iron Hands|Iron Hands|67/100
|turn|7
|
|t:|1781533655
|move|p1a: Iron Treads|Volt Switch|p2a: Iron Hands
|-resisted|p2a: Iron Hands
|-damage|p2a: Iron Hands|64/100
|
|t:|1781533657
|-end|p1a: Iron Treads|Quark Drive|[silent]
|switch|p1a: Slither Wing|Slither Wing|57/100|[from] Volt Switch
|move|p2a: Iron Hands|Close Combat|p1a: Slither Wing
|-resisted|p1a: Slither Wing
|-damage|p1a: Slither Wing|32/100
|-unboost|p2a: Iron Hands|def|1
|-unboost|p2a: Iron Hands|spd|1
|
|-weather|RainDance|[upkeep]
|upkeep
|turn|8
|
|t:|1781533665
|move|p1a: Slither Wing|Morning Sun|p1a: Slither Wing
|-heal|p1a: Slither Wing|82/100
|move|p2a: Iron Hands|Supercell Slam|p1a: Slither Wing
|-damage|p1a: Slither Wing|35/100
|
|-weather|RainDance|[upkeep]
|upkeep
|turn|9
|
|t:|1781533676
|-end|p2a: Iron Hands|Quark Drive|[silent]
|switch|p2a: Cinderace|Cinderace, F|100/100
|move|p1a: Slither Wing|Morning Sun|p1a: Slither Wing
|-heal|p1a: Slither Wing|85/100
|
|-weather|none
|upkeep
|turn|10
|
|t:|1781533684
|switch|p2a: Thundurus|Thundurus-Therian, M|100/100
|-end|p1a: Slither Wing|Protosynthesis|[silent]
|switch|p1a: Pelipper|Pelipper, M|84/100 tox
|-weather|RainDance|[from] ability: Drizzle|[of] p1a: Pelipper
|
|-weather|RainDance|[upkeep]
|-damage|p1a: Pelipper|78/100 tox|[from] psn
|upkeep
|turn|11
|
|t:|1781533698
|switch|p1a: Iron Treads|Iron Treads|86/100
|move|p2a: Thundurus|Nasty Plot|p2a: Thundurus
|-boost|p2a: Thundurus|spa|2
|
|-weather|RainDance|[upkeep]
|-heal|p1a: Iron Treads|92/100|[from] item: Leftovers
|upkeep
|turn|12
|
|t:|1781533712
|-end|p1a: Iron Treads|Quark Drive|[silent]
|switch|p1a: Volcanion|Volcanion|100/100
|move|p2a: Thundurus|Focus Blast|p1a: Volcanion|[miss]
|-miss|p2a: Thundurus|p1a: Volcanion
|
|-weather|RainDance|[upkeep]
|upkeep
|turn|13
|
|t:|1781533718
|move|p2a: Thundurus|Focus Blast|p1a: Volcanion|[miss]
|-miss|p2a: Thundurus|p1a: Volcanion
|move|p1a: Volcanion|Steam Eruption|p2a: Thundurus
|-damage|p2a: Thundurus|0 fnt
|faint|p2a: Thundurus
|
|-weather|RainDance|[upkeep]
|upkeep
|c|☆omari p|im confused
|c|☆omari p|how did morning sun do half
|
|t:|1781533732
|switch|p2a: Latios|Latios, M|100/100
|turn|14
|c|☆volc1877|Utility umbrella
|c|☆omari p|!dt utility umbrella
|c|☆omari p|/raw <ul class="utilichart"><li class="result"><span class="col itemiconcol"><psicon item="utilityumbrella"></span> <span class="col namecol"><a href="https://dex.pokemonshowdown.com/items/utilityumbrella">Utility Umbrella</a></span> <span class="col itemdesccol">The holder ignores rain- and sun-based effects.</span> </li><li style="clear:both"></li></ul>
|c|☆omari p|/raw <font size="1"><font color="#686868">Gen:</font> 8&nbsp;|&ThickSpace;<font color="#686868">Fling Base Power:</font> 60</font>

|
|t:|1781533746
|switch|p1a: Iron Treads|Iron Treads|92/100
|move|p2a: Latios|Luster Purge|p1a: Iron Treads
|-resisted|p1a: Iron Treads
|-damage|p1a: Iron Treads|74/100
|
|-weather|RainDance|[upkeep]
|-heal|p1a: Iron Treads|80/100|[from] item: Leftovers
|upkeep
|turn|15
|c|☆omari p|i have never seen this
|c|☆omari p|that is cool
|
|t:|1781533754
|switch|p2a: Iron Hands|Iron Hands|64/100
|move|p1a: Iron Treads|Volt Switch|p2a: Iron Hands
|-resisted|p2a: Iron Hands
|-damage|p2a: Iron Hands|62/100
|
|t:|1781533760
|-end|p1a: Iron Treads|Quark Drive|[silent]
|switch|p1a: Volcanion|Volcanion|100/100|[from] Volt Switch
|
|-weather|RainDance|[upkeep]
|upkeep
|turn|16
|
|t:|1781533762
|move|p1a: Volcanion|Steam Eruption|p2a: Iron Hands
|-damage|p2a: Iron Hands|4/100
|move|p2a: Iron Hands|Supercell Slam|p1a: Volcanion
|-supereffective|p1a: Volcanion
|-damage|p1a: Volcanion|0 fnt
|faint|p1a: Volcanion
|
|-weather|RainDance|[upkeep]
|upkeep
|
|t:|1781533767
|switch|p1a: Slither Wing|Slither Wing|85/100
|turn|17
|
|t:|1781533770
|move|p1a: Slither Wing|U-turn|p2a: Iron Hands
|-resisted|p2a: Iron Hands
|-damage|p2a: Iron Hands|0 fnt
|faint|p2a: Iron Hands
|-end|p2a: Iron Hands|Quark Drive|[silent]
|
|t:|1781533775
|-end|p1a: Slither Wing|Protosynthesis|[silent]
|switch|p1a: Tornadus|Tornadus-Therian, M|100/100|[from] U-turn
|
|-weather|none
|upkeep
|
|t:|1781533778
|switch|p2a: Cinderace|Cinderace, F|100/100
|turn|18
|
|t:|1781533781
|switch|p1a: Pelipper|Pelipper, M|78/100 tox
|-weather|RainDance|[from] ability: Drizzle|[of] p1a: Pelipper
|move|p2a: Cinderace|Pyro Ball|p1a: Pelipper
|-resisted|p1a: Pelipper
|-damage|p1a: Pelipper|65/100 tox
|
|-weather|RainDance|[upkeep]
|-damage|p1a: Pelipper|58/100 tox|[from] psn
|upkeep
|turn|19
|
|t:|1781533785
|move|p2a: Cinderace|Sucker Punch|p1a: Pelipper
|-start|p2a: Cinderace|typechange|Dark|[from] ability: Libero
|-damage|p1a: Pelipper|27/100 tox
|move|p1a: Pelipper|U-turn|p2a: Cinderace
|-supereffective|p2a: Cinderace
|-damage|p2a: Cinderace|76/100
|
|t:|1781533786
|switch|p1a: Barraskewda|Barraskewda, M|100/100|[from] U-turn
|
|-weather|RainDance|[upkeep]
|upkeep
|turn|20
|
|t:|1781533788
|move|p2a: Cinderace|Sucker Punch|p1a: Barraskewda
|-damage|p1a: Barraskewda|29/100
|move|p1a: Barraskewda|Liquidation|p2a: Cinderace
|-crit|p2a: Cinderace
|-damage|p2a: Cinderace|0 fnt
|faint|p2a: Cinderace
|
|-weather|RainDance|[upkeep]
|upkeep
|
|t:|1781533791
|switch|p2a: Latios|Latios, M|100/100
|turn|21
|
|t:|1781533804
|-terastallize|p1a: Barraskewda|Water
|move|p1a: Barraskewda|Liquidation|p2a: Latios
|-resisted|p2a: Latios
|-damage|p2a: Latios|8/100
|move|p2a: Latios|Luster Purge|p1a: Barraskewda
|-damage|p1a: Barraskewda|0 fnt
|faint|p1a: Barraskewda
|
|-weather|RainDance|[upkeep]
|upkeep
|
|t:|1781533806
|switch|p1a: Iron Treads|Iron Treads|80/100
|turn|22
|
|t:|1781533834
|switch|p2a: Mandibuzz|Mandibuzz, F, shiny|78/100
|move|p1a: Iron Treads|Volt Switch|p2a: Mandibuzz
|-supereffective|p2a: Mandibuzz
|-crit|p2a: Mandibuzz
|-damage|p2a: Mandibuzz|48/100
|
|t:|1781533836
|-end|p1a: Iron Treads|Quark Drive|[silent]
|switch|p1a: Tornadus|Tornadus-Therian, M|100/100|[from] Volt Switch
|
|-weather|RainDance|[upkeep]
|upkeep
|turn|23
|-message|omari p forfeited.
|
|win|volc1877
|raw|volc1877's rating: 1594 &rarr; <strong>1612</strong><br />(+18 for winning)
|raw|omari p's rating: 1555 &rarr; <strong>1537</strong><br />(-18 for losing)
|l|☆omari p
|player|p2|
|l|☆volc1877
|player|p1|
|l| newhere1310
|l| peeekapeee
