|j|☆Mr.X&Y97
|j|☆Ggezbb
|t:|1780977038
|gametype|singles
|player|p1|Mr.X&Y97|ingo|1611
|player|p2|Ggezbb|102|1587
|gen|9
|tier|[Gen 9] OU
|rated|
|rule|HP Percentage Mod: HP is shown in percentages
|rule|Endless Battle Clause: Forcing endless battles is banned
|rule|Species Clause: Limit one of each Pokémon
|rule|OHKO Clause: OHKO moves are banned
|rule|Evasion Items Clause: Evasion items are banned
|rule|Evasion Moves Clause: Evasion moves are banned
|rule|Evasion Abilities Clause: Evasion abilities are banned
|rule|Sleep Moves Clause: Sleep-inducing moves are banned
|clearpoke
|poke|p1|Cramorant, F|
|poke|p1|Cinderace, M|
|poke|p1|Kingambit, F|
|poke|p1|Ogerpon-Cornerstone, F|
|poke|p1|Kyurem|
|poke|p1|Iron Valiant|
|poke|p2|Pincurchin, M|
|poke|p2|Pawmot, F|
|poke|p2|Iron Valiant|
|poke|p2|Raging Bolt|
|poke|p2|Iron Treads|
|poke|p2|Iron Moth|
|teampreview
|inactive|Battle timer is ON: inactive players will automatically lose when time's up. (requested by Mr.X&Y97)
|inactive|Ggezbb has 120 seconds left.
|inactive|Ggezbb has 90 seconds left.
|
|t:|1780977100
|teamsize|p1|6
|teamsize|p2|6
|start
|switch|p1a: Kyurem|Kyurem|100/100
|switch|p2a: Pincurchin|Pincurchin, M|100/100
|-ability|p1a: Kyurem|Pressure
|-fieldstart|move: Electric Terrain|[from] ability: Electric Surge|[of] p2a: Pincurchin
|turn|1
|inactive|Ggezbb has 120 seconds left.
|
|t:|1780977149
|switch|p2a: Iron Moth|Iron Moth|100/100
|-item|p2a: Iron Moth|Air Balloon
|-activate|p2a: Iron Moth|ability: Quark Drive
|-start|p2a: Iron Moth|quarkdrivespa
|-terastallize|p1a: Kyurem|Ground
|move|p1a: Kyurem|Dragon Dance|p1a: Kyurem
|-boost|p1a: Kyurem|atk|1
|-boost|p1a: Kyurem|spe|1
|
|upkeep
|turn|2
|
|t:|1780977174
|move|p1a: Kyurem|Scale Shot|p2a: Iron Moth
|-damage|p2a: Iron Moth|67/100
|-enditem|p2a: Iron Moth|Air Balloon
|-damage|p2a: Iron Moth|34/100
|-damage|p2a: Iron Moth|3/100
|-damage|p2a: Iron Moth|0 fnt
|faint|p2a: Iron Moth
|-end|p2a: Iron Moth|Quark Drive|[silent]
|-hitcount|p2: Iron Moth|4
|-unboost|p1a: Kyurem|def|1
|-boost|p1a: Kyurem|spe|1
|
|upkeep
|inactive|Ggezbb has 90 seconds left.
|j| BS34
|inactive|Ggezbb has 60 seconds left.
|
|t:|1780977219
|switch|p2a: Iron Valiant|Iron Valiant|100/100
|-activate|p2a: Iron Valiant|ability: Quark Drive
|-start|p2a: Iron Valiant|quarkdrivespe
|turn|3
|inactive|Ggezbb has 60 seconds left.
|
|t:|1780977226
|move|p1a: Kyurem|Icicle Spear|p2a: Iron Valiant
|-damage|p2a: Iron Valiant|76/100
|-damage|p2a: Iron Valiant|52/100
|-damage|p2a: Iron Valiant|25/100
|-damage|p2a: Iron Valiant|1/100
|-crit|p2a: Iron Valiant
|-damage|p2a: Iron Valiant|0 fnt
|faint|p2a: Iron Valiant
|-end|p2a: Iron Valiant|Quark Drive|[silent]
|-hitcount|p2: Iron Valiant|5
|
|upkeep
|inactive|Ggezbb has 60 seconds left.
|
|t:|1780977240
|switch|p2a: Raging Bolt|Raging Bolt|100/100
|-enditem|p2a: Raging Bolt|Electric Seed
|-boost|p2a: Raging Bolt|def|1|[from] item: Electric Seed
|turn|4
|inactive|Ggezbb has 60 seconds left.
|
|t:|1780977252
|-terastallize|p2a: Raging Bolt|Ghost
|move|p1a: Kyurem|Icicle Spear|p2a: Raging Bolt
|-damage|p2a: Raging Bolt|89/100
|-damage|p2a: Raging Bolt|79/100
|-damage|p2a: Raging Bolt|68/100
|-damage|p2a: Raging Bolt|56/100
|-damage|p2a: Raging Bolt|45/100
|-hitcount|p2a: Raging Bolt|5
|move|p2a: Raging Bolt|Dragon Pulse|p1a: Kyurem
|-damage|p1a: Kyurem|46/100
|
|upkeep
|turn|5
|inactive|Ggezbb has 60 seconds left.
|
|t:|1780977273
|move|p1a: Kyurem|Icicle Spear|p2a: Raging Bolt
|-damage|p2a: Raging Bolt|34/100
|-damage|p2a: Raging Bolt|23/100
|-damage|p2a: Raging Bolt|11/100
|-damage|p2a: Raging Bolt|0 fnt
|faint|p2a: Raging Bolt
|-end|p2a: Raging Bolt|Protosynthesis|[silent]
|-hitcount|p2: Raging Bolt|4
|
|upkeep
|
|t:|1780977276
|switch|p2a: Iron Treads|Iron Treads|100/100
|-activate|p2a: Iron Treads|ability: Quark Drive
|-start|p2a: Iron Treads|quarkdrivespe
|turn|6
|
|t:|1780977289
|move|p1a: Kyurem|Earth Power|p2a: Iron Treads
|-supereffective|p2a: Iron Treads
|-damage|p2a: Iron Treads|11/100
|-enditem|p2a: Iron Treads|Eject Button
|-message|Ggezbb forfeited.
|
|win|Mr.X&Y97
|raw|Mr.X&amp;Y97's rating: 1611 &rarr; <strong>1630</strong><br />(+19 for winning)
|raw|Ggezbb's rating: 1587 &rarr; <strong>1568</strong><br />(-19 for losing)
|l|☆Ggezbb
|player|p2|
