|j|☆LuckyDae
|j|☆CIodSuspectTest
|t:|1781042602
|gametype|singles
|player|p1|LuckyDae|guzma|1530
|player|p2|CIodSuspectTest|102|1566
|gen|9
|tier|[Gen 9] OU
|rated|
|rule|HP Percentage Mod: HP is shown in percentages
|rule|Endless Battle Clause: Forcing endless battles is banned
|rule|Species Clause: Limit one of each Pokémon
|rule|OHKO Clause: OHKO moves are banned
|rule|Evasion Items Clause: Evasion items are banned
|rule|Evasion Moves Clause: Evasion moves are banned
|rule|Evasion Abilities Clause: Evasion abilities are banned
|rule|Sleep Moves Clause: Sleep-inducing moves are banned
|clearpoke
|poke|p1|Landorus-Therian, M|
|poke|p1|Slither Wing|
|poke|p1|Araquanid, M|
|poke|p1|Iron Treads|
|poke|p1|Darkrai|
|poke|p1|Tornadus-Therian, M|
|poke|p2|Zoroark-Hisui, M|
|poke|p2|Zamazenta-*|
|poke|p2|Clodsire, F|
|poke|p2|Ogerpon-Wellspring, F|
|poke|p2|Cinderace, F|
|poke|p2|Deoxys-Speed|
|teampreview
|
|t:|1781042609
|teamsize|p1|6
|teamsize|p2|6
|start
|switch|p1a: Araquanid|Araquanid, M|100/100
|switch|p2a: Ogerpon|Ogerpon-Wellspring, F|100/100
|turn|1
|inactive|Battle timer is ON: inactive players will automatically lose when time's up. (requested by CIodSuspectTest)
|
|t:|1781042615
|switch|p1a: Tornadus|Tornadus-Therian, M|100/100
|-terastallize|p2a: Ogerpon|Water
|detailschange|p2a: Ogerpon|Ogerpon-Wellspring-Tera, F, tera:Water
|-ability|p2a: Ogerpon|Embody Aspect (Wellspring)|boost
|-boost|p2a: Ogerpon|spd|1
|move|p2a: Ogerpon|U-turn|p1a: Tornadus
|-resisted|p1a: Tornadus
|-damage|p1a: Tornadus|84/100
|
|t:|1781042623
|switch|p2a: Clodsire|Clodsire, F|100/100|[from] U-turn
|
|upkeep
|turn|2
|
|t:|1781042625
|move|p1a: Tornadus|Knock Off|p2a: Clodsire
|-damage|p2a: Clodsire|77/100
|-enditem|p2a: Clodsire|Leftovers|[from] move: Knock Off|[of] p1a: Tornadus
|move|p2a: Clodsire|Toxic|p1a: Tornadus
|-status|p1a: Tornadus|tox
|
|-damage|p1a: Tornadus|78/100 tox|[from] psn
|upkeep
|turn|3
|
|t:|1781042630
|move|p1a: Tornadus|U-turn|p2a: Clodsire
|-resisted|p2a: Clodsire
|-damage|p2a: Clodsire|69/100
|
|t:|1781042634
|switch|p1a: Araquanid|Araquanid, M|100/100|[from] U-turn
|move|p2a: Clodsire|Toxic Spikes|p1a: Araquanid
|-sidestart|p1: LuckyDae|move: Toxic Spikes
|
|upkeep
|turn|4
|
|t:|1781042639
|move|p1a: Araquanid|Surf|p2a: Clodsire
|-supereffective|p2a: Clodsire
|-damage|p2a: Clodsire|7/100
|move|p2a: Clodsire|Toxic Spikes|p1a: Araquanid
|-sidestart|p1: LuckyDae|move: Toxic Spikes
|
|upkeep
|turn|5
|
|t:|1781042644
|move|p1a: Araquanid|Surf|p2a: Clodsire
|-supereffective|p2a: Clodsire
|-damage|p2a: Clodsire|0 fnt
|faint|p2a: Clodsire
|
|upkeep
|
|t:|1781042646
|switch|p2a: Ogerpon|Ogerpon-Wellspring-Tera, F, tera:Water|100/100
|-ability|p2a: Ogerpon|Embody Aspect (Wellspring)|boost
|-boost|p2a: Ogerpon|spd|1
|turn|6
|
|t:|1781042657
|move|p2a: Ogerpon|Ivy Cudgel|p1a: Araquanid|[anim] Ivy Cudgel Water
|-resisted|p1a: Araquanid
|-damage|p1a: Araquanid|58/100
|move|p1a: Araquanid|Sticky Web|p2a: Ogerpon
|-sidestart|p2: CIodSuspectTest|move: Sticky Web
|
|upkeep
|turn|7
|
|t:|1781042661
|move|p2a: Ogerpon|Horn Leech|p1a: Araquanid
|-damage|p1a: Araquanid|10/100
|move|p1a: Araquanid|Endeavor|p2a: Ogerpon
|-damage|p2a: Ogerpon|11/100
|
|upkeep
|turn|8
|-enditem|p1a: Araquanid|Custap Berry|[eat]
|-activate|p1a: Araquanid|item: Custap Berry|[consumed]
|
|t:|1781042673
|move|p1a: Araquanid|Surf|p2a: Ogerpon
|-resisted|p2a: Ogerpon
|-damage|p2a: Ogerpon|0 fnt
|faint|p2a: Ogerpon
|detailschange|p2: Ogerpon|Ogerpon-Wellspring, F|[silent]
|
|upkeep
|
|t:|1781042675
|switch|p2a: gay lil chud|Cinderace, F|100/100
|turn|9
|
|t:|1781042683
|move|p2a: gay lil chud|Pyro Ball|p1a: Araquanid
|-damage|p1a: Araquanid|0 fnt
|faint|p1a: Araquanid
|
|upkeep
|
|t:|1781042686
|switch|p1a: Landorus|Landorus-Therian, M|100/100
|-ability|p1a: Landorus|Intimidate|boost
|-unboost|p2a: gay lil chud|atk|1
|turn|10
|
|t:|1781042689
|switch|p2a: Deoxys|Deoxys-Speed|100/100
|-item|p2a: Deoxys|Air Balloon
|move|p1a: Landorus|Earthquake|p2a: Deoxys
|-immune|p2a: Deoxys
|
|upkeep
|turn|11
|
|t:|1781042695
|switch|p1a: Car Crash|Iron Treads|100/100
|move|p2a: Deoxys|Will-O-Wisp|p1a: Car Crash
|-status|p1a: Car Crash|brn
|
|-damage|p1a: Car Crash|94/100 brn|[from] brn
|upkeep
|turn|12
|
|t:|1781042700
|move|p2a: Deoxys|Hex|p1a: Car Crash
|-damage|p1a: Car Crash|0 fnt
|faint|p1a: Car Crash
|-end|p1a: Car Crash|Quark Drive|[silent]
|
|upkeep
|
|t:|1781042709
|switch|p1a: Tornadus|Tornadus-Therian, M|100/100 tox
|turn|13
|
|t:|1781042712
|move|p2a: Deoxys|Protect|p2a: Deoxys
|-singleturn|p2a: Deoxys|Protect
|move|p1a: Tornadus|Knock Off|p2a: Deoxys
|-activate|p2a: Deoxys|move: Protect
|
|-damage|p1a: Tornadus|94/100 tox|[from] psn
|upkeep
|turn|14
|
|t:|1781042715
|switch|p2a: gay lil chud|Cinderace, F|100/100
|move|p1a: Tornadus|Knock Off|p2a: gay lil chud
|-damage|p2a: gay lil chud|70/100
|-enditem|p2a: gay lil chud|Heavy-Duty Boots|[from] move: Knock Off|[of] p1a: Tornadus
|
|-damage|p1a: Tornadus|82/100 tox|[from] psn
|upkeep
|turn|15
|
|t:|1781042722
|move|p1a: Tornadus|U-turn|p2a: gay lil chud
|-resisted|p2a: gay lil chud
|-damage|p2a: gay lil chud|59/100
|
|t:|1781042724
|switch|p1a: Landorus|Landorus-Therian, M|100/100|[from] U-turn
|-ability|p1a: Landorus|Intimidate|boost
|-unboost|p2a: gay lil chud|atk|1
|move|p2a: gay lil chud|Court Change|p2a: gay lil chud
|-start|p2a: gay lil chud|typechange|Normal|[from] ability: Libero
|-swapsideconditions
|-activate|p2a: gay lil chud|move: Court Change
|
|upkeep
|turn|16
|
|t:|1781042732
|move|p2a: gay lil chud|Pyro Ball|p1a: Landorus
|-damage|p1a: Landorus|69/100
|move|p1a: Landorus|U-turn|p2a: gay lil chud
|-damage|p2a: gay lil chud|22/100
|
|t:|1781042737
|switch|p1a: Slither Wing|Slither Wing|100/100|[from] U-turn
|
|upkeep
|turn|17
|
|t:|1781042740
|move|p1a: Slither Wing|First Impression|p2a: gay lil chud
|-damage|p2a: gay lil chud|0 fnt
|faint|p2a: gay lil chud
|
|upkeep
|
|t:|1781042742
|switch|p2a: Deoxys|Deoxys-Speed|100/100
|-item|p2a: Deoxys|Air Balloon
|turn|18
|
|t:|1781042747
|move|p2a: Deoxys|Will-O-Wisp|p1a: Slither Wing
|-status|p1a: Slither Wing|brn
|move|p1a: Slither Wing|U-turn|p2a: Deoxys
|-resisted|p2a: Deoxys
|-damage|p2a: Deoxys|83/100
|replace|p2a: just zoroark|Zoroark-Hisui, M, shiny
|-end|p2a: just zoroark|Illusion
|-enditem|p2a: just zoroark|Air Balloon
|
|t:|1781042751
|-end|p1a: Slither Wing|Protosynthesis|[silent]
|switch|p1a: Darkrai|Darkrai|100/100|[from] U-turn
|
|upkeep
|turn|19
|
|t:|1781042755
|move|p2a: just zoroark|Protect|p2a: just zoroark
|-singleturn|p2a: just zoroark|Protect
|move|p1a: Darkrai|Dark Pulse|p2a: just zoroark
|-activate|p2a: just zoroark|move: Protect
|
|upkeep
|turn|20
|
|t:|1781042759
|switch|p2a: Zamazenta|Zamazenta|100/100
|-status|p2a: Zamazenta|tox
|-ability|p2a: Zamazenta|Dauntless Shield|boost
|-boost|p2a: Zamazenta|def|1
|move|p1a: Darkrai|Nasty Plot|p1a: Darkrai
|-boost|p1a: Darkrai|spa|2
|
|-damage|p2a: Zamazenta|94/100 tox|[from] psn
|upkeep
|turn|21
|
|t:|1781042764
|-terastallize|p1a: Darkrai|Poison
|move|p1a: Darkrai|Sludge Bomb|p2a: Zamazenta
|-damage|p2a: Zamazenta|33/100 tox
|move|p2a: Zamazenta|Close Combat|p1a: Darkrai
|-resisted|p1a: Darkrai
|-damage|p1a: Darkrai|56/100
|-unboost|p2a: Zamazenta|def|1
|-unboost|p2a: Zamazenta|spd|1
|
|-damage|p2a: Zamazenta|21/100 tox|[from] psn
|upkeep
|turn|22
|
|t:|1781042771
|move|p1a: Darkrai|Dark Pulse|p2a: Zamazenta
|-resisted|p2a: Zamazenta
|-damage|p2a: Zamazenta|0 fnt
|faint|p2a: Zamazenta
|
|upkeep
|
|t:|1781042772
|switch|p2a: Deoxys|Deoxys-Speed|100/100
|-status|p2a: Deoxys|tox
|-ability|p2a: Deoxys|Pressure
|turn|23
|
|t:|1781042779
|switch|p1a: Tornadus|Tornadus-Therian, M|100/100 tox
|move|p2a: Deoxys|Ice Beam|p1a: Tornadus
|-supereffective|p1a: Tornadus
|-damage|p1a: Tornadus|27/100 tox
|-damage|p2a: Deoxys|91/100 tox|[from] item: Life Orb
|
|-damage|p2a: Deoxys|85/100 tox|[from] psn
|-damage|p1a: Tornadus|21/100 tox|[from] psn
|upkeep
|turn|24
|
|t:|1781042792
|move|p2a: Deoxys|Psycho Boost|p1a: Tornadus|[miss]
|-miss|p2a: Deoxys|p1a: Tornadus
|move|p1a: Tornadus|Knock Off|p2a: Deoxys
|-supereffective|p2a: Deoxys
|-damage|p2a: Deoxys|26/100 tox
|-enditem|p2a: Deoxys|Life Orb|[from] move: Knock Off|[of] p1a: Tornadus
|
|-damage|p2a: Deoxys|14/100 tox|[from] psn
|-damage|p1a: Tornadus|9/100 tox|[from] psn
|upkeep
|turn|25
|-message|CIodSuspectTest forfeited.
|
|win|LuckyDae
|raw|LuckyDae's rating: 1530 &rarr; <strong>1552</strong><br />(+22 for winning)
|raw|CIodSuspectTest's rating: 1566 &rarr; <strong>1544</strong><br />(-22 for losing)
|l|☆CIodSuspectTest
|player|p2|
