|j|☆KurisuChestnutOU
|j|☆LowEL0God
|t:|1781136156
|gametype|singles
|player|p1|KurisuChestnutOU|may-contest|1540
|player|p2|LowEL0God|265|1628
|gen|9
|tier|[Gen 9] OU
|rated|
|rule|HP Percentage Mod: HP is shown in percentages
|rule|Endless Battle Clause: Forcing endless battles is banned
|rule|Species Clause: Limit one of each Pokémon
|rule|OHKO Clause: OHKO moves are banned
|rule|Evasion Items Clause: Evasion items are banned
|rule|Evasion Moves Clause: Evasion moves are banned
|rule|Evasion Abilities Clause: Evasion abilities are banned
|rule|Sleep Moves Clause: Sleep-inducing moves are banned
|clearpoke
|poke|p1|Ting-Lu|
|poke|p1|Corviknight, M|
|poke|p1|Clodsire, F|
|poke|p1|Moltres|
|poke|p1|Dragapult, M|
|poke|p1|Garganacl, F|
|poke|p2|Pelipper, F|
|poke|p2|Torkoal, F|
|poke|p2|Walking Wake|
|poke|p2|Kyurem|
|poke|p2|Ninetales-Alola, M|
|poke|p2|Ogerpon-Wellspring, F|
|teampreview
|c|☆LowEL0God|hf
|inactive|Battle timer is ON: inactive players will automatically lose when time's up. (requested by LowEL0God)
|
|t:|1781136160
|teamsize|p1|6
|teamsize|p2|6
|start
|switch|p1a: Dragapult|Dragapult, M|100/100
|switch|p2a: Ninetales|Ninetales-Alola, M|100/100
|-weather|Snowscape|[from] ability: Snow Warning|[of] p2a: Ninetales
|turn|1
|inactive|KurisuChestnutOU also wants the timer to be on.
|
|t:|1781136166
|switch|p1a: Ting-Lu|Ting-Lu|100/100
|-ability|p1a: Ting-Lu|Vessel of Ruin
|move|p2a: Ninetales|Aurora Veil|p2a: Ninetales
|-sidestart|p2: LowEL0God|move: Aurora Veil
|
|-weather|Snowscape|[upkeep]
|upkeep
|turn|2
|
|t:|1781136170
|switch|p2a: Ogerpon|Ogerpon-Wellspring, F|100/100
|move|p1a: Ting-Lu|Stealth Rock|p2a: Ogerpon
|-sidestart|p2: LowEL0God|move: Stealth Rock
|
|-weather|Snowscape|[upkeep]
|upkeep
|turn|3
|
|t:|1781136178
|-terastallize|p1a: Ting-Lu|Poison
|move|p2a: Ogerpon|Swords Dance|p2a: Ogerpon
|-boost|p2a: Ogerpon|atk|2
|move|p1a: Ting-Lu|Ruination|p2a: Ogerpon
|-damage|p2a: Ogerpon|51/100
|
|-weather|Snowscape|[upkeep]
|upkeep
|turn|4
|
|t:|1781136182
|move|p2a: Ogerpon|Ivy Cudgel|p1a: Ting-Lu|[anim] Ivy Cudgel Water
|-damage|p1a: Ting-Lu|33/100
|move|p1a: Ting-Lu|Whirlwind|p2a: Ogerpon
|drag|p2a: Ninetales|Ninetales-Alola, M|100/100
|-damage|p2a: Ninetales|76/100|[from] Stealth Rock
|
|-weather|Snowscape|[upkeep]
|-heal|p1a: Ting-Lu|39/100|[from] item: Leftovers
|upkeep
|turn|5
|
|t:|1781136187
|move|p2a: Ninetales|Freeze-Dry|p1a: Ting-Lu
|-damage|p1a: Ting-Lu|30/100
|move|p1a: Ting-Lu|Ruination|p2a: Ninetales
|-damage|p2a: Ninetales|38/100
|
|-weather|Snowscape|[upkeep]
|-heal|p1a: Ting-Lu|36/100|[from] item: Leftovers
|-sideend|p2: LowEL0God|move: Aurora Veil
|upkeep
|turn|6
|
|t:|1781136192
|move|p2a: Ninetales|Aurora Veil|p2a: Ninetales
|-sidestart|p2: LowEL0God|move: Aurora Veil
|move|p1a: Ting-Lu|Earthquake|p2a: Ninetales
|-damage|p2a: Ninetales|22/100
|
|-weather|Snowscape|[upkeep]
|-heal|p1a: Ting-Lu|43/100|[from] item: Leftovers
|upkeep
|turn|7
|
|t:|1781136196
|move|p2a: Ninetales|Freeze-Dry|p1a: Ting-Lu
|-damage|p1a: Ting-Lu|34/100
|move|p1a: Ting-Lu|Ruination|p2a: Ninetales
|-damage|p2a: Ninetales|12/100
|
|-weather|Snowscape|[upkeep]
|-heal|p1a: Ting-Lu|40/100|[from] item: Leftovers
|upkeep
|turn|8
|
|t:|1781136199
|switch|p2a: Ogerpon|Ogerpon-Wellspring, F|51/100
|-damage|p2a: Ogerpon|38/100|[from] Stealth Rock
|move|p1a: Ting-Lu|Ruination|p2a: Ogerpon
|-damage|p2a: Ogerpon|19/100
|
|-weather|none
|-heal|p1a: Ting-Lu|46/100|[from] item: Leftovers
|upkeep
|turn|9
|
|t:|1781136207
|switch|p1a: Dragapult|Dragapult, M|100/100
|move|p2a: Ogerpon|Ivy Cudgel|p1a: Dragapult|[anim] Ivy Cudgel Water
|-resisted|p1a: Dragapult
|-damage|p1a: Dragapult|57/100
|
|upkeep
|turn|10
|
|t:|1781136211
|move|p1a: Dragapult|Shadow Ball|p2a: Ogerpon
|-damage|p2a: Ogerpon|0 fnt
|faint|p2a: Ogerpon
|
|-sideend|p2: LowEL0God|move: Aurora Veil
|upkeep
|
|t:|1781136213
|switch|p2a: Kyurem|Kyurem|100/100
|-damage|p2a: Kyurem|76/100|[from] Stealth Rock
|-ability|p2a: Kyurem|Pressure
|turn|11
|
|t:|1781136216
|-terastallize|p2a: Kyurem|Ice
|move|p1a: Dragapult|Draco Meteor|p2a: Kyurem
|-damage|p2a: Kyurem|19/100
|-unboost|p1a: Dragapult|spa|2
|move|p2a: Kyurem|Icicle Spear|p1a: Dragapult
|-supereffective|p1a: Dragapult
|-damage|p1a: Dragapult|8/100
|-supereffective|p1a: Dragapult
|-damage|p1a: Dragapult|0 fnt
|faint|p1a: Dragapult
|-hitcount|p1: Dragapult|2
|
|upkeep
|
|t:|1781136220
|switch|p1a: Garganacl|Garganacl, F|100/100
|turn|12
|
|t:|1781136224
|move|p2a: Kyurem|Icicle Spear|p1a: Garganacl
|-damage|p1a: Garganacl|87/100
|-damage|p1a: Garganacl|72/100
|-hitcount|p1a: Garganacl|2
|move|p1a: Garganacl|Recover|p1a: Garganacl
|-heal|p1a: Garganacl|100/100
|
|upkeep
|turn|13
|
|t:|1781136229
|move|p2a: Kyurem|Freeze-Dry|p1a: Garganacl
|-damage|p1a: Garganacl|65/100
|move|p1a: Garganacl|Recover|p1a: Garganacl
|-heal|p1a: Garganacl|100/100
|
|upkeep
|turn|14
|
|t:|1781136234
|move|p2a: Kyurem|Icicle Spear|p1a: Garganacl
|-damage|p1a: Garganacl|87/100
|-damage|p1a: Garganacl|74/100
|-damage|p1a: Garganacl|60/100
|-crit|p1a: Garganacl
|-damage|p1a: Garganacl|41/100
|-hitcount|p1a: Garganacl|4
|move|p1a: Garganacl|Salt Cure|p2a: Kyurem
|-supereffective|p2a: Kyurem
|-damage|p2a: Kyurem|0 fnt
|faint|p2a: Kyurem
|
|-heal|p1a: Garganacl|47/100|[from] item: Leftovers
|upkeep
|
|t:|1781136236
|switch|p2a: Hurricane Spam|Pelipper, F, shiny|100/100
|-damage|p2a: Hurricane Spam|76/100|[from] Stealth Rock
|-weather|RainDance|[from] ability: Drizzle|[of] p2a: Hurricane Spam
|turn|15
|
|t:|1781136239
|move|p1a: Garganacl|Protect|p1a: Garganacl
|-singleturn|p1a: Garganacl|Protect
|move|p2a: Hurricane Spam|Weather Ball|p1a: Garganacl
|-activate|p1a: Garganacl|move: Protect
|
|-weather|RainDance|[upkeep]
|-heal|p1a: Garganacl|53/100|[from] item: Leftovers
|upkeep
|turn|16
|
|t:|1781136244
|switch|p1a: Corviknight|Corviknight, M|100/100
|-ability|p1a: Corviknight|Pressure
|move|p2a: Hurricane Spam|Weather Ball|p1a: Corviknight
|-damage|p1a: Corviknight|6/100
|
|-weather|RainDance|[upkeep]
|-heal|p1a: Corviknight|12/100|[from] item: Leftovers
|upkeep
|turn|17
|
|t:|1781136248
|move|p1a: Corviknight|Brave Bird|p2a: Hurricane Spam
|-damage|p2a: Hurricane Spam|40/100
|-damage|p1a: Corviknight|3/100|[from] Recoil
|move|p2a: Hurricane Spam|Weather Ball|p1a: Corviknight
|-damage|p1a: Corviknight|0 fnt
|faint|p1a: Corviknight
|
|-weather|RainDance|[upkeep]
|upkeep
|
|t:|1781136253
|switch|p1a: Moltres|Moltres|100/100
|turn|18
|
|t:|1781136258
|move|p1a: Moltres|Hurricane|p2a: Hurricane Spam
|-damage|p2a: Hurricane Spam|0 fnt
|faint|p2a: Hurricane Spam
|
|-weather|RainDance|[upkeep]
|upkeep
|
|t:|1781136259
|switch|p2a: Walking Wake|Walking Wake|100/100
|-damage|p2a: Walking Wake|88/100|[from] Stealth Rock
|turn|19
|
|t:|1781136263
|switch|p1a: Garganacl|Garganacl, F|53/100
|move|p2a: Walking Wake|Hydro Steam|p1a: Garganacl
|-supereffective|p1a: Garganacl
|-damage|p1a: Garganacl|0 fnt
|faint|p1a: Garganacl
|
|-weather|none
|upkeep
|
|t:|1781136270
|switch|p1a: Ting-Lu|Ting-Lu, tera:Poison|46/100
|-ability|p1a: Ting-Lu|Vessel of Ruin
|turn|20
|
|t:|1781136273
|move|p2a: Walking Wake|Hydro Steam|p1a: Ting-Lu
|-damage|p1a: Ting-Lu|20/100
|move|p1a: Ting-Lu|Ruination|p2a: Walking Wake
|-damage|p2a: Walking Wake|44/100
|
|-heal|p1a: Ting-Lu|26/100|[from] item: Leftovers
|upkeep
|turn|21
|
|t:|1781136276
|move|p2a: Walking Wake|Hydro Steam|p1a: Ting-Lu
|-damage|p1a: Ting-Lu|1/100
|move|p1a: Ting-Lu|Earthquake|p2a: Walking Wake
|-damage|p2a: Walking Wake|6/100
|
|-heal|p1a: Ting-Lu|8/100|[from] item: Leftovers
|upkeep
|turn|22
|
|t:|1781136280
|move|p2a: Walking Wake|Hydro Steam|p1a: Ting-Lu
|-damage|p1a: Ting-Lu|0 fnt
|faint|p1a: Ting-Lu
|
|upkeep
|
|t:|1781136285
|switch|p1a: Clodsire|Clodsire, F|100/100
|turn|23
|
|t:|1781136288
|move|p2a: Walking Wake|Hydro Steam|p1a: Clodsire
|-supereffective|p1a: Clodsire
|-damage|p1a: Clodsire|34/100
|move|p1a: Clodsire|Earthquake|p2a: Walking Wake
|-damage|p2a: Walking Wake|0 fnt
|faint|p2a: Walking Wake
|-end|p2a: Walking Wake|Protosynthesis|[silent]
|
|-heal|p1a: Clodsire|40/100|[from] item: Leftovers
|upkeep
|
|t:|1781136291
|switch|p2a: Torkoal|Torkoal, F|100/100
|-damage|p2a: Torkoal|76/100|[from] Stealth Rock
|-weather|SunnyDay|[from] ability: Drought|[of] p2a: Torkoal
|turn|24
|
|t:|1781136294
|move|p2a: Torkoal|Rapid Spin|p1a: Clodsire
|-damage|p1a: Clodsire|31/100
|-boost|p2a: Torkoal|spe|1
|-sideend|p2: LowEL0God|Stealth Rock|[from] move: Rapid Spin|[of] p2a: Torkoal
|move|p1a: Clodsire|Toxic|p2a: Torkoal
|-status|p2a: Torkoal|tox
|
|-weather|SunnyDay|[upkeep]
|-heal|p1a: Clodsire|37/100|[from] item: Leftovers
|-damage|p2a: Torkoal|70/100 tox|[from] psn
|upkeep
|turn|25
|
|t:|1781136298
|move|p2a: Torkoal|Will-O-Wisp|p1a: Clodsire
|-status|p1a: Clodsire|brn
|move|p1a: Clodsire|Earthquake|p2a: Torkoal
|-supereffective|p2a: Torkoal
|-damage|p2a: Torkoal|55/100 tox
|
|-weather|SunnyDay|[upkeep]
|-heal|p1a: Clodsire|43/100 brn|[from] item: Leftovers
|-damage|p2a: Torkoal|42/100 tox|[from] psn
|-damage|p1a: Clodsire|37/100 brn|[from] brn
|upkeep
|turn|26
|
|t:|1781136305
|switch|p2a: Ninetales|Ninetales-Alola, M|12/100
|-weather|Snowscape|[from] ability: Snow Warning|[of] p2a: Ninetales
|switch|p1a: Moltres|Moltres|100/100
|
|-weather|Snowscape|[upkeep]
|upkeep
|turn|27
|
|t:|1781136310
|move|p2a: Ninetales|Freeze-Dry|p1a: Moltres
|-damage|p1a: Moltres|79/100
|move|p1a: Moltres|Flamethrower|p2a: Ninetales
|-supereffective|p2a: Ninetales
|-damage|p2a: Ninetales|0 fnt
|faint|p2a: Ninetales
|
|-weather|Snowscape|[upkeep]
|upkeep
|
|t:|1781136312
|switch|p2a: Torkoal|Torkoal, F|42/100 tox
|-weather|SunnyDay|[from] ability: Drought|[of] p2a: Torkoal
|turn|28
|
|t:|1781136316
|move|p1a: Moltres|Flamethrower|p2a: Torkoal
|-resisted|p2a: Torkoal
|-damage|p2a: Torkoal|7/100 tox
|move|p2a: Torkoal|Lava Plume|p1a: Moltres
|-resisted|p1a: Moltres
|-damage|p1a: Moltres|61/100
|
|-weather|SunnyDay|[upkeep]
|-damage|p2a: Torkoal|1/100 tox|[from] psn
|upkeep
|turn|29
|
|t:|1781136322
|move|p1a: Moltres|Flamethrower|p2a: Torkoal
|-resisted|p2a: Torkoal
|-damage|p2a: Torkoal|0 fnt
|faint|p2a: Torkoal
|
|win|KurisuChestnutOU
|raw|KurisuChestnutOU's rating: 1527 &rarr; <strong>1553</strong><br />(+26 for winning)
|raw|LowEL0God's rating: 1628 &rarr; <strong>1602</strong><br />(-26 for losing)
