|j|☆Mca Player 11
|j|☆xiaoying-O.o
|t:|1781082318
|gametype|singles
|player|p1|Mca Player 11|skierf|1550
|player|p2|xiaoying-O.o|170|1581
|gen|9
|tier|[Gen 9] OU
|rated|
|rule|HP Percentage Mod: HP is shown in percentages
|rule|Endless Battle Clause: Forcing endless battles is banned
|rule|Species Clause: Limit one of each Pokémon
|rule|OHKO Clause: OHKO moves are banned
|rule|Evasion Items Clause: Evasion items are banned
|rule|Evasion Moves Clause: Evasion moves are banned
|rule|Evasion Abilities Clause: Evasion abilities are banned
|rule|Sleep Moves Clause: Sleep-inducing moves are banned
|clearpoke
|poke|p1|Deoxys-Speed|
|poke|p1|Iron Moth|
|poke|p1|Zamazenta-*|
|poke|p1|Gholdengo|
|poke|p1|Rillaboom, M|
|poke|p1|Iron Jugulis|
|poke|p2|Gliscor, M|
|poke|p2|Incineroar, M|
|poke|p2|Alomomola, F|
|poke|p2|Dragonite, F|
|poke|p2|Blissey, F|
|poke|p2|Corviknight, F|
|teampreview
|
|t:|1781082337
|teamsize|p1|6
|teamsize|p2|6
|start
|switch|p1a: Deoxys|Deoxys-Speed|100/100
|switch|p2a: Corviknight|Corviknight, F|100/100
|-ability|p1a: Deoxys|Pressure
|-ability|p2a: Corviknight|Pressure
|turn|1
|
|t:|1781082347
|move|p1a: Deoxys|Stealth Rock|p2a: Corviknight
|-sidestart|p2: xiaoying-O.o|move: Stealth Rock
|move|p2a: Corviknight|Reflect|p2a: Corviknight
|-sidestart|p2: xiaoying-O.o|Reflect
|
|upkeep
|turn|2
|
|t:|1781082352
|move|p1a: Deoxys|Taunt|p2a: Corviknight
|-start|p2a: Corviknight|move: Taunt
|move|p2a: Corviknight|U-turn|p1a: Deoxys
|-supereffective|p1a: Deoxys
|-damage|p1a: Deoxys|64/100
|-damage|p2a: Corviknight|84/100|[from] item: Rocky Helmet|[of] p1a: Deoxys
|
|t:|1781082361
|switch|p2a: Gliscor|Gliscor, M|100/100|[from] U-turn
|-damage|p2a: Gliscor|88/100|[from] Stealth Rock
|
|-status|p2a: Gliscor|tox|[from] item: Toxic Orb
|upkeep
|turn|3
|
|t:|1781082381
|move|p1a: Deoxys|Taunt|p2a: Gliscor
|-start|p2a: Gliscor|move: Taunt
|cant|p2a: Gliscor|move: Taunt|Stealth Rock
|
|-heal|p2a: Gliscor|100/100 tox|[from] ability: Poison Heal
|upkeep
|turn|4
|
|t:|1781082386
|move|p1a: Deoxys|Spikes|p2a: Gliscor
|-sidestart|p2: xiaoying-O.o|Spikes
|move|p2a: Gliscor|Knock Off|p1a: Deoxys
|-supereffective|p1a: Deoxys
|-damage|p1a: Deoxys|9/100
|-damage|p2a: Gliscor|84/100 tox|[from] item: Rocky Helmet|[of] p1a: Deoxys
|-enditem|p1a: Deoxys|Rocky Helmet|[from] move: Knock Off|[of] p2a: Gliscor
|
|-heal|p2a: Gliscor|96/100 tox|[from] ability: Poison Heal
|upkeep
|turn|5
|
|t:|1781082389
|move|p1a: Deoxys|Pain Split|p2a: Gliscor
|-sethp|p2a: Gliscor|52/100 tox|[from] move: Pain Split|[silent]
|-sethp|p1a: Deoxys|55/100|[from] move: Pain Split
|move|p2a: Gliscor|Knock Off|p1a: Deoxys
|-supereffective|p1a: Deoxys
|-damage|p1a: Deoxys|20/100
|
|-heal|p2a: Gliscor|65/100 tox|[from] ability: Poison Heal
|-end|p2a: Gliscor|move: Taunt
|-sideend|p2: xiaoying-O.o|Reflect
|upkeep
|turn|6
|
|t:|1781082396
|move|p1a: Deoxys|Spikes|p2a: Gliscor
|-sidestart|p2: xiaoying-O.o|Spikes
|move|p2a: Gliscor|Knock Off|p1a: Deoxys
|-supereffective|p1a: Deoxys
|-crit|p1a: Deoxys
|-damage|p1a: Deoxys|0 fnt
|faint|p1a: Deoxys
|
|-heal|p2a: Gliscor|77/100 tox|[from] ability: Poison Heal
|upkeep
|
|t:|1781082402
|switch|p1a: Iron Jugulis|Iron Jugulis, shiny|100/100
|-enditem|p1a: Iron Jugulis|Booster Energy
|-activate|p1a: Iron Jugulis|ability: Quark Drive|[fromitem]
|-start|p1a: Iron Jugulis|quarkdrivespe
|turn|7
|
|t:|1781082413
|move|p1a: Iron Jugulis|Taunt|p2a: Gliscor
|-start|p2a: Gliscor|move: Taunt
|cant|p2a: Gliscor|move: Taunt|Toxic
|
|-heal|p2a: Gliscor|90/100 tox|[from] ability: Poison Heal
|upkeep
|turn|8
|
|t:|1781082416
|move|p1a: Iron Jugulis|Hurricane|p2a: Gliscor|[miss]
|-miss|p1a: Iron Jugulis|p2a: Gliscor
|move|p2a: Gliscor|Knock Off|p1a: Iron Jugulis
|-resisted|p1a: Iron Jugulis
|-damage|p1a: Iron Jugulis|92/100
|
|-heal|p2a: Gliscor|100/100 tox|[from] ability: Poison Heal
|upkeep
|turn|9
|
|t:|1781082433
|switch|p2a: Blissey|Blissey, F, shiny|100/100
|-damage|p2a: Blissey|88/100|[from] Stealth Rock
|-damage|p2a: Blissey|72/100|[from] Spikes
|move|p1a: Iron Jugulis|Hurricane|p2a: Blissey
|-damage|p2a: Blissey|51/100
|
|-heal|p2a: Blissey|57/100|[from] item: Leftovers
|upkeep
|turn|10
|
|t:|1781082439
|move|p1a: Iron Jugulis|Taunt|p2a: Blissey
|-start|p2a: Blissey|move: Taunt
|cant|p2a: Blissey|move: Taunt|Light Screen
|
|-heal|p2a: Blissey|64/100|[from] item: Leftovers
|upkeep
|turn|11
|
|t:|1781082442
|move|p1a: Iron Jugulis|Knock Off|p2a: Blissey
|-damage|p2a: Blissey|39/100
|-enditem|p2a: Blissey|Leftovers|[from] move: Knock Off|[of] p1a: Iron Jugulis
|move|p2a: Blissey|Seismic Toss|p1a: Iron Jugulis
|-damage|p1a: Iron Jugulis|62/100
|
|upkeep
|turn|12
|
|t:|1781082452
|move|p1a: Iron Jugulis|Knock Off|p2a: Blissey
|-damage|p2a: Blissey|20/100
|move|p2a: Blissey|Seismic Toss|p1a: Iron Jugulis
|-damage|p1a: Iron Jugulis|31/100
|
|-end|p2a: Blissey|move: Taunt
|upkeep
|turn|13
|
|t:|1781082455
|move|p1a: Iron Jugulis|Taunt|p2a: Blissey
|-start|p2a: Blissey|move: Taunt
|move|p2a: Blissey|Seismic Toss|p1a: Iron Jugulis
|-damage|p1a: Iron Jugulis|1/100
|
|upkeep
|turn|14
|
|t:|1781082461
|move|p1a: Iron Jugulis|Hurricane|p2a: Blissey
|-damage|p2a: Blissey|1/100
|move|p2a: Blissey|Seismic Toss|p1a: Iron Jugulis
|-damage|p1a: Iron Jugulis|0 fnt
|faint|p1a: Iron Jugulis
|-end|p1a: Iron Jugulis|Quark Drive|[silent]
|
|upkeep
|
|t:|1781082465
|switch|p1a: Iron Moth|Iron Moth, shiny|100/100
|-enditem|p1a: Iron Moth|Booster Energy
|-activate|p1a: Iron Moth|ability: Quark Drive|[fromitem]
|-start|p1a: Iron Moth|quarkdrivespe
|turn|15
|
|t:|1781082467
|move|p1a: Iron Moth|Fiery Dance|p2a: Blissey
|-damage|p2a: Blissey|0 fnt
|faint|p2a: Blissey
|
|upkeep
|
|t:|1781082500
|switch|p2a: Gliscor|Gliscor, M|100/100 tox
|-damage|p2a: Gliscor|88/100 tox|[from] Stealth Rock
|turn|16
|
|t:|1781082511
|-end|p1a: Iron Moth|Quark Drive|[silent]
|switch|p1a: Rillaboom|Rillaboom, M, shiny|100/100
|-fieldstart|move: Grassy Terrain|[from] ability: Grassy Surge|[of] p1a: Rillaboom
|move|p2a: Gliscor|Stealth Rock|p1a: Rillaboom
|-sidestart|p1: Mca Player 11|move: Stealth Rock
|
|-heal|p2a: Gliscor|100/100 tox|[from] ability: Poison Heal
|upkeep
|turn|17
|
|t:|1781082518
|switch|p1a: Gholdengo|Gholdengo, shiny|100/100
|-damage|p1a: Gholdengo|94/100|[from] Stealth Rock
|-enditem|p1a: Gholdengo|Grassy Seed
|-boost|p1a: Gholdengo|def|1|[from] item: Grassy Seed
|move|p2a: Gliscor|Toxic|p1a: Gholdengo
|-immune|p1a: Gholdengo|[from] ability: Good as Gold
|
|-heal|p1a: Gholdengo|100/100|[from] Grassy Terrain
|upkeep
|turn|18
|
|t:|1781082526
|move|p2a: Gliscor|Knock Off|p1a: Gholdengo
|-supereffective|p1a: Gholdengo
|-damage|p1a: Gholdengo|82/100
|move|p1a: Gholdengo|Nasty Plot|p1a: Gholdengo
|-boost|p1a: Gholdengo|spa|2
|
|-heal|p1a: Gholdengo|89/100|[from] Grassy Terrain
|upkeep
|turn|19
|
|t:|1781082534
|switch|p2a: Incineroar|Incineroar, M|100/100
|-damage|p2a: Incineroar|76/100|[from] Stealth Rock
|-damage|p2a: Incineroar|59/100|[from] Spikes
|-ability|p2a: Incineroar|Intimidate|boost
|-unboost|p1a: Gholdengo|atk|1
|move|p1a: Gholdengo|Nasty Plot|p1a: Gholdengo
|-boost|p1a: Gholdengo|spa|2
|
|-heal|p1a: Gholdengo|95/100|[from] Grassy Terrain
|-heal|p2a: Incineroar|65/100|[from] Grassy Terrain
|-heal|p2a: Incineroar|71/100|[from] item: Leftovers
|upkeep
|turn|20
|
|t:|1781082541
|-terastallize|p1a: Gholdengo|Water
|move|p1a: Gholdengo|Shadow Ball|p2a: Incineroar
|-resisted|p2a: Incineroar
|-damage|p2a: Incineroar|21/100
|move|p2a: Incineroar|Flare Blitz|p1a: Gholdengo
|-resisted|p1a: Gholdengo
|-damage|p1a: Gholdengo|78/100
|-damage|p2a: Incineroar|16/100|[from] Recoil
|
|-heal|p1a: Gholdengo|84/100|[from] Grassy Terrain
|-heal|p2a: Incineroar|22/100|[from] Grassy Terrain
|-heal|p2a: Incineroar|28/100|[from] item: Leftovers
|-fieldend|move: Grassy Terrain
|upkeep
|turn|21
|-message|xiaoying-O.o forfeited.
|
|win|Mca Player 11
|raw|Mca Player 11's rating: 1550 &rarr; <strong>1572</strong><br />(+22 for winning)
|raw|xiaoying-O.o's rating: 1581 &rarr; <strong>1559</strong><br />(-22 for losing)
|l|☆xiaoying-O.o
|player|p2|
|l|☆Mca Player 11
|player|p1|
