|j|☆KurisuChestnutOU
|j|☆vvenlo
|t:|1781120056
|gametype|singles
|player|p1|KurisuChestnutOU|2|1600
|player|p2|vvenlo|miku-water|1579
|gen|9
|tier|[Gen 9] OU
|rated|
|rule|HP Percentage Mod: HP is shown in percentages
|rule|Endless Battle Clause: Forcing endless battles is banned
|rule|Species Clause: Limit one of each Pokémon
|rule|OHKO Clause: OHKO moves are banned
|rule|Evasion Items Clause: Evasion items are banned
|rule|Evasion Moves Clause: Evasion moves are banned
|rule|Evasion Abilities Clause: Evasion abilities are banned
|rule|Sleep Moves Clause: Sleep-inducing moves are banned
|clearpoke
|poke|p1|Kingambit, M|
|poke|p1|Kommo-o, F|
|poke|p1|Iron Valiant|
|poke|p1|Kyurem|
|poke|p1|Iron Treads|
|poke|p1|Iron Crown|
|poke|p2|Kingambit, M|
|poke|p2|Zapdos|
|poke|p2|Primarina, F|
|poke|p2|Clodsire, F|
|poke|p2|Cinderace, F|
|poke|p2|Deoxys-Speed|
|teampreview
|inactive|Battle timer is ON: inactive players will automatically lose when time's up. (requested by KurisuChestnutOU)
|
|t:|1781120067
|teamsize|p1|6
|teamsize|p2|6
|start
|switch|p1a: Kingambit|Kingambit, M|100/100
|switch|p2a: Deoxys|Deoxys-Speed|100/100
|-ability|p2a: Deoxys|Pressure
|turn|1
|
|t:|1781120072
|switch|p2a: Zapdos|Zapdos|100/100
|move|p1a: Kingambit|Sucker Punch||[still]
|-fail|p1a: Kingambit
|
|upkeep
|turn|2
|
|t:|1781120079
|-end|p1a: Kingambit|fallenundefined|[silent]
|switch|p1a: Iron Treads|Iron Treads|100/100
|-enditem|p1a: Iron Treads|Booster Energy
|-activate|p1a: Iron Treads|ability: Quark Drive|[fromitem]
|-start|p1a: Iron Treads|quarkdrivespe
|move|p2a: Zapdos|U-turn|p1a: Iron Treads
|-resisted|p1a: Iron Treads
|-damage|p1a: Iron Treads|96/100
|
|t:|1781120096
|switch|p2a: Primarina|Primarina, F|100/100|[from] U-turn
|
|upkeep
|turn|3
|
|t:|1781120099
|move|p1a: Iron Treads|Earthquake|p2a: Primarina
|-damage|p2a: Primarina|54/100
|move|p2a: Primarina|Surf|p1a: Iron Treads
|-supereffective|p1a: Iron Treads
|-damage|p1a: Iron Treads|0 fnt
|faint|p1a: Iron Treads
|-end|p1a: Iron Treads|Quark Drive|[silent]
|
|upkeep
|
|t:|1781120105
|switch|p1a: Kingambit|Kingambit, M|100/100
|-activate|p1a: Kingambit|ability: Supreme Overlord
|-start|p1a: Kingambit|fallen1|[silent]
|turn|4
|
|t:|1781120110
|switch|p2a: Zapdos|Zapdos|100/100
|move|p1a: Kingambit|Iron Head|p2a: Zapdos
|-resisted|p2a: Zapdos
|-damage|p2a: Zapdos|82/100
|-status|p1a: Kingambit|par|[from] ability: Static|[of] p2a: Zapdos
|
|upkeep
|turn|5
|
|t:|1781120118
|move|p2a: Zapdos|Discharge|p1a: Kingambit
|-damage|p1a: Kingambit|63/100 par
|move|p1a: Kingambit|Swords Dance|p1a: Kingambit
|-boost|p1a: Kingambit|atk|2
|
|-heal|p1a: Kingambit|70/100 par|[from] item: Leftovers
|upkeep
|turn|6
|
|t:|1781120122
|move|p1a: Kingambit|Sucker Punch|p2a: Zapdos
|-damage|p2a: Zapdos|22/100
|move|p2a: Zapdos|U-turn|p1a: Kingambit
|-damage|p1a: Kingambit|58/100 par
|
|t:|1781120125
|switch|p2a: Clodsire|Clodsire, F|100/100|[from] U-turn
|
|-heal|p1a: Kingambit|64/100 par|[from] item: Leftovers
|upkeep
|turn|7
|
|t:|1781120132
|move|p1a: Kingambit|Iron Head|p2a: Clodsire
|-crit|p2a: Clodsire
|-damage|p2a: Clodsire|43/100
|move|p2a: Clodsire|Counter|p1a: Kingambit
|-damage|p1a: Kingambit|0 fnt
|faint|p1a: Kingambit
|-end|p1a: Kingambit|fallen1|[silent]
|
|upkeep
|
|t:|1781120136
|switch|p1a: Kommo-o|Kommo-o, F|100/100
|turn|8
|
|t:|1781120144
|move|p1a: Kommo-o|Substitute|p1a: Kommo-o
|-start|p1a: Kommo-o|Substitute
|-damage|p1a: Kommo-o|75/100
|move|p2a: Clodsire|Recover|p2a: Clodsire
|-heal|p2a: Clodsire|93/100
|
|-heal|p1a: Kommo-o|82/100|[from] item: Leftovers
|upkeep
|turn|9
|
|t:|1781120152
|move|p1a: Kommo-o|Clangorous Soul|p1a: Kommo-o
|-boost|p1a: Kommo-o|atk|1
|-boost|p1a: Kommo-o|def|1
|-boost|p1a: Kommo-o|spa|1
|-boost|p1a: Kommo-o|spd|1
|-boost|p1a: Kommo-o|spe|1
|-damage|p1a: Kommo-o|49/100
|move|p2a: Clodsire|Earthquake|p1a: Kommo-o
|-activate|p1a: Kommo-o|move: Substitute|[damage]
|
|-heal|p1a: Kommo-o|55/100|[from] item: Leftovers
|upkeep
|turn|10
|
|t:|1781120155
|move|p1a: Kommo-o|Clangorous Soul|p1a: Kommo-o
|-boost|p1a: Kommo-o|atk|1
|-boost|p1a: Kommo-o|def|1
|-boost|p1a: Kommo-o|spa|1
|-boost|p1a: Kommo-o|spd|1
|-boost|p1a: Kommo-o|spe|1
|-damage|p1a: Kommo-o|22/100
|move|p2a: Clodsire|Earthquake|p1a: Kommo-o
|-end|p1a: Kommo-o|Substitute
|
|-heal|p1a: Kommo-o|28/100|[from] item: Leftovers
|upkeep
|turn|11
|
|t:|1781120162
|move|p1a: Kommo-o|Substitute|p1a: Kommo-o
|-start|p1a: Kommo-o|Substitute
|-damage|p1a: Kommo-o|3/100
|move|p2a: Clodsire|Earthquake|p1a: Kommo-o
|-activate|p1a: Kommo-o|move: Substitute|[damage]
|
|-heal|p1a: Kommo-o|10/100|[from] item: Leftovers
|upkeep
|turn|12
|
|t:|1781120167
|-terastallize|p1a: Kommo-o|Ghost
|move|p1a: Kommo-o|Drain Punch|p2a: Clodsire
|-resisted|p2a: Clodsire
|-damage|p2a: Clodsire|83/100
|-heal|p1a: Kommo-o|16/100|[from] drain|[of] p2a: Clodsire
|move|p2a: Clodsire|Earthquake|p1a: Kommo-o
|-end|p1a: Kommo-o|Substitute
|
|-heal|p1a: Kommo-o|23/100|[from] item: Leftovers
|upkeep
|turn|13
|
|t:|1781120171
|move|p1a: Kommo-o|Shadow Claw|p2a: Clodsire
|-damage|p2a: Clodsire|64/100
|move|p2a: Clodsire|Earthquake|p1a: Kommo-o
|-damage|p1a: Kommo-o|0 fnt
|faint|p1a: Kommo-o
|
|upkeep
|
|t:|1781120179
|switch|p1a: Kyurem|Kyurem|100/100
|-ability|p1a: Kyurem|Pressure
|turn|14
|
|t:|1781120193
|switch|p2a: Zapdos|Zapdos|22/100
|move|p1a: Kyurem|Earth Power|p2a: Zapdos
|-immune|p2a: Zapdos
|
|upkeep
|turn|15
|
|t:|1781120198
|move|p1a: Kyurem|Icicle Spear|p2a: Zapdos
|-supereffective|p2a: Zapdos
|-damage|p2a: Zapdos|3/100
|-supereffective|p2a: Zapdos
|-crit|p2a: Zapdos
|-damage|p2a: Zapdos|0 fnt
|faint|p2a: Zapdos
|-hitcount|p2: Zapdos|2
|
|upkeep
|
|t:|1781120215
|switch|p2a: Cinderace|Cinderace, F|100/100
|turn|16
|
|t:|1781120219
|-terastallize|p2a: Cinderace|Fire
|move|p2a: Cinderace|Pyro Ball|p1a: Kyurem
|-damage|p1a: Kyurem|40/100
|move|p1a: Kyurem|Earth Power|p2a: Cinderace
|-supereffective|p2a: Cinderace
|-damage|p2a: Cinderace|39/100
|
|upkeep
|turn|17
|
|t:|1781120223
|move|p2a: Cinderace|Pyro Ball|p1a: Kyurem
|-crit|p1a: Kyurem
|-damage|p1a: Kyurem|0 fnt
|faint|p1a: Kyurem
|
|upkeep
|
|t:|1781120227
|switch|p1a: Iron Crown|Iron Crown|100/100
|-enditem|p1a: Iron Crown|Booster Energy
|-activate|p1a: Iron Crown|ability: Quark Drive|[fromitem]
|-start|p1a: Iron Crown|quarkdrivespe
|turn|18
|
|t:|1781120234
|move|p1a: Iron Crown|Psychic Noise|p2a: Cinderace
|-damage|p2a: Cinderace|0 fnt
|faint|p2a: Cinderace
|
|upkeep
|
|t:|1781120236
|switch|p2a: Kingambit|Kingambit, M|100/100
|-activate|p2a: Kingambit|ability: Supreme Overlord
|-start|p2a: Kingambit|fallen2|[silent]
|turn|19
|
|t:|1781120240
|-end|p1a: Iron Crown|Quark Drive|[silent]
|switch|p1a: Iron Valiant|Iron Valiant|100/100
|-enditem|p1a: Iron Valiant|Booster Energy
|-activate|p1a: Iron Valiant|ability: Quark Drive|[fromitem]
|-start|p1a: Iron Valiant|quarkdrivespe
|move|p2a: Kingambit|Kowtow Cleave|p1a: Iron Valiant
|-resisted|p1a: Iron Valiant
|-crit|p1a: Iron Valiant
|-damage|p1a: Iron Valiant|70/100
|
|upkeep
|turn|20
|
|t:|1781120244
|-end|p1a: Iron Valiant|Quark Drive|[silent]
|switch|p1a: Iron Crown|Iron Crown|100/100
|-end|p2a: Kingambit|fallen2|[silent]
|switch|p2a: Clodsire|Clodsire, F|64/100
|
|upkeep
|turn|21
|
|t:|1781120249
|-end|p1a: Iron Crown|Quark Drive|[silent]
|switch|p1a: Iron Valiant|Iron Valiant|70/100
|move|p2a: Clodsire|Earthquake|p1a: Iron Valiant
|-damage|p1a: Iron Valiant|34/100
|
|upkeep
|turn|22
|
|t:|1781120256
|move|p1a: Iron Valiant|Focus Blast|p2a: Clodsire|[miss]
|-miss|p1a: Iron Valiant|p2a: Clodsire
|move|p2a: Clodsire|Earthquake|p1a: Iron Valiant
|-damage|p1a: Iron Valiant|0 fnt
|faint|p1a: Iron Valiant
|-end|p1a: Iron Valiant|Quark Drive|[silent]
|
|upkeep
|
|t:|1781120259
|switch|p1a: Iron Crown|Iron Crown|100/100
|turn|23
|
|t:|1781120263
|move|p1a: Iron Crown|Psychic Noise|p2a: Clodsire
|-supereffective|p2a: Clodsire
|-damage|p2a: Clodsire|10/100
|-start|p2a: Clodsire|move: Heal Block
|move|p2a: Clodsire|Earthquake|p1a: Iron Crown
|-supereffective|p1a: Iron Crown
|-damage|p1a: Iron Crown|42/100
|
|upkeep
|turn|24
|
|t:|1781120267
|move|p1a: Iron Crown|Tachyon Cutter|p2a: Clodsire
|-damage|p2a: Clodsire|0 fnt
|faint|p2a: Clodsire
|-hitcount|p2: Clodsire|1
|
|upkeep
|
|t:|1781120276
|switch|p2a: Primarina|Primarina, F|54/100
|turn|25
|
|t:|1781120283
|move|p1a: Iron Crown|Focus Blast|p2a: Primarina
|-resisted|p2a: Primarina
|-damage|p2a: Primarina|43/100
|move|p2a: Primarina|Surf|p1a: Iron Crown
|-damage|p1a: Iron Crown|0 fnt
|faint|p1a: Iron Crown
|-end|p1a: Iron Crown|Quark Drive|[silent]
|
|win|vvenlo
|raw|KurisuChestnutOU's rating: 1600 &rarr; <strong>1579</strong><br />(-21 for losing)
|raw|vvenlo's rating: 1579 &rarr; <strong>1600</strong><br />(+21 for winning)
