|j|☆CassiusAuBellossom
|j|☆LowEL0God
|t:|1781535962
|gametype|singles
|player|p1|CassiusAuBellossom|102|1526
|player|p2|LowEL0God|265|1544
|gen|9
|tier|[Gen 9] OU
|rated|
|rule|HP Percentage Mod: HP is shown in percentages
|rule|Endless Battle Clause: Forcing endless battles is banned
|rule|Species Clause: Limit one of each Pokémon
|rule|OHKO Clause: OHKO moves are banned
|rule|Evasion Items Clause: Evasion items are banned
|rule|Evasion Moves Clause: Evasion moves are banned
|rule|Evasion Abilities Clause: Evasion abilities are banned
|rule|Sleep Moves Clause: Sleep-inducing moves are banned
|clearpoke
|poke|p1|Pelipper, M|
|poke|p1|Beartic, M|
|poke|p1|Barraskewda, F|
|poke|p1|Zapdos|
|poke|p1|Ogerpon-Wellspring, F|
|poke|p1|Hatterene, F|
|poke|p2|Pelipper, F|
|poke|p2|Raging Bolt|
|poke|p2|Overqwil, F|
|poke|p2|Barraskewda, M|
|poke|p2|Iron Treads|
|poke|p2|Kingambit, M|
|teampreview
|c|☆LowEL0God|hf
|inactive|Battle timer is ON: inactive players will automatically lose when time's up. (requested by LowEL0God)
|
|t:|1781535975
|teamsize|p1|6
|teamsize|p2|6
|start
|switch|p1a: Armin|Pelipper, M|100/100
|switch|p2a: Raging Bolt|Raging Bolt|100/100
|-weather|RainDance|[from] ability: Drizzle|[of] p1a: Armin
|-enditem|p2a: Raging Bolt|Booster Energy
|-activate|p2a: Raging Bolt|ability: Protosynthesis|[fromitem]
|-start|p2a: Raging Bolt|protosynthesisspa
|turn|1
|
|t:|1781535985
|switch|p1a: Mikasa|Ogerpon-Wellspring, F|100/100
|move|p2a: Raging Bolt|Thunder|p1a: Mikasa
|-damage|p1a: Mikasa|0 fnt
|faint|p1a: Mikasa
|
|-weather|RainDance|[upkeep]
|upkeep
|
|t:|1781535993
|switch|p1a: Eren|Beartic, M|100/100
|turn|2
|
|t:|1781536001
|move|p1a: Eren|Icicle Spear|p2a: Raging Bolt
|-supereffective|p2a: Raging Bolt
|-crit|p2a: Raging Bolt
|-damage|p2a: Raging Bolt|63/100
|-supereffective|p2a: Raging Bolt
|-damage|p2a: Raging Bolt|36/100
|-supereffective|p2a: Raging Bolt
|-damage|p2a: Raging Bolt|12/100
|-supereffective|p2a: Raging Bolt
|-damage|p2a: Raging Bolt|0 fnt
|faint|p2a: Raging Bolt
|-end|p2a: Raging Bolt|Protosynthesis|[silent]
|-hitcount|p2: Raging Bolt|4
|
|-weather|RainDance|[upkeep]
|upkeep
|
|t:|1781536003
|switch|p2a: Barraskewda|Barraskewda, M|100/100
|turn|3
|
|t:|1781536022
|-terastallize|p1a: Eren|Grass
|move|p2a: Barraskewda|Liquidation|p1a: Eren
|-resisted|p1a: Eren
|-damage|p1a: Eren|35/100
|move|p1a: Eren|Trailblaze|p2a: Barraskewda
|-supereffective|p2a: Barraskewda
|-damage|p2a: Barraskewda|0 fnt
|-boost|p1a: Eren|spe|1
|faint|p2a: Barraskewda
|
|-weather|RainDance|[upkeep]
|upkeep
|
|t:|1781536024
|switch|p2a: Kingambit|Kingambit, M|100/100
|-activate|p2a: Kingambit|ability: Supreme Overlord
|-start|p2a: Kingambit|fallen2|[silent]
|turn|4
|
|t:|1781536041
|switch|p1a: Zeke|Zapdos|100/100
|move|p2a: Kingambit|Sucker Punch||[still]
|-fail|p2a: Kingambit
|
|-weather|RainDance|[upkeep]
|upkeep
|turn|5
|
|t:|1781536048
|move|p1a: Zeke|Weather Ball|p2a: Kingambit
|-damage|p2a: Kingambit|47/100
|move|p2a: Kingambit|Swords Dance|p2a: Kingambit
|-boost|p2a: Kingambit|atk|2
|
|-weather|RainDance|[upkeep]
|-heal|p2a: Kingambit|53/100|[from] item: Leftovers
|upkeep
|turn|6
|
|t:|1781536063
|switch|p1a: Levi|Barraskewda, F|100/100
|move|p2a: Kingambit|Sucker Punch||[still]
|-fail|p2a: Kingambit
|
|-weather|RainDance|[upkeep]
|-heal|p2a: Kingambit|59/100|[from] item: Leftovers
|upkeep
|turn|7
|
|t:|1781536076
|move|p1a: Levi|Aqua Jet|p2a: Kingambit
|-damage|p2a: Kingambit|29/100
|move|p2a: Kingambit|Kowtow Cleave|p1a: Levi
|-damage|p1a: Levi|0 fnt
|faint|p1a: Levi
|
|-weather|RainDance|[upkeep]
|-heal|p2a: Kingambit|35/100|[from] item: Leftovers
|upkeep
|
|t:|1781536087
|switch|p1a: Annie|Hatterene, F|100/100
|turn|8
|
|t:|1781536091
|move|p2a: Kingambit|Kowtow Cleave|p1a: Annie
|-damage|p1a: Annie|0 fnt
|faint|p1a: Annie
|
|-weather|none
|-heal|p2a: Kingambit|42/100|[from] item: Leftovers
|upkeep
|-message|CassiusAuBellossom forfeited.
|
|win|LowEL0God
|raw|CassiusAuBellossom's rating: 1526 &rarr; <strong>1507</strong><br />(-19 for losing)
|raw|LowEL0God's rating: 1544 &rarr; <strong>1563</strong><br />(+19 for winning)
|l|☆CassiusAuBellossom
|player|p1|
|c|☆LowEL0God|gg
|l|☆LowEL0God
|player|p2|
