|badge|p1|silver|gen9ou|30-9
|badge|p1|bronze|gen9pu|100-9
|uhtml|medal-msg|<div class="broadcast-blue">Curious what those medals under the avatar are? PS now has Ladder Seasons! For more information, check out the <a href="https://www.smogon.com/forums/threads/3740067/">thread on Smogon.</a></div>
|badge|p2|bronze|gen9ou|100-9
|uhtml|medal-msg|<div class="broadcast-blue">Curious what those medals under the avatar are? PS now has Ladder Seasons! For more information, check out the <a href="https://www.smogon.com/forums/threads/3740067/">thread on Smogon.</a></div>
|j|☆ceo o wo chien
|j|☆AnonymousJon
|t:|1781496577
|gametype|singles
|player|p1|ceo o wo chien|fisherman-gen4|1972
|player|p2|AnonymousJon|workerice|1825
|gen|9
|tier|[Gen 9] OU
|rated|
|rule|HP Percentage Mod: HP is shown in percentages
|rule|Endless Battle Clause: Forcing endless battles is banned
|rule|Species Clause: Limit one of each Pokémon
|rule|OHKO Clause: OHKO moves are banned
|rule|Evasion Items Clause: Evasion items are banned
|rule|Evasion Moves Clause: Evasion moves are banned
|rule|Evasion Abilities Clause: Evasion abilities are banned
|rule|Sleep Moves Clause: Sleep-inducing moves are banned
|clearpoke
|poke|p1|Wo-Chien|
|poke|p1|Weezing-Galar, M|
|poke|p1|Alomomola, F|
|poke|p1|Iron Treads|
|poke|p1|Latios, M|
|poke|p1|Zamazenta-*|
|poke|p2|Great Tusk|
|poke|p2|Ogerpon-Cornerstone, F|
|poke|p2|Rillaboom, M|
|poke|p2|Tyranitar, M|
|poke|p2|Corviknight, F|
|poke|p2|Dragapult, M|
|teampreview
|inactive|Battle timer is ON: inactive players will automatically lose when time's up. (requested by AnonymousJon)
|inactive|ceo o wo chien also wants the timer to be on.
|c|☆ceo o wo chien|hf!
|j| whimsicotthunter
|c|☆AnonymousJon|glhf!
|j| TheSacredJackal⨕
|j| euphoricpoptarts
|
|t:|1781496599
|teamsize|p1|6
|teamsize|p2|6
|start
|switch|p1a: Weezing|Weezing-Galar, M|100/100
|switch|p2a: Dragapult|Dragapult, M|100/100
|turn|1
|
|t:|1781496604
|move|p2a: Dragapult|Will-O-Wisp|p1a: Weezing
|-status|p1a: Weezing|brn
|move|p1a: Weezing|Strange Steam|p2a: Dragapult
|-supereffective|p2a: Dragapult
|-damage|p2a: Dragapult|0 fnt
|faint|p2a: Dragapult
|
|-damage|p1a: Weezing|95/100 brn|[from] brn
|upkeep
|c| TheSacredJackal⨕|wo chien in 1900 elo is crazy
|
|t:|1781496614
|switch|p2a: Tyranitar|Tyranitar, M|100/100
|-weather|Sandstorm|[from] ability: Sand Stream|[of] p2a: Tyranitar
|turn|2
|c|☆ceo o wo chien|wo chien RUNS the 1900s in gen 10, trust
|
|t:|1781496640
|move|p1a: Weezing|Strange Steam|p2a: Tyranitar
|-supereffective|p2a: Tyranitar
|-damage|p2a: Tyranitar|51/100
|move|p2a: Tyranitar|Stealth Rock|p1a: Weezing
|-sidestart|p1: ceo o wo chien|move: Stealth Rock
|
|-weather|Sandstorm|[upkeep]
|-damage|p1a: Weezing|89/100 brn|[from] Sandstorm
|-heal|p2a: Tyranitar|57/100|[from] item: Leftovers
|-damage|p1a: Weezing|83/100 brn|[from] brn
|upkeep
|turn|3
|
|t:|1781496643
|switch|p2a: Ogerpon|Ogerpon-Cornerstone, F|100/100
|move|p1a: Weezing|Strange Steam|p2a: Ogerpon
|-damage|p2a: Ogerpon|59/100
|
|-weather|Sandstorm|[upkeep]
|-damage|p1a: Weezing|77/100 brn|[from] Sandstorm
|-damage|p1a: Weezing|71/100 brn|[from] brn
|upkeep
|turn|4
|
|t:|1781496646
|move|p2a: Ogerpon|Ivy Cudgel|p1a: Weezing|[anim] Ivy Cudgel Rock
|-damage|p1a: Weezing|2/100 brn
|move|p1a: Weezing|Strange Steam|p2a: Ogerpon
|-damage|p2a: Ogerpon|14/100
|
|-weather|Sandstorm|[upkeep]
|-damage|p1a: Weezing|0 fnt|[from] Sandstorm
|faint|p1a: Weezing
|upkeep
|
|t:|1781496653
|switch|p1a: Zamazenta|Zamazenta|100/100
|-damage|p1a: Zamazenta|94/100|[from] Stealth Rock
|-ability|p1a: Zamazenta|Dauntless Shield|boost
|-boost|p1a: Zamazenta|def|1
|turn|5
|
|t:|1781496661
|switch|p2a: Corviknight|Corviknight, F|100/100
|-ability|p2a: Corviknight|Pressure
|move|p1a: Zamazenta|Body Press|p2a: Corviknight
|-damage|p2a: Corviknight|68/100
|-damage|p1a: Zamazenta|78/100|[from] item: Rocky Helmet|[of] p2a: Corviknight
|
|-weather|Sandstorm|[upkeep]
|-damage|p1a: Zamazenta|72/100|[from] Sandstorm
|-heal|p1a: Zamazenta|78/100|[from] item: Leftovers
|upkeep
|turn|6
|
|t:|1781496666
|move|p1a: Zamazenta|Iron Defense|p1a: Zamazenta
|-boost|p1a: Zamazenta|def|2
|move|p2a: Corviknight|U-turn|p1a: Zamazenta
|-resisted|p1a: Zamazenta
|-damage|p1a: Zamazenta|75/100
|
|t:|1781496668
|switch|p2a: Tyranitar|Tyranitar, M|57/100|[from] U-turn
|
|-weather|none
|-heal|p1a: Zamazenta|82/100|[from] item: Leftovers
|-heal|p2a: Tyranitar|63/100|[from] item: Leftovers
|upkeep
|turn|7
|
|t:|1781496674
|switch|p1a: Iron Treads|Iron Treads|100/100
|-damage|p1a: Iron Treads|97/100|[from] Stealth Rock
|-terastallize|p2a: Tyranitar|Ghost
|move|p2a: Tyranitar|Knock Off|p1a: Iron Treads
|-crit|p1a: Iron Treads
|-damage|p1a: Iron Treads|50/100
|-enditem|p1a: Iron Treads|Leftovers|[from] move: Knock Off|[of] p2a: Tyranitar
|
|-heal|p2a: Tyranitar|69/100|[from] item: Leftovers
|upkeep
|turn|8
|
|t:|1781496684
|switch|p2a: Ogerpon|Ogerpon-Cornerstone, F|14/100
|move|p1a: Iron Treads|Knock Off|p2a: Ogerpon
|-damage|p2a: Ogerpon|0 fnt
|faint|p2a: Ogerpon
|
|upkeep
|
|t:|1781496687
|switch|p2a: Rillaboom|Rillaboom, M|100/100
|-fieldstart|move: Grassy Terrain|[from] ability: Grassy Surge|[of] p2a: Rillaboom
|turn|9
|
|t:|1781496693
|move|p2a: Rillaboom|Grassy Glide|p1a: Iron Treads
|-damage|p1a: Iron Treads|3/100
|move|p1a: Iron Treads|Rapid Spin|p2a: Rillaboom
|-damage|p2a: Rillaboom|88/100
|-boost|p1a: Iron Treads|spe|1
|-sideend|p1: ceo o wo chien|Stealth Rock|[from] move: Rapid Spin|[of] p1a: Iron Treads
|
|-heal|p1a: Iron Treads|10/100|[from] Grassy Terrain
|-heal|p2a: Rillaboom|94/100|[from] Grassy Terrain
|upkeep
|turn|10
|
|t:|1781496702
|-end|p1a: Iron Treads|Quark Drive|[silent]
|switch|p1a: Wo-Chien|Wo-Chien|100/100
|-ability|p1a: Wo-Chien|Tablets of Ruin
|switch|p2a: Tyranitar|Tyranitar, M, tera:Ghost|69/100
|-weather|Sandstorm|[from] ability: Sand Stream|[of] p2a: Tyranitar
|
|-weather|Sandstorm|[upkeep]
|-damage|p1a: Wo-Chien|94/100|[from] Sandstorm
|-damage|p2a: Tyranitar|63/100|[from] Sandstorm
|-heal|p1a: Wo-Chien|100/100|[from] Grassy Terrain
|-heal|p2a: Tyranitar|69/100|[from] Grassy Terrain
|-heal|p2a: Tyranitar|76/100|[from] item: Leftovers
|upkeep
|turn|11
|
|t:|1781496706
|move|p1a: Wo-Chien|Foul Play|p2a: Tyranitar
|-supereffective|p2a: Tyranitar
|-damage|p2a: Tyranitar|12/100
|move|p2a: Tyranitar|Stealth Rock|p1a: Wo-Chien
|-sidestart|p1: ceo o wo chien|move: Stealth Rock
|
|-weather|Sandstorm|[upkeep]
|-damage|p1a: Wo-Chien|94/100|[from] Sandstorm
|-damage|p2a: Tyranitar|6/100|[from] Sandstorm
|-heal|p1a: Wo-Chien|100/100|[from] Grassy Terrain
|-heal|p2a: Tyranitar|12/100|[from] Grassy Terrain
|-heal|p2a: Tyranitar|18/100|[from] item: Leftovers
|upkeep
|turn|12
|c| TheSacredJackal⨕|live wo-chien reaction
|
|t:|1781496724
|switch|p2a: Corviknight|Corviknight, F|68/100
|-ability|p2a: Corviknight|Pressure
|move|p1a: Wo-Chien|Foul Play|p2a: Corviknight
|-damage|p2a: Corviknight|52/100
|-damage|p1a: Wo-Chien|84/100|[from] item: Rocky Helmet|[of] p2a: Corviknight
|
|-weather|Sandstorm|[upkeep]
|-damage|p1a: Wo-Chien|78/100|[from] Sandstorm
|-heal|p1a: Wo-Chien|84/100|[from] Grassy Terrain
|-heal|p1a: Wo-Chien|90/100|[from] item: Leftovers
|upkeep
|turn|13
|j| dilf huntr
|
|t:|1781496733
|move|p1a: Wo-Chien|Stun Spore|p2a: Corviknight|[miss]
|-miss|p1a: Wo-Chien|p2a: Corviknight
|move|p2a: Corviknight|U-turn|p1a: Wo-Chien
|-supereffective|p1a: Wo-Chien
|-damage|p1a: Wo-Chien|62/100
|
|t:|1781496736
|switch|p2a: Rillaboom|Rillaboom, M|94/100|[from] U-turn
|
|-weather|Sandstorm|[upkeep]
|-damage|p2a: Rillaboom|88/100|[from] Sandstorm
|-damage|p1a: Wo-Chien|56/100|[from] Sandstorm
|-heal|p2a: Rillaboom|94/100|[from] Grassy Terrain
|-heal|p1a: Wo-Chien|62/100|[from] Grassy Terrain
|-heal|p1a: Wo-Chien|68/100|[from] item: Leftovers
|-fieldend|move: Grassy Terrain
|upkeep
|turn|14
|
|t:|1781496740
|move|p1a: Wo-Chien|Protect|p1a: Wo-Chien
|-singleturn|p1a: Wo-Chien|Protect
|move|p2a: Rillaboom|U-turn|p1a: Wo-Chien
|-activate|p1a: Wo-Chien|move: Protect
|
|-weather|none
|-heal|p1a: Wo-Chien|75/100|[from] item: Leftovers
|upkeep
|turn|15
|
|t:|1781496745
|switch|p1a: Iron Treads|Iron Treads|10/100
|-damage|p1a: Iron Treads|6/100|[from] Stealth Rock
|move|p2a: Rillaboom|U-turn|p1a: Iron Treads
|-resisted|p1a: Iron Treads
|-damage|p1a: Iron Treads|0 fnt
|faint|p1a: Iron Treads
|-end|p1a: Iron Treads|Quark Drive|[silent]
|
|t:|1781496752
|switch|p2a: Corviknight|Corviknight, F|52/100|[from] U-turn
|-ability|p2a: Corviknight|Pressure
|
|upkeep
|
|t:|1781496758
|switch|p1a: Zamazenta|Zamazenta|82/100
|-damage|p1a: Zamazenta|75/100|[from] Stealth Rock
|turn|16
|
|t:|1781496760
|move|p1a: Zamazenta|Iron Defense|p1a: Zamazenta
|-boost|p1a: Zamazenta|def|2
|move|p2a: Corviknight|Brave Bird|p1a: Zamazenta
|-supereffective|p1a: Zamazenta
|-damage|p1a: Zamazenta|47/100
|-damage|p2a: Corviknight|43/100|[from] Recoil
|
|-heal|p1a: Zamazenta|53/100|[from] item: Leftovers
|upkeep
|turn|17
|inactive|ceo o wo chien has 120 seconds left.
|
|t:|1781496802
|switch|p2a: Tyranitar|Tyranitar, M, tera:Ghost|18/100
|-weather|Sandstorm|[from] ability: Sand Stream|[of] p2a: Tyranitar
|move|p1a: Zamazenta|Body Press|p2a: Tyranitar
|-immune|p2a: Tyranitar
|
|-weather|Sandstorm|[upkeep]
|-damage|p1a: Zamazenta|47/100|[from] Sandstorm
|-damage|p2a: Tyranitar|12/100|[from] Sandstorm
|-heal|p1a: Zamazenta|53/100|[from] item: Leftovers
|-heal|p2a: Tyranitar|18/100|[from] item: Leftovers
|upkeep
|turn|18
|
|t:|1781496809
|switch|p2a: Corviknight|Corviknight, F|43/100
|-ability|p2a: Corviknight|Pressure
|move|p1a: Zamazenta|Crunch|p2a: Corviknight
|-damage|p2a: Corviknight|30/100
|-damage|p1a: Zamazenta|37/100|[from] item: Rocky Helmet|[of] p2a: Corviknight
|
|-weather|Sandstorm|[upkeep]
|-damage|p1a: Zamazenta|31/100|[from] Sandstorm
|-heal|p1a: Zamazenta|37/100|[from] item: Leftovers
|upkeep
|turn|19
|inactive|ceo o wo chien has 120 seconds left.
|
|t:|1781496833
|switch|p2a: Tyranitar|Tyranitar, M, tera:Ghost|18/100
|move|p1a: Zamazenta|Iron Defense|p1a: Zamazenta
|-boost|p1a: Zamazenta|def|2
|
|-weather|Sandstorm|[upkeep]
|-damage|p1a: Zamazenta|31/100|[from] Sandstorm
|-damage|p2a: Tyranitar|12/100|[from] Sandstorm
|-heal|p1a: Zamazenta|37/100|[from] item: Leftovers
|-heal|p2a: Tyranitar|18/100|[from] item: Leftovers
|upkeep
|turn|20
|
|t:|1781496838
|move|p1a: Zamazenta|Crunch|p2a: Tyranitar
|-supereffective|p2a: Tyranitar
|-damage|p2a: Tyranitar|0 fnt
|faint|p2a: Tyranitar
|
|-weather|Sandstorm|[upkeep]
|-damage|p1a: Zamazenta|31/100|[from] Sandstorm
|-heal|p1a: Zamazenta|37/100|[from] item: Leftovers
|upkeep
|c|☆AnonymousJon|gg
|c|☆ceo o wo chien|gg
|-message|AnonymousJon forfeited.
|
|win|ceo o wo chien
|raw|ceo o wo chien's rating: 1972 &rarr; <strong>1984</strong><br />(+12 for winning)
|raw|AnonymousJon's rating: 1825 &rarr; <strong>1813</strong><br />(-12 for losing)
|l|☆AnonymousJon
|player|p2|
|l| euphoricpoptarts
|c|☆ceo o wo chien|the thing crazier than the chizzy
|c|☆ceo o wo chien|is that this is a specs geezing
|l| whimsicotthunter
|l| dilf huntr
|c|☆ceo o wo chien|!showset 2
|c| ceo o wo chien|/raw <div class="infobox">Weezing (Weezing-Galar) @ Choice Specs  <br />Ability: Levitate  <br />Tera Type: Ghost  <br />EVs: 252 SpA &#x2f; 4 SpD &#x2f; 252 Spe  <br />Modest Nature  <br />IVs: 0 Atk  <br />- Sludge Bomb  <br />- Strange Steam  <br />- Overheat  <br />- Shadow Ball  <br /><br /></div>
|c| TheSacredJackal⨕|wild
|l| TheSacredJackal⨕
