|j|☆MyNameEthanReyes
|j|‽Cte plays
|t:|1781324494
|gametype|singles
|player|p1|MyNameEthanReyes|teamrocket|1558
|player|p2|Cte plays|brendan|1550
|gen|9
|tier|[Gen 9] OU
|rated|
|rule|HP Percentage Mod: HP is shown in percentages
|rule|Endless Battle Clause: Forcing endless battles is banned
|rule|Species Clause: Limit one of each Pokémon
|rule|OHKO Clause: OHKO moves are banned
|rule|Evasion Items Clause: Evasion items are banned
|rule|Evasion Moves Clause: Evasion moves are banned
|rule|Evasion Abilities Clause: Evasion abilities are banned
|rule|Sleep Moves Clause: Sleep-inducing moves are banned
|clearpoke
|poke|p1|Scizor, F|
|poke|p1|Ogerpon-Wellspring, F|
|poke|p1|Garganacl, F|
|poke|p1|Slowking-Galar, M|
|poke|p1|Great Tusk|
|poke|p1|Zapdos|
|poke|p2|Scizor, F|
|poke|p2|Kyurem|
|poke|p2|Cinderace, F|
|poke|p2|Primarina, F|
|poke|p2|Zapdos|
|poke|p2|Iron Valiant|
|teampreview
|inactive|Battle timer is ON: inactive players will automatically lose when time's up. (requested by MyNameEthanReyes)
|
|t:|1781324508
|teamsize|p1|6
|teamsize|p2|6
|start
|switch|p1a: WhatLesbiansDo|Scizor, F, shiny|100/100
|switch|p2a: Kyurem|Kyurem, shiny|100/100
|-ability|p2a: Kyurem|Pressure
|turn|1
|
|t:|1781324517
|switch|p2a: Zapdos|Zapdos, shiny|100/100
|move|p1a: WhatLesbiansDo|Knock Off|p2a: Zapdos
|-damage|p2a: Zapdos|50/100
|-enditem|p2a: Zapdos|Heavy-Duty Boots|[from] move: Knock Off|[of] p1a: WhatLesbiansDo
|
|upkeep
|turn|2
|
|t:|1781324525
|switch|p1a: Domestic Abuse|Garganacl, F|100/100
|move|p2a: Zapdos|Roost|p2a: Zapdos
|-heal|p2a: Zapdos|100/100
|-singleturn|p2a: Zapdos|move: Roost
|
|upkeep
|turn|3
|
|t:|1781324532
|move|p2a: Zapdos|Volt Switch|p1a: Domestic Abuse
|-damage|p1a: Domestic Abuse|77/100
|
|t:|1781324539
|switch|p2a: Iron Valiant|Iron Valiant, shiny|100/100|[from] Volt Switch
|-enditem|p2a: Iron Valiant|Booster Energy
|-activate|p2a: Iron Valiant|ability: Quark Drive|[fromitem]
|-start|p2a: Iron Valiant|quarkdrivespe
|move|p1a: Domestic Abuse|Stealth Rock|p2a: Iron Valiant
|-sidestart|p2: Cte plays|move: Stealth Rock
|
|-heal|p1a: Domestic Abuse|83/100|[from] item: Leftovers
|upkeep
|turn|4
|
|t:|1781324551
|switch|p1a: WhatLesbiansDo|Scizor, F, shiny|100/100
|move|p2a: Iron Valiant|Encore||[still]
|-fail|p2a: Iron Valiant
|
|upkeep
|turn|5
|
|t:|1781324559
|-end|p2a: Iron Valiant|Quark Drive|[silent]
|switch|p2a: Zapdos|Zapdos, shiny|100/100
|-damage|p2a: Zapdos|76/100|[from] Stealth Rock
|move|p1a: WhatLesbiansDo|Bullet Punch|p2a: Zapdos
|-resisted|p2a: Zapdos
|-damage|p2a: Zapdos|52/100
|
|upkeep
|turn|6
|
|t:|1781324572
|switch|p1a: Yeast Infection|Slowking-Galar, M|100/100
|move|p2a: Zapdos|Roost|p2a: Zapdos
|-heal|p2a: Zapdos|100/100
|-singleturn|p2a: Zapdos|move: Roost
|
|upkeep
|turn|7
|
|t:|1781324579
|move|p2a: Zapdos|Volt Switch|p1a: Yeast Infection
|-damage|p1a: Yeast Infection|80/100
|
|t:|1781324583
|switch|p2a: Cinderace|Cinderace, F, shiny|100/100|[from] Volt Switch
|-prepare|p1a: Yeast Infection|Chilly Reception|[premajor]
|move|p1a: Yeast Infection|Chilly Reception|p1a: Yeast Infection
|-weather|Snowscape
|
|t:|1781324596
|switch|p1a: Domestic Abuse|Garganacl, F|83/100|[from] Chilly Reception
|
|-weather|Snowscape|[upkeep]
|-heal|p1a: Domestic Abuse|89/100|[from] item: Leftovers
|upkeep
|turn|8
|
|t:|1781324603
|move|p2a: Cinderace|Court Change|p2a: Cinderace
|-swapsideconditions
|-activate|p2a: Cinderace|move: Court Change
|move|p1a: Domestic Abuse|Salt Cure|p2a: Cinderace
|-supereffective|p2a: Cinderace
|-damage|p2a: Cinderace|57/100
|-start|p2a: Cinderace|Salt Cure
|
|-weather|Snowscape|[upkeep]
|-heal|p1a: Domestic Abuse|95/100|[from] item: Leftovers
|-damage|p2a: Cinderace|45/100|[from] Salt Cure
|upkeep
|turn|9
|
|t:|1781324613
|move|p2a: Cinderace|Taunt|p1a: Domestic Abuse
|-start|p1a: Domestic Abuse|move: Taunt
|cant|p1a: Domestic Abuse|move: Taunt|Stealth Rock
|
|-weather|Snowscape|[upkeep]
|-heal|p1a: Domestic Abuse|100/100|[from] item: Leftovers
|-damage|p2a: Cinderace|32/100|[from] Salt Cure
|upkeep
|turn|10
|
|t:|1781324621
|move|p2a: Cinderace|U-turn|p1a: Domestic Abuse
|-damage|p1a: Domestic Abuse|87/100
|
|t:|1781324624
|switch|p2a: Iron Valiant|Iron Valiant, shiny|100/100|[from] U-turn
|move|p1a: Domestic Abuse|Salt Cure|p2a: Iron Valiant
|-resisted|p2a: Iron Valiant
|-damage|p2a: Iron Valiant|92/100
|-start|p2a: Iron Valiant|Salt Cure
|
|-weather|Snowscape|[upkeep]
|-heal|p1a: Domestic Abuse|93/100|[from] item: Leftovers
|-damage|p2a: Iron Valiant|79/100|[from] Salt Cure
|upkeep
|turn|11
|
|t:|1781324641
|switch|p1a: Pokemon|Zapdos, shiny|100/100
|move|p2a: Iron Valiant|Calm Mind|p2a: Iron Valiant
|-boost|p2a: Iron Valiant|spa|1
|-boost|p2a: Iron Valiant|spd|1
|
|-weather|none
|-damage|p2a: Iron Valiant|67/100|[from] Salt Cure
|upkeep
|turn|12
|
|t:|1781324651
|move|p2a: Iron Valiant|Moonblast|p1a: Pokemon
|-damage|p1a: Pokemon|28/100
|move|p1a: Pokemon|U-turn|p2a: Iron Valiant
|-resisted|p2a: Iron Valiant
|-damage|p2a: Iron Valiant|62/100
|
|t:|1781324653
|switch|p1a: WhatLesbiansDo|Scizor, F, shiny|100/100|[from] U-turn
|-damage|p1a: WhatLesbiansDo|88/100|[from] Stealth Rock
|
|-damage|p2a: Iron Valiant|50/100|[from] Salt Cure
|upkeep
|turn|13
|
|t:|1781324665
|-end|p2a: Iron Valiant|Quark Drive|[silent]
|switch|p2a: Zapdos|Zapdos, shiny|100/100
|move|p1a: WhatLesbiansDo|Bullet Punch|p2a: Zapdos
|-resisted|p2a: Zapdos
|-damage|p2a: Zapdos|76/100
|-status|p1a: WhatLesbiansDo|par|[from] ability: Static|[of] p2a: Zapdos
|
|upkeep
|turn|14
|
|t:|1781324677
|switch|p1a: Two Sided Dido|Great Tusk|100/100
|move|p2a: Zapdos|Volt Switch|p1a: Two Sided Dido
|-immune|p1a: Two Sided Dido
|
|upkeep
|turn|15
|
|t:|1781324683
|-end|p1a: Two Sided Dido|Protosynthesis|[silent]
|switch|p1a: Domestic Abuse|Garganacl, F|93/100
|-damage|p1a: Domestic Abuse|81/100|[from] Stealth Rock
|move|p2a: Zapdos|Hurricane|p1a: Domestic Abuse
|-resisted|p1a: Domestic Abuse
|-damage|p1a: Domestic Abuse|60/100
|
|-heal|p1a: Domestic Abuse|66/100|[from] item: Leftovers
|upkeep
|turn|16
|
|t:|1781324693
|move|p2a: Zapdos|Volt Switch|p1a: Domestic Abuse
|-crit|p1a: Domestic Abuse
|-damage|p1a: Domestic Abuse|26/100
|
|t:|1781324697
|switch|p2a: Scizor|Scizor, F, shiny|100/100|[from] Volt Switch
|move|p1a: Domestic Abuse|Stealth Rock|p2a: Scizor
|-sidestart|p2: Cte plays|move: Stealth Rock
|
|-heal|p1a: Domestic Abuse|33/100|[from] item: Leftovers
|upkeep
|turn|17
|
|t:|1781324710
|switch|p1a: Two Sided Dido|Great Tusk|100/100
|move|p2a: Scizor|Swords Dance|p2a: Scizor
|-boost|p2a: Scizor|atk|2
|
|upkeep
|turn|18
|
|t:|1781324719
|move|p1a: Two Sided Dido|Rapid Spin|p2a: Scizor
|-resisted|p2a: Scizor
|-damage|p2a: Scizor|91/100
|-boost|p1a: Two Sided Dido|spe|1
|-sideend|p1: MyNameEthanReyes|Stealth Rock|[from] move: Rapid Spin|[of] p1a: Two Sided Dido
|move|p2a: Scizor|Close Combat|p1a: Two Sided Dido
|-damage|p1a: Two Sided Dido|32/100
|-unboost|p2a: Scizor|def|1
|-unboost|p2a: Scizor|spd|1
|
|upkeep
|turn|19
|
|t:|1781324732
|-end|p1a: Two Sided Dido|Protosynthesis|[silent]
|switch|p1a: Pokemon|Zapdos, shiny|28/100
|move|p2a: Scizor|Bullet Punch|p1a: Pokemon
|-resisted|p1a: Pokemon
|-damage|p1a: Pokemon|4/100
|
|upkeep
|turn|20
|
|t:|1781324738
|move|p2a: Scizor|Bullet Punch|p1a: Pokemon
|-resisted|p1a: Pokemon
|-damage|p1a: Pokemon|0 fnt
|faint|p1a: Pokemon
|
|upkeep
|
|t:|1781324744
|switch|p1a: Wetness|Ogerpon-Wellspring, F|100/100
|turn|21
|
|t:|1781324751
|move|p2a: Scizor|Bullet Punch|p1a: Wetness
|-resisted|p1a: Wetness
|-damage|p1a: Wetness|54/100
|move|p1a: Wetness|Ivy Cudgel|p2a: Scizor|[anim] Ivy Cudgel Water
|-damage|p2a: Scizor|0 fnt
|faint|p2a: Scizor
|
|upkeep
|
|t:|1781324761
|switch|p2a: Cinderace|Cinderace, F, shiny|32/100
|turn|22
|
|t:|1781324768
|switch|p1a: Yeast Infection|Slowking-Galar, M|100/100
|move|p2a: Cinderace|U-turn|p1a: Yeast Infection
|-damage|p1a: Yeast Infection|78/100
|
|t:|1781324775
|switch|p2a: Kyurem|Kyurem, shiny|100/100|[from] U-turn
|-ability|p2a: Kyurem|Pressure
|
|upkeep
|turn|23
|
|t:|1781324783
|move|p2a: Kyurem|Earth Power|p1a: Yeast Infection
|-supereffective|p1a: Yeast Infection
|-damage|p1a: Yeast Infection|42/100
|-prepare|p1a: Yeast Infection|Chilly Reception|[premajor]
|move|p1a: Yeast Infection|Chilly Reception|p1a: Yeast Infection
|-weather|Snowscape
|
|t:|1781324791
|switch|p1a: WhatLesbiansDo|Scizor, F, shiny|88/100 par|[from] Chilly Reception
|
|-weather|Snowscape|[upkeep]
|upkeep
|turn|24
|
|t:|1781324798
|switch|p2a: Zapdos|Zapdos, shiny|76/100
|-damage|p2a: Zapdos|51/100|[from] Stealth Rock
|move|p1a: WhatLesbiansDo|U-turn|p2a: Zapdos
|-resisted|p2a: Zapdos
|-damage|p2a: Zapdos|23/100
|
|t:|1781324802
|switch|p1a: Wetness|Ogerpon-Wellspring, F|54/100|[from] U-turn
|
|-weather|Snowscape|[upkeep]
|upkeep
|turn|25
|
|t:|1781324810
|move|p1a: Wetness|Ivy Cudgel|p2a: Zapdos|[anim] Ivy Cudgel Water
|-damage|p2a: Zapdos|0 fnt
|faint|p2a: Zapdos
|
|-weather|Snowscape|[upkeep]
|upkeep
|
|t:|1781324818
|switch|p2a: Cinderace|Cinderace, F, shiny|32/100
|turn|26
|
|t:|1781324830
|switch|p1a: Domestic Abuse|Garganacl, F|33/100
|move|p2a: Cinderace|Court Change|p2a: Cinderace
|-swapsideconditions
|-activate|p2a: Cinderace|move: Court Change
|
|-weather|Snowscape|[upkeep]
|-heal|p1a: Domestic Abuse|39/100|[from] item: Leftovers
|upkeep
|turn|27
|
|t:|1781324838
|move|p2a: Cinderace|Taunt|p1a: Domestic Abuse
|-start|p1a: Domestic Abuse|move: Taunt
|cant|p1a: Domestic Abuse|move: Taunt|Recover
|
|-weather|none
|-heal|p1a: Domestic Abuse|45/100|[from] item: Leftovers
|upkeep
|turn|28
|
|t:|1781324846
|move|p2a: Cinderace|U-turn|p1a: Domestic Abuse
|-damage|p1a: Domestic Abuse|30/100
|
|t:|1781324849
|switch|p2a: Iron Valiant|Iron Valiant, shiny|50/100|[from] U-turn
|move|p1a: Domestic Abuse|Salt Cure|p2a: Iron Valiant
|-resisted|p2a: Iron Valiant
|-damage|p2a: Iron Valiant|41/100
|-start|p2a: Iron Valiant|Salt Cure
|
|-heal|p1a: Domestic Abuse|36/100|[from] item: Leftovers
|-damage|p2a: Iron Valiant|28/100|[from] Salt Cure
|upkeep
|turn|29
|inactive|MyNameEthanReyes has 120 seconds left.
|
|t:|1781324879
|switch|p1a: WhatLesbiansDo|Scizor, F, shiny|88/100 par
|-damage|p1a: WhatLesbiansDo|76/100 par|[from] Stealth Rock
|move|p2a: Iron Valiant|Moonblast|p1a: WhatLesbiansDo
|-resisted|p1a: WhatLesbiansDo
|-damage|p1a: WhatLesbiansDo|45/100 par
|
|-damage|p2a: Iron Valiant|16/100|[from] Salt Cure
|upkeep
|turn|30
|
|t:|1781324894
|move|p1a: WhatLesbiansDo|Bullet Punch|p2a: Iron Valiant
|-supereffective|p2a: Iron Valiant
|-damage|p2a: Iron Valiant|0 fnt
|faint|p2a: Iron Valiant
|-end|p2a: Iron Valiant|Quark Drive|[silent]
|
|upkeep
|
|t:|1781324911
|switch|p2a: Kyurem|Kyurem, shiny|100/100
|-ability|p2a: Kyurem|Pressure
|turn|31
|
|t:|1781324920
|-terastallize|p2a: Kyurem|Dragon
|move|p1a: WhatLesbiansDo|Bullet Punch|p2a: Kyurem
|-damage|p2a: Kyurem|52/100
|move|p2a: Kyurem|Scale Shot|p1a: WhatLesbiansDo
|-resisted|p1a: WhatLesbiansDo
|-damage|p1a: WhatLesbiansDo|36/100 par
|-resisted|p1a: WhatLesbiansDo
|-damage|p1a: WhatLesbiansDo|28/100 par
|-resisted|p1a: WhatLesbiansDo
|-damage|p1a: WhatLesbiansDo|19/100 par
|-hitcount|p1a: WhatLesbiansDo|3
|-unboost|p2a: Kyurem|def|1
|-boost|p2a: Kyurem|spe|1
|
|upkeep
|turn|32
|
|t:|1781324935
|move|p1a: WhatLesbiansDo|Bullet Punch|p2a: Kyurem
|-damage|p2a: Kyurem|0 fnt
|faint|p2a: Kyurem
|
|upkeep
|
|t:|1781324941
|switch|p2a: Cinderace|Cinderace, F, shiny|32/100
|turn|33
|c|☆MyNameEthanReyes|interesting play
|
|t:|1781324945
|move|p1a: WhatLesbiansDo|Bullet Punch|p2a: Cinderace
|-resisted|p2a: Cinderace
|-damage|p2a: Cinderace|0 fnt
|faint|p2a: Cinderace
|
|upkeep
|-message|Cte plays forfeited.
|
|win|MyNameEthanReyes
|raw|MyNameEthanReyes's rating: 1558 &rarr; <strong>1578</strong><br />(+20 for winning)
|raw|Cte plays's rating: 1550 &rarr; <strong>1530</strong><br />(-20 for losing)
|l|‽Cte plays
|player|p2|
|l|☆MyNameEthanReyes
|player|p1|
