|badge|p2|bronze|gen9ou|100-9
|badge|p2|silver|gen9pu|30-9
|uhtml|medal-msg|<div class="broadcast-blue">Curious what those medals under the avatar are? PS now has Ladder Seasons! For more information, check out the <a href="https://www.smogon.com/forums/threads/3740067/">thread on Smogon.</a></div>
|j|☆KnightKnaveSpy
|j|☆ceo o wo chien
|t:|1781157696
|gametype|singles
|player|p1|KnightKnaveSpy|101|1646
|player|p2|ceo o wo chien|fisherman-gen4|1860
|gen|9
|tier|[Gen 9] OU
|rated|
|rule|HP Percentage Mod: HP is shown in percentages
|rule|Endless Battle Clause: Forcing endless battles is banned
|rule|Species Clause: Limit one of each Pokémon
|rule|OHKO Clause: OHKO moves are banned
|rule|Evasion Items Clause: Evasion items are banned
|rule|Evasion Moves Clause: Evasion moves are banned
|rule|Evasion Abilities Clause: Evasion abilities are banned
|rule|Sleep Moves Clause: Sleep-inducing moves are banned
|clearpoke
|poke|p1|Samurott-Hisui, M|
|poke|p1|Blaziken, M|
|poke|p1|Kingambit, F|
|poke|p1|Raging Bolt|
|poke|p1|Ogerpon-Wellspring, F|
|poke|p1|Greninja-*, F|
|poke|p2|Wo-Chien|
|poke|p2|Walking Wake|
|poke|p2|Great Tusk|
|poke|p2|Torkoal, M|
|poke|p2|Cresselia, F|
|poke|p2|Raging Bolt|
|teampreview
|inactive|Battle timer is ON: inactive players will automatically lose when time's up. (requested by ceo o wo chien)
|
|t:|1781157708
|teamsize|p1|6
|teamsize|p2|6
|start
|switch|p1a: Samurott|Samurott-Hisui, M|100/100
|switch|p2a: Cresselia|Cresselia, F|100/100
|turn|1
|
|t:|1781157713
|move|p1a: Samurott|Ceaseless Edge|p2a: Cresselia
|-supereffective|p2a: Cresselia
|-damage|p2a: Cresselia|53/100
|-sidestart|p2: ceo o wo chien|Spikes
|-enditem|p2a: Cresselia|Eject Button
|
|t:|1781157722
|switch|p2a: Wo-Chien|Wo-Chien|100/100
|-damage|p2a: Wo-Chien|88/100|[from] Spikes
|-ability|p2a: Wo-Chien|Tablets of Ruin
|
|upkeep
|turn|2
|
|t:|1781157729
|move|p1a: Samurott|Ceaseless Edge|p2a: Wo-Chien
|-resisted|p2a: Wo-Chien
|-damage|p2a: Wo-Chien|70/100
|-sidestart|p2: ceo o wo chien|Spikes
|move|p2a: Wo-Chien|Growth|p2a: Wo-Chien
|-boost|p2a: Wo-Chien|atk|1
|-boost|p2a: Wo-Chien|spa|1
|
|upkeep
|turn|3
|
|t:|1781157733
|move|p1a: Samurott|Ceaseless Edge|p2a: Wo-Chien|[miss]
|-miss|p1a: Samurott|p2a: Wo-Chien
|move|p2a: Wo-Chien|Trailblaze|p1a: Samurott
|-supereffective|p1a: Samurott
|-damage|p1a: Samurott|13/100
|-boost|p2a: Wo-Chien|spe|1
|-damage|p2a: Wo-Chien|60/100|[from] item: Life Orb
|
|upkeep
|turn|4
|
|t:|1781157741
|move|p2a: Wo-Chien|Trailblaze|p1a: Samurott
|-supereffective|p1a: Samurott
|-crit|p1a: Samurott
|-damage|p1a: Samurott|0 fnt
|-boost|p2a: Wo-Chien|spe|1
|faint|p1a: Samurott
|-damage|p2a: Wo-Chien|50/100|[from] item: Life Orb
|
|upkeep
|
|t:|1781157745
|switch|p1a: Blaziken|Blaziken, M|100/100
|turn|5
|
|t:|1781157748
|move|p1a: Blaziken|Detect|p1a: Blaziken
|-singleturn|p1a: Blaziken|Protect
|move|p2a: Wo-Chien|Knock Off|p1a: Blaziken
|-activate|p1a: Blaziken|move: Protect
|
|-ability|p1a: Blaziken|Speed Boost|boost
|-boost|p1a: Blaziken|spe|1
|upkeep
|turn|6
|
|t:|1781157754
|switch|p2a: Cresselia|Cresselia, F|53/100
|move|p1a: Blaziken|Swords Dance|p1a: Blaziken
|-boost|p1a: Blaziken|atk|2
|
|-ability|p1a: Blaziken|Speed Boost|boost
|-boost|p1a: Blaziken|spe|1
|upkeep
|turn|7
|
|t:|1781157758
|move|p1a: Blaziken|Flare Blitz|p2a: Cresselia
|-damage|p2a: Cresselia|0 fnt
|faint|p2a: Cresselia
|-damage|p1a: Blaziken|75/100|[from] Recoil
|
|-heal|p1a: Blaziken|81/100|[from] item: Leftovers
|-ability|p1a: Blaziken|Speed Boost|boost
|-boost|p1a: Blaziken|spe|1
|upkeep
|
|t:|1781157763
|switch|p2a: Torkoal|Torkoal, M|100/100
|-damage|p2a: Torkoal|84/100|[from] Spikes
|-weather|SunnyDay|[from] ability: Drought|[of] p2a: Torkoal
|turn|8
|
|t:|1781157770
|switch|p2a: Wo-Chien|Wo-Chien|50/100
|-damage|p2a: Wo-Chien|34/100|[from] Spikes
|-ability|p2a: Wo-Chien|Tablets of Ruin
|-terastallize|p1a: Blaziken|Grass
|move|p1a: Blaziken|Swords Dance|p1a: Blaziken
|-boost|p1a: Blaziken|atk|2
|
|-weather|SunnyDay|[upkeep]
|-heal|p1a: Blaziken|87/100|[from] item: Leftovers
|-ability|p1a: Blaziken|Speed Boost|boost
|-boost|p1a: Blaziken|spe|1
|upkeep
|turn|9
|
|t:|1781157776
|move|p1a: Blaziken|Flare Blitz|p2a: Wo-Chien
|-supereffective|p2a: Wo-Chien
|-damage|p2a: Wo-Chien|0 fnt
|faint|p2a: Wo-Chien
|-damage|p1a: Blaziken|76/100|[from] Recoil
|
|-weather|SunnyDay|[upkeep]
|-heal|p1a: Blaziken|82/100|[from] item: Leftovers
|-ability|p1a: Blaziken|Speed Boost|boost
|-boost|p1a: Blaziken|spe|1
|upkeep
|-message|ceo o wo chien forfeited.
|
|win|KnightKnaveSpy
|raw|KnightKnaveSpy's rating: 1646 &rarr; <strong>1677</strong><br />(+31 for winning)
|raw|ceo o wo chien's rating: 1860 &rarr; <strong>1829</strong><br />(-31 for losing)
|l|☆ceo o wo chien
|player|p2|
|l|☆KnightKnaveSpy
|player|p1|
