|badge|p1|bronze|gen9ou|100-9
|uhtml|medal-msg|<div class="broadcast-blue">Curious what those medals under the avatar are? PS now has Ladder Seasons! For more information, check out the <a href="https://www.smogon.com/forums/threads/3740067/">thread on Smogon.</a></div>
|j|☆thelarpinglarper
|j|☆LowEL0God
|t:|1781588979
|gametype|singles
|player|p1|thelarpinglarper|sordward|1687
|player|p2|LowEL0God|265|1572
|gen|9
|tier|[Gen 9] OU
|rated|
|rule|HP Percentage Mod: HP is shown in percentages
|rule|Endless Battle Clause: Forcing endless battles is banned
|rule|Species Clause: Limit one of each Pokémon
|rule|OHKO Clause: OHKO moves are banned
|rule|Evasion Items Clause: Evasion items are banned
|rule|Evasion Moves Clause: Evasion moves are banned
|rule|Evasion Abilities Clause: Evasion abilities are banned
|rule|Sleep Moves Clause: Sleep-inducing moves are banned
|clearpoke
|poke|p1|Samurott-Hisui, M|
|poke|p1|Iron Treads|
|poke|p1|Iron Valiant|
|poke|p1|Rotom-Wash|
|poke|p1|Iron Moth|
|poke|p1|Pecharunt|
|poke|p2|Pelipper, M|
|poke|p2|Raging Bolt|
|poke|p2|Overqwil, F|
|poke|p2|Barraskewda, M|
|poke|p2|Iron Treads|
|poke|p2|Kingambit, M|
|teampreview
|inactive|Battle timer is ON: inactive players will automatically lose when time's up. (requested by thelarpinglarper)
|c|☆LowEL0God|hf
|inactive|LowEL0God also wants the timer to be on.
|c|☆thelarpinglarper|hf
|
|t:|1781588986
|teamsize|p1|6
|teamsize|p2|6
|start
|switch|p1a: Rotom|Rotom-Wash|100/100
|switch|p2a: Kingambit|Kingambit, M|100/100
|turn|1
|
|t:|1781588991
|move|p1a: Rotom|Volt Switch|p2a: Kingambit
|-crit|p2a: Kingambit
|-damage|p2a: Kingambit|63/100
|
|t:|1781588993
|switch|p1a: Samurott|Samurott-Hisui, M|100/100|[from] Volt Switch
|move|p2a: Kingambit|Swords Dance|p2a: Kingambit
|-boost|p2a: Kingambit|atk|2
|
|-heal|p2a: Kingambit|69/100|[from] item: Leftovers
|upkeep
|turn|2
|
|t:|1781588998
|-terastallize|p2a: Kingambit|Dark
|move|p1a: Samurott|Razor Shell|p2a: Kingambit
|-damage|p2a: Kingambit|12/100
|-unboost|p2a: Kingambit|def|1
|move|p2a: Kingambit|Kowtow Cleave|p1a: Samurott
|-resisted|p1a: Samurott
|-damage|p1a: Samurott|19/100
|
|-heal|p2a: Kingambit|18/100|[from] item: Leftovers
|upkeep
|turn|3
|
|t:|1781589003
|switch|p1a: Iron Valiant|Iron Valiant|100/100
|move|p2a: Kingambit|Sucker Punch||[still]
|-fail|p2a: Kingambit
|
|-heal|p2a: Kingambit|25/100|[from] item: Leftovers
|upkeep
|turn|4
|
|t:|1781589005
|move|p2a: Kingambit|Sucker Punch|p1a: Iron Valiant
|-resisted|p1a: Iron Valiant
|-damage|p1a: Iron Valiant|64/100
|move|p1a: Iron Valiant|Moonblast|p2a: Kingambit
|-supereffective|p2a: Kingambit
|-crit|p2a: Kingambit
|-damage|p2a: Kingambit|0 fnt
|faint|p2a: Kingambit
|-end|p2a: Kingambit|fallenundefined|[silent]
|-damage|p1a: Iron Valiant|54/100|[from] item: Life Orb
|
|upkeep
|
|t:|1781589007
|switch|p2a: Barraskewda|Barraskewda, M|100/100
|turn|5
|
|t:|1781589010
|-end|p1a: Iron Valiant|Quark Drive|[silent]
|switch|p1a: Rotom|Rotom-Wash|100/100
|move|p2a: Barraskewda|Liquidation|p1a: Rotom
|-resisted|p1a: Rotom
|-damage|p1a: Rotom|70/100
|
|upkeep
|turn|6
|
|t:|1781589014
|switch|p2a: Raging Bolt|Raging Bolt|100/100
|-enditem|p2a: Raging Bolt|Booster Energy
|-activate|p2a: Raging Bolt|ability: Protosynthesis|[fromitem]
|-start|p2a: Raging Bolt|protosynthesisspa
|move|p1a: Rotom|Hydro Pump|p2a: Raging Bolt
|-resisted|p2a: Raging Bolt
|-damage|p2a: Raging Bolt|82/100
|
|upkeep
|turn|7
|
|t:|1781589018
|switch|p1a: Iron Treads|Iron Treads|100/100
|move|p2a: Raging Bolt|Draco Meteor|p1a: Iron Treads|[miss]
|-miss|p2a: Raging Bolt|p1a: Iron Treads
|
|upkeep
|turn|8
|
|t:|1781589020
|-end|p2a: Raging Bolt|Protosynthesis|[silent]
|switch|p2a: Pelipper|Pelipper, M|100/100
|-weather|RainDance|[from] ability: Drizzle|[of] p2a: Pelipper
|move|p1a: Iron Treads|Stealth Rock|p2a: Pelipper
|-sidestart|p2: LowEL0God|move: Stealth Rock
|
|-weather|RainDance|[upkeep]
|upkeep
|turn|9
|
|t:|1781589027
|-end|p1a: Iron Treads|Quark Drive|[silent]
|switch|p1a: Rotom|Rotom-Wash|70/100
|move|p2a: Pelipper|Weather Ball|p1a: Rotom
|-resisted|p1a: Rotom
|-damage|p1a: Rotom|46/100
|
|-weather|RainDance|[upkeep]
|upkeep
|turn|10
|
|t:|1781589031
|switch|p2a: Raging Bolt|Raging Bolt|82/100
|-damage|p2a: Raging Bolt|69/100|[from] Stealth Rock
|move|p1a: Rotom|Pain Split|p2a: Raging Bolt
|-sethp|p2a: Raging Bolt|51/100|[from] move: Pain Split|[silent]
|-sethp|p1a: Rotom|71/100|[from] move: Pain Split
|
|-weather|RainDance|[upkeep]
|upkeep
|turn|11
|
|t:|1781589036
|move|p1a: Rotom|Volt Switch|p2a: Raging Bolt
|-resisted|p2a: Raging Bolt
|-damage|p2a: Raging Bolt|46/100
|
|t:|1781589053
|switch|p1a: Iron Treads|Iron Treads|100/100|[from] Volt Switch
|move|p2a: Raging Bolt|Thunder|p1a: Iron Treads
|-immune|p1a: Iron Treads
|
|-weather|RainDance|[upkeep]
|upkeep
|turn|12
|
|t:|1781589061
|-end|p2a: Raging Bolt|Protosynthesis|[silent]
|switch|p2a: Pelipper|Pelipper, M|100/100
|-damage|p2a: Pelipper|76/100|[from] Stealth Rock
|move|p1a: Iron Treads|Knock Off|p2a: Pelipper
|-damage|p2a: Pelipper|58/100
|-enditem|p2a: Pelipper|Damp Rock|[from] move: Knock Off|[of] p1a: Iron Treads
|
|-weather|RainDance|[upkeep]
|upkeep
|turn|13
|
|t:|1781589070
|-end|p1a: Iron Treads|Quark Drive|[silent]
|switch|p1a: Iron Moth|Iron Moth|100/100
|move|p2a: Pelipper|Weather Ball|p1a: Iron Moth
|-supereffective|p1a: Iron Moth
|-damage|p1a: Iron Moth|0 fnt
|faint|p1a: Iron Moth
|-end|p1a: Iron Moth|Quark Drive|[silent]
|
|-weather|RainDance|[upkeep]
|upkeep
|
|t:|1781589074
|switch|p1a: Samurott|Samurott-Hisui, M|19/100
|turn|14
|
|t:|1781589075
|move|p1a: Samurott|Ceaseless Edge|p2a: Pelipper
|-damage|p2a: Pelipper|10/100
|-sidestart|p2: LowEL0God|Spikes
|move|p2a: Pelipper|Weather Ball|p1a: Samurott
|-resisted|p1a: Samurott
|-damage|p1a: Samurott|0 fnt
|faint|p1a: Samurott
|
|-weather|RainDance|[upkeep]
|upkeep
|
|t:|1781589084
|switch|p1a: Rotom|Rotom-Wash|71/100
|turn|15
|
|t:|1781589086
|move|p1a: Rotom|Electric Terrain|p1a: Rotom
|-fieldstart|move: Electric Terrain
|move|p2a: Pelipper|Roost|p2a: Pelipper
|-heal|p2a: Pelipper|61/100
|-singleturn|p2a: Pelipper|move: Roost
|
|-weather|none
|upkeep
|turn|16
|
|t:|1781589088
|switch|p2a: Raging Bolt|Raging Bolt|46/100
|-damage|p2a: Raging Bolt|33/100|[from] Stealth Rock
|-damage|p2a: Raging Bolt|21/100|[from] Spikes
|move|p1a: Rotom|Hydro Pump|p2a: Raging Bolt
|-resisted|p2a: Raging Bolt
|-damage|p2a: Raging Bolt|3/100
|
|upkeep
|turn|17
|
|t:|1781589091
|move|p2a: Raging Bolt|Thunderclap|p1a: Rotom
|-damage|p1a: Rotom|9/100
|move|p1a: Rotom|Volt Switch|p2a: Raging Bolt
|-resisted|p2a: Raging Bolt
|-damage|p2a: Raging Bolt|0 fnt
|faint|p2a: Raging Bolt
|-end|p2a: Raging Bolt|Protosynthesis|[silent]
|
|t:|1781589099
|switch|p1a: Iron Valiant|Iron Valiant|54/100|[from] Volt Switch
|-activate|p1a: Iron Valiant|ability: Quark Drive
|-start|p1a: Iron Valiant|quarkdrivespe
|
|upkeep
|
|t:|1781589099
|switch|p2a: Iron Treads|Iron Treads|100/100
|-damage|p2a: Iron Treads|97/100|[from] Stealth Rock
|-damage|p2a: Iron Treads|85/100|[from] Spikes
|-activate|p2a: Iron Treads|ability: Quark Drive
|-start|p2a: Iron Treads|quarkdrivespe
|turn|18
|
|t:|1781589101
|-end|p2a: Iron Treads|Quark Drive|[silent]
|switch|p2a: Pelipper|Pelipper, M|61/100
|-damage|p2a: Pelipper|36/100|[from] Stealth Rock
|-weather|RainDance|[from] ability: Drizzle|[of] p2a: Pelipper
|move|p1a: Iron Valiant|Close Combat|p2a: Pelipper
|-resisted|p2a: Pelipper
|-damage|p2a: Pelipper|5/100
|-unboost|p1a: Iron Valiant|def|1
|-unboost|p1a: Iron Valiant|spd|1
|-damage|p1a: Iron Valiant|44/100|[from] item: Life Orb
|
|-weather|RainDance|[upkeep]
|upkeep
|turn|19
|
|t:|1781589107
|move|p1a: Iron Valiant|Knock Off|p2a: Pelipper
|-damage|p2a: Pelipper|0 fnt
|faint|p2a: Pelipper
|-damage|p1a: Iron Valiant|34/100|[from] item: Life Orb
|
|-weather|RainDance|[upkeep]
|upkeep
|
|t:|1781589108
|switch|p2a: Barraskewda|Barraskewda, M|100/100
|-damage|p2a: Barraskewda|88/100|[from] Stealth Rock
|-damage|p2a: Barraskewda|75/100|[from] Spikes
|turn|20
|
|t:|1781589111
|-end|p1a: Iron Valiant|Quark Drive|[silent]
|switch|p1a: Rotom|Rotom-Wash|9/100
|move|p2a: Barraskewda|Liquidation|p1a: Rotom
|-resisted|p1a: Rotom
|-damage|p1a: Rotom|0 fnt
|faint|p1a: Rotom
|
|-weather|RainDance|[upkeep]
|upkeep
|
|t:|1781589114
|switch|p1a: Pecharunt|Pecharunt|100/100
|turn|21
|
|t:|1781589118
|move|p2a: Barraskewda|Liquidation|p1a: Pecharunt
|-damage|p1a: Pecharunt|49/100
|move|p1a: Pecharunt|Foul Play|p2a: Barraskewda
|-damage|p2a: Barraskewda|5/100
|
|-weather|RainDance|[upkeep]
|upkeep
|turn|22
|
|t:|1781589136
|move|p2a: Barraskewda|Liquidation|p1a: Pecharunt
|-damage|p1a: Pecharunt|0 fnt
|faint|p1a: Pecharunt
|
|-weather|none
|-fieldend|move: Electric Terrain
|upkeep
|
|t:|1781589139
|switch|p1a: Iron Treads|Iron Treads|100/100
|turn|23
|
|t:|1781589140
|move|p2a: Barraskewda|Liquidation|p1a: Iron Treads
|-supereffective|p1a: Iron Treads
|-damage|p1a: Iron Treads|0 fnt
|faint|p1a: Iron Treads
|-end|p1a: Iron Treads|Quark Drive|[silent]
|
|upkeep
|
|t:|1781589143
|switch|p1a: Iron Valiant|Iron Valiant|34/100
|turn|24
|
|t:|1781589144
|move|p2a: Barraskewda|Liquidation|p1a: Iron Valiant
|-damage|p1a: Iron Valiant|0 fnt
|faint|p1a: Iron Valiant
|-end|p1a: Iron Valiant|Quark Drive|[silent]
|
|win|LowEL0God
|raw|thelarpinglarper's rating: 1687 &rarr; <strong>1661</strong><br />(-26 for losing)
|raw|LowEL0God's rating: 1572 &rarr; <strong>1598</strong><br />(+26 for winning)
|c|☆thelarpinglarper|gg
|l|☆thelarpinglarper
|player|p1|
|c|☆LowEL0God|gg
|l|☆LowEL0God
|player|p2|
