|j|☆icylikedecember
|j|☆Miurez
|t:|1780902883
|gametype|singles
|player|p1|icylikedecember|skierf|1760
|player|p2|Miurez|pokemonranger-gen4|1785
|gen|9
|tier|[Gen 9] OU
|rated|
|rule|HP Percentage Mod: HP is shown in percentages
|rule|Endless Battle Clause: Forcing endless battles is banned
|rule|Species Clause: Limit one of each Pokémon
|rule|OHKO Clause: OHKO moves are banned
|rule|Evasion Items Clause: Evasion items are banned
|rule|Evasion Moves Clause: Evasion moves are banned
|rule|Evasion Abilities Clause: Evasion abilities are banned
|rule|Sleep Moves Clause: Sleep-inducing moves are banned
|clearpoke
|poke|p1|Corviknight, M|
|poke|p1|Slowking-Galar, F|
|poke|p1|Darkrai|
|poke|p1|Kyurem|
|poke|p1|Zamazenta-*|
|poke|p1|Samurott-Hisui, F|
|poke|p2|Iron Moth|
|poke|p2|Gliscor, M|
|poke|p2|Hatterene, F|
|poke|p2|Ogerpon-Wellspring, F|
|poke|p2|Raging Bolt|
|poke|p2|Zamazenta-*|
|teampreview
|inactive|Battle timer is ON: inactive players will automatically lose when time's up. (requested by icylikedecember)
|
|t:|1780902903
|teamsize|p1|6
|teamsize|p2|6
|start
|switch|p1a: Kyurem|Kyurem|100/100
|switch|p2a: Zamazenta|Zamazenta|100/100
|-ability|p2a: Zamazenta|Dauntless Shield|boost
|-boost|p2a: Zamazenta|def|1
|-ability|p1a: Kyurem|Pressure
|turn|1
|
|t:|1780902918
|switch|p1a: Corviknight|Corviknight, M, shiny|100/100
|-ability|p1a: Corviknight|Pressure
|move|p2a: Zamazenta|Close Combat|p1a: Corviknight
|-damage|p1a: Corviknight|73/100
|-unboost|p2a: Zamazenta|def|1
|-unboost|p2a: Zamazenta|spd|1
|-damage|p2a: Zamazenta|84/100|[from] item: Rocky Helmet|[of] p1a: Corviknight
|
|upkeep
|turn|2
|
|t:|1780902930
|move|p2a: Zamazenta|Light Screen|p2a: Zamazenta
|-sidestart|p2: Miurez|move: Light Screen
|move|p1a: Corviknight|U-turn|p2a: Zamazenta
|-resisted|p2a: Zamazenta
|-damage|p2a: Zamazenta|78/100
|j| Hakone Outbound
|
|t:|1780902933
|switch|p1a: Slowking|Slowking-Galar, F, shiny|100/100|[from] U-turn
|
|upkeep
|turn|3
|
|t:|1780902958
|switch|p1a: Corviknight|Corviknight, M, shiny|73/100
|-ability|p1a: Corviknight|Pressure
|move|p2a: Zamazenta|Reflect|p2a: Zamazenta
|-sidestart|p2: Miurez|Reflect
|
|upkeep
|turn|4
|
|t:|1780902968
|switch|p2a: Gliscor|Gliscor, M|100/100
|move|p1a: Corviknight|Defog|p2a: Gliscor
|-unboost|p2a: Gliscor|evasion|1
|-sideend|p2: Miurez|Reflect
|-sideend|p2: Miurez|move: Light Screen
|
|-status|p2a: Gliscor|tox|[from] item: Toxic Orb
|upkeep
|turn|5
|
|t:|1780902985
|switch|p2a: Iron Moth|Iron Moth|100/100
|-enditem|p2a: Iron Moth|Booster Energy
|-activate|p2a: Iron Moth|ability: Quark Drive|[fromitem]
|-start|p2a: Iron Moth|quarkdrivespe
|move|p1a: Corviknight|U-turn|p2a: Iron Moth
|-resisted|p2a: Iron Moth
|-damage|p2a: Iron Moth|95/100
|
|t:|1780902989
|switch|p1a: Slowking|Slowking-Galar, F, shiny|100/100|[from] U-turn
|
|upkeep
|turn|6
|
|t:|1780902995
|move|p2a: Iron Moth|Fiery Dance|p1a: Slowking
|-damage|p1a: Slowking|80/100
|move|p1a: Slowking|Psyshock|p2a: Iron Moth
|-supereffective|p2a: Iron Moth
|-damage|p2a: Iron Moth|0 fnt
|faint|p2a: Iron Moth
|-end|p2a: Iron Moth|Quark Drive|[silent]
|
|upkeep
|inactive|Miurez has 120 seconds left.
|
|t:|1780903017
|switch|p2a: Gliscor|Gliscor, M|100/100 tox
|turn|7
|
|t:|1780903023
|move|p2a: Gliscor|Swords Dance|p2a: Gliscor
|-boost|p2a: Gliscor|atk|2
|move|p1a: Slowking|Ice Beam|p2a: Gliscor
|-supereffective|p2a: Gliscor
|-damage|p2a: Gliscor|0 fnt
|faint|p2a: Gliscor
|
|upkeep
|inactive|Miurez has 120 seconds left.
|
|t:|1780903042
|switch|p2a: Zamazenta|Zamazenta|78/100
|turn|8
|inactive|Miurez has 120 seconds left.
|
|t:|1780903049
|switch|p1a: Corviknight|Corviknight, M, shiny|73/100
|-ability|p1a: Corviknight|Pressure
|move|p2a: Zamazenta|Light Screen|p2a: Zamazenta
|-sidestart|p2: Miurez|move: Light Screen
|
|upkeep
|turn|9
|
|t:|1780903051
|move|p2a: Zamazenta|Close Combat|p1a: Corviknight
|-damage|p1a: Corviknight|45/100
|-unboost|p2a: Zamazenta|def|1
|-unboost|p2a: Zamazenta|spd|1
|-damage|p2a: Zamazenta|61/100|[from] item: Rocky Helmet|[of] p1a: Corviknight
|move|p1a: Corviknight|Defog|p2a: Zamazenta
|-unboost|p2a: Zamazenta|evasion|1
|-sideend|p2: Miurez|move: Light Screen
|
|upkeep
|turn|10
|
|t:|1780903055
|move|p2a: Zamazenta|Close Combat|p1a: Corviknight
|-damage|p1a: Corviknight|18/100
|-unboost|p2a: Zamazenta|def|1
|-unboost|p2a: Zamazenta|spd|1
|-damage|p2a: Zamazenta|45/100|[from] item: Rocky Helmet|[of] p1a: Corviknight
|move|p1a: Corviknight|Roost|p1a: Corviknight
|-heal|p1a: Corviknight|68/100
|-singleturn|p1a: Corviknight|move: Roost
|
|upkeep
|turn|11
|
|t:|1780903063
|move|p2a: Zamazenta|Close Combat|p1a: Corviknight
|-damage|p1a: Corviknight|40/100
|-unboost|p2a: Zamazenta|def|1
|-unboost|p2a: Zamazenta|spd|1
|-damage|p2a: Zamazenta|28/100|[from] item: Rocky Helmet|[of] p1a: Corviknight
|move|p1a: Corviknight|Roost|p1a: Corviknight
|-heal|p1a: Corviknight|90/100
|-singleturn|p1a: Corviknight|move: Roost
|
|upkeep
|turn|12
|
|t:|1780903075
|move|p2a: Zamazenta|Light Screen|p2a: Zamazenta
|-sidestart|p2: Miurez|move: Light Screen
|move|p1a: Corviknight|Brave Bird|p2a: Zamazenta
|-supereffective|p2a: Zamazenta
|-damage|p2a: Zamazenta|0 fnt
|faint|p2a: Zamazenta
|-damage|p1a: Corviknight|81/100|[from] Recoil
|
|upkeep
|
|t:|1780903100
|switch|p2a: Hatterene|Hatterene, F|100/100
|turn|13
|
|t:|1780903103
|move|p1a: Corviknight|Defog|p2a: Hatterene
|move|p2a: Hatterene|Defog|p1a: Corviknight|[from] ability: Magic Bounce
|-unboost|p1a: Corviknight|evasion|1
|move|p2a: Hatterene|Calm Mind|p2a: Hatterene
|-boost|p2a: Hatterene|spa|1
|-boost|p2a: Hatterene|spd|1
|
|upkeep
|turn|14
|
|t:|1780903114
|switch|p1a: Slowking|Slowking-Galar, F, shiny|100/100
|move|p2a: Hatterene|Calm Mind|p2a: Hatterene
|-boost|p2a: Hatterene|spa|1
|-boost|p2a: Hatterene|spd|1
|
|upkeep
|turn|15
|j| argetlam3
|
|t:|1780903121
|move|p1a: Slowking|Sludge Bomb|p2a: Hatterene
|-supereffective|p2a: Hatterene
|-damage|p2a: Hatterene|77/100
|move|p2a: Hatterene|Calm Mind|p2a: Hatterene
|-boost|p2a: Hatterene|spa|1
|-boost|p2a: Hatterene|spd|1
|
|-heal|p2a: Hatterene|83/100|[from] item: Leftovers
|upkeep
|turn|16
|
|t:|1780903130
|move|p1a: Slowking|Sludge Bomb|p2a: Hatterene
|-supereffective|p2a: Hatterene
|-damage|p2a: Hatterene|66/100
|-status|p2a: Hatterene|psn
|move|p2a: Hatterene|Calm Mind|p2a: Hatterene
|-boost|p2a: Hatterene|spa|1
|-boost|p2a: Hatterene|spd|1
|
|-heal|p2a: Hatterene|72/100 psn|[from] item: Leftovers
|-damage|p2a: Hatterene|60/100 psn|[from] psn
|upkeep
|turn|17
|
|t:|1780903136
|move|p1a: Slowking|Psyshock|p2a: Hatterene
|-resisted|p2a: Hatterene
|-damage|p2a: Hatterene|53/100 psn
|move|p2a: Hatterene|Stored Power|p1a: Slowking
|-damage|p1a: Slowking|0 fnt
|faint|p1a: Slowking
|
|-heal|p2a: Hatterene|59/100 psn|[from] item: Leftovers
|-damage|p2a: Hatterene|46/100 psn|[from] psn
|upkeep
|
|t:|1780903151
|switch|p1a: Corviknight|Corviknight, M, shiny|81/100
|-ability|p1a: Corviknight|Pressure
|turn|18
|l| argetlam3
|
|t:|1780903156
|move|p1a: Corviknight|Brave Bird|p2a: Hatterene
|-damage|p2a: Hatterene|14/100 psn
|-damage|p1a: Corviknight|73/100|[from] Recoil
|move|p2a: Hatterene|Draining Kiss|p1a: Corviknight
|-resisted|p1a: Corviknight
|-damage|p1a: Corviknight|40/100
|-heal|p2a: Hatterene|45/100 psn|[from] drain|[of] p1a: Corviknight
|-damage|p2a: Hatterene|29/100 psn|[from] item: Rocky Helmet|[of] p1a: Corviknight
|
|-heal|p2a: Hatterene|35/100 psn|[from] item: Leftovers
|-damage|p2a: Hatterene|22/100 psn|[from] psn
|upkeep
|turn|19
|
|t:|1780903170
|move|p1a: Corviknight|Brave Bird|p2a: Hatterene
|-crit|p2a: Hatterene
|-damage|p2a: Hatterene|0 fnt
|faint|p2a: Hatterene
|-damage|p1a: Corviknight|35/100|[from] Recoil
|
|-sideend|p2: Miurez|move: Light Screen
|upkeep
|
|t:|1780903172
|switch|p2a: Raging Bolt|Raging Bolt|100/100
|-enditem|p2a: Raging Bolt|Booster Energy
|-activate|p2a: Raging Bolt|ability: Protosynthesis|[fromitem]
|-start|p2a: Raging Bolt|protosynthesisspa
|turn|20
|
|t:|1780903177
|move|p2a: Raging Bolt|Calm Mind|p2a: Raging Bolt
|-boost|p2a: Raging Bolt|spa|1
|-boost|p2a: Raging Bolt|spd|1
|move|p1a: Corviknight|Brave Bird|p2a: Raging Bolt
|-resisted|p2a: Raging Bolt
|-damage|p2a: Raging Bolt|84/100
|-damage|p1a: Corviknight|29/100|[from] Recoil
|
|upkeep
|turn|21
|
|t:|1780903185
|move|p2a: Raging Bolt|Calm Mind|p2a: Raging Bolt
|-boost|p2a: Raging Bolt|spa|1
|-boost|p2a: Raging Bolt|spd|1
|move|p1a: Corviknight|Brave Bird|p2a: Raging Bolt
|-resisted|p2a: Raging Bolt
|-damage|p2a: Raging Bolt|67/100
|-damage|p1a: Corviknight|24/100|[from] Recoil
|
|upkeep
|turn|22
|
|t:|1780903193
|move|p2a: Raging Bolt|Thunderbolt|p1a: Corviknight
|-supereffective|p1a: Corviknight
|-damage|p1a: Corviknight|0 fnt
|faint|p1a: Corviknight
|
|upkeep
|
|t:|1780903216
|switch|p1a: Kyurem|Kyurem|100/100
|-ability|p1a: Kyurem|Pressure
|turn|23
|
|t:|1780903223
|-terastallize|p1a: Kyurem|Ground
|move|p1a: Kyurem|Ice Beam|p2a: Raging Bolt
|-supereffective|p2a: Raging Bolt
|-damage|p2a: Raging Bolt|0 fnt
|faint|p2a: Raging Bolt
|-end|p2a: Raging Bolt|Protosynthesis|[silent]
|
|upkeep
|
|t:|1780903228
|switch|p2a: Ogerpon|Ogerpon-Wellspring, F|100/100
|turn|24
|
|t:|1780903242
|-terastallize|p2a: Ogerpon|Water
|detailschange|p2a: Ogerpon|Ogerpon-Wellspring-Tera, F, tera:Water
|-ability|p2a: Ogerpon|Embody Aspect (Wellspring)|boost
|-boost|p2a: Ogerpon|spd|1
|move|p2a: Ogerpon|Swords Dance|p2a: Ogerpon
|-boost|p2a: Ogerpon|atk|2
|move|p1a: Kyurem|Ice Beam|p2a: Ogerpon
|-resisted|p2a: Ogerpon
|-damage|p2a: Ogerpon|71/100
|
|upkeep
|turn|25
|
|t:|1780903246
|move|p2a: Ogerpon|Trailblaze|p1a: Kyurem
|-supereffective|p1a: Kyurem
|-damage|p1a: Kyurem|0 fnt
|-boost|p2a: Ogerpon|spe|1
|faint|p1a: Kyurem
|
|upkeep
|
|t:|1780903249
|switch|p1a: Zamazenta|Zamazenta|100/100
|-ability|p1a: Zamazenta|Dauntless Shield|boost
|-boost|p1a: Zamazenta|def|1
|turn|26
|
|t:|1780903253
|move|p2a: Ogerpon|Ivy Cudgel|p1a: Zamazenta|[anim] Ivy Cudgel Water
|-crit|p1a: Zamazenta
|-damage|p1a: Zamazenta|0 fnt
|faint|p1a: Zamazenta
|
|upkeep
|c|☆icylikedecember|lool
|
|t:|1780903266
|switch|p1a: Samurott|Samurott-Hisui, F|100/100
|turn|27
|j| oatmealrazen
|
|t:|1780903294
|move|p2a: Ogerpon|Trailblaze|p1a: Samurott
|-supereffective|p1a: Samurott
|-damage|p1a: Samurott|0 fnt
|-boost|p2a: Ogerpon|spe|1
|faint|p1a: Samurott
|
|upkeep
|
|t:|1780903297
|switch|p1a: Darkrai|Darkrai|100/100
|turn|28
|
|t:|1780903300
|move|p2a: Ogerpon|Ivy Cudgel|p1a: Darkrai|[anim] Ivy Cudgel Water
|-damage|p1a: Darkrai|0 fnt
|faint|p1a: Darkrai
|
|win|Miurez
|raw|icylikedecember's rating: 1760 &rarr; <strong>1741</strong><br />(-19 for losing)
|raw|Miurez's rating: 1785 &rarr; <strong>1804</strong><br />(+19 for winning)
|l|☆icylikedecember
|player|p1|
|l| oatmealrazen
|l|☆Miurez
|player|p2|
