|j|☆oathusishere
|j|☆Rum daddy jr
|t:|1781544069
|gametype|singles
|player|p1|oathusishere|artistf-gen6|1706
|player|p2|Rum daddy jr|265|1634
|gen|9
|tier|[Gen 9] OU
|rated|
|rule|HP Percentage Mod: HP is shown in percentages
|rule|Endless Battle Clause: Forcing endless battles is banned
|rule|Species Clause: Limit one of each Pokémon
|rule|OHKO Clause: OHKO moves are banned
|rule|Evasion Items Clause: Evasion items are banned
|rule|Evasion Moves Clause: Evasion moves are banned
|rule|Evasion Abilities Clause: Evasion abilities are banned
|rule|Sleep Moves Clause: Sleep-inducing moves are banned
|clearpoke
|poke|p1|Gholdengo|
|poke|p1|Garganacl, M|
|poke|p1|Volcanion|
|poke|p1|Great Tusk|
|poke|p1|Zapdos|
|poke|p1|Weavile, M|
|poke|p2|Darkrai|
|poke|p2|Blissey, F|
|poke|p2|Gliscor, M|
|poke|p2|Cinderace, M|
|poke|p2|Cresselia, F|
|poke|p2|Dondozo, M|
|teampreview
|inactive|Battle timer is ON: inactive players will automatically lose when time's up. (requested by oathusishere)
|inactive|oathusishere has 120 seconds left.
|
|t:|1781544103
|teamsize|p1|6
|teamsize|p2|6
|start
|switch|p1a: Weavile|Weavile, M|100/100
|switch|p2a: Darkrai|Darkrai|100/100
|-ability|p1a: Weavile|Pressure
|turn|1
|
|t:|1781544112
|move|p2a: Darkrai|Trick|p1a: Weavile
|-activate|p2a: Darkrai|move: Trick|[of] p1a: Weavile
|-item|p1a: Weavile|Choice Scarf|[from] move: Trick
|-item|p2a: Darkrai|Choice Band|[from] move: Trick
|move|p1a: Weavile|Triple Axel|p2a: Darkrai
|-damage|p2a: Darkrai|86/100
|-damage|p2a: Darkrai|59/100
|-damage|p2a: Darkrai|17/100
|-hitcount|p2a: Darkrai|3
|
|upkeep
|turn|2
|
|t:|1781544125
|switch|p2a: Dondozo|Dondozo, M|100/100
|move|p1a: Weavile|Triple Axel|p2a: Dondozo|[miss]
|-miss|p1a: Weavile|p2a: Dondozo
|
|upkeep
|turn|3
|
|t:|1781544131
|switch|p1a: Volcanion|Volcanion|100/100
|switch|p2a: Darkrai|Darkrai|17/100
|
|upkeep
|turn|4
|
|t:|1781544140
|switch|p1a: Weavile|Weavile, M|100/100
|-ability|p1a: Weavile|Pressure
|move|p2a: Darkrai|Knock Off|p1a: Weavile
|-resisted|p1a: Weavile
|-damage|p1a: Weavile|59/100
|-enditem|p1a: Weavile|Choice Scarf|[from] move: Knock Off|[of] p2a: Darkrai
|
|upkeep
|turn|5
|
|t:|1781544145
|switch|p2a: Dondozo|Dondozo, M|100/100
|move|p1a: Weavile|Knock Off|p2a: Dondozo
|-damage|p2a: Dondozo|73/100
|-enditem|p2a: Dondozo|Heavy-Duty Boots|[from] move: Knock Off|[of] p1a: Weavile
|
|upkeep
|turn|6
|
|t:|1781544157
|switch|p1a: Volcanion|Volcanion|100/100
|switch|p2a: Darkrai|Darkrai|17/100
|
|upkeep
|turn|7
|
|t:|1781544162
|move|p2a: Darkrai|Knock Off|p1a: Volcanion
|-damage|p1a: Volcanion|60/100
|-enditem|p1a: Volcanion|Heavy-Duty Boots|[from] move: Knock Off|[of] p2a: Darkrai
|move|p1a: Volcanion|Flamethrower|p2a: Darkrai
|-damage|p2a: Darkrai|0 fnt
|faint|p2a: Darkrai
|
|upkeep
|
|t:|1781544168
|switch|p2a: Blissey|Blissey, F|100/100
|turn|8
|
|t:|1781544177
|switch|p1a: Garganacl|Garganacl, M|100/100
|move|p2a: Blissey|Stealth Rock|p1a: Garganacl
|-sidestart|p1: oathusishere|move: Stealth Rock
|
|upkeep
|turn|9
|
|t:|1781544180
|switch|p2a: Gliscor|Gliscor, M|100/100
|move|p1a: Garganacl|Stealth Rock|p2a: Gliscor
|-sidestart|p2: Rum daddy jr|move: Stealth Rock
|
|-status|p2a: Gliscor|tox|[from] item: Toxic Orb
|upkeep
|turn|10
|
|t:|1781544187
|switch|p1a: Great Tusk|Great Tusk|100/100
|move|p2a: Gliscor|Swords Dance|p2a: Gliscor
|-boost|p2a: Gliscor|atk|2
|
|upkeep
|turn|11
|
|t:|1781544196
|-terastallize|p2a: Gliscor|Ground
|move|p2a: Gliscor|Facade|p1a: Great Tusk
|-damage|p1a: Great Tusk|40/100
|move|p1a: Great Tusk|Rapid Spin|p2a: Gliscor
|-damage|p2a: Gliscor|84/100 tox
|-boost|p1a: Great Tusk|spe|1
|-sideend|p1: oathusishere|Stealth Rock|[from] move: Rapid Spin|[of] p1a: Great Tusk
|
|-heal|p2a: Gliscor|96/100 tox|[from] ability: Poison Heal
|upkeep
|turn|12
|inactive|oathusishere has 120 seconds left.
|
|t:|1781544237
|move|p1a: Great Tusk|Ice Spinner|p2a: Gliscor
|-supereffective|p2a: Gliscor
|-damage|p2a: Gliscor|40/100 tox
|move|p2a: Gliscor|Facade|p1a: Great Tusk
|-damage|p1a: Great Tusk|0 fnt
|faint|p1a: Great Tusk
|-end|p1a: Great Tusk|Protosynthesis|[silent]
|
|-heal|p2a: Gliscor|52/100 tox|[from] ability: Poison Heal
|upkeep
|
|t:|1781544240
|switch|p1a: Weavile|Weavile, M|59/100
|-ability|p1a: Weavile|Pressure
|turn|13
|
|t:|1781544244
|move|p2a: Gliscor|Protect|p2a: Gliscor
|-singleturn|p2a: Gliscor|Protect
|move|p1a: Weavile|Triple Axel|p2a: Gliscor
|-activate|p2a: Gliscor|move: Protect
|
|-heal|p2a: Gliscor|64/100 tox|[from] ability: Poison Heal
|upkeep
|turn|14
|
|t:|1781544255
|switch|p1a: Zapdos|Zapdos|100/100
|switch|p2a: Dondozo|Dondozo, M|73/100
|-damage|p2a: Dondozo|61/100|[from] Stealth Rock
|
|upkeep
|turn|15
|
|t:|1781544260
|switch|p2a: Blissey|Blissey, F|100/100
|move|p1a: Zapdos|Hurricane|p2a: Blissey|[miss]
|-miss|p1a: Zapdos|p2a: Blissey
|
|upkeep
|turn|16
|
|t:|1781544268
|switch|p1a: Gholdengo|Gholdengo|100/100
|move|p2a: Blissey|Thunder Wave|p1a: Gholdengo
|-immune|p1a: Gholdengo|[from] ability: Good as Gold
|
|upkeep
|turn|17
|
|t:|1781544272
|switch|p2a: Cinderace|Cinderace, M|100/100
|move|p1a: Gholdengo|Trick|p2a: Cinderace
|-activate|p1a: Gholdengo|move: Trick|[of] p2a: Cinderace
|-item|p2a: Cinderace|Choice Scarf|[from] move: Trick
|-item|p1a: Gholdengo|Heavy-Duty Boots|[from] move: Trick
|
|upkeep
|turn|18
|
|t:|1781544276
|switch|p1a: Volcanion|Volcanion|60/100
|move|p2a: Cinderace|Court Change|p2a: Cinderace
|-swapsideconditions
|-activate|p2a: Cinderace|move: Court Change
|
|upkeep
|turn|19
|
|t:|1781544284
|switch|p2a: Blissey|Blissey, F|100/100
|switch|p1a: Garganacl|Garganacl, M|100/100
|-damage|p1a: Garganacl|88/100|[from] Stealth Rock
|
|-heal|p1a: Garganacl|94/100|[from] item: Leftovers
|upkeep
|turn|20
|
|t:|1781544288
|switch|p2a: Cresselia|Cresselia, F|100/100
|move|p1a: Garganacl|Stealth Rock|p2a: Cresselia
|-sidestart|p2: Rum daddy jr|move: Stealth Rock
|
|-heal|p1a: Garganacl|100/100|[from] item: Leftovers
|upkeep
|turn|21
|
|t:|1781544293
|move|p2a: Cresselia|Calm Mind|p2a: Cresselia
|-boost|p2a: Cresselia|spa|1
|-boost|p2a: Cresselia|spd|1
|move|p1a: Garganacl|Salt Cure|p2a: Cresselia
|-damage|p2a: Cresselia|92/100
|
|upkeep
|turn|22
|
|t:|1781544298
|switch|p1a: Gholdengo|Gholdengo|100/100
|move|p2a: Cresselia|Moonblast|p1a: Gholdengo
|-resisted|p1a: Gholdengo
|-damage|p1a: Gholdengo|86/100
|
|upkeep
|turn|23
|
|t:|1781544302
|move|p1a: Gholdengo|Trick|p2a: Cresselia
|-activate|p1a: Gholdengo|move: Trick|[of] p2a: Cresselia
|-item|p2a: Cresselia|Heavy-Duty Boots|[from] move: Trick
|-item|p1a: Gholdengo|Covert Cloak|[from] move: Trick
|move|p2a: Cresselia|Moonblast|p1a: Gholdengo
|-resisted|p1a: Gholdengo
|-damage|p1a: Gholdengo|72/100
|
|upkeep
|turn|24
|
|t:|1781544322
|switch|p1a: Garganacl|Garganacl, M|100/100
|-damage|p1a: Garganacl|88/100|[from] Stealth Rock
|move|p2a: Cresselia|Calm Mind|p2a: Cresselia
|-boost|p2a: Cresselia|spa|1
|-boost|p2a: Cresselia|spd|1
|
|-heal|p1a: Garganacl|94/100|[from] item: Leftovers
|upkeep
|turn|25
|
|t:|1781544331
|move|p2a: Cresselia|Calm Mind|p2a: Cresselia
|-boost|p2a: Cresselia|spa|1
|-boost|p2a: Cresselia|spd|1
|move|p1a: Garganacl|Salt Cure|p2a: Cresselia
|-damage|p2a: Cresselia|84/100
|-start|p2a: Cresselia|Salt Cure
|
|-heal|p1a: Garganacl|100/100|[from] item: Leftovers
|-damage|p2a: Cresselia|71/100|[from] Salt Cure
|upkeep
|turn|26
|
|t:|1781544334
|switch|p1a: Weavile|Weavile, M|59/100
|-damage|p1a: Weavile|34/100|[from] Stealth Rock
|-ability|p1a: Weavile|Pressure
|move|p2a: Cresselia|Stored Power|p1a: Weavile
|-immune|p1a: Weavile
|
|-damage|p2a: Cresselia|59/100|[from] Salt Cure
|upkeep
|turn|27
|
|t:|1781544341
|move|p1a: Weavile|Knock Off|p2a: Cresselia
|-supereffective|p2a: Cresselia
|-damage|p2a: Cresselia|5/100
|-enditem|p2a: Cresselia|Heavy-Duty Boots|[from] move: Knock Off|[of] p1a: Weavile
|move|p2a: Cresselia|Moonblast|p1a: Weavile
|-supereffective|p1a: Weavile
|-damage|p1a: Weavile|0 fnt
|faint|p1a: Weavile
|
|-damage|p2a: Cresselia|0 fnt|[from] Salt Cure
|faint|p2a: Cresselia
|upkeep
|
|t:|1781544353
|switch|p1a: Zapdos|Zapdos|100/100
|switch|p2a: Gliscor|Gliscor, M, tera:Ground|64/100 tox
|-damage|p2a: Gliscor|58/100 tox|[from] Stealth Rock
|turn|28
|
|t:|1781544355
|move|p2a: Gliscor|Protect|p2a: Gliscor
|-singleturn|p2a: Gliscor|Protect
|move|p1a: Zapdos|Hurricane|p2a: Gliscor
|-activate|p2a: Gliscor|move: Protect
|
|-heal|p2a: Gliscor|70/100 tox|[from] ability: Poison Heal
|upkeep
|turn|29
|
|t:|1781544362
|move|p2a: Gliscor|Knock Off|p1a: Zapdos
|-damage|p1a: Zapdos|80/100
|-enditem|p1a: Zapdos|Heavy-Duty Boots|[from] move: Knock Off|[of] p2a: Gliscor
|move|p1a: Zapdos|Hurricane|p2a: Gliscor|[miss]
|-miss|p1a: Zapdos|p2a: Gliscor
|
|-heal|p2a: Gliscor|83/100 tox|[from] ability: Poison Heal
|upkeep
|turn|30
|
|t:|1781544368
|move|p2a: Gliscor|Swords Dance|p2a: Gliscor
|-boost|p2a: Gliscor|atk|2
|move|p1a: Zapdos|Hurricane|p2a: Gliscor|[miss]
|-miss|p1a: Zapdos|p2a: Gliscor
|
|-heal|p2a: Gliscor|95/100 tox|[from] ability: Poison Heal
|upkeep
|turn|31
|
|t:|1781544371
|move|p2a: Gliscor|Facade|p1a: Zapdos
|-damage|p1a: Zapdos|20/100
|move|p1a: Zapdos|Hurricane|p2a: Gliscor
|-damage|p2a: Gliscor|21/100 tox
|-start|p2a: Gliscor|confusion
|
|-heal|p2a: Gliscor|33/100 tox|[from] ability: Poison Heal
|upkeep
|turn|32
|
|t:|1781544392
|-activate|p2a: Gliscor|confusion
|move|p2a: Gliscor|Facade|p1a: Zapdos
|-crit|p1a: Zapdos
|-damage|p1a: Zapdos|0 fnt
|faint|p1a: Zapdos
|
|-heal|p2a: Gliscor|46/100 tox|[from] ability: Poison Heal
|upkeep
|-message|oathusishere forfeited.
|
|win|Rum daddy jr
|raw|oathusishere's rating: 1706 &rarr; <strong>1682</strong><br />(-24 for losing)
|raw|Rum daddy jr's rating: 1634 &rarr; <strong>1658</strong><br />(+24 for winning)
|l|☆Rum daddy jr
|player|p2|
