|j|☆Hot Chipper
|j|☆team10thPlanett
|t:|1781390120
|gametype|singles
|player|p1|Hot Chipper|102|1590
|player|p2|team10thPlanett|veteran|1600
|gen|9
|tier|[Gen 9] OU
|rated|
|rule|HP Percentage Mod: HP is shown in percentages
|rule|Endless Battle Clause: Forcing endless battles is banned
|rule|Species Clause: Limit one of each Pokémon
|rule|OHKO Clause: OHKO moves are banned
|rule|Evasion Items Clause: Evasion items are banned
|rule|Evasion Moves Clause: Evasion moves are banned
|rule|Evasion Abilities Clause: Evasion abilities are banned
|rule|Sleep Moves Clause: Sleep-inducing moves are banned
|clearpoke
|poke|p1|Arcanine-Hisui, F|
|poke|p1|Rotom-Wash|
|poke|p1|Hatterene, F|
|poke|p1|Landorus-Therian, M|
|poke|p1|Pecharunt|
|poke|p1|Iron Treads|
|poke|p2|Zamazenta-*|
|poke|p2|Dragonite, M|
|poke|p2|Araquanid, M|
|poke|p2|Iron Treads|
|poke|p2|Hoopa-Unbound|
|poke|p2|Gholdengo|
|teampreview
|inactive|Battle timer is ON: inactive players will automatically lose when time's up. (requested by Hot Chipper)
|
|t:|1781390136
|teamsize|p1|6
|teamsize|p2|6
|start
|switch|p1a: Landorus|Landorus-Therian, M|100/100
|switch|p2a: Hoopa|Hoopa-Unbound|100/100
|-ability|p1a: Landorus|Intimidate|boost
|-unboost|p2a: Hoopa|atk|1
|turn|1
|
|t:|1781390147
|switch|p2a: Johnny Tsunami 🌊|Araquanid, M|100/100
|move|p1a: Landorus|U-turn|p2a: Johnny Tsunami 🌊
|-damage|p2a: Johnny Tsunami 🌊|70/100
|
|t:|1781390150
|switch|p1a: Arcanine|Arcanine-Hisui, F|100/100|[from] U-turn
|
|upkeep
|turn|2
|
|t:|1781390157
|move|p2a: Johnny Tsunami 🌊|Endure|p2a: Johnny Tsunami 🌊
|-singleturn|p2a: Johnny Tsunami 🌊|move: Endure
|move|p1a: Arcanine|Head Smash|p2a: Johnny Tsunami 🌊|[miss]
|-miss|p1a: Arcanine|p2a: Johnny Tsunami 🌊
|
|upkeep
|turn|3
|
|t:|1781390167
|switch|p2a: Iron Treads|Iron Treads|100/100
|-enditem|p2a: Iron Treads|Booster Energy
|-activate|p2a: Iron Treads|ability: Quark Drive|[fromitem]
|-start|p2a: Iron Treads|quarkdrivespe
|move|p1a: Arcanine|Head Smash|p2a: Iron Treads
|-resisted|p2a: Iron Treads
|-damage|p2a: Iron Treads|74/100
|
|upkeep
|turn|4
|
|t:|1781390176
|switch|p1a: Hatterene|Hatterene, F|100/100
|move|p2a: Iron Treads|Earthquake|p1a: Hatterene
|-damage|p1a: Hatterene|58/100
|
|upkeep
|turn|5
|
|t:|1781390185
|switch|p1a: Landorus|Landorus-Therian, M|100/100
|-ability|p1a: Landorus|Intimidate|boost
|-unboost|p2a: Iron Treads|atk|1
|move|p2a: Iron Treads|Earthquake|p1a: Landorus
|-immune|p1a: Landorus
|
|upkeep
|turn|6
|
|t:|1781390193
|move|p2a: Iron Treads|Ice Spinner|p1a: Landorus
|-supereffective|p1a: Landorus
|-damage|p1a: Landorus|25/100
|move|p1a: Landorus|Earthquake|p2a: Iron Treads
|-supereffective|p2a: Iron Treads
|-damage|p2a: Iron Treads|0 fnt
|faint|p2a: Iron Treads
|-end|p2a: Iron Treads|Quark Drive|[silent]
|
|upkeep
|
|t:|1781390202
|switch|p2a: Johnny Tsunami 🌊|Araquanid, M|70/100
|turn|7
|
|t:|1781390205
|switch|p1a: Hatterene|Hatterene, F|58/100
|move|p2a: Johnny Tsunami 🌊|Surf|p1a: Hatterene
|-damage|p1a: Hatterene|0 fnt
|faint|p1a: Hatterene
|
|upkeep
|
|t:|1781390208
|switch|p1a: Arcanine|Arcanine-Hisui, F|100/100
|turn|8
|
|t:|1781390215
|move|p2a: Johnny Tsunami 🌊|Endure|p2a: Johnny Tsunami 🌊
|-singleturn|p2a: Johnny Tsunami 🌊|move: Endure
|move|p1a: Arcanine|Head Smash|p2a: Johnny Tsunami 🌊
|-supereffective|p2a: Johnny Tsunami 🌊
|-activate|p2a: Johnny Tsunami 🌊|move: Endure
|-damage|p2a: Johnny Tsunami 🌊|1/100
|
|upkeep
|turn|9
|-enditem|p2a: Johnny Tsunami 🌊|Custap Berry|[eat]
|-activate|p2a: Johnny Tsunami 🌊|item: Custap Berry|[consumed]
|
|t:|1781390227
|switch|p1a: Rotom|Rotom-Wash|100/100
|move|p2a: Johnny Tsunami 🌊|Surf|p1a: Rotom
|-resisted|p1a: Rotom
|-damage|p1a: Rotom|71/100
|
|upkeep
|turn|10
|
|t:|1781390241
|move|p1a: Rotom|Volt Switch|p2a: Johnny Tsunami 🌊
|-supereffective|p2a: Johnny Tsunami 🌊
|-crit|p2a: Johnny Tsunami 🌊
|-damage|p2a: Johnny Tsunami 🌊|0 fnt
|faint|p2a: Johnny Tsunami 🌊
|
|t:|1781390251
|switch|p1a: Landorus|Landorus-Therian, M|25/100|[from] Volt Switch
|
|upkeep
|
|t:|1781390260
|switch|p2a: Fat Boy|Dragonite, M, shiny|100/100
|turn|11
|
|t:|1781390266
|switch|p1a: Rotom|Rotom-Wash|71/100
|move|p2a: Fat Boy|Extreme Speed|p1a: Rotom
|-damage|p1a: Rotom|23/100
|
|upkeep
|turn|12
|
|t:|1781390274
|switch|p1a: Pecharunt|Pecharunt|100/100
|move|p2a: Fat Boy|Extreme Speed|p1a: Pecharunt
|-immune|p1a: Pecharunt
|
|upkeep
|turn|13
|
|t:|1781390281
|switch|p2a: Hoopa|Hoopa-Unbound|100/100
|move|p1a: Pecharunt|Parting Shot|p2a: Hoopa
|-unboost|p2a: Hoopa|atk|1
|-unboost|p2a: Hoopa|spa|1
|
|t:|1781390284
|switch|p1a: Landorus|Landorus-Therian, M|25/100|[from] Parting Shot
|-ability|p1a: Landorus|Intimidate|boost
|-unboost|p2a: Hoopa|atk|1
|
|upkeep
|turn|14
|
|t:|1781390299
|switch|p2a: Gholdengo|Gholdengo|100/100
|move|p1a: Landorus|Stealth Rock|p2a: Gholdengo
|-sidestart|p2: team10thPlanett|move: Stealth Rock
|
|upkeep
|turn|15
|
|t:|1781390309
|switch|p1a: Iron Treads|Iron Treads|100/100
|move|p2a: Gholdengo|Shadow Ball|p1a: Iron Treads
|-damage|p1a: Iron Treads|76/100
|
|upkeep
|turn|16
|
|t:|1781390318
|switch|p2a: Hoopa|Hoopa-Unbound|100/100
|-damage|p2a: Hoopa|88/100|[from] Stealth Rock
|move|p1a: Iron Treads|Earthquake|p2a: Hoopa
|-damage|p2a: Hoopa|19/100
|
|upkeep
|turn|17
|
|t:|1781390326
|-end|p1a: Iron Treads|Quark Drive|[silent]
|switch|p1a: Arcanine|Arcanine-Hisui, F|100/100
|move|p2a: Hoopa|Knock Off|p1a: Arcanine
|-damage|p1a: Arcanine|49/100
|-enditem|p1a: Arcanine|Choice Band|[from] move: Knock Off|[of] p2a: Hoopa
|
|upkeep
|turn|18
|
|t:|1781390338
|move|p2a: Hoopa|Knock Off|p1a: Arcanine
|-damage|p1a: Arcanine|11/100
|move|p1a: Arcanine|Head Smash|p2a: Hoopa
|-damage|p2a: Hoopa|0 fnt
|faint|p2a: Hoopa
|
|upkeep
|
|t:|1781390347
|switch|p2a: Gholdengo|Gholdengo|100/100
|-damage|p2a: Gholdengo|94/100|[from] Stealth Rock
|turn|19
|j| nesnot
|
|t:|1781390355
|move|p2a: Gholdengo|Shadow Ball|p1a: Arcanine
|-damage|p1a: Arcanine|0 fnt
|faint|p1a: Arcanine
|
|upkeep
|
|t:|1781390362
|switch|p1a: Landorus|Landorus-Therian, M|25/100
|-ability|p1a: Landorus|Intimidate|boost
|-unboost|p2a: Gholdengo|atk|1
|turn|20
|
|t:|1781390367
|move|p2a: Gholdengo|Shadow Ball|p1a: Landorus
|-damage|p1a: Landorus|0 fnt
|faint|p1a: Landorus
|
|upkeep
|
|t:|1781390370
|switch|p1a: Iron Treads|Iron Treads|76/100
|turn|21
|l| nesnot
|
|t:|1781390381
|switch|p2a: Fat Boy|Dragonite, M, shiny|100/100
|-damage|p2a: Fat Boy|76/100|[from] Stealth Rock
|move|p1a: Iron Treads|Knock Off|p2a: Fat Boy
|-damage|p2a: Fat Boy|55/100
|-enditem|p2a: Fat Boy|Choice Band|[from] move: Knock Off|[of] p1a: Iron Treads
|
|upkeep
|turn|22
|
|t:|1781390392
|-end|p1a: Iron Treads|Quark Drive|[silent]
|switch|p1a: Pecharunt|Pecharunt|100/100
|move|p2a: Fat Boy|Fire Punch|p1a: Pecharunt
|-damage|p1a: Pecharunt|87/100
|
|-heal|p1a: Pecharunt|93/100|[from] item: Leftovers
|upkeep
|turn|23
|
|t:|1781390406
|move|p1a: Pecharunt|Hex|p2a: Fat Boy
|-damage|p2a: Fat Boy|36/100
|move|p2a: Fat Boy|Earthquake|p1a: Pecharunt
|-supereffective|p1a: Pecharunt
|-damage|p1a: Pecharunt|57/100
|
|-heal|p1a: Pecharunt|63/100|[from] item: Leftovers
|upkeep
|turn|24
|
|t:|1781390423
|switch|p2a: Gholdengo|Gholdengo|94/100
|-damage|p2a: Gholdengo|88/100|[from] Stealth Rock
|move|p1a: Pecharunt|Recover|p1a: Pecharunt
|-heal|p1a: Pecharunt|100/100
|
|upkeep
|turn|25
|
|t:|1781390432
|switch|p1a: Iron Treads|Iron Treads|76/100
|move|p2a: Gholdengo|Shadow Ball|p1a: Iron Treads
|-damage|p1a: Iron Treads|51/100
|
|upkeep
|turn|26
|
|t:|1781390440
|switch|p2a: Zamazenta|Zamazenta|100/100
|-damage|p2a: Zamazenta|94/100|[from] Stealth Rock
|-ability|p2a: Zamazenta|Dauntless Shield|boost
|-boost|p2a: Zamazenta|def|1
|move|p1a: Iron Treads|Earthquake|p2a: Zamazenta
|-damage|p2a: Zamazenta|72/100
|
|upkeep
|turn|27
|
|t:|1781390452
|-end|p1a: Iron Treads|Quark Drive|[silent]
|switch|p1a: Pecharunt|Pecharunt|100/100
|move|p2a: Zamazenta|Crunch|p1a: Pecharunt
|-supereffective|p1a: Pecharunt
|-damage|p1a: Pecharunt|67/100
|-damage|p2a: Zamazenta|62/100|[from] item: Life Orb
|
|-heal|p1a: Pecharunt|73/100|[from] item: Leftovers
|upkeep
|turn|28
|
|t:|1781390463
|switch|p2a: Gholdengo|Gholdengo|88/100
|-damage|p2a: Gholdengo|82/100|[from] Stealth Rock
|move|p1a: Pecharunt|Parting Shot|p2a: Gholdengo
|-immune|p2a: Gholdengo|[from] ability: Good as Gold
|
|-heal|p1a: Pecharunt|79/100|[from] item: Leftovers
|upkeep
|turn|29
|
|t:|1781390474
|switch|p1a: Rotom|Rotom-Wash|23/100
|move|p2a: Gholdengo|Shadow Ball|p1a: Rotom
|-crit|p1a: Rotom
|-damage|p1a: Rotom|0 fnt
|faint|p1a: Rotom
|
|upkeep
|
|t:|1781390479
|switch|p1a: Iron Treads|Iron Treads|51/100
|turn|30
|
|t:|1781390493
|switch|p2a: Fat Boy|Dragonite, M, shiny|36/100
|-damage|p2a: Fat Boy|11/100|[from] Stealth Rock
|move|p1a: Iron Treads|Earthquake|p2a: Fat Boy
|-immune|p2a: Fat Boy
|
|upkeep
|turn|31
|
|t:|1781390503
|-end|p1a: Iron Treads|Quark Drive|[silent]
|switch|p1a: Pecharunt|Pecharunt|79/100
|move|p2a: Fat Boy|Extreme Speed|p1a: Pecharunt
|-immune|p1a: Pecharunt
|
|-heal|p1a: Pecharunt|85/100|[from] item: Leftovers
|upkeep
|turn|32
|
|t:|1781390516
|move|p1a: Pecharunt|Recover|p1a: Pecharunt
|-heal|p1a: Pecharunt|100/100
|move|p2a: Fat Boy|Earthquake|p1a: Pecharunt
|-supereffective|p1a: Pecharunt
|-damage|p1a: Pecharunt|60/100
|
|-heal|p1a: Pecharunt|67/100|[from] item: Leftovers
|upkeep
|turn|33
|
|t:|1781390526
|move|p1a: Pecharunt|Hex|p2a: Fat Boy
|-damage|p2a: Fat Boy|0 fnt
|faint|p2a: Fat Boy
|
|-heal|p1a: Pecharunt|73/100|[from] item: Leftovers
|upkeep
|
|t:|1781390533
|switch|p2a: Gholdengo|Gholdengo|82/100
|-damage|p2a: Gholdengo|76/100|[from] Stealth Rock
|turn|34
|
|t:|1781390544
|-terastallize|p1a: Pecharunt|Fighting
|move|p2a: Gholdengo|Shadow Ball|p1a: Pecharunt
|-damage|p1a: Pecharunt|31/100
|move|p1a: Pecharunt|Recover|p1a: Pecharunt
|-heal|p1a: Pecharunt|81/100
|
|-heal|p1a: Pecharunt|87/100|[from] item: Leftovers
|upkeep
|turn|35
|
|t:|1781390561
|switch|p2a: Zamazenta|Zamazenta|62/100
|-damage|p2a: Zamazenta|56/100|[from] Stealth Rock
|move|p1a: Pecharunt|Recover|p1a: Pecharunt
|-heal|p1a: Pecharunt|100/100
|
|upkeep
|turn|36
|inactive|team10thPlanett has 120 seconds left.
|
|t:|1781390590
|move|p2a: Zamazenta|Close Combat|p1a: Pecharunt
|-damage|p1a: Pecharunt|64/100
|-unboost|p2a: Zamazenta|def|1
|-unboost|p2a: Zamazenta|spd|1
|-damage|p2a: Zamazenta|47/100|[from] item: Life Orb
|move|p1a: Pecharunt|Malignant Chain|p2a: Zamazenta
|-damage|p2a: Zamazenta|0 fnt
|faint|p2a: Zamazenta
|
|-heal|p1a: Pecharunt|70/100|[from] item: Leftovers
|upkeep
|inactive|team10thPlanett has 120 seconds left.
|
|t:|1781390604
|switch|p2a: Gholdengo|Gholdengo|76/100
|-damage|p2a: Gholdengo|70/100|[from] Stealth Rock
|turn|37
|inactive|team10thPlanett has 120 seconds left.
|
|t:|1781390615
|move|p2a: Gholdengo|Shadow Ball|p1a: Pecharunt
|-damage|p1a: Pecharunt|32/100
|-unboost|p1a: Pecharunt|spd|1
|move|p1a: Pecharunt|Recover|p1a: Pecharunt
|-heal|p1a: Pecharunt|82/100
|
|-heal|p1a: Pecharunt|88/100|[from] item: Leftovers
|upkeep
|turn|38
|inactive|team10thPlanett has 120 seconds left.
|
|t:|1781390626
|move|p2a: Gholdengo|Shadow Ball|p1a: Pecharunt
|-damage|p1a: Pecharunt|25/100
|move|p1a: Pecharunt|Hex|p2a: Gholdengo
|-supereffective|p2a: Gholdengo
|-damage|p2a: Gholdengo|18/100
|
|-heal|p1a: Pecharunt|31/100|[from] item: Leftovers
|upkeep
|turn|39
|inactive|team10thPlanett has 120 seconds left.
|
|t:|1781390635
|move|p2a: Gholdengo|Shadow Ball|p1a: Pecharunt
|-damage|p1a: Pecharunt|0 fnt
|faint|p1a: Pecharunt
|
|upkeep
|
|t:|1781390636
|switch|p1a: Iron Treads|Iron Treads|51/100
|turn|40
|
|t:|1781390642
|-terastallize|p2a: Gholdengo|Fairy
|move|p2a: Gholdengo|Shadow Ball|p1a: Iron Treads
|-damage|p1a: Iron Treads|29/100
|-unboost|p1a: Iron Treads|spd|1
|move|p1a: Iron Treads|Earthquake|p2a: Gholdengo
|-damage|p2a: Gholdengo|0 fnt
|faint|p2a: Gholdengo
|
|win|Hot Chipper
|raw|Hot Chipper's rating: 1590 &rarr; <strong>1611</strong><br />(+21 for winning)
|raw|team10thPlanett's rating: 1600 &rarr; <strong>1579</strong><br />(-21 for losing)
|l|☆Hot Chipper
|player|p1|
|l|☆team10thPlanett
|player|p2|
