|j|‽I'm evil and spicy
|j|☆thatguytnomas
|t:|1781551760
|gametype|singles
|player|p1|I'm evil and spicy|1|1566
|player|p2|thatguytnomas|ingo-hisui|1557
|gen|9
|tier|[Gen 9] OU
|rated|
|rule|HP Percentage Mod: HP is shown in percentages
|rule|Endless Battle Clause: Forcing endless battles is banned
|rule|Species Clause: Limit one of each Pokémon
|rule|OHKO Clause: OHKO moves are banned
|rule|Evasion Items Clause: Evasion items are banned
|rule|Evasion Moves Clause: Evasion moves are banned
|rule|Evasion Abilities Clause: Evasion abilities are banned
|rule|Sleep Moves Clause: Sleep-inducing moves are banned
|clearpoke
|poke|p1|Armarouge, M|
|poke|p1|Rillaboom, M|
|poke|p1|Ogerpon-Wellspring, F|
|poke|p1|Darkrai|
|poke|p1|Great Tusk|
|poke|p1|Pecharunt|
|poke|p2|Meowscarada, F|
|poke|p2|Raging Bolt|
|poke|p2|Great Tusk|
|poke|p2|Slowking-Galar, M|
|poke|p2|Dragonite, F|
|poke|p2|Corviknight, F|
|teampreview
|
|t:|1781551789
|teamsize|p1|6
|teamsize|p2|6
|start
|switch|p1a: Darkrai|Darkrai|100/100
|switch|p2a: Slowking|Slowking-Galar, M|100/100
|turn|1
|
|t:|1781551796
|move|p1a: Darkrai|Dark Pulse|p2a: Slowking
|-supereffective|p2a: Slowking
|-damage|p2a: Slowking|49/100
|move|p2a: Slowking|Trick|p1a: Darkrai
|-activate|p2a: Slowking|move: Trick|[of] p1a: Darkrai
|-item|p1a: Darkrai|Black Sludge|[from] move: Trick
|-item|p2a: Slowking|Leftovers|[from] move: Trick
|
|-damage|p1a: Darkrai|88/100|[from] item: Black Sludge
|-heal|p2a: Slowking|55/100|[from] item: Leftovers
|upkeep
|turn|2
|
|t:|1781551820
|switch|p2a: Raging Bolt|Raging Bolt|100/100
|move|p1a: Darkrai|Dark Pulse|p2a: Raging Bolt
|-damage|p2a: Raging Bolt|63/100
|
|-damage|p1a: Darkrai|76/100|[from] item: Black Sludge
|upkeep
|turn|3
|
|t:|1781551828
|move|p1a: Darkrai|Ice Beam|p2a: Raging Bolt
|-supereffective|p2a: Raging Bolt
|-damage|p2a: Raging Bolt|10/100
|move|p2a: Raging Bolt|Draco Meteor|p1a: Darkrai
|-damage|p1a: Darkrai|0 fnt
|-unboost|p2a: Raging Bolt|spa|2
|faint|p1a: Darkrai
|
|upkeep
|
|t:|1781551842
|switch|p1a: Rillaboom|Rillaboom, M|100/100
|-fieldstart|move: Grassy Terrain|[from] ability: Grassy Surge|[of] p1a: Rillaboom
|turn|4
|
|t:|1781551847
|-end|p2a: Raging Bolt|Protosynthesis|[silent]
|switch|p2a: Corviknight|Corviknight, F|100/100
|-ability|p2a: Corviknight|Pressure
|move|p1a: Rillaboom|U-turn|p2a: Corviknight
|-resisted|p2a: Corviknight
|-damage|p2a: Corviknight|97/100
|-damage|p1a: Rillaboom|84/100|[from] item: Rocky Helmet|[of] p2a: Corviknight
|
|t:|1781551857
|switch|p1a: Armarouge|Armarouge, M|100/100|[from] U-turn
|-enditem|p1a: Armarouge|Grassy Seed
|-boost|p1a: Armarouge|def|1|[from] item: Grassy Seed
|
|upkeep
|turn|5
|
|t:|1781551868
|switch|p2a: Slowking|Slowking-Galar, M|88/100
|move|p1a: Armarouge|Calm Mind|p1a: Armarouge
|-boost|p1a: Armarouge|spa|1
|-boost|p1a: Armarouge|spd|1
|
|-heal|p2a: Slowking|94/100|[from] Grassy Terrain
|-heal|p2a: Slowking|99/100|[from] item: Leftovers
|upkeep
|turn|6
|
|t:|1781551879
|move|p1a: Armarouge|Substitute|p1a: Armarouge
|-start|p1a: Armarouge|Substitute
|-damage|p1a: Armarouge|76/100
|-prepare|p2a: Slowking|Chilly Reception|[premajor]
|move|p2a: Slowking|Chilly Reception|p2a: Slowking
|-weather|Snowscape
|
|t:|1781551912
|switch|p2a: Meowscarada|Meowscarada, F|100/100|[from] Chilly Reception
|
|-weather|Snowscape|[upkeep]
|-heal|p1a: Armarouge|82/100|[from] Grassy Terrain
|upkeep
|turn|7
|
|t:|1781551933
|move|p2a: Meowscarada|U-turn|p1a: Armarouge
|-start|p2a: Meowscarada|typechange|Bug|[from] ability: Protean
|-activate|p1a: Armarouge|move: Substitute|[damage]
|
|t:|1781551968
|switch|p2a: Slowking|Slowking-Galar, M|100/100|[from] U-turn
|move|p1a: Armarouge|Calm Mind|p1a: Armarouge
|-boost|p1a: Armarouge|spa|1
|-boost|p1a: Armarouge|spd|1
|
|-weather|Snowscape|[upkeep]
|-heal|p1a: Armarouge|88/100|[from] Grassy Terrain
|upkeep
|turn|8
|
|t:|1781551983
|move|p1a: Armarouge|Calm Mind|p1a: Armarouge
|-boost|p1a: Armarouge|spa|1
|-boost|p1a: Armarouge|spd|1
|-prepare|p2a: Slowking|Chilly Reception|[premajor]
|move|p2a: Slowking|Chilly Reception|p2a: Slowking
|
|t:|1781552009
|switch|p2a: Meowscarada|Meowscarada, F|100/100|[from] Chilly Reception
|
|-weather|Snowscape|[upkeep]
|-heal|p1a: Armarouge|94/100|[from] Grassy Terrain
|upkeep
|turn|9
|
|t:|1781552021
|move|p2a: Meowscarada|U-turn|p1a: Armarouge
|-start|p2a: Meowscarada|typechange|Bug|[from] ability: Protean
|-end|p1a: Armarouge|Substitute
|
|t:|1781552041
|switch|p2a: Slowking|Slowking-Galar, M|100/100|[from] U-turn
|move|p1a: Armarouge|Flamethrower|p2a: Slowking
|-damage|p2a: Slowking|44/100
|
|-weather|Snowscape|[upkeep]
|-heal|p1a: Armarouge|99/100|[from] Grassy Terrain
|-heal|p2a: Slowking|50/100|[from] Grassy Terrain
|-heal|p2a: Slowking|56/100|[from] item: Leftovers
|upkeep
|turn|10
|
|t:|1781552096
|move|p1a: Armarouge|Substitute|p1a: Armarouge
|-start|p1a: Armarouge|Substitute
|-damage|p1a: Armarouge|75/100
|-prepare|p2a: Slowking|Chilly Reception|[premajor]
|move|p2a: Slowking|Chilly Reception|p2a: Slowking
|
|t:|1781552120
|switch|p2a: Raging Bolt|Raging Bolt|10/100|[from] Chilly Reception
|
|-weather|none
|-heal|p2a: Raging Bolt|16/100|[from] Grassy Terrain
|-heal|p1a: Armarouge|82/100|[from] Grassy Terrain
|upkeep
|turn|11
|
|t:|1781552124
|move|p2a: Raging Bolt|Volt Switch|p1a: Armarouge
|-end|p1a: Armarouge|Substitute
|
|t:|1781552130
|-end|p2a: Raging Bolt|Protosynthesis|[silent]
|switch|p2a: BanDragonitePLEASE|Dragonite, F|100/100|[from] Volt Switch
|move|p1a: Armarouge|Flamethrower|p2a: BanDragonitePLEASE
|-resisted|p2a: BanDragonitePLEASE
|-damage|p2a: BanDragonitePLEASE|76/100
|-status|p2a: BanDragonitePLEASE|brn
|
|-heal|p1a: Armarouge|88/100|[from] Grassy Terrain
|-damage|p2a: BanDragonitePLEASE|70/100 brn|[from] brn
|-fieldend|move: Grassy Terrain
|upkeep
|turn|12
|
|t:|1781552145
|move|p2a: BanDragonitePLEASE|Roost|p2a: BanDragonitePLEASE
|-heal|p2a: BanDragonitePLEASE|100/100 brn
|-singleturn|p2a: BanDragonitePLEASE|move: Roost
|move|p1a: Armarouge|Stored Power|p2a: BanDragonitePLEASE
|-damage|p2a: BanDragonitePLEASE|18/100 brn
|
|-damage|p2a: BanDragonitePLEASE|12/100 brn|[from] brn
|upkeep
|turn|13
|
|t:|1781552171
|move|p2a: BanDragonitePLEASE|Earthquake|p1a: Armarouge
|-supereffective|p1a: Armarouge
|-damage|p1a: Armarouge|69/100
|move|p1a: Armarouge|Flamethrower|p2a: BanDragonitePLEASE
|-resisted|p2a: BanDragonitePLEASE
|-damage|p2a: BanDragonitePLEASE|0 fnt
|faint|p2a: BanDragonitePLEASE
|
|upkeep
|
|t:|1781552197
|switch|p2a: Great Tusk|Great Tusk|100/100
|turn|14
|
|t:|1781552210
|move|p2a: Great Tusk|Headlong Rush|p1a: Armarouge
|-supereffective|p1a: Armarouge
|-damage|p1a: Armarouge|23/100
|-unboost|p2a: Great Tusk|def|1
|-unboost|p2a: Great Tusk|spd|1
|move|p1a: Armarouge|Flamethrower|p2a: Great Tusk
|-damage|p2a: Great Tusk|0 fnt
|faint|p2a: Great Tusk
|-end|p2a: Great Tusk|Protosynthesis|[silent]
|
|upkeep
|
|t:|1781552225
|switch|p2a: Raging Bolt|Raging Bolt|16/100
|turn|15
|
|t:|1781552232
|move|p2a: Raging Bolt|Volt Switch|p1a: Armarouge
|-damage|p1a: Armarouge|0 fnt
|faint|p1a: Armarouge
|
|t:|1781552235
|-end|p2a: Raging Bolt|Protosynthesis|[silent]
|switch|p2a: Meowscarada|Meowscarada, F|100/100|[from] Volt Switch
|
|upkeep
|
|t:|1781552239
|switch|p1a: Pecharunt|Pecharunt|100/100
|turn|16
|
|t:|1781552254
|move|p2a: Meowscarada|U-turn|p1a: Pecharunt
|-start|p2a: Meowscarada|typechange|Bug|[from] ability: Protean
|-resisted|p1a: Pecharunt
|-damage|p1a: Pecharunt|93/100
|
|t:|1781552260
|switch|p2a: Slowking|Slowking-Galar, M|90/100|[from] U-turn
|move|p1a: Pecharunt|Nasty Plot|p1a: Pecharunt
|-boost|p1a: Pecharunt|spa|2
|
|-heal|p2a: Slowking|96/100|[from] item: Leftovers
|upkeep
|turn|17
|
|t:|1781552266
|move|p1a: Pecharunt|Shadow Ball|p2a: Slowking
|-supereffective|p2a: Slowking
|-damage|p2a: Slowking|42/100
|move|p2a: Slowking|Future Sight|p1a: Pecharunt
|-start|p2a: Slowking|move: Future Sight
|
|-heal|p2a: Slowking|48/100|[from] item: Leftovers
|upkeep
|turn|18
|
|t:|1781552300
|switch|p2a: Meowscarada|Meowscarada, F|100/100
|move|p1a: Pecharunt|Shadow Ball|p2a: Meowscarada
|-resisted|p2a: Meowscarada
|-damage|p2a: Meowscarada|64/100
|-unboost|p2a: Meowscarada|spd|1
|
|upkeep
|turn|19
|
|t:|1781552308
|move|p2a: Meowscarada|Knock Off|p1a: Pecharunt
|-start|p2a: Meowscarada|typechange|Dark|[from] ability: Protean
|-supereffective|p1a: Pecharunt
|-damage|p1a: Pecharunt|7/100
|-enditem|p1a: Pecharunt|Heavy-Duty Boots|[from] move: Knock Off|[of] p2a: Meowscarada
|move|p1a: Pecharunt|Shadow Ball|p2a: Meowscarada
|-resisted|p2a: Meowscarada
|-crit|p2a: Meowscarada
|-damage|p2a: Meowscarada|0 fnt
|faint|p2a: Meowscarada
|
|-end|p1a: Pecharunt|move: Future Sight
|-supereffective|p1a: Pecharunt
|-damage|p1a: Pecharunt|0 fnt
|faint|p1a: Pecharunt
|upkeep
|
|t:|1781552350
|switch|p2a: Corviknight|Corviknight, F|97/100
|switch|p1a: Rillaboom|Rillaboom, M|84/100
|-fieldstart|move: Grassy Terrain|[from] ability: Grassy Surge|[of] p1a: Rillaboom
|-ability|p2a: Corviknight|Pressure
|turn|20
|
|t:|1781552357
|move|p1a: Rillaboom|Knock Off|p2a: Corviknight
|-damage|p2a: Corviknight|78/100
|-damage|p1a: Rillaboom|67/100|[from] item: Rocky Helmet|[of] p2a: Corviknight
|-enditem|p2a: Corviknight|Rocky Helmet|[from] move: Knock Off|[of] p1a: Rillaboom
|move|p2a: Corviknight|Brave Bird|p1a: Rillaboom
|-supereffective|p1a: Rillaboom
|-damage|p1a: Rillaboom|1/100
|-damage|p2a: Corviknight|56/100|[from] Recoil
|
|-heal|p1a: Rillaboom|8/100|[from] Grassy Terrain
|upkeep
|turn|21
|
|t:|1781552369
|move|p1a: Rillaboom|Low Kick|p2a: Corviknight
|-damage|p2a: Corviknight|40/100
|move|p2a: Corviknight|Roost|p2a: Corviknight
|-heal|p2a: Corviknight|90/100
|-singleturn|p2a: Corviknight|move: Roost
|
|-heal|p1a: Rillaboom|14/100|[from] Grassy Terrain
|-heal|p2a: Corviknight|96/100|[from] Grassy Terrain
|upkeep
|turn|22
|
|t:|1781552377
|move|p1a: Rillaboom|Knock Off|p2a: Corviknight
|-damage|p2a: Corviknight|84/100
|move|p2a: Corviknight|Defog|p1a: Rillaboom
|-unboost|p1a: Rillaboom|evasion|1
|-fieldend|move: Grassy Terrain
|
|upkeep
|turn|23
|
|t:|1781552382
|move|p1a: Rillaboom|Knock Off|p2a: Corviknight
|-damage|p2a: Corviknight|71/100
|move|p2a: Corviknight|U-turn|p1a: Rillaboom
|-supereffective|p1a: Rillaboom
|-damage|p1a: Rillaboom|0 fnt
|faint|p1a: Rillaboom
|
|t:|1781552400
|switch|p2a: Slowking|Slowking-Galar, M|82/100|[from] U-turn
|
|-heal|p2a: Slowking|88/100|[from] item: Leftovers
|upkeep
|
|t:|1781552402
|switch|p1a: Ogerpon|Ogerpon-Wellspring, F|100/100
|turn|24
|
|t:|1781552412
|-terastallize|p1a: Ogerpon|Water
|detailschange|p1a: Ogerpon|Ogerpon-Wellspring-Tera, F, tera:Water
|-ability|p1a: Ogerpon|Embody Aspect (Wellspring)|boost
|-boost|p1a: Ogerpon|spd|1
|move|p1a: Ogerpon|Swords Dance|p1a: Ogerpon
|-boost|p1a: Ogerpon|atk|2
|move|p2a: Slowking|Sludge Bomb|p1a: Ogerpon
|-damage|p1a: Ogerpon|74/100
|-status|p1a: Ogerpon|psn
|
|-heal|p2a: Slowking|94/100|[from] item: Leftovers
|-damage|p1a: Ogerpon|62/100 psn|[from] psn
|upkeep
|turn|25
|
|t:|1781552427
|move|p1a: Ogerpon|Ivy Cudgel|p2a: Slowking|[anim] Ivy Cudgel Water
|-damage|p2a: Slowking|0 fnt
|faint|p2a: Slowking
|
|-damage|p1a: Ogerpon|50/100 psn|[from] psn
|upkeep
|
|t:|1781552436
|switch|p2a: Raging Bolt|Raging Bolt|16/100
|turn|26
|
|t:|1781552446
|move|p2a: Raging Bolt|Thunderclap|p1a: Ogerpon
|-supereffective|p1a: Ogerpon
|-damage|p1a: Ogerpon|0 fnt
|faint|p1a: Ogerpon
|detailschange|p1: Ogerpon|Ogerpon-Wellspring, F|[silent]
|
|upkeep
|
|t:|1781552448
|switch|p1a: Great Tusk|Great Tusk|100/100
|turn|27
|
|t:|1781552459
|-end|p2a: Raging Bolt|Protosynthesis|[silent]
|switch|p2a: Corviknight|Corviknight, F|71/100
|-ability|p2a: Corviknight|Pressure
|move|p1a: Great Tusk|Close Combat|p2a: Corviknight
|-damage|p2a: Corviknight|34/100
|-unboost|p1a: Great Tusk|def|1
|-unboost|p1a: Great Tusk|spd|1
|
|upkeep
|turn|28
|
|t:|1781552484
|-terastallize|p2a: Corviknight|Ghost
|move|p1a: Great Tusk|Close Combat|p2a: Corviknight
|-immune|p2a: Corviknight
|move|p2a: Corviknight|Roost|p2a: Corviknight
|-heal|p2a: Corviknight|84/100
|
|upkeep
|turn|29
|-message|I'm evil and spicy forfeited.
|
|win|thatguytnomas
|raw|I&apos;m evil and spicy's rating: 1566 &rarr; <strong>1545</strong><br />(-21 for losing)
|raw|thatguytnomas's rating: 1557 &rarr; <strong>1578</strong><br />(+21 for winning)
|l|‽I'm evil and spicy
|player|p1|
