|j|☆FireSide_01
|j|☆praveenkumart236
|t:|1781008783
|gametype|singles
|player|p1|FireSide_01|janine|1507
|player|p2|praveenkumart236|1|1569
|gen|9
|tier|[Gen 9] OU
|rated|
|rule|HP Percentage Mod: HP is shown in percentages
|rule|Endless Battle Clause: Forcing endless battles is banned
|rule|Species Clause: Limit one of each Pokémon
|rule|OHKO Clause: OHKO moves are banned
|rule|Evasion Items Clause: Evasion items are banned
|rule|Evasion Moves Clause: Evasion moves are banned
|rule|Evasion Abilities Clause: Evasion abilities are banned
|rule|Sleep Moves Clause: Sleep-inducing moves are banned
|clearpoke
|poke|p1|Ninetales, F|
|poke|p1|Walking Wake|
|poke|p1|Typhlosion-Hisui, F|
|poke|p1|Great Tusk|
|poke|p1|Rillaboom, F|
|poke|p1|Raging Bolt|
|poke|p2|Pincurchin, F|
|poke|p2|Pawmot, M|
|poke|p2|Iron Valiant|
|poke|p2|Raging Bolt|
|poke|p2|Iron Treads|
|poke|p2|Iron Moth|
|teampreview
|inactive|Battle timer is ON: inactive players will automatically lose when time's up. (requested by praveenkumart236)
|
|t:|1781008793
|teamsize|p1|6
|teamsize|p2|6
|start
|switch|p1a: Typhlosion|Typhlosion-Hisui, F|100/100
|switch|p2a: Pincurchin|Pincurchin, F|100/100
|-fieldstart|move: Electric Terrain|[from] ability: Electric Surge|[of] p2a: Pincurchin
|turn|1
|
|t:|1781008800
|move|p2a: Pincurchin|Sucker Punch|p1a: Typhlosion
|-supereffective|p1a: Typhlosion
|-damage|p1a: Typhlosion|34/100
|move|p1a: Typhlosion|Eruption|p2a: Pincurchin
|-damage|p2a: Pincurchin|46/100
|
|upkeep
|turn|2
|
|t:|1781008818
|switch|p2a: Iron Valiant|Iron Valiant|100/100
|-activate|p2a: Iron Valiant|ability: Quark Drive
|-start|p2a: Iron Valiant|quarkdrivespe
|move|p1a: Typhlosion|Eruption|p2a: Iron Valiant
|-damage|p2a: Iron Valiant|28/100
|
|upkeep
|turn|3
|
|t:|1781008827
|switch|p1a: Raging Bolt|Raging Bolt|100/100
|move|p2a: Iron Valiant|Thunder Punch|p1a: Raging Bolt
|-resisted|p1a: Raging Bolt
|-damage|p1a: Raging Bolt|91/100
|-damage|p2a: Iron Valiant|18/100|[from] item: Life Orb
|
|upkeep
|turn|4
|
|t:|1781008835
|-end|p1a: Raging Bolt|Protosynthesis|[silent]
|switch|p1a: Ninetales|Ninetales, F|100/100
|-weather|SunnyDay|[from] ability: Drought|[of] p1a: Ninetales
|move|p2a: Iron Valiant|Close Combat|p1a: Ninetales
|-damage|p1a: Ninetales|8/100
|-unboost|p2a: Iron Valiant|def|1
|-unboost|p2a: Iron Valiant|spd|1
|-damage|p2a: Iron Valiant|8/100|[from] item: Life Orb
|
|-weather|SunnyDay|[upkeep]
|upkeep
|turn|5
|j| Agathina
|
|t:|1781008851
|switch|p1a: Great Tusk|Great Tusk|100/100
|-activate|p1a: Great Tusk|ability: Protosynthesis
|-start|p1a: Great Tusk|protosynthesisspe
|move|p2a: Iron Valiant|Close Combat|p1a: Great Tusk
|-damage|p1a: Great Tusk|52/100
|-unboost|p2a: Iron Valiant|def|1
|-unboost|p2a: Iron Valiant|spd|1
|-damage|p2a: Iron Valiant|0 fnt|[from] item: Life Orb
|faint|p2a: Iron Valiant
|-end|p2a: Iron Valiant|Quark Drive|[silent]
|
|-weather|SunnyDay|[upkeep]
|upkeep
|inactive|praveenkumart236 has 120 seconds left.
|
|t:|1781008882
|switch|p2a: Iron Moth|Iron Moth|100/100
|-item|p2a: Iron Moth|Air Balloon
|-activate|p2a: Iron Moth|ability: Quark Drive
|-start|p2a: Iron Moth|quarkdrivespa
|turn|6
|
|t:|1781008888
|-end|p1a: Great Tusk|Protosynthesis|[silent]
|switch|p1a: Raging Bolt|Raging Bolt|91/100
|-activate|p1a: Raging Bolt|ability: Protosynthesis
|-start|p1a: Raging Bolt|protosynthesisspa
|move|p2a: Iron Moth|Fiery Dance|p1a: Raging Bolt
|-resisted|p1a: Raging Bolt
|-damage|p1a: Raging Bolt|63/100
|-boost|p2a: Iron Moth|spa|1
|
|-weather|SunnyDay|[upkeep]
|upkeep
|turn|7
|inactive|praveenkumart236 has 120 seconds left.
|
|t:|1781008899
|move|p1a: Raging Bolt|Thunderclap|p2a: Iron Moth
|-damage|p2a: Iron Moth|23/100
|-enditem|p2a: Iron Moth|Air Balloon
|move|p2a: Iron Moth|Dazzling Gleam|p1a: Raging Bolt
|-supereffective|p1a: Raging Bolt
|-damage|p1a: Raging Bolt|0 fnt
|faint|p1a: Raging Bolt
|-end|p1a: Raging Bolt|Protosynthesis|[silent]
|
|-weather|SunnyDay|[upkeep]
|upkeep
|
|t:|1781008908
|switch|p1a: Typhlosion|Typhlosion-Hisui, F|34/100
|turn|8
|inactive|praveenkumart236 has 120 seconds left.
|
|t:|1781008920
|move|p1a: Typhlosion|Flamethrower|p2a: Iron Moth
|-resisted|p2a: Iron Moth
|-damage|p2a: Iron Moth|0 fnt
|faint|p2a: Iron Moth
|-end|p2a: Iron Moth|Quark Drive|[silent]
|
|-weather|SunnyDay|[upkeep]
|-fieldend|move: Electric Terrain
|upkeep
|inactive|praveenkumart236 has 120 seconds left.
|
|t:|1781008931
|switch|p2a: Pincurchin|Pincurchin, F|46/100
|-fieldstart|move: Electric Terrain|[from] ability: Electric Surge|[of] p2a: Pincurchin
|turn|9
|
|t:|1781008935
|switch|p1a: Rillaboom|Rillaboom, F|100/100
|-fieldstart|move: Grassy Terrain|[from] ability: Grassy Surge|[of] p1a: Rillaboom
|move|p2a: Pincurchin|Sucker Punch||[still]
|-fail|p2a: Pincurchin
|
|-weather|SunnyDay|[upkeep]
|-heal|p2a: Pincurchin|52/100|[from] Grassy Terrain
|upkeep
|turn|10
|
|t:|1781008942
|switch|p2a: Iron Treads|Iron Treads|100/100
|move|p1a: Rillaboom|U-turn|p2a: Iron Treads
|-resisted|p2a: Iron Treads
|-damage|p2a: Iron Treads|85/100
|-enditem|p2a: Iron Treads|Eject Button
|
|t:|1781008947
|-end|p2a: Iron Treads|Quark Drive|[silent]
|switch|p2a: Pincurchin|Pincurchin, F|52/100
|-fieldstart|move: Electric Terrain|[from] ability: Electric Surge|[of] p2a: Pincurchin
|
|-weather|SunnyDay|[upkeep]
|upkeep
|turn|11
|inactive|praveenkumart236 has 120 seconds left.
|
|t:|1781008973
|move|p1a: Rillaboom|U-turn|p2a: Pincurchin
|-damage|p2a: Pincurchin|7/100
|
|t:|1781008976
|switch|p1a: Great Tusk|Great Tusk|52/100|[from] U-turn
|-activate|p1a: Great Tusk|ability: Protosynthesis
|-start|p1a: Great Tusk|protosynthesisspe
|move|p2a: Pincurchin|Supercell Slam|p1a: Great Tusk
|-immune|p1a: Great Tusk
|-damage|p2a: Pincurchin|0 fnt|[from] supercellslam
|faint|p2a: Pincurchin
|
|-weather|none
|-end|p1a: Great Tusk|Protosynthesis
|upkeep
|inactive|praveenkumart236 has 120 seconds left.
|
|t:|1781009001
|switch|p2a: Raging Bolt|Raging Bolt|100/100
|-enditem|p2a: Raging Bolt|Electric Seed
|-boost|p2a: Raging Bolt|def|1|[from] item: Electric Seed
|turn|12
|
|t:|1781009013
|move|p1a: Great Tusk|Headlong Rush|p2a: Raging Bolt
|-supereffective|p2a: Raging Bolt
|-damage|p2a: Raging Bolt|39/100
|-unboost|p1a: Great Tusk|def|1
|-unboost|p1a: Great Tusk|spd|1
|move|p2a: Raging Bolt|Dragon Pulse|p1a: Great Tusk
|-damage|p1a: Great Tusk|0 fnt
|faint|p1a: Great Tusk
|-end|p1a: Great Tusk|Protosynthesis|[silent]
|
|upkeep
|
|t:|1781009028
|switch|p1a: Walking Wake|Walking Wake|100/100
|turn|13
|inactive|praveenkumart236 has 120 seconds left.
|
|t:|1781009048
|-end|p1a: Walking Wake|Protosynthesis|[silent]
|switch|p1a: Rillaboom|Rillaboom, F|100/100
|-fieldstart|move: Grassy Terrain|[from] ability: Grassy Surge|[of] p1a: Rillaboom
|move|p2a: Raging Bolt|Thunderclap||[still]
|-fail|p2a: Raging Bolt
|
|-heal|p2a: Raging Bolt|45/100|[from] Grassy Terrain
|upkeep
|turn|14
|
|t:|1781009055
|move|p1a: Rillaboom|U-turn|p2a: Raging Bolt
|-damage|p2a: Raging Bolt|22/100
|
|t:|1781009067
|switch|p1a: Typhlosion|Typhlosion-Hisui, F|34/100|[from] U-turn
|move|p2a: Raging Bolt|Dragon Pulse|p1a: Typhlosion
|-damage|p1a: Typhlosion|0 fnt
|faint|p1a: Typhlosion
|
|-heal|p2a: Raging Bolt|29/100|[from] Grassy Terrain
|upkeep
|
|t:|1781009076
|switch|p1a: Walking Wake|Walking Wake|100/100
|turn|15
|
|t:|1781009083
|move|p2a: Raging Bolt|Thunderclap|p1a: Walking Wake
|-damage|p1a: Walking Wake|54/100
|move|p1a: Walking Wake|Hydro Steam|p2a: Raging Bolt
|-resisted|p2a: Raging Bolt
|-damage|p2a: Raging Bolt|2/100
|
|-heal|p1a: Walking Wake|60/100|[from] Grassy Terrain
|-heal|p2a: Raging Bolt|8/100|[from] Grassy Terrain
|upkeep
|turn|16
|
|t:|1781009088
|move|p2a: Raging Bolt|Thunderclap|p1a: Walking Wake
|-damage|p1a: Walking Wake|8/100
|move|p1a: Walking Wake|Hydro Steam|p2a: Raging Bolt
|-resisted|p2a: Raging Bolt
|-damage|p2a: Raging Bolt|0 fnt
|faint|p2a: Raging Bolt
|-end|p2a: Raging Bolt|Protosynthesis|[silent]
|
|-heal|p1a: Walking Wake|14/100|[from] Grassy Terrain
|upkeep
|
|t:|1781009095
|switch|p2a: Pawmot|Pawmot, M|100/100
|turn|17
|
|t:|1781009107
|-end|p1a: Walking Wake|Protosynthesis|[silent]
|switch|p1a: Ninetales|Ninetales, F|8/100
|-weather|SunnyDay|[from] ability: Drought|[of] p1a: Ninetales
|move|p2a: Pawmot|Mach Punch|p1a: Ninetales
|-damage|p1a: Ninetales|0 fnt
|faint|p1a: Ninetales
|
|-weather|SunnyDay|[upkeep]
|-fieldend|move: Grassy Terrain
|upkeep
|
|t:|1781009117
|switch|p1a: Rillaboom|Rillaboom, F|100/100
|-fieldstart|move: Grassy Terrain|[from] ability: Grassy Surge|[of] p1a: Rillaboom
|turn|18
|
|t:|1781009125
|-terastallize|p1a: Rillaboom|Grass
|move|p1a: Rillaboom|Grassy Glide|p2a: Pawmot
|-damage|p2a: Pawmot|0 fnt
|faint|p2a: Pawmot
|
|-weather|SunnyDay|[upkeep]
|upkeep
|c|☆FireSide_01|Pinkacross fan?
|
|t:|1781009140
|switch|p2a: Iron Treads|Iron Treads|85/100
|turn|19
|c|☆praveenkumart236|yup
|c|☆FireSide_01|Me too
|
|t:|1781009166
|move|p1a: Rillaboom|Grassy Glide|p2a: Iron Treads
|-damage|p2a: Iron Treads|25/100
|move|p2a: Iron Treads|Knock Off|p1a: Rillaboom
|-damage|p1a: Rillaboom|75/100
|-enditem|p1a: Rillaboom|Choice Band|[from] move: Knock Off|[of] p2a: Iron Treads
|
|-weather|SunnyDay|[upkeep]
|-heal|p2a: Iron Treads|31/100|[from] Grassy Terrain
|-heal|p1a: Rillaboom|81/100|[from] Grassy Terrain
|upkeep
|turn|20
|c|☆praveenkumart236|gg
|
|t:|1781009179
|move|p1a: Rillaboom|Grassy Glide|p2a: Iron Treads
|-damage|p2a: Iron Treads|0 fnt
|faint|p2a: Iron Treads
|-end|p2a: Iron Treads|Quark Drive|[silent]
|
|win|FireSide_01
|raw|FireSide_01's rating: 1507 &rarr; <strong>1531</strong><br />(+24 for winning)
|raw|praveenkumart236's rating: 1569 &rarr; <strong>1545</strong><br />(-24 for losing)
|c|☆FireSide_01|gg
|l|☆praveenkumart236
|player|p2|
|l|☆FireSide_01
|player|p1|
