|j|☆adil
|j|☆MKUtopias
|t:|1781282649
|gametype|singles
|player|p1|adil|102|1723
|player|p2|MKUtopias|clair-gen2|1632
|gen|9
|tier|[Gen 9] OU
|rated|
|rule|HP Percentage Mod: HP is shown in percentages
|rule|Endless Battle Clause: Forcing endless battles is banned
|rule|Species Clause: Limit one of each Pokémon
|rule|OHKO Clause: OHKO moves are banned
|rule|Evasion Items Clause: Evasion items are banned
|rule|Evasion Moves Clause: Evasion moves are banned
|rule|Evasion Abilities Clause: Evasion abilities are banned
|rule|Sleep Moves Clause: Sleep-inducing moves are banned
|clearpoke
|poke|p1|Kyurem|
|poke|p1|Corviknight, F|
|poke|p1|Ting-Lu|
|poke|p1|Slowking-Galar, M|
|poke|p1|Pecharunt|
|poke|p1|Cinderace, M|
|poke|p2|Ceruledge, F|
|poke|p2|Zamazenta-*|
|poke|p2|Kyurem|
|poke|p2|Iron Treads|
|poke|p2|Hatterene, F|
|poke|p2|Dragonite, F|
|teampreview
|inactive|Battle timer is ON: inactive players will automatically lose when time's up. (requested by adil)
|inactive|MKUtopias has 120 seconds left.
|
|t:|1781282699
|teamsize|p1|6
|teamsize|p2|6
|start
|switch|p1a: Ting-Lu|Ting-Lu|100/100
|switch|p2a: Kyurem|Kyurem, shiny|100/100
|-ability|p2a: Kyurem|Pressure
|-ability|p1a: Ting-Lu|Vessel of Ruin
|turn|1
|
|t:|1781282713
|move|p2a: Kyurem|Ice Beam|p1a: Ting-Lu
|-supereffective|p1a: Ting-Lu
|-damage|p1a: Ting-Lu|42/100
|-status|p1a: Ting-Lu|frz
|cant|p1a: Ting-Lu|frz
|
|-heal|p1a: Ting-Lu|48/100 frz|[from] item: Leftovers
|upkeep
|turn|2
|
|t:|1781282721
|switch|p1a: Slowking|Slowking-Galar, M|100/100
|move|p2a: Kyurem|Ice Beam|p1a: Slowking
|-damage|p1a: Slowking|62/100
|
|upkeep
|turn|3
|
|t:|1781282749
|move|p2a: Kyurem|Ice Beam|p1a: Slowking
|-damage|p1a: Slowking|21/100
|-prepare|p1a: Slowking|Chilly Reception|[premajor]
|move|p1a: Slowking|Chilly Reception|p1a: Slowking
|-weather|Snowscape
|
|t:|1781282778
|switch|p1a: Cinderace|Cinderace, M|100/100|[from] Chilly Reception
|
|-weather|Snowscape|[upkeep]
|upkeep
|turn|4
|
|t:|1781282788
|switch|p2a: Ceruledge|Ceruledge, F|100/100
|move|p1a: Cinderace|U-turn|p2a: Ceruledge
|-resisted|p2a: Ceruledge
|-damage|p2a: Ceruledge|95/100
|
|t:|1781282794
|switch|p1a: Kyurem|Kyurem|100/100|[from] U-turn
|-ability|p1a: Kyurem|Pressure
|
|-weather|Snowscape|[upkeep]
|upkeep
|turn|5
|
|t:|1781282803
|move|p1a: Kyurem|Substitute|p1a: Kyurem
|-start|p1a: Kyurem|Substitute
|-damage|p1a: Kyurem|75/100
|move|p2a: Ceruledge|Close Combat|p1a: Kyurem
|-supereffective|p1a: Kyurem
|-end|p1a: Kyurem|Substitute
|-unboost|p2a: Ceruledge|def|1
|-unboost|p2a: Ceruledge|spd|1
|-damage|p2a: Ceruledge|85/100|[from] item: Life Orb
|
|-weather|Snowscape|[upkeep]
|-heal|p1a: Kyurem|82/100|[from] item: Leftovers
|upkeep
|turn|6
|
|t:|1781282812
|move|p1a: Kyurem|Earth Power|p2a: Ceruledge
|-supereffective|p2a: Ceruledge
|-damage|p2a: Ceruledge|19/100
|move|p2a: Ceruledge|Bitter Blade|p1a: Kyurem
|-damage|p1a: Kyurem|52/100
|-heal|p2a: Ceruledge|36/100|[from] drain|[of] p1a: Kyurem
|-damage|p2a: Ceruledge|26/100|[from] item: Life Orb
|
|-weather|Snowscape|[upkeep]
|-heal|p1a: Kyurem|59/100|[from] item: Leftovers
|upkeep
|turn|7
|
|t:|1781282819
|move|p1a: Kyurem|Substitute|p1a: Kyurem
|-start|p1a: Kyurem|Substitute
|-damage|p1a: Kyurem|34/100
|move|p2a: Ceruledge|Bitter Blade|p1a: Kyurem
|-end|p1a: Kyurem|Substitute
|-heal|p2a: Ceruledge|40/100|[from] drain|[of] p1a: Kyurem
|-damage|p2a: Ceruledge|30/100|[from] item: Life Orb
|
|-weather|none
|-heal|p1a: Kyurem|40/100|[from] item: Leftovers
|upkeep
|turn|8
|
|t:|1781282821
|move|p2a: Ceruledge|Shadow Sneak|p1a: Kyurem
|-damage|p1a: Kyurem|20/100
|-damage|p2a: Ceruledge|20/100|[from] item: Life Orb
|move|p1a: Kyurem|Earth Power|p2a: Ceruledge
|-supereffective|p2a: Ceruledge
|-damage|p2a: Ceruledge|0 fnt
|faint|p2a: Ceruledge
|
|-heal|p1a: Kyurem|26/100|[from] item: Leftovers
|upkeep
|
|t:|1781282841
|switch|p2a: Iron Treads|Iron Treads|100/100
|turn|9
|
|t:|1781282868
|switch|p1a: Corviknight|Corviknight, F|100/100
|-ability|p1a: Corviknight|Pressure
|move|p2a: Iron Treads|Knock Off|p1a: Corviknight
|-damage|p1a: Corviknight|82/100
|-enditem|p1a: Corviknight|Leftovers|[from] move: Knock Off|[of] p2a: Iron Treads
|
|upkeep
|turn|10
|
|t:|1781282873
|move|p2a: Iron Treads|Stealth Rock|p1a: Corviknight
|-sidestart|p1: adil|move: Stealth Rock
|move|p1a: Corviknight|Brave Bird|p2a: Iron Treads
|-resisted|p2a: Iron Treads
|-damage|p2a: Iron Treads|85/100
|-damage|p1a: Corviknight|77/100|[from] Recoil
|
|-heal|p2a: Iron Treads|91/100|[from] item: Leftovers
|upkeep
|turn|11
|
|t:|1781282877
|-end|p2a: Iron Treads|Quark Drive|[silent]
|switch|p2a: Kyurem|Kyurem, shiny|100/100
|-ability|p2a: Kyurem|Pressure
|move|p1a: Corviknight|U-turn|p2a: Kyurem
|-damage|p2a: Kyurem|88/100
|
|t:|1781282884
|switch|p1a: Cinderace|Cinderace, M|100/100|[from] U-turn
|
|upkeep
|turn|12
|
|t:|1781282909
|move|p1a: Cinderace|U-turn|p2a: Kyurem
|-damage|p2a: Kyurem|68/100
|inactive|adil has 120 seconds left.
|
|t:|1781282965
|switch|p1a: Corviknight|Corviknight, F|77/100|[from] U-turn
|-damage|p1a: Corviknight|65/100|[from] Stealth Rock
|-ability|p1a: Corviknight|Pressure
|move|p2a: Kyurem|Draco Meteor|p1a: Corviknight
|-resisted|p1a: Corviknight
|-damage|p1a: Corviknight|18/100
|-unboost|p2a: Kyurem|spa|2
|
|upkeep
|turn|13
|
|t:|1781282970
|switch|p1a: Slowking|Slowking-Galar, M|54/100
|move|p2a: Kyurem|Draco Meteor|p1a: Slowking
|-damage|p1a: Slowking|25/100
|-unboost|p2a: Kyurem|spa|2
|
|upkeep
|turn|14
|
|t:|1781282976
|switch|p2a: Iron Treads|Iron Treads|91/100
|-prepare|p1a: Slowking|Chilly Reception|[premajor]
|move|p1a: Slowking|Chilly Reception|p1a: Slowking
|-weather|Snowscape
|
|t:|1781282981
|switch|p1a: Cinderace|Cinderace, M|100/100|[from] Chilly Reception
|
|-weather|Snowscape|[upkeep]
|-heal|p2a: Iron Treads|97/100|[from] item: Leftovers
|upkeep
|turn|15
|inactive|adil has 120 seconds left.
|
|t:|1781282991
|move|p1a: Cinderace|Will-O-Wisp|p2a: Iron Treads
|-status|p2a: Iron Treads|brn
|move|p2a: Iron Treads|Rapid Spin|p1a: Cinderace
|-damage|p1a: Cinderace|91/100
|-boost|p2a: Iron Treads|spe|1
|
|-weather|Snowscape|[upkeep]
|-heal|p2a: Iron Treads|100/100 brn|[from] item: Leftovers
|-damage|p2a: Iron Treads|94/100 brn|[from] brn
|upkeep
|turn|16
|inactive|adil has 120 seconds left.
|
|t:|1781283011
|switch|p1a: Ting-Lu|Ting-Lu|48/100 frz
|-damage|p1a: Ting-Lu|42/100 frz|[from] Stealth Rock
|-ability|p1a: Ting-Lu|Vessel of Ruin
|move|p2a: Iron Treads|Earthquake|p1a: Ting-Lu
|-damage|p1a: Ting-Lu|29/100 frz
|
|-weather|Snowscape|[upkeep]
|-heal|p2a: Iron Treads|100/100 brn|[from] item: Leftovers
|-heal|p1a: Ting-Lu|35/100 frz|[from] item: Leftovers
|-damage|p2a: Iron Treads|94/100 brn|[from] brn
|upkeep
|turn|17
|inactive|adil has 120 seconds left.
|inactive|MKUtopias has 120 seconds left.
|
|t:|1781283044
|-end|p2a: Iron Treads|Quark Drive|[silent]
|switch|p2a: Kyurem|Kyurem, shiny|68/100
|-ability|p2a: Kyurem|Pressure
|cant|p1a: Ting-Lu|frz
|
|-weather|Snowscape|[upkeep]
|-heal|p1a: Ting-Lu|42/100 frz|[from] item: Leftovers
|upkeep
|turn|18
|inactive|adil has 120 seconds left.
|j| nesnot
|inactive|adil has 90 seconds left.
|l| nesnot
|
|t:|1781283091
|move|p2a: Kyurem|Ice Beam|p1a: Ting-Lu
|-supereffective|p1a: Ting-Lu
|-damage|p1a: Ting-Lu|0 fnt
|faint|p1a: Ting-Lu
|
|-weather|none
|upkeep
|
|t:|1781283103
|switch|p1a: Cinderace|Cinderace, M|91/100
|turn|19
|
|t:|1781283109
|switch|p2a: Iron Treads|Iron Treads|94/100 brn
|move|p1a: Cinderace|Pyro Ball|p2a: Iron Treads
|-supereffective|p2a: Iron Treads
|-damage|p2a: Iron Treads|6/100 brn
|
|-heal|p2a: Iron Treads|13/100 brn|[from] item: Leftovers
|-damage|p2a: Iron Treads|6/100 brn|[from] brn
|upkeep
|turn|20
|inactive|adil has 90 seconds left.
|
|t:|1781283120
|move|p1a: Cinderace|Pyro Ball|p2a: Iron Treads
|-supereffective|p2a: Iron Treads
|-damage|p2a: Iron Treads|0 fnt
|faint|p2a: Iron Treads
|-end|p2a: Iron Treads|Quark Drive|[silent]
|
|upkeep
|
|t:|1781283132
|switch|p2a: Dragonite|Dragonite, F|100/100
|turn|21
|
|t:|1781283135
|-terastallize|p2a: Dragonite|Fire
|move|p1a: Cinderace|Will-O-Wisp|p2a: Dragonite
|-immune|p2a: Dragonite
|move|p2a: Dragonite|Dragon Dance|p2a: Dragonite
|-boost|p2a: Dragonite|atk|1
|-boost|p2a: Dragonite|spe|1
|
|upkeep
|turn|22
|
|t:|1781283141
|switch|p1a: Corviknight|Corviknight, F|18/100
|-damage|p1a: Corviknight|6/100|[from] Stealth Rock
|-ability|p1a: Corviknight|Pressure
|move|p2a: Dragonite|Earthquake|p1a: Corviknight
|-immune|p1a: Corviknight
|
|upkeep
|turn|23
|
|t:|1781283145
|move|p2a: Dragonite|Fire Punch|p1a: Corviknight
|-supereffective|p1a: Corviknight
|-crit|p1a: Corviknight
|-damage|p1a: Corviknight|0 fnt
|faint|p1a: Corviknight
|
|upkeep
|
|t:|1781283147
|switch|p1a: Pecharunt|Pecharunt|100/100
|turn|24
|inactive|adil has 120 seconds left.
|
|t:|1781283158
|-terastallize|p1a: Pecharunt|Dark
|move|p2a: Dragonite|Earthquake|p1a: Pecharunt
|-damage|p1a: Pecharunt|69/100
|move|p1a: Pecharunt|Malignant Chain|p2a: Dragonite
|-damage|p2a: Dragonite|84/100
|-status|p2a: Dragonite|tox
|-start|p2a: Dragonite|confusion|[from] ability: Poison Puppeteer|[of] p1a: Pecharunt
|
|-damage|p2a: Dragonite|78/100 tox|[from] psn
|upkeep
|turn|25
|inactive|adil has 120 seconds left.
|
|t:|1781283170
|-activate|p2a: Dragonite|confusion
|move|p2a: Dragonite|Earthquake|p1a: Pecharunt
|-damage|p1a: Pecharunt|39/100
|move|p1a: Pecharunt|Malignant Chain|p2a: Dragonite
|-damage|p2a: Dragonite|43/100 tox
|
|-damage|p2a: Dragonite|30/100 tox|[from] psn
|upkeep
|turn|26
|
|t:|1781283177
|-activate|p2a: Dragonite|confusion
|move|p2a: Dragonite|Fire Punch|p1a: Pecharunt
|-damage|p1a: Pecharunt|3/100
|move|p1a: Pecharunt|Recover|p1a: Pecharunt
|-heal|p1a: Pecharunt|53/100
|
|-damage|p2a: Dragonite|12/100 tox|[from] psn
|upkeep
|turn|27
|
|t:|1781283182
|-end|p2a: Dragonite|confusion
|move|p2a: Dragonite|Fire Punch|p1a: Pecharunt
|-damage|p1a: Pecharunt|18/100
|move|p1a: Pecharunt|Recover|p1a: Pecharunt
|-heal|p1a: Pecharunt|68/100
|
|-damage|p2a: Dragonite|0 fnt|[from] psn
|faint|p2a: Dragonite
|upkeep
|
|t:|1781283190
|switch|p2a: Kyurem|Kyurem, shiny|68/100
|-ability|p2a: Kyurem|Pressure
|turn|28
|
|t:|1781283200
|switch|p1a: Kyurem|Kyurem|26/100
|-damage|p1a: Kyurem|1/100|[from] Stealth Rock
|-ability|p1a: Kyurem|Pressure
|move|p2a: Kyurem|Draco Meteor|p1a: Kyurem
|-supereffective|p1a: Kyurem
|-damage|p1a: Kyurem|0 fnt
|-unboost|p2a: Kyurem|spa|2
|faint|p1a: Kyurem
|
|upkeep
|
|t:|1781283203
|switch|p1a: Slowking|Slowking-Galar, M|58/100
|turn|29
|
|t:|1781283221
|switch|p2a: Zamazenta|Zamazenta, shiny|100/100
|-ability|p2a: Zamazenta|Dauntless Shield|boost
|-boost|p2a: Zamazenta|def|1
|move|p1a: Slowking|Sludge Bomb|p2a: Zamazenta
|-damage|p2a: Zamazenta|67/100
|-status|p2a: Zamazenta|psn
|
|-heal|p2a: Zamazenta|73/100 psn|[from] item: Leftovers
|-damage|p2a: Zamazenta|61/100 psn|[from] psn
|upkeep
|turn|30
|
|t:|1781283234
|move|p2a: Zamazenta|Crunch|p1a: Slowking
|-supereffective|p1a: Slowking
|-damage|p1a: Slowking|8/100
|move|p1a: Slowking|Psychic Noise|p2a: Zamazenta
|-supereffective|p2a: Zamazenta
|-damage|p2a: Zamazenta|5/100 psn
|-start|p2a: Zamazenta|move: Heal Block
|
|-damage|p2a: Zamazenta|0 fnt|[from] psn
|faint|p2a: Zamazenta
|upkeep
|
|t:|1781283237
|switch|p2a: Kyurem|Kyurem, shiny|68/100
|-ability|p2a: Kyurem|Pressure
|turn|31
|
|t:|1781283261
|move|p2a: Kyurem|Ice Beam|p1a: Slowking
|-damage|p1a: Slowking|0 fnt
|faint|p1a: Slowking
|
|upkeep
|
|t:|1781283263
|switch|p1a: Cinderace|Cinderace, M|91/100
|turn|32
|
|t:|1781283270
|move|p1a: Cinderace|Pyro Ball|p2a: Kyurem|[miss]
|-miss|p1a: Cinderace|p2a: Kyurem
|move|p2a: Kyurem|Ice Beam|p1a: Cinderace
|-resisted|p1a: Cinderace
|-damage|p1a: Cinderace|45/100
|
|upkeep
|turn|33
|
|t:|1781283279
|move|p1a: Cinderace|U-turn|p2a: Kyurem
|-damage|p2a: Kyurem|49/100
|
|t:|1781283280
|switch|p1a: Pecharunt|Pecharunt, tera:Dark|68/100|[from] U-turn
|move|p2a: Kyurem|Ice Beam|p1a: Pecharunt
|-damage|p1a: Pecharunt|0 fnt
|faint|p1a: Pecharunt
|
|upkeep
|
|t:|1781283281
|switch|p1a: Cinderace|Cinderace, M|45/100
|turn|34
|
|t:|1781283283
|move|p1a: Cinderace|Pyro Ball|p2a: Kyurem
|-damage|p2a: Kyurem|1/100
|move|p2a: Kyurem|Ice Beam|p1a: Cinderace
|-resisted|p1a: Cinderace
|-crit|p1a: Cinderace
|-damage|p1a: Cinderace|0 fnt
|faint|p1a: Cinderace
|
|win|MKUtopias
|raw|adil's rating: 1723 &rarr; <strong>1698</strong><br />(-25 for losing)
|raw|MKUtopias's rating: 1632 &rarr; <strong>1657</strong><br />(+25 for winning)
|c|☆adil|bg tbh
