|j|☆jsnsddk
|j|‽alakazam darnold
|t:|1781103676
|gametype|singles
|player|p1|jsnsddk|102|1592
|player|p2|alakazam darnold|li|1542
|gen|9
|tier|[Gen 9] OU
|rated|
|rule|HP Percentage Mod: HP is shown in percentages
|rule|Endless Battle Clause: Forcing endless battles is banned
|rule|Species Clause: Limit one of each Pokémon
|rule|OHKO Clause: OHKO moves are banned
|rule|Evasion Items Clause: Evasion items are banned
|rule|Evasion Moves Clause: Evasion moves are banned
|rule|Evasion Abilities Clause: Evasion abilities are banned
|rule|Sleep Moves Clause: Sleep-inducing moves are banned
|clearpoke
|poke|p1|Dragonite, F|
|poke|p1|Hatterene, F|
|poke|p1|Kingambit, F|
|poke|p1|Crawdaunt, F|
|poke|p1|Iron Crown|
|poke|p1|Manaphy|
|poke|p2|Tauros, M|
|poke|p2|Kyurem|
|poke|p2|Cinderace, M|
|poke|p2|Mandibuzz, F|
|poke|p2|Slowking-Galar, M|
|poke|p2|Great Tusk|
|teampreview
|inactive|Battle timer is ON: inactive players will automatically lose when time's up. (requested by jsnsddk)
|
|t:|1781103685
|teamsize|p1|6
|teamsize|p2|6
|start
|switch|p1a: Hatterene|Hatterene, F|100/100
|switch|p2a: Tauros|Tauros, M|100/100
|turn|1
|
|t:|1781103696
|switch|p2a: Slowking|Slowking-Galar, M|100/100
|move|p1a: Hatterene|Reflect|p1a: Hatterene
|-sidestart|p1: jsnsddk|Reflect
|
|upkeep
|turn|2
|
|t:|1781103699
|move|p2a: Slowking|Sludge Bomb|p1a: Hatterene
|-supereffective|p1a: Hatterene
|-damage|p1a: Hatterene|11/100
|move|p1a: Hatterene|Light Screen|p1a: Hatterene
|-sidestart|p1: jsnsddk|move: Light Screen
|
|upkeep
|turn|3
|
|t:|1781103705
|move|p2a: Slowking|Flamethrower|p1a: Hatterene
|-damage|p1a: Hatterene|0 fnt
|faint|p1a: Hatterene
|
|upkeep
|
|t:|1781103709
|switch|p1a: Crawdaunt|Crawdaunt, F|100/100
|turn|4
|
|t:|1781103719
|switch|p2a: Mandibuzz|Mandibuzz, F|100/100
|move|p1a: Crawdaunt|Crabhammer|p2a: Mandibuzz
|-damage|p2a: Mandibuzz|43/100
|-damage|p1a: Crawdaunt|84/100|[from] item: Rocky Helmet|[of] p2a: Mandibuzz
|-damage|p1a: Crawdaunt|74/100|[from] item: Life Orb
|
|upkeep
|turn|5
|
|t:|1781103736
|move|p2a: Mandibuzz|Foul Play|p1a: Crawdaunt
|-resisted|p1a: Crawdaunt
|-damage|p1a: Crawdaunt|58/100
|move|p1a: Crawdaunt|Swords Dance|p1a: Crawdaunt
|-boost|p1a: Crawdaunt|atk|2
|
|upkeep
|turn|6
|inactive|jsnsddk has 120 seconds left.
|l|☆jsnsddk
|inactive|jsnsddk disconnected and has a minute to reconnect!
|player|p1|
|j|☆jsnsddk
|inactive|jsnsddk reconnected and has 95 seconds left.
|player|p1|jsnsddk|102|
|inactive|jsnsddk has 90 seconds left.
|
|t:|1781103807
|move|p1a: Crawdaunt|Aqua Jet|p2a: Mandibuzz
|-damage|p2a: Mandibuzz|0 fnt
|-damage|p1a: Crawdaunt|41/100|[from] item: Rocky Helmet|[of] p2a: Mandibuzz
|faint|p2a: Mandibuzz
|-damage|p1a: Crawdaunt|31/100|[from] item: Life Orb
|
|upkeep
|
|t:|1781103814
|switch|p2a: Kyurem|Kyurem|100/100
|-ability|p2a: Kyurem|Pressure
|turn|7
|inactive|jsnsddk has 90 seconds left.
|
|t:|1781103820
|move|p1a: Crawdaunt|Aqua Jet|p2a: Kyurem
|-resisted|p2a: Kyurem
|-damage|p2a: Kyurem|75/100
|-damage|p1a: Crawdaunt|21/100|[from] item: Life Orb
|move|p2a: Kyurem|Freeze-Dry|p1a: Crawdaunt
|-supereffective|p1a: Crawdaunt
|-damage|p1a: Crawdaunt|0 fnt
|faint|p1a: Crawdaunt
|
|upkeep
|inactive|jsnsddk has 90 seconds left.
|
|t:|1781103830
|switch|p1a: Iron Crown|Iron Crown|100/100
|-enditem|p1a: Iron Crown|Booster Energy
|-activate|p1a: Iron Crown|ability: Quark Drive|[fromitem]
|-start|p1a: Iron Crown|quarkdrivespe
|turn|8
|
|t:|1781103840
|switch|p2a: Cinderace|Cinderace, M|100/100
|move|p1a: Iron Crown|Calm Mind|p1a: Iron Crown
|-boost|p1a: Iron Crown|spa|1
|-boost|p1a: Iron Crown|spd|1
|
|-sideend|p1: jsnsddk|Reflect
|upkeep
|turn|9
|
|t:|1781103855
|-terastallize|p1a: Iron Crown|Fighting
|move|p1a: Iron Crown|Focus Blast|p2a: Cinderace
|-damage|p2a: Cinderace|0 fnt
|faint|p2a: Cinderace
|
|-sideend|p1: jsnsddk|move: Light Screen
|upkeep
|
|t:|1781103860
|switch|p2a: Slowking|Slowking-Galar, M|100/100
|turn|10
|
|t:|1781103866
|move|p1a: Iron Crown|Psyshock|p2a: Slowking
|-damage|p2a: Slowking|46/100
|move|p2a: Slowking|Psychic Noise|p1a: Iron Crown
|-supereffective|p1a: Iron Crown
|-damage|p1a: Iron Crown|56/100
|-start|p1a: Iron Crown|move: Heal Block
|
|upkeep
|turn|11
|
|t:|1781103882
|move|p1a: Iron Crown|Psyshock|p2a: Slowking
|-crit|p2a: Slowking
|-damage|p2a: Slowking|0 fnt
|faint|p2a: Slowking
|
|-end|p1a: Iron Crown|move: Heal Block
|upkeep
|
|t:|1781103893
|switch|p2a: Tauros|Tauros, M|100/100
|turn|12
|inactive|jsnsddk has 120 seconds left.
|
|t:|1781103905
|-terastallize|p2a: Tauros|Ghost
|move|p1a: Iron Crown|Focus Blast|p2a: Tauros
|-immune|p2a: Tauros
|move|p2a: Tauros|Flamethrower|p1a: Iron Crown
|-damage|p1a: Iron Crown|39/100
|
|upkeep
|turn|13
|
|t:|1781103912
|move|p1a: Iron Crown|Tachyon Cutter|p2a: Tauros
|-damage|p2a: Tauros|43/100
|-damage|p2a: Tauros|0 fnt
|faint|p2a: Tauros
|-hitcount|p2: Tauros|2
|
|upkeep
|
|t:|1781103915
|switch|p2a: Great Tusk|Great Tusk|100/100
|-enditem|p2a: Great Tusk|Booster Energy
|-activate|p2a: Great Tusk|ability: Protosynthesis|[fromitem]
|-start|p2a: Great Tusk|protosynthesisspe
|turn|14
|
|t:|1781103926
|move|p1a: Iron Crown|Psyshock|p2a: Great Tusk
|-supereffective|p2a: Great Tusk
|-damage|p2a: Great Tusk|25/100
|move|p2a: Great Tusk|Earthquake|p1a: Iron Crown
|-damage|p1a: Iron Crown|0 fnt
|faint|p1a: Iron Crown
|-end|p1a: Iron Crown|Quark Drive|[silent]
|
|upkeep
|inactive|jsnsddk has 120 seconds left.
|
|t:|1781103946
|switch|p1a: Dragonite|Dragonite, F|100/100
|turn|15
|
|t:|1781103953
|move|p2a: Great Tusk|Bulk Up|p2a: Great Tusk
|-boost|p2a: Great Tusk|atk|1
|-boost|p2a: Great Tusk|def|1
|move|p1a: Dragonite|Scale Shot|p2a: Great Tusk
|-damage|p2a: Great Tusk|20/100
|-damage|p2a: Great Tusk|14/100
|-damage|p2a: Great Tusk|8/100
|-damage|p2a: Great Tusk|2/100
|-hitcount|p2a: Great Tusk|4
|-unboost|p1a: Dragonite|def|1
|-boost|p1a: Dragonite|spe|1
|
|upkeep
|turn|16
|inactive|jsnsddk has 120 seconds left.
|
|t:|1781103979
|move|p2a: Great Tusk|Ice Spinner|p1a: Dragonite
|-supereffective|p1a: Dragonite
|-damage|p1a: Dragonite|0 fnt
|faint|p1a: Dragonite
|
|upkeep
|
|t:|1781103988
|switch|p1a: Manaphy|Manaphy|100/100
|turn|17
|
|t:|1781103992
|move|p2a: Great Tusk|Earthquake|p1a: Manaphy
|-damage|p1a: Manaphy|41/100
|move|p1a: Manaphy|Scald|p2a: Great Tusk
|-supereffective|p2a: Great Tusk
|-crit|p2a: Great Tusk
|-damage|p2a: Great Tusk|0 fnt
|faint|p2a: Great Tusk
|-end|p2a: Great Tusk|Protosynthesis|[silent]
|
|-heal|p1a: Manaphy|47/100|[from] item: Leftovers
|upkeep
|
|t:|1781103996
|switch|p2a: Kyurem|Kyurem|75/100
|-ability|p2a: Kyurem|Pressure
|turn|18
|
|t:|1781104002
|move|p2a: Kyurem|Freeze-Dry|p1a: Manaphy
|-supereffective|p1a: Manaphy
|-damage|p1a: Manaphy|0 fnt
|faint|p1a: Manaphy
|
|upkeep
|
|t:|1781104004
|switch|p1a: Kingambit|Kingambit, F|100/100
|-activate|p1a: Kingambit|ability: Supreme Overlord
|-start|p1a: Kingambit|fallen5|[silent]
|turn|19
|
|t:|1781104008
|move|p2a: Kyurem|Body Press|p1a: Kingambit
|-supereffective|p1a: Kingambit
|-damage|p1a: Kingambit|26/100
|move|p1a: Kingambit|Iron Head|p2a: Kyurem
|-supereffective|p2a: Kyurem
|-damage|p2a: Kyurem|0 fnt
|faint|p2a: Kyurem
|
|win|jsnsddk
|raw|jsnsddk's rating: 1592 &rarr; <strong>1609</strong><br />(+17 for winning)
|raw|alakazam darnold's rating: 1542 &rarr; <strong>1525</strong><br />(-17 for losing)
|l|‽alakazam darnold
|player|p2|
