|j|☆Mr.X&Y97
|j|☆Liker of Mudkips
|t:|1781578324
|gametype|singles
|player|p1|Mr.X&Y97|ingo|1592
|player|p2|Liker of Mudkips|acetrainerf|1619
|gen|9
|tier|[Gen 9] OU
|rated|
|rule|HP Percentage Mod: HP is shown in percentages
|rule|Endless Battle Clause: Forcing endless battles is banned
|rule|Species Clause: Limit one of each Pokémon
|rule|OHKO Clause: OHKO moves are banned
|rule|Evasion Items Clause: Evasion items are banned
|rule|Evasion Moves Clause: Evasion moves are banned
|rule|Evasion Abilities Clause: Evasion abilities are banned
|rule|Sleep Moves Clause: Sleep-inducing moves are banned
|clearpoke
|poke|p1|Regieleki|
|poke|p1|Grafaiai, F|
|poke|p1|Corviknight, M|
|poke|p1|Alomomola, M|
|poke|p1|Gliscor, F|
|poke|p1|Zamazenta-*|
|poke|p2|Dragapult, F|
|poke|p2|Ogerpon-Wellspring, F|
|poke|p2|Slowking-Galar, F|
|poke|p2|Great Tusk|
|poke|p2|Zapdos|
|poke|p2|Kingambit, M|
|teampreview
|inactive|Battle timer is ON: inactive players will automatically lose when time's up. (requested by Mr.X&Y97)
|
|t:|1781578339
|teamsize|p1|6
|teamsize|p2|6
|start
|switch|p1a: Grafaiai|Grafaiai, F|100/100
|switch|p2a: Baku|Great Tusk|100/100
|turn|1
|
|t:|1781578345
|move|p1a: Grafaiai|Switcheroo|p2a: Baku
|-activate|p1a: Grafaiai|move: Trick|[of] p2a: Baku
|-item|p2a: Baku|Ring Target|[from] move: Switcheroo
|-item|p1a: Grafaiai|Rocky Helmet|[from] move: Switcheroo
|move|p2a: Baku|Stealth Rock|p1a: Grafaiai
|-sidestart|p1: Mr.X&Y97|move: Stealth Rock
|
|upkeep
|turn|2
|
|t:|1781578350
|move|p1a: Grafaiai|Encore|p2a: Baku
|-start|p2a: Baku|Encore
|move|p2a: Baku|Stealth Rock||[still]
|-fail|p2a: Baku
|
|upkeep
|turn|3
|
|t:|1781578365
|-end|p2a: Baku|Protosynthesis|[silent]
|switch|p2a: Larxene|Zapdos|100/100
|move|p1a: Grafaiai|U-turn|p2a: Larxene
|-resisted|p2a: Larxene
|-crit|p2a: Larxene
|-damage|p2a: Larxene|87/100
|
|t:|1781578372
|switch|p1a: Regieleki|Regieleki|100/100|[from] U-turn
|-damage|p1a: Regieleki|88/100|[from] Stealth Rock
|
|upkeep
|turn|4
|
|t:|1781578380
|switch|p2a: Kos|Dragapult, F|100/100
|move|p1a: Regieleki|Thunderbolt|p2a: Kos
|-resisted|p2a: Kos
|-damage|p2a: Kos|40/100
|
|upkeep
|turn|5
|
|t:|1781578387
|switch|p2a: Pants|Slowking-Galar, F|100/100
|move|p1a: Regieleki|Thunderbolt|p2a: Pants
|-damage|p2a: Pants|65/100
|
|upkeep
|turn|6
|
|t:|1781578399
|switch|p1a: Alomomola|Alomomola, M|100/100
|-damage|p1a: Alomomola|88/100|[from] Stealth Rock
|move|p2a: Pants|Flamethrower|p1a: Alomomola
|-resisted|p1a: Alomomola
|-damage|p1a: Alomomola|83/100
|
|upkeep
|turn|7
|
|t:|1781578406
|move|p1a: Alomomola|Flip Turn|p2a: Pants
|-damage|p2a: Pants|51/100
|
|t:|1781578410
|switch|p1a: Gliscor|Gliscor, F|100/100|[from] Flip Turn
|-damage|p1a: Gliscor|88/100|[from] Stealth Rock
|move|p2a: Pants|Sludge Bomb|p1a: Gliscor
|-resisted|p1a: Gliscor
|-crit|p1a: Gliscor
|-damage|p1a: Gliscor|66/100
|
|-status|p1a: Gliscor|tox|[from] item: Toxic Orb
|upkeep
|turn|8
|
|t:|1781578422
|switch|p2a: Baku|Great Tusk|100/100
|move|p1a: Gliscor|Earthquake|p2a: Baku
|-damage|p2a: Baku|77/100
|
|-heal|p1a: Gliscor|78/100 tox|[from] ability: Poison Heal
|upkeep
|turn|9
|
|t:|1781578432
|switch|p1a: Corviknight|Corviknight, M|100/100
|-damage|p1a: Corviknight|88/100|[from] Stealth Rock
|-ability|p1a: Corviknight|Pressure
|move|p2a: Baku|Ice Spinner|p1a: Corviknight
|-damage|p1a: Corviknight|70/100
|-damage|p2a: Baku|60/100|[from] item: Rocky Helmet|[of] p1a: Corviknight
|
|upkeep
|turn|10
|
|t:|1781578442
|-end|p2a: Baku|Protosynthesis|[silent]
|switch|p2a: Larxene|Zapdos|87/100
|move|p1a: Corviknight|Defog|p2a: Larxene
|-unboost|p2a: Larxene|evasion|1
|-sideend|p1: Mr.X&Y97|Stealth Rock|[from] move: Defog|[of] p1a: Corviknight
|
|upkeep
|turn|11
|
|t:|1781578449
|switch|p1a: Gliscor|Gliscor, F|78/100 tox
|move|p2a: Larxene|Hurricane|p1a: Gliscor
|-damage|p1a: Gliscor|27/100 tox
|
|-heal|p1a: Gliscor|39/100 tox|[from] ability: Poison Heal
|upkeep
|turn|12
|
|t:|1781578457
|move|p1a: Gliscor|Protect|p1a: Gliscor
|-singleturn|p1a: Gliscor|Protect
|move|p2a: Larxene|Hurricane|p1a: Gliscor
|-activate|p1a: Gliscor|move: Protect
|
|-heal|p1a: Gliscor|52/100 tox|[from] ability: Poison Heal
|upkeep
|turn|13
|
|t:|1781578464
|switch|p1a: Alomomola|Alomomola, M|100/100
|move|p2a: Larxene|Hurricane|p1a: Alomomola
|-damage|p1a: Alomomola|76/100
|-start|p1a: Alomomola|confusion
|
|upkeep
|turn|14
|
|t:|1781578471
|move|p2a: Larxene|Volt Switch|p1a: Alomomola
|-supereffective|p1a: Alomomola
|-damage|p1a: Alomomola|44/100
|
|t:|1781578477
|switch|p2a: Baku|Great Tusk|60/100|[from] Volt Switch
|-activate|p1a: Alomomola|confusion
|move|p1a: Alomomola|Flip Turn|p2a: Baku
|-supereffective|p2a: Baku
|-damage|p2a: Baku|37/100
|
|t:|1781578480
|switch|p1a: Regieleki|Regieleki|88/100|[from] Flip Turn
|
|upkeep
|turn|15
|
|t:|1781578492
|move|p1a: Regieleki|Volt Switch|p2a: Baku
|-damage|p2a: Baku|0 fnt
|faint|p2a: Baku
|-end|p2a: Baku|Protosynthesis|[silent]
|
|t:|1781578506
|switch|p1a: Gliscor|Gliscor, F|52/100 tox|[from] Volt Switch
|
|-heal|p1a: Gliscor|64/100 tox|[from] ability: Poison Heal
|upkeep
|
|t:|1781578515
|switch|p2a: Suika|Ogerpon-Wellspring, F|100/100
|turn|16
|
|t:|1781578524
|switch|p1a: Grafaiai|Grafaiai, F|100/100
|move|p2a: Suika|Ivy Cudgel|p1a: Grafaiai|[anim] Ivy Cudgel Water
|-damage|p1a: Grafaiai|21/100
|
|upkeep
|turn|17
|
|t:|1781578531
|switch|p2a: Larxene|Zapdos|87/100
|move|p1a: Grafaiai|Toxic|p2a: Larxene
|-status|p2a: Larxene|tox
|
|-damage|p2a: Larxene|81/100 tox|[from] psn
|upkeep
|turn|18
|
|t:|1781578557
|switch|p1a: Gliscor|Gliscor, F|64/100 tox
|move|p2a: Larxene|Hurricane|p1a: Gliscor
|-damage|p1a: Gliscor|20/100 tox
|
|-damage|p2a: Larxene|68/100 tox|[from] psn
|-heal|p1a: Gliscor|32/100 tox|[from] ability: Poison Heal
|upkeep
|turn|19
|
|t:|1781578567
|move|p1a: Gliscor|Protect|p1a: Gliscor
|-singleturn|p1a: Gliscor|Protect
|move|p2a: Larxene|Roost|p2a: Larxene
|-heal|p2a: Larxene|100/100 tox
|-singleturn|p2a: Larxene|move: Roost
|
|-damage|p2a: Larxene|82/100 tox|[from] psn
|-heal|p1a: Gliscor|45/100 tox|[from] ability: Poison Heal
|upkeep
|turn|20
|
|t:|1781578589
|switch|p1a: Alomomola|Alomomola, M|78/100
|move|p2a: Larxene|Hurricane|p1a: Alomomola
|-damage|p1a: Alomomola|52/100
|
|-damage|p2a: Larxene|57/100 tox|[from] psn
|upkeep
|turn|21
|
|t:|1781578608
|move|p2a: Larxene|Volt Switch|p1a: Alomomola
|-supereffective|p1a: Alomomola
|-damage|p1a: Alomomola|21/100
|
|t:|1781578611
|switch|p2a: Suika|Ogerpon-Wellspring, F|100/100|[from] Volt Switch
|move|p1a: Alomomola|Mirror Coat|p2a: Suika
|-damage|p2a: Suika|0 fnt
|faint|p2a: Suika
|
|upkeep
|
|t:|1781578621
|switch|p2a: Larxene|Zapdos|57/100 tox
|turn|22
|
|t:|1781578632
|switch|p1a: Grafaiai|Grafaiai, F|21/100
|move|p2a: Larxene|Hurricane|p1a: Grafaiai|[miss]
|-miss|p2a: Larxene|p1a: Grafaiai
|
|-damage|p2a: Larxene|51/100 tox|[from] psn
|upkeep
|turn|23
|
|t:|1781578639
|move|p1a: Grafaiai|Encore|p2a: Larxene
|-start|p2a: Larxene|Encore
|move|p2a: Larxene|Hurricane|p1a: Grafaiai
|-damage|p1a: Grafaiai|0 fnt
|faint|p1a: Grafaiai
|
|-damage|p2a: Larxene|39/100 tox|[from] psn
|upkeep
|
|t:|1781578641
|switch|p1a: Alomomola|Alomomola, M|54/100
|turn|24
|
|t:|1781578653
|switch|p2a: Pants|Slowking-Galar, F|85/100
|move|p1a: Alomomola|Flip Turn|p2a: Pants
|-damage|p2a: Pants|70/100
|
|t:|1781578657
|switch|p1a: Gliscor|Gliscor, F|45/100 tox|[from] Flip Turn
|
|-heal|p1a: Gliscor|57/100 tox|[from] ability: Poison Heal
|upkeep
|turn|25
|
|t:|1781578663
|move|p1a: Gliscor|Protect|p1a: Gliscor
|-singleturn|p1a: Gliscor|Protect
|move|p2a: Pants|Ice Beam|p1a: Gliscor
|-activate|p1a: Gliscor|move: Protect
|
|-heal|p1a: Gliscor|70/100 tox|[from] ability: Poison Heal
|upkeep
|turn|26
|
|t:|1781578670
|move|p1a: Gliscor|Earthquake|p2a: Pants
|-supereffective|p2a: Pants
|-damage|p2a: Pants|7/100
|move|p2a: Pants|Sludge Bomb|p1a: Gliscor
|-resisted|p1a: Gliscor
|-damage|p1a: Gliscor|54/100 tox
|
|-heal|p1a: Gliscor|67/100 tox|[from] ability: Poison Heal
|upkeep
|turn|27
|
|t:|1781578680
|switch|p2a: Larxene|Zapdos|39/100 tox
|move|p1a: Gliscor|Knock Off|p2a: Larxene
|-damage|p2a: Larxene|14/100 tox
|-enditem|p2a: Larxene|Heavy-Duty Boots|[from] move: Knock Off|[of] p1a: Gliscor
|
|-damage|p2a: Larxene|8/100 tox|[from] psn
|-heal|p1a: Gliscor|79/100 tox|[from] ability: Poison Heal
|upkeep
|turn|28
|
|t:|1781578689
|move|p2a: Larxene|Hurricane|p1a: Gliscor
|-damage|p1a: Gliscor|34/100 tox
|move|p1a: Gliscor|Earthquake|p2a: Larxene
|-immune|p2a: Larxene
|
|-damage|p2a: Larxene|0 fnt|[from] psn
|faint|p2a: Larxene
|-heal|p1a: Gliscor|47/100 tox|[from] ability: Poison Heal
|upkeep
|
|t:|1781578699
|switch|p2a: Kos|Dragapult, F|40/100
|turn|29
|
|t:|1781578704
|-terastallize|p2a: Kos|Ghost
|move|p1a: Gliscor|Protect|p1a: Gliscor
|-singleturn|p1a: Gliscor|Protect
|move|p2a: Kos|Shadow Ball|p1a: Gliscor
|-activate|p1a: Gliscor|move: Protect
|
|-heal|p1a: Gliscor|59/100 tox|[from] ability: Poison Heal
|upkeep
|turn|30
|
|t:|1781578720
|move|p2a: Kos|Shadow Ball|p1a: Gliscor
|-damage|p1a: Gliscor|0 fnt
|faint|p1a: Gliscor
|
|upkeep
|
|t:|1781578723
|switch|p1a: Regieleki|Regieleki|88/100
|turn|31
|
|t:|1781578727
|switch|p2a: Pants|Slowking-Galar, F|40/100
|move|p1a: Regieleki|Volt Switch|p2a: Pants
|-damage|p2a: Pants|12/100
|
|t:|1781578736
|switch|p1a: Alomomola|Alomomola, M|88/100|[from] Volt Switch
|
|upkeep
|turn|32
|
|t:|1781578741
|move|p1a: Alomomola|Flip Turn|p2a: Pants
|-damage|p2a: Pants|0 fnt
|faint|p2a: Pants
|
|t:|1781578744
|switch|p1a: Regieleki|Regieleki|88/100|[from] Flip Turn
|
|upkeep
|
|t:|1781578748
|switch|p2a: Nobunaga|Kingambit, M|100/100
|-activate|p2a: Nobunaga|ability: Supreme Overlord
|-start|p2a: Nobunaga|fallen4|[silent]
|-item|p2a: Nobunaga|Air Balloon
|turn|33
|
|t:|1781578755
|switch|p1a: Zamazenta|Zamazenta|100/100
|-ability|p1a: Zamazenta|Dauntless Shield|boost
|-boost|p1a: Zamazenta|def|1
|move|p2a: Nobunaga|Swords Dance|p2a: Nobunaga
|-boost|p2a: Nobunaga|atk|2
|
|upkeep
|turn|34
|
|t:|1781578764
|move|p1a: Zamazenta|Iron Defense|p1a: Zamazenta
|-boost|p1a: Zamazenta|def|2
|move|p2a: Nobunaga|Iron Head|p1a: Zamazenta
|-damage|p1a: Zamazenta|54/100
|
|-heal|p1a: Zamazenta|60/100|[from] item: Leftovers
|upkeep
|turn|35
|inactive|Mr.X&Y97 has 120 seconds left.
|
|t:|1781578795
|-end|p2a: Nobunaga|fallen4|[silent]
|switch|p2a: Kos|Dragapult, F, tera:Ghost|40/100
|move|p1a: Zamazenta|Crunch|p2a: Kos
|-supereffective|p2a: Kos
|-damage|p2a: Kos|0 fnt
|faint|p2a: Kos
|
|-heal|p1a: Zamazenta|66/100|[from] item: Leftovers
|upkeep
|-message|Liker of Mudkips forfeited.
|
|win|Mr.X&Y97
|raw|Mr.X&amp;Y97's rating: 1592 &rarr; <strong>1614</strong><br />(+22 for winning)
|raw|Liker of Mudkips's rating: 1619 &rarr; <strong>1597</strong><br />(-22 for losing)
|l|☆Liker of Mudkips
|player|p2|
|l|☆Mr.X&Y97
|player|p1|
