|j|☆achbeet
|j|☆Yellowishnesses
|t:|1781243686
|gametype|singles
|player|p1|achbeet|1|1508
|player|p2|Yellowishnesses|evelyn|1579
|gen|9
|tier|[Gen 9] OU
|rated|
|rule|HP Percentage Mod: HP is shown in percentages
|rule|Endless Battle Clause: Forcing endless battles is banned
|rule|Species Clause: Limit one of each Pokémon
|rule|OHKO Clause: OHKO moves are banned
|rule|Evasion Items Clause: Evasion items are banned
|rule|Evasion Moves Clause: Evasion moves are banned
|rule|Evasion Abilities Clause: Evasion abilities are banned
|rule|Sleep Moves Clause: Sleep-inducing moves are banned
|clearpoke
|poke|p1|Darkrai|
|poke|p1|Okidogi, M|
|poke|p1|Sandy Shocks|
|poke|p1|Araquanid, M|
|poke|p1|Gholdengo|
|poke|p1|Iron Moth|
|poke|p2|Blissey, F|
|poke|p2|Ogerpon-Wellspring, F|
|poke|p2|Alomomola, F|
|poke|p2|Lokix, M|
|poke|p2|Weezing-Galar, F|
|poke|p2|Cinderace, F|
|teampreview
|
|t:|1781243695
|teamsize|p1|6
|teamsize|p2|6
|start
|switch|p1a: Araquanid|Araquanid, M|100/100
|switch|p2a: Lokix|Lokix, M|100/100
|turn|1
|inactive|Battle timer is ON: inactive players will automatically lose when time's up. (requested by Yellowishnesses)
|
|t:|1781243712
|move|p2a: Lokix|Knock Off|p1a: Araquanid
|-damage|p1a: Araquanid|21/100
|-enditem|p1a: Araquanid|Custap Berry|[from] move: Knock Off|[of] p2a: Lokix
|move|p1a: Araquanid|Sticky Web|p2a: Lokix
|-sidestart|p2: Yellowishnesses|move: Sticky Web
|
|upkeep
|turn|2
|
|t:|1781243718
|move|p2a: Lokix|Knock Off|p1a: Araquanid
|-damage|p1a: Araquanid|0 fnt
|faint|p1a: Araquanid
|
|upkeep
|
|t:|1781243722
|switch|p1a: Iron Moth|Iron Moth|100/100
|-enditem|p1a: Iron Moth|Booster Energy
|-activate|p1a: Iron Moth|ability: Quark Drive|[fromitem]
|-start|p1a: Iron Moth|quarkdrivespa
|turn|3
|
|t:|1781243727
|switch|p2a: Blissey|Blissey, F|100/100
|move|p1a: Iron Moth|Fiery Dance|p2a: Blissey
|-damage|p2a: Blissey|83/100
|-boost|p1a: Iron Moth|spa|1
|
|upkeep
|turn|4
|
|t:|1781243730
|move|p1a: Iron Moth|Fiery Dance|p2a: Blissey
|-damage|p2a: Blissey|56/100
|-boost|p1a: Iron Moth|spa|1
|move|p2a: Blissey|Thunder Wave|p1a: Iron Moth
|-status|p1a: Iron Moth|par
|
|upkeep
|turn|5
|
|t:|1781243734
|cant|p1a: Iron Moth|par
|move|p2a: Blissey|Soft-Boiled|p2a: Blissey
|-heal|p2a: Blissey|100/100
|
|upkeep
|turn|6
|
|t:|1781243736
|move|p1a: Iron Moth|Fiery Dance|p2a: Blissey
|-damage|p2a: Blissey|68/100
|move|p2a: Blissey|Seismic Toss|p1a: Iron Moth
|-damage|p1a: Iron Moth|67/100 par
|
|upkeep
|turn|7
|
|t:|1781243740
|move|p1a: Iron Moth|Fiery Dance|p2a: Blissey
|-damage|p2a: Blissey|34/100
|move|p2a: Blissey|Seismic Toss|p1a: Iron Moth
|-damage|p1a: Iron Moth|34/100 par
|
|upkeep
|turn|8
|
|t:|1781243743
|move|p1a: Iron Moth|Fiery Dance|p2a: Blissey
|-damage|p2a: Blissey|0 fnt
|-boost|p1a: Iron Moth|spa|1
|faint|p2a: Blissey
|
|upkeep
|
|t:|1781243760
|switch|p2a: Lokix|Lokix, M|100/100
|-activate|p2a: Lokix|move: Sticky Web
|-unboost|p2a: Lokix|spe|1
|turn|9
|
|t:|1781243770
|-terastallize|p2a: Lokix|Bug
|move|p2a: Lokix|First Impression|p1a: Iron Moth
|-resisted|p1a: Iron Moth
|-damage|p1a: Iron Moth|0 fnt
|faint|p1a: Iron Moth
|-end|p1a: Iron Moth|Quark Drive|[silent]
|
|upkeep
|
|t:|1781243781
|switch|p1a: Sandy Shocks|Sandy Shocks|100/100
|-enditem|p1a: Sandy Shocks|Booster Energy
|-activate|p1a: Sandy Shocks|ability: Protosynthesis|[fromitem]
|-start|p1a: Sandy Shocks|protosynthesisspe
|turn|10
|
|t:|1781243792
|switch|p2a: Weezing|Weezing-Galar, F|100/100
|-ability|p2a: Weezing|Neutralizing Gas
|-activate|p2a: Weezing|move: Sticky Web
|-unboost|p2a: Weezing|spe|1
|move|p1a: Sandy Shocks|Thunderbolt|p2a: Weezing
|-damage|p2a: Weezing|55/100
|
|-heal|p2a: Weezing|61/100|[from] item: Leftovers
|upkeep
|turn|11
|
|t:|1781243813
|move|p1a: Sandy Shocks|Earth Power|p2a: Weezing
|-supereffective|p2a: Weezing
|-damage|p2a: Weezing|0 fnt
|faint|p2a: Weezing
|-end|p2a: Weezing|ability: Neutralizing Gas
|
|upkeep
|
|t:|1781243816
|switch|p2a: Cinderace|Cinderace, F|100/100
|turn|12
|
|t:|1781243819
|move|p1a: Sandy Shocks|Earth Power|p2a: Cinderace
|-supereffective|p2a: Cinderace
|-damage|p2a: Cinderace|0 fnt
|faint|p2a: Cinderace
|
|upkeep
|
|t:|1781243826
|switch|p2a: Ogerpon|Ogerpon-Wellspring, F|100/100
|-activate|p2a: Ogerpon|move: Sticky Web
|-unboost|p2a: Ogerpon|spe|1
|turn|13
|
|t:|1781243835
|move|p1a: Sandy Shocks|Thunderbolt|p2a: Ogerpon
|-damage|p2a: Ogerpon|54/100
|move|p2a: Ogerpon|Ivy Cudgel|p1a: Sandy Shocks|[anim] Ivy Cudgel Water
|-supereffective|p1a: Sandy Shocks
|-damage|p1a: Sandy Shocks|0 fnt
|faint|p1a: Sandy Shocks
|-end|p1a: Sandy Shocks|Protosynthesis|[silent]
|
|upkeep
|
|t:|1781243842
|switch|p1a: Darkrai|Darkrai|100/100
|turn|14
|
|t:|1781243852
|switch|p2a: Lokix|Lokix, M, tera:Bug|100/100
|-activate|p2a: Lokix|move: Sticky Web
|-unboost|p2a: Lokix|spe|1
|move|p1a: Darkrai|Dark Pulse|p2a: Lokix
|-damage|p2a: Lokix|0 fnt
|faint|p2a: Lokix
|-damage|p1a: Darkrai|91/100|[from] item: Life Orb
|
|upkeep
|j| redskyatnight
|
|t:|1781243862
|switch|p2a: Alomomola|Alomomola, F|100/100
|-activate|p2a: Alomomola|move: Sticky Web
|-unboost|p2a: Alomomola|spe|1
|turn|15
|
|t:|1781243867
|move|p1a: Darkrai|Nasty Plot|p1a: Darkrai
|-boost|p1a: Darkrai|spa|2
|move|p2a: Alomomola|Healing Wish|p2a: Alomomola
|faint|p2a: Alomomola
|
|upkeep
|
|t:|1781243869
|switch|p2a: Ogerpon|Ogerpon-Wellspring, F|54/100
|-heal|p2a: Ogerpon|100/100|[from] move: Healing Wish
|-activate|p2a: Ogerpon|move: Sticky Web
|-unboost|p2a: Ogerpon|spe|1
|turn|16
|l| redskyatnight
|
|t:|1781243875
|move|p1a: Darkrai|Dark Pulse|p2a: Ogerpon
|-damage|p2a: Ogerpon|0 fnt
|faint|p2a: Ogerpon
|-damage|p1a: Darkrai|81/100|[from] item: Life Orb
|
|win|achbeet
|raw|achbeet's rating: 1508 &rarr; <strong>1532</strong><br />(+24 for winning)
|raw|Yellowishnesses's rating: 1579 &rarr; <strong>1555</strong><br />(-24 for losing)
|l|☆achbeet
|player|p1|
|l|☆Yellowishnesses
|player|p2|
