|j|☆praveenkumart236
|j|☆drakolise
|t:|1781025491
|gametype|singles
|player|p1|praveenkumart236|169|1543
|player|p2|drakolise|anabel|1583
|gen|9
|tier|[Gen 9] OU
|rated|
|rule|HP Percentage Mod: HP is shown in percentages
|rule|Endless Battle Clause: Forcing endless battles is banned
|rule|Species Clause: Limit one of each Pokémon
|rule|OHKO Clause: OHKO moves are banned
|rule|Evasion Items Clause: Evasion items are banned
|rule|Evasion Moves Clause: Evasion moves are banned
|rule|Evasion Abilities Clause: Evasion abilities are banned
|rule|Sleep Moves Clause: Sleep-inducing moves are banned
|clearpoke
|poke|p1|Pincurchin, M|
|poke|p1|Pawmot, F|
|poke|p1|Iron Valiant|
|poke|p1|Raging Bolt|
|poke|p1|Iron Treads|
|poke|p1|Iron Moth|
|poke|p2|Gliscor, M|
|poke|p2|Gholdengo|
|poke|p2|Dragonite, M|
|poke|p2|Ting-Lu|
|poke|p2|Walking Wake|
|poke|p2|Zamazenta-*|
|teampreview
|inactive|Battle timer is ON: inactive players will automatically lose when time's up. (requested by praveenkumart236)
|
|t:|1781025512
|teamsize|p1|6
|teamsize|p2|6
|start
|switch|p1a: Pincurchin|Pincurchin, M|100/100
|switch|p2a: Gliscor|Gliscor, M|100/100
|-fieldstart|move: Electric Terrain|[from] ability: Electric Surge|[of] p1a: Pincurchin
|turn|1
|
|t:|1781025529
|switch|p1a: Iron Moth|Iron Moth|100/100
|-item|p1a: Iron Moth|Air Balloon
|-activate|p1a: Iron Moth|ability: Quark Drive
|-start|p1a: Iron Moth|quarkdrivespa
|move|p2a: Gliscor|Protect||[still]
|-fail|p2a: Gliscor
|
|-status|p2a: Gliscor|tox|[from] item: Toxic Orb
|upkeep
|turn|2
|
|t:|1781025544
|switch|p2a: Ting-Lu|Ting-Lu|100/100
|-ability|p2a: Ting-Lu|Vessel of Ruin
|move|p1a: Iron Moth|Fiery Dance|p2a: Ting-Lu
|-damage|p2a: Ting-Lu|78/100
|-boost|p1a: Iron Moth|spa|1
|
|-heal|p2a: Ting-Lu|85/100|[from] item: Leftovers
|upkeep
|turn|3
|
|t:|1781025553
|move|p1a: Iron Moth|Dazzling Gleam|p2a: Ting-Lu
|-supereffective|p2a: Ting-Lu
|-damage|p2a: Ting-Lu|37/100
|move|p2a: Ting-Lu|Whirlwind|p1a: Iron Moth
|-end|p1a: Iron Moth|Quark Drive|[silent]
|drag|p1a: Raging Bolt|Raging Bolt|100/100
|-enditem|p1a: Raging Bolt|Electric Seed
|-boost|p1a: Raging Bolt|def|1|[from] item: Electric Seed
|
|-heal|p2a: Ting-Lu|43/100|[from] item: Leftovers
|upkeep
|turn|4
|
|t:|1781025570
|-end|p1a: Raging Bolt|Protosynthesis|[silent]
|switch|p1a: Iron Moth|Iron Moth|100/100
|-item|p1a: Iron Moth|Air Balloon
|-activate|p1a: Iron Moth|ability: Quark Drive
|-start|p1a: Iron Moth|quarkdrivespa
|move|p2a: Ting-Lu|Earthquake|p1a: Iron Moth
|-immune|p1a: Iron Moth
|
|-heal|p2a: Ting-Lu|50/100|[from] item: Leftovers
|upkeep
|turn|5
|
|t:|1781025586
|move|p1a: Iron Moth|Overheat|p2a: Ting-Lu
|-damage|p2a: Ting-Lu|9/100
|-unboost|p1a: Iron Moth|spa|2
|move|p2a: Ting-Lu|Ruination|p1a: Iron Moth
|-damage|p1a: Iron Moth|51/100
|-enditem|p1a: Iron Moth|Air Balloon
|
|-heal|p2a: Ting-Lu|15/100|[from] item: Leftovers
|upkeep
|turn|6
|
|t:|1781025593
|move|p1a: Iron Moth|Dazzling Gleam|p2a: Ting-Lu
|-supereffective|p2a: Ting-Lu
|-damage|p2a: Ting-Lu|0 fnt
|faint|p2a: Ting-Lu
|
|upkeep
|
|t:|1781025599
|switch|p2a: Walking Wake|Walking Wake|100/100
|turn|7
|inactive|praveenkumart236 has 120 seconds left.
|
|t:|1781025630
|move|p1a: Iron Moth|Dazzling Gleam|p2a: Walking Wake
|-supereffective|p2a: Walking Wake
|-damage|p2a: Walking Wake|58/100
|move|p2a: Walking Wake|Surf|p1a: Iron Moth
|-supereffective|p1a: Iron Moth
|-damage|p1a: Iron Moth|0 fnt
|faint|p1a: Iron Moth
|-end|p1a: Iron Moth|Quark Drive|[silent]
|
|upkeep
|
|t:|1781025645
|switch|p1a: Iron Valiant|Iron Valiant|100/100
|-activate|p1a: Iron Valiant|ability: Quark Drive
|-start|p1a: Iron Valiant|quarkdrivespe
|turn|8
|
|t:|1781025655
|-end|p2a: Walking Wake|Protosynthesis|[silent]
|switch|p2a: Gholdengo|Gholdengo|100/100
|move|p1a: Iron Valiant|Close Combat|p2a: Gholdengo
|-immune|p2a: Gholdengo
|
|-fieldend|move: Electric Terrain
|-end|p1a: Iron Valiant|Quark Drive
|upkeep
|turn|9
|
|t:|1781025659
|-end|p1a: Iron Valiant|Quark Drive|[silent]
|switch|p1a: Pincurchin|Pincurchin, M|100/100
|-fieldstart|move: Electric Terrain|[from] ability: Electric Surge|[of] p1a: Pincurchin
|move|p2a: Gholdengo|Shadow Ball|p1a: Pincurchin
|-damage|p1a: Pincurchin|45/100
|-unboost|p1a: Pincurchin|spd|1
|
|upkeep
|turn|10
|
|t:|1781025668
|move|p1a: Pincurchin|Sucker Punch|p2a: Gholdengo
|-supereffective|p2a: Gholdengo
|-damage|p2a: Gholdengo|48/100
|move|p2a: Gholdengo|Shadow Ball|p1a: Pincurchin
|-damage|p1a: Pincurchin|0 fnt
|faint|p1a: Pincurchin
|
|upkeep
|inactive|praveenkumart236 has 120 seconds left.
|
|t:|1781025691
|switch|p1a: Iron Treads|Iron Treads|100/100
|-activate|p1a: Iron Treads|ability: Quark Drive
|-start|p1a: Iron Treads|quarkdrivespe
|turn|11
|inactive|praveenkumart236 has 120 seconds left.
|
|t:|1781025701
|switch|p2a: Gliscor|Gliscor, M|100/100 tox
|move|p1a: Iron Treads|Knock Off|p2a: Gliscor
|-damage|p2a: Gliscor|86/100 tox
|-enditem|p2a: Gliscor|Toxic Orb|[from] move: Knock Off|[of] p1a: Iron Treads
|
|-heal|p2a: Gliscor|99/100 tox|[from] ability: Poison Heal
|upkeep
|turn|12
|
|t:|1781025714
|move|p1a: Iron Treads|Stealth Rock|p2a: Gliscor
|-sidestart|p2: drakolise|move: Stealth Rock
|move|p2a: Gliscor|Earthquake|p1a: Iron Treads
|-supereffective|p1a: Iron Treads
|-damage|p1a: Iron Treads|52/100
|-enditem|p1a: Iron Treads|Eject Button
|
|t:|1781025723
|-end|p1a: Iron Treads|Quark Drive|[silent]
|switch|p1a: Iron Valiant|Iron Valiant|100/100
|-activate|p1a: Iron Valiant|ability: Quark Drive
|-start|p1a: Iron Valiant|quarkdrivespe
|
|-heal|p2a: Gliscor|100/100 tox|[from] ability: Poison Heal
|upkeep
|turn|13
|
|t:|1781025735
|move|p1a: Iron Valiant|Ice Punch|p2a: Gliscor
|-supereffective|p2a: Gliscor
|-damage|p2a: Gliscor|16/100 tox
|-damage|p1a: Iron Valiant|90/100|[from] item: Life Orb
|move|p2a: Gliscor|Toxic|p1a: Iron Valiant
|-status|p1a: Iron Valiant|tox
|
|-damage|p1a: Iron Valiant|84/100 tox|[from] psn
|-heal|p2a: Gliscor|29/100 tox|[from] ability: Poison Heal
|upkeep
|turn|14
|
|t:|1781025749
|move|p2a: Gliscor|Protect|p2a: Gliscor
|-singleturn|p2a: Gliscor|Protect
|move|p1a: Iron Valiant|Swords Dance|p1a: Iron Valiant
|-boost|p1a: Iron Valiant|atk|2
|
|-damage|p1a: Iron Valiant|72/100 tox|[from] psn
|-heal|p2a: Gliscor|41/100 tox|[from] ability: Poison Heal
|upkeep
|turn|15
|inactive|drakolise has 120 seconds left.
|
|t:|1781025797
|switch|p2a: Zamazenta|Zamazenta|100/100
|-ability|p2a: Zamazenta|Dauntless Shield|boost
|-boost|p2a: Zamazenta|def|1
|move|p1a: Iron Valiant|Ice Punch|p2a: Zamazenta
|-damage|p2a: Zamazenta|56/100
|-damage|p1a: Iron Valiant|62/100 tox|[from] item: Life Orb
|
|-damage|p1a: Iron Valiant|43/100 tox|[from] psn
|upkeep
|turn|16
|
|t:|1781025808
|switch|p2a: Gliscor|Gliscor, M|41/100 tox
|-damage|p2a: Gliscor|29/100 tox|[from] Stealth Rock
|move|p1a: Iron Valiant|Close Combat|p2a: Gliscor
|-resisted|p2a: Gliscor
|-damage|p2a: Gliscor|0 fnt
|-unboost|p1a: Iron Valiant|def|1
|-unboost|p1a: Iron Valiant|spd|1
|faint|p2a: Gliscor
|-damage|p1a: Iron Valiant|33/100 tox|[from] item: Life Orb
|
|-damage|p1a: Iron Valiant|8/100 tox|[from] psn
|-fieldend|move: Electric Terrain
|-end|p1a: Iron Valiant|Quark Drive
|upkeep
|
|t:|1781025817
|switch|p2a: Dragonite|Dragonite, M|100/100
|turn|17
|
|t:|1781025825
|move|p1a: Iron Valiant|Ice Punch|p2a: Dragonite
|-supereffective|p2a: Dragonite
|-damage|p2a: Dragonite|0 fnt
|faint|p2a: Dragonite
|-damage|p1a: Iron Valiant|0 fnt|[from] item: Life Orb
|faint|p1a: Iron Valiant
|-end|p1a: Iron Valiant|Quark Drive|[silent]
|
|upkeep
|
|t:|1781025835
|switch|p1a: Pawmot|Pawmot, F|100/100
|switch|p2a: Walking Wake|Walking Wake|58/100
|turn|18
|
|t:|1781025841
|move|p2a: Walking Wake|Draco Meteor|p1a: Pawmot|[miss]
|-miss|p2a: Walking Wake|p1a: Pawmot
|move|p1a: Pawmot|Revival Blessing|p1a: Pawmot
|-enditem|p1a: Pawmot|Leppa Berry|[eat]
|-activate|p1a: Pawmot|item: Leppa Berry|Revival Blessing|[consumed]
|
|t:|1781025850
|-heal|p1: Pincurchin|50/100|[from] move: Revival Blessing
|
|upkeep
|turn|19
|
|t:|1781025855
|move|p2a: Walking Wake|Surf|p1a: Pawmot
|-damage|p1a: Pawmot|33/100
|move|p1a: Pawmot|Nuzzle|p2a: Walking Wake
|-damage|p2a: Walking Wake|49/100
|-status|p2a: Walking Wake|par
|
|upkeep
|turn|20
|
|t:|1781025862
|move|p1a: Pawmot|Revival Blessing|p1a: Pawmot
|
|t:|1781025865
|-heal|p1: Iron Valiant|50/100|[from] move: Revival Blessing
|move|p2a: Walking Wake|Surf|p1a: Pawmot
|-damage|p1a: Pawmot|0 fnt
|faint|p1a: Pawmot
|
|upkeep
|-message|drakolise forfeited.
|
|win|praveenkumart236
|raw|praveenkumart236's rating: 1543 &rarr; <strong>1565</strong><br />(+22 for winning)
|raw|drakolise's rating: 1583 &rarr; <strong>1561</strong><br />(-22 for losing)
|l|☆drakolise
|player|p2|
|l|☆praveenkumart236
|player|p1|
