|j|☆bahnmiking
|j|☆LowEL0God
|t:|1781513480
|gametype|singles
|player|p1|bahnmiking|266|1558
|player|p2|LowEL0God|265|1731
|gen|9
|tier|[Gen 9] OU
|rated|
|rule|HP Percentage Mod: HP is shown in percentages
|rule|Endless Battle Clause: Forcing endless battles is banned
|rule|Species Clause: Limit one of each Pokémon
|rule|OHKO Clause: OHKO moves are banned
|rule|Evasion Items Clause: Evasion items are banned
|rule|Evasion Moves Clause: Evasion moves are banned
|rule|Evasion Abilities Clause: Evasion abilities are banned
|rule|Sleep Moves Clause: Sleep-inducing moves are banned
|clearpoke
|poke|p1|Clodsire, F|
|poke|p1|Toxapex, M|
|poke|p1|Corviknight, M|
|poke|p1|Dondozo, F|
|poke|p1|Clefable, M|
|poke|p1|Gliscor, F|
|poke|p2|Pelipper, F|
|poke|p2|Raging Bolt|
|poke|p2|Overqwil, M|
|poke|p2|Barraskewda, F|
|poke|p2|Iron Treads|
|poke|p2|Kingambit, F|
|teampreview
|c|☆LowEL0God|hf
|inactive|Battle timer is ON: inactive players will automatically lose when time's up. (requested by LowEL0God)
|
|t:|1781513491
|teamsize|p1|6
|teamsize|p2|6
|start
|switch|p1a: love this for you|Clefable, M|100/100
|switch|p2a: Kingambit|Kingambit, F|100/100
|turn|1
|
|t:|1781513499
|move|p1a: love this for you|Stealth Rock|p2a: Kingambit
|-sidestart|p2: LowEL0God|move: Stealth Rock
|move|p2a: Kingambit|Swords Dance|p2a: Kingambit
|-boost|p2a: Kingambit|atk|2
|
|upkeep
|turn|2
|
|t:|1781513502
|switch|p1a: keep trying|Dondozo, F|100/100
|move|p2a: Kingambit|Iron Head|p1a: keep trying
|-resisted|p1a: keep trying
|-crit|p1a: keep trying
|-damage|p1a: keep trying|85/100
|
|-heal|p1a: keep trying|92/100|[from] item: Leftovers
|upkeep
|turn|3
|
|t:|1781513508
|move|p2a: Kingambit|Iron Head|p1a: keep trying
|-resisted|p1a: keep trying
|-damage|p1a: keep trying|80/100
|move|p1a: keep trying|Curse|p1a: keep trying
|-unboost|p1a: keep trying|spe|1
|-boost|p1a: keep trying|atk|1
|-boost|p1a: keep trying|def|1
|
|-heal|p1a: keep trying|86/100|[from] item: Leftovers
|upkeep
|turn|4
|
|t:|1781513513
|move|p2a: Kingambit|Swords Dance|p2a: Kingambit
|-boost|p2a: Kingambit|atk|2
|move|p1a: keep trying|Crunch|p2a: Kingambit
|-resisted|p2a: Kingambit
|-damage|p2a: Kingambit|91/100
|
|-heal|p2a: Kingambit|98/100|[from] item: Leftovers
|-heal|p1a: keep trying|93/100|[from] item: Leftovers
|upkeep
|turn|5
|
|t:|1781513516
|move|p2a: Kingambit|Kowtow Cleave|p1a: keep trying
|-damage|p1a: keep trying|78/100
|move|p1a: keep trying|Curse|p1a: keep trying
|-unboost|p1a: keep trying|spe|1
|-boost|p1a: keep trying|atk|1
|-boost|p1a: keep trying|def|1
|
|-heal|p2a: Kingambit|100/100|[from] item: Leftovers
|-heal|p1a: keep trying|84/100|[from] item: Leftovers
|upkeep
|turn|6
|
|t:|1781513522
|move|p2a: Kingambit|Kowtow Cleave|p1a: keep trying
|-damage|p1a: keep trying|73/100
|move|p1a: keep trying|Crunch|p2a: Kingambit
|-resisted|p2a: Kingambit
|-damage|p2a: Kingambit|88/100
|
|-heal|p2a: Kingambit|94/100|[from] item: Leftovers
|-heal|p1a: keep trying|80/100|[from] item: Leftovers
|upkeep
|turn|7
|
|t:|1781513528
|move|p2a: Kingambit|Kowtow Cleave|p1a: keep trying
|-damage|p1a: keep trying|68/100
|move|p1a: keep trying|Curse|p1a: keep trying
|-unboost|p1a: keep trying|spe|1
|-boost|p1a: keep trying|atk|1
|-boost|p1a: keep trying|def|1
|
|-heal|p2a: Kingambit|99/100|[from] item: Leftovers
|-heal|p1a: keep trying|74/100|[from] item: Leftovers
|upkeep
|turn|8
|
|t:|1781513530
|move|p2a: Kingambit|Kowtow Cleave|p1a: keep trying
|-damage|p1a: keep trying|65/100
|move|p1a: keep trying|Curse|p1a: keep trying
|-unboost|p1a: keep trying|spe|1
|-boost|p1a: keep trying|atk|1
|-boost|p1a: keep trying|def|1
|
|-heal|p2a: Kingambit|100/100|[from] item: Leftovers
|-heal|p1a: keep trying|71/100|[from] item: Leftovers
|upkeep
|turn|9
|
|t:|1781513533
|move|p2a: Kingambit|Iron Head|p1a: keep trying
|-resisted|p1a: keep trying
|-damage|p1a: keep trying|68/100
|cant|p1a: keep trying|flinch
|
|-heal|p1a: keep trying|74/100|[from] item: Leftovers
|upkeep
|turn|10
|j| InVincii
|
|t:|1781513536
|move|p2a: Kingambit|Kowtow Cleave|p1a: keep trying
|-damage|p1a: keep trying|67/100
|move|p1a: keep trying|Curse|p1a: keep trying
|-unboost|p1a: keep trying|spe|1
|-boost|p1a: keep trying|atk|1
|-boost|p1a: keep trying|def|1
|
|-heal|p1a: keep trying|73/100|[from] item: Leftovers
|upkeep
|turn|11
|
|t:|1781513538
|move|p2a: Kingambit|Kowtow Cleave|p1a: keep trying
|-damage|p1a: keep trying|66/100
|move|p1a: keep trying|Curse|p1a: keep trying
|-unboost|p1a: keep trying|spe|1
|-boost|p1a: keep trying|atk|1
|-boost|p1a: keep trying|def|1
|
|-heal|p1a: keep trying|72/100|[from] item: Leftovers
|upkeep
|turn|12
|
|t:|1781513543
|move|p2a: Kingambit|Kowtow Cleave|p1a: keep trying
|-damage|p1a: keep trying|66/100
|move|p1a: keep trying|Crunch|p2a: Kingambit
|-resisted|p2a: Kingambit
|-damage|p2a: Kingambit|76/100
|
|-heal|p2a: Kingambit|82/100|[from] item: Leftovers
|-heal|p1a: keep trying|72/100|[from] item: Leftovers
|upkeep
|turn|13
|
|t:|1781513549
|move|p2a: Kingambit|Kowtow Cleave|p1a: keep trying
|-damage|p1a: keep trying|67/100
|move|p1a: keep trying|Crunch|p2a: Kingambit
|-resisted|p2a: Kingambit
|-damage|p2a: Kingambit|54/100
|
|-heal|p2a: Kingambit|60/100|[from] item: Leftovers
|-heal|p1a: keep trying|73/100|[from] item: Leftovers
|upkeep
|turn|14
|
|t:|1781513556
|move|p2a: Kingambit|Kowtow Cleave|p1a: keep trying
|-damage|p1a: keep trying|67/100
|move|p1a: keep trying|Crunch|p2a: Kingambit
|-resisted|p2a: Kingambit
|-damage|p2a: Kingambit|33/100
|-unboost|p2a: Kingambit|def|1
|
|-heal|p2a: Kingambit|39/100|[from] item: Leftovers
|-heal|p1a: keep trying|73/100|[from] item: Leftovers
|upkeep
|turn|15
|
|t:|1781513560
|move|p2a: Kingambit|Kowtow Cleave|p1a: keep trying
|-damage|p1a: keep trying|67/100
|move|p1a: keep trying|Crunch|p2a: Kingambit
|-resisted|p2a: Kingambit
|-damage|p2a: Kingambit|14/100
|
|-heal|p2a: Kingambit|20/100|[from] item: Leftovers
|-heal|p1a: keep trying|73/100|[from] item: Leftovers
|upkeep
|turn|16
|
|t:|1781513564
|move|p2a: Kingambit|Iron Head|p1a: keep trying
|-resisted|p1a: keep trying
|-damage|p1a: keep trying|70/100
|move|p1a: keep trying|Crunch|p2a: Kingambit
|-resisted|p2a: Kingambit
|-damage|p2a: Kingambit|0 fnt
|faint|p2a: Kingambit
|-end|p2a: Kingambit|fallenundefined|[silent]
|
|-heal|p1a: keep trying|77/100|[from] item: Leftovers
|upkeep
|
|t:|1781513565
|switch|p2a: Raging Bolt|Raging Bolt|100/100
|-damage|p2a: Raging Bolt|88/100|[from] Stealth Rock
|-enditem|p2a: Raging Bolt|Booster Energy
|-activate|p2a: Raging Bolt|ability: Protosynthesis|[fromitem]
|-start|p2a: Raging Bolt|protosynthesisspa
|turn|17
|
|t:|1781513572
|switch|p1a: did you calc that?|Clodsire, F|100/100
|move|p2a: Raging Bolt|Draco Meteor|p1a: did you calc that?
|-damage|p1a: did you calc that?|47/100
|-unboost|p2a: Raging Bolt|spa|2
|
|upkeep
|turn|18
|
|t:|1781513579
|-end|p2a: Raging Bolt|Protosynthesis|[silent]
|switch|p2a: Overqwil|Overqwil, M|100/100
|-damage|p2a: Overqwil|88/100|[from] Stealth Rock
|switch|p1a: love this for you|Clefable, M|100/100
|
|upkeep
|turn|19
|
|t:|1781513584
|switch|p1a: take your time|Toxapex, M|100/100
|move|p2a: Overqwil|Swords Dance|p2a: Overqwil
|-boost|p2a: Overqwil|atk|2
|
|upkeep
|turn|20
|
|t:|1781513599
|move|p2a: Overqwil|Crunch|p1a: take your time
|-damage|p1a: take your time|34/100
|-unboost|p1a: take your time|def|1
|-damage|p2a: Overqwil|78/100|[from] item: Life Orb
|move|p1a: take your time|Infestation|p2a: Overqwil
|-damage|p2a: Overqwil|75/100
|-activate|p2a: Overqwil|move: Infestation|[of] p1a: take your time
|
|-heal|p1a: take your time|40/100|[from] item: Leftovers
|-damage|p2a: Overqwil|62/100|[from] move: Infestation|[partiallytrapped]
|upkeep
|turn|21
|
|t:|1781513603
|move|p1a: take your time|Baneful Bunker|p1a: take your time
|-singleturn|p1a: take your time|move: Protect
|move|p2a: Overqwil|Crunch|p1a: take your time
|-activate|p1a: take your time|move: Protect
|
|-heal|p1a: take your time|46/100|[from] item: Leftovers
|-damage|p2a: Overqwil|50/100|[from] move: Infestation|[partiallytrapped]
|upkeep
|turn|22
|
|t:|1781513613
|switch|p1a: keep trying|Dondozo, F|77/100
|move|p2a: Overqwil|Crunch|p1a: keep trying
|-damage|p1a: keep trying|52/100
|-damage|p2a: Overqwil|40/100|[from] item: Life Orb
|
|-heal|p1a: keep trying|58/100|[from] item: Leftovers
|-end|p2a: Overqwil|Infestation|[partiallytrapped]|[silent]
|upkeep
|turn|23
|
|t:|1781513622
|move|p2a: Overqwil|Swords Dance|p2a: Overqwil
|-boost|p2a: Overqwil|atk|2
|move|p1a: keep trying|Curse|p1a: keep trying
|-unboost|p1a: keep trying|spe|1
|-boost|p1a: keep trying|atk|1
|-boost|p1a: keep trying|def|1
|
|-heal|p1a: keep trying|64/100|[from] item: Leftovers
|upkeep
|turn|24
|
|t:|1781513635
|move|p2a: Overqwil|Gunk Shot|p1a: keep trying|[miss]
|-miss|p2a: Overqwil|p1a: keep trying
|move|p1a: keep trying|Crunch|p2a: Overqwil
|-resisted|p2a: Overqwil
|-damage|p2a: Overqwil|24/100
|
|-heal|p1a: keep trying|70/100|[from] item: Leftovers
|upkeep
|turn|25
|
|t:|1781513645
|move|p2a: Overqwil|Gunk Shot|p1a: keep trying|[miss]
|-miss|p2a: Overqwil|p1a: keep trying
|move|p1a: keep trying|Rest|p1a: keep trying
|-status|p1a: keep trying|slp|[from] move: Rest
|-heal|p1a: keep trying|100/100 slp|[silent]
|
|upkeep
|turn|26
|
|t:|1781513648
|move|p2a: Overqwil|Crunch|p1a: keep trying
|-damage|p1a: keep trying|85/100 slp
|-damage|p2a: Overqwil|14/100|[from] item: Life Orb
|cant|p1a: keep trying|slp
|move|p1a: keep trying|Sleep Talk|p1a: keep trying
|move|p1a: keep trying|Rest||[from] move: Sleep Talk|[still]
|-fail|p1a: keep trying
|
|-heal|p1a: keep trying|91/100 slp|[from] item: Leftovers
|upkeep
|turn|27
|c| InVincii|Does this guy never hear of unaware?
|
|t:|1781513654
|move|p2a: Overqwil|Swords Dance|p2a: Overqwil
|-boost|p2a: Overqwil|atk|2
|cant|p1a: keep trying|slp
|move|p1a: keep trying|Sleep Talk|p1a: keep trying
|move|p1a: keep trying|Crunch|p2a: Overqwil|[from] move: Sleep Talk
|-resisted|p2a: Overqwil
|-damage|p2a: Overqwil|0 fnt
|faint|p2a: Overqwil
|
|-heal|p1a: keep trying|97/100 slp|[from] item: Leftovers
|upkeep
|
|t:|1781513655
|switch|p2a: Iron Treads|Iron Treads|100/100
|-damage|p2a: Iron Treads|97/100|[from] Stealth Rock
|-enditem|p2a: Iron Treads|Booster Energy
|-activate|p2a: Iron Treads|ability: Quark Drive|[fromitem]
|-start|p2a: Iron Treads|quarkdrivespe
|turn|28
|
|t:|1781513659
|move|p2a: Iron Treads|Rapid Spin|p1a: keep trying
|-damage|p1a: keep trying|95/100 slp
|-boost|p2a: Iron Treads|spe|1
|-sideend|p2: LowEL0God|Stealth Rock|[from] move: Rapid Spin|[of] p2a: Iron Treads
|-curestatus|p1a: keep trying|slp|[msg]
|move|p1a: keep trying|Crunch|p2a: Iron Treads
|-damage|p2a: Iron Treads|72/100
|
|-heal|p1a: keep trying|100/100|[from] item: Leftovers
|upkeep
|turn|29
|
|t:|1781513668
|move|p2a: Iron Treads|Stealth Rock|p1a: keep trying
|-sidestart|p1: bahnmiking|move: Stealth Rock
|move|p1a: keep trying|Crunch|p2a: Iron Treads
|-damage|p2a: Iron Treads|48/100
|
|upkeep
|turn|30
|
|t:|1781513670
|move|p2a: Iron Treads|Earth Power|p1a: keep trying
|-damage|p1a: keep trying|69/100
|move|p1a: keep trying|Crunch|p2a: Iron Treads
|-damage|p2a: Iron Treads|24/100
|
|-heal|p1a: keep trying|76/100|[from] item: Leftovers
|upkeep
|turn|31
|
|t:|1781513677
|move|p2a: Iron Treads|Earth Power|p1a: keep trying
|-damage|p1a: keep trying|44/100
|move|p1a: keep trying|Crunch|p2a: Iron Treads
|-damage|p2a: Iron Treads|0 fnt
|faint|p2a: Iron Treads
|-end|p2a: Iron Treads|Quark Drive|[silent]
|
|-heal|p1a: keep trying|50/100|[from] item: Leftovers
|upkeep
|
|t:|1781513677
|switch|p2a: Pelipper|Pelipper, F|100/100
|-weather|RainDance|[from] ability: Drizzle|[of] p2a: Pelipper
|turn|32
|
|t:|1781513682
|move|p2a: Pelipper|Hurricane|p1a: keep trying
|-damage|p1a: keep trying|13/100
|move|p1a: keep trying|Rest|p1a: keep trying
|-status|p1a: keep trying|slp|[from] move: Rest
|-heal|p1a: keep trying|100/100 slp|[silent]
|
|-weather|RainDance|[upkeep]
|upkeep
|turn|33
|
|t:|1781513690
|switch|p1a: take your time|Toxapex, M|79/100
|-damage|p1a: take your time|67/100|[from] Stealth Rock
|move|p2a: Pelipper|Hurricane|p1a: take your time
|-damage|p1a: take your time|38/100
|-start|p1a: take your time|confusion
|
|-weather|RainDance|[upkeep]
|-heal|p1a: take your time|44/100|[from] item: Leftovers
|upkeep
|turn|34
|
|t:|1781513698
|switch|p1a: nothing new there|Gliscor, F|100/100
|-damage|p1a: nothing new there|88/100|[from] Stealth Rock
|move|p2a: Pelipper|Hurricane|p1a: nothing new there
|-damage|p1a: nothing new there|40/100
|-start|p1a: nothing new there|confusion
|
|-weather|RainDance|[upkeep]
|-status|p1a: nothing new there|tox|[from] item: Toxic Orb
|upkeep
|turn|35
|
|t:|1781513713
|-activate|p1a: nothing new there|confusion
|move|p1a: nothing new there|Protect|p1a: nothing new there
|-singleturn|p1a: nothing new there|Protect
|move|p2a: Pelipper|Hurricane|p1a: nothing new there
|-activate|p1a: nothing new there|move: Protect
|
|-weather|RainDance|[upkeep]
|-heal|p1a: nothing new there|52/100 tox|[from] ability: Poison Heal
|upkeep
|turn|36
|
|t:|1781513719
|switch|p1a: per my last turn|Corviknight, M|100/100
|-damage|p1a: per my last turn|88/100|[from] Stealth Rock
|-ability|p1a: per my last turn|Pressure
|move|p2a: Pelipper|Hurricane|p1a: per my last turn
|-resisted|p1a: per my last turn
|-damage|p1a: per my last turn|76/100
|
|-weather|RainDance|[upkeep]
|-heal|p1a: per my last turn|83/100|[from] item: Leftovers
|upkeep
|turn|37
|
|t:|1781513727
|move|p1a: per my last turn|Defog|p2a: Pelipper
|-unboost|p2a: Pelipper|evasion|1
|-sideend|p1: bahnmiking|Stealth Rock|[from] move: Defog|[of] p1a: per my last turn
|move|p2a: Pelipper|Weather Ball|p1a: per my last turn
|-damage|p1a: per my last turn|48/100
|
|-weather|RainDance|[upkeep]
|-heal|p1a: per my last turn|54/100|[from] item: Leftovers
|upkeep
|turn|38
|
|t:|1781513734
|move|p1a: per my last turn|Protect|p1a: per my last turn
|-singleturn|p1a: per my last turn|Protect
|move|p2a: Pelipper|U-turn|p1a: per my last turn
|-activate|p1a: per my last turn|move: Protect
|
|-weather|RainDance|[upkeep]
|-heal|p1a: per my last turn|60/100|[from] item: Leftovers
|upkeep
|turn|39
|
|t:|1781513739
|move|p1a: per my last turn|Roost|p1a: per my last turn
|-heal|p1a: per my last turn|100/100
|-singleturn|p1a: per my last turn|move: Roost
|move|p2a: Pelipper|Weather Ball|p1a: per my last turn
|-damage|p1a: per my last turn|66/100
|
|-weather|none
|-heal|p1a: per my last turn|72/100|[from] item: Leftovers
|upkeep
|turn|40
|
|t:|1781513745
|switch|p2a: Barraskewda|Barraskewda, F|100/100
|move|p1a: per my last turn|Brave Bird|p2a: Barraskewda
|-damage|p2a: Barraskewda|28/100
|-damage|p1a: per my last turn|56/100|[from] Recoil
|
|-heal|p1a: per my last turn|63/100|[from] item: Leftovers
|upkeep
|turn|41
|j| fffggghhhh
|
|t:|1781513751
|move|p1a: per my last turn|Protect|p1a: per my last turn
|-singleturn|p1a: per my last turn|Protect
|move|p2a: Barraskewda|Liquidation|p1a: per my last turn
|-activate|p1a: per my last turn|move: Protect
|
|-heal|p1a: per my last turn|69/100|[from] item: Leftovers
|upkeep
|turn|42
|
|t:|1781513758
|switch|p1a: take your time|Toxapex, M|77/100
|move|p2a: Barraskewda|Liquidation|p1a: take your time
|-resisted|p1a: take your time
|-damage|p1a: take your time|56/100
|
|-heal|p1a: take your time|62/100|[from] item: Leftovers
|upkeep
|turn|43
|
|t:|1781513764
|move|p2a: Barraskewda|Liquidation|p1a: take your time
|-resisted|p1a: take your time
|-damage|p1a: take your time|42/100
|move|p1a: take your time|Infestation|p2a: Barraskewda
|-damage|p2a: Barraskewda|22/100
|-activate|p2a: Barraskewda|move: Infestation|[of] p1a: take your time
|
|-heal|p1a: take your time|48/100|[from] item: Leftovers
|-damage|p2a: Barraskewda|10/100|[from] move: Infestation|[partiallytrapped]
|upkeep
|turn|44
|
|t:|1781513768
|move|p2a: Barraskewda|Liquidation|p1a: take your time
|-resisted|p1a: take your time
|-damage|p1a: take your time|25/100
|move|p1a: take your time|Recover|p1a: take your time
|-heal|p1a: take your time|75/100
|
|-heal|p1a: take your time|82/100|[from] item: Leftovers
|-damage|p2a: Barraskewda|0 fnt|[from] move: Infestation|[partiallytrapped]
|faint|p2a: Barraskewda
|upkeep
|
|t:|1781513769
|switch|p2a: Pelipper|Pelipper, F|100/100
|-weather|RainDance|[from] ability: Drizzle|[of] p2a: Pelipper
|turn|45
|
|t:|1781513776
|move|p2a: Pelipper|Hurricane|p1a: take your time
|-damage|p1a: take your time|51/100
|move|p1a: take your time|Poison Jab|p2a: Pelipper
|-damage|p2a: Pelipper|86/100
|
|-weather|RainDance|[upkeep]
|-heal|p1a: take your time|57/100|[from] item: Leftovers
|upkeep
|turn|46
|
|t:|1781513782
|move|p1a: take your time|Baneful Bunker|p1a: take your time
|-singleturn|p1a: take your time|move: Protect
|move|p2a: Pelipper|Hurricane|p1a: take your time
|-activate|p1a: take your time|move: Protect
|
|-weather|RainDance|[upkeep]
|-heal|p1a: take your time|64/100|[from] item: Leftovers
|upkeep
|turn|47
|
|t:|1781513788
|move|p2a: Pelipper|Hurricane|p1a: take your time
|-damage|p1a: take your time|34/100
|move|p1a: take your time|Poison Jab|p2a: Pelipper
|-damage|p2a: Pelipper|72/100
|
|-weather|RainDance|[upkeep]
|-heal|p1a: take your time|40/100|[from] item: Leftovers
|upkeep
|turn|48
|l| fffggghhhh
|
|t:|1781513794
|move|p1a: take your time|Baneful Bunker|p1a: take your time
|-singleturn|p1a: take your time|move: Protect
|move|p2a: Pelipper|Hurricane|p1a: take your time
|-activate|p1a: take your time|move: Protect
|
|-weather|RainDance|[upkeep]
|-heal|p1a: take your time|47/100|[from] item: Leftovers
|upkeep
|turn|49
|
|t:|1781513799
|switch|p1a: per my last turn|Corviknight, M|69/100
|-ability|p1a: per my last turn|Pressure
|move|p2a: Pelipper|Hurricane|p1a: per my last turn
|-resisted|p1a: per my last turn
|-damage|p1a: per my last turn|56/100
|
|-weather|RainDance|[upkeep]
|-heal|p1a: per my last turn|62/100|[from] item: Leftovers
|upkeep
|turn|50
|
|t:|1781513804
|move|p1a: per my last turn|Roost|p1a: per my last turn
|-heal|p1a: per my last turn|100/100
|-singleturn|p1a: per my last turn|move: Roost
|move|p2a: Pelipper|Weather Ball|p1a: per my last turn
|-damage|p1a: per my last turn|68/100
|
|-weather|RainDance|[upkeep]
|-heal|p1a: per my last turn|74/100|[from] item: Leftovers
|upkeep
|turn|51
|
|t:|1781513807
|move|p1a: per my last turn|Protect|p1a: per my last turn
|-singleturn|p1a: per my last turn|Protect
|move|p2a: Pelipper|Roost|p2a: Pelipper
|-heal|p2a: Pelipper|100/100
|-singleturn|p2a: Pelipper|move: Roost
|
|-weather|RainDance|[upkeep]
|-heal|p1a: per my last turn|81/100|[from] item: Leftovers
|upkeep
|turn|52
|
|t:|1781513823
|move|p1a: per my last turn|Brave Bird|p2a: Pelipper
|-damage|p2a: Pelipper|74/100
|-damage|p1a: per my last turn|74/100|[from] Recoil
|move|p2a: Pelipper|Weather Ball|p1a: per my last turn
|-damage|p1a: per my last turn|38/100
|
|-weather|none
|-heal|p1a: per my last turn|45/100|[from] item: Leftovers
|upkeep
|turn|53
|
|t:|1781513830
|move|p1a: per my last turn|Roost|p1a: per my last turn
|-heal|p1a: per my last turn|95/100
|-singleturn|p1a: per my last turn|move: Roost
|move|p2a: Pelipper|Roost|p2a: Pelipper
|-heal|p2a: Pelipper|100/100
|-singleturn|p2a: Pelipper|move: Roost
|
|-heal|p1a: per my last turn|100/100|[from] item: Leftovers
|upkeep
|turn|54
|
|t:|1781513838
|switch|p1a: love this for you|Clefable, M|100/100
|move|p2a: Pelipper|Hurricane|p1a: love this for you|[miss]
|-miss|p2a: Pelipper|p1a: love this for you
|
|upkeep
|turn|55
|
|t:|1781513842
|move|p1a: love this for you|Stealth Rock|p2a: Pelipper
|-sidestart|p2: LowEL0God|move: Stealth Rock
|move|p2a: Pelipper|Hurricane|p1a: love this for you|[miss]
|-miss|p2a: Pelipper|p1a: love this for you
|
|upkeep
|turn|56
|
|t:|1781513845
|move|p1a: love this for you|Knock Off|p2a: Pelipper
|-damage|p2a: Pelipper|89/100
|-enditem|p2a: Pelipper|Damp Rock|[from] move: Knock Off|[of] p1a: love this for you
|move|p2a: Pelipper|Hurricane|p1a: love this for you
|-damage|p1a: love this for you|63/100
|
|upkeep
|turn|57
|
|t:|1781513849
|move|p1a: love this for you|Moonblast|p2a: Pelipper
|-damage|p2a: Pelipper|48/100
|move|p2a: Pelipper|Hurricane|p1a: love this for you
|-damage|p1a: love this for you|26/100
|
|upkeep
|turn|58
|
|t:|1781513853
|move|p1a: love this for you|Moonblast|p2a: Pelipper
|-damage|p2a: Pelipper|2/100
|move|p2a: Pelipper|Roost|p2a: Pelipper
|-heal|p2a: Pelipper|52/100
|-singleturn|p2a: Pelipper|move: Roost
|
|upkeep
|turn|59
|
|t:|1781513856
|move|p1a: love this for you|Moonlight|p1a: love this for you
|-heal|p1a: love this for you|76/100
|move|p2a: Pelipper|Roost|p2a: Pelipper
|-heal|p2a: Pelipper|100/100
|-singleturn|p2a: Pelipper|move: Roost
|
|upkeep
|turn|60
|
|t:|1781513866
|switch|p1a: per my last turn|Corviknight, M|100/100
|-ability|p1a: per my last turn|Pressure
|move|p2a: Pelipper|Weather Ball|p1a: per my last turn
|-resisted|p1a: per my last turn
|-damage|p1a: per my last turn|97/100
|
|-heal|p1a: per my last turn|100/100|[from] item: Leftovers
|upkeep
|turn|61
|
|t:|1781513874
|switch|p1a: take your time|Toxapex, M|80/100
|move|p2a: Pelipper|Weather Ball|p1a: take your time
|-damage|p1a: take your time|71/100
|
|-heal|p1a: take your time|77/100|[from] item: Leftovers
|upkeep
|turn|62
|
|t:|1781513880
|switch|p1a: nothing new there|Gliscor, F|52/100 tox
|move|p2a: Pelipper|U-turn|p1a: nothing new there
|-resisted|p1a: nothing new there
|-damage|p1a: nothing new there|49/100 tox
|
|t:|1781513881
|switch|p2a: Raging Bolt|Raging Bolt|88/100|[from] U-turn
|-damage|p2a: Raging Bolt|76/100|[from] Stealth Rock
|
|-heal|p1a: nothing new there|62/100 tox|[from] ability: Poison Heal
|upkeep
|turn|63
|
|t:|1781513886
|move|p1a: nothing new there|Protect|p1a: nothing new there
|-singleturn|p1a: nothing new there|Protect
|move|p2a: Raging Bolt|Draco Meteor|p1a: nothing new there
|-activate|p1a: nothing new there|move: Protect
|
|-heal|p1a: nothing new there|74/100 tox|[from] ability: Poison Heal
|upkeep
|turn|64
|
|t:|1781513891
|move|p1a: nothing new there|Substitute|p1a: nothing new there
|-start|p1a: nothing new there|Substitute
|-damage|p1a: nothing new there|49/100 tox
|move|p2a: Raging Bolt|Draco Meteor|p1a: nothing new there
|-end|p1a: nothing new there|Substitute
|-unboost|p2a: Raging Bolt|spa|2
|
|-heal|p1a: nothing new there|62/100 tox|[from] ability: Poison Heal
|upkeep
|turn|65
|
|t:|1781513897
|-end|p2a: Raging Bolt|Protosynthesis|[silent]
|switch|p2a: Pelipper|Pelipper, F|100/100
|-damage|p2a: Pelipper|76/100|[from] Stealth Rock
|-weather|RainDance|[from] ability: Drizzle|[of] p2a: Pelipper
|move|p1a: nothing new there|Substitute|p1a: nothing new there
|-start|p1a: nothing new there|Substitute
|-damage|p1a: nothing new there|37/100 tox
|
|-weather|RainDance|[upkeep]
|-heal|p1a: nothing new there|49/100 tox|[from] ability: Poison Heal
|upkeep
|turn|66
|
|t:|1781513898
|move|p1a: nothing new there|Protect|p1a: nothing new there
|-singleturn|p1a: nothing new there|Protect
|move|p2a: Pelipper|Weather Ball|p1a: nothing new there
|-activate|p1a: nothing new there|move: Protect
|
|-weather|RainDance|[upkeep]
|-heal|p1a: nothing new there|62/100 tox|[from] ability: Poison Heal
|upkeep
|turn|67
|
|t:|1781513902
|move|p1a: nothing new there|Toxic|p2a: Pelipper
|-status|p2a: Pelipper|tox
|move|p2a: Pelipper|Weather Ball|p1a: nothing new there
|-supereffective|p1a: nothing new there
|-end|p1a: nothing new there|Substitute
|
|-weather|RainDance|[upkeep]
|-heal|p1a: nothing new there|74/100 tox|[from] ability: Poison Heal
|-damage|p2a: Pelipper|70/100 tox|[from] psn
|upkeep
|turn|68
|
|t:|1781513907
|move|p1a: nothing new there|Protect|p1a: nothing new there
|-singleturn|p1a: nothing new there|Protect
|move|p2a: Pelipper|Weather Ball|p1a: nothing new there
|-activate|p1a: nothing new there|move: Protect
|
|-weather|RainDance|[upkeep]
|-heal|p1a: nothing new there|87/100 tox|[from] ability: Poison Heal
|-damage|p2a: Pelipper|57/100 tox|[from] psn
|upkeep
|turn|69
|
|t:|1781513909
|move|p1a: nothing new there|Substitute|p1a: nothing new there
|-start|p1a: nothing new there|Substitute
|-damage|p1a: nothing new there|62/100 tox
|move|p2a: Pelipper|Weather Ball|p1a: nothing new there
|-supereffective|p1a: nothing new there
|-end|p1a: nothing new there|Substitute
|
|-weather|none
|-heal|p1a: nothing new there|74/100 tox|[from] ability: Poison Heal
|-damage|p2a: Pelipper|39/100 tox|[from] psn
|upkeep
|turn|70
|
|t:|1781513913
|move|p1a: nothing new there|Protect|p1a: nothing new there
|-singleturn|p1a: nothing new there|Protect
|move|p2a: Pelipper|Roost|p2a: Pelipper
|-heal|p2a: Pelipper|89/100 tox
|-singleturn|p2a: Pelipper|move: Roost
|
|-heal|p1a: nothing new there|87/100 tox|[from] ability: Poison Heal
|-damage|p2a: Pelipper|64/100 tox|[from] psn
|upkeep
|turn|71
|
|t:|1781513916
|move|p1a: nothing new there|Substitute|p1a: nothing new there
|-start|p1a: nothing new there|Substitute
|-damage|p1a: nothing new there|62/100 tox
|move|p2a: Pelipper|Roost|p2a: Pelipper
|-heal|p2a: Pelipper|100/100 tox
|-singleturn|p2a: Pelipper|move: Roost
|
|-heal|p1a: nothing new there|74/100 tox|[from] ability: Poison Heal
|-damage|p2a: Pelipper|70/100 tox|[from] psn
|upkeep
|turn|72
|
|t:|1781513919
|move|p1a: nothing new there|Protect|p1a: nothing new there
|-singleturn|p1a: nothing new there|Protect
|move|p2a: Pelipper|Roost|p2a: Pelipper
|-heal|p2a: Pelipper|100/100 tox
|-singleturn|p2a: Pelipper|move: Roost
|
|-heal|p1a: nothing new there|87/100 tox|[from] ability: Poison Heal
|-damage|p2a: Pelipper|63/100 tox|[from] psn
|upkeep
|turn|73
|
|t:|1781513925
|move|p1a: nothing new there|Knock Off|p2a: Pelipper
|-damage|p2a: Pelipper|53/100 tox
|move|p2a: Pelipper|Roost|p2a: Pelipper
|-heal|p2a: Pelipper|100/100 tox
|-singleturn|p2a: Pelipper|move: Roost
|
|-heal|p1a: nothing new there|99/100 tox|[from] ability: Poison Heal
|-damage|p2a: Pelipper|57/100 tox|[from] psn
|upkeep
|turn|74
|
|t:|1781513931
|move|p1a: nothing new there|Protect|p1a: nothing new there
|-singleturn|p1a: nothing new there|Protect
|move|p2a: Pelipper|U-turn|p1a: nothing new there
|-activate|p1a: nothing new there|move: Protect
|
|-heal|p1a: nothing new there|100/100 tox|[from] ability: Poison Heal
|-damage|p2a: Pelipper|8/100 tox|[from] psn
|upkeep
|turn|75
|
|t:|1781513937
|move|p1a: nothing new there|Knock Off|p2a: Pelipper
|-damage|p2a: Pelipper|0 fnt
|faint|p2a: Pelipper
|
|upkeep
|
|t:|1781513937
|switch|p2a: Raging Bolt|Raging Bolt|76/100
|-damage|p2a: Raging Bolt|64/100|[from] Stealth Rock
|turn|76
|
|t:|1781513939
|move|p1a: nothing new there|Toxic|p2a: Raging Bolt
|-status|p2a: Raging Bolt|tox
|move|p2a: Raging Bolt|Thunder|p1a: nothing new there
|-immune|p1a: nothing new there
|
|-damage|p2a: Raging Bolt|57/100 tox|[from] psn
|upkeep
|turn|77
|c|☆bahnmiking|Gg well played
|
|t:|1781513951
|move|p1a: nothing new there|Protect|p1a: nothing new there
|-singleturn|p1a: nothing new there|Protect
|move|p2a: Raging Bolt|Thunderclap||[still]
|-fail|p2a: Raging Bolt
|
|-damage|p2a: Raging Bolt|45/100 tox|[from] psn
|upkeep
|turn|78
|
|t:|1781513956
|move|p1a: nothing new there|Protect||[still]
|-fail|p1a: nothing new there
|move|p2a: Raging Bolt|Weather Ball|p1a: nothing new there
|-end|p1a: nothing new there|Substitute
|
|-damage|p2a: Raging Bolt|27/100 tox|[from] psn
|upkeep
|turn|79
|
|t:|1781513958
|move|p1a: nothing new there|Protect|p1a: nothing new there
|-singleturn|p1a: nothing new there|Protect
|move|p2a: Raging Bolt|Thunderclap||[still]
|-fail|p2a: Raging Bolt
|
|-damage|p2a: Raging Bolt|2/100 tox|[from] psn
|upkeep
|turn|80
|
|t:|1781513964
|-terastallize|p2a: Raging Bolt|Fairy
|move|p1a: nothing new there|Substitute|p1a: nothing new there
|-start|p1a: nothing new there|Substitute
|-damage|p1a: nothing new there|75/100 tox
|move|p2a: Raging Bolt|Weather Ball|p1a: nothing new there
|-activate|p1a: nothing new there|move: Substitute|[damage]
|
|-heal|p1a: nothing new there|88/100 tox|[from] ability: Poison Heal
|-damage|p2a: Raging Bolt|0 fnt|[from] psn
|faint|p2a: Raging Bolt
|-end|p2a: Raging Bolt|Protosynthesis|[silent]
|
|win|bahnmiking
|raw|bahnmiking's rating: 1558 &rarr; <strong>1587</strong><br />(+29 for winning)
|raw|LowEL0God's rating: 1731 &rarr; <strong>1702</strong><br />(-29 for losing)
|c|☆LowEL0God|gg
|l|☆LowEL0God
|player|p2|
|l|☆bahnmiking
|player|p1|
|l| InVincii
