|j|☆lockheed shartin
|j|☆EtnaArmpits
|t:|1781110373
|gametype|singles
|player|p1|lockheed shartin|preschooler|1638
|player|p2|EtnaArmpits|170|1697
|gen|9
|tier|[Gen 9] OU
|rated|
|rule|HP Percentage Mod: HP is shown in percentages
|rule|Endless Battle Clause: Forcing endless battles is banned
|rule|Species Clause: Limit one of each Pokémon
|rule|OHKO Clause: OHKO moves are banned
|rule|Evasion Items Clause: Evasion items are banned
|rule|Evasion Moves Clause: Evasion moves are banned
|rule|Evasion Abilities Clause: Evasion abilities are banned
|rule|Sleep Moves Clause: Sleep-inducing moves are banned
|clearpoke
|poke|p1|Sinistcha|
|poke|p1|Weavile, F|
|poke|p1|Clodsire, M|
|poke|p1|Alomomola, F|
|poke|p1|Latios, M|
|poke|p1|Skarmory, F|
|poke|p2|Kyurem|
|poke|p2|Deoxys-Speed|
|poke|p2|Iron Valiant|
|poke|p2|Dragonite, M|
|poke|p2|Darkrai|
|poke|p2|Iron Treads|
|teampreview
|inactive|Battle timer is ON: inactive players will automatically lose when time's up. (requested by EtnaArmpits)
|inactive|lockheed shartin also wants the timer to be on.
|
|t:|1781110397
|teamsize|p1|6
|teamsize|p2|6
|start
|switch|p1a: Sub2MyOnlyFins|Alomomola, F|100/100
|switch|p2a: Iron Treads|Iron Treads|100/100
|-enditem|p2a: Iron Treads|Booster Energy
|-activate|p2a: Iron Treads|ability: Quark Drive|[fromitem]
|-start|p2a: Iron Treads|quarkdrivespe
|turn|1
|inactive|EtnaArmpits has 120 seconds left.
|
|t:|1781110435
|move|p2a: Iron Treads|Stealth Rock|p1a: Sub2MyOnlyFins
|-sidestart|p1: lockheed shartin|move: Stealth Rock
|move|p1a: Sub2MyOnlyFins|Scald|p2a: Iron Treads
|-supereffective|p2a: Iron Treads
|-damage|p2a: Iron Treads|64/100
|
|upkeep
|turn|2
|inactive|EtnaArmpits has 120 seconds left.
|
|t:|1781110455
|move|p2a: Iron Treads|Earth Power|p1a: Sub2MyOnlyFins
|-damage|p1a: Sub2MyOnlyFins|85/100
|move|p1a: Sub2MyOnlyFins|Flip Turn|p2a: Iron Treads
|-supereffective|p2a: Iron Treads
|-damage|p2a: Iron Treads|33/100
|
|t:|1781110457
|switch|p1a: Skarmory|Skarmory, F|100/100|[from] Flip Turn
|-damage|p1a: Skarmory|88/100|[from] Stealth Rock
|
|upkeep
|turn|3
|
|t:|1781110462
|move|p2a: Iron Treads|Steel Beam|p1a: Skarmory
|-resisted|p1a: Skarmory
|-damage|p1a: Skarmory|57/100
|-damage|p2a: Iron Treads|0 fnt|[from] steelbeam
|faint|p2a: Iron Treads
|-end|p2a: Iron Treads|Quark Drive|[silent]
|move|p1a: Skarmory|Spikes|p2: Iron Treads
|-sidestart|p2: EtnaArmpits|Spikes
|
|upkeep
|j| ILoveGardevoirRah
|inactive|EtnaArmpits has 120 seconds left.
|
|t:|1781110485
|switch|p2a: Kyurem|Kyurem|100/100
|-damage|p2a: Kyurem|88/100|[from] Spikes
|-ability|p2a: Kyurem|Pressure
|turn|4
|
|t:|1781110492
|switch|p1a: Sub2MyOnlyFins|Alomomola, F|100/100
|-damage|p1a: Sub2MyOnlyFins|88/100|[from] Stealth Rock
|-terastallize|p2a: Kyurem|Ice
|move|p2a: Kyurem|Freeze-Dry|p1a: Sub2MyOnlyFins
|-supereffective|p1a: Sub2MyOnlyFins
|-damage|p1a: Sub2MyOnlyFins|38/100
|
|upkeep
|turn|5
|c| ILoveGardevoirRah|have fun, both of you :)
|
|t:|1781110498
|switch|p1a: GriseldaBlanco|Weavile, F|100/100
|-ability|p1a: GriseldaBlanco|Pressure
|move|p2a: Kyurem|Freeze-Dry|p1a: GriseldaBlanco
|-resisted|p1a: GriseldaBlanco
|-damage|p1a: GriseldaBlanco|64/100
|
|upkeep
|turn|6
|
|t:|1781110509
|switch|p2a: Iron Valiant|Iron Valiant|100/100
|-damage|p2a: Iron Valiant|88/100|[from] Spikes
|-enditem|p2a: Iron Valiant|Booster Energy
|-activate|p2a: Iron Valiant|ability: Quark Drive|[fromitem]
|-start|p2a: Iron Valiant|quarkdrivespe
|move|p1a: GriseldaBlanco|Low Kick|p2a: Iron Valiant
|-resisted|p2a: Iron Valiant
|-damage|p2a: Iron Valiant|76/100
|
|upkeep
|turn|7
|
|t:|1781110517
|switch|p1a: DirtySprite|Clodsire, M|100/100
|move|p2a: Iron Valiant|Close Combat|p1a: DirtySprite
|-resisted|p1a: DirtySprite
|-crit|p1a: DirtySprite
|-damage|p1a: DirtySprite|52/100
|-unboost|p2a: Iron Valiant|def|1
|-unboost|p2a: Iron Valiant|spd|1
|
|upkeep
|turn|8
|
|t:|1781110524
|move|p2a: Iron Valiant|Ice Punch|p1a: DirtySprite
|-supereffective|p1a: DirtySprite
|-damage|p1a: DirtySprite|0 fnt
|faint|p1a: DirtySprite
|
|upkeep
|
|t:|1781110534
|switch|p1a: RIP Virgil|Sinistcha|100/100
|turn|9
|
|t:|1781110542
|-end|p2a: Iron Valiant|Quark Drive|[silent]
|switch|p2a: Kyurem|Kyurem, tera:Ice|88/100
|-damage|p2a: Kyurem|76/100|[from] Spikes
|-ability|p2a: Kyurem|Pressure
|move|p1a: RIP Virgil|Matcha Gotcha|p2a: Kyurem|[miss]
|-miss|p1a: RIP Virgil|p2a: Kyurem
|
|upkeep
|turn|10
|
|t:|1781110549
|switch|p1a: GriseldaBlanco|Weavile, F|64/100
|-ability|p1a: GriseldaBlanco|Pressure
|move|p2a: Kyurem|Freeze-Dry|p1a: GriseldaBlanco
|-resisted|p1a: GriseldaBlanco
|-damage|p1a: GriseldaBlanco|28/100
|
|upkeep
|turn|11
|
|t:|1781110574
|switch|p1a: MixdWhiteLikePluto|Latios, M|100/100
|-damage|p1a: MixdWhiteLikePluto|88/100|[from] Stealth Rock
|switch|p2a: Dragonite|Dragonite, M|100/100
|
|upkeep
|turn|12
|
|t:|1781110579
|-terastallize|p1a: MixdWhiteLikePluto|Steel
|move|p1a: MixdWhiteLikePluto|Psychic Noise|p2a: Dragonite
|-damage|p2a: Dragonite|74/100
|-start|p2a: Dragonite|move: Heal Block
|move|p2a: Dragonite|Ice Punch|p1a: MixdWhiteLikePluto
|-resisted|p1a: MixdWhiteLikePluto
|-damage|p1a: MixdWhiteLikePluto|67/100
|
|upkeep
|turn|13
|
|t:|1781110587
|move|p1a: MixdWhiteLikePluto|Draco Meteor|p2a: Dragonite
|-supereffective|p2a: Dragonite
|-damage|p2a: Dragonite|0 fnt
|-unboost|p1a: MixdWhiteLikePluto|spa|2
|faint|p2a: Dragonite
|
|upkeep
|
|t:|1781110591
|switch|p2a: Darkrai|Darkrai|100/100
|turn|14
|
|t:|1781110594
|switch|p1a: Sub2MyOnlyFins|Alomomola, F|71/100
|-damage|p1a: Sub2MyOnlyFins|59/100|[from] Stealth Rock
|move|p2a: Darkrai|Nasty Plot|p2a: Darkrai
|-boost|p2a: Darkrai|spa|2
|
|upkeep
|turn|15
|
|t:|1781110598
|move|p2a: Darkrai|Dark Pulse|p1a: Sub2MyOnlyFins
|-damage|p1a: Sub2MyOnlyFins|18/100
|move|p1a: Sub2MyOnlyFins|Body Slam|p2a: Darkrai
|-damage|p2a: Darkrai|82/100
|
|upkeep
|turn|16
|
|t:|1781110604
|move|p2a: Darkrai|Dark Pulse|p1a: Sub2MyOnlyFins
|-damage|p1a: Sub2MyOnlyFins|0 fnt
|faint|p1a: Sub2MyOnlyFins
|
|upkeep
|
|t:|1781110605
|switch|p1a: GriseldaBlanco|Weavile, F|28/100
|-ability|p1a: GriseldaBlanco|Pressure
|turn|17
|
|t:|1781110608
|move|p1a: GriseldaBlanco|Triple Axel|p2a: Darkrai
|-crit|p2a: Darkrai
|-damage|p2a: Darkrai|61/100
|-damage|p2a: Darkrai|36/100
|-damage|p2a: Darkrai|0 fnt
|faint|p2a: Darkrai
|-hitcount|p2: Darkrai|3
|
|upkeep
|
|t:|1781110612
|switch|p2a: Deoxys|Deoxys-Speed|100/100
|-damage|p2a: Deoxys|88/100|[from] Spikes
|-ability|p2a: Deoxys|Pressure
|turn|18
|
|t:|1781110626
|move|p2a: Deoxys|Focus Blast|p1a: GriseldaBlanco
|-supereffective|p1a: GriseldaBlanco
|-damage|p1a: GriseldaBlanco|0 fnt
|faint|p1a: GriseldaBlanco
|-damage|p2a: Deoxys|78/100|[from] item: Life Orb
|
|upkeep
|
|t:|1781110631
|switch|p1a: RIP Virgil|Sinistcha|100/100
|turn|19
|
|t:|1781110634
|move|p2a: Deoxys|Psycho Boost|p1a: RIP Virgil
|-damage|p1a: RIP Virgil|7/100
|-unboost|p2a: Deoxys|spa|2
|-damage|p2a: Deoxys|68/100|[from] item: Life Orb
|move|p1a: RIP Virgil|Shadow Ball|p2a: Deoxys
|-supereffective|p2a: Deoxys
|-damage|p2a: Deoxys|0 fnt
|faint|p2a: Deoxys
|
|upkeep
|
|t:|1781110639
|switch|p2a: Kyurem|Kyurem, tera:Ice|76/100
|-damage|p2a: Kyurem|64/100|[from] Spikes
|-ability|p2a: Kyurem|Pressure
|turn|20
|
|t:|1781110650
|move|p2a: Kyurem|Freeze-Dry|p1a: RIP Virgil
|-supereffective|p1a: RIP Virgil
|-damage|p1a: RIP Virgil|0 fnt
|faint|p1a: RIP Virgil
|
|upkeep
|
|t:|1781110652
|switch|p1a: MixdWhiteLikePluto|Latios, M, tera:Steel|67/100
|-damage|p1a: MixdWhiteLikePluto|61/100|[from] Stealth Rock
|turn|21
|
|t:|1781110659
|move|p1a: MixdWhiteLikePluto|Psychic Noise|p2a: Kyurem
|-damage|p2a: Kyurem|17/100
|-start|p2a: Kyurem|move: Heal Block
|move|p2a: Kyurem|Icicle Spear|p1a: MixdWhiteLikePluto
|-resisted|p1a: MixdWhiteLikePluto
|-crit|p1a: MixdWhiteLikePluto
|-damage|p1a: MixdWhiteLikePluto|40/100
|-resisted|p1a: MixdWhiteLikePluto
|-damage|p1a: MixdWhiteLikePluto|27/100
|-resisted|p1a: MixdWhiteLikePluto
|-damage|p1a: MixdWhiteLikePluto|13/100
|-hitcount|p1a: MixdWhiteLikePluto|3
|
|upkeep
|turn|22
|
|t:|1781110664
|move|p1a: MixdWhiteLikePluto|Recover|p1a: MixdWhiteLikePluto
|-heal|p1a: MixdWhiteLikePluto|64/100
|move|p2a: Kyurem|Icicle Spear|p1a: MixdWhiteLikePluto
|-resisted|p1a: MixdWhiteLikePluto
|-damage|p1a: MixdWhiteLikePluto|49/100
|-resisted|p1a: MixdWhiteLikePluto
|-damage|p1a: MixdWhiteLikePluto|36/100
|-resisted|p1a: MixdWhiteLikePluto
|-damage|p1a: MixdWhiteLikePluto|23/100
|-hitcount|p1a: MixdWhiteLikePluto|3
|
|-end|p2a: Kyurem|move: Heal Block
|upkeep
|turn|23
|
|t:|1781110671
|move|p1a: MixdWhiteLikePluto|Recover|p1a: MixdWhiteLikePluto
|-heal|p1a: MixdWhiteLikePluto|73/100
|move|p2a: Kyurem|Dragon Dance|p2a: Kyurem
|-boost|p2a: Kyurem|atk|1
|-boost|p2a: Kyurem|spe|1
|
|upkeep
|turn|24
|
|t:|1781110676
|move|p2a: Kyurem|Icicle Spear|p1a: MixdWhiteLikePluto
|-resisted|p1a: MixdWhiteLikePluto
|-damage|p1a: MixdWhiteLikePluto|52/100
|-resisted|p1a: MixdWhiteLikePluto
|-damage|p1a: MixdWhiteLikePluto|30/100
|-resisted|p1a: MixdWhiteLikePluto
|-damage|p1a: MixdWhiteLikePluto|9/100
|-hitcount|p1a: MixdWhiteLikePluto|3
|move|p1a: MixdWhiteLikePluto|Psychic Noise|p2a: Kyurem
|-damage|p2a: Kyurem|0 fnt
|faint|p2a: Kyurem
|
|upkeep
|
|t:|1781110680
|switch|p2a: Iron Valiant|Iron Valiant|76/100
|-damage|p2a: Iron Valiant|63/100|[from] Spikes
|turn|25
|
|t:|1781110687
|move|p2a: Iron Valiant|Knock Off|p1a: MixdWhiteLikePluto
|-damage|p1a: MixdWhiteLikePluto|0 fnt
|-enditem|p1a: MixdWhiteLikePluto|Soul Dew|[from] move: Knock Off|[of] p2a: Iron Valiant
|faint|p1a: MixdWhiteLikePluto
|
|upkeep
|
|t:|1781110689
|switch|p1a: Skarmory|Skarmory, F|57/100
|-damage|p1a: Skarmory|45/100|[from] Stealth Rock
|turn|26
|
|t:|1781110693
|move|p2a: Iron Valiant|Swords Dance|p2a: Iron Valiant
|-boost|p2a: Iron Valiant|atk|2
|move|p1a: Skarmory|Roost|p1a: Skarmory
|-heal|p1a: Skarmory|95/100
|-singleturn|p1a: Skarmory|move: Roost
|
|upkeep
|turn|27
|
|t:|1781110696
|move|p2a: Iron Valiant|Swords Dance|p2a: Iron Valiant
|-boost|p2a: Iron Valiant|atk|2
|move|p1a: Skarmory|Iron Defense|p1a: Skarmory
|-boost|p1a: Skarmory|def|2
|
|upkeep
|turn|28
|
|t:|1781110699
|move|p2a: Iron Valiant|Close Combat|p1a: Skarmory
|-damage|p1a: Skarmory|41/100
|-unboost|p2a: Iron Valiant|def|1
|-unboost|p2a: Iron Valiant|spd|1
|-damage|p2a: Iron Valiant|47/100|[from] item: Rocky Helmet|[of] p1a: Skarmory
|move|p1a: Skarmory|Iron Defense|p1a: Skarmory
|-boost|p1a: Skarmory|def|2
|
|upkeep
|turn|29
|
|t:|1781110704
|move|p2a: Iron Valiant|Swords Dance|p2a: Iron Valiant
|-boost|p2a: Iron Valiant|atk|2
|move|p1a: Skarmory|Roost|p1a: Skarmory
|-heal|p1a: Skarmory|91/100
|-singleturn|p1a: Skarmory|move: Roost
|
|upkeep
|turn|30
|
|t:|1781110709
|move|p2a: Iron Valiant|Knock Off|p1a: Skarmory
|-damage|p1a: Skarmory|64/100
|-damage|p2a: Iron Valiant|30/100|[from] item: Rocky Helmet|[of] p1a: Skarmory
|-enditem|p1a: Skarmory|Rocky Helmet|[from] move: Knock Off|[of] p2a: Iron Valiant
|move|p1a: Skarmory|Body Press|p2a: Iron Valiant
|-resisted|p2a: Iron Valiant
|-damage|p2a: Iron Valiant|0 fnt
|faint|p2a: Iron Valiant
|-end|p2a: Iron Valiant|Quark Drive|[silent]
|
|win|lockheed shartin
|raw|lockheed shartin's rating: 1638 &rarr; <strong>1661</strong><br />(+23 for winning)
|raw|EtnaArmpits's rating: 1697 &rarr; <strong>1674</strong><br />(-23 for losing)
|l|☆lockheed shartin
|player|p1|
|l|☆EtnaArmpits
|player|p2|
|c| ILoveGardevoirRah|nice
