|j|☆zhihe0719
|j|☆LowEL0God
|t:|1781502490
|gametype|singles
|player|p1|zhihe0719|pokemonrangerf-gen4|1496
|player|p2|LowEL0God|265|1576
|gen|9
|tier|[Gen 9] OU
|rated|
|rule|HP Percentage Mod: HP is shown in percentages
|rule|Endless Battle Clause: Forcing endless battles is banned
|rule|Species Clause: Limit one of each Pokémon
|rule|OHKO Clause: OHKO moves are banned
|rule|Evasion Items Clause: Evasion items are banned
|rule|Evasion Moves Clause: Evasion moves are banned
|rule|Evasion Abilities Clause: Evasion abilities are banned
|rule|Sleep Moves Clause: Sleep-inducing moves are banned
|clearpoke
|poke|p1|Dragonite, M|
|poke|p1|Garchomp, M|
|poke|p1|Hydrapple, F|
|poke|p1|Hydreigon, M|
|poke|p1|Goodra-Hisui, F|
|poke|p1|Cyclizar, M|
|poke|p2|Pelipper, M|
|poke|p2|Raging Bolt|
|poke|p2|Overqwil, M|
|poke|p2|Barraskewda, F|
|poke|p2|Iron Treads|
|poke|p2|Kingambit, F|
|teampreview
|inactive|Battle timer is ON: inactive players will automatically lose when time's up. (requested by zhihe0719)
|c|☆LowEL0God|hf
|inactive|LowEL0God also wants the timer to be on.
|
|t:|1781502513
|teamsize|p1|6
|teamsize|p2|6
|start
|switch|p1a: Garchomp|Garchomp, M|100/100
|switch|p2a: Kingambit|Kingambit, F|100/100
|turn|1
|
|t:|1781502517
|-terastallize|p2a: Kingambit|Dark
|move|p1a: Garchomp|Stealth Rock|p2a: Kingambit
|-sidestart|p2: LowEL0God|move: Stealth Rock
|move|p2a: Kingambit|Swords Dance|p2a: Kingambit
|-boost|p2a: Kingambit|atk|2
|
|upkeep
|turn|2
|
|t:|1781502523
|move|p2a: Kingambit|Kowtow Cleave|p1a: Garchomp
|-damage|p1a: Garchomp|19/100
|-damage|p2a: Kingambit|88/100|[from] ability: Rough Skin|[of] p1a: Garchomp
|-damage|p2a: Kingambit|72/100|[from] item: Rocky Helmet|[of] p1a: Garchomp
|move|p1a: Garchomp|Dragon Tail|p2a: Kingambit
|-damage|p2a: Kingambit|51/100
|-end|p2a: Kingambit|fallenundefined|[silent]
|drag|p2a: Pelipper|Pelipper, M|100/100
|-damage|p2a: Pelipper|76/100|[from] Stealth Rock
|-weather|RainDance|[from] ability: Drizzle|[of] p2a: Pelipper
|
|-weather|RainDance|[upkeep]
|upkeep
|turn|3
|
|t:|1781502539
|switch|p1a: Hydreigon|Hydreigon, M|100/100
|move|p2a: Pelipper|Hurricane|p1a: Hydreigon
|-damage|p1a: Hydreigon|56/100
|
|-weather|RainDance|[upkeep]
|-heal|p1a: Hydreigon|62/100|[from] item: Leftovers
|upkeep
|turn|4
|
|t:|1781502541
|move|p1a: Hydreigon|Nasty Plot|p1a: Hydreigon
|-boost|p1a: Hydreigon|spa|2
|move|p2a: Pelipper|Hurricane|p1a: Hydreigon
|-damage|p1a: Hydreigon|19/100
|
|-weather|RainDance|[upkeep]
|-heal|p1a: Hydreigon|25/100|[from] item: Leftovers
|upkeep
|turn|5
|
|t:|1781502544
|move|p1a: Hydreigon|Draco Meteor|p2a: Pelipper
|-damage|p2a: Pelipper|0 fnt
|-unboost|p1a: Hydreigon|spa|2
|faint|p2a: Pelipper
|
|-weather|RainDance|[upkeep]
|-heal|p1a: Hydreigon|31/100|[from] item: Leftovers
|upkeep
|
|t:|1781502544
|switch|p2a: Kingambit|Kingambit, F, tera:Dark|51/100
|-damage|p2a: Kingambit|39/100|[from] Stealth Rock
|-activate|p2a: Kingambit|ability: Supreme Overlord
|-start|p2a: Kingambit|fallen1|[silent]
|turn|6
|
|t:|1781502551
|move|p2a: Kingambit|Sucker Punch|p1a: Hydreigon
|-resisted|p1a: Hydreigon
|-damage|p1a: Hydreigon|0 fnt
|faint|p1a: Hydreigon
|
|-weather|RainDance|[upkeep]
|-heal|p2a: Kingambit|45/100|[from] item: Leftovers
|upkeep
|
|t:|1781502556
|switch|p1a: Hydrapple|Hydrapple, F|100/100
|turn|7
|
|t:|1781502559
|move|p2a: Kingambit|Swords Dance|p2a: Kingambit
|-boost|p2a: Kingambit|atk|2
|move|p1a: Hydrapple|Fickle Beam|p2a: Kingambit|[anim] Fickle Beam All Out
|-activate|p1a: Hydrapple|move: Fickle Beam
|-damage|p2a: Kingambit|0 fnt
|faint|p2a: Kingambit
|-end|p2a: Kingambit|fallen1|[silent]
|
|-weather|RainDance|[upkeep]
|upkeep
|
|t:|1781502560
|switch|p2a: Raging Bolt|Raging Bolt|100/100
|-damage|p2a: Raging Bolt|88/100|[from] Stealth Rock
|-enditem|p2a: Raging Bolt|Booster Energy
|-activate|p2a: Raging Bolt|ability: Protosynthesis|[fromitem]
|-start|p2a: Raging Bolt|protosynthesisspa
|turn|8
|
|t:|1781502565
|switch|p1a: Goodra|Goodra-Hisui, F|100/100
|move|p2a: Raging Bolt|Draco Meteor|p1a: Goodra
|-damage|p1a: Goodra|64/100
|-unboost|p2a: Raging Bolt|spa|2
|
|-weather|RainDance|[upkeep]
|upkeep
|turn|9
|
|t:|1781502571
|move|p2a: Raging Bolt|Thunder|p1a: Goodra
|-resisted|p1a: Goodra
|-damage|p1a: Goodra|57/100
|move|p1a: Goodra|Knock Off|p2a: Raging Bolt
|-damage|p2a: Raging Bolt|74/100
|
|-weather|none
|upkeep
|turn|10
|
|t:|1781502577
|-end|p2a: Raging Bolt|Protosynthesis|[silent]
|switch|p2a: Iron Treads|Iron Treads|100/100
|-damage|p2a: Iron Treads|97/100|[from] Stealth Rock
|-enditem|p2a: Iron Treads|Booster Energy
|-activate|p2a: Iron Treads|ability: Quark Drive|[fromitem]
|-start|p2a: Iron Treads|quarkdrivespe
|move|p1a: Goodra|Knock Off|p2a: Iron Treads
|-damage|p2a: Iron Treads|82/100
|
|upkeep
|turn|11
|
|t:|1781502580
|switch|p1a: Garchomp|Garchomp, M|19/100
|move|p2a: Iron Treads|Rapid Spin|p1a: Garchomp
|-crit|p1a: Garchomp
|-damage|p1a: Garchomp|8/100
|-boost|p2a: Iron Treads|spe|1
|-damage|p2a: Iron Treads|70/100|[from] ability: Rough Skin|[of] p1a: Garchomp
|-damage|p2a: Iron Treads|53/100|[from] item: Rocky Helmet|[of] p1a: Garchomp
|-sideend|p2: LowEL0God|Stealth Rock|[from] move: Rapid Spin|[of] p2a: Iron Treads
|
|upkeep
|turn|12
|
|t:|1781502589
|move|p1a: Garchomp|Endure|p1a: Garchomp
|-singleturn|p1a: Garchomp|move: Endure
|move|p2a: Iron Treads|Earth Power|p1a: Garchomp
|-activate|p1a: Garchomp|move: Endure
|-damage|p1a: Garchomp|1/100
|
|upkeep
|turn|13
|
|t:|1781502596
|switch|p1a: Dragonite|Dragonite, M|100/100
|move|p2a: Iron Treads|Earth Power|p1a: Dragonite
|-immune|p1a: Dragonite
|
|upkeep
|turn|14
|
|t:|1781502602
|switch|p1a: Garchomp|Garchomp, M|1/100
|move|p2a: Iron Treads|Stealth Rock|p1a: Garchomp
|-sidestart|p1: zhihe0719|move: Stealth Rock
|
|upkeep
|turn|15
|
|t:|1781502610
|move|p2a: Iron Treads|Earth Power|p1a: Garchomp
|-damage|p1a: Garchomp|0 fnt
|faint|p1a: Garchomp
|
|upkeep
|
|t:|1781502613
|switch|p1a: Cyclizar|Cyclizar, M|100/100
|-damage|p1a: Cyclizar|88/100|[from] Stealth Rock
|turn|16
|
|t:|1781502614
|move|p2a: Iron Treads|Earth Power|p1a: Cyclizar
|-damage|p1a: Cyclizar|64/100
|move|p1a: Cyclizar|Rapid Spin|p2a: Iron Treads
|-resisted|p2a: Iron Treads
|-damage|p2a: Iron Treads|46/100
|-boost|p1a: Cyclizar|spe|1
|-sideend|p1: zhihe0719|Stealth Rock|[from] move: Rapid Spin|[of] p1a: Cyclizar
|
|upkeep
|turn|17
|
|t:|1781502620
|move|p2a: Iron Treads|Rapid Spin|p1a: Cyclizar
|-damage|p1a: Cyclizar|51/100
|-boost|p2a: Iron Treads|spe|1
|move|p1a: Cyclizar|U-turn|p2a: Iron Treads
|-resisted|p2a: Iron Treads
|-damage|p2a: Iron Treads|40/100
|
|t:|1781502622
|switch|p1a: Hydrapple|Hydrapple, F|100/100|[from] U-turn
|
|upkeep
|turn|18
|
|t:|1781502625
|move|p2a: Iron Treads|Steel Beam|p1a: Hydrapple
|-damage|p1a: Hydrapple|50/100
|-damage|p2a: Iron Treads|0 fnt|[from] steelbeam
|faint|p2a: Iron Treads
|-end|p2a: Iron Treads|Quark Drive|[silent]
|move|p1a: Hydrapple|Giga Drain|p2: Iron Treads|[notarget]
|-fail|p1a: Hydrapple
|
|upkeep
|
|t:|1781502627
|switch|p2a: Overqwil|Overqwil, M|100/100
|turn|19
|
|t:|1781502630
|switch|p1a: Goodra|Goodra-Hisui, F|57/100
|move|p2a: Overqwil|Gunk Shot|p1a: Goodra
|-immune|p1a: Goodra
|
|upkeep
|turn|20
|
|t:|1781502635
|move|p2a: Overqwil|Swords Dance|p2a: Overqwil
|-boost|p2a: Overqwil|atk|2
|move|p1a: Goodra|Draco Meteor|p2a: Overqwil
|-damage|p2a: Overqwil|22/100
|-unboost|p1a: Goodra|spa|2
|
|upkeep
|turn|21
|
|t:|1781502638
|move|p2a: Overqwil|Crunch|p1a: Goodra
|-damage|p1a: Goodra|0 fnt
|faint|p1a: Goodra
|-damage|p2a: Overqwil|12/100|[from] item: Life Orb
|
|upkeep
|
|t:|1781502642
|switch|p1a: Dragonite|Dragonite, M|100/100
|turn|22
|
|t:|1781502643
|move|p1a: Dragonite|Extreme Speed|p2a: Overqwil
|-damage|p2a: Overqwil|0 fnt
|faint|p2a: Overqwil
|
|upkeep
|
|t:|1781502645
|switch|p2a: Raging Bolt|Raging Bolt|74/100
|turn|23
|
|t:|1781502649
|switch|p1a: Cyclizar|Cyclizar, M|84/100
|move|p2a: Raging Bolt|Thunder|p1a: Cyclizar
|-resisted|p1a: Cyclizar
|-damage|p1a: Cyclizar|64/100
|-status|p1a: Cyclizar|par
|
|upkeep
|turn|24
|
|t:|1781502652
|move|p2a: Raging Bolt|Draco Meteor|p1a: Cyclizar
|-supereffective|p1a: Cyclizar
|-damage|p1a: Cyclizar|0 fnt
|-unboost|p2a: Raging Bolt|spa|2
|faint|p1a: Cyclizar
|
|upkeep
|
|t:|1781502655
|switch|p1a: Dragonite|Dragonite, M|100/100
|turn|25
|
|t:|1781502657
|move|p2a: Raging Bolt|Thunderclap||[still]
|-fail|p2a: Raging Bolt
|move|p1a: Dragonite|Dragon Dance|p1a: Dragonite
|-boost|p1a: Dragonite|atk|1
|-boost|p1a: Dragonite|spe|1
|
|upkeep
|turn|26
|
|t:|1781502661
|move|p1a: Dragonite|Earthquake|p2a: Raging Bolt
|-supereffective|p2a: Raging Bolt
|-damage|p2a: Raging Bolt|0 fnt
|faint|p2a: Raging Bolt
|-end|p2a: Raging Bolt|Protosynthesis|[silent]
|
|upkeep
|
|t:|1781502662
|switch|p2a: Barraskewda|Barraskewda, F|100/100
|turn|27
|
|t:|1781502664
|-terastallize|p1a: Dragonite|Normal
|move|p1a: Dragonite|Extreme Speed|p2a: Barraskewda
|-damage|p2a: Barraskewda|0 fnt
|faint|p2a: Barraskewda
|
|win|zhihe0719
|raw|zhihe0719's rating: 1496 &rarr; <strong>1521</strong><br />(+25 for winning)
|raw|LowEL0God's rating: 1576 &rarr; <strong>1551</strong><br />(-25 for losing)
|l|☆zhihe0719
|player|p1|
|c|☆LowEL0God|gg
|l|☆LowEL0God
|player|p2|
