|j|☆bigguy916
|j|☆Burrahobbit
|t:|1781570089
|gametype|singles
|player|p1|bigguy916|unknownf|1673
|player|p2|Burrahobbit|101|1605
|gen|9
|tier|[Gen 9] OU
|rated|
|rule|HP Percentage Mod: HP is shown in percentages
|rule|Endless Battle Clause: Forcing endless battles is banned
|rule|Species Clause: Limit one of each Pokémon
|rule|OHKO Clause: OHKO moves are banned
|rule|Evasion Items Clause: Evasion items are banned
|rule|Evasion Moves Clause: Evasion moves are banned
|rule|Evasion Abilities Clause: Evasion abilities are banned
|rule|Sleep Moves Clause: Sleep-inducing moves are banned
|clearpoke
|poke|p1|Iron Hands|
|poke|p1|Kingambit, M|
|poke|p1|Hatterene, F|
|poke|p1|Landorus-Therian, M|
|poke|p1|Dragapult, F|
|poke|p1|Walking Wake|
|poke|p2|Regieleki|
|poke|p2|Ting-Lu|
|poke|p2|Kyurem|
|poke|p2|Kingambit, M|
|poke|p2|Garganacl, M|
|poke|p2|Moltres|
|teampreview
|inactive|Battle timer is ON: inactive players will automatically lose when time's up. (requested by bigguy916)
|inactive|bigguy916 has 120 seconds left.
|
|t:|1781570140
|teamsize|p1|6
|teamsize|p2|6
|start
|switch|p1a: Iron Hands|Iron Hands|100/100
|switch|p2a: Kyurem|Kyurem|100/100
|-ability|p2a: Kyurem|Pressure
|turn|1
|
|t:|1781570152
|switch|p2a: Moltres|Moltres|100/100
|move|p1a: Iron Hands|Drain Punch|p2a: Moltres
|-resisted|p2a: Moltres
|-damage|p2a: Moltres|85/100
|-status|p1a: Iron Hands|brn|[from] ability: Flame Body|[of] p2a: Moltres
|
|-damage|p1a: Iron Hands|94/100 brn|[from] brn
|upkeep
|turn|2
|
|t:|1781570158
|move|p2a: Moltres|U-turn|p1a: Iron Hands
|-resisted|p1a: Iron Hands
|-damage|p1a: Iron Hands|89/100 brn
|
|t:|1781570163
|switch|p2a: Ting-Lu|Ting-Lu|100/100|[from] U-turn
|-ability|p2a: Ting-Lu|Vessel of Ruin
|move|p1a: Iron Hands|Swords Dance|p1a: Iron Hands
|-boost|p1a: Iron Hands|atk|2
|
|-damage|p1a: Iron Hands|83/100 brn|[from] brn
|upkeep
|turn|3
|
|t:|1781570169
|move|p2a: Ting-Lu|Earthquake|p1a: Iron Hands
|-supereffective|p1a: Iron Hands
|-enditem|p1a: Iron Hands|Shuca Berry|[eat]
|-enditem|p1a: Iron Hands|Shuca Berry|[weaken]
|-damage|p1a: Iron Hands|47/100 brn
|move|p1a: Iron Hands|Drain Punch|p2a: Ting-Lu
|-supereffective|p2a: Ting-Lu
|-damage|p2a: Ting-Lu|42/100
|-heal|p1a: Iron Hands|76/100 brn|[from] drain|[of] p2a: Ting-Lu
|-enditem|p2a: Ting-Lu|Weakness Policy
|-boost|p2a: Ting-Lu|atk|2|[from] item: Weakness Policy
|-boost|p2a: Ting-Lu|spa|2|[from] item: Weakness Policy
|
|-damage|p1a: Iron Hands|70/100 brn|[from] brn
|upkeep
|turn|4
|
|t:|1781570190
|-end|p1a: Iron Hands|Quark Drive|[silent]
|switch|p1a: Landorus|Landorus-Therian, M|100/100
|-ability|p1a: Landorus|Intimidate|boost
|-unboost|p2a: Ting-Lu|atk|1
|move|p2a: Ting-Lu|Earthquake|p1a: Landorus
|-immune|p1a: Landorus
|
|upkeep
|turn|5
|
|t:|1781570197
|move|p1a: Landorus|Stealth Rock|p2a: Ting-Lu
|-sidestart|p2: Burrahobbit|move: Stealth Rock
|move|p2a: Ting-Lu|Stealth Rock|p1a: Landorus
|-sidestart|p1: bigguy916|move: Stealth Rock
|
|upkeep
|turn|6
|
|t:|1781570202
|move|p1a: Landorus|Earth Power|p2a: Ting-Lu
|-damage|p2a: Ting-Lu|19/100
|move|p2a: Ting-Lu|Payback|p1a: Landorus
|-damage|p1a: Landorus|24/100
|-damage|p2a: Ting-Lu|2/100|[from] item: Rocky Helmet|[of] p1a: Landorus
|
|upkeep
|turn|7
|
|t:|1781570212
|switch|p2a: Moltres|Moltres|85/100
|move|p1a: Landorus|U-turn|p2a: Moltres
|-resisted|p2a: Moltres
|-damage|p2a: Moltres|82/100
|
|t:|1781570225
|switch|p1a: Walking Wake|Walking Wake|100/100|[from] U-turn
|-damage|p1a: Walking Wake|88/100|[from] Stealth Rock
|-enditem|p1a: Walking Wake|Booster Energy
|-activate|p1a: Walking Wake|ability: Protosynthesis|[fromitem]
|-start|p1a: Walking Wake|protosynthesisspa
|
|upkeep
|turn|8
|
|t:|1781570234
|switch|p2a: Ting-Lu|Ting-Lu|2/100
|-damage|p2a: Ting-Lu|0 fnt|[from] Stealth Rock
|faint|p2a: Ting-Lu
|move|p1a: Walking Wake|Surf|p2: Ting-Lu|[notarget]
|-fail|p1a: Walking Wake
|
|upkeep
|
|t:|1781570247
|switch|p2a: Kyurem|Kyurem|100/100
|-damage|p2a: Kyurem|76/100|[from] Stealth Rock
|-ability|p2a: Kyurem|Pressure
|turn|9
|
|t:|1781570263
|move|p2a: Kyurem|Protect|p2a: Kyurem
|-singleturn|p2a: Kyurem|Protect
|move|p1a: Walking Wake|Dragon Pulse|p2a: Kyurem
|-activate|p2a: Kyurem|move: Protect
|
|-heal|p2a: Kyurem|82/100|[from] item: Leftovers
|upkeep
|turn|10
|
|t:|1781570281
|-terastallize|p2a: Kyurem|Ground
|move|p1a: Walking Wake|Dragon Pulse|p2a: Kyurem
|-damage|p2a: Kyurem|35/100
|move|p2a: Kyurem|Freeze-Dry|p1a: Walking Wake
|-supereffective|p1a: Walking Wake
|-damage|p1a: Walking Wake|0 fnt
|faint|p1a: Walking Wake
|-end|p1a: Walking Wake|Protosynthesis|[silent]
|
|-heal|p2a: Kyurem|41/100|[from] item: Leftovers
|upkeep
|
|t:|1781570297
|switch|p1a: Hatterene|Hatterene, F|100/100
|-damage|p1a: Hatterene|88/100|[from] Stealth Rock
|turn|11
|
|t:|1781570301
|move|p2a: Kyurem|Protect|p2a: Kyurem
|-singleturn|p2a: Kyurem|Protect
|move|p1a: Hatterene|Dazzling Gleam|p2a: Kyurem
|-activate|p2a: Kyurem|move: Protect
|
|-heal|p2a: Kyurem|47/100|[from] item: Leftovers
|upkeep
|turn|12
|
|t:|1781570307
|move|p2a: Kyurem|Earth Power|p1a: Hatterene
|-damage|p1a: Hatterene|36/100
|move|p1a: Hatterene|Psychic Noise|p2a: Kyurem
|-crit|p2a: Kyurem
|-damage|p2a: Kyurem|9/100
|-start|p2a: Kyurem|move: Heal Block
|
|upkeep
|turn|13
|
|t:|1781570319
|switch|p1a: Dragapult|Dragapult, F|100/100
|move|p2a: Kyurem|Freeze-Dry|p1a: Dragapult
|-supereffective|p1a: Dragapult
|-damage|p1a: Dragapult|0 fnt
|faint|p1a: Dragapult
|
|-end|p2a: Kyurem|move: Heal Block
|upkeep
|
|t:|1781570325
|switch|p1a: Kingambit|Kingambit, M|100/100
|-damage|p1a: Kingambit|94/100|[from] Stealth Rock
|-activate|p1a: Kingambit|ability: Supreme Overlord
|-start|p1a: Kingambit|fallen2|[silent]
|turn|14
|
|t:|1781570340
|switch|p2a: Moltres|Moltres|82/100
|move|p1a: Kingambit|Sucker Punch||[still]
|-fail|p1a: Kingambit
|
|upkeep
|turn|15
|
|t:|1781570344
|-end|p1a: Kingambit|fallen2|[silent]
|switch|p1a: Landorus|Landorus-Therian, M|24/100
|-damage|p1a: Landorus|12/100|[from] Stealth Rock
|-ability|p1a: Landorus|Intimidate|boost
|-unboost|p2a: Moltres|atk|1
|move|p2a: Moltres|Flamethrower|p1a: Landorus
|-damage|p1a: Landorus|0 fnt
|faint|p1a: Landorus
|
|upkeep
|
|t:|1781570348
|switch|p1a: Iron Hands|Iron Hands|70/100 brn
|-damage|p1a: Iron Hands|64/100 brn|[from] Stealth Rock
|turn|16
|
|t:|1781570353
|move|p2a: Moltres|Roost|p2a: Moltres
|-heal|p2a: Moltres|100/100
|-singleturn|p2a: Moltres|move: Roost
|move|p1a: Iron Hands|Thunder Punch|p2a: Moltres
|-damage|p2a: Moltres|86/100
|
|-damage|p1a: Iron Hands|58/100 brn|[from] brn
|upkeep
|turn|17
|
|t:|1781570356
|move|p2a: Moltres|U-turn|p1a: Iron Hands
|-resisted|p1a: Iron Hands
|-damage|p1a: Iron Hands|54/100 brn
|
|t:|1781570359
|switch|p2a: Kyurem|Kyurem, tera:Ground|9/100|[from] U-turn
|-damage|p2a: Kyurem|3/100|[from] Stealth Rock
|-ability|p2a: Kyurem|Pressure
|move|p1a: Iron Hands|Swords Dance|p1a: Iron Hands
|-boost|p1a: Iron Hands|atk|2
|
|-heal|p2a: Kyurem|9/100|[from] item: Leftovers
|-damage|p1a: Iron Hands|48/100 brn|[from] brn
|upkeep
|turn|18
|
|t:|1781570366
|-terastallize|p1a: Iron Hands|Flying
|move|p2a: Kyurem|Earth Power|p1a: Iron Hands
|-immune|p1a: Iron Hands
|move|p1a: Iron Hands|Ice Punch|p2a: Kyurem
|-supereffective|p2a: Kyurem
|-damage|p2a: Kyurem|0 fnt
|faint|p2a: Kyurem
|
|-damage|p1a: Iron Hands|41/100 brn|[from] brn
|upkeep
|
|t:|1781570370
|switch|p2a: Regieleki|Regieleki|100/100
|turn|19
|
|t:|1781570374
|move|p2a: Regieleki|Thunderbolt|p1a: Iron Hands
|-supereffective|p1a: Iron Hands
|-damage|p1a: Iron Hands|0 fnt
|faint|p1a: Iron Hands
|-end|p1a: Iron Hands|Quark Drive|[silent]
|
|upkeep
|
|t:|1781570381
|switch|p1a: Kingambit|Kingambit, M|94/100
|-damage|p1a: Kingambit|88/100|[from] Stealth Rock
|-activate|p1a: Kingambit|ability: Supreme Overlord
|-start|p1a: Kingambit|fallen4|[silent]
|turn|20
|
|t:|1781570389
|move|p2a: Regieleki|Substitute|p2a: Regieleki
|-start|p2a: Regieleki|Substitute
|-damage|p2a: Regieleki|76/100
|move|p1a: Kingambit|Swords Dance|p1a: Kingambit
|-boost|p1a: Kingambit|atk|2
|
|upkeep
|turn|21
|
|t:|1781570392
|move|p2a: Regieleki|Thunderbolt|p1a: Kingambit
|-damage|p1a: Kingambit|32/100
|move|p1a: Kingambit|Kowtow Cleave|p2a: Regieleki
|-end|p2a: Regieleki|Substitute
|
|upkeep
|turn|22
|
|t:|1781570396
|move|p1a: Kingambit|Sucker Punch|p2a: Regieleki
|-damage|p2a: Regieleki|0 fnt
|faint|p2a: Regieleki
|
|upkeep
|
|t:|1781570399
|switch|p2a: Moltres|Moltres|86/100
|turn|23
|
|t:|1781570402
|move|p1a: Kingambit|Sucker Punch|p2a: Moltres
|-damage|p2a: Moltres|0 fnt
|-status|p1a: Kingambit|brn|[from] ability: Flame Body|[of] p2a: Moltres
|faint|p2a: Moltres
|
|-damage|p1a: Kingambit|25/100 brn|[from] brn
|upkeep
|
|t:|1781570405
|switch|p2a: Garganacl|Garganacl, M|100/100
|-damage|p2a: Garganacl|88/100|[from] Stealth Rock
|turn|24
|
|t:|1781570409
|move|p1a: Kingambit|Iron Head|p2a: Garganacl
|-supereffective|p2a: Garganacl
|-damage|p2a: Garganacl|0 fnt
|faint|p2a: Garganacl
|
|-damage|p1a: Kingambit|19/100 brn|[from] brn
|upkeep
|
|t:|1781570411
|switch|p2a: Kingambit|Kingambit, M|100/100
|-damage|p2a: Kingambit|94/100|[from] Stealth Rock
|-activate|p2a: Kingambit|ability: Supreme Overlord
|-start|p2a: Kingambit|fallen5|[silent]
|turn|25
|
|t:|1781570417
|move|p1a: Kingambit|Sucker Punch|p2a: Kingambit
|-resisted|p2a: Kingambit
|-damage|p2a: Kingambit|69/100
|move|p2a: Kingambit|Iron Head|p1a: Kingambit
|-resisted|p1a: Kingambit
|-damage|p1a: Kingambit|0 fnt
|faint|p1a: Kingambit
|-end|p1a: Kingambit|fallen4|[silent]
|
|upkeep
|
|t:|1781570420
|switch|p1a: Hatterene|Hatterene, F|36/100
|-damage|p1a: Hatterene|24/100|[from] Stealth Rock
|turn|26
|-enditem|p1a: Hatterene|Custap Berry|[eat]
|-activate|p1a: Hatterene|item: Custap Berry|[consumed]
|
|t:|1781570424
|move|p1a: Hatterene|Nuzzle|p2a: Kingambit
|-damage|p2a: Kingambit|67/100
|-status|p2a: Kingambit|par
|move|p2a: Kingambit|Iron Head|p1a: Hatterene
|-supereffective|p1a: Hatterene
|-damage|p1a: Hatterene|0 fnt
|faint|p1a: Hatterene
|
|win|Burrahobbit
|raw|bigguy916's rating: 1673 &rarr; <strong>1649</strong><br />(-24 for losing)
|raw|Burrahobbit's rating: 1605 &rarr; <strong>1629</strong><br />(+24 for winning)
|l|☆bigguy916
|player|p1|
|l|☆Burrahobbit
|player|p2|
