|j|☆Mky27
|j|☆kennojex
|t:|1781565072
|gametype|singles
|player|p1|Mky27|ltsurge|1598
|player|p2|kennojex|lucas|1696
|gen|9
|tier|[Gen 9] OU
|rated|
|rule|HP Percentage Mod: HP is shown in percentages
|rule|Endless Battle Clause: Forcing endless battles is banned
|rule|Species Clause: Limit one of each Pokémon
|rule|OHKO Clause: OHKO moves are banned
|rule|Evasion Items Clause: Evasion items are banned
|rule|Evasion Moves Clause: Evasion moves are banned
|rule|Evasion Abilities Clause: Evasion abilities are banned
|rule|Sleep Moves Clause: Sleep-inducing moves are banned
|clearpoke
|poke|p1|Alomomola, F|
|poke|p1|Ting-Lu|
|poke|p1|Cinderace, M|
|poke|p1|Trevenant, M|
|poke|p1|Glimmora, F|
|poke|p1|Gholdengo|
|poke|p2|Zapdos-Galar|
|poke|p2|Blissey, F|
|poke|p2|Darkrai|
|poke|p2|Gliscor, M|
|poke|p2|Skarmory, F|
|poke|p2|Pecharunt|
|teampreview
|inactive|Battle timer is ON: inactive players will automatically lose when time's up. (requested by Mky27)
|
|t:|1781565095
|teamsize|p1|6
|teamsize|p2|6
|start
|switch|p1a: Gholdengo|Gholdengo|100/100
|switch|p2a: Da Kicker|Zapdos-Galar|100/100
|turn|1
|
|t:|1781565102
|move|p1a: Gholdengo|Make It Rain|p2a: Da Kicker
|-damage|p2a: Da Kicker|23/100
|-unboost|p1a: Gholdengo|spa|1
|move|p2a: Da Kicker|Knock Off|p1a: Gholdengo
|-supereffective|p1a: Gholdengo
|-damage|p1a: Gholdengo|0 fnt
|-enditem|p1a: Gholdengo|Choice Scarf|[from] move: Knock Off|[of] p2a: Da Kicker
|faint|p1a: Gholdengo
|
|upkeep
|
|t:|1781565115
|switch|p1a: Cinderace|Cinderace, M|100/100
|turn|2
|
|t:|1781565120
|switch|p2a: Pecharunt|Pecharunt|100/100
|-item|p2a: Pecharunt|Air Balloon
|move|p1a: Cinderace|Pyro Ball|p2a: Pecharunt
|-damage|p2a: Pecharunt|68/100
|-enditem|p2a: Pecharunt|Air Balloon
|
|upkeep
|turn|3
|
|t:|1781565133
|move|p1a: Cinderace|U-turn|p2a: Pecharunt
|-start|p1a: Cinderace|typechange|Bug|[from] ability: Libero
|-resisted|p2a: Pecharunt
|-damage|p2a: Pecharunt|63/100
|
|t:|1781565138
|switch|p1a: Ting-Lu|Ting-Lu|100/100|[from] U-turn
|-ability|p1a: Ting-Lu|Vessel of Ruin
|move|p2a: Pecharunt|Shadow Ball|p1a: Ting-Lu
|-resisted|p1a: Ting-Lu
|-damage|p1a: Ting-Lu|96/100
|-unboost|p1a: Ting-Lu|spd|1
|
|-heal|p1a: Ting-Lu|100/100|[from] item: Leftovers
|upkeep
|turn|4
|
|t:|1781565153
|move|p2a: Pecharunt|Malignant Chain|p1a: Ting-Lu
|-resisted|p1a: Ting-Lu
|-damage|p1a: Ting-Lu|90/100
|move|p1a: Ting-Lu|Earthquake|p2a: Pecharunt
|-supereffective|p2a: Pecharunt
|-damage|p2a: Pecharunt|17/100
|
|-heal|p1a: Ting-Lu|96/100|[from] item: Leftovers
|upkeep
|turn|5
|j| Barryshambles
|
|t:|1781565162
|move|p2a: Pecharunt|Recover|p2a: Pecharunt
|-heal|p2a: Pecharunt|67/100
|move|p1a: Ting-Lu|Earthquake|p2a: Pecharunt
|-supereffective|p2a: Pecharunt
|-damage|p2a: Pecharunt|19/100
|
|-heal|p1a: Ting-Lu|100/100|[from] item: Leftovers
|upkeep
|turn|6
|
|t:|1781565172
|move|p2a: Pecharunt|Parting Shot|p1a: Ting-Lu
|-unboost|p1a: Ting-Lu|atk|1
|-unboost|p1a: Ting-Lu|spa|1
|
|t:|1781565175
|switch|p2a: Da Kicker|Zapdos-Galar|23/100|[from] Parting Shot
|move|p1a: Ting-Lu|Earthquake|p2a: Da Kicker
|-immune|p2a: Da Kicker
|
|upkeep
|turn|7
|j| nepturee
|
|t:|1781565183
|switch|p1a: Alomomola|Alomomola, F|100/100
|move|p2a: Da Kicker|U-turn|p1a: Alomomola
|-damage|p1a: Alomomola|81/100
|-damage|p2a: Da Kicker|6/100|[from] item: Rocky Helmet|[of] p1a: Alomomola
|
|t:|1781565189
|switch|p2a: Pecharunt|Pecharunt|19/100|[from] U-turn
|
|upkeep
|turn|8
|
|t:|1781565199
|move|p2a: Pecharunt|Recover|p2a: Pecharunt
|-heal|p2a: Pecharunt|69/100
|move|p1a: Alomomola|Flip Turn|p2a: Pecharunt
|-damage|p2a: Pecharunt|61/100
|
|t:|1781565208
|switch|p1a: Glimmora|Glimmora, F|100/100|[from] Flip Turn
|
|upkeep
|turn|9
|
|t:|1781565217
|switch|p2a: Da Kicker|Zapdos-Galar|6/100
|move|p1a: Glimmora|Earth Power|p2a: Da Kicker
|-immune|p2a: Da Kicker
|
|upkeep
|turn|10
|
|t:|1781565224
|switch|p1a: Alomomola|Alomomola, F|100/100
|move|p2a: Da Kicker|Close Combat|p1a: Alomomola
|-damage|p1a: Alomomola|50/100
|-unboost|p2a: Da Kicker|def|1
|-unboost|p2a: Da Kicker|spd|1
|-damage|p2a: Da Kicker|0 fnt|[from] item: Rocky Helmet|[of] p1a: Alomomola
|faint|p2a: Da Kicker
|
|upkeep
|
|t:|1781565230
|switch|p2a: Blissey|Blissey, F|100/100
|turn|11
|
|t:|1781565239
|move|p1a: Alomomola|Flip Turn|p2a: Blissey
|-damage|p2a: Blissey|86/100
|j| lowladderubersnoob
|
|t:|1781565248
|switch|p1a: Ting-Lu|Ting-Lu|100/100|[from] Flip Turn
|-ability|p1a: Ting-Lu|Vessel of Ruin
|move|p2a: Blissey|Thunder Wave|p1a: Ting-Lu
|-immune|p1a: Ting-Lu
|
|upkeep
|turn|12
|
|t:|1781565261
|switch|p2a: Gliscor|Gliscor, M|100/100
|move|p1a: Ting-Lu|Ruination|p2a: Gliscor
|-damage|p2a: Gliscor|50/100
|
|-status|p2a: Gliscor|tox|[from] item: Toxic Orb
|upkeep
|turn|13
|
|t:|1781565276
|move|p2a: Gliscor|Swords Dance|p2a: Gliscor
|-boost|p2a: Gliscor|atk|2
|move|p1a: Ting-Lu|Whirlwind|p2a: Gliscor
|drag|p2a: Blissey|Blissey, F|86/100
|
|upkeep
|turn|14
|
|t:|1781565283
|switch|p2a: Gliscor|Gliscor, M|50/100 tox
|move|p1a: Ting-Lu|Ruination|p2a: Gliscor
|-damage|p2a: Gliscor|25/100 tox
|
|-heal|p2a: Gliscor|38/100 tox|[from] ability: Poison Heal
|upkeep
|turn|15
|
|t:|1781565292
|move|p2a: Gliscor|Facade|p1a: Ting-Lu
|-damage|p1a: Ting-Lu|83/100
|move|p1a: Ting-Lu|Whirlwind|p2a: Gliscor
|drag|p2a: Darkrai|Darkrai|100/100
|
|-heal|p1a: Ting-Lu|89/100|[from] item: Leftovers
|upkeep
|turn|16
|
|t:|1781565302
|switch|p2a: Gliscor|Gliscor, M|38/100 tox
|move|p1a: Ting-Lu|Ruination|p2a: Gliscor
|-damage|p2a: Gliscor|19/100 tox
|
|-heal|p1a: Ting-Lu|95/100|[from] item: Leftovers
|-heal|p2a: Gliscor|32/100 tox|[from] ability: Poison Heal
|upkeep
|turn|17
|
|t:|1781565312
|move|p2a: Gliscor|Knock Off|p1a: Ting-Lu
|-resisted|p1a: Ting-Lu
|-crit|p1a: Ting-Lu
|-damage|p1a: Ting-Lu|87/100
|-enditem|p1a: Ting-Lu|Leftovers|[from] move: Knock Off|[of] p2a: Gliscor
|move|p1a: Ting-Lu|Whirlwind|p2a: Gliscor
|drag|p2a: Blissey|Blissey, F|86/100
|
|upkeep
|turn|18
|
|t:|1781565322
|switch|p2a: Gliscor|Gliscor, M|32/100 tox
|switch|p1a: Cinderace|Cinderace, M|100/100
|
|-heal|p2a: Gliscor|44/100 tox|[from] ability: Poison Heal
|upkeep
|turn|19
|
|t:|1781565332
|move|p2a: Gliscor|Protect|p2a: Gliscor
|-singleturn|p2a: Gliscor|Protect
|move|p1a: Cinderace|Pyro Ball|p2a: Gliscor
|-activate|p2a: Gliscor|move: Protect
|
|-heal|p2a: Gliscor|57/100 tox|[from] ability: Poison Heal
|upkeep
|turn|20
|
|t:|1781565341
|move|p1a: Cinderace|Pyro Ball|p2a: Gliscor
|-damage|p2a: Gliscor|14/100 tox
|move|p2a: Gliscor|Knock Off|p1a: Cinderace
|-damage|p1a: Cinderace|69/100
|-enditem|p1a: Cinderace|Heavy-Duty Boots|[from] move: Knock Off|[of] p2a: Gliscor
|
|-heal|p2a: Gliscor|26/100 tox|[from] ability: Poison Heal
|upkeep
|turn|21
|
|t:|1781565356
|switch|p1a: Glimmora|Glimmora, F|100/100
|move|p2a: Gliscor|Protect||[still]
|-fail|p2a: Gliscor
|
|-heal|p2a: Gliscor|39/100 tox|[from] ability: Poison Heal
|upkeep
|turn|22
|
|t:|1781565370
|-terastallize|p1a: Glimmora|Ground
|move|p1a: Glimmora|Power Gem|p2a: Gliscor
|-damage|p2a: Gliscor|6/100 tox
|move|p2a: Gliscor|Swords Dance|p2a: Gliscor
|-boost|p2a: Gliscor|atk|2
|
|-heal|p2a: Gliscor|18/100 tox|[from] ability: Poison Heal
|upkeep
|turn|23
|
|t:|1781565382
|move|p1a: Glimmora|Stealth Rock|p2a: Gliscor
|-sidestart|p2: kennojex|move: Stealth Rock
|move|p2a: Gliscor|Facade|p1a: Glimmora
|-damage|p1a: Glimmora|41/100
|-activate|p1a: Glimmora|ability: Toxic Debris
|-sidestart|p2: kennojex|move: Toxic Spikes
|-enditem|p1a: Glimmora|Red Card|[of] p2a: Gliscor
|drag|p2a: Blissey|Blissey, F|86/100
|
|upkeep
|turn|24
|
|t:|1781565398
|switch|p1a: Ting-Lu|Ting-Lu|87/100
|-ability|p1a: Ting-Lu|Vessel of Ruin
|move|p2a: Blissey|Stealth Rock|p1a: Ting-Lu
|-sidestart|p1: Mky27|move: Stealth Rock
|
|upkeep
|turn|25
|
|t:|1781565409
|switch|p2a: Skarmory|Skarmory, F|100/100
|-damage|p2a: Skarmory|88/100|[from] Stealth Rock
|move|p1a: Ting-Lu|Spikes|p2a: Skarmory
|-sidestart|p2: kennojex|Spikes
|
|upkeep
|turn|26
|
|t:|1781565418
|move|p2a: Skarmory|Spikes|p1a: Ting-Lu
|-sidestart|p1: Mky27|Spikes
|move|p1a: Ting-Lu|Ruination|p2a: Skarmory
|-damage|p2a: Skarmory|45/100
|
|upkeep
|turn|27
|
|t:|1781565427
|switch|p1a: Alomomola|Alomomola, F|84/100
|-damage|p1a: Alomomola|71/100|[from] Stealth Rock
|-damage|p1a: Alomomola|59/100|[from] Spikes
|move|p2a: Skarmory|Roost|p2a: Skarmory
|-heal|p2a: Skarmory|95/100
|-singleturn|p2a: Skarmory|move: Roost
|
|upkeep
|turn|28
|l|☆kennojex
|inactive|kennojex disconnected and has a minute to reconnect!
|player|p2|
|l| Barryshambles
|inactive|kennojex has 30 seconds to reconnect!
|inactive|kennojex has 20 seconds to reconnect!
|inactive|kennojex has 15 seconds to reconnect!
|inactive|kennojex has 10 seconds to reconnect!
|inactive|kennojex has 5 seconds to reconnect!
|-message|kennojex lost due to inactivity.
|
|win|Mky27
|raw|Mky27's rating: 1598 &rarr; <strong>1623</strong><br />(+25 for winning)
|raw|kennojex's rating: 1696 &rarr; <strong>1671</strong><br />(-25 for losing)
|l|☆Mky27
|player|p1|
|l| nepturee
