|j|☆ihymyly
|j|☆LowEL0God
|t:|1781094291
|gametype|singles
|player|p1|ihymyly|1|1577
|player|p2|LowEL0God|265|1624
|gen|9
|tier|[Gen 9] OU
|rated|
|rule|HP Percentage Mod: HP is shown in percentages
|rule|Endless Battle Clause: Forcing endless battles is banned
|rule|Species Clause: Limit one of each Pokémon
|rule|OHKO Clause: OHKO moves are banned
|rule|Evasion Items Clause: Evasion items are banned
|rule|Evasion Moves Clause: Evasion moves are banned
|rule|Evasion Abilities Clause: Evasion abilities are banned
|rule|Sleep Moves Clause: Sleep-inducing moves are banned
|clearpoke
|poke|p1|Pelipper, F|
|poke|p1|Kingdra, M|
|poke|p1|Weavile, M|
|poke|p1|Corviknight, F|
|poke|p1|Clodsire, F|
|poke|p1|Raging Bolt|
|poke|p2|Pelipper, F|
|poke|p2|Torkoal, F|
|poke|p2|Walking Wake|
|poke|p2|Kyurem|
|poke|p2|Ninetales-Alola, F|
|poke|p2|Ogerpon-Wellspring, F|
|teampreview
|c|☆LowEL0God|hf
|inactive|Battle timer is ON: inactive players will automatically lose when time's up. (requested by LowEL0God)
|
|t:|1781094299
|teamsize|p1|6
|teamsize|p2|6
|start
|switch|p1a: Pelipper|Pelipper, F|100/100
|switch|p2a: Ninetales|Ninetales-Alola, F|100/100
|-weather|Snowscape|[from] ability: Snow Warning|[of] p2a: Ninetales
|-weather|RainDance|[from] ability: Drizzle|[of] p1a: Pelipper
|turn|1
|
|t:|1781094306
|switch|p1a: Corviknight|Corviknight, F|100/100
|-ability|p1a: Corviknight|Pressure
|move|p2a: Ninetales|Freeze-Dry|p1a: Corviknight
|-damage|p1a: Corviknight|79/100
|-status|p1a: Corviknight|frz
|
|-weather|RainDance|[upkeep]
|upkeep
|turn|2
|
|t:|1781094308
|move|p2a: Ninetales|Moonblast|p1a: Corviknight
|-resisted|p1a: Corviknight
|-damage|p1a: Corviknight|66/100 frz
|-unboost|p1a: Corviknight|spa|1
|-curestatus|p1a: Corviknight|frz|[msg]
|move|p1a: Corviknight|U-turn|p2a: Ninetales
|-resisted|p2a: Ninetales
|-damage|p2a: Ninetales|92/100
|
|t:|1781094316
|switch|p1a: Kingdra|Kingdra, M|100/100|[from] U-turn
|
|-weather|RainDance|[upkeep]
|upkeep
|turn|3
|
|t:|1781094318
|move|p1a: Kingdra|Weather Ball|p2a: Ninetales
|-damage|p2a: Ninetales|0 fnt
|faint|p2a: Ninetales
|
|-weather|RainDance|[upkeep]
|upkeep
|
|t:|1781094320
|switch|p2a: Walking Wake|Walking Wake|100/100
|turn|4
|
|t:|1781094324
|switch|p1a: Clodsire|Clodsire, F|100/100
|move|p2a: Walking Wake|Dragon Pulse|p1a: Clodsire
|-damage|p1a: Clodsire|67/100
|
|-weather|RainDance|[upkeep]
|-heal|p1a: Clodsire|73/100|[from] item: Leftovers
|upkeep
|turn|5
|
|t:|1781094326
|move|p2a: Walking Wake|Dragon Pulse|p1a: Clodsire
|-damage|p1a: Clodsire|36/100
|move|p1a: Clodsire|Stealth Rock|p2a: Walking Wake
|-sidestart|p2: LowEL0God|move: Stealth Rock
|
|-weather|RainDance|[upkeep]
|-heal|p1a: Clodsire|42/100|[from] item: Leftovers
|upkeep
|turn|6
|
|t:|1781094330
|move|p2a: Walking Wake|Dragon Pulse|p1a: Clodsire
|-damage|p1a: Clodsire|9/100
|move|p1a: Clodsire|Recover|p1a: Clodsire
|-heal|p1a: Clodsire|59/100
|
|-weather|RainDance|[upkeep]
|-heal|p1a: Clodsire|65/100|[from] item: Leftovers
|upkeep
|turn|7
|
|t:|1781094334
|move|p2a: Walking Wake|Dragon Pulse|p1a: Clodsire
|-damage|p1a: Clodsire|30/100
|move|p1a: Clodsire|Recover|p1a: Clodsire
|-heal|p1a: Clodsire|80/100
|
|-weather|RainDance|[upkeep]
|-heal|p1a: Clodsire|86/100|[from] item: Leftovers
|upkeep
|turn|8
|
|t:|1781094337
|move|p2a: Walking Wake|Dragon Pulse|p1a: Clodsire
|-damage|p1a: Clodsire|52/100
|move|p1a: Clodsire|Toxic|p2a: Walking Wake
|-status|p2a: Walking Wake|tox
|
|-weather|none
|-heal|p1a: Clodsire|58/100|[from] item: Leftovers
|-damage|p2a: Walking Wake|94/100 tox|[from] psn
|upkeep
|turn|9
|
|t:|1781094340
|move|p2a: Walking Wake|Dragon Pulse|p1a: Clodsire
|-damage|p1a: Clodsire|22/100
|move|p1a: Clodsire|Recover|p1a: Clodsire
|-heal|p1a: Clodsire|72/100
|
|-heal|p1a: Clodsire|78/100|[from] item: Leftovers
|-damage|p2a: Walking Wake|82/100 tox|[from] psn
|upkeep
|turn|10
|
|t:|1781094344
|switch|p1a: Corviknight|Corviknight, F|66/100
|-ability|p1a: Corviknight|Pressure
|move|p2a: Walking Wake|Dragon Pulse|p1a: Corviknight
|-resisted|p1a: Corviknight
|-crit|p1a: Corviknight
|-damage|p1a: Corviknight|18/100
|
|-damage|p2a: Walking Wake|64/100 tox|[from] psn
|upkeep
|turn|11
|
|t:|1781094347
|move|p2a: Walking Wake|Dragon Pulse|p1a: Corviknight
|-resisted|p1a: Corviknight
|-damage|p1a: Corviknight|0 fnt
|faint|p1a: Corviknight
|
|-damage|p2a: Walking Wake|39/100 tox|[from] psn
|upkeep
|
|t:|1781094352
|switch|p1a: Weavile|Weavile, M|100/100
|-ability|p1a: Weavile|Pressure
|turn|12
|
|t:|1781094357
|move|p1a: Weavile|Knock Off|p2a: Walking Wake
|-damage|p2a: Walking Wake|0 fnt
|-enditem|p2a: Walking Wake|Choice Specs|[from] move: Knock Off|[of] p1a: Weavile
|faint|p2a: Walking Wake
|-end|p2a: Walking Wake|Protosynthesis|[silent]
|
|upkeep
|
|t:|1781094359
|switch|p2a: Ogerpon|Ogerpon-Wellspring, F|100/100
|-damage|p2a: Ogerpon|88/100|[from] Stealth Rock
|turn|13
|
|t:|1781094361
|move|p1a: Weavile|Triple Axel|p2a: Ogerpon|[miss]
|-miss|p1a: Weavile|p2a: Ogerpon
|move|p2a: Ogerpon|Play Rough|p1a: Weavile
|-supereffective|p1a: Weavile
|-damage|p1a: Weavile|0 fnt
|faint|p1a: Weavile
|
|upkeep
|
|t:|1781094370
|switch|p1a: Pelipper|Pelipper, F|100/100
|-weather|RainDance|[from] ability: Drizzle|[of] p1a: Pelipper
|turn|14
|
|t:|1781094373
|-terastallize|p2a: Ogerpon|Water
|detailschange|p2a: Ogerpon|Ogerpon-Wellspring-Tera, F, tera:Water
|-ability|p2a: Ogerpon|Embody Aspect (Wellspring)|boost
|-boost|p2a: Ogerpon|spd|1
|move|p2a: Ogerpon|Swords Dance|p2a: Ogerpon
|-boost|p2a: Ogerpon|atk|2
|move|p1a: Pelipper|U-turn|p2a: Ogerpon
|-damage|p2a: Ogerpon|76/100
|
|t:|1781094383
|switch|p1a: Raging Bolt|Raging Bolt|100/100|[from] U-turn
|
|-weather|RainDance|[upkeep]
|upkeep
|turn|15
|
|t:|1781094390
|move|p1a: Raging Bolt|Thunderclap|p2a: Ogerpon
|-supereffective|p2a: Ogerpon
|-damage|p2a: Ogerpon|14/100
|move|p2a: Ogerpon|Ivy Cudgel|p1a: Raging Bolt|[anim] Ivy Cudgel Water
|-resisted|p1a: Raging Bolt
|-damage|p1a: Raging Bolt|0 fnt
|faint|p1a: Raging Bolt
|-end|p1a: Raging Bolt|Protosynthesis|[silent]
|
|-weather|RainDance|[upkeep]
|upkeep
|
|t:|1781094393
|switch|p1a: Kingdra|Kingdra, M|100/100
|turn|16
|
|t:|1781094398
|move|p1a: Kingdra|Weather Ball|p2a: Ogerpon
|-resisted|p2a: Ogerpon
|-damage|p2a: Ogerpon|0 fnt
|faint|p2a: Ogerpon
|detailschange|p2: Ogerpon|Ogerpon-Wellspring, F|[silent]
|
|-weather|RainDance|[upkeep]
|upkeep
|
|t:|1781094398
|switch|p2a: Kyurem|Kyurem|100/100
|-damage|p2a: Kyurem|76/100|[from] Stealth Rock
|-ability|p2a: Kyurem|Pressure
|turn|17
|
|t:|1781094407
|-terastallize|p1a: Kingdra|Water
|move|p1a: Kingdra|Weather Ball|p2a: Kyurem
|-resisted|p2a: Kyurem
|-damage|p2a: Kyurem|9/100
|move|p2a: Kyurem|Freeze-Dry|p1a: Kingdra
|-supereffective|p1a: Kingdra
|-damage|p1a: Kingdra|1/100
|
|-weather|RainDance|[upkeep]
|upkeep
|turn|18
|
|t:|1781094409
|move|p1a: Kingdra|Weather Ball|p2a: Kyurem
|-resisted|p2a: Kyurem
|-damage|p2a: Kyurem|0 fnt
|faint|p2a: Kyurem
|
|-weather|RainDance|[upkeep]
|upkeep
|
|t:|1781094410
|switch|p2a: Torkoal|Torkoal, F|100/100
|-damage|p2a: Torkoal|76/100|[from] Stealth Rock
|-weather|SunnyDay|[from] ability: Drought|[of] p2a: Torkoal
|turn|19
|
|t:|1781094413
|switch|p1a: Pelipper|Pelipper, F|100/100
|-weather|RainDance|[from] ability: Drizzle|[of] p1a: Pelipper
|move|p2a: Torkoal|Rapid Spin|p1a: Pelipper
|-damage|p1a: Pelipper|93/100
|-boost|p2a: Torkoal|spe|1
|-sideend|p2: LowEL0God|Stealth Rock|[from] move: Rapid Spin|[of] p2a: Torkoal
|
|-weather|RainDance|[upkeep]
|upkeep
|turn|20
|
|t:|1781094417
|switch|p2a: Hurricane Spam|Pelipper, F, shiny|100/100
|move|p1a: Pelipper|U-turn|p2a: Hurricane Spam
|-resisted|p2a: Hurricane Spam
|-damage|p2a: Hurricane Spam|96/100
|
|t:|1781094420
|switch|p1a: Kingdra|Kingdra, M, tera:Water|1/100|[from] U-turn
|
|-weather|RainDance|[upkeep]
|upkeep
|turn|21
|
|t:|1781094422
|move|p1a: Kingdra|Weather Ball|p2a: Hurricane Spam
|-resisted|p2a: Hurricane Spam
|-damage|p2a: Hurricane Spam|1/100
|move|p2a: Hurricane Spam|Hurricane|p1a: Kingdra
|-damage|p1a: Kingdra|0 fnt
|faint|p1a: Kingdra
|
|-weather|RainDance|[upkeep]
|upkeep
|
|t:|1781094430
|switch|p1a: Clodsire|Clodsire, F|78/100
|turn|22
|
|t:|1781094431
|switch|p2a: Torkoal|Torkoal, F|76/100
|-weather|SunnyDay|[from] ability: Drought|[of] p2a: Torkoal
|move|p1a: Clodsire|Toxic|p2a: Torkoal
|-status|p2a: Torkoal|tox
|
|-weather|SunnyDay|[upkeep]
|-heal|p1a: Clodsire|84/100|[from] item: Leftovers
|-damage|p2a: Torkoal|70/100 tox|[from] psn
|upkeep
|turn|23
|
|t:|1781094436
|move|p2a: Torkoal|Rapid Spin|p1a: Clodsire
|-damage|p1a: Clodsire|75/100
|-boost|p2a: Torkoal|spe|1
|move|p1a: Clodsire|Stealth Rock|p2a: Torkoal
|-sidestart|p2: LowEL0God|move: Stealth Rock
|
|-weather|SunnyDay|[upkeep]
|-heal|p1a: Clodsire|81/100|[from] item: Leftovers
|-damage|p2a: Torkoal|57/100 tox|[from] psn
|upkeep
|turn|24
|
|t:|1781094440
|move|p2a: Torkoal|Rapid Spin|p1a: Clodsire
|-damage|p1a: Clodsire|70/100
|-boost|p2a: Torkoal|spe|1
|-sideend|p2: LowEL0God|Stealth Rock|[from] move: Rapid Spin|[of] p2a: Torkoal
|move|p1a: Clodsire|Recover|p1a: Clodsire
|-heal|p1a: Clodsire|100/100
|
|-weather|SunnyDay|[upkeep]
|-damage|p2a: Torkoal|39/100 tox|[from] psn
|upkeep
|turn|25
|
|t:|1781094443
|switch|p2a: Hurricane Spam|Pelipper, F, shiny|1/100
|-weather|RainDance|[from] ability: Drizzle|[of] p2a: Hurricane Spam
|move|p1a: Clodsire|Stealth Rock|p2a: Hurricane Spam
|-sidestart|p2: LowEL0God|move: Stealth Rock
|
|-weather|RainDance|[upkeep]
|upkeep
|turn|26
|
|t:|1781094445
|move|p2a: Hurricane Spam|Hurricane|p1a: Clodsire
|-damage|p1a: Clodsire|59/100
|move|p1a: Clodsire|Toxic|p2a: Hurricane Spam
|-status|p2a: Hurricane Spam|tox
|
|-weather|RainDance|[upkeep]
|-heal|p1a: Clodsire|65/100|[from] item: Leftovers
|-damage|p2a: Hurricane Spam|0 fnt|[from] psn
|faint|p2a: Hurricane Spam
|upkeep
|
|t:|1781094446
|switch|p2a: Torkoal|Torkoal, F|39/100 tox
|-damage|p2a: Torkoal|14/100 tox|[from] Stealth Rock
|-weather|SunnyDay|[from] ability: Drought|[of] p2a: Torkoal
|turn|27
|
|t:|1781094450
|move|p1a: Clodsire|Recover|p1a: Clodsire
|-heal|p1a: Clodsire|100/100
|move|p2a: Torkoal|Lava Plume|p1a: Clodsire
|-damage|p1a: Clodsire|80/100
|-status|p1a: Clodsire|brn
|
|-weather|SunnyDay|[upkeep]
|-heal|p1a: Clodsire|86/100 brn|[from] item: Leftovers
|-damage|p2a: Torkoal|8/100 tox|[from] psn
|-damage|p1a: Clodsire|80/100 brn|[from] brn
|upkeep
|turn|28
|
|t:|1781094453
|move|p2a: Torkoal|Body Press|p1a: Clodsire
|-resisted|p1a: Clodsire
|-damage|p1a: Clodsire|64/100 brn
|move|p1a: Clodsire|Earthquake|p2a: Torkoal
|-supereffective|p2a: Torkoal
|-damage|p2a: Torkoal|0 fnt
|faint|p2a: Torkoal
|
|win|ihymyly
|raw|ihymyly's rating: 1577 &rarr; <strong>1600</strong><br />(+23 for winning)
|raw|LowEL0God's rating: 1624 &rarr; <strong>1601</strong><br />(-23 for losing)
|l|☆ihymyly
|player|p1|
|c|☆LowEL0God|gg
|l|☆LowEL0God
|player|p2|
