|j|☆OP Earthquakes
|j|☆KurisuChestnutLab
|t:|1781130405
|gametype|singles
|player|p1|OP Earthquakes|giovanni-masters|1705
|player|p2|KurisuChestnutLab|may-contest|1702
|gen|9
|tier|[Gen 9] OU
|rated|
|rule|HP Percentage Mod: HP is shown in percentages
|rule|Endless Battle Clause: Forcing endless battles is banned
|rule|Species Clause: Limit one of each Pokémon
|rule|OHKO Clause: OHKO moves are banned
|rule|Evasion Items Clause: Evasion items are banned
|rule|Evasion Moves Clause: Evasion moves are banned
|rule|Evasion Abilities Clause: Evasion abilities are banned
|rule|Sleep Moves Clause: Sleep-inducing moves are banned
|clearpoke
|poke|p1|Tyranitar, F|
|poke|p1|Pawmot, F|
|poke|p1|Kyurem|
|poke|p1|Excadrill, F|
|poke|p1|Hawlucha, M|
|poke|p1|Zamazenta-*|
|poke|p2|Primarina, M|
|poke|p2|Hippowdon, M|
|poke|p2|Skarmory, F|
|poke|p2|Zapdos|
|poke|p2|Dragonite, F|
|poke|p2|Slowking, F|
|teampreview
|inactive|Battle timer is ON: inactive players will automatically lose when time's up. (requested by OP Earthquakes)
|c|☆OP Earthquakes|hmm
|
|t:|1781130422
|teamsize|p1|6
|teamsize|p2|6
|start
|switch|p1a: OP|Excadrill, F|100/100
|switch|p2a: Primarina|Primarina, M|100/100
|turn|1
|inactive|KurisuChestnutLab also wants the timer to be on.
|
|t:|1781130433
|move|p1a: OP|Earthquake|p2a: Primarina
|-damage|p2a: Primarina|0 fnt
|faint|p2a: Primarina
|
|upkeep
|
|t:|1781130447
|switch|p2a: Hippowdon|Hippowdon, M|100/100
|-weather|Sandstorm|[from] ability: Sand Stream|[of] p2a: Hippowdon
|turn|2
|
|t:|1781130453
|switch|p1a: Itachi|Hawlucha, M, shiny|100/100
|-ability|p1a: Itachi|Mold Breaker
|move|p2a: Hippowdon|Stealth Rock|p1a: Itachi
|-sidestart|p1: OP Earthquakes|move: Stealth Rock
|
|-weather|Sandstorm|[upkeep]
|-damage|p1a: Itachi|94/100|[from] Sandstorm
|upkeep
|turn|3
|
|t:|1781130458
|move|p1a: Itachi|Defog|p2a: Hippowdon
|-unboost|p2a: Hippowdon|evasion|1
|-sideend|p1: OP Earthquakes|Stealth Rock|[from] move: Defog|[of] p1a: Itachi
|move|p2a: Hippowdon|Stealth Rock|p1a: Itachi
|-sidestart|p1: OP Earthquakes|move: Stealth Rock
|
|-weather|Sandstorm|[upkeep]
|-damage|p1a: Itachi|88/100|[from] Sandstorm
|upkeep
|turn|4
|
|t:|1781130463
|move|p1a: Itachi|Encore|p2a: Hippowdon
|-start|p2a: Hippowdon|Encore
|move|p2a: Hippowdon|Stealth Rock||[still]
|-fail|p2a: Hippowdon
|
|-weather|Sandstorm|[upkeep]
|-damage|p1a: Itachi|82/100|[from] Sandstorm
|upkeep
|turn|5
|
|t:|1781130469
|move|p1a: Itachi|Defog|p2a: Hippowdon
|-unboost|p2a: Hippowdon|evasion|1
|-sideend|p1: OP Earthquakes|Stealth Rock|[from] move: Defog|[of] p1a: Itachi
|move|p2a: Hippowdon|Stealth Rock|p1a: Itachi
|-sidestart|p1: OP Earthquakes|move: Stealth Rock
|
|-weather|Sandstorm|[upkeep]
|-damage|p1a: Itachi|76/100|[from] Sandstorm
|upkeep
|turn|6
|
|t:|1781130474
|move|p1a: Itachi|Swords Dance|p1a: Itachi
|-boost|p1a: Itachi|atk|2
|move|p2a: Hippowdon|Stealth Rock||[still]
|-fail|p2a: Hippowdon
|
|-weather|none
|-end|p2a: Hippowdon|Encore
|upkeep
|turn|7
|
|t:|1781130477
|move|p1a: Itachi|Defog|p2a: Hippowdon
|-unboost|p2a: Hippowdon|evasion|1
|-sideend|p1: OP Earthquakes|Stealth Rock|[from] move: Defog|[of] p1a: Itachi
|move|p2a: Hippowdon|Stealth Rock|p1a: Itachi
|-sidestart|p1: OP Earthquakes|move: Stealth Rock
|
|upkeep
|turn|8
|
|t:|1781130484
|switch|p2a: Dragonite|Dragonite, F|100/100
|move|p1a: Itachi|Defog|p2a: Dragonite
|-unboost|p2a: Dragonite|evasion|1
|-sideend|p1: OP Earthquakes|Stealth Rock|[from] move: Defog|[of] p1a: Itachi
|
|upkeep
|turn|9
|c|☆OP Earthquakes|ty
|
|t:|1781130491
|move|p1a: Itachi|Brave Bird|p2a: Dragonite
|-damage|p2a: Dragonite|0 fnt
|faint|p2a: Dragonite
|-damage|p1a: Itachi|41/100|[from] Recoil
|
|upkeep
|
|t:|1781130500
|switch|p2a: Skarmory|Skarmory, F|100/100
|turn|10
|
|t:|1781130504
|switch|p1a: Toshiro|Kyurem, shiny|100/100
|-ability|p1a: Toshiro|Pressure
|move|p2a: Skarmory|Body Press|p1a: Toshiro
|-supereffective|p1a: Toshiro
|-damage|p1a: Toshiro|41/100
|
|upkeep
|turn|11
|
|t:|1781130507
|switch|p2a: Slowking|Slowking, F|100/100
|move|p1a: Toshiro|Endeavor|p2a: Slowking
|-damage|p2a: Slowking|42/100
|
|upkeep
|turn|12
|
|t:|1781130513
|-terastallize|p1a: Toshiro|Ghost
|-terastallize|p2a: Slowking|Fairy
|move|p1a: Toshiro|Shadow Ball|p2a: Slowking
|-damage|p2a: Slowking|15/100
|-unboost|p2a: Slowking|spd|1
|move|p2a: Slowking|Slack Off|p2a: Slowking
|-heal|p2a: Slowking|65/100
|
|upkeep
|turn|13
|
|t:|1781130527
|move|p1a: Toshiro|Shadow Ball|p2a: Slowking
|-damage|p2a: Slowking|26/100
|move|p2a: Slowking|Slack Off|p2a: Slowking
|-heal|p2a: Slowking|76/100
|
|upkeep
|turn|14
|
|t:|1781130533
|move|p1a: Toshiro|Shadow Ball|p2a: Slowking
|-damage|p2a: Slowking|36/100
|-unboost|p2a: Slowking|spd|1
|move|p2a: Slowking|Slack Off|p2a: Slowking
|-heal|p2a: Slowking|86/100
|
|upkeep
|turn|15
|
|t:|1781130540
|move|p1a: Toshiro|Freeze-Dry|p2a: Slowking
|-damage|p2a: Slowking|38/100
|-prepare|p2a: Slowking|Chilly Reception|[premajor]
|move|p2a: Slowking|Chilly Reception|p2a: Slowking
|-weather|Snowscape
|
|t:|1781130544
|switch|p2a: Hippowdon|Hippowdon, M|100/100|[from] Chilly Reception
|-weather|Sandstorm|[from] ability: Sand Stream|[of] p2a: Hippowdon
|
|-weather|Sandstorm|[upkeep]
|-damage|p1a: Toshiro|35/100|[from] Sandstorm
|upkeep
|turn|16
|
|t:|1781130549
|switch|p2a: Slowking|Slowking, F, tera:Fairy|71/100
|move|p1a: Toshiro|Freeze-Dry|p2a: Slowking
|-damage|p2a: Slowking|49/100
|
|-weather|Sandstorm|[upkeep]
|-damage|p1a: Toshiro|28/100|[from] Sandstorm
|-damage|p2a: Slowking|43/100|[from] Sandstorm
|upkeep
|turn|17
|j| kingjot
|
|t:|1781130556
|move|p1a: Toshiro|Shadow Ball|p2a: Slowking
|-damage|p2a: Slowking|16/100
|-unboost|p2a: Slowking|spd|1
|move|p2a: Slowking|Slack Off|p2a: Slowking
|-heal|p2a: Slowking|66/100
|
|-weather|Sandstorm|[upkeep]
|-damage|p1a: Toshiro|22/100|[from] Sandstorm
|-damage|p2a: Slowking|60/100|[from] Sandstorm
|upkeep
|turn|18
|c| kingjot|damn bro
|c| kingjot|still playin>
|c|☆OP Earthquakes|I never stop
|j| aredezz
|c| kingjot|lol
|
|t:|1781130579
|move|p1a: Toshiro|Shadow Ball|p2a: Slowking
|-damage|p2a: Slowking|21/100
|move|p2a: Slowking|Slack Off|p2a: Slowking
|-heal|p2a: Slowking|71/100
|
|-weather|Sandstorm|[upkeep]
|-damage|p1a: Toshiro|16/100|[from] Sandstorm
|-damage|p2a: Slowking|64/100|[from] Sandstorm
|upkeep
|turn|19
|c| kingjot|have i ever played you...
|
|t:|1781130587
|move|p1a: Toshiro|Shadow Ball|p2a: Slowking
|-damage|p2a: Slowking|23/100
|move|p2a: Slowking|Scald|p1a: Toshiro
|-damage|p1a: Toshiro|0 fnt
|faint|p1a: Toshiro
|
|-weather|none
|upkeep
|
|t:|1781130596
|switch|p1a: Porunga|Pawmot, F|100/100
|turn|20
|
|t:|1781130601
|switch|p2a: Hippowdon|Hippowdon, M|100/100
|-weather|Sandstorm|[from] ability: Sand Stream|[of] p2a: Hippowdon
|move|p1a: Porunga|Revival Blessing|p1a: Porunga
|-enditem|p1a: Porunga|Leppa Berry|[eat]
|-activate|p1a: Porunga|item: Leppa Berry|Revival Blessing|[consumed]
|
|t:|1781130608
|-heal|p1: Toshiro|50/100|[from] move: Revival Blessing
|
|-weather|Sandstorm|[upkeep]
|-damage|p1a: Porunga|94/100|[from] Sandstorm
|upkeep
|turn|21
|
|t:|1781130612
|switch|p1a: Toshiro|Kyurem, shiny|50/100
|-ability|p1a: Toshiro|Pressure
|move|p2a: Hippowdon|Earthquake|p1a: Toshiro
|-damage|p1a: Toshiro|18/100
|
|-weather|Sandstorm|[upkeep]
|-damage|p1a: Toshiro|11/100|[from] Sandstorm
|upkeep
|turn|22
|
|t:|1781130615
|switch|p2a: Slowking|Slowking, F, tera:Fairy|56/100
|move|p1a: Toshiro|Endeavor|p2a: Slowking
|-damage|p2a: Slowking|12/100
|
|-weather|Sandstorm|[upkeep]
|-damage|p1a: Toshiro|5/100|[from] Sandstorm
|-damage|p2a: Slowking|6/100|[from] Sandstorm
|upkeep
|turn|23
|
|t:|1781130621
|move|p1a: Toshiro|Freeze-Dry|p2a: Slowking
|-damage|p2a: Slowking|0 fnt
|faint|p2a: Slowking
|
|-weather|Sandstorm|[upkeep]
|-damage|p1a: Toshiro|0 fnt|[from] Sandstorm
|faint|p1a: Toshiro
|upkeep
|c|☆OP Earthquakes|revenge
|c|☆OP Earthquakes|lol
|
|t:|1781130636
|switch|p1a: Porunga|Pawmot, F|94/100
|switch|p2a: Hippowdon|Hippowdon, M|100/100
|turn|24
|c| aredezz|nice play
|
|t:|1781130639
|move|p1a: Porunga|Revival Blessing|p1a: Porunga
|
|t:|1781130642
|-heal|p1: Toshiro|50/100|[from] move: Revival Blessing
|move|p2a: Hippowdon|Stealth Rock|p1a: Porunga
|-sidestart|p1: OP Earthquakes|move: Stealth Rock
|
|-weather|none
|upkeep
|turn|25
|
|t:|1781130646
|switch|p1a: Itachi|Hawlucha, M, shiny|41/100
|-damage|p1a: Itachi|28/100|[from] Stealth Rock
|-ability|p1a: Itachi|Mold Breaker
|move|p2a: Hippowdon|Whirlwind|p1a: Itachi
|drag|p1a: OP|Excadrill, F|100/100
|-damage|p1a: OP|97/100|[from] Stealth Rock
|
|upkeep
|turn|26
|
|t:|1781130655
|switch|p1a: Itachi|Hawlucha, M, shiny|28/100
|-damage|p1a: Itachi|16/100|[from] Stealth Rock
|-ability|p1a: Itachi|Mold Breaker
|move|p2a: Hippowdon|Earthquake|p1a: Itachi
|-immune|p1a: Itachi
|
|upkeep
|turn|27
|
|t:|1781130658
|move|p1a: Itachi|Defog|p2a: Hippowdon
|-unboost|p2a: Hippowdon|evasion|1
|-sideend|p1: OP Earthquakes|Stealth Rock|[from] move: Defog|[of] p1a: Itachi
|move|p2a: Hippowdon|Stealth Rock|p1a: Itachi
|-sidestart|p1: OP Earthquakes|move: Stealth Rock
|
|upkeep
|turn|28
|
|t:|1781130665
|move|p1a: Itachi|Encore|p2a: Hippowdon
|-start|p2a: Hippowdon|Encore
|move|p2a: Hippowdon|Stealth Rock||[still]
|-fail|p2a: Hippowdon
|
|upkeep
|turn|29
|
|t:|1781130671
|switch|p2a: Zapdos|Zapdos|100/100
|move|p1a: Itachi|Swords Dance|p1a: Itachi
|-boost|p1a: Itachi|atk|2
|
|upkeep
|turn|30
|
|t:|1781130675
|switch|p2a: Hippowdon|Hippowdon, M|100/100
|-weather|Sandstorm|[from] ability: Sand Stream|[of] p2a: Hippowdon
|move|p1a: Itachi|Defog|p2a: Hippowdon
|-unboost|p2a: Hippowdon|evasion|1
|-sideend|p1: OP Earthquakes|Stealth Rock|[from] move: Defog|[of] p1a: Itachi
|
|-weather|Sandstorm|[upkeep]
|-damage|p1a: Itachi|10/100|[from] Sandstorm
|upkeep
|turn|31
|
|t:|1781130687
|switch|p1a: Toshiro|Kyurem, shiny|50/100
|-ability|p1a: Toshiro|Pressure
|switch|p2a: Skarmory|Skarmory, F|100/100
|
|-weather|Sandstorm|[upkeep]
|-damage|p1a: Toshiro|44/100|[from] Sandstorm
|upkeep
|turn|32
|
|t:|1781130690
|move|p1a: Toshiro|Freeze-Dry|p2a: Skarmory
|-damage|p2a: Skarmory|47/100
|move|p2a: Skarmory|Roost|p2a: Skarmory
|-heal|p2a: Skarmory|97/100
|-singleturn|p2a: Skarmory|move: Roost
|
|-weather|Sandstorm|[upkeep]
|-damage|p1a: Toshiro|38/100|[from] Sandstorm
|-heal|p2a: Skarmory|100/100|[from] item: Leftovers
|upkeep
|turn|33
|
|t:|1781130698
|move|p1a: Toshiro|Endeavor|p2a: Skarmory
|-damage|p2a: Skarmory|46/100
|move|p2a: Skarmory|Roost|p2a: Skarmory
|-heal|p2a: Skarmory|96/100
|-singleturn|p2a: Skarmory|move: Roost
|
|-weather|Sandstorm|[upkeep]
|-damage|p1a: Toshiro|32/100|[from] Sandstorm
|-heal|p2a: Skarmory|100/100|[from] item: Leftovers
|upkeep
|turn|34
|
|t:|1781130704
|move|p1a: Toshiro|Freeze-Dry|p2a: Skarmory
|-damage|p2a: Skarmory|45/100
|move|p2a: Skarmory|Roost|p2a: Skarmory
|-heal|p2a: Skarmory|95/100
|-singleturn|p2a: Skarmory|move: Roost
|
|-weather|none
|-heal|p2a: Skarmory|100/100|[from] item: Leftovers
|upkeep
|turn|35
|
|t:|1781130712
|move|p1a: Toshiro|Endeavor|p2a: Skarmory
|-damage|p2a: Skarmory|38/100
|move|p2a: Skarmory|Roost|p2a: Skarmory
|-heal|p2a: Skarmory|88/100
|-singleturn|p2a: Skarmory|move: Roost
|
|-heal|p2a: Skarmory|94/100|[from] item: Leftovers
|upkeep
|turn|36
|
|t:|1781130717
|move|p1a: Toshiro|Freeze-Dry|p2a: Skarmory
|-crit|p2a: Skarmory
|-damage|p2a: Skarmory|12/100
|move|p2a: Skarmory|Roost|p2a: Skarmory
|-heal|p2a: Skarmory|62/100
|-singleturn|p2a: Skarmory|move: Roost
|
|-heal|p2a: Skarmory|68/100|[from] item: Leftovers
|upkeep
|turn|37
|c|☆OP Earthquakes|I am not even sry at this point lol
|
|t:|1781130732
|move|p1a: Toshiro|Freeze-Dry|p2a: Skarmory
|-damage|p2a: Skarmory|18/100
|move|p2a: Skarmory|Spikes|p1a: Toshiro
|-sidestart|p1: OP Earthquakes|Spikes
|
|-heal|p2a: Skarmory|24/100|[from] item: Leftovers
|upkeep
|turn|38
|
|t:|1781130737
|move|p1a: Toshiro|Freeze-Dry|p2a: Skarmory
|-damage|p2a: Skarmory|0 fnt
|faint|p2a: Skarmory
|
|upkeep
|
|t:|1781130741
|switch|p2a: Hippowdon|Hippowdon, M|100/100
|-weather|Sandstorm|[from] ability: Sand Stream|[of] p2a: Hippowdon
|turn|39
|
|t:|1781130744
|move|p1a: Toshiro|Endeavor|p2a: Hippowdon
|-damage|p2a: Hippowdon|30/100
|move|p2a: Hippowdon|Earthquake|p1a: Toshiro
|-damage|p1a: Toshiro|0 fnt
|faint|p1a: Toshiro
|
|-weather|Sandstorm|[upkeep]
|-heal|p2a: Hippowdon|37/100|[from] item: Leftovers
|upkeep
|l| aredezz
|inactive|OP Earthquakes has 120 seconds left.
|
|t:|1781130780
|switch|p1a: The sandstorm|Tyranitar, F, shiny|100/100
|-damage|p1a: The sandstorm|88/100|[from] Spikes
|turn|40
|
|t:|1781130783
|move|p1a: The sandstorm|Ice Beam|p2a: Hippowdon
|-supereffective|p2a: Hippowdon
|-damage|p2a: Hippowdon|0 fnt
|faint|p2a: Hippowdon
|
|-weather|Sandstorm|[upkeep]
|upkeep
|
|t:|1781130790
|switch|p2a: Zapdos|Zapdos|100/100
|turn|41
|j| BiscoitoXDBr
|
|t:|1781130795
|move|p2a: Zapdos|Volt Switch|p1a: The sandstorm
|-damage|p1a: The sandstorm|68/100
|move|p1a: The sandstorm|Ice Beam|p2a: Zapdos
|-supereffective|p2a: Zapdos
|-damage|p2a: Zapdos|49/100
|
|-weather|Sandstorm|[upkeep]
|-damage|p2a: Zapdos|43/100|[from] Sandstorm
|upkeep
|turn|42
|
|t:|1781130801
|switch|p1a: Itachi|Hawlucha, M, shiny|10/100
|-ability|p1a: Itachi|Mold Breaker
|move|p2a: Zapdos|Roost|p2a: Zapdos
|-heal|p2a: Zapdos|93/100
|-singleturn|p2a: Zapdos|move: Roost
|
|-weather|Sandstorm|[upkeep]
|-damage|p1a: Itachi|4/100|[from] Sandstorm
|-damage|p2a: Zapdos|87/100|[from] Sandstorm
|upkeep
|turn|43
|l|☆KurisuChestnutLab
|inactive|KurisuChestnutLab disconnected and has a minute to reconnect!
|player|p2|
|c|☆OP Earthquakes|lol
|c|☆OP Earthquakes|cause bro knows
|c| kingjot|bro left
|c|☆OP Earthquakes|I am 1000% tapping encore
|inactive|KurisuChestnutLab has 30 seconds to reconnect!
|c| kingjot|nah lwk reasonable, sometimes i smash my computer screen after i misplay
|inactive|KurisuChestnutLab has 20 seconds to reconnect!
|inactive|KurisuChestnutLab has 15 seconds to reconnect!
|inactive|KurisuChestnutLab has 10 seconds to reconnect!
|inactive|KurisuChestnutLab has 5 seconds to reconnect!
|-message|KurisuChestnutLab lost due to inactivity.
|
|win|OP Earthquakes
|raw|OP Earthquakes's rating: 1705 &rarr; <strong>1725</strong><br />(+20 for winning)
|raw|KurisuChestnutLab's rating: 1701 &rarr; <strong>1681</strong><br />(-20 for losing)
|l| BiscoitoXDBr
|l|☆OP Earthquakes
|player|p1|
|l| kingjot
