|j|☆Aaapinhen02
|j|☆Rising Ursaring
|t:|1781360573
|gametype|singles
|player|p1|Aaapinhen02|marlon|1506
|player|p2|Rising Ursaring|burglar|1549
|gen|9
|tier|[Gen 9] OU
|rated|
|rule|HP Percentage Mod: HP is shown in percentages
|rule|Endless Battle Clause: Forcing endless battles is banned
|rule|Species Clause: Limit one of each Pokémon
|rule|OHKO Clause: OHKO moves are banned
|rule|Evasion Items Clause: Evasion items are banned
|rule|Evasion Moves Clause: Evasion moves are banned
|rule|Evasion Abilities Clause: Evasion abilities are banned
|rule|Sleep Moves Clause: Sleep-inducing moves are banned
|clearpoke
|poke|p1|Pelipper, M|
|poke|p1|Tornadus-Therian, M|
|poke|p1|Iron Treads|
|poke|p1|Decidueye-Hisui, F|
|poke|p1|Barraskewda, M|
|poke|p1|Raging Bolt|
|poke|p2|Tsareena, F|
|poke|p2|Gholdengo|
|poke|p2|Samurott-Hisui, F|
|poke|p2|Iron Crown|
|poke|p2|Landorus-Therian, M|
|poke|p2|Moltres|
|teampreview
|inactive|Battle timer is ON: inactive players will automatically lose when time's up. (requested by Aaapinhen02)
|
|t:|1781360597
|teamsize|p1|6
|teamsize|p2|6
|start
|switch|p1a: 雨过不知龙去处，一池草色万蛙鸣|Pelipper, M|100/100
|switch|p2a: Samurott|Samurott-Hisui, F|100/100
|-weather|RainDance|[from] ability: Drizzle|[of] p1a: 雨过不知龙去处，一池草色万蛙鸣
|turn|1
|
|t:|1781360603
|move|p2a: Samurott|Ceaseless Edge|p1a: 雨过不知龙去处，一池草色万蛙鸣
|-damage|p1a: 雨过不知龙去处，一池草色万蛙鸣|68/100
|-sidestart|p1: Aaapinhen02|Spikes
|move|p1a: 雨过不知龙去处，一池草色万蛙鸣|U-turn|p2a: Samurott
|-supereffective|p2a: Samurott
|-damage|p2a: Samurott|75/100
|
|t:|1781360609
|switch|p1a: 落红不是无情物，化作春泥更护花|Decidueye-Hisui, F|100/100|[from] U-turn
|-damage|p1a: 落红不是无情物，化作春泥更护花|88/100|[from] Spikes
|
|-weather|RainDance|[upkeep]
|upkeep
|turn|2
|
|t:|1781360626
|switch|p2a: Gholdengo|Gholdengo|100/100
|-item|p2a: Gholdengo|Air Balloon
|move|p1a: 落红不是无情物，化作春泥更护花|Defog|p2a: Gholdengo
|-immune|p2a: Gholdengo|[from] ability: Good as Gold
|
|-weather|RainDance|[upkeep]
|upkeep
|turn|3
|
|t:|1781360638
|switch|p2a: Landorus|Landorus-Therian, M|100/100
|-ability|p2a: Landorus|Intimidate|boost
|-fail|p1a: 落红不是无情物，化作春泥更护花|unboost|Attack|[from] ability: Scrappy|[of] p1a: 落红不是无情物，化作春泥更护花
|switch|p1a: 入水淬锋疑电闪，临崖发刃有星池|Iron Treads|100/100
|-damage|p1a: 入水淬锋疑电闪，临崖发刃有星池|88/100|[from] Spikes
|
|-weather|RainDance|[upkeep]
|-heal|p1a: 入水淬锋疑电闪，临崖发刃有星池|94/100|[from] item: Leftovers
|upkeep
|turn|4
|
|t:|1781360655
|-end|p1a: 入水淬锋疑电闪，临崖发刃有星池|Quark Drive|[silent]
|switch|p1a: 大鹏一日同风起，扶摇直上九万里|Tornadus-Therian, M|100/100
|move|p2a: Landorus|Earthquake|p1a: 大鹏一日同风起，扶摇直上九万里
|-immune|p1a: 大鹏一日同风起，扶摇直上九万里
|
|-weather|RainDance|[upkeep]
|upkeep
|turn|5
|
|t:|1781360666
|move|p1a: 大鹏一日同风起，扶摇直上九万里|Weather Ball|p2a: Landorus
|-supereffective|p2a: Landorus
|-damage|p2a: Landorus|0 fnt
|faint|p2a: Landorus
|
|-weather|RainDance|[upkeep]
|upkeep
|
|t:|1781360669
|switch|p2a: Iron Crown|Iron Crown|100/100
|-enditem|p2a: Iron Crown|Booster Energy
|-activate|p2a: Iron Crown|ability: Quark Drive|[fromitem]
|-start|p2a: Iron Crown|quarkdrivespe
|turn|6
|
|t:|1781360677
|switch|p1a: 入水淬锋疑电闪，临崖发刃有星池|Iron Treads|94/100
|-damage|p1a: 入水淬锋疑电闪，临崖发刃有星池|82/100|[from] Spikes
|move|p2a: Iron Crown|Calm Mind|p2a: Iron Crown
|-boost|p2a: Iron Crown|spa|1
|-boost|p2a: Iron Crown|spd|1
|
|-weather|RainDance|[upkeep]
|-heal|p1a: 入水淬锋疑电闪，临崖发刃有星池|88/100|[from] item: Leftovers
|upkeep
|turn|7
|
|t:|1781360686
|move|p2a: Iron Crown|Focus Blast|p1a: 入水淬锋疑电闪，临崖发刃有星池
|-supereffective|p1a: 入水淬锋疑电闪，临崖发刃有星池
|-damage|p1a: 入水淬锋疑电闪，临崖发刃有星池|0 fnt
|faint|p1a: 入水淬锋疑电闪，临崖发刃有星池
|-end|p1a: 入水淬锋疑电闪，临崖发刃有星池|Quark Drive|[silent]
|
|-weather|RainDance|[upkeep]
|upkeep
|
|t:|1781360694
|switch|p1a: 急湍甚箭，猛浪若奔|Barraskewda, M|100/100
|-damage|p1a: 急湍甚箭，猛浪若奔|88/100|[from] Spikes
|turn|8
|
|t:|1781360700
|-terastallize|p1a: 急湍甚箭，猛浪若奔|Water
|move|p1a: 急湍甚箭，猛浪若奔|Flip Turn|p2a: Iron Crown
|-damage|p2a: Iron Crown|15/100
|-damage|p1a: 急湍甚箭，猛浪若奔|78/100|[from] item: Life Orb
|
|t:|1781360705
|switch|p1a: 电闪金光夸五色，雷鸣巨吼动千山|Raging Bolt|100/100|[from] Flip Turn
|-damage|p1a: 电闪金光夸五色，雷鸣巨吼动千山|88/100|[from] Spikes
|move|p2a: Iron Crown|Psyshock|p1a: 电闪金光夸五色，雷鸣巨吼动千山
|-damage|p1a: 电闪金光夸五色，雷鸣巨吼动千山|42/100
|
|-weather|none
|upkeep
|turn|9
|
|t:|1781360713
|move|p1a: 电闪金光夸五色，雷鸣巨吼动千山|Thunderclap||[still]
|-fail|p1a: 电闪金光夸五色，雷鸣巨吼动千山
|move|p2a: Iron Crown|Calm Mind|p2a: Iron Crown
|-boost|p2a: Iron Crown|spa|1
|-boost|p2a: Iron Crown|spd|1
|
|upkeep
|turn|10
|
|t:|1781360719
|move|p1a: 电闪金光夸五色，雷鸣巨吼动千山|Thunderclap|p2a: Iron Crown
|-damage|p2a: Iron Crown|0 fnt
|faint|p2a: Iron Crown
|-end|p2a: Iron Crown|Quark Drive|[silent]
|
|upkeep
|
|t:|1781360725
|switch|p2a: Tsareena|Tsareena, F|100/100
|turn|11
|
|t:|1781360730
|-end|p1a: 电闪金光夸五色，雷鸣巨吼动千山|Protosynthesis|[silent]
|switch|p1a: 落红不是无情物，化作春泥更护花|Decidueye-Hisui, F|88/100
|-damage|p1a: 落红不是无情物，化作春泥更护花|76/100|[from] Spikes
|move|p2a: Tsareena|Rapid Spin|p1a: 落红不是无情物，化作春泥更护花
|-damage|p1a: 落红不是无情物，化作春泥更护花|63/100
|-boost|p2a: Tsareena|spe|1
|-damage|p2a: Tsareena|84/100|[from] item: Rocky Helmet|[of] p1a: 落红不是无情物，化作春泥更护花
|
|upkeep
|turn|12
|
|t:|1781360739
|move|p2a: Tsareena|Triple Axel|p1a: 落红不是无情物，化作春泥更护花
|-supereffective|p1a: 落红不是无情物，化作春泥更护花
|-damage|p1a: 落红不是无情物，化作春泥更护花|52/100
|-damage|p2a: Tsareena|68/100|[from] item: Rocky Helmet|[of] p1a: 落红不是无情物，化作春泥更护花
|-supereffective|p1a: 落红不是无情物，化作春泥更护花
|-damage|p1a: 落红不是无情物，化作春泥更护花|29/100
|-damage|p2a: Tsareena|51/100|[from] item: Rocky Helmet|[of] p1a: 落红不是无情物，化作春泥更护花
|-supereffective|p1a: 落红不是无情物，化作春泥更护花
|-damage|p1a: 落红不是无情物，化作春泥更护花|0 fnt
|-damage|p2a: Tsareena|35/100|[from] item: Rocky Helmet|[of] p1a: 落红不是无情物，化作春泥更护花
|faint|p1a: 落红不是无情物，化作春泥更护花
|-hitcount|p1: 落红不是无情物，化作春泥更护花|3
|
|upkeep
|
|t:|1781360751
|switch|p1a: 雨过不知龙去处，一池草色万蛙鸣|Pelipper, M|68/100
|-weather|RainDance|[from] ability: Drizzle|[of] p1a: 雨过不知龙去处，一池草色万蛙鸣
|turn|13
|
|t:|1781360758
|move|p2a: Tsareena|Trop Kick|p1a: 雨过不知龙去处，一池草色万蛙鸣
|-damage|p1a: 雨过不知龙去处，一池草色万蛙鸣|39/100
|-unboost|p1a: 雨过不知龙去处，一池草色万蛙鸣|atk|1
|move|p1a: 雨过不知龙去处，一池草色万蛙鸣|U-turn|p2a: Tsareena
|-supereffective|p2a: Tsareena
|-damage|p2a: Tsareena|22/100
|
|t:|1781360766
|switch|p1a: 大鹏一日同风起，扶摇直上九万里|Tornadus-Therian, M|100/100|[from] U-turn
|
|-weather|RainDance|[upkeep]
|upkeep
|turn|14
|
|t:|1781360777
|move|p1a: 大鹏一日同风起，扶摇直上九万里|Hurricane|p2a: Tsareena
|-supereffective|p2a: Tsareena
|-damage|p2a: Tsareena|0 fnt
|faint|p2a: Tsareena
|
|-weather|RainDance|[upkeep]
|upkeep
|
|t:|1781360787
|switch|p2a: Moltres|Moltres|100/100
|turn|15
|
|t:|1781360791
|-terastallize|p2a: Moltres|Fairy
|move|p1a: 大鹏一日同风起，扶摇直上九万里|Hurricane|p2a: Moltres
|-damage|p2a: Moltres|18/100
|-start|p2a: Moltres|confusion
|-activate|p2a: Moltres|confusion
|move|p2a: Moltres|Roar|p1a: 大鹏一日同风起，扶摇直上九万里
|drag|p1a: 雨过不知龙去处，一池草色万蛙鸣|Pelipper, M|39/100
|
|-weather|RainDance|[upkeep]
|upkeep
|turn|16
|
|t:|1781360811
|-activate|p2a: Moltres|confusion
|move|p2a: Moltres|Roost|p2a: Moltres
|-heal|p2a: Moltres|68/100
|move|p1a: 雨过不知龙去处，一池草色万蛙鸣|Roost|p1a: 雨过不知龙去处，一池草色万蛙鸣
|-heal|p1a: 雨过不知龙去处，一池草色万蛙鸣|89/100
|-singleturn|p1a: 雨过不知龙去处，一池草色万蛙鸣|move: Roost
|
|-weather|RainDance|[upkeep]
|upkeep
|turn|17
|inactive|Rising Ursaring has 120 seconds left.
|inactive|Rising Ursaring has 90 seconds left.
|
|t:|1781360870
|-end|p2a: Moltres|confusion
|move|p2a: Moltres|U-turn|p1a: 雨过不知龙去处，一池草色万蛙鸣
|-resisted|p1a: 雨过不知龙去处，一池草色万蛙鸣
|-damage|p1a: 雨过不知龙去处，一池草色万蛙鸣|83/100
|
|t:|1781360871
|switch|p2a: Samurott|Samurott-Hisui, F|75/100|[from] U-turn
|move|p1a: 雨过不知龙去处，一池草色万蛙鸣|U-turn|p2a: Samurott
|-supereffective|p2a: Samurott
|-damage|p2a: Samurott|53/100
|
|t:|1781360882
|switch|p1a: 大鹏一日同风起，扶摇直上九万里|Tornadus-Therian, M|100/100|[from] U-turn
|
|-weather|RainDance|[upkeep]
|upkeep
|turn|18
|inactive|Rising Ursaring has 90 seconds left.
|inactive|Rising Ursaring has 60 seconds left.
|inactive|Rising Ursaring has 30 seconds left.
|inactive|Rising Ursaring has 20 seconds left.
|inactive|Rising Ursaring has 15 seconds left.
|inactive|Rising Ursaring has 10 seconds left.
|inactive|Rising Ursaring has 5 seconds left.
|-message|Rising Ursaring lost due to inactivity.
|
|win|Aaapinhen02
|raw|Aaapinhen02's rating: 1506 &rarr; <strong>1528</strong><br />(+22 for winning)
|raw|Rising Ursaring's rating: 1549 &rarr; <strong>1527</strong><br />(-22 for losing)
|l|☆Aaapinhen02
|player|p1|
|l|☆Rising Ursaring
|player|p2|
