|j|☆Kazuelasnt
|j|☆tb poke
|t:|1781457036
|gametype|singles
|player|p1|Kazuelasnt|cress|1586
|player|p2|tb poke|101|1642
|gen|9
|tier|[Gen 9] OU
|rated|
|rule|HP Percentage Mod: HP is shown in percentages
|rule|Endless Battle Clause: Forcing endless battles is banned
|rule|Species Clause: Limit one of each Pokémon
|rule|OHKO Clause: OHKO moves are banned
|rule|Evasion Items Clause: Evasion items are banned
|rule|Evasion Moves Clause: Evasion moves are banned
|rule|Evasion Abilities Clause: Evasion abilities are banned
|rule|Sleep Moves Clause: Sleep-inducing moves are banned
|clearpoke
|poke|p1|Kleavor, M|
|poke|p1|Landorus-Therian, M|
|poke|p1|Gholdengo|
|poke|p1|Dragonite, F|
|poke|p1|Hatterene, F|
|poke|p1|Darkrai|
|poke|p2|Zamazenta-*|
|poke|p2|Iron Treads|
|poke|p2|Pecharunt|
|poke|p2|Tornadus-Therian, M|
|poke|p2|Hatterene, F|
|poke|p2|Alomomola, F|
|teampreview
|inactive|Battle timer is ON: inactive players will automatically lose when time's up. (requested by tb poke)
|l|☆Kazuelasnt
|inactive|Kazuelasnt disconnected and has a minute to reconnect!
|player|p1|
|j|☆Kazuelasnt
|inactive|Kazuelasnt reconnected and has 145 seconds left.
|player|p1|Kazuelasnt|cress|
|
|t:|1781457053
|teamsize|p1|6
|teamsize|p2|6
|start
|switch|p1a: Filo Señorial|Kleavor, M|100/100
|switch|p2a: Alomomola|Alomomola, F|100/100
|turn|1
|
|t:|1781457057
|move|p1a: Filo Señorial|U-turn|p2a: Alomomola
|-damage|p2a: Alomomola|70/100
|
|t:|1781457063
|switch|p1a: HomeLANDOR|Landorus-Therian, M, shiny|100/100|[from] U-turn
|-ability|p1a: HomeLANDOR|Intimidate|boost
|-unboost|p2a: Alomomola|atk|1
|move|p2a: Alomomola|Flip Turn|p1a: HomeLANDOR
|-supereffective|p1a: HomeLANDOR
|-damage|p1a: HomeLANDOR|78/100
|-damage|p2a: Alomomola|53/100|[from] item: Rocky Helmet|[of] p1a: HomeLANDOR
|
|t:|1781457075
|switch|p2a: Hatterene|Hatterene, F|100/100|[from] Flip Turn
|
|upkeep
|turn|2
|
|t:|1781457083
|move|p1a: HomeLANDOR|Earthquake|p2a: Hatterene
|-damage|p2a: Hatterene|59/100
|move|p2a: Hatterene|Psychic Noise|p1a: HomeLANDOR
|-damage|p1a: HomeLANDOR|41/100
|-start|p1a: HomeLANDOR|move: Heal Block
|
|upkeep
|turn|3
|
|t:|1781457099
|switch|p2a: Iron Treads|Iron Treads|100/100
|-item|p2a: Iron Treads|Air Balloon
|move|p1a: HomeLANDOR|U-turn|p2a: Iron Treads
|-resisted|p2a: Iron Treads
|-damage|p2a: Iron Treads|90/100
|-enditem|p2a: Iron Treads|Air Balloon
|
|t:|1781457105
|switch|p1a: Filo Señorial|Kleavor, M|100/100|[from] U-turn
|
|upkeep
|turn|4
|j| KangkongNation
|j| 54 insane rats
|j| Schlafparalyse
|inactive|Kazuelasnt has 120 seconds left.
|
|t:|1781457134
|move|p1a: Filo Señorial|U-turn|p2a: Iron Treads
|-resisted|p2a: Iron Treads
|-damage|p2a: Iron Treads|72/100
|
|t:|1781457136
|switch|p1a: Hattie|Hatterene, F|100/100|[from] U-turn
|move|p2a: Iron Treads|Knock Off|p1a: Hattie
|-damage|p1a: Hattie|67/100
|-enditem|p1a: Hattie|Assault Vest|[from] move: Knock Off|[of] p2a: Iron Treads
|
|upkeep
|turn|5
|
|t:|1781457144
|-end|p2a: Iron Treads|Quark Drive|[silent]
|switch|p2a: Alomomola|Alomomola, F|86/100
|move|p1a: Hattie|Mystical Fire|p2a: Alomomola
|-resisted|p2a: Alomomola
|-damage|p2a: Alomomola|80/100
|-unboost|p2a: Alomomola|spa|1
|
|upkeep
|turn|6
|
|t:|1781457147
|move|p2a: Alomomola|Flip Turn|p1a: Hattie
|-damage|p1a: Hattie|46/100
|
|t:|1781457152
|switch|p2a: Pecharunt|Pecharunt|100/100|[from] Flip Turn
|move|p1a: Hattie|Nuzzle|p2a: Pecharunt
|-damage|p2a: Pecharunt|99/100
|-status|p2a: Pecharunt|par
|
|upkeep
|turn|7
|
|t:|1781457160
|switch|p1a: A Penny|Gholdengo|100/100
|-item|p1a: A Penny|Air Balloon
|move|p2a: Pecharunt|Shadow Ball|p1a: A Penny
|-supereffective|p1a: A Penny
|-damage|p1a: A Penny|43/100
|-unboost|p1a: A Penny|spd|1
|-enditem|p1a: A Penny|Air Balloon
|
|upkeep
|turn|8
|l| KangkongNation
|
|t:|1781457167
|switch|p2a: Alomomola|Alomomola, F|100/100
|move|p1a: A Penny|Shadow Ball|p2a: Alomomola
|-damage|p2a: Alomomola|80/100
|
|upkeep
|turn|9
|
|t:|1781457170
|move|p1a: A Penny|Recover|p1a: A Penny
|-heal|p1a: A Penny|94/100
|move|p2a: Alomomola|Flip Turn|p1a: A Penny
|-damage|p1a: A Penny|74/100
|
|t:|1781457174
|switch|p2a: Tornadus|Tornadus-Therian, M|100/100|[from] Flip Turn
|
|upkeep
|turn|10
|
|t:|1781457178
|switch|p1a: Filo Señorial|Kleavor, M|100/100
|move|p2a: Tornadus|Nasty Plot|p2a: Tornadus
|-boost|p2a: Tornadus|spa|2
|
|upkeep
|turn|11
|
|t:|1781457182
|move|p1a: Filo Señorial|Stone Axe|p2a: Tornadus
|-supereffective|p2a: Tornadus
|-damage|p2a: Tornadus|0 fnt
|-sidestart|p2: tb poke|move: Stealth Rock
|faint|p2a: Tornadus
|
|upkeep
|
|t:|1781457184
|switch|p2a: Iron Treads|Iron Treads|72/100
|-damage|p2a: Iron Treads|68/100|[from] Stealth Rock
|turn|12
|
|t:|1781457193
|switch|p1a: HomeLANDOR|Landorus-Therian, M, shiny|41/100
|-ability|p1a: HomeLANDOR|Intimidate|boost
|-unboost|p2a: Iron Treads|atk|1
|move|p2a: Iron Treads|Knock Off|p1a: HomeLANDOR
|-damage|p1a: HomeLANDOR|23/100
|-damage|p2a: Iron Treads|52/100|[from] item: Rocky Helmet|[of] p1a: HomeLANDOR
|-enditem|p1a: HomeLANDOR|Rocky Helmet|[from] move: Knock Off|[of] p2a: Iron Treads
|
|upkeep
|turn|13
|
|t:|1781457204
|move|p2a: Iron Treads|Stealth Rock|p1a: HomeLANDOR
|-sidestart|p1: Kazuelasnt|move: Stealth Rock
|move|p1a: HomeLANDOR|Earthquake|p2a: Iron Treads
|-supereffective|p2a: Iron Treads
|-damage|p2a: Iron Treads|0 fnt
|faint|p2a: Iron Treads
|-end|p2a: Iron Treads|Quark Drive|[silent]
|
|upkeep
|
|t:|1781457211
|switch|p2a: Zamazenta|Zamazenta|100/100
|-damage|p2a: Zamazenta|94/100|[from] Stealth Rock
|-ability|p2a: Zamazenta|Dauntless Shield|boost
|-boost|p2a: Zamazenta|def|1
|turn|14
|
|t:|1781457213
|move|p2a: Zamazenta|Iron Defense|p2a: Zamazenta
|-boost|p2a: Zamazenta|def|2
|move|p1a: HomeLANDOR|Taunt|p2a: Zamazenta
|-start|p2a: Zamazenta|move: Taunt
|
|-heal|p2a: Zamazenta|100/100|[from] item: Leftovers
|upkeep
|turn|15
|
|t:|1781457217
|move|p2a: Zamazenta|Body Press|p1a: HomeLANDOR
|-resisted|p1a: HomeLANDOR
|-damage|p1a: HomeLANDOR|0 fnt
|faint|p1a: HomeLANDOR
|
|upkeep
|
|t:|1781457221
|switch|p1a: Hattie|Hatterene, F|46/100
|-damage|p1a: Hattie|34/100|[from] Stealth Rock
|turn|16
|
|t:|1781457224
|move|p2a: Zamazenta|Heavy Slam|p1a: Hattie
|-supereffective|p1a: Hattie
|-damage|p1a: Hattie|0 fnt
|faint|p1a: Hattie
|
|upkeep
|
|t:|1781457236
|switch|p1a: Duke|Darkrai, shiny|100/100
|turn|17
|
|t:|1781457240
|-terastallize|p1a: Duke|Ghost
|move|p2a: Zamazenta|Body Press|p1a: Duke
|-immune|p1a: Duke
|move|p1a: Duke|Will-O-Wisp|p2a: Zamazenta
|-status|p2a: Zamazenta|brn
|
|-damage|p2a: Zamazenta|94/100 brn|[from] brn
|-end|p2a: Zamazenta|move: Taunt
|upkeep
|turn|18
|l|☆Kazuelasnt
|inactive|Kazuelasnt disconnected and has a minute to reconnect!
|player|p1|
|j|☆Kazuelasnt
|inactive|Kazuelasnt reconnected and has 135 seconds left.
|player|p1|Kazuelasnt|cress|
|
|t:|1781457264
|switch|p2a: Alomomola|Alomomola, F|100/100
|-damage|p2a: Alomomola|88/100|[from] Stealth Rock
|move|p1a: Duke|Ice Beam|p2a: Alomomola
|-resisted|p2a: Alomomola
|-damage|p2a: Alomomola|80/100
|
|upkeep
|turn|19
|
|t:|1781457267
|move|p1a: Duke|Knock Off|p2a: Alomomola
|-damage|p2a: Alomomola|56/100
|-enditem|p2a: Alomomola|Assault Vest|[from] move: Knock Off|[of] p1a: Duke
|move|p2a: Alomomola|Mirror Coat||[still]
|-fail|p2a: Alomomola
|
|upkeep
|turn|20
|
|t:|1781457276
|move|p1a: Duke|Will-O-Wisp|p2a: Alomomola
|-status|p2a: Alomomola|brn
|move|p2a: Alomomola|Flip Turn|p1a: Duke
|-damage|p1a: Duke|89/100
|
|t:|1781457277
|switch|p2a: Zamazenta|Zamazenta|94/100 brn|[from] Flip Turn
|-damage|p2a: Zamazenta|88/100 brn|[from] Stealth Rock
|
|-heal|p2a: Zamazenta|94/100 brn|[from] item: Leftovers
|-damage|p2a: Zamazenta|88/100 brn|[from] brn
|upkeep
|turn|21
|
|t:|1781457284
|move|p2a: Zamazenta|Crunch|p1a: Duke
|-supereffective|p1a: Duke
|-crit|p1a: Duke
|-damage|p1a: Duke|46/100
|move|p1a: Duke|Knock Off|p2a: Zamazenta
|-resisted|p2a: Zamazenta
|-damage|p2a: Zamazenta|77/100 brn
|-enditem|p2a: Zamazenta|Leftovers|[from] move: Knock Off|[of] p1a: Duke
|
|-damage|p2a: Zamazenta|71/100 brn|[from] brn
|upkeep
|turn|22
|
|t:|1781457291
|switch|p1a: Filo Señorial|Kleavor, M|100/100
|-damage|p1a: Filo Señorial|76/100|[from] Stealth Rock
|move|p2a: Zamazenta|Crunch|p1a: Filo Señorial
|-damage|p1a: Filo Señorial|61/100
|-unboost|p1a: Filo Señorial|def|1
|
|-damage|p2a: Zamazenta|65/100 brn|[from] brn
|upkeep
|turn|23
|
|t:|1781457295
|move|p1a: Filo Señorial|U-turn|p2a: Zamazenta
|-resisted|p2a: Zamazenta
|-damage|p2a: Zamazenta|52/100 brn
|
|t:|1781457298
|switch|p1a: A Penny|Gholdengo|74/100|[from] U-turn
|-damage|p1a: A Penny|68/100|[from] Stealth Rock
|move|p2a: Zamazenta|Body Press|p1a: A Penny
|-immune|p1a: A Penny
|
|-damage|p2a: Zamazenta|46/100 brn|[from] brn
|upkeep
|turn|24
|
|t:|1781457303
|switch|p2a: Alomomola|Alomomola, F|89/100 brn
|-damage|p2a: Alomomola|76/100 brn|[from] Stealth Rock
|move|p1a: A Penny|Shadow Ball|p2a: Alomomola
|-damage|p2a: Alomomola|42/100 brn
|
|-damage|p2a: Alomomola|36/100 brn|[from] brn
|upkeep
|turn|25
|
|t:|1781457306
|move|p1a: A Penny|Nasty Plot|p1a: A Penny
|-boost|p1a: A Penny|spa|2
|move|p2a: Alomomola|Mirror Coat||[still]
|-fail|p2a: Alomomola
|
|-damage|p2a: Alomomola|30/100 brn|[from] brn
|upkeep
|turn|26
|
|t:|1781457310
|move|p1a: A Penny|Shadow Ball|p2a: Alomomola
|-damage|p2a: Alomomola|0 fnt
|faint|p2a: Alomomola
|
|upkeep
|-message|tb poke forfeited.
|
|win|Kazuelasnt
|raw|Kazuelasnt's rating: 1586 &rarr; <strong>1609</strong><br />(+23 for winning)
|raw|tb poke's rating: 1642 &rarr; <strong>1619</strong><br />(-23 for losing)
|l|☆tb poke
|player|p2|
|l|☆Kazuelasnt
|player|p1|
|l| Schlafparalyse
