|j|☆extra-pseudo man
|j|☆KurisuChestnutOU
|t:|1781125340
|gametype|singles
|player|p1|extra-pseudo man|266|1662
|player|p2|KurisuChestnutOU|may-contest|1567
|gen|9
|tier|[Gen 9] OU
|rated|
|rule|HP Percentage Mod: HP is shown in percentages
|rule|Endless Battle Clause: Forcing endless battles is banned
|rule|Species Clause: Limit one of each Pokémon
|rule|OHKO Clause: OHKO moves are banned
|rule|Evasion Items Clause: Evasion items are banned
|rule|Evasion Moves Clause: Evasion moves are banned
|rule|Evasion Abilities Clause: Evasion abilities are banned
|rule|Sleep Moves Clause: Sleep-inducing moves are banned
|clearpoke
|poke|p1|Dragonite, F|
|poke|p1|Dragapult, M|
|poke|p1|Tyranitar, F|
|poke|p1|Metagross|
|poke|p1|Goodra-Hisui, F|
|poke|p1|Garchomp, M|
|poke|p2|Hawlucha, F|
|poke|p2|Samurott-Hisui, F|
|poke|p2|Rillaboom, F|
|poke|p2|Gholdengo|
|poke|p2|Kyurem|
|poke|p2|Landorus-Therian, M|
|teampreview
|inactive|Battle timer is ON: inactive players will automatically lose when time's up. (requested by KurisuChestnutOU)
|inactive|extra-pseudo man has 120 seconds left.
|
|t:|1781125393
|teamsize|p1|6
|teamsize|p2|6
|start
|switch|p1a: Marill me|Garchomp, M|100/100
|switch|p2a: Kyurem|Kyurem|100/100
|-ability|p2a: Kyurem|Pressure
|turn|1
|
|t:|1781125403
|switch|p1a: Tyranocif|Tyranitar, F|100/100
|-weather|Sandstorm|[from] ability: Sand Stream|[of] p1a: Tyranocif
|move|p2a: Kyurem|Ice Beam|p1a: Tyranocif
|-damage|p1a: Tyranocif|82/100
|
|-weather|Sandstorm|[upkeep]
|-damage|p2a: Kyurem|94/100|[from] Sandstorm
|-heal|p1a: Tyranocif|88/100|[from] item: Leftovers
|upkeep
|turn|2
|
|t:|1781125407
|move|p2a: Kyurem|Focus Blast|p1a: Tyranocif
|-supereffective|p1a: Tyranocif
|-damage|p1a: Tyranocif|14/100
|move|p1a: Tyranocif|Stealth Rock|p2a: Kyurem
|-sidestart|p2: KurisuChestnutOU|move: Stealth Rock
|
|-weather|Sandstorm|[upkeep]
|-damage|p2a: Kyurem|88/100|[from] Sandstorm
|-heal|p1a: Tyranocif|20/100|[from] item: Leftovers
|upkeep
|turn|3
|
|t:|1781125421
|move|p2a: Kyurem|Ice Beam|p1a: Tyranocif
|-damage|p1a: Tyranocif|0 fnt
|faint|p1a: Tyranocif
|
|-weather|Sandstorm|[upkeep]
|-damage|p2a: Kyurem|82/100|[from] Sandstorm
|upkeep
|
|t:|1781125428
|switch|p1a: kaboom|Metagross|100/100
|turn|4
|
|t:|1781125432
|move|p1a: kaboom|Bullet Punch|p2a: Kyurem
|-supereffective|p2a: Kyurem
|-damage|p2a: Kyurem|14/100
|move|p2a: Kyurem|Earth Power|p1a: kaboom
|-supereffective|p1a: kaboom
|-damage|p1a: kaboom|27/100
|
|-weather|Sandstorm|[upkeep]
|-damage|p2a: Kyurem|8/100|[from] Sandstorm
|upkeep
|turn|5
|
|t:|1781125435
|move|p1a: kaboom|Bullet Punch|p2a: Kyurem
|-supereffective|p2a: Kyurem
|-damage|p2a: Kyurem|0 fnt
|faint|p2a: Kyurem
|
|-weather|none
|upkeep
|
|t:|1781125439
|switch|p2a: Rillaboom|Rillaboom, F|100/100
|-damage|p2a: Rillaboom|88/100|[from] Stealth Rock
|-fieldstart|move: Grassy Terrain|[from] ability: Grassy Surge|[of] p2a: Rillaboom
|turn|6
|
|t:|1781125444
|switch|p1a: Marill me|Garchomp, M|100/100
|move|p2a: Rillaboom|Swords Dance|p2a: Rillaboom
|-boost|p2a: Rillaboom|atk|2
|
|-heal|p2a: Rillaboom|94/100|[from] Grassy Terrain
|upkeep
|turn|7
|
|t:|1781125448
|move|p1a: Marill me|Fire Fang|p2a: Rillaboom
|-supereffective|p2a: Rillaboom
|-damage|p2a: Rillaboom|57/100
|move|p2a: Rillaboom|Knock Off|p1a: Marill me
|-damage|p1a: Marill me|53/100
|-damage|p2a: Rillaboom|44/100|[from] ability: Rough Skin|[of] p1a: Marill me
|-damage|p2a: Rillaboom|28/100|[from] item: Rocky Helmet|[of] p1a: Marill me
|-enditem|p1a: Marill me|Rocky Helmet|[from] move: Knock Off|[of] p2a: Rillaboom
|
|-heal|p1a: Marill me|59/100|[from] Grassy Terrain
|-heal|p2a: Rillaboom|34/100|[from] Grassy Terrain
|upkeep
|turn|8
|
|t:|1781125454
|move|p2a: Rillaboom|Grassy Glide|p1a: Marill me
|-damage|p1a: Marill me|10/100
|-damage|p2a: Rillaboom|22/100|[from] ability: Rough Skin|[of] p1a: Marill me
|move|p1a: Marill me|Fire Fang|p2a: Rillaboom
|-supereffective|p2a: Rillaboom
|-damage|p2a: Rillaboom|0 fnt
|faint|p2a: Rillaboom
|
|-heal|p1a: Marill me|16/100|[from] Grassy Terrain
|upkeep
|
|t:|1781125459
|switch|p2a: Hawlucha|Hawlucha, F|100/100
|-damage|p2a: Hawlucha|88/100|[from] Stealth Rock
|-enditem|p2a: Hawlucha|Grassy Seed
|-boost|p2a: Hawlucha|def|1|[from] item: Grassy Seed
|turn|9
|
|t:|1781125463
|move|p2a: Hawlucha|Swords Dance|p2a: Hawlucha
|-boost|p2a: Hawlucha|atk|2
|move|p1a: Marill me|Dragon Tail|p2a: Hawlucha
|-damage|p2a: Hawlucha|66/100
|drag|p2a: Landorus|Landorus-Therian, M|100/100
|-damage|p2a: Landorus|88/100|[from] Stealth Rock
|-ability|p2a: Landorus|Intimidate|boost
|-unboost|p1a: Marill me|atk|1
|
|-heal|p1a: Marill me|22/100|[from] Grassy Terrain
|upkeep
|turn|10
|
|t:|1781125472
|move|p2a: Landorus|Stealth Rock|p1a: Marill me
|-sidestart|p1: extra-pseudo man|move: Stealth Rock
|move|p1a: Marill me|Dragon Tail|p2a: Landorus|[miss]
|-miss|p1a: Marill me|p2a: Landorus
|
|-heal|p1a: Marill me|29/100|[from] Grassy Terrain
|-fieldend|move: Grassy Terrain
|upkeep
|turn|11
|
|t:|1781125476
|move|p2a: Landorus|Earth Power|p1a: Marill me
|-damage|p1a: Marill me|0 fnt
|faint|p1a: Marill me
|
|upkeep
|
|t:|1781125481
|switch|p1a: He pulten on it|Dragapult, M|100/100
|turn|12
|
|t:|1781125485
|move|p1a: He pulten on it|Will-O-Wisp|p2a: Landorus
|-status|p2a: Landorus|brn
|move|p2a: Landorus|U-turn|p1a: He pulten on it
|-resisted|p1a: He pulten on it
|-damage|p1a: He pulten on it|94/100
|
|t:|1781125491
|switch|p2a: Gholdengo|Gholdengo|100/100|[from] U-turn
|-damage|p2a: Gholdengo|94/100|[from] Stealth Rock
|
|upkeep
|turn|13
|
|t:|1781125495
|switch|p1a: The goot|Goodra-Hisui, F|100/100
|-damage|p1a: The goot|94/100|[from] Stealth Rock
|move|p2a: Gholdengo|Shadow Ball|p1a: The goot
|-damage|p1a: The goot|64/100
|
|upkeep
|turn|14
|
|t:|1781125508
|move|p2a: Gholdengo|Shadow Ball|p1a: The goot
|-damage|p1a: The goot|28/100
|-unboost|p1a: The goot|spd|1
|move|p1a: The goot|Draco Meteor|p2a: Gholdengo
|-resisted|p2a: Gholdengo
|-damage|p2a: Gholdengo|36/100
|-unboost|p1a: The goot|spa|2
|
|upkeep
|turn|15
|
|t:|1781125513
|move|p2a: Gholdengo|Shadow Ball|p1a: The goot
|-damage|p1a: The goot|0 fnt
|faint|p1a: The goot
|
|upkeep
|
|t:|1781125521
|switch|p1a: Chud|Dragonite, F|100/100
|turn|16
|
|t:|1781125527
|-terastallize|p1a: Chud|Normal
|move|p2a: Gholdengo|Shadow Ball|p1a: Chud
|-immune|p1a: Chud
|move|p1a: Chud|Dragon Dance|p1a: Chud
|-boost|p1a: Chud|atk|1
|-boost|p1a: Chud|spe|1
|
|upkeep
|turn|17
|
|t:|1781125535
|switch|p2a: Landorus|Landorus-Therian, M|88/100 brn
|-damage|p2a: Landorus|76/100 brn|[from] Stealth Rock
|-ability|p2a: Landorus|Intimidate|boost
|-unboost|p1a: Chud|atk|1
|move|p1a: Chud|Dragon Dance|p1a: Chud
|-boost|p1a: Chud|atk|1
|-boost|p1a: Chud|spe|1
|
|-damage|p2a: Landorus|70/100 brn|[from] brn
|upkeep
|turn|18
|
|t:|1781125540
|move|p1a: Chud|Extreme Speed|p2a: Landorus
|-damage|p2a: Landorus|6/100 brn
|-damage|p1a: Chud|84/100|[from] item: Rocky Helmet|[of] p2a: Landorus
|move|p2a: Landorus|U-turn|p1a: Chud
|-damage|p1a: Chud|74/100
|
|t:|1781125544
|switch|p2a: Gholdengo|Gholdengo|36/100|[from] U-turn
|-damage|p2a: Gholdengo|30/100|[from] Stealth Rock
|
|upkeep
|turn|19
|
|t:|1781125552
|switch|p2a: Landorus|Landorus-Therian, M|6/100 brn
|-damage|p2a: Landorus|0 fnt|[from] Stealth Rock
|faint|p2a: Landorus
|move|p1a: Chud|Earthquake|p2: Landorus|[notarget]
|-fail|p1a: Chud
|
|upkeep
|
|t:|1781125559
|switch|p2a: Hawlucha|Hawlucha, F|66/100
|-damage|p2a: Hawlucha|54/100|[from] Stealth Rock
|turn|20
|
|t:|1781125562
|-terastallize|p2a: Hawlucha|Steel
|move|p1a: Chud|Extreme Speed|p2a: Hawlucha
|-resisted|p2a: Hawlucha
|-damage|p2a: Hawlucha|13/100
|move|p2a: Hawlucha|Low Kick|p1a: Chud
|-supereffective|p1a: Chud
|-damage|p1a: Chud|0 fnt
|faint|p1a: Chud
|
|upkeep
|
|t:|1781125579
|switch|p1a: He pulten on it|Dragapult, M|94/100
|turn|21
|
|t:|1781125582
|move|p1a: He pulten on it|Hex|p2a: Hawlucha
|-damage|p2a: Hawlucha|0 fnt
|faint|p2a: Hawlucha
|
|upkeep
|
|t:|1781125587
|switch|p2a: Gholdengo|Gholdengo|30/100
|-damage|p2a: Gholdengo|24/100|[from] Stealth Rock
|turn|22
|
|t:|1781125598
|move|p2a: Gholdengo|Shadow Ball|p1a: He pulten on it
|-supereffective|p1a: He pulten on it
|-crit|p1a: He pulten on it
|-damage|p1a: He pulten on it|0 fnt
|faint|p1a: He pulten on it
|
|upkeep
|
|t:|1781125600
|switch|p1a: kaboom|Metagross|27/100
|-damage|p1a: kaboom|21/100|[from] Stealth Rock
|turn|23
|
|t:|1781125603
|move|p1a: kaboom|Bullet Punch|p2a: Gholdengo
|-resisted|p2a: Gholdengo
|-damage|p2a: Gholdengo|2/100
|move|p2a: Gholdengo|Shadow Ball|p1a: kaboom
|-supereffective|p1a: kaboom
|-damage|p1a: kaboom|0 fnt
|faint|p1a: kaboom
|
|win|KurisuChestnutOU
|raw|extra-pseudo man's rating: 1662 &rarr; <strong>1637</strong><br />(-25 for losing)
|raw|KurisuChestnutOU's rating: 1567 &rarr; <strong>1592</strong><br />(+25 for winning)
