|badge|p2|bronze|gen9randombattle|100-9
|badge|p2|bronze|gen9ubers|100-9
|uhtml|medal-msg|<div class="broadcast-blue">Curious what those medals under the avatar are? PS now has Ladder Seasons! For more information, check out the <a href="https://www.smogon.com/forums/threads/3740067/">thread on Smogon.</a></div>
|j|☆Kirnil
|j|☆oddishlover4
|t:|1781344068
|gametype|singles
|player|p1|Kirnil|maid|1692
|player|p2|oddishlover4|acetrainerf|1764
|gen|9
|tier|[Gen 9] OU
|rated|
|rule|HP Percentage Mod: HP is shown in percentages
|rule|Endless Battle Clause: Forcing endless battles is banned
|rule|Species Clause: Limit one of each Pokémon
|rule|OHKO Clause: OHKO moves are banned
|rule|Evasion Items Clause: Evasion items are banned
|rule|Evasion Moves Clause: Evasion moves are banned
|rule|Evasion Abilities Clause: Evasion abilities are banned
|rule|Sleep Moves Clause: Sleep-inducing moves are banned
|clearpoke
|poke|p1|Glimmora, M|
|poke|p1|Great Tusk|
|poke|p1|Alomomola, M|
|poke|p1|Amoonguss, F|
|poke|p1|Iron Valiant|
|poke|p1|Hoopa-Unbound|
|poke|p2|Kyurem|
|poke|p2|Hatterene, F|
|poke|p2|Darkrai|
|poke|p2|Great Tusk|
|poke|p2|Dragonite, F|
|poke|p2|Gholdengo|
|teampreview
|inactive|Battle timer is ON: inactive players will automatically lose when time's up. (requested by Kirnil)
|
|t:|1781344087
|teamsize|p1|6
|teamsize|p2|6
|start
|switch|p1a: Alomomola|Alomomola, M|100/100
|switch|p2a: Antifragile|Hatterene, F|100/100
|turn|1
|c|☆oddishlover4|gl/hf!
|inactive|oddishlover4 also wants the timer to be on.
|
|t:|1781344105
|move|p1a: Alomomola|Flip Turn|p2a: Antifragile
|-damage|p2a: Antifragile|87/100
|-damage|p1a: Alomomola|84/100|[from] item: Rocky Helmet|[of] p2a: Antifragile
|
|t:|1781344109
|switch|p1a: Hoopa|Hoopa-Unbound|100/100|[from] Flip Turn
|move|p2a: Antifragile|Draining Kiss|p1a: Hoopa
|-supereffective|p1a: Hoopa
|-damage|p1a: Hoopa|61/100
|-heal|p2a: Antifragile|100/100|[from] drain|[of] p1a: Hoopa
|
|-heal|p1a: Hoopa|67/100|[from] item: Leftovers
|upkeep
|turn|2
|
|t:|1781344127
|move|p1a: Hoopa|Dark Pulse|p2a: Antifragile
|-damage|p2a: Antifragile|39/100
|move|p2a: Antifragile|Nuzzle|p1a: Hoopa
|-damage|p1a: Hoopa|63/100
|-status|p1a: Hoopa|par
|
|-heal|p1a: Hoopa|69/100 par|[from] item: Leftovers
|upkeep
|turn|3
|
|t:|1781344146
|move|p2a: Antifragile|Draining Kiss|p1a: Hoopa
|-supereffective|p1a: Hoopa
|-damage|p1a: Hoopa|30/100 par
|-heal|p2a: Antifragile|67/100|[from] drain|[of] p1a: Hoopa
|move|p1a: Hoopa|Dark Pulse|p2a: Antifragile
|-damage|p2a: Antifragile|10/100
|
|-heal|p1a: Hoopa|36/100 par|[from] item: Leftovers
|upkeep
|turn|4
|
|t:|1781344164
|switch|p1a: Amoonguss|Amoonguss, F|100/100
|move|p2a: Antifragile|Draining Kiss|p1a: Amoonguss
|-resisted|p1a: Amoonguss
|-damage|p1a: Amoonguss|89/100
|-heal|p2a: Antifragile|21/100|[from] drain|[of] p1a: Amoonguss
|-damage|p2a: Antifragile|5/100|[from] item: Rocky Helmet|[of] p1a: Amoonguss
|
|upkeep
|turn|5
|inactive|oddishlover4 has 120 seconds left.
|
|t:|1781344183
|move|p2a: Antifragile|Pain Split|p1a: Amoonguss
|-sethp|p1a: Amoonguss|46/100|[from] move: Pain Split|[silent]
|-sethp|p2a: Antifragile|63/100|[from] move: Pain Split
|move|p1a: Amoonguss|Foul Play|p2a: Antifragile
|-damage|p2a: Antifragile|49/100
|-damage|p1a: Amoonguss|30/100|[from] item: Rocky Helmet|[of] p2a: Antifragile
|
|upkeep
|turn|6
|inactive|oddishlover4 has 120 seconds left.
|
|t:|1781344202
|move|p2a: Antifragile|Draining Kiss|p1a: Amoonguss
|-resisted|p1a: Amoonguss
|-damage|p1a: Amoonguss|18/100
|-heal|p2a: Antifragile|61/100|[from] drain|[of] p1a: Amoonguss
|-damage|p2a: Antifragile|45/100|[from] item: Rocky Helmet|[of] p1a: Amoonguss
|move|p1a: Amoonguss|Synthesis|p1a: Amoonguss
|-heal|p1a: Amoonguss|68/100
|
|upkeep
|turn|7
|inactive|oddishlover4 has 120 seconds left.
|
|t:|1781344220
|move|p2a: Antifragile|Draining Kiss|p1a: Amoonguss
|-resisted|p1a: Amoonguss
|-damage|p1a: Amoonguss|58/100
|-heal|p2a: Antifragile|55/100|[from] drain|[of] p1a: Amoonguss
|-damage|p2a: Antifragile|39/100|[from] item: Rocky Helmet|[of] p1a: Amoonguss
|move|p1a: Amoonguss|Sludge Bomb|p2a: Antifragile
|-supereffective|p2a: Antifragile
|-damage|p2a: Antifragile|0 fnt
|faint|p2a: Antifragile
|
|upkeep
|
|t:|1781344230
|switch|p2a: Boompala|Kyurem|100/100
|-ability|p2a: Boompala|Pressure
|turn|8
|
|t:|1781344239
|switch|p1a: Alomomola|Alomomola, M|100/100
|move|p2a: Boompala|Freeze-Dry|p1a: Alomomola
|-supereffective|p1a: Alomomola
|-damage|p1a: Alomomola|63/100
|-status|p1a: Alomomola|frz
|
|upkeep
|turn|9
|inactive|oddishlover4 has 120 seconds left.
|
|t:|1781344258
|move|p2a: Boompala|Freeze-Dry|p1a: Alomomola
|-supereffective|p1a: Alomomola
|-damage|p1a: Alomomola|24/100 frz
|cant|p1a: Alomomola|frz
|
|upkeep
|turn|10
|
|t:|1781344277
|switch|p1a: Hoopa|Hoopa-Unbound|36/100 par
|move|p2a: Boompala|Freeze-Dry|p1a: Hoopa
|-crit|p1a: Hoopa
|-damage|p1a: Hoopa|0 fnt
|faint|p1a: Hoopa
|
|upkeep
|
|t:|1781344279
|switch|p1a: Alomomola|Alomomola, M|58/100 frz
|turn|11
|
|t:|1781344297
|move|p2a: Boompala|Freeze-Dry|p1a: Alomomola
|-supereffective|p1a: Alomomola
|-damage|p1a: Alomomola|21/100 frz
|cant|p1a: Alomomola|frz
|
|upkeep
|turn|12
|
|t:|1781344315
|move|p2a: Boompala|Freeze-Dry|p1a: Alomomola
|-supereffective|p1a: Alomomola
|-damage|p1a: Alomomola|0 fnt
|faint|p1a: Alomomola
|
|upkeep
|
|t:|1781344317
|switch|p1a: Iron Valiant|Iron Valiant|100/100
|-enditem|p1a: Iron Valiant|Booster Energy
|-activate|p1a: Iron Valiant|ability: Quark Drive|[fromitem]
|-start|p1a: Iron Valiant|quarkdrivespe
|turn|13
|
|t:|1781344336
|-terastallize|p2a: Boompala|Poison
|move|p1a: Iron Valiant|Knock Off|p2a: Boompala
|-damage|p2a: Boompala|79/100
|-enditem|p2a: Boompala|Assault Vest|[from] move: Knock Off|[of] p1a: Iron Valiant
|move|p2a: Boompala|Ice Beam|p1a: Iron Valiant
|-damage|p1a: Iron Valiant|6/100
|
|upkeep
|turn|14
|
|t:|1781344356
|switch|p2a: Celebration|Gholdengo|100/100
|move|p1a: Iron Valiant|Knock Off|p2a: Celebration
|-supereffective|p2a: Celebration
|-damage|p2a: Celebration|56/100
|-enditem|p2a: Celebration|Custap Berry|[from] move: Knock Off|[of] p1a: Iron Valiant
|
|upkeep
|turn|15
|inactive|oddishlover4 has 90 seconds left.
|
|t:|1781344374
|move|p1a: Iron Valiant|Knock Off|p2a: Celebration
|-supereffective|p2a: Celebration
|-damage|p2a: Celebration|27/100
|move|p2a: Celebration|Recover|p2a: Celebration
|-heal|p2a: Celebration|77/100
|
|upkeep
|turn|16
|inactive|oddishlover4 has 90 seconds left.
|
|t:|1781344392
|move|p1a: Iron Valiant|Encore|p2a: Celebration
|-immune|p2a: Celebration|[from] ability: Good as Gold
|move|p2a: Celebration|Recover|p2a: Celebration
|-heal|p2a: Celebration|100/100
|
|upkeep
|turn|17
|inactive|oddishlover4 has 90 seconds left.
|
|t:|1781344410
|move|p1a: Iron Valiant|Knock Off|p2a: Celebration
|-supereffective|p2a: Celebration
|-damage|p2a: Celebration|71/100
|move|p2a: Celebration|Nasty Plot|p2a: Celebration
|-boost|p2a: Celebration|spa|2
|
|upkeep
|turn|18
|
|t:|1781344429
|move|p1a: Iron Valiant|Knock Off|p2a: Celebration
|-supereffective|p2a: Celebration
|-crit|p2a: Celebration
|-damage|p2a: Celebration|22/100
|move|p2a: Celebration|Recover|p2a: Celebration
|-heal|p2a: Celebration|72/100
|
|upkeep
|turn|19
|
|t:|1781344447
|move|p1a: Iron Valiant|Knock Off|p2a: Celebration
|-supereffective|p2a: Celebration
|-damage|p2a: Celebration|43/100
|move|p2a: Celebration|Recover|p2a: Celebration
|-heal|p2a: Celebration|93/100
|
|upkeep
|turn|20
|
|t:|1781344465
|move|p1a: Iron Valiant|Knock Off|p2a: Celebration
|-supereffective|p2a: Celebration
|-damage|p2a: Celebration|61/100
|move|p2a: Celebration|Recover|p2a: Celebration
|-heal|p2a: Celebration|100/100
|
|upkeep
|turn|21
|inactive|oddishlover4 has 60 seconds left.
|
|t:|1781344483
|move|p1a: Iron Valiant|Knock Off|p2a: Celebration
|-supereffective|p2a: Celebration
|-damage|p2a: Celebration|70/100
|move|p2a: Celebration|Recover|p2a: Celebration
|-heal|p2a: Celebration|100/100
|
|upkeep
|turn|22
|inactive|oddishlover4 has 60 seconds left.
|
|t:|1781344501
|move|p1a: Iron Valiant|Knock Off|p2a: Celebration
|-supereffective|p2a: Celebration
|-damage|p2a: Celebration|71/100
|move|p2a: Celebration|Nasty Plot|p2a: Celebration
|-boost|p2a: Celebration|spa|2
|
|upkeep
|turn|23
|inactive|oddishlover4 has 60 seconds left.
|
|t:|1781344518
|move|p1a: Iron Valiant|Knock Off|p2a: Celebration
|-supereffective|p2a: Celebration
|-damage|p2a: Celebration|41/100
|move|p2a: Celebration|Recover|p2a: Celebration
|-heal|p2a: Celebration|91/100
|
|upkeep
|turn|24
|
|t:|1781344536
|move|p1a: Iron Valiant|Knock Off|p2a: Celebration
|-supereffective|p2a: Celebration
|-damage|p2a: Celebration|60/100
|move|p2a: Celebration|Recover|p2a: Celebration
|-heal|p2a: Celebration|100/100
|
|upkeep
|turn|25
|
|t:|1781344545
|move|p1a: Iron Valiant|Knock Off|p2a: Celebration
|-supereffective|p2a: Celebration
|-damage|p2a: Celebration|70/100
|move|p2a: Celebration|Shadow Ball|p1a: Iron Valiant
|-damage|p1a: Iron Valiant|0 fnt
|faint|p1a: Iron Valiant
|-end|p1a: Iron Valiant|Quark Drive|[silent]
|
|upkeep
|
|t:|1781344548
|switch|p1a: Great Tusk|Great Tusk|100/100
|-enditem|p1a: Great Tusk|Booster Energy
|-activate|p1a: Great Tusk|ability: Protosynthesis|[fromitem]
|-start|p1a: Great Tusk|protosynthesisatk
|turn|26
|inactive|oddishlover4 has 60 seconds left.
|
|t:|1781344557
|switch|p2a: Bluebeard's Wife|Dragonite, F|100/100
|move|p1a: Great Tusk|Headlong Rush|p2a: Bluebeard's Wife
|-immune|p2a: Bluebeard's Wife
|
|upkeep
|turn|27
|inactive|oddishlover4 has 60 seconds left.
|
|t:|1781344575
|switch|p2a: Perfect Night|Darkrai|100/100
|move|p1a: Great Tusk|Rapid Spin|p2a: Perfect Night
|-damage|p2a: Perfect Night|68/100
|-boost|p1a: Great Tusk|spe|1
|
|upkeep
|turn|28
|inactive|oddishlover4 has 60 seconds left.
|
|t:|1781344596
|move|p2a: Perfect Night|Ice Beam|p1a: Great Tusk
|-supereffective|p1a: Great Tusk
|-damage|p1a: Great Tusk|0 fnt
|faint|p1a: Great Tusk
|-end|p1a: Great Tusk|Protosynthesis|[silent]
|
|upkeep
|
|t:|1781344599
|switch|p1a: Glimmora|Glimmora, M|100/100
|-item|p1a: Glimmora|Air Balloon
|turn|29
|-message|Kirnil forfeited.
|
|win|oddishlover4
|raw|Kirnil's rating: 1692 &rarr; <strong>1676</strong><br />(-16 for losing)
|raw|oddishlover4's rating: 1764 &rarr; <strong>1780</strong><br />(+16 for winning)
|l|☆Kirnil
|player|p1|
|c|☆oddishlover4|GG!
