|j|☆thebambi1234
|j|☆kooopooolooo
|t:|1781099400
|gametype|singles
|player|p1|thebambi1234|blackbelt-gen4dp|1655
|player|p2|kooopooolooo|266|1607
|gen|9
|tier|[Gen 9] OU
|rated|
|rule|HP Percentage Mod: HP is shown in percentages
|rule|Endless Battle Clause: Forcing endless battles is banned
|rule|Species Clause: Limit one of each Pokémon
|rule|OHKO Clause: OHKO moves are banned
|rule|Evasion Items Clause: Evasion items are banned
|rule|Evasion Moves Clause: Evasion moves are banned
|rule|Evasion Abilities Clause: Evasion abilities are banned
|rule|Sleep Moves Clause: Sleep-inducing moves are banned
|clearpoke
|poke|p1|Gliscor, M|
|poke|p1|Corviknight, M|
|poke|p1|Dondozo, M|
|poke|p1|Blissey, F|
|poke|p1|Weezing-Galar, F|
|poke|p1|Garganacl, M|
|poke|p2|Tyranitar, F|
|poke|p2|Excadrill, F|
|poke|p2|Rotom-Wash|
|poke|p2|Latios, M|
|poke|p2|Landorus-Therian, M|
|poke|p2|Scizor, F|
|teampreview
|inactive|Battle timer is ON: inactive players will automatically lose when time's up. (requested by thebambi1234)
|
|t:|1781099410
|teamsize|p1|6
|teamsize|p2|6
|start
|switch|p1a: Corviknight|Corviknight, M|100/100
|switch|p2a: Latios|Latios, M|100/100
|-ability|p1a: Corviknight|Pressure
|turn|1
|
|t:|1781099418
|switch|p2a: Landorus|Landorus-Therian, M|100/100
|-ability|p2a: Landorus|Intimidate|boost
|-unboost|p1a: Corviknight|atk|1
|move|p1a: Corviknight|U-turn|p2a: Landorus
|-resisted|p2a: Landorus
|-damage|p2a: Landorus|96/100
|-damage|p1a: Corviknight|84/100|[from] item: Rocky Helmet|[of] p2a: Landorus
|
|t:|1781099422
|switch|p1a: Gliscor|Gliscor, M, shiny|100/100|[from] U-turn
|
|-status|p1a: Gliscor|tox|[from] item: Toxic Orb
|upkeep
|turn|2
|
|t:|1781099427
|move|p2a: Landorus|Taunt|p1a: Gliscor
|-start|p1a: Gliscor|move: Taunt
|move|p1a: Gliscor|Knock Off|p2a: Landorus
|-damage|p2a: Landorus|72/100
|-damage|p1a: Gliscor|84/100 tox|[from] item: Rocky Helmet|[of] p2a: Landorus
|-enditem|p2a: Landorus|Rocky Helmet|[from] move: Knock Off|[of] p1a: Gliscor
|
|-heal|p1a: Gliscor|96/100 tox|[from] ability: Poison Heal
|upkeep
|turn|3
|
|t:|1781099433
|switch|p1a: Garganacl|Garganacl, M, shiny|100/100
|move|p2a: Landorus|Stealth Rock|p1a: Garganacl
|-sidestart|p1: thebambi1234|move: Stealth Rock
|
|upkeep
|turn|4
|
|t:|1781099440
|move|p2a: Landorus|Earth Power|p1a: Garganacl
|-supereffective|p1a: Garganacl
|-damage|p1a: Garganacl|59/100
|move|p1a: Garganacl|Salt Cure|p2a: Landorus
|-damage|p2a: Landorus|58/100
|-start|p2a: Landorus|Salt Cure
|
|-heal|p1a: Garganacl|65/100|[from] item: Leftovers
|-damage|p2a: Landorus|45/100|[from] Salt Cure
|upkeep
|turn|5
|l|☆kooopooolooo
|inactive|kooopooolooo disconnected and has a minute to reconnect!
|player|p2|
|j|☆kooopooolooo
|inactive|kooopooolooo reconnected and has 135 seconds left.
|player|p2|kooopooolooo|266|
|inactive|kooopooolooo has 120 seconds left.
|j| makz7x
|
|t:|1781099476
|move|p2a: Landorus|U-turn|p1a: Garganacl
|-damage|p1a: Garganacl|52/100
|
|t:|1781099478
|switch|p2a: Latios|Latios, M|100/100|[from] U-turn
|move|p1a: Garganacl|Salt Cure|p2a: Latios
|-damage|p2a: Latios|80/100
|-start|p2a: Latios|Salt Cure
|
|-heal|p1a: Garganacl|58/100|[from] item: Leftovers
|-damage|p2a: Latios|68/100|[from] Salt Cure
|upkeep
|turn|6
|
|t:|1781099484
|move|p2a: Latios|Psychic Noise|p1a: Garganacl
|-damage|p1a: Garganacl|28/100
|-start|p1a: Garganacl|move: Heal Block
|cant|p1a: Garganacl|move: Heal Block|Recover
|
|-damage|p2a: Latios|56/100|[from] Salt Cure
|upkeep
|turn|7
|
|t:|1781099489
|move|p1a: Garganacl|Protect|p1a: Garganacl
|-singleturn|p1a: Garganacl|Protect
|move|p2a: Latios|Recover|p2a: Latios
|-heal|p2a: Latios|100/100
|
|-damage|p2a: Latios|88/100|[from] Salt Cure
|-end|p1a: Garganacl|move: Heal Block
|upkeep
|turn|8
|
|t:|1781099495
|switch|p1a: Corviknight|Corviknight, M|84/100
|-damage|p1a: Corviknight|71/100|[from] Stealth Rock
|-ability|p1a: Corviknight|Pressure
|-terastallize|p2a: Latios|Dragon
|move|p2a: Latios|Draco Meteor|p1a: Corviknight
|-resisted|p1a: Corviknight
|-damage|p1a: Corviknight|17/100
|-unboost|p2a: Latios|spa|2
|
|-damage|p2a: Latios|76/100|[from] Salt Cure
|upkeep
|turn|9
|
|t:|1781099506
|switch|p1a: Gliscor|Gliscor, M, shiny|96/100 tox
|-damage|p1a: Gliscor|84/100 tox|[from] Stealth Rock
|move|p2a: Latios|Flip Turn|p1a: Gliscor
|-supereffective|p1a: Gliscor
|-damage|p1a: Gliscor|69/100 tox
|
|t:|1781099512
|switch|p2a: Rotom|Rotom-Wash|100/100|[from] Flip Turn
|
|-heal|p1a: Gliscor|82/100 tox|[from] ability: Poison Heal
|upkeep
|turn|10
|
|t:|1781099515
|move|p1a: Gliscor|Toxic|p2a: Rotom
|-status|p2a: Rotom|tox
|move|p2a: Rotom|Hydro Pump|p1a: Gliscor
|-supereffective|p1a: Gliscor
|-damage|p1a: Gliscor|0 fnt
|faint|p1a: Gliscor
|
|-damage|p2a: Rotom|94/100 tox|[from] psn
|upkeep
|-message|thebambi1234 forfeited.
|
|win|kooopooolooo
|raw|thebambi1234's rating: 1655 &rarr; <strong>1632</strong><br />(-23 for losing)
|raw|kooopooolooo's rating: 1607 &rarr; <strong>1630</strong><br />(+23 for winning)
|l|☆thebambi1234
|player|p1|
|l|☆kooopooolooo
|player|p2|
|l| makz7x
