|j|☆gyhe
|j|☆Rodrigo Paz
|t:|1781027243
|gametype|singles
|player|p1|gyhe|170|1679
|player|p2|Rodrigo Paz|waitress|1732
|gen|9
|tier|[Gen 9] OU
|rated|
|rule|HP Percentage Mod: HP is shown in percentages
|rule|Endless Battle Clause: Forcing endless battles is banned
|rule|Species Clause: Limit one of each Pokémon
|rule|OHKO Clause: OHKO moves are banned
|rule|Evasion Items Clause: Evasion items are banned
|rule|Evasion Moves Clause: Evasion moves are banned
|rule|Evasion Abilities Clause: Evasion abilities are banned
|rule|Sleep Moves Clause: Sleep-inducing moves are banned
|clearpoke
|poke|p1|Lokix, F|
|poke|p1|Pecharunt|
|poke|p1|Zamazenta-*|
|poke|p1|Ting-Lu|
|poke|p1|Latios, M|
|poke|p1|Gliscor, F|
|poke|p2|Kingambit, M|
|poke|p2|Kommo-o, M|
|poke|p2|Iron Valiant|
|poke|p2|Kyurem|
|poke|p2|Iron Treads|
|poke|p2|Iron Crown|
|teampreview
|inactive|Battle timer is ON: inactive players will automatically lose when time's up. (requested by gyhe)
|
|t:|1781027258
|teamsize|p1|6
|teamsize|p2|6
|start
|switch|p1a: Latios|Latios, M|100/100
|switch|p2a: Kyurem|Kyurem|100/100
|-ability|p2a: Kyurem|Pressure
|turn|1
|
|t:|1781027269
|switch|p1a: Ting-Lu|Ting-Lu|100/100
|-ability|p1a: Ting-Lu|Vessel of Ruin
|switch|p2a: Iron Treads|Iron Treads|100/100
|-enditem|p2a: Iron Treads|Booster Energy
|-activate|p2a: Iron Treads|ability: Quark Drive|[fromitem]
|-start|p2a: Iron Treads|quarkdrivespe
|
|upkeep
|turn|2
|
|t:|1781027277
|move|p2a: Iron Treads|Earthquake|p1a: Ting-Lu
|-damage|p1a: Ting-Lu|80/100
|move|p1a: Ting-Lu|Earthquake|p2a: Iron Treads
|-supereffective|p2a: Iron Treads
|-damage|p2a: Iron Treads|49/100
|
|-heal|p1a: Ting-Lu|86/100|[from] item: Leftovers
|upkeep
|turn|3
|inactive|gyhe has 120 seconds left.
|
|t:|1781027314
|move|p2a: Iron Treads|Stealth Rock|p1a: Ting-Lu
|-sidestart|p1: gyhe|move: Stealth Rock
|move|p1a: Ting-Lu|Earthquake|p2a: Iron Treads
|-supereffective|p2a: Iron Treads
|-damage|p2a: Iron Treads|0 fnt
|faint|p2a: Iron Treads
|-end|p2a: Iron Treads|Quark Drive|[silent]
|
|-heal|p1a: Ting-Lu|93/100|[from] item: Leftovers
|upkeep
|
|t:|1781027319
|switch|p2a: Kyurem|Kyurem|100/100
|-ability|p2a: Kyurem|Pressure
|turn|4
|inactive|gyhe has 120 seconds left.
|
|t:|1781027334
|move|p2a: Kyurem|Icicle Spear|p1a: Ting-Lu
|-supereffective|p1a: Ting-Lu
|-damage|p1a: Ting-Lu|78/100
|-supereffective|p1a: Ting-Lu
|-damage|p1a: Ting-Lu|64/100
|-supereffective|p1a: Ting-Lu
|-damage|p1a: Ting-Lu|49/100
|-supereffective|p1a: Ting-Lu
|-damage|p1a: Ting-Lu|34/100
|-hitcount|p1a: Ting-Lu|4
|move|p1a: Ting-Lu|Ruination|p2a: Kyurem
|-damage|p2a: Kyurem|51/100
|
|-heal|p1a: Ting-Lu|40/100|[from] item: Leftovers
|upkeep
|turn|5
|
|t:|1781027346
|switch|p1a: Pecharunt|Pecharunt|100/100
|move|p2a: Kyurem|Icicle Spear|p1a: Pecharunt
|-crit|p1a: Pecharunt
|-damage|p1a: Pecharunt|91/100
|-damage|p1a: Pecharunt|85/100
|-damage|p1a: Pecharunt|78/100
|-damage|p1a: Pecharunt|71/100
|-hitcount|p1a: Pecharunt|4
|
|upkeep
|turn|6
|
|t:|1781027352
|move|p2a: Kyurem|Earth Power|p1a: Pecharunt
|-supereffective|p1a: Pecharunt
|-damage|p1a: Pecharunt|14/100
|move|p1a: Pecharunt|Parting Shot|p2a: Kyurem
|-unboost|p2a: Kyurem|atk|1
|-unboost|p2a: Kyurem|spa|1
|
|t:|1781027366
|switch|p1a: Zamazenta|Zamazenta|100/100|[from] Parting Shot
|-ability|p1a: Zamazenta|Dauntless Shield|boost
|-boost|p1a: Zamazenta|def|1
|
|upkeep
|turn|7
|
|t:|1781027373
|switch|p2a: Iron Valiant|Iron Valiant|100/100
|-enditem|p2a: Iron Valiant|Booster Energy
|-activate|p2a: Iron Valiant|ability: Quark Drive|[fromitem]
|-start|p2a: Iron Valiant|quarkdrivespa
|move|p1a: Zamazenta|Close Combat|p2a: Iron Valiant
|-resisted|p2a: Iron Valiant
|-damage|p2a: Iron Valiant|65/100
|-unboost|p1a: Zamazenta|def|1
|-unboost|p1a: Zamazenta|spd|1
|
|upkeep
|turn|8
|
|t:|1781027378
|move|p1a: Zamazenta|Heavy Slam|p2a: Iron Valiant
|-supereffective|p2a: Iron Valiant
|-damage|p2a: Iron Valiant|0 fnt
|faint|p2a: Iron Valiant
|-end|p2a: Iron Valiant|Quark Drive|[silent]
|
|upkeep
|
|t:|1781027385
|switch|p2a: Iron Crown|Iron Crown|100/100
|-enditem|p2a: Iron Crown|Booster Energy
|-activate|p2a: Iron Crown|ability: Quark Drive|[fromitem]
|-start|p2a: Iron Crown|quarkdrivespe
|turn|9
|
|t:|1781027393
|switch|p1a: Ting-Lu|Ting-Lu|40/100
|-damage|p1a: Ting-Lu|34/100|[from] Stealth Rock
|-ability|p1a: Ting-Lu|Vessel of Ruin
|move|p2a: Iron Crown|Calm Mind|p2a: Iron Crown
|-boost|p2a: Iron Crown|spa|1
|-boost|p2a: Iron Crown|spd|1
|
|-heal|p1a: Ting-Lu|40/100|[from] item: Leftovers
|upkeep
|turn|10
|
|t:|1781027417
|-terastallize|p1a: Ting-Lu|Ghost
|move|p2a: Iron Crown|Focus Blast|p1a: Ting-Lu
|-immune|p1a: Ting-Lu
|move|p1a: Ting-Lu|Whirlwind|p2a: Iron Crown
|-end|p2a: Iron Crown|Quark Drive|[silent]
|drag|p2a: Kingambit|Kingambit, M, shiny|100/100
|-activate|p2a: Kingambit|ability: Supreme Overlord
|-start|p2a: Kingambit|fallen2|[silent]
|
|-heal|p1a: Ting-Lu|46/100|[from] item: Leftovers
|upkeep
|turn|11
|
|t:|1781027432
|move|p2a: Kingambit|Iron Head|p1a: Ting-Lu
|-damage|p1a: Ting-Lu|14/100
|move|p1a: Ting-Lu|Earthquake|p2a: Kingambit
|-supereffective|p2a: Kingambit
|-damage|p2a: Kingambit|41/100
|
|-heal|p2a: Kingambit|47/100|[from] item: Leftovers
|-heal|p1a: Ting-Lu|20/100|[from] item: Leftovers
|upkeep
|turn|12
|
|t:|1781027445
|switch|p1a: Gliscor|Gliscor, F|100/100
|-damage|p1a: Gliscor|88/100|[from] Stealth Rock
|move|p2a: Kingambit|Iron Head|p1a: Gliscor
|-damage|p1a: Gliscor|43/100
|
|-heal|p2a: Kingambit|53/100|[from] item: Leftovers
|-status|p1a: Gliscor|tox|[from] item: Toxic Orb
|upkeep
|turn|13
|
|t:|1781027452
|-end|p2a: Kingambit|fallen2|[silent]
|switch|p2a: Kyurem|Kyurem|51/100
|-ability|p2a: Kyurem|Pressure
|move|p1a: Gliscor|U-turn|p2a: Kyurem
|-damage|p2a: Kyurem|35/100
|
|t:|1781027468
|switch|p1a: Zamazenta|Zamazenta|100/100|[from] U-turn
|
|upkeep
|turn|14
|
|t:|1781027472
|move|p1a: Zamazenta|Close Combat|p2a: Kyurem
|-supereffective|p2a: Kyurem
|-damage|p2a: Kyurem|0 fnt
|-unboost|p1a: Zamazenta|def|1
|-unboost|p1a: Zamazenta|spd|1
|faint|p2a: Kyurem
|
|upkeep
|
|t:|1781027477
|switch|p2a: Iron Crown|Iron Crown|100/100
|turn|15
|
|t:|1781027482
|switch|p1a: Ting-Lu|Ting-Lu, tera:Ghost|20/100
|-damage|p1a: Ting-Lu|8/100|[from] Stealth Rock
|-ability|p1a: Ting-Lu|Vessel of Ruin
|move|p2a: Iron Crown|Psychic Noise|p1a: Ting-Lu
|-damage|p1a: Ting-Lu|0 fnt
|faint|p1a: Ting-Lu
|
|upkeep
|
|t:|1781027490
|switch|p1a: Lokix|Lokix, F|100/100
|turn|16
|
|t:|1781027498
|move|p2a: Iron Crown|Tachyon Cutter|p1a: Lokix
|-damage|p1a: Lokix|58/100
|-damage|p1a: Lokix|16/100
|-hitcount|p1a: Lokix|2
|move|p1a: Lokix|Knock Off|p2a: Iron Crown
|-supereffective|p2a: Iron Crown
|-damage|p2a: Iron Crown|42/100
|
|upkeep
|turn|17
|
|t:|1781027505
|move|p1a: Lokix|Sucker Punch|p2a: Iron Crown
|-supereffective|p2a: Iron Crown
|-damage|p2a: Iron Crown|0 fnt
|faint|p2a: Iron Crown
|-end|p2a: Iron Crown|Quark Drive|[silent]
|
|upkeep
|
|t:|1781027515
|switch|p2a: Kingambit|Kingambit, M, shiny|53/100
|-activate|p2a: Kingambit|ability: Supreme Overlord
|-start|p2a: Kingambit|fallen4|[silent]
|turn|18
|
|t:|1781027517
|move|p2a: Kingambit|Sucker Punch|p1a: Lokix
|-resisted|p1a: Lokix
|-damage|p1a: Lokix|0 fnt
|faint|p1a: Lokix
|
|-heal|p2a: Kingambit|59/100|[from] item: Leftovers
|upkeep
|
|t:|1781027522
|switch|p1a: Zamazenta|Zamazenta|100/100
|turn|19
|
|t:|1781027525
|move|p1a: Zamazenta|Close Combat|p2a: Kingambit
|-supereffective|p2a: Kingambit
|-damage|p2a: Kingambit|0 fnt
|-unboost|p1a: Zamazenta|def|1
|-unboost|p1a: Zamazenta|spd|1
|faint|p2a: Kingambit
|-end|p2a: Kingambit|fallen4|[silent]
|
|upkeep
|
|t:|1781027527
|switch|p2a: Kommo-o|Kommo-o, M|100/100
|turn|20
|
|t:|1781027538
|-terastallize|p2a: Kommo-o|Ghost
|move|p1a: Zamazenta|Close Combat|p2a: Kommo-o
|-immune|p2a: Kommo-o
|move|p2a: Kommo-o|Clangorous Soul|p2a: Kommo-o
|-boost|p2a: Kommo-o|atk|1
|-boost|p2a: Kommo-o|def|1
|-boost|p2a: Kommo-o|spa|1
|-boost|p2a: Kommo-o|spd|1
|-boost|p2a: Kommo-o|spe|1
|-damage|p2a: Kommo-o|68/100
|
|-heal|p2a: Kommo-o|74/100|[from] item: Leftovers
|upkeep
|turn|21
|j| KangkongNation
|
|t:|1781027552
|switch|p1a: Pecharunt|Pecharunt|14/100
|move|p2a: Kommo-o|Clangorous Soul|p2a: Kommo-o
|-boost|p2a: Kommo-o|atk|1
|-boost|p2a: Kommo-o|def|1
|-boost|p2a: Kommo-o|spa|1
|-boost|p2a: Kommo-o|spd|1
|-boost|p2a: Kommo-o|spe|1
|-damage|p2a: Kommo-o|41/100
|
|-heal|p2a: Kommo-o|47/100|[from] item: Leftovers
|upkeep
|turn|22
|
|t:|1781027556
|move|p2a: Kommo-o|Shadow Claw|p1a: Pecharunt
|-supereffective|p1a: Pecharunt
|-damage|p1a: Pecharunt|0 fnt
|faint|p1a: Pecharunt
|
|-heal|p2a: Kommo-o|53/100|[from] item: Leftovers
|upkeep
|l| KangkongNation
|
|t:|1781027563
|switch|p1a: Zamazenta|Zamazenta|100/100
|turn|23
|
|t:|1781027565
|move|p2a: Kommo-o|Substitute|p2a: Kommo-o
|-start|p2a: Kommo-o|Substitute
|-damage|p2a: Kommo-o|29/100
|move|p1a: Zamazenta|Crunch|p2a: Kommo-o
|-supereffective|p2a: Kommo-o
|-activate|p2a: Kommo-o|move: Substitute|[damage]
|
|-heal|p2a: Kommo-o|35/100|[from] item: Leftovers
|upkeep
|turn|24
|
|t:|1781027570
|move|p2a: Kommo-o|Drain Punch|p1a: Zamazenta
|-damage|p1a: Zamazenta|50/100
|-heal|p2a: Kommo-o|58/100|[from] drain|[of] p1a: Zamazenta
|move|p1a: Zamazenta|Crunch|p2a: Kommo-o
|-supereffective|p2a: Kommo-o
|-end|p2a: Kommo-o|Substitute
|
|-heal|p2a: Kommo-o|65/100|[from] item: Leftovers
|upkeep
|turn|25
|-message|gyhe forfeited.
|
|win|Rodrigo Paz
|raw|gyhe's rating: 1679 &rarr; <strong>1662</strong><br />(-17 for losing)
|raw|Rodrigo Paz's rating: 1732 &rarr; <strong>1749</strong><br />(+17 for winning)
|l|☆gyhe
|player|p1|
|l|☆Rodrigo Paz
|player|p2|
