|j|☆LowEL0God
|j|☆amiruae
|t:|1781125868
|gametype|singles
|player|p1|LowEL0God|265|1522
|player|p2|amiruae|palmer|1483
|gen|9
|tier|[Gen 9] OU
|rated|
|rule|HP Percentage Mod: HP is shown in percentages
|rule|Endless Battle Clause: Forcing endless battles is banned
|rule|Species Clause: Limit one of each Pokémon
|rule|OHKO Clause: OHKO moves are banned
|rule|Evasion Items Clause: Evasion items are banned
|rule|Evasion Moves Clause: Evasion moves are banned
|rule|Evasion Abilities Clause: Evasion abilities are banned
|rule|Sleep Moves Clause: Sleep-inducing moves are banned
|clearpoke
|poke|p1|Pelipper, M|
|poke|p1|Torkoal, M|
|poke|p1|Walking Wake|
|poke|p1|Kyurem|
|poke|p1|Ninetales-Alola, F|
|poke|p1|Ogerpon-Wellspring, F|
|poke|p2|Deoxys-Speed|
|poke|p2|Entei|
|poke|p2|Ursaluna, M|
|poke|p2|Conkeldurr, M|
|poke|p2|Exeggutor-Alola, M|
|poke|p2|Mimikyu, M|
|teampreview
|inactive|Battle timer is ON: inactive players will automatically lose when time's up. (requested by amiruae)
|c|☆LowEL0God|hf
|inactive|LowEL0God also wants the timer to be on.
|
|t:|1781125879
|teamsize|p1|6
|teamsize|p2|6
|start
|switch|p1a: Hurricane Spam|Pelipper, M, shiny|100/100
|switch|p2a: Deoxys|Deoxys-Speed|100/100
|-ability|p2a: Deoxys|Pressure
|-weather|RainDance|[from] ability: Drizzle|[of] p1a: Hurricane Spam
|turn|1
|
|t:|1781125883
|move|p2a: Deoxys|Thunderbolt|p1a: Hurricane Spam
|-supereffective|p1a: Hurricane Spam
|-damage|p1a: Hurricane Spam|0 fnt
|faint|p1a: Hurricane Spam
|
|-weather|RainDance|[upkeep]
|upkeep
|
|t:|1781125884
|switch|p1a: Walking Wake|Walking Wake|100/100
|turn|2
|
|t:|1781125890
|move|p2a: Deoxys|Psycho Boost|p1a: Walking Wake
|-damage|p1a: Walking Wake|20/100
|-unboost|p2a: Deoxys|spa|2
|-enditem|p2a: Deoxys|White Herb
|-clearnegativeboost|p2a: Deoxys|[silent]
|move|p1a: Walking Wake|Hydro Steam|p2a: Deoxys
|-damage|p2a: Deoxys|0 fnt
|faint|p2a: Deoxys
|
|-weather|RainDance|[upkeep]
|upkeep
|
|t:|1781125900
|switch|p2a: Entei|Entei, shiny|100/100
|turn|3
|
|t:|1781125901
|move|p2a: Entei|Extreme Speed|p1a: Walking Wake
|-damage|p1a: Walking Wake|0 fnt
|faint|p1a: Walking Wake
|-end|p1a: Walking Wake|Protosynthesis|[silent]
|
|-weather|RainDance|[upkeep]
|upkeep
|
|t:|1781125903
|switch|p1a: Ogerpon|Ogerpon-Wellspring, F|100/100
|turn|4
|
|t:|1781125909
|switch|p2a: Exeggutor|Exeggutor-Alola, M|100/100
|move|p1a: Ogerpon|Ivy Cudgel|p2a: Exeggutor|[anim] Ivy Cudgel Water
|-resisted|p2a: Exeggutor
|-damage|p2a: Exeggutor|77/100
|
|-weather|RainDance|[upkeep]
|upkeep
|turn|5
|
|t:|1781125914
|move|p1a: Ogerpon|Swords Dance|p1a: Ogerpon
|-boost|p1a: Ogerpon|atk|2
|move|p2a: Exeggutor|Trick Room|p2a: Exeggutor
|-fieldstart|move: Trick Room|[of] p2a: Exeggutor
|
|-weather|none
|upkeep
|turn|6
|
|t:|1781125919
|move|p2a: Exeggutor|Giga Drain|p1a: Ogerpon
|-damage|p1a: Ogerpon|49/100
|-heal|p2a: Exeggutor|100/100|[from] drain|[of] p1a: Ogerpon
|move|p1a: Ogerpon|Play Rough|p2a: Exeggutor
|-supereffective|p2a: Exeggutor
|-damage|p2a: Exeggutor|0 fnt
|faint|p2a: Exeggutor
|
|upkeep
|
|t:|1781125931
|switch|p2a: Ursaluna|Ursaluna, M|100/100
|turn|7
|
|t:|1781125933
|switch|p1a: Ninetales|Ninetales-Alola, F|100/100
|-weather|Snowscape|[from] ability: Snow Warning|[of] p1a: Ninetales
|move|p2a: Ursaluna|Facade|p1a: Ninetales
|-damage|p1a: Ninetales|66/100
|
|-weather|Snowscape|[upkeep]
|-status|p2a: Ursaluna|brn|[from] item: Flame Orb
|upkeep
|turn|8
|
|t:|1781125940
|switch|p1a: Ogerpon|Ogerpon-Wellspring, F|49/100
|move|p2a: Ursaluna|Facade|p1a: Ogerpon
|-damage|p1a: Ogerpon|0 fnt
|faint|p1a: Ogerpon
|
|-weather|Snowscape|[upkeep]
|-damage|p2a: Ursaluna|94/100 brn|[from] brn
|upkeep
|
|t:|1781125941
|switch|p1a: Kyurem|Kyurem|100/100
|-ability|p1a: Kyurem|Pressure
|turn|9
|
|t:|1781125943
|-terastallize|p1a: Kyurem|Ice
|move|p2a: Ursaluna|Facade|p1a: Kyurem
|-damage|p1a: Kyurem|10/100
|move|p1a: Kyurem|Freeze-Dry|p2a: Ursaluna
|-supereffective|p2a: Ursaluna
|-damage|p2a: Ursaluna|0 fnt
|faint|p2a: Ursaluna
|
|-weather|Snowscape|[upkeep]
|-fieldend|move: Trick Room
|upkeep
|
|t:|1781125951
|switch|p2a: Conkeldurr|Conkeldurr, M|100/100
|turn|10
|
|t:|1781125954
|switch|p1a: Ninetales|Ninetales-Alola, F|66/100
|move|p2a: Conkeldurr|Mach Punch|p1a: Ninetales
|-damage|p1a: Ninetales|47/100
|
|-weather|Snowscape|[upkeep]
|-status|p2a: Conkeldurr|brn|[from] item: Flame Orb
|upkeep
|turn|11
|
|t:|1781125964
|move|p1a: Ninetales|Aurora Veil|p1a: Ninetales
|-sidestart|p1: LowEL0God|move: Aurora Veil
|move|p2a: Conkeldurr|Drain Punch|p1a: Ninetales
|-damage|p1a: Ninetales|20/100
|
|-weather|Snowscape|[upkeep]
|-damage|p2a: Conkeldurr|95/100 brn|[from] brn
|upkeep
|turn|12
|
|t:|1781125971
|move|p1a: Ninetales|Moonblast|p2a: Conkeldurr
|-supereffective|p2a: Conkeldurr
|-damage|p2a: Conkeldurr|41/100 brn
|-unboost|p2a: Conkeldurr|spa|1
|move|p2a: Conkeldurr|Drain Punch|p1a: Ninetales
|-damage|p1a: Ninetales|0 fnt
|-heal|p2a: Conkeldurr|51/100 brn|[from] drain|[of] p1a: Ninetales
|faint|p1a: Ninetales
|
|-weather|Snowscape|[upkeep]
|-damage|p2a: Conkeldurr|45/100 brn|[from] brn
|upkeep
|
|t:|1781125972
|switch|p1a: Torkoal|Torkoal, M|100/100
|-weather|SunnyDay|[from] ability: Drought|[of] p1a: Torkoal
|turn|13
|
|t:|1781125977
|switch|p2a: Entei|Entei, shiny|100/100
|move|p1a: Torkoal|Rapid Spin|p2a: Entei
|-damage|p2a: Entei|92/100
|-boost|p1a: Torkoal|spe|1
|
|-weather|SunnyDay|[upkeep]
|upkeep
|turn|14
|
|t:|1781125982
|move|p2a: Entei|Stomping Tantrum|p1a: Torkoal
|-supereffective|p1a: Torkoal
|-damage|p1a: Torkoal|86/100
|move|p1a: Torkoal|Body Press|p2a: Entei
|-damage|p2a: Entei|62/100
|
|-weather|SunnyDay|[upkeep]
|upkeep
|turn|15
|
|t:|1781125995
|switch|p2a: Mimikyu|Mimikyu, M|100/100
|move|p1a: Torkoal|Body Press|p2a: Mimikyu
|-immune|p2a: Mimikyu
|
|-weather|SunnyDay|[upkeep]
|-sideend|p1: LowEL0God|move: Aurora Veil
|upkeep
|turn|16
|
|t:|1781126003
|move|p2a: Mimikyu|Curse|p1a: Torkoal
|-start|p1a: Torkoal|Curse|[of] p2a: Mimikyu
|-damage|p2a: Mimikyu|50/100
|move|p1a: Torkoal|Will-O-Wisp|p2a: Mimikyu
|-status|p2a: Mimikyu|brn
|
|-weather|SunnyDay|[upkeep]
|-damage|p2a: Mimikyu|44/100 brn|[from] brn
|-damage|p1a: Torkoal|61/100|[from] Curse
|upkeep
|turn|17
|
|t:|1781126011
|move|p2a: Mimikyu|Play Rough|p1a: Torkoal
|-resisted|p1a: Torkoal
|-damage|p1a: Torkoal|56/100
|-unboost|p1a: Torkoal|atk|1
|move|p1a: Torkoal|Lava Plume|p2a: Mimikyu
|-activate|p2a: Mimikyu|ability: Disguise
|-damage|p2a: Mimikyu|44/100 brn
|detailschange|p2a: Mimikyu|Mimikyu-Busted, M
|-damage|p2a: Mimikyu|32/100 brn|[from] pokemon: Mimikyu-Busted
|-enditem|p2a: Mimikyu|Maranga Berry|[eat]
|-boost|p2a: Mimikyu|spd|1|[from] item: Maranga Berry
|
|-weather|SunnyDay|[upkeep]
|-damage|p2a: Mimikyu|26/100 brn|[from] brn
|-damage|p1a: Torkoal|31/100|[from] Curse
|upkeep
|turn|18
|
|t:|1781126020
|move|p1a: Torkoal|Body Press|p2a: Mimikyu
|-immune|p2a: Mimikyu
|move|p2a: Mimikyu|Trick Room|p2a: Mimikyu
|-fieldstart|move: Trick Room|[of] p2a: Mimikyu
|
|-weather|SunnyDay|[upkeep]
|-damage|p2a: Mimikyu|20/100 brn|[from] brn
|-damage|p1a: Torkoal|6/100|[from] Curse
|upkeep
|turn|19
|
|t:|1781126025
|move|p1a: Torkoal|Lava Plume|p2a: Mimikyu
|-damage|p2a: Mimikyu|0 fnt
|faint|p2a: Mimikyu
|
|-weather|SunnyDay|[upkeep]
|-damage|p1a: Torkoal|0 fnt|[from] Curse
|faint|p1a: Torkoal
|upkeep
|
|t:|1781126029
|switch|p1a: Kyurem|Kyurem, tera:Ice|10/100
|switch|p2a: Conkeldurr|Conkeldurr, M|45/100 brn
|-ability|p1a: Kyurem|Pressure
|turn|20
|
|t:|1781126034
|move|p2a: Conkeldurr|Mach Punch|p1a: Kyurem
|-supereffective|p1a: Kyurem
|-crit|p1a: Kyurem
|-damage|p1a: Kyurem|0 fnt
|faint|p1a: Kyurem
|
|win|amiruae
|raw|LowEL0God's rating: 1522 &rarr; <strong>1500</strong><br />(-22 for losing)
|raw|amiruae's rating: 1483 &rarr; <strong>1505</strong><br />(+22 for winning)
|l|☆amiruae
|player|p2|
|c|☆LowEL0God|gg
|l|☆LowEL0God
|player|p1|
