|j|‽oathusishere
|j|☆ur doggo
|t:|1781420761
|gametype|singles
|player|p1|oathusishere|artistf-gen6|1759
|player|p2|ur doggo|2|1696
|gen|9
|tier|[Gen 9] OU
|rated|
|rule|HP Percentage Mod: HP is shown in percentages
|rule|Endless Battle Clause: Forcing endless battles is banned
|rule|Species Clause: Limit one of each Pokémon
|rule|OHKO Clause: OHKO moves are banned
|rule|Evasion Items Clause: Evasion items are banned
|rule|Evasion Moves Clause: Evasion moves are banned
|rule|Evasion Abilities Clause: Evasion abilities are banned
|rule|Sleep Moves Clause: Sleep-inducing moves are banned
|clearpoke
|poke|p1|Gardevoir, M|
|poke|p1|Rillaboom, M|
|poke|p1|Iron Crown|
|poke|p1|Great Tusk|
|poke|p1|Glimmora, M|
|poke|p1|Iron Jugulis|
|poke|p2|Latios, M|
|poke|p2|Darkrai|
|poke|p2|Pecharunt|
|poke|p2|Ting-Lu|
|poke|p2|Corviknight, M|
|poke|p2|Dragonite, F|
|teampreview
|inactive|Battle timer is ON: inactive players will automatically lose when time's up. (requested by oathusishere)
|
|t:|1781420775
|teamsize|p1|6
|teamsize|p2|6
|start
|switch|p1a: Iron Jugulis|Iron Jugulis|100/100
|switch|p2a: Corviknight|Corviknight, M|100/100
|-ability|p2a: Corviknight|Pressure
|-enditem|p1a: Iron Jugulis|Booster Energy
|-activate|p1a: Iron Jugulis|ability: Quark Drive|[fromitem]
|-start|p1a: Iron Jugulis|quarkdrivespe
|turn|1
|
|t:|1781420783
|move|p1a: Iron Jugulis|Dark Pulse|p2a: Corviknight
|-damage|p2a: Corviknight|72/100
|cant|p2a: Corviknight|flinch
|
|-heal|p2a: Corviknight|78/100|[from] item: Leftovers
|upkeep
|turn|2
|
|t:|1781420787
|move|p1a: Iron Jugulis|Dark Pulse|p2a: Corviknight
|-damage|p2a: Corviknight|51/100
|move|p2a: Corviknight|Roost|p2a: Corviknight
|-heal|p2a: Corviknight|100/100
|-singleturn|p2a: Corviknight|move: Roost
|
|upkeep
|turn|3
|
|t:|1781420794
|move|p1a: Iron Jugulis|Dark Pulse|p2a: Corviknight
|-damage|p2a: Corviknight|73/100
|move|p2a: Corviknight|Brave Bird|p1a: Iron Jugulis
|-damage|p1a: Iron Jugulis|57/100
|-damage|p2a: Corviknight|61/100|[from] Recoil
|
|-heal|p2a: Corviknight|67/100|[from] item: Leftovers
|upkeep
|turn|4
|
|t:|1781420801
|move|p1a: Iron Jugulis|Taunt|p2a: Corviknight
|-start|p2a: Corviknight|move: Taunt
|cant|p2a: Corviknight|move: Taunt|Roost
|
|-heal|p2a: Corviknight|73/100|[from] item: Leftovers
|upkeep
|turn|5
|
|t:|1781420806
|move|p1a: Iron Jugulis|Dark Pulse|p2a: Corviknight
|-damage|p2a: Corviknight|47/100
|move|p2a: Corviknight|Brave Bird|p1a: Iron Jugulis
|-damage|p1a: Iron Jugulis|12/100
|-damage|p2a: Corviknight|35/100|[from] Recoil
|
|-heal|p2a: Corviknight|41/100|[from] item: Leftovers
|upkeep
|turn|6
|
|t:|1781420810
|switch|p2a: Ting-Lu|Ting-Lu|100/100
|-ability|p2a: Ting-Lu|Vessel of Ruin
|move|p1a: Iron Jugulis|Dark Pulse|p2a: Ting-Lu
|-resisted|p2a: Ting-Lu
|-damage|p2a: Ting-Lu|92/100
|
|-heal|p2a: Ting-Lu|98/100|[from] item: Leftovers
|upkeep
|turn|7
|
|t:|1781420814
|switch|p2a: Dragonite|Dragonite, F|100/100
|move|p1a: Iron Jugulis|Taunt|p2a: Dragonite
|-start|p2a: Dragonite|move: Taunt
|
|upkeep
|turn|8
|
|t:|1781420817
|move|p2a: Dragonite|Extreme Speed|p1a: Iron Jugulis
|-damage|p1a: Iron Jugulis|0 fnt
|faint|p1a: Iron Jugulis
|-end|p1a: Iron Jugulis|Quark Drive|[silent]
|
|upkeep
|
|t:|1781420821
|switch|p1a: Glimmora|Glimmora, M|100/100
|turn|9
|
|t:|1781420841
|switch|p2a: Corviknight|Corviknight, M|41/100
|-ability|p2a: Corviknight|Pressure
|move|p1a: Glimmora|Stealth Rock|p2a: Corviknight
|-sidestart|p2: ur doggo|move: Stealth Rock
|
|-heal|p2a: Corviknight|47/100|[from] item: Leftovers
|upkeep
|turn|10
|
|t:|1781420844
|move|p1a: Glimmora|Meteor Beam||[still]
|-prepare|p1a: Glimmora|Meteor Beam
|-boost|p1a: Glimmora|spa|1
|-enditem|p1a: Glimmora|Power Herb
|-anim|p1a: Glimmora|Meteor Beam|p2a: Corviknight
|-damage|p2a: Corviknight|0 fnt
|faint|p2a: Corviknight
|
|upkeep
|
|t:|1781420848
|switch|p2a: Latios|Latios, M|100/100
|-damage|p2a: Latios|88/100|[from] Stealth Rock
|turn|11
|
|t:|1781420858
|switch|p1a: Rillaboom|Rillaboom, M|100/100
|-fieldstart|move: Grassy Terrain|[from] ability: Grassy Surge|[of] p1a: Rillaboom
|move|p2a: Latios|Calm Mind|p2a: Latios
|-boost|p2a: Latios|spa|1
|-boost|p2a: Latios|spd|1
|
|upkeep
|turn|12
|
|t:|1781420874
|switch|p2a: Pecharunt|Pecharunt|100/100
|switch|p1a: Iron Crown|Iron Crown|100/100
|-enditem|p1a: Iron Crown|Booster Energy
|-activate|p1a: Iron Crown|ability: Quark Drive|[fromitem]
|-start|p1a: Iron Crown|quarkdrivespe
|
|upkeep
|turn|13
|
|t:|1781420891
|move|p1a: Iron Crown|Calm Mind|p1a: Iron Crown
|-boost|p1a: Iron Crown|spa|1
|-boost|p1a: Iron Crown|spd|1
|move|p2a: Pecharunt|Shadow Ball|p1a: Iron Crown
|-supereffective|p1a: Iron Crown
|-damage|p1a: Iron Crown|72/100
|
|-heal|p1a: Iron Crown|78/100|[from] Grassy Terrain
|upkeep
|turn|14
|
|t:|1781420898
|switch|p2a: Dragonite|Dragonite, F|100/100
|move|p1a: Iron Crown|Calm Mind|p1a: Iron Crown
|-boost|p1a: Iron Crown|spa|1
|-boost|p1a: Iron Crown|spd|1
|
|-heal|p1a: Iron Crown|84/100|[from] Grassy Terrain
|upkeep
|turn|15
|
|t:|1781420901
|move|p1a: Iron Crown|Stored Power|p2a: Dragonite
|-damage|p2a: Dragonite|57/100
|move|p2a: Dragonite|Dragon Tail|p1a: Iron Crown
|-resisted|p1a: Iron Crown
|-damage|p1a: Iron Crown|66/100
|-end|p1a: Iron Crown|Quark Drive|[silent]
|drag|p1a: Rillaboom|Rillaboom, M|100/100
|
|upkeep
|turn|16
|
|t:|1781420910
|move|p1a: Rillaboom|Knock Off|p2a: Dragonite
|-damage|p2a: Dragonite|25/100
|-enditem|p2a: Dragonite|Heavy-Duty Boots|[from] move: Knock Off|[of] p1a: Rillaboom
|move|p2a: Dragonite|Roost|p2a: Dragonite
|-heal|p2a: Dragonite|75/100
|-singleturn|p2a: Dragonite|move: Roost
|
|-heal|p2a: Dragonite|81/100|[from] Grassy Terrain
|upkeep
|turn|17
|
|t:|1781420916
|move|p1a: Rillaboom|U-turn|p2a: Dragonite
|-resisted|p2a: Dragonite
|-damage|p2a: Dragonite|70/100
|
|t:|1781420919
|switch|p1a: Glimmora|Glimmora, M|100/100|[from] U-turn
|move|p2a: Dragonite|Dragon Tail|p1a: Glimmora
|-damage|p1a: Glimmora|62/100
|-activate|p1a: Glimmora|ability: Toxic Debris
|-sidestart|p2: ur doggo|move: Toxic Spikes
|drag|p1a: Great Tusk|Great Tusk|100/100
|-enditem|p1a: Great Tusk|Booster Energy
|-activate|p1a: Great Tusk|ability: Protosynthesis|[fromitem]
|-start|p1a: Great Tusk|protosynthesisspe
|
|upkeep
|turn|18
|
|t:|1781420932
|move|p1a: Great Tusk|Head Smash|p2a: Dragonite
|-supereffective|p2a: Dragonite
|-damage|p2a: Dragonite|0 fnt
|faint|p2a: Dragonite
|-damage|p1a: Great Tusk|71/100|[from] Recoil
|
|-heal|p1a: Great Tusk|78/100|[from] Grassy Terrain
|-fieldend|move: Grassy Terrain
|upkeep
|
|t:|1781420948
|switch|p2a: Pecharunt|Pecharunt|100/100
|-sideend|p2: ur doggo|move: Toxic Spikes|[of] p2a: Pecharunt
|turn|19
|
|t:|1781420951
|move|p1a: Great Tusk|Headlong Rush|p2a: Pecharunt
|-supereffective|p2a: Pecharunt
|-damage|p2a: Pecharunt|43/100
|-unboost|p1a: Great Tusk|def|1
|-unboost|p1a: Great Tusk|spd|1
|move|p2a: Pecharunt|Malignant Chain|p1a: Great Tusk
|-resisted|p1a: Great Tusk
|-damage|p1a: Great Tusk|49/100
|-status|p1a: Great Tusk|tox
|-start|p1a: Great Tusk|confusion|[from] ability: Poison Puppeteer|[of] p2a: Pecharunt
|
|-damage|p1a: Great Tusk|43/100 tox|[from] psn
|upkeep
|turn|20
|
|t:|1781420963
|switch|p2a: Ting-Lu|Ting-Lu|98/100
|-damage|p2a: Ting-Lu|92/100|[from] Stealth Rock
|-ability|p2a: Ting-Lu|Vessel of Ruin
|-activate|p1a: Great Tusk|confusion
|-damage|p1a: Great Tusk|33/100 tox|[from] confusion
|
|-heal|p2a: Ting-Lu|98/100|[from] item: Leftovers
|-damage|p1a: Great Tusk|20/100 tox|[from] psn
|upkeep
|turn|21
|
|t:|1781420967
|-end|p1a: Great Tusk|confusion
|move|p1a: Great Tusk|Headlong Rush|p2a: Ting-Lu
|-damage|p2a: Ting-Lu|71/100
|-unboost|p1a: Great Tusk|def|1
|-unboost|p1a: Great Tusk|spd|1
|move|p2a: Ting-Lu|Stealth Rock|p1a: Great Tusk
|-sidestart|p1: oathusishere|move: Stealth Rock
|
|-heal|p2a: Ting-Lu|77/100|[from] item: Leftovers
|-damage|p1a: Great Tusk|2/100 tox|[from] psn
|upkeep
|turn|22
|
|t:|1781420974
|move|p1a: Great Tusk|Headlong Rush|p2a: Ting-Lu
|-damage|p2a: Ting-Lu|49/100
|-unboost|p1a: Great Tusk|def|1
|-unboost|p1a: Great Tusk|spd|1
|move|p2a: Ting-Lu|Stealth Rock||[still]
|-fail|p2a: Ting-Lu
|
|-heal|p2a: Ting-Lu|56/100|[from] item: Leftovers
|-damage|p1a: Great Tusk|0 fnt|[from] psn
|faint|p1a: Great Tusk
|-end|p1a: Great Tusk|Protosynthesis|[silent]
|upkeep
|
|t:|1781420977
|switch|p1a: Rillaboom|Rillaboom, M|100/100
|-damage|p1a: Rillaboom|88/100|[from] Stealth Rock
|-fieldstart|move: Grassy Terrain|[from] ability: Grassy Surge|[of] p1a: Rillaboom
|turn|23
|
|t:|1781420986
|move|p1a: Rillaboom|Grassy Glide|p2a: Ting-Lu
|-supereffective|p2a: Ting-Lu
|-damage|p2a: Ting-Lu|14/100
|move|p2a: Ting-Lu|Spikes|p1a: Rillaboom
|-sidestart|p1: oathusishere|Spikes
|
|-heal|p1a: Rillaboom|94/100|[from] Grassy Terrain
|-heal|p2a: Ting-Lu|21/100|[from] Grassy Terrain
|-heal|p2a: Ting-Lu|27/100|[from] item: Leftovers
|upkeep
|turn|24
|
|t:|1781420996
|move|p1a: Rillaboom|Grassy Glide|p2a: Ting-Lu
|-supereffective|p2a: Ting-Lu
|-damage|p2a: Ting-Lu|0 fnt
|faint|p2a: Ting-Lu
|
|-heal|p1a: Rillaboom|100/100|[from] Grassy Terrain
|upkeep
|
|t:|1781420998
|switch|p2a: Pecharunt|Pecharunt|43/100
|turn|25
|
|t:|1781421004
|switch|p1a: Glimmora|Glimmora, M|62/100
|-damage|p1a: Glimmora|50/100|[from] Stealth Rock
|-damage|p1a: Glimmora|38/100|[from] Spikes
|move|p2a: Pecharunt|Recover|p2a: Pecharunt
|-heal|p2a: Pecharunt|93/100
|
|-heal|p2a: Pecharunt|99/100|[from] Grassy Terrain
|-heal|p1a: Glimmora|44/100|[from] Grassy Terrain
|upkeep
|turn|26
|
|t:|1781421008
|move|p2a: Pecharunt|Nasty Plot|p2a: Pecharunt
|-boost|p2a: Pecharunt|spa|2
|move|p1a: Glimmora|Meteor Beam||[still]
|-prepare|p1a: Glimmora|Meteor Beam
|-boost|p1a: Glimmora|spa|1
|
|-heal|p2a: Pecharunt|100/100|[from] Grassy Terrain
|-heal|p1a: Glimmora|50/100|[from] Grassy Terrain
|upkeep
|turn|27
|
|t:|1781421011
|move|p2a: Pecharunt|Shadow Ball|p1a: Glimmora
|-damage|p1a: Glimmora|0 fnt
|faint|p1a: Glimmora
|
|upkeep
|
|t:|1781421018
|switch|p1a: Gardevoir|Gardevoir, M|100/100
|-damage|p1a: Gardevoir|88/100|[from] Stealth Rock
|-damage|p1a: Gardevoir|75/100|[from] Spikes
|-enditem|p1a: Gardevoir|Grassy Seed
|-boost|p1a: Gardevoir|def|1|[from] item: Grassy Seed
|turn|28
|
|t:|1781421033
|-terastallize|p1a: Gardevoir|Ground
|move|p2a: Pecharunt|Shadow Ball|p1a: Gardevoir
|-damage|p1a: Gardevoir|33/100
|-unboost|p1a: Gardevoir|spd|1
|move|p1a: Gardevoir|Calm Mind|p1a: Gardevoir
|-boost|p1a: Gardevoir|spa|1
|-boost|p1a: Gardevoir|spd|1
|
|-heal|p1a: Gardevoir|39/100|[from] Grassy Terrain
|upkeep
|turn|29
|
|t:|1781421040
|move|p2a: Pecharunt|Shadow Ball|p1a: Gardevoir
|-damage|p1a: Gardevoir|0 fnt
|faint|p1a: Gardevoir
|
|upkeep
|-message|oathusishere forfeited.
|
|win|ur doggo
|raw|oathusishere's rating: 1759 &rarr; <strong>1735</strong><br />(-24 for losing)
|raw|ur doggo's rating: 1696 &rarr; <strong>1720</strong><br />(+24 for winning)
|l|‽oathusishere
|player|p1|
|l|☆ur doggo
|player|p2|
