|j|☆deathprofessor21
|j|☆waha8
|t:|1781230441
|gametype|singles
|player|p1|deathprofessor21|169|1618
|player|p2|waha8|102|1624
|gen|9
|tier|[Gen 9] OU
|rated|
|rule|HP Percentage Mod: HP is shown in percentages
|rule|Endless Battle Clause: Forcing endless battles is banned
|rule|Species Clause: Limit one of each Pokémon
|rule|OHKO Clause: OHKO moves are banned
|rule|Evasion Items Clause: Evasion items are banned
|rule|Evasion Moves Clause: Evasion moves are banned
|rule|Evasion Abilities Clause: Evasion abilities are banned
|rule|Sleep Moves Clause: Sleep-inducing moves are banned
|clearpoke
|poke|p1|Slowking-Galar, F|
|poke|p1|Hydrapple, F|
|poke|p1|Moltres|
|poke|p1|Raging Bolt|
|poke|p1|Weezing-Galar, M|
|poke|p1|Meowscarada, F|
|poke|p2|Slowking-Galar, F|
|poke|p2|Indeedee, M|
|poke|p2|Cinderace, M|
|poke|p2|Ninetales-Alola, F|
|poke|p2|Cetitan, M|
|poke|p2|Kyurem|
|teampreview
|inactive|Battle timer is ON: inactive players will automatically lose when time's up. (requested by deathprofessor21)
|
|t:|1781230458
|teamsize|p1|6
|teamsize|p2|6
|start
|switch|p1a: Slowking|Slowking-Galar, F|100/100
|switch|p2a: ReverseUNO|Cinderace, M|100/100
|turn|1
|
|t:|1781230462
|move|p2a: ReverseUNO|Pyro Ball|p1a: Slowking|[miss]
|-miss|p2a: ReverseUNO|p1a: Slowking
|move|p1a: Slowking|Sludge Bomb|p2a: ReverseUNO
|-damage|p2a: ReverseUNO|30/100
|
|upkeep
|turn|2
|
|t:|1781230468
|switch|p1a: Moltres|Moltres|100/100
|move|p2a: ReverseUNO|Pyro Ball|p1a: Moltres
|-resisted|p1a: Moltres
|-damage|p1a: Moltres|76/100
|
|upkeep
|turn|3
|
|t:|1781230473
|move|p2a: ReverseUNO|Gunk Shot|p1a: Moltres|[miss]
|-start|p2a: ReverseUNO|typechange|Poison|[from] ability: Libero
|-miss|p2a: ReverseUNO|p1a: Moltres
|move|p1a: Moltres|U-turn|p2a: ReverseUNO
|-resisted|p2a: ReverseUNO
|-damage|p2a: ReverseUNO|19/100
|
|t:|1781230481
|switch|p1a: Meowscarada|Meowscarada, F|100/100|[from] U-turn
|
|upkeep
|turn|4
|
|t:|1781230487
|switch|p2a: Mavis|Ninetales-Alola, F|100/100
|-weather|Snowscape|[from] ability: Snow Warning|[of] p2a: Mavis
|move|p1a: Meowscarada|U-turn|p2a: Mavis
|-start|p1a: Meowscarada|typechange|Bug|[from] ability: Protean
|-resisted|p2a: Mavis
|-damage|p2a: Mavis|74/100
|
|t:|1781230506
|switch|p1a: Weezing|Weezing-Galar, M|100/100|[from] U-turn
|
|-weather|Snowscape|[upkeep]
|upkeep
|turn|5
|
|t:|1781230510
|move|p2a: Mavis|Aurora Veil|p2a: Mavis
|-sidestart|p2: waha8|move: Aurora Veil
|move|p1a: Weezing|Fire Blast|p2a: Mavis|[miss]
|-miss|p1a: Weezing|p2a: Mavis
|
|-weather|Snowscape|[upkeep]
|upkeep
|turn|6
|
|t:|1781230517
|move|p2a: Mavis|Freeze-Dry|p1a: Weezing
|-damage|p1a: Weezing|65/100
|move|p1a: Weezing|Defog|p2a: Mavis
|-unboost|p2a: Mavis|evasion|1
|-sideend|p2: waha8|move: Aurora Veil
|
|-weather|Snowscape|[upkeep]
|-heal|p1a: Weezing|71/100|[from] item: Leftovers
|upkeep
|turn|7
|
|t:|1781230524
|move|p2a: Mavis|Aurora Veil|p2a: Mavis
|-sidestart|p2: waha8|move: Aurora Veil
|move|p1a: Weezing|Fire Blast|p2a: Mavis
|-supereffective|p2a: Mavis
|-damage|p2a: Mavis|43/100
|
|-weather|Snowscape|[upkeep]
|-heal|p1a: Weezing|77/100|[from] item: Leftovers
|upkeep
|turn|8
|
|t:|1781230532
|move|p2a: Mavis|Encore|p1a: Weezing
|-start|p1a: Weezing|Encore
|move|p1a: Weezing|Fire Blast|p2a: Mavis
|-supereffective|p2a: Mavis
|-damage|p2a: Mavis|17/100
|
|-weather|Snowscape|[upkeep]
|-heal|p1a: Weezing|83/100|[from] item: Leftovers
|upkeep
|turn|9
|
|t:|1781230545
|switch|p2a: DeeDee|Indeedee, M|100/100
|-fieldstart|move: Psychic Terrain|[from] ability: Psychic Surge|[of] p2a: DeeDee
|switch|p1a: Moltres|Moltres|76/100
|
|-weather|Snowscape|[upkeep]
|upkeep
|turn|10
|
|t:|1781230553
|switch|p1a: Slowking|Slowking-Galar, F|100/100
|move|p2a: DeeDee|Expanding Force|p1a: Slowking
|-damage|p1a: Slowking|65/100
|
|-weather|Snowscape|[upkeep]
|upkeep
|turn|11
|
|t:|1781230560
|move|p2a: DeeDee|Expanding Force|p1a: Slowking
|-damage|p1a: Slowking|27/100
|move|p1a: Slowking|Sludge Bomb|p2a: DeeDee
|-damage|p2a: DeeDee|72/100
|
|-weather|none
|-sideend|p2: waha8|move: Aurora Veil
|upkeep
|turn|12
|
|t:|1781230567
|switch|p1a: Meowscarada|Meowscarada, F|100/100
|move|p2a: DeeDee|Dazzling Gleam|p1a: Meowscarada
|-supereffective|p1a: Meowscarada
|-damage|p1a: Meowscarada|30/100
|
|upkeep
|turn|13
|
|t:|1781230574
|switch|p2a: Mavis|Ninetales-Alola, F|17/100
|-weather|Snowscape|[from] ability: Snow Warning|[of] p2a: Mavis
|move|p1a: Meowscarada|U-turn|p2a: Mavis
|-start|p1a: Meowscarada|typechange|Bug|[from] ability: Protean
|-resisted|p2a: Mavis
|-damage|p2a: Mavis|0 fnt
|faint|p2a: Mavis
|
|t:|1781230582
|switch|p1a: Raging Bolt|Raging Bolt|100/100|[from] U-turn
|
|-weather|Snowscape|[upkeep]
|upkeep
|
|t:|1781230586
|switch|p2a: Thing|Cetitan, M|100/100
|turn|14
|
|t:|1781230589
|-terastallize|p2a: Thing|Ground
|move|p2a: Thing|Belly Drum|p2a: Thing
|-damage|p2a: Thing|50/100
|-setboost|p2a: Thing|atk|6|[from] move: Belly Drum
|-enditem|p2a: Thing|Sitrus Berry|[eat]
|-heal|p2a: Thing|75/100|[from] item: Sitrus Berry
|move|p1a: Raging Bolt|Volt Switch|p2a: Thing
|-immune|p2a: Thing
|
|-weather|Snowscape|[upkeep]
|upkeep
|turn|15
|
|t:|1781230604
|-end|p1a: Raging Bolt|Protosynthesis|[silent]
|switch|p1a: Slowking|Slowking-Galar, F|60/100
|move|p2a: Thing|Icicle Spear|p1a: Slowking
|-damage|p1a: Slowking|6/100
|-damage|p1a: Slowking|0 fnt
|faint|p1a: Slowking
|-hitcount|p1: Slowking|2
|
|-weather|Snowscape|[upkeep]
|upkeep
|inactive|deathprofessor21 has 120 seconds left.
|
|t:|1781230639
|switch|p1a: Hydrapple|Hydrapple, F|100/100
|turn|16
|
|t:|1781230646
|-terastallize|p1a: Hydrapple|Steel
|move|p2a: Thing|Earthquake|p1a: Hydrapple
|-supereffective|p1a: Hydrapple
|-damage|p1a: Hydrapple|0 fnt
|faint|p1a: Hydrapple
|
|-weather|Snowscape|[upkeep]
|-fieldend|move: Psychic Terrain
|upkeep
|
|t:|1781230648
|switch|p1a: Moltres|Moltres|76/100
|turn|17
|
|t:|1781230654
|move|p2a: Thing|Icicle Spear|p1a: Moltres
|-damage|p1a: Moltres|28/100
|-damage|p1a: Moltres|0 fnt
|faint|p1a: Moltres
|-hitcount|p1: Moltres|2
|
|-weather|Snowscape|[upkeep]
|upkeep
|
|t:|1781230659
|switch|p1a: Meowscarada|Meowscarada, F|30/100
|turn|18
|-message|deathprofessor21 forfeited.
|
|win|waha8
|raw|deathprofessor21's rating: 1618 &rarr; <strong>1598</strong><br />(-20 for losing)
|raw|waha8's rating: 1624 &rarr; <strong>1644</strong><br />(+20 for winning)
|l|☆deathprofessor21
|player|p1|
|l|☆waha8
|player|p2|
