|j|☆Voltaris33
|j|☆blah0blah1blah2
|t:|1781401141
|gametype|singles
|player|p1|Voltaris33|unknownf|1541
|player|p2|blah0blah1blah2|colress|1539
|gen|9
|tier|[Gen 9] OU
|rated|
|rule|HP Percentage Mod: HP is shown in percentages
|rule|Endless Battle Clause: Forcing endless battles is banned
|rule|Species Clause: Limit one of each Pokémon
|rule|OHKO Clause: OHKO moves are banned
|rule|Evasion Items Clause: Evasion items are banned
|rule|Evasion Moves Clause: Evasion moves are banned
|rule|Evasion Abilities Clause: Evasion abilities are banned
|rule|Sleep Moves Clause: Sleep-inducing moves are banned
|clearpoke
|poke|p1|Heatran, M|
|poke|p1|Tyranitar, F|
|poke|p1|Skarmory, M|
|poke|p1|Moltres|
|poke|p1|Weezing-Galar, M|
|poke|p1|Deoxys-Speed|
|poke|p2|Regidrago|
|poke|p2|Iron Treads|
|poke|p2|Scizor, F|
|poke|p2|Moltres|
|poke|p2|Ogerpon-Wellspring, F|
|poke|p2|Primarina, F|
|teampreview
|inactive|Battle timer is ON: inactive players will automatically lose when time's up. (requested by Voltaris33)
|inactive|blah0blah1blah2 also wants the timer to be on.
|inactive|blah0blah1blah2 has 120 seconds left.
|
|t:|1781401193
|teamsize|p1|6
|teamsize|p2|6
|start
|switch|p1a: Deoxys|Deoxys-Speed, shiny|100/100
|switch|p2a: Scizor|Scizor, F|100/100
|-ability|p1a: Deoxys|Pressure
|turn|1
|
|t:|1781401197
|switch|p1a: Moltres|Moltres|100/100
|move|p2a: Scizor|Knock Off|p1a: Moltres
|-damage|p1a: Moltres|34/100
|-enditem|p1a: Moltres|Heavy-Duty Boots|[from] move: Knock Off|[of] p2a: Scizor
|
|upkeep
|turn|2
|inactive|blah0blah1blah2 has 120 seconds left.
|
|t:|1781401253
|switch|p2a: Regidrago|Regidrago|100/100
|move|p1a: Moltres|Will-O-Wisp|p2a: Regidrago
|-status|p2a: Regidrago|brn
|
|-damage|p2a: Regidrago|94/100 brn|[from] brn
|upkeep
|turn|3
|inactive|blah0blah1blah2 has 90 seconds left.
|
|t:|1781401274
|switch|p1a: Weezing|Weezing-Galar, M|100/100
|-ability|p1a: Weezing|Neutralizing Gas
|move|p2a: Regidrago|Earth Power|p1a: Weezing
|-supereffective|p1a: Weezing
|-damage|p1a: Weezing|31/100
|
|-heal|p1a: Weezing|37/100|[from] item: Leftovers
|-damage|p2a: Regidrago|88/100 brn|[from] brn
|upkeep
|turn|4
|inactive|blah0blah1blah2 has 90 seconds left.
|
|t:|1781401282
|-end|p1a: Weezing|ability: Neutralizing Gas
|switch|p1a: Skarmory|Skarmory, M, shiny|100/100
|move|p2a: Regidrago|Earth Power|p1a: Skarmory
|-immune|p1a: Skarmory
|
|-damage|p2a: Regidrago|82/100 brn|[from] brn
|upkeep
|turn|5
|inactive|blah0blah1blah2 has 90 seconds left.
|
|t:|1781401293
|switch|p2a: Moltres|Moltres|100/100
|switch|p1a: Deoxys|Deoxys-Speed, shiny|100/100
|-ability|p1a: Deoxys|Pressure
|
|upkeep
|turn|6
|
|t:|1781401300
|move|p1a: Deoxys|Meteor Beam||[still]
|-prepare|p1a: Deoxys|Meteor Beam
|-boost|p1a: Deoxys|spa|1
|-enditem|p1a: Deoxys|Power Herb
|-anim|p1a: Deoxys|Meteor Beam|p2a: Moltres
|-supereffective|p2a: Moltres
|-damage|p2a: Moltres|0 fnt
|faint|p2a: Moltres
|
|upkeep
|inactive|blah0blah1blah2 has 90 seconds left.
|
|t:|1781401337
|switch|p2a: Scizor|Scizor, F|100/100
|turn|7
|
|t:|1781401340
|switch|p1a: Moltres|Moltres|34/100
|move|p2a: Scizor|U-turn|p1a: Moltres
|-resisted|p1a: Moltres
|-damage|p1a: Moltres|17/100
|inactive|blah0blah1blah2 has 60 seconds left.
|
|t:|1781401367
|switch|p2a: Primarina|Primarina, F|100/100|[from] U-turn
|
|upkeep
|turn|8
|inactive|blah0blah1blah2 has 60 seconds left.
|
|t:|1781401378
|move|p1a: Moltres|Will-O-Wisp|p2a: Primarina
|-status|p2a: Primarina|brn
|move|p2a: Primarina|Surf|p1a: Moltres
|-supereffective|p1a: Moltres
|-damage|p1a: Moltres|0 fnt
|faint|p1a: Moltres
|
|-damage|p2a: Primarina|94/100 brn|[from] brn
|upkeep
|
|t:|1781401389
|switch|p1a: Tyranitar|Tyranitar, F|100/100
|-weather|Sandstorm|[from] ability: Sand Stream|[of] p1a: Tyranitar
|turn|9
|inactive|blah0blah1blah2 has 60 seconds left.
|inactive|blah0blah1blah2 has 30 seconds left.
|inactive|blah0blah1blah2 has 20 seconds left.
|
|t:|1781401442
|switch|p2a: Iron Treads|Iron Treads|100/100
|move|p1a: Tyranitar|Dragon Dance|p1a: Tyranitar
|-boost|p1a: Tyranitar|atk|1
|-boost|p1a: Tyranitar|spe|1
|-enditem|p2a: Iron Treads|Mirror Herb
|-boost|p2a: Iron Treads|atk|1|[from] item: Mirror Herb
|-boost|p2a: Iron Treads|spe|1|[from] item: Mirror Herb
|
|-weather|Sandstorm|[upkeep]
|upkeep
|turn|10
|inactive|blah0blah1blah2 has 30 seconds left this turn.
|inactive|blah0blah1blah2 has 20 seconds left.
|
|t:|1781401455
|switch|p1a: Skarmory|Skarmory, M, shiny|100/100
|move|p2a: Iron Treads|Stealth Rock|p1a: Skarmory
|-sidestart|p1: Voltaris33|move: Stealth Rock
|
|-weather|Sandstorm|[upkeep]
|upkeep
|turn|11
|inactive|blah0blah1blah2 has 30 seconds left this turn.
|inactive|blah0blah1blah2 has 20 seconds left.
|
|t:|1781401468
|-end|p2a: Iron Treads|Quark Drive|[silent]
|switch|p2a: Primarina|Primarina, F|94/100 brn
|move|p1a: Skarmory|Iron Defense|p1a: Skarmory
|-boost|p1a: Skarmory|def|2
|
|-weather|Sandstorm|[upkeep]
|-damage|p2a: Primarina|88/100 brn|[from] Sandstorm
|-damage|p2a: Primarina|82/100 brn|[from] brn
|upkeep
|turn|12
|inactive|blah0blah1blah2 has 30 seconds left this turn.
|
|t:|1781401479
|move|p1a: Skarmory|Body Press|p2a: Primarina
|-resisted|p2a: Primarina
|-damage|p2a: Primarina|41/100 brn
|move|p2a: Primarina|Surf|p1a: Skarmory
|-damage|p1a: Skarmory|27/100
|
|-weather|Sandstorm|[upkeep]
|-damage|p2a: Primarina|35/100 brn|[from] Sandstorm
|-heal|p1a: Skarmory|33/100|[from] item: Leftovers
|-damage|p2a: Primarina|29/100 brn|[from] brn
|upkeep
|turn|13
|
|t:|1781401485
|move|p1a: Skarmory|Body Press|p2a: Primarina
|-resisted|p2a: Primarina
|-damage|p2a: Primarina|0 fnt
|faint|p2a: Primarina
|
|-weather|none
|-heal|p1a: Skarmory|39/100|[from] item: Leftovers
|upkeep
|
|t:|1781401494
|switch|p2a: Ogerpon|Ogerpon-Wellspring, F|100/100
|turn|14
|inactive|blah0blah1blah2 has 30 seconds left.
|
|t:|1781401516
|move|p2a: Ogerpon|Swords Dance|p2a: Ogerpon
|-boost|p2a: Ogerpon|atk|2
|move|p1a: Skarmory|Roost|p1a: Skarmory
|-heal|p1a: Skarmory|89/100
|-singleturn|p1a: Skarmory|move: Roost
|
|-heal|p1a: Skarmory|95/100|[from] item: Leftovers
|upkeep
|turn|15
|inactive|blah0blah1blah2 has 30 seconds left.
|inactive|blah0blah1blah2 has 20 seconds left.
|inactive|blah0blah1blah2 has 15 seconds left.
|
|t:|1781401537
|-terastallize|p2a: Ogerpon|Water
|detailschange|p2a: Ogerpon|Ogerpon-Wellspring-Tera, F, tera:Water
|-ability|p2a: Ogerpon|Embody Aspect (Wellspring)|boost
|-boost|p2a: Ogerpon|spd|1
|move|p2a: Ogerpon|Ivy Cudgel|p1a: Skarmory|[anim] Ivy Cudgel Water
|-damage|p1a: Skarmory|45/100
|move|p1a: Skarmory|Body Press|p2a: Ogerpon
|-damage|p2a: Ogerpon|15/100
|
|-heal|p1a: Skarmory|51/100|[from] item: Leftovers
|upkeep
|turn|16
|inactive|blah0blah1blah2 has 25 seconds left this turn.
|inactive|blah0blah1blah2 has 20 seconds left.
|
|t:|1781401545
|move|p2a: Ogerpon|Ivy Cudgel|p1a: Skarmory|[anim] Ivy Cudgel Water
|-crit|p1a: Skarmory
|-damage|p1a: Skarmory|0 fnt
|faint|p1a: Skarmory
|
|upkeep
|
|t:|1781401548
|switch|p1a: Deoxys|Deoxys-Speed, shiny|100/100
|-damage|p1a: Deoxys|88/100|[from] Stealth Rock
|-ability|p1a: Deoxys|Pressure
|turn|17
|inactive|blah0blah1blah2 has 30 seconds left.
|
|t:|1781401554
|switch|p2a: Regidrago|Regidrago|82/100 brn
|move|p1a: Deoxys|Psycho Boost|p2a: Regidrago
|-damage|p2a: Regidrago|8/100 brn
|-unboost|p1a: Deoxys|spa|2
|
|-damage|p2a: Regidrago|2/100 brn|[from] brn
|upkeep
|turn|18
|
|t:|1781401559
|move|p1a: Deoxys|Ice Beam|p2a: Regidrago
|-supereffective|p2a: Regidrago
|-damage|p2a: Regidrago|0 fnt
|faint|p2a: Regidrago
|
|upkeep
|
|t:|1781401570
|switch|p2a: Scizor|Scizor, F|100/100
|turn|19
|
|t:|1781401588
|switch|p1a: Weezing|Weezing-Galar, M|37/100
|-ability|p1a: Weezing|Neutralizing Gas
|-damage|p1a: Weezing|25/100|[from] Stealth Rock
|move|p2a: Scizor|U-turn|p1a: Weezing
|-resisted|p1a: Weezing
|-damage|p1a: Weezing|13/100
|
|t:|1781401593
|switch|p2a: Ogerpon|Ogerpon-Wellspring-Tera, F, tera:Water|15/100|[from] U-turn
|
|-heal|p1a: Weezing|19/100|[from] item: Leftovers
|upkeep
|turn|20
|
|t:|1781401603
|move|p2a: Ogerpon|Ivy Cudgel|p1a: Weezing|[anim] Ivy Cudgel Water
|-damage|p1a: Weezing|0 fnt
|faint|p1a: Weezing
|-end|p1a: Weezing|ability: Neutralizing Gas
|-ability|p2a: Ogerpon|Embody Aspect (Wellspring)|boost
|-boost|p2a: Ogerpon|spd|1
|
|upkeep
|
|t:|1781401606
|switch|p1a: Deoxys|Deoxys-Speed, shiny|88/100
|-damage|p1a: Deoxys|76/100|[from] Stealth Rock
|-ability|p1a: Deoxys|Pressure
|turn|21
|
|t:|1781401613
|move|p1a: Deoxys|Thunder Wave|p2a: Ogerpon
|-status|p2a: Ogerpon|par
|cant|p2a: Ogerpon|par
|
|upkeep
|turn|22
|inactive|blah0blah1blah2 has 60 seconds left.
|
|t:|1781401631
|move|p1a: Deoxys|Psycho Boost|p2a: Ogerpon
|-damage|p2a: Ogerpon|0 fnt
|-unboost|p1a: Deoxys|spa|2
|faint|p2a: Ogerpon
|detailschange|p2: Ogerpon|Ogerpon-Wellspring, F|[silent]
|
|upkeep
|
|t:|1781401634
|switch|p2a: Scizor|Scizor, F|100/100
|turn|23
|inactive|blah0blah1blah2 has 60 seconds left.
|
|t:|1781401645
|move|p1a: Deoxys|Thunder Wave|p2a: Scizor
|-status|p2a: Scizor|par
|move|p2a: Scizor|U-turn|p1a: Deoxys
|-supereffective|p1a: Deoxys
|-damage|p1a: Deoxys|0 fnt
|faint|p1a: Deoxys
|
|t:|1781401648
|switch|p2a: Iron Treads|Iron Treads|100/100|[from] U-turn
|
|upkeep
|
|t:|1781401650
|switch|p1a: Heatran|Heatran, M, shiny|100/100
|-damage|p1a: Heatran|88/100|[from] Stealth Rock
|turn|24
|
|t:|1781401667
|-terastallize|p1a: Heatran|Bug
|move|p2a: Iron Treads|Ice Spinner|p1a: Heatran
|-damage|p1a: Heatran|63/100
|move|p1a: Heatran|Fire Blast|p2a: Iron Treads
|-supereffective|p2a: Iron Treads
|-damage|p2a: Iron Treads|0 fnt
|faint|p2a: Iron Treads
|-end|p2a: Iron Treads|Quark Drive|[silent]
|
|upkeep
|
|t:|1781401672
|switch|p2a: Scizor|Scizor, F|100/100 par
|turn|25
|
|t:|1781401680
|move|p1a: Heatran|Fire Blast|p2a: Scizor
|-supereffective|p2a: Scizor
|-damage|p2a: Scizor|0 fnt
|faint|p2a: Scizor
|
|win|Voltaris33
|raw|Voltaris33's rating: 1576 &rarr; <strong>1594</strong><br />(+18 for winning)
|raw|blah0blah1blah2's rating: 1539 &rarr; <strong>1521</strong><br />(-18 for losing)
|l|☆Voltaris33
|player|p1|
