|j|☆warning 1313
|j|☆goodgoodcush
|t:|1780910766
|gametype|singles
|player|p1|warning 1313|guitarist|1575
|player|p2|goodgoodcush|101|1480
|gen|9
|tier|[Gen 9] OU
|rated|
|rule|HP Percentage Mod: HP is shown in percentages
|rule|Endless Battle Clause: Forcing endless battles is banned
|rule|Species Clause: Limit one of each Pokémon
|rule|OHKO Clause: OHKO moves are banned
|rule|Evasion Items Clause: Evasion items are banned
|rule|Evasion Moves Clause: Evasion moves are banned
|rule|Evasion Abilities Clause: Evasion abilities are banned
|rule|Sleep Moves Clause: Sleep-inducing moves are banned
|clearpoke
|poke|p1|Iron Moth|
|poke|p1|Gliscor, F|
|poke|p1|Hatterene, F|
|poke|p1|Ogerpon-Wellspring, F|
|poke|p1|Raging Bolt|
|poke|p1|Zamazenta-*|
|poke|p2|Meowscarada, M|
|poke|p2|Froslass, F|
|poke|p2|Great Tusk|
|poke|p2|Weezing-Galar, M|
|poke|p2|Dragonite, M|
|poke|p2|Empoleon, M|
|teampreview
|
|t:|1780910828
|teamsize|p1|6
|teamsize|p2|6
|start
|switch|p1a: Zamazenta|Zamazenta|100/100
|switch|p2a: Froslass|Froslass, F|100/100
|-ability|p1a: Zamazenta|Dauntless Shield|boost
|-boost|p1a: Zamazenta|def|1
|turn|1
|
|t:|1780910833
|move|p1a: Zamazenta|Light Screen|p1a: Zamazenta
|-sidestart|p1: warning 1313|move: Light Screen
|move|p2a: Froslass|Thunder Wave|p1a: Zamazenta
|-status|p1a: Zamazenta|par
|
|upkeep
|turn|2
|
|t:|1780910841
|switch|p2a: Weezing|Weezing-Galar, M|100/100
|-ability|p2a: Weezing|Neutralizing Gas
|switch|p1a: Iron Moth|Iron Moth|100/100
|
|upkeep
|turn|3
|
|t:|1780910846
|-end|p2a: Weezing|ability: Neutralizing Gas
|switch|p2a: Empoleon|Empoleon, M|100/100
|-enditem|p1a: Iron Moth|Booster Energy
|-activate|p1a: Iron Moth|ability: Quark Drive|[fromitem]
|-start|p1a: Iron Moth|quarkdrivespe
|move|p1a: Iron Moth|Fiery Dance|p2a: Empoleon
|-crit|p2a: Empoleon
|-damage|p2a: Empoleon|59/100
|
|upkeep
|turn|4
|
|t:|1780910851
|move|p1a: Iron Moth|Fiery Dance|p2a: Empoleon
|-damage|p2a: Empoleon|31/100
|-boost|p1a: Iron Moth|spa|1
|move|p2a: Empoleon|Roar|p1a: Iron Moth
|-end|p1a: Iron Moth|Quark Drive|[silent]
|drag|p1a: Ogerpon|Ogerpon-Wellspring, F|100/100
|
|upkeep
|turn|5
|
|t:|1780910861
|move|p1a: Ogerpon|Ivy Cudgel|p2a: Empoleon|[anim] Ivy Cudgel Water
|-resisted|p2a: Empoleon
|-damage|p2a: Empoleon|0 fnt
|faint|p2a: Empoleon
|
|upkeep
|
|t:|1780910895
|switch|p2a: Weezing|Weezing-Galar, M|100/100
|-ability|p2a: Weezing|Neutralizing Gas
|turn|6
|
|t:|1780910910
|switch|p1a: Hatterene|Hatterene, F|100/100
|-end|p2a: Weezing|ability: Neutralizing Gas
|switch|p2a: Great Tusk|Great Tusk|100/100
|
|upkeep
|turn|7
|
|t:|1780910917
|-end|p2a: Great Tusk|Protosynthesis|[silent]
|switch|p2a: Weezing|Weezing-Galar, M|100/100
|-ability|p2a: Weezing|Neutralizing Gas
|move|p1a: Hatterene|Draining Kiss|p2a: Weezing
|-resisted|p2a: Weezing
|-damage|p2a: Weezing|85/100
|-damage|p1a: Hatterene|84/100|[from] item: Rocky Helmet|[of] p2a: Weezing
|
|-heal|p1a: Hatterene|90/100|[from] item: Leftovers
|upkeep
|turn|8
|
|t:|1780910922
|-end|p2a: Weezing|ability: Neutralizing Gas
|switch|p2a: Meowscarada|Meowscarada, M|100/100
|switch|p1a: Iron Moth|Iron Moth|100/100
|
|-sideend|p1: warning 1313|move: Light Screen
|upkeep
|turn|9
|
|t:|1780910929
|move|p2a: Meowscarada|Power Gem|p1a: Iron Moth
|-start|p2a: Meowscarada|typechange|Rock|[from] ability: Protean
|-supereffective|p1a: Iron Moth
|-damage|p1a: Iron Moth|17/100
|move|p1a: Iron Moth|Fiery Dance|p2a: Meowscarada
|-resisted|p2a: Meowscarada
|-damage|p2a: Meowscarada|72/100
|
|upkeep
|turn|10
|
|t:|1780910941
|-end|p1a: Iron Moth|Quark Drive|[silent]
|switch|p1a: Gliscor|Gliscor, F|100/100
|move|p2a: Meowscarada|Power Gem|p1a: Gliscor
|-damage|p1a: Gliscor|38/100
|
|-status|p1a: Gliscor|tox|[from] item: Toxic Orb
|upkeep
|turn|11
|
|t:|1780910953
|switch|p1a: Zamazenta|Zamazenta|100/100 par
|move|p2a: Meowscarada|Power Gem|p1a: Zamazenta
|-resisted|p1a: Zamazenta
|-damage|p1a: Zamazenta|82/100 par
|
|upkeep
|turn|12
|
|t:|1780910965
|switch|p2a: Weezing|Weezing-Galar, M|85/100
|-ability|p2a: Weezing|Neutralizing Gas
|move|p1a: Zamazenta|Light Screen|p1a: Zamazenta
|-sidestart|p1: warning 1313|move: Light Screen
|
|upkeep
|turn|13
|
|t:|1780910973
|move|p1a: Zamazenta|Reflect|p1a: Zamazenta
|-sidestart|p1: warning 1313|Reflect
|move|p2a: Weezing|Defog|p1a: Zamazenta
|-unboost|p1a: Zamazenta|evasion|1
|-sideend|p1: warning 1313|Reflect
|-sideend|p1: warning 1313|move: Light Screen
|
|upkeep
|turn|14
|
|t:|1780910976
|cant|p1a: Zamazenta|par
|move|p2a: Weezing|Strange Steam|p1a: Zamazenta
|-supereffective|p1a: Zamazenta
|-damage|p1a: Zamazenta|38/100 par
|-start|p1a: Zamazenta|confusion
|
|upkeep
|turn|15
|
|t:|1780910982
|-activate|p1a: Zamazenta|confusion
|move|p1a: Zamazenta|Light Screen|p1a: Zamazenta
|-sidestart|p1: warning 1313|move: Light Screen
|move|p2a: Weezing|Strange Steam|p1a: Zamazenta
|-supereffective|p1a: Zamazenta
|-damage|p1a: Zamazenta|15/100 par
|
|upkeep
|turn|16
|
|t:|1780910987
|switch|p1a: Iron Moth|Iron Moth|17/100
|move|p2a: Weezing|Defog|p1a: Iron Moth
|-unboost|p1a: Iron Moth|evasion|1
|-sideend|p1: warning 1313|move: Light Screen
|
|upkeep
|turn|17
|
|t:|1780911024
|-end|p2a: Weezing|ability: Neutralizing Gas
|switch|p2a: Great Tusk|Great Tusk|100/100
|move|p1a: Iron Moth|Fiery Dance|p2a: Great Tusk
|-damage|p2a: Great Tusk|41/100
|
|upkeep
|turn|18
|
|t:|1780911030
|move|p2a: Great Tusk|Ice Spinner|p1a: Iron Moth
|-resisted|p1a: Iron Moth
|-damage|p1a: Iron Moth|0 fnt
|faint|p1a: Iron Moth
|-end|p1a: Iron Moth|Quark Drive|[silent]
|
|upkeep
|
|t:|1780911036
|switch|p1a: Ogerpon|Ogerpon-Wellspring, F|100/100
|turn|19
|
|t:|1780911044
|move|p2a: Great Tusk|Ice Spinner|p1a: Ogerpon
|-damage|p1a: Ogerpon|63/100
|move|p1a: Ogerpon|Swords Dance|p1a: Ogerpon
|-boost|p1a: Ogerpon|atk|2
|
|upkeep
|turn|20
|
|t:|1780911049
|move|p2a: Great Tusk|Ice Spinner|p1a: Ogerpon
|-damage|p1a: Ogerpon|23/100
|move|p1a: Ogerpon|Trailblaze|p2a: Great Tusk
|-supereffective|p2a: Great Tusk
|-damage|p2a: Great Tusk|0 fnt
|-boost|p1a: Ogerpon|spe|1
|faint|p2a: Great Tusk
|-end|p2a: Great Tusk|Protosynthesis|[silent]
|
|upkeep
|
|t:|1780911053
|switch|p2a: Dragonite|Dragonite, M|100/100
|turn|21
|
|t:|1780911063
|switch|p1a: Raging Bolt|Raging Bolt|100/100
|-enditem|p1a: Raging Bolt|Booster Energy
|-activate|p1a: Raging Bolt|ability: Protosynthesis|[fromitem]
|-start|p1a: Raging Bolt|protosynthesisspa
|move|p2a: Dragonite|Extreme Speed|p1a: Raging Bolt
|-crit|p1a: Raging Bolt
|-damage|p1a: Raging Bolt|52/100
|
|upkeep
|turn|22
|
|t:|1780911079
|-terastallize|p2a: Dragonite|Normal
|move|p2a: Dragonite|Extreme Speed|p1a: Raging Bolt
|-crit|p1a: Raging Bolt
|-damage|p1a: Raging Bolt|0 fnt
|faint|p1a: Raging Bolt
|-end|p1a: Raging Bolt|Protosynthesis|[silent]
|
|upkeep
|
|t:|1780911087
|switch|p1a: Hatterene|Hatterene, F|90/100
|turn|23
|
|t:|1780911094
|switch|p2a: Meowscarada|Meowscarada, M|72/100
|move|p1a: Hatterene|Draining Kiss|p2a: Meowscarada
|-supereffective|p2a: Meowscarada
|-damage|p2a: Meowscarada|6/100
|-heal|p1a: Hatterene|100/100|[from] drain|[of] p2a: Meowscarada
|
|upkeep
|turn|24
|
|t:|1780911118
|move|p2a: Meowscarada|Dark Pulse|p1a: Hatterene
|-start|p2a: Meowscarada|typechange|Dark|[from] ability: Protean
|-damage|p1a: Hatterene|54/100
|move|p1a: Hatterene|Draining Kiss|p2a: Meowscarada
|-supereffective|p2a: Meowscarada
|-damage|p2a: Meowscarada|0 fnt
|-heal|p1a: Hatterene|58/100|[from] drain|[of] p2a: Meowscarada
|faint|p2a: Meowscarada
|
|-heal|p1a: Hatterene|64/100|[from] item: Leftovers
|upkeep
|
|t:|1780911128
|switch|p2a: Froslass|Froslass, F|100/100
|turn|25
|
|t:|1780911134
|move|p2a: Froslass|Poltergeist|p1a: Hatterene|[miss]
|-miss|p2a: Froslass|p1a: Hatterene
|move|p1a: Hatterene|Mystical Fire|p2a: Froslass
|-supereffective|p2a: Froslass
|-damage|p2a: Froslass|25/100
|-unboost|p2a: Froslass|spa|1
|
|-heal|p1a: Hatterene|70/100|[from] item: Leftovers
|upkeep
|turn|26
|
|t:|1780911140
|move|p2a: Froslass|Poltergeist|p1a: Hatterene
|-activate|p1a: Hatterene|move: Poltergeist|Leftovers
|-supereffective|p1a: Hatterene
|-damage|p1a: Hatterene|4/100
|move|p1a: Hatterene|Draining Kiss|p2a: Froslass
|-damage|p2a: Froslass|0 fnt
|-heal|p1a: Hatterene|20/100|[from] drain|[of] p2a: Froslass
|faint|p2a: Froslass
|
|-heal|p1a: Hatterene|26/100|[from] item: Leftovers
|upkeep
|
|t:|1780911155
|switch|p2a: Dragonite|Dragonite, M, tera:Normal|100/100
|turn|27
|-message|warning 1313 forfeited.
|
|win|goodgoodcush
|raw|warning 1313's rating: 1575 &rarr; <strong>1550</strong><br />(-25 for losing)
|raw|goodgoodcush's rating: 1480 &rarr; <strong>1505</strong><br />(+25 for winning)
|l|☆warning 1313
|player|p1|
|l|☆goodgoodcush
|player|p2|
