|j|☆KurisuChestnutLab
|j|☆t0nezoffun
|t:|1781148903
|gametype|singles
|player|p1|KurisuChestnutLab|may-contest|1539
|player|p2|t0nezoffun|102|1527
|gen|9
|tier|[Gen 9] OU
|rated|
|rule|HP Percentage Mod: HP is shown in percentages
|rule|Endless Battle Clause: Forcing endless battles is banned
|rule|Species Clause: Limit one of each Pokémon
|rule|OHKO Clause: OHKO moves are banned
|rule|Evasion Items Clause: Evasion items are banned
|rule|Evasion Moves Clause: Evasion moves are banned
|rule|Evasion Abilities Clause: Evasion abilities are banned
|rule|Sleep Moves Clause: Sleep-inducing moves are banned
|clearpoke
|poke|p1|Primarina, F|
|poke|p1|Hippowdon, M|
|poke|p1|Skarmory, F|
|poke|p1|Zapdos|
|poke|p1|Dragonite, F|
|poke|p1|Slowking, F|
|poke|p2|Zamazenta-*|
|poke|p2|Samurott-Hisui, M|
|poke|p2|Tornadus-Therian, M|
|poke|p2|Iron Treads|
|poke|p2|Ogerpon-Wellspring, F|
|poke|p2|Gholdengo|
|teampreview
|inactive|Battle timer is ON: inactive players will automatically lose when time's up. (requested by KurisuChestnutLab)
|
|t:|1781148913
|teamsize|p1|6
|teamsize|p2|6
|start
|switch|p1a: Zapdos|Zapdos|100/100
|switch|p2a: Tornadus|Tornadus-Therian, M|100/100
|turn|1
|
|t:|1781148920
|move|p2a: Tornadus|Knock Off|p1a: Zapdos
|-damage|p1a: Zapdos|87/100
|-enditem|p1a: Zapdos|Heavy-Duty Boots|[from] move: Knock Off|[of] p2a: Tornadus
|move|p1a: Zapdos|Volt Switch|p2a: Tornadus
|-supereffective|p2a: Tornadus
|-damage|p2a: Tornadus|61/100
|
|t:|1781148925
|switch|p1a: Primarina|Primarina, F|100/100|[from] Volt Switch
|
|upkeep
|turn|2
|
|t:|1781148931
|move|p2a: Tornadus|Knock Off|p1a: Primarina
|-resisted|p1a: Primarina
|-damage|p1a: Primarina|89/100
|-enditem|p1a: Primarina|Assault Vest|[from] move: Knock Off|[of] p2a: Tornadus
|move|p1a: Primarina|Moonblast|p2a: Tornadus
|-crit|p2a: Tornadus
|-damage|p2a: Tornadus|9/100
|-unboost|p2a: Tornadus|spa|1
|
|upkeep
|turn|3
|
|t:|1781148940
|move|p2a: Tornadus|U-turn|p1a: Primarina
|-resisted|p1a: Primarina
|-damage|p1a: Primarina|80/100
|
|t:|1781148943
|switch|p2a: Ogerpon|Ogerpon-Wellspring, F|100/100|[from] U-turn
|move|p1a: Primarina|Moonblast|p2a: Ogerpon
|-damage|p2a: Ogerpon|33/100
|-unboost|p2a: Ogerpon|spa|1
|
|upkeep
|turn|4
|
|t:|1781148952
|switch|p1a: Skarmory|Skarmory, F|100/100
|move|p2a: Ogerpon|Swords Dance|p2a: Ogerpon
|-boost|p2a: Ogerpon|atk|2
|
|upkeep
|turn|5
|
|t:|1781148957
|move|p2a: Ogerpon|Ivy Cudgel|p1a: Skarmory|[anim] Ivy Cudgel Water
|-damage|p1a: Skarmory|35/100
|move|p1a: Skarmory|Body Press|p2a: Ogerpon
|-damage|p2a: Ogerpon|0 fnt
|faint|p2a: Ogerpon
|
|-heal|p1a: Skarmory|41/100|[from] item: Leftovers
|upkeep
|
|t:|1781148967
|switch|p2a: Tornadus|Tornadus-Therian, M|42/100
|turn|6
|
|t:|1781148972
|switch|p1a: Primarina|Primarina, F|80/100
|move|p2a: Tornadus|Bleakwind Storm|p1a: Primarina
|-damage|p1a: Primarina|49/100
|
|upkeep
|turn|7
|
|t:|1781148979
|move|p2a: Tornadus|U-turn|p1a: Primarina
|-resisted|p1a: Primarina
|-damage|p1a: Primarina|40/100
|
|t:|1781148981
|switch|p2a: Gholdengo|Gholdengo|100/100|[from] U-turn
|-item|p2a: Gholdengo|Air Balloon
|move|p1a: Primarina|Surf|p2a: Gholdengo
|-damage|p2a: Gholdengo|51/100
|-enditem|p2a: Gholdengo|Air Balloon
|
|upkeep
|turn|8
|
|t:|1781148990
|switch|p1a: Dragonite|Dragonite, F|100/100
|move|p2a: Gholdengo|Thunder Wave|p1a: Dragonite
|-status|p1a: Dragonite|par
|
|upkeep
|turn|9
|
|t:|1781148997
|switch|p1a: Hippowdon|Hippowdon, M|100/100
|-weather|Sandstorm|[from] ability: Sand Stream|[of] p1a: Hippowdon
|move|p2a: Gholdengo|Hex|p1a: Hippowdon
|-damage|p1a: Hippowdon|71/100
|
|-weather|Sandstorm|[upkeep]
|-heal|p1a: Hippowdon|77/100|[from] item: Leftovers
|upkeep
|turn|10
|
|t:|1781149012
|switch|p2a: Samurott|Samurott-Hisui, M|100/100
|move|p1a: Hippowdon|Stealth Rock|p2a: Samurott
|-sidestart|p2: t0nezoffun|move: Stealth Rock
|
|-weather|Sandstorm|[upkeep]
|-damage|p2a: Samurott|94/100|[from] Sandstorm
|-heal|p1a: Hippowdon|83/100|[from] item: Leftovers
|upkeep
|turn|11
|
|t:|1781149020
|move|p2a: Samurott|Ceaseless Edge|p1a: Hippowdon
|-damage|p1a: Hippowdon|62/100
|-sidestart|p1: KurisuChestnutLab|Spikes
|move|p1a: Hippowdon|Earthquake|p2a: Samurott
|-damage|p2a: Samurott|56/100
|
|-weather|Sandstorm|[upkeep]
|-damage|p2a: Samurott|50/100|[from] Sandstorm
|-heal|p1a: Hippowdon|69/100|[from] item: Leftovers
|upkeep
|turn|12
|
|t:|1781149029
|move|p2a: Samurott|Ceaseless Edge|p1a: Hippowdon
|-damage|p1a: Hippowdon|44/100
|-sidestart|p1: KurisuChestnutLab|Spikes
|move|p1a: Hippowdon|Slack Off|p1a: Hippowdon
|-heal|p1a: Hippowdon|94/100
|
|-weather|Sandstorm|[upkeep]
|-damage|p2a: Samurott|43/100|[from] Sandstorm
|-heal|p1a: Hippowdon|100/100|[from] item: Leftovers
|upkeep
|turn|13
|
|t:|1781149039
|move|p2a: Samurott|Razor Shell|p1a: Hippowdon
|-supereffective|p1a: Hippowdon
|-damage|p1a: Hippowdon|49/100
|move|p1a: Hippowdon|Earthquake|p2a: Samurott
|-damage|p2a: Samurott|0 fnt
|faint|p2a: Samurott
|
|-weather|none
|-heal|p1a: Hippowdon|55/100|[from] item: Leftovers
|upkeep
|
|t:|1781149048
|switch|p2a: Iron Treads|Iron Treads|100/100
|turn|14
|
|t:|1781149051
|move|p2a: Iron Treads|Stealth Rock|p1a: Hippowdon
|-sidestart|p1: KurisuChestnutLab|move: Stealth Rock
|move|p1a: Hippowdon|Earthquake|p2a: Iron Treads
|-supereffective|p2a: Iron Treads
|-damage|p2a: Iron Treads|25/100
|
|-heal|p1a: Hippowdon|61/100|[from] item: Leftovers
|upkeep
|turn|15
|
|t:|1781149059
|move|p2a: Iron Treads|Rapid Spin|p1a: Hippowdon
|-damage|p1a: Hippowdon|53/100
|-boost|p2a: Iron Treads|spe|1
|-sideend|p2: t0nezoffun|Stealth Rock|[from] move: Rapid Spin|[of] p2a: Iron Treads
|move|p1a: Hippowdon|Slack Off|p1a: Hippowdon
|-heal|p1a: Hippowdon|100/100
|
|upkeep
|turn|16
|
|t:|1781149066
|move|p2a: Iron Treads|Knock Off|p1a: Hippowdon
|-damage|p1a: Hippowdon|83/100
|-enditem|p1a: Hippowdon|Leftovers|[from] move: Knock Off|[of] p2a: Iron Treads
|move|p1a: Hippowdon|Stealth Rock|p2a: Iron Treads
|-sidestart|p2: t0nezoffun|move: Stealth Rock
|
|upkeep
|turn|17
|
|t:|1781149072
|move|p2a: Iron Treads|Rapid Spin|p1a: Hippowdon
|-damage|p1a: Hippowdon|75/100
|-boost|p2a: Iron Treads|spe|1
|-sideend|p2: t0nezoffun|Stealth Rock|[from] move: Rapid Spin|[of] p2a: Iron Treads
|move|p1a: Hippowdon|Slack Off|p1a: Hippowdon
|-heal|p1a: Hippowdon|100/100
|
|upkeep
|turn|18
|
|t:|1781149080
|-end|p2a: Iron Treads|Quark Drive|[silent]
|switch|p2a: Tornadus|Tornadus-Therian, M|75/100
|move|p1a: Hippowdon|Stealth Rock|p2a: Tornadus
|-sidestart|p2: t0nezoffun|move: Stealth Rock
|
|upkeep
|turn|19
|
|t:|1781149086
|switch|p1a: Zapdos|Zapdos|87/100
|-damage|p1a: Zapdos|62/100|[from] Stealth Rock
|move|p2a: Tornadus|Icy Wind|p1a: Zapdos
|-supereffective|p1a: Zapdos
|-damage|p1a: Zapdos|34/100
|-unboost|p1a: Zapdos|spe|1
|
|upkeep
|turn|20
|
|t:|1781149095
|move|p2a: Tornadus|Icy Wind|p1a: Zapdos
|-supereffective|p1a: Zapdos
|-damage|p1a: Zapdos|5/100
|-unboost|p1a: Zapdos|spe|1
|move|p1a: Zapdos|Roost|p1a: Zapdos
|-heal|p1a: Zapdos|56/100
|-singleturn|p1a: Zapdos|move: Roost
|
|upkeep
|turn|21
|
|t:|1781149104
|switch|p2a: Iron Treads|Iron Treads|25/100
|move|p1a: Zapdos|Roost|p1a: Zapdos
|-heal|p1a: Zapdos|100/100
|-singleturn|p1a: Zapdos|move: Roost
|
|upkeep
|turn|22
|
|t:|1781149111
|move|p2a: Iron Treads|Rapid Spin|p1a: Zapdos
|-damage|p1a: Zapdos|88/100
|-boost|p2a: Iron Treads|spe|1
|-sideend|p2: t0nezoffun|Stealth Rock|[from] move: Rapid Spin|[of] p2a: Iron Treads
|move|p1a: Zapdos|Heat Wave|p2a: Iron Treads
|-supereffective|p2a: Iron Treads
|-damage|p2a: Iron Treads|0 fnt
|faint|p2a: Iron Treads
|-end|p2a: Iron Treads|Quark Drive|[silent]
|
|upkeep
|
|t:|1781149120
|switch|p2a: Zamazenta|Zamazenta|100/100
|-ability|p2a: Zamazenta|Dauntless Shield|boost
|-boost|p2a: Zamazenta|def|1
|turn|23
|
|t:|1781149133
|-terastallize|p2a: Zamazenta|Fire
|move|p2a: Zamazenta|Iron Defense|p2a: Zamazenta
|-boost|p2a: Zamazenta|def|2
|move|p1a: Zapdos|Hurricane|p2a: Zamazenta|[miss]
|-miss|p1a: Zapdos|p2a: Zamazenta
|
|upkeep
|turn|24
|
|t:|1781149140
|move|p1a: Zapdos|Hurricane|p2a: Zamazenta
|-damage|p2a: Zamazenta|67/100
|-start|p2a: Zamazenta|confusion
|-activate|p2a: Zamazenta|confusion
|-damage|p2a: Zamazenta|64/100|[from] confusion
|
|-heal|p2a: Zamazenta|70/100|[from] item: Leftovers
|upkeep
|turn|25
|
|t:|1781149149
|move|p1a: Zapdos|Hurricane|p2a: Zamazenta
|-damage|p2a: Zamazenta|33/100
|-activate|p2a: Zamazenta|confusion
|move|p2a: Zamazenta|Roar|p1a: Zapdos
|drag|p1a: Hippowdon|Hippowdon, M|100/100
|-damage|p1a: Hippowdon|84/100|[from] Spikes
|-damage|p1a: Hippowdon|78/100|[from] Stealth Rock
|-weather|Sandstorm|[from] ability: Sand Stream|[of] p1a: Hippowdon
|
|-weather|Sandstorm|[upkeep]
|-damage|p2a: Zamazenta|27/100|[from] Sandstorm
|-heal|p2a: Zamazenta|33/100|[from] item: Leftovers
|upkeep
|turn|26
|
|t:|1781149161
|-activate|p2a: Zamazenta|confusion
|-damage|p2a: Zamazenta|30/100|[from] confusion
|move|p1a: Hippowdon|Stealth Rock|p2a: Zamazenta
|-sidestart|p2: t0nezoffun|move: Stealth Rock
|
|-weather|Sandstorm|[upkeep]
|-damage|p2a: Zamazenta|24/100|[from] Sandstorm
|-heal|p2a: Zamazenta|30/100|[from] item: Leftovers
|upkeep
|turn|27
|
|t:|1781149170
|-end|p2a: Zamazenta|confusion
|move|p2a: Zamazenta|Body Press|p1a: Hippowdon
|-damage|p1a: Hippowdon|37/100
|move|p1a: Hippowdon|Slack Off|p1a: Hippowdon
|-heal|p1a: Hippowdon|87/100
|
|-weather|Sandstorm|[upkeep]
|-damage|p2a: Zamazenta|24/100|[from] Sandstorm
|-heal|p2a: Zamazenta|30/100|[from] item: Leftovers
|upkeep
|turn|28
|
|t:|1781149179
|move|p2a: Zamazenta|Body Press|p1a: Hippowdon
|-damage|p1a: Hippowdon|41/100
|move|p1a: Hippowdon|Slack Off|p1a: Hippowdon
|-heal|p1a: Hippowdon|91/100
|
|-weather|Sandstorm|[upkeep]
|-damage|p2a: Zamazenta|24/100|[from] Sandstorm
|-heal|p2a: Zamazenta|30/100|[from] item: Leftovers
|upkeep
|turn|29
|
|t:|1781149189
|move|p2a: Zamazenta|Body Press|p1a: Hippowdon
|-damage|p1a: Hippowdon|46/100
|move|p1a: Hippowdon|Whirlwind|p2a: Zamazenta
|drag|p2a: Tornadus|Tornadus-Therian, M|100/100
|-damage|p2a: Tornadus|76/100|[from] Stealth Rock
|
|-weather|none
|upkeep
|turn|30
|
|t:|1781149198
|move|p2a: Tornadus|Bleakwind Storm|p1a: Hippowdon
|-damage|p1a: Hippowdon|4/100
|-unboost|p1a: Hippowdon|spe|1
|move|p1a: Hippowdon|Slack Off|p1a: Hippowdon
|-heal|p1a: Hippowdon|54/100
|
|upkeep
|turn|31
|
|t:|1781149205
|move|p2a: Tornadus|Icy Wind|p1a: Hippowdon
|-supereffective|p1a: Hippowdon
|-damage|p1a: Hippowdon|23/100
|-unboost|p1a: Hippowdon|spe|1
|move|p1a: Hippowdon|Slack Off|p1a: Hippowdon
|-heal|p1a: Hippowdon|73/100
|
|upkeep
|turn|32
|
|t:|1781149212
|move|p2a: Tornadus|Bleakwind Storm|p1a: Hippowdon
|-damage|p1a: Hippowdon|32/100
|move|p1a: Hippowdon|Slack Off|p1a: Hippowdon
|-heal|p1a: Hippowdon|82/100
|
|upkeep
|turn|33
|
|t:|1781149218
|switch|p1a: Zapdos|Zapdos|88/100
|-damage|p1a: Zapdos|64/100|[from] Stealth Rock
|move|p2a: Tornadus|Bleakwind Storm|p1a: Zapdos|[miss]
|-miss|p2a: Tornadus|p1a: Zapdos
|
|upkeep
|turn|34
|
|t:|1781149228
|move|p2a: Tornadus|Icy Wind|p1a: Zapdos
|-supereffective|p1a: Zapdos
|-damage|p1a: Zapdos|37/100
|-unboost|p1a: Zapdos|spe|1
|move|p1a: Zapdos|Roost|p1a: Zapdos
|-heal|p1a: Zapdos|87/100
|-singleturn|p1a: Zapdos|move: Roost
|
|upkeep
|turn|35
|
|t:|1781149237
|move|p2a: Tornadus|Icy Wind|p1a: Zapdos
|-supereffective|p1a: Zapdos
|-damage|p1a: Zapdos|61/100
|-unboost|p1a: Zapdos|spe|1
|move|p1a: Zapdos|Volt Switch|p2a: Tornadus
|-supereffective|p2a: Tornadus
|-damage|p2a: Tornadus|34/100
|
|t:|1781149241
|switch|p1a: Dragonite|Dragonite, F|100/100 par|[from] Volt Switch
|
|upkeep
|turn|36
|
|t:|1781149247
|move|p1a: Dragonite|Extreme Speed|p2a: Tornadus
|-crit|p2a: Tornadus
|-damage|p2a: Tornadus|0 fnt
|faint|p2a: Tornadus
|
|upkeep
|-message|t0nezoffun forfeited.
|
|win|KurisuChestnutLab
|raw|KurisuChestnutLab's rating: 1540 &rarr; <strong>1559</strong><br />(+19 for winning)
|raw|t0nezoffun's rating: 1527 &rarr; <strong>1508</strong><br />(-19 for losing)
|l|☆t0nezoffun
|player|p2|
