|j|☆I'm evil and spicy
|j|☆KurisuChestnutOU
|t:|1781168860
|gametype|singles
|player|p1|I'm evil and spicy|169|1560
|player|p2|KurisuChestnutOU|may-contest|1596
|gen|9
|tier|[Gen 9] OU
|rated|
|rule|HP Percentage Mod: HP is shown in percentages
|rule|Endless Battle Clause: Forcing endless battles is banned
|rule|Species Clause: Limit one of each Pokémon
|rule|OHKO Clause: OHKO moves are banned
|rule|Evasion Items Clause: Evasion items are banned
|rule|Evasion Moves Clause: Evasion moves are banned
|rule|Evasion Abilities Clause: Evasion abilities are banned
|rule|Sleep Moves Clause: Sleep-inducing moves are banned
|clearpoke
|poke|p1|Enamorus, F|
|poke|p1|Zamazenta-*|
|poke|p1|Ceruledge, F|
|poke|p1|Iron Treads|
|poke|p1|Darkrai|
|poke|p1|Ogerpon-Wellspring, F|
|poke|p2|Zamazenta-*|
|poke|p2|Zapdos|
|poke|p2|Garganacl, M|
|poke|p2|Clefable, M|
|poke|p2|Samurott-Hisui, M|
|poke|p2|Gholdengo|
|teampreview
|inactive|Battle timer is ON: inactive players will automatically lose when time's up. (requested by KurisuChestnutOU)
|
|t:|1781168880
|teamsize|p1|6
|teamsize|p2|6
|start
|switch|p1a: Enamorus|Enamorus, F|100/100
|switch|p2a: Garganacl|Garganacl, M|100/100
|turn|1
|inactive|I'm evil and spicy has 120 seconds left.
|
|t:|1781168918
|switch|p1a: Zamazenta|Zamazenta|100/100
|-ability|p1a: Zamazenta|Dauntless Shield|boost
|-boost|p1a: Zamazenta|def|1
|move|p2a: Garganacl|Stealth Rock|p1a: Zamazenta
|-sidestart|p1: I'm evil and spicy|move: Stealth Rock
|
|upkeep
|turn|2
|inactive|I'm evil and spicy has 120 seconds left.
|
|t:|1781168924
|switch|p2a: Gholdengo|Gholdengo|100/100
|move|p1a: Zamazenta|Reflect|p1a: Zamazenta
|-sidestart|p1: I'm evil and spicy|Reflect
|
|upkeep
|turn|3
|
|t:|1781168933
|move|p2a: Gholdengo|Shadow Ball|p1a: Zamazenta
|-damage|p1a: Zamazenta|65/100
|move|p1a: Zamazenta|Light Screen|p1a: Zamazenta
|-sidestart|p1: I'm evil and spicy|move: Light Screen
|
|upkeep
|turn|4
|
|t:|1781168946
|switch|p1a: Darkrai|Darkrai|100/100
|-damage|p1a: Darkrai|88/100|[from] Stealth Rock
|move|p2a: Gholdengo|Shadow Ball|p1a: Darkrai
|-resisted|p1a: Darkrai
|-damage|p1a: Darkrai|73/100
|-unboost|p1a: Darkrai|spd|1
|
|-heal|p1a: Darkrai|79/100|[from] item: Leftovers
|upkeep
|turn|5
|
|t:|1781168952
|switch|p2a: Zamazenta|Zamazenta|100/100
|-ability|p2a: Zamazenta|Dauntless Shield|boost
|-boost|p2a: Zamazenta|def|1
|move|p1a: Darkrai|Nasty Plot|p1a: Darkrai
|-boost|p1a: Darkrai|spa|2
|
|-heal|p1a: Darkrai|85/100|[from] item: Leftovers
|upkeep
|turn|6
|
|t:|1781168962
|switch|p1a: Enamorus|Enamorus, F|100/100
|-damage|p1a: Enamorus|76/100|[from] Stealth Rock
|move|p2a: Zamazenta|Roar|p1a: Enamorus
|drag|p1a: Darkrai|Darkrai|85/100
|-damage|p1a: Darkrai|72/100|[from] Stealth Rock
|
|-heal|p1a: Darkrai|78/100|[from] item: Leftovers
|upkeep
|turn|7
|
|t:|1781168970
|switch|p1a: Ceruledge|Ceruledge, F|100/100
|-damage|p1a: Ceruledge|76/100|[from] Stealth Rock
|move|p2a: Zamazenta|Body Press|p1a: Ceruledge
|-immune|p1a: Ceruledge
|
|upkeep
|turn|8
|
|t:|1781168977
|move|p2a: Zamazenta|Iron Defense|p2a: Zamazenta
|-boost|p2a: Zamazenta|def|2
|move|p1a: Ceruledge|Taunt|p2a: Zamazenta
|-start|p2a: Zamazenta|move: Taunt
|
|upkeep
|turn|9
|
|t:|1781168981
|move|p2a: Zamazenta|Crunch|p1a: Ceruledge
|-supereffective|p1a: Ceruledge
|-damage|p1a: Ceruledge|49/100
|move|p1a: Ceruledge|Bulk Up|p1a: Ceruledge
|-boost|p1a: Ceruledge|atk|1
|-boost|p1a: Ceruledge|def|1
|
|-sideend|p1: I'm evil and spicy|Reflect
|upkeep
|turn|10
|
|t:|1781168997
|-terastallize|p1a: Ceruledge|Bug
|move|p2a: Zamazenta|Crunch|p1a: Ceruledge
|-damage|p1a: Ceruledge|32/100
|move|p1a: Ceruledge|Bulk Up|p1a: Ceruledge
|-boost|p1a: Ceruledge|atk|1
|-boost|p1a: Ceruledge|def|1
|
|-sideend|p1: I'm evil and spicy|move: Light Screen
|upkeep
|turn|11
|
|t:|1781169002
|move|p2a: Zamazenta|Crunch|p1a: Ceruledge
|-damage|p1a: Ceruledge|20/100
|move|p1a: Ceruledge|Bitter Blade|p2a: Zamazenta
|-damage|p2a: Zamazenta|76/100
|-heal|p1a: Ceruledge|34/100|[from] drain|[of] p2a: Zamazenta
|
|-heal|p2a: Zamazenta|82/100|[from] item: Leftovers
|-end|p2a: Zamazenta|move: Taunt
|upkeep
|turn|12
|inactive|KurisuChestnutOU has 120 seconds left.
|inactive|KurisuChestnutOU has 90 seconds left.
|inactive|KurisuChestnutOU has 60 seconds left.
|inactive|KurisuChestnutOU has 30 seconds left.
|inactive|KurisuChestnutOU has 20 seconds left.
|inactive|KurisuChestnutOU has 15 seconds left.
|inactive|KurisuChestnutOU has 10 seconds left.
|inactive|KurisuChestnutOU has 5 seconds left.
|-message|KurisuChestnutOU lost due to inactivity.
|
|win|I'm evil and spicy
|raw|I&apos;m evil and spicy's rating: 1560 &rarr; <strong>1580</strong><br />(+20 for winning)
|raw|KurisuChestnutOU's rating: 1552 &rarr; <strong>1532</strong><br />(-20 for losing)
