|j|☆blip_exists
|j|☆DuckyBro
|t:|1781113404
|gametype|singles
|player|p1|blip_exists|colress|1576
|player|p2|DuckyBro|dragontamer|1575
|gen|9
|tier|[Gen 9] OU
|rated|
|rule|HP Percentage Mod: HP is shown in percentages
|rule|Endless Battle Clause: Forcing endless battles is banned
|rule|Species Clause: Limit one of each Pokémon
|rule|OHKO Clause: OHKO moves are banned
|rule|Evasion Items Clause: Evasion items are banned
|rule|Evasion Moves Clause: Evasion moves are banned
|rule|Evasion Abilities Clause: Evasion abilities are banned
|rule|Sleep Moves Clause: Sleep-inducing moves are banned
|clearpoke
|poke|p1|Corviknight, F|
|poke|p1|Clefable, M|
|poke|p1|Alomomola, M|
|poke|p1|Clodsire, M|
|poke|p1|Toxapex, F|
|poke|p1|Quagsire, M|
|poke|p2|Cinderace, M|
|poke|p2|Dondozo, F|
|poke|p2|Zapdos|
|poke|p2|Garchomp, F|
|poke|p2|Kyurem|
|poke|p2|Volcanion|
|teampreview
|j| mono_8427109
|j| SigmaWolf67
|l| SigmaWolf67
|
|t:|1781113448
|teamsize|p1|6
|teamsize|p2|6
|start
|switch|p1a: Clodsire|Clodsire, M|100/100
|switch|p2a: Zapdos|Zapdos|100/100
|turn|1
|
|t:|1781113454
|move|p2a: Zapdos|Hurricane|p1a: Clodsire|[miss]
|-miss|p2a: Zapdos|p1a: Clodsire
|move|p1a: Clodsire|Toxic|p2a: Zapdos
|-status|p2a: Zapdos|tox
|
|-damage|p2a: Zapdos|94/100 tox|[from] psn
|upkeep
|turn|2
|
|t:|1781113464
|move|p2a: Zapdos|Hurricane|p1a: Clodsire
|-damage|p1a: Clodsire|52/100
|move|p1a: Clodsire|Spikes|p2a: Zapdos
|-sidestart|p2: DuckyBro|Spikes
|
|-damage|p2a: Zapdos|82/100 tox|[from] psn
|upkeep
|turn|3
|
|t:|1781113468
|-terastallize|p2a: Zapdos|Flying
|move|p2a: Zapdos|Hurricane|p1a: Clodsire
|-damage|p1a: Clodsire|0 fnt
|faint|p1a: Clodsire
|
|-damage|p2a: Zapdos|63/100 tox|[from] psn
|upkeep
|
|t:|1781113472
|switch|p1a: Alomomola|Alomomola, M|100/100
|turn|4
|
|t:|1781113476
|switch|p2a: Volcanion|Volcanion|100/100
|-damage|p2a: Volcanion|88/100|[from] Spikes
|move|p1a: Alomomola|Wish|p1a: Alomomola
|
|upkeep
|turn|5
|
|t:|1781113485
|move|p2a: Volcanion|Scorching Sands|p1a: Alomomola
|-crit|p1a: Alomomola
|-damage|p1a: Alomomola|66/100
|move|p1a: Alomomola|Flip Turn|p2a: Volcanion
|-heal|p2a: Volcanion|100/100|[from] ability: Water Absorb|[of] p1a: Alomomola
|
|-heal|p1a: Alomomola|100/100|[from] move: Wish|[wisher] Alomomola
|upkeep
|turn|6
|
|t:|1781113496
|move|p2a: Volcanion|Fire Blast|p1a: Alomomola
|-resisted|p1a: Alomomola
|-crit|p1a: Alomomola
|-damage|p1a: Alomomola|61/100
|move|p1a: Alomomola|Mirror Coat|p2a: Volcanion
|-damage|p2a: Volcanion|0 fnt
|faint|p2a: Volcanion
|
|upkeep
|
|t:|1781113499
|switch|p2a: Zapdos|Zapdos, tera:Flying|63/100 tox
|turn|7
|
|t:|1781113501
|move|p1a: Alomomola|Protect|p1a: Alomomola
|-singleturn|p1a: Alomomola|Protect
|move|p2a: Zapdos|Hurricane|p1a: Alomomola
|-activate|p1a: Alomomola|move: Protect
|
|-damage|p2a: Zapdos|57/100 tox|[from] psn
|upkeep
|turn|8
|
|t:|1781113504
|switch|p1a: Toxapex|Toxapex, F|100/100
|move|p2a: Zapdos|Hurricane|p1a: Toxapex|[miss]
|-miss|p2a: Zapdos|p1a: Toxapex
|
|-damage|p2a: Zapdos|44/100 tox|[from] psn
|upkeep
|turn|9
|j| KangkongNation
|
|t:|1781113508
|move|p2a: Zapdos|Hurricane|p1a: Toxapex
|-damage|p1a: Toxapex|7/100
|move|p1a: Toxapex|Recover|p1a: Toxapex
|-heal|p1a: Toxapex|58/100
|
|-damage|p2a: Zapdos|26/100 tox|[from] psn
|upkeep
|turn|10
|
|t:|1781113511
|switch|p1a: Alomomola|Alomomola, M|95/100
|move|p2a: Zapdos|Hurricane|p1a: Alomomola
|-damage|p1a: Alomomola|0 fnt
|faint|p1a: Alomomola
|
|-damage|p2a: Zapdos|1/100 tox|[from] psn
|upkeep
|
|t:|1781113514
|switch|p1a: Toxapex|Toxapex, F|91/100
|turn|11
|inactive|Battle timer is ON: inactive players will automatically lose when time's up. (requested by blip_exists)
|
|t:|1781113520
|switch|p2a: Garchomp|Garchomp, F|100/100
|-damage|p2a: Garchomp|88/100|[from] Spikes
|move|p1a: Toxapex|Recover|p1a: Toxapex
|-heal|p1a: Toxapex|100/100
|
|upkeep
|turn|12
|
|t:|1781113522
|switch|p1a: Corviknight|Corviknight, F|100/100
|-ability|p1a: Corviknight|Pressure
|move|p2a: Garchomp|Swords Dance|p2a: Garchomp
|-boost|p2a: Garchomp|atk|2
|
|upkeep
|turn|13
|l| KangkongNation
|
|t:|1781113525
|move|p2a: Garchomp|Scale Shot|p1a: Corviknight
|-resisted|p1a: Corviknight
|-damage|p1a: Corviknight|91/100
|-resisted|p1a: Corviknight
|-damage|p1a: Corviknight|81/100
|-resisted|p1a: Corviknight
|-damage|p1a: Corviknight|71/100
|-resisted|p1a: Corviknight
|-damage|p1a: Corviknight|62/100
|-hitcount|p1a: Corviknight|4
|-unboost|p2a: Garchomp|def|1
|-boost|p2a: Garchomp|spe|1
|move|p1a: Corviknight|Iron Defense|p1a: Corviknight
|-boost|p1a: Corviknight|def|2
|
|upkeep
|turn|14
|
|t:|1781113529
|switch|p2a: Zapdos|Zapdos, tera:Flying|1/100 tox
|move|p1a: Corviknight|Roost|p1a: Corviknight
|-heal|p1a: Corviknight|100/100
|-singleturn|p1a: Corviknight|move: Roost
|
|-damage|p2a: Zapdos|0 fnt|[from] psn
|faint|p2a: Zapdos
|upkeep
|
|t:|1781113536
|switch|p2a: Kyurem|Kyurem|100/100
|-damage|p2a: Kyurem|88/100|[from] Spikes
|-ability|p2a: Kyurem|Pressure
|turn|15
|
|t:|1781113538
|switch|p1a: Clefable|Clefable, M|100/100
|move|p2a: Kyurem|Freeze-Dry|p1a: Clefable
|-damage|p1a: Clefable|61/100
|
|-heal|p1a: Clefable|68/100|[from] item: Leftovers
|upkeep
|turn|16
|
|t:|1781113542
|switch|p2a: Garchomp|Garchomp, F|88/100
|-damage|p2a: Garchomp|76/100|[from] Spikes
|move|p1a: Clefable|Knock Off|p2a: Garchomp
|-damage|p2a: Garchomp|60/100
|-activate|p2a: Garchomp|ability: Rough Skin
|-enditem|p2a: Garchomp|Loaded Dice|[from] move: Knock Off|[of] p1a: Clefable
|
|-heal|p1a: Clefable|74/100|[from] item: Leftovers
|upkeep
|turn|17
|
|t:|1781113548
|switch|p2a: Cinderace|Cinderace, M|100/100
|switch|p1a: Corviknight|Corviknight, F|100/100
|-ability|p1a: Corviknight|Pressure
|
|upkeep
|turn|18
|
|t:|1781113550
|switch|p1a: Toxapex|Toxapex, F|100/100
|move|p2a: Cinderace|Pyro Ball|p1a: Toxapex
|-resisted|p1a: Toxapex
|-damage|p1a: Toxapex|83/100
|
|upkeep
|turn|19
|
|t:|1781113553
|move|p2a: Cinderace|Court Change|p2a: Cinderace
|-start|p2a: Cinderace|typechange|Normal|[from] ability: Libero
|-swapsideconditions
|-activate|p2a: Cinderace|move: Court Change
|move|p1a: Toxapex|Toxic|p2a: Cinderace
|-status|p2a: Cinderace|tox
|
|-damage|p2a: Cinderace|95/100 tox|[from] psn
|upkeep
|turn|20
|
|t:|1781113555
|switch|p2a: Garchomp|Garchomp, F|60/100
|move|p1a: Toxapex|Toxic|p2a: Garchomp
|-status|p2a: Garchomp|tox
|
|-damage|p2a: Garchomp|54/100 tox|[from] psn
|upkeep
|turn|21
|
|t:|1781113558
|switch|p1a: Corviknight|Corviknight, F|100/100
|-ability|p1a: Corviknight|Pressure
|move|p2a: Garchomp|Swords Dance|p2a: Garchomp
|-boost|p2a: Garchomp|atk|2
|
|-damage|p2a: Garchomp|42/100 tox|[from] psn
|upkeep
|turn|22
|
|t:|1781113561
|switch|p2a: Kyurem|Kyurem|88/100
|-ability|p2a: Kyurem|Pressure
|move|p1a: Corviknight|Iron Defense|p1a: Corviknight
|-boost|p1a: Corviknight|def|2
|
|upkeep
|turn|23
|
|t:|1781113563
|move|p2a: Kyurem|Flash Cannon|p1a: Corviknight
|-resisted|p1a: Corviknight
|-damage|p1a: Corviknight|79/100
|move|p1a: Corviknight|Body Press|p2a: Kyurem
|-supereffective|p2a: Kyurem
|-damage|p2a: Kyurem|0 fnt
|faint|p2a: Kyurem
|
|upkeep
|
|t:|1781113566
|switch|p2a: Cinderace|Cinderace, M|95/100 tox
|turn|24
|
|t:|1781113569
|switch|p1a: Toxapex|Toxapex, F|100/100
|move|p2a: Cinderace|Pyro Ball|p1a: Toxapex
|-resisted|p1a: Toxapex
|-damage|p1a: Toxapex|84/100
|
|-damage|p2a: Cinderace|89/100 tox|[from] psn
|upkeep
|turn|25
|
|t:|1781113571
|switch|p2a: Dondozo|Dondozo, F|100/100
|move|p1a: Toxapex|Toxic|p2a: Dondozo
|-status|p2a: Dondozo|tox
|
|-damage|p2a: Dondozo|94/100 tox|[from] psn
|upkeep
|turn|26
|
|t:|1781113574
|switch|p1a: Quagsire|Quagsire, M|100/100
|move|p2a: Dondozo|Curse|p2a: Dondozo
|-unboost|p2a: Dondozo|spe|1
|-boost|p2a: Dondozo|atk|1
|-boost|p2a: Dondozo|def|1
|
|-damage|p2a: Dondozo|82/100 tox|[from] psn
|upkeep
|turn|27
|
|t:|1781113576
|switch|p2a: Garchomp|Garchomp, F|42/100 tox
|move|p1a: Quagsire|Stealth Rock|p2a: Garchomp
|-sidestart|p2: DuckyBro|move: Stealth Rock
|
|-damage|p2a: Garchomp|36/100 tox|[from] psn
|upkeep
|turn|28
|-message|DuckyBro forfeited.
|
|win|blip_exists
|raw|blip_exists's rating: 1576 &rarr; <strong>1596</strong><br />(+20 for winning)
|raw|DuckyBro's rating: 1575 &rarr; <strong>1555</strong><br />(-20 for losing)
|l|☆DuckyBro
|player|p2|
|l|☆blip_exists
|player|p1|
|l| mono_8427109
