|j|☆LowEL0God
|j|☆cachowcapow
|t:|1781522374
|gametype|singles
|player|p1|LowEL0God|265|1681
|player|p2|cachowcapow|101|1652
|gen|9
|tier|[Gen 9] OU
|rated|
|rule|HP Percentage Mod: HP is shown in percentages
|rule|Endless Battle Clause: Forcing endless battles is banned
|rule|Species Clause: Limit one of each Pokémon
|rule|OHKO Clause: OHKO moves are banned
|rule|Evasion Items Clause: Evasion items are banned
|rule|Evasion Moves Clause: Evasion moves are banned
|rule|Evasion Abilities Clause: Evasion abilities are banned
|rule|Sleep Moves Clause: Sleep-inducing moves are banned
|clearpoke
|poke|p1|Pelipper, F|
|poke|p1|Raging Bolt|
|poke|p1|Overqwil, M|
|poke|p1|Barraskewda, M|
|poke|p1|Iron Treads|
|poke|p1|Kingambit, M|
|poke|p2|Tornadus-Therian, M|
|poke|p2|Slowking-Galar, F|
|poke|p2|Cinderace, F|
|poke|p2|Iron Treads|
|poke|p2|Alomomola, F|
|poke|p2|Kyurem|
|teampreview
|c|☆LowEL0God|hf
|inactive|Battle timer is ON: inactive players will automatically lose when time's up. (requested by LowEL0God)
|c|☆cachowcapow|u2
|
|t:|1781522383
|teamsize|p1|6
|teamsize|p2|6
|start
|switch|p1a: Kingambit|Kingambit, M|100/100
|switch|p2a: Iron Treads|Iron Treads|100/100
|turn|1
|
|t:|1781522389
|move|p2a: Iron Treads|Earth Power|p1a: Kingambit
|-supereffective|p1a: Kingambit
|-damage|p1a: Kingambit|28/100
|move|p1a: Kingambit|Swords Dance|p1a: Kingambit
|-boost|p1a: Kingambit|atk|2
|
|-heal|p1a: Kingambit|34/100|[from] item: Leftovers
|upkeep
|turn|2
|
|t:|1781522394
|move|p1a: Kingambit|Sucker Punch|p2a: Iron Treads
|-damage|p2a: Iron Treads|26/100
|move|p2a: Iron Treads|Earth Power|p1a: Kingambit
|-supereffective|p1a: Kingambit
|-damage|p1a: Kingambit|0 fnt
|faint|p1a: Kingambit
|-end|p1a: Kingambit|fallenundefined|[silent]
|
|upkeep
|
|t:|1781522394
|switch|p1a: Barraskewda|Barraskewda, M|100/100
|turn|3
|
|t:|1781522398
|-end|p2a: Iron Treads|Quark Drive|[silent]
|switch|p2a: Slowking|Slowking-Galar, F|100/100
|move|p1a: Barraskewda|Liquidation|p2a: Slowking
|-damage|p2a: Slowking|43/100
|-damage|p1a: Barraskewda|84/100|[from] item: Rocky Helmet|[of] p2a: Slowking
|
|upkeep
|turn|4
|
|t:|1781522400
|switch|p1a: Iron Treads|Iron Treads|100/100
|-enditem|p1a: Iron Treads|Booster Energy
|-activate|p1a: Iron Treads|ability: Quark Drive|[fromitem]
|-start|p1a: Iron Treads|quarkdrivespe
|switch|p2a: Alomomola|Alomomola, F|100/100
|
|upkeep
|turn|5
|
|t:|1781522407
|move|p1a: Iron Treads|Stealth Rock|p2a: Alomomola
|-sidestart|p2: cachowcapow|move: Stealth Rock
|move|p2a: Alomomola|Wish|p2a: Alomomola
|
|upkeep
|turn|6
|
|t:|1781522409
|-end|p1a: Iron Treads|Quark Drive|[silent]
|switch|p1a: Pelipper|Pelipper, F|100/100
|-weather|RainDance|[from] ability: Drizzle|[of] p1a: Pelipper
|move|p2a: Alomomola|Flip Turn|p1a: Pelipper
|-resisted|p1a: Pelipper
|-damage|p1a: Pelipper|92/100
|
|t:|1781522411
|switch|p2a: Iron Treads|Iron Treads|26/100|[from] Flip Turn
|-damage|p2a: Iron Treads|23/100|[from] Stealth Rock
|
|-weather|RainDance|[upkeep]
|-heal|p2a: Iron Treads|99/100|[from] move: Wish|[wisher] Alomomola
|upkeep
|turn|7
|
|t:|1781522413
|-terastallize|p1a: Pelipper|Ground
|move|p2a: Iron Treads|Volt Switch|p1a: Pelipper
|-immune|p1a: Pelipper
|move|p1a: Pelipper|Weather Ball|p2a: Iron Treads
|-supereffective|p2a: Iron Treads
|-damage|p2a: Iron Treads|0 fnt
|faint|p2a: Iron Treads
|-end|p2a: Iron Treads|Quark Drive|[silent]
|
|-weather|RainDance|[upkeep]
|upkeep
|
|t:|1781522422
|switch|p2a: Alomomola|Alomomola, F|100/100
|turn|8
|
|t:|1781522424
|switch|p1a: Raging Bolt|Raging Bolt|100/100
|-enditem|p1a: Raging Bolt|Booster Energy
|-activate|p1a: Raging Bolt|ability: Protosynthesis|[fromitem]
|-start|p1a: Raging Bolt|protosynthesisspa
|move|p2a: Alomomola|Flip Turn|p1a: Raging Bolt
|-resisted|p1a: Raging Bolt
|-damage|p1a: Raging Bolt|89/100
|
|t:|1781522430
|switch|p2a: Kyurem|Kyurem|100/100|[from] Flip Turn
|-damage|p2a: Kyurem|76/100|[from] Stealth Rock
|-ability|p2a: Kyurem|Pressure
|
|-weather|RainDance|[upkeep]
|upkeep
|turn|9
|
|t:|1781522434
|-end|p1a: Raging Bolt|Protosynthesis|[silent]
|switch|p1a: Overqwil|Overqwil, M|100/100
|move|p2a: Kyurem|Freeze-Dry|p1a: Overqwil
|-damage|p1a: Overqwil|23/100
|
|-weather|RainDance|[upkeep]
|upkeep
|turn|10
|
|t:|1781522438
|switch|p2a: Alomomola|Alomomola, F|100/100
|move|p1a: Overqwil|Gunk Shot|p2a: Alomomola
|-damage|p2a: Alomomola|44/100
|-status|p2a: Alomomola|psn
|-damage|p1a: Overqwil|13/100|[from] item: Life Orb
|
|-weather|RainDance|[upkeep]
|-damage|p2a: Alomomola|32/100 psn|[from] psn
|upkeep
|turn|11
|
|t:|1781522445
|move|p1a: Overqwil|Crunch|p2a: Alomomola
|-damage|p2a: Alomomola|0 fnt
|faint|p2a: Alomomola
|-damage|p1a: Overqwil|3/100|[from] item: Life Orb
|
|-weather|RainDance|[upkeep]
|upkeep
|
|t:|1781522448
|switch|p2a: Slowking|Slowking-Galar, F|77/100
|-damage|p2a: Slowking|64/100|[from] Stealth Rock
|turn|12
|
|t:|1781522452
|-terastallize|p2a: Slowking|Fairy
|move|p1a: Overqwil|Crunch|p2a: Slowking
|-resisted|p2a: Slowking
|-damage|p2a: Slowking|44/100
|-damage|p1a: Overqwil|0 fnt|[from] item: Rocky Helmet|[of] p2a: Slowking
|faint|p1a: Overqwil
|-prepare|p2a: Slowking|Chilly Reception|[premajor]
|move|p2a: Slowking|Chilly Reception|p2a: Slowking
|-weather|Snowscape
|
|t:|1781522459
|switch|p2a: Cinderace|Cinderace, F|100/100|[from] Chilly Reception
|
|-weather|Snowscape|[upkeep]
|upkeep
|
|t:|1781522459
|switch|p1a: Barraskewda|Barraskewda, M|84/100
|turn|13
|
|t:|1781522464
|move|p1a: Barraskewda|Close Combat|p2a: Cinderace
|-damage|p2a: Cinderace|8/100
|-unboost|p1a: Barraskewda|def|1
|-unboost|p1a: Barraskewda|spd|1
|move|p2a: Cinderace|Court Change|p2a: Cinderace
|-start|p2a: Cinderace|typechange|Normal|[from] ability: Libero
|-swapsideconditions
|-activate|p2a: Cinderace|move: Court Change
|
|-weather|Snowscape|[upkeep]
|upkeep
|turn|14
|
|t:|1781522467
|switch|p2a: Slowking|Slowking-Galar, F, tera:Fairy|77/100
|move|p1a: Barraskewda|Close Combat|p2a: Slowking
|-resisted|p2a: Slowking
|-damage|p2a: Slowking|54/100
|-unboost|p1a: Barraskewda|def|1
|-unboost|p1a: Barraskewda|spd|1
|-damage|p1a: Barraskewda|67/100|[from] item: Rocky Helmet|[of] p2a: Slowking
|
|-weather|Snowscape|[upkeep]
|upkeep
|turn|15
|
|t:|1781522469
|move|p1a: Barraskewda|Close Combat|p2a: Slowking
|-resisted|p2a: Slowking
|-damage|p2a: Slowking|28/100
|-unboost|p1a: Barraskewda|def|1
|-unboost|p1a: Barraskewda|spd|1
|-damage|p1a: Barraskewda|50/100|[from] item: Rocky Helmet|[of] p2a: Slowking
|-prepare|p2a: Slowking|Chilly Reception|[premajor]
|move|p2a: Slowking|Chilly Reception|p2a: Slowking
|
|t:|1781522472
|switch|p2a: Tornadus|Tornadus-Therian, M|100/100|[from] Chilly Reception
|
|-weather|Snowscape|[upkeep]
|upkeep
|turn|16
|
|t:|1781522474
|switch|p1a: Raging Bolt|Raging Bolt|89/100
|-damage|p1a: Raging Bolt|77/100|[from] Stealth Rock
|move|p2a: Tornadus|U-turn|p1a: Raging Bolt
|-damage|p1a: Raging Bolt|64/100
|
|t:|1781522480
|switch|p2a: Kyurem|Kyurem|76/100|[from] U-turn
|-ability|p2a: Kyurem|Pressure
|
|-weather|none
|upkeep
|turn|17
|
|t:|1781522482
|move|p1a: Raging Bolt|Thunderclap|p2a: Kyurem
|-resisted|p2a: Kyurem
|-damage|p2a: Kyurem|57/100
|move|p2a: Kyurem|Freeze-Dry|p1a: Raging Bolt
|-supereffective|p1a: Raging Bolt
|-damage|p1a: Raging Bolt|0 fnt
|faint|p1a: Raging Bolt
|-end|p1a: Raging Bolt|Protosynthesis|[silent]
|
|upkeep
|
|t:|1781522482
|switch|p1a: Barraskewda|Barraskewda, M|50/100
|-damage|p1a: Barraskewda|38/100|[from] Stealth Rock
|turn|18
|
|t:|1781522485
|switch|p2a: Slowking|Slowking-Galar, F, tera:Fairy|61/100
|move|p1a: Barraskewda|Close Combat|p2a: Slowking
|-resisted|p2a: Slowking
|-damage|p2a: Slowking|36/100
|-unboost|p1a: Barraskewda|def|1
|-unboost|p1a: Barraskewda|spd|1
|-damage|p1a: Barraskewda|21/100|[from] item: Rocky Helmet|[of] p2a: Slowking
|
|upkeep
|turn|19
|
|t:|1781522492
|move|p1a: Barraskewda|Close Combat|p2a: Slowking
|-resisted|p2a: Slowking
|-damage|p2a: Slowking|9/100
|-unboost|p1a: Barraskewda|def|1
|-unboost|p1a: Barraskewda|spd|1
|-damage|p1a: Barraskewda|5/100|[from] item: Rocky Helmet|[of] p2a: Slowking
|-prepare|p2a: Slowking|Chilly Reception|[premajor]
|move|p2a: Slowking|Chilly Reception|p2a: Slowking
|-weather|Snowscape
|
|t:|1781522494
|switch|p2a: Tornadus|Tornadus-Therian, M|100/100|[from] Chilly Reception
|
|-weather|Snowscape|[upkeep]
|upkeep
|turn|20
|
|t:|1781522496
|switch|p1a: Iron Treads|Iron Treads|100/100
|-damage|p1a: Iron Treads|97/100|[from] Stealth Rock
|move|p2a: Tornadus|U-turn|p1a: Iron Treads
|-resisted|p1a: Iron Treads
|-damage|p1a: Iron Treads|91/100
|
|t:|1781522499
|switch|p2a: Cinderace|Cinderace, F|8/100|[from] U-turn
|
|-weather|Snowscape|[upkeep]
|upkeep
|turn|21
|
|t:|1781522503
|-end|p1a: Iron Treads|Quark Drive|[silent]
|switch|p1a: Pelipper|Pelipper, F, tera:Ground|92/100
|-damage|p1a: Pelipper|86/100|[from] Stealth Rock
|-weather|RainDance|[from] ability: Drizzle|[of] p1a: Pelipper
|move|p2a: Cinderace|U-turn|p1a: Pelipper
|-start|p2a: Cinderace|typechange|Bug|[from] ability: Libero
|-damage|p1a: Pelipper|58/100
|
|t:|1781522505
|switch|p2a: Slowking|Slowking-Galar, F, tera:Fairy|43/100|[from] U-turn
|
|-weather|RainDance|[upkeep]
|upkeep
|turn|22
|
|t:|1781522508
|switch|p2a: Tornadus|Tornadus-Therian, M|100/100
|move|p1a: Pelipper|Hurricane|p2a: Tornadus
|-damage|p2a: Tornadus|84/100
|
|-weather|RainDance|[upkeep]
|upkeep
|turn|23
|
|t:|1781522510
|move|p2a: Tornadus|U-turn|p1a: Pelipper
|-damage|p1a: Pelipper|47/100
|
|t:|1781522516
|switch|p2a: Slowking|Slowking-Galar, F, tera:Fairy|76/100|[from] U-turn
|move|p1a: Pelipper|Roost|p1a: Pelipper
|-heal|p1a: Pelipper|97/100
|
|-weather|RainDance|[upkeep]
|upkeep
|turn|24
|
|t:|1781522518
|move|p1a: Pelipper|Hurricane|p2a: Slowking
|-damage|p2a: Slowking|48/100
|-start|p2a: Slowking|confusion
|-prepare|p2a: Slowking|Chilly Reception|[premajor]
|-activate|p2a: Slowking|confusion
|-damage|p2a: Slowking|45/100|[from] confusion
|
|-weather|RainDance|[upkeep]
|upkeep
|turn|25
|
|t:|1781522521
|switch|p2a: Tornadus|Tornadus-Therian, M|100/100
|move|p1a: Pelipper|Hurricane|p2a: Tornadus
|-damage|p2a: Tornadus|81/100
|
|-weather|RainDance|[upkeep]
|upkeep
|turn|26
|
|t:|1781522523
|move|p2a: Tornadus|U-turn|p1a: Pelipper
|-damage|p1a: Pelipper|85/100
|
|t:|1781522526
|switch|p2a: Slowking|Slowking-Galar, F, tera:Fairy|78/100|[from] U-turn
|move|p1a: Pelipper|Hurricane|p2a: Slowking
|-damage|p2a: Slowking|49/100
|
|-weather|RainDance|[upkeep]
|upkeep
|turn|27
|
|t:|1781522528
|move|p1a: Pelipper|Hurricane|p2a: Slowking
|-damage|p2a: Slowking|22/100
|-start|p2a: Slowking|confusion
|-prepare|p2a: Slowking|Chilly Reception|[premajor]
|-activate|p2a: Slowking|confusion
|-damage|p2a: Slowking|18/100|[from] confusion
|
|-weather|RainDance|[upkeep]
|upkeep
|turn|28
|
|t:|1781522530
|switch|p2a: Tornadus|Tornadus-Therian, M|100/100
|move|p1a: Pelipper|Hurricane|p2a: Tornadus
|-damage|p2a: Tornadus|84/100
|-start|p2a: Tornadus|confusion
|
|-weather|none
|upkeep
|turn|29
|
|t:|1781522533
|-activate|p2a: Tornadus|confusion
|-damage|p2a: Tornadus|75/100|[from] confusion
|move|p1a: Pelipper|Hurricane|p2a: Tornadus|[miss]
|-miss|p1a: Pelipper|p2a: Tornadus
|
|upkeep
|turn|30
|
|t:|1781522535
|-activate|p2a: Tornadus|confusion
|-damage|p2a: Tornadus|64/100|[from] confusion
|move|p1a: Pelipper|Hurricane|p2a: Tornadus|[miss]
|-miss|p1a: Pelipper|p2a: Tornadus
|
|upkeep
|turn|31
|
|t:|1781522537
|-activate|p2a: Tornadus|confusion
|move|p2a: Tornadus|U-turn|p1a: Pelipper
|-damage|p1a: Pelipper|74/100
|
|t:|1781522540
|switch|p2a: Slowking|Slowking-Galar, F, tera:Fairy|51/100|[from] U-turn
|move|p1a: Pelipper|Hurricane|p2a: Slowking
|-damage|p2a: Slowking|26/100
|-start|p2a: Slowking|confusion
|
|upkeep
|turn|32
|
|t:|1781522542
|switch|p2a: Tornadus|Tornadus-Therian, M|97/100
|move|p1a: Pelipper|Hurricane|p2a: Tornadus|[miss]
|-miss|p1a: Pelipper|p2a: Tornadus
|
|upkeep
|turn|33
|
|t:|1781522543
|switch|p2a: Slowking|Slowking-Galar, F, tera:Fairy|59/100
|move|p1a: Pelipper|Roost|p1a: Pelipper
|-heal|p1a: Pelipper|100/100
|
|upkeep
|turn|34
|
|t:|1781522544
|switch|p2a: Tornadus|Tornadus-Therian, M|100/100
|move|p1a: Pelipper|Hurricane|p2a: Tornadus
|-damage|p2a: Tornadus|84/100
|
|upkeep
|turn|35
|
|t:|1781522547
|move|p2a: Tornadus|Knock Off|p1a: Pelipper
|-damage|p1a: Pelipper|86/100
|-enditem|p1a: Pelipper|Damp Rock|[from] move: Knock Off|[of] p2a: Tornadus
|move|p1a: Pelipper|Hurricane|p2a: Tornadus
|-damage|p2a: Tornadus|66/100
|-start|p2a: Tornadus|confusion
|
|upkeep
|turn|36
|
|t:|1781522551
|-activate|p2a: Tornadus|confusion
|move|p2a: Tornadus|U-turn|p1a: Pelipper
|-damage|p1a: Pelipper|75/100
|
|t:|1781522553
|switch|p2a: Slowking|Slowking-Galar, F, tera:Fairy|93/100|[from] U-turn
|move|p1a: Pelipper|Hurricane|p2a: Slowking
|-damage|p2a: Slowking|68/100
|
|upkeep
|turn|37
|j| wuxinshushu1
|
|t:|1781522555
|move|p1a: Pelipper|Hurricane|p2a: Slowking
|-damage|p2a: Slowking|42/100
|move|p2a: Slowking|Future Sight|p1a: Pelipper
|-start|p2a: Slowking|move: Future Sight
|
|upkeep
|turn|38
|
|t:|1781522557
|switch|p2a: Tornadus|Tornadus-Therian, M|99/100
|move|p1a: Pelipper|Hurricane|p2a: Tornadus|[miss]
|-miss|p1a: Pelipper|p2a: Tornadus
|
|upkeep
|turn|39
|
|t:|1781522560
|move|p2a: Tornadus|U-turn|p1a: Pelipper
|-damage|p1a: Pelipper|64/100
|
|t:|1781522561
|switch|p2a: Slowking|Slowking-Galar, F, tera:Fairy|75/100|[from] U-turn
|move|p1a: Pelipper|Hurricane|p2a: Slowking|[miss]
|-miss|p1a: Pelipper|p2a: Slowking
|
|-end|p1a: Pelipper|move: Future Sight
|-damage|p1a: Pelipper|0 fnt
|faint|p1a: Pelipper
|upkeep
|
|t:|1781522562
|switch|p1a: Iron Treads|Iron Treads|91/100
|-damage|p1a: Iron Treads|88/100|[from] Stealth Rock
|turn|40
|
|t:|1781522572
|move|p1a: Iron Treads|Rapid Spin|p2a: Slowking
|-damage|p2a: Slowking|66/100
|-boost|p1a: Iron Treads|spe|1
|-damage|p1a: Iron Treads|71/100|[from] item: Rocky Helmet|[of] p2a: Slowking
|-sideend|p1: LowEL0God|Stealth Rock|[from] move: Rapid Spin|[of] p1a: Iron Treads
|move|p2a: Slowking|Future Sight|p1a: Iron Treads
|-start|p2a: Slowking|move: Future Sight
|
|upkeep
|turn|41
|
|t:|1781522576
|move|p1a: Iron Treads|Stealth Rock|p2a: Slowking
|-sidestart|p2: cachowcapow|move: Stealth Rock
|-prepare|p2a: Slowking|Chilly Reception|[premajor]
|move|p2a: Slowking|Chilly Reception|p2a: Slowking
|-weather|Snowscape
|
|t:|1781522581
|switch|p2a: Cinderace|Cinderace, F|8/100|[from] Chilly Reception
|
|-weather|Snowscape|[upkeep]
|upkeep
|turn|42
|
|t:|1781522585
|switch|p2a: Slowking|Slowking-Galar, F, tera:Fairy|99/100
|-damage|p2a: Slowking|87/100|[from] Stealth Rock
|move|p1a: Iron Treads|Rapid Spin|p2a: Slowking
|-damage|p2a: Slowking|79/100
|-boost|p1a: Iron Treads|spe|1
|-damage|p1a: Iron Treads|55/100|[from] item: Rocky Helmet|[of] p2a: Slowking
|
|-weather|Snowscape|[upkeep]
|-end|p1a: Iron Treads|move: Future Sight
|-resisted|p1a: Iron Treads
|-damage|p1a: Iron Treads|24/100
|upkeep
|turn|43
|
|t:|1781522588
|move|p1a: Iron Treads|Steel Beam|p2a: Slowking
|-supereffective|p2a: Slowking
|-damage|p2a: Slowking|0 fnt
|-damage|p1a: Iron Treads|0 fnt|[from] steelbeam
|faint|p1a: Iron Treads
|-end|p1a: Iron Treads|Quark Drive|[silent]
|faint|p2a: Slowking
|
|-weather|Snowscape|[upkeep]
|upkeep
|
|t:|1781522594
|switch|p1a: Barraskewda|Barraskewda, M|5/100
|switch|p2a: Tornadus|Tornadus-Therian, M|100/100
|-damage|p2a: Tornadus|76/100|[from] Stealth Rock
|turn|44
|
|t:|1781522597
|move|p1a: Barraskewda|Flip Turn|p2a: Tornadus
|-damage|p2a: Tornadus|16/100
|move|p2a: Tornadus|U-turn|p1a: Barraskewda
|-damage|p1a: Barraskewda|0 fnt
|faint|p1a: Barraskewda
|
|win|cachowcapow
|raw|LowEL0God's rating: 1681 &rarr; <strong>1659</strong><br />(-22 for losing)
|raw|cachowcapow's rating: 1652 &rarr; <strong>1674</strong><br />(+22 for winning)
|l|☆cachowcapow
|player|p2|
|c|☆LowEL0God|gg
|l|☆LowEL0God
|player|p1|
