|j|☆thebambi1234
|j|☆nitro n7
|t:|1781095379
|gametype|singles
|player|p1|thebambi1234|blackbelt-gen4dp|1578
|player|p2|nitro n7|miku-ghost|1527
|gen|9
|tier|[Gen 9] OU
|rated|
|rule|HP Percentage Mod: HP is shown in percentages
|rule|Endless Battle Clause: Forcing endless battles is banned
|rule|Species Clause: Limit one of each Pokémon
|rule|OHKO Clause: OHKO moves are banned
|rule|Evasion Items Clause: Evasion items are banned
|rule|Evasion Moves Clause: Evasion moves are banned
|rule|Evasion Abilities Clause: Evasion abilities are banned
|rule|Sleep Moves Clause: Sleep-inducing moves are banned
|clearpoke
|poke|p1|Gliscor, M|
|poke|p1|Corviknight, F|
|poke|p1|Dondozo, F|
|poke|p1|Blissey, F|
|poke|p1|Weezing-Galar, M|
|poke|p1|Garganacl, M|
|poke|p2|Dragonite, F|
|poke|p2|Great Tusk|
|poke|p2|Deoxys-Speed|
|poke|p2|Gholdengo|
|poke|p2|Zamazenta-*|
|poke|p2|Iron Valiant|
|teampreview
|inactive|Battle timer is ON: inactive players will automatically lose when time's up. (requested by thebambi1234)
|
|t:|1781095390
|teamsize|p1|6
|teamsize|p2|6
|start
|switch|p1a: Garganacl|Garganacl, M, shiny|100/100
|switch|p2a: Deoxys|Deoxys-Speed|100/100
|-ability|p2a: Deoxys|Pressure
|turn|1
|
|t:|1781095393
|-terastallize|p1a: Garganacl|Water
|move|p2a: Deoxys|Taunt|p1a: Garganacl
|-start|p1a: Garganacl|move: Taunt
|move|p1a: Garganacl|Salt Cure|p2a: Deoxys
|-damage|p2a: Deoxys|84/100
|-start|p2a: Deoxys|Salt Cure
|
|-damage|p2a: Deoxys|71/100|[from] Salt Cure
|upkeep
|turn|2
|
|t:|1781095399
|switch|p1a: Gliscor|Gliscor, M, shiny|100/100
|move|p2a: Deoxys|Stealth Rock|p1a: Gliscor
|-sidestart|p1: thebambi1234|move: Stealth Rock
|
|-damage|p2a: Deoxys|59/100|[from] Salt Cure
|-status|p1a: Gliscor|tox|[from] item: Toxic Orb
|upkeep
|turn|3
|
|t:|1781095402
|move|p1a: Gliscor|Protect|p1a: Gliscor
|-singleturn|p1a: Gliscor|Protect
|move|p2a: Deoxys|Skill Swap|p1a: Gliscor
|-activate|p1a: Gliscor|move: Protect
|
|-damage|p2a: Deoxys|47/100|[from] Salt Cure
|upkeep
|turn|4
|
|t:|1781095411
|move|p2a: Deoxys|Skill Swap|p1a: Gliscor
|-activate|p2a: Deoxys|Skill Swap|Poison Heal|Pressure|[of] p1a: Gliscor
|-ability|p1a: Gliscor|Pressure
|move|p1a: Gliscor|Knock Off|p2a: Deoxys
|-supereffective|p2a: Deoxys
|-damage|p2a: Deoxys|0 fnt
|-enditem|p2a: Deoxys|Focus Sash|[from] move: Knock Off|[of] p1a: Gliscor
|faint|p2a: Deoxys
|
|-damage|p1a: Gliscor|88/100 tox|[from] psn
|upkeep
|inactive|nitro n7 has 120 seconds left.
|
|t:|1781095442
|switch|p2a: Zamazenta|Zamazenta|100/100
|-ability|p2a: Zamazenta|Dauntless Shield|boost
|-boost|p2a: Zamazenta|def|1
|turn|5
|
|t:|1781095444
|move|p2a: Zamazenta|Ice Fang|p1a: Gliscor
|-supereffective|p1a: Gliscor
|-damage|p1a: Gliscor|15/100 tox
|-damage|p2a: Zamazenta|91/100|[from] item: Life Orb
|cant|p1a: Gliscor|flinch
|
|-damage|p1a: Gliscor|0 fnt|[from] psn
|faint|p1a: Gliscor
|upkeep
|-message|thebambi1234 forfeited.
|
|win|nitro n7
|raw|thebambi1234's rating: 1578 &rarr; <strong>1555</strong><br />(-23 for losing)
|raw|nitro n7's rating: 1527 &rarr; <strong>1550</strong><br />(+23 for winning)
|l|☆thebambi1234
|player|p1|
