|j|☆LowEL0God
|j|☆GRENINJA_mdm
|t:|1781478905
|gametype|singles
|player|p1|LowEL0God|265|1635
|player|p2|GRENINJA_mdm|iris|1636
|gen|9
|tier|[Gen 9] OU
|rated|
|rule|HP Percentage Mod: HP is shown in percentages
|rule|Endless Battle Clause: Forcing endless battles is banned
|rule|Species Clause: Limit one of each Pokémon
|rule|OHKO Clause: OHKO moves are banned
|rule|Evasion Items Clause: Evasion items are banned
|rule|Evasion Moves Clause: Evasion moves are banned
|rule|Evasion Abilities Clause: Evasion abilities are banned
|rule|Sleep Moves Clause: Sleep-inducing moves are banned
|clearpoke
|poke|p1|Pelipper, F|
|poke|p1|Raging Bolt|
|poke|p1|Overqwil, F|
|poke|p1|Barraskewda, M|
|poke|p1|Iron Treads|
|poke|p1|Kingambit, M|
|poke|p2|Zapdos|
|poke|p2|Hydrapple, F|
|poke|p2|Zamazenta-*|
|poke|p2|Slowking-Galar, M|
|poke|p2|Tinkaton, F|
|poke|p2|Ting-Lu|
|teampreview
|c|☆LowEL0God|hf
|inactive|Battle timer is ON: inactive players will automatically lose when time's up. (requested by LowEL0God)
|
|t:|1781478935
|teamsize|p1|6
|teamsize|p2|6
|start
|switch|p1a: Overqwil|Overqwil, F|100/100
|switch|p2a: Zapdos|Zapdos|100/100
|turn|1
|
|t:|1781478939
|move|p2a: Zapdos|Volt Switch|p1a: Overqwil
|-damage|p1a: Overqwil|53/100
|
|t:|1781478946
|switch|p2a: Ting-Lu|Ting-Lu|100/100|[from] Volt Switch
|-ability|p2a: Ting-Lu|Vessel of Ruin
|move|p1a: Overqwil|Swords Dance|p1a: Overqwil
|-boost|p1a: Overqwil|atk|2
|
|upkeep
|turn|2
|
|t:|1781478958
|switch|p2a: Zamazenta|Zamazenta|100/100
|-ability|p2a: Zamazenta|Dauntless Shield|boost
|-boost|p2a: Zamazenta|def|1
|move|p1a: Overqwil|Liquidation|p2a: Zamazenta
|-damage|p2a: Zamazenta|49/100
|-damage|p1a: Overqwil|43/100|[from] item: Life Orb
|
|upkeep
|turn|3
|
|t:|1781478962
|switch|p1a: Pelipper|Pelipper, F|100/100
|-weather|RainDance|[from] ability: Drizzle|[of] p1a: Pelipper
|move|p2a: Zamazenta|Close Combat|p1a: Pelipper
|-resisted|p1a: Pelipper
|-damage|p1a: Pelipper|78/100
|-unboost|p2a: Zamazenta|def|1
|-unboost|p2a: Zamazenta|spd|1
|
|-weather|RainDance|[upkeep]
|upkeep
|turn|4
|
|t:|1781478966
|move|p2a: Zamazenta|Stone Edge|p1a: Pelipper
|-supereffective|p1a: Pelipper
|-damage|p1a: Pelipper|26/100
|move|p1a: Pelipper|Weather Ball|p2a: Zamazenta
|-damage|p2a: Zamazenta|0 fnt
|faint|p2a: Zamazenta
|
|-weather|RainDance|[upkeep]
|upkeep
|
|t:|1781478969
|switch|p2a: Zapdos|Zapdos|100/100
|turn|5
|
|t:|1781478972
|switch|p1a: Kingambit|Kingambit, M|100/100
|move|p2a: Zapdos|Volt Switch|p1a: Kingambit
|-damage|p1a: Kingambit|71/100
|
|t:|1781478975
|switch|p2a: Slowking|Slowking-Galar, M|100/100|[from] Volt Switch
|
|-weather|RainDance|[upkeep]
|-heal|p1a: Kingambit|77/100|[from] item: Leftovers
|upkeep
|turn|6
|
|t:|1781478979
|switch|p2a: Ting-Lu|Ting-Lu|100/100
|-ability|p2a: Ting-Lu|Vessel of Ruin
|move|p1a: Kingambit|Swords Dance|p1a: Kingambit
|-boost|p1a: Kingambit|atk|2
|
|-weather|RainDance|[upkeep]
|-heal|p1a: Kingambit|83/100|[from] item: Leftovers
|upkeep
|turn|7
|
|t:|1781478982
|move|p1a: Kingambit|Iron Head|p2a: Ting-Lu
|-damage|p2a: Ting-Lu|54/100
|move|p2a: Ting-Lu|Whirlwind|p1a: Kingambit
|-end|p1a: Kingambit|fallenundefined|[silent]
|drag|p1a: Raging Bolt|Raging Bolt|100/100
|-enditem|p1a: Raging Bolt|Booster Energy
|-activate|p1a: Raging Bolt|ability: Protosynthesis|[fromitem]
|-start|p1a: Raging Bolt|protosynthesisspa
|
|-weather|RainDance|[upkeep]
|-heal|p2a: Ting-Lu|60/100|[from] item: Leftovers
|upkeep
|turn|8
|
|t:|1781478986
|switch|p2a: Slowking|Slowking-Galar, M|100/100
|move|p1a: Raging Bolt|Weather Ball|p2a: Slowking
|-damage|p2a: Slowking|57/100
|
|-weather|RainDance|[upkeep]
|upkeep
|turn|9
|
|t:|1781478989
|move|p1a: Raging Bolt|Draco Meteor|p2a: Slowking
|-damage|p2a: Slowking|0 fnt
|-unboost|p1a: Raging Bolt|spa|2
|faint|p2a: Slowking
|
|-weather|RainDance|[upkeep]
|upkeep
|
|t:|1781478992
|switch|p2a: Ting-Lu|Ting-Lu|60/100
|-ability|p2a: Ting-Lu|Vessel of Ruin
|turn|10
|
|t:|1781478994
|-end|p1a: Raging Bolt|Protosynthesis|[silent]
|switch|p1a: Pelipper|Pelipper, F|26/100
|move|p2a: Ting-Lu|Spikes|p1a: Pelipper
|-sidestart|p1: LowEL0God|Spikes
|
|-weather|none
|-heal|p2a: Ting-Lu|66/100|[from] item: Leftovers
|upkeep
|turn|11
|
|t:|1781478996
|move|p2a: Ting-Lu|Spikes|p1a: Pelipper
|-sidestart|p1: LowEL0God|Spikes
|move|p1a: Pelipper|Roost|p1a: Pelipper
|-heal|p1a: Pelipper|76/100
|-singleturn|p1a: Pelipper|move: Roost
|
|-heal|p2a: Ting-Lu|72/100|[from] item: Leftovers
|upkeep
|turn|12
|
|t:|1781478998
|move|p2a: Ting-Lu|Spikes|p1a: Pelipper
|-sidestart|p1: LowEL0God|Spikes
|move|p1a: Pelipper|Roost|p1a: Pelipper
|-heal|p1a: Pelipper|100/100
|-singleturn|p1a: Pelipper|move: Roost
|
|-heal|p2a: Ting-Lu|79/100|[from] item: Leftovers
|upkeep
|turn|13
|
|t:|1781479002
|switch|p2a: Zapdos|Zapdos|100/100
|move|p1a: Pelipper|Hurricane|p2a: Zapdos|[miss]
|-miss|p1a: Pelipper|p2a: Zapdos
|
|upkeep
|turn|14
|
|t:|1781479006
|switch|p2a: Ting-Lu|Ting-Lu|79/100
|-ability|p2a: Ting-Lu|Vessel of Ruin
|switch|p1a: Iron Treads|Iron Treads|100/100
|-damage|p1a: Iron Treads|76/100|[from] Spikes
|-enditem|p1a: Iron Treads|Booster Energy
|-activate|p1a: Iron Treads|ability: Quark Drive|[fromitem]
|-start|p1a: Iron Treads|quarkdrivespe
|
|-heal|p2a: Ting-Lu|85/100|[from] item: Leftovers
|upkeep
|turn|15
|
|t:|1781479009
|move|p1a: Iron Treads|Rapid Spin|p2a: Ting-Lu
|-damage|p2a: Ting-Lu|80/100
|-boost|p1a: Iron Treads|spe|1
|-sideend|p1: LowEL0God|Spikes|[from] move: Rapid Spin|[of] p1a: Iron Treads
|move|p2a: Ting-Lu|Earthquake|p1a: Iron Treads
|-supereffective|p1a: Iron Treads
|-damage|p1a: Iron Treads|4/100
|
|-heal|p2a: Ting-Lu|86/100|[from] item: Leftovers
|upkeep
|turn|16
|
|t:|1781479011
|move|p1a: Iron Treads|Stealth Rock|p2a: Ting-Lu
|-sidestart|p2: GRENINJA_mdm|move: Stealth Rock
|move|p2a: Ting-Lu|Spikes|p1a: Iron Treads
|-sidestart|p1: LowEL0God|Spikes
|
|-heal|p2a: Ting-Lu|93/100|[from] item: Leftovers
|upkeep
|turn|17
|
|t:|1781479012
|move|p1a: Iron Treads|Rapid Spin|p2a: Ting-Lu
|-damage|p2a: Ting-Lu|87/100
|-boost|p1a: Iron Treads|spe|1
|-sideend|p1: LowEL0God|Spikes|[from] move: Rapid Spin|[of] p1a: Iron Treads
|move|p2a: Ting-Lu|Spikes|p1a: Iron Treads
|-sidestart|p1: LowEL0God|Spikes
|
|-heal|p2a: Ting-Lu|93/100|[from] item: Leftovers
|upkeep
|turn|18
|
|t:|1781479015
|move|p1a: Iron Treads|Rapid Spin|p2a: Ting-Lu
|-damage|p2a: Ting-Lu|88/100
|-boost|p1a: Iron Treads|spe|1
|-sideend|p1: LowEL0God|Spikes|[from] move: Rapid Spin|[of] p1a: Iron Treads
|move|p2a: Ting-Lu|Earthquake|p1a: Iron Treads
|-supereffective|p1a: Iron Treads
|-damage|p1a: Iron Treads|0 fnt
|faint|p1a: Iron Treads
|-end|p1a: Iron Treads|Quark Drive|[silent]
|
|-heal|p2a: Ting-Lu|94/100|[from] item: Leftovers
|upkeep
|
|t:|1781479016
|switch|p1a: Barraskewda|Barraskewda, M|100/100
|turn|19
|
|t:|1781479017
|move|p1a: Barraskewda|Liquidation|p2a: Ting-Lu
|-supereffective|p2a: Ting-Lu
|-damage|p2a: Ting-Lu|23/100
|move|p2a: Ting-Lu|Spikes|p1a: Barraskewda
|-sidestart|p1: LowEL0God|Spikes
|
|-heal|p2a: Ting-Lu|29/100|[from] item: Leftovers
|upkeep
|turn|20
|
|t:|1781479020
|switch|p2a: Hydrapple|Hydrapple, F|100/100
|move|p1a: Barraskewda|Liquidation|p2a: Hydrapple
|-resisted|p2a: Hydrapple
|-damage|p2a: Hydrapple|89/100
|
|upkeep
|turn|21
|
|t:|1781479023
|switch|p1a: Kingambit|Kingambit, M|83/100
|-damage|p1a: Kingambit|71/100|[from] Spikes
|-activate|p1a: Kingambit|ability: Supreme Overlord
|-start|p1a: Kingambit|fallen1|[silent]
|move|p2a: Hydrapple|Draco Meteor|p1a: Kingambit
|-resisted|p1a: Kingambit
|-damage|p1a: Kingambit|44/100
|-unboost|p2a: Hydrapple|spa|2
|
|-heal|p1a: Kingambit|51/100|[from] item: Leftovers
|upkeep
|turn|22
|
|t:|1781479030
|move|p1a: Kingambit|Swords Dance|p1a: Kingambit
|-boost|p1a: Kingambit|atk|2
|move|p2a: Hydrapple|Nasty Plot|p2a: Hydrapple
|-boost|p2a: Hydrapple|spa|2
|
|-heal|p1a: Kingambit|57/100|[from] item: Leftovers
|upkeep
|turn|23
|
|t:|1781479033
|move|p1a: Kingambit|Kowtow Cleave|p2a: Hydrapple
|-damage|p2a: Hydrapple|23/100
|move|p2a: Hydrapple|Earth Power|p1a: Kingambit
|-supereffective|p1a: Kingambit
|-damage|p1a: Kingambit|0 fnt
|faint|p1a: Kingambit
|-end|p1a: Kingambit|fallen1|[silent]
|
|upkeep
|
|t:|1781479035
|switch|p1a: Overqwil|Overqwil, F|43/100
|-damage|p1a: Overqwil|31/100|[from] Spikes
|turn|24
|
|t:|1781479041
|switch|p2a: Zapdos|Zapdos|100/100
|move|p1a: Overqwil|Crunch|p2a: Zapdos
|-damage|p2a: Zapdos|47/100
|-damage|p1a: Overqwil|21/100|[from] item: Life Orb
|
|upkeep
|turn|25
|
|t:|1781479046
|switch|p1a: Raging Bolt|Raging Bolt|100/100
|-damage|p1a: Raging Bolt|88/100|[from] Spikes
|move|p2a: Zapdos|Volt Switch|p1a: Raging Bolt
|-resisted|p1a: Raging Bolt
|-damage|p1a: Raging Bolt|82/100
|
|t:|1781479050
|switch|p2a: Tinkaton|Tinkaton, F|100/100|[from] Volt Switch
|-damage|p2a: Tinkaton|94/100|[from] Stealth Rock
|-ability|p2a: Tinkaton|Mold Breaker
|-item|p2a: Tinkaton|Air Balloon
|
|upkeep
|turn|26
|
|t:|1781479053
|move|p2a: Tinkaton|Stealth Rock|p1a: Raging Bolt
|-sidestart|p1: LowEL0God|move: Stealth Rock
|move|p1a: Raging Bolt|Thunder|p2a: Tinkaton
|-damage|p2a: Tinkaton|42/100
|-enditem|p2a: Tinkaton|Air Balloon
|
|upkeep
|turn|27
|
|t:|1781479058
|move|p2a: Tinkaton|Gigaton Hammer|p1a: Raging Bolt
|-resisted|p1a: Raging Bolt
|-damage|p1a: Raging Bolt|62/100
|move|p1a: Raging Bolt|Thunder|p2a: Tinkaton
|-damage|p2a: Tinkaton|0 fnt
|faint|p2a: Tinkaton
|
|upkeep
|
|t:|1781479065
|switch|p2a: Hydrapple|Hydrapple, F|56/100
|turn|28
|
|t:|1781479070
|-terastallize|p2a: Hydrapple|Steel
|move|p1a: Raging Bolt|Draco Meteor|p2a: Hydrapple
|-resisted|p2a: Hydrapple
|-damage|p2a: Hydrapple|20/100
|-unboost|p1a: Raging Bolt|spa|2
|move|p2a: Hydrapple|Draco Meteor|p1a: Raging Bolt
|-supereffective|p1a: Raging Bolt
|-damage|p1a: Raging Bolt|0 fnt
|-unboost|p2a: Hydrapple|spa|2
|faint|p1a: Raging Bolt
|-end|p1a: Raging Bolt|Protosynthesis|[silent]
|
|upkeep
|
|t:|1781479071
|switch|p1a: Overqwil|Overqwil, F|21/100
|-damage|p1a: Overqwil|9/100|[from] Spikes
|-damage|p1a: Overqwil|0 fnt|[from] Stealth Rock
|faint|p1a: Overqwil
|
|t:|1781479071
|switch|p1a: Barraskewda|Barraskewda, M|100/100
|-damage|p1a: Barraskewda|88/100|[from] Spikes
|-damage|p1a: Barraskewda|75/100|[from] Stealth Rock
|turn|29
|
|t:|1781479080
|switch|p2a: Ting-Lu|Ting-Lu|29/100
|-damage|p2a: Ting-Lu|23/100|[from] Stealth Rock
|-ability|p2a: Ting-Lu|Vessel of Ruin
|move|p1a: Barraskewda|Liquidation|p2a: Ting-Lu
|-supereffective|p2a: Ting-Lu
|-damage|p2a: Ting-Lu|0 fnt
|faint|p2a: Ting-Lu
|
|upkeep
|
|t:|1781479085
|switch|p2a: Hydrapple|Hydrapple, F, tera:Steel|54/100
|turn|30
|
|t:|1781479089
|switch|p1a: Pelipper|Pelipper, F|100/100
|-damage|p1a: Pelipper|76/100|[from] Stealth Rock
|-weather|RainDance|[from] ability: Drizzle|[of] p1a: Pelipper
|move|p2a: Hydrapple|Giga Drain|p1a: Pelipper
|-damage|p1a: Pelipper|24/100
|-heal|p2a: Hydrapple|74/100|[from] drain|[of] p1a: Pelipper
|
|-weather|RainDance|[upkeep]
|upkeep
|turn|31
|
|t:|1781479092
|switch|p2a: Zapdos|Zapdos|47/100
|move|p1a: Pelipper|Hurricane|p2a: Zapdos
|-resisted|p2a: Zapdos
|-damage|p2a: Zapdos|30/100
|
|-weather|RainDance|[upkeep]
|upkeep
|turn|32
|
|t:|1781479098
|move|p2a: Zapdos|Hurricane|p1a: Pelipper
|-damage|p1a: Pelipper|0 fnt
|faint|p1a: Pelipper
|
|-weather|RainDance|[upkeep]
|upkeep
|
|t:|1781479099
|switch|p1a: Barraskewda|Barraskewda, M|75/100
|-damage|p1a: Barraskewda|63/100|[from] Spikes
|-damage|p1a: Barraskewda|50/100|[from] Stealth Rock
|turn|33
|
|t:|1781479100
|-terastallize|p1a: Barraskewda|Water
|move|p1a: Barraskewda|Close Combat|p2a: Zapdos
|-resisted|p2a: Zapdos
|-damage|p2a: Zapdos|0 fnt
|-unboost|p1a: Barraskewda|def|1
|-unboost|p1a: Barraskewda|spd|1
|faint|p2a: Zapdos
|
|-weather|RainDance|[upkeep]
|upkeep
|
|t:|1781479102
|switch|p2a: Hydrapple|Hydrapple, F, tera:Steel|100/100
|turn|34
|
|t:|1781479104
|move|p1a: Barraskewda|Close Combat|p2a: Hydrapple
|-supereffective|p2a: Hydrapple
|-damage|p2a: Hydrapple|11/100
|-unboost|p1a: Barraskewda|def|1
|-unboost|p1a: Barraskewda|spd|1
|move|p2a: Hydrapple|Giga Drain|p1a: Barraskewda
|-supereffective|p1a: Barraskewda
|-damage|p1a: Barraskewda|0 fnt
|-heal|p2a: Hydrapple|27/100|[from] drain|[of] p1a: Barraskewda
|faint|p1a: Barraskewda
|
|win|GRENINJA_mdm
|raw|LowEL0God's rating: 1635 &rarr; <strong>1615</strong><br />(-20 for losing)
|raw|GRENINJA_mdm's rating: 1636 &rarr; <strong>1656</strong><br />(+20 for winning)
|l|☆GRENINJA_mdm
|player|p2|
|c|☆LowEL0God|gg
|l|☆LowEL0God
|player|p1|
