|j|☆PepeNike
|j|☆aipt2
|t:|1781476611
|gametype|singles
|player|p1|PepeNike|102|1691
|player|p2|aipt2|ghetsis|1684
|gen|9
|tier|[Gen 9] OU
|rated|
|rule|HP Percentage Mod: HP is shown in percentages
|rule|Endless Battle Clause: Forcing endless battles is banned
|rule|Species Clause: Limit one of each Pokémon
|rule|OHKO Clause: OHKO moves are banned
|rule|Evasion Items Clause: Evasion items are banned
|rule|Evasion Moves Clause: Evasion moves are banned
|rule|Evasion Abilities Clause: Evasion abilities are banned
|rule|Sleep Moves Clause: Sleep-inducing moves are banned
|clearpoke
|poke|p1|Kleavor, M|
|poke|p1|Samurott-Hisui, F|
|poke|p1|Gholdengo|
|poke|p1|Ceruledge, M|
|poke|p1|Greninja-*, M|
|poke|p1|Dragapult, M|
|poke|p2|Kingambit, M|
|poke|p2|Hatterene, F|
|poke|p2|Ninetales-Alola, M|
|poke|p2|Raging Bolt|
|poke|p2|Ceruledge, M|
|poke|p2|Landorus-Therian, M|
|teampreview
|inactive|Battle timer is ON: inactive players will automatically lose when time's up. (requested by PepeNike)
|
|t:|1781476619
|teamsize|p1|6
|teamsize|p2|6
|start
|switch|p1a: Kleavor|Kleavor, M|100/100
|switch|p2a: Landorus|Landorus-Therian, M|100/100
|-ability|p2a: Landorus|Intimidate|boost
|-unboost|p1a: Kleavor|atk|1
|turn|1
|j| BiscoitoXDBr
|
|t:|1781476624
|move|p2a: Landorus|Stealth Rock|p1a: Kleavor
|-sidestart|p1: PepeNike|move: Stealth Rock
|move|p1a: Kleavor|Stone Axe|p2a: Landorus
|-damage|p2a: Landorus|64/100
|-damage|p1a: Kleavor|84/100|[from] item: Rocky Helmet|[of] p2a: Landorus
|-sidestart|p2: aipt2|move: Stealth Rock
|
|upkeep
|turn|2
|inactive|PepeNike has 120 seconds left.
|j| rexa2
|j| Ricolas385
|
|t:|1781476680
|switch|p1a: Dragapult|Dragapult, M|100/100
|-damage|p1a: Dragapult|88/100|[from] Stealth Rock
|move|p2a: Landorus|Earthquake|p1a: Dragapult
|-damage|p1a: Dragapult|21/100
|
|upkeep
|turn|3
|
|t:|1781476688
|switch|p2a: Ninetales|Ninetales-Alola, M|100/100
|-damage|p2a: Ninetales|76/100|[from] Stealth Rock
|-weather|Snowscape|[from] ability: Snow Warning|[of] p2a: Ninetales
|move|p1a: Dragapult|Dragon Darts|p2a: Ninetales
|-immune|p2a: Ninetales
|
|-weather|Snowscape|[upkeep]
|upkeep
|turn|4
|inactive|PepeNike has 90 seconds left.
|
|t:|1781476727
|switch|p1a: Kleavor|Kleavor, M|84/100
|-damage|p1a: Kleavor|59/100|[from] Stealth Rock
|move|p2a: Ninetales|Aurora Veil|p2a: Ninetales
|-sidestart|p2: aipt2|move: Aurora Veil
|
|-weather|Snowscape|[upkeep]
|upkeep
|turn|5
|l| rexa2
|j| rexa2
|
|t:|1781476747
|switch|p2a: Raging Bolt|Raging Bolt|100/100
|-damage|p2a: Raging Bolt|88/100|[from] Stealth Rock
|move|p1a: Kleavor|Tailwind|p1a: Kleavor
|-sidestart|p1: PepeNike|move: Tailwind
|
|-weather|Snowscape|[upkeep]
|-heal|p2a: Raging Bolt|94/100|[from] item: Leftovers
|upkeep
|turn|6
|inactive|PepeNike has 60 seconds left.
|
|t:|1781476794
|move|p1a: Kleavor|Stone Axe|p2a: Raging Bolt
|-damage|p2a: Raging Bolt|70/100
|move|p2a: Raging Bolt|Calm Mind|p2a: Raging Bolt
|-boost|p2a: Raging Bolt|spa|1
|-boost|p2a: Raging Bolt|spd|1
|
|-weather|Snowscape|[upkeep]
|-heal|p2a: Raging Bolt|76/100|[from] item: Leftovers
|upkeep
|turn|7
|
|t:|1781476801
|move|p1a: Kleavor|Stone Axe|p2a: Raging Bolt
|-damage|p2a: Raging Bolt|52/100
|move|p2a: Raging Bolt|Thunderbolt|p1a: Kleavor
|-damage|p1a: Kleavor|0 fnt
|faint|p1a: Kleavor
|
|-weather|none
|-heal|p2a: Raging Bolt|58/100|[from] item: Leftovers
|upkeep
|
|t:|1781476806
|switch|p1a: Dragapult|Dragapult, M|21/100
|-damage|p1a: Dragapult|8/100|[from] Stealth Rock
|turn|8
|
|t:|1781476813
|move|p1a: Dragapult|Sucker Punch|p2a: Raging Bolt
|-damage|p2a: Raging Bolt|41/100
|move|p2a: Raging Bolt|Thunderclap||[still]
|-fail|p2a: Raging Bolt
|
|-heal|p2a: Raging Bolt|48/100|[from] item: Leftovers
|-sideend|p1: PepeNike|move: Tailwind
|upkeep
|turn|9
|
|t:|1781476816
|move|p1a: Dragapult|Sucker Punch|p2a: Raging Bolt
|-damage|p2a: Raging Bolt|33/100
|move|p2a: Raging Bolt|Thunderclap||[still]
|-fail|p2a: Raging Bolt
|
|-heal|p2a: Raging Bolt|39/100|[from] item: Leftovers
|upkeep
|turn|10
|
|t:|1781476820
|move|p1a: Dragapult|Sucker Punch|p2a: Raging Bolt
|-damage|p2a: Raging Bolt|24/100
|move|p2a: Raging Bolt|Dragon Pulse|p1a: Dragapult
|-supereffective|p1a: Dragapult
|-damage|p1a: Dragapult|0 fnt
|faint|p1a: Dragapult
|
|-heal|p2a: Raging Bolt|30/100|[from] item: Leftovers
|upkeep
|
|t:|1781476825
|switch|p1a: Samurott|Samurott-Hisui, F|100/100
|-damage|p1a: Samurott|88/100|[from] Stealth Rock
|turn|11
|
|t:|1781476828
|move|p1a: Samurott|Ceaseless Edge|p2a: Raging Bolt
|-damage|p2a: Raging Bolt|4/100
|-sidestart|p2: aipt2|Spikes
|move|p2a: Raging Bolt|Thunderbolt|p1a: Samurott
|-supereffective|p1a: Samurott
|-damage|p1a: Samurott|0 fnt
|faint|p1a: Samurott
|
|-heal|p2a: Raging Bolt|10/100|[from] item: Leftovers
|-sideend|p2: aipt2|move: Aurora Veil
|upkeep
|inactive|PepeNike has 60 seconds left.
|inactive|PepeNike has 30 seconds left.
|
|t:|1781476884
|switch|p1a: Ceruledge|Ceruledge, M|100/100
|-damage|p1a: Ceruledge|76/100|[from] Stealth Rock
|turn|12
|
|t:|1781476889
|move|p1a: Ceruledge|Shadow Sneak|p2a: Raging Bolt
|-damage|p2a: Raging Bolt|0 fnt
|faint|p2a: Raging Bolt
|-end|p2a: Raging Bolt|Protosynthesis|[silent]
|
|upkeep
|
|t:|1781476894
|switch|p2a: Landorus|Landorus-Therian, M|64/100
|-damage|p2a: Landorus|51/100|[from] Stealth Rock
|-ability|p2a: Landorus|Intimidate|boost
|-unboost|p1a: Ceruledge|atk|1
|turn|13
|
|t:|1781476899
|-terastallize|p1a: Ceruledge|Flying
|move|p2a: Landorus|Earthquake|p1a: Ceruledge
|-immune|p1a: Ceruledge
|move|p1a: Ceruledge|Swords Dance|p1a: Ceruledge
|-boost|p1a: Ceruledge|atk|2
|
|upkeep
|turn|14
|
|t:|1781476905
|move|p2a: Landorus|Taunt|p1a: Ceruledge
|-start|p1a: Ceruledge|move: Taunt
|move|p1a: Ceruledge|Bitter Blade|p2a: Landorus
|-damage|p2a: Landorus|0 fnt
|-heal|p1a: Ceruledge|100/100|[from] drain|[of] p2a: Landorus
|-damage|p1a: Ceruledge|84/100|[from] item: Rocky Helmet|[of] p2a: Landorus
|faint|p2a: Landorus
|
|upkeep
|
|t:|1781476926
|switch|p2a: Ninetales|Ninetales-Alola, M|76/100
|-damage|p2a: Ninetales|51/100|[from] Stealth Rock
|-damage|p2a: Ninetales|38/100|[from] Spikes
|-weather|Snowscape|[from] ability: Snow Warning|[of] p2a: Ninetales
|turn|15
|
|t:|1781476935
|move|p1a: Ceruledge|Shadow Sneak|p2a: Ninetales
|-damage|p2a: Ninetales|8/100
|move|p2a: Ninetales|Aurora Veil|p2a: Ninetales
|-sidestart|p2: aipt2|move: Aurora Veil
|
|-weather|Snowscape|[upkeep]
|upkeep
|turn|16
|
|t:|1781476941
|move|p1a: Ceruledge|Shadow Sneak|p2a: Ninetales
|-damage|p2a: Ninetales|0 fnt
|faint|p2a: Ninetales
|
|-weather|Snowscape|[upkeep]
|-end|p1a: Ceruledge|move: Taunt
|upkeep
|
|t:|1781476944
|switch|p2a: Ceruledge|Ceruledge, M|100/100
|turn|17
|
|t:|1781476950
|move|p1a: Ceruledge|Poltergeist|p2a: Ceruledge
|-activate|p2a: Ceruledge|move: Poltergeist|Heavy-Duty Boots
|-supereffective|p2a: Ceruledge
|-crit|p2a: Ceruledge
|-damage|p2a: Ceruledge|0 fnt
|faint|p2a: Ceruledge
|
|-weather|Snowscape|[upkeep]
|upkeep
|
|t:|1781476953
|switch|p2a: Kingambit|Kingambit, M|100/100
|-damage|p2a: Kingambit|94/100|[from] Stealth Rock
|-damage|p2a: Kingambit|82/100|[from] Spikes
|-activate|p2a: Kingambit|ability: Supreme Overlord
|-start|p2a: Kingambit|fallen4|[silent]
|turn|18
|
|t:|1781476957
|move|p1a: Ceruledge|Swords Dance|p1a: Ceruledge
|-boost|p1a: Ceruledge|atk|2
|move|p2a: Kingambit|Swords Dance|p2a: Kingambit
|-boost|p2a: Kingambit|atk|2
|
|-weather|Snowscape|[upkeep]
|upkeep
|turn|19
|
|t:|1781476960
|move|p1a: Ceruledge|Shadow Sneak|p2a: Kingambit
|-resisted|p2a: Kingambit
|-damage|p2a: Kingambit|71/100
|move|p2a: Kingambit|Kowtow Cleave|p1a: Ceruledge
|-damage|p1a: Ceruledge|0 fnt
|faint|p1a: Ceruledge
|
|-weather|none
|upkeep
|inactive|PepeNike has 120 seconds left.
|
|t:|1781476966
|switch|p1a: Gholdengo|Gholdengo|100/100
|-damage|p1a: Gholdengo|94/100|[from] Stealth Rock
|-item|p1a: Gholdengo|Air Balloon
|turn|20
|
|t:|1781476969
|move|p2a: Kingambit|Sucker Punch||[still]
|-fail|p2a: Kingambit
|move|p1a: Gholdengo|Thunder Wave|p2a: Kingambit
|-status|p2a: Kingambit|par
|
|upkeep
|turn|21
|
|t:|1781476977
|move|p1a: Gholdengo|Recover|p1a: Gholdengo
|-heal|p1a: Gholdengo|100/100
|cant|p2a: Kingambit|par
|
|upkeep
|turn|22
|
|t:|1781476980
|move|p1a: Gholdengo|Hex|p2a: Kingambit
|-resisted|p2a: Kingambit
|-damage|p2a: Kingambit|57/100 par
|move|p2a: Kingambit|Kowtow Cleave|p1a: Gholdengo
|-supereffective|p1a: Gholdengo
|-damage|p1a: Gholdengo|0 fnt
|-enditem|p1a: Gholdengo|Air Balloon
|faint|p1a: Gholdengo
|
|-sideend|p2: aipt2|move: Aurora Veil
|upkeep
|
|t:|1781476982
|switch|p1a: Greninja|Greninja, M|100/100
|-damage|p1a: Greninja|88/100|[from] Stealth Rock
|turn|23
|
|t:|1781476985
|move|p1a: Greninja|Water Shuriken|p2a: Kingambit
|-damage|p2a: Kingambit|47/100 par
|-damage|p2a: Kingambit|36/100 par
|-damage|p2a: Kingambit|25/100 par
|-damage|p2a: Kingambit|16/100 par
|-hitcount|p2a: Kingambit|4
|-damage|p1a: Greninja|78/100|[from] item: Life Orb
|move|p2a: Kingambit|Kowtow Cleave|p1a: Greninja
|-resisted|p1a: Greninja
|-damage|p1a: Greninja|0 fnt
|faint|p1a: Greninja
|
|win|aipt2
|raw|PepeNike's rating: 1691 &rarr; <strong>1671</strong><br />(-20 for losing)
|raw|aipt2's rating: 1684 &rarr; <strong>1704</strong><br />(+20 for winning)
|l|☆PepeNike
|player|p1|
|l|☆aipt2
|player|p2|
|l| Ricolas385
|l| BiscoitoXDBr
|l| rexa2
