|badge|p2|bronze|gen9randombattle|100-9
|badge|p2|bronze|gen9ubers|100-9
|uhtml|medal-msg|<div class="broadcast-blue">Curious what those medals under the avatar are? PS now has Ladder Seasons! For more information, check out the <a href="https://www.smogon.com/forums/threads/3740067/">thread on Smogon.</a></div>
|j|☆StormIsNotOmega
|j|☆oddishlover4
|t:|1780991809
|gametype|singles
|player|p1|StormIsNotOmega|psychic-gen4|1503
|player|p2|oddishlover4|acetrainerf|1529
|gen|9
|tier|[Gen 9] OU
|rated|
|rule|HP Percentage Mod: HP is shown in percentages
|rule|Endless Battle Clause: Forcing endless battles is banned
|rule|Species Clause: Limit one of each Pokémon
|rule|OHKO Clause: OHKO moves are banned
|rule|Evasion Items Clause: Evasion items are banned
|rule|Evasion Moves Clause: Evasion moves are banned
|rule|Evasion Abilities Clause: Evasion abilities are banned
|rule|Sleep Moves Clause: Sleep-inducing moves are banned
|clearpoke
|poke|p1|Moltres|
|poke|p1|Clodsire, M|
|poke|p1|Gliscor, F|
|poke|p1|Blissey, F|
|poke|p1|Dondozo, M|
|poke|p1|Weezing-Galar, F|
|poke|p2|Iron Valiant|
|poke|p2|Ogerpon-Wellspring, F|
|poke|p2|Great Tusk|
|poke|p2|Dragonite, F|
|poke|p2|Gholdengo|
|poke|p2|Zamazenta-*|
|teampreview
|inactive|Battle timer is ON: inactive players will automatically lose when time's up. (requested by StormIsNotOmega)
|
|t:|1780991829
|teamsize|p1|6
|teamsize|p2|6
|start
|switch|p1a: Gliscor|Gliscor, F|100/100
|switch|p2a: Ogerpon|Ogerpon-Wellspring, F|100/100
|turn|1
|c|☆oddishlover4|gl/hf!
|inactive|oddishlover4 also wants the timer to be on.
|
|t:|1780991847
|move|p1a: Gliscor|Protect|p1a: Gliscor
|-singleturn|p1a: Gliscor|Protect
|move|p2a: Ogerpon|Knock Off|p1a: Gliscor
|-activate|p1a: Gliscor|move: Protect
|
|-status|p1a: Gliscor|tox|[from] item: Toxic Orb
|upkeep
|turn|2
|j| makz7x
|
|t:|1780991865
|-terastallize|p1a: Gliscor|Normal
|move|p2a: Ogerpon|Ivy Cudgel|p1a: Gliscor|[anim] Ivy Cudgel Water
|-damage|p1a: Gliscor|54/100 tox
|move|p1a: Gliscor|Facade|p2a: Ogerpon
|-damage|p2a: Ogerpon|45/100
|
|-heal|p1a: Gliscor|67/100 tox|[from] ability: Poison Heal
|upkeep
|turn|3
|
|t:|1780991884
|move|p2a: Ogerpon|U-turn|p1a: Gliscor
|-damage|p1a: Gliscor|47/100 tox
|inactive|oddishlover4 has 120 seconds left.
|
|t:|1780991902
|switch|p2a: Great Tusk|Great Tusk|100/100|[from] U-turn
|move|p1a: Gliscor|Knock Off|p2a: Great Tusk
|-resisted|p2a: Great Tusk
|-damage|p2a: Great Tusk|94/100
|-damage|p1a: Gliscor|31/100 tox|[from] item: Rocky Helmet|[of] p2a: Great Tusk
|-enditem|p2a: Great Tusk|Rocky Helmet|[from] move: Knock Off|[of] p1a: Gliscor
|
|-heal|p1a: Gliscor|43/100 tox|[from] ability: Poison Heal
|upkeep
|turn|4
|inactive|oddishlover4 has 120 seconds left.
|j| Kisaragi Station
|
|t:|1780991929
|move|p1a: Gliscor|Protect|p1a: Gliscor
|-singleturn|p1a: Gliscor|Protect
|move|p2a: Great Tusk|Headlong Rush|p1a: Gliscor
|-activate|p1a: Gliscor|move: Protect
|
|-heal|p1a: Gliscor|56/100 tox|[from] ability: Poison Heal
|upkeep
|turn|5
|inactive|StormIsNotOmega has 120 seconds left.
|
|t:|1780991947
|switch|p1a: Moltres|Moltres|100/100
|move|p2a: Great Tusk|Headlong Rush|p1a: Moltres
|-immune|p1a: Moltres
|
|upkeep
|turn|6
|inactive|oddishlover4 has 120 seconds left.
|
|t:|1780991965
|-end|p2a: Great Tusk|Protosynthesis|[silent]
|switch|p2a: Dragonite|Dragonite, F|100/100
|move|p1a: Moltres|Will-O-Wisp|p2a: Dragonite
|-status|p2a: Dragonite|brn
|
|-damage|p2a: Dragonite|94/100 brn|[from] brn
|upkeep
|turn|7
|inactive|oddishlover4 has 120 seconds left.
|inactive|StormIsNotOmega has 120 seconds left.
|
|t:|1780991990
|switch|p1a: Gliscor|Gliscor, F, tera:Normal|56/100 tox
|move|p2a: Dragonite|Extreme Speed|p1a: Gliscor
|-damage|p1a: Gliscor|45/100 tox
|
|-heal|p1a: Gliscor|57/100 tox|[from] ability: Poison Heal
|-damage|p2a: Dragonite|88/100 brn|[from] brn
|upkeep
|turn|8
|inactive|StormIsNotOmega has 120 seconds left.
|inactive|oddishlover4 has 120 seconds left.
|
|t:|1780991999
|switch|p2a: Zamazenta|Zamazenta|100/100
|-ability|p2a: Zamazenta|Dauntless Shield|boost
|-boost|p2a: Zamazenta|def|1
|move|p1a: Gliscor|Swords Dance|p1a: Gliscor
|-boost|p1a: Gliscor|atk|2
|
|-heal|p1a: Gliscor|70/100 tox|[from] ability: Poison Heal
|upkeep
|turn|9
|
|t:|1780992009
|move|p1a: Gliscor|Protect|p1a: Gliscor
|-singleturn|p1a: Gliscor|Protect
|move|p2a: Zamazenta|Roar|p1a: Gliscor
|drag|p1a: Clodsire|Clodsire, M|100/100
|
|upkeep
|turn|10
|l| makz7x
|inactive|oddishlover4 has 120 seconds left.
|
|t:|1780992027
|switch|p2a: Gholdengo|Gholdengo|100/100
|-item|p2a: Gholdengo|Air Balloon
|move|p1a: Clodsire|Poison Jab|p2a: Gholdengo
|-immune|p2a: Gholdengo
|
|upkeep
|turn|11
|inactive|oddishlover4 has 120 seconds left.
|
|t:|1780992045
|switch|p1a: Blissey|Blissey, F|100/100
|move|p2a: Gholdengo|Make It Rain|p1a: Blissey
|-damage|p1a: Blissey|85/100
|-unboost|p2a: Gholdengo|spa|1
|
|upkeep
|turn|12
|inactive|oddishlover4 has 120 seconds left.
|
|t:|1780992063
|switch|p2a: Ogerpon|Ogerpon-Wellspring, F|45/100
|move|p1a: Blissey|Ice Beam|p2a: Ogerpon
|-damage|p2a: Ogerpon|24/100
|
|upkeep
|turn|13
|
|t:|1780992082
|switch|p1a: Gliscor|Gliscor, F, tera:Normal|70/100 tox
|move|p2a: Ogerpon|Synthesis|p2a: Ogerpon
|-heal|p2a: Ogerpon|74/100
|
|-heal|p1a: Gliscor|82/100 tox|[from] ability: Poison Heal
|upkeep
|turn|14
|
|t:|1780992091
|move|p1a: Gliscor|Protect|p1a: Gliscor
|-singleturn|p1a: Gliscor|Protect
|move|p2a: Ogerpon|Ivy Cudgel|p1a: Gliscor|[anim] Ivy Cudgel Water
|-activate|p1a: Gliscor|move: Protect
|
|-heal|p1a: Gliscor|95/100 tox|[from] ability: Poison Heal
|upkeep
|turn|15
|
|t:|1780992101
|move|p2a: Ogerpon|U-turn|p1a: Gliscor
|-damage|p1a: Gliscor|74/100 tox
|
|t:|1780992110
|switch|p2a: Zamazenta|Zamazenta|100/100|[from] U-turn
|move|p1a: Gliscor|Facade|p2a: Zamazenta
|-damage|p2a: Zamazenta|60/100
|
|-heal|p1a: Gliscor|86/100 tox|[from] ability: Poison Heal
|upkeep
|turn|16
|inactive|oddishlover4 has 120 seconds left.
|
|t:|1780992120
|switch|p1a: Moltres|Moltres|100/100
|move|p2a: Zamazenta|Close Combat|p1a: Moltres
|-resisted|p1a: Moltres
|-damage|p1a: Moltres|79/100
|-unboost|p2a: Zamazenta|def|1
|-unboost|p2a: Zamazenta|spd|1
|
|upkeep
|turn|17
|inactive|oddishlover4 has 120 seconds left.
|
|t:|1780992139
|switch|p1a: Gliscor|Gliscor, F, tera:Normal|86/100 tox
|move|p2a: Zamazenta|Stone Edge|p1a: Gliscor
|-damage|p1a: Gliscor|61/100 tox
|
|-heal|p1a: Gliscor|73/100 tox|[from] ability: Poison Heal
|upkeep
|turn|18
|inactive|oddishlover4 has 120 seconds left.
|
|t:|1780992148
|move|p1a: Gliscor|Protect|p1a: Gliscor
|-singleturn|p1a: Gliscor|Protect
|move|p2a: Zamazenta|Close Combat|p1a: Gliscor
|-activate|p1a: Gliscor|move: Protect
|
|-heal|p1a: Gliscor|86/100 tox|[from] ability: Poison Heal
|upkeep
|turn|19
|
|t:|1780992158
|switch|p1a: Dondozo|Dondozo, M|100/100
|move|p2a: Zamazenta|Close Combat|p1a: Dondozo
|-damage|p1a: Dondozo|74/100
|-unboost|p2a: Zamazenta|def|1
|-unboost|p2a: Zamazenta|spd|1
|
|-heal|p1a: Dondozo|80/100|[from] item: Leftovers
|upkeep
|turn|20
|inactive|oddishlover4 has 120 seconds left.
|
|t:|1780992176
|switch|p2a: Gholdengo|Gholdengo|100/100
|-item|p2a: Gholdengo|Air Balloon
|switch|p1a: Gliscor|Gliscor, F, tera:Normal|86/100 tox
|
|-heal|p1a: Gliscor|98/100 tox|[from] ability: Poison Heal
|upkeep
|turn|21
|
|t:|1780992186
|move|p1a: Gliscor|Knock Off|p2a: Gholdengo
|-supereffective|p2a: Gholdengo
|-damage|p2a: Gholdengo|73/100
|-enditem|p2a: Gholdengo|Air Balloon
|move|p2a: Gholdengo|Make It Rain|p1a: Gliscor
|-damage|p1a: Gliscor|50/100 tox
|-unboost|p2a: Gholdengo|spa|1
|
|-heal|p1a: Gliscor|62/100 tox|[from] ability: Poison Heal
|upkeep
|turn|22
|
|t:|1780992196
|switch|p2a: Zamazenta|Zamazenta|60/100
|move|p1a: Gliscor|Swords Dance|p1a: Gliscor
|-boost|p1a: Gliscor|atk|2
|
|-heal|p1a: Gliscor|75/100 tox|[from] ability: Poison Heal
|upkeep
|turn|23
|
|t:|1780992205
|move|p1a: Gliscor|Protect|p1a: Gliscor
|-singleturn|p1a: Gliscor|Protect
|move|p2a: Zamazenta|Close Combat|p1a: Gliscor
|-activate|p1a: Gliscor|move: Protect
|
|-heal|p1a: Gliscor|87/100 tox|[from] ability: Poison Heal
|upkeep
|turn|24
|
|t:|1780992214
|switch|p1a: Weezing|Weezing-Galar, F|100/100
|-ability|p1a: Weezing|Neutralizing Gas
|move|p2a: Zamazenta|Close Combat|p1a: Weezing
|-resisted|p1a: Weezing
|-damage|p1a: Weezing|90/100
|-unboost|p2a: Zamazenta|def|1
|-unboost|p2a: Zamazenta|spd|1
|
|upkeep
|turn|25
|
|t:|1780992233
|switch|p2a: Gholdengo|Gholdengo|73/100
|move|p1a: Weezing|Will-O-Wisp|p2a: Gholdengo|[miss]
|-miss|p1a: Weezing|p2a: Gholdengo
|
|upkeep
|turn|26
|
|t:|1780992251
|-end|p1a: Weezing|ability: Neutralizing Gas
|switch|p1a: Clodsire|Clodsire, M|100/100
|move|p2a: Gholdengo|Make It Rain|p1a: Clodsire
|-damage|p1a: Clodsire|73/100
|-unboost|p2a: Gholdengo|spa|1
|
|upkeep
|turn|27
|
|t:|1780992270
|switch|p2a: Ogerpon|Ogerpon-Wellspring, F|74/100
|switch|p1a: Gliscor|Gliscor, F, tera:Normal|87/100 tox
|
|-heal|p1a: Gliscor|99/100 tox|[from] ability: Poison Heal
|upkeep
|turn|28
|
|t:|1780992280
|move|p2a: Ogerpon|U-turn|p1a: Gliscor
|-damage|p1a: Gliscor|77/100 tox
|
|t:|1780992289
|switch|p2a: Zamazenta|Zamazenta|60/100|[from] U-turn
|move|p1a: Gliscor|Facade|p2a: Zamazenta
|-damage|p2a: Zamazenta|18/100
|
|-heal|p1a: Gliscor|90/100 tox|[from] ability: Poison Heal
|upkeep
|turn|29
|
|t:|1780992299
|move|p1a: Gliscor|Protect|p1a: Gliscor
|-singleturn|p1a: Gliscor|Protect
|move|p2a: Zamazenta|Close Combat|p1a: Gliscor
|-activate|p1a: Gliscor|move: Protect
|
|-heal|p1a: Gliscor|100/100 tox|[from] ability: Poison Heal
|upkeep
|turn|30
|
|t:|1780992308
|switch|p1a: Weezing|Weezing-Galar, F|90/100
|-ability|p1a: Weezing|Neutralizing Gas
|move|p2a: Zamazenta|Close Combat|p1a: Weezing
|-resisted|p1a: Weezing
|-damage|p1a: Weezing|80/100
|-unboost|p2a: Zamazenta|def|1
|-unboost|p2a: Zamazenta|spd|1
|
|upkeep
|turn|31
|
|t:|1780992327
|switch|p2a: Gholdengo|Gholdengo|73/100
|move|p1a: Weezing|Will-O-Wisp|p2a: Gholdengo|[miss]
|-miss|p1a: Weezing|p2a: Gholdengo
|
|upkeep
|turn|32
|
|t:|1780992345
|-end|p1a: Weezing|ability: Neutralizing Gas
|switch|p1a: Blissey|Blissey, F|85/100
|move|p2a: Gholdengo|Make It Rain|p1a: Blissey
|-damage|p1a: Blissey|70/100
|-unboost|p2a: Gholdengo|spa|1
|
|upkeep
|turn|33
|
|t:|1780992363
|switch|p2a: Zamazenta|Zamazenta|18/100
|switch|p1a: Gliscor|Gliscor, F, tera:Normal|100/100 tox
|
|upkeep
|turn|34
|
|t:|1780992373
|move|p1a: Gliscor|Protect|p1a: Gliscor
|-singleturn|p1a: Gliscor|Protect
|move|p2a: Zamazenta|Close Combat|p1a: Gliscor
|-activate|p1a: Gliscor|move: Protect
|
|upkeep
|turn|35
|
|t:|1780992382
|switch|p2a: Gholdengo|Gholdengo|73/100
|move|p1a: Gliscor|Facade|p2a: Gholdengo
|-immune|p2a: Gholdengo
|
|upkeep
|turn|36
|
|t:|1780992391
|move|p1a: Gliscor|Swords Dance|p1a: Gliscor
|-boost|p1a: Gliscor|atk|2
|move|p2a: Gholdengo|Recover|p2a: Gholdengo
|-heal|p2a: Gholdengo|100/100
|
|upkeep
|turn|37
|
|t:|1780992400
|move|p1a: Gliscor|Knock Off|p2a: Gholdengo
|-supereffective|p2a: Gholdengo
|-damage|p2a: Gholdengo|62/100
|move|p2a: Gholdengo|Make It Rain|p1a: Gliscor
|-damage|p1a: Gliscor|58/100 tox
|-unboost|p2a: Gholdengo|spa|1
|
|-heal|p1a: Gliscor|70/100 tox|[from] ability: Poison Heal
|upkeep
|turn|38
|
|t:|1780992410
|move|p1a: Gliscor|Swords Dance|p1a: Gliscor
|-boost|p1a: Gliscor|atk|2
|move|p2a: Gholdengo|Make It Rain|p1a: Gliscor
|-damage|p1a: Gliscor|38/100 tox
|-unboost|p2a: Gholdengo|spa|1
|
|-heal|p1a: Gliscor|50/100 tox|[from] ability: Poison Heal
|upkeep
|turn|39
|
|t:|1780992419
|switch|p2a: Zamazenta|Zamazenta|18/100
|move|p1a: Gliscor|Facade|p2a: Zamazenta
|-damage|p2a: Zamazenta|0 fnt
|faint|p2a: Zamazenta
|
|-heal|p1a: Gliscor|63/100 tox|[from] ability: Poison Heal
|upkeep
|
|t:|1780992428
|switch|p2a: Iron Valiant|Iron Valiant|100/100
|-enditem|p2a: Iron Valiant|Booster Energy
|-activate|p2a: Iron Valiant|ability: Quark Drive|[fromitem]
|-start|p2a: Iron Valiant|quarkdrivespe
|turn|40
|
|t:|1780992437
|move|p1a: Gliscor|Protect|p1a: Gliscor
|-singleturn|p1a: Gliscor|Protect
|move|p2a: Iron Valiant|Close Combat|p1a: Gliscor
|-activate|p1a: Gliscor|move: Protect
|
|-heal|p1a: Gliscor|75/100 tox|[from] ability: Poison Heal
|upkeep
|turn|41
|
|t:|1780992447
|switch|p1a: Weezing|Weezing-Galar, F|80/100
|-ability|p1a: Weezing|Neutralizing Gas
|move|p2a: Iron Valiant|Close Combat|p1a: Weezing
|-resisted|p1a: Weezing
|-damage|p1a: Weezing|72/100
|-unboost|p2a: Iron Valiant|def|1
|-unboost|p2a: Iron Valiant|spd|1
|
|upkeep
|turn|42
|
|t:|1780992466
|-end|p2a: Iron Valiant|Quark Drive|[silent]
|switch|p2a: Gholdengo|Gholdengo|62/100
|move|p1a: Weezing|Will-O-Wisp|p2a: Gholdengo
|-status|p2a: Gholdengo|brn
|
|-damage|p2a: Gholdengo|56/100 brn|[from] brn
|upkeep
|turn|43
|
|t:|1780992484
|-end|p1a: Weezing|ability: Neutralizing Gas
|switch|p1a: Gliscor|Gliscor, F, tera:Normal|75/100 tox
|move|p2a: Gholdengo|Make It Rain|p1a: Gliscor
|-damage|p1a: Gliscor|30/100 tox
|-unboost|p2a: Gholdengo|spa|1
|
|-heal|p1a: Gliscor|42/100 tox|[from] ability: Poison Heal
|-damage|p2a: Gholdengo|50/100 brn|[from] brn
|upkeep
|turn|44
|
|t:|1780992497
|switch|p2a: Iron Valiant|Iron Valiant|100/100
|move|p1a: Gliscor|Swords Dance|p1a: Gliscor
|-boost|p1a: Gliscor|atk|2
|
|-heal|p1a: Gliscor|55/100 tox|[from] ability: Poison Heal
|upkeep
|turn|45
|
|t:|1780992506
|move|p1a: Gliscor|Protect|p1a: Gliscor
|-singleturn|p1a: Gliscor|Protect
|move|p2a: Iron Valiant|Close Combat|p1a: Gliscor
|-activate|p1a: Gliscor|move: Protect
|
|-heal|p1a: Gliscor|67/100 tox|[from] ability: Poison Heal
|upkeep
|turn|46
|
|t:|1780992515
|switch|p1a: Moltres|Moltres|79/100
|move|p2a: Iron Valiant|Close Combat|p1a: Moltres
|-resisted|p1a: Moltres
|-damage|p1a: Moltres|61/100
|-unboost|p2a: Iron Valiant|def|1
|-unboost|p2a: Iron Valiant|spd|1
|-status|p2a: Iron Valiant|brn|[from] ability: Flame Body|[of] p1a: Moltres
|
|-damage|p2a: Iron Valiant|94/100 brn|[from] brn
|upkeep
|turn|47
|
|t:|1780992533
|switch|p1a: Gliscor|Gliscor, F, tera:Normal|67/100 tox
|move|p2a: Iron Valiant|Moonblast|p1a: Gliscor
|-damage|p1a: Gliscor|29/100 tox
|
|-heal|p1a: Gliscor|42/100 tox|[from] ability: Poison Heal
|-damage|p2a: Iron Valiant|88/100 brn|[from] brn
|upkeep
|turn|48
|
|t:|1780992542
|move|p1a: Gliscor|Protect|p1a: Gliscor
|-singleturn|p1a: Gliscor|Protect
|move|p2a: Iron Valiant|Moonblast|p1a: Gliscor
|-activate|p1a: Gliscor|move: Protect
|
|-heal|p1a: Gliscor|54/100 tox|[from] ability: Poison Heal
|-damage|p2a: Iron Valiant|82/100 brn|[from] brn
|upkeep
|turn|49
|
|t:|1780992552
|switch|p1a: Moltres|Moltres|61/100
|move|p2a: Iron Valiant|Moonblast|p1a: Moltres
|-resisted|p1a: Moltres
|-damage|p1a: Moltres|38/100
|
|-damage|p2a: Iron Valiant|76/100 brn|[from] brn
|upkeep
|turn|50
|
|t:|1780992570
|move|p2a: Iron Valiant|Moonblast|p1a: Moltres
|-resisted|p1a: Moltres
|-damage|p1a: Moltres|14/100
|move|p1a: Moltres|Roost|p1a: Moltres
|-heal|p1a: Moltres|64/100
|-singleturn|p1a: Moltres|move: Roost
|
|-damage|p2a: Iron Valiant|69/100 brn|[from] brn
|upkeep
|turn|51
|
|t:|1780992588
|move|p2a: Iron Valiant|Moonblast|p1a: Moltres
|-resisted|p1a: Moltres
|-damage|p1a: Moltres|40/100
|move|p1a: Moltres|Roost|p1a: Moltres
|-heal|p1a: Moltres|90/100
|-singleturn|p1a: Moltres|move: Roost
|
|-damage|p2a: Iron Valiant|63/100 brn|[from] brn
|upkeep
|turn|52
|
|t:|1780992606
|move|p2a: Iron Valiant|Moonblast|p1a: Moltres
|-resisted|p1a: Moltres
|-damage|p1a: Moltres|68/100
|move|p1a: Moltres|Flamethrower|p2a: Iron Valiant
|-damage|p2a: Iron Valiant|0 fnt
|faint|p2a: Iron Valiant
|-end|p2a: Iron Valiant|Quark Drive|[silent]
|
|upkeep
|
|t:|1780992615
|switch|p2a: Ogerpon|Ogerpon-Wellspring, F|74/100
|turn|53
|
|t:|1780992625
|switch|p1a: Dondozo|Dondozo, M|80/100
|move|p2a: Ogerpon|Ivy Cudgel|p1a: Dondozo|[anim] Ivy Cudgel Water
|-resisted|p1a: Dondozo
|-damage|p1a: Dondozo|66/100
|
|-heal|p1a: Dondozo|72/100|[from] item: Leftovers
|upkeep
|turn|54
|
|t:|1780992643
|switch|p1a: Gliscor|Gliscor, F, tera:Normal|54/100 tox
|move|p2a: Ogerpon|Knock Off|p1a: Gliscor
|-damage|p1a: Gliscor|23/100 tox
|-enditem|p1a: Gliscor|Toxic Orb|[from] move: Knock Off|[of] p2a: Ogerpon
|
|-heal|p1a: Gliscor|36/100 tox|[from] ability: Poison Heal
|upkeep
|turn|55
|
|t:|1780992652
|move|p1a: Gliscor|Protect|p1a: Gliscor
|-singleturn|p1a: Gliscor|Protect
|move|p2a: Ogerpon|Synthesis|p2a: Ogerpon
|-heal|p2a: Ogerpon|100/100
|
|-heal|p1a: Gliscor|48/100 tox|[from] ability: Poison Heal
|upkeep
|turn|56
|
|t:|1780992661
|switch|p1a: Dondozo|Dondozo, M|72/100
|move|p2a: Ogerpon|Knock Off|p1a: Dondozo
|-damage|p1a: Dondozo|55/100
|-enditem|p1a: Dondozo|Leftovers|[from] move: Knock Off|[of] p2a: Ogerpon
|
|upkeep
|turn|57
|
|t:|1780992680
|move|p2a: Ogerpon|Ivy Cudgel|p1a: Dondozo|[anim] Ivy Cudgel Water
|-resisted|p1a: Dondozo
|-damage|p1a: Dondozo|42/100
|move|p1a: Dondozo|Rest|p1a: Dondozo
|-status|p1a: Dondozo|slp|[from] move: Rest
|-heal|p1a: Dondozo|100/100 slp|[silent]
|
|upkeep
|turn|58
|
|t:|1780992698
|move|p2a: Ogerpon|U-turn|p1a: Dondozo
|-damage|p1a: Dondozo|89/100 slp
|inactive|oddishlover4 has 120 seconds left.
|
|t:|1780992717
|switch|p2a: Gholdengo|Gholdengo|50/100 brn|[from] U-turn
|cant|p1a: Dondozo|slp
|move|p1a: Dondozo|Sleep Talk|p1a: Dondozo
|move|p1a: Dondozo|Curse|p1a: Dondozo|[from] move: Sleep Talk
|-unboost|p1a: Dondozo|spe|1
|-boost|p1a: Dondozo|atk|1
|-boost|p1a: Dondozo|def|1
|
|-damage|p2a: Gholdengo|44/100 brn|[from] brn
|upkeep
|turn|59
|inactive|oddishlover4 has 120 seconds left.
|
|t:|1780992735
|switch|p1a: Gliscor|Gliscor, F, tera:Normal|48/100 tox
|move|p2a: Gholdengo|Recover|p2a: Gholdengo
|-heal|p2a: Gholdengo|94/100 brn
|
|-heal|p1a: Gliscor|61/100 tox|[from] ability: Poison Heal
|-damage|p2a: Gholdengo|88/100 brn|[from] brn
|upkeep
|turn|60
|
|t:|1780992744
|move|p1a: Gliscor|Protect|p1a: Gliscor
|-singleturn|p1a: Gliscor|Protect
|move|p2a: Gholdengo|Make It Rain|p1a: Gliscor
|-activate|p1a: Gliscor|move: Protect
|
|-heal|p1a: Gliscor|73/100 tox|[from] ability: Poison Heal
|-damage|p2a: Gholdengo|81/100 brn|[from] brn
|upkeep
|turn|61
|inactive|oddishlover4 has 120 seconds left.
|
|t:|1780992753
|switch|p2a: Ogerpon|Ogerpon-Wellspring, F|100/100
|move|p1a: Gliscor|Swords Dance|p1a: Gliscor
|-boost|p1a: Gliscor|atk|2
|
|-heal|p1a: Gliscor|86/100 tox|[from] ability: Poison Heal
|upkeep
|turn|62
|
|t:|1780992762
|move|p1a: Gliscor|Protect|p1a: Gliscor
|-singleturn|p1a: Gliscor|Protect
|move|p2a: Ogerpon|U-turn|p1a: Gliscor
|-activate|p1a: Gliscor|move: Protect
|
|-heal|p1a: Gliscor|98/100 tox|[from] ability: Poison Heal
|upkeep
|turn|63
|
|t:|1780992771
|move|p2a: Ogerpon|U-turn|p1a: Gliscor
|-damage|p1a: Gliscor|77/100 tox
|
|t:|1780992781
|switch|p2a: Dragonite|Dragonite, F|88/100 brn|[from] U-turn
|move|p1a: Gliscor|Facade|p2a: Dragonite
|-damage|p2a: Dragonite|10/100 brn
|
|-heal|p1a: Gliscor|90/100 tox|[from] ability: Poison Heal
|-damage|p2a: Dragonite|4/100 brn|[from] brn
|upkeep
|turn|64
|
|t:|1780992790
|move|p2a: Dragonite|Roost|p2a: Dragonite
|-heal|p2a: Dragonite|54/100 brn
|-singleturn|p2a: Dragonite|move: Roost
|move|p1a: Gliscor|Swords Dance|p1a: Gliscor
|-boost|p1a: Gliscor|atk|2
|
|-heal|p1a: Gliscor|100/100 tox|[from] ability: Poison Heal
|-damage|p2a: Dragonite|48/100 brn|[from] brn
|upkeep
|turn|65
|
|t:|1780992799
|switch|p2a: Gholdengo|Gholdengo|81/100 brn
|move|p1a: Gliscor|Swords Dance|p1a: Gliscor
|-boost|p1a: Gliscor|atk|2
|
|-damage|p2a: Gholdengo|75/100 brn|[from] brn
|upkeep
|turn|66
|
|t:|1780992808
|switch|p2a: Great Tusk|Great Tusk|94/100
|move|p1a: Gliscor|Knock Off|p2a: Great Tusk
|-resisted|p2a: Great Tusk
|-damage|p2a: Great Tusk|76/100
|
|upkeep
|turn|67
|
|t:|1780992817
|-end|p2a: Great Tusk|Protosynthesis|[silent]
|switch|p2a: Gholdengo|Gholdengo|75/100 brn
|move|p1a: Gliscor|Protect||[still]
|-fail|p1a: Gliscor
|
|-damage|p2a: Gholdengo|69/100 brn|[from] brn
|upkeep
|turn|68
|
|t:|1780992826
|switch|p2a: Great Tusk|Great Tusk|76/100
|move|p1a: Gliscor|Knock Off|p2a: Great Tusk
|-resisted|p2a: Great Tusk
|-damage|p2a: Great Tusk|59/100
|
|upkeep
|turn|69
|
|t:|1780992835
|-end|p2a: Great Tusk|Protosynthesis|[silent]
|switch|p2a: Gholdengo|Gholdengo|69/100 brn
|move|p1a: Gliscor|Protect||[still]
|-fail|p1a: Gliscor
|
|-damage|p2a: Gholdengo|63/100 brn|[from] brn
|upkeep
|turn|70
|
|t:|1780992844
|switch|p2a: Great Tusk|Great Tusk|59/100
|move|p1a: Gliscor|Knock Off|p2a: Great Tusk
|-resisted|p2a: Great Tusk
|-damage|p2a: Great Tusk|43/100
|
|upkeep
|turn|71
|
|t:|1780992853
|-end|p2a: Great Tusk|Protosynthesis|[silent]
|switch|p2a: Gholdengo|Gholdengo|63/100 brn
|move|p1a: Gliscor|Facade|p2a: Gholdengo
|-immune|p2a: Gholdengo
|
|-damage|p2a: Gholdengo|57/100 brn|[from] brn
|upkeep
|turn|72
|
|t:|1780992862
|switch|p2a: Great Tusk|Great Tusk|43/100
|move|p1a: Gliscor|Knock Off|p2a: Great Tusk
|-resisted|p2a: Great Tusk
|-damage|p2a: Great Tusk|24/100
|
|upkeep
|turn|73
|
|t:|1780992871
|-end|p2a: Great Tusk|Protosynthesis|[silent]
|switch|p2a: Gholdengo|Gholdengo|57/100 brn
|move|p1a: Gliscor|Facade|p2a: Gholdengo
|-immune|p2a: Gholdengo
|
|-damage|p2a: Gholdengo|51/100 brn|[from] brn
|upkeep
|turn|74
|
|t:|1780992880
|switch|p2a: Great Tusk|Great Tusk|24/100
|move|p1a: Gliscor|Knock Off|p2a: Great Tusk
|-resisted|p2a: Great Tusk
|-damage|p2a: Great Tusk|8/100
|
|upkeep
|turn|75
|
|t:|1780992889
|move|p2a: Great Tusk|Headlong Rush|p1a: Gliscor
|-damage|p1a: Gliscor|58/100 tox
|-unboost|p2a: Great Tusk|def|1
|-unboost|p2a: Great Tusk|spd|1
|move|p1a: Gliscor|Knock Off|p2a: Great Tusk
|-resisted|p2a: Great Tusk
|-damage|p2a: Great Tusk|0 fnt
|faint|p2a: Great Tusk
|-end|p2a: Great Tusk|Protosynthesis|[silent]
|
|-heal|p1a: Gliscor|70/100 tox|[from] ability: Poison Heal
|upkeep
|
|t:|1780992899
|switch|p2a: Ogerpon|Ogerpon-Wellspring, F|100/100
|turn|76
|
|t:|1780992908
|move|p2a: Ogerpon|U-turn|p1a: Gliscor
|-damage|p1a: Gliscor|49/100 tox
|
|t:|1780992918
|switch|p2a: Dragonite|Dragonite, F|48/100 brn|[from] U-turn
|move|p1a: Gliscor|Facade|p2a: Dragonite
|-damage|p2a: Dragonite|0 fnt
|faint|p2a: Dragonite
|
|-heal|p1a: Gliscor|62/100 tox|[from] ability: Poison Heal
|upkeep
|
|t:|1780992927
|switch|p2a: Ogerpon|Ogerpon-Wellspring, F|100/100
|turn|77
|
|t:|1780992936
|-terastallize|p2a: Ogerpon|Water
|detailschange|p2a: Ogerpon|Ogerpon-Wellspring-Tera, F, tera:Water
|-ability|p2a: Ogerpon|Embody Aspect (Wellspring)|boost
|-boost|p2a: Ogerpon|spd|1
|move|p2a: Ogerpon|Ivy Cudgel|p1a: Gliscor|[anim] Ivy Cudgel Water
|-crit|p1a: Gliscor
|-damage|p1a: Gliscor|0 fnt
|faint|p1a: Gliscor
|
|upkeep
|
|t:|1780992947
|switch|p1a: Dondozo|Dondozo, M|89/100 slp
|turn|78
|
|t:|1780992966
|move|p2a: Ogerpon|Ivy Cudgel|p1a: Dondozo|[anim] Ivy Cudgel Water
|-resisted|p1a: Dondozo
|-damage|p1a: Dondozo|72/100 slp
|cant|p1a: Dondozo|slp
|move|p1a: Dondozo|Sleep Talk|p1a: Dondozo
|move|p1a: Dondozo|Rest||[from] move: Sleep Talk|[still]
|-fail|p1a: Dondozo
|
|upkeep
|turn|79
|
|t:|1780992984
|move|p2a: Ogerpon|U-turn|p1a: Dondozo
|-damage|p1a: Dondozo|59/100 slp
|inactive|oddishlover4 has 120 seconds left.
|
|t:|1780993003
|switch|p2a: Gholdengo|Gholdengo|51/100 brn|[from] U-turn
|-curestatus|p1a: Dondozo|slp|[msg]
|move|p1a: Dondozo|Curse|p1a: Dondozo
|-unboost|p1a: Dondozo|spe|1
|-boost|p1a: Dondozo|atk|1
|-boost|p1a: Dondozo|def|1
|
|-damage|p2a: Gholdengo|45/100 brn|[from] brn
|upkeep
|turn|80
|
|t:|1780993012
|move|p2a: Gholdengo|Recover|p2a: Gholdengo
|-heal|p2a: Gholdengo|95/100 brn
|move|p1a: Dondozo|Rest|p1a: Dondozo
|-status|p1a: Dondozo|slp|[from] move: Rest
|-heal|p1a: Dondozo|100/100 slp|[silent]
|
|-damage|p2a: Gholdengo|89/100 brn|[from] brn
|upkeep
|turn|81
|
|t:|1780993022
|switch|p1a: Clodsire|Clodsire, M|73/100
|move|p2a: Gholdengo|Hex|p1a: Clodsire
|-damage|p1a: Clodsire|58/100
|
|-damage|p2a: Gholdengo|83/100 brn|[from] brn
|upkeep
|turn|82
|
|t:|1780993041
|switch|p2a: Ogerpon|Ogerpon-Wellspring-Tera, F, tera:Water|100/100
|-ability|p2a: Ogerpon|Embody Aspect (Wellspring)|boost
|-boost|p2a: Ogerpon|spd|1
|move|p1a: Clodsire|Toxic|p2a: Ogerpon
|-status|p2a: Ogerpon|tox
|
|-damage|p2a: Ogerpon|95/100 tox|[from] psn
|upkeep
|turn|83
|inactive|oddishlover4 has 120 seconds left.
|
|t:|1780993059
|switch|p1a: Dondozo|Dondozo, M|100/100 slp
|move|p2a: Ogerpon|Ivy Cudgel|p1a: Dondozo|[anim] Ivy Cudgel Water
|-resisted|p1a: Dondozo
|-damage|p1a: Dondozo|83/100 slp
|
|-damage|p2a: Ogerpon|83/100 tox|[from] psn
|upkeep
|turn|84
|
|t:|1780993068
|move|p2a: Ogerpon|U-turn|p1a: Dondozo
|-crit|p1a: Dondozo
|-damage|p1a: Dondozo|64/100 slp
|
|t:|1780993078
|switch|p2a: Gholdengo|Gholdengo|83/100 brn|[from] U-turn
|cant|p1a: Dondozo|slp
|move|p1a: Dondozo|Sleep Talk|p1a: Dondozo
|move|p1a: Dondozo|Curse|p1a: Dondozo|[from] move: Sleep Talk
|-unboost|p1a: Dondozo|spe|1
|-boost|p1a: Dondozo|atk|1
|-boost|p1a: Dondozo|def|1
|
|-damage|p2a: Gholdengo|77/100 brn|[from] brn
|upkeep
|turn|85
|
|t:|1780993089
|switch|p1a: Moltres|Moltres|68/100
|move|p2a: Gholdengo|Hex|p1a: Moltres
|-damage|p1a: Moltres|36/100
|
|-damage|p2a: Gholdengo|71/100 brn|[from] brn
|upkeep
|turn|86
|
|t:|1780993099
|move|p2a: Gholdengo|Thunder Wave|p1a: Moltres
|-status|p1a: Moltres|par
|move|p1a: Moltres|Roost|p1a: Moltres
|-heal|p1a: Moltres|86/100 par
|-singleturn|p1a: Moltres|move: Roost
|
|-damage|p2a: Gholdengo|65/100 brn|[from] brn
|upkeep
|turn|87
|
|t:|1780993108
|switch|p2a: Ogerpon|Ogerpon-Wellspring-Tera, F, tera:Water|83/100 tox
|-ability|p2a: Ogerpon|Embody Aspect (Wellspring)|boost
|-boost|p2a: Ogerpon|spd|1
|switch|p1a: Clodsire|Clodsire, M|58/100
|
|-damage|p2a: Ogerpon|77/100 tox|[from] psn
|upkeep
|turn|88
|
|t:|1780993126
|switch|p1a: Dondozo|Dondozo, M|64/100 slp
|move|p2a: Ogerpon|Ivy Cudgel|p1a: Dondozo|[anim] Ivy Cudgel Water
|-resisted|p1a: Dondozo
|-damage|p1a: Dondozo|45/100 slp
|
|-damage|p2a: Ogerpon|65/100 tox|[from] psn
|upkeep
|turn|89
|
|t:|1780993136
|move|p2a: Ogerpon|U-turn|p1a: Dondozo
|-damage|p1a: Dondozo|32/100 slp
|
|t:|1780993145
|switch|p2a: Gholdengo|Gholdengo|65/100 brn|[from] U-turn
|cant|p1a: Dondozo|slp
|
|-damage|p2a: Gholdengo|58/100 brn|[from] brn
|upkeep
|turn|90
|
|t:|1780993154
|switch|p2a: Ogerpon|Ogerpon-Wellspring-Tera, F, tera:Water|65/100 tox
|-ability|p2a: Ogerpon|Embody Aspect (Wellspring)|boost
|-boost|p2a: Ogerpon|spd|1
|switch|p1a: Blissey|Blissey, F|70/100
|
|-damage|p2a: Ogerpon|59/100 tox|[from] psn
|upkeep
|turn|91
|
|t:|1780993172
|move|p2a: Ogerpon|Ivy Cudgel|p1a: Blissey|[anim] Ivy Cudgel Water
|-damage|p1a: Blissey|0 fnt
|faint|p1a: Blissey
|
|-damage|p2a: Ogerpon|47/100 tox|[from] psn
|upkeep
|
|t:|1780993184
|switch|p1a: Dondozo|Dondozo, M|32/100 slp
|turn|92
|
|t:|1780993193
|move|p2a: Ogerpon|Synthesis|p2a: Ogerpon
|-heal|p2a: Ogerpon|97/100 tox
|-curestatus|p1a: Dondozo|slp|[msg]
|move|p1a: Dondozo|Rest|p1a: Dondozo
|-status|p1a: Dondozo|slp|[from] move: Rest
|-heal|p1a: Dondozo|100/100 slp|[silent]
|
|-damage|p2a: Ogerpon|79/100 tox|[from] psn
|upkeep
|turn|93
|
|t:|1780993209
|move|p2a: Ogerpon|U-turn|p1a: Dondozo
|-damage|p1a: Dondozo|89/100 slp
|
|t:|1780993219
|switch|p2a: Gholdengo|Gholdengo|58/100 brn|[from] U-turn
|cant|p1a: Dondozo|slp
|move|p1a: Dondozo|Sleep Talk|p1a: Dondozo
|move|p1a: Dondozo|Rest||[from] move: Sleep Talk|[still]
|-fail|p1a: Dondozo
|
|-damage|p2a: Gholdengo|52/100 brn|[from] brn
|upkeep
|turn|94
|
|t:|1780993228
|switch|p2a: Ogerpon|Ogerpon-Wellspring-Tera, F, tera:Water|79/100 tox
|-ability|p2a: Ogerpon|Embody Aspect (Wellspring)|boost
|-boost|p2a: Ogerpon|spd|1
|cant|p1a: Dondozo|slp
|move|p1a: Dondozo|Sleep Talk|p1a: Dondozo
|move|p1a: Dondozo|Curse|p1a: Dondozo|[from] move: Sleep Talk
|-unboost|p1a: Dondozo|spe|1
|-boost|p1a: Dondozo|atk|1
|-boost|p1a: Dondozo|def|1
|
|-damage|p2a: Ogerpon|73/100 tox|[from] psn
|upkeep
|turn|95
|
|t:|1780993240
|move|p2a: Ogerpon|U-turn|p1a: Dondozo
|-damage|p1a: Dondozo|80/100 slp
|
|t:|1780993250
|switch|p2a: Gholdengo|Gholdengo|52/100 brn|[from] U-turn
|-curestatus|p1a: Dondozo|slp|[msg]
|move|p1a: Dondozo|Body Press|p2a: Gholdengo
|-immune|p2a: Gholdengo
|
|-damage|p2a: Gholdengo|46/100 brn|[from] brn
|upkeep
|turn|96
|
|t:|1780993261
|switch|p1a: Clodsire|Clodsire, M|58/100
|move|p2a: Gholdengo|Recover|p2a: Gholdengo
|-heal|p2a: Gholdengo|96/100 brn
|
|-damage|p2a: Gholdengo|90/100 brn|[from] brn
|upkeep
|turn|97
|
|t:|1780993279
|switch|p2a: Ogerpon|Ogerpon-Wellspring-Tera, F, tera:Water|73/100 tox
|-ability|p2a: Ogerpon|Embody Aspect (Wellspring)|boost
|-boost|p2a: Ogerpon|spd|1
|move|p1a: Clodsire|Earthquake|p2a: Ogerpon
|-damage|p2a: Ogerpon|39/100 tox
|
|-damage|p2a: Ogerpon|33/100 tox|[from] psn
|upkeep
|turn|98
|
|t:|1780993290
|switch|p1a: Dondozo|Dondozo, M|80/100
|move|p2a: Ogerpon|Synthesis|p2a: Ogerpon
|-heal|p2a: Ogerpon|83/100 tox
|
|-damage|p2a: Ogerpon|71/100 tox|[from] psn
|upkeep
|turn|99
|
|t:|1780993299
|switch|p1a: Weezing|Weezing-Galar, F|72/100
|-ability|p1a: Weezing|Neutralizing Gas
|move|p2a: Ogerpon|U-turn|p1a: Weezing
|-resisted|p1a: Weezing
|-damage|p1a: Weezing|67/100
|
|t:|1780993318
|switch|p2a: Gholdengo|Gholdengo|90/100 brn|[from] U-turn
|
|-damage|p2a: Gholdengo|84/100 brn|[from] brn
|upkeep
|turn|100
|
|t:|1780993336
|switch|p2a: Ogerpon|Ogerpon-Wellspring-Tera, F, tera:Water|71/100 tox
|-end|p1a: Weezing|ability: Neutralizing Gas
|-ability|p2a: Ogerpon|Embody Aspect (Wellspring)|boost
|-boost|p2a: Ogerpon|spd|1
|switch|p1a: Clodsire|Clodsire, M|58/100
|
|-damage|p2a: Ogerpon|65/100 tox|[from] psn
|upkeep
|turn|101
|
|t:|1780993345
|switch|p1a: Dondozo|Dondozo, M|80/100
|move|p2a: Ogerpon|Synthesis|p2a: Ogerpon
|-heal|p2a: Ogerpon|100/100 tox
|
|-damage|p2a: Ogerpon|89/100 tox|[from] psn
|upkeep
|turn|102
|
|t:|1780993356
|move|p2a: Ogerpon|U-turn|p1a: Dondozo
|-damage|p1a: Dondozo|69/100
|
|t:|1780993366
|switch|p2a: Gholdengo|Gholdengo|84/100 brn|[from] U-turn
|move|p1a: Dondozo|Curse|p1a: Dondozo
|-unboost|p1a: Dondozo|spe|1
|-boost|p1a: Dondozo|atk|1
|-boost|p1a: Dondozo|def|1
|
|-damage|p2a: Gholdengo|78/100 brn|[from] brn
|upkeep
|turn|103
|
|t:|1780993375
|switch|p2a: Ogerpon|Ogerpon-Wellspring-Tera, F, tera:Water|89/100 tox
|-ability|p2a: Ogerpon|Embody Aspect (Wellspring)|boost
|-boost|p2a: Ogerpon|spd|1
|move|p1a: Dondozo|Rest|p1a: Dondozo
|-status|p1a: Dondozo|slp|[from] move: Rest
|-heal|p1a: Dondozo|100/100 slp|[silent]
|
|-damage|p2a: Ogerpon|83/100 tox|[from] psn
|upkeep
|turn|104
|
|t:|1780993386
|move|p2a: Ogerpon|U-turn|p1a: Dondozo
|-damage|p1a: Dondozo|92/100 slp
|
|t:|1780993396
|switch|p2a: Gholdengo|Gholdengo|78/100 brn|[from] U-turn
|cant|p1a: Dondozo|slp
|move|p1a: Dondozo|Sleep Talk|p1a: Dondozo
|move|p1a: Dondozo|Body Press|p2a: Gholdengo|[from] move: Sleep Talk
|-immune|p2a: Gholdengo
|
|-damage|p2a: Gholdengo|72/100 brn|[from] brn
|upkeep
|turn|105
|
|t:|1780993405
|switch|p2a: Ogerpon|Ogerpon-Wellspring-Tera, F, tera:Water|83/100 tox
|-ability|p2a: Ogerpon|Embody Aspect (Wellspring)|boost
|-boost|p2a: Ogerpon|spd|1
|switch|p1a: Clodsire|Clodsire, M|58/100
|
|-damage|p2a: Ogerpon|77/100 tox|[from] psn
|upkeep
|turn|106
|
|t:|1780993415
|switch|p1a: Dondozo|Dondozo, M|92/100 slp
|move|p2a: Ogerpon|Ivy Cudgel|p1a: Dondozo|[anim] Ivy Cudgel Water
|-resisted|p1a: Dondozo
|-damage|p1a: Dondozo|75/100 slp
|
|-damage|p2a: Ogerpon|65/100 tox|[from] psn
|upkeep
|turn|107
|
|t:|1780993425
|move|p2a: Ogerpon|U-turn|p1a: Dondozo
|-damage|p1a: Dondozo|63/100 slp
|
|t:|1780993434
|switch|p2a: Gholdengo|Gholdengo|72/100 brn|[from] U-turn
|cant|p1a: Dondozo|slp
|
|-damage|p2a: Gholdengo|66/100 brn|[from] brn
|upkeep
|turn|108
|
|t:|1780993443
|switch|p1a: Clodsire|Clodsire, M|58/100
|move|p2a: Gholdengo|Recover|p2a: Gholdengo
|-heal|p2a: Gholdengo|100/100 brn
|
|-damage|p2a: Gholdengo|94/100 brn|[from] brn
|upkeep
|turn|109
|
|t:|1780993452
|switch|p2a: Ogerpon|Ogerpon-Wellspring-Tera, F, tera:Water|65/100 tox
|-ability|p2a: Ogerpon|Embody Aspect (Wellspring)|boost
|-boost|p2a: Ogerpon|spd|1
|move|p1a: Clodsire|Recover|p1a: Clodsire
|-heal|p1a: Clodsire|100/100
|
|-damage|p2a: Ogerpon|59/100 tox|[from] psn
|upkeep
|turn|110
|
|t:|1780993462
|switch|p1a: Dondozo|Dondozo, M|63/100 slp
|move|p2a: Ogerpon|U-turn|p1a: Dondozo
|-damage|p1a: Dondozo|51/100 slp
|
|t:|1780993471
|switch|p2a: Gholdengo|Gholdengo|94/100 brn|[from] U-turn
|
|-damage|p2a: Gholdengo|88/100 brn|[from] brn
|upkeep
|turn|111
|
|t:|1780993481
|switch|p2a: Ogerpon|Ogerpon-Wellspring-Tera, F, tera:Water|59/100 tox
|-ability|p2a: Ogerpon|Embody Aspect (Wellspring)|boost
|-boost|p2a: Ogerpon|spd|1
|switch|p1a: Clodsire|Clodsire, M|100/100
|
|-damage|p2a: Ogerpon|53/100 tox|[from] psn
|upkeep
|turn|112
|
|t:|1780993490
|switch|p1a: Dondozo|Dondozo, M|51/100 slp
|move|p2a: Ogerpon|U-turn|p1a: Dondozo
|-damage|p1a: Dondozo|39/100 slp
|
|t:|1780993499
|switch|p2a: Gholdengo|Gholdengo|88/100 brn|[from] U-turn
|
|-damage|p2a: Gholdengo|82/100 brn|[from] brn
|upkeep
|turn|113
|
|t:|1780993509
|switch|p2a: Ogerpon|Ogerpon-Wellspring-Tera, F, tera:Water|53/100 tox
|-ability|p2a: Ogerpon|Embody Aspect (Wellspring)|boost
|-boost|p2a: Ogerpon|spd|1
|switch|p1a: Clodsire|Clodsire, M|100/100
|
|-damage|p2a: Ogerpon|47/100 tox|[from] psn
|upkeep
|turn|114
|
|t:|1780993518
|switch|p1a: Dondozo|Dondozo, M|39/100 slp
|move|p2a: Ogerpon|U-turn|p1a: Dondozo
|-damage|p1a: Dondozo|27/100 slp
|
|t:|1780993527
|switch|p2a: Gholdengo|Gholdengo|82/100 brn|[from] U-turn
|
|-damage|p2a: Gholdengo|76/100 brn|[from] brn
|upkeep
|turn|115
|
|t:|1780993537
|switch|p2a: Ogerpon|Ogerpon-Wellspring-Tera, F, tera:Water|47/100 tox
|-ability|p2a: Ogerpon|Embody Aspect (Wellspring)|boost
|-boost|p2a: Ogerpon|spd|1
|-curestatus|p1a: Dondozo|slp|[msg]
|move|p1a: Dondozo|Rest|p1a: Dondozo
|-status|p1a: Dondozo|slp|[from] move: Rest
|-heal|p1a: Dondozo|100/100 slp|[silent]
|
|-damage|p2a: Ogerpon|41/100 tox|[from] psn
|upkeep
|turn|116
|
|t:|1780993548
|move|p2a: Ogerpon|Synthesis|p2a: Ogerpon
|-heal|p2a: Ogerpon|91/100 tox
|cant|p1a: Dondozo|slp
|move|p1a: Dondozo|Sleep Talk|p1a: Dondozo
|move|p1a: Dondozo|Body Press|p2a: Ogerpon|[from] move: Sleep Talk
|-damage|p2a: Ogerpon|56/100 tox
|
|-damage|p2a: Ogerpon|44/100 tox|[from] psn
|upkeep
|turn|117
|
|t:|1780993560
|move|p2a: Ogerpon|Synthesis|p2a: Ogerpon
|-heal|p2a: Ogerpon|94/100 tox
|cant|p1a: Dondozo|slp
|move|p1a: Dondozo|Sleep Talk|p1a: Dondozo
|move|p1a: Dondozo|Rest||[from] move: Sleep Talk|[still]
|-fail|p1a: Dondozo
|
|-damage|p2a: Ogerpon|76/100 tox|[from] psn
|upkeep
|turn|118
|
|t:|1780993571
|switch|p1a: Clodsire|Clodsire, M|100/100
|move|p2a: Ogerpon|U-turn|p1a: Clodsire
|-resisted|p1a: Clodsire
|-damage|p1a: Clodsire|85/100
|
|t:|1780993581
|switch|p2a: Gholdengo|Gholdengo|76/100 brn|[from] U-turn
|
|-damage|p2a: Gholdengo|70/100 brn|[from] brn
|upkeep
|turn|119
|
|t:|1780993590
|switch|p2a: Ogerpon|Ogerpon-Wellspring-Tera, F, tera:Water|76/100 tox
|-ability|p2a: Ogerpon|Embody Aspect (Wellspring)|boost
|-boost|p2a: Ogerpon|spd|1
|move|p1a: Clodsire|Earthquake|p2a: Ogerpon
|-damage|p2a: Ogerpon|39/100 tox
|
|-damage|p2a: Ogerpon|33/100 tox|[from] psn
|upkeep
|turn|120
|
|t:|1780993599
|switch|p1a: Dondozo|Dondozo, M|100/100 slp
|move|p2a: Ogerpon|Synthesis|p2a: Ogerpon
|-heal|p2a: Ogerpon|83/100 tox
|
|-damage|p2a: Ogerpon|71/100 tox|[from] psn
|upkeep
|turn|121
|
|t:|1780993609
|move|p2a: Ogerpon|U-turn|p1a: Dondozo
|-damage|p1a: Dondozo|88/100 slp
|
|t:|1780993618
|switch|p2a: Gholdengo|Gholdengo|70/100 brn|[from] U-turn
|-curestatus|p1a: Dondozo|slp|[msg]
|move|p1a: Dondozo|Body Press|p2a: Gholdengo
|-immune|p2a: Gholdengo
|
|-damage|p2a: Gholdengo|64/100 brn|[from] brn
|upkeep
|turn|122
|
|t:|1780993628
|switch|p2a: Ogerpon|Ogerpon-Wellspring-Tera, F, tera:Water|71/100 tox
|-ability|p2a: Ogerpon|Embody Aspect (Wellspring)|boost
|-boost|p2a: Ogerpon|spd|1
|switch|p1a: Clodsire|Clodsire, M|85/100
|
|-damage|p2a: Ogerpon|65/100 tox|[from] psn
|upkeep
|turn|123
|
|t:|1780993637
|switch|p1a: Dondozo|Dondozo, M|88/100
|move|p2a: Ogerpon|U-turn|p1a: Dondozo
|-damage|p1a: Dondozo|76/100
|
|t:|1780993646
|switch|p2a: Gholdengo|Gholdengo|64/100 brn|[from] U-turn
|
|-damage|p2a: Gholdengo|58/100 brn|[from] brn
|upkeep
|turn|124
|
|t:|1780993655
|switch|p2a: Ogerpon|Ogerpon-Wellspring-Tera, F, tera:Water|65/100 tox
|-ability|p2a: Ogerpon|Embody Aspect (Wellspring)|boost
|-boost|p2a: Ogerpon|spd|1
|switch|p1a: Clodsire|Clodsire, M|85/100
|
|-damage|p2a: Ogerpon|59/100 tox|[from] psn
|upkeep
|turn|125
|
|t:|1780993665
|switch|p1a: Dondozo|Dondozo, M|76/100
|move|p2a: Ogerpon|U-turn|p1a: Dondozo
|-damage|p1a: Dondozo|64/100
|
|t:|1780993674
|switch|p2a: Gholdengo|Gholdengo|58/100 brn|[from] U-turn
|
|-damage|p2a: Gholdengo|52/100 brn|[from] brn
|upkeep
|turn|126
|
|t:|1780993683
|switch|p2a: Ogerpon|Ogerpon-Wellspring-Tera, F, tera:Water|59/100 tox
|-ability|p2a: Ogerpon|Embody Aspect (Wellspring)|boost
|-boost|p2a: Ogerpon|spd|1
|switch|p1a: Clodsire|Clodsire, M|85/100
|
|-damage|p2a: Ogerpon|53/100 tox|[from] psn
|upkeep
|turn|127
|
|t:|1780993692
|switch|p1a: Moltres|Moltres|86/100 par
|move|p2a: Ogerpon|U-turn|p1a: Moltres
|-resisted|p1a: Moltres
|-damage|p1a: Moltres|82/100 par
|
|t:|1780993702
|switch|p2a: Gholdengo|Gholdengo|52/100 brn|[from] U-turn
|
|-damage|p2a: Gholdengo|46/100 brn|[from] brn
|upkeep
|turn|128
|
|t:|1780993711
|switch|p2a: Ogerpon|Ogerpon-Wellspring-Tera, F, tera:Water|53/100 tox
|-ability|p2a: Ogerpon|Embody Aspect (Wellspring)|boost
|-boost|p2a: Ogerpon|spd|1
|move|p1a: Moltres|Flamethrower|p2a: Ogerpon
|-resisted|p2a: Ogerpon
|-damage|p2a: Ogerpon|38/100 tox
|
|-damage|p2a: Ogerpon|32/100 tox|[from] psn
|upkeep
|turn|129
|
|t:|1780993721
|switch|p1a: Dondozo|Dondozo, M|64/100
|move|p2a: Ogerpon|U-turn|p1a: Dondozo
|-damage|p1a: Dondozo|52/100
|
|t:|1780993730
|switch|p2a: Gholdengo|Gholdengo|46/100 brn|[from] U-turn
|
|-damage|p2a: Gholdengo|40/100 brn|[from] brn
|upkeep
|turn|130
|
|t:|1780993739
|switch|p2a: Ogerpon|Ogerpon-Wellspring-Tera, F, tera:Water|32/100 tox
|-ability|p2a: Ogerpon|Embody Aspect (Wellspring)|boost
|-boost|p2a: Ogerpon|spd|1
|switch|p1a: Clodsire|Clodsire, M|85/100
|
|-damage|p2a: Ogerpon|26/100 tox|[from] psn
|upkeep
|turn|131
|
|t:|1780993747
|switch|p1a: Weezing|Weezing-Galar, F|67/100
|-ability|p1a: Weezing|Neutralizing Gas
|move|p2a: Ogerpon|U-turn|p1a: Weezing
|-resisted|p1a: Weezing
|-damage|p1a: Weezing|63/100
|inactive|oddishlover4 has 120 seconds left.
|
|t:|1780993765
|switch|p2a: Gholdengo|Gholdengo|40/100 brn|[from] U-turn
|
|-damage|p2a: Gholdengo|34/100 brn|[from] brn
|upkeep
|turn|132
|
|t:|1780993782
|switch|p2a: Ogerpon|Ogerpon-Wellspring-Tera, F, tera:Water|26/100 tox
|-end|p1a: Weezing|ability: Neutralizing Gas
|-ability|p2a: Ogerpon|Embody Aspect (Wellspring)|boost
|-boost|p2a: Ogerpon|spd|1
|switch|p1a: Clodsire|Clodsire, M|85/100
|
|-damage|p2a: Ogerpon|20/100 tox|[from] psn
|upkeep
|turn|133
|
|t:|1780993792
|switch|p1a: Dondozo|Dondozo, M|52/100
|move|p2a: Ogerpon|U-turn|p1a: Dondozo
|-damage|p1a: Dondozo|39/100
|
|t:|1780993801
|switch|p2a: Gholdengo|Gholdengo|34/100 brn|[from] U-turn
|
|-damage|p2a: Gholdengo|27/100 brn|[from] brn
|upkeep
|turn|134
|
|t:|1780993810
|switch|p2a: Ogerpon|Ogerpon-Wellspring-Tera, F, tera:Water|20/100 tox
|-ability|p2a: Ogerpon|Embody Aspect (Wellspring)|boost
|-boost|p2a: Ogerpon|spd|1
|switch|p1a: Clodsire|Clodsire, M|85/100
|
|-damage|p2a: Ogerpon|14/100 tox|[from] psn
|upkeep
|turn|135
|
|t:|1780993819
|switch|p2a: Gholdengo|Gholdengo|27/100 brn
|switch|p1a: Weezing|Weezing-Galar, F|63/100
|-ability|p1a: Weezing|Neutralizing Gas
|
|-damage|p2a: Gholdengo|21/100 brn|[from] brn
|upkeep
|turn|136
|
|t:|1780993835
|switch|p2a: Ogerpon|Ogerpon-Wellspring-Tera, F, tera:Water|14/100 tox
|-end|p1a: Weezing|ability: Neutralizing Gas
|-ability|p2a: Ogerpon|Embody Aspect (Wellspring)|boost
|-boost|p2a: Ogerpon|spd|1
|switch|p1a: Clodsire|Clodsire, M|85/100
|
|-damage|p2a: Ogerpon|8/100 tox|[from] psn
|upkeep
|turn|137
|
|t:|1780993844
|switch|p1a: Dondozo|Dondozo, M|39/100
|move|p2a: Ogerpon|Ivy Cudgel|p1a: Dondozo|[anim] Ivy Cudgel Water
|-resisted|p1a: Dondozo
|-damage|p1a: Dondozo|20/100
|
|-damage|p2a: Ogerpon|0 fnt|[from] psn
|faint|p2a: Ogerpon
|detailschange|p2: Ogerpon|Ogerpon-Wellspring, F|[silent]
|upkeep
|
|t:|1780993851
|switch|p2a: Gholdengo|Gholdengo|21/100 brn
|turn|138
|c|☆StormIsNotOmega|Stupid
|c|☆StormIsNotOmega|You really thought you could outlast me huh?
|
|t:|1780993866
|switch|p1a: Clodsire|Clodsire, M|85/100
|move|p2a: Gholdengo|Thunder Wave|p1a: Clodsire
|-immune|p1a: Clodsire
|
|-damage|p2a: Gholdengo|15/100 brn|[from] brn
|upkeep
|turn|139
|
|t:|1780993874
|move|p2a: Gholdengo|Recover|p2a: Gholdengo
|-heal|p2a: Gholdengo|65/100 brn
|move|p1a: Clodsire|Earthquake|p2a: Gholdengo
|-supereffective|p2a: Gholdengo
|-damage|p2a: Gholdengo|24/100 brn
|
|-damage|p2a: Gholdengo|18/100 brn|[from] brn
|upkeep
|turn|140
|
|t:|1780993881
|move|p2a: Gholdengo|Recover|p2a: Gholdengo
|-heal|p2a: Gholdengo|68/100 brn
|move|p1a: Clodsire|Earthquake|p2a: Gholdengo
|-supereffective|p2a: Gholdengo
|-damage|p2a: Gholdengo|31/100 brn
|
|-damage|p2a: Gholdengo|25/100 brn|[from] brn
|upkeep
|turn|141
|
|t:|1780993889
|move|p2a: Gholdengo|Recover|p2a: Gholdengo
|-heal|p2a: Gholdengo|75/100 brn
|move|p1a: Clodsire|Earthquake|p2a: Gholdengo
|-supereffective|p2a: Gholdengo
|-damage|p2a: Gholdengo|38/100 brn
|
|-damage|p2a: Gholdengo|32/100 brn|[from] brn
|upkeep
|turn|142
|
|t:|1780993896
|move|p2a: Gholdengo|Hex|p1a: Clodsire
|-damage|p1a: Clodsire|71/100
|move|p1a: Clodsire|Earthquake|p2a: Gholdengo
|-supereffective|p2a: Gholdengo
|-damage|p2a: Gholdengo|0 fnt
|faint|p2a: Gholdengo
|
|win|StormIsNotOmega
|raw|StormIsNotOmega's rating: 1503 &rarr; <strong>1524</strong><br />(+21 for winning)
|raw|oddishlover4's rating: 1529 &rarr; <strong>1508</strong><br />(-21 for losing)
|c|☆oddishlover4|GG!
|l|☆StormIsNotOmega
|player|p1|
