|badge|p1|bronze|gen9ou|100-9
|uhtml|medal-msg|<div class="broadcast-blue">Curious what those medals under the avatar are? PS now has Ladder Seasons! For more information, check out the <a href="https://www.smogon.com/forums/threads/3740067/">thread on Smogon.</a></div>
|j|☆Floundso
|j|☆LowEL0God
|t:|1781600328
|gametype|singles
|player|p1|Floundso|giovanni|1856
|player|p2|LowEL0God|265|1792
|gen|9
|tier|[Gen 9] OU
|rated|
|rule|HP Percentage Mod: HP is shown in percentages
|rule|Endless Battle Clause: Forcing endless battles is banned
|rule|Species Clause: Limit one of each Pokémon
|rule|OHKO Clause: OHKO moves are banned
|rule|Evasion Items Clause: Evasion items are banned
|rule|Evasion Moves Clause: Evasion moves are banned
|rule|Evasion Abilities Clause: Evasion abilities are banned
|rule|Sleep Moves Clause: Sleep-inducing moves are banned
|clearpoke
|poke|p1|Hoopa-Unbound|
|poke|p1|Pecharunt|
|poke|p1|Landorus-Therian, M|
|poke|p1|Cinderace, M|
|poke|p1|Alomomola, M|
|poke|p1|Iron Valiant|
|poke|p2|Pelipper, M|
|poke|p2|Raging Bolt|
|poke|p2|Overqwil, F|
|poke|p2|Barraskewda, M|
|poke|p2|Iron Treads|
|poke|p2|Kingambit, M|
|teampreview
|c|☆LowEL0God|hf
|inactive|Battle timer is ON: inactive players will automatically lose when time's up. (requested by LowEL0God)
|j| iranrulz
|inactive|Floundso has 120 seconds left.
|
|t:|1781600389
|teamsize|p1|6
|teamsize|p2|6
|start
|switch|p1a: Khaos|Hoopa-Unbound|100/100
|switch|p2a: Kingambit|Kingambit, M|100/100
|turn|1
|
|t:|1781600393
|-terastallize|p2a: Kingambit|Dark
|move|p1a: Khaos|Drain Punch|p2a: Kingambit
|-supereffective|p2a: Kingambit
|-damage|p2a: Kingambit|23/100
|move|p2a: Kingambit|Kowtow Cleave|p1a: Khaos
|-damage|p1a: Khaos|0 fnt
|faint|p1a: Khaos
|
|-heal|p2a: Kingambit|29/100|[from] item: Leftovers
|upkeep
|
|t:|1781600401
|switch|p1a: Enten|Landorus-Therian, M, shiny|100/100
|-ability|p1a: Enten|Intimidate|boost
|-unboost|p2a: Kingambit|atk|1
|turn|2
|
|t:|1781600403
|-end|p2a: Kingambit|fallenundefined|[silent]
|switch|p2a: Pelipper|Pelipper, M|100/100
|-weather|RainDance|[from] ability: Drizzle|[of] p2a: Pelipper
|move|p1a: Enten|U-turn|p2a: Pelipper
|-resisted|p2a: Pelipper
|-damage|p2a: Pelipper|90/100
|
|t:|1781600407
|switch|p1a: Calamity|Iron Valiant, shiny|100/100|[from] U-turn
|
|-weather|RainDance|[upkeep]
|upkeep
|turn|3
|
|t:|1781600412
|move|p1a: Calamity|Shadow Ball|p2a: Pelipper
|-damage|p2a: Pelipper|34/100
|move|p2a: Pelipper|Hurricane|p1a: Calamity
|-supereffective|p1a: Calamity
|-damage|p1a: Calamity|0 fnt
|faint|p1a: Calamity
|-end|p1a: Calamity|Quark Drive|[silent]
|
|-weather|RainDance|[upkeep]
|upkeep
|
|t:|1781600418
|switch|p1a: Enten|Landorus-Therian, M, shiny|100/100
|-ability|p1a: Enten|Intimidate|boost
|-unboost|p2a: Pelipper|atk|1
|turn|4
|
|t:|1781600422
|move|p1a: Enten|U-turn|p2a: Pelipper
|-resisted|p2a: Pelipper
|-damage|p2a: Pelipper|24/100
|
|t:|1781600424
|switch|p1a: Pisces|Alomomola, M, shiny|100/100|[from] U-turn
|move|p2a: Pelipper|Weather Ball|p1a: Pisces
|-resisted|p1a: Pisces
|-crit|p1a: Pisces
|-damage|p1a: Pisces|81/100
|
|-weather|RainDance|[upkeep]
|upkeep
|turn|5
|
|t:|1781600427
|move|p1a: Pisces|Flip Turn|p2a: Pelipper
|-resisted|p2a: Pelipper
|-damage|p2a: Pelipper|15/100
|
|t:|1781600430
|switch|p1a: Overseer|Pecharunt|100/100|[from] Flip Turn
|move|p2a: Pelipper|Roost|p2a: Pelipper
|-heal|p2a: Pelipper|66/100
|-singleturn|p2a: Pelipper|move: Roost
|
|-weather|RainDance|[upkeep]
|upkeep
|turn|6
|
|t:|1781600432
|switch|p2a: Overqwil|Overqwil, F|100/100
|move|p1a: Overseer|Malignant Chain|p2a: Overqwil
|-resisted|p2a: Overqwil
|-damage|p2a: Overqwil|74/100
|
|-weather|RainDance|[upkeep]
|upkeep
|turn|7
|
|t:|1781600438
|move|p2a: Overqwil|Crunch|p1a: Overseer
|-supereffective|p1a: Overseer
|-damage|p1a: Overseer|46/100
|-damage|p2a: Overqwil|64/100|[from] item: Life Orb
|move|p1a: Overseer|Foul Play|p2a: Overqwil
|-resisted|p2a: Overqwil
|-damage|p2a: Overqwil|46/100
|
|-weather|RainDance|[upkeep]
|upkeep
|turn|8
|
|t:|1781600446
|-terastallize|p1a: Overseer|Dark
|move|p2a: Overqwil|Crunch|p1a: Overseer
|-resisted|p1a: Overseer
|-damage|p1a: Overseer|32/100
|-unboost|p1a: Overseer|def|1
|-damage|p2a: Overqwil|36/100|[from] item: Life Orb
|move|p1a: Overseer|Recover|p1a: Overseer
|-heal|p1a: Overseer|83/100
|
|-weather|RainDance|[upkeep]
|upkeep
|turn|9
|
|t:|1781600450
|switch|p1a: Pisces|Alomomola, M, shiny|100/100
|move|p2a: Overqwil|Gunk Shot|p1a: Pisces|[miss]
|-miss|p2a: Overqwil|p1a: Pisces
|
|-weather|none
|upkeep
|turn|10
|
|t:|1781600453
|switch|p2a: Pelipper|Pelipper, M|66/100
|-weather|RainDance|[from] ability: Drizzle|[of] p2a: Pelipper
|move|p1a: Pisces|Flip Turn|p2a: Pelipper
|-resisted|p2a: Pelipper
|-damage|p2a: Pelipper|56/100
|
|t:|1781600455
|switch|p1a: Enten|Landorus-Therian, M, shiny|100/100|[from] Flip Turn
|-ability|p1a: Enten|Intimidate|boost
|-unboost|p2a: Pelipper|atk|1
|
|-weather|RainDance|[upkeep]
|upkeep
|turn|11
|
|t:|1781600459
|move|p1a: Enten|Stone Edge|p2a: Pelipper
|-supereffective|p2a: Pelipper
|-crit|p2a: Pelipper
|-damage|p2a: Pelipper|0 fnt
|faint|p2a: Pelipper
|
|-weather|RainDance|[upkeep]
|upkeep
|
|t:|1781600460
|switch|p2a: Barraskewda|Barraskewda, M|100/100
|turn|12
|
|t:|1781600465
|switch|p1a: Pisces|Alomomola, M, shiny|100/100
|move|p2a: Barraskewda|Liquidation|p1a: Pisces
|-resisted|p1a: Pisces
|-damage|p1a: Pisces|64/100
|-unboost|p1a: Pisces|def|1
|
|-weather|RainDance|[upkeep]
|upkeep
|turn|13
|
|t:|1781600470
|move|p2a: Barraskewda|Liquidation|p1a: Pisces
|-resisted|p1a: Pisces
|-damage|p1a: Pisces|5/100
|move|p1a: Pisces|Flip Turn|p2a: Barraskewda
|-resisted|p2a: Barraskewda
|-damage|p2a: Barraskewda|75/100
|
|t:|1781600474
|switch|p1a: Overseer|Pecharunt, tera:Dark|83/100|[from] Flip Turn
|
|-weather|RainDance|[upkeep]
|upkeep
|turn|14
|
|t:|1781600484
|switch|p2a: Raging Bolt|Raging Bolt|100/100
|-enditem|p2a: Raging Bolt|Booster Energy
|-activate|p2a: Raging Bolt|ability: Protosynthesis|[fromitem]
|-start|p2a: Raging Bolt|protosynthesisspa
|move|p1a: Overseer|Parting Shot|p2a: Raging Bolt
|-unboost|p2a: Raging Bolt|atk|1
|-unboost|p2a: Raging Bolt|spa|1
|
|t:|1781600487
|switch|p1a: Enten|Landorus-Therian, M, shiny|100/100|[from] Parting Shot
|-ability|p1a: Enten|Intimidate|boost
|-unboost|p2a: Raging Bolt|atk|1
|
|-weather|RainDance|[upkeep]
|upkeep
|turn|15
|
|t:|1781600493
|move|p1a: Enten|Earthquake|p2a: Raging Bolt
|-supereffective|p2a: Raging Bolt
|-damage|p2a: Raging Bolt|0 fnt
|faint|p2a: Raging Bolt
|-end|p2a: Raging Bolt|Protosynthesis|[silent]
|
|-weather|RainDance|[upkeep]
|upkeep
|
|t:|1781600494
|switch|p2a: Barraskewda|Barraskewda, M|75/100
|turn|16
|
|t:|1781600504
|switch|p1a: Liberacy|Cinderace, M, shiny|100/100
|move|p2a: Barraskewda|Liquidation|p1a: Liberacy
|-supereffective|p1a: Liberacy
|-damage|p1a: Liberacy|0 fnt
|faint|p1a: Liberacy
|
|-weather|RainDance|[upkeep]
|upkeep
|
|t:|1781600510
|switch|p1a: Overseer|Pecharunt, tera:Dark|83/100
|turn|17
|
|t:|1781600513
|switch|p2a: Iron Treads|Iron Treads|100/100
|-enditem|p2a: Iron Treads|Booster Energy
|-activate|p2a: Iron Treads|ability: Quark Drive|[fromitem]
|-start|p2a: Iron Treads|quarkdrivespe
|move|p1a: Overseer|Recover|p1a: Overseer
|-heal|p1a: Overseer|100/100
|
|-weather|none
|upkeep
|turn|18
|
|t:|1781600516
|move|p2a: Iron Treads|Stealth Rock|p1a: Overseer
|-sidestart|p1: Floundso|move: Stealth Rock
|move|p1a: Overseer|Foul Play|p2a: Iron Treads
|-damage|p2a: Iron Treads|73/100
|
|upkeep
|turn|19
|
|t:|1781600520
|move|p2a: Iron Treads|Earth Power|p1a: Overseer
|-damage|p1a: Overseer|63/100
|move|p1a: Overseer|Foul Play|p2a: Iron Treads
|-damage|p2a: Iron Treads|45/100
|
|upkeep
|turn|20
|
|t:|1781600524
|move|p2a: Iron Treads|Earth Power|p1a: Overseer
|-damage|p1a: Overseer|30/100
|move|p1a: Overseer|Recover|p1a: Overseer
|-heal|p1a: Overseer|80/100
|
|upkeep
|turn|21
|
|t:|1781600527
|move|p2a: Iron Treads|Earth Power|p1a: Overseer
|-damage|p1a: Overseer|43/100
|move|p1a: Overseer|Recover|p1a: Overseer
|-heal|p1a: Overseer|93/100
|
|upkeep
|turn|22
|
|t:|1781600530
|switch|p1a: Enten|Landorus-Therian, M, shiny|100/100
|-damage|p1a: Enten|88/100|[from] Stealth Rock
|-ability|p1a: Enten|Intimidate|boost
|-unboost|p2a: Iron Treads|atk|1
|move|p2a: Iron Treads|Earth Power|p1a: Enten
|-immune|p1a: Enten
|
|upkeep
|turn|23
|
|t:|1781600532
|switch|p1a: Pisces|Alomomola, M, shiny|38/100
|-damage|p1a: Pisces|26/100|[from] Stealth Rock
|move|p2a: Iron Treads|Steel Beam|p1a: Pisces
|-resisted|p1a: Pisces
|-damage|p1a: Pisces|12/100
|-damage|p2a: Iron Treads|0 fnt|[from] steelbeam
|faint|p2a: Iron Treads
|-end|p2a: Iron Treads|Quark Drive|[silent]
|
|upkeep
|
|t:|1781600533
|switch|p2a: Barraskewda|Barraskewda, M|75/100
|turn|24
|
|t:|1781600540
|move|p2a: Barraskewda|Flip Turn|p1a: Pisces
|-resisted|p1a: Pisces
|-damage|p1a: Pisces|0 fnt
|faint|p1a: Pisces
|
|t:|1781600541
|switch|p2a: Kingambit|Kingambit, M, tera:Dark|29/100|[from] Flip Turn
|-activate|p2a: Kingambit|ability: Supreme Overlord
|-start|p2a: Kingambit|fallen3|[silent]
|
|-heal|p2a: Kingambit|36/100|[from] item: Leftovers
|upkeep
|
|t:|1781600547
|switch|p1a: Enten|Landorus-Therian, M, shiny|88/100
|-damage|p1a: Enten|76/100|[from] Stealth Rock
|-ability|p1a: Enten|Intimidate|boost
|-unboost|p2a: Kingambit|atk|1
|turn|25
|
|t:|1781600549
|move|p2a: Kingambit|Sucker Punch|p1a: Enten
|-damage|p1a: Enten|16/100
|move|p1a: Enten|Earthquake|p2a: Kingambit
|-damage|p2a: Kingambit|0 fnt
|faint|p2a: Kingambit
|-end|p2a: Kingambit|fallen3|[silent]
|
|upkeep
|
|t:|1781600550
|switch|p2a: Barraskewda|Barraskewda, M|75/100
|turn|26
|
|t:|1781600556
|switch|p1a: Overseer|Pecharunt, tera:Dark|93/100
|move|p2a: Barraskewda|Close Combat|p1a: Overseer
|-supereffective|p1a: Overseer
|-damage|p1a: Overseer|32/100
|-unboost|p2a: Barraskewda|def|1
|-unboost|p2a: Barraskewda|spd|1
|
|upkeep
|turn|27
|
|t:|1781600561
|move|p2a: Barraskewda|Close Combat|p1a: Overseer
|-supereffective|p1a: Overseer
|-damage|p1a: Overseer|0 fnt
|-unboost|p2a: Barraskewda|def|1
|-unboost|p2a: Barraskewda|spd|1
|faint|p1a: Overseer
|
|upkeep
|
|t:|1781600562
|switch|p1a: Enten|Landorus-Therian, M, shiny|16/100
|-damage|p1a: Enten|4/100|[from] Stealth Rock
|-ability|p1a: Enten|Intimidate|boost
|-unboost|p2a: Barraskewda|atk|1
|turn|28
|
|t:|1781600563
|switch|p2a: Overqwil|Overqwil, F|36/100
|move|p1a: Enten|Earthquake|p2a: Overqwil
|-supereffective|p2a: Overqwil
|-damage|p2a: Overqwil|0 fnt
|faint|p2a: Overqwil
|
|upkeep
|
|t:|1781600564
|switch|p2a: Barraskewda|Barraskewda, M|75/100
|turn|29
|
|t:|1781600565
|move|p1a: Enten|Earthquake|p2a: Barraskewda
|-damage|p2a: Barraskewda|0 fnt
|faint|p2a: Barraskewda
|
|win|Floundso
|raw|Floundso's rating: 1835 &rarr; <strong>1853</strong><br />(+18 for winning)
|raw|LowEL0God's rating: 1792 &rarr; <strong>1774</strong><br />(-18 for losing)
|c|☆Floundso|gg
|l|☆Floundso
|player|p1|
|c|☆LowEL0God|gg
|l|☆LowEL0God
|player|p2|
|l| iranrulz
