|badge|p1|bronze|gen9ubers|100-9
|uhtml|medal-msg|<div class="broadcast-blue">Curious what those medals under the avatar are? PS now has Ladder Seasons! For more information, check out the <a href="https://www.smogon.com/forums/threads/3740067/">thread on Smogon.</a></div>
|j|☆oddishlover4
|j|☆Juchzer
|t:|1781035580
|gametype|singles
|player|p1|oddishlover4|acetrainerf|1648
|player|p2|Juchzer|169|1650
|gen|9
|tier|[Gen 9] OU
|rated|
|rule|HP Percentage Mod: HP is shown in percentages
|rule|Endless Battle Clause: Forcing endless battles is banned
|rule|Species Clause: Limit one of each Pokémon
|rule|OHKO Clause: OHKO moves are banned
|rule|Evasion Items Clause: Evasion items are banned
|rule|Evasion Moves Clause: Evasion moves are banned
|rule|Evasion Abilities Clause: Evasion abilities are banned
|rule|Sleep Moves Clause: Sleep-inducing moves are banned
|clearpoke
|poke|p1|Kyurem|
|poke|p1|Hatterene, F|
|poke|p1|Darkrai|
|poke|p1|Great Tusk|
|poke|p1|Dragonite, F|
|poke|p1|Gholdengo|
|poke|p2|Hoopa-Unbound|
|poke|p2|Ceruledge, M|
|poke|p2|Great Tusk|
|poke|p2|Scizor, F|
|poke|p2|Hydrapple, F|
|poke|p2|Landorus-Therian, M|
|teampreview
|inactive|Battle timer is ON: inactive players will automatically lose when time's up. (requested by Juchzer)
|c|☆oddishlover4|gl/hf!
|inactive|oddishlover4 also wants the timer to be on.
|inactive|Juchzer has 120 seconds left.
|
|t:|1781035619
|teamsize|p1|6
|teamsize|p2|6
|start
|switch|p1a: Fearless|Great Tusk|100/100
|switch|p2a: Scizor|Scizor, F|100/100
|turn|1
|c|☆Juchzer|u2
|
|t:|1781035637
|move|p1a: Fearless|Stealth Rock|p2a: Scizor
|-sidestart|p2: Juchzer|move: Stealth Rock
|move|p2a: Scizor|Swords Dance|p2a: Scizor
|-boost|p2a: Scizor|atk|2
|
|upkeep
|turn|2
|
|t:|1781035655
|move|p1a: Fearless|Headlong Rush|p2a: Scizor
|-damage|p2a: Scizor|49/100
|-unboost|p1a: Fearless|def|1
|-unboost|p1a: Fearless|spd|1
|move|p2a: Scizor|Dual Wingbeat|p1a: Fearless
|-supereffective|p1a: Fearless
|-damage|p1a: Fearless|32/100
|-supereffective|p1a: Fearless
|-damage|p1a: Fearless|0 fnt
|faint|p1a: Fearless
|-end|p1a: Fearless|Protosynthesis|[silent]
|-hitcount|p1: Fearless|2
|
|-heal|p2a: Scizor|56/100|[from] item: Leftovers
|upkeep
|inactive|oddishlover4 has 120 seconds left.
|
|t:|1781035674
|switch|p1a: Celebration|Gholdengo|100/100
|turn|3
|inactive|oddishlover4 has 120 seconds left.
|
|t:|1781035692
|-terastallize|p2a: Scizor|Flying
|move|p1a: Celebration|Shadow Ball|p2a: Scizor
|-damage|p2a: Scizor|5/100
|move|p2a: Scizor|Dual Wingbeat|p1a: Celebration
|-resisted|p1a: Celebration
|-damage|p1a: Celebration|74/100
|-resisted|p1a: Celebration
|-damage|p1a: Celebration|48/100
|-hitcount|p1a: Celebration|2
|
|-heal|p2a: Scizor|11/100|[from] item: Leftovers
|upkeep
|turn|4
|inactive|oddishlover4 has 120 seconds left.
|
|t:|1781035710
|move|p2a: Scizor|Bullet Punch|p1a: Celebration
|-resisted|p1a: Celebration
|-damage|p1a: Celebration|20/100
|move|p1a: Celebration|Shadow Ball|p2a: Scizor
|-damage|p2a: Scizor|0 fnt
|faint|p2a: Scizor
|
|upkeep
|j| kanaete onegai
|
|t:|1781035720
|switch|p2a: Hydrapple|Hydrapple, F|100/100
|-damage|p2a: Hydrapple|88/100|[from] Stealth Rock
|turn|5
|inactive|oddishlover4 has 120 seconds left.
|-enditem|p1a: Celebration|Custap Berry|[eat]
|-activate|p1a: Celebration|item: Custap Berry|[consumed]
|
|t:|1781035738
|move|p1a: Celebration|Make It Rain|p2a: Hydrapple
|-damage|p2a: Hydrapple|50/100
|-unboost|p1a: Celebration|spa|1
|move|p2a: Hydrapple|Infestation|p1a: Celebration
|-resisted|p1a: Celebration
|-crit|p1a: Celebration
|-damage|p1a: Celebration|17/100
|-activate|p1a: Celebration|move: Infestation|[of] p2a: Hydrapple
|
|-damage|p1a: Celebration|5/100|[from] move: Infestation|[partiallytrapped]
|upkeep
|turn|6
|
|t:|1781035763
|move|p1a: Celebration|Make It Rain|p2a: Hydrapple
|-damage|p2a: Hydrapple|24/100
|-unboost|p1a: Celebration|spa|1
|move|p2a: Hydrapple|Earth Power|p1a: Celebration
|-supereffective|p1a: Celebration
|-damage|p1a: Celebration|0 fnt
|faint|p1a: Celebration
|
|upkeep
|
|t:|1781035781
|switch|p1a: Boompala|Kyurem|100/100
|-ability|p1a: Boompala|Pressure
|turn|7
|inactive|oddishlover4 has 90 seconds left.
|
|t:|1781035799
|move|p1a: Boompala|Ice Beam|p2a: Hydrapple
|-supereffective|p2a: Hydrapple
|-damage|p2a: Hydrapple|0 fnt
|faint|p2a: Hydrapple
|
|upkeep
|
|t:|1781035802
|switch|p2a: Hoopa|Hoopa-Unbound|100/100
|-damage|p2a: Hoopa|88/100|[from] Stealth Rock
|turn|8
|inactive|oddishlover4 has 90 seconds left.
|
|t:|1781035820
|move|p2a: Hoopa|Knock Off|p1a: Boompala
|-damage|p1a: Boompala|63/100
|-enditem|p1a: Boompala|Assault Vest|[from] move: Knock Off|[of] p2a: Hoopa
|move|p1a: Boompala|Ice Beam|p2a: Hoopa
|-damage|p2a: Hoopa|44/100
|-status|p2a: Hoopa|frz
|
|upkeep
|turn|9
|inactive|oddishlover4 has 90 seconds left.
|
|t:|1781035839
|switch|p1a: Perfect Night|Darkrai|100/100
|cant|p2a: Hoopa|frz
|
|upkeep
|turn|10
|inactive|oddishlover4 has 90 seconds left.
|
|t:|1781035856
|switch|p2a: Great Tusk|Great Tusk|100/100
|-damage|p2a: Great Tusk|98/100|[from] Stealth Rock
|move|p1a: Perfect Night|Dark Pulse|p2a: Great Tusk
|-resisted|p2a: Great Tusk
|-damage|p2a: Great Tusk|66/100
|
|-heal|p2a: Great Tusk|72/100|[from] item: Leftovers
|upkeep
|turn|11
|
|t:|1781035874
|switch|p1a: Antiflagile|Hatterene, F|100/100
|move|p2a: Great Tusk|Rapid Spin|p1a: Antiflagile
|-damage|p1a: Antiflagile|85/100
|-boost|p2a: Great Tusk|spe|1
|-damage|p2a: Great Tusk|56/100|[from] item: Rocky Helmet|[of] p1a: Antiflagile
|-sideend|p2: Juchzer|Stealth Rock|[from] move: Rapid Spin|[of] p2a: Great Tusk
|
|-heal|p2a: Great Tusk|62/100|[from] item: Leftovers
|upkeep
|turn|12
|
|t:|1781035893
|-end|p2a: Great Tusk|Protosynthesis|[silent]
|switch|p2a: Hoopa|Hoopa-Unbound|44/100 frz
|move|p1a: Antiflagile|Psychic Noise|p2a: Hoopa
|-immune|p2a: Hoopa
|
|upkeep
|turn|13
|
|t:|1781035910
|cant|p2a: Hoopa|frz
|move|p1a: Antiflagile|Draining Kiss|p2a: Hoopa
|-supereffective|p2a: Hoopa
|-damage|p2a: Hoopa|4/100 frz
|-heal|p1a: Antiflagile|100/100|[from] drain|[of] p2a: Hoopa
|
|upkeep
|turn|14
|inactive|oddishlover4 has 60 seconds left.
|
|t:|1781035928
|cant|p2a: Hoopa|frz
|move|p1a: Antiflagile|Psychic Noise|p2a: Hoopa
|-immune|p2a: Hoopa
|
|upkeep
|turn|15
|inactive|oddishlover4 has 60 seconds left.
|
|t:|1781035946
|cant|p2a: Hoopa|frz
|move|p1a: Antiflagile|Psychic Noise|p2a: Hoopa
|-immune|p2a: Hoopa
|
|upkeep
|turn|16
|inactive|oddishlover4 has 60 seconds left.
|j| 0CarpetBombMoscow
|
|t:|1781035963
|-curestatus|p2a: Hoopa|frz|[msg]
|move|p2a: Hoopa|Knock Off|p1a: Antiflagile
|-damage|p1a: Antiflagile|59/100
|-damage|p2a: Hoopa|0 fnt|[from] item: Rocky Helmet|[of] p1a: Antiflagile
|faint|p2a: Hoopa
|move|p1a: Antiflagile|Psychic Noise|p2: Hoopa|[notarget]
|-fail|p1a: Antiflagile
|
|upkeep
|c| 0CarpetBombMoscow|psychic noise on jhoopa?
|
|t:|1781035989
|switch|p2a: Ceruledge|Ceruledge, M|100/100
|turn|17
|inactive|oddishlover4 has 60 seconds left.
|
|t:|1781036006
|move|p2a: Ceruledge|Swords Dance|p2a: Ceruledge
|-boost|p2a: Ceruledge|atk|2
|move|p1a: Antiflagile|Psychic Noise|p2a: Ceruledge
|-damage|p2a: Ceruledge|62/100
|-start|p2a: Ceruledge|move: Heal Block
|
|upkeep
|turn|18
|
|t:|1781036024
|switch|p1a: Boompala|Kyurem|63/100
|-ability|p1a: Boompala|Pressure
|move|p2a: Ceruledge|Swords Dance|p2a: Ceruledge
|-boost|p2a: Ceruledge|atk|2
|
|-end|p2a: Ceruledge|move: Heal Block
|upkeep
|turn|19
|
|t:|1781036041
|switch|p1a: Antiflagile|Hatterene, F|59/100
|move|p2a: Ceruledge|Shadow Sneak|p1a: Antiflagile
|-supereffective|p1a: Antiflagile
|-damage|p1a: Antiflagile|0 fnt
|-damage|p2a: Ceruledge|46/100|[from] item: Rocky Helmet|[of] p1a: Antiflagile
|faint|p1a: Antiflagile
|
|upkeep
|j| qklingying
|
|t:|1781036050
|switch|p1a: Perfect Night|Darkrai|100/100
|turn|20
|
|t:|1781036058
|move|p1a: Perfect Night|Dark Pulse|p2a: Ceruledge
|-supereffective|p2a: Ceruledge
|-damage|p2a: Ceruledge|0 fnt
|faint|p2a: Ceruledge
|
|upkeep
|c|☆Juchzer|gg
|-message|Juchzer forfeited.
|
|win|oddishlover4
|raw|oddishlover4's rating: 1648 &rarr; <strong>1668</strong><br />(+20 for winning)
|raw|Juchzer's rating: 1650 &rarr; <strong>1630</strong><br />(-20 for losing)
|c|☆oddishlover4|GG!
|l|☆Juchzer
|player|p2|
|l| 0CarpetBombMoscow
|l| qklingying
