|j|☆zxcvbh
|j|☆levijoseph
|t:|1781246994
|gametype|singles
|player|p1|zxcvbh|101|1534
|player|p2|levijoseph|2|1562
|gen|9
|tier|[Gen 9] OU
|rated|
|rule|HP Percentage Mod: HP is shown in percentages
|rule|Endless Battle Clause: Forcing endless battles is banned
|rule|Species Clause: Limit one of each Pokémon
|rule|OHKO Clause: OHKO moves are banned
|rule|Evasion Items Clause: Evasion items are banned
|rule|Evasion Moves Clause: Evasion moves are banned
|rule|Evasion Abilities Clause: Evasion abilities are banned
|rule|Sleep Moves Clause: Sleep-inducing moves are banned
|clearpoke
|poke|p1|Kyurem|
|poke|p1|Hatterene, F|
|poke|p1|Darkrai|
|poke|p1|Great Tusk|
|poke|p1|Dragonite, F|
|poke|p1|Gholdengo|
|poke|p2|Kommo-o, M|
|poke|p2|Serperior, M|
|poke|p2|Suicune|
|poke|p2|Smeargle, F|
|poke|p2|Clefable, M|
|poke|p2|Quaquaval, M|
|teampreview
|inactive|Battle timer is ON: inactive players will automatically lose when time's up. (requested by levijoseph)
|
|t:|1781247011
|teamsize|p1|6
|teamsize|p2|6
|start
|switch|p1a: Darkrai|Darkrai|100/100
|switch|p2a: Smeargle|Smeargle, F|100/100
|turn|1
|inactive|levijoseph has 120 seconds left.
|
|t:|1781247054
|move|p1a: Darkrai|Trick|p2a: Smeargle
|-activate|p1a: Darkrai|move: Trick|[of] p2a: Smeargle
|-item|p2a: Smeargle|Choice Scarf|[from] move: Trick
|-item|p1a: Darkrai|Focus Sash|[from] move: Trick
|move|p2a: Smeargle|Nuzzle|p1a: Darkrai
|-damage|p1a: Darkrai|98/100
|-status|p1a: Darkrai|par
|
|upkeep
|turn|2
|
|t:|1781247065
|switch|p2a: Serperior|Serperior, M|100/100
|cant|p1a: Darkrai|par
|
|upkeep
|turn|3
|
|t:|1781247075
|move|p2a: Serperior|Leaf Storm|p1a: Darkrai
|-damage|p1a: Darkrai|51/100 par
|-boost|p2a: Serperior|spa|2
|move|p1a: Darkrai|Ice Beam|p2a: Serperior
|-supereffective|p2a: Serperior
|-damage|p2a: Serperior|36/100
|
|-heal|p2a: Serperior|42/100|[from] item: Leftovers
|upkeep
|turn|4
|
|t:|1781247086
|switch|p1a: Dragonite|Dragonite, F|100/100
|move|p2a: Serperior|Leaf Storm|p1a: Dragonite
|-resisted|p1a: Dragonite
|-damage|p1a: Dragonite|93/100
|-boost|p2a: Serperior|spa|2
|
|-heal|p2a: Serperior|48/100|[from] item: Leftovers
|upkeep
|turn|5
|
|t:|1781247093
|move|p2a: Serperior|Glare|p1a: Dragonite
|-status|p1a: Dragonite|par
|move|p1a: Dragonite|Dragon Dance|p1a: Dragonite
|-boost|p1a: Dragonite|atk|1
|-boost|p1a: Dragonite|spe|1
|
|-heal|p2a: Serperior|54/100|[from] item: Leftovers
|upkeep
|turn|6
|
|t:|1781247097
|cant|p1a: Dragonite|par
|move|p2a: Serperior|Leech Seed|p1a: Dragonite
|-start|p1a: Dragonite|move: Leech Seed
|
|-heal|p2a: Serperior|60/100|[from] item: Leftovers
|-damage|p1a: Dragonite|80/100 par|[from] Leech Seed|[of] p2a: Serperior
|-heal|p2a: Serperior|74/100|[silent]
|upkeep
|turn|7
|
|t:|1781247104
|switch|p2a: Smeargle|Smeargle, F|100/100
|move|p1a: Dragonite|Extreme Speed|p2a: Smeargle
|-damage|p2a: Smeargle|0 fnt
|faint|p2a: Smeargle
|
|upkeep
|
|t:|1781247111
|switch|p2a: Quaquaval|Quaquaval, M|100/100
|turn|8
|
|t:|1781247119
|switch|p1a: Darkrai|Darkrai|51/100 par
|move|p2a: Quaquaval|Swords Dance|p2a: Quaquaval
|-boost|p2a: Quaquaval|atk|2
|
|upkeep
|turn|9
|
|t:|1781247133
|move|p2a: Quaquaval|Aqua Step|p1a: Darkrai
|-crit|p1a: Darkrai
|-damage|p1a: Darkrai|0 fnt
|-boost|p2a: Quaquaval|spe|1
|faint|p1a: Darkrai
|-ability|p2a: Quaquaval|Moxie|boost
|-boost|p2a: Quaquaval|atk|1
|
|upkeep
|
|t:|1781247149
|switch|p1a: Hatterene|Hatterene, F|100/100
|turn|10
|
|t:|1781247166
|move|p2a: Quaquaval|Aqua Step|p1a: Hatterene
|-damage|p1a: Hatterene|5/100
|-boost|p2a: Quaquaval|spe|1
|-damage|p2a: Quaquaval|84/100|[from] item: Rocky Helmet|[of] p1a: Hatterene
|move|p1a: Hatterene|Nuzzle|p2a: Quaquaval
|-supereffective|p2a: Quaquaval
|-damage|p2a: Quaquaval|75/100
|-status|p2a: Quaquaval|par
|
|-heal|p2a: Quaquaval|81/100 par|[from] item: Leftovers
|upkeep
|turn|11
|
|t:|1781247174
|move|p2a: Quaquaval|Aqua Step|p1a: Hatterene
|-damage|p1a: Hatterene|0 fnt
|-boost|p2a: Quaquaval|spe|1
|-damage|p2a: Quaquaval|65/100 par|[from] item: Rocky Helmet|[of] p1a: Hatterene
|faint|p1a: Hatterene
|-ability|p2a: Quaquaval|Moxie|boost
|-boost|p2a: Quaquaval|atk|1
|
|-heal|p2a: Quaquaval|71/100 par|[from] item: Leftovers
|upkeep
|
|t:|1781247185
|switch|p1a: Gholdengo|Gholdengo|100/100
|-item|p1a: Gholdengo|Air Balloon
|turn|12
|
|t:|1781247193
|cant|p2a: Quaquaval|par
|move|p1a: Gholdengo|Thunderbolt|p2a: Quaquaval
|-supereffective|p2a: Quaquaval
|-damage|p2a: Quaquaval|0 fnt
|faint|p2a: Quaquaval
|
|upkeep
|
|t:|1781247199
|switch|p2a: Kommo-o|Kommo-o, M|100/100
|turn|13
|
|t:|1781247211
|move|p1a: Gholdengo|Psyshock|p2a: Kommo-o
|-supereffective|p2a: Kommo-o
|-damage|p2a: Kommo-o|54/100
|move|p2a: Kommo-o|Bulk Up|p2a: Kommo-o
|-boost|p2a: Kommo-o|atk|1
|-boost|p2a: Kommo-o|def|1
|
|-heal|p2a: Kommo-o|60/100|[from] item: Leftovers
|upkeep
|turn|14
|
|t:|1781247221
|move|p1a: Gholdengo|Nasty Plot|p1a: Gholdengo
|-boost|p1a: Gholdengo|spa|2
|move|p2a: Kommo-o|Dragon Claw|p1a: Gholdengo
|-resisted|p1a: Gholdengo
|-damage|p1a: Gholdengo|76/100
|-enditem|p1a: Gholdengo|Air Balloon
|
|-heal|p2a: Kommo-o|67/100|[from] item: Leftovers
|upkeep
|turn|15
|
|t:|1781247224
|move|p1a: Gholdengo|Make It Rain|p2a: Kommo-o
|-damage|p2a: Kommo-o|0 fnt
|-unboost|p1a: Gholdengo|spa|1
|faint|p2a: Kommo-o
|
|upkeep
|
|t:|1781247229
|switch|p2a: Clefable|Clefable, M|100/100
|turn|16
|inactive|zxcvbh has 120 seconds left.
|
|t:|1781247264
|move|p1a: Gholdengo|Nasty Plot|p1a: Gholdengo
|-boost|p1a: Gholdengo|spa|2
|move|p2a: Clefable|Moonblast|p1a: Gholdengo
|-resisted|p1a: Gholdengo
|-damage|p1a: Gholdengo|55/100
|
|upkeep
|turn|17
|
|t:|1781247267
|move|p1a: Gholdengo|Make It Rain|p2a: Clefable
|-supereffective|p2a: Clefable
|-damage|p2a: Clefable|0 fnt
|-unboost|p1a: Gholdengo|spa|1
|faint|p2a: Clefable
|
|upkeep
|
|t:|1781247271
|switch|p2a: Suicune|Suicune|100/100
|-ability|p2a: Suicune|Pressure
|turn|18
|
|t:|1781247278
|move|p1a: Gholdengo|Thunderbolt|p2a: Suicune
|-supereffective|p2a: Suicune
|-damage|p2a: Suicune|0 fnt
|faint|p2a: Suicune
|
|upkeep
|-message|levijoseph forfeited.
|
|win|zxcvbh
|raw|zxcvbh's rating: 1534 &rarr; <strong>1556</strong><br />(+22 for winning)
|raw|levijoseph's rating: 1562 &rarr; <strong>1540</strong><br />(-22 for losing)
|l|☆levijoseph
|player|p2|
|l|☆zxcvbh
|player|p1|
