|j|☆GintamaXXOO
|j|☆SushiGengu
|t:|1781015319
|gametype|singles
|player|p1|GintamaXXOO|101|1598
|player|p2|SushiGengu|101|1627
|gen|9
|tier|[Gen 9] OU
|rated|
|rule|HP Percentage Mod: HP is shown in percentages
|rule|Endless Battle Clause: Forcing endless battles is banned
|rule|Species Clause: Limit one of each Pokémon
|rule|OHKO Clause: OHKO moves are banned
|rule|Evasion Items Clause: Evasion items are banned
|rule|Evasion Moves Clause: Evasion moves are banned
|rule|Evasion Abilities Clause: Evasion abilities are banned
|rule|Sleep Moves Clause: Sleep-inducing moves are banned
|clearpoke
|poke|p1|Ting-Lu|
|poke|p1|Gliscor, F|
|poke|p1|Sinistcha-Masterpiece|
|poke|p1|Keldeo|
|poke|p1|Tinkaton, F|
|poke|p1|Dragonite, F|
|poke|p2|Slowking-Galar, M|
|poke|p2|Dondozo, F|
|poke|p2|Great Tusk|
|poke|p2|Ogerpon-Wellspring, F|
|poke|p2|Zapdos|
|poke|p2|Kingambit, M|
|teampreview
|inactive|Battle timer is ON: inactive players will automatically lose when time's up. (requested by SushiGengu)
|inactive|GintamaXXOO has 120 seconds left.
|
|t:|1781015361
|teamsize|p1|6
|teamsize|p2|6
|start
|switch|p1a: Tchavis Scott|Sinistcha-Masterpiece|100/100
|switch|p2a: Slowking|Slowking-Galar, M|100/100
|turn|1
|
|t:|1781015374
|switch|p1a: Jarhead|Ting-Lu|100/100
|-ability|p1a: Jarhead|Vessel of Ruin
|move|p2a: Slowking|Trick|p1a: Jarhead
|-activate|p2a: Slowking|move: Trick|[of] p1a: Jarhead
|-item|p1a: Jarhead|Black Sludge|[from] move: Trick
|-item|p2a: Slowking|Leftovers|[from] move: Trick
|
|-damage|p1a: Jarhead|88/100|[from] item: Black Sludge
|upkeep
|turn|2
|
|t:|1781015387
|move|p1a: Jarhead|Spikes|p2a: Slowking
|-sidestart|p2: SushiGengu|Spikes
|-prepare|p2a: Slowking|Chilly Reception|[premajor]
|move|p2a: Slowking|Chilly Reception|p2a: Slowking
|-weather|Snowscape
|
|t:|1781015398
|switch|p2a: Ogerpon|Ogerpon-Wellspring, F|100/100|[from] Chilly Reception
|-damage|p2a: Ogerpon|88/100|[from] Spikes
|
|-weather|Snowscape|[upkeep]
|-damage|p1a: Jarhead|76/100|[from] item: Black Sludge
|upkeep
|turn|3
|
|t:|1781015420
|switch|p1a: Secret Service|Dragonite, F|100/100
|move|p2a: Ogerpon|Ivy Cudgel|p1a: Secret Service|[anim] Ivy Cudgel Water
|-resisted|p1a: Secret Service
|-crit|p1a: Secret Service
|-damage|p1a: Secret Service|82/100
|
|-weather|Snowscape|[upkeep]
|upkeep
|turn|4
|
|t:|1781015426
|switch|p2a: Zapdos|Zapdos|100/100
|move|p1a: Secret Service|Roost|p1a: Secret Service
|-heal|p1a: Secret Service|100/100
|-singleturn|p1a: Secret Service|move: Roost
|
|-weather|Snowscape|[upkeep]
|upkeep
|turn|5
|
|t:|1781015432
|switch|p1a: Dance Armstrong|Gliscor, F|100/100
|move|p2a: Zapdos|Hurricane|p1a: Dance Armstrong
|-crit|p1a: Dance Armstrong
|-damage|p1a: Dance Armstrong|9/100
|
|-weather|Snowscape|[upkeep]
|-status|p1a: Dance Armstrong|tox|[from] item: Toxic Orb
|upkeep
|turn|6
|
|t:|1781015441
|move|p1a: Dance Armstrong|Protect|p1a: Dance Armstrong
|-singleturn|p1a: Dance Armstrong|Protect
|move|p2a: Zapdos|Hurricane|p1a: Dance Armstrong
|-activate|p1a: Dance Armstrong|move: Protect
|
|-weather|none
|-heal|p1a: Dance Armstrong|22/100 tox|[from] ability: Poison Heal
|upkeep
|turn|7
|
|t:|1781015450
|switch|p1a: Jarhead|Ting-Lu|76/100
|-ability|p1a: Jarhead|Vessel of Ruin
|switch|p2a: Great Tusk|Great Tusk|100/100
|-damage|p2a: Great Tusk|88/100|[from] Spikes
|
|-heal|p2a: Great Tusk|94/100|[from] item: Leftovers
|-damage|p1a: Jarhead|63/100|[from] item: Black Sludge
|upkeep
|turn|8
|
|t:|1781015460
|switch|p1a: Tchavis Scott|Sinistcha-Masterpiece|100/100
|move|p2a: Great Tusk|Stealth Rock|p1a: Tchavis Scott
|-sidestart|p1: GintamaXXOO|move: Stealth Rock
|
|-heal|p2a: Great Tusk|100/100|[from] item: Leftovers
|upkeep
|turn|9
|
|t:|1781015468
|-end|p2a: Great Tusk|Protosynthesis|[silent]
|switch|p2a: Slowking|Slowking-Galar, M|100/100
|-damage|p2a: Slowking|88/100|[from] Spikes
|switch|p1a: Dance Armstrong|Gliscor, F|22/100 tox
|-damage|p1a: Dance Armstrong|9/100 tox|[from] Stealth Rock
|
|-heal|p2a: Slowking|94/100|[from] item: Leftovers
|-heal|p1a: Dance Armstrong|22/100 tox|[from] ability: Poison Heal
|upkeep
|turn|10
|
|t:|1781015488
|move|p1a: Dance Armstrong|Knock Off|p2a: Slowking
|-supereffective|p2a: Slowking
|-damage|p2a: Slowking|50/100
|-enditem|p2a: Slowking|Leftovers|[from] move: Knock Off|[of] p1a: Dance Armstrong
|move|p2a: Slowking|Future Sight|p1a: Dance Armstrong
|-start|p2a: Slowking|move: Future Sight
|
|-heal|p1a: Dance Armstrong|34/100 tox|[from] ability: Poison Heal
|upkeep
|turn|11
|inactive|GintamaXXOO has 120 seconds left.
|
|t:|1781015536
|switch|p2a: Ogerpon|Ogerpon-Wellspring, F|88/100
|-damage|p2a: Ogerpon|76/100|[from] Spikes
|move|p1a: Dance Armstrong|Knock Off|p2a: Ogerpon
|-damage|p2a: Ogerpon|54/100
|
|-heal|p1a: Dance Armstrong|47/100 tox|[from] ability: Poison Heal
|upkeep
|turn|12
|inactive|GintamaXXOO has 90 seconds left.
|
|t:|1781015560
|move|p1a: Dance Armstrong|Protect|p1a: Dance Armstrong
|-singleturn|p1a: Dance Armstrong|Protect
|move|p2a: Ogerpon|Swords Dance|p2a: Ogerpon
|-boost|p2a: Ogerpon|atk|2
|
|-end|p1a: Dance Armstrong|move: Future Sight
|-damage|p1a: Dance Armstrong|0 fnt
|faint|p1a: Dance Armstrong
|upkeep
|
|t:|1781015575
|switch|p1a: Secret Service|Dragonite, F|100/100
|turn|13
|
|t:|1781015581
|switch|p2a: Zapdos|Zapdos|100/100
|move|p1a: Secret Service|Dragon Tail|p2a: Zapdos
|-damage|p2a: Zapdos|75/100
|-status|p1a: Secret Service|par|[from] ability: Static|[of] p2a: Zapdos
|drag|p2a: Kingambit|Kingambit, M, shiny|100/100
|-damage|p2a: Kingambit|88/100|[from] Spikes
|
|-heal|p2a: Kingambit|94/100|[from] item: Leftovers
|upkeep
|turn|14
|inactive|GintamaXXOO has 90 seconds left.
|
|t:|1781015592
|-end|p2a: Kingambit|fallenundefined|[silent]
|switch|p2a: Great Tusk|Great Tusk|100/100
|-damage|p2a: Great Tusk|88/100|[from] Spikes
|switch|p1a: My Little Pwny|Keldeo|100/100
|
|-heal|p2a: Great Tusk|94/100|[from] item: Leftovers
|upkeep
|turn|15
|
|t:|1781015600
|-end|p2a: Great Tusk|Protosynthesis|[silent]
|switch|p2a: Dondozo|Dondozo, F|100/100
|-damage|p2a: Dondozo|88/100|[from] Spikes
|move|p1a: My Little Pwny|Aura Sphere|p2a: Dondozo
|-damage|p2a: Dondozo|63/100
|
|-heal|p2a: Dondozo|69/100|[from] item: Leftovers
|upkeep
|turn|16
|
|t:|1781015608
|move|p1a: My Little Pwny|Flip Turn|p2a: Dondozo
|-resisted|p2a: Dondozo
|-damage|p2a: Dondozo|65/100
|
|t:|1781015616
|switch|p1a: Secret Service|Dragonite, F|100/100 par|[from] Flip Turn
|move|p2a: Dondozo|Waterfall|p1a: Secret Service
|-resisted|p1a: Secret Service
|-damage|p1a: Secret Service|94/100 par
|
|-heal|p2a: Dondozo|71/100|[from] item: Leftovers
|upkeep
|turn|17
|
|t:|1781015622
|switch|p2a: Zapdos|Zapdos|75/100
|cant|p1a: Secret Service|par
|
|upkeep
|turn|18
|
|t:|1781015627
|move|p2a: Zapdos|Hurricane|p1a: Secret Service
|-damage|p1a: Secret Service|51/100 par
|move|p1a: Secret Service|Roost|p1a: Secret Service
|-heal|p1a: Secret Service|100/100 par
|-singleturn|p1a: Secret Service|move: Roost
|
|upkeep
|turn|19
|
|t:|1781015633
|move|p2a: Zapdos|Hurricane|p1a: Secret Service
|-damage|p1a: Secret Service|79/100 par
|move|p1a: Secret Service|Dragon Tail|p2a: Zapdos
|-damage|p2a: Zapdos|51/100
|drag|p2a: Slowking|Slowking-Galar, M|83/100
|-damage|p2a: Slowking|71/100|[from] Spikes
|
|upkeep
|turn|20
|
|t:|1781015639
|move|p1a: Secret Service|Earthquake|p2a: Slowking
|-supereffective|p2a: Slowking
|-damage|p2a: Slowking|4/100
|move|p2a: Slowking|Future Sight|p1a: Secret Service
|-start|p2a: Slowking|move: Future Sight
|
|upkeep
|turn|21
|
|t:|1781015648
|-prepare|p2a: Slowking|Chilly Reception|[premajor]
|move|p2a: Slowking|Chilly Reception|p2a: Slowking
|-weather|Snowscape
|
|t:|1781015656
|switch|p2a: Great Tusk|Great Tusk|94/100|[from] Chilly Reception
|-damage|p2a: Great Tusk|82/100|[from] Spikes
|move|p1a: Secret Service|Dragon Tail|p2a: Great Tusk
|-damage|p2a: Great Tusk|59/100
|-end|p2a: Great Tusk|Protosynthesis|[silent]
|drag|p2a: Zapdos|Zapdos|51/100
|
|-weather|Snowscape|[upkeep]
|upkeep
|turn|22
|
|t:|1781015661
|move|p2a: Zapdos|Roost|p2a: Zapdos
|-heal|p2a: Zapdos|100/100
|-singleturn|p2a: Zapdos|move: Roost
|cant|p1a: Secret Service|par
|
|-weather|Snowscape|[upkeep]
|-end|p1a: Secret Service|move: Future Sight
|-damage|p1a: Secret Service|41/100 par
|upkeep
|turn|23
|
|t:|1781015674
|switch|p1a: Jarhead|Ting-Lu|63/100
|-damage|p1a: Jarhead|57/100|[from] Stealth Rock
|-ability|p1a: Jarhead|Vessel of Ruin
|move|p2a: Zapdos|Hurricane|p1a: Jarhead|[miss]
|-miss|p2a: Zapdos|p1a: Jarhead
|
|-weather|Snowscape|[upkeep]
|-damage|p1a: Jarhead|44/100|[from] item: Black Sludge
|upkeep
|turn|24
|
|t:|1781015680
|move|p2a: Zapdos|Hurricane|p1a: Jarhead|[miss]
|-miss|p2a: Zapdos|p1a: Jarhead
|move|p1a: Jarhead|Ruination|p2a: Zapdos
|-damage|p2a: Zapdos|51/100
|
|-weather|Snowscape|[upkeep]
|-damage|p1a: Jarhead|32/100|[from] item: Black Sludge
|upkeep
|turn|25
|
|t:|1781015691
|move|p2a: Zapdos|Hurricane|p1a: Jarhead
|-damage|p1a: Jarhead|11/100
|move|p1a: Jarhead|Spikes|p2a: Zapdos
|-sidestart|p2: SushiGengu|Spikes
|
|-weather|none
|-damage|p1a: Jarhead|0 fnt|[from] item: Black Sludge
|faint|p1a: Jarhead
|upkeep
|
|t:|1781015704
|switch|p1a: Tinkki Minaj|Tinkaton, F|100/100
|-damage|p1a: Tinkki Minaj|94/100|[from] Stealth Rock
|-ability|p1a: Tinkki Minaj|Mold Breaker
|-item|p1a: Tinkki Minaj|Air Balloon
|turn|26
|
|t:|1781015711
|move|p1a: Tinkki Minaj|Stealth Rock|p2a: Zapdos
|-sidestart|p2: SushiGengu|move: Stealth Rock
|move|p2a: Zapdos|Thunder Wave|p1a: Tinkki Minaj
|-status|p1a: Tinkki Minaj|par
|
|upkeep
|turn|27
|
|t:|1781015717
|move|p2a: Zapdos|Roost|p2a: Zapdos
|-heal|p2a: Zapdos|100/100
|-singleturn|p2a: Zapdos|move: Roost
|move|p1a: Tinkki Minaj|Encore|p2a: Zapdos
|-start|p2a: Zapdos|Encore
|
|upkeep
|turn|28
|
|t:|1781015726
|switch|p2a: Great Tusk|Great Tusk|59/100
|-damage|p2a: Great Tusk|43/100|[from] Spikes
|-damage|p2a: Great Tusk|40/100|[from] Stealth Rock
|switch|p1a: My Little Pwny|Keldeo|100/100
|
|-heal|p2a: Great Tusk|46/100|[from] item: Leftovers
|upkeep
|turn|29
|
|t:|1781015736
|move|p1a: My Little Pwny|Aura Sphere|p2a: Great Tusk
|-damage|p2a: Great Tusk|0 fnt
|faint|p2a: Great Tusk
|-end|p2a: Great Tusk|Protosynthesis|[silent]
|
|upkeep
|
|t:|1781015741
|switch|p2a: Dondozo|Dondozo, F|71/100
|-damage|p2a: Dondozo|54/100|[from] Spikes
|-damage|p2a: Dondozo|42/100|[from] Stealth Rock
|turn|30
|j| BiscoitoXDBr
|
|t:|1781015756
|switch|p1a: Secret Service|Dragonite, F|41/100 par
|move|p2a: Dondozo|Rest|p2a: Dondozo
|-status|p2a: Dondozo|slp|[from] move: Rest
|-heal|p2a: Dondozo|100/100 slp|[silent]
|
|upkeep
|turn|31
|
|t:|1781015762
|switch|p2a: Slowking|Slowking-Galar, M|37/100
|-damage|p2a: Slowking|21/100|[from] Spikes
|-damage|p2a: Slowking|8/100|[from] Stealth Rock
|cant|p1a: Secret Service|par
|
|upkeep
|turn|32
|
|t:|1781015770
|switch|p2a: Zapdos|Zapdos|100/100
|move|p1a: Secret Service|Roost|p1a: Secret Service
|-heal|p1a: Secret Service|91/100 par
|-singleturn|p1a: Secret Service|move: Roost
|
|upkeep
|turn|33
|j| Lowladderubersnoob
|
|t:|1781015783
|move|p2a: Zapdos|Hurricane|p1a: Secret Service
|-damage|p1a: Secret Service|49/100 par
|cant|p1a: Secret Service|par
|
|upkeep
|turn|34
|l| Lowladderubersnoob
|
|t:|1781015789
|move|p2a: Zapdos|Hurricane|p1a: Secret Service|[miss]
|-miss|p2a: Zapdos|p1a: Secret Service
|move|p1a: Secret Service|Roost|p1a: Secret Service
|-heal|p1a: Secret Service|99/100 par
|-singleturn|p1a: Secret Service|move: Roost
|
|upkeep
|turn|35
|
|t:|1781015797
|move|p2a: Zapdos|Hurricane|p1a: Secret Service|[miss]
|-miss|p2a: Zapdos|p1a: Secret Service
|move|p1a: Secret Service|Dragon Tail|p2a: Zapdos
|-damage|p2a: Zapdos|75/100
|drag|p2a: Ogerpon|Ogerpon-Wellspring, F|54/100
|-damage|p2a: Ogerpon|38/100|[from] Spikes
|-damage|p2a: Ogerpon|25/100|[from] Stealth Rock
|
|upkeep
|turn|36
|
|t:|1781015805
|move|p1a: Secret Service|Extreme Speed|p2a: Ogerpon
|-damage|p2a: Ogerpon|0 fnt
|faint|p2a: Ogerpon
|
|upkeep
|
|t:|1781015818
|switch|p2a: Slowking|Slowking-Galar, M|41/100
|-damage|p2a: Slowking|25/100|[from] Spikes
|-damage|p2a: Slowking|12/100|[from] Stealth Rock
|turn|37
|j| michealjackkson
|
|t:|1781015825
|switch|p2a: Zapdos|Zapdos|75/100
|move|p1a: Secret Service|Earthquake|p2a: Zapdos
|-immune|p2a: Zapdos
|
|upkeep
|turn|38
|
|t:|1781015832
|move|p2a: Zapdos|Volt Switch|p1a: Secret Service
|-damage|p1a: Secret Service|74/100 par
|
|t:|1781015839
|switch|p2a: Slowking|Slowking-Galar, M|46/100|[from] Volt Switch
|-damage|p2a: Slowking|29/100|[from] Spikes
|-damage|p2a: Slowking|17/100|[from] Stealth Rock
|cant|p1a: Secret Service|par
|
|upkeep
|turn|39
|
|t:|1781015849
|switch|p2a: Zapdos|Zapdos|75/100
|move|p1a: Secret Service|Dragon Tail|p2a: Zapdos
|-damage|p2a: Zapdos|49/100
|drag|p2a: Kingambit|Kingambit, M, shiny|94/100
|-damage|p2a: Kingambit|78/100|[from] Spikes
|-damage|p2a: Kingambit|71/100|[from] Stealth Rock
|-activate|p2a: Kingambit|ability: Supreme Overlord
|-start|p2a: Kingambit|fallen2|[silent]
|
|-heal|p2a: Kingambit|78/100|[from] item: Leftovers
|upkeep
|turn|40
|
|t:|1781015865
|-end|p2a: Kingambit|fallen2|[silent]
|switch|p2a: Zapdos|Zapdos|49/100
|switch|p1a: My Little Pwny|Keldeo|100/100
|
|upkeep
|turn|41
|
|t:|1781015885
|switch|p1a: Secret Service|Dragonite, F|74/100 par
|switch|p2a: Dondozo|Dondozo, F|100/100 slp
|-damage|p2a: Dondozo|84/100 slp|[from] Spikes
|-damage|p2a: Dondozo|71/100 slp|[from] Stealth Rock
|
|-heal|p2a: Dondozo|77/100 slp|[from] item: Leftovers
|upkeep
|turn|42
|
|t:|1781015895
|cant|p2a: Dondozo|slp
|move|p2a: Dondozo|Sleep Talk|p2a: Dondozo
|move|p2a: Dondozo|Waterfall|p1a: Secret Service|[from] move: Sleep Talk
|-resisted|p1a: Secret Service
|-damage|p1a: Secret Service|61/100 par
|cant|p1a: Secret Service|flinch
|
|-heal|p2a: Dondozo|84/100 slp|[from] item: Leftovers
|upkeep
|turn|43
|
|t:|1781015903
|cant|p2a: Dondozo|slp
|move|p2a: Dondozo|Sleep Talk|p2a: Dondozo
|move|p2a: Dondozo|Rest||[from] move: Sleep Talk|[still]
|-fail|p2a: Dondozo
|move|p1a: Secret Service|Roost|p1a: Secret Service
|-heal|p1a: Secret Service|100/100 par
|-singleturn|p1a: Secret Service|move: Roost
|
|-heal|p2a: Dondozo|90/100 slp|[from] item: Leftovers
|upkeep
|turn|44
|
|t:|1781015911
|-curestatus|p2a: Dondozo|slp|[msg]
|move|p2a: Dondozo|Curse|p2a: Dondozo
|-unboost|p2a: Dondozo|spe|1
|-boost|p2a: Dondozo|atk|1
|-boost|p2a: Dondozo|def|1
|move|p1a: Secret Service|Dragon Tail|p2a: Dondozo
|-damage|p2a: Dondozo|76/100
|drag|p2a: Zapdos|Zapdos|49/100
|
|upkeep
|turn|45
|
|t:|1781015920
|move|p2a: Zapdos|Roost|p2a: Zapdos
|-heal|p2a: Zapdos|99/100
|-singleturn|p2a: Zapdos|move: Roost
|cant|p1a: Secret Service|par
|
|upkeep
|turn|46
|
|t:|1781015925
|move|p2a: Zapdos|Hurricane|p1a: Secret Service
|-damage|p1a: Secret Service|81/100 par
|move|p1a: Secret Service|Dragon Tail|p2a: Zapdos
|-damage|p2a: Zapdos|74/100
|drag|p2a: Slowking|Slowking-Galar, M|50/100
|-damage|p2a: Slowking|33/100|[from] Spikes
|-damage|p2a: Slowking|21/100|[from] Stealth Rock
|
|upkeep
|turn|47
|
|t:|1781015934
|move|p1a: Secret Service|Extreme Speed|p2a: Slowking
|-damage|p2a: Slowking|0 fnt
|faint|p2a: Slowking
|
|upkeep
|l| BiscoitoXDBr
|
|t:|1781015939
|switch|p2a: Zapdos|Zapdos|74/100
|turn|48
|
|t:|1781015944
|move|p2a: Zapdos|Hurricane|p1a: Secret Service
|-damage|p1a: Secret Service|41/100 par
|move|p1a: Secret Service|Dragon Tail|p2a: Zapdos
|-damage|p2a: Zapdos|49/100
|drag|p2a: Kingambit|Kingambit, M, shiny|78/100
|-damage|p2a: Kingambit|61/100|[from] Spikes
|-damage|p2a: Kingambit|55/100|[from] Stealth Rock
|-activate|p2a: Kingambit|ability: Supreme Overlord
|-start|p2a: Kingambit|fallen3|[silent]
|
|-heal|p2a: Kingambit|61/100|[from] item: Leftovers
|upkeep
|turn|49
|j| tdgrdrgdgrz
|j| BiscoitoXDBr
|inactive|GintamaXXOO has 120 seconds left.
|l| tdgrdrgdgrz
|
|t:|1781015986
|switch|p1a: My Little Pwny|Keldeo|100/100
|move|p2a: Kingambit|Iron Head|p1a: My Little Pwny
|-resisted|p1a: My Little Pwny
|-damage|p1a: My Little Pwny|63/100
|
|-heal|p2a: Kingambit|67/100|[from] item: Leftovers
|upkeep
|turn|50
|
|t:|1781015999
|-end|p2a: Kingambit|fallen3|[silent]
|switch|p2a: Dondozo|Dondozo, F|76/100
|-damage|p2a: Dondozo|60/100|[from] Spikes
|-damage|p2a: Dondozo|47/100|[from] Stealth Rock
|move|p1a: My Little Pwny|Aura Sphere|p2a: Dondozo
|-damage|p2a: Dondozo|23/100
|
|-heal|p2a: Dondozo|29/100|[from] item: Leftovers
|upkeep
|turn|51
|
|t:|1781016012
|move|p1a: My Little Pwny|Flip Turn|p2a: Dondozo
|-resisted|p2a: Dondozo
|-damage|p2a: Dondozo|25/100
|
|t:|1781016015
|switch|p1a: Secret Service|Dragonite, F|41/100 par|[from] Flip Turn
|move|p2a: Dondozo|Rest|p2a: Dondozo
|-status|p2a: Dondozo|slp|[from] move: Rest
|-heal|p2a: Dondozo|100/100 slp|[silent]
|
|upkeep
|turn|52
|
|t:|1781016018
|cant|p2a: Dondozo|slp
|move|p2a: Dondozo|Sleep Talk|p2a: Dondozo
|move|p2a: Dondozo|Curse|p2a: Dondozo|[from] move: Sleep Talk
|-unboost|p2a: Dondozo|spe|1
|-boost|p2a: Dondozo|atk|1
|-boost|p2a: Dondozo|def|1
|move|p1a: Secret Service|Roost|p1a: Secret Service
|-heal|p1a: Secret Service|91/100 par
|-singleturn|p1a: Secret Service|move: Roost
|
|upkeep
|turn|53
|l| BiscoitoXDBr
|
|t:|1781016028
|cant|p2a: Dondozo|slp
|move|p2a: Dondozo|Sleep Talk|p2a: Dondozo
|move|p2a: Dondozo|Curse|p2a: Dondozo|[from] move: Sleep Talk
|-unboost|p2a: Dondozo|spe|1
|-boost|p2a: Dondozo|atk|1
|-boost|p2a: Dondozo|def|1
|move|p1a: Secret Service|Dragon Tail|p2a: Dondozo
|-damage|p2a: Dondozo|90/100 slp
|drag|p2a: Zapdos|Zapdos|49/100
|
|upkeep
|turn|54
|inactive|GintamaXXOO has 120 seconds left.
|j| tdgrdrgdgrz
|
|t:|1781016049
|move|p2a: Zapdos|Roost|p2a: Zapdos
|-heal|p2a: Zapdos|99/100
|-singleturn|p2a: Zapdos|move: Roost
|move|p1a: Secret Service|Earthquake|p2a: Zapdos
|-supereffective|p2a: Zapdos
|-damage|p2a: Zapdos|46/100
|
|upkeep
|turn|55
|inactive|GintamaXXOO has 120 seconds left.
|
|t:|1781016061
|move|p2a: Zapdos|Roost|p2a: Zapdos
|-heal|p2a: Zapdos|96/100
|-singleturn|p2a: Zapdos|move: Roost
|move|p1a: Secret Service|Roost|p1a: Secret Service
|-heal|p1a: Secret Service|100/100 par
|-singleturn|p1a: Secret Service|move: Roost
|
|upkeep
|turn|56
|
|t:|1781016064
|move|p2a: Zapdos|Hurricane|p1a: Secret Service|[miss]
|-miss|p2a: Zapdos|p1a: Secret Service
|move|p1a: Secret Service|Dragon Tail|p2a: Zapdos
|-crit|p2a: Zapdos
|-damage|p2a: Zapdos|59/100
|drag|p2a: Kingambit|Kingambit, M, shiny|67/100
|-damage|p2a: Kingambit|50/100|[from] Spikes
|-damage|p2a: Kingambit|44/100|[from] Stealth Rock
|-activate|p2a: Kingambit|ability: Supreme Overlord
|-start|p2a: Kingambit|fallen3|[silent]
|
|-heal|p2a: Kingambit|50/100|[from] item: Leftovers
|upkeep
|turn|57
|
|t:|1781016075
|-end|p2a: Kingambit|fallen3|[silent]
|switch|p2a: Zapdos|Zapdos|59/100
|move|p1a: Secret Service|Earthquake|p2a: Zapdos
|-immune|p2a: Zapdos
|
|upkeep
|turn|58
|
|t:|1781016082
|move|p2a: Zapdos|Roost|p2a: Zapdos
|-heal|p2a: Zapdos|100/100
|-singleturn|p2a: Zapdos|move: Roost
|move|p1a: Secret Service|Earthquake|p2a: Zapdos
|-supereffective|p2a: Zapdos
|-damage|p2a: Zapdos|45/100
|
|upkeep
|turn|59
|
|t:|1781016095
|move|p2a: Zapdos|Roost|p2a: Zapdos
|-heal|p2a: Zapdos|95/100
|-singleturn|p2a: Zapdos|move: Roost
|move|p1a: Secret Service|Dragon Tail|p2a: Zapdos
|-crit|p2a: Zapdos
|-damage|p2a: Zapdos|58/100
|drag|p2a: Kingambit|Kingambit, M, shiny|50/100
|-damage|p2a: Kingambit|34/100|[from] Spikes
|-damage|p2a: Kingambit|28/100|[from] Stealth Rock
|-activate|p2a: Kingambit|ability: Supreme Overlord
|-start|p2a: Kingambit|fallen3|[silent]
|
|-heal|p2a: Kingambit|34/100|[from] item: Leftovers
|upkeep
|turn|60
|
|t:|1781016105
|-end|p2a: Kingambit|fallen3|[silent]
|switch|p2a: Zapdos|Zapdos|58/100
|move|p1a: Secret Service|Earthquake|p2a: Zapdos
|-immune|p2a: Zapdos
|
|upkeep
|turn|61
|
|t:|1781016112
|move|p2a: Zapdos|Volt Switch|p1a: Secret Service
|-damage|p1a: Secret Service|88/100 par
|
|t:|1781016114
|switch|p2a: Dondozo|Dondozo, F|90/100 slp|[from] Volt Switch
|-damage|p2a: Dondozo|73/100 slp|[from] Spikes
|-damage|p2a: Dondozo|60/100 slp|[from] Stealth Rock
|move|p1a: Secret Service|Dragon Tail|p2a: Dondozo
|-damage|p2a: Dondozo|38/100 slp
|drag|p2a: Kingambit|Kingambit, M, shiny|34/100
|-damage|p2a: Kingambit|17/100|[from] Spikes
|-damage|p2a: Kingambit|11/100|[from] Stealth Rock
|-activate|p2a: Kingambit|ability: Supreme Overlord
|-start|p2a: Kingambit|fallen3|[silent]
|
|-heal|p2a: Kingambit|17/100|[from] item: Leftovers
|upkeep
|turn|62
|
|t:|1781016130
|move|p2a: Kingambit|Iron Head|p1a: Secret Service
|-damage|p1a: Secret Service|34/100 par
|cant|p1a: Secret Service|par
|
|-heal|p2a: Kingambit|23/100|[from] item: Leftovers
|upkeep
|turn|63
|
|t:|1781016145
|cant|p1a: Secret Service|par
|move|p2a: Kingambit|Iron Head|p1a: Secret Service
|-damage|p1a: Secret Service|0 fnt
|faint|p1a: Secret Service
|
|-heal|p2a: Kingambit|30/100|[from] item: Leftovers
|upkeep
|
|t:|1781016146
|switch|p1a: My Little Pwny|Keldeo|63/100
|turn|64
|j| BiscoitoXDBr
|
|t:|1781016162
|-end|p2a: Kingambit|fallen3|[silent]
|switch|p2a: Zapdos|Zapdos|58/100
|move|p1a: My Little Pwny|Surf|p2a: Zapdos
|-damage|p2a: Zapdos|11/100
|
|upkeep
|turn|65
|
|t:|1781016168
|move|p1a: My Little Pwny|Surf|p2a: Zapdos
|-damage|p2a: Zapdos|0 fnt
|faint|p2a: Zapdos
|
|upkeep
|
|t:|1781016171
|switch|p2a: Dondozo|Dondozo, F|38/100 slp
|-damage|p2a: Dondozo|22/100 slp|[from] Spikes
|-damage|p2a: Dondozo|9/100 slp|[from] Stealth Rock
|turn|66
|
|t:|1781016175
|move|p1a: My Little Pwny|Aura Sphere|p2a: Dondozo
|-damage|p2a: Dondozo|0 fnt
|faint|p2a: Dondozo
|
|upkeep
|
|t:|1781016177
|switch|p2a: Kingambit|Kingambit, M, shiny|30/100
|-damage|p2a: Kingambit|13/100|[from] Spikes
|-damage|p2a: Kingambit|7/100|[from] Stealth Rock
|-activate|p2a: Kingambit|ability: Supreme Overlord
|-start|p2a: Kingambit|fallen5|[silent]
|turn|67
|
|t:|1781016183
|-terastallize|p2a: Kingambit|Ghost
|move|p1a: My Little Pwny|Surf|p2a: Kingambit
|-damage|p2a: Kingambit|0 fnt
|faint|p2a: Kingambit
|-end|p2a: Kingambit|fallen5|[silent]
|
|win|GintamaXXOO
|raw|GintamaXXOO's rating: 1598 &rarr; <strong>1620</strong><br />(+22 for winning)
|raw|SushiGengu's rating: 1627 &rarr; <strong>1605</strong><br />(-22 for losing)
|l|☆SushiGengu
|player|p2|
|l| michealjackkson
|l| tdgrdrgdgrz
|l|☆GintamaXXOO
|player|p1|
