|j|☆n5v
|j|☆blackgokuking
|t:|1781127326
|gametype|singles
|player|p1|n5v|leon-masters|1749
|player|p2|blackgokuking|101|1767
|gen|9
|tier|[Gen 9] OU
|rated|
|rule|HP Percentage Mod: HP is shown in percentages
|rule|Endless Battle Clause: Forcing endless battles is banned
|rule|Species Clause: Limit one of each Pokémon
|rule|OHKO Clause: OHKO moves are banned
|rule|Evasion Items Clause: Evasion items are banned
|rule|Evasion Moves Clause: Evasion moves are banned
|rule|Evasion Abilities Clause: Evasion abilities are banned
|rule|Sleep Moves Clause: Sleep-inducing moves are banned
|clearpoke
|poke|p1|Landorus-Therian, M|
|poke|p1|Raging Bolt|
|poke|p1|Slowking-Galar, F|
|poke|p1|Meowscarada, M|
|poke|p1|Iron Moth|
|poke|p1|Corviknight, F|
|poke|p2|Kingambit, M|
|poke|p2|Kommo-o, M|
|poke|p2|Iron Valiant|
|poke|p2|Kyurem|
|poke|p2|Iron Treads|
|poke|p2|Iron Crown|
|teampreview
|c|☆n5v|glhf
|c|☆blackgokuking|u2
|inactive|Battle timer is ON: inactive players will automatically lose when time's up. (requested by n5v)
|
|t:|1781127345
|teamsize|p1|6
|teamsize|p2|6
|start
|switch|p1a: Meowscarada|Meowscarada, M, shiny|100/100
|switch|p2a: Iron Crown|Iron Crown|100/100
|-enditem|p2a: Iron Crown|Booster Energy
|-activate|p2a: Iron Crown|ability: Quark Drive|[fromitem]
|-start|p2a: Iron Crown|quarkdrivespe
|turn|1
|
|t:|1781127362
|switch|p1a: Corviknight|Corviknight, F|100/100
|-ability|p1a: Corviknight|Pressure
|move|p2a: Iron Crown|Focus Blast|p1a: Corviknight|[miss]
|-miss|p2a: Iron Crown|p1a: Corviknight
|
|upkeep
|turn|2
|
|t:|1781127365
|move|p2a: Iron Crown|Calm Mind|p2a: Iron Crown
|-boost|p2a: Iron Crown|spa|1
|-boost|p2a: Iron Crown|spd|1
|move|p1a: Corviknight|Defog|p2a: Iron Crown
|-unboost|p2a: Iron Crown|evasion|1
|
|upkeep
|turn|3
|
|t:|1781127390
|switch|p1a: Raging Bolt|Raging Bolt|100/100
|move|p2a: Iron Crown|Calm Mind|p2a: Iron Crown
|-boost|p2a: Iron Crown|spa|1
|-boost|p2a: Iron Crown|spd|1
|
|upkeep
|turn|4
|j| Hakone Outbound
|inactive|n5v has 120 seconds left.
|
|t:|1781127413
|move|p2a: Iron Crown|Psychic Noise|p1a: Raging Bolt
|-damage|p1a: Raging Bolt|29/100
|-start|p1a: Raging Bolt|move: Heal Block
|move|p1a: Raging Bolt|Thunderbolt|p2a: Iron Crown
|-damage|p2a: Iron Crown|76/100
|
|upkeep
|turn|5
|
|t:|1781127420
|move|p1a: Raging Bolt|Thunderclap|p2a: Iron Crown
|-damage|p2a: Iron Crown|58/100
|move|p2a: Iron Crown|Psychic Noise|p1a: Raging Bolt
|-damage|p1a: Raging Bolt|0 fnt
|faint|p1a: Raging Bolt
|-end|p1a: Raging Bolt|Protosynthesis|[silent]
|
|upkeep
|
|t:|1781127422
|switch|p1a: Iron Moth|Iron Moth|100/100
|turn|6
|
|t:|1781127426
|-terastallize|p1a: Iron Moth|Fire
|move|p2a: Iron Crown|Psychic Noise|p1a: Iron Moth
|-damage|p1a: Iron Moth|24/100
|-start|p1a: Iron Moth|move: Heal Block
|move|p1a: Iron Moth|Fiery Dance|p2a: Iron Crown
|-supereffective|p2a: Iron Crown
|-damage|p2a: Iron Crown|0 fnt
|-boost|p1a: Iron Moth|spa|1
|faint|p2a: Iron Crown
|-end|p2a: Iron Crown|Quark Drive|[silent]
|
|upkeep
|j| PokePlayerBR
|
|t:|1781127441
|switch|p2a: Iron Treads|Iron Treads|100/100
|-enditem|p2a: Iron Treads|Booster Energy
|-activate|p2a: Iron Treads|ability: Quark Drive|[fromitem]
|-start|p2a: Iron Treads|quarkdrivespe
|turn|7
|
|t:|1781127445
|move|p2a: Iron Treads|Earthquake|p1a: Iron Moth
|-supereffective|p1a: Iron Moth
|-damage|p1a: Iron Moth|0 fnt
|faint|p1a: Iron Moth
|-end|p1a: Iron Moth|Quark Drive|[silent]
|
|upkeep
|
|t:|1781127452
|switch|p1a: Meowscarada|Meowscarada, M, shiny|100/100
|turn|8
|
|t:|1781127457
|move|p2a: Iron Treads|Stealth Rock|p1a: Meowscarada
|-sidestart|p1: n5v|move: Stealth Rock
|move|p1a: Meowscarada|Flower Trick|p2a: Iron Treads
|-start|p1a: Meowscarada|typechange|Grass|[from] ability: Protean
|-crit|p2a: Iron Treads
|-damage|p2a: Iron Treads|47/100
|
|upkeep
|turn|9
|
|t:|1781127466
|switch|p1a: Corviknight|Corviknight, F|100/100
|-damage|p1a: Corviknight|88/100|[from] Stealth Rock
|-ability|p1a: Corviknight|Pressure
|move|p2a: Iron Treads|Endeavor|p1a: Corviknight
|-damage|p1a: Corviknight|45/100
|-damage|p2a: Iron Treads|30/100|[from] item: Rocky Helmet|[of] p1a: Corviknight
|
|upkeep
|turn|10
|
|t:|1781127473
|move|p2a: Iron Treads|Endeavor|p1a: Corviknight
|-damage|p1a: Corviknight|29/100
|-damage|p2a: Iron Treads|14/100|[from] item: Rocky Helmet|[of] p1a: Corviknight
|move|p1a: Corviknight|U-turn|p2a: Iron Treads
|-resisted|p2a: Iron Treads
|-damage|p2a: Iron Treads|9/100
|
|t:|1781127483
|switch|p1a: Meowscarada|Meowscarada, M, shiny|100/100|[from] U-turn
|-damage|p1a: Meowscarada|88/100|[from] Stealth Rock
|
|upkeep
|turn|11
|
|t:|1781127488
|move|p2a: Iron Treads|Endeavor|p1a: Meowscarada
|-damage|p1a: Meowscarada|11/100
|move|p1a: Meowscarada|Flower Trick|p2a: Iron Treads
|-start|p1a: Meowscarada|typechange|Grass|[from] ability: Protean
|-crit|p2a: Iron Treads
|-damage|p2a: Iron Treads|0 fnt
|faint|p2a: Iron Treads
|-end|p2a: Iron Treads|Quark Drive|[silent]
|
|upkeep
|
|t:|1781127498
|switch|p2a: Kyurem|Kyurem|100/100
|-ability|p2a: Kyurem|Pressure
|turn|12
|
|t:|1781127503
|move|p1a: Meowscarada|Flower Trick|p2a: Kyurem
|-resisted|p2a: Kyurem
|-crit|p2a: Kyurem
|-damage|p2a: Kyurem|67/100
|move|p2a: Kyurem|Dragon Dance|p2a: Kyurem
|-boost|p2a: Kyurem|atk|1
|-boost|p2a: Kyurem|spe|1
|
|upkeep
|turn|13
|
|t:|1781127507
|move|p2a: Kyurem|Icicle Spear|p1a: Meowscarada
|-supereffective|p1a: Meowscarada
|-damage|p1a: Meowscarada|0 fnt
|faint|p1a: Meowscarada
|-hitcount|p1: Meowscarada|1
|
|upkeep
|c|☆n5v|ggs
|
|t:|1781127516
|switch|p1a: Slowking|Slowking-Galar, F, shiny|100/100
|turn|14
|
|t:|1781127525
|move|p2a: Kyurem|Scale Shot|p1a: Slowking
|-damage|p1a: Slowking|80/100
|-damage|p1a: Slowking|58/100
|-damage|p1a: Slowking|37/100
|-damage|p1a: Slowking|18/100
|-hitcount|p1a: Slowking|4
|-unboost|p2a: Kyurem|def|1
|-boost|p2a: Kyurem|spe|1
|move|p1a: Slowking|Toxic|p2a: Kyurem
|-status|p2a: Kyurem|tox
|
|-damage|p2a: Kyurem|61/100 tox|[from] psn
|upkeep
|turn|15
|
|t:|1781127535
|switch|p1a: Corviknight|Corviknight, F|29/100
|-damage|p1a: Corviknight|17/100|[from] Stealth Rock
|-ability|p1a: Corviknight|Pressure
|move|p2a: Kyurem|Icicle Spear|p1a: Corviknight
|-damage|p1a: Corviknight|5/100
|-damage|p1a: Corviknight|0 fnt
|faint|p1a: Corviknight
|-hitcount|p1: Corviknight|2
|
|-damage|p2a: Kyurem|49/100 tox|[from] psn
|upkeep
|
|t:|1781127539
|switch|p1a: Slowking|Slowking-Galar, F, shiny|51/100
|turn|16
|
|t:|1781127543
|move|p2a: Kyurem|Icicle Spear|p1a: Slowking
|-damage|p1a: Slowking|31/100
|-damage|p1a: Slowking|11/100
|-damage|p1a: Slowking|0 fnt
|faint|p1a: Slowking
|-hitcount|p1: Slowking|3
|
|-damage|p2a: Kyurem|30/100 tox|[from] psn
|upkeep
|-message|n5v forfeited.
|
|win|blackgokuking
|raw|n5v's rating: 1749 &rarr; <strong>1730</strong><br />(-19 for losing)
|raw|blackgokuking's rating: 1767 &rarr; <strong>1786</strong><br />(+19 for winning)
|l|☆blackgokuking
|player|p2|
|l| Hakone Outbound
|l|☆n5v
|player|p1|
|l| PokePlayerBR
