|j|☆bigtestsofbig
|j|☆Noamm
|t:|1781352631
|gametype|singles
|player|p1|bigtestsofbig|101|1703
|player|p2|Noamm|gambler|1777
|gen|9
|tier|[Gen 9] OU
|rated|
|rule|HP Percentage Mod: HP is shown in percentages
|rule|Endless Battle Clause: Forcing endless battles is banned
|rule|Species Clause: Limit one of each Pokémon
|rule|OHKO Clause: OHKO moves are banned
|rule|Evasion Items Clause: Evasion items are banned
|rule|Evasion Moves Clause: Evasion moves are banned
|rule|Evasion Abilities Clause: Evasion abilities are banned
|rule|Sleep Moves Clause: Sleep-inducing moves are banned
|clearpoke
|poke|p1|Infernape, M|
|poke|p1|Gholdengo|
|poke|p1|Great Tusk|
|poke|p1|Samurott-Hisui, F|
|poke|p1|Corviknight, F|
|poke|p1|Hoopa-Unbound|
|poke|p2|Lokix, F|
|poke|p2|Iron Valiant|
|poke|p2|Alomomola, L99, F|
|poke|p2|Mandibuzz, F|
|poke|p2|Great Tusk|
|poke|p2|Gholdengo|
|teampreview
|inactive|Battle timer is ON: inactive players will automatically lose when time's up. (requested by Noamm)
|
|t:|1781352639
|teamsize|p1|6
|teamsize|p2|6
|start
|switch|p1a: Samurott|Samurott-Hisui, F|100/100
|switch|p2a: WinJustiφ'sThePlay|Iron Valiant, shiny|100/100
|turn|1
|
|t:|1781352643
|switch|p1a: Corviknight|Corviknight, F|100/100
|-ability|p1a: Corviknight|Pressure
|move|p2a: WinJustiφ'sThePlay|Moonblast|p1a: Corviknight
|-resisted|p1a: Corviknight
|-damage|p1a: Corviknight|67/100
|
|upkeep
|turn|2
|
|t:|1781352650
|-end|p2a: WinJustiφ'sThePlay|Quark Drive|[silent]
|switch|p2a: TIME OUT|Alomomola, L99, F|100/100
|move|p1a: Corviknight|Brave Bird|p2a: TIME OUT
|-damage|p2a: TIME OUT|74/100
|-damage|p1a: Corviknight|57/100|[from] Recoil
|
|upkeep
|turn|3
|
|t:|1781352656
|move|p1a: Corviknight|Roost|p1a: Corviknight
|-heal|p1a: Corviknight|100/100
|-singleturn|p1a: Corviknight|move: Roost
|move|p2a: TIME OUT|Flip Turn|p1a: Corviknight
|-damage|p1a: Corviknight|90/100
|-damage|p2a: TIME OUT|58/100|[from] item: Rocky Helmet|[of] p1a: Corviknight
|
|t:|1781352660
|switch|p2a: WinJustiφ'sThePlay|Iron Valiant, shiny|100/100|[from] Flip Turn
|
|upkeep
|turn|4
|
|t:|1781352663
|move|p2a: WinJustiφ'sThePlay|Thunderbolt|p1a: Corviknight
|-supereffective|p1a: Corviknight
|-damage|p1a: Corviknight|1/100
|move|p1a: Corviknight|Brave Bird|p2a: WinJustiφ'sThePlay
|-supereffective|p2a: WinJustiφ'sThePlay
|-damage|p2a: WinJustiφ'sThePlay|0 fnt
|faint|p2a: WinJustiφ'sThePlay
|-end|p2a: WinJustiφ'sThePlay|Quark Drive|[silent]
|-damage|p1a: Corviknight|0 fnt|[from] Recoil
|faint|p1a: Corviknight
|
|upkeep
|
|t:|1781352672
|switch|p2a: STANDING BY|Great Tusk|100/100
|switch|p1a: Infernape|Infernape, M|100/100
|turn|5
|
|t:|1781352676
|-end|p2a: STANDING BY|Protosynthesis|[silent]
|switch|p2a: TIME OUT|Alomomola, L99, F|91/100
|-terastallize|p1a: Infernape|Fire
|move|p1a: Infernape|Overheat|p2a: TIME OUT
|-resisted|p2a: TIME OUT
|-damage|p2a: TIME OUT|73/100
|-unboost|p1a: Infernape|spa|2
|
|upkeep
|turn|6
|
|t:|1781352680
|switch|p1a: Samurott|Samurott-Hisui, F|100/100
|move|p2a: TIME OUT|Flip Turn|p1a: Samurott
|-resisted|p1a: Samurott
|-damage|p1a: Samurott|91/100
|
|t:|1781352682
|switch|p2a: lens tinting over|Lokix, F, shiny|100/100|[from] Flip Turn
|
|upkeep
|turn|7
|
|t:|1781352685
|switch|p1a: Infernape|Infernape, M, tera:Fire|100/100
|move|p2a: lens tinting over|Knock Off|p1a: Infernape
|-damage|p1a: Infernape|0 fnt
|-enditem|p1a: Infernape|Choice Scarf|[from] move: Knock Off|[of] p2a: lens tinting over
|faint|p1a: Infernape
|
|upkeep
|
|t:|1781352692
|switch|p1a: Great Tusk|Great Tusk|100/100
|-enditem|p1a: Great Tusk|Booster Energy
|-activate|p1a: Great Tusk|ability: Protosynthesis|[fromitem]
|-start|p1a: Great Tusk|protosynthesisspe
|turn|8
|
|t:|1781352699
|switch|p2a: TIME OUT|Alomomola, L99, F|100/100
|move|p1a: Great Tusk|Bulk Up|p1a: Great Tusk
|-boost|p1a: Great Tusk|atk|1
|-boost|p1a: Great Tusk|def|1
|
|upkeep
|turn|9
|
|t:|1781352703
|move|p1a: Great Tusk|Rapid Spin|p2a: TIME OUT
|-damage|p2a: TIME OUT|85/100
|-boost|p1a: Great Tusk|spe|1
|move|p2a: TIME OUT|Scald|p1a: Great Tusk
|-supereffective|p1a: Great Tusk
|-damage|p1a: Great Tusk|64/100
|
|upkeep
|turn|10
|
|t:|1781352706
|move|p1a: Great Tusk|Bulk Up|p1a: Great Tusk
|-boost|p1a: Great Tusk|atk|1
|-boost|p1a: Great Tusk|def|1
|move|p2a: TIME OUT|Scald|p1a: Great Tusk
|-supereffective|p1a: Great Tusk
|-damage|p1a: Great Tusk|31/100
|
|upkeep
|turn|11
|
|t:|1781352709
|move|p1a: Great Tusk|Headlong Rush|p2a: TIME OUT
|-damage|p2a: TIME OUT|9/100
|-unboost|p1a: Great Tusk|def|1
|-unboost|p1a: Great Tusk|spd|1
|move|p2a: TIME OUT|Scald|p1a: Great Tusk
|-supereffective|p1a: Great Tusk
|-damage|p1a: Great Tusk|0 fnt
|faint|p1a: Great Tusk
|-end|p1a: Great Tusk|Protosynthesis|[silent]
|
|upkeep
|
|t:|1781352714
|switch|p1a: Samurott|Samurott-Hisui, F|91/100
|turn|12
|
|t:|1781352718
|switch|p2a: WhoCouldBeMyMother|Mandibuzz, F|100/100
|move|p1a: Samurott|Ceaseless Edge|p2a: WhoCouldBeMyMother
|-resisted|p2a: WhoCouldBeMyMother
|-damage|p2a: WhoCouldBeMyMother|89/100
|-sidestart|p2: Noamm|Spikes
|
|upkeep
|turn|13
|
|t:|1781352724
|move|p1a: Samurott|Swords Dance|p1a: Samurott
|-boost|p1a: Samurott|atk|2
|move|p2a: WhoCouldBeMyMother|U-turn|p1a: Samurott
|-supereffective|p1a: Samurott
|-damage|p1a: Samurott|63/100
|
|t:|1781352726
|switch|p2a: lens tinting over|Lokix, F, shiny|100/100|[from] U-turn
|-damage|p2a: lens tinting over|88/100|[from] Spikes
|
|upkeep
|turn|14
|
|t:|1781352730
|move|p2a: lens tinting over|First Impression|p1a: Samurott
|-supereffective|p1a: Samurott
|-damage|p1a: Samurott|0 fnt
|faint|p1a: Samurott
|
|upkeep
|
|t:|1781352733
|switch|p1a: Hoopa|Hoopa-Unbound|100/100
|turn|15
|
|t:|1781352738
|switch|p2a: WhoCouldBeMyMother|Mandibuzz, F|89/100
|move|p1a: Hoopa|Psychic Noise|p2a: WhoCouldBeMyMother
|-immune|p2a: WhoCouldBeMyMother
|
|upkeep
|turn|16
|
|t:|1781352741
|move|p1a: Hoopa|Thunderbolt|p2a: WhoCouldBeMyMother
|-supereffective|p2a: WhoCouldBeMyMother
|-damage|p2a: WhoCouldBeMyMother|41/100
|-status|p2a: WhoCouldBeMyMother|par
|move|p2a: WhoCouldBeMyMother|U-turn|p1a: Hoopa
|-supereffective|p1a: Hoopa
|-damage|p1a: Hoopa|40/100
|
|t:|1781352745
|switch|p2a: STANDING BY|Great Tusk|100/100|[from] U-turn
|
|upkeep
|turn|17
|
|t:|1781352749
|switch|p1a: Gholdengo|Gholdengo|100/100
|-item|p1a: Gholdengo|Air Balloon
|move|p2a: STANDING BY|Headlong Rush|p1a: Gholdengo
|-immune|p1a: Gholdengo
|
|upkeep
|turn|18
|
|t:|1781352758
|-end|p2a: STANDING BY|Protosynthesis|[silent]
|switch|p2a: TIME OUT|Alomomola, L99, F|42/100
|-damage|p2a: TIME OUT|30/100|[from] Spikes
|move|p1a: Gholdengo|Make It Rain|p2a: TIME OUT
|-resisted|p2a: TIME OUT
|-damage|p2a: TIME OUT|15/100
|-unboost|p1a: Gholdengo|spa|1
|
|upkeep
|turn|19
|
|t:|1781352762
|switch|p1a: Hoopa|Hoopa-Unbound|40/100
|move|p2a: TIME OUT|Flip Turn|p1a: Hoopa
|-crit|p1a: Hoopa
|-damage|p1a: Hoopa|11/100
|
|t:|1781352764
|switch|p2a: STANDING BY|Great Tusk|100/100|[from] Flip Turn
|
|upkeep
|turn|20
|
|t:|1781352767
|move|p2a: STANDING BY|Ice Spinner|p1a: Hoopa
|-damage|p1a: Hoopa|0 fnt
|faint|p1a: Hoopa
|
|upkeep
|
|t:|1781352769
|switch|p1a: Gholdengo|Gholdengo|100/100
|-item|p1a: Gholdengo|Air Balloon
|turn|21
|
|t:|1781352774
|move|p2a: STANDING BY|Ice Spinner|p1a: Gholdengo
|-resisted|p1a: Gholdengo
|-damage|p1a: Gholdengo|88/100
|-enditem|p1a: Gholdengo|Air Balloon
|move|p1a: Gholdengo|Nasty Plot|p1a: Gholdengo
|-boost|p1a: Gholdengo|spa|2
|
|upkeep
|turn|22
|
|t:|1781352776
|move|p2a: STANDING BY|Headlong Rush|p1a: Gholdengo
|-supereffective|p1a: Gholdengo
|-damage|p1a: Gholdengo|0 fnt
|-unboost|p2a: STANDING BY|def|1
|-unboost|p2a: STANDING BY|spd|1
|faint|p1a: Gholdengo
|
|win|Noamm
|raw|bigtestsofbig's rating: 1703 &rarr; <strong>1687</strong><br />(-16 for losing)
|raw|Noamm's rating: 1777 &rarr; <strong>1793</strong><br />(+16 for winning)
|l|☆bigtestsofbig
|player|p1|
|c|☆Noamm|Gg
|l|☆Noamm
|player|p2|
|j| samurajen
