|j|☆Steez Ibanez
|j|☆kshuaib734
|t:|1781571156
|gametype|singles
|player|p1|Steez Ibanez|willow-casual|1665
|player|p2|kshuaib734|steven|1659
|gen|9
|tier|[Gen 9] OU
|rated|
|rule|HP Percentage Mod: HP is shown in percentages
|rule|Endless Battle Clause: Forcing endless battles is banned
|rule|Species Clause: Limit one of each Pokémon
|rule|OHKO Clause: OHKO moves are banned
|rule|Evasion Items Clause: Evasion items are banned
|rule|Evasion Moves Clause: Evasion moves are banned
|rule|Evasion Abilities Clause: Evasion abilities are banned
|rule|Sleep Moves Clause: Sleep-inducing moves are banned
|clearpoke
|poke|p1|Sinistcha|
|poke|p1|Latios, M|
|poke|p1|Zamazenta-*|
|poke|p1|Zapdos|
|poke|p1|Ting-Lu|
|poke|p1|Samurott-Hisui, M|
|poke|p2|Tyranitar, M|
|poke|p2|Latios, M|
|poke|p2|Pelipper, M|
|poke|p2|Quaquaval, F|
|poke|p2|Kingdra, M|
|poke|p2|Excadrill, F|
|teampreview
|inactive|Battle timer is ON: inactive players will automatically lose when time's up. (requested by kshuaib734)
|inactive|Steez Ibanez has 120 seconds left.
|
|t:|1781571189
|teamsize|p1|6
|teamsize|p2|6
|start
|switch|p1a: Samurott|Samurott-Hisui, M|100/100
|switch|p2a: Tyrant's Enforcer|Latios, M|100/100
|turn|1
|
|t:|1781571197
|move|p2a: Tyrant's Enforcer|Thunderbolt|p1a: Samurott
|-supereffective|p1a: Samurott
|-damage|p1a: Samurott|53/100
|move|p1a: Samurott|Knock Off|p2a: Tyrant's Enforcer
|-supereffective|p2a: Tyrant's Enforcer
|-enditem|p2a: Tyrant's Enforcer|Colbur Berry|[eat]
|-enditem|p2a: Tyrant's Enforcer|Colbur Berry|[weaken]
|-damage|p2a: Tyrant's Enforcer|46/100
|
|upkeep
|turn|2
|
|t:|1781571215
|move|p2a: Tyrant's Enforcer|Thunderbolt|p1a: Samurott
|-supereffective|p1a: Samurott
|-damage|p1a: Samurott|4/100
|move|p1a: Samurott|Ceaseless Edge|p2a: Tyrant's Enforcer
|-supereffective|p2a: Tyrant's Enforcer
|-damage|p2a: Tyrant's Enforcer|0 fnt
|-sidestart|p2: kshuaib734|Spikes
|faint|p2a: Tyrant's Enforcer
|
|upkeep
|
|t:|1781571223
|switch|p2a: Tyrant's Endgame|Quaquaval, F|100/100
|-damage|p2a: Tyrant's Endgame|88/100|[from] Spikes
|turn|3
|
|t:|1781571227
|switch|p1a: Sinistcha|Sinistcha|100/100
|move|p2a: Tyrant's Endgame|Aqua Step|p1a: Sinistcha
|-resisted|p1a: Sinistcha
|-damage|p1a: Sinistcha|83/100
|-boost|p2a: Tyrant's Endgame|spe|1
|
|upkeep
|turn|4
|
|t:|1781571235
|switch|p2a: King Tyrant|Tyranitar, M|100/100
|-damage|p2a: King Tyrant|88/100|[from] Spikes
|-weather|Sandstorm|[from] ability: Sand Stream|[of] p2a: King Tyrant
|move|p1a: Sinistcha|Matcha Gotcha|p2a: King Tyrant
|-supereffective|p2a: King Tyrant
|-damage|p2a: King Tyrant|50/100
|-heal|p1a: Sinistcha|100/100|[from] drain|[of] p2a: King Tyrant
|-enditem|p2a: King Tyrant|Weakness Policy
|-boost|p2a: King Tyrant|atk|2|[from] item: Weakness Policy
|-boost|p2a: King Tyrant|spa|2|[from] item: Weakness Policy
|
|-weather|Sandstorm|[upkeep]
|-damage|p1a: Sinistcha|94/100|[from] Sandstorm
|upkeep
|turn|5
|
|t:|1781571250
|switch|p1a: Samurott|Samurott-Hisui, M|4/100
|move|p2a: King Tyrant|Ice Beam|p1a: Samurott
|-resisted|p1a: Samurott
|-damage|p1a: Samurott|0 fnt
|faint|p1a: Samurott
|
|-weather|Sandstorm|[upkeep]
|upkeep
|
|t:|1781571259
|switch|p1a: Zamazenta|Zamazenta|100/100
|-ability|p1a: Zamazenta|Dauntless Shield|boost
|-boost|p1a: Zamazenta|def|1
|turn|6
|
|t:|1781571264
|-terastallize|p2a: King Tyrant|Ghost
|move|p1a: Zamazenta|Close Combat|p2a: King Tyrant
|-immune|p2a: King Tyrant
|move|p2a: King Tyrant|Knock Off|p1a: Zamazenta
|-resisted|p1a: Zamazenta
|-damage|p1a: Zamazenta|74/100
|-enditem|p1a: Zamazenta|Heavy-Duty Boots|[from] move: Knock Off|[of] p2a: King Tyrant
|
|-weather|Sandstorm|[upkeep]
|-damage|p1a: Zamazenta|68/100|[from] Sandstorm
|-damage|p2a: King Tyrant|44/100|[from] Sandstorm
|upkeep
|turn|7
|
|t:|1781571274
|move|p1a: Zamazenta|Crunch|p2a: King Tyrant
|-supereffective|p2a: King Tyrant
|-crit|p2a: King Tyrant
|-damage|p2a: King Tyrant|0 fnt
|faint|p2a: King Tyrant
|
|-weather|Sandstorm|[upkeep]
|-damage|p1a: Zamazenta|61/100|[from] Sandstorm
|upkeep
|
|t:|1781571284
|switch|p2a: Tyrant's Legacy|Excadrill, F|100/100
|-damage|p2a: Tyrant's Legacy|88/100|[from] Spikes
|turn|8
|
|t:|1781571291
|move|p2a: Tyrant's Legacy|Rapid Spin|p1a: Zamazenta
|-crit|p1a: Zamazenta
|-damage|p1a: Zamazenta|24/100
|-boost|p2a: Tyrant's Legacy|spe|1
|-sideend|p2: kshuaib734|Spikes|[from] move: Rapid Spin|[of] p2a: Tyrant's Legacy
|-damage|p2a: Tyrant's Legacy|78/100|[from] item: Life Orb
|move|p1a: Zamazenta|Close Combat|p2a: Tyrant's Legacy
|-supereffective|p2a: Tyrant's Legacy
|-damage|p2a: Tyrant's Legacy|0 fnt
|-unboost|p1a: Zamazenta|def|1
|-unboost|p1a: Zamazenta|spd|1
|faint|p2a: Tyrant's Legacy
|
|-weather|none
|upkeep
|
|t:|1781571307
|switch|p2a: Tyrant's Downpour|Pelipper, M|100/100
|-weather|RainDance|[from] ability: Drizzle|[of] p2a: Tyrant's Downpour
|turn|9
|
|t:|1781571312
|move|p1a: Zamazenta|Stone Edge|p2a: Tyrant's Downpour|[miss]
|-miss|p1a: Zamazenta|p2a: Tyrant's Downpour
|move|p2a: Tyrant's Downpour|Weather Ball|p1a: Zamazenta
|-damage|p1a: Zamazenta|0 fnt
|faint|p1a: Zamazenta
|
|-weather|RainDance|[upkeep]
|upkeep
|
|t:|1781571325
|switch|p1a: Zapdos|Zapdos|100/100
|turn|10
|
|t:|1781571346
|switch|p2a: Tyrant's Vengeance|Kingdra, M|100/100
|move|p1a: Zapdos|Volt Switch|p2a: Tyrant's Vengeance
|-damage|p2a: Tyrant's Vengeance|67/100
|
|t:|1781571352
|switch|p1a: Latios|Latios, M|100/100|[from] Volt Switch
|
|-weather|RainDance|[upkeep]
|upkeep
|turn|11
|
|t:|1781571359
|-terastallize|p1a: Latios|Steel
|move|p2a: Tyrant's Vengeance|Draco Meteor|p1a: Latios
|-resisted|p1a: Latios
|-damage|p1a: Latios|71/100
|-unboost|p2a: Tyrant's Vengeance|spa|2
|move|p1a: Latios|Draco Meteor|p2a: Tyrant's Vengeance
|-supereffective|p2a: Tyrant's Vengeance
|-damage|p2a: Tyrant's Vengeance|0 fnt
|-unboost|p1a: Latios|spa|2
|faint|p2a: Tyrant's Vengeance
|
|-weather|RainDance|[upkeep]
|upkeep
|
|t:|1781571377
|switch|p2a: Tyrant's Endgame|Quaquaval, F|88/100
|turn|12
|
|t:|1781571384
|switch|p1a: Sinistcha|Sinistcha|94/100
|move|p2a: Tyrant's Endgame|Wave Crash|p1a: Sinistcha
|-resisted|p1a: Sinistcha
|-damage|p1a: Sinistcha|57/100
|-damage|p2a: Tyrant's Endgame|75/100|[from] Recoil
|
|-weather|RainDance|[upkeep]
|upkeep
|turn|13
|
|t:|1781571394
|switch|p2a: Tyrant's Downpour|Pelipper, M|100/100
|move|p1a: Sinistcha|Strength Sap|p2a: Tyrant's Downpour
|-unboost|p2a: Tyrant's Downpour|atk|1
|-heal|p1a: Sinistcha|97/100
|
|-weather|RainDance|[upkeep]
|upkeep
|turn|14
|
|t:|1781571405
|move|p1a: Sinistcha|Matcha Gotcha|p2a: Tyrant's Downpour
|-damage|p2a: Tyrant's Downpour|58/100
|-heal|p1a: Sinistcha|100/100|[from] drain|[of] p2a: Tyrant's Downpour
|move|p2a: Tyrant's Downpour|Weather Ball|p1a: Sinistcha
|-resisted|p1a: Sinistcha
|-damage|p1a: Sinistcha|72/100
|
|-weather|RainDance|[upkeep]
|upkeep
|turn|15
|
|t:|1781571415
|move|p1a: Sinistcha|Shadow Ball|p2a: Tyrant's Downpour
|-damage|p2a: Tyrant's Downpour|13/100
|move|p2a: Tyrant's Downpour|Hurricane|p1a: Sinistcha
|-supereffective|p1a: Sinistcha
|-damage|p1a: Sinistcha|0 fnt
|faint|p1a: Sinistcha
|
|-weather|RainDance|[upkeep]
|upkeep
|
|t:|1781571437
|switch|p1a: Latios|Latios, M, tera:Steel|71/100
|turn|16
|
|t:|1781571443
|move|p1a: Latios|Psychic Noise|p2a: Tyrant's Downpour
|-damage|p2a: Tyrant's Downpour|0 fnt
|faint|p2a: Tyrant's Downpour
|
|-weather|none
|upkeep
|
|t:|1781571449
|switch|p2a: Tyrant's Endgame|Quaquaval, F|75/100
|turn|17
|
|t:|1781571452
|move|p1a: Latios|Psychic Noise|p2a: Tyrant's Endgame
|-supereffective|p2a: Tyrant's Endgame
|-damage|p2a: Tyrant's Endgame|0 fnt
|faint|p2a: Tyrant's Endgame
|
|win|Steez Ibanez
|raw|Steez Ibanez's rating: 1665 &rarr; <strong>1685</strong><br />(+20 for winning)
|raw|kshuaib734's rating: 1659 &rarr; <strong>1639</strong><br />(-20 for losing)
|l|☆kshuaib734
|player|p2|
|l|☆Steez Ibanez
|player|p1|
