|j|☆ChessDennis
|j|☆jonuz
|t:|1781197939
|gametype|singles
|player|p1|ChessDennis|102|1543
|player|p2|jonuz|102|1655
|gen|9
|tier|[Gen 9] OU
|rated|
|rule|HP Percentage Mod: HP is shown in percentages
|rule|Endless Battle Clause: Forcing endless battles is banned
|rule|Species Clause: Limit one of each Pokémon
|rule|OHKO Clause: OHKO moves are banned
|rule|Evasion Items Clause: Evasion items are banned
|rule|Evasion Moves Clause: Evasion moves are banned
|rule|Evasion Abilities Clause: Evasion abilities are banned
|rule|Sleep Moves Clause: Sleep-inducing moves are banned
|clearpoke
|poke|p1|Ursaluna, F|
|poke|p1|Bronzong|
|poke|p1|Garchomp, F|
|poke|p1|Raging Bolt|
|poke|p1|Alomomola, M|
|poke|p1|Torkoal, M|
|poke|p2|Gholdengo|
|poke|p2|Darkrai|
|poke|p2|Clefable, F|
|poke|p2|Ting-Lu|
|poke|p2|Dragonite, F|
|poke|p2|Pecharunt|
|teampreview
|
|t:|1781197954
|teamsize|p1|6
|teamsize|p2|6
|start
|switch|p1a: Alomomola|Alomomola, M|100/100
|switch|p2a: Darkrai|Darkrai|100/100
|turn|1
|
|t:|1781197958
|move|p2a: Darkrai|Dark Pulse|p1a: Alomomola
|-damage|p1a: Alomomola|40/100
|move|p1a: Alomomola|Flip Turn|p2a: Darkrai
|-damage|p2a: Darkrai|53/100
|
|t:|1781197961
|switch|p1a: Raging Bolt|Raging Bolt|100/100|[from] Flip Turn
|
|upkeep
|turn|2
|
|t:|1781197967
|switch|p2a: Ting-Lu|Ting-Lu|100/100
|-ability|p2a: Ting-Lu|Vessel of Ruin
|move|p1a: Raging Bolt|Thunderclap||[still]
|-fail|p1a: Raging Bolt
|
|upkeep
|turn|3
|
|t:|1781197973
|-end|p1a: Raging Bolt|Protosynthesis|[silent]
|switch|p1a: Ursaluna|Ursaluna, F|100/100
|move|p2a: Ting-Lu|Stealth Rock|p1a: Ursaluna
|-sidestart|p1: ChessDennis|move: Stealth Rock
|
|-status|p1a: Ursaluna|brn|[from] item: Flame Orb
|upkeep
|turn|4
|
|t:|1781197981
|move|p1a: Ursaluna|Facade|p2a: Ting-Lu
|-damage|p2a: Ting-Lu|43/100
|-enditem|p2a: Ting-Lu|Red Card|[of] p1a: Ursaluna
|drag|p1a: Garchomp|Garchomp, F|100/100
|-damage|p1a: Garchomp|94/100|[from] Stealth Rock
|move|p2a: Ting-Lu|Spikes|p1a: Garchomp
|-sidestart|p1: ChessDennis|Spikes
|
|upkeep
|turn|5
|
|t:|1781197986
|move|p1a: Garchomp|Spikes|p2a: Ting-Lu
|-sidestart|p2: jonuz|Spikes
|move|p2a: Ting-Lu|Ruination|p1a: Garchomp
|-damage|p1a: Garchomp|48/100
|
|upkeep
|turn|6
|
|t:|1781197990
|move|p1a: Garchomp|Spikes|p2a: Ting-Lu
|-sidestart|p2: jonuz|Spikes
|move|p2a: Ting-Lu|Spikes|p1a: Garchomp
|-sidestart|p1: ChessDennis|Spikes
|
|upkeep
|turn|7
|
|t:|1781197993
|move|p1a: Garchomp|Spikes|p2a: Ting-Lu
|-sidestart|p2: jonuz|Spikes
|move|p2a: Ting-Lu|Spikes|p1a: Garchomp
|-sidestart|p1: ChessDennis|Spikes
|
|upkeep
|turn|8
|
|t:|1781197997
|move|p1a: Garchomp|Earthquake|p2a: Ting-Lu
|-damage|p2a: Ting-Lu|19/100
|move|p2a: Ting-Lu|Earthquake|p1a: Garchomp
|-damage|p1a: Garchomp|16/100
|
|upkeep
|turn|9
|
|t:|1781198000
|move|p1a: Garchomp|Earthquake|p2a: Ting-Lu
|-damage|p2a: Ting-Lu|0 fnt
|faint|p2a: Ting-Lu
|
|upkeep
|
|t:|1781198004
|switch|p2a: Darkrai|Darkrai|53/100
|-damage|p2a: Darkrai|28/100|[from] Spikes
|turn|10
|
|t:|1781198012
|move|p2a: Darkrai|Dark Pulse|p1a: Garchomp
|-damage|p1a: Garchomp|0 fnt
|faint|p1a: Garchomp
|
|upkeep
|
|t:|1781198018
|switch|p1a: Alomomola|Alomomola, M|73/100
|-damage|p1a: Alomomola|60/100|[from] Stealth Rock
|-damage|p1a: Alomomola|35/100|[from] Spikes
|turn|11
|
|t:|1781198020
|move|p1a: Alomomola|Aqua Jet|p2a: Darkrai
|-damage|p2a: Darkrai|0 fnt
|faint|p2a: Darkrai
|
|upkeep
|
|t:|1781198027
|switch|p2a: Gholdengo|Gholdengo|100/100
|-damage|p2a: Gholdengo|76/100|[from] Spikes
|turn|12
|
|t:|1781198035
|switch|p1a: Ursaluna|Ursaluna, F|100/100 brn
|-damage|p1a: Ursaluna|94/100 brn|[from] Stealth Rock
|-damage|p1a: Ursaluna|69/100 brn|[from] Spikes
|move|p2a: Gholdengo|Trick|p1a: Ursaluna
|-activate|p2a: Gholdengo|move: Trick|[of] p1a: Ursaluna
|-item|p1a: Ursaluna|Choice Scarf|[from] move: Trick
|-item|p2a: Gholdengo|Flame Orb|[from] move: Trick
|
|-damage|p1a: Ursaluna|63/100 brn|[from] brn
|-status|p2a: Gholdengo|brn|[from] item: Flame Orb
|upkeep
|turn|13
|
|t:|1781198043
|switch|p2a: Pecharunt|Pecharunt|100/100
|move|p1a: Ursaluna|Facade|p2a: Pecharunt
|-immune|p2a: Pecharunt
|
|-damage|p1a: Ursaluna|57/100 brn|[from] brn
|upkeep
|turn|14
|
|t:|1781198050
|switch|p1a: Bronzong|Bronzong|100/100
|-damage|p1a: Bronzong|94/100|[from] Stealth Rock
|move|p2a: Pecharunt|Foul Play|p1a: Bronzong
|-supereffective|p1a: Bronzong
|-damage|p1a: Bronzong|62/100
|
|-heal|p1a: Bronzong|68/100|[from] item: Leftovers
|upkeep
|turn|15
|
|t:|1781198056
|move|p2a: Pecharunt|Foul Play|p1a: Bronzong
|-supereffective|p1a: Bronzong
|-damage|p1a: Bronzong|36/100
|move|p1a: Bronzong|Trick Room|p1a: Bronzong
|-fieldstart|move: Trick Room|[of] p1a: Bronzong
|
|-heal|p1a: Bronzong|42/100|[from] item: Leftovers
|upkeep
|turn|16
|
|t:|1781198059
|move|p1a: Bronzong|Stealth Rock|p2a: Pecharunt
|-sidestart|p2: jonuz|move: Stealth Rock
|move|p2a: Pecharunt|Foul Play|p1a: Bronzong
|-supereffective|p1a: Bronzong
|-damage|p1a: Bronzong|8/100
|
|-heal|p1a: Bronzong|14/100|[from] item: Leftovers
|upkeep
|turn|17
|
|t:|1781198062
|switch|p1a: Torkoal|Torkoal, M|100/100
|-weather|SunnyDay|[from] ability: Drought|[of] p1a: Torkoal
|move|p2a: Pecharunt|Foul Play|p1a: Torkoal
|-damage|p1a: Torkoal|84/100
|
|-weather|SunnyDay|[upkeep]
|upkeep
|turn|18
|
|t:|1781198069
|-terastallize|p1a: Torkoal|Fire
|move|p1a: Torkoal|Eruption|p2a: Pecharunt
|-damage|p2a: Pecharunt|0 fnt
|faint|p2a: Pecharunt
|
|-weather|SunnyDay|[upkeep]
|upkeep
|
|t:|1781198075
|switch|p2a: Dragonite|Dragonite, F|100/100
|turn|19
|
|t:|1781198078
|move|p1a: Torkoal|Rapid Spin|p2a: Dragonite
|-damage|p2a: Dragonite|96/100
|-boost|p1a: Torkoal|spe|1
|-sideend|p1: ChessDennis|Spikes|[from] move: Rapid Spin|[of] p1a: Torkoal
|-sideend|p1: ChessDennis|Stealth Rock|[from] move: Rapid Spin|[of] p1a: Torkoal
|move|p2a: Dragonite|Earthquake|p1a: Torkoal
|-supereffective|p1a: Torkoal
|-damage|p1a: Torkoal|19/100
|
|-weather|SunnyDay|[upkeep]
|-fieldend|move: Trick Room
|upkeep
|turn|20
|
|t:|1781198088
|move|p2a: Dragonite|Extreme Speed|p1a: Torkoal
|-damage|p1a: Torkoal|0 fnt
|faint|p1a: Torkoal
|
|-weather|SunnyDay|[upkeep]
|upkeep
|
|t:|1781198093
|switch|p1a: Raging Bolt|Raging Bolt|100/100
|-activate|p1a: Raging Bolt|ability: Protosynthesis
|-start|p1a: Raging Bolt|protosynthesisspa
|turn|21
|
|t:|1781198101
|switch|p2a: Clefable|Clefable, F|100/100
|move|p1a: Raging Bolt|Dragon Pulse|p2a: Clefable
|-immune|p2a: Clefable
|
|-weather|none
|-end|p1a: Raging Bolt|Protosynthesis
|upkeep
|turn|22
|
|t:|1781198106
|move|p1a: Raging Bolt|Volt Switch|p2a: Clefable
|-damage|p2a: Clefable|63/100
|
|t:|1781198108
|-end|p1a: Raging Bolt|Protosynthesis|[silent]
|switch|p1a: Bronzong|Bronzong|14/100|[from] Volt Switch
|move|p2a: Clefable|Calm Mind|p2a: Clefable
|-boost|p2a: Clefable|spa|1
|-boost|p2a: Clefable|spd|1
|
|-heal|p2a: Clefable|69/100|[from] item: Leftovers
|-heal|p1a: Bronzong|20/100|[from] item: Leftovers
|upkeep
|turn|23
|
|t:|1781198114
|move|p2a: Clefable|Knock Off|p1a: Bronzong
|-supereffective|p1a: Bronzong
|-damage|p1a: Bronzong|0 fnt
|-enditem|p1a: Bronzong|Leftovers|[from] move: Knock Off|[of] p2a: Clefable
|faint|p1a: Bronzong
|
|-heal|p2a: Clefable|75/100|[from] item: Leftovers
|upkeep
|
|t:|1781198117
|switch|p1a: Ursaluna|Ursaluna, F|57/100 brn
|turn|24
|
|t:|1781198121
|move|p2a: Clefable|Moonblast|p1a: Ursaluna
|-damage|p1a: Ursaluna|24/100 brn
|move|p1a: Ursaluna|Facade|p2a: Clefable
|-crit|p2a: Clefable
|-damage|p2a: Clefable|0 fnt
|faint|p2a: Clefable
|
|-damage|p1a: Ursaluna|17/100 brn|[from] brn
|upkeep
|
|t:|1781198142
|switch|p2a: Gholdengo|Gholdengo|76/100 brn
|-damage|p2a: Gholdengo|51/100 brn|[from] Spikes
|-damage|p2a: Gholdengo|45/100 brn|[from] Stealth Rock
|turn|25
|
|t:|1781198147
|switch|p1a: Alomomola|Alomomola, M|69/100
|move|p2a: Gholdengo|Recover|p2a: Gholdengo
|-heal|p2a: Gholdengo|95/100 brn
|
|-damage|p2a: Gholdengo|89/100 brn|[from] brn
|upkeep
|turn|26
|
|t:|1781198151
|move|p2a: Gholdengo|Shadow Ball|p1a: Alomomola
|-damage|p1a: Alomomola|27/100
|move|p1a: Alomomola|Flip Turn|p2a: Gholdengo
|-damage|p2a: Gholdengo|50/100 brn
|
|t:|1781198154
|switch|p1a: Raging Bolt|Raging Bolt|100/100|[from] Flip Turn
|
|-damage|p2a: Gholdengo|44/100 brn|[from] brn
|upkeep
|turn|27
|
|t:|1781198164
|-end|p1a: Raging Bolt|Protosynthesis|[silent]
|switch|p1a: Ursaluna|Ursaluna, F|17/100 brn
|move|p2a: Gholdengo|Shadow Ball|p1a: Ursaluna
|-immune|p1a: Ursaluna
|
|-damage|p2a: Gholdengo|38/100 brn|[from] brn
|-damage|p1a: Ursaluna|11/100 brn|[from] brn
|upkeep
|turn|28
|
|t:|1781198167
|move|p2a: Gholdengo|Make It Rain|p1a: Ursaluna
|-damage|p1a: Ursaluna|0 fnt
|-unboost|p2a: Gholdengo|spa|1
|faint|p1a: Ursaluna
|
|-damage|p2a: Gholdengo|32/100 brn|[from] brn
|upkeep
|
|t:|1781198174
|switch|p1a: Raging Bolt|Raging Bolt|100/100
|turn|29
|
|t:|1781198177
|move|p1a: Raging Bolt|Thunderclap||[still]
|-fail|p1a: Raging Bolt
|move|p2a: Gholdengo|Trick|p1a: Raging Bolt
|-activate|p2a: Gholdengo|move: Trick|[of] p1a: Raging Bolt
|-item|p1a: Raging Bolt|Flame Orb|[from] move: Trick
|-item|p2a: Gholdengo|Assault Vest|[from] move: Trick
|
|-damage|p2a: Gholdengo|26/100 brn|[from] brn
|-status|p1a: Raging Bolt|brn|[from] item: Flame Orb
|upkeep
|turn|30
|
|t:|1781198184
|move|p1a: Raging Bolt|Thunderclap|p2a: Gholdengo
|-damage|p2a: Gholdengo|0 fnt
|faint|p2a: Gholdengo
|
|-damage|p1a: Raging Bolt|94/100 brn|[from] brn
|upkeep
|
|t:|1781198185
|switch|p2a: Dragonite|Dragonite, F|96/100
|turn|31
|
|t:|1781198192
|-terastallize|p2a: Dragonite|Normal
|move|p2a: Dragonite|Earthquake|p1a: Raging Bolt
|-supereffective|p1a: Raging Bolt
|-damage|p1a: Raging Bolt|24/100 brn
|move|p1a: Raging Bolt|Dragon Pulse|p2a: Dragonite
|-damage|p2a: Dragonite|49/100
|
|-damage|p1a: Raging Bolt|18/100 brn|[from] brn
|upkeep
|turn|32
|
|t:|1781198198
|move|p2a: Dragonite|Extreme Speed|p1a: Raging Bolt
|-damage|p1a: Raging Bolt|0 fnt
|faint|p1a: Raging Bolt
|-end|p1a: Raging Bolt|Protosynthesis|[silent]
|
|upkeep
|
|t:|1781198201
|switch|p1a: Alomomola|Alomomola, M|60/100
|turn|33
|
|t:|1781198207
|move|p2a: Dragonite|Roost|p2a: Dragonite
|-heal|p2a: Dragonite|99/100
|move|p1a: Alomomola|Giga Impact|p2a: Dragonite
|-crit|p2a: Dragonite
|-damage|p2a: Dragonite|11/100
|-mustrecharge|p1a: Alomomola
|
|upkeep
|turn|34
|
|t:|1781198209
|move|p2a: Dragonite|Roost|p2a: Dragonite
|-heal|p2a: Dragonite|61/100
|cant|p1a: Alomomola|recharge
|
|upkeep
|turn|35
|
|t:|1781198213
|move|p2a: Dragonite|Roost|p2a: Dragonite
|-heal|p2a: Dragonite|100/100
|move|p1a: Alomomola|Giga Impact|p2a: Dragonite
|-damage|p2a: Dragonite|70/100
|-mustrecharge|p1a: Alomomola
|
|upkeep
|turn|36
|
|t:|1781198218
|move|p2a: Dragonite|Extreme Speed|p1a: Alomomola
|-crit|p1a: Alomomola
|-damage|p1a: Alomomola|5/100
|cant|p1a: Alomomola|recharge
|
|upkeep
|turn|37
|
|t:|1781198221
|move|p2a: Dragonite|Extreme Speed|p1a: Alomomola
|-damage|p1a: Alomomola|0 fnt
|faint|p1a: Alomomola
|
|win|jonuz
|raw|ChessDennis's rating: 1543 &rarr; <strong>1529</strong><br />(-14 for losing)
|raw|jonuz's rating: 1655 &rarr; <strong>1669</strong><br />(+14 for winning)
|c|☆ChessDennis|Gg
|l|☆jonuz
|player|p2|
|l|☆ChessDennis
|player|p1|
