|j|☆Fly to LA 4 a week
|j|☆The Name Change
|t:|1781432682
|gametype|singles
|player|p1|Fly to LA 4 a week|265|1619
|player|p2|The Name Change|170|1651
|gen|9
|tier|[Gen 9] OU
|rated|
|rule|HP Percentage Mod: HP is shown in percentages
|rule|Endless Battle Clause: Forcing endless battles is banned
|rule|Species Clause: Limit one of each Pokémon
|rule|OHKO Clause: OHKO moves are banned
|rule|Evasion Items Clause: Evasion items are banned
|rule|Evasion Moves Clause: Evasion moves are banned
|rule|Evasion Abilities Clause: Evasion abilities are banned
|rule|Sleep Moves Clause: Sleep-inducing moves are banned
|clearpoke
|poke|p1|Scizor, F|
|poke|p1|Walking Wake|
|poke|p1|Ting-Lu|
|poke|p1|Zamazenta-*|
|poke|p1|Garganacl, F|
|poke|p1|Pecharunt|
|poke|p2|Ting-Lu|
|poke|p2|Torkoal, F|
|poke|p2|Walking Wake|
|poke|p2|Great Tusk|
|poke|p2|Slither Wing|
|poke|p2|Iron Moth|
|teampreview
|j| SweetHoneyIceTea
|inactive|Battle timer is ON: inactive players will automatically lose when time's up. (requested by Fly to LA 4 a week)
|
|t:|1781432722
|teamsize|p1|6
|teamsize|p2|6
|start
|switch|p1a: Walking Wake|Walking Wake|100/100
|switch|p2a: Slither Wing|Slither Wing|100/100
|turn|1
|
|t:|1781432736
|-end|p1a: Walking Wake|Protosynthesis|[silent]
|switch|p1a: Pecharunt|Pecharunt|100/100
|-item|p1a: Pecharunt|Air Balloon
|move|p2a: Slither Wing|First Impression|p1a: Pecharunt
|-resisted|p1a: Pecharunt
|-damage|p1a: Pecharunt|86/100
|-enditem|p1a: Pecharunt|Air Balloon
|
|upkeep
|turn|2
|
|t:|1781432763
|-end|p2a: Slither Wing|Protosynthesis|[silent]
|switch|p2a: Iron Moth|Iron Moth|100/100
|-enditem|p2a: Iron Moth|Booster Energy
|-activate|p2a: Iron Moth|ability: Quark Drive|[fromitem]
|-start|p2a: Iron Moth|quarkdrivespe
|move|p1a: Pecharunt|Malignant Chain|p2a: Iron Moth
|-resisted|p2a: Iron Moth
|-damage|p2a: Iron Moth|82/100
|
|upkeep
|turn|3
|
|t:|1781432766
|switch|p1a: Garganacl|Garganacl, F|100/100
|move|p2a: Iron Moth|Substitute|p2a: Iron Moth
|-start|p2a: Iron Moth|Substitute
|-damage|p2a: Iron Moth|57/100
|
|upkeep
|turn|4
|
|t:|1781432769
|move|p2a: Iron Moth|Solar Beam||[still]
|-prepare|p2a: Iron Moth|Solar Beam
|move|p1a: Garganacl|Earthquake|p2a: Iron Moth
|-supereffective|p2a: Iron Moth
|-end|p2a: Iron Moth|Substitute
|
|upkeep
|turn|5
|
|t:|1781432775
|move|p2a: Iron Moth|Solar Beam|p1a: Garganacl|[from] lockedmove
|-supereffective|p1a: Garganacl
|-damage|p1a: Garganacl|41/100
|move|p1a: Garganacl|Earthquake|p2a: Iron Moth
|-supereffective|p2a: Iron Moth
|-damage|p2a: Iron Moth|0 fnt
|faint|p2a: Iron Moth
|-end|p2a: Iron Moth|Quark Drive|[silent]
|
|-heal|p1a: Garganacl|47/100|[from] item: Leftovers
|upkeep
|
|t:|1781432779
|switch|p2a: Walking Wake|Walking Wake|100/100
|turn|6
|
|t:|1781432790
|switch|p1a: Ting-Lu|Ting-Lu|100/100
|-ability|p1a: Ting-Lu|Vessel of Ruin
|move|p2a: Walking Wake|Hydro Steam|p1a: Ting-Lu
|-supereffective|p1a: Ting-Lu
|-damage|p1a: Ting-Lu|55/100
|
|-heal|p1a: Ting-Lu|61/100|[from] item: Leftovers
|upkeep
|turn|7
|j| Negative1stClass
|
|t:|1781432803
|switch|p1a: Walking Wake|Walking Wake|100/100
|move|p2a: Walking Wake|Hydro Steam|p1a: Walking Wake
|-resisted|p1a: Walking Wake
|-damage|p1a: Walking Wake|82/100
|
|upkeep
|turn|8
|
|t:|1781432809
|-end|p2a: Walking Wake|Protosynthesis|[silent]
|switch|p2a: Torkoal|Torkoal, F|100/100
|-weather|SunnyDay|[from] ability: Drought|[of] p2a: Torkoal
|-activate|p1a: Walking Wake|ability: Protosynthesis
|-start|p1a: Walking Wake|protosynthesisspe
|move|p1a: Walking Wake|Draco Meteor|p2a: Torkoal
|-damage|p2a: Torkoal|18/100
|-unboost|p1a: Walking Wake|spa|2
|
|-weather|SunnyDay|[upkeep]
|upkeep
|turn|9
|
|t:|1781432822
|move|p1a: Walking Wake|Flip Turn|p2a: Torkoal
|-supereffective|p2a: Torkoal
|-damage|p2a: Torkoal|9/100
|
|t:|1781432825
|-end|p1a: Walking Wake|Protosynthesis|[silent]
|switch|p1a: Garganacl|Garganacl, F|47/100|[from] Flip Turn
|move|p2a: Torkoal|Stealth Rock|p1a: Garganacl
|-sidestart|p1: Fly to LA 4 a week|move: Stealth Rock
|
|-weather|SunnyDay|[upkeep]
|-heal|p1a: Garganacl|53/100|[from] item: Leftovers
|upkeep
|turn|10
|
|t:|1781432832
|move|p1a: Garganacl|Recover|p1a: Garganacl
|-heal|p1a: Garganacl|100/100
|move|p2a: Torkoal|Lava Plume|p1a: Garganacl
|-resisted|p1a: Garganacl
|-damage|p1a: Garganacl|89/100
|
|-weather|SunnyDay|[upkeep]
|-heal|p1a: Garganacl|95/100|[from] item: Leftovers
|upkeep
|turn|11
|
|t:|1781432844
|switch|p2a: Great Tusk|Great Tusk|100/100
|-activate|p2a: Great Tusk|ability: Protosynthesis
|-start|p2a: Great Tusk|protosynthesisspe
|move|p1a: Garganacl|Curse|p1a: Garganacl
|-unboost|p1a: Garganacl|spe|1
|-boost|p1a: Garganacl|atk|1
|-boost|p1a: Garganacl|def|1
|
|-weather|SunnyDay|[upkeep]
|-heal|p1a: Garganacl|100/100|[from] item: Leftovers
|upkeep
|turn|12
|
|t:|1781432849
|-terastallize|p1a: Garganacl|Water
|move|p2a: Great Tusk|Bulk Up|p2a: Great Tusk
|-boost|p2a: Great Tusk|atk|1
|-boost|p2a: Great Tusk|def|1
|move|p1a: Garganacl|Curse|p1a: Garganacl
|-unboost|p1a: Garganacl|spe|1
|-boost|p1a: Garganacl|atk|1
|-boost|p1a: Garganacl|def|1
|
|-weather|SunnyDay|[upkeep]
|upkeep
|turn|13
|j| Vitriso
|-message|The Name Change forfeited.
|
|win|Fly to LA 4 a week
|raw|Fly to LA 4 a week's rating: 1619 &rarr; <strong>1640</strong><br />(+21 for winning)
|raw|The Name Change's rating: 1630 &rarr; <strong>1609</strong><br />(-21 for losing)
|l|☆The Name Change
|player|p2|
|l| Vitriso
|l| Negative1stClass
|l| SweetHoneyIceTea
|l|☆Fly to LA 4 a week
|player|p1|
