|j|☆team10thPlanet
|j|☆AyushXD
|t:|1781156877
|gametype|singles
|player|p1|team10thPlanet|veteran|1649
|player|p2|AyushXD|unknown|1606
|gen|9
|tier|[Gen 9] OU
|rated|
|rule|HP Percentage Mod: HP is shown in percentages
|rule|Endless Battle Clause: Forcing endless battles is banned
|rule|Species Clause: Limit one of each Pokémon
|rule|OHKO Clause: OHKO moves are banned
|rule|Evasion Items Clause: Evasion items are banned
|rule|Evasion Moves Clause: Evasion moves are banned
|rule|Evasion Abilities Clause: Evasion abilities are banned
|rule|Sleep Moves Clause: Sleep-inducing moves are banned
|clearpoke
|poke|p1|Zamazenta-*|
|poke|p1|Dragonite, M|
|poke|p1|Araquanid, M|
|poke|p1|Iron Treads|
|poke|p1|Hoopa-Unbound|
|poke|p1|Gholdengo|
|poke|p2|Slowking-Galar, F|
|poke|p2|Landorus-Therian, M|
|poke|p2|Kyurem|
|poke|p2|Iron Valiant|
|poke|p2|Cinderace, F|
|poke|p2|Kingambit, F|
|teampreview
|
|t:|1781156888
|teamsize|p1|6
|teamsize|p2|6
|start
|switch|p1a: Zamazenta|Zamazenta|100/100
|switch|p2a: Kyurem|Kyurem|100/100
|-ability|p1a: Zamazenta|Dauntless Shield|boost
|-boost|p1a: Zamazenta|def|1
|-ability|p2a: Kyurem|Pressure
|turn|1
|
|t:|1781156898
|switch|p2a: Landorus|Landorus-Therian, M|100/100
|-ability|p2a: Landorus|Intimidate|boost
|-unboost|p1a: Zamazenta|atk|1
|move|p1a: Zamazenta|Ice Fang|p2a: Landorus
|-supereffective|p2a: Landorus
|-damage|p2a: Landorus|27/100
|-damage|p1a: Zamazenta|84/100|[from] item: Rocky Helmet|[of] p2a: Landorus
|-damage|p1a: Zamazenta|74/100|[from] item: Life Orb
|
|upkeep
|turn|2
|
|t:|1781156917
|switch|p2a: Slowking|Slowking-Galar, F|100/100
|move|p1a: Zamazenta|Crunch|p2a: Slowking
|-supereffective|p2a: Slowking
|-crit|p2a: Slowking
|-damage|p2a: Slowking|0 fnt
|faint|p2a: Slowking
|-damage|p1a: Zamazenta|64/100|[from] item: Life Orb
|
|upkeep
|
|t:|1781156924
|switch|p2a: Iron Valiant|Iron Valiant|100/100
|-enditem|p2a: Iron Valiant|Booster Energy
|-activate|p2a: Iron Valiant|ability: Quark Drive|[fromitem]
|-start|p2a: Iron Valiant|quarkdrivespe
|turn|3
|
|t:|1781156944
|switch|p1a: Johnny Tsunami 🌊|Araquanid, M|100/100
|move|p2a: Iron Valiant|Knock Off|p1a: Johnny Tsunami 🌊
|-damage|p1a: Johnny Tsunami 🌊|73/100
|-enditem|p1a: Johnny Tsunami 🌊|Custap Berry|[from] move: Knock Off|[of] p2a: Iron Valiant
|
|upkeep
|turn|4
|
|t:|1781156951
|move|p2a: Iron Valiant|Moonblast|p1a: Johnny Tsunami 🌊
|-damage|p1a: Johnny Tsunami 🌊|34/100
|-unboost|p1a: Johnny Tsunami 🌊|spa|1
|move|p1a: Johnny Tsunami 🌊|Surf|p2a: Iron Valiant
|-crit|p2a: Iron Valiant
|-damage|p2a: Iron Valiant|0 fnt
|faint|p2a: Iron Valiant
|-end|p2a: Iron Valiant|Quark Drive|[silent]
|
|upkeep
|
|t:|1781156957
|switch|p2a: Kyurem|Kyurem|100/100
|-ability|p2a: Kyurem|Pressure
|turn|5
|
|t:|1781156978
|move|p2a: Kyurem|Freeze-Dry|p1a: Johnny Tsunami 🌊
|-supereffective|p1a: Johnny Tsunami 🌊
|-damage|p1a: Johnny Tsunami 🌊|0 fnt
|faint|p1a: Johnny Tsunami 🌊
|
|upkeep
|
|t:|1781156990
|switch|p1a: Zamazenta|Zamazenta|64/100
|turn|6
|
|t:|1781156994
|switch|p2a: Landorus|Landorus-Therian, M|27/100
|-ability|p2a: Landorus|Intimidate|boost
|-unboost|p1a: Zamazenta|atk|1
|move|p1a: Zamazenta|Close Combat|p2a: Landorus
|-resisted|p2a: Landorus
|-damage|p2a: Landorus|3/100
|-unboost|p1a: Zamazenta|def|1
|-unboost|p1a: Zamazenta|spd|1
|-damage|p1a: Zamazenta|48/100|[from] item: Rocky Helmet|[of] p2a: Landorus
|-damage|p1a: Zamazenta|38/100|[from] item: Life Orb
|
|upkeep
|turn|7
|
|t:|1781157009
|move|p1a: Zamazenta|Close Combat|p2a: Landorus
|-resisted|p2a: Landorus
|-damage|p2a: Landorus|0 fnt
|-unboost|p1a: Zamazenta|def|1
|-unboost|p1a: Zamazenta|spd|1
|-damage|p1a: Zamazenta|21/100|[from] item: Rocky Helmet|[of] p2a: Landorus
|faint|p2a: Landorus
|-damage|p1a: Zamazenta|12/100|[from] item: Life Orb
|
|upkeep
|
|t:|1781157014
|switch|p2a: Kingambit|Kingambit, F|100/100
|-activate|p2a: Kingambit|ability: Supreme Overlord
|-start|p2a: Kingambit|fallen3|[silent]
|turn|8
|
|t:|1781157023
|-terastallize|p2a: Kingambit|Ghost
|move|p1a: Zamazenta|Close Combat|p2a: Kingambit
|-immune|p2a: Kingambit
|move|p2a: Kingambit|Swords Dance|p2a: Kingambit
|-boost|p2a: Kingambit|atk|2
|
|upkeep
|turn|9
|
|t:|1781157032
|move|p2a: Kingambit|Sucker Punch|p1a: Zamazenta
|-resisted|p1a: Zamazenta
|-damage|p1a: Zamazenta|0 fnt
|faint|p1a: Zamazenta
|
|upkeep
|
|t:|1781157041
|switch|p1a: Gholdengo|Gholdengo|100/100
|turn|10
|
|t:|1781157050
|-terastallize|p1a: Gholdengo|Fairy
|move|p1a: Gholdengo|Make It Rain|p2a: Kingambit
|-damage|p2a: Kingambit|37/100
|-unboost|p1a: Gholdengo|spa|1
|move|p2a: Kingambit|Iron Head|p1a: Gholdengo
|-supereffective|p1a: Gholdengo
|-damage|p1a: Gholdengo|0 fnt
|faint|p1a: Gholdengo
|
|-heal|p2a: Kingambit|44/100|[from] item: Leftovers
|upkeep
|
|t:|1781157064
|switch|p1a: Fat Boy|Dragonite, M, shiny|100/100
|turn|11
|
|t:|1781157069
|move|p1a: Fat Boy|Outrage|p2a: Kingambit
|-damage|p2a: Kingambit|0 fnt
|faint|p2a: Kingambit
|-end|p2a: Kingambit|fallen3|[silent]
|
|upkeep
|
|t:|1781157077
|switch|p2a: Kyurem|Kyurem|100/100
|-ability|p2a: Kyurem|Pressure
|turn|12
|
|t:|1781157082
|move|p2a: Kyurem|Freeze-Dry|p1a: Fat Boy
|-supereffective|p1a: Fat Boy
|-damage|p1a: Fat Boy|3/100
|move|p1a: Fat Boy|Outrage|p2a: Kyurem|[from] lockedmove
|-supereffective|p2a: Kyurem
|-damage|p2a: Kyurem|0 fnt
|faint|p2a: Kyurem
|-start|p1a: Fat Boy|confusion|[fatigue]
|
|upkeep
|
|t:|1781157103
|switch|p2a: Cinderace|Cinderace, F|100/100
|turn|13
|
|t:|1781157107
|move|p2a: Cinderace|Pyro Ball|p1a: Fat Boy
|-resisted|p1a: Fat Boy
|-damage|p1a: Fat Boy|0 fnt
|faint|p1a: Fat Boy
|
|upkeep
|
|t:|1781157117
|switch|p1a: Hoopa|Hoopa-Unbound|100/100
|turn|14
|
|t:|1781157122
|move|p1a: Hoopa|Psychic|p2a: Cinderace
|-damage|p2a: Cinderace|18/100
|move|p2a: Cinderace|U-turn|p1a: Hoopa
|-start|p2a: Cinderace|typechange|Bug|[from] ability: Libero
|-supereffective|p1a: Hoopa
|-damage|p1a: Hoopa|0 fnt
|faint|p1a: Hoopa
|
|upkeep
|
|t:|1781157131
|switch|p1a: Iron Treads|Iron Treads|100/100
|-enditem|p1a: Iron Treads|Booster Energy
|-activate|p1a: Iron Treads|ability: Quark Drive|[fromitem]
|-start|p1a: Iron Treads|quarkdrivespe
|turn|15
|
|t:|1781157137
|move|p1a: Iron Treads|Earthquake|p2a: Cinderace
|-resisted|p2a: Cinderace
|-damage|p2a: Cinderace|0 fnt
|faint|p2a: Cinderace
|
|win|team10thPlanet
|raw|team10thPlanet's rating: 1649 &rarr; <strong>1667</strong><br />(+18 for winning)
|raw|AyushXD's rating: 1606 &rarr; <strong>1588</strong><br />(-18 for losing)
|l|☆AyushXD
|player|p2|
|l|☆team10thPlanet
|player|p1|
|j|☆team10thPlanet
|player|p1|team10thPlanet|veteran|
|l|☆team10thPlanet
|player|p1|
