|j|☆201187abc
|j|☆lesbiancleric
|t:|1781256090
|gametype|singles
|player|p1|201187abc|101|1597
|player|p2|lesbiancleric|plasmagruntf|1550
|gen|9
|tier|[Gen 9] OU
|rated|
|rule|HP Percentage Mod: HP is shown in percentages
|rule|Endless Battle Clause: Forcing endless battles is banned
|rule|Species Clause: Limit one of each Pokémon
|rule|OHKO Clause: OHKO moves are banned
|rule|Evasion Items Clause: Evasion items are banned
|rule|Evasion Moves Clause: Evasion moves are banned
|rule|Evasion Abilities Clause: Evasion abilities are banned
|rule|Sleep Moves Clause: Sleep-inducing moves are banned
|clearpoke
|poke|p1|Alomomola, F|
|poke|p1|Dragapult, M|
|poke|p1|Lokix, F|
|poke|p1|Great Tusk|
|poke|p1|Enamorus, F|
|poke|p1|Iron Crown|
|poke|p2|Tinkaton, F|
|poke|p2|Ogerpon, F|
|poke|p2|Great Tusk|
|poke|p2|Pecharunt|
|poke|p2|Alomomola, M|
|poke|p2|Hydreigon, M|
|teampreview
|inactive|Battle timer is ON: inactive players will automatically lose when time's up. (requested by lesbiancleric)
|inactive|201187abc has 120 seconds left.
|
|t:|1781256138
|teamsize|p1|6
|teamsize|p2|6
|start
|switch|p1a: Dragapult|Dragapult, M|100/100
|switch|p2a: Overseer|Pecharunt|100/100
|turn|1
|
|t:|1781256155
|switch|p2a: Pisces|Alomomola, M, shiny|100/100
|move|p1a: Dragapult|U-turn|p2a: Pisces
|-damage|p2a: Pisces|74/100
|
|t:|1781256162
|switch|p1a: Lokix|Lokix, F|100/100|[from] U-turn
|
|upkeep
|turn|2
|
|t:|1781256168
|switch|p2a: Overseer|Pecharunt|100/100
|move|p1a: Lokix|Knock Off|p2a: Overseer
|-supereffective|p2a: Overseer
|-damage|p2a: Overseer|40/100
|-damage|p1a: Lokix|84/100|[from] item: Rocky Helmet|[of] p2a: Overseer
|-enditem|p2a: Overseer|Rocky Helmet|[from] move: Knock Off|[of] p1a: Lokix
|
|upkeep
|turn|3
|
|t:|1781256180
|switch|p2a: Behemoth|Great Tusk, shiny|100/100
|move|p1a: Lokix|Knock Off|p2a: Behemoth
|-resisted|p2a: Behemoth
|-damage|p2a: Behemoth|54/100
|-enditem|p2a: Behemoth|Heavy-Duty Boots|[from] move: Knock Off|[of] p1a: Lokix
|
|upkeep
|turn|4
|
|t:|1781256195
|switch|p1a: Dragapult|Dragapult, M|100/100
|move|p2a: Behemoth|Close Combat|p1a: Dragapult
|-immune|p1a: Dragapult
|
|upkeep
|turn|5
|
|t:|1781256201
|-end|p2a: Behemoth|Protosynthesis|[silent]
|switch|p2a: Pisces|Alomomola, M, shiny|100/100
|move|p1a: Dragapult|U-turn|p2a: Pisces
|-damage|p2a: Pisces|73/100
|
|t:|1781256206
|switch|p1a: Lokix|Lokix, F|84/100|[from] U-turn
|
|upkeep
|turn|6
|
|t:|1781256214
|switch|p2a: Overseer|Pecharunt|40/100
|move|p1a: Lokix|Knock Off|p2a: Overseer
|-supereffective|p2a: Overseer
|-damage|p2a: Overseer|0 fnt
|faint|p2a: Overseer
|
|upkeep
|
|t:|1781256217
|switch|p2a: Hybrid|Hydreigon, M, shiny|100/100
|turn|7
|
|t:|1781256223
|switch|p1a: Alomomola|Alomomola, F|100/100
|move|p2a: Hybrid|Flash Cannon|p1a: Alomomola
|-resisted|p1a: Alomomola
|-damage|p1a: Alomomola|90/100
|
|upkeep
|turn|8
|
|t:|1781256230
|switch|p2a: Pisces|Alomomola, M, shiny|100/100
|move|p1a: Alomomola|Flip Turn|p2a: Pisces
|-resisted|p2a: Pisces
|-damage|p2a: Pisces|95/100
|
|t:|1781256236
|switch|p1a: Lokix|Lokix, F|84/100|[from] Flip Turn
|
|upkeep
|turn|9
|
|t:|1781256244
|move|p1a: Lokix|Knock Off|p2a: Pisces
|-damage|p2a: Pisces|43/100
|-enditem|p2a: Pisces|Assault Vest|[from] move: Knock Off|[of] p1a: Lokix
|move|p2a: Pisces|Flip Turn|p1a: Lokix
|-damage|p1a: Lokix|62/100
|
|t:|1781256252
|switch|p2a: Anonymous|Ogerpon, F|100/100|[from] Flip Turn
|
|upkeep
|turn|10
|
|t:|1781256264
|switch|p1a: Iron Crown|Iron Crown|100/100
|move|p2a: Anonymous|U-turn|p1a: Iron Crown
|-damage|p1a: Iron Crown|63/100
|
|t:|1781256267
|switch|p2a: Hybrid|Hydreigon, M, shiny|100/100|[from] U-turn
|
|upkeep
|turn|11
|
|t:|1781256273
|-end|p1a: Iron Crown|Quark Drive|[silent]
|switch|p1a: Alomomola|Alomomola, F|100/100
|move|p2a: Hybrid|Dark Pulse|p1a: Alomomola
|-damage|p1a: Alomomola|70/100
|
|upkeep
|turn|12
|
|t:|1781256279
|move|p2a: Hybrid|Dark Pulse|p1a: Alomomola
|-damage|p1a: Alomomola|39/100
|cant|p1a: Alomomola|flinch
|
|upkeep
|turn|13
|
|t:|1781256283
|move|p2a: Hybrid|Dark Pulse|p1a: Alomomola
|-damage|p1a: Alomomola|8/100
|move|p1a: Alomomola|Flip Turn|p2a: Hybrid
|-resisted|p2a: Hybrid
|-damage|p2a: Hybrid|90/100
|
|t:|1781256300
|switch|p1a: Enamorus|Enamorus, F|100/100|[from] Flip Turn
|
|upkeep
|turn|14
|
|t:|1781256304
|switch|p2a: Smile.exe|Tinkaton, F, shiny|100/100
|-item|p2a: Smile.exe|Air Balloon
|move|p1a: Enamorus|Moonblast|p2a: Smile.exe
|-resisted|p2a: Smile.exe
|-damage|p2a: Smile.exe|73/100
|-unboost|p2a: Smile.exe|spa|1
|-enditem|p2a: Smile.exe|Air Balloon
|
|upkeep
|turn|15
|
|t:|1781256315
|switch|p1a: Great Tusk|Great Tusk|100/100
|move|p2a: Smile.exe|Stealth Rock|p1a: Great Tusk
|-sidestart|p1: 201187abc|move: Stealth Rock
|
|upkeep
|turn|16
|
|t:|1781256322
|move|p2a: Smile.exe|Gigaton Hammer|p1a: Great Tusk
|-damage|p1a: Great Tusk|63/100
|move|p1a: Great Tusk|Rapid Spin|p2a: Smile.exe
|-resisted|p2a: Smile.exe
|-damage|p2a: Smile.exe|64/100
|-boost|p1a: Great Tusk|spe|1
|-sideend|p1: 201187abc|Stealth Rock|[from] move: Rapid Spin|[of] p1a: Great Tusk
|-enditem|p1a: Great Tusk|Heavy-Duty Boots|[silent]|[from] ability: Pickpocket|[of] p1a: Great Tusk
|-item|p2a: Smile.exe|Heavy-Duty Boots|[from] ability: Pickpocket|[of] p1a: Great Tusk
|
|upkeep
|turn|17
|
|t:|1781256332
|move|p1a: Great Tusk|Headlong Rush|p2a: Smile.exe
|-supereffective|p2a: Smile.exe
|-damage|p2a: Smile.exe|0 fnt
|-unboost|p1a: Great Tusk|def|1
|-unboost|p1a: Great Tusk|spd|1
|faint|p2a: Smile.exe
|
|upkeep
|
|t:|1781256337
|switch|p2a: Anonymous|Ogerpon, F|100/100
|turn|18
|
|t:|1781256346
|-terastallize|p2a: Anonymous|Grass
|detailschange|p2a: Anonymous|Ogerpon-Teal-Tera, F, tera:Grass
|-ability|p2a: Anonymous|Embody Aspect (Teal)|boost
|-boost|p2a: Anonymous|spe|1
|move|p2a: Anonymous|Ivy Cudgel|p1a: Great Tusk
|-supereffective|p1a: Great Tusk
|-crit|p1a: Great Tusk
|-damage|p1a: Great Tusk|0 fnt
|faint|p1a: Great Tusk
|-end|p1a: Great Tusk|Protosynthesis|[silent]
|
|upkeep
|inactive|201187abc has 120 seconds left.
|
|t:|1781256396
|switch|p1a: Lokix|Lokix, F|62/100
|turn|19
|
|t:|1781256400
|switch|p2a: Behemoth|Great Tusk, shiny|54/100
|move|p1a: Lokix|First Impression|p2a: Behemoth
|-resisted|p2a: Behemoth
|-damage|p2a: Behemoth|9/100
|
|upkeep
|turn|20
|
|t:|1781256408
|switch|p1a: Enamorus|Enamorus, F|100/100
|move|p2a: Behemoth|Ice Spinner|p1a: Enamorus
|-supereffective|p1a: Enamorus
|-damage|p1a: Enamorus|15/100
|
|upkeep
|turn|21
|
|t:|1781256414
|-end|p2a: Behemoth|Protosynthesis|[silent]
|switch|p2a: Pisces|Alomomola, M, shiny|76/100
|move|p1a: Enamorus|Moonblast|p2a: Pisces
|-damage|p2a: Pisces|33/100
|
|upkeep
|turn|22
|
|t:|1781256418
|move|p1a: Enamorus|Moonblast|p2a: Pisces
|-damage|p2a: Pisces|0 fnt
|faint|p2a: Pisces
|
|upkeep
|
|t:|1781256420
|switch|p2a: Anonymous|Ogerpon-Teal-Tera, F, tera:Grass|100/100
|-ability|p2a: Anonymous|Embody Aspect (Teal)|boost
|-boost|p2a: Anonymous|spe|1
|turn|23
|
|t:|1781256427
|switch|p1a: Alomomola|Alomomola, F|41/100
|move|p2a: Anonymous|Knock Off|p1a: Alomomola
|-damage|p1a: Alomomola|5/100
|-enditem|p1a: Alomomola|Assault Vest|[from] move: Knock Off|[of] p2a: Anonymous
|
|upkeep
|turn|24
|
|t:|1781256430
|move|p2a: Anonymous|Knock Off|p1a: Alomomola
|-damage|p1a: Alomomola|0 fnt
|faint|p1a: Alomomola
|
|upkeep
|
|t:|1781256433
|switch|p1a: Lokix|Lokix, F|62/100
|turn|25
|
|t:|1781256436
|switch|p2a: Behemoth|Great Tusk, shiny|9/100
|move|p1a: Lokix|First Impression|p2a: Behemoth
|-resisted|p2a: Behemoth
|-damage|p2a: Behemoth|0 fnt
|faint|p2a: Behemoth
|-end|p2a: Behemoth|Protosynthesis|[silent]
|
|upkeep
|
|t:|1781256439
|switch|p2a: Hybrid|Hydreigon, M, shiny|90/100
|turn|26
|c|☆201187abc|gg
|
|t:|1781256444
|switch|p1a: Iron Crown|Iron Crown|63/100
|move|p2a: Hybrid|Dark Pulse|p1a: Iron Crown
|-supereffective|p1a: Iron Crown
|-damage|p1a: Iron Crown|0 fnt
|faint|p1a: Iron Crown
|-end|p1a: Iron Crown|Quark Drive|[silent]
|
|upkeep
|
|t:|1781256449
|switch|p1a: Enamorus|Enamorus, F|15/100
|turn|27
|c|☆lesbiancleric|gg
|
|t:|1781256452
|move|p1a: Enamorus|Moonblast|p2a: Hybrid
|-supereffective|p2a: Hybrid
|-damage|p2a: Hybrid|0 fnt
|faint|p2a: Hybrid
|
|upkeep
|
|t:|1781256453
|switch|p2a: Anonymous|Ogerpon-Teal-Tera, F, tera:Grass|100/100
|-ability|p2a: Anonymous|Embody Aspect (Teal)|boost
|-boost|p2a: Anonymous|spe|1
|turn|28
|
|t:|1781256456
|move|p2a: Anonymous|Ivy Cudgel|p1a: Enamorus
|-resisted|p1a: Enamorus
|-damage|p1a: Enamorus|0 fnt
|faint|p1a: Enamorus
|
|upkeep
|
|t:|1781256459
|switch|p1a: Lokix|Lokix, F|62/100
|turn|29
|
|t:|1781256462
|move|p1a: Lokix|First Impression|p2a: Anonymous
|-supereffective|p2a: Anonymous
|-crit|p2a: Anonymous
|-damage|p2a: Anonymous|0 fnt
|faint|p2a: Anonymous
|detailschange|p2: Anonymous|Ogerpon, F|[silent]
|
|win|201187abc
|raw|201187abc's rating: 1597 &rarr; <strong>1614</strong><br />(+17 for winning)
|raw|lesbiancleric's rating: 1550 &rarr; <strong>1533</strong><br />(-17 for losing)
|l|☆lesbiancleric
|player|p2|
|l|☆201187abc
|player|p1|
