|j|☆megameimei
|j|☆cachowcapow
|t:|1781528441
|gametype|singles
|player|p1|megameimei|265|1536
|player|p2|cachowcapow|101|1517
|gen|9
|tier|[Gen 9] OU
|rated|
|rule|HP Percentage Mod: HP is shown in percentages
|rule|Endless Battle Clause: Forcing endless battles is banned
|rule|Species Clause: Limit one of each Pokémon
|rule|OHKO Clause: OHKO moves are banned
|rule|Evasion Items Clause: Evasion items are banned
|rule|Evasion Moves Clause: Evasion moves are banned
|rule|Evasion Abilities Clause: Evasion abilities are banned
|rule|Sleep Moves Clause: Sleep-inducing moves are banned
|clearpoke
|poke|p1|Garchomp, F|
|poke|p1|Samurott-Hisui, F|
|poke|p1|Iron Valiant|
|poke|p1|Slowking-Galar, M|
|poke|p1|Kyurem|
|poke|p1|Corviknight, M|
|poke|p2|Pikachu, F|
|poke|p2|Alomomola, M|
|poke|p2|Iron Valiant|
|poke|p2|Slither Wing|
|poke|p2|Iron Treads|
|poke|p2|Greninja-*, M|
|teampreview
|inactive|Battle timer is ON: inactive players will automatically lose when time's up. (requested by megameimei)
|
|t:|1781528458
|teamsize|p1|6
|teamsize|p2|6
|start
|switch|p1a: Garchomp|Garchomp, F|100/100
|switch|p2a: Iron Valiant|Iron Valiant|100/100
|turn|1
|
|t:|1781528474
|switch|p1a: Slowking|Slowking-Galar, M|100/100
|move|p2a: Iron Valiant|Knock Off|p1a: Slowking
|-supereffective|p1a: Slowking
|-damage|p1a: Slowking|0 fnt
|-enditem|p1a: Slowking|Heavy-Duty Boots|[from] move: Knock Off|[of] p2a: Iron Valiant
|faint|p1a: Slowking
|
|upkeep
|
|t:|1781528484
|switch|p1a: Garchomp|Garchomp, F|100/100
|turn|2
|
|t:|1781528490
|-end|p2a: Iron Valiant|Quark Drive|[silent]
|switch|p2a: Greninja|Greninja, M|100/100
|-terastallize|p1a: Garchomp|Fairy
|move|p1a: Garchomp|Earthquake|p2a: Greninja
|-damage|p2a: Greninja|32/100
|
|upkeep
|turn|3
|
|t:|1781528495
|switch|p2a: Slither Wing|Slither Wing|100/100
|switch|p1a: Samurott|Samurott-Hisui, F|100/100
|
|upkeep
|turn|4
|
|t:|1781528500
|move|p1a: Samurott|Ceaseless Edge|p2a: Slither Wing|[miss]
|-miss|p1a: Samurott|p2a: Slither Wing
|move|p2a: Slither Wing|U-turn|p1a: Samurott
|-supereffective|p1a: Samurott
|-damage|p1a: Samurott|35/100
|
|t:|1781528504
|-end|p2a: Slither Wing|Protosynthesis|[silent]
|switch|p2a: Pikachu|Pikachu, F|100/100|[from] U-turn
|
|upkeep
|turn|5
|
|t:|1781528509
|switch|p1a: Garchomp|Garchomp, F, tera:Fairy|100/100
|move|p2a: Pikachu|Volt Switch|p1a: Garchomp
|-damage|p1a: Garchomp|64/100
|
|t:|1781528517
|switch|p2a: Slither Wing|Slither Wing|100/100|[from] Volt Switch
|
|upkeep
|turn|6
|
|t:|1781528522
|move|p1a: Garchomp|Earthquake|p2a: Slither Wing
|-resisted|p2a: Slither Wing
|-damage|p2a: Slither Wing|83/100
|move|p2a: Slither Wing|U-turn|p1a: Garchomp
|-resisted|p1a: Garchomp
|-crit|p1a: Garchomp
|-damage|p1a: Garchomp|48/100
|-damage|p2a: Slither Wing|71/100|[from] ability: Rough Skin|[of] p1a: Garchomp
|-damage|p2a: Slither Wing|55/100|[from] item: Rocky Helmet|[of] p1a: Garchomp
|
|t:|1781528535
|-end|p2a: Slither Wing|Protosynthesis|[silent]
|switch|p2a: Alomomola|Alomomola, M|100/100|[from] U-turn
|
|upkeep
|turn|7
|
|t:|1781528537
|move|p1a: Garchomp|Stealth Rock|p2a: Alomomola
|-sidestart|p2: cachowcapow|move: Stealth Rock
|move|p2a: Alomomola|Flip Turn|p1a: Garchomp
|-damage|p1a: Garchomp|37/100
|-damage|p2a: Alomomola|88/100|[from] ability: Rough Skin|[of] p1a: Garchomp
|-damage|p2a: Alomomola|71/100|[from] item: Rocky Helmet|[of] p1a: Garchomp
|
|t:|1781528546
|switch|p2a: Slither Wing|Slither Wing|55/100|[from] Flip Turn
|-damage|p2a: Slither Wing|42/100|[from] Stealth Rock
|
|upkeep
|turn|8
|
|t:|1781528549
|move|p2a: Slither Wing|Morning Sun|p2a: Slither Wing
|-heal|p2a: Slither Wing|92/100
|move|p1a: Garchomp|Dragon Tail|p2a: Slither Wing
|-damage|p2a: Slither Wing|71/100
|-damage|p1a: Garchomp|21/100|[from] item: Rocky Helmet|[of] p2a: Slither Wing
|-end|p2a: Slither Wing|Protosynthesis|[silent]
|drag|p2a: Iron Valiant|Iron Valiant|100/100
|-damage|p2a: Iron Valiant|94/100|[from] Stealth Rock
|
|upkeep
|turn|9
|
|t:|1781528559
|move|p2a: Iron Valiant|Fire Punch|p1a: Garchomp
|-damage|p1a: Garchomp|0 fnt
|-damage|p2a: Iron Valiant|82/100|[from] ability: Rough Skin|[of] p1a: Garchomp
|-damage|p2a: Iron Valiant|65/100|[from] item: Rocky Helmet|[of] p1a: Garchomp
|faint|p1a: Garchomp
|
|upkeep
|
|t:|1781528566
|switch|p1a: Iron Valiant|Iron Valiant|100/100
|-enditem|p1a: Iron Valiant|Booster Energy
|-activate|p1a: Iron Valiant|ability: Quark Drive|[fromitem]
|-start|p1a: Iron Valiant|quarkdrivespe
|turn|10
|
|t:|1781528574
|-end|p2a: Iron Valiant|Quark Drive|[silent]
|switch|p2a: Alomomola|Alomomola, M|100/100
|-damage|p2a: Alomomola|88/100|[from] Stealth Rock
|move|p1a: Iron Valiant|Moonblast|p2a: Alomomola
|-damage|p2a: Alomomola|66/100
|
|upkeep
|turn|11
|
|t:|1781528579
|move|p1a: Iron Valiant|Thunderbolt|p2a: Alomomola
|-supereffective|p2a: Alomomola
|-damage|p2a: Alomomola|37/100
|move|p2a: Alomomola|Body Slam|p1a: Iron Valiant
|-damage|p1a: Iron Valiant|81/100
|
|upkeep
|turn|12
|
|t:|1781528583
|move|p1a: Iron Valiant|Thunderbolt|p2a: Alomomola
|-supereffective|p2a: Alomomola
|-damage|p2a: Alomomola|8/100
|move|p2a: Alomomola|Flip Turn|p1a: Iron Valiant
|-damage|p1a: Iron Valiant|61/100
|
|t:|1781528587
|switch|p2a: Iron Treads|Iron Treads|100/100|[from] Flip Turn
|
|upkeep
|turn|13
|
|t:|1781528592
|move|p1a: Iron Valiant|Close Combat|p2a: Iron Treads
|-supereffective|p2a: Iron Treads
|-damage|p2a: Iron Treads|14/100
|-unboost|p1a: Iron Valiant|def|1
|-unboost|p1a: Iron Valiant|spd|1
|move|p2a: Iron Treads|Rapid Spin|p1a: Iron Valiant
|-damage|p1a: Iron Valiant|39/100
|-boost|p2a: Iron Treads|spe|1
|-sideend|p2: cachowcapow|Stealth Rock|[from] move: Rapid Spin|[of] p2a: Iron Treads
|
|upkeep
|turn|14
|
|t:|1781528600
|move|p1a: Iron Valiant|Close Combat|p2a: Iron Treads
|-supereffective|p2a: Iron Treads
|-damage|p2a: Iron Treads|0 fnt
|-unboost|p1a: Iron Valiant|def|1
|-unboost|p1a: Iron Valiant|spd|1
|faint|p2a: Iron Treads
|-end|p2a: Iron Treads|Quark Drive|[silent]
|
|upkeep
|
|t:|1781528623
|switch|p2a: Alomomola|Alomomola, M|41/100
|turn|15
|
|t:|1781528627
|move|p1a: Iron Valiant|Thunderbolt|p2a: Alomomola
|-supereffective|p2a: Alomomola
|-damage|p2a: Alomomola|12/100
|move|p2a: Alomomola|Flip Turn|p1a: Iron Valiant
|-damage|p1a: Iron Valiant|0 fnt
|faint|p1a: Iron Valiant
|-end|p1a: Iron Valiant|Quark Drive|[silent]
|
|t:|1781528633
|switch|p2a: Pikachu|Pikachu, F|100/100|[from] Flip Turn
|
|upkeep
|
|t:|1781528638
|switch|p1a: Kyurem|Kyurem|100/100
|-ability|p1a: Kyurem|Pressure
|turn|16
|
|t:|1781528665
|move|p1a: Kyurem|Blizzard|p2a: Pikachu
|-damage|p2a: Pikachu|0 fnt
|faint|p2a: Pikachu
|
|upkeep
|
|t:|1781528669
|switch|p2a: Alomomola|Alomomola, M|45/100
|turn|17
|
|t:|1781528675
|switch|p1a: Samurott|Samurott-Hisui, F|35/100
|move|p2a: Alomomola|Flip Turn|p1a: Samurott
|-resisted|p1a: Samurott
|-damage|p1a: Samurott|26/100
|
|t:|1781528690
|switch|p2a: Greninja|Greninja, M|32/100|[from] Flip Turn
|
|upkeep
|turn|18
|
|t:|1781528696
|move|p2a: Greninja|Water Shuriken|p1a: Samurott
|-resisted|p1a: Samurott
|-damage|p1a: Samurott|23/100
|-resisted|p1a: Samurott
|-damage|p1a: Samurott|20/100
|-resisted|p1a: Samurott
|-damage|p1a: Samurott|17/100
|-resisted|p1a: Samurott
|-damage|p1a: Samurott|14/100
|-hitcount|p1a: Samurott|4
|-damage|p2a: Greninja|23/100|[from] item: Life Orb
|move|p1a: Samurott|Ceaseless Edge|p2a: Greninja|[miss]
|-miss|p1a: Samurott|p2a: Greninja
|
|upkeep
|turn|19
|
|t:|1781528702
|move|p2a: Greninja|Dark Pulse|p1a: Samurott
|-resisted|p1a: Samurott
|-damage|p1a: Samurott|0 fnt
|faint|p1a: Samurott
|-ability|p2a: Greninja|Battle Bond|boost
|-boost|p2a: Greninja|atk|1
|-boost|p2a: Greninja|spa|1
|-boost|p2a: Greninja|spe|1
|-activate|p2a: Greninja|ability: Battle Bond
|-damage|p2a: Greninja|13/100|[from] item: Life Orb
|
|upkeep
|
|t:|1781528707
|switch|p1a: Kyurem|Kyurem|100/100
|-ability|p1a: Kyurem|Pressure
|turn|20
|
|t:|1781528723
|move|p2a: Greninja|Dark Pulse|p1a: Kyurem
|-damage|p1a: Kyurem|38/100
|-damage|p2a: Greninja|3/100|[from] item: Life Orb
|move|p1a: Kyurem|Freeze-Dry|p2a: Greninja
|-supereffective|p2a: Greninja
|-damage|p2a: Greninja|0 fnt
|faint|p2a: Greninja
|
|upkeep
|
|t:|1781528727
|switch|p2a: Slither Wing|Slither Wing|71/100
|turn|21
|
|t:|1781528732
|switch|p1a: Corviknight|Corviknight, M|100/100
|-ability|p1a: Corviknight|Pressure
|move|p2a: Slither Wing|U-turn|p1a: Corviknight
|-resisted|p1a: Corviknight
|-damage|p1a: Corviknight|96/100
|-damage|p2a: Slither Wing|55/100|[from] item: Rocky Helmet|[of] p1a: Corviknight
|
|t:|1781528755
|-end|p2a: Slither Wing|Protosynthesis|[silent]
|switch|p2a: Iron Valiant|Iron Valiant|65/100|[from] U-turn
|
|upkeep
|turn|22
|
|t:|1781528761
|-terastallize|p2a: Iron Valiant|Fire
|move|p2a: Iron Valiant|Fire Punch|p1a: Corviknight
|-supereffective|p1a: Corviknight
|-damage|p1a: Corviknight|21/100
|-damage|p2a: Iron Valiant|49/100|[from] item: Rocky Helmet|[of] p1a: Corviknight
|move|p1a: Corviknight|Iron Defense|p1a: Corviknight
|-boost|p1a: Corviknight|def|2
|
|upkeep
|turn|23
|
|t:|1781528770
|move|p2a: Iron Valiant|Fire Punch|p1a: Corviknight
|-supereffective|p1a: Corviknight
|-damage|p1a: Corviknight|0 fnt
|-damage|p2a: Iron Valiant|32/100|[from] item: Rocky Helmet|[of] p1a: Corviknight
|faint|p1a: Corviknight
|
|upkeep
|
|t:|1781528772
|switch|p1a: Kyurem|Kyurem|38/100
|-ability|p1a: Kyurem|Pressure
|turn|24
|
|t:|1781528788
|move|p1a: Kyurem|Freeze-Dry|p2a: Iron Valiant
|-resisted|p2a: Iron Valiant
|-damage|p2a: Iron Valiant|0 fnt
|faint|p2a: Iron Valiant
|-end|p2a: Iron Valiant|Quark Drive|[silent]
|
|upkeep
|
|t:|1781528791
|switch|p2a: Alomomola|Alomomola, M|78/100
|turn|25
|
|t:|1781528796
|move|p1a: Kyurem|Freeze-Dry|p2a: Alomomola
|-supereffective|p2a: Alomomola
|-damage|p2a: Alomomola|38/100
|move|p2a: Alomomola|Mirror Coat|p1a: Kyurem
|-damage|p1a: Kyurem|0 fnt
|faint|p1a: Kyurem
|
|win|cachowcapow
|raw|megameimei's rating: 1536 &rarr; <strong>1514</strong><br />(-22 for losing)
|raw|cachowcapow's rating: 1498 &rarr; <strong>1520</strong><br />(+22 for winning)
|l|☆megameimei
|player|p1|
|l|☆cachowcapow
|player|p2|
