|j|☆manabi.portoviejo
|j|☆we9fuw0e9fuwe09fu
|t:|1781278314
|gametype|singles
|player|p1|manabi.portoviejo|2|1550
|player|p2|we9fuw0e9fuwe09fu|170|1553
|gen|9
|tier|[Gen 9] OU
|rated|
|rule|HP Percentage Mod: HP is shown in percentages
|rule|Endless Battle Clause: Forcing endless battles is banned
|rule|Species Clause: Limit one of each Pokémon
|rule|OHKO Clause: OHKO moves are banned
|rule|Evasion Items Clause: Evasion items are banned
|rule|Evasion Moves Clause: Evasion moves are banned
|rule|Evasion Abilities Clause: Evasion abilities are banned
|rule|Sleep Moves Clause: Sleep-inducing moves are banned
|clearpoke
|poke|p1|Hoopa-Unbound|
|poke|p1|Hawlucha, F|
|poke|p1|Iron Crown|
|poke|p1|Indeedee-F, F|
|poke|p1|Hatterene, F|
|poke|p1|Cloyster, M|
|poke|p2|Garganacl, M|
|poke|p2|Darkrai|
|poke|p2|Great Tusk|
|poke|p2|Hatterene, F|
|poke|p2|Tornadus-Therian, M|
|poke|p2|Dragonite, M|
|teampreview
|inactive|Battle timer is ON: inactive players will automatically lose when time's up. (requested by manabi.portoviejo)
|c|☆we9fuw0e9fuwe09fu|Hoopa in psy terrain very nice
|
|t:|1781278349
|teamsize|p1|6
|teamsize|p2|6
|start
|switch|p1a: Indeedee|Indeedee-F, F|100/100
|switch|p2a: Tornadus|Tornadus-Therian, M, shiny|100/100
|-fieldstart|move: Psychic Terrain|[from] ability: Psychic Surge|[of] p1a: Indeedee
|turn|1
|
|t:|1781278359
|switch|p1a: Hatterene|Hatterene, F|100/100
|move|p2a: Tornadus|Knock Off|p1a: Hatterene
|-damage|p1a: Hatterene|78/100
|-enditem|p1a: Hatterene|Eject Button|[from] move: Knock Off|[of] p2a: Tornadus
|
|upkeep
|turn|2
|
|t:|1781278364
|move|p2a: Tornadus|Bleakwind Storm|p1a: Hatterene
|-damage|p1a: Hatterene|43/100
|move|p1a: Hatterene|Trick Room|p1a: Hatterene
|-fieldstart|move: Trick Room|[of] p1a: Hatterene
|
|upkeep
|turn|3
|
|t:|1781278370
|move|p1a: Hatterene|Expanding Force|p2a: Tornadus
|-damage|p2a: Tornadus|35/100
|move|p2a: Tornadus|U-turn|p1a: Hatterene
|-damage|p1a: Hatterene|26/100
|
|t:|1781278375
|switch|p2a: Hatterene|Hatterene, F|100/100|[from] U-turn
|
|upkeep
|turn|4
|
|t:|1781278379
|move|p2a: Hatterene|Dazzling Gleam|p1a: Hatterene
|-damage|p1a: Hatterene|0 fnt
|faint|p1a: Hatterene
|
|upkeep
|
|t:|1781278383
|switch|p1a: Hoopa|Hoopa-Unbound|100/100
|turn|5
|
|t:|1781278392
|switch|p2a: Garganacl|Garganacl, M|100/100
|move|p1a: Hoopa|Hyperspace Fury|p2a: Garganacl
|-damage|p2a: Garganacl|54/100
|-unboost|p1a: Hoopa|def|1
|
|-heal|p2a: Garganacl|60/100|[from] item: Leftovers
|-fieldend|move: Psychic Terrain
|upkeep
|turn|6
|
|t:|1781278399
|move|p2a: Garganacl|Salt Cure|p1a: Hoopa
|-damage|p1a: Hoopa|70/100
|-start|p1a: Hoopa|Salt Cure
|move|p1a: Hoopa|Expanding Force|p2a: Garganacl
|-damage|p2a: Garganacl|28/100
|
|-heal|p2a: Garganacl|35/100|[from] item: Leftovers
|-damage|p1a: Hoopa|57/100|[from] Salt Cure
|-fieldend|move: Trick Room
|upkeep
|turn|7
|
|t:|1781278407
|move|p1a: Hoopa|Hyperspace Fury|p2a: Garganacl
|-damage|p2a: Garganacl|0 fnt
|-unboost|p1a: Hoopa|def|1
|faint|p2a: Garganacl
|
|-damage|p1a: Hoopa|45/100|[from] Salt Cure
|upkeep
|
|t:|1781278410
|switch|p2a: Tornadus|Tornadus-Therian, M, shiny|68/100
|turn|8
|inactive|manabi.portoviejo has 120 seconds left.
|
|t:|1781278456
|move|p2a: Tornadus|Knock Off|p1a: Hoopa
|-damage|p1a: Hoopa|0 fnt
|-enditem|p1a: Hoopa|Focus Sash|[from] move: Knock Off|[of] p2a: Tornadus
|faint|p1a: Hoopa
|
|upkeep
|
|t:|1781278462
|switch|p1a: Indeedee|Indeedee-F, F|100/100
|-fieldstart|move: Psychic Terrain|[from] ability: Psychic Surge|[of] p1a: Indeedee
|turn|9
|
|t:|1781278478
|switch|p1a: Iron Crown|Iron Crown|100/100
|-enditem|p1a: Iron Crown|Booster Energy
|-activate|p1a: Iron Crown|ability: Quark Drive|[fromitem]
|-start|p1a: Iron Crown|quarkdrivespa
|move|p2a: Tornadus|Knock Off|p1a: Iron Crown
|-supereffective|p1a: Iron Crown
|-damage|p1a: Iron Crown|78/100
|
|upkeep
|turn|10
|
|t:|1781278483
|move|p2a: Tornadus|U-turn|p1a: Iron Crown
|-damage|p1a: Iron Crown|66/100
|
|t:|1781278487
|switch|p2a: Dragonite|Dragonite, M|100/100|[from] U-turn
|move|p1a: Iron Crown|Agility|p1a: Iron Crown
|-boost|p1a: Iron Crown|spe|2
|
|upkeep
|turn|11
|
|t:|1781278490
|move|p1a: Iron Crown|Tachyon Cutter|p2a: Dragonite
|-damage|p2a: Dragonite|82/100
|-damage|p2a: Dragonite|47/100
|-hitcount|p2a: Dragonite|2
|move|p2a: Dragonite|Earthquake|p1a: Iron Crown
|-supereffective|p1a: Iron Crown
|-crit|p1a: Iron Crown
|-damage|p1a: Iron Crown|0 fnt
|faint|p1a: Iron Crown
|-end|p1a: Iron Crown|Quark Drive|[silent]
|
|upkeep
|inactive|manabi.portoviejo has 120 seconds left.
|
|t:|1781278500
|switch|p1a: Hawlucha|Hawlucha, F|100/100
|-enditem|p1a: Hawlucha|Psychic Seed
|-boost|p1a: Hawlucha|spd|1|[from] item: Psychic Seed
|turn|12
|
|t:|1781278507
|switch|p2a: Hatterene|Hatterene, F|100/100
|move|p1a: Hawlucha|Acrobatics|p2a: Hatterene
|-damage|p2a: Hatterene|57/100
|-damage|p1a: Hawlucha|84/100|[from] item: Rocky Helmet|[of] p2a: Hatterene
|
|upkeep
|turn|13
|
|t:|1781278515
|move|p1a: Hawlucha|Swords Dance|p1a: Hawlucha
|-boost|p1a: Hawlucha|atk|2
|move|p2a: Hatterene|Dazzling Gleam|p1a: Hawlucha
|-supereffective|p1a: Hawlucha
|-damage|p1a: Hawlucha|12/100
|
|-fieldend|move: Psychic Terrain
|upkeep
|turn|14
|
|t:|1781278519
|move|p1a: Hawlucha|Acrobatics|p2a: Hatterene
|-damage|p2a: Hatterene|0 fnt
|-damage|p1a: Hawlucha|0 fnt|[from] item: Rocky Helmet|[of] p2a: Hatterene
|faint|p2a: Hatterene
|faint|p1a: Hawlucha
|
|upkeep
|
|t:|1781278526
|switch|p1a: Indeedee|Indeedee-F, F|100/100
|switch|p2a: Tornadus|Tornadus-Therian, M, shiny|100/100
|-fieldstart|move: Psychic Terrain|[from] ability: Psychic Surge|[of] p1a: Indeedee
|turn|15
|
|t:|1781278530
|move|p2a: Tornadus|Knock Off|p1a: Indeedee
|-supereffective|p1a: Indeedee
|-damage|p1a: Indeedee|62/100
|-enditem|p1a: Indeedee|Light Clay|[from] move: Knock Off|[of] p2a: Tornadus
|move|p1a: Indeedee|Healing Wish|p1a: Indeedee
|faint|p1a: Indeedee
|
|upkeep
|
|t:|1781278533
|switch|p1a: Cloyster|Cloyster, M|100/100
|turn|16
|
|t:|1781278536
|move|p2a: Tornadus|Knock Off|p1a: Cloyster
|-damage|p1a: Cloyster|83/100
|-enditem|p1a: Cloyster|Focus Sash|[from] move: Knock Off|[of] p2a: Tornadus
|move|p1a: Cloyster|Shell Smash|p1a: Cloyster
|-unboost|p1a: Cloyster|def|1
|-unboost|p1a: Cloyster|spd|1
|-boost|p1a: Cloyster|atk|2
|-boost|p1a: Cloyster|spa|2
|-boost|p1a: Cloyster|spe|2
|
|upkeep
|turn|17
|
|t:|1781278543
|move|p1a: Cloyster|Icicle Spear|p2a: Tornadus
|-supereffective|p2a: Tornadus
|-damage|p2a: Tornadus|46/100
|-supereffective|p2a: Tornadus
|-damage|p2a: Tornadus|0 fnt
|faint|p2a: Tornadus
|-hitcount|p2: Tornadus|2
|
|upkeep
|
|t:|1781278546
|switch|p2a: Great Tusk|Great Tusk|100/100
|-enditem|p2a: Great Tusk|Booster Energy
|-activate|p2a: Great Tusk|ability: Protosynthesis|[fromitem]
|-start|p2a: Great Tusk|protosynthesisatk
|turn|18
|
|t:|1781278553
|-terastallize|p2a: Great Tusk|Ice
|move|p1a: Cloyster|Icicle Spear|p2a: Great Tusk
|-resisted|p2a: Great Tusk
|-crit|p2a: Great Tusk
|-damage|p2a: Great Tusk|89/100
|-resisted|p2a: Great Tusk
|-damage|p2a: Great Tusk|81/100
|-resisted|p2a: Great Tusk
|-damage|p2a: Great Tusk|73/100
|-resisted|p2a: Great Tusk
|-damage|p2a: Great Tusk|65/100
|-resisted|p2a: Great Tusk
|-damage|p2a: Great Tusk|57/100
|-hitcount|p2a: Great Tusk|5
|move|p2a: Great Tusk|Close Combat|p1a: Cloyster
|-supereffective|p1a: Cloyster
|-damage|p1a: Cloyster|0 fnt
|-unboost|p2a: Great Tusk|def|1
|-unboost|p2a: Great Tusk|spd|1
|faint|p1a: Cloyster
|
|win|we9fuw0e9fuwe09fu
|raw|manabi.portoviejo's rating: 1550 &rarr; <strong>1530</strong><br />(-20 for losing)
|raw|we9fuw0e9fuwe09fu's rating: 1553 &rarr; <strong>1573</strong><br />(+20 for winning)
|c|☆we9fuw0e9fuwe09fu|Gg
|l|☆we9fuw0e9fuwe09fu
|player|p2|
