|j|☆goshdarnittt
|j|☆mathismathin
|t:|1781198621
|gametype|singles
|player|p1|goshdarnittt|yellow|1565
|player|p2|mathismathin|lucas|1540
|gen|9
|tier|[Gen 9] OU
|rated|
|rule|HP Percentage Mod: HP is shown in percentages
|rule|Endless Battle Clause: Forcing endless battles is banned
|rule|Species Clause: Limit one of each Pokémon
|rule|OHKO Clause: OHKO moves are banned
|rule|Evasion Items Clause: Evasion items are banned
|rule|Evasion Moves Clause: Evasion moves are banned
|rule|Evasion Abilities Clause: Evasion abilities are banned
|rule|Sleep Moves Clause: Sleep-inducing moves are banned
|clearpoke
|poke|p1|Pelipper, F|
|poke|p1|Golduck, M|
|poke|p1|Raging Bolt|
|poke|p1|Barraskewda, M|
|poke|p1|Tentacruel, F|
|poke|p1|Pawmot, M|
|poke|p2|Garchomp, M|
|poke|p2|Regieleki|
|poke|p2|Dragonite, F|
|poke|p2|Blaziken, F|
|poke|p2|Corviknight, F|
|poke|p2|Necrozma|
|teampreview
|inactive|Battle timer is ON: inactive players will automatically lose when time's up. (requested by goshdarnittt)
|
|t:|1781198627
|teamsize|p1|6
|teamsize|p2|6
|start
|switch|p1a: Pelipper|Pelipper, F|100/100
|switch|p2a: Necrozma|Necrozma|100/100
|-weather|RainDance|[from] ability: Drizzle|[of] p1a: Pelipper
|turn|1
|
|t:|1781198633
|switch|p1a: Tentacruel|Tentacruel, F|100/100
|move|p2a: Necrozma|Meteor Beam||[still]
|-prepare|p2a: Necrozma|Meteor Beam
|-boost|p2a: Necrozma|spa|1
|-enditem|p2a: Necrozma|Power Herb
|-anim|p2a: Necrozma|Meteor Beam|p1a: Tentacruel
|-damage|p1a: Tentacruel|67/100
|
|-weather|RainDance|[upkeep]
|-heal|p1a: Tentacruel|73/100|[from] ability: Rain Dish
|upkeep
|turn|2
|
|t:|1781198652
|move|p1a: Tentacruel|Sludge Bomb|p2a: Necrozma
|-damage|p2a: Necrozma|76/100
|-status|p2a: Necrozma|psn
|move|p2a: Necrozma|Photon Geyser|p1a: Tentacruel
|-supereffective|p1a: Tentacruel
|-damage|p1a: Tentacruel|0 fnt
|faint|p1a: Tentacruel
|
|-weather|RainDance|[upkeep]
|-damage|p2a: Necrozma|63/100 psn|[from] psn
|upkeep
|
|t:|1781198658
|switch|p1a: Barraskewda|Barraskewda, M|100/100
|turn|3
|
|t:|1781198664
|-terastallize|p1a: Barraskewda|Water
|move|p1a: Barraskewda|Liquidation|p2a: Necrozma
|-damage|p2a: Necrozma|0 fnt
|faint|p2a: Necrozma
|
|-weather|RainDance|[upkeep]
|upkeep
|
|t:|1781198674
|switch|p2a: Dragonite|Dragonite, F|100/100
|turn|4
|
|t:|1781198678
|move|p1a: Barraskewda|Flip Turn|p2a: Dragonite
|-resisted|p2a: Dragonite
|-damage|p2a: Dragonite|78/100
|
|t:|1781198681
|switch|p1a: Pelipper|Pelipper, F|100/100|[from] Flip Turn
|move|p2a: Dragonite|Outrage|p1a: Pelipper
|-damage|p1a: Pelipper|32/100
|
|-weather|RainDance|[upkeep]
|upkeep
|turn|5
|
|t:|1781198686
|move|p2a: Dragonite|Outrage|p1a: Pelipper|[from] lockedmove
|-damage|p1a: Pelipper|0 fnt
|faint|p1a: Pelipper
|-start|p2a: Dragonite|confusion|[fatigue]
|
|-weather|RainDance|[upkeep]
|upkeep
|
|t:|1781198688
|switch|p1a: Golduck|Golduck, M|100/100
|turn|6
|
|t:|1781198710
|switch|p2a: Corviknight|Corviknight, F|100/100
|-ability|p2a: Corviknight|Pressure
|move|p1a: Golduck|Ice Beam|p2a: Corviknight
|-damage|p2a: Corviknight|77/100
|-damage|p1a: Golduck|91/100|[from] item: Life Orb
|
|-weather|RainDance|[upkeep]
|-heal|p2a: Corviknight|83/100|[from] item: Leftovers
|upkeep
|turn|7
|
|t:|1781198716
|move|p1a: Golduck|Nasty Plot|p1a: Golduck
|-boost|p1a: Golduck|spa|2
|move|p2a: Corviknight|Roost|p2a: Corviknight
|-heal|p2a: Corviknight|100/100
|-singleturn|p2a: Corviknight|move: Roost
|
|-weather|RainDance|[upkeep]
|upkeep
|turn|8
|
|t:|1781198741
|move|p1a: Golduck|Hydro Pump|p2a: Corviknight|[miss]
|-miss|p1a: Golduck|p2a: Corviknight
|move|p2a: Corviknight|U-turn|p1a: Golduck
|-damage|p1a: Golduck|71/100
|
|t:|1781198743
|switch|p2a: Regieleki|Regieleki|100/100|[from] U-turn
|
|-weather|none
|upkeep
|turn|9
|
|t:|1781198766
|switch|p2a: Dragonite|Dragonite, F|78/100
|move|p1a: Golduck|Vacuum Wave|p2a: Dragonite
|-resisted|p2a: Dragonite
|-damage|p2a: Dragonite|60/100
|-damage|p1a: Golduck|61/100|[from] item: Life Orb
|
|upkeep
|turn|10
|
|t:|1781198785
|move|p1a: Golduck|Ice Beam|p2a: Dragonite
|-supereffective|p2a: Dragonite
|-damage|p2a: Dragonite|0 fnt
|faint|p2a: Dragonite
|-damage|p1a: Golduck|51/100|[from] item: Life Orb
|
|upkeep
|
|t:|1781198788
|switch|p2a: Garchomp|Garchomp, M|100/100
|turn|11
|
|t:|1781198792
|move|p2a: Garchomp|Scale Shot|p1a: Golduck
|-damage|p1a: Golduck|22/100
|-damage|p1a: Golduck|0 fnt
|faint|p1a: Golduck
|-hitcount|p1: Golduck|2
|-unboost|p2a: Garchomp|def|1
|-boost|p2a: Garchomp|spe|1
|-damage|p2a: Garchomp|91/100|[from] item: Life Orb
|
|upkeep
|
|t:|1781198803
|switch|p1a: Barraskewda|Barraskewda, M, tera:Water|100/100
|turn|12
|
|t:|1781198805
|move|p2a: Garchomp|Earthquake|p1a: Barraskewda
|-damage|p1a: Barraskewda|0 fnt
|faint|p1a: Barraskewda
|-damage|p2a: Garchomp|81/100|[from] item: Life Orb
|
|upkeep
|
|t:|1781198812
|switch|p1a: Raging Bolt|Raging Bolt|100/100
|turn|13
|
|t:|1781198830
|move|p2a: Garchomp|Earthquake|p1a: Raging Bolt
|-supereffective|p1a: Raging Bolt
|-damage|p1a: Raging Bolt|0 fnt
|faint|p1a: Raging Bolt
|-end|p1a: Raging Bolt|Protosynthesis|[silent]
|-damage|p2a: Garchomp|71/100|[from] item: Life Orb
|
|upkeep
|-message|goshdarnittt forfeited.
|
|win|mathismathin
|raw|goshdarnittt's rating: 1565 &rarr; <strong>1541</strong><br />(-24 for losing)
|raw|mathismathin's rating: 1498 &rarr; <strong>1522</strong><br />(+24 for winning)
|l|☆goshdarnittt
|player|p1|
|l|☆mathismathin
|player|p2|
