|j|☆LoseToRU?
|j|☆rekjllj
|t:|1781330862
|gametype|singles
|player|p1|LoseToRU?|giovanni-gen1|1692
|player|p2|rekjllj|169|1696
|gen|9
|tier|[Gen 9] OU
|rated|
|rule|HP Percentage Mod: HP is shown in percentages
|rule|Endless Battle Clause: Forcing endless battles is banned
|rule|Species Clause: Limit one of each Pokémon
|rule|OHKO Clause: OHKO moves are banned
|rule|Evasion Items Clause: Evasion items are banned
|rule|Evasion Moves Clause: Evasion moves are banned
|rule|Evasion Abilities Clause: Evasion abilities are banned
|rule|Sleep Moves Clause: Sleep-inducing moves are banned
|clearpoke
|poke|p1|Iron Jugulis|
|poke|p1|Thundurus, M|
|poke|p1|Azumarill, F|
|poke|p1|Zamazenta-*|
|poke|p1|Cloyster, F|
|poke|p1|Iron Valiant|
|poke|p2|Walking Wake|
|poke|p2|Great Tusk|
|poke|p2|Ninetales, F|
|poke|p2|Cresselia, F|
|poke|p2|Zarude|
|poke|p2|Ceruledge, F|
|teampreview
|
|t:|1781330869
|teamsize|p1|6
|teamsize|p2|6
|start
|switch|p1a: Iron Valiant|Iron Valiant|100/100
|switch|p2a: Ninetales|Ninetales, F|100/100
|-weather|SunnyDay|[from] ability: Drought|[of] p2a: Ninetales
|-enditem|p1a: Iron Valiant|Booster Energy
|-activate|p1a: Iron Valiant|ability: Quark Drive|[fromitem]
|-start|p1a: Iron Valiant|quarkdrivespe
|turn|1
|c|☆rekjllj|hf
|inactive|Battle timer is ON: inactive players will automatically lose when time's up. (requested by rekjllj)
|
|t:|1781330876
|move|p1a: Iron Valiant|Moonblast|p2a: Ninetales
|-resisted|p2a: Ninetales
|-damage|p2a: Ninetales|78/100
|-unboost|p2a: Ninetales|spa|1
|move|p2a: Ninetales|Overheat|p1a: Iron Valiant
|-damage|p1a: Iron Valiant|0 fnt
|-unboost|p2a: Ninetales|spa|2
|faint|p1a: Iron Valiant
|-end|p1a: Iron Valiant|Quark Drive|[silent]
|
|-weather|SunnyDay|[upkeep]
|upkeep
|
|t:|1781330888
|switch|p1a: Thundurus|Thundurus, M|100/100
|turn|2
|
|t:|1781330894
|switch|p2a: Great Tusk|Great Tusk|100/100
|-activate|p2a: Great Tusk|ability: Protosynthesis
|-start|p2a: Great Tusk|protosynthesisatk
|move|p1a: Thundurus|Nasty Plot|p1a: Thundurus
|-boost|p1a: Thundurus|spa|2
|
|-weather|SunnyDay|[upkeep]
|upkeep
|turn|3
|
|t:|1781330899
|move|p1a: Thundurus|Focus Blast|p2a: Great Tusk|[miss]
|-miss|p1a: Thundurus|p2a: Great Tusk
|move|p2a: Great Tusk|Close Combat|p1a: Thundurus
|-resisted|p1a: Thundurus
|-damage|p1a: Thundurus|31/100
|-unboost|p2a: Great Tusk|def|1
|-unboost|p2a: Great Tusk|spd|1
|
|-weather|SunnyDay|[upkeep]
|upkeep
|turn|4
|
|t:|1781330906
|-end|p2a: Great Tusk|Protosynthesis|[silent]
|switch|p2a: Ceruledge|Ceruledge, F|100/100
|move|p1a: Thundurus|Focus Blast|p2a: Ceruledge
|-immune|p2a: Ceruledge
|
|-weather|SunnyDay|[upkeep]
|upkeep
|turn|5
|
|t:|1781330912
|switch|p2a: Great Tusk|Great Tusk|100/100
|-activate|p2a: Great Tusk|ability: Protosynthesis
|-start|p2a: Great Tusk|protosynthesisatk
|move|p1a: Thundurus|Thunder Wave|p2a: Great Tusk
|-immune|p2a: Great Tusk
|
|-weather|SunnyDay|[upkeep]
|upkeep
|turn|6
|
|t:|1781330915
|move|p1a: Thundurus|Focus Blast|p2a: Great Tusk|[miss]
|-miss|p1a: Thundurus|p2a: Great Tusk
|move|p2a: Great Tusk|Rapid Spin|p1a: Thundurus
|-damage|p1a: Thundurus|0 fnt
|-boost|p2a: Great Tusk|spe|1
|faint|p1a: Thundurus
|
|-weather|SunnyDay|[upkeep]
|upkeep
|j| firered27
|
|t:|1781330940
|switch|p1a: Iron Jugulis|Iron Jugulis|100/100
|-enditem|p1a: Iron Jugulis|Booster Energy
|-activate|p1a: Iron Jugulis|ability: Quark Drive|[fromitem]
|-start|p1a: Iron Jugulis|quarkdrivespe
|turn|7
|
|t:|1781330946
|move|p1a: Iron Jugulis|Hurricane|p2a: Great Tusk|[miss]
|-miss|p1a: Iron Jugulis|p2a: Great Tusk
|move|p2a: Great Tusk|Close Combat|p1a: Iron Jugulis
|-damage|p1a: Iron Jugulis|0 fnt
|-unboost|p2a: Great Tusk|def|1
|-unboost|p2a: Great Tusk|spd|1
|faint|p1a: Iron Jugulis
|-end|p1a: Iron Jugulis|Quark Drive|[silent]
|
|-weather|SunnyDay|[upkeep]
|upkeep
|l| firered27
|inactive|LoseToRU? has 120 seconds left.
|
|t:|1781330987
|switch|p1a: Azumarill|Azumarill, F, shiny|100/100
|turn|8
|
|t:|1781330993
|move|p2a: Great Tusk|Headlong Rush|p1a: Azumarill
|-damage|p1a: Azumarill|1/100
|-unboost|p2a: Great Tusk|def|1
|-unboost|p2a: Great Tusk|spd|1
|move|p1a: Azumarill|Play Rough|p2a: Great Tusk
|-supereffective|p2a: Great Tusk
|-damage|p2a: Great Tusk|0 fnt
|faint|p2a: Great Tusk
|-end|p2a: Great Tusk|Protosynthesis|[silent]
|
|-weather|none
|upkeep
|
|t:|1781331001
|switch|p2a: Walking Wake|Walking Wake|100/100
|turn|9
|j| newhere1310
|
|t:|1781331007
|move|p2a: Walking Wake|Hydro Steam|p1a: Azumarill
|-resisted|p1a: Azumarill
|-damage|p1a: Azumarill|0 fnt
|faint|p1a: Azumarill
|
|upkeep
|
|t:|1781331008
|switch|p1a: Cloyster|Cloyster, F|100/100
|turn|10
|
|t:|1781331014
|move|p2a: Walking Wake|Draco Meteor|p1a: Cloyster|[miss]
|-miss|p2a: Walking Wake|p1a: Cloyster
|move|p1a: Cloyster|Shell Smash|p1a: Cloyster
|-unboost|p1a: Cloyster|def|1
|-unboost|p1a: Cloyster|spd|1
|-boost|p1a: Cloyster|atk|2
|-boost|p1a: Cloyster|spa|2
|-boost|p1a: Cloyster|spe|2
|
|upkeep
|turn|11
|
|t:|1781331020
|-end|p2a: Walking Wake|Protosynthesis|[silent]
|switch|p2a: Ninetales|Ninetales, F|78/100
|-weather|SunnyDay|[from] ability: Drought|[of] p2a: Ninetales
|move|p1a: Cloyster|Icicle Spear|p2a: Ninetales
|-resisted|p2a: Ninetales
|-damage|p2a: Ninetales|64/100
|-resisted|p2a: Ninetales
|-damage|p2a: Ninetales|49/100
|-resisted|p2a: Ninetales
|-damage|p2a: Ninetales|33/100
|-resisted|p2a: Ninetales
|-damage|p2a: Ninetales|18/100
|-resisted|p2a: Ninetales
|-damage|p2a: Ninetales|3/100
|-hitcount|p2a: Ninetales|5
|
|-weather|SunnyDay|[upkeep]
|upkeep
|turn|12
|
|t:|1781331030
|move|p1a: Cloyster|Icicle Spear|p2a: Ninetales
|-resisted|p2a: Ninetales
|-damage|p2a: Ninetales|0 fnt
|faint|p2a: Ninetales
|-hitcount|p2: Ninetales|1
|
|-weather|SunnyDay|[upkeep]
|upkeep
|
|t:|1781331037
|switch|p2a: Walking Wake|Walking Wake|100/100
|-activate|p2a: Walking Wake|ability: Protosynthesis
|-start|p2a: Walking Wake|protosynthesisspe
|turn|13
|
|t:|1781331046
|move|p1a: Cloyster|Icicle Spear|p2a: Walking Wake
|-damage|p2a: Walking Wake|75/100
|-damage|p2a: Walking Wake|48/100
|-damage|p2a: Walking Wake|24/100
|-damage|p2a: Walking Wake|0 fnt
|faint|p2a: Walking Wake
|-end|p2a: Walking Wake|Protosynthesis|[silent]
|-hitcount|p2: Walking Wake|4
|
|-weather|SunnyDay|[upkeep]
|upkeep
|
|t:|1781331052
|switch|p2a: Ceruledge|Ceruledge, F|100/100
|turn|14
|
|t:|1781331058
|move|p1a: Cloyster|Rock Blast|p2a: Ceruledge|[miss]
|-miss|p1a: Cloyster|p2a: Ceruledge
|move|p2a: Ceruledge|Poltergeist|p1a: Cloyster
|-activate|p1a: Cloyster|move: Poltergeist|Focus Sash
|-damage|p1a: Cloyster|29/100
|
|-weather|SunnyDay|[upkeep]
|upkeep
|turn|15
|
|t:|1781331062
|move|p1a: Cloyster|Rock Blast|p2a: Ceruledge
|-supereffective|p2a: Ceruledge
|-damage|p2a: Ceruledge|56/100
|-ability|p2a: Ceruledge|Weak Armor|boost
|-unboost|p2a: Ceruledge|def|1
|-boost|p2a: Ceruledge|spe|2
|-supereffective|p2a: Ceruledge
|-damage|p2a: Ceruledge|0 fnt
|faint|p2a: Ceruledge
|-hitcount|p2: Ceruledge|2
|
|-weather|SunnyDay|[upkeep]
|upkeep
|
|t:|1781331066
|switch|p2a: Cresselia|Cresselia, F|100/100
|turn|16
|
|t:|1781331071
|move|p1a: Cloyster|Icicle Spear|p2a: Cresselia
|-damage|p2a: Cresselia|87/100
|-damage|p2a: Cresselia|73/100
|-damage|p2a: Cresselia|58/100
|-damage|p2a: Cresselia|43/100
|-damage|p2a: Cresselia|30/100
|-hitcount|p2a: Cresselia|5
|-enditem|p2a: Cresselia|Eject Button
|
|t:|1781331075
|switch|p2a: Zarude|Zarude|100/100
|
|-weather|SunnyDay|[upkeep]
|upkeep
|turn|17
|
|t:|1781331079
|-terastallize|p2a: Zarude|Poison
|move|p1a: Cloyster|Icicle Spear|p2a: Zarude
|-damage|p2a: Zarude|78/100
|-damage|p2a: Zarude|58/100
|-damage|p2a: Zarude|39/100
|-damage|p2a: Zarude|19/100
|-damage|p2a: Zarude|0 fnt
|faint|p2a: Zarude
|-hitcount|p2: Zarude|5
|
|-weather|SunnyDay|[upkeep]
|upkeep
|
|t:|1781331082
|switch|p2a: Cresselia|Cresselia, F|30/100
|turn|18
|l| newhere1310
|c|☆LoseToRU?|gg
|inactive|LoseToRU? has 120 seconds left.
|inactive|LoseToRU? has 90 seconds left.
|
|t:|1781331146
|move|p1a: Cloyster|Icicle Spear|p2a: Cresselia
|-damage|p2a: Cresselia|15/100
|-damage|p2a: Cresselia|0 fnt
|faint|p2a: Cresselia
|-hitcount|p2: Cresselia|2
|
|win|LoseToRU?
|raw|LoseToRU?'s rating: 1692 &rarr; <strong>1712</strong><br />(+20 for winning)
|raw|rekjllj's rating: 1696 &rarr; <strong>1676</strong><br />(-20 for losing)
|c|☆rekjllj|gg
|l|☆rekjllj
|player|p2|
|l|☆LoseToRU?
|player|p1|
