|j|☆Yujiro-Jamon
|j|☆8daniel8
|t:|1781190282
|gametype|singles
|player|p1|Yujiro-Jamon|alder|1549
|player|p2|8daniel8|266|1559
|gen|9
|tier|[Gen 9] OU
|rated|
|rule|HP Percentage Mod: HP is shown in percentages
|rule|Endless Battle Clause: Forcing endless battles is banned
|rule|Species Clause: Limit one of each Pokémon
|rule|OHKO Clause: OHKO moves are banned
|rule|Evasion Items Clause: Evasion items are banned
|rule|Evasion Moves Clause: Evasion moves are banned
|rule|Evasion Abilities Clause: Evasion abilities are banned
|rule|Sleep Moves Clause: Sleep-inducing moves are banned
|clearpoke
|poke|p1|Deoxys-Speed|
|poke|p1|Clefable, F|
|poke|p1|Conkeldurr, M|
|poke|p1|Blaziken, F|
|poke|p1|Ting-Lu|
|poke|p1|Corviknight, F|
|poke|p2|Arcanine-Hisui, M|
|poke|p2|Corviknight, F|
|poke|p2|Clodsire, M|
|poke|p2|Sinistcha-Masterpiece|
|poke|p2|Samurott-Hisui, M|
|poke|p2|Dragonite, M|
|teampreview
|inactive|Battle timer is ON: inactive players will automatically lose when time's up. (requested by Yujiro-Jamon)
|
|t:|1781190294
|teamsize|p1|6
|teamsize|p2|6
|start
|switch|p1a: Conkeldurr|Conkeldurr, M|100/100
|switch|p2a: Samurott|Samurott-Hisui, M|100/100
|turn|1
|
|t:|1781190306
|move|p2a: Samurott|Ceaseless Edge|p1a: Conkeldurr
|-resisted|p1a: Conkeldurr
|-damage|p1a: Conkeldurr|82/100
|-sidestart|p1: Yujiro-Jamon|Spikes
|move|p1a: Conkeldurr|Drain Punch|p2a: Samurott
|-supereffective|p2a: Samurott
|-enditem|p2a: Samurott|Focus Sash
|-damage|p2a: Samurott|1/100
|-heal|p1a: Conkeldurr|100/100|[from] drain|[of] p2a: Samurott
|
|upkeep
|turn|2
|
|t:|1781190316
|move|p1a: Conkeldurr|Mach Punch|p2a: Samurott
|-supereffective|p2a: Samurott
|-damage|p2a: Samurott|0 fnt
|faint|p2a: Samurott
|
|upkeep
|c|☆Yujiro-Jamon|1 menos
|c|☆Yujiro-Jamon|ese no jode más
|
|t:|1781190336
|switch|p2a: Corviknight|Corviknight, F|100/100
|turn|3
|
|t:|1781190356
|switch|p1a: Corviknight|Corviknight, F|100/100
|move|p2a: Corviknight|Body Press|p1a: Corviknight
|-damage|p1a: Corviknight|84/100
|-damage|p2a: Corviknight|84/100|[from] item: Rocky Helmet|[of] p1a: Corviknight
|
|upkeep
|turn|4
|
|t:|1781190365
|switch|p2a: Arcanine|Arcanine-Hisui, M|100/100
|move|p1a: Corviknight|Taunt|p2a: Arcanine
|-start|p2a: Arcanine|move: Taunt
|
|upkeep
|turn|5
|
|t:|1781190372
|switch|p1a: Ting-Lu|Ting-Lu|100/100
|-damage|p1a: Ting-Lu|88/100|[from] Spikes
|-ability|p1a: Ting-Lu|Vessel of Ruin
|-terastallize|p2a: Arcanine|Fire
|move|p2a: Arcanine|Flare Blitz|p1a: Ting-Lu
|-damage|p1a: Ting-Lu|29/100
|
|-heal|p1a: Ting-Lu|35/100|[from] item: Leftovers
|upkeep
|turn|6
|
|t:|1781190389
|move|p2a: Arcanine|Flare Blitz|p1a: Ting-Lu
|-damage|p1a: Ting-Lu|0 fnt
|faint|p1a: Ting-Lu
|
|-end|p2a: Arcanine|move: Taunt
|upkeep
|
|t:|1781190393
|switch|p1a: Blaziken|Blaziken, F|100/100
|-damage|p1a: Blaziken|88/100|[from] Spikes
|turn|7
|
|t:|1781190399
|move|p2a: Arcanine|Flare Blitz|p1a: Blaziken
|-resisted|p1a: Blaziken
|-damage|p1a: Blaziken|5/100
|move|p1a: Blaziken|Swords Dance|p1a: Blaziken
|-boost|p1a: Blaziken|atk|2
|
|-heal|p1a: Blaziken|11/100|[from] item: Leftovers
|-ability|p1a: Blaziken|Speed Boost|boost
|-boost|p1a: Blaziken|spe|1
|upkeep
|turn|8
|
|t:|1781190409
|switch|p2a: Corviknight|Corviknight, F|84/100
|move|p1a: Blaziken|Protect||[still]
|-fail|p1a: Blaziken
|
|-heal|p1a: Blaziken|17/100|[from] item: Leftovers
|-ability|p1a: Blaziken|Speed Boost|boost
|-boost|p1a: Blaziken|spe|1
|upkeep
|turn|9
|
|t:|1781190418
|move|p1a: Blaziken|Flare Blitz|p2a: Corviknight
|-supereffective|p2a: Corviknight
|-damage|p2a: Corviknight|0 fnt
|-damage|p1a: Blaziken|0 fnt|[from] item: Rocky Helmet|[of] p2a: Corviknight
|faint|p2a: Corviknight
|faint|p1a: Blaziken
|
|upkeep
|
|t:|1781190431
|switch|p1a: Conkeldurr|Conkeldurr, M|100/100
|switch|p2a: Arcanine|Arcanine-Hisui, M, tera:Fire|100/100
|-damage|p1a: Conkeldurr|88/100|[from] Spikes
|turn|10
|
|t:|1781190445
|move|p2a: Arcanine|Flare Blitz|p1a: Conkeldurr
|-damage|p1a: Conkeldurr|0 fnt
|faint|p1a: Conkeldurr
|
|upkeep
|
|t:|1781190472
|switch|p1a: Clefable|Clefable, F|100/100
|-damage|p1a: Clefable|88/100|[from] Spikes
|turn|11
|
|t:|1781190478
|-terastallize|p1a: Clefable|Water
|move|p2a: Arcanine|Flare Blitz|p1a: Clefable
|-resisted|p1a: Clefable
|-damage|p1a: Clefable|22/100
|move|p1a: Clefable|Wish|p1a: Clefable
|
|-heal|p1a: Clefable|28/100|[from] item: Leftovers
|upkeep
|turn|12
|
|t:|1781190487
|move|p1a: Clefable|Protect|p1a: Clefable
|-singleturn|p1a: Clefable|Protect
|move|p2a: Arcanine|Flare Blitz|p1a: Clefable
|-activate|p1a: Clefable|move: Protect
|
|-heal|p1a: Clefable|78/100|[from] move: Wish|[wisher] Clefable
|-heal|p1a: Clefable|84/100|[from] item: Leftovers
|upkeep
|turn|13
|
|t:|1781190499
|switch|p2a: Sinistcha|Sinistcha-Masterpiece|100/100
|move|p1a: Clefable|Cosmic Power|p1a: Clefable
|-boost|p1a: Clefable|def|1
|-boost|p1a: Clefable|spd|1
|
|-heal|p1a: Clefable|90/100|[from] item: Leftovers
|upkeep
|turn|14
|
|t:|1781190508
|move|p2a: Sinistcha|Matcha Gotcha|p1a: Clefable
|-supereffective|p1a: Clefable
|-damage|p1a: Clefable|58/100
|move|p1a: Clefable|Cosmic Power|p1a: Clefable
|-boost|p1a: Clefable|def|1
|-boost|p1a: Clefable|spd|1
|
|-heal|p1a: Clefable|64/100|[from] item: Leftovers
|upkeep
|turn|15
|
|t:|1781190519
|switch|p2a: Arcanine|Arcanine-Hisui, M, tera:Fire|100/100
|move|p1a: Clefable|Cosmic Power|p1a: Clefable
|-boost|p1a: Clefable|def|1
|-boost|p1a: Clefable|spd|1
|
|-heal|p1a: Clefable|70/100|[from] item: Leftovers
|upkeep
|turn|16
|
|t:|1781190529
|move|p1a: Clefable|Protect|p1a: Clefable
|-singleturn|p1a: Clefable|Protect
|move|p2a: Arcanine|Head Smash|p1a: Clefable
|-activate|p1a: Clefable|move: Protect
|
|-heal|p1a: Clefable|76/100|[from] item: Leftovers
|upkeep
|turn|17
|
|t:|1781190538
|move|p2a: Arcanine|Head Smash|p1a: Clefable|[miss]
|-miss|p2a: Arcanine|p1a: Clefable
|move|p1a: Clefable|Wish|p1a: Clefable
|
|-heal|p1a: Clefable|82/100|[from] item: Leftovers
|upkeep
|turn|18
|j| kanaete onegai
|
|t:|1781190545
|switch|p2a: Clodsire|Clodsire, M|100/100
|move|p1a: Clefable|Cosmic Power|p1a: Clefable
|-boost|p1a: Clefable|def|1
|-boost|p1a: Clefable|spd|1
|
|-heal|p1a: Clefable|100/100|[from] move: Wish|[wisher] Clefable
|upkeep
|turn|19
|
|t:|1781190554
|switch|p1a: Corviknight|Corviknight, F|84/100
|move|p2a: Clodsire|Poison Jab|p1a: Corviknight
|-immune|p1a: Corviknight
|
|upkeep
|turn|20
|
|t:|1781190561
|switch|p1a: Deoxys|Deoxys-Speed|100/100
|-damage|p1a: Deoxys|88/100|[from] Spikes
|-ability|p1a: Deoxys|Pressure
|switch|p2a: Arcanine|Arcanine-Hisui, M, tera:Fire|100/100
|
|-heal|p1a: Deoxys|94/100|[from] item: Leftovers
|upkeep
|turn|21
|
|t:|1781190571
|move|p1a: Deoxys|Psychic|p2a: Arcanine
|-damage|p2a: Arcanine|46/100
|move|p2a: Arcanine|Flare Blitz|p1a: Deoxys
|-damage|p1a: Deoxys|0 fnt
|faint|p1a: Deoxys
|
|upkeep
|
|t:|1781190586
|switch|p1a: Clefable|Clefable, F, tera:Water|100/100
|-damage|p1a: Clefable|88/100|[from] Spikes
|turn|22
|-message|Yujiro-Jamon forfeited.
|
|win|8daniel8
|raw|Yujiro-Jamon's rating: 1549 &rarr; <strong>1530</strong><br />(-19 for losing)
|raw|8daniel8's rating: 1559 &rarr; <strong>1578</strong><br />(+19 for winning)
|l|☆Yujiro-Jamon
|player|p1|
|l|☆8daniel8
|player|p2|
