|j|☆lvl1ralts
|j|☆la5495
|t:|1781067028
|gametype|singles
|player|p1|lvl1ralts|101|1598
|player|p2|la5495|bugcatcher-gen4dp|1640
|gen|9
|tier|[Gen 9] OU
|rated|
|rule|HP Percentage Mod: HP is shown in percentages
|rule|Endless Battle Clause: Forcing endless battles is banned
|rule|Species Clause: Limit one of each Pokémon
|rule|OHKO Clause: OHKO moves are banned
|rule|Evasion Items Clause: Evasion items are banned
|rule|Evasion Moves Clause: Evasion moves are banned
|rule|Evasion Abilities Clause: Evasion abilities are banned
|rule|Sleep Moves Clause: Sleep-inducing moves are banned
|clearpoke
|poke|p1|Hoopa-Unbound|
|poke|p1|Pecharunt|
|poke|p1|Landorus-Therian, M|
|poke|p1|Cinderace, M|
|poke|p1|Alomomola, M|
|poke|p1|Iron Valiant|
|poke|p2|Ogerpon-Wellspring, F|
|poke|p2|Pecharunt|
|poke|p2|Great Tusk|
|poke|p2|Iron Crown|
|poke|p2|Landorus-Therian, M|
|poke|p2|Samurott-Hisui, M|
|teampreview
|inactive|Battle timer is ON: inactive players will automatically lose when time's up. (requested by la5495)
|inactive|lvl1ralts also wants the timer to be on.
|
|t:|1781067044
|teamsize|p1|6
|teamsize|p2|6
|start
|switch|p1a: Cinderace|Cinderace, M, shiny|100/100
|switch|p2a: Samurott|Samurott-Hisui, M|100/100
|turn|1
|
|t:|1781067048
|move|p1a: Cinderace|U-turn|p2a: Samurott
|-start|p1a: Cinderace|typechange|Bug|[from] ability: Libero
|-supereffective|p2a: Samurott
|-damage|p2a: Samurott|9/100
|
|t:|1781067055
|switch|p1a: Landorus|Landorus-Therian, M, shiny|100/100|[from] U-turn
|-ability|p1a: Landorus|Intimidate|boost
|-unboost|p2a: Samurott|atk|1
|move|p2a: Samurott|Flip Turn|p1a: Landorus
|-supereffective|p1a: Landorus
|-damage|p1a: Landorus|57/100
|
|t:|1781067062
|switch|p2a: Landorus|Landorus-Therian, M|100/100|[from] Flip Turn
|-ability|p2a: Landorus|Intimidate|boost
|-unboost|p1a: Landorus|atk|1
|
|upkeep
|turn|2
|
|t:|1781067067
|switch|p1a: Alomomola|Alomomola, M, shiny|100/100
|move|p2a: Landorus|Stealth Rock|p1a: Alomomola
|-sidestart|p1: lvl1ralts|move: Stealth Rock
|
|upkeep
|turn|3
|
|t:|1781067072
|switch|p2a: Ogerpon|Ogerpon-Wellspring, F|100/100
|move|p1a: Alomomola|Flip Turn|p2a: Ogerpon
|-immune|p2a: Ogerpon|[from] ability: Water Absorb
|
|upkeep
|turn|4
|
|t:|1781067080
|switch|p1a: Pecharunt|Pecharunt|100/100
|move|p2a: Ogerpon|Ivy Cudgel|p1a: Pecharunt|[anim] Ivy Cudgel Water
|-damage|p1a: Pecharunt|74/100
|
|upkeep
|turn|5
|
|t:|1781067086
|switch|p2a: Iron Crown|Iron Crown|100/100
|move|p1a: Pecharunt|Parting Shot|p2a: Iron Crown
|-unboost|p2a: Iron Crown|atk|1
|-unboost|p2a: Iron Crown|spa|1
|
|t:|1781067092
|switch|p1a: Cinderace|Cinderace, M, shiny|100/100|[from] Parting Shot
|
|upkeep
|turn|6
|
|t:|1781067100
|-end|p2a: Iron Crown|Quark Drive|[silent]
|switch|p2a: Pecharunt|Pecharunt|100/100
|move|p1a: Cinderace|Court Change|p1a: Cinderace
|-start|p1a: Cinderace|typechange|Normal|[from] ability: Libero
|-swapsideconditions
|-activate|p1a: Cinderace|move: Court Change
|
|upkeep
|turn|7
|
|t:|1781067118
|move|p1a: Cinderace|U-turn|p2a: Pecharunt
|-resisted|p2a: Pecharunt
|-damage|p2a: Pecharunt|98/100
|-damage|p1a: Cinderace|84/100|[from] item: Rocky Helmet|[of] p2a: Pecharunt
|
|t:|1781067125
|switch|p1a: Alomomola|Alomomola, M, shiny|100/100|[from] U-turn
|move|p2a: Pecharunt|Parting Shot|p1a: Alomomola
|-unboost|p1a: Alomomola|atk|1
|-unboost|p1a: Alomomola|spa|1
|
|t:|1781067131
|switch|p2a: Great Tusk|Great Tusk|100/100|[from] Parting Shot
|-damage|p2a: Great Tusk|98/100|[from] Stealth Rock
|-enditem|p2a: Great Tusk|Booster Energy
|-activate|p2a: Great Tusk|ability: Protosynthesis|[fromitem]
|-start|p2a: Great Tusk|protosynthesisspe
|
|upkeep
|turn|8
|
|t:|1781067139
|move|p2a: Great Tusk|Knock Off|p1a: Alomomola
|-damage|p1a: Alomomola|81/100
|-enditem|p1a: Alomomola|Assault Vest|[from] move: Knock Off|[of] p2a: Great Tusk
|move|p1a: Alomomola|Flip Turn|p2a: Great Tusk
|-supereffective|p2a: Great Tusk
|-crit|p2a: Great Tusk
|-damage|p2a: Great Tusk|65/100
|
|t:|1781067154
|switch|p1a: Landorus|Landorus-Therian, M, shiny|57/100|[from] Flip Turn
|-ability|p1a: Landorus|Intimidate|boost
|-unboost|p2a: Great Tusk|atk|1
|
|upkeep
|turn|9
|
|t:|1781067157
|move|p1a: Landorus|Grass Knot|p2a: Great Tusk
|-supereffective|p2a: Great Tusk
|-crit|p2a: Great Tusk
|-damage|p2a: Great Tusk|0 fnt
|faint|p2a: Great Tusk
|-end|p2a: Great Tusk|Protosynthesis|[silent]
|
|upkeep
|
|t:|1781067169
|switch|p2a: Ogerpon|Ogerpon-Wellspring, F|100/100
|-damage|p2a: Ogerpon|88/100|[from] Stealth Rock
|turn|10
|
|t:|1781067172
|switch|p1a: Pecharunt|Pecharunt|74/100
|move|p2a: Ogerpon|Swords Dance|p2a: Ogerpon
|-boost|p2a: Ogerpon|atk|2
|
|upkeep
|turn|11
|
|t:|1781067175
|-terastallize|p2a: Ogerpon|Water
|detailschange|p2a: Ogerpon|Ogerpon-Wellspring-Tera, F, tera:Water
|-ability|p2a: Ogerpon|Embody Aspect (Wellspring)|boost
|-boost|p2a: Ogerpon|spd|1
|move|p2a: Ogerpon|Ivy Cudgel|p1a: Pecharunt|[anim] Ivy Cudgel Water
|-damage|p1a: Pecharunt|12/100
|move|p1a: Pecharunt|Malignant Chain|p2a: Ogerpon
|-damage|p2a: Ogerpon|68/100
|
|upkeep
|turn|12
|
|t:|1781067194
|move|p2a: Ogerpon|Trailblaze|p1a: Pecharunt
|-resisted|p1a: Pecharunt
|-damage|p1a: Pecharunt|0 fnt
|-boost|p2a: Ogerpon|spe|1
|faint|p1a: Pecharunt
|
|upkeep
|
|t:|1781067207
|switch|p1a: Cinderace|Cinderace, M, shiny|84/100
|turn|13
|
|t:|1781067210
|move|p1a: Cinderace|Sucker Punch|p2a: Ogerpon
|-start|p1a: Cinderace|typechange|Dark|[from] ability: Libero
|-crit|p2a: Ogerpon
|-damage|p2a: Ogerpon|23/100
|move|p2a: Ogerpon|Ivy Cudgel|p1a: Cinderace|[anim] Ivy Cudgel Water
|-damage|p1a: Cinderace|0 fnt
|faint|p1a: Cinderace
|
|upkeep
|
|t:|1781067223
|switch|p1a: Landorus|Landorus-Therian, M, shiny|57/100
|-ability|p1a: Landorus|Intimidate|boost
|-unboost|p2a: Ogerpon|atk|1
|turn|14
|
|t:|1781067227
|switch|p2a: Samurott|Samurott-Hisui, M|9/100
|-damage|p2a: Samurott|0 fnt|[from] Stealth Rock
|faint|p2a: Samurott
|move|p1a: Landorus|U-turn|p2: Samurott|[notarget]
|-fail|p1a: Landorus
|
|upkeep
|
|t:|1781067239
|switch|p2a: Landorus|Landorus-Therian, M|100/100
|-damage|p2a: Landorus|88/100|[from] Stealth Rock
|-ability|p2a: Landorus|Intimidate|boost
|-unboost|p1a: Landorus|atk|1
|turn|15
|
|t:|1781067247
|switch|p1a: Hoopa|Hoopa-Unbound|100/100
|move|p2a: Landorus|U-turn|p1a: Hoopa
|-supereffective|p1a: Hoopa
|-damage|p1a: Hoopa|0 fnt
|faint|p1a: Hoopa
|
|t:|1781067259
|switch|p2a: Pecharunt|Pecharunt|98/100|[from] U-turn
|-damage|p2a: Pecharunt|85/100|[from] Stealth Rock
|
|upkeep
|
|t:|1781067267
|switch|p1a: Iron Valiant|Iron Valiant, shiny|100/100
|turn|16
|
|t:|1781067283
|switch|p2a: Ogerpon|Ogerpon-Wellspring-Tera, F, tera:Water|23/100
|-damage|p2a: Ogerpon|10/100|[from] Stealth Rock
|-ability|p2a: Ogerpon|Embody Aspect (Wellspring)|boost
|-boost|p2a: Ogerpon|spd|1
|move|p1a: Iron Valiant|Shadow Ball|p2a: Ogerpon
|-damage|p2a: Ogerpon|0 fnt
|faint|p2a: Ogerpon
|detailschange|p2: Ogerpon|Ogerpon-Wellspring, F|[silent]
|
|upkeep
|inactive|la5495 has 120 seconds left.
|
|t:|1781067307
|switch|p2a: Landorus|Landorus-Therian, M|88/100
|-damage|p2a: Landorus|76/100|[from] Stealth Rock
|-ability|p2a: Landorus|Intimidate|boost
|-unboost|p1a: Iron Valiant|atk|1
|turn|17
|
|t:|1781067312
|-end|p1a: Iron Valiant|Quark Drive|[silent]
|switch|p1a: Alomomola|Alomomola, M, shiny|100/100
|move|p2a: Landorus|Earthquake|p1a: Alomomola
|-damage|p1a: Alomomola|60/100
|
|upkeep
|turn|18
|
|t:|1781067318
|switch|p2a: Pecharunt|Pecharunt|85/100
|-damage|p2a: Pecharunt|73/100|[from] Stealth Rock
|switch|p1a: Landorus|Landorus-Therian, M, shiny|57/100
|-ability|p1a: Landorus|Intimidate|boost
|-unboost|p2a: Pecharunt|atk|1
|
|upkeep
|turn|19
|j| AbrarS
|
|t:|1781067329
|-terastallize|p1a: Landorus|Ground
|move|p1a: Landorus|Earthquake|p2a: Pecharunt
|-supereffective|p2a: Pecharunt
|-damage|p2a: Pecharunt|7/100
|move|p2a: Pecharunt|Malignant Chain|p1a: Landorus
|-resisted|p1a: Landorus
|-damage|p1a: Landorus|35/100
|
|upkeep
|turn|20
|
|t:|1781067343
|move|p1a: Landorus|Earthquake|p2a: Pecharunt
|-supereffective|p2a: Pecharunt
|-damage|p2a: Pecharunt|0 fnt
|faint|p2a: Pecharunt
|
|upkeep
|
|t:|1781067347
|switch|p2a: Landorus|Landorus-Therian, M|76/100
|-damage|p2a: Landorus|64/100|[from] Stealth Rock
|-ability|p2a: Landorus|Intimidate|boost
|-unboost|p1a: Landorus|atk|1
|turn|21
|
|t:|1781067355
|switch|p1a: Alomomola|Alomomola, M, shiny|94/100
|move|p2a: Landorus|Stone Edge|p1a: Alomomola
|-damage|p1a: Alomomola|65/100
|
|upkeep
|turn|22
|
|t:|1781067367
|move|p2a: Landorus|Stone Edge|p1a: Alomomola|[miss]
|-miss|p2a: Landorus|p1a: Alomomola
|move|p1a: Alomomola|Flip Turn|p2a: Landorus
|-supereffective|p2a: Landorus
|-damage|p2a: Landorus|24/100
|
|t:|1781067373
|switch|p1a: Iron Valiant|Iron Valiant, shiny|100/100|[from] Flip Turn
|
|upkeep
|turn|23
|
|t:|1781067375
|-end|p1a: Iron Valiant|Quark Drive|[silent]
|switch|p1a: Alomomola|Alomomola, M, shiny|99/100
|move|p2a: Landorus|Stone Edge|p1a: Alomomola|[miss]
|-miss|p2a: Landorus|p1a: Alomomola
|
|upkeep
|turn|24
|
|t:|1781067379
|switch|p2a: Iron Crown|Iron Crown|100/100
|-damage|p2a: Iron Crown|94/100|[from] Stealth Rock
|move|p1a: Alomomola|Flip Turn|p2a: Iron Crown
|-damage|p2a: Iron Crown|76/100
|
|t:|1781067386
|switch|p1a: Landorus|Landorus-Therian, M, shiny, tera:Ground|35/100|[from] Flip Turn
|-ability|p1a: Landorus|Intimidate|boost
|-unboost|p2a: Iron Crown|atk|1
|
|upkeep
|turn|25
|
|t:|1781067390
|-end|p2a: Iron Crown|Quark Drive|[silent]
|switch|p2a: Landorus|Landorus-Therian, M|24/100
|-damage|p2a: Landorus|12/100|[from] Stealth Rock
|-ability|p2a: Landorus|Intimidate|boost
|-unboost|p1a: Landorus|atk|1
|move|p1a: Landorus|Earthquake|p2a: Landorus
|-immune|p2a: Landorus
|
|upkeep
|turn|26
|
|t:|1781067397
|switch|p1a: Alomomola|Alomomola, M, shiny|100/100
|move|p2a: Landorus|Earthquake|p1a: Alomomola
|-damage|p1a: Alomomola|60/100
|
|upkeep
|turn|27
|
|t:|1781067400
|move|p2a: Landorus|Earthquake|p1a: Alomomola
|-damage|p1a: Alomomola|20/100
|move|p1a: Alomomola|Flip Turn|p2a: Landorus
|-supereffective|p2a: Landorus
|-damage|p2a: Landorus|0 fnt
|faint|p2a: Landorus
|
|t:|1781067404
|switch|p1a: Landorus|Landorus-Therian, M, shiny, tera:Ground|35/100|[from] Flip Turn
|
|upkeep
|-message|la5495 forfeited.
|
|win|lvl1ralts
|raw|lvl1ralts's rating: 1598 &rarr; <strong>1620</strong><br />(+22 for winning)
|raw|la5495's rating: 1640 &rarr; <strong>1618</strong><br />(-22 for losing)
|l|☆la5495
|player|p2|
|l| AbrarS
|l|☆lvl1ralts
|player|p1|
