|j|☆epicgamer069420
|j|☆Noamm
|t:|1781371978
|gametype|singles
|player|p1|epicgamer069420|101|1741
|player|p2|Noamm|gambler|1789
|gen|9
|tier|[Gen 9] OU
|rated|
|rule|HP Percentage Mod: HP is shown in percentages
|rule|Endless Battle Clause: Forcing endless battles is banned
|rule|Species Clause: Limit one of each Pokémon
|rule|OHKO Clause: OHKO moves are banned
|rule|Evasion Items Clause: Evasion items are banned
|rule|Evasion Moves Clause: Evasion moves are banned
|rule|Evasion Abilities Clause: Evasion abilities are banned
|rule|Sleep Moves Clause: Sleep-inducing moves are banned
|clearpoke
|poke|p1|Ting-Lu|
|poke|p1|Dragapult, F|
|poke|p1|Iron Crown|
|poke|p1|Great Tusk|
|poke|p1|Iron Valiant|
|poke|p1|Ogerpon-Wellspring, F|
|poke|p2|Lokix, M|
|poke|p2|Gholdengo|
|poke|p2|Slowking-Galar, M|
|poke|p2|Great Tusk|
|poke|p2|Zamazenta-*|
|poke|p2|Hydreigon, M|
|teampreview
|inactive|Battle timer is ON: inactive players will automatically lose when time's up. (requested by Noamm)
|inactive|epicgamer069420 also wants the timer to be on.
|
|t:|1781371997
|teamsize|p1|6
|teamsize|p2|6
|start
|switch|p1a: Ogerpon|Ogerpon-Wellspring, F|100/100
|switch|p2a: Lokix|Lokix, M|100/100
|turn|1
|
|t:|1781372000
|switch|p1a: Great Tusk|Great Tusk|100/100
|move|p2a: Lokix|First Impression|p1a: Great Tusk
|-resisted|p1a: Great Tusk
|-damage|p1a: Great Tusk|64/100
|-damage|p2a: Lokix|84/100|[from] item: Rocky Helmet|[of] p1a: Great Tusk
|
|upkeep
|turn|2
|
|t:|1781372004
|switch|p2a: Great Tusk|Great Tusk|100/100
|move|p1a: Great Tusk|Knock Off|p2a: Great Tusk
|-resisted|p2a: Great Tusk
|-damage|p2a: Great Tusk|90/100
|-enditem|p2a: Great Tusk|Heavy-Duty Boots|[from] move: Knock Off|[of] p1a: Great Tusk
|
|upkeep
|turn|3
|
|t:|1781372011
|-end|p1a: Great Tusk|Protosynthesis|[silent]
|switch|p1a: Ogerpon|Ogerpon-Wellspring, F|100/100
|move|p2a: Great Tusk|Headlong Rush|p1a: Ogerpon
|-resisted|p1a: Ogerpon
|-damage|p1a: Ogerpon|59/100
|-unboost|p2a: Great Tusk|def|1
|-unboost|p2a: Great Tusk|spd|1
|
|upkeep
|turn|4
|
|t:|1781372016
|-end|p2a: Great Tusk|Protosynthesis|[silent]
|switch|p2a: Zamazenta|Zamazenta|100/100
|-ability|p2a: Zamazenta|Dauntless Shield|boost
|-boost|p2a: Zamazenta|def|1
|move|p1a: Ogerpon|Spikes|p2a: Zamazenta
|-sidestart|p2: Noamm|Spikes
|
|upkeep
|turn|5
|
|t:|1781372029
|switch|p1a: Great Tusk|Great Tusk|64/100
|move|p2a: Zamazenta|Crunch|p1a: Great Tusk
|-resisted|p1a: Great Tusk
|-damage|p1a: Great Tusk|58/100
|-damage|p2a: Zamazenta|84/100|[from] item: Rocky Helmet|[of] p1a: Great Tusk
|
|-heal|p2a: Zamazenta|90/100|[from] item: Leftovers
|upkeep
|turn|6
|
|t:|1781372034
|move|p2a: Zamazenta|Body Press|p1a: Great Tusk
|-damage|p1a: Great Tusk|28/100
|-damage|p2a: Zamazenta|74/100|[from] item: Rocky Helmet|[of] p1a: Great Tusk
|move|p1a: Great Tusk|Roar|p2a: Zamazenta
|drag|p2a: Gholdengo|Gholdengo|100/100
|-damage|p2a: Gholdengo|88/100|[from] Spikes
|
|upkeep
|turn|7
|
|t:|1781372040
|-end|p1a: Great Tusk|Protosynthesis|[silent]
|switch|p1a: Ting-Lu|Ting-Lu|100/100
|-ability|p1a: Ting-Lu|Vessel of Ruin
|move|p2a: Gholdengo|Make It Rain|p1a: Ting-Lu
|-damage|p1a: Ting-Lu|68/100
|-unboost|p2a: Gholdengo|spa|1
|
|-heal|p1a: Ting-Lu|74/100|[from] item: Leftovers
|upkeep
|turn|8
|
|t:|1781372046
|switch|p2a: Lokix|Lokix, M|84/100
|-damage|p2a: Lokix|72/100|[from] Spikes
|move|p1a: Ting-Lu|Stealth Rock|p2a: Lokix
|-sidestart|p2: Noamm|move: Stealth Rock
|
|-heal|p1a: Ting-Lu|80/100|[from] item: Leftovers
|upkeep
|turn|9
|
|t:|1781372050
|switch|p1a: Great Tusk|Great Tusk|28/100
|move|p2a: Lokix|U-turn|p1a: Great Tusk
|-resisted|p1a: Great Tusk
|-damage|p1a: Great Tusk|2/100
|-damage|p2a: Lokix|55/100|[from] item: Rocky Helmet|[of] p1a: Great Tusk
|
|t:|1781372052
|switch|p2a: Great Tusk|Great Tusk|90/100|[from] U-turn
|-damage|p2a: Great Tusk|77/100|[from] Spikes
|-damage|p2a: Great Tusk|74/100|[from] Stealth Rock
|
|upkeep
|turn|10
|
|t:|1781372062
|-end|p1a: Great Tusk|Protosynthesis|[silent]
|switch|p1a: Dragapult|Dragapult, F|100/100
|move|p2a: Great Tusk|Headlong Rush|p1a: Dragapult
|-crit|p1a: Dragapult
|-damage|p1a: Dragapult|0 fnt
|-unboost|p2a: Great Tusk|def|1
|-unboost|p2a: Great Tusk|spd|1
|faint|p1a: Dragapult
|
|upkeep
|
|t:|1781372066
|switch|p1a: Iron Valiant|Iron Valiant|100/100
|turn|11
|j| DA COME UP
|
|t:|1781372069
|-end|p2a: Great Tusk|Protosynthesis|[silent]
|switch|p2a: Slowking|Slowking-Galar, M|100/100
|-damage|p2a: Slowking|88/100|[from] Spikes
|-damage|p2a: Slowking|76/100|[from] Stealth Rock
|move|p1a: Iron Valiant|Shadow Ball|p2a: Slowking
|-supereffective|p2a: Slowking
|-damage|p2a: Slowking|39/100
|
|upkeep
|turn|12
|
|t:|1781372078
|move|p1a: Iron Valiant|Shadow Ball|p2a: Slowking
|-supereffective|p2a: Slowking
|-damage|p2a: Slowking|1/100
|-unboost|p2a: Slowking|spd|1
|move|p2a: Slowking|Sludge Bomb|p1a: Iron Valiant
|-supereffective|p1a: Iron Valiant
|-damage|p1a: Iron Valiant|0 fnt
|faint|p1a: Iron Valiant
|-end|p1a: Iron Valiant|Quark Drive|[silent]
|
|upkeep
|
|t:|1781372082
|switch|p1a: Ogerpon|Ogerpon-Wellspring, F|59/100
|turn|13
|
|t:|1781372089
|move|p1a: Ogerpon|Ivy Cudgel|p2a: Slowking|[anim] Ivy Cudgel Water
|-damage|p2a: Slowking|0 fnt
|faint|p2a: Slowking
|
|upkeep
|
|t:|1781372104
|switch|p2a: Lokix|Lokix, M|55/100
|-damage|p2a: Lokix|43/100|[from] Spikes
|-damage|p2a: Lokix|18/100|[from] Stealth Rock
|turn|14
|
|t:|1781372108
|switch|p1a: Great Tusk|Great Tusk|2/100
|move|p2a: Lokix|U-turn|p1a: Great Tusk
|-resisted|p1a: Great Tusk
|-damage|p1a: Great Tusk|0 fnt
|-damage|p2a: Lokix|1/100|[from] item: Rocky Helmet|[of] p1a: Great Tusk
|faint|p1a: Great Tusk
|-end|p1a: Great Tusk|Protosynthesis|[silent]
|
|t:|1781372112
|switch|p2a: Hydreigon|Hydreigon, M|100/100|[from] U-turn
|-damage|p2a: Hydreigon|88/100|[from] Stealth Rock
|
|upkeep
|
|t:|1781372122
|switch|p1a: Iron Crown|Iron Crown|100/100
|turn|15
|
|t:|1781372125
|-end|p1a: Iron Crown|Quark Drive|[silent]
|switch|p1a: Ting-Lu|Ting-Lu|80/100
|-ability|p1a: Ting-Lu|Vessel of Ruin
|move|p2a: Hydreigon|Dark Pulse|p1a: Ting-Lu
|-resisted|p1a: Ting-Lu
|-damage|p1a: Ting-Lu|68/100
|
|-heal|p1a: Ting-Lu|75/100|[from] item: Leftovers
|upkeep
|turn|16
|
|t:|1781372131
|switch|p2a: Great Tusk|Great Tusk|74/100
|-damage|p2a: Great Tusk|62/100|[from] Spikes
|-damage|p2a: Great Tusk|59/100|[from] Stealth Rock
|move|p1a: Ting-Lu|Whirlwind|p2a: Great Tusk
|-end|p2a: Great Tusk|Protosynthesis|[silent]
|drag|p2a: Zamazenta|Zamazenta|74/100
|-damage|p2a: Zamazenta|61/100|[from] Spikes
|-damage|p2a: Zamazenta|55/100|[from] Stealth Rock
|
|-heal|p2a: Zamazenta|61/100|[from] item: Leftovers
|-heal|p1a: Ting-Lu|81/100|[from] item: Leftovers
|upkeep
|turn|17
|
|t:|1781372148
|-terastallize|p1a: Ting-Lu|Water
|move|p2a: Zamazenta|Body Press|p1a: Ting-Lu
|-damage|p1a: Ting-Lu|58/100
|move|p1a: Ting-Lu|Ruination|p2a: Zamazenta|[miss]
|-miss|p1a: Ting-Lu|p2a: Zamazenta
|
|-heal|p2a: Zamazenta|67/100|[from] item: Leftovers
|-heal|p1a: Ting-Lu|64/100|[from] item: Leftovers
|upkeep
|turn|18
|
|t:|1781372170
|move|p2a: Zamazenta|Iron Defense|p2a: Zamazenta
|-boost|p2a: Zamazenta|def|2
|move|p1a: Ting-Lu|Ruination|p2a: Zamazenta
|-damage|p2a: Zamazenta|34/100
|
|-heal|p2a: Zamazenta|40/100|[from] item: Leftovers
|-heal|p1a: Ting-Lu|71/100|[from] item: Leftovers
|upkeep
|turn|19
|
|t:|1781372176
|move|p2a: Zamazenta|Body Press|p1a: Ting-Lu
|-damage|p1a: Ting-Lu|25/100
|move|p1a: Ting-Lu|Whirlwind|p2a: Zamazenta
|drag|p2a: Hydreigon|Hydreigon, M|88/100
|-damage|p2a: Hydreigon|76/100|[from] Stealth Rock
|
|-heal|p1a: Ting-Lu|31/100|[from] item: Leftovers
|upkeep
|turn|20
|
|t:|1781372182
|switch|p1a: Ogerpon|Ogerpon-Wellspring, F|59/100
|move|p2a: Hydreigon|Dark Pulse|p1a: Ogerpon
|-damage|p1a: Ogerpon|0 fnt
|faint|p1a: Ogerpon
|
|upkeep
|-message|epicgamer069420 forfeited.
|
|win|Noamm
|raw|epicgamer069420's rating: 1741 &rarr; <strong>1724</strong><br />(-17 for losing)
|raw|Noamm's rating: 1789 &rarr; <strong>1806</strong><br />(+17 for winning)
|l|☆epicgamer069420
|player|p1|
|l|☆Noamm
|player|p2|
