|j|☆stone xo
|j|☆prolly tupid
|t:|1781370417
|gametype|singles
|player|p1|stone xo|265|1520
|player|p2|prolly tupid|169|1527
|gen|9
|tier|[Gen 9] OU
|rated|
|rule|HP Percentage Mod: HP is shown in percentages
|rule|Endless Battle Clause: Forcing endless battles is banned
|rule|Species Clause: Limit one of each Pokémon
|rule|OHKO Clause: OHKO moves are banned
|rule|Evasion Items Clause: Evasion items are banned
|rule|Evasion Moves Clause: Evasion moves are banned
|rule|Evasion Abilities Clause: Evasion abilities are banned
|rule|Sleep Moves Clause: Sleep-inducing moves are banned
|clearpoke
|poke|p1|Torkoal, F|
|poke|p1|Walking Wake|
|poke|p1|Hatterene, F|
|poke|p1|Landorus-Therian, M|
|poke|p1|Iron Moth|
|poke|p1|Raging Bolt|
|poke|p2|Drifblim, M|
|poke|p2|Raging Bolt|
|poke|p2|Hatterene, F|
|poke|p2|Iron Treads|
|poke|p2|Samurott-Hisui, F|
|poke|p2|Kingambit, M|
|teampreview
|inactive|Battle timer is ON: inactive players will automatically lose when time's up. (requested by prolly tupid)
|
|t:|1781370437
|teamsize|p1|6
|teamsize|p2|6
|start
|switch|p1a: Spencer Torkbomb|Torkoal, F, shiny|100/100
|switch|p2a: Wanna be charizard|Raging Bolt|100/100
|-weather|SunnyDay|[from] ability: Drought|[of] p1a: Spencer Torkbomb
|-activate|p2a: Wanna be charizard|ability: Protosynthesis
|-start|p2a: Wanna be charizard|protosynthesisspa
|turn|1
|
|t:|1781370447
|switch|p1a: Josh Hatter|Hatterene, F|100/100
|move|p2a: Wanna be charizard|Draco Meteor|p1a: Josh Hatter
|-immune|p1a: Josh Hatter
|
|-weather|SunnyDay|[upkeep]
|upkeep
|turn|2
|
|t:|1781370452
|-end|p2a: Wanna be charizard|Protosynthesis|[silent]
|switch|p2a: Sonic bomb|Iron Treads|100/100
|move|p1a: Josh Hatter|Draining Kiss|p2a: Sonic bomb
|-resisted|p2a: Sonic bomb
|-damage|p2a: Sonic bomb|94/100
|
|-weather|SunnyDay|[upkeep]
|upkeep
|turn|3
|
|t:|1781370464
|switch|p1a: Francisco Landor|Landorus-Therian, M|100/100
|-ability|p1a: Francisco Landor|Intimidate|boost
|-unboost|p2a: Sonic bomb|atk|1
|move|p2a: Sonic bomb|Knock Off|p1a: Francisco Landor
|-damage|p1a: Francisco Landor|81/100
|-enditem|p1a: Francisco Landor|Leftovers|[from] move: Knock Off|[of] p2a: Sonic bomb
|
|-weather|SunnyDay|[upkeep]
|upkeep
|turn|4
|
|t:|1781370470
|move|p1a: Francisco Landor|U-turn|p2a: Sonic bomb
|-resisted|p2a: Sonic bomb
|-damage|p2a: Sonic bomb|84/100
|
|t:|1781370473
|switch|p1a: Josh Hatter|Hatterene, F|100/100|[from] U-turn
|move|p2a: Sonic bomb|Ice Spinner|p1a: Josh Hatter
|-damage|p1a: Josh Hatter|84/100
|-enditem|p1a: Josh Hatter|Eject Button
|
|t:|1781370480
|switch|p1a: Iron Mookie|Iron Moth, shiny|100/100
|
|-weather|SunnyDay|[upkeep]
|upkeep
|turn|5
|
|t:|1781370499
|move|p1a: Iron Mookie|Fiery Dance|p2a: Sonic bomb
|-supereffective|p2a: Sonic bomb
|-damage|p2a: Sonic bomb|0 fnt
|faint|p2a: Sonic bomb
|-end|p2a: Sonic bomb|Quark Drive|[silent]
|
|-weather|SunnyDay|[upkeep]
|upkeep
|
|t:|1781370512
|switch|p2a: Weird hair|Hatterene, F|100/100
|turn|6
|
|t:|1781370517
|-end|p1a: Iron Mookie|Quark Drive|[silent]
|switch|p1a: Josh Hatter|Hatterene, F|84/100
|-terastallize|p2a: Weird hair|Water
|move|p2a: Weird hair|Calm Mind|p2a: Weird hair
|-boost|p2a: Weird hair|spa|1
|-boost|p2a: Weird hair|spd|1
|
|-weather|SunnyDay|[upkeep]
|upkeep
|turn|7
|
|t:|1781370525
|move|p2a: Weird hair|Calm Mind|p2a: Weird hair
|-boost|p2a: Weird hair|spa|1
|-boost|p2a: Weird hair|spd|1
|move|p1a: Josh Hatter|Nuzzle|p2a: Weird hair
|-supereffective|p2a: Weird hair
|-damage|p2a: Weird hair|92/100
|-status|p2a: Weird hair|par
|
|-weather|SunnyDay|[upkeep]
|-heal|p2a: Weird hair|98/100 par|[from] item: Leftovers
|upkeep
|turn|8
|
|t:|1781370533
|move|p1a: Josh Hatter|Healing Wish|p1a: Josh Hatter
|faint|p1a: Josh Hatter
|move|p2a: Weird hair|Draining Kiss|p1: Josh Hatter|[notarget]
|-fail|p2a: Weird hair
|
|-weather|none
|-heal|p2a: Weird hair|100/100 par|[from] item: Leftovers
|upkeep
|
|t:|1781370549
|switch|p1a: Spencer Torkbomb|Torkoal, F, shiny|100/100
|-weather|SunnyDay|[from] ability: Drought|[of] p1a: Spencer Torkbomb
|turn|9
|
|t:|1781370564
|switch|p1a: Iron Mookie|Iron Moth, shiny|100/100
|move|p2a: Weird hair|Psyshock|p1a: Iron Mookie
|-supereffective|p1a: Iron Mookie
|-damage|p1a: Iron Mookie|0 fnt
|faint|p1a: Iron Mookie
|-end|p1a: Iron Mookie|Quark Drive|[silent]
|
|-weather|SunnyDay|[upkeep]
|upkeep
|
|t:|1781370567
|switch|p1a: Raging Jackson|Raging Bolt|100/100
|-activate|p1a: Raging Jackson|ability: Protosynthesis
|-start|p1a: Raging Jackson|protosynthesisspa
|turn|10
|
|t:|1781370587
|-terastallize|p1a: Raging Jackson|Electric
|move|p1a: Raging Jackson|Thunderbolt|p2a: Weird hair
|-supereffective|p2a: Weird hair
|-damage|p2a: Weird hair|0 fnt
|faint|p2a: Weird hair
|
|-weather|SunnyDay|[upkeep]
|upkeep
|
|t:|1781370592
|switch|p2a: Wanna be charizard|Raging Bolt|100/100
|-activate|p2a: Wanna be charizard|ability: Protosynthesis
|-start|p2a: Wanna be charizard|protosynthesisspa
|turn|11
|
|t:|1781370598
|move|p2a: Wanna be charizard|Draco Meteor|p1a: Raging Jackson
|-damage|p1a: Raging Jackson|0 fnt
|-unboost|p2a: Wanna be charizard|spa|2
|faint|p1a: Raging Jackson
|-end|p1a: Raging Jackson|Protosynthesis|[silent]
|
|-weather|SunnyDay|[upkeep]
|upkeep
|
|t:|1781370606
|switch|p1a: Francisco Landor|Landorus-Therian, M|81/100
|-heal|p1a: Francisco Landor|100/100|[from] move: Healing Wish
|-ability|p1a: Francisco Landor|Intimidate|boost
|-unboost|p2a: Wanna be charizard|atk|1
|turn|12
|
|t:|1781370615
|-end|p2a: Wanna be charizard|Protosynthesis|[silent]
|switch|p2a: Floatie thing|Drifblim, M|100/100
|move|p1a: Francisco Landor|Taunt|p2a: Floatie thing
|-start|p2a: Floatie thing|move: Taunt
|
|-weather|SunnyDay|[upkeep]
|upkeep
|turn|13
|
|t:|1781370620
|switch|p2a: Father dragon|Samurott-Hisui, F|100/100
|move|p1a: Francisco Landor|U-turn|p2a: Father dragon
|-supereffective|p2a: Father dragon
|-crit|p2a: Father dragon
|-damage|p2a: Father dragon|0 fnt
|faint|p2a: Father dragon
|
|t:|1781370624
|switch|p1a: Walking Buehler|Walking Wake|100/100|[from] U-turn
|-activate|p1a: Walking Buehler|ability: Protosynthesis
|-start|p1a: Walking Buehler|protosynthesisspa
|
|-weather|SunnyDay|[upkeep]
|upkeep
|
|t:|1781370631
|switch|p2a: Weirdo|Kingambit, M|100/100
|-activate|p2a: Weirdo|ability: Supreme Overlord
|-start|p2a: Weirdo|fallen3|[silent]
|turn|14
|
|t:|1781370638
|move|p2a: Weirdo|Sucker Punch|p1a: Walking Buehler
|-damage|p1a: Walking Buehler|45/100
|move|p1a: Walking Buehler|Hydro Steam|p2a: Weirdo
|-damage|p2a: Weirdo|12/100
|
|-weather|SunnyDay|[upkeep]
|-heal|p2a: Weirdo|18/100|[from] item: Leftovers
|upkeep
|turn|15
|
|t:|1781370643
|-end|p1a: Walking Buehler|Protosynthesis|[silent]
|switch|p1a: Francisco Landor|Landorus-Therian, M|100/100
|-ability|p1a: Francisco Landor|Intimidate|boost
|-unboost|p2a: Weirdo|atk|1
|move|p2a: Weirdo|Sucker Punch||[still]
|-fail|p2a: Weirdo
|
|-weather|SunnyDay|[upkeep]
|-heal|p2a: Weirdo|24/100|[from] item: Leftovers
|upkeep
|turn|16
|
|t:|1781370648
|-end|p2a: Weirdo|fallen3|[silent]
|switch|p2a: Floatie thing|Drifblim, M|100/100
|move|p1a: Francisco Landor|Earthquake|p2a: Floatie thing
|-immune|p2a: Floatie thing
|
|-weather|none
|upkeep
|turn|17
|
|t:|1781370653
|move|p1a: Francisco Landor|Taunt|p2a: Floatie thing
|-start|p2a: Floatie thing|move: Taunt
|cant|p2a: Floatie thing|move: Taunt|Will-O-Wisp
|
|upkeep
|turn|18
|
|t:|1781370657
|move|p1a: Francisco Landor|U-turn|p2a: Floatie thing
|-resisted|p2a: Floatie thing
|-damage|p2a: Floatie thing|93/100
|
|t:|1781370659
|switch|p1a: Spencer Torkbomb|Torkoal, F, shiny|100/100|[from] U-turn
|-weather|SunnyDay|[from] ability: Drought|[of] p1a: Spencer Torkbomb
|move|p2a: Floatie thing|Hex|p1a: Spencer Torkbomb
|-damage|p1a: Spencer Torkbomb|80/100
|
|-weather|SunnyDay|[upkeep]
|upkeep
|turn|19
|
|t:|1781370664
|move|p2a: Floatie thing|Hex|p1a: Spencer Torkbomb
|-damage|p1a: Spencer Torkbomb|61/100
|move|p1a: Spencer Torkbomb|Stealth Rock|p2a: Floatie thing
|-sidestart|p2: prolly tupid|move: Stealth Rock
|
|-weather|SunnyDay|[upkeep]
|-end|p2a: Floatie thing|move: Taunt
|upkeep
|turn|20
|
|t:|1781370671
|move|p2a: Floatie thing|Hex|p1a: Spencer Torkbomb
|-damage|p1a: Spencer Torkbomb|43/100
|move|p1a: Spencer Torkbomb|Lava Plume|p2a: Floatie thing
|-damage|p2a: Floatie thing|52/100
|
|-weather|SunnyDay|[upkeep]
|upkeep
|turn|21
|
|t:|1781370677
|switch|p1a: Walking Buehler|Walking Wake|45/100
|-activate|p1a: Walking Buehler|ability: Protosynthesis
|-start|p1a: Walking Buehler|protosynthesisspa
|move|p2a: Floatie thing|Strength Sap|p1a: Walking Buehler
|-unboost|p1a: Walking Buehler|atk|1
|-heal|p2a: Floatie thing|83/100
|
|-weather|SunnyDay|[upkeep]
|upkeep
|turn|22
|
|t:|1781370681
|move|p1a: Walking Buehler|Hydro Steam|p2a: Floatie thing
|-damage|p2a: Floatie thing|0 fnt
|faint|p2a: Floatie thing
|
|-weather|SunnyDay|[upkeep]
|upkeep
|
|t:|1781370693
|switch|p2a: Wanna be charizard|Raging Bolt|100/100
|-damage|p2a: Wanna be charizard|88/100|[from] Stealth Rock
|-activate|p2a: Wanna be charizard|ability: Protosynthesis
|-start|p2a: Wanna be charizard|protosynthesisspa
|turn|23
|
|t:|1781370697
|-end|p1a: Walking Buehler|Protosynthesis|[silent]
|switch|p1a: Spencer Torkbomb|Torkoal, F, shiny|43/100
|move|p2a: Wanna be charizard|Thunderclap||[still]
|-fail|p2a: Wanna be charizard
|
|-weather|SunnyDay|[upkeep]
|upkeep
|turn|24
|
|t:|1781370707
|move|p2a: Wanna be charizard|Thunderclap||[still]
|-fail|p2a: Wanna be charizard
|move|p1a: Spencer Torkbomb|Will-O-Wisp|p2a: Wanna be charizard
|-status|p2a: Wanna be charizard|brn
|
|-weather|SunnyDay|[upkeep]
|-damage|p2a: Wanna be charizard|82/100 brn|[from] brn
|upkeep
|turn|25
|
|t:|1781370712
|switch|p1a: Francisco Landor|Landorus-Therian, M|100/100
|-ability|p1a: Francisco Landor|Intimidate|boost
|-unboost|p2a: Wanna be charizard|atk|1
|move|p2a: Wanna be charizard|Thunderclap||[still]
|-fail|p2a: Wanna be charizard
|
|-weather|none
|-end|p2a: Wanna be charizard|Protosynthesis
|-damage|p2a: Wanna be charizard|76/100 brn|[from] brn
|upkeep
|turn|26
|-message|prolly tupid forfeited.
|
|win|stone xo
|raw|stone xo's rating: 1520 &rarr; <strong>1540</strong><br />(+20 for winning)
|raw|prolly tupid's rating: 1527 &rarr; <strong>1507</strong><br />(-20 for losing)
|l|☆prolly tupid
|player|p2|
|l|☆stone xo
|player|p1|
