|j|☆chill element
|j|☆AceZento
|t:|1781340868
|gametype|singles
|player|p1|chill element|youngster|1564
|player|p2|AceZento|265|1530
|gen|9
|tier|[Gen 9] OU
|rated|
|rule|HP Percentage Mod: HP is shown in percentages
|rule|Endless Battle Clause: Forcing endless battles is banned
|rule|Species Clause: Limit one of each Pokémon
|rule|OHKO Clause: OHKO moves are banned
|rule|Evasion Items Clause: Evasion items are banned
|rule|Evasion Moves Clause: Evasion moves are banned
|rule|Evasion Abilities Clause: Evasion abilities are banned
|rule|Sleep Moves Clause: Sleep-inducing moves are banned
|clearpoke
|poke|p1|Reuniclus, M|
|poke|p1|Samurott-Hisui, F|
|poke|p1|Cinderace, M|
|poke|p1|Breloom, F|
|poke|p1|Enamorus, F|
|poke|p1|Ditto|
|poke|p2|Salamence, M|
|poke|p2|Kyurem|
|poke|p2|Ceruledge, F|
|poke|p2|Tornadus-Therian, M|
|poke|p2|Cinderace, F|
|poke|p2|Kingambit, M|
|teampreview
|inactive|Battle timer is ON: inactive players will automatically lose when time's up. (requested by AceZento)
|
|t:|1781340884
|teamsize|p1|6
|teamsize|p2|6
|start
|switch|p1a: Enamorus|Enamorus, F|100/100
|switch|p2a: Cinderace|Cinderace, F|100/100
|turn|1
|
|t:|1781340891
|move|p1a: Enamorus|Earth Power|p2a: Cinderace
|-supereffective|p2a: Cinderace
|-damage|p2a: Cinderace|1/100
|-unboost|p2a: Cinderace|spd|1
|move|p2a: Cinderace|Pyro Ball|p1a: Enamorus
|-damage|p1a: Enamorus|2/100
|
|upkeep
|turn|2
|
|t:|1781340900
|switch|p1a: Samurott|Samurott-Hisui, F|100/100
|move|p2a: Cinderace|Sucker Punch||[still]
|-fail|p2a: Cinderace
|
|upkeep
|turn|3
|
|t:|1781340908
|move|p2a: Cinderace|U-turn|p1a: Samurott
|-start|p2a: Cinderace|typechange|Bug|[from] ability: Libero
|-supereffective|p1a: Samurott
|-damage|p1a: Samurott|32/100
|
|t:|1781340926
|switch|p2a: Tornadus|Tornadus-Therian, M|100/100|[from] U-turn
|move|p1a: Samurott|Ceaseless Edge|p2a: Tornadus
|-damage|p2a: Tornadus|43/100
|-sidestart|p2: AceZento|Spikes
|
|upkeep
|turn|4
|
|t:|1781340938
|move|p1a: Samurott|Sucker Punch|p2a: Tornadus
|-damage|p2a: Tornadus|1/100
|move|p2a: Tornadus|U-turn|p1a: Samurott
|-supereffective|p1a: Samurott
|-damage|p1a: Samurott|0 fnt
|faint|p1a: Samurott
|inactive|AceZento has 120 seconds left.
|
|t:|1781340972
|switch|p2a: Cinderace|Cinderace, F|1/100|[from] U-turn
|
|upkeep
|
|t:|1781340975
|switch|p1a: Ditto|Ditto|100/100
|-transform|p1a: Ditto|p2a: Cinderace|[from] ability: Imposter
|turn|5
|inactive|AceZento has 120 seconds left.
|
|t:|1781341013
|switch|p2a: Salamence|Salamence, M|100/100
|move|p1a: Ditto|U-turn|p2a: Salamence
|-start|p1a: Ditto|typechange|Bug|[from] ability: Libero
|-resisted|p2a: Salamence
|-damage|p2a: Salamence|78/100
|
|t:|1781341016
|switch|p1a: Enamorus|Enamorus, F|2/100|[from] U-turn
|
|upkeep
|turn|6
|inactive|AceZento has 90 seconds left.
|
|t:|1781341037
|switch|p2a: Ceruledge|Ceruledge, F|100/100
|-damage|p2a: Ceruledge|88/100|[from] Spikes
|move|p1a: Enamorus|Moonblast|p2a: Ceruledge
|-resisted|p2a: Ceruledge
|-damage|p2a: Ceruledge|53/100
|
|upkeep
|turn|7
|inactive|AceZento has 90 seconds left.
|
|t:|1781341067
|switch|p1a: Cinderace|Cinderace, M|100/100
|move|p2a: Ceruledge|Swords Dance|p2a: Ceruledge
|-boost|p2a: Ceruledge|atk|2
|
|upkeep
|turn|8
|
|t:|1781341085
|move|p1a: Cinderace|Sucker Punch|p2a: Ceruledge
|-start|p1a: Cinderace|typechange|Dark|[from] ability: Libero
|-supereffective|p2a: Ceruledge
|-damage|p2a: Ceruledge|0 fnt
|faint|p2a: Ceruledge
|-damage|p1a: Cinderace|91/100|[from] item: Life Orb
|
|upkeep
|inactive|AceZento has 60 seconds left.
|
|t:|1781341108
|switch|p2a: Cinderace|Cinderace, F|1/100
|turn|9
|
|t:|1781341114
|move|p1a: Cinderace|U-turn|p2a: Cinderace
|-resisted|p2a: Cinderace
|-damage|p2a: Cinderace|0 fnt
|faint|p2a: Cinderace
|-damage|p1a: Cinderace|81/100|[from] item: Life Orb
|
|t:|1781341130
|switch|p1a: Reuniclus|Reuniclus, M|100/100|[from] U-turn
|
|upkeep
|
|t:|1781341136
|switch|p2a: Tornadus|Tornadus-Therian, M|34/100
|turn|10
|
|t:|1781341140
|move|p2a: Tornadus|U-turn|p1a: Reuniclus
|-supereffective|p1a: Reuniclus
|-damage|p1a: Reuniclus|65/100
|
|t:|1781341146
|switch|p2a: Kingambit|Kingambit, M|100/100|[from] U-turn
|-damage|p2a: Kingambit|88/100|[from] Spikes
|-activate|p2a: Kingambit|ability: Supreme Overlord
|-start|p2a: Kingambit|fallen2|[silent]
|move|p1a: Reuniclus|Knock Off|p2a: Kingambit
|-resisted|p2a: Kingambit
|-damage|p2a: Kingambit|82/100
|-enditem|p2a: Kingambit|Life Orb|[from] move: Knock Off|[of] p1a: Reuniclus
|
|upkeep
|turn|11
|inactive|AceZento has 60 seconds left.
|
|t:|1781341184
|move|p2a: Kingambit|Low Kick|p1a: Reuniclus
|-resisted|p1a: Reuniclus
|-damage|p1a: Reuniclus|55/100
|move|p1a: Reuniclus|Focus Blast|p2a: Kingambit|[miss]
|-miss|p1a: Reuniclus|p2a: Kingambit
|
|upkeep
|turn|12
|inactive|AceZento has 60 seconds left.
|
|t:|1781341192
|move|p2a: Kingambit|Kowtow Cleave|p1a: Reuniclus
|-supereffective|p1a: Reuniclus
|-damage|p1a: Reuniclus|0 fnt
|faint|p1a: Reuniclus
|
|upkeep
|
|t:|1781341197
|switch|p1a: Breloom|Breloom, F|100/100
|turn|13
|inactive|AceZento has 60 seconds left.
|
|t:|1781341214
|-end|p2a: Kingambit|fallen2|[silent]
|switch|p2a: Tornadus|Tornadus-Therian, M|67/100
|move|p1a: Breloom|Substitute|p1a: Breloom
|-start|p1a: Breloom|Substitute
|-damage|p1a: Breloom|76/100
|
|-status|p1a: Breloom|tox|[from] item: Toxic Orb
|upkeep
|turn|14
|inactive|AceZento has 60 seconds left.
|
|t:|1781341243
|move|p2a: Tornadus|Heat Wave|p1a: Breloom
|-supereffective|p1a: Breloom
|-end|p1a: Breloom|Substitute
|move|p1a: Breloom|Leech Seed|p2a: Tornadus
|-start|p2a: Tornadus|move: Leech Seed
|
|-damage|p2a: Tornadus|55/100|[from] Leech Seed|[of] p1a: Breloom
|-heal|p1a: Breloom|90/100 tox|[silent]
|-heal|p1a: Breloom|100/100 tox|[from] ability: Poison Heal
|upkeep
|turn|15
|inactive|AceZento has 60 seconds left.
|
|t:|1781341259
|switch|p1a: Ditto|Ditto|100/100
|-transform|p1a: Ditto|p2a: Tornadus|[from] ability: Imposter
|move|p2a: Tornadus|Bleakwind Storm|p1a: Ditto
|-damage|p1a: Ditto|33/100
|
|-damage|p2a: Tornadus|42/100|[from] Leech Seed|[of] p1a: Ditto
|-heal|p1a: Ditto|48/100|[silent]
|upkeep
|turn|16
|inactive|AceZento has 30 seconds left.
|
|t:|1781341298
|switch|p2a: Kingambit|Kingambit, M|82/100
|-damage|p2a: Kingambit|69/100|[from] Spikes
|-activate|p2a: Kingambit|ability: Supreme Overlord
|-start|p2a: Kingambit|fallen2|[silent]
|move|p1a: Ditto|Knock Off|p2a: Kingambit
|-resisted|p2a: Kingambit
|-crit|p2a: Kingambit
|-damage|p2a: Kingambit|61/100
|
|upkeep
|turn|17
|inactive|AceZento has 30 seconds left.
|inactive|AceZento has 20 seconds left.
|inactive|AceZento has 15 seconds left.
|inactive|AceZento has 10 seconds left.
|
|t:|1781341324
|switch|p1a: Cinderace|Cinderace, M|81/100
|move|p2a: Kingambit|Iron Head|p1a: Cinderace
|-resisted|p1a: Cinderace
|-damage|p1a: Cinderace|40/100
|
|upkeep
|turn|18
|inactive|AceZento has 20 seconds left this turn.
|inactive|AceZento has 15 seconds left.
|inactive|AceZento has 10 seconds left.
|
|t:|1781341336
|move|p2a: Kingambit|Sucker Punch|p1a: Cinderace
|-damage|p1a: Cinderace|0 fnt
|faint|p1a: Cinderace
|
|upkeep
|
|t:|1781341340
|switch|p1a: Breloom|Breloom, F|100/100 tox
|turn|19
|inactive|AceZento has 25 seconds left this turn.
|inactive|AceZento has 20 seconds left.
|
|t:|1781341349
|-end|p2a: Kingambit|fallen2|[silent]
|switch|p2a: Tornadus|Tornadus-Therian, M|76/100
|move|p1a: Breloom|Substitute|p1a: Breloom
|-start|p1a: Breloom|Substitute
|-damage|p1a: Breloom|76/100 tox
|
|-heal|p1a: Breloom|88/100 tox|[from] ability: Poison Heal
|upkeep
|turn|20
|inactive|AceZento has 30 seconds left this turn.
|
|t:|1781341360
|move|p2a: Tornadus|Heat Wave|p1a: Breloom
|-supereffective|p1a: Breloom
|-end|p1a: Breloom|Substitute
|move|p1a: Breloom|Leech Seed|p2a: Tornadus
|-start|p2a: Tornadus|move: Leech Seed
|
|-damage|p2a: Tornadus|63/100|[from] Leech Seed|[of] p1a: Breloom
|-heal|p1a: Breloom|100/100 tox|[silent]
|upkeep
|turn|21
|
|t:|1781341368
|move|p2a: Tornadus|Bleakwind Storm|p1a: Breloom|[miss]
|-miss|p2a: Tornadus|p1a: Breloom
|move|p1a: Breloom|Substitute|p1a: Breloom
|-start|p1a: Breloom|Substitute
|-damage|p1a: Breloom|76/100 tox
|
|-damage|p2a: Tornadus|51/100|[from] Leech Seed|[of] p1a: Breloom
|-heal|p1a: Breloom|90/100 tox|[silent]
|-heal|p1a: Breloom|100/100 tox|[from] ability: Poison Heal
|upkeep
|turn|22
|
|t:|1781341372
|move|p2a: Tornadus|Heat Wave|p1a: Breloom
|-supereffective|p1a: Breloom
|-end|p1a: Breloom|Substitute
|move|p1a: Breloom|Substitute|p1a: Breloom
|-start|p1a: Breloom|Substitute
|-damage|p1a: Breloom|76/100 tox
|
|-damage|p2a: Tornadus|38/100|[from] Leech Seed|[of] p1a: Breloom
|-heal|p1a: Breloom|90/100 tox|[silent]
|-heal|p1a: Breloom|100/100 tox|[from] ability: Poison Heal
|upkeep
|turn|23
|
|t:|1781341395
|switch|p2a: Salamence|Salamence, M|78/100
|move|p1a: Breloom|Substitute|p1a: Breloom
|-fail|p1a: Breloom|move: Substitute
|
|upkeep
|turn|24
|
|t:|1781341401
|move|p2a: Salamence|Dual Wingbeat|p1a: Breloom
|-supereffective|p1a: Breloom
|-end|p1a: Breloom|Substitute
|-supereffective|p1a: Breloom
|-damage|p1a: Breloom|6/100 tox
|-hitcount|p1a: Breloom|2
|move|p1a: Breloom|Leech Seed|p2a: Salamence
|-start|p2a: Salamence|move: Leech Seed
|
|-damage|p2a: Salamence|66/100|[from] Leech Seed|[of] p1a: Breloom
|-heal|p1a: Breloom|19/100 tox|[silent]
|-heal|p1a: Breloom|31/100 tox|[from] ability: Poison Heal
|upkeep
|turn|25
|
|t:|1781341412
|move|p2a: Salamence|Dual Wingbeat|p1a: Breloom|[miss]
|-miss|p2a: Salamence|p1a: Breloom
|move|p1a: Breloom|Swords Dance|p1a: Breloom
|-boost|p1a: Breloom|atk|2
|
|-damage|p2a: Salamence|53/100|[from] Leech Seed|[of] p1a: Breloom
|-heal|p1a: Breloom|44/100 tox|[silent]
|-heal|p1a: Breloom|57/100 tox|[from] ability: Poison Heal
|upkeep
|turn|26
|
|t:|1781341433
|move|p2a: Salamence|Dual Wingbeat|p1a: Breloom
|-supereffective|p1a: Breloom
|-damage|p1a: Breloom|0 fnt
|faint|p1a: Breloom
|-ability|p2a: Salamence|Moxie|boost
|-boost|p2a: Salamence|atk|1
|-hitcount|p1: Breloom|1
|
|upkeep
|
|t:|1781341437
|switch|p1a: Ditto|Ditto|81/100
|-transform|p1a: Ditto|p2a: Salamence|[from] ability: Imposter
|turn|27
|inactive|AceZento has 60 seconds left.
|inactive|AceZento has 30 seconds left.
|inactive|AceZento has 20 seconds left.
|inactive|AceZento has 15 seconds left.
|inactive|AceZento has 10 seconds left.
|
|t:|1781341493
|-terastallize|p2a: Salamence|Steel
|move|p1a: Ditto|Dual Wingbeat|p2a: Salamence
|-resisted|p2a: Salamence
|-damage|p2a: Salamence|31/100
|-resisted|p2a: Salamence
|-damage|p2a: Salamence|7/100
|-hitcount|p2a: Salamence|2
|move|p2a: Salamence|Outrage|p1a: Ditto
|-supereffective|p1a: Ditto
|-damage|p1a: Ditto|0 fnt
|faint|p1a: Ditto
|-ability|p2a: Salamence|Moxie|boost
|-boost|p2a: Salamence|atk|1
|
|upkeep
|
|t:|1781341503
|switch|p1a: Enamorus|Enamorus, F|2/100
|turn|28
|inactive|AceZento has 25 seconds left this turn.
|inactive|AceZento has 20 seconds left.
|
|t:|1781341510
|move|p1a: Enamorus|Moonblast|p2a: Salamence
|-resisted|p2a: Salamence
|-damage|p2a: Salamence|0 fnt
|faint|p2a: Salamence
|
|upkeep
|inactive|AceZento has 25 seconds left this turn.
|
|t:|1781341514
|switch|p2a: Kingambit|Kingambit, M|61/100
|-damage|p2a: Kingambit|49/100|[from] Spikes
|-activate|p2a: Kingambit|ability: Supreme Overlord
|-start|p2a: Kingambit|fallen3|[silent]
|turn|29
|-message|chill element forfeited.
|
|win|AceZento
|raw|chill element's rating: 1564 &rarr; <strong>1542</strong><br />(-22 for losing)
|raw|AceZento's rating: 1530 &rarr; <strong>1552</strong><br />(+22 for winning)
|l|☆chill element
|player|p1|
|l|☆AceZento
|player|p2|
