|j|☆justicerestore
|j|☆texett
|t:|1781594416
|gametype|singles
|player|p1|justicerestore|caitlin|1554
|player|p2|texett|jasmine|1611
|gen|9
|tier|[Gen 9] OU
|rated|
|rule|HP Percentage Mod: HP is shown in percentages
|rule|Endless Battle Clause: Forcing endless battles is banned
|rule|Species Clause: Limit one of each Pokémon
|rule|OHKO Clause: OHKO moves are banned
|rule|Evasion Items Clause: Evasion items are banned
|rule|Evasion Moves Clause: Evasion moves are banned
|rule|Evasion Abilities Clause: Evasion abilities are banned
|rule|Sleep Moves Clause: Sleep-inducing moves are banned
|clearpoke
|poke|p1|Gholdengo|
|poke|p1|Garganacl, F|
|poke|p1|Volcanion|
|poke|p1|Great Tusk|
|poke|p1|Zapdos|
|poke|p1|Meowscarada, M|
|poke|p2|Whimsicott, F|
|poke|p2|Brambleghast, M|
|poke|p2|Walking Wake|
|poke|p2|Torkoal, M|
|poke|p2|Great Tusk|
|poke|p2|Skarmory, M|
|teampreview
|inactive|Battle timer is ON: inactive players will automatically lose when time's up. (requested by texett)
|
|t:|1781594444
|teamsize|p1|6
|teamsize|p2|6
|start
|switch|p1a: Salty Saul|Garganacl, F|100/100
|switch|p2a: Skarmory|Skarmory, M, shiny|100/100
|turn|1
|
|t:|1781594449
|move|p2a: Skarmory|Taunt|p1a: Salty Saul
|-start|p1a: Salty Saul|move: Taunt
|cant|p1a: Salty Saul|move: Taunt|Stealth Rock
|
|upkeep
|turn|2
|
|t:|1781594453
|switch|p1a: Krakatoa|Volcanion|100/100
|move|p2a: Skarmory|Stealth Rock|p1a: Krakatoa
|-sidestart|p1: justicerestore|move: Stealth Rock
|
|upkeep
|turn|3
|
|t:|1781594457
|move|p2a: Skarmory|Tailwind|p2a: Skarmory
|-sidestart|p2: texett|move: Tailwind
|move|p1a: Krakatoa|Steam Eruption|p2a: Skarmory
|-ability|p2a: Skarmory|Sturdy
|-damage|p2a: Skarmory|1/100
|
|upkeep
|turn|4
|-enditem|p2a: Skarmory|Custap Berry|[eat]
|-activate|p2a: Skarmory|item: Custap Berry|[consumed]
|
|t:|1781594463
|move|p2a: Skarmory|Brave Bird|p1a: Krakatoa
|-damage|p1a: Krakatoa|60/100
|-damage|p2a: Skarmory|0 fnt|[from] Recoil
|faint|p2a: Skarmory
|move|p1a: Krakatoa|Steam Eruption|p2: Skarmory|[notarget]
|-fail|p1a: Krakatoa
|
|upkeep
|
|t:|1781594473
|switch|p2a: Brambleghast|Brambleghast, M, shiny|100/100
|-ability|p2a: Brambleghast|Wind Rider|boost
|-boost|p2a: Brambleghast|atk|1
|turn|5
|
|t:|1781594480
|switch|p1a: Static Sparrow|Zapdos|100/100
|move|p2a: Brambleghast|Poltergeist|p1a: Static Sparrow
|-activate|p1a: Static Sparrow|move: Poltergeist|Heavy-Duty Boots
|-damage|p1a: Static Sparrow|18/100
|-damage|p2a: Brambleghast|91/100|[from] item: Life Orb
|
|upkeep
|turn|6
|
|t:|1781594492
|move|p2a: Brambleghast|Poltergeist|p1a: Static Sparrow
|-activate|p1a: Static Sparrow|move: Poltergeist|Heavy-Duty Boots
|-damage|p1a: Static Sparrow|0 fnt
|faint|p1a: Static Sparrow
|-damage|p2a: Brambleghast|81/100|[from] item: Life Orb
|
|-sideend|p2: texett|move: Tailwind
|upkeep
|
|t:|1781594494
|switch|p1a: The Green Gooblin|Meowscarada, M|100/100
|-damage|p1a: The Green Gooblin|88/100|[from] Stealth Rock
|turn|7
|
|t:|1781594502
|switch|p2a: Great Tusk|Great Tusk, shiny|100/100
|move|p1a: The Green Gooblin|Knock Off|p2a: Great Tusk
|-start|p1a: The Green Gooblin|typechange|Dark|[from] ability: Protean
|-resisted|p2a: Great Tusk
|-damage|p2a: Great Tusk|81/100
|-enditem|p2a: Great Tusk|Heavy-Duty Boots|[from] move: Knock Off|[of] p1a: The Green Gooblin
|
|upkeep
|turn|8
|
|t:|1781594511
|switch|p1a: Gooder Tusker|Great Tusk|100/100
|-end|p2a: Great Tusk|Protosynthesis|[silent]
|switch|p2a: Whimsicott|Whimsicott, F, shiny|100/100
|
|upkeep
|turn|9
|
|t:|1781594518
|-end|p1a: Gooder Tusker|Protosynthesis|[silent]
|switch|p1a: Cheesy Chad|Gholdengo|100/100
|-damage|p1a: Cheesy Chad|94/100|[from] Stealth Rock
|move|p2a: Whimsicott|Tailwind|p2a: Whimsicott
|-sidestart|p2: texett|move: Tailwind
|
|upkeep
|turn|10
|
|t:|1781594528
|switch|p2a: Torkoal|Torkoal, M, shiny|100/100
|-weather|SunnyDay|[from] ability: Drought|[of] p2a: Torkoal
|move|p1a: Cheesy Chad|Make It Rain|p2a: Torkoal
|-resisted|p2a: Torkoal
|-damage|p2a: Torkoal|53/100
|-unboost|p1a: Cheesy Chad|spa|1
|-enditem|p2a: Torkoal|Eject Button
|
|t:|1781594534
|switch|p2a: Walking Wake|Walking Wake|100/100
|-activate|p2a: Walking Wake|ability: Protosynthesis
|-start|p2a: Walking Wake|protosynthesisspa
|
|-weather|SunnyDay|[upkeep]
|upkeep
|turn|11
|
|t:|1781594542
|switch|p1a: Salty Saul|Garganacl, F|100/100
|-damage|p1a: Salty Saul|88/100|[from] Stealth Rock
|move|p2a: Walking Wake|Dragon Pulse|p1a: Salty Saul
|-damage|p1a: Salty Saul|25/100
|
|-weather|SunnyDay|[upkeep]
|-heal|p1a: Salty Saul|31/100|[from] item: Leftovers
|upkeep
|turn|12
|
|t:|1781594548
|-terastallize|p1a: Salty Saul|Fairy
|move|p2a: Walking Wake|Dragon Pulse|p1a: Salty Saul
|-immune|p1a: Salty Saul
|move|p1a: Salty Saul|Salt Cure|p2a: Walking Wake
|-damage|p2a: Walking Wake|85/100
|-start|p2a: Walking Wake|Salt Cure
|
|-weather|SunnyDay|[upkeep]
|-heal|p1a: Salty Saul|37/100|[from] item: Leftovers
|-damage|p2a: Walking Wake|60/100|[from] Salt Cure
|-sideend|p2: texett|move: Tailwind
|upkeep
|turn|13
|
|t:|1781594563
|-end|p2a: Walking Wake|Protosynthesis|[silent]
|switch|p2a: Great Tusk|Great Tusk, shiny|81/100
|-activate|p2a: Great Tusk|ability: Protosynthesis
|-start|p2a: Great Tusk|protosynthesisspe
|move|p1a: Salty Saul|Recover|p1a: Salty Saul
|-heal|p1a: Salty Saul|87/100
|
|-weather|SunnyDay|[upkeep]
|-heal|p1a: Salty Saul|93/100|[from] item: Leftovers
|upkeep
|turn|14
|
|t:|1781594577
|switch|p1a: Cheesy Chad|Gholdengo|94/100
|-damage|p1a: Cheesy Chad|88/100|[from] Stealth Rock
|move|p2a: Great Tusk|Taunt|p1a: Cheesy Chad
|-immune|p1a: Cheesy Chad|[from] ability: Good as Gold
|
|-weather|none
|-end|p2a: Great Tusk|Protosynthesis
|upkeep
|turn|15
|
|t:|1781594586
|move|p1a: Cheesy Chad|Make It Rain|p2a: Great Tusk
|-damage|p2a: Great Tusk|0 fnt
|-unboost|p1a: Cheesy Chad|spa|1
|faint|p2a: Great Tusk
|-end|p2a: Great Tusk|Protosynthesis|[silent]
|
|upkeep
|
|t:|1781594592
|switch|p2a: Walking Wake|Walking Wake|60/100
|turn|16
|
|t:|1781594600
|switch|p1a: Krakatoa|Volcanion|60/100
|-terastallize|p2a: Walking Wake|Water
|move|p2a: Walking Wake|Hydro Steam|p1a: Krakatoa
|-heal|p1a: Krakatoa|85/100|[from] ability: Water Absorb|[of] p2a: Walking Wake
|
|upkeep
|turn|17
|
|t:|1781594616
|-end|p2a: Walking Wake|Protosynthesis|[silent]
|switch|p2a: Brambleghast|Brambleghast, M, shiny|81/100
|move|p1a: Krakatoa|Flamethrower|p2a: Brambleghast
|-supereffective|p2a: Brambleghast
|-damage|p2a: Brambleghast|0 fnt
|faint|p2a: Brambleghast
|
|upkeep
|
|t:|1781594620
|switch|p2a: Walking Wake|Walking Wake, tera:Water|60/100
|turn|18
|
|t:|1781594632
|switch|p1a: Gooder Tusker|Great Tusk|100/100
|move|p2a: Walking Wake|Draco Meteor|p1a: Gooder Tusker
|-damage|p1a: Gooder Tusker|0 fnt
|-unboost|p2a: Walking Wake|spa|2
|faint|p1a: Gooder Tusker
|-end|p1a: Gooder Tusker|Protosynthesis|[silent]
|
|upkeep
|
|t:|1781594635
|switch|p1a: Salty Saul|Garganacl, F, tera:Fairy|93/100
|-damage|p1a: Salty Saul|81/100|[from] Stealth Rock
|turn|19
|
|t:|1781594640
|-end|p2a: Walking Wake|Protosynthesis|[silent]
|switch|p2a: Whimsicott|Whimsicott, F, shiny|100/100
|move|p1a: Salty Saul|Salt Cure|p2a: Whimsicott
|-damage|p2a: Whimsicott|83/100
|-start|p2a: Whimsicott|Salt Cure
|-enditem|p2a: Whimsicott|Eject Button
|
|t:|1781594644
|switch|p2a: Walking Wake|Walking Wake, tera:Water|60/100
|
|-heal|p1a: Salty Saul|87/100|[from] item: Leftovers
|upkeep
|turn|20
|
|t:|1781594649
|move|p1a: Salty Saul|Protect|p1a: Salty Saul
|-singleturn|p1a: Salty Saul|Protect
|move|p2a: Walking Wake|Draco Meteor|p1a: Salty Saul
|-activate|p1a: Salty Saul|move: Protect
|
|-heal|p1a: Salty Saul|93/100|[from] item: Leftovers
|upkeep
|turn|21
|
|t:|1781594658
|-end|p2a: Walking Wake|Protosynthesis|[silent]
|switch|p2a: Whimsicott|Whimsicott, F, shiny|83/100
|move|p1a: Salty Saul|Salt Cure|p2a: Whimsicott
|-damage|p2a: Whimsicott|67/100
|-start|p2a: Whimsicott|Salt Cure
|
|-heal|p1a: Salty Saul|99/100|[from] item: Leftovers
|-damage|p2a: Whimsicott|55/100|[from] Salt Cure
|upkeep
|turn|22
|
|t:|1781594663
|move|p1a: Salty Saul|Protect|p1a: Salty Saul
|-singleturn|p1a: Salty Saul|Protect
|move|p2a: Whimsicott|Taunt|p1a: Salty Saul
|-activate|p1a: Salty Saul|move: Protect
|
|-heal|p1a: Salty Saul|100/100|[from] item: Leftovers
|-damage|p2a: Whimsicott|42/100|[from] Salt Cure
|upkeep
|turn|23
|
|t:|1781594672
|switch|p1a: Cheesy Chad|Gholdengo|88/100
|-damage|p1a: Cheesy Chad|82/100|[from] Stealth Rock
|move|p2a: Whimsicott|Encore|p1a: Cheesy Chad
|-immune|p1a: Cheesy Chad|[from] ability: Good as Gold
|
|-damage|p2a: Whimsicott|30/100|[from] Salt Cure
|upkeep
|turn|24
|
|t:|1781594679
|move|p2a: Whimsicott|Tailwind|p2a: Whimsicott
|-sidestart|p2: texett|move: Tailwind
|move|p1a: Cheesy Chad|Shadow Ball|p2a: Whimsicott
|-damage|p2a: Whimsicott|0 fnt
|faint|p2a: Whimsicott
|
|upkeep
|
|t:|1781594683
|switch|p2a: Walking Wake|Walking Wake, tera:Water|60/100
|turn|25
|
|t:|1781594689
|switch|p1a: The Green Gooblin|Meowscarada, M|88/100
|-damage|p1a: The Green Gooblin|76/100|[from] Stealth Rock
|move|p2a: Walking Wake|Draco Meteor|p1a: The Green Gooblin
|-damage|p1a: The Green Gooblin|0 fnt
|-unboost|p2a: Walking Wake|spa|2
|faint|p1a: The Green Gooblin
|
|upkeep
|
|t:|1781594692
|switch|p1a: Salty Saul|Garganacl, F, tera:Fairy|100/100
|-damage|p1a: Salty Saul|88/100|[from] Stealth Rock
|turn|26
|
|t:|1781594696
|-end|p2a: Walking Wake|Protosynthesis|[silent]
|switch|p2a: Torkoal|Torkoal, M, shiny|53/100
|-weather|SunnyDay|[from] ability: Drought|[of] p2a: Torkoal
|move|p1a: Salty Saul|Salt Cure|p2a: Torkoal
|-supereffective|p2a: Torkoal
|-damage|p2a: Torkoal|35/100
|-start|p2a: Torkoal|Salt Cure
|
|-weather|SunnyDay|[upkeep]
|-heal|p1a: Salty Saul|94/100|[from] item: Leftovers
|-damage|p2a: Torkoal|22/100|[from] Salt Cure
|upkeep
|turn|27
|
|t:|1781594709
|switch|p2a: Walking Wake|Walking Wake, tera:Water|60/100
|-activate|p2a: Walking Wake|ability: Protosynthesis
|-start|p2a: Walking Wake|protosynthesisspa
|move|p1a: Salty Saul|Stealth Rock|p2a: Walking Wake
|-sidestart|p2: texett|move: Stealth Rock
|
|-weather|SunnyDay|[upkeep]
|-heal|p1a: Salty Saul|100/100|[from] item: Leftovers
|-sideend|p2: texett|move: Tailwind
|upkeep
|turn|28
|
|t:|1781594715
|move|p1a: Salty Saul|Protect|p1a: Salty Saul
|-singleturn|p1a: Salty Saul|Protect
|move|p2a: Walking Wake|Hydro Steam|p1a: Salty Saul
|-activate|p1a: Salty Saul|move: Protect
|
|-weather|SunnyDay|[upkeep]
|upkeep
|turn|29
|
|t:|1781594719
|switch|p1a: Krakatoa|Volcanion|85/100
|move|p2a: Walking Wake|Hydro Steam|p1a: Krakatoa
|-heal|p1a: Krakatoa|100/100|[from] ability: Water Absorb|[of] p2a: Walking Wake
|
|-weather|SunnyDay|[upkeep]
|upkeep
|turn|30
|-message|texett forfeited.
|
|win|justicerestore
|raw|justicerestore's rating: 1554 &rarr; <strong>1577</strong><br />(+23 for winning)
|raw|texett's rating: 1611 &rarr; <strong>1588</strong><br />(-23 for losing)
|l|☆texett
|player|p2|
|l|☆justicerestore
|player|p1|
