|badge|p2|bronze|gen9ou|100-9
|uhtml|medal-msg|<div class="broadcast-blue">Curious what those medals under the avatar are? PS now has Ladder Seasons! For more information, check out the <a href="https://www.smogon.com/forums/threads/3740067/">thread on Smogon.</a></div>
|j|☆RobloxLoser
|j|☆thelarpinglarper
|t:|1781589257
|gametype|singles
|player|p1|RobloxLoser|hugh|1695
|player|p2|thelarpinglarper|sordward|1661
|gen|9
|tier|[Gen 9] OU
|rated|
|rule|HP Percentage Mod: HP is shown in percentages
|rule|Endless Battle Clause: Forcing endless battles is banned
|rule|Species Clause: Limit one of each Pokémon
|rule|OHKO Clause: OHKO moves are banned
|rule|Evasion Items Clause: Evasion items are banned
|rule|Evasion Moves Clause: Evasion moves are banned
|rule|Evasion Abilities Clause: Evasion abilities are banned
|rule|Sleep Moves Clause: Sleep-inducing moves are banned
|clearpoke
|poke|p1|Zamazenta-*|
|poke|p1|Gholdengo|
|poke|p1|Ting-Lu|
|poke|p1|Great Tusk|
|poke|p1|Raging Bolt|
|poke|p1|Dragonite, F|
|poke|p2|Samurott-Hisui, F|
|poke|p2|Iron Treads|
|poke|p2|Iron Valiant|
|poke|p2|Rotom-Wash|
|poke|p2|Iron Moth|
|poke|p2|Pecharunt|
|teampreview
|inactive|Battle timer is ON: inactive players will automatically lose when time's up. (requested by thelarpinglarper)
|
|t:|1781589273
|teamsize|p1|6
|teamsize|p2|6
|start
|switch|p1a: Raging Bolt|Raging Bolt|100/100
|switch|p2a: Samurott|Samurott-Hisui, F|100/100
|-enditem|p1a: Raging Bolt|Booster Energy
|-activate|p1a: Raging Bolt|ability: Protosynthesis|[fromitem]
|-start|p1a: Raging Bolt|protosynthesisspa
|turn|1
|inactive|thelarpinglarper has 120 seconds left.
|
|t:|1781589327
|switch|p2a: Iron Valiant|Iron Valiant|100/100
|move|p1a: Raging Bolt|Thunderbolt|p2a: Iron Valiant
|-damage|p2a: Iron Valiant|0 fnt
|faint|p2a: Iron Valiant
|-end|p2a: Iron Valiant|Quark Drive|[silent]
|
|upkeep
|
|t:|1781589332
|switch|p2a: Iron Treads|Iron Treads|100/100
|turn|2
|
|t:|1781589343
|-end|p1a: Raging Bolt|Protosynthesis|[silent]
|switch|p1a: Zamazenta|Zamazenta|100/100
|-ability|p1a: Zamazenta|Dauntless Shield|boost
|-boost|p1a: Zamazenta|def|1
|move|p2a: Iron Treads|Earthquake|p1a: Zamazenta
|-damage|p1a: Zamazenta|79/100
|
|upkeep
|turn|3
|inactive|thelarpinglarper has 120 seconds left.
|
|t:|1781589369
|switch|p1a: Ting-Lu|Ting-Lu|100/100
|-ability|p1a: Ting-Lu|Vessel of Ruin
|-end|p2a: Iron Treads|Quark Drive|[silent]
|switch|p2a: Pecharunt|Pecharunt|100/100
|
|upkeep
|turn|4
|
|t:|1781589376
|move|p2a: Pecharunt|Toxic|p1a: Ting-Lu
|-status|p1a: Ting-Lu|tox
|-start|p1a: Ting-Lu|confusion|[from] ability: Poison Puppeteer|[of] p2a: Pecharunt
|-activate|p1a: Ting-Lu|confusion
|-damage|p1a: Ting-Lu|94/100 tox|[from] confusion
|
|-damage|p1a: Ting-Lu|88/100 tox|[from] psn
|upkeep
|turn|5
|
|t:|1781589385
|move|p2a: Pecharunt|Parting Shot|p1a: Ting-Lu
|-unboost|p1a: Ting-Lu|atk|1
|-unboost|p1a: Ting-Lu|spa|1
|
|t:|1781589387
|switch|p2a: Samurott|Samurott-Hisui, F|100/100|[from] Parting Shot
|-end|p1a: Ting-Lu|confusion
|move|p1a: Ting-Lu|Stealth Rock|p2a: Samurott
|-sidestart|p2: thelarpinglarper|move: Stealth Rock
|
|-damage|p1a: Ting-Lu|75/100 tox|[from] psn
|upkeep
|turn|6
|
|t:|1781589391
|move|p2a: Samurott|Ceaseless Edge|p1a: Ting-Lu
|-resisted|p1a: Ting-Lu
|-damage|p1a: Ting-Lu|57/100 tox
|-sidestart|p1: RobloxLoser|Spikes
|-enditem|p1a: Ting-Lu|Red Card|[of] p2a: Samurott
|drag|p2a: Iron Treads|Iron Treads|100/100
|move|p1a: Ting-Lu|Ruination|p2a: Iron Treads
|-damage|p2a: Iron Treads|50/100
|
|-damage|p1a: Ting-Lu|39/100 tox|[from] psn
|upkeep
|turn|7
|
|t:|1781589407
|switch|p1a: Gholdengo|Gholdengo|100/100
|-item|p1a: Gholdengo|Air Balloon
|move|p2a: Iron Treads|Knock Off|p1a: Gholdengo
|-supereffective|p1a: Gholdengo
|-damage|p1a: Gholdengo|47/100
|-enditem|p1a: Gholdengo|Air Balloon
|
|upkeep
|turn|8
|
|t:|1781589412
|switch|p1a: Great Tusk|Great Tusk|100/100
|-damage|p1a: Great Tusk|88/100|[from] Spikes
|-enditem|p1a: Great Tusk|Booster Energy
|-activate|p1a: Great Tusk|ability: Protosynthesis|[fromitem]
|-start|p1a: Great Tusk|protosynthesisspe
|move|p2a: Iron Treads|Earthquake|p1a: Great Tusk
|-damage|p1a: Great Tusk|62/100
|
|upkeep
|turn|9
|
|t:|1781589422
|-end|p2a: Iron Treads|Quark Drive|[silent]
|switch|p2a: Rotom|Rotom-Wash|100/100
|-damage|p2a: Rotom|88/100|[from] Stealth Rock
|move|p1a: Great Tusk|Rapid Spin|p2a: Rotom
|-damage|p2a: Rotom|77/100
|-boost|p1a: Great Tusk|spe|1
|-sideend|p1: RobloxLoser|Spikes|[from] move: Rapid Spin|[of] p1a: Great Tusk
|
|upkeep
|turn|10
|
|t:|1781589434
|-end|p1a: Great Tusk|Protosynthesis|[silent]
|switch|p1a: Raging Bolt|Raging Bolt|100/100
|move|p2a: Rotom|Volt Switch|p1a: Raging Bolt
|-resisted|p1a: Raging Bolt
|-damage|p1a: Raging Bolt|95/100
|
|t:|1781589449
|switch|p2a: Iron Treads|Iron Treads|50/100|[from] Volt Switch
|
|upkeep
|turn|11
|
|t:|1781589456
|-end|p1a: Raging Bolt|Protosynthesis|[silent]
|switch|p1a: Ting-Lu|Ting-Lu|39/100 tox
|-ability|p1a: Ting-Lu|Vessel of Ruin
|move|p2a: Iron Treads|Earthquake|p1a: Ting-Lu
|-damage|p1a: Ting-Lu|18/100 tox
|
|-damage|p1a: Ting-Lu|11/100 tox|[from] psn
|upkeep
|turn|12
|
|t:|1781589470
|move|p2a: Iron Treads|Earthquake|p1a: Ting-Lu
|-damage|p1a: Ting-Lu|0 fnt
|faint|p1a: Ting-Lu
|
|upkeep
|
|t:|1781589477
|switch|p1a: Great Tusk|Great Tusk|62/100
|turn|13
|
|t:|1781589482
|-end|p2a: Iron Treads|Quark Drive|[silent]
|switch|p2a: Pecharunt|Pecharunt|100/100
|move|p1a: Great Tusk|Headlong Rush|p2a: Pecharunt
|-supereffective|p2a: Pecharunt
|-damage|p2a: Pecharunt|51/100
|-unboost|p1a: Great Tusk|def|1
|-unboost|p1a: Great Tusk|spd|1
|
|upkeep
|turn|14
|
|t:|1781589490
|switch|p2a: Rotom|Rotom-Wash|77/100
|-damage|p2a: Rotom|64/100|[from] Stealth Rock
|move|p1a: Great Tusk|Headlong Rush|p2a: Rotom
|-immune|p2a: Rotom|[from] ability: Levitate
|
|upkeep
|turn|15
|
|t:|1781589495
|-end|p1a: Great Tusk|Protosynthesis|[silent]
|switch|p1a: Raging Bolt|Raging Bolt|95/100
|move|p2a: Rotom|Volt Switch|p1a: Raging Bolt
|-resisted|p1a: Raging Bolt
|-damage|p1a: Raging Bolt|90/100
|
|t:|1781589523
|switch|p2a: Iron Treads|Iron Treads|50/100|[from] Volt Switch
|
|upkeep
|turn|16
|
|t:|1781589535
|-end|p1a: Raging Bolt|Protosynthesis|[silent]
|switch|p1a: Great Tusk|Great Tusk|62/100
|move|p2a: Iron Treads|Rapid Spin|p1a: Great Tusk
|-damage|p1a: Great Tusk|54/100
|-boost|p2a: Iron Treads|spe|1
|-sideend|p2: thelarpinglarper|Stealth Rock|[from] move: Rapid Spin|[of] p2a: Iron Treads
|
|upkeep
|turn|17
|
|t:|1781589544
|-end|p2a: Iron Treads|Quark Drive|[silent]
|switch|p2a: Rotom|Rotom-Wash|64/100
|move|p1a: Great Tusk|Head Smash|p2a: Rotom
|-damage|p2a: Rotom|27/100
|-damage|p1a: Great Tusk|41/100|[from] Recoil
|
|upkeep
|turn|18
|
|t:|1781589554
|move|p1a: Great Tusk|Bulk Up|p1a: Great Tusk
|-boost|p1a: Great Tusk|atk|1
|-boost|p1a: Great Tusk|def|1
|move|p2a: Rotom|Hydro Pump|p1a: Great Tusk
|-supereffective|p1a: Great Tusk
|-damage|p1a: Great Tusk|0 fnt
|faint|p1a: Great Tusk
|-end|p1a: Great Tusk|Protosynthesis|[silent]
|
|upkeep
|
|t:|1781589559
|switch|p1a: Dragonite|Dragonite, F, shiny|100/100
|turn|19
|inactive|thelarpinglarper has 120 seconds left.
|
|t:|1781589605
|switch|p1a: Gholdengo|Gholdengo|47/100
|switch|p2a: Pecharunt|Pecharunt|51/100
|
|upkeep
|turn|20
|
|t:|1781589617
|switch|p2a: Samurott|Samurott-Hisui, F|100/100
|move|p1a: Gholdengo|Shadow Ball|p2a: Samurott
|-resisted|p2a: Samurott
|-crit|p2a: Samurott
|-damage|p2a: Samurott|49/100
|
|upkeep
|turn|21
|inactive|RobloxLoser has 120 seconds left.
|
|t:|1781589648
|move|p2a: Samurott|Razor Shell|p1a: Gholdengo
|-damage|p1a: Gholdengo|0 fnt
|faint|p1a: Gholdengo
|
|upkeep
|
|t:|1781589653
|switch|p1a: Zamazenta|Zamazenta|79/100
|turn|22
|
|t:|1781589666
|move|p1a: Zamazenta|Close Combat|p2a: Samurott
|-supereffective|p2a: Samurott
|-damage|p2a: Samurott|0 fnt
|-unboost|p1a: Zamazenta|def|1
|-unboost|p1a: Zamazenta|spd|1
|faint|p2a: Samurott
|
|upkeep
|
|t:|1781589671
|switch|p2a: Pecharunt|Pecharunt|51/100
|turn|23
|
|t:|1781589680
|switch|p1a: Raging Bolt|Raging Bolt|90/100
|move|p2a: Pecharunt|Recover|p2a: Pecharunt
|-heal|p2a: Pecharunt|100/100
|
|upkeep
|turn|24
|
|t:|1781589690
|switch|p2a: Rotom|Rotom-Wash|27/100
|move|p1a: Raging Bolt|Thunderbolt|p2a: Rotom
|-damage|p2a: Rotom|0 fnt
|faint|p2a: Rotom
|
|upkeep
|
|t:|1781589693
|switch|p2a: Iron Treads|Iron Treads|50/100
|turn|25
|
|t:|1781589698
|-end|p1a: Raging Bolt|Protosynthesis|[silent]
|switch|p1a: Zamazenta|Zamazenta|79/100
|move|p2a: Iron Treads|Stealth Rock|p1a: Zamazenta
|-sidestart|p1: RobloxLoser|move: Stealth Rock
|
|upkeep
|turn|26
|
|t:|1781589703
|-end|p2a: Iron Treads|Quark Drive|[silent]
|switch|p2a: Pecharunt|Pecharunt|100/100
|move|p1a: Zamazenta|Crunch|p2a: Pecharunt
|-supereffective|p2a: Pecharunt
|-damage|p2a: Pecharunt|74/100
|
|upkeep
|turn|27
|
|t:|1781589709
|move|p1a: Zamazenta|Crunch|p2a: Pecharunt
|-supereffective|p2a: Pecharunt
|-damage|p2a: Pecharunt|47/100
|move|p2a: Pecharunt|Toxic|p1a: Zamazenta
|-status|p1a: Zamazenta|tox
|-start|p1a: Zamazenta|confusion|[from] ability: Poison Puppeteer|[of] p2a: Pecharunt
|
|-damage|p1a: Zamazenta|73/100 tox|[from] psn
|upkeep
|turn|28
|
|t:|1781589731
|-activate|p1a: Zamazenta|confusion
|move|p1a: Zamazenta|Crunch|p2a: Pecharunt
|-supereffective|p2a: Pecharunt
|-damage|p2a: Pecharunt|20/100
|move|p2a: Pecharunt|Recover|p2a: Pecharunt
|-heal|p2a: Pecharunt|70/100
|
|-damage|p1a: Zamazenta|60/100 tox|[from] psn
|upkeep
|turn|29
|
|t:|1781589736
|-end|p1a: Zamazenta|confusion
|move|p1a: Zamazenta|Crunch|p2a: Pecharunt
|-supereffective|p2a: Pecharunt
|-damage|p2a: Pecharunt|45/100
|move|p2a: Pecharunt|Recover|p2a: Pecharunt
|-heal|p2a: Pecharunt|95/100
|
|-damage|p1a: Zamazenta|42/100 tox|[from] psn
|upkeep
|turn|30
|
|t:|1781589742
|move|p1a: Zamazenta|Crunch|p2a: Pecharunt
|-supereffective|p2a: Pecharunt
|-damage|p2a: Pecharunt|65/100
|-unboost|p2a: Pecharunt|def|1
|move|p2a: Pecharunt|Parting Shot|p1a: Zamazenta
|-unboost|p1a: Zamazenta|atk|1
|-unboost|p1a: Zamazenta|spa|1
|
|t:|1781589750
|switch|p2a: Iron Treads|Iron Treads|50/100|[from] Parting Shot
|
|-damage|p1a: Zamazenta|17/100 tox|[from] psn
|upkeep
|turn|31
|
|t:|1781589765
|switch|p1a: Raging Bolt|Raging Bolt|90/100
|-damage|p1a: Raging Bolt|78/100|[from] Stealth Rock
|move|p2a: Iron Treads|Rapid Spin|p1a: Raging Bolt
|-damage|p1a: Raging Bolt|67/100
|-boost|p2a: Iron Treads|spe|1
|
|upkeep
|turn|32
|
|t:|1781589773
|move|p2a: Iron Treads|Knock Off|p1a: Raging Bolt
|-damage|p1a: Raging Bolt|53/100
|move|p1a: Raging Bolt|Draco Meteor|p2a: Iron Treads
|-resisted|p2a: Iron Treads
|-damage|p2a: Iron Treads|3/100
|-unboost|p1a: Raging Bolt|spa|2
|
|upkeep
|turn|33
|
|t:|1781589786
|move|p2a: Iron Treads|Earthquake|p1a: Raging Bolt
|-supereffective|p1a: Raging Bolt
|-damage|p1a: Raging Bolt|0 fnt
|faint|p1a: Raging Bolt
|-end|p1a: Raging Bolt|Protosynthesis|[silent]
|
|upkeep
|
|t:|1781589789
|switch|p1a: Zamazenta|Zamazenta|17/100 tox
|-damage|p1a: Zamazenta|11/100 tox|[from] Stealth Rock
|turn|34
|
|t:|1781589793
|move|p1a: Zamazenta|Crunch|p2a: Iron Treads
|-damage|p2a: Iron Treads|0 fnt
|faint|p2a: Iron Treads
|-end|p2a: Iron Treads|Quark Drive|[silent]
|
|-damage|p1a: Zamazenta|5/100 tox|[from] psn
|upkeep
|
|t:|1781589801
|switch|p2a: Pecharunt|Pecharunt|65/100
|turn|35
|
|t:|1781589804
|move|p1a: Zamazenta|Crunch|p2a: Pecharunt
|-supereffective|p2a: Pecharunt
|-damage|p2a: Pecharunt|35/100
|move|p2a: Pecharunt|Recover|p2a: Pecharunt
|-heal|p2a: Pecharunt|85/100
|
|-damage|p1a: Zamazenta|0 fnt|[from] psn
|faint|p1a: Zamazenta
|upkeep
|
|t:|1781589809
|switch|p1a: Dragonite|Dragonite, F, shiny|100/100
|turn|36
|inactive|thelarpinglarper has 120 seconds left.
|
|t:|1781589850
|-terastallize|p1a: Dragonite|Ground
|-terastallize|p2a: Pecharunt|Dark
|move|p1a: Dragonite|Earthquake|p2a: Pecharunt
|-damage|p2a: Pecharunt|59/100
|move|p2a: Pecharunt|Toxic|p1a: Dragonite
|-status|p1a: Dragonite|tox
|-start|p1a: Dragonite|confusion|[from] ability: Poison Puppeteer|[of] p2a: Pecharunt
|
|-damage|p1a: Dragonite|94/100 tox|[from] psn
|upkeep
|turn|37
|
|t:|1781589857
|-activate|p1a: Dragonite|confusion
|move|p1a: Dragonite|Dragon Dance|p1a: Dragonite
|-boost|p1a: Dragonite|atk|1
|-boost|p1a: Dragonite|spe|1
|move|p2a: Pecharunt|Recover|p2a: Pecharunt
|-heal|p2a: Pecharunt|100/100
|
|-damage|p1a: Dragonite|82/100 tox|[from] psn
|upkeep
|turn|38
|inactive|thelarpinglarper has 120 seconds left.
|
|t:|1781589882
|-end|p1a: Dragonite|confusion
|move|p1a: Dragonite|Earthquake|p2a: Pecharunt
|-damage|p2a: Pecharunt|58/100
|move|p2a: Pecharunt|Foul Play|p1a: Dragonite
|-damage|p1a: Dragonite|0 fnt
|faint|p1a: Dragonite
|
|win|thelarpinglarper
|raw|RobloxLoser's rating: 1695 &rarr; <strong>1673</strong><br />(-22 for losing)
|raw|thelarpinglarper's rating: 1661 &rarr; <strong>1683</strong><br />(+22 for winning)
|c|☆thelarpinglarper|gg
|c|☆RobloxLoser|gg
|l|☆RobloxLoser
|player|p1|
|l|☆thelarpinglarper
|player|p2|
