|j|☆n1ghtzz33
|j|☆smokesniper3
|t:|1781301203
|gametype|singles
|player|p1|n1ghtzz33|parasollady|1572
|player|p2|smokesniper3|veteran|1525
|gen|9
|tier|[Gen 9] OU
|rated|
|rule|HP Percentage Mod: HP is shown in percentages
|rule|Endless Battle Clause: Forcing endless battles is banned
|rule|Species Clause: Limit one of each Pokémon
|rule|OHKO Clause: OHKO moves are banned
|rule|Evasion Items Clause: Evasion items are banned
|rule|Evasion Moves Clause: Evasion moves are banned
|rule|Evasion Abilities Clause: Evasion abilities are banned
|rule|Sleep Moves Clause: Sleep-inducing moves are banned
|clearpoke
|poke|p1|Corviknight, M|
|poke|p1|Clefable, F|
|poke|p1|Alomomola, F|
|poke|p1|Clodsire, M|
|poke|p1|Toxapex, F|
|poke|p1|Quagsire, F|
|poke|p2|Gliscor, F|
|poke|p2|Gholdengo|
|poke|p2|Dragonite, F|
|poke|p2|Ting-Lu|
|poke|p2|Darkrai|
|poke|p2|Zamazenta-*|
|teampreview
|inactive|Battle timer is ON: inactive players will automatically lose when time's up. (requested by smokesniper3)
|
|t:|1781301219
|teamsize|p1|6
|teamsize|p2|6
|start
|switch|p1a: Clodsire|Clodsire, M|100/100
|switch|p2a: Gliscor|Gliscor, F|100/100
|turn|1
|inactive|n1ghtzz33 also wants the timer to be on.
|
|t:|1781301232
|move|p2a: Gliscor|Earthquake|p1a: Clodsire
|-supereffective|p1a: Clodsire
|-crit|p1a: Clodsire
|-damage|p1a: Clodsire|0 fnt
|faint|p1a: Clodsire
|
|-status|p2a: Gliscor|tox|[from] item: Toxic Orb
|upkeep
|
|t:|1781301247
|switch|p1a: Clefable|Clefable, F|100/100
|turn|2
|
|t:|1781301264
|move|p2a: Gliscor|Spikes|p1a: Clefable
|-sidestart|p1: n1ghtzz33|Spikes
|move|p1a: Clefable|Knock Off|p2a: Gliscor
|-damage|p2a: Gliscor|91/100 tox
|-enditem|p2a: Gliscor|Toxic Orb|[from] move: Knock Off|[of] p1a: Clefable
|
|-heal|p2a: Gliscor|100/100 tox|[from] ability: Poison Heal
|upkeep
|turn|3
|
|t:|1781301279
|move|p2a: Gliscor|Spikes|p1a: Clefable
|-sidestart|p1: n1ghtzz33|Spikes
|move|p1a: Clefable|Knock Off|p2a: Gliscor
|-damage|p2a: Gliscor|93/100 tox
|
|-heal|p2a: Gliscor|100/100 tox|[from] ability: Poison Heal
|upkeep
|turn|4
|
|t:|1781301294
|move|p2a: Gliscor|Spikes|p1a: Clefable
|-sidestart|p1: n1ghtzz33|Spikes
|move|p1a: Clefable|Knock Off|p2a: Gliscor
|-damage|p2a: Gliscor|93/100 tox
|
|-heal|p2a: Gliscor|100/100 tox|[from] ability: Poison Heal
|upkeep
|turn|5
|
|t:|1781301307
|move|p2a: Gliscor|Toxic|p1a: Clefable
|-status|p1a: Clefable|tox
|move|p1a: Clefable|Knock Off|p2a: Gliscor
|-damage|p2a: Gliscor|94/100 tox
|
|-heal|p2a: Gliscor|100/100 tox|[from] ability: Poison Heal
|upkeep
|turn|6
|
|t:|1781301315
|move|p2a: Gliscor|Toxic|p1a: Clefable
|-fail|p1a: Clefable|tox
|move|p1a: Clefable|Moonblast|p2a: Gliscor
|-damage|p2a: Gliscor|59/100 tox
|
|-heal|p2a: Gliscor|72/100 tox|[from] ability: Poison Heal
|upkeep
|turn|7
|
|t:|1781301326
|move|p2a: Gliscor|Protect|p2a: Gliscor
|-singleturn|p2a: Gliscor|Protect
|move|p1a: Clefable|Knock Off|p2a: Gliscor
|-activate|p2a: Gliscor|move: Protect
|
|-heal|p2a: Gliscor|84/100 tox|[from] ability: Poison Heal
|upkeep
|turn|8
|
|t:|1781301342
|switch|p2a: Gholdengo|Gholdengo|100/100
|move|p1a: Clefable|Knock Off|p2a: Gholdengo
|-supereffective|p2a: Gholdengo
|-damage|p2a: Gholdengo|65/100
|-enditem|p2a: Gholdengo|Choice Scarf|[from] move: Knock Off|[of] p1a: Clefable
|
|upkeep
|turn|9
|
|t:|1781301361
|move|p2a: Gholdengo|Recover|p2a: Gholdengo
|-heal|p2a: Gholdengo|100/100
|move|p1a: Clefable|Knock Off|p2a: Gholdengo
|-supereffective|p2a: Gholdengo
|-damage|p2a: Gholdengo|76/100
|
|upkeep
|turn|10
|
|t:|1781301375
|move|p2a: Gholdengo|Make It Rain|p1a: Clefable
|-supereffective|p1a: Clefable
|-damage|p1a: Clefable|15/100 tox
|-unboost|p2a: Gholdengo|spa|1
|move|p1a: Clefable|Knock Off|p2a: Gholdengo
|-supereffective|p2a: Gholdengo
|-damage|p2a: Gholdengo|52/100
|
|-heal|p1a: Clefable|21/100 tox|[from] item: Leftovers
|upkeep
|turn|11
|
|t:|1781301389
|switch|p1a: Alomomola|Alomomola, F|100/100
|move|p2a: Gholdengo|Make It Rain|p1a: Alomomola
|-resisted|p1a: Alomomola
|-damage|p1a: Alomomola|84/100
|-unboost|p2a: Gholdengo|spa|1
|
|upkeep
|turn|12
|
|t:|1781301403
|move|p2a: Gholdengo|Recover|p2a: Gholdengo
|-heal|p2a: Gholdengo|100/100
|move|p1a: Alomomola|Wish|p1a: Alomomola
|
|upkeep
|turn|13
|
|t:|1781301429
|switch|p2a: Darkrai|Darkrai|100/100
|move|p1a: Alomomola|Flip Turn|p2a: Darkrai
|-damage|p2a: Darkrai|78/100
|
|t:|1781301444
|switch|p1a: Clefable|Clefable, F|21/100 tox|[from] Flip Turn
|
|-heal|p1a: Clefable|81/100 tox|[from] move: Wish|[wisher] Alomomola
|-heal|p1a: Clefable|87/100 tox|[from] item: Leftovers
|upkeep
|turn|14
|
|t:|1781301458
|-terastallize|p2a: Darkrai|Poison
|move|p2a: Darkrai|Sludge Bomb|p1a: Clefable
|-supereffective|p1a: Clefable
|-damage|p1a: Clefable|13/100 tox
|move|p1a: Clefable|Moonblast|p2a: Darkrai
|-resisted|p2a: Darkrai
|-damage|p2a: Darkrai|56/100
|
|-heal|p1a: Clefable|20/100 tox|[from] item: Leftovers
|upkeep
|turn|15
|
|t:|1781301481
|switch|p1a: Toxapex|Toxapex, F|100/100
|move|p2a: Darkrai|Ice Beam|p1a: Toxapex
|-resisted|p1a: Toxapex
|-damage|p1a: Toxapex|88/100
|
|upkeep
|turn|16
|j| damm_spedd
|
|t:|1781301494
|switch|p2a: Gholdengo|Gholdengo|100/100
|move|p1a: Toxapex|Haze|p1a: Toxapex
|-clearallboost
|
|upkeep
|turn|17
|
|t:|1781301514
|switch|p1a: Alomomola|Alomomola, F|100/100
|move|p2a: Gholdengo|Trick|p1a: Alomomola
|-activate|p2a: Gholdengo|move: Trick|[of] p1a: Alomomola
|-enditem|p1a: Alomomola|Heavy-Duty Boots|[silent]|[from] move: Trick
|-item|p2a: Gholdengo|Heavy-Duty Boots|[from] move: Trick
|
|upkeep
|turn|18
|inactive|smokesniper3 has 120 seconds left.
|
|t:|1781301535
|switch|p2a: Ting-Lu|Ting-Lu|100/100
|-ability|p2a: Ting-Lu|Vessel of Ruin
|move|p1a: Alomomola|Wish|p1a: Alomomola
|
|upkeep
|turn|19
|
|t:|1781301548
|move|p2a: Ting-Lu|Stealth Rock|p1a: Alomomola
|-sidestart|p1: n1ghtzz33|move: Stealth Rock
|move|p1a: Alomomola|Flip Turn|p2a: Ting-Lu
|-supereffective|p2a: Ting-Lu
|-damage|p2a: Ting-Lu|82/100
|
|t:|1781301563
|switch|p1a: Clefable|Clefable, F|20/100 tox|[from] Flip Turn
|
|-heal|p1a: Clefable|80/100 tox|[from] move: Wish|[wisher] Alomomola
|-heal|p2a: Ting-Lu|88/100|[from] item: Leftovers
|-heal|p1a: Clefable|86/100 tox|[from] item: Leftovers
|upkeep
|turn|20
|
|t:|1781301576
|switch|p2a: Gholdengo|Gholdengo|100/100
|move|p1a: Clefable|Knock Off|p2a: Gholdengo
|-supereffective|p2a: Gholdengo
|-damage|p2a: Gholdengo|64/100
|-enditem|p2a: Gholdengo|Heavy-Duty Boots|[from] move: Knock Off|[of] p1a: Clefable
|
|-heal|p1a: Clefable|92/100 tox|[from] item: Leftovers
|upkeep
|turn|21
|l| damm_spedd
|
|t:|1781301589
|switch|p1a: Toxapex|Toxapex, F|100/100
|move|p2a: Gholdengo|Shadow Ball|p1a: Toxapex
|-damage|p1a: Toxapex|67/100
|
|upkeep
|turn|22
|
|t:|1781301598
|move|p2a: Gholdengo|Trick|p1a: Toxapex
|-activate|p2a: Gholdengo|move: Trick|[of] p1a: Toxapex
|-enditem|p1a: Toxapex|Heavy-Duty Boots|[silent]|[from] move: Trick
|-item|p2a: Gholdengo|Heavy-Duty Boots|[from] move: Trick
|move|p1a: Toxapex|Recover|p1a: Toxapex
|-heal|p1a: Toxapex|100/100
|
|upkeep
|turn|23
|
|t:|1781301609
|switch|p1a: Clefable|Clefable, F|92/100 tox
|move|p2a: Gholdengo|Shadow Ball|p1a: Clefable
|-damage|p1a: Clefable|63/100 tox
|-unboost|p1a: Clefable|spd|1
|
|-heal|p1a: Clefable|69/100 tox|[from] item: Leftovers
|upkeep
|turn|24
|
|t:|1781301618
|move|p2a: Gholdengo|Shadow Ball|p1a: Clefable
|-damage|p1a: Clefable|21/100 tox
|move|p1a: Clefable|Moonlight|p1a: Clefable
|-heal|p1a: Clefable|71/100 tox
|
|-heal|p1a: Clefable|77/100 tox|[from] item: Leftovers
|upkeep
|turn|25
|
|t:|1781301626
|move|p2a: Gholdengo|Shadow Ball|p1a: Clefable
|-damage|p1a: Clefable|33/100 tox
|move|p1a: Clefable|Moonlight|p1a: Clefable
|-heal|p1a: Clefable|83/100 tox
|
|-heal|p1a: Clefable|89/100 tox|[from] item: Leftovers
|upkeep
|turn|26
|
|t:|1781301633
|switch|p1a: Corviknight|Corviknight, M|100/100
|-ability|p1a: Corviknight|Pressure
|move|p2a: Gholdengo|Make It Rain|p1a: Corviknight
|-resisted|p1a: Corviknight
|-damage|p1a: Corviknight|72/100
|-unboost|p2a: Gholdengo|spa|1
|
|upkeep
|turn|27
|
|t:|1781301643
|move|p2a: Gholdengo|Shadow Ball|p1a: Corviknight
|-damage|p1a: Corviknight|42/100
|move|p1a: Corviknight|Iron Defense|p1a: Corviknight
|-boost|p1a: Corviknight|def|2
|
|upkeep
|turn|28
|
|t:|1781301665
|move|p2a: Gholdengo|Shadow Ball|p1a: Corviknight
|-damage|p1a: Corviknight|14/100
|move|p1a: Corviknight|Roost|p1a: Corviknight
|-heal|p1a: Corviknight|64/100
|-singleturn|p1a: Corviknight|move: Roost
|
|upkeep
|turn|29
|
|t:|1781301673
|move|p2a: Gholdengo|Shadow Ball|p1a: Corviknight
|-damage|p1a: Corviknight|34/100
|move|p1a: Corviknight|Roost|p1a: Corviknight
|-heal|p1a: Corviknight|84/100
|-singleturn|p1a: Corviknight|move: Roost
|
|upkeep
|turn|30
|
|t:|1781301680
|switch|p2a: Ting-Lu|Ting-Lu|88/100
|-ability|p2a: Ting-Lu|Vessel of Ruin
|move|p1a: Corviknight|Iron Defense|p1a: Corviknight
|-boost|p1a: Corviknight|def|2
|
|-heal|p2a: Ting-Lu|94/100|[from] item: Leftovers
|upkeep
|turn|31
|
|t:|1781301693
|switch|p2a: Gholdengo|Gholdengo|64/100
|move|p1a: Corviknight|Defog|p2a: Gholdengo
|-immune|p2a: Gholdengo|[from] ability: Good as Gold
|
|upkeep
|turn|32
|
|t:|1781301701
|move|p2a: Gholdengo|Recover|p2a: Gholdengo
|-heal|p2a: Gholdengo|100/100
|move|p1a: Corviknight|Roost|p1a: Corviknight
|-heal|p1a: Corviknight|100/100
|-singleturn|p1a: Corviknight|move: Roost
|
|upkeep
|turn|33
|
|t:|1781301708
|move|p2a: Gholdengo|Shadow Ball|p1a: Corviknight
|-damage|p1a: Corviknight|58/100
|move|p1a: Corviknight|Roost|p1a: Corviknight
|-heal|p1a: Corviknight|100/100
|-singleturn|p1a: Corviknight|move: Roost
|
|upkeep
|turn|34
|
|t:|1781301715
|move|p2a: Gholdengo|Shadow Ball|p1a: Corviknight
|-damage|p1a: Corviknight|61/100
|move|p1a: Corviknight|Roost|p1a: Corviknight
|-heal|p1a: Corviknight|100/100
|-singleturn|p1a: Corviknight|move: Roost
|
|upkeep
|turn|35
|
|t:|1781301722
|move|p2a: Gholdengo|Shadow Ball|p1a: Corviknight
|-damage|p1a: Corviknight|60/100
|move|p1a: Corviknight|Roost|p1a: Corviknight
|-heal|p1a: Corviknight|100/100
|-singleturn|p1a: Corviknight|move: Roost
|
|upkeep
|turn|36
|
|t:|1781301729
|move|p2a: Gholdengo|Shadow Ball|p1a: Corviknight
|-damage|p1a: Corviknight|61/100
|move|p1a: Corviknight|Roost|p1a: Corviknight
|-heal|p1a: Corviknight|100/100
|-singleturn|p1a: Corviknight|move: Roost
|
|upkeep
|turn|37
|
|t:|1781301748
|move|p2a: Gholdengo|Shadow Ball|p1a: Corviknight
|-damage|p1a: Corviknight|56/100
|move|p1a: Corviknight|Roost|p1a: Corviknight
|-heal|p1a: Corviknight|100/100
|-singleturn|p1a: Corviknight|move: Roost
|
|upkeep
|turn|38
|
|t:|1781301755
|switch|p1a: Clefable|Clefable, F|89/100 tox
|move|p2a: Gholdengo|Shadow Ball|p1a: Clefable
|-damage|p1a: Clefable|58/100 tox
|
|-heal|p1a: Clefable|64/100 tox|[from] item: Leftovers
|upkeep
|turn|39
|
|t:|1781301770
|switch|p2a: Ting-Lu|Ting-Lu|94/100
|-ability|p2a: Ting-Lu|Vessel of Ruin
|switch|p1a: Alomomola|Alomomola, F|100/100
|-damage|p1a: Alomomola|76/100|[from] Spikes
|-damage|p1a: Alomomola|63/100|[from] Stealth Rock
|
|-heal|p2a: Ting-Lu|100/100|[from] item: Leftovers
|upkeep
|turn|40
|
|t:|1781301796
|move|p2a: Ting-Lu|Ruination|p1a: Alomomola
|-damage|p1a: Alomomola|32/100
|move|p1a: Alomomola|Flip Turn|p2a: Ting-Lu
|-supereffective|p2a: Ting-Lu
|-damage|p2a: Ting-Lu|84/100
|
|t:|1781301811
|switch|p1a: Clefable|Clefable, F|64/100 tox|[from] Flip Turn
|
|-heal|p2a: Ting-Lu|90/100|[from] item: Leftovers
|-heal|p1a: Clefable|70/100 tox|[from] item: Leftovers
|upkeep
|turn|41
|
|t:|1781301830
|move|p2a: Ting-Lu|Ruination|p1a: Clefable
|-damage|p1a: Clefable|36/100 tox
|move|p1a: Clefable|Moonlight|p1a: Clefable
|-heal|p1a: Clefable|86/100 tox
|
|-heal|p2a: Ting-Lu|96/100|[from] item: Leftovers
|-heal|p1a: Clefable|92/100 tox|[from] item: Leftovers
|upkeep
|turn|42
|
|t:|1781301844
|move|p2a: Ting-Lu|Earthquake|p1a: Clefable
|-damage|p1a: Clefable|53/100 tox
|move|p1a: Clefable|Moonblast|p2a: Ting-Lu
|-supereffective|p2a: Ting-Lu
|-damage|p2a: Ting-Lu|69/100
|
|-heal|p2a: Ting-Lu|75/100|[from] item: Leftovers
|-heal|p1a: Clefable|59/100 tox|[from] item: Leftovers
|upkeep
|turn|43
|
|t:|1781301852
|move|p2a: Ting-Lu|Earthquake|p1a: Clefable
|-damage|p1a: Clefable|18/100 tox
|move|p1a: Clefable|Moonlight|p1a: Clefable
|-heal|p1a: Clefable|68/100 tox
|
|-heal|p2a: Ting-Lu|81/100|[from] item: Leftovers
|-heal|p1a: Clefable|74/100 tox|[from] item: Leftovers
|upkeep
|turn|44
|
|t:|1781301860
|move|p2a: Ting-Lu|Earthquake|p1a: Clefable
|-damage|p1a: Clefable|32/100 tox
|move|p1a: Clefable|Moonlight|p1a: Clefable
|-heal|p1a: Clefable|82/100 tox
|
|-heal|p2a: Ting-Lu|88/100|[from] item: Leftovers
|-heal|p1a: Clefable|89/100 tox|[from] item: Leftovers
|upkeep
|turn|45
|
|t:|1781301867
|move|p2a: Ting-Lu|Earthquake|p1a: Clefable
|-damage|p1a: Clefable|46/100 tox
|move|p1a: Clefable|Moonblast|p2a: Ting-Lu
|-supereffective|p2a: Ting-Lu
|-damage|p2a: Ting-Lu|60/100
|-unboost|p2a: Ting-Lu|spa|1
|
|-heal|p2a: Ting-Lu|67/100|[from] item: Leftovers
|-heal|p1a: Clefable|53/100 tox|[from] item: Leftovers
|upkeep
|turn|46
|
|t:|1781301874
|move|p2a: Ting-Lu|Earthquake|p1a: Clefable
|-damage|p1a: Clefable|12/100 tox
|move|p1a: Clefable|Moonlight|p1a: Clefable
|-heal|p1a: Clefable|62/100 tox
|
|-heal|p2a: Ting-Lu|73/100|[from] item: Leftovers
|-heal|p1a: Clefable|68/100 tox|[from] item: Leftovers
|upkeep
|turn|47
|
|t:|1781301882
|move|p2a: Ting-Lu|Earthquake|p1a: Clefable
|-damage|p1a: Clefable|26/100 tox
|move|p1a: Clefable|Moonblast|p2a: Ting-Lu
|-supereffective|p2a: Ting-Lu
|-damage|p2a: Ting-Lu|43/100
|
|-heal|p2a: Ting-Lu|49/100|[from] item: Leftovers
|-heal|p1a: Clefable|32/100 tox|[from] item: Leftovers
|upkeep
|turn|48
|
|t:|1781301889
|switch|p1a: Corviknight|Corviknight, M|100/100
|-ability|p1a: Corviknight|Pressure
|move|p2a: Ting-Lu|Earthquake|p1a: Corviknight
|-immune|p1a: Corviknight
|
|-heal|p2a: Ting-Lu|55/100|[from] item: Leftovers
|upkeep
|turn|49
|
|t:|1781301896
|switch|p1a: Toxapex|Toxapex, F|100/100
|-damage|p1a: Toxapex|76/100|[from] Spikes
|-damage|p1a: Toxapex|64/100|[from] Stealth Rock
|move|p2a: Ting-Lu|Ruination|p1a: Toxapex
|-damage|p1a: Toxapex|32/100
|
|-heal|p2a: Ting-Lu|61/100|[from] item: Leftovers
|upkeep
|turn|50
|
|t:|1781301904
|switch|p2a: Gholdengo|Gholdengo|100/100
|switch|p1a: Corviknight|Corviknight, M|100/100
|-ability|p1a: Corviknight|Pressure
|
|upkeep
|turn|51
|
|t:|1781301911
|switch|p1a: Alomomola|Alomomola, F|65/100
|-damage|p1a: Alomomola|40/100|[from] Spikes
|-damage|p1a: Alomomola|28/100|[from] Stealth Rock
|move|p2a: Gholdengo|Shadow Ball|p1a: Alomomola
|-crit|p1a: Alomomola
|-damage|p1a: Alomomola|0 fnt
|faint|p1a: Alomomola
|
|upkeep
|
|t:|1781301919
|switch|p1a: Quagsire|Quagsire, F|100/100
|turn|52
|
|t:|1781301926
|switch|p2a: Gliscor|Gliscor, F|84/100 tox
|move|p1a: Quagsire|Stealth Rock|p2a: Gliscor
|-sidestart|p2: smokesniper3|move: Stealth Rock
|
|-heal|p2a: Gliscor|97/100 tox|[from] ability: Poison Heal
|upkeep
|turn|53
|
|t:|1781301932
|switch|p1a: Clefable|Clefable, F|32/100 tox
|move|p2a: Gliscor|Toxic|p1a: Clefable
|-fail|p1a: Clefable|tox
|
|-heal|p1a: Clefable|38/100 tox|[from] item: Leftovers
|-heal|p2a: Gliscor|100/100 tox|[from] ability: Poison Heal
|upkeep
|turn|54
|
|t:|1781301939
|move|p2a: Gliscor|Earthquake|p1a: Clefable
|-damage|p1a: Clefable|0 fnt
|faint|p1a: Clefable
|
|upkeep
|
|t:|1781301947
|switch|p1a: Corviknight|Corviknight, M|100/100
|-ability|p1a: Corviknight|Pressure
|turn|55
|
|t:|1781301954
|switch|p2a: Gholdengo|Gholdengo|100/100
|move|p1a: Corviknight|Iron Defense|p1a: Corviknight
|-boost|p1a: Corviknight|def|2
|
|upkeep
|turn|56
|
|t:|1781301962
|move|p2a: Gholdengo|Trick|p1a: Corviknight
|-activate|p2a: Gholdengo|move: Trick|[of] p1a: Corviknight
|-item|p1a: Corviknight|Heavy-Duty Boots|[from] move: Trick
|-item|p2a: Gholdengo|Heavy-Duty Boots|[from] move: Trick
|move|p1a: Corviknight|Body Press|p2a: Gholdengo
|-immune|p2a: Gholdengo
|
|upkeep
|turn|57
|
|t:|1781301991
|move|p2a: Gholdengo|Shadow Ball|p1a: Corviknight
|-damage|p1a: Corviknight|59/100
|move|p1a: Corviknight|Iron Defense|p1a: Corviknight
|-boost|p1a: Corviknight|def|2
|
|upkeep
|turn|58
|inactive|smokesniper3 has 120 seconds left.
|
|t:|1781302022
|move|p2a: Gholdengo|Make It Rain|p1a: Corviknight
|-resisted|p1a: Corviknight
|-damage|p1a: Corviknight|28/100
|-unboost|p2a: Gholdengo|spa|1
|move|p1a: Corviknight|Iron Defense|p1a: Corviknight
|-boost|p1a: Corviknight|def|2
|
|upkeep
|turn|59
|
|t:|1781302029
|move|p2a: Gholdengo|Make It Rain|p1a: Corviknight
|-resisted|p1a: Corviknight
|-damage|p1a: Corviknight|9/100
|-unboost|p2a: Gholdengo|spa|1
|move|p1a: Corviknight|Body Press|p2a: Gholdengo
|-immune|p2a: Gholdengo
|
|upkeep
|turn|60
|
|t:|1781302041
|move|p2a: Gholdengo|Trick|p1a: Corviknight
|-activate|p2a: Gholdengo|move: Trick|[of] p1a: Corviknight
|-item|p1a: Corviknight|Heavy-Duty Boots|[from] move: Trick
|-item|p2a: Gholdengo|Heavy-Duty Boots|[from] move: Trick
|move|p1a: Corviknight|Body Press|p2a: Gholdengo
|-immune|p2a: Gholdengo
|
|upkeep
|turn|61
|
|t:|1781302048
|switch|p1a: Toxapex|Toxapex, F|66/100
|-damage|p1a: Toxapex|41/100|[from] Spikes
|-damage|p1a: Toxapex|29/100|[from] Stealth Rock
|move|p2a: Gholdengo|Trick|p1a: Toxapex
|-activate|p2a: Gholdengo|move: Trick|[of] p1a: Toxapex
|-item|p1a: Toxapex|Heavy-Duty Boots|[from] move: Trick
|-enditem|p2a: Gholdengo|Heavy-Duty Boots|[silent]|[from] move: Trick
|
|upkeep
|turn|62
|inactive|smokesniper3 has 120 seconds left.
|
|t:|1781302066
|switch|p2a: Gliscor|Gliscor, F|100/100 tox
|-damage|p2a: Gliscor|88/100 tox|[from] Stealth Rock
|move|p1a: Toxapex|Recover|p1a: Toxapex
|-heal|p1a: Toxapex|79/100
|
|-heal|p2a: Gliscor|100/100 tox|[from] ability: Poison Heal
|upkeep
|turn|63
|inactive|smokesniper3 has 120 seconds left.
|
|t:|1781302082
|move|p2a: Gliscor|Earthquake|p1a: Toxapex
|-supereffective|p1a: Toxapex
|-damage|p1a: Toxapex|36/100
|move|p1a: Toxapex|Recover|p1a: Toxapex
|-heal|p1a: Toxapex|87/100
|
|upkeep
|turn|64
|
|t:|1781302089
|switch|p1a: Corviknight|Corviknight, M|9/100
|-ability|p1a: Corviknight|Pressure
|move|p2a: Gliscor|Earthquake|p1a: Corviknight
|-immune|p1a: Corviknight
|
|upkeep
|turn|65
|
|t:|1781302096
|switch|p2a: Zamazenta|Zamazenta|100/100
|-ability|p2a: Zamazenta|Dauntless Shield|boost
|-boost|p2a: Zamazenta|def|1
|switch|p1a: Toxapex|Toxapex, F|100/100
|
|upkeep
|turn|66
|
|t:|1781302110
|switch|p2a: Gliscor|Gliscor, F|100/100 tox
|-damage|p2a: Gliscor|88/100 tox|[from] Stealth Rock
|switch|p1a: Corviknight|Corviknight, M|9/100
|-ability|p1a: Corviknight|Pressure
|
|-heal|p2a: Gliscor|100/100 tox|[from] ability: Poison Heal
|upkeep
|turn|67
|
|t:|1781302117
|switch|p2a: Zamazenta|Zamazenta|100/100
|move|p1a: Corviknight|Body Press|p2a: Zamazenta
|-damage|p2a: Zamazenta|80/100
|
|upkeep
|turn|68
|
|t:|1781302134
|switch|p2a: Darkrai|Darkrai, tera:Poison|56/100
|switch|p1a: Toxapex|Toxapex, F|100/100
|
|upkeep
|turn|69
|
|t:|1781302147
|move|p2a: Darkrai|Knock Off|p1a: Toxapex
|-damage|p1a: Toxapex|83/100
|-enditem|p1a: Toxapex|Heavy-Duty Boots|[from] move: Knock Off|[of] p2a: Darkrai
|move|p1a: Toxapex|Haze|p1a: Toxapex
|-clearallboost
|
|upkeep
|turn|70
|
|t:|1781302156
|move|p2a: Darkrai|Dark Pulse|p1a: Toxapex
|-damage|p1a: Toxapex|48/100
|move|p1a: Toxapex|Recover|p1a: Toxapex
|-heal|p1a: Toxapex|98/100
|
|upkeep
|turn|71
|
|t:|1781302163
|move|p2a: Darkrai|Dark Pulse|p1a: Toxapex
|-damage|p1a: Toxapex|59/100
|move|p1a: Toxapex|Recover|p1a: Toxapex
|-heal|p1a: Toxapex|100/100
|
|upkeep
|turn|72
|
|t:|1781302170
|move|p2a: Darkrai|Dark Pulse|p1a: Toxapex
|-damage|p1a: Toxapex|67/100
|move|p1a: Toxapex|Recover|p1a: Toxapex
|-heal|p1a: Toxapex|100/100
|
|upkeep
|turn|73
|
|t:|1781302177
|move|p2a: Darkrai|Dark Pulse|p1a: Toxapex
|-damage|p1a: Toxapex|64/100
|cant|p1a: Toxapex|flinch
|
|upkeep
|turn|74
|
|t:|1781302184
|move|p2a: Darkrai|Dark Pulse|p1a: Toxapex
|-damage|p1a: Toxapex|27/100
|cant|p1a: Toxapex|flinch
|
|upkeep
|turn|75
|
|t:|1781302191
|move|p2a: Darkrai|Dark Pulse|p1a: Toxapex
|-damage|p1a: Toxapex|0 fnt
|faint|p1a: Toxapex
|
|upkeep
|
|t:|1781302198
|switch|p1a: Quagsire|Quagsire, F|100/100
|turn|76
|
|t:|1781302206
|switch|p2a: Gliscor|Gliscor, F|100/100 tox
|-damage|p2a: Gliscor|88/100 tox|[from] Stealth Rock
|move|p1a: Quagsire|Recover||[still]
|-fail|p1a: Quagsire|heal
|
|-heal|p2a: Gliscor|100/100 tox|[from] ability: Poison Heal
|upkeep
|turn|77
|
|t:|1781302214
|move|p2a: Gliscor|Toxic|p1a: Quagsire
|-status|p1a: Quagsire|tox
|move|p1a: Quagsire|Toxic|p2a: Gliscor
|-fail|p2a: Gliscor|tox
|
|-damage|p1a: Quagsire|94/100 tox|[from] psn
|upkeep
|turn|78
|
|t:|1781302221
|move|p2a: Gliscor|Earthquake|p1a: Quagsire
|-damage|p1a: Quagsire|72/100 tox
|move|p1a: Quagsire|Counter|p2a: Gliscor
|-damage|p2a: Gliscor|49/100 tox
|
|-heal|p2a: Gliscor|62/100 tox|[from] ability: Poison Heal
|-damage|p1a: Quagsire|59/100 tox|[from] psn
|upkeep
|turn|79
|
|t:|1781302232
|move|p2a: Gliscor|Spikes||[still]
|-fail|p2a: Gliscor
|move|p1a: Quagsire|Recover|p1a: Quagsire
|-heal|p1a: Quagsire|100/100 tox
|
|-heal|p2a: Gliscor|74/100 tox|[from] ability: Poison Heal
|-damage|p1a: Quagsire|82/100 tox|[from] psn
|upkeep
|turn|80
|
|t:|1781302239
|move|p2a: Gliscor|Spikes||[still]
|-fail|p2a: Gliscor
|move|p1a: Quagsire|Recover|p1a: Quagsire
|-heal|p1a: Quagsire|100/100 tox
|
|-heal|p2a: Gliscor|87/100 tox|[from] ability: Poison Heal
|-damage|p1a: Quagsire|76/100 tox|[from] psn
|upkeep
|turn|81
|
|t:|1781302246
|switch|p1a: Corviknight|Corviknight, M|9/100
|-ability|p1a: Corviknight|Pressure
|move|p2a: Gliscor|Spikes||[still]
|-fail|p2a: Gliscor
|
|-heal|p2a: Gliscor|99/100 tox|[from] ability: Poison Heal
|upkeep
|turn|82
|
|t:|1781302264
|switch|p2a: Zamazenta|Zamazenta|80/100
|switch|p1a: Quagsire|Quagsire, F|76/100 tox
|
|-damage|p1a: Quagsire|70/100 tox|[from] psn
|upkeep
|turn|83
|c|☆smokesniper3|can i ask was your clod that I crit turn 1 counter
|c|☆smokesniper3|because if so you should have probably won this game
|
|t:|1781302281
|switch|p2a: Gliscor|Gliscor, F|99/100 tox
|-damage|p2a: Gliscor|87/100 tox|[from] Stealth Rock
|move|p1a: Quagsire|Recover|p1a: Quagsire
|-heal|p1a: Quagsire|100/100 tox
|
|-heal|p2a: Gliscor|99/100 tox|[from] ability: Poison Heal
|-damage|p1a: Quagsire|88/100 tox|[from] psn
|upkeep
|turn|84
|
|t:|1781302288
|switch|p1a: Corviknight|Corviknight, M|9/100
|-ability|p1a: Corviknight|Pressure
|move|p2a: Gliscor|Spikes||[still]
|-fail|p2a: Gliscor
|
|-heal|p2a: Gliscor|100/100 tox|[from] ability: Poison Heal
|upkeep
|turn|85
|
|t:|1781302295
|switch|p2a: Zamazenta|Zamazenta|80/100
|switch|p1a: Quagsire|Quagsire, F|88/100 tox
|
|-damage|p1a: Quagsire|82/100 tox|[from] psn
|upkeep
|turn|86
|
|t:|1781302309
|switch|p2a: Gliscor|Gliscor, F|100/100 tox
|-damage|p2a: Gliscor|88/100 tox|[from] Stealth Rock
|move|p1a: Quagsire|Recover|p1a: Quagsire
|-heal|p1a: Quagsire|100/100 tox
|
|-heal|p2a: Gliscor|100/100 tox|[from] ability: Poison Heal
|-damage|p1a: Quagsire|88/100 tox|[from] psn
|upkeep
|turn|87
|
|t:|1781302317
|move|p2a: Gliscor|Spikes||[still]
|-fail|p2a: Gliscor
|move|p1a: Quagsire|Recover|p1a: Quagsire
|-heal|p1a: Quagsire|100/100 tox
|
|-damage|p1a: Quagsire|82/100 tox|[from] psn
|upkeep
|turn|88
|
|t:|1781302324
|switch|p1a: Corviknight|Corviknight, M|9/100
|-ability|p1a: Corviknight|Pressure
|move|p2a: Gliscor|Spikes||[still]
|-fail|p2a: Gliscor
|
|upkeep
|turn|89
|
|t:|1781302331
|switch|p2a: Zamazenta|Zamazenta|80/100
|switch|p1a: Quagsire|Quagsire, F|82/100 tox
|
|-damage|p1a: Quagsire|76/100 tox|[from] psn
|upkeep
|turn|90
|
|t:|1781302344
|switch|p2a: Gliscor|Gliscor, F|100/100 tox
|-damage|p2a: Gliscor|88/100 tox|[from] Stealth Rock
|move|p1a: Quagsire|Recover|p1a: Quagsire
|-heal|p1a: Quagsire|100/100 tox
|
|-heal|p2a: Gliscor|100/100 tox|[from] ability: Poison Heal
|-damage|p1a: Quagsire|88/100 tox|[from] psn
|upkeep
|turn|91
|
|t:|1781302352
|move|p2a: Gliscor|Spikes||[still]
|-fail|p2a: Gliscor
|move|p1a: Quagsire|Counter||[still]
|-fail|p1a: Quagsire
|
|-damage|p1a: Quagsire|70/100 tox|[from] psn
|upkeep
|turn|92
|
|t:|1781302359
|switch|p1a: Corviknight|Corviknight, M|9/100
|-ability|p1a: Corviknight|Pressure
|move|p2a: Gliscor|Spikes||[still]
|-fail|p2a: Gliscor
|
|upkeep
|turn|93
|
|t:|1781302366
|switch|p2a: Zamazenta|Zamazenta|80/100
|switch|p1a: Quagsire|Quagsire, F|70/100 tox
|
|-damage|p1a: Quagsire|64/100 tox|[from] psn
|upkeep
|turn|94
|
|t:|1781302379
|switch|p2a: Gliscor|Gliscor, F|100/100 tox
|-damage|p2a: Gliscor|88/100 tox|[from] Stealth Rock
|move|p1a: Quagsire|Recover|p1a: Quagsire
|-heal|p1a: Quagsire|100/100 tox
|
|-heal|p2a: Gliscor|100/100 tox|[from] ability: Poison Heal
|-damage|p1a: Quagsire|88/100 tox|[from] psn
|upkeep
|turn|95
|
|t:|1781302391
|-terastallize|p1a: Quagsire|Dark
|move|p2a: Gliscor|Spikes||[still]
|-fail|p2a: Gliscor
|move|p1a: Quagsire|Stealth Rock||[still]
|-fail|p1a: Quagsire
|
|-damage|p1a: Quagsire|70/100 tox|[from] psn
|upkeep
|turn|96
|
|t:|1781302400
|switch|p1a: Corviknight|Corviknight, M|9/100
|-ability|p1a: Corviknight|Pressure
|move|p2a: Gliscor|Spikes||[still]
|-fail|p2a: Gliscor
|
|upkeep
|turn|97
|
|t:|1781302406
|switch|p2a: Zamazenta|Zamazenta|80/100
|move|p1a: Corviknight|Defog|p2a: Zamazenta
|-unboost|p2a: Zamazenta|evasion|1
|-sideend|p2: smokesniper3|Stealth Rock|[from] move: Defog|[of] p1a: Corviknight
|-sideend|p1: n1ghtzz33|Spikes|[from] move: Defog|[of] p1a: Corviknight
|-sideend|p1: n1ghtzz33|Stealth Rock|[from] move: Defog|[of] p1a: Corviknight
|
|upkeep
|turn|98
|
|t:|1781302418
|switch|p1a: Quagsire|Quagsire, F, tera:Dark|70/100 tox
|move|p2a: Zamazenta|Close Combat|p1a: Quagsire
|-supereffective|p1a: Quagsire
|-damage|p1a: Quagsire|0 fnt
|-unboost|p2a: Zamazenta|def|1
|-unboost|p2a: Zamazenta|spd|1
|faint|p1a: Quagsire
|
|upkeep
|
|t:|1781302430
|switch|p1a: Corviknight|Corviknight, M|9/100
|-ability|p1a: Corviknight|Pressure
|turn|99
|
|t:|1781302437
|move|p2a: Zamazenta|Close Combat|p1a: Corviknight
|-damage|p1a: Corviknight|0 fnt
|-unboost|p2a: Zamazenta|def|1
|-unboost|p2a: Zamazenta|spd|1
|faint|p1a: Corviknight
|
|win|smokesniper3
|raw|n1ghtzz33's rating: 1572 &rarr; <strong>1549</strong><br />(-23 for losing)
|raw|smokesniper3's rating: 1525 &rarr; <strong>1548</strong><br />(+23 for winning)
|l|☆n1ghtzz33
|player|p1|
