|j|☆fivetomatoes
|j|☆funnygames(1997)
|t:|1781036033
|gametype|singles
|player|p1|fivetomatoes|101|1660
|player|p2|funnygames(1997)|102|1592
|gen|9
|tier|[Gen 9] OU
|rated|
|rule|HP Percentage Mod: HP is shown in percentages
|rule|Endless Battle Clause: Forcing endless battles is banned
|rule|Species Clause: Limit one of each Pokémon
|rule|OHKO Clause: OHKO moves are banned
|rule|Evasion Items Clause: Evasion items are banned
|rule|Evasion Moves Clause: Evasion moves are banned
|rule|Evasion Abilities Clause: Evasion abilities are banned
|rule|Sleep Moves Clause: Sleep-inducing moves are banned
|clearpoke
|poke|p1|Rotom-Wash|
|poke|p1|Rillaboom, F|
|poke|p1|Glimmora, M|
|poke|p1|Garganacl, F|
|poke|p1|Dragapult, M|
|poke|p1|Gholdengo|
|poke|p2|Gholdengo|
|poke|p2|Iron Treads|
|poke|p2|Moltres|
|poke|p2|Samurott-Hisui, M|
|poke|p2|Sinistcha|
|poke|p2|Ting-Lu|
|teampreview
|inactive|Battle timer is ON: inactive players will automatically lose when time's up. (requested by fivetomatoes)
|
|t:|1781036060
|teamsize|p1|6
|teamsize|p2|6
|start
|switch|p1a: Rotom|Rotom-Wash|100/100
|switch|p2a: Samurott|Samurott-Hisui, M|100/100
|turn|1
|
|t:|1781036084
|move|p1a: Rotom|Volt Switch|p2a: Samurott
|-supereffective|p2a: Samurott
|-damage|p2a: Samurott|5/100
|
|t:|1781036090
|switch|p1a: Rillaboom|Rillaboom, F|100/100|[from] Volt Switch
|-fieldstart|move: Grassy Terrain|[from] ability: Grassy Surge|[of] p1a: Rillaboom
|move|p2a: Samurott|Ceaseless Edge|p1a: Rillaboom
|-damage|p1a: Rillaboom|55/100
|-sidestart|p1: fivetomatoes|Spikes
|
|-heal|p2a: Samurott|11/100|[from] Grassy Terrain
|-heal|p1a: Rillaboom|61/100|[from] Grassy Terrain
|upkeep
|turn|2
|
|t:|1781036095
|switch|p2a: Moltres|Moltres|100/100
|move|p1a: Rillaboom|Knock Off|p2a: Moltres
|-damage|p2a: Moltres|68/100
|-enditem|p2a: Moltres|Heavy-Duty Boots|[from] move: Knock Off|[of] p1a: Rillaboom
|-damage|p1a: Rillaboom|51/100|[from] item: Life Orb
|
|-heal|p1a: Rillaboom|57/100|[from] Grassy Terrain
|upkeep
|turn|3
|
|t:|1781036099
|switch|p1a: Glimmora|Glimmora, M|100/100
|move|p2a: Moltres|U-turn|p1a: Glimmora
|-resisted|p1a: Glimmora
|-damage|p1a: Glimmora|95/100
|-activate|p1a: Glimmora|ability: Toxic Debris
|-sidestart|p2: funnygames(1997)|move: Toxic Spikes
|
|t:|1781036102
|switch|p2a: Iron Treads|Iron Treads|100/100|[from] U-turn
|
|-heal|p1a: Glimmora|100/100|[from] Grassy Terrain
|upkeep
|turn|4
|
|t:|1781036110
|move|p1a: Glimmora|Spiky Shield|p1a: Glimmora
|-singleturn|p1a: Glimmora|move: Protect
|move|p2a: Iron Treads|Earthquake|p1a: Glimmora
|-activate|p1a: Glimmora|move: Protect
|
|upkeep
|turn|5
|
|t:|1781036117
|switch|p1a: Rotom|Rotom-Wash|100/100
|move|p2a: Iron Treads|Knock Off|p1a: Rotom
|-damage|p1a: Rotom|67/100
|-enditem|p1a: Rotom|Choice Scarf|[from] move: Knock Off|[of] p2a: Iron Treads
|
|-fieldend|move: Grassy Terrain
|upkeep
|turn|6
|
|t:|1781036129
|-end|p2a: Iron Treads|Quark Drive|[silent]
|switch|p2a: Sinistcha|Sinistcha|100/100
|move|p1a: Rotom|Volt Switch|p2a: Sinistcha
|-resisted|p2a: Sinistcha
|-crit|p2a: Sinistcha
|-damage|p2a: Sinistcha|74/100
|
|t:|1781036138
|switch|p1a: Glimmora|Glimmora, M|100/100|[from] Volt Switch
|
|upkeep
|turn|7
|
|t:|1781036164
|switch|p2a: Iron Treads|Iron Treads|100/100
|move|p1a: Glimmora|Earth Power|p2a: Iron Treads
|-supereffective|p2a: Iron Treads
|-damage|p2a: Iron Treads|59/100
|
|upkeep
|turn|8
|
|t:|1781036169
|move|p1a: Glimmora|Spiky Shield|p1a: Glimmora
|-singleturn|p1a: Glimmora|move: Protect
|move|p2a: Iron Treads|Earthquake|p1a: Glimmora
|-activate|p1a: Glimmora|move: Protect
|
|upkeep
|turn|9
|
|t:|1781036173
|switch|p1a: Rotom|Rotom-Wash|67/100
|move|p2a: Iron Treads|Rapid Spin|p1a: Rotom
|-damage|p1a: Rotom|50/100
|-boost|p2a: Iron Treads|spe|1
|-sideend|p2: funnygames(1997)|Toxic Spikes|[from] move: Rapid Spin|[of] p2a: Iron Treads
|
|upkeep
|turn|10
|
|t:|1781036182
|-end|p2a: Iron Treads|Quark Drive|[silent]
|switch|p2a: Sinistcha|Sinistcha|74/100
|move|p1a: Rotom|Hydro Pump|p2a: Sinistcha|[miss]
|-miss|p1a: Rotom|p2a: Sinistcha
|
|upkeep
|turn|11
|
|t:|1781036190
|move|p1a: Rotom|Volt Switch|p2a: Sinistcha
|-resisted|p2a: Sinistcha
|-damage|p2a: Sinistcha|55/100
|
|t:|1781036198
|switch|p1a: Rillaboom|Rillaboom, F|57/100|[from] Volt Switch
|-damage|p1a: Rillaboom|45/100|[from] Spikes
|-fieldstart|move: Grassy Terrain|[from] ability: Grassy Surge|[of] p1a: Rillaboom
|move|p2a: Sinistcha|Calm Mind|p2a: Sinistcha
|-boost|p2a: Sinistcha|spa|1
|-boost|p2a: Sinistcha|spd|1
|
|-heal|p1a: Rillaboom|51/100|[from] Grassy Terrain
|-heal|p2a: Sinistcha|61/100|[from] Grassy Terrain
|upkeep
|turn|12
|inactive|funnygames(1997) has 120 seconds left.
|
|t:|1781036228
|-terastallize|p2a: Sinistcha|Poison
|move|p1a: Rillaboom|Wood Hammer|p2a: Sinistcha
|-resisted|p2a: Sinistcha
|-damage|p2a: Sinistcha|24/100
|-damage|p1a: Rillaboom|39/100|[from] Recoil
|-damage|p1a: Rillaboom|29/100|[from] item: Life Orb
|move|p2a: Sinistcha|Strength Sap|p1a: Rillaboom
|-unboost|p1a: Rillaboom|atk|1
|-heal|p2a: Sinistcha|100/100
|
|-heal|p1a: Rillaboom|35/100|[from] Grassy Terrain
|upkeep
|turn|13
|inactive|funnygames(1997) has 120 seconds left.
|
|t:|1781036239
|switch|p1a: Gholdengo|Gholdengo|100/100
|-damage|p1a: Gholdengo|88/100|[from] Spikes
|move|p2a: Sinistcha|Calm Mind|p2a: Sinistcha
|-boost|p2a: Sinistcha|spa|1
|-boost|p2a: Sinistcha|spd|1
|
|-heal|p1a: Gholdengo|94/100|[from] Grassy Terrain
|upkeep
|turn|14
|
|t:|1781036243
|move|p1a: Gholdengo|Trick|p2a: Sinistcha
|-activate|p1a: Gholdengo|move: Trick|[of] p2a: Sinistcha
|-item|p2a: Sinistcha|Choice Scarf|[from] move: Trick
|-item|p1a: Gholdengo|Heavy-Duty Boots|[from] move: Trick
|move|p2a: Sinistcha|Shadow Ball|p1a: Gholdengo
|-supereffective|p1a: Gholdengo
|-damage|p1a: Gholdengo|0 fnt
|faint|p1a: Gholdengo
|
|upkeep
|
|t:|1781036246
|switch|p1a: Garganacl|Garganacl, F|100/100
|-damage|p1a: Garganacl|88/100|[from] Spikes
|turn|15
|
|t:|1781036249
|move|p2a: Sinistcha|Shadow Ball|p1a: Garganacl
|-damage|p1a: Garganacl|58/100
|-unboost|p1a: Garganacl|spd|1
|move|p1a: Garganacl|Salt Cure|p2a: Sinistcha
|-damage|p2a: Sinistcha|90/100
|-start|p2a: Sinistcha|Salt Cure
|
|-heal|p2a: Sinistcha|96/100|[from] Grassy Terrain
|-heal|p1a: Garganacl|65/100|[from] Grassy Terrain
|-heal|p1a: Garganacl|71/100|[from] item: Leftovers
|-damage|p2a: Sinistcha|84/100|[from] Salt Cure
|-fieldend|move: Grassy Terrain
|upkeep
|turn|16
|
|t:|1781036258
|switch|p2a: Samurott|Samurott-Hisui, M|11/100
|move|p1a: Garganacl|Protect||[still]
|-fail|p1a: Garganacl
|
|-heal|p1a: Garganacl|77/100|[from] item: Leftovers
|upkeep
|turn|17
|
|t:|1781036267
|move|p1a: Garganacl|Protect|p1a: Garganacl
|-singleturn|p1a: Garganacl|Protect
|move|p2a: Samurott|Flip Turn|p1a: Garganacl
|-activate|p1a: Garganacl|move: Protect
|
|-heal|p1a: Garganacl|83/100|[from] item: Leftovers
|upkeep
|turn|18
|
|t:|1781036271
|move|p2a: Samurott|Flip Turn|p1a: Garganacl
|-supereffective|p1a: Garganacl
|-damage|p1a: Garganacl|55/100
|
|t:|1781036276
|switch|p2a: Iron Treads|Iron Treads|59/100|[from] Flip Turn
|move|p1a: Garganacl|Salt Cure|p2a: Iron Treads
|-resisted|p2a: Iron Treads
|-damage|p2a: Iron Treads|57/100
|
|-heal|p1a: Garganacl|61/100|[from] item: Leftovers
|upkeep
|turn|19
|
|t:|1781036284
|move|p1a: Garganacl|Protect|p1a: Garganacl
|-singleturn|p1a: Garganacl|Protect
|move|p2a: Iron Treads|Knock Off|p1a: Garganacl
|-activate|p1a: Garganacl|move: Protect
|
|-heal|p1a: Garganacl|67/100|[from] item: Leftovers
|upkeep
|turn|20
|
|t:|1781036291
|switch|p1a: Rotom|Rotom-Wash|50/100
|move|p2a: Iron Treads|Knock Off|p1a: Rotom
|-damage|p1a: Rotom|27/100
|
|upkeep
|turn|21
|
|t:|1781036309
|-end|p2a: Iron Treads|Quark Drive|[silent]
|switch|p2a: Ting-Lu|Ting-Lu|100/100
|-ability|p2a: Ting-Lu|Vessel of Ruin
|move|p1a: Rotom|Hydro Pump|p2a: Ting-Lu|[miss]
|-miss|p1a: Rotom|p2a: Ting-Lu
|
|upkeep
|turn|22
|
|t:|1781036313
|move|p1a: Rotom|Hydro Pump|p2a: Ting-Lu
|-supereffective|p2a: Ting-Lu
|-damage|p2a: Ting-Lu|58/100
|move|p2a: Ting-Lu|Stealth Rock|p1a: Rotom
|-sidestart|p1: fivetomatoes|move: Stealth Rock
|
|-heal|p2a: Ting-Lu|64/100|[from] item: Leftovers
|upkeep
|turn|23
|
|t:|1781036318
|move|p1a: Rotom|Hydro Pump|p2a: Ting-Lu
|-supereffective|p2a: Ting-Lu
|-damage|p2a: Ting-Lu|25/100
|move|p2a: Ting-Lu|Whirlwind|p1a: Rotom
|drag|p1a: Glimmora|Glimmora, M|100/100
|
|-heal|p2a: Ting-Lu|32/100|[from] item: Leftovers
|upkeep
|turn|24
|j| 0CarpetBombMoscow
|l| 0CarpetBombMoscow
|
|t:|1781036324
|move|p1a: Glimmora|Mortal Spin|p2a: Ting-Lu
|-resisted|p2a: Ting-Lu
|-damage|p2a: Ting-Lu|30/100
|-status|p2a: Ting-Lu|psn
|-sideend|p1: fivetomatoes|Spikes|[from] move: Mortal Spin|[of] p1a: Glimmora
|-sideend|p1: fivetomatoes|Stealth Rock|[from] move: Mortal Spin|[of] p1a: Glimmora
|move|p2a: Ting-Lu|Earthquake|p1a: Glimmora
|-supereffective|p1a: Glimmora
|-damage|p1a: Glimmora|0 fnt
|-activate|p1a: Glimmora|ability: Toxic Debris
|-sidestart|p2: funnygames(1997)|move: Toxic Spikes
|faint|p1a: Glimmora
|
|-heal|p2a: Ting-Lu|36/100 psn|[from] item: Leftovers
|-damage|p2a: Ting-Lu|24/100 psn|[from] psn
|upkeep
|
|t:|1781036328
|switch|p1a: Dragapult|Dragapult, M|100/100
|turn|25
|
|t:|1781036331
|move|p1a: Dragapult|Dragon Darts|p2a: Ting-Lu
|-damage|p2a: Ting-Lu|13/100 psn
|-anim|p1a: Dragapult|Dragon Darts|p2a: Ting-Lu
|-damage|p2a: Ting-Lu|1/100 psn
|move|p2a: Ting-Lu|Whirlwind|p1a: Dragapult
|drag|p1a: Rotom|Rotom-Wash|27/100
|
|-heal|p2a: Ting-Lu|8/100 psn|[from] item: Leftovers
|-damage|p2a: Ting-Lu|0 fnt|[from] psn
|faint|p2a: Ting-Lu
|upkeep
|
|t:|1781036357
|switch|p2a: Gholdengo|Gholdengo|100/100
|turn|26
|
|t:|1781036368
|move|p1a: Rotom|Hydro Pump|p2a: Gholdengo
|-damage|p2a: Gholdengo|40/100
|move|p2a: Gholdengo|Thunderbolt|p1a: Rotom
|-damage|p1a: Rotom|0 fnt
|faint|p1a: Rotom
|
|upkeep
|
|t:|1781036374
|switch|p1a: Dragapult|Dragapult, M|100/100
|turn|27
|
|t:|1781036386
|switch|p2a: Sinistcha|Sinistcha, tera:Poison|84/100
|-sideend|p2: funnygames(1997)|move: Toxic Spikes|[of] p2a: Sinistcha
|move|p1a: Dragapult|Substitute|p1a: Dragapult
|-start|p1a: Dragapult|Substitute
|-damage|p1a: Dragapult|76/100
|
|-heal|p1a: Dragapult|82/100|[from] item: Leftovers
|upkeep
|turn|28
|
|t:|1781036392
|move|p1a: Dragapult|Thunder Wave|p2a: Sinistcha
|-status|p2a: Sinistcha|par
|cant|p2a: Sinistcha|par
|
|-heal|p1a: Dragapult|88/100|[from] item: Leftovers
|upkeep
|turn|29
|
|t:|1781036396
|move|p1a: Dragapult|Hex|p2a: Sinistcha
|-damage|p2a: Sinistcha|35/100 par
|move|p2a: Sinistcha|Shadow Ball|p1a: Dragapult
|-supereffective|p1a: Dragapult
|-end|p1a: Dragapult|Substitute
|
|-heal|p1a: Dragapult|94/100|[from] item: Leftovers
|upkeep
|turn|30
|
|t:|1781036407
|switch|p2a: Iron Treads|Iron Treads|57/100
|move|p1a: Dragapult|Substitute|p1a: Dragapult
|-start|p1a: Dragapult|Substitute
|-damage|p1a: Dragapult|69/100
|
|-heal|p1a: Dragapult|75/100|[from] item: Leftovers
|upkeep
|turn|31
|
|t:|1781036409
|move|p1a: Dragapult|Hex|p2a: Iron Treads
|-damage|p2a: Iron Treads|39/100
|move|p2a: Iron Treads|Knock Off|p1a: Dragapult
|-supereffective|p1a: Dragapult
|-crit|p1a: Dragapult
|-end|p1a: Dragapult|Substitute
|
|-heal|p1a: Dragapult|81/100|[from] item: Leftovers
|upkeep
|turn|32
|
|t:|1781036415
|switch|p1a: Rillaboom|Rillaboom, F|35/100
|-fieldstart|move: Grassy Terrain|[from] ability: Grassy Surge|[of] p1a: Rillaboom
|move|p2a: Iron Treads|Knock Off|p1a: Rillaboom
|-damage|p1a: Rillaboom|9/100
|-enditem|p1a: Rillaboom|Life Orb|[from] move: Knock Off|[of] p2a: Iron Treads
|
|-heal|p2a: Iron Treads|45/100|[from] Grassy Terrain
|-heal|p1a: Rillaboom|15/100|[from] Grassy Terrain
|upkeep
|turn|33
|l|☆fivetomatoes
|inactive|fivetomatoes disconnected and has a minute to reconnect!
|player|p1|
|inactive|fivetomatoes has 30 seconds to reconnect!
|inactive|fivetomatoes has 20 seconds to reconnect!
|inactive|fivetomatoes has 15 seconds to reconnect!
|inactive|fivetomatoes has 10 seconds to reconnect!
|inactive|fivetomatoes has 5 seconds to reconnect!
|-message|fivetomatoes lost due to inactivity.
|
|win|funnygames(1997)
|raw|fivetomatoes's rating: 1660 &rarr; <strong>1636</strong><br />(-24 for losing)
|raw|funnygames(1997)'s rating: 1592 &rarr; <strong>1616</strong><br />(+24 for winning)
|l|☆funnygames(1997)
|player|p2|
