|j|☆justicicle
|j|☆ashavathama
|t:|1781490582
|gametype|singles
|player|p1|justicicle|wattson|1524
|player|p2|ashavathama|101|1576
|gen|9
|tier|[Gen 9] OU
|rated|
|rule|HP Percentage Mod: HP is shown in percentages
|rule|Endless Battle Clause: Forcing endless battles is banned
|rule|Species Clause: Limit one of each Pokémon
|rule|OHKO Clause: OHKO moves are banned
|rule|Evasion Items Clause: Evasion items are banned
|rule|Evasion Moves Clause: Evasion moves are banned
|rule|Evasion Abilities Clause: Evasion abilities are banned
|rule|Sleep Moves Clause: Sleep-inducing moves are banned
|clearpoke
|poke|p1|Ogerpon, F|
|poke|p1|Gastrodon-East, F|
|poke|p1|Primarina, F|
|poke|p1|Iron Treads|
|poke|p1|Gholdengo|
|poke|p1|Latios, M|
|poke|p2|Gliscor, M|
|poke|p2|Samurott-Hisui, M|
|poke|p2|Kingambit, M|
|poke|p2|Raging Bolt|
|poke|p2|Cinderace, F|
|poke|p2|Primarina, M|
|teampreview
|inactive|Battle timer is ON: inactive players will automatically lose when time's up. (requested by ashavathama)
|
|t:|1781490593
|teamsize|p1|6
|teamsize|p2|6
|start
|switch|p1a: Gastrodon-Teal|Gastrodon-East, F, shiny|100/100
|switch|p2a: Cinderace|Cinderace, F|100/100
|turn|1
|
|t:|1781490597
|move|p2a: Cinderace|U-turn|p1a: Gastrodon-Teal
|-start|p2a: Cinderace|typechange|Bug|[from] ability: Libero
|-damage|p1a: Gastrodon-Teal|75/100
|
|t:|1781490602
|switch|p2a: Samurott|Samurott-Hisui, M|100/100|[from] U-turn
|move|p1a: Gastrodon-Teal|Stealth Rock|p2a: Samurott
|-sidestart|p2: ashavathama|move: Stealth Rock
|
|-heal|p1a: Gastrodon-Teal|81/100|[from] item: Leftovers
|upkeep
|turn|2
|
|t:|1781490611
|switch|p1a: Primarina-Teal|Primarina, F|100/100
|move|p2a: Samurott|Ceaseless Edge|p1a: Primarina-Teal
|-resisted|p1a: Primarina-Teal
|-damage|p1a: Primarina-Teal|75/100
|-sidestart|p1: justicicle|Spikes
|
|upkeep
|turn|3
|
|t:|1781490621
|move|p2a: Samurott|Knock Off|p1a: Primarina-Teal
|-resisted|p1a: Primarina-Teal
|-damage|p1a: Primarina-Teal|50/100
|-enditem|p1a: Primarina-Teal|Assault Vest|[from] move: Knock Off|[of] p2a: Samurott
|move|p1a: Primarina-Teal|Moonblast|p2a: Samurott
|-supereffective|p2a: Samurott
|-crit|p2a: Samurott
|-damage|p2a: Samurott|0 fnt
|faint|p2a: Samurott
|
|upkeep
|
|t:|1781490631
|switch|p2a: Primarina|Primarina, M|100/100
|-damage|p2a: Primarina|88/100|[from] Stealth Rock
|turn|4
|
|t:|1781490636
|move|p2a: Primarina|Flip Turn|p1a: Primarina-Teal
|-resisted|p1a: Primarina-Teal
|-damage|p1a: Primarina-Teal|42/100
|
|t:|1781490643
|switch|p2a: Gliscor|Gliscor, M|100/100|[from] Flip Turn
|-damage|p2a: Gliscor|88/100|[from] Stealth Rock
|move|p1a: Primarina-Teal|Flip Turn|p2a: Gliscor
|-supereffective|p2a: Gliscor
|-damage|p2a: Gliscor|69/100
|
|t:|1781490669
|switch|p1a: Latios-Teal|Latios, M, shiny|100/100|[from] Flip Turn
|
|-status|p2a: Gliscor|tox|[from] item: Toxic Orb
|upkeep
|turn|5
|
|t:|1781490676
|move|p1a: Latios-Teal|Draco Meteor|p2a: Gliscor
|-damage|p2a: Gliscor|0 fnt
|-unboost|p1a: Latios-Teal|spa|2
|faint|p2a: Gliscor
|
|upkeep
|
|t:|1781490682
|switch|p2a: Kingambit|Kingambit, M|100/100
|-damage|p2a: Kingambit|94/100|[from] Stealth Rock
|-activate|p2a: Kingambit|ability: Supreme Overlord
|-start|p2a: Kingambit|fallen2|[silent]
|turn|6
|
|t:|1781490690
|switch|p1a: Tealdengo|Gholdengo, shiny|100/100
|-damage|p1a: Tealdengo|88/100|[from] Spikes
|move|p2a: Kingambit|Swords Dance|p2a: Kingambit
|-boost|p2a: Kingambit|atk|2
|
|upkeep
|turn|7
|
|t:|1781490694
|-terastallize|p1a: Tealdengo|Fighting
|move|p1a: Tealdengo|Focus Blast|p2a: Kingambit
|-supereffective|p2a: Kingambit
|-damage|p2a: Kingambit|0 fnt
|faint|p2a: Kingambit
|-end|p2a: Kingambit|fallen2|[silent]
|
|upkeep
|
|t:|1781490700
|switch|p2a: Primarina|Primarina, M|88/100
|-damage|p2a: Primarina|76/100|[from] Stealth Rock
|turn|8
|
|t:|1781490713
|move|p1a: Tealdengo|Hex|p2a: Primarina
|-damage|p2a: Primarina|57/100
|move|p2a: Primarina|Surf|p1a: Tealdengo
|-damage|p1a: Tealdengo|36/100
|
|upkeep
|turn|9
|
|t:|1781490719
|move|p1a: Tealdengo|Hex|p2a: Primarina
|-damage|p2a: Primarina|39/100
|move|p2a: Primarina|Moonblast|p1a: Tealdengo
|-supereffective|p1a: Tealdengo
|-crit|p1a: Tealdengo
|-damage|p1a: Tealdengo|0 fnt
|faint|p1a: Tealdengo
|
|upkeep
|
|t:|1781490721
|switch|p1a: Ogerpon-Teal|Ogerpon, F|100/100
|turn|10
|
|t:|1781490725
|move|p1a: Ogerpon-Teal|Ivy Cudgel|p2a: Primarina
|-supereffective|p2a: Primarina
|-damage|p2a: Primarina|0 fnt
|faint|p2a: Primarina
|
|upkeep
|
|t:|1781490728
|switch|p2a: Cinderace|Cinderace, F|100/100
|turn|11
|
|t:|1781490733
|move|p2a: Cinderace|Pyro Ball|p1a: Ogerpon-Teal
|-supereffective|p1a: Ogerpon-Teal
|-damage|p1a: Ogerpon-Teal|0 fnt
|faint|p1a: Ogerpon-Teal
|
|upkeep
|
|t:|1781490735
|switch|p1a: Gastrodon-Teal|Gastrodon-East, F, shiny|81/100
|-damage|p1a: Gastrodon-Teal|69/100|[from] Spikes
|turn|12
|
|t:|1781490739
|move|p2a: Cinderace|Sucker Punch||[still]
|-fail|p2a: Cinderace
|move|p1a: Gastrodon-Teal|Recover|p1a: Gastrodon-Teal
|-heal|p1a: Gastrodon-Teal|100/100
|
|upkeep
|turn|13
|
|t:|1781490746
|move|p2a: Cinderace|U-turn|p1a: Gastrodon-Teal
|-start|p2a: Cinderace|typechange|Bug|[from] ability: Libero
|-damage|p1a: Gastrodon-Teal|76/100
|
|t:|1781490748
|switch|p2a: Raging Bolt|Raging Bolt|100/100|[from] U-turn
|-damage|p2a: Raging Bolt|88/100|[from] Stealth Rock
|-enditem|p2a: Raging Bolt|Booster Energy
|-activate|p2a: Raging Bolt|ability: Protosynthesis|[fromitem]
|-start|p2a: Raging Bolt|protosynthesisspa
|move|p1a: Gastrodon-Teal|Earth Power|p2a: Raging Bolt
|-supereffective|p2a: Raging Bolt
|-damage|p2a: Raging Bolt|25/100
|
|-heal|p1a: Gastrodon-Teal|82/100|[from] item: Leftovers
|upkeep
|turn|14
|
|t:|1781490752
|move|p2a: Raging Bolt|Dragon Pulse|p1a: Gastrodon-Teal
|-damage|p1a: Gastrodon-Teal|20/100
|move|p1a: Gastrodon-Teal|Ice Beam|p2a: Raging Bolt
|-supereffective|p2a: Raging Bolt
|-damage|p2a: Raging Bolt|0 fnt
|faint|p2a: Raging Bolt
|-end|p2a: Raging Bolt|Protosynthesis|[silent]
|
|-heal|p1a: Gastrodon-Teal|26/100|[from] item: Leftovers
|upkeep
|
|t:|1781490755
|switch|p2a: Cinderace|Cinderace, F|100/100
|turn|15
|
|t:|1781490758
|move|p2a: Cinderace|Pyro Ball|p1a: Gastrodon-Teal
|-resisted|p1a: Gastrodon-Teal
|-damage|p1a: Gastrodon-Teal|5/100
|move|p1a: Gastrodon-Teal|Recover|p1a: Gastrodon-Teal
|-heal|p1a: Gastrodon-Teal|55/100
|
|-heal|p1a: Gastrodon-Teal|61/100|[from] item: Leftovers
|upkeep
|turn|16
|-message|ashavathama forfeited.
|
|win|justicicle
|raw|justicicle's rating: 1524 &rarr; <strong>1547</strong><br />(+23 for winning)
|raw|ashavathama's rating: 1576 &rarr; <strong>1553</strong><br />(-23 for losing)
|l|☆ashavathama
|player|p2|
|l|☆justicicle
|player|p1|
