|j|☆achbeet
|j|‽zippitytippity
|t:|1781580088
|gametype|singles
|player|p1|achbeet|102|1651
|player|p2|zippitytippity|cynthia-masters4|1665
|gen|9
|tier|[Gen 9] OU
|rated|
|rule|HP Percentage Mod: HP is shown in percentages
|rule|Endless Battle Clause: Forcing endless battles is banned
|rule|Species Clause: Limit one of each Pokémon
|rule|OHKO Clause: OHKO moves are banned
|rule|Evasion Items Clause: Evasion items are banned
|rule|Evasion Moves Clause: Evasion moves are banned
|rule|Evasion Abilities Clause: Evasion abilities are banned
|rule|Sleep Moves Clause: Sleep-inducing moves are banned
|clearpoke
|poke|p1|Darkrai|
|poke|p1|Okidogi, M|
|poke|p1|Sandy Shocks|
|poke|p1|Araquanid, M|
|poke|p1|Gholdengo|
|poke|p1|Iron Moth|
|poke|p2|Ursaluna, M|
|poke|p2|Cresselia, F|
|poke|p2|Iron Valiant|
|poke|p2|Hatterene, F|
|poke|p2|Keldeo-Resolute|
|poke|p2|Ogerpon, F|
|teampreview
|
|t:|1781580118
|teamsize|p1|6
|teamsize|p2|6
|start
|switch|p1a: Araquanid|Araquanid, M|100/100
|switch|p2a: Ogerpon|Ogerpon, F|100/100
|turn|1
|inactive|Battle timer is ON: inactive players will automatically lose when time's up. (requested by zippitytippity)
|
|t:|1781580139
|switch|p1a: Okidogi|Okidogi, M|100/100
|move|p2a: Ogerpon|U-turn|p1a: Okidogi
|-resisted|p1a: Okidogi
|-damage|p1a: Okidogi|93/100
|
|t:|1781580145
|switch|p2a: Ursaluna|Ursaluna, M, shiny|100/100|[from] U-turn
|
|-heal|p1a: Okidogi|99/100|[from] item: Leftovers
|-status|p2a: Ursaluna|brn|[from] item: Flame Orb
|upkeep
|turn|2
|
|t:|1781580151
|switch|p1a: Gholdengo|Gholdengo|100/100
|-item|p1a: Gholdengo|Air Balloon
|move|p2a: Ursaluna|Facade|p1a: Gholdengo
|-immune|p1a: Gholdengo
|
|-damage|p2a: Ursaluna|94/100 brn|[from] brn
|upkeep
|turn|3
|
|t:|1781580158
|move|p1a: Gholdengo|Make It Rain|p2a: Ursaluna
|-damage|p2a: Ursaluna|31/100 brn
|-unboost|p1a: Gholdengo|spa|1
|move|p2a: Ursaluna|Fire Punch|p1a: Gholdengo
|-supereffective|p1a: Gholdengo
|-damage|p1a: Gholdengo|0 fnt
|-enditem|p1a: Gholdengo|Air Balloon
|faint|p1a: Gholdengo
|
|-damage|p2a: Ursaluna|25/100 brn|[from] brn
|upkeep
|j| nw loader
|
|t:|1781580171
|switch|p1a: Darkrai|Darkrai|100/100
|turn|4
|
|t:|1781580178
|switch|p2a: Keldeo|Keldeo-Resolute|100/100
|move|p1a: Darkrai|Dark Pulse|p2a: Keldeo
|-resisted|p2a: Keldeo
|-damage|p2a: Keldeo|67/100
|-ability|p2a: Keldeo|Justified|boost
|-boost|p2a: Keldeo|atk|1
|-damage|p1a: Darkrai|91/100|[from] item: Life Orb
|
|upkeep
|turn|5
|
|t:|1781580184
|switch|p1a: Araquanid|Araquanid, M|100/100
|move|p2a: Keldeo|Secret Sword|p1a: Araquanid
|-resisted|p1a: Araquanid
|-damage|p1a: Araquanid|61/100
|
|upkeep
|turn|6
|
|t:|1781580190
|switch|p2a: Hatterene|Hatterene, F, shiny|100/100
|move|p1a: Araquanid|Endeavor|p2a: Hatterene
|-damage|p2a: Hatterene|65/100
|
|upkeep
|turn|7
|
|t:|1781580194
|move|p1a: Araquanid|Liquidation|p2a: Hatterene
|-damage|p2a: Hatterene|0 fnt
|faint|p2a: Hatterene
|
|upkeep
|
|t:|1781580197
|switch|p2a: Ogerpon|Ogerpon, F|100/100
|turn|8
|
|t:|1781580202
|switch|p1a: Okidogi|Okidogi, M|99/100
|move|p2a: Ogerpon|U-turn|p1a: Okidogi
|-resisted|p1a: Okidogi
|-damage|p1a: Okidogi|92/100
|
|t:|1781580205
|switch|p2a: Cresselia|Cresselia, F, shiny|100/100|[from] U-turn
|
|-heal|p1a: Okidogi|98/100|[from] item: Leftovers
|upkeep
|turn|9
|j| choispecs ironmoth
|
|t:|1781580212
|switch|p1a: Araquanid|Araquanid, M|61/100
|move|p2a: Cresselia|Trick Room|p2a: Cresselia
|-fieldstart|move: Trick Room|[of] p2a: Cresselia
|
|upkeep
|turn|10
|
|t:|1781580218
|move|p1a: Araquanid|Liquidation|p2a: Cresselia
|-damage|p2a: Cresselia|65/100
|-damage|p1a: Araquanid|44/100|[from] item: Rocky Helmet|[of] p2a: Cresselia
|move|p2a: Cresselia|Lunar Dance|p2a: Cresselia
|faint|p2a: Cresselia
|
|upkeep
|
|t:|1781580220
|switch|p2a: Ursaluna|Ursaluna, M, shiny|25/100 brn
|-heal|p2a: Ursaluna|100/100|[from] move: Lunar Dance
|turn|11
|
|t:|1781580226
|move|p2a: Ursaluna|Facade|p1a: Araquanid
|-damage|p1a: Araquanid|0 fnt
|faint|p1a: Araquanid
|
|-status|p2a: Ursaluna|brn|[from] item: Flame Orb
|upkeep
|
|t:|1781580238
|switch|p1a: Darkrai|Darkrai|91/100
|turn|12
|j|+beautifications
|
|t:|1781580242
|move|p2a: Ursaluna|Facade|p1a: Darkrai
|-damage|p1a: Darkrai|0 fnt
|faint|p1a: Darkrai
|
|-damage|p2a: Ursaluna|94/100 brn|[from] brn
|upkeep
|
|t:|1781580245
|switch|p1a: Okidogi|Okidogi, M|98/100
|turn|13
|
|t:|1781580247
|move|p2a: Ursaluna|Facade|p1a: Okidogi
|-crit|p1a: Okidogi
|-damage|p1a: Okidogi|0 fnt
|faint|p1a: Okidogi
|
|-damage|p2a: Ursaluna|88/100 brn|[from] brn
|-fieldend|move: Trick Room
|upkeep
|
|t:|1781580254
|switch|p1a: Sandy Shocks|Sandy Shocks|100/100
|-enditem|p1a: Sandy Shocks|Booster Energy
|-activate|p1a: Sandy Shocks|ability: Protosynthesis|[fromitem]
|-start|p1a: Sandy Shocks|protosynthesisspe
|turn|14
|
|t:|1781580259
|move|p1a: Sandy Shocks|Earth Power|p2a: Ursaluna
|-damage|p2a: Ursaluna|51/100 brn
|-unboost|p2a: Ursaluna|spd|1
|move|p2a: Ursaluna|Facade|p1a: Sandy Shocks
|-damage|p1a: Sandy Shocks|0 fnt
|faint|p1a: Sandy Shocks
|-end|p1a: Sandy Shocks|Protosynthesis|[silent]
|
|-damage|p2a: Ursaluna|45/100 brn|[from] brn
|upkeep
|
|t:|1781580264
|switch|p1a: Iron Moth|Iron Moth|100/100
|-enditem|p1a: Iron Moth|Booster Energy
|-activate|p1a: Iron Moth|ability: Quark Drive|[fromitem]
|-start|p1a: Iron Moth|quarkdrivespa
|turn|15
|
|t:|1781580270
|move|p1a: Iron Moth|Fiery Dance|p2a: Ursaluna
|-damage|p2a: Ursaluna|0 fnt
|faint|p2a: Ursaluna
|
|upkeep
|
|t:|1781580273
|switch|p2a: Iron Valiant|Iron Valiant|100/100
|-enditem|p2a: Iron Valiant|Booster Energy
|-activate|p2a: Iron Valiant|ability: Quark Drive|[fromitem]
|-start|p2a: Iron Valiant|quarkdrivespe
|turn|16
|
|t:|1781580276
|move|p2a: Iron Valiant|Destiny Bond|p2a: Iron Valiant
|-singlemove|p2a: Iron Valiant|Destiny Bond
|move|p1a: Iron Moth|Dazzling Gleam|p2a: Iron Valiant
|-supereffective|p2a: Iron Valiant
|-damage|p2a: Iron Valiant|0 fnt
|faint|p2a: Iron Valiant
|-activate|p2a: Iron Valiant|move: Destiny Bond
|-end|p2a: Iron Valiant|Quark Drive|[silent]
|faint|p1a: Iron Moth
|-end|p1a: Iron Moth|Quark Drive|[silent]
|
|win|zippitytippity
|raw|achbeet's rating: 1651 &rarr; <strong>1632</strong><br />(-19 for losing)
|raw|zippitytippity's rating: 1665 &rarr; <strong>1684</strong><br />(+19 for winning)
|l|☆achbeet
|player|p1|
|l|‽zippitytippity
|player|p2|
|l|+beautifications
|l| nw loader
