|j|‽TheCannonites
|j|‽oathusishere
|t:|1781362722
|gametype|singles
|player|p1|TheCannonites|n|1591
|player|p2|oathusishere|artistf-gen6|1736
|gen|9
|tier|[Gen 9] OU
|rated|
|rule|HP Percentage Mod: HP is shown in percentages
|rule|Endless Battle Clause: Forcing endless battles is banned
|rule|Species Clause: Limit one of each Pokémon
|rule|OHKO Clause: OHKO moves are banned
|rule|Evasion Items Clause: Evasion items are banned
|rule|Evasion Moves Clause: Evasion moves are banned
|rule|Evasion Abilities Clause: Evasion abilities are banned
|rule|Sleep Moves Clause: Sleep-inducing moves are banned
|clearpoke
|poke|p1|Grimmsnarl, M|
|poke|p1|Blastoise, M|
|poke|p1|Hatterene, F|
|poke|p1|Iron Crown|
|poke|p1|Great Tusk|
|poke|p1|Ceruledge, M|
|poke|p2|Gardevoir, M|
|poke|p2|Rillaboom, F|
|poke|p2|Iron Crown|
|poke|p2|Great Tusk|
|poke|p2|Glimmora, M|
|poke|p2|Iron Jugulis|
|teampreview
|inactive|Battle timer is ON: inactive players will automatically lose when time's up. (requested by oathusishere)
|inactive|TheCannonites also wants the timer to be on.
|
|t:|1781362729
|teamsize|p1|6
|teamsize|p2|6
|start
|switch|p1a: Grimmsnarl|Grimmsnarl, M|100/100
|switch|p2a: Iron Jugulis|Iron Jugulis|100/100
|-enditem|p2a: Iron Jugulis|Booster Energy
|-activate|p2a: Iron Jugulis|ability: Quark Drive|[fromitem]
|-start|p2a: Iron Jugulis|quarkdrivespe
|turn|1
|
|t:|1781362737
|move|p1a: Grimmsnarl|Light Screen|p1a: Grimmsnarl
|-sidestart|p1: TheCannonites|move: Light Screen
|move|p2a: Iron Jugulis|Taunt|p1a: Grimmsnarl
|-start|p1a: Grimmsnarl|move: Taunt
|
|upkeep
|turn|2
|
|t:|1781362742
|switch|p1a: Hatterene|Hatterene, F|100/100
|move|p2a: Iron Jugulis|Hurricane|p1a: Hatterene
|-damage|p1a: Hatterene|70/100
|-start|p1a: Hatterene|confusion
|
|-heal|p1a: Hatterene|76/100|[from] item: Leftovers
|upkeep
|turn|3
|
|t:|1781362751
|-end|p2a: Iron Jugulis|Quark Drive|[silent]
|switch|p2a: Rillaboom|Rillaboom, F|100/100
|-fieldstart|move: Grassy Terrain|[from] ability: Grassy Surge|[of] p2a: Rillaboom
|-activate|p1a: Hatterene|confusion
|move|p1a: Hatterene|Calm Mind|p1a: Hatterene
|-boost|p1a: Hatterene|spa|1
|-boost|p1a: Hatterene|spd|1
|
|-heal|p1a: Hatterene|82/100|[from] Grassy Terrain
|-heal|p1a: Hatterene|88/100|[from] item: Leftovers
|upkeep
|turn|4
|
|t:|1781362762
|switch|p2a: Iron Crown|Iron Crown|100/100
|-enditem|p2a: Iron Crown|Booster Energy
|-activate|p2a: Iron Crown|ability: Quark Drive|[fromitem]
|-start|p2a: Iron Crown|quarkdrivespe
|-end|p1a: Hatterene|confusion
|move|p1a: Hatterene|Mystical Fire|p2a: Iron Crown
|-supereffective|p2a: Iron Crown
|-damage|p2a: Iron Crown|20/100
|-unboost|p2a: Iron Crown|spa|1
|
|-heal|p2a: Iron Crown|27/100|[from] Grassy Terrain
|-heal|p1a: Hatterene|94/100|[from] Grassy Terrain
|-heal|p1a: Hatterene|99/100|[from] item: Leftovers
|upkeep
|turn|5
|
|t:|1781362776
|move|p2a: Iron Crown|Calm Mind|p2a: Iron Crown
|-boost|p2a: Iron Crown|spa|1
|-boost|p2a: Iron Crown|spd|1
|move|p1a: Hatterene|Mystical Fire|p2a: Iron Crown
|-supereffective|p2a: Iron Crown
|-damage|p2a: Iron Crown|0 fnt
|faint|p2a: Iron Crown
|-end|p2a: Iron Crown|Quark Drive|[silent]
|
|-heal|p1a: Hatterene|100/100|[from] Grassy Terrain
|upkeep
|
|t:|1781362783
|switch|p2a: Glimmora|Glimmora, M|100/100
|turn|6
|
|t:|1781362788
|move|p2a: Glimmora|Meteor Beam||[still]
|-prepare|p2a: Glimmora|Meteor Beam
|-boost|p2a: Glimmora|spa|1
|-enditem|p2a: Glimmora|Power Herb
|-anim|p2a: Glimmora|Meteor Beam|p1a: Hatterene
|-damage|p1a: Hatterene|68/100
|move|p1a: Hatterene|Psyshock|p2a: Glimmora
|-supereffective|p2a: Glimmora
|-damage|p2a: Glimmora|0 fnt
|faint|p2a: Glimmora
|
|-heal|p1a: Hatterene|74/100|[from] Grassy Terrain
|-heal|p1a: Hatterene|80/100|[from] item: Leftovers
|upkeep
|
|t:|1781362791
|switch|p2a: Rillaboom|Rillaboom, F|100/100
|turn|7
|-message|oathusishere forfeited.
|
|win|TheCannonites
|raw|TheCannonites's rating: 1591 &rarr; <strong>1619</strong><br />(+28 for winning)
|raw|oathusishere's rating: 1736 &rarr; <strong>1708</strong><br />(-28 for losing)
|l|‽oathusishere
|player|p2|
