|j|☆billythekid95
|j|☆champ bogar
|t:|1781103291
|gametype|singles
|player|p1|billythekid95|1|1560
|player|p2|champ bogar|cynthia-masters3|1663
|gen|9
|tier|[Gen 9] OU
|rated|
|rule|HP Percentage Mod: HP is shown in percentages
|rule|Endless Battle Clause: Forcing endless battles is banned
|rule|Species Clause: Limit one of each Pokémon
|rule|OHKO Clause: OHKO moves are banned
|rule|Evasion Items Clause: Evasion items are banned
|rule|Evasion Moves Clause: Evasion moves are banned
|rule|Evasion Abilities Clause: Evasion abilities are banned
|rule|Sleep Moves Clause: Sleep-inducing moves are banned
|clearpoke
|poke|p1|Walking Wake|
|poke|p1|Ribombee, M|
|poke|p1|Gholdengo|
|poke|p1|Torkoal, F|
|poke|p1|Great Tusk|
|poke|p1|Ceruledge, M|
|poke|p2|Garchomp, M|
|poke|p2|Darkrai|
|poke|p2|Deoxys-Speed|
|poke|p2|Clodsire, F|
|poke|p2|Corviknight, M|
|poke|p2|Cinderace, F|
|teampreview
|inactive|Battle timer is ON: inactive players will automatically lose when time's up. (requested by champ bogar)
|inactive|billythekid95 has 120 seconds left.
|inactive|billythekid95 has 90 seconds left.
|
|t:|1781103361
|teamsize|p1|6
|teamsize|p2|6
|start
|switch|p1a: Torkoal|Torkoal, F|100/100
|switch|p2a: Deoxys|Deoxys-Speed, shiny|100/100
|-ability|p2a: Deoxys|Pressure
|-weather|SunnyDay|[from] ability: Drought|[of] p1a: Torkoal
|turn|1
|
|t:|1781103371
|switch|p1a: Great Tusk|Great Tusk|100/100
|-activate|p1a: Great Tusk|ability: Protosynthesis
|-start|p1a: Great Tusk|protosynthesisatk
|move|p2a: Deoxys|Psycho Boost|p1a: Great Tusk
|-supereffective|p1a: Great Tusk
|-damage|p1a: Great Tusk|23/100
|-unboost|p2a: Deoxys|spa|2
|-damage|p2a: Deoxys|91/100|[from] item: Life Orb
|
|-weather|SunnyDay|[upkeep]
|upkeep
|turn|2
|
|t:|1781103381
|move|p2a: Deoxys|Psycho Boost|p1a: Great Tusk
|-supereffective|p1a: Great Tusk
|-damage|p1a: Great Tusk|0 fnt
|-unboost|p2a: Deoxys|spa|2
|faint|p1a: Great Tusk
|-end|p1a: Great Tusk|Protosynthesis|[silent]
|-damage|p2a: Deoxys|81/100|[from] item: Life Orb
|
|-weather|SunnyDay|[upkeep]
|upkeep
|
|t:|1781103389
|switch|p1a: Ceruledge|Ceruledge, M|100/100
|turn|3
|
|t:|1781103393
|switch|p2a: Garchomp|Garchomp, M|100/100
|move|p1a: Ceruledge|Swords Dance|p1a: Ceruledge
|-boost|p1a: Ceruledge|atk|2
|
|-weather|SunnyDay|[upkeep]
|upkeep
|turn|4
|
|t:|1781103398
|move|p1a: Ceruledge|Poltergeist|p2a: Garchomp
|-activate|p2a: Garchomp|move: Poltergeist|Rocky Helmet
|-damage|p2a: Garchomp|20/100
|move|p2a: Garchomp|Dragon Tail|p1a: Ceruledge
|-damage|p1a: Ceruledge|63/100
|-ability|p1a: Ceruledge|Weak Armor|boost
|-unboost|p1a: Ceruledge|def|1
|-boost|p1a: Ceruledge|spe|2
|drag|p1a: Torkoal|Torkoal, F|100/100
|
|-weather|SunnyDay|[upkeep]
|upkeep
|turn|5
|
|t:|1781103411
|switch|p1a: Ribombee|Ribombee, M|100/100
|move|p2a: Garchomp|Stealth Rock|p1a: Ribombee
|-sidestart|p1: billythekid95|move: Stealth Rock
|
|-weather|SunnyDay|[upkeep]
|upkeep
|turn|6
|
|t:|1781103416
|switch|p2a: Clodsire|Clodsire, F|100/100
|move|p1a: Ribombee|Moonblast|p2a: Clodsire
|-resisted|p2a: Clodsire
|-damage|p2a: Clodsire|90/100
|
|-weather|SunnyDay|[upkeep]
|-heal|p2a: Clodsire|96/100|[from] item: Leftovers
|upkeep
|turn|7
|
|t:|1781103426
|move|p1a: Ribombee|Stun Spore|p2a: Clodsire
|-status|p2a: Clodsire|par
|move|p2a: Clodsire|Poison Jab|p1a: Ribombee
|-supereffective|p1a: Ribombee
|-damage|p1a: Ribombee|22/100
|
|-weather|SunnyDay|[upkeep]
|-heal|p2a: Clodsire|100/100 par|[from] item: Leftovers
|upkeep
|turn|8
|
|t:|1781103433
|move|p1a: Ribombee|Skill Swap|p2a: Clodsire
|-activate|p1a: Ribombee|Skill Swap|Water Absorb|Shield Dust|[of] p2a: Clodsire
|move|p2a: Clodsire|Earthquake|p1a: Ribombee
|-resisted|p1a: Ribombee
|-damage|p1a: Ribombee|0 fnt
|faint|p1a: Ribombee
|
|-weather|none
|upkeep
|
|t:|1781103441
|switch|p1a: Walking Wake|Walking Wake|100/100
|-damage|p1a: Walking Wake|88/100|[from] Stealth Rock
|turn|9
|
|t:|1781103446
|switch|p2a: Garchomp|Garchomp, M|20/100
|move|p1a: Walking Wake|Hydro Steam|p2a: Garchomp
|-damage|p2a: Garchomp|0 fnt
|faint|p2a: Garchomp
|
|upkeep
|
|t:|1781103455
|switch|p2a: Deoxys|Deoxys-Speed, shiny|81/100
|-ability|p2a: Deoxys|Pressure
|turn|10
|
|t:|1781103459
|-end|p1a: Walking Wake|Protosynthesis|[silent]
|switch|p1a: Torkoal|Torkoal, F|100/100
|-damage|p1a: Torkoal|76/100|[from] Stealth Rock
|-weather|SunnyDay|[from] ability: Drought|[of] p1a: Torkoal
|move|p2a: Deoxys|Psycho Boost|p1a: Torkoal
|-damage|p1a: Torkoal|10/100
|-unboost|p2a: Deoxys|spa|2
|-damage|p2a: Deoxys|71/100|[from] item: Life Orb
|
|-weather|SunnyDay|[upkeep]
|upkeep
|turn|11
|
|t:|1781103479
|move|p2a: Deoxys|Psycho Boost|p1a: Torkoal
|-damage|p1a: Torkoal|0 fnt
|-unboost|p2a: Deoxys|spa|2
|faint|p1a: Torkoal
|-damage|p2a: Deoxys|61/100|[from] item: Life Orb
|
|-weather|SunnyDay|[upkeep]
|upkeep
|
|t:|1781103486
|switch|p1a: Ceruledge|Ceruledge, M|63/100
|-damage|p1a: Ceruledge|39/100|[from] Stealth Rock
|turn|12
|inactive|champ bogar has 120 seconds left.
|inactive|champ bogar has 90 seconds left.
|
|t:|1781103559
|move|p2a: Deoxys|Psycho Boost|p1a: Ceruledge
|-damage|p1a: Ceruledge|6/100
|-unboost|p2a: Deoxys|spa|2
|-damage|p2a: Deoxys|51/100|[from] item: Life Orb
|move|p1a: Ceruledge|Swords Dance|p1a: Ceruledge
|-boost|p1a: Ceruledge|atk|2
|
|-weather|SunnyDay|[upkeep]
|upkeep
|turn|13
|
|t:|1781103570
|move|p1a: Ceruledge|Shadow Sneak|p2a: Deoxys
|-supereffective|p2a: Deoxys
|-damage|p2a: Deoxys|0 fnt
|faint|p2a: Deoxys
|
|-weather|SunnyDay|[upkeep]
|upkeep
|
|t:|1781103573
|switch|p2a: Darkrai|Darkrai|100/100
|turn|14
|
|t:|1781103577
|move|p2a: Darkrai|Dark Pulse|p1a: Ceruledge
|-supereffective|p1a: Ceruledge
|-damage|p1a: Ceruledge|0 fnt
|faint|p1a: Ceruledge
|
|-weather|SunnyDay|[upkeep]
|upkeep
|
|t:|1781103583
|switch|p1a: Walking Wake|Walking Wake|88/100
|-damage|p1a: Walking Wake|76/100|[from] Stealth Rock
|-activate|p1a: Walking Wake|ability: Protosynthesis
|-start|p1a: Walking Wake|protosynthesisspa
|turn|15
|
|t:|1781103588
|switch|p2a: Clodsire|Clodsire, F|100/100 par
|move|p1a: Walking Wake|Flamethrower|p2a: Clodsire
|-damage|p2a: Clodsire|48/100 par
|
|-weather|SunnyDay|[upkeep]
|-heal|p2a: Clodsire|55/100 par|[from] item: Leftovers
|upkeep
|turn|16
|inactive|champ bogar has 120 seconds left.
|
|t:|1781103595
|switch|p2a: Cinderace|Cinderace, F|100/100
|move|p1a: Walking Wake|Flamethrower|p2a: Cinderace
|-resisted|p2a: Cinderace
|-damage|p2a: Cinderace|35/100
|
|-weather|SunnyDay|[upkeep]
|upkeep
|turn|17
|
|t:|1781103602
|switch|p2a: Clodsire|Clodsire, F|55/100 par
|move|p1a: Walking Wake|Flamethrower|p2a: Clodsire
|-damage|p2a: Clodsire|4/100 par
|
|-weather|none
|-end|p1a: Walking Wake|Protosynthesis
|-heal|p2a: Clodsire|10/100 par|[from] item: Leftovers
|upkeep
|turn|18
|
|t:|1781103609
|move|p1a: Walking Wake|Flamethrower|p2a: Clodsire
|-damage|p2a: Clodsire|0 fnt
|faint|p2a: Clodsire
|
|upkeep
|
|t:|1781103611
|switch|p2a: Darkrai|Darkrai|100/100
|turn|19
|
|t:|1781103617
|-terastallize|p2a: Darkrai|Dark
|move|p2a: Darkrai|Dark Pulse|p1a: Walking Wake
|-damage|p1a: Walking Wake|0 fnt
|faint|p1a: Walking Wake
|-end|p1a: Walking Wake|Protosynthesis|[silent]
|
|upkeep
|
|t:|1781103624
|switch|p1a: Gholdengo|Gholdengo|100/100
|-damage|p1a: Gholdengo|94/100|[from] Stealth Rock
|turn|20
|
|t:|1781103628
|switch|p2a: Corviknight|Corviknight, M|100/100
|-ability|p2a: Corviknight|Pressure
|-terastallize|p1a: Gholdengo|Flying
|move|p1a: Gholdengo|Shadow Ball|p2a: Corviknight
|-damage|p2a: Corviknight|61/100
|-unboost|p2a: Corviknight|spd|1
|
|upkeep
|turn|21
|
|t:|1781103637
|move|p1a: Gholdengo|Shadow Ball|p2a: Corviknight
|-damage|p2a: Corviknight|0 fnt
|faint|p2a: Corviknight
|
|upkeep
|
|t:|1781103639
|switch|p2a: Darkrai|Darkrai, tera:Dark|100/100
|turn|22
|
|t:|1781103644
|move|p1a: Gholdengo|Shadow Ball|p2a: Darkrai
|-resisted|p2a: Darkrai
|-damage|p2a: Darkrai|70/100
|move|p2a: Darkrai|Ice Beam|p1a: Gholdengo
|-supereffective|p1a: Gholdengo
|-damage|p1a: Gholdengo|0 fnt
|faint|p1a: Gholdengo
|
|win|champ bogar
|raw|billythekid95's rating: 1560 &rarr; <strong>1546</strong><br />(-14 for losing)
|raw|champ bogar's rating: 1663 &rarr; <strong>1677</strong><br />(+14 for winning)
|c|☆champ bogar|gg
