|j|☆vegancrosfit
|j|☆Archerdadon
|t:|1781515480
|gametype|singles
|player|p1|vegancrosfit|cyclist-gen4|1602
|player|p2|Archerdadon|marshal|1568
|gen|9
|tier|[Gen 9] OU
|rated|
|rule|HP Percentage Mod: HP is shown in percentages
|rule|Endless Battle Clause: Forcing endless battles is banned
|rule|Species Clause: Limit one of each Pokémon
|rule|OHKO Clause: OHKO moves are banned
|rule|Evasion Items Clause: Evasion items are banned
|rule|Evasion Moves Clause: Evasion moves are banned
|rule|Evasion Abilities Clause: Evasion abilities are banned
|rule|Sleep Moves Clause: Sleep-inducing moves are banned
|clearpoke
|poke|p1|Pelipper, F|
|poke|p1|Barraskewda, M|
|poke|p1|Ogerpon-Wellspring, F|
|poke|p1|Scizor, F|
|poke|p1|Tornadus-Therian, M|
|poke|p1|Raging Bolt|
|poke|p2|Dondozo, M|
|poke|p2|Great Tusk|
|poke|p2|Ting-Lu|
|poke|p2|Glimmora, F|
|poke|p2|Garganacl, M|
|poke|p2|Hydrapple, F|
|teampreview
|
|t:|1781515485
|teamsize|p1|6
|teamsize|p2|6
|start
|switch|p1a: Scizor|Scizor, F|100/100
|switch|p2a: Glimmora|Glimmora, F|100/100
|turn|1
|
|t:|1781515492
|move|p1a: Scizor|Bullet Punch|p2a: Glimmora
|-supereffective|p2a: Glimmora
|-damage|p2a: Glimmora|10/100
|-activate|p2a: Glimmora|ability: Toxic Debris
|-sidestart|p1: vegancrosfit|move: Toxic Spikes
|move|p2a: Glimmora|Power Gem|p1a: Scizor
|-damage|p1a: Scizor|51/100
|
|upkeep
|turn|2
|inactive|Battle timer is ON: inactive players will automatically lose when time's up. (requested by Archerdadon)
|
|t:|1781515504
|move|p2a: Glimmora|Power Gem|p1a: Scizor
|-damage|p1a: Scizor|0 fnt
|faint|p1a: Scizor
|
|upkeep
|c|☆vegancrosfit|grr
|c|☆vegancrosfit|sitrus berry
|
|t:|1781515526
|switch|p1a: Ogerpon|Ogerpon-Wellspring, F|100/100
|-status|p1a: Ogerpon|psn
|turn|3
|
|t:|1781515532
|move|p1a: Ogerpon|U-turn|p2a: Glimmora
|-resisted|p2a: Glimmora
|-damage|p2a: Glimmora|0 fnt
|-activate|p2a: Glimmora|ability: Toxic Debris
|-sidestart|p1: vegancrosfit|move: Toxic Spikes
|faint|p2a: Glimmora
|
|t:|1781515535
|switch|p1a: Pelipper|Pelipper, F|100/100|[from] U-turn
|-weather|RainDance|[from] ability: Drizzle|[of] p1a: Pelipper
|
|-weather|RainDance|[upkeep]
|upkeep
|
|t:|1781515542
|switch|p2a: Ting-Lu|Ting-Lu|100/100
|-ability|p2a: Ting-Lu|Vessel of Ruin
|turn|4
|
|t:|1781515546
|-terastallize|p2a: Ting-Lu|Ghost
|move|p2a: Ting-Lu|Stealth Rock|p1a: Pelipper
|-sidestart|p1: vegancrosfit|move: Stealth Rock
|move|p1a: Pelipper|U-turn|p2a: Ting-Lu
|-resisted|p2a: Ting-Lu
|-damage|p2a: Ting-Lu|98/100
|
|t:|1781515554
|switch|p1a: Tornadus|Tornadus-Therian, M|100/100|[from] U-turn
|-damage|p1a: Tornadus|76/100|[from] Stealth Rock
|
|-weather|RainDance|[upkeep]
|-heal|p2a: Ting-Lu|100/100|[from] item: Leftovers
|upkeep
|turn|5
|
|t:|1781515557
|move|p1a: Tornadus|Hurricane|p2a: Ting-Lu
|-damage|p2a: Ting-Lu|85/100
|move|p2a: Ting-Lu|Payback|p1a: Tornadus
|-damage|p1a: Tornadus|36/100
|
|-weather|RainDance|[upkeep]
|-heal|p2a: Ting-Lu|91/100|[from] item: Leftovers
|upkeep
|turn|6
|
|t:|1781515562
|move|p1a: Tornadus|Dark Pulse|p2a: Ting-Lu
|-supereffective|p2a: Ting-Lu
|-damage|p2a: Ting-Lu|74/100
|move|p2a: Ting-Lu|Payback|p1a: Tornadus
|-damage|p1a: Tornadus|0 fnt
|faint|p1a: Tornadus
|
|-weather|RainDance|[upkeep]
|-heal|p2a: Ting-Lu|81/100|[from] item: Leftovers
|upkeep
|
|t:|1781515570
|switch|p1a: Barraskewda|Barraskewda, M|100/100
|-status|p1a: Barraskewda|tox
|-damage|p1a: Barraskewda|88/100 tox|[from] Stealth Rock
|turn|7
|
|t:|1781515574
|switch|p2a: Hydrapple|Hydrapple, F|100/100
|move|p1a: Barraskewda|Liquidation|p2a: Hydrapple
|-resisted|p2a: Hydrapple
|-damage|p2a: Hydrapple|87/100
|-damage|p1a: Barraskewda|72/100 tox|[from] item: Rocky Helmet|[of] p2a: Hydrapple
|
|-weather|RainDance|[upkeep]
|-damage|p1a: Barraskewda|66/100 tox|[from] psn
|upkeep
|turn|8
|-message|vegancrosfit forfeited.
|
|win|Archerdadon
|raw|vegancrosfit's rating: 1602 &rarr; <strong>1580</strong><br />(-22 for losing)
|raw|Archerdadon's rating: 1568 &rarr; <strong>1590</strong><br />(+22 for winning)
|l|☆vegancrosfit
|player|p1|
|l|☆Archerdadon
|player|p2|
