|j|☆AMBATUBLOUGH
|j|☆GauMongTo
|t:|1780922734
|gametype|singles
|player|p1|AMBATUBLOUGH|acetrainercouple|1533
|player|p2|GauMongTo|lance-gen3|1512
|gen|9
|tier|[Gen 9] OU
|rated|
|rule|HP Percentage Mod: HP is shown in percentages
|rule|Endless Battle Clause: Forcing endless battles is banned
|rule|Species Clause: Limit one of each Pokémon
|rule|OHKO Clause: OHKO moves are banned
|rule|Evasion Items Clause: Evasion items are banned
|rule|Evasion Moves Clause: Evasion moves are banned
|rule|Evasion Abilities Clause: Evasion abilities are banned
|rule|Sleep Moves Clause: Sleep-inducing moves are banned
|clearpoke
|poke|p1|Ting-Lu|
|poke|p1|Ogerpon-Wellspring, F|
|poke|p1|Kingambit, F|
|poke|p1|Iron Crown|
|poke|p1|Gliscor, F|
|poke|p1|Dragapult, F|
|poke|p2|Hitmonlee, M|
|poke|p2|Cinderace, F|
|poke|p2|Corviknight, M|
|poke|p2|Slowking-Galar, M|
|poke|p2|Raging Bolt|
|poke|p2|Great Tusk|
|teampreview
|inactive|Battle timer is ON: inactive players will automatically lose when time's up. (requested by GauMongTo)
|
|t:|1780922756
|teamsize|p1|6
|teamsize|p2|6
|start
|switch|p1a: Ogerpon|Ogerpon-Wellspring, F|100/100
|switch|p2a: Rocklee|Hitmonlee, M|100/100
|turn|1
|
|t:|1780922774
|move|p1a: Ogerpon|U-turn|p2a: Rocklee
|-resisted|p2a: Rocklee
|-damage|p2a: Rocklee|69/100
|inactive|AMBATUBLOUGH has 120 seconds left.
|
|t:|1780922810
|switch|p1a: Ting-Lu|Ting-Lu, shiny|100/100|[from] U-turn
|-ability|p1a: Ting-Lu|Vessel of Ruin
|move|p2a: Rocklee|High Jump Kick|p1a: Ting-Lu
|-supereffective|p1a: Ting-Lu
|-damage|p1a: Ting-Lu|0 fnt
|-damage|p2a: Rocklee|52/100|[from] item: Rocky Helmet|[of] p1a: Ting-Lu
|faint|p1a: Ting-Lu
|
|upkeep
|
|t:|1780922820
|switch|p1a: Gliscor|Gliscor, F|100/100
|turn|2
|
|t:|1780922829
|-terastallize|p2a: Rocklee|Fighting
|move|p1a: Gliscor|Protect|p1a: Gliscor
|-singleturn|p1a: Gliscor|Protect
|move|p2a: Rocklee|High Jump Kick|p1a: Gliscor
|-activate|p1a: Gliscor|move: Protect
|-damage|p2a: Rocklee|2/100|[from] highjumpkick
|
|-status|p1a: Gliscor|tox|[from] item: Toxic Orb
|upkeep
|turn|3
|
|t:|1780922840
|move|p2a: Rocklee|High Jump Kick|p1a: Gliscor
|-resisted|p1a: Gliscor
|-damage|p1a: Gliscor|35/100 tox
|move|p1a: Gliscor|Toxic Spikes|p2a: Rocklee
|-sidestart|p2: GauMongTo|move: Toxic Spikes
|
|-heal|p1a: Gliscor|47/100 tox|[from] ability: Poison Heal
|upkeep
|turn|4
|
|t:|1780922846
|switch|p2a: Barnabé|Slowking-Galar, M|100/100
|-sideend|p2: GauMongTo|move: Toxic Spikes|[of] p2a: Barnabé
|move|p1a: Gliscor|Protect||[still]
|-fail|p1a: Gliscor
|
|-heal|p1a: Gliscor|60/100 tox|[from] ability: Poison Heal
|upkeep
|turn|5
|inactive|AMBATUBLOUGH has 120 seconds left.
|
|t:|1780922851
|move|p1a: Gliscor|Protect|p1a: Gliscor
|-singleturn|p1a: Gliscor|Protect
|move|p2a: Barnabé|Surf|p1a: Gliscor
|-activate|p1a: Gliscor|move: Protect
|
|-heal|p1a: Gliscor|72/100 tox|[from] ability: Poison Heal
|upkeep
|turn|6
|
|t:|1780922861
|switch|p1a: Iron Crown|Iron Crown|100/100
|-enditem|p1a: Iron Crown|Booster Energy
|-activate|p1a: Iron Crown|ability: Quark Drive|[fromitem]
|-start|p1a: Iron Crown|quarkdrivespe
|move|p2a: Barnabé|Future Sight|p1a: Iron Crown
|-start|p2a: Barnabé|move: Future Sight
|
|upkeep
|turn|7
|
|t:|1780922868
|move|p1a: Iron Crown|Calm Mind|p1a: Iron Crown
|-boost|p1a: Iron Crown|spa|1
|-boost|p1a: Iron Crown|spd|1
|-prepare|p2a: Barnabé|Chilly Reception|[premajor]
|move|p2a: Barnabé|Chilly Reception|p2a: Barnabé
|-weather|Snowscape
|
|t:|1780922882
|switch|p2a: Juninho|Cinderace, F|100/100|[from] Chilly Reception
|
|-weather|Snowscape|[upkeep]
|upkeep
|turn|8
|
|t:|1780922894
|-terastallize|p1a: Iron Crown|Fighting
|move|p1a: Iron Crown|Calm Mind|p1a: Iron Crown
|-boost|p1a: Iron Crown|spa|1
|-boost|p1a: Iron Crown|spd|1
|move|p2a: Juninho|Pyro Ball|p1a: Iron Crown
|-damage|p1a: Iron Crown|43/100
|
|-weather|Snowscape|[upkeep]
|-end|p1a: Iron Crown|move: Future Sight
|-supereffective|p1a: Iron Crown
|-damage|p1a: Iron Crown|4/100
|upkeep
|turn|9
|
|t:|1780922920
|switch|p2a: Ho Oh|Corviknight, M|100/100
|-ability|p2a: Ho Oh|Pressure
|move|p1a: Iron Crown|Psychic|p2a: Ho Oh
|-resisted|p2a: Ho Oh
|-damage|p2a: Ho Oh|58/100
|
|-weather|Snowscape|[upkeep]
|upkeep
|turn|10
|
|t:|1780922927
|move|p1a: Iron Crown|Focus Blast|p2a: Ho Oh|[miss]
|-miss|p1a: Iron Crown|p2a: Ho Oh
|move|p2a: Ho Oh|U-turn|p1a: Iron Crown
|-resisted|p1a: Iron Crown
|-damage|p1a: Iron Crown|0 fnt
|faint|p1a: Iron Crown
|-end|p1a: Iron Crown|Quark Drive|[silent]
|j| SilverDE
|
|t:|1780922933
|switch|p2a: Juninho|Cinderace, F|100/100|[from] U-turn
|
|-weather|Snowscape|[upkeep]
|upkeep
|
|t:|1780922943
|switch|p1a: Ogerpon|Ogerpon-Wellspring, F|100/100
|turn|11
|
|t:|1780922948
|move|p2a: Juninho|U-turn|p1a: Ogerpon
|-start|p2a: Juninho|typechange|Bug|[from] ability: Libero
|-supereffective|p1a: Ogerpon
|-damage|p1a: Ogerpon|10/100
|
|t:|1780922953
|switch|p2a: Ho Oh|Corviknight, M|58/100|[from] U-turn
|-ability|p2a: Ho Oh|Pressure
|move|p1a: Ogerpon|Ivy Cudgel|p2a: Ho Oh|[anim] Ivy Cudgel Water
|-damage|p2a: Ho Oh|21/100
|
|-weather|none
|upkeep
|turn|12
|
|t:|1780922958
|move|p1a: Ogerpon|Ivy Cudgel|p2a: Ho Oh|[anim] Ivy Cudgel Water
|-damage|p2a: Ho Oh|0 fnt
|faint|p2a: Ho Oh
|
|upkeep
|
|t:|1780922960
|switch|p2a: Juninho|Cinderace, F|100/100
|turn|13
|
|t:|1780922964
|switch|p1a: Dragapult|Dragapult, F|100/100
|move|p2a: Juninho|Pyro Ball|p1a: Dragapult
|-resisted|p1a: Dragapult
|-damage|p1a: Dragapult|62/100
|
|upkeep
|turn|14
|
|t:|1780922986
|switch|p2a: Rocklee|Hitmonlee, M, tera:Fighting|2/100
|move|p1a: Dragapult|Dragon Darts|p2a: Rocklee
|-damage|p2a: Rocklee|0 fnt
|faint|p2a: Rocklee
|
|upkeep
|
|t:|1780922991
|switch|p2a: Dumbo|Great Tusk|100/100
|turn|15
|
|t:|1780922993
|move|p1a: Dragapult|Will-O-Wisp|p2a: Dumbo
|-status|p2a: Dumbo|brn
|move|p2a: Dumbo|Stealth Rock|p1a: Dragapult
|-sidestart|p1: AMBATUBLOUGH|move: Stealth Rock
|
|-damage|p2a: Dumbo|94/100 brn|[from] brn
|upkeep
|turn|16
|
|t:|1780923003
|switch|p1a: Ogerpon|Ogerpon-Wellspring, F|10/100
|-damage|p1a: Ogerpon|0 fnt|[from] Stealth Rock
|faint|p1a: Ogerpon
|move|p2a: Dumbo|Knock Off|p1: Ogerpon|[notarget]
|-fail|p2a: Dumbo
|
|-heal|p2a: Dumbo|100/100 brn|[from] item: Leftovers
|-damage|p2a: Dumbo|94/100 brn|[from] brn
|upkeep
|
|t:|1780923012
|switch|p1a: Dragapult|Dragapult, F|62/100
|turn|17
|
|t:|1780923015
|move|p1a: Dragapult|Hex|p2a: Dumbo
|-damage|p2a: Dumbo|28/100 brn
|move|p2a: Dumbo|Knock Off|p1a: Dragapult
|-supereffective|p1a: Dragapult
|-damage|p1a: Dragapult|25/100
|-enditem|p1a: Dragapult|Heavy-Duty Boots|[from] move: Knock Off|[of] p2a: Dumbo
|
|-heal|p2a: Dumbo|34/100 brn|[from] item: Leftovers
|-damage|p2a: Dumbo|28/100 brn|[from] brn
|upkeep
|turn|18
|
|t:|1780923023
|move|p1a: Dragapult|Hex|p2a: Dumbo
|-damage|p2a: Dumbo|0 fnt
|faint|p2a: Dumbo
|-end|p2a: Dumbo|Protosynthesis|[silent]
|
|upkeep
|
|t:|1780923029
|switch|p2a: Juninho|Cinderace, F|100/100
|turn|19
|
|t:|1780923033
|move|p1a: Dragapult|Dragon Darts|p2a: Juninho
|-damage|p2a: Juninho|71/100
|-anim|p1a: Dragapult|Dragon Darts|p2a: Juninho
|-damage|p2a: Juninho|40/100
|move|p2a: Juninho|Pyro Ball|p1a: Dragapult
|-resisted|p1a: Dragapult
|-damage|p1a: Dragapult|0 fnt
|faint|p1a: Dragapult
|
|upkeep
|
|t:|1780923047
|switch|p1a: Kingambit|Kingambit, F, shiny|100/100
|-damage|p1a: Kingambit|94/100|[from] Stealth Rock
|-activate|p1a: Kingambit|ability: Supreme Overlord
|-start|p1a: Kingambit|fallen4|[silent]
|-item|p1a: Kingambit|Air Balloon
|turn|20
|
|t:|1780923052
|move|p1a: Kingambit|Sucker Punch||[still]
|-fail|p1a: Kingambit
|move|p2a: Juninho|Will-O-Wisp|p1a: Kingambit
|-status|p1a: Kingambit|brn
|
|-damage|p1a: Kingambit|88/100 brn|[from] brn
|upkeep
|turn|21
|-message|AMBATUBLOUGH forfeited.
|
|win|GauMongTo
|raw|AMBATUBLOUGH's rating: 1533 &rarr; <strong>1512</strong><br />(-21 for losing)
|raw|GauMongTo's rating: 1512 &rarr; <strong>1533</strong><br />(+21 for winning)
|l|☆AMBATUBLOUGH
|player|p1|
|l|☆GauMongTo
|player|p2|
