|j|☆smokesniper3
|j|☆Latin Playboy
|t:|1781426825
|gametype|singles
|player|p1|smokesniper3|veteran|1535
|player|p2|Latin Playboy|preschooler|1601
|gen|9
|tier|[Gen 9] OU
|rated|
|rule|HP Percentage Mod: HP is shown in percentages
|rule|Endless Battle Clause: Forcing endless battles is banned
|rule|Species Clause: Limit one of each Pokémon
|rule|OHKO Clause: OHKO moves are banned
|rule|Evasion Items Clause: Evasion items are banned
|rule|Evasion Moves Clause: Evasion moves are banned
|rule|Evasion Abilities Clause: Evasion abilities are banned
|rule|Sleep Moves Clause: Sleep-inducing moves are banned
|clearpoke
|poke|p1|Ninetales, M|
|poke|p1|Scovillain, M|
|poke|p1|Walking Wake|
|poke|p1|Great Tusk|
|poke|p1|Hatterene, F|
|poke|p1|Kingambit, F|
|poke|p2|Indeedee, M|
|poke|p2|Iron Boulder|
|poke|p2|Hawlucha, F|
|poke|p2|Cinderace, M|
|poke|p2|Polteageist-Antique|
|poke|p2|Deoxys-Speed|
|teampreview
|inactive|Battle timer is ON: inactive players will automatically lose when time's up. (requested by Latin Playboy)
|inactive|Latin Playboy has 120 seconds left.
|
|t:|1781426865
|teamsize|p1|6
|teamsize|p2|6
|start
|switch|p1a: Ninetales|Ninetales, M|100/100
|switch|p2a: Indeedee|Indeedee, M, shiny|100/100
|-weather|SunnyDay|[from] ability: Drought|[of] p1a: Ninetales
|-fieldstart|move: Psychic Terrain|[from] ability: Psychic Surge|[of] p2a: Indeedee
|turn|1
|
|t:|1781426891
|move|p1a: Ninetales|Overheat|p2a: Indeedee|[miss]
|-miss|p1a: Ninetales|p2a: Indeedee
|move|p2a: Indeedee|Shadow Ball|p1a: Ninetales
|-damage|p1a: Ninetales|77/100
|
|-weather|SunnyDay|[upkeep]
|upkeep
|turn|2
|
|t:|1781426902
|switch|p2a: Cinderace|Cinderace, M|100/100
|move|p1a: Ninetales|Overheat|p2a: Cinderace|[miss]
|-miss|p1a: Ninetales|p2a: Cinderace
|
|-weather|SunnyDay|[upkeep]
|upkeep
|turn|3
|
|t:|1781426909
|switch|p1a: Hatterene|Hatterene, F|100/100
|move|p2a: Cinderace|U-turn|p1a: Hatterene
|-start|p2a: Cinderace|typechange|Bug|[from] ability: Libero
|-damage|p1a: Hatterene|70/100
|-enditem|p1a: Hatterene|Eject Button
|
|t:|1781426915
|switch|p1a: Scovillain|Scovillain, M|100/100
|
|-weather|SunnyDay|[upkeep]
|upkeep
|turn|4
|inactive|Latin Playboy has 120 seconds left.
|
|t:|1781426955
|switch|p2a: Iron Boulder|Iron Boulder|100/100
|-enditem|p2a: Iron Boulder|Booster Energy
|-activate|p2a: Iron Boulder|ability: Quark Drive|[fromitem]
|-start|p2a: Iron Boulder|quarkdrivespe
|move|p1a: Scovillain|Flamethrower|p2a: Iron Boulder
|-resisted|p2a: Iron Boulder
|-damage|p2a: Iron Boulder|58/100
|-status|p2a: Iron Boulder|brn
|-damage|p1a: Scovillain|91/100|[from] item: Life Orb
|
|-weather|SunnyDay|[upkeep]
|-damage|p2a: Iron Boulder|52/100 brn|[from] brn
|upkeep
|turn|5
|inactive|smokesniper3 has 120 seconds left.
|
|t:|1781426988
|switch|p1a: Great Tusk|Great Tusk|100/100
|-activate|p1a: Great Tusk|ability: Protosynthesis
|-start|p1a: Great Tusk|protosynthesisspe
|move|p2a: Iron Boulder|Swords Dance|p2a: Iron Boulder
|-boost|p2a: Iron Boulder|atk|2
|
|-weather|SunnyDay|[upkeep]
|-damage|p2a: Iron Boulder|46/100 brn|[from] brn
|upkeep
|turn|6
|
|t:|1781427002
|move|p2a: Iron Boulder|Psycho Cut|p1a: Great Tusk
|-supereffective|p1a: Great Tusk
|-damage|p1a: Great Tusk|43/100
|move|p1a: Great Tusk|Rapid Spin|p2a: Iron Boulder
|-resisted|p2a: Iron Boulder
|-damage|p2a: Iron Boulder|36/100 brn
|-boost|p1a: Great Tusk|spe|1
|
|-weather|SunnyDay|[upkeep]
|-damage|p2a: Iron Boulder|29/100 brn|[from] brn
|upkeep
|turn|7
|
|t:|1781427024
|move|p1a: Great Tusk|Headlong Rush|p2a: Iron Boulder
|-supereffective|p2a: Iron Boulder
|-damage|p2a: Iron Boulder|0 fnt
|-unboost|p1a: Great Tusk|def|1
|-unboost|p1a: Great Tusk|spd|1
|faint|p2a: Iron Boulder
|-end|p2a: Iron Boulder|Quark Drive|[silent]
|
|-weather|SunnyDay|[upkeep]
|upkeep
|inactive|Latin Playboy has 120 seconds left.
|
|t:|1781427037
|switch|p2a: Polteageist|Polteageist-Antique|100/100
|turn|8
|inactive|Latin Playboy has 120 seconds left.
|j| jkyl8
|
|t:|1781427074
|move|p1a: Great Tusk|Headlong Rush|p2a: Polteageist
|-damage|p2a: Polteageist|9/100
|-unboost|p1a: Great Tusk|def|1
|-unboost|p1a: Great Tusk|spd|1
|-ability|p2a: Polteageist|Weak Armor|boost
|-unboost|p2a: Polteageist|def|1
|-boost|p2a: Polteageist|spe|2
|move|p2a: Polteageist|Shell Smash|p2a: Polteageist
|-unboost|p2a: Polteageist|def|1
|-unboost|p2a: Polteageist|spd|1
|-boost|p2a: Polteageist|atk|2
|-boost|p2a: Polteageist|spa|2
|-boost|p2a: Polteageist|spe|2
|
|-weather|none
|-end|p1a: Great Tusk|Protosynthesis
|-fieldend|move: Psychic Terrain
|upkeep
|turn|9
|
|t:|1781427087
|move|p2a: Polteageist|Giga Drain|p1a: Great Tusk
|-supereffective|p1a: Great Tusk
|-damage|p1a: Great Tusk|0 fnt
|-heal|p2a: Polteageist|45/100|[from] drain|[of] p1a: Great Tusk
|faint|p1a: Great Tusk
|-end|p1a: Great Tusk|Protosynthesis|[silent]
|
|upkeep
|
|t:|1781427094
|switch|p1a: Kingambit|Kingambit, F|100/100
|-activate|p1a: Kingambit|ability: Supreme Overlord
|-start|p1a: Kingambit|fallen1|[silent]
|turn|10
|
|t:|1781427100
|switch|p2a: Indeedee|Indeedee, M, shiny|100/100
|-fieldstart|move: Psychic Terrain|[from] ability: Psychic Surge|[of] p2a: Indeedee
|move|p1a: Kingambit|Kowtow Cleave|p2a: Indeedee
|-supereffective|p2a: Indeedee
|-damage|p2a: Indeedee|0 fnt
|faint|p2a: Indeedee
|
|upkeep
|
|t:|1781427107
|switch|p2a: Hawlucha|Hawlucha, F, shiny|100/100
|-enditem|p2a: Hawlucha|Psychic Seed
|-boost|p2a: Hawlucha|spd|1|[from] item: Psychic Seed
|turn|11
|
|t:|1781427116
|-terastallize|p1a: Kingambit|Ghost
|move|p2a: Hawlucha|Swords Dance|p2a: Hawlucha
|-boost|p2a: Hawlucha|atk|2
|move|p1a: Kingambit|Iron Head|p2a: Hawlucha
|-damage|p2a: Hawlucha|34/100
|
|upkeep
|turn|12
|inactive|smokesniper3 has 120 seconds left.
|
|t:|1781427149
|move|p2a: Hawlucha|Acrobatics|p1a: Kingambit
|-damage|p1a: Kingambit|12/100
|move|p1a: Kingambit|Iron Head|p2a: Hawlucha
|-damage|p2a: Hawlucha|0 fnt
|faint|p2a: Hawlucha
|
|-heal|p1a: Kingambit|18/100|[from] item: Leftovers
|upkeep
|
|t:|1781427167
|switch|p2a: Polteageist|Polteageist-Antique|45/100
|turn|13
|l| jkyl8
|
|t:|1781427172
|move|p2a: Polteageist|Giga Drain|p1a: Kingambit
|-damage|p1a: Kingambit|0 fnt
|-heal|p2a: Polteageist|56/100|[from] drain|[of] p1a: Kingambit
|faint|p1a: Kingambit
|-end|p1a: Kingambit|fallen1|[silent]
|
|upkeep
|
|t:|1781427178
|switch|p1a: Ninetales|Ninetales, M|77/100
|-weather|SunnyDay|[from] ability: Drought|[of] p1a: Ninetales
|turn|14
|
|t:|1781427189
|switch|p2a: Cinderace|Cinderace, M|100/100
|move|p1a: Ninetales|Overheat|p2a: Cinderace
|-resisted|p2a: Cinderace
|-damage|p2a: Cinderace|61/100
|-unboost|p1a: Ninetales|spa|2
|
|-weather|SunnyDay|[upkeep]
|upkeep
|turn|15
|inactive|smokesniper3 has 120 seconds left.
|
|t:|1781427199
|move|p2a: Cinderace|U-turn|p1a: Ninetales
|-start|p2a: Cinderace|typechange|Bug|[from] ability: Libero
|-resisted|p1a: Ninetales
|-damage|p1a: Ninetales|57/100
|
|t:|1781427203
|switch|p2a: Deoxys|Deoxys-Speed, shiny|100/100|[from] U-turn
|-ability|p2a: Deoxys|Pressure
|move|p1a: Ninetales|Healing Wish|p1a: Ninetales
|faint|p1a: Ninetales
|
|-weather|SunnyDay|[upkeep]
|upkeep
|
|t:|1781427211
|switch|p1a: Scovillain|Scovillain, M|91/100
|-heal|p1a: Scovillain|100/100|[from] move: Healing Wish
|turn|16
|
|t:|1781427220
|move|p1a: Scovillain|Flamethrower|p2a: Deoxys
|-damage|p2a: Deoxys|0 fnt
|faint|p2a: Deoxys
|-damage|p1a: Scovillain|91/100|[from] item: Life Orb
|
|-weather|SunnyDay|[upkeep]
|upkeep
|
|t:|1781427224
|switch|p2a: Polteageist|Polteageist-Antique|56/100
|turn|17
|
|t:|1781427228
|move|p1a: Scovillain|Flamethrower|p2a: Polteageist
|-damage|p2a: Polteageist|0 fnt
|faint|p2a: Polteageist
|-damage|p1a: Scovillain|81/100|[from] item: Life Orb
|
|-weather|SunnyDay|[upkeep]
|-fieldend|move: Psychic Terrain
|upkeep
|-message|Latin Playboy forfeited.
|
|win|smokesniper3
|raw|smokesniper3's rating: 1535 &rarr; <strong>1559</strong><br />(+24 for winning)
|raw|Latin Playboy's rating: 1601 &rarr; <strong>1577</strong><br />(-24 for losing)
|l|☆Latin Playboy
|player|p2|
|l|☆smokesniper3
|player|p1|
|j| grandma lee
|l| grandma lee
|j| jkyl8
|l| jkyl8
