|badge|p1|bronze|gen9ou|100-9
|badge|p1|silver|gen9randombattle|30-9
|uhtml|medal-msg|<div class="broadcast-blue">Curious what those medals under the avatar are? PS now has Ladder Seasons! For more information, check out the <a href="https://www.smogon.com/forums/threads/3740067/">thread on Smogon.</a></div>
|badge|p2|bronze|gen9ou|100-9
|uhtml|medal-msg|<div class="broadcast-blue">Curious what those medals under the avatar are? PS now has Ladder Seasons! For more information, check out the <a href="https://www.smogon.com/forums/threads/3740067/">thread on Smogon.</a></div>
|j|☆Ctannn
|j|☆Auburn Hills
|t:|1781493295
|gametype|singles
|player|p1|Ctannn|101|1829
|player|p2|Auburn Hills|alder|1816
|gen|9
|tier|[Gen 9] OU
|rated|
|rule|HP Percentage Mod: HP is shown in percentages
|rule|Endless Battle Clause: Forcing endless battles is banned
|rule|Species Clause: Limit one of each Pokémon
|rule|OHKO Clause: OHKO moves are banned
|rule|Evasion Items Clause: Evasion items are banned
|rule|Evasion Moves Clause: Evasion moves are banned
|rule|Evasion Abilities Clause: Evasion abilities are banned
|rule|Sleep Moves Clause: Sleep-inducing moves are banned
|clearpoke
|poke|p1|Rillaboom, F|
|poke|p1|Garganacl, M|
|poke|p1|Cinderace, F|
|poke|p1|Raging Bolt|
|poke|p1|Slowking-Galar, F|
|poke|p1|Landorus-Therian, M|
|poke|p2|Iron Moth|
|poke|p2|Umbreon, F|
|poke|p2|Garchomp, M|
|poke|p2|Glimmora, F|
|poke|p2|Gholdengo|
|poke|p2|Dragonite, M|
|teampreview
|inactive|Battle timer is ON: inactive players will automatically lose when time's up. (requested by Ctannn)
|
|t:|1781493314
|teamsize|p1|6
|teamsize|p2|6
|start
|switch|p1a: Cinderace|Cinderace, F|100/100
|switch|p2a: Glimmora|Glimmora, F|100/100
|turn|1
|
|t:|1781493321
|move|p1a: Cinderace|High Jump Kick|p2a: Glimmora
|-start|p1a: Cinderace|typechange|Fighting|[from] ability: Libero
|-damage|p2a: Glimmora|19/100
|-activate|p2a: Glimmora|ability: Toxic Debris
|-sidestart|p1: Ctannn|move: Toxic Spikes
|move|p2a: Glimmora|Earth Power|p1a: Cinderace
|-damage|p1a: Cinderace|54/100
|
|upkeep
|turn|2
|
|t:|1781493332
|switch|p2a: Smino|Gholdengo|100/100
|move|p1a: Cinderace|Pyro Ball|p2a: Smino
|-supereffective|p2a: Smino
|-damage|p2a: Smino|14/100
|-status|p2a: Smino|brn
|
|-damage|p2a: Smino|8/100 brn|[from] brn
|upkeep
|turn|3
|
|t:|1781493342
|switch|p1a: Slowking|Slowking-Galar, F|100/100
|-sideend|p1: Ctannn|move: Toxic Spikes|[of] p1a: Slowking
|move|p2a: Smino|Shadow Ball|p1a: Slowking
|-supereffective|p1a: Slowking
|-damage|p1a: Slowking|39/100
|
|-damage|p2a: Smino|2/100 brn|[from] brn
|upkeep
|turn|4
|
|t:|1781493345
|switch|p2a: Glimmora|Glimmora, F|19/100
|switch|p1a: Garganacl|Garganacl, M|100/100
|
|upkeep
|turn|5
|
|t:|1781493350
|move|p2a: Glimmora|Earth Power|p1a: Garganacl
|-supereffective|p1a: Garganacl
|-damage|p1a: Garganacl|58/100
|move|p1a: Garganacl|Curse|p1a: Garganacl
|-unboost|p1a: Garganacl|spe|1
|-boost|p1a: Garganacl|atk|1
|-boost|p1a: Garganacl|def|1
|
|-heal|p1a: Garganacl|64/100|[from] item: Leftovers
|upkeep
|turn|6
|
|t:|1781493354
|move|p2a: Glimmora|Earth Power|p1a: Garganacl
|-supereffective|p1a: Garganacl
|-damage|p1a: Garganacl|25/100
|move|p1a: Garganacl|Salt Cure|p2a: Glimmora
|-damage|p2a: Glimmora|0 fnt
|-activate|p2a: Glimmora|ability: Toxic Debris
|-sidestart|p1: Ctannn|move: Toxic Spikes
|faint|p2a: Glimmora
|
|-heal|p1a: Garganacl|31/100|[from] item: Leftovers
|upkeep
|
|t:|1781493358
|switch|p2a: Rat Tally|Garchomp, M|100/100
|turn|7
|
|t:|1781493360
|move|p2a: Rat Tally|Swords Dance|p2a: Rat Tally
|-boost|p2a: Rat Tally|atk|2
|move|p1a: Garganacl|Salt Cure|p2a: Rat Tally
|-resisted|p2a: Rat Tally
|-damage|p2a: Rat Tally|91/100
|-start|p2a: Rat Tally|Salt Cure
|
|-heal|p1a: Garganacl|37/100|[from] item: Leftovers
|-damage|p2a: Rat Tally|78/100|[from] Salt Cure
|upkeep
|turn|8
|
|t:|1781493365
|move|p1a: Garganacl|Protect|p1a: Garganacl
|-singleturn|p1a: Garganacl|Protect
|move|p2a: Rat Tally|Scale Shot|p1a: Garganacl
|-activate|p1a: Garganacl|move: Protect
|
|-heal|p1a: Garganacl|43/100|[from] item: Leftovers
|-damage|p2a: Rat Tally|66/100|[from] Salt Cure
|upkeep
|turn|9
|
|t:|1781493371
|switch|p1a: Landorus|Landorus-Therian, M|100/100
|-ability|p1a: Landorus|Intimidate|boost
|-unboost|p2a: Rat Tally|atk|1
|move|p2a: Rat Tally|Earthquake|p1a: Landorus
|-immune|p1a: Landorus
|
|-damage|p2a: Rat Tally|54/100|[from] Salt Cure
|upkeep
|turn|10
|
|t:|1781493375
|switch|p2a: Smino|Gholdengo|2/100 brn
|move|p1a: Landorus|Earthquake|p2a: Smino
|-supereffective|p2a: Smino
|-damage|p2a: Smino|0 fnt
|faint|p2a: Smino
|
|upkeep
|
|t:|1781493378
|switch|p2a: Elucid|Dragonite, M|100/100
|turn|11
|
|t:|1781493380
|move|p2a: Elucid|Dragon Dance|p2a: Elucid
|-boost|p2a: Elucid|atk|1
|-boost|p2a: Elucid|spe|1
|move|p1a: Landorus|U-turn|p2a: Elucid
|-resisted|p2a: Elucid
|-damage|p2a: Elucid|94/100
|
|t:|1781493383
|switch|p1a: Garganacl|Garganacl, M|43/100|[from] U-turn
|
|-heal|p1a: Garganacl|49/100|[from] item: Leftovers
|upkeep
|turn|12
|
|t:|1781493386
|-terastallize|p1a: Garganacl|Water
|move|p2a: Elucid|Earthquake|p1a: Garganacl
|-damage|p1a: Garganacl|7/100
|move|p1a: Garganacl|Recover|p1a: Garganacl
|-heal|p1a: Garganacl|57/100
|
|-heal|p1a: Garganacl|63/100|[from] item: Leftovers
|upkeep
|turn|13
|
|t:|1781493396
|move|p2a: Elucid|Dragon Dance|p2a: Elucid
|-boost|p2a: Elucid|atk|1
|-boost|p2a: Elucid|spe|1
|move|p1a: Garganacl|Salt Cure|p2a: Elucid
|-supereffective|p2a: Elucid
|-damage|p2a: Elucid|64/100
|-start|p2a: Elucid|Salt Cure
|
|-heal|p1a: Garganacl|69/100|[from] item: Leftovers
|-damage|p2a: Elucid|51/100|[from] Salt Cure
|upkeep
|turn|14
|
|t:|1781493399
|move|p2a: Elucid|Earthquake|p1a: Garganacl
|-damage|p1a: Garganacl|15/100
|move|p1a: Garganacl|Recover|p1a: Garganacl
|-heal|p1a: Garganacl|65/100
|
|-heal|p1a: Garganacl|71/100|[from] item: Leftovers
|-damage|p2a: Elucid|39/100|[from] Salt Cure
|upkeep
|turn|15
|
|t:|1781493405
|move|p2a: Elucid|Ice Spinner|p1a: Garganacl
|-resisted|p1a: Garganacl
|-damage|p1a: Garganacl|50/100
|move|p1a: Garganacl|Curse|p1a: Garganacl
|-unboost|p1a: Garganacl|spe|1
|-boost|p1a: Garganacl|atk|1
|-boost|p1a: Garganacl|def|1
|
|-heal|p1a: Garganacl|56/100|[from] item: Leftovers
|-damage|p2a: Elucid|27/100|[from] Salt Cure
|upkeep
|turn|16
|
|t:|1781493408
|move|p2a: Elucid|Earthquake|p1a: Garganacl
|-damage|p1a: Garganacl|24/100
|move|p1a: Garganacl|Recover|p1a: Garganacl
|-heal|p1a: Garganacl|74/100
|
|-heal|p1a: Garganacl|80/100|[from] item: Leftovers
|-damage|p2a: Elucid|14/100|[from] Salt Cure
|upkeep
|turn|17
|
|t:|1781493411
|move|p1a: Garganacl|Protect|p1a: Garganacl
|-singleturn|p1a: Garganacl|Protect
|move|p2a: Elucid|Earthquake|p1a: Garganacl
|-activate|p1a: Garganacl|move: Protect
|
|-heal|p1a: Garganacl|87/100|[from] item: Leftovers
|-damage|p2a: Elucid|2/100|[from] Salt Cure
|upkeep
|turn|18
|
|t:|1781493412
|move|p2a: Elucid|Earthquake|p1a: Garganacl
|-damage|p1a: Garganacl|53/100
|move|p1a: Garganacl|Recover|p1a: Garganacl
|-heal|p1a: Garganacl|100/100
|
|-damage|p2a: Elucid|0 fnt|[from] Salt Cure
|faint|p2a: Elucid
|upkeep
|
|t:|1781493418
|switch|p2a: Carly Rae|Iron Moth|100/100
|-enditem|p2a: Carly Rae|Booster Energy
|-activate|p2a: Carly Rae|ability: Quark Drive|[fromitem]
|-start|p2a: Carly Rae|quarkdrivespe
|turn|19
|
|t:|1781493420
|-terastallize|p2a: Carly Rae|Fairy
|move|p2a: Carly Rae|Fiery Dance|p1a: Garganacl
|-resisted|p1a: Garganacl
|-damage|p1a: Garganacl|87/100
|move|p1a: Garganacl|Salt Cure|p2a: Carly Rae
|-damage|p2a: Carly Rae|72/100
|-start|p2a: Carly Rae|Salt Cure
|
|-heal|p1a: Garganacl|94/100|[from] item: Leftovers
|-damage|p2a: Carly Rae|60/100|[from] Salt Cure
|upkeep
|turn|20
|
|t:|1781493424
|move|p2a: Carly Rae|Fiery Dance|p1a: Garganacl
|-resisted|p1a: Garganacl
|-damage|p1a: Garganacl|79/100
|-boost|p2a: Carly Rae|spa|1
|move|p1a: Garganacl|Curse|p1a: Garganacl
|-unboost|p1a: Garganacl|spe|1
|-boost|p1a: Garganacl|atk|1
|-boost|p1a: Garganacl|def|1
|
|-heal|p1a: Garganacl|86/100|[from] item: Leftovers
|-damage|p2a: Carly Rae|48/100|[from] Salt Cure
|upkeep
|turn|21
|
|t:|1781493426
|move|p1a: Garganacl|Protect|p1a: Garganacl
|-singleturn|p1a: Garganacl|Protect
|move|p2a: Carly Rae|Morning Sun|p2a: Carly Rae
|-heal|p2a: Carly Rae|98/100
|
|-heal|p1a: Garganacl|92/100|[from] item: Leftovers
|-damage|p2a: Carly Rae|85/100|[from] Salt Cure
|upkeep
|turn|22
|
|t:|1781493429
|move|p2a: Carly Rae|Discharge|p1a: Garganacl
|-supereffective|p1a: Garganacl
|-damage|p1a: Garganacl|39/100
|move|p1a: Garganacl|Salt Cure|p2a: Carly Rae
|-crit|p2a: Carly Rae
|-damage|p2a: Carly Rae|26/100
|
|-heal|p1a: Garganacl|45/100|[from] item: Leftovers
|-damage|p2a: Carly Rae|14/100|[from] Salt Cure
|upkeep
|turn|23
|
|t:|1781493432
|move|p2a: Carly Rae|Morning Sun|p2a: Carly Rae
|-heal|p2a: Carly Rae|64/100
|move|p1a: Garganacl|Recover|p1a: Garganacl
|-heal|p1a: Garganacl|95/100
|
|-heal|p1a: Garganacl|100/100|[from] item: Leftovers
|-damage|p2a: Carly Rae|51/100|[from] Salt Cure
|upkeep
|turn|24
|
|t:|1781493436
|move|p2a: Carly Rae|Fiery Dance|p1a: Garganacl
|-resisted|p1a: Garganacl
|-damage|p1a: Garganacl|79/100
|-boost|p2a: Carly Rae|spa|1
|move|p1a: Garganacl|Salt Cure|p2a: Carly Rae
|-damage|p2a: Carly Rae|8/100
|
|-heal|p1a: Garganacl|86/100|[from] item: Leftovers
|-damage|p2a: Carly Rae|0 fnt|[from] Salt Cure
|faint|p2a: Carly Rae
|-end|p2a: Carly Rae|Quark Drive|[silent]
|upkeep
|-message|Auburn Hills forfeited.
|
|win|Ctannn
|raw|Ctannn's rating: 1829 &rarr; <strong>1848</strong><br />(+19 for winning)
|raw|Auburn Hills's rating: 1816 &rarr; <strong>1797</strong><br />(-19 for losing)
|l|☆Auburn Hills
|player|p2|
|l|☆Ctannn
|player|p1|
