|j|☆Aegisrio
|j|☆lvl1ralts
|t:|1780992318
|gametype|singles
|player|p1|Aegisrio|ghetsis|1536
|player|p2|lvl1ralts|169|1532
|gen|9
|tier|[Gen 9] OU
|rated|
|rule|HP Percentage Mod: HP is shown in percentages
|rule|Endless Battle Clause: Forcing endless battles is banned
|rule|Species Clause: Limit one of each Pokémon
|rule|OHKO Clause: OHKO moves are banned
|rule|Evasion Items Clause: Evasion items are banned
|rule|Evasion Moves Clause: Evasion moves are banned
|rule|Evasion Abilities Clause: Evasion abilities are banned
|rule|Sleep Moves Clause: Sleep-inducing moves are banned
|clearpoke
|poke|p1|Quaquaval, F|
|poke|p1|Walking Wake|
|poke|p1|Ceruledge, M|
|poke|p1|Alomomola, F|
|poke|p1|Corviknight, M|
|poke|p1|Raging Bolt|
|poke|p2|Hoopa-Unbound|
|poke|p2|Pecharunt|
|poke|p2|Landorus-Therian, M|
|poke|p2|Cinderace, M|
|poke|p2|Alomomola, M|
|poke|p2|Iron Valiant|
|teampreview
|inactive|Battle timer is ON: inactive players will automatically lose when time's up. (requested by lvl1ralts)
|inactive|Aegisrio has 120 seconds left.
|
|t:|1780992353
|teamsize|p1|6
|teamsize|p2|6
|start
|switch|p1a: Walking Wake|Walking Wake|100/100
|switch|p2a: Cinderace|Cinderace, M, shiny|100/100
|turn|1
|
|t:|1780992365
|move|p2a: Cinderace|U-turn|p1a: Walking Wake
|-start|p2a: Cinderace|typechange|Bug|[from] ability: Libero
|-damage|p1a: Walking Wake|60/100
|
|t:|1780992370
|switch|p2a: Alomomola|Alomomola, M, shiny|100/100|[from] U-turn
|move|p1a: Walking Wake|Draco Meteor|p2a: Alomomola
|-damage|p2a: Alomomola|47/100
|-unboost|p1a: Walking Wake|spa|2
|
|upkeep
|turn|2
|
|t:|1780992387
|-end|p1a: Walking Wake|Protosynthesis|[silent]
|switch|p1a: Alomomola|Alomomola, F|100/100
|move|p2a: Alomomola|Flip Turn|p1a: Alomomola
|-resisted|p1a: Alomomola
|-damage|p1a: Alomomola|96/100
|-damage|p2a: Alomomola|31/100|[from] item: Rocky Helmet|[of] p1a: Alomomola
|
|t:|1780992395
|switch|p2a: Hoopa|Hoopa-Unbound|100/100|[from] Flip Turn
|
|upkeep
|turn|3
|
|t:|1780992400
|move|p1a: Alomomola|Protect|p1a: Alomomola
|-singleturn|p1a: Alomomola|Protect
|move|p2a: Hoopa|Hyperspace Fury|p1a: Alomomola
|-activate|p1a: Alomomola|move: Hyperspace Fury|[broken]
|-damage|p1a: Alomomola|43/100
|-unboost|p2a: Hoopa|def|1
|
|upkeep
|turn|4
|
|t:|1780992418
|switch|p1a: Quaquaval|Quaquaval, F|100/100
|move|p2a: Hoopa|Hyperspace Fury|p1a: Quaquaval
|-resisted|p1a: Quaquaval
|-damage|p1a: Quaquaval|35/100
|-unboost|p2a: Hoopa|def|1
|
|upkeep
|turn|5
|
|t:|1780992428
|switch|p1a: Ceruledge|Ceruledge, M|100/100
|switch|p2a: Pecharunt|Pecharunt|100/100
|
|upkeep
|turn|6
|
|t:|1780992434
|move|p1a: Ceruledge|Poltergeist|p2a: Pecharunt
|-activate|p2a: Pecharunt|move: Poltergeist|Heavy-Duty Boots
|-supereffective|p2a: Pecharunt
|-damage|p2a: Pecharunt|28/100
|move|p2a: Pecharunt|Parting Shot|p1a: Ceruledge
|-unboost|p1a: Ceruledge|atk|1
|-unboost|p1a: Ceruledge|spa|1
|
|t:|1780992441
|switch|p2a: Alomomola|Alomomola, M, shiny|64/100|[from] Parting Shot
|
|upkeep
|turn|7
|
|t:|1780992450
|switch|p1a: Quaquaval|Quaquaval, F|35/100
|move|p2a: Alomomola|Flip Turn|p1a: Quaquaval
|-resisted|p1a: Quaquaval
|-damage|p1a: Quaquaval|23/100
|
|t:|1780992465
|switch|p2a: Iron Valiant|Iron Valiant, shiny|100/100|[from] Flip Turn
|
|upkeep
|turn|8
|
|t:|1780992474
|switch|p1a: Alomomola|Alomomola, F|76/100
|move|p2a: Iron Valiant|Moonblast|p1a: Alomomola
|-damage|p1a: Alomomola|0 fnt
|faint|p1a: Alomomola
|
|upkeep
|
|t:|1780992481
|switch|p1a: Ceruledge|Ceruledge, M|100/100
|turn|9
|
|t:|1780992487
|-end|p2a: Iron Valiant|Quark Drive|[silent]
|switch|p2a: Landorus|Landorus-Therian, M, shiny|100/100
|-ability|p2a: Landorus|Intimidate|boost
|-unboost|p1a: Ceruledge|atk|1
|move|p1a: Ceruledge|Poltergeist|p2a: Landorus
|-activate|p2a: Landorus|move: Poltergeist|Choice Scarf
|-damage|p2a: Landorus|40/100
|
|upkeep
|turn|10
|
|t:|1780992495
|switch|p1a: Corviknight|Corviknight, M|100/100
|-ability|p1a: Corviknight|Pressure
|move|p2a: Landorus|Earthquake|p1a: Corviknight
|-immune|p1a: Corviknight
|
|upkeep
|turn|11
|
|t:|1780992501
|switch|p2a: Pecharunt|Pecharunt|28/100
|move|p1a: Corviknight|U-turn|p2a: Pecharunt
|-resisted|p2a: Pecharunt
|-damage|p2a: Pecharunt|26/100
|
|t:|1780992506
|switch|p1a: Ceruledge|Ceruledge, M|100/100|[from] U-turn
|
|upkeep
|turn|12
|
|t:|1780992513
|move|p1a: Ceruledge|Poltergeist|p2a: Pecharunt
|-activate|p2a: Pecharunt|move: Poltergeist|Heavy-Duty Boots
|-supereffective|p2a: Pecharunt
|-damage|p2a: Pecharunt|0 fnt
|faint|p2a: Pecharunt
|
|upkeep
|
|t:|1780992517
|switch|p2a: Alomomola|Alomomola, M, shiny|97/100
|turn|13
|
|t:|1780992522
|move|p1a: Ceruledge|Poltergeist|p2a: Alomomola
|-activate|p2a: Alomomola|move: Poltergeist|Assault Vest
|-damage|p2a: Alomomola|42/100
|move|p2a: Alomomola|Flip Turn|p1a: Ceruledge
|-supereffective|p1a: Ceruledge
|-damage|p1a: Ceruledge|52/100
|
|t:|1780992538
|switch|p2a: Cinderace|Cinderace, M, shiny|100/100|[from] Flip Turn
|
|upkeep
|turn|14
|
|t:|1780992545
|switch|p1a: Raging Bolt|Raging Bolt|100/100
|-item|p1a: Raging Bolt|Air Balloon
|move|p2a: Cinderace|Sucker Punch||[still]
|-fail|p2a: Cinderace
|
|upkeep
|turn|15
|
|t:|1780992557
|move|p2a: Cinderace|U-turn|p1a: Raging Bolt
|-start|p2a: Cinderace|typechange|Bug|[from] ability: Libero
|-damage|p1a: Raging Bolt|72/100
|-enditem|p1a: Raging Bolt|Air Balloon
|
|t:|1780992561
|switch|p2a: Hoopa|Hoopa-Unbound|100/100|[from] U-turn
|move|p1a: Raging Bolt|Calm Mind|p1a: Raging Bolt
|-boost|p1a: Raging Bolt|spa|1
|-boost|p1a: Raging Bolt|spd|1
|
|upkeep
|turn|16
|
|t:|1780992568
|move|p2a: Hoopa|Hyperspace Fury|p1a: Raging Bolt
|-damage|p1a: Raging Bolt|0 fnt
|-unboost|p2a: Hoopa|def|1
|faint|p1a: Raging Bolt
|-end|p1a: Raging Bolt|Protosynthesis|[silent]
|
|upkeep
|
|t:|1780992573
|switch|p1a: Ceruledge|Ceruledge, M|52/100
|turn|17
|
|t:|1780992588
|switch|p2a: Cinderace|Cinderace, M, shiny|100/100
|move|p1a: Ceruledge|Poltergeist|p2a: Cinderace
|-activate|p2a: Cinderace|move: Poltergeist|Heavy-Duty Boots
|-damage|p2a: Cinderace|0 fnt
|faint|p2a: Cinderace
|
|upkeep
|
|t:|1780992596
|switch|p2a: Alomomola|Alomomola, M, shiny|75/100
|turn|18
|
|t:|1780992601
|switch|p1a: Walking Wake|Walking Wake|60/100
|move|p2a: Alomomola|Flip Turn|p1a: Walking Wake
|-resisted|p1a: Walking Wake
|-damage|p1a: Walking Wake|56/100
|
|t:|1780992607
|switch|p2a: Iron Valiant|Iron Valiant, shiny|100/100|[from] Flip Turn
|
|upkeep
|turn|19
|
|t:|1780992610
|-end|p1a: Walking Wake|Protosynthesis|[silent]
|switch|p1a: Corviknight|Corviknight, M|100/100
|-ability|p1a: Corviknight|Pressure
|move|p2a: Iron Valiant|Thunderbolt|p1a: Corviknight
|-supereffective|p1a: Corviknight
|-damage|p1a: Corviknight|37/100
|
|-heal|p1a: Corviknight|43/100|[from] item: Leftovers
|upkeep
|turn|20
|
|t:|1780992624
|move|p2a: Iron Valiant|Thunderbolt|p1a: Corviknight
|-supereffective|p1a: Corviknight
|-damage|p1a: Corviknight|0 fnt
|faint|p1a: Corviknight
|
|upkeep
|
|t:|1780992626
|switch|p1a: Quaquaval|Quaquaval, F|23/100
|turn|21
|
|t:|1780992629
|move|p1a: Quaquaval|Aqua Step|p2a: Iron Valiant
|-damage|p2a: Iron Valiant|51/100
|-boost|p1a: Quaquaval|spe|1
|move|p2a: Iron Valiant|Thunderbolt|p1a: Quaquaval
|-supereffective|p1a: Quaquaval
|-damage|p1a: Quaquaval|0 fnt
|faint|p1a: Quaquaval
|
|upkeep
|
|t:|1780992634
|switch|p1a: Walking Wake|Walking Wake|56/100
|turn|22
|
|t:|1780992643
|-terastallize|p1a: Walking Wake|Dragon
|move|p2a: Iron Valiant|Thunderbolt|p1a: Walking Wake
|-resisted|p1a: Walking Wake
|-damage|p1a: Walking Wake|28/100
|move|p1a: Walking Wake|Dragon Pulse|p2a: Iron Valiant
|-immune|p2a: Iron Valiant
|
|upkeep
|turn|23
|-message|Aegisrio forfeited.
|
|win|lvl1ralts
|raw|Aegisrio's rating: 1536 &rarr; <strong>1516</strong><br />(-20 for losing)
|raw|lvl1ralts's rating: 1532 &rarr; <strong>1552</strong><br />(+20 for winning)
|l|☆Aegisrio
|player|p1|
|l|☆lvl1ralts
|player|p2|
