|j|☆Izlymoney
|j|☆runningdan
|t:|1781100288
|gametype|singles
|player|p1|Izlymoney|169|1664
|player|p2|runningdan|265|1627
|gen|9
|tier|[Gen 9] OU
|rated|
|rule|HP Percentage Mod: HP is shown in percentages
|rule|Endless Battle Clause: Forcing endless battles is banned
|rule|Species Clause: Limit one of each Pokémon
|rule|OHKO Clause: OHKO moves are banned
|rule|Evasion Items Clause: Evasion items are banned
|rule|Evasion Moves Clause: Evasion moves are banned
|rule|Evasion Abilities Clause: Evasion abilities are banned
|rule|Sleep Moves Clause: Sleep-inducing moves are banned
|clearpoke
|poke|p1|Cramorant, F|
|poke|p1|Gallade, M|
|poke|p1|Kingambit, F|
|poke|p1|Iron Moth|
|poke|p1|Enamorus, F|
|poke|p1|Ogerpon-Cornerstone, F|
|poke|p2|Great Tusk|
|poke|p2|Ninetales-Alola, F|
|poke|p2|Darkrai|
|poke|p2|Gliscor, M|
|poke|p2|Hatterene, F|
|poke|p2|Ceruledge, M|
|teampreview
|inactive|Battle timer is ON: inactive players will automatically lose when time's up. (requested by runningdan)
|
|t:|1781100299
|teamsize|p1|6
|teamsize|p2|6
|start
|switch|p1a: Cramorant|Cramorant, F, shiny|100/100
|switch|p2a: Ninetales|Ninetales-Alola, F|100/100
|-weather|Snowscape|[from] ability: Snow Warning|[of] p2a: Ninetales
|turn|1
|
|t:|1781100307
|move|p2a: Ninetales|Freeze-Dry|p1a: Cramorant
|-supereffective|p1a: Cramorant
|-crit|p1a: Cramorant
|-enditem|p1a: Cramorant|Focus Sash
|-damage|p1a: Cramorant|1/100
|move|p1a: Cramorant|Tailwind|p1a: Cramorant
|-sidestart|p1: Izlymoney|move: Tailwind
|
|-weather|Snowscape|[upkeep]
|upkeep
|turn|2
|
|t:|1781100318
|move|p1a: Cramorant|Surf|p2a: Ninetales
|-formechange|p1a: Cramorant|Cramorant-Gorging|
|-damage|p2a: Ninetales|64/100
|move|p2a: Ninetales|Aurora Veil|p2a: Ninetales
|-sidestart|p2: runningdan|move: Aurora Veil
|
|-weather|Snowscape|[upkeep]
|upkeep
|turn|3
|
|t:|1781100331
|move|p1a: Cramorant|Defog|p2a: Ninetales
|-unboost|p2a: Ninetales|evasion|1
|-sideend|p2: runningdan|move: Aurora Veil
|move|p2a: Ninetales|Roar|p1a: Cramorant
|drag|p1a: Gallade|Gallade, M|100/100
|
|-weather|Snowscape|[upkeep]
|upkeep
|turn|4
|
|t:|1781100339
|move|p1a: Gallade|Sacred Sword|p2a: Ninetales
|-damage|p2a: Ninetales|3/100
|move|p2a: Ninetales|Aurora Veil|p2a: Ninetales
|-sidestart|p2: runningdan|move: Aurora Veil
|
|-weather|Snowscape|[upkeep]
|-sideend|p1: Izlymoney|move: Tailwind
|upkeep
|turn|5
|
|t:|1781100353
|switch|p2a: Hatterene|Hatterene, F|100/100
|move|p1a: Gallade|Swords Dance|p1a: Gallade
|-boost|p1a: Gallade|atk|2
|
|-weather|none
|upkeep
|turn|6
|inactive|runningdan has 120 seconds left.
|c|☆runningdan|if thats not scarfed how did that outspeed
|
|t:|1781100406
|move|p1a: Gallade|Swords Dance|p1a: Gallade
|-boost|p1a: Gallade|atk|2
|move|p2a: Hatterene|Calm Mind|p2a: Hatterene
|-boost|p2a: Hatterene|spa|1
|-boost|p2a: Hatterene|spd|1
|
|upkeep
|turn|7
|c|☆Izlymoney|Tailwind dude
|
|t:|1781100423
|move|p1a: Gallade|Shadow Sneak|p2a: Hatterene
|-supereffective|p2a: Hatterene
|-damage|p2a: Hatterene|65/100
|move|p2a: Hatterene|Draining Kiss|p1a: Gallade
|-supereffective|p1a: Gallade
|-damage|p1a: Gallade|22/100
|-heal|p2a: Hatterene|100/100|[from] drain|[of] p1a: Gallade
|
|upkeep
|turn|8
|l|☆Izlymoney
|inactive|Izlymoney disconnected and has a minute to reconnect!
|player|p1|
|j|☆Izlymoney
|inactive|Izlymoney reconnected and has 135 seconds left.
|player|p1|Izlymoney|169|
|c|☆runningdan|oh forgo it was still on
|
|t:|1781100443
|move|p1a: Gallade|Shadow Sneak|p2a: Hatterene
|-supereffective|p2a: Hatterene
|-damage|p2a: Hatterene|67/100
|move|p2a: Hatterene|Draining Kiss|p1a: Gallade
|-supereffective|p1a: Gallade
|-damage|p1a: Gallade|0 fnt
|-heal|p2a: Hatterene|81/100|[from] drain|[of] p1a: Gallade
|faint|p1a: Gallade
|
|-heal|p2a: Hatterene|87/100|[from] item: Leftovers
|upkeep
|
|t:|1781100451
|switch|p1a: Cramorant|Cramorant, F, shiny|1/100
|turn|9
|
|t:|1781100460
|move|p1a: Cramorant|Surf|p2a: Hatterene
|-formechange|p1a: Cramorant|Cramorant-Gorging|
|-damage|p2a: Hatterene|73/100
|move|p2a: Hatterene|Draining Kiss|p1a: Cramorant
|-damage|p1a: Cramorant|0 fnt
|-heal|p2a: Hatterene|73/100|[from] drain|[of] p1a: Cramorant
|-damage|p2a: Hatterene|48/100|[from] ability: Gulp Missile|[of] p1a: Cramorant
|-status|p2a: Hatterene|par
|-formechange|p1a: Cramorant|Cramorant|
|faint|p1a: Cramorant
|
|-heal|p2a: Hatterene|54/100 par|[from] item: Leftovers
|upkeep
|
|t:|1781100472
|switch|p1a: Ogerpon|Ogerpon-Cornerstone, F|100/100
|turn|10
|inactive|runningdan has 120 seconds left.
|
|t:|1781100479
|move|p1a: Ogerpon|Swords Dance|p1a: Ogerpon
|-boost|p1a: Ogerpon|atk|2
|move|p2a: Hatterene|Draining Kiss|p1a: Ogerpon
|-damage|p1a: Ogerpon|59/100
|-heal|p2a: Hatterene|83/100 par|[from] drain|[of] p1a: Ogerpon
|
|-heal|p2a: Hatterene|89/100 par|[from] item: Leftovers
|upkeep
|turn|11
|
|t:|1781100488
|move|p1a: Ogerpon|Ivy Cudgel|p2a: Hatterene|[anim] Ivy Cudgel Rock
|-damage|p2a: Hatterene|44/100 par
|move|p2a: Hatterene|Nuzzle|p1a: Ogerpon
|-resisted|p1a: Ogerpon
|-damage|p1a: Ogerpon|57/100
|-status|p1a: Ogerpon|par
|
|-heal|p2a: Hatterene|50/100 par|[from] item: Leftovers
|-sideend|p2: runningdan|move: Aurora Veil
|upkeep
|turn|12
|
|t:|1781100500
|move|p1a: Ogerpon|Trailblaze|p2a: Hatterene
|-damage|p2a: Hatterene|0 fnt
|-boost|p1a: Ogerpon|spe|1
|faint|p2a: Hatterene
|
|upkeep
|
|t:|1781100508
|switch|p2a: Ninetales|Ninetales-Alola, F|3/100
|-weather|Snowscape|[from] ability: Snow Warning|[of] p2a: Ninetales
|turn|13
|
|t:|1781100513
|move|p2a: Ninetales|Aurora Veil|p2a: Ninetales
|-sidestart|p2: runningdan|move: Aurora Veil
|move|p1a: Ogerpon|Trailblaze|p2a: Ninetales
|-damage|p2a: Ninetales|0 fnt
|-boost|p1a: Ogerpon|spe|1
|faint|p2a: Ninetales
|
|-weather|Snowscape|[upkeep]
|upkeep
|
|t:|1781100526
|switch|p2a: Darkrai|Darkrai|100/100
|turn|14
|
|t:|1781100530
|move|p2a: Darkrai|Nasty Plot|p2a: Darkrai
|-boost|p2a: Darkrai|spa|2
|cant|p1a: Ogerpon|par
|
|-weather|Snowscape|[upkeep]
|upkeep
|turn|15
|
|t:|1781100537
|move|p2a: Darkrai|Dark Pulse|p1a: Ogerpon
|-damage|p1a: Ogerpon|0 fnt
|faint|p1a: Ogerpon
|
|-weather|Snowscape|[upkeep]
|upkeep
|
|t:|1781100542
|switch|p1a: Enamorus|Enamorus, F|100/100
|turn|16
|inactive|runningdan has 120 seconds left.
|-message|Izlymoney forfeited.
|
|win|runningdan
|raw|Izlymoney's rating: 1664 &rarr; <strong>1642</strong><br />(-22 for losing)
|raw|runningdan's rating: 1627 &rarr; <strong>1649</strong><br />(+22 for winning)
|l|☆Izlymoney
|player|p1|
|l|☆runningdan
|player|p2|
