|j|☆Steez Ibanez
|j|☆depakine
|t:|1781570582
|gametype|singles
|player|p1|Steez Ibanez|willow-casual|1693
|player|p2|depakine|1|1739
|gen|9
|tier|[Gen 9] OU
|rated|
|rule|HP Percentage Mod: HP is shown in percentages
|rule|Endless Battle Clause: Forcing endless battles is banned
|rule|Species Clause: Limit one of each Pokémon
|rule|OHKO Clause: OHKO moves are banned
|rule|Evasion Items Clause: Evasion items are banned
|rule|Evasion Moves Clause: Evasion moves are banned
|rule|Evasion Abilities Clause: Evasion abilities are banned
|rule|Sleep Moves Clause: Sleep-inducing moves are banned
|clearpoke
|poke|p1|Kyurem|
|poke|p1|Ceruledge, M|
|poke|p1|Hatterene, F|
|poke|p1|Landorus-Therian, M|
|poke|p1|Kingambit, M|
|poke|p1|Zamazenta-*|
|poke|p2|Dragapult, F|
|poke|p2|Amoonguss, M|
|poke|p2|Great Tusk|
|poke|p2|Samurott-Hisui, M|
|poke|p2|Cresselia, F|
|poke|p2|Clefable, F|
|teampreview
|
|t:|1781570613
|teamsize|p1|6
|teamsize|p2|6
|start
|switch|p1a: Kyurem|Kyurem|100/100
|switch|p2a: Samurott|Samurott-Hisui, M|100/100
|-ability|p1a: Kyurem|Pressure
|turn|1
|
|t:|1781570620
|switch|p2a: Clefable|Clefable, F|100/100
|move|p1a: Kyurem|Freeze-Dry|p2a: Clefable
|-damage|p2a: Clefable|74/100
|
|upkeep
|turn|2
|
|t:|1781570626
|move|p1a: Kyurem|Icicle Spear|p2a: Clefable
|-damage|p2a: Clefable|63/100
|-damage|p2a: Clefable|52/100
|-damage|p2a: Clefable|42/100
|-damage|p2a: Clefable|31/100
|-hitcount|p2a: Clefable|4
|move|p2a: Clefable|Wish|p2a: Clefable
|
|upkeep
|turn|3
|
|t:|1781570631
|move|p2a: Clefable|Protect|p2a: Clefable
|-singleturn|p2a: Clefable|Protect
|move|p1a: Kyurem|Dragon Dance|p1a: Kyurem
|-boost|p1a: Kyurem|atk|1
|-boost|p1a: Kyurem|spe|1
|
|-heal|p2a: Clefable|81/100|[from] move: Wish|[wisher] Clefable
|upkeep
|turn|4
|
|t:|1781570639
|-terastallize|p1a: Kyurem|Ice
|move|p1a: Kyurem|Icicle Spear|p2a: Clefable
|-damage|p2a: Clefable|66/100
|-damage|p2a: Clefable|53/100
|-damage|p2a: Clefable|38/100
|-damage|p2a: Clefable|25/100
|-damage|p2a: Clefable|9/100
|-hitcount|p2a: Clefable|5
|move|p2a: Clefable|Knock Off|p1a: Kyurem
|-damage|p1a: Kyurem|86/100
|-enditem|p1a: Kyurem|Loaded Dice|[from] move: Knock Off|[of] p2a: Clefable
|
|upkeep
|turn|5
|
|t:|1781570649
|move|p1a: Kyurem|Freeze-Dry|p2a: Clefable
|-damage|p2a: Clefable|0 fnt
|faint|p2a: Clefable
|
|upkeep
|
|t:|1781570652
|switch|p2a: Cresselia|Cresselia, F|100/100
|turn|6
|
|t:|1781570654
|move|p1a: Kyurem|Dragon Dance|p1a: Kyurem
|-boost|p1a: Kyurem|atk|1
|-boost|p1a: Kyurem|spe|1
|move|p2a: Cresselia|Calm Mind|p2a: Cresselia
|-boost|p2a: Cresselia|spa|1
|-boost|p2a: Cresselia|spd|1
|
|upkeep
|turn|7
|
|t:|1781570657
|move|p1a: Kyurem|Icicle Spear|p2a: Cresselia
|-damage|p2a: Cresselia|86/100
|-damage|p2a: Cresselia|70/100
|-damage|p2a: Cresselia|53/100
|-hitcount|p2a: Cresselia|3
|move|p2a: Cresselia|Calm Mind|p2a: Cresselia
|-boost|p2a: Cresselia|spa|1
|-boost|p2a: Cresselia|spd|1
|
|upkeep
|turn|8
|
|t:|1781570660
|move|p1a: Kyurem|Icicle Spear|p2a: Cresselia
|-damage|p2a: Cresselia|38/100
|-damage|p2a: Cresselia|21/100
|-damage|p2a: Cresselia|5/100
|-hitcount|p2a: Cresselia|3
|move|p2a: Cresselia|Moonlight|p2a: Cresselia
|-heal|p2a: Cresselia|55/100
|
|upkeep
|turn|9
|
|t:|1781570666
|move|p1a: Kyurem|Icicle Spear|p2a: Cresselia
|-damage|p2a: Cresselia|38/100
|-damage|p2a: Cresselia|23/100
|-hitcount|p2a: Cresselia|2
|move|p2a: Cresselia|Stored Power|p1a: Kyurem
|-damage|p1a: Kyurem|26/100
|
|upkeep
|turn|10
|
|t:|1781570679
|move|p1a: Kyurem|Icicle Spear|p2a: Cresselia
|-crit|p2a: Cresselia
|-damage|p2a: Cresselia|1/100
|-damage|p2a: Cresselia|0 fnt
|faint|p2a: Cresselia
|-hitcount|p2: Cresselia|2
|
|upkeep
|
|t:|1781570682
|switch|p2a: Samurott|Samurott-Hisui, M|100/100
|turn|11
|
|t:|1781570687
|move|p2a: Samurott|Sucker Punch|p1a: Kyurem
|-damage|p1a: Kyurem|0 fnt
|faint|p1a: Kyurem
|
|upkeep
|
|t:|1781570688
|switch|p1a: Landorus|Landorus-Therian, M|100/100
|-ability|p1a: Landorus|Intimidate|boost
|-unboost|p2a: Samurott|atk|1
|turn|12
|
|t:|1781570695
|switch|p2a: Amoonguss|Amoonguss, M|100/100
|move|p1a: Landorus|U-turn|p2a: Amoonguss
|-damage|p2a: Amoonguss|85/100
|-damage|p1a: Landorus|84/100|[from] item: Rocky Helmet|[of] p2a: Amoonguss
|
|t:|1781570704
|switch|p1a: Ceruledge|Ceruledge, M|100/100|[from] U-turn
|
|upkeep
|turn|13
|
|t:|1781570706
|switch|p2a: Samurott|Samurott-Hisui, M|100/100
|move|p1a: Ceruledge|Bitter Blade|p2a: Samurott
|-resisted|p2a: Samurott
|-damage|p2a: Samurott|56/100
|-damage|p1a: Ceruledge|91/100|[from] item: Life Orb
|
|upkeep
|turn|14
|
|t:|1781570717
|move|p2a: Samurott|Ceaseless Edge|p1a: Ceruledge
|-supereffective|p1a: Ceruledge
|-damage|p1a: Ceruledge|0 fnt
|-sidestart|p1: Steez Ibanez|Spikes
|faint|p1a: Ceruledge
|
|upkeep
|
|t:|1781570721
|switch|p1a: Landorus|Landorus-Therian, M|84/100
|-ability|p1a: Landorus|Intimidate|boost
|-unboost|p2a: Samurott|atk|1
|turn|15
|
|t:|1781570725
|switch|p2a: Amoonguss|Amoonguss, M|100/100
|move|p1a: Landorus|Stealth Rock|p2a: Amoonguss
|-sidestart|p2: depakine|move: Stealth Rock
|
|upkeep
|turn|16
|
|t:|1781570732
|move|p1a: Landorus|Earth Power|p2a: Amoonguss
|-damage|p2a: Amoonguss|62/100
|move|p2a: Amoonguss|Foul Play|p1a: Landorus
|-damage|p1a: Landorus|50/100
|-damage|p2a: Amoonguss|46/100|[from] item: Rocky Helmet|[of] p1a: Landorus
|
|upkeep
|turn|17
|
|t:|1781570737
|move|p1a: Landorus|Earth Power|p2a: Amoonguss
|-damage|p2a: Amoonguss|10/100
|move|p2a: Amoonguss|Synthesis|p2a: Amoonguss
|-heal|p2a: Amoonguss|60/100
|
|upkeep
|turn|18
|
|t:|1781570742
|move|p1a: Landorus|Earth Power|p2a: Amoonguss
|-damage|p2a: Amoonguss|22/100
|move|p2a: Amoonguss|Synthesis|p2a: Amoonguss
|-heal|p2a: Amoonguss|72/100
|
|upkeep
|turn|19
|
|t:|1781570744
|move|p1a: Landorus|Earth Power|p2a: Amoonguss
|-damage|p2a: Amoonguss|33/100
|move|p2a: Amoonguss|Synthesis|p2a: Amoonguss
|-heal|p2a: Amoonguss|83/100
|
|upkeep
|turn|20
|
|t:|1781570747
|move|p1a: Landorus|Earth Power|p2a: Amoonguss
|-damage|p2a: Amoonguss|47/100
|move|p2a: Amoonguss|Synthesis|p2a: Amoonguss
|-heal|p2a: Amoonguss|97/100
|
|upkeep
|turn|21
|
|t:|1781570750
|move|p1a: Landorus|Earth Power|p2a: Amoonguss
|-damage|p2a: Amoonguss|61/100
|move|p2a: Amoonguss|Toxic|p1a: Landorus
|-status|p1a: Landorus|tox
|
|-damage|p1a: Landorus|44/100 tox|[from] psn
|upkeep
|turn|22
|
|t:|1781570753
|move|p1a: Landorus|Taunt|p2a: Amoonguss
|-start|p2a: Amoonguss|move: Taunt
|cant|p2a: Amoonguss|move: Taunt|Synthesis
|
|-damage|p1a: Landorus|31/100 tox|[from] psn
|upkeep
|turn|23
|
|t:|1781570759
|move|p1a: Landorus|Earth Power|p2a: Amoonguss
|-damage|p2a: Amoonguss|25/100
|move|p2a: Amoonguss|Clear Smog|p1a: Landorus
|-resisted|p1a: Landorus
|-damage|p1a: Landorus|21/100 tox
|-clearboost|p1a: Landorus
|
|-damage|p1a: Landorus|3/100 tox|[from] psn
|upkeep
|turn|24
|
|t:|1781570774
|move|p1a: Landorus|Earth Power|p2a: Amoonguss
|-damage|p2a: Amoonguss|0 fnt
|faint|p2a: Amoonguss
|
|-damage|p1a: Landorus|0 fnt|[from] psn
|faint|p1a: Landorus
|upkeep
|
|t:|1781570782
|switch|p1a: Hatterene|Hatterene, F|100/100
|switch|p2a: Dragapult|Dragapult, F|100/100
|-damage|p1a: Hatterene|88/100|[from] Spikes
|turn|25
|
|t:|1781570808
|-terastallize|p2a: Dragapult|Fairy
|move|p2a: Dragapult|Hex|p1a: Hatterene
|-supereffective|p1a: Hatterene
|-damage|p1a: Hatterene|35/100
|move|p1a: Hatterene|Draining Kiss|p2a: Dragapult
|-damage|p2a: Dragapult|65/100
|-heal|p1a: Hatterene|62/100|[from] drain|[of] p2a: Dragapult
|
|upkeep
|turn|26
|
|t:|1781570812
|move|p2a: Dragapult|Hex|p1a: Hatterene
|-supereffective|p1a: Hatterene
|-damage|p1a: Hatterene|0 fnt
|faint|p1a: Hatterene
|
|upkeep
|
|t:|1781570816
|switch|p1a: Kingambit|Kingambit, M|100/100
|-damage|p1a: Kingambit|88/100|[from] Spikes
|-activate|p1a: Kingambit|ability: Supreme Overlord
|-start|p1a: Kingambit|fallen4|[silent]
|turn|27
|
|t:|1781570820
|switch|p2a: Great Tusk|Great Tusk|100/100
|-damage|p2a: Great Tusk|98/100|[from] Stealth Rock
|move|p1a: Kingambit|Iron Head|p2a: Great Tusk
|-damage|p2a: Great Tusk|53/100
|
|-heal|p2a: Great Tusk|59/100|[from] item: Leftovers
|upkeep
|turn|28
|
|t:|1781570825
|move|p2a: Great Tusk|Headlong Rush|p1a: Kingambit
|-supereffective|p1a: Kingambit
|-damage|p1a: Kingambit|4/100
|-unboost|p2a: Great Tusk|def|1
|-unboost|p2a: Great Tusk|spd|1
|move|p1a: Kingambit|Iron Head|p2a: Great Tusk
|-damage|p2a: Great Tusk|0 fnt
|faint|p2a: Great Tusk
|-end|p2a: Great Tusk|Protosynthesis|[silent]
|
|upkeep
|
|t:|1781570831
|switch|p2a: Samurott|Samurott-Hisui, M|56/100
|-damage|p2a: Samurott|43/100|[from] Stealth Rock
|turn|29
|
|t:|1781570852
|move|p2a: Samurott|Ceaseless Edge|p1a: Kingambit
|-resisted|p1a: Kingambit
|-damage|p1a: Kingambit|0 fnt
|-sidestart|p1: Steez Ibanez|Spikes
|faint|p1a: Kingambit
|-end|p1a: Kingambit|fallen4|[silent]
|
|upkeep
|
|t:|1781570888
|switch|p1a: Zamazenta|Zamazenta|100/100
|-damage|p1a: Zamazenta|84/100|[from] Spikes
|-ability|p1a: Zamazenta|Dauntless Shield|boost
|-boost|p1a: Zamazenta|def|1
|turn|30
|
|t:|1781570894
|move|p1a: Zamazenta|Iron Defense|p1a: Zamazenta
|-boost|p1a: Zamazenta|def|2
|move|p2a: Samurott|Razor Shell|p1a: Zamazenta
|-damage|p1a: Zamazenta|69/100
|
|-heal|p1a: Zamazenta|75/100|[from] item: Leftovers
|upkeep
|turn|31
|
|t:|1781570915
|move|p1a: Zamazenta|Body Press|p2a: Samurott
|-supereffective|p2a: Samurott
|-damage|p2a: Samurott|0 fnt
|faint|p2a: Samurott
|
|-heal|p1a: Zamazenta|81/100|[from] item: Leftovers
|upkeep
|
|t:|1781570937
|switch|p2a: Dragapult|Dragapult, F, tera:Fairy|65/100
|turn|32
|
|t:|1781570951
|move|p2a: Dragapult|Will-O-Wisp|p1a: Zamazenta
|-status|p1a: Zamazenta|brn
|move|p1a: Zamazenta|Body Press|p2a: Dragapult
|-resisted|p2a: Dragapult
|-damage|p2a: Dragapult|36/100
|
|-heal|p1a: Zamazenta|87/100 brn|[from] item: Leftovers
|-damage|p1a: Zamazenta|81/100 brn|[from] brn
|upkeep
|turn|33
|
|t:|1781570962
|move|p2a: Dragapult|Hex|p1a: Zamazenta
|-damage|p1a: Zamazenta|33/100 brn
|move|p1a: Zamazenta|Body Press|p2a: Dragapult
|-resisted|p2a: Dragapult
|-damage|p2a: Dragapult|8/100
|
|-heal|p1a: Zamazenta|39/100 brn|[from] item: Leftovers
|-damage|p1a: Zamazenta|33/100 brn|[from] brn
|upkeep
|turn|34
|
|t:|1781570967
|move|p2a: Dragapult|Hex|p1a: Zamazenta
|-damage|p1a: Zamazenta|0 fnt
|faint|p1a: Zamazenta
|
|win|depakine
|raw|Steez Ibanez's rating: 1693 &rarr; <strong>1676</strong><br />(-17 for losing)
|raw|depakine's rating: 1739 &rarr; <strong>1756</strong><br />(+17 for winning)
|l|☆Steez Ibanez
|player|p1|
|l|☆depakine
|player|p2|
