|j|☆amiruae
|j|☆CyborgParrot127
|t:|1781464820
|gametype|singles
|player|p1|amiruae|palmer|1569
|player|p2|CyborgParrot127|workerice|1563
|gen|9
|tier|[Gen 9] OU
|rated|
|rule|HP Percentage Mod: HP is shown in percentages
|rule|Endless Battle Clause: Forcing endless battles is banned
|rule|Species Clause: Limit one of each Pokémon
|rule|OHKO Clause: OHKO moves are banned
|rule|Evasion Items Clause: Evasion items are banned
|rule|Evasion Moves Clause: Evasion moves are banned
|rule|Evasion Abilities Clause: Evasion abilities are banned
|rule|Sleep Moves Clause: Sleep-inducing moves are banned
|clearpoke
|poke|p1|Samurott-Hisui, M|
|poke|p1|Zamazenta-*|
|poke|p1|Greninja-*, M|
|poke|p1|Salamence, M|
|poke|p1|Porygon-Z|
|poke|p1|Volcanion|
|poke|p2|Enamorus, F|
|poke|p2|Samurott-Hisui, M|
|poke|p2|Great Tusk|
|poke|p2|Arcanine-Hisui, M|
|poke|p2|Slowking-Galar, F|
|poke|p2|Gholdengo|
|teampreview
|inactive|Battle timer is ON: inactive players will automatically lose when time's up. (requested by amiruae)
|
|t:|1781464845
|teamsize|p1|6
|teamsize|p2|6
|start
|switch|p1a: Samurott|Samurott-Hisui, M|100/100
|switch|p2a: Samurott|Samurott-Hisui, M|100/100
|turn|1
|
|t:|1781464850
|move|p2a: Samurott|Ceaseless Edge|p1a: Samurott
|-resisted|p1a: Samurott
|-damage|p1a: Samurott|75/100
|-sidestart|p1: amiruae|Spikes
|move|p1a: Samurott|Sacred Sword|p2a: Samurott
|-supereffective|p2a: Samurott
|-enditem|p2a: Samurott|Focus Sash
|-damage|p2a: Samurott|1/100
|
|upkeep
|turn|2
|
|t:|1781464860
|move|p1a: Samurott|Sucker Punch|p2a: Samurott
|-resisted|p2a: Samurott
|-damage|p2a: Samurott|0 fnt
|faint|p2a: Samurott
|
|upkeep
|
|t:|1781464867
|switch|p2a: Enamorus|Enamorus, F|100/100
|turn|3
|
|t:|1781464871
|switch|p1a: Volcanion|Volcanion|100/100
|-damage|p1a: Volcanion|88/100|[from] Spikes
|move|p2a: Enamorus|Moonblast|p1a: Volcanion
|-resisted|p1a: Volcanion
|-damage|p1a: Volcanion|60/100
|
|upkeep
|turn|4
|
|t:|1781464877
|switch|p2a: Slowking|Slowking-Galar, F|100/100
|move|p1a: Volcanion|Sludge Bomb|p2a: Slowking
|-resisted|p2a: Slowking
|-damage|p2a: Slowking|90/100
|
|upkeep
|turn|5
|
|t:|1781464882
|move|p1a: Volcanion|Steam Eruption|p2a: Slowking
|-damage|p2a: Slowking|55/100
|-prepare|p2a: Slowking|Chilly Reception|[premajor]
|move|p2a: Slowking|Chilly Reception|p2a: Slowking
|-weather|Snowscape
|
|t:|1781464889
|switch|p2a: Great Tusk|Great Tusk|100/100|[from] Chilly Reception
|
|-weather|Snowscape|[upkeep]
|upkeep
|turn|6
|
|t:|1781464895
|move|p2a: Great Tusk|Stealth Rock|p1a: Volcanion
|-sidestart|p1: amiruae|move: Stealth Rock
|move|p1a: Volcanion|Steam Eruption|p2a: Great Tusk
|-supereffective|p2a: Great Tusk
|-damage|p2a: Great Tusk|0 fnt
|faint|p2a: Great Tusk
|-end|p2a: Great Tusk|Protosynthesis|[silent]
|
|-weather|Snowscape|[upkeep]
|upkeep
|
|t:|1781464897
|switch|p2a: Arcanine|Arcanine-Hisui, M|100/100
|turn|7
|
|t:|1781464909
|switch|p1a: Salamence|Salamence, M|100/100
|-damage|p1a: Salamence|76/100|[from] Stealth Rock
|-ability|p1a: Salamence|Intimidate|boost
|-unboost|p2a: Arcanine|atk|1
|move|p2a: Arcanine|Head Smash|p1a: Salamence|[miss]
|-miss|p2a: Arcanine|p1a: Salamence
|
|-weather|Snowscape|[upkeep]
|upkeep
|turn|8
|
|t:|1781464922
|switch|p2a: Enamorus|Enamorus, F|100/100
|move|p1a: Salamence|Dragon Dance|p1a: Salamence
|-boost|p1a: Salamence|atk|1
|-boost|p1a: Salamence|spe|1
|
|-weather|Snowscape|[upkeep]
|upkeep
|turn|9
|
|t:|1781464933
|-terastallize|p1a: Salamence|Fire
|move|p1a: Salamence|Dragon Dance|p1a: Salamence
|-boost|p1a: Salamence|atk|1
|-boost|p1a: Salamence|spe|1
|move|p2a: Enamorus|Moonblast|p1a: Salamence
|-resisted|p1a: Salamence
|-crit|p1a: Salamence
|-damage|p1a: Salamence|0 fnt
|faint|p1a: Salamence
|
|-weather|none
|upkeep
|
|t:|1781464946
|switch|p1a: Volcanion|Volcanion|60/100
|-damage|p1a: Volcanion|47/100|[from] Spikes
|-damage|p1a: Volcanion|22/100|[from] Stealth Rock
|turn|10
|
|t:|1781464952
|move|p2a: Enamorus|Moonblast|p1a: Volcanion
|-resisted|p1a: Volcanion
|-damage|p1a: Volcanion|0 fnt
|faint|p1a: Volcanion
|
|upkeep
|
|t:|1781464960
|switch|p1a: Greninja|Greninja, M|100/100
|-damage|p1a: Greninja|88/100|[from] Spikes
|-damage|p1a: Greninja|76/100|[from] Stealth Rock
|turn|11
|
|t:|1781464967
|switch|p2a: Slowking|Slowking-Galar, F|88/100
|move|p1a: Greninja|Ice Beam|p2a: Slowking
|-start|p1a: Greninja|typechange|Ice|[from] ability: Protean
|-damage|p2a: Slowking|51/100
|-status|p2a: Slowking|frz
|
|upkeep
|turn|12
|
|t:|1781464974
|switch|p2a: Gholdengo|Gholdengo|100/100
|move|p1a: Greninja|Ice Beam|p2a: Gholdengo
|-resisted|p2a: Gholdengo
|-damage|p2a: Gholdengo|67/100
|
|upkeep
|turn|13
|
|t:|1781464981
|switch|p1a: Samurott|Samurott-Hisui, M|75/100
|-damage|p1a: Samurott|63/100|[from] Spikes
|-damage|p1a: Samurott|50/100|[from] Stealth Rock
|move|p2a: Gholdengo|Make It Rain|p1a: Samurott
|-resisted|p1a: Samurott
|-damage|p1a: Samurott|22/100
|-unboost|p2a: Gholdengo|spa|1
|
|upkeep
|turn|14
|
|t:|1781464991
|switch|p2a: Enamorus|Enamorus, F|100/100
|move|p1a: Samurott|Aqua Cutter|p2a: Enamorus
|-damage|p2a: Enamorus|23/100
|
|upkeep
|turn|15
|
|t:|1781464998
|move|p1a: Samurott|Sucker Punch|p2a: Enamorus
|-resisted|p2a: Enamorus
|-damage|p2a: Enamorus|0 fnt
|faint|p2a: Enamorus
|
|upkeep
|
|t:|1781465002
|switch|p2a: Arcanine|Arcanine-Hisui, M|100/100
|turn|16
|
|t:|1781465014
|move|p2a: Arcanine|Extreme Speed|p1a: Samurott
|-damage|p1a: Samurott|0 fnt
|faint|p1a: Samurott
|
|upkeep
|
|t:|1781465017
|switch|p1a: Zamazenta|Zamazenta|100/100
|-damage|p1a: Zamazenta|88/100|[from] Spikes
|-damage|p1a: Zamazenta|82/100|[from] Stealth Rock
|-ability|p1a: Zamazenta|Dauntless Shield|boost
|-boost|p1a: Zamazenta|def|1
|turn|17
|
|t:|1781465022
|switch|p2a: Slowking|Slowking-Galar, F|84/100 frz
|move|p1a: Zamazenta|Crunch|p2a: Slowking
|-supereffective|p2a: Slowking
|-damage|p2a: Slowking|40/100 frz
|
|-heal|p1a: Zamazenta|88/100|[from] item: Leftovers
|upkeep
|turn|18
|
|t:|1781465032
|move|p1a: Zamazenta|Crunch|p2a: Slowking
|-supereffective|p2a: Slowking
|-crit|p2a: Slowking
|-damage|p2a: Slowking|0 fnt
|faint|p2a: Slowking
|
|-heal|p1a: Zamazenta|94/100|[from] item: Leftovers
|upkeep
|
|t:|1781465034
|switch|p2a: Gholdengo|Gholdengo|67/100
|turn|19
|
|t:|1781465036
|move|p1a: Zamazenta|Crunch|p2a: Gholdengo
|-supereffective|p2a: Gholdengo
|-damage|p2a: Gholdengo|22/100
|move|p2a: Gholdengo|Recover|p2a: Gholdengo
|-heal|p2a: Gholdengo|73/100
|
|-heal|p1a: Zamazenta|100/100|[from] item: Leftovers
|upkeep
|turn|20
|
|t:|1781465048
|move|p1a: Zamazenta|Crunch|p2a: Gholdengo
|-supereffective|p2a: Gholdengo
|-damage|p2a: Gholdengo|24/100
|move|p2a: Gholdengo|Recover|p2a: Gholdengo
|-heal|p2a: Gholdengo|74/100
|
|upkeep
|turn|21
|
|t:|1781465053
|move|p1a: Zamazenta|Crunch|p2a: Gholdengo
|-supereffective|p2a: Gholdengo
|-damage|p2a: Gholdengo|28/100
|move|p2a: Gholdengo|Shadow Ball|p1a: Zamazenta
|-damage|p1a: Zamazenta|62/100
|-unboost|p1a: Zamazenta|spd|1
|
|-heal|p1a: Zamazenta|68/100|[from] item: Leftovers
|upkeep
|turn|22
|
|t:|1781465058
|-terastallize|p2a: Gholdengo|Fighting
|move|p1a: Zamazenta|Crunch|p2a: Gholdengo
|-resisted|p2a: Gholdengo
|-damage|p2a: Gholdengo|16/100
|move|p2a: Gholdengo|Make It Rain|p1a: Zamazenta
|-damage|p1a: Zamazenta|0 fnt
|-unboost|p2a: Gholdengo|spa|1
|faint|p1a: Zamazenta
|
|upkeep
|
|t:|1781465079
|switch|p1a: Greninja|Greninja, M|76/100
|-damage|p1a: Greninja|64/100|[from] Spikes
|-damage|p1a: Greninja|52/100|[from] Stealth Rock
|turn|23
|
|t:|1781465083
|move|p1a: Greninja|Surf|p2a: Gholdengo
|-start|p1a: Greninja|typechange|Water|[from] ability: Protean
|-damage|p2a: Gholdengo|0 fnt
|faint|p2a: Gholdengo
|
|upkeep
|
|t:|1781465085
|switch|p2a: Arcanine|Arcanine-Hisui, M|100/100
|turn|24
|
|t:|1781465088
|move|p2a: Arcanine|Extreme Speed|p1a: Greninja
|-damage|p1a: Greninja|0 fnt
|faint|p1a: Greninja
|
|upkeep
|
|t:|1781465091
|switch|p1a: Porygon-Z|Porygon-Z|100/100
|-damage|p1a: Porygon-Z|88/100|[from] Spikes
|-damage|p1a: Porygon-Z|76/100|[from] Stealth Rock
|turn|25
|
|t:|1781465096
|move|p2a: Arcanine|Extreme Speed|p1a: Porygon-Z
|-damage|p1a: Porygon-Z|18/100
|move|p1a: Porygon-Z|Thunderbolt|p2a: Arcanine
|-damage|p2a: Arcanine|60/100
|
|upkeep
|turn|26
|
|t:|1781465100
|move|p2a: Arcanine|Extreme Speed|p1a: Porygon-Z
|-damage|p1a: Porygon-Z|0 fnt
|faint|p1a: Porygon-Z
|
|win|CyborgParrot127
|raw|amiruae's rating: 1569 &rarr; <strong>1549</strong><br />(-20 for losing)
|raw|CyborgParrot127's rating: 1563 &rarr; <strong>1583</strong><br />(+20 for winning)
|l|☆amiruae
|player|p1|
|l|☆CyborgParrot127
|player|p2|
