|j|☆KurisuChestnutOU
|j|☆Silvist
|t:|1781153496
|gametype|singles
|player|p1|KurisuChestnutOU|may-contest|1489
|player|p2|Silvist|hilbert|1539
|gen|9
|tier|[Gen 9] OU
|rated|
|rule|HP Percentage Mod: HP is shown in percentages
|rule|Endless Battle Clause: Forcing endless battles is banned
|rule|Species Clause: Limit one of each Pokémon
|rule|OHKO Clause: OHKO moves are banned
|rule|Evasion Items Clause: Evasion items are banned
|rule|Evasion Moves Clause: Evasion moves are banned
|rule|Evasion Abilities Clause: Evasion abilities are banned
|rule|Sleep Moves Clause: Sleep-inducing moves are banned
|clearpoke
|poke|p1|Zamazenta-*|
|poke|p1|Zapdos|
|poke|p1|Garganacl, M|
|poke|p1|Clefable, M|
|poke|p1|Samurott-Hisui, M|
|poke|p1|Gholdengo|
|poke|p2|Araquanid, M|
|poke|p2|Dragonite, F|
|poke|p2|Kyurem|
|poke|p2|Raging Bolt|
|poke|p2|Gholdengo|
|poke|p2|Kingambit, M|
|teampreview
|inactive|Battle timer is ON: inactive players will automatically lose when time's up. (requested by KurisuChestnutOU)
|
|t:|1781153510
|teamsize|p1|6
|teamsize|p2|6
|start
|switch|p1a: Garganacl|Garganacl, M|100/100
|switch|p2a: Gholdengo|Gholdengo|100/100
|-item|p2a: Gholdengo|Air Balloon
|turn|1
|
|t:|1781153515
|move|p2a: Gholdengo|Nasty Plot|p2a: Gholdengo
|-boost|p2a: Gholdengo|spa|2
|move|p1a: Garganacl|Salt Cure|p2a: Gholdengo
|-resisted|p2a: Gholdengo
|-damage|p2a: Gholdengo|93/100
|-start|p2a: Gholdengo|Salt Cure
|-enditem|p2a: Gholdengo|Air Balloon
|
|-damage|p2a: Gholdengo|68/100|[from] Salt Cure
|upkeep
|turn|2
|
|t:|1781153524
|-terastallize|p1a: Garganacl|Water
|move|p2a: Gholdengo|Make It Rain|p1a: Garganacl
|-resisted|p1a: Garganacl
|-damage|p1a: Garganacl|62/100
|-unboost|p2a: Gholdengo|spa|1
|move|p1a: Garganacl|Stealth Rock|p2a: Gholdengo
|-sidestart|p2: Silvist|move: Stealth Rock
|
|-heal|p1a: Garganacl|68/100|[from] item: Leftovers
|-damage|p2a: Gholdengo|43/100|[from] Salt Cure
|upkeep
|turn|3
|
|t:|1781153534
|move|p2a: Gholdengo|Recover|p2a: Gholdengo
|-heal|p2a: Gholdengo|94/100
|move|p1a: Garganacl|Recover|p1a: Garganacl
|-heal|p1a: Garganacl|100/100
|
|-damage|p2a: Gholdengo|69/100|[from] Salt Cure
|upkeep
|turn|4
|
|t:|1781153541
|switch|p2a: Raging Bolt|Raging Bolt|100/100
|-damage|p2a: Raging Bolt|88/100|[from] Stealth Rock
|-enditem|p2a: Raging Bolt|Booster Energy
|-activate|p2a: Raging Bolt|ability: Protosynthesis|[fromitem]
|-start|p2a: Raging Bolt|protosynthesisspa
|move|p1a: Garganacl|Salt Cure|p2a: Raging Bolt
|-damage|p2a: Raging Bolt|74/100
|-start|p2a: Raging Bolt|Salt Cure
|
|-damage|p2a: Raging Bolt|62/100|[from] Salt Cure
|upkeep
|turn|5
|
|t:|1781153553
|move|p2a: Raging Bolt|Thunderbolt|p1a: Garganacl
|-supereffective|p1a: Garganacl
|-damage|p1a: Garganacl|13/100
|move|p1a: Garganacl|Earthquake|p2a: Raging Bolt
|-supereffective|p2a: Raging Bolt
|-damage|p2a: Raging Bolt|21/100
|
|-heal|p1a: Garganacl|19/100|[from] item: Leftovers
|-damage|p2a: Raging Bolt|9/100|[from] Salt Cure
|upkeep
|turn|6
|
|t:|1781153561
|move|p2a: Raging Bolt|Thunderbolt|p1a: Garganacl
|-supereffective|p1a: Garganacl
|-damage|p1a: Garganacl|0 fnt
|faint|p1a: Garganacl
|
|-damage|p2a: Raging Bolt|0 fnt|[from] Salt Cure
|faint|p2a: Raging Bolt
|-end|p2a: Raging Bolt|Protosynthesis|[silent]
|upkeep
|
|t:|1781153577
|switch|p2a: Araquanid|Araquanid, M|100/100
|switch|p1a: Samurott|Samurott-Hisui, M|100/100
|-damage|p2a: Araquanid|75/100|[from] Stealth Rock
|turn|7
|
|t:|1781153584
|switch|p2a: Kyurem|Kyurem|100/100
|-damage|p2a: Kyurem|76/100|[from] Stealth Rock
|-ability|p2a: Kyurem|Pressure
|move|p1a: Samurott|Ceaseless Edge|p2a: Kyurem
|-damage|p2a: Kyurem|37/100
|-sidestart|p2: Silvist|Spikes
|
|upkeep
|turn|8
|
|t:|1781153592
|move|p1a: Samurott|Ceaseless Edge|p2a: Kyurem
|-damage|p2a: Kyurem|0 fnt
|-sidestart|p2: Silvist|Spikes
|faint|p2a: Kyurem
|
|upkeep
|
|t:|1781153599
|switch|p2a: Araquanid|Araquanid, M|75/100
|-damage|p2a: Araquanid|50/100|[from] Stealth Rock
|-damage|p2a: Araquanid|34/100|[from] Spikes
|turn|9
|
|t:|1781153606
|move|p2a: Araquanid|Endure|p2a: Araquanid
|-singleturn|p2a: Araquanid|move: Endure
|move|p1a: Samurott|Ceaseless Edge|p2a: Araquanid
|-activate|p2a: Araquanid|move: Endure
|-damage|p2a: Araquanid|1/100
|-sidestart|p2: Silvist|Spikes
|
|upkeep
|turn|10
|-enditem|p2a: Araquanid|Custap Berry|[eat]
|-activate|p2a: Araquanid|item: Custap Berry|[consumed]
|
|t:|1781153613
|move|p2a: Araquanid|Sticky Web|p1a: Samurott
|-sidestart|p1: KurisuChestnutOU|move: Sticky Web
|move|p1a: Samurott|Ceaseless Edge|p2a: Araquanid
|-damage|p2a: Araquanid|0 fnt
|faint|p2a: Araquanid
|
|upkeep
|
|t:|1781153629
|switch|p2a: Dragonite|Dragonite, F|100/100
|-damage|p2a: Dragonite|75/100|[from] Stealth Rock
|turn|11
|
|t:|1781153637
|move|p1a: Samurott|Ceaseless Edge|p2a: Dragonite
|-damage|p2a: Dragonite|28/100
|move|p2a: Dragonite|Dragon Dance|p2a: Dragonite
|-boost|p2a: Dragonite|atk|1
|-boost|p2a: Dragonite|spe|1
|
|upkeep
|turn|12
|
|t:|1781153643
|switch|p1a: Clefable|Clefable, M|100/100
|move|p2a: Dragonite|Scale Shot|p1a: Clefable
|-immune|p1a: Clefable
|
|upkeep
|turn|13
|
|t:|1781153651
|-terastallize|p2a: Dragonite|Fire
|move|p2a: Dragonite|Fire Punch|p1a: Clefable
|-damage|p1a: Clefable|65/100
|move|p1a: Clefable|Moonblast|p2a: Dragonite
|-resisted|p2a: Dragonite
|-damage|p2a: Dragonite|12/100
|
|upkeep
|turn|14
|
|t:|1781153658
|move|p2a: Dragonite|Fire Punch|p1a: Clefable
|-damage|p1a: Clefable|29/100
|-status|p1a: Clefable|brn
|move|p1a: Clefable|Moonlight|p1a: Clefable
|-heal|p1a: Clefable|79/100 brn
|
|-damage|p1a: Clefable|73/100 brn|[from] brn
|upkeep
|turn|15
|
|t:|1781153665
|switch|p1a: Zamazenta|Zamazenta|100/100
|-activate|p1a: Zamazenta|move: Sticky Web
|-unboost|p1a: Zamazenta|spe|1
|-ability|p1a: Zamazenta|Dauntless Shield|boost
|-boost|p1a: Zamazenta|def|1
|move|p2a: Dragonite|Encore||[still]
|-fail|p2a: Dragonite
|
|upkeep
|turn|16
|
|t:|1781153674
|move|p2a: Dragonite|Scale Shot|p1a: Zamazenta
|-damage|p1a: Zamazenta|90/100
|-damage|p1a: Zamazenta|77/100
|-damage|p1a: Zamazenta|65/100
|-damage|p1a: Zamazenta|54/100
|-damage|p1a: Zamazenta|41/100
|-hitcount|p1a: Zamazenta|5
|-unboost|p2a: Dragonite|def|1
|-boost|p2a: Dragonite|spe|1
|move|p1a: Zamazenta|Roar|p2a: Dragonite
|drag|p2a: Gholdengo|Gholdengo|69/100
|-damage|p2a: Gholdengo|63/100|[from] Stealth Rock
|-damage|p2a: Gholdengo|38/100|[from] Spikes
|
|-heal|p1a: Zamazenta|47/100|[from] item: Leftovers
|upkeep
|turn|17
|
|t:|1781153692
|move|p2a: Gholdengo|Recover|p2a: Gholdengo
|-heal|p2a: Gholdengo|88/100
|move|p1a: Zamazenta|Crunch|p2a: Gholdengo
|-supereffective|p2a: Gholdengo
|-damage|p2a: Gholdengo|35/100
|-unboost|p2a: Gholdengo|def|1
|
|-heal|p1a: Zamazenta|54/100|[from] item: Leftovers
|upkeep
|turn|18
|
|t:|1781153700
|move|p2a: Gholdengo|Make It Rain|p1a: Zamazenta
|-damage|p1a: Zamazenta|2/100
|-unboost|p2a: Gholdengo|spa|1
|move|p1a: Zamazenta|Crunch|p2a: Gholdengo
|-supereffective|p2a: Gholdengo
|-damage|p2a: Gholdengo|0 fnt
|faint|p2a: Gholdengo
|
|-heal|p1a: Zamazenta|8/100|[from] item: Leftovers
|upkeep
|-message|Silvist forfeited.
|
|win|KurisuChestnutOU
|raw|KurisuChestnutOU's rating: 1503 &rarr; <strong>1525</strong><br />(+22 for winning)
|raw|Silvist's rating: 1539 &rarr; <strong>1517</strong><br />(-22 for losing)
|l|☆Silvist
|player|p2|
|l|☆KurisuChestnutOU
|player|p1|
