|j|☆skyhighmiles
|j|☆KurisuChestnutOU
|t:|1781110725
|gametype|singles
|player|p1|skyhighmiles|169|1575
|player|p2|KurisuChestnutOU|2|1552
|gen|9
|tier|[Gen 9] OU
|rated|
|rule|HP Percentage Mod: HP is shown in percentages
|rule|Endless Battle Clause: Forcing endless battles is banned
|rule|Species Clause: Limit one of each Pokémon
|rule|OHKO Clause: OHKO moves are banned
|rule|Evasion Items Clause: Evasion items are banned
|rule|Evasion Moves Clause: Evasion moves are banned
|rule|Evasion Abilities Clause: Evasion abilities are banned
|rule|Sleep Moves Clause: Sleep-inducing moves are banned
|clearpoke
|poke|p1|Alomomola, M|
|poke|p1|Kingambit, M|
|poke|p1|Kyurem|
|poke|p1|Landorus-Therian, M|
|poke|p1|Slowking-Galar, F|
|poke|p1|Cinderace, F|
|poke|p2|Gliscor, F|
|poke|p2|Dondozo, F|
|poke|p2|Slowking-Galar, F|
|poke|p2|Gholdengo|
|poke|p2|Great Tusk|
|poke|p2|Kingambit, M|
|teampreview
|inactive|Battle timer is ON: inactive players will automatically lose when time's up. (requested by KurisuChestnutOU)
|
|t:|1781110750
|teamsize|p1|6
|teamsize|p2|6
|start
|switch|p1a: Kyurem|Kyurem|100/100
|switch|p2a: Gliscor|Gliscor, F|100/100
|-ability|p1a: Kyurem|Pressure
|turn|1
|
|t:|1781110754
|move|p2a: Gliscor|Protect|p2a: Gliscor
|-singleturn|p2a: Gliscor|Protect
|move|p1a: Kyurem|Freeze-Dry|p2a: Gliscor
|-activate|p2a: Gliscor|move: Protect
|
|-status|p2a: Gliscor|tox|[from] item: Toxic Orb
|upkeep
|turn|2
|
|t:|1781110758
|switch|p2a: Slowking|Slowking-Galar, F|100/100
|move|p1a: Kyurem|Freeze-Dry|p2a: Slowking
|-damage|p2a: Slowking|80/100
|
|upkeep
|turn|3
|
|t:|1781110761
|switch|p1a: Slowking|Slowking-Galar, F|100/100
|move|p2a: Slowking|Future Sight|p1a: Slowking
|-start|p2a: Slowking|move: Future Sight
|
|upkeep
|turn|4
|
|t:|1781110765
|switch|p2a: Gholdengo|Gholdengo|100/100
|-item|p2a: Gholdengo|Air Balloon
|-prepare|p1a: Slowking|Chilly Reception|[premajor]
|move|p1a: Slowking|Chilly Reception|p1a: Slowking
|-weather|Snowscape
|
|t:|1781110768
|switch|p1a: Cinderace|Cinderace, F|100/100|[from] Chilly Reception
|
|-weather|Snowscape|[upkeep]
|upkeep
|turn|5
|
|t:|1781110775
|switch|p2a: Dondozo|Dondozo, F|100/100
|move|p1a: Cinderace|U-turn|p2a: Dondozo
|-start|p1a: Cinderace|typechange|Bug|[from] ability: Libero
|-damage|p2a: Dondozo|88/100
|j| zseer
|
|t:|1781110784
|switch|p1a: Kyurem|Kyurem|100/100|[from] U-turn
|-ability|p1a: Kyurem|Pressure
|
|-weather|Snowscape|[upkeep]
|-end|p1a: Kyurem|move: Future Sight
|-damage|p1a: Kyurem|55/100
|-heal|p2a: Dondozo|94/100|[from] item: Leftovers
|upkeep
|turn|6
|
|t:|1781110788
|switch|p2a: Slowking|Slowking-Galar, F|100/100
|move|p1a: Kyurem|Freeze-Dry|p2a: Slowking
|-damage|p2a: Slowking|79/100
|-status|p2a: Slowking|frz
|
|-weather|Snowscape|[upkeep]
|upkeep
|turn|7
|
|t:|1781110793
|switch|p1a: Alomomola|Alomomola, M|100/100
|cant|p2a: Slowking|frz
|
|-weather|Snowscape|[upkeep]
|upkeep
|turn|8
|
|t:|1781110797
|move|p1a: Alomomola|Wish|p1a: Alomomola
|cant|p2a: Slowking|frz
|
|-weather|none
|upkeep
|turn|9
|c| zseer|Makise Kurisu?
|inactive|skyhighmiles has 120 seconds left.
|
|t:|1781110845
|move|p1a: Alomomola|Wish||[still]
|-fail|p1a: Alomomola
|-curestatus|p2a: Slowking|frz|[msg]
|move|p2a: Slowking|Future Sight|p1a: Alomomola
|-start|p2a: Slowking|move: Future Sight
|
|upkeep
|turn|10
|
|t:|1781110849
|move|p1a: Alomomola|Flip Turn|p2a: Slowking
|-damage|p2a: Slowking|62/100
|
|t:|1781110851
|switch|p1a: Kyurem|Kyurem|55/100|[from] Flip Turn
|-ability|p1a: Kyurem|Pressure
|move|p2a: Slowking|Sludge Bomb|p1a: Kyurem
|-damage|p1a: Kyurem|25/100
|
|upkeep
|turn|11
|inactive|skyhighmiles has 120 seconds left.
|
|t:|1781110865
|switch|p1a: Slowking|Slowking-Galar, F|100/100
|move|p2a: Slowking|Flamethrower|p1a: Slowking
|-damage|p1a: Slowking|87/100
|
|-end|p1a: Slowking|move: Future Sight
|-damage|p1a: Slowking|59/100
|upkeep
|turn|12
|
|t:|1781110870
|move|p2a: Slowking|Future Sight|p1a: Slowking
|-start|p2a: Slowking|move: Future Sight
|move|p1a: Slowking|Thunder Wave|p2a: Slowking
|-status|p2a: Slowking|par
|
|upkeep
|turn|13
|
|t:|1781110877
|switch|p2a: Dondozo|Dondozo, F|94/100
|-prepare|p1a: Slowking|Chilly Reception|[premajor]
|move|p1a: Slowking|Chilly Reception|p1a: Slowking
|-weather|Snowscape
|
|t:|1781110879
|switch|p1a: Alomomola|Alomomola, M|100/100|[from] Chilly Reception
|
|-weather|Snowscape|[upkeep]
|-heal|p2a: Dondozo|99/100|[from] item: Leftovers
|upkeep
|turn|14
|
|t:|1781110883
|switch|p2a: Slowking|Slowking-Galar, F|95/100 par
|move|p1a: Alomomola|Wish|p1a: Alomomola
|
|-weather|Snowscape|[upkeep]
|-end|p1a: Alomomola|move: Future Sight
|-damage|p1a: Alomomola|53/100
|upkeep
|turn|15
|
|t:|1781110887
|move|p1a: Alomomola|Flip Turn|p2a: Slowking
|-damage|p2a: Slowking|79/100 par
|
|t:|1781110892
|switch|p1a: Cinderace|Cinderace, F|100/100|[from] Flip Turn
|move|p2a: Slowking|Sludge Bomb|p1a: Cinderace
|-damage|p1a: Cinderace|59/100
|-status|p1a: Cinderace|psn
|
|-weather|Snowscape|[upkeep]
|-heal|p1a: Cinderace|100/100 psn|[from] move: Wish|[wisher] Alomomola
|-damage|p1a: Cinderace|88/100 psn|[from] psn
|upkeep
|turn|16
|
|t:|1781110897
|switch|p2a: Gliscor|Gliscor, F|100/100 tox
|move|p1a: Cinderace|U-turn|p2a: Gliscor
|-start|p1a: Cinderace|typechange|Bug|[from] ability: Libero
|-resisted|p2a: Gliscor
|-damage|p2a: Gliscor|91/100 tox
|
|t:|1781110901
|switch|p1a: Alomomola|Alomomola, M|87/100|[from] U-turn
|
|-weather|Snowscape|[upkeep]
|-heal|p2a: Gliscor|100/100 tox|[from] ability: Poison Heal
|upkeep
|turn|17
|
|t:|1781110908
|move|p2a: Gliscor|Spikes|p1a: Alomomola
|-sidestart|p1: skyhighmiles|Spikes
|move|p1a: Alomomola|Wish|p1a: Alomomola
|
|-weather|none
|upkeep
|turn|18
|
|t:|1781110919
|move|p2a: Gliscor|Protect|p2a: Gliscor
|-singleturn|p2a: Gliscor|Protect
|move|p1a: Alomomola|Flip Turn|p2a: Gliscor
|-activate|p2a: Gliscor|move: Protect
|
|-heal|p1a: Alomomola|100/100|[from] move: Wish|[wisher] Alomomola
|upkeep
|turn|19
|
|t:|1781110926
|move|p2a: Gliscor|Spikes|p1a: Alomomola
|-sidestart|p1: skyhighmiles|Spikes
|move|p1a: Alomomola|Flip Turn|p2a: Gliscor
|-supereffective|p2a: Gliscor
|-damage|p2a: Gliscor|82/100 tox
|
|t:|1781110955
|switch|p1a: Cinderace|Cinderace, F|88/100 psn|[from] Flip Turn
|
|-damage|p1a: Cinderace|76/100 psn|[from] psn
|-heal|p2a: Gliscor|94/100 tox|[from] ability: Poison Heal
|upkeep
|turn|20
|
|t:|1781110960
|switch|p1a: Landorus|Landorus-Therian, M|100/100
|-ability|p1a: Landorus|Intimidate|boost
|-unboost|p2a: Gliscor|atk|1
|move|p2a: Gliscor|Earthquake|p1a: Landorus
|-immune|p1a: Landorus
|
|-heal|p2a: Gliscor|100/100 tox|[from] ability: Poison Heal
|upkeep
|turn|21
|inactive|skyhighmiles has 120 seconds left.
|inactive|skyhighmiles has 90 seconds left.
|
|t:|1781111042
|switch|p1a: Alomomola|Alomomola, M|100/100
|move|p2a: Gliscor|Knock Off|p1a: Alomomola
|-damage|p1a: Alomomola|92/100
|-enditem|p1a: Alomomola|Heavy-Duty Boots|[from] move: Knock Off|[of] p2a: Gliscor
|
|upkeep
|turn|22
|
|t:|1781111046
|move|p2a: Gliscor|Protect|p2a: Gliscor
|-singleturn|p2a: Gliscor|Protect
|move|p1a: Alomomola|Wish|p1a: Alomomola
|
|upkeep
|turn|23
|
|t:|1781111049
|switch|p2a: Slowking|Slowking-Galar, F|100/100 par
|move|p1a: Alomomola|Flip Turn|p2a: Slowking
|-damage|p2a: Slowking|84/100 par
|
|t:|1781111052
|switch|p1a: Kyurem|Kyurem|25/100|[from] Flip Turn
|-damage|p1a: Kyurem|8/100|[from] Spikes
|-ability|p1a: Kyurem|Pressure
|
|-heal|p1a: Kyurem|73/100|[from] move: Wish|[wisher] Alomomola
|upkeep
|turn|24
|
|t:|1781111063
|switch|p1a: Slowking|Slowking-Galar, F|93/100
|move|p2a: Slowking|Future Sight|p1a: Slowking
|-start|p2a: Slowking|move: Future Sight
|
|upkeep
|turn|25
|
|t:|1781111070
|switch|p2a: Kingambit|Kingambit, M|100/100
|move|p1a: Slowking|Psychic Noise|p2a: Kingambit
|-immune|p2a: Kingambit
|
|upkeep
|turn|26
|
|t:|1781111074
|move|p2a: Kingambit|Iron Head|p1a: Slowking
|-damage|p1a: Slowking|46/100
|move|p1a: Slowking|Thunder Wave|p2a: Kingambit
|-status|p2a: Kingambit|par
|
|-end|p1a: Slowking|move: Future Sight
|-damage|p1a: Slowking|16/100
|upkeep
|turn|27
|
|t:|1781111078
|switch|p1a: Landorus|Landorus-Therian, M|100/100
|-ability|p1a: Landorus|Intimidate|boost
|-unboost|p2a: Kingambit|atk|1
|move|p2a: Kingambit|Iron Head|p1a: Landorus
|-damage|p1a: Landorus|64/100
|
|upkeep
|turn|28
|
|t:|1781111082
|-end|p2a: Kingambit|fallenundefined|[silent]
|switch|p2a: Gliscor|Gliscor, F|100/100 tox
|move|p1a: Landorus|U-turn|p2a: Gliscor
|-resisted|p2a: Gliscor
|-damage|p2a: Gliscor|94/100 tox
|
|t:|1781111087
|switch|p1a: Alomomola|Alomomola, M|100/100|[from] U-turn
|-damage|p1a: Alomomola|84/100|[from] Spikes
|
|-heal|p2a: Gliscor|100/100 tox|[from] ability: Poison Heal
|upkeep
|turn|29
|
|t:|1781111092
|move|p2a: Gliscor|Spikes|p1a: Alomomola
|-sidestart|p1: skyhighmiles|Spikes
|move|p1a: Alomomola|Flip Turn|p2a: Gliscor
|-supereffective|p2a: Gliscor
|-damage|p2a: Gliscor|81/100 tox
|
|t:|1781111095
|switch|p1a: Cinderace|Cinderace, F|76/100 psn|[from] Flip Turn
|
|-damage|p1a: Cinderace|64/100 psn|[from] psn
|-heal|p2a: Gliscor|94/100 tox|[from] ability: Poison Heal
|upkeep
|turn|30
|
|t:|1781111098
|move|p1a: Cinderace|Court Change|p1a: Cinderace
|-start|p1a: Cinderace|typechange|Normal|[from] ability: Libero
|-swapsideconditions
|-activate|p1a: Cinderace|move: Court Change
|move|p2a: Gliscor|Earthquake|p1a: Cinderace
|-damage|p1a: Cinderace|24/100 psn
|
|-damage|p1a: Cinderace|11/100 psn|[from] psn
|-heal|p2a: Gliscor|100/100 tox|[from] ability: Poison Heal
|upkeep
|turn|31
|
|t:|1781111103
|switch|p1a: Alomomola|Alomomola, M|100/100
|move|p2a: Gliscor|Knock Off|p1a: Alomomola
|-damage|p1a: Alomomola|92/100
|
|upkeep
|turn|32
|
|t:|1781111110
|move|p2a: Gliscor|Spikes|p1a: Alomomola
|-sidestart|p1: skyhighmiles|Spikes
|move|p1a: Alomomola|Wish|p1a: Alomomola
|
|upkeep
|turn|33
|
|t:|1781111114
|switch|p1a: Slowking|Slowking-Galar, F|49/100
|move|p2a: Gliscor|Protect||[still]
|-fail|p2a: Gliscor
|
|-heal|p1a: Slowking|100/100|[from] move: Wish|[wisher] Alomomola
|upkeep
|turn|34
|
|t:|1781111120
|switch|p2a: Gholdengo|Gholdengo|100/100
|-item|p2a: Gholdengo|Air Balloon
|move|p1a: Slowking|Psychic Noise|p2a: Gholdengo
|-resisted|p2a: Gholdengo
|-damage|p2a: Gholdengo|85/100
|-start|p2a: Gholdengo|move: Heal Block
|-enditem|p2a: Gholdengo|Air Balloon
|
|upkeep
|turn|35
|
|t:|1781111127
|switch|p1a: Alomomola|Alomomola, M|100/100
|-damage|p1a: Alomomola|88/100|[from] Spikes
|move|p2a: Gholdengo|Shadow Ball|p1a: Alomomola
|-damage|p1a: Alomomola|45/100
|
|-end|p2a: Gholdengo|move: Heal Block
|upkeep
|turn|36
|inactive|skyhighmiles has 120 seconds left.
|
|t:|1781111187
|switch|p1a: Kingambit|Kingambit, M|100/100
|-damage|p1a: Kingambit|88/100|[from] Spikes
|move|p2a: Gholdengo|Shadow Ball|p1a: Kingambit
|-resisted|p1a: Kingambit
|-damage|p1a: Kingambit|66/100
|
|-heal|p1a: Kingambit|72/100|[from] item: Leftovers
|upkeep
|turn|37
|
|t:|1781111192
|switch|p2a: Great Tusk|Great Tusk|100/100
|move|p1a: Kingambit|Iron Head|p2a: Great Tusk
|-damage|p2a: Great Tusk|64/100
|
|-heal|p1a: Kingambit|79/100|[from] item: Leftovers
|upkeep
|turn|38
|
|t:|1781111198
|-end|p1a: Kingambit|fallenundefined|[silent]
|switch|p1a: Alomomola|Alomomola, M|78/100
|-damage|p1a: Alomomola|65/100|[from] Spikes
|move|p2a: Great Tusk|Rapid Spin|p1a: Alomomola
|-damage|p1a: Alomomola|55/100
|-boost|p2a: Great Tusk|spe|1
|-sideend|p2: KurisuChestnutOU|Spikes|[from] move: Rapid Spin|[of] p2a: Great Tusk
|
|upkeep
|turn|39
|
|t:|1781111205
|move|p2a: Great Tusk|Headlong Rush|p1a: Alomomola
|-damage|p1a: Alomomola|21/100
|-unboost|p2a: Great Tusk|def|1
|-unboost|p2a: Great Tusk|spd|1
|move|p1a: Alomomola|Flip Turn|p2a: Great Tusk
|-supereffective|p2a: Great Tusk
|-damage|p2a: Great Tusk|27/100
|
|t:|1781111209
|switch|p1a: Landorus|Landorus-Therian, M|64/100|[from] Flip Turn
|-ability|p1a: Landorus|Intimidate|boost
|-unboost|p2a: Great Tusk|atk|1
|
|upkeep
|turn|40
|
|t:|1781111214
|move|p1a: Landorus|Grass Knot|p2a: Great Tusk
|-supereffective|p2a: Great Tusk
|-crit|p2a: Great Tusk
|-damage|p2a: Great Tusk|0 fnt
|faint|p2a: Great Tusk
|-end|p2a: Great Tusk|Protosynthesis|[silent]
|
|upkeep
|
|t:|1781111218
|switch|p2a: Kingambit|Kingambit, M|100/100 par
|-activate|p2a: Kingambit|ability: Supreme Overlord
|-start|p2a: Kingambit|fallen1|[silent]
|turn|41
|
|t:|1781111227
|switch|p1a: Alomomola|Alomomola, M|54/100
|-damage|p1a: Alomomola|42/100|[from] Spikes
|move|p2a: Kingambit|Swords Dance|p2a: Kingambit
|-boost|p2a: Kingambit|atk|2
|
|upkeep
|turn|42
|
|t:|1781111232
|switch|p1a: Landorus|Landorus-Therian, M|64/100
|-ability|p1a: Landorus|Intimidate|boost
|-unboost|p2a: Kingambit|atk|1
|move|p2a: Kingambit|Swords Dance|p2a: Kingambit
|-boost|p2a: Kingambit|atk|2
|
|upkeep
|turn|43
|
|t:|1781111246
|move|p2a: Kingambit|Sucker Punch|p1a: Landorus
|-damage|p1a: Landorus|0 fnt
|faint|p1a: Landorus
|
|upkeep
|
|t:|1781111252
|switch|p1a: Kingambit|Kingambit, M|79/100
|-damage|p1a: Kingambit|66/100|[from] Spikes
|-activate|p1a: Kingambit|ability: Supreme Overlord
|-start|p1a: Kingambit|fallen1|[silent]
|turn|44
|
|t:|1781111259
|move|p1a: Kingambit|Iron Head|p2a: Kingambit
|-resisted|p2a: Kingambit
|-damage|p2a: Kingambit|78/100 par
|move|p2a: Kingambit|Low Kick|p1a: Kingambit
|-supereffective|p1a: Kingambit
|-damage|p1a: Kingambit|0 fnt
|faint|p1a: Kingambit
|-end|p1a: Kingambit|fallen1|[silent]
|
|-heal|p2a: Kingambit|84/100 par|[from] item: Leftovers
|upkeep
|c|☆skyhighmiles|Okay
|c| zseer|What
|
|t:|1781111280
|switch|p1a: Cinderace|Cinderace, F|11/100 psn
|turn|45
|
|t:|1781111284
|move|p2a: Kingambit|Sucker Punch|p1a: Cinderace
|-damage|p1a: Cinderace|0 fnt
|faint|p1a: Cinderace
|
|-heal|p2a: Kingambit|90/100 par|[from] item: Leftovers
|upkeep
|c|☆skyhighmiles|Lmaooooo
|c|☆skyhighmiles|not a single para
|c|☆skyhighmiles|no flinch from iron head
|c|☆skyhighmiles|whatever
|
|t:|1781111298
|switch|p1a: Kyurem|Kyurem|73/100
|-damage|p1a: Kyurem|60/100|[from] Spikes
|-ability|p1a: Kyurem|Pressure
|turn|46
|
|t:|1781111302
|cant|p2a: Kingambit|par
|move|p1a: Kyurem|Earth Power|p2a: Kingambit
|-supereffective|p2a: Kingambit
|-damage|p2a: Kingambit|0 fnt
|faint|p2a: Kingambit
|-end|p2a: Kingambit|fallen1|[silent]
|
|upkeep
|
|t:|1781111307
|switch|p2a: Gholdengo|Gholdengo|85/100
|turn|47
|c| zseer|You're bad
|
|t:|1781111312
|switch|p1a: Alomomola|Alomomola, M|75/100
|-damage|p1a: Alomomola|63/100|[from] Spikes
|-terastallize|p2a: Gholdengo|Flying
|move|p2a: Gholdengo|Shadow Ball|p1a: Alomomola
|-damage|p1a: Alomomola|21/100
|-unboost|p1a: Alomomola|spd|1
|
|upkeep
|turn|48
|
|t:|1781111317
|switch|p1a: Slowking|Slowking-Galar, F|100/100
|move|p2a: Gholdengo|Shadow Ball|p1a: Slowking
|-supereffective|p1a: Slowking
|-damage|p1a: Slowking|44/100
|-unboost|p1a: Slowking|spd|1
|
|upkeep
|turn|49
|
|t:|1781111324
|-terastallize|p1a: Slowking|Fairy
|move|p2a: Gholdengo|Shadow Ball|p1a: Slowking
|-damage|p1a: Slowking|8/100
|-prepare|p1a: Slowking|Chilly Reception|[premajor]
|move|p1a: Slowking|Chilly Reception|p1a: Slowking
|-weather|Snowscape
|
|t:|1781111328
|switch|p1a: Kyurem|Kyurem|60/100|[from] Chilly Reception
|-damage|p1a: Kyurem|48/100|[from] Spikes
|-ability|p1a: Kyurem|Pressure
|
|-weather|Snowscape|[upkeep]
|upkeep
|turn|50
|c| zseer|Just accept i played better
|
|t:|1781111331
|switch|p2a: Slowking|Slowking-Galar, F|100/100 par
|move|p1a: Kyurem|Freeze-Dry|p2a: Slowking
|-damage|p2a: Slowking|78/100 par
|
|-weather|Snowscape|[upkeep]
|upkeep
|turn|51
|
|t:|1781111335
|switch|p1a: Alomomola|Alomomola, M|54/100
|-damage|p1a: Alomomola|42/100|[from] Spikes
|cant|p2a: Slowking|par
|
|-weather|Snowscape|[upkeep]
|upkeep
|turn|52
|
|t:|1781111339
|move|p1a: Alomomola|Flip Turn|p2a: Slowking
|-damage|p2a: Slowking|59/100 par
|
|t:|1781111340
|switch|p1a: Slowking|Slowking-Galar, F, tera:Fairy|41/100|[from] Flip Turn
|move|p2a: Slowking|Sludge Bomb|p1a: Slowking
|-supereffective|p1a: Slowking
|-damage|p1a: Slowking|1/100
|-status|p1a: Slowking|psn
|
|-weather|Snowscape|[upkeep]
|-damage|p1a: Slowking|0 fnt|[from] psn
|faint|p1a: Slowking
|upkeep
|c|☆skyhighmiles|Yeah poisoning me there was definitely playing better
|
|t:|1781111369
|switch|p1a: Kyurem|Kyurem|48/100
|-damage|p1a: Kyurem|36/100|[from] Spikes
|-ability|p1a: Kyurem|Pressure
|turn|53
|c| zseer|It was a tactical poison
|
|t:|1781111373
|move|p1a: Kyurem|Blizzard|p2a: Slowking
|-damage|p2a: Slowking|28/100 par
|move|p2a: Slowking|Future Sight|p1a: Kyurem
|-start|p2a: Slowking|move: Future Sight
|
|-weather|none
|upkeep
|turn|54
|
|t:|1781111378
|switch|p1a: Alomomola|Alomomola, M|75/100
|-damage|p1a: Alomomola|63/100|[from] Spikes
|switch|p2a: Dondozo|Dondozo, F|99/100
|
|-heal|p2a: Dondozo|100/100|[from] item: Leftovers
|upkeep
|turn|55
|c| zseer|Takes skill
|
|t:|1781111385
|switch|p2a: Slowking|Slowking-Galar, F|61/100 par
|move|p1a: Alomomola|Wish|p1a: Alomomola
|
|-end|p1a: Alomomola|move: Future Sight
|-damage|p1a: Alomomola|20/100
|upkeep
|turn|56
|c|☆skyhighmiles|Position these nuts on your chin
|c| zseer|Yes please daddy
|
|t:|1781111408
|move|p1a: Alomomola|Flip Turn|p2a: Slowking
|-damage|p2a: Slowking|44/100 par
|
|t:|1781111410
|switch|p1a: Kyurem|Kyurem|36/100|[from] Flip Turn
|-damage|p1a: Kyurem|24/100|[from] Spikes
|-ability|p1a: Kyurem|Pressure
|cant|p2a: Slowking|par
|
|-heal|p1a: Kyurem|88/100|[from] move: Wish|[wisher] Alomomola
|upkeep
|turn|57
|
|t:|1781111415
|move|p1a: Kyurem|Earth Power|p2a: Slowking
|-supereffective|p2a: Slowking
|-crit|p2a: Slowking
|-damage|p2a: Slowking|0 fnt
|faint|p2a: Slowking
|
|upkeep
|
|t:|1781111418
|switch|p2a: Gliscor|Gliscor, F|100/100 tox
|turn|58
|
|t:|1781111422
|switch|p1a: Alomomola|Alomomola, M|53/100
|-damage|p1a: Alomomola|41/100|[from] Spikes
|move|p2a: Gliscor|Earthquake|p1a: Alomomola
|-damage|p1a: Alomomola|22/100
|
|upkeep
|turn|59
|
|t:|1781111432
|move|p2a: Gliscor|Knock Off|p1a: Alomomola
|-damage|p1a: Alomomola|13/100
|move|p1a: Alomomola|Flip Turn|p2a: Gliscor
|-supereffective|p2a: Gliscor
|-damage|p2a: Gliscor|80/100 tox
|
|t:|1781111434
|switch|p1a: Kyurem|Kyurem|88/100|[from] Flip Turn
|-damage|p1a: Kyurem|76/100|[from] Spikes
|-ability|p1a: Kyurem|Pressure
|
|-heal|p2a: Gliscor|93/100 tox|[from] ability: Poison Heal
|upkeep
|turn|60
|
|t:|1781111437
|move|p2a: Gliscor|Protect|p2a: Gliscor
|-singleturn|p2a: Gliscor|Protect
|move|p1a: Kyurem|Freeze-Dry|p2a: Gliscor
|-activate|p2a: Gliscor|move: Protect
|
|-heal|p2a: Gliscor|100/100 tox|[from] ability: Poison Heal
|upkeep
|turn|61
|
|t:|1781111442
|switch|p2a: Dondozo|Dondozo, F|100/100
|move|p1a: Kyurem|Freeze-Dry|p2a: Dondozo
|-supereffective|p2a: Dondozo
|-damage|p2a: Dondozo|0 fnt
|faint|p2a: Dondozo
|
|upkeep
|
|t:|1781111446
|switch|p2a: Gliscor|Gliscor, F|100/100 tox
|turn|62
|
|t:|1781111450
|move|p2a: Gliscor|Protect|p2a: Gliscor
|-singleturn|p2a: Gliscor|Protect
|move|p1a: Kyurem|Freeze-Dry|p2a: Gliscor
|-activate|p2a: Gliscor|move: Protect
|
|upkeep
|turn|63
|
|t:|1781111454
|move|p2a: Gliscor|Protect||[still]
|-fail|p2a: Gliscor
|move|p1a: Kyurem|Freeze-Dry|p2a: Gliscor
|-supereffective|p2a: Gliscor
|-crit|p2a: Gliscor
|-damage|p2a: Gliscor|0 fnt
|faint|p2a: Gliscor
|
|upkeep
|
|t:|1781111459
|switch|p2a: Gholdengo|Gholdengo, tera:Flying|85/100
|turn|64
|
|t:|1781111467
|switch|p1a: Alomomola|Alomomola, M|47/100
|-damage|p1a: Alomomola|34/100|[from] Spikes
|move|p2a: Gholdengo|Recover|p2a: Gholdengo
|-heal|p2a: Gholdengo|100/100
|
|upkeep
|turn|65
|
|t:|1781111474
|move|p2a: Gholdengo|Make It Rain|p1a: Alomomola
|-resisted|p1a: Alomomola
|-damage|p1a: Alomomola|3/100
|-unboost|p2a: Gholdengo|spa|1
|move|p1a: Alomomola|Flip Turn|p2a: Gholdengo
|-damage|p2a: Gholdengo|82/100
|
|t:|1781111477
|switch|p1a: Kyurem|Kyurem|76/100|[from] Flip Turn
|-damage|p1a: Kyurem|64/100|[from] Spikes
|-ability|p1a: Kyurem|Pressure
|
|upkeep
|turn|66
|
|t:|1781111480
|move|p1a: Kyurem|Ice Beam|p2a: Gholdengo
|-supereffective|p2a: Gholdengo
|-damage|p2a: Gholdengo|0 fnt
|faint|p2a: Gholdengo
|
|win|skyhighmiles
|raw|skyhighmiles's rating: 1575 &rarr; <strong>1594</strong><br />(+19 for winning)
|raw|KurisuChestnutOU's rating: 1552 &rarr; <strong>1533</strong><br />(-19 for losing)
