|j|☆arturohdez
|j|☆AbraviousTinkaton
|t:|1781096628
|gametype|singles
|player|p1|arturohdez|lucas|1636
|player|p2|AbraviousTinkaton|dana|1682
|gen|9
|tier|[Gen 9] OU
|rated|
|rule|HP Percentage Mod: HP is shown in percentages
|rule|Endless Battle Clause: Forcing endless battles is banned
|rule|Species Clause: Limit one of each Pokémon
|rule|OHKO Clause: OHKO moves are banned
|rule|Evasion Items Clause: Evasion items are banned
|rule|Evasion Moves Clause: Evasion moves are banned
|rule|Evasion Abilities Clause: Evasion abilities are banned
|rule|Sleep Moves Clause: Sleep-inducing moves are banned
|clearpoke
|poke|p1|Landorus-Therian, M|
|poke|p1|Gholdengo|
|poke|p1|Rillaboom, M|
|poke|p1|Walking Wake|
|poke|p1|Volcanion|
|poke|p1|Zamazenta-*|
|poke|p2|Zamazenta-*|
|poke|p2|Iron Treads|
|poke|p2|Ogerpon-Wellspring, F|
|poke|p2|Pecharunt|
|poke|p2|Dragapult, F|
|poke|p2|Kingambit, F|
|teampreview
|j| choispecs ironmoth
|
|t:|1781096643
|teamsize|p1|6
|teamsize|p2|6
|start
|switch|p1a: Rillaboom|Rillaboom, M|100/100
|switch|p2a: Dragapult|Dragapult, F|100/100
|-fieldstart|move: Grassy Terrain|[from] ability: Grassy Surge|[of] p1a: Rillaboom
|turn|1
|
|t:|1781096652
|switch|p1a: Volcanion|Volcanion|100/100
|move|p2a: Dragapult|U-turn|p1a: Volcanion
|-resisted|p1a: Volcanion
|-damage|p1a: Volcanion|92/100
|inactive|Battle timer is ON: inactive players will automatically lose when time's up. (requested by arturohdez)
|
|t:|1781096661
|switch|p2a: Ogerpon|Ogerpon-Wellspring, F|100/100|[from] U-turn
|
|-heal|p1a: Volcanion|98/100|[from] Grassy Terrain
|upkeep
|turn|2
|
|t:|1781096665
|move|p2a: Ogerpon|Knock Off|p1a: Volcanion
|-damage|p1a: Volcanion|61/100
|-enditem|p1a: Volcanion|Shuca Berry|[from] move: Knock Off|[of] p2a: Ogerpon
|move|p1a: Volcanion|Will-O-Wisp|p2a: Ogerpon
|-status|p2a: Ogerpon|brn
|
|-heal|p1a: Volcanion|67/100|[from] Grassy Terrain
|-damage|p2a: Ogerpon|95/100 brn|[from] brn
|upkeep
|turn|3
|
|t:|1781096676
|move|p2a: Ogerpon|U-turn|p1a: Volcanion
|-resisted|p1a: Volcanion
|-damage|p1a: Volcanion|60/100
|
|t:|1781096680
|switch|p2a: Dragapult|Dragapult, F|100/100|[from] U-turn
|move|p1a: Volcanion|Sludge Bomb|p2a: Dragapult
|-resisted|p2a: Dragapult
|-damage|p2a: Dragapult|76/100
|
|-heal|p2a: Dragapult|82/100|[from] Grassy Terrain
|-heal|p1a: Volcanion|66/100|[from] Grassy Terrain
|upkeep
|turn|4
|
|t:|1781096687
|move|p2a: Dragapult|Dragon Darts|p1a: Volcanion
|-damage|p1a: Volcanion|47/100
|-anim|p2a: Dragapult|Dragon Darts|p1a: Volcanion
|-damage|p1a: Volcanion|29/100
|move|p1a: Volcanion|Will-O-Wisp|p2a: Dragapult
|-status|p2a: Dragapult|brn
|
|-heal|p2a: Dragapult|88/100 brn|[from] Grassy Terrain
|-heal|p1a: Volcanion|35/100|[from] Grassy Terrain
|-damage|p2a: Dragapult|82/100 brn|[from] brn
|upkeep
|turn|5
|
|t:|1781096700
|move|p2a: Dragapult|Hex|p1a: Volcanion
|-damage|p1a: Volcanion|4/100
|move|p1a: Volcanion|Flamethrower|p2a: Dragapult
|-resisted|p2a: Dragapult
|-damage|p2a: Dragapult|43/100 brn
|
|-heal|p2a: Dragapult|49/100 brn|[from] Grassy Terrain
|-heal|p1a: Volcanion|10/100|[from] Grassy Terrain
|-damage|p2a: Dragapult|43/100 brn|[from] brn
|-fieldend|move: Grassy Terrain
|upkeep
|turn|6
|
|t:|1781096709
|switch|p1a: Rillaboom|Rillaboom, M|100/100
|-fieldstart|move: Grassy Terrain|[from] ability: Grassy Surge|[of] p1a: Rillaboom
|move|p2a: Dragapult|Hex|p1a: Rillaboom
|-damage|p1a: Rillaboom|62/100
|
|-heal|p2a: Dragapult|49/100 brn|[from] Grassy Terrain
|-heal|p1a: Rillaboom|68/100|[from] Grassy Terrain
|-damage|p2a: Dragapult|43/100 brn|[from] brn
|upkeep
|turn|7
|
|t:|1781096717
|switch|p1a: Volcanion|Volcanion|10/100
|move|p2a: Dragapult|U-turn|p1a: Volcanion
|-resisted|p1a: Volcanion
|-damage|p1a: Volcanion|5/100
|
|t:|1781096719
|switch|p2a: Iron Treads|Iron Treads|100/100|[from] U-turn
|
|-heal|p1a: Volcanion|11/100|[from] Grassy Terrain
|upkeep
|turn|8
|
|t:|1781096725
|move|p2a: Iron Treads|Knock Off|p1a: Volcanion
|-crit|p1a: Volcanion
|-damage|p1a: Volcanion|0 fnt
|faint|p1a: Volcanion
|
|upkeep
|inactive|arturohdez has 120 seconds left.
|
|t:|1781096770
|switch|p1a: Walking Wake|Walking Wake|100/100
|-enditem|p1a: Walking Wake|Booster Energy
|-activate|p1a: Walking Wake|ability: Protosynthesis|[fromitem]
|-start|p1a: Walking Wake|protosynthesisspa
|turn|9
|
|t:|1781096778
|move|p2a: Iron Treads|Stealth Rock|p1a: Walking Wake
|-sidestart|p1: arturohdez|move: Stealth Rock
|move|p1a: Walking Wake|Agility|p1a: Walking Wake
|-boost|p1a: Walking Wake|spe|2
|
|upkeep
|turn|10
|inactive|arturohdez has 120 seconds left.
|
|t:|1781096795
|-end|p2a: Iron Treads|Quark Drive|[silent]
|switch|p2a: Dragapult|Dragapult, F|43/100 brn
|move|p1a: Walking Wake|Surf|p2a: Dragapult
|-resisted|p2a: Dragapult
|-damage|p2a: Dragapult|0 fnt
|faint|p2a: Dragapult
|
|-fieldend|move: Grassy Terrain
|upkeep
|
|t:|1781096804
|switch|p2a: Ogerpon|Ogerpon-Wellspring, F|95/100 brn
|turn|11
|
|t:|1781096810
|move|p1a: Walking Wake|Dragon Pulse|p2a: Ogerpon
|-damage|p2a: Ogerpon|17/100 brn
|move|p2a: Ogerpon|U-turn|p1a: Walking Wake
|-damage|p1a: Walking Wake|85/100
|
|t:|1781096813
|switch|p2a: Zamazenta|Zamazenta|100/100|[from] U-turn
|-ability|p2a: Zamazenta|Dauntless Shield|boost
|-boost|p2a: Zamazenta|def|1
|
|upkeep
|turn|12
|
|t:|1781096816
|move|p1a: Walking Wake|Surf|p2a: Zamazenta
|-damage|p2a: Zamazenta|35/100
|move|p2a: Zamazenta|Close Combat|p1a: Walking Wake
|-damage|p1a: Walking Wake|3/100
|-unboost|p2a: Zamazenta|def|1
|-unboost|p2a: Zamazenta|spd|1
|-damage|p2a: Zamazenta|25/100|[from] item: Life Orb
|
|upkeep
|turn|13
|
|t:|1781096828
|switch|p2a: Ogerpon|Ogerpon-Wellspring, F|17/100 brn
|move|p1a: Walking Wake|Flamethrower|p2a: Ogerpon
|-damage|p2a: Ogerpon|0 fnt
|faint|p2a: Ogerpon
|
|upkeep
|
|t:|1781096830
|switch|p2a: Kingambit|Kingambit, F|100/100
|-activate|p2a: Kingambit|ability: Supreme Overlord
|-start|p2a: Kingambit|fallen2|[silent]
|turn|14
|
|t:|1781096834
|move|p2a: Kingambit|Sucker Punch|p1a: Walking Wake
|-damage|p1a: Walking Wake|0 fnt
|faint|p1a: Walking Wake
|-end|p1a: Walking Wake|Protosynthesis|[silent]
|
|upkeep
|
|t:|1781096845
|switch|p1a: Landorus|Landorus-Therian, M|100/100
|-damage|p1a: Landorus|88/100|[from] Stealth Rock
|-ability|p1a: Landorus|Intimidate|boost
|-unboost|p2a: Kingambit|atk|1
|turn|15
|
|t:|1781096860
|-end|p2a: Kingambit|fallen2|[silent]
|switch|p2a: Zamazenta|Zamazenta|25/100
|move|p1a: Landorus|Earth Power|p2a: Zamazenta
|-damage|p2a: Zamazenta|0 fnt
|faint|p2a: Zamazenta
|
|upkeep
|
|t:|1781096870
|switch|p2a: Iron Treads|Iron Treads|100/100
|turn|16
|
|t:|1781096882
|move|p2a: Iron Treads|Knock Off|p1a: Landorus
|-damage|p1a: Landorus|59/100
|-damage|p2a: Iron Treads|84/100|[from] item: Rocky Helmet|[of] p1a: Landorus
|-enditem|p1a: Landorus|Rocky Helmet|[from] move: Knock Off|[of] p2a: Iron Treads
|move|p1a: Landorus|Earth Power|p2a: Iron Treads
|-supereffective|p2a: Iron Treads
|-crit|p2a: Iron Treads
|-damage|p2a: Iron Treads|0 fnt
|faint|p2a: Iron Treads
|-end|p2a: Iron Treads|Quark Drive|[silent]
|
|upkeep
|
|t:|1781096895
|switch|p2a: Kingambit|Kingambit, F|100/100
|-activate|p2a: Kingambit|ability: Supreme Overlord
|-start|p2a: Kingambit|fallen4|[silent]
|turn|17
|
|t:|1781096909
|-terastallize|p2a: Kingambit|Ghost
|move|p1a: Landorus|Taunt|p2a: Kingambit
|-start|p2a: Kingambit|move: Taunt
|move|p2a: Kingambit|Kowtow Cleave|p1a: Landorus
|-damage|p1a: Landorus|0 fnt
|faint|p1a: Landorus
|
|upkeep
|
|t:|1781096925
|switch|p1a: Zamazenta|Zamazenta|100/100
|-damage|p1a: Zamazenta|94/100|[from] Stealth Rock
|-ability|p1a: Zamazenta|Dauntless Shield|boost
|-boost|p1a: Zamazenta|def|1
|turn|18
|
|t:|1781096931
|-end|p2a: Kingambit|fallen4|[silent]
|switch|p2a: Pecharunt|Pecharunt|100/100
|move|p1a: Zamazenta|Crunch|p2a: Pecharunt
|-supereffective|p2a: Pecharunt
|-damage|p2a: Pecharunt|62/100
|-unboost|p2a: Pecharunt|def|1
|-damage|p1a: Zamazenta|84/100|[from] item: Life Orb
|
|upkeep
|turn|19
|
|t:|1781096953
|move|p1a: Zamazenta|Crunch|p2a: Pecharunt
|-supereffective|p2a: Pecharunt
|-damage|p2a: Pecharunt|8/100
|-damage|p1a: Zamazenta|75/100|[from] item: Life Orb
|move|p2a: Pecharunt|Parting Shot|p1a: Zamazenta
|-unboost|p1a: Zamazenta|atk|1
|-unboost|p1a: Zamazenta|spa|1
|inactive|AbraviousTinkaton has 120 seconds left.
|
|t:|1781096969
|switch|p2a: Kingambit|Kingambit, F, tera:Ghost|100/100|[from] Parting Shot
|-activate|p2a: Kingambit|ability: Supreme Overlord
|-start|p2a: Kingambit|fallen4|[silent]
|
|upkeep
|turn|20
|
|t:|1781096977
|move|p1a: Zamazenta|Crunch|p2a: Kingambit
|-supereffective|p2a: Kingambit
|-damage|p2a: Kingambit|58/100
|-damage|p1a: Zamazenta|65/100|[from] item: Life Orb
|move|p2a: Kingambit|Low Kick|p1a: Zamazenta
|-damage|p1a: Zamazenta|23/100
|
|-heal|p2a: Kingambit|64/100|[from] item: Leftovers
|upkeep
|turn|21
|
|t:|1781096986
|move|p1a: Zamazenta|Crunch|p2a: Kingambit
|-supereffective|p2a: Kingambit
|-damage|p2a: Kingambit|23/100
|-damage|p1a: Zamazenta|13/100|[from] item: Life Orb
|move|p2a: Kingambit|Swords Dance|p2a: Kingambit
|-boost|p2a: Kingambit|atk|2
|
|-heal|p2a: Kingambit|29/100|[from] item: Leftovers
|upkeep
|turn|22
|
|t:|1781096991
|move|p2a: Kingambit|Sucker Punch|p1a: Zamazenta
|-resisted|p1a: Zamazenta
|-damage|p1a: Zamazenta|0 fnt
|faint|p1a: Zamazenta
|
|-heal|p2a: Kingambit|35/100|[from] item: Leftovers
|upkeep
|
|t:|1781096993
|switch|p1a: Rillaboom|Rillaboom, M|68/100
|-damage|p1a: Rillaboom|56/100|[from] Stealth Rock
|-fieldstart|move: Grassy Terrain|[from] ability: Grassy Surge|[of] p1a: Rillaboom
|turn|23
|
|t:|1781097001
|move|p1a: Rillaboom|Grassy Glide|p2a: Kingambit
|-damage|p2a: Kingambit|0 fnt
|faint|p2a: Kingambit
|-end|p2a: Kingambit|fallen4|[silent]
|-damage|p1a: Rillaboom|46/100|[from] item: Life Orb
|
|-heal|p1a: Rillaboom|52/100|[from] Grassy Terrain
|upkeep
|-message|AbraviousTinkaton forfeited.
|
|win|arturohdez
|raw|arturohdez's rating: 1636 &rarr; <strong>1659</strong><br />(+23 for winning)
|raw|AbraviousTinkaton's rating: 1682 &rarr; <strong>1659</strong><br />(-23 for losing)
|l|☆AbraviousTinkaton
|player|p2|
