|j|☆zylsnbb
|j|☆Supa Dupa Hoopa
|t:|1781046682
|gametype|singles
|player|p1|zylsnbb|170|1587
|player|p2|Supa Dupa Hoopa|1|1551
|gen|9
|tier|[Gen 9] OU
|rated|
|rule|HP Percentage Mod: HP is shown in percentages
|rule|Endless Battle Clause: Forcing endless battles is banned
|rule|Species Clause: Limit one of each Pokémon
|rule|OHKO Clause: OHKO moves are banned
|rule|Evasion Items Clause: Evasion items are banned
|rule|Evasion Moves Clause: Evasion moves are banned
|rule|Evasion Abilities Clause: Evasion abilities are banned
|rule|Sleep Moves Clause: Sleep-inducing moves are banned
|clearpoke
|poke|p1|Clodsire, M|
|poke|p1|Pecharunt|
|poke|p1|Chesnaught, F|
|poke|p1|Weavile, F|
|poke|p1|Ceruledge, F|
|poke|p1|Corviknight, M|
|poke|p2|Serperior, F|
|poke|p2|Cinderace, M|
|poke|p2|Corviknight, M|
|poke|p2|Clodsire, M|
|poke|p2|Ditto|
|poke|p2|Toxtricity-Low-Key, M|
|teampreview
|inactive|Battle timer is ON: inactive players will automatically lose when time's up. (requested by zylsnbb)
|
|t:|1781046695
|teamsize|p1|6
|teamsize|p2|6
|start
|switch|p1a: Weavile|Weavile, F|100/100
|switch|p2a: What RU|Serperior, F|100/100
|-ability|p1a: Weavile|Pressure
|turn|1
|j| TheSacredJackal⨕
|
|t:|1781046703
|switch|p2a: Skarmory-M|Corviknight, M|100/100
|-ability|p2a: Skarmory-M|Pressure
|move|p1a: Weavile|Icicle Crash|p2a: Skarmory-M
|-damage|p2a: Skarmory-M|76/100
|
|-heal|p2a: Skarmory-M|82/100|[from] item: Leftovers
|upkeep
|turn|2
|l| TheSacredJackal⨕
|
|t:|1781046720
|switch|p1a: Corviknight|Corviknight, M|100/100
|move|p2a: Skarmory-M|U-turn|p1a: Corviknight
|-resisted|p1a: Corviknight
|-damage|p1a: Corviknight|97/100
|
|t:|1781046727
|switch|p2a: ANOTHER ONE|Toxtricity-Low-Key, M|100/100|[from] U-turn
|
|upkeep
|turn|3
|
|t:|1781046733
|switch|p1a: Clodsire|Clodsire, M|100/100
|move|p2a: ANOTHER ONE|Boomburst|p1a: Clodsire
|-damage|p1a: Clodsire|51/100
|
|-heal|p1a: Clodsire|57/100|[from] item: Leftovers
|upkeep
|turn|4
|
|t:|1781046742
|-terastallize|p2a: ANOTHER ONE|Normal
|move|p2a: ANOTHER ONE|Boomburst|p1a: Clodsire
|-damage|p1a: Clodsire|0 fnt
|faint|p1a: Clodsire
|
|upkeep
|
|t:|1781046749
|switch|p1a: Ceruledge|Ceruledge, F|100/100
|turn|5
|
|t:|1781046764
|switch|p2a: CinderMiss|Cinderace, M|100/100
|move|p1a: Ceruledge|Bulk Up|p1a: Ceruledge
|-boost|p1a: Ceruledge|atk|1
|-boost|p1a: Ceruledge|def|1
|
|upkeep
|turn|6
|
|t:|1781046775
|move|p2a: CinderMiss|U-turn|p1a: Ceruledge
|-start|p2a: CinderMiss|typechange|Bug|[from] ability: Libero
|-resisted|p1a: Ceruledge
|-damage|p1a: Ceruledge|94/100
|
|t:|1781046786
|switch|p2a: ANOTHER ONE|Toxtricity-Low-Key, M, tera:Normal|100/100|[from] U-turn
|move|p1a: Ceruledge|Bulk Up|p1a: Ceruledge
|-boost|p1a: Ceruledge|atk|1
|-boost|p1a: Ceruledge|def|1
|
|upkeep
|turn|7
|
|t:|1781046799
|move|p2a: ANOTHER ONE|Discharge|p1a: Ceruledge
|-damage|p1a: Ceruledge|40/100
|move|p1a: Ceruledge|Bitter Blade|p2a: ANOTHER ONE
|-damage|p2a: ANOTHER ONE|0 fnt
|-heal|p1a: Ceruledge|81/100|[from] drain|[of] p2a: ANOTHER ONE
|faint|p2a: ANOTHER ONE
|
|upkeep
|
|t:|1781046820
|switch|p2a: Mew1.5|Ditto|100/100
|-transform|p2a: Mew1.5|p1a: Ceruledge|[from] ability: Imposter
|turn|8
|
|t:|1781046837
|-terastallize|p1a: Ceruledge|Grass
|move|p2a: Mew1.5|Shadow Sneak|p1a: Ceruledge
|-damage|p1a: Ceruledge|55/100
|move|p1a: Ceruledge|Shadow Sneak|p2a: Mew1.5
|-supereffective|p2a: Mew1.5
|-damage|p2a: Mew1.5|46/100
|
|upkeep
|turn|9
|inactive|Supa Dupa Hoopa has 120 seconds left.
|
|t:|1781046855
|switch|p2a: What RU|Serperior, F|100/100
|move|p1a: Ceruledge|Shadow Sneak|p2a: What RU
|-damage|p2a: What RU|54/100
|
|-heal|p2a: What RU|60/100|[from] item: Leftovers
|upkeep
|turn|10
|inactive|Supa Dupa Hoopa has 120 seconds left.
|
|t:|1781046867
|move|p2a: What RU|Glare|p1a: Ceruledge
|-status|p1a: Ceruledge|par
|move|p1a: Ceruledge|Bitter Blade|p2a: What RU
|-supereffective|p2a: What RU
|-damage|p2a: What RU|0 fnt
|-heal|p1a: Ceruledge|84/100 par|[from] drain|[of] p2a: What RU
|faint|p2a: What RU
|
|upkeep
|inactive|Supa Dupa Hoopa has 120 seconds left.
|
|t:|1781046886
|switch|p2a: Skarmory-M|Corviknight, M|82/100
|-ability|p2a: Skarmory-M|Pressure
|turn|11
|
|t:|1781046895
|move|p2a: Skarmory-M|Iron Defense|p2a: Skarmory-M
|-boost|p2a: Skarmory-M|def|2
|move|p1a: Ceruledge|Bitter Blade|p2a: Skarmory-M
|-supereffective|p2a: Skarmory-M
|-damage|p2a: Skarmory-M|28/100
|-heal|p1a: Ceruledge|100/100 par|[from] drain|[of] p2a: Skarmory-M
|
|-heal|p2a: Skarmory-M|34/100|[from] item: Leftovers
|upkeep
|turn|12
|
|t:|1781046904
|move|p2a: Skarmory-M|Roost|p2a: Skarmory-M
|-heal|p2a: Skarmory-M|84/100
|-singleturn|p2a: Skarmory-M|move: Roost
|cant|p1a: Ceruledge|par
|
|-heal|p2a: Skarmory-M|90/100|[from] item: Leftovers
|upkeep
|turn|13
|
|t:|1781046913
|move|p2a: Skarmory-M|Iron Defense|p2a: Skarmory-M
|-boost|p2a: Skarmory-M|def|2
|move|p1a: Ceruledge|Taunt|p2a: Skarmory-M
|-start|p2a: Skarmory-M|move: Taunt
|
|-heal|p2a: Skarmory-M|97/100|[from] item: Leftovers
|upkeep
|turn|14
|
|t:|1781046922
|move|p2a: Skarmory-M|Body Press|p1a: Ceruledge
|-damage|p1a: Ceruledge|52/100 par
|move|p1a: Ceruledge|Bitter Blade|p2a: Skarmory-M
|-supereffective|p2a: Skarmory-M
|-damage|p2a: Skarmory-M|56/100
|-heal|p1a: Ceruledge|76/100 par|[from] drain|[of] p2a: Skarmory-M
|
|-heal|p2a: Skarmory-M|62/100|[from] item: Leftovers
|upkeep
|turn|15
|
|t:|1781046931
|move|p2a: Skarmory-M|Body Press|p1a: Ceruledge
|-crit|p1a: Ceruledge
|-damage|p1a: Ceruledge|0 fnt
|faint|p1a: Ceruledge
|
|-heal|p2a: Skarmory-M|69/100|[from] item: Leftovers
|upkeep
|
|t:|1781046941
|switch|p1a: Pecharunt|Pecharunt|100/100
|turn|16
|
|t:|1781046949
|switch|p2a: Clodsire|Clodsire, M|100/100
|move|p1a: Pecharunt|Shadow Ball|p2a: Clodsire
|-damage|p2a: Clodsire|88/100
|
|-heal|p2a: Clodsire|94/100|[from] item: Leftovers
|upkeep
|turn|17
|
|t:|1781046959
|move|p1a: Pecharunt|Parting Shot|p2a: Clodsire
|-unboost|p2a: Clodsire|atk|1
|-unboost|p2a: Clodsire|spa|1
|
|t:|1781046962
|switch|p1a: Corviknight|Corviknight, M|97/100|[from] Parting Shot
|move|p2a: Clodsire|Earthquake|p1a: Corviknight
|-immune|p1a: Corviknight
|
|-heal|p2a: Clodsire|99/100|[from] item: Leftovers
|upkeep
|turn|18
|
|t:|1781046975
|move|p1a: Corviknight|Brave Bird|p2a: Clodsire
|-damage|p2a: Clodsire|56/100
|-damage|p1a: Corviknight|80/100|[from] Recoil
|move|p2a: Clodsire|Earthquake|p1a: Corviknight
|-immune|p1a: Corviknight
|
|-heal|p2a: Clodsire|62/100|[from] item: Leftovers
|upkeep
|turn|19
|
|t:|1781046986
|switch|p2a: CinderMiss|Cinderace, M|100/100
|move|p1a: Corviknight|U-turn|p2a: CinderMiss
|-resisted|p2a: CinderMiss
|-damage|p2a: CinderMiss|91/100
|
|t:|1781046991
|switch|p1a: Pecharunt|Pecharunt|100/100|[from] U-turn
|
|upkeep
|turn|20
|
|t:|1781047007
|move|p2a: CinderMiss|Pyro Ball|p1a: Pecharunt|[miss]
|-miss|p2a: CinderMiss|p1a: Pecharunt
|move|p1a: Pecharunt|Parting Shot|p2a: CinderMiss
|-unboost|p2a: CinderMiss|atk|1
|-unboost|p2a: CinderMiss|spa|1
|
|t:|1781047015
|switch|p1a: Chesnaught|Chesnaught, F|100/100|[from] Parting Shot
|
|upkeep
|turn|21
|
|t:|1781047027
|move|p2a: CinderMiss|High Jump Kick|p1a: Chesnaught
|-start|p2a: CinderMiss|typechange|Fighting|[from] ability: Libero
|-damage|p1a: Chesnaught|78/100
|-damage|p2a: CinderMiss|74/100|[from] item: Rocky Helmet|[of] p1a: Chesnaught
|move|p1a: Chesnaught|Body Press|p2a: CinderMiss
|-damage|p2a: CinderMiss|6/100
|
|upkeep
|turn|22
|inactive|Supa Dupa Hoopa has 120 seconds left.
|
|t:|1781047085
|switch|p1a: Pecharunt|Pecharunt|100/100
|move|p2a: CinderMiss|U-turn|p1a: Pecharunt
|-resisted|p1a: Pecharunt
|-damage|p1a: Pecharunt|99/100
|-message|Supa Dupa Hoopa forfeited.
|
|win|zylsnbb
|raw|zylsnbb's rating: 1587 &rarr; <strong>1605</strong><br />(+18 for winning)
|raw|Supa Dupa Hoopa's rating: 1551 &rarr; <strong>1533</strong><br />(-18 for losing)
|l|☆Supa Dupa Hoopa
|player|p2|
|l|☆zylsnbb
|player|p1|
