|j|☆haaaaxxxxx
|j|☆KurisuChestnutOU
|t:|1781127146
|gametype|singles
|player|p1|haaaaxxxxx|169|1506
|player|p2|KurisuChestnutOU|may-contest|1577
|gen|9
|tier|[Gen 9] OU
|rated|
|rule|HP Percentage Mod: HP is shown in percentages
|rule|Endless Battle Clause: Forcing endless battles is banned
|rule|Species Clause: Limit one of each Pokémon
|rule|OHKO Clause: OHKO moves are banned
|rule|Evasion Items Clause: Evasion items are banned
|rule|Evasion Moves Clause: Evasion moves are banned
|rule|Evasion Abilities Clause: Evasion abilities are banned
|rule|Sleep Moves Clause: Sleep-inducing moves are banned
|clearpoke
|poke|p1|Alomomola, M|
|poke|p1|Slowking-Galar, F|
|poke|p1|Dragapult, M|
|poke|p1|Great Tusk|
|poke|p1|Ogerpon-Wellspring, F|
|poke|p1|Pecharunt|
|poke|p2|Gliscor, M|
|poke|p2|Dondozo, F|
|poke|p2|Slowking-Galar, F|
|poke|p2|Gholdengo|
|poke|p2|Great Tusk|
|poke|p2|Kingambit, M|
|teampreview
|inactive|Battle timer is ON: inactive players will automatically lose when time's up. (requested by KurisuChestnutOU)
|
|t:|1781127155
|teamsize|p1|6
|teamsize|p2|6
|start
|switch|p1a: Ogerpon|Ogerpon-Wellspring, F|100/100
|switch|p2a: Kingambit|Kingambit, M|100/100
|turn|1
|
|t:|1781127161
|switch|p1a: Great Tusk|Great Tusk|100/100
|move|p2a: Kingambit|Sucker Punch||[still]
|-fail|p2a: Kingambit
|
|upkeep
|turn|2
|
|t:|1781127168
|move|p1a: Great Tusk|Ice Spinner|p2a: Kingambit
|-resisted|p2a: Kingambit
|-damage|p2a: Kingambit|86/100
|move|p2a: Kingambit|Iron Head|p1a: Great Tusk
|-damage|p1a: Great Tusk|71/100
|
|-heal|p2a: Kingambit|93/100|[from] item: Leftovers
|upkeep
|turn|3
|
|t:|1781127175
|move|p1a: Great Tusk|Close Combat|p2a: Kingambit
|-supereffective|p2a: Kingambit
|-damage|p2a: Kingambit|0 fnt
|-unboost|p1a: Great Tusk|def|1
|-unboost|p1a: Great Tusk|spd|1
|faint|p2a: Kingambit
|-end|p2a: Kingambit|fallenundefined|[silent]
|
|upkeep
|
|t:|1781127181
|switch|p2a: Gholdengo|Gholdengo|100/100
|-item|p2a: Gholdengo|Air Balloon
|turn|4
|
|t:|1781127192
|-end|p1a: Great Tusk|Protosynthesis|[silent]
|switch|p1a: Slowking|Slowking-Galar, F|100/100
|move|p2a: Gholdengo|Shadow Ball|p1a: Slowking
|-supereffective|p1a: Slowking
|-damage|p1a: Slowking|46/100
|-unboost|p1a: Slowking|spd|1
|
|upkeep
|turn|5
|
|t:|1781127208
|switch|p1a: Pecharunt|Pecharunt|100/100
|move|p2a: Gholdengo|Shadow Ball|p1a: Pecharunt
|-supereffective|p1a: Pecharunt
|-damage|p1a: Pecharunt|13/100
|
|-heal|p1a: Pecharunt|19/100|[from] item: Leftovers
|upkeep
|turn|6
|
|t:|1781127218
|move|p2a: Gholdengo|Shadow Ball|p1a: Pecharunt
|-supereffective|p1a: Pecharunt
|-damage|p1a: Pecharunt|0 fnt
|faint|p1a: Pecharunt
|
|upkeep
|
|t:|1781127221
|switch|p1a: Ogerpon|Ogerpon-Wellspring, F|100/100
|turn|7
|
|t:|1781127227
|switch|p2a: Dondozo|Dondozo, F|100/100
|-terastallize|p1a: Ogerpon|Water
|detailschange|p1a: Ogerpon|Ogerpon-Wellspring-Tera, F, tera:Water
|-ability|p1a: Ogerpon|Embody Aspect (Wellspring)|boost
|-boost|p1a: Ogerpon|spd|1
|move|p1a: Ogerpon|Ivy Cudgel|p2a: Dondozo|[anim] Ivy Cudgel Water
|-resisted|p2a: Dondozo
|-damage|p2a: Dondozo|82/100
|
|-heal|p2a: Dondozo|88/100|[from] item: Leftovers
|upkeep
|turn|8
|
|t:|1781127239
|switch|p2a: Slowking|Slowking-Galar, F|100/100
|move|p1a: Ogerpon|Horn Leech|p2a: Slowking
|-resisted|p2a: Slowking
|-damage|p2a: Slowking|77/100
|
|upkeep
|turn|9
|
|t:|1781127262
|switch|p2a: Dondozo|Dondozo, F|88/100
|move|p1a: Ogerpon|Ivy Cudgel|p2a: Dondozo|[anim] Ivy Cudgel Water
|-resisted|p2a: Dondozo
|-damage|p2a: Dondozo|69/100
|
|-heal|p2a: Dondozo|75/100|[from] item: Leftovers
|upkeep
|turn|10
|
|t:|1781127269
|move|p1a: Ogerpon|Horn Leech|p2a: Dondozo
|-supereffective|p2a: Dondozo
|-damage|p2a: Dondozo|36/100
|move|p2a: Dondozo|Body Press|p1a: Ogerpon
|-damage|p1a: Ogerpon|61/100
|
|-heal|p2a: Dondozo|42/100|[from] item: Leftovers
|upkeep
|turn|11
|
|t:|1781127277
|-terastallize|p2a: Dondozo|Dragon
|move|p1a: Ogerpon|Horn Leech|p2a: Dondozo
|-resisted|p2a: Dondozo
|-damage|p2a: Dondozo|32/100
|-heal|p1a: Ogerpon|69/100|[from] drain|[of] p2a: Dondozo
|move|p2a: Dondozo|Body Press|p1a: Ogerpon
|-damage|p1a: Ogerpon|31/100
|
|-heal|p2a: Dondozo|38/100|[from] item: Leftovers
|upkeep
|turn|12
|
|t:|1781127286
|move|p1a: Ogerpon|U-turn|p2a: Dondozo
|-damage|p2a: Dondozo|27/100
|
|t:|1781127292
|switch|p1a: Dragapult|Dragapult, M|100/100|[from] U-turn
|move|p2a: Dondozo|Rest|p2a: Dondozo
|-status|p2a: Dondozo|slp|[from] move: Rest
|-heal|p2a: Dondozo|100/100 slp|[silent]
|
|upkeep
|turn|13
|
|t:|1781127298
|switch|p2a: Gliscor|Gliscor, M|100/100
|move|p1a: Dragapult|Dragon Darts|p2a: Gliscor
|-crit|p2a: Gliscor
|-damage|p2a: Gliscor|77/100
|-anim|p1a: Dragapult|Dragon Darts|p2a: Gliscor
|-damage|p2a: Gliscor|62/100
|
|-status|p2a: Gliscor|tox|[from] item: Toxic Orb
|upkeep
|turn|14
|
|t:|1781127307
|move|p2a: Gliscor|Protect|p2a: Gliscor
|-singleturn|p2a: Gliscor|Protect
|move|p1a: Dragapult|U-turn|p2a: Gliscor
|-activate|p2a: Gliscor|move: Protect
|
|-heal|p2a: Gliscor|75/100 tox|[from] ability: Poison Heal
|upkeep
|turn|15
|
|t:|1781127310
|move|p1a: Dragapult|U-turn|p2a: Gliscor
|-resisted|p2a: Gliscor
|-crit|p2a: Gliscor
|-damage|p2a: Gliscor|64/100 tox
|
|t:|1781127320
|switch|p1a: Slowking|Slowking-Galar, F|79/100|[from] U-turn
|move|p2a: Gliscor|Knock Off|p1a: Slowking
|-supereffective|p1a: Slowking
|-damage|p1a: Slowking|36/100
|-enditem|p1a: Slowking|Heavy-Duty Boots|[from] move: Knock Off|[of] p2a: Gliscor
|
|-heal|p2a: Gliscor|77/100 tox|[from] ability: Poison Heal
|upkeep
|turn|16
|
|t:|1781127326
|move|p2a: Gliscor|Earthquake|p1a: Slowking
|-supereffective|p1a: Slowking
|-damage|p1a: Slowking|0 fnt
|faint|p1a: Slowking
|
|-heal|p2a: Gliscor|89/100 tox|[from] ability: Poison Heal
|upkeep
|
|t:|1781127328
|switch|p1a: Ogerpon|Ogerpon-Wellspring-Tera, F, tera:Water|31/100
|-ability|p1a: Ogerpon|Embody Aspect (Wellspring)|boost
|-boost|p1a: Ogerpon|spd|1
|turn|17
|
|t:|1781127333
|switch|p2a: Dondozo|Dondozo, F, tera:Dragon|100/100 slp
|move|p1a: Ogerpon|Ivy Cudgel|p2a: Dondozo|[anim] Ivy Cudgel Water
|-resisted|p2a: Dondozo
|-crit|p2a: Dondozo
|-damage|p2a: Dondozo|73/100 slp
|
|-heal|p2a: Dondozo|79/100 slp|[from] item: Leftovers
|upkeep
|turn|18
|
|t:|1781127340
|move|p1a: Ogerpon|U-turn|p2a: Dondozo
|-damage|p2a: Dondozo|66/100 slp
|
|t:|1781127343
|switch|p1a: Dragapult|Dragapult, M|100/100|[from] U-turn
|cant|p2a: Dondozo|slp
|move|p2a: Dondozo|Sleep Talk|p2a: Dondozo
|move|p2a: Dondozo|Rest||[from] move: Sleep Talk|[still]
|-fail|p2a: Dondozo
|
|-heal|p2a: Dondozo|72/100 slp|[from] item: Leftovers
|upkeep
|turn|19
|
|t:|1781127356
|switch|p2a: Gliscor|Gliscor, M|89/100 tox
|move|p1a: Dragapult|U-turn|p2a: Gliscor
|-resisted|p2a: Gliscor
|-damage|p2a: Gliscor|82/100 tox
|
|t:|1781127363
|switch|p1a: Great Tusk|Great Tusk|71/100|[from] U-turn
|
|-heal|p2a: Gliscor|95/100 tox|[from] ability: Poison Heal
|upkeep
|turn|20
|
|t:|1781127368
|move|p2a: Gliscor|Protect|p2a: Gliscor
|-singleturn|p2a: Gliscor|Protect
|move|p1a: Great Tusk|Ice Spinner|p2a: Gliscor
|-activate|p2a: Gliscor|move: Protect
|
|-heal|p2a: Gliscor|100/100 tox|[from] ability: Poison Heal
|upkeep
|turn|21
|
|t:|1781127372
|switch|p2a: Slowking|Slowking-Galar, F|100/100
|move|p1a: Great Tusk|Ice Spinner|p2a: Slowking
|-damage|p2a: Slowking|69/100
|
|upkeep
|turn|22
|
|t:|1781127381
|switch|p2a: Dondozo|Dondozo, F, tera:Dragon|72/100 slp
|move|p1a: Great Tusk|Headlong Rush|p2a: Dondozo
|-damage|p2a: Dondozo|42/100 slp
|-unboost|p1a: Great Tusk|def|1
|-unboost|p1a: Great Tusk|spd|1
|
|-heal|p2a: Dondozo|48/100 slp|[from] item: Leftovers
|upkeep
|turn|23
|
|t:|1781127393
|move|p1a: Great Tusk|Ice Spinner|p2a: Dondozo
|-supereffective|p2a: Dondozo
|-damage|p2a: Dondozo|21/100 slp
|cant|p2a: Dondozo|slp
|
|-heal|p2a: Dondozo|27/100 slp|[from] item: Leftovers
|upkeep
|turn|24
|
|t:|1781127400
|move|p1a: Great Tusk|Ice Spinner|p2a: Dondozo
|-supereffective|p2a: Dondozo
|-damage|p2a: Dondozo|0 fnt
|faint|p2a: Dondozo
|
|upkeep
|
|t:|1781127407
|switch|p2a: Great Tusk|Great Tusk|100/100
|turn|25
|
|t:|1781127412
|-end|p1a: Great Tusk|Protosynthesis|[silent]
|switch|p1a: Alomomola|Alomomola, M|100/100
|move|p2a: Great Tusk|Knock Off|p1a: Alomomola
|-damage|p1a: Alomomola|82/100
|-enditem|p1a: Alomomola|Heavy-Duty Boots|[from] move: Knock Off|[of] p2a: Great Tusk
|
|upkeep
|turn|26
|
|t:|1781127420
|move|p2a: Great Tusk|Rapid Spin|p1a: Alomomola
|-damage|p1a: Alomomola|72/100
|-boost|p2a: Great Tusk|spe|1
|move|p1a: Alomomola|Wish|p1a: Alomomola
|
|upkeep
|turn|27
|
|t:|1781127425
|move|p2a: Great Tusk|Headlong Rush|p1a: Alomomola
|-damage|p1a: Alomomola|41/100
|-unboost|p2a: Great Tusk|def|1
|-unboost|p2a: Great Tusk|spd|1
|move|p1a: Alomomola|Scald|p2a: Great Tusk
|-supereffective|p2a: Great Tusk
|-damage|p2a: Great Tusk|36/100
|
|-heal|p1a: Alomomola|91/100|[from] move: Wish|[wisher] Alomomola
|upkeep
|turn|28
|
|t:|1781127435
|-end|p2a: Great Tusk|Protosynthesis|[silent]
|switch|p2a: Gliscor|Gliscor, M|100/100 tox
|move|p1a: Alomomola|Wish|p1a: Alomomola
|
|upkeep
|turn|29
|
|t:|1781127440
|move|p2a: Gliscor|Protect|p2a: Gliscor
|-singleturn|p2a: Gliscor|Protect
|move|p1a: Alomomola|Flip Turn|p2a: Gliscor
|-activate|p2a: Gliscor|move: Protect
|
|-heal|p1a: Alomomola|100/100|[from] move: Wish|[wisher] Alomomola
|upkeep
|turn|30
|
|t:|1781127447
|move|p2a: Gliscor|Spikes|p1a: Alomomola
|-sidestart|p1: haaaaxxxxx|Spikes
|move|p1a: Alomomola|Flip Turn|p2a: Gliscor
|-supereffective|p2a: Gliscor
|-damage|p2a: Gliscor|81/100 tox
|
|t:|1781127454
|switch|p1a: Great Tusk|Great Tusk|71/100|[from] Flip Turn
|-damage|p1a: Great Tusk|58/100|[from] Spikes
|
|-heal|p2a: Gliscor|94/100 tox|[from] ability: Poison Heal
|upkeep
|turn|31
|
|t:|1781127460
|switch|p2a: Slowking|Slowking-Galar, F|100/100
|move|p1a: Great Tusk|Ice Spinner|p2a: Slowking
|-damage|p2a: Slowking|67/100
|
|upkeep
|turn|32
|
|t:|1781127471
|move|p1a: Great Tusk|Headlong Rush|p2a: Slowking
|-supereffective|p2a: Slowking
|-damage|p2a: Slowking|0 fnt
|-unboost|p1a: Great Tusk|def|1
|-unboost|p1a: Great Tusk|spd|1
|faint|p2a: Slowking
|
|upkeep
|
|t:|1781127477
|switch|p2a: Gholdengo|Gholdengo|100/100
|-item|p2a: Gholdengo|Air Balloon
|turn|33
|
|t:|1781127495
|-end|p1a: Great Tusk|Protosynthesis|[silent]
|switch|p1a: Dragapult|Dragapult, M|100/100
|move|p2a: Gholdengo|Shadow Ball|p1a: Dragapult
|-supereffective|p1a: Dragapult
|-damage|p1a: Dragapult|0 fnt
|faint|p1a: Dragapult
|
|upkeep
|
|t:|1781127501
|switch|p1a: Alomomola|Alomomola, M|100/100
|-damage|p1a: Alomomola|88/100|[from] Spikes
|turn|34
|
|t:|1781127509
|switch|p2a: Gliscor|Gliscor, M|94/100 tox
|move|p1a: Alomomola|Flip Turn|p2a: Gliscor
|-supereffective|p2a: Gliscor
|-damage|p2a: Gliscor|75/100 tox
|
|t:|1781127515
|switch|p1a: Ogerpon|Ogerpon-Wellspring-Tera, F, tera:Water|31/100|[from] Flip Turn
|-damage|p1a: Ogerpon|18/100|[from] Spikes
|-ability|p1a: Ogerpon|Embody Aspect (Wellspring)|boost
|-boost|p1a: Ogerpon|spd|1
|
|-heal|p2a: Gliscor|87/100 tox|[from] ability: Poison Heal
|upkeep
|turn|35
|
|t:|1781127526
|move|p1a: Ogerpon|Ivy Cudgel|p2a: Gliscor|[anim] Ivy Cudgel Water
|-supereffective|p2a: Gliscor
|-damage|p2a: Gliscor|0 fnt
|faint|p2a: Gliscor
|
|upkeep
|
|t:|1781127531
|switch|p2a: Gholdengo|Gholdengo|100/100
|-item|p2a: Gholdengo|Air Balloon
|turn|36
|
|t:|1781127537
|move|p1a: Ogerpon|U-turn|p2a: Gholdengo
|-resisted|p2a: Gholdengo
|-damage|p2a: Gholdengo|93/100
|-enditem|p2a: Gholdengo|Air Balloon
|
|t:|1781127545
|switch|p1a: Alomomola|Alomomola, M|100/100|[from] U-turn
|-damage|p1a: Alomomola|88/100|[from] Spikes
|move|p2a: Gholdengo|Shadow Ball|p1a: Alomomola
|-damage|p1a: Alomomola|35/100
|
|upkeep
|turn|37
|
|t:|1781127553
|move|p2a: Gholdengo|Nasty Plot|p2a: Gholdengo
|-boost|p2a: Gholdengo|spa|2
|move|p1a: Alomomola|Flip Turn|p2a: Gholdengo
|-damage|p2a: Gholdengo|72/100
|
|t:|1781127574
|switch|p1a: Ogerpon|Ogerpon-Wellspring-Tera, F, tera:Water|18/100|[from] Flip Turn
|-damage|p1a: Ogerpon|6/100|[from] Spikes
|-ability|p1a: Ogerpon|Embody Aspect (Wellspring)|boost
|-boost|p1a: Ogerpon|spd|1
|
|upkeep
|turn|38
|
|t:|1781127581
|move|p1a: Ogerpon|Ivy Cudgel|p2a: Gholdengo|[anim] Ivy Cudgel Water
|-damage|p2a: Gholdengo|0 fnt
|faint|p2a: Gholdengo
|
|upkeep
|
|t:|1781127586
|switch|p2a: Great Tusk|Great Tusk|36/100
|turn|39
|
|t:|1781127591
|move|p1a: Ogerpon|Ivy Cudgel|p2a: Great Tusk|[anim] Ivy Cudgel Water
|-supereffective|p2a: Great Tusk
|-damage|p2a: Great Tusk|0 fnt
|faint|p2a: Great Tusk
|-end|p2a: Great Tusk|Protosynthesis|[silent]
|
|win|haaaaxxxxx
|raw|haaaaxxxxx's rating: 1506 &rarr; <strong>1529</strong><br />(+23 for winning)
|raw|KurisuChestnutOU's rating: 1554 &rarr; <strong>1531</strong><br />(-23 for losing)
