|j|☆KurisuChestnutOU
|j|☆katz motel
|t:|1781117779
|gametype|singles
|player|p1|KurisuChestnutOU|2|1551
|player|p2|katz motel|102|1591
|gen|9
|tier|[Gen 9] OU
|rated|
|rule|HP Percentage Mod: HP is shown in percentages
|rule|Endless Battle Clause: Forcing endless battles is banned
|rule|Species Clause: Limit one of each Pokémon
|rule|OHKO Clause: OHKO moves are banned
|rule|Evasion Items Clause: Evasion items are banned
|rule|Evasion Moves Clause: Evasion moves are banned
|rule|Evasion Abilities Clause: Evasion abilities are banned
|rule|Sleep Moves Clause: Sleep-inducing moves are banned
|clearpoke
|poke|p1|Hawlucha, F|
|poke|p1|Samurott-Hisui, F|
|poke|p1|Rillaboom, F|
|poke|p1|Gholdengo|
|poke|p1|Kyurem|
|poke|p1|Landorus-Therian, M|
|poke|p2|Ursaluna, M|
|poke|p2|Moltres|
|poke|p2|Samurott-Hisui, M|
|poke|p2|Iron Treads|
|poke|p2|Ogerpon, F|
|poke|p2|Hatterene, F|
|teampreview
|inactive|Battle timer is ON: inactive players will automatically lose when time's up. (requested by katz motel)
|inactive|KurisuChestnutOU also wants the timer to be on.
|
|t:|1781117799
|teamsize|p1|6
|teamsize|p2|6
|start
|switch|p1a: Kyurem|Kyurem|100/100
|switch|p2a: Ogerpon|Ogerpon, F|100/100
|-ability|p1a: Kyurem|Pressure
|turn|1
|
|t:|1781117810
|move|p2a: Ogerpon|Encore||[still]
|-fail|p2a: Ogerpon
|move|p1a: Kyurem|Ice Beam|p2a: Ogerpon
|-supereffective|p2a: Ogerpon
|-damage|p2a: Ogerpon|0 fnt
|faint|p2a: Ogerpon
|
|upkeep
|
|t:|1781117827
|switch|p2a: Samurott|Samurott-Hisui, M|100/100
|turn|2
|
|t:|1781117832
|move|p1a: Kyurem|Freeze-Dry|p2a: Samurott
|-supereffective|p2a: Samurott
|-damage|p2a: Samurott|51/100
|move|p2a: Samurott|Ceaseless Edge|p1a: Kyurem
|-damage|p1a: Kyurem|59/100
|-sidestart|p1: KurisuChestnutOU|Spikes
|
|upkeep
|turn|3
|
|t:|1781117841
|move|p1a: Kyurem|Freeze-Dry|p2a: Samurott
|-supereffective|p2a: Samurott
|-damage|p2a: Samurott|0 fnt
|faint|p2a: Samurott
|
|upkeep
|
|t:|1781117858
|switch|p2a: Iron Treads|Iron Treads|100/100
|turn|4
|
|t:|1781117863
|move|p1a: Kyurem|Ice Beam|p2a: Iron Treads
|-damage|p2a: Iron Treads|64/100
|move|p2a: Iron Treads|Stealth Rock|p1a: Kyurem
|-sidestart|p1: KurisuChestnutOU|move: Stealth Rock
|
|-heal|p2a: Iron Treads|70/100|[from] item: Leftovers
|upkeep
|turn|5
|
|t:|1781117871
|move|p1a: Kyurem|Ice Beam|p2a: Iron Treads
|-damage|p2a: Iron Treads|33/100
|-status|p2a: Iron Treads|frz
|cant|p2a: Iron Treads|frz
|
|-heal|p2a: Iron Treads|39/100 frz|[from] item: Leftovers
|upkeep
|turn|6
|
|t:|1781117876
|move|p1a: Kyurem|Ice Beam|p2a: Iron Treads
|-damage|p2a: Iron Treads|0 fnt
|faint|p2a: Iron Treads
|-end|p2a: Iron Treads|Quark Drive|[silent]
|
|upkeep
|
|t:|1781117883
|switch|p2a: Moltres|Moltres|100/100
|-ability|p2a: Moltres|Pressure
|turn|7
|
|t:|1781117887
|move|p1a: Kyurem|Ice Beam|p2a: Moltres
|-damage|p2a: Moltres|52/100
|-status|p2a: Moltres|frz
|cant|p2a: Moltres|frz
|
|upkeep
|turn|8
|
|t:|1781117896
|move|p1a: Kyurem|Ice Beam|p2a: Moltres
|-damage|p2a: Moltres|2/100 frz
|cant|p2a: Moltres|frz
|
|upkeep
|turn|9
|-message|katz motel forfeited.
|
|win|KurisuChestnutOU
|raw|KurisuChestnutOU's rating: 1551 &rarr; <strong>1573</strong><br />(+22 for winning)
|raw|katz motel's rating: 1591 &rarr; <strong>1569</strong><br />(-22 for losing)
|l|☆katz motel
|player|p2|
