|j|☆Indralok
|j|☆LowEL0God
|t:|1781254242
|gametype|singles
|player|p1|Indralok|dawn|1499
|player|p2|LowEL0God|265|1599
|gen|9
|tier|[Gen 9] OU
|rated|
|rule|HP Percentage Mod: HP is shown in percentages
|rule|Endless Battle Clause: Forcing endless battles is banned
|rule|Species Clause: Limit one of each Pokémon
|rule|OHKO Clause: OHKO moves are banned
|rule|Evasion Items Clause: Evasion items are banned
|rule|Evasion Moves Clause: Evasion moves are banned
|rule|Evasion Abilities Clause: Evasion abilities are banned
|rule|Sleep Moves Clause: Sleep-inducing moves are banned
|clearpoke
|poke|p1|Slowking-Galar, F|
|poke|p1|Great Tusk|
|poke|p1|Kyurem|
|poke|p1|Kingambit, F|
|poke|p1|Cinderace, M|
|poke|p1|Zapdos|
|poke|p2|Pelipper, M|
|poke|p2|Raging Bolt|
|poke|p2|Overqwil, F|
|poke|p2|Barraskewda, F|
|poke|p2|Iron Treads|
|poke|p2|Kingambit, F|
|teampreview
|inactive|Battle timer is ON: inactive players will automatically lose when time's up. (requested by Indralok)
|c|☆LowEL0God|hf
|inactive|LowEL0God also wants the timer to be on.
|c|☆Indralok|you too
|
|t:|1781254257
|teamsize|p1|6
|teamsize|p2|6
|start
|switch|p1a: Cinderace|Cinderace, M|100/100
|switch|p2a: Kingambit|Kingambit, F|100/100
|turn|1
|
|t:|1781254263
|move|p1a: Cinderace|Pyro Ball|p2a: Kingambit
|-supereffective|p2a: Kingambit
|-damage|p2a: Kingambit|31/100
|move|p2a: Kingambit|Swords Dance|p2a: Kingambit
|-boost|p2a: Kingambit|atk|2
|
|-heal|p2a: Kingambit|37/100|[from] item: Leftovers
|upkeep
|turn|2
|
|t:|1781254269
|switch|p1a: Great Tusk|Great Tusk|100/100
|move|p2a: Kingambit|Sucker Punch||[still]
|-fail|p2a: Kingambit
|
|-heal|p2a: Kingambit|44/100|[from] item: Leftovers
|upkeep
|turn|3
|
|t:|1781254276
|-end|p1a: Great Tusk|Protosynthesis|[silent]
|switch|p1a: Zapdos|Zapdos, shiny|100/100
|-end|p2a: Kingambit|fallenundefined|[silent]
|switch|p2a: Pelipper|Pelipper, M|100/100
|-weather|RainDance|[from] ability: Drizzle|[of] p2a: Pelipper
|
|-weather|RainDance|[upkeep]
|upkeep
|turn|4
|
|t:|1781254281
|switch|p1a: Great Tusk|Great Tusk|100/100
|switch|p2a: Raging Bolt|Raging Bolt|100/100
|-enditem|p2a: Raging Bolt|Booster Energy
|-activate|p2a: Raging Bolt|ability: Protosynthesis|[fromitem]
|-start|p2a: Raging Bolt|protosynthesisspa
|
|-weather|RainDance|[upkeep]
|upkeep
|turn|5
|
|t:|1781254285
|move|p1a: Great Tusk|Headlong Rush|p2a: Raging Bolt
|-supereffective|p2a: Raging Bolt
|-damage|p2a: Raging Bolt|0 fnt
|-unboost|p1a: Great Tusk|def|1
|-unboost|p1a: Great Tusk|spd|1
|faint|p2a: Raging Bolt
|-end|p2a: Raging Bolt|Protosynthesis|[silent]
|
|-weather|RainDance|[upkeep]
|upkeep
|
|t:|1781254287
|switch|p2a: Barraskewda|Barraskewda, F|100/100
|turn|6
|
|t:|1781254291
|-end|p1a: Great Tusk|Protosynthesis|[silent]
|switch|p1a: Zapdos|Zapdos, shiny|100/100
|move|p2a: Barraskewda|Liquidation|p1a: Zapdos
|-damage|p1a: Zapdos|23/100
|-status|p2a: Barraskewda|par|[from] ability: Static|[of] p1a: Zapdos
|
|-weather|RainDance|[upkeep]
|upkeep
|turn|7
|
|t:|1781254295
|cant|p2a: Barraskewda|par
|move|p1a: Zapdos|Volt Switch|p2a: Barraskewda
|-supereffective|p2a: Barraskewda
|-damage|p2a: Barraskewda|0 fnt
|faint|p2a: Barraskewda
|c|☆Indralok|mb
|
|t:|1781254302
|switch|p1a: Slowking|Slowking-Galar, F|100/100|[from] Volt Switch
|
|-weather|RainDance|[upkeep]
|upkeep
|
|t:|1781254302
|switch|p2a: Kingambit|Kingambit, F|44/100
|-activate|p2a: Kingambit|ability: Supreme Overlord
|-start|p2a: Kingambit|fallen2|[silent]
|turn|8
|
|t:|1781254305
|switch|p1a: Great Tusk|Great Tusk|100/100
|move|p2a: Kingambit|Kowtow Cleave|p1a: Great Tusk
|-resisted|p1a: Great Tusk
|-damage|p1a: Great Tusk|78/100
|
|-weather|RainDance|[upkeep]
|-heal|p1a: Great Tusk|84/100|[from] item: Leftovers
|-heal|p2a: Kingambit|50/100|[from] item: Leftovers
|upkeep
|turn|9
|
|t:|1781254308
|-end|p2a: Kingambit|fallen2|[silent]
|switch|p2a: Pelipper|Pelipper, M|100/100
|move|p1a: Great Tusk|Close Combat|p2a: Pelipper
|-resisted|p2a: Pelipper
|-damage|p2a: Pelipper|78/100
|-unboost|p1a: Great Tusk|def|1
|-unboost|p1a: Great Tusk|spd|1
|
|-weather|RainDance|[upkeep]
|-heal|p1a: Great Tusk|90/100|[from] item: Leftovers
|upkeep
|turn|10
|
|t:|1781254314
|-end|p1a: Great Tusk|Protosynthesis|[silent]
|switch|p1a: Slowking|Slowking-Galar, F|100/100
|move|p2a: Pelipper|Weather Ball|p1a: Slowking
|-damage|p1a: Slowking|71/100
|
|-weather|none
|upkeep
|turn|11
|
|t:|1781254317
|move|p2a: Pelipper|Hurricane|p1a: Slowking
|-damage|p1a: Slowking|47/100
|-start|p1a: Slowking|confusion
|-prepare|p1a: Slowking|Chilly Reception|[premajor]
|-activate|p1a: Slowking|confusion
|move|p1a: Slowking|Chilly Reception|p1a: Slowking
|-weather|Snowscape
|
|t:|1781254319
|switch|p1a: Kyurem|Kyurem|100/100|[from] Chilly Reception
|-ability|p1a: Kyurem|Pressure
|
|-weather|Snowscape|[upkeep]
|upkeep
|turn|12
|
|t:|1781254322
|switch|p2a: Kingambit|Kingambit, F|50/100
|-activate|p2a: Kingambit|ability: Supreme Overlord
|-start|p2a: Kingambit|fallen2|[silent]
|move|p1a: Kyurem|Blizzard|p2a: Kingambit
|-resisted|p2a: Kingambit
|-damage|p2a: Kingambit|11/100
|
|-weather|Snowscape|[upkeep]
|-heal|p2a: Kingambit|18/100|[from] item: Leftovers
|upkeep
|turn|13
|
|t:|1781254324
|move|p1a: Kyurem|Blizzard|p2a: Kingambit
|-resisted|p2a: Kingambit
|-damage|p2a: Kingambit|0 fnt
|faint|p2a: Kingambit
|-end|p2a: Kingambit|fallen2|[silent]
|
|-weather|Snowscape|[upkeep]
|upkeep
|
|t:|1781254325
|switch|p2a: Iron Treads|Iron Treads|100/100
|-enditem|p2a: Iron Treads|Booster Energy
|-activate|p2a: Iron Treads|ability: Quark Drive|[fromitem]
|-start|p2a: Iron Treads|quarkdrivespe
|turn|14
|
|t:|1781254326
|move|p2a: Iron Treads|Steel Beam|p1a: Kyurem
|-supereffective|p1a: Kyurem
|-damage|p1a: Kyurem|3/100
|-damage|p2a: Iron Treads|50/100|[from] steelbeam
|move|p1a: Kyurem|Blizzard|p2a: Iron Treads
|-damage|p2a: Iron Treads|0 fnt
|faint|p2a: Iron Treads
|-end|p2a: Iron Treads|Quark Drive|[silent]
|
|-weather|Snowscape|[upkeep]
|upkeep
|
|t:|1781254327
|switch|p2a: Overqwil|Overqwil, F|100/100
|turn|15
|
|t:|1781254329
|move|p1a: Kyurem|Blizzard|p2a: Overqwil
|-damage|p2a: Overqwil|0 fnt
|faint|p2a: Overqwil
|
|-weather|none
|upkeep
|
|t:|1781254330
|switch|p2a: Pelipper|Pelipper, M|78/100
|-weather|RainDance|[from] ability: Drizzle|[of] p2a: Pelipper
|turn|16
|
|t:|1781254332
|-terastallize|p2a: Pelipper|Ground
|move|p1a: Kyurem|Blizzard|p2a: Pelipper|[miss]
|-miss|p1a: Kyurem|p2a: Pelipper
|move|p2a: Pelipper|U-turn|p1a: Kyurem
|-damage|p1a: Kyurem|0 fnt
|faint|p1a: Kyurem
|
|-weather|RainDance|[upkeep]
|upkeep
|
|t:|1781254337
|switch|p1a: Slowking|Slowking-Galar, F|81/100
|turn|17
|
|t:|1781254339
|move|p2a: Pelipper|Hurricane|p1a: Slowking
|-damage|p1a: Slowking|59/100
|move|p1a: Slowking|Future Sight|p2a: Pelipper
|-start|p1a: Slowking|move: Future Sight
|
|-weather|RainDance|[upkeep]
|upkeep
|turn|18
|
|t:|1781254342
|move|p2a: Pelipper|Hurricane|p1a: Slowking
|-damage|p1a: Slowking|35/100
|-start|p1a: Slowking|confusion
|-activate|p1a: Slowking|confusion
|move|p1a: Slowking|Sludge Bomb|p2a: Pelipper
|-resisted|p2a: Pelipper
|-damage|p2a: Pelipper|55/100
|-status|p2a: Pelipper|psn
|
|-weather|RainDance|[upkeep]
|-damage|p2a: Pelipper|42/100 psn|[from] psn
|upkeep
|turn|19
|
|t:|1781254344
|move|p2a: Pelipper|Roost|p2a: Pelipper
|-heal|p2a: Pelipper|92/100 psn
|-prepare|p1a: Slowking|Chilly Reception|[premajor]
|-activate|p1a: Slowking|confusion
|move|p1a: Slowking|Chilly Reception|p1a: Slowking
|-weather|Snowscape
|
|t:|1781254347
|switch|p1a: Great Tusk|Great Tusk|90/100|[from] Chilly Reception
|
|-weather|Snowscape|[upkeep]
|-end|p2a: Pelipper|move: Future Sight
|-damage|p2a: Pelipper|25/100 psn
|-heal|p1a: Great Tusk|97/100|[from] item: Leftovers
|-damage|p2a: Pelipper|13/100 psn|[from] psn
|upkeep
|turn|20
|
|t:|1781254350
|move|p1a: Great Tusk|Headlong Rush|p2a: Pelipper
|-damage|p2a: Pelipper|0 fnt
|-unboost|p1a: Great Tusk|def|1
|-unboost|p1a: Great Tusk|spd|1
|faint|p2a: Pelipper
|
|win|Indralok
|raw|Indralok's rating: 1499 &rarr; <strong>1525</strong><br />(+26 for winning)
|raw|LowEL0God's rating: 1599 &rarr; <strong>1573</strong><br />(-26 for losing)
|c|☆Indralok|gg
|c|☆LowEL0God|gg
|l|☆LowEL0God
|player|p2|
