|j|☆FireSide_01
|j|☆extra-pseudo man
|t:|1781497902
|gametype|singles
|player|p1|FireSide_01|janine|1639
|player|p2|extra-pseudo man|alder|1714
|gen|9
|tier|[Gen 9] OU
|rated|
|rule|HP Percentage Mod: HP is shown in percentages
|rule|Endless Battle Clause: Forcing endless battles is banned
|rule|Species Clause: Limit one of each Pokémon
|rule|OHKO Clause: OHKO moves are banned
|rule|Evasion Items Clause: Evasion items are banned
|rule|Evasion Moves Clause: Evasion moves are banned
|rule|Evasion Abilities Clause: Evasion abilities are banned
|rule|Sleep Moves Clause: Sleep-inducing moves are banned
|clearpoke
|poke|p1|Ninetales, F|
|poke|p1|Walking Wake|
|poke|p1|Typhlosion-Hisui, F|
|poke|p1|Great Tusk|
|poke|p1|Rillaboom, F|
|poke|p1|Raging Bolt|
|poke|p2|Dragonite, F|
|poke|p2|Dragapult, M|
|poke|p2|Tyranitar, M|
|poke|p2|Metagross|
|poke|p2|Goodra-Hisui, M|
|poke|p2|Garchomp, F|
|teampreview
|inactive|Battle timer is ON: inactive players will automatically lose when time's up. (requested by FireSide_01)
|inactive|FireSide_01 has 120 seconds left.
|inactive|extra-pseudo man has 120 seconds left.
|
|t:|1781497959
|teamsize|p1|6
|teamsize|p2|6
|start
|switch|p1a: Great Tusk|Great Tusk|100/100
|switch|p2a: He pulten on it|Dragapult, M|100/100
|turn|1
|
|t:|1781497975
|move|p2a: He pulten on it|Hex|p1a: Great Tusk
|-damage|p1a: Great Tusk|65/100
|move|p1a: Great Tusk|Stealth Rock|p2a: He pulten on it
|-sidestart|p2: extra-pseudo man|move: Stealth Rock
|
|upkeep
|turn|2
|
|t:|1781497985
|-end|p1a: Great Tusk|Protosynthesis|[silent]
|switch|p1a: Raging Bolt|Raging Bolt|100/100
|move|p2a: He pulten on it|Draco Meteor|p1a: Raging Bolt
|-supereffective|p1a: Raging Bolt
|-damage|p1a: Raging Bolt|28/100
|-unboost|p2a: He pulten on it|spa|2
|
|upkeep
|turn|3
|
|t:|1781497999
|-end|p1a: Raging Bolt|Protosynthesis|[silent]
|switch|p1a: Ninetales|Ninetales, F|100/100
|-weather|SunnyDay|[from] ability: Drought|[of] p1a: Ninetales
|move|p2a: He pulten on it|U-turn|p1a: Ninetales
|-resisted|p1a: Ninetales
|-crit|p1a: Ninetales
|-damage|p1a: Ninetales|84/100
|
|t:|1781498001
|switch|p2a: Tyranocif|Tyranitar, M|100/100|[from] U-turn
|-damage|p2a: Tyranocif|88/100|[from] Stealth Rock
|-weather|Sandstorm|[from] ability: Sand Stream|[of] p2a: Tyranocif
|
|-weather|Sandstorm|[upkeep]
|-damage|p1a: Ninetales|78/100|[from] Sandstorm
|-heal|p2a: Tyranocif|94/100|[from] item: Leftovers
|upkeep
|turn|4
|
|t:|1781498006
|switch|p1a: Great Tusk|Great Tusk|65/100
|move|p2a: Tyranocif|Stealth Rock|p1a: Great Tusk
|-sidestart|p1: FireSide_01|move: Stealth Rock
|
|-weather|Sandstorm|[upkeep]
|-heal|p2a: Tyranocif|100/100|[from] item: Leftovers
|upkeep
|turn|5
|
|t:|1781498010
|switch|p2a: Marill me|Garchomp, F|100/100
|-damage|p2a: Marill me|94/100|[from] Stealth Rock
|move|p1a: Great Tusk|Ice Spinner|p2a: Marill me
|-supereffective|p2a: Marill me
|-damage|p2a: Marill me|41/100
|-damage|p1a: Great Tusk|53/100|[from] ability: Rough Skin|[of] p2a: Marill me
|-damage|p1a: Great Tusk|36/100|[from] item: Rocky Helmet|[of] p2a: Marill me
|
|-weather|Sandstorm|[upkeep]
|upkeep
|turn|6
|
|t:|1781498016
|move|p1a: Great Tusk|Rapid Spin|p2a: Marill me
|-damage|p2a: Marill me|32/100
|-boost|p1a: Great Tusk|spe|1
|-damage|p1a: Great Tusk|24/100|[from] ability: Rough Skin|[of] p2a: Marill me
|-damage|p1a: Great Tusk|7/100|[from] item: Rocky Helmet|[of] p2a: Marill me
|-sideend|p1: FireSide_01|Stealth Rock|[from] move: Rapid Spin|[of] p1a: Great Tusk
|move|p2a: Marill me|Earthquake|p1a: Great Tusk
|-damage|p1a: Great Tusk|0 fnt
|faint|p1a: Great Tusk
|-end|p1a: Great Tusk|Protosynthesis|[silent]
|
|-weather|Sandstorm|[upkeep]
|upkeep
|
|t:|1781498032
|switch|p1a: Walking Wake|Walking Wake|100/100
|turn|7
|
|t:|1781498035
|switch|p2a: The goot|Goodra-Hisui, M|100/100
|-damage|p2a: The goot|94/100|[from] Stealth Rock
|move|p1a: Walking Wake|Hydro Steam|p2a: The goot
|-resisted|p2a: The goot
|-damage|p2a: The goot|70/100
|
|-weather|none
|upkeep
|turn|8
|
|t:|1781498040
|-end|p1a: Walking Wake|Protosynthesis|[silent]
|switch|p1a: Ninetales|Ninetales, F|78/100
|-weather|SunnyDay|[from] ability: Drought|[of] p1a: Ninetales
|move|p2a: The goot|Draco Meteor|p1a: Ninetales
|-damage|p1a: Ninetales|0 fnt
|-unboost|p2a: The goot|spa|2
|faint|p1a: Ninetales
|
|-weather|SunnyDay|[upkeep]
|upkeep
|
|t:|1781498048
|switch|p1a: Walking Wake|Walking Wake|100/100
|-activate|p1a: Walking Wake|ability: Protosynthesis
|-start|p1a: Walking Wake|protosynthesisspa
|turn|9
|
|t:|1781498052
|-terastallize|p1a: Walking Wake|Water
|move|p1a: Walking Wake|Hydro Steam|p2a: The goot
|-resisted|p2a: The goot
|-damage|p2a: The goot|4/100
|move|p2a: The goot|Draco Meteor|p1a: Walking Wake
|-damage|p1a: Walking Wake|46/100
|-unboost|p2a: The goot|spa|2
|
|-weather|SunnyDay|[upkeep]
|upkeep
|turn|10
|
|t:|1781498056
|move|p1a: Walking Wake|Hydro Steam|p2a: The goot
|-resisted|p2a: The goot
|-damage|p2a: The goot|0 fnt
|faint|p2a: The goot
|
|-weather|SunnyDay|[upkeep]
|upkeep
|
|t:|1781498071
|switch|p2a: He pulten on it|Dragapult, M|100/100
|turn|11
|
|t:|1781498076
|move|p2a: He pulten on it|Draco Meteor|p1a: Walking Wake
|-damage|p1a: Walking Wake|0 fnt
|-unboost|p2a: He pulten on it|spa|2
|faint|p1a: Walking Wake
|-end|p1a: Walking Wake|Protosynthesis|[silent]
|
|-weather|SunnyDay|[upkeep]
|upkeep
|
|t:|1781498080
|switch|p1a: Typhlosion|Typhlosion-Hisui, F|100/100
|turn|12
|
|t:|1781498082
|switch|p2a: Tyranocif|Tyranitar, M|100/100
|-damage|p2a: Tyranocif|88/100|[from] Stealth Rock
|-weather|Sandstorm|[from] ability: Sand Stream|[of] p2a: Tyranocif
|move|p1a: Typhlosion|Focus Blast|p2a: Tyranocif
|-supereffective|p2a: Tyranocif
|-damage|p2a: Tyranocif|12/100
|
|-weather|Sandstorm|[upkeep]
|-damage|p1a: Typhlosion|94/100|[from] Sandstorm
|-heal|p2a: Tyranocif|18/100|[from] item: Leftovers
|upkeep
|turn|13
|
|t:|1781498091
|switch|p2a: He pulten on it|Dragapult, M|100/100
|move|p1a: Typhlosion|Focus Blast|p2a: He pulten on it
|-immune|p2a: He pulten on it
|
|-weather|Sandstorm|[upkeep]
|-damage|p1a: Typhlosion|88/100|[from] Sandstorm
|-damage|p2a: He pulten on it|95/100|[from] Sandstorm
|upkeep
|turn|14
|
|t:|1781498095
|switch|p1a: Raging Bolt|Raging Bolt|28/100
|move|p2a: He pulten on it|Hex|p1a: Raging Bolt
|-damage|p1a: Raging Bolt|10/100
|
|-weather|Sandstorm|[upkeep]
|-damage|p2a: He pulten on it|89/100|[from] Sandstorm
|-damage|p1a: Raging Bolt|4/100|[from] Sandstorm
|upkeep
|turn|15
|
|t:|1781498100
|move|p1a: Raging Bolt|Thunderclap|p2a: He pulten on it
|-resisted|p2a: He pulten on it
|-damage|p2a: He pulten on it|62/100
|move|p2a: He pulten on it|U-turn|p1a: Raging Bolt
|-damage|p1a: Raging Bolt|0 fnt
|faint|p1a: Raging Bolt
|-end|p1a: Raging Bolt|Protosynthesis|[silent]
|
|t:|1781498104
|switch|p2a: kaboom|Metagross|100/100|[from] U-turn
|-damage|p2a: kaboom|95/100|[from] Stealth Rock
|
|-weather|Sandstorm|[upkeep]
|upkeep
|
|t:|1781498109
|switch|p1a: Typhlosion|Typhlosion-Hisui, F|88/100
|turn|16
|
|t:|1781498135
|move|p2a: kaboom|Bullet Punch|p1a: Typhlosion
|-resisted|p1a: Typhlosion
|-damage|p1a: Typhlosion|62/100
|move|p1a: Typhlosion|Eruption|p2a: kaboom
|-supereffective|p2a: kaboom
|-damage|p2a: kaboom|0 fnt
|faint|p2a: kaboom
|
|-weather|none
|upkeep
|
|t:|1781498144
|switch|p2a: He pulten on it|Dragapult, M|62/100
|turn|17
|
|t:|1781498150
|switch|p1a: Rillaboom|Rillaboom, F|100/100
|-fieldstart|move: Grassy Terrain|[from] ability: Grassy Surge|[of] p1a: Rillaboom
|move|p2a: He pulten on it|Hex|p1a: Rillaboom
|-damage|p1a: Rillaboom|65/100
|
|-heal|p2a: He pulten on it|68/100|[from] Grassy Terrain
|-heal|p1a: Rillaboom|71/100|[from] Grassy Terrain
|upkeep
|turn|18
|
|t:|1781498158
|move|p2a: He pulten on it|Draco Meteor|p1a: Rillaboom
|-damage|p1a: Rillaboom|1/100
|-unboost|p2a: He pulten on it|spa|2
|move|p1a: Rillaboom|U-turn|p2a: He pulten on it
|-resisted|p2a: He pulten on it
|-damage|p2a: He pulten on it|40/100
|
|t:|1781498160
|switch|p1a: Typhlosion|Typhlosion-Hisui, F|62/100|[from] U-turn
|
|-heal|p1a: Typhlosion|69/100|[from] Grassy Terrain
|-heal|p2a: He pulten on it|46/100|[from] Grassy Terrain
|upkeep
|turn|19
|
|t:|1781498167
|switch|p2a: Tyranocif|Tyranitar, M|18/100
|-damage|p2a: Tyranocif|6/100|[from] Stealth Rock
|-weather|Sandstorm|[from] ability: Sand Stream|[of] p2a: Tyranocif
|move|p1a: Typhlosion|Flamethrower|p2a: Tyranocif
|-resisted|p2a: Tyranocif
|-damage|p2a: Tyranocif|0 fnt
|faint|p2a: Tyranocif
|
|-weather|Sandstorm|[upkeep]
|-damage|p1a: Typhlosion|62/100|[from] Sandstorm
|-heal|p1a: Typhlosion|69/100|[from] Grassy Terrain
|upkeep
|
|t:|1781498174
|switch|p2a: Marill me|Garchomp, F|32/100
|-damage|p2a: Marill me|26/100|[from] Stealth Rock
|turn|20
|
|t:|1781498181
|move|p1a: Typhlosion|Flamethrower|p2a: Marill me
|-resisted|p2a: Marill me
|-damage|p2a: Marill me|5/100
|move|p2a: Marill me|Earthquake|p1a: Typhlosion
|-supereffective|p1a: Typhlosion
|-damage|p1a: Typhlosion|8/100
|
|-weather|Sandstorm|[upkeep]
|-damage|p1a: Typhlosion|2/100|[from] Sandstorm
|-heal|p1a: Typhlosion|8/100|[from] Grassy Terrain
|-heal|p2a: Marill me|11/100|[from] Grassy Terrain
|upkeep
|turn|21
|
|t:|1781498186
|move|p1a: Typhlosion|Flamethrower|p2a: Marill me
|-resisted|p2a: Marill me
|-damage|p2a: Marill me|0 fnt
|faint|p2a: Marill me
|
|-weather|Sandstorm|[upkeep]
|-damage|p1a: Typhlosion|2/100|[from] Sandstorm
|-heal|p1a: Typhlosion|8/100|[from] Grassy Terrain
|-fieldend|move: Grassy Terrain
|upkeep
|
|t:|1781498196
|switch|p2a: He pulten on it|Dragapult, M|46/100
|turn|22
|
|t:|1781498202
|move|p1a: Typhlosion|Flamethrower|p2a: He pulten on it
|-resisted|p2a: He pulten on it
|-damage|p2a: He pulten on it|0 fnt
|faint|p2a: He pulten on it
|
|-weather|Sandstorm|[upkeep]
|-damage|p1a: Typhlosion|2/100|[from] Sandstorm
|upkeep
|
|t:|1781498205
|switch|p2a: Chud|Dragonite, F|100/100
|turn|23
|
|t:|1781498213
|switch|p1a: Rillaboom|Rillaboom, F|1/100
|-fieldstart|move: Grassy Terrain|[from] ability: Grassy Surge|[of] p1a: Rillaboom
|move|p2a: Chud|Earthquake|p1a: Rillaboom
|-resisted|p1a: Rillaboom
|-damage|p1a: Rillaboom|0 fnt
|faint|p1a: Rillaboom
|
|-weather|none
|upkeep
|
|t:|1781498216
|switch|p1a: Typhlosion|Typhlosion-Hisui, F|2/100
|turn|24
|
|t:|1781498227
|move|p1a: Typhlosion|Flamethrower|p2a: Chud
|-resisted|p2a: Chud
|-damage|p2a: Chud|80/100
|move|p2a: Chud|Earthquake|p1a: Typhlosion
|-supereffective|p1a: Typhlosion
|-damage|p1a: Typhlosion|0 fnt
|faint|p1a: Typhlosion
|
|win|extra-pseudo man
|raw|FireSide_01's rating: 1639 &rarr; <strong>1622</strong><br />(-17 for losing)
|raw|extra-pseudo man's rating: 1691 &rarr; <strong>1708</strong><br />(+17 for winning)
|l|☆extra-pseudo man
|player|p2|
|c|☆FireSide_01|gg
|l|☆FireSide_01
|player|p1|
