|j|☆nis298
|j|☆KurisuChestnutLab
|t:|1781177668
|gametype|singles
|player|p1|nis298|1|1550
|player|p2|KurisuChestnutLab|may-contest|1583
|gen|9
|tier|[Gen 9] OU
|rated|
|rule|HP Percentage Mod: HP is shown in percentages
|rule|Endless Battle Clause: Forcing endless battles is banned
|rule|Species Clause: Limit one of each Pokémon
|rule|OHKO Clause: OHKO moves are banned
|rule|Evasion Items Clause: Evasion items are banned
|rule|Evasion Moves Clause: Evasion moves are banned
|rule|Evasion Abilities Clause: Evasion abilities are banned
|rule|Sleep Moves Clause: Sleep-inducing moves are banned
|clearpoke
|poke|p1|Regieleki|
|poke|p1|Alomomola, M|
|poke|p1|Kyurem|
|poke|p1|Iron Valiant|
|poke|p1|Landorus-Therian, M|
|poke|p1|Moltres|
|poke|p2|Primarina, F|
|poke|p2|Hippowdon, M|
|poke|p2|Skarmory, F|
|poke|p2|Zapdos|
|poke|p2|Dragonite, M|
|poke|p2|Slowking, M|
|teampreview
|inactive|Battle timer is ON: inactive players will automatically lose when time's up. (requested by KurisuChestnutLab)
|
|t:|1781177688
|teamsize|p1|6
|teamsize|p2|6
|start
|switch|p1a: Regieleki|Regieleki|100/100
|switch|p2a: Primarina|Primarina, F|100/100
|turn|1
|
|t:|1781177695
|switch|p1a: Kyurem|Kyurem|100/100
|-ability|p1a: Kyurem|Pressure
|switch|p2a: Hippowdon|Hippowdon, M|100/100
|-weather|Sandstorm|[from] ability: Sand Stream|[of] p2a: Hippowdon
|
|-weather|Sandstorm|[upkeep]
|-damage|p1a: Kyurem|94/100|[from] Sandstorm
|upkeep
|turn|2
|
|t:|1781177700
|-terastallize|p2a: Hippowdon|Steel
|move|p1a: Kyurem|Freeze-Dry|p2a: Hippowdon
|-resisted|p2a: Hippowdon
|-damage|p2a: Hippowdon|70/100
|move|p2a: Hippowdon|Stealth Rock|p1a: Kyurem
|-sidestart|p1: nis298|move: Stealth Rock
|
|-weather|Sandstorm|[upkeep]
|-damage|p1a: Kyurem|88/100|[from] Sandstorm
|-heal|p2a: Hippowdon|76/100|[from] item: Leftovers
|upkeep
|turn|3
|
|t:|1781177709
|switch|p1a: Moltres|Moltres|100/100
|move|p2a: Hippowdon|Slack Off|p2a: Hippowdon
|-heal|p2a: Hippowdon|100/100
|
|-weather|Sandstorm|[upkeep]
|-damage|p1a: Moltres|94/100|[from] Sandstorm
|upkeep
|turn|4
|
|t:|1781177716
|switch|p2a: Primarina|Primarina, F|100/100
|move|p1a: Moltres|U-turn|p2a: Primarina
|-resisted|p2a: Primarina
|-damage|p2a: Primarina|92/100
|
|t:|1781177719
|switch|p1a: Regieleki|Regieleki|100/100|[from] U-turn
|
|-weather|Sandstorm|[upkeep]
|-damage|p1a: Regieleki|95/100|[from] Sandstorm
|-damage|p2a: Primarina|86/100|[from] Sandstorm
|upkeep
|turn|5
|
|t:|1781177723
|move|p1a: Regieleki|Thunderbolt|p2a: Primarina
|-supereffective|p2a: Primarina
|-damage|p2a: Primarina|35/100
|move|p2a: Primarina|Moonblast|p1a: Regieleki
|-damage|p1a: Regieleki|0 fnt
|faint|p1a: Regieleki
|
|-weather|none
|upkeep
|
|t:|1781177731
|switch|p1a: Kyurem|Kyurem|88/100
|-damage|p1a: Kyurem|63/100|[from] Stealth Rock
|-ability|p1a: Kyurem|Pressure
|turn|6
|
|t:|1781177736
|switch|p2a: Hippowdon|Hippowdon, M, tera:Steel|100/100
|-weather|Sandstorm|[from] ability: Sand Stream|[of] p2a: Hippowdon
|move|p1a: Kyurem|Freeze-Dry|p2a: Hippowdon
|-resisted|p2a: Hippowdon
|-damage|p2a: Hippowdon|70/100
|
|-weather|Sandstorm|[upkeep]
|-damage|p1a: Kyurem|57/100|[from] Sandstorm
|-heal|p2a: Hippowdon|76/100|[from] item: Leftovers
|upkeep
|turn|7
|
|t:|1781177741
|switch|p1a: Landorus|Landorus-Therian, M|100/100
|-damage|p1a: Landorus|88/100|[from] Stealth Rock
|-ability|p1a: Landorus|Intimidate|boost
|-unboost|p2a: Hippowdon|atk|1
|move|p2a: Hippowdon|Slack Off|p2a: Hippowdon
|-heal|p2a: Hippowdon|100/100
|
|-weather|Sandstorm|[upkeep]
|upkeep
|turn|8
|
|t:|1781177745
|switch|p2a: Skarmory|Skarmory, F|100/100
|move|p1a: Landorus|Stealth Rock|p2a: Skarmory
|-sidestart|p2: KurisuChestnutLab|move: Stealth Rock
|
|-weather|Sandstorm|[upkeep]
|upkeep
|turn|9
|
|t:|1781177748
|move|p1a: Landorus|Taunt|p2a: Skarmory
|-start|p2a: Skarmory|move: Taunt
|cant|p2a: Skarmory|move: Taunt|Spikes
|
|-weather|Sandstorm|[upkeep]
|upkeep
|turn|10
|
|t:|1781177753
|move|p1a: Landorus|U-turn|p2a: Skarmory
|-resisted|p2a: Skarmory
|-damage|p2a: Skarmory|98/100
|
|t:|1781177759
|switch|p1a: Moltres|Moltres|94/100|[from] U-turn
|move|p2a: Skarmory|Body Press|p1a: Moltres
|-resisted|p1a: Moltres
|-damage|p1a: Moltres|84/100
|
|-weather|none
|-heal|p2a: Skarmory|100/100|[from] item: Leftovers
|upkeep
|turn|11
|
|t:|1781177767
|switch|p2a: Slowking|Slowking, M|100/100
|move|p1a: Moltres|Flamethrower|p2a: Slowking
|-resisted|p2a: Slowking
|-damage|p2a: Slowking|90/100
|
|upkeep
|turn|12
|
|t:|1781177771
|move|p1a: Moltres|U-turn|p2a: Slowking
|-supereffective|p2a: Slowking
|-damage|p2a: Slowking|57/100
|
|t:|1781177778
|switch|p1a: Iron Valiant|Iron Valiant|100/100|[from] U-turn
|-damage|p1a: Iron Valiant|94/100|[from] Stealth Rock
|move|p2a: Slowking|Future Sight|p1a: Iron Valiant
|-start|p2a: Slowking|move: Future Sight
|
|upkeep
|turn|13
|
|t:|1781177788
|switch|p2a: Primarina|Primarina, F|35/100
|-damage|p2a: Primarina|22/100|[from] Stealth Rock
|move|p1a: Iron Valiant|Thunderbolt|p2a: Primarina
|-supereffective|p2a: Primarina
|-damage|p2a: Primarina|0 fnt
|faint|p2a: Primarina
|
|upkeep
|
|t:|1781177796
|switch|p2a: Zapdos|Zapdos|100/100
|turn|14
|
|t:|1781177803
|-end|p1a: Iron Valiant|Quark Drive|[silent]
|switch|p1a: Kyurem|Kyurem|57/100
|-damage|p1a: Kyurem|32/100|[from] Stealth Rock
|-ability|p1a: Kyurem|Pressure
|move|p2a: Zapdos|Volt Switch|p1a: Kyurem
|-resisted|p1a: Kyurem
|-damage|p1a: Kyurem|19/100
|
|t:|1781177809
|switch|p2a: Slowking|Slowking, M|90/100|[from] Volt Switch
|
|-end|p1a: Kyurem|move: Future Sight
|-damage|p1a: Kyurem|0 fnt
|faint|p1a: Kyurem
|upkeep
|
|t:|1781177815
|switch|p1a: Iron Valiant|Iron Valiant|94/100
|-damage|p1a: Iron Valiant|88/100|[from] Stealth Rock
|turn|15
|
|t:|1781177824
|move|p1a: Iron Valiant|Trick|p2a: Slowking
|-activate|p1a: Iron Valiant|move: Trick|[of] p2a: Slowking
|-item|p2a: Slowking|Choice Scarf|[from] move: Trick
|-item|p1a: Iron Valiant|Heavy-Duty Boots|[from] move: Trick
|move|p2a: Slowking|Scald|p1a: Iron Valiant
|-damage|p1a: Iron Valiant|41/100
|
|upkeep
|turn|16
|
|t:|1781177833
|-end|p1a: Iron Valiant|Quark Drive|[silent]
|switch|p1a: Alomomola|Alomomola, M|100/100
|move|p2a: Slowking|Scald|p1a: Alomomola
|-resisted|p1a: Alomomola
|-damage|p1a: Alomomola|84/100
|-status|p1a: Alomomola|brn
|
|-damage|p1a: Alomomola|77/100 brn|[from] brn
|upkeep
|turn|17
|
|t:|1781177840
|move|p2a: Slowking|Scald|p1a: Alomomola
|-resisted|p1a: Alomomola
|-damage|p1a: Alomomola|61/100 brn
|move|p1a: Alomomola|Wish|p1a: Alomomola
|
|-damage|p1a: Alomomola|55/100 brn|[from] brn
|upkeep
|turn|18
|
|t:|1781177844
|move|p2a: Slowking|Scald|p1a: Alomomola
|-resisted|p1a: Alomomola
|-damage|p1a: Alomomola|38/100 brn
|move|p1a: Alomomola|Flip Turn|p2a: Slowking
|-resisted|p2a: Slowking
|-damage|p2a: Slowking|86/100
|
|t:|1781177847
|switch|p1a: Iron Valiant|Iron Valiant|41/100|[from] Flip Turn
|
|-heal|p1a: Iron Valiant|100/100|[from] move: Wish|[wisher] Alomomola
|upkeep
|turn|19
|
|t:|1781177851
|move|p1a: Iron Valiant|Thunderbolt|p2a: Slowking
|-supereffective|p2a: Slowking
|-damage|p2a: Slowking|50/100
|move|p2a: Slowking|Scald|p1a: Iron Valiant
|-damage|p1a: Iron Valiant|48/100
|
|upkeep
|turn|20
|
|t:|1781177859
|-end|p1a: Iron Valiant|Quark Drive|[silent]
|switch|p1a: Alomomola|Alomomola, M|71/100 brn
|move|p2a: Slowking|Scald|p1a: Alomomola
|-resisted|p1a: Alomomola
|-damage|p1a: Alomomola|54/100 brn
|
|-damage|p1a: Alomomola|48/100 brn|[from] brn
|upkeep
|turn|21
|
|t:|1781177865
|switch|p2a: Zapdos|Zapdos|100/100
|move|p1a: Alomomola|Wish|p1a: Alomomola
|
|-damage|p1a: Alomomola|42/100 brn|[from] brn
|upkeep
|turn|22
|
|t:|1781177868
|move|p1a: Alomomola|Protect|p1a: Alomomola
|-singleturn|p1a: Alomomola|Protect
|move|p2a: Zapdos|Volt Switch|p1a: Alomomola
|-activate|p1a: Alomomola|move: Protect
|
|-heal|p1a: Alomomola|92/100 brn|[from] move: Wish|[wisher] Alomomola
|-damage|p1a: Alomomola|86/100 brn|[from] brn
|upkeep
|turn|23
|
|t:|1781177872
|move|p2a: Zapdos|Volt Switch|p1a: Alomomola
|-supereffective|p1a: Alomomola
|-damage|p1a: Alomomola|16/100 brn
|
|t:|1781177879
|switch|p2a: Slowking|Slowking, M|84/100|[from] Volt Switch
|-damage|p2a: Slowking|71/100|[from] Stealth Rock
|move|p1a: Alomomola|Wish|p1a: Alomomola
|
|-damage|p1a: Alomomola|10/100 brn|[from] brn
|upkeep
|turn|24
|
|t:|1781177886
|move|p1a: Alomomola|Protect|p1a: Alomomola
|-singleturn|p1a: Alomomola|Protect
|move|p2a: Slowking|Scald|p1a: Alomomola
|-activate|p1a: Alomomola|move: Protect
|
|-heal|p1a: Alomomola|60/100 brn|[from] move: Wish|[wisher] Alomomola
|-damage|p1a: Alomomola|54/100 brn|[from] brn
|upkeep
|turn|25
|
|t:|1781177891
|switch|p2a: Zapdos|Zapdos|100/100
|move|p1a: Alomomola|Wish|p1a: Alomomola
|
|-damage|p1a: Alomomola|48/100 brn|[from] brn
|upkeep
|turn|26
|
|t:|1781177901
|move|p1a: Alomomola|Protect|p1a: Alomomola
|-singleturn|p1a: Alomomola|Protect
|move|p2a: Zapdos|Volt Switch|p1a: Alomomola
|-activate|p1a: Alomomola|move: Protect
|
|-heal|p1a: Alomomola|98/100 brn|[from] move: Wish|[wisher] Alomomola
|-damage|p1a: Alomomola|91/100 brn|[from] brn
|upkeep
|turn|27
|
|t:|1781177906
|move|p2a: Zapdos|Volt Switch|p1a: Alomomola
|-supereffective|p1a: Alomomola
|-damage|p1a: Alomomola|19/100 brn
|
|t:|1781177911
|switch|p2a: Dragonite|Dragonite, M|100/100|[from] Volt Switch
|move|p1a: Alomomola|Flip Turn|p2a: Dragonite
|-resisted|p2a: Dragonite
|-damage|p2a: Dragonite|99/100
|
|t:|1781177917
|switch|p1a: Moltres|Moltres|84/100|[from] Flip Turn
|
|upkeep
|turn|28
|
|t:|1781177922
|move|p2a: Dragonite|Dragon Dance|p2a: Dragonite
|-boost|p2a: Dragonite|atk|1
|-boost|p2a: Dragonite|spe|1
|move|p1a: Moltres|Roar|p2a: Dragonite
|drag|p2a: Hippowdon|Hippowdon, M, tera:Steel|100/100
|-damage|p2a: Hippowdon|94/100|[from] Stealth Rock
|-weather|Sandstorm|[from] ability: Sand Stream|[of] p2a: Hippowdon
|
|-weather|Sandstorm|[upkeep]
|-damage|p1a: Moltres|78/100|[from] Sandstorm
|-heal|p2a: Hippowdon|100/100|[from] item: Leftovers
|upkeep
|turn|29
|
|t:|1781177926
|switch|p2a: Slowking|Slowking, M|100/100
|-damage|p2a: Slowking|88/100|[from] Stealth Rock
|move|p1a: Moltres|Flamethrower|p2a: Slowking
|-resisted|p2a: Slowking
|-damage|p2a: Slowking|77/100
|
|-weather|Sandstorm|[upkeep]
|-damage|p1a: Moltres|72/100|[from] Sandstorm
|-damage|p2a: Slowking|71/100|[from] Sandstorm
|upkeep
|turn|30
|
|t:|1781177931
|switch|p2a: Zapdos|Zapdos|100/100
|move|p1a: Moltres|U-turn|p2a: Zapdos
|-resisted|p2a: Zapdos
|-damage|p2a: Zapdos|95/100
|-status|p1a: Moltres|par|[from] ability: Static|[of] p2a: Zapdos
|
|t:|1781177947
|switch|p1a: Iron Valiant|Iron Valiant|48/100|[from] U-turn
|
|-weather|Sandstorm|[upkeep]
|-damage|p1a: Iron Valiant|41/100|[from] Sandstorm
|-damage|p2a: Zapdos|89/100|[from] Sandstorm
|upkeep
|turn|31
|
|t:|1781177953
|move|p1a: Iron Valiant|Moonblast|p2a: Zapdos
|-damage|p2a: Zapdos|47/100
|move|p2a: Zapdos|Volt Switch|p1a: Iron Valiant
|-damage|p1a: Iron Valiant|0 fnt
|faint|p1a: Iron Valiant
|-end|p1a: Iron Valiant|Quark Drive|[silent]
|
|t:|1781177957
|switch|p2a: Slowking|Slowking, M|100/100|[from] Volt Switch
|-damage|p2a: Slowking|88/100|[from] Stealth Rock
|
|-weather|Sandstorm|[upkeep]
|-damage|p2a: Slowking|82/100|[from] Sandstorm
|upkeep
|-message|nis298 forfeited.
|
|win|KurisuChestnutLab
|raw|nis298's rating: 1550 &rarr; <strong>1532</strong><br />(-18 for losing)
|raw|KurisuChestnutLab's rating: 1583 &rarr; <strong>1601</strong><br />(+18 for winning)
|l|☆nis298
|player|p1|
