|j|☆myree
|j|☆Titanosaurus
|t:|1781291555
|gametype|singles
|player|p1|myree|benga|1562
|player|p2|Titanosaurus|byron|1571
|gen|9
|tier|[Gen 9] OU
|rated|
|rule|HP Percentage Mod: HP is shown in percentages
|rule|Endless Battle Clause: Forcing endless battles is banned
|rule|Species Clause: Limit one of each Pokémon
|rule|OHKO Clause: OHKO moves are banned
|rule|Evasion Items Clause: Evasion items are banned
|rule|Evasion Moves Clause: Evasion moves are banned
|rule|Evasion Abilities Clause: Evasion abilities are banned
|rule|Sleep Moves Clause: Sleep-inducing moves are banned
|clearpoke
|poke|p1|Tinkaton, F|
|poke|p1|Gholdengo|
|poke|p1|Iron Hands|
|poke|p1|Slither Wing|
|poke|p1|Wo-Chien|
|poke|p1|Okidogi, M|
|poke|p2|Galvantula, F|
|poke|p2|Skeledirge, F|
|poke|p2|Cinderace, F|
|poke|p2|Ogerpon-Wellspring, F|
|poke|p2|Kingambit, M|
|poke|p2|Enamorus, F|
|teampreview
|inactive|Battle timer is ON: inactive players will automatically lose when time's up. (requested by Titanosaurus)
|
|t:|1781291573
|teamsize|p1|6
|teamsize|p2|6
|start
|switch|p1a: chef pzn.|Okidogi, M|100/100
|switch|p2a: Galvantula|Galvantula, F|100/100
|turn|1
|inactive|Titanosaurus has 120 seconds left.
|c|☆Titanosaurus|Nice team
|
|t:|1781291605
|move|p2a: Galvantula|Thunder Wave|p1a: chef pzn.
|-status|p1a: chef pzn.|par
|move|p1a: chef pzn.|Gunk Shot|p2a: Galvantula
|-enditem|p2a: Galvantula|Focus Sash
|-damage|p2a: Galvantula|1/100
|-status|p2a: Galvantula|psn
|
|-damage|p2a: Galvantula|0 fnt|[from] psn
|faint|p2a: Galvantula
|upkeep
|inactive|Titanosaurus has 120 seconds left.
|
|t:|1781291612
|switch|p2a: Kingambit|Kingambit, M|100/100
|-activate|p2a: Kingambit|ability: Supreme Overlord
|-start|p2a: Kingambit|fallen1|[silent]
|turn|2
|
|t:|1781291617
|-end|p2a: Kingambit|fallen1|[silent]
|switch|p2a: Skeledirge|Skeledirge, F|100/100
|switch|p1a: monk-ee d. garp|Iron Hands|100/100
|
|upkeep
|turn|3
|
|t:|1781291622
|-end|p1a: monk-ee d. garp|Quark Drive|[silent]
|switch|p1a: chef pzn.|Okidogi, M|100/100 par
|move|p2a: Skeledirge|Will-O-Wisp|p1a: chef pzn.|[miss]
|-miss|p2a: Skeledirge|p1a: chef pzn.
|
|upkeep
|turn|4
|
|t:|1781291625
|switch|p2a: Enamorus|Enamorus, F|100/100
|move|p1a: chef pzn.|Toxic|p2a: Enamorus
|-status|p2a: Enamorus|tox
|
|-damage|p2a: Enamorus|94/100 tox|[from] psn
|upkeep
|turn|5
|
|t:|1781291635
|switch|p1a: meethewoo|Wo-Chien|100/100
|-ability|p1a: meethewoo|Tablets of Ruin
|move|p2a: Enamorus|Earth Power|p1a: meethewoo
|-resisted|p1a: meethewoo
|-damage|p1a: meethewoo|91/100
|
|-heal|p1a: meethewoo|98/100|[from] item: Leftovers
|-damage|p2a: Enamorus|82/100 tox|[from] psn
|upkeep
|turn|6
|
|t:|1781291642
|switch|p2a: Cinderace|Cinderace, F|100/100
|move|p1a: meethewoo|Knock Off|p2a: Cinderace
|-damage|p2a: Cinderace|55/100
|-enditem|p2a: Cinderace|Heavy-Duty Boots|[from] move: Knock Off|[of] p1a: meethewoo
|
|-heal|p1a: meethewoo|100/100|[from] item: Leftovers
|upkeep
|turn|7
|
|t:|1781291646
|move|p1a: meethewoo|Protect|p1a: meethewoo
|-singleturn|p1a: meethewoo|Protect
|move|p2a: Cinderace|U-turn|p1a: meethewoo
|-start|p2a: Cinderace|typechange|Bug|[from] ability: Libero
|-activate|p1a: meethewoo|move: Protect
|
|upkeep
|turn|8
|
|t:|1781291653
|switch|p1a: chef pzn.|Okidogi, M|100/100 par
|move|p2a: Cinderace|Pyro Ball|p1a: chef pzn.|[miss]
|-miss|p2a: Cinderace|p1a: chef pzn.
|
|upkeep
|turn|9
|
|t:|1781291661
|move|p2a: Cinderace|Pyro Ball|p1a: chef pzn.
|-damage|p1a: chef pzn.|73/100 par
|cant|p1a: chef pzn.|par
|
|-heal|p1a: chef pzn.|80/100 par|[from] item: Leftovers
|upkeep
|turn|10
|
|t:|1781291668
|switch|p2a: Enamorus|Enamorus, F|82/100 tox
|cant|p1a: chef pzn.|par
|
|-heal|p1a: chef pzn.|86/100 par|[from] item: Leftovers
|-damage|p2a: Enamorus|76/100 tox|[from] psn
|upkeep
|turn|11
|
|t:|1781291673
|switch|p1a: meethewoo|Wo-Chien|100/100
|-ability|p1a: meethewoo|Tablets of Ruin
|move|p2a: Enamorus|Moonblast|p1a: meethewoo
|-supereffective|p1a: meethewoo
|-damage|p1a: meethewoo|36/100
|
|-heal|p1a: meethewoo|42/100|[from] item: Leftovers
|-damage|p2a: Enamorus|63/100 tox|[from] psn
|upkeep
|turn|12
|
|t:|1781291680
|switch|p2a: Skeledirge|Skeledirge, F|100/100
|move|p1a: meethewoo|Protect||[still]
|-fail|p1a: meethewoo
|
|-heal|p1a: meethewoo|49/100|[from] item: Leftovers
|upkeep
|turn|13
|
|t:|1781291683
|move|p1a: meethewoo|Protect|p1a: meethewoo
|-singleturn|p1a: meethewoo|Protect
|move|p2a: Skeledirge|Torch Song|p1a: meethewoo
|-activate|p1a: meethewoo|move: Protect
|
|-heal|p1a: meethewoo|55/100|[from] item: Leftovers
|upkeep
|turn|14
|
|t:|1781291702
|move|p1a: meethewoo|Protect||[still]
|-fail|p1a: meethewoo
|move|p2a: Skeledirge|Torch Song|p1a: meethewoo
|-supereffective|p1a: meethewoo
|-damage|p1a: meethewoo|23/100
|-boost|p2a: Skeledirge|spa|1
|
|-heal|p1a: meethewoo|29/100|[from] item: Leftovers
|upkeep
|turn|15
|
|t:|1781291709
|-terastallize|p1a: meethewoo|Poison
|move|p1a: meethewoo|Knock Off|p2a: Skeledirge
|-supereffective|p2a: Skeledirge
|-damage|p2a: Skeledirge|62/100
|-enditem|p2a: Skeledirge|Leftovers|[from] move: Knock Off|[of] p1a: meethewoo
|move|p2a: Skeledirge|Torch Song|p1a: meethewoo
|-damage|p1a: meethewoo|7/100
|-boost|p2a: Skeledirge|spa|1
|
|-heal|p1a: meethewoo|13/100|[from] item: Leftovers
|upkeep
|turn|16
|
|t:|1781291713
|move|p1a: meethewoo|Protect|p1a: meethewoo
|-singleturn|p1a: meethewoo|Protect
|move|p2a: Skeledirge|Slack Off|p2a: Skeledirge
|-heal|p2a: Skeledirge|100/100
|
|-heal|p1a: meethewoo|19/100|[from] item: Leftovers
|upkeep
|turn|17
|
|t:|1781291729
|move|p1a: meethewoo|Ruination|p2a: Skeledirge
|-damage|p2a: Skeledirge|50/100
|move|p2a: Skeledirge|Torch Song|p1a: meethewoo
|-damage|p1a: meethewoo|0 fnt
|-boost|p2a: Skeledirge|spa|1
|faint|p1a: meethewoo
|
|upkeep
|
|t:|1781291732
|switch|p1a: MF ghoolm|Gholdengo|100/100
|-item|p1a: MF ghoolm|Air Balloon
|turn|18
|
|t:|1781291742
|switch|p2a: Kingambit|Kingambit, M|100/100
|-activate|p2a: Kingambit|ability: Supreme Overlord
|-start|p2a: Kingambit|fallen1|[silent]
|move|p1a: MF ghoolm|Shadow Ball|p2a: Kingambit
|-resisted|p2a: Kingambit
|-damage|p2a: Kingambit|81/100
|
|-heal|p2a: Kingambit|87/100|[from] item: Leftovers
|upkeep
|turn|19
|
|t:|1781291748
|switch|p1a: monk-ee d. garp|Iron Hands|100/100
|move|p2a: Kingambit|Iron Head|p1a: monk-ee d. garp
|-resisted|p1a: monk-ee d. garp
|-damage|p1a: monk-ee d. garp|83/100
|
|-heal|p2a: Kingambit|94/100|[from] item: Leftovers
|upkeep
|turn|20
|
|t:|1781291755
|-end|p2a: Kingambit|fallen1|[silent]
|switch|p2a: Cinderace|Cinderace, F|55/100
|move|p1a: monk-ee d. garp|Thunder Punch|p2a: Cinderace
|-damage|p2a: Cinderace|0 fnt
|faint|p2a: Cinderace
|
|upkeep
|
|t:|1781291760
|switch|p2a: Skeledirge|Skeledirge, F|50/100
|turn|21
|
|t:|1781291765
|-end|p1a: monk-ee d. garp|Quark Drive|[silent]
|switch|p1a: ms. giving|Tinkaton, F|100/100
|-item|p1a: ms. giving|Air Balloon
|move|p2a: Skeledirge|Slack Off|p2a: Skeledirge
|-heal|p2a: Skeledirge|100/100
|
|upkeep
|turn|22
|
|t:|1781291774
|switch|p2a: Enamorus|Enamorus, F|63/100 tox
|move|p1a: ms. giving|Stealth Rock|p2a: Enamorus
|-sidestart|p2: Titanosaurus|move: Stealth Rock
|
|-damage|p2a: Enamorus|57/100 tox|[from] psn
|upkeep
|turn|23
|
|t:|1781291778
|move|p2a: Enamorus|Mystical Fire|p1a: ms. giving
|-supereffective|p1a: ms. giving
|-damage|p1a: ms. giving|48/100
|-unboost|p1a: ms. giving|spa|1
|-enditem|p1a: ms. giving|Air Balloon
|move|p1a: ms. giving|Gigaton Hammer|p2a: Enamorus
|-supereffective|p2a: Enamorus
|-damage|p2a: Enamorus|0 fnt
|faint|p2a: Enamorus
|
|upkeep
|
|t:|1781291783
|switch|p2a: Ogerpon|Ogerpon-Wellspring, F|100/100
|-damage|p2a: Ogerpon|88/100|[from] Stealth Rock
|turn|24
|
|t:|1781291792
|switch|p1a: st. jay g. saturn|Slither Wing|100/100
|move|p2a: Ogerpon|Ivy Cudgel|p1a: st. jay g. saturn|[anim] Ivy Cudgel Water
|-crit|p1a: st. jay g. saturn
|-damage|p1a: st. jay g. saturn|27/100
|
|upkeep
|turn|25
|
|t:|1781291798
|switch|p2a: Kingambit|Kingambit, M|94/100
|-damage|p2a: Kingambit|87/100|[from] Stealth Rock
|-activate|p2a: Kingambit|ability: Supreme Overlord
|-start|p2a: Kingambit|fallen3|[silent]
|move|p1a: st. jay g. saturn|First Impression|p2a: Kingambit
|-damage|p2a: Kingambit|60/100
|
|-heal|p2a: Kingambit|67/100|[from] item: Leftovers
|upkeep
|turn|26
|
|t:|1781291805
|-end|p2a: Kingambit|fallen3|[silent]
|switch|p2a: Skeledirge|Skeledirge, F|100/100
|-damage|p2a: Skeledirge|75/100|[from] Stealth Rock
|move|p1a: st. jay g. saturn|Close Combat|p2a: Skeledirge
|-immune|p2a: Skeledirge
|
|upkeep
|turn|27
|
|t:|1781291827
|-end|p1a: st. jay g. saturn|Protosynthesis|[silent]
|switch|p1a: chef pzn.|Okidogi, M|86/100 par
|move|p2a: Skeledirge|Torch Song|p1a: chef pzn.
|-crit|p1a: chef pzn.
|-damage|p1a: chef pzn.|37/100 par
|-boost|p2a: Skeledirge|spa|1
|
|-heal|p1a: chef pzn.|43/100 par|[from] item: Leftovers
|upkeep
|turn|28
|
|t:|1781291831
|move|p2a: Skeledirge|Hex|p1a: chef pzn.
|-damage|p1a: chef pzn.|0 fnt
|faint|p1a: chef pzn.
|
|upkeep
|
|t:|1781291844
|switch|p1a: ms. giving|Tinkaton, F|48/100
|turn|29
|
|t:|1781291849
|move|p1a: ms. giving|Thunder Wave|p2a: Skeledirge
|-status|p2a: Skeledirge|par
|move|p2a: Skeledirge|Torch Song|p1a: ms. giving
|-supereffective|p1a: ms. giving
|-damage|p1a: ms. giving|0 fnt
|-boost|p2a: Skeledirge|spa|1
|faint|p1a: ms. giving
|
|upkeep
|
|t:|1781291855
|switch|p1a: MF ghoolm|Gholdengo|100/100
|-item|p1a: MF ghoolm|Air Balloon
|turn|30
|
|t:|1781291863
|switch|p2a: Ogerpon|Ogerpon-Wellspring, F|88/100
|-damage|p2a: Ogerpon|76/100|[from] Stealth Rock
|move|p1a: MF ghoolm|Shadow Ball|p2a: Ogerpon
|-damage|p2a: Ogerpon|30/100
|-unboost|p2a: Ogerpon|spd|1
|
|upkeep
|turn|31
|
|t:|1781291878
|move|p2a: Ogerpon|Ivy Cudgel|p1a: MF ghoolm|[anim] Ivy Cudgel Water
|-crit|p1a: MF ghoolm
|-damage|p1a: MF ghoolm|11/100
|-enditem|p1a: MF ghoolm|Air Balloon
|move|p1a: MF ghoolm|Shadow Ball|p2a: Ogerpon
|-damage|p2a: Ogerpon|0 fnt
|faint|p2a: Ogerpon
|
|upkeep
|
|t:|1781291882
|switch|p2a: Kingambit|Kingambit, M|67/100
|-damage|p2a: Kingambit|60/100|[from] Stealth Rock
|-activate|p2a: Kingambit|ability: Supreme Overlord
|-start|p2a: Kingambit|fallen4|[silent]
|turn|32
|
|t:|1781291892
|switch|p1a: monk-ee d. garp|Iron Hands|83/100
|move|p2a: Kingambit|Iron Head|p1a: monk-ee d. garp
|-resisted|p1a: monk-ee d. garp
|-damage|p1a: monk-ee d. garp|62/100
|
|-heal|p2a: Kingambit|67/100|[from] item: Leftovers
|upkeep
|turn|33
|
|t:|1781291897
|move|p2a: Kingambit|Swords Dance|p2a: Kingambit
|-boost|p2a: Kingambit|atk|2
|move|p1a: monk-ee d. garp|Thunder Punch|p2a: Kingambit
|-damage|p2a: Kingambit|37/100
|
|-heal|p2a: Kingambit|43/100|[from] item: Leftovers
|upkeep
|turn|34
|
|t:|1781291902
|-terastallize|p2a: Kingambit|Dark
|move|p2a: Kingambit|Kowtow Cleave|p1a: monk-ee d. garp
|-resisted|p1a: monk-ee d. garp
|-damage|p1a: monk-ee d. garp|8/100
|move|p1a: monk-ee d. garp|Drain Punch|p2a: Kingambit
|-supereffective|p2a: Kingambit
|-damage|p2a: Kingambit|0 fnt
|-heal|p1a: monk-ee d. garp|25/100|[from] drain|[of] p2a: Kingambit
|faint|p2a: Kingambit
|-end|p2a: Kingambit|fallen4|[silent]
|
|upkeep
|
|t:|1781291908
|switch|p2a: Skeledirge|Skeledirge, F|75/100 par
|-damage|p2a: Skeledirge|50/100 par|[from] Stealth Rock
|turn|35
|
|t:|1781291914
|move|p1a: monk-ee d. garp|Thunder Punch|p2a: Skeledirge
|-damage|p2a: Skeledirge|23/100 par
|move|p2a: Skeledirge|Slack Off|p2a: Skeledirge
|-heal|p2a: Skeledirge|73/100 par
|
|upkeep
|turn|36
|
|t:|1781291918
|move|p1a: monk-ee d. garp|Thunder Punch|p2a: Skeledirge
|-damage|p2a: Skeledirge|48/100 par
|move|p2a: Skeledirge|Slack Off|p2a: Skeledirge
|-heal|p2a: Skeledirge|98/100 par
|
|upkeep
|turn|37
|
|t:|1781291922
|move|p1a: monk-ee d. garp|Thunder Punch|p2a: Skeledirge
|-damage|p2a: Skeledirge|73/100 par
|cant|p2a: Skeledirge|par
|
|upkeep
|turn|38
|
|t:|1781291925
|move|p1a: monk-ee d. garp|Thunder Punch|p2a: Skeledirge
|-damage|p2a: Skeledirge|48/100 par
|move|p2a: Skeledirge|Slack Off|p2a: Skeledirge
|-heal|p2a: Skeledirge|98/100 par
|
|upkeep
|turn|39
|
|t:|1781291928
|move|p1a: monk-ee d. garp|Thunder Punch|p2a: Skeledirge
|-damage|p2a: Skeledirge|72/100 par
|move|p2a: Skeledirge|Torch Song|p1a: monk-ee d. garp
|-damage|p1a: monk-ee d. garp|0 fnt
|-boost|p2a: Skeledirge|spa|1
|faint|p1a: monk-ee d. garp
|-end|p1a: monk-ee d. garp|Quark Drive|[silent]
|
|upkeep
|
|t:|1781291930
|switch|p1a: MF ghoolm|Gholdengo|11/100
|turn|40
|
|t:|1781291933
|move|p1a: MF ghoolm|Shadow Ball|p2a: Skeledirge
|-supereffective|p2a: Skeledirge
|-damage|p2a: Skeledirge|0 fnt
|faint|p2a: Skeledirge
|
|win|myree
|raw|myree's rating: 1562 &rarr; <strong>1583</strong><br />(+21 for winning)
|raw|Titanosaurus's rating: 1571 &rarr; <strong>1550</strong><br />(-21 for losing)
|c|☆Titanosaurus|GG
|l|☆Titanosaurus
|player|p2|
|l|☆myree
|player|p1|
