|badge|p2|bronze|gen9ou|100-9
|uhtml|medal-msg|<div class="broadcast-blue">Curious what those medals under the avatar are? PS now has Ladder Seasons! For more information, check out the <a href="https://www.smogon.com/forums/threads/3740067/">thread on Smogon.</a></div>
|j|☆Galarian Blades
|j|☆temporarylight
|t:|1781543538
|gametype|singles
|player|p1|Galarian Blades|#capplxiwutangclants|1795
|player|p2|temporarylight|jogger|1866
|gen|9
|tier|[Gen 9] OU
|rated|
|rule|HP Percentage Mod: HP is shown in percentages
|rule|Endless Battle Clause: Forcing endless battles is banned
|rule|Species Clause: Limit one of each Pokémon
|rule|OHKO Clause: OHKO moves are banned
|rule|Evasion Items Clause: Evasion items are banned
|rule|Evasion Moves Clause: Evasion moves are banned
|rule|Evasion Abilities Clause: Evasion abilities are banned
|rule|Sleep Moves Clause: Sleep-inducing moves are banned
|clearpoke
|poke|p1|Zamazenta-*|
|poke|p1|Dragonite, M|
|poke|p1|Kyurem|
|poke|p1|Hatterene, F|
|poke|p1|Kingambit, F|
|poke|p1|Landorus-Therian, M|
|poke|p2|Ting-Lu|
|poke|p2|Gholdengo|
|poke|p2|Dragonite, F|
|poke|p2|Volcanion|
|poke|p2|Hatterene, F|
|poke|p2|Zapdos-Galar|
|teampreview
|inactive|Battle timer is ON: inactive players will automatically lose when time's up. (requested by Galarian Blades)
|c|☆Galarian Blades|hf
|c|☆temporarylight|hf
|
|t:|1781543550
|teamsize|p1|6
|teamsize|p2|6
|start
|switch|p1a: Kyurem|Kyurem|100/100
|switch|p2a: Zapdos|Zapdos-Galar|100/100
|-ability|p1a: Kyurem|Pressure
|turn|1
|
|t:|1781543556
|switch|p1a: Landorus|Landorus-Therian, M|100/100
|-ability|p1a: Landorus|Intimidate|boost
|-unboost|p2a: Zapdos|atk|1
|-ability|p2a: Zapdos|Defiant|boost
|-boost|p2a: Zapdos|atk|2
|move|p2a: Zapdos|Close Combat|p1a: Landorus
|-resisted|p1a: Landorus
|-damage|p1a: Landorus|63/100
|-unboost|p2a: Zapdos|def|1
|-unboost|p2a: Zapdos|spd|1
|-damage|p2a: Zapdos|84/100|[from] item: Rocky Helmet|[of] p1a: Landorus
|
|upkeep
|turn|2
|
|t:|1781543563
|switch|p2a: Magic I Bounce U|Hatterene, F, shiny|100/100
|switch|p1a: Hatterene|Hatterene, F|100/100
|
|upkeep
|turn|3
|
|t:|1781543571
|move|p2a: Magic I Bounce U|Future Sight|p1a: Hatterene
|-start|p2a: Magic I Bounce U|move: Future Sight
|move|p1a: Hatterene|Nuzzle|p2a: Magic I Bounce U
|-damage|p2a: Magic I Bounce U|97/100
|-status|p2a: Magic I Bounce U|par
|-damage|p1a: Hatterene|84/100|[from] item: Rocky Helmet|[of] p2a: Magic I Bounce U
|
|upkeep
|turn|4
|
|t:|1781543573
|move|p1a: Hatterene|Mystical Fire|p2a: Magic I Bounce U
|-damage|p2a: Magic I Bounce U|75/100 par
|-unboost|p2a: Magic I Bounce U|spa|1
|move|p2a: Magic I Bounce U|Nuzzle|p1a: Hatterene
|-damage|p1a: Hatterene|80/100
|-status|p1a: Hatterene|par
|
|upkeep
|turn|5
|
|t:|1781543581
|move|p2a: Magic I Bounce U|Dazzling Gleam|p1a: Hatterene
|-damage|p1a: Hatterene|63/100 par
|move|p1a: Hatterene|Mystical Fire|p2a: Magic I Bounce U
|-damage|p2a: Magic I Bounce U|50/100 par
|-unboost|p2a: Magic I Bounce U|spa|1
|
|-end|p1a: Hatterene|move: Future Sight
|-resisted|p1a: Hatterene
|-damage|p1a: Hatterene|53/100 par
|upkeep
|turn|6
|
|t:|1781543590
|move|p2a: Magic I Bounce U|Pain Split|p1a: Hatterene
|-sethp|p1a: Hatterene|51/100 par|[from] move: Pain Split|[silent]
|-sethp|p2a: Magic I Bounce U|51/100 par|[from] move: Pain Split
|cant|p1a: Hatterene|par
|
|upkeep
|turn|7
|
|t:|1781543595
|switch|p2a: Gholdengo|Gholdengo|100/100
|move|p1a: Hatterene|Mystical Fire|p2a: Gholdengo
|-supereffective|p2a: Gholdengo
|-damage|p2a: Gholdengo|45/100
|-unboost|p2a: Gholdengo|spa|1
|
|upkeep
|turn|8
|
|t:|1781543604
|move|p2a: Gholdengo|Make It Rain|p1a: Hatterene
|-supereffective|p1a: Hatterene
|-damage|p1a: Hatterene|0 fnt
|-unboost|p2a: Gholdengo|spa|1
|faint|p1a: Hatterene
|
|upkeep
|
|t:|1781543611
|switch|p1a: Landorus|Landorus-Therian, M|63/100
|-ability|p1a: Landorus|Intimidate|boost
|-unboost|p2a: Gholdengo|atk|1
|turn|9
|
|t:|1781543614
|switch|p2a: Magic I Bounce U|Hatterene, F, shiny|51/100 par
|move|p1a: Landorus|Sandsear Storm|p2a: Magic I Bounce U
|-damage|p2a: Magic I Bounce U|11/100 par
|
|upkeep
|turn|10
|
|t:|1781543624
|move|p1a: Landorus|Smack Down|p2a: Magic I Bounce U
|-damage|p2a: Magic I Bounce U|0 fnt
|faint|p2a: Magic I Bounce U
|
|upkeep
|
|t:|1781543635
|switch|p2a: Zapdos|Zapdos-Galar|84/100
|turn|11
|
|t:|1781543644
|move|p2a: Zapdos|Brave Bird|p1a: Landorus
|-damage|p1a: Landorus|9/100
|-damage|p2a: Zapdos|67/100|[from] item: Rocky Helmet|[of] p1a: Landorus
|-damage|p2a: Zapdos|47/100|[from] Recoil
|move|p1a: Landorus|Stealth Rock|p2a: Zapdos
|-sidestart|p2: temporarylight|move: Stealth Rock
|
|upkeep
|turn|12
|
|t:|1781543647
|move|p2a: Zapdos|Brave Bird|p1a: Landorus
|-damage|p1a: Landorus|0 fnt
|-damage|p2a: Zapdos|30/100|[from] item: Rocky Helmet|[of] p1a: Landorus
|faint|p1a: Landorus
|-damage|p2a: Zapdos|27/100|[from] Recoil
|
|upkeep
|
|t:|1781543668
|switch|p1a: Dragonite|Dragonite, M|100/100
|turn|13
|
|t:|1781543673
|switch|p2a: Gholdengo|Gholdengo|45/100
|-damage|p2a: Gholdengo|39/100|[from] Stealth Rock
|move|p1a: Dragonite|Extreme Speed|p2a: Gholdengo
|-immune|p2a: Gholdengo
|
|upkeep
|turn|14
|
|t:|1781543693
|switch|p1a: Kingambit|Kingambit, F|100/100
|-activate|p1a: Kingambit|ability: Supreme Overlord
|-start|p1a: Kingambit|fallen2|[silent]
|move|p2a: Gholdengo|Make It Rain|p1a: Kingambit
|-resisted|p1a: Kingambit
|-damage|p1a: Kingambit|69/100
|-unboost|p2a: Gholdengo|spa|1
|
|-heal|p1a: Kingambit|75/100|[from] item: Leftovers
|upkeep
|turn|15
|
|t:|1781543703
|switch|p2a: Ting-Lu|Ting-Lu|100/100
|-damage|p2a: Ting-Lu|94/100|[from] Stealth Rock
|-ability|p2a: Ting-Lu|Vessel of Ruin
|move|p1a: Kingambit|Iron Head|p2a: Ting-Lu
|-damage|p2a: Ting-Lu|70/100
|-damage|p1a: Kingambit|58/100|[from] item: Rocky Helmet|[of] p2a: Ting-Lu
|
|-heal|p1a: Kingambit|65/100|[from] item: Leftovers
|upkeep
|turn|16
|
|t:|1781543712
|move|p1a: Kingambit|Swords Dance|p1a: Kingambit
|-boost|p1a: Kingambit|atk|2
|move|p2a: Ting-Lu|Stealth Rock|p1a: Kingambit
|-sidestart|p1: Galarian Blades|move: Stealth Rock
|
|-heal|p1a: Kingambit|71/100|[from] item: Leftovers
|upkeep
|turn|17
|inactive|temporarylight has 120 seconds left.
|
|t:|1781543748
|move|p1a: Kingambit|Low Kick|p2a: Ting-Lu
|-supereffective|p2a: Ting-Lu
|-damage|p2a: Ting-Lu|0 fnt
|-damage|p1a: Kingambit|54/100|[from] item: Rocky Helmet|[of] p2a: Ting-Lu
|faint|p2a: Ting-Lu
|
|-heal|p1a: Kingambit|61/100|[from] item: Leftovers
|upkeep
|
|t:|1781543764
|switch|p2a: Gholdengo|Gholdengo|39/100
|-damage|p2a: Gholdengo|33/100|[from] Stealth Rock
|turn|18
|
|t:|1781543770
|move|p1a: Kingambit|Sucker Punch||[still]
|-fail|p1a: Kingambit
|move|p2a: Gholdengo|Trick|p1a: Kingambit
|-activate|p2a: Gholdengo|move: Trick|[of] p1a: Kingambit
|-item|p1a: Kingambit|Choice Scarf|[from] move: Trick
|-item|p2a: Gholdengo|Leftovers|[from] move: Trick
|
|-heal|p2a: Gholdengo|39/100|[from] item: Leftovers
|upkeep
|turn|19
|inactive|temporarylight has 120 seconds left.
|
|t:|1781543778
|move|p1a: Kingambit|Sucker Punch||[still]
|-fail|p1a: Kingambit
|move|p2a: Gholdengo|Thunder Wave|p1a: Kingambit
|-status|p1a: Kingambit|par
|
|-heal|p2a: Gholdengo|45/100|[from] item: Leftovers
|upkeep
|turn|20
|
|t:|1781543785
|cant|p1a: Kingambit|par
|move|p2a: Gholdengo|Thunder Wave|p1a: Kingambit
|-fail|p1a: Kingambit|par
|
|-heal|p2a: Gholdengo|51/100|[from] item: Leftovers
|upkeep
|turn|21
|
|t:|1781543789
|switch|p2a: Dragonite|Dragonite, F, shiny|100/100
|move|p1a: Kingambit|Sucker Punch||[still]
|-fail|p1a: Kingambit
|
|upkeep
|turn|22
|
|t:|1781543793
|-end|p1a: Kingambit|fallen2|[silent]
|switch|p1a: Kyurem|Kyurem|100/100
|-damage|p1a: Kyurem|76/100|[from] Stealth Rock
|-ability|p1a: Kyurem|Pressure
|move|p2a: Dragonite|Dragon Dance|p2a: Dragonite
|-boost|p2a: Dragonite|atk|1
|-boost|p2a: Dragonite|spe|1
|
|upkeep
|turn|23
|
|t:|1781543807
|-terastallize|p2a: Dragonite|Normal
|move|p2a: Dragonite|Dragon Dance|p2a: Dragonite
|-boost|p2a: Dragonite|atk|1
|-boost|p2a: Dragonite|spe|1
|move|p1a: Kyurem|Ice Beam|p2a: Dragonite
|-damage|p2a: Dragonite|74/100
|
|upkeep
|turn|24
|
|t:|1781543817
|move|p2a: Dragonite|Extreme Speed|p1a: Kyurem
|-damage|p1a: Kyurem|0 fnt
|faint|p1a: Kyurem
|
|upkeep
|
|t:|1781543823
|switch|p1a: Zama BinLadderin|Zamazenta|100/100
|-damage|p1a: Zama BinLadderin|94/100|[from] Stealth Rock
|-ability|p1a: Zama BinLadderin|Dauntless Shield|boost
|-boost|p1a: Zama BinLadderin|def|1
|turn|25
|
|t:|1781543831
|move|p2a: Dragonite|Outrage|p1a: Zama BinLadderin
|-damage|p1a: Zama BinLadderin|9/100
|move|p1a: Zama BinLadderin|Close Combat|p2a: Dragonite
|-supereffective|p2a: Dragonite
|-damage|p2a: Dragonite|0 fnt
|-unboost|p1a: Zama BinLadderin|def|1
|-unboost|p1a: Zama BinLadderin|spd|1
|faint|p2a: Dragonite
|-damage|p1a: Zama BinLadderin|0 fnt|[from] item: Life Orb
|faint|p1a: Zama BinLadderin
|
|upkeep
|
|t:|1781543846
|switch|p1a: Kingambit|Kingambit, F|61/100 par
|switch|p2a: Volcanion|Volcanion|100/100
|-damage|p2a: Volcanion|76/100|[from] Stealth Rock
|-damage|p1a: Kingambit|54/100 par|[from] Stealth Rock
|-activate|p1a: Kingambit|ability: Supreme Overlord
|-start|p1a: Kingambit|fallen4|[silent]
|turn|26
|
|t:|1781543855
|move|p1a: Kingambit|Sucker Punch|p2a: Volcanion
|-damage|p2a: Volcanion|23/100
|move|p2a: Volcanion|Steam Eruption|p1a: Kingambit
|-damage|p1a: Kingambit|0 fnt
|faint|p1a: Kingambit
|-end|p1a: Kingambit|fallen4|[silent]
|
|upkeep
|
|t:|1781543858
|switch|p1a: Dragonite|Dragonite, M|100/100
|turn|27
|j| SUBMACHINEGOTH
|
|t:|1781543865
|move|p1a: Dragonite|Dragon Dance|p1a: Dragonite
|-boost|p1a: Dragonite|atk|1
|-boost|p1a: Dragonite|spe|1
|move|p2a: Volcanion|Steam Eruption|p1a: Dragonite
|-resisted|p1a: Dragonite
|-damage|p1a: Dragonite|77/100
|-status|p1a: Dragonite|brn
|
|-damage|p1a: Dragonite|70/100 brn|[from] brn
|upkeep
|turn|28
|
|t:|1781543875
|move|p1a: Dragonite|Earthquake|p2a: Volcanion
|-supereffective|p2a: Volcanion
|-damage|p2a: Volcanion|0 fnt
|faint|p2a: Volcanion
|
|-damage|p1a: Dragonite|64/100 brn|[from] brn
|upkeep
|
|t:|1781543883
|switch|p2a: Zapdos|Zapdos-Galar|27/100
|-damage|p2a: Zapdos|14/100|[from] Stealth Rock
|turn|29
|
|t:|1781543888
|move|p1a: Dragonite|Extreme Speed|p2a: Zapdos
|-damage|p2a: Zapdos|0 fnt
|faint|p2a: Zapdos
|
|-damage|p1a: Dragonite|58/100 brn|[from] brn
|upkeep
|
|t:|1781543890
|switch|p2a: Gholdengo|Gholdengo|51/100
|-damage|p2a: Gholdengo|45/100|[from] Stealth Rock
|turn|30
|
|t:|1781543899
|-terastallize|p1a: Dragonite|Normal
|move|p1a: Dragonite|Earthquake|p2a: Gholdengo
|-supereffective|p2a: Gholdengo
|-damage|p2a: Gholdengo|0 fnt
|faint|p2a: Gholdengo
|
|win|Galarian Blades
|raw|Galarian Blades's rating: 1795 &rarr; <strong>1819</strong><br />(+24 for winning)
|raw|temporarylight's rating: 1866 &rarr; <strong>1842</strong><br />(-24 for losing)
|c|☆Galarian Blades|gg
|c|☆temporarylight|gg
|l|☆temporarylight
|player|p2|
|l|☆Galarian Blades
|player|p1|
|l| SUBMACHINEGOTH
