|j|☆abGodc
|j|☆n5v
|t:|1781119821
|gametype|singles
|player|p1|abGodc|iris-gen5bw2|1650
|player|p2|n5v|leon-masters|1676
|gen|9
|tier|[Gen 9] OU
|rated|
|rule|HP Percentage Mod: HP is shown in percentages
|rule|Endless Battle Clause: Forcing endless battles is banned
|rule|Species Clause: Limit one of each Pokémon
|rule|OHKO Clause: OHKO moves are banned
|rule|Evasion Items Clause: Evasion items are banned
|rule|Evasion Moves Clause: Evasion moves are banned
|rule|Evasion Abilities Clause: Evasion abilities are banned
|rule|Sleep Moves Clause: Sleep-inducing moves are banned
|clearpoke
|poke|p1|Ting-Lu|
|poke|p1|Slowking-Galar, M|
|poke|p1|Corviknight, M|
|poke|p1|Cinderace, M|
|poke|p1|Ogerpon-Wellspring, F|
|poke|p1|Raging Bolt|
|poke|p2|Araquanid, F|
|poke|p2|Gholdengo|
|poke|p2|Iron Moth|
|poke|p2|Iron Valiant|
|poke|p2|Raging Bolt|
|poke|p2|Kingambit, F|
|teampreview
|inactive|Battle timer is ON: inactive players will automatically lose when time's up. (requested by abGodc)
|c|☆n5v|glhf
|
|t:|1781119834
|teamsize|p1|6
|teamsize|p2|6
|start
|switch|p1a: Raging Bolt|Raging Bolt|100/100
|switch|p2a: QUIL|Araquanid, F|100/100
|turn|1
|
|t:|1781119837
|move|p1a: Raging Bolt|Thunderbolt|p2a: QUIL
|-supereffective|p2a: QUIL
|-damage|p2a: QUIL|0 fnt
|faint|p2a: QUIL
|
|upkeep
|
|t:|1781119858
|switch|p2a: DELI|Raging Bolt|100/100
|-enditem|p2a: DELI|Booster Energy
|-activate|p2a: DELI|ability: Protosynthesis|[fromitem]
|-start|p2a: DELI|protosynthesisspa
|turn|2
|
|t:|1781119862
|-end|p1a: Raging Bolt|Protosynthesis|[silent]
|switch|p1a: Ting-Lu|Ting-Lu|100/100
|-ability|p1a: Ting-Lu|Vessel of Ruin
|move|p2a: DELI|Calm Mind|p2a: DELI
|-boost|p2a: DELI|spa|1
|-boost|p2a: DELI|spd|1
|
|upkeep
|turn|3
|inactive|n5v has 120 seconds left.
|
|t:|1781119896
|-terastallize|p2a: DELI|Fairy
|move|p2a: DELI|Dragon Pulse|p1a: Ting-Lu
|-damage|p1a: Ting-Lu|61/100
|move|p1a: Ting-Lu|Earthquake|p2a: DELI
|-damage|p2a: DELI|68/100
|
|-heal|p1a: Ting-Lu|68/100|[from] item: Leftovers
|upkeep
|turn|4
|
|t:|1781119900
|move|p2a: DELI|Dragon Pulse|p1a: Ting-Lu
|-damage|p1a: Ting-Lu|30/100
|move|p1a: Ting-Lu|Earthquake|p2a: DELI
|-damage|p2a: DELI|35/100
|
|-heal|p1a: Ting-Lu|36/100|[from] item: Leftovers
|upkeep
|turn|5
|
|t:|1781119905
|move|p2a: DELI|Dragon Pulse|p1a: Ting-Lu
|-damage|p1a: Ting-Lu|1/100
|move|p1a: Ting-Lu|Earthquake|p2a: DELI
|-damage|p2a: DELI|0 fnt
|faint|p2a: DELI
|-end|p2a: DELI|Protosynthesis|[silent]
|
|-heal|p1a: Ting-Lu|8/100|[from] item: Leftovers
|upkeep
|c|☆n5v|ah
|inactive|n5v has 120 seconds left.
|
|t:|1781119934
|switch|p2a: CALA|Iron Moth|100/100
|-enditem|p2a: CALA|Booster Energy
|-activate|p2a: CALA|ability: Quark Drive|[fromitem]
|-start|p2a: CALA|quarkdrivespa
|turn|6
|
|t:|1781119949
|move|p2a: CALA|Fiery Dance|p1a: Ting-Lu
|-damage|p1a: Ting-Lu|0 fnt
|faint|p1a: Ting-Lu
|
|upkeep
|
|t:|1781119951
|switch|p1a: Ogerpon|Ogerpon-Wellspring, F|100/100
|turn|7
|
|t:|1781119954
|-terastallize|p1a: Ogerpon|Water
|detailschange|p1a: Ogerpon|Ogerpon-Wellspring-Tera, F, tera:Water
|-ability|p1a: Ogerpon|Embody Aspect (Wellspring)|boost
|-boost|p1a: Ogerpon|spd|1
|move|p2a: CALA|Sludge Wave|p1a: Ogerpon
|-damage|p1a: Ogerpon|44/100
|-status|p1a: Ogerpon|psn
|move|p1a: Ogerpon|Ivy Cudgel|p2a: CALA|[anim] Ivy Cudgel Water
|-supereffective|p2a: CALA
|-damage|p2a: CALA|0 fnt
|faint|p2a: CALA
|-end|p2a: CALA|Quark Drive|[silent]
|
|-damage|p1a: Ogerpon|31/100 psn|[from] psn
|upkeep
|
|t:|1781119966
|switch|p2a: SUPA|Kingambit, F|100/100
|-activate|p2a: SUPA|ability: Supreme Overlord
|-start|p2a: SUPA|fallen3|[silent]
|-item|p2a: SUPA|Air Balloon
|turn|8
|
|t:|1781119970
|move|p2a: SUPA|Sucker Punch|p1a: Ogerpon
|-damage|p1a: Ogerpon|0 fnt
|faint|p1a: Ogerpon
|detailschange|p1: Ogerpon|Ogerpon-Wellspring, F|[silent]
|
|upkeep
|
|t:|1781119972
|switch|p1a: Corviknight|Corviknight, M|100/100
|-ability|p1a: Corviknight|Pressure
|turn|9
|
|t:|1781119976
|move|p2a: SUPA|Swords Dance|p2a: SUPA
|-boost|p2a: SUPA|atk|2
|move|p1a: Corviknight|Body Press|p2a: SUPA
|-supereffective|p2a: SUPA
|-damage|p2a: SUPA|14/100
|-enditem|p2a: SUPA|Air Balloon
|
|upkeep
|turn|10
|
|t:|1781119985
|move|p2a: SUPA|Kowtow Cleave|p1a: Corviknight
|-damage|p1a: Corviknight|26/100
|-damage|p2a: SUPA|0 fnt|[from] item: Rocky Helmet|[of] p1a: Corviknight
|faint|p2a: SUPA
|-end|p2a: SUPA|fallen3|[silent]
|move|p1a: Corviknight|Roost|p1a: Corviknight
|-heal|p1a: Corviknight|76/100
|-singleturn|p1a: Corviknight|move: Roost
|
|upkeep
|
|t:|1781119998
|switch|p2a: QUZZ|Iron Valiant|100/100
|-enditem|p2a: QUZZ|Booster Energy
|-activate|p2a: QUZZ|ability: Quark Drive|[fromitem]
|-start|p2a: QUZZ|quarkdrivespa
|turn|11
|
|t:|1781120002
|move|p2a: QUZZ|Calm Mind|p2a: QUZZ
|-boost|p2a: QUZZ|spa|1
|-boost|p2a: QUZZ|spd|1
|move|p1a: Corviknight|U-turn|p2a: QUZZ
|-resisted|p2a: QUZZ
|-damage|p2a: QUZZ|96/100
|
|t:|1781120006
|switch|p1a: Cinderace|Cinderace, M|100/100|[from] U-turn
|
|upkeep
|turn|12
|
|t:|1781120013
|move|p1a: Cinderace|U-turn|p2a: QUZZ
|-start|p1a: Cinderace|typechange|Bug|[from] ability: Libero
|-resisted|p2a: QUZZ
|-damage|p2a: QUZZ|85/100
|
|t:|1781120016
|switch|p1a: Corviknight|Corviknight, M|76/100|[from] U-turn
|-ability|p1a: Corviknight|Pressure
|move|p2a: QUZZ|Moonblast|p1a: Corviknight
|-resisted|p1a: Corviknight
|-damage|p1a: Corviknight|26/100
|
|upkeep
|turn|13
|
|t:|1781120021
|move|p2a: QUZZ|Calm Mind|p2a: QUZZ
|-boost|p2a: QUZZ|spa|1
|-boost|p2a: QUZZ|spd|1
|move|p1a: Corviknight|U-turn|p2a: QUZZ
|-resisted|p2a: QUZZ
|-damage|p2a: QUZZ|80/100
|
|t:|1781120023
|switch|p1a: Slowking|Slowking-Galar, M|100/100|[from] U-turn
|
|upkeep
|turn|14
|
|t:|1781120028
|switch|p1a: Corviknight|Corviknight, M|26/100
|-ability|p1a: Corviknight|Pressure
|move|p2a: QUZZ|Shadow Ball|p1a: Corviknight
|-damage|p1a: Corviknight|0 fnt
|faint|p1a: Corviknight
|
|upkeep
|
|t:|1781120037
|switch|p1a: Cinderace|Cinderace, M|100/100
|turn|15
|
|t:|1781120064
|move|p1a: Cinderace|U-turn|p2a: QUZZ
|-start|p1a: Cinderace|typechange|Bug|[from] ability: Libero
|-resisted|p2a: QUZZ
|-damage|p2a: QUZZ|69/100
|
|t:|1781120066
|switch|p1a: Slowking|Slowking-Galar, M|100/100|[from] U-turn
|move|p2a: QUZZ|Calm Mind|p2a: QUZZ
|-boost|p2a: QUZZ|spa|1
|-boost|p2a: QUZZ|spd|1
|
|upkeep
|turn|16
|
|t:|1781120068
|move|p2a: QUZZ|Shadow Ball|p1a: Slowking
|-supereffective|p1a: Slowking
|-damage|p1a: Slowking|0 fnt
|faint|p1a: Slowking
|
|upkeep
|
|t:|1781120070
|switch|p1a: Cinderace|Cinderace, M|100/100
|turn|17
|
|t:|1781120072
|move|p2a: QUZZ|Vacuum Wave|p1a: Cinderace
|-damage|p1a: Cinderace|0 fnt
|faint|p1a: Cinderace
|
|upkeep
|-message|abGodc forfeited.
|
|win|n5v
|raw|abGodc's rating: 1650 &rarr; <strong>1631</strong><br />(-19 for losing)
|raw|n5v's rating: 1676 &rarr; <strong>1695</strong><br />(+19 for winning)
|l|☆abGodc
|player|p1|
