|badge|p2|bronze|gen9ou|100-9
|uhtml|medal-msg|<div class="broadcast-blue">Curious what those medals under the avatar are? PS now has Ladder Seasons! For more information, check out the <a href="https://www.smogon.com/forums/threads/3740067/">thread on Smogon.</a></div>
|j|☆Dat boii fam
|j|☆kochu_shak
|t:|1781354827
|gametype|singles
|player|p1|Dat boii fam|li|1760
|player|p2|kochu_shak|morty-masters2|1789
|gen|9
|tier|[Gen 9] OU
|rated|
|rule|HP Percentage Mod: HP is shown in percentages
|rule|Endless Battle Clause: Forcing endless battles is banned
|rule|Species Clause: Limit one of each Pokémon
|rule|OHKO Clause: OHKO moves are banned
|rule|Evasion Items Clause: Evasion items are banned
|rule|Evasion Moves Clause: Evasion moves are banned
|rule|Evasion Abilities Clause: Evasion abilities are banned
|rule|Sleep Moves Clause: Sleep-inducing moves are banned
|clearpoke
|poke|p1|Alomomola, F|
|poke|p1|Landorus-Therian, M|
|poke|p1|Zapdos|
|poke|p1|Tornadus-Therian, M|
|poke|p1|Scizor, M|
|poke|p1|Amoonguss, F|
|poke|p2|Araquanid, F|
|poke|p2|Gholdengo|
|poke|p2|Iron Moth|
|poke|p2|Iron Valiant|
|poke|p2|Raging Bolt|
|poke|p2|Kingambit, F|
|teampreview
|inactive|Battle timer is ON: inactive players will automatically lose when time's up. (requested by kochu_shak)
|
|t:|1781354848
|teamsize|p1|6
|teamsize|p2|6
|start
|switch|p1a: Zapdos|Zapdos|100/100
|switch|p2a: QUIL|Araquanid, F|100/100
|turn|1
|
|t:|1781354855
|move|p1a: Zapdos|Hurricane|p2a: QUIL|[miss]
|-miss|p1a: Zapdos|p2a: QUIL
|move|p2a: QUIL|Sticky Web|p1a: Zapdos
|-sidestart|p1: Dat boii fam|move: Sticky Web
|
|upkeep
|turn|2
|j| tatam1 galaxy‽
|
|t:|1781354869
|move|p1a: Zapdos|Hurricane|p2a: QUIL
|-supereffective|p2a: QUIL
|-damage|p2a: QUIL|28/100
|move|p2a: QUIL|Endeavor|p1a: Zapdos
|-damage|p1a: Zapdos|24/100
|-status|p2a: QUIL|par|[from] ability: Static|[of] p1a: Zapdos
|
|upkeep
|turn|3
|c|☆kochu_shak|waow
|
|t:|1781354878
|move|p1a: Zapdos|Roost|p1a: Zapdos
|-heal|p1a: Zapdos|74/100
|-singleturn|p1a: Zapdos|move: Roost
|move|p2a: QUIL|Surf|p1a: Zapdos
|-damage|p1a: Zapdos|43/100
|
|upkeep
|turn|4
|
|t:|1781354884
|move|p1a: Zapdos|Roost|p1a: Zapdos
|-heal|p1a: Zapdos|93/100
|-singleturn|p1a: Zapdos|move: Roost
|move|p2a: QUIL|Endeavor|p1a: Zapdos
|-damage|p1a: Zapdos|24/100
|
|upkeep
|turn|5
|
|t:|1781354891
|switch|p2a: QUZZ|Iron Valiant|100/100
|-enditem|p2a: QUZZ|Booster Energy
|-activate|p2a: QUZZ|ability: Quark Drive|[fromitem]
|-start|p2a: QUZZ|quarkdrivespa
|move|p1a: Zapdos|Roost|p1a: Zapdos
|-heal|p1a: Zapdos|74/100
|-singleturn|p1a: Zapdos|move: Roost
|
|upkeep
|turn|6
|
|t:|1781354900
|move|p2a: QUZZ|Calm Mind|p2a: QUZZ
|-boost|p2a: QUZZ|spa|1
|-boost|p2a: QUZZ|spd|1
|move|p1a: Zapdos|Hurricane|p2a: QUZZ|[miss]
|-miss|p1a: Zapdos|p2a: QUZZ
|
|upkeep
|turn|7
|c|☆kochu_shak|mb
|
|t:|1781354906
|switch|p1a: Scizor|Scizor, M|100/100
|move|p2a: QUZZ|Moonblast|p1a: Scizor
|-resisted|p1a: Scizor
|-damage|p1a: Scizor|57/100
|-unboost|p1a: Scizor|spa|1
|
|upkeep
|turn|8
|inactive|kochu_shak has 120 seconds left.
|
|t:|1781354952
|-end|p2a: QUZZ|Quark Drive|[silent]
|switch|p2a: CALA|Iron Moth|100/100
|-enditem|p2a: CALA|Booster Energy
|-activate|p2a: CALA|ability: Quark Drive|[fromitem]
|-start|p2a: CALA|quarkdrivespa
|move|p1a: Scizor|Bullet Punch|p2a: CALA
|-resisted|p2a: CALA
|-damage|p2a: CALA|75/100
|
|upkeep
|turn|9
|inactive|Dat boii fam has 120 seconds left.
|
|t:|1781354982
|switch|p1a: Alomomola|Alomomola, F|100/100
|move|p2a: CALA|Fiery Dance|p1a: Alomomola
|-resisted|p1a: Alomomola
|-crit|p1a: Alomomola
|-damage|p1a: Alomomola|59/100
|
|upkeep
|turn|10
|
|t:|1781354989
|move|p2a: CALA|Energy Ball|p1a: Alomomola
|-supereffective|p1a: Alomomola
|-damage|p1a: Alomomola|0 fnt
|faint|p1a: Alomomola
|
|upkeep
|
|t:|1781354994
|switch|p1a: Landorus|Landorus-Therian, M|100/100
|-ability|p1a: Landorus|Intimidate|boost
|-unboost|p2a: CALA|atk|1
|turn|11
|
|t:|1781355003
|-end|p2a: CALA|Quark Drive|[silent]
|switch|p2a: QUIL|Araquanid, F|28/100 par
|move|p1a: Landorus|Earthquake|p2a: QUIL
|-resisted|p2a: QUIL
|-damage|p2a: QUIL|0 fnt
|faint|p2a: QUIL
|
|upkeep
|inactive|kochu_shak has 120 seconds left.
|inactive|kochu_shak has 90 seconds left.
|
|t:|1781355055
|switch|p2a: TREE?|Gholdengo|100/100
|-item|p2a: TREE?|Air Balloon
|turn|12
|
|t:|1781355063
|switch|p1a: Zapdos|Zapdos|74/100
|move|p2a: TREE?|Nasty Plot|p2a: TREE?
|-boost|p2a: TREE?|spa|2
|
|upkeep
|turn|13
|
|t:|1781355070
|move|p2a: TREE?|Shadow Ball|p1a: Zapdos
|-damage|p1a: Zapdos|0 fnt
|faint|p1a: Zapdos
|
|upkeep
|
|t:|1781355077
|switch|p1a: Scizor|Scizor, M|57/100
|turn|14
|
|t:|1781355098
|move|p1a: Scizor|Bullet Punch|p2a: TREE?
|-resisted|p2a: TREE?
|-damage|p2a: TREE?|83/100
|-enditem|p2a: TREE?|Air Balloon
|move|p2a: TREE?|Shadow Ball|p1a: Scizor
|-damage|p1a: Scizor|0 fnt
|faint|p1a: Scizor
|
|upkeep
|
|t:|1781355105
|switch|p1a: Landorus|Landorus-Therian, M|100/100
|-ability|p1a: Landorus|Intimidate|boost
|-unboost|p2a: TREE?|atk|1
|turn|15
|
|t:|1781355117
|-terastallize|p2a: TREE?|Flying
|move|p1a: Landorus|Earthquake|p2a: TREE?
|-immune|p2a: TREE?
|move|p2a: TREE?|Shadow Ball|p1a: Landorus
|-damage|p1a: Landorus|0 fnt
|faint|p1a: Landorus
|
|upkeep
|-message|Dat boii fam forfeited.
|
|win|kochu_shak
|raw|Dat boii fam's rating: 1760 &rarr; <strong>1742</strong><br />(-18 for losing)
|raw|kochu_shak's rating: 1789 &rarr; <strong>1807</strong><br />(+18 for winning)
|l|☆Dat boii fam
|player|p1|
|l| tatam1 galaxy‽
|j| tatam1 galaxy‽
|l| tatam1 galaxy‽
|j| tatam1 galaxy‽
|l| tatam1 galaxy‽
|l|☆kochu_shak
|player|p2|
|j|☆kochu_shak
|player|p2|kochu_shak|morty-masters2|
