|j|☆Mr.X&Y97
|j|☆rrbrru
|t:|1781577160
|gametype|singles
|player|p1|Mr.X&Y97|ingo|1648
|player|p2|rrbrru|101|1645
|gen|9
|tier|[Gen 9] OU
|rated|
|rule|HP Percentage Mod: HP is shown in percentages
|rule|Endless Battle Clause: Forcing endless battles is banned
|rule|Species Clause: Limit one of each Pokémon
|rule|OHKO Clause: OHKO moves are banned
|rule|Evasion Items Clause: Evasion items are banned
|rule|Evasion Moves Clause: Evasion moves are banned
|rule|Evasion Abilities Clause: Evasion abilities are banned
|rule|Sleep Moves Clause: Sleep-inducing moves are banned
|clearpoke
|poke|p1|Regieleki|
|poke|p1|Grafaiai, M|
|poke|p1|Corviknight, F|
|poke|p1|Alomomola, F|
|poke|p1|Gliscor, M|
|poke|p1|Zamazenta-*|
|poke|p2|Tyranitar, F|
|poke|p2|Excadrill, F|
|poke|p2|Hydrapple, M|
|poke|p2|Tornadus-Therian, M|
|poke|p2|Alomomola, F|
|poke|p2|Houndstone, M|
|teampreview
|inactive|Battle timer is ON: inactive players will automatically lose when time's up. (requested by Mr.X&Y97)
|
|t:|1781577173
|teamsize|p1|6
|teamsize|p2|6
|start
|switch|p1a: Gliscor|Gliscor, M|100/100
|switch|p2a: Crocodile|Tyranitar, F|100/100
|-weather|Sandstorm|[from] ability: Sand Stream|[of] p2a: Crocodile
|turn|1
|inactive|rrbrru has 120 seconds left.
|
|t:|1781577205
|move|p1a: Gliscor|Protect|p1a: Gliscor
|-singleturn|p1a: Gliscor|Protect
|move|p2a: Crocodile|Knock Off|p1a: Gliscor
|-activate|p1a: Gliscor|move: Protect
|
|-weather|Sandstorm|[upkeep]
|-status|p1a: Gliscor|tox|[from] item: Toxic Orb
|upkeep
|turn|2
|
|t:|1781577210
|move|p1a: Gliscor|Swords Dance|p1a: Gliscor
|-boost|p1a: Gliscor|atk|2
|move|p2a: Crocodile|Ice Beam|p1a: Gliscor
|-supereffective|p1a: Gliscor
|-damage|p1a: Gliscor|25/100 tox
|
|-weather|Sandstorm|[upkeep]
|-heal|p1a: Gliscor|38/100 tox|[from] ability: Poison Heal
|upkeep
|turn|3
|
|t:|1781577215
|move|p1a: Gliscor|Earthquake|p2a: Crocodile
|-supereffective|p2a: Crocodile
|-damage|p2a: Crocodile|0 fnt
|faint|p2a: Crocodile
|
|-weather|Sandstorm|[upkeep]
|-heal|p1a: Gliscor|50/100 tox|[from] ability: Poison Heal
|upkeep
|
|t:|1781577228
|switch|p2a: Queen|Hydrapple, M|100/100
|turn|4
|
|t:|1781577230
|move|p1a: Gliscor|Protect|p1a: Gliscor
|-singleturn|p1a: Gliscor|Protect
|move|p2a: Queen|Draco Meteor|p1a: Gliscor
|-activate|p1a: Gliscor|move: Protect
|
|-weather|Sandstorm|[upkeep]
|-damage|p2a: Queen|94/100|[from] Sandstorm
|-heal|p1a: Gliscor|63/100 tox|[from] ability: Poison Heal
|upkeep
|turn|5
|
|t:|1781577235
|switch|p1a: Alomomola|Alomomola, F|100/100
|move|p2a: Queen|Draco Meteor|p1a: Alomomola|[miss]
|-miss|p2a: Queen|p1a: Alomomola
|
|-weather|none
|upkeep
|turn|6
|
|t:|1781577238
|move|p2a: Queen|Nasty Plot|p2a: Queen
|-boost|p2a: Queen|spa|2
|move|p1a: Alomomola|Mirror Coat||[still]
|-fail|p1a: Alomomola
|
|upkeep
|turn|7
|j| Mega Delibird X
|
|t:|1781577247
|move|p2a: Queen|Earth Power|p1a: Alomomola
|-damage|p1a: Alomomola|69/100
|move|p1a: Alomomola|Flip Turn|p2a: Queen
|-resisted|p2a: Queen
|-crit|p2a: Queen
|-damage|p2a: Queen|90/100
|
|t:|1781577256
|switch|p1a: Corviknight|Corviknight, F|100/100|[from] Flip Turn
|-ability|p1a: Corviknight|Pressure
|
|upkeep
|turn|8
|
|t:|1781577266
|move|p1a: Corviknight|Brave Bird|p2a: Queen
|-supereffective|p2a: Queen
|-damage|p2a: Queen|39/100
|-damage|p1a: Corviknight|83/100|[from] Recoil
|move|p2a: Queen|Draco Meteor|p1a: Corviknight
|-resisted|p1a: Corviknight
|-damage|p1a: Corviknight|22/100
|-unboost|p2a: Queen|spa|2
|-enditem|p2a: Queen|Eject Pack
|
|t:|1781577274
|switch|p2a: Marco|Tornadus-Therian, M|100/100
|
|upkeep
|turn|9
|
|t:|1781577278
|switch|p1a: Alomomola|Alomomola, F|100/100
|move|p2a: Marco|Heat Wave|p1a: Alomomola
|-resisted|p1a: Alomomola
|-damage|p1a: Alomomola|94/100
|
|upkeep
|turn|10
|
|t:|1781577281
|move|p2a: Marco|Knock Off|p1a: Alomomola
|-damage|p1a: Alomomola|80/100
|-enditem|p1a: Alomomola|Assault Vest|[from] move: Knock Off|[of] p2a: Marco
|move|p1a: Alomomola|Body Slam|p2a: Marco
|-damage|p2a: Marco|84/100
|
|upkeep
|turn|11
|
|t:|1781577286
|move|p2a: Marco|U-turn|p1a: Alomomola
|-damage|p1a: Alomomola|69/100
|
|t:|1781577288
|switch|p2a: Queen|Hydrapple, M|73/100|[from] U-turn
|move|p1a: Alomomola|Body Slam|p2a: Queen
|-damage|p2a: Queen|62/100
|
|upkeep
|turn|12
|
|t:|1781577295
|move|p2a: Queen|Nasty Plot|p2a: Queen
|-boost|p2a: Queen|spa|2
|move|p1a: Alomomola|Flip Turn|p2a: Queen
|-resisted|p2a: Queen
|-damage|p2a: Queen|59/100
|
|t:|1781577297
|switch|p1a: Grafaiai|Grafaiai, M|100/100|[from] Flip Turn
|
|upkeep
|turn|13
|
|t:|1781577302
|switch|p2a: Ryuma|Houndstone, M|100/100
|move|p1a: Grafaiai|Encore||[still]
|-fail|p1a: Grafaiai
|
|upkeep
|turn|14
|
|t:|1781577303
|move|p1a: Grafaiai|Toxic|p2a: Ryuma
|-status|p2a: Ryuma|tox
|move|p2a: Ryuma|Trick|p1a: Grafaiai
|-activate|p2a: Ryuma|move: Trick|[of] p1a: Grafaiai
|-item|p1a: Grafaiai|Choice Band|[from] move: Trick
|-item|p2a: Ryuma|Ring Target|[from] move: Trick
|
|-damage|p2a: Ryuma|95/100 tox|[from] psn
|upkeep
|turn|15
|
|t:|1781577309
|move|p1a: Grafaiai|Switcheroo|p2a: Ryuma
|-activate|p1a: Grafaiai|move: Trick|[of] p2a: Ryuma
|-item|p2a: Ryuma|Choice Band|[from] move: Switcheroo
|-item|p1a: Grafaiai|Ring Target|[from] move: Switcheroo
|move|p2a: Ryuma|Will-O-Wisp|p1a: Grafaiai
|-status|p1a: Grafaiai|brn
|
|-damage|p2a: Ryuma|83/100 tox|[from] psn
|-damage|p1a: Grafaiai|94/100 brn|[from] brn
|upkeep
|turn|16
|
|t:|1781577326
|switch|p2a: Marco|Tornadus-Therian, M|100/100
|move|p1a: Grafaiai|Switcheroo|p2a: Marco
|-activate|p1a: Grafaiai|move: Trick|[of] p2a: Marco
|-item|p2a: Marco|Ring Target|[from] move: Switcheroo
|-item|p1a: Grafaiai|Heavy-Duty Boots|[from] move: Switcheroo
|
|-damage|p1a: Grafaiai|88/100 brn|[from] brn
|upkeep
|turn|17
|
|t:|1781577335
|move|p1a: Grafaiai|Toxic|p2a: Marco
|-status|p2a: Marco|tox
|move|p2a: Marco|Bleakwind Storm|p1a: Grafaiai
|-damage|p1a: Grafaiai|39/100 brn
|
|-damage|p2a: Marco|94/100 tox|[from] psn
|-damage|p1a: Grafaiai|33/100 brn|[from] brn
|upkeep
|turn|18
|
|t:|1781577346
|switch|p1a: Alomomola|Alomomola, F|100/100
|move|p2a: Marco|Bleakwind Storm|p1a: Alomomola|[miss]
|-miss|p2a: Marco|p1a: Alomomola
|
|-damage|p2a: Marco|82/100 tox|[from] psn
|upkeep
|turn|19
|
|t:|1781577349
|move|p2a: Marco|U-turn|p1a: Alomomola
|-damage|p1a: Alomomola|90/100
|
|t:|1781577352
|switch|p2a: Ryuma|Houndstone, M|83/100 tox|[from] U-turn
|move|p1a: Alomomola|Flip Turn|p2a: Ryuma
|-damage|p2a: Ryuma|63/100 tox
|
|t:|1781577358
|switch|p1a: Regieleki|Regieleki|100/100|[from] Flip Turn
|
|-damage|p2a: Ryuma|57/100 tox|[from] psn
|upkeep
|turn|20
|
|t:|1781577362
|switch|p1a: Gliscor|Gliscor, M|63/100 tox
|move|p2a: Ryuma|Poltergeist|p1a: Gliscor
|-activate|p1a: Gliscor|move: Poltergeist|Toxic Orb
|-damage|p1a: Gliscor|1/100 tox
|
|-damage|p2a: Ryuma|45/100 tox|[from] psn
|-heal|p1a: Gliscor|14/100 tox|[from] ability: Poison Heal
|upkeep
|turn|21
|
|t:|1781577368
|move|p1a: Gliscor|Protect|p1a: Gliscor
|-singleturn|p1a: Gliscor|Protect
|move|p2a: Ryuma|Poltergeist|p1a: Gliscor
|-activate|p1a: Gliscor|move: Protect
|
|-damage|p2a: Ryuma|27/100 tox|[from] psn
|-heal|p1a: Gliscor|26/100 tox|[from] ability: Poison Heal
|upkeep
|turn|22
|
|t:|1781577371
|switch|p1a: Grafaiai|Grafaiai, M|33/100 brn
|move|p2a: Ryuma|Poltergeist|p1a: Grafaiai
|-immune|p1a: Grafaiai
|
|-damage|p2a: Ryuma|3/100 tox|[from] psn
|-damage|p1a: Grafaiai|27/100 brn|[from] brn
|upkeep
|turn|23
|
|t:|1781577377
|move|p1a: Grafaiai|U-turn|p2a: Ryuma
|-resisted|p2a: Ryuma
|-damage|p2a: Ryuma|0 fnt
|faint|p2a: Ryuma
|
|t:|1781577379
|switch|p1a: Gliscor|Gliscor, M|26/100 tox|[from] U-turn
|
|-heal|p1a: Gliscor|39/100 tox|[from] ability: Poison Heal
|upkeep
|
|t:|1781577383
|switch|p2a: Queen|Hydrapple, M|92/100
|turn|24
|
|t:|1781577390
|switch|p1a: Grafaiai|Grafaiai, M|27/100 brn
|move|p2a: Queen|Giga Drain|p1a: Grafaiai
|-resisted|p1a: Grafaiai
|-damage|p1a: Grafaiai|4/100 brn
|-heal|p2a: Queen|100/100|[from] drain|[of] p1a: Grafaiai
|
|-damage|p1a: Grafaiai|0 fnt|[from] brn
|faint|p1a: Grafaiai
|upkeep
|
|t:|1781577411
|switch|p1a: Corviknight|Corviknight, F|22/100
|-ability|p1a: Corviknight|Pressure
|turn|25
|
|t:|1781577415
|move|p1a: Corviknight|Roost|p1a: Corviknight
|-heal|p1a: Corviknight|72/100
|-singleturn|p1a: Corviknight|move: Roost
|move|p2a: Queen|Earth Power|p1a: Corviknight
|-supereffective|p1a: Corviknight
|-damage|p1a: Corviknight|13/100
|
|upkeep
|turn|26
|
|t:|1781577440
|-terastallize|p1a: Corviknight|Flying
|move|p1a: Corviknight|Brave Bird|p2a: Queen
|-supereffective|p2a: Queen
|-damage|p2a: Queen|24/100
|-damage|p1a: Corviknight|0 fnt|[from] Recoil
|faint|p1a: Corviknight
|move|p2a: Queen|Nasty Plot|p2a: Queen
|-boost|p2a: Queen|spa|2
|
|upkeep
|
|t:|1781577446
|switch|p1a: Zamazenta|Zamazenta|100/100
|-ability|p1a: Zamazenta|Dauntless Shield|boost
|-boost|p1a: Zamazenta|def|1
|turn|27
|
|t:|1781577456
|switch|p2a: Marco|Tornadus-Therian, M|100/100 tox
|move|p1a: Zamazenta|Close Combat|p2a: Marco
|-resisted|p2a: Marco
|-damage|p2a: Marco|65/100 tox
|-unboost|p1a: Zamazenta|def|1
|-unboost|p1a: Zamazenta|spd|1
|
|-damage|p2a: Marco|59/100 tox|[from] psn
|upkeep
|turn|28
|
|t:|1781577460
|move|p1a: Zamazenta|Stone Edge|p2a: Marco|[miss]
|-miss|p1a: Zamazenta|p2a: Marco
|move|p2a: Marco|Bleakwind Storm|p1a: Zamazenta
|-supereffective|p1a: Zamazenta
|-damage|p1a: Zamazenta|0 fnt
|faint|p1a: Zamazenta
|
|-damage|p2a: Marco|47/100 tox|[from] psn
|upkeep
|c|☆rrbrru|Mb
|
|t:|1781577469
|switch|p1a: Regieleki|Regieleki|100/100
|turn|29
|
|t:|1781577472
|switch|p1a: Gliscor|Gliscor, M|39/100 tox
|switch|p2a: Mr. 1|Excadrill, F|100/100
|
|-heal|p1a: Gliscor|51/100 tox|[from] ability: Poison Heal
|upkeep
|turn|30
|
|t:|1781577479
|switch|p2a: Queen|Hydrapple, M|58/100
|move|p1a: Gliscor|Earthquake|p2a: Queen
|-resisted|p2a: Queen
|-damage|p2a: Queen|47/100
|
|-heal|p1a: Gliscor|64/100 tox|[from] ability: Poison Heal
|upkeep
|turn|31
|
|t:|1781577485
|switch|p2a: Marco|Tornadus-Therian, M|80/100 tox
|move|p1a: Gliscor|Swords Dance|p1a: Gliscor
|-boost|p1a: Gliscor|atk|2
|
|-damage|p2a: Marco|74/100 tox|[from] psn
|-heal|p1a: Gliscor|76/100 tox|[from] ability: Poison Heal
|upkeep
|turn|32
|
|t:|1781577487
|move|p2a: Marco|Bleakwind Storm|p1a: Gliscor
|-damage|p1a: Gliscor|44/100 tox
|move|p1a: Gliscor|Swords Dance|p1a: Gliscor
|-boost|p1a: Gliscor|atk|2
|
|-damage|p2a: Marco|62/100 tox|[from] psn
|-heal|p1a: Gliscor|56/100 tox|[from] ability: Poison Heal
|upkeep
|turn|33
|
|t:|1781577497
|-terastallize|p2a: Marco|Steel
|move|p1a: Gliscor|Protect|p1a: Gliscor
|-singleturn|p1a: Gliscor|Protect
|move|p2a: Marco|Bleakwind Storm|p1a: Gliscor
|-activate|p1a: Gliscor|move: Protect
|
|-damage|p2a: Marco|43/100 tox|[from] psn
|-heal|p1a: Gliscor|69/100 tox|[from] ability: Poison Heal
|upkeep
|turn|34
|
|t:|1781577504
|move|p2a: Marco|Bleakwind Storm|p1a: Gliscor|[miss]
|-miss|p2a: Marco|p1a: Gliscor
|move|p1a: Gliscor|Earthquake|p2a: Marco
|-supereffective|p2a: Marco
|-damage|p2a: Marco|0 fnt
|faint|p2a: Marco
|
|-heal|p1a: Gliscor|81/100 tox|[from] ability: Poison Heal
|upkeep
|
|t:|1781577510
|switch|p2a: Big Mom|Alomomola, F|100/100
|turn|35
|
|t:|1781577513
|move|p1a: Gliscor|Earthquake|p2a: Big Mom
|-damage|p2a: Big Mom|46/100
|move|p2a: Big Mom|Wish|p2a: Big Mom
|
|-heal|p1a: Gliscor|94/100 tox|[from] ability: Poison Heal
|upkeep
|turn|36
|
|t:|1781577525
|move|p2a: Big Mom|Protect|p2a: Big Mom
|-singleturn|p2a: Big Mom|Protect
|move|p1a: Gliscor|Knock Off|p2a: Big Mom
|-activate|p2a: Big Mom|move: Protect
|
|-heal|p2a: Big Mom|96/100|[from] move: Wish|[wisher] Big Mom
|-heal|p1a: Gliscor|100/100 tox|[from] ability: Poison Heal
|upkeep
|turn|37
|
|t:|1781577529
|move|p1a: Gliscor|Swords Dance|p1a: Gliscor
|-boost|p1a: Gliscor|atk|2
|move|p2a: Big Mom|Wish|p2a: Big Mom
|
|upkeep
|turn|38
|
|t:|1781577534
|move|p1a: Gliscor|Knock Off|p2a: Big Mom
|-damage|p2a: Big Mom|46/100
|-enditem|p2a: Big Mom|Heavy-Duty Boots|[from] move: Knock Off|[of] p1a: Gliscor
|move|p2a: Big Mom|Flip Turn|p1a: Gliscor
|-supereffective|p1a: Gliscor
|-crit|p1a: Gliscor
|-damage|p1a: Gliscor|62/100 tox
|
|t:|1781577537
|switch|p2a: Queen|Hydrapple, M|80/100|[from] Flip Turn
|
|-heal|p2a: Queen|100/100|[from] move: Wish|[wisher] Big Mom
|-heal|p1a: Gliscor|75/100 tox|[from] ability: Poison Heal
|upkeep
|turn|39
|
|t:|1781577542
|move|p1a: Gliscor|Knock Off|p2a: Queen
|-damage|p2a: Queen|63/100
|move|p2a: Queen|Draco Meteor|p1a: Gliscor
|-damage|p1a: Gliscor|9/100 tox
|-unboost|p2a: Queen|spa|2
|
|-heal|p1a: Gliscor|22/100 tox|[from] ability: Poison Heal
|upkeep
|turn|40
|
|t:|1781577549
|move|p1a: Gliscor|Protect|p1a: Gliscor
|-singleturn|p1a: Gliscor|Protect
|move|p2a: Queen|Nasty Plot|p2a: Queen
|-boost|p2a: Queen|spa|2
|
|-heal|p1a: Gliscor|34/100 tox|[from] ability: Poison Heal
|upkeep
|turn|41
|inactive|Mr.X&Y97 has 120 seconds left.
|inactive|Mr.X&Y97 has 90 seconds left.
|
|t:|1781577612
|move|p1a: Gliscor|Earthquake|p2a: Queen
|-resisted|p2a: Queen
|-damage|p2a: Queen|18/100
|move|p2a: Queen|Giga Drain|p1a: Gliscor
|-damage|p1a: Gliscor|0 fnt
|-heal|p2a: Queen|32/100|[from] drain|[of] p1a: Gliscor
|faint|p1a: Gliscor
|
|upkeep
|inactive|Mr.X&Y97 has 90 seconds left.
|
|t:|1781577620
|switch|p1a: Regieleki|Regieleki|100/100
|turn|42
|
|t:|1781577626
|switch|p2a: Mr. 1|Excadrill, F|100/100
|move|p1a: Regieleki|Swift|p2a: Mr. 1
|-resisted|p2a: Mr. 1
|-damage|p2a: Mr. 1|82/100
|
|-heal|p2a: Mr. 1|88/100|[from] item: Leftovers
|upkeep
|turn|43
|
|t:|1781577629
|switch|p1a: Alomomola|Alomomola, F|100/100
|move|p2a: Mr. 1|Earthquake|p1a: Alomomola
|-damage|p1a: Alomomola|53/100
|
|-heal|p2a: Mr. 1|94/100|[from] item: Leftovers
|upkeep
|turn|44
|
|t:|1781577636
|move|p2a: Mr. 1|Earthquake|p1a: Alomomola
|-damage|p1a: Alomomola|9/100
|move|p1a: Alomomola|Flip Turn|p2a: Mr. 1
|-supereffective|p2a: Mr. 1
|-damage|p2a: Mr. 1|48/100
|
|t:|1781577638
|switch|p1a: Regieleki|Regieleki|100/100|[from] Flip Turn
|
|-heal|p2a: Mr. 1|54/100|[from] item: Leftovers
|upkeep
|turn|45
|
|t:|1781577645
|move|p1a: Regieleki|Swift|p2a: Mr. 1
|-resisted|p2a: Mr. 1
|-damage|p2a: Mr. 1|35/100
|move|p2a: Mr. 1|Earthquake|p1a: Regieleki
|-supereffective|p1a: Regieleki
|-damage|p1a: Regieleki|0 fnt
|faint|p1a: Regieleki
|
|-heal|p2a: Mr. 1|41/100|[from] item: Leftovers
|upkeep
|
|t:|1781577646
|switch|p1a: Alomomola|Alomomola, F|43/100
|turn|46
|-message|Mr.X&Y97 forfeited.
|
|win|rrbrru
|raw|Mr.X&amp;Y97's rating: 1648 &rarr; <strong>1629</strong><br />(-19 for losing)
|raw|rrbrru's rating: 1664 &rarr; <strong>1683</strong><br />(+19 for winning)
|l|☆Mr.X&Y97
|player|p1|
|l|☆rrbrru
|player|p2|
