|j|☆Juchzer
|j|☆A4555
|t:|1781178900
|gametype|singles
|player|p1|Juchzer|2|1548
|player|p2|A4555|sisandbro|1520
|gen|9
|tier|[Gen 9] OU
|rated|
|rule|HP Percentage Mod: HP is shown in percentages
|rule|Endless Battle Clause: Forcing endless battles is banned
|rule|Species Clause: Limit one of each Pokémon
|rule|OHKO Clause: OHKO moves are banned
|rule|Evasion Items Clause: Evasion items are banned
|rule|Evasion Moves Clause: Evasion moves are banned
|rule|Evasion Abilities Clause: Evasion abilities are banned
|rule|Sleep Moves Clause: Sleep-inducing moves are banned
|clearpoke
|poke|p1|Hoopa-Unbound|
|poke|p1|Tentacruel, M|
|poke|p1|Ceruledge, F|
|poke|p1|Rillaboom, F|
|poke|p1|Scizor, F|
|poke|p1|Landorus-Therian, M|
|poke|p2|Cinderace, M|
|poke|p2|Zapdos|
|poke|p2|Kingambit, F|
|poke|p2|Kyurem|
|poke|p2|Great Tusk|
|poke|p2|Slowking-Galar, M|
|teampreview
|inactive|Battle timer is ON: inactive players will automatically lose when time's up. (requested by A4555)
|l|☆A4555
|inactive|A4555 disconnected and has a minute to reconnect!
|player|p2|
|j|☆A4555
|inactive|A4555 reconnected and has 130 seconds left.
|player|p2|A4555|sisandbro|
|inactive|Juchzer has 120 seconds left.
|inactive|A4555 has 120 seconds left.
|
|t:|1781178934
|teamsize|p1|6
|teamsize|p2|6
|start
|switch|p1a: Landorus|Landorus-Therian, M|100/100
|switch|p2a: Kyurem|Kyurem|100/100
|-ability|p2a: Kyurem|Pressure
|-ability|p1a: Landorus|Intimidate|boost
|-unboost|p2a: Kyurem|atk|1
|turn|1
|
|t:|1781178942
|switch|p2a: Great Tusk|Great Tusk|100/100
|switch|p1a: Tentacruel|Tentacruel, M|100/100
|
|upkeep
|turn|2
|
|t:|1781178956
|switch|p1a: Landorus|Landorus-Therian, M|100/100
|-ability|p1a: Landorus|Intimidate|boost
|-unboost|p2a: Great Tusk|atk|1
|move|p2a: Great Tusk|Headlong Rush|p1a: Landorus
|-immune|p1a: Landorus
|
|upkeep
|turn|3
|
|t:|1781178969
|switch|p1a: Scizor|Scizor, F|100/100
|-end|p2a: Great Tusk|Protosynthesis|[silent]
|switch|p2a: Zapdos|Zapdos, shiny|100/100
|
|upkeep
|turn|4
|
|t:|1781178991
|switch|p1a: Tentacruel|Tentacruel, M|100/100
|move|p2a: Zapdos|Thunder Wave|p1a: Tentacruel
|-status|p1a: Tentacruel|par
|
|upkeep
|turn|5
|
|t:|1781178999
|move|p2a: Zapdos|Volt Switch|p1a: Tentacruel
|-supereffective|p1a: Tentacruel
|-damage|p1a: Tentacruel|71/100 par
|
|t:|1781179010
|switch|p2a: Cinderace|Cinderace, M|100/100|[from] Volt Switch
|move|p1a: Tentacruel|Sludge Bomb|p2a: Cinderace
|-damage|p2a: Cinderace|70/100
|
|upkeep
|turn|6
|
|t:|1781179019
|move|p2a: Cinderace|U-turn|p1a: Tentacruel
|-resisted|p1a: Tentacruel
|-damage|p1a: Tentacruel|58/100 par
|
|t:|1781179021
|switch|p2a: Slowking|Slowking-Galar, M|100/100|[from] U-turn
|move|p1a: Tentacruel|Flip Turn|p2a: Slowking
|-damage|p2a: Slowking|87/100
|
|t:|1781179027
|switch|p1a: Landorus|Landorus-Therian, M|100/100|[from] Flip Turn
|-ability|p1a: Landorus|Intimidate|boost
|-unboost|p2a: Slowking|atk|1
|
|upkeep
|turn|7
|
|t:|1781179034
|switch|p2a: Zapdos|Zapdos, shiny|100/100
|move|p1a: Landorus|Stealth Rock|p2a: Zapdos
|-sidestart|p2: A4555|move: Stealth Rock
|
|upkeep
|turn|8
|
|t:|1781179039
|move|p1a: Landorus|Smack Down|p2a: Zapdos
|-supereffective|p2a: Zapdos
|-damage|p2a: Zapdos|74/100
|-start|p2a: Zapdos|Smack Down
|move|p2a: Zapdos|Hurricane|p1a: Landorus
|-damage|p1a: Landorus|47/100
|-start|p1a: Landorus|confusion
|
|upkeep
|turn|9
|
|t:|1781179044
|switch|p2a: Great Tusk|Great Tusk|100/100
|-damage|p2a: Great Tusk|97/100|[from] Stealth Rock
|-activate|p1a: Landorus|confusion
|-damage|p1a: Landorus|33/100|[from] confusion
|
|-heal|p2a: Great Tusk|100/100|[from] item: Leftovers
|upkeep
|turn|10
|
|t:|1781179057
|switch|p1a: Ceruledge|Ceruledge, F|100/100
|move|p2a: Great Tusk|Headlong Rush|p1a: Ceruledge
|-supereffective|p1a: Ceruledge
|-crit|p1a: Ceruledge
|-enditem|p1a: Ceruledge|Focus Sash
|-damage|p1a: Ceruledge|1/100
|-unboost|p2a: Great Tusk|def|1
|-unboost|p2a: Great Tusk|spd|1
|-ability|p1a: Ceruledge|Weak Armor|boost
|-unboost|p1a: Ceruledge|def|1
|-boost|p1a: Ceruledge|spe|2
|
|upkeep
|turn|11
|
|t:|1781179072
|move|p1a: Ceruledge|Bitter Blade|p2a: Great Tusk
|-crit|p2a: Great Tusk
|-damage|p2a: Great Tusk|27/100
|-heal|p1a: Ceruledge|49/100|[from] drain|[of] p2a: Great Tusk
|move|p2a: Great Tusk|Ice Spinner|p1a: Ceruledge
|-resisted|p1a: Ceruledge
|-damage|p1a: Ceruledge|18/100
|-ability|p1a: Ceruledge|Weak Armor|boost
|-unboost|p1a: Ceruledge|def|1
|-boost|p1a: Ceruledge|spe|2
|
|-heal|p2a: Great Tusk|33/100|[from] item: Leftovers
|upkeep
|turn|12
|
|t:|1781179098
|move|p1a: Ceruledge|Bitter Blade|p2a: Great Tusk
|-damage|p2a: Great Tusk|0 fnt
|-heal|p1a: Ceruledge|40/100|[from] drain|[of] p2a: Great Tusk
|faint|p2a: Great Tusk
|-end|p2a: Great Tusk|Protosynthesis|[silent]
|
|upkeep
|
|t:|1781179106
|switch|p2a: Kingambit|Kingambit, F|100/100
|-damage|p2a: Kingambit|94/100|[from] Stealth Rock
|-activate|p2a: Kingambit|ability: Supreme Overlord
|-start|p2a: Kingambit|fallen1|[silent]
|turn|13
|
|t:|1781179111
|move|p2a: Kingambit|Sucker Punch||[still]
|-fail|p2a: Kingambit
|move|p1a: Ceruledge|Swords Dance|p1a: Ceruledge
|-boost|p1a: Ceruledge|atk|2
|
|-heal|p2a: Kingambit|100/100|[from] item: Leftovers
|upkeep
|turn|14
|
|t:|1781179119
|move|p2a: Kingambit|Sucker Punch||[still]
|-fail|p2a: Kingambit
|move|p1a: Ceruledge|Swords Dance|p1a: Ceruledge
|-boost|p1a: Ceruledge|atk|2
|
|upkeep
|turn|15
|
|t:|1781179122
|move|p2a: Kingambit|Sucker Punch|p1a: Ceruledge
|-supereffective|p1a: Ceruledge
|-damage|p1a: Ceruledge|0 fnt
|faint|p1a: Ceruledge
|
|upkeep
|
|t:|1781179128
|switch|p1a: Scizor|Scizor, F|100/100
|turn|16
|
|t:|1781179131
|-end|p2a: Kingambit|fallen1|[silent]
|switch|p2a: Zapdos|Zapdos, shiny|74/100
|move|p1a: Scizor|Swords Dance|p1a: Scizor
|-boost|p1a: Scizor|atk|2
|
|upkeep
|turn|17
|
|t:|1781179139
|switch|p1a: Landorus|Landorus-Therian, M|33/100
|-ability|p1a: Landorus|Intimidate|boost
|-unboost|p2a: Zapdos|atk|1
|move|p2a: Zapdos|Thunder Wave|p1a: Landorus
|-immune|p1a: Landorus
|
|upkeep
|turn|18
|
|t:|1781179142
|move|p1a: Landorus|Smack Down|p2a: Zapdos
|-supereffective|p2a: Zapdos
|-damage|p2a: Zapdos|50/100
|-start|p2a: Zapdos|Smack Down
|move|p2a: Zapdos|Hurricane|p1a: Landorus
|-damage|p1a: Landorus|0 fnt
|faint|p1a: Landorus
|
|upkeep
|
|t:|1781179146
|switch|p1a: Hoopa|Hoopa-Unbound|100/100
|turn|19
|
|t:|1781179175
|switch|p2a: Cinderace|Cinderace, M|70/100
|move|p1a: Hoopa|Psychic|p2a: Cinderace
|-damage|p2a: Cinderace|5/100
|
|upkeep
|turn|20
|
|t:|1781179180
|move|p1a: Hoopa|Psychic|p2a: Cinderace
|-damage|p2a: Cinderace|0 fnt
|faint|p2a: Cinderace
|
|upkeep
|
|t:|1781179190
|switch|p2a: Kingambit|Kingambit, F|100/100
|-damage|p2a: Kingambit|94/100|[from] Stealth Rock
|-activate|p2a: Kingambit|ability: Supreme Overlord
|-start|p2a: Kingambit|fallen2|[silent]
|turn|21
|
|t:|1781179196
|switch|p1a: Rillaboom|Rillaboom, F|100/100
|-fieldstart|move: Grassy Terrain|[from] ability: Grassy Surge|[of] p1a: Rillaboom
|move|p2a: Kingambit|Iron Head|p1a: Rillaboom
|-damage|p1a: Rillaboom|50/100
|
|-heal|p1a: Rillaboom|57/100|[from] Grassy Terrain
|-heal|p2a: Kingambit|100/100|[from] Grassy Terrain
|upkeep
|turn|22
|
|t:|1781179205
|-end|p2a: Kingambit|fallen2|[silent]
|switch|p2a: Slowking|Slowking-Galar, M|100/100
|-damage|p2a: Slowking|88/100|[from] Stealth Rock
|move|p1a: Rillaboom|Drain Punch|p2a: Slowking
|-resisted|p2a: Slowking
|-damage|p2a: Slowking|78/100
|-heal|p1a: Rillaboom|62/100|[from] drain|[of] p2a: Slowking
|
|-heal|p1a: Rillaboom|68/100|[from] Grassy Terrain
|-heal|p2a: Slowking|84/100|[from] Grassy Terrain
|upkeep
|turn|23
|
|t:|1781179230
|switch|p1a: Tentacruel|Tentacruel, M|58/100 par
|-prepare|p2a: Slowking|Chilly Reception|[premajor]
|move|p2a: Slowking|Chilly Reception|p2a: Slowking
|-weather|Snowscape
|
|t:|1781179234
|switch|p2a: Zapdos|Zapdos, shiny|50/100|[from] Chilly Reception
|
|-weather|Snowscape|[upkeep]
|-heal|p1a: Tentacruel|64/100 par|[from] Grassy Terrain
|upkeep
|turn|24
|
|t:|1781179241
|switch|p1a: Hoopa|Hoopa-Unbound|100/100
|move|p2a: Zapdos|Roost|p2a: Zapdos
|-heal|p2a: Zapdos|99/100
|-singleturn|p2a: Zapdos|move: Roost
|
|-weather|Snowscape|[upkeep]
|-heal|p2a: Zapdos|100/100|[from] Grassy Terrain
|upkeep
|turn|25
|
|t:|1781179250
|move|p1a: Hoopa|Knock Off|p2a: Zapdos
|-damage|p2a: Zapdos|63/100
|-status|p1a: Hoopa|par|[from] ability: Static|[of] p2a: Zapdos
|-enditem|p2a: Zapdos|Heavy-Duty Boots|[from] move: Knock Off|[of] p1a: Hoopa
|move|p2a: Zapdos|Thunder Wave|p1a: Hoopa
|-fail|p1a: Hoopa|par
|
|-weather|Snowscape|[upkeep]
|-fieldend|move: Grassy Terrain
|upkeep
|turn|26
|
|t:|1781179257
|switch|p1a: Scizor|Scizor, F|100/100
|move|p2a: Zapdos|Roost|p2a: Zapdos
|-heal|p2a: Zapdos|100/100
|-singleturn|p2a: Zapdos|move: Roost
|
|-weather|Snowscape|[upkeep]
|upkeep
|turn|27
|
|t:|1781179261
|move|p2a: Zapdos|Volt Switch|p1a: Scizor
|-damage|p1a: Scizor|68/100
|
|t:|1781179266
|switch|p2a: Slowking|Slowking-Galar, M|100/100|[from] Volt Switch
|-damage|p2a: Slowking|88/100|[from] Stealth Rock
|move|p1a: Scizor|Swords Dance|p1a: Scizor
|-boost|p1a: Scizor|atk|2
|
|-weather|none
|-heal|p1a: Scizor|74/100|[from] item: Leftovers
|upkeep
|turn|28
|l|☆A4555
|inactive|A4555 disconnected and has a minute to reconnect!
|player|p2|
|inactive|Juchzer has 120 seconds left.
|
|t:|1781179301
|-terastallize|p1a: Scizor|Flying
|move|p1a: Scizor|Dual Wingbeat|p2a: Slowking
|-damage|p2a: Slowking|18/100
|-damage|p2a: Slowking|0 fnt
|faint|p2a: Slowking
|-hitcount|p2: Slowking|2
|
|-heal|p1a: Scizor|80/100|[from] item: Leftovers
|upkeep
|j|☆A4555
|inactive|A4555 reconnected and has 145 seconds left.
|player|p2|A4555|sisandbro|
|
|t:|1781179315
|switch|p2a: Zapdos|Zapdos, shiny|100/100
|-damage|p2a: Zapdos|76/100|[from] Stealth Rock
|turn|29
|
|t:|1781179322
|move|p2a: Zapdos|Roost|p2a: Zapdos
|-heal|p2a: Zapdos|100/100
|-singleturn|p2a: Zapdos|move: Roost
|move|p1a: Scizor|Dual Wingbeat|p2a: Zapdos
|-resisted|p2a: Zapdos
|-damage|p2a: Zapdos|74/100
|-resisted|p2a: Zapdos
|-damage|p2a: Zapdos|50/100
|-status|p1a: Scizor|par|[from] ability: Static|[of] p2a: Zapdos
|-hitcount|p2a: Zapdos|2
|
|-heal|p1a: Scizor|87/100 par|[from] item: Leftovers
|upkeep
|turn|30
|
|t:|1781179328
|move|p2a: Zapdos|Roost|p2a: Zapdos
|-heal|p2a: Zapdos|99/100
|-singleturn|p2a: Zapdos|move: Roost
|move|p1a: Scizor|Dual Wingbeat|p2a: Zapdos
|-resisted|p2a: Zapdos
|-damage|p2a: Zapdos|76/100
|-resisted|p2a: Zapdos
|-damage|p2a: Zapdos|52/100
|-hitcount|p2a: Zapdos|2
|
|-heal|p1a: Scizor|93/100 par|[from] item: Leftovers
|upkeep
|turn|31
|
|t:|1781179341
|move|p2a: Zapdos|Roost|p2a: Zapdos
|-heal|p2a: Zapdos|100/100
|-singleturn|p2a: Zapdos|move: Roost
|move|p1a: Scizor|Swords Dance|p1a: Scizor
|-boost|p1a: Scizor|atk|2
|
|-heal|p1a: Scizor|99/100 par|[from] item: Leftovers
|upkeep
|turn|32
|
|t:|1781179347
|move|p2a: Zapdos|Volt Switch|p1a: Scizor
|-supereffective|p1a: Scizor
|-damage|p1a: Scizor|29/100 par
|
|t:|1781179352
|switch|p2a: Kingambit|Kingambit, F|100/100|[from] Volt Switch
|-damage|p2a: Kingambit|94/100|[from] Stealth Rock
|-activate|p2a: Kingambit|ability: Supreme Overlord
|-start|p2a: Kingambit|fallen3|[silent]
|move|p1a: Scizor|Dual Wingbeat|p2a: Kingambit
|-resisted|p2a: Kingambit
|-damage|p2a: Kingambit|51/100
|-resisted|p2a: Kingambit
|-damage|p2a: Kingambit|14/100
|-hitcount|p2a: Kingambit|2
|
|-heal|p2a: Kingambit|20/100|[from] item: Leftovers
|-heal|p1a: Scizor|35/100 par|[from] item: Leftovers
|upkeep
|turn|33
|
|t:|1781179360
|move|p1a: Scizor|Bullet Punch|p2a: Kingambit
|-resisted|p2a: Kingambit
|-damage|p2a: Kingambit|0 fnt
|faint|p2a: Kingambit
|-end|p2a: Kingambit|fallen3|[silent]
|
|-heal|p1a: Scizor|41/100 par|[from] item: Leftovers
|upkeep
|
|t:|1781179364
|switch|p2a: Zapdos|Zapdos, shiny|100/100
|-damage|p2a: Zapdos|76/100|[from] Stealth Rock
|turn|34
|
|t:|1781179370
|move|p1a: Scizor|Bullet Punch|p2a: Zapdos
|-resisted|p2a: Zapdos
|-damage|p2a: Zapdos|42/100
|move|p2a: Zapdos|Volt Switch|p1a: Scizor
|-supereffective|p1a: Scizor
|-damage|p1a: Scizor|0 fnt
|faint|p1a: Scizor
|
|t:|1781179372
|switch|p2a: Kyurem|Kyurem|100/100|[from] Volt Switch
|-damage|p2a: Kyurem|76/100|[from] Stealth Rock
|-ability|p2a: Kyurem|Pressure
|
|upkeep
|
|t:|1781179389
|switch|p1a: Hoopa|Hoopa-Unbound|100/100 par
|turn|35
|l|☆A4555
|inactive|A4555 disconnected and has a minute to reconnect!
|player|p2|
|inactive|A4555 has 30 seconds to reconnect!
|j|☆A4555
|inactive|A4555 reconnected and has 100 seconds left.
|player|p2|A4555|sisandbro|
|inactive|A4555 has 90 seconds left.
|
|t:|1781179460
|-terastallize|p2a: Kyurem|Ice
|move|p2a: Kyurem|Freeze-Dry|p1a: Hoopa
|-damage|p1a: Hoopa|37/100 par
|move|p1a: Hoopa|Psychic|p2a: Kyurem
|-damage|p2a: Kyurem|24/100
|
|upkeep
|turn|36
|
|t:|1781179480
|move|p2a: Kyurem|Freeze-Dry|p1a: Hoopa
|-damage|p1a: Hoopa|0 fnt
|faint|p1a: Hoopa
|
|upkeep
|
|t:|1781179484
|switch|p1a: Rillaboom|Rillaboom, F|68/100
|-fieldstart|move: Grassy Terrain|[from] ability: Grassy Surge|[of] p1a: Rillaboom
|turn|37
|
|t:|1781179491
|move|p1a: Rillaboom|Grassy Glide|p2a: Kyurem
|-damage|p2a: Kyurem|0 fnt
|faint|p2a: Kyurem
|
|-heal|p1a: Rillaboom|74/100|[from] Grassy Terrain
|upkeep
|
|t:|1781179494
|switch|p2a: Zapdos|Zapdos, shiny|42/100
|-damage|p2a: Zapdos|17/100|[from] Stealth Rock
|turn|38
|
|t:|1781179497
|move|p1a: Rillaboom|Grassy Glide|p2a: Zapdos
|-resisted|p2a: Zapdos
|-damage|p2a: Zapdos|0 fnt
|faint|p2a: Zapdos
|
|win|Juchzer
|raw|Juchzer's rating: 1548 &rarr; <strong>1566</strong><br />(+18 for winning)
|raw|A4555's rating: 1520 &rarr; <strong>1502</strong><br />(-18 for losing)
|c|☆Juchzer|gg
|l|☆A4555
|player|p2|
|l|☆Juchzer
|player|p1|
