|j|☆myree
|j|☆yesterdaymister
|t:|1781470481
|gametype|singles
|player|p1|myree|benga|1615
|player|p2|yesterdaymister|striker|1766
|gen|9
|tier|[Gen 9] OU
|rated|
|rule|HP Percentage Mod: HP is shown in percentages
|rule|Endless Battle Clause: Forcing endless battles is banned
|rule|Species Clause: Limit one of each Pokémon
|rule|OHKO Clause: OHKO moves are banned
|rule|Evasion Items Clause: Evasion items are banned
|rule|Evasion Moves Clause: Evasion moves are banned
|rule|Evasion Abilities Clause: Evasion abilities are banned
|rule|Sleep Moves Clause: Sleep-inducing moves are banned
|clearpoke
|poke|p1|Tinkaton, F|
|poke|p1|Gholdengo|
|poke|p1|Glimmora, F|
|poke|p1|Wo-Chien|
|poke|p1|Slither Wing|
|poke|p1|Okidogi, M|
|poke|p2|Ninetales, F|
|poke|p2|Ceruledge, F|
|poke|p2|Venusaur, M|
|poke|p2|Hatterene, F|
|poke|p2|Great Tusk|
|poke|p2|Walking Wake|
|teampreview
|inactive|Battle timer is ON: inactive players will automatically lose when time's up. (requested by yesterdaymister)
|
|t:|1781470491
|teamsize|p1|6
|teamsize|p2|6
|start
|switch|p1a: Glimmora|Glimmora, F|100/100
|switch|p2a: arda guler|Ninetales, F|100/100
|-weather|SunnyDay|[from] ability: Drought|[of] p2a: arda guler
|turn|1
|
|t:|1781470499
|switch|p2a: mignolet|Great Tusk|100/100
|-activate|p2a: mignolet|ability: Protosynthesis
|-start|p2a: mignolet|protosynthesisspe
|move|p1a: Glimmora|Power Gem|p2a: mignolet
|-resisted|p2a: mignolet
|-damage|p2a: mignolet|88/100
|
|-weather|SunnyDay|[upkeep]
|upkeep
|turn|2
|
|t:|1781470509
|switch|p1a: st. jay g. saturn|Slither Wing|100/100
|-activate|p1a: st. jay g. saturn|ability: Protosynthesis
|-start|p1a: st. jay g. saturn|protosynthesisatk
|move|p2a: mignolet|Stealth Rock|p1a: st. jay g. saturn
|-sidestart|p1: myree|move: Stealth Rock
|
|-weather|SunnyDay|[upkeep]
|upkeep
|turn|3
|
|t:|1781470520
|-end|p2a: mignolet|Protosynthesis|[silent]
|switch|p2a: maccabi|Hatterene, F|100/100
|move|p1a: st. jay g. saturn|Flare Blitz|p2a: maccabi
|-damage|p2a: maccabi|22/100
|-damage|p1a: st. jay g. saturn|77/100|[from] Recoil
|-enditem|p2a: maccabi|Eject Button
|
|t:|1781470527
|switch|p2a: lebron|Ceruledge, F|100/100
|
|-weather|SunnyDay|[upkeep]
|upkeep
|turn|4
|
|t:|1781470533
|-end|p1a: st. jay g. saturn|Protosynthesis|[silent]
|switch|p1a: Glimmora|Glimmora, F|100/100
|-damage|p1a: Glimmora|88/100|[from] Stealth Rock
|move|p2a: lebron|Swords Dance|p2a: lebron
|-boost|p2a: lebron|atk|2
|
|-weather|SunnyDay|[upkeep]
|upkeep
|turn|5
|
|t:|1781470540
|move|p1a: Glimmora|Spiky Shield|p1a: Glimmora
|-singleturn|p1a: Glimmora|move: Protect
|move|p2a: lebron|Poltergeist|p1a: Glimmora
|-activate|p1a: Glimmora|move: Protect
|
|-weather|SunnyDay|[upkeep]
|upkeep
|turn|6
|
|t:|1781470551
|move|p2a: lebron|Poltergeist|p1a: Glimmora
|-activate|p1a: Glimmora|move: Poltergeist|Rocky Helmet
|-damage|p1a: Glimmora|0 fnt
|-activate|p1a: Glimmora|ability: Toxic Debris
|-sidestart|p2: yesterdaymister|move: Toxic Spikes
|faint|p1a: Glimmora
|
|-weather|SunnyDay|[upkeep]
|upkeep
|inactive|myree has 120 seconds left.
|
|t:|1781470588
|switch|p1a: MF ghoolm|Gholdengo|100/100
|-damage|p1a: MF ghoolm|94/100|[from] Stealth Rock
|-item|p1a: MF ghoolm|Air Balloon
|turn|7
|
|t:|1781470592
|-terastallize|p1a: MF ghoolm|Dragon
|move|p2a: lebron|Bitter Blade|p1a: MF ghoolm
|-resisted|p1a: MF ghoolm
|-damage|p1a: MF ghoolm|30/100
|-enditem|p1a: MF ghoolm|Air Balloon
|move|p1a: MF ghoolm|Shadow Ball|p2a: lebron
|-supereffective|p2a: lebron
|-damage|p2a: lebron|6/100
|-unboost|p2a: lebron|spd|1
|
|-weather|SunnyDay|[upkeep]
|upkeep
|turn|8
|
|t:|1781470602
|move|p2a: lebron|Bitter Blade|p1a: MF ghoolm
|-resisted|p1a: MF ghoolm
|-damage|p1a: MF ghoolm|0 fnt
|-heal|p2a: lebron|25/100|[from] drain|[of] p1a: MF ghoolm
|faint|p1a: MF ghoolm
|
|-weather|none
|upkeep
|
|t:|1781470605
|switch|p1a: st. jay g. saturn|Slither Wing|77/100
|turn|9
|
|t:|1781470614
|switch|p2a: maccabi|Hatterene, F|22/100
|-status|p2a: maccabi|psn
|move|p1a: st. jay g. saturn|First Impression|p2a: maccabi
|-damage|p2a: maccabi|0 fnt
|faint|p2a: maccabi
|
|upkeep
|
|t:|1781470616
|switch|p2a: hans vanaken|Venusaur, M|100/100
|-sideend|p2: yesterdaymister|move: Toxic Spikes|[of] p2a: hans vanaken
|turn|10
|
|t:|1781470623
|switch|p2a: mignolet|Great Tusk|88/100
|move|p1a: st. jay g. saturn|Flare Blitz|p2a: mignolet
|-damage|p2a: mignolet|58/100
|-damage|p1a: st. jay g. saturn|61/100|[from] item: Rocky Helmet|[of] p2a: mignolet
|-damage|p1a: st. jay g. saturn|49/100|[from] Recoil
|
|upkeep
|turn|11
|
|t:|1781470633
|move|p2a: mignolet|Ice Spinner|p1a: st. jay g. saturn
|-damage|p1a: st. jay g. saturn|26/100
|move|p1a: st. jay g. saturn|Lunge|p2a: mignolet
|-resisted|p2a: mignolet
|-damage|p2a: mignolet|43/100
|-unboost|p2a: mignolet|atk|1
|-damage|p1a: st. jay g. saturn|10/100|[from] item: Rocky Helmet|[of] p2a: mignolet
|
|upkeep
|turn|12
|
|t:|1781470642
|-end|p1a: st. jay g. saturn|Protosynthesis|[silent]
|switch|p1a: chef pzn.|Okidogi, M|100/100
|-damage|p1a: chef pzn.|94/100|[from] Stealth Rock
|move|p2a: mignolet|Ice Spinner|p1a: chef pzn.
|-damage|p1a: chef pzn.|84/100
|
|-heal|p1a: chef pzn.|91/100|[from] item: Leftovers
|upkeep
|turn|13
|
|t:|1781470646
|-end|p2a: mignolet|Protosynthesis|[silent]
|switch|p2a: arda guler|Ninetales, F|100/100
|-weather|SunnyDay|[from] ability: Drought|[of] p2a: arda guler
|switch|p1a: ms. giving|Tinkaton, F|100/100
|-damage|p1a: ms. giving|94/100|[from] Stealth Rock
|-item|p1a: ms. giving|Air Balloon
|
|-weather|SunnyDay|[upkeep]
|upkeep
|turn|14
|-message|myree forfeited.
|
|win|yesterdaymister
|raw|myree's rating: 1615 &rarr; <strong>1603</strong><br />(-12 for losing)
|raw|yesterdaymister's rating: 1766 &rarr; <strong>1778</strong><br />(+12 for winning)
|l|☆myree
|player|p1|
|l|☆yesterdaymister
|player|p2|
