|badge|p2|silver|gen9ou|30-9
|uhtml|medal-msg|<div class="broadcast-blue">Curious what those medals under the avatar are? PS now has Ladder Seasons! For more information, check out the <a href="https://www.smogon.com/forums/threads/3740067/">thread on Smogon.</a></div>
|j|☆newgensbetter
|j|☆BlackStar150520
|t:|1781410203
|gametype|singles
|player|p1|newgensbetter|unknownf|1728
|player|p2|BlackStar150520|unknown|1846
|gen|9
|tier|[Gen 9] OU
|rated|
|rule|HP Percentage Mod: HP is shown in percentages
|rule|Endless Battle Clause: Forcing endless battles is banned
|rule|Species Clause: Limit one of each Pokémon
|rule|OHKO Clause: OHKO moves are banned
|rule|Evasion Items Clause: Evasion items are banned
|rule|Evasion Moves Clause: Evasion moves are banned
|rule|Evasion Abilities Clause: Evasion abilities are banned
|rule|Sleep Moves Clause: Sleep-inducing moves are banned
|clearpoke
|poke|p1|Gholdengo|
|poke|p1|Dragonite, F|
|poke|p1|Raging Bolt|
|poke|p1|Great Tusk|
|poke|p1|Iron Valiant|
|poke|p1|Ting-Lu|
|poke|p2|Raging Bolt|
|poke|p2|Kingambit, M|
|poke|p2|Iron Moth|
|poke|p2|Ogerpon-Wellspring, F|
|poke|p2|Scizor, F|
|poke|p2|Great Tusk|
|teampreview
|inactive|Battle timer is ON: inactive players will automatically lose when time's up. (requested by BlackStar150520)
|
|t:|1781410214
|teamsize|p1|6
|teamsize|p2|6
|start
|switch|p1a: Great Neck|Raging Bolt|100/100
|switch|p2a: Red Lightning|Scizor, F|100/100
|turn|1
|
|t:|1781410219
|move|p1a: Great Neck|Thunderbolt|p2a: Red Lightning
|-damage|p2a: Red Lightning|2/100
|move|p2a: Red Lightning|U-turn|p1a: Great Neck
|-damage|p1a: Great Neck|43/100
|
|t:|1781410225
|switch|p2a: Mega Donphan|Great Tusk|100/100|[from] U-turn
|
|upkeep
|turn|2
|
|t:|1781410230
|-end|p1a: Great Neck|Protosynthesis|[silent]
|switch|p1a: Great Tusk|Great Tusk|100/100
|move|p2a: Mega Donphan|Stealth Rock|p1a: Great Tusk
|-sidestart|p1: newgensbetter|move: Stealth Rock
|
|upkeep
|turn|3
|
|t:|1781410233
|-end|p2a: Mega Donphan|Protosynthesis|[silent]
|switch|p2a: 🎭|Ogerpon-Wellspring, F|100/100
|move|p1a: Great Tusk|Rapid Spin|p2a: 🎭
|-damage|p2a: 🎭|82/100
|-boost|p1a: Great Tusk|spe|1
|-sideend|p1: newgensbetter|Stealth Rock|[from] move: Rapid Spin|[of] p1a: Great Tusk
|
|upkeep
|turn|4
|
|t:|1781410240
|move|p2a: 🎭|Knock Off|p1a: Great Tusk
|-resisted|p1a: Great Tusk
|-damage|p1a: Great Tusk|90/100
|-damage|p2a: 🎭|65/100|[from] item: Rocky Helmet|[of] p1a: Great Tusk
|-enditem|p1a: Great Tusk|Rocky Helmet|[from] move: Knock Off|[of] p2a: 🎭
|move|p1a: Great Tusk|Rapid Spin|p2a: 🎭
|-damage|p2a: 🎭|45/100
|-boost|p1a: Great Tusk|spe|1
|
|upkeep
|turn|5
|
|t:|1781410245
|move|p1a: Great Tusk|Close Combat|p2a: 🎭
|-damage|p2a: 🎭|0 fnt
|-unboost|p1a: Great Tusk|def|1
|-unboost|p1a: Great Tusk|spd|1
|faint|p2a: 🎭
|
|upkeep
|
|t:|1781410253
|switch|p2a: Mega Donphan|Great Tusk|100/100
|turn|6
|
|t:|1781410260
|move|p1a: Great Tusk|Ice Spinner|p2a: Mega Donphan
|-supereffective|p2a: Mega Donphan
|-damage|p2a: Mega Donphan|70/100
|move|p2a: Mega Donphan|Ice Spinner|p1a: Great Tusk
|-supereffective|p1a: Great Tusk
|-damage|p1a: Great Tusk|45/100
|
|upkeep
|turn|7
|
|t:|1781410268
|move|p1a: Great Tusk|Ice Spinner|p2a: Mega Donphan
|-supereffective|p2a: Mega Donphan
|-damage|p2a: Mega Donphan|37/100
|move|p2a: Mega Donphan|Ice Spinner|p1a: Great Tusk
|-supereffective|p1a: Great Tusk
|-damage|p1a: Great Tusk|0 fnt
|faint|p1a: Great Tusk
|-end|p1a: Great Tusk|Protosynthesis|[silent]
|
|upkeep
|
|t:|1781410282
|switch|p1a: Iron Valiant|Iron Valiant|100/100
|-enditem|p1a: Iron Valiant|Booster Energy
|-activate|p1a: Iron Valiant|ability: Quark Drive|[fromitem]
|-start|p1a: Iron Valiant|quarkdrivespe
|turn|8
|j| choispecs ironmoth
|
|t:|1781410295
|-end|p1a: Iron Valiant|Quark Drive|[silent]
|switch|p1a: Dragonite|Dragonite, F|100/100
|move|p2a: Mega Donphan|Headlong Rush|p1a: Dragonite
|-immune|p1a: Dragonite
|
|upkeep
|turn|9
|
|t:|1781410302
|switch|p1a: Iron Valiant|Iron Valiant|100/100
|move|p2a: Mega Donphan|Ice Spinner|p1a: Iron Valiant
|-damage|p1a: Iron Valiant|62/100
|
|upkeep
|turn|10
|
|t:|1781410307
|move|p1a: Iron Valiant|Moonblast|p2a: Mega Donphan
|-supereffective|p2a: Mega Donphan
|-damage|p2a: Mega Donphan|0 fnt
|faint|p2a: Mega Donphan
|-end|p2a: Mega Donphan|Protosynthesis|[silent]
|
|upkeep
|
|t:|1781410310
|switch|p2a: Red Lightning|Scizor, F|2/100
|turn|11
|
|t:|1781410320
|-end|p1a: Iron Valiant|Quark Drive|[silent]
|switch|p1a: Great Neck|Raging Bolt|43/100
|move|p2a: Red Lightning|Bullet Punch|p1a: Great Neck
|-resisted|p1a: Great Neck
|-damage|p1a: Great Neck|20/100
|
|upkeep
|turn|12
|j| jsnsddk
|
|t:|1781410324
|switch|p2a: ⚡️|Raging Bolt|100/100
|move|p1a: Great Neck|Thunderclap||[still]
|-fail|p1a: Great Neck
|
|upkeep
|turn|13
|
|t:|1781410328
|-end|p2a: ⚡️|Protosynthesis|[silent]
|switch|p2a: Red Lightning|Scizor, F|2/100
|-end|p1a: Great Neck|Protosynthesis|[silent]
|switch|p1a: Ting-Lu|Ting-Lu|100/100
|-ability|p1a: Ting-Lu|Vessel of Ruin
|
|upkeep
|turn|14
|
|t:|1781410332
|move|p2a: Red Lightning|U-turn|p1a: Ting-Lu
|-supereffective|p1a: Ting-Lu
|-damage|p1a: Ting-Lu|43/100
|
|t:|1781410338
|switch|p2a: Aizen🗡️|Kingambit, M, shiny|100/100|[from] U-turn
|-activate|p2a: Aizen🗡️|ability: Supreme Overlord
|-start|p2a: Aizen🗡️|fallen2|[silent]
|move|p1a: Ting-Lu|Stealth Rock|p2a: Aizen🗡️
|-sidestart|p2: BlackStar150520|move: Stealth Rock
|
|-heal|p1a: Ting-Lu|49/100|[from] item: Leftovers
|upkeep
|turn|15
|
|t:|1781410343
|switch|p1a: Great Neck|Raging Bolt|20/100
|move|p2a: Aizen🗡️|Low Kick|p1a: Great Neck
|-damage|p1a: Great Neck|0 fnt
|faint|p1a: Great Neck
|-end|p1a: Great Neck|Protosynthesis|[silent]
|
|upkeep
|
|t:|1781410348
|switch|p1a: Iron Valiant|Iron Valiant|62/100
|turn|16
|
|t:|1781410353
|-end|p2a: Aizen🗡️|fallen2|[silent]
|switch|p2a: Red Lightning|Scizor, F|2/100
|-damage|p2a: Red Lightning|0 fnt|[from] Stealth Rock
|faint|p2a: Red Lightning
|move|p1a: Iron Valiant|Encore|p2: Red Lightning|[notarget]
|-fail|p1a: Iron Valiant
|
|upkeep
|
|t:|1781410356
|switch|p2a: Robo Rona|Iron Moth|100/100
|-damage|p2a: Robo Rona|75/100|[from] Stealth Rock
|-enditem|p2a: Robo Rona|Booster Energy
|-activate|p2a: Robo Rona|ability: Quark Drive|[fromitem]
|-start|p2a: Robo Rona|quarkdrivespe
|turn|17
|
|t:|1781410358
|-end|p1a: Iron Valiant|Quark Drive|[silent]
|switch|p1a: Ting-Lu|Ting-Lu|49/100
|-ability|p1a: Ting-Lu|Vessel of Ruin
|move|p2a: Robo Rona|Fiery Dance|p1a: Ting-Lu
|-damage|p1a: Ting-Lu|30/100
|
|-heal|p1a: Ting-Lu|36/100|[from] item: Leftovers
|upkeep
|turn|18
|
|t:|1781410373
|move|p2a: Robo Rona|Dazzling Gleam|p1a: Ting-Lu
|-supereffective|p1a: Ting-Lu
|-crit|p1a: Ting-Lu
|-damage|p1a: Ting-Lu|0 fnt
|faint|p1a: Ting-Lu
|
|upkeep
|
|t:|1781410376
|switch|p1a: Dragonite|Dragonite, F|100/100
|turn|19
|
|t:|1781410382
|-terastallize|p1a: Dragonite|Normal
|move|p2a: Robo Rona|Sludge Wave|p1a: Dragonite
|-damage|p1a: Dragonite|74/100
|-status|p1a: Dragonite|psn
|move|p1a: Dragonite|Dragon Dance|p1a: Dragonite
|-boost|p1a: Dragonite|atk|1
|-boost|p1a: Dragonite|spe|1
|
|-damage|p1a: Dragonite|62/100 psn|[from] psn
|upkeep
|turn|20
|
|t:|1781410390
|move|p2a: Robo Rona|Fiery Dance|p1a: Dragonite
|-damage|p1a: Dragonite|21/100 psn
|-boost|p2a: Robo Rona|spa|1
|move|p1a: Dragonite|Earthquake|p2a: Robo Rona
|-supereffective|p2a: Robo Rona
|-damage|p2a: Robo Rona|0 fnt
|faint|p2a: Robo Rona
|-end|p2a: Robo Rona|Quark Drive|[silent]
|
|-damage|p1a: Dragonite|8/100 psn|[from] psn
|upkeep
|
|t:|1781410396
|switch|p2a: Aizen🗡️|Kingambit, M, shiny|100/100
|-damage|p2a: Aizen🗡️|94/100|[from] Stealth Rock
|-activate|p2a: Aizen🗡️|ability: Supreme Overlord
|-start|p2a: Aizen🗡️|fallen4|[silent]
|turn|21
|
|t:|1781410407
|move|p2a: Aizen🗡️|Sucker Punch|p1a: Dragonite
|-damage|p1a: Dragonite|0 fnt
|faint|p1a: Dragonite
|
|-heal|p2a: Aizen🗡️|100/100|[from] item: Leftovers
|upkeep
|
|t:|1781410410
|switch|p1a: Iron Valiant|Iron Valiant|62/100
|turn|22
|
|t:|1781410415
|-end|p2a: Aizen🗡️|fallen4|[silent]
|switch|p2a: ⚡️|Raging Bolt|100/100
|-damage|p2a: ⚡️|88/100|[from] Stealth Rock
|move|p1a: Iron Valiant|Moonblast|p2a: ⚡️
|-supereffective|p2a: ⚡️
|-damage|p2a: ⚡️|0 fnt
|faint|p2a: ⚡️
|-end|p2a: ⚡️|Protosynthesis|[silent]
|
|upkeep
|
|t:|1781410424
|switch|p2a: Aizen🗡️|Kingambit, M, shiny|100/100
|-damage|p2a: Aizen🗡️|94/100|[from] Stealth Rock
|-activate|p2a: Aizen🗡️|ability: Supreme Overlord
|-start|p2a: Aizen🗡️|fallen5|[silent]
|turn|23
|
|t:|1781410430
|-end|p1a: Iron Valiant|Quark Drive|[silent]
|switch|p1a: Gholdengo|Gholdengo|100/100
|-terastallize|p2a: Aizen🗡️|Ghost
|move|p2a: Aizen🗡️|Iron Head|p1a: Gholdengo
|-resisted|p1a: Gholdengo
|-damage|p1a: Gholdengo|61/100
|
|-heal|p2a: Aizen🗡️|100/100|[from] item: Leftovers
|upkeep
|turn|24
|
|t:|1781410440
|move|p2a: Aizen🗡️|Sucker Punch|p1a: Gholdengo
|-supereffective|p1a: Gholdengo
|-damage|p1a: Gholdengo|0 fnt
|faint|p1a: Gholdengo
|
|upkeep
|
|t:|1781410443
|switch|p1a: Iron Valiant|Iron Valiant|62/100
|turn|25
|
|t:|1781410444
|move|p1a: Iron Valiant|Encore|p2a: Aizen🗡️
|-start|p2a: Aizen🗡️|Encore
|move|p2a: Aizen🗡️|Sucker Punch||[still]
|-fail|p2a: Aizen🗡️
|
|upkeep
|turn|26
|
|t:|1781410446
|move|p2a: Aizen🗡️|Sucker Punch||[still]
|-fail|p2a: Aizen🗡️
|move|p1a: Iron Valiant|Calm Mind|p1a: Iron Valiant
|-boost|p1a: Iron Valiant|spa|1
|-boost|p1a: Iron Valiant|spd|1
|
|upkeep
|turn|27
|
|t:|1781410449
|move|p2a: Aizen🗡️|Sucker Punch||[still]
|-fail|p2a: Aizen🗡️
|move|p1a: Iron Valiant|Calm Mind|p1a: Iron Valiant
|-boost|p1a: Iron Valiant|spa|1
|-boost|p1a: Iron Valiant|spd|1
|
|-end|p2a: Aizen🗡️|Encore
|upkeep
|turn|28
|
|t:|1781410451
|move|p1a: Iron Valiant|Calm Mind|p1a: Iron Valiant
|-boost|p1a: Iron Valiant|spa|1
|-boost|p1a: Iron Valiant|spd|1
|move|p2a: Aizen🗡️|Iron Head|p1a: Iron Valiant
|-supereffective|p1a: Iron Valiant
|-damage|p1a: Iron Valiant|0 fnt
|faint|p1a: Iron Valiant
|-end|p1a: Iron Valiant|Quark Drive|[silent]
|
|win|BlackStar150520
|raw|newgensbetter's rating: 1728 &rarr; <strong>1715</strong><br />(-13 for losing)
|raw|BlackStar150520's rating: 1846 &rarr; <strong>1859</strong><br />(+13 for winning)
|l|☆newgensbetter
|player|p1|
|l|☆BlackStar150520
|player|p2|
|c| jsnsddk|?
|l| choispecs ironmoth
|l| jsnsddk
