|badge|p1|silver|gen9ou|30-9
|uhtml|medal-msg|<div class="broadcast-blue">Curious what those medals under the avatar are? PS now has Ladder Seasons! For more information, check out the <a href="https://www.smogon.com/forums/threads/3740067/">thread on Smogon.</a></div>
|badge|p2|silver|gen9ou|30-9
|badge|p2|silver|gen9pu|30-9
|uhtml|medal-msg|<div class="broadcast-blue">Curious what those medals under the avatar are? PS now has Ladder Seasons! For more information, check out the <a href="https://www.smogon.com/forums/threads/3740067/">thread on Smogon.</a></div>
|j|☆AnonymousJon
|j|☆ceo o wo chien
|t:|1781156991
|gametype|singles
|player|p1|AnonymousJon|workerice|1912
|player|p2|ceo o wo chien|fisherman-gen4|1916
|gen|9
|tier|[Gen 9] OU
|rated|
|rule|HP Percentage Mod: HP is shown in percentages
|rule|Endless Battle Clause: Forcing endless battles is banned
|rule|Species Clause: Limit one of each Pokémon
|rule|OHKO Clause: OHKO moves are banned
|rule|Evasion Items Clause: Evasion items are banned
|rule|Evasion Moves Clause: Evasion moves are banned
|rule|Evasion Abilities Clause: Evasion abilities are banned
|rule|Sleep Moves Clause: Sleep-inducing moves are banned
|clearpoke
|poke|p1|Great Tusk|
|poke|p1|Ogerpon-Cornerstone, F|
|poke|p1|Rillaboom, F|
|poke|p1|Tyranitar, M|
|poke|p1|Corviknight, M|
|poke|p1|Dragapult, M|
|poke|p2|Wo-Chien|
|poke|p2|Walking Wake|
|poke|p2|Great Tusk|
|poke|p2|Ninetales, F|
|poke|p2|Cresselia, F|
|poke|p2|Raging Bolt|
|teampreview
|inactive|Battle timer is ON: inactive players will automatically lose when time's up. (requested by ceo o wo chien)
|inactive|AnonymousJon also wants the timer to be on.
|c|☆ceo o wo chien|hf!
|
|t:|1781157003
|teamsize|p1|6
|teamsize|p2|6
|start
|switch|p1a: Rillaboom|Rillaboom, F|100/100
|switch|p2a: Ninetales|Ninetales, F|100/100
|-weather|SunnyDay|[from] ability: Drought|[of] p2a: Ninetales
|-fieldstart|move: Grassy Terrain|[from] ability: Grassy Surge|[of] p1a: Rillaboom
|turn|1
|c|☆AnonymousJon|you too!
|
|t:|1781157007
|switch|p2a: Cresselia|Cresselia, F|100/100
|switch|p1a: Tyranitar|Tyranitar, M|100/100
|-weather|Sandstorm|[from] ability: Sand Stream|[of] p1a: Tyranitar
|
|-weather|Sandstorm|[upkeep]
|-damage|p2a: Cresselia|94/100|[from] Sandstorm
|upkeep
|turn|2
|
|t:|1781157010
|move|p2a: Cresselia|Thunder Wave|p1a: Tyranitar
|-status|p1a: Tyranitar|par
|move|p1a: Tyranitar|Knock Off|p2a: Cresselia
|-supereffective|p2a: Cresselia
|-damage|p2a: Cresselia|47/100
|-enditem|p2a: Cresselia|Eject Button|[from] move: Knock Off|[of] p1a: Tyranitar
|
|-weather|Sandstorm|[upkeep]
|-damage|p2a: Cresselia|41/100|[from] Sandstorm
|upkeep
|turn|3
|j| pokemonlover-834
|
|t:|1781157014
|switch|p2a: Great Tusk|Great Tusk|100/100
|move|p1a: Tyranitar|Stealth Rock|p2a: Great Tusk
|-sidestart|p2: ceo o wo chien|move: Stealth Rock
|
|-weather|Sandstorm|[upkeep]
|upkeep
|turn|4
|
|t:|1781157020
|switch|p1a: Corviknight|Corviknight, M|100/100
|-ability|p1a: Corviknight|Pressure
|move|p2a: Great Tusk|Headlong Rush|p1a: Corviknight
|-immune|p1a: Corviknight
|
|-weather|Sandstorm|[upkeep]
|upkeep
|turn|5
|
|t:|1781157023
|move|p2a: Great Tusk|Temper Flare|p1a: Corviknight
|-supereffective|p1a: Corviknight
|-damage|p1a: Corviknight|34/100
|-damage|p2a: Great Tusk|84/100|[from] item: Rocky Helmet|[of] p1a: Corviknight
|move|p1a: Corviknight|Brave Bird|p2a: Great Tusk
|-supereffective|p2a: Great Tusk
|-damage|p2a: Great Tusk|32/100
|-damage|p1a: Corviknight|19/100|[from] Recoil
|
|-weather|none
|-heal|p2a: Great Tusk|39/100|[from] Grassy Terrain
|-fieldend|move: Grassy Terrain
|upkeep
|turn|6
|
|t:|1781157030
|switch|p1a: Dragapult|Dragapult, M|100/100
|move|p2a: Great Tusk|Rapid Spin|p1a: Dragapult
|-immune|p1a: Dragapult
|
|upkeep
|turn|7
|
|t:|1781157034
|-end|p2a: Great Tusk|Protosynthesis|[silent]
|switch|p2a: Cresselia|Cresselia, F|41/100
|-damage|p2a: Cresselia|28/100|[from] Stealth Rock
|move|p1a: Dragapult|Substitute|p1a: Dragapult
|-start|p1a: Dragapult|Substitute
|-damage|p1a: Dragapult|76/100
|
|-heal|p1a: Dragapult|82/100|[from] item: Leftovers
|upkeep
|turn|8
|
|t:|1781157037
|move|p1a: Dragapult|Hex|p2a: Cresselia
|-supereffective|p2a: Cresselia
|-damage|p2a: Cresselia|0 fnt
|faint|p2a: Cresselia
|
|-heal|p1a: Dragapult|88/100|[from] item: Leftovers
|upkeep
|
|t:|1781157039
|switch|p2a: Ninetales|Ninetales, F|100/100
|-damage|p2a: Ninetales|76/100|[from] Stealth Rock
|-weather|SunnyDay|[from] ability: Drought|[of] p2a: Ninetales
|turn|9
|
|t:|1781157040
|move|p1a: Dragapult|Dragon Darts|p2a: Ninetales
|-damage|p2a: Ninetales|49/100
|-anim|p1a: Dragapult|Dragon Darts|p2a: Ninetales
|-damage|p2a: Ninetales|23/100
|move|p2a: Ninetales|Encore|p1a: Dragapult
|-start|p1a: Dragapult|Encore
|
|-weather|SunnyDay|[upkeep]
|-heal|p1a: Dragapult|94/100|[from] item: Leftovers
|upkeep
|turn|10
|
|t:|1781157044
|switch|p2a: Great Tusk|Great Tusk|39/100
|-damage|p2a: Great Tusk|36/100|[from] Stealth Rock
|-activate|p2a: Great Tusk|ability: Protosynthesis
|-start|p2a: Great Tusk|protosynthesisatk
|move|p1a: Dragapult|Dragon Darts|p2a: Great Tusk
|-damage|p2a: Great Tusk|21/100
|-anim|p1a: Dragapult|Dragon Darts|p2a: Great Tusk
|-damage|p2a: Great Tusk|6/100
|
|-weather|SunnyDay|[upkeep]
|-heal|p1a: Dragapult|100/100|[from] item: Leftovers
|upkeep
|turn|11
|
|t:|1781157047
|move|p1a: Dragapult|Dragon Darts|p2a: Great Tusk
|-damage|p2a: Great Tusk|0 fnt
|faint|p2a: Great Tusk
|-end|p2a: Great Tusk|Protosynthesis|[silent]
|
|-weather|SunnyDay|[upkeep]
|upkeep
|
|t:|1781157050
|switch|p2a: Wo-Chien|Wo-Chien|100/100
|-damage|p2a: Wo-Chien|88/100|[from] Stealth Rock
|-ability|p2a: Wo-Chien|Tablets of Ruin
|turn|12
|
|t:|1781157055
|move|p1a: Dragapult|Dragon Darts|p2a: Wo-Chien
|-damage|p2a: Wo-Chien|71/100
|-anim|p1a: Dragapult|Dragon Darts|p2a: Wo-Chien
|-damage|p2a: Wo-Chien|55/100
|move|p2a: Wo-Chien|Growth|p2a: Wo-Chien
|-boost|p2a: Wo-Chien|atk|2
|-boost|p2a: Wo-Chien|spa|2
|
|-weather|SunnyDay|[upkeep]
|-end|p1a: Dragapult|Encore
|upkeep
|turn|13
|
|t:|1781157059
|-terastallize|p2a: Wo-Chien|Fire
|move|p1a: Dragapult|Will-O-Wisp|p2a: Wo-Chien
|-immune|p2a: Wo-Chien
|move|p2a: Wo-Chien|Trailblaze|p1a: Dragapult
|-resisted|p1a: Dragapult
|-end|p1a: Dragapult|Substitute
|-boost|p2a: Wo-Chien|spe|1
|-damage|p2a: Wo-Chien|45/100|[from] item: Life Orb
|
|-weather|SunnyDay|[upkeep]
|upkeep
|turn|14
|
|t:|1781157071
|move|p1a: Dragapult|Dragon Darts|p2a: Wo-Chien
|-damage|p2a: Wo-Chien|29/100
|-anim|p1a: Dragapult|Dragon Darts|p2a: Wo-Chien
|-damage|p2a: Wo-Chien|12/100
|move|p2a: Wo-Chien|Knock Off|p1a: Dragapult
|-supereffective|p1a: Dragapult
|-damage|p1a: Dragapult|0 fnt
|-enditem|p1a: Dragapult|Leftovers|[from] move: Knock Off|[of] p2a: Wo-Chien
|faint|p1a: Dragapult
|-damage|p2a: Wo-Chien|2/100|[from] item: Life Orb
|
|-weather|SunnyDay|[upkeep]
|upkeep
|
|t:|1781157073
|switch|p1a: Rillaboom|Rillaboom, F|100/100
|-fieldstart|move: Grassy Terrain|[from] ability: Grassy Surge|[of] p1a: Rillaboom
|turn|15
|
|t:|1781157076
|move|p1a: Rillaboom|Grassy Glide|p2a: Wo-Chien
|-resisted|p2a: Wo-Chien
|-damage|p2a: Wo-Chien|0 fnt
|faint|p2a: Wo-Chien
|
|-weather|SunnyDay|[upkeep]
|upkeep
|
|t:|1781157079
|switch|p2a: Raging Bolt|Raging Bolt|100/100
|-damage|p2a: Raging Bolt|88/100|[from] Stealth Rock
|-activate|p2a: Raging Bolt|ability: Protosynthesis
|-start|p2a: Raging Bolt|protosynthesisspa
|turn|16
|
|t:|1781157082
|switch|p1a: Tyranitar|Tyranitar, M|100/100 par
|-weather|Sandstorm|[from] ability: Sand Stream|[of] p1a: Tyranitar
|-end|p2a: Raging Bolt|Protosynthesis
|move|p2a: Raging Bolt|Weather Ball|p1a: Tyranitar
|-damage|p1a: Tyranitar|81/100 par
|-damage|p2a: Raging Bolt|78/100|[from] item: Life Orb
|
|-weather|Sandstorm|[upkeep]
|-damage|p2a: Raging Bolt|72/100|[from] Sandstorm
|-heal|p2a: Raging Bolt|78/100|[from] Grassy Terrain
|-heal|p1a: Tyranitar|87/100 par|[from] Grassy Terrain
|-heal|p1a: Tyranitar|93/100 par|[from] item: Leftovers
|upkeep
|turn|17
|j| i miss her 05
|c|☆ceo o wo chien|gg
|-message|ceo o wo chien forfeited.
|
|win|AnonymousJon
|raw|AnonymousJon's rating: 1912 &rarr; <strong>1932</strong><br />(+20 for winning)
|raw|ceo o wo chien's rating: 1916 &rarr; <strong>1896</strong><br />(-20 for losing)
|l|☆ceo o wo chien
|player|p2|
|c|☆AnonymousJon|gg
|l| pokemonlover-834
|l|☆AnonymousJon
|player|p1|
|l| i miss her 05
