|j|☆itsjustrps
|j|☆StarDio
|t:|1781346943
|gametype|singles
|player|p1|itsjustrps|1|1553
|player|p2|StarDio|170|1571
|gen|9
|tier|[Gen 9] OU
|rated|
|rule|HP Percentage Mod: HP is shown in percentages
|rule|Endless Battle Clause: Forcing endless battles is banned
|rule|Species Clause: Limit one of each Pokémon
|rule|OHKO Clause: OHKO moves are banned
|rule|Evasion Items Clause: Evasion items are banned
|rule|Evasion Moves Clause: Evasion moves are banned
|rule|Evasion Abilities Clause: Evasion abilities are banned
|rule|Sleep Moves Clause: Sleep-inducing moves are banned
|clearpoke
|poke|p1|Clodsire, F|
|poke|p1|Dondozo, M|
|poke|p1|Garganacl, M|
|poke|p1|Kyurem|
|poke|p1|Corviknight, F|
|poke|p1|Gholdengo|
|poke|p2|Hoopa-Unbound|
|poke|p2|Pecharunt|
|poke|p2|Landorus-Therian, M|
|poke|p2|Cinderace, M|
|poke|p2|Alomomola, M|
|poke|p2|Iron Valiant|
|teampreview
|inactive|Battle timer is ON: inactive players will automatically lose when time's up. (requested by StarDio)
|
|t:|1781346956
|teamsize|p1|6
|teamsize|p2|6
|start
|switch|p1a: Kyurem|Kyurem|100/100
|switch|p2a: Khaos|Hoopa-Unbound|100/100
|-ability|p1a: Kyurem|Pressure
|turn|1
|
|t:|1781346961
|move|p1a: Kyurem|Substitute|p1a: Kyurem
|-start|p1a: Kyurem|Substitute
|-damage|p1a: Kyurem|76/100
|move|p2a: Khaos|Hyperspace Fury|p1a: Kyurem
|-damage|p1a: Kyurem|0 fnt
|-unboost|p2a: Khaos|def|1
|faint|p1a: Kyurem
|
|upkeep
|
|t:|1781346966
|switch|p1a: Corviknight|Corviknight, F|100/100
|-ability|p1a: Corviknight|Pressure
|turn|2
|inactive|StarDio has 120 seconds left.
|
|t:|1781346997
|switch|p2a: Enten|Landorus-Therian, M, shiny|100/100
|-ability|p2a: Enten|Intimidate|boost
|-unboost|p1a: Corviknight|atk|1
|move|p1a: Corviknight|U-turn|p2a: Enten
|-resisted|p2a: Enten
|-damage|p2a: Enten|95/100
|
|t:|1781347002
|switch|p1a: Gholdengo|Gholdengo|100/100|[from] U-turn
|
|upkeep
|turn|3
|
|t:|1781347007
|move|p2a: Enten|U-turn|p1a: Gholdengo
|-resisted|p1a: Gholdengo
|-damage|p1a: Gholdengo|93/100
|
|t:|1781347008
|switch|p2a: Pisces|Alomomola, M, shiny|100/100|[from] U-turn
|move|p1a: Gholdengo|Make It Rain|p2a: Pisces
|-resisted|p2a: Pisces
|-damage|p2a: Pisces|83/100
|-unboost|p1a: Gholdengo|spa|1
|
|upkeep
|turn|4
|
|t:|1781347015
|switch|p1a: Corviknight|Corviknight, F|100/100
|-ability|p1a: Corviknight|Pressure
|move|p2a: Pisces|Flip Turn|p1a: Corviknight
|-damage|p1a: Corviknight|86/100
|
|t:|1781347018
|switch|p2a: Liberacy|Cinderace, M, shiny|100/100|[from] Flip Turn
|
|upkeep
|turn|5
|
|t:|1781347022
|move|p2a: Liberacy|U-turn|p1a: Corviknight
|-start|p2a: Liberacy|typechange|Bug|[from] ability: Libero
|-resisted|p1a: Corviknight
|-damage|p1a: Corviknight|79/100
|
|t:|1781347024
|switch|p2a: Calamity|Iron Valiant, shiny|100/100|[from] U-turn
|move|p1a: Corviknight|U-turn|p2a: Calamity
|-resisted|p2a: Calamity
|-damage|p2a: Calamity|96/100
|
|t:|1781347032
|switch|p1a: Clodsire|Clodsire, F|100/100|[from] U-turn
|
|upkeep
|turn|6
|
|t:|1781347039
|-end|p2a: Calamity|Quark Drive|[silent]
|switch|p2a: Overseer|Pecharunt|100/100
|move|p1a: Clodsire|Stealth Rock|p2a: Overseer
|-sidestart|p2: StarDio|move: Stealth Rock
|
|upkeep
|turn|7
|
|t:|1781347046
|switch|p1a: Garganacl|Garganacl, M|100/100
|move|p2a: Overseer|Shadow Ball|p1a: Garganacl
|-damage|p1a: Garganacl|92/100
|
|upkeep
|turn|8
|
|t:|1781347050
|move|p2a: Overseer|Parting Shot|p1a: Garganacl
|-unboost|p1a: Garganacl|atk|1
|-unboost|p1a: Garganacl|spa|1
|
|t:|1781347052
|switch|p2a: Pisces|Alomomola, M, shiny|100/100|[from] Parting Shot
|-damage|p2a: Pisces|88/100|[from] Stealth Rock
|move|p1a: Garganacl|Salt Cure|p2a: Pisces
|-damage|p2a: Pisces|81/100
|-start|p2a: Pisces|Salt Cure
|
|-damage|p2a: Pisces|56/100|[from] Salt Cure
|upkeep
|turn|9
|
|t:|1781347057
|move|p2a: Pisces|Flip Turn|p1a: Garganacl
|-supereffective|p1a: Garganacl
|-damage|p1a: Garganacl|72/100
|
|t:|1781347059
|switch|p2a: Overseer|Pecharunt|100/100|[from] Flip Turn
|move|p1a: Garganacl|Salt Cure|p2a: Overseer
|-damage|p2a: Overseer|96/100
|-start|p2a: Overseer|Salt Cure
|
|-damage|p2a: Overseer|83/100|[from] Salt Cure
|upkeep
|turn|10
|
|t:|1781347063
|move|p2a: Overseer|Parting Shot|p1a: Garganacl
|-unboost|p1a: Garganacl|atk|1
|-unboost|p1a: Garganacl|spa|1
|
|t:|1781347065
|switch|p2a: Pisces|Alomomola, M, shiny|90/100|[from] Parting Shot
|-damage|p2a: Pisces|77/100|[from] Stealth Rock
|move|p1a: Garganacl|Salt Cure|p2a: Pisces
|-damage|p2a: Pisces|72/100
|-start|p2a: Pisces|Salt Cure
|
|-damage|p2a: Pisces|47/100|[from] Salt Cure
|upkeep
|turn|11
|
|t:|1781347070
|switch|p2a: Khaos|Hoopa-Unbound|100/100
|-damage|p2a: Khaos|88/100|[from] Stealth Rock
|move|p1a: Garganacl|Salt Cure|p2a: Khaos
|-damage|p2a: Khaos|76/100
|-start|p2a: Khaos|Salt Cure
|
|-damage|p2a: Khaos|64/100|[from] Salt Cure
|upkeep
|turn|12
|
|t:|1781347075
|switch|p1a: Dondozo|Dondozo, M|100/100
|move|p2a: Khaos|Hyperspace Fury|p1a: Dondozo
|-damage|p1a: Dondozo|59/100
|-unboost|p2a: Khaos|def|1
|
|-heal|p1a: Dondozo|65/100|[from] item: Leftovers
|-damage|p2a: Khaos|52/100|[from] Salt Cure
|upkeep
|turn|13
|
|t:|1781347086
|switch|p2a: Pisces|Alomomola, M, shiny|80/100
|-damage|p2a: Pisces|68/100|[from] Stealth Rock
|move|p1a: Dondozo|Rest|p1a: Dondozo
|-status|p1a: Dondozo|slp|[from] move: Rest
|-heal|p1a: Dondozo|100/100 slp|[silent]
|
|upkeep
|turn|14
|
|t:|1781347092
|move|p2a: Pisces|Flip Turn|p1a: Dondozo
|-resisted|p1a: Dondozo
|-damage|p1a: Dondozo|97/100 slp
|
|t:|1781347094
|switch|p2a: Calamity|Iron Valiant, shiny|96/100|[from] Flip Turn
|-damage|p2a: Calamity|89/100|[from] Stealth Rock
|cant|p1a: Dondozo|slp
|move|p1a: Dondozo|Sleep Talk|p1a: Dondozo
|move|p1a: Dondozo|Waterfall|p2a: Calamity|[from] move: Sleep Talk
|-damage|p2a: Calamity|54/100
|
|-heal|p1a: Dondozo|100/100 slp|[from] item: Leftovers
|upkeep
|turn|15
|
|t:|1781347100
|-end|p2a: Calamity|Quark Drive|[silent]
|switch|p2a: Liberacy|Cinderace, M, shiny|100/100
|switch|p1a: Clodsire|Clodsire, F|100/100
|
|upkeep
|turn|16
|
|t:|1781347107
|switch|p1a: Garganacl|Garganacl, M|72/100
|move|p2a: Liberacy|Pyro Ball|p1a: Garganacl
|-resisted|p1a: Garganacl
|-damage|p1a: Garganacl|53/100
|
|upkeep
|turn|17
|
|t:|1781347112
|-terastallize|p1a: Garganacl|Ghost
|move|p2a: Liberacy|Court Change|p2a: Liberacy
|-start|p2a: Liberacy|typechange|Normal|[from] ability: Libero
|-swapsideconditions
|-activate|p2a: Liberacy|move: Court Change
|move|p1a: Garganacl|Iron Defense|p1a: Garganacl
|-boost|p1a: Garganacl|def|2
|
|upkeep
|turn|18
|
|t:|1781347117
|move|p2a: Liberacy|U-turn|p1a: Garganacl
|-resisted|p1a: Garganacl
|-damage|p1a: Garganacl|49/100
|
|t:|1781347120
|switch|p2a: Calamity|Iron Valiant, shiny|54/100|[from] U-turn
|move|p1a: Garganacl|Recover|p1a: Garganacl
|-heal|p1a: Garganacl|99/100
|
|upkeep
|turn|19
|
|t:|1781347126
|switch|p1a: Gholdengo|Gholdengo|93/100
|-damage|p1a: Gholdengo|87/100|[from] Stealth Rock
|move|p2a: Calamity|Shadow Ball|p1a: Gholdengo
|-supereffective|p1a: Gholdengo
|-damage|p1a: Gholdengo|0 fnt
|faint|p1a: Gholdengo
|
|upkeep
|
|t:|1781347128
|switch|p1a: Garganacl|Garganacl, M, tera:Ghost|99/100
|turn|20
|
|t:|1781347133
|move|p2a: Calamity|Shadow Ball|p1a: Garganacl
|-supereffective|p1a: Garganacl
|-damage|p1a: Garganacl|73/100
|move|p1a: Garganacl|Iron Defense|p1a: Garganacl
|-boost|p1a: Garganacl|def|2
|
|upkeep
|turn|21
|
|t:|1781347137
|move|p2a: Calamity|Shadow Ball|p1a: Garganacl
|-supereffective|p1a: Garganacl
|-damage|p1a: Garganacl|49/100
|move|p1a: Garganacl|Salt Cure|p2a: Calamity
|-resisted|p2a: Calamity
|-damage|p2a: Calamity|45/100
|-start|p2a: Calamity|Salt Cure
|
|-damage|p2a: Calamity|33/100|[from] Salt Cure
|upkeep
|turn|22
|
|t:|1781347146
|-end|p2a: Calamity|Quark Drive|[silent]
|switch|p2a: Enten|Landorus-Therian, M, shiny|95/100
|-ability|p2a: Enten|Intimidate|boost
|-unboost|p1a: Garganacl|atk|1
|move|p1a: Garganacl|Recover|p1a: Garganacl
|-heal|p1a: Garganacl|99/100
|
|upkeep
|turn|23
|
|t:|1781347149
|move|p2a: Enten|U-turn|p1a: Garganacl
|-resisted|p1a: Garganacl
|-damage|p1a: Garganacl|95/100
|
|t:|1781347151
|switch|p2a: Pisces|Alomomola, M, shiny|100/100|[from] U-turn
|move|p1a: Garganacl|Iron Defense|p1a: Garganacl
|-boost|p1a: Garganacl|def|2
|
|upkeep
|turn|24
|
|t:|1781347155
|move|p2a: Pisces|Flip Turn|p1a: Garganacl
|-damage|p1a: Garganacl|91/100
|
|t:|1781347156
|switch|p2a: Overseer|Pecharunt|83/100|[from] Flip Turn
|move|p1a: Garganacl|Salt Cure|p2a: Overseer
|-crit|p2a: Overseer
|-damage|p2a: Overseer|74/100
|-start|p2a: Overseer|Salt Cure
|
|-damage|p2a: Overseer|61/100|[from] Salt Cure
|upkeep
|turn|25
|
|t:|1781347162
|move|p2a: Overseer|Parting Shot|p1a: Garganacl
|-unboost|p1a: Garganacl|atk|1
|-unboost|p1a: Garganacl|spa|1
|
|t:|1781347165
|switch|p2a: Pisces|Alomomola, M, shiny|100/100|[from] Parting Shot
|move|p1a: Garganacl|Salt Cure|p2a: Pisces
|-damage|p2a: Pisces|95/100
|-start|p2a: Pisces|Salt Cure
|
|-damage|p2a: Pisces|70/100|[from] Salt Cure
|upkeep
|turn|26
|
|t:|1781347168
|move|p2a: Pisces|Flip Turn|p1a: Garganacl
|-damage|p1a: Garganacl|87/100
|
|t:|1781347170
|switch|p2a: Overseer|Pecharunt|61/100|[from] Flip Turn
|move|p1a: Garganacl|Salt Cure|p2a: Overseer
|-damage|p2a: Overseer|58/100
|-start|p2a: Overseer|Salt Cure
|
|-damage|p2a: Overseer|46/100|[from] Salt Cure
|upkeep
|turn|27
|
|t:|1781347174
|move|p2a: Overseer|Recover|p2a: Overseer
|-heal|p2a: Overseer|96/100
|move|p1a: Garganacl|Iron Defense|p1a: Garganacl
|-boost|p1a: Garganacl|def|2
|
|-damage|p2a: Overseer|83/100|[from] Salt Cure
|upkeep
|turn|28
|
|t:|1781347180
|move|p2a: Overseer|Parting Shot|p1a: Garganacl
|-unboost|p1a: Garganacl|atk|1
|-unboost|p1a: Garganacl|spa|1
|
|t:|1781347181
|switch|p2a: Pisces|Alomomola, M, shiny|100/100|[from] Parting Shot
|move|p1a: Garganacl|Body Press|p2a: Pisces
|-damage|p2a: Pisces|40/100
|
|upkeep
|turn|29
|
|t:|1781347186
|move|p2a: Pisces|Flip Turn|p1a: Garganacl
|-damage|p1a: Garganacl|84/100
|
|t:|1781347188
|switch|p2a: Overseer|Pecharunt|83/100|[from] Flip Turn
|move|p1a: Garganacl|Salt Cure|p2a: Overseer
|-damage|p2a: Overseer|81/100
|-start|p2a: Overseer|Salt Cure
|
|-damage|p2a: Overseer|68/100|[from] Salt Cure
|upkeep
|turn|30
|
|t:|1781347193
|move|p2a: Overseer|Shadow Ball|p1a: Garganacl
|-supereffective|p1a: Garganacl
|-damage|p1a: Garganacl|68/100
|move|p1a: Garganacl|Body Press|p2a: Overseer
|-immune|p2a: Overseer
|
|-damage|p2a: Overseer|56/100|[from] Salt Cure
|upkeep
|turn|31
|
|t:|1781347202
|move|p2a: Overseer|Shadow Ball|p1a: Garganacl
|-supereffective|p1a: Garganacl
|-damage|p1a: Garganacl|52/100
|move|p1a: Garganacl|Recover|p1a: Garganacl
|-heal|p1a: Garganacl|100/100
|
|-damage|p2a: Overseer|44/100|[from] Salt Cure
|upkeep
|turn|32
|
|t:|1781347204
|switch|p1a: Clodsire|Clodsire, F|100/100
|move|p2a: Overseer|Recover|p2a: Overseer
|-heal|p2a: Overseer|94/100
|
|-damage|p2a: Overseer|81/100|[from] Salt Cure
|upkeep
|turn|33
|
|t:|1781347207
|move|p2a: Overseer|Parting Shot|p1a: Clodsire
|-unboost|p1a: Clodsire|atk|1
|-unboost|p1a: Clodsire|spa|1
|
|t:|1781347209
|switch|p2a: Khaos|Hoopa-Unbound|52/100|[from] Parting Shot
|move|p1a: Clodsire|Stealth Rock|p2a: Khaos
|-sidestart|p2: StarDio|move: Stealth Rock
|
|upkeep
|turn|34
|
|t:|1781347217
|switch|p1a: Corviknight|Corviknight, F|79/100
|-damage|p1a: Corviknight|67/100|[from] Stealth Rock
|-ability|p1a: Corviknight|Pressure
|-terastallize|p2a: Khaos|Dark
|move|p2a: Khaos|Hyperspace Fury|p1a: Corviknight
|-damage|p1a: Corviknight|0 fnt
|-unboost|p2a: Khaos|def|1
|faint|p1a: Corviknight
|
|upkeep
|
|t:|1781347220
|switch|p1a: Dondozo|Dondozo, M|100/100 slp
|-damage|p1a: Dondozo|88/100 slp|[from] Stealth Rock
|turn|35
|
|t:|1781347227
|switch|p2a: Enten|Landorus-Therian, M, shiny|95/100
|-damage|p2a: Enten|82/100|[from] Stealth Rock
|-ability|p2a: Enten|Intimidate|boost
|-unboost|p1a: Dondozo|atk|1
|cant|p1a: Dondozo|slp
|move|p1a: Dondozo|Sleep Talk|p1a: Dondozo
|move|p1a: Dondozo|Body Press|p2a: Enten|[from] move: Sleep Talk
|-resisted|p2a: Enten
|-damage|p2a: Enten|67/100
|
|-heal|p1a: Dondozo|94/100 slp|[from] item: Leftovers
|upkeep
|turn|36
|
|t:|1781347233
|move|p2a: Enten|Grass Knot|p1a: Dondozo
|-supereffective|p1a: Dondozo
|-damage|p1a: Dondozo|35/100 slp
|-curestatus|p1a: Dondozo|slp|[msg]
|move|p1a: Dondozo|Waterfall|p2a: Enten
|-supereffective|p2a: Enten
|-damage|p2a: Enten|25/100
|
|-heal|p1a: Dondozo|41/100|[from] item: Leftovers
|upkeep
|turn|37
|
|t:|1781347241
|switch|p2a: Khaos|Hoopa-Unbound, tera:Dark|52/100
|-damage|p2a: Khaos|40/100|[from] Stealth Rock
|switch|p1a: Garganacl|Garganacl, M, tera:Ghost|100/100
|
|upkeep
|turn|38
|-message|itsjustrps forfeited.
|
|win|StarDio
|raw|itsjustrps's rating: 1553 &rarr; <strong>1534</strong><br />(-19 for losing)
|raw|StarDio's rating: 1571 &rarr; <strong>1590</strong><br />(+19 for winning)
