|j|☆Miurez
|j|☆salazzle stan
|t:|1781555845
|gametype|singles
|player|p1|Miurez|pokemonranger-gen4|1600
|player|p2|salazzle stan|ninjaboy|1596
|gen|9
|tier|[Gen 9] OU
|rated|
|rule|HP Percentage Mod: HP is shown in percentages
|rule|Endless Battle Clause: Forcing endless battles is banned
|rule|Species Clause: Limit one of each Pokémon
|rule|OHKO Clause: OHKO moves are banned
|rule|Evasion Items Clause: Evasion items are banned
|rule|Evasion Moves Clause: Evasion moves are banned
|rule|Evasion Abilities Clause: Evasion abilities are banned
|rule|Sleep Moves Clause: Sleep-inducing moves are banned
|clearpoke
|poke|p1|Iron Moth|
|poke|p1|Gliscor, M|
|poke|p1|Hatterene, F|
|poke|p1|Ogerpon-Wellspring, F|
|poke|p1|Raging Bolt|
|poke|p1|Zamazenta-*|
|poke|p2|Zapdos|
|poke|p2|Scizor, M|
|poke|p2|Heatran, F|
|poke|p2|Alomomola, F|
|poke|p2|Mienshao, M|
|poke|p2|Glimmora, M|
|teampreview
|inactive|Battle timer is ON: inactive players will automatically lose when time's up. (requested by salazzle stan)
|
|t:|1781555867
|teamsize|p1|6
|teamsize|p2|6
|start
|switch|p1a: Ogerpon|Ogerpon-Wellspring, F|100/100
|switch|p2a: Glimmora|Glimmora, M|100/100
|turn|1
|
|t:|1781555873
|-terastallize|p2a: Glimmora|Ghost
|move|p1a: Ogerpon|Ivy Cudgel|p2a: Glimmora|[anim] Ivy Cudgel Water
|-damage|p2a: Glimmora|33/100
|-activate|p2a: Glimmora|ability: Toxic Debris
|-sidestart|p1: Miurez|move: Toxic Spikes
|move|p2a: Glimmora|Sludge Wave|p1a: Ogerpon
|-supereffective|p1a: Ogerpon
|-damage|p1a: Ogerpon|0 fnt
|faint|p1a: Ogerpon
|
|-heal|p2a: Glimmora|39/100|[from] item: Leftovers
|upkeep
|
|t:|1781555876
|switch|p1a: Iron Moth|Iron Moth|100/100
|-sideend|p1: Miurez|move: Toxic Spikes|[of] p1a: Iron Moth
|-enditem|p1a: Iron Moth|Booster Energy
|-activate|p1a: Iron Moth|ability: Quark Drive|[fromitem]
|-start|p1a: Iron Moth|quarkdrivespe
|turn|2
|
|t:|1781555889
|switch|p2a: Alomomola|Alomomola, F|100/100
|move|p1a: Iron Moth|Fiery Dance|p2a: Alomomola
|-resisted|p2a: Alomomola
|-damage|p2a: Alomomola|83/100
|-boost|p1a: Iron Moth|spa|1
|
|upkeep
|turn|3
|
|t:|1781555896
|move|p1a: Iron Moth|Toxic Spikes|p2a: Alomomola
|-sidestart|p2: salazzle stan|move: Toxic Spikes
|move|p2a: Alomomola|Flip Turn|p1a: Iron Moth
|-supereffective|p1a: Iron Moth
|-damage|p1a: Iron Moth|52/100
|
|t:|1781555900
|switch|p2a: Heatran|Heatran, F|100/100|[from] Flip Turn
|-item|p2a: Heatran|Air Balloon
|
|upkeep
|turn|4
|
|t:|1781555911
|move|p2a: Heatran|Earth Power|p1a: Iron Moth
|-supereffective|p1a: Iron Moth
|-damage|p1a: Iron Moth|0 fnt
|faint|p1a: Iron Moth
|-end|p1a: Iron Moth|Quark Drive|[silent]
|
|upkeep
|
|t:|1781555926
|switch|p1a: Zamazenta|Zamazenta|100/100
|-ability|p1a: Zamazenta|Dauntless Shield|boost
|-boost|p1a: Zamazenta|def|1
|turn|5
|
|t:|1781555942
|move|p1a: Zamazenta|Light Screen|p1a: Zamazenta
|-sidestart|p1: Miurez|move: Light Screen
|move|p2a: Heatran|Stealth Rock|p1a: Zamazenta
|-sidestart|p1: Miurez|move: Stealth Rock
|
|upkeep
|turn|6
|
|t:|1781555948
|move|p1a: Zamazenta|Ice Fang|p2a: Heatran
|-resisted|p2a: Heatran
|-damage|p2a: Heatran|97/100
|-enditem|p2a: Heatran|Air Balloon
|move|p2a: Heatran|Taunt|p1a: Zamazenta
|-start|p1a: Zamazenta|move: Taunt
|
|upkeep
|turn|7
|
|t:|1781555958
|switch|p2a: Alomomola|Alomomola, F|100/100
|move|p1a: Zamazenta|Close Combat|p2a: Alomomola
|-damage|p2a: Alomomola|70/100
|-unboost|p1a: Zamazenta|def|1
|-unboost|p1a: Zamazenta|spd|1
|
|upkeep
|turn|8
|
|t:|1781555967
|move|p1a: Zamazenta|Close Combat|p2a: Alomomola
|-damage|p2a: Alomomola|39/100
|-unboost|p1a: Zamazenta|def|1
|-unboost|p1a: Zamazenta|spd|1
|move|p2a: Alomomola|Flip Turn|p1a: Zamazenta
|-damage|p1a: Zamazenta|81/100
|
|t:|1781555975
|switch|p2a: Zapdos|Zapdos|100/100|[from] Flip Turn
|
|upkeep
|turn|9
|
|t:|1781555979
|switch|p1a: Gliscor|Gliscor, M|100/100
|-damage|p1a: Gliscor|88/100|[from] Stealth Rock
|move|p2a: Zapdos|U-turn|p1a: Gliscor
|-resisted|p1a: Gliscor
|-damage|p1a: Gliscor|83/100
|
|t:|1781555986
|switch|p2a: Scizor|Scizor, M|100/100|[from] U-turn
|
|-status|p1a: Gliscor|tox|[from] item: Toxic Orb
|upkeep
|turn|10
|
|t:|1781555992
|move|p2a: Scizor|Bullet Punch|p1a: Gliscor
|-damage|p1a: Gliscor|41/100 tox
|move|p1a: Gliscor|Earthquake|p2a: Scizor
|-damage|p2a: Scizor|53/100
|
|-heal|p1a: Gliscor|53/100 tox|[from] ability: Poison Heal
|upkeep
|turn|11
|
|t:|1781555999
|switch|p1a: Raging Bolt|Raging Bolt|100/100
|-damage|p1a: Raging Bolt|88/100|[from] Stealth Rock
|-enditem|p1a: Raging Bolt|Booster Energy
|-activate|p1a: Raging Bolt|ability: Protosynthesis|[fromitem]
|-start|p1a: Raging Bolt|protosynthesisspa
|move|p2a: Scizor|Bullet Punch|p1a: Raging Bolt
|-resisted|p1a: Raging Bolt
|-damage|p1a: Raging Bolt|63/100
|
|upkeep
|turn|12
|
|t:|1781556022
|switch|p2a: Heatran|Heatran, F|97/100
|move|p1a: Raging Bolt|Calm Mind|p1a: Raging Bolt
|-boost|p1a: Raging Bolt|spa|1
|-boost|p1a: Raging Bolt|spd|1
|
|-sideend|p1: Miurez|move: Light Screen
|upkeep
|turn|13
|
|t:|1781556028
|move|p2a: Heatran|Earth Power|p1a: Raging Bolt
|-supereffective|p1a: Raging Bolt
|-damage|p1a: Raging Bolt|31/100
|move|p1a: Raging Bolt|Thunderbolt|p2a: Heatran
|-damage|p2a: Heatran|13/100
|
|upkeep
|turn|14
|
|t:|1781556037
|move|p1a: Raging Bolt|Thunderclap|p2a: Heatran
|-damage|p2a: Heatran|0 fnt
|faint|p2a: Heatran
|
|upkeep
|
|t:|1781556040
|switch|p2a: Mienshao|Mienshao, M|100/100
|-status|p2a: Mienshao|psn
|turn|15
|
|t:|1781556044
|move|p2a: Mienshao|Fake Out|p1a: Raging Bolt
|-damage|p1a: Raging Bolt|17/100
|cant|p1a: Raging Bolt|flinch
|
|-damage|p2a: Mienshao|88/100 psn|[from] psn
|upkeep
|turn|16
|
|t:|1781556049
|move|p2a: Mienshao|U-turn|p1a: Raging Bolt
|-damage|p1a: Raging Bolt|0 fnt
|faint|p1a: Raging Bolt
|-end|p1a: Raging Bolt|Protosynthesis|[silent]
|
|t:|1781556053
|switch|p2a: Scizor|Scizor, M|53/100|[from] U-turn
|
|upkeep
|
|t:|1781556057
|switch|p1a: Zamazenta|Zamazenta|81/100
|-damage|p1a: Zamazenta|75/100|[from] Stealth Rock
|turn|17
|
|t:|1781556066
|switch|p2a: Alomomola|Alomomola, F|72/100
|move|p1a: Zamazenta|Reflect|p1a: Zamazenta
|-sidestart|p1: Miurez|Reflect
|
|upkeep
|turn|18
|
|t:|1781556070
|move|p1a: Zamazenta|Light Screen|p1a: Zamazenta
|-sidestart|p1: Miurez|move: Light Screen
|move|p2a: Alomomola|Wish|p2a: Alomomola
|
|upkeep
|turn|19
|
|t:|1781556073
|switch|p1a: Gliscor|Gliscor, M|53/100 tox
|-damage|p1a: Gliscor|41/100 tox|[from] Stealth Rock
|move|p2a: Alomomola|Flip Turn|p1a: Gliscor
|-supereffective|p1a: Gliscor
|-damage|p1a: Gliscor|26/100 tox
|
|t:|1781556079
|switch|p2a: Scizor|Scizor, M|53/100|[from] Flip Turn
|
|-heal|p2a: Scizor|100/100|[from] move: Wish|[wisher] Alomomola
|-heal|p1a: Gliscor|39/100 tox|[from] ability: Poison Heal
|upkeep
|turn|20
|
|t:|1781556085
|move|p2a: Scizor|Bullet Punch|p1a: Gliscor
|-damage|p1a: Gliscor|16/100 tox
|move|p1a: Gliscor|Earthquake|p2a: Scizor
|-damage|p2a: Scizor|53/100
|
|-heal|p1a: Gliscor|28/100 tox|[from] ability: Poison Heal
|upkeep
|turn|21
|
|t:|1781556094
|move|p2a: Scizor|Bullet Punch|p1a: Gliscor
|-damage|p1a: Gliscor|8/100 tox
|move|p1a: Gliscor|Earthquake|p2a: Scizor
|-damage|p2a: Scizor|2/100
|
|-heal|p1a: Gliscor|20/100 tox|[from] ability: Poison Heal
|upkeep
|turn|22
|
|t:|1781556109
|switch|p1a: Zamazenta|Zamazenta|75/100
|-damage|p1a: Zamazenta|69/100|[from] Stealth Rock
|switch|p2a: Glimmora|Glimmora, M, tera:Ghost|39/100
|-status|p2a: Glimmora|psn
|
|-heal|p2a: Glimmora|45/100 psn|[from] item: Leftovers
|-damage|p2a: Glimmora|33/100 psn|[from] psn
|upkeep
|turn|23
|
|t:|1781556131
|switch|p1a: Gliscor|Gliscor, M|20/100 tox
|-damage|p1a: Gliscor|8/100 tox|[from] Stealth Rock
|move|p2a: Glimmora|Sludge Wave|p1a: Gliscor
|-resisted|p1a: Gliscor
|-damage|p1a: Gliscor|0 fnt
|faint|p1a: Gliscor
|
|-heal|p2a: Glimmora|39/100 psn|[from] item: Leftovers
|-damage|p2a: Glimmora|27/100 psn|[from] psn
|upkeep
|
|t:|1781556136
|switch|p1a: Hatterene|Hatterene, F|100/100
|-damage|p1a: Hatterene|88/100|[from] Stealth Rock
|turn|24
|
|t:|1781556146
|-terastallize|p1a: Hatterene|Water
|move|p2a: Glimmora|Mortal Spin|p1a: Hatterene
|-damage|p1a: Hatterene|86/100
|-status|p1a: Hatterene|psn
|-sideend|p2: salazzle stan|Toxic Spikes|[from] move: Mortal Spin|[of] p2a: Glimmora
|move|p1a: Hatterene|Calm Mind|p1a: Hatterene
|-boost|p1a: Hatterene|spa|1
|-boost|p1a: Hatterene|spd|1
|
|-heal|p2a: Glimmora|33/100 psn|[from] item: Leftovers
|-heal|p1a: Hatterene|92/100 psn|[from] item: Leftovers
|-damage|p2a: Glimmora|20/100 psn|[from] psn
|-damage|p1a: Hatterene|80/100 psn|[from] psn
|-sideend|p1: Miurez|Reflect
|upkeep
|turn|25
|
|t:|1781556160
|move|p2a: Glimmora|Sludge Wave|p1a: Hatterene
|-damage|p1a: Hatterene|65/100 psn
|move|p1a: Hatterene|Mystical Fire|p2a: Glimmora
|-damage|p2a: Glimmora|0 fnt
|faint|p2a: Glimmora
|
|-heal|p1a: Hatterene|71/100 psn|[from] item: Leftovers
|-damage|p1a: Hatterene|59/100 psn|[from] psn
|-sideend|p1: Miurez|move: Light Screen
|upkeep
|
|t:|1781556168
|switch|p2a: Mienshao|Mienshao, M|100/100 psn
|turn|26
|
|t:|1781556171
|move|p2a: Mienshao|Fake Out|p1a: Hatterene
|-damage|p1a: Hatterene|48/100 psn
|cant|p1a: Hatterene|flinch
|
|-heal|p1a: Hatterene|53/100 psn|[from] item: Leftovers
|-damage|p2a: Mienshao|88/100 psn|[from] psn
|-damage|p1a: Hatterene|41/100 psn|[from] psn
|upkeep
|turn|27
|
|t:|1781556178
|move|p2a: Mienshao|U-turn|p1a: Hatterene
|-damage|p1a: Hatterene|23/100 psn
|
|t:|1781556180
|switch|p2a: Scizor|Scizor, M|2/100|[from] U-turn
|move|p1a: Hatterene|Draining Kiss|p2a: Scizor
|-resisted|p2a: Scizor
|-damage|p2a: Scizor|0 fnt
|-heal|p1a: Hatterene|24/100 psn|[from] drain|[of] p2a: Scizor
|faint|p2a: Scizor
|
|-heal|p1a: Hatterene|30/100 psn|[from] item: Leftovers
|-damage|p1a: Hatterene|18/100 psn|[from] psn
|upkeep
|
|t:|1781556190
|switch|p2a: Mienshao|Mienshao, M|100/100 psn
|turn|28
|
|t:|1781556193
|move|p2a: Mienshao|Fake Out|p1a: Hatterene
|-damage|p1a: Hatterene|6/100 psn
|cant|p1a: Hatterene|flinch
|
|-heal|p1a: Hatterene|12/100 psn|[from] item: Leftovers
|-damage|p2a: Mienshao|88/100 psn|[from] psn
|-damage|p1a: Hatterene|0 fnt|[from] psn
|faint|p1a: Hatterene
|upkeep
|
|t:|1781556195
|switch|p1a: Zamazenta|Zamazenta|69/100
|-damage|p1a: Zamazenta|63/100|[from] Stealth Rock
|turn|29
|
|t:|1781556204
|switch|p2a: Alomomola|Alomomola, F|100/100
|move|p1a: Zamazenta|Ice Fang|p2a: Alomomola
|-resisted|p2a: Alomomola
|-damage|p2a: Alomomola|95/100
|
|upkeep
|turn|30
|-message|Miurez forfeited.
|
|win|salazzle stan
|raw|Miurez's rating: 1600 &rarr; <strong>1580</strong><br />(-20 for losing)
|raw|salazzle stan's rating: 1596 &rarr; <strong>1616</strong><br />(+20 for winning)
|l|☆Miurez
|player|p1|
|l|☆salazzle stan
|player|p2|
