|j|☆icylikedecember
|j|☆Kloakris
|t:|1780921279
|gametype|singles
|player|p1|icylikedecember|skierf|1592
|player|p2|Kloakris|blaine|1644
|gen|9
|tier|[Gen 9] OU
|rated|
|rule|HP Percentage Mod: HP is shown in percentages
|rule|Endless Battle Clause: Forcing endless battles is banned
|rule|Species Clause: Limit one of each Pokémon
|rule|OHKO Clause: OHKO moves are banned
|rule|Evasion Items Clause: Evasion items are banned
|rule|Evasion Moves Clause: Evasion moves are banned
|rule|Evasion Abilities Clause: Evasion abilities are banned
|rule|Sleep Moves Clause: Sleep-inducing moves are banned
|clearpoke
|poke|p1|Corviknight, F|
|poke|p1|Slowking-Galar, M|
|poke|p1|Darkrai|
|poke|p1|Kyurem|
|poke|p1|Zamazenta-*|
|poke|p1|Samurott-Hisui, M|
|poke|p2|Ribombee, M|
|poke|p2|Gholdengo|
|poke|p2|Great Tusk|
|poke|p2|Raging Bolt|
|poke|p2|Ogerpon-Cornerstone, F|
|poke|p2|Ceruledge, F|
|teampreview
|
|t:|1780921286
|teamsize|p1|6
|teamsize|p2|6
|start
|switch|p1a: Slowking|Slowking-Galar, M, shiny|100/100
|switch|p2a: TORE UP|Ceruledge, F, shiny|100/100
|turn|1
|inactive|Battle timer is ON: inactive players will automatically lose when time's up. (requested by icylikedecember)
|
|t:|1780921291
|switch|p1a: Darkrai|Darkrai|100/100
|move|p2a: TORE UP|Swords Dance|p2a: TORE UP
|-boost|p2a: TORE UP|atk|2
|
|upkeep
|turn|2
|
|t:|1780921293
|move|p1a: Darkrai|Dark Pulse|p2a: TORE UP
|-supereffective|p2a: TORE UP
|-enditem|p2a: TORE UP|Focus Sash
|-damage|p2a: TORE UP|1/100
|move|p2a: TORE UP|Close Combat|p1a: Darkrai
|-supereffective|p1a: Darkrai
|-damage|p1a: Darkrai|0 fnt
|-unboost|p2a: TORE UP|def|1
|-unboost|p2a: TORE UP|spd|1
|faint|p1a: Darkrai
|
|upkeep
|
|t:|1780921303
|switch|p1a: Samurott|Samurott-Hisui, M|100/100
|turn|3
|
|t:|1780921308
|move|p2a: TORE UP|Shadow Sneak|p1a: Samurott
|-resisted|p1a: Samurott
|-damage|p1a: Samurott|71/100
|move|p1a: Samurott|Ceaseless Edge|p2a: TORE UP
|-supereffective|p2a: TORE UP
|-damage|p2a: TORE UP|0 fnt
|-sidestart|p2: Kloakris|Spikes
|faint|p2a: TORE UP
|
|upkeep
|
|t:|1780921318
|switch|p2a: NEW DROP|Ribombee, M, shiny|100/100
|-damage|p2a: NEW DROP|88/100|[from] Spikes
|turn|4
|
|t:|1780921324
|switch|p1a: Slowking|Slowking-Galar, M, shiny|100/100
|move|p2a: NEW DROP|Sticky Web|p1a: Slowking
|-sidestart|p1: icylikedecember|move: Sticky Web
|
|upkeep
|turn|5
|
|t:|1780921329
|move|p2a: NEW DROP|Psychic Noise|p1a: Slowking
|-damage|p1a: Slowking|90/100
|-start|p1a: Slowking|move: Heal Block
|move|p1a: Slowking|Sludge Bomb|p2a: NEW DROP
|-supereffective|p2a: NEW DROP
|-damage|p2a: NEW DROP|0 fnt
|faint|p2a: NEW DROP
|
|upkeep
|
|t:|1780921343
|switch|p2a: BANDIT|Great Tusk, shiny|100/100
|-damage|p2a: BANDIT|88/100|[from] Spikes
|-enditem|p2a: BANDIT|Booster Energy
|-activate|p2a: BANDIT|ability: Protosynthesis|[fromitem]
|-start|p2a: BANDIT|protosynthesisatk
|turn|6
|
|t:|1780921353
|-terastallize|p1a: Slowking|Grass
|move|p2a: BANDIT|Rapid Spin|p1a: Slowking
|-damage|p1a: Slowking|66/100
|-boost|p2a: BANDIT|spe|1
|-sideend|p2: Kloakris|Spikes|[from] move: Rapid Spin|[of] p2a: BANDIT
|move|p1a: Slowking|Ice Beam|p2a: BANDIT
|-supereffective|p2a: BANDIT
|-damage|p2a: BANDIT|4/100
|
|-end|p1a: Slowking|move: Heal Block
|upkeep
|turn|7
|inactive|Kloakris has 120 seconds left.
|
|t:|1780921392
|switch|p1a: Corviknight|Corviknight, F, shiny|100/100
|-ability|p1a: Corviknight|Pressure
|move|p2a: BANDIT|Ice Spinner|p1a: Corviknight
|-damage|p1a: Corviknight|78/100
|-damage|p2a: BANDIT|0 fnt|[from] item: Rocky Helmet|[of] p1a: Corviknight
|faint|p2a: BANDIT
|-end|p2a: BANDIT|Protosynthesis|[silent]
|
|upkeep
|
|t:|1780921399
|switch|p2a: GREAT NECK|Raging Bolt|100/100
|-enditem|p2a: GREAT NECK|Booster Energy
|-activate|p2a: GREAT NECK|ability: Protosynthesis|[fromitem]
|-start|p2a: GREAT NECK|protosynthesisspa
|turn|8
|
|t:|1780921402
|switch|p1a: Slowking|Slowking-Galar, M, shiny, tera:Grass|99/100
|-activate|p1a: Slowking|move: Sticky Web
|-unboost|p1a: Slowking|spe|1
|move|p2a: GREAT NECK|Thunderbolt|p1a: Slowking
|-resisted|p1a: Slowking
|-damage|p1a: Slowking|83/100
|
|upkeep
|turn|9
|inactive|Kloakris has 120 seconds left.
|
|t:|1780921436
|move|p2a: GREAT NECK|Dragon Pulse|p1a: Slowking
|-damage|p1a: Slowking|50/100
|move|p1a: Slowking|Psyshock|p2a: GREAT NECK
|-damage|p2a: GREAT NECK|66/100
|
|upkeep
|turn|10
|
|t:|1780921446
|move|p2a: GREAT NECK|Dragon Pulse|p1a: Slowking
|-damage|p1a: Slowking|15/100
|move|p1a: Slowking|Ice Beam|p2a: GREAT NECK
|-supereffective|p2a: GREAT NECK
|-damage|p2a: GREAT NECK|9/100
|
|upkeep
|turn|11
|
|t:|1780921458
|switch|p1a: Kyurem|Kyurem|100/100
|-ability|p1a: Kyurem|Pressure
|move|p2a: GREAT NECK|Dragon Pulse|p1a: Kyurem
|-supereffective|p1a: Kyurem
|-damage|p1a: Kyurem|0 fnt
|faint|p1a: Kyurem
|
|upkeep
|
|t:|1780921466
|switch|p1a: Slowking|Slowking-Galar, M, shiny, tera:Grass|48/100
|-activate|p1a: Slowking|move: Sticky Web
|-unboost|p1a: Slowking|spe|1
|turn|12
|
|t:|1780921468
|move|p2a: GREAT NECK|Dragon Pulse|p1a: Slowking
|-damage|p1a: Slowking|14/100
|move|p1a: Slowking|Psyshock|p2a: GREAT NECK
|-damage|p2a: GREAT NECK|0 fnt
|faint|p2a: GREAT NECK
|-end|p2a: GREAT NECK|Protosynthesis|[silent]
|
|upkeep
|
|t:|1780921475
|switch|p2a: BROTHER STONE|Ogerpon-Cornerstone, F|100/100
|turn|13
|
|t:|1780921478
|switch|p1a: Corviknight|Corviknight, F, shiny|78/100
|-ability|p1a: Corviknight|Pressure
|move|p2a: BROTHER STONE|Ivy Cudgel|p1a: Corviknight|[anim] Ivy Cudgel Rock
|-damage|p1a: Corviknight|37/100
|
|upkeep
|turn|14
|
|t:|1780921481
|move|p2a: BROTHER STONE|Ivy Cudgel|p1a: Corviknight|[anim] Ivy Cudgel Rock
|-damage|p1a: Corviknight|0 fnt
|faint|p1a: Corviknight
|
|upkeep
|
|t:|1780921485
|switch|p1a: Zamazenta|Zamazenta|100/100
|-activate|p1a: Zamazenta|move: Sticky Web
|-unboost|p1a: Zamazenta|spe|1
|-ability|p1a: Zamazenta|Dauntless Shield|boost
|-boost|p1a: Zamazenta|def|1
|turn|15
|
|t:|1780921494
|move|p2a: BROTHER STONE|Power Whip|p1a: Zamazenta
|-damage|p1a: Zamazenta|66/100
|move|p1a: Zamazenta|Crunch|p2a: BROTHER STONE
|-damage|p2a: BROTHER STONE|74/100
|
|-heal|p1a: Zamazenta|72/100|[from] item: Leftovers
|upkeep
|turn|16
|
|t:|1780921504
|move|p2a: BROTHER STONE|Power Whip|p1a: Zamazenta
|-damage|p1a: Zamazenta|36/100
|move|p1a: Zamazenta|Crunch|p2a: BROTHER STONE
|-damage|p2a: BROTHER STONE|47/100
|
|-heal|p1a: Zamazenta|42/100|[from] item: Leftovers
|upkeep
|turn|17
|
|t:|1780921512
|-terastallize|p2a: BROTHER STONE|Rock
|detailschange|p2a: BROTHER STONE|Ogerpon-Cornerstone-Tera, F, tera:Rock
|-ability|p2a: BROTHER STONE|Embody Aspect (Cornerstone)|boost
|-boost|p2a: BROTHER STONE|def|1
|move|p2a: BROTHER STONE|Ivy Cudgel|p1a: Zamazenta|[anim] Ivy Cudgel Rock
|-resisted|p1a: Zamazenta
|-crit|p1a: Zamazenta
|-damage|p1a: Zamazenta|0 fnt
|faint|p1a: Zamazenta
|
|upkeep
|-message|icylikedecember forfeited.
|
|win|Kloakris
|raw|icylikedecember's rating: 1592 &rarr; <strong>1575</strong><br />(-17 for losing)
|raw|Kloakris's rating: 1644 &rarr; <strong>1661</strong><br />(+17 for winning)
|l|☆icylikedecember
|player|p1|
|l|☆Kloakris
|player|p2|
