|j|☆crck like alakazam
|j|☆cachowcapow
|t:|1781403185
|gametype|singles
|player|p1|crck like alakazam|psychic-gen4|1809
|player|p2|cachowcapow|169|1752
|gen|9
|tier|[Gen 9] OU
|rated|
|rule|HP Percentage Mod: HP is shown in percentages
|rule|Endless Battle Clause: Forcing endless battles is banned
|rule|Species Clause: Limit one of each Pokémon
|rule|OHKO Clause: OHKO moves are banned
|rule|Evasion Items Clause: Evasion items are banned
|rule|Evasion Moves Clause: Evasion moves are banned
|rule|Evasion Abilities Clause: Evasion abilities are banned
|rule|Sleep Moves Clause: Sleep-inducing moves are banned
|clearpoke
|poke|p1|Iron Treads|
|poke|p1|Pelipper, M|
|poke|p1|Dondozo, M|
|poke|p1|Overqwil, F|
|poke|p1|Enamorus, F|
|poke|p1|Raging Bolt|
|poke|p2|Primarina, F|
|poke|p2|Slither Wing|
|poke|p2|Slowking-Galar, M|
|poke|p2|Great Tusk|
|poke|p2|Meowscarada, M|
|poke|p2|Gardevoir, F|
|teampreview
|inactive|Battle timer is ON: inactive players will automatically lose when time's up. (requested by crck like alakazam)
|
|t:|1781403199
|teamsize|p1|6
|teamsize|p2|6
|start
|switch|p1a: PurpleRain|Overqwil, F, shiny|100/100
|switch|p2a: Gardevoir|Gardevoir, F, shiny|100/100
|-ability|p2a: Gardevoir|Swift Swim|Trace|[from] ability: Trace|[of] p1a: PurpleRain
|turn|1
|
|t:|1781403210
|switch|p2a: Slither Wing|Slither Wing|100/100
|move|p1a: PurpleRain|Gunk Shot|p2a: Slither Wing|[miss]
|-miss|p1a: PurpleRain|p2a: Slither Wing
|
|upkeep
|turn|2
|
|t:|1781403219
|switch|p1a: 4Pc Peliac Combo|Pelipper, M|100/100
|-weather|RainDance|[from] ability: Drizzle|[of] p1a: 4Pc Peliac Combo
|move|p2a: Slither Wing|U-turn|p1a: 4Pc Peliac Combo
|-resisted|p1a: 4Pc Peliac Combo
|-damage|p1a: 4Pc Peliac Combo|88/100
|
|t:|1781403226
|-end|p2a: Slither Wing|Protosynthesis|[silent]
|switch|p2a: Slowking|Slowking-Galar, M|100/100|[from] U-turn
|
|-weather|RainDance|[upkeep]
|upkeep
|turn|3
|
|t:|1781403228
|move|p1a: 4Pc Peliac Combo|U-turn|p2a: Slowking
|-damage|p2a: Slowking|91/100
|
|t:|1781403233
|switch|p1a: GangStarrFromAbove|Enamorus, F|100/100|[from] U-turn
|-prepare|p2a: Slowking|Chilly Reception|[premajor]
|move|p2a: Slowking|Chilly Reception|p2a: Slowking
|-weather|Snowscape
|
|t:|1781403240
|switch|p2a: Meowscarada|Meowscarada, M|100/100|[from] Chilly Reception
|
|-weather|Snowscape|[upkeep]
|upkeep
|turn|4
|
|t:|1781403246
|switch|p1a: WishABozoWould|Dondozo, M|100/100
|move|p2a: Meowscarada|Triple Axel|p1a: WishABozoWould
|-start|p2a: Meowscarada|typechange|Ice|[from] ability: Protean
|-resisted|p1a: WishABozoWould
|-damage|p1a: WishABozoWould|97/100
|-resisted|p1a: WishABozoWould
|-damage|p1a: WishABozoWould|91/100
|-resisted|p1a: WishABozoWould
|-damage|p1a: WishABozoWould|82/100
|-hitcount|p1a: WishABozoWould|3
|
|-weather|Snowscape|[upkeep]
|upkeep
|turn|5
|
|t:|1781403254
|switch|p2a: Slither Wing|Slither Wing|100/100
|switch|p1a: 4Pc Peliac Combo|Pelipper, M|88/100
|-weather|RainDance|[from] ability: Drizzle|[of] p1a: 4Pc Peliac Combo
|
|-weather|RainDance|[upkeep]
|upkeep
|turn|6
|
|t:|1781403256
|move|p2a: Slither Wing|U-turn|p1a: 4Pc Peliac Combo
|-resisted|p1a: 4Pc Peliac Combo
|-damage|p1a: 4Pc Peliac Combo|76/100
|
|t:|1781403261
|-end|p2a: Slither Wing|Protosynthesis|[silent]
|switch|p2a: Slowking|Slowking-Galar, M|100/100|[from] U-turn
|move|p1a: 4Pc Peliac Combo|U-turn|p2a: Slowking
|-damage|p2a: Slowking|90/100
|
|t:|1781403263
|switch|p1a: WishABozoWould|Dondozo, M|82/100|[from] U-turn
|
|-weather|RainDance|[upkeep]
|upkeep
|turn|7
|
|t:|1781403269
|switch|p2a: Primarina|Primarina, F, shiny|100/100
|move|p1a: WishABozoWould|Wave Crash|p2a: Primarina
|-resisted|p2a: Primarina
|-damage|p2a: Primarina|39/100
|-damage|p1a: WishABozoWould|65/100|[from] Recoil
|
|-weather|RainDance|[upkeep]
|-heal|p2a: Primarina|45/100|[from] item: Leftovers
|upkeep
|turn|8
|
|t:|1781403274
|move|p2a: Primarina|Draining Kiss|p1a: WishABozoWould
|-damage|p1a: WishABozoWould|42/100
|-heal|p2a: Primarina|67/100|[from] drain|[of] p1a: WishABozoWould
|move|p1a: WishABozoWould|Wave Crash|p2a: Primarina
|-resisted|p2a: Primarina
|-damage|p2a: Primarina|10/100
|-damage|p1a: WishABozoWould|27/100|[from] Recoil
|
|-weather|RainDance|[upkeep]
|-heal|p2a: Primarina|16/100|[from] item: Leftovers
|upkeep
|turn|9
|
|t:|1781403282
|move|p2a: Primarina|Psychic Noise|p1a: WishABozoWould
|-resisted|p1a: WishABozoWould
|-damage|p1a: WishABozoWould|4/100
|-start|p1a: WishABozoWould|move: Heal Block
|move|p1a: WishABozoWould|Wave Crash|p2a: Primarina
|-resisted|p2a: Primarina
|-damage|p2a: Primarina|0 fnt
|faint|p2a: Primarina
|-damage|p1a: WishABozoWould|0 fnt|[from] Recoil
|faint|p1a: WishABozoWould
|
|-weather|RainDance|[upkeep]
|upkeep
|j| choispecs ironmoth
|
|t:|1781403295
|switch|p2a: Slowking|Slowking-Galar, M|100/100
|switch|p1a: PurpleRain|Overqwil, F, shiny|100/100
|turn|10
|
|t:|1781403310
|switch|p2a: Slither Wing|Slither Wing|100/100
|move|p1a: PurpleRain|Waterfall|p2a: Slither Wing
|-damage|p2a: Slither Wing|61/100
|-damage|p1a: PurpleRain|84/100|[from] item: Rocky Helmet|[of] p2a: Slither Wing
|-damage|p1a: PurpleRain|74/100|[from] item: Life Orb
|
|-weather|RainDance|[upkeep]
|upkeep
|turn|11
|
|t:|1781403324
|move|p1a: PurpleRain|Gunk Shot|p2a: Slither Wing
|-damage|p2a: Slither Wing|0 fnt
|faint|p2a: Slither Wing
|-end|p2a: Slither Wing|Protosynthesis|[silent]
|-damage|p1a: PurpleRain|64/100|[from] item: Life Orb
|
|-weather|RainDance|[upkeep]
|upkeep
|
|t:|1781403327
|switch|p2a: Great Tusk|Great Tusk|100/100
|turn|12
|j| SCABereno
|
|t:|1781403336
|-terastallize|p1a: PurpleRain|Water
|move|p1a: PurpleRain|Waterfall|p2a: Great Tusk
|-supereffective|p2a: Great Tusk
|-damage|p2a: Great Tusk|0 fnt
|faint|p2a: Great Tusk
|-end|p2a: Great Tusk|Protosynthesis|[silent]
|-damage|p1a: PurpleRain|54/100|[from] item: Life Orb
|
|-weather|none
|upkeep
|
|t:|1781403342
|switch|p2a: Gardevoir|Gardevoir, F, shiny|100/100
|-ability|p2a: Gardevoir|Swift Swim|Trace|[from] ability: Trace|[of] p1a: PurpleRain
|turn|13
|
|t:|1781403347
|switch|p1a: C.T.E.Spins|Iron Treads|100/100
|-enditem|p1a: C.T.E.Spins|Booster Energy
|-activate|p1a: C.T.E.Spins|ability: Quark Drive|[fromitem]
|-start|p1a: C.T.E.Spins|quarkdrivespe
|move|p2a: Gardevoir|Moonblast|p1a: C.T.E.Spins
|-resisted|p1a: C.T.E.Spins
|-damage|p1a: C.T.E.Spins|49/100
|-unboost|p1a: C.T.E.Spins|spa|1
|
|upkeep
|turn|14
|
|t:|1781403363
|switch|p2a: Slowking|Slowking-Galar, M|100/100
|move|p1a: C.T.E.Spins|Earthquake|p2a: Slowking
|-supereffective|p2a: Slowking
|-damage|p2a: Slowking|18/100
|
|upkeep
|turn|15
|l| SCABereno
|
|t:|1781403370
|-terastallize|p2a: Slowking|Flying
|move|p1a: C.T.E.Spins|Volt Switch|p2a: Slowking
|-supereffective|p2a: Slowking
|-damage|p2a: Slowking|9/100
|
|t:|1781403378
|-end|p1a: C.T.E.Spins|Quark Drive|[silent]
|switch|p1a: GangStarrFromAbove|Enamorus, F|100/100|[from] Volt Switch
|-prepare|p2a: Slowking|Chilly Reception|[premajor]
|move|p2a: Slowking|Chilly Reception|p2a: Slowking
|-weather|Snowscape
|
|t:|1781403384
|switch|p2a: Meowscarada|Meowscarada, M|100/100|[from] Chilly Reception
|
|-weather|Snowscape|[upkeep]
|upkeep
|turn|16
|
|t:|1781403390
|switch|p1a: C.T.E.Spins|Iron Treads|49/100
|move|p2a: Meowscarada|U-turn|p1a: C.T.E.Spins
|-start|p2a: Meowscarada|typechange|Bug|[from] ability: Protean
|-resisted|p1a: C.T.E.Spins
|-damage|p1a: C.T.E.Spins|37/100
|
|t:|1781403393
|switch|p2a: Slowking|Slowking-Galar, M, tera:Flying|42/100|[from] U-turn
|
|-weather|Snowscape|[upkeep]
|upkeep
|turn|17
|
|t:|1781403397
|move|p1a: C.T.E.Spins|Stealth Rock|p2a: Slowking
|-sidestart|p2: cachowcapow|move: Stealth Rock
|-prepare|p2a: Slowking|Chilly Reception|[premajor]
|move|p2a: Slowking|Chilly Reception|p2a: Slowking
|
|t:|1781403402
|switch|p2a: Meowscarada|Meowscarada, M|100/100|[from] Chilly Reception
|-damage|p2a: Meowscarada|88/100|[from] Stealth Rock
|
|-weather|Snowscape|[upkeep]
|upkeep
|turn|18
|
|t:|1781403404
|move|p2a: Meowscarada|Flower Trick|p1a: C.T.E.Spins
|-start|p2a: Meowscarada|typechange|Grass|[from] ability: Protean
|-crit|p1a: C.T.E.Spins
|-damage|p1a: C.T.E.Spins|0 fnt
|faint|p1a: C.T.E.Spins
|-end|p1a: C.T.E.Spins|Quark Drive|[silent]
|
|-weather|Snowscape|[upkeep]
|upkeep
|
|t:|1781403408
|switch|p1a: 4Pc Peliac Combo|Pelipper, M|76/100
|-weather|RainDance|[from] ability: Drizzle|[of] p1a: 4Pc Peliac Combo
|turn|19
|
|t:|1781403415
|move|p2a: Meowscarada|Flower Trick|p1a: 4Pc Peliac Combo
|-crit|p1a: 4Pc Peliac Combo
|-damage|p1a: 4Pc Peliac Combo|39/100
|move|p1a: 4Pc Peliac Combo|U-turn|p2a: Meowscarada
|-supereffective|p2a: Meowscarada
|-damage|p2a: Meowscarada|60/100
|
|t:|1781403417
|switch|p1a: Ol'DirtyBolt|Raging Bolt|100/100|[from] U-turn
|-enditem|p1a: Ol'DirtyBolt|Booster Energy
|-activate|p1a: Ol'DirtyBolt|ability: Protosynthesis|[fromitem]
|-start|p1a: Ol'DirtyBolt|protosynthesisspa
|
|-weather|RainDance|[upkeep]
|upkeep
|turn|20
|
|t:|1781403422
|switch|p2a: Slowking|Slowking-Galar, M, tera:Flying|75/100
|move|p1a: Ol'DirtyBolt|Thunder|p2a: Slowking
|-supereffective|p2a: Slowking
|-damage|p2a: Slowking|0 fnt
|faint|p2a: Slowking
|
|-weather|RainDance|[upkeep]
|upkeep
|
|t:|1781403424
|switch|p2a: Gardevoir|Gardevoir, F, shiny|100/100
|-damage|p2a: Gardevoir|88/100|[from] Stealth Rock
|turn|21
|
|t:|1781403433
|-end|p1a: Ol'DirtyBolt|Protosynthesis|[silent]
|switch|p1a: 4Pc Peliac Combo|Pelipper, M|39/100
|-ability|p2a: Gardevoir|Drizzle|Trace|[from] ability: Trace|[of] p1a: 4Pc Peliac Combo
|move|p2a: Gardevoir|Moonblast|p1a: 4Pc Peliac Combo
|-damage|p1a: 4Pc Peliac Combo|0 fnt
|faint|p1a: 4Pc Peliac Combo
|
|-weather|RainDance|[upkeep]
|upkeep
|
|t:|1781403434
|switch|p1a: PurpleRain|Overqwil, F, shiny, tera:Water|54/100
|turn|22
|
|t:|1781403448
|move|p1a: PurpleRain|Waterfall|p2a: Gardevoir
|-damage|p2a: Gardevoir|0 fnt
|faint|p2a: Gardevoir
|-damage|p1a: PurpleRain|44/100|[from] item: Life Orb
|
|-weather|RainDance|[upkeep]
|upkeep
|-message|cachowcapow forfeited.
|
|win|crck like alakazam
|raw|crck like alakazam's rating: 1809 &rarr; <strong>1826</strong><br />(+17 for winning)
|raw|cachowcapow's rating: 1752 &rarr; <strong>1735</strong><br />(-17 for losing)
|l|☆cachowcapow
|player|p2|
