|j|☆washed (real)
|j|☆Gunkip
|t:|1781417924
|gametype|singles
|player|p1|washed (real)|poppy|1473
|player|p2|Gunkip|zinnia|1626
|gen|9
|tier|[Gen 9] OU
|rated|
|rule|HP Percentage Mod: HP is shown in percentages
|rule|Endless Battle Clause: Forcing endless battles is banned
|rule|Species Clause: Limit one of each Pokémon
|rule|OHKO Clause: OHKO moves are banned
|rule|Evasion Items Clause: Evasion items are banned
|rule|Evasion Moves Clause: Evasion moves are banned
|rule|Evasion Abilities Clause: Evasion abilities are banned
|rule|Sleep Moves Clause: Sleep-inducing moves are banned
|clearpoke
|poke|p1|Weezing-Galar, M|
|poke|p1|Alomomola, M|
|poke|p1|Iron Treads|
|poke|p1|Tornadus-Therian, M|
|poke|p1|Zamazenta-*|
|poke|p1|Lokix, F|
|poke|p2|Samurott-Hisui, M|
|poke|p2|Dragonite, M|
|poke|p2|Kingambit, M|
|poke|p2|Iron Moth|
|poke|p2|Iron Valiant|
|poke|p2|Moltres-Galar|
|teampreview
|inactive|Battle timer is ON: inactive players will automatically lose when time's up. (requested by Gunkip)
|
|t:|1781417944
|teamsize|p1|6
|teamsize|p2|6
|start
|switch|p1a: Tornadus|Tornadus-Therian, M|100/100
|switch|p2a: 90% accurate|Samurott-Hisui, M|100/100
|turn|1
|
|t:|1781417951
|move|p1a: Tornadus|U-turn|p2a: 90% accurate
|-supereffective|p2a: 90% accurate
|-damage|p2a: 90% accurate|65/100
|
|t:|1781417974
|switch|p1a: Weezing|Weezing-Galar, M|100/100|[from] U-turn
|-ability|p1a: Weezing|Neutralizing Gas
|move|p2a: 90% accurate|Knock Off|p1a: Weezing
|-resisted|p1a: Weezing
|-damage|p1a: Weezing|86/100
|-enditem|p1a: Weezing|Leftovers|[from] move: Knock Off|[of] p2a: 90% accurate
|
|upkeep
|turn|2
|
|t:|1781417981
|move|p2a: 90% accurate|Aqua Cutter|p1a: Weezing
|-damage|p1a: Weezing|63/100
|move|p1a: Weezing|Will-O-Wisp|p2a: 90% accurate
|-status|p2a: 90% accurate|brn
|
|-damage|p2a: 90% accurate|59/100 brn|[from] brn
|upkeep
|turn|3
|
|t:|1781417996
|-end|p1a: Weezing|ability: Neutralizing Gas
|switch|p1a: Alomomola|Alomomola, M|100/100
|move|p2a: 90% accurate|Ceaseless Edge|p1a: Alomomola
|-damage|p1a: Alomomola|87/100
|-damage|p2a: 90% accurate|42/100 brn|[from] item: Rocky Helmet|[of] p1a: Alomomola
|-sidestart|p1: washed (real)|Spikes
|
|-damage|p2a: 90% accurate|36/100 brn|[from] brn
|upkeep
|turn|4
|
|t:|1781418006
|move|p2a: 90% accurate|Knock Off|p1a: Alomomola
|-damage|p1a: Alomomola|72/100
|-damage|p2a: 90% accurate|20/100 brn|[from] item: Rocky Helmet|[of] p1a: Alomomola
|-enditem|p1a: Alomomola|Rocky Helmet|[from] move: Knock Off|[of] p2a: 90% accurate
|move|p1a: Alomomola|Flip Turn|p2a: 90% accurate
|-resisted|p2a: 90% accurate
|-damage|p2a: 90% accurate|9/100 brn
|
|t:|1781418008
|switch|p1a: Weezing|Weezing-Galar, M|63/100|[from] Flip Turn
|-ability|p1a: Weezing|Neutralizing Gas
|-damage|p1a: Weezing|51/100|[from] Spikes
|
|-damage|p2a: 90% accurate|3/100 brn|[from] brn
|upkeep
|turn|5
|
|t:|1781418020
|switch|p2a: definitely|Iron Moth|100/100
|move|p1a: Weezing|Defog|p2a: definitely
|-unboost|p2a: definitely|evasion|1
|-sideend|p1: washed (real)|Spikes|[from] move: Defog|[of] p1a: Weezing
|
|upkeep
|turn|6
|
|t:|1781418034
|-end|p1a: Weezing|ability: Neutralizing Gas
|switch|p1a: Tornadus|Tornadus-Therian, M|100/100
|-enditem|p2a: definitely|Booster Energy
|-activate|p2a: definitely|ability: Quark Drive|[fromitem]
|-start|p2a: definitely|quarkdrivespe
|move|p2a: definitely|Fiery Dance|p1a: Tornadus
|-damage|p1a: Tornadus|71/100
|-boost|p2a: definitely|spa|1
|
|upkeep
|turn|7
|
|t:|1781418042
|-terastallize|p2a: definitely|Fairy
|move|p2a: definitely|Fiery Dance|p1a: Tornadus
|-damage|p1a: Tornadus|29/100
|move|p1a: Tornadus|Bleakwind Storm|p2a: definitely
|-damage|p2a: definitely|58/100
|
|upkeep
|turn|8
|
|t:|1781418056
|switch|p1a: Weezing|Weezing-Galar, M|51/100
|-ability|p1a: Weezing|Neutralizing Gas
|move|p2a: definitely|Sludge Wave|p1a: Weezing
|-damage|p1a: Weezing|0 fnt
|faint|p1a: Weezing
|-end|p1a: Weezing|ability: Neutralizing Gas
|
|upkeep
|
|t:|1781418076
|switch|p1a: Lokix|Lokix, F|100/100
|turn|9
|
|t:|1781418084
|-end|p2a: definitely|Quark Drive|[silent]
|switch|p2a: 90% accurate|Samurott-Hisui, M|3/100 brn
|move|p1a: Lokix|First Impression|p2a: 90% accurate
|-supereffective|p2a: 90% accurate
|-damage|p2a: 90% accurate|0 fnt
|faint|p2a: 90% accurate
|
|upkeep
|
|t:|1781418101
|switch|p2a: fight the power|Iron Valiant|100/100
|-enditem|p2a: fight the power|Booster Energy
|-activate|p2a: fight the power|ability: Quark Drive|[fromitem]
|-start|p2a: fight the power|quarkdrivespe
|turn|10
|
|t:|1781418113
|switch|p1a: Iron Treads|Iron Treads|100/100
|move|p2a: fight the power|Moonblast|p1a: Iron Treads
|-resisted|p1a: Iron Treads
|-damage|p1a: Iron Treads|74/100
|
|-heal|p1a: Iron Treads|80/100|[from] item: Leftovers
|upkeep
|turn|11
|
|t:|1781418123
|move|p2a: fight the power|Close Combat|p1a: Iron Treads
|-supereffective|p1a: Iron Treads
|-damage|p1a: Iron Treads|0 fnt
|-unboost|p2a: fight the power|def|1
|-unboost|p2a: fight the power|spd|1
|faint|p1a: Iron Treads
|-end|p1a: Iron Treads|Quark Drive|[silent]
|
|upkeep
|
|t:|1781418130
|switch|p1a: Tornadus|Tornadus-Therian, M|62/100
|turn|12
|
|t:|1781418134
|move|p2a: fight the power|Knock Off|p1a: Tornadus
|-damage|p1a: Tornadus|28/100
|-enditem|p1a: Tornadus|Assault Vest|[from] move: Knock Off|[of] p2a: fight the power
|move|p1a: Tornadus|Bleakwind Storm|p2a: fight the power
|-supereffective|p2a: fight the power
|-damage|p2a: fight the power|0 fnt
|faint|p2a: fight the power
|-end|p2a: fight the power|Quark Drive|[silent]
|
|upkeep
|
|t:|1781418142
|switch|p2a: definitely|Iron Moth, tera:Fairy|58/100
|turn|13
|
|t:|1781418163
|move|p1a: Tornadus|Bleakwind Storm|p2a: definitely
|-damage|p2a: definitely|20/100
|move|p2a: definitely|Sludge Wave|p1a: Tornadus
|-damage|p1a: Tornadus|0 fnt
|faint|p1a: Tornadus
|
|upkeep
|inactive|washed (real) has 120 seconds left.
|
|t:|1781418196
|switch|p1a: Lokix|Lokix, F|100/100
|turn|14
|
|t:|1781418204
|move|p1a: Lokix|First Impression|p2a: definitely
|-resisted|p2a: definitely
|-damage|p2a: definitely|0 fnt
|faint|p2a: definitely
|-end|p2a: definitely|Quark Drive|[silent]
|
|upkeep
|
|t:|1781418211
|switch|p2a: bird is the word|Moltres-Galar|100/100
|turn|15
|
|t:|1781418214
|switch|p1a: Zamazenta|Zamazenta|100/100
|-ability|p1a: Zamazenta|Dauntless Shield|boost
|-boost|p1a: Zamazenta|def|1
|move|p2a: bird is the word|Agility|p2a: bird is the word
|-boost|p2a: bird is the word|spe|2
|
|upkeep
|turn|16
|inactive|washed (real) has 120 seconds left.
|inactive|washed (real) has 90 seconds left.
|
|t:|1781418265
|-terastallize|p1a: Zamazenta|Dark
|move|p2a: bird is the word|Hurricane|p1a: Zamazenta|[miss]
|-miss|p2a: bird is the word|p1a: Zamazenta
|move|p1a: Zamazenta|Close Combat|p2a: bird is the word
|-damage|p2a: bird is the word|0 fnt
|-unboost|p1a: Zamazenta|def|1
|-unboost|p1a: Zamazenta|spd|1
|faint|p2a: bird is the word
|
|upkeep
|
|t:|1781418276
|switch|p2a: feels the aura|Dragonite, M|100/100
|turn|17
|
|t:|1781418278
|switch|p1a: Alomomola|Alomomola, M|100/100
|move|p2a: feels the aura|Dragon Dance|p2a: feels the aura
|-boost|p2a: feels the aura|atk|1
|-boost|p2a: feels the aura|spe|1
|
|upkeep
|turn|18
|
|t:|1781418281
|move|p2a: feels the aura|Outrage|p1a: Alomomola
|-damage|p1a: Alomomola|33/100
|move|p1a: Alomomola|Tickle|p2a: feels the aura
|-unboost|p2a: feels the aura|atk|1
|-unboost|p2a: feels the aura|def|1
|
|upkeep
|turn|19
|inactive|washed (real) has 120 seconds left.
|
|t:|1781418288
|move|p1a: Alomomola|Protect|p1a: Alomomola
|-singleturn|p1a: Alomomola|Protect
|move|p2a: feels the aura|Outrage|p1a: Alomomola|[from] lockedmove
|-activate|p1a: Alomomola|move: Protect
|
|upkeep
|turn|20
|inactive|washed (real) has 120 seconds left.
|
|t:|1781418303
|move|p2a: feels the aura|Dragon Dance|p2a: feels the aura
|-boost|p2a: feels the aura|atk|1
|-boost|p2a: feels the aura|spe|1
|move|p1a: Alomomola|Wish|p1a: Alomomola
|
|upkeep
|turn|21
|
|t:|1781418307
|move|p2a: feels the aura|Dragon Dance|p2a: feels the aura
|-boost|p2a: feels the aura|atk|1
|-boost|p2a: feels the aura|spe|1
|move|p1a: Alomomola|Tickle|p2a: feels the aura
|-unboost|p2a: feels the aura|atk|1
|-unboost|p2a: feels the aura|def|1
|
|-heal|p1a: Alomomola|83/100|[from] move: Wish|[wisher] Alomomola
|upkeep
|turn|22
|
|t:|1781418311
|move|p2a: feels the aura|Earthquake|p1a: Alomomola
|-damage|p1a: Alomomola|49/100
|move|p1a: Alomomola|Tickle|p2a: feels the aura
|-unboost|p2a: feels the aura|atk|1
|-unboost|p2a: feels the aura|def|1
|
|upkeep
|turn|23
|
|t:|1781418328
|move|p2a: feels the aura|Dragon Dance|p2a: feels the aura
|-boost|p2a: feels the aura|atk|1
|-boost|p2a: feels the aura|spe|1
|move|p1a: Alomomola|Flip Turn|p2a: feels the aura
|-resisted|p2a: feels the aura
|-damage|p2a: feels the aura|89/100
|
|t:|1781418356
|switch|p1a: Lokix|Lokix, F|100/100|[from] Flip Turn
|
|upkeep
|turn|24
|
|t:|1781418363
|move|p2a: feels the aura|Extreme Speed|p1a: Lokix
|-damage|p1a: Lokix|26/100
|move|p1a: Lokix|First Impression|p2a: feels the aura
|-resisted|p2a: feels the aura
|-damage|p2a: feels the aura|0 fnt
|faint|p2a: feels the aura
|
|upkeep
|
|t:|1781418368
|switch|p2a: tony soprano|Kingambit, M|100/100
|-activate|p2a: tony soprano|ability: Supreme Overlord
|-start|p2a: tony soprano|fallen5|[silent]
|-item|p2a: tony soprano|Air Balloon
|turn|25
|
|t:|1781418375
|switch|p1a: Zamazenta|Zamazenta, tera:Dark|100/100
|move|p2a: tony soprano|Swords Dance|p2a: tony soprano
|-boost|p2a: tony soprano|atk|2
|
|upkeep
|turn|26
|
|t:|1781418381
|move|p2a: tony soprano|Sucker Punch|p1a: Zamazenta
|-resisted|p1a: Zamazenta
|-damage|p1a: Zamazenta|48/100
|move|p1a: Zamazenta|Close Combat|p2a: tony soprano
|-supereffective|p2a: tony soprano
|-damage|p2a: tony soprano|0 fnt
|-unboost|p1a: Zamazenta|def|1
|-unboost|p1a: Zamazenta|spd|1
|-enditem|p2a: tony soprano|Air Balloon
|faint|p2a: tony soprano
|-end|p2a: tony soprano|fallen5|[silent]
|
|win|washed (real)
|raw|washed (real)'s rating: 1473 &rarr; <strong>1501</strong><br />(+28 for winning)
|raw|Gunkip's rating: 1626 &rarr; <strong>1598</strong><br />(-28 for losing)
|l|☆Gunkip
|player|p2|
|l|☆washed (real)
|player|p1|
