|j|☆bigtestsofbig
|j|☆KurisuChestnutLab
|t:|1781143039
|gametype|singles
|player|p1|bigtestsofbig|265|1563
|player|p2|KurisuChestnutLab|may-contest|1592
|gen|9
|tier|[Gen 9] OU
|rated|
|rule|HP Percentage Mod: HP is shown in percentages
|rule|Endless Battle Clause: Forcing endless battles is banned
|rule|Species Clause: Limit one of each Pokémon
|rule|OHKO Clause: OHKO moves are banned
|rule|Evasion Items Clause: Evasion items are banned
|rule|Evasion Moves Clause: Evasion moves are banned
|rule|Evasion Abilities Clause: Evasion abilities are banned
|rule|Sleep Moves Clause: Sleep-inducing moves are banned
|clearpoke
|poke|p1|Garchomp, M|
|poke|p1|Kingambit, M|
|poke|p1|Hatterene, F|
|poke|p1|Iron Treads|
|poke|p1|Dragonite, M|
|poke|p1|Moltres|
|poke|p2|Zamazenta-*|
|poke|p2|Zapdos|
|poke|p2|Garganacl, F|
|poke|p2|Clefable, M|
|poke|p2|Samurott-Hisui, F|
|poke|p2|Gholdengo|
|teampreview
|inactive|Battle timer is ON: inactive players will automatically lose when time's up. (requested by KurisuChestnutLab)
|
|t:|1781143046
|teamsize|p1|6
|teamsize|p2|6
|start
|switch|p1a: Garchomp|Garchomp, M|100/100
|switch|p2a: Zamazenta|Zamazenta|100/100
|-ability|p2a: Zamazenta|Dauntless Shield|boost
|-boost|p2a: Zamazenta|def|1
|turn|1
|
|t:|1781143055
|move|p2a: Zamazenta|Iron Defense|p2a: Zamazenta
|-boost|p2a: Zamazenta|def|2
|move|p1a: Garchomp|Spikes|p2a: Zamazenta
|-sidestart|p2: KurisuChestnutLab|Spikes
|
|upkeep
|turn|2
|
|t:|1781143059
|switch|p1a: Hatterene|Hatterene, F|100/100
|move|p2a: Zamazenta|Body Press|p1a: Hatterene
|-resisted|p1a: Hatterene
|-damage|p1a: Hatterene|80/100
|
|upkeep
|turn|3
|
|t:|1781143066
|switch|p2a: Garganacl|Garganacl, F|100/100
|-damage|p2a: Garganacl|88/100|[from] Spikes
|switch|p1a: Moltres|Moltres|100/100
|
|-heal|p2a: Garganacl|94/100|[from] item: Leftovers
|upkeep
|turn|4
|
|t:|1781143072
|switch|p1a: Garchomp|Garchomp, M|100/100
|move|p2a: Garganacl|Salt Cure|p1a: Garchomp
|-resisted|p1a: Garchomp
|-damage|p1a: Garchomp|94/100
|-start|p1a: Garchomp|Salt Cure
|
|-heal|p2a: Garganacl|100/100|[from] item: Leftovers
|-damage|p1a: Garchomp|81/100|[from] Salt Cure
|upkeep
|turn|5
|
|t:|1781143079
|switch|p2a: Zapdos|Zapdos|100/100
|move|p1a: Garchomp|Earthquake|p2a: Zapdos
|-immune|p2a: Zapdos
|
|-damage|p1a: Garchomp|69/100|[from] Salt Cure
|upkeep
|turn|6
|
|t:|1781143083
|switch|p1a: Iron Treads|Iron Treads|100/100
|move|p2a: Zapdos|Hurricane|p1a: Iron Treads|[miss]
|-miss|p2a: Zapdos|p1a: Iron Treads
|
|upkeep
|turn|7
|
|t:|1781143088
|move|p1a: Iron Treads|Stealth Rock|p2a: Zapdos
|-sidestart|p2: KurisuChestnutLab|move: Stealth Rock
|move|p2a: Zapdos|Hurricane|p1a: Iron Treads
|-resisted|p1a: Iron Treads
|-damage|p1a: Iron Treads|65/100
|
|upkeep
|turn|8
|
|t:|1781143100
|move|p1a: Iron Treads|Ice Spinner|p2a: Zapdos
|-supereffective|p2a: Zapdos
|-damage|p2a: Zapdos|63/100
|move|p2a: Zapdos|Hurricane|p1a: Iron Treads
|-resisted|p1a: Iron Treads
|-damage|p1a: Iron Treads|33/100
|
|upkeep
|turn|9
|
|t:|1781143107
|move|p1a: Iron Treads|Ice Spinner|p2a: Zapdos
|-supereffective|p2a: Zapdos
|-damage|p2a: Zapdos|27/100
|move|p2a: Zapdos|Roost|p2a: Zapdos
|-heal|p2a: Zapdos|78/100
|-singleturn|p2a: Zapdos|move: Roost
|
|upkeep
|turn|10
|
|t:|1781143115
|move|p1a: Iron Treads|Ice Spinner|p2a: Zapdos
|-supereffective|p2a: Zapdos
|-damage|p2a: Zapdos|38/100
|-status|p1a: Iron Treads|par|[from] ability: Static|[of] p2a: Zapdos
|move|p2a: Zapdos|Roost|p2a: Zapdos
|-heal|p2a: Zapdos|88/100
|-singleturn|p2a: Zapdos|move: Roost
|
|upkeep
|turn|11
|
|t:|1781143121
|move|p2a: Zapdos|Hurricane|p1a: Iron Treads|[miss]
|-miss|p2a: Zapdos|p1a: Iron Treads
|move|p1a: Iron Treads|Ice Spinner|p2a: Zapdos
|-supereffective|p2a: Zapdos
|-damage|p2a: Zapdos|53/100
|
|upkeep
|turn|12
|
|t:|1781143124
|move|p2a: Zapdos|Roost|p2a: Zapdos
|-heal|p2a: Zapdos|100/100
|-singleturn|p2a: Zapdos|move: Roost
|move|p1a: Iron Treads|Earthquake|p2a: Zapdos
|-supereffective|p2a: Zapdos
|-damage|p2a: Zapdos|38/100
|
|upkeep
|turn|13
|
|t:|1781143135
|move|p2a: Zapdos|Roost|p2a: Zapdos
|-heal|p2a: Zapdos|88/100
|-singleturn|p2a: Zapdos|move: Roost
|move|p1a: Iron Treads|Earthquake|p2a: Zapdos
|-supereffective|p2a: Zapdos
|-damage|p2a: Zapdos|24/100
|
|upkeep
|turn|14
|
|t:|1781143140
|move|p2a: Zapdos|Roost|p2a: Zapdos
|-heal|p2a: Zapdos|74/100
|-singleturn|p2a: Zapdos|move: Roost
|cant|p1a: Iron Treads|par
|
|upkeep
|turn|15
|
|t:|1781143144
|move|p2a: Zapdos|Hurricane|p1a: Iron Treads
|-resisted|p1a: Iron Treads
|-damage|p1a: Iron Treads|0 fnt
|faint|p1a: Iron Treads
|-end|p1a: Iron Treads|Quark Drive|[silent]
|
|upkeep
|
|t:|1781143148
|switch|p1a: Garchomp|Garchomp, M|69/100
|turn|16
|
|t:|1781143151
|move|p1a: Garchomp|Scale Shot|p2a: Zapdos
|-damage|p2a: Zapdos|59/100
|-damage|p2a: Zapdos|45/100
|-hitcount|p2a: Zapdos|2
|-unboost|p1a: Garchomp|def|1
|-boost|p1a: Garchomp|spe|1
|-damage|p1a: Garchomp|59/100|[from] item: Life Orb
|move|p2a: Zapdos|Hurricane|p1a: Garchomp|[miss]
|-miss|p2a: Zapdos|p1a: Garchomp
|
|upkeep
|turn|17
|
|t:|1781143159
|move|p1a: Garchomp|Scale Shot|p2a: Zapdos
|-damage|p2a: Zapdos|32/100
|-damage|p2a: Zapdos|19/100
|-damage|p2a: Zapdos|5/100
|-hitcount|p2a: Zapdos|3
|-unboost|p1a: Garchomp|def|1
|-boost|p1a: Garchomp|spe|1
|-damage|p1a: Garchomp|50/100|[from] item: Life Orb
|move|p2a: Zapdos|Roost|p2a: Zapdos
|-heal|p2a: Zapdos|55/100
|-singleturn|p2a: Zapdos|move: Roost
|
|upkeep
|turn|18
|
|t:|1781143167
|move|p1a: Garchomp|Scale Shot|p2a: Zapdos
|-damage|p2a: Zapdos|40/100
|-damage|p2a: Zapdos|26/100
|-crit|p2a: Zapdos
|-damage|p2a: Zapdos|4/100
|-hitcount|p2a: Zapdos|3
|-unboost|p1a: Garchomp|def|1
|-boost|p1a: Garchomp|spe|1
|-damage|p1a: Garchomp|40/100|[from] item: Life Orb
|move|p2a: Zapdos|Roost|p2a: Zapdos
|-heal|p2a: Zapdos|54/100
|-singleturn|p2a: Zapdos|move: Roost
|
|upkeep
|turn|19
|
|t:|1781143174
|move|p1a: Garchomp|Scale Shot|p2a: Zapdos|[miss]
|-miss|p1a: Garchomp|p2a: Zapdos
|move|p2a: Zapdos|Roost|p2a: Zapdos
|-heal|p2a: Zapdos|100/100
|-singleturn|p2a: Zapdos|move: Roost
|
|upkeep
|turn|20
|
|t:|1781143180
|move|p1a: Garchomp|Scale Shot|p2a: Zapdos
|-damage|p2a: Zapdos|85/100
|-damage|p2a: Zapdos|71/100
|-damage|p2a: Zapdos|58/100
|-damage|p2a: Zapdos|46/100
|-damage|p2a: Zapdos|31/100
|-hitcount|p2a: Zapdos|5
|-unboost|p1a: Garchomp|def|1
|-boost|p1a: Garchomp|spe|1
|-damage|p1a: Garchomp|30/100|[from] item: Life Orb
|move|p2a: Zapdos|Hurricane|p1a: Garchomp
|-damage|p1a: Garchomp|0 fnt
|faint|p1a: Garchomp
|
|upkeep
|
|t:|1781143185
|switch|p1a: Kingambit|Kingambit, M|100/100
|-activate|p1a: Kingambit|ability: Supreme Overlord
|-start|p1a: Kingambit|fallen2|[silent]
|turn|21
|
|t:|1781143192
|switch|p2a: Zamazenta|Zamazenta|100/100
|-damage|p2a: Zamazenta|88/100|[from] Spikes
|-damage|p2a: Zamazenta|82/100|[from] Stealth Rock
|move|p1a: Kingambit|Swords Dance|p1a: Kingambit
|-boost|p1a: Kingambit|atk|2
|
|-heal|p2a: Zamazenta|88/100|[from] item: Leftovers
|upkeep
|turn|22
|
|t:|1781143196
|-end|p1a: Kingambit|fallen2|[silent]
|switch|p1a: Moltres|Moltres|100/100
|move|p2a: Zamazenta|Iron Defense|p2a: Zamazenta
|-boost|p2a: Zamazenta|def|2
|
|-heal|p2a: Zamazenta|94/100|[from] item: Leftovers
|upkeep
|turn|23
|
|t:|1781143200
|-terastallize|p2a: Zamazenta|Fire
|move|p2a: Zamazenta|Iron Defense|p2a: Zamazenta
|-boost|p2a: Zamazenta|def|2
|move|p1a: Moltres|Hurricane|p2a: Zamazenta
|-damage|p2a: Zamazenta|52/100
|
|-heal|p2a: Zamazenta|58/100|[from] item: Leftovers
|upkeep
|turn|24
|
|t:|1781143208
|move|p2a: Zamazenta|Body Press|p1a: Moltres
|-resisted|p1a: Moltres
|-crit|p1a: Moltres
|-damage|p1a: Moltres|29/100
|move|p1a: Moltres|Hurricane|p2a: Zamazenta
|-damage|p2a: Zamazenta|15/100
|-start|p2a: Zamazenta|confusion
|
|-heal|p2a: Zamazenta|21/100|[from] item: Leftovers
|upkeep
|turn|25
|
|t:|1781143216
|switch|p1a: Hatterene|Hatterene, F|80/100
|-activate|p2a: Zamazenta|confusion
|move|p2a: Zamazenta|Body Press|p1a: Hatterene
|-resisted|p1a: Hatterene
|-damage|p1a: Hatterene|54/100
|
|-heal|p2a: Zamazenta|27/100|[from] item: Leftovers
|upkeep
|turn|26
|
|t:|1781143219
|-end|p2a: Zamazenta|confusion
|move|p2a: Zamazenta|Iron Defense|p2a: Zamazenta
|-boost|p2a: Zamazenta|def|2
|move|p1a: Hatterene|Psychic Noise|p2a: Zamazenta
|-damage|p2a: Zamazenta|0 fnt
|faint|p2a: Zamazenta
|
|upkeep
|
|t:|1781143223
|switch|p2a: Garganacl|Garganacl, F|100/100
|-damage|p2a: Garganacl|88/100|[from] Spikes
|-damage|p2a: Garganacl|76/100|[from] Stealth Rock
|turn|27
|
|t:|1781143232
|move|p2a: Garganacl|Salt Cure|p1a: Hatterene
|-damage|p1a: Hatterene|40/100
|-start|p1a: Hatterene|Salt Cure
|move|p1a: Hatterene|Psychic Noise|p2a: Garganacl
|-damage|p2a: Garganacl|50/100
|-start|p2a: Garganacl|move: Heal Block
|
|-damage|p1a: Hatterene|28/100|[from] Salt Cure
|upkeep
|turn|28
|
|t:|1781143236
|move|p2a: Garganacl|Salt Cure|p1a: Hatterene
|-damage|p1a: Hatterene|14/100
|move|p1a: Hatterene|Psychic Noise|p2a: Garganacl
|-damage|p2a: Garganacl|23/100
|
|-damage|p1a: Hatterene|1/100|[from] Salt Cure
|-end|p2a: Garganacl|move: Heal Block
|upkeep
|turn|29
|
|t:|1781143241
|switch|p1a: Kingambit|Kingambit, M|100/100
|-activate|p1a: Kingambit|ability: Supreme Overlord
|-start|p1a: Kingambit|fallen2|[silent]
|move|p2a: Garganacl|Recover|p2a: Garganacl
|-heal|p2a: Garganacl|73/100
|
|-heal|p2a: Garganacl|79/100|[from] item: Leftovers
|upkeep
|turn|30
|
|t:|1781143245
|switch|p2a: Zapdos|Zapdos|31/100
|move|p1a: Kingambit|Iron Head|p2a: Zapdos
|-resisted|p2a: Zapdos
|-damage|p2a: Zapdos|11/100
|
|upkeep
|turn|31
|
|t:|1781143250
|switch|p2a: Clefable|Clefable, M|100/100
|move|p1a: Kingambit|Swords Dance|p1a: Kingambit
|-boost|p1a: Kingambit|atk|2
|
|upkeep
|turn|32
|
|t:|1781143254
|move|p2a: Clefable|Thunder Wave|p1a: Kingambit
|-status|p1a: Kingambit|par
|move|p1a: Kingambit|Iron Head|p2a: Clefable
|-supereffective|p2a: Clefable
|-damage|p2a: Clefable|17/100
|
|upkeep
|turn|33
|
|t:|1781143260
|move|p2a: Clefable|Moonblast|p1a: Kingambit
|-damage|p1a: Kingambit|73/100 par
|move|p1a: Kingambit|Kowtow Cleave|p2a: Clefable
|-resisted|p2a: Clefable
|-damage|p2a: Clefable|0 fnt
|faint|p2a: Clefable
|
|-heal|p1a: Kingambit|79/100 par|[from] item: Leftovers
|upkeep
|
|t:|1781143263
|switch|p2a: Garganacl|Garganacl, F|79/100
|-damage|p2a: Garganacl|67/100|[from] Spikes
|-damage|p2a: Garganacl|54/100|[from] Stealth Rock
|turn|34
|
|t:|1781143270
|move|p2a: Garganacl|Salt Cure|p1a: Kingambit
|-resisted|p1a: Kingambit
|-damage|p1a: Kingambit|74/100 par
|-start|p1a: Kingambit|Salt Cure
|move|p1a: Kingambit|Iron Head|p2a: Garganacl
|-supereffective|p2a: Garganacl
|-damage|p2a: Garganacl|0 fnt
|faint|p2a: Garganacl
|
|-heal|p1a: Kingambit|80/100 par|[from] item: Leftovers
|-damage|p1a: Kingambit|55/100 par|[from] Salt Cure
|upkeep
|
|t:|1781143274
|switch|p2a: Zapdos|Zapdos|11/100
|turn|35
|
|t:|1781143279
|-end|p1a: Kingambit|fallen2|[silent]
|switch|p1a: Hatterene|Hatterene, F|1/100
|move|p2a: Zapdos|Hurricane|p1a: Hatterene|[miss]
|-miss|p2a: Zapdos|p1a: Hatterene
|
|upkeep
|turn|36
|
|t:|1781143283
|move|p2a: Zapdos|Volt Switch|p1a: Hatterene
|-damage|p1a: Hatterene|0 fnt
|faint|p1a: Hatterene
|
|t:|1781143287
|switch|p2a: Samurott|Samurott-Hisui, F|100/100|[from] Volt Switch
|-damage|p2a: Samurott|88/100|[from] Spikes
|-damage|p2a: Samurott|76/100|[from] Stealth Rock
|
|upkeep
|
|t:|1781143291
|switch|p1a: Dragonite|Dragonite, M|100/100
|turn|37
|
|t:|1781143296
|switch|p2a: Gholdengo|Gholdengo|100/100
|-damage|p2a: Gholdengo|88/100|[from] Spikes
|-damage|p2a: Gholdengo|82/100|[from] Stealth Rock
|move|p1a: Dragonite|Dragon Tail|p2a: Gholdengo
|-resisted|p2a: Gholdengo
|-damage|p2a: Gholdengo|62/100
|drag|p2a: Zapdos|Zapdos|11/100
|
|upkeep
|turn|38
|
|t:|1781143305
|switch|p2a: Gholdengo|Gholdengo|62/100
|-damage|p2a: Gholdengo|50/100|[from] Spikes
|-damage|p2a: Gholdengo|44/100|[from] Stealth Rock
|move|p1a: Dragonite|Extreme Speed|p2a: Gholdengo
|-immune|p2a: Gholdengo
|
|upkeep
|turn|39
|
|t:|1781143310
|switch|p2a: Zapdos|Zapdos|11/100
|move|p1a: Dragonite|Earthquake|p2a: Zapdos
|-immune|p2a: Zapdos
|
|upkeep
|turn|40
|
|t:|1781143313
|switch|p2a: Gholdengo|Gholdengo|44/100
|-damage|p2a: Gholdengo|32/100|[from] Spikes
|-damage|p2a: Gholdengo|26/100|[from] Stealth Rock
|move|p1a: Dragonite|Extreme Speed|p2a: Gholdengo
|-immune|p2a: Gholdengo
|
|upkeep
|turn|41
|
|t:|1781143316
|switch|p2a: Zapdos|Zapdos|11/100
|move|p1a: Dragonite|Earthquake|p2a: Zapdos
|-immune|p2a: Zapdos
|
|upkeep
|turn|42
|
|t:|1781143322
|move|p1a: Dragonite|Extreme Speed|p2a: Zapdos
|-damage|p2a: Zapdos|0 fnt
|-status|p1a: Dragonite|par|[from] ability: Static|[of] p2a: Zapdos
|faint|p2a: Zapdos
|
|upkeep
|
|t:|1781143324
|switch|p2a: Samurott|Samurott-Hisui, F|76/100
|-damage|p2a: Samurott|63/100|[from] Spikes
|-damage|p2a: Samurott|51/100|[from] Stealth Rock
|turn|43
|
|t:|1781143329
|switch|p1a: Moltres|Moltres|29/100
|move|p2a: Samurott|Razor Shell|p1a: Moltres
|-supereffective|p1a: Moltres
|-damage|p1a: Moltres|0 fnt
|faint|p1a: Moltres
|
|upkeep
|
|t:|1781143336
|switch|p1a: Kingambit|Kingambit, M|55/100 par
|-activate|p1a: Kingambit|ability: Supreme Overlord
|-start|p1a: Kingambit|fallen4|[silent]
|turn|44
|
|t:|1781143343
|move|p2a: Samurott|Razor Shell|p1a: Kingambit
|-damage|p1a: Kingambit|15/100 par
|-unboost|p1a: Kingambit|def|1
|move|p1a: Kingambit|Kowtow Cleave|p2a: Samurott
|-resisted|p2a: Samurott
|-damage|p2a: Samurott|5/100
|
|-heal|p1a: Kingambit|21/100 par|[from] item: Leftovers
|upkeep
|turn|45
|
|t:|1781143351
|move|p1a: Kingambit|Sucker Punch|p2a: Samurott
|-resisted|p2a: Samurott
|-damage|p2a: Samurott|0 fnt
|faint|p2a: Samurott
|
|-heal|p1a: Kingambit|27/100 par|[from] item: Leftovers
|upkeep
|
|t:|1781143353
|switch|p2a: Gholdengo|Gholdengo|26/100
|-damage|p2a: Gholdengo|13/100|[from] Spikes
|-damage|p2a: Gholdengo|7/100|[from] Stealth Rock
|turn|46
|
|t:|1781143357
|cant|p1a: Kingambit|par
|move|p2a: Gholdengo|Dazzling Gleam|p1a: Kingambit
|-damage|p1a: Kingambit|0 fnt
|faint|p1a: Kingambit
|-end|p1a: Kingambit|fallen4|[silent]
|
|upkeep
|
|t:|1781143362
|switch|p1a: Dragonite|Dragonite, M|100/100 par
|turn|47
|
|t:|1781143366
|-terastallize|p1a: Dragonite|Normal
|move|p2a: Gholdengo|Dazzling Gleam|p1a: Dragonite
|-damage|p1a: Dragonite|88/100 par
|move|p1a: Dragonite|Earthquake|p2a: Gholdengo
|-supereffective|p2a: Gholdengo
|-damage|p2a: Gholdengo|0 fnt
|faint|p2a: Gholdengo
|
|win|bigtestsofbig
|raw|bigtestsofbig's rating: 1563 &rarr; <strong>1583</strong><br />(+20 for winning)
|raw|KurisuChestnutLab's rating: 1569 &rarr; <strong>1549</strong><br />(-20 for losing)
