|j|☆mastersannin
|j|☆KurisuChestnutLab
|t:|1781108534
|gametype|singles
|player|p1|mastersannin|170|1532
|player|p2|KurisuChestnutLab|may-contest|1527
|gen|9
|tier|[Gen 9] OU
|rated|
|rule|HP Percentage Mod: HP is shown in percentages
|rule|Endless Battle Clause: Forcing endless battles is banned
|rule|Species Clause: Limit one of each Pokémon
|rule|OHKO Clause: OHKO moves are banned
|rule|Evasion Items Clause: Evasion items are banned
|rule|Evasion Moves Clause: Evasion moves are banned
|rule|Evasion Abilities Clause: Evasion abilities are banned
|rule|Sleep Moves Clause: Sleep-inducing moves are banned
|clearpoke
|poke|p1|Samurott-Hisui, F|
|poke|p1|Zapdos|
|poke|p1|Iron Treads|
|poke|p1|Ceruledge, M|
|poke|p1|Gholdengo|
|poke|p1|Kingambit, M|
|poke|p2|Primarina, F|
|poke|p2|Hippowdon, M|
|poke|p2|Skarmory, M|
|poke|p2|Zapdos|
|poke|p2|Dragonite, M|
|poke|p2|Slowking, M|
|teampreview
|inactive|Battle timer is ON: inactive players will automatically lose when time's up. (requested by mastersannin)
|inactive|KurisuChestnutLab also wants the timer to be on.
|
|t:|1781108556
|teamsize|p1|6
|teamsize|p2|6
|start
|switch|p1a: Samurott|Samurott-Hisui, F|100/100
|switch|p2a: Primarina|Primarina, F|100/100
|turn|1
|
|t:|1781108562
|-terastallize|p1a: Samurott|Poison
|move|p1a: Samurott|Razor Shell|p2a: Primarina
|-resisted|p2a: Primarina
|-damage|p2a: Primarina|73/100
|move|p2a: Primarina|Moonblast|p1a: Samurott
|-resisted|p1a: Samurott
|-damage|p1a: Samurott|82/100
|
|upkeep
|turn|2
|
|t:|1781108568
|move|p1a: Samurott|Razor Shell|p2a: Primarina
|-resisted|p2a: Primarina
|-damage|p2a: Primarina|44/100
|-unboost|p2a: Primarina|def|1
|move|p2a: Primarina|Surf|p1a: Samurott
|-damage|p1a: Samurott|49/100
|
|upkeep
|turn|3
|
|t:|1781108575
|move|p1a: Samurott|Ceaseless Edge|p2a: Primarina
|-resisted|p2a: Primarina
|-damage|p2a: Primarina|7/100
|-sidestart|p2: KurisuChestnutLab|Spikes
|move|p2a: Primarina|Surf|p1a: Samurott
|-damage|p1a: Samurott|0 fnt
|faint|p1a: Samurott
|
|upkeep
|c|☆mastersannin|how it went from 33% to 48
|
|t:|1781108599
|switch|p1a: Iron Treads|Iron Treads|100/100
|turn|4
|
|t:|1781108603
|switch|p2a: Zapdos|Zapdos|100/100
|move|p1a: Iron Treads|Rapid Spin|p2a: Zapdos
|-damage|p2a: Zapdos|89/100
|-boost|p1a: Iron Treads|spe|1
|-status|p1a: Iron Treads|par|[from] ability: Static|[of] p2a: Zapdos
|
|upkeep
|turn|5
|
|t:|1781108609
|move|p1a: Iron Treads|Knock Off|p2a: Zapdos
|-damage|p2a: Zapdos|67/100
|-enditem|p2a: Zapdos|Heavy-Duty Boots|[from] move: Knock Off|[of] p1a: Iron Treads
|move|p2a: Zapdos|Heat Wave|p1a: Iron Treads
|-supereffective|p1a: Iron Treads
|-damage|p1a: Iron Treads|29/100 par
|
|-heal|p1a: Iron Treads|35/100 par|[from] item: Leftovers
|upkeep
|turn|6
|
|t:|1781108617
|move|p1a: Iron Treads|Stealth Rock|p2a: Zapdos
|-sidestart|p2: KurisuChestnutLab|move: Stealth Rock
|move|p2a: Zapdos|Heat Wave|p1a: Iron Treads
|-supereffective|p1a: Iron Treads
|-damage|p1a: Iron Treads|0 fnt
|faint|p1a: Iron Treads
|-end|p1a: Iron Treads|Quark Drive|[silent]
|
|upkeep
|
|t:|1781108622
|switch|p1a: Ceruledge|Ceruledge, M|100/100
|turn|7
|
|t:|1781108626
|move|p2a: Zapdos|Hurricane|p1a: Ceruledge
|-damage|p1a: Ceruledge|56/100
|move|p1a: Ceruledge|Swords Dance|p1a: Ceruledge
|-boost|p1a: Ceruledge|atk|2
|
|upkeep
|turn|8
|
|t:|1781108631
|move|p2a: Zapdos|Volt Switch|p1a: Ceruledge
|-damage|p1a: Ceruledge|29/100
|
|t:|1781108635
|switch|p2a: Primarina|Primarina, F|7/100|[from] Volt Switch
|-damage|p2a: Primarina|0 fnt|[from] Spikes
|faint|p2a: Primarina
|move|p1a: Ceruledge|Bitter Blade|p2: Primarina|[notarget]
|-fail|p1a: Ceruledge
|
|upkeep
|
|t:|1781108639
|switch|p2a: Dragonite|Dragonite, M|100/100
|turn|9
|
|t:|1781108644
|move|p1a: Ceruledge|Shadow Sneak|p2a: Dragonite
|-damage|p2a: Dragonite|75/100
|move|p2a: Dragonite|Earthquake|p1a: Ceruledge
|-supereffective|p1a: Ceruledge
|-crit|p1a: Ceruledge
|-damage|p1a: Ceruledge|0 fnt
|faint|p1a: Ceruledge
|
|upkeep
|
|t:|1781108648
|switch|p1a: Zapdos|Zapdos|100/100
|turn|10
|
|t:|1781108652
|move|p2a: Dragonite|Roost|p2a: Dragonite
|-heal|p2a: Dragonite|100/100
|-singleturn|p2a: Dragonite|move: Roost
|move|p1a: Zapdos|Hurricane|p2a: Dragonite
|-damage|p2a: Dragonite|78/100
|-start|p2a: Dragonite|confusion
|
|upkeep
|turn|11
|
|t:|1781108659
|switch|p2a: Hippowdon|Hippowdon, M|100/100
|-damage|p2a: Hippowdon|88/100|[from] Spikes
|-damage|p2a: Hippowdon|82/100|[from] Stealth Rock
|-weather|Sandstorm|[from] ability: Sand Stream|[of] p2a: Hippowdon
|move|p1a: Zapdos|Thunder Wave|p2a: Hippowdon
|-immune|p2a: Hippowdon
|
|-weather|Sandstorm|[upkeep]
|-damage|p1a: Zapdos|94/100|[from] Sandstorm
|-heal|p2a: Hippowdon|88/100|[from] item: Leftovers
|upkeep
|turn|12
|
|t:|1781108663
|move|p1a: Zapdos|Hurricane|p2a: Hippowdon
|-damage|p2a: Hippowdon|42/100
|move|p2a: Hippowdon|Slack Off|p2a: Hippowdon
|-heal|p2a: Hippowdon|92/100
|
|-weather|Sandstorm|[upkeep]
|-damage|p1a: Zapdos|88/100|[from] Sandstorm
|-heal|p2a: Hippowdon|98/100|[from] item: Leftovers
|upkeep
|turn|13
|
|t:|1781108669
|move|p1a: Zapdos|Hurricane|p2a: Hippowdon
|-damage|p2a: Hippowdon|51/100
|move|p2a: Hippowdon|Slack Off|p2a: Hippowdon
|-heal|p2a: Hippowdon|100/100
|
|-weather|Sandstorm|[upkeep]
|-damage|p1a: Zapdos|82/100|[from] Sandstorm
|upkeep
|turn|14
|
|t:|1781108677
|switch|p2a: Zapdos|Zapdos|67/100
|-damage|p2a: Zapdos|42/100|[from] Stealth Rock
|move|p1a: Zapdos|Hurricane|p2a: Zapdos
|-resisted|p2a: Zapdos
|-damage|p2a: Zapdos|20/100
|-start|p2a: Zapdos|confusion
|
|-weather|Sandstorm|[upkeep]
|-damage|p2a: Zapdos|14/100|[from] Sandstorm
|-damage|p1a: Zapdos|76/100|[from] Sandstorm
|upkeep
|turn|15
|
|t:|1781108684
|-activate|p2a: Zapdos|confusion
|-damage|p2a: Zapdos|8/100|[from] confusion
|move|p1a: Zapdos|Volt Switch|p2a: Zapdos
|-damage|p2a: Zapdos|0 fnt
|faint|p2a: Zapdos
|
|t:|1781108688
|switch|p1a: Kingambit|Kingambit, M|100/100|[from] Volt Switch
|-activate|p1a: Kingambit|ability: Supreme Overlord
|-start|p1a: Kingambit|fallen3|[silent]
|
|-weather|none
|upkeep
|
|t:|1781108694
|switch|p2a: Dragonite|Dragonite, M|78/100
|turn|16
|
|t:|1781108700
|-end|p1a: Kingambit|fallen3|[silent]
|switch|p1a: Gholdengo|Gholdengo|100/100
|-item|p1a: Gholdengo|Air Balloon
|move|p2a: Dragonite|Earthquake|p1a: Gholdengo
|-immune|p1a: Gholdengo
|
|upkeep
|turn|17
|
|t:|1781108705
|move|p2a: Dragonite|Dragon Dance|p2a: Dragonite
|-boost|p2a: Dragonite|atk|1
|-boost|p2a: Dragonite|spe|1
|move|p1a: Gholdengo|Thunder Wave|p2a: Dragonite
|-status|p2a: Dragonite|par
|
|upkeep
|turn|18
|
|t:|1781108712
|move|p1a: Gholdengo|Hex|p2a: Dragonite
|-damage|p2a: Dragonite|14/100 par
|move|p2a: Dragonite|Roost|p2a: Dragonite
|-heal|p2a: Dragonite|64/100 par
|-singleturn|p2a: Dragonite|move: Roost
|
|upkeep
|turn|19
|
|t:|1781108715
|-terastallize|p2a: Dragonite|Normal
|move|p1a: Gholdengo|Hex|p2a: Dragonite
|-immune|p2a: Dragonite
|move|p2a: Dragonite|Roost|p2a: Dragonite
|-heal|p2a: Dragonite|100/100 par
|
|upkeep
|turn|20
|
|t:|1781108722
|move|p1a: Gholdengo|Focus Blast|p2a: Dragonite|[miss]
|-miss|p1a: Gholdengo|p2a: Dragonite
|cant|p2a: Dragonite|par
|
|upkeep
|turn|21
|
|t:|1781108725
|move|p1a: Gholdengo|Focus Blast|p2a: Dragonite
|-supereffective|p2a: Dragonite
|-damage|p2a: Dragonite|63/100 par
|move|p2a: Dragonite|Roost|p2a: Dragonite
|-heal|p2a: Dragonite|100/100 par
|
|upkeep
|turn|22
|
|t:|1781108729
|move|p1a: Gholdengo|Focus Blast|p2a: Dragonite|[miss]
|-miss|p1a: Gholdengo|p2a: Dragonite
|move|p2a: Dragonite|Roost||[still]
|-fail|p2a: Dragonite|heal
|
|upkeep
|turn|23
|
|t:|1781108732
|move|p1a: Gholdengo|Focus Blast|p2a: Dragonite|[miss]
|-miss|p1a: Gholdengo|p2a: Dragonite
|move|p2a: Dragonite|Roost||[still]
|-fail|p2a: Dragonite|heal
|
|upkeep
|turn|24
|
|t:|1781108739
|move|p1a: Gholdengo|Focus Blast|p2a: Dragonite|[miss]
|-miss|p1a: Gholdengo|p2a: Dragonite
|move|p2a: Dragonite|Roost||[still]
|-fail|p2a: Dragonite|heal
|
|upkeep
|turn|25
|
|t:|1781108742
|switch|p2a: Slowking|Slowking, M|100/100
|move|p1a: Gholdengo|Focus Blast|p2a: Slowking|[miss]
|-miss|p1a: Gholdengo|p2a: Slowking
|
|upkeep
|turn|26
|
|t:|1781108746
|move|p1a: Gholdengo|Thunder Wave|p2a: Slowking
|-status|p2a: Slowking|par
|cant|p2a: Slowking|par
|
|upkeep
|turn|27
|
|t:|1781108753
|move|p1a: Gholdengo|Hex|p2a: Slowking
|-supereffective|p2a: Slowking
|-damage|p2a: Slowking|30/100 par
|move|p2a: Slowking|Scald|p1a: Gholdengo
|-damage|p1a: Gholdengo|72/100
|-enditem|p1a: Gholdengo|Air Balloon
|
|upkeep
|turn|28
|
|t:|1781108760
|switch|p2a: Hippowdon|Hippowdon, M|100/100
|-damage|p2a: Hippowdon|88/100|[from] Spikes
|-damage|p2a: Hippowdon|82/100|[from] Stealth Rock
|-weather|Sandstorm|[from] ability: Sand Stream|[of] p2a: Hippowdon
|move|p1a: Gholdengo|Hex|p2a: Hippowdon
|-damage|p2a: Hippowdon|52/100
|
|-weather|Sandstorm|[upkeep]
|-heal|p2a: Hippowdon|59/100|[from] item: Leftovers
|upkeep
|turn|29
|
|t:|1781108765
|move|p1a: Gholdengo|Hex|p2a: Hippowdon
|-damage|p2a: Hippowdon|28/100
|move|p2a: Hippowdon|Slack Off|p2a: Hippowdon
|-heal|p2a: Hippowdon|78/100
|
|-weather|Sandstorm|[upkeep]
|-heal|p2a: Hippowdon|84/100|[from] item: Leftovers
|upkeep
|turn|30
|
|t:|1781108769
|move|p1a: Gholdengo|Hex|p2a: Hippowdon
|-damage|p2a: Hippowdon|52/100
|move|p2a: Hippowdon|Slack Off|p2a: Hippowdon
|-heal|p2a: Hippowdon|100/100
|
|-weather|Sandstorm|[upkeep]
|upkeep
|turn|31
|
|t:|1781108774
|switch|p1a: Zapdos|Zapdos|76/100
|move|p2a: Hippowdon|Stealth Rock|p1a: Zapdos
|-sidestart|p1: mastersannin|move: Stealth Rock
|
|-weather|Sandstorm|[upkeep]
|-damage|p1a: Zapdos|70/100|[from] Sandstorm
|upkeep
|turn|32
|
|t:|1781108780
|switch|p2a: Slowking|Slowking, M|63/100 par
|move|p1a: Zapdos|Hurricane|p2a: Slowking
|-damage|p2a: Slowking|36/100 par
|
|-weather|none
|upkeep
|turn|33
|
|t:|1781108782
|move|p1a: Zapdos|Volt Switch|p2a: Slowking
|-supereffective|p2a: Slowking
|-damage|p2a: Slowking|4/100 par
|
|t:|1781108786
|switch|p1a: Kingambit|Kingambit, M|100/100|[from] Volt Switch
|-damage|p1a: Kingambit|94/100|[from] Stealth Rock
|-activate|p1a: Kingambit|ability: Supreme Overlord
|-start|p1a: Kingambit|fallen3|[silent]
|move|p2a: Slowking|Slack Off|p2a: Slowking
|-heal|p2a: Slowking|54/100 par
|
|-heal|p1a: Kingambit|100/100|[from] item: Leftovers
|upkeep
|turn|34
|
|t:|1781108791
|switch|p2a: Hippowdon|Hippowdon, M|100/100
|-damage|p2a: Hippowdon|88/100|[from] Spikes
|-damage|p2a: Hippowdon|82/100|[from] Stealth Rock
|-weather|Sandstorm|[from] ability: Sand Stream|[of] p2a: Hippowdon
|move|p1a: Kingambit|Swords Dance|p1a: Kingambit
|-boost|p1a: Kingambit|atk|2
|
|-weather|Sandstorm|[upkeep]
|-heal|p2a: Hippowdon|88/100|[from] item: Leftovers
|upkeep
|turn|35
|
|t:|1781108799
|move|p1a: Kingambit|Iron Head|p2a: Hippowdon
|-damage|p2a: Hippowdon|31/100
|move|p2a: Hippowdon|Whirlwind|p1a: Kingambit
|-end|p1a: Kingambit|fallen3|[silent]
|drag|p1a: Gholdengo|Gholdengo|72/100
|-damage|p1a: Gholdengo|66/100|[from] Stealth Rock
|
|-weather|Sandstorm|[upkeep]
|-heal|p2a: Hippowdon|38/100|[from] item: Leftovers
|upkeep
|turn|36
|
|t:|1781108807
|move|p1a: Gholdengo|Focus Blast|p2a: Hippowdon
|-damage|p2a: Hippowdon|0 fnt
|faint|p2a: Hippowdon
|
|-weather|Sandstorm|[upkeep]
|upkeep
|
|t:|1781108814
|switch|p2a: Dragonite|Dragonite, M, tera:Normal|100/100 par
|turn|37
|
|t:|1781108817
|switch|p1a: Zapdos|Zapdos|70/100
|move|p2a: Dragonite|Earthquake|p1a: Zapdos
|-immune|p1a: Zapdos
|
|-weather|Sandstorm|[upkeep]
|-damage|p1a: Zapdos|64/100|[from] Sandstorm
|-damage|p2a: Dragonite|94/100 par|[from] Sandstorm
|upkeep
|turn|38
|
|t:|1781108821
|move|p2a: Dragonite|Extreme Speed|p1a: Zapdos
|-damage|p1a: Zapdos|32/100
|move|p1a: Zapdos|Hurricane|p2a: Dragonite
|-damage|p2a: Dragonite|45/100 par
|
|-weather|none
|upkeep
|turn|39
|
|t:|1781108826
|move|p2a: Dragonite|Extreme Speed|p1a: Zapdos
|-damage|p1a: Zapdos|0 fnt
|faint|p1a: Zapdos
|
|upkeep
|
|t:|1781108830
|switch|p1a: Kingambit|Kingambit, M|100/100
|-damage|p1a: Kingambit|94/100|[from] Stealth Rock
|-activate|p1a: Kingambit|ability: Supreme Overlord
|-start|p1a: Kingambit|fallen4|[silent]
|turn|40
|
|t:|1781108834
|switch|p2a: Skarmory|Skarmory, M|100/100
|-damage|p2a: Skarmory|88/100|[from] Stealth Rock
|move|p1a: Kingambit|Low Kick|p2a: Skarmory
|-damage|p2a: Skarmory|66/100
|
|-heal|p1a: Kingambit|100/100|[from] item: Leftovers
|-heal|p2a: Skarmory|72/100|[from] item: Leftovers
|upkeep
|turn|41
|
|t:|1781108839
|move|p1a: Kingambit|Swords Dance|p1a: Kingambit
|-boost|p1a: Kingambit|atk|2
|move|p2a: Skarmory|Spikes|p1a: Kingambit
|-sidestart|p1: mastersannin|Spikes
|
|-heal|p2a: Skarmory|78/100|[from] item: Leftovers
|upkeep
|turn|42
|
|t:|1781108846
|move|p1a: Kingambit|Low Kick|p2a: Skarmory
|-damage|p2a: Skarmory|29/100
|move|p2a: Skarmory|Body Press|p1a: Kingambit
|-supereffective|p1a: Kingambit
|-damage|p1a: Kingambit|0 fnt
|faint|p1a: Kingambit
|-end|p1a: Kingambit|fallen4|[silent]
|
|-heal|p2a: Skarmory|35/100|[from] item: Leftovers
|upkeep
|
|t:|1781108849
|switch|p1a: Gholdengo|Gholdengo|66/100
|-damage|p1a: Gholdengo|60/100|[from] Stealth Rock
|-damage|p1a: Gholdengo|48/100|[from] Spikes
|turn|43
|
|t:|1781108856
|switch|p2a: Dragonite|Dragonite, M, tera:Normal|45/100 par
|move|p1a: Gholdengo|Thunder Wave|p2a: Dragonite
|-fail|p2a: Dragonite|par
|
|upkeep
|turn|44
|
|t:|1781108862
|switch|p2a: Skarmory|Skarmory, M|35/100
|-damage|p2a: Skarmory|22/100|[from] Stealth Rock
|move|p1a: Gholdengo|Focus Blast|p2a: Skarmory|[miss]
|-miss|p1a: Gholdengo|p2a: Skarmory
|
|-heal|p2a: Skarmory|28/100|[from] item: Leftovers
|upkeep
|turn|45
|
|t:|1781108869
|switch|p2a: Dragonite|Dragonite, M, tera:Normal|45/100 par
|move|p1a: Gholdengo|Recover|p1a: Gholdengo
|-heal|p1a: Gholdengo|98/100
|
|upkeep
|turn|46
|-message|mastersannin forfeited.
|
|win|KurisuChestnutLab
|raw|mastersannin's rating: 1532 &rarr; <strong>1512</strong><br />(-20 for losing)
|raw|KurisuChestnutLab's rating: 1527 &rarr; <strong>1547</strong><br />(+20 for winning)
|l|☆mastersannin
|player|p1|
