|j|☆tokiwakano
|j|☆Steez Ibanez
|t:|1781571235
|gametype|singles
|player|p1|tokiwakano|acetrainerf|1784
|player|p2|Steez Ibanez|willow-casual|1665
|gen|9
|tier|[Gen 9] OU
|rated|
|rule|HP Percentage Mod: HP is shown in percentages
|rule|Endless Battle Clause: Forcing endless battles is banned
|rule|Species Clause: Limit one of each Pokémon
|rule|OHKO Clause: OHKO moves are banned
|rule|Evasion Items Clause: Evasion items are banned
|rule|Evasion Moves Clause: Evasion moves are banned
|rule|Evasion Abilities Clause: Evasion abilities are banned
|rule|Sleep Moves Clause: Sleep-inducing moves are banned
|clearpoke
|poke|p1|Excadrill, M|
|poke|p1|Tyranitar, M|
|poke|p1|Zamazenta-*|
|poke|p1|Moltres|
|poke|p1|Ogerpon-Wellspring, F|
|poke|p1|Garganacl, M|
|poke|p2|Sinistcha|
|poke|p2|Latios, M|
|poke|p2|Zamazenta-*|
|poke|p2|Zapdos|
|poke|p2|Ting-Lu|
|poke|p2|Samurott-Hisui, F|
|teampreview
|inactive|Battle timer is ON: inactive players will automatically lose when time's up. (requested by tokiwakano)
|
|t:|1781571247
|teamsize|p1|6
|teamsize|p2|6
|start
|switch|p1a: Zamazenta|Zamazenta|100/100
|switch|p2a: Samurott|Samurott-Hisui, F|100/100
|-ability|p1a: Zamazenta|Dauntless Shield|boost
|-boost|p1a: Zamazenta|def|1
|turn|1
|
|t:|1781571251
|switch|p2a: Sinistcha|Sinistcha|100/100
|move|p1a: Zamazenta|Close Combat|p2a: Sinistcha
|-immune|p2a: Sinistcha
|
|upkeep
|turn|2
|
|t:|1781571256
|switch|p1a: Moltres|Moltres|100/100
|move|p2a: Sinistcha|Matcha Gotcha|p1a: Moltres
|-resisted|p1a: Moltres
|-damage|p1a: Moltres|92/100
|
|upkeep
|turn|3
|
|t:|1781571266
|switch|p2a: Zapdos|Zapdos|100/100
|move|p1a: Moltres|U-turn|p2a: Zapdos
|-resisted|p2a: Zapdos
|-damage|p2a: Zapdos|95/100
|
|t:|1781571269
|switch|p1a: Tyranitar|Tyranitar, M|100/100|[from] U-turn
|-weather|Sandstorm|[from] ability: Sand Stream|[of] p1a: Tyranitar
|
|-weather|Sandstorm|[upkeep]
|-damage|p2a: Zapdos|89/100|[from] Sandstorm
|upkeep
|turn|4
|
|t:|1781571274
|move|p2a: Zapdos|Volt Switch|p1a: Tyranitar
|-damage|p1a: Tyranitar|81/100
|
|t:|1781571276
|switch|p2a: Ting-Lu|Ting-Lu|100/100|[from] Volt Switch
|-ability|p2a: Ting-Lu|Vessel of Ruin
|move|p1a: Tyranitar|Knock Off|p2a: Ting-Lu
|-resisted|p2a: Ting-Lu
|-damage|p2a: Ting-Lu|78/100
|-enditem|p2a: Ting-Lu|Leftovers|[from] move: Knock Off|[of] p1a: Tyranitar
|
|-weather|Sandstorm|[upkeep]
|upkeep
|turn|5
|
|t:|1781571281
|switch|p1a: Ogerpon|Ogerpon-Wellspring, F|100/100
|move|p2a: Ting-Lu|Stealth Rock|p1a: Ogerpon
|-sidestart|p1: tokiwakano|move: Stealth Rock
|
|-weather|Sandstorm|[upkeep]
|-damage|p1a: Ogerpon|95/100|[from] Sandstorm
|upkeep
|turn|6
|
|t:|1781571286
|switch|p2a: Sinistcha|Sinistcha|100/100
|move|p1a: Ogerpon|Knock Off|p2a: Sinistcha
|-supereffective|p2a: Sinistcha
|-damage|p2a: Sinistcha|50/100
|-enditem|p2a: Sinistcha|Heavy-Duty Boots|[from] move: Knock Off|[of] p1a: Ogerpon
|
|-weather|Sandstorm|[upkeep]
|-damage|p1a: Ogerpon|89/100|[from] Sandstorm
|-damage|p2a: Sinistcha|44/100|[from] Sandstorm
|upkeep
|turn|7
|
|t:|1781571297
|move|p1a: Ogerpon|U-turn|p2a: Sinistcha
|-damage|p2a: Sinistcha|24/100
|
|t:|1781571299
|switch|p1a: Moltres|Moltres|92/100|[from] U-turn
|move|p2a: Sinistcha|Strength Sap|p1a: Moltres
|-unboost|p1a: Moltres|atk|1
|-heal|p2a: Sinistcha|85/100
|
|-weather|none
|upkeep
|turn|8
|
|t:|1781571303
|switch|p2a: Zapdos|Zapdos|89/100
|move|p1a: Moltres|U-turn|p2a: Zapdos
|-resisted|p2a: Zapdos
|-damage|p2a: Zapdos|86/100
|
|t:|1781571309
|switch|p1a: Tyranitar|Tyranitar, M|81/100|[from] U-turn
|-damage|p1a: Tyranitar|69/100|[from] Stealth Rock
|-weather|Sandstorm|[from] ability: Sand Stream|[of] p1a: Tyranitar
|
|-weather|Sandstorm|[upkeep]
|-damage|p2a: Zapdos|80/100|[from] Sandstorm
|upkeep
|turn|9
|
|t:|1781571313
|move|p2a: Zapdos|Volt Switch|p1a: Tyranitar
|-damage|p1a: Tyranitar|49/100
|
|t:|1781571316
|switch|p2a: Ting-Lu|Ting-Lu|78/100|[from] Volt Switch
|-ability|p2a: Ting-Lu|Vessel of Ruin
|move|p1a: Tyranitar|Ice Punch|p2a: Ting-Lu
|-supereffective|p2a: Ting-Lu
|-damage|p2a: Ting-Lu|29/100
|
|-weather|Sandstorm|[upkeep]
|upkeep
|turn|10
|
|t:|1781571324
|switch|p1a: Ogerpon|Ogerpon-Wellspring, F|89/100
|-damage|p1a: Ogerpon|76/100|[from] Stealth Rock
|move|p2a: Ting-Lu|Rest|p2a: Ting-Lu
|-status|p2a: Ting-Lu|slp|[from] move: Rest
|-heal|p2a: Ting-Lu|100/100 slp|[silent]
|
|-weather|Sandstorm|[upkeep]
|-damage|p1a: Ogerpon|70/100|[from] Sandstorm
|upkeep
|turn|11
|
|t:|1781571330
|switch|p2a: Sinistcha|Sinistcha|85/100
|move|p1a: Ogerpon|U-turn|p2a: Sinistcha
|-damage|p2a: Sinistcha|65/100
|
|t:|1781571337
|switch|p1a: Moltres|Moltres|92/100|[from] U-turn
|
|-weather|Sandstorm|[upkeep]
|-damage|p1a: Moltres|86/100|[from] Sandstorm
|-damage|p2a: Sinistcha|59/100|[from] Sandstorm
|upkeep
|turn|12
|
|t:|1781571342
|move|p1a: Moltres|Flamethrower|p2a: Sinistcha
|-supereffective|p2a: Sinistcha
|-damage|p2a: Sinistcha|14/100
|move|p2a: Sinistcha|Strength Sap|p1a: Moltres
|-unboost|p1a: Moltres|atk|1
|-heal|p2a: Sinistcha|75/100
|
|-weather|none
|upkeep
|turn|13
|
|t:|1781571347
|switch|p2a: Zapdos|Zapdos|80/100
|move|p1a: Moltres|U-turn|p2a: Zapdos
|-resisted|p2a: Zapdos
|-damage|p2a: Zapdos|76/100
|
|t:|1781571350
|switch|p1a: Garganacl|Garganacl, M|100/100|[from] U-turn
|-damage|p1a: Garganacl|88/100|[from] Stealth Rock
|
|-heal|p1a: Garganacl|94/100|[from] item: Leftovers
|upkeep
|turn|14
|
|t:|1781571361
|move|p2a: Zapdos|Volt Switch|p1a: Garganacl
|-damage|p1a: Garganacl|72/100
|
|t:|1781571363
|switch|p2a: Samurott|Samurott-Hisui, F|100/100|[from] Volt Switch
|move|p1a: Garganacl|Salt Cure|p2a: Samurott
|-damage|p2a: Samurott|85/100
|-start|p2a: Samurott|Salt Cure
|
|-heal|p1a: Garganacl|79/100|[from] item: Leftovers
|-damage|p2a: Samurott|61/100|[from] Salt Cure
|upkeep
|turn|15
|
|t:|1781571367
|move|p1a: Garganacl|Protect|p1a: Garganacl
|-singleturn|p1a: Garganacl|Protect
|move|p2a: Samurott|Knock Off|p1a: Garganacl
|-activate|p1a: Garganacl|move: Protect
|
|-heal|p1a: Garganacl|85/100|[from] item: Leftovers
|-damage|p2a: Samurott|36/100|[from] Salt Cure
|upkeep
|turn|16
|
|t:|1781571373
|switch|p1a: Zamazenta|Zamazenta|100/100
|move|p2a: Samurott|Ceaseless Edge|p1a: Zamazenta|[miss]
|-miss|p2a: Samurott|p1a: Zamazenta
|
|-damage|p2a: Samurott|11/100|[from] Salt Cure
|upkeep
|turn|17
|
|t:|1781571381
|switch|p2a: Zapdos|Zapdos|76/100
|move|p1a: Zamazenta|Crunch|p2a: Zapdos
|-damage|p2a: Zapdos|57/100
|-status|p1a: Zamazenta|par|[from] ability: Static|[of] p2a: Zapdos
|
|upkeep
|turn|18
|
|t:|1781571390
|move|p2a: Zapdos|Roost|p2a: Zapdos
|-heal|p2a: Zapdos|100/100
|-singleturn|p2a: Zapdos|move: Roost
|move|p1a: Zamazenta|Close Combat|p2a: Zapdos
|-damage|p2a: Zapdos|58/100
|-unboost|p1a: Zamazenta|def|1
|-unboost|p1a: Zamazenta|spd|1
|
|upkeep
|turn|19
|
|t:|1781571396
|switch|p1a: Excadrill|Excadrill, M|100/100
|-damage|p1a: Excadrill|97/100|[from] Stealth Rock
|move|p2a: Zapdos|Roost|p2a: Zapdos
|-heal|p2a: Zapdos|100/100
|-singleturn|p2a: Zapdos|move: Roost
|
|-heal|p1a: Excadrill|100/100|[from] item: Leftovers
|upkeep
|turn|20
|
|t:|1781571411
|switch|p2a: Sinistcha|Sinistcha|75/100
|move|p1a: Excadrill|Substitute|p1a: Excadrill
|-start|p1a: Excadrill|Substitute
|-damage|p1a: Excadrill|76/100
|
|-heal|p1a: Excadrill|82/100|[from] item: Leftovers
|upkeep
|turn|21
|
|t:|1781571413
|move|p1a: Excadrill|Iron Head|p2a: Sinistcha
|-damage|p2a: Sinistcha|45/100
|cant|p2a: Sinistcha|flinch
|
|-heal|p1a: Excadrill|88/100|[from] item: Leftovers
|upkeep
|turn|22
|
|t:|1781571418
|move|p1a: Excadrill|Iron Head|p2a: Sinistcha
|-damage|p2a: Sinistcha|10/100
|move|p2a: Sinistcha|Strength Sap||[still]
|-fail|p2a: Sinistcha
|
|-heal|p1a: Excadrill|94/100|[from] item: Leftovers
|upkeep
|turn|23
|
|t:|1781571427
|switch|p2a: Samurott|Samurott-Hisui, F|11/100
|move|p1a: Excadrill|Earthquake|p2a: Samurott
|-damage|p2a: Samurott|0 fnt
|faint|p2a: Samurott
|
|-heal|p1a: Excadrill|99/100|[from] item: Leftovers
|upkeep
|
|t:|1781571429
|switch|p2a: Zamazenta|Zamazenta|100/100
|-ability|p2a: Zamazenta|Dauntless Shield|boost
|-boost|p2a: Zamazenta|def|1
|turn|24
|
|t:|1781571438
|move|p2a: Zamazenta|Crunch|p1a: Excadrill
|-end|p1a: Excadrill|Substitute
|move|p1a: Excadrill|Rapid Spin|p2a: Zamazenta
|-damage|p2a: Zamazenta|88/100
|-boost|p1a: Excadrill|spe|1
|-sideend|p1: tokiwakano|Stealth Rock|[from] move: Rapid Spin|[of] p1a: Excadrill
|
|-heal|p1a: Excadrill|100/100|[from] item: Leftovers
|upkeep
|turn|25
|
|t:|1781571443
|switch|p1a: Moltres|Moltres|86/100
|move|p2a: Zamazenta|Stone Edge|p1a: Moltres
|-supereffective|p1a: Moltres
|-damage|p1a: Moltres|0 fnt
|faint|p1a: Moltres
|
|upkeep
|
|t:|1781571451
|switch|p1a: Garganacl|Garganacl, M|85/100
|turn|26
|
|t:|1781571458
|-terastallize|p1a: Garganacl|Fairy
|move|p2a: Zamazenta|Close Combat|p1a: Garganacl
|-resisted|p1a: Garganacl
|-damage|p1a: Garganacl|67/100
|-unboost|p2a: Zamazenta|def|1
|-unboost|p2a: Zamazenta|spd|1
|move|p1a: Garganacl|Salt Cure|p2a: Zamazenta
|-resisted|p2a: Zamazenta
|-damage|p2a: Zamazenta|81/100
|-start|p2a: Zamazenta|Salt Cure
|
|-heal|p1a: Garganacl|73/100|[from] item: Leftovers
|-damage|p2a: Zamazenta|68/100|[from] Salt Cure
|upkeep
|turn|27
|
|t:|1781571462
|switch|p2a: Sinistcha|Sinistcha|10/100
|move|p1a: Garganacl|Stealth Rock|p2a: Sinistcha
|-sidestart|p2: Steez Ibanez|move: Stealth Rock
|
|-heal|p1a: Garganacl|80/100|[from] item: Leftovers
|upkeep
|turn|28
|
|t:|1781571467
|move|p2a: Sinistcha|Strength Sap|p1a: Garganacl
|-unboost|p1a: Garganacl|atk|1
|-heal|p2a: Sinistcha|79/100
|move|p1a: Garganacl|Salt Cure|p2a: Sinistcha
|-damage|p2a: Sinistcha|71/100
|-start|p2a: Sinistcha|Salt Cure
|
|-heal|p1a: Garganacl|86/100|[from] item: Leftovers
|-damage|p2a: Sinistcha|59/100|[from] Salt Cure
|upkeep
|turn|29
|
|t:|1781571471
|switch|p1a: Excadrill|Excadrill, M|100/100
|move|p2a: Sinistcha|Calm Mind|p2a: Sinistcha
|-boost|p2a: Sinistcha|spa|1
|-boost|p2a: Sinistcha|spd|1
|
|-damage|p2a: Sinistcha|46/100|[from] Salt Cure
|upkeep
|turn|30
|
|t:|1781571474
|move|p1a: Excadrill|Substitute|p1a: Excadrill
|-start|p1a: Excadrill|Substitute
|-damage|p1a: Excadrill|76/100
|move|p2a: Sinistcha|Matcha Gotcha|p1a: Excadrill
|-end|p1a: Excadrill|Substitute
|-heal|p2a: Sinistcha|59/100|[from] drain|[of] p1a: Excadrill
|
|-heal|p1a: Excadrill|82/100|[from] item: Leftovers
|-damage|p2a: Sinistcha|47/100|[from] Salt Cure
|upkeep
|turn|31
|
|t:|1781571477
|move|p1a: Excadrill|Iron Head|p2a: Sinistcha
|-damage|p2a: Sinistcha|16/100
|move|p2a: Sinistcha|Matcha Gotcha|p1a: Excadrill
|-damage|p1a: Excadrill|19/100
|-heal|p2a: Sinistcha|48/100|[from] drain|[of] p1a: Excadrill
|
|-heal|p1a: Excadrill|25/100|[from] item: Leftovers
|-damage|p2a: Sinistcha|36/100|[from] Salt Cure
|upkeep
|turn|32
|
|t:|1781571485
|move|p1a: Excadrill|Iron Head|p2a: Sinistcha
|-damage|p2a: Sinistcha|4/100
|move|p2a: Sinistcha|Shadow Ball|p1a: Excadrill
|-damage|p1a: Excadrill|0 fnt
|faint|p1a: Excadrill
|
|-damage|p2a: Sinistcha|0 fnt|[from] Salt Cure
|faint|p2a: Sinistcha
|upkeep
|
|t:|1781571500
|switch|p1a: Garganacl|Garganacl, M, tera:Fairy|86/100
|switch|p2a: Latios|Latios, M|100/100
|-damage|p2a: Latios|88/100|[from] Stealth Rock
|turn|33
|
|t:|1781571504
|move|p1a: Garganacl|Protect|p1a: Garganacl
|-singleturn|p1a: Garganacl|Protect
|move|p2a: Latios|Calm Mind|p2a: Latios
|-boost|p2a: Latios|spa|1
|-boost|p2a: Latios|spd|1
|
|-heal|p1a: Garganacl|92/100|[from] item: Leftovers
|upkeep
|turn|34
|
|t:|1781571509
|move|p2a: Latios|Psychic Noise|p1a: Garganacl
|-damage|p1a: Garganacl|43/100
|-start|p1a: Garganacl|move: Heal Block
|move|p1a: Garganacl|Salt Cure|p2a: Latios
|-damage|p2a: Latios|70/100
|-start|p2a: Latios|Salt Cure
|
|-damage|p2a: Latios|58/100|[from] Salt Cure
|upkeep
|turn|35
|
|t:|1781571515
|switch|p1a: Tyranitar|Tyranitar, M|49/100
|-weather|Sandstorm|[from] ability: Sand Stream|[of] p1a: Tyranitar
|move|p2a: Latios|Calm Mind|p2a: Latios
|-boost|p2a: Latios|spa|1
|-boost|p2a: Latios|spd|1
|
|-weather|Sandstorm|[upkeep]
|-damage|p2a: Latios|52/100|[from] Sandstorm
|-damage|p2a: Latios|40/100|[from] Salt Cure
|upkeep
|turn|36
|
|t:|1781571520
|move|p2a: Latios|Draco Meteor|p1a: Tyranitar
|-damage|p1a: Tyranitar|0 fnt
|-unboost|p2a: Latios|spa|2
|faint|p1a: Tyranitar
|
|-weather|Sandstorm|[upkeep]
|-damage|p2a: Latios|34/100|[from] Sandstorm
|-damage|p2a: Latios|21/100|[from] Salt Cure
|upkeep
|
|t:|1781571523
|switch|p1a: Ogerpon|Ogerpon-Wellspring, F|70/100
|turn|37
|
|t:|1781571526
|move|p1a: Ogerpon|Ivy Cudgel|p2a: Latios|[anim] Ivy Cudgel Water
|-resisted|p2a: Latios
|-damage|p2a: Latios|0 fnt
|faint|p2a: Latios
|
|-weather|Sandstorm|[upkeep]
|-damage|p1a: Ogerpon|64/100|[from] Sandstorm
|upkeep
|
|t:|1781571528
|switch|p2a: Zamazenta|Zamazenta|68/100
|turn|38
|
|t:|1781571534
|move|p2a: Zamazenta|Close Combat|p1a: Ogerpon
|-damage|p1a: Ogerpon|0 fnt
|-unboost|p2a: Zamazenta|def|1
|-unboost|p2a: Zamazenta|spd|1
|faint|p1a: Ogerpon
|
|-weather|Sandstorm|[upkeep]
|-damage|p2a: Zamazenta|62/100|[from] Sandstorm
|upkeep
|
|t:|1781571536
|switch|p1a: Garganacl|Garganacl, M, tera:Fairy|43/100
|turn|39
|
|t:|1781571538
|move|p1a: Garganacl|Protect|p1a: Garganacl
|-singleturn|p1a: Garganacl|Protect
|move|p2a: Zamazenta|Heavy Slam|p1a: Garganacl
|-activate|p1a: Garganacl|move: Protect
|
|-weather|none
|-heal|p1a: Garganacl|49/100|[from] item: Leftovers
|upkeep
|turn|40
|
|t:|1781571542
|move|p2a: Zamazenta|Heavy Slam|p1a: Garganacl
|-supereffective|p1a: Garganacl
|-damage|p1a: Garganacl|33/100
|move|p1a: Garganacl|Recover|p1a: Garganacl
|-heal|p1a: Garganacl|83/100
|
|-heal|p1a: Garganacl|89/100|[from] item: Leftovers
|upkeep
|turn|41
|
|t:|1781571546
|switch|p2a: Ting-Lu|Ting-Lu|100/100 slp
|-damage|p2a: Ting-Lu|94/100 slp|[from] Stealth Rock
|-ability|p2a: Ting-Lu|Vessel of Ruin
|move|p1a: Garganacl|Salt Cure|p2a: Ting-Lu
|-resisted|p2a: Ting-Lu
|-damage|p2a: Ting-Lu|90/100 slp
|-start|p2a: Ting-Lu|Salt Cure
|
|-heal|p1a: Garganacl|96/100|[from] item: Leftovers
|-damage|p2a: Ting-Lu|78/100 slp|[from] Salt Cure
|upkeep
|turn|42
|
|t:|1781571549
|switch|p1a: Zamazenta|Zamazenta|100/100 par
|cant|p2a: Ting-Lu|slp
|
|-damage|p2a: Ting-Lu|65/100 slp|[from] Salt Cure
|upkeep
|turn|43
|
|t:|1781571553
|switch|p1a: Garganacl|Garganacl, M, tera:Fairy|96/100
|switch|p2a: Zapdos|Zapdos|100/100
|
|-heal|p1a: Garganacl|100/100|[from] item: Leftovers
|upkeep
|turn|44
|
|t:|1781571555
|move|p2a: Zapdos|Volt Switch|p1a: Garganacl
|-damage|p1a: Garganacl|80/100
|
|t:|1781571557
|switch|p2a: Ting-Lu|Ting-Lu|65/100 slp|[from] Volt Switch
|-damage|p2a: Ting-Lu|59/100 slp|[from] Stealth Rock
|-ability|p2a: Ting-Lu|Vessel of Ruin
|move|p1a: Garganacl|Salt Cure|p2a: Ting-Lu
|-resisted|p2a: Ting-Lu
|-damage|p2a: Ting-Lu|55/100 slp
|-start|p2a: Ting-Lu|Salt Cure
|
|-heal|p1a: Garganacl|87/100|[from] item: Leftovers
|-damage|p2a: Ting-Lu|43/100 slp|[from] Salt Cure
|upkeep
|turn|45
|
|t:|1781571564
|switch|p1a: Zamazenta|Zamazenta|100/100 par
|cant|p2a: Ting-Lu|slp
|
|-damage|p2a: Ting-Lu|30/100 slp|[from] Salt Cure
|upkeep
|turn|46
|
|t:|1781571568
|-terastallize|p2a: Ting-Lu|Poison
|move|p1a: Zamazenta|Close Combat|p2a: Ting-Lu
|-resisted|p2a: Ting-Lu
|-crit|p2a: Ting-Lu
|-damage|p2a: Ting-Lu|5/100 slp
|-unboost|p1a: Zamazenta|def|1
|-unboost|p1a: Zamazenta|spd|1
|-curestatus|p2a: Ting-Lu|slp|[msg]
|move|p2a: Ting-Lu|Rest|p2a: Ting-Lu
|-status|p2a: Ting-Lu|slp|[from] move: Rest
|-heal|p2a: Ting-Lu|100/100 slp|[silent]
|
|-damage|p2a: Ting-Lu|88/100 slp|[from] Salt Cure
|upkeep
|turn|47
|
|t:|1781571573
|switch|p1a: Garganacl|Garganacl, M, tera:Fairy|87/100
|cant|p2a: Ting-Lu|slp
|
|-heal|p1a: Garganacl|93/100|[from] item: Leftovers
|-damage|p2a: Ting-Lu|76/100 slp|[from] Salt Cure
|upkeep
|turn|48
|
|t:|1781571579
|cant|p2a: Ting-Lu|slp
|move|p1a: Garganacl|Stealth Rock||[still]
|-fail|p1a: Garganacl
|
|-heal|p1a: Garganacl|99/100|[from] item: Leftovers
|-damage|p2a: Ting-Lu|63/100 slp|[from] Salt Cure
|upkeep
|turn|49
|
|t:|1781571583
|move|p1a: Garganacl|Protect|p1a: Garganacl
|-singleturn|p1a: Garganacl|Protect
|-curestatus|p2a: Ting-Lu|slp|[msg]
|move|p2a: Ting-Lu|Stealth Rock|p1a: Garganacl
|-sidestart|p1: tokiwakano|move: Stealth Rock
|
|-heal|p1a: Garganacl|100/100|[from] item: Leftovers
|-damage|p2a: Ting-Lu|51/100|[from] Salt Cure
|upkeep
|turn|50
|
|t:|1781571588
|move|p2a: Ting-Lu|Ruination|p1a: Garganacl
|-damage|p1a: Garganacl|51/100
|move|p1a: Garganacl|Salt Cure|p2a: Ting-Lu
|-damage|p2a: Ting-Lu|43/100
|
|-heal|p1a: Garganacl|57/100|[from] item: Leftovers
|-damage|p2a: Ting-Lu|31/100|[from] Salt Cure
|upkeep
|turn|51
|
|t:|1781571593
|move|p1a: Garganacl|Protect|p1a: Garganacl
|-singleturn|p1a: Garganacl|Protect
|move|p2a: Ting-Lu|Ruination|p1a: Garganacl
|-activate|p1a: Garganacl|move: Protect
|
|-heal|p1a: Garganacl|63/100|[from] item: Leftovers
|-damage|p2a: Ting-Lu|19/100|[from] Salt Cure
|upkeep
|turn|52
|
|t:|1781571597
|move|p2a: Ting-Lu|Rest|p2a: Ting-Lu
|-status|p2a: Ting-Lu|slp|[from] move: Rest
|-heal|p2a: Ting-Lu|100/100 slp|[silent]
|move|p1a: Garganacl|Recover|p1a: Garganacl
|-heal|p1a: Garganacl|100/100
|
|-damage|p2a: Ting-Lu|88/100 slp|[from] Salt Cure
|upkeep
|turn|53
|
|t:|1781571599
|cant|p2a: Ting-Lu|slp
|move|p1a: Garganacl|Salt Cure|p2a: Ting-Lu
|-damage|p2a: Ting-Lu|80/100 slp
|
|-damage|p2a: Ting-Lu|68/100 slp|[from] Salt Cure
|upkeep
|turn|54
|
|t:|1781571602
|cant|p2a: Ting-Lu|slp
|move|p1a: Garganacl|Stealth Rock||[still]
|-fail|p1a: Garganacl
|
|-damage|p2a: Ting-Lu|56/100 slp|[from] Salt Cure
|upkeep
|turn|55
|
|t:|1781571605
|move|p1a: Garganacl|Protect|p1a: Garganacl
|-singleturn|p1a: Garganacl|Protect
|-curestatus|p2a: Ting-Lu|slp|[msg]
|move|p2a: Ting-Lu|Stealth Rock||[still]
|-fail|p2a: Ting-Lu
|
|-damage|p2a: Ting-Lu|43/100|[from] Salt Cure
|upkeep
|turn|56
|
|t:|1781571611
|move|p2a: Ting-Lu|Stealth Rock||[still]
|-fail|p2a: Ting-Lu
|move|p1a: Garganacl|Stealth Rock||[still]
|-fail|p1a: Garganacl
|
|-damage|p2a: Ting-Lu|31/100|[from] Salt Cure
|upkeep
|turn|57
|
|t:|1781571618
|move|p2a: Ting-Lu|Ruination|p1a: Garganacl
|-damage|p1a: Garganacl|51/100
|move|p1a: Garganacl|Stealth Rock||[still]
|-fail|p1a: Garganacl
|
|-heal|p1a: Garganacl|57/100|[from] item: Leftovers
|-damage|p2a: Ting-Lu|18/100|[from] Salt Cure
|upkeep
|turn|58
|
|t:|1781571633
|move|p2a: Ting-Lu|Rest|p2a: Ting-Lu
|-status|p2a: Ting-Lu|slp|[from] move: Rest
|-heal|p2a: Ting-Lu|100/100 slp|[silent]
|move|p1a: Garganacl|Stealth Rock||[still]
|-fail|p1a: Garganacl
|
|-heal|p1a: Garganacl|63/100|[from] item: Leftovers
|-damage|p2a: Ting-Lu|88/100 slp|[from] Salt Cure
|upkeep
|turn|59
|
|t:|1781571635
|cant|p2a: Ting-Lu|slp
|move|p1a: Garganacl|Salt Cure|p2a: Ting-Lu
|-crit|p2a: Ting-Lu
|-damage|p2a: Ting-Lu|76/100 slp
|
|-heal|p1a: Garganacl|69/100|[from] item: Leftovers
|-damage|p2a: Ting-Lu|63/100 slp|[from] Salt Cure
|upkeep
|turn|60
|
|t:|1781571639
|cant|p2a: Ting-Lu|slp
|move|p1a: Garganacl|Salt Cure|p2a: Ting-Lu
|-damage|p2a: Ting-Lu|56/100 slp
|
|-heal|p1a: Garganacl|75/100|[from] item: Leftovers
|-damage|p2a: Ting-Lu|43/100 slp|[from] Salt Cure
|upkeep
|turn|61
|
|t:|1781571644
|move|p1a: Garganacl|Protect|p1a: Garganacl
|-singleturn|p1a: Garganacl|Protect
|-curestatus|p2a: Ting-Lu|slp|[msg]
|move|p2a: Ting-Lu|Earthquake|p1a: Garganacl
|-activate|p1a: Garganacl|move: Protect
|
|-heal|p1a: Garganacl|82/100|[from] item: Leftovers
|-damage|p2a: Ting-Lu|31/100|[from] Salt Cure
|upkeep
|turn|62
|
|t:|1781571650
|move|p2a: Ting-Lu|Ruination|p1a: Garganacl
|-damage|p1a: Garganacl|41/100
|move|p1a: Garganacl|Stealth Rock||[still]
|-fail|p1a: Garganacl
|
|-heal|p1a: Garganacl|47/100|[from] item: Leftovers
|-damage|p2a: Ting-Lu|18/100|[from] Salt Cure
|upkeep
|turn|63
|
|t:|1781571655
|move|p2a: Ting-Lu|Earthquake|p1a: Garganacl
|-damage|p1a: Garganacl|24/100
|move|p1a: Garganacl|Recover|p1a: Garganacl
|-heal|p1a: Garganacl|74/100
|
|-heal|p1a: Garganacl|80/100|[from] item: Leftovers
|-damage|p2a: Ting-Lu|6/100|[from] Salt Cure
|upkeep
|turn|64
|
|t:|1781571658
|move|p2a: Ting-Lu|Rest|p2a: Ting-Lu
|-status|p2a: Ting-Lu|slp|[from] move: Rest
|-heal|p2a: Ting-Lu|100/100 slp|[silent]
|move|p1a: Garganacl|Salt Cure|p2a: Ting-Lu
|-damage|p2a: Ting-Lu|92/100 slp
|
|-heal|p1a: Garganacl|87/100|[from] item: Leftovers
|-damage|p2a: Ting-Lu|80/100 slp|[from] Salt Cure
|upkeep
|turn|65
|
|t:|1781571665
|cant|p2a: Ting-Lu|slp
|move|p1a: Garganacl|Stealth Rock||[still]
|-fail|p1a: Garganacl
|
|-heal|p1a: Garganacl|93/100|[from] item: Leftovers
|-damage|p2a: Ting-Lu|67/100 slp|[from] Salt Cure
|upkeep
|turn|66
|
|t:|1781571669
|cant|p2a: Ting-Lu|slp
|move|p1a: Garganacl|Stealth Rock||[still]
|-fail|p1a: Garganacl
|
|-heal|p1a: Garganacl|99/100|[from] item: Leftovers
|-damage|p2a: Ting-Lu|55/100 slp|[from] Salt Cure
|upkeep
|turn|67
|
|t:|1781571671
|-curestatus|p2a: Ting-Lu|slp|[msg]
|move|p2a: Ting-Lu|Stealth Rock||[still]
|-fail|p2a: Ting-Lu
|move|p1a: Garganacl|Stealth Rock||[still]
|-fail|p1a: Garganacl
|
|-heal|p1a: Garganacl|100/100|[from] item: Leftovers
|-damage|p2a: Ting-Lu|42/100|[from] Salt Cure
|upkeep
|turn|68
|
|t:|1781571673
|move|p2a: Ting-Lu|Ruination|p1a: Garganacl
|-damage|p1a: Garganacl|51/100
|move|p1a: Garganacl|Stealth Rock||[still]
|-fail|p1a: Garganacl
|
|-heal|p1a: Garganacl|57/100|[from] item: Leftovers
|-damage|p2a: Ting-Lu|30/100|[from] Salt Cure
|upkeep
|turn|69
|j| Agathina
|l|☆Steez Ibanez
|inactive|Steez Ibanez disconnected and has a minute to reconnect!
|player|p2|
|inactive|Steez Ibanez has 30 seconds to reconnect!
|inactive|Steez Ibanez has 20 seconds to reconnect!
|inactive|Steez Ibanez has 15 seconds to reconnect!
|inactive|Steez Ibanez has 10 seconds to reconnect!
|j|☆Steez Ibanez
|inactive|Steez Ibanez reconnected and has 80 seconds left.
|player|p2|Steez Ibanez|willow-casual|
|
|t:|1781571751
|move|p1a: Garganacl|Protect|p1a: Garganacl
|-singleturn|p1a: Garganacl|Protect
|move|p2a: Ting-Lu|Ruination|p1a: Garganacl
|-activate|p1a: Garganacl|move: Protect
|
|-heal|p1a: Garganacl|63/100|[from] item: Leftovers
|-damage|p2a: Ting-Lu|17/100|[from] Salt Cure
|upkeep
|turn|70
|
|t:|1781571761
|move|p2a: Ting-Lu|Ruination|p1a: Garganacl
|-damage|p1a: Garganacl|32/100
|move|p1a: Garganacl|Salt Cure|p2a: Ting-Lu
|-damage|p2a: Ting-Lu|9/100
|
|-heal|p1a: Garganacl|38/100|[from] item: Leftovers
|-damage|p2a: Ting-Lu|0 fnt|[from] Salt Cure
|faint|p2a: Ting-Lu
|upkeep
|
|t:|1781571767
|switch|p2a: Zapdos|Zapdos|100/100
|turn|71
|
|t:|1781571768
|move|p1a: Garganacl|Protect|p1a: Garganacl
|-singleturn|p1a: Garganacl|Protect
|move|p2a: Zapdos|Hurricane|p1a: Garganacl
|-activate|p1a: Garganacl|move: Protect
|
|-heal|p1a: Garganacl|44/100|[from] item: Leftovers
|upkeep
|turn|72
|
|t:|1781571772
|move|p2a: Zapdos|Hurricane|p1a: Garganacl
|-damage|p1a: Garganacl|14/100
|move|p1a: Garganacl|Recover|p1a: Garganacl
|-heal|p1a: Garganacl|64/100
|
|-heal|p1a: Garganacl|70/100|[from] item: Leftovers
|upkeep
|turn|73
|
|t:|1781571779
|move|p1a: Garganacl|Protect|p1a: Garganacl
|-singleturn|p1a: Garganacl|Protect
|move|p2a: Zapdos|Hurricane|p1a: Garganacl
|-activate|p1a: Garganacl|move: Protect
|
|-heal|p1a: Garganacl|77/100|[from] item: Leftovers
|upkeep
|turn|74
|
|t:|1781571784
|move|p2a: Zapdos|Hurricane|p1a: Garganacl
|-damage|p1a: Garganacl|44/100
|-start|p1a: Garganacl|confusion
|-activate|p1a: Garganacl|confusion
|move|p1a: Garganacl|Salt Cure|p2a: Zapdos
|-supereffective|p2a: Zapdos
|-damage|p2a: Zapdos|83/100
|-start|p2a: Zapdos|Salt Cure
|
|-heal|p1a: Garganacl|51/100|[from] item: Leftovers
|-damage|p2a: Zapdos|70/100|[from] Salt Cure
|upkeep
|turn|75
|inactive|Steez Ibanez has 120 seconds left.
|
|t:|1781571789
|move|p2a: Zapdos|Volt Switch|p1a: Garganacl
|-damage|p1a: Garganacl|31/100
|
|t:|1781571792
|switch|p2a: Zamazenta|Zamazenta|62/100|[from] Volt Switch
|-end|p1a: Garganacl|confusion
|move|p1a: Garganacl|Recover|p1a: Garganacl
|-heal|p1a: Garganacl|81/100
|
|-heal|p1a: Garganacl|87/100|[from] item: Leftovers
|upkeep
|turn|76
|
|t:|1781571795
|move|p2a: Zamazenta|Stone Edge|p1a: Garganacl
|-damage|p1a: Garganacl|67/100
|move|p1a: Garganacl|Salt Cure|p2a: Zamazenta
|-resisted|p2a: Zamazenta
|-damage|p2a: Zamazenta|56/100
|-start|p2a: Zamazenta|Salt Cure
|
|-heal|p1a: Garganacl|73/100|[from] item: Leftovers
|-damage|p2a: Zamazenta|44/100|[from] Salt Cure
|upkeep
|turn|77
|
|t:|1781571798
|move|p2a: Zamazenta|Heavy Slam|p1a: Garganacl
|-supereffective|p1a: Garganacl
|-damage|p1a: Garganacl|57/100
|move|p1a: Garganacl|Salt Cure|p2a: Zamazenta
|-resisted|p2a: Zamazenta
|-damage|p2a: Zamazenta|38/100
|
|-heal|p1a: Garganacl|63/100|[from] item: Leftovers
|-damage|p2a: Zamazenta|25/100|[from] Salt Cure
|upkeep
|turn|78
|
|t:|1781571801
|switch|p2a: Zapdos|Zapdos|70/100
|move|p1a: Garganacl|Salt Cure|p2a: Zapdos
|-supereffective|p2a: Zapdos
|-damage|p2a: Zapdos|51/100
|-start|p2a: Zapdos|Salt Cure
|
|-heal|p1a: Garganacl|69/100|[from] item: Leftovers
|-damage|p2a: Zapdos|39/100|[from] Salt Cure
|upkeep
|turn|79
|
|t:|1781571807
|move|p1a: Garganacl|Protect|p1a: Garganacl
|-singleturn|p1a: Garganacl|Protect
|move|p2a: Zapdos|Roost|p2a: Zapdos
|-heal|p2a: Zapdos|89/100
|-singleturn|p2a: Zapdos|move: Roost
|
|-heal|p1a: Garganacl|75/100|[from] item: Leftovers
|-damage|p2a: Zapdos|77/100|[from] Salt Cure
|upkeep
|turn|80
|
|t:|1781571813
|move|p2a: Zapdos|Volt Switch|p1a: Garganacl
|-damage|p1a: Garganacl|55/100
|
|t:|1781571816
|switch|p2a: Zamazenta|Zamazenta|25/100|[from] Volt Switch
|move|p1a: Garganacl|Stealth Rock||[still]
|-fail|p1a: Garganacl
|
|-heal|p1a: Garganacl|61/100|[from] item: Leftovers
|upkeep
|turn|81
|
|t:|1781571818
|switch|p2a: Zapdos|Zapdos|77/100
|move|p1a: Garganacl|Salt Cure|p2a: Zapdos
|-supereffective|p2a: Zapdos
|-damage|p2a: Zapdos|57/100
|-start|p2a: Zapdos|Salt Cure
|
|-heal|p1a: Garganacl|67/100|[from] item: Leftovers
|-damage|p2a: Zapdos|45/100|[from] Salt Cure
|upkeep
|turn|82
|
|t:|1781571822
|move|p2a: Zapdos|Hurricane|p1a: Garganacl
|-damage|p1a: Garganacl|36/100
|move|p1a: Garganacl|Stealth Rock||[still]
|-fail|p1a: Garganacl
|
|-heal|p1a: Garganacl|42/100|[from] item: Leftovers
|-damage|p2a: Zapdos|33/100|[from] Salt Cure
|upkeep
|turn|83
|
|t:|1781571826
|move|p2a: Zapdos|Hurricane|p1a: Garganacl
|-damage|p1a: Garganacl|11/100
|move|p1a: Garganacl|Recover|p1a: Garganacl
|-heal|p1a: Garganacl|61/100
|
|-heal|p1a: Garganacl|67/100|[from] item: Leftovers
|-damage|p2a: Zapdos|21/100|[from] Salt Cure
|upkeep
|turn|84
|
|t:|1781571830
|move|p2a: Zapdos|Roost|p2a: Zapdos
|-heal|p2a: Zapdos|71/100
|-singleturn|p2a: Zapdos|move: Roost
|move|p1a: Garganacl|Salt Cure|p2a: Zapdos
|-damage|p2a: Zapdos|60/100
|
|-heal|p1a: Garganacl|73/100|[from] item: Leftovers
|-damage|p2a: Zapdos|48/100|[from] Salt Cure
|upkeep
|turn|85
|
|t:|1781571832
|move|p1a: Garganacl|Protect|p1a: Garganacl
|-singleturn|p1a: Garganacl|Protect
|move|p2a: Zapdos|Hurricane|p1a: Garganacl
|-activate|p1a: Garganacl|move: Protect
|
|-heal|p1a: Garganacl|80/100|[from] item: Leftovers
|-damage|p2a: Zapdos|36/100|[from] Salt Cure
|upkeep
|turn|86
|
|t:|1781571837
|move|p2a: Zapdos|Roost|p2a: Zapdos
|-heal|p2a: Zapdos|86/100
|-singleturn|p2a: Zapdos|move: Roost
|move|p1a: Garganacl|Salt Cure|p2a: Zapdos
|-damage|p2a: Zapdos|76/100
|
|-heal|p1a: Garganacl|86/100|[from] item: Leftovers
|-damage|p2a: Zapdos|63/100|[from] Salt Cure
|upkeep
|turn|87
|
|t:|1781571841
|move|p2a: Zapdos|Hurricane|p1a: Garganacl|[miss]
|-miss|p2a: Zapdos|p1a: Garganacl
|move|p1a: Garganacl|Stealth Rock||[still]
|-fail|p1a: Garganacl
|
|-heal|p1a: Garganacl|92/100|[from] item: Leftovers
|-damage|p2a: Zapdos|51/100|[from] Salt Cure
|upkeep
|turn|88
|
|t:|1781571843
|move|p1a: Garganacl|Protect|p1a: Garganacl
|-singleturn|p1a: Garganacl|Protect
|move|p2a: Zapdos|Hurricane|p1a: Garganacl
|-activate|p1a: Garganacl|move: Protect
|
|-heal|p1a: Garganacl|98/100|[from] item: Leftovers
|-damage|p2a: Zapdos|39/100|[from] Salt Cure
|upkeep
|turn|89
|
|t:|1781571849
|move|p2a: Zapdos|Roost|p2a: Zapdos
|-heal|p2a: Zapdos|89/100
|-singleturn|p2a: Zapdos|move: Roost
|move|p1a: Garganacl|Stealth Rock||[still]
|-fail|p1a: Garganacl
|
|-heal|p1a: Garganacl|100/100|[from] item: Leftovers
|-damage|p2a: Zapdos|77/100|[from] Salt Cure
|upkeep
|turn|90
|
|t:|1781571852
|move|p2a: Zapdos|Hurricane|p1a: Garganacl
|-damage|p1a: Garganacl|71/100
|move|p1a: Garganacl|Stealth Rock||[still]
|-fail|p1a: Garganacl
|
|-heal|p1a: Garganacl|78/100|[from] item: Leftovers
|-damage|p2a: Zapdos|64/100|[from] Salt Cure
|upkeep
|turn|91
|
|t:|1781571855
|move|p2a: Zapdos|Thunder Wave|p1a: Garganacl
|-immune|p1a: Garganacl|[from] ability: Purifying Salt
|move|p1a: Garganacl|Salt Cure|p2a: Zapdos
|-supereffective|p2a: Zapdos
|-damage|p2a: Zapdos|44/100
|
|-heal|p1a: Garganacl|84/100|[from] item: Leftovers
|-damage|p2a: Zapdos|32/100|[from] Salt Cure
|upkeep
|turn|92
|
|t:|1781571861
|move|p2a: Zapdos|Hurricane|p1a: Garganacl
|-damage|p1a: Garganacl|50/100
|-start|p1a: Garganacl|confusion
|-activate|p1a: Garganacl|confusion
|move|p1a: Garganacl|Stealth Rock||[still]
|-fail|p1a: Garganacl
|
|-heal|p1a: Garganacl|56/100|[from] item: Leftovers
|-damage|p2a: Zapdos|20/100|[from] Salt Cure
|upkeep
|turn|93
|
|t:|1781571865
|move|p2a: Zapdos|Hurricane|p1a: Garganacl|[miss]
|-miss|p2a: Zapdos|p1a: Garganacl
|-activate|p1a: Garganacl|confusion
|-damage|p1a: Garganacl|51/100|[from] confusion
|
|-heal|p1a: Garganacl|57/100|[from] item: Leftovers
|-damage|p2a: Zapdos|7/100|[from] Salt Cure
|upkeep
|turn|94
|
|t:|1781571868
|move|p2a: Zapdos|Roost|p2a: Zapdos
|-heal|p2a: Zapdos|57/100
|-singleturn|p2a: Zapdos|move: Roost
|-end|p1a: Garganacl|confusion
|move|p1a: Garganacl|Recover|p1a: Garganacl
|-heal|p1a: Garganacl|100/100
|
|-damage|p2a: Zapdos|45/100|[from] Salt Cure
|upkeep
|turn|95
|
|t:|1781571874
|move|p2a: Zapdos|Hurricane|p1a: Garganacl
|-damage|p1a: Garganacl|69/100
|move|p1a: Garganacl|Salt Cure|p2a: Zapdos
|-supereffective|p2a: Zapdos
|-damage|p2a: Zapdos|26/100
|
|-heal|p1a: Garganacl|75/100|[from] item: Leftovers
|-damage|p2a: Zapdos|14/100|[from] Salt Cure
|upkeep
|turn|96
|
|t:|1781571881
|move|p1a: Garganacl|Protect|p1a: Garganacl
|-singleturn|p1a: Garganacl|Protect
|move|p2a: Zapdos|Roost|p2a: Zapdos
|-heal|p2a: Zapdos|64/100
|-singleturn|p2a: Zapdos|move: Roost
|
|-heal|p1a: Garganacl|82/100|[from] item: Leftovers
|-damage|p2a: Zapdos|52/100|[from] Salt Cure
|upkeep
|turn|97
|
|t:|1781571885
|move|p2a: Zapdos|Hurricane|p1a: Garganacl|[miss]
|-miss|p2a: Zapdos|p1a: Garganacl
|move|p1a: Garganacl|Stealth Rock||[still]
|-fail|p1a: Garganacl
|
|-heal|p1a: Garganacl|88/100|[from] item: Leftovers
|-damage|p2a: Zapdos|40/100|[from] Salt Cure
|upkeep
|turn|98
|
|t:|1781571887
|move|p2a: Zapdos|Hurricane|p1a: Garganacl|[miss]
|-miss|p2a: Zapdos|p1a: Garganacl
|move|p1a: Garganacl|Stealth Rock||[still]
|-fail|p1a: Garganacl
|
|-heal|p1a: Garganacl|94/100|[from] item: Leftovers
|-damage|p2a: Zapdos|27/100|[from] Salt Cure
|upkeep
|turn|99
|
|t:|1781571890
|move|p1a: Garganacl|Protect|p1a: Garganacl
|-singleturn|p1a: Garganacl|Protect
|move|p2a: Zapdos|Hurricane|p1a: Garganacl
|-activate|p1a: Garganacl|move: Protect
|
|-heal|p1a: Garganacl|99/100|[from] item: Leftovers
|-damage|p2a: Zapdos|15/100|[from] Salt Cure
|upkeep
|turn|100
|
|t:|1781571896
|move|p2a: Zapdos|Volt Switch|p1a: Garganacl
|-damage|p1a: Garganacl|79/100
|
|t:|1781571898
|switch|p2a: Zamazenta|Zamazenta|25/100|[from] Volt Switch
|move|p1a: Garganacl|Salt Cure|p2a: Zamazenta
|-resisted|p2a: Zamazenta
|-damage|p2a: Zamazenta|19/100
|-start|p2a: Zamazenta|Salt Cure
|
|-heal|p1a: Garganacl|86/100|[from] item: Leftovers
|-damage|p2a: Zamazenta|6/100|[from] Salt Cure
|upkeep
|turn|101
|
|t:|1781571901
|move|p2a: Zamazenta|Heavy Slam|p1a: Garganacl
|-supereffective|p1a: Garganacl
|-damage|p1a: Garganacl|68/100
|move|p1a: Garganacl|Salt Cure|p2a: Zamazenta
|-resisted|p2a: Zamazenta
|-damage|p2a: Zamazenta|0 fnt
|faint|p2a: Zamazenta
|
|-heal|p1a: Garganacl|74/100|[from] item: Leftovers
|upkeep
|
|t:|1781571903
|switch|p2a: Zapdos|Zapdos|15/100
|turn|102
|
|t:|1781571905
|move|p2a: Zapdos|Volt Switch|p1a: Garganacl
|-damage|p1a: Garganacl|53/100
|move|p1a: Garganacl|Salt Cure|p2a: Zapdos
|-supereffective|p2a: Zapdos
|-damage|p2a: Zapdos|0 fnt
|faint|p2a: Zapdos
|
|win|tokiwakano
|raw|tokiwakano's rating: 1784 &rarr; <strong>1798</strong><br />(+14 for winning)
|raw|Steez Ibanez's rating: 1685 &rarr; <strong>1671</strong><br />(-14 for losing)
|l|☆Steez Ibanez
|player|p2|
|l|☆tokiwakano
|player|p1|
|l| Agathina
