|j|‽TheCannonites
|j|☆Teefryingpan
|t:|1781364761
|gametype|singles
|player|p1|TheCannonites|n|1597
|player|p2|Teefryingpan|1|1604
|gen|9
|tier|[Gen 9] OU
|rated|
|rule|HP Percentage Mod: HP is shown in percentages
|rule|Endless Battle Clause: Forcing endless battles is banned
|rule|Species Clause: Limit one of each Pokémon
|rule|OHKO Clause: OHKO moves are banned
|rule|Evasion Items Clause: Evasion items are banned
|rule|Evasion Moves Clause: Evasion moves are banned
|rule|Evasion Abilities Clause: Evasion abilities are banned
|rule|Sleep Moves Clause: Sleep-inducing moves are banned
|clearpoke
|poke|p1|Grimmsnarl, M|
|poke|p1|Blastoise, M|
|poke|p1|Hatterene, F|
|poke|p1|Iron Crown|
|poke|p1|Great Tusk|
|poke|p1|Ceruledge, F|
|poke|p2|Samurott-Hisui, F|
|poke|p2|Dragapult, M|
|poke|p2|Enamorus, F|
|poke|p2|Scizor, M|
|poke|p2|Iron Treads|
|poke|p2|Ogerpon-Wellspring, F|
|teampreview
|inactive|Battle timer is ON: inactive players will automatically lose when time's up. (requested by TheCannonites)
|
|t:|1781364766
|teamsize|p1|6
|teamsize|p2|6
|start
|switch|p1a: Grimmsnarl|Grimmsnarl, M|100/100
|switch|p2a: Dragapult|Dragapult, M|100/100
|turn|1
|
|t:|1781364771
|move|p1a: Grimmsnarl|Light Screen|p1a: Grimmsnarl
|-sidestart|p1: TheCannonites|move: Light Screen
|move|p2a: Dragapult|U-turn|p1a: Grimmsnarl
|-damage|p1a: Grimmsnarl|80/100
|
|t:|1781364773
|switch|p2a: Scizor|Scizor, M|100/100|[from] U-turn
|
|upkeep
|turn|2
|
|t:|1781364779
|switch|p1a: Ceruledge|Ceruledge, F|100/100
|move|p2a: Scizor|Brick Break|p1a: Ceruledge
|-immune|p1a: Ceruledge
|
|upkeep
|turn|3
|
|t:|1781364786
|switch|p2a: Samurott|Samurott-Hisui, F|100/100
|move|p1a: Ceruledge|Poltergeist|p2a: Samurott
|-activate|p2a: Samurott|move: Poltergeist|Rocky Helmet
|-resisted|p2a: Samurott
|-damage|p2a: Samurott|52/100
|-damage|p1a: Ceruledge|91/100|[from] item: Life Orb
|
|upkeep
|turn|4
|
|t:|1781364797
|move|p1a: Ceruledge|Close Combat|p2a: Samurott
|-supereffective|p2a: Samurott
|-damage|p2a: Samurott|0 fnt
|-unboost|p1a: Ceruledge|def|1
|-unboost|p1a: Ceruledge|spd|1
|-damage|p1a: Ceruledge|74/100|[from] item: Rocky Helmet|[of] p2a: Samurott
|faint|p2a: Samurott
|-damage|p1a: Ceruledge|64/100|[from] item: Life Orb
|
|upkeep
|
|t:|1781364800
|switch|p2a: Ogerpon|Ogerpon-Wellspring, F|100/100
|turn|5
|
|t:|1781364809
|switch|p1a: Grimmsnarl|Grimmsnarl, M|80/100
|move|p2a: Ogerpon|Swords Dance|p2a: Ogerpon
|-boost|p2a: Ogerpon|atk|2
|
|upkeep
|turn|6
|
|t:|1781364816
|move|p1a: Grimmsnarl|Reflect|p1a: Grimmsnarl
|-sidestart|p1: TheCannonites|Reflect
|move|p2a: Ogerpon|Knock Off|p1a: Grimmsnarl
|-resisted|p1a: Grimmsnarl
|-damage|p1a: Grimmsnarl|69/100
|-enditem|p1a: Grimmsnarl|Light Clay|[from] move: Knock Off|[of] p2a: Ogerpon
|
|upkeep
|turn|7
|
|t:|1781364823
|switch|p2a: Enamorus|Enamorus, F|100/100
|move|p1a: Grimmsnarl|Taunt|p2a: Enamorus
|-start|p2a: Enamorus|move: Taunt
|
|upkeep
|turn|8
|
|t:|1781364837
|switch|p2a: Scizor|Scizor, M|100/100
|switch|p1a: Iron Crown|Iron Crown|100/100
|-enditem|p1a: Iron Crown|Booster Energy
|-activate|p1a: Iron Crown|ability: Quark Drive|[fromitem]
|-start|p1a: Iron Crown|quarkdrivespa
|
|-sideend|p1: TheCannonites|move: Light Screen
|upkeep
|turn|9
|
|t:|1781364846
|-end|p1a: Iron Crown|Quark Drive|[silent]
|switch|p1a: Ceruledge|Ceruledge, F|64/100
|move|p2a: Scizor|U-turn|p1a: Ceruledge
|-resisted|p1a: Ceruledge
|-crit|p1a: Ceruledge
|-damage|p1a: Ceruledge|32/100
|-ability|p1a: Ceruledge|Weak Armor|boost
|-unboost|p1a: Ceruledge|def|1
|-boost|p1a: Ceruledge|spe|2
|
|t:|1781364858
|switch|p2a: Ogerpon|Ogerpon-Wellspring, F|100/100|[from] U-turn
|
|upkeep
|turn|10
|
|t:|1781364863
|move|p1a: Ceruledge|Poltergeist|p2a: Ogerpon
|-activate|p2a: Ogerpon|move: Poltergeist|Wellspring Mask
|-damage|p2a: Ogerpon|2/100
|-damage|p1a: Ceruledge|22/100|[from] item: Life Orb
|move|p2a: Ogerpon|Ivy Cudgel|p1a: Ceruledge|[anim] Ivy Cudgel Water
|-supereffective|p1a: Ceruledge
|-crit|p1a: Ceruledge
|-damage|p1a: Ceruledge|0 fnt
|faint|p1a: Ceruledge
|
|upkeep
|
|t:|1781364875
|switch|p1a: Blastoise|Blastoise, M|100/100
|turn|11
|
|t:|1781364879
|switch|p2a: Dragapult|Dragapult, M|100/100
|move|p1a: Blastoise|Shell Smash|p1a: Blastoise
|-unboost|p1a: Blastoise|def|1
|-unboost|p1a: Blastoise|spd|1
|-boost|p1a: Blastoise|atk|2
|-boost|p1a: Blastoise|spa|2
|-boost|p1a: Blastoise|spe|2
|-enditem|p1a: Blastoise|White Herb
|-clearnegativeboost|p1a: Blastoise|[silent]
|
|upkeep
|turn|12
|
|t:|1781364888
|move|p1a: Blastoise|Ice Beam|p2a: Dragapult
|-supereffective|p2a: Dragapult
|-damage|p2a: Dragapult|0 fnt
|faint|p2a: Dragapult
|
|upkeep
|
|t:|1781364892
|switch|p2a: Scizor|Scizor, M|100/100
|turn|13
|
|t:|1781364898
|switch|p2a: Ogerpon|Ogerpon-Wellspring, F|2/100
|move|p1a: Blastoise|Surf|p2a: Ogerpon
|-heal|p2a: Ogerpon|27/100|[from] ability: Water Absorb|[of] p1a: Blastoise
|
|-sideend|p1: TheCannonites|Reflect
|upkeep
|turn|14
|
|t:|1781364905
|move|p1a: Blastoise|Aura Sphere|p2a: Ogerpon
|-damage|p2a: Ogerpon|0 fnt
|faint|p2a: Ogerpon
|
|upkeep
|
|t:|1781364908
|switch|p2a: Scizor|Scizor, M|100/100
|turn|15
|
|t:|1781364912
|move|p1a: Blastoise|Surf|p2a: Scizor
|-damage|p2a: Scizor|10/100
|move|p2a: Scizor|U-turn|p1a: Blastoise
|-damage|p1a: Blastoise|36/100
|
|t:|1781364917
|switch|p2a: Enamorus|Enamorus, F|100/100|[from] U-turn
|
|upkeep
|turn|16
|
|t:|1781364921
|move|p1a: Blastoise|Surf|p2a: Enamorus
|-damage|p2a: Enamorus|3/100
|move|p2a: Enamorus|Moonblast|p1a: Blastoise
|-damage|p1a: Blastoise|0 fnt
|faint|p1a: Blastoise
|
|upkeep
|
|t:|1781364930
|switch|p1a: Iron Crown|Iron Crown|100/100
|turn|17
|
|t:|1781364934
|switch|p2a: Iron Treads|Iron Treads|100/100
|move|p1a: Iron Crown|Agility|p1a: Iron Crown
|-boost|p1a: Iron Crown|spe|2
|
|upkeep
|turn|18
|
|t:|1781364944
|-terastallize|p2a: Iron Treads|Ghost
|move|p1a: Iron Crown|Focus Blast|p2a: Iron Treads
|-immune|p2a: Iron Treads
|move|p2a: Iron Treads|Earthquake|p1a: Iron Crown
|-supereffective|p1a: Iron Crown
|-damage|p1a: Iron Crown|23/100
|
|upkeep
|turn|19
|
|t:|1781364955
|move|p1a: Iron Crown|Stored Power|p2a: Iron Treads
|-damage|p2a: Iron Treads|67/100
|move|p2a: Iron Treads|Earthquake|p1a: Iron Crown
|-supereffective|p1a: Iron Crown
|-damage|p1a: Iron Crown|0 fnt
|faint|p1a: Iron Crown
|-end|p1a: Iron Crown|Quark Drive|[silent]
|
|upkeep
|
|t:|1781364968
|switch|p1a: Grimmsnarl|Grimmsnarl, M|69/100
|turn|20
|
|t:|1781364973
|move|p1a: Grimmsnarl|Reflect|p1a: Grimmsnarl
|-sidestart|p1: TheCannonites|Reflect
|move|p2a: Iron Treads|Stealth Rock|p1a: Grimmsnarl
|-sidestart|p1: TheCannonites|move: Stealth Rock
|
|upkeep
|turn|21
|
|t:|1781364982
|-end|p2a: Iron Treads|Quark Drive|[silent]
|switch|p2a: Scizor|Scizor, M|10/100
|switch|p1a: Great Tusk|Great Tusk|100/100
|-damage|p1a: Great Tusk|98/100|[from] Stealth Rock
|-enditem|p1a: Great Tusk|Booster Energy
|-activate|p1a: Great Tusk|ability: Protosynthesis|[fromitem]
|-start|p1a: Great Tusk|protosynthesisspe
|
|upkeep
|turn|22
|
|t:|1781364995
|move|p1a: Great Tusk|Ice Spinner|p2a: Scizor
|-resisted|p2a: Scizor
|-damage|p2a: Scizor|0 fnt
|faint|p2a: Scizor
|
|upkeep
|
|t:|1781364997
|switch|p2a: Enamorus|Enamorus, F|3/100
|turn|23
|
|t:|1781365003
|-terastallize|p1a: Great Tusk|Steel
|move|p2a: Enamorus|Moonblast|p1a: Great Tusk
|-resisted|p1a: Great Tusk
|-damage|p1a: Great Tusk|62/100
|move|p1a: Great Tusk|Rapid Spin|p2a: Enamorus
|-damage|p2a: Enamorus|0 fnt
|-boost|p1a: Great Tusk|spe|1
|-sideend|p1: TheCannonites|Stealth Rock|[from] move: Rapid Spin|[of] p1a: Great Tusk
|faint|p2a: Enamorus
|
|upkeep
|-message|Teefryingpan forfeited.
|
|win|TheCannonites
|raw|TheCannonites's rating: 1597 &rarr; <strong>1617</strong><br />(+20 for winning)
|raw|Teefryingpan's rating: 1604 &rarr; <strong>1584</strong><br />(-20 for losing)
