|j|☆karakel
|j|☆YT-Cyber-DJ
|t:|1781482425
|gametype|singles
|player|p1|karakel|cowgirl|1726
|player|p2|YT-Cyber-DJ|gambler|1733
|gen|9
|tier|[Gen 9] OU
|rated|
|rule|HP Percentage Mod: HP is shown in percentages
|rule|Endless Battle Clause: Forcing endless battles is banned
|rule|Species Clause: Limit one of each Pokémon
|rule|OHKO Clause: OHKO moves are banned
|rule|Evasion Items Clause: Evasion items are banned
|rule|Evasion Moves Clause: Evasion moves are banned
|rule|Evasion Abilities Clause: Evasion abilities are banned
|rule|Sleep Moves Clause: Sleep-inducing moves are banned
|clearpoke
|poke|p1|Lilligant-Hisui, F|
|poke|p1|Ninetales, F|
|poke|p1|Great Tusk|
|poke|p1|Walking Wake|
|poke|p1|Cresselia, F|
|poke|p1|Cinderace, M|
|poke|p2|Iron Treads|
|poke|p2|Dragonite, F|
|poke|p2|Iron Valiant|
|poke|p2|Samurott-Hisui, F|
|poke|p2|Gholdengo|
|poke|p2|Latios, M|
|teampreview
|inactive|Battle timer is ON: inactive players will automatically lose when time's up. (requested by YT-Cyber-DJ)
|inactive|YT-Cyber-DJ has 120 seconds left.
|
|t:|1781482463
|teamsize|p1|6
|teamsize|p2|6
|start
|switch|p1a: Ninetales|Ninetales, F|100/100
|switch|p2a: Edge of My Seat|Samurott-Hisui, F|100/100
|-weather|SunnyDay|[from] ability: Drought|[of] p1a: Ninetales
|turn|1
|
|t:|1781482487
|switch|p1a: Great Tusk|Great Tusk|100/100
|-activate|p1a: Great Tusk|ability: Protosynthesis
|-start|p1a: Great Tusk|protosynthesisspe
|move|p2a: Edge of My Seat|Knock Off|p1a: Great Tusk
|-resisted|p1a: Great Tusk
|-damage|p1a: Great Tusk|86/100
|-enditem|p1a: Great Tusk|Eject Pack|[from] move: Knock Off|[of] p2a: Edge of My Seat
|
|-weather|SunnyDay|[upkeep]
|upkeep
|turn|2
|j| rexa2
|inactive|YT-Cyber-DJ has 120 seconds left.
|
|t:|1781482520
|switch|p2a: V-800|Iron Valiant, shiny|100/100
|-enditem|p2a: V-800|Booster Energy
|-activate|p2a: V-800|ability: Quark Drive|[fromitem]
|-start|p2a: V-800|quarkdrivespe
|move|p1a: Great Tusk|Close Combat|p2a: V-800
|-resisted|p2a: V-800
|-damage|p2a: V-800|68/100
|-unboost|p1a: Great Tusk|def|1
|-unboost|p1a: Great Tusk|spd|1
|
|-weather|SunnyDay|[upkeep]
|upkeep
|turn|3
|
|t:|1781482526
|-end|p1a: Great Tusk|Protosynthesis|[silent]
|switch|p1a: Cresselia|Cresselia, F|100/100
|move|p2a: V-800|Knock Off|p1a: Cresselia
|-supereffective|p1a: Cresselia
|-damage|p1a: Cresselia|70/100
|-enditem|p1a: Cresselia|Eject Button|[from] move: Knock Off|[of] p2a: V-800
|
|-weather|SunnyDay|[upkeep]
|upkeep
|turn|4
|inactive|YT-Cyber-DJ has 120 seconds left.
|
|t:|1781482558
|switch|p1a: Cinderace|Cinderace, M|100/100
|move|p2a: V-800|Moonblast|p1a: Cinderace
|-resisted|p1a: Cinderace
|-damage|p1a: Cinderace|67/100
|
|-weather|SunnyDay|[upkeep]
|upkeep
|turn|5
|
|t:|1781482566
|move|p1a: Cinderace|Pyro Ball|p2a: V-800|[miss]
|-miss|p1a: Cinderace|p2a: V-800
|move|p2a: V-800|Close Combat|p1a: Cinderace
|-damage|p1a: Cinderace|0 fnt
|-unboost|p2a: V-800|def|1
|-unboost|p2a: V-800|spd|1
|faint|p1a: Cinderace
|
|-weather|SunnyDay|[upkeep]
|upkeep
|
|t:|1781482575
|switch|p1a: Lilligant|Lilligant-Hisui, F|100/100
|turn|6
|
|t:|1781482579
|move|p2a: V-800|Destiny Bond|p2a: V-800
|-singlemove|p2a: V-800|Destiny Bond
|move|p1a: Lilligant|Leaf Blade|p2a: V-800
|-crit|p2a: V-800
|-damage|p2a: V-800|0 fnt
|faint|p2a: V-800
|-activate|p2a: V-800|move: Destiny Bond
|-end|p2a: V-800|Quark Drive|[silent]
|faint|p1a: Lilligant
|
|-weather|SunnyDay|[upkeep]
|upkeep
|inactive|YT-Cyber-DJ has 120 seconds left.
|
|t:|1781482590
|switch|p2a: Latinos|Latios, M|100/100
|switch|p1a: Walking Wake|Walking Wake|100/100
|-activate|p1a: Walking Wake|ability: Protosynthesis
|-start|p1a: Walking Wake|protosynthesisspa
|turn|7
|
|t:|1781482595
|-terastallize|p1a: Walking Wake|Water
|move|p2a: Latinos|Draco Meteor|p1a: Walking Wake|[miss]
|-miss|p2a: Latinos|p1a: Walking Wake
|move|p1a: Walking Wake|Dragon Pulse|p2a: Latinos
|-supereffective|p2a: Latinos
|-damage|p2a: Latinos|0 fnt
|faint|p2a: Latinos
|
|-weather|SunnyDay|[upkeep]
|upkeep
|inactive|YT-Cyber-DJ has 120 seconds left.
|
|t:|1781482611
|switch|p2a: Worth Every Penny|Gholdengo|100/100
|turn|8
|inactive|YT-Cyber-DJ has 120 seconds left.
|
|t:|1781482618
|-end|p1a: Walking Wake|Protosynthesis|[silent]
|switch|p1a: Cresselia|Cresselia, F|70/100
|move|p2a: Worth Every Penny|Trick|p1a: Cresselia
|-activate|p2a: Worth Every Penny|move: Trick|[of] p1a: Cresselia
|-item|p1a: Cresselia|Choice Scarf|[from] move: Trick
|-enditem|p2a: Worth Every Penny|Choice Scarf|[silent]|[from] move: Trick
|
|-weather|none
|upkeep
|turn|9
|inactive|YT-Cyber-DJ has 120 seconds left.
|
|t:|1781482631
|-terastallize|p2a: Worth Every Penny|Ghost
|move|p1a: Cresselia|Lunar Dance|p1a: Cresselia
|faint|p1a: Cresselia
|move|p2a: Worth Every Penny|Shadow Ball|p1: Cresselia|[notarget]
|-fail|p2a: Worth Every Penny
|
|upkeep
|
|t:|1781482646
|switch|p1a: Ninetales|Ninetales, F|100/100
|-weather|SunnyDay|[from] ability: Drought|[of] p1a: Ninetales
|turn|10
|
|t:|1781482652
|move|p1a: Ninetales|Overheat|p2a: Worth Every Penny
|-damage|p2a: Worth Every Penny|38/100
|-unboost|p1a: Ninetales|spa|2
|move|p2a: Worth Every Penny|Shadow Ball|p1a: Ninetales
|-damage|p1a: Ninetales|49/100
|
|-weather|SunnyDay|[upkeep]
|upkeep
|turn|11
|j| Partynparadise
|
|t:|1781482682
|switch|p1a: Great Tusk|Great Tusk|86/100
|-heal|p1a: Great Tusk|100/100|[from] move: Lunar Dance
|-activate|p1a: Great Tusk|ability: Protosynthesis
|-start|p1a: Great Tusk|protosynthesisspe
|move|p2a: Worth Every Penny|Shadow Ball|p1a: Great Tusk
|-damage|p1a: Great Tusk|30/100
|
|-weather|SunnyDay|[upkeep]
|upkeep
|turn|12
|
|t:|1781482695
|switch|p2a: Address Me|Iron Treads|100/100
|move|p1a: Great Tusk|Headlong Rush|p2a: Address Me
|-supereffective|p2a: Address Me
|-damage|p2a: Address Me|14/100
|-unboost|p1a: Great Tusk|def|1
|-unboost|p1a: Great Tusk|spd|1
|
|-weather|SunnyDay|[upkeep]
|-heal|p2a: Address Me|20/100|[from] item: Leftovers
|upkeep
|turn|13
|
|t:|1781482701
|move|p1a: Great Tusk|Headlong Rush|p2a: Address Me
|-supereffective|p2a: Address Me
|-damage|p2a: Address Me|0 fnt
|-unboost|p1a: Great Tusk|def|1
|-unboost|p1a: Great Tusk|spd|1
|faint|p2a: Address Me
|-end|p2a: Address Me|Quark Drive|[silent]
|
|-weather|SunnyDay|[upkeep]
|upkeep
|
|t:|1781482705
|switch|p2a: What a Drag|Dragonite, F|100/100
|turn|14
|
|t:|1781482713
|move|p2a: What a Drag|Extreme Speed|p1a: Great Tusk
|-damage|p1a: Great Tusk|0 fnt
|faint|p1a: Great Tusk
|-end|p1a: Great Tusk|Protosynthesis|[silent]
|-damage|p2a: What a Drag|91/100|[from] item: Life Orb
|
|-weather|SunnyDay|[upkeep]
|upkeep
|
|t:|1781482717
|switch|p1a: Walking Wake|Walking Wake, tera:Water|100/100
|-activate|p1a: Walking Wake|ability: Protosynthesis
|-start|p1a: Walking Wake|protosynthesisspa
|turn|15
|
|t:|1781482722
|switch|p2a: Worth Every Penny|Gholdengo, tera:Ghost|38/100
|move|p1a: Walking Wake|Dragon Pulse|p2a: Worth Every Penny
|-damage|p2a: Worth Every Penny|0 fnt
|faint|p2a: Worth Every Penny
|
|-weather|SunnyDay|[upkeep]
|upkeep
|
|t:|1781482725
|switch|p2a: Edge of My Seat|Samurott-Hisui, F|100/100
|turn|16
|
|t:|1781482734
|move|p1a: Walking Wake|Dragon Pulse|p2a: Edge of My Seat
|-damage|p2a: Edge of My Seat|29/100
|move|p2a: Edge of My Seat|Ceaseless Edge|p1a: Walking Wake
|-damage|p1a: Walking Wake|58/100
|-sidestart|p1: karakel|Spikes
|
|-weather|SunnyDay|[upkeep]
|upkeep
|turn|17
|
|t:|1781482742
|move|p1a: Walking Wake|Dragon Pulse|p2a: Edge of My Seat
|-crit|p2a: Edge of My Seat
|-damage|p2a: Edge of My Seat|0 fnt
|faint|p2a: Edge of My Seat
|
|-weather|none
|-end|p1a: Walking Wake|Protosynthesis
|upkeep
|
|t:|1781482745
|switch|p2a: What a Drag|Dragonite, F|91/100
|turn|18
|
|t:|1781482748
|move|p2a: What a Drag|Extreme Speed|p1a: Walking Wake
|-damage|p1a: Walking Wake|11/100
|-damage|p2a: What a Drag|81/100|[from] item: Life Orb
|move|p1a: Walking Wake|Dragon Pulse|p2a: What a Drag
|-supereffective|p2a: What a Drag
|-damage|p2a: What a Drag|0 fnt
|faint|p2a: What a Drag
|
|win|karakel
|raw|karakel's rating: 1726 &rarr; <strong>1746</strong><br />(+20 for winning)
|raw|YT-Cyber-DJ's rating: 1733 &rarr; <strong>1713</strong><br />(-20 for losing)
|l|☆YT-Cyber-DJ
|player|p2|
|c|☆karakel|gg
|l|☆karakel
|player|p1|
|l| rexa2
|l| Partynparadise
