|badge|p2|bronze|gen9ubers|100-9
|uhtml|medal-msg|<div class="broadcast-blue">Curious what those medals under the avatar are? PS now has Ladder Seasons! For more information, check out the <a href="https://www.smogon.com/forums/threads/3740067/">thread on Smogon.</a></div>
|j|☆bigguy916
|j|☆itztrip
|t:|1781564500
|gametype|singles
|player|p1|bigguy916|unknownf|1651
|player|p2|itztrip|proton|1648
|gen|9
|tier|[Gen 9] OU
|rated|
|rule|HP Percentage Mod: HP is shown in percentages
|rule|Endless Battle Clause: Forcing endless battles is banned
|rule|Species Clause: Limit one of each Pokémon
|rule|OHKO Clause: OHKO moves are banned
|rule|Evasion Items Clause: Evasion items are banned
|rule|Evasion Moves Clause: Evasion moves are banned
|rule|Evasion Abilities Clause: Evasion abilities are banned
|rule|Sleep Moves Clause: Sleep-inducing moves are banned
|clearpoke
|poke|p1|Torterra, M|
|poke|p1|Glimmora, F|
|poke|p1|Iron Moth|
|poke|p1|Dragonite, M|
|poke|p1|Kingambit, M|
|poke|p1|Walking Wake|
|poke|p2|Kingambit, F|
|poke|p2|Deoxys-Speed|
|poke|p2|Great Tusk|
|poke|p2|Dragonite, M|
|poke|p2|Iron Moth|
|poke|p2|Primarina, F|
|teampreview
|inactive|Battle timer is ON: inactive players will automatically lose when time's up. (requested by itztrip)
|inactive|bigguy916 also wants the timer to be on.
|j| Golem Rising
|inactive|bigguy916 has 120 seconds left.
|
|t:|1781564540
|teamsize|p1|6
|teamsize|p2|6
|start
|switch|p1a: Ber|Glimmora, F|100/100
|switch|p2a: Great Tusk|Great Tusk|100/100
|-enditem|p2a: Great Tusk|Booster Energy
|-activate|p2a: Great Tusk|ability: Protosynthesis|[fromitem]
|-start|p2a: Great Tusk|protosynthesisatk
|turn|1
|
|t:|1781564546
|move|p2a: Great Tusk|Headlong Rush|p1a: Ber
|-supereffective|p1a: Ber
|-enditem|p1a: Ber|Focus Sash
|-damage|p1a: Ber|1/100
|-unboost|p2a: Great Tusk|def|1
|-unboost|p2a: Great Tusk|spd|1
|-activate|p1a: Ber|ability: Toxic Debris
|-sidestart|p2: itztrip|move: Toxic Spikes
|move|p1a: Ber|Energy Ball|p2a: Great Tusk
|-supereffective|p2a: Great Tusk
|-damage|p2a: Great Tusk|0 fnt
|faint|p2a: Great Tusk
|-end|p2a: Great Tusk|Protosynthesis|[silent]
|
|upkeep
|
|t:|1781564550
|switch|p2a: Iron Moth|Iron Moth|100/100
|-sideend|p2: itztrip|move: Toxic Spikes|[of] p2a: Iron Moth
|-enditem|p2a: Iron Moth|Booster Energy
|-activate|p2a: Iron Moth|ability: Quark Drive|[fromitem]
|-start|p2a: Iron Moth|quarkdrivespe
|turn|2
|
|t:|1781564557
|move|p2a: Iron Moth|Substitute|p2a: Iron Moth
|-start|p2a: Iron Moth|Substitute
|-damage|p2a: Iron Moth|76/100
|move|p1a: Ber|Earth Power|p2a: Iron Moth
|-supereffective|p2a: Iron Moth
|-end|p2a: Iron Moth|Substitute
|
|upkeep
|turn|3
|
|t:|1781564563
|move|p2a: Iron Moth|Fiery Dance|p1a: Ber
|-resisted|p1a: Ber
|-damage|p1a: Ber|0 fnt
|-boost|p2a: Iron Moth|spa|1
|faint|p1a: Ber
|
|upkeep
|
|t:|1781564583
|switch|p1a: Dragonite|Dragonite, M|100/100
|turn|4
|
|t:|1781564590
|move|p1a: Dragonite|Extreme Speed|p2a: Iron Moth
|-damage|p2a: Iron Moth|28/100
|move|p2a: Iron Moth|Sludge Wave|p1a: Dragonite
|-damage|p1a: Dragonite|66/100
|
|upkeep
|turn|5
|
|t:|1781564597
|move|p1a: Dragonite|Extreme Speed|p2a: Iron Moth
|-damage|p2a: Iron Moth|0 fnt
|faint|p2a: Iron Moth
|-end|p2a: Iron Moth|Quark Drive|[silent]
|
|upkeep
|
|t:|1781564600
|switch|p2a: Dragonite|Dragonite, M|100/100
|turn|6
|
|t:|1781564630
|move|p1a: Dragonite|Dragon Claw|p2a: Dragonite
|-supereffective|p2a: Dragonite
|-damage|p2a: Dragonite|48/100
|move|p2a: Dragonite|Outrage|p1a: Dragonite
|-supereffective|p1a: Dragonite
|-damage|p1a: Dragonite|0 fnt
|faint|p1a: Dragonite
|
|upkeep
|inactive|bigguy916 has 120 seconds left.
|inactive|bigguy916 has 90 seconds left.
|
|t:|1781564674
|switch|p1a: Walking Wake|Walking Wake|100/100
|-enditem|p1a: Walking Wake|Booster Energy
|-activate|p1a: Walking Wake|ability: Protosynthesis|[fromitem]
|-start|p1a: Walking Wake|protosynthesisspa
|turn|7
|
|t:|1781564678
|move|p1a: Walking Wake|Dragon Pulse|p2a: Dragonite
|-supereffective|p2a: Dragonite
|-damage|p2a: Dragonite|0 fnt
|faint|p2a: Dragonite
|
|upkeep
|
|t:|1781564680
|switch|p2a: Primarina|Primarina, F|100/100
|turn|8
|
|t:|1781564686
|-end|p1a: Walking Wake|Protosynthesis|[silent]
|switch|p1a: Be|Iron Moth|100/100
|-enditem|p1a: Be|Booster Energy
|-activate|p1a: Be|ability: Quark Drive|[fromitem]
|-start|p1a: Be|quarkdrivespa
|move|p2a: Primarina|Moonblast|p1a: Be
|-resisted|p1a: Be
|-damage|p1a: Be|87/100
|-unboost|p1a: Be|spa|1
|
|upkeep
|turn|9
|
|t:|1781564694
|-terastallize|p2a: Primarina|Poison
|move|p1a: Be|Sludge Wave|p2a: Primarina
|-resisted|p2a: Primarina
|-damage|p2a: Primarina|85/100
|move|p2a: Primarina|Surf|p1a: Be
|-supereffective|p1a: Be
|-damage|p1a: Be|0 fnt
|faint|p1a: Be
|-end|p1a: Be|Quark Drive|[silent]
|
|upkeep
|inactive|bigguy916 has 120 seconds left.
|
|t:|1781564702
|switch|p1a: Torterra|Torterra, M|100/100
|turn|10
|
|t:|1781564709
|switch|p2a: Kingambit|Kingambit, F|100/100
|-activate|p2a: Kingambit|ability: Supreme Overlord
|-start|p2a: Kingambit|fallen3|[silent]
|move|p1a: Torterra|Headlong Rush|p2a: Kingambit
|-supereffective|p2a: Kingambit
|-damage|p2a: Kingambit|0 fnt
|-unboost|p1a: Torterra|def|1
|-unboost|p1a: Torterra|spd|1
|faint|p2a: Kingambit
|-end|p2a: Kingambit|fallen3|[silent]
|
|upkeep
|
|t:|1781564710
|switch|p2a: Deoxys|Deoxys-Speed|100/100
|-ability|p2a: Deoxys|Pressure
|turn|11
|
|t:|1781564712
|switch|p1a: Kingambit|Kingambit, M|100/100
|-activate|p1a: Kingambit|ability: Supreme Overlord
|-start|p1a: Kingambit|fallen3|[silent]
|move|p2a: Deoxys|Psycho Boost|p1a: Kingambit
|-immune|p1a: Kingambit
|
|upkeep
|turn|12
|
|t:|1781564720
|move|p1a: Kingambit|Sucker Punch|p2a: Deoxys
|-supereffective|p2a: Deoxys
|-damage|p2a: Deoxys|0 fnt
|faint|p2a: Deoxys
|
|upkeep
|
|t:|1781564722
|switch|p2a: Primarina|Primarina, F, tera:Poison|85/100
|turn|13
|
|t:|1781564725
|move|p2a: Primarina|Surf|p1a: Kingambit
|-damage|p1a: Kingambit|45/100
|move|p1a: Kingambit|Kowtow Cleave|p2a: Primarina
|-damage|p2a: Primarina|0 fnt
|faint|p2a: Primarina
|
|win|bigguy916
|raw|bigguy916's rating: 1651 &rarr; <strong>1671</strong><br />(+20 for winning)
|raw|itztrip's rating: 1648 &rarr; <strong>1628</strong><br />(-20 for losing)
|l|☆itztrip
|player|p2|
|c|☆bigguy916|gg
|l| Golem Rising
