|j|☆rekjllj
|j|☆anamchara
|t:|1781271889
|gametype|singles
|player|p1|rekjllj|169|1657
|player|p2|anamchara|1|1605
|gen|9
|tier|[Gen 9] OU
|rated|
|rule|HP Percentage Mod: HP is shown in percentages
|rule|Endless Battle Clause: Forcing endless battles is banned
|rule|Species Clause: Limit one of each Pokémon
|rule|OHKO Clause: OHKO moves are banned
|rule|Evasion Items Clause: Evasion items are banned
|rule|Evasion Moves Clause: Evasion moves are banned
|rule|Evasion Abilities Clause: Evasion abilities are banned
|rule|Sleep Moves Clause: Sleep-inducing moves are banned
|clearpoke
|poke|p1|Iron Moth|
|poke|p1|Gliscor, M|
|poke|p1|Hatterene, F|
|poke|p1|Ogerpon-Wellspring, F|
|poke|p1|Raging Bolt|
|poke|p1|Zamazenta-*|
|poke|p2|Slowking-Galar, M|
|poke|p2|Meowscarada, F|
|poke|p2|Iron Valiant|
|poke|p2|Ogerpon-Wellspring, F|
|poke|p2|Glimmora, F|
|poke|p2|Dragapult, F|
|teampreview
|
|t:|1781271897
|teamsize|p1|6
|teamsize|p2|6
|start
|switch|p1a: Zamazenta|Zamazenta|100/100
|switch|p2a: Meowscarada|Meowscarada, F|100/100
|-ability|p1a: Zamazenta|Dauntless Shield|boost
|-boost|p1a: Zamazenta|def|1
|turn|1
|c|☆rekjllj|hf
|inactive|Battle timer is ON: inactive players will automatically lose when time's up. (requested by rekjllj)
|
|t:|1781271908
|move|p2a: Meowscarada|U-turn|p1a: Zamazenta
|-start|p2a: Meowscarada|typechange|Bug|[from] ability: Protean
|-resisted|p1a: Zamazenta
|-damage|p1a: Zamazenta|92/100
|
|t:|1781271910
|switch|p2a: Dragapult|Dragapult, F|100/100|[from] U-turn
|move|p1a: Zamazenta|Close Combat|p2a: Dragapult
|-immune|p2a: Dragapult
|
|upkeep
|turn|2
|
|t:|1781271915
|move|p2a: Dragapult|Will-O-Wisp|p1a: Zamazenta
|-status|p1a: Zamazenta|brn
|move|p1a: Zamazenta|Ice Fang|p2a: Dragapult
|-supereffective|p2a: Dragapult
|-damage|p2a: Dragapult|73/100
|
|-damage|p1a: Zamazenta|85/100 brn|[from] brn
|upkeep
|turn|3
|
|t:|1781271922
|move|p2a: Dragapult|Hex|p1a: Zamazenta
|-damage|p1a: Zamazenta|31/100 brn
|-damage|p2a: Dragapult|63/100|[from] item: Life Orb
|move|p1a: Zamazenta|Light Screen|p1a: Zamazenta
|-sidestart|p1: rekjllj|move: Light Screen
|
|-damage|p1a: Zamazenta|25/100 brn|[from] brn
|upkeep
|turn|4
|
|t:|1781271929
|move|p2a: Dragapult|Dragon Dance|p2a: Dragapult
|-boost|p2a: Dragapult|atk|1
|-boost|p2a: Dragapult|spe|1
|move|p1a: Zamazenta|Reflect|p1a: Zamazenta
|-sidestart|p1: rekjllj|Reflect
|
|-damage|p1a: Zamazenta|19/100 brn|[from] brn
|upkeep
|turn|5
|
|t:|1781271933
|switch|p1a: Raging Bolt|Raging Bolt|100/100
|-enditem|p1a: Raging Bolt|Booster Energy
|-activate|p1a: Raging Bolt|ability: Protosynthesis|[fromitem]
|-start|p1a: Raging Bolt|protosynthesisspa
|move|p2a: Dragapult|Hex|p1a: Raging Bolt
|-damage|p1a: Raging Bolt|66/100
|-damage|p2a: Dragapult|53/100|[from] item: Life Orb
|
|upkeep
|turn|6
|
|t:|1781271945
|move|p2a: Dragapult|Dragon Darts|p1a: Raging Bolt
|-supereffective|p1a: Raging Bolt
|-crit|p1a: Raging Bolt
|-damage|p1a: Raging Bolt|0 fnt
|faint|p1a: Raging Bolt
|-end|p1a: Raging Bolt|Protosynthesis|[silent]
|-damage|p2a: Dragapult|44/100|[from] item: Life Orb
|
|upkeep
|
|t:|1781271948
|switch|p1a: Hatterene|Hatterene, F|100/100
|turn|7
|
|t:|1781271956
|-terastallize|p2a: Dragapult|Ghost
|move|p2a: Dragapult|Hex|p1a: Hatterene
|-supereffective|p1a: Hatterene
|-damage|p1a: Hatterene|9/100
|-damage|p2a: Dragapult|34/100|[from] item: Life Orb
|move|p1a: Hatterene|Calm Mind|p1a: Hatterene
|-boost|p1a: Hatterene|spa|1
|-boost|p1a: Hatterene|spd|1
|
|-heal|p1a: Hatterene|15/100|[from] item: Leftovers
|upkeep
|turn|8
|
|t:|1781271960
|switch|p1a: Gliscor|Gliscor, M|100/100
|move|p2a: Dragapult|Hex|p1a: Gliscor
|-damage|p1a: Gliscor|31/100
|-damage|p2a: Dragapult|24/100|[from] item: Life Orb
|
|-status|p1a: Gliscor|tox|[from] item: Toxic Orb
|upkeep
|turn|9
|
|t:|1781271963
|switch|p1a: Zamazenta|Zamazenta|19/100 brn
|move|p2a: Dragapult|Dragon Darts|p1a: Zamazenta
|-damage|p1a: Zamazenta|0 fnt
|faint|p1a: Zamazenta
|-damage|p2a: Dragapult|14/100|[from] item: Life Orb
|
|upkeep
|
|t:|1781271966
|switch|p1a: Iron Moth|Iron Moth|100/100
|-enditem|p1a: Iron Moth|Booster Energy
|-activate|p1a: Iron Moth|ability: Quark Drive|[fromitem]
|-start|p1a: Iron Moth|quarkdrivespe
|turn|10
|
|t:|1781271970
|move|p2a: Dragapult|Dragon Darts|p1a: Iron Moth
|-damage|p1a: Iron Moth|38/100
|-anim|p2a: Dragapult|Dragon Darts|p1a: Iron Moth
|-damage|p1a: Iron Moth|0 fnt
|faint|p1a: Iron Moth
|-end|p1a: Iron Moth|Quark Drive|[silent]
|-damage|p2a: Dragapult|5/100|[from] item: Life Orb
|
|-sideend|p1: rekjllj|move: Light Screen
|upkeep
|
|t:|1781271973
|switch|p1a: Gliscor|Gliscor, M|31/100 tox
|turn|11
|
|t:|1781271989
|-terastallize|p1a: Gliscor|Normal
|move|p2a: Dragapult|Hex|p1a: Gliscor
|-immune|p1a: Gliscor
|move|p1a: Gliscor|Swords Dance|p1a: Gliscor
|-boost|p1a: Gliscor|atk|2
|
|-heal|p1a: Gliscor|44/100 tox|[from] ability: Poison Heal
|-sideend|p1: rekjllj|Reflect
|upkeep
|turn|12
|
|t:|1781271992
|switch|p1a: Hatterene|Hatterene, F|15/100
|move|p2a: Dragapult|Dragon Darts|p1a: Hatterene
|-immune|p1a: Hatterene
|
|-heal|p1a: Hatterene|21/100|[from] item: Leftovers
|upkeep
|turn|13
|
|t:|1781271995
|switch|p1a: Gliscor|Gliscor, M, tera:Normal|44/100 tox
|move|p2a: Dragapult|Hex|p1a: Gliscor
|-immune|p1a: Gliscor
|
|-heal|p1a: Gliscor|56/100 tox|[from] ability: Poison Heal
|upkeep
|turn|14
|
|t:|1781272003
|switch|p1a: Hatterene|Hatterene, F|21/100
|move|p2a: Dragapult|Dragon Darts|p1a: Hatterene
|-immune|p1a: Hatterene
|
|-heal|p1a: Hatterene|27/100|[from] item: Leftovers
|upkeep
|turn|15
|
|t:|1781272006
|switch|p1a: Gliscor|Gliscor, M, tera:Normal|56/100 tox
|move|p2a: Dragapult|Hex|p1a: Gliscor
|-immune|p1a: Gliscor
|
|-heal|p1a: Gliscor|68/100 tox|[from] ability: Poison Heal
|upkeep
|turn|16
|
|t:|1781272010
|switch|p1a: Hatterene|Hatterene, F|27/100
|move|p2a: Dragapult|Dragon Dance|p2a: Dragapult
|-boost|p2a: Dragapult|atk|1
|-boost|p2a: Dragapult|spe|1
|
|-heal|p1a: Hatterene|33/100|[from] item: Leftovers
|upkeep
|turn|17
|
|t:|1781272013
|switch|p1a: Gliscor|Gliscor, M, tera:Normal|68/100 tox
|move|p2a: Dragapult|Hex|p1a: Gliscor
|-immune|p1a: Gliscor
|
|-heal|p1a: Gliscor|80/100 tox|[from] ability: Poison Heal
|upkeep
|turn|18
|
|t:|1781272017
|switch|p1a: Hatterene|Hatterene, F|33/100
|move|p2a: Dragapult|Dragon Darts|p1a: Hatterene
|-immune|p1a: Hatterene
|
|-heal|p1a: Hatterene|39/100|[from] item: Leftovers
|upkeep
|turn|19
|
|t:|1781272020
|switch|p1a: Gliscor|Gliscor, M, tera:Normal|80/100 tox
|move|p2a: Dragapult|Dragon Dance|p2a: Dragapult
|-boost|p2a: Dragapult|atk|1
|-boost|p2a: Dragapult|spe|1
|
|-heal|p1a: Gliscor|93/100 tox|[from] ability: Poison Heal
|upkeep
|turn|20
|
|t:|1781272024
|switch|p1a: Hatterene|Hatterene, F|39/100
|move|p2a: Dragapult|Dragon Darts|p1a: Hatterene
|-immune|p1a: Hatterene
|
|-heal|p1a: Hatterene|45/100|[from] item: Leftovers
|upkeep
|turn|21
|
|t:|1781272027
|switch|p1a: Gliscor|Gliscor, M, tera:Normal|93/100 tox
|move|p2a: Dragapult|Dragon Darts|p1a: Gliscor
|-damage|p1a: Gliscor|33/100 tox
|-anim|p2a: Dragapult|Dragon Darts|p1a: Gliscor
|-damage|p1a: Gliscor|0 fnt
|faint|p1a: Gliscor
|-damage|p2a: Dragapult|0 fnt|[from] item: Life Orb
|faint|p2a: Dragapult
|
|upkeep
|
|t:|1781272030
|switch|p2a: Meowscarada|Meowscarada, F|100/100
|switch|p1a: Ogerpon|Ogerpon-Wellspring, F|100/100
|turn|22
|
|t:|1781272036
|switch|p1a: Hatterene|Hatterene, F|45/100
|move|p2a: Meowscarada|U-turn|p1a: Hatterene
|-start|p2a: Meowscarada|typechange|Bug|[from] ability: Protean
|-damage|p1a: Hatterene|15/100
|
|t:|1781272040
|switch|p2a: Ogerpon|Ogerpon-Wellspring, F|100/100|[from] U-turn
|
|-heal|p1a: Hatterene|21/100|[from] item: Leftovers
|upkeep
|turn|23
|
|t:|1781272046
|switch|p1a: Ogerpon|Ogerpon-Wellspring, F|100/100
|move|p2a: Ogerpon|Trailblaze|p1a: Ogerpon
|-damage|p1a: Ogerpon|54/100
|-boost|p2a: Ogerpon|spe|1
|
|upkeep
|turn|24
|
|t:|1781272051
|move|p2a: Ogerpon|Horn Leech|p1a: Ogerpon
|-damage|p1a: Ogerpon|0 fnt
|faint|p1a: Ogerpon
|
|upkeep
|
|t:|1781272056
|switch|p1a: Hatterene|Hatterene, F|21/100
|turn|25
|
|t:|1781272064
|move|p2a: Ogerpon|Ivy Cudgel|p1a: Hatterene|[anim] Ivy Cudgel Water
|-damage|p1a: Hatterene|0 fnt
|faint|p1a: Hatterene
|
|win|anamchara
|raw|rekjllj's rating: 1657 &rarr; <strong>1633</strong><br />(-24 for losing)
|raw|anamchara's rating: 1584 &rarr; <strong>1608</strong><br />(+24 for winning)
|c|☆rekjllj|gg
