|j|☆n5v
|j|☆Igoodnamename
|t:|1781294342
|gametype|singles
|player|p1|n5v|leon-masters|1615
|player|p2|Igoodnamename|winona|1684
|gen|9
|tier|[Gen 9] OU
|rated|
|rule|HP Percentage Mod: HP is shown in percentages
|rule|Endless Battle Clause: Forcing endless battles is banned
|rule|Species Clause: Limit one of each Pokémon
|rule|OHKO Clause: OHKO moves are banned
|rule|Evasion Items Clause: Evasion items are banned
|rule|Evasion Moves Clause: Evasion moves are banned
|rule|Evasion Abilities Clause: Evasion abilities are banned
|rule|Sleep Moves Clause: Sleep-inducing moves are banned
|clearpoke
|poke|p1|Raging Bolt|
|poke|p1|Cresselia, F|
|poke|p1|Enamorus, F|
|poke|p1|Great Tusk|
|poke|p1|Kingambit, F|
|poke|p1|Rillaboom, M|
|poke|p2|Raging Bolt|
|poke|p2|Rillaboom, F|
|poke|p2|Great Tusk|
|poke|p2|Ting-Lu|
|poke|p2|Skeledirge, M|
|poke|p2|Enamorus, F|
|teampreview
|c|☆n5v|glhf
|c|☆n5v|crazy mirror
|inactive|Battle timer is ON: inactive players will automatically lose when time's up. (requested by n5v)
|
|t:|1781294367
|teamsize|p1|6
|teamsize|p2|6
|start
|switch|p1a: diddy kong|Rillaboom, M, shiny|100/100
|switch|p2a: Rillaboom|Rillaboom, F|100/100
|-fieldstart|move: Grassy Terrain|[from] ability: Grassy Surge|[of] p1a: diddy kong
|turn|1
|
|t:|1781294371
|move|p1a: diddy kong|U-turn|p2a: Rillaboom
|-supereffective|p2a: Rillaboom
|-damage|p2a: Rillaboom|15/100
|
|t:|1781294382
|switch|p1a: goobing bolt|Raging Bolt|100/100|[from] U-turn
|move|p2a: Rillaboom|U-turn|p1a: goobing bolt
|-damage|p1a: goobing bolt|61/100
|
|t:|1781294389
|switch|p2a: Ting-Lu|Ting-Lu|100/100|[from] U-turn
|-ability|p2a: Ting-Lu|Vessel of Ruin
|
|-heal|p1a: goobing bolt|68/100|[from] Grassy Terrain
|upkeep
|turn|2
|
|t:|1781294399
|-end|p1a: goobing bolt|Protosynthesis|[silent]
|switch|p1a: diddy kong|Rillaboom, M, shiny|100/100
|move|p2a: Ting-Lu|Stealth Rock|p1a: diddy kong
|-sidestart|p1: n5v|move: Stealth Rock
|
|upkeep
|turn|3
|
|t:|1781294420
|switch|p2a: Skeledirge|Skeledirge, M|100/100
|move|p1a: diddy kong|U-turn|p2a: Skeledirge
|-resisted|p2a: Skeledirge
|-crit|p2a: Skeledirge
|-damage|p2a: Skeledirge|89/100
|j| testingrainteam1
|
|t:|1781294445
|switch|p1a: goobing bolt|Raging Bolt|68/100|[from] U-turn
|-damage|p1a: goobing bolt|55/100|[from] Stealth Rock
|
|-heal|p1a: goobing bolt|61/100|[from] Grassy Terrain
|-heal|p2a: Skeledirge|95/100|[from] Grassy Terrain
|upkeep
|turn|4
|
|t:|1781294458
|move|p1a: goobing bolt|Volt Switch|p2a: Skeledirge
|-damage|p2a: Skeledirge|50/100
|
|t:|1781294464
|-end|p1a: goobing bolt|Protosynthesis|[silent]
|switch|p1a: cheap tusk|Great Tusk, shiny|100/100|[from] Volt Switch
|move|p2a: Skeledirge|Slack Off|p2a: Skeledirge
|-heal|p2a: Skeledirge|99/100
|
|-heal|p2a: Skeledirge|100/100|[from] Grassy Terrain
|upkeep
|turn|5
|
|t:|1781294476
|switch|p2a: Enamorus|Enamorus, F|100/100
|move|p1a: cheap tusk|Headlong Rush|p2a: Enamorus
|-immune|p2a: Enamorus
|
|-fieldend|move: Grassy Terrain
|upkeep
|turn|6
|
|t:|1781294484
|-end|p1a: cheap tusk|Protosynthesis|[silent]
|switch|p1a: Kuuhenki|Cresselia, F|100/100
|-damage|p1a: Kuuhenki|88/100|[from] Stealth Rock
|move|p2a: Enamorus|Moonblast|p1a: Kuuhenki
|-damage|p1a: Kuuhenki|60/100
|-unboost|p1a: Kuuhenki|spa|1
|-enditem|p1a: Kuuhenki|Eject Button
|
|t:|1781294490
|switch|p1a: goobing bolt|Raging Bolt|61/100
|-damage|p1a: goobing bolt|49/100|[from] Stealth Rock
|
|upkeep
|turn|7
|
|t:|1781294497
|-terastallize|p2a: Enamorus|Ground
|move|p1a: goobing bolt|Thunderclap|p2a: Enamorus
|-immune|p2a: Enamorus
|move|p2a: Enamorus|Moonblast|p1a: goobing bolt
|-supereffective|p1a: goobing bolt
|-damage|p1a: goobing bolt|0 fnt
|faint|p1a: goobing bolt
|-end|p1a: goobing bolt|Protosynthesis|[silent]
|
|upkeep
|
|t:|1781294499
|switch|p1a: diddy kong|Rillaboom, M, shiny|100/100
|-damage|p1a: diddy kong|88/100|[from] Stealth Rock
|-fieldstart|move: Grassy Terrain|[from] ability: Grassy Surge|[of] p1a: diddy kong
|turn|8
|l| testingrainteam1
|
|t:|1781294509
|move|p2a: Enamorus|Moonblast|p1a: diddy kong
|-damage|p1a: diddy kong|14/100
|-unboost|p1a: diddy kong|spa|1
|move|p1a: diddy kong|Knock Off|p2a: Enamorus
|-damage|p2a: Enamorus|12/100
|-enditem|p2a: Enamorus|Choice Scarf|[from] move: Knock Off|[of] p1a: diddy kong
|
|-heal|p2a: Enamorus|18/100|[from] Grassy Terrain
|-heal|p1a: diddy kong|20/100|[from] Grassy Terrain
|upkeep
|turn|9
|
|t:|1781294519
|switch|p1a: Kuuhenki|Cresselia, F|60/100
|-damage|p1a: Kuuhenki|47/100|[from] Stealth Rock
|move|p2a: Enamorus|Moonblast|p1a: Kuuhenki
|-damage|p1a: Kuuhenki|18/100
|
|-heal|p2a: Enamorus|24/100|[from] Grassy Terrain
|upkeep
|turn|10
|j| JensPaulVI
|c|☆n5v|yo ggs I got outplayed
|-message|n5v forfeited.
|
|win|Igoodnamename
|raw|n5v's rating: 1615 &rarr; <strong>1599</strong><br />(-16 for losing)
|raw|Igoodnamename's rating: 1684 &rarr; <strong>1700</strong><br />(+16 for winning)
|l| JensPaulVI
|c|☆Igoodnamename|ggs
|l|☆n5v
|player|p1|
