|j|☆LoseToRU?
|j|☆crck like alakazam
|t:|1781387024
|gametype|singles
|player|p1|LoseToRU?|giovanni-gen1|1690
|player|p2|crck like alakazam|psychic-gen4|1835
|gen|9
|tier|[Gen 9] OU
|rated|
|rule|HP Percentage Mod: HP is shown in percentages
|rule|Endless Battle Clause: Forcing endless battles is banned
|rule|Species Clause: Limit one of each Pokémon
|rule|OHKO Clause: OHKO moves are banned
|rule|Evasion Items Clause: Evasion items are banned
|rule|Evasion Moves Clause: Evasion moves are banned
|rule|Evasion Abilities Clause: Evasion abilities are banned
|rule|Sleep Moves Clause: Sleep-inducing moves are banned
|clearpoke
|poke|p1|Iron Jugulis|
|poke|p1|Thundurus, M|
|poke|p1|Ceruledge, F|
|poke|p1|Zamazenta-*|
|poke|p1|Cloyster, M|
|poke|p1|Iron Valiant|
|poke|p2|Iron Treads|
|poke|p2|Pelipper, F|
|poke|p2|Dondozo, M|
|poke|p2|Overqwil, M|
|poke|p2|Enamorus, F|
|poke|p2|Raging Bolt|
|teampreview
|inactive|Battle timer is ON: inactive players will automatically lose when time's up. (requested by crck like alakazam)
|inactive|crck like alakazam has 120 seconds left.
|inactive|crck like alakazam has 90 seconds left.
|
|t:|1781387089
|teamsize|p1|6
|teamsize|p2|6
|start
|switch|p1a: Iron Valiant|Iron Valiant|100/100
|switch|p2a: 4Pc Peliac Combo|Pelipper, F|100/100
|-weather|RainDance|[from] ability: Drizzle|[of] p2a: 4Pc Peliac Combo
|-enditem|p1a: Iron Valiant|Booster Energy
|-activate|p1a: Iron Valiant|ability: Quark Drive|[fromitem]
|-start|p1a: Iron Valiant|quarkdrivespe
|turn|1
|
|t:|1781387098
|switch|p2a: C.T.E.Spins|Iron Treads|100/100
|-enditem|p2a: C.T.E.Spins|Booster Energy
|-activate|p2a: C.T.E.Spins|ability: Quark Drive|[fromitem]
|-start|p2a: C.T.E.Spins|quarkdrivespe
|move|p1a: Iron Valiant|Destiny Bond|p1a: Iron Valiant
|-singlemove|p1a: Iron Valiant|Destiny Bond
|
|-weather|RainDance|[upkeep]
|upkeep
|turn|2
|
|t:|1781387108
|move|p1a: Iron Valiant|Taunt|p2a: C.T.E.Spins
|-start|p2a: C.T.E.Spins|move: Taunt
|cant|p2a: C.T.E.Spins|move: Taunt|Stealth Rock
|
|-weather|RainDance|[upkeep]
|upkeep
|turn|3
|
|t:|1781387117
|move|p1a: Iron Valiant|Moonblast|p2a: C.T.E.Spins
|-resisted|p2a: C.T.E.Spins
|-damage|p2a: C.T.E.Spins|72/100
|move|p2a: C.T.E.Spins|Rapid Spin|p1a: Iron Valiant
|-damage|p1a: Iron Valiant|84/100
|-boost|p2a: C.T.E.Spins|spe|1
|
|-weather|RainDance|[upkeep]
|upkeep
|turn|4
|
|t:|1781387141
|move|p2a: C.T.E.Spins|Earthquake|p1a: Iron Valiant
|-damage|p1a: Iron Valiant|34/100
|move|p1a: Iron Valiant|Trick Room|p1a: Iron Valiant
|-fieldstart|move: Trick Room|[of] p1a: Iron Valiant
|
|-weather|RainDance|[upkeep]
|-end|p2a: C.T.E.Spins|move: Taunt
|upkeep
|turn|5
|
|t:|1781387157
|move|p1a: Iron Valiant|Taunt|p2a: C.T.E.Spins
|-start|p2a: C.T.E.Spins|move: Taunt
|move|p2a: C.T.E.Spins|Earthquake|p1a: Iron Valiant
|-damage|p1a: Iron Valiant|0 fnt
|faint|p1a: Iron Valiant
|-end|p1a: Iron Valiant|Quark Drive|[silent]
|
|-weather|RainDance|[upkeep]
|upkeep
|
|t:|1781387175
|switch|p1a: Ceruledge|Ceruledge, F|100/100
|turn|6
|
|t:|1781387181
|move|p1a: Ceruledge|Swords Dance|p1a: Ceruledge
|-boost|p1a: Ceruledge|atk|2
|move|p2a: C.T.E.Spins|Earthquake|p1a: Ceruledge
|-supereffective|p1a: Ceruledge
|-enditem|p1a: Ceruledge|Focus Sash
|-damage|p1a: Ceruledge|1/100
|-ability|p1a: Ceruledge|Weak Armor|boost
|-unboost|p1a: Ceruledge|def|1
|-boost|p1a: Ceruledge|spe|2
|
|-weather|RainDance|[upkeep]
|upkeep
|turn|7
|j| dchdcnucnd
|
|t:|1781387208
|-end|p2a: C.T.E.Spins|Quark Drive|[silent]
|switch|p2a: WishABozoWould|Dondozo, M|100/100
|move|p1a: Ceruledge|Poltergeist|p2a: WishABozoWould
|-activate|p2a: WishABozoWould|move: Poltergeist|Choice Band
|-damage|p2a: WishABozoWould|63/100
|
|-weather|RainDance|[upkeep]
|upkeep
|turn|8
|inactive|LoseToRU? has 120 seconds left.
|
|t:|1781387243
|move|p2a: WishABozoWould|Wave Crash|p1a: Ceruledge
|-supereffective|p1a: Ceruledge
|-damage|p1a: Ceruledge|0 fnt
|faint|p1a: Ceruledge
|-damage|p2a: WishABozoWould|63/100|[from] Recoil
|
|-weather|none
|-fieldend|move: Trick Room
|upkeep
|
|t:|1781387245
|switch|p1a: Thundurus|Thundurus, M|100/100
|turn|9
|
|t:|1781387267
|move|p1a: Thundurus|Nasty Plot|p1a: Thundurus
|-boost|p1a: Thundurus|spa|2
|move|p2a: WishABozoWould|Wave Crash|p1a: Thundurus
|-enditem|p1a: Thundurus|Focus Sash
|-damage|p1a: Thundurus|1/100
|-damage|p2a: WishABozoWould|41/100|[from] Recoil
|
|upkeep
|turn|10
|inactive|crck like alakazam has 120 seconds left.
|
|t:|1781387302
|switch|p2a: C.T.E.Spins|Iron Treads|72/100
|move|p1a: Thundurus|Focus Blast|p2a: C.T.E.Spins|[miss]
|-miss|p1a: Thundurus|p2a: C.T.E.Spins
|
|upkeep
|turn|11
|
|t:|1781387321
|move|p1a: Thundurus|Focus Blast|p2a: C.T.E.Spins
|-supereffective|p2a: C.T.E.Spins
|-damage|p2a: C.T.E.Spins|0 fnt
|faint|p2a: C.T.E.Spins
|-end|p2a: C.T.E.Spins|Quark Drive|[silent]
|
|upkeep
|
|t:|1781387328
|switch|p2a: GangStarrFromAbove|Enamorus, F|100/100
|turn|12
|
|t:|1781387332
|move|p1a: Thundurus|Thunder Wave|p2a: GangStarrFromAbove
|-status|p2a: GangStarrFromAbove|par
|move|p2a: GangStarrFromAbove|Moonblast|p1a: Thundurus
|-damage|p1a: Thundurus|0 fnt
|faint|p1a: Thundurus
|
|upkeep
|
|t:|1781387341
|switch|p1a: Cloyster|Cloyster, M|100/100
|turn|13
|inactive|crck like alakazam has 120 seconds left.
|
|t:|1781387348
|move|p1a: Cloyster|Icicle Spear|p2a: GangStarrFromAbove
|-supereffective|p2a: GangStarrFromAbove
|-damage|p2a: GangStarrFromAbove|65/100 par
|-supereffective|p2a: GangStarrFromAbove
|-damage|p2a: GangStarrFromAbove|29/100 par
|-supereffective|p2a: GangStarrFromAbove
|-damage|p2a: GangStarrFromAbove|0 fnt
|faint|p2a: GangStarrFromAbove
|-hitcount|p2: GangStarrFromAbove|3
|
|upkeep
|inactive|crck like alakazam has 120 seconds left.
|
|t:|1781387356
|switch|p2a: 4Pc Peliac Combo|Pelipper, F|100/100
|-weather|RainDance|[from] ability: Drizzle|[of] p2a: 4Pc Peliac Combo
|turn|14
|
|t:|1781387360
|move|p1a: Cloyster|Rock Blast|p2a: 4Pc Peliac Combo
|-supereffective|p2a: 4Pc Peliac Combo
|-damage|p2a: 4Pc Peliac Combo|88/100
|-supereffective|p2a: 4Pc Peliac Combo
|-damage|p2a: 4Pc Peliac Combo|76/100
|-supereffective|p2a: 4Pc Peliac Combo
|-damage|p2a: 4Pc Peliac Combo|63/100
|-supereffective|p2a: 4Pc Peliac Combo
|-damage|p2a: 4Pc Peliac Combo|51/100
|-supereffective|p2a: 4Pc Peliac Combo
|-damage|p2a: 4Pc Peliac Combo|39/100
|-hitcount|p2a: 4Pc Peliac Combo|5
|move|p2a: 4Pc Peliac Combo|Hurricane|p1a: Cloyster
|-damage|p1a: Cloyster|13/100
|-start|p1a: Cloyster|confusion
|
|-weather|RainDance|[upkeep]
|upkeep
|turn|15
|
|t:|1781387369
|-activate|p1a: Cloyster|confusion
|move|p1a: Cloyster|Icicle Spear|p2a: 4Pc Peliac Combo
|-damage|p2a: 4Pc Peliac Combo|30/100
|-damage|p2a: 4Pc Peliac Combo|20/100
|-damage|p2a: 4Pc Peliac Combo|11/100
|-damage|p2a: 4Pc Peliac Combo|1/100
|-damage|p2a: 4Pc Peliac Combo|0 fnt
|faint|p2a: 4Pc Peliac Combo
|-hitcount|p2: 4Pc Peliac Combo|5
|
|-weather|RainDance|[upkeep]
|upkeep
|
|t:|1781387371
|switch|p2a: PurpleRain|Overqwil, M, shiny|100/100
|turn|16
|
|t:|1781387377
|-activate|p1a: Cloyster|confusion
|move|p1a: Cloyster|Ice Shard|p2a: PurpleRain
|-damage|p2a: PurpleRain|81/100
|move|p2a: PurpleRain|Waterfall|p1a: Cloyster
|-resisted|p1a: Cloyster
|-damage|p1a: Cloyster|0 fnt
|faint|p1a: Cloyster
|-damage|p2a: PurpleRain|71/100|[from] item: Life Orb
|
|-weather|RainDance|[upkeep]
|upkeep
|
|t:|1781387383
|switch|p1a: Zamazenta|Zamazenta|100/100
|-ability|p1a: Zamazenta|Dauntless Shield|boost
|-boost|p1a: Zamazenta|def|1
|turn|17
|
|t:|1781387402
|move|p2a: PurpleRain|Waterfall|p1a: Zamazenta
|-damage|p1a: Zamazenta|76/100
|-damage|p2a: PurpleRain|61/100|[from] item: Life Orb
|cant|p1a: Zamazenta|flinch
|
|-weather|RainDance|[upkeep]
|-heal|p1a: Zamazenta|82/100|[from] item: Leftovers
|upkeep
|turn|18
|j| Squilliam2g
|
|t:|1781387419
|move|p2a: PurpleRain|Gunk Shot|p1a: Zamazenta
|-damage|p1a: Zamazenta|43/100
|-damage|p2a: PurpleRain|51/100|[from] item: Life Orb
|move|p1a: Zamazenta|Iron Defense|p1a: Zamazenta
|-boost|p1a: Zamazenta|def|2
|
|-weather|RainDance|[upkeep]
|-heal|p1a: Zamazenta|49/100|[from] item: Leftovers
|upkeep
|turn|19
|
|t:|1781387441
|move|p2a: PurpleRain|Destiny Bond|p2a: PurpleRain
|-singlemove|p2a: PurpleRain|Destiny Bond
|move|p1a: Zamazenta|Body Press|p2a: PurpleRain
|-damage|p2a: PurpleRain|0 fnt
|faint|p2a: PurpleRain
|-activate|p2a: PurpleRain|move: Destiny Bond
|faint|p1a: Zamazenta
|
|-weather|RainDance|[upkeep]
|upkeep
|
|t:|1781387444
|switch|p1a: Iron Jugulis|Iron Jugulis|100/100
|switch|p2a: Ol'DirtyBolt|Raging Bolt|100/100
|-enditem|p1a: Iron Jugulis|Booster Energy
|-activate|p1a: Iron Jugulis|ability: Quark Drive|[fromitem]
|-start|p1a: Iron Jugulis|quarkdrivespe
|-enditem|p2a: Ol'DirtyBolt|Booster Energy
|-activate|p2a: Ol'DirtyBolt|ability: Protosynthesis|[fromitem]
|-start|p2a: Ol'DirtyBolt|protosynthesisspa
|turn|20
|
|t:|1781387453
|-terastallize|p1a: Iron Jugulis|Ground
|-terastallize|p2a: Ol'DirtyBolt|Fairy
|move|p1a: Iron Jugulis|Earth Power|p2a: Ol'DirtyBolt
|-damage|p2a: Ol'DirtyBolt|59/100
|move|p2a: Ol'DirtyBolt|Weather Ball|p1a: Iron Jugulis
|-supereffective|p1a: Iron Jugulis
|-damage|p1a: Iron Jugulis|0 fnt
|faint|p1a: Iron Jugulis
|-end|p1a: Iron Jugulis|Quark Drive|[silent]
|
|win|crck like alakazam
|raw|LoseToRU?'s rating: 1690 &rarr; <strong>1678</strong><br />(-12 for losing)
|raw|crck like alakazam's rating: 1835 &rarr; <strong>1847</strong><br />(+12 for winning)
|l|☆LoseToRU?
|player|p1|
|l|☆crck like alakazam
|player|p2|
