|j|☆reallydumb
|j|‽oatishere
|t:|1781080879
|gametype|singles
|player|p1|reallydumb|emmet|1533
|player|p2|oatishere|artistf-gen6|1596
|gen|9
|tier|[Gen 9] OU
|rated|
|rule|HP Percentage Mod: HP is shown in percentages
|rule|Endless Battle Clause: Forcing endless battles is banned
|rule|Species Clause: Limit one of each Pokémon
|rule|OHKO Clause: OHKO moves are banned
|rule|Evasion Items Clause: Evasion items are banned
|rule|Evasion Moves Clause: Evasion moves are banned
|rule|Evasion Abilities Clause: Evasion abilities are banned
|rule|Sleep Moves Clause: Sleep-inducing moves are banned
|clearpoke
|poke|p1|Pelipper, F|
|poke|p1|Hatterene, F|
|poke|p1|Iron Treads|
|poke|p1|Toxicroak, F|
|poke|p1|Barraskewda, M|
|poke|p1|Zapdos|
|poke|p2|Deoxys-Speed|
|poke|p2|Ceruledge, F|
|poke|p2|Iron Treads|
|poke|p2|Ogerpon-Wellspring, F|
|poke|p2|Zamazenta-*|
|poke|p2|Moltres-Galar|
|teampreview
|inactive|Battle timer is ON: inactive players will automatically lose when time's up. (requested by oatishere)
|
|t:|1781080885
|teamsize|p1|6
|teamsize|p2|6
|start
|switch|p1a: Pelipper|Pelipper, F|100/100
|switch|p2a: Deoxys|Deoxys-Speed|100/100
|-ability|p2a: Deoxys|Pressure
|-weather|RainDance|[from] ability: Drizzle|[of] p1a: Pelipper
|turn|1
|
|t:|1781080891
|switch|p1a: Hatterene|Hatterene, F, shiny|100/100
|move|p2a: Deoxys|Reflect|p2a: Deoxys
|-sidestart|p2: oatishere|Reflect
|
|-weather|RainDance|[upkeep]
|upkeep
|turn|2
|
|t:|1781080894
|move|p2a: Deoxys|Light Screen|p2a: Deoxys
|-sidestart|p2: oatishere|move: Light Screen
|move|p1a: Hatterene|Nuzzle|p2a: Deoxys
|-damage|p2a: Deoxys|98/100
|-status|p2a: Deoxys|par
|
|-weather|RainDance|[upkeep]
|upkeep
|turn|3
|
|t:|1781080898
|move|p2a: Deoxys|Psycho Boost|p1a: Hatterene
|-resisted|p1a: Hatterene
|-damage|p1a: Hatterene|77/100
|-unboost|p2a: Deoxys|spa|2
|-enditem|p1a: Hatterene|Eject Button
|
|t:|1781080903
|switch|p1a: Barraskewda|Barraskewda, M|100/100
|
|-weather|RainDance|[upkeep]
|upkeep
|turn|4
|
|t:|1781080906
|switch|p2a: Ogerpon|Ogerpon-Wellspring, F|100/100
|move|p1a: Barraskewda|Flip Turn|p2a: Ogerpon
|-immune|p2a: Ogerpon|[from] ability: Water Absorb
|
|-weather|RainDance|[upkeep]
|upkeep
|turn|5
|
|t:|1781080908
|switch|p1a: Toxicroak|Toxicroak, F|100/100
|move|p2a: Ogerpon|Swords Dance|p2a: Ogerpon
|-boost|p2a: Ogerpon|atk|2
|
|-weather|RainDance|[upkeep]
|upkeep
|turn|6
|j| ILoveGardevoirRah
|
|t:|1781080912
|move|p2a: Ogerpon|Play Rough|p1a: Toxicroak
|-damage|p1a: Toxicroak|29/100
|-damage|p2a: Ogerpon|84/100|[from] item: Rocky Helmet|[of] p1a: Toxicroak
|move|p1a: Toxicroak|Encore|p2a: Ogerpon
|-start|p2a: Ogerpon|Encore
|
|-weather|RainDance|[upkeep]
|-heal|p1a: Toxicroak|42/100|[from] ability: Dry Skin
|upkeep
|turn|7
|
|t:|1781080920
|switch|p1a: Iron Treads|Iron Treads|100/100
|move|p2a: Ogerpon|Play Rough|p1a: Iron Treads
|-resisted|p1a: Iron Treads
|-damage|p1a: Iron Treads|70/100
|
|-weather|RainDance|[upkeep]
|-heal|p1a: Iron Treads|76/100|[from] item: Leftovers
|upkeep
|turn|8
|c| ILoveGardevoirRah|PInka rain?
|
|t:|1781080924
|move|p2a: Ogerpon|Play Rough|p1a: Iron Treads
|-resisted|p1a: Iron Treads
|-damage|p1a: Iron Treads|45/100
|move|p1a: Iron Treads|Volt Switch|p2a: Ogerpon
|-damage|p2a: Ogerpon|77/100
|
|t:|1781080926
|-end|p1a: Iron Treads|Quark Drive|[silent]
|switch|p1a: Zapdos|Zapdos|100/100|[from] Volt Switch
|
|-weather|none
|-sideend|p2: oatishere|Reflect
|upkeep
|turn|9
|
|t:|1781080928
|switch|p2a: Iron Treads|Iron Treads|100/100
|-enditem|p2a: Iron Treads|Booster Energy
|-activate|p2a: Iron Treads|ability: Quark Drive|[fromitem]
|-start|p2a: Iron Treads|quarkdrivespe
|move|p1a: Zapdos|Hurricane|p2a: Iron Treads
|-resisted|p2a: Iron Treads
|-damage|p2a: Iron Treads|70/100
|
|-sideend|p2: oatishere|move: Light Screen
|upkeep
|turn|10
|
|t:|1781080932
|switch|p1a: Hatterene|Hatterene, F, shiny|77/100
|move|p2a: Iron Treads|Steel Beam|p1a: Hatterene
|-supereffective|p1a: Hatterene
|-damage|p1a: Hatterene|0 fnt
|-damage|p2a: Iron Treads|20/100|[from] steelbeam
|faint|p1a: Hatterene
|
|upkeep
|
|t:|1781080937
|switch|p1a: Barraskewda|Barraskewda, M|100/100
|turn|11
|
|t:|1781080940
|-end|p2a: Iron Treads|Quark Drive|[silent]
|switch|p2a: Ogerpon|Ogerpon-Wellspring, F|77/100
|move|p1a: Barraskewda|Close Combat|p2a: Ogerpon
|-damage|p2a: Ogerpon|0 fnt
|-unboost|p1a: Barraskewda|def|1
|-unboost|p1a: Barraskewda|spd|1
|faint|p2a: Ogerpon
|
|upkeep
|
|t:|1781080942
|switch|p2a: Ceruledge|Ceruledge, F|100/100
|turn|12
|c| ILoveGardevoirRah|WOW
|
|t:|1781080951
|switch|p1a: Pelipper|Pelipper, F|100/100
|-weather|RainDance|[from] ability: Drizzle|[of] p1a: Pelipper
|move|p2a: Ceruledge|Swords Dance|p2a: Ceruledge
|-boost|p2a: Ceruledge|atk|2
|
|-weather|RainDance|[upkeep]
|upkeep
|turn|13
|
|t:|1781080953
|move|p2a: Ceruledge|Poltergeist|p1a: Pelipper
|-activate|p1a: Pelipper|move: Poltergeist|Damp Rock
|-damage|p1a: Pelipper|0 fnt
|faint|p1a: Pelipper
|-damage|p2a: Ceruledge|91/100|[from] item: Life Orb
|
|-weather|RainDance|[upkeep]
|upkeep
|
|t:|1781080957
|switch|p1a: Barraskewda|Barraskewda, M|100/100
|turn|14
|
|t:|1781080960
|switch|p2a: Iron Treads|Iron Treads|20/100
|move|p1a: Barraskewda|Aqua Jet|p2a: Iron Treads
|-supereffective|p2a: Iron Treads
|-damage|p2a: Iron Treads|0 fnt
|faint|p2a: Iron Treads
|-end|p2a: Iron Treads|Quark Drive|[silent]
|
|-weather|RainDance|[upkeep]
|upkeep
|
|t:|1781080969
|switch|p2a: Moltres|Moltres-Galar|100/100
|turn|15
|
|t:|1781080974
|switch|p1a: Iron Treads|Iron Treads|45/100
|move|p2a: Moltres|Hurricane|p1a: Iron Treads
|-resisted|p1a: Iron Treads
|-damage|p1a: Iron Treads|27/100
|
|-weather|RainDance|[upkeep]
|-heal|p1a: Iron Treads|33/100|[from] item: Leftovers
|upkeep
|turn|16
|
|t:|1781080978
|move|p2a: Moltres|Fiery Wrath|p1a: Iron Treads
|-damage|p1a: Iron Treads|2/100
|move|p1a: Iron Treads|Volt Switch|p2a: Moltres
|-supereffective|p2a: Moltres
|-damage|p2a: Moltres|80/100
|
|t:|1781080988
|-end|p1a: Iron Treads|Quark Drive|[silent]
|switch|p1a: Barraskewda|Barraskewda, M|100/100|[from] Volt Switch
|
|-weather|RainDance|[upkeep]
|upkeep
|turn|17
|
|t:|1781080993
|switch|p2a: Deoxys|Deoxys-Speed|98/100 par
|-ability|p2a: Deoxys|Pressure
|-terastallize|p1a: Barraskewda|Water
|move|p1a: Barraskewda|Liquidation|p2a: Deoxys
|-damage|p2a: Deoxys|0 fnt
|faint|p2a: Deoxys
|
|-weather|RainDance|[upkeep]
|upkeep
|
|t:|1781080998
|switch|p2a: Zamazenta|Zamazenta|100/100
|-ability|p2a: Zamazenta|Dauntless Shield|boost
|-boost|p2a: Zamazenta|def|1
|turn|18
|
|t:|1781081004
|switch|p1a: Zapdos|Zapdos|100/100
|move|p2a: Zamazenta|Iron Defense|p2a: Zamazenta
|-boost|p2a: Zamazenta|def|2
|
|-weather|RainDance|[upkeep]
|upkeep
|turn|19
|
|t:|1781081016
|-terastallize|p2a: Zamazenta|Dark
|move|p2a: Zamazenta|Iron Defense|p2a: Zamazenta
|-boost|p2a: Zamazenta|def|2
|move|p1a: Zapdos|Hurricane|p2a: Zamazenta
|-damage|p2a: Zamazenta|24/100
|
|-weather|none
|-heal|p2a: Zamazenta|30/100|[from] item: Leftovers
|upkeep
|turn|20
|
|t:|1781081021
|move|p2a: Zamazenta|Body Press|p1a: Zapdos
|-resisted|p1a: Zapdos
|-damage|p1a: Zapdos|24/100
|-status|p2a: Zamazenta|par|[from] ability: Static|[of] p1a: Zapdos
|move|p1a: Zapdos|Hurricane|p2a: Zamazenta
|-crit|p2a: Zamazenta
|-damage|p2a: Zamazenta|0 fnt
|faint|p2a: Zamazenta
|
|upkeep
|c| ILoveGardevoirRah|could have tera poltergeist
|
|t:|1781081027
|switch|p2a: Ceruledge|Ceruledge, F|91/100
|turn|21
|c| ILoveGardevoirRah|right?
|
|t:|1781081031
|switch|p1a: Iron Treads|Iron Treads|2/100
|move|p2a: Ceruledge|Shadow Sneak|p1a: Iron Treads
|-damage|p1a: Iron Treads|0 fnt
|faint|p1a: Iron Treads
|-end|p1a: Iron Treads|Quark Drive|[silent]
|-damage|p2a: Ceruledge|81/100|[from] item: Life Orb
|
|upkeep
|c| ILoveGardevoirRah|ah, risky
|
|t:|1781081038
|switch|p1a: Toxicroak|Toxicroak, F|42/100
|turn|22
|
|t:|1781081040
|move|p2a: Ceruledge|Bitter Blade|p1a: Toxicroak
|-damage|p1a: Toxicroak|0 fnt
|-heal|p2a: Ceruledge|100/100|[from] drain|[of] p1a: Toxicroak
|-damage|p2a: Ceruledge|84/100|[from] item: Rocky Helmet|[of] p1a: Toxicroak
|faint|p1a: Toxicroak
|-damage|p2a: Ceruledge|74/100|[from] item: Life Orb
|
|upkeep
|
|t:|1781081043
|switch|p1a: Barraskewda|Barraskewda, M, tera:Water|100/100
|turn|23
|
|t:|1781081050
|move|p1a: Barraskewda|Aqua Jet|p2a: Ceruledge
|-supereffective|p2a: Ceruledge
|-damage|p2a: Ceruledge|0 fnt
|faint|p2a: Ceruledge
|
|upkeep
|
|t:|1781081052
|switch|p2a: Moltres|Moltres-Galar|80/100
|turn|24
|
|t:|1781081054
|move|p1a: Barraskewda|Aqua Jet|p2a: Moltres
|-damage|p2a: Moltres|28/100
|-ability|p2a: Moltres|Berserk|boost
|-boost|p2a: Moltres|spa|1
|-enditem|p2a: Moltres|Sitrus Berry|[eat]
|-heal|p2a: Moltres|53/100|[from] item: Sitrus Berry
|move|p2a: Moltres|Fiery Wrath|p1a: Barraskewda
|-damage|p1a: Barraskewda|0 fnt
|faint|p1a: Barraskewda
|
|upkeep
|
|t:|1781081057
|switch|p1a: Zapdos|Zapdos|24/100
|turn|25
|
|t:|1781081059
|move|p1a: Zapdos|Volt Switch|p2a: Moltres
|-supereffective|p2a: Moltres
|-damage|p2a: Moltres|0 fnt
|faint|p2a: Moltres
|
|win|reallydumb
|raw|reallydumb's rating: 1533 &rarr; <strong>1557</strong><br />(+24 for winning)
|raw|oatishere's rating: 1596 &rarr; <strong>1572</strong><br />(-24 for losing)
|l|‽oatishere
|player|p2|
|l|☆reallydumb
|player|p1|
