|j|☆SupermanIsSerbian
|j|☆LowEL0God
|t:|1781558489
|gametype|singles
|player|p1|SupermanIsSerbian|2|1573
|player|p2|LowEL0God|265|1646
|gen|9
|tier|[Gen 9] OU
|rated|
|rule|HP Percentage Mod: HP is shown in percentages
|rule|Endless Battle Clause: Forcing endless battles is banned
|rule|Species Clause: Limit one of each Pokémon
|rule|OHKO Clause: OHKO moves are banned
|rule|Evasion Items Clause: Evasion items are banned
|rule|Evasion Moves Clause: Evasion moves are banned
|rule|Evasion Abilities Clause: Evasion abilities are banned
|rule|Sleep Moves Clause: Sleep-inducing moves are banned
|clearpoke
|poke|p1|Blaziken, F|
|poke|p1|Ninetales, M|
|poke|p1|Walking Wake|
|poke|p1|Great Tusk|
|poke|p1|Slowking-Galar, M|
|poke|p1|Moltres|
|poke|p2|Pelipper, F|
|poke|p2|Raging Bolt|
|poke|p2|Overqwil, M|
|poke|p2|Barraskewda, F|
|poke|p2|Iron Treads|
|poke|p2|Kingambit, M|
|teampreview
|c|☆LowEL0God|hf
|inactive|Battle timer is ON: inactive players will automatically lose when time's up. (requested by LowEL0God)
|inactive|SupermanIsSerbian also wants the timer to be on.
|c|☆SupermanIsSerbian|u2
|j| DA COME UP
|
|t:|1781558511
|teamsize|p1|6
|teamsize|p2|6
|start
|switch|p1a: TheBosnian|Blaziken, F|100/100
|switch|p2a: Pelipper|Pelipper, F|100/100
|-weather|RainDance|[from] ability: Drizzle|[of] p2a: Pelipper
|turn|1
|
|t:|1781558517
|move|p1a: TheBosnian|Thunder Punch|p2a: Pelipper
|-supereffective|p2a: Pelipper
|-damage|p2a: Pelipper|0 fnt
|faint|p2a: Pelipper
|-damage|p1a: TheBosnian|91/100|[from] item: Life Orb
|
|-weather|RainDance|[upkeep]
|-ability|p1a: TheBosnian|Speed Boost|boost
|-boost|p1a: TheBosnian|spe|1
|upkeep
|
|t:|1781558519
|switch|p2a: Raging Bolt|Raging Bolt|100/100
|-enditem|p2a: Raging Bolt|Booster Energy
|-activate|p2a: Raging Bolt|ability: Protosynthesis|[fromitem]
|-start|p2a: Raging Bolt|protosynthesisspa
|turn|2
|
|t:|1781558539
|move|p1a: TheBosnian|Close Combat|p2a: Raging Bolt
|-damage|p2a: Raging Bolt|28/100
|-unboost|p1a: TheBosnian|def|1
|-unboost|p1a: TheBosnian|spd|1
|-damage|p1a: TheBosnian|81/100|[from] item: Life Orb
|move|p2a: Raging Bolt|Thunder|p1a: TheBosnian
|-damage|p1a: TheBosnian|0 fnt
|faint|p1a: TheBosnian
|
|-weather|RainDance|[upkeep]
|upkeep
|inactive|SupermanIsSerbian has 120 seconds left.
|
|t:|1781558555
|switch|p1a: Greek Boi|Great Tusk|100/100
|turn|3
|
|t:|1781558562
|-end|p1a: Greek Boi|Protosynthesis|[silent]
|switch|p1a: Planet Romania|Slowking-Galar, M|100/100
|move|p2a: Raging Bolt|Weather Ball|p1a: Planet Romania
|-damage|p1a: Planet Romania|62/100
|
|-weather|RainDance|[upkeep]
|upkeep
|turn|4
|
|t:|1781558569
|move|p2a: Raging Bolt|Thunder|p1a: Planet Romania
|-damage|p1a: Planet Romania|17/100
|move|p1a: Planet Romania|Ice Beam|p2a: Raging Bolt
|-supereffective|p2a: Raging Bolt
|-damage|p2a: Raging Bolt|0 fnt
|faint|p2a: Raging Bolt
|-end|p2a: Raging Bolt|Protosynthesis|[silent]
|
|-weather|RainDance|[upkeep]
|upkeep
|
|t:|1781558569
|switch|p2a: Overqwil|Overqwil, M|100/100
|turn|5
|
|t:|1781558574
|switch|p1a: AlbanianManSinger|Moltres|100/100
|move|p2a: Overqwil|Swords Dance|p2a: Overqwil
|-boost|p2a: Overqwil|atk|2
|
|-weather|RainDance|[upkeep]
|upkeep
|turn|6
|
|t:|1781558578
|move|p2a: Overqwil|Liquidation|p1a: AlbanianManSinger
|-supereffective|p1a: AlbanianManSinger
|-damage|p1a: AlbanianManSinger|0 fnt
|faint|p1a: AlbanianManSinger
|-damage|p2a: Overqwil|91/100|[from] item: Life Orb
|
|-weather|RainDance|[upkeep]
|upkeep
|
|t:|1781558588
|switch|p1a: TheEvilOfCroatia|Ninetales, M|100/100
|-weather|SunnyDay|[from] ability: Drought|[of] p1a: TheEvilOfCroatia
|turn|7
|
|t:|1781558591
|move|p1a: TheEvilOfCroatia|Will-O-Wisp|p2a: Overqwil
|-status|p2a: Overqwil|brn
|move|p2a: Overqwil|Gunk Shot|p1a: TheEvilOfCroatia
|-damage|p1a: TheEvilOfCroatia|2/100
|-status|p1a: TheEvilOfCroatia|psn
|-damage|p2a: Overqwil|81/100 brn|[from] item: Life Orb
|
|-weather|SunnyDay|[upkeep]
|-damage|p1a: TheEvilOfCroatia|0 fnt|[from] psn
|faint|p1a: TheEvilOfCroatia
|-damage|p2a: Overqwil|75/100 brn|[from] brn
|upkeep
|
|t:|1781558604
|switch|p1a: Greek Boi|Great Tusk|100/100
|-activate|p1a: Greek Boi|ability: Protosynthesis
|-start|p1a: Greek Boi|protosynthesisatk
|turn|8
|
|t:|1781558607
|move|p1a: Greek Boi|Headlong Rush|p2a: Overqwil
|-supereffective|p2a: Overqwil
|-damage|p2a: Overqwil|0 fnt
|-unboost|p1a: Greek Boi|def|1
|-unboost|p1a: Greek Boi|spd|1
|faint|p2a: Overqwil
|
|-weather|SunnyDay|[upkeep]
|upkeep
|
|t:|1781558609
|switch|p2a: Kingambit|Kingambit, M|100/100
|-activate|p2a: Kingambit|ability: Supreme Overlord
|-start|p2a: Kingambit|fallen3|[silent]
|turn|9
|
|t:|1781558614
|move|p2a: Kingambit|Sucker Punch|p1a: Greek Boi
|-resisted|p1a: Greek Boi
|-damage|p1a: Greek Boi|71/100
|move|p1a: Greek Boi|Headlong Rush|p2a: Kingambit
|-supereffective|p2a: Kingambit
|-damage|p2a: Kingambit|0 fnt
|-unboost|p1a: Greek Boi|def|1
|-unboost|p1a: Greek Boi|spd|1
|faint|p2a: Kingambit
|-end|p2a: Kingambit|fallen3|[silent]
|
|-weather|SunnyDay|[upkeep]
|upkeep
|
|t:|1781558615
|switch|p2a: Barraskewda|Barraskewda, F|100/100
|turn|10
|
|t:|1781558617
|move|p2a: Barraskewda|Close Combat|p1a: Greek Boi
|-damage|p1a: Greek Boi|0 fnt
|-unboost|p2a: Barraskewda|def|1
|-unboost|p2a: Barraskewda|spd|1
|faint|p1a: Greek Boi
|-end|p1a: Greek Boi|Protosynthesis|[silent]
|
|-weather|SunnyDay|[upkeep]
|upkeep
|
|t:|1781558622
|switch|p1a: My Bulgarian Uncle|Walking Wake|100/100
|-activate|p1a: My Bulgarian Uncle|ability: Protosynthesis
|-start|p1a: My Bulgarian Uncle|protosynthesisspe
|turn|11
|
|t:|1781558626
|switch|p2a: Iron Treads|Iron Treads|100/100
|-enditem|p2a: Iron Treads|Booster Energy
|-activate|p2a: Iron Treads|ability: Quark Drive|[fromitem]
|-start|p2a: Iron Treads|quarkdrivespe
|move|p1a: My Bulgarian Uncle|Draco Meteor|p2a: Iron Treads
|-resisted|p2a: Iron Treads
|-damage|p2a: Iron Treads|27/100
|-unboost|p1a: My Bulgarian Uncle|spa|2
|
|-weather|SunnyDay|[upkeep]
|upkeep
|turn|12
|
|t:|1781558631
|move|p1a: My Bulgarian Uncle|Draco Meteor|p2a: Iron Treads
|-resisted|p2a: Iron Treads
|-damage|p2a: Iron Treads|0 fnt
|-unboost|p1a: My Bulgarian Uncle|spa|2
|faint|p2a: Iron Treads
|-end|p2a: Iron Treads|Quark Drive|[silent]
|
|-weather|SunnyDay|[upkeep]
|upkeep
|
|t:|1781558632
|switch|p2a: Barraskewda|Barraskewda, F|100/100
|turn|13
|
|t:|1781558635
|-end|p1a: My Bulgarian Uncle|Protosynthesis|[silent]
|switch|p1a: Planet Romania|Slowking-Galar, M|50/100
|-terastallize|p2a: Barraskewda|Water
|move|p2a: Barraskewda|Liquidation|p1a: Planet Romania
|-damage|p1a: Planet Romania|6/100
|
|-weather|SunnyDay|[upkeep]
|upkeep
|turn|14
|
|t:|1781558640
|move|p2a: Barraskewda|Liquidation|p1a: Planet Romania
|-damage|p1a: Planet Romania|0 fnt
|faint|p1a: Planet Romania
|
|-weather|none
|upkeep
|
|t:|1781558642
|switch|p1a: My Bulgarian Uncle|Walking Wake|100/100
|turn|15
|
|t:|1781558644
|move|p2a: Barraskewda|Liquidation|p1a: My Bulgarian Uncle
|-resisted|p1a: My Bulgarian Uncle
|-damage|p1a: My Bulgarian Uncle|73/100
|move|p1a: My Bulgarian Uncle|Draco Meteor|p2a: Barraskewda
|-damage|p2a: Barraskewda|0 fnt
|-unboost|p1a: My Bulgarian Uncle|spa|2
|faint|p2a: Barraskewda
|
|win|SupermanIsSerbian
|raw|SupermanIsSerbian's rating: 1573 &rarr; <strong>1597</strong><br />(+24 for winning)
|raw|LowEL0God's rating: 1646 &rarr; <strong>1622</strong><br />(-24 for losing)
|c|☆SupermanIsSerbian|gg
|c|☆LowEL0God|gg
|l|☆LowEL0God
|player|p2|
|l|☆SupermanIsSerbian
|player|p1|
|l| DA COME UP
