|j|☆GRENINJA_mdm
|j|☆LowEL0God
|t:|1781459629
|gametype|singles
|player|p1|GRENINJA_mdm|iris|1580
|player|p2|LowEL0God|265|1636
|gen|9
|tier|[Gen 9] OU
|rated|
|rule|HP Percentage Mod: HP is shown in percentages
|rule|Endless Battle Clause: Forcing endless battles is banned
|rule|Species Clause: Limit one of each Pokémon
|rule|OHKO Clause: OHKO moves are banned
|rule|Evasion Items Clause: Evasion items are banned
|rule|Evasion Moves Clause: Evasion moves are banned
|rule|Evasion Abilities Clause: Evasion abilities are banned
|rule|Sleep Moves Clause: Sleep-inducing moves are banned
|clearpoke
|poke|p1|Great Tusk|
|poke|p1|Heatran, M|
|poke|p1|Weavile, M|
|poke|p1|Primarina, M|
|poke|p1|Ogerpon, F|
|poke|p1|Pecharunt|
|poke|p2|Pelipper, M|
|poke|p2|Raging Bolt|
|poke|p2|Overqwil, M|
|poke|p2|Barraskewda, M|
|poke|p2|Iron Treads|
|poke|p2|Kingambit, F|
|teampreview
|c|☆LowEL0God|hf
|inactive|Battle timer is ON: inactive players will automatically lose when time's up. (requested by LowEL0God)
|c|☆GRENINJA_mdm|Hf
|inactive|GRENINJA_mdm has 120 seconds left.
|
|t:|1781459686
|teamsize|p1|6
|teamsize|p2|6
|start
|switch|p1a: Celestine|Primarina, M, shiny|100/100
|switch|p2a: Kingambit|Kingambit, F|100/100
|turn|1
|
|t:|1781459693
|move|p1a: Celestine|Moonblast|p2a: Kingambit
|-damage|p2a: Kingambit|49/100
|move|p2a: Kingambit|Swords Dance|p2a: Kingambit
|-boost|p2a: Kingambit|atk|2
|
|-heal|p2a: Kingambit|55/100|[from] item: Leftovers
|upkeep
|turn|2
|
|t:|1781459700
|switch|p1a: Behemoth|Great Tusk, shiny|100/100
|move|p2a: Kingambit|Iron Head|p1a: Behemoth
|-damage|p1a: Behemoth|29/100
|
|-heal|p2a: Kingambit|61/100|[from] item: Leftovers
|upkeep
|turn|3
|
|t:|1781459706
|move|p2a: Kingambit|Sucker Punch|p1a: Behemoth
|-resisted|p1a: Behemoth
|-damage|p1a: Behemoth|0 fnt
|faint|p1a: Behemoth
|-end|p1a: Behemoth|Protosynthesis|[silent]
|
|-heal|p2a: Kingambit|68/100|[from] item: Leftovers
|upkeep
|
|t:|1781459714
|switch|p1a: Chaos|Heatran, M, shiny|100/100
|-item|p1a: Chaos|Air Balloon
|turn|4
|
|t:|1781459717
|-terastallize|p2a: Kingambit|Dark
|move|p1a: Chaos|Magma Storm|p2a: Kingambit
|-damage|p2a: Kingambit|17/100
|-activate|p2a: Kingambit|move: Magma Storm|[of] p1a: Chaos
|move|p2a: Kingambit|Kowtow Cleave|p1a: Chaos
|-damage|p1a: Chaos|0 fnt
|-enditem|p1a: Chaos|Air Balloon
|faint|p1a: Chaos
|
|-heal|p2a: Kingambit|23/100|[from] item: Leftovers
|-end|p2a: Kingambit|Magma Storm|[partiallytrapped]|[silent]
|upkeep
|
|t:|1781459722
|switch|p1a: Bandit|Weavile, M, shiny|100/100
|-ability|p1a: Bandit|Pressure
|turn|5
|
|t:|1781459726
|move|p1a: Bandit|Ice Shard|p2a: Kingambit
|-damage|p2a: Kingambit|3/100
|move|p2a: Kingambit|Sucker Punch||[still]
|-fail|p2a: Kingambit
|
|-heal|p2a: Kingambit|9/100|[from] item: Leftovers
|upkeep
|turn|6
|
|t:|1781459728
|-end|p2a: Kingambit|fallenundefined|[silent]
|switch|p2a: Overqwil|Overqwil, M|100/100
|move|p1a: Bandit|Ice Shard|p2a: Overqwil
|-damage|p2a: Overqwil|67/100
|
|upkeep
|turn|7
|
|t:|1781459731
|switch|p1a: Overseer|Pecharunt|100/100
|move|p2a: Overqwil|Gunk Shot|p1a: Overseer
|-resisted|p1a: Overseer
|-damage|p1a: Overseer|91/100
|-damage|p2a: Overqwil|58/100|[from] item: Life Orb
|
|upkeep
|turn|8
|
|t:|1781459736
|move|p2a: Overqwil|Crunch|p1a: Overseer
|-supereffective|p1a: Overseer
|-damage|p1a: Overseer|42/100
|-damage|p2a: Overqwil|41/100|[from] item: Rocky Helmet|[of] p1a: Overseer
|-damage|p2a: Overqwil|31/100|[from] item: Life Orb
|move|p1a: Overseer|Parting Shot|p2a: Overqwil
|-unboost|p2a: Overqwil|atk|1
|-unboost|p2a: Overqwil|spa|1
|
|t:|1781459741
|switch|p1a: Bandit|Weavile, M, shiny|100/100|[from] Parting Shot
|-ability|p1a: Bandit|Pressure
|
|upkeep
|turn|9
|
|t:|1781459742
|switch|p2a: Kingambit|Kingambit, F, tera:Dark|9/100
|move|p1a: Bandit|Knock Off|p2a: Kingambit
|-resisted|p2a: Kingambit
|-damage|p2a: Kingambit|0 fnt
|-enditem|p2a: Kingambit|Leftovers|[from] move: Knock Off|[of] p1a: Bandit
|faint|p2a: Kingambit
|-end|p2a: Kingambit|fallenundefined|[silent]
|
|upkeep
|
|t:|1781459743
|switch|p2a: Raging Bolt|Raging Bolt|100/100
|-enditem|p2a: Raging Bolt|Booster Energy
|-activate|p2a: Raging Bolt|ability: Protosynthesis|[fromitem]
|-start|p2a: Raging Bolt|protosynthesisspa
|turn|10
|j| isaac_gam3r
|l| isaac_gam3r
|
|t:|1781459767
|switch|p1a: Overseer|Pecharunt|42/100
|move|p2a: Raging Bolt|Thunder|p1a: Overseer
|-crit|p1a: Overseer
|-damage|p1a: Overseer|0 fnt
|faint|p1a: Overseer
|
|upkeep
|
|t:|1781459769
|switch|p1a: Celestine|Primarina, M, shiny|100/100
|turn|11
|
|t:|1781459771
|move|p2a: Raging Bolt|Thunder|p1a: Celestine|[miss]
|-miss|p2a: Raging Bolt|p1a: Celestine
|move|p1a: Celestine|Moonblast|p2a: Raging Bolt
|-supereffective|p2a: Raging Bolt
|-damage|p2a: Raging Bolt|2/100
|
|upkeep
|turn|12
|
|t:|1781459775
|switch|p1a: Anonymous|Ogerpon, F|100/100
|move|p2a: Raging Bolt|Thunder|p1a: Anonymous|[miss]
|-miss|p2a: Raging Bolt|p1a: Anonymous
|
|upkeep
|turn|13
|
|t:|1781459782
|move|p2a: Raging Bolt|Thunderclap|p1a: Anonymous
|-resisted|p1a: Anonymous
|-damage|p1a: Anonymous|71/100
|move|p1a: Anonymous|U-turn|p2a: Raging Bolt
|-damage|p2a: Raging Bolt|0 fnt
|faint|p2a: Raging Bolt
|-end|p2a: Raging Bolt|Protosynthesis|[silent]
|
|t:|1781459786
|switch|p1a: Bandit|Weavile, M, shiny|100/100|[from] U-turn
|-ability|p1a: Bandit|Pressure
|
|upkeep
|
|t:|1781459787
|switch|p2a: Pelipper|Pelipper, M|100/100
|-weather|RainDance|[from] ability: Drizzle|[of] p2a: Pelipper
|turn|14
|
|t:|1781459791
|-terastallize|p1a: Bandit|Ice
|move|p1a: Bandit|Triple Axel|p2a: Pelipper
|-damage|p2a: Pelipper|85/100
|-damage|p2a: Pelipper|55/100
|-damage|p2a: Pelipper|10/100
|-hitcount|p2a: Pelipper|3
|move|p2a: Pelipper|U-turn|p1a: Bandit
|-damage|p1a: Bandit|83/100
|
|t:|1781459792
|switch|p2a: Overqwil|Overqwil, M|31/100|[from] U-turn
|
|-weather|RainDance|[upkeep]
|upkeep
|turn|15
|
|t:|1781459803
|move|p2a: Overqwil|Gunk Shot|p1a: Bandit|[miss]
|-miss|p2a: Overqwil|p1a: Bandit
|move|p1a: Bandit|Triple Axel|p2a: Overqwil
|-damage|p2a: Overqwil|7/100
|-damage|p2a: Overqwil|0 fnt
|faint|p2a: Overqwil
|-hitcount|p2: Overqwil|2
|
|-weather|RainDance|[upkeep]
|upkeep
|
|t:|1781459803
|switch|p2a: Barraskewda|Barraskewda, M|100/100
|turn|16
|
|t:|1781459808
|move|p2a: Barraskewda|Liquidation|p1a: Bandit
|-crit|p1a: Bandit
|-damage|p1a: Bandit|0 fnt
|faint|p1a: Bandit
|
|-weather|RainDance|[upkeep]
|upkeep
|
|t:|1781459810
|switch|p1a: Anonymous|Ogerpon, F|71/100
|turn|17
|
|t:|1781459812
|move|p2a: Barraskewda|Liquidation|p1a: Anonymous
|-resisted|p1a: Anonymous
|-damage|p1a: Anonymous|3/100
|move|p1a: Anonymous|Ivy Cudgel|p2a: Barraskewda
|-supereffective|p2a: Barraskewda
|-damage|p2a: Barraskewda|0 fnt
|faint|p2a: Barraskewda
|
|-weather|RainDance|[upkeep]
|upkeep
|
|t:|1781459813
|switch|p2a: Pelipper|Pelipper, M|10/100
|turn|18
|
|t:|1781459815
|move|p1a: Anonymous|Ivy Cudgel|p2a: Pelipper
|-crit|p2a: Pelipper
|-damage|p2a: Pelipper|0 fnt
|faint|p2a: Pelipper
|
|-weather|RainDance|[upkeep]
|upkeep
|
|t:|1781459815
|switch|p2a: Iron Treads|Iron Treads|100/100
|-enditem|p2a: Iron Treads|Booster Energy
|-activate|p2a: Iron Treads|ability: Quark Drive|[fromitem]
|-start|p2a: Iron Treads|quarkdrivespe
|turn|19
|
|t:|1781459817
|move|p2a: Iron Treads|Earth Power|p1a: Anonymous
|-resisted|p1a: Anonymous
|-crit|p1a: Anonymous
|-damage|p1a: Anonymous|0 fnt
|faint|p1a: Anonymous
|
|-weather|RainDance|[upkeep]
|upkeep
|
|t:|1781459819
|switch|p1a: Celestine|Primarina, M, shiny|100/100
|turn|20
|
|t:|1781459821
|move|p2a: Iron Treads|Rapid Spin|p1a: Celestine
|-damage|p1a: Celestine|87/100
|-boost|p2a: Iron Treads|spe|1
|move|p1a: Celestine|Psychic Noise|p2a: Iron Treads
|-supereffective|p2a: Iron Treads
|-damage|p2a: Iron Treads|0 fnt
|faint|p2a: Iron Treads
|-end|p2a: Iron Treads|Quark Drive|[silent]
|
|win|GRENINJA_mdm
|raw|GRENINJA_mdm's rating: 1580 &rarr; <strong>1603</strong><br />(+23 for winning)
|raw|LowEL0God's rating: 1636 &rarr; <strong>1613</strong><br />(-23 for losing)
|c|☆GRENINJA_mdm|gg
|l|☆GRENINJA_mdm
|player|p1|
|c|☆LowEL0God|gg
|l|☆LowEL0God
|player|p2|
