|j|☆Sandysuit
|j|☆katholikon
|t:|1781540505
|gametype|singles
|player|p1|Sandysuit|266|1553
|player|p2|katholikon|102|1552
|gen|9
|tier|[Gen 9] OU
|rated|
|rule|HP Percentage Mod: HP is shown in percentages
|rule|Endless Battle Clause: Forcing endless battles is banned
|rule|Species Clause: Limit one of each Pokémon
|rule|OHKO Clause: OHKO moves are banned
|rule|Evasion Items Clause: Evasion items are banned
|rule|Evasion Moves Clause: Evasion moves are banned
|rule|Evasion Abilities Clause: Evasion abilities are banned
|rule|Sleep Moves Clause: Sleep-inducing moves are banned
|clearpoke
|poke|p1|Scizor, F|
|poke|p1|Quaquaval, F|
|poke|p1|Heatran, M|
|poke|p1|Meowscarada, F|
|poke|p1|Landorus-Therian, M|
|poke|p1|Hydrapple, F|
|poke|p2|Iron Boulder|
|poke|p2|Dragapult, M|
|poke|p2|Raging Bolt|
|poke|p2|Great Tusk|
|poke|p2|Ting-Lu|
|poke|p2|Corviknight, M|
|teampreview
|l|☆Sandysuit
|player|p1|
|j| Woofleathequie
|j|☆Sandysuit
|player|p1|Sandysuit|266|
|inactive|Battle timer is ON: inactive players will automatically lose when time's up. (requested by Sandysuit)
|
|t:|1781540620
|teamsize|p1|6
|teamsize|p2|6
|start
|switch|p1a: Scizor|Scizor, F|100/100
|switch|p2a: Corviknight|Corviknight, M|100/100
|-ability|p2a: Corviknight|Pressure
|turn|1
|l| Woofleathequie
|
|t:|1781540643
|move|p1a: Scizor|Knock Off|p2a: Corviknight
|-damage|p2a: Corviknight|74/100
|-damage|p1a: Scizor|84/100|[from] item: Rocky Helmet|[of] p2a: Corviknight
|-enditem|p2a: Corviknight|Rocky Helmet|[from] move: Knock Off|[of] p1a: Scizor
|move|p2a: Corviknight|U-turn|p1a: Scizor
|-resisted|p1a: Scizor
|-damage|p1a: Scizor|77/100
|
|t:|1781540646
|switch|p2a: Great Tusk|Great Tusk|100/100|[from] U-turn
|
|-heal|p1a: Scizor|83/100|[from] item: Leftovers
|upkeep
|turn|2
|
|t:|1781540669
|move|p2a: Great Tusk|Ice Spinner|p1a: Scizor
|-resisted|p1a: Scizor
|-damage|p1a: Scizor|62/100
|move|p1a: Scizor|Swords Dance|p1a: Scizor
|-boost|p1a: Scizor|atk|2
|
|-heal|p1a: Scizor|68/100|[from] item: Leftovers
|upkeep
|turn|3
|inactive|Sandysuit has 120 seconds left.
|inactive|katholikon has 120 seconds left.
|inactive|Sandysuit has 90 seconds left.
|
|t:|1781540736
|-end|p2a: Great Tusk|Protosynthesis|[silent]
|switch|p2a: Corviknight|Corviknight, M|74/100
|-ability|p2a: Corviknight|Pressure
|move|p1a: Scizor|Close Combat|p2a: Corviknight
|-crit|p2a: Corviknight
|-damage|p2a: Corviknight|0 fnt
|-unboost|p1a: Scizor|def|1
|-unboost|p1a: Scizor|spd|1
|faint|p2a: Corviknight
|
|-heal|p1a: Scizor|74/100|[from] item: Leftovers
|upkeep
|
|t:|1781540746
|switch|p2a: Great Tusk|Great Tusk|100/100
|turn|4
|
|t:|1781540751
|switch|p1a: Landorus|Landorus-Therian, M|100/100
|-ability|p1a: Landorus|Intimidate|boost
|-unboost|p2a: Great Tusk|atk|1
|move|p2a: Great Tusk|Close Combat|p1a: Landorus
|-resisted|p1a: Landorus
|-damage|p1a: Landorus|68/100
|-unboost|p2a: Great Tusk|def|1
|-unboost|p2a: Great Tusk|spd|1
|
|-heal|p1a: Landorus|74/100|[from] item: Leftovers
|upkeep
|turn|5
|inactive|Sandysuit has 90 seconds left.
|
|t:|1781540763
|-end|p2a: Great Tusk|Protosynthesis|[silent]
|switch|p2a: Ting-Lu|Ting-Lu|100/100
|-ability|p2a: Ting-Lu|Vessel of Ruin
|move|p1a: Landorus|Earthquake|p2a: Ting-Lu
|-damage|p2a: Ting-Lu|76/100
|
|-heal|p1a: Landorus|80/100|[from] item: Leftovers
|-heal|p2a: Ting-Lu|82/100|[from] item: Leftovers
|upkeep
|turn|6
|inactive|Sandysuit has 90 seconds left.
|
|t:|1781540782
|switch|p1a: Quaquaval|Quaquaval, F|100/100
|move|p2a: Ting-Lu|Stealth Rock|p1a: Quaquaval
|-sidestart|p1: Sandysuit|move: Stealth Rock
|
|-heal|p2a: Ting-Lu|88/100|[from] item: Leftovers
|upkeep
|turn|7
|
|t:|1781540790
|switch|p2a: Raging Bolt|Raging Bolt|100/100
|move|p1a: Quaquaval|Aqua Step|p2a: Raging Bolt
|-resisted|p2a: Raging Bolt
|-damage|p2a: Raging Bolt|84/100
|-boost|p1a: Quaquaval|spe|1
|
|upkeep
|turn|8
|
|t:|1781540798
|move|p1a: Quaquaval|Triple Axel|p2a: Raging Bolt
|-supereffective|p2a: Raging Bolt
|-damage|p2a: Raging Bolt|71/100
|-supereffective|p2a: Raging Bolt
|-damage|p2a: Raging Bolt|48/100
|-hitcount|p2a: Raging Bolt|2
|move|p2a: Raging Bolt|Draco Meteor|p1a: Quaquaval
|-crit|p1a: Quaquaval
|-damage|p1a: Quaquaval|0 fnt
|-unboost|p2a: Raging Bolt|spa|2
|faint|p1a: Quaquaval
|
|upkeep
|inactive|Sandysuit has 90 seconds left.
|inactive|Sandysuit has 60 seconds left.
|
|t:|1781540850
|switch|p1a: Meowscarada|Meowscarada, F|100/100
|-damage|p1a: Meowscarada|88/100|[from] Stealth Rock
|turn|9
|
|t:|1781540854
|move|p1a: Meowscarada|Triple Axel|p2a: Raging Bolt|[miss]
|-start|p1a: Meowscarada|typechange|Ice|[from] ability: Protean
|-miss|p1a: Meowscarada|p2a: Raging Bolt
|move|p2a: Raging Bolt|Draco Meteor|p1a: Meowscarada
|-damage|p1a: Meowscarada|0 fnt
|-unboost|p2a: Raging Bolt|spa|2
|faint|p1a: Meowscarada
|
|upkeep
|inactive|Sandysuit has 60 seconds left.
|c|☆Sandysuit|2 out of 6 is not bad for 90% accuracy
|c|☆Sandysuit|And on that note I consider the game botched
|inactive|Sandysuit has 30 seconds left.
|inactive|Sandysuit has 20 seconds left.
|
|t:|1781540902
|switch|p1a: Scizor|Scizor, F|74/100
|-damage|p1a: Scizor|62/100|[from] Stealth Rock
|turn|10
|inactive|Sandysuit has 30 seconds left this turn.
|
|t:|1781540910
|move|p2a: Raging Bolt|Draco Meteor|p1a: Scizor
|-resisted|p1a: Scizor
|-damage|p1a: Scizor|39/100
|-unboost|p2a: Raging Bolt|spa|2
|move|p1a: Scizor|Close Combat|p2a: Raging Bolt
|-damage|p2a: Raging Bolt|9/100
|-unboost|p1a: Scizor|def|1
|-unboost|p1a: Scizor|spd|1
|
|-heal|p1a: Scizor|45/100|[from] item: Leftovers
|upkeep
|turn|11
|j| Woofleathequie
|l| Woofleathequie
|inactive|Sandysuit has 30 seconds left.
|
|t:|1781540924
|move|p2a: Raging Bolt|Draco Meteor|p1a: Scizor
|-resisted|p1a: Scizor
|-damage|p1a: Scizor|18/100
|move|p1a: Scizor|Swords Dance|p1a: Scizor
|-boost|p1a: Scizor|atk|2
|
|-heal|p1a: Scizor|25/100|[from] item: Leftovers
|upkeep
|turn|12
|
|t:|1781540932
|move|p1a: Scizor|Bullet Punch|p2a: Raging Bolt
|-resisted|p2a: Raging Bolt
|-damage|p2a: Raging Bolt|0 fnt
|faint|p2a: Raging Bolt
|-end|p2a: Raging Bolt|Protosynthesis|[silent]
|
|-heal|p1a: Scizor|31/100|[from] item: Leftovers
|upkeep
|
|t:|1781540934
|switch|p2a: Great Tusk|Great Tusk|100/100
|turn|13
|
|t:|1781540941
|-terastallize|p1a: Scizor|Steel
|move|p1a: Scizor|Bullet Punch|p2a: Great Tusk
|-damage|p2a: Great Tusk|39/100
|move|p2a: Great Tusk|Knock Off|p1a: Scizor
|-damage|p1a: Scizor|0 fnt
|-enditem|p1a: Scizor|Leftovers|[from] move: Knock Off|[of] p2a: Great Tusk
|faint|p1a: Scizor
|
|upkeep
|inactive|Sandysuit has 30 seconds left.
|
|t:|1781540971
|switch|p1a: Hydrapple|Hydrapple, F|100/100
|-damage|p1a: Hydrapple|88/100|[from] Stealth Rock
|turn|14
|inactive|Sandysuit has 30 seconds left.
|
|t:|1781540978
|-end|p2a: Great Tusk|Protosynthesis|[silent]
|switch|p2a: Ting-Lu|Ting-Lu|88/100
|-ability|p2a: Ting-Lu|Vessel of Ruin
|move|p1a: Hydrapple|Nasty Plot|p1a: Hydrapple
|-boost|p1a: Hydrapple|spa|2
|
|-heal|p2a: Ting-Lu|95/100|[from] item: Leftovers
|upkeep
|turn|15
|
|t:|1781540980
|-terastallize|p2a: Ting-Lu|Poison
|move|p1a: Hydrapple|Giga Drain|p2a: Ting-Lu
|-resisted|p2a: Ting-Lu
|-damage|p2a: Ting-Lu|83/100
|-heal|p1a: Hydrapple|95/100|[from] drain|[of] p2a: Ting-Lu
|move|p2a: Ting-Lu|Whirlwind|p1a: Hydrapple
|drag|p1a: Heatran|Heatran, M|100/100
|-damage|p1a: Heatran|88/100|[from] Stealth Rock
|
|-heal|p1a: Heatran|94/100|[from] item: Leftovers
|-heal|p2a: Ting-Lu|89/100|[from] item: Leftovers
|upkeep
|turn|16
|j| Mak7XZ
|
|t:|1781540996
|move|p1a: Heatran|Magma Storm|p2a: Ting-Lu
|-damage|p2a: Ting-Lu|70/100
|-activate|p2a: Ting-Lu|move: Magma Storm|[of] p1a: Heatran
|move|p2a: Ting-Lu|Spikes|p1a: Heatran
|-sidestart|p1: Sandysuit|Spikes
|
|-heal|p1a: Heatran|99/100|[from] item: Leftovers
|-heal|p2a: Ting-Lu|76/100|[from] item: Leftovers
|-damage|p2a: Ting-Lu|64/100|[from] move: Magma Storm|[partiallytrapped]
|upkeep
|turn|17
|
|t:|1781541002
|move|p1a: Heatran|Taunt|p2a: Ting-Lu
|-start|p2a: Ting-Lu|move: Taunt
|cant|p2a: Ting-Lu|move: Taunt|Spikes
|
|-heal|p1a: Heatran|100/100|[from] item: Leftovers
|-heal|p2a: Ting-Lu|70/100|[from] item: Leftovers
|-damage|p2a: Ting-Lu|57/100|[from] move: Magma Storm|[partiallytrapped]
|upkeep
|turn|18
|
|t:|1781541007
|move|p1a: Heatran|Protect|p1a: Heatran
|-singleturn|p1a: Heatran|Protect
|move|p2a: Ting-Lu|Ruination|p1a: Heatran
|-activate|p1a: Heatran|move: Protect
|
|-heal|p2a: Ting-Lu|64/100|[from] item: Leftovers
|-damage|p2a: Ting-Lu|51/100|[from] move: Magma Storm|[partiallytrapped]
|upkeep
|turn|19
|
|t:|1781541018
|move|p1a: Heatran|Stealth Rock|p2a: Ting-Lu
|-sidestart|p2: katholikon|move: Stealth Rock
|move|p2a: Ting-Lu|Ruination|p1a: Heatran
|-damage|p1a: Heatran|51/100
|
|-heal|p1a: Heatran|57/100|[from] item: Leftovers
|-heal|p2a: Ting-Lu|57/100|[from] item: Leftovers
|-damage|p2a: Ting-Lu|45/100|[from] move: Magma Storm|[partiallytrapped]
|-end|p2a: Ting-Lu|move: Taunt
|upkeep
|turn|20
|
|t:|1781541024
|move|p1a: Heatran|Taunt|p2a: Ting-Lu
|-start|p2a: Ting-Lu|move: Taunt
|move|p2a: Ting-Lu|Ruination|p1a: Heatran|[miss]
|-miss|p2a: Ting-Lu|p1a: Heatran
|
|-heal|p1a: Heatran|63/100|[from] item: Leftovers
|-heal|p2a: Ting-Lu|51/100|[from] item: Leftovers
|-damage|p2a: Ting-Lu|39/100|[from] move: Magma Storm|[partiallytrapped]
|upkeep
|turn|21
|
|t:|1781541028
|move|p1a: Heatran|Magma Storm|p2a: Ting-Lu|[miss]
|-miss|p1a: Heatran|p2a: Ting-Lu
|move|p2a: Ting-Lu|Ruination|p1a: Heatran
|-damage|p1a: Heatran|32/100
|
|-heal|p1a: Heatran|38/100|[from] item: Leftovers
|-heal|p2a: Ting-Lu|45/100|[from] item: Leftovers
|-end|p2a: Ting-Lu|Magma Storm|[partiallytrapped]
|upkeep
|turn|22
|
|t:|1781541035
|switch|p2a: Dragapult|Dragapult, M|100/100
|-damage|p2a: Dragapult|88/100|[from] Stealth Rock
|move|p1a: Heatran|Magma Storm|p2a: Dragapult|[miss]
|-miss|p1a: Heatran|p2a: Dragapult
|
|-heal|p1a: Heatran|44/100|[from] item: Leftovers
|upkeep
|turn|23
|
|t:|1781541044
|move|p1a: Heatran|Protect|p1a: Heatran
|-singleturn|p1a: Heatran|Protect
|move|p2a: Dragapult|Shadow Ball|p1a: Heatran
|-activate|p1a: Heatran|move: Protect
|
|-heal|p1a: Heatran|50/100|[from] item: Leftovers
|upkeep
|turn|24
|
|t:|1781541051
|move|p2a: Dragapult|Shadow Ball|p1a: Heatran
|-damage|p1a: Heatran|14/100
|move|p1a: Heatran|Magma Storm|p2a: Dragapult
|-resisted|p2a: Dragapult
|-damage|p2a: Dragapult|59/100
|-activate|p2a: Dragapult|move: Magma Storm|[of] p1a: Heatran
|
|-heal|p1a: Heatran|20/100|[from] item: Leftovers
|-damage|p2a: Dragapult|47/100|[from] move: Magma Storm|[partiallytrapped]
|upkeep
|turn|25
|
|t:|1781541062
|move|p1a: Heatran|Protect|p1a: Heatran
|-singleturn|p1a: Heatran|Protect
|move|p2a: Dragapult|Shadow Ball|p1a: Heatran
|-activate|p1a: Heatran|move: Protect
|
|-heal|p1a: Heatran|26/100|[from] item: Leftovers
|-damage|p2a: Dragapult|34/100|[from] move: Magma Storm|[partiallytrapped]
|upkeep
|turn|26
|
|t:|1781541075
|move|p2a: Dragapult|Shadow Ball|p1a: Heatran
|-damage|p1a: Heatran|0 fnt
|faint|p1a: Heatran
|
|-end|p2a: Dragapult|Magma Storm|[partiallytrapped]|[silent]
|upkeep
|
|t:|1781541085
|switch|p1a: Landorus|Landorus-Therian, M|80/100
|-damage|p1a: Landorus|68/100|[from] Stealth Rock
|-ability|p1a: Landorus|Intimidate|boost
|-unboost|p2a: Dragapult|atk|1
|turn|27
|
|t:|1781541091
|move|p2a: Dragapult|Shadow Ball|p1a: Landorus
|-damage|p1a: Landorus|13/100
|-unboost|p1a: Landorus|spd|1
|move|p1a: Landorus|Earthquake|p2a: Dragapult
|-damage|p2a: Dragapult|0 fnt
|faint|p2a: Dragapult
|
|-heal|p1a: Landorus|19/100|[from] item: Leftovers
|upkeep
|
|t:|1781541100
|switch|p2a: Iron Boulder|Iron Boulder|100/100
|-damage|p2a: Iron Boulder|88/100|[from] Stealth Rock
|-enditem|p2a: Iron Boulder|Booster Energy
|-activate|p2a: Iron Boulder|ability: Quark Drive|[fromitem]
|-start|p2a: Iron Boulder|quarkdrivespe
|turn|28
|inactive|Sandysuit has 90 seconds left.
|
|t:|1781541109
|move|p2a: Iron Boulder|Mighty Cleave|p1a: Landorus
|-damage|p1a: Landorus|0 fnt
|faint|p1a: Landorus
|
|upkeep
|
|t:|1781541111
|switch|p1a: Hydrapple|Hydrapple, F|100/100
|-damage|p1a: Hydrapple|88/100|[from] Stealth Rock
|-damage|p1a: Hydrapple|76/100|[from] Spikes
|turn|29
|
|t:|1781541116
|move|p2a: Iron Boulder|Swords Dance|p2a: Iron Boulder
|-boost|p2a: Iron Boulder|atk|2
|move|p1a: Hydrapple|Giga Drain|p2a: Iron Boulder
|-supereffective|p2a: Iron Boulder
|-damage|p2a: Iron Boulder|30/100
|-heal|p1a: Hydrapple|98/100|[from] drain|[of] p2a: Iron Boulder
|
|upkeep
|turn|30
|
|t:|1781541129
|move|p2a: Iron Boulder|Mighty Cleave|p1a: Hydrapple
|-damage|p1a: Hydrapple|46/100
|-damage|p2a: Iron Boulder|14/100|[from] item: Rocky Helmet|[of] p1a: Hydrapple
|move|p1a: Hydrapple|Giga Drain|p2a: Iron Boulder
|-supereffective|p2a: Iron Boulder
|-damage|p2a: Iron Boulder|0 fnt
|-heal|p1a: Hydrapple|51/100|[from] drain|[of] p2a: Iron Boulder
|faint|p2a: Iron Boulder
|-end|p2a: Iron Boulder|Quark Drive|[silent]
|
|upkeep
|
|t:|1781541132
|switch|p2a: Great Tusk|Great Tusk|39/100
|-damage|p2a: Great Tusk|36/100|[from] Stealth Rock
|turn|31
|
|t:|1781541142
|move|p2a: Great Tusk|Ice Spinner|p1a: Hydrapple
|-supereffective|p1a: Hydrapple
|-damage|p1a: Hydrapple|0 fnt
|-damage|p2a: Great Tusk|20/100|[from] item: Rocky Helmet|[of] p1a: Hydrapple
|faint|p1a: Hydrapple
|
|win|katholikon
|raw|Sandysuit's rating: 1553 &rarr; <strong>1533</strong><br />(-20 for losing)
|raw|katholikon's rating: 1552 &rarr; <strong>1572</strong><br />(+20 for winning)
|l|☆Sandysuit
|player|p1|
|l|☆katholikon
|player|p2|
|l| Mak7XZ
