|j|☆zxrkawa
|j|☆KurisuChestnutOU
|t:|1781175395
|gametype|singles
|player|p1|zxrkawa|elesa|1523
|player|p2|KurisuChestnutOU|may-contest|1542
|gen|9
|tier|[Gen 9] OU
|rated|
|rule|HP Percentage Mod: HP is shown in percentages
|rule|Endless Battle Clause: Forcing endless battles is banned
|rule|Species Clause: Limit one of each Pokémon
|rule|OHKO Clause: OHKO moves are banned
|rule|Evasion Items Clause: Evasion items are banned
|rule|Evasion Moves Clause: Evasion moves are banned
|rule|Evasion Abilities Clause: Evasion abilities are banned
|rule|Sleep Moves Clause: Sleep-inducing moves are banned
|clearpoke
|poke|p1|Meowscarada, F|
|poke|p1|Pecharunt|
|poke|p1|Enamorus, F|
|poke|p1|Iron Treads|
|poke|p1|Skarmory, M|
|poke|p1|Slowking, M|
|poke|p2|Hawlucha, F|
|poke|p2|Samurott-Hisui, F|
|poke|p2|Rillaboom, F|
|poke|p2|Gholdengo|
|poke|p2|Kyurem|
|poke|p2|Landorus-Therian, M|
|teampreview
|inactive|Battle timer is ON: inactive players will automatically lose when time's up. (requested by zxrkawa)
|
|t:|1781175401
|teamsize|p1|6
|teamsize|p2|6
|start
|switch|p1a: Meowscarada|Meowscarada, F|100/100
|switch|p2a: Kyurem|Kyurem|100/100
|-ability|p2a: Kyurem|Pressure
|turn|1
|inactive|KurisuChestnutOU also wants the timer to be on.
|
|t:|1781175405
|move|p1a: Meowscarada|U-turn|p2a: Kyurem
|-start|p1a: Meowscarada|typechange|Bug|[from] ability: Protean
|-damage|p2a: Kyurem|55/100
|
|t:|1781175410
|switch|p1a: Slowking|Slowking, M|100/100|[from] U-turn
|move|p2a: Kyurem|Focus Blast|p1a: Slowking
|-resisted|p1a: Slowking
|-damage|p1a: Slowking|92/100
|-unboost|p1a: Slowking|spd|1
|
|upkeep
|turn|2
|
|t:|1781175417
|move|p2a: Kyurem|Freeze-Dry|p1a: Slowking
|-supereffective|p1a: Slowking
|-damage|p1a: Slowking|41/100
|move|p1a: Slowking|Future Sight|p2a: Kyurem
|-start|p1a: Slowking|move: Future Sight
|
|upkeep
|turn|3
|
|t:|1781175422
|switch|p1a: Iron Treads|Iron Treads|100/100
|move|p2a: Kyurem|Freeze-Dry|p1a: Iron Treads
|-damage|p1a: Iron Treads|69/100
|
|-heal|p1a: Iron Treads|75/100|[from] item: Leftovers
|upkeep
|turn|4
|
|t:|1781175429
|move|p2a: Kyurem|Focus Blast|p1a: Iron Treads
|-supereffective|p1a: Iron Treads
|-damage|p1a: Iron Treads|10/100
|move|p1a: Iron Treads|Earthquake|p2a: Kyurem
|-damage|p2a: Kyurem|19/100
|
|-end|p2a: Kyurem|move: Future Sight
|-damage|p2a: Kyurem|0 fnt
|faint|p2a: Kyurem
|-heal|p1a: Iron Treads|16/100|[from] item: Leftovers
|upkeep
|
|t:|1781175433
|switch|p2a: Gholdengo|Gholdengo|100/100
|turn|5
|
|t:|1781175444
|move|p2a: Gholdengo|Shadow Ball|p1a: Iron Treads
|-damage|p1a: Iron Treads|0 fnt
|faint|p1a: Iron Treads
|-end|p1a: Iron Treads|Quark Drive|[silent]
|
|upkeep
|
|t:|1781175449
|switch|p1a: Meowscarada|Meowscarada, F|100/100
|turn|6
|
|t:|1781175455
|switch|p2a: Landorus|Landorus-Therian, M|100/100
|-ability|p2a: Landorus|Intimidate|boost
|-unboost|p1a: Meowscarada|atk|1
|move|p1a: Meowscarada|Knock Off|p2a: Landorus
|-start|p1a: Meowscarada|typechange|Dark|[from] ability: Protean
|-damage|p2a: Landorus|58/100
|-damage|p1a: Meowscarada|84/100|[from] item: Rocky Helmet|[of] p2a: Landorus
|-enditem|p2a: Landorus|Rocky Helmet|[from] move: Knock Off|[of] p1a: Meowscarada
|
|upkeep
|turn|7
|
|t:|1781175468
|switch|p1a: Enamorus|Enamorus, F|100/100
|move|p2a: Landorus|Stealth Rock|p1a: Enamorus
|-sidestart|p1: zxrkawa|move: Stealth Rock
|
|upkeep
|turn|8
|
|t:|1781175478
|move|p1a: Enamorus|Mystical Fire|p2a: Landorus
|-damage|p2a: Landorus|24/100
|-unboost|p2a: Landorus|spa|1
|move|p2a: Landorus|U-turn|p1a: Enamorus
|-resisted|p1a: Enamorus
|-damage|p1a: Enamorus|93/100
|
|t:|1781175483
|switch|p2a: Samurott|Samurott-Hisui, F|100/100|[from] U-turn
|
|upkeep
|turn|9
|
|t:|1781175488
|switch|p1a: Skarmory|Skarmory, M|100/100
|-damage|p1a: Skarmory|88/100|[from] Stealth Rock
|move|p2a: Samurott|Ceaseless Edge|p1a: Skarmory
|-damage|p1a: Skarmory|64/100
|-sidestart|p1: zxrkawa|Spikes
|
|upkeep
|turn|10
|
|t:|1781175493
|switch|p2a: Gholdengo|Gholdengo|100/100
|move|p1a: Skarmory|Body Press|p2a: Gholdengo
|-immune|p2a: Gholdengo
|
|upkeep
|turn|11
|
|t:|1781175498
|switch|p1a: Slowking|Slowking, M|75/100
|-damage|p1a: Slowking|62/100|[from] Stealth Rock
|-damage|p1a: Slowking|50/100|[from] Spikes
|move|p2a: Gholdengo|Shadow Ball|p1a: Slowking
|-supereffective|p1a: Slowking
|-damage|p1a: Slowking|11/100
|
|upkeep
|turn|12
|
|t:|1781175506
|move|p2a: Gholdengo|Shadow Ball|p1a: Slowking
|-supereffective|p1a: Slowking
|-damage|p1a: Slowking|0 fnt
|faint|p1a: Slowking
|
|upkeep
|
|t:|1781175511
|switch|p1a: Meowscarada|Meowscarada, F|84/100
|-damage|p1a: Meowscarada|72/100|[from] Stealth Rock
|-damage|p1a: Meowscarada|60/100|[from] Spikes
|turn|13
|
|t:|1781175518
|switch|p2a: Landorus|Landorus-Therian, M|24/100
|-ability|p2a: Landorus|Intimidate|boost
|-unboost|p1a: Meowscarada|atk|1
|move|p1a: Meowscarada|U-turn|p2a: Landorus
|-start|p1a: Meowscarada|typechange|Bug|[from] ability: Protean
|-resisted|p2a: Landorus
|-damage|p2a: Landorus|9/100
|
|t:|1781175526
|switch|p1a: Enamorus|Enamorus, F|93/100|[from] U-turn
|-damage|p1a: Enamorus|68/100|[from] Stealth Rock
|
|upkeep
|turn|14
|
|t:|1781175530
|move|p1a: Enamorus|Mystical Fire|p2a: Landorus
|-damage|p2a: Landorus|0 fnt
|faint|p2a: Landorus
|
|upkeep
|
|t:|1781175535
|switch|p2a: Samurott|Samurott-Hisui, F|100/100
|turn|15
|
|t:|1781175542
|switch|p1a: Skarmory|Skarmory, M|64/100
|-damage|p1a: Skarmory|52/100|[from] Stealth Rock
|move|p2a: Samurott|Flip Turn|p1a: Skarmory
|-damage|p1a: Skarmory|36/100
|
|t:|1781175545
|switch|p2a: Gholdengo|Gholdengo|100/100|[from] Flip Turn
|
|upkeep
|turn|16
|
|t:|1781175560
|move|p2a: Gholdengo|Make It Rain|p1a: Skarmory
|-resisted|p1a: Skarmory
|-damage|p1a: Skarmory|0 fnt
|-unboost|p2a: Gholdengo|spa|1
|faint|p1a: Skarmory
|
|upkeep
|
|t:|1781175564
|switch|p1a: Meowscarada|Meowscarada, F|60/100
|-damage|p1a: Meowscarada|47/100|[from] Stealth Rock
|-damage|p1a: Meowscarada|35/100|[from] Spikes
|turn|17
|
|t:|1781175570
|move|p2a: Gholdengo|Make It Rain|p1a: Meowscarada
|-damage|p1a: Meowscarada|0 fnt
|-unboost|p2a: Gholdengo|spa|1
|faint|p1a: Meowscarada
|
|upkeep
|
|t:|1781175578
|switch|p1a: Enamorus|Enamorus, F|68/100
|-damage|p1a: Enamorus|43/100|[from] Stealth Rock
|turn|18
|
|t:|1781175587
|switch|p2a: Samurott|Samurott-Hisui, F|100/100
|move|p1a: Enamorus|Mystical Fire|p2a: Samurott
|-resisted|p2a: Samurott
|-damage|p2a: Samurott|91/100
|-unboost|p2a: Samurott|spa|1
|
|upkeep
|turn|19
|
|t:|1781175593
|switch|p1a: Pecharunt|Pecharunt|100/100
|-damage|p1a: Pecharunt|88/100|[from] Stealth Rock
|-damage|p1a: Pecharunt|76/100|[from] Spikes
|move|p2a: Samurott|Knock Off|p1a: Pecharunt
|-supereffective|p1a: Pecharunt
|-damage|p1a: Pecharunt|34/100
|-damage|p2a: Samurott|74/100|[from] item: Rocky Helmet|[of] p1a: Pecharunt
|-enditem|p1a: Pecharunt|Rocky Helmet|[from] move: Knock Off|[of] p2a: Samurott
|
|upkeep
|turn|20
|
|t:|1781175600
|-terastallize|p1a: Pecharunt|Dark
|move|p1a: Pecharunt|Recover|p1a: Pecharunt
|-heal|p1a: Pecharunt|84/100
|move|p2a: Samurott|Flip Turn|p1a: Pecharunt
|-damage|p1a: Pecharunt|72/100
|
|t:|1781175607
|switch|p2a: Gholdengo|Gholdengo|100/100|[from] Flip Turn
|
|upkeep
|turn|21
|
|t:|1781175615
|-terastallize|p2a: Gholdengo|Steel
|move|p2a: Gholdengo|Make It Rain|p1a: Pecharunt
|-damage|p1a: Pecharunt|0 fnt
|-unboost|p2a: Gholdengo|spa|1
|faint|p1a: Pecharunt
|
|upkeep
|
|t:|1781175621
|switch|p1a: Enamorus|Enamorus, F|43/100
|-damage|p1a: Enamorus|18/100|[from] Stealth Rock
|turn|22
|
|t:|1781175625
|move|p1a: Enamorus|Mystical Fire|p2a: Gholdengo
|-supereffective|p2a: Gholdengo
|-damage|p2a: Gholdengo|28/100
|-unboost|p2a: Gholdengo|spa|1
|move|p2a: Gholdengo|Make It Rain|p1a: Enamorus
|-supereffective|p1a: Enamorus
|-damage|p1a: Enamorus|0 fnt
|-unboost|p2a: Gholdengo|spa|1
|faint|p1a: Enamorus
|
|win|KurisuChestnutOU
|raw|zxrkawa's rating: 1523 &rarr; <strong>1502</strong><br />(-21 for losing)
|raw|KurisuChestnutOU's rating: 1514 &rarr; <strong>1535</strong><br />(+21 for winning)
