|j|☆tonyrayyy
|j|☆LowEL0God
|t:|1781496756
|gametype|singles
|player|p1|tonyrayyy|101|1597
|player|p2|LowEL0God|265|1598
|gen|9
|tier|[Gen 9] OU
|rated|
|rule|HP Percentage Mod: HP is shown in percentages
|rule|Endless Battle Clause: Forcing endless battles is banned
|rule|Species Clause: Limit one of each Pokémon
|rule|OHKO Clause: OHKO moves are banned
|rule|Evasion Items Clause: Evasion items are banned
|rule|Evasion Moves Clause: Evasion moves are banned
|rule|Evasion Abilities Clause: Evasion abilities are banned
|rule|Sleep Moves Clause: Sleep-inducing moves are banned
|clearpoke
|poke|p1|Samurott-Hisui, M|
|poke|p1|Zapdos|
|poke|p1|Gholdengo|
|poke|p1|Kingambit, M|
|poke|p1|Slowking-Galar, M|
|poke|p1|Great Tusk|
|poke|p2|Pelipper, F|
|poke|p2|Raging Bolt|
|poke|p2|Overqwil, M|
|poke|p2|Barraskewda, F|
|poke|p2|Iron Treads|
|poke|p2|Kingambit, F|
|teampreview
|c|☆LowEL0God|hf
|inactive|Battle timer is ON: inactive players will automatically lose when time's up. (requested by LowEL0God)
|c|☆tonyrayyy|u2
|
|t:|1781496782
|teamsize|p1|6
|teamsize|p2|6
|start
|switch|p1a: Samurott|Samurott-Hisui, M|100/100
|switch|p2a: Barraskewda|Barraskewda, F|100/100
|turn|1
|
|t:|1781496791
|move|p1a: Samurott|Ceaseless Edge|p2a: Barraskewda
|-damage|p2a: Barraskewda|14/100
|-sidestart|p2: LowEL0God|Spikes
|move|p2a: Barraskewda|Close Combat|p1a: Samurott
|-supereffective|p1a: Samurott
|-damage|p1a: Samurott|0 fnt
|-unboost|p2a: Barraskewda|def|1
|-unboost|p2a: Barraskewda|spd|1
|faint|p1a: Samurott
|
|upkeep
|
|t:|1781496802
|switch|p1a: Great Tusk|Great Tusk|100/100
|turn|2
|
|t:|1781496804
|switch|p2a: Pelipper|Pelipper, F|100/100
|-weather|RainDance|[from] ability: Drizzle|[of] p2a: Pelipper
|move|p1a: Great Tusk|Stealth Rock|p2a: Pelipper
|-sidestart|p2: LowEL0God|move: Stealth Rock
|
|-weather|RainDance|[upkeep]
|upkeep
|turn|3
|
|t:|1781496821
|-end|p1a: Great Tusk|Protosynthesis|[silent]
|switch|p1a: Slowking|Slowking-Galar, M|100/100
|move|p2a: Pelipper|Weather Ball|p1a: Slowking
|-damage|p1a: Slowking|69/100
|
|-weather|RainDance|[upkeep]
|upkeep
|turn|4
|
|t:|1781496828
|move|p2a: Pelipper|Weather Ball|p1a: Slowking
|-damage|p1a: Slowking|42/100
|-prepare|p1a: Slowking|Chilly Reception|[premajor]
|move|p1a: Slowking|Chilly Reception|p1a: Slowking
|-weather|Snowscape
|
|t:|1781496834
|switch|p1a: Zapdos|Zapdos|100/100|[from] Chilly Reception
|
|-weather|Snowscape|[upkeep]
|upkeep
|turn|5
|
|t:|1781496854
|switch|p1a: Gholdengo|Gholdengo|100/100
|-item|p1a: Gholdengo|Air Balloon
|switch|p2a: Iron Treads|Iron Treads|100/100
|-damage|p2a: Iron Treads|88/100|[from] Spikes
|-damage|p2a: Iron Treads|85/100|[from] Stealth Rock
|-enditem|p2a: Iron Treads|Booster Energy
|-activate|p2a: Iron Treads|ability: Quark Drive|[fromitem]
|-start|p2a: Iron Treads|quarkdrivespe
|
|-weather|Snowscape|[upkeep]
|upkeep
|turn|6
|
|t:|1781496865
|move|p2a: Iron Treads|Stealth Rock|p1a: Gholdengo
|-sidestart|p1: tonyrayyy|move: Stealth Rock
|move|p1a: Gholdengo|Shadow Ball|p2a: Iron Treads
|-damage|p2a: Iron Treads|29/100
|-unboost|p2a: Iron Treads|spd|1
|
|-weather|Snowscape|[upkeep]
|upkeep
|turn|7
|
|t:|1781496871
|-end|p2a: Iron Treads|Quark Drive|[silent]
|switch|p2a: Kingambit|Kingambit, F|100/100
|-damage|p2a: Kingambit|88/100|[from] Spikes
|-damage|p2a: Kingambit|82/100|[from] Stealth Rock
|move|p1a: Gholdengo|Shadow Ball|p2a: Kingambit
|-resisted|p2a: Kingambit
|-damage|p2a: Kingambit|61/100
|-unboost|p2a: Kingambit|spd|1
|
|-weather|Snowscape|[upkeep]
|-heal|p2a: Kingambit|67/100|[from] item: Leftovers
|upkeep
|turn|8
|
|t:|1781496883
|switch|p1a: Great Tusk|Great Tusk|100/100
|move|p2a: Kingambit|Kowtow Cleave|p1a: Great Tusk
|-resisted|p1a: Great Tusk
|-damage|p1a: Great Tusk|85/100
|
|-weather|none
|-heal|p2a: Kingambit|74/100|[from] item: Leftovers
|upkeep
|turn|9
|
|t:|1781496896
|-end|p2a: Kingambit|fallenundefined|[silent]
|switch|p2a: Pelipper|Pelipper, F|100/100
|-damage|p2a: Pelipper|76/100|[from] Stealth Rock
|-weather|RainDance|[from] ability: Drizzle|[of] p2a: Pelipper
|move|p1a: Great Tusk|Rapid Spin|p2a: Pelipper
|-damage|p2a: Pelipper|64/100
|-boost|p1a: Great Tusk|spe|1
|-sideend|p1: tonyrayyy|Stealth Rock|[from] move: Rapid Spin|[of] p1a: Great Tusk
|
|-weather|RainDance|[upkeep]
|upkeep
|turn|10
|
|t:|1781496909
|-end|p1a: Great Tusk|Protosynthesis|[silent]
|switch|p1a: Slowking|Slowking-Galar, M|75/100
|move|p2a: Pelipper|Weather Ball|p1a: Slowking
|-damage|p1a: Slowking|45/100
|
|-weather|RainDance|[upkeep]
|upkeep
|turn|11
|
|t:|1781496915
|move|p2a: Pelipper|Weather Ball|p1a: Slowking
|-damage|p1a: Slowking|15/100
|-prepare|p1a: Slowking|Chilly Reception|[premajor]
|move|p1a: Slowking|Chilly Reception|p1a: Slowking
|-weather|Snowscape
|
|t:|1781496926
|switch|p1a: Zapdos|Zapdos|100/100|[from] Chilly Reception
|
|-weather|Snowscape|[upkeep]
|upkeep
|turn|12
|
|t:|1781496931
|switch|p2a: Iron Treads|Iron Treads|29/100
|-damage|p2a: Iron Treads|16/100|[from] Spikes
|-damage|p2a: Iron Treads|13/100|[from] Stealth Rock
|move|p1a: Zapdos|Hurricane|p2a: Iron Treads
|-resisted|p2a: Iron Treads
|-damage|p2a: Iron Treads|0 fnt
|faint|p2a: Iron Treads
|-end|p2a: Iron Treads|Quark Drive|[silent]
|
|-weather|Snowscape|[upkeep]
|upkeep
|
|t:|1781496932
|switch|p2a: Raging Bolt|Raging Bolt|100/100
|-damage|p2a: Raging Bolt|88/100|[from] Spikes
|-damage|p2a: Raging Bolt|76/100|[from] Stealth Rock
|-enditem|p2a: Raging Bolt|Booster Energy
|-activate|p2a: Raging Bolt|ability: Protosynthesis|[fromitem]
|-start|p2a: Raging Bolt|protosynthesisspa
|turn|13
|
|t:|1781496949
|move|p1a: Zapdos|Volt Switch|p2a: Raging Bolt
|-resisted|p2a: Raging Bolt
|-damage|p2a: Raging Bolt|69/100
|
|t:|1781496955
|switch|p1a: Gholdengo|Gholdengo|100/100|[from] Volt Switch
|-item|p1a: Gholdengo|Air Balloon
|move|p2a: Raging Bolt|Weather Ball|p1a: Gholdengo
|-resisted|p1a: Gholdengo
|-damage|p1a: Gholdengo|74/100
|-enditem|p1a: Gholdengo|Air Balloon
|
|-weather|Snowscape|[upkeep]
|upkeep
|turn|14
|
|t:|1781496964
|move|p1a: Gholdengo|Shadow Ball|p2a: Raging Bolt
|-damage|p2a: Raging Bolt|31/100
|move|p2a: Raging Bolt|Thunder|p1a: Gholdengo
|-damage|p1a: Gholdengo|0 fnt
|faint|p1a: Gholdengo
|
|-weather|Snowscape|[upkeep]
|upkeep
|
|t:|1781496974
|switch|p1a: Great Tusk|Great Tusk|85/100
|turn|15
|
|t:|1781496979
|-end|p2a: Raging Bolt|Protosynthesis|[silent]
|switch|p2a: Pelipper|Pelipper, F|64/100
|-damage|p2a: Pelipper|40/100|[from] Stealth Rock
|-weather|RainDance|[from] ability: Drizzle|[of] p2a: Pelipper
|move|p1a: Great Tusk|Ice Spinner|p2a: Pelipper
|-damage|p2a: Pelipper|20/100
|
|-weather|RainDance|[upkeep]
|upkeep
|turn|16
|
|t:|1781496987
|move|p1a: Great Tusk|Ice Spinner|p2a: Pelipper
|-damage|p2a: Pelipper|1/100
|move|p2a: Pelipper|Weather Ball|p1a: Great Tusk
|-supereffective|p1a: Great Tusk
|-damage|p1a: Great Tusk|0 fnt
|faint|p1a: Great Tusk
|-end|p1a: Great Tusk|Protosynthesis|[silent]
|
|-weather|RainDance|[upkeep]
|upkeep
|
|t:|1781496995
|switch|p1a: Slowking|Slowking-Galar, M|48/100
|turn|17
|
|t:|1781497004
|move|p2a: Pelipper|Weather Ball|p1a: Slowking
|-damage|p1a: Slowking|20/100
|-prepare|p1a: Slowking|Chilly Reception|[premajor]
|move|p1a: Slowking|Chilly Reception|p1a: Slowking
|-weather|Snowscape
|
|t:|1781497009
|switch|p1a: Zapdos|Zapdos|100/100|[from] Chilly Reception
|
|-weather|Snowscape|[upkeep]
|upkeep
|turn|18
|
|t:|1781497018
|move|p1a: Zapdos|Volt Switch|p2a: Pelipper
|-supereffective|p2a: Pelipper
|-damage|p2a: Pelipper|0 fnt
|faint|p2a: Pelipper
|
|t:|1781497023
|switch|p1a: Kingambit|Kingambit, M|100/100|[from] Volt Switch
|-activate|p1a: Kingambit|ability: Supreme Overlord
|-start|p1a: Kingambit|fallen3|[silent]
|
|-weather|Snowscape|[upkeep]
|upkeep
|
|t:|1781497024
|switch|p2a: Raging Bolt|Raging Bolt|31/100
|-damage|p2a: Raging Bolt|19/100|[from] Spikes
|-damage|p2a: Raging Bolt|6/100|[from] Stealth Rock
|turn|19
|
|t:|1781497039
|move|p2a: Raging Bolt|Thunder|p1a: Kingambit
|-damage|p1a: Kingambit|20/100
|move|p1a: Kingambit|Kowtow Cleave|p2a: Raging Bolt
|-damage|p2a: Raging Bolt|0 fnt
|faint|p2a: Raging Bolt
|-end|p2a: Raging Bolt|Protosynthesis|[silent]
|
|-weather|Snowscape|[upkeep]
|upkeep
|
|t:|1781497042
|switch|p2a: Kingambit|Kingambit, F|74/100
|-damage|p2a: Kingambit|61/100|[from] Spikes
|-damage|p2a: Kingambit|55/100|[from] Stealth Rock
|-activate|p2a: Kingambit|ability: Supreme Overlord
|-start|p2a: Kingambit|fallen3|[silent]
|turn|20
|
|t:|1781497052
|move|p1a: Kingambit|Low Kick|p2a: Kingambit
|-supereffective|p2a: Kingambit
|-damage|p2a: Kingambit|0 fnt
|faint|p2a: Kingambit
|-end|p2a: Kingambit|fallen3|[silent]
|
|-weather|Snowscape|[upkeep]
|upkeep
|
|t:|1781497053
|switch|p2a: Overqwil|Overqwil, M|100/100
|-damage|p2a: Overqwil|88/100|[from] Spikes
|-damage|p2a: Overqwil|76/100|[from] Stealth Rock
|turn|21
|
|t:|1781497061
|-end|p1a: Kingambit|fallen3|[silent]
|switch|p1a: Zapdos|Zapdos|100/100
|move|p2a: Overqwil|Liquidation|p1a: Zapdos
|-damage|p1a: Zapdos|71/100
|-damage|p2a: Overqwil|66/100|[from] item: Life Orb
|
|-weather|none
|upkeep
|turn|22
|
|t:|1781497068
|move|p2a: Overqwil|Gunk Shot|p1a: Zapdos|[miss]
|-miss|p2a: Overqwil|p1a: Zapdos
|move|p1a: Zapdos|Thunder Wave|p2a: Overqwil
|-status|p2a: Overqwil|par
|
|upkeep
|turn|23
|
|t:|1781497074
|move|p1a: Zapdos|Hurricane|p2a: Overqwil
|-damage|p2a: Overqwil|1/100 par
|move|p2a: Overqwil|Gunk Shot|p1a: Zapdos
|-damage|p1a: Zapdos|10/100
|-status|p1a: Zapdos|psn
|-damage|p2a: Overqwil|0 fnt|[from] item: Life Orb
|faint|p2a: Overqwil
|
|-damage|p1a: Zapdos|0 fnt|[from] psn
|faint|p1a: Zapdos
|upkeep
|c|☆tonyrayyy|gg
|
|t:|1781497090
|switch|p2a: Barraskewda|Barraskewda, F|14/100
|switch|p1a: Kingambit|Kingambit, M|20/100
|-damage|p2a: Barraskewda|2/100|[from] Spikes
|-damage|p2a: Barraskewda|0 fnt|[from] Stealth Rock
|faint|p2a: Barraskewda
|
|win|tonyrayyy
|raw|tonyrayyy's rating: 1597 &rarr; <strong>1617</strong><br />(+20 for winning)
|raw|LowEL0God's rating: 1598 &rarr; <strong>1578</strong><br />(-20 for losing)
|c|☆LowEL0God|gg
|l|☆LowEL0God
|player|p2|
|l|☆tonyrayyy
|player|p1|
