|j|☆lunachili
|j|☆icylikedecember
|t:|1780977942
|gametype|singles
|player|p1|lunachili|clown|1615
|player|p2|icylikedecember|skierf|1733
|gen|9
|tier|[Gen 9] OU
|rated|
|rule|HP Percentage Mod: HP is shown in percentages
|rule|Endless Battle Clause: Forcing endless battles is banned
|rule|Species Clause: Limit one of each Pokémon
|rule|OHKO Clause: OHKO moves are banned
|rule|Evasion Items Clause: Evasion items are banned
|rule|Evasion Moves Clause: Evasion moves are banned
|rule|Evasion Abilities Clause: Evasion abilities are banned
|rule|Sleep Moves Clause: Sleep-inducing moves are banned
|clearpoke
|poke|p1|Alomomola, F|
|poke|p1|Slowking-Galar, F|
|poke|p1|Kingambit, F|
|poke|p1|Great Tusk|
|poke|p1|Cinderace, F|
|poke|p1|Raging Bolt|
|poke|p2|Corviknight, M|
|poke|p2|Slowking-Galar, M|
|poke|p2|Darkrai|
|poke|p2|Kyurem|
|poke|p2|Zamazenta-*|
|poke|p2|Crawdaunt, F|
|teampreview
|inactive|Battle timer is ON: inactive players will automatically lose when time's up. (requested by lunachili)
|
|t:|1780977969
|teamsize|p1|6
|teamsize|p2|6
|start
|switch|p1a: Cinderace|Cinderace, F|100/100
|switch|p2a: Crawdaunt|Crawdaunt, F|100/100
|turn|1
|c|☆lunachili|Yo, it's Mr. Craw
|
|t:|1780977975
|switch|p1a: Alomomola|Alomomola, F|100/100
|move|p2a: Crawdaunt|Aqua Jet|p1a: Alomomola
|-resisted|p1a: Alomomola
|-damage|p1a: Alomomola|89/100
|-damage|p2a: Crawdaunt|84/100|[from] item: Rocky Helmet|[of] p1a: Alomomola
|
|upkeep
|turn|2
|c|☆icylikedecember|the one and only
|
|t:|1780977990
|switch|p2a: Slowking|Slowking-Galar, M, shiny|100/100
|move|p1a: Alomomola|Flip Turn|p2a: Slowking
|-damage|p2a: Slowking|84/100
|
|t:|1780978002
|switch|p1a: Great Tusk|Great Tusk|100/100|[from] Flip Turn
|
|upkeep
|turn|3
|
|t:|1780978010
|move|p1a: Great Tusk|Headlong Rush|p2a: Slowking
|-supereffective|p2a: Slowking
|-damage|p2a: Slowking|0 fnt
|-unboost|p1a: Great Tusk|def|1
|-unboost|p1a: Great Tusk|spd|1
|faint|p2a: Slowking
|
|upkeep
|
|t:|1780978013
|switch|p2a: Kyurem|Kyurem|100/100
|-ability|p2a: Kyurem|Pressure
|turn|4
|
|t:|1780978026
|-end|p1a: Great Tusk|Protosynthesis|[silent]
|switch|p1a: Slowking|Slowking-Galar, F|100/100
|move|p2a: Kyurem|Freeze-Dry|p1a: Slowking
|-damage|p1a: Slowking|70/100
|-status|p1a: Slowking|frz
|
|upkeep
|turn|5
|
|t:|1780978037
|move|p2a: Kyurem|Freeze-Dry|p1a: Slowking
|-damage|p1a: Slowking|39/100 frz
|-curestatus|p1a: Slowking|frz|[msg]
|move|p1a: Slowking|Future Sight|p2a: Kyurem
|-start|p1a: Slowking|move: Future Sight
|
|upkeep
|turn|6
|
|t:|1780978045
|switch|p2a: Crawdaunt|Crawdaunt, F|84/100
|move|p1a: Slowking|Thunder Wave|p2a: Crawdaunt
|-status|p2a: Crawdaunt|par
|
|upkeep
|turn|7
|
|t:|1780978051
|switch|p1a: Alomomola|Alomomola, F|100/100
|move|p2a: Crawdaunt|Knock Off|p1a: Alomomola
|-damage|p1a: Alomomola|44/100
|-damage|p2a: Crawdaunt|68/100 par|[from] item: Rocky Helmet|[of] p1a: Alomomola
|-enditem|p1a: Alomomola|Rocky Helmet|[from] move: Knock Off|[of] p2a: Crawdaunt
|
|-end|p2a: Crawdaunt|move: Future Sight
|-immune|p2a: Crawdaunt
|upkeep
|turn|8
|
|t:|1780978059
|move|p1a: Alomomola|Wish|p1a: Alomomola
|cant|p2a: Crawdaunt|par
|
|upkeep
|turn|9
|
|t:|1780978067
|switch|p2a: Kyurem|Kyurem|100/100
|-ability|p2a: Kyurem|Pressure
|move|p1a: Alomomola|Scald|p2a: Kyurem
|-resisted|p2a: Kyurem
|-damage|p2a: Kyurem|94/100
|-status|p2a: Kyurem|brn
|
|-heal|p1a: Alomomola|94/100|[from] move: Wish|[wisher] Alomomola
|-damage|p2a: Kyurem|88/100 brn|[from] brn
|upkeep
|turn|10
|
|t:|1780978078
|move|p1a: Alomomola|Protect|p1a: Alomomola
|-singleturn|p1a: Alomomola|Protect
|move|p2a: Kyurem|Freeze-Dry|p1a: Alomomola
|-activate|p1a: Alomomola|move: Protect
|
|-damage|p2a: Kyurem|82/100 brn|[from] brn
|upkeep
|turn|11
|
|t:|1780978088
|switch|p1a: Slowking|Slowking-Galar, F|73/100
|move|p2a: Kyurem|Freeze-Dry|p1a: Slowking
|-damage|p1a: Slowking|38/100
|
|-damage|p2a: Kyurem|75/100 brn|[from] brn
|upkeep
|turn|12
|j| GhastlyPixie
|
|t:|1780978100
|move|p2a: Kyurem|Freeze-Dry|p1a: Slowking
|-damage|p1a: Slowking|6/100
|move|p1a: Slowking|Sludge Bomb|p2a: Kyurem
|-damage|p2a: Kyurem|44/100 brn
|
|-damage|p2a: Kyurem|38/100 brn|[from] brn
|upkeep
|turn|13
|
|t:|1780978109
|switch|p1a: Cinderace|Cinderace, F|100/100
|move|p2a: Kyurem|Freeze-Dry|p1a: Cinderace
|-resisted|p1a: Cinderace
|-damage|p1a: Cinderace|63/100
|
|-damage|p2a: Kyurem|32/100 brn|[from] brn
|upkeep
|turn|14
|
|t:|1780978119
|switch|p2a: Crawdaunt|Crawdaunt, F|68/100 par
|move|p1a: Cinderace|Pyro Ball|p2a: Crawdaunt
|-resisted|p2a: Crawdaunt
|-damage|p2a: Crawdaunt|26/100 par
|
|upkeep
|turn|15
|
|t:|1780978125
|switch|p1a: Alomomola|Alomomola, F|100/100
|move|p2a: Crawdaunt|Knock Off|p1a: Alomomola
|-damage|p1a: Alomomola|63/100
|
|upkeep
|turn|16
|
|t:|1780978130
|switch|p2a: Kyurem|Kyurem|32/100 brn
|-ability|p2a: Kyurem|Pressure
|move|p1a: Alomomola|Wish|p1a: Alomomola
|
|-damage|p2a: Kyurem|26/100 brn|[from] brn
|upkeep
|turn|17
|
|t:|1780978143
|switch|p1a: Slowking|Slowking-Galar, F|39/100
|move|p2a: Kyurem|Freeze-Dry|p1a: Slowking
|-damage|p1a: Slowking|9/100
|
|-heal|p1a: Slowking|77/100|[from] move: Wish|[wisher] Alomomola
|-damage|p2a: Kyurem|19/100 brn|[from] brn
|upkeep
|turn|18
|
|t:|1780978154
|switch|p2a: Crawdaunt|Crawdaunt, F|26/100 par
|move|p1a: Slowking|Sludge Bomb|p2a: Crawdaunt
|-damage|p2a: Crawdaunt|0 fnt
|faint|p2a: Crawdaunt
|
|upkeep
|j| Crit N I Quit
|
|t:|1780978159
|switch|p2a: Darkrai|Darkrai|100/100
|turn|19
|
|t:|1780978163
|move|p2a: Darkrai|Dark Pulse|p1a: Slowking
|-supereffective|p1a: Slowking
|-damage|p1a: Slowking|18/100
|cant|p1a: Slowking|flinch
|
|upkeep
|turn|20
|
|t:|1780978187
|move|p2a: Darkrai|Dark Pulse|p1a: Slowking
|-supereffective|p1a: Slowking
|-damage|p1a: Slowking|0 fnt
|faint|p1a: Slowking
|
|upkeep
|inactive|lunachili has 120 seconds left.
|
|t:|1780978213
|switch|p1a: Raging Bolt|Raging Bolt|100/100
|turn|21
|
|t:|1780978220
|move|p2a: Darkrai|Ice Beam|p1a: Raging Bolt
|-supereffective|p1a: Raging Bolt
|-damage|p1a: Raging Bolt|39/100
|move|p1a: Raging Bolt|Draco Meteor|p2a: Darkrai
|-damage|p2a: Darkrai|5/100
|-unboost|p1a: Raging Bolt|spa|2
|
|-heal|p1a: Raging Bolt|45/100|[from] item: Leftovers
|upkeep
|turn|22
|
|t:|1780978232
|switch|p2a: Zamazenta|Zamazenta|100/100
|-ability|p2a: Zamazenta|Dauntless Shield|boost
|-boost|p2a: Zamazenta|def|1
|move|p1a: Raging Bolt|Thunderclap||[still]
|-fail|p1a: Raging Bolt
|
|-heal|p1a: Raging Bolt|51/100|[from] item: Leftovers
|upkeep
|turn|23
|
|t:|1780978241
|-end|p1a: Raging Bolt|Protosynthesis|[silent]
|switch|p1a: Alomomola|Alomomola, F|97/100
|move|p2a: Zamazenta|Iron Defense|p2a: Zamazenta
|-boost|p2a: Zamazenta|def|2
|
|upkeep
|turn|24
|
|t:|1780978246
|move|p2a: Zamazenta|Body Press|p1a: Alomomola
|-damage|p1a: Alomomola|55/100
|move|p1a: Alomomola|Scald|p2a: Zamazenta
|-damage|p2a: Zamazenta|89/100
|
|-heal|p2a: Zamazenta|95/100|[from] item: Leftovers
|upkeep
|turn|25
|
|t:|1780978254
|move|p2a: Zamazenta|Iron Defense|p2a: Zamazenta
|-boost|p2a: Zamazenta|def|2
|move|p1a: Alomomola|Scald|p2a: Zamazenta
|-damage|p2a: Zamazenta|83/100
|
|-heal|p2a: Zamazenta|89/100|[from] item: Leftovers
|upkeep
|turn|26
|
|t:|1780978262
|move|p2a: Zamazenta|Body Press|p1a: Alomomola
|-damage|p1a: Alomomola|0 fnt
|faint|p1a: Alomomola
|
|-heal|p2a: Zamazenta|96/100|[from] item: Leftovers
|upkeep
|
|t:|1780978267
|switch|p1a: Raging Bolt|Raging Bolt|51/100
|turn|27
|
|t:|1780978274
|-terastallize|p1a: Raging Bolt|Bug
|move|p2a: Zamazenta|Body Press|p1a: Raging Bolt
|-resisted|p1a: Raging Bolt
|-damage|p1a: Raging Bolt|5/100
|move|p1a: Raging Bolt|Thunderbolt|p2a: Zamazenta
|-damage|p2a: Zamazenta|54/100
|
|-heal|p2a: Zamazenta|61/100|[from] item: Leftovers
|-heal|p1a: Raging Bolt|12/100|[from] item: Leftovers
|upkeep
|turn|28
|
|t:|1780978284
|move|p1a: Raging Bolt|Thunderclap|p2a: Zamazenta
|-damage|p2a: Zamazenta|26/100
|move|p2a: Zamazenta|Body Press|p1a: Raging Bolt
|-resisted|p1a: Raging Bolt
|-damage|p1a: Raging Bolt|0 fnt
|faint|p1a: Raging Bolt
|-end|p1a: Raging Bolt|Protosynthesis|[silent]
|
|-heal|p2a: Zamazenta|32/100|[from] item: Leftovers
|upkeep
|
|t:|1780978295
|switch|p1a: Great Tusk|Great Tusk|100/100
|turn|29
|
|t:|1780978306
|move|p2a: Zamazenta|Body Press|p1a: Great Tusk
|-damage|p1a: Great Tusk|13/100
|-damage|p2a: Zamazenta|16/100|[from] item: Rocky Helmet|[of] p1a: Great Tusk
|move|p1a: Great Tusk|Headlong Rush|p2a: Zamazenta
|-damage|p2a: Zamazenta|2/100
|-unboost|p1a: Great Tusk|def|1
|-unboost|p1a: Great Tusk|spd|1
|
|-heal|p2a: Zamazenta|8/100|[from] item: Leftovers
|upkeep
|turn|30
|
|t:|1780978316
|move|p2a: Zamazenta|Body Press|p1a: Great Tusk
|-damage|p1a: Great Tusk|0 fnt
|-damage|p2a: Zamazenta|0 fnt|[from] item: Rocky Helmet|[of] p1a: Great Tusk
|faint|p1a: Great Tusk
|-end|p1a: Great Tusk|Protosynthesis|[silent]
|faint|p2a: Zamazenta
|
|upkeep
|
|t:|1780978328
|switch|p2a: Darkrai|Darkrai|5/100
|switch|p1a: Kingambit|Kingambit, F|100/100
|-activate|p1a: Kingambit|ability: Supreme Overlord
|-start|p1a: Kingambit|fallen4|[silent]
|turn|31
|
|t:|1780978338
|switch|p2a: Corviknight|Corviknight, M, shiny|100/100
|-ability|p2a: Corviknight|Pressure
|move|p1a: Kingambit|Sucker Punch||[still]
|-fail|p1a: Kingambit
|
|upkeep
|turn|32
|
|t:|1780978346
|-end|p1a: Kingambit|fallen4|[silent]
|switch|p1a: Cinderace|Cinderace, F|63/100
|move|p2a: Corviknight|U-turn|p1a: Cinderace
|-resisted|p1a: Cinderace
|-damage|p1a: Cinderace|53/100
|
|t:|1780978348
|switch|p2a: Darkrai|Darkrai|5/100|[from] U-turn
|
|upkeep
|turn|33
|
|t:|1780978353
|switch|p1a: Kingambit|Kingambit, F|100/100
|-activate|p1a: Kingambit|ability: Supreme Overlord
|-start|p1a: Kingambit|fallen4|[silent]
|move|p2a: Darkrai|Dark Pulse|p1a: Kingambit
|-resisted|p1a: Kingambit
|-damage|p1a: Kingambit|80/100
|
|-heal|p1a: Kingambit|86/100|[from] item: Leftovers
|upkeep
|turn|34
|
|t:|1780978366
|-end|p1a: Kingambit|fallen4|[silent]
|switch|p1a: Cinderace|Cinderace, F|53/100
|move|p2a: Darkrai|Focus Blast|p1a: Cinderace
|-damage|p1a: Cinderace|0 fnt
|faint|p1a: Cinderace
|
|upkeep
|-message|lunachili forfeited.
|
|win|icylikedecember
|raw|lunachili's rating: 1615 &rarr; <strong>1602</strong><br />(-13 for losing)
|raw|icylikedecember's rating: 1733 &rarr; <strong>1746</strong><br />(+13 for winning)
|l|☆lunachili
|player|p1|
|l| Crit N I Quit
|l| GhastlyPixie
|l|☆icylikedecember
|player|p2|
