|j|☆vegancrosfit
|j|☆wubbybubbyjr
|t:|1781244335
|gametype|singles
|player|p1|vegancrosfit|cyclist-gen4|1554
|player|p2|wubbybubbyjr|preschooler|1559
|gen|9
|tier|[Gen 9] OU
|rated|
|rule|HP Percentage Mod: HP is shown in percentages
|rule|Endless Battle Clause: Forcing endless battles is banned
|rule|Species Clause: Limit one of each Pokémon
|rule|OHKO Clause: OHKO moves are banned
|rule|Evasion Items Clause: Evasion items are banned
|rule|Evasion Moves Clause: Evasion moves are banned
|rule|Evasion Abilities Clause: Evasion abilities are banned
|rule|Sleep Moves Clause: Sleep-inducing moves are banned
|clearpoke
|poke|p1|Pelipper, F|
|poke|p1|Barraskewda, M|
|poke|p1|Ogerpon-Wellspring, F|
|poke|p1|Scizor, M|
|poke|p1|Tornadus-Therian, M|
|poke|p1|Raging Bolt|
|poke|p2|Ursaluna, M|
|poke|p2|Alomomola, F|
|poke|p2|Cinderace, F|
|poke|p2|Tornadus-Therian, M|
|poke|p2|Iron Treads|
|poke|p2|Dragapult, M|
|teampreview
|inactive|Battle timer is ON: inactive players will automatically lose when time's up. (requested by wubbybubbyjr)
|
|t:|1781244341
|teamsize|p1|6
|teamsize|p2|6
|start
|switch|p1a: Pelipper|Pelipper, F|100/100
|switch|p2a: Dragapult|Dragapult, M|100/100
|-weather|RainDance|[from] ability: Drizzle|[of] p1a: Pelipper
|turn|1
|
|t:|1781244353
|switch|p1a: Tornadus|Tornadus-Therian, M|100/100
|move|p2a: Dragapult|Draco Meteor|p1a: Tornadus
|-crit|p1a: Tornadus
|-damage|p1a: Tornadus|44/100
|-unboost|p2a: Dragapult|spa|2
|
|-weather|RainDance|[upkeep]
|upkeep
|turn|2
|
|t:|1781244374
|switch|p2a: Tornadus|Tornadus-Therian, M|100/100
|move|p1a: Tornadus|U-turn|p2a: Tornadus
|-resisted|p2a: Tornadus
|-damage|p2a: Tornadus|92/100
|
|t:|1781244379
|switch|p1a: Barraskewda|Barraskewda, M|100/100|[from] U-turn
|
|-weather|RainDance|[upkeep]
|upkeep
|turn|3
|l|☆vegancrosfit
|inactive|vegancrosfit disconnected and has a minute to reconnect!
|player|p1|
|inactive|wubbybubbyjr has 120 seconds left.
|
|t:|1781244409
|switch|p2a: Alomomola|Alomomola, F|100/100
|move|p1a: Barraskewda|Flip Turn|p2a: Alomomola
|-resisted|p2a: Alomomola
|-damage|p2a: Alomomola|80/100
|inactive|vegancrosfit has 30 seconds to reconnect!
|inactive|vegancrosfit has 20 seconds to reconnect!
|j|☆vegancrosfit
|inactive|vegancrosfit reconnected and has 105 seconds left.
|player|p1|vegancrosfit|cyclist-gen4|
|
|t:|1781244454
|switch|p1a: Raging Bolt|Raging Bolt|100/100|[from] Flip Turn
|
|-weather|RainDance|[upkeep]
|-heal|p2a: Alomomola|86/100|[from] item: Leftovers
|upkeep
|turn|4
|
|t:|1781244466
|move|p1a: Raging Bolt|Thunder|p2a: Alomomola
|-supereffective|p2a: Alomomola
|-damage|p2a: Alomomola|0 fnt
|faint|p2a: Alomomola
|
|-weather|RainDance|[upkeep]
|upkeep
|
|t:|1781244474
|switch|p2a: Dragapult|Dragapult, M|100/100
|turn|5
|
|t:|1781244477
|-end|p1a: Raging Bolt|Protosynthesis|[silent]
|switch|p1a: Tornadus|Tornadus-Therian, M|77/100
|move|p2a: Dragapult|Draco Meteor|p1a: Tornadus
|-damage|p1a: Tornadus|33/100
|-unboost|p2a: Dragapult|spa|2
|
|-weather|RainDance|[upkeep]
|upkeep
|turn|6
|
|t:|1781244488
|switch|p2a: Tornadus|Tornadus-Therian, M|100/100
|move|p1a: Tornadus|U-turn|p2a: Tornadus
|-resisted|p2a: Tornadus
|-damage|p2a: Tornadus|92/100
|
|t:|1781244493
|switch|p1a: Barraskewda|Barraskewda, M|100/100|[from] U-turn
|
|-weather|RainDance|[upkeep]
|upkeep
|turn|7
|
|t:|1781244503
|-terastallize|p1a: Barraskewda|Water
|move|p1a: Barraskewda|Liquidation|p2a: Tornadus
|-damage|p2a: Tornadus|0 fnt
|faint|p2a: Tornadus
|
|-weather|RainDance|[upkeep]
|upkeep
|j| yuureisuisei
|
|t:|1781244509
|switch|p2a: Dragapult|Dragapult, M|100/100
|turn|8
|
|t:|1781244513
|switch|p1a: Tornadus|Tornadus-Therian, M|66/100
|move|p2a: Dragapult|Shadow Ball|p1a: Tornadus
|-damage|p1a: Tornadus|40/100
|-unboost|p1a: Tornadus|spd|1
|
|-weather|none
|upkeep
|turn|9
|
|t:|1781244525
|switch|p1a: Scizor|Scizor, M|100/100
|move|p2a: Dragapult|Shadow Ball|p1a: Scizor
|-damage|p1a: Scizor|38/100
|-enditem|p1a: Scizor|Sitrus Berry|[eat]
|-heal|p1a: Scizor|63/100|[from] item: Sitrus Berry
|
|upkeep
|turn|10
|
|t:|1781244536
|move|p2a: Dragapult|Shadow Ball|p1a: Scizor
|-damage|p1a: Scizor|2/100
|move|p1a: Scizor|U-turn|p2a: Dragapult
|-resisted|p2a: Dragapult
|-damage|p2a: Dragapult|73/100
|
|t:|1781244542
|switch|p1a: Tornadus|Tornadus-Therian, M|73/100|[from] U-turn
|
|upkeep
|turn|11
|-message|wubbybubbyjr forfeited.
|
|win|vegancrosfit
|raw|vegancrosfit's rating: 1554 &rarr; <strong>1574</strong><br />(+20 for winning)
|raw|wubbybubbyjr's rating: 1559 &rarr; <strong>1539</strong><br />(-20 for losing)
|l|☆wubbybubbyjr
|player|p2|
|l| yuureisuisei
