|badge|p2|bronze|gen9ou|100-9
|uhtml|medal-msg|<div class="broadcast-blue">Curious what those medals under the avatar are? PS now has Ladder Seasons! For more information, check out the <a href="https://www.smogon.com/forums/threads/3740067/">thread on Smogon.</a></div>
|j|☆blackgokuking
|j|☆isaac_gam3r
|t:|1781218280
|gametype|singles
|player|p1|blackgokuking|169|1744
|player|p2|isaac_gam3r|acetrainer-gen4dp|1804
|gen|9
|tier|[Gen 9] OU
|rated|
|rule|HP Percentage Mod: HP is shown in percentages
|rule|Endless Battle Clause: Forcing endless battles is banned
|rule|Species Clause: Limit one of each Pokémon
|rule|OHKO Clause: OHKO moves are banned
|rule|Evasion Items Clause: Evasion items are banned
|rule|Evasion Moves Clause: Evasion moves are banned
|rule|Evasion Abilities Clause: Evasion abilities are banned
|rule|Sleep Moves Clause: Sleep-inducing moves are banned
|clearpoke
|poke|p1|Deoxys-Defense|
|poke|p1|Kingambit, F|
|poke|p1|Dragonite, F|
|poke|p1|Ogerpon-Wellspring, F|
|poke|p1|Cinderace, M|
|poke|p1|Enamorus, F|
|poke|p2|Primarina, F|
|poke|p2|Raging Bolt|
|poke|p2|Heatran, M|
|poke|p2|Weezing-Galar, M|
|poke|p2|Garchomp, M|
|poke|p2|Weavile, M|
|teampreview
|inactive|Battle timer is ON: inactive players will automatically lose when time's up. (requested by isaac_gam3r)
|j| sM Malice
|l| sM Malice
|
|t:|1781218301
|teamsize|p1|6
|teamsize|p2|6
|start
|switch|p1a: Ogerpon|Ogerpon-Wellspring, F|100/100
|switch|p2a: Weavile|Weavile, M|100/100
|-ability|p2a: Weavile|Pressure
|turn|1
|
|t:|1781218312
|move|p2a: Weavile|Triple Axel|p1a: Ogerpon
|-damage|p1a: Ogerpon|87/100
|-damage|p1a: Ogerpon|60/100
|-damage|p1a: Ogerpon|20/100
|-hitcount|p1a: Ogerpon|3
|move|p1a: Ogerpon|Ivy Cudgel|p2a: Weavile|[anim] Ivy Cudgel Water
|-damage|p2a: Weavile|2/100
|
|upkeep
|turn|2
|
|t:|1781218318
|switch|p1a: Cinderace|Cinderace, M|100/100
|move|p2a: Weavile|Knock Off|p1a: Cinderace
|-damage|p1a: Cinderace|29/100
|-enditem|p1a: Cinderace|Heavy-Duty Boots|[from] move: Knock Off|[of] p2a: Weavile
|
|upkeep
|turn|3
|
|t:|1781218323
|switch|p2a: Garchomp|Garchomp, M|100/100
|move|p1a: Cinderace|U-turn|p2a: Garchomp
|-start|p1a: Cinderace|typechange|Bug|[from] ability: Libero
|-damage|p2a: Garchomp|64/100
|-damage|p1a: Cinderace|16/100|[from] ability: Rough Skin|[of] p2a: Garchomp
|
|t:|1781218326
|switch|p1a: Enamorus|Enamorus, F|100/100|[from] U-turn
|
|upkeep
|turn|4
|
|t:|1781218329
|switch|p2a: Primarina|Primarina, F, shiny|100/100
|move|p1a: Enamorus|Earth Power|p2a: Primarina
|-damage|p2a: Primarina|69/100
|
|-heal|p2a: Primarina|75/100|[from] item: Leftovers
|upkeep
|turn|5
|j| Iggy Sent Me
|
|t:|1781218337
|switch|p1a: Cinderace|Cinderace, M|16/100
|move|p2a: Primarina|Draining Kiss|p1a: Cinderace
|-resisted|p1a: Cinderace
|-damage|p1a: Cinderace|0 fnt
|-heal|p2a: Primarina|85/100|[from] drain|[of] p1a: Cinderace
|faint|p1a: Cinderace
|
|-heal|p2a: Primarina|91/100|[from] item: Leftovers
|upkeep
|j| wipe your nose
|
|t:|1781218343
|switch|p1a: Ogerpon|Ogerpon-Wellspring, F|20/100
|turn|6
|
|t:|1781218347
|switch|p2a: Garchomp|Garchomp, M|64/100
|move|p1a: Ogerpon|Swords Dance|p1a: Ogerpon
|-boost|p1a: Ogerpon|atk|2
|
|upkeep
|turn|7
|
|t:|1781218349
|move|p2a: Garchomp|Earthquake|p1a: Ogerpon
|-resisted|p1a: Ogerpon
|-damage|p1a: Ogerpon|0 fnt
|faint|p1a: Ogerpon
|
|upkeep
|
|t:|1781218353
|switch|p1a: Dragonite|Dragonite, F|100/100
|turn|8
|
|t:|1781218358
|switch|p2a: Weezing|Weezing-Galar, M, shiny|100/100
|switch|p1a: Enamorus|Enamorus, F|100/100
|
|upkeep
|turn|9
|
|t:|1781218367
|switch|p2a: Heatran|Heatran, M|100/100
|move|p1a: Enamorus|Moonblast|p2a: Heatran
|-resisted|p2a: Heatran
|-damage|p2a: Heatran|92/100
|
|upkeep
|turn|10
|
|t:|1781218372
|move|p1a: Enamorus|Moonblast|p2a: Heatran
|-resisted|p2a: Heatran
|-damage|p2a: Heatran|84/100
|move|p2a: Heatran|Flash Cannon|p1a: Enamorus
|-supereffective|p1a: Enamorus
|-damage|p1a: Enamorus|0 fnt
|faint|p1a: Enamorus
|
|upkeep
|
|t:|1781218376
|switch|p1a: Dragonite|Dragonite, F|100/100
|turn|11
|
|t:|1781218380
|switch|p2a: Weezing|Weezing-Galar, M, shiny|100/100
|move|p1a: Dragonite|Dragon Dance|p1a: Dragonite
|-boost|p1a: Dragonite|atk|1
|-boost|p1a: Dragonite|spe|1
|
|upkeep
|turn|12
|
|t:|1781218384
|move|p1a: Dragonite|Ice Spinner|p2a: Weezing
|-damage|p2a: Weezing|71/100
|move|p2a: Weezing|Will-O-Wisp|p1a: Dragonite|[miss]
|-miss|p2a: Weezing|p1a: Dragonite
|
|-heal|p2a: Weezing|77/100|[from] item: Black Sludge
|upkeep
|turn|13
|
|t:|1781218393
|move|p1a: Dragonite|Ice Spinner|p2a: Weezing
|-damage|p2a: Weezing|47/100
|move|p2a: Weezing|Will-O-Wisp|p1a: Dragonite
|-status|p1a: Dragonite|brn
|
|-heal|p2a: Weezing|53/100|[from] item: Black Sludge
|-damage|p1a: Dragonite|94/100 brn|[from] brn
|upkeep
|turn|14
|
|t:|1781218396
|move|p1a: Dragonite|Ice Spinner|p2a: Weezing
|-damage|p2a: Weezing|38/100
|move|p2a: Weezing|Pain Split|p1a: Dragonite
|-sethp|p1a: Dragonite|67/100 brn|[from] move: Pain Split|[silent]
|-sethp|p2a: Weezing|65/100|[from] move: Pain Split
|
|-heal|p2a: Weezing|71/100|[from] item: Black Sludge
|-damage|p1a: Dragonite|61/100 brn|[from] brn
|upkeep
|turn|15
|
|t:|1781218400
|move|p1a: Dragonite|Ice Spinner|p2a: Weezing
|-damage|p2a: Weezing|56/100
|move|p2a: Weezing|Strange Steam|p1a: Dragonite
|-supereffective|p1a: Dragonite
|-damage|p1a: Dragonite|0 fnt
|faint|p1a: Dragonite
|
|-heal|p2a: Weezing|62/100|[from] item: Black Sludge
|upkeep
|
|t:|1781218410
|switch|p1a: Kingambit|Kingambit, F|100/100
|-activate|p1a: Kingambit|ability: Supreme Overlord
|-start|p1a: Kingambit|fallen4|[silent]
|turn|16
|
|t:|1781218414
|move|p2a: Weezing|Will-O-Wisp|p1a: Kingambit
|-status|p1a: Kingambit|brn
|move|p1a: Kingambit|Iron Head|p2a: Weezing
|-supereffective|p2a: Weezing
|-damage|p2a: Weezing|16/100
|
|-heal|p2a: Weezing|22/100|[from] item: Black Sludge
|-damage|p1a: Kingambit|94/100 brn|[from] brn
|upkeep
|turn|17
|
|t:|1781218418
|move|p2a: Weezing|Pain Split|p1a: Kingambit
|-sethp|p1a: Kingambit|56/100 brn|[from] move: Pain Split|[silent]
|-sethp|p2a: Weezing|68/100|[from] move: Pain Split
|move|p1a: Kingambit|Swords Dance|p1a: Kingambit
|-boost|p1a: Kingambit|atk|2
|
|-heal|p2a: Weezing|74/100|[from] item: Black Sludge
|-damage|p1a: Kingambit|50/100 brn|[from] brn
|upkeep
|turn|18
|
|t:|1781218422
|move|p2a: Weezing|Strange Steam|p1a: Kingambit
|-damage|p1a: Kingambit|25/100 brn
|move|p1a: Kingambit|Swords Dance|p1a: Kingambit
|-boost|p1a: Kingambit|atk|2
|
|-heal|p2a: Weezing|80/100|[from] item: Black Sludge
|-damage|p1a: Kingambit|19/100 brn|[from] brn
|upkeep
|turn|19
|
|t:|1781218424
|move|p2a: Weezing|Strange Steam|p1a: Kingambit
|-damage|p1a: Kingambit|0 fnt
|faint|p1a: Kingambit
|-end|p1a: Kingambit|fallen4|[silent]
|
|-heal|p2a: Weezing|86/100|[from] item: Black Sludge
|upkeep
|
|t:|1781218427
|switch|p1a: Deoxys|Deoxys-Defense|100/100
|-ability|p1a: Deoxys|Pressure
|turn|20
|
|t:|1781218433
|move|p1a: Deoxys|Cosmic Power|p1a: Deoxys
|-boost|p1a: Deoxys|def|1
|-boost|p1a: Deoxys|spd|1
|move|p2a: Weezing|Will-O-Wisp|p1a: Deoxys
|-status|p1a: Deoxys|brn
|
|-heal|p2a: Weezing|92/100|[from] item: Black Sludge
|-damage|p1a: Deoxys|94/100 brn|[from] brn
|upkeep
|turn|21
|
|t:|1781218438
|switch|p2a: Weavile|Weavile, M|2/100
|-ability|p2a: Weavile|Pressure
|move|p1a: Deoxys|Cosmic Power|p1a: Deoxys
|-boost|p1a: Deoxys|def|1
|-boost|p1a: Deoxys|spd|1
|
|-damage|p1a: Deoxys|88/100 brn|[from] brn
|upkeep
|turn|22
|
|t:|1781218445
|move|p2a: Weavile|Knock Off|p1a: Deoxys
|-supereffective|p1a: Deoxys
|-damage|p1a: Deoxys|54/100 brn
|-enditem|p1a: Deoxys|Weakness Policy
|-boost|p1a: Deoxys|atk|2|[from] item: Weakness Policy
|-boost|p1a: Deoxys|spa|2|[from] item: Weakness Policy
|move|p1a: Deoxys|Low Sweep|p2a: Weavile
|-supereffective|p2a: Weavile
|-damage|p2a: Weavile|0 fnt
|faint|p2a: Weavile
|
|-damage|p1a: Deoxys|48/100 brn|[from] brn
|upkeep
|
|t:|1781218455
|switch|p2a: Primarina|Primarina, F, shiny|91/100
|turn|23
|
|t:|1781218458
|move|p1a: Deoxys|Recover|p1a: Deoxys
|-heal|p1a: Deoxys|98/100 brn
|move|p2a: Primarina|Calm Mind|p2a: Primarina
|-boost|p2a: Primarina|spa|1
|-boost|p2a: Primarina|spd|1
|
|-heal|p2a: Primarina|97/100|[from] item: Leftovers
|-damage|p1a: Deoxys|91/100 brn|[from] brn
|upkeep
|turn|24
|
|t:|1781218462
|move|p1a: Deoxys|Cosmic Power|p1a: Deoxys
|-boost|p1a: Deoxys|def|1
|-boost|p1a: Deoxys|spd|1
|move|p2a: Primarina|Calm Mind|p2a: Primarina
|-boost|p2a: Primarina|spa|1
|-boost|p2a: Primarina|spd|1
|
|-heal|p2a: Primarina|100/100|[from] item: Leftovers
|-damage|p1a: Deoxys|85/100 brn|[from] brn
|upkeep
|turn|25
|
|t:|1781218465
|move|p1a: Deoxys|Cosmic Power|p1a: Deoxys
|-boost|p1a: Deoxys|def|1
|-boost|p1a: Deoxys|spd|1
|move|p2a: Primarina|Calm Mind|p2a: Primarina
|-boost|p2a: Primarina|spa|1
|-boost|p2a: Primarina|spd|1
|
|-damage|p1a: Deoxys|79/100 brn|[from] brn
|upkeep
|turn|26
|
|t:|1781218469
|move|p1a: Deoxys|Cosmic Power|p1a: Deoxys
|-boost|p1a: Deoxys|def|1
|-boost|p1a: Deoxys|spd|1
|move|p2a: Primarina|Calm Mind|p2a: Primarina
|-boost|p2a: Primarina|spa|1
|-boost|p2a: Primarina|spd|1
|
|-damage|p1a: Deoxys|73/100 brn|[from] brn
|upkeep
|turn|27
|
|t:|1781218471
|move|p1a: Deoxys|Stored Power|p2a: Primarina
|-damage|p2a: Primarina|56/100
|move|p2a: Primarina|Calm Mind|p2a: Primarina
|-boost|p2a: Primarina|spa|1
|-boost|p2a: Primarina|spd|1
|
|-heal|p2a: Primarina|62/100|[from] item: Leftovers
|-damage|p1a: Deoxys|66/100 brn|[from] brn
|upkeep
|turn|28
|
|t:|1781218474
|move|p1a: Deoxys|Stored Power|p2a: Primarina
|-damage|p2a: Primarina|28/100
|move|p2a: Primarina|Draining Kiss|p1a: Deoxys
|-damage|p1a: Deoxys|47/100 brn
|-heal|p2a: Primarina|40/100|[from] drain|[of] p1a: Deoxys
|
|-heal|p2a: Primarina|46/100|[from] item: Leftovers
|-damage|p1a: Deoxys|41/100 brn|[from] brn
|upkeep
|turn|29
|
|t:|1781218481
|-terastallize|p1a: Deoxys|Poison
|move|p1a: Deoxys|Recover|p1a: Deoxys
|-heal|p1a: Deoxys|91/100 brn
|move|p2a: Primarina|Draining Kiss|p1a: Deoxys
|-resisted|p1a: Deoxys
|-damage|p1a: Deoxys|81/100 brn
|-heal|p2a: Primarina|52/100|[from] drain|[of] p1a: Deoxys
|
|-heal|p2a: Primarina|58/100|[from] item: Leftovers
|-damage|p1a: Deoxys|75/100 brn|[from] brn
|upkeep
|turn|30
|
|t:|1781218485
|move|p1a: Deoxys|Stored Power|p2a: Primarina
|-damage|p2a: Primarina|23/100
|move|p2a: Primarina|Sparkling Aria|p1a: Deoxys
|-damage|p1a: Deoxys|25/100 brn
|-curestatus|p1a: Deoxys|brn|[msg]
|
|-heal|p2a: Primarina|29/100|[from] item: Leftovers
|upkeep
|turn|31
|
|t:|1781218493
|move|p1a: Deoxys|Recover|p1a: Deoxys
|-heal|p1a: Deoxys|75/100
|move|p2a: Primarina|Sparkling Aria|p1a: Deoxys
|-damage|p1a: Deoxys|26/100
|
|-heal|p2a: Primarina|35/100|[from] item: Leftovers
|upkeep
|turn|32
|
|t:|1781218497
|move|p1a: Deoxys|Stored Power|p2a: Primarina
|-damage|p2a: Primarina|1/100
|move|p2a: Primarina|Sparkling Aria|p1a: Deoxys
|-damage|p1a: Deoxys|0 fnt
|faint|p1a: Deoxys
|
|win|isaac_gam3r
|raw|blackgokuking's rating: 1744 &rarr; <strong>1727</strong><br />(-17 for losing)
|raw|isaac_gam3r's rating: 1804 &rarr; <strong>1821</strong><br />(+17 for winning)
|l|☆blackgokuking
|player|p1|
|l|☆isaac_gam3r
|player|p2|
|l| Iggy Sent Me
