|j|‽zippitytippity
|j|☆Miurez
|t:|1780903673
|gametype|singles
|player|p1|zippitytippity|cynthia-masters4|1715
|player|p2|Miurez|pokemonranger-gen4|1786
|gen|9
|tier|[Gen 9] OU
|rated|
|rule|HP Percentage Mod: HP is shown in percentages
|rule|Endless Battle Clause: Forcing endless battles is banned
|rule|Species Clause: Limit one of each Pokémon
|rule|OHKO Clause: OHKO moves are banned
|rule|Evasion Items Clause: Evasion items are banned
|rule|Evasion Moves Clause: Evasion moves are banned
|rule|Evasion Abilities Clause: Evasion abilities are banned
|rule|Sleep Moves Clause: Sleep-inducing moves are banned
|clearpoke
|poke|p1|Hoopa-Unbound|
|poke|p1|Pecharunt|
|poke|p1|Landorus-Therian, M|
|poke|p1|Cinderace, M|
|poke|p1|Alomomola, M|
|poke|p1|Iron Valiant|
|poke|p2|Iron Moth|
|poke|p2|Gliscor, F|
|poke|p2|Hatterene, F|
|poke|p2|Ogerpon-Wellspring, F|
|poke|p2|Raging Bolt|
|poke|p2|Zamazenta-*|
|teampreview
|inactive|Battle timer is ON: inactive players will automatically lose when time's up. (requested by zippitytippity)
|
|t:|1780903703
|teamsize|p1|6
|teamsize|p2|6
|start
|switch|p1a: Hoopa|Hoopa-Unbound|100/100
|switch|p2a: Zamazenta|Zamazenta|100/100
|-ability|p2a: Zamazenta|Dauntless Shield|boost
|-boost|p2a: Zamazenta|def|1
|turn|1
|inactive|zippitytippity has 120 seconds left.
|
|t:|1780903751
|switch|p1a: Pecharunt|Pecharunt|100/100
|move|p2a: Zamazenta|Close Combat|p1a: Pecharunt
|-immune|p1a: Pecharunt
|
|upkeep
|turn|2
|
|t:|1780903760
|switch|p2a: Gliscor|Gliscor, F|100/100
|move|p1a: Pecharunt|Parting Shot|p2a: Gliscor
|-unboost|p2a: Gliscor|atk|1
|-unboost|p2a: Gliscor|spa|1
|
|t:|1780903768
|switch|p1a: Hoopa|Hoopa-Unbound|100/100|[from] Parting Shot
|
|-status|p2a: Gliscor|tox|[from] item: Toxic Orb
|upkeep
|turn|3
|
|t:|1780903774
|switch|p2a: Zamazenta|Zamazenta|100/100
|move|p1a: Hoopa|Hyperspace Fury|p2a: Zamazenta
|-resisted|p2a: Zamazenta
|-damage|p2a: Zamazenta|61/100
|-unboost|p1a: Hoopa|def|1
|
|upkeep
|turn|4
|
|t:|1780903783
|switch|p1a: Landorus|Landorus-Therian, M, shiny|100/100
|-ability|p1a: Landorus|Intimidate|boost
|-unboost|p2a: Zamazenta|atk|1
|move|p2a: Zamazenta|Ice Fang|p1a: Landorus
|-supereffective|p1a: Landorus
|-damage|p1a: Landorus|38/100
|
|upkeep
|turn|5
|
|t:|1780903795
|move|p1a: Landorus|U-turn|p2a: Zamazenta
|-resisted|p2a: Zamazenta
|-damage|p2a: Zamazenta|51/100
|
|t:|1780903799
|switch|p1a: Pecharunt|Pecharunt|100/100|[from] U-turn
|move|p2a: Zamazenta|Ice Fang|p1a: Pecharunt
|-damage|p1a: Pecharunt|95/100
|
|upkeep
|turn|6
|
|t:|1780903805
|switch|p2a: Gliscor|Gliscor, F|100/100 tox
|move|p1a: Pecharunt|Parting Shot|p2a: Gliscor
|-unboost|p2a: Gliscor|atk|1
|-unboost|p2a: Gliscor|spa|1
|
|t:|1780903807
|switch|p1a: Hoopa|Hoopa-Unbound|100/100|[from] Parting Shot
|
|upkeep
|turn|7
|
|t:|1780903814
|switch|p2a: Zamazenta|Zamazenta|51/100
|move|p1a: Hoopa|Zen Headbutt|p2a: Zamazenta
|-supereffective|p2a: Zamazenta
|-damage|p2a: Zamazenta|0 fnt
|faint|p2a: Zamazenta
|
|upkeep
|inactive|Miurez has 120 seconds left.
|
|t:|1780903851
|switch|p2a: Hatterene|Hatterene, F|100/100
|turn|8
|inactive|zippitytippity has 120 seconds left.
|
|t:|1780903907
|switch|p1a: Alomomola|Alomomola, M, shiny|100/100
|move|p2a: Hatterene|Calm Mind|p2a: Hatterene
|-boost|p2a: Hatterene|spa|1
|-boost|p2a: Hatterene|spd|1
|
|upkeep
|turn|9
|
|t:|1780903911
|move|p1a: Alomomola|Flip Turn|p2a: Hatterene
|-damage|p2a: Hatterene|87/100
|
|t:|1780903914
|switch|p1a: Hoopa|Hoopa-Unbound|100/100|[from] Flip Turn
|move|p2a: Hatterene|Calm Mind|p2a: Hatterene
|-boost|p2a: Hatterene|spa|1
|-boost|p2a: Hatterene|spd|1
|
|-heal|p2a: Hatterene|93/100|[from] item: Leftovers
|upkeep
|turn|10
|
|t:|1780903917
|-terastallize|p1a: Hoopa|Dark
|move|p1a: Hoopa|Hyperspace Fury|p2a: Hatterene
|-damage|p2a: Hatterene|0 fnt
|-unboost|p1a: Hoopa|def|1
|faint|p2a: Hatterene
|
|upkeep
|
|t:|1780903929
|switch|p2a: Ogerpon|Ogerpon-Wellspring, F|100/100
|turn|11
|
|t:|1780903935
|switch|p1a: Pecharunt|Pecharunt|95/100
|move|p2a: Ogerpon|Ivy Cudgel|p1a: Pecharunt|[anim] Ivy Cudgel Water
|-damage|p1a: Pecharunt|66/100
|
|upkeep
|turn|12
|
|t:|1780903945
|move|p2a: Ogerpon|Swords Dance|p2a: Ogerpon
|-boost|p2a: Ogerpon|atk|2
|move|p1a: Pecharunt|Malignant Chain|p2a: Ogerpon
|-supereffective|p2a: Ogerpon
|-damage|p2a: Ogerpon|32/100
|
|upkeep
|turn|13
|
|t:|1780903960
|move|p2a: Ogerpon|Ivy Cudgel|p1a: Pecharunt|[anim] Ivy Cudgel Water
|-damage|p1a: Pecharunt|4/100
|move|p1a: Pecharunt|Malignant Chain|p2a: Ogerpon
|-supereffective|p2a: Ogerpon
|-damage|p2a: Ogerpon|0 fnt
|faint|p2a: Ogerpon
|
|upkeep
|
|t:|1780903965
|switch|p2a: Gliscor|Gliscor, F|100/100 tox
|turn|14
|
|t:|1780903978
|switch|p1a: Landorus|Landorus-Therian, M, shiny|38/100
|-ability|p1a: Landorus|Intimidate|boost
|-unboost|p2a: Gliscor|atk|1
|move|p2a: Gliscor|Swords Dance|p2a: Gliscor
|-boost|p2a: Gliscor|atk|2
|
|upkeep
|turn|15
|
|t:|1780903998
|move|p1a: Landorus|Stone Edge|p2a: Gliscor
|-crit|p2a: Gliscor
|-damage|p2a: Gliscor|48/100 tox
|move|p2a: Gliscor|Swords Dance|p2a: Gliscor
|-boost|p2a: Gliscor|atk|2
|
|-heal|p2a: Gliscor|61/100 tox|[from] ability: Poison Heal
|upkeep
|turn|16
|inactive|zippitytippity has 120 seconds left.
|inactive|zippitytippity has 90 seconds left.
|
|t:|1780904071
|move|p1a: Landorus|Stone Edge|p2a: Gliscor
|-damage|p2a: Gliscor|27/100 tox
|move|p2a: Gliscor|Agility|p2a: Gliscor
|-boost|p2a: Gliscor|spe|2
|
|-heal|p2a: Gliscor|39/100 tox|[from] ability: Poison Heal
|upkeep
|turn|17
|inactive|Miurez has 120 seconds left.
|
|t:|1780904110
|switch|p1a: Pecharunt|Pecharunt|4/100
|move|p2a: Gliscor|Facade|p1a: Pecharunt
|-immune|p1a: Pecharunt
|
|-heal|p2a: Gliscor|52/100 tox|[from] ability: Poison Heal
|upkeep
|turn|18
|inactive|Miurez has 120 seconds left.
|
|t:|1780904119
|switch|p1a: Landorus|Landorus-Therian, M, shiny|38/100
|-ability|p1a: Landorus|Intimidate|boost
|-unboost|p2a: Gliscor|atk|1
|move|p2a: Gliscor|Agility|p2a: Gliscor
|-boost|p2a: Gliscor|spe|2
|
|-heal|p2a: Gliscor|64/100 tox|[from] ability: Poison Heal
|upkeep
|turn|19
|
|t:|1780904125
|move|p2a: Gliscor|Facade|p1a: Landorus
|-damage|p1a: Landorus|0 fnt
|faint|p1a: Landorus
|
|-heal|p2a: Gliscor|76/100 tox|[from] ability: Poison Heal
|upkeep
|inactive|zippitytippity has 90 seconds left.
|
|t:|1780904149
|switch|p1a: Iron Valiant|Iron Valiant, shiny|100/100
|turn|20
|
|t:|1780904155
|move|p2a: Gliscor|Facade|p1a: Iron Valiant
|-damage|p1a: Iron Valiant|0 fnt
|faint|p1a: Iron Valiant
|-end|p1a: Iron Valiant|Quark Drive|[silent]
|
|-heal|p2a: Gliscor|89/100 tox|[from] ability: Poison Heal
|upkeep
|inactive|zippitytippity has 90 seconds left.
|-message|zippitytippity forfeited.
|
|win|Miurez
|raw|zippitytippity's rating: 1715 &rarr; <strong>1699</strong><br />(-16 for losing)
|raw|Miurez's rating: 1786 &rarr; <strong>1802</strong><br />(+16 for winning)
|l|‽zippitytippity
|player|p1|
|l|☆Miurez
|player|p2|
