|j|☆ChessDennis
|j|☆zokua
|t:|1780927319
|gametype|singles
|player|p1|ChessDennis|265|1528
|player|p2|zokua|volkner|1498
|gen|9
|tier|[Gen 9] OU
|rated|
|rule|HP Percentage Mod: HP is shown in percentages
|rule|Endless Battle Clause: Forcing endless battles is banned
|rule|Species Clause: Limit one of each Pokémon
|rule|OHKO Clause: OHKO moves are banned
|rule|Evasion Items Clause: Evasion items are banned
|rule|Evasion Moves Clause: Evasion moves are banned
|rule|Evasion Abilities Clause: Evasion abilities are banned
|rule|Sleep Moves Clause: Sleep-inducing moves are banned
|clearpoke
|poke|p1|Ninetales-Alola, F|
|poke|p1|Iron Crown|
|poke|p1|Corviknight, M|
|poke|p1|Ursaluna, F|
|poke|p1|Alomomola, F|
|poke|p1|Hatterene, F|
|poke|p2|Ting-Lu|
|poke|p2|Gliscor, M|
|poke|p2|Sinistcha-Masterpiece|
|poke|p2|Keldeo|
|poke|p2|Tinkaton, F|
|poke|p2|Dragonite, M|
|teampreview
|inactive|Battle timer is ON: inactive players will automatically lose when time's up. (requested by zokua)
|
|t:|1780927330
|teamsize|p1|6
|teamsize|p2|6
|start
|switch|p1a: Alomomola|Alomomola, F|100/100
|switch|p2a: Tinkki Minaj|Tinkaton, F|100/100
|-ability|p2a: Tinkki Minaj|Mold Breaker
|-item|p2a: Tinkki Minaj|Air Balloon
|turn|1
|
|t:|1780927341
|move|p2a: Tinkki Minaj|Thunder Wave|p1a: Alomomola
|-status|p1a: Alomomola|par
|cant|p1a: Alomomola|par
|
|upkeep
|turn|2
|
|t:|1780927344
|move|p2a: Tinkki Minaj|Stealth Rock|p1a: Alomomola
|-sidestart|p1: ChessDennis|move: Stealth Rock
|move|p1a: Alomomola|Flip Turn|p2a: Tinkki Minaj
|-damage|p2a: Tinkki Minaj|62/100
|-enditem|p2a: Tinkki Minaj|Air Balloon
|
|t:|1780927348
|switch|p1a: Ursaluna|Ursaluna, F|100/100|[from] Flip Turn
|-damage|p1a: Ursaluna|94/100|[from] Stealth Rock
|
|-status|p1a: Ursaluna|brn|[from] item: Flame Orb
|upkeep
|turn|3
|
|t:|1780927370
|move|p2a: Tinkki Minaj|Gigaton Hammer|p1a: Ursaluna
|-damage|p1a: Ursaluna|61/100 brn
|move|p1a: Ursaluna|Facade|p2a: Tinkki Minaj
|-resisted|p2a: Tinkki Minaj
|-damage|p2a: Tinkki Minaj|4/100
|
|-damage|p1a: Ursaluna|55/100 brn|[from] brn
|upkeep
|turn|4
|inactive|zokua has 120 seconds left.
|
|t:|1780927391
|move|p2a: Tinkki Minaj|Encore|p1a: Ursaluna
|-start|p1a: Ursaluna|Encore
|move|p1a: Ursaluna|Facade|p2a: Tinkki Minaj
|-resisted|p2a: Tinkki Minaj
|-damage|p2a: Tinkki Minaj|0 fnt
|faint|p2a: Tinkki Minaj
|
|-damage|p1a: Ursaluna|49/100 brn|[from] brn
|upkeep
|
|t:|1780927394
|switch|p2a: Tchavis Scott|Sinistcha-Masterpiece|100/100
|turn|5
|
|t:|1780927399
|switch|p1a: Ninetales|Ninetales-Alola, F|100/100
|-damage|p1a: Ninetales|76/100|[from] Stealth Rock
|-weather|Snowscape|[from] ability: Snow Warning|[of] p1a: Ninetales
|move|p2a: Tchavis Scott|Calm Mind|p2a: Tchavis Scott
|-boost|p2a: Tchavis Scott|spa|1
|-boost|p2a: Tchavis Scott|spd|1
|
|-weather|Snowscape|[upkeep]
|upkeep
|turn|6
|
|t:|1780927403
|switch|p2a: Jarhead|Ting-Lu|100/100
|-ability|p2a: Jarhead|Vessel of Ruin
|move|p1a: Ninetales|Blizzard|p2a: Jarhead
|-supereffective|p2a: Jarhead
|-damage|p2a: Jarhead|60/100
|
|-weather|Snowscape|[upkeep]
|-heal|p2a: Jarhead|66/100|[from] item: Leftovers
|upkeep
|turn|7
|
|t:|1780927407
|move|p1a: Ninetales|Blizzard|p2a: Jarhead
|-supereffective|p2a: Jarhead
|-damage|p2a: Jarhead|27/100
|move|p2a: Jarhead|Whirlwind|p1a: Ninetales
|drag|p1a: Alomomola|Alomomola, F|100/100 par
|-damage|p1a: Alomomola|88/100 par|[from] Stealth Rock
|
|-weather|Snowscape|[upkeep]
|-heal|p2a: Jarhead|34/100|[from] item: Leftovers
|upkeep
|turn|8
|
|t:|1780927410
|move|p2a: Jarhead|Spikes|p1a: Alomomola
|-sidestart|p1: ChessDennis|Spikes
|move|p1a: Alomomola|Flip Turn|p2a: Jarhead
|-supereffective|p2a: Jarhead
|-damage|p2a: Jarhead|0 fnt
|faint|p2a: Jarhead
|
|t:|1780927419
|switch|p1a: Ninetales|Ninetales-Alola, F|76/100|[from] Flip Turn
|-damage|p1a: Ninetales|51/100|[from] Stealth Rock
|-damage|p1a: Ninetales|39/100|[from] Spikes
|
|-weather|Snowscape|[upkeep]
|upkeep
|
|t:|1780927442
|switch|p2a: Secret Service|Dragonite, M|100/100
|turn|9
|
|t:|1780927447
|move|p2a: Secret Service|Extreme Speed|p1a: Ninetales
|-damage|p1a: Ninetales|12/100
|move|p1a: Ninetales|Blizzard|p2a: Secret Service
|-supereffective|p2a: Secret Service
|-damage|p2a: Secret Service|22/100
|
|-weather|none
|upkeep
|turn|10
|
|t:|1780927453
|move|p2a: Secret Service|Extreme Speed|p1a: Ninetales
|-damage|p1a: Ninetales|0 fnt
|faint|p1a: Ninetales
|
|upkeep
|
|t:|1780927454
|switch|p1a: Corviknight|Corviknight, M|100/100
|-damage|p1a: Corviknight|88/100|[from] Stealth Rock
|-ability|p1a: Corviknight|Pressure
|turn|11
|
|t:|1780927473
|move|p2a: Secret Service|Roost|p2a: Secret Service
|-heal|p2a: Secret Service|72/100
|-singleturn|p2a: Secret Service|move: Roost
|move|p1a: Corviknight|Bulk Up|p1a: Corviknight
|-boost|p1a: Corviknight|atk|1
|-boost|p1a: Corviknight|def|1
|
|upkeep
|turn|12
|
|t:|1780927479
|move|p1a: Corviknight|Bulk Up|p1a: Corviknight
|-boost|p1a: Corviknight|atk|1
|-boost|p1a: Corviknight|def|1
|move|p2a: Secret Service|Dragon Tail|p1a: Corviknight
|-resisted|p1a: Corviknight
|-damage|p1a: Corviknight|82/100
|drag|p1a: Alomomola|Alomomola, F|100/100 par
|-damage|p1a: Alomomola|88/100 par|[from] Stealth Rock
|-damage|p1a: Alomomola|76/100 par|[from] Spikes
|
|upkeep
|turn|13
|
|t:|1780927489
|switch|p2a: My Little Pwny|Keldeo|100/100
|move|p1a: Alomomola|Wish|p1a: Alomomola
|
|upkeep
|turn|14
|
|t:|1780927512
|switch|p1a: Hatterene|Hatterene, F|100/100
|move|p2a: My Little Pwny|Surf|p1a: Hatterene
|-damage|p1a: Hatterene|47/100
|
|-heal|p1a: Hatterene|100/100|[from] move: Wish|[wisher] Alomomola
|upkeep
|turn|15
|
|t:|1780927521
|move|p2a: My Little Pwny|Flip Turn|p1a: Hatterene
|-damage|p1a: Hatterene|84/100
|inactive|zokua has 120 seconds left.
|
|t:|1780927560
|switch|p2a: Dance Armstrong|Gliscor, M|100/100|[from] Flip Turn
|move|p1a: Hatterene|Trick Room|p1a: Hatterene
|-fieldstart|move: Trick Room|[of] p1a: Hatterene
|
|-status|p2a: Dance Armstrong|tox|[from] item: Toxic Orb
|upkeep
|turn|16
|
|t:|1780927575
|switch|p1a: Corviknight|Corviknight, M|82/100
|-damage|p1a: Corviknight|69/100|[from] Stealth Rock
|-ability|p1a: Corviknight|Pressure
|move|p2a: Dance Armstrong|Facade|p1a: Corviknight
|-resisted|p1a: Corviknight
|-damage|p1a: Corviknight|57/100
|
|upkeep
|turn|17
|
|t:|1780927578
|move|p1a: Corviknight|Defog|p2a: Dance Armstrong
|-unboost|p2a: Dance Armstrong|evasion|1
|-sideend|p1: ChessDennis|Spikes|[from] move: Defog|[of] p1a: Corviknight
|-sideend|p1: ChessDennis|Stealth Rock|[from] move: Defog|[of] p1a: Corviknight
|move|p2a: Dance Armstrong|Knock Off|p1a: Corviknight
|-damage|p1a: Corviknight|40/100
|-enditem|p1a: Corviknight|Weakness Policy|[from] move: Knock Off|[of] p2a: Dance Armstrong
|
|upkeep
|turn|18
|
|t:|1780927585
|switch|p1a: Ursaluna|Ursaluna, F|49/100 brn
|move|p2a: Dance Armstrong|Swords Dance|p2a: Dance Armstrong
|-boost|p2a: Dance Armstrong|atk|2
|
|-damage|p1a: Ursaluna|42/100 brn|[from] brn
|upkeep
|turn|19
|
|t:|1780927589
|move|p2a: Dance Armstrong|Protect|p2a: Dance Armstrong
|-singleturn|p2a: Dance Armstrong|Protect
|move|p1a: Ursaluna|Facade|p2a: Dance Armstrong
|-activate|p2a: Dance Armstrong|move: Protect
|
|-damage|p1a: Ursaluna|36/100 brn|[from] brn
|-fieldend|move: Trick Room
|upkeep
|turn|20
|inactive|zokua has 120 seconds left.
|
|t:|1780927632
|-terastallize|p1a: Ursaluna|Ghost
|move|p2a: Dance Armstrong|Facade|p1a: Ursaluna
|-immune|p1a: Ursaluna
|move|p1a: Ursaluna|Facade|p2a: Dance Armstrong
|-damage|p2a: Dance Armstrong|8/100 tox
|
|-heal|p2a: Dance Armstrong|21/100 tox|[from] ability: Poison Heal
|-damage|p1a: Ursaluna|30/100 brn|[from] brn
|upkeep
|turn|21
|
|t:|1780927641
|switch|p1a: Alomomola|Alomomola, F|100/100 par
|move|p2a: Dance Armstrong|Knock Off|p1a: Alomomola
|-crit|p1a: Alomomola
|-damage|p1a: Alomomola|41/100 par
|-enditem|p1a: Alomomola|Choice Band|[from] move: Knock Off|[of] p2a: Dance Armstrong
|
|-heal|p2a: Dance Armstrong|33/100 tox|[from] ability: Poison Heal
|upkeep
|turn|22
|inactive|zokua has 120 seconds left.
|
|t:|1780927674
|cant|p1a: Alomomola|par
|move|p2a: Dance Armstrong|Facade|p1a: Alomomola
|-damage|p1a: Alomomola|0 fnt
|faint|p1a: Alomomola
|
|-heal|p2a: Dance Armstrong|46/100 tox|[from] ability: Poison Heal
|upkeep
|
|t:|1780927683
|switch|p1a: Iron Crown|Iron Crown|100/100
|turn|23
|
|t:|1780927689
|move|p2a: Dance Armstrong|Knock Off|p1a: Iron Crown
|-supereffective|p1a: Iron Crown
|-damage|p1a: Iron Crown|27/100
|-enditem|p1a: Iron Crown|Weakness Policy
|-boost|p1a: Iron Crown|atk|2|[from] item: Weakness Policy
|-boost|p1a: Iron Crown|spa|2|[from] item: Weakness Policy
|move|p1a: Iron Crown|Agility|p1a: Iron Crown
|-boost|p1a: Iron Crown|spe|2
|
|-heal|p2a: Dance Armstrong|58/100 tox|[from] ability: Poison Heal
|upkeep
|turn|24
|
|t:|1780927694
|move|p1a: Iron Crown|Stored Power|p2a: Dance Armstrong
|-damage|p2a: Dance Armstrong|0 fnt
|faint|p2a: Dance Armstrong
|
|upkeep
|
|t:|1780927696
|switch|p2a: My Little Pwny|Keldeo|100/100
|turn|25
|
|t:|1780927699
|move|p2a: My Little Pwny|Vacuum Wave|p1a: Iron Crown
|-damage|p1a: Iron Crown|10/100
|move|p1a: Iron Crown|Stored Power|p2a: My Little Pwny
|-supereffective|p2a: My Little Pwny
|-damage|p2a: My Little Pwny|0 fnt
|faint|p2a: My Little Pwny
|
|upkeep
|inactive|zokua has 120 seconds left.
|
|t:|1780927725
|switch|p2a: Secret Service|Dragonite, M|72/100
|turn|26
|
|t:|1780927728
|-terastallize|p2a: Secret Service|Normal
|move|p2a: Secret Service|Extreme Speed|p1a: Iron Crown
|-resisted|p1a: Iron Crown
|-damage|p1a: Iron Crown|0 fnt
|faint|p1a: Iron Crown
|-end|p1a: Iron Crown|Quark Drive|[silent]
|
|upkeep
|
|t:|1780927735
|switch|p1a: Hatterene|Hatterene, F|84/100
|turn|27
|
|t:|1780927740
|move|p2a: Secret Service|Extreme Speed|p1a: Hatterene
|-crit|p1a: Hatterene
|-damage|p1a: Hatterene|10/100
|move|p1a: Hatterene|Trick Room|p1a: Hatterene
|-fieldstart|move: Trick Room|[of] p1a: Hatterene
|
|upkeep
|turn|28
|inactive|zokua has 120 seconds left.
|
|t:|1780927783
|move|p2a: Secret Service|Extreme Speed|p1a: Hatterene
|-damage|p1a: Hatterene|0 fnt
|faint|p1a: Hatterene
|
|upkeep
|
|t:|1780927785
|switch|p1a: Ursaluna|Ursaluna, F, tera:Ghost|30/100 brn
|turn|29
|inactive|zokua has 120 seconds left.
|
|t:|1780927799
|move|p1a: Ursaluna|Rest|p1a: Ursaluna
|-status|p1a: Ursaluna|slp|[from] move: Rest
|-heal|p1a: Ursaluna|100/100 slp|[silent]
|move|p2a: Secret Service|Earthquake|p1a: Ursaluna
|-damage|p1a: Ursaluna|73/100 slp
|
|upkeep
|turn|30
|
|t:|1780927803
|cant|p1a: Ursaluna|slp
|move|p1a: Ursaluna|Sleep Talk|p1a: Ursaluna
|move|p1a: Ursaluna|Earthquake|p2a: Secret Service|[from] move: Sleep Talk
|-damage|p2a: Secret Service|1/100
|move|p2a: Secret Service|Dragon Tail|p1a: Ursaluna
|-damage|p1a: Ursaluna|50/100 slp
|drag|p1a: Corviknight|Corviknight, M|40/100
|-ability|p1a: Corviknight|Pressure
|
|upkeep
|turn|31
|
|t:|1780927811
|move|p2a: Secret Service|Extreme Speed|p1a: Corviknight
|-resisted|p1a: Corviknight
|-damage|p1a: Corviknight|19/100
|move|p1a: Corviknight|Power Trip|p2a: Secret Service
|-damage|p2a: Secret Service|0 fnt
|faint|p2a: Secret Service
|
|-fieldend|move: Trick Room
|upkeep
|
|t:|1780927825
|switch|p2a: Tchavis Scott|Sinistcha-Masterpiece|100/100
|turn|32
|
|t:|1780927828
|move|p1a: Corviknight|Agility|p1a: Corviknight
|-boost|p1a: Corviknight|spe|2
|move|p2a: Tchavis Scott|Shadow Ball|p1a: Corviknight
|-damage|p1a: Corviknight|0 fnt
|faint|p1a: Corviknight
|
|upkeep
|
|t:|1780927829
|switch|p1a: Ursaluna|Ursaluna, F, tera:Ghost|50/100 slp
|turn|33
|
|t:|1780927839
|move|p2a: Tchavis Scott|Shadow Ball|p1a: Ursaluna
|-supereffective|p1a: Ursaluna
|-damage|p1a: Ursaluna|2/100 slp
|cant|p1a: Ursaluna|slp
|move|p1a: Ursaluna|Sleep Talk|p1a: Ursaluna
|move|p1a: Ursaluna|Earthquake|p2a: Tchavis Scott|[from] move: Sleep Talk
|-resisted|p2a: Tchavis Scott
|-damage|p2a: Tchavis Scott|74/100
|
|upkeep
|turn|34
|
|t:|1780927842
|move|p2a: Tchavis Scott|Shadow Ball|p1a: Ursaluna
|-supereffective|p1a: Ursaluna
|-damage|p1a: Ursaluna|0 fnt
|faint|p1a: Ursaluna
|
|win|zokua
|raw|ChessDennis's rating: 1528 &rarr; <strong>1506</strong><br />(-22 for losing)
|raw|zokua's rating: 1498 &rarr; <strong>1520</strong><br />(+22 for winning)
|l|☆ChessDennis
|player|p1|
|l|☆zokua
|player|p2|
