|j|☆tauros3
|j|☆Hot Chipper
|t:|1781389492
|gametype|singles
|player|p1|tauros3|swimmer-gen4dp|1640
|player|p2|Hot Chipper|102|1630
|gen|9
|tier|[Gen 9] OU
|rated|
|rule|HP Percentage Mod: HP is shown in percentages
|rule|Endless Battle Clause: Forcing endless battles is banned
|rule|Species Clause: Limit one of each Pokémon
|rule|OHKO Clause: OHKO moves are banned
|rule|Evasion Items Clause: Evasion items are banned
|rule|Evasion Moves Clause: Evasion moves are banned
|rule|Evasion Abilities Clause: Evasion abilities are banned
|rule|Sleep Moves Clause: Sleep-inducing moves are banned
|clearpoke
|poke|p1|Ninetales-Alola, F|
|poke|p1|Kyurem|
|poke|p1|Moltres-Galar|
|poke|p1|Ursaluna, M|
|poke|p1|Diancie|
|poke|p1|Hatterene, F|
|poke|p2|Arcanine-Hisui, F|
|poke|p2|Rotom-Wash|
|poke|p2|Hatterene, F|
|poke|p2|Landorus-Therian, M|
|poke|p2|Pecharunt|
|poke|p2|Iron Treads|
|teampreview
|inactive|Battle timer is ON: inactive players will automatically lose when time's up. (requested by tauros3)
|
|t:|1781389506
|teamsize|p1|6
|teamsize|p2|6
|start
|switch|p1a: Pink Triangle|Hatterene, F|100/100
|switch|p2a: Landorus|Landorus-Therian, M|100/100
|-ability|p2a: Landorus|Intimidate|boost
|-unboost|p1a: Pink Triangle|atk|1
|turn|1
|
|t:|1781389519
|move|p2a: Landorus|U-turn|p1a: Pink Triangle
|-damage|p1a: Pink Triangle|71/100
|
|t:|1781389523
|switch|p2a: Hatterene|Hatterene, F|100/100|[from] U-turn
|move|p1a: Pink Triangle|Trick Room|p1a: Pink Triangle
|-fieldstart|move: Trick Room|[of] p1a: Pink Triangle
|
|upkeep
|turn|2
|
|t:|1781389539
|switch|p1a: El Scorcho|Ursaluna, M|100/100
|move|p2a: Hatterene|Psychic Noise|p1a: El Scorcho
|-damage|p1a: El Scorcho|70/100
|-start|p1a: El Scorcho|move: Heal Block
|
|-status|p1a: El Scorcho|brn|[from] item: Flame Orb
|upkeep
|turn|3
|
|t:|1781389552
|move|p2a: Hatterene|Draining Kiss|p1a: El Scorcho
|-damage|p1a: El Scorcho|52/100 brn
|move|p1a: El Scorcho|Facade|p2a: Hatterene
|-damage|p2a: Hatterene|0 fnt
|-damage|p1a: El Scorcho|35/100 brn|[from] item: Rocky Helmet|[of] p2a: Hatterene
|faint|p2a: Hatterene
|
|-damage|p1a: El Scorcho|29/100 brn|[from] brn
|-end|p1a: El Scorcho|move: Heal Block
|upkeep
|
|t:|1781389558
|switch|p2a: Landorus|Landorus-Therian, M|100/100
|-ability|p2a: Landorus|Intimidate|boost
|-unboost|p1a: El Scorcho|atk|1
|turn|4
|
|t:|1781389563
|switch|p2a: Pecharunt|Pecharunt|100/100
|move|p1a: El Scorcho|Facade|p2a: Pecharunt
|-immune|p2a: Pecharunt
|
|-damage|p1a: El Scorcho|23/100 brn|[from] brn
|upkeep
|turn|5
|
|t:|1781389569
|switch|p1a: Pink Triangle|Hatterene, F|71/100
|move|p2a: Pecharunt|Malignant Chain|p1a: Pink Triangle
|-supereffective|p1a: Pink Triangle
|-damage|p1a: Pink Triangle|9/100
|
|-fieldend|move: Trick Room
|upkeep
|turn|6
|
|t:|1781389574
|move|p2a: Pecharunt|Hex|p1a: Pink Triangle
|-supereffective|p1a: Pink Triangle
|-damage|p1a: Pink Triangle|0 fnt
|faint|p1a: Pink Triangle
|
|upkeep
|
|t:|1781389582
|switch|p1a: The Good Life|Ninetales-Alola, F|100/100
|-weather|Snowscape|[from] ability: Snow Warning|[of] p1a: The Good Life
|turn|7
|
|t:|1781389587
|move|p1a: The Good Life|Encore|p2a: Pecharunt
|-start|p2a: Pecharunt|Encore
|move|p2a: Pecharunt|Hex|p1a: The Good Life
|-damage|p1a: The Good Life|80/100
|
|-weather|Snowscape|[upkeep]
|upkeep
|turn|8
|
|t:|1781389590
|switch|p2a: Iron Treads|Iron Treads|100/100
|move|p1a: The Good Life|Aurora Veil|p1a: The Good Life
|-sidestart|p1: tauros3|move: Aurora Veil
|
|-weather|Snowscape|[upkeep]
|upkeep
|turn|9
|
|t:|1781389600
|switch|p1a: Butterfly|Moltres-Galar|100/100
|move|p2a: Iron Treads|Knock Off|p1a: Butterfly
|-resisted|p1a: Butterfly
|-damage|p1a: Butterfly|93/100
|-enditem|p1a: Butterfly|Sitrus Berry|[from] move: Knock Off|[of] p2a: Iron Treads
|
|-weather|Snowscape|[upkeep]
|upkeep
|turn|10
|
|t:|1781389606
|-end|p2a: Iron Treads|Quark Drive|[silent]
|switch|p2a: Rotom|Rotom-Wash|100/100
|move|p1a: Butterfly|Nasty Plot|p1a: Butterfly
|-boost|p1a: Butterfly|spa|2
|
|-weather|Snowscape|[upkeep]
|upkeep
|turn|11
|
|t:|1781389611
|move|p2a: Rotom|Trick|p1a: Butterfly
|-activate|p2a: Rotom|move: Trick|[of] p1a: Butterfly
|-item|p1a: Butterfly|Choice Scarf|[from] move: Trick
|-enditem|p2a: Rotom|Choice Scarf|[silent]|[from] move: Trick
|move|p1a: Butterfly|Fiery Wrath|p2a: Rotom
|-damage|p2a: Rotom|16/100
|
|-weather|none
|upkeep
|turn|12
|
|t:|1781389619
|move|p1a: Butterfly|Fiery Wrath|p2a: Rotom
|-damage|p2a: Rotom|0 fnt
|faint|p2a: Rotom
|
|upkeep
|
|t:|1781389640
|switch|p2a: Arcanine|Arcanine-Hisui, F|100/100
|turn|13
|
|t:|1781389648
|move|p1a: Butterfly|Fiery Wrath|p2a: Arcanine
|-damage|p2a: Arcanine|0 fnt
|faint|p2a: Arcanine
|
|upkeep
|
|t:|1781389651
|switch|p2a: Iron Treads|Iron Treads|100/100
|turn|14
|
|t:|1781389653
|move|p1a: Butterfly|Fiery Wrath|p2a: Iron Treads
|-damage|p2a: Iron Treads|56/100
|move|p2a: Iron Treads|Iron Head|p1a: Butterfly
|-damage|p1a: Butterfly|77/100
|
|upkeep
|turn|15
|
|t:|1781389660
|move|p1a: Butterfly|Fiery Wrath|p2a: Iron Treads
|-damage|p2a: Iron Treads|10/100
|move|p2a: Iron Treads|Iron Head|p1a: Butterfly
|-damage|p1a: Butterfly|60/100
|
|-sideend|p1: tauros3|move: Aurora Veil
|upkeep
|turn|16
|
|t:|1781389668
|move|p1a: Butterfly|Fiery Wrath|p2a: Iron Treads
|-damage|p2a: Iron Treads|0 fnt
|faint|p2a: Iron Treads
|-end|p2a: Iron Treads|Quark Drive|[silent]
|
|upkeep
|
|t:|1781389669
|switch|p2a: Landorus|Landorus-Therian, M|100/100
|-ability|p2a: Landorus|Intimidate|boost
|-unboost|p1a: Butterfly|atk|1
|turn|17
|
|t:|1781389674
|move|p2a: Landorus|Stone Edge|p1a: Butterfly
|-supereffective|p1a: Butterfly
|-crit|p1a: Butterfly
|-damage|p1a: Butterfly|0 fnt
|faint|p1a: Butterfly
|
|upkeep
|
|t:|1781389679
|switch|p1a: El Scorcho|Ursaluna, M|23/100 brn
|turn|18
|
|t:|1781389686
|move|p2a: Landorus|Stone Edge|p1a: El Scorcho
|-resisted|p1a: El Scorcho
|-damage|p1a: El Scorcho|10/100 brn
|move|p1a: El Scorcho|Headlong Rush|p2a: Landorus
|-immune|p2a: Landorus
|
|-damage|p1a: El Scorcho|4/100 brn|[from] brn
|upkeep
|turn|19
|
|t:|1781389690
|switch|p2a: Pecharunt|Pecharunt|100/100
|move|p1a: El Scorcho|Facade|p2a: Pecharunt
|-immune|p2a: Pecharunt
|
|-damage|p1a: El Scorcho|0 fnt|[from] brn
|faint|p1a: El Scorcho
|upkeep
|
|t:|1781389694
|switch|p1a: The Good Life|Ninetales-Alola, F|80/100
|-weather|Snowscape|[from] ability: Snow Warning|[of] p1a: The Good Life
|turn|20
|
|t:|1781389698
|move|p1a: The Good Life|Aurora Veil|p1a: The Good Life
|-sidestart|p1: tauros3|move: Aurora Veil
|move|p2a: Pecharunt|Malignant Chain|p1a: The Good Life
|-supereffective|p1a: The Good Life
|-crit|p1a: The Good Life
|-damage|p1a: The Good Life|0 fnt
|faint|p1a: The Good Life
|
|-weather|Snowscape|[upkeep]
|upkeep
|
|t:|1781389711
|switch|p1a: No Other One|Diancie|100/100
|turn|21
|
|t:|1781389720
|move|p2a: Pecharunt|Malignant Chain|p1a: No Other One
|-damage|p1a: No Other One|87/100
|move|p1a: No Other One|Trick Room|p1a: No Other One
|-fieldstart|move: Trick Room|[of] p1a: No Other One
|
|-weather|Snowscape|[upkeep]
|upkeep
|turn|22
|
|t:|1781389724
|move|p1a: No Other One|Meteor Beam||[still]
|-prepare|p1a: No Other One|Meteor Beam
|-boost|p1a: No Other One|spa|1
|-enditem|p1a: No Other One|Power Herb
|-anim|p1a: No Other One|Meteor Beam|p2a: Pecharunt|[miss]
|-miss|p1a: No Other One|p2a: Pecharunt
|move|p2a: Pecharunt|Malignant Chain|p1a: No Other One
|-damage|p1a: No Other One|75/100
|
|-weather|Snowscape|[upkeep]
|upkeep
|turn|23
|
|t:|1781389730
|-terastallize|p1a: No Other One|Ground
|move|p1a: No Other One|Earth Power|p2a: Pecharunt
|-supereffective|p2a: Pecharunt
|-damage|p2a: Pecharunt|0 fnt
|faint|p2a: Pecharunt
|
|-weather|Snowscape|[upkeep]
|upkeep
|
|t:|1781389734
|switch|p2a: Landorus|Landorus-Therian, M|100/100
|-ability|p2a: Landorus|Intimidate|boost
|-fail|p1a: No Other One|unboost|[from] ability: Clear Body|[of] p1a: No Other One
|turn|24
|
|t:|1781389736
|-terastallize|p2a: Landorus|Ground
|move|p1a: No Other One|Moonblast|p2a: Landorus
|-damage|p2a: Landorus|19/100
|move|p2a: Landorus|Earthquake|p1a: No Other One
|-damage|p1a: No Other One|42/100
|
|-weather|none
|upkeep
|turn|25
|
|t:|1781389740
|move|p1a: No Other One|Moonblast|p2a: Landorus
|-damage|p2a: Landorus|0 fnt
|faint|p2a: Landorus
|
|win|tauros3
|raw|tauros3's rating: 1640 &rarr; <strong>1659</strong><br />(+19 for winning)
|raw|Hot Chipper's rating: 1630 &rarr; <strong>1611</strong><br />(-19 for losing)
|l|☆Hot Chipper
|player|p2|
|l|☆tauros3
|player|p1|
