|j|☆chancha12suizo
|j|☆godohfredo
|t:|1780956936
|gametype|singles
|player|p1|chancha12suizo|marshal|1524
|player|p2|godohfredo|scientist-gen4|1522
|gen|9
|tier|[Gen 9] OU
|rated|
|rule|HP Percentage Mod: HP is shown in percentages
|rule|Endless Battle Clause: Forcing endless battles is banned
|rule|Species Clause: Limit one of each Pokémon
|rule|OHKO Clause: OHKO moves are banned
|rule|Evasion Items Clause: Evasion items are banned
|rule|Evasion Moves Clause: Evasion moves are banned
|rule|Evasion Abilities Clause: Evasion abilities are banned
|rule|Sleep Moves Clause: Sleep-inducing moves are banned
|clearpoke
|poke|p1|Muk-Alola, M|
|poke|p1|Dragapult, M|
|poke|p1|Gliscor, F|
|poke|p1|Great Tusk|
|poke|p1|Skeledirge, F|
|poke|p1|Gholdengo|
|poke|p2|Samurott-Hisui, M|
|poke|p2|Dragonite, M|
|poke|p2|Greninja-*, F|
|poke|p2|Serperior, M|
|poke|p2|Zamazenta-*|
|poke|p2|Heatran, M|
|teampreview
|c|☆chancha12suizo|glhf
|inactive|Battle timer is ON: inactive players will automatically lose when time's up. (requested by chancha12suizo)
|
|t:|1780956955
|teamsize|p1|6
|teamsize|p2|6
|start
|switch|p1a: Muk|Muk-Alola, M|100/100
|switch|p2a: Greninja|Greninja, F, shiny|100/100
|turn|1
|
|t:|1780956971
|switch|p2a: Heatran|Heatran, M|100/100
|-item|p2a: Heatran|Air Balloon
|move|p1a: Muk|Drain Punch|p2a: Heatran
|-supereffective|p2a: Heatran
|-damage|p2a: Heatran|60/100
|-enditem|p2a: Heatran|Air Balloon
|
|upkeep
|turn|2
|inactive|chancha12suizo has 120 seconds left.
|
|t:|1780957007
|switch|p2a: Dragonite|Dragonite, M|100/100
|switch|p1a: Dragapult|Dragapult, M|100/100
|
|upkeep
|turn|3
|inactive|chancha12suizo has 120 seconds left.
|
|t:|1780957015
|-terastallize|p2a: Dragonite|Normal
|move|p1a: Dragapult|U-turn|p2a: Dragonite
|-damage|p2a: Dragonite|83/100
|inactive|chancha12suizo has 120 seconds left.
|
|t:|1780957024
|switch|p1a: Great Tusk|Great Tusk|100/100|[from] U-turn
|move|p2a: Dragonite|Ice Spinner|p1a: Great Tusk
|-supereffective|p1a: Great Tusk
|-damage|p1a: Great Tusk|36/100
|
|upkeep
|turn|4
|inactive|chancha12suizo has 120 seconds left.
|
|t:|1780957052
|switch|p2a: Serperior|Serperior, M|100/100
|move|p1a: Great Tusk|Close Combat|p2a: Serperior
|-damage|p2a: Serperior|20/100
|-unboost|p1a: Great Tusk|def|1
|-unboost|p1a: Great Tusk|spd|1
|
|upkeep
|turn|5
|
|t:|1780957069
|-end|p1a: Great Tusk|Protosynthesis|[silent]
|switch|p1a: Muk|Muk-Alola, M|100/100
|move|p2a: Serperior|Leaf Storm|p1a: Muk
|-resisted|p1a: Muk
|-damage|p1a: Muk|90/100
|-boost|p2a: Serperior|spa|2
|
|upkeep
|turn|6
|
|t:|1780957075
|move|p2a: Serperior|Dragon Pulse|p1a: Muk
|-damage|p1a: Muk|70/100
|move|p1a: Muk|Knock Off|p2a: Serperior
|-damage|p2a: Serperior|0 fnt
|-enditem|p2a: Serperior|Assault Vest|[from] move: Knock Off|[of] p1a: Muk
|faint|p2a: Serperior
|
|upkeep
|
|t:|1780957084
|switch|p2a: Dragonite|Dragonite, M, tera:Normal|83/100
|turn|7
|
|t:|1780957110
|-terastallize|p1a: Muk|Flying
|move|p2a: Dragonite|Earthquake|p1a: Muk
|-immune|p1a: Muk
|move|p1a: Muk|Drain Punch|p2a: Dragonite
|-supereffective|p2a: Dragonite
|-damage|p2a: Dragonite|33/100
|-heal|p1a: Muk|89/100|[from] drain|[of] p2a: Dragonite
|-status|p2a: Dragonite|psn|[from] ability: Poison Touch|[of] p1a: Muk
|
|-damage|p2a: Dragonite|21/100 psn|[from] psn
|upkeep
|turn|8
|
|t:|1780957121
|move|p2a: Dragonite|Earthquake|p1a: Muk
|-immune|p1a: Muk
|move|p1a: Muk|Drain Punch|p2a: Dragonite
|-supereffective|p2a: Dragonite
|-damage|p2a: Dragonite|0 fnt
|-heal|p1a: Muk|97/100|[from] drain|[of] p2a: Dragonite
|faint|p2a: Dragonite
|
|upkeep
|
|t:|1780957128
|switch|p2a: Greninja|Greninja, F, shiny|100/100
|turn|9
|
|t:|1780957132
|move|p2a: Greninja|Ice Beam|p1a: Muk
|-start|p2a: Greninja|typechange|Ice|[from] ability: Protean
|-supereffective|p1a: Muk
|-damage|p1a: Muk|37/100
|move|p1a: Muk|Drain Punch|p2a: Greninja
|-supereffective|p2a: Greninja
|-damage|p2a: Greninja|18/100
|-heal|p1a: Muk|66/100|[from] drain|[of] p2a: Greninja
|-status|p2a: Greninja|psn|[from] ability: Poison Touch|[of] p1a: Muk
|
|-damage|p2a: Greninja|5/100 psn|[from] psn
|upkeep
|turn|10
|-message|godohfredo forfeited.
|
|win|chancha12suizo
|raw|chancha12suizo's rating: 1524 &rarr; <strong>1544</strong><br />(+20 for winning)
|raw|godohfredo's rating: 1522 &rarr; <strong>1502</strong><br />(-20 for losing)
|l|☆godohfredo
|player|p2|
|l|☆chancha12suizo
|player|p1|
