|badge|p2|bronze|gen9ou|100-9
|uhtml|medal-msg|<div class="broadcast-blue">Curious what those medals under the avatar are? PS now has Ladder Seasons! For more information, check out the <a href="https://www.smogon.com/forums/threads/3740067/">thread on Smogon.</a></div>
|j|☆Yibril
|j|☆Auburn Hills
|t:|1781479797
|gametype|singles
|player|p1|Yibril|ghetsis|1781
|player|p2|Auburn Hills|alder|1856
|gen|9
|tier|[Gen 9] OU
|rated|
|rule|HP Percentage Mod: HP is shown in percentages
|rule|Endless Battle Clause: Forcing endless battles is banned
|rule|Species Clause: Limit one of each Pokémon
|rule|OHKO Clause: OHKO moves are banned
|rule|Evasion Items Clause: Evasion items are banned
|rule|Evasion Moves Clause: Evasion moves are banned
|rule|Evasion Abilities Clause: Evasion abilities are banned
|rule|Sleep Moves Clause: Sleep-inducing moves are banned
|clearpoke
|poke|p1|Dragapult, M|
|poke|p1|Great Tusk|
|poke|p1|Kingambit, F|
|poke|p1|Garganacl, M|
|poke|p1|Gholdengo|
|poke|p1|Dragonite, M|
|poke|p2|Iron Moth|
|poke|p2|Umbreon, F|
|poke|p2|Garchomp, F|
|poke|p2|Glimmora, F|
|poke|p2|Gholdengo|
|poke|p2|Dragonite, F|
|teampreview
|
|t:|1781479812
|teamsize|p1|6
|teamsize|p2|6
|start
|switch|p1a: Dragapult|Dragapult, M|100/100
|switch|p2a: Glimmora|Glimmora, F|100/100
|turn|1
|
|t:|1781479819
|move|p1a: Dragapult|Surf|p2a: Glimmora
|-supereffective|p2a: Glimmora
|-damage|p2a: Glimmora|4/100
|move|p2a: Glimmora|Stealth Rock|p1a: Dragapult
|-sidestart|p1: Yibril|move: Stealth Rock
|
|upkeep
|turn|2
|
|t:|1781479824
|switch|p2a: Alvvays|Umbreon, F|100/100
|move|p1a: Dragapult|Surf|p2a: Alvvays
|-damage|p2a: Alvvays|84/100
|
|-heal|p2a: Alvvays|91/100|[from] item: Leftovers
|upkeep
|turn|3
|
|t:|1781479830
|switch|p1a: Great Tusk|Great Tusk|100/100
|-damage|p1a: Great Tusk|98/100|[from] Stealth Rock
|switch|p2a: Smino|Gholdengo|100/100
|
|-heal|p1a: Great Tusk|100/100|[from] item: Leftovers
|upkeep
|turn|4
|
|t:|1781479833
|-end|p1a: Great Tusk|Protosynthesis|[silent]
|switch|p1a: Kingambit|Kingambit, F|100/100
|-damage|p1a: Kingambit|94/100|[from] Stealth Rock
|move|p2a: Smino|Make It Rain|p1a: Kingambit
|-resisted|p1a: Kingambit
|-damage|p1a: Kingambit|61/100
|-unboost|p2a: Smino|spa|1
|
|-heal|p1a: Kingambit|68/100|[from] item: Leftovers
|upkeep
|turn|5
|
|t:|1781479843
|move|p2a: Smino|Make It Rain|p1a: Kingambit
|-resisted|p1a: Kingambit
|-damage|p1a: Kingambit|47/100
|-unboost|p2a: Smino|spa|1
|move|p1a: Kingambit|Kowtow Cleave|p2a: Smino
|-supereffective|p2a: Smino
|-damage|p2a: Smino|0 fnt
|faint|p2a: Smino
|
|-heal|p1a: Kingambit|53/100|[from] item: Leftovers
|upkeep
|
|t:|1781479847
|switch|p2a: Glimmora|Glimmora, F|4/100
|turn|6
|
|t:|1781479850
|move|p1a: Kingambit|Sucker Punch|p2a: Glimmora
|-damage|p2a: Glimmora|0 fnt
|-activate|p2a: Glimmora|ability: Toxic Debris
|-sidestart|p1: Yibril|move: Toxic Spikes
|faint|p2a: Glimmora
|
|-heal|p1a: Kingambit|59/100|[from] item: Leftovers
|upkeep
|
|t:|1781479853
|switch|p2a: Rat Tally|Garchomp, F|100/100
|turn|7
|
|t:|1781479859
|-end|p1a: Kingambit|fallenundefined|[silent]
|switch|p1a: Great Tusk|Great Tusk|100/100
|-damage|p1a: Great Tusk|98/100|[from] Stealth Rock
|-status|p1a: Great Tusk|psn
|move|p2a: Rat Tally|Earthquake|p1a: Great Tusk
|-damage|p1a: Great Tusk|68/100 psn
|
|-heal|p1a: Great Tusk|74/100 psn|[from] item: Leftovers
|-damage|p1a: Great Tusk|62/100 psn|[from] psn
|upkeep
|turn|8
|
|t:|1781479865
|move|p2a: Rat Tally|Scale Shot|p1a: Great Tusk
|-damage|p1a: Great Tusk|54/100 psn
|-damage|p1a: Great Tusk|46/100 psn
|-damage|p1a: Great Tusk|38/100 psn
|-damage|p1a: Great Tusk|30/100 psn
|-hitcount|p1a: Great Tusk|4
|-unboost|p2a: Rat Tally|def|1
|-boost|p2a: Rat Tally|spe|1
|move|p1a: Great Tusk|Ice Spinner|p2a: Rat Tally
|-supereffective|p2a: Rat Tally
|-damage|p2a: Rat Tally|0 fnt
|-damage|p1a: Great Tusk|18/100 psn|[from] ability: Rough Skin|[of] p2a: Rat Tally
|faint|p2a: Rat Tally
|
|-heal|p1a: Great Tusk|24/100 psn|[from] item: Leftovers
|-damage|p1a: Great Tusk|12/100 psn|[from] psn
|upkeep
|
|t:|1781479869
|switch|p2a: Carly Rae|Iron Moth|100/100
|-enditem|p2a: Carly Rae|Booster Energy
|-activate|p2a: Carly Rae|ability: Quark Drive|[fromitem]
|-start|p2a: Carly Rae|quarkdrivespe
|turn|9
|
|t:|1781479875
|move|p2a: Carly Rae|Fiery Dance|p1a: Great Tusk
|-damage|p1a: Great Tusk|0 fnt
|-boost|p2a: Carly Rae|spa|1
|faint|p1a: Great Tusk
|-end|p1a: Great Tusk|Protosynthesis|[silent]
|
|upkeep
|
|t:|1781479879
|switch|p1a: Garganacl|Garganacl, M|100/100
|-damage|p1a: Garganacl|88/100|[from] Stealth Rock
|turn|10
|
|t:|1781479882
|-terastallize|p2a: Carly Rae|Fairy
|move|p2a: Carly Rae|Fiery Dance|p1a: Garganacl
|-resisted|p1a: Garganacl
|-damage|p1a: Garganacl|67/100
|move|p1a: Garganacl|Salt Cure|p2a: Carly Rae
|-damage|p2a: Carly Rae|82/100
|-start|p2a: Carly Rae|Salt Cure
|
|-heal|p1a: Garganacl|73/100|[from] item: Leftovers
|-damage|p2a: Carly Rae|70/100|[from] Salt Cure
|upkeep
|turn|11
|
|t:|1781479896
|move|p2a: Carly Rae|Fiery Dance|p1a: Garganacl
|-resisted|p1a: Garganacl
|-damage|p1a: Garganacl|50/100
|-boost|p2a: Carly Rae|spa|1
|move|p1a: Garganacl|Iron Defense|p1a: Garganacl
|-boost|p1a: Garganacl|def|2
|
|-heal|p1a: Garganacl|56/100|[from] item: Leftovers
|-damage|p2a: Carly Rae|58/100|[from] Salt Cure
|upkeep
|turn|12
|
|t:|1781479901
|move|p2a: Carly Rae|Morning Sun|p2a: Carly Rae
|-heal|p2a: Carly Rae|100/100
|move|p1a: Garganacl|Recover|p1a: Garganacl
|-heal|p1a: Garganacl|100/100
|
|-damage|p2a: Carly Rae|88/100|[from] Salt Cure
|upkeep
|turn|13
|
|t:|1781479907
|move|p2a: Carly Rae|Dazzling Gleam|p1a: Garganacl
|-damage|p1a: Garganacl|45/100
|move|p1a: Garganacl|Body Press|p2a: Carly Rae
|-resisted|p2a: Carly Rae
|-damage|p2a: Carly Rae|52/100
|
|-heal|p1a: Garganacl|51/100|[from] item: Leftovers
|-damage|p2a: Carly Rae|40/100|[from] Salt Cure
|upkeep
|turn|14
|
|t:|1781479911
|move|p2a: Carly Rae|Dazzling Gleam|p1a: Garganacl
|-damage|p1a: Garganacl|0 fnt
|faint|p1a: Garganacl
|
|-damage|p2a: Carly Rae|28/100|[from] Salt Cure
|upkeep
|
|t:|1781479920
|switch|p1a: Dragonite|Dragonite, M|100/100
|turn|15
|
|t:|1781479923
|-end|p2a: Carly Rae|Quark Drive|[silent]
|switch|p2a: Alvvays|Umbreon, F|91/100
|move|p1a: Dragonite|Extreme Speed|p2a: Alvvays
|-damage|p2a: Alvvays|67/100
|
|-heal|p2a: Alvvays|73/100|[from] item: Leftovers
|upkeep
|turn|16
|inactive|Battle timer is ON: inactive players will automatically lose when time's up. (requested by Auburn Hills)
|
|t:|1781479942
|switch|p1a: Dragapult|Dragapult, M|100/100
|-damage|p1a: Dragapult|88/100|[from] Stealth Rock
|-status|p1a: Dragapult|psn
|move|p2a: Alvvays|Foul Play|p1a: Dragapult
|-supereffective|p1a: Dragapult
|-damage|p1a: Dragapult|11/100 psn
|
|-heal|p2a: Alvvays|79/100|[from] item: Leftovers
|-damage|p1a: Dragapult|0 fnt|[from] psn
|faint|p1a: Dragapult
|upkeep
|
|t:|1781479949
|switch|p1a: Kingambit|Kingambit, F|59/100
|-damage|p1a: Kingambit|53/100|[from] Stealth Rock
|-activate|p1a: Kingambit|ability: Supreme Overlord
|-start|p1a: Kingambit|fallen3|[silent]
|turn|17
|
|t:|1781479952
|move|p2a: Alvvays|Thunder Wave|p1a: Kingambit|[miss]
|-miss|p2a: Alvvays|p1a: Kingambit
|move|p1a: Kingambit|Iron Head|p2a: Alvvays
|-damage|p2a: Alvvays|30/100
|
|-heal|p2a: Alvvays|36/100|[from] item: Leftovers
|-heal|p1a: Kingambit|59/100|[from] item: Leftovers
|upkeep
|turn|18
|
|t:|1781479961
|move|p2a: Alvvays|Thunder Wave|p1a: Kingambit
|-status|p1a: Kingambit|par
|move|p1a: Kingambit|Iron Head|p2a: Alvvays
|-damage|p2a: Alvvays|0 fnt
|faint|p2a: Alvvays
|
|-heal|p1a: Kingambit|65/100 par|[from] item: Leftovers
|upkeep
|j| RENAISSANCE BLAZE
|
|t:|1781479965
|switch|p2a: Carly Rae|Iron Moth, tera:Fairy|28/100
|turn|19
|
|t:|1781479972
|move|p2a: Carly Rae|Morning Sun|p2a: Carly Rae
|-heal|p2a: Carly Rae|78/100
|move|p1a: Kingambit|Kowtow Cleave|p2a: Carly Rae
|-resisted|p2a: Carly Rae
|-crit|p2a: Carly Rae
|-damage|p2a: Carly Rae|5/100
|
|-heal|p1a: Kingambit|71/100 par|[from] item: Leftovers
|upkeep
|turn|20
|
|t:|1781479976
|move|p2a: Carly Rae|Morning Sun|p2a: Carly Rae
|-heal|p2a: Carly Rae|55/100
|move|p1a: Kingambit|Kowtow Cleave|p2a: Carly Rae
|-resisted|p2a: Carly Rae
|-crit|p2a: Carly Rae
|-damage|p2a: Carly Rae|0 fnt
|faint|p2a: Carly Rae
|-end|p2a: Carly Rae|Quark Drive|[silent]
|
|-heal|p1a: Kingambit|77/100 par|[from] item: Leftovers
|upkeep
|
|t:|1781479979
|switch|p2a: Elucid|Dragonite, F|100/100
|turn|21
|
|t:|1781479982
|move|p2a: Elucid|Dragon Dance|p2a: Elucid
|-boost|p2a: Elucid|atk|1
|-boost|p2a: Elucid|spe|1
|move|p1a: Kingambit|Kowtow Cleave|p2a: Elucid
|-damage|p2a: Elucid|67/100
|
|-heal|p1a: Kingambit|83/100 par|[from] item: Leftovers
|upkeep
|turn|22
|
|t:|1781479986
|move|p2a: Elucid|Earthquake|p1a: Kingambit
|-supereffective|p1a: Kingambit
|-damage|p1a: Kingambit|0 fnt
|faint|p1a: Kingambit
|-end|p1a: Kingambit|fallen3|[silent]
|
|upkeep
|
|t:|1781479989
|switch|p1a: Dragonite|Dragonite, M|100/100
|turn|23
|
|t:|1781480003
|-terastallize|p1a: Dragonite|Normal
|move|p2a: Elucid|Ice Spinner|p1a: Dragonite
|-damage|p1a: Dragonite|76/100
|move|p1a: Dragonite|Ice Spinner|p2a: Elucid
|-supereffective|p2a: Elucid
|-damage|p2a: Elucid|0 fnt
|faint|p2a: Elucid
|
|win|Yibril
|raw|Yibril's rating: 1781 &rarr; <strong>1805</strong><br />(+24 for winning)
|raw|Auburn Hills's rating: 1856 &rarr; <strong>1832</strong><br />(-24 for losing)
|l|☆Auburn Hills
|player|p2|
|l|☆Yibril
|player|p1|
|l| RENAISSANCE BLAZE
