|j|☆silver jay#2240
|j|‽oatishere
|t:|1781109027
|gametype|singles
|player|p1|silver jay#2240|grusha|1636
|player|p2|oatishere|artistf-gen6|1606
|gen|9
|tier|[Gen 9] OU
|rated|
|rule|HP Percentage Mod: HP is shown in percentages
|rule|Endless Battle Clause: Forcing endless battles is banned
|rule|Species Clause: Limit one of each Pokémon
|rule|OHKO Clause: OHKO moves are banned
|rule|Evasion Items Clause: Evasion items are banned
|rule|Evasion Moves Clause: Evasion moves are banned
|rule|Evasion Abilities Clause: Evasion abilities are banned
|rule|Sleep Moves Clause: Sleep-inducing moves are banned
|clearpoke
|poke|p1|Pecharunt|
|poke|p1|Primarina, F|
|poke|p1|Iron Treads|
|poke|p1|Rillaboom, F|
|poke|p1|Iron Hands|
|poke|p1|Dragonite, F|
|poke|p2|Gardevoir, F|
|poke|p2|Rillaboom, M|
|poke|p2|Serperior, M|
|poke|p2|Great Tusk|
|poke|p2|Glimmora, M|
|poke|p2|Kingambit, M|
|teampreview
|inactive|Battle timer is ON: inactive players will automatically lose when time's up. (requested by oatishere)
|c|☆silver jay#2240|hf
|inactive|silver jay#2240 has 120 seconds left.
|inactive|silver jay#2240 has 90 seconds left.
|
|t:|1781109102
|teamsize|p1|6
|teamsize|p2|6
|start
|switch|p1a: Iron Treads|Iron Treads|100/100
|switch|p2a: Rillaboom|Rillaboom, M|100/100
|-fieldstart|move: Grassy Terrain|[from] ability: Grassy Surge|[of] p2a: Rillaboom
|turn|1
|
|t:|1781109108
|move|p1a: Iron Treads|Knock Off|p2a: Rillaboom
|-damage|p2a: Rillaboom|75/100
|-enditem|p2a: Rillaboom|Terrain Extender|[from] move: Knock Off|[of] p1a: Iron Treads
|move|p2a: Rillaboom|Low Kick|p1a: Iron Treads
|-supereffective|p1a: Iron Treads
|-damage|p1a: Iron Treads|34/100
|
|-heal|p1a: Iron Treads|40/100|[from] Grassy Terrain
|-heal|p1a: Iron Treads|46/100|[from] item: Leftovers
|-heal|p2a: Rillaboom|81/100|[from] Grassy Terrain
|upkeep
|turn|2
|
|t:|1781109127
|move|p1a: Iron Treads|Stealth Rock|p2a: Rillaboom
|-sidestart|p2: oatishere|move: Stealth Rock
|move|p2a: Rillaboom|Low Kick|p1a: Iron Treads
|-supereffective|p1a: Iron Treads
|-damage|p1a: Iron Treads|0 fnt
|faint|p1a: Iron Treads
|-end|p1a: Iron Treads|Quark Drive|[silent]
|
|-heal|p2a: Rillaboom|88/100|[from] Grassy Terrain
|upkeep
|
|t:|1781109136
|switch|p1a: Pecharunt|Pecharunt|100/100
|turn|3
|
|t:|1781109148
|switch|p2a: Glimmora|Glimmora, M|100/100
|-damage|p2a: Glimmora|88/100|[from] Stealth Rock
|move|p1a: Pecharunt|Curse|p2a: Glimmora
|-start|p2a: Glimmora|Curse|[of] p1a: Pecharunt
|-damage|p1a: Pecharunt|50/100
|
|-heal|p2a: Glimmora|94/100|[from] Grassy Terrain
|-heal|p1a: Pecharunt|57/100|[from] Grassy Terrain
|-damage|p2a: Glimmora|70/100|[from] Curse
|upkeep
|turn|4
|
|t:|1781109154
|move|p2a: Glimmora|Stealth Rock|p1a: Pecharunt
|-sidestart|p1: silver jay#2240|move: Stealth Rock
|move|p1a: Pecharunt|Recover|p1a: Pecharunt
|-heal|p1a: Pecharunt|100/100
|
|-heal|p2a: Glimmora|76/100|[from] Grassy Terrain
|-damage|p2a: Glimmora|51/100|[from] Curse
|upkeep
|turn|5
|
|t:|1781109158
|move|p2a: Glimmora|Meteor Beam||[still]
|-prepare|p2a: Glimmora|Meteor Beam
|-boost|p2a: Glimmora|spa|1
|-enditem|p2a: Glimmora|Power Herb
|-anim|p2a: Glimmora|Meteor Beam|p1a: Pecharunt
|-damage|p1a: Pecharunt|6/100
|move|p1a: Pecharunt|Mean Look|p2a: Glimmora
|-activate|p2a: Glimmora|trapped
|
|-heal|p2a: Glimmora|57/100|[from] Grassy Terrain
|-heal|p1a: Pecharunt|12/100|[from] Grassy Terrain
|-damage|p2a: Glimmora|32/100|[from] Curse
|upkeep
|turn|6
|
|t:|1781109161
|move|p2a: Glimmora|Mortal Spin|p1a: Pecharunt
|-resisted|p1a: Pecharunt
|-damage|p1a: Pecharunt|12/100
|-damage|p2a: Glimmora|16/100|[from] item: Rocky Helmet|[of] p1a: Pecharunt
|-sideend|p2: oatishere|Stealth Rock|[from] move: Mortal Spin|[of] p2a: Glimmora
|move|p1a: Pecharunt|Recover|p1a: Pecharunt
|-heal|p1a: Pecharunt|62/100
|
|-heal|p2a: Glimmora|22/100|[from] Grassy Terrain
|-heal|p1a: Pecharunt|68/100|[from] Grassy Terrain
|-damage|p2a: Glimmora|0 fnt|[from] Curse
|faint|p2a: Glimmora
|upkeep
|
|t:|1781109179
|switch|p2a: Great Tusk|Great Tusk|100/100
|-enditem|p2a: Great Tusk|Booster Energy
|-activate|p2a: Great Tusk|ability: Protosynthesis|[fromitem]
|-start|p2a: Great Tusk|protosynthesisspe
|turn|7
|
|t:|1781109187
|move|p2a: Great Tusk|Bulk Up|p2a: Great Tusk
|-boost|p2a: Great Tusk|atk|1
|-boost|p2a: Great Tusk|def|1
|move|p1a: Pecharunt|Curse|p2a: Great Tusk
|-start|p2a: Great Tusk|Curse|[of] p1a: Pecharunt
|-damage|p1a: Pecharunt|18/100
|
|-heal|p1a: Pecharunt|24/100|[from] Grassy Terrain
|-damage|p2a: Great Tusk|76/100|[from] Curse
|upkeep
|turn|8
|
|t:|1781109194
|switch|p1a: Rillaboom|Rillaboom, F|100/100
|-damage|p1a: Rillaboom|88/100|[from] Stealth Rock
|move|p2a: Great Tusk|Bulk Up|p2a: Great Tusk
|-boost|p2a: Great Tusk|atk|1
|-boost|p2a: Great Tusk|def|1
|
|-heal|p2a: Great Tusk|82/100|[from] Grassy Terrain
|-heal|p1a: Rillaboom|94/100|[from] Grassy Terrain
|-damage|p2a: Great Tusk|57/100|[from] Curse
|-fieldend|move: Grassy Terrain
|upkeep
|turn|9
|
|t:|1781109204
|switch|p1a: Pecharunt|Pecharunt|24/100
|-damage|p1a: Pecharunt|11/100|[from] Stealth Rock
|move|p2a: Great Tusk|Head Smash|p1a: Pecharunt
|-damage|p1a: Pecharunt|0 fnt
|-damage|p2a: Great Tusk|40/100|[from] item: Rocky Helmet|[of] p1a: Pecharunt
|faint|p1a: Pecharunt
|-damage|p2a: Great Tusk|36/100|[from] Recoil
|
|-damage|p2a: Great Tusk|11/100|[from] Curse
|upkeep
|
|t:|1781109211
|switch|p1a: Rillaboom|Rillaboom, F|94/100
|-damage|p1a: Rillaboom|82/100|[from] Stealth Rock
|-fieldstart|move: Grassy Terrain|[from] ability: Grassy Surge|[of] p1a: Rillaboom
|turn|10
|
|t:|1781109213
|move|p1a: Rillaboom|Grassy Glide|p2a: Great Tusk
|-supereffective|p2a: Great Tusk
|-damage|p2a: Great Tusk|0 fnt
|faint|p2a: Great Tusk
|-end|p2a: Great Tusk|Protosynthesis|[silent]
|-damage|p1a: Rillaboom|72/100|[from] item: Life Orb
|
|-heal|p1a: Rillaboom|78/100|[from] Grassy Terrain
|upkeep
|
|t:|1781109222
|switch|p2a: Serperior|Serperior, M|100/100
|turn|11
|
|t:|1781109231
|-terastallize|p2a: Serperior|Grass
|move|p2a: Serperior|Leaf Storm|p1a: Rillaboom
|-resisted|p1a: Rillaboom
|-damage|p1a: Rillaboom|1/100
|-boost|p2a: Serperior|spa|2
|move|p1a: Rillaboom|Wood Hammer|p2a: Serperior
|-resisted|p2a: Serperior
|-damage|p2a: Serperior|35/100
|-damage|p1a: Rillaboom|0 fnt|[from] Recoil
|faint|p1a: Rillaboom
|
|-heal|p2a: Serperior|41/100|[from] Grassy Terrain
|upkeep
|j| heptastrike
|
|t:|1781109239
|switch|p1a: Dragonite|Dragonite, F|100/100
|-damage|p1a: Dragonite|76/100|[from] Stealth Rock
|turn|12
|
|t:|1781109243
|switch|p2a: Gardevoir|Gardevoir, F|100/100
|-ability|p2a: Gardevoir|Multiscale|Trace|[from] ability: Trace|[of] p1a: Dragonite
|-enditem|p2a: Gardevoir|Grassy Seed
|-boost|p2a: Gardevoir|def|1|[from] item: Grassy Seed
|move|p1a: Dragonite|Extreme Speed|p2a: Gardevoir
|-damage|p2a: Gardevoir|83/100
|-damage|p1a: Dragonite|66/100|[from] item: Life Orb
|
|-heal|p2a: Gardevoir|89/100|[from] Grassy Terrain
|upkeep
|turn|13
|
|t:|1781109249
|switch|p1a: Primarina|Primarina, F|100/100
|-damage|p1a: Primarina|88/100|[from] Stealth Rock
|move|p2a: Gardevoir|Draining Kiss|p1a: Primarina
|-damage|p1a: Primarina|73/100
|-heal|p2a: Gardevoir|100/100|[from] drain|[of] p1a: Primarina
|
|-heal|p1a: Primarina|79/100|[from] Grassy Terrain
|upkeep
|turn|14
|l| heptastrike
|
|t:|1781109255
|move|p2a: Gardevoir|Calm Mind|p2a: Gardevoir
|-boost|p2a: Gardevoir|spa|1
|-boost|p2a: Gardevoir|spd|1
|move|p1a: Primarina|Psychic Noise|p2a: Gardevoir
|-resisted|p2a: Gardevoir
|-damage|p2a: Gardevoir|96/100
|-start|p2a: Gardevoir|move: Heal Block
|
|-heal|p1a: Primarina|85/100|[from] Grassy Terrain
|-fieldend|move: Grassy Terrain
|upkeep
|turn|15
|
|t:|1781109259
|move|p2a: Gardevoir|Calm Mind|p2a: Gardevoir
|-boost|p2a: Gardevoir|spa|1
|-boost|p2a: Gardevoir|spd|1
|move|p1a: Primarina|Moonblast|p2a: Gardevoir
|-damage|p2a: Gardevoir|74/100
|
|-end|p2a: Gardevoir|move: Heal Block
|upkeep
|turn|16
|
|t:|1781109271
|move|p2a: Gardevoir|Calm Mind|p2a: Gardevoir
|-boost|p2a: Gardevoir|spa|1
|-boost|p2a: Gardevoir|spd|1
|move|p1a: Primarina|Psychic Noise|p2a: Gardevoir
|-resisted|p2a: Gardevoir
|-damage|p2a: Gardevoir|69/100
|-start|p2a: Gardevoir|move: Heal Block
|
|upkeep
|turn|17
|
|t:|1781109282
|move|p2a: Gardevoir|Calm Mind|p2a: Gardevoir
|-boost|p2a: Gardevoir|spa|1
|-boost|p2a: Gardevoir|spd|1
|move|p1a: Primarina|Flip Turn|p2a: Gardevoir
|-crit|p2a: Gardevoir
|-damage|p2a: Gardevoir|36/100
|
|t:|1781109287
|switch|p1a: Dragonite|Dragonite, F|66/100|[from] Flip Turn
|-damage|p1a: Dragonite|41/100|[from] Stealth Rock
|
|-end|p2a: Gardevoir|move: Heal Block
|upkeep
|turn|18
|
|t:|1781109291
|move|p1a: Dragonite|Extreme Speed|p2a: Gardevoir
|-damage|p2a: Gardevoir|0 fnt
|faint|p2a: Gardevoir
|-damage|p1a: Dragonite|31/100|[from] item: Life Orb
|
|upkeep
|
|t:|1781109299
|switch|p2a: Rillaboom|Rillaboom, M|88/100
|-fieldstart|move: Grassy Terrain|[from] ability: Grassy Surge|[of] p2a: Rillaboom
|turn|19
|
|t:|1781109310
|move|p1a: Dragonite|Outrage|p2a: Rillaboom
|-damage|p2a: Rillaboom|0 fnt
|faint|p2a: Rillaboom
|-damage|p1a: Dragonite|21/100|[from] item: Life Orb
|
|upkeep
|
|t:|1781109313
|switch|p2a: Serperior|Serperior, M, tera:Grass|41/100
|turn|20
|
|t:|1781109315
|move|p2a: Serperior|Leaf Storm|p1a: Dragonite
|-resisted|p1a: Dragonite
|-damage|p1a: Dragonite|0 fnt
|-boost|p2a: Serperior|spa|2
|faint|p1a: Dragonite
|
|-heal|p2a: Serperior|47/100|[from] Grassy Terrain
|upkeep
|
|t:|1781109322
|switch|p1a: Iron Hands|Iron Hands|100/100
|-damage|p1a: Iron Hands|94/100|[from] Stealth Rock
|turn|21
|
|t:|1781109324
|-terastallize|p1a: Iron Hands|Grass
|move|p2a: Serperior|Leaf Storm|p1a: Iron Hands
|-resisted|p1a: Iron Hands
|-damage|p1a: Iron Hands|0 fnt
|-boost|p2a: Serperior|spa|2
|faint|p1a: Iron Hands
|-end|p1a: Iron Hands|Quark Drive|[silent]
|
|-heal|p2a: Serperior|53/100|[from] Grassy Terrain
|upkeep
|
|t:|1781109332
|switch|p1a: Primarina|Primarina, F|85/100
|-damage|p1a: Primarina|73/100|[from] Stealth Rock
|turn|22
|-message|silver jay#2240 forfeited.
|
|win|oatishere
|raw|silver jay#2240's rating: 1636 &rarr; <strong>1614</strong><br />(-22 for losing)
|raw|oatishere's rating: 1606 &rarr; <strong>1628</strong><br />(+22 for winning)
|l|☆silver jay#2240
|player|p1|
|l|‽oatishere
|player|p2|
