|j|☆Wer223
|j|☆OUZQ Crocodile
|t:|1780978806
|gametype|singles
|player|p1|Wer223|265|1599
|player|p2|OUZQ Crocodile|101|1681
|gen|9
|tier|[Gen 9] OU
|rated|
|rule|HP Percentage Mod: HP is shown in percentages
|rule|Endless Battle Clause: Forcing endless battles is banned
|rule|Species Clause: Limit one of each Pokémon
|rule|OHKO Clause: OHKO moves are banned
|rule|Evasion Items Clause: Evasion items are banned
|rule|Evasion Moves Clause: Evasion moves are banned
|rule|Evasion Abilities Clause: Evasion abilities are banned
|rule|Sleep Moves Clause: Sleep-inducing moves are banned
|clearpoke
|poke|p1|Pawmot, F|
|poke|p1|Cresselia, F|
|poke|p1|Kyurem|
|poke|p1|Iron Treads|
|poke|p1|Pecharunt|
|poke|p1|Darkrai|
|poke|p2|Cresselia, F|
|poke|p2|Zamazenta-*|
|poke|p2|Grimmsnarl, M|
|poke|p2|Raging Bolt|
|poke|p2|Ogerpon-Wellspring, F|
|poke|p2|Glimmora, F|
|teampreview
|inactive|Battle timer is ON: inactive players will automatically lose when time's up. (requested by Wer223)
|inactive|OUZQ Crocodile also wants the timer to be on.
|
|t:|1780978813
|teamsize|p1|6
|teamsize|p2|6
|start
|switch|p1a: Darkrai|Darkrai|100/100
|switch|p2a: Grimmsnarl|Grimmsnarl, M|100/100
|turn|1
|
|t:|1780978820
|move|p2a: Grimmsnarl|Light Screen|p2a: Grimmsnarl
|-sidestart|p2: OUZQ Crocodile|move: Light Screen
|move|p1a: Darkrai|Sludge Bomb|p2a: Grimmsnarl
|-supereffective|p2a: Grimmsnarl
|-damage|p2a: Grimmsnarl|74/100
|
|upkeep
|turn|2
|
|t:|1780978825
|move|p2a: Grimmsnarl|Reflect|p2a: Grimmsnarl
|-sidestart|p2: OUZQ Crocodile|Reflect
|move|p1a: Darkrai|Sludge Bomb|p2a: Grimmsnarl
|-supereffective|p2a: Grimmsnarl
|-damage|p2a: Grimmsnarl|52/100
|
|upkeep
|turn|3
|
|t:|1780978831
|switch|p2a: Glimmora|Glimmora, F|100/100
|move|p1a: Darkrai|Sludge Bomb|p2a: Glimmora
|-resisted|p2a: Glimmora
|-damage|p2a: Glimmora|95/100
|
|upkeep
|turn|4
|
|t:|1780978840
|switch|p1a: Iron Treads|Iron Treads|100/100
|move|p2a: Glimmora|Stealth Rock|p1a: Iron Treads
|-sidestart|p1: Wer223|move: Stealth Rock
|
|upkeep
|turn|5
|
|t:|1780978844
|switch|p2a: Ogerpon|Ogerpon-Wellspring, F|100/100
|move|p1a: Iron Treads|Rapid Spin|p2a: Ogerpon
|-damage|p2a: Ogerpon|90/100
|-boost|p1a: Iron Treads|spe|1
|-sideend|p1: Wer223|Stealth Rock|[from] move: Rapid Spin|[of] p1a: Iron Treads
|
|upkeep
|turn|6
|
|t:|1780978848
|-end|p1a: Iron Treads|Quark Drive|[silent]
|switch|p1a: Pecharunt|Pecharunt|100/100
|move|p2a: Ogerpon|Swords Dance|p2a: Ogerpon
|-boost|p2a: Ogerpon|atk|2
|
|upkeep
|turn|7
|
|t:|1780978855
|-terastallize|p2a: Ogerpon|Water
|detailschange|p2a: Ogerpon|Ogerpon-Wellspring-Tera, F, tera:Water
|-ability|p2a: Ogerpon|Embody Aspect (Wellspring)|boost
|-boost|p2a: Ogerpon|spd|1
|move|p2a: Ogerpon|Ivy Cudgel|p1a: Pecharunt|[anim] Ivy Cudgel Water
|-damage|p1a: Pecharunt|30/100
|move|p1a: Pecharunt|Foul Play|p2a: Ogerpon
|-damage|p2a: Ogerpon|48/100
|
|upkeep
|turn|8
|
|t:|1780978864
|move|p2a: Ogerpon|Ivy Cudgel|p1a: Pecharunt|[anim] Ivy Cudgel Water
|-damage|p1a: Pecharunt|0 fnt
|faint|p1a: Pecharunt
|
|-sideend|p2: OUZQ Crocodile|move: Light Screen
|upkeep
|
|t:|1780978874
|switch|p1a: Darkrai|Darkrai|100/100
|turn|9
|
|t:|1780978877
|move|p1a: Darkrai|Dark Pulse|p2a: Ogerpon
|-damage|p2a: Ogerpon|16/100
|move|p2a: Ogerpon|Ivy Cudgel|p1a: Darkrai|[anim] Ivy Cudgel Water
|-damage|p1a: Darkrai|0 fnt
|faint|p1a: Darkrai
|
|-sideend|p2: OUZQ Crocodile|Reflect
|upkeep
|j| rizz of reko
|-message|Wer223 forfeited.
|
|win|OUZQ Crocodile
|raw|Wer223's rating: 1599 &rarr; <strong>1584</strong><br />(-15 for losing)
|raw|OUZQ Crocodile's rating: 1681 &rarr; <strong>1696</strong><br />(+15 for winning)
|l|☆Wer223
|player|p1|
|l|☆OUZQ Crocodile
|player|p2|
|l| rizz of reko
