|j|☆funnygames(1997)
|j|☆zwardo2000
|t:|1781532285
|gametype|singles
|player|p1|funnygames(1997)|2|1555
|player|p2|zwardo2000|265|1658
|gen|9
|tier|[Gen 9] OU
|rated|
|rule|HP Percentage Mod: HP is shown in percentages
|rule|Endless Battle Clause: Forcing endless battles is banned
|rule|Species Clause: Limit one of each Pokémon
|rule|OHKO Clause: OHKO moves are banned
|rule|Evasion Items Clause: Evasion items are banned
|rule|Evasion Moves Clause: Evasion moves are banned
|rule|Evasion Abilities Clause: Evasion abilities are banned
|rule|Sleep Moves Clause: Sleep-inducing moves are banned
|clearpoke
|poke|p1|Arcanine-Hisui, F|
|poke|p1|Darkrai|
|poke|p1|Great Tusk|
|poke|p1|Hatterene, F|
|poke|p1|Ogerpon-Wellspring, F|
|poke|p1|Zapdos|
|poke|p2|Kyurem|
|poke|p2|Hatterene, F|
|poke|p2|Darkrai|
|poke|p2|Great Tusk|
|poke|p2|Dragonite, F|
|poke|p2|Gholdengo|
|teampreview
|inactive|Battle timer is ON: inactive players will automatically lose when time's up. (requested by funnygames(1997))
|
|t:|1781532320
|teamsize|p1|6
|teamsize|p2|6
|start
|switch|p1a: Hatterene|Hatterene, F|100/100
|switch|p2a: Hatterene|Hatterene, F|100/100
|turn|1
|inactive|funnygames(1997) has 120 seconds left.
|
|t:|1781532351
|move|p2a: Hatterene|Nuzzle|p1a: Hatterene
|-damage|p1a: Hatterene|96/100
|-status|p1a: Hatterene|par
|cant|p1a: Hatterene|par
|
|upkeep
|turn|2
|
|t:|1781532369
|switch|p2a: Gholdengo|Gholdengo|100/100
|move|p1a: Hatterene|Mystical Fire|p2a: Gholdengo
|-supereffective|p2a: Gholdengo
|-damage|p2a: Gholdengo|47/100
|-unboost|p2a: Gholdengo|spa|1
|
|upkeep
|turn|3
|
|t:|1781532375
|move|p2a: Gholdengo|Make It Rain|p1a: Hatterene
|-supereffective|p1a: Hatterene
|-damage|p1a: Hatterene|39/100 par
|-unboost|p2a: Gholdengo|spa|1
|cant|p1a: Hatterene|par
|
|upkeep
|turn|4
|
|t:|1781532381
|move|p2a: Gholdengo|Make It Rain|p1a: Hatterene
|-supereffective|p1a: Hatterene
|-damage|p1a: Hatterene|0 fnt
|-unboost|p2a: Gholdengo|spa|1
|faint|p1a: Hatterene
|
|upkeep
|
|t:|1781532398
|switch|p1a: Ogerpon|Ogerpon-Wellspring, F|100/100
|turn|5
|
|t:|1781532400
|switch|p2a: Kyurem|Kyurem|100/100
|-ability|p2a: Kyurem|Pressure
|move|p1a: Ogerpon|Swords Dance|p1a: Ogerpon
|-boost|p1a: Ogerpon|atk|2
|
|upkeep
|turn|6
|
|t:|1781532407
|-terastallize|p1a: Ogerpon|Water
|detailschange|p1a: Ogerpon|Ogerpon-Wellspring-Tera, F, tera:Water
|-ability|p1a: Ogerpon|Embody Aspect (Wellspring)|boost
|-boost|p1a: Ogerpon|spd|1
|move|p1a: Ogerpon|Ivy Cudgel|p2a: Kyurem|[anim] Ivy Cudgel Water
|-resisted|p2a: Kyurem
|-damage|p2a: Kyurem|38/100
|move|p2a: Kyurem|Freeze-Dry|p1a: Ogerpon
|-supereffective|p1a: Ogerpon
|-damage|p1a: Ogerpon|43/100
|
|upkeep
|turn|7
|
|t:|1781532416
|switch|p2a: Hatterene|Hatterene, F|100/100
|move|p1a: Ogerpon|Ivy Cudgel|p2a: Hatterene|[anim] Ivy Cudgel Water
|-crit|p2a: Hatterene
|-damage|p2a: Hatterene|0 fnt
|faint|p2a: Hatterene
|
|upkeep
|inactive|zwardo2000 has 120 seconds left.
|j| 54 Insane Rats
|
|t:|1781532469
|switch|p2a: Darkrai|Darkrai|100/100
|turn|8
|
|t:|1781532475
|move|p2a: Darkrai|Will-O-Wisp|p1a: Ogerpon
|-status|p1a: Ogerpon|brn
|move|p1a: Ogerpon|Horn Leech|p2a: Darkrai
|-damage|p2a: Darkrai|42/100
|-heal|p1a: Ogerpon|70/100 brn|[from] drain|[of] p2a: Darkrai
|
|-damage|p1a: Ogerpon|64/100 brn|[from] brn
|upkeep
|turn|9
|l| 54 Insane Rats
|
|t:|1781532486
|switch|p2a: Dragonite|Dragonite, F|100/100
|move|p1a: Ogerpon|Ivy Cudgel|p2a: Dragonite|[anim] Ivy Cudgel Water
|-resisted|p2a: Dragonite
|-damage|p2a: Dragonite|83/100
|
|-damage|p1a: Ogerpon|58/100 brn|[from] brn
|upkeep
|turn|10
|
|t:|1781532493
|move|p1a: Ogerpon|Swords Dance|p1a: Ogerpon
|-boost|p1a: Ogerpon|atk|2
|move|p2a: Dragonite|Dragon Dance|p2a: Dragonite
|-boost|p2a: Dragonite|atk|1
|-boost|p2a: Dragonite|spe|1
|
|-damage|p1a: Ogerpon|52/100 brn|[from] brn
|upkeep
|turn|11
|inactive|zwardo2000 has 120 seconds left.
|
|t:|1781532499
|move|p2a: Dragonite|Roost|p2a: Dragonite
|-heal|p2a: Dragonite|100/100
|-singleturn|p2a: Dragonite|move: Roost
|move|p1a: Ogerpon|Encore|p2a: Dragonite
|-start|p2a: Dragonite|Encore
|
|-damage|p1a: Ogerpon|46/100 brn|[from] brn
|upkeep
|turn|12
|
|t:|1781532508
|move|p2a: Dragonite|Roost||[still]
|-fail|p2a: Dragonite|heal
|move|p1a: Ogerpon|Swords Dance|p1a: Ogerpon
|-boost|p1a: Ogerpon|atk|2
|
|-damage|p1a: Ogerpon|40/100 brn|[from] brn
|upkeep
|turn|13
|
|t:|1781532515
|move|p2a: Dragonite|Roost||[still]
|-fail|p2a: Dragonite|heal
|move|p1a: Ogerpon|Horn Leech|p2a: Dragonite
|-resisted|p2a: Dragonite
|-damage|p2a: Dragonite|90/100
|-heal|p1a: Ogerpon|47/100 brn|[from] drain|[of] p2a: Dragonite
|
|-damage|p1a: Ogerpon|41/100 brn|[from] brn
|upkeep
|turn|14
|
|t:|1781532522
|move|p2a: Dragonite|Roost|p2a: Dragonite
|-heal|p2a: Dragonite|100/100
|-singleturn|p2a: Dragonite|move: Roost
|move|p1a: Ogerpon|Ivy Cudgel|p2a: Dragonite|[anim] Ivy Cudgel Water
|-resisted|p2a: Dragonite
|-damage|p2a: Dragonite|65/100
|
|-damage|p1a: Ogerpon|35/100 brn|[from] brn
|-end|p2a: Dragonite|Encore
|upkeep
|turn|15
|
|t:|1781532525
|move|p2a: Dragonite|Extreme Speed|p1a: Ogerpon
|-damage|p1a: Ogerpon|0 fnt
|faint|p1a: Ogerpon
|detailschange|p1: Ogerpon|Ogerpon-Wellspring, F|[silent]
|
|upkeep
|
|t:|1781532530
|switch|p1a: Zapdos|Zapdos|100/100
|turn|16
|
|t:|1781532549
|-terastallize|p2a: Dragonite|Normal
|move|p2a: Dragonite|Extreme Speed|p1a: Zapdos
|-damage|p1a: Zapdos|57/100
|-status|p2a: Dragonite|par|[from] ability: Static|[of] p1a: Zapdos
|move|p1a: Zapdos|Thunder Wave|p2a: Dragonite
|-fail|p2a: Dragonite|par
|
|upkeep
|turn|17
|
|t:|1781532557
|move|p2a: Dragonite|Extreme Speed|p1a: Zapdos
|-damage|p1a: Zapdos|11/100
|move|p1a: Zapdos|Roost|p1a: Zapdos
|-heal|p1a: Zapdos|61/100
|-singleturn|p1a: Zapdos|move: Roost
|
|upkeep
|turn|18
|
|t:|1781532562
|move|p1a: Zapdos|Roost|p1a: Zapdos
|-heal|p1a: Zapdos|100/100
|-singleturn|p1a: Zapdos|move: Roost
|move|p2a: Dragonite|Dragon Dance|p2a: Dragonite
|-boost|p2a: Dragonite|atk|1
|-boost|p2a: Dragonite|spe|1
|
|upkeep
|turn|19
|
|t:|1781532565
|cant|p2a: Dragonite|par
|move|p1a: Zapdos|Hurricane|p2a: Dragonite|[miss]
|-miss|p1a: Zapdos|p2a: Dragonite
|
|upkeep
|turn|20
|
|t:|1781532570
|move|p2a: Dragonite|Extreme Speed|p1a: Zapdos
|-damage|p1a: Zapdos|37/100
|move|p1a: Zapdos|Volt Switch|p2a: Dragonite
|-damage|p2a: Dragonite|37/100 par
|
|t:|1781532584
|switch|p1a: Arcanine|Arcanine-Hisui, F|100/100|[from] Volt Switch
|
|upkeep
|turn|21
|
|t:|1781532589
|move|p1a: Arcanine|Extreme Speed|p2a: Dragonite
|-damage|p2a: Dragonite|0 fnt
|faint|p2a: Dragonite
|
|upkeep
|
|t:|1781532593
|switch|p2a: Great Tusk|Great Tusk|100/100
|turn|22
|
|t:|1781532597
|switch|p1a: Zapdos|Zapdos|37/100
|move|p2a: Great Tusk|Stealth Rock|p1a: Zapdos
|-sidestart|p1: funnygames(1997)|move: Stealth Rock
|
|upkeep
|turn|23
|
|t:|1781532604
|move|p2a: Great Tusk|Headlong Rush|p1a: Zapdos
|-immune|p1a: Zapdos
|move|p1a: Zapdos|Roost|p1a: Zapdos
|-heal|p1a: Zapdos|87/100
|-singleturn|p1a: Zapdos|move: Roost
|
|upkeep
|turn|24
|
|t:|1781532614
|-end|p2a: Great Tusk|Protosynthesis|[silent]
|switch|p2a: Gholdengo|Gholdengo|47/100
|move|p1a: Zapdos|Hurricane|p2a: Gholdengo|[miss]
|-miss|p1a: Zapdos|p2a: Gholdengo
|
|upkeep
|turn|25
|
|t:|1781532624
|move|p2a: Gholdengo|Nasty Plot|p2a: Gholdengo
|-boost|p2a: Gholdengo|spa|2
|move|p1a: Zapdos|Volt Switch|p2a: Gholdengo
|-damage|p2a: Gholdengo|14/100
|
|t:|1781532627
|switch|p1a: Darkrai|Darkrai|100/100|[from] Volt Switch
|-damage|p1a: Darkrai|88/100|[from] Stealth Rock
|
|upkeep
|turn|26
|
|t:|1781532637
|move|p1a: Darkrai|Ice Beam|p2a: Gholdengo
|-resisted|p2a: Gholdengo
|-damage|p2a: Gholdengo|0 fnt
|faint|p2a: Gholdengo
|
|upkeep
|
|t:|1781532642
|switch|p2a: Kyurem|Kyurem|38/100
|-ability|p2a: Kyurem|Pressure
|turn|27
|
|t:|1781532649
|move|p1a: Darkrai|Ice Beam|p2a: Kyurem
|-damage|p2a: Kyurem|17/100
|move|p2a: Kyurem|Ice Beam|p1a: Darkrai
|-damage|p1a: Darkrai|29/100
|
|upkeep
|turn|28
|
|t:|1781532654
|move|p1a: Darkrai|Ice Beam|p2a: Kyurem
|-damage|p2a: Kyurem|0 fnt
|faint|p2a: Kyurem
|
|upkeep
|
|t:|1781532656
|switch|p2a: Darkrai|Darkrai|42/100
|turn|29
|
|t:|1781532659
|move|p1a: Darkrai|Ice Beam|p2a: Darkrai
|-damage|p2a: Darkrai|0 fnt
|faint|p2a: Darkrai
|
|upkeep
|
|t:|1781532661
|switch|p2a: Great Tusk|Great Tusk|100/100
|turn|30
|
|t:|1781532663
|move|p1a: Darkrai|Ice Beam|p2a: Great Tusk
|-supereffective|p2a: Great Tusk
|-crit|p2a: Great Tusk
|-damage|p2a: Great Tusk|0 fnt
|faint|p2a: Great Tusk
|-end|p2a: Great Tusk|Protosynthesis|[silent]
|
|win|funnygames(1997)
|raw|funnygames(1997)'s rating: 1555 &rarr; <strong>1581</strong><br />(+26 for winning)
|raw|zwardo2000's rating: 1658 &rarr; <strong>1632</strong><br />(-26 for losing)
|l|☆funnygames(1997)
|player|p1|
|l|☆zwardo2000
|player|p2|
