|j|☆Luisowbro
|j|‽log100
|t:|1781282663
|gametype|singles
|player|p1|Luisowbro|ingo|1585
|player|p2|log100|iris-gen5bw2|1550
|gen|9
|tier|[Gen 9] OU
|rated|
|rule|HP Percentage Mod: HP is shown in percentages
|rule|Endless Battle Clause: Forcing endless battles is banned
|rule|Species Clause: Limit one of each Pokémon
|rule|OHKO Clause: OHKO moves are banned
|rule|Evasion Items Clause: Evasion items are banned
|rule|Evasion Moves Clause: Evasion moves are banned
|rule|Evasion Abilities Clause: Evasion abilities are banned
|rule|Sleep Moves Clause: Sleep-inducing moves are banned
|clearpoke
|poke|p1|Moltres-Galar|
|poke|p1|Haxorus, M|
|poke|p1|Thundurus-Therian, M|
|poke|p1|Scizor, M|
|poke|p1|Volcanion|
|poke|p1|Ninetales-Alola, F|
|poke|p2|Mamoswine, M|
|poke|p2|Kingambit, F|
|poke|p2|Corviknight, M|
|poke|p2|Slowking-Galar, M|
|poke|p2|Dragapult, M|
|poke|p2|Raging Bolt|
|teampreview
|inactive|Battle timer is ON: inactive players will automatically lose when time's up. (requested by log100)
|
|t:|1781282705
|teamsize|p1|6
|teamsize|p2|6
|start
|switch|p1a: Scizor|Scizor, M|100/100
|switch|p2a: Kingambit|Kingambit, F|100/100
|turn|1
|
|t:|1781282714
|move|p2a: Kingambit|Swords Dance|p2a: Kingambit
|-boost|p2a: Kingambit|atk|2
|move|p1a: Scizor|U-turn|p2a: Kingambit
|-damage|p2a: Kingambit|57/100
|inactive|Luisowbro has 120 seconds left.
|
|t:|1781282746
|switch|p1a: Volcanion|Volcanion|100/100|[from] U-turn
|
|-heal|p2a: Kingambit|63/100|[from] item: Leftovers
|upkeep
|turn|2
|inactive|Luisowbro has 120 seconds left.
|
|t:|1781282788
|move|p2a: Kingambit|Sucker Punch|p1a: Volcanion
|-damage|p1a: Volcanion|32/100
|move|p1a: Volcanion|Flamethrower|p2a: Kingambit
|-supereffective|p2a: Kingambit
|-damage|p2a: Kingambit|0 fnt
|faint|p2a: Kingambit
|-end|p2a: Kingambit|fallenundefined|[silent]
|
|upkeep
|
|t:|1781282797
|switch|p2a: Mamoswine|Mamoswine, M|100/100
|turn|3
|inactive|log100 has 120 seconds left.
|
|t:|1781282826
|move|p2a: Mamoswine|Earthquake|p1a: Volcanion
|-supereffective|p1a: Volcanion
|-damage|p1a: Volcanion|0 fnt
|faint|p1a: Volcanion
|
|upkeep
|
|t:|1781282838
|switch|p1a: Ninetales|Ninetales-Alola, F, shiny|100/100
|-weather|Snowscape|[from] ability: Snow Warning|[of] p1a: Ninetales
|turn|4
|inactive|log100 has 120 seconds left.
|
|t:|1781282843
|move|p1a: Ninetales|Aurora Veil|p1a: Ninetales
|-sidestart|p1: Luisowbro|move: Aurora Veil
|move|p2a: Mamoswine|Earthquake|p1a: Ninetales
|-damage|p1a: Ninetales|62/100
|
|-weather|Snowscape|[upkeep]
|upkeep
|turn|5
|inactive|log100 has 120 seconds left.
|
|t:|1781282854
|switch|p1a: Thundurus|Thundurus-Therian, M, shiny|100/100
|switch|p2a: Raging Bolt|Raging Bolt|100/100
|
|-weather|Snowscape|[upkeep]
|upkeep
|turn|6
|
|t:|1781282865
|move|p1a: Thundurus|Volt Switch|p2a: Raging Bolt
|-resisted|p2a: Raging Bolt
|-damage|p2a: Raging Bolt|91/100
|
|t:|1781282870
|switch|p1a: Ninetales|Ninetales-Alola, F, shiny|62/100|[from] Volt Switch
|move|p2a: Raging Bolt|Thunderbolt|p1a: Ninetales
|-damage|p1a: Ninetales|26/100
|-status|p1a: Ninetales|par
|
|-weather|Snowscape|[upkeep]
|upkeep
|turn|7
|inactive|Luisowbro has 120 seconds left.
|
|t:|1781282878
|move|p2a: Raging Bolt|Thunderbolt|p1a: Ninetales
|-damage|p1a: Ninetales|0 fnt
|faint|p1a: Ninetales
|
|-weather|Snowscape|[upkeep]
|upkeep
|inactive|Luisowbro has 120 seconds left.
|
|t:|1781282886
|switch|p1a: Haxorus|Haxorus, M, shiny|100/100
|-ability|p1a: Haxorus|Mold Breaker
|turn|8
|
|t:|1781282896
|-end|p2a: Raging Bolt|Protosynthesis|[silent]
|switch|p2a: Corviknight|Corviknight, M|100/100
|move|p1a: Haxorus|Scale Shot|p2a: Corviknight
|-resisted|p2a: Corviknight
|-damage|p2a: Corviknight|96/100
|-resisted|p2a: Corviknight
|-damage|p2a: Corviknight|92/100
|-resisted|p2a: Corviknight
|-damage|p2a: Corviknight|87/100
|-resisted|p2a: Corviknight
|-damage|p2a: Corviknight|83/100
|-hitcount|p2a: Corviknight|4
|-unboost|p1a: Haxorus|def|1
|-boost|p1a: Haxorus|spe|1
|
|-weather|none
|-heal|p2a: Corviknight|89/100|[from] item: Leftovers
|upkeep
|turn|9
|
|t:|1781282910
|move|p1a: Haxorus|Swords Dance|p1a: Haxorus
|-boost|p1a: Haxorus|atk|2
|move|p2a: Corviknight|U-turn|p1a: Haxorus
|-damage|p1a: Haxorus|85/100
|
|t:|1781282914
|switch|p2a: Mamoswine|Mamoswine, M|100/100|[from] U-turn
|
|upkeep
|turn|10
|
|t:|1781282922
|switch|p2a: Corviknight|Corviknight, M|89/100
|move|p1a: Haxorus|Close Combat|p2a: Corviknight
|-damage|p2a: Corviknight|38/100
|-unboost|p1a: Haxorus|def|1
|-unboost|p1a: Haxorus|spd|1
|
|-heal|p2a: Corviknight|44/100|[from] item: Leftovers
|upkeep
|turn|11
|
|t:|1781282931
|move|p1a: Haxorus|Close Combat|p2a: Corviknight
|-damage|p2a: Corviknight|0 fnt
|-unboost|p1a: Haxorus|def|1
|-unboost|p1a: Haxorus|spd|1
|faint|p2a: Corviknight
|
|-sideend|p1: Luisowbro|move: Aurora Veil
|upkeep
|
|t:|1781282935
|switch|p2a: Mamoswine|Mamoswine, M|100/100
|turn|12
|
|t:|1781282941
|switch|p1a: Scizor|Scizor, M|100/100
|move|p2a: Mamoswine|Ice Shard|p1a: Scizor
|-resisted|p1a: Scizor
|-damage|p1a: Scizor|83/100
|
|upkeep
|turn|13
|
|t:|1781282947
|switch|p2a: Slowking|Slowking-Galar, M|100/100
|move|p1a: Scizor|Bullet Punch|p2a: Slowking
|-damage|p2a: Slowking|44/100
|
|upkeep
|turn|14
|
|t:|1781282974
|-terastallize|p2a: Slowking|Water
|move|p1a: Scizor|Bullet Punch|p2a: Slowking
|-resisted|p2a: Slowking
|-damage|p2a: Slowking|16/100
|-prepare|p2a: Slowking|Chilly Reception|[premajor]
|move|p2a: Slowking|Chilly Reception|p2a: Slowking
|-weather|Snowscape
|
|t:|1781282981
|switch|p2a: Dragapult|Dragapult, M|100/100|[from] Chilly Reception
|
|-weather|Snowscape|[upkeep]
|upkeep
|turn|15
|
|t:|1781282989
|switch|p1a: Moltres|Moltres-Galar, shiny|100/100
|move|p2a: Dragapult|Will-O-Wisp|p1a: Moltres|[miss]
|-miss|p2a: Dragapult|p1a: Moltres
|
|-weather|Snowscape|[upkeep]
|upkeep
|turn|16
|
|t:|1781282999
|move|p2a: Dragapult|Thunder Wave|p1a: Moltres
|-status|p1a: Moltres|par
|move|p1a: Moltres|Fiery Wrath|p2a: Dragapult
|-supereffective|p2a: Dragapult
|-damage|p2a: Dragapult|0 fnt
|faint|p2a: Dragapult
|
|-weather|Snowscape|[upkeep]
|upkeep
|
|t:|1781283004
|switch|p2a: Raging Bolt|Raging Bolt|91/100
|turn|17
|
|t:|1781283009
|move|p2a: Raging Bolt|Draco Meteor|p1a: Moltres
|-damage|p1a: Moltres|11/100 par
|-unboost|p2a: Raging Bolt|spa|2
|-ability|p1a: Moltres|Berserk|boost
|-boost|p1a: Moltres|spa|1
|-enditem|p1a: Moltres|Sitrus Berry|[eat]
|-heal|p1a: Moltres|36/100 par|[from] item: Sitrus Berry
|move|p1a: Moltres|Fiery Wrath|p2a: Raging Bolt
|-damage|p2a: Raging Bolt|36/100
|
|-weather|Snowscape|[upkeep]
|upkeep
|turn|18
|
|t:|1781283020
|move|p2a: Raging Bolt|Draco Meteor|p1a: Moltres
|-damage|p1a: Moltres|0 fnt
|-unboost|p2a: Raging Bolt|spa|2
|faint|p1a: Moltres
|
|-weather|none
|upkeep
|
|t:|1781283026
|switch|p1a: Scizor|Scizor, M|83/100
|turn|19
|
|t:|1781283032
|-end|p2a: Raging Bolt|Protosynthesis|[silent]
|switch|p2a: Slowking|Slowking-Galar, M, tera:Water|49/100
|-terastallize|p1a: Scizor|Steel
|move|p1a: Scizor|Bullet Punch|p2a: Slowking
|-resisted|p2a: Slowking
|-damage|p2a: Slowking|16/100
|
|upkeep
|turn|20
|
|t:|1781283046
|move|p1a: Scizor|Bullet Punch|p2a: Slowking
|-resisted|p2a: Slowking
|-damage|p2a: Slowking|0 fnt
|faint|p2a: Slowking
|
|upkeep
|
|t:|1781283048
|switch|p2a: Raging Bolt|Raging Bolt|36/100
|turn|21
|
|t:|1781283053
|move|p2a: Raging Bolt|Thunderclap|p1a: Scizor
|-damage|p1a: Scizor|13/100
|move|p1a: Scizor|Bullet Punch|p2a: Raging Bolt
|-resisted|p2a: Raging Bolt
|-damage|p2a: Raging Bolt|3/100
|
|upkeep
|turn|22
|
|t:|1781283066
|switch|p1a: Thundurus|Thundurus-Therian, M, shiny|100/100
|move|p2a: Raging Bolt|Thunderclap||[still]
|-fail|p2a: Raging Bolt
|
|upkeep
|turn|23
|
|t:|1781283073
|move|p2a: Raging Bolt|Thunderclap|p1a: Thundurus
|-immune|p1a: Thundurus|[from] ability: Volt Absorb
|move|p1a: Thundurus|Psychic|p2a: Raging Bolt
|-damage|p2a: Raging Bolt|0 fnt
|faint|p2a: Raging Bolt
|-end|p2a: Raging Bolt|Protosynthesis|[silent]
|
|upkeep
|
|t:|1781283077
|switch|p2a: Mamoswine|Mamoswine, M|100/100
|turn|24
|
|t:|1781283083
|move|p1a: Thundurus|Psychic|p2a: Mamoswine
|-damage|p2a: Mamoswine|44/100
|move|p2a: Mamoswine|Icicle Crash|p1a: Thundurus
|-supereffective|p1a: Thundurus
|-damage|p1a: Thundurus|0 fnt
|faint|p1a: Thundurus
|
|upkeep
|j| nesnot
|
|t:|1781283101
|switch|p1a: Scizor|Scizor, M, tera:Steel|13/100
|turn|25
|
|t:|1781283104
|move|p1a: Scizor|Bullet Punch|p2a: Mamoswine
|-supereffective|p2a: Mamoswine
|-damage|p2a: Mamoswine|0 fnt
|faint|p2a: Mamoswine
|
|win|Luisowbro
|raw|Luisowbro's rating: 1585 &rarr; <strong>1603</strong><br />(+18 for winning)
|raw|log100's rating: 1550 &rarr; <strong>1532</strong><br />(-18 for losing)
|l|‽log100
|player|p2|
|l| nesnot
|l|☆Luisowbro
|player|p1|
