|j|☆BlackStar150520
|j|☆FitzyLegend
|t:|1781069505
|gametype|singles
|player|p1|BlackStar150520|unknown|1636
|player|p2|FitzyLegend|hilbert|1527
|gen|9
|tier|[Gen 9] OU
|rated|
|rule|HP Percentage Mod: HP is shown in percentages
|rule|Endless Battle Clause: Forcing endless battles is banned
|rule|Species Clause: Limit one of each Pokémon
|rule|OHKO Clause: OHKO moves are banned
|rule|Evasion Items Clause: Evasion items are banned
|rule|Evasion Moves Clause: Evasion moves are banned
|rule|Evasion Abilities Clause: Evasion abilities are banned
|rule|Sleep Moves Clause: Sleep-inducing moves are banned
|clearpoke
|poke|p1|Raging Bolt|
|poke|p1|Kingambit, M|
|poke|p1|Iron Moth|
|poke|p1|Ogerpon-Wellspring, F|
|poke|p1|Scizor, F|
|poke|p1|Great Tusk|
|poke|p2|Hawlucha, M|
|poke|p2|Maushold-Four|
|poke|p2|Iron Valiant|
|poke|p2|Samurott-Hisui, M|
|poke|p2|Serperior, M|
|poke|p2|Gliscor, M|
|teampreview
|inactive|Battle timer is ON: inactive players will automatically lose when time's up. (requested by BlackStar150520)
|inactive|BlackStar150520 has 120 seconds left.
|
|t:|1781069561
|teamsize|p1|6
|teamsize|p2|6
|start
|switch|p1a: Red Lightning|Scizor, F|100/100
|switch|p2a: Serperior|Serperior, M|100/100
|turn|1
|
|t:|1781069571
|-terastallize|p2a: Serperior|Dragon
|move|p2a: Serperior|Glare|p1a: Red Lightning
|-status|p1a: Red Lightning|par
|cant|p1a: Red Lightning|par
|
|upkeep
|turn|2
|
|t:|1781069578
|move|p1a: Red Lightning|Bullet Punch|p2a: Serperior
|-damage|p2a: Serperior|33/100
|move|p2a: Serperior|Substitute|p2a: Serperior
|-start|p2a: Serperior|Substitute
|-damage|p2a: Serperior|8/100
|
|-heal|p2a: Serperior|15/100|[from] item: Leftovers
|upkeep
|turn|3
|
|t:|1781069589
|move|p1a: Red Lightning|Bullet Punch|p2a: Serperior
|-end|p2a: Serperior|Substitute
|move|p2a: Serperior|Leaf Storm|p1a: Red Lightning
|-resisted|p1a: Red Lightning
|-damage|p1a: Red Lightning|86/100 par
|-boost|p2a: Serperior|spa|2
|
|-heal|p2a: Serperior|21/100|[from] item: Leftovers
|upkeep
|turn|4
|
|t:|1781069602
|switch|p2a: Gliscor|Gliscor, M|100/100
|move|p1a: Red Lightning|Bullet Punch|p2a: Gliscor
|-damage|p2a: Gliscor|57/100
|
|-status|p2a: Gliscor|tox|[from] item: Toxic Orb
|upkeep
|turn|5
|
|t:|1781069626
|switch|p1a: 🎭|Ogerpon-Wellspring, F|100/100
|move|p2a: Gliscor|Protect||[still]
|-fail|p2a: Gliscor
|
|-heal|p2a: Gliscor|69/100 tox|[from] ability: Poison Heal
|upkeep
|turn|6
|
|t:|1781069636
|switch|p2a: Samurott|Samurott-Hisui, M|100/100
|move|p1a: 🎭|Ivy Cudgel|p2a: Samurott|[anim] Ivy Cudgel Water
|-resisted|p2a: Samurott
|-damage|p2a: Samurott|60/100
|
|upkeep
|turn|7
|
|t:|1781069653
|switch|p2a: Iron Valiant|Iron Valiant|100/100
|-enditem|p2a: Iron Valiant|Booster Energy
|-activate|p2a: Iron Valiant|ability: Quark Drive|[fromitem]
|-start|p2a: Iron Valiant|quarkdrivespe
|move|p1a: 🎭|U-turn|p2a: Iron Valiant
|-resisted|p2a: Iron Valiant
|-damage|p2a: Iron Valiant|93/100
|
|t:|1781069657
|switch|p1a: Red Lightning|Scizor, F|86/100 par|[from] U-turn
|
|upkeep
|turn|8
|
|t:|1781069667
|move|p2a: Iron Valiant|Knock Off|p1a: Red Lightning
|-damage|p1a: Red Lightning|55/100 par
|-enditem|p1a: Red Lightning|Choice Band|[from] move: Knock Off|[of] p2a: Iron Valiant
|move|p1a: Red Lightning|U-turn|p2a: Iron Valiant
|-resisted|p2a: Iron Valiant
|-damage|p2a: Iron Valiant|79/100
|
|t:|1781069671
|switch|p1a: 🎭|Ogerpon-Wellspring, F|100/100|[from] U-turn
|
|upkeep
|turn|9
|
|t:|1781069678
|move|p2a: Iron Valiant|Moonblast|p1a: 🎭
|-damage|p1a: 🎭|46/100
|move|p1a: 🎭|Ivy Cudgel|p2a: Iron Valiant|[anim] Ivy Cudgel Water
|-damage|p2a: Iron Valiant|0 fnt
|faint|p2a: Iron Valiant
|-end|p2a: Iron Valiant|Quark Drive|[silent]
|
|upkeep
|
|t:|1781069697
|switch|p2a: Maushold|Maushold-Four|100/100
|turn|10
|
|t:|1781069707
|move|p2a: Maushold|Tidy Up|p2a: Maushold
|-boost|p2a: Maushold|atk|1
|-boost|p2a: Maushold|spe|1
|move|p1a: 🎭|Encore|p2a: Maushold
|-start|p2a: Maushold|Encore
|
|upkeep
|turn|11
|
|t:|1781069715
|switch|p2a: Samurott|Samurott-Hisui, M|60/100
|move|p1a: 🎭|Ivy Cudgel|p2a: Samurott|[anim] Ivy Cudgel Water
|-resisted|p2a: Samurott
|-damage|p2a: Samurott|24/100
|
|upkeep
|turn|12
|
|t:|1781069722
|move|p2a: Samurott|Sucker Punch|p1a: 🎭
|-damage|p1a: 🎭|7/100
|move|p1a: 🎭|Ivy Cudgel|p2a: Samurott|[anim] Ivy Cudgel Water
|-resisted|p2a: Samurott
|-damage|p2a: Samurott|0 fnt
|faint|p2a: Samurott
|
|upkeep
|
|t:|1781069730
|switch|p2a: Maushold|Maushold-Four|100/100
|turn|13
|
|t:|1781069734
|switch|p1a: Red Lightning|Scizor, F|55/100 par
|move|p2a: Maushold|Population Bomb|p1a: Red Lightning
|-resisted|p1a: Red Lightning
|-damage|p1a: Red Lightning|49/100 par
|-resisted|p1a: Red Lightning
|-damage|p1a: Red Lightning|42/100 par
|-resisted|p1a: Red Lightning
|-damage|p1a: Red Lightning|36/100 par
|-resisted|p1a: Red Lightning
|-damage|p1a: Red Lightning|30/100 par
|-resisted|p1a: Red Lightning
|-damage|p1a: Red Lightning|25/100 par
|-resisted|p1a: Red Lightning
|-damage|p1a: Red Lightning|19/100 par
|-resisted|p1a: Red Lightning
|-damage|p1a: Red Lightning|13/100 par
|-resisted|p1a: Red Lightning
|-damage|p1a: Red Lightning|7/100 par
|-resisted|p1a: Red Lightning
|-damage|p1a: Red Lightning|1/100 par
|-resisted|p1a: Red Lightning
|-damage|p1a: Red Lightning|0 fnt
|faint|p1a: Red Lightning
|-hitcount|p1: Red Lightning|10
|
|upkeep
|
|t:|1781069747
|switch|p1a: Mega Donphan|Great Tusk|100/100
|turn|14
|
|t:|1781069774
|move|p2a: Maushold|Crunch|p1a: Mega Donphan
|-resisted|p1a: Mega Donphan
|-damage|p1a: Mega Donphan|94/100
|move|p1a: Mega Donphan|Headlong Rush|p2a: Maushold
|-damage|p2a: Maushold|6/100
|-unboost|p1a: Mega Donphan|def|1
|-unboost|p1a: Mega Donphan|spd|1
|
|upkeep
|turn|15
|
|t:|1781069800
|move|p2a: Maushold|Population Bomb|p1a: Mega Donphan
|-damage|p1a: Mega Donphan|82/100
|-damage|p1a: Mega Donphan|70/100
|-damage|p1a: Mega Donphan|57/100
|-crit|p1a: Mega Donphan
|-damage|p1a: Mega Donphan|38/100
|-damage|p1a: Mega Donphan|26/100
|-damage|p1a: Mega Donphan|14/100
|-damage|p1a: Mega Donphan|2/100
|-damage|p1a: Mega Donphan|0 fnt
|faint|p1a: Mega Donphan
|-end|p1a: Mega Donphan|Protosynthesis|[silent]
|-hitcount|p1: Mega Donphan|8
|
|upkeep
|
|t:|1781069804
|switch|p1a: Robo Rona|Iron Moth|100/100
|-enditem|p1a: Robo Rona|Booster Energy
|-activate|p1a: Robo Rona|ability: Quark Drive|[fromitem]
|-start|p1a: Robo Rona|quarkdrivespe
|turn|16
|
|t:|1781069824
|move|p1a: Robo Rona|Fiery Dance|p2a: Maushold
|-damage|p2a: Maushold|0 fnt
|-boost|p1a: Robo Rona|spa|1
|faint|p2a: Maushold
|
|upkeep
|
|t:|1781069831
|switch|p2a: Gliscor|Gliscor, M|69/100 tox
|turn|17
|
|t:|1781069836
|-terastallize|p1a: Robo Rona|Fairy
|move|p2a: Gliscor|Protect|p2a: Gliscor
|-singleturn|p2a: Gliscor|Protect
|move|p1a: Robo Rona|Dazzling Gleam|p2a: Gliscor
|-activate|p2a: Gliscor|move: Protect
|
|-heal|p2a: Gliscor|82/100 tox|[from] ability: Poison Heal
|upkeep
|turn|18
|
|t:|1781069852
|move|p1a: Robo Rona|Dazzling Gleam|p2a: Gliscor
|-damage|p2a: Gliscor|29/100 tox
|move|p2a: Gliscor|Facade|p1a: Robo Rona
|-damage|p1a: Robo Rona|56/100
|
|-heal|p2a: Gliscor|41/100 tox|[from] ability: Poison Heal
|upkeep
|turn|19
|
|t:|1781069864
|move|p2a: Gliscor|Protect|p2a: Gliscor
|-singleturn|p2a: Gliscor|Protect
|move|p1a: Robo Rona|Dazzling Gleam|p2a: Gliscor
|-activate|p2a: Gliscor|move: Protect
|
|-heal|p2a: Gliscor|54/100 tox|[from] ability: Poison Heal
|upkeep
|turn|20
|
|t:|1781069872
|move|p1a: Robo Rona|Dazzling Gleam|p2a: Gliscor
|-damage|p2a: Gliscor|7/100 tox
|move|p2a: Gliscor|Facade|p1a: Robo Rona
|-damage|p1a: Robo Rona|6/100
|
|-heal|p2a: Gliscor|20/100 tox|[from] ability: Poison Heal
|upkeep
|turn|21
|
|t:|1781069883
|move|p1a: Robo Rona|Dazzling Gleam|p2a: Gliscor
|-damage|p2a: Gliscor|0 fnt
|faint|p2a: Gliscor
|
|upkeep
|
|t:|1781069896
|switch|p2a: Serperior|Serperior, M, tera:Dragon|21/100
|turn|22
|
|t:|1781069901
|move|p1a: Robo Rona|Sludge Wave|p2a: Serperior
|-damage|p2a: Serperior|0 fnt
|faint|p2a: Serperior
|
|upkeep
|j| AbrarS
|
|t:|1781069906
|switch|p2a: Hawlucha|Hawlucha, M|100/100
|turn|23
|l| AbrarS
|
|t:|1781069909
|move|p1a: Robo Rona|Psychic|p2a: Hawlucha
|-supereffective|p2a: Hawlucha
|-damage|p2a: Hawlucha|0 fnt
|faint|p2a: Hawlucha
|
|win|BlackStar150520
|raw|BlackStar150520's rating: 1636 &rarr; <strong>1650</strong><br />(+14 for winning)
|raw|FitzyLegend's rating: 1527 &rarr; <strong>1513</strong><br />(-14 for losing)
