|j|☆Sanskiller55
|j|☆Rj yoip
|t:|1781133580
|gametype|singles
|player|p1|Sanskiller55|acerola-masters|1551
|player|p2|Rj yoip|caitlin-masters|1679
|gen|9
|tier|[Gen 9] OU
|rated|
|rule|HP Percentage Mod: HP is shown in percentages
|rule|Endless Battle Clause: Forcing endless battles is banned
|rule|Species Clause: Limit one of each Pokémon
|rule|OHKO Clause: OHKO moves are banned
|rule|Evasion Items Clause: Evasion items are banned
|rule|Evasion Moves Clause: Evasion moves are banned
|rule|Evasion Abilities Clause: Evasion abilities are banned
|rule|Sleep Moves Clause: Sleep-inducing moves are banned
|clearpoke
|poke|p1|Chesnaught, M|
|poke|p1|Clodsire, M|
|poke|p1|Kyurem|
|poke|p1|Great Tusk|
|poke|p1|Ogerpon-Wellspring, F|
|poke|p1|Pecharunt|
|poke|p2|Tyranitar, F|
|poke|p2|Hydrapple, M|
|poke|p2|Enamorus, F|
|poke|p2|Garganacl, M|
|poke|p2|Excadrill, F|
|poke|p2|Alomomola, F|
|teampreview
|inactive|Battle timer is ON: inactive players will automatically lose when time's up. (requested by Sanskiller55)
|
|t:|1781133607
|teamsize|p1|6
|teamsize|p2|6
|start
|switch|p1a: Hungry Dragon|Kyurem|100/100
|switch|p2a: Garganacl|Garganacl, M|100/100
|-ability|p1a: Hungry Dragon|Pressure
|turn|1
|
|t:|1781133613
|-terastallize|p1a: Hungry Dragon|Ground
|move|p1a: Hungry Dragon|Earth Power|p2a: Garganacl
|-supereffective|p2a: Garganacl
|-crit|p2a: Garganacl
|-damage|p2a: Garganacl|0 fnt
|faint|p2a: Garganacl
|
|upkeep
|
|t:|1781133621
|switch|p2a: Alomomola|Alomomola, F|100/100
|turn|2
|
|t:|1781133626
|switch|p1a: Girlboss|Ogerpon-Wellspring, F|100/100
|move|p2a: Alomomola|Body Slam|p1a: Girlboss
|-damage|p1a: Girlboss|81/100
|
|upkeep
|turn|3
|
|t:|1781133629
|switch|p2a: Hydrapple|Hydrapple, M|100/100
|move|p1a: Girlboss|Knock Off|p2a: Hydrapple
|-damage|p2a: Hydrapple|78/100
|-damage|p1a: Girlboss|65/100|[from] item: Rocky Helmet|[of] p2a: Hydrapple
|-enditem|p2a: Hydrapple|Rocky Helmet|[from] move: Knock Off|[of] p1a: Girlboss
|
|upkeep
|turn|4
|
|t:|1781133632
|move|p1a: Girlboss|U-turn|p2a: Hydrapple
|-supereffective|p2a: Hydrapple
|-damage|p2a: Hydrapple|49/100
|
|t:|1781133637
|switch|p1a: Misinformation|Pecharunt|100/100|[from] U-turn
|move|p2a: Hydrapple|Fickle Beam|p1a: Misinformation
|-damage|p1a: Misinformation|69/100
|
|-heal|p1a: Misinformation|75/100|[from] item: Leftovers
|upkeep
|turn|5
|
|t:|1781133641
|switch|p2a: Tyranitar|Tyranitar, F|100/100
|-weather|Sandstorm|[from] ability: Sand Stream|[of] p2a: Tyranitar
|move|p1a: Misinformation|Malignant Chain|p2a: Tyranitar
|-resisted|p2a: Tyranitar
|-damage|p2a: Tyranitar|89/100
|
|-weather|Sandstorm|[upkeep]
|-damage|p1a: Misinformation|69/100|[from] Sandstorm
|-heal|p1a: Misinformation|75/100|[from] item: Leftovers
|upkeep
|turn|6
|
|t:|1781133643
|move|p2a: Tyranitar|Knock Off|p1a: Misinformation
|-supereffective|p1a: Misinformation
|-damage|p1a: Misinformation|0 fnt
|-enditem|p1a: Misinformation|Leftovers|[from] move: Knock Off|[of] p2a: Tyranitar
|faint|p1a: Misinformation
|
|-weather|Sandstorm|[upkeep]
|upkeep
|
|t:|1781133647
|switch|p1a: Hungry Dragon|Kyurem, tera:Ground|100/100
|-ability|p1a: Hungry Dragon|Pressure
|turn|7
|
|t:|1781133649
|switch|p2a: Alomomola|Alomomola, F|100/100
|move|p1a: Hungry Dragon|Freeze-Dry|p2a: Alomomola
|-supereffective|p2a: Alomomola
|-damage|p2a: Alomomola|42/100
|
|-weather|Sandstorm|[upkeep]
|-damage|p2a: Alomomola|36/100|[from] Sandstorm
|upkeep
|turn|8
|
|t:|1781133652
|switch|p2a: Tyranitar|Tyranitar, F|89/100
|move|p1a: Hungry Dragon|Freeze-Dry|p2a: Tyranitar
|-damage|p2a: Tyranitar|55/100
|-status|p2a: Tyranitar|frz
|
|-weather|Sandstorm|[upkeep]
|upkeep
|turn|9
|
|t:|1781133656
|switch|p1a: The Paladin|Chesnaught, M|100/100
|cant|p2a: Tyranitar|frz
|
|-weather|none
|upkeep
|turn|10
|
|t:|1781133659
|switch|p2a: Hydrapple|Hydrapple, M|83/100
|move|p1a: The Paladin|Knock Off|p2a: Hydrapple
|-damage|p2a: Hydrapple|73/100
|
|upkeep
|turn|11
|
|t:|1781133664
|move|p1a: The Paladin|Iron Defense|p1a: The Paladin
|-boost|p1a: The Paladin|def|2
|move|p2a: Hydrapple|Giga Drain|p1a: The Paladin
|-resisted|p1a: The Paladin
|-damage|p1a: The Paladin|86/100
|-heal|p2a: Hydrapple|79/100|[from] drain|[of] p1a: The Paladin
|
|upkeep
|turn|12
|
|t:|1781133666
|switch|p2a: Enamorus|Enamorus, F|100/100
|move|p1a: The Paladin|Body Press|p2a: Enamorus
|-resisted|p2a: Enamorus
|-damage|p2a: Enamorus|68/100
|
|upkeep
|turn|13
|
|t:|1781133670
|switch|p1a: Gus|Clodsire, M, shiny|100/100
|move|p2a: Enamorus|Moonblast|p1a: Gus
|-resisted|p1a: Gus
|-damage|p1a: Gus|84/100
|-unboost|p1a: Gus|spa|1
|
|-heal|p1a: Gus|90/100|[from] item: Leftovers
|upkeep
|turn|14
|
|t:|1781133674
|switch|p2a: Tyranitar|Tyranitar, F|55/100 frz
|-weather|Sandstorm|[from] ability: Sand Stream|[of] p2a: Tyranitar
|move|p1a: Gus|Spikes|p2a: Tyranitar
|-sidestart|p2: Rj yoip|Spikes
|
|-weather|Sandstorm|[upkeep]
|-heal|p1a: Gus|96/100|[from] item: Leftovers
|upkeep
|turn|15
|
|t:|1781133679
|switch|p1a: The Paladin|Chesnaught, M|86/100
|cant|p2a: Tyranitar|frz
|
|-weather|Sandstorm|[upkeep]
|-damage|p1a: The Paladin|80/100|[from] Sandstorm
|upkeep
|turn|16
|
|t:|1781133681
|switch|p2a: Enamorus|Enamorus, F|68/100
|move|p1a: The Paladin|Body Press|p2a: Enamorus
|-resisted|p2a: Enamorus
|-damage|p2a: Enamorus|53/100
|
|-weather|Sandstorm|[upkeep]
|-damage|p2a: Enamorus|47/100|[from] Sandstorm
|-damage|p1a: The Paladin|73/100|[from] Sandstorm
|upkeep
|turn|17
|
|t:|1781133686
|switch|p1a: Gus|Clodsire, M, shiny|96/100
|move|p2a: Enamorus|Healing Wish|p2a: Enamorus
|faint|p2a: Enamorus
|
|-weather|Sandstorm|[upkeep]
|-heal|p1a: Gus|100/100|[from] item: Leftovers
|upkeep
|
|t:|1781133688
|switch|p2a: Tyranitar|Tyranitar, F|55/100 frz
|-heal|p2a: Tyranitar|100/100|[from] move: Healing Wish
|-damage|p2a: Tyranitar|88/100|[from] Spikes
|turn|18
|
|t:|1781133692
|switch|p1a: The Paladin|Chesnaught, M|73/100
|move|p2a: Tyranitar|Knock Off|p1a: The Paladin
|-resisted|p1a: The Paladin
|-damage|p1a: The Paladin|47/100
|-damage|p2a: Tyranitar|72/100|[from] item: Rocky Helmet|[of] p1a: The Paladin
|-enditem|p1a: The Paladin|Rocky Helmet|[from] move: Knock Off|[of] p2a: Tyranitar
|
|-weather|none
|upkeep
|turn|19
|
|t:|1781133695
|switch|p2a: Hydrapple|Hydrapple, M|100/100
|-damage|p2a: Hydrapple|88/100|[from] Spikes
|move|p1a: The Paladin|Synthesis|p1a: The Paladin
|-heal|p1a: The Paladin|97/100
|
|upkeep
|turn|20
|
|t:|1781133698
|move|p1a: The Paladin|Body Press|p2a: Hydrapple
|-damage|p2a: Hydrapple|68/100
|move|p2a: Hydrapple|Nasty Plot|p2a: Hydrapple
|-boost|p2a: Hydrapple|spa|2
|
|upkeep
|turn|21
|
|t:|1781133701
|move|p1a: The Paladin|Body Press|p2a: Hydrapple
|-damage|p2a: Hydrapple|47/100
|move|p2a: Hydrapple|Fickle Beam|p1a: The Paladin
|-damage|p1a: The Paladin|30/100
|
|upkeep
|turn|22
|
|t:|1781133703
|move|p1a: The Paladin|Body Press|p2a: Hydrapple
|-damage|p2a: Hydrapple|26/100
|move|p2a: Hydrapple|Fickle Beam|p1a: The Paladin
|-damage|p1a: The Paladin|0 fnt
|faint|p1a: The Paladin
|
|upkeep
|
|t:|1781133714
|switch|p1a: Hungry Dragon|Kyurem, tera:Ground|100/100
|-ability|p1a: Hungry Dragon|Pressure
|turn|23
|
|t:|1781133716
|switch|p2a: Alomomola|Alomomola, F|69/100
|-damage|p2a: Alomomola|57/100|[from] Spikes
|move|p1a: Hungry Dragon|Freeze-Dry|p2a: Alomomola
|-supereffective|p2a: Alomomola
|-damage|p2a: Alomomola|0 fnt
|faint|p2a: Alomomola
|
|upkeep
|
|t:|1781133719
|switch|p2a: Hydrapple|Hydrapple, M|60/100
|-damage|p2a: Hydrapple|47/100|[from] Spikes
|turn|24
|
|t:|1781133724
|switch|p2a: Tyranitar|Tyranitar, F|72/100
|-damage|p2a: Tyranitar|59/100|[from] Spikes
|-weather|Sandstorm|[from] ability: Sand Stream|[of] p2a: Tyranitar
|move|p1a: Hungry Dragon|Freeze-Dry|p2a: Tyranitar
|-damage|p2a: Tyranitar|20/100
|
|-weather|Sandstorm|[upkeep]
|upkeep
|turn|25
|
|t:|1781133726
|move|p1a: Hungry Dragon|Freeze-Dry|p2a: Tyranitar
|-damage|p2a: Tyranitar|0 fnt
|faint|p2a: Tyranitar
|
|-weather|Sandstorm|[upkeep]
|upkeep
|
|t:|1781133727
|switch|p2a: Excadrill|Excadrill, F|100/100
|-damage|p2a: Excadrill|88/100|[from] Spikes
|turn|26
|
|t:|1781133734
|switch|p1a: Gus|Clodsire, M, shiny|100/100
|move|p2a: Excadrill|Earthquake|p1a: Gus
|-supereffective|p1a: Gus
|-damage|p1a: Gus|0 fnt
|faint|p1a: Gus
|
|-weather|Sandstorm|[upkeep]
|-heal|p2a: Excadrill|94/100|[from] item: Leftovers
|upkeep
|
|t:|1781133738
|switch|p1a: Girlboss|Ogerpon-Wellspring, F|65/100
|turn|27
|
|t:|1781133742
|move|p2a: Excadrill|Substitute|p2a: Excadrill
|-start|p2a: Excadrill|Substitute
|-damage|p2a: Excadrill|69/100
|move|p1a: Girlboss|Ivy Cudgel|p2a: Excadrill|[anim] Ivy Cudgel Water
|-supereffective|p2a: Excadrill
|-end|p2a: Excadrill|Substitute
|
|-weather|Sandstorm|[upkeep]
|-damage|p1a: Girlboss|59/100|[from] Sandstorm
|-heal|p2a: Excadrill|75/100|[from] item: Leftovers
|upkeep
|turn|28
|
|t:|1781133747
|move|p2a: Excadrill|Rock Slide|p1a: Girlboss
|-damage|p1a: Girlboss|24/100
|cant|p1a: Girlboss|flinch
|
|-weather|none
|-heal|p2a: Excadrill|81/100|[from] item: Leftovers
|upkeep
|turn|29
|
|t:|1781133750
|switch|p2a: Hydrapple|Hydrapple, M|80/100
|-damage|p2a: Hydrapple|68/100|[from] Spikes
|move|p1a: Girlboss|Ivy Cudgel|p2a: Hydrapple|[anim] Ivy Cudgel Water
|-resisted|p2a: Hydrapple
|-damage|p2a: Hydrapple|60/100
|
|upkeep
|turn|30
|
|t:|1781133752
|move|p1a: Girlboss|U-turn|p2a: Hydrapple
|-supereffective|p2a: Hydrapple
|-damage|p2a: Hydrapple|33/100
|
|t:|1781133753
|switch|p1a: Coat of the Right|Great Tusk|100/100|[from] U-turn
|-enditem|p1a: Coat of the Right|Booster Energy
|-activate|p1a: Coat of the Right|ability: Protosynthesis|[fromitem]
|-start|p1a: Coat of the Right|protosynthesisspe
|move|p2a: Hydrapple|Giga Drain|p1a: Coat of the Right
|-supereffective|p1a: Coat of the Right
|-damage|p1a: Coat of the Right|16/100
|-heal|p2a: Hydrapple|77/100|[from] drain|[of] p1a: Coat of the Right
|
|upkeep
|turn|31
|
|t:|1781133762
|move|p1a: Coat of the Right|Close Combat|p2a: Hydrapple
|-damage|p2a: Hydrapple|48/100
|-unboost|p1a: Coat of the Right|def|1
|-unboost|p1a: Coat of the Right|spd|1
|move|p2a: Hydrapple|Giga Drain|p1a: Coat of the Right
|-supereffective|p1a: Coat of the Right
|-damage|p1a: Coat of the Right|0 fnt
|-heal|p2a: Hydrapple|56/100|[from] drain|[of] p1a: Coat of the Right
|faint|p1a: Coat of the Right
|-end|p1a: Coat of the Right|Protosynthesis|[silent]
|
|upkeep
|
|t:|1781133763
|switch|p1a: Hungry Dragon|Kyurem, tera:Ground|100/100
|-ability|p1a: Hungry Dragon|Pressure
|turn|32
|
|t:|1781133765
|move|p1a: Hungry Dragon|Ice Beam|p2a: Hydrapple
|-supereffective|p2a: Hydrapple
|-damage|p2a: Hydrapple|0 fnt
|faint|p2a: Hydrapple
|
|upkeep
|
|t:|1781133767
|switch|p2a: Excadrill|Excadrill, F|81/100
|-damage|p2a: Excadrill|69/100|[from] Spikes
|turn|33
|
|t:|1781133773
|move|p1a: Hungry Dragon|Ice Beam|p2a: Excadrill
|-damage|p2a: Excadrill|0 fnt
|faint|p2a: Excadrill
|
|win|Sanskiller55
|raw|Sanskiller55's rating: 1551 &rarr; <strong>1578</strong><br />(+27 for winning)
|raw|Rj yoip's rating: 1679 &rarr; <strong>1652</strong><br />(-27 for losing)
|c|☆Sanskiller55|Gg
