|j|☆jd2sleepy
|j|☆drqco
|t:|1781328084
|gametype|singles
|player|p1|jd2sleepy|blackbelt-gen4dp|1520
|player|p2|drqco|volkner|1608
|gen|9
|tier|[Gen 9] OU
|rated|
|rule|HP Percentage Mod: HP is shown in percentages
|rule|Endless Battle Clause: Forcing endless battles is banned
|rule|Species Clause: Limit one of each Pokémon
|rule|OHKO Clause: OHKO moves are banned
|rule|Evasion Items Clause: Evasion items are banned
|rule|Evasion Moves Clause: Evasion moves are banned
|rule|Evasion Abilities Clause: Evasion abilities are banned
|rule|Sleep Moves Clause: Sleep-inducing moves are banned
|clearpoke
|poke|p1|Pelipper, M|
|poke|p1|Greninja-*, M|
|poke|p1|Overqwil, M|
|poke|p1|Raging Bolt|
|poke|p1|Iron Treads|
|poke|p1|Kingambit, M|
|poke|p2|Raging Bolt|
|poke|p2|Ribombee, F|
|poke|p2|Gholdengo|
|poke|p2|Great Tusk|
|poke|p2|Ogerpon-Cornerstone, F|
|poke|p2|Ceruledge, F|
|teampreview
|
|t:|1781328108
|teamsize|p1|6
|teamsize|p2|6
|start
|switch|p1a: Tready Way|Iron Treads|100/100
|switch|p2a: Ragnorok|Raging Bolt|100/100
|-enditem|p1a: Tready Way|Booster Energy
|-activate|p1a: Tready Way|ability: Quark Drive|[fromitem]
|-start|p1a: Tready Way|quarkdrivespe
|-enditem|p2a: Ragnorok|Booster Energy
|-activate|p2a: Ragnorok|ability: Protosynthesis|[fromitem]
|-start|p2a: Ragnorok|protosynthesisspa
|turn|1
|
|t:|1781328126
|-end|p2a: Ragnorok|Protosynthesis|[silent]
|switch|p2a: Madame Web|Ribombee, F, shiny|100/100
|move|p1a: Tready Way|Stealth Rock|p2a: Madame Web
|-sidestart|p2: drqco|move: Stealth Rock
|
|upkeep
|turn|2
|
|t:|1781328130
|move|p1a: Tready Way|Ice Spinner|p2a: Madame Web
|-damage|p2a: Madame Web|49/100
|move|p2a: Madame Web|Sticky Web|p1a: Tready Way
|-sidestart|p1: jd2sleepy|move: Sticky Web
|
|upkeep
|turn|3
|
|t:|1781328137
|move|p1a: Tready Way|Ice Spinner|p2a: Madame Web
|-damage|p2a: Madame Web|1/100
|move|p2a: Madame Web|Sticky Web||[still]
|-fail|p2a: Madame Web
|
|upkeep
|turn|4
|
|t:|1781328139
|move|p1a: Tready Way|Ice Spinner|p2a: Madame Web
|-damage|p2a: Madame Web|0 fnt
|faint|p2a: Madame Web
|
|upkeep
|
|t:|1781328143
|switch|p2a: Cheese Stick|Gholdengo, shiny|100/100
|-damage|p2a: Cheese Stick|94/100|[from] Stealth Rock
|-item|p2a: Cheese Stick|Air Balloon
|turn|5
|
|t:|1781328145
|move|p1a: Tready Way|Ice Spinner|p2a: Cheese Stick
|-resisted|p2a: Cheese Stick
|-damage|p2a: Cheese Stick|80/100
|-enditem|p2a: Cheese Stick|Air Balloon
|move|p2a: Cheese Stick|Nasty Plot|p2a: Cheese Stick
|-boost|p2a: Cheese Stick|spa|2
|
|upkeep
|turn|6
|
|t:|1781328151
|move|p1a: Tready Way|Earthquake|p2a: Cheese Stick
|-supereffective|p2a: Cheese Stick
|-damage|p2a: Cheese Stick|0 fnt
|faint|p2a: Cheese Stick
|
|upkeep
|
|t:|1781328163
|switch|p2a: Thwomp|Ogerpon-Cornerstone, F|100/100
|-damage|p2a: Thwomp|88/100|[from] Stealth Rock
|turn|7
|
|t:|1781328166
|-terastallize|p2a: Thwomp|Rock
|detailschange|p2a: Thwomp|Ogerpon-Cornerstone-Tera, F, tera:Rock
|-ability|p2a: Thwomp|Embody Aspect (Cornerstone)|boost
|-boost|p2a: Thwomp|def|1
|move|p1a: Tready Way|Rapid Spin|p2a: Thwomp
|-resisted|p2a: Thwomp
|-damage|p2a: Thwomp|82/100
|-boost|p1a: Tready Way|spe|1
|-sideend|p1: jd2sleepy|Sticky Web|[from] move: Rapid Spin|[of] p1a: Tready Way
|move|p2a: Thwomp|Low Kick|p1a: Tready Way
|-supereffective|p1a: Tready Way
|-damage|p1a: Tready Way|2/100
|
|upkeep
|turn|8
|
|t:|1781328175
|move|p1a: Tready Way|Earthquake|p2a: Thwomp
|-supereffective|p2a: Thwomp
|-damage|p2a: Thwomp|0 fnt
|faint|p2a: Thwomp
|detailschange|p2: Thwomp|Ogerpon-Cornerstone, F|[silent]
|
|upkeep
|
|t:|1781328177
|switch|p2a: Excalibur|Ceruledge, F, shiny|100/100
|turn|9
|
|t:|1781328182
|-end|p1a: Tready Way|Quark Drive|[silent]
|switch|p1a: Spike Em|Overqwil, M|100/100
|move|p2a: Excalibur|Shadow Sneak|p1a: Spike Em
|-resisted|p1a: Spike Em
|-crit|p1a: Spike Em
|-damage|p1a: Spike Em|81/100
|
|upkeep
|turn|10
|
|t:|1781328213
|switch|p2a: Luinor|Great Tusk, shiny|100/100
|-damage|p2a: Luinor|98/100|[from] Stealth Rock
|-enditem|p2a: Luinor|Booster Energy
|-activate|p2a: Luinor|ability: Protosynthesis|[fromitem]
|-start|p2a: Luinor|protosynthesisatk
|move|p1a: Spike Em|Liquidation|p2a: Luinor
|-supereffective|p2a: Luinor
|-damage|p2a: Luinor|44/100
|-damage|p1a: Spike Em|71/100|[from] item: Life Orb
|
|upkeep
|turn|11
|
|t:|1781328223
|move|p2a: Luinor|Rapid Spin|p1a: Spike Em
|-damage|p1a: Spike Em|44/100
|-boost|p2a: Luinor|spe|1
|-sideend|p2: drqco|Stealth Rock|[from] move: Rapid Spin|[of] p2a: Luinor
|move|p1a: Spike Em|Liquidation|p2a: Luinor
|-supereffective|p2a: Luinor
|-damage|p2a: Luinor|0 fnt
|faint|p2a: Luinor
|-end|p2a: Luinor|Protosynthesis|[silent]
|-damage|p1a: Spike Em|34/100|[from] item: Life Orb
|
|upkeep
|
|t:|1781328230
|switch|p2a: Ragnorok|Raging Bolt|100/100
|turn|12
|
|t:|1781328232
|move|p1a: Spike Em|Gunk Shot|p2a: Ragnorok
|-damage|p2a: Ragnorok|31/100
|-damage|p1a: Spike Em|24/100|[from] item: Life Orb
|move|p2a: Ragnorok|Calm Mind|p2a: Ragnorok
|-boost|p2a: Ragnorok|spa|1
|-boost|p2a: Ragnorok|spd|1
|
|upkeep
|turn|13
|
|t:|1781328236
|move|p2a: Ragnorok|Thunderclap|p1a: Spike Em
|-damage|p1a: Spike Em|0 fnt
|faint|p1a: Spike Em
|
|upkeep
|
|t:|1781328237
|switch|p1a: Tready Way|Iron Treads|2/100
|turn|14
|
|t:|1781328242
|move|p1a: Tready Way|Earthquake|p2a: Ragnorok
|-supereffective|p2a: Ragnorok
|-damage|p2a: Ragnorok|0 fnt
|faint|p2a: Ragnorok
|-end|p2a: Ragnorok|Protosynthesis|[silent]
|
|upkeep
|
|t:|1781328244
|switch|p2a: Excalibur|Ceruledge, F, shiny|100/100
|turn|15
|
|t:|1781328249
|move|p2a: Excalibur|Shadow Sneak|p1a: Tready Way
|-damage|p1a: Tready Way|0 fnt
|faint|p1a: Tready Way
|-end|p1a: Tready Way|Quark Drive|[silent]
|
|upkeep
|
|t:|1781328252
|switch|p1a: Drizzy|Pelipper, M|100/100
|-weather|RainDance|[from] ability: Drizzle|[of] p1a: Drizzy
|turn|16
|
|t:|1781328263
|move|p2a: Excalibur|Swords Dance|p2a: Excalibur
|-boost|p2a: Excalibur|atk|2
|move|p1a: Drizzy|Surf|p2a: Excalibur
|-supereffective|p2a: Excalibur
|-damage|p2a: Excalibur|11/100
|
|-weather|RainDance|[upkeep]
|upkeep
|turn|17
|
|t:|1781328269
|move|p2a: Excalibur|Poltergeist|p1a: Drizzy
|-activate|p1a: Drizzy|move: Poltergeist|Damp Rock
|-damage|p1a: Drizzy|0 fnt
|faint|p1a: Drizzy
|
|-weather|RainDance|[upkeep]
|upkeep
|
|t:|1781328271
|switch|p1a: Grens Bond|Greninja, M|100/100
|turn|18
|
|t:|1781328275
|move|p1a: Grens Bond|Water Shuriken|p2a: Excalibur
|-supereffective|p2a: Excalibur
|-damage|p2a: Excalibur|0 fnt
|faint|p2a: Excalibur
|-hitcount|p2: Excalibur|1
|-damage|p1a: Grens Bond|91/100|[from] item: Life Orb
|
|win|jd2sleepy
|raw|jd2sleepy's rating: 1520 &rarr; <strong>1545</strong><br />(+25 for winning)
|raw|drqco's rating: 1608 &rarr; <strong>1583</strong><br />(-25 for losing)
|l|☆drqco
|player|p2|
|l|☆jd2sleepy
|player|p1|
