|badge|p1|bronze|gen9ubers|100-9
|uhtml|medal-msg|<div class="broadcast-blue">Curious what those medals under the avatar are? PS now has Ladder Seasons! For more information, check out the <a href="https://www.smogon.com/forums/threads/3740067/">thread on Smogon.</a></div>
|j|☆mister_ttar
|j|☆phreshoatmeal
|t:|1781454878
|gametype|singles
|player|p1|mister_ttar|265|1622
|player|p2|phreshoatmeal|265|1579
|gen|9
|tier|[Gen 9] OU
|rated|
|rule|HP Percentage Mod: HP is shown in percentages
|rule|Endless Battle Clause: Forcing endless battles is banned
|rule|Species Clause: Limit one of each Pokémon
|rule|OHKO Clause: OHKO moves are banned
|rule|Evasion Items Clause: Evasion items are banned
|rule|Evasion Moves Clause: Evasion moves are banned
|rule|Evasion Abilities Clause: Evasion abilities are banned
|rule|Sleep Moves Clause: Sleep-inducing moves are banned
|clearpoke
|poke|p1|Ceruledge, M|
|poke|p1|Iron Valiant|
|poke|p1|Ditto|
|poke|p1|Mamoswine, M|
|poke|p1|Armarouge, M|
|poke|p1|Cinderace, M|
|poke|p2|Excadrill, M|
|poke|p2|Hippowdon, M|
|poke|p2|Tyranitar, F|
|poke|p2|Hatterene, F|
|poke|p2|Iron Valiant|
|poke|p2|Amoonguss, M|
|teampreview
|
|t:|1781454911
|teamsize|p1|6
|teamsize|p2|6
|start
|switch|p1a: The Indian Swine|Mamoswine, M|100/100
|switch|p2a: Iron Valiant|Iron Valiant|100/100
|turn|1
|
|t:|1781454917
|-end|p2a: Iron Valiant|Quark Drive|[silent]
|switch|p2a: Hatterene|Hatterene, F|100/100
|switch|p1a: Anna De Armas|Armarouge, M|100/100
|
|upkeep
|turn|2
|
|t:|1781454927
|move|p1a: Anna De Armas|Armor Cannon|p2a: Hatterene
|-damage|p2a: Hatterene|31/100
|-unboost|p1a: Anna De Armas|def|1
|-unboost|p1a: Anna De Armas|spd|1
|move|p2a: Hatterene|Future Sight|p1a: Anna De Armas
|-start|p2a: Hatterene|move: Future Sight
|
|-heal|p2a: Hatterene|37/100|[from] item: Leftovers
|upkeep
|turn|3
|
|t:|1781454933
|switch|p2a: Tyranitar|Tyranitar, F|100/100
|-weather|Sandstorm|[from] ability: Sand Stream|[of] p2a: Tyranitar
|move|p1a: Anna De Armas|Armor Cannon|p2a: Tyranitar
|-resisted|p2a: Tyranitar
|-damage|p2a: Tyranitar|88/100
|-unboost|p1a: Anna De Armas|def|1
|-unboost|p1a: Anna De Armas|spd|1
|-enditem|p2a: Tyranitar|Eject Button
|
|t:|1781454940
|switch|p2a: Excadrill|Excadrill, M|100/100
|
|-weather|Sandstorm|[upkeep]
|-damage|p1a: Anna De Armas|94/100|[from] Sandstorm
|upkeep
|turn|4
|
|t:|1781454955
|move|p2a: Excadrill|Earthquake|p1a: Anna De Armas
|-supereffective|p1a: Anna De Armas
|-damage|p1a: Anna De Armas|0 fnt
|faint|p1a: Anna De Armas
|
|-weather|Sandstorm|[upkeep]
|-hint|Future Sight did not hit because the target is fainted.
|upkeep
|
|t:|1781454961
|switch|p1a: The Indian Swine|Mamoswine, M|100/100
|turn|5
|
|t:|1781454966
|-terastallize|p2a: Excadrill|Ground
|move|p2a: Excadrill|Earthquake|p1a: The Indian Swine
|-enditem|p1a: The Indian Swine|Focus Sash
|-damage|p1a: The Indian Swine|1/100
|move|p1a: The Indian Swine|Earthquake|p2a: Excadrill
|-damage|p2a: Excadrill|16/100
|
|-weather|Sandstorm|[upkeep]
|upkeep
|turn|6
|
|t:|1781454976
|switch|p2a: Hatterene|Hatterene, F|37/100
|move|p1a: The Indian Swine|Ice Shard|p2a: Hatterene
|-damage|p2a: Hatterene|18/100
|
|-weather|Sandstorm|[upkeep]
|-damage|p2a: Hatterene|12/100|[from] Sandstorm
|-heal|p2a: Hatterene|18/100|[from] item: Leftovers
|upkeep
|turn|7
|
|t:|1781454987
|switch|p2a: Amoonguss|Amoonguss, M|100/100
|move|p1a: The Indian Swine|Earthquake|p2a: Amoonguss
|-damage|p2a: Amoonguss|61/100
|-enditem|p2a: Amoonguss|Eject Button
|
|t:|1781454992
|switch|p2a: Iron Valiant|Iron Valiant|100/100
|
|-weather|none
|upkeep
|turn|8
|
|t:|1781454996
|switch|p1a: Thumper|Cinderace, M|100/100
|move|p2a: Iron Valiant|Shadow Sneak|p1a: Thumper
|-damage|p1a: Thumper|75/100
|-damage|p2a: Iron Valiant|91/100|[from] item: Life Orb
|
|upkeep
|turn|9
|
|t:|1781455002
|-end|p2a: Iron Valiant|Quark Drive|[silent]
|switch|p2a: Hippowdon|Hippowdon, M|100/100
|-weather|Sandstorm|[from] ability: Sand Stream|[of] p2a: Hippowdon
|move|p1a: Thumper|Pyro Ball|p2a: Hippowdon
|-damage|p2a: Hippowdon|68/100
|-enditem|p2a: Hippowdon|Eject Button
|
|t:|1781455006
|switch|p2a: Excadrill|Excadrill, M, tera:Ground|16/100
|
|-weather|Sandstorm|[upkeep]
|-damage|p1a: Thumper|69/100|[from] Sandstorm
|upkeep
|turn|10
|
|t:|1781455009
|move|p1a: Thumper|Sucker Punch|p2a: Excadrill
|-start|p1a: Thumper|typechange|Dark|[from] ability: Libero
|-damage|p2a: Excadrill|0 fnt
|faint|p2a: Excadrill
|
|-weather|Sandstorm|[upkeep]
|-damage|p1a: Thumper|63/100|[from] Sandstorm
|upkeep
|
|t:|1781455011
|switch|p2a: Iron Valiant|Iron Valiant|91/100
|turn|11
|
|t:|1781455021
|move|p2a: Iron Valiant|Moonblast|p1a: Thumper
|-supereffective|p1a: Thumper
|-damage|p1a: Thumper|0 fnt
|faint|p1a: Thumper
|-damage|p2a: Iron Valiant|81/100|[from] item: Life Orb
|
|-weather|Sandstorm|[upkeep]
|-damage|p2a: Iron Valiant|75/100|[from] Sandstorm
|upkeep
|
|t:|1781455025
|switch|p1a: The Main Character|Ceruledge, M, shiny|100/100
|turn|12
|l|☆phreshoatmeal
|player|p2|
|inactive|Battle timer is ON: inactive players will automatically lose when time's up. (requested by mister_ttar)
|inactive|phreshoatmeal has 30 seconds to reconnect!
|inactive|phreshoatmeal has 20 seconds to reconnect!
|inactive|phreshoatmeal has 15 seconds to reconnect!
|j|☆phreshoatmeal
|inactive|phreshoatmeal reconnected and has 105 seconds left.
|player|p2|phreshoatmeal|265|
|
|t:|1781455105
|-end|p2a: Iron Valiant|Quark Drive|[silent]
|switch|p2a: Tyranitar|Tyranitar, F|88/100
|move|p1a: The Main Character|Bitter Blade|p2a: Tyranitar
|-resisted|p2a: Tyranitar
|-damage|p2a: Tyranitar|68/100
|
|-weather|Sandstorm|[upkeep]
|-damage|p1a: The Main Character|94/100|[from] Sandstorm
|upkeep
|turn|13
|
|t:|1781455112
|move|p1a: The Main Character|Close Combat|p2a: Tyranitar
|-supereffective|p2a: Tyranitar
|-damage|p2a: Tyranitar|0 fnt
|-unboost|p1a: The Main Character|def|1
|-unboost|p1a: The Main Character|spd|1
|faint|p2a: Tyranitar
|
|-weather|none
|upkeep
|
|t:|1781455119
|switch|p2a: Hippowdon|Hippowdon, M|68/100
|-weather|Sandstorm|[from] ability: Sand Stream|[of] p2a: Hippowdon
|turn|14
|
|t:|1781455125
|switch|p1a: Jabba|Ditto|100/100
|-transform|p1a: Jabba|p2a: Hippowdon|[from] ability: Imposter
|move|p2a: Hippowdon|Earthquake|p1a: Jabba
|-damage|p1a: Jabba|70/100
|
|-weather|Sandstorm|[upkeep]
|upkeep
|turn|15
|
|t:|1781455133
|move|p1a: Jabba|Earthquake|p2a: Hippowdon
|-crit|p2a: Hippowdon
|-damage|p2a: Hippowdon|39/100
|move|p2a: Hippowdon|Earthquake|p1a: Jabba
|-damage|p1a: Jabba|43/100
|
|-weather|Sandstorm|[upkeep]
|upkeep
|turn|16
|
|t:|1781455139
|move|p1a: Jabba|Slack Off|p1a: Jabba
|-heal|p1a: Jabba|93/100
|move|p2a: Hippowdon|Slack Off|p2a: Hippowdon
|-heal|p2a: Hippowdon|89/100
|
|-weather|Sandstorm|[upkeep]
|upkeep
|turn|17
|j| Puyu paz
|
|t:|1781455145
|switch|p2a: Hatterene|Hatterene, F|18/100
|move|p1a: Jabba|Earthquake|p2a: Hatterene
|-damage|p2a: Hatterene|0 fnt
|faint|p2a: Hatterene
|
|-weather|Sandstorm|[upkeep]
|upkeep
|
|t:|1781455149
|switch|p2a: Iron Valiant|Iron Valiant|75/100
|turn|18
|inactive|mister_ttar has 120 seconds left.
|
|t:|1781455185
|move|p2a: Iron Valiant|Drain Punch|p1a: Jabba
|-damage|p1a: Jabba|60/100
|-heal|p2a: Iron Valiant|93/100|[from] drain|[of] p1a: Jabba
|-damage|p2a: Iron Valiant|83/100|[from] item: Life Orb
|move|p1a: Jabba|Earthquake|p2a: Iron Valiant
|-damage|p2a: Iron Valiant|36/100
|
|-weather|none
|upkeep
|turn|19
|inactive|mister_ttar has 120 seconds left.
|
|t:|1781455193
|move|p2a: Iron Valiant|Moonblast|p1a: Jabba
|-damage|p1a: Jabba|0 fnt
|faint|p1a: Jabba
|-damage|p2a: Iron Valiant|26/100|[from] item: Life Orb
|
|upkeep
|inactive|mister_ttar has 120 seconds left.
|
|t:|1781455203
|switch|p1a: He's/Him|Iron Valiant|100/100
|-enditem|p1a: He's/Him|Booster Energy
|-activate|p1a: He's/Him|ability: Quark Drive|[fromitem]
|-start|p1a: He's/Him|quarkdrivespe
|turn|20
|inactive|mister_ttar has 120 seconds left.
|
|t:|1781455210
|-end|p2a: Iron Valiant|Quark Drive|[silent]
|switch|p2a: Amoonguss|Amoonguss, M|94/100
|move|p1a: He's/Him|Shadow Ball|p2a: Amoonguss
|-damage|p2a: Amoonguss|70/100
|
|upkeep
|turn|21
|inactive|mister_ttar has 120 seconds left.
|
|t:|1781455223
|move|p1a: He's/Him|Shadow Ball|p2a: Amoonguss
|-damage|p2a: Amoonguss|45/100
|move|p2a: Amoonguss|Toxic|p1a: He's/Him
|-status|p1a: He's/Him|tox
|
|-damage|p1a: He's/Him|94/100 tox|[from] psn
|upkeep
|turn|22
|
|t:|1781455228
|move|p1a: He's/Him|Shadow Ball|p2a: Amoonguss
|-damage|p2a: Amoonguss|21/100
|move|p2a: Amoonguss|Grass Knot|p1a: He's/Him
|-damage|p1a: He's/Him|64/100 tox
|
|-damage|p1a: He's/Him|52/100 tox|[from] psn
|upkeep
|turn|23
|
|t:|1781455249
|move|p1a: He's/Him|Moonblast|p2a: Amoonguss
|-resisted|p2a: Amoonguss
|-damage|p2a: Amoonguss|0 fnt
|faint|p2a: Amoonguss
|
|-damage|p1a: He's/Him|33/100 tox|[from] psn
|upkeep
|
|t:|1781455253
|switch|p2a: Hippowdon|Hippowdon, M|89/100
|-weather|Sandstorm|[from] ability: Sand Stream|[of] p2a: Hippowdon
|turn|24
|
|t:|1781455261
|move|p1a: He's/Him|Moonblast|p2a: Hippowdon
|-damage|p2a: Hippowdon|42/100
|move|p2a: Hippowdon|Slack Off|p2a: Hippowdon
|-heal|p2a: Hippowdon|92/100
|
|-weather|Sandstorm|[upkeep]
|-damage|p1a: He's/Him|27/100 tox|[from] Sandstorm
|-damage|p1a: He's/Him|2/100 tox|[from] psn
|upkeep
|turn|25
|
|t:|1781455265
|move|p1a: He's/Him|Moonblast|p2a: Hippowdon
|-damage|p2a: Hippowdon|40/100
|move|p2a: Hippowdon|Slack Off|p2a: Hippowdon
|-heal|p2a: Hippowdon|90/100
|
|-weather|Sandstorm|[upkeep]
|-damage|p1a: He's/Him|0 fnt|[from] Sandstorm
|faint|p1a: He's/Him
|-end|p1a: He's/Him|Quark Drive|[silent]
|upkeep
|
|t:|1781455268
|switch|p1a: The Indian Swine|Mamoswine, M|1/100
|turn|26
|
|t:|1781455272
|move|p1a: The Indian Swine|Icicle Crash|p2a: Hippowdon|[miss]
|-miss|p1a: The Indian Swine|p2a: Hippowdon
|move|p2a: Hippowdon|Earthquake|p1a: The Indian Swine
|-damage|p1a: The Indian Swine|0 fnt
|faint|p1a: The Indian Swine
|
|-weather|Sandstorm|[upkeep]
|upkeep
|
|t:|1781455275
|switch|p1a: The Main Character|Ceruledge, M, shiny|94/100
|turn|27
|
|t:|1781455285
|-terastallize|p1a: The Main Character|Ghost
|move|p1a: The Main Character|Swords Dance|p1a: The Main Character
|-boost|p1a: The Main Character|atk|2
|move|p2a: Hippowdon|Earthquake|p1a: The Main Character
|-damage|p1a: The Main Character|41/100
|-ability|p1a: The Main Character|Weak Armor|boost
|-unboost|p1a: The Main Character|def|1
|-boost|p1a: The Main Character|spe|2
|
|-weather|Sandstorm|[upkeep]
|-damage|p1a: The Main Character|35/100|[from] Sandstorm
|upkeep
|turn|28
|
|t:|1781455292
|move|p1a: The Main Character|Bitter Blade|p2a: Hippowdon
|-damage|p2a: Hippowdon|35/100
|-heal|p1a: The Main Character|75/100|[from] drain|[of] p2a: Hippowdon
|move|p2a: Hippowdon|Earthquake|p1a: The Main Character
|-damage|p1a: The Main Character|0 fnt
|faint|p1a: The Main Character
|
|win|phreshoatmeal
|raw|mister_ttar's rating: 1622 &rarr; <strong>1600</strong><br />(-22 for losing)
|raw|phreshoatmeal's rating: 1579 &rarr; <strong>1601</strong><br />(+22 for winning)
|l|☆phreshoatmeal
|player|p2|
|l|☆mister_ttar
|player|p1|
|l| Puyu paz
