|badge|p1|bronze|gen9ou|100-9
|uhtml|medal-msg|<div class="broadcast-blue">Curious what those medals under the avatar are? PS now has Ladder Seasons! For more information, check out the <a href="https://www.smogon.com/forums/threads/3740067/">thread on Smogon.</a></div>
|j|‽LT_Alt1
|j|☆Johnny tots
|t:|1781329505
|gametype|singles
|player|p1|LT_Alt1|1|1825
|player|p2|Johnny tots|265|1777
|gen|9
|tier|[Gen 9] OU
|rated|
|rule|HP Percentage Mod: HP is shown in percentages
|rule|Endless Battle Clause: Forcing endless battles is banned
|rule|Species Clause: Limit one of each Pokémon
|rule|OHKO Clause: OHKO moves are banned
|rule|Evasion Items Clause: Evasion items are banned
|rule|Evasion Moves Clause: Evasion moves are banned
|rule|Evasion Abilities Clause: Evasion abilities are banned
|rule|Sleep Moves Clause: Sleep-inducing moves are banned
|clearpoke
|poke|p1|Kyurem|
|poke|p1|Raging Bolt|
|poke|p1|Hatterene, F|
|poke|p1|Slowking-Galar, F|
|poke|p1|Ting-Lu|
|poke|p1|Corviknight, M|
|poke|p2|Clefable, F|
|poke|p2|Dragonite, M|
|poke|p2|Thundurus-Therian, M|
|poke|p2|Manaphy|
|poke|p2|Iron Valiant|
|poke|p2|Klefki, F|
|teampreview
|inactive|Battle timer is ON: inactive players will automatically lose when time's up. (requested by Johnny tots)
|
|t:|1781329516
|teamsize|p1|6
|teamsize|p2|6
|start
|switch|p1a: Raging Bolt|Raging Bolt|100/100
|switch|p2a: Thundurus|Thundurus-Therian, M|100/100
|turn|1
|
|t:|1781329531
|switch|p2a: Clefable|Clefable, F|100/100
|-end|p1a: Raging Bolt|Protosynthesis|[silent]
|switch|p1a: Ting-Lu|Ting-Lu|100/100
|-ability|p1a: Ting-Lu|Vessel of Ruin
|
|upkeep
|turn|2
|
|t:|1781329535
|switch|p1a: Hatterene|Hatterene, F|100/100
|move|p2a: Clefable|Moonblast|p1a: Hatterene
|-damage|p1a: Hatterene|60/100
|
|-heal|p1a: Hatterene|66/100|[from] item: Leftovers
|upkeep
|turn|3
|
|t:|1781329539
|switch|p2a: Thundurus|Thundurus-Therian, M|100/100
|move|p1a: Hatterene|Pain Split|p2a: Thundurus
|-sethp|p2a: Thundurus|79/100|[from] move: Pain Split|[silent]
|-sethp|p1a: Hatterene|90/100|[from] move: Pain Split
|
|-heal|p1a: Hatterene|96/100|[from] item: Leftovers
|upkeep
|turn|4
|
|t:|1781329544
|switch|p1a: Slowking|Slowking-Galar, F|100/100
|move|p2a: Thundurus|Nasty Plot|p2a: Thundurus
|-boost|p2a: Thundurus|spa|2
|
|upkeep
|turn|5
|
|t:|1781329549
|move|p2a: Thundurus|Thunderbolt|p1a: Slowking
|-damage|p1a: Slowking|33/100
|move|p1a: Slowking|Sludge Bomb|p2a: Thundurus
|-damage|p2a: Thundurus|38/100
|
|upkeep
|turn|6
|
|t:|1781329553
|switch|p1a: Raging Bolt|Raging Bolt|100/100
|move|p2a: Thundurus|Grass Knot|p1a: Raging Bolt
|-resisted|p1a: Raging Bolt
|-damage|p1a: Raging Bolt|74/100
|
|upkeep
|turn|7
|
|t:|1781329560
|switch|p2a: Clefable|Clefable, F|100/100
|move|p1a: Raging Bolt|Draco Meteor|p2a: Clefable
|-immune|p2a: Clefable
|
|upkeep
|turn|8
|
|t:|1781329563
|move|p1a: Raging Bolt|Volt Switch|p2a: Clefable
|-damage|p2a: Clefable|60/100
|
|t:|1781329565
|-end|p1a: Raging Bolt|Protosynthesis|[silent]
|switch|p1a: Hatterene|Hatterene, F|96/100|[from] Volt Switch
|move|p2a: Clefable|Calm Mind|p2a: Clefable
|-boost|p2a: Clefable|spa|1
|-boost|p2a: Clefable|spd|1
|
|-heal|p2a: Clefable|66/100|[from] item: Leftovers
|-heal|p1a: Hatterene|100/100|[from] item: Leftovers
|upkeep
|turn|9
|
|t:|1781329569
|move|p2a: Clefable|Moonblast|p1a: Hatterene
|-damage|p1a: Hatterene|46/100
|move|p1a: Hatterene|Nuzzle|p2a: Clefable
|-damage|p2a: Clefable|62/100
|-status|p2a: Clefable|par
|
|-heal|p1a: Hatterene|52/100|[from] item: Leftovers
|-heal|p2a: Clefable|68/100 par|[from] item: Leftovers
|upkeep
|turn|10
|
|t:|1781329573
|move|p1a: Hatterene|Pain Split|p2a: Clefable
|-sethp|p2a: Clefable|53/100 par|[from] move: Pain Split|[silent]
|-sethp|p1a: Hatterene|73/100|[from] move: Pain Split
|move|p2a: Clefable|Moonblast|p1a: Hatterene
|-crit|p1a: Hatterene
|-damage|p1a: Hatterene|0 fnt
|faint|p1a: Hatterene
|
|-heal|p2a: Clefable|59/100 par|[from] item: Leftovers
|upkeep
|
|t:|1781329591
|switch|p1a: Slowking|Slowking-Galar, F|66/100
|turn|11
|
|t:|1781329606
|switch|p2a: Klefki|Klefki, F|100/100
|move|p1a: Slowking|Sludge Bomb|p2a: Klefki
|-immune|p2a: Klefki
|
|upkeep
|turn|12
|inactive|LT_Alt1 has 120 seconds left.
|
|t:|1781329652
|switch|p1a: Ting-Lu|Ting-Lu|100/100
|-ability|p1a: Ting-Lu|Vessel of Ruin
|move|p2a: Klefki|Spikes|p1a: Ting-Lu
|-sidestart|p1: LT_Alt1|Spikes
|
|upkeep
|turn|13
|n|‽LT_Alt1|ltalt1
|n|‽LT_Alt1|ltalt1
|
|t:|1781329668
|move|p2a: Klefki|Reflect|p2a: Klefki
|-sidestart|p2: Johnny tots|Reflect
|move|p1a: Ting-Lu|Earthquake|p2a: Klefki
|-supereffective|p2a: Klefki
|-damage|p2a: Klefki|69/100
|
|upkeep
|turn|14
|
|t:|1781329675
|move|p2a: Klefki|Light Screen|p2a: Klefki
|-sidestart|p2: Johnny tots|move: Light Screen
|move|p1a: Ting-Lu|Ruination|p2a: Klefki
|-damage|p2a: Klefki|35/100
|
|upkeep
|turn|15
|
|t:|1781329678
|switch|p2a: Clefable|Clefable, F|59/100 par
|move|p1a: Ting-Lu|Ruination|p2a: Clefable
|-damage|p2a: Clefable|30/100 par
|
|-heal|p2a: Clefable|36/100 par|[from] item: Leftovers
|upkeep
|turn|16
|
|t:|1781329681
|switch|p1a: Corviknight|Corviknight, M|100/100
|-ability|p1a: Corviknight|Pressure
|move|p2a: Clefable|Moonblast|p1a: Corviknight
|-resisted|p1a: Corviknight
|-damage|p1a: Corviknight|80/100
|
|-heal|p2a: Clefable|42/100 par|[from] item: Leftovers
|upkeep
|turn|17
|
|t:|1781329686
|move|p1a: Corviknight|Defog|p2a: Clefable
|-unboost|p2a: Clefable|evasion|1
|-sideend|p2: Johnny tots|Reflect
|-sideend|p2: Johnny tots|move: Light Screen
|-sideend|p1: LT_Alt1|Spikes|[from] move: Defog|[of] p1a: Corviknight
|move|p2a: Clefable|Fire Blast|p1a: Corviknight
|-supereffective|p1a: Corviknight
|-damage|p1a: Corviknight|19/100
|
|-heal|p2a: Clefable|48/100 par|[from] item: Leftovers
|upkeep
|turn|18
|
|t:|1781329693
|switch|p1a: Slowking|Slowking-Galar, F|99/100
|cant|p2a: Clefable|par
|
|-heal|p2a: Clefable|54/100 par|[from] item: Leftovers
|upkeep
|turn|19
|
|t:|1781329698
|switch|p2a: Klefki|Klefki, F|35/100
|move|p1a: Slowking|Flamethrower|p2a: Klefki
|-supereffective|p2a: Klefki
|-damage|p2a: Klefki|0 fnt
|faint|p2a: Klefki
|
|upkeep
|j| Cigtar
|
|t:|1781329707
|switch|p2a: Dragonite|Dragonite, M|100/100
|turn|20
|
|t:|1781329712
|move|p2a: Dragonite|Earthquake|p1a: Slowking
|-supereffective|p1a: Slowking
|-enditem|p1a: Slowking|Shuca Berry|[eat]
|-enditem|p1a: Slowking|Shuca Berry|[weaken]
|-damage|p1a: Slowking|62/100
|-prepare|p1a: Slowking|Chilly Reception|[premajor]
|move|p1a: Slowking|Chilly Reception|p1a: Slowking
|-weather|Snowscape
|
|t:|1781329715
|switch|p1a: Corviknight|Corviknight, M|19/100|[from] Chilly Reception
|-ability|p1a: Corviknight|Pressure
|
|-weather|Snowscape|[upkeep]
|upkeep
|turn|21
|
|t:|1781329719
|move|p2a: Dragonite|Ice Spinner|p1a: Corviknight
|-damage|p1a: Corviknight|0 fnt
|-damage|p2a: Dragonite|84/100|[from] item: Rocky Helmet|[of] p1a: Corviknight
|faint|p1a: Corviknight
|
|-weather|Snowscape|[upkeep]
|upkeep
|
|t:|1781329722
|switch|p1a: Kyurem|Kyurem|100/100
|-ability|p1a: Kyurem|Pressure
|turn|22
|
|t:|1781329730
|switch|p2a: Thundurus|Thundurus-Therian, M|38/100
|move|p1a: Kyurem|Freeze-Dry|p2a: Thundurus
|-supereffective|p2a: Thundurus
|-crit|p2a: Thundurus
|-damage|p2a: Thundurus|0 fnt
|faint|p2a: Thundurus
|
|-weather|Snowscape|[upkeep]
|upkeep
|
|t:|1781329734
|switch|p2a: Iron Valiant|Iron Valiant|100/100
|-enditem|p2a: Iron Valiant|Booster Energy
|-activate|p2a: Iron Valiant|ability: Quark Drive|[fromitem]
|-start|p2a: Iron Valiant|quarkdrivespe
|turn|23
|
|t:|1781329745
|switch|p1a: Slowking|Slowking-Galar, F|95/100
|move|p2a: Iron Valiant|Calm Mind|p2a: Iron Valiant
|-boost|p2a: Iron Valiant|spa|1
|-boost|p2a: Iron Valiant|spd|1
|
|-weather|Snowscape|[upkeep]
|upkeep
|turn|24
|
|t:|1781329755
|switch|p1a: Ting-Lu|Ting-Lu|100/100
|-ability|p1a: Ting-Lu|Vessel of Ruin
|-terastallize|p2a: Iron Valiant|Steel
|move|p2a: Iron Valiant|Calm Mind|p2a: Iron Valiant
|-boost|p2a: Iron Valiant|spa|1
|-boost|p2a: Iron Valiant|spd|1
|
|-weather|none
|upkeep
|turn|25
|
|t:|1781329764
|-terastallize|p1a: Ting-Lu|Ghost
|move|p2a: Iron Valiant|Moonblast|p1a: Ting-Lu
|-damage|p1a: Ting-Lu|57/100
|move|p1a: Ting-Lu|Whirlwind|p2a: Iron Valiant
|-end|p2a: Iron Valiant|Quark Drive|[silent]
|drag|p2a: Clefable|Clefable, F|54/100 par
|
|-heal|p1a: Ting-Lu|64/100|[from] item: Leftovers
|-heal|p2a: Clefable|61/100 par|[from] item: Leftovers
|upkeep
|turn|26
|
|t:|1781329775
|switch|p1a: Slowking|Slowking-Galar, F|100/100
|move|p2a: Clefable|Calm Mind|p2a: Clefable
|-boost|p2a: Clefable|spa|1
|-boost|p2a: Clefable|spd|1
|
|-heal|p2a: Clefable|67/100 par|[from] item: Leftovers
|upkeep
|turn|27
|
|t:|1781329787
|cant|p2a: Clefable|par
|move|p1a: Slowking|Sludge Bomb|p2a: Clefable
|-supereffective|p2a: Clefable
|-damage|p2a: Clefable|26/100 par
|
|-heal|p2a: Clefable|32/100 par|[from] item: Leftovers
|upkeep
|turn|28
|
|t:|1781329789
|cant|p2a: Clefable|par
|move|p1a: Slowking|Sludge Bomb|p2a: Clefable
|-supereffective|p2a: Clefable
|-damage|p2a: Clefable|0 fnt
|faint|p2a: Clefable
|
|upkeep
|
|t:|1781329792
|switch|p2a: Dragonite|Dragonite, M|84/100
|turn|29
|
|t:|1781329797
|move|p2a: Dragonite|Dragon Dance|p2a: Dragonite
|-boost|p2a: Dragonite|atk|1
|-boost|p2a: Dragonite|spe|1
|-prepare|p1a: Slowking|Chilly Reception|[premajor]
|move|p1a: Slowking|Chilly Reception|p1a: Slowking
|-weather|Snowscape
|
|t:|1781329806
|switch|p1a: Kyurem|Kyurem|100/100|[from] Chilly Reception
|-ability|p1a: Kyurem|Pressure
|
|-weather|Snowscape|[upkeep]
|upkeep
|turn|30
|
|t:|1781329809
|move|p2a: Dragonite|Dragon Claw|p1a: Kyurem
|-supereffective|p1a: Kyurem
|-damage|p1a: Kyurem|13/100
|move|p1a: Kyurem|Blizzard|p2a: Dragonite
|-supereffective|p2a: Dragonite
|-damage|p2a: Dragonite|0 fnt
|faint|p2a: Dragonite
|
|-weather|Snowscape|[upkeep]
|upkeep
|j| Hakone Outbound
|c|☆Johnny tots|Snow
|
|t:|1781329823
|switch|p2a: Iron Valiant|Iron Valiant, tera:Steel|100/100
|turn|31
|
|t:|1781329829
|move|p2a: Iron Valiant|Moonblast|p1a: Kyurem
|-supereffective|p1a: Kyurem
|-damage|p1a: Kyurem|0 fnt
|faint|p1a: Kyurem
|
|-weather|Snowscape|[upkeep]
|upkeep
|
|t:|1781329832
|switch|p1a: Ting-Lu|Ting-Lu, tera:Ghost|64/100
|-ability|p1a: Ting-Lu|Vessel of Ruin
|turn|32
|
|t:|1781329835
|move|p2a: Iron Valiant|Moonblast|p1a: Ting-Lu
|-damage|p1a: Ting-Lu|40/100
|move|p1a: Ting-Lu|Earthquake|p2a: Iron Valiant
|-supereffective|p2a: Iron Valiant
|-damage|p2a: Iron Valiant|0 fnt
|faint|p2a: Iron Valiant
|-end|p2a: Iron Valiant|Quark Drive|[silent]
|
|-weather|Snowscape|[upkeep]
|-heal|p1a: Ting-Lu|46/100|[from] item: Leftovers
|upkeep
|
|t:|1781329837
|switch|p2a: Manaphy|Manaphy|100/100
|turn|33
|
|t:|1781329846
|move|p2a: Manaphy|Take Heart|p2a: Manaphy
|-boost|p2a: Manaphy|spa|1
|-boost|p2a: Manaphy|spd|1
|move|p1a: Ting-Lu|Ruination|p2a: Manaphy|[miss]
|-miss|p1a: Ting-Lu|p2a: Manaphy
|
|-weather|none
|-heal|p1a: Ting-Lu|52/100|[from] item: Leftovers
|upkeep
|turn|34
|
|t:|1781329856
|move|p2a: Manaphy|Take Heart|p2a: Manaphy
|-boost|p2a: Manaphy|spa|1
|-boost|p2a: Manaphy|spd|1
|move|p1a: Ting-Lu|Ruination|p2a: Manaphy
|-damage|p2a: Manaphy|51/100
|
|-heal|p2a: Manaphy|57/100|[from] item: Leftovers
|-heal|p1a: Ting-Lu|59/100|[from] item: Leftovers
|upkeep
|turn|35
|
|t:|1781329858
|move|p2a: Manaphy|Acid Armor|p2a: Manaphy
|-boost|p2a: Manaphy|def|2
|move|p1a: Ting-Lu|Ruination|p2a: Manaphy
|-damage|p2a: Manaphy|29/100
|
|-heal|p2a: Manaphy|35/100|[from] item: Leftovers
|-heal|p1a: Ting-Lu|65/100|[from] item: Leftovers
|upkeep
|turn|36
|
|t:|1781329863
|move|p2a: Manaphy|Take Heart|p2a: Manaphy
|-boost|p2a: Manaphy|spa|1
|-boost|p2a: Manaphy|spd|1
|move|p1a: Ting-Lu|Ruination|p2a: Manaphy
|-damage|p2a: Manaphy|18/100
|
|-heal|p2a: Manaphy|24/100|[from] item: Leftovers
|-heal|p1a: Ting-Lu|71/100|[from] item: Leftovers
|upkeep
|turn|37
|
|t:|1781329873
|move|p2a: Manaphy|Take Heart|p2a: Manaphy
|-boost|p2a: Manaphy|spa|1
|-boost|p2a: Manaphy|spd|1
|move|p1a: Ting-Lu|Earthquake|p2a: Manaphy
|-damage|p2a: Manaphy|7/100
|
|-heal|p2a: Manaphy|13/100|[from] item: Leftovers
|-heal|p1a: Ting-Lu|77/100|[from] item: Leftovers
|upkeep
|turn|38
|
|t:|1781329880
|move|p2a: Manaphy|Stored Power|p1a: Ting-Lu
|-damage|p1a: Ting-Lu|0 fnt
|faint|p1a: Ting-Lu
|
|-heal|p2a: Manaphy|19/100|[from] item: Leftovers
|upkeep
|
|t:|1781329882
|switch|p1a: Raging Bolt|Raging Bolt|74/100
|turn|39
|
|t:|1781329887
|move|p1a: Raging Bolt|Thunderclap||[still]
|-fail|p1a: Raging Bolt
|move|p2a: Manaphy|Take Heart|p2a: Manaphy
|-boost|p2a: Manaphy|spa|1
|-boost|p2a: Manaphy|spd|1
|
|-heal|p2a: Manaphy|25/100|[from] item: Leftovers
|upkeep
|turn|40
|
|t:|1781329888
|move|p1a: Raging Bolt|Thunderclap||[still]
|-fail|p1a: Raging Bolt
|move|p2a: Manaphy|Take Heart|p2a: Manaphy
|-boost|p2a: Manaphy|spa|1
|-boost|p2a: Manaphy|spd|1
|
|-heal|p2a: Manaphy|31/100|[from] item: Leftovers
|upkeep
|turn|41
|
|t:|1781329890
|move|p2a: Manaphy|Acid Armor|p2a: Manaphy
|-boost|p2a: Manaphy|def|2
|move|p1a: Raging Bolt|Thunderbolt|p2a: Manaphy
|-supereffective|p2a: Manaphy
|-damage|p2a: Manaphy|9/100
|
|-heal|p2a: Manaphy|15/100|[from] item: Leftovers
|upkeep
|turn|42
|
|t:|1781329896
|move|p2a: Manaphy|Take Heart||[still]
|-boost|p2a: Manaphy|spa|0
|-boost|p2a: Manaphy|spd|0
|-fail|p2a: Manaphy
|move|p1a: Raging Bolt|Thunderbolt|p2a: Manaphy
|-supereffective|p2a: Manaphy
|-damage|p2a: Manaphy|0 fnt
|faint|p2a: Manaphy
|
|win|LT_Alt1
|raw|LT_Alt1's rating: 1805 &rarr; <strong>1823</strong><br />(+18 for winning)
|raw|Johnny tots's rating: 1777 &rarr; <strong>1759</strong><br />(-18 for losing)
|l|☆Johnny tots
|player|p2|
|l| Cigtar
