|j|☆skayotest
|j|‽oatishere
|t:|1781081560
|gametype|singles
|player|p1|skayotest|170|1651
|player|p2|oatishere|artistf-gen6|1585
|gen|9
|tier|[Gen 9] OU
|rated|
|rule|HP Percentage Mod: HP is shown in percentages
|rule|Endless Battle Clause: Forcing endless battles is banned
|rule|Species Clause: Limit one of each Pokémon
|rule|OHKO Clause: OHKO moves are banned
|rule|Evasion Items Clause: Evasion items are banned
|rule|Evasion Moves Clause: Evasion moves are banned
|rule|Evasion Abilities Clause: Evasion abilities are banned
|rule|Sleep Moves Clause: Sleep-inducing moves are banned
|clearpoke
|poke|p1|Samurott-Hisui, F|
|poke|p1|Rillaboom, F|
|poke|p1|Garchomp, F|
|poke|p1|Gholdengo|
|poke|p1|Slowking-Galar, F|
|poke|p1|Cinderace, M|
|poke|p2|Deoxys-Speed|
|poke|p2|Ceruledge, M|
|poke|p2|Iron Treads|
|poke|p2|Ogerpon-Wellspring, F|
|poke|p2|Zamazenta-*|
|poke|p2|Moltres-Galar|
|teampreview
|inactive|Battle timer is ON: inactive players will automatically lose when time's up. (requested by oatishere)
|
|t:|1781081564
|teamsize|p1|6
|teamsize|p2|6
|start
|switch|p1a: Gholdengo|Gholdengo|100/100
|switch|p2a: Ogerpon|Ogerpon-Wellspring, F|100/100
|turn|1
|j| Mightylord
|
|t:|1781081571
|switch|p1a: Garchomp|Garchomp, F|100/100
|move|p2a: Ogerpon|Ivy Cudgel|p1a: Garchomp|[anim] Ivy Cudgel Water
|-crit|p1a: Garchomp
|-damage|p1a: Garchomp|40/100
|
|upkeep
|turn|2
|
|t:|1781081580
|move|p2a: Ogerpon|Ivy Cudgel|p1a: Garchomp|[anim] Ivy Cudgel Water
|-damage|p1a: Garchomp|0 fnt
|faint|p1a: Garchomp
|
|upkeep
|
|t:|1781081582
|switch|p1a: Rillaboom|Rillaboom, F|100/100
|-fieldstart|move: Grassy Terrain|[from] ability: Grassy Surge|[of] p1a: Rillaboom
|turn|3
|
|t:|1781081586
|switch|p2a: Iron Treads|Iron Treads|100/100
|-enditem|p2a: Iron Treads|Booster Energy
|-activate|p2a: Iron Treads|ability: Quark Drive|[fromitem]
|-start|p2a: Iron Treads|quarkdrivespe
|move|p1a: Rillaboom|Wood Hammer|p2a: Iron Treads
|-damage|p2a: Iron Treads|0 fnt
|faint|p2a: Iron Treads
|-end|p2a: Iron Treads|Quark Drive|[silent]
|-damage|p1a: Rillaboom|73/100|[from] Recoil
|
|-heal|p1a: Rillaboom|80/100|[from] Grassy Terrain
|upkeep
|
|t:|1781081589
|switch|p2a: Moltres|Moltres-Galar|100/100
|turn|4
|
|t:|1781081594
|switch|p1a: Samurott|Samurott-Hisui, F|100/100
|move|p2a: Moltres|Nasty Plot|p2a: Moltres
|-boost|p2a: Moltres|spa|2
|
|upkeep
|turn|5
|
|t:|1781081596
|move|p2a: Moltres|Hurricane|p1a: Samurott|[miss]
|-miss|p2a: Moltres|p1a: Samurott
|move|p1a: Samurott|Encore|p2a: Moltres
|-start|p2a: Moltres|Encore
|
|upkeep
|turn|6
|
|t:|1781081605
|move|p2a: Moltres|Hurricane|p1a: Samurott
|-damage|p1a: Samurott|0 fnt
|faint|p1a: Samurott
|
|upkeep
|
|t:|1781081609
|switch|p1a: Gholdengo|Gholdengo|100/100
|turn|7
|
|t:|1781081613
|move|p1a: Gholdengo|Make It Rain|p2a: Moltres
|-crit|p2a: Moltres
|-damage|p2a: Moltres|20/100
|-unboost|p1a: Gholdengo|spa|1
|-ability|p2a: Moltres|Berserk|boost
|-boost|p2a: Moltres|spa|1
|-enditem|p2a: Moltres|Sitrus Berry|[eat]
|-heal|p2a: Moltres|45/100|[from] item: Sitrus Berry
|move|p2a: Moltres|Hurricane|p1a: Gholdengo
|-resisted|p1a: Gholdengo
|-damage|p1a: Gholdengo|27/100
|
|-heal|p1a: Gholdengo|33/100|[from] Grassy Terrain
|-fieldend|move: Grassy Terrain
|upkeep
|turn|8
|
|t:|1781081623
|move|p1a: Gholdengo|Make It Rain|p2a: Moltres
|-damage|p2a: Moltres|5/100
|-unboost|p1a: Gholdengo|spa|1
|move|p2a: Moltres|Hurricane|p1a: Gholdengo
|-resisted|p1a: Gholdengo
|-damage|p1a: Gholdengo|0 fnt
|faint|p1a: Gholdengo
|
|-end|p2a: Moltres|Encore
|upkeep
|
|t:|1781081631
|switch|p1a: Cinderace|Cinderace, M|100/100
|turn|9
|
|t:|1781081633
|move|p1a: Cinderace|Pyro Ball|p2a: Moltres
|-damage|p2a: Moltres|0 fnt
|faint|p2a: Moltres
|
|upkeep
|
|t:|1781081635
|switch|p2a: Deoxys|Deoxys-Speed|100/100
|-ability|p2a: Deoxys|Pressure
|turn|10
|
|t:|1781081640
|move|p2a: Deoxys|Psycho Boost|p1a: Cinderace
|-damage|p1a: Cinderace|38/100
|-unboost|p2a: Deoxys|spa|2
|move|p1a: Cinderace|Pyro Ball|p2a: Deoxys
|-damage|p2a: Deoxys|29/100
|
|upkeep
|turn|11
|j| yuureisuisei
|
|t:|1781081648
|move|p2a: Deoxys|Psycho Boost|p1a: Cinderace|[miss]
|-miss|p2a: Deoxys|p1a: Cinderace
|move|p1a: Cinderace|Pyro Ball|p2a: Deoxys
|-damage|p2a: Deoxys|0 fnt
|faint|p2a: Deoxys
|
|upkeep
|
|t:|1781081653
|switch|p2a: Zamazenta|Zamazenta|100/100
|-ability|p2a: Zamazenta|Dauntless Shield|boost
|-boost|p2a: Zamazenta|def|1
|turn|12
|
|t:|1781081660
|switch|p1a: Slowking|Slowking-Galar, F|100/100
|move|p2a: Zamazenta|Body Press|p1a: Slowking
|-resisted|p1a: Slowking
|-crit|p1a: Slowking
|-damage|p1a: Slowking|79/100
|
|upkeep
|turn|13
|
|t:|1781081664
|-terastallize|p2a: Zamazenta|Dark
|move|p2a: Zamazenta|Crunch|p1a: Slowking
|-supereffective|p1a: Slowking
|-damage|p1a: Slowking|16/100
|-unboost|p1a: Slowking|def|1
|move|p1a: Slowking|Toxic Spikes|p2a: Zamazenta
|-sidestart|p2: oatishere|move: Toxic Spikes
|
|upkeep
|turn|14
|j| lord shiddenfards
|
|t:|1781081685
|move|p2a: Zamazenta|Body Press|p1a: Slowking
|-resisted|p1a: Slowking
|-damage|p1a: Slowking|0 fnt
|faint|p1a: Slowking
|
|upkeep
|
|t:|1781081688
|switch|p1a: Cinderace|Cinderace, M|38/100
|turn|15
|
|t:|1781081694
|move|p2a: Zamazenta|Crunch|p1a: Cinderace
|-damage|p1a: Cinderace|0 fnt
|faint|p1a: Cinderace
|
|upkeep
|
|t:|1781081696
|switch|p1a: Rillaboom|Rillaboom, F|80/100
|-fieldstart|move: Grassy Terrain|[from] ability: Grassy Surge|[of] p1a: Rillaboom
|turn|16
|
|t:|1781081699
|-terastallize|p1a: Rillaboom|Grass
|move|p1a: Rillaboom|Grassy Glide|p2a: Zamazenta
|-damage|p2a: Zamazenta|61/100
|move|p2a: Zamazenta|Body Press|p1a: Rillaboom
|-damage|p1a: Rillaboom|20/100
|
|-heal|p2a: Zamazenta|67/100|[from] Grassy Terrain
|-heal|p2a: Zamazenta|73/100|[from] item: Leftovers
|-heal|p1a: Rillaboom|27/100|[from] Grassy Terrain
|upkeep
|turn|17
|
|t:|1781081702
|move|p1a: Rillaboom|Grassy Glide|p2a: Zamazenta
|-damage|p2a: Zamazenta|34/100
|move|p2a: Zamazenta|Body Press|p1a: Rillaboom
|-damage|p1a: Rillaboom|0 fnt
|faint|p1a: Rillaboom
|
|win|oatishere
|raw|skayotest's rating: 1651 &rarr; <strong>1627</strong><br />(-24 for losing)
|raw|oatishere's rating: 1585 &rarr; <strong>1609</strong><br />(+24 for winning)
|l|☆skayotest
|player|p1|
|l|‽oatishere
|player|p2|
|l| yuureisuisei
|l| lord shiddenfards
|l| Mightylord
