|j|☆ur doggo
|j|☆drqco
|t:|1781258482
|gametype|singles
|player|p1|ur doggo|102|1627
|player|p2|drqco|volkner|1517
|gen|9
|tier|[Gen 9] OU
|rated|
|rule|HP Percentage Mod: HP is shown in percentages
|rule|Endless Battle Clause: Forcing endless battles is banned
|rule|Species Clause: Limit one of each Pokémon
|rule|OHKO Clause: OHKO moves are banned
|rule|Evasion Items Clause: Evasion items are banned
|rule|Evasion Moves Clause: Evasion moves are banned
|rule|Evasion Abilities Clause: Evasion abilities are banned
|rule|Sleep Moves Clause: Sleep-inducing moves are banned
|clearpoke
|poke|p1|Latios, M|
|poke|p1|Darkrai|
|poke|p1|Ting-Lu|
|poke|p1|Corviknight, F|
|poke|p1|Dragonite, M|
|poke|p1|Clefable, M|
|poke|p2|Raging Bolt|
|poke|p2|Ribombee, F|
|poke|p2|Gholdengo|
|poke|p2|Great Tusk|
|poke|p2|Ogerpon-Cornerstone, F|
|poke|p2|Ceruledge, F|
|teampreview
|j| Ctannn
|
|t:|1781258502
|teamsize|p1|6
|teamsize|p2|6
|start
|switch|p1a: Clefable|Clefable, M|100/100
|switch|p2a: Thwomp|Ogerpon-Cornerstone, F|100/100
|turn|1
|
|t:|1781258519
|move|p2a: Thwomp|Power Whip|p1a: Clefable
|-damage|p1a: Clefable|42/100
|-damage|p2a: Thwomp|84/100|[from] item: Rocky Helmet|[of] p1a: Clefable
|move|p1a: Clefable|Moonblast|p2a: Thwomp
|-damage|p2a: Thwomp|50/100
|-unboost|p2a: Thwomp|spa|1
|
|upkeep
|turn|2
|
|t:|1781258527
|switch|p1a: Corviknight|Corviknight, F|100/100
|-ability|p1a: Corviknight|Pressure
|move|p2a: Thwomp|Ivy Cudgel|p1a: Corviknight|[anim] Ivy Cudgel Rock
|-damage|p1a: Corviknight|45/100
|
|-heal|p1a: Corviknight|51/100|[from] item: Leftovers
|upkeep
|turn|3
|
|t:|1781258542
|switch|p1a: Clefable|Clefable, M|42/100
|move|p2a: Thwomp|Ivy Cudgel|p1a: Clefable|[anim] Ivy Cudgel Rock
|-damage|p1a: Clefable|0 fnt
|faint|p1a: Clefable
|
|upkeep
|
|t:|1781258560
|switch|p1a: Darkrai|Darkrai|100/100
|turn|4
|
|t:|1781258576
|switch|p2a: Potential Man|Ceruledge, F, shiny|100/100
|move|p1a: Darkrai|Ice Beam|p2a: Potential Man
|-resisted|p2a: Potential Man
|-damage|p2a: Potential Man|84/100
|
|upkeep
|turn|5
|
|t:|1781258589
|move|p1a: Darkrai|Dark Pulse|p2a: Potential Man
|-supereffective|p2a: Potential Man
|-damage|p2a: Potential Man|0 fnt
|faint|p2a: Potential Man
|
|upkeep
|
|t:|1781258597
|switch|p2a: Madame Web|Ribombee, F, shiny|100/100
|turn|6
|
|t:|1781258604
|switch|p1a: Corviknight|Corviknight, F|51/100
|-ability|p1a: Corviknight|Pressure
|move|p2a: Madame Web|Sticky Web|p1a: Corviknight
|-sidestart|p1: ur doggo|move: Sticky Web
|
|-heal|p1a: Corviknight|57/100|[from] item: Leftovers
|upkeep
|turn|7
|
|t:|1781258608
|move|p2a: Madame Web|Stun Spore|p1a: Corviknight
|-status|p1a: Corviknight|par
|cant|p1a: Corviknight|par
|
|-heal|p1a: Corviknight|63/100 par|[from] item: Leftovers
|upkeep
|turn|8
|
|t:|1781258615
|switch|p2a: Thwomp|Ogerpon-Cornerstone, F|50/100
|move|p1a: Corviknight|Roost|p1a: Corviknight
|-heal|p1a: Corviknight|100/100 par
|-singleturn|p1a: Corviknight|move: Roost
|
|upkeep
|turn|9
|
|t:|1781258623
|move|p2a: Thwomp|Ivy Cudgel|p1a: Corviknight|[anim] Ivy Cudgel Rock
|-damage|p1a: Corviknight|44/100 par
|cant|p1a: Corviknight|par
|
|-heal|p1a: Corviknight|50/100 par|[from] item: Leftovers
|upkeep
|turn|10
|
|t:|1781258644
|move|p2a: Thwomp|Ivy Cudgel|p1a: Corviknight|[anim] Ivy Cudgel Rock
|-damage|p1a: Corviknight|0 fnt
|faint|p1a: Corviknight
|
|upkeep
|
|t:|1781258648
|switch|p1a: Darkrai|Darkrai|100/100
|turn|11
|
|t:|1781258658
|switch|p2a: Madame Web|Ribombee, F, shiny|100/100
|move|p1a: Darkrai|Ice Beam|p2a: Madame Web
|-damage|p2a: Madame Web|44/100
|
|upkeep
|turn|12
|
|t:|1781258663
|move|p1a: Darkrai|Ice Beam|p2a: Madame Web
|-damage|p2a: Madame Web|0 fnt
|faint|p2a: Madame Web
|
|upkeep
|
|t:|1781258688
|switch|p2a: Ragnorok|Raging Bolt|100/100
|-enditem|p2a: Ragnorok|Booster Energy
|-activate|p2a: Ragnorok|ability: Protosynthesis|[fromitem]
|-start|p2a: Ragnorok|protosynthesisspa
|turn|13
|
|t:|1781258694
|switch|p1a: Ting-Lu|Ting-Lu|100/100
|-activate|p1a: Ting-Lu|move: Sticky Web
|-unboost|p1a: Ting-Lu|spe|1
|-ability|p1a: Ting-Lu|Vessel of Ruin
|move|p2a: Ragnorok|Calm Mind|p2a: Ragnorok
|-boost|p2a: Ragnorok|spa|1
|-boost|p2a: Ragnorok|spd|1
|
|upkeep
|turn|14
|
|t:|1781258701
|-terastallize|p2a: Ragnorok|Flying
|move|p2a: Ragnorok|Calm Mind|p2a: Ragnorok
|-boost|p2a: Ragnorok|spa|1
|-boost|p2a: Ragnorok|spd|1
|move|p1a: Ting-Lu|Earthquake|p2a: Ragnorok
|-immune|p2a: Ragnorok
|
|upkeep
|turn|15
|
|t:|1781258708
|move|p2a: Ragnorok|Dragon Pulse|p1a: Ting-Lu
|-damage|p1a: Ting-Lu|44/100
|move|p1a: Ting-Lu|Ruination|p2a: Ragnorok
|-damage|p2a: Ragnorok|51/100
|
|-heal|p1a: Ting-Lu|50/100|[from] item: Leftovers
|upkeep
|turn|16
|
|t:|1781258716
|move|p2a: Ragnorok|Dragon Pulse|p1a: Ting-Lu
|-damage|p1a: Ting-Lu|0 fnt
|faint|p1a: Ting-Lu
|
|upkeep
|
|t:|1781258734
|switch|p1a: Dragonite|Dragonite, M|100/100
|turn|17
|
|t:|1781258741
|-terastallize|p1a: Dragonite|Normal
|move|p1a: Dragonite|Extreme Speed|p2a: Ragnorok
|-damage|p2a: Ragnorok|5/100
|move|p2a: Ragnorok|Dragon Pulse|p1a: Dragonite
|-damage|p1a: Dragonite|26/100
|
|upkeep
|turn|18
|l| Ctannn
|
|t:|1781258754
|move|p1a: Dragonite|Extreme Speed|p2a: Ragnorok
|-damage|p2a: Ragnorok|0 fnt
|faint|p2a: Ragnorok
|-end|p2a: Ragnorok|Protosynthesis|[silent]
|
|upkeep
|
|t:|1781258758
|switch|p2a: Cheese Stick|Gholdengo, shiny|100/100
|-item|p2a: Cheese Stick|Air Balloon
|turn|19
|
|t:|1781258764
|move|p2a: Cheese Stick|Nasty Plot|p2a: Cheese Stick
|-boost|p2a: Cheese Stick|spa|2
|move|p1a: Dragonite|Dragon Tail|p2a: Cheese Stick
|-resisted|p2a: Cheese Stick
|-damage|p2a: Cheese Stick|80/100
|-enditem|p2a: Cheese Stick|Air Balloon
|drag|p2a: Thwomp|Ogerpon-Cornerstone, F|50/100
|
|upkeep
|turn|20
|
|t:|1781258773
|move|p1a: Dragonite|Extreme Speed|p2a: Thwomp
|-resisted|p2a: Thwomp
|-damage|p2a: Thwomp|20/100
|move|p2a: Thwomp|Knock Off|p1a: Dragonite
|-damage|p1a: Dragonite|0 fnt
|-enditem|p1a: Dragonite|Heavy-Duty Boots|[from] move: Knock Off|[of] p2a: Thwomp
|faint|p1a: Dragonite
|
|upkeep
|
|t:|1781258777
|switch|p1a: Darkrai|Darkrai|100/100
|turn|21
|
|t:|1781258785
|move|p1a: Darkrai|Dark Pulse|p2a: Thwomp
|-damage|p2a: Thwomp|0 fnt
|faint|p2a: Thwomp
|
|upkeep
|
|t:|1781258787
|switch|p2a: Chaos|Great Tusk, shiny|100/100
|-enditem|p2a: Chaos|Booster Energy
|-activate|p2a: Chaos|ability: Protosynthesis|[fromitem]
|-start|p2a: Chaos|protosynthesisatk
|turn|22
|
|t:|1781258812
|move|p1a: Darkrai|Will-O-Wisp|p2a: Chaos
|-status|p2a: Chaos|brn
|move|p2a: Chaos|Close Combat|p1a: Darkrai
|-supereffective|p1a: Darkrai
|-damage|p1a: Darkrai|0 fnt
|-unboost|p2a: Chaos|def|1
|-unboost|p2a: Chaos|spd|1
|faint|p1a: Darkrai
|
|-damage|p2a: Chaos|94/100 brn|[from] brn
|upkeep
|
|t:|1781258814
|switch|p1a: Latios|Latios, M|100/100
|turn|23
|
|t:|1781258819
|move|p1a: Latios|Psychic Noise|p2a: Chaos
|-supereffective|p2a: Chaos
|-damage|p2a: Chaos|0 fnt
|faint|p2a: Chaos
|-end|p2a: Chaos|Protosynthesis|[silent]
|
|upkeep
|
|t:|1781258823
|switch|p2a: Cheese Stick|Gholdengo, shiny|80/100
|turn|24
|
|t:|1781258827
|move|p1a: Latios|Calm Mind|p1a: Latios
|-boost|p1a: Latios|spa|1
|-boost|p1a: Latios|spd|1
|move|p2a: Cheese Stick|Shadow Ball|p1a: Latios
|-supereffective|p1a: Latios
|-damage|p1a: Latios|35/100
|
|upkeep
|turn|25
|
|t:|1781258833
|move|p1a: Latios|Recover|p1a: Latios
|-heal|p1a: Latios|85/100
|move|p2a: Cheese Stick|Shadow Ball|p1a: Latios
|-supereffective|p1a: Latios
|-damage|p1a: Latios|18/100
|
|upkeep
|turn|26
|
|t:|1781258836
|move|p1a: Latios|Psychic Noise|p2a: Cheese Stick
|-resisted|p2a: Cheese Stick
|-damage|p2a: Cheese Stick|46/100
|-start|p2a: Cheese Stick|move: Heal Block
|move|p2a: Cheese Stick|Shadow Ball|p1a: Latios
|-supereffective|p1a: Latios
|-damage|p1a: Latios|0 fnt
|faint|p1a: Latios
|
|win|drqco
|raw|ur doggo's rating: 1627 &rarr; <strong>1601</strong><br />(-26 for losing)
|raw|drqco's rating: 1517 &rarr; <strong>1543</strong><br />(+26 for winning)
|c|☆drqco|GG
|c|☆ur doggo|gg
|l|☆ur doggo
|player|p1|
