|j|☆GODKUD
|j|☆Liker of Mudkips
|t:|1781484780
|gametype|singles
|player|p1|GODKUD|ghetsis-gen5bw|1613
|player|p2|Liker of Mudkips|acetrainerf|1637
|gen|9
|tier|[Gen 9] OU
|rated|
|rule|HP Percentage Mod: HP is shown in percentages
|rule|Endless Battle Clause: Forcing endless battles is banned
|rule|Species Clause: Limit one of each Pokémon
|rule|OHKO Clause: OHKO moves are banned
|rule|Evasion Items Clause: Evasion items are banned
|rule|Evasion Moves Clause: Evasion moves are banned
|rule|Evasion Abilities Clause: Evasion abilities are banned
|rule|Sleep Moves Clause: Sleep-inducing moves are banned
|clearpoke
|poke|p1|Hydreigon, M|
|poke|p1|Corviknight, M|
|poke|p1|Slowking-Galar, F|
|poke|p1|Sandy Shocks|
|poke|p1|Quaquaval, F|
|poke|p1|Ceruledge, F|
|poke|p2|Dragapult, F|
|poke|p2|Ogerpon-Wellspring, F|
|poke|p2|Slowking-Galar, M|
|poke|p2|Great Tusk|
|poke|p2|Zapdos|
|poke|p2|Kingambit, M|
|teampreview
|inactive|Battle timer is ON: inactive players will automatically lose when time's up. (requested by GODKUD)
|
|t:|1781484791
|teamsize|p1|6
|teamsize|p2|6
|start
|switch|p1a: Sandy Shocks|Sandy Shocks|100/100
|switch|p2a: Baku|Great Tusk|100/100
|-enditem|p1a: Sandy Shocks|Booster Energy
|-activate|p1a: Sandy Shocks|ability: Protosynthesis|[fromitem]
|-start|p1a: Sandy Shocks|protosynthesisspe
|turn|1
|
|t:|1781484800
|move|p1a: Sandy Shocks|Earth Power|p2a: Baku
|-damage|p2a: Baku|32/100
|move|p2a: Baku|Headlong Rush|p1a: Sandy Shocks
|-supereffective|p1a: Sandy Shocks
|-damage|p1a: Sandy Shocks|0 fnt
|-unboost|p2a: Baku|def|1
|-unboost|p2a: Baku|spd|1
|faint|p1a: Sandy Shocks
|-end|p1a: Sandy Shocks|Protosynthesis|[silent]
|
|upkeep
|
|t:|1781484807
|switch|p1a: God of Destruction|Hydreigon, M|100/100
|turn|2
|
|t:|1781484812
|-end|p2a: Baku|Protosynthesis|[silent]
|switch|p2a: Pants|Slowking-Galar, M|100/100
|move|p1a: God of Destruction|Flash Cannon|p2a: Pants
|-crit|p2a: Pants
|-damage|p2a: Pants|79/100
|-unboost|p2a: Pants|spd|1
|-damage|p1a: God of Destruction|91/100|[from] item: Life Orb
|
|upkeep
|turn|3
|
|t:|1781484820
|move|p1a: God of Destruction|Nasty Plot|p1a: God of Destruction
|-boost|p1a: God of Destruction|spa|2
|move|p2a: Pants|Sludge Bomb|p1a: God of Destruction
|-damage|p1a: God of Destruction|55/100
|
|upkeep
|turn|4
|
|t:|1781484827
|move|p1a: God of Destruction|Dark Pulse|p2a: Pants
|-supereffective|p2a: Pants
|-damage|p2a: Pants|0 fnt
|faint|p2a: Pants
|-damage|p1a: God of Destruction|45/100|[from] item: Life Orb
|
|upkeep
|
|t:|1781484837
|switch|p2a: Suika|Ogerpon-Wellspring, F|100/100
|turn|5
|
|t:|1781484840
|move|p2a: Suika|U-turn|p1a: God of Destruction
|-supereffective|p1a: God of Destruction
|-damage|p1a: God of Destruction|0 fnt
|faint|p1a: God of Destruction
|
|t:|1781484849
|switch|p2a: Baku|Great Tusk|32/100|[from] U-turn
|
|upkeep
|
|t:|1781484852
|switch|p1a: Quaquaval|Quaquaval, F|100/100
|turn|6
|
|t:|1781484856
|move|p2a: Baku|Headlong Rush|p1a: Quaquaval
|-damage|p1a: Quaquaval|34/100
|-unboost|p2a: Baku|def|1
|-unboost|p2a: Baku|spd|1
|move|p1a: Quaquaval|Aqua Step|p2a: Baku
|-supereffective|p2a: Baku
|-damage|p2a: Baku|0 fnt
|-boost|p1a: Quaquaval|spe|1
|-damage|p1a: Quaquaval|17/100|[from] item: Rocky Helmet|[of] p2a: Baku
|faint|p2a: Baku
|-end|p2a: Baku|Protosynthesis|[silent]
|-ability|p1a: Quaquaval|Moxie|boost
|-boost|p1a: Quaquaval|atk|1
|
|upkeep
|
|t:|1781484873
|switch|p2a: Suika|Ogerpon-Wellspring, F|100/100
|turn|7
|
|t:|1781484878
|move|p1a: Quaquaval|Brick Break|p2a: Suika
|-damage|p2a: Suika|26/100
|move|p2a: Suika|U-turn|p1a: Quaquaval
|-resisted|p1a: Quaquaval
|-damage|p1a: Quaquaval|2/100
|
|t:|1781484885
|switch|p2a: Nobunaga|Kingambit, M|100/100|[from] U-turn
|-activate|p2a: Nobunaga|ability: Supreme Overlord
|-start|p2a: Nobunaga|fallen2|[silent]
|-item|p2a: Nobunaga|Air Balloon
|
|upkeep
|turn|8
|
|t:|1781484891
|move|p2a: Nobunaga|Sucker Punch|p1a: Quaquaval
|-resisted|p1a: Quaquaval
|-damage|p1a: Quaquaval|0 fnt
|faint|p1a: Quaquaval
|
|upkeep
|
|t:|1781484895
|switch|p1a: Ceruledge|Ceruledge, F|100/100
|turn|9
|
|t:|1781484902
|-end|p2a: Nobunaga|fallen2|[silent]
|switch|p2a: Larxene|Zapdos|100/100
|move|p1a: Ceruledge|Bitter Blade|p2a: Larxene
|-crit|p2a: Larxene
|-damage|p2a: Larxene|10/100
|
|upkeep
|turn|10
|
|t:|1781484909
|move|p1a: Ceruledge|Shadow Sneak|p2a: Larxene
|-damage|p2a: Larxene|0 fnt
|faint|p2a: Larxene
|
|upkeep
|
|t:|1781484922
|switch|p2a: Suika|Ogerpon-Wellspring, F|26/100
|turn|11
|
|t:|1781484926
|-terastallize|p1a: Ceruledge|Ghost
|move|p1a: Ceruledge|Shadow Sneak|p2a: Suika
|-damage|p2a: Suika|0 fnt
|faint|p2a: Suika
|
|upkeep
|
|t:|1781484934
|switch|p2a: Nobunaga|Kingambit, M|100/100
|-activate|p2a: Nobunaga|ability: Supreme Overlord
|-start|p2a: Nobunaga|fallen4|[silent]
|-item|p2a: Nobunaga|Air Balloon
|turn|12
|
|t:|1781484946
|-terastallize|p2a: Nobunaga|Fighting
|move|p2a: Nobunaga|Sucker Punch|p1a: Ceruledge
|-supereffective|p1a: Ceruledge
|-enditem|p1a: Ceruledge|Focus Sash
|-damage|p1a: Ceruledge|1/100
|-ability|p1a: Ceruledge|Weak Armor|boost
|-unboost|p1a: Ceruledge|def|1
|-boost|p1a: Ceruledge|spe|2
|move|p1a: Ceruledge|Bitter Blade|p2a: Nobunaga
|-damage|p2a: Nobunaga|56/100
|-heal|p1a: Ceruledge|27/100|[from] drain|[of] p2a: Nobunaga
|-enditem|p2a: Nobunaga|Air Balloon
|
|upkeep
|turn|13
|
|t:|1781484959
|move|p1a: Ceruledge|Shadow Sneak|p2a: Nobunaga
|-damage|p2a: Nobunaga|28/100
|move|p2a: Nobunaga|Iron Head|p1a: Ceruledge
|-damage|p1a: Ceruledge|0 fnt
|faint|p1a: Ceruledge
|
|upkeep
|
|t:|1781484964
|switch|p1a: Corviknight|Corviknight, M|100/100
|-ability|p1a: Corviknight|Pressure
|turn|14
|
|t:|1781484969
|-end|p2a: Nobunaga|fallen4|[silent]
|switch|p2a: Kos|Dragapult, F|100/100
|move|p1a: Corviknight|Brave Bird|p2a: Kos
|-damage|p2a: Kos|53/100
|-damage|p1a: Corviknight|88/100|[from] Recoil
|
|upkeep
|turn|15
|
|t:|1781484977
|switch|p1a: Slowking|Slowking-Galar, F|100/100
|move|p2a: Kos|Shadow Ball|p1a: Slowking
|-supereffective|p1a: Slowking
|-damage|p1a: Slowking|33/100
|-unboost|p1a: Slowking|spd|1
|
|upkeep
|turn|16
|
|t:|1781484984
|move|p2a: Kos|Shadow Ball|p1a: Slowking
|-supereffective|p1a: Slowking
|-damage|p1a: Slowking|0 fnt
|faint|p1a: Slowking
|
|upkeep
|
|t:|1781484986
|switch|p1a: Corviknight|Corviknight, M|88/100
|-ability|p1a: Corviknight|Pressure
|turn|17
|
|t:|1781484994
|switch|p2a: Nobunaga|Kingambit, M, tera:Fighting|28/100
|-activate|p2a: Nobunaga|ability: Supreme Overlord
|-start|p2a: Nobunaga|fallen4|[silent]
|move|p1a: Corviknight|Brave Bird|p2a: Nobunaga
|-supereffective|p2a: Nobunaga
|-crit|p2a: Nobunaga
|-damage|p2a: Nobunaga|0 fnt
|faint|p2a: Nobunaga
|-end|p2a: Nobunaga|fallen4|[silent]
|-damage|p1a: Corviknight|80/100|[from] Recoil
|
|upkeep
|
|t:|1781485003
|switch|p2a: Kos|Dragapult, F|53/100
|turn|18
|
|t:|1781485006
|move|p2a: Kos|Flamethrower|p1a: Corviknight
|-supereffective|p1a: Corviknight
|-damage|p1a: Corviknight|7/100
|move|p1a: Corviknight|Brave Bird|p2a: Kos
|-damage|p2a: Kos|5/100
|-damage|p1a: Corviknight|0 fnt|[from] Recoil
|faint|p1a: Corviknight
|
|win|Liker of Mudkips
|raw|GODKUD's rating: 1613 &rarr; <strong>1594</strong><br />(-19 for losing)
|raw|Liker of Mudkips's rating: 1637 &rarr; <strong>1656</strong><br />(+19 for winning)
|l|☆GODKUD
|player|p1|
|l|☆Liker of Mudkips
|player|p2|
