|j|☆tauros3
|j|☆KurisuChestnutLab
|t:|1781123374
|gametype|singles
|player|p1|tauros3|swimmer-gen4dp|1576
|player|p2|KurisuChestnutLab|may-contest|1592
|gen|9
|tier|[Gen 9] OU
|rated|
|rule|HP Percentage Mod: HP is shown in percentages
|rule|Endless Battle Clause: Forcing endless battles is banned
|rule|Species Clause: Limit one of each Pokémon
|rule|OHKO Clause: OHKO moves are banned
|rule|Evasion Items Clause: Evasion items are banned
|rule|Evasion Moves Clause: Evasion moves are banned
|rule|Evasion Abilities Clause: Evasion abilities are banned
|rule|Sleep Moves Clause: Sleep-inducing moves are banned
|clearpoke
|poke|p1|Ninetales-Alola, F|
|poke|p1|Cloyster, F|
|poke|p1|Moltres-Galar|
|poke|p1|Ursaluna, M|
|poke|p1|Hatterene, F|
|poke|p1|Cinderace, M|
|poke|p2|Zamazenta-*|
|poke|p2|Zapdos|
|poke|p2|Garganacl, F|
|poke|p2|Clefable, F|
|poke|p2|Samurott-Hisui, M|
|poke|p2|Gholdengo|
|teampreview
|inactive|Battle timer is ON: inactive players will automatically lose when time's up. (requested by tauros3)
|
|t:|1781123379
|teamsize|p1|6
|teamsize|p2|6
|start
|switch|p1a: Pink Triangle|Hatterene, F|100/100
|switch|p2a: Zamazenta|Zamazenta|100/100
|-ability|p2a: Zamazenta|Dauntless Shield|boost
|-boost|p2a: Zamazenta|def|1
|turn|1
|inactive|KurisuChestnutLab also wants the timer to be on.
|
|t:|1781123386
|-terastallize|p2a: Zamazenta|Fire
|move|p2a: Zamazenta|Iron Defense|p2a: Zamazenta
|-boost|p2a: Zamazenta|def|2
|move|p1a: Pink Triangle|Trick Room|p1a: Pink Triangle
|-fieldstart|move: Trick Room|[of] p1a: Pink Triangle
|
|upkeep
|turn|2
|
|t:|1781123391
|move|p1a: Pink Triangle|Psychic Noise|p2a: Zamazenta
|-damage|p2a: Zamazenta|68/100
|-start|p2a: Zamazenta|move: Heal Block
|move|p2a: Zamazenta|Roar|p1a: Pink Triangle
|move|p1a: Pink Triangle|Roar|p2a: Zamazenta|[from] ability: Magic Bounce
|drag|p2a: Zapdos|Zapdos|100/100
|
|upkeep
|turn|3
|
|t:|1781123402
|move|p1a: Pink Triangle|Dazzling Gleam|p2a: Zapdos
|-damage|p2a: Zapdos|51/100
|move|p2a: Zapdos|Hurricane|p1a: Pink Triangle|[miss]
|-miss|p2a: Zapdos|p1a: Pink Triangle
|
|upkeep
|turn|4
|
|t:|1781123408
|move|p1a: Pink Triangle|Dazzling Gleam|p2a: Zapdos
|-damage|p2a: Zapdos|6/100
|move|p2a: Zapdos|Hurricane|p1a: Pink Triangle|[miss]
|-miss|p2a: Zapdos|p1a: Pink Triangle
|
|upkeep
|turn|5
|
|t:|1781123412
|move|p1a: Pink Triangle|Psychic Noise|p2a: Zapdos
|-damage|p2a: Zapdos|0 fnt
|faint|p2a: Zapdos
|
|-fieldend|move: Trick Room
|upkeep
|
|t:|1781123419
|switch|p2a: Zamazenta|Zamazenta, tera:Fire|68/100
|turn|6
|
|t:|1781123423
|switch|p2a: Gholdengo|Gholdengo|100/100
|move|p1a: Pink Triangle|Trick Room|p1a: Pink Triangle
|-fieldstart|move: Trick Room|[of] p1a: Pink Triangle
|
|upkeep
|turn|7
|
|t:|1781123429
|switch|p1a: El Scorcho|Ursaluna, M|100/100
|move|p2a: Gholdengo|Trick|p1a: El Scorcho
|-activate|p2a: Gholdengo|move: Trick|[of] p1a: El Scorcho
|-item|p1a: El Scorcho|Choice Scarf|[from] move: Trick
|-item|p2a: Gholdengo|Flame Orb|[from] move: Trick
|
|-status|p2a: Gholdengo|brn|[from] item: Flame Orb
|upkeep
|turn|8
|
|t:|1781123436
|switch|p2a: Clefable|Clefable, F|100/100
|move|p1a: El Scorcho|Headlong Rush|p2a: Clefable
|-damage|p2a: Clefable|45/100
|-unboost|p1a: El Scorcho|def|1
|-unboost|p1a: El Scorcho|spd|1
|
|upkeep
|turn|9
|
|t:|1781123444
|move|p2a: Clefable|Moonlight|p2a: Clefable
|-heal|p2a: Clefable|95/100
|move|p1a: El Scorcho|Headlong Rush|p2a: Clefable
|-damage|p2a: Clefable|44/100
|-unboost|p1a: El Scorcho|def|1
|-unboost|p1a: El Scorcho|spd|1
|
|upkeep
|turn|10
|
|t:|1781123451
|switch|p1a: Pink Triangle|Hatterene, F|100/100
|move|p2a: Clefable|Moonblast|p1a: Pink Triangle
|-damage|p1a: Pink Triangle|69/100
|
|-fieldend|move: Trick Room
|upkeep
|turn|11
|
|t:|1781123456
|move|p2a: Clefable|Moonlight|p2a: Clefable
|-heal|p2a: Clefable|94/100
|move|p1a: Pink Triangle|Psychic Noise|p2a: Clefable
|-damage|p2a: Clefable|52/100
|-start|p2a: Clefable|move: Heal Block
|
|upkeep
|turn|12
|
|t:|1781123463
|move|p2a: Clefable|Moonblast|p1a: Pink Triangle
|-damage|p1a: Pink Triangle|34/100
|move|p1a: Pink Triangle|Trick Room|p1a: Pink Triangle
|-fieldstart|move: Trick Room|[of] p1a: Pink Triangle
|
|-end|p2a: Clefable|move: Heal Block
|upkeep
|turn|13
|
|t:|1781123467
|move|p1a: Pink Triangle|Psychic Noise|p2a: Clefable
|-damage|p2a: Clefable|8/100
|-start|p2a: Clefable|move: Heal Block
|move|p2a: Clefable|Moonblast|p1a: Pink Triangle
|-damage|p1a: Pink Triangle|3/100
|-unboost|p1a: Pink Triangle|spa|1
|
|upkeep
|turn|14
|
|t:|1781123473
|move|p1a: Pink Triangle|Dazzling Gleam|p2a: Clefable
|-damage|p2a: Clefable|0 fnt
|faint|p2a: Clefable
|
|upkeep
|
|t:|1781123477
|switch|p2a: Zamazenta|Zamazenta, tera:Fire|68/100
|turn|15
|
|t:|1781123480
|move|p1a: Pink Triangle|Psychic Noise|p2a: Zamazenta
|-damage|p2a: Zamazenta|45/100
|-start|p2a: Zamazenta|move: Heal Block
|move|p2a: Zamazenta|Iron Defense|p2a: Zamazenta
|-boost|p2a: Zamazenta|def|2
|
|upkeep
|turn|16
|
|t:|1781123486
|move|p1a: Pink Triangle|Psychic Noise|p2a: Zamazenta
|-damage|p2a: Zamazenta|20/100
|move|p2a: Zamazenta|Iron Defense|p2a: Zamazenta
|-boost|p2a: Zamazenta|def|2
|
|-end|p2a: Zamazenta|move: Heal Block
|-fieldend|move: Trick Room
|upkeep
|turn|17
|
|t:|1781123492
|move|p2a: Zamazenta|Body Press|p1a: Pink Triangle
|-resisted|p1a: Pink Triangle
|-damage|p1a: Pink Triangle|0 fnt
|faint|p1a: Pink Triangle
|
|-heal|p2a: Zamazenta|27/100|[from] item: Leftovers
|upkeep
|
|t:|1781123499
|switch|p1a: Butterfly|Moltres-Galar|100/100
|turn|18
|
|t:|1781123504
|-terastallize|p1a: Butterfly|Ghost
|move|p2a: Zamazenta|Body Press|p1a: Butterfly
|-immune|p1a: Butterfly
|move|p1a: Butterfly|Agility|p1a: Butterfly
|-boost|p1a: Butterfly|spe|2
|
|-heal|p2a: Zamazenta|33/100|[from] item: Leftovers
|upkeep
|turn|19
|
|t:|1781123509
|move|p1a: Butterfly|Fiery Wrath|p2a: Zamazenta
|-damage|p2a: Zamazenta|0 fnt
|faint|p2a: Zamazenta
|
|upkeep
|
|t:|1781123514
|switch|p2a: Samurott|Samurott-Hisui, M|100/100
|turn|20
|
|t:|1781123519
|switch|p1a: The Good Life|Ninetales-Alola, F|100/100
|-weather|Snowscape|[from] ability: Snow Warning|[of] p1a: The Good Life
|move|p2a: Samurott|Ceaseless Edge|p1a: The Good Life
|-resisted|p1a: The Good Life
|-damage|p1a: The Good Life|84/100
|-sidestart|p1: tauros3|Spikes
|
|-weather|Snowscape|[upkeep]
|upkeep
|turn|21
|
|t:|1781123525
|switch|p2a: Garganacl|Garganacl, F|100/100
|move|p1a: The Good Life|Aurora Veil|p1a: The Good Life
|-sidestart|p1: tauros3|move: Aurora Veil
|
|-weather|Snowscape|[upkeep]
|upkeep
|turn|22
|
|t:|1781123531
|switch|p1a: El Scorcho|Ursaluna, M|100/100
|-damage|p1a: El Scorcho|88/100|[from] Spikes
|move|p2a: Garganacl|Salt Cure|p1a: El Scorcho
|-resisted|p1a: El Scorcho
|-damage|p1a: El Scorcho|86/100
|-start|p1a: El Scorcho|Salt Cure
|
|-weather|Snowscape|[upkeep]
|-damage|p1a: El Scorcho|74/100|[from] Salt Cure
|upkeep
|turn|23
|
|t:|1781123537
|switch|p2a: Samurott|Samurott-Hisui, M|100/100
|move|p1a: El Scorcho|Headlong Rush|p2a: Samurott
|-damage|p2a: Samurott|6/100
|-unboost|p1a: El Scorcho|def|1
|-unboost|p1a: El Scorcho|spd|1
|
|-weather|Snowscape|[upkeep]
|-damage|p1a: El Scorcho|61/100|[from] Salt Cure
|upkeep
|turn|24
|
|t:|1781123541
|move|p2a: Samurott|Razor Shell|p1a: El Scorcho
|-supereffective|p1a: El Scorcho
|-damage|p1a: El Scorcho|11/100
|move|p1a: El Scorcho|Headlong Rush|p2a: Samurott
|-damage|p2a: Samurott|0 fnt
|-unboost|p1a: El Scorcho|def|1
|-unboost|p1a: El Scorcho|spd|1
|faint|p2a: Samurott
|
|-weather|none
|-damage|p1a: El Scorcho|0 fnt|[from] Salt Cure
|faint|p1a: El Scorcho
|upkeep
|
|t:|1781123564
|switch|p2a: Gholdengo|Gholdengo|100/100 brn
|switch|p1a: Butterfly|Moltres-Galar, tera:Ghost|100/100
|-damage|p1a: Butterfly|88/100|[from] Spikes
|turn|25
|
|t:|1781123570
|switch|p2a: Garganacl|Garganacl, F|100/100
|move|p1a: Butterfly|Nasty Plot|p1a: Butterfly
|-boost|p1a: Butterfly|spa|2
|
|upkeep
|turn|26
|
|t:|1781123578
|move|p1a: Butterfly|Fiery Wrath|p2a: Garganacl
|-damage|p2a: Garganacl|47/100
|cant|p2a: Garganacl|flinch
|
|-heal|p2a: Garganacl|53/100|[from] item: Leftovers
|upkeep
|turn|27
|
|t:|1781123584
|move|p1a: Butterfly|Nasty Plot|p1a: Butterfly
|-boost|p1a: Butterfly|spa|2
|move|p2a: Garganacl|Recover|p2a: Garganacl
|-heal|p2a: Garganacl|100/100
|
|upkeep
|turn|28
|
|t:|1781123590
|move|p1a: Butterfly|Fiery Wrath|p2a: Garganacl
|-damage|p2a: Garganacl|16/100
|move|p2a: Garganacl|Salt Cure|p1a: Butterfly
|-damage|p1a: Butterfly|80/100
|-start|p1a: Butterfly|Salt Cure
|
|-heal|p2a: Garganacl|23/100|[from] item: Leftovers
|-damage|p1a: Butterfly|67/100|[from] Salt Cure
|-sideend|p1: tauros3|move: Aurora Veil
|upkeep
|turn|29
|
|t:|1781123598
|move|p1a: Butterfly|Agility|p1a: Butterfly
|-boost|p1a: Butterfly|spe|2
|move|p2a: Garganacl|Recover|p2a: Garganacl
|-heal|p2a: Garganacl|73/100
|
|-heal|p2a: Garganacl|79/100|[from] item: Leftovers
|-damage|p1a: Butterfly|55/100|[from] Salt Cure
|upkeep
|turn|30
|
|t:|1781123601
|move|p1a: Butterfly|Fiery Wrath|p2a: Garganacl
|-damage|p2a: Garganacl|0 fnt
|faint|p2a: Garganacl
|
|-damage|p1a: Butterfly|43/100|[from] Salt Cure
|upkeep
|-enditem|p1a: Butterfly|Sitrus Berry|[eat]
|-heal|p1a: Butterfly|68/100|[from] item: Sitrus Berry
|
|t:|1781123604
|switch|p2a: Gholdengo|Gholdengo|100/100 brn
|turn|31
|
|t:|1781123611
|move|p1a: Butterfly|Fiery Wrath|p2a: Gholdengo
|-supereffective|p2a: Gholdengo
|-crit|p2a: Gholdengo
|-damage|p2a: Gholdengo|0 fnt
|faint|p2a: Gholdengo
|
|win|tauros3
|raw|tauros3's rating: 1576 &rarr; <strong>1599</strong><br />(+23 for winning)
|raw|KurisuChestnutLab's rating: 1627 &rarr; <strong>1604</strong><br />(-23 for losing)
