|j|‽LT_Alt1
|j|☆cachowcapow
|t:|1781075632
|gametype|singles
|player|p1|LT_Alt1|265|1718
|player|p2|cachowcapow|265|1671
|gen|9
|tier|[Gen 9] OU
|rated|
|rule|HP Percentage Mod: HP is shown in percentages
|rule|Endless Battle Clause: Forcing endless battles is banned
|rule|Species Clause: Limit one of each Pokémon
|rule|OHKO Clause: OHKO moves are banned
|rule|Evasion Items Clause: Evasion items are banned
|rule|Evasion Moves Clause: Evasion moves are banned
|rule|Evasion Abilities Clause: Evasion abilities are banned
|rule|Sleep Moves Clause: Sleep-inducing moves are banned
|clearpoke
|poke|p1|Kyurem|
|poke|p1|Raging Bolt|
|poke|p1|Hatterene, F|
|poke|p1|Slowking-Galar, F|
|poke|p1|Ting-Lu|
|poke|p1|Corviknight, F|
|poke|p2|Meowscarada, M|
|poke|p2|Slowking-Galar, M|
|poke|p2|Zapdos|
|poke|p2|Alomomola, M|
|poke|p2|Great Tusk|
|poke|p2|Cetitan, F|
|teampreview
|
|t:|1781075642
|teamsize|p1|6
|teamsize|p2|6
|start
|switch|p1a: Corviknight|Corviknight, F|100/100
|switch|p2a: Meowscarada|Meowscarada, M|100/100
|-ability|p1a: Corviknight|Pressure
|turn|1
|
|t:|1781075654
|switch|p2a: Slowking|Slowking-Galar, M|100/100
|move|p1a: Corviknight|Body Press|p2a: Slowking
|-resisted|p2a: Slowking
|-damage|p2a: Slowking|95/100
|
|upkeep
|turn|2
|
|t:|1781075657
|switch|p1a: Slowking|Slowking-Galar, F|100/100
|-prepare|p2a: Slowking|Chilly Reception|[premajor]
|move|p2a: Slowking|Chilly Reception|p2a: Slowking
|-weather|Snowscape
|
|t:|1781075672
|switch|p2a: Meowscarada|Meowscarada, M|100/100|[from] Chilly Reception
|
|-weather|Snowscape|[upkeep]
|upkeep
|turn|3
|
|t:|1781075677
|switch|p1a: Corviknight|Corviknight, F|100/100
|-ability|p1a: Corviknight|Pressure
|move|p2a: Meowscarada|U-turn|p1a: Corviknight
|-start|p2a: Meowscarada|typechange|Bug|[from] ability: Protean
|-resisted|p1a: Corviknight
|-damage|p1a: Corviknight|96/100
|-damage|p2a: Meowscarada|84/100|[from] item: Rocky Helmet|[of] p1a: Corviknight
|
|t:|1781075681
|switch|p2a: Zapdos|Zapdos|100/100|[from] U-turn
|-ability|p2a: Zapdos|Pressure
|
|-weather|Snowscape|[upkeep]
|upkeep
|turn|4
|
|t:|1781075687
|switch|p1a: Ting-Lu|Ting-Lu|100/100
|-ability|p1a: Ting-Lu|Vessel of Ruin
|move|p2a: Zapdos|Weather Ball|p1a: Ting-Lu
|-supereffective|p1a: Ting-Lu
|-damage|p1a: Ting-Lu|71/100
|
|-weather|Snowscape|[upkeep]
|-heal|p1a: Ting-Lu|78/100|[from] item: Leftovers
|upkeep
|turn|5
|
|t:|1781075691
|move|p2a: Zapdos|Weather Ball|p1a: Ting-Lu
|-supereffective|p1a: Ting-Lu
|-damage|p1a: Ting-Lu|46/100
|move|p1a: Ting-Lu|Stealth Rock|p2a: Zapdos
|-sidestart|p2: cachowcapow|move: Stealth Rock
|
|-weather|Snowscape|[upkeep]
|-heal|p1a: Ting-Lu|52/100|[from] item: Leftovers
|upkeep
|turn|6
|
|t:|1781075694
|switch|p1a: Slowking|Slowking-Galar, F|100/100
|move|p2a: Zapdos|Hurricane|p1a: Slowking
|-damage|p1a: Slowking|65/100
|
|-weather|Snowscape|[upkeep]
|upkeep
|turn|7
|
|t:|1781075699
|move|p2a: Zapdos|Volt Switch|p1a: Slowking
|-damage|p1a: Slowking|43/100
|
|t:|1781075702
|switch|p2a: Slowking|Slowking-Galar, M|100/100|[from] Volt Switch
|-damage|p2a: Slowking|88/100|[from] Stealth Rock
|-prepare|p1a: Slowking|Chilly Reception|[premajor]
|move|p1a: Slowking|Chilly Reception|p1a: Slowking
|
|t:|1781075707
|switch|p1a: Ting-Lu|Ting-Lu|52/100|[from] Chilly Reception
|-ability|p1a: Ting-Lu|Vessel of Ruin
|
|-weather|Snowscape|[upkeep]
|-heal|p1a: Ting-Lu|58/100|[from] item: Leftovers
|upkeep
|turn|8
|
|t:|1781075713
|switch|p2a: Alomomola|Alomomola, M|100/100
|move|p1a: Ting-Lu|Ruination|p2a: Alomomola
|-damage|p2a: Alomomola|51/100
|
|-weather|Snowscape|[upkeep]
|-heal|p1a: Ting-Lu|64/100|[from] item: Leftovers
|upkeep
|turn|9
|
|t:|1781075719
|switch|p1a: Corviknight|Corviknight, F|96/100
|-ability|p1a: Corviknight|Pressure
|move|p2a: Alomomola|Flip Turn|p1a: Corviknight
|-damage|p1a: Corviknight|85/100
|-damage|p2a: Alomomola|34/100|[from] item: Rocky Helmet|[of] p1a: Corviknight
|
|t:|1781075727
|switch|p2a: Slowking|Slowking-Galar, M|100/100|[from] Flip Turn
|-damage|p2a: Slowking|88/100|[from] Stealth Rock
|
|-weather|none
|upkeep
|turn|10
|
|t:|1781075734
|switch|p1a: Kyurem|Kyurem|100/100
|-ability|p1a: Kyurem|Pressure
|move|p2a: Slowking|Future Sight|p1a: Kyurem
|-start|p2a: Slowking|move: Future Sight
|
|upkeep
|turn|11
|
|t:|1781075746
|switch|p1a: Corviknight|Corviknight, F|85/100
|-ability|p1a: Corviknight|Pressure
|move|p2a: Slowking|Thunder Wave|p1a: Corviknight
|-status|p1a: Corviknight|par
|
|upkeep
|turn|12
|
|t:|1781075755
|cant|p1a: Corviknight|par
|-prepare|p2a: Slowking|Chilly Reception|[premajor]
|move|p2a: Slowking|Chilly Reception|p2a: Slowking
|-weather|Snowscape
|j| MaysAce
|
|t:|1781075764
|switch|p2a: Zapdos|Zapdos|100/100|[from] Chilly Reception
|-ability|p2a: Zapdos|Pressure
|
|-weather|Snowscape|[upkeep]
|-end|p1a: Corviknight|move: Future Sight
|-resisted|p1a: Corviknight
|-damage|p1a: Corviknight|64/100 par
|upkeep
|turn|13
|
|t:|1781075773
|switch|p1a: Ting-Lu|Ting-Lu|64/100
|-ability|p1a: Ting-Lu|Vessel of Ruin
|move|p2a: Zapdos|Volt Switch|p1a: Ting-Lu
|-immune|p1a: Ting-Lu
|
|-weather|Snowscape|[upkeep]
|-heal|p1a: Ting-Lu|71/100|[from] item: Leftovers
|upkeep
|turn|14
|
|t:|1781075776
|move|p2a: Zapdos|Weather Ball|p1a: Ting-Lu
|-supereffective|p1a: Ting-Lu
|-damage|p1a: Ting-Lu|40/100
|move|p1a: Ting-Lu|Ruination|p2a: Zapdos
|-damage|p2a: Zapdos|51/100
|
|-weather|Snowscape|[upkeep]
|-heal|p1a: Ting-Lu|46/100|[from] item: Leftovers
|upkeep
|turn|15
|
|t:|1781075784
|switch|p1a: Slowking|Slowking-Galar, F|76/100
|move|p2a: Zapdos|Volt Switch|p1a: Slowking
|-damage|p1a: Slowking|50/100
|
|t:|1781075787
|switch|p2a: Great Tusk|Great Tusk|100/100|[from] Volt Switch
|
|-weather|Snowscape|[upkeep]
|upkeep
|turn|16
|
|t:|1781075792
|move|p2a: Great Tusk|Rapid Spin|p1a: Slowking
|-damage|p1a: Slowking|35/100
|-boost|p2a: Great Tusk|spe|1
|-sideend|p2: cachowcapow|Stealth Rock|[from] move: Rapid Spin|[of] p2a: Great Tusk
|-prepare|p1a: Slowking|Chilly Reception|[premajor]
|move|p1a: Slowking|Chilly Reception|p1a: Slowking
|
|t:|1781075794
|switch|p1a: Kyurem|Kyurem|100/100|[from] Chilly Reception
|-ability|p1a: Kyurem|Pressure
|
|-weather|Snowscape|[upkeep]
|upkeep
|turn|17
|
|t:|1781075799
|-end|p2a: Great Tusk|Protosynthesis|[silent]
|switch|p2a: Slowking|Slowking-Galar, M|100/100
|move|p1a: Kyurem|Blizzard|p2a: Slowking
|-damage|p2a: Slowking|52/100
|
|-weather|Snowscape|[upkeep]
|upkeep
|turn|18
|
|t:|1781075803
|switch|p2a: Alomomola|Alomomola, M|67/100
|-terastallize|p1a: Kyurem|Ice
|move|p1a: Kyurem|Blizzard|p2a: Alomomola
|-resisted|p2a: Alomomola
|-damage|p2a: Alomomola|26/100
|
|-weather|Snowscape|[upkeep]
|upkeep
|turn|19
|
|t:|1781075812
|switch|p2a: Cetitan|Cetitan, F|100/100
|move|p1a: Kyurem|Blizzard|p2a: Cetitan
|-resisted|p2a: Cetitan
|-damage|p2a: Cetitan|32/100
|
|-weather|none
|upkeep
|turn|20
|
|t:|1781075816
|switch|p2a: Alomomola|Alomomola, M|60/100
|move|p1a: Kyurem|Blizzard|p2a: Alomomola
|-resisted|p2a: Alomomola
|-damage|p2a: Alomomola|19/100
|
|upkeep
|turn|21
|
|t:|1781075824
|switch|p2a: Slowking|Slowking-Galar, M|85/100
|move|p1a: Kyurem|Blizzard|p2a: Slowking
|-crit|p2a: Slowking
|-damage|p2a: Slowking|0 fnt
|faint|p2a: Slowking
|
|upkeep
|
|t:|1781075828
|switch|p2a: Meowscarada|Meowscarada, M|84/100
|turn|22
|
|t:|1781075830
|switch|p1a: Corviknight|Corviknight, F|64/100 par
|-ability|p1a: Corviknight|Pressure
|move|p2a: Meowscarada|Power Gem|p1a: Corviknight
|-start|p2a: Meowscarada|typechange|Rock|[from] ability: Protean
|-damage|p1a: Corviknight|25/100 par
|
|upkeep
|turn|23
|
|t:|1781075836
|switch|p2a: Cetitan|Cetitan, F|32/100
|switch|p1a: Ting-Lu|Ting-Lu|46/100
|-ability|p1a: Ting-Lu|Vessel of Ruin
|
|-heal|p1a: Ting-Lu|53/100|[from] item: Leftovers
|upkeep
|turn|24
|
|t:|1781075841
|switch|p1a: Kyurem|Kyurem, tera:Ice|100/100
|-ability|p1a: Kyurem|Pressure
|move|p2a: Cetitan|Icicle Spear|p1a: Kyurem
|-resisted|p1a: Kyurem
|-damage|p1a: Kyurem|95/100
|-resisted|p1a: Kyurem
|-damage|p1a: Kyurem|89/100
|-resisted|p1a: Kyurem
|-damage|p1a: Kyurem|84/100
|-resisted|p1a: Kyurem
|-damage|p1a: Kyurem|77/100
|-resisted|p1a: Kyurem
|-damage|p1a: Kyurem|71/100
|-hitcount|p1a: Kyurem|5
|
|upkeep
|turn|25
|
|t:|1781075850
|switch|p2a: Alomomola|Alomomola, M|53/100
|move|p1a: Kyurem|Draco Meteor|p2a: Alomomola
|-damage|p2a: Alomomola|0 fnt
|-unboost|p1a: Kyurem|spa|2
|faint|p2a: Alomomola
|
|upkeep
|
|t:|1781075864
|switch|p2a: Meowscarada|Meowscarada, M|84/100
|turn|26
|
|t:|1781075868
|switch|p1a: Corviknight|Corviknight, F|25/100 par
|-ability|p1a: Corviknight|Pressure
|move|p2a: Meowscarada|U-turn|p1a: Corviknight
|-start|p2a: Meowscarada|typechange|Bug|[from] ability: Protean
|-resisted|p1a: Corviknight
|-damage|p1a: Corviknight|21/100 par
|-damage|p2a: Meowscarada|67/100|[from] item: Rocky Helmet|[of] p1a: Corviknight
|
|t:|1781075876
|switch|p2a: Great Tusk|Great Tusk|100/100|[from] U-turn
|
|upkeep
|turn|27
|
|t:|1781075880
|move|p2a: Great Tusk|Rapid Spin|p1a: Corviknight
|-resisted|p1a: Corviknight
|-damage|p1a: Corviknight|14/100 par
|-boost|p2a: Great Tusk|spe|1
|-damage|p2a: Great Tusk|84/100|[from] item: Rocky Helmet|[of] p1a: Corviknight
|move|p1a: Corviknight|Roost|p1a: Corviknight
|-heal|p1a: Corviknight|64/100 par
|-singleturn|p1a: Corviknight|move: Roost
|
|upkeep
|turn|28
|
|t:|1781075888
|move|p2a: Great Tusk|Knock Off|p1a: Corviknight
|-damage|p1a: Corviknight|41/100 par
|-damage|p2a: Great Tusk|67/100|[from] item: Rocky Helmet|[of] p1a: Corviknight
|-enditem|p1a: Corviknight|Rocky Helmet|[from] move: Knock Off|[of] p2a: Great Tusk
|move|p1a: Corviknight|Roost|p1a: Corviknight
|-heal|p1a: Corviknight|91/100 par
|-singleturn|p1a: Corviknight|move: Roost
|
|upkeep
|turn|29
|
|t:|1781075891
|move|p2a: Great Tusk|Close Combat|p1a: Corviknight
|-damage|p1a: Corviknight|41/100 par
|-unboost|p2a: Great Tusk|def|1
|-unboost|p2a: Great Tusk|spd|1
|move|p1a: Corviknight|Iron Defense|p1a: Corviknight
|-boost|p1a: Corviknight|def|2
|
|upkeep
|turn|30
|j| qklingying
|
|t:|1781075898
|move|p2a: Great Tusk|Close Combat|p1a: Corviknight
|-damage|p1a: Corviknight|16/100 par
|-unboost|p2a: Great Tusk|def|1
|-unboost|p2a: Great Tusk|spd|1
|move|p1a: Corviknight|Roost|p1a: Corviknight
|-heal|p1a: Corviknight|66/100 par
|-singleturn|p1a: Corviknight|move: Roost
|
|upkeep
|turn|31
|
|t:|1781075902
|-end|p2a: Great Tusk|Protosynthesis|[silent]
|switch|p2a: Zapdos|Zapdos|51/100
|-ability|p2a: Zapdos|Pressure
|move|p1a: Corviknight|Body Press|p2a: Zapdos
|-resisted|p2a: Zapdos
|-damage|p2a: Zapdos|27/100
|
|upkeep
|turn|32
|
|t:|1781075907
|switch|p2a: Cetitan|Cetitan, F|32/100
|switch|p1a: Ting-Lu|Ting-Lu|53/100
|-ability|p1a: Ting-Lu|Vessel of Ruin
|
|-heal|p1a: Ting-Lu|59/100|[from] item: Leftovers
|upkeep
|turn|33
|
|t:|1781075933
|switch|p1a: Kyurem|Kyurem, tera:Ice|71/100
|-ability|p1a: Kyurem|Pressure
|move|p2a: Cetitan|Icicle Spear|p1a: Kyurem
|-resisted|p1a: Kyurem
|-damage|p1a: Kyurem|66/100
|-resisted|p1a: Kyurem
|-damage|p1a: Kyurem|60/100
|-resisted|p1a: Kyurem
|-damage|p1a: Kyurem|54/100
|-resisted|p1a: Kyurem
|-damage|p1a: Kyurem|48/100
|-hitcount|p1a: Kyurem|4
|
|upkeep
|turn|34
|j| ILoveGardevoirRah
|c| ILoveGardevoirRah|hello there, other GardevoirMedalist
|
|t:|1781075950
|switch|p2a: Zapdos|Zapdos|27/100
|-ability|p2a: Zapdos|Pressure
|move|p1a: Kyurem|Draco Meteor|p2a: Zapdos
|-damage|p2a: Zapdos|0 fnt
|-unboost|p1a: Kyurem|spa|2
|faint|p2a: Zapdos
|
|upkeep
|
|t:|1781075962
|switch|p2a: Great Tusk|Great Tusk|67/100
|turn|35
|
|t:|1781075976
|switch|p1a: Corviknight|Corviknight, F|66/100 par
|-ability|p1a: Corviknight|Pressure
|move|p2a: Great Tusk|Rapid Spin|p1a: Corviknight
|-resisted|p1a: Corviknight
|-damage|p1a: Corviknight|59/100 par
|-boost|p2a: Great Tusk|spe|1
|
|upkeep
|turn|36
|
|t:|1781075981
|switch|p1a: Hatterene|Hatterene, F|100/100
|move|p2a: Great Tusk|Close Combat|p1a: Hatterene
|-resisted|p1a: Hatterene
|-damage|p1a: Hatterene|86/100
|-unboost|p2a: Great Tusk|def|1
|-unboost|p2a: Great Tusk|spd|1
|
|-heal|p1a: Hatterene|92/100|[from] item: Leftovers
|upkeep
|turn|37
|
|t:|1781075987
|move|p2a: Great Tusk|Headlong Rush|p1a: Hatterene
|-damage|p1a: Hatterene|33/100
|-unboost|p2a: Great Tusk|def|1
|-unboost|p2a: Great Tusk|spd|1
|move|p1a: Hatterene|Dazzling Gleam|p2a: Great Tusk
|-supereffective|p2a: Great Tusk
|-damage|p2a: Great Tusk|0 fnt
|faint|p2a: Great Tusk
|-end|p2a: Great Tusk|Protosynthesis|[silent]
|
|-heal|p1a: Hatterene|39/100|[from] item: Leftovers
|upkeep
|
|t:|1781075995
|switch|p2a: Cetitan|Cetitan, F|32/100
|turn|38
|
|t:|1781076003
|move|p2a: Cetitan|Icicle Spear|p1a: Hatterene
|-damage|p1a: Hatterene|28/100
|-crit|p1a: Hatterene
|-damage|p1a: Hatterene|9/100
|-damage|p1a: Hatterene|0 fnt
|faint|p1a: Hatterene
|-hitcount|p1: Hatterene|3
|
|upkeep
|-message|cachowcapow forfeited.
|
|win|LT_Alt1
|raw|LT_Alt1's rating: 1718 &rarr; <strong>1735</strong><br />(+17 for winning)
|raw|cachowcapow's rating: 1671 &rarr; <strong>1654</strong><br />(-17 for losing)
|l|☆cachowcapow
|player|p2|
|l| ILoveGardevoirRah
|l| MaysAce
|l| qklingying
