|j|☆Yellowishnesses
|j|☆pranjal singh
|t:|1781240840
|gametype|singles
|player|p1|Yellowishnesses|evelyn|1584
|player|p2|pranjal singh|2|1573
|gen|9
|tier|[Gen 9] OU
|rated|
|rule|HP Percentage Mod: HP is shown in percentages
|rule|Endless Battle Clause: Forcing endless battles is banned
|rule|Species Clause: Limit one of each Pokémon
|rule|OHKO Clause: OHKO moves are banned
|rule|Evasion Items Clause: Evasion items are banned
|rule|Evasion Moves Clause: Evasion moves are banned
|rule|Evasion Abilities Clause: Evasion abilities are banned
|rule|Sleep Moves Clause: Sleep-inducing moves are banned
|clearpoke
|poke|p1|Blissey, F|
|poke|p1|Ogerpon-Wellspring, F|
|poke|p1|Alomomola, M|
|poke|p1|Lokix, F|
|poke|p1|Weezing-Galar, M|
|poke|p1|Cinderace, M|
|poke|p2|Araquanid, F|
|poke|p2|Gholdengo|
|poke|p2|Iron Moth|
|poke|p2|Iron Valiant|
|poke|p2|Raging Bolt|
|poke|p2|Kingambit, F|
|teampreview
|inactive|Battle timer is ON: inactive players will automatically lose when time's up. (requested by pranjal singh)
|inactive|Yellowishnesses has 120 seconds left.
|inactive|pranjal singh has 120 seconds left.
|
|t:|1781240877
|teamsize|p1|6
|teamsize|p2|6
|start
|switch|p1a: Lokix|Lokix, F|100/100
|switch|p2a: TREE?|Gholdengo|100/100
|-item|p2a: TREE?|Air Balloon
|turn|1
|
|t:|1781240886
|switch|p2a: SUPA|Kingambit, F|100/100
|-item|p2a: SUPA|Air Balloon
|move|p1a: Lokix|Knock Off|p2a: SUPA
|-resisted|p2a: SUPA
|-damage|p2a: SUPA|39/100
|-enditem|p2a: SUPA|Air Balloon
|
|upkeep
|turn|2
|
|t:|1781240895
|move|p1a: Lokix|Knock Off|p2a: SUPA
|-resisted|p2a: SUPA
|-damage|p2a: SUPA|0 fnt
|faint|p2a: SUPA
|-end|p2a: SUPA|fallenundefined|[silent]
|
|upkeep
|
|t:|1781240898
|switch|p2a: DELI|Raging Bolt|100/100
|-enditem|p2a: DELI|Booster Energy
|-activate|p2a: DELI|ability: Protosynthesis|[fromitem]
|-start|p2a: DELI|protosynthesisspa
|turn|3
|
|t:|1781240904
|switch|p1a: Blissey|Blissey, F|100/100
|move|p2a: DELI|Dragon Pulse|p1a: Blissey
|-damage|p1a: Blissey|82/100
|
|upkeep
|turn|4
|
|t:|1781240911
|move|p2a: DELI|Calm Mind|p2a: DELI
|-boost|p2a: DELI|spa|1
|-boost|p2a: DELI|spd|1
|move|p1a: Blissey|Thunder Wave|p2a: DELI
|-immune|p2a: DELI
|
|upkeep
|turn|5
|
|t:|1781240922
|move|p2a: DELI|Dragon Pulse|p1a: Blissey
|-damage|p1a: Blissey|54/100
|move|p1a: Blissey|Seismic Toss|p2a: DELI
|-damage|p2a: DELI|75/100
|
|upkeep
|turn|6
|
|t:|1781240930
|move|p2a: DELI|Calm Mind|p2a: DELI
|-boost|p2a: DELI|spa|1
|-boost|p2a: DELI|spd|1
|move|p1a: Blissey|Soft-Boiled|p1a: Blissey
|-heal|p1a: Blissey|100/100
|
|upkeep
|turn|7
|
|t:|1781240935
|-terastallize|p2a: DELI|Ghost
|move|p2a: DELI|Dragon Pulse|p1a: Blissey
|-damage|p1a: Blissey|60/100
|move|p1a: Blissey|Seismic Toss|p2a: DELI
|-immune|p2a: DELI
|
|upkeep
|turn|8
|
|t:|1781240943
|move|p2a: DELI|Thunderbolt|p1a: Blissey
|-damage|p1a: Blissey|21/100
|move|p1a: Blissey|Thunder Wave|p2a: DELI|[miss]
|-miss|p1a: Blissey|p2a: DELI
|
|upkeep
|turn|9
|
|t:|1781240950
|move|p2a: DELI|Thunderbolt|p1a: Blissey
|-damage|p1a: Blissey|0 fnt
|faint|p1a: Blissey
|
|upkeep
|inactive|Yellowishnesses has 120 seconds left.
|inactive|Yellowishnesses has 90 seconds left.
|
|t:|1781241010
|switch|p1a: Lokix|Lokix, F|100/100
|turn|10
|
|t:|1781241013
|-terastallize|p1a: Lokix|Bug
|move|p1a: Lokix|First Impression|p2a: DELI
|-resisted|p2a: DELI
|-damage|p2a: DELI|0 fnt
|faint|p2a: DELI
|-end|p2a: DELI|Protosynthesis|[silent]
|
|upkeep
|
|t:|1781241020
|switch|p2a: CALA|Iron Moth|100/100
|-enditem|p2a: CALA|Booster Energy
|-activate|p2a: CALA|ability: Quark Drive|[fromitem]
|-start|p2a: CALA|quarkdrivespa
|turn|11
|
|t:|1781241029
|switch|p1a: Cinderace|Cinderace, M|100/100
|move|p2a: CALA|Substitute|p2a: CALA
|-start|p2a: CALA|Substitute
|-damage|p2a: CALA|76/100
|
|upkeep
|turn|12
|
|t:|1781241042
|move|p1a: Cinderace|Pyro Ball|p2a: CALA
|-resisted|p2a: CALA
|-end|p2a: CALA|Substitute
|move|p2a: CALA|Sludge Wave|p1a: Cinderace
|-damage|p1a: Cinderace|1/100
|
|upkeep
|turn|13
|
|t:|1781241052
|move|p1a: Cinderace|Pyro Ball|p2a: CALA
|-resisted|p2a: CALA
|-damage|p2a: CALA|27/100
|move|p2a: CALA|Fiery Dance|p1a: Cinderace
|-resisted|p1a: Cinderace
|-damage|p1a: Cinderace|0 fnt
|-boost|p2a: CALA|spa|1
|faint|p1a: Cinderace
|
|upkeep
|
|t:|1781241061
|switch|p1a: Lokix|Lokix, F, tera:Bug|100/100
|turn|14
|
|t:|1781241066
|move|p1a: Lokix|First Impression|p2a: CALA
|-resisted|p2a: CALA
|-damage|p2a: CALA|0 fnt
|faint|p2a: CALA
|-end|p2a: CALA|Quark Drive|[silent]
|
|upkeep
|
|t:|1781241068
|switch|p2a: QUIL|Araquanid, F|100/100
|turn|15
|
|t:|1781241074
|switch|p1a: Alomomola|Alomomola, M|100/100
|move|p2a: QUIL|Sticky Web|p1a: Alomomola
|-sidestart|p1: Yellowishnesses|move: Sticky Web
|
|upkeep
|turn|16
|
|t:|1781241088
|switch|p2a: TREE?|Gholdengo|100/100
|-item|p2a: TREE?|Air Balloon
|move|p1a: Alomomola|Flip Turn|p2a: TREE?
|-damage|p2a: TREE?|83/100
|-enditem|p2a: TREE?|Air Balloon
|
|t:|1781241097
|switch|p1a: Ogerpon|Ogerpon-Wellspring, F|100/100|[from] Flip Turn
|-activate|p1a: Ogerpon|move: Sticky Web
|-unboost|p1a: Ogerpon|spe|1
|
|upkeep
|turn|17
|
|t:|1781241108
|move|p2a: TREE?|Nasty Plot|p2a: TREE?
|-boost|p2a: TREE?|spa|2
|move|p1a: Ogerpon|Trailblaze|p2a: TREE?
|-resisted|p2a: TREE?
|-damage|p2a: TREE?|64/100
|-boost|p1a: Ogerpon|spe|1
|
|upkeep
|turn|18
|j| sojabhai3am
|
|t:|1781241112
|move|p1a: Ogerpon|Ivy Cudgel|p2a: TREE?|[anim] Ivy Cudgel Water
|-damage|p2a: TREE?|0 fnt
|faint|p2a: TREE?
|
|upkeep
|
|t:|1781241127
|switch|p2a: QUZZ|Iron Valiant|100/100
|-enditem|p2a: QUZZ|Booster Energy
|-activate|p2a: QUZZ|ability: Quark Drive|[fromitem]
|-start|p2a: QUZZ|quarkdrivespa
|turn|19
|-message|pranjal singh forfeited.
|
|win|Yellowishnesses
|raw|Yellowishnesses's rating: 1584 &rarr; <strong>1603</strong><br />(+19 for winning)
|raw|pranjal singh's rating: 1573 &rarr; <strong>1554</strong><br />(-19 for losing)
|l|☆pranjal singh
|player|p2|
|l|☆Yellowishnesses
|player|p1|
