|j|☆KurisuChestnutOU
|j|☆Sanskiller55
|t:|1781149100
|gametype|singles
|player|p1|KurisuChestnutOU|may-contest|1543
|player|p2|Sanskiller55|acerola-masters|1582
|gen|9
|tier|[Gen 9] OU
|rated|
|rule|HP Percentage Mod: HP is shown in percentages
|rule|Endless Battle Clause: Forcing endless battles is banned
|rule|Species Clause: Limit one of each Pokémon
|rule|OHKO Clause: OHKO moves are banned
|rule|Evasion Items Clause: Evasion items are banned
|rule|Evasion Moves Clause: Evasion moves are banned
|rule|Evasion Abilities Clause: Evasion abilities are banned
|rule|Sleep Moves Clause: Sleep-inducing moves are banned
|clearpoke
|poke|p1|Hawlucha, F|
|poke|p1|Samurott-Hisui, F|
|poke|p1|Rillaboom, F|
|poke|p1|Gholdengo|
|poke|p1|Kyurem|
|poke|p1|Landorus-Therian, M|
|poke|p2|Araquanid, M|
|poke|p2|Gholdengo|
|poke|p2|Zarude-Dada|
|poke|p2|Enamorus, F|
|poke|p2|Iron Moth|
|poke|p2|Samurott-Hisui, F|
|teampreview
|inactive|Battle timer is ON: inactive players will automatically lose when time's up. (requested by Sanskiller55)
|inactive|KurisuChestnutOU also wants the timer to be on.
|
|t:|1781149114
|teamsize|p1|6
|teamsize|p2|6
|start
|switch|p1a: Kyurem|Kyurem|100/100
|switch|p2a: Kaisen|Araquanid, M|100/100
|-ability|p1a: Kyurem|Pressure
|turn|1
|
|t:|1781149119
|move|p2a: Kaisen|Endure|p2a: Kaisen
|-singleturn|p2a: Kaisen|move: Endure
|move|p1a: Kyurem|Freeze-Dry|p2a: Kaisen
|-supereffective|p2a: Kaisen
|-damage|p2a: Kaisen|47/100
|-status|p2a: Kaisen|frz
|
|upkeep
|turn|2
|
|t:|1781149126
|move|p1a: Kyurem|Freeze-Dry|p2a: Kaisen
|-supereffective|p2a: Kaisen
|-damage|p2a: Kaisen|0 fnt
|faint|p2a: Kaisen
|
|upkeep
|
|t:|1781149132
|switch|p2a: Sanskiller55|Enamorus, F|100/100
|turn|3
|
|t:|1781149137
|-terastallize|p1a: Kyurem|Poison
|move|p2a: Sanskiller55|Moonblast|p1a: Kyurem
|-resisted|p1a: Kyurem
|-damage|p1a: Kyurem|82/100
|-unboost|p1a: Kyurem|spa|1
|move|p1a: Kyurem|Ice Beam|p2a: Sanskiller55
|-supereffective|p2a: Sanskiller55
|-damage|p2a: Sanskiller55|7/100
|
|upkeep
|turn|4
|
|t:|1781149143
|switch|p2a: Nanami|Samurott-Hisui, F|100/100
|move|p1a: Kyurem|Freeze-Dry|p2a: Nanami
|-supereffective|p2a: Nanami
|-damage|p2a: Nanami|25/100
|
|upkeep
|turn|5
|
|t:|1781149147
|move|p2a: Nanami|Aqua Jet|p1a: Kyurem
|-damage|p1a: Kyurem|58/100
|move|p1a: Kyurem|Freeze-Dry|p2a: Nanami
|-supereffective|p2a: Nanami
|-damage|p2a: Nanami|0 fnt
|faint|p2a: Nanami
|
|upkeep
|
|t:|1781149157
|switch|p2a: Sanskiller55|Enamorus, F|7/100
|turn|6
|
|t:|1781149161
|move|p2a: Sanskiller55|Earth Power|p1a: Kyurem
|-supereffective|p1a: Kyurem
|-damage|p1a: Kyurem|15/100
|move|p1a: Kyurem|Freeze-Dry|p2a: Sanskiller55
|-supereffective|p2a: Sanskiller55
|-crit|p2a: Sanskiller55
|-damage|p2a: Sanskiller55|0 fnt
|faint|p2a: Sanskiller55
|
|upkeep
|
|t:|1781149169
|switch|p2a: THE WEBS MON|Iron Moth|100/100
|-enditem|p2a: THE WEBS MON|Booster Energy
|-activate|p2a: THE WEBS MON|ability: Quark Drive|[fromitem]
|-start|p2a: THE WEBS MON|quarkdrivespa
|turn|7
|
|t:|1781149176
|switch|p1a: Samurott|Samurott-Hisui, F|100/100
|move|p2a: THE WEBS MON|Fiery Dance|p1a: Samurott
|-resisted|p1a: Samurott
|-damage|p1a: Samurott|83/100
|-boost|p2a: THE WEBS MON|spa|1
|
|upkeep
|turn|8
|
|t:|1781149182
|-terastallize|p2a: THE WEBS MON|Fairy
|move|p2a: THE WEBS MON|Dazzling Gleam|p1a: Samurott
|-supereffective|p1a: Samurott
|-damage|p1a: Samurott|0 fnt
|faint|p1a: Samurott
|
|upkeep
|
|t:|1781149187
|switch|p1a: Gholdengo|Gholdengo|100/100
|turn|9
|
|t:|1781149191
|move|p1a: Gholdengo|Make It Rain|p2a: THE WEBS MON
|-supereffective|p2a: THE WEBS MON
|-damage|p2a: THE WEBS MON|0 fnt
|-unboost|p1a: Gholdengo|spa|1
|faint|p2a: THE WEBS MON
|-end|p2a: THE WEBS MON|Quark Drive|[silent]
|
|upkeep
|
|t:|1781149196
|switch|p2a: Todo|Zarude-Dada|100/100
|turn|10
|
|t:|1781149199
|switch|p1a: Landorus|Landorus-Therian, M|100/100
|-ability|p1a: Landorus|Intimidate|boost
|-unboost|p2a: Todo|atk|1
|move|p2a: Todo|Bulk Up|p2a: Todo
|-boost|p2a: Todo|atk|1
|-boost|p2a: Todo|def|1
|
|upkeep
|turn|11
|
|t:|1781149206
|move|p2a: Todo|Bulk Up|p2a: Todo
|-boost|p2a: Todo|atk|1
|-boost|p2a: Todo|def|1
|move|p1a: Landorus|U-turn|p2a: Todo
|-supereffective|p2a: Todo
|-damage|p2a: Todo|61/100
|
|t:|1781149215
|switch|p1a: Gholdengo|Gholdengo|100/100|[from] U-turn
|
|upkeep
|turn|12
|
|t:|1781149231
|move|p1a: Gholdengo|Make It Rain|p2a: Todo
|-damage|p2a: Todo|0 fnt
|-unboost|p1a: Gholdengo|spa|1
|faint|p2a: Todo
|
|upkeep
|
|t:|1781149233
|switch|p2a: Except for Gojo|Gholdengo|100/100
|-item|p2a: Except for Gojo|Air Balloon
|turn|13
|
|t:|1781149237
|switch|p1a: Kyurem|Kyurem, tera:Poison|15/100
|-ability|p1a: Kyurem|Pressure
|move|p2a: Except for Gojo|Nasty Plot|p2a: Except for Gojo
|-boost|p2a: Except for Gojo|spa|2
|
|upkeep
|turn|14
|
|t:|1781149242
|move|p1a: Kyurem|Ice Beam|p2a: Except for Gojo
|-resisted|p2a: Except for Gojo
|-damage|p2a: Except for Gojo|75/100
|-enditem|p2a: Except for Gojo|Air Balloon
|move|p2a: Except for Gojo|Shadow Ball|p1a: Kyurem
|-damage|p1a: Kyurem|0 fnt
|faint|p1a: Kyurem
|
|upkeep
|
|t:|1781149246
|switch|p1a: Gholdengo|Gholdengo|100/100
|turn|15
|
|t:|1781149250
|move|p1a: Gholdengo|Shadow Ball|p2a: Except for Gojo
|-supereffective|p2a: Except for Gojo
|-crit|p2a: Except for Gojo
|-damage|p2a: Except for Gojo|0 fnt
|faint|p2a: Except for Gojo
|
|win|KurisuChestnutOU
|raw|KurisuChestnutOU's rating: 1559 &rarr; <strong>1580</strong><br />(+21 for winning)
|raw|Sanskiller55's rating: 1582 &rarr; <strong>1561</strong><br />(-21 for losing)
