|j|☆silver jay#2240
|j|☆dia-sre
|t:|1781117094
|gametype|singles
|player|p1|silver jay#2240|grusha|1678
|player|p2|dia-sre|2|1690
|gen|9
|tier|[Gen 9] OU
|rated|
|rule|HP Percentage Mod: HP is shown in percentages
|rule|Endless Battle Clause: Forcing endless battles is banned
|rule|Species Clause: Limit one of each Pokémon
|rule|OHKO Clause: OHKO moves are banned
|rule|Evasion Items Clause: Evasion items are banned
|rule|Evasion Moves Clause: Evasion moves are banned
|rule|Evasion Abilities Clause: Evasion abilities are banned
|rule|Sleep Moves Clause: Sleep-inducing moves are banned
|clearpoke
|poke|p1|Iron Hands|
|poke|p1|Samurott-Hisui, M|
|poke|p1|Iron Valiant|
|poke|p1|Iron Treads|
|poke|p1|Dragonite, F|
|poke|p1|Deoxys-Speed|
|poke|p2|Azumarill, F|
|poke|p2|Dragapult, M|
|poke|p2|Garchomp, M|
|poke|p2|Weezing-Galar, M|
|poke|p2|Gholdengo|
|poke|p2|Enamorus, F|
|teampreview
|
|t:|1781117122
|teamsize|p1|6
|teamsize|p2|6
|start
|switch|p1a: Iron Treads|Iron Treads|100/100
|switch|p2a: Azumarill|Azumarill, F|100/100
|-item|p1a: Iron Treads|Air Balloon
|turn|1
|
|t:|1781117129
|move|p2a: Azumarill|Aqua Jet|p1a: Iron Treads
|-supereffective|p1a: Iron Treads
|-damage|p1a: Iron Treads|52/100
|-enditem|p1a: Iron Treads|Air Balloon
|move|p1a: Iron Treads|Earthquake|p2a: Azumarill
|-damage|p2a: Azumarill|41/100
|
|upkeep
|turn|2
|inactive|Battle timer is ON: inactive players will automatically lose when time's up. (requested by silver jay#2240)
|
|t:|1781117135
|move|p2a: Azumarill|Aqua Jet|p1a: Iron Treads
|-supereffective|p1a: Iron Treads
|-damage|p1a: Iron Treads|1/100
|move|p1a: Iron Treads|Earthquake|p2a: Azumarill
|-damage|p2a: Azumarill|0 fnt
|faint|p2a: Azumarill
|
|upkeep
|
|t:|1781117139
|switch|p2a: Dragapult|Dragapult, M|100/100
|turn|3
|
|t:|1781117148
|-end|p1a: Iron Treads|Quark Drive|[silent]
|switch|p1a: Iron Valiant|Iron Valiant|100/100
|-enditem|p1a: Iron Valiant|Booster Energy
|-activate|p1a: Iron Valiant|ability: Quark Drive|[fromitem]
|-start|p1a: Iron Valiant|quarkdrivespe
|move|p2a: Dragapult|U-turn|p1a: Iron Valiant
|-resisted|p1a: Iron Valiant
|-damage|p1a: Iron Valiant|88/100
|
|t:|1781117154
|switch|p2a: Enamorus|Enamorus, F|100/100|[from] U-turn
|
|upkeep
|turn|4
|
|t:|1781117159
|move|p1a: Iron Valiant|Destiny Bond|p1a: Iron Valiant
|-singlemove|p1a: Iron Valiant|Destiny Bond
|move|p2a: Enamorus|Moonblast|p1a: Iron Valiant
|-supereffective|p1a: Iron Valiant
|-damage|p1a: Iron Valiant|0 fnt
|faint|p1a: Iron Valiant
|-activate|p1a: Iron Valiant|move: Destiny Bond
|-end|p1a: Iron Valiant|Quark Drive|[silent]
|faint|p2a: Enamorus
|
|upkeep
|
|t:|1781117185
|switch|p1a: Samurott|Samurott-Hisui, M|100/100
|switch|p2a: Dragapult|Dragapult, M|100/100
|turn|5
|
|t:|1781117189
|-terastallize|p2a: Dragapult|Dragon
|move|p2a: Dragapult|Dragon Darts|p1a: Samurott
|-damage|p1a: Samurott|44/100
|-anim|p2a: Dragapult|Dragon Darts|p1a: Samurott
|-damage|p1a: Samurott|0 fnt
|faint|p1a: Samurott
|
|upkeep
|inactive|silver jay#2240 has 120 seconds left.
|
|t:|1781117218
|switch|p1a: Deoxys|Deoxys-Speed|100/100
|-ability|p1a: Deoxys|Pressure
|turn|6
|
|t:|1781117232
|switch|p2a: Gholdengo|Gholdengo|100/100
|-terastallize|p1a: Deoxys|Steel
|move|p1a: Deoxys|Iron Defense|p1a: Deoxys
|-boost|p1a: Deoxys|def|2
|
|upkeep
|turn|7
|
|t:|1781117239
|switch|p1a: Iron Treads|Iron Treads|1/100
|move|p2a: Gholdengo|Trick|p1a: Iron Treads
|-activate|p2a: Gholdengo|move: Trick|[of] p1a: Iron Treads
|-item|p1a: Iron Treads|Choice Scarf|[from] move: Trick
|-enditem|p2a: Gholdengo|Choice Scarf|[silent]|[from] move: Trick
|
|upkeep
|turn|8
|
|t:|1781117244
|switch|p2a: Garchomp|Garchomp, M|100/100
|move|p1a: Iron Treads|Earthquake|p2a: Garchomp
|-damage|p2a: Garchomp|70/100
|
|upkeep
|turn|9
|
|t:|1781117246
|switch|p2a: Weezing|Weezing-Galar, M|100/100
|move|p1a: Iron Treads|Earthquake|p2a: Weezing
|-immune|p2a: Weezing|[from] ability: Levitate
|
|upkeep
|turn|10
|
|t:|1781117258
|move|p1a: Iron Treads|Earthquake|p2a: Weezing
|-immune|p2a: Weezing|[from] ability: Levitate
|move|p2a: Weezing|Will-O-Wisp|p1a: Iron Treads
|-status|p1a: Iron Treads|brn
|
|-damage|p1a: Iron Treads|0 fnt|[from] brn
|faint|p1a: Iron Treads
|-end|p1a: Iron Treads|Quark Drive|[silent]
|upkeep
|
|t:|1781117267
|switch|p1a: Iron Hands|Iron Hands|100/100
|turn|11
|
|t:|1781117274
|move|p2a: Weezing|Will-O-Wisp|p1a: Iron Hands
|-status|p1a: Iron Hands|brn
|move|p1a: Iron Hands|Swords Dance|p1a: Iron Hands
|-boost|p1a: Iron Hands|atk|2
|
|-damage|p1a: Iron Hands|94/100 brn|[from] brn
|upkeep
|turn|12
|
|t:|1781117276
|switch|p2a: Garchomp|Garchomp, M|70/100
|move|p1a: Iron Hands|Swords Dance|p1a: Iron Hands
|-boost|p1a: Iron Hands|atk|2
|
|-damage|p1a: Iron Hands|88/100 brn|[from] brn
|upkeep
|turn|13
|
|t:|1781117281
|move|p2a: Garchomp|Earthquake|p1a: Iron Hands
|-supereffective|p1a: Iron Hands
|-damage|p1a: Iron Hands|26/100 brn
|move|p1a: Iron Hands|Ice Punch|p2a: Garchomp
|-supereffective|p2a: Garchomp
|-damage|p2a: Garchomp|0 fnt
|-damage|p1a: Iron Hands|14/100 brn|[from] ability: Rough Skin|[of] p2a: Garchomp
|-damage|p1a: Iron Hands|0 fnt|[from] item: Rocky Helmet|[of] p2a: Garchomp
|faint|p2a: Garchomp
|faint|p1a: Iron Hands
|-end|p1a: Iron Hands|Quark Drive|[silent]
|
|upkeep
|
|t:|1781117294
|switch|p2a: Dragapult|Dragapult, M, tera:Dragon|100/100
|switch|p1a: Deoxys|Deoxys-Speed, tera:Steel|100/100
|-ability|p1a: Deoxys|Pressure
|turn|14
|
|t:|1781117298
|move|p1a: Deoxys|Iron Defense|p1a: Deoxys
|-boost|p1a: Deoxys|def|2
|move|p2a: Dragapult|U-turn|p1a: Deoxys
|-resisted|p1a: Deoxys
|-damage|p1a: Deoxys|88/100
|
|t:|1781117301
|switch|p2a: Gholdengo|Gholdengo|100/100|[from] U-turn
|
|-heal|p1a: Deoxys|94/100|[from] item: Leftovers
|upkeep
|turn|15
|
|t:|1781117305
|move|p1a: Deoxys|Calm Mind|p1a: Deoxys
|-boost|p1a: Deoxys|spa|1
|-boost|p1a: Deoxys|spd|1
|move|p2a: Gholdengo|Shadow Ball|p1a: Deoxys
|-damage|p1a: Deoxys|65/100
|
|-heal|p1a: Deoxys|71/100|[from] item: Leftovers
|upkeep
|turn|16
|
|t:|1781117307
|move|p1a: Deoxys|Calm Mind|p1a: Deoxys
|-boost|p1a: Deoxys|spa|1
|-boost|p1a: Deoxys|spd|1
|move|p2a: Gholdengo|Trick|p1a: Deoxys
|-activate|p2a: Gholdengo|move: Trick|[of] p1a: Deoxys
|-enditem|p1a: Deoxys|Leftovers|[silent]|[from] move: Trick
|-item|p2a: Gholdengo|Leftovers|[from] move: Trick
|
|upkeep
|turn|17
|
|t:|1781117310
|move|p1a: Deoxys|Calm Mind|p1a: Deoxys
|-boost|p1a: Deoxys|spa|1
|-boost|p1a: Deoxys|spd|1
|move|p2a: Gholdengo|Shadow Ball|p1a: Deoxys
|-damage|p1a: Deoxys|55/100
|-unboost|p1a: Deoxys|spd|1
|
|upkeep
|turn|18
|
|t:|1781117312
|move|p1a: Deoxys|Calm Mind|p1a: Deoxys
|-boost|p1a: Deoxys|spa|1
|-boost|p1a: Deoxys|spd|1
|move|p2a: Gholdengo|Shadow Ball|p1a: Deoxys
|-damage|p1a: Deoxys|37/100
|
|upkeep
|turn|19
|
|t:|1781117314
|move|p1a: Deoxys|Recover|p1a: Deoxys
|-heal|p1a: Deoxys|87/100
|move|p2a: Gholdengo|Shadow Ball|p1a: Deoxys
|-damage|p1a: Deoxys|69/100
|
|upkeep
|turn|20
|
|t:|1781117317
|switch|p2a: Weezing|Weezing-Galar, M|100/100
|move|p1a: Deoxys|Calm Mind|p1a: Deoxys
|-boost|p1a: Deoxys|spa|1
|-boost|p1a: Deoxys|spd|1
|
|upkeep
|turn|21
|
|t:|1781117319
|move|p1a: Deoxys|Stored Power|p2a: Weezing
|-supereffective|p2a: Weezing
|-damage|p2a: Weezing|0 fnt
|faint|p2a: Weezing
|
|upkeep
|
|t:|1781117321
|switch|p2a: Gholdengo|Gholdengo|100/100
|turn|22
|
|t:|1781117324
|move|p1a: Deoxys|Stored Power|p2a: Gholdengo
|-resisted|p2a: Gholdengo
|-damage|p2a: Gholdengo|0 fnt
|faint|p2a: Gholdengo
|
|upkeep
|-message|dia-sre forfeited.
|
|win|silver jay#2240
|raw|silver jay#2240's rating: 1678 &rarr; <strong>1701</strong><br />(+23 for winning)
|raw|dia-sre's rating: 1724 &rarr; <strong>1701</strong><br />(-23 for losing)
|l|☆dia-sre
|player|p2|
|l|☆silver jay#2240
|player|p1|
|j|☆silver jay#2240
|player|p1|silver jay#2240|grusha|
|j| arturohdez
|l|☆silver jay#2240
|player|p1|
|l| arturohdez
