|j|‽Wildkyu
|j|☆KurisuChestnutOU
|t:|1781177700
|gametype|singles
|player|p1|Wildkyu|101|1487
|player|p2|KurisuChestnutOU|may-contest|1529
|gen|9
|tier|[Gen 9] OU
|rated|
|rule|HP Percentage Mod: HP is shown in percentages
|rule|Endless Battle Clause: Forcing endless battles is banned
|rule|Species Clause: Limit one of each Pokémon
|rule|OHKO Clause: OHKO moves are banned
|rule|Evasion Items Clause: Evasion items are banned
|rule|Evasion Moves Clause: Evasion moves are banned
|rule|Evasion Abilities Clause: Evasion abilities are banned
|rule|Sleep Moves Clause: Sleep-inducing moves are banned
|clearpoke
|poke|p1|Ditto|
|poke|p1|Hoopa-Unbound|
|poke|p1|Alomomola, F|
|poke|p1|Weezing-Galar, F|
|poke|p1|Corviknight, F|
|poke|p1|Gliscor, F|
|poke|p2|Gliscor, M|
|poke|p2|Dondozo, F|
|poke|p2|Slowking-Galar, M|
|poke|p2|Gholdengo|
|poke|p2|Great Tusk|
|poke|p2|Kingambit, F|
|teampreview
|inactive|Battle timer is ON: inactive players will automatically lose when time's up. (requested by Wildkyu)
|inactive|KurisuChestnutOU also wants the timer to be on.
|
|t:|1781177720
|teamsize|p1|6
|teamsize|p2|6
|start
|switch|p1a: Hoopa|Hoopa-Unbound|100/100
|switch|p2a: Gliscor|Gliscor, M|100/100
|turn|1
|
|t:|1781177725
|move|p2a: Gliscor|Protect|p2a: Gliscor
|-singleturn|p2a: Gliscor|Protect
|move|p1a: Hoopa|Knock Off|p2a: Gliscor
|-activate|p2a: Gliscor|move: Protect
|
|-status|p2a: Gliscor|tox|[from] item: Toxic Orb
|upkeep
|turn|2
|
|t:|1781177729
|switch|p1a: Corviknight|Corviknight, F|100/100
|-ability|p1a: Corviknight|Pressure
|move|p2a: Gliscor|Knock Off|p1a: Corviknight
|-damage|p1a: Corviknight|86/100
|-damage|p2a: Gliscor|84/100 tox|[from] item: Rocky Helmet|[of] p1a: Corviknight
|-enditem|p1a: Corviknight|Rocky Helmet|[from] move: Knock Off|[of] p2a: Gliscor
|
|-heal|p2a: Gliscor|97/100 tox|[from] ability: Poison Heal
|upkeep
|turn|3
|
|t:|1781177735
|move|p2a: Gliscor|Spikes|p1a: Corviknight
|-sidestart|p1: Wildkyu|Spikes
|move|p1a: Corviknight|Roost|p1a: Corviknight
|-heal|p1a: Corviknight|100/100
|-singleturn|p1a: Corviknight|move: Roost
|
|-heal|p2a: Gliscor|100/100 tox|[from] ability: Poison Heal
|upkeep
|turn|4
|
|t:|1781177739
|move|p2a: Gliscor|Spikes|p1a: Corviknight
|-sidestart|p1: Wildkyu|Spikes
|move|p1a: Corviknight|Defog|p2a: Gliscor
|-unboost|p2a: Gliscor|evasion|1
|-sideend|p1: Wildkyu|Spikes|[from] move: Defog|[of] p1a: Corviknight
|
|upkeep
|turn|5
|
|t:|1781177745
|move|p2a: Gliscor|Spikes|p1a: Corviknight
|-sidestart|p1: Wildkyu|Spikes
|move|p1a: Corviknight|Defog|p2a: Gliscor
|-unboost|p2a: Gliscor|evasion|1
|-sideend|p1: Wildkyu|Spikes|[from] move: Defog|[of] p1a: Corviknight
|
|upkeep
|turn|6
|
|t:|1781177752
|move|p2a: Gliscor|Spikes|p1a: Corviknight
|-sidestart|p1: Wildkyu|Spikes
|move|p1a: Corviknight|Defog|p2a: Gliscor
|-unboost|p2a: Gliscor|evasion|1
|-sideend|p1: Wildkyu|Spikes|[from] move: Defog|[of] p1a: Corviknight
|
|upkeep
|turn|7
|
|t:|1781177755
|move|p2a: Gliscor|Spikes|p1a: Corviknight
|-sidestart|p1: Wildkyu|Spikes
|move|p1a: Corviknight|Defog|p2a: Gliscor
|-unboost|p2a: Gliscor|evasion|1
|-sideend|p1: Wildkyu|Spikes|[from] move: Defog|[of] p1a: Corviknight
|
|upkeep
|turn|8
|
|t:|1781177762
|switch|p1a: Weezing|Weezing-Galar, F|100/100
|-ability|p1a: Weezing|Neutralizing Gas
|move|p2a: Gliscor|Knock Off|p1a: Weezing
|-resisted|p1a: Weezing
|-damage|p1a: Weezing|93/100
|-enditem|p1a: Weezing|Leftovers|[from] move: Knock Off|[of] p2a: Gliscor
|
|-damage|p2a: Gliscor|57/100 tox|[from] psn
|upkeep
|turn|9
|
|t:|1781177772
|move|p2a: Gliscor|Earthquake|p1a: Weezing
|-supereffective|p1a: Weezing
|-damage|p1a: Weezing|46/100
|move|p1a: Weezing|Will-O-Wisp||[still]
|-fail|p1a: Weezing
|
|-damage|p2a: Gliscor|7/100 tox|[from] psn
|upkeep
|turn|10
|
|t:|1781177785
|-end|p1a: Weezing|ability: Neutralizing Gas
|switch|p1a: Gliscor|Gliscor, F|100/100
|move|p2a: Gliscor|Earthquake|p1a: Gliscor
|-immune|p1a: Gliscor
|
|-heal|p2a: Gliscor|19/100 tox|[from] ability: Poison Heal
|-status|p1a: Gliscor|tox|[from] item: Toxic Orb
|upkeep
|turn|11
|
|t:|1781177788
|switch|p1a: Weezing|Weezing-Galar, F|46/100
|-ability|p1a: Weezing|Neutralizing Gas
|move|p2a: Gliscor|Spikes|p1a: Weezing
|-sidestart|p1: Wildkyu|Spikes
|
|-damage|p2a: Gliscor|0 fnt|[from] psn
|faint|p2a: Gliscor
|upkeep
|
|t:|1781177792
|switch|p2a: Gholdengo|Gholdengo|100/100
|-item|p2a: Gholdengo|Air Balloon
|turn|12
|
|t:|1781177798
|-end|p1a: Weezing|ability: Neutralizing Gas
|switch|p1a: Alomomola|Alomomola, F|100/100
|-damage|p1a: Alomomola|88/100|[from] Spikes
|move|p2a: Gholdengo|Nasty Plot|p2a: Gholdengo
|-boost|p2a: Gholdengo|spa|2
|
|upkeep
|turn|13
|
|t:|1781177805
|move|p2a: Gholdengo|Shadow Ball|p1a: Alomomola
|-damage|p1a: Alomomola|47/100
|move|p1a: Alomomola|Scald|p2a: Gholdengo
|-damage|p2a: Gholdengo|83/100
|-enditem|p2a: Gholdengo|Air Balloon
|
|upkeep
|turn|14
|
|t:|1781177812
|move|p2a: Gholdengo|Nasty Plot|p2a: Gholdengo
|-boost|p2a: Gholdengo|spa|2
|move|p1a: Alomomola|Mirror Coat||[still]
|-fail|p1a: Alomomola
|
|upkeep
|turn|15
|
|t:|1781177820
|move|p2a: Gholdengo|Shadow Ball|p1a: Alomomola
|-damage|p1a: Alomomola|0 fnt
|faint|p1a: Alomomola
|
|upkeep
|
|t:|1781177822
|switch|p1a: Ditto|Ditto|100/100
|-damage|p1a: Ditto|88/100|[from] Spikes
|-transform|p1a: Ditto|p2a: Gholdengo|[from] ability: Imposter
|turn|16
|
|t:|1781177826
|-terastallize|p1a: Ditto|Ghost
|move|p1a: Ditto|Shadow Ball|p2a: Gholdengo
|-supereffective|p2a: Gholdengo
|-damage|p2a: Gholdengo|0 fnt
|faint|p2a: Gholdengo
|
|upkeep
|
|t:|1781177831
|switch|p2a: Kingambit|Kingambit, F|100/100
|-activate|p2a: Kingambit|ability: Supreme Overlord
|-start|p2a: Kingambit|fallen2|[silent]
|turn|17
|
|t:|1781177834
|move|p1a: Ditto|Shadow Ball|p2a: Kingambit
|-resisted|p2a: Kingambit
|-damage|p2a: Kingambit|0 fnt
|faint|p2a: Kingambit
|-end|p2a: Kingambit|fallen2|[silent]
|
|upkeep
|
|t:|1781177837
|switch|p2a: Great Tusk|Great Tusk|100/100
|turn|18
|
|t:|1781177842
|move|p1a: Ditto|Shadow Ball|p2a: Great Tusk
|-damage|p2a: Great Tusk|0 fnt
|faint|p2a: Great Tusk
|-end|p2a: Great Tusk|Protosynthesis|[silent]
|
|upkeep
|
|t:|1781177847
|switch|p2a: Slowking|Slowking-Galar, M|100/100
|turn|19
|
|t:|1781177851
|move|p1a: Ditto|Shadow Ball|p2a: Slowking
|-supereffective|p2a: Slowking
|-damage|p2a: Slowking|0 fnt
|faint|p2a: Slowking
|
|upkeep
|
|t:|1781177855
|switch|p2a: Dondozo|Dondozo, F|100/100
|turn|20
|
|t:|1781177859
|move|p1a: Ditto|Shadow Ball|p2a: Dondozo
|-damage|p2a: Dondozo|51/100
|move|p2a: Dondozo|Wave Crash|p1a: Ditto
|-damage|p1a: Ditto|40/100
|-damage|p2a: Dondozo|41/100|[from] Recoil
|
|-heal|p2a: Dondozo|48/100|[from] item: Leftovers
|upkeep
|turn|21
|
|t:|1781177864
|-activate|p1a: Ditto|move: Struggle
|move|p1a: Ditto|Struggle|p2a: Dondozo
|-damage|p2a: Dondozo|45/100
|-damage|p1a: Ditto|15/100|[from] recoil
|move|p2a: Dondozo|Wave Crash|p1a: Ditto
|-damage|p1a: Ditto|0 fnt
|faint|p1a: Ditto
|-damage|p2a: Dondozo|42/100|[from] Recoil
|
|-heal|p2a: Dondozo|48/100|[from] item: Leftovers
|upkeep
|
|t:|1781177871
|switch|p1a: Gliscor|Gliscor, F|100/100 tox
|turn|22
|
|t:|1781177874
|move|p1a: Gliscor|Toxic|p2a: Dondozo
|-status|p2a: Dondozo|tox
|move|p2a: Dondozo|Rest|p2a: Dondozo
|-status|p2a: Dondozo|slp|[from] move: Rest
|-heal|p2a: Dondozo|100/100 slp|[silent]
|
|upkeep
|turn|23
|
|t:|1781177877
|switch|p1a: Hoopa|Hoopa-Unbound|100/100
|-damage|p1a: Hoopa|88/100|[from] Spikes
|cant|p2a: Dondozo|slp
|move|p2a: Dondozo|Sleep Talk|p2a: Dondozo
|move|p2a: Dondozo|Wave Crash|p1a: Hoopa|[from] move: Sleep Talk
|-damage|p1a: Hoopa|20/100
|-damage|p2a: Dondozo|87/100 slp|[from] Recoil
|
|-heal|p2a: Dondozo|93/100 slp|[from] item: Leftovers
|upkeep
|turn|24
|
|t:|1781177882
|move|p1a: Hoopa|Hyperspace Fury|p2a: Dondozo
|-damage|p2a: Dondozo|52/100 slp
|-unboost|p1a: Hoopa|def|1
|cant|p2a: Dondozo|slp
|move|p2a: Dondozo|Sleep Talk|p2a: Dondozo
|move|p2a: Dondozo|Rest||[from] move: Sleep Talk|[still]
|-fail|p2a: Dondozo
|
|-heal|p2a: Dondozo|59/100 slp|[from] item: Leftovers
|upkeep
|turn|25
|
|t:|1781177889
|move|p1a: Hoopa|Hyperspace Fury|p2a: Dondozo
|-damage|p2a: Dondozo|18/100 slp
|-unboost|p1a: Hoopa|def|1
|-curestatus|p2a: Dondozo|slp|[msg]
|move|p2a: Dondozo|Rest|p2a: Dondozo
|-status|p2a: Dondozo|slp|[from] move: Rest
|-heal|p2a: Dondozo|100/100 slp|[silent]
|
|upkeep
|turn|26
|
|t:|1781177893
|move|p1a: Hoopa|Hyperspace Fury|p2a: Dondozo
|-damage|p2a: Dondozo|57/100 slp
|-unboost|p1a: Hoopa|def|1
|cant|p2a: Dondozo|slp
|move|p2a: Dondozo|Sleep Talk|p2a: Dondozo
|move|p2a: Dondozo|Rest||[from] move: Sleep Talk|[still]
|-fail|p2a: Dondozo
|
|-heal|p2a: Dondozo|64/100 slp|[from] item: Leftovers
|upkeep
|turn|27
|
|t:|1781177899
|move|p1a: Hoopa|Hyperspace Fury|p2a: Dondozo
|-damage|p2a: Dondozo|19/100 slp
|-unboost|p1a: Hoopa|def|1
|cant|p2a: Dondozo|slp
|move|p2a: Dondozo|Sleep Talk|p2a: Dondozo
|move|p2a: Dondozo|Body Press|p1a: Hoopa|[from] move: Sleep Talk
|-damage|p1a: Hoopa|0 fnt
|faint|p1a: Hoopa
|
|-heal|p2a: Dondozo|25/100 slp|[from] item: Leftovers
|upkeep
|
|t:|1781177904
|switch|p1a: Weezing|Weezing-Galar, F|46/100
|-ability|p1a: Weezing|Neutralizing Gas
|-damage|p1a: Weezing|34/100|[from] Spikes
|turn|28
|
|t:|1781177912
|move|p1a: Weezing|Sludge Bomb|p2a: Dondozo
|-crit|p2a: Dondozo
|-damage|p2a: Dondozo|0 fnt
|faint|p2a: Dondozo
|
|win|Wildkyu
|raw|Wildkyu's rating: 1487 &rarr; <strong>1509</strong><br />(+22 for winning)
|raw|KurisuChestnutOU's rating: 1529 &rarr; <strong>1507</strong><br />(-22 for losing)
|l|☆KurisuChestnutOU
|player|p2|
|l|‽Wildkyu
|player|p1|
|j|‽Wildkyu
|player|p1|Wildkyu|101|
|n|‽Wildkyu|wildkyu
|n|‽Wildkyu|wildkyu
