|j|☆Arcangel666
|j|‽LT_Alt1
|t:|1781291027
|gametype|singles
|player|p1|Arcangel666|piers-masters|1624
|player|p2|LT_Alt1|1|1655
|gen|9
|tier|[Gen 9] OU
|rated|
|rule|HP Percentage Mod: HP is shown in percentages
|rule|Endless Battle Clause: Forcing endless battles is banned
|rule|Species Clause: Limit one of each Pokémon
|rule|OHKO Clause: OHKO moves are banned
|rule|Evasion Items Clause: Evasion items are banned
|rule|Evasion Moves Clause: Evasion moves are banned
|rule|Evasion Abilities Clause: Evasion abilities are banned
|rule|Sleep Moves Clause: Sleep-inducing moves are banned
|clearpoke
|poke|p1|Ting-Lu|
|poke|p1|Kingambit, M|
|poke|p1|Dragapult, M|
|poke|p1|Skeledirge, F|
|poke|p1|Iron Valiant|
|poke|p1|Rotom-Wash|
|poke|p2|Kyurem|
|poke|p2|Raging Bolt|
|poke|p2|Hatterene, F|
|poke|p2|Slowking-Galar, F|
|poke|p2|Ting-Lu|
|poke|p2|Corviknight, F|
|teampreview
|
|t:|1781291053
|teamsize|p1|6
|teamsize|p2|6
|start
|switch|p1a: Iron Valiant|Iron Valiant, shiny|100/100
|switch|p2a: Slowking|Slowking-Galar, F|100/100
|turn|1
|
|t:|1781291059
|-end|p1a: Iron Valiant|Quark Drive|[silent]
|switch|p1a: Ting-Lu|Ting-Lu|100/100
|-ability|p1a: Ting-Lu|Vessel of Ruin
|move|p2a: Slowking|Sludge Bomb|p1a: Ting-Lu
|-resisted|p1a: Ting-Lu
|-damage|p1a: Ting-Lu|94/100
|-status|p1a: Ting-Lu|psn
|
|-heal|p1a: Ting-Lu|99/100 psn|[from] item: Leftovers
|-damage|p1a: Ting-Lu|87/100 psn|[from] psn
|upkeep
|turn|2
|
|t:|1781291063
|switch|p2a: Hatterene|Hatterene, F|100/100
|move|p1a: Ting-Lu|Ruination|p2a: Hatterene
|-damage|p2a: Hatterene|50/100
|
|-heal|p1a: Ting-Lu|94/100 psn|[from] item: Leftovers
|-heal|p2a: Hatterene|56/100|[from] item: Leftovers
|-damage|p1a: Ting-Lu|81/100 psn|[from] psn
|upkeep
|turn|3
|
|t:|1781291068
|switch|p1a: Kingambit|Kingambit, M, shiny|100/100
|move|p2a: Hatterene|Pain Split|p1a: Kingambit
|-sethp|p1a: Kingambit|72/100|[from] move: Pain Split|[silent]
|-sethp|p2a: Hatterene|93/100|[from] move: Pain Split
|
|-heal|p2a: Hatterene|99/100|[from] item: Leftovers
|upkeep
|turn|4
|
|t:|1781291072
|-end|p1a: Kingambit|fallenundefined|[silent]
|switch|p1a: Rotom|Rotom-Wash, shiny|100/100
|switch|p2a: Corviknight|Corviknight, F|100/100
|-ability|p2a: Corviknight|Pressure
|
|upkeep
|turn|5
|
|t:|1781291084
|switch|p2a: Raging Bolt|Raging Bolt|100/100
|move|p1a: Rotom|Nasty Plot|p1a: Rotom
|-boost|p1a: Rotom|spa|2
|
|upkeep
|turn|6
|
|t:|1781291090
|move|p1a: Rotom|Hydro Pump|p2a: Raging Bolt
|-resisted|p2a: Raging Bolt
|-damage|p2a: Raging Bolt|72/100
|move|p2a: Raging Bolt|Thunderbolt|p1a: Rotom
|-damage|p1a: Rotom|28/100
|
|-heal|p1a: Rotom|34/100|[from] item: Leftovers
|upkeep
|turn|7
|
|t:|1781291094
|switch|p1a: Ting-Lu|Ting-Lu|81/100 psn
|-ability|p1a: Ting-Lu|Vessel of Ruin
|move|p2a: Raging Bolt|Thunderbolt|p1a: Ting-Lu
|-immune|p1a: Ting-Lu
|
|-heal|p1a: Ting-Lu|87/100 psn|[from] item: Leftovers
|-damage|p1a: Ting-Lu|75/100 psn|[from] psn
|upkeep
|turn|8
|
|t:|1781291100
|-end|p2a: Raging Bolt|Protosynthesis|[silent]
|switch|p2a: Hatterene|Hatterene, F|99/100
|switch|p1a: Skeledirge|Skeledirge, F, shiny|100/100
|
|-heal|p2a: Hatterene|100/100|[from] item: Leftovers
|upkeep
|turn|9
|
|t:|1781291114
|switch|p2a: Slowking|Slowking-Galar, F|100/100
|move|p1a: Skeledirge|Torch Song|p2a: Slowking
|-damage|p2a: Slowking|81/100
|-boost|p1a: Skeledirge|spa|1
|
|upkeep
|turn|10
|
|t:|1781291117
|move|p1a: Skeledirge|Will-O-Wisp|p2a: Slowking|[miss]
|-miss|p1a: Skeledirge|p2a: Slowking
|-prepare|p2a: Slowking|Chilly Reception|[premajor]
|move|p2a: Slowking|Chilly Reception|p2a: Slowking
|-weather|Snowscape
|
|t:|1781291121
|switch|p2a: Kyurem|Kyurem|100/100|[from] Chilly Reception
|-ability|p2a: Kyurem|Pressure
|
|-weather|Snowscape|[upkeep]
|upkeep
|turn|11
|
|t:|1781291126
|switch|p1a: Rotom|Rotom-Wash, shiny|34/100
|move|p2a: Kyurem|Draco Meteor|p1a: Rotom|[miss]
|-miss|p2a: Kyurem|p1a: Rotom
|
|-weather|Snowscape|[upkeep]
|-heal|p1a: Rotom|40/100|[from] item: Leftovers
|upkeep
|turn|12
|
|t:|1781291132
|move|p2a: Kyurem|Draco Meteor|p1a: Rotom
|-damage|p1a: Rotom|0 fnt
|-unboost|p2a: Kyurem|spa|2
|faint|p1a: Rotom
|
|-weather|Snowscape|[upkeep]
|upkeep
|j| ILoveGardevoirRah
|
|t:|1781291135
|switch|p1a: Dragapult|Dragapult, M, shiny|100/100
|turn|13
|
|t:|1781291138
|switch|p2a: Ting-Lu|Ting-Lu|100/100
|-ability|p2a: Ting-Lu|Vessel of Ruin
|move|p1a: Dragapult|Substitute|p1a: Dragapult
|-start|p1a: Dragapult|Substitute
|-damage|p1a: Dragapult|76/100
|
|-weather|Snowscape|[upkeep]
|-heal|p1a: Dragapult|82/100|[from] item: Leftovers
|upkeep
|turn|14
|
|t:|1781291143
|move|p1a: Dragapult|Dragon Dance|p1a: Dragapult
|-boost|p1a: Dragapult|atk|1
|-boost|p1a: Dragapult|spe|1
|move|p2a: Ting-Lu|Spikes|p1a: Dragapult
|-sidestart|p1: Arcangel666|Spikes
|
|-weather|none
|-heal|p1a: Dragapult|88/100|[from] item: Leftovers
|upkeep
|turn|15
|
|t:|1781291147
|move|p1a: Dragapult|Dragon Darts|p2a: Ting-Lu
|-damage|p2a: Ting-Lu|81/100
|-anim|p1a: Dragapult|Dragon Darts|p2a: Ting-Lu
|-damage|p2a: Ting-Lu|61/100
|move|p2a: Ting-Lu|Whirlwind|p1a: Dragapult
|drag|p1a: Ting-Lu|Ting-Lu|75/100 psn
|-damage|p1a: Ting-Lu|63/100 psn|[from] Spikes
|-ability|p1a: Ting-Lu|Vessel of Ruin
|
|-heal|p2a: Ting-Lu|67/100|[from] item: Leftovers
|-heal|p1a: Ting-Lu|69/100 psn|[from] item: Leftovers
|-damage|p1a: Ting-Lu|56/100 psn|[from] psn
|upkeep
|turn|16
|
|t:|1781291152
|switch|p2a: Hatterene|Hatterene, F|100/100
|move|p1a: Ting-Lu|Ruination|p2a: Hatterene
|-damage|p2a: Hatterene|50/100
|
|-heal|p1a: Ting-Lu|63/100 psn|[from] item: Leftovers
|-heal|p2a: Hatterene|56/100|[from] item: Leftovers
|-damage|p1a: Ting-Lu|50/100 psn|[from] psn
|upkeep
|turn|17
|
|t:|1781291159
|switch|p1a: Skeledirge|Skeledirge, F, shiny|100/100
|move|p2a: Hatterene|Pain Split|p1a: Skeledirge
|-sethp|p1a: Skeledirge|70/100|[from] move: Pain Split|[silent]
|-sethp|p2a: Hatterene|100/100|[from] move: Pain Split
|
|upkeep
|turn|18
|
|t:|1781291166
|switch|p2a: Raging Bolt|Raging Bolt|72/100
|move|p1a: Skeledirge|Torch Song|p2a: Raging Bolt
|-resisted|p2a: Raging Bolt
|-damage|p2a: Raging Bolt|63/100
|-boost|p1a: Skeledirge|spa|1
|
|upkeep
|turn|19
|
|t:|1781291169
|switch|p1a: Iron Valiant|Iron Valiant, shiny|100/100
|-damage|p1a: Iron Valiant|88/100|[from] Spikes
|move|p2a: Raging Bolt|Draco Meteor|p1a: Iron Valiant
|-immune|p1a: Iron Valiant
|
|upkeep
|turn|20
|
|t:|1781291174
|-end|p2a: Raging Bolt|Protosynthesis|[silent]
|switch|p2a: Slowking|Slowking-Galar, F|100/100
|move|p1a: Iron Valiant|Trick|p2a: Slowking
|-activate|p1a: Iron Valiant|move: Trick|[of] p2a: Slowking
|-item|p2a: Slowking|Choice Specs|[from] move: Trick
|-item|p1a: Iron Valiant|Shuca Berry|[from] move: Trick
|
|upkeep
|turn|21
|
|t:|1781291182
|move|p1a: Iron Valiant|Shadow Ball|p2a: Slowking
|-supereffective|p2a: Slowking
|-damage|p2a: Slowking|66/100
|-prepare|p2a: Slowking|Chilly Reception|[premajor]
|move|p2a: Slowking|Chilly Reception|p2a: Slowking
|-weather|Snowscape
|
|t:|1781291190
|switch|p2a: Kyurem|Kyurem|100/100|[from] Chilly Reception
|-ability|p2a: Kyurem|Pressure
|
|-weather|Snowscape|[upkeep]
|upkeep
|turn|22
|
|t:|1781291195
|switch|p2a: Slowking|Slowking-Galar, F|99/100
|-terastallize|p1a: Iron Valiant|Fairy
|move|p1a: Iron Valiant|Moonblast|p2a: Slowking
|-resisted|p2a: Slowking
|-damage|p2a: Slowking|81/100
|-unboost|p2a: Slowking|spa|1
|
|-weather|Snowscape|[upkeep]
|upkeep
|turn|23
|
|t:|1781291201
|-end|p1a: Iron Valiant|Quark Drive|[silent]
|switch|p1a: Kingambit|Kingambit, M, shiny|72/100
|-activate|p1a: Kingambit|ability: Supreme Overlord
|-start|p1a: Kingambit|fallen1|[silent]
|-prepare|p2a: Slowking|Chilly Reception|[premajor]
|move|p2a: Slowking|Chilly Reception|p2a: Slowking
|
|t:|1781291215
|switch|p2a: Corviknight|Corviknight, F|100/100|[from] Chilly Reception
|-ability|p2a: Corviknight|Pressure
|
|-weather|Snowscape|[upkeep]
|upkeep
|turn|24
|
|t:|1781291220
|-end|p1a: Kingambit|fallen1|[silent]
|switch|p1a: Skeledirge|Skeledirge, F, shiny|70/100
|move|p2a: Corviknight|Body Press|p1a: Skeledirge
|-immune|p1a: Skeledirge
|
|-weather|Snowscape|[upkeep]
|upkeep
|turn|25
|
|t:|1781291223
|switch|p2a: Raging Bolt|Raging Bolt|63/100
|move|p1a: Skeledirge|Will-O-Wisp|p2a: Raging Bolt
|-status|p2a: Raging Bolt|brn
|
|-weather|none
|-damage|p2a: Raging Bolt|57/100 brn|[from] brn
|upkeep
|turn|26
|
|t:|1781291227
|switch|p1a: Ting-Lu|Ting-Lu|50/100 psn
|-damage|p1a: Ting-Lu|38/100 psn|[from] Spikes
|-ability|p1a: Ting-Lu|Vessel of Ruin
|move|p2a: Raging Bolt|Draco Meteor|p1a: Ting-Lu
|-damage|p1a: Ting-Lu|8/100 psn
|-unboost|p2a: Raging Bolt|spa|2
|
|-heal|p1a: Ting-Lu|14/100 psn|[from] item: Leftovers
|-damage|p1a: Ting-Lu|1/100 psn|[from] psn
|-damage|p2a: Raging Bolt|51/100 brn|[from] brn
|upkeep
|turn|27
|
|t:|1781291231
|move|p2a: Raging Bolt|Draco Meteor|p1a: Ting-Lu
|-damage|p1a: Ting-Lu|0 fnt
|-unboost|p2a: Raging Bolt|spa|2
|faint|p1a: Ting-Lu
|
|-damage|p2a: Raging Bolt|44/100 brn|[from] brn
|upkeep
|
|t:|1781291234
|switch|p1a: Kingambit|Kingambit, M, shiny|72/100
|-activate|p1a: Kingambit|ability: Supreme Overlord
|-start|p1a: Kingambit|fallen2|[silent]
|turn|28
|
|t:|1781291239
|move|p2a: Raging Bolt|Volt Switch|p1a: Kingambit
|-damage|p1a: Kingambit|58/100
|
|t:|1781291241
|-end|p2a: Raging Bolt|Protosynthesis|[silent]
|switch|p2a: Corviknight|Corviknight, F|100/100|[from] Volt Switch
|-ability|p2a: Corviknight|Pressure
|move|p1a: Kingambit|Kowtow Cleave|p2a: Corviknight
|-damage|p2a: Corviknight|61/100
|-damage|p1a: Kingambit|41/100|[from] item: Rocky Helmet|[of] p2a: Corviknight
|
|upkeep
|turn|29
|
|t:|1781291245
|-end|p1a: Kingambit|fallen2|[silent]
|switch|p1a: Skeledirge|Skeledirge, F, shiny|70/100
|move|p2a: Corviknight|Roost|p2a: Corviknight
|-heal|p2a: Corviknight|100/100
|-singleturn|p2a: Corviknight|move: Roost
|
|upkeep
|turn|30
|
|t:|1781291249
|switch|p2a: Raging Bolt|Raging Bolt|44/100 brn
|move|p1a: Skeledirge|Hex|p2a: Raging Bolt
|-damage|p2a: Raging Bolt|17/100 brn
|
|-damage|p2a: Raging Bolt|10/100 brn|[from] brn
|upkeep
|turn|31
|
|t:|1781291254
|move|p2a: Raging Bolt|Draco Meteor|p1a: Skeledirge|[miss]
|-miss|p2a: Raging Bolt|p1a: Skeledirge
|move|p1a: Skeledirge|Slack Off|p1a: Skeledirge
|-heal|p1a: Skeledirge|100/100
|
|-damage|p2a: Raging Bolt|4/100 brn|[from] brn
|upkeep
|turn|32
|
|t:|1781291260
|switch|p1a: Iron Valiant|Iron Valiant, shiny, tera:Fairy|88/100
|-damage|p1a: Iron Valiant|76/100|[from] Spikes
|move|p2a: Raging Bolt|Volt Switch|p1a: Iron Valiant
|-damage|p1a: Iron Valiant|9/100
|
|t:|1781291264
|-end|p2a: Raging Bolt|Protosynthesis|[silent]
|switch|p2a: Slowking|Slowking-Galar, F|100/100|[from] Volt Switch
|
|upkeep
|turn|33
|
|t:|1781291268
|move|p1a: Iron Valiant|Shadow Ball|p2a: Slowking
|-supereffective|p2a: Slowking
|-damage|p2a: Slowking|66/100
|-unboost|p2a: Slowking|spd|1
|move|p2a: Slowking|Flamethrower|p1a: Iron Valiant
|-damage|p1a: Iron Valiant|0 fnt
|faint|p1a: Iron Valiant
|-end|p1a: Iron Valiant|Quark Drive|[silent]
|
|upkeep
|
|t:|1781291272
|switch|p1a: Dragapult|Dragapult, M, shiny|88/100
|-damage|p1a: Dragapult|75/100|[from] Spikes
|turn|34
|
|t:|1781291277
|switch|p2a: Ting-Lu|Ting-Lu|67/100
|-ability|p2a: Ting-Lu|Vessel of Ruin
|move|p1a: Dragapult|Dragon Dance|p1a: Dragapult
|-boost|p1a: Dragapult|atk|1
|-boost|p1a: Dragapult|spe|1
|
|-heal|p1a: Dragapult|81/100|[from] item: Leftovers
|-heal|p2a: Ting-Lu|73/100|[from] item: Leftovers
|upkeep
|turn|35
|
|t:|1781291285
|switch|p2a: Hatterene|Hatterene, F|100/100
|move|p1a: Dragapult|Dragon Darts|p2a: Hatterene
|-immune|p2a: Hatterene
|
|-heal|p1a: Dragapult|87/100|[from] item: Leftovers
|upkeep
|turn|36
|
|t:|1781291291
|switch|p1a: Kingambit|Kingambit, M, shiny|41/100
|-activate|p1a: Kingambit|ability: Supreme Overlord
|-start|p1a: Kingambit|fallen3|[silent]
|switch|p2a: Ting-Lu|Ting-Lu|73/100
|-ability|p2a: Ting-Lu|Vessel of Ruin
|
|-heal|p2a: Ting-Lu|79/100|[from] item: Leftovers
|upkeep
|turn|37
|
|t:|1781291295
|switch|p2a: Corviknight|Corviknight, F|100/100
|-ability|p2a: Corviknight|Pressure
|move|p1a: Kingambit|Swords Dance|p1a: Kingambit
|-boost|p1a: Kingambit|atk|2
|
|upkeep
|turn|38
|
|t:|1781291299
|move|p2a: Corviknight|Body Press|p1a: Kingambit
|-supereffective|p1a: Kingambit
|-damage|p1a: Kingambit|0 fnt
|faint|p1a: Kingambit
|-end|p1a: Kingambit|fallen3|[silent]
|
|upkeep
|-message|Arcangel666 forfeited.
|
|win|LT_Alt1
|raw|Arcangel666's rating: 1624 &rarr; <strong>1606</strong><br />(-18 for losing)
|raw|LT_Alt1's rating: 1655 &rarr; <strong>1673</strong><br />(+18 for winning)
|l|☆Arcangel666
|player|p1|
|j| Pulkatz
|l| Pulkatz
|j| Pulkatz
|l| Pulkatz
|j| sylvr7070
|l| sylvr7070
