|j|☆Udiggwhatimsayin
|j|☆bigtestsofbig
|t:|1781310344
|gametype|singles
|player|p1|Udiggwhatimsayin|fantina|1592
|player|p2|bigtestsofbig|266|1665
|gen|9
|tier|[Gen 9] OU
|rated|
|rule|HP Percentage Mod: HP is shown in percentages
|rule|Endless Battle Clause: Forcing endless battles is banned
|rule|Species Clause: Limit one of each Pokémon
|rule|OHKO Clause: OHKO moves are banned
|rule|Evasion Items Clause: Evasion items are banned
|rule|Evasion Moves Clause: Evasion moves are banned
|rule|Evasion Abilities Clause: Evasion abilities are banned
|rule|Sleep Moves Clause: Sleep-inducing moves are banned
|clearpoke
|poke|p1|Skarmory, M|
|poke|p1|Ting-Lu|
|poke|p1|Slowking-Galar, M|
|poke|p1|Iron Valiant|
|poke|p1|Dragapult, M|
|poke|p1|Cinderace, F|
|poke|p2|Armarouge, F|
|poke|p2|Slither Wing|
|poke|p2|Enamorus, F|
|poke|p2|Iron Treads|
|poke|p2|Dragonite, F|
|poke|p2|Kingambit, F|
|teampreview
|inactive|Battle timer is ON: inactive players will automatically lose when time's up. (requested by Udiggwhatimsayin)
|inactive|bigtestsofbig has 120 seconds left.
|
|t:|1781310380
|teamsize|p1|6
|teamsize|p2|6
|start
|switch|p1a: Dragapult|Dragapult, M|100/100
|switch|p2a: Enamorus|Enamorus, F|100/100
|turn|1
|
|t:|1781310390
|switch|p1a: Slowking|Slowking-Galar, M|100/100
|-terastallize|p2a: Enamorus|Ground
|move|p2a: Enamorus|Earth Power|p1a: Slowking
|-supereffective|p1a: Slowking
|-damage|p1a: Slowking|29/100
|
|upkeep
|turn|2
|
|t:|1781310400
|switch|p2a: Armarouge|Armarouge, F|100/100
|switch|p1a: Skarmory|Skarmory, M|100/100
|
|upkeep
|turn|3
|c|☆Udiggwhatimsayin|whip the smirk off your face kid
|c|☆Udiggwhatimsayin|your not comp
|
|t:|1781310428
|switch|p1a: Ting-Lu|Ting-Lu|100/100
|-ability|p1a: Ting-Lu|Vessel of Ruin
|move|p2a: Armarouge|Armor Cannon|p1a: Ting-Lu
|-damage|p1a: Ting-Lu|60/100
|-unboost|p2a: Armarouge|def|1
|-unboost|p2a: Armarouge|spd|1
|
|-heal|p1a: Ting-Lu|66/100|[from] item: Leftovers
|upkeep
|turn|4
|
|t:|1781310439
|switch|p2a: Slither Wing|Slither Wing|100/100
|move|p1a: Ting-Lu|Ruination|p2a: Slither Wing
|-damage|p2a: Slither Wing|51/100
|
|-heal|p1a: Ting-Lu|73/100|[from] item: Leftovers
|upkeep
|turn|5
|
|t:|1781310448
|switch|p1a: Dragapult|Dragapult, M|100/100
|move|p2a: Slither Wing|U-turn|p1a: Dragapult
|-resisted|p1a: Dragapult
|-damage|p1a: Dragapult|63/100
|
|t:|1781310454
|-end|p2a: Slither Wing|Protosynthesis|[silent]
|switch|p2a: Enamorus|Enamorus, F, tera:Ground|100/100|[from] U-turn
|
|upkeep
|turn|6
|
|t:|1781310461
|switch|p1a: Slowking|Slowking-Galar, M|62/100
|move|p2a: Enamorus|Earth Power|p1a: Slowking
|-supereffective|p1a: Slowking
|-damage|p1a: Slowking|0 fnt
|faint|p1a: Slowking
|
|upkeep
|
|t:|1781310467
|switch|p1a: Iron Valiant|Iron Valiant, shiny|100/100
|turn|7
|
|t:|1781310481
|switch|p2a: Kingambit|Kingambit, F|100/100
|-terastallize|p1a: Iron Valiant|Fighting
|move|p1a: Iron Valiant|Close Combat|p2a: Kingambit
|-supereffective|p2a: Kingambit
|-damage|p2a: Kingambit|0 fnt
|-unboost|p1a: Iron Valiant|def|1
|-unboost|p1a: Iron Valiant|spd|1
|faint|p2a: Kingambit
|-end|p2a: Kingambit|fallenundefined|[silent]
|
|upkeep
|
|t:|1781310486
|switch|p2a: Armarouge|Armarouge, F|100/100
|turn|8
|
|t:|1781310495
|-end|p1a: Iron Valiant|Quark Drive|[silent]
|switch|p1a: Ting-Lu|Ting-Lu|73/100
|-ability|p1a: Ting-Lu|Vessel of Ruin
|move|p2a: Armarouge|Armor Cannon|p1a: Ting-Lu
|-damage|p1a: Ting-Lu|29/100
|-unboost|p2a: Armarouge|def|1
|-unboost|p2a: Armarouge|spd|1
|
|-heal|p1a: Ting-Lu|35/100|[from] item: Leftovers
|upkeep
|turn|9
|
|t:|1781310505
|switch|p1a: Cinderace|Cinderace, F|100/100
|move|p2a: Armarouge|Armor Cannon|p1a: Cinderace
|-resisted|p1a: Cinderace
|-damage|p1a: Cinderace|35/100
|-unboost|p2a: Armarouge|def|1
|-unboost|p2a: Armarouge|spd|1
|
|upkeep
|turn|10
|
|t:|1781310517
|switch|p2a: Slither Wing|Slither Wing|51/100
|move|p1a: Cinderace|Gunk Shot|p2a: Slither Wing
|-start|p1a: Cinderace|typechange|Poison|[from] ability: Libero
|-damage|p2a: Slither Wing|0 fnt
|faint|p2a: Slither Wing
|-end|p2a: Slither Wing|Protosynthesis|[silent]
|
|upkeep
|
|t:|1781310526
|switch|p2a: Enamorus|Enamorus, F, tera:Ground|100/100
|turn|11
|
|t:|1781310530
|switch|p1a: Skarmory|Skarmory, M|100/100
|move|p2a: Enamorus|Moonblast|p1a: Skarmory
|-resisted|p1a: Skarmory
|-damage|p1a: Skarmory|68/100
|
|upkeep
|turn|12
|
|t:|1781310536
|move|p2a: Enamorus|Moonblast|p1a: Skarmory
|-resisted|p1a: Skarmory
|-damage|p1a: Skarmory|35/100
|move|p1a: Skarmory|Stealth Rock|p2a: Enamorus
|-sidestart|p2: bigtestsofbig|move: Stealth Rock
|
|upkeep
|turn|13
|
|t:|1781310542
|switch|p2a: Armarouge|Armarouge, F|100/100
|-damage|p2a: Armarouge|76/100|[from] Stealth Rock
|move|p1a: Skarmory|Roost|p1a: Skarmory
|-heal|p1a: Skarmory|85/100
|-singleturn|p1a: Skarmory|move: Roost
|
|upkeep
|turn|14
|
|t:|1781310546
|switch|p1a: Ting-Lu|Ting-Lu|35/100
|-ability|p1a: Ting-Lu|Vessel of Ruin
|move|p2a: Armarouge|Armor Cannon|p1a: Ting-Lu
|-damage|p1a: Ting-Lu|0 fnt
|-unboost|p2a: Armarouge|def|1
|-unboost|p2a: Armarouge|spd|1
|faint|p1a: Ting-Lu
|
|upkeep
|
|t:|1781310553
|switch|p1a: Dragapult|Dragapult, M|63/100
|turn|15
|
|t:|1781310575
|move|p1a: Dragapult|Hex|p2a: Armarouge
|-supereffective|p2a: Armarouge
|-damage|p2a: Armarouge|0 fnt
|faint|p2a: Armarouge
|
|upkeep
|
|t:|1781310577
|switch|p2a: Enamorus|Enamorus, F, tera:Ground|100/100
|-damage|p2a: Enamorus|94/100|[from] Stealth Rock
|turn|16
|
|t:|1781310584
|move|p2a: Enamorus|Moonblast|p1a: Dragapult
|-supereffective|p1a: Dragapult
|-damage|p1a: Dragapult|0 fnt
|faint|p1a: Dragapult
|
|upkeep
|
|t:|1781310588
|switch|p1a: Iron Valiant|Iron Valiant, shiny, tera:Fighting|100/100
|turn|17
|inactive|bigtestsofbig has 120 seconds left.
|
|t:|1781310621
|switch|p2a: Iron Treads|Iron Treads|100/100
|move|p1a: Iron Valiant|Close Combat|p2a: Iron Treads
|-supereffective|p2a: Iron Treads
|-damage|p2a: Iron Treads|0 fnt
|-unboost|p1a: Iron Valiant|def|1
|-unboost|p1a: Iron Valiant|spd|1
|faint|p2a: Iron Treads
|-end|p2a: Iron Treads|Quark Drive|[silent]
|
|upkeep
|
|t:|1781310625
|switch|p2a: Dragonite|Dragonite, F|100/100
|turn|18
|
|t:|1781310630
|-end|p1a: Iron Valiant|Quark Drive|[silent]
|switch|p1a: Skarmory|Skarmory, M|85/100
|move|p2a: Dragonite|Dragon Tail|p1a: Skarmory
|-resisted|p1a: Skarmory
|-damage|p1a: Skarmory|74/100
|-damage|p2a: Dragonite|84/100|[from] item: Rocky Helmet|[of] p1a: Skarmory
|drag|p1a: Iron Valiant|Iron Valiant, shiny, tera:Fighting|100/100
|
|upkeep
|turn|19
|
|t:|1781310644
|-end|p1a: Iron Valiant|Quark Drive|[silent]
|switch|p1a: Skarmory|Skarmory, M|74/100
|move|p2a: Dragonite|Extreme Speed|p1a: Skarmory
|-resisted|p1a: Skarmory
|-damage|p1a: Skarmory|65/100
|-damage|p2a: Dragonite|67/100|[from] item: Rocky Helmet|[of] p1a: Skarmory
|
|upkeep
|turn|20
|
|t:|1781310652
|move|p2a: Dragonite|Roost|p2a: Dragonite
|-heal|p2a: Dragonite|100/100
|-singleturn|p2a: Dragonite|move: Roost
|move|p1a: Skarmory|Whirlwind|p2a: Dragonite
|drag|p2a: Enamorus|Enamorus, F, tera:Ground|94/100
|-damage|p2a: Enamorus|88/100|[from] Stealth Rock
|
|upkeep
|turn|21
|
|t:|1781310658
|switch|p1a: Cinderace|Cinderace, F|35/100
|move|p2a: Enamorus|Mystical Fire|p1a: Cinderace
|-resisted|p1a: Cinderace
|-damage|p1a: Cinderace|15/100
|-unboost|p1a: Cinderace|spa|1
|
|upkeep
|turn|22
|
|t:|1781310661
|move|p1a: Cinderace|Sucker Punch|p2a: Enamorus
|-start|p1a: Cinderace|typechange|Dark|[from] ability: Libero
|-crit|p2a: Enamorus
|-damage|p2a: Enamorus|9/100
|move|p2a: Enamorus|Mystical Fire|p1a: Cinderace
|-damage|p1a: Cinderace|0 fnt
|faint|p1a: Cinderace
|
|upkeep
|c|☆Udiggwhatimsayin|gg lil bro
|
|t:|1781310675
|switch|p1a: Iron Valiant|Iron Valiant, shiny, tera:Fighting|100/100
|turn|23
|
|t:|1781310678
|switch|p2a: Dragonite|Dragonite, F|100/100
|move|p1a: Iron Valiant|Moonblast|p2a: Dragonite
|-supereffective|p2a: Dragonite
|-damage|p2a: Dragonite|68/100
|
|upkeep
|turn|24
|
|t:|1781310681
|move|p1a: Iron Valiant|Moonblast|p2a: Dragonite
|-supereffective|p2a: Dragonite
|-damage|p2a: Dragonite|0 fnt
|faint|p2a: Dragonite
|
|upkeep
|
|t:|1781310685
|switch|p2a: Enamorus|Enamorus, F, tera:Ground|9/100
|-damage|p2a: Enamorus|3/100|[from] Stealth Rock
|turn|25
|
|t:|1781310687
|move|p1a: Iron Valiant|Moonblast|p2a: Enamorus
|-damage|p2a: Enamorus|0 fnt
|faint|p2a: Enamorus
|
|win|Udiggwhatimsayin
|raw|Udiggwhatimsayin's rating: 1592 &rarr; <strong>1616</strong><br />(+24 for winning)
|raw|bigtestsofbig's rating: 1665 &rarr; <strong>1641</strong><br />(-24 for losing)
