|j|☆zerogerpon
|j|☆Wowza Sheist
|t:|1781440238
|gametype|singles
|player|p1|zerogerpon|dawn|1556
|player|p2|Wowza Sheist|workerice|1576
|gen|9
|tier|[Gen 9] OU
|rated|
|rule|HP Percentage Mod: HP is shown in percentages
|rule|Endless Battle Clause: Forcing endless battles is banned
|rule|Species Clause: Limit one of each Pokémon
|rule|OHKO Clause: OHKO moves are banned
|rule|Evasion Items Clause: Evasion items are banned
|rule|Evasion Moves Clause: Evasion moves are banned
|rule|Evasion Abilities Clause: Evasion abilities are banned
|rule|Sleep Moves Clause: Sleep-inducing moves are banned
|clearpoke
|poke|p1|Weezing-Galar, F|
|poke|p1|Alomomola, F|
|poke|p1|Iron Treads|
|poke|p1|Tornadus-Therian, M|
|poke|p1|Zamazenta-*|
|poke|p1|Lokix, M|
|poke|p2|Meowscarada, M|
|poke|p2|Pecharunt|
|poke|p2|Enamorus, F|
|poke|p2|Iron Treads|
|poke|p2|Skarmory, M|
|poke|p2|Slowking, F|
|teampreview
|j| Schlafparalyse
|
|t:|1781440269
|teamsize|p1|6
|teamsize|p2|6
|start
|switch|p1a: Tornadus|Tornadus-Therian, M|100/100
|switch|p2a: Enamorus|Enamorus, F|100/100
|turn|1
|
|t:|1781440280
|switch|p2a: Pecharunt|Pecharunt|100/100
|move|p1a: Tornadus|Knock Off|p2a: Pecharunt
|-supereffective|p2a: Pecharunt
|-damage|p2a: Pecharunt|82/100
|-damage|p1a: Tornadus|84/100|[from] item: Rocky Helmet|[of] p2a: Pecharunt
|-enditem|p2a: Pecharunt|Rocky Helmet|[from] move: Knock Off|[of] p1a: Tornadus
|
|upkeep
|turn|2
|
|t:|1781440286
|move|p1a: Tornadus|U-turn|p2a: Pecharunt
|-resisted|p2a: Pecharunt
|-damage|p2a: Pecharunt|80/100
|
|t:|1781440290
|switch|p1a: Iron Treads|Iron Treads|100/100|[from] U-turn
|move|p2a: Pecharunt|Parting Shot|p1a: Iron Treads
|-unboost|p1a: Iron Treads|atk|1
|-unboost|p1a: Iron Treads|spa|1
|
|t:|1781440299
|switch|p2a: Iron Treads|Iron Treads|100/100|[from] Parting Shot
|
|upkeep
|turn|3
|
|t:|1781440304
|-end|p1a: Iron Treads|Quark Drive|[silent]
|switch|p1a: Tornadus|Tornadus-Therian, M|100/100
|move|p2a: Iron Treads|Knock Off|p1a: Tornadus
|-damage|p1a: Tornadus|72/100
|-enditem|p1a: Tornadus|Assault Vest|[from] move: Knock Off|[of] p2a: Iron Treads
|
|upkeep
|turn|4
|
|t:|1781440316
|-end|p2a: Iron Treads|Quark Drive|[silent]
|switch|p2a: Pecharunt|Pecharunt|80/100
|move|p1a: Tornadus|Heat Wave|p2a: Pecharunt
|-damage|p2a: Pecharunt|58/100
|
|upkeep
|turn|5
|
|t:|1781440321
|move|p1a: Tornadus|Bleakwind Storm|p2a: Pecharunt|[miss]
|-miss|p1a: Tornadus|p2a: Pecharunt
|move|p2a: Pecharunt|Recover|p2a: Pecharunt
|-heal|p2a: Pecharunt|100/100
|
|upkeep
|turn|6
|
|t:|1781440326
|move|p1a: Tornadus|Bleakwind Storm|p2a: Pecharunt
|-damage|p2a: Pecharunt|63/100
|move|p2a: Pecharunt|Parting Shot|p1a: Tornadus
|-unboost|p1a: Tornadus|atk|1
|-unboost|p1a: Tornadus|spa|1
|
|t:|1781440338
|switch|p2a: Meowscarada|Meowscarada, M|100/100|[from] Parting Shot
|
|upkeep
|turn|7
|
|t:|1781440345
|switch|p1a: Alomomola|Alomomola, F|100/100
|move|p2a: Meowscarada|U-turn|p1a: Alomomola
|-start|p2a: Meowscarada|typechange|Bug|[from] ability: Protean
|-damage|p1a: Alomomola|70/100
|-damage|p2a: Meowscarada|84/100|[from] item: Rocky Helmet|[of] p1a: Alomomola
|
|t:|1781440352
|switch|p2a: Pecharunt|Pecharunt|63/100|[from] U-turn
|
|upkeep
|turn|8
|
|t:|1781440361
|switch|p1a: Iron Treads|Iron Treads|100/100
|move|p2a: Pecharunt|Malignant Chain|p1a: Iron Treads
|-immune|p1a: Iron Treads
|
|upkeep
|turn|9
|
|t:|1781440370
|move|p1a: Iron Treads|Stealth Rock|p2a: Pecharunt
|-sidestart|p2: Wowza Sheist|move: Stealth Rock
|move|p2a: Pecharunt|Recover|p2a: Pecharunt
|-heal|p2a: Pecharunt|100/100
|
|upkeep
|turn|10
|
|t:|1781440378
|move|p1a: Iron Treads|Earthquake|p2a: Pecharunt
|-supereffective|p2a: Pecharunt
|-damage|p2a: Pecharunt|61/100
|move|p2a: Pecharunt|Parting Shot|p1a: Iron Treads
|-unboost|p1a: Iron Treads|atk|1
|-unboost|p1a: Iron Treads|spa|1
|
|t:|1781440381
|switch|p2a: Iron Treads|Iron Treads|100/100|[from] Parting Shot
|-damage|p2a: Iron Treads|98/100|[from] Stealth Rock
|
|-heal|p2a: Iron Treads|100/100|[from] item: Leftovers
|upkeep
|turn|11
|
|t:|1781440387
|-end|p1a: Iron Treads|Quark Drive|[silent]
|switch|p1a: Alomomola|Alomomola, F|100/100
|move|p2a: Iron Treads|Rapid Spin|p1a: Alomomola
|-damage|p1a: Alomomola|92/100
|-boost|p2a: Iron Treads|spe|1
|-damage|p2a: Iron Treads|84/100|[from] item: Rocky Helmet|[of] p1a: Alomomola
|-sideend|p2: Wowza Sheist|Stealth Rock|[from] move: Rapid Spin|[of] p2a: Iron Treads
|
|-heal|p2a: Iron Treads|90/100|[from] item: Leftovers
|upkeep
|turn|12
|
|t:|1781440393
|move|p2a: Iron Treads|Knock Off|p1a: Alomomola
|-damage|p1a: Alomomola|77/100
|-damage|p2a: Iron Treads|74/100|[from] item: Rocky Helmet|[of] p1a: Alomomola
|-enditem|p1a: Alomomola|Rocky Helmet|[from] move: Knock Off|[of] p2a: Iron Treads
|move|p1a: Alomomola|Flip Turn|p2a: Iron Treads
|-supereffective|p2a: Iron Treads
|-damage|p2a: Iron Treads|46/100
|
|t:|1781440398
|switch|p1a: Lokix|Lokix, M|100/100|[from] Flip Turn
|
|-heal|p2a: Iron Treads|52/100|[from] item: Leftovers
|upkeep
|turn|13
|
|t:|1781440402
|-end|p2a: Iron Treads|Quark Drive|[silent]
|switch|p2a: Skarmory|Skarmory, M|100/100
|move|p1a: Lokix|First Impression|p2a: Skarmory
|-resisted|p2a: Skarmory
|-damage|p2a: Skarmory|80/100
|
|upkeep
|turn|14
|
|t:|1781440436
|switch|p1a: Iron Treads|Iron Treads|100/100
|move|p2a: Skarmory|Spikes|p1a: Iron Treads
|-sidestart|p1: zerogerpon|Spikes
|
|upkeep
|turn|15
|
|t:|1781440446
|move|p1a: Iron Treads|Stealth Rock|p2a: Skarmory
|-sidestart|p2: Wowza Sheist|move: Stealth Rock
|move|p2a: Skarmory|Body Press|p1a: Iron Treads
|-supereffective|p1a: Iron Treads
|-damage|p1a: Iron Treads|55/100
|
|-heal|p1a: Iron Treads|61/100|[from] item: Leftovers
|upkeep
|turn|16
|
|t:|1781440456
|-end|p1a: Iron Treads|Quark Drive|[silent]
|switch|p1a: Tornadus|Tornadus-Therian, M|100/100
|move|p2a: Skarmory|Body Press|p1a: Tornadus
|-resisted|p1a: Tornadus
|-damage|p1a: Tornadus|85/100
|
|upkeep
|turn|17
|
|t:|1781440466
|switch|p2a: Slowking|Slowking, F|100/100
|-damage|p2a: Slowking|88/100|[from] Stealth Rock
|move|p1a: Tornadus|Heat Wave|p2a: Slowking
|-resisted|p2a: Slowking
|-damage|p2a: Slowking|82/100
|
|upkeep
|turn|18
|
|t:|1781440485
|move|p1a: Tornadus|U-turn|p2a: Slowking
|-supereffective|p2a: Slowking
|-damage|p2a: Slowking|52/100
|
|t:|1781440490
|switch|p1a: Alomomola|Alomomola, F|100/100|[from] U-turn
|-damage|p1a: Alomomola|88/100|[from] Spikes
|move|p2a: Slowking|Future Sight|p1a: Alomomola
|-start|p2a: Slowking|move: Future Sight
|
|upkeep
|turn|19
|j| AlejandroThepr0
|
|t:|1781440506
|move|p1a: Alomomola|Wish|p1a: Alomomola
|move|p2a: Slowking|Scald|p1a: Alomomola
|-resisted|p1a: Alomomola
|-crit|p1a: Alomomola
|-damage|p1a: Alomomola|69/100
|
|upkeep
|turn|20
|
|t:|1781440521
|move|p1a: Alomomola|Tickle|p2a: Slowking
|-unboost|p2a: Slowking|atk|1
|-unboost|p2a: Slowking|def|1
|move|p2a: Slowking|Scald|p1a: Alomomola
|-resisted|p1a: Alomomola
|-damage|p1a: Alomomola|55/100
|
|-end|p1a: Alomomola|move: Future Sight
|-damage|p1a: Alomomola|12/100
|-heal|p1a: Alomomola|62/100|[from] move: Wish|[wisher] Alomomola
|upkeep
|turn|21
|
|t:|1781440529
|move|p1a: Alomomola|Tickle|p2a: Slowking
|-unboost|p2a: Slowking|atk|1
|-unboost|p2a: Slowking|def|1
|move|p2a: Slowking|Future Sight|p1a: Alomomola
|-start|p2a: Slowking|move: Future Sight
|
|upkeep
|turn|22
|
|t:|1781440533
|move|p1a: Alomomola|Wish|p1a: Alomomola
|move|p2a: Slowking|Scald|p1a: Alomomola
|-resisted|p1a: Alomomola
|-crit|p1a: Alomomola
|-damage|p1a: Alomomola|40/100
|-status|p1a: Alomomola|brn
|
|-damage|p1a: Alomomola|34/100 brn|[from] brn
|upkeep
|turn|23
|
|t:|1781440540
|switch|p1a: Tornadus|Tornadus-Therian, M|100/100
|move|p2a: Slowking|Scald|p1a: Tornadus
|-damage|p1a: Tornadus|71/100
|
|-end|p1a: Tornadus|move: Future Sight
|-damage|p1a: Tornadus|26/100
|-heal|p1a: Tornadus|92/100|[from] move: Wish|[wisher] Alomomola
|upkeep
|turn|24
|
|t:|1781440550
|switch|p2a: Pecharunt|Pecharunt|61/100
|-damage|p2a: Pecharunt|49/100|[from] Stealth Rock
|move|p1a: Tornadus|Knock Off|p2a: Pecharunt
|-supereffective|p2a: Pecharunt
|-damage|p2a: Pecharunt|35/100
|
|upkeep
|turn|25
|
|t:|1781440555
|move|p1a: Tornadus|Bleakwind Storm|p2a: Pecharunt
|-damage|p2a: Pecharunt|0 fnt
|faint|p2a: Pecharunt
|
|upkeep
|
|t:|1781440559
|switch|p2a: Iron Treads|Iron Treads|52/100
|-damage|p2a: Iron Treads|50/100|[from] Stealth Rock
|turn|26
|
|t:|1781440563
|switch|p1a: Alomomola|Alomomola, F|67/100 brn
|-damage|p1a: Alomomola|55/100 brn|[from] Spikes
|move|p2a: Iron Treads|Rapid Spin|p1a: Alomomola
|-damage|p1a: Alomomola|47/100 brn
|-boost|p2a: Iron Treads|spe|1
|-sideend|p2: Wowza Sheist|Stealth Rock|[from] move: Rapid Spin|[of] p2a: Iron Treads
|
|-heal|p2a: Iron Treads|56/100|[from] item: Leftovers
|-damage|p1a: Alomomola|41/100 brn|[from] brn
|upkeep
|turn|27
|
|t:|1781440582
|-end|p2a: Iron Treads|Quark Drive|[silent]
|switch|p2a: Slowking|Slowking, F|86/100
|switch|p1a: Tornadus|Tornadus-Therian, M|100/100
|
|upkeep
|turn|28
|
|t:|1781440587
|move|p1a: Tornadus|Knock Off|p2a: Slowking
|-supereffective|p2a: Slowking
|-damage|p2a: Slowking|49/100
|-enditem|p2a: Slowking|Assault Vest|[from] move: Knock Off|[of] p1a: Tornadus
|move|p2a: Slowking|Future Sight|p1a: Tornadus
|-start|p2a: Slowking|move: Future Sight
|
|upkeep
|turn|29
|
|t:|1781440594
|move|p1a: Tornadus|Bleakwind Storm|p2a: Slowking
|-crit|p2a: Slowking
|-damage|p2a: Slowking|12/100
|move|p2a: Slowking|Scald|p1a: Tornadus
|-damage|p1a: Tornadus|67/100
|
|upkeep
|turn|30
|
|t:|1781440604
|switch|p2a: Iron Treads|Iron Treads|56/100
|move|p1a: Tornadus|U-turn|p2a: Iron Treads
|-resisted|p2a: Iron Treads
|-damage|p2a: Iron Treads|50/100
|
|t:|1781440608
|switch|p1a: Lokix|Lokix, M|100/100|[from] U-turn
|-damage|p1a: Lokix|88/100|[from] Spikes
|
|-end|p1a: Lokix|move: Future Sight
|-immune|p1a: Lokix
|-heal|p2a: Iron Treads|56/100|[from] item: Leftovers
|upkeep
|turn|31
|
|t:|1781440613
|-end|p2a: Iron Treads|Quark Drive|[silent]
|switch|p2a: Skarmory|Skarmory, M|80/100
|move|p1a: Lokix|Knock Off|p2a: Skarmory
|-damage|p2a: Skarmory|37/100
|-enditem|p2a: Skarmory|Heavy-Duty Boots|[from] move: Knock Off|[of] p1a: Lokix
|
|upkeep
|turn|32
|
|t:|1781440619
|switch|p1a: Iron Treads|Iron Treads|61/100
|-damage|p1a: Iron Treads|49/100|[from] Spikes
|move|p2a: Skarmory|Roost|p2a: Skarmory
|-heal|p2a: Skarmory|87/100
|-singleturn|p2a: Skarmory|move: Roost
|
|-heal|p1a: Iron Treads|55/100|[from] item: Leftovers
|upkeep
|turn|33
|
|t:|1781440624
|move|p1a: Iron Treads|Rapid Spin|p2a: Skarmory
|-resisted|p2a: Skarmory
|-damage|p2a: Skarmory|83/100
|-boost|p1a: Iron Treads|spe|1
|-sideend|p1: zerogerpon|Spikes|[from] move: Rapid Spin|[of] p1a: Iron Treads
|move|p2a: Skarmory|Body Press|p1a: Iron Treads
|-supereffective|p1a: Iron Treads
|-damage|p1a: Iron Treads|2/100
|
|-heal|p1a: Iron Treads|8/100|[from] item: Leftovers
|upkeep
|turn|34
|
|t:|1781440648
|move|p1a: Iron Treads|Stealth Rock|p2a: Skarmory
|-sidestart|p2: Wowza Sheist|move: Stealth Rock
|move|p2a: Skarmory|Spikes|p1a: Iron Treads
|-sidestart|p1: zerogerpon|Spikes
|
|-heal|p1a: Iron Treads|14/100|[from] item: Leftovers
|upkeep
|turn|35
|
|t:|1781440668
|-end|p1a: Iron Treads|Quark Drive|[silent]
|switch|p1a: Tornadus|Tornadus-Therian, M|99/100
|switch|p2a: Iron Treads|Iron Treads|56/100
|-damage|p2a: Iron Treads|53/100|[from] Stealth Rock
|
|-heal|p2a: Iron Treads|59/100|[from] item: Leftovers
|upkeep
|turn|36
|
|t:|1781440671
|move|p1a: Tornadus|Heat Wave|p2a: Iron Treads|[miss]
|-miss|p1a: Tornadus|p2a: Iron Treads
|move|p2a: Iron Treads|Rapid Spin|p1a: Tornadus
|-damage|p1a: Tornadus|86/100
|-boost|p2a: Iron Treads|spe|1
|-sideend|p2: Wowza Sheist|Stealth Rock|[from] move: Rapid Spin|[of] p2a: Iron Treads
|
|-heal|p2a: Iron Treads|65/100|[from] item: Leftovers
|upkeep
|turn|37
|
|t:|1781440677
|move|p2a: Iron Treads|Stealth Rock|p1a: Tornadus
|-sidestart|p1: zerogerpon|move: Stealth Rock
|move|p1a: Tornadus|U-turn|p2a: Iron Treads
|-resisted|p2a: Iron Treads
|-damage|p2a: Iron Treads|59/100
|
|t:|1781440685
|switch|p1a: Zamazenta|Zamazenta|100/100|[from] U-turn
|-damage|p1a: Zamazenta|88/100|[from] Spikes
|-damage|p1a: Zamazenta|82/100|[from] Stealth Rock
|-ability|p1a: Zamazenta|Dauntless Shield|boost
|-boost|p1a: Zamazenta|def|1
|
|-heal|p2a: Iron Treads|65/100|[from] item: Leftovers
|upkeep
|turn|38
|
|t:|1781440696
|-end|p2a: Iron Treads|Quark Drive|[silent]
|switch|p2a: Enamorus|Enamorus, F|100/100
|move|p1a: Zamazenta|Stone Edge|p2a: Enamorus
|-supereffective|p2a: Enamorus
|-damage|p2a: Enamorus|0 fnt
|faint|p2a: Enamorus
|
|upkeep
|
|t:|1781440703
|switch|p2a: Skarmory|Skarmory, M|83/100
|turn|39
|
|t:|1781440709
|switch|p1a: Alomomola|Alomomola, F|74/100 brn
|-damage|p1a: Alomomola|62/100 brn|[from] Spikes
|-damage|p1a: Alomomola|49/100 brn|[from] Stealth Rock
|switch|p2a: Slowking|Slowking, F|45/100
|
|-damage|p1a: Alomomola|43/100 brn|[from] brn
|upkeep
|turn|40
|
|t:|1781440715
|move|p1a: Alomomola|Flip Turn|p2a: Slowking
|-resisted|p2a: Slowking
|-damage|p2a: Slowking|41/100
|
|t:|1781440721
|switch|p1a: Weezing|Weezing-Galar, F|100/100|[from] Flip Turn
|-ability|p1a: Weezing|Neutralizing Gas
|-damage|p1a: Weezing|88/100|[from] Spikes
|-damage|p1a: Weezing|76/100|[from] Stealth Rock
|move|p2a: Slowking|Future Sight|p1a: Weezing
|-start|p2a: Slowking|move: Future Sight
|
|-heal|p1a: Weezing|82/100|[from] item: Leftovers
|upkeep
|turn|41
|
|t:|1781440731
|switch|p2a: Iron Treads|Iron Treads|65/100
|move|p1a: Weezing|Defog|p2a: Iron Treads
|-unboost|p2a: Iron Treads|evasion|1
|-sideend|p1: zerogerpon|Spikes|[from] move: Defog|[of] p1a: Weezing
|-sideend|p1: zerogerpon|Stealth Rock|[from] move: Defog|[of] p1a: Weezing
|
|-heal|p2a: Iron Treads|71/100|[from] item: Leftovers
|-heal|p1a: Weezing|88/100|[from] item: Leftovers
|upkeep
|turn|42
|
|t:|1781440747
|-end|p2a: Iron Treads|Quark Drive|[silent]
|switch|p2a: Meowscarada|Meowscarada, M|84/100
|-end|p1a: Weezing|ability: Neutralizing Gas
|switch|p1a: Tornadus|Tornadus-Therian, M|100/100
|
|-end|p1a: Tornadus|move: Future Sight
|-damage|p1a: Tornadus|53/100
|upkeep
|turn|43
|
|t:|1781440757
|switch|p1a: Alomomola|Alomomola, F|77/100 brn
|move|p2a: Meowscarada|Knock Off|p1a: Alomomola
|-start|p2a: Meowscarada|typechange|Dark|[from] ability: Protean
|-damage|p1a: Alomomola|51/100 brn
|
|-damage|p1a: Alomomola|45/100 brn|[from] brn
|upkeep
|turn|44
|
|t:|1781440764
|switch|p2a: Slowking|Slowking, F|41/100
|move|p1a: Alomomola|Flip Turn|p2a: Slowking
|-resisted|p2a: Slowking
|-damage|p2a: Slowking|38/100
|
|t:|1781440769
|switch|p1a: Zamazenta|Zamazenta|82/100|[from] Flip Turn
|
|upkeep
|turn|45
|
|t:|1781440774
|switch|p2a: Skarmory|Skarmory, M|83/100
|move|p1a: Zamazenta|Crunch|p2a: Skarmory
|-damage|p2a: Skarmory|55/100
|-unboost|p2a: Skarmory|def|1
|
|upkeep
|turn|46
|
|t:|1781440786
|switch|p1a: Tornadus|Tornadus-Therian, M|86/100
|move|p2a: Skarmory|Roost|p2a: Skarmory
|-heal|p2a: Skarmory|100/100
|-singleturn|p2a: Skarmory|move: Roost
|
|upkeep
|turn|47
|
|t:|1781440789
|switch|p2a: Slowking|Slowking, F|71/100
|move|p1a: Tornadus|Heat Wave|p2a: Slowking
|-resisted|p2a: Slowking
|-damage|p2a: Slowking|62/100
|
|upkeep
|turn|48
|
|t:|1781440802
|move|p1a: Tornadus|U-turn|p2a: Slowking
|-supereffective|p2a: Slowking
|-damage|p2a: Slowking|35/100
|
|t:|1781440805
|switch|p1a: Lokix|Lokix, M|88/100|[from] U-turn
|move|p2a: Slowking|Future Sight|p1a: Lokix
|-start|p2a: Slowking|move: Future Sight
|
|upkeep
|turn|49
|
|t:|1781440811
|switch|p2a: Skarmory|Skarmory, M|100/100
|move|p1a: Lokix|U-turn|p2a: Skarmory
|-resisted|p2a: Skarmory
|-damage|p2a: Skarmory|85/100
|
|t:|1781440815
|switch|p1a: Tornadus|Tornadus-Therian, M|100/100|[from] U-turn
|
|upkeep
|turn|50
|
|t:|1781440819
|move|p1a: Tornadus|Heat Wave|p2a: Skarmory|[miss]
|-miss|p1a: Tornadus|p2a: Skarmory
|move|p2a: Skarmory|Body Press|p1a: Tornadus
|-resisted|p1a: Tornadus
|-damage|p1a: Tornadus|83/100
|
|-end|p1a: Tornadus|move: Future Sight
|-damage|p1a: Tornadus|40/100
|upkeep
|turn|51
|
|t:|1781440823
|switch|p2a: Slowking|Slowking, F|68/100
|move|p1a: Tornadus|Heat Wave|p2a: Slowking
|-resisted|p2a: Slowking
|-damage|p2a: Slowking|61/100
|
|upkeep
|turn|52
|
|t:|1781440825
|move|p1a: Tornadus|U-turn|p2a: Slowking
|-supereffective|p2a: Slowking
|-crit|p2a: Slowking
|-damage|p2a: Slowking|17/100
|
|t:|1781440831
|switch|p1a: Weezing|Weezing-Galar, F|88/100|[from] U-turn
|-ability|p1a: Weezing|Neutralizing Gas
|move|p2a: Slowking|Future Sight|p1a: Weezing
|-start|p2a: Slowking|move: Future Sight
|
|-heal|p1a: Weezing|94/100|[from] item: Leftovers
|upkeep
|turn|53
|j| dante1310
|
|t:|1781440843
|switch|p2a: Iron Treads|Iron Treads|71/100
|move|p1a: Weezing|Toxic|p2a: Iron Treads
|-immune|p2a: Iron Treads
|
|-heal|p2a: Iron Treads|77/100|[from] item: Leftovers
|-heal|p1a: Weezing|99/100|[from] item: Leftovers
|upkeep
|turn|54
|
|t:|1781440856
|-end|p1a: Weezing|ability: Neutralizing Gas
|switch|p1a: Tornadus|Tornadus-Therian, M|73/100
|move|p2a: Iron Treads|Knock Off|p1a: Tornadus
|-damage|p1a: Tornadus|55/100
|
|-end|p1a: Tornadus|move: Future Sight
|-damage|p1a: Tornadus|9/100
|-heal|p2a: Iron Treads|83/100|[from] item: Leftovers
|upkeep
|turn|55
|
|t:|1781440865
|move|p1a: Tornadus|U-turn|p2a: Iron Treads
|-resisted|p2a: Iron Treads
|-damage|p2a: Iron Treads|78/100
|
|t:|1781440867
|switch|p1a: Alomomola|Alomomola, F|79/100 brn|[from] U-turn
|move|p2a: Iron Treads|Knock Off|p1a: Alomomola
|-damage|p1a: Alomomola|68/100 brn
|
|-heal|p2a: Iron Treads|84/100|[from] item: Leftovers
|-damage|p1a: Alomomola|62/100 brn|[from] brn
|upkeep
|turn|56
|
|t:|1781440871
|-end|p2a: Iron Treads|Quark Drive|[silent]
|switch|p2a: Slowking|Slowking, F|17/100
|move|p1a: Alomomola|Flip Turn|p2a: Slowking
|-resisted|p2a: Slowking
|-damage|p2a: Slowking|13/100
|
|t:|1781440876
|switch|p1a: Lokix|Lokix, M|88/100|[from] Flip Turn
|
|upkeep
|turn|57
|
|t:|1781440878
|switch|p2a: Skarmory|Skarmory, M|85/100
|move|p1a: Lokix|U-turn|p2a: Skarmory
|-resisted|p2a: Skarmory
|-damage|p2a: Skarmory|69/100
|
|t:|1781440882
|switch|p1a: Tornadus|Tornadus-Therian, M|42/100|[from] U-turn
|
|upkeep
|turn|58
|
|t:|1781440885
|switch|p2a: Slowking|Slowking, F|46/100
|move|p1a: Tornadus|Heat Wave|p2a: Slowking
|-resisted|p2a: Slowking
|-damage|p2a: Slowking|38/100
|-status|p2a: Slowking|brn
|
|-damage|p2a: Slowking|32/100 brn|[from] brn
|upkeep
|turn|59
|
|t:|1781440889
|move|p1a: Tornadus|U-turn|p2a: Slowking
|-supereffective|p2a: Slowking
|-damage|p2a: Slowking|4/100 brn
|
|t:|1781440893
|switch|p1a: Weezing|Weezing-Galar, F|99/100|[from] U-turn
|-ability|p1a: Weezing|Neutralizing Gas
|move|p2a: Slowking|Future Sight|p1a: Weezing
|-start|p2a: Slowking|move: Future Sight
|
|-heal|p1a: Weezing|100/100|[from] item: Leftovers
|-damage|p2a: Slowking|0 fnt|[from] brn
|faint|p2a: Slowking
|upkeep
|l| AlejandroThepr0
|
|t:|1781440908
|switch|p2a: Iron Treads|Iron Treads|84/100
|turn|60
|
|t:|1781440917
|move|p2a: Iron Treads|Earthquake|p1a: Weezing
|-supereffective|p1a: Weezing
|-damage|p1a: Weezing|46/100
|move|p1a: Weezing|Will-O-Wisp|p2a: Iron Treads
|-status|p2a: Iron Treads|brn
|
|-heal|p2a: Iron Treads|90/100 brn|[from] item: Leftovers
|-heal|p1a: Weezing|52/100|[from] item: Leftovers
|-damage|p2a: Iron Treads|84/100 brn|[from] brn
|upkeep
|turn|61
|
|t:|1781440925
|-end|p2a: Iron Treads|Quark Drive|[silent]
|switch|p2a: Skarmory|Skarmory, M|69/100
|-end|p1a: Weezing|ability: Neutralizing Gas
|switch|p1a: Tornadus|Tornadus-Therian, M|75/100
|
|-end|p1a: Tornadus|move: Future Sight
|-damage|p1a: Tornadus|23/100
|upkeep
|turn|62
|
|t:|1781440933
|switch|p2a: Iron Treads|Iron Treads|84/100 brn
|move|p1a: Tornadus|U-turn|p2a: Iron Treads
|-resisted|p2a: Iron Treads
|-damage|p2a: Iron Treads|78/100 brn
|
|t:|1781440936
|switch|p1a: Zamazenta|Zamazenta|82/100|[from] U-turn
|
|-heal|p2a: Iron Treads|84/100 brn|[from] item: Leftovers
|-damage|p2a: Iron Treads|78/100 brn|[from] brn
|upkeep
|turn|63
|
|t:|1781440940
|-end|p2a: Iron Treads|Quark Drive|[silent]
|switch|p2a: Skarmory|Skarmory, M|69/100
|move|p1a: Zamazenta|Close Combat|p2a: Skarmory
|-damage|p2a: Skarmory|8/100
|-unboost|p1a: Zamazenta|def|1
|-unboost|p1a: Zamazenta|spd|1
|
|upkeep
|turn|64
|
|t:|1781440944
|move|p1a: Zamazenta|Close Combat|p2a: Skarmory
|-damage|p2a: Skarmory|0 fnt
|-unboost|p1a: Zamazenta|def|1
|-unboost|p1a: Zamazenta|spd|1
|faint|p2a: Skarmory
|
|upkeep
|
|t:|1781440946
|switch|p2a: Meowscarada|Meowscarada, M|84/100
|turn|65
|
|t:|1781440956
|switch|p1a: Weezing|Weezing-Galar, F|52/100
|-ability|p1a: Weezing|Neutralizing Gas
|-terastallize|p2a: Meowscarada|Grass
|move|p2a: Meowscarada|Flower Trick|p1a: Weezing
|-resisted|p1a: Weezing
|-crit|p1a: Weezing
|-damage|p1a: Weezing|21/100
|
|-heal|p1a: Weezing|27/100|[from] item: Leftovers
|upkeep
|turn|66
|
|t:|1781440964
|move|p1a: Weezing|Protect|p1a: Weezing
|-singleturn|p1a: Weezing|Protect
|move|p2a: Meowscarada|Flower Trick|p1a: Weezing
|-activate|p1a: Weezing|move: Protect
|
|-heal|p1a: Weezing|33/100|[from] item: Leftovers
|upkeep
|turn|67
|c|☆zerogerpon|dammit
|
|t:|1781440980
|move|p2a: Meowscarada|Flower Trick|p1a: Weezing
|-resisted|p1a: Weezing
|-crit|p1a: Weezing
|-damage|p1a: Weezing|0 fnt
|faint|p1a: Weezing
|-end|p1a: Weezing|ability: Neutralizing Gas
|
|upkeep
|
|t:|1781440983
|switch|p1a: Lokix|Lokix, M|88/100
|turn|68
|
|t:|1781440985
|switch|p2a: Iron Treads|Iron Treads|78/100 brn
|move|p1a: Lokix|First Impression|p2a: Iron Treads
|-resisted|p2a: Iron Treads
|-damage|p2a: Iron Treads|26/100 brn
|
|-heal|p2a: Iron Treads|32/100 brn|[from] item: Leftovers
|-damage|p2a: Iron Treads|26/100 brn|[from] brn
|upkeep
|turn|69
|
|t:|1781440999
|switch|p1a: Zamazenta|Zamazenta|82/100
|move|p2a: Iron Treads|Stealth Rock|p1a: Zamazenta
|-sidestart|p1: zerogerpon|move: Stealth Rock
|
|-heal|p2a: Iron Treads|32/100 brn|[from] item: Leftovers
|-damage|p2a: Iron Treads|26/100 brn|[from] brn
|upkeep
|turn|70
|
|t:|1781441007
|move|p1a: Zamazenta|Close Combat|p2a: Iron Treads
|-supereffective|p2a: Iron Treads
|-damage|p2a: Iron Treads|0 fnt
|-unboost|p1a: Zamazenta|def|1
|-unboost|p1a: Zamazenta|spd|1
|faint|p2a: Iron Treads
|-end|p2a: Iron Treads|Quark Drive|[silent]
|
|upkeep
|
|t:|1781441009
|switch|p2a: Meowscarada|Meowscarada, M, tera:Grass|84/100
|turn|71
|
|t:|1781441016
|-terastallize|p1a: Zamazenta|Steel
|move|p2a: Meowscarada|Triple Axel|p1a: Zamazenta
|-resisted|p1a: Zamazenta
|-damage|p1a: Zamazenta|76/100
|-resisted|p1a: Zamazenta
|-damage|p1a: Zamazenta|63/100
|-resisted|p1a: Zamazenta
|-damage|p1a: Zamazenta|44/100
|-hitcount|p1a: Zamazenta|3
|move|p1a: Zamazenta|Close Combat|p2a: Meowscarada
|-crit|p2a: Meowscarada
|-damage|p2a: Meowscarada|0 fnt
|-unboost|p1a: Zamazenta|def|1
|-unboost|p1a: Zamazenta|spd|1
|faint|p2a: Meowscarada
|
|win|zerogerpon
|raw|zerogerpon's rating: 1556 &rarr; <strong>1577</strong><br />(+21 for winning)
|raw|Wowza Sheist's rating: 1576 &rarr; <strong>1555</strong><br />(-21 for losing)
|c|☆zerogerpon|Gg
|l|☆Wowza Sheist
|player|p2|
