|j|☆TwinkleLittleStars
|j|☆hypervortex7
|t:|1780918058
|gametype|singles
|player|p1|TwinkleLittleStars|alec-anime|1722
|player|p2|hypervortex7|gentleman-gen4dp|1770
|gen|9
|tier|[Gen 9] OU
|rated|
|rule|HP Percentage Mod: HP is shown in percentages
|rule|Endless Battle Clause: Forcing endless battles is banned
|rule|Species Clause: Limit one of each Pokémon
|rule|OHKO Clause: OHKO moves are banned
|rule|Evasion Items Clause: Evasion items are banned
|rule|Evasion Moves Clause: Evasion moves are banned
|rule|Evasion Abilities Clause: Evasion abilities are banned
|rule|Sleep Moves Clause: Sleep-inducing moves are banned
|clearpoke
|poke|p1|Pelipper, F|
|poke|p1|Raging Bolt|
|poke|p1|Crawdaunt, F|
|poke|p1|Barraskewda, M|
|poke|p1|Iron Treads|
|poke|p1|Kingambit, F|
|poke|p2|Corviknight, M|
|poke|p2|Dragonite, M|
|poke|p2|Scizor, M|
|poke|p2|Iron Moth|
|poke|p2|Samurott-Hisui, M|
|poke|p2|Zamazenta-*|
|teampreview
|inactive|Battle timer is ON: inactive players will automatically lose when time's up. (requested by hypervortex7)
|
|t:|1780918075
|teamsize|p1|6
|teamsize|p2|6
|start
|switch|p1a: Barraskewda|Barraskewda, M|100/100
|switch|p2a: Dragonite|Dragonite, M, shiny|100/100
|turn|1
|j| Sampad11
|
|t:|1780918078
|move|p1a: Barraskewda|Flip Turn|p2a: Dragonite
|-resisted|p2a: Dragonite
|-damage|p2a: Dragonite|90/100
|
|t:|1780918080
|switch|p1a: Iron Treads|Iron Treads|100/100|[from] Flip Turn
|-enditem|p1a: Iron Treads|Booster Energy
|-activate|p1a: Iron Treads|ability: Quark Drive|[fromitem]
|-start|p1a: Iron Treads|quarkdrivespe
|move|p2a: Dragonite|Dragon Dance|p2a: Dragonite
|-boost|p2a: Dragonite|atk|1
|-boost|p2a: Dragonite|spe|1
|
|upkeep
|turn|2
|
|t:|1780918083
|move|p1a: Iron Treads|Steel Beam|p2a: Dragonite
|-damage|p2a: Dragonite|36/100
|-damage|p1a: Iron Treads|50/100|[from] steelbeam
|move|p2a: Dragonite|Earthquake|p1a: Iron Treads
|-supereffective|p1a: Iron Treads
|-damage|p1a: Iron Treads|0 fnt
|faint|p1a: Iron Treads
|-end|p1a: Iron Treads|Quark Drive|[silent]
|
|upkeep
|
|t:|1780918088
|switch|p1a: Kingambit|Kingambit, F|100/100
|-activate|p1a: Kingambit|ability: Supreme Overlord
|-start|p1a: Kingambit|fallen1|[silent]
|turn|3
|
|t:|1780918091
|move|p2a: Dragonite|Extreme Speed|p1a: Kingambit
|-resisted|p1a: Kingambit
|-damage|p1a: Kingambit|82/100
|move|p1a: Kingambit|Kowtow Cleave|p2a: Dragonite
|-damage|p2a: Dragonite|0 fnt
|faint|p2a: Dragonite
|
|-heal|p1a: Kingambit|89/100|[from] item: Leftovers
|upkeep
|
|t:|1780918097
|switch|p2a: Zamazenta|Zamazenta, shiny|100/100
|-ability|p2a: Zamazenta|Dauntless Shield|boost
|-boost|p2a: Zamazenta|def|1
|turn|4
|
|t:|1780918102
|-end|p1a: Kingambit|fallen1|[silent]
|switch|p1a: Pelipper|Pelipper, F|100/100
|-weather|RainDance|[from] ability: Drizzle|[of] p1a: Pelipper
|move|p2a: Zamazenta|Iron Defense|p2a: Zamazenta
|-boost|p2a: Zamazenta|def|2
|
|-weather|RainDance|[upkeep]
|upkeep
|turn|5
|
|t:|1780918105
|move|p2a: Zamazenta|Substitute|p2a: Zamazenta
|-start|p2a: Zamazenta|Substitute
|-damage|p2a: Zamazenta|76/100
|move|p1a: Pelipper|Hurricane|p2a: Zamazenta
|-supereffective|p2a: Zamazenta
|-end|p2a: Zamazenta|Substitute
|
|-weather|RainDance|[upkeep]
|-heal|p2a: Zamazenta|82/100|[from] item: Leftovers
|upkeep
|turn|6
|
|t:|1780918108
|move|p2a: Zamazenta|Body Press|p1a: Pelipper
|-resisted|p1a: Pelipper
|-damage|p1a: Pelipper|61/100
|move|p1a: Pelipper|Hurricane|p2a: Zamazenta
|-supereffective|p2a: Zamazenta
|-damage|p2a: Zamazenta|10/100
|
|-weather|RainDance|[upkeep]
|-heal|p2a: Zamazenta|16/100|[from] item: Leftovers
|upkeep
|turn|7
|
|t:|1780918111
|move|p2a: Zamazenta|Body Press|p1a: Pelipper
|-resisted|p1a: Pelipper
|-damage|p1a: Pelipper|23/100
|move|p1a: Pelipper|U-turn|p2a: Zamazenta
|-resisted|p2a: Zamazenta
|-damage|p2a: Zamazenta|15/100
|
|t:|1780918114
|switch|p1a: Barraskewda|Barraskewda, M|100/100|[from] U-turn
|
|-weather|RainDance|[upkeep]
|-heal|p2a: Zamazenta|21/100|[from] item: Leftovers
|upkeep
|turn|8
|
|t:|1780918120
|move|p1a: Barraskewda|Liquidation|p2a: Zamazenta
|-damage|p2a: Zamazenta|0 fnt
|faint|p2a: Zamazenta
|
|-weather|RainDance|[upkeep]
|upkeep
|
|t:|1780918121
|switch|p2a: Samurott|Samurott-Hisui, M, shiny|100/100
|turn|9
|
|t:|1780918123
|move|p1a: Barraskewda|Close Combat|p2a: Samurott
|-supereffective|p2a: Samurott
|-damage|p2a: Samurott|8/100
|-unboost|p1a: Barraskewda|def|1
|-unboost|p1a: Barraskewda|spd|1
|move|p2a: Samurott|Ceaseless Edge|p1a: Barraskewda
|-crit|p1a: Barraskewda
|-damage|p1a: Barraskewda|0 fnt
|-sidestart|p1: TwinkleLittleStars|Spikes
|faint|p1a: Barraskewda
|
|-weather|RainDance|[upkeep]
|upkeep
|
|t:|1780918128
|switch|p1a: Kingambit|Kingambit, F|89/100
|-damage|p1a: Kingambit|76/100|[from] Spikes
|-activate|p1a: Kingambit|ability: Supreme Overlord
|-start|p1a: Kingambit|fallen2|[silent]
|turn|10
|
|t:|1780918134
|move|p1a: Kingambit|Sucker Punch|p2a: Samurott
|-resisted|p2a: Samurott
|-damage|p2a: Samurott|0 fnt
|faint|p2a: Samurott
|
|-weather|RainDance|[upkeep]
|-heal|p1a: Kingambit|82/100|[from] item: Leftovers
|upkeep
|
|t:|1780918136
|switch|p2a: Iron Moth|Iron Moth|100/100
|-enditem|p2a: Iron Moth|Booster Energy
|-activate|p2a: Iron Moth|ability: Quark Drive|[fromitem]
|-start|p2a: Iron Moth|quarkdrivespa
|turn|11
|
|t:|1780918139
|move|p2a: Iron Moth|Fiery Dance|p1a: Kingambit
|-supereffective|p1a: Kingambit
|-damage|p1a: Kingambit|28/100
|-boost|p2a: Iron Moth|spa|1
|move|p1a: Kingambit|Kowtow Cleave|p2a: Iron Moth
|-damage|p2a: Iron Moth|0 fnt
|faint|p2a: Iron Moth
|-end|p2a: Iron Moth|Quark Drive|[silent]
|
|-weather|none
|-heal|p1a: Kingambit|35/100|[from] item: Leftovers
|upkeep
|
|t:|1780918142
|switch|p2a: Corviknight|Corviknight, M|100/100
|turn|12
|
|t:|1780918144
|-end|p1a: Kingambit|fallen2|[silent]
|switch|p1a: Pelipper|Pelipper, F|23/100
|-weather|RainDance|[from] ability: Drizzle|[of] p1a: Pelipper
|move|p2a: Corviknight|Bulk Up|p2a: Corviknight
|-boost|p2a: Corviknight|atk|1
|-boost|p2a: Corviknight|def|1
|
|-weather|RainDance|[upkeep]
|upkeep
|turn|13
|
|t:|1780918147
|move|p2a: Corviknight|Agility|p2a: Corviknight
|-boost|p2a: Corviknight|spe|2
|move|p1a: Pelipper|Roost|p1a: Pelipper
|-heal|p1a: Pelipper|73/100
|-singleturn|p1a: Pelipper|move: Roost
|
|-weather|RainDance|[upkeep]
|upkeep
|turn|14
|
|t:|1780918150
|move|p2a: Corviknight|Bulk Up|p2a: Corviknight
|-boost|p2a: Corviknight|atk|1
|-boost|p2a: Corviknight|def|1
|move|p1a: Pelipper|Roost|p1a: Pelipper
|-heal|p1a: Pelipper|100/100
|-singleturn|p1a: Pelipper|move: Roost
|
|-weather|RainDance|[upkeep]
|upkeep
|turn|15
|
|t:|1780918152
|move|p2a: Corviknight|Bulk Up|p2a: Corviknight
|-boost|p2a: Corviknight|atk|1
|-boost|p2a: Corviknight|def|1
|move|p1a: Pelipper|Weather Ball|p2a: Corviknight
|-damage|p2a: Corviknight|60/100
|
|-weather|RainDance|[upkeep]
|-heal|p2a: Corviknight|66/100|[from] item: Leftovers
|upkeep
|turn|16
|
|t:|1780918155
|move|p2a: Corviknight|Bulk Up|p2a: Corviknight
|-boost|p2a: Corviknight|atk|1
|-boost|p2a: Corviknight|def|1
|move|p1a: Pelipper|Weather Ball|p2a: Corviknight
|-damage|p2a: Corviknight|27/100
|
|-weather|RainDance|[upkeep]
|-heal|p2a: Corviknight|33/100|[from] item: Leftovers
|upkeep
|turn|17
|
|t:|1780918157
|move|p2a: Corviknight|Roost|p2a: Corviknight
|-heal|p2a: Corviknight|83/100
|-singleturn|p2a: Corviknight|move: Roost
|move|p1a: Pelipper|Weather Ball|p2a: Corviknight
|-damage|p2a: Corviknight|43/100
|
|-weather|RainDance|[upkeep]
|-heal|p2a: Corviknight|49/100|[from] item: Leftovers
|upkeep
|turn|18
|
|t:|1780918160
|move|p2a: Corviknight|Roost|p2a: Corviknight
|-heal|p2a: Corviknight|99/100
|-singleturn|p2a: Corviknight|move: Roost
|move|p1a: Pelipper|U-turn|p2a: Corviknight
|-resisted|p2a: Corviknight
|-damage|p2a: Corviknight|98/100
|
|t:|1780918162
|switch|p1a: Raging Bolt|Raging Bolt|100/100|[from] U-turn
|-damage|p1a: Raging Bolt|88/100|[from] Spikes
|-enditem|p1a: Raging Bolt|Booster Energy
|-activate|p1a: Raging Bolt|ability: Protosynthesis|[fromitem]
|-start|p1a: Raging Bolt|protosynthesisspa
|
|-weather|RainDance|[upkeep]
|-heal|p2a: Corviknight|100/100|[from] item: Leftovers
|upkeep
|turn|19
|
|t:|1780918165
|-terastallize|p2a: Corviknight|Fairy
|-terastallize|p1a: Raging Bolt|Fairy
|move|p2a: Corviknight|Power Trip|p1a: Raging Bolt
|-resisted|p1a: Raging Bolt
|-damage|p1a: Raging Bolt|26/100
|move|p1a: Raging Bolt|Thunder|p2a: Corviknight
|-damage|p2a: Corviknight|38/100
|
|-weather|none
|-heal|p2a: Corviknight|44/100|[from] item: Leftovers
|upkeep
|turn|20
|j| WANG QIU'ER
|
|t:|1780918176
|move|p2a: Corviknight|Power Trip|p1a: Raging Bolt
|-resisted|p1a: Raging Bolt
|-damage|p1a: Raging Bolt|0 fnt
|faint|p1a: Raging Bolt
|-end|p1a: Raging Bolt|Protosynthesis|[silent]
|
|-heal|p2a: Corviknight|51/100|[from] item: Leftovers
|upkeep
|
|t:|1780918180
|switch|p1a: Crawdaunt|Crawdaunt, F|100/100
|-damage|p1a: Crawdaunt|88/100|[from] Spikes
|turn|21
|l| WANG QIU'ER
|
|t:|1780918188
|move|p2a: Corviknight|Roost|p2a: Corviknight
|-heal|p2a: Corviknight|100/100
|move|p1a: Crawdaunt|Liquidation|p2a: Corviknight
|-crit|p2a: Corviknight
|-damage|p2a: Corviknight|5/100
|-damage|p1a: Crawdaunt|78/100|[from] item: Life Orb
|
|-heal|p2a: Corviknight|12/100|[from] item: Leftovers
|upkeep
|turn|22
|
|t:|1780918193
|move|p2a: Corviknight|Roost|p2a: Corviknight
|-heal|p2a: Corviknight|62/100
|move|p1a: Crawdaunt|Liquidation|p2a: Corviknight
|-damage|p2a: Corviknight|39/100
|-damage|p1a: Crawdaunt|69/100|[from] item: Life Orb
|
|-heal|p2a: Corviknight|45/100|[from] item: Leftovers
|upkeep
|turn|23
|
|t:|1780918196
|move|p2a: Corviknight|Roost|p2a: Corviknight
|-heal|p2a: Corviknight|95/100
|move|p1a: Crawdaunt|Liquidation|p2a: Corviknight
|-damage|p2a: Corviknight|72/100
|-ability|p2a: Corviknight|Mirror Armor
|-unboost|p1a: Crawdaunt|def|1
|-damage|p1a: Crawdaunt|59/100|[from] item: Life Orb
|
|-heal|p2a: Corviknight|79/100|[from] item: Leftovers
|upkeep
|turn|24
|
|t:|1780918200
|move|p2a: Corviknight|Roost|p2a: Corviknight
|-heal|p2a: Corviknight|100/100
|move|p1a: Crawdaunt|Liquidation|p2a: Corviknight
|-damage|p2a: Corviknight|76/100
|-ability|p2a: Corviknight|Mirror Armor
|-unboost|p1a: Crawdaunt|def|1
|-damage|p1a: Crawdaunt|49/100|[from] item: Life Orb
|
|-heal|p2a: Corviknight|83/100|[from] item: Leftovers
|upkeep
|turn|25
|
|t:|1780918203
|move|p2a: Corviknight|Power Trip|p1a: Crawdaunt
|-resisted|p1a: Crawdaunt
|-damage|p1a: Crawdaunt|0 fnt
|faint|p1a: Crawdaunt
|
|-heal|p2a: Corviknight|89/100|[from] item: Leftovers
|upkeep
|
|t:|1780918205
|switch|p1a: Pelipper|Pelipper, F|100/100
|-weather|RainDance|[from] ability: Drizzle|[of] p1a: Pelipper
|turn|26
|
|t:|1780918207
|move|p2a: Corviknight|Power Trip|p1a: Pelipper
|-damage|p1a: Pelipper|1/100
|move|p1a: Pelipper|Weather Ball|p2a: Corviknight
|-damage|p2a: Corviknight|54/100
|
|-weather|RainDance|[upkeep]
|-heal|p2a: Corviknight|60/100|[from] item: Leftovers
|upkeep
|turn|27
|
|t:|1780918212
|move|p2a: Corviknight|Power Trip|p1a: Pelipper
|-damage|p1a: Pelipper|0 fnt
|faint|p1a: Pelipper
|
|-weather|RainDance|[upkeep]
|-heal|p2a: Corviknight|66/100|[from] item: Leftovers
|upkeep
|
|t:|1780918214
|switch|p1a: Kingambit|Kingambit, F|35/100
|-damage|p1a: Kingambit|22/100|[from] Spikes
|-activate|p1a: Kingambit|ability: Supreme Overlord
|-start|p1a: Kingambit|fallen5|[silent]
|turn|28
|
|t:|1780918216
|move|p1a: Kingambit|Sucker Punch|p2a: Corviknight
|-resisted|p2a: Corviknight
|-damage|p2a: Corviknight|58/100
|move|p2a: Corviknight|Power Trip|p1a: Kingambit
|-resisted|p1a: Kingambit
|-damage|p1a: Kingambit|0 fnt
|faint|p1a: Kingambit
|-end|p1a: Kingambit|fallen5|[silent]
|
|win|hypervortex7
|raw|TwinkleLittleStars's rating: 1722 &rarr; <strong>1705</strong><br />(-17 for losing)
|raw|hypervortex7's rating: 1770 &rarr; <strong>1787</strong><br />(+17 for winning)
|l|☆TwinkleLittleStars
|player|p1|
|l|☆hypervortex7
|player|p2|
|l| Sampad11
