|j|☆dilf huntr
|j|☆anamchara
|t:|1781216928
|gametype|singles
|player|p1|dilf huntr|170|1582
|player|p2|anamchara|265|1586
|gen|9
|tier|[Gen 9] OU
|rated|
|rule|HP Percentage Mod: HP is shown in percentages
|rule|Endless Battle Clause: Forcing endless battles is banned
|rule|Species Clause: Limit one of each Pokémon
|rule|OHKO Clause: OHKO moves are banned
|rule|Evasion Items Clause: Evasion items are banned
|rule|Evasion Moves Clause: Evasion moves are banned
|rule|Evasion Abilities Clause: Evasion abilities are banned
|rule|Sleep Moves Clause: Sleep-inducing moves are banned
|clearpoke
|poke|p1|Walking Wake|
|poke|p1|Great Tusk|
|poke|p1|Ninetales, M|
|poke|p1|Cresselia, F|
|poke|p1|Zarude|
|poke|p1|Ceruledge, M|
|poke|p2|Slowking-Galar, F|
|poke|p2|Meowscarada, F|
|poke|p2|Iron Valiant|
|poke|p2|Ogerpon-Wellspring, F|
|poke|p2|Glimmora, F|
|poke|p2|Dragapult, F|
|teampreview
|inactive|Battle timer is ON: inactive players will automatically lose when time's up. (requested by dilf huntr)
|
|t:|1781216952
|teamsize|p1|6
|teamsize|p2|6
|start
|switch|p1a: Cresselia|Cresselia, F|100/100
|switch|p2a: Glimmora|Glimmora, F|100/100
|turn|1
|
|t:|1781216961
|move|p2a: Glimmora|Stealth Rock|p1a: Cresselia
|-sidestart|p1: dilf huntr|move: Stealth Rock
|move|p1a: Cresselia|Psychic|p2a: Glimmora
|-supereffective|p2a: Glimmora
|-damage|p2a: Glimmora|40/100
|
|upkeep
|turn|2
|
|t:|1781216969
|switch|p2a: Meowscarada|Meowscarada, F|100/100
|move|p1a: Cresselia|Psychic|p2a: Meowscarada
|-immune|p2a: Meowscarada
|
|upkeep
|turn|3
|
|t:|1781216973
|move|p2a: Meowscarada|U-turn|p1a: Cresselia
|-start|p2a: Meowscarada|typechange|Bug|[from] ability: Protean
|-supereffective|p1a: Cresselia
|-damage|p1a: Cresselia|60/100
|-enditem|p1a: Cresselia|Eject Button
|
|t:|1781216982
|switch|p1a: Great Tusk|Great Tusk|100/100
|-damage|p1a: Great Tusk|97/100|[from] Stealth Rock
|
|upkeep
|turn|4
|
|t:|1781216985
|move|p2a: Meowscarada|U-turn|p1a: Great Tusk
|-resisted|p1a: Great Tusk
|-damage|p1a: Great Tusk|86/100
|
|t:|1781216986
|switch|p2a: Ogerpon|Ogerpon-Wellspring, F|100/100|[from] U-turn
|move|p1a: Great Tusk|Ice Spinner|p2a: Ogerpon
|-damage|p2a: Ogerpon|58/100
|
|upkeep
|turn|5
|
|t:|1781216996
|move|p2a: Ogerpon|Trailblaze|p1a: Great Tusk
|-supereffective|p1a: Great Tusk
|-damage|p1a: Great Tusk|44/100
|-boost|p2a: Ogerpon|spe|1
|move|p1a: Great Tusk|Rapid Spin|p2a: Ogerpon
|-damage|p2a: Ogerpon|34/100
|-boost|p1a: Great Tusk|spe|1
|-sideend|p1: dilf huntr|Stealth Rock|[from] move: Rapid Spin|[of] p1a: Great Tusk
|
|upkeep
|turn|6
|
|t:|1781217006
|move|p2a: Ogerpon|Horn Leech|p1a: Great Tusk
|-supereffective|p1a: Great Tusk
|-damage|p1a: Great Tusk|0 fnt
|-heal|p2a: Ogerpon|62/100|[from] drain|[of] p1a: Great Tusk
|faint|p1a: Great Tusk
|-end|p1a: Great Tusk|Protosynthesis|[silent]
|
|upkeep
|
|t:|1781217015
|switch|p1a: Cresselia|Cresselia, F|60/100
|turn|7
|
|t:|1781217035
|move|p2a: Ogerpon|Ivy Cudgel|p1a: Cresselia|[anim] Ivy Cudgel Water
|-damage|p1a: Cresselia|21/100
|move|p1a: Cresselia|Thunder Wave|p2a: Ogerpon
|-status|p2a: Ogerpon|par
|
|upkeep
|turn|8
|inactive|dilf huntr has 120 seconds left.
|
|t:|1781217094
|move|p2a: Ogerpon|Ivy Cudgel|p1a: Cresselia|[anim] Ivy Cudgel Water
|-damage|p1a: Cresselia|0 fnt
|faint|p1a: Cresselia
|
|upkeep
|inactive|dilf huntr has 90 seconds left.
|
|t:|1781217109
|switch|p1a: Ceruledge|Ceruledge, M|100/100
|turn|9
|
|t:|1781217119
|switch|p2a: Glimmora|Glimmora, F|40/100
|move|p1a: Ceruledge|Swords Dance|p1a: Ceruledge
|-boost|p1a: Ceruledge|atk|2
|
|upkeep
|turn|10
|
|t:|1781217125
|move|p1a: Ceruledge|Shadow Sneak|p2a: Glimmora
|-damage|p2a: Glimmora|0 fnt
|-activate|p2a: Glimmora|ability: Toxic Debris
|-sidestart|p1: dilf huntr|move: Toxic Spikes
|faint|p2a: Glimmora
|
|upkeep
|
|t:|1781217143
|switch|p2a: Meowscarada|Meowscarada, F|100/100
|turn|11
|
|t:|1781217151
|move|p2a: Meowscarada|Knock Off|p1a: Ceruledge
|-start|p2a: Meowscarada|typechange|Dark|[from] ability: Protean
|-supereffective|p1a: Ceruledge
|-enditem|p1a: Ceruledge|Focus Sash
|-damage|p1a: Ceruledge|1/100
|-ability|p1a: Ceruledge|Weak Armor|boost
|-unboost|p1a: Ceruledge|def|1
|-boost|p1a: Ceruledge|spe|2
|move|p1a: Ceruledge|Bitter Blade|p2a: Meowscarada
|-damage|p2a: Meowscarada|0 fnt
|-heal|p1a: Ceruledge|53/100|[from] drain|[of] p2a: Meowscarada
|faint|p2a: Meowscarada
|
|upkeep
|
|t:|1781217157
|switch|p2a: Iron Valiant|Iron Valiant|100/100
|-enditem|p2a: Iron Valiant|Booster Energy
|-activate|p2a: Iron Valiant|ability: Quark Drive|[fromitem]
|-start|p2a: Iron Valiant|quarkdrivespe
|turn|12
|inactive|dilf huntr has 120 seconds left.
|
|t:|1781217168
|move|p2a: Iron Valiant|Knock Off|p1a: Ceruledge
|-supereffective|p1a: Ceruledge
|-damage|p1a: Ceruledge|0 fnt
|faint|p1a: Ceruledge
|
|upkeep
|inactive|dilf huntr has 120 seconds left.
|
|t:|1781217178
|switch|p1a: Ninetales|Ninetales, M|100/100
|-status|p1a: Ninetales|psn
|-weather|SunnyDay|[from] ability: Drought|[of] p1a: Ninetales
|turn|13
|
|t:|1781217184
|-terastallize|p2a: Iron Valiant|Dark
|move|p2a: Iron Valiant|Knock Off|p1a: Ninetales
|-damage|p1a: Ninetales|31/100 psn
|-enditem|p1a: Ninetales|Heat Rock|[from] move: Knock Off|[of] p2a: Iron Valiant
|move|p1a: Ninetales|Overheat|p2a: Iron Valiant
|-damage|p2a: Iron Valiant|0 fnt
|-unboost|p1a: Ninetales|spa|2
|faint|p2a: Iron Valiant
|-end|p2a: Iron Valiant|Quark Drive|[silent]
|
|-weather|SunnyDay|[upkeep]
|-damage|p1a: Ninetales|19/100 psn|[from] psn
|upkeep
|
|t:|1781217189
|switch|p2a: Dragapult|Dragapult, F|100/100
|turn|14
|
|t:|1781217197
|move|p2a: Dragapult|Dragon Dance|p2a: Dragapult
|-boost|p2a: Dragapult|atk|1
|-boost|p2a: Dragapult|spe|1
|move|p1a: Ninetales|Healing Wish|p1a: Ninetales
|faint|p1a: Ninetales
|
|-weather|SunnyDay|[upkeep]
|upkeep
|
|t:|1781217202
|switch|p1a: Zarude|Zarude|100/100
|turn|15
|inactive|dilf huntr has 120 seconds left.
|
|t:|1781217233
|move|p2a: Dragapult|Will-O-Wisp|p1a: Zarude
|-immune|p1a: Zarude|[from] ability: Leaf Guard
|move|p1a: Zarude|Knock Off|p2a: Dragapult
|-supereffective|p2a: Dragapult
|-damage|p2a: Dragapult|0 fnt
|-enditem|p2a: Dragapult|Life Orb|[from] move: Knock Off|[of] p1a: Zarude
|faint|p2a: Dragapult
|
|-weather|SunnyDay|[upkeep]
|upkeep
|
|t:|1781217240
|switch|p2a: Slowking|Slowking-Galar, F|100/100
|turn|16
|
|t:|1781217244
|move|p1a: Zarude|Knock Off|p2a: Slowking
|-supereffective|p2a: Slowking
|-damage|p2a: Slowking|9/100
|-enditem|p2a: Slowking|Assault Vest|[from] move: Knock Off|[of] p1a: Zarude
|move|p2a: Slowking|Sludge Bomb|p1a: Zarude
|-supereffective|p1a: Zarude
|-damage|p1a: Zarude|15/100
|
|-weather|SunnyDay|[upkeep]
|-heal|p1a: Zarude|21/100|[from] item: Leftovers
|upkeep
|turn|17
|
|t:|1781217253
|move|p1a: Zarude|Knock Off|p2a: Slowking
|-supereffective|p2a: Slowking
|-damage|p2a: Slowking|0 fnt
|faint|p2a: Slowking
|
|-weather|SunnyDay|[upkeep]
|-heal|p1a: Zarude|27/100|[from] item: Leftovers
|upkeep
|-message|anamchara forfeited.
|
|win|dilf huntr
|raw|dilf huntr's rating: 1582 &rarr; <strong>1603</strong><br />(+21 for winning)
|raw|anamchara's rating: 1603 &rarr; <strong>1582</strong><br />(-21 for losing)
|l|☆anamchara
|player|p2|
|l|☆dilf huntr
|player|p1|
