|j|☆billythekid95
|j|‽big1mike
|t:|1781173893
|gametype|singles
|player|p1|billythekid95|265|1578
|player|p2|big1mike|169|1585
|gen|9
|tier|[Gen 9] OU
|rated|
|rule|HP Percentage Mod: HP is shown in percentages
|rule|Endless Battle Clause: Forcing endless battles is banned
|rule|Species Clause: Limit one of each Pokémon
|rule|OHKO Clause: OHKO moves are banned
|rule|Evasion Items Clause: Evasion items are banned
|rule|Evasion Moves Clause: Evasion moves are banned
|rule|Evasion Abilities Clause: Evasion abilities are banned
|rule|Sleep Moves Clause: Sleep-inducing moves are banned
|clearpoke
|poke|p1|Walking Wake|
|poke|p1|Ribombee, F|
|poke|p1|Gholdengo|
|poke|p1|Torkoal, M|
|poke|p1|Great Tusk|
|poke|p1|Ceruledge, F|
|poke|p2|Hoopa-Unbound|
|poke|p2|Pecharunt|
|poke|p2|Rillaboom, F|
|poke|p2|Raging Bolt|
|poke|p2|Ting-Lu|
|poke|p2|Corviknight, F|
|teampreview
|
|t:|1781173904
|teamsize|p1|6
|teamsize|p2|6
|start
|switch|p1a: Ribombee|Ribombee, F|100/100
|switch|p2a: Pecharunt|Pecharunt|100/100
|turn|1
|inactive|Battle timer is ON: inactive players will automatically lose when time's up. (requested by billythekid95)
|
|t:|1781173910
|move|p1a: Ribombee|Stun Spore|p2a: Pecharunt
|-status|p2a: Pecharunt|par
|move|p2a: Pecharunt|Malignant Chain|p1a: Ribombee
|-supereffective|p1a: Ribombee
|-enditem|p1a: Ribombee|Focus Sash
|-damage|p1a: Ribombee|1/100
|
|upkeep
|turn|2
|
|t:|1781173917
|move|p1a: Ribombee|Sticky Web|p2a: Pecharunt
|-sidestart|p2: big1mike|move: Sticky Web
|move|p2a: Pecharunt|Shadow Ball|p1a: Ribombee
|-damage|p1a: Ribombee|0 fnt
|faint|p1a: Ribombee
|
|upkeep
|j| BiscoitoXDBr
|
|t:|1781173925
|switch|p1a: Torkoal|Torkoal, M|100/100
|-weather|SunnyDay|[from] ability: Drought|[of] p1a: Torkoal
|turn|3
|
|t:|1781173929
|move|p2a: Pecharunt|Malignant Chain|p1a: Torkoal
|-damage|p1a: Torkoal|72/100
|-status|p1a: Torkoal|tox
|-start|p1a: Torkoal|confusion|[from] ability: Poison Puppeteer|[of] p2a: Pecharunt
|-activate|p1a: Torkoal|confusion
|move|p1a: Torkoal|Stealth Rock|p2a: Pecharunt
|-sidestart|p2: big1mike|move: Stealth Rock
|
|-weather|SunnyDay|[upkeep]
|-damage|p1a: Torkoal|66/100 tox|[from] psn
|upkeep
|turn|4
|
|t:|1781173939
|switch|p1a: Great Tusk|Great Tusk|100/100
|-activate|p1a: Great Tusk|ability: Protosynthesis
|-start|p1a: Great Tusk|protosynthesisatk
|move|p2a: Pecharunt|Parting Shot|p1a: Great Tusk
|-unboost|p1a: Great Tusk|atk|1
|-unboost|p1a: Great Tusk|spa|1
|
|t:|1781173943
|switch|p2a: Corviknight|Corviknight, F|100/100|[from] Parting Shot
|-damage|p2a: Corviknight|88/100|[from] Stealth Rock
|-ability|p2a: Corviknight|Pressure
|
|-weather|SunnyDay|[upkeep]
|upkeep
|turn|5
|
|t:|1781173952
|-end|p1a: Great Tusk|Protosynthesis|[silent]
|switch|p1a: Gholdengo|Gholdengo|100/100
|move|p2a: Corviknight|U-turn|p1a: Gholdengo
|-resisted|p1a: Gholdengo
|-damage|p1a: Gholdengo|96/100
|
|t:|1781173955
|switch|p2a: Hoopa|Hoopa-Unbound|100/100|[from] U-turn
|-activate|p2a: Hoopa|move: Sticky Web
|-unboost|p2a: Hoopa|spe|1
|-damage|p2a: Hoopa|88/100|[from] Stealth Rock
|
|-weather|SunnyDay|[upkeep]
|upkeep
|turn|6
|
|t:|1781173963
|switch|p1a: Great Tusk|Great Tusk|100/100
|-activate|p1a: Great Tusk|ability: Protosynthesis
|-start|p1a: Great Tusk|protosynthesisatk
|move|p2a: Hoopa|Hyperspace Fury|p1a: Great Tusk
|-resisted|p1a: Great Tusk
|-damage|p1a: Great Tusk|71/100
|-unboost|p2a: Hoopa|def|1
|
|-weather|SunnyDay|[upkeep]
|upkeep
|turn|7
|
|t:|1781173972
|switch|p2a: Corviknight|Corviknight, F|88/100
|-damage|p2a: Corviknight|76/100|[from] Stealth Rock
|-ability|p2a: Corviknight|Pressure
|move|p1a: Great Tusk|Close Combat|p2a: Corviknight
|-damage|p2a: Corviknight|34/100
|-unboost|p1a: Great Tusk|def|1
|-unboost|p1a: Great Tusk|spd|1
|-damage|p1a: Great Tusk|55/100|[from] item: Rocky Helmet|[of] p2a: Corviknight
|
|-weather|SunnyDay|[upkeep]
|upkeep
|turn|8
|
|t:|1781173982
|move|p1a: Great Tusk|Close Combat|p2a: Corviknight
|-damage|p2a: Corviknight|0 fnt
|-unboost|p1a: Great Tusk|def|1
|-unboost|p1a: Great Tusk|spd|1
|-damage|p1a: Great Tusk|38/100|[from] item: Rocky Helmet|[of] p2a: Corviknight
|faint|p2a: Corviknight
|
|-weather|SunnyDay|[upkeep]
|upkeep
|
|t:|1781173996
|switch|p2a: Rillaboom|Rillaboom, F|100/100
|-activate|p2a: Rillaboom|move: Sticky Web
|-unboost|p2a: Rillaboom|spe|1
|-damage|p2a: Rillaboom|88/100|[from] Stealth Rock
|-fieldstart|move: Grassy Terrain|[from] ability: Grassy Surge|[of] p2a: Rillaboom
|turn|9
|
|t:|1781174008
|move|p2a: Rillaboom|Grassy Glide|p1a: Great Tusk
|-supereffective|p1a: Great Tusk
|-damage|p1a: Great Tusk|0 fnt
|faint|p1a: Great Tusk
|-end|p1a: Great Tusk|Protosynthesis|[silent]
|
|-weather|SunnyDay|[upkeep]
|-heal|p2a: Rillaboom|94/100|[from] Grassy Terrain
|upkeep
|
|t:|1781174014
|switch|p1a: Ceruledge|Ceruledge, F|100/100
|turn|10
|
|t:|1781174020
|switch|p2a: Ting-Lu|Ting-Lu|100/100
|-activate|p2a: Ting-Lu|move: Sticky Web
|-unboost|p2a: Ting-Lu|spe|1
|-damage|p2a: Ting-Lu|94/100|[from] Stealth Rock
|-ability|p2a: Ting-Lu|Vessel of Ruin
|move|p1a: Ceruledge|Swords Dance|p1a: Ceruledge
|-boost|p1a: Ceruledge|atk|2
|
|-weather|none
|-heal|p2a: Ting-Lu|100/100|[from] Grassy Terrain
|upkeep
|turn|11
|
|t:|1781174034
|move|p1a: Ceruledge|Bitter Blade|p2a: Ting-Lu
|-crit|p2a: Ting-Lu
|-damage|p2a: Ting-Lu|41/100
|move|p2a: Ting-Lu|Stealth Rock|p1a: Ceruledge
|-sidestart|p1: billythekid95|move: Stealth Rock
|
|-heal|p2a: Ting-Lu|48/100|[from] Grassy Terrain
|-heal|p2a: Ting-Lu|54/100|[from] item: Leftovers
|upkeep
|turn|12
|
|t:|1781174061
|move|p1a: Ceruledge|Bitter Blade|p2a: Ting-Lu
|-damage|p2a: Ting-Lu|15/100
|move|p2a: Ting-Lu|Earthquake|p1a: Ceruledge
|-supereffective|p1a: Ceruledge
|-damage|p1a: Ceruledge|46/100
|-ability|p1a: Ceruledge|Weak Armor|boost
|-unboost|p1a: Ceruledge|def|1
|-boost|p1a: Ceruledge|spe|2
|
|-heal|p1a: Ceruledge|52/100|[from] Grassy Terrain
|-heal|p2a: Ting-Lu|21/100|[from] Grassy Terrain
|-heal|p2a: Ting-Lu|27/100|[from] item: Leftovers
|upkeep
|turn|13
|
|t:|1781174072
|move|p1a: Ceruledge|Bitter Blade|p2a: Ting-Lu
|-damage|p2a: Ting-Lu|0 fnt
|-heal|p1a: Ceruledge|76/100|[from] drain|[of] p2a: Ting-Lu
|faint|p2a: Ting-Lu
|
|-heal|p1a: Ceruledge|82/100|[from] Grassy Terrain
|-fieldend|move: Grassy Terrain
|upkeep
|inactive|big1mike has 120 seconds left.
|inactive|big1mike has 90 seconds left.
|
|t:|1781174129
|switch|p2a: Raging Bolt|Raging Bolt|100/100
|-activate|p2a: Raging Bolt|move: Sticky Web
|-unboost|p2a: Raging Bolt|spe|1
|-damage|p2a: Raging Bolt|88/100|[from] Stealth Rock
|turn|14
|inactive|billythekid95 has 120 seconds left.
|inactive|big1mike has 60 seconds left.
|
|t:|1781174206
|move|p2a: Raging Bolt|Thunderclap|p1a: Ceruledge
|-damage|p1a: Ceruledge|29/100
|move|p1a: Ceruledge|Poltergeist|p2a: Raging Bolt
|-activate|p2a: Raging Bolt|move: Poltergeist|Assault Vest
|-damage|p2a: Raging Bolt|0 fnt
|faint|p2a: Raging Bolt
|-end|p2a: Raging Bolt|Protosynthesis|[silent]
|
|upkeep
|inactive|big1mike has 60 seconds left.
|
|t:|1781174215
|switch|p2a: Rillaboom|Rillaboom, F|94/100
|-activate|p2a: Rillaboom|move: Sticky Web
|-unboost|p2a: Rillaboom|spe|1
|-damage|p2a: Rillaboom|82/100|[from] Stealth Rock
|-fieldstart|move: Grassy Terrain|[from] ability: Grassy Surge|[of] p2a: Rillaboom
|turn|15
|
|t:|1781174221
|move|p1a: Ceruledge|Shadow Sneak|p2a: Rillaboom
|-damage|p2a: Rillaboom|42/100
|move|p2a: Rillaboom|Grassy Glide|p1a: Ceruledge
|-resisted|p1a: Ceruledge
|-damage|p1a: Ceruledge|0 fnt
|faint|p1a: Ceruledge
|
|-heal|p2a: Rillaboom|48/100|[from] Grassy Terrain
|upkeep
|
|t:|1781174229
|switch|p1a: Torkoal|Torkoal, M|66/100 tox
|-damage|p1a: Torkoal|41/100 tox|[from] Stealth Rock
|-weather|SunnyDay|[from] ability: Drought|[of] p1a: Torkoal
|turn|16
|
|t:|1781174234
|switch|p2a: Pecharunt|Pecharunt|100/100 par
|move|p1a: Torkoal|Rapid Spin|p2a: Pecharunt
|-immune|p2a: Pecharunt
|
|-weather|SunnyDay|[upkeep]
|-heal|p1a: Torkoal|47/100 tox|[from] Grassy Terrain
|-damage|p1a: Torkoal|41/100 tox|[from] psn
|upkeep
|turn|17
|inactive|big1mike has 90 seconds left.
|
|t:|1781174243
|cant|p2a: Pecharunt|par
|move|p1a: Torkoal|Lava Plume|p2a: Pecharunt
|-damage|p2a: Pecharunt|63/100 par
|
|-weather|SunnyDay|[upkeep]
|-heal|p2a: Pecharunt|69/100 par|[from] Grassy Terrain
|-heal|p1a: Torkoal|47/100 tox|[from] Grassy Terrain
|-damage|p1a: Torkoal|35/100 tox|[from] psn
|upkeep
|turn|18
|inactive|billythekid95 has 120 seconds left.
|
|t:|1781174250
|cant|p2a: Pecharunt|par
|move|p1a: Torkoal|Lava Plume|p2a: Pecharunt
|-damage|p2a: Pecharunt|30/100 par
|
|-weather|SunnyDay|[upkeep]
|-heal|p2a: Pecharunt|36/100 par|[from] Grassy Terrain
|-heal|p1a: Torkoal|41/100 tox|[from] Grassy Terrain
|-damage|p1a: Torkoal|23/100 tox|[from] psn
|upkeep
|turn|19
|
|t:|1781174258
|move|p2a: Pecharunt|Recover|p2a: Pecharunt
|-heal|p2a: Pecharunt|86/100 par
|move|p1a: Torkoal|Lava Plume|p2a: Pecharunt
|-damage|p2a: Pecharunt|50/100 par
|
|-weather|SunnyDay|[upkeep]
|-heal|p2a: Pecharunt|56/100 par|[from] Grassy Terrain
|-heal|p1a: Torkoal|29/100 tox|[from] Grassy Terrain
|-damage|p1a: Torkoal|5/100 tox|[from] psn
|-fieldend|move: Grassy Terrain
|upkeep
|turn|20
|
|t:|1781174266
|move|p2a: Pecharunt|Recover|p2a: Pecharunt
|-heal|p2a: Pecharunt|100/100 par
|move|p1a: Torkoal|Lava Plume|p2a: Pecharunt
|-damage|p2a: Pecharunt|66/100 par
|
|-weather|SunnyDay|[upkeep]
|-damage|p1a: Torkoal|0 fnt|[from] psn
|faint|p1a: Torkoal
|upkeep
|
|t:|1781174274
|switch|p1a: Walking Wake|Walking Wake|100/100
|-damage|p1a: Walking Wake|88/100|[from] Stealth Rock
|-activate|p1a: Walking Wake|ability: Protosynthesis
|-start|p1a: Walking Wake|protosynthesisspa
|turn|21
|
|t:|1781174283
|move|p1a: Walking Wake|Hydro Steam|p2a: Pecharunt
|-crit|p2a: Pecharunt
|-damage|p2a: Pecharunt|0 fnt
|faint|p2a: Pecharunt
|
|-weather|SunnyDay|[upkeep]
|upkeep
|j| invmenot
|inactive|big1mike has 120 seconds left.
|
|t:|1781174315
|switch|p2a: Hoopa|Hoopa-Unbound|88/100
|-activate|p2a: Hoopa|move: Sticky Web
|-unboost|p2a: Hoopa|spe|1
|-damage|p2a: Hoopa|76/100|[from] Stealth Rock
|turn|22
|inactive|big1mike has 90 seconds left.
|
|t:|1781174339
|-terastallize|p2a: Hoopa|Dark
|move|p1a: Walking Wake|Hydro Steam|p2a: Hoopa
|-damage|p2a: Hoopa|0 fnt
|faint|p2a: Hoopa
|
|-weather|SunnyDay|[upkeep]
|upkeep
|inactive|big1mike has 90 seconds left.
|-message|big1mike forfeited.
|
|win|billythekid95
|raw|billythekid95's rating: 1578 &rarr; <strong>1598</strong><br />(+20 for winning)
|raw|big1mike's rating: 1585 &rarr; <strong>1565</strong><br />(-20 for losing)
|l|‽big1mike
|player|p2|
|l|☆billythekid95
|player|p1|
|l| BiscoitoXDBr
|l| invmenot
