|j|☆pepinoloko
|j|☆cataclyst03
|t:|1781047378
|gametype|singles
|player|p1|pepinoloko|byron|1523
|player|p2|cataclyst03|hilbert|1556
|gen|9
|tier|[Gen 9] OU
|rated|
|rule|HP Percentage Mod: HP is shown in percentages
|rule|Endless Battle Clause: Forcing endless battles is banned
|rule|Species Clause: Limit one of each Pokémon
|rule|OHKO Clause: OHKO moves are banned
|rule|Evasion Items Clause: Evasion items are banned
|rule|Evasion Moves Clause: Evasion moves are banned
|rule|Evasion Abilities Clause: Evasion abilities are banned
|rule|Sleep Moves Clause: Sleep-inducing moves are banned
|clearpoke
|poke|p1|Zoroark-Hisui, M|
|poke|p1|Cinderace, F|
|poke|p1|Breloom, F|
|poke|p1|Hydrapple, M|
|poke|p1|Grimmsnarl, M|
|poke|p1|Snorlax, M|
|poke|p2|Rillaboom, M|
|poke|p2|Gallade, M|
|poke|p2|Glimmora, M|
|poke|p2|Hawlucha, F|
|poke|p2|Gholdengo|
|poke|p2|Kingambit, M|
|teampreview
|inactive|Battle timer is ON: inactive players will automatically lose when time's up. (requested by cataclyst03)
|inactive|cataclyst03 has 120 seconds left.
|
|t:|1781047409
|teamsize|p1|6
|teamsize|p2|6
|start
|switch|p1a: Breloom|Breloom, F|100/100
|switch|p2a: Glimmora|Glimmora, M|100/100
|turn|1
|
|t:|1781047424
|move|p1a: Breloom|Shadow Ball|p2a: Glimmora
|-damage|p2a: Glimmora|17/100
|-unboost|p2a: Glimmora|spd|1
|move|p2a: Glimmora|Stealth Rock|p1a: Breloom
|-sidestart|p1: pepinoloko|move: Stealth Rock
|
|upkeep
|turn|2
|
|t:|1781047435
|move|p1a: Breloom|Shadow Ball|p2a: Glimmora
|-damage|p2a: Glimmora|0 fnt
|faint|p2a: Glimmora
|
|upkeep
|
|t:|1781047436
|switch|p2a: Rillaboom|Rillaboom, M|100/100
|-fieldstart|move: Grassy Terrain|[from] ability: Grassy Surge|[of] p2a: Rillaboom
|turn|3
|
|t:|1781047445
|switch|p1a: U-Turn from sin|Cinderace, F|100/100
|move|p2a: Rillaboom|Knock Off|p1a: U-Turn from sin
|-damage|p1a: U-Turn from sin|16/100
|-enditem|p1a: U-Turn from sin|Heavy-Duty Boots|[from] move: Knock Off|[of] p2a: Rillaboom
|
|-heal|p1a: U-Turn from sin|22/100|[from] Grassy Terrain
|upkeep
|turn|4
|inactive|cataclyst03 has 120 seconds left.
|
|t:|1781047483
|move|p1a: U-Turn from sin|Court Change|p1a: U-Turn from sin
|-start|p1a: U-Turn from sin|typechange|Normal|[from] ability: Libero
|-swapsideconditions
|-activate|p1a: U-Turn from sin|move: Court Change
|move|p2a: Rillaboom|Knock Off|p1a: U-Turn from sin
|-damage|p1a: U-Turn from sin|0 fnt
|faint|p1a: U-Turn from sin
|
|upkeep
|
|t:|1781047496
|switch|p1a: Breloom|Breloom, F|100/100
|turn|5
|
|t:|1781047505
|switch|p2a: Hawlucha|Hawlucha, F|100/100
|-damage|p2a: Hawlucha|88/100|[from] Stealth Rock
|-enditem|p2a: Hawlucha|Grassy Seed
|-boost|p2a: Hawlucha|def|1|[from] item: Grassy Seed
|move|p1a: Breloom|Flamethrower|p2a: Hawlucha
|-damage|p2a: Hawlucha|27/100
|
|upkeep
|turn|6
|
|t:|1781047517
|move|p2a: Hawlucha|Acrobatics|p1a: Breloom
|-damage|p1a: Breloom|0 fnt
|replace|p1a: The end is nigh|Zoroark-Hisui, M
|-end|p1a: The end is nigh|Illusion
|faint|p1a: The end is nigh
|
|upkeep
|
|t:|1781047521
|switch|p1a: Breloom|Breloom, F|100/100
|turn|7
|
|t:|1781047524
|move|p1a: Breloom|Mach Punch|p2a: Hawlucha
|-resisted|p2a: Hawlucha
|-damage|p2a: Hawlucha|8/100
|-damage|p1a: Breloom|91/100|[from] item: Life Orb
|move|p2a: Hawlucha|Acrobatics|p1a: Breloom
|-supereffective|p1a: Breloom
|-damage|p1a: Breloom|0 fnt
|faint|p1a: Breloom
|
|-fieldend|move: Grassy Terrain
|upkeep
|-message|pepinoloko forfeited.
|
|win|cataclyst03
|raw|pepinoloko's rating: 1523 &rarr; <strong>1505</strong><br />(-18 for losing)
|raw|cataclyst03's rating: 1556 &rarr; <strong>1574</strong><br />(+18 for winning)
|l|☆pepinoloko
|player|p1|
|l|☆cataclyst03
|player|p2|
