|j|☆dilf huntr
|j|☆samohi0
|t:|1781328650
|gametype|singles
|player|p1|dilf huntr|170|1668
|player|p2|samohi0|hoopster|1673
|gen|9
|tier|[Gen 9] OU
|rated|
|rule|HP Percentage Mod: HP is shown in percentages
|rule|Endless Battle Clause: Forcing endless battles is banned
|rule|Species Clause: Limit one of each Pokémon
|rule|OHKO Clause: OHKO moves are banned
|rule|Evasion Items Clause: Evasion items are banned
|rule|Evasion Moves Clause: Evasion moves are banned
|rule|Evasion Abilities Clause: Evasion abilities are banned
|rule|Sleep Moves Clause: Sleep-inducing moves are banned
|clearpoke
|poke|p1|Araquanid, M|
|poke|p1|Iron Valiant|
|poke|p1|Ceruledge, M|
|poke|p1|Deoxys-Speed|
|poke|p1|Gholdengo|
|poke|p1|Raging Bolt|
|poke|p2|Lokix, F|
|poke|p2|Iron Valiant|
|poke|p2|Alomomola, L99, M|
|poke|p2|Mandibuzz, F|
|poke|p2|Great Tusk|
|poke|p2|Gholdengo|
|teampreview
|inactive|Battle timer is ON: inactive players will automatically lose when time's up. (requested by dilf huntr)
|
|t:|1781328659
|teamsize|p1|6
|teamsize|p2|6
|start
|switch|p1a: Araquanid|Araquanid, M|100/100
|switch|p2a: Shining Agito|Lokix, F, shiny|100/100
|turn|1
|
|t:|1781328667
|move|p2a: Shining Agito|Knock Off|p1a: Araquanid
|-damage|p1a: Araquanid|26/100
|-enditem|p1a: Araquanid|Custap Berry|[from] move: Knock Off|[of] p2a: Shining Agito
|move|p1a: Araquanid|Surf|p2a: Shining Agito
|-damage|p2a: Shining Agito|27/100
|
|upkeep
|turn|2
|
|t:|1781328672
|move|p2a: Shining Agito|Knock Off|p1a: Araquanid
|-damage|p1a: Araquanid|0 fnt
|faint|p1a: Araquanid
|
|upkeep
|
|t:|1781328681
|switch|p1a: Ceruledge|Ceruledge, M|100/100
|turn|3
|
|t:|1781328683
|switch|p2a: Overlord|Mandibuzz, F|100/100
|move|p1a: Ceruledge|Swords Dance|p1a: Ceruledge
|-boost|p1a: Ceruledge|atk|2
|
|upkeep
|turn|4
|
|t:|1781328696
|move|p1a: Ceruledge|Bitter Blade|p2a: Overlord
|-damage|p2a: Overlord|43/100
|move|p2a: Overlord|Foul Play|p1a: Ceruledge
|-supereffective|p1a: Ceruledge
|-enditem|p1a: Ceruledge|Focus Sash
|-damage|p1a: Ceruledge|1/100
|-ability|p1a: Ceruledge|Weak Armor|boost
|-unboost|p1a: Ceruledge|def|1
|-boost|p1a: Ceruledge|spe|2
|
|upkeep
|turn|5
|
|t:|1781328707
|move|p1a: Ceruledge|Bitter Blade|p2a: Overlord
|-damage|p2a: Overlord|0 fnt
|-heal|p1a: Ceruledge|32/100|[from] drain|[of] p2a: Overlord
|faint|p2a: Overlord
|
|upkeep
|
|t:|1781328709
|switch|p2a: Shining Agito|Lokix, F, shiny|27/100
|turn|6
|
|t:|1781328712
|move|p2a: Shining Agito|First Impression|p1a: Ceruledge
|-resisted|p1a: Ceruledge
|-damage|p1a: Ceruledge|0 fnt
|faint|p1a: Ceruledge
|
|upkeep
|
|t:|1781328723
|switch|p1a: Iron Valiant|Iron Valiant|100/100
|-enditem|p1a: Iron Valiant|Booster Energy
|-activate|p1a: Iron Valiant|ability: Quark Drive|[fromitem]
|-start|p1a: Iron Valiant|quarkdrivespa
|turn|7
|
|t:|1781328727
|switch|p2a: Tetsuya Sawaki|Alomomola, L99, M|100/100
|move|p1a: Iron Valiant|Calm Mind|p1a: Iron Valiant
|-boost|p1a: Iron Valiant|spa|1
|-boost|p1a: Iron Valiant|spd|1
|
|upkeep
|turn|8
|
|t:|1781328730
|move|p1a: Iron Valiant|Calm Mind|p1a: Iron Valiant
|-boost|p1a: Iron Valiant|spa|1
|-boost|p1a: Iron Valiant|spd|1
|move|p2a: Tetsuya Sawaki|Flip Turn|p1a: Iron Valiant
|-damage|p1a: Iron Valiant|81/100
|
|t:|1781328733
|switch|p2a: MACHINE TORNADER|Gholdengo|100/100|[from] Flip Turn
|
|upkeep
|turn|9
|
|t:|1781328736
|move|p2a: MACHINE TORNADER|Make It Rain|p1a: Iron Valiant
|-supereffective|p1a: Iron Valiant
|-crit|p1a: Iron Valiant
|-damage|p1a: Iron Valiant|0 fnt
|-unboost|p2a: MACHINE TORNADER|spa|1
|faint|p1a: Iron Valiant
|-end|p1a: Iron Valiant|Quark Drive|[silent]
|
|upkeep
|
|t:|1781328749
|switch|p1a: Raging Bolt|Raging Bolt|100/100
|-enditem|p1a: Raging Bolt|Booster Energy
|-activate|p1a: Raging Bolt|ability: Protosynthesis|[fromitem]
|-start|p1a: Raging Bolt|protosynthesisspa
|turn|10
|
|t:|1781328756
|switch|p2a: Tetsuya Sawaki|Alomomola, L99, M|100/100
|move|p1a: Raging Bolt|Calm Mind|p1a: Raging Bolt
|-boost|p1a: Raging Bolt|spa|1
|-boost|p1a: Raging Bolt|spd|1
|
|upkeep
|turn|11
|
|t:|1781328760
|move|p1a: Raging Bolt|Calm Mind|p1a: Raging Bolt
|-boost|p1a: Raging Bolt|spa|1
|-boost|p1a: Raging Bolt|spd|1
|move|p2a: Tetsuya Sawaki|Mirror Coat||[still]
|-fail|p2a: Tetsuya Sawaki
|
|upkeep
|turn|12
|
|t:|1781328765
|move|p1a: Raging Bolt|Thunderbolt|p2a: Tetsuya Sawaki
|-supereffective|p2a: Tetsuya Sawaki
|-damage|p2a: Tetsuya Sawaki|0 fnt
|faint|p2a: Tetsuya Sawaki
|
|upkeep
|
|t:|1781328767
|switch|p2a: Gills Exceed|Great Tusk|100/100
|turn|13
|
|t:|1781328774
|-terastallize|p1a: Raging Bolt|Bug
|move|p2a: Gills Exceed|Ice Spinner|p1a: Raging Bolt
|-damage|p1a: Raging Bolt|76/100
|move|p1a: Raging Bolt|Draco Meteor|p2a: Gills Exceed
|-damage|p2a: Gills Exceed|0 fnt
|-unboost|p1a: Raging Bolt|spa|2
|faint|p2a: Gills Exceed
|-end|p2a: Gills Exceed|Protosynthesis|[silent]
|
|upkeep
|
|t:|1781328784
|switch|p2a: G3-X|Iron Valiant, shiny|100/100
|turn|14
|
|t:|1781328789
|move|p1a: Raging Bolt|Thunderclap|p2a: G3-X
|-damage|p2a: G3-X|1/100
|move|p2a: G3-X|Moonblast|p1a: Raging Bolt
|-damage|p1a: Raging Bolt|46/100
|
|upkeep
|turn|15
|
|t:|1781328809
|-end|p2a: G3-X|Quark Drive|[silent]
|switch|p2a: Shining Agito|Lokix, F, shiny|27/100
|move|p1a: Raging Bolt|Thunderbolt|p2a: Shining Agito
|-damage|p2a: Shining Agito|0 fnt
|faint|p2a: Shining Agito
|
|upkeep
|
|t:|1781328817
|switch|p2a: MACHINE TORNADER|Gholdengo|100/100
|turn|16
|
|t:|1781328819
|move|p2a: MACHINE TORNADER|Shadow Ball|p1a: Raging Bolt
|-damage|p1a: Raging Bolt|28/100
|move|p1a: Raging Bolt|Thunderbolt|p2a: MACHINE TORNADER
|-damage|p2a: MACHINE TORNADER|20/100
|
|upkeep
|turn|17
|-message|samohi0 forfeited.
|
|win|dilf huntr
|raw|dilf huntr's rating: 1668 &rarr; <strong>1688</strong><br />(+20 for winning)
|raw|samohi0's rating: 1673 &rarr; <strong>1653</strong><br />(-20 for losing)
|l|☆samohi0
|player|p2|
|l|☆dilf huntr
|player|p1|
