|j|☆XianTwa
|j|☆kshuaib734
|t:|1781569602
|gametype|singles
|player|p1|XianTwa|dawn|1610
|player|p2|kshuaib734|steven|1668
|gen|9
|tier|[Gen 9] OU
|rated|
|rule|HP Percentage Mod: HP is shown in percentages
|rule|Endless Battle Clause: Forcing endless battles is banned
|rule|Species Clause: Limit one of each Pokémon
|rule|OHKO Clause: OHKO moves are banned
|rule|Evasion Items Clause: Evasion items are banned
|rule|Evasion Moves Clause: Evasion moves are banned
|rule|Evasion Abilities Clause: Evasion abilities are banned
|rule|Sleep Moves Clause: Sleep-inducing moves are banned
|clearpoke
|poke|p1|Araquanid, F|
|poke|p1|Enamorus, F|
|poke|p1|Great Tusk|
|poke|p1|Gholdengo|
|poke|p1|Iron Moth|
|poke|p1|Quaquaval, M|
|poke|p2|Tyranitar, M|
|poke|p2|Latios, M|
|poke|p2|Pelipper, F|
|poke|p2|Quaquaval, M|
|poke|p2|Kingdra, M|
|poke|p2|Excadrill, F|
|teampreview
|inactive|Battle timer is ON: inactive players will automatically lose when time's up. (requested by kshuaib734)
|inactive|XianTwa also wants the timer to be on.
|inactive|XianTwa has 120 seconds left.
|
|t:|1781569633
|teamsize|p1|6
|teamsize|p2|6
|start
|switch|p1a: Araquanid|Araquanid, F|100/100
|switch|p2a: King Tyrant|Tyranitar, M|100/100
|-weather|Sandstorm|[from] ability: Sand Stream|[of] p2a: King Tyrant
|turn|1
|
|t:|1781569639
|switch|p1a: Great Tusk|Great Tusk|100/100
|-enditem|p1a: Great Tusk|Booster Energy
|-activate|p1a: Great Tusk|ability: Protosynthesis|[fromitem]
|-start|p1a: Great Tusk|protosynthesisatk
|move|p2a: King Tyrant|Stealth Rock|p1a: Great Tusk
|-sidestart|p1: XianTwa|move: Stealth Rock
|
|-weather|Sandstorm|[upkeep]
|upkeep
|turn|2
|
|t:|1781569648
|-terastallize|p2a: King Tyrant|Ghost
|move|p1a: Great Tusk|Rapid Spin|p2a: King Tyrant
|-immune|p2a: King Tyrant
|move|p2a: King Tyrant|Ice Beam|p1a: Great Tusk
|-supereffective|p1a: Great Tusk
|-damage|p1a: Great Tusk|32/100
|
|-weather|Sandstorm|[upkeep]
|-damage|p2a: King Tyrant|94/100|[from] Sandstorm
|upkeep
|turn|3
|
|t:|1781569657
|move|p1a: Great Tusk|Headlong Rush|p2a: King Tyrant
|-damage|p2a: King Tyrant|44/100
|-unboost|p1a: Great Tusk|def|1
|-unboost|p1a: Great Tusk|spd|1
|move|p2a: King Tyrant|Ice Beam|p1a: Great Tusk
|-supereffective|p1a: Great Tusk
|-damage|p1a: Great Tusk|0 fnt
|faint|p1a: Great Tusk
|-end|p1a: Great Tusk|Protosynthesis|[silent]
|
|-weather|Sandstorm|[upkeep]
|-damage|p2a: King Tyrant|38/100|[from] Sandstorm
|upkeep
|
|t:|1781569661
|switch|p1a: Araquanid|Araquanid, F|100/100
|-damage|p1a: Araquanid|75/100|[from] Stealth Rock
|turn|4
|
|t:|1781569670
|move|p2a: King Tyrant|Thunderbolt|p1a: Araquanid
|-supereffective|p1a: Araquanid
|-damage|p1a: Araquanid|38/100
|move|p1a: Araquanid|Sticky Web|p2a: King Tyrant
|-sidestart|p2: kshuaib734|move: Sticky Web
|
|-weather|Sandstorm|[upkeep]
|-damage|p2a: King Tyrant|31/100|[from] Sandstorm
|-damage|p1a: Araquanid|32/100|[from] Sandstorm
|upkeep
|turn|5
|
|t:|1781569678
|move|p2a: King Tyrant|Knock Off|p1a: Araquanid
|-crit|p1a: Araquanid
|-damage|p1a: Araquanid|0 fnt
|-enditem|p1a: Araquanid|Custap Berry|[from] move: Knock Off|[of] p2a: King Tyrant
|faint|p1a: Araquanid
|
|-weather|none
|upkeep
|
|t:|1781569683
|switch|p1a: Quaquaval|Quaquaval, M|100/100
|-damage|p1a: Quaquaval|94/100|[from] Stealth Rock
|turn|6
|
|t:|1781569687
|switch|p2a: Tyrant's Downpour|Pelipper, F|100/100
|-weather|RainDance|[from] ability: Drizzle|[of] p2a: Tyrant's Downpour
|move|p1a: Quaquaval|Aqua Step|p2a: Tyrant's Downpour
|-resisted|p2a: Tyrant's Downpour
|-damage|p2a: Tyrant's Downpour|75/100
|-boost|p1a: Quaquaval|spe|1
|
|-weather|RainDance|[upkeep]
|upkeep
|turn|7
|
|t:|1781569696
|move|p1a: Quaquaval|Aqua Step|p2a: Tyrant's Downpour
|-resisted|p2a: Tyrant's Downpour
|-damage|p2a: Tyrant's Downpour|51/100
|-boost|p1a: Quaquaval|spe|1
|move|p2a: Tyrant's Downpour|Hurricane|p1a: Quaquaval
|-supereffective|p1a: Quaquaval
|-damage|p1a: Quaquaval|29/100
|
|-weather|RainDance|[upkeep]
|upkeep
|turn|8
|
|t:|1781569713
|move|p1a: Quaquaval|Wave Crash|p2a: Tyrant's Downpour
|-resisted|p2a: Tyrant's Downpour
|-damage|p2a: Tyrant's Downpour|16/100
|-damage|p1a: Quaquaval|17/100|[from] Recoil
|move|p2a: Tyrant's Downpour|Hurricane|p1a: Quaquaval
|-supereffective|p1a: Quaquaval
|-damage|p1a: Quaquaval|0 fnt
|faint|p1a: Quaquaval
|
|-weather|RainDance|[upkeep]
|upkeep
|
|t:|1781569722
|switch|p1a: Enamorus|Enamorus, F|100/100
|-damage|p1a: Enamorus|76/100|[from] Stealth Rock
|turn|9
|
|t:|1781569726
|switch|p2a: King Tyrant|Tyranitar, M, tera:Ghost|31/100
|-activate|p2a: King Tyrant|move: Sticky Web
|-unboost|p2a: King Tyrant|spe|1
|-weather|Sandstorm|[from] ability: Sand Stream|[of] p2a: King Tyrant
|move|p1a: Enamorus|Substitute|p1a: Enamorus
|-start|p1a: Enamorus|Substitute
|-damage|p1a: Enamorus|51/100
|
|-weather|Sandstorm|[upkeep]
|-damage|p1a: Enamorus|44/100|[from] Sandstorm
|-damage|p2a: King Tyrant|25/100|[from] Sandstorm
|upkeep
|turn|10
|
|t:|1781569736
|move|p1a: Enamorus|Draining Kiss|p2a: King Tyrant
|-damage|p2a: King Tyrant|0 fnt
|-heal|p1a: Enamorus|70/100|[from] drain|[of] p2a: King Tyrant
|faint|p2a: King Tyrant
|-damage|p1a: Enamorus|61/100|[from] item: Life Orb
|
|-weather|Sandstorm|[upkeep]
|-damage|p1a: Enamorus|54/100|[from] Sandstorm
|upkeep
|
|t:|1781569744
|switch|p2a: Tyrant's Legacy|Excadrill, F|100/100
|-activate|p2a: Tyrant's Legacy|move: Sticky Web
|-unboost|p2a: Tyrant's Legacy|spe|1
|turn|11
|
|t:|1781569749
|move|p2a: Tyrant's Legacy|Rapid Spin|p1a: Enamorus
|-end|p1a: Enamorus|Substitute
|-sideend|p2: kshuaib734|Sticky Web|[from] move: Rapid Spin|[of] p2a: Tyrant's Legacy
|-boost|p2a: Tyrant's Legacy|spe|1
|-damage|p2a: Tyrant's Legacy|91/100|[from] item: Life Orb
|move|p1a: Enamorus|Earth Power|p2a: Tyrant's Legacy
|-supereffective|p2a: Tyrant's Legacy
|-damage|p2a: Tyrant's Legacy|0 fnt
|faint|p2a: Tyrant's Legacy
|-damage|p1a: Enamorus|45/100|[from] item: Life Orb
|
|-weather|Sandstorm|[upkeep]
|-damage|p1a: Enamorus|39/100|[from] Sandstorm
|upkeep
|
|t:|1781569768
|switch|p2a: Tyrant's Downpour|Pelipper, F|16/100
|-weather|RainDance|[from] ability: Drizzle|[of] p2a: Tyrant's Downpour
|turn|12
|
|t:|1781569777
|move|p1a: Enamorus|Substitute|p1a: Enamorus
|-start|p1a: Enamorus|Substitute
|-damage|p1a: Enamorus|14/100
|move|p2a: Tyrant's Downpour|Weather Ball|p1a: Enamorus
|-end|p1a: Enamorus|Substitute
|
|-weather|RainDance|[upkeep]
|upkeep
|turn|13
|
|t:|1781569785
|move|p1a: Enamorus|Draining Kiss|p2a: Tyrant's Downpour
|-damage|p2a: Tyrant's Downpour|0 fnt
|-heal|p1a: Enamorus|27/100|[from] drain|[of] p2a: Tyrant's Downpour
|faint|p2a: Tyrant's Downpour
|-damage|p1a: Enamorus|17/100|[from] item: Life Orb
|
|-weather|RainDance|[upkeep]
|upkeep
|
|t:|1781569792
|switch|p2a: Tyrant's Endgame|Quaquaval, M|100/100
|turn|14
|
|t:|1781569796
|move|p2a: Tyrant's Endgame|Aqua Jet|p1a: Enamorus
|-damage|p1a: Enamorus|0 fnt
|faint|p1a: Enamorus
|-ability|p2a: Tyrant's Endgame|Moxie|boost
|-boost|p2a: Tyrant's Endgame|atk|1
|
|-weather|RainDance|[upkeep]
|upkeep
|
|t:|1781569801
|switch|p1a: Gholdengo|Gholdengo|100/100
|-damage|p1a: Gholdengo|94/100|[from] Stealth Rock
|-item|p1a: Gholdengo|Air Balloon
|turn|15
|
|t:|1781569807
|move|p2a: Tyrant's Endgame|Aqua Jet|p1a: Gholdengo
|-damage|p1a: Gholdengo|27/100
|-enditem|p1a: Gholdengo|Air Balloon
|move|p1a: Gholdengo|Dazzling Gleam|p2a: Tyrant's Endgame
|-supereffective|p2a: Tyrant's Endgame
|-damage|p2a: Tyrant's Endgame|19/100
|
|-weather|RainDance|[upkeep]
|upkeep
|turn|16
|
|t:|1781569814
|move|p2a: Tyrant's Endgame|Aqua Jet|p1a: Gholdengo
|-damage|p1a: Gholdengo|0 fnt
|faint|p1a: Gholdengo
|-ability|p2a: Tyrant's Endgame|Moxie|boost
|-boost|p2a: Tyrant's Endgame|atk|1
|
|-weather|RainDance|[upkeep]
|upkeep
|
|t:|1781569817
|switch|p1a: Iron Moth|Iron Moth|100/100
|-damage|p1a: Iron Moth|76/100|[from] Stealth Rock
|-enditem|p1a: Iron Moth|Booster Energy
|-activate|p1a: Iron Moth|ability: Quark Drive|[fromitem]
|-start|p1a: Iron Moth|quarkdrivespa
|turn|17
|
|t:|1781569825
|-terastallize|p1a: Iron Moth|Grass
|move|p2a: Tyrant's Endgame|Aqua Jet|p1a: Iron Moth
|-resisted|p1a: Iron Moth
|-damage|p1a: Iron Moth|4/100
|move|p1a: Iron Moth|Fiery Dance|p2a: Tyrant's Endgame
|-resisted|p2a: Tyrant's Endgame
|-damage|p2a: Tyrant's Endgame|0 fnt
|-boost|p1a: Iron Moth|spa|1
|faint|p2a: Tyrant's Endgame
|
|-weather|RainDance|[upkeep]
|upkeep
|-message|XianTwa forfeited.
|
|win|kshuaib734
|raw|XianTwa's rating: 1610 &rarr; <strong>1593</strong><br />(-17 for losing)
|raw|kshuaib734's rating: 1668 &rarr; <strong>1685</strong><br />(+17 for winning)
|l|☆XianTwa
|player|p1|
|l|☆kshuaib734
|player|p2|
