|j|☆Yellowishnesses
|j|☆FireSide_01
|t:|1781350816
|gametype|singles
|player|p1|Yellowishnesses|evelyn|1536
|player|p2|FireSide_01|janine|1566
|gen|9
|tier|[Gen 9] OU
|rated|
|rule|HP Percentage Mod: HP is shown in percentages
|rule|Endless Battle Clause: Forcing endless battles is banned
|rule|Species Clause: Limit one of each Pokémon
|rule|OHKO Clause: OHKO moves are banned
|rule|Evasion Items Clause: Evasion items are banned
|rule|Evasion Moves Clause: Evasion moves are banned
|rule|Evasion Abilities Clause: Evasion abilities are banned
|rule|Sleep Moves Clause: Sleep-inducing moves are banned
|clearpoke
|poke|p1|Blissey, F|
|poke|p1|Ogerpon-Wellspring, F|
|poke|p1|Alomomola, M|
|poke|p1|Lokix, F|
|poke|p1|Weezing-Galar, F|
|poke|p1|Cinderace, F|
|poke|p2|Ninetales, F|
|poke|p2|Walking Wake|
|poke|p2|Typhlosion-Hisui, F|
|poke|p2|Great Tusk|
|poke|p2|Rillaboom, F|
|poke|p2|Raging Bolt|
|teampreview
|inactive|Battle timer is ON: inactive players will automatically lose when time's up. (requested by FireSide_01)
|
|t:|1781350825
|teamsize|p1|6
|teamsize|p2|6
|start
|switch|p1a: Lokix|Lokix, F|100/100
|switch|p2a: Ninetales|Ninetales, F|100/100
|-weather|SunnyDay|[from] ability: Drought|[of] p2a: Ninetales
|turn|1
|
|t:|1781350830
|switch|p2a: Great Tusk|Great Tusk|100/100
|-activate|p2a: Great Tusk|ability: Protosynthesis
|-start|p2a: Great Tusk|protosynthesisspe
|-terastallize|p1a: Lokix|Bug
|move|p1a: Lokix|First Impression|p2a: Great Tusk
|-resisted|p2a: Great Tusk
|-damage|p2a: Great Tusk|42/100
|
|-weather|SunnyDay|[upkeep]
|upkeep
|turn|2
|
|t:|1781350835
|switch|p1a: Alomomola|Alomomola, M|100/100
|move|p2a: Great Tusk|Stealth Rock|p1a: Alomomola
|-sidestart|p1: Yellowishnesses|move: Stealth Rock
|
|-weather|SunnyDay|[upkeep]
|upkeep
|turn|3
|
|t:|1781350841
|-end|p2a: Great Tusk|Protosynthesis|[silent]
|switch|p2a: Raging Bolt|Raging Bolt|100/100
|-activate|p2a: Raging Bolt|ability: Protosynthesis
|-start|p2a: Raging Bolt|protosynthesisspa
|move|p1a: Alomomola|Flip Turn|p2a: Raging Bolt
|-resisted|p2a: Raging Bolt
|-damage|p2a: Raging Bolt|97/100
|
|t:|1781350844
|switch|p1a: Blissey|Blissey, F|100/100|[from] Flip Turn
|
|-weather|SunnyDay|[upkeep]
|upkeep
|turn|4
|
|t:|1781350849
|-end|p2a: Raging Bolt|Protosynthesis|[silent]
|switch|p2a: Rillaboom|Rillaboom, F|100/100
|-fieldstart|move: Grassy Terrain|[from] ability: Grassy Surge|[of] p2a: Rillaboom
|move|p1a: Blissey|Seismic Toss|p2a: Rillaboom
|-damage|p2a: Rillaboom|71/100
|
|-weather|SunnyDay|[upkeep]
|-heal|p2a: Rillaboom|77/100|[from] Grassy Terrain
|upkeep
|turn|5
|
|t:|1781350854
|switch|p1a: Weezing|Weezing-Galar, F|100/100
|-ability|p1a: Weezing|Neutralizing Gas
|-damage|p1a: Weezing|88/100|[from] Stealth Rock
|move|p2a: Rillaboom|U-turn|p1a: Weezing
|-resisted|p1a: Weezing
|-damage|p1a: Weezing|81/100
|
|t:|1781350857
|switch|p2a: Walking Wake|Walking Wake|100/100|[from] U-turn
|
|-weather|SunnyDay|[upkeep]
|-heal|p1a: Weezing|87/100|[from] Grassy Terrain
|-heal|p1a: Weezing|93/100|[from] item: Leftovers
|upkeep
|turn|6
|
|t:|1781350860
|-end|p1a: Weezing|ability: Neutralizing Gas
|-activate|p2a: Walking Wake|ability: Protosynthesis
|-start|p2a: Walking Wake|protosynthesisspa
|switch|p1a: Blissey|Blissey, F|100/100
|-terastallize|p2a: Walking Wake|Water
|move|p2a: Walking Wake|Hydro Steam|p1a: Blissey
|-damage|p1a: Blissey|51/100
|
|-weather|SunnyDay|[upkeep]
|-heal|p1a: Blissey|57/100|[from] Grassy Terrain
|upkeep
|turn|7
|
|t:|1781350873
|move|p2a: Walking Wake|Hydro Steam|p1a: Blissey
|-damage|p1a: Blissey|6/100
|move|p1a: Blissey|Soft-Boiled|p1a: Blissey
|-heal|p1a: Blissey|56/100
|
|-weather|SunnyDay|[upkeep]
|-heal|p1a: Blissey|62/100|[from] Grassy Terrain
|upkeep
|turn|8
|
|t:|1781350878
|move|p2a: Walking Wake|Hydro Steam|p1a: Blissey
|-damage|p1a: Blissey|12/100
|move|p1a: Blissey|Soft-Boiled|p1a: Blissey
|-heal|p1a: Blissey|62/100
|
|-weather|none
|-end|p2a: Walking Wake|Protosynthesis
|-heal|p1a: Blissey|68/100|[from] Grassy Terrain
|-fieldend|move: Grassy Terrain
|upkeep
|turn|9
|
|t:|1781350887
|-end|p2a: Walking Wake|Protosynthesis|[silent]
|switch|p2a: Ninetales|Ninetales, F|100/100
|-weather|SunnyDay|[from] ability: Drought|[of] p2a: Ninetales
|move|p1a: Blissey|Soft-Boiled|p1a: Blissey
|-heal|p1a: Blissey|100/100
|
|-weather|SunnyDay|[upkeep]
|upkeep
|turn|10
|
|t:|1781350892
|move|p2a: Ninetales|Encore|p1a: Blissey
|-start|p1a: Blissey|Encore
|move|p1a: Blissey|Soft-Boiled||[still]
|-fail|p1a: Blissey|heal
|
|-weather|SunnyDay|[upkeep]
|upkeep
|turn|11
|
|t:|1781350899
|switch|p2a: Walking Wake|Walking Wake, tera:Water|100/100
|-activate|p2a: Walking Wake|ability: Protosynthesis
|-start|p2a: Walking Wake|protosynthesisspa
|switch|p1a: Cinderace|Cinderace, F|100/100
|
|-weather|SunnyDay|[upkeep]
|upkeep
|turn|12
|
|t:|1781350905
|move|p1a: Cinderace|High Jump Kick|p2a: Walking Wake
|-start|p1a: Cinderace|typechange|Fighting|[from] ability: Libero
|-damage|p2a: Walking Wake|29/100
|move|p2a: Walking Wake|Dragon Pulse|p1a: Cinderace
|-damage|p1a: Cinderace|0 fnt
|faint|p1a: Cinderace
|
|-weather|SunnyDay|[upkeep]
|upkeep
|
|t:|1781350910
|switch|p1a: Lokix|Lokix, F, tera:Bug|100/100
|-damage|p1a: Lokix|76/100|[from] Stealth Rock
|turn|13
|
|t:|1781350916
|-end|p2a: Walking Wake|Protosynthesis|[silent]
|switch|p2a: Typhlosion|Typhlosion-Hisui, F|100/100
|move|p1a: Lokix|First Impression|p2a: Typhlosion
|-resisted|p2a: Typhlosion
|-damage|p2a: Typhlosion|36/100
|
|-weather|SunnyDay|[upkeep]
|upkeep
|turn|14
|
|t:|1781350923
|switch|p1a: Blissey|Blissey, F|100/100
|move|p2a: Typhlosion|Flamethrower|p1a: Blissey
|-damage|p1a: Blissey|77/100
|
|-weather|SunnyDay|[upkeep]
|upkeep
|turn|15
|
|t:|1781350927
|switch|p2a: Rillaboom|Rillaboom, F|77/100
|-fieldstart|move: Grassy Terrain|[from] ability: Grassy Surge|[of] p2a: Rillaboom
|move|p1a: Blissey|Thunder Wave|p2a: Rillaboom|[miss]
|-miss|p1a: Blissey|p2a: Rillaboom
|
|-weather|SunnyDay|[upkeep]
|-heal|p2a: Rillaboom|83/100|[from] Grassy Terrain
|-heal|p1a: Blissey|83/100|[from] Grassy Terrain
|upkeep
|turn|16
|
|t:|1781350931
|switch|p1a: Weezing|Weezing-Galar, F|93/100
|-ability|p1a: Weezing|Neutralizing Gas
|-damage|p1a: Weezing|81/100|[from] Stealth Rock
|move|p2a: Rillaboom|U-turn|p1a: Weezing
|-resisted|p1a: Weezing
|-damage|p1a: Weezing|73/100
|
|t:|1781350934
|switch|p2a: Walking Wake|Walking Wake, tera:Water|29/100|[from] U-turn
|
|-weather|none
|-heal|p2a: Walking Wake|35/100|[from] Grassy Terrain
|-heal|p1a: Weezing|79/100|[from] Grassy Terrain
|-heal|p1a: Weezing|85/100|[from] item: Leftovers
|upkeep
|turn|17
|
|t:|1781350939
|-end|p1a: Weezing|ability: Neutralizing Gas
|switch|p1a: Blissey|Blissey, F|83/100
|move|p2a: Walking Wake|Hydro Steam|p1a: Blissey
|-damage|p1a: Blissey|58/100
|
|-heal|p2a: Walking Wake|41/100|[from] Grassy Terrain
|-heal|p1a: Blissey|64/100|[from] Grassy Terrain
|upkeep
|turn|18
|
|t:|1781350944
|-end|p2a: Walking Wake|Protosynthesis|[silent]
|switch|p2a: Ninetales|Ninetales, F|100/100
|-weather|SunnyDay|[from] ability: Drought|[of] p2a: Ninetales
|move|p1a: Blissey|Seismic Toss|p2a: Ninetales
|-damage|p2a: Ninetales|72/100
|
|-weather|SunnyDay|[upkeep]
|-heal|p2a: Ninetales|78/100|[from] Grassy Terrain
|-heal|p1a: Blissey|70/100|[from] Grassy Terrain
|upkeep
|turn|19
|
|t:|1781350948
|move|p2a: Ninetales|Encore|p1a: Blissey
|-start|p1a: Blissey|Encore
|move|p1a: Blissey|Seismic Toss|p2a: Ninetales
|-damage|p2a: Ninetales|49/100
|
|-weather|SunnyDay|[upkeep]
|-heal|p2a: Ninetales|55/100|[from] Grassy Terrain
|-heal|p1a: Blissey|76/100|[from] Grassy Terrain
|-fieldend|move: Grassy Terrain
|upkeep
|turn|20
|
|t:|1781350954
|switch|p2a: Typhlosion|Typhlosion-Hisui, F|36/100
|move|p1a: Blissey|Seismic Toss|p2a: Typhlosion
|-immune|p2a: Typhlosion
|
|-weather|SunnyDay|[upkeep]
|upkeep
|turn|21
|
|t:|1781350959
|move|p2a: Typhlosion|Flamethrower|p1a: Blissey
|-damage|p1a: Blissey|55/100
|-status|p1a: Blissey|brn
|move|p1a: Blissey|Seismic Toss|p2a: Typhlosion
|-immune|p2a: Typhlosion
|
|-weather|SunnyDay|[upkeep]
|-damage|p1a: Blissey|49/100 brn|[from] brn
|-end|p1a: Blissey|Encore
|upkeep
|turn|22
|
|t:|1781350961
|move|p2a: Typhlosion|Flamethrower|p1a: Blissey
|-damage|p1a: Blissey|25/100 brn
|move|p1a: Blissey|Soft-Boiled|p1a: Blissey
|-heal|p1a: Blissey|75/100 brn
|
|-weather|SunnyDay|[upkeep]
|-damage|p1a: Blissey|69/100 brn|[from] brn
|upkeep
|turn|23
|
|t:|1781350971
|switch|p2a: Raging Bolt|Raging Bolt|97/100
|-activate|p2a: Raging Bolt|ability: Protosynthesis
|-start|p2a: Raging Bolt|protosynthesisspa
|move|p1a: Blissey|Thunder Wave|p2a: Raging Bolt
|-immune|p2a: Raging Bolt
|
|-weather|SunnyDay|[upkeep]
|-damage|p1a: Blissey|63/100 brn|[from] brn
|upkeep
|turn|24
|
|t:|1781350974
|move|p2a: Raging Bolt|Volt Switch|p1a: Blissey
|-damage|p1a: Blissey|48/100 brn
|
|t:|1781350978
|-end|p2a: Raging Bolt|Protosynthesis|[silent]
|switch|p2a: Rillaboom|Rillaboom, F|83/100|[from] Volt Switch
|-fieldstart|move: Grassy Terrain|[from] ability: Grassy Surge|[of] p2a: Rillaboom
|move|p1a: Blissey|Seismic Toss|p2a: Rillaboom
|-damage|p2a: Rillaboom|54/100
|
|-weather|SunnyDay|[upkeep]
|-heal|p2a: Rillaboom|60/100|[from] Grassy Terrain
|-heal|p1a: Blissey|54/100 brn|[from] Grassy Terrain
|-damage|p1a: Blissey|48/100 brn|[from] brn
|upkeep
|turn|25
|
|t:|1781350990
|-curestatus|p1a: Blissey|brn|[from] ability: Natural Cure|[silent]
|switch|p1a: Weezing|Weezing-Galar, F|85/100
|-ability|p1a: Weezing|Neutralizing Gas
|-damage|p1a: Weezing|73/100|[from] Stealth Rock
|move|p2a: Rillaboom|Knock Off|p1a: Weezing
|-resisted|p1a: Weezing
|-damage|p1a: Weezing|52/100
|-enditem|p1a: Weezing|Leftovers|[from] move: Knock Off|[of] p2a: Rillaboom
|
|-weather|none
|-heal|p2a: Rillaboom|66/100|[from] Grassy Terrain
|-heal|p1a: Weezing|58/100|[from] Grassy Terrain
|upkeep
|turn|26
|
|t:|1781351009
|switch|p2a: Typhlosion|Typhlosion-Hisui, F|36/100
|move|p1a: Weezing|Defog|p2a: Typhlosion
|-unboost|p2a: Typhlosion|evasion|1
|-sideend|p1: Yellowishnesses|Stealth Rock|[from] move: Defog|[of] p1a: Weezing
|-fieldend|move: Grassy Terrain
|
|upkeep
|turn|27
|
|t:|1781351014
|-end|p1a: Weezing|ability: Neutralizing Gas
|switch|p1a: Blissey|Blissey, F|48/100
|move|p2a: Typhlosion|Flamethrower|p1a: Blissey
|-damage|p1a: Blissey|32/100
|
|upkeep
|turn|28
|
|t:|1781351022
|switch|p2a: Ninetales|Ninetales, F|55/100
|-weather|SunnyDay|[from] ability: Drought|[of] p2a: Ninetales
|move|p1a: Blissey|Soft-Boiled|p1a: Blissey
|-heal|p1a: Blissey|82/100
|
|-weather|SunnyDay|[upkeep]
|upkeep
|turn|29
|j| Agathina
|
|t:|1781351026
|switch|p1a: Lokix|Lokix, F, tera:Bug|76/100
|move|p2a: Ninetales|Encore||[still]
|-fail|p2a: Ninetales
|
|-weather|SunnyDay|[upkeep]
|upkeep
|turn|30
|
|t:|1781351033
|switch|p2a: Typhlosion|Typhlosion-Hisui, F|36/100
|move|p1a: Lokix|First Impression|p2a: Typhlosion
|-resisted|p2a: Typhlosion
|-damage|p2a: Typhlosion|0 fnt
|faint|p2a: Typhlosion
|
|-weather|SunnyDay|[upkeep]
|upkeep
|
|t:|1781351057
|switch|p2a: Raging Bolt|Raging Bolt|97/100
|-activate|p2a: Raging Bolt|ability: Protosynthesis
|-start|p2a: Raging Bolt|protosynthesisspa
|turn|31
|
|t:|1781351059
|switch|p1a: Blissey|Blissey, F|82/100
|move|p2a: Raging Bolt|Volt Switch|p1a: Blissey
|-damage|p1a: Blissey|66/100
|
|t:|1781351061
|-end|p2a: Raging Bolt|Protosynthesis|[silent]
|switch|p2a: Walking Wake|Walking Wake, tera:Water|41/100|[from] Volt Switch
|-activate|p2a: Walking Wake|ability: Protosynthesis
|-start|p2a: Walking Wake|protosynthesisspa
|
|-weather|SunnyDay|[upkeep]
|upkeep
|turn|32
|
|t:|1781351073
|move|p2a: Walking Wake|Flamethrower|p1a: Blissey
|-damage|p1a: Blissey|36/100
|move|p1a: Blissey|Seismic Toss|p2a: Walking Wake
|-damage|p2a: Walking Wake|11/100
|
|-weather|SunnyDay|[upkeep]
|upkeep
|turn|33
|
|t:|1781351083
|-end|p2a: Walking Wake|Protosynthesis|[silent]
|switch|p2a: Rillaboom|Rillaboom, F|66/100
|-fieldstart|move: Grassy Terrain|[from] ability: Grassy Surge|[of] p2a: Rillaboom
|move|p1a: Blissey|Soft-Boiled|p1a: Blissey
|-heal|p1a: Blissey|86/100
|
|-weather|SunnyDay|[upkeep]
|-heal|p2a: Rillaboom|73/100|[from] Grassy Terrain
|-heal|p1a: Blissey|92/100|[from] Grassy Terrain
|upkeep
|turn|34
|
|t:|1781351087
|switch|p1a: Weezing|Weezing-Galar, F|58/100
|-ability|p1a: Weezing|Neutralizing Gas
|move|p2a: Rillaboom|U-turn|p1a: Weezing
|-resisted|p1a: Weezing
|-damage|p1a: Weezing|51/100
|
|t:|1781351090
|switch|p2a: Walking Wake|Walking Wake, tera:Water|11/100|[from] U-turn
|
|-weather|SunnyDay|[upkeep]
|-heal|p2a: Walking Wake|18/100|[from] Grassy Terrain
|-heal|p1a: Weezing|57/100|[from] Grassy Terrain
|upkeep
|turn|35
|
|t:|1781351094
|-end|p1a: Weezing|ability: Neutralizing Gas
|-activate|p2a: Walking Wake|ability: Protosynthesis
|-start|p2a: Walking Wake|protosynthesisspa
|switch|p1a: Blissey|Blissey, F|92/100
|move|p2a: Walking Wake|Flamethrower|p1a: Blissey
|-damage|p1a: Blissey|64/100
|
|-weather|none
|-end|p2a: Walking Wake|Protosynthesis
|-heal|p2a: Walking Wake|24/100|[from] Grassy Terrain
|-heal|p1a: Blissey|70/100|[from] Grassy Terrain
|upkeep
|turn|36
|
|t:|1781351100
|-end|p2a: Walking Wake|Protosynthesis|[silent]
|switch|p2a: Ninetales|Ninetales, F|55/100
|-weather|SunnyDay|[from] ability: Drought|[of] p2a: Ninetales
|move|p1a: Blissey|Seismic Toss|p2a: Ninetales
|-damage|p2a: Ninetales|27/100
|
|-weather|SunnyDay|[upkeep]
|-heal|p2a: Ninetales|33/100|[from] Grassy Terrain
|-heal|p1a: Blissey|76/100|[from] Grassy Terrain
|upkeep
|turn|37
|
|t:|1781351106
|switch|p2a: Rillaboom|Rillaboom, F|73/100
|move|p1a: Blissey|Seismic Toss|p2a: Rillaboom
|-damage|p2a: Rillaboom|43/100
|
|-weather|SunnyDay|[upkeep]
|-heal|p2a: Rillaboom|49/100|[from] Grassy Terrain
|-heal|p1a: Blissey|82/100|[from] Grassy Terrain
|-fieldend|move: Grassy Terrain
|upkeep
|turn|38
|
|t:|1781351111
|move|p2a: Rillaboom|Wood Hammer|p1a: Blissey
|-damage|p1a: Blissey|0 fnt
|faint|p1a: Blissey
|-damage|p2a: Rillaboom|0 fnt|[from] Recoil
|faint|p2a: Rillaboom
|
|-weather|SunnyDay|[upkeep]
|upkeep
|
|t:|1781351121
|switch|p2a: Raging Bolt|Raging Bolt|97/100
|switch|p1a: Lokix|Lokix, F, tera:Bug|76/100
|-activate|p2a: Raging Bolt|ability: Protosynthesis
|-start|p2a: Raging Bolt|protosynthesisspa
|turn|39
|
|t:|1781351132
|move|p1a: Lokix|First Impression|p2a: Raging Bolt
|-damage|p2a: Raging Bolt|9/100
|move|p2a: Raging Bolt|Volt Switch|p1a: Lokix
|-damage|p1a: Lokix|0 fnt
|faint|p1a: Lokix
|
|t:|1781351144
|-end|p2a: Raging Bolt|Protosynthesis|[silent]
|switch|p2a: Great Tusk|Great Tusk|42/100|[from] Volt Switch
|-activate|p2a: Great Tusk|ability: Protosynthesis
|-start|p2a: Great Tusk|protosynthesisspe
|
|-weather|SunnyDay|[upkeep]
|upkeep
|
|t:|1781351147
|switch|p1a: Alomomola|Alomomola, M|100/100
|turn|40
|
|t:|1781351157
|move|p2a: Great Tusk|Stealth Rock|p1a: Alomomola
|-sidestart|p1: Yellowishnesses|move: Stealth Rock
|move|p1a: Alomomola|Flip Turn|p2a: Great Tusk
|-supereffective|p2a: Great Tusk
|-damage|p2a: Great Tusk|33/100
|
|t:|1781351167
|switch|p1a: Ogerpon|Ogerpon-Wellspring, F|100/100|[from] Flip Turn
|-damage|p1a: Ogerpon|88/100|[from] Stealth Rock
|
|-weather|SunnyDay|[upkeep]
|upkeep
|turn|41
|
|t:|1781351173
|move|p2a: Great Tusk|Headlong Rush|p1a: Ogerpon
|-resisted|p1a: Ogerpon
|-damage|p1a: Ogerpon|52/100
|-unboost|p2a: Great Tusk|def|1
|-unboost|p2a: Great Tusk|spd|1
|move|p1a: Ogerpon|Trailblaze|p2a: Great Tusk
|-supereffective|p2a: Great Tusk
|-damage|p2a: Great Tusk|0 fnt
|-boost|p1a: Ogerpon|spe|1
|faint|p2a: Great Tusk
|-end|p2a: Great Tusk|Protosynthesis|[silent]
|
|-weather|SunnyDay|[upkeep]
|upkeep
|
|t:|1781351176
|switch|p2a: Raging Bolt|Raging Bolt|9/100
|-activate|p2a: Raging Bolt|ability: Protosynthesis
|-start|p2a: Raging Bolt|protosynthesisspa
|turn|42
|
|t:|1781351179
|move|p2a: Raging Bolt|Thunderclap||[still]
|-fail|p2a: Raging Bolt
|move|p1a: Ogerpon|Encore|p2a: Raging Bolt
|-start|p2a: Raging Bolt|Encore
|
|-weather|SunnyDay|[upkeep]
|upkeep
|turn|43
|
|t:|1781351187
|-end|p2a: Raging Bolt|Protosynthesis|[silent]
|switch|p2a: Walking Wake|Walking Wake, tera:Water|24/100
|-activate|p2a: Walking Wake|ability: Protosynthesis
|-start|p2a: Walking Wake|protosynthesisspa
|move|p1a: Ogerpon|Encore||[still]
|-fail|p1a: Ogerpon
|
|-weather|none
|-end|p2a: Walking Wake|Protosynthesis
|upkeep
|turn|44
|
|t:|1781351191
|-end|p2a: Walking Wake|Protosynthesis|[silent]
|switch|p2a: Ninetales|Ninetales, F|33/100
|-weather|SunnyDay|[from] ability: Drought|[of] p2a: Ninetales
|move|p1a: Ogerpon|Trailblaze|p2a: Ninetales
|-resisted|p2a: Ninetales
|-damage|p2a: Ninetales|13/100
|-boost|p1a: Ogerpon|spe|1
|
|-weather|SunnyDay|[upkeep]
|upkeep
|turn|45
|
|t:|1781351199
|move|p1a: Ogerpon|Trailblaze|p2a: Ninetales
|-resisted|p2a: Ninetales
|-damage|p2a: Ninetales|0 fnt
|-boost|p1a: Ogerpon|spe|1
|faint|p2a: Ninetales
|
|-weather|SunnyDay|[upkeep]
|upkeep
|
|t:|1781351201
|switch|p2a: Raging Bolt|Raging Bolt|9/100
|-activate|p2a: Raging Bolt|ability: Protosynthesis
|-start|p2a: Raging Bolt|protosynthesisspa
|turn|46
|
|t:|1781351207
|move|p2a: Raging Bolt|Thunderclap||[still]
|-fail|p2a: Raging Bolt
|move|p1a: Ogerpon|Encore|p2a: Raging Bolt
|-start|p2a: Raging Bolt|Encore
|
|-weather|SunnyDay|[upkeep]
|upkeep
|turn|47
|
|t:|1781351217
|switch|p1a: Weezing|Weezing-Galar, F|57/100
|-ability|p1a: Weezing|Neutralizing Gas
|-damage|p1a: Weezing|45/100|[from] Stealth Rock
|move|p2a: Raging Bolt|Thunderclap||[still]
|-fail|p2a: Raging Bolt
|
|-weather|SunnyDay|[upkeep]
|upkeep
|turn|48
|
|t:|1781351224
|move|p2a: Raging Bolt|Thunderclap||[still]
|-fail|p2a: Raging Bolt
|move|p1a: Weezing|Will-O-Wisp|p2a: Raging Bolt|[miss]
|-miss|p1a: Weezing|p2a: Raging Bolt
|
|-weather|SunnyDay|[upkeep]
|upkeep
|turn|49
|
|t:|1781351229
|-end|p2a: Raging Bolt|Protosynthesis|[silent]
|switch|p2a: Walking Wake|Walking Wake, tera:Water|24/100
|move|p1a: Weezing|Will-O-Wisp|p2a: Walking Wake
|-status|p2a: Walking Wake|brn
|
|-weather|SunnyDay|[upkeep]
|-damage|p2a: Walking Wake|18/100 brn|[from] brn
|upkeep
|turn|50
|
|t:|1781351234
|move|p2a: Walking Wake|Flamethrower|p1a: Weezing
|-damage|p1a: Weezing|0 fnt
|faint|p1a: Weezing
|-end|p1a: Weezing|ability: Neutralizing Gas
|-activate|p2a: Walking Wake|ability: Protosynthesis
|-start|p2a: Walking Wake|protosynthesisspa
|
|-weather|SunnyDay|[upkeep]
|-damage|p2a: Walking Wake|11/100 brn|[from] brn
|upkeep
|
|t:|1781351241
|switch|p1a: Alomomola|Alomomola, M|100/100
|-damage|p1a: Alomomola|88/100|[from] Stealth Rock
|turn|51
|
|t:|1781351251
|move|p2a: Walking Wake|Flamethrower|p1a: Alomomola
|-resisted|p1a: Alomomola
|-damage|p1a: Alomomola|31/100
|move|p1a: Alomomola|Flip Turn|p2a: Walking Wake
|-resisted|p2a: Walking Wake
|-damage|p2a: Walking Wake|8/100 brn
|
|t:|1781351254
|switch|p1a: Ogerpon|Ogerpon-Wellspring, F|52/100|[from] Flip Turn
|-damage|p1a: Ogerpon|40/100|[from] Stealth Rock
|
|-weather|none
|-end|p2a: Walking Wake|Protosynthesis
|-damage|p2a: Walking Wake|1/100 brn|[from] brn
|upkeep
|turn|52
|
|t:|1781351263
|switch|p1a: Alomomola|Alomomola, M|65/100
|-damage|p1a: Alomomola|52/100|[from] Stealth Rock
|move|p2a: Walking Wake|Flamethrower|p1a: Alomomola
|-resisted|p1a: Alomomola
|-damage|p1a: Alomomola|24/100
|
|-damage|p2a: Walking Wake|0 fnt|[from] brn
|faint|p2a: Walking Wake
|-end|p2a: Walking Wake|Protosynthesis|[silent]
|upkeep
|
|t:|1781351265
|switch|p2a: Raging Bolt|Raging Bolt|9/100
|turn|53
|
|t:|1781351270
|move|p2a: Raging Bolt|Volt Switch|p1a: Alomomola
|-supereffective|p1a: Alomomola
|-damage|p1a: Alomomola|0 fnt
|faint|p1a: Alomomola
|
|upkeep
|
|t:|1781351273
|switch|p1a: Ogerpon|Ogerpon-Wellspring, F|40/100
|-damage|p1a: Ogerpon|28/100|[from] Stealth Rock
|turn|54
|
|t:|1781351278
|move|p2a: Raging Bolt|Thunderclap|p1a: Ogerpon
|-damage|p1a: Ogerpon|0 fnt
|faint|p1a: Ogerpon
|
|win|FireSide_01
|raw|Yellowishnesses's rating: 1536 &rarr; <strong>1518</strong><br />(-18 for losing)
|raw|FireSide_01's rating: 1566 &rarr; <strong>1584</strong><br />(+18 for winning)
|c|☆FireSide_01|gg
