|j|☆Kirnil
|j|☆dante1310
|t:|1781435593
|gametype|singles
|player|p1|Kirnil|maid|1589
|player|p2|dante1310|wallace|1549
|gen|9
|tier|[Gen 9] OU
|rated|
|rule|HP Percentage Mod: HP is shown in percentages
|rule|Endless Battle Clause: Forcing endless battles is banned
|rule|Species Clause: Limit one of each Pokémon
|rule|OHKO Clause: OHKO moves are banned
|rule|Evasion Items Clause: Evasion items are banned
|rule|Evasion Moves Clause: Evasion moves are banned
|rule|Evasion Abilities Clause: Evasion abilities are banned
|rule|Sleep Moves Clause: Sleep-inducing moves are banned
|clearpoke
|poke|p1|Glimmora, M|
|poke|p1|Great Tusk|
|poke|p1|Alomomola, F|
|poke|p1|Amoonguss, M|
|poke|p1|Iron Valiant|
|poke|p1|Hoopa-Unbound|
|poke|p2|Raging Bolt|
|poke|p2|Torkoal, M|
|poke|p2|Walking Wake|
|poke|p2|Slither Wing|
|poke|p2|Great Tusk|
|poke|p2|Hatterene, F|
|teampreview
|j| peeekapeee
|j| Puyu paz
|inactive|Battle timer is ON: inactive players will automatically lose when time's up. (requested by Kirnil)
|
|t:|1781435618
|teamsize|p1|6
|teamsize|p2|6
|start
|switch|p1a: Glimmora|Glimmora, M|100/100
|switch|p2a: Torkoal|Torkoal, M|100/100
|-item|p1a: Glimmora|Air Balloon
|-weather|SunnyDay|[from] ability: Drought|[of] p2a: Torkoal
|turn|1
|
|t:|1781435622
|switch|p2a: Hatterene|Hatterene, F|100/100
|move|p1a: Glimmora|Stealth Rock|p2a: Hatterene
|move|p2a: Hatterene|Stealth Rock|p1a: Glimmora|[from] ability: Magic Bounce
|-sidestart|p1: Kirnil|move: Stealth Rock
|
|-weather|SunnyDay|[upkeep]
|upkeep
|turn|2
|
|t:|1781435627
|move|p1a: Glimmora|Mortal Spin|p2a: Hatterene
|-supereffective|p2a: Hatterene
|-damage|p2a: Hatterene|93/100
|-status|p2a: Hatterene|psn
|-sideend|p1: Kirnil|Stealth Rock|[from] move: Mortal Spin|[of] p1a: Glimmora
|-enditem|p2a: Hatterene|Eject Button
|
|t:|1781435629
|switch|p2a: Walking Wake|Walking Wake|100/100
|-activate|p2a: Walking Wake|ability: Protosynthesis
|-start|p2a: Walking Wake|protosynthesisspe
|
|-weather|SunnyDay|[upkeep]
|upkeep
|turn|3
|
|t:|1781435640
|switch|p1a: Alomomola|Alomomola, F|100/100
|move|p2a: Walking Wake|Flip Turn|p1a: Alomomola
|-resisted|p1a: Alomomola
|-damage|p1a: Alomomola|98/100
|
|t:|1781435641
|-end|p2a: Walking Wake|Protosynthesis|[silent]
|switch|p2a: Raging Bolt|Raging Bolt|100/100|[from] Flip Turn
|-activate|p2a: Raging Bolt|ability: Protosynthesis
|-start|p2a: Raging Bolt|protosynthesisspa
|
|-weather|SunnyDay|[upkeep]
|upkeep
|turn|4
|
|t:|1781435648
|move|p2a: Raging Bolt|Volt Switch|p1a: Alomomola
|-supereffective|p1a: Alomomola
|-damage|p1a: Alomomola|14/100
|
|t:|1781435653
|-end|p2a: Raging Bolt|Protosynthesis|[silent]
|switch|p2a: Hatterene|Hatterene, F|93/100 psn|[from] Volt Switch
|move|p1a: Alomomola|Mirror Coat|p2a: Hatterene
|-damage|p2a: Hatterene|0 fnt
|faint|p2a: Hatterene
|
|-weather|SunnyDay|[upkeep]
|upkeep
|
|t:|1781435657
|switch|p2a: Raging Bolt|Raging Bolt|100/100
|-activate|p2a: Raging Bolt|ability: Protosynthesis
|-start|p2a: Raging Bolt|protosynthesisspa
|turn|5
|
|t:|1781435660
|switch|p1a: Amoonguss|Amoonguss, M|100/100
|move|p2a: Raging Bolt|Weather Ball|p1a: Amoonguss
|-supereffective|p1a: Amoonguss
|-damage|p1a: Amoonguss|0 fnt
|faint|p1a: Amoonguss
|
|-weather|SunnyDay|[upkeep]
|upkeep
|c| peeekapeee|Whoa
|
|t:|1781435670
|switch|p1a: Glimmora|Glimmora, M|100/100
|-item|p1a: Glimmora|Air Balloon
|turn|6
|
|t:|1781435673
|-end|p2a: Raging Bolt|Protosynthesis|[silent]
|switch|p2a: Great Tusk|Great Tusk|100/100
|-activate|p2a: Great Tusk|ability: Protosynthesis
|-start|p2a: Great Tusk|protosynthesisspe
|move|p1a: Glimmora|Stealth Rock|p2a: Great Tusk
|-sidestart|p2: dante1310|move: Stealth Rock
|
|-weather|SunnyDay|[upkeep]
|upkeep
|turn|7
|
|t:|1781435678
|move|p2a: Great Tusk|Rapid Spin|p1a: Glimmora
|-resisted|p1a: Glimmora
|-damage|p1a: Glimmora|92/100
|-boost|p2a: Great Tusk|spe|1
|-activate|p1a: Glimmora|ability: Toxic Debris
|-sidestart|p2: dante1310|move: Toxic Spikes
|-enditem|p1a: Glimmora|Air Balloon
|-sideend|p2: dante1310|Toxic Spikes|[from] move: Rapid Spin|[of] p2a: Great Tusk
|-sideend|p2: dante1310|Stealth Rock|[from] move: Rapid Spin|[of] p2a: Great Tusk
|move|p1a: Glimmora|Mortal Spin|p2a: Great Tusk
|-resisted|p2a: Great Tusk
|-damage|p2a: Great Tusk|99/100
|-status|p2a: Great Tusk|psn
|
|-weather|SunnyDay|[upkeep]
|-damage|p2a: Great Tusk|87/100 psn|[from] psn
|upkeep
|turn|8
|
|t:|1781435692
|switch|p1a: Great Tusk|Great Tusk|100/100
|-activate|p1a: Great Tusk|ability: Protosynthesis
|-start|p1a: Great Tusk|protosynthesisatk
|move|p2a: Great Tusk|Headlong Rush|p1a: Great Tusk
|-damage|p1a: Great Tusk|62/100
|-unboost|p2a: Great Tusk|def|1
|-unboost|p2a: Great Tusk|spd|1
|
|-weather|none
|-end|p2a: Great Tusk|Protosynthesis
|-end|p1a: Great Tusk|Protosynthesis
|-damage|p2a: Great Tusk|74/100 psn|[from] psn
|upkeep
|-enditem|p1a: Great Tusk|Booster Energy
|-activate|p1a: Great Tusk|ability: Protosynthesis|[fromitem]
|-start|p1a: Great Tusk|protosynthesisatk
|turn|9
|
|t:|1781435703
|-end|p2a: Great Tusk|Protosynthesis|[silent]
|switch|p2a: Slither Wing|Slither Wing|100/100
|-end|p1a: Great Tusk|Protosynthesis|[silent]
|switch|p1a: Glimmora|Glimmora, M|92/100
|
|upkeep
|turn|10
|
|t:|1781435709
|-end|p2a: Slither Wing|Protosynthesis|[silent]
|switch|p2a: Great Tusk|Great Tusk|74/100 psn
|move|p1a: Glimmora|Stealth Rock|p2a: Great Tusk
|-sidestart|p2: dante1310|move: Stealth Rock
|
|-damage|p2a: Great Tusk|62/100 psn|[from] psn
|upkeep
|turn|11
|
|t:|1781435714
|move|p2a: Great Tusk|Headlong Rush|p1a: Glimmora
|-supereffective|p1a: Glimmora
|-damage|p1a: Glimmora|0 fnt
|-unboost|p2a: Great Tusk|def|1
|-unboost|p2a: Great Tusk|spd|1
|-activate|p1a: Glimmora|ability: Toxic Debris
|-sidestart|p2: dante1310|move: Toxic Spikes
|faint|p1a: Glimmora
|
|-damage|p2a: Great Tusk|49/100 psn|[from] psn
|upkeep
|
|t:|1781435721
|switch|p1a: Iron Valiant|Iron Valiant|100/100
|-enditem|p1a: Iron Valiant|Booster Energy
|-activate|p1a: Iron Valiant|ability: Quark Drive|[fromitem]
|-start|p1a: Iron Valiant|quarkdrivespe
|turn|12
|
|t:|1781435734
|-end|p2a: Great Tusk|Protosynthesis|[silent]
|switch|p2a: Torkoal|Torkoal, M|100/100
|-damage|p2a: Torkoal|76/100|[from] Stealth Rock
|-status|p2a: Torkoal|psn
|-weather|SunnyDay|[from] ability: Drought|[of] p2a: Torkoal
|move|p1a: Iron Valiant|Moonblast|p2a: Torkoal
|-resisted|p2a: Torkoal
|-damage|p2a: Torkoal|56/100 psn
|-unboost|p2a: Torkoal|spa|1
|
|-weather|SunnyDay|[upkeep]
|-damage|p2a: Torkoal|44/100 psn|[from] psn
|upkeep
|turn|13
|
|t:|1781435748
|move|p1a: Iron Valiant|Close Combat|p2a: Torkoal
|-damage|p2a: Torkoal|4/100 psn
|-unboost|p1a: Iron Valiant|def|1
|-unboost|p1a: Iron Valiant|spd|1
|move|p2a: Torkoal|Rapid Spin|p1a: Iron Valiant
|-damage|p1a: Iron Valiant|82/100
|-boost|p2a: Torkoal|spe|1
|-sideend|p2: dante1310|Toxic Spikes|[from] move: Rapid Spin|[of] p2a: Torkoal
|-sideend|p2: dante1310|Stealth Rock|[from] move: Rapid Spin|[of] p2a: Torkoal
|
|-weather|SunnyDay|[upkeep]
|-damage|p2a: Torkoal|0 fnt|[from] psn
|faint|p2a: Torkoal
|upkeep
|
|t:|1781435754
|switch|p2a: Walking Wake|Walking Wake|100/100
|-activate|p2a: Walking Wake|ability: Protosynthesis
|-start|p2a: Walking Wake|protosynthesisspe
|turn|14
|
|t:|1781435760
|-terastallize|p2a: Walking Wake|Water
|move|p1a: Iron Valiant|Moonblast|p2a: Walking Wake
|-damage|p2a: Walking Wake|64/100
|-unboost|p2a: Walking Wake|spa|1
|move|p2a: Walking Wake|Hydro Steam|p1a: Iron Valiant
|-damage|p1a: Iron Valiant|0 fnt
|faint|p1a: Iron Valiant
|-end|p1a: Iron Valiant|Quark Drive|[silent]
|
|-weather|SunnyDay|[upkeep]
|upkeep
|
|t:|1781435767
|switch|p1a: Alomomola|Alomomola, F|47/100
|turn|15
|
|t:|1781435770
|move|p2a: Walking Wake|Flip Turn|p1a: Alomomola
|-resisted|p1a: Alomomola
|-damage|p1a: Alomomola|43/100
|
|t:|1781435774
|-end|p2a: Walking Wake|Protosynthesis|[silent]
|switch|p2a: Slither Wing|Slither Wing|100/100|[from] Flip Turn
|-activate|p2a: Slither Wing|ability: Protosynthesis
|-start|p2a: Slither Wing|protosynthesisatk
|move|p1a: Alomomola|Flip Turn|p2a: Slither Wing
|-damage|p2a: Slither Wing|94/100
|-damage|p1a: Alomomola|26/100|[from] item: Rocky Helmet|[of] p2a: Slither Wing
|
|t:|1781435781
|switch|p1a: Hoopa|Hoopa-Unbound|100/100|[from] Flip Turn
|
|-weather|SunnyDay|[upkeep]
|upkeep
|turn|16
|
|t:|1781435799
|-terastallize|p1a: Hoopa|Ghost
|move|p2a: Slither Wing|First Impression|p1a: Hoopa
|-resisted|p1a: Hoopa
|-damage|p1a: Hoopa|67/100
|move|p1a: Hoopa|Psychic Noise|p2a: Slither Wing
|-supereffective|p2a: Slither Wing
|-damage|p2a: Slither Wing|6/100
|-start|p2a: Slither Wing|move: Heal Block
|
|-weather|SunnyDay|[upkeep]
|-heal|p1a: Hoopa|73/100|[from] item: Leftovers
|upkeep
|turn|17
|
|t:|1781435811
|-end|p2a: Slither Wing|Protosynthesis|[silent]
|switch|p2a: Raging Bolt|Raging Bolt|100/100
|-activate|p2a: Raging Bolt|ability: Protosynthesis
|-start|p2a: Raging Bolt|protosynthesisspa
|switch|p1a: Alomomola|Alomomola, F|60/100
|
|-weather|SunnyDay|[upkeep]
|upkeep
|turn|18
|
|t:|1781435815
|switch|p1a: Great Tusk|Great Tusk|62/100
|-activate|p1a: Great Tusk|ability: Protosynthesis
|-start|p1a: Great Tusk|protosynthesisatk
|move|p2a: Raging Bolt|Draco Meteor|p1a: Great Tusk
|-damage|p1a: Great Tusk|0 fnt
|-unboost|p2a: Raging Bolt|spa|2
|faint|p1a: Great Tusk
|-end|p1a: Great Tusk|Protosynthesis|[silent]
|
|-weather|SunnyDay|[upkeep]
|upkeep
|
|t:|1781435824
|switch|p1a: Hoopa|Hoopa-Unbound, tera:Ghost|73/100
|turn|19
|
|t:|1781435828
|move|p2a: Raging Bolt|Draco Meteor|p1a: Hoopa
|-damage|p1a: Hoopa|11/100
|-unboost|p2a: Raging Bolt|spa|2
|move|p1a: Hoopa|Substitute|p1a: Hoopa
|-fail|p1a: Hoopa|move: Substitute|[weak]
|
|-weather|none
|-end|p2a: Raging Bolt|Protosynthesis
|-heal|p1a: Hoopa|17/100|[from] item: Leftovers
|upkeep
|turn|20
|-message|Kirnil forfeited.
|
|win|dante1310
|raw|Kirnil's rating: 1589 &rarr; <strong>1567</strong><br />(-22 for losing)
|raw|dante1310's rating: 1549 &rarr; <strong>1571</strong><br />(+22 for winning)
|l|☆Kirnil
|player|p1|
|l| Puyu paz
|l|☆dante1310
|player|p2|
|j|☆dante1310
|player|p2|dante1310|wallace|
|j| Puyu paz
|l| Puyu paz
|l| peeekapeee
