|j|☆The median voter
|j|☆kooopooolooo
|t:|1781196016
|gametype|singles
|player|p1|The median voter|scientist-gen4dp|1660
|player|p2|kooopooolooo|102|1631
|gen|9
|tier|[Gen 9] OU
|rated|
|rule|HP Percentage Mod: HP is shown in percentages
|rule|Endless Battle Clause: Forcing endless battles is banned
|rule|Species Clause: Limit one of each Pokémon
|rule|OHKO Clause: OHKO moves are banned
|rule|Evasion Items Clause: Evasion items are banned
|rule|Evasion Moves Clause: Evasion moves are banned
|rule|Evasion Abilities Clause: Evasion abilities are banned
|rule|Sleep Moves Clause: Sleep-inducing moves are banned
|clearpoke
|poke|p1|Zapdos|
|poke|p1|Great Tusk|
|poke|p1|Hoopa-Unbound|
|poke|p1|Alomomola, F|
|poke|p1|Iron Valiant|
|poke|p1|Rillaboom, M|
|poke|p2|Tyranitar, M|
|poke|p2|Excadrill, M|
|poke|p2|Rotom-Wash|
|poke|p2|Latios, M|
|poke|p2|Landorus-Therian, M|
|poke|p2|Mamoswine, M|
|teampreview
|
|t:|1781196037
|teamsize|p1|6
|teamsize|p2|6
|start
|switch|p1a: Zealot|Rillaboom, M|100/100
|switch|p2a: Latios|Latios, M|100/100
|-fieldstart|move: Grassy Terrain|[from] ability: Grassy Surge|[of] p1a: Zealot
|turn|1
|
|t:|1781196074
|switch|p1a: The End of All|Hoopa-Unbound|100/100
|move|p2a: Latios|Draco Meteor|p1a: The End of All
|-damage|p1a: The End of All|61/100
|-unboost|p2a: Latios|spa|2
|
|-heal|p1a: The End of All|67/100|[from] Grassy Terrain
|upkeep
|turn|2
|
|t:|1781196079
|move|p2a: Latios|Flip Turn|p1a: The End of All
|-damage|p1a: The End of All|52/100
|
|t:|1781196104
|switch|p2a: Landorus|Landorus-Therian, M|100/100|[from] Flip Turn
|-ability|p2a: Landorus|Intimidate|boost
|-unboost|p1a: The End of All|atk|1
|move|p1a: The End of All|Psychic Noise|p2a: Landorus
|-damage|p2a: Landorus|54/100
|-start|p2a: Landorus|move: Heal Block
|
|-heal|p1a: The End of All|58/100|[from] Grassy Terrain
|upkeep
|turn|3
|
|t:|1781196111
|switch|p1a: Preacher|Zapdos|100/100
|move|p2a: Landorus|U-turn|p1a: Preacher
|-resisted|p1a: Preacher
|-damage|p1a: Preacher|93/100
|
|t:|1781196114
|switch|p2a: Mamoswine|Mamoswine, M|100/100|[from] U-turn
|
|upkeep
|turn|4
|
|t:|1781196120
|switch|p1a: Holy Envoy|Alomomola, F|100/100
|move|p2a: Mamoswine|Knock Off|p1a: Holy Envoy
|-damage|p1a: Holy Envoy|58/100
|-enditem|p1a: Holy Envoy|Assault Vest|[from] move: Knock Off|[of] p2a: Mamoswine
|
|-heal|p1a: Holy Envoy|64/100|[from] Grassy Terrain
|upkeep
|turn|5
|
|t:|1781196124
|switch|p2a: Rotom|Rotom-Wash|100/100
|move|p1a: Holy Envoy|Flip Turn|p2a: Rotom
|-resisted|p2a: Rotom
|-damage|p2a: Rotom|94/100
|
|t:|1781196126
|switch|p1a: Zealot|Rillaboom, M|100/100|[from] Flip Turn
|
|-heal|p2a: Rotom|99/100|[from] item: Leftovers
|-fieldend|move: Grassy Terrain
|upkeep
|turn|6
|
|t:|1781196130
|move|p1a: Zealot|Wood Hammer|p2a: Rotom
|-supereffective|p2a: Rotom
|-damage|p2a: Rotom|0 fnt
|faint|p2a: Rotom
|-damage|p1a: Zealot|74/100|[from] Recoil
|
|upkeep
|
|t:|1781196134
|switch|p2a: Latios|Latios, M|100/100
|turn|7
|
|t:|1781196139
|switch|p1a: The End of All|Hoopa-Unbound|58/100
|move|p2a: Latios|Flip Turn|p1a: The End of All
|-damage|p1a: The End of All|42/100
|
|t:|1781196142
|switch|p2a: Landorus|Landorus-Therian, M|54/100|[from] Flip Turn
|-ability|p2a: Landorus|Intimidate|boost
|-unboost|p1a: The End of All|atk|1
|
|upkeep
|turn|8
|
|t:|1781196149
|switch|p1a: Preacher|Zapdos|93/100
|move|p2a: Landorus|Stealth Rock|p1a: Preacher
|-sidestart|p1: The median voter|move: Stealth Rock
|
|upkeep
|turn|9
|j| singles player 99
|
|t:|1781196156
|switch|p2a: Tyranitar|Tyranitar, M|100/100
|-weather|Sandstorm|[from] ability: Sand Stream|[of] p2a: Tyranitar
|move|p1a: Preacher|U-turn|p2a: Tyranitar
|-supereffective|p2a: Tyranitar
|-damage|p2a: Tyranitar|79/100
|
|t:|1781196159
|switch|p1a: Zealot|Rillaboom, M|74/100|[from] U-turn
|-damage|p1a: Zealot|62/100|[from] Stealth Rock
|-fieldstart|move: Grassy Terrain|[from] ability: Grassy Surge|[of] p1a: Zealot
|
|-weather|Sandstorm|[upkeep]
|-damage|p1a: Zealot|56/100|[from] Sandstorm
|-heal|p1a: Zealot|62/100|[from] Grassy Terrain
|-heal|p2a: Tyranitar|85/100|[from] Grassy Terrain
|upkeep
|turn|10
|c| singles player 99|glhf
|
|t:|1781196163
|switch|p2a: Landorus|Landorus-Therian, M|54/100
|-ability|p2a: Landorus|Intimidate|boost
|-unboost|p1a: Zealot|atk|1
|-terastallize|p1a: Zealot|Grass
|move|p1a: Zealot|Grassy Glide|p2a: Landorus
|-damage|p2a: Landorus|2/100
|-damage|p1a: Zealot|45/100|[from] item: Rocky Helmet|[of] p2a: Landorus
|
|-weather|Sandstorm|[upkeep]
|-damage|p1a: Zealot|39/100|[from] Sandstorm
|-heal|p1a: Zealot|45/100|[from] Grassy Terrain
|upkeep
|turn|11
|
|t:|1781196173
|move|p1a: Zealot|Grassy Glide|p2a: Landorus
|-damage|p2a: Landorus|0 fnt
|-damage|p1a: Zealot|29/100|[from] item: Rocky Helmet|[of] p2a: Landorus
|faint|p2a: Landorus
|
|-weather|Sandstorm|[upkeep]
|-damage|p1a: Zealot|22/100|[from] Sandstorm
|-heal|p1a: Zealot|29/100|[from] Grassy Terrain
|upkeep
|
|t:|1781196174
|switch|p2a: Latios|Latios, M|100/100
|turn|12
|
|t:|1781196184
|switch|p1a: Holy Envoy|Alomomola, F|97/100
|-damage|p1a: Holy Envoy|85/100|[from] Stealth Rock
|move|p2a: Latios|Draco Meteor|p1a: Holy Envoy
|-damage|p1a: Holy Envoy|24/100
|-unboost|p2a: Latios|spa|2
|
|-weather|Sandstorm|[upkeep]
|-damage|p2a: Latios|95/100|[from] Sandstorm
|-damage|p1a: Holy Envoy|18/100|[from] Sandstorm
|-heal|p1a: Holy Envoy|24/100|[from] Grassy Terrain
|upkeep
|turn|13
|
|t:|1781196189
|switch|p1a: Preacher|Zapdos|93/100
|move|p2a: Latios|Flip Turn|p1a: Preacher
|-damage|p1a: Preacher|84/100
|
|t:|1781196193
|switch|p2a: Mamoswine|Mamoswine, M|100/100|[from] Flip Turn
|
|-weather|none
|-fieldend|move: Grassy Terrain
|upkeep
|turn|14
|j| infopro play392
|
|t:|1781196200
|move|p2a: Mamoswine|Earthquake|p1a: Preacher
|-immune|p1a: Preacher
|move|p1a: Preacher|U-turn|p2a: Mamoswine
|-damage|p2a: Mamoswine|85/100
|
|t:|1781196202
|switch|p1a: Zealot|Rillaboom, M, tera:Grass|29/100|[from] U-turn
|-damage|p1a: Zealot|16/100|[from] Stealth Rock
|-fieldstart|move: Grassy Terrain|[from] ability: Grassy Surge|[of] p1a: Zealot
|
|-heal|p2a: Mamoswine|91/100|[from] Grassy Terrain
|-heal|p1a: Zealot|22/100|[from] Grassy Terrain
|upkeep
|turn|15
|
|t:|1781196206
|move|p2a: Mamoswine|Earthquake|p1a: Zealot
|-resisted|p1a: Zealot
|-damage|p1a: Zealot|3/100
|move|p1a: Zealot|U-turn|p2a: Mamoswine
|-damage|p2a: Mamoswine|50/100
|
|t:|1781196215
|switch|p1a: Preacher|Zapdos|84/100|[from] U-turn
|
|-heal|p2a: Mamoswine|56/100|[from] Grassy Terrain
|upkeep
|turn|16
|
|t:|1781196221
|switch|p2a: Tyranitar|Tyranitar, M|85/100
|-weather|Sandstorm|[from] ability: Sand Stream|[of] p2a: Tyranitar
|move|p1a: Preacher|Hurricane|p2a: Tyranitar|[miss]
|-miss|p1a: Preacher|p2a: Tyranitar
|
|-weather|Sandstorm|[upkeep]
|-damage|p1a: Preacher|78/100|[from] Sandstorm
|-heal|p2a: Tyranitar|91/100|[from] Grassy Terrain
|upkeep
|turn|17
|
|t:|1781196225
|move|p1a: Preacher|U-turn|p2a: Tyranitar
|-supereffective|p2a: Tyranitar
|-damage|p2a: Tyranitar|68/100
|
|t:|1781196228
|switch|p1a: Templar|Great Tusk|100/100|[from] U-turn
|move|p2a: Tyranitar|Knock Off|p1a: Templar
|-resisted|p1a: Templar
|-damage|p1a: Templar|86/100
|-enditem|p1a: Templar|Heavy-Duty Boots|[from] move: Knock Off|[of] p2a: Tyranitar
|
|-weather|Sandstorm|[upkeep]
|-heal|p1a: Templar|92/100|[from] Grassy Terrain
|-heal|p2a: Tyranitar|75/100|[from] Grassy Terrain
|upkeep
|turn|18
|
|t:|1781196231
|move|p1a: Templar|Rapid Spin|p2a: Tyranitar
|-resisted|p2a: Tyranitar
|-damage|p2a: Tyranitar|67/100
|-boost|p1a: Templar|spe|1
|-sideend|p1: The median voter|Stealth Rock|[from] move: Rapid Spin|[of] p1a: Templar
|move|p2a: Tyranitar|Ice Beam|p1a: Templar
|-supereffective|p1a: Templar
|-damage|p1a: Templar|36/100
|
|-weather|Sandstorm|[upkeep]
|-heal|p1a: Templar|42/100|[from] Grassy Terrain
|-heal|p2a: Tyranitar|74/100|[from] Grassy Terrain
|-fieldend|move: Grassy Terrain
|upkeep
|turn|19
|
|t:|1781196234
|switch|p2a: Latios|Latios, M|95/100
|move|p1a: Templar|Headlong Rush|p2a: Latios
|-immune|p2a: Latios|[from] ability: Levitate
|
|-weather|Sandstorm|[upkeep]
|-damage|p2a: Latios|89/100|[from] Sandstorm
|upkeep
|turn|20
|
|t:|1781196238
|-end|p1a: Templar|Protosynthesis|[silent]
|switch|p1a: Acolyte|Iron Valiant|100/100
|-enditem|p1a: Acolyte|Booster Energy
|-activate|p1a: Acolyte|ability: Quark Drive|[fromitem]
|-start|p1a: Acolyte|quarkdrivespe
|move|p2a: Latios|Psychic Noise|p1a: Acolyte
|-supereffective|p1a: Acolyte
|-damage|p1a: Acolyte|0 fnt
|faint|p1a: Acolyte
|-end|p1a: Acolyte|Quark Drive|[silent]
|
|-weather|none
|upkeep
|
|t:|1781196243
|switch|p1a: The End of All|Hoopa-Unbound|42/100
|turn|21
|
|t:|1781196246
|move|p2a: Latios|Flip Turn|p1a: The End of All
|-damage|p1a: The End of All|25/100
|
|t:|1781196249
|switch|p2a: Mamoswine|Mamoswine, M|56/100|[from] Flip Turn
|move|p1a: The End of All|Drain Punch|p2a: Mamoswine
|-supereffective|p2a: Mamoswine
|-damage|p2a: Mamoswine|0 fnt
|-heal|p1a: The End of All|52/100|[from] drain|[of] p2a: Mamoswine
|faint|p2a: Mamoswine
|
|upkeep
|
|t:|1781196252
|switch|p2a: Tyranitar|Tyranitar, M|74/100
|-weather|Sandstorm|[from] ability: Sand Stream|[of] p2a: Tyranitar
|turn|22
|
|t:|1781196264
|switch|p1a: Preacher|Zapdos|78/100
|move|p2a: Tyranitar|Knock Off|p1a: Preacher
|-damage|p1a: Preacher|47/100
|-enditem|p1a: Preacher|Heavy-Duty Boots|[from] move: Knock Off|[of] p2a: Tyranitar
|
|-weather|Sandstorm|[upkeep]
|-damage|p1a: Preacher|41/100|[from] Sandstorm
|upkeep
|turn|23
|
|t:|1781196270
|switch|p2a: Excadrill|Excadrill, M|100/100
|-item|p2a: Excadrill|Air Balloon
|move|p1a: Preacher|Roost|p1a: Preacher
|-heal|p1a: Preacher|91/100
|-singleturn|p1a: Preacher|move: Roost
|
|-weather|Sandstorm|[upkeep]
|-damage|p1a: Preacher|85/100|[from] Sandstorm
|upkeep
|turn|24
|
|t:|1781196276
|move|p2a: Excadrill|Swords Dance|p2a: Excadrill
|-boost|p2a: Excadrill|atk|2
|move|p1a: Preacher|Hurricane|p2a: Excadrill
|-resisted|p2a: Excadrill
|-damage|p2a: Excadrill|75/100
|-enditem|p2a: Excadrill|Air Balloon
|
|-weather|Sandstorm|[upkeep]
|-damage|p1a: Preacher|79/100|[from] Sandstorm
|upkeep
|turn|25
|
|t:|1781196280
|move|p2a: Excadrill|Iron Head|p1a: Preacher
|-resisted|p1a: Preacher
|-damage|p1a: Preacher|50/100
|move|p1a: Preacher|U-turn|p2a: Excadrill
|-resisted|p2a: Excadrill
|-damage|p2a: Excadrill|66/100
|
|t:|1781196285
|switch|p1a: Holy Envoy|Alomomola, F|57/100|[from] U-turn
|
|-weather|Sandstorm|[upkeep]
|-damage|p1a: Holy Envoy|51/100|[from] Sandstorm
|upkeep
|turn|26
|
|t:|1781196288
|move|p2a: Excadrill|Earthquake|p1a: Holy Envoy
|-damage|p1a: Holy Envoy|0 fnt
|faint|p1a: Holy Envoy
|
|-weather|none
|upkeep
|
|t:|1781196296
|switch|p1a: Zealot|Rillaboom, M, tera:Grass|3/100
|-fieldstart|move: Grassy Terrain|[from] ability: Grassy Surge|[of] p1a: Zealot
|turn|27
|
|t:|1781196299
|move|p1a: Zealot|Grassy Glide|p2a: Excadrill
|-damage|p2a: Excadrill|0 fnt
|faint|p2a: Excadrill
|
|-heal|p1a: Zealot|9/100|[from] Grassy Terrain
|upkeep
|
|t:|1781196300
|switch|p2a: Latios|Latios, M|89/100
|turn|28
|
|t:|1781196305
|switch|p1a: Preacher|Zapdos|50/100
|move|p2a: Latios|Psychic Noise|p1a: Preacher
|-damage|p1a: Preacher|3/100
|-start|p1a: Preacher|move: Heal Block
|
|upkeep
|turn|29
|
|t:|1781196308
|move|p2a: Latios|Psychic Noise|p1a: Preacher
|-damage|p1a: Preacher|0 fnt
|faint|p1a: Preacher
|
|upkeep
|
|t:|1781196311
|switch|p1a: The End of All|Hoopa-Unbound|52/100
|turn|30
|
|t:|1781196313
|-terastallize|p2a: Latios|Dragon
|move|p2a: Latios|Draco Meteor|p1a: The End of All
|-damage|p1a: The End of All|0 fnt
|-unboost|p2a: Latios|spa|2
|faint|p1a: The End of All
|
|upkeep
|
|t:|1781196319
|switch|p1a: Zealot|Rillaboom, M, tera:Grass|9/100
|turn|31
|
|t:|1781196321
|move|p1a: Zealot|Grassy Glide|p2a: Latios
|-resisted|p2a: Latios
|-damage|p2a: Latios|31/100
|move|p2a: Latios|Psychic Noise|p1a: Zealot
|-damage|p1a: Zealot|0 fnt
|faint|p1a: Zealot
|
|-fieldend|move: Grassy Terrain
|upkeep
|
|t:|1781196324
|switch|p1a: Templar|Great Tusk|42/100
|turn|32
|-message|The median voter forfeited.
|
|win|kooopooolooo
|raw|The median voter's rating: 1660 &rarr; <strong>1638</strong><br />(-22 for losing)
|raw|kooopooolooo's rating: 1631 &rarr; <strong>1653</strong><br />(+22 for winning)
|l|☆The median voter
|player|p1|
|l| singles player 99
|l|☆kooopooolooo
|player|p2|
