|j|☆runningdan
|j|☆TsekaiAndIncognito
|t:|1781099486
|gametype|singles
|player|p1|runningdan|265|1630
|player|p2|TsekaiAndIncognito|170|1556
|gen|9
|tier|[Gen 9] OU
|rated|
|rule|HP Percentage Mod: HP is shown in percentages
|rule|Endless Battle Clause: Forcing endless battles is banned
|rule|Species Clause: Limit one of each Pokémon
|rule|OHKO Clause: OHKO moves are banned
|rule|Evasion Items Clause: Evasion items are banned
|rule|Evasion Moves Clause: Evasion moves are banned
|rule|Evasion Abilities Clause: Evasion abilities are banned
|rule|Sleep Moves Clause: Sleep-inducing moves are banned
|clearpoke
|poke|p1|Great Tusk|
|poke|p1|Ninetales-Alola, M|
|poke|p1|Darkrai|
|poke|p1|Gliscor, M|
|poke|p1|Hatterene, F|
|poke|p1|Ceruledge, F|
|poke|p2|Heatran, M|
|poke|p2|Iron Hands|
|poke|p2|Kingambit, F|
|poke|p2|Dragapult, F|
|poke|p2|Hoopa-Unbound|
|poke|p2|Zapdos|
|teampreview
|inactive|Battle timer is ON: inactive players will automatically lose when time's up. (requested by runningdan)
|
|t:|1781099510
|teamsize|p1|6
|teamsize|p2|6
|start
|switch|p1a: Ninetales|Ninetales-Alola, M|100/100
|switch|p2a: Hoopa|Hoopa-Unbound|100/100
|-weather|Snowscape|[from] ability: Snow Warning|[of] p1a: Ninetales
|turn|1
|
|t:|1781099517
|move|p1a: Ninetales|Aurora Veil|p1a: Ninetales
|-sidestart|p1: runningdan|move: Aurora Veil
|move|p2a: Hoopa|Gunk Shot|p1a: Ninetales
|-supereffective|p1a: Ninetales
|-damage|p1a: Ninetales|29/100
|-status|p1a: Ninetales|psn
|
|-weather|Snowscape|[upkeep]
|-damage|p1a: Ninetales|16/100 psn|[from] psn
|upkeep
|turn|2
|
|t:|1781099534
|switch|p1a: Gliscor|Gliscor, M|100/100
|switch|p2a: Heatran|Heatran, M|100/100
|
|-weather|Snowscape|[upkeep]
|-status|p1a: Gliscor|tox|[from] item: Toxic Orb
|upkeep
|turn|3
|
|t:|1781099543
|switch|p2a: Dragapult|Dragapult, F|100/100
|move|p1a: Gliscor|Swords Dance|p1a: Gliscor
|-boost|p1a: Gliscor|atk|2
|
|-weather|Snowscape|[upkeep]
|upkeep
|turn|4
|
|t:|1781099555
|move|p2a: Dragapult|Draco Meteor|p1a: Gliscor
|-damage|p1a: Gliscor|8/100 tox
|-unboost|p2a: Dragapult|spa|2
|move|p1a: Gliscor|Agility|p1a: Gliscor
|-boost|p1a: Gliscor|spe|2
|
|-weather|Snowscape|[upkeep]
|-heal|p1a: Gliscor|21/100 tox|[from] ability: Poison Heal
|upkeep
|turn|5
|c|☆runningdan|fucking what
|
|t:|1781099571
|switch|p2a: Kingambit|Kingambit, F|100/100
|move|p1a: Gliscor|Earthquake|p2a: Kingambit
|-supereffective|p2a: Kingambit
|-damage|p2a: Kingambit|0 fnt
|faint|p2a: Kingambit
|-end|p2a: Kingambit|fallenundefined|[silent]
|
|-weather|none
|-heal|p1a: Gliscor|33/100 tox|[from] ability: Poison Heal
|upkeep
|
|t:|1781099580
|switch|p2a: Zapdos|Zapdos|100/100
|turn|6
|
|t:|1781099585
|switch|p2a: Dragapult|Dragapult, F|100/100
|move|p1a: Gliscor|Facade|p2a: Dragapult
|-immune|p2a: Dragapult
|
|-heal|p1a: Gliscor|46/100 tox|[from] ability: Poison Heal
|upkeep
|turn|7
|
|t:|1781099590
|switch|p2a: Zapdos|Zapdos|100/100
|move|p1a: Gliscor|Swords Dance|p1a: Gliscor
|-boost|p1a: Gliscor|atk|2
|
|-heal|p1a: Gliscor|58/100 tox|[from] ability: Poison Heal
|upkeep
|turn|8
|
|t:|1781099594
|move|p1a: Gliscor|Facade|p2a: Zapdos
|-damage|p2a: Zapdos|32/100
|-damage|p1a: Gliscor|42/100 tox|[from] item: Rocky Helmet|[of] p2a: Zapdos
|move|p2a: Zapdos|Hurricane|p1a: Gliscor|[miss]
|-miss|p2a: Zapdos|p1a: Gliscor
|
|-heal|p1a: Gliscor|54/100 tox|[from] ability: Poison Heal
|-sideend|p1: runningdan|move: Aurora Veil
|upkeep
|turn|9
|
|t:|1781099602
|move|p1a: Gliscor|Facade|p2a: Zapdos
|-damage|p2a: Zapdos|0 fnt
|-damage|p1a: Gliscor|38/100 tox|[from] item: Rocky Helmet|[of] p2a: Zapdos
|faint|p2a: Zapdos
|
|-heal|p1a: Gliscor|50/100 tox|[from] ability: Poison Heal
|upkeep
|
|t:|1781099605
|switch|p2a: Iron Hands|Iron Hands|100/100
|-enditem|p2a: Iron Hands|Booster Energy
|-activate|p2a: Iron Hands|ability: Quark Drive|[fromitem]
|-start|p2a: Iron Hands|quarkdriveatk
|turn|10
|inactive|runningdan has 120 seconds left.
|
|t:|1781099664
|move|p1a: Gliscor|Facade|p2a: Iron Hands
|-crit|p2a: Iron Hands
|-damage|p2a: Iron Hands|12/100
|move|p2a: Iron Hands|Ice Punch|p1a: Gliscor
|-supereffective|p1a: Gliscor
|-damage|p1a: Gliscor|0 fnt
|faint|p1a: Gliscor
|
|upkeep
|
|t:|1781099674
|switch|p1a: Ninetales|Ninetales-Alola, M|16/100 psn
|-weather|Snowscape|[from] ability: Snow Warning|[of] p1a: Ninetales
|turn|11
|
|t:|1781099678
|move|p1a: Ninetales|Aurora Veil|p1a: Ninetales
|-sidestart|p1: runningdan|move: Aurora Veil
|move|p2a: Iron Hands|Drain Punch|p1a: Ninetales
|-damage|p1a: Ninetales|0 fnt
|-heal|p2a: Iron Hands|18/100|[from] drain|[of] p1a: Ninetales
|faint|p1a: Ninetales
|
|-weather|Snowscape|[upkeep]
|upkeep
|
|t:|1781099689
|switch|p1a: Great Tusk|Great Tusk|100/100
|turn|12
|
|t:|1781099692
|-end|p2a: Iron Hands|Quark Drive|[silent]
|switch|p2a: Dragapult|Dragapult, F|100/100
|move|p1a: Great Tusk|Rapid Spin|p2a: Dragapult
|-immune|p2a: Dragapult
|
|-weather|Snowscape|[upkeep]
|upkeep
|turn|13
|
|t:|1781099699
|-terastallize|p2a: Dragapult|Ghost
|move|p2a: Dragapult|Shadow Ball|p1a: Great Tusk
|-damage|p1a: Great Tusk|2/100
|move|p1a: Great Tusk|Ice Spinner|p2a: Dragapult
|-damage|p2a: Dragapult|67/100
|
|-weather|Snowscape|[upkeep]
|-heal|p1a: Great Tusk|8/100|[from] item: Leftovers
|upkeep
|turn|14
|inactive|runningdan has 120 seconds left.
|
|t:|1781099709
|-end|p1a: Great Tusk|Protosynthesis|[silent]
|switch|p1a: Darkrai|Darkrai|100/100
|move|p2a: Dragapult|Shadow Ball|p1a: Darkrai
|-resisted|p1a: Darkrai
|-damage|p1a: Darkrai|57/100
|
|-weather|Snowscape|[upkeep]
|-heal|p1a: Darkrai|63/100|[from] item: Leftovers
|upkeep
|turn|15
|
|t:|1781099718
|switch|p2a: Iron Hands|Iron Hands|18/100
|move|p1a: Darkrai|Dark Pulse|p2a: Iron Hands
|-resisted|p2a: Iron Hands
|-damage|p2a: Iron Hands|0 fnt
|faint|p2a: Iron Hands
|-end|p2a: Iron Hands|Quark Drive|[silent]
|
|-weather|none
|-heal|p1a: Darkrai|70/100|[from] item: Leftovers
|upkeep
|
|t:|1781099720
|switch|p2a: Hoopa|Hoopa-Unbound|100/100
|turn|16
|
|t:|1781099739
|move|p1a: Darkrai|Nasty Plot|p1a: Darkrai
|-boost|p1a: Darkrai|spa|2
|move|p2a: Hoopa|Drain Punch|p1a: Darkrai
|-supereffective|p1a: Darkrai
|-damage|p1a: Darkrai|4/100
|
|-heal|p1a: Darkrai|10/100|[from] item: Leftovers
|upkeep
|turn|17
|
|t:|1781099756
|move|p1a: Darkrai|Dark Pulse|p2a: Hoopa
|-damage|p2a: Hoopa|17/100
|move|p2a: Hoopa|Drain Punch|p1a: Darkrai
|-supereffective|p1a: Darkrai
|-damage|p1a: Darkrai|0 fnt
|-heal|p2a: Hoopa|21/100|[from] drain|[of] p1a: Darkrai
|faint|p1a: Darkrai
|
|upkeep
|
|t:|1781099769
|switch|p1a: Great Tusk|Great Tusk|8/100
|turn|18
|inactive|TsekaiAndIncognito has 120 seconds left.
|
|t:|1781099801
|move|p2a: Hoopa|Drain Punch|p1a: Great Tusk
|-damage|p1a: Great Tusk|0 fnt
|-heal|p2a: Hoopa|27/100|[from] drain|[of] p1a: Great Tusk
|faint|p1a: Great Tusk
|-end|p1a: Great Tusk|Protosynthesis|[silent]
|
|-sideend|p1: runningdan|move: Aurora Veil
|upkeep
|
|t:|1781099811
|switch|p1a: Ceruledge|Ceruledge, F|100/100
|turn|19
|inactive|runningdan has 120 seconds left.
|
|t:|1781099838
|switch|p2a: Heatran|Heatran, M|100/100
|-terastallize|p1a: Ceruledge|Bug
|move|p1a: Ceruledge|Swords Dance|p1a: Ceruledge
|-boost|p1a: Ceruledge|atk|2
|
|upkeep
|turn|20
|
|t:|1781099845
|move|p2a: Heatran|Power Gem|p1a: Ceruledge
|-supereffective|p1a: Ceruledge
|-damage|p1a: Ceruledge|26/100
|move|p1a: Ceruledge|Taunt|p2a: Heatran
|-start|p2a: Heatran|move: Taunt
|
|upkeep
|turn|21
|
|t:|1781099851
|switch|p1a: Hatterene|Hatterene, F|100/100
|move|p2a: Heatran|Power Gem|p1a: Hatterene
|-damage|p1a: Hatterene|53/100
|
|-heal|p1a: Hatterene|59/100|[from] item: Leftovers
|upkeep
|turn|22
|
|t:|1781099856
|switch|p2a: Dragapult|Dragapult, F, tera:Ghost|67/100
|move|p1a: Hatterene|Nuzzle|p2a: Dragapult
|-damage|p2a: Dragapult|61/100
|-status|p2a: Dragapult|par
|
|-heal|p1a: Hatterene|65/100|[from] item: Leftovers
|upkeep
|turn|23
|
|t:|1781099869
|cant|p2a: Dragapult|par
|move|p1a: Hatterene|Psyshock|p2a: Dragapult
|-damage|p2a: Dragapult|13/100 par
|
|-heal|p1a: Hatterene|71/100|[from] item: Leftovers
|upkeep
|turn|24
|
|t:|1781099881
|cant|p2a: Dragapult|par
|move|p1a: Hatterene|Psyshock|p2a: Dragapult
|-damage|p2a: Dragapult|0 fnt
|faint|p2a: Dragapult
|
|-heal|p1a: Hatterene|77/100|[from] item: Leftovers
|upkeep
|
|t:|1781099888
|switch|p2a: Hoopa|Hoopa-Unbound|27/100
|turn|25
|
|t:|1781099902
|move|p2a: Hoopa|Hyperspace Fury|p1a: Hatterene
|-damage|p1a: Hatterene|0 fnt
|-unboost|p2a: Hoopa|def|1
|faint|p1a: Hatterene
|
|upkeep
|
|t:|1781099907
|switch|p1a: Ceruledge|Ceruledge, F, tera:Bug|26/100
|turn|26
|
|t:|1781099910
|move|p1a: Ceruledge|Shadow Sneak|p2a: Hoopa
|-damage|p2a: Hoopa|0 fnt
|faint|p2a: Hoopa
|
|upkeep
|
|t:|1781099920
|switch|p2a: Heatran|Heatran, M|100/100
|turn|27
|c|☆TsekaiAndIncognito|gg
|c|☆runningdan|had no idea dragpult CS damage was that insane
|inactive|runningdan has 120 seconds left.
|
|t:|1781099956
|move|p2a: Heatran|Power Gem|p1a: Ceruledge
|-supereffective|p1a: Ceruledge
|-damage|p1a: Ceruledge|0 fnt
|faint|p1a: Ceruledge
|
|win|TsekaiAndIncognito
|raw|runningdan's rating: 1630 &rarr; <strong>1606</strong><br />(-24 for losing)
|raw|TsekaiAndIncognito's rating: 1556 &rarr; <strong>1580</strong><br />(+24 for winning)
|c|☆runningdan|gg
|c|☆TsekaiAndIncognito|Stand proud
|c|☆TsekaiAndIncognito|you are strong
|l|☆runningdan
|player|p1|
