|j|☆tb poke
|j|‽LT_Alt1
|t:|1781169504
|gametype|singles
|player|p1|tb poke|170|1710
|player|p2|LT_Alt1|266|1714
|gen|9
|tier|[Gen 9] OU
|rated|
|rule|HP Percentage Mod: HP is shown in percentages
|rule|Endless Battle Clause: Forcing endless battles is banned
|rule|Species Clause: Limit one of each Pokémon
|rule|OHKO Clause: OHKO moves are banned
|rule|Evasion Items Clause: Evasion items are banned
|rule|Evasion Moves Clause: Evasion moves are banned
|rule|Evasion Abilities Clause: Evasion abilities are banned
|rule|Sleep Moves Clause: Sleep-inducing moves are banned
|clearpoke
|poke|p1|Zamazenta-*|
|poke|p1|Iron Treads|
|poke|p1|Pecharunt|
|poke|p1|Tornadus-Therian, M|
|poke|p1|Clefable, F|
|poke|p1|Alomomola, F|
|poke|p2|Kyurem|
|poke|p2|Raging Bolt|
|poke|p2|Hatterene, F|
|poke|p2|Slowking-Galar, M|
|poke|p2|Ting-Lu|
|poke|p2|Corviknight, M|
|teampreview
|
|t:|1781169560
|teamsize|p1|6
|teamsize|p2|6
|start
|switch|p1a: Iron Treads|Iron Treads|100/100
|switch|p2a: Raging Bolt|Raging Bolt|100/100
|-item|p1a: Iron Treads|Air Balloon
|turn|1
|inactive|Battle timer is ON: inactive players will automatically lose when time's up. (requested by tb poke)
|
|t:|1781169589
|-end|p2a: Raging Bolt|Protosynthesis|[silent]
|switch|p2a: Corviknight|Corviknight, M|100/100
|-ability|p2a: Corviknight|Pressure
|move|p1a: Iron Treads|Earthquake|p2a: Corviknight
|-immune|p2a: Corviknight
|
|upkeep
|turn|2
|j| suckerpunchyou
|inactive|tb poke has 120 seconds left.
|
|t:|1781169627
|-end|p1a: Iron Treads|Quark Drive|[silent]
|switch|p1a: Pecharunt|Pecharunt|100/100
|move|p2a: Corviknight|Body Press|p1a: Pecharunt
|-immune|p1a: Pecharunt
|
|upkeep
|turn|3
|j| yuureisuisei
|inactive|tb poke has 120 seconds left.
|
|t:|1781169636
|switch|p2a: Slowking|Slowking-Galar, M|100/100
|move|p1a: Pecharunt|Shadow Ball|p2a: Slowking
|-supereffective|p2a: Slowking
|-damage|p2a: Slowking|65/100
|
|upkeep
|turn|4
|
|t:|1781169640
|move|p1a: Pecharunt|Parting Shot|p2a: Slowking
|-unboost|p2a: Slowking|atk|1
|-unboost|p2a: Slowking|spa|1
|
|t:|1781169642
|switch|p1a: Iron Treads|Iron Treads|100/100|[from] Parting Shot
|-item|p1a: Iron Treads|Air Balloon
|move|p2a: Slowking|Future Sight|p1a: Iron Treads
|-start|p2a: Slowking|move: Future Sight
|
|upkeep
|turn|5
|
|t:|1781169647
|switch|p2a: Corviknight|Corviknight, M|100/100
|-ability|p2a: Corviknight|Pressure
|move|p1a: Iron Treads|Earthquake|p2a: Corviknight
|-immune|p2a: Corviknight
|
|upkeep
|turn|6
|
|t:|1781169656
|-end|p1a: Iron Treads|Quark Drive|[silent]
|switch|p1a: Alomomola|Alomomola, F|100/100
|switch|p2a: Slowking|Slowking-Galar, M|98/100
|
|-end|p1a: Alomomola|move: Future Sight
|-crit|p1a: Alomomola
|-damage|p1a: Alomomola|69/100
|upkeep
|turn|7
|
|t:|1781169665
|move|p1a: Alomomola|Flip Turn|p2a: Slowking
|-damage|p2a: Slowking|83/100
|
|t:|1781169674
|switch|p1a: Clefable|Clefable, F|100/100|[from] Flip Turn
|move|p2a: Slowking|Future Sight|p1a: Clefable
|-start|p2a: Slowking|move: Future Sight
|
|upkeep
|turn|8
|
|t:|1781169680
|move|p1a: Clefable|Knock Off|p2a: Slowking
|-supereffective|p2a: Slowking
|-damage|p2a: Slowking|58/100
|-enditem|p2a: Slowking|Shuca Berry|[from] move: Knock Off|[of] p1a: Clefable
|move|p2a: Slowking|Sludge Bomb|p1a: Clefable
|-supereffective|p1a: Clefable
|-damage|p1a: Clefable|37/100
|-status|p1a: Clefable|psn
|
|upkeep
|turn|9
|
|t:|1781169685
|switch|p1a: Iron Treads|Iron Treads|100/100
|-item|p1a: Iron Treads|Air Balloon
|move|p2a: Slowking|Flamethrower|p1a: Iron Treads
|-supereffective|p1a: Iron Treads
|-damage|p1a: Iron Treads|39/100
|-enditem|p1a: Iron Treads|Air Balloon
|
|-end|p1a: Iron Treads|move: Future Sight
|-resisted|p1a: Iron Treads
|-damage|p1a: Iron Treads|5/100
|upkeep
|turn|10
|
|t:|1781169690
|switch|p2a: Corviknight|Corviknight, M|100/100
|-ability|p2a: Corviknight|Pressure
|move|p1a: Iron Treads|Stealth Rock|p2a: Corviknight
|-sidestart|p2: LT_Alt1|move: Stealth Rock
|
|upkeep
|turn|11
|
|t:|1781169693
|-end|p1a: Iron Treads|Quark Drive|[silent]
|switch|p1a: Pecharunt|Pecharunt|100/100
|move|p2a: Corviknight|Defog|p1a: Pecharunt
|-unboost|p1a: Pecharunt|evasion|1
|-sideend|p2: LT_Alt1|Stealth Rock|[from] move: Defog|[of] p2a: Corviknight
|
|upkeep
|turn|12
|
|t:|1781169697
|switch|p2a: Slowking|Slowking-Galar, M|91/100
|move|p1a: Pecharunt|Shadow Ball|p2a: Slowking
|-supereffective|p2a: Slowking
|-damage|p2a: Slowking|60/100
|
|upkeep
|turn|13
|
|t:|1781169704
|move|p1a: Pecharunt|Parting Shot|p2a: Slowking
|-unboost|p2a: Slowking|atk|1
|-unboost|p2a: Slowking|spa|1
|j| firered27
|
|t:|1781169710
|switch|p1a: Tornadus|Tornadus-Therian, M|100/100|[from] Parting Shot
|move|p2a: Slowking|Future Sight|p1a: Tornadus
|-start|p2a: Slowking|move: Future Sight
|
|upkeep
|turn|14
|
|t:|1781169714
|move|p1a: Tornadus|Nasty Plot|p1a: Tornadus
|-boost|p1a: Tornadus|spa|2
|-prepare|p2a: Slowking|Chilly Reception|[premajor]
|move|p2a: Slowking|Chilly Reception|p2a: Slowking
|-weather|Snowscape
|
|t:|1781169717
|switch|p2a: Raging Bolt|Raging Bolt|100/100|[from] Chilly Reception
|
|-weather|Snowscape|[upkeep]
|upkeep
|turn|15
|
|t:|1781169728
|move|p1a: Tornadus|Bleakwind Storm|p2a: Raging Bolt
|-resisted|p2a: Raging Bolt
|-damage|p2a: Raging Bolt|63/100
|-damage|p1a: Tornadus|91/100|[from] item: Life Orb
|move|p2a: Raging Bolt|Thunderbolt|p1a: Tornadus
|-supereffective|p1a: Tornadus
|-damage|p1a: Tornadus|0 fnt
|faint|p1a: Tornadus
|
|-weather|Snowscape|[upkeep]
|-hint|Future Sight did not hit because the target is fainted.
|upkeep
|
|t:|1781169735
|switch|p1a: Iron Treads|Iron Treads|5/100
|turn|16
|
|t:|1781169739
|-end|p2a: Raging Bolt|Protosynthesis|[silent]
|switch|p2a: Corviknight|Corviknight, M|100/100
|-ability|p2a: Corviknight|Pressure
|move|p1a: Iron Treads|Earthquake|p2a: Corviknight
|-immune|p2a: Corviknight
|
|-weather|Snowscape|[upkeep]
|upkeep
|turn|17
|
|t:|1781169749
|switch|p2a: Hatterene|Hatterene, F|100/100
|move|p1a: Iron Treads|Stealth Rock|p2a: Hatterene
|move|p2a: Hatterene|Stealth Rock|p1a: Iron Treads|[from] ability: Magic Bounce
|-sidestart|p1: tb poke|move: Stealth Rock
|
|-weather|Snowscape|[upkeep]
|upkeep
|turn|18
|
|t:|1781169754
|switch|p2a: Corviknight|Corviknight, M|100/100
|-ability|p2a: Corviknight|Pressure
|move|p1a: Iron Treads|Rapid Spin|p2a: Corviknight
|-resisted|p2a: Corviknight
|-damage|p2a: Corviknight|95/100
|-boost|p1a: Iron Treads|spe|1
|-damage|p1a: Iron Treads|0 fnt|[from] item: Rocky Helmet|[of] p2a: Corviknight
|faint|p1a: Iron Treads
|-end|p1a: Iron Treads|Quark Drive|[silent]
|
|-weather|none
|upkeep
|
|t:|1781169761
|switch|p1a: Zamazenta|Zamazenta|100/100
|-damage|p1a: Zamazenta|94/100|[from] Stealth Rock
|-ability|p1a: Zamazenta|Dauntless Shield|boost
|-boost|p1a: Zamazenta|def|1
|turn|19
|
|t:|1781169769
|switch|p2a: Hatterene|Hatterene, F|100/100
|move|p1a: Zamazenta|Iron Defense|p1a: Zamazenta
|-boost|p1a: Zamazenta|def|2
|
|-heal|p1a: Zamazenta|100/100|[from] item: Leftovers
|upkeep
|turn|20
|
|t:|1781169773
|move|p1a: Zamazenta|Heavy Slam|p2a: Hatterene
|-supereffective|p2a: Hatterene
|-damage|p2a: Hatterene|42/100
|move|p2a: Hatterene|Nuzzle|p1a: Zamazenta
|-damage|p1a: Zamazenta|99/100
|-status|p1a: Zamazenta|par
|
|-heal|p1a: Zamazenta|100/100 par|[from] item: Leftovers
|-heal|p2a: Hatterene|48/100|[from] item: Leftovers
|upkeep
|turn|21
|
|t:|1781169787
|switch|p2a: Raging Bolt|Raging Bolt|63/100
|move|p1a: Zamazenta|Iron Defense|p1a: Zamazenta
|-boost|p1a: Zamazenta|def|2
|
|upkeep
|turn|22
|
|t:|1781169790
|move|p2a: Raging Bolt|Volt Switch|p1a: Zamazenta
|-damage|p1a: Zamazenta|62/100 par
|
|t:|1781169793
|-end|p2a: Raging Bolt|Protosynthesis|[silent]
|switch|p2a: Slowking|Slowking-Galar, M|94/100|[from] Volt Switch
|move|p1a: Zamazenta|Body Press|p2a: Slowking
|-resisted|p2a: Slowking
|-damage|p2a: Slowking|67/100
|
|-heal|p1a: Zamazenta|68/100 par|[from] item: Leftovers
|upkeep
|turn|23
|
|t:|1781169797
|move|p1a: Zamazenta|Crunch|p2a: Slowking
|-supereffective|p2a: Slowking
|-damage|p2a: Slowking|26/100
|move|p2a: Slowking|Future Sight|p1a: Zamazenta
|-start|p2a: Slowking|move: Future Sight
|
|-heal|p1a: Zamazenta|75/100 par|[from] item: Leftovers
|upkeep
|turn|24
|
|t:|1781169810
|switch|p2a: Corviknight|Corviknight, M|95/100
|-ability|p2a: Corviknight|Pressure
|move|p1a: Zamazenta|Iron Defense|p1a: Zamazenta
|-boost|p1a: Zamazenta|def|1
|
|-heal|p1a: Zamazenta|81/100 par|[from] item: Leftovers
|upkeep
|turn|25
|
|t:|1781169822
|switch|p2a: Slowking|Slowking-Galar, M|59/100
|-terastallize|p1a: Zamazenta|Dark
|move|p1a: Zamazenta|Body Press|p2a: Slowking
|-resisted|p2a: Slowking
|-damage|p2a: Slowking|28/100
|
|-end|p1a: Zamazenta|move: Future Sight
|-immune|p1a: Zamazenta
|-heal|p1a: Zamazenta|87/100 par|[from] item: Leftovers
|upkeep
|turn|26
|
|t:|1781169829
|switch|p2a: Hatterene|Hatterene, F|48/100
|cant|p1a: Zamazenta|par
|
|-heal|p1a: Zamazenta|93/100 par|[from] item: Leftovers
|-heal|p2a: Hatterene|54/100|[from] item: Leftovers
|upkeep
|turn|27
|
|t:|1781169835
|switch|p2a: Ting-Lu|Ting-Lu|100/100
|-ability|p2a: Ting-Lu|Vessel of Ruin
|move|p1a: Zamazenta|Heavy Slam|p2a: Ting-Lu
|-damage|p2a: Ting-Lu|95/100
|
|-heal|p1a: Zamazenta|99/100 par|[from] item: Leftovers
|-heal|p2a: Ting-Lu|100/100|[from] item: Leftovers
|upkeep
|turn|28
|
|t:|1781169841
|-terastallize|p2a: Ting-Lu|Ghost
|move|p1a: Zamazenta|Crunch|p2a: Ting-Lu
|-supereffective|p2a: Ting-Lu
|-damage|p2a: Ting-Lu|69/100
|-unboost|p2a: Ting-Lu|def|1
|move|p2a: Ting-Lu|Whirlwind|p1a: Zamazenta
|drag|p1a: Pecharunt|Pecharunt|100/100
|
|-heal|p2a: Ting-Lu|75/100|[from] item: Leftovers
|upkeep
|turn|29
|
|t:|1781169849
|switch|p2a: Raging Bolt|Raging Bolt|63/100
|move|p1a: Pecharunt|Shadow Ball|p2a: Raging Bolt
|-damage|p2a: Raging Bolt|48/100
|
|upkeep
|turn|30
|
|t:|1781169855
|move|p2a: Raging Bolt|Volt Switch|p1a: Pecharunt
|-damage|p1a: Pecharunt|63/100
|
|t:|1781169858
|-end|p2a: Raging Bolt|Protosynthesis|[silent]
|switch|p2a: Slowking|Slowking-Galar, M|62/100|[from] Volt Switch
|move|p1a: Pecharunt|Malignant Chain|p2a: Slowking
|-resisted|p2a: Slowking
|-damage|p2a: Slowking|52/100
|
|upkeep
|turn|31
|j| Bass778
|
|t:|1781169863
|move|p1a: Pecharunt|Shadow Ball|p2a: Slowking
|-supereffective|p2a: Slowking
|-damage|p2a: Slowking|21/100
|-prepare|p2a: Slowking|Chilly Reception|[premajor]
|move|p2a: Slowking|Chilly Reception|p2a: Slowking
|-weather|Snowscape
|
|t:|1781169866
|switch|p2a: Kyurem|Kyurem|100/100|[from] Chilly Reception
|-ability|p2a: Kyurem|Pressure
|
|-weather|Snowscape|[upkeep]
|upkeep
|turn|32
|
|t:|1781169877
|switch|p1a: Clefable|Clefable, F|37/100 psn
|move|p2a: Kyurem|Freeze-Dry|p1a: Clefable
|-damage|p1a: Clefable|0 fnt
|faint|p1a: Clefable
|
|-weather|Snowscape|[upkeep]
|upkeep
|
|t:|1781169879
|switch|p1a: Alomomola|Alomomola, F|100/100
|-damage|p1a: Alomomola|88/100|[from] Stealth Rock
|turn|33
|
|t:|1781169885
|switch|p2a: Slowking|Slowking-Galar, M|55/100
|move|p1a: Alomomola|Flip Turn|p2a: Slowking
|-damage|p2a: Slowking|39/100
|
|t:|1781169888
|switch|p1a: Zamazenta|Zamazenta, tera:Dark|99/100 par|[from] Flip Turn
|-damage|p1a: Zamazenta|87/100 par|[from] Stealth Rock
|
|-weather|Snowscape|[upkeep]
|-heal|p1a: Zamazenta|93/100 par|[from] item: Leftovers
|upkeep
|turn|34
|
|t:|1781169891
|switch|p2a: Corviknight|Corviknight, M|95/100
|-ability|p2a: Corviknight|Pressure
|move|p1a: Zamazenta|Iron Defense|p1a: Zamazenta
|-boost|p1a: Zamazenta|def|2
|
|-weather|Snowscape|[upkeep]
|-heal|p1a: Zamazenta|99/100 par|[from] item: Leftovers
|upkeep
|turn|35
|
|t:|1781169894
|move|p1a: Zamazenta|Body Press|p2a: Corviknight
|-damage|p2a: Corviknight|46/100
|-damage|p1a: Zamazenta|83/100 par|[from] item: Rocky Helmet|[of] p2a: Corviknight
|move|p2a: Corviknight|Iron Defense|p2a: Corviknight
|-boost|p2a: Corviknight|def|2
|
|-weather|none
|-heal|p1a: Zamazenta|89/100 par|[from] item: Leftovers
|upkeep
|turn|36
|
|t:|1781169897
|move|p1a: Zamazenta|Body Press|p2a: Corviknight
|-damage|p2a: Corviknight|20/100
|-damage|p1a: Zamazenta|72/100 par|[from] item: Rocky Helmet|[of] p2a: Corviknight
|move|p2a: Corviknight|Roost|p2a: Corviknight
|-heal|p2a: Corviknight|70/100
|-singleturn|p2a: Corviknight|move: Roost
|
|-heal|p1a: Zamazenta|78/100 par|[from] item: Leftovers
|upkeep
|turn|37
|
|t:|1781169901
|cant|p1a: Zamazenta|par
|move|p2a: Corviknight|Iron Defense|p2a: Corviknight
|-boost|p2a: Corviknight|def|2
|
|-heal|p1a: Zamazenta|84/100 par|[from] item: Leftovers
|upkeep
|turn|38
|j| ISimpForNessa
|
|t:|1781169903
|move|p1a: Zamazenta|Iron Defense|p1a: Zamazenta
|-boost|p1a: Zamazenta|def|2
|move|p2a: Corviknight|Body Press|p1a: Zamazenta
|-supereffective|p1a: Zamazenta
|-damage|p1a: Zamazenta|48/100 par
|
|-heal|p1a: Zamazenta|54/100 par|[from] item: Leftovers
|upkeep
|turn|39
|
|t:|1781169907
|cant|p1a: Zamazenta|par
|move|p2a: Corviknight|Iron Defense|p2a: Corviknight
|-boost|p2a: Corviknight|def|2
|
|-heal|p1a: Zamazenta|60/100 par|[from] item: Leftovers
|upkeep
|turn|40
|
|t:|1781169909
|move|p1a: Zamazenta|Iron Defense|p1a: Zamazenta
|-boost|p1a: Zamazenta|def|2
|move|p2a: Corviknight|Body Press|p1a: Zamazenta
|-supereffective|p1a: Zamazenta
|-damage|p1a: Zamazenta|23/100 par
|
|-heal|p1a: Zamazenta|29/100 par|[from] item: Leftovers
|upkeep
|turn|41
|
|t:|1781169912
|move|p1a: Zamazenta|Body Press|p2a: Corviknight
|-damage|p2a: Corviknight|44/100
|-damage|p1a: Zamazenta|12/100 par|[from] item: Rocky Helmet|[of] p2a: Corviknight
|move|p2a: Corviknight|Body Press|p1a: Zamazenta
|-supereffective|p1a: Zamazenta
|-damage|p1a: Zamazenta|0 fnt
|faint|p1a: Zamazenta
|
|upkeep
|-message|tb poke forfeited.
|
|win|LT_Alt1
|raw|tb poke's rating: 1710 &rarr; <strong>1690</strong><br />(-20 for losing)
|raw|LT_Alt1's rating: 1714 &rarr; <strong>1734</strong><br />(+20 for winning)
|l|☆tb poke
|player|p1|
|l| ISimpForNessa
|l| yuureisuisei
