|j|☆KurisuChestnutOU
|j|☆Kloakri#2
|t:|1781180311
|gametype|singles
|player|p1|KurisuChestnutOU|may-contest|1589
|player|p2|Kloakri#2|battlegirl-gen6|1513
|gen|9
|tier|[Gen 9] OU
|rated|
|rule|HP Percentage Mod: HP is shown in percentages
|rule|Endless Battle Clause: Forcing endless battles is banned
|rule|Species Clause: Limit one of each Pokémon
|rule|OHKO Clause: OHKO moves are banned
|rule|Evasion Items Clause: Evasion items are banned
|rule|Evasion Moves Clause: Evasion moves are banned
|rule|Evasion Abilities Clause: Evasion abilities are banned
|rule|Sleep Moves Clause: Sleep-inducing moves are banned
|clearpoke
|poke|p1|Zamazenta-*|
|poke|p1|Zapdos|
|poke|p1|Garganacl, M|
|poke|p1|Clefable, F|
|poke|p1|Samurott-Hisui, F|
|poke|p1|Gholdengo|
|poke|p2|Ribombee, F|
|poke|p2|Gholdengo|
|poke|p2|Great Tusk|
|poke|p2|Raging Bolt|
|poke|p2|Ogerpon-Cornerstone, F|
|poke|p2|Ceruledge, M|
|teampreview
|inactive|Battle timer is ON: inactive players will automatically lose when time's up. (requested by Kloakri#2)
|c|☆Kloakri#2|wb
|inactive|KurisuChestnutOU also wants the timer to be on.
|
|t:|1781180321
|teamsize|p1|6
|teamsize|p2|6
|start
|switch|p1a: Garganacl|Garganacl, M|100/100
|switch|p2a: NEW DROP|Ribombee, F, shiny|100/100
|turn|1
|
|t:|1781180328
|move|p2a: NEW DROP|Sticky Web|p1a: Garganacl
|-sidestart|p1: KurisuChestnutOU|move: Sticky Web
|move|p1a: Garganacl|Salt Cure|p2a: NEW DROP
|-supereffective|p2a: NEW DROP
|-damage|p2a: NEW DROP|41/100
|
|upkeep
|turn|2
|
|t:|1781180333
|move|p2a: NEW DROP|Psychic Noise|p1a: Garganacl
|-damage|p1a: Garganacl|87/100
|-start|p1a: Garganacl|move: Heal Block
|move|p1a: Garganacl|Stealth Rock|p2a: NEW DROP
|-sidestart|p2: Kloakri#2|move: Stealth Rock
|
|upkeep
|turn|3
|
|t:|1781180339
|switch|p1a: Gholdengo|Gholdengo|100/100
|-activate|p1a: Gholdengo|move: Sticky Web
|-unboost|p1a: Gholdengo|spe|1
|move|p2a: NEW DROP|Moonblast|p1a: Gholdengo
|-resisted|p1a: Gholdengo
|-damage|p1a: Gholdengo|76/100
|
|upkeep
|turn|4
|
|t:|1781180345
|move|p2a: NEW DROP|Moonblast|p1a: Gholdengo
|-resisted|p1a: Gholdengo
|-damage|p1a: Gholdengo|54/100
|move|p1a: Gholdengo|Shadow Ball|p2a: NEW DROP
|-damage|p2a: NEW DROP|0 fnt
|faint|p2a: NEW DROP
|
|upkeep
|
|t:|1781180356
|switch|p2a: BANDIT|Great Tusk, shiny|100/100
|-damage|p2a: BANDIT|98/100|[from] Stealth Rock
|-enditem|p2a: BANDIT|Booster Energy
|-activate|p2a: BANDIT|ability: Protosynthesis|[fromitem]
|-start|p2a: BANDIT|protosynthesisatk
|turn|5
|
|t:|1781180365
|move|p2a: BANDIT|Rapid Spin|p1a: Gholdengo
|-immune|p1a: Gholdengo
|move|p1a: Gholdengo|Shadow Ball|p2a: BANDIT
|-damage|p2a: BANDIT|33/100
|
|upkeep
|turn|6
|
|t:|1781180371
|-terastallize|p1a: Gholdengo|Flying
|move|p2a: BANDIT|Headlong Rush|p1a: Gholdengo
|-immune|p1a: Gholdengo
|move|p1a: Gholdengo|Shadow Ball|p2a: BANDIT
|-damage|p2a: BANDIT|0 fnt
|faint|p2a: BANDIT
|-end|p2a: BANDIT|Protosynthesis|[silent]
|
|upkeep
|
|t:|1781180378
|switch|p2a: GREAT NECK|Raging Bolt|100/100
|-damage|p2a: GREAT NECK|88/100|[from] Stealth Rock
|-enditem|p2a: GREAT NECK|Booster Energy
|-activate|p2a: GREAT NECK|ability: Protosynthesis|[fromitem]
|-start|p2a: GREAT NECK|protosynthesisspa
|turn|7
|
|t:|1781180385
|move|p1a: Gholdengo|Shadow Ball|p2a: GREAT NECK
|-damage|p2a: GREAT NECK|46/100
|move|p2a: GREAT NECK|Thunderbolt|p1a: Gholdengo
|-supereffective|p1a: Gholdengo
|-damage|p1a: Gholdengo|0 fnt
|faint|p1a: Gholdengo
|
|upkeep
|
|t:|1781180391
|switch|p1a: Garganacl|Garganacl, M|87/100
|-activate|p1a: Garganacl|move: Sticky Web
|-unboost|p1a: Garganacl|spe|1
|turn|8
|
|t:|1781180394
|move|p2a: GREAT NECK|Thunderbolt|p1a: Garganacl
|-crit|p1a: Garganacl
|-damage|p1a: Garganacl|21/100
|move|p1a: Garganacl|Recover|p1a: Garganacl
|-heal|p1a: Garganacl|71/100
|
|-heal|p1a: Garganacl|77/100|[from] item: Leftovers
|upkeep
|turn|9
|
|t:|1781180400
|move|p2a: GREAT NECK|Calm Mind|p2a: GREAT NECK
|-boost|p2a: GREAT NECK|spa|1
|-boost|p2a: GREAT NECK|spd|1
|move|p1a: Garganacl|Salt Cure|p2a: GREAT NECK
|-damage|p2a: GREAT NECK|33/100
|-start|p2a: GREAT NECK|Salt Cure
|
|-heal|p1a: Garganacl|83/100|[from] item: Leftovers
|-damage|p2a: GREAT NECK|21/100|[from] Salt Cure
|upkeep
|turn|10
|
|t:|1781180404
|move|p2a: GREAT NECK|Thunderbolt|p1a: Garganacl
|-damage|p1a: Garganacl|14/100
|move|p1a: Garganacl|Recover|p1a: Garganacl
|-heal|p1a: Garganacl|64/100
|
|-heal|p1a: Garganacl|70/100|[from] item: Leftovers
|-damage|p2a: GREAT NECK|9/100|[from] Salt Cure
|upkeep
|turn|11
|
|t:|1781180411
|move|p2a: GREAT NECK|Thunderbolt|p1a: Garganacl
|-damage|p1a: Garganacl|2/100
|move|p1a: Garganacl|Recover|p1a: Garganacl
|-heal|p1a: Garganacl|52/100
|
|-heal|p1a: Garganacl|58/100|[from] item: Leftovers
|-damage|p2a: GREAT NECK|0 fnt|[from] Salt Cure
|faint|p2a: GREAT NECK
|-end|p2a: GREAT NECK|Protosynthesis|[silent]
|upkeep
|
|t:|1781180423
|switch|p2a: KRYPTONITE|Gholdengo, shiny|100/100
|-damage|p2a: KRYPTONITE|94/100|[from] Stealth Rock
|-item|p2a: KRYPTONITE|Air Balloon
|turn|12
|
|t:|1781180433
|move|p2a: KRYPTONITE|Focus Blast|p1a: Garganacl
|-supereffective|p1a: Garganacl
|-damage|p1a: Garganacl|0 fnt
|faint|p1a: Garganacl
|
|upkeep
|
|t:|1781180438
|switch|p1a: Samurott|Samurott-Hisui, F|100/100
|-activate|p1a: Samurott|move: Sticky Web
|-unboost|p1a: Samurott|spe|1
|turn|13
|
|t:|1781180445
|-terastallize|p2a: KRYPTONITE|Fighting
|move|p1a: Samurott|Ceaseless Edge|p2a: KRYPTONITE
|-resisted|p2a: KRYPTONITE
|-damage|p2a: KRYPTONITE|71/100
|-enditem|p2a: KRYPTONITE|Air Balloon
|-sidestart|p2: Kloakri#2|Spikes
|move|p2a: KRYPTONITE|Focus Blast|p1a: Samurott|[miss]
|-miss|p2a: KRYPTONITE|p1a: Samurott
|
|upkeep
|turn|14
|
|t:|1781180454
|move|p1a: Samurott|Ceaseless Edge|p2a: KRYPTONITE
|-resisted|p2a: KRYPTONITE
|-damage|p2a: KRYPTONITE|47/100
|-sidestart|p2: Kloakri#2|Spikes
|move|p2a: KRYPTONITE|Focus Blast|p1a: Samurott
|-supereffective|p1a: Samurott
|-damage|p1a: Samurott|0 fnt
|faint|p1a: Samurott
|
|upkeep
|
|t:|1781180461
|switch|p1a: Zamazenta|Zamazenta|100/100
|-activate|p1a: Zamazenta|move: Sticky Web
|-unboost|p1a: Zamazenta|spe|1
|-ability|p1a: Zamazenta|Dauntless Shield|boost
|-boost|p1a: Zamazenta|def|1
|turn|15
|
|t:|1781180468
|move|p2a: KRYPTONITE|Psyshock|p1a: Zamazenta
|-supereffective|p1a: Zamazenta
|-damage|p1a: Zamazenta|65/100
|move|p1a: Zamazenta|Roar|p2a: KRYPTONITE
|-immune|p2a: KRYPTONITE|[from] ability: Good as Gold
|
|-heal|p1a: Zamazenta|71/100|[from] item: Leftovers
|upkeep
|turn|16
|
|t:|1781180474
|move|p1a: Zamazenta|Iron Defense|p1a: Zamazenta
|-boost|p1a: Zamazenta|def|2
|move|p2a: KRYPTONITE|Shadow Ball|p1a: Zamazenta
|-damage|p1a: Zamazenta|31/100
|
|-heal|p1a: Zamazenta|38/100|[from] item: Leftovers
|upkeep
|turn|17
|
|t:|1781180480
|move|p1a: Zamazenta|Crunch|p2a: KRYPTONITE
|-resisted|p2a: KRYPTONITE
|-damage|p2a: KRYPTONITE|36/100
|move|p2a: KRYPTONITE|Shadow Ball|p1a: Zamazenta
|-damage|p1a: Zamazenta|3/100
|-unboost|p1a: Zamazenta|spd|1
|
|-heal|p1a: Zamazenta|10/100|[from] item: Leftovers
|upkeep
|turn|18
|
|t:|1781180483
|move|p1a: Zamazenta|Crunch|p2a: KRYPTONITE
|-resisted|p2a: KRYPTONITE
|-damage|p2a: KRYPTONITE|25/100
|move|p2a: KRYPTONITE|Shadow Ball|p1a: Zamazenta
|-damage|p1a: Zamazenta|0 fnt
|faint|p1a: Zamazenta
|
|upkeep
|
|t:|1781180488
|switch|p1a: Zapdos|Zapdos|100/100
|turn|19
|
|t:|1781180492
|move|p2a: KRYPTONITE|Shadow Ball|p1a: Zapdos
|-damage|p1a: Zapdos|56/100
|move|p1a: Zapdos|Roost|p1a: Zapdos
|-heal|p1a: Zapdos|100/100
|-singleturn|p1a: Zapdos|move: Roost
|
|upkeep
|turn|20
|
|t:|1781180505
|move|p2a: KRYPTONITE|Shadow Ball|p1a: Zapdos
|-damage|p1a: Zapdos|58/100
|move|p1a: Zapdos|Volt Switch|p2a: KRYPTONITE
|-damage|p2a: KRYPTONITE|0 fnt
|faint|p2a: KRYPTONITE
|
|t:|1781180515
|switch|p1a: Clefable|Clefable, F|100/100|[from] Volt Switch
|
|upkeep
|
|t:|1781180517
|switch|p2a: TORE UP|Ceruledge, M, shiny|100/100
|-damage|p2a: TORE UP|76/100|[from] Stealth Rock
|-damage|p2a: TORE UP|59/100|[from] Spikes
|turn|21
|
|t:|1781180522
|move|p2a: TORE UP|Bitter Blade|p1a: Clefable
|-damage|p1a: Clefable|65/100
|-heal|p2a: TORE UP|83/100|[from] drain|[of] p1a: Clefable
|move|p1a: Clefable|Knock Off|p2a: TORE UP
|-supereffective|p2a: TORE UP
|-damage|p2a: TORE UP|43/100
|-ability|p2a: TORE UP|Weak Armor|boost
|-unboost|p2a: TORE UP|def|1
|-boost|p2a: TORE UP|spe|2
|-enditem|p2a: TORE UP|Focus Sash|[from] move: Knock Off|[of] p1a: Clefable
|
|upkeep
|turn|22
|
|t:|1781180534
|move|p2a: TORE UP|Bitter Blade|p1a: Clefable
|-damage|p1a: Clefable|30/100
|-heal|p2a: TORE UP|67/100|[from] drain|[of] p1a: Clefable
|move|p1a: Clefable|Moonlight|p1a: Clefable
|-heal|p1a: Clefable|80/100
|
|upkeep
|turn|23
|
|t:|1781180540
|move|p2a: TORE UP|Bitter Blade|p1a: Clefable
|-damage|p1a: Clefable|41/100
|-heal|p2a: TORE UP|94/100|[from] drain|[of] p1a: Clefable
|move|p1a: Clefable|Thunder Wave|p2a: TORE UP
|-status|p2a: TORE UP|par
|
|upkeep
|turn|24
|
|t:|1781180545
|move|p2a: TORE UP|Bitter Blade|p1a: Clefable
|-damage|p1a: Clefable|4/100
|-heal|p2a: TORE UP|100/100 par|[from] drain|[of] p1a: Clefable
|move|p1a: Clefable|Moonlight|p1a: Clefable
|-heal|p1a: Clefable|54/100
|
|upkeep
|turn|25
|
|t:|1781180554
|move|p2a: TORE UP|Swords Dance|p2a: TORE UP
|-boost|p2a: TORE UP|atk|2
|move|p1a: Clefable|Moonlight|p1a: Clefable
|-heal|p1a: Clefable|100/100
|
|upkeep
|turn|26
|
|t:|1781180560
|move|p2a: TORE UP|Bitter Blade|p1a: Clefable
|-damage|p1a: Clefable|59/100
|move|p1a: Clefable|Moonblast|p2a: TORE UP
|-resisted|p2a: TORE UP
|-damage|p2a: TORE UP|83/100 par
|-unboost|p2a: TORE UP|spa|1
|
|upkeep
|turn|27
|
|t:|1781180569
|cant|p2a: TORE UP|par
|move|p1a: Clefable|Moonlight|p1a: Clefable
|-heal|p1a: Clefable|100/100
|
|upkeep
|turn|28
|
|t:|1781180576
|move|p2a: TORE UP|Bitter Blade|p1a: Clefable
|-damage|p1a: Clefable|62/100
|-heal|p2a: TORE UP|100/100 par|[from] drain|[of] p1a: Clefable
|move|p1a: Clefable|Moonblast|p2a: TORE UP
|-resisted|p2a: TORE UP
|-damage|p2a: TORE UP|83/100 par
|
|upkeep
|turn|29
|
|t:|1781180582
|move|p2a: TORE UP|Bitter Blade|p1a: Clefable
|-damage|p1a: Clefable|25/100
|-heal|p2a: TORE UP|100/100 par|[from] drain|[of] p1a: Clefable
|move|p1a: Clefable|Moonlight|p1a: Clefable
|-heal|p1a: Clefable|75/100
|
|upkeep
|turn|30
|
|t:|1781180602
|move|p2a: TORE UP|Bitter Blade|p1a: Clefable
|-damage|p1a: Clefable|36/100
|move|p1a: Clefable|Moonlight|p1a: Clefable
|-heal|p1a: Clefable|86/100
|
|upkeep
|turn|31
|
|t:|1781180608
|move|p2a: TORE UP|Shadow Sneak|p1a: Clefable
|-damage|p1a: Clefable|70/100
|move|p1a: Clefable|Moonlight|p1a: Clefable
|-heal|p1a: Clefable|100/100
|
|upkeep
|turn|32
|
|t:|1781180614
|move|p2a: TORE UP|Shadow Sneak|p1a: Clefable
|-damage|p1a: Clefable|84/100
|move|p1a: Clefable|Moonblast|p2a: TORE UP
|-resisted|p2a: TORE UP
|-damage|p2a: TORE UP|83/100 par
|
|upkeep
|turn|33
|
|t:|1781180618
|move|p2a: TORE UP|Bitter Blade|p1a: Clefable
|-damage|p1a: Clefable|44/100
|-heal|p2a: TORE UP|100/100 par|[from] drain|[of] p1a: Clefable
|move|p1a: Clefable|Moonblast|p2a: TORE UP
|-resisted|p2a: TORE UP
|-damage|p2a: TORE UP|82/100 par
|
|upkeep
|turn|34
|
|t:|1781180622
|cant|p2a: TORE UP|par
|move|p1a: Clefable|Moonlight|p1a: Clefable
|-heal|p1a: Clefable|94/100
|
|upkeep
|turn|35
|
|t:|1781180628
|cant|p2a: TORE UP|par
|move|p1a: Clefable|Moonblast|p2a: TORE UP
|-resisted|p2a: TORE UP
|-damage|p2a: TORE UP|64/100 par
|
|upkeep
|turn|36
|
|t:|1781180634
|move|p2a: TORE UP|Bitter Blade|p1a: Clefable
|-damage|p1a: Clefable|55/100
|-heal|p2a: TORE UP|91/100 par|[from] drain|[of] p1a: Clefable
|move|p1a: Clefable|Moonblast|p2a: TORE UP
|-resisted|p2a: TORE UP
|-damage|p2a: TORE UP|73/100 par
|
|upkeep
|turn|37
|
|t:|1781180637
|move|p2a: TORE UP|Bitter Blade|p1a: Clefable
|-damage|p1a: Clefable|16/100
|-heal|p2a: TORE UP|99/100 par|[from] drain|[of] p1a: Clefable
|move|p1a: Clefable|Moonblast|p2a: TORE UP
|-resisted|p2a: TORE UP
|-damage|p2a: TORE UP|82/100 par
|
|upkeep
|turn|38
|c|☆Kloakri#2|why not knock?
|c|☆Kloakri#2|it does more no
|
|t:|1781180649
|cant|p2a: TORE UP|par
|move|p1a: Clefable|Moonblast|p2a: TORE UP
|-resisted|p2a: TORE UP
|-damage|p2a: TORE UP|63/100 par
|
|upkeep
|turn|39
|
|t:|1781180655
|cant|p2a: TORE UP|par
|move|p1a: Clefable|Moonblast|p2a: TORE UP
|-resisted|p2a: TORE UP
|-damage|p2a: TORE UP|46/100 par
|
|upkeep
|turn|40
|
|t:|1781180659
|cant|p2a: TORE UP|par
|move|p1a: Clefable|Knock Off|p2a: TORE UP
|-supereffective|p2a: TORE UP
|-damage|p2a: TORE UP|15/100 par
|-ability|p2a: TORE UP|Weak Armor|boost
|-unboost|p2a: TORE UP|def|1
|-boost|p2a: TORE UP|spe|2
|
|upkeep
|turn|41
|
|t:|1781180662
|move|p2a: TORE UP|Bitter Blade|p1a: Clefable
|-damage|p1a: Clefable|0 fnt
|-heal|p2a: TORE UP|26/100 par|[from] drain|[of] p1a: Clefable
|faint|p1a: Clefable
|
|upkeep
|c|☆Kloakri#2|see
|
|t:|1781180666
|switch|p1a: Zapdos|Zapdos|58/100
|turn|42
|
|t:|1781180670
|move|p2a: TORE UP|Shadow Sneak|p1a: Zapdos
|-damage|p1a: Zapdos|25/100
|move|p1a: Zapdos|Roost|p1a: Zapdos
|-heal|p1a: Zapdos|75/100
|-singleturn|p1a: Zapdos|move: Roost
|
|upkeep
|turn|43
|
|t:|1781180678
|move|p2a: TORE UP|Bitter Blade|p1a: Zapdos
|-damage|p1a: Zapdos|0 fnt
|-heal|p2a: TORE UP|75/100 par|[from] drain|[of] p1a: Zapdos
|faint|p1a: Zapdos
|
|win|Kloakri#2
|raw|KurisuChestnutOU's rating: 1635 &rarr; <strong>1608</strong><br />(-27 for losing)
|raw|Kloakri#2's rating: 1513 &rarr; <strong>1540</strong><br />(+27 for winning)
