|j|☆Rj yoip
|j|☆suprya
|t:|1781548995
|gametype|singles
|player|p1|Rj yoip|caitlin-masters|1687
|player|p2|suprya|clown|1723
|gen|9
|tier|[Gen 9] OU
|rated|
|rule|HP Percentage Mod: HP is shown in percentages
|rule|Endless Battle Clause: Forcing endless battles is banned
|rule|Species Clause: Limit one of each Pokémon
|rule|OHKO Clause: OHKO moves are banned
|rule|Evasion Items Clause: Evasion items are banned
|rule|Evasion Moves Clause: Evasion moves are banned
|rule|Evasion Abilities Clause: Evasion abilities are banned
|rule|Sleep Moves Clause: Sleep-inducing moves are banned
|clearpoke
|poke|p1|Tyranitar, F|
|poke|p1|Hydrapple, F|
|poke|p1|Enamorus, F|
|poke|p1|Garganacl, M|
|poke|p1|Excadrill, M|
|poke|p1|Alomomola, F|
|poke|p2|Pelipper, F|
|poke|p2|Hydrapple, F|
|poke|p2|Iron Treads|
|poke|p2|Gholdengo|
|poke|p2|Slowking-Galar, F|
|poke|p2|Greninja-*, M|
|teampreview
|inactive|Battle timer is ON: inactive players will automatically lose when time's up. (requested by suprya)
|
|t:|1781549012
|teamsize|p1|6
|teamsize|p2|6
|start
|switch|p1a: Garganacl|Garganacl, M|100/100
|switch|p2a: Gholdengo|Gholdengo|100/100
|turn|1
|
|t:|1781549032
|move|p1a: Garganacl|Protect|p1a: Garganacl
|-singleturn|p1a: Garganacl|Protect
|move|p2a: Gholdengo|Trick|p1a: Garganacl
|-activate|p1a: Garganacl|move: Protect
|
|upkeep
|turn|2
|
|t:|1781549045
|switch|p1a: Alomomola|Alomomola, F|100/100
|move|p2a: Gholdengo|Trick|p1a: Alomomola
|-activate|p2a: Gholdengo|move: Trick|[of] p1a: Alomomola
|-item|p1a: Alomomola|Choice Scarf|[from] move: Trick
|-item|p2a: Gholdengo|Assault Vest|[from] move: Trick
|
|upkeep
|turn|3
|
|t:|1781549060
|switch|p2a: Hydrapple|Hydrapple, F|100/100
|move|p1a: Alomomola|Flip Turn|p2a: Hydrapple
|-resisted|p2a: Hydrapple
|-damage|p2a: Hydrapple|98/100
|
|t:|1781549062
|switch|p1a: Tyranitar|Tyranitar, F|100/100|[from] Flip Turn
|-weather|Sandstorm|[from] ability: Sand Stream|[of] p1a: Tyranitar
|
|-weather|Sandstorm|[upkeep]
|-damage|p2a: Hydrapple|92/100|[from] Sandstorm
|upkeep
|turn|4
|
|t:|1781549066
|switch|p2a: Pelipper|Pelipper, F|100/100
|-weather|RainDance|[from] ability: Drizzle|[of] p2a: Pelipper
|move|p1a: Tyranitar|Ice Punch|p2a: Pelipper
|-damage|p2a: Pelipper|65/100
|
|-weather|RainDance|[upkeep]
|upkeep
|turn|5
|
|t:|1781549074
|switch|p1a: Alomomola|Alomomola, F|100/100
|move|p2a: Pelipper|U-turn|p1a: Alomomola
|-damage|p1a: Alomomola|94/100
|
|t:|1781549086
|switch|p2a: Greninja|Greninja, M|100/100|[from] U-turn
|
|-weather|RainDance|[upkeep]
|upkeep
|turn|6
|
|t:|1781549091
|move|p2a: Greninja|Spikes|p1a: Alomomola
|-sidestart|p1: Rj yoip|Spikes
|move|p1a: Alomomola|Flip Turn|p2a: Greninja
|-resisted|p2a: Greninja
|-damage|p2a: Greninja|78/100
|
|t:|1781549099
|switch|p1a: Enamorus|Enamorus, F|100/100|[from] Flip Turn
|
|-weather|RainDance|[upkeep]
|upkeep
|turn|7
|
|t:|1781549103
|switch|p1a: Tyranitar|Tyranitar, F|100/100
|-damage|p1a: Tyranitar|88/100|[from] Spikes
|-weather|Sandstorm|[from] ability: Sand Stream|[of] p1a: Tyranitar
|switch|p2a: Slowking|Slowking-Galar, F|100/100
|
|-weather|Sandstorm|[upkeep]
|-damage|p2a: Slowking|94/100|[from] Sandstorm
|upkeep
|turn|8
|
|t:|1781549106
|switch|p2a: Iron Treads|Iron Treads|100/100
|move|p1a: Tyranitar|Knock Off|p2a: Iron Treads
|-damage|p2a: Iron Treads|32/100
|-enditem|p2a: Iron Treads|Leftovers|[from] move: Knock Off|[of] p1a: Tyranitar
|
|-weather|Sandstorm|[upkeep]
|upkeep
|turn|9
|
|t:|1781549113
|switch|p1a: Alomomola|Alomomola, F|100/100
|-damage|p1a: Alomomola|88/100|[from] Spikes
|move|p2a: Iron Treads|Knock Off|p1a: Alomomola
|-damage|p1a: Alomomola|73/100
|-enditem|p1a: Alomomola|Choice Scarf|[from] move: Knock Off|[of] p2a: Iron Treads
|
|-weather|Sandstorm|[upkeep]
|-damage|p1a: Alomomola|67/100|[from] Sandstorm
|upkeep
|turn|10
|
|t:|1781549127
|move|p2a: Iron Treads|Stealth Rock|p1a: Alomomola
|-sidestart|p1: Rj yoip|move: Stealth Rock
|move|p1a: Alomomola|Flip Turn|p2a: Iron Treads
|-supereffective|p2a: Iron Treads
|-damage|p2a: Iron Treads|9/100
|
|t:|1781549131
|switch|p1a: Excadrill|Excadrill, M|100/100|[from] Flip Turn
|-damage|p1a: Excadrill|88/100|[from] Spikes
|-damage|p1a: Excadrill|85/100|[from] Stealth Rock
|
|-weather|Sandstorm|[upkeep]
|-heal|p1a: Excadrill|91/100|[from] item: Leftovers
|upkeep
|turn|11
|
|t:|1781549136
|-end|p2a: Iron Treads|Quark Drive|[silent]
|switch|p2a: Gholdengo|Gholdengo|100/100
|move|p1a: Excadrill|Substitute|p1a: Excadrill
|-start|p1a: Excadrill|Substitute
|-damage|p1a: Excadrill|66/100
|
|-weather|none
|-heal|p1a: Excadrill|72/100|[from] item: Leftovers
|upkeep
|turn|12
|
|t:|1781549144
|move|p1a: Excadrill|Earthquake|p2a: Gholdengo
|-supereffective|p2a: Gholdengo
|-damage|p2a: Gholdengo|0 fnt
|faint|p2a: Gholdengo
|
|-heal|p1a: Excadrill|78/100|[from] item: Leftovers
|upkeep
|
|t:|1781549146
|switch|p2a: Hydrapple|Hydrapple, F|100/100
|turn|13
|
|t:|1781549164
|move|p1a: Excadrill|Rapid Spin|p2a: Hydrapple
|-damage|p2a: Hydrapple|90/100
|-boost|p1a: Excadrill|spe|1
|-sideend|p1: Rj yoip|Spikes|[from] move: Rapid Spin|[of] p1a: Excadrill
|-sideend|p1: Rj yoip|Stealth Rock|[from] move: Rapid Spin|[of] p1a: Excadrill
|move|p2a: Hydrapple|Giga Drain|p1a: Excadrill
|-end|p1a: Excadrill|Substitute
|-heal|p2a: Hydrapple|100/100|[from] drain|[of] p1a: Excadrill
|
|-heal|p1a: Excadrill|84/100|[from] item: Leftovers
|upkeep
|turn|14
|
|t:|1781549192
|switch|p1a: Enamorus|Enamorus, F|100/100
|switch|p2a: Slowking|Slowking-Galar, F|100/100
|
|upkeep
|turn|15
|
|t:|1781549197
|switch|p1a: Garganacl|Garganacl, M|100/100
|move|p2a: Slowking|Sludge Bomb|p1a: Garganacl
|-resisted|p1a: Garganacl
|-damage|p1a: Garganacl|87/100
|
|-heal|p1a: Garganacl|93/100|[from] item: Leftovers
|upkeep
|turn|16
|
|t:|1781549201
|switch|p2a: Hydrapple|Hydrapple, F|100/100
|move|p1a: Garganacl|Salt Cure|p2a: Hydrapple
|-damage|p2a: Hydrapple|92/100
|-start|p2a: Hydrapple|Salt Cure
|
|-heal|p1a: Garganacl|99/100|[from] item: Leftovers
|-damage|p2a: Hydrapple|80/100|[from] Salt Cure
|upkeep
|turn|17
|
|t:|1781549217
|switch|p2a: Slowking|Slowking-Galar, F|100/100
|move|p1a: Garganacl|Stealth Rock|p2a: Slowking
|-sidestart|p2: suprya|move: Stealth Rock
|
|-heal|p1a: Garganacl|100/100|[from] item: Leftovers
|upkeep
|turn|18
|
|t:|1781549229
|move|p1a: Garganacl|Salt Cure|p2a: Slowking
|-damage|p2a: Slowking|85/100
|-start|p2a: Slowking|Salt Cure
|move|p2a: Slowking|Surf|p1a: Garganacl
|-supereffective|p1a: Garganacl
|-damage|p1a: Garganacl|64/100
|
|-heal|p1a: Garganacl|70/100|[from] item: Leftovers
|-damage|p2a: Slowking|73/100|[from] Salt Cure
|upkeep
|turn|19
|
|t:|1781549234
|switch|p2a: Hydrapple|Hydrapple, F|100/100
|move|p1a: Garganacl|Salt Cure|p2a: Hydrapple
|-damage|p2a: Hydrapple|92/100
|-start|p2a: Hydrapple|Salt Cure
|
|-heal|p1a: Garganacl|76/100|[from] item: Leftovers
|-damage|p2a: Hydrapple|80/100|[from] Salt Cure
|upkeep
|turn|20
|
|t:|1781549239
|switch|p2a: Slowking|Slowking-Galar, F|100/100
|-damage|p2a: Slowking|88/100|[from] Stealth Rock
|move|p1a: Garganacl|Protect||[still]
|-fail|p1a: Garganacl
|
|-heal|p1a: Garganacl|82/100|[from] item: Leftovers
|upkeep
|turn|21
|
|t:|1781549241
|move|p1a: Garganacl|Salt Cure|p2a: Slowking
|-damage|p2a: Slowking|74/100
|-start|p2a: Slowking|Salt Cure
|move|p2a: Slowking|Surf|p1a: Garganacl
|-supereffective|p1a: Garganacl
|-damage|p1a: Garganacl|47/100
|
|-heal|p1a: Garganacl|53/100|[from] item: Leftovers
|-damage|p2a: Slowking|61/100|[from] Salt Cure
|upkeep
|turn|22
|
|t:|1781549244
|switch|p2a: Hydrapple|Hydrapple, F|100/100
|move|p1a: Garganacl|Recover|p1a: Garganacl
|-heal|p1a: Garganacl|100/100
|
|upkeep
|turn|23
|
|t:|1781549247
|switch|p1a: Enamorus|Enamorus, F|100/100
|move|p2a: Hydrapple|Nasty Plot|p2a: Hydrapple
|-boost|p2a: Hydrapple|spa|2
|
|upkeep
|turn|24
|
|t:|1781549259
|move|p1a: Enamorus|Moonblast|p2a: Hydrapple
|-supereffective|p2a: Hydrapple
|-damage|p2a: Hydrapple|0 fnt
|faint|p2a: Hydrapple
|
|upkeep
|-message|suprya forfeited.
|
|win|Rj yoip
|raw|Rj yoip's rating: 1687 &rarr; <strong>1709</strong><br />(+22 for winning)
|raw|suprya's rating: 1723 &rarr; <strong>1701</strong><br />(-22 for losing)
|l|☆suprya
|player|p2|
|l|☆Rj yoip
|player|p1|
