|j|☆le soleil dance
|j|☆KurisuChestnutOU
|t:|1781178072
|gametype|singles
|player|p1|le soleil dance|iris-gen5bw2|1530
|player|p2|KurisuChestnutOU|may-contest|1526
|gen|9
|tier|[Gen 9] OU
|rated|
|rule|HP Percentage Mod: HP is shown in percentages
|rule|Endless Battle Clause: Forcing endless battles is banned
|rule|Species Clause: Limit one of each Pokémon
|rule|OHKO Clause: OHKO moves are banned
|rule|Evasion Items Clause: Evasion items are banned
|rule|Evasion Moves Clause: Evasion moves are banned
|rule|Evasion Abilities Clause: Evasion abilities are banned
|rule|Sleep Moves Clause: Sleep-inducing moves are banned
|clearpoke
|poke|p1|Samurott-Hisui, M|
|poke|p1|Ting-Lu|
|poke|p1|Tornadus-Therian, M|
|poke|p1|Darkrai|
|poke|p1|Slowking-Galar, M|
|poke|p1|Heatran, M|
|poke|p2|Kingambit, M|
|poke|p2|Kommo-o, M|
|poke|p2|Iron Valiant|
|poke|p2|Kyurem|
|poke|p2|Iron Treads|
|poke|p2|Iron Crown|
|teampreview
|
|t:|1781178077
|teamsize|p1|6
|teamsize|p2|6
|start
|switch|p1a: Tornadus|Tornadus-Therian, M|100/100
|switch|p2a: Iron Treads|Iron Treads|100/100
|-enditem|p2a: Iron Treads|Booster Energy
|-activate|p2a: Iron Treads|ability: Quark Drive|[fromitem]
|-start|p2a: Iron Treads|quarkdrivespe
|turn|1
|inactive|Battle timer is ON: inactive players will automatically lose when time's up. (requested by KurisuChestnutOU)
|
|t:|1781178084
|move|p2a: Iron Treads|Stealth Rock|p1a: Tornadus
|-sidestart|p1: le soleil dance|move: Stealth Rock
|move|p1a: Tornadus|U-turn|p2a: Iron Treads
|-resisted|p2a: Iron Treads
|-damage|p2a: Iron Treads|95/100
|
|t:|1781178091
|switch|p1a: Samurott|Samurott-Hisui, M|100/100|[from] U-turn
|-damage|p1a: Samurott|88/100|[from] Stealth Rock
|
|upkeep
|turn|2
|
|t:|1781178096
|move|p2a: Iron Treads|Earthquake|p1a: Samurott
|-damage|p1a: Samurott|45/100
|move|p1a: Samurott|Razor Shell|p2a: Iron Treads
|-supereffective|p2a: Iron Treads
|-damage|p2a: Iron Treads|20/100
|
|upkeep
|turn|3
|
|t:|1781178103
|move|p1a: Samurott|Sucker Punch|p2a: Iron Treads
|-damage|p2a: Iron Treads|0 fnt
|faint|p2a: Iron Treads
|-end|p2a: Iron Treads|Quark Drive|[silent]
|
|upkeep
|
|t:|1781178108
|switch|p2a: Kommo-o|Kommo-o, M|100/100
|turn|4
|
|t:|1781178128
|move|p2a: Kommo-o|Clangorous Soul|p2a: Kommo-o
|-boost|p2a: Kommo-o|atk|1
|-boost|p2a: Kommo-o|def|1
|-boost|p2a: Kommo-o|spa|1
|-boost|p2a: Kommo-o|spd|1
|-boost|p2a: Kommo-o|spe|1
|-damage|p2a: Kommo-o|68/100
|move|p1a: Samurott|Knock Off|p2a: Kommo-o
|-resisted|p2a: Kommo-o
|-damage|p2a: Kommo-o|56/100
|-enditem|p2a: Kommo-o|Leftovers|[from] move: Knock Off|[of] p1a: Samurott
|
|upkeep
|turn|5
|
|t:|1781178142
|move|p2a: Kommo-o|Drain Punch|p1a: Samurott
|-supereffective|p1a: Samurott
|-damage|p1a: Samurott|0 fnt
|-heal|p2a: Kommo-o|80/100|[from] drain|[of] p1a: Samurott
|faint|p1a: Samurott
|
|upkeep
|
|t:|1781178145
|switch|p1a: Tornadus|Tornadus-Therian, M|100/100
|turn|6
|
|t:|1781178149
|move|p2a: Kommo-o|Clangorous Soul|p2a: Kommo-o
|-boost|p2a: Kommo-o|atk|1
|-boost|p2a: Kommo-o|def|1
|-boost|p2a: Kommo-o|spa|1
|-boost|p2a: Kommo-o|spd|1
|-boost|p2a: Kommo-o|spe|1
|-damage|p2a: Kommo-o|47/100
|move|p1a: Tornadus|Bleakwind Storm|p2a: Kommo-o
|-supereffective|p2a: Kommo-o
|-damage|p2a: Kommo-o|11/100
|
|upkeep
|turn|7
|
|t:|1781178159
|-terastallize|p2a: Kommo-o|Ghost
|move|p2a: Kommo-o|Drain Punch|p1a: Tornadus
|-resisted|p1a: Tornadus
|-damage|p1a: Tornadus|69/100
|-heal|p2a: Kommo-o|27/100|[from] drain|[of] p1a: Tornadus
|move|p1a: Tornadus|Bleakwind Storm|p2a: Kommo-o
|-damage|p2a: Kommo-o|8/100
|
|upkeep
|turn|8
|
|t:|1781178168
|move|p2a: Kommo-o|Drain Punch|p1a: Tornadus
|-resisted|p1a: Tornadus
|-damage|p1a: Tornadus|39/100
|-heal|p2a: Kommo-o|24/100|[from] drain|[of] p1a: Tornadus
|move|p1a: Tornadus|Knock Off|p2a: Kommo-o
|-supereffective|p2a: Kommo-o
|-damage|p2a: Kommo-o|13/100
|
|upkeep
|turn|9
|
|t:|1781178180
|move|p2a: Kommo-o|Drain Punch|p1a: Tornadus
|-resisted|p1a: Tornadus
|-damage|p1a: Tornadus|5/100
|-heal|p2a: Kommo-o|31/100|[from] drain|[of] p1a: Tornadus
|move|p1a: Tornadus|Bleakwind Storm|p2a: Kommo-o
|-damage|p2a: Kommo-o|12/100
|
|upkeep
|turn|10
|
|t:|1781178186
|move|p2a: Kommo-o|Drain Punch|p1a: Tornadus
|-resisted|p1a: Tornadus
|-damage|p1a: Tornadus|0 fnt
|-heal|p2a: Kommo-o|14/100|[from] drain|[of] p1a: Tornadus
|faint|p1a: Tornadus
|
|upkeep
|
|t:|1781178201
|switch|p1a: Slowking|Slowking-Galar, M|100/100
|turn|11
|
|t:|1781178207
|move|p2a: Kommo-o|Shadow Claw|p1a: Slowking
|-supereffective|p1a: Slowking
|-damage|p1a: Slowking|0 fnt
|faint|p1a: Slowking
|
|upkeep
|-message|le soleil dance forfeited.
|
|win|KurisuChestnutOU
|raw|le soleil dance's rating: 1530 &rarr; <strong>1509</strong><br />(-21 for losing)
|raw|KurisuChestnutOU's rating: 1504 &rarr; <strong>1525</strong><br />(+21 for winning)
|l|☆le soleil dance
|player|p1|
