|j|☆mathismathin
|j|☆panpanbuke
|t:|1781185483
|gametype|singles
|player|p1|mathismathin|lucas|1524
|player|p2|panpanbuke|rosa|1547
|gen|9
|tier|[Gen 9] OU
|rated|
|rule|HP Percentage Mod: HP is shown in percentages
|rule|Endless Battle Clause: Forcing endless battles is banned
|rule|Species Clause: Limit one of each Pokémon
|rule|OHKO Clause: OHKO moves are banned
|rule|Evasion Items Clause: Evasion items are banned
|rule|Evasion Moves Clause: Evasion moves are banned
|rule|Evasion Abilities Clause: Evasion abilities are banned
|rule|Sleep Moves Clause: Sleep-inducing moves are banned
|clearpoke
|poke|p1|Garchomp, M|
|poke|p1|Regieleki|
|poke|p1|Dragonite, F|
|poke|p1|Blaziken, F|
|poke|p1|Corviknight, F|
|poke|p1|Necrozma|
|poke|p2|Pelipper, M|
|poke|p2|Basculegion, M|
|poke|p2|Iron Jugulis|
|poke|p2|Raging Bolt|
|poke|p2|Iron Treads|
|poke|p2|Kingambit, M|
|teampreview
|inactive|Battle timer is ON: inactive players will automatically lose when time's up. (requested by panpanbuke)
|
|t:|1781185495
|teamsize|p1|6
|teamsize|p2|6
|start
|switch|p1a: Necrozma|Necrozma|100/100
|switch|p2a: 大卫·戴|Pelipper, M|100/100
|-weather|RainDance|[from] ability: Drizzle|[of] p2a: 大卫·戴
|turn|1
|
|t:|1781185506
|move|p1a: Necrozma|Meteor Beam||[still]
|-prepare|p1a: Necrozma|Meteor Beam
|-boost|p1a: Necrozma|spa|1
|-enditem|p1a: Necrozma|Power Herb
|-anim|p1a: Necrozma|Meteor Beam|p2a: 大卫·戴
|-supereffective|p2a: 大卫·戴
|-damage|p2a: 大卫·戴|0 fnt
|faint|p2a: 大卫·戴
|
|-weather|RainDance|[upkeep]
|upkeep
|
|t:|1781185512
|switch|p2a: 一汽·大运|Basculegion, M|100/100
|turn|2
|
|t:|1781185517
|move|p2a: 一汽·大运|Wave Crash|p1a: Necrozma
|-damage|p1a: Necrozma|0 fnt
|faint|p1a: Necrozma
|-damage|p2a: 一汽·大运|66/100|[from] Recoil
|
|-weather|RainDance|[upkeep]
|upkeep
|
|t:|1781185523
|switch|p1a: Dragonite|Dragonite, F|100/100
|turn|3
|
|t:|1781185527
|move|p2a: 一汽·大运|Wave Crash|p1a: Dragonite
|-resisted|p1a: Dragonite
|-damage|p1a: Dragonite|65/100
|-damage|p2a: 一汽·大运|57/100|[from] Recoil
|move|p1a: Dragonite|Dragon Dance|p1a: Dragonite
|-boost|p1a: Dragonite|atk|1
|-boost|p1a: Dragonite|spe|1
|
|-weather|RainDance|[upkeep]
|upkeep
|turn|4
|
|t:|1781185532
|move|p2a: 一汽·大运|Wave Crash|p1a: Dragonite
|-resisted|p1a: Dragonite
|-damage|p1a: Dragonite|0 fnt
|faint|p1a: Dragonite
|-damage|p2a: 一汽·大运|39/100|[from] Recoil
|
|-weather|RainDance|[upkeep]
|upkeep
|
|t:|1781185537
|switch|p1a: Blaziken|Blaziken, F|100/100
|turn|5
|
|t:|1781185541
|move|p1a: Blaziken|Protect|p1a: Blaziken
|-singleturn|p1a: Blaziken|Protect
|move|p2a: 一汽·大运|Wave Crash|p1a: Blaziken
|-activate|p1a: Blaziken|move: Protect
|
|-weather|RainDance|[upkeep]
|-ability|p1a: Blaziken|Speed Boost|boost
|-boost|p1a: Blaziken|spe|1
|upkeep
|turn|6
|
|t:|1781185544
|switch|p1a: Corviknight|Corviknight, F|100/100
|-ability|p1a: Corviknight|Pressure
|move|p2a: 一汽·大运|Wave Crash|p1a: Corviknight
|-damage|p1a: Corviknight|0 fnt
|faint|p1a: Corviknight
|-damage|p2a: 一汽·大运|4/100|[from] Recoil
|
|-weather|RainDance|[upkeep]
|upkeep
|
|t:|1781185548
|switch|p1a: Blaziken|Blaziken, F|100/100
|turn|7
|
|t:|1781185554
|move|p1a: Blaziken|Protect|p1a: Blaziken
|-singleturn|p1a: Blaziken|Protect
|move|p2a: 一汽·大运|Wave Crash|p1a: Blaziken
|-activate|p1a: Blaziken|move: Protect
|
|-weather|RainDance|[upkeep]
|-ability|p1a: Blaziken|Speed Boost|boost
|-boost|p1a: Blaziken|spe|1
|upkeep
|turn|8
|
|t:|1781185559
|move|p1a: Blaziken|Protect|p1a: Blaziken
|-singleturn|p1a: Blaziken|Protect
|move|p2a: 一汽·大运|Wave Crash|p1a: Blaziken
|-activate|p1a: Blaziken|move: Protect
|
|-weather|none
|-ability|p1a: Blaziken|Speed Boost|boost
|-boost|p1a: Blaziken|spe|1
|upkeep
|turn|9
|
|t:|1781185567
|move|p1a: Blaziken|Stone Edge|p2a: 一汽·大运
|-damage|p2a: 一汽·大运|0 fnt
|faint|p2a: 一汽·大运
|-damage|p1a: Blaziken|91/100|[from] item: Life Orb
|
|-ability|p1a: Blaziken|Speed Boost|boost
|-boost|p1a: Blaziken|spe|1
|upkeep
|
|t:|1781185580
|switch|p2a: 特瓦林|Iron Jugulis|100/100
|-enditem|p2a: 特瓦林|Booster Energy
|-activate|p2a: 特瓦林|ability: Quark Drive|[fromitem]
|-start|p2a: 特瓦林|quarkdrivespe
|turn|10
|
|t:|1781185591
|-terastallize|p2a: 特瓦林|Ground
|move|p1a: Blaziken|Protect|p1a: Blaziken
|-singleturn|p1a: Blaziken|Protect
|move|p2a: 特瓦林|Earth Power|p1a: Blaziken
|-activate|p1a: Blaziken|move: Protect
|
|-ability|p1a: Blaziken|Speed Boost|boost
|-boost|p1a: Blaziken|spe|1
|upkeep
|turn|11
|
|t:|1781185596
|move|p1a: Blaziken|Close Combat|p2a: 特瓦林
|-damage|p2a: 特瓦林|4/100
|-unboost|p1a: Blaziken|def|1
|-unboost|p1a: Blaziken|spd|1
|-damage|p1a: Blaziken|81/100|[from] item: Life Orb
|move|p2a: 特瓦林|Earth Power|p1a: Blaziken
|-supereffective|p1a: Blaziken
|-damage|p1a: Blaziken|0 fnt
|faint|p1a: Blaziken
|
|upkeep
|
|t:|1781185599
|switch|p1a: Regieleki|Regieleki|100/100
|turn|12
|
|t:|1781185604
|move|p1a: Regieleki|Rapid Spin|p2a: 特瓦林
|-damage|p2a: 特瓦林|0 fnt
|-boost|p1a: Regieleki|spe|1
|faint|p2a: 特瓦林
|-end|p2a: 特瓦林|Quark Drive|[silent]
|
|upkeep
|
|t:|1781185609
|switch|p2a: 帝车超光所向捷|Iron Treads|100/100
|-enditem|p2a: 帝车超光所向捷|Booster Energy
|-activate|p2a: 帝车超光所向捷|ability: Quark Drive|[fromitem]
|-start|p2a: 帝车超光所向捷|quarkdrivespe
|turn|13
|
|t:|1781185617
|move|p1a: Regieleki|Rapid Spin|p2a: 帝车超光所向捷
|-resisted|p2a: 帝车超光所向捷
|-damage|p2a: 帝车超光所向捷|96/100
|-boost|p1a: Regieleki|spe|1
|move|p2a: 帝车超光所向捷|Earthquake|p1a: Regieleki
|-supereffective|p1a: Regieleki
|-damage|p1a: Regieleki|0 fnt
|faint|p1a: Regieleki
|
|upkeep
|
|t:|1781185620
|switch|p1a: Garchomp|Garchomp, M|100/100
|turn|14
|
|t:|1781185630
|-terastallize|p1a: Garchomp|Water
|move|p2a: 帝车超光所向捷|Earthquake|p1a: Garchomp
|-damage|p1a: Garchomp|51/100
|move|p1a: Garchomp|Earthquake|p2a: 帝车超光所向捷
|-supereffective|p2a: 帝车超光所向捷
|-damage|p2a: 帝车超光所向捷|0 fnt
|faint|p2a: 帝车超光所向捷
|-end|p2a: 帝车超光所向捷|Quark Drive|[silent]
|-damage|p1a: Garchomp|41/100|[from] item: Life Orb
|
|upkeep
|
|t:|1781185637
|switch|p2a: 驭雷掣电天尊|Raging Bolt|100/100
|-enditem|p2a: 驭雷掣电天尊|Booster Energy
|-activate|p2a: 驭雷掣电天尊|ability: Protosynthesis|[fromitem]
|-start|p2a: 驭雷掣电天尊|protosynthesisspa
|turn|15
|
|t:|1781185643
|move|p2a: 驭雷掣电天尊|Thunderclap||[still]
|-fail|p2a: 驭雷掣电天尊
|move|p1a: Garchomp|Swords Dance|p1a: Garchomp
|-boost|p1a: Garchomp|atk|2
|
|upkeep
|turn|16
|
|t:|1781185647
|move|p2a: 驭雷掣电天尊|Thunderclap||[still]
|-fail|p2a: 驭雷掣电天尊
|move|p1a: Garchomp|Swords Dance|p1a: Garchomp
|-boost|p1a: Garchomp|atk|2
|
|upkeep
|turn|17
|
|t:|1781185651
|move|p2a: 驭雷掣电天尊|Thunderclap||[still]
|-fail|p2a: 驭雷掣电天尊
|move|p1a: Garchomp|Swords Dance|p1a: Garchomp
|-boost|p1a: Garchomp|atk|2
|
|upkeep
|turn|18
|
|t:|1781185655
|move|p2a: 驭雷掣电天尊|Thunderclap||[still]
|-fail|p2a: 驭雷掣电天尊
|move|p1a: Garchomp|Swords Dance|p1a: Garchomp
|-boost|p1a: Garchomp|atk|0
|
|upkeep
|turn|19
|
|t:|1781185659
|move|p1a: Garchomp|Swords Dance|p1a: Garchomp
|-boost|p1a: Garchomp|atk|0
|move|p2a: 驭雷掣电天尊|Thunderbolt|p1a: Garchomp
|-supereffective|p1a: Garchomp
|-damage|p1a: Garchomp|0 fnt
|faint|p1a: Garchomp
|
|win|panpanbuke
|raw|mathismathin's rating: 1524 &rarr; <strong>1505</strong><br />(-19 for losing)
|raw|panpanbuke's rating: 1547 &rarr; <strong>1566</strong><br />(+19 for winning)
|l|☆mathismathin
|player|p1|
|l|☆panpanbuke
|player|p2|
