|badge|p2|bronze|gen9randombattle|100-9
|badge|p2|bronze|gen9ubers|100-9
|uhtml|medal-msg|<div class="broadcast-blue">Curious what those medals under the avatar are? PS now has Ladder Seasons! For more information, check out the <a href="https://www.smogon.com/forums/threads/3740067/">thread on Smogon.</a></div>
|j|☆employment devil
|j|☆oddishlover4
|t:|1781324926
|gametype|singles
|player|p1|employment devil|lusamine-nihilego|1620
|player|p2|oddishlover4|acetrainerf|1715
|gen|9
|tier|[Gen 9] OU
|rated|
|rule|HP Percentage Mod: HP is shown in percentages
|rule|Endless Battle Clause: Forcing endless battles is banned
|rule|Species Clause: Limit one of each Pokémon
|rule|OHKO Clause: OHKO moves are banned
|rule|Evasion Items Clause: Evasion items are banned
|rule|Evasion Moves Clause: Evasion moves are banned
|rule|Evasion Abilities Clause: Evasion abilities are banned
|rule|Sleep Moves Clause: Sleep-inducing moves are banned
|clearpoke
|poke|p1|Torkoal, M|
|poke|p1|Raging Bolt|
|poke|p1|Walking Wake|
|poke|p1|Great Tusk|
|poke|p1|Hatterene, F|
|poke|p1|Slither Wing|
|poke|p2|Kyurem|
|poke|p2|Hatterene, F|
|poke|p2|Darkrai|
|poke|p2|Great Tusk|
|poke|p2|Dragonite, F|
|poke|p2|Gholdengo|
|teampreview
|c|☆employment devil|hf
|
|t:|1781324944
|teamsize|p1|6
|teamsize|p2|6
|start
|switch|p1a: Waking Bad|Walking Wake|100/100
|switch|p2a: Boompala|Kyurem|100/100
|-ability|p2a: Boompala|Pressure
|turn|1
|c|☆oddishlover4|gl/hf!
|inactive|Battle timer is ON: inactive players will automatically lose when time's up. (requested by oddishlover4)
|
|t:|1781324962
|-terastallize|p1a: Waking Bad|Fairy
|-terastallize|p2a: Boompala|Poison
|move|p1a: Waking Bad|Draco Meteor|p2a: Boompala
|-damage|p2a: Boompala|38/100
|-unboost|p1a: Waking Bad|spa|2
|move|p2a: Boompala|Freeze-Dry|p1a: Waking Bad
|-damage|p1a: Waking Bad|60/100
|
|upkeep
|turn|2
|
|t:|1781324980
|-end|p1a: Waking Bad|Protosynthesis|[silent]
|switch|p1a: 10 packs deep|Torkoal, M, shiny|100/100
|-weather|SunnyDay|[from] ability: Drought|[of] p1a: 10 packs deep
|move|p2a: Boompala|Ice Beam|p1a: 10 packs deep
|-resisted|p1a: 10 packs deep
|-damage|p1a: 10 packs deep|73/100
|
|-weather|SunnyDay|[upkeep]
|upkeep
|turn|3
|c|☆oddishlover4|specs wake is so stupid :/
|
|t:|1781324998
|switch|p1a: Gyatt in the hat|Hatterene, F, shiny|100/100
|move|p2a: Boompala|Ice Beam|p1a: Gyatt in the hat
|-damage|p1a: Gyatt in the hat|49/100
|-enditem|p1a: Gyatt in the hat|Eject Button
|
|t:|1781325018
|switch|p1a: Waking Bad|Walking Wake, tera:Fairy|60/100
|-activate|p1a: Waking Bad|ability: Protosynthesis
|-start|p1a: Waking Bad|protosynthesisspe
|
|-weather|SunnyDay|[upkeep]
|upkeep
|turn|4
|
|t:|1781325035
|switch|p2a: Bluebeard's Wife|Dragonite, F|100/100
|move|p1a: Waking Bad|Hydro Steam|p2a: Bluebeard's Wife
|-resisted|p2a: Bluebeard's Wife
|-damage|p2a: Bluebeard's Wife|79/100
|
|-weather|SunnyDay|[upkeep]
|upkeep
|turn|5
|
|t:|1781325053
|-end|p1a: Waking Bad|Protosynthesis|[silent]
|switch|p1a: name censored|Great Tusk, shiny|100/100
|-activate|p1a: name censored|ability: Protosynthesis
|-start|p1a: name censored|protosynthesisatk
|move|p2a: Bluebeard's Wife|Roost|p2a: Bluebeard's Wife
|-heal|p2a: Bluebeard's Wife|100/100
|-singleturn|p2a: Bluebeard's Wife|move: Roost
|
|-weather|SunnyDay|[upkeep]
|upkeep
|turn|6
|inactive|oddishlover4 has 120 seconds left.
|
|t:|1781325076
|move|p1a: name censored|Headlong Rush|p2a: Bluebeard's Wife
|-immune|p2a: Bluebeard's Wife
|move|p2a: Bluebeard's Wife|Fire Punch|p1a: name censored
|-damage|p1a: name censored|73/100
|
|-weather|SunnyDay|[upkeep]
|upkeep
|turn|7
|inactive|oddishlover4 has 120 seconds left.
|
|t:|1781325094
|switch|p2a: Fearless|Great Tusk|100/100
|-activate|p2a: Fearless|ability: Protosynthesis
|-start|p2a: Fearless|protosynthesisdef
|move|p1a: name censored|Rapid Spin|p2a: Fearless
|-damage|p2a: Fearless|90/100
|-boost|p1a: name censored|spe|1
|
|-weather|SunnyDay|[upkeep]
|-heal|p2a: Fearless|96/100|[from] item: Leftovers
|upkeep
|turn|8
|inactive|oddishlover4 has 120 seconds left.
|j| biscoitotroll
|
|t:|1781325112
|-end|p1a: name censored|Protosynthesis|[silent]
|switch|p1a: Dangerous flaps|Slither Wing, shiny|100/100
|-activate|p1a: Dangerous flaps|ability: Protosynthesis
|-start|p1a: Dangerous flaps|protosynthesisdef
|move|p2a: Fearless|Headlong Rush|p1a: Dangerous flaps
|-resisted|p1a: Dangerous flaps
|-damage|p1a: Dangerous flaps|85/100
|-unboost|p2a: Fearless|def|1
|-unboost|p2a: Fearless|spd|1
|-damage|p2a: Fearless|79/100|[from] item: Rocky Helmet|[of] p1a: Dangerous flaps
|
|-weather|SunnyDay|[upkeep]
|-heal|p2a: Fearless|85/100|[from] item: Leftovers
|upkeep
|turn|9
|
|t:|1781325129
|-end|p1a: Dangerous flaps|Protosynthesis|[silent]
|switch|p1a: Gyatt in the hat|Hatterene, F, shiny|49/100
|move|p2a: Fearless|Stealth Rock|p1a: Gyatt in the hat
|move|p1a: Gyatt in the hat|Stealth Rock|p2a: Fearless|[from] ability: Magic Bounce
|-sidestart|p2: oddishlover4|move: Stealth Rock
|
|-weather|none
|-end|p2a: Fearless|Protosynthesis
|-heal|p2a: Fearless|91/100|[from] item: Leftovers
|upkeep
|turn|10
|
|t:|1781325147
|-end|p2a: Fearless|Protosynthesis|[silent]
|switch|p2a: Celebration|Gholdengo|100/100
|-damage|p2a: Celebration|94/100|[from] Stealth Rock
|move|p1a: Gyatt in the hat|Dazzling Gleam|p2a: Celebration
|-resisted|p2a: Celebration
|-damage|p2a: Celebration|78/100
|
|upkeep
|turn|11
|
|t:|1781325165
|switch|p1a: 10 packs deep|Torkoal, M, shiny|73/100
|-weather|SunnyDay|[from] ability: Drought|[of] p1a: 10 packs deep
|move|p2a: Celebration|Shadow Ball|p1a: 10 packs deep
|-damage|p1a: 10 packs deep|26/100
|-unboost|p1a: 10 packs deep|spd|1
|
|-weather|SunnyDay|[upkeep]
|upkeep
|turn|12
|inactive|oddishlover4 has 90 seconds left.
|
|t:|1781325183
|switch|p1a: Gyatt in the hat|Hatterene, F, shiny|49/100
|move|p2a: Celebration|Shadow Ball|p1a: Gyatt in the hat
|-supereffective|p1a: Gyatt in the hat
|-damage|p1a: Gyatt in the hat|0 fnt
|faint|p1a: Gyatt in the hat
|
|-weather|SunnyDay|[upkeep]
|upkeep
|
|t:|1781325185
|switch|p1a: name censored|Great Tusk, shiny|73/100
|-activate|p1a: name censored|ability: Protosynthesis
|-start|p1a: name censored|protosynthesisatk
|turn|13
|inactive|oddishlover4 has 90 seconds left.
|
|t:|1781325203
|-end|p1a: name censored|Protosynthesis|[silent]
|switch|p1a: Waking Bad|Walking Wake, tera:Fairy|60/100
|-activate|p1a: Waking Bad|ability: Protosynthesis
|-start|p1a: Waking Bad|protosynthesisspe
|switch|p2a: Fearless|Great Tusk|91/100
|-damage|p2a: Fearless|88/100|[from] Stealth Rock
|-activate|p2a: Fearless|ability: Protosynthesis
|-start|p2a: Fearless|protosynthesisdef
|
|-weather|SunnyDay|[upkeep]
|-heal|p2a: Fearless|94/100|[from] item: Leftovers
|upkeep
|turn|14
|inactive|oddishlover4 has 90 seconds left.
|
|t:|1781325220
|-end|p2a: Fearless|Protosynthesis|[silent]
|switch|p2a: Bluebeard's Wife|Dragonite, F|100/100
|move|p1a: Waking Bad|Draco Meteor|p2a: Bluebeard's Wife
|-supereffective|p2a: Bluebeard's Wife
|-damage|p2a: Bluebeard's Wife|19/100
|-unboost|p1a: Waking Bad|spa|2
|
|-weather|SunnyDay|[upkeep]
|upkeep
|turn|15
|inactive|oddishlover4 has 90 seconds left.
|
|t:|1781325237
|-end|p1a: Waking Bad|Protosynthesis|[silent]
|switch|p1a: name censored|Great Tusk, shiny|73/100
|-activate|p1a: name censored|ability: Protosynthesis
|-start|p1a: name censored|protosynthesisatk
|move|p2a: Bluebeard's Wife|Extreme Speed|p1a: name censored
|-damage|p1a: name censored|53/100
|
|-weather|SunnyDay|[upkeep]
|upkeep
|turn|16
|
|t:|1781325255
|switch|p2a: Fearless|Great Tusk|94/100
|-damage|p2a: Fearless|91/100|[from] Stealth Rock
|-activate|p2a: Fearless|ability: Protosynthesis
|-start|p2a: Fearless|protosynthesisdef
|move|p1a: name censored|Ice Spinner|p2a: Fearless
|-supereffective|p2a: Fearless
|-damage|p2a: Fearless|59/100
|
|-weather|SunnyDay|[upkeep]
|-heal|p2a: Fearless|65/100|[from] item: Leftovers
|upkeep
|turn|17
|
|t:|1781325264
|move|p2a: Fearless|Rapid Spin|p1a: name censored
|-damage|p1a: name censored|43/100
|-boost|p2a: Fearless|spe|1
|-sideend|p2: oddishlover4|Stealth Rock|[from] move: Rapid Spin|[of] p2a: Fearless
|move|p1a: name censored|Ice Spinner|p2a: Fearless
|-supereffective|p2a: Fearless
|-damage|p2a: Fearless|32/100
|
|-weather|SunnyDay|[upkeep]
|-heal|p2a: Fearless|38/100|[from] item: Leftovers
|upkeep
|turn|18
|
|t:|1781325273
|move|p2a: Fearless|Ice Spinner|p1a: name censored
|-supereffective|p1a: name censored
|-damage|p1a: name censored|9/100
|move|p1a: name censored|Headlong Rush|p2a: Fearless
|-damage|p2a: Fearless|4/100
|-unboost|p1a: name censored|def|1
|-unboost|p1a: name censored|spd|1
|
|-weather|none
|-end|p2a: Fearless|Protosynthesis
|-end|p1a: name censored|Protosynthesis
|-heal|p2a: Fearless|10/100|[from] item: Leftovers
|upkeep
|turn|19
|inactive|oddishlover4 has 90 seconds left.
|
|t:|1781325290
|move|p2a: Fearless|Stealth Rock|p1a: name censored
|-sidestart|p1: employment devil|move: Stealth Rock
|move|p1a: name censored|Headlong Rush|p2a: Fearless
|-damage|p2a: Fearless|0 fnt
|-unboost|p1a: name censored|def|1
|-unboost|p1a: name censored|spd|1
|faint|p2a: Fearless
|-end|p2a: Fearless|Protosynthesis|[silent]
|
|upkeep
|inactive|oddishlover4 has 90 seconds left.
|
|t:|1781325299
|switch|p2a: Perfect Night|Darkrai|100/100
|turn|20
|
|t:|1781325308
|move|p2a: Perfect Night|Ice Beam|p1a: name censored
|-supereffective|p1a: name censored
|-damage|p1a: name censored|0 fnt
|faint|p1a: name censored
|-end|p1a: name censored|Protosynthesis|[silent]
|
|upkeep
|
|t:|1781325310
|switch|p1a: 10 packs deep|Torkoal, M, shiny|26/100
|-damage|p1a: 10 packs deep|1/100|[from] Stealth Rock
|-weather|SunnyDay|[from] ability: Drought|[of] p1a: 10 packs deep
|turn|21
|
|t:|1781325327
|move|p2a: Perfect Night|Ice Beam|p1a: 10 packs deep
|-resisted|p1a: 10 packs deep
|-damage|p1a: 10 packs deep|0 fnt
|faint|p1a: 10 packs deep
|
|-weather|SunnyDay|[upkeep]
|upkeep
|
|t:|1781325329
|switch|p1a: Waking Bad|Walking Wake, tera:Fairy|60/100
|-damage|p1a: Waking Bad|48/100|[from] Stealth Rock
|-activate|p1a: Waking Bad|ability: Protosynthesis
|-start|p1a: Waking Bad|protosynthesisspe
|turn|22
|
|t:|1781325346
|switch|p2a: Bluebeard's Wife|Dragonite, F|19/100
|move|p1a: Waking Bad|Hydro Steam|p2a: Bluebeard's Wife
|-resisted|p2a: Bluebeard's Wife
|-damage|p2a: Bluebeard's Wife|0 fnt
|faint|p2a: Bluebeard's Wife
|
|-weather|SunnyDay|[upkeep]
|upkeep
|inactive|oddishlover4 has 90 seconds left.
|
|t:|1781325363
|switch|p2a: Perfect Night|Darkrai|100/100
|turn|23
|inactive|oddishlover4 has 90 seconds left.
|l| biscoitotroll
|
|t:|1781325379
|move|p2a: Perfect Night|Sludge Bomb|p1a: Waking Bad
|-supereffective|p1a: Waking Bad
|-damage|p1a: Waking Bad|0 fnt
|faint|p1a: Waking Bad
|-end|p1a: Waking Bad|Protosynthesis|[silent]
|
|-weather|SunnyDay|[upkeep]
|upkeep
|
|t:|1781325384
|switch|p1a: Dangerous flaps|Slither Wing, shiny|85/100
|-damage|p1a: Dangerous flaps|72/100|[from] Stealth Rock
|-activate|p1a: Dangerous flaps|ability: Protosynthesis
|-start|p1a: Dangerous flaps|protosynthesisdef
|turn|24
|inactive|oddishlover4 has 90 seconds left.
|
|t:|1781325401
|switch|p2a: Boompala|Kyurem, tera:Poison|38/100
|-ability|p2a: Boompala|Pressure
|move|p1a: Dangerous flaps|U-turn|p2a: Boompala
|-resisted|p2a: Boompala
|-damage|p2a: Boompala|28/100
|
|t:|1781325403
|-end|p1a: Dangerous flaps|Protosynthesis|[silent]
|switch|p1a: RagingStormZoner|Raging Bolt|100/100|[from] U-turn
|-damage|p1a: RagingStormZoner|88/100|[from] Stealth Rock
|-activate|p1a: RagingStormZoner|ability: Protosynthesis
|-start|p1a: RagingStormZoner|protosynthesisspa
|
|-weather|SunnyDay|[upkeep]
|upkeep
|turn|25
|inactive|oddishlover4 has 90 seconds left.
|
|t:|1781325419
|move|p2a: Boompala|Ice Beam|p1a: RagingStormZoner
|-supereffective|p1a: RagingStormZoner
|-damage|p1a: RagingStormZoner|0 fnt
|faint|p1a: RagingStormZoner
|-end|p1a: RagingStormZoner|Protosynthesis|[silent]
|
|-weather|SunnyDay|[upkeep]
|upkeep
|
|t:|1781325423
|switch|p1a: Dangerous flaps|Slither Wing, shiny|72/100
|-damage|p1a: Dangerous flaps|60/100|[from] Stealth Rock
|-activate|p1a: Dangerous flaps|ability: Protosynthesis
|-start|p1a: Dangerous flaps|protosynthesisdef
|turn|26
|inactive|oddishlover4 has 90 seconds left.
|c|☆employment devil|ggwp
|
|t:|1781325434
|switch|p2a: Antifragile|Hatterene, F|100/100
|move|p1a: Dangerous flaps|Morning Sun|p1a: Dangerous flaps
|-heal|p1a: Dangerous flaps|100/100
|
|-weather|SunnyDay|[upkeep]
|upkeep
|turn|27
|inactive|oddishlover4 has 90 seconds left.
|-message|employment devil forfeited.
|
|win|oddishlover4
|raw|employment devil's rating: 1620 &rarr; <strong>1605</strong><br />(-15 for losing)
|raw|oddishlover4's rating: 1715 &rarr; <strong>1730</strong><br />(+15 for winning)
|l|☆employment devil
|player|p1|
|c|☆oddishlover4|GG!
