|j|☆eljugoaaron
|j|☆Udiggwhatimsayin
|t:|1781468797
|gametype|singles
|player|p1|eljugoaaron|169|1543
|player|p2|Udiggwhatimsayin|fantina|1689
|gen|9
|tier|[Gen 9] OU
|rated|
|rule|HP Percentage Mod: HP is shown in percentages
|rule|Endless Battle Clause: Forcing endless battles is banned
|rule|Species Clause: Limit one of each Pokémon
|rule|OHKO Clause: OHKO moves are banned
|rule|Evasion Items Clause: Evasion items are banned
|rule|Evasion Moves Clause: Evasion moves are banned
|rule|Evasion Abilities Clause: Evasion abilities are banned
|rule|Sleep Moves Clause: Sleep-inducing moves are banned
|clearpoke
|poke|p1|Kyurem|
|poke|p1|Kingambit, M|
|poke|p1|Great Tusk|
|poke|p1|Cinderace, M|
|poke|p1|Slowking-Galar, M|
|poke|p1|Enamorus-Therian, F|
|poke|p2|Ogerpon, F|
|poke|p2|Zamazenta-*|
|poke|p2|Alomomola, F|
|poke|p2|Cinderace, M|
|poke|p2|Kyurem|
|poke|p2|Iron Treads|
|teampreview
|inactive|Battle timer is ON: inactive players will automatically lose when time's up. (requested by Udiggwhatimsayin)
|
|t:|1781468808
|teamsize|p1|6
|teamsize|p2|6
|start
|switch|p1a: Kyurem|Kyurem|100/100
|switch|p2a: Cinderace|Cinderace, M|100/100
|-ability|p1a: Kyurem|Pressure
|turn|1
|
|t:|1781468815
|move|p2a: Cinderace|U-turn|p1a: Kyurem
|-start|p2a: Cinderace|typechange|Bug|[from] ability: Libero
|-damage|p1a: Kyurem|79/100
|j| iraniantech
|
|t:|1781468820
|switch|p2a: Alomomola|Alomomola, F|100/100|[from] U-turn
|move|p1a: Kyurem|Earth Power|p2a: Alomomola
|-damage|p2a: Alomomola|87/100
|
|upkeep
|turn|2
|
|t:|1781468827
|switch|p1a: Slowking|Slowking-Galar, M|100/100
|move|p2a: Alomomola|Flip Turn|p1a: Slowking
|-damage|p1a: Slowking|82/100
|
|t:|1781468841
|switch|p2a: Iron Treads|Iron Treads|100/100|[from] Flip Turn
|
|upkeep
|turn|3
|
|t:|1781468846
|switch|p1a: Enamorus|Enamorus-Therian, F|100/100
|move|p2a: Iron Treads|Knock Off|p1a: Enamorus
|-resisted|p1a: Enamorus
|-damage|p1a: Enamorus|90/100
|-enditem|p1a: Enamorus|Leftovers|[from] move: Knock Off|[of] p2a: Iron Treads
|
|upkeep
|turn|4
|
|t:|1781468857
|-end|p2a: Iron Treads|Quark Drive|[silent]
|switch|p2a: Alomomola|Alomomola, F|100/100
|move|p1a: Enamorus|Iron Defense|p1a: Enamorus
|-boost|p1a: Enamorus|def|2
|
|upkeep
|turn|5
|
|t:|1781468865
|move|p1a: Enamorus|Calm Mind|p1a: Enamorus
|-boost|p1a: Enamorus|spa|1
|-boost|p1a: Enamorus|spd|1
|move|p2a: Alomomola|Scald|p1a: Enamorus
|-damage|p1a: Enamorus|80/100
|
|upkeep
|turn|6
|
|t:|1781468892
|move|p1a: Enamorus|Calm Mind|p1a: Enamorus
|-boost|p1a: Enamorus|spa|1
|-boost|p1a: Enamorus|spd|1
|move|p2a: Alomomola|Scald|p1a: Enamorus
|-damage|p1a: Enamorus|72/100
|
|upkeep
|turn|7
|inactive|Udiggwhatimsayin has 120 seconds left.
|
|t:|1781468924
|move|p1a: Enamorus|Calm Mind|p1a: Enamorus
|-boost|p1a: Enamorus|spa|1
|-boost|p1a: Enamorus|spd|1
|move|p2a: Alomomola|Scald|p1a: Enamorus
|-damage|p1a: Enamorus|67/100
|
|upkeep
|turn|8
|
|t:|1781468930
|move|p1a: Enamorus|Iron Defense|p1a: Enamorus
|-boost|p1a: Enamorus|def|2
|move|p2a: Alomomola|Mirror Coat||[still]
|-fail|p2a: Alomomola
|
|upkeep
|turn|9
|
|t:|1781468938
|move|p1a: Enamorus|Calm Mind|p1a: Enamorus
|-boost|p1a: Enamorus|spa|1
|-boost|p1a: Enamorus|spd|1
|move|p2a: Alomomola|Scald|p1a: Enamorus
|-damage|p1a: Enamorus|62/100
|-status|p1a: Enamorus|brn
|
|-damage|p1a: Enamorus|56/100 brn|[from] brn
|upkeep
|turn|10
|
|t:|1781468951
|move|p1a: Enamorus|Draining Kiss|p2a: Alomomola
|-damage|p2a: Alomomola|68/100
|-heal|p1a: Enamorus|94/100 brn|[from] drain|[of] p2a: Alomomola
|move|p2a: Alomomola|Flip Turn|p1a: Enamorus
|-crit|p1a: Enamorus
|-damage|p1a: Enamorus|77/100 brn
|
|t:|1781468953
|switch|p2a: Kyurem|Kyurem|100/100|[from] Flip Turn
|-ability|p2a: Kyurem|Pressure
|
|-damage|p1a: Enamorus|71/100 brn|[from] brn
|upkeep
|turn|11
|
|t:|1781468959
|move|p2a: Kyurem|Substitute|p2a: Kyurem
|-start|p2a: Kyurem|Substitute
|-damage|p2a: Kyurem|75/100
|move|p1a: Enamorus|Draining Kiss|p2a: Kyurem
|-supereffective|p2a: Kyurem
|-end|p2a: Kyurem|Substitute
|-heal|p1a: Enamorus|92/100 brn|[from] drain|[of] p2a: Kyurem
|
|-heal|p2a: Kyurem|82/100|[from] item: Leftovers
|-damage|p1a: Enamorus|86/100 brn|[from] brn
|upkeep
|turn|12
|
|t:|1781468962
|move|p2a: Kyurem|Protect|p2a: Kyurem
|-singleturn|p2a: Kyurem|Protect
|move|p1a: Enamorus|Draining Kiss|p2a: Kyurem
|-activate|p2a: Kyurem|move: Protect
|
|-heal|p2a: Kyurem|88/100|[from] item: Leftovers
|-damage|p1a: Enamorus|80/100 brn|[from] brn
|upkeep
|turn|13
|
|t:|1781468968
|move|p2a: Kyurem|Substitute|p2a: Kyurem
|-start|p2a: Kyurem|Substitute
|-damage|p2a: Kyurem|63/100
|move|p1a: Enamorus|Draining Kiss|p2a: Kyurem
|-supereffective|p2a: Kyurem
|-crit|p2a: Kyurem
|-end|p2a: Kyurem|Substitute
|-heal|p1a: Enamorus|100/100 brn|[from] drain|[of] p2a: Kyurem
|
|-heal|p2a: Kyurem|69/100|[from] item: Leftovers
|-damage|p1a: Enamorus|95/100 brn|[from] brn
|upkeep
|turn|14
|
|t:|1781468970
|move|p2a: Kyurem|Protect|p2a: Kyurem
|-singleturn|p2a: Kyurem|Protect
|move|p1a: Enamorus|Draining Kiss|p2a: Kyurem
|-activate|p2a: Kyurem|move: Protect
|
|-heal|p2a: Kyurem|75/100|[from] item: Leftovers
|-damage|p1a: Enamorus|89/100 brn|[from] brn
|upkeep
|turn|15
|
|t:|1781468973
|move|p2a: Kyurem|Substitute|p2a: Kyurem
|-start|p2a: Kyurem|Substitute
|-damage|p2a: Kyurem|50/100
|move|p1a: Enamorus|Draining Kiss|p2a: Kyurem
|-supereffective|p2a: Kyurem
|-end|p2a: Kyurem|Substitute
|-heal|p1a: Enamorus|100/100 brn|[from] drain|[of] p2a: Kyurem
|
|-heal|p2a: Kyurem|56/100|[from] item: Leftovers
|-damage|p1a: Enamorus|95/100 brn|[from] brn
|upkeep
|turn|16
|
|t:|1781468977
|move|p2a: Kyurem|Substitute|p2a: Kyurem
|-start|p2a: Kyurem|Substitute
|-damage|p2a: Kyurem|31/100
|move|p1a: Enamorus|Draining Kiss|p2a: Kyurem
|-supereffective|p2a: Kyurem
|-end|p2a: Kyurem|Substitute
|-heal|p1a: Enamorus|100/100 brn|[from] drain|[of] p2a: Kyurem
|
|-heal|p2a: Kyurem|38/100|[from] item: Leftovers
|-damage|p1a: Enamorus|95/100 brn|[from] brn
|upkeep
|turn|17
|
|t:|1781468980
|move|p2a: Kyurem|Protect|p2a: Kyurem
|-singleturn|p2a: Kyurem|Protect
|move|p1a: Enamorus|Draining Kiss|p2a: Kyurem
|-activate|p2a: Kyurem|move: Protect
|
|-heal|p2a: Kyurem|44/100|[from] item: Leftovers
|-damage|p1a: Enamorus|89/100 brn|[from] brn
|upkeep
|turn|18
|
|t:|1781468985
|switch|p2a: Iron Treads|Iron Treads|100/100
|move|p1a: Enamorus|Earth Power|p2a: Iron Treads
|-supereffective|p2a: Iron Treads
|-damage|p2a: Iron Treads|0 fnt
|faint|p2a: Iron Treads
|-end|p2a: Iron Treads|Quark Drive|[silent]
|
|-damage|p1a: Enamorus|83/100 brn|[from] brn
|upkeep
|
|t:|1781468990
|switch|p2a: Alomomola|Alomomola, F|100/100
|turn|19
|
|t:|1781468996
|move|p1a: Enamorus|Earth Power|p2a: Alomomola
|-damage|p2a: Alomomola|63/100
|move|p2a: Alomomola|Mirror Coat|p1a: Enamorus
|-damage|p1a: Enamorus|0 fnt
|faint|p1a: Enamorus
|
|upkeep
|
|t:|1781469002
|switch|p1a: Kyurem|Kyurem|79/100
|-ability|p1a: Kyurem|Pressure
|turn|20
|
|t:|1781469007
|move|p1a: Kyurem|Freeze-Dry|p2a: Alomomola
|-supereffective|p2a: Alomomola
|-damage|p2a: Alomomola|32/100
|move|p2a: Alomomola|Flip Turn|p1a: Kyurem
|-resisted|p1a: Kyurem
|-damage|p1a: Kyurem|74/100
|
|t:|1781469026
|switch|p2a: Zamazenta|Zamazenta|100/100|[from] Flip Turn
|-ability|p2a: Zamazenta|Dauntless Shield|boost
|-boost|p2a: Zamazenta|def|1
|
|upkeep
|turn|21
|
|t:|1781469032
|switch|p1a: Slowking|Slowking-Galar, M|100/100
|move|p2a: Zamazenta|Crunch|p1a: Slowking
|-supereffective|p1a: Slowking
|-damage|p1a: Slowking|52/100
|
|upkeep
|turn|22
|
|t:|1781469043
|switch|p2a: Alomomola|Alomomola, F|65/100
|move|p1a: Slowking|Psyshock|p2a: Alomomola
|-crit|p2a: Alomomola
|-damage|p2a: Alomomola|15/100
|
|upkeep
|turn|23
|
|t:|1781469047
|move|p2a: Alomomola|Flip Turn|p1a: Slowking
|-damage|p1a: Slowking|36/100
|
|t:|1781469053
|switch|p2a: Cinderace|Cinderace, M|100/100|[from] Flip Turn
|move|p1a: Slowking|Psyshock|p2a: Cinderace
|-damage|p2a: Cinderace|46/100
|
|upkeep
|turn|24
|
|t:|1781469061
|switch|p1a: Kyurem|Kyurem|74/100
|-ability|p1a: Kyurem|Pressure
|move|p2a: Cinderace|Pyro Ball|p1a: Kyurem
|-damage|p1a: Kyurem|41/100
|
|upkeep
|turn|25
|
|t:|1781469067
|move|p2a: Cinderace|U-turn|p1a: Kyurem
|-start|p2a: Cinderace|typechange|Bug|[from] ability: Libero
|-damage|p1a: Kyurem|21/100
|
|t:|1781469070
|switch|p2a: Alomomola|Alomomola, F|49/100|[from] U-turn
|move|p1a: Kyurem|Earth Power|p2a: Alomomola
|-damage|p2a: Alomomola|36/100
|
|upkeep
|turn|26
|
|t:|1781469075
|move|p1a: Kyurem|Freeze-Dry|p2a: Alomomola
|-supereffective|p2a: Alomomola
|-damage|p2a: Alomomola|6/100
|move|p2a: Alomomola|Play Rough|p1a: Kyurem
|-supereffective|p1a: Kyurem
|-damage|p1a: Kyurem|2/100
|
|upkeep
|turn|27
|
|t:|1781469079
|move|p1a: Kyurem|Freeze-Dry|p2a: Alomomola
|-supereffective|p2a: Alomomola
|-damage|p2a: Alomomola|0 fnt
|faint|p2a: Alomomola
|
|upkeep
|j| UmbrusHD
|
|t:|1781469102
|switch|p2a: Cinderace|Cinderace, M|46/100
|turn|28
|
|t:|1781469106
|move|p2a: Cinderace|U-turn|p1a: Kyurem
|-start|p2a: Cinderace|typechange|Bug|[from] ability: Libero
|-damage|p1a: Kyurem|0 fnt
|faint|p1a: Kyurem
|
|t:|1781469117
|switch|p2a: Ogerpon|Ogerpon, F|100/100|[from] U-turn
|
|upkeep
|
|t:|1781469121
|switch|p1a: Cinderace|Cinderace, M|100/100
|turn|29
|
|t:|1781469130
|switch|p2a: Cinderace|Cinderace, M|46/100
|move|p1a: Cinderace|Pyro Ball|p2a: Cinderace
|-resisted|p2a: Cinderace
|-damage|p2a: Cinderace|6/100
|
|upkeep
|turn|30
|
|t:|1781469138
|move|p2a: Cinderace|Sucker Punch|p1a: Cinderace
|-start|p2a: Cinderace|typechange|Dark|[from] ability: Libero
|-damage|p1a: Cinderace|55/100
|move|p1a: Cinderace|U-turn|p2a: Cinderace
|-start|p1a: Cinderace|typechange|Bug|[from] ability: Libero
|-supereffective|p2a: Cinderace
|-damage|p2a: Cinderace|0 fnt
|faint|p2a: Cinderace
|
|t:|1781469148
|switch|p1a: Kingambit|Kingambit, M|100/100|[from] U-turn
|-activate|p1a: Kingambit|ability: Supreme Overlord
|-start|p1a: Kingambit|fallen2|[silent]
|-item|p1a: Kingambit|Air Balloon
|
|upkeep
|
|t:|1781469152
|switch|p2a: Zamazenta|Zamazenta|100/100
|turn|31
|
|t:|1781469159
|-end|p1a: Kingambit|fallen2|[silent]
|switch|p1a: Slowking|Slowking-Galar, M|69/100
|move|p2a: Zamazenta|Body Press|p1a: Slowking
|-resisted|p1a: Slowking
|-damage|p1a: Slowking|60/100
|
|upkeep
|turn|32
|
|t:|1781469165
|-terastallize|p2a: Zamazenta|Dark
|move|p2a: Zamazenta|Crunch|p1a: Slowking
|-supereffective|p1a: Slowking
|-damage|p1a: Slowking|0 fnt
|faint|p1a: Slowking
|
|upkeep
|
|t:|1781469168
|switch|p1a: Great Tusk|Great Tusk|100/100
|turn|33
|
|t:|1781469188
|move|p1a: Great Tusk|Close Combat|p2a: Zamazenta
|-supereffective|p2a: Zamazenta
|-damage|p2a: Zamazenta|8/100
|-unboost|p1a: Great Tusk|def|1
|-unboost|p1a: Great Tusk|spd|1
|move|p2a: Zamazenta|Iron Defense|p2a: Zamazenta
|-boost|p2a: Zamazenta|def|2
|
|-heal|p2a: Zamazenta|14/100|[from] item: Leftovers
|upkeep
|turn|34
|
|t:|1781469192
|move|p1a: Great Tusk|Close Combat|p2a: Zamazenta
|-supereffective|p2a: Zamazenta
|-damage|p2a: Zamazenta|0 fnt
|-unboost|p1a: Great Tusk|def|1
|-unboost|p1a: Great Tusk|spd|1
|faint|p2a: Zamazenta
|
|upkeep
|
|t:|1781469194
|switch|p2a: Ogerpon|Ogerpon, F|100/100
|turn|35
|-message|Udiggwhatimsayin forfeited.
|
|win|eljugoaaron
|raw|eljugoaaron's rating: 1543 &rarr; <strong>1571</strong><br />(+28 for winning)
|raw|Udiggwhatimsayin's rating: 1689 &rarr; <strong>1661</strong><br />(-28 for losing)
|l|☆Udiggwhatimsayin
|player|p2|
|l|☆eljugoaaron
|player|p1|
|l| UmbrusHD
