|j|☆Praise The Salt
|j|☆Mkap
|t:|1781103343
|gametype|singles
|player|p1|Praise The Salt|102|1585
|player|p2|Mkap|101|1593
|gen|9
|tier|[Gen 9] OU
|rated|
|rule|HP Percentage Mod: HP is shown in percentages
|rule|Endless Battle Clause: Forcing endless battles is banned
|rule|Species Clause: Limit one of each Pokémon
|rule|OHKO Clause: OHKO moves are banned
|rule|Evasion Items Clause: Evasion items are banned
|rule|Evasion Moves Clause: Evasion moves are banned
|rule|Evasion Abilities Clause: Evasion abilities are banned
|rule|Sleep Moves Clause: Sleep-inducing moves are banned
|clearpoke
|poke|p1|Primarina, M|
|poke|p1|Zamazenta-*|
|poke|p1|Gholdengo|
|poke|p1|Rillaboom, M|
|poke|p1|Glimmora, M|
|poke|p1|Hydreigon, M|
|poke|p2|Chesnaught, F|
|poke|p2|Iron Treads|
|poke|p2|Raging Bolt|
|poke|p2|Enamorus, F|
|poke|p2|Manaphy|
|poke|p2|Zamazenta-*|
|teampreview
|inactive|Battle timer is ON: inactive players will automatically lose when time's up. (requested by Praise The Salt)
|inactive|Praise The Salt has 120 seconds left.
|
|t:|1781103408
|teamsize|p1|6
|teamsize|p2|6
|start
|switch|p1a: Celestine|Primarina, M, shiny|100/100
|switch|p2a: Iron Treads|Iron Treads|100/100
|-enditem|p2a: Iron Treads|Booster Energy
|-activate|p2a: Iron Treads|ability: Quark Drive|[fromitem]
|-start|p2a: Iron Treads|quarkdrivespe
|turn|1
|
|t:|1781103419
|move|p2a: Iron Treads|Stealth Rock|p1a: Celestine
|-sidestart|p1: Praise The Salt|move: Stealth Rock
|move|p1a: Celestine|Psychic Noise|p2a: Iron Treads
|-supereffective|p2a: Iron Treads
|-damage|p2a: Iron Treads|0 fnt
|faint|p2a: Iron Treads
|-end|p2a: Iron Treads|Quark Drive|[silent]
|
|upkeep
|
|t:|1781103424
|switch|p2a: Raging Bolt|Raging Bolt|100/100
|turn|2
|
|t:|1781103445
|move|p2a: Raging Bolt|Thunderbolt|p1a: Celestine
|-supereffective|p1a: Celestine
|-damage|p1a: Celestine|41/100
|move|p1a: Celestine|Moonblast|p2a: Raging Bolt
|-supereffective|p2a: Raging Bolt
|-damage|p2a: Raging Bolt|3/100
|
|-heal|p2a: Raging Bolt|9/100|[from] item: Leftovers
|upkeep
|turn|3
|
|t:|1781103459
|switch|p1a: Hybrid|Hydreigon, M, shiny|100/100
|-damage|p1a: Hybrid|88/100|[from] Stealth Rock
|move|p2a: Raging Bolt|Thunderbolt|p1a: Hybrid
|-resisted|p1a: Hybrid
|-damage|p1a: Hybrid|58/100
|
|-heal|p2a: Raging Bolt|15/100|[from] item: Leftovers
|upkeep
|turn|4
|
|t:|1781103473
|-end|p2a: Raging Bolt|Protosynthesis|[silent]
|switch|p2a: Zamazenta|Zamazenta|100/100
|-ability|p2a: Zamazenta|Dauntless Shield|boost
|-boost|p2a: Zamazenta|def|1
|move|p1a: Hybrid|Dark Pulse|p2a: Zamazenta
|-resisted|p2a: Zamazenta
|-damage|p2a: Zamazenta|78/100
|
|upkeep
|turn|5
|
|t:|1781103481
|switch|p1a: Bullet|Glimmora, M, shiny|100/100
|-damage|p1a: Bullet|88/100|[from] Stealth Rock
|move|p2a: Zamazenta|Light Screen|p2a: Zamazenta
|-sidestart|p2: Mkap|move: Light Screen
|
|upkeep
|turn|6
|
|t:|1781103486
|move|p2a: Zamazenta|Reflect|p2a: Zamazenta
|-sidestart|p2: Mkap|Reflect
|move|p1a: Bullet|Stealth Rock|p2a: Zamazenta
|-sidestart|p2: Mkap|move: Stealth Rock
|
|upkeep
|turn|7
|
|t:|1781103489
|switch|p2a: Manaphy|Manaphy|100/100
|-damage|p2a: Manaphy|88/100|[from] Stealth Rock
|move|p1a: Bullet|Spikes|p2a: Manaphy
|-sidestart|p2: Mkap|Spikes
|
|-heal|p2a: Manaphy|94/100|[from] item: Leftovers
|upkeep
|turn|8
|
|t:|1781103499
|move|p2a: Manaphy|Tail Glow|p2a: Manaphy
|-boost|p2a: Manaphy|spa|3
|move|p1a: Bullet|Mortal Spin|p2a: Manaphy
|-damage|p2a: Manaphy|92/100
|-status|p2a: Manaphy|psn
|-sideend|p1: Praise The Salt|Stealth Rock|[from] move: Mortal Spin|[of] p1a: Bullet
|
|-heal|p2a: Manaphy|98/100 psn|[from] item: Leftovers
|-damage|p2a: Manaphy|86/100 psn|[from] psn
|upkeep
|turn|9
|
|t:|1781103504
|move|p2a: Manaphy|Surf|p1a: Bullet
|-supereffective|p1a: Bullet
|-damage|p1a: Bullet|0 fnt
|faint|p1a: Bullet
|
|-heal|p2a: Manaphy|92/100 psn|[from] item: Leftovers
|-damage|p2a: Manaphy|79/100 psn|[from] psn
|upkeep
|
|t:|1781103520
|switch|p1a: Celestine|Primarina, M, shiny|41/100
|turn|10
|
|t:|1781103527
|move|p2a: Manaphy|Alluring Voice|p1a: Celestine
|-damage|p1a: Celestine|8/100
|move|p1a: Celestine|Moonblast|p2a: Manaphy
|-crit|p2a: Manaphy
|-damage|p2a: Manaphy|3/100 psn
|-unboost|p2a: Manaphy|spa|1
|
|-heal|p2a: Manaphy|9/100 psn|[from] item: Leftovers
|-damage|p2a: Manaphy|0 fnt|[from] psn
|faint|p2a: Manaphy
|upkeep
|
|t:|1781103542
|switch|p2a: Chesnaught|Chesnaught, F|100/100
|-damage|p2a: Chesnaught|95/100|[from] Stealth Rock
|-damage|p2a: Chesnaught|82/100|[from] Spikes
|turn|11
|
|t:|1781103546
|move|p2a: Chesnaught|Trailblaze|p1a: Celestine
|-supereffective|p1a: Celestine
|-damage|p1a: Celestine|0 fnt
|-boost|p2a: Chesnaught|spe|1
|faint|p1a: Celestine
|
|upkeep
|
|t:|1781103557
|switch|p1a: Kong|Rillaboom, M, shiny|100/100
|-fieldstart|move: Grassy Terrain|[from] ability: Grassy Surge|[of] p1a: Kong
|turn|12
|
|t:|1781103563
|switch|p1a: Spirit Rush|Gholdengo, shiny|100/100
|-enditem|p1a: Spirit Rush|Grassy Seed
|-boost|p1a: Spirit Rush|def|1|[from] item: Grassy Seed
|move|p2a: Chesnaught|Belly Drum|p2a: Chesnaught
|-damage|p2a: Chesnaught|32/100
|-setboost|p2a: Chesnaught|atk|6|[from] move: Belly Drum
|
|-heal|p2a: Chesnaught|38/100|[from] Grassy Terrain
|-sideend|p2: Mkap|move: Light Screen
|upkeep
|turn|13
|
|t:|1781103571
|move|p2a: Chesnaught|Knock Off|p1a: Spirit Rush
|-supereffective|p1a: Spirit Rush
|-damage|p1a: Spirit Rush|0 fnt
|faint|p1a: Spirit Rush
|
|-heal|p2a: Chesnaught|44/100|[from] Grassy Terrain
|-sideend|p2: Mkap|Reflect
|upkeep
|
|t:|1781103587
|switch|p1a: Trojan|Zamazenta, shiny|100/100
|-ability|p1a: Trojan|Dauntless Shield|boost
|-boost|p1a: Trojan|def|1
|turn|14
|
|t:|1781103590
|move|p1a: Trojan|Iron Defense|p1a: Trojan
|-boost|p1a: Trojan|def|2
|move|p2a: Chesnaught|Drain Punch|p1a: Trojan
|-damage|p1a: Trojan|56/100
|-heal|p2a: Chesnaught|71/100|[from] drain|[of] p1a: Trojan
|
|-heal|p1a: Trojan|63/100|[from] Grassy Terrain
|-heal|p1a: Trojan|69/100|[from] item: Leftovers
|-heal|p2a: Chesnaught|77/100|[from] Grassy Terrain
|upkeep
|turn|15
|
|t:|1781103603
|move|p1a: Trojan|Iron Defense|p1a: Trojan
|-boost|p1a: Trojan|def|2
|move|p2a: Chesnaught|Knock Off|p1a: Trojan
|-resisted|p1a: Trojan
|-damage|p1a: Trojan|55/100
|-enditem|p1a: Trojan|Leftovers|[from] move: Knock Off|[of] p2a: Chesnaught
|
|-heal|p1a: Trojan|61/100|[from] Grassy Terrain
|-heal|p2a: Chesnaught|83/100|[from] Grassy Terrain
|upkeep
|turn|16
|
|t:|1781103611
|move|p1a: Trojan|Body Press|p2a: Chesnaught
|-damage|p2a: Chesnaught|0 fnt
|faint|p2a: Chesnaught
|
|-heal|p1a: Trojan|67/100|[from] Grassy Terrain
|-fieldend|move: Grassy Terrain
|upkeep
|
|t:|1781103614
|switch|p2a: Enamorus|Enamorus, F|100/100
|-damage|p2a: Enamorus|76/100|[from] Stealth Rock
|turn|17
|
|t:|1781103625
|-terastallize|p1a: Trojan|Electric
|move|p2a: Enamorus|Moonblast|p1a: Trojan
|-damage|p1a: Trojan|27/100
|move|p1a: Trojan|Body Press|p2a: Enamorus
|-resisted|p2a: Enamorus
|-damage|p2a: Enamorus|34/100
|
|upkeep
|turn|18
|
|t:|1781103629
|move|p2a: Enamorus|Moonblast|p1a: Trojan
|-damage|p1a: Trojan|0 fnt
|faint|p1a: Trojan
|
|upkeep
|
|t:|1781103633
|switch|p1a: Kong|Rillaboom, M, shiny|100/100
|-fieldstart|move: Grassy Terrain|[from] ability: Grassy Surge|[of] p1a: Kong
|turn|19
|
|t:|1781103637
|move|p1a: Kong|Grassy Glide|p2a: Enamorus
|-resisted|p2a: Enamorus
|-damage|p2a: Enamorus|0 fnt
|faint|p2a: Enamorus
|-damage|p1a: Kong|91/100|[from] item: Life Orb
|
|-heal|p1a: Kong|97/100|[from] Grassy Terrain
|upkeep
|
|t:|1781103639
|switch|p2a: Zamazenta|Zamazenta|78/100
|-damage|p2a: Zamazenta|72/100|[from] Stealth Rock
|-damage|p2a: Zamazenta|60/100|[from] Spikes
|turn|20
|
|t:|1781103643
|-terastallize|p2a: Zamazenta|Steel
|move|p1a: Kong|Grassy Glide|p2a: Zamazenta
|-resisted|p2a: Zamazenta
|-damage|p2a: Zamazenta|38/100
|-damage|p1a: Kong|87/100|[from] item: Life Orb
|move|p2a: Zamazenta|Reflect|p2a: Zamazenta
|-sidestart|p2: Mkap|Reflect
|
|-heal|p2a: Zamazenta|44/100|[from] Grassy Terrain
|-heal|p1a: Kong|93/100|[from] Grassy Terrain
|upkeep
|turn|21
|
|t:|1781103650
|move|p2a: Zamazenta|Reflect||[still]
|-fail|p2a: Zamazenta
|move|p1a: Kong|Swords Dance|p1a: Kong
|-boost|p1a: Kong|atk|2
|
|-heal|p2a: Zamazenta|50/100|[from] Grassy Terrain
|-heal|p1a: Kong|99/100|[from] Grassy Terrain
|upkeep
|turn|22
|
|t:|1781103652
|move|p2a: Zamazenta|Body Press|p1a: Kong
|-damage|p1a: Kong|65/100
|move|p1a: Kong|High Horsepower|p2a: Zamazenta
|-supereffective|p2a: Zamazenta
|-damage|p2a: Zamazenta|0 fnt
|faint|p2a: Zamazenta
|-damage|p1a: Kong|55/100|[from] item: Life Orb
|
|-heal|p1a: Kong|61/100|[from] Grassy Terrain
|upkeep
|-message|Mkap forfeited.
|
|win|Praise The Salt
|raw|Praise The Salt's rating: 1585 &rarr; <strong>1605</strong><br />(+20 for winning)
|raw|Mkap's rating: 1593 &rarr; <strong>1573</strong><br />(-20 for losing)
|l|☆Mkap
|player|p2|
|l|☆Praise The Salt
|player|p1|
