|badge|p2|bronze|gen9ou|100-9
|badge|p2|silver|gen9pu|30-9
|uhtml|medal-msg|<div class="broadcast-blue">Curious what those medals under the avatar are? PS now has Ladder Seasons! For more information, check out the <a href="https://www.smogon.com/forums/threads/3740067/">thread on Smogon.</a></div>
|j|‽LT_Alt1
|j|☆ceo o wo chien
|t:|1781159778
|gametype|singles
|player|p1|LT_Alt1|266|1719
|player|p2|ceo o wo chien|fisherman-gen4|1797
|gen|9
|tier|[Gen 9] OU
|rated|
|rule|HP Percentage Mod: HP is shown in percentages
|rule|Endless Battle Clause: Forcing endless battles is banned
|rule|Species Clause: Limit one of each Pokémon
|rule|OHKO Clause: OHKO moves are banned
|rule|Evasion Items Clause: Evasion items are banned
|rule|Evasion Moves Clause: Evasion moves are banned
|rule|Evasion Abilities Clause: Evasion abilities are banned
|rule|Sleep Moves Clause: Sleep-inducing moves are banned
|clearpoke
|poke|p1|Kyurem|
|poke|p1|Raging Bolt|
|poke|p1|Hatterene, F|
|poke|p1|Slowking-Galar, F|
|poke|p1|Ting-Lu|
|poke|p1|Corviknight, M|
|poke|p2|Wo-Chien|
|poke|p2|Walking Wake|
|poke|p2|Great Tusk|
|poke|p2|Ninetales, F|
|poke|p2|Cresselia, F|
|poke|p2|Ceruledge, M|
|teampreview
|inactive|Battle timer is ON: inactive players will automatically lose when time's up. (requested by ceo o wo chien)
|c|☆ceo o wo chien|hf!
|
|t:|1781159790
|teamsize|p1|6
|teamsize|p2|6
|start
|switch|p1a: Raging Bolt|Raging Bolt|100/100
|switch|p2a: Cresselia|Cresselia, F|100/100
|turn|1
|
|t:|1781159798
|move|p1a: Raging Bolt|Volt Switch|p2a: Cresselia
|-damage|p2a: Cresselia|73/100
|-enditem|p2a: Cresselia|Eject Button
|
|t:|1781159802
|switch|p2a: Ninetales|Ninetales, F|100/100
|-weather|SunnyDay|[from] ability: Drought|[of] p2a: Ninetales
|-activate|p1a: Raging Bolt|ability: Protosynthesis
|-start|p1a: Raging Bolt|protosynthesisspa
|
|-weather|SunnyDay|[upkeep]
|upkeep
|turn|2
|
|t:|1781159805
|switch|p2a: Great Tusk|Great Tusk|100/100
|-activate|p2a: Great Tusk|ability: Protosynthesis
|-start|p2a: Great Tusk|protosynthesisatk
|move|p1a: Raging Bolt|Draco Meteor|p2a: Great Tusk
|-damage|p2a: Great Tusk|0 fnt
|-unboost|p1a: Raging Bolt|spa|2
|faint|p2a: Great Tusk
|-end|p2a: Great Tusk|Protosynthesis|[silent]
|
|-weather|SunnyDay|[upkeep]
|upkeep
|
|t:|1781159808
|switch|p2a: Ceruledge|Ceruledge, M|100/100
|turn|3
|
|t:|1781159811
|move|p2a: Ceruledge|Swords Dance|p2a: Ceruledge
|-boost|p2a: Ceruledge|atk|2
|move|p1a: Raging Bolt|Volt Switch|p2a: Ceruledge
|-damage|p2a: Ceruledge|70/100
|
|t:|1781159814
|-end|p1a: Raging Bolt|Protosynthesis|[silent]
|switch|p1a: Kyurem|Kyurem|100/100|[from] Volt Switch
|-ability|p1a: Kyurem|Pressure
|
|-weather|SunnyDay|[upkeep]
|upkeep
|turn|4
|
|t:|1781159817
|-terastallize|p2a: Ceruledge|Fairy
|move|p1a: Kyurem|Draco Meteor|p2a: Ceruledge
|-immune|p2a: Ceruledge
|move|p2a: Ceruledge|Bitter Blade|p1a: Kyurem
|-damage|p1a: Kyurem|0 fnt
|-heal|p2a: Ceruledge|100/100|[from] drain|[of] p1a: Kyurem
|faint|p1a: Kyurem
|
|-weather|SunnyDay|[upkeep]
|upkeep
|
|t:|1781159824
|switch|p1a: Ting-Lu|Ting-Lu|100/100
|-ability|p1a: Ting-Lu|Vessel of Ruin
|turn|5
|
|t:|1781159827
|move|p2a: Ceruledge|Close Combat|p1a: Ting-Lu
|-supereffective|p1a: Ting-Lu
|-damage|p1a: Ting-Lu|13/100
|-unboost|p2a: Ceruledge|def|1
|-unboost|p2a: Ceruledge|spd|1
|move|p1a: Ting-Lu|Whirlwind|p2a: Ceruledge
|drag|p2a: Wo-Chien|Wo-Chien|100/100
|-ability|p2a: Wo-Chien|Tablets of Ruin
|
|-weather|SunnyDay|[upkeep]
|-heal|p1a: Ting-Lu|20/100|[from] item: Leftovers
|upkeep
|turn|6
|
|t:|1781159831
|move|p2a: Wo-Chien|Growth|p2a: Wo-Chien
|-boost|p2a: Wo-Chien|atk|2
|-boost|p2a: Wo-Chien|spa|2
|move|p1a: Ting-Lu|Stealth Rock|p2a: Wo-Chien
|-sidestart|p2: ceo o wo chien|move: Stealth Rock
|
|-weather|SunnyDay|[upkeep]
|-heal|p1a: Ting-Lu|26/100|[from] item: Leftovers
|upkeep
|turn|7
|
|t:|1781159837
|switch|p1a: Raging Bolt|Raging Bolt|100/100
|-activate|p1a: Raging Bolt|ability: Protosynthesis
|-start|p1a: Raging Bolt|protosynthesisspa
|move|p2a: Wo-Chien|Trailblaze|p1a: Raging Bolt
|-resisted|p1a: Raging Bolt
|-damage|p1a: Raging Bolt|81/100
|-boost|p2a: Wo-Chien|spe|1
|-damage|p2a: Wo-Chien|91/100|[from] item: Life Orb
|
|-weather|SunnyDay|[upkeep]
|upkeep
|turn|8
|
|t:|1781159842
|move|p2a: Wo-Chien|Knock Off|p1a: Raging Bolt
|-damage|p1a: Raging Bolt|6/100
|-enditem|p1a: Raging Bolt|Assault Vest|[from] move: Knock Off|[of] p2a: Wo-Chien
|-damage|p2a: Wo-Chien|81/100|[from] item: Life Orb
|move|p1a: Raging Bolt|Draco Meteor|p2a: Wo-Chien|[miss]
|-miss|p1a: Raging Bolt|p2a: Wo-Chien
|
|-weather|none
|-end|p1a: Raging Bolt|Protosynthesis
|upkeep
|turn|9
|
|t:|1781159854
|move|p2a: Wo-Chien|Trailblaze|p1a: Raging Bolt
|-resisted|p1a: Raging Bolt
|-damage|p1a: Raging Bolt|0 fnt
|-boost|p2a: Wo-Chien|spe|1
|faint|p1a: Raging Bolt
|-end|p1a: Raging Bolt|Protosynthesis|[silent]
|-damage|p2a: Wo-Chien|71/100|[from] item: Life Orb
|
|upkeep
|
|t:|1781159856
|switch|p1a: Corviknight|Corviknight, M|100/100
|-ability|p1a: Corviknight|Pressure
|turn|10
|
|t:|1781159859
|move|p2a: Wo-Chien|Knock Off|p1a: Corviknight
|-damage|p1a: Corviknight|41/100
|-damage|p2a: Wo-Chien|54/100|[from] item: Rocky Helmet|[of] p1a: Corviknight
|-enditem|p1a: Corviknight|Rocky Helmet|[from] move: Knock Off|[of] p2a: Wo-Chien
|-damage|p2a: Wo-Chien|44/100|[from] item: Life Orb
|move|p1a: Corviknight|Iron Defense|p1a: Corviknight
|-boost|p1a: Corviknight|def|2
|
|upkeep
|turn|11
|
|t:|1781159863
|switch|p2a: Ninetales|Ninetales, F|100/100
|-damage|p2a: Ninetales|76/100|[from] Stealth Rock
|-weather|SunnyDay|[from] ability: Drought|[of] p2a: Ninetales
|move|p1a: Corviknight|Roost|p1a: Corviknight
|-heal|p1a: Corviknight|91/100
|-singleturn|p1a: Corviknight|move: Roost
|
|-weather|SunnyDay|[upkeep]
|upkeep
|turn|12
|
|t:|1781159868
|switch|p2a: Walking Wake|Walking Wake|100/100
|-damage|p2a: Walking Wake|88/100|[from] Stealth Rock
|-activate|p2a: Walking Wake|ability: Protosynthesis
|-start|p2a: Walking Wake|protosynthesisspe
|switch|p1a: Slowking|Slowking-Galar, F|100/100
|
|-weather|SunnyDay|[upkeep]
|upkeep
|turn|13
|
|t:|1781159874
|move|p2a: Walking Wake|Flip Turn|p1a: Slowking
|-damage|p1a: Slowking|94/100
|
|t:|1781159875
|-end|p2a: Walking Wake|Protosynthesis|[silent]
|switch|p2a: Ceruledge|Ceruledge, M, tera:Fairy|100/100|[from] Flip Turn
|-damage|p2a: Ceruledge|88/100|[from] Stealth Rock
|-prepare|p1a: Slowking|Chilly Reception|[premajor]
|move|p1a: Slowking|Chilly Reception|p1a: Slowking
|-weather|Snowscape
|
|t:|1781159886
|switch|p1a: Corviknight|Corviknight, M|91/100|[from] Chilly Reception
|-ability|p1a: Corviknight|Pressure
|
|-weather|Snowscape|[upkeep]
|upkeep
|turn|14
|
|t:|1781159890
|-terastallize|p1a: Corviknight|Dragon
|move|p2a: Ceruledge|Swords Dance|p2a: Ceruledge
|-boost|p2a: Ceruledge|atk|2
|move|p1a: Corviknight|Iron Defense|p1a: Corviknight
|-boost|p1a: Corviknight|def|2
|
|-weather|Snowscape|[upkeep]
|upkeep
|turn|15
|
|t:|1781159895
|switch|p2a: Cresselia|Cresselia, F|73/100
|-damage|p2a: Cresselia|60/100|[from] Stealth Rock
|move|p1a: Corviknight|Iron Defense|p1a: Corviknight
|-boost|p1a: Corviknight|def|2
|
|-weather|Snowscape|[upkeep]
|upkeep
|turn|16
|
|t:|1781159899
|switch|p1a: Slowking|Slowking-Galar, F|100/100
|move|p2a: Cresselia|Ice Beam|p1a: Slowking
|-damage|p1a: Slowking|90/100
|-status|p1a: Slowking|frz
|
|-weather|Snowscape|[upkeep]
|upkeep
|turn|17
|
|t:|1781159904
|switch|p2a: Ninetales|Ninetales, F|76/100
|-damage|p2a: Ninetales|51/100|[from] Stealth Rock
|-weather|SunnyDay|[from] ability: Drought|[of] p2a: Ninetales
|cant|p1a: Slowking|frz
|
|-weather|SunnyDay|[upkeep]
|upkeep
|turn|18
|
|t:|1781159910
|switch|p2a: Wo-Chien|Wo-Chien|44/100
|-damage|p2a: Wo-Chien|32/100|[from] Stealth Rock
|-ability|p2a: Wo-Chien|Tablets of Ruin
|cant|p1a: Slowking|frz
|
|-weather|SunnyDay|[upkeep]
|upkeep
|turn|19
|
|t:|1781159918
|switch|p1a: Corviknight|Corviknight, M, tera:Dragon|91/100
|-ability|p1a: Corviknight|Pressure
|move|p2a: Wo-Chien|Growth|p2a: Wo-Chien
|-boost|p2a: Wo-Chien|atk|2
|-boost|p2a: Wo-Chien|spa|2
|
|-weather|SunnyDay|[upkeep]
|upkeep
|turn|20
|
|t:|1781159922
|move|p2a: Wo-Chien|Knock Off|p1a: Corviknight
|-damage|p1a: Corviknight|47/100
|-damage|p2a: Wo-Chien|22/100|[from] item: Life Orb
|move|p1a: Corviknight|Body Press|p2a: Wo-Chien
|-supereffective|p2a: Wo-Chien
|-damage|p2a: Wo-Chien|0 fnt
|faint|p2a: Wo-Chien
|
|-weather|SunnyDay|[upkeep]
|upkeep
|
|t:|1781159928
|switch|p2a: Walking Wake|Walking Wake|88/100
|-damage|p2a: Walking Wake|76/100|[from] Stealth Rock
|-activate|p2a: Walking Wake|ability: Protosynthesis
|-start|p2a: Walking Wake|protosynthesisspe
|turn|21
|
|t:|1781159933
|switch|p1a: Slowking|Slowking-Galar, F|100/100 frz
|move|p2a: Walking Wake|Hydro Steam|p1a: Slowking
|-damage|p1a: Slowking|60/100 frz
|-curestatus|p1a: Slowking|frz|[msg]
|
|-weather|SunnyDay|[upkeep]
|upkeep
|turn|22
|
|t:|1781159939
|move|p2a: Walking Wake|Hydro Steam|p1a: Slowking
|-damage|p1a: Slowking|15/100
|-prepare|p1a: Slowking|Chilly Reception|[premajor]
|move|p1a: Slowking|Chilly Reception|p1a: Slowking
|-weather|Snowscape
|-end|p2a: Walking Wake|Protosynthesis
|
|t:|1781159942
|switch|p1a: Hatterene|Hatterene, F|100/100|[from] Chilly Reception
|
|-weather|Snowscape|[upkeep]
|upkeep
|turn|23
|
|t:|1781159945
|switch|p1a: Slowking|Slowking-Galar, F|48/100
|move|p2a: Walking Wake|Flip Turn|p1a: Slowking
|-damage|p1a: Slowking|33/100
|
|t:|1781159947
|-end|p2a: Walking Wake|Protosynthesis|[silent]
|switch|p2a: Ninetales|Ninetales, F|51/100|[from] Flip Turn
|-damage|p2a: Ninetales|26/100|[from] Stealth Rock
|-weather|SunnyDay|[from] ability: Drought|[of] p2a: Ninetales
|
|-weather|SunnyDay|[upkeep]
|upkeep
|turn|24
|
|t:|1781159952
|move|p2a: Ninetales|Will-O-Wisp|p1a: Slowking
|-status|p1a: Slowking|brn
|-prepare|p1a: Slowking|Chilly Reception|[premajor]
|move|p1a: Slowking|Chilly Reception|p1a: Slowking
|-weather|Snowscape
|
|t:|1781159960
|switch|p1a: Ting-Lu|Ting-Lu|26/100|[from] Chilly Reception
|-ability|p1a: Ting-Lu|Vessel of Ruin
|
|-weather|Snowscape|[upkeep]
|-heal|p1a: Ting-Lu|32/100|[from] item: Leftovers
|upkeep
|turn|25
|
|t:|1781159963
|switch|p1a: Slowking|Slowking-Galar, F|66/100 brn
|move|p2a: Ninetales|Will-O-Wisp|p1a: Slowking|[miss]
|-miss|p2a: Ninetales|p1a: Slowking
|
|-weather|Snowscape|[upkeep]
|-damage|p1a: Slowking|60/100 brn|[from] brn
|upkeep
|turn|26
|
|t:|1781159965
|switch|p2a: Cresselia|Cresselia, F|60/100
|-damage|p2a: Cresselia|48/100|[from] Stealth Rock
|-prepare|p1a: Slowking|Chilly Reception|[premajor]
|move|p1a: Slowking|Chilly Reception|p1a: Slowking
|
|t:|1781159970
|switch|p1a: Corviknight|Corviknight, M, tera:Dragon|47/100|[from] Chilly Reception
|-ability|p1a: Corviknight|Pressure
|
|-weather|Snowscape|[upkeep]
|upkeep
|turn|27
|
|t:|1781159974
|switch|p1a: Slowking|Slowking-Galar, F|94/100 brn
|move|p2a: Cresselia|Ice Beam|p1a: Slowking
|-damage|p1a: Slowking|83/100 brn
|
|-weather|Snowscape|[upkeep]
|-damage|p1a: Slowking|77/100 brn|[from] brn
|upkeep
|turn|28
|
|t:|1781159977
|move|p2a: Cresselia|Moonlight|p2a: Cresselia
|-heal|p2a: Cresselia|73/100
|move|p1a: Slowking|Future Sight|p2a: Cresselia
|-start|p1a: Slowking|move: Future Sight
|
|-weather|none
|-damage|p1a: Slowking|71/100 brn|[from] brn
|upkeep
|turn|29
|
|t:|1781159982
|move|p2a: Cresselia|Ice Beam|p1a: Slowking
|-damage|p1a: Slowking|61/100 brn
|-prepare|p1a: Slowking|Chilly Reception|[premajor]
|move|p1a: Slowking|Chilly Reception|p1a: Slowking
|-weather|Snowscape
|
|t:|1781159987
|switch|p1a: Ting-Lu|Ting-Lu|32/100|[from] Chilly Reception
|-ability|p1a: Ting-Lu|Vessel of Ruin
|
|-weather|Snowscape|[upkeep]
|-heal|p1a: Ting-Lu|38/100|[from] item: Leftovers
|upkeep
|turn|30
|
|t:|1781159990
|switch|p2a: Ninetales|Ninetales, F|26/100
|-damage|p2a: Ninetales|1/100|[from] Stealth Rock
|-weather|SunnyDay|[from] ability: Drought|[of] p2a: Ninetales
|switch|p1a: Slowking|Slowking-Galar, F|94/100 brn
|
|-weather|SunnyDay|[upkeep]
|-end|p2a: Ninetales|move: Future Sight
|-damage|p2a: Ninetales|0 fnt
|faint|p2a: Ninetales
|-damage|p1a: Slowking|88/100 brn|[from] brn
|upkeep
|
|t:|1781159992
|switch|p2a: Ceruledge|Ceruledge, M, tera:Fairy|88/100
|-damage|p2a: Ceruledge|76/100|[from] Stealth Rock
|turn|31
|
|t:|1781160010
|move|p2a: Ceruledge|Poltergeist|p1a: Slowking
|-activate|p1a: Slowking|move: Poltergeist|Shuca Berry
|-supereffective|p1a: Slowking
|-damage|p1a: Slowking|0 fnt
|faint|p1a: Slowking
|
|-weather|SunnyDay|[upkeep]
|upkeep
|
|t:|1781160013
|switch|p1a: Corviknight|Corviknight, M, tera:Dragon|47/100
|-ability|p1a: Corviknight|Pressure
|turn|32
|
|t:|1781160015
|move|p2a: Ceruledge|Swords Dance|p2a: Ceruledge
|-boost|p2a: Ceruledge|atk|2
|move|p1a: Corviknight|Roost|p1a: Corviknight
|-heal|p1a: Corviknight|97/100
|
|-weather|SunnyDay|[upkeep]
|upkeep
|turn|33
|
|t:|1781160018
|move|p2a: Ceruledge|Bitter Blade|p1a: Corviknight
|-resisted|p1a: Corviknight
|-damage|p1a: Corviknight|49/100
|-heal|p2a: Ceruledge|100/100|[from] drain|[of] p1a: Corviknight
|move|p1a: Corviknight|Iron Defense|p1a: Corviknight
|-boost|p1a: Corviknight|def|2
|
|-weather|SunnyDay|[upkeep]
|upkeep
|turn|34
|
|t:|1781160023
|move|p2a: Ceruledge|Swords Dance|p2a: Ceruledge
|-boost|p2a: Ceruledge|atk|2
|move|p1a: Corviknight|Roost|p1a: Corviknight
|-heal|p1a: Corviknight|99/100
|
|-weather|SunnyDay|[upkeep]
|upkeep
|turn|35
|
|t:|1781160026
|move|p2a: Ceruledge|Swords Dance|p2a: Ceruledge
|-boost|p2a: Ceruledge|atk|2
|move|p1a: Corviknight|Iron Defense|p1a: Corviknight
|-boost|p1a: Corviknight|def|2
|
|-weather|SunnyDay|[upkeep]
|upkeep
|turn|36
|
|t:|1781160028
|move|p2a: Ceruledge|Close Combat|p1a: Corviknight
|-crit|p1a: Corviknight
|-damage|p1a: Corviknight|0 fnt
|-unboost|p2a: Ceruledge|def|1
|-unboost|p2a: Ceruledge|spd|1
|faint|p1a: Corviknight
|
|-weather|SunnyDay|[upkeep]
|upkeep
|-message|LT_Alt1 forfeited.
|
|win|ceo o wo chien
|raw|LT_Alt1's rating: 1719 &rarr; <strong>1703</strong><br />(-16 for losing)
|raw|ceo o wo chien's rating: 1797 &rarr; <strong>1813</strong><br />(+16 for winning)
|l|‽LT_Alt1
|player|p1|
|l|☆ceo o wo chien
|player|p2|
