|j|☆EleaRosea
|j|☆kadu99
|t:|1781039894
|gametype|singles
|player|p1|EleaRosea|harmony|1550
|player|p2|kadu99|policeman-gen4|1593
|gen|9
|tier|[Gen 9] OU
|rated|
|rule|HP Percentage Mod: HP is shown in percentages
|rule|Endless Battle Clause: Forcing endless battles is banned
|rule|Species Clause: Limit one of each Pokémon
|rule|OHKO Clause: OHKO moves are banned
|rule|Evasion Items Clause: Evasion items are banned
|rule|Evasion Moves Clause: Evasion moves are banned
|rule|Evasion Abilities Clause: Evasion abilities are banned
|rule|Sleep Moves Clause: Sleep-inducing moves are banned
|clearpoke
|poke|p1|Ogerpon, F|
|poke|p1|Great Tusk|
|poke|p1|Alomomola, F|
|poke|p1|Rillaboom, F|
|poke|p1|Primarina, F|
|poke|p1|Heatran, F|
|poke|p2|Zamazenta-*|
|poke|p2|Muk-Alola, F|
|poke|p2|Moltres|
|poke|p2|Iron Treads|
|poke|p2|Ogerpon-Wellspring, F|
|poke|p2|Raging Bolt|
|teampreview
|inactive|Battle timer is ON: inactive players will automatically lose when time's up. (requested by EleaRosea)
|c|☆EleaRosea|not the muk
|
|t:|1781039915
|teamsize|p1|6
|teamsize|p2|6
|start
|switch|p1a: Alomomola|Alomomola, F|100/100
|switch|p2a: Moltres|Moltres|100/100
|turn|1
|
|t:|1781039919
|move|p2a: Moltres|U-turn|p1a: Alomomola
|-damage|p1a: Alomomola|92/100
|
|t:|1781039929
|switch|p2a: Ogerpon|Ogerpon-Wellspring, F|100/100|[from] U-turn
|move|p1a: Alomomola|Scald|p2a: Ogerpon
|-immune|p2a: Ogerpon|[from] ability: Water Absorb
|
|upkeep
|turn|2
|
|t:|1781039943
|switch|p1a: Rillaboom|Rillaboom, F|100/100
|-fieldstart|move: Grassy Terrain|[from] ability: Grassy Surge|[of] p1a: Rillaboom
|move|p2a: Ogerpon|Horn Leech|p1a: Rillaboom
|-resisted|p1a: Rillaboom
|-damage|p1a: Rillaboom|74/100
|
|-heal|p1a: Rillaboom|80/100|[from] Grassy Terrain
|upkeep
|turn|3
|
|t:|1781039947
|switch|p2a: Moltres|Moltres|100/100
|move|p1a: Rillaboom|Knock Off|p2a: Moltres
|-damage|p2a: Moltres|76/100
|-enditem|p2a: Moltres|Heavy-Duty Boots|[from] move: Knock Off|[of] p1a: Rillaboom
|
|-heal|p1a: Rillaboom|86/100|[from] Grassy Terrain
|upkeep
|turn|4
|inactive|EleaRosea has 120 seconds left.
|
|t:|1781039983
|switch|p1a: Heatran|Heatran, F|100/100
|move|p2a: Moltres|U-turn|p1a: Heatran
|-resisted|p1a: Heatran
|-damage|p1a: Heatran|98/100
|
|t:|1781039994
|switch|p2a: Ogerpon|Ogerpon-Wellspring, F|100/100|[from] U-turn
|
|-heal|p1a: Heatran|100/100|[from] Grassy Terrain
|upkeep
|turn|5
|
|t:|1781039999
|move|p2a: Ogerpon|Ivy Cudgel|p1a: Heatran|[anim] Ivy Cudgel Water
|-supereffective|p1a: Heatran
|-crit|p1a: Heatran
|-damage|p1a: Heatran|0 fnt
|faint|p1a: Heatran
|
|upkeep
|
|t:|1781040002
|switch|p1a: Ogerpon|Ogerpon, F|100/100
|turn|6
|
|t:|1781040005
|switch|p2a: Moltres|Moltres|76/100
|move|p1a: Ogerpon|Rock Tomb|p2a: Moltres
|-supereffective|p2a: Moltres
|-damage|p2a: Moltres|0 fnt
|faint|p2a: Moltres
|
|upkeep
|
|t:|1781040017
|switch|p2a: Muk|Muk-Alola, F|100/100
|turn|7
|
|t:|1781040021
|switch|p1a: Great Tusk|Great Tusk|100/100
|move|p2a: Muk|Poison Jab|p1a: Great Tusk
|-resisted|p1a: Great Tusk
|-damage|p1a: Great Tusk|89/100
|-status|p1a: Great Tusk|psn|[from] ability: Poison Touch|[of] p2a: Muk
|
|-heal|p1a: Great Tusk|95/100 psn|[from] Grassy Terrain
|-heal|p1a: Great Tusk|100/100 psn|[from] item: Leftovers
|-damage|p1a: Great Tusk|88/100 psn|[from] psn
|upkeep
|turn|8
|
|t:|1781040029
|switch|p2a: Ogerpon|Ogerpon-Wellspring, F|100/100
|move|p1a: Great Tusk|Headlong Rush|p2a: Ogerpon
|-resisted|p2a: Ogerpon
|-damage|p2a: Ogerpon|56/100
|-unboost|p1a: Great Tusk|def|1
|-unboost|p1a: Great Tusk|spd|1
|
|-heal|p2a: Ogerpon|62/100|[from] Grassy Terrain
|-heal|p1a: Great Tusk|94/100 psn|[from] Grassy Terrain
|-heal|p1a: Great Tusk|100/100 psn|[from] item: Leftovers
|-damage|p1a: Great Tusk|88/100 psn|[from] psn
|upkeep
|turn|9
|
|t:|1781040037
|-end|p1a: Great Tusk|Protosynthesis|[silent]
|switch|p1a: Ogerpon|Ogerpon, F|100/100
|move|p2a: Ogerpon|Horn Leech|p1a: Ogerpon
|-resisted|p1a: Ogerpon
|-damage|p1a: Ogerpon|65/100
|-heal|p2a: Ogerpon|80/100|[from] drain|[of] p1a: Ogerpon
|
|-heal|p2a: Ogerpon|86/100|[from] Grassy Terrain
|-heal|p1a: Ogerpon|71/100|[from] Grassy Terrain
|-fieldend|move: Grassy Terrain
|upkeep
|turn|10
|
|t:|1781040046
|switch|p2a: Raging Bolt|Raging Bolt|100/100
|move|p1a: Ogerpon|Ivy Cudgel|p2a: Raging Bolt
|-resisted|p2a: Raging Bolt
|-damage|p2a: Raging Bolt|68/100
|
|upkeep
|turn|11
|
|t:|1781040049
|switch|p1a: Rillaboom|Rillaboom, F|86/100
|-fieldstart|move: Grassy Terrain|[from] ability: Grassy Surge|[of] p1a: Rillaboom
|move|p2a: Raging Bolt|Dragon Pulse|p1a: Rillaboom
|-damage|p1a: Rillaboom|28/100
|
|-heal|p2a: Raging Bolt|74/100|[from] Grassy Terrain
|-heal|p1a: Rillaboom|34/100|[from] Grassy Terrain
|upkeep
|turn|12
|
|t:|1781040057
|move|p2a: Raging Bolt|Thunderclap|p1a: Rillaboom
|-resisted|p1a: Rillaboom
|-damage|p1a: Rillaboom|11/100
|move|p1a: Rillaboom|U-turn|p2a: Raging Bolt
|-damage|p2a: Raging Bolt|51/100
|
|t:|1781040063
|switch|p1a: Great Tusk|Great Tusk|88/100 psn|[from] U-turn
|
|-heal|p1a: Great Tusk|94/100 psn|[from] Grassy Terrain
|-heal|p1a: Great Tusk|100/100 psn|[from] item: Leftovers
|-heal|p2a: Raging Bolt|57/100|[from] Grassy Terrain
|-damage|p1a: Great Tusk|88/100 psn|[from] psn
|upkeep
|turn|13
|
|t:|1781040069
|-end|p2a: Raging Bolt|Protosynthesis|[silent]
|switch|p2a: Ogerpon|Ogerpon-Wellspring, F|86/100
|move|p1a: Great Tusk|Close Combat|p2a: Ogerpon
|-damage|p2a: Ogerpon|7/100
|-unboost|p1a: Great Tusk|def|1
|-unboost|p1a: Great Tusk|spd|1
|
|-heal|p2a: Ogerpon|13/100|[from] Grassy Terrain
|-heal|p1a: Great Tusk|94/100 psn|[from] Grassy Terrain
|-heal|p1a: Great Tusk|100/100 psn|[from] item: Leftovers
|-damage|p1a: Great Tusk|88/100 psn|[from] psn
|upkeep
|turn|14
|
|t:|1781040075
|-end|p1a: Great Tusk|Protosynthesis|[silent]
|switch|p1a: Rillaboom|Rillaboom, F|11/100
|move|p2a: Ogerpon|Horn Leech|p1a: Rillaboom
|-resisted|p1a: Rillaboom
|-damage|p1a: Rillaboom|0 fnt
|-heal|p2a: Ogerpon|20/100|[from] drain|[of] p1a: Rillaboom
|faint|p1a: Rillaboom
|
|-heal|p2a: Ogerpon|26/100|[from] Grassy Terrain
|upkeep
|
|t:|1781040078
|switch|p1a: Ogerpon|Ogerpon, F|71/100
|turn|15
|inactive|kadu99 has 120 seconds left.
|
|t:|1781040111
|switch|p2a: Zamazenta|Zamazenta|100/100
|-ability|p2a: Zamazenta|Dauntless Shield|boost
|-boost|p2a: Zamazenta|def|1
|-terastallize|p1a: Ogerpon|Grass
|detailschange|p1a: Ogerpon|Ogerpon-Teal-Tera, F, tera:Grass
|-ability|p1a: Ogerpon|Embody Aspect (Teal)|boost
|-boost|p1a: Ogerpon|spe|1
|move|p1a: Ogerpon|Ivy Cudgel|p2a: Zamazenta
|-damage|p2a: Zamazenta|39/100
|
|-heal|p1a: Ogerpon|77/100|[from] Grassy Terrain
|-heal|p2a: Zamazenta|45/100|[from] Grassy Terrain
|-heal|p2a: Zamazenta|51/100|[from] item: Leftovers
|upkeep
|turn|16
|inactive|kadu99 has 120 seconds left.
|c|☆EleaRosea|OgerPower!!
|inactive|kadu99 has 90 seconds left.
|
|t:|1781040153
|-terastallize|p2a: Zamazenta|Steel
|move|p1a: Ogerpon|Ivy Cudgel|p2a: Zamazenta
|-resisted|p2a: Zamazenta
|-damage|p2a: Zamazenta|23/100
|move|p2a: Zamazenta|Body Press|p1a: Ogerpon
|-damage|p1a: Ogerpon|8/100
|
|-heal|p1a: Ogerpon|14/100|[from] Grassy Terrain
|-heal|p2a: Zamazenta|29/100|[from] Grassy Terrain
|-heal|p2a: Zamazenta|35/100|[from] item: Leftovers
|upkeep
|turn|17
|
|t:|1781040165
|switch|p1a: Primarina|Primarina, F|100/100
|move|p2a: Zamazenta|Body Press|p1a: Primarina
|-resisted|p1a: Primarina
|-damage|p1a: Primarina|68/100
|
|-heal|p2a: Zamazenta|41/100|[from] Grassy Terrain
|-heal|p2a: Zamazenta|47/100|[from] item: Leftovers
|-heal|p1a: Primarina|74/100|[from] Grassy Terrain
|upkeep
|turn|18
|
|t:|1781040177
|switch|p2a: Muk|Muk-Alola, F|100/100
|switch|p1a: Alomomola|Alomomola, F|100/100
|
|-fieldend|move: Grassy Terrain
|upkeep
|turn|19
|
|t:|1781040182
|switch|p1a: Great Tusk|Great Tusk|88/100 psn
|move|p2a: Muk|Knock Off|p1a: Great Tusk
|-resisted|p1a: Great Tusk
|-damage|p1a: Great Tusk|76/100 psn
|-enditem|p1a: Great Tusk|Leftovers|[from] move: Knock Off|[of] p2a: Muk
|
|-damage|p1a: Great Tusk|63/100 psn|[from] psn
|upkeep
|turn|20
|inactive|kadu99 has 90 seconds left.
|
|t:|1781040223
|move|p1a: Great Tusk|Rapid Spin|p2a: Muk
|-damage|p2a: Muk|83/100
|-boost|p1a: Great Tusk|spe|1
|move|p2a: Muk|Poison Jab|p1a: Great Tusk
|-resisted|p1a: Great Tusk
|-damage|p1a: Great Tusk|52/100 psn
|
|-heal|p2a: Muk|89/100|[from] item: Leftovers
|-damage|p1a: Great Tusk|40/100 psn|[from] psn
|upkeep
|turn|21
|
|t:|1781040226
|move|p1a: Great Tusk|Headlong Rush|p2a: Muk
|-supereffective|p2a: Muk
|-damage|p2a: Muk|0 fnt
|-unboost|p1a: Great Tusk|def|1
|-unboost|p1a: Great Tusk|spd|1
|faint|p2a: Muk
|
|-damage|p1a: Great Tusk|27/100 psn|[from] psn
|upkeep
|inactive|kadu99 has 90 seconds left.
|inactive|kadu99 has 60 seconds left.
|inactive|kadu99 has 30 seconds left.
|inactive|kadu99 has 20 seconds left.
|inactive|kadu99 has 15 seconds left.
|inactive|kadu99 has 10 seconds left.
|
|t:|1781040313
|switch|p2a: Zamazenta|Zamazenta, tera:Steel|47/100
|turn|22
|inactive|kadu99 has 20 seconds left this turn.
|
|t:|1781040319
|move|p1a: Great Tusk|Close Combat|p2a: Zamazenta
|-supereffective|p2a: Zamazenta
|-damage|p2a: Zamazenta|0 fnt
|-unboost|p1a: Great Tusk|def|1
|-unboost|p1a: Great Tusk|spd|1
|faint|p2a: Zamazenta
|
|-damage|p1a: Great Tusk|15/100 psn|[from] psn
|upkeep
|inactive|kadu99 has 25 seconds left this turn.
|inactive|kadu99 has 20 seconds left.
|inactive|kadu99 has 15 seconds left.
|
|t:|1781040330
|switch|p2a: Iron Treads|Iron Treads|100/100
|turn|23
|inactive|kadu99 has 25 seconds left this turn.
|
|t:|1781040333
|move|p1a: Great Tusk|Close Combat|p2a: Iron Treads
|-supereffective|p2a: Iron Treads
|-damage|p2a: Iron Treads|0 fnt
|-unboost|p1a: Great Tusk|def|1
|-unboost|p1a: Great Tusk|spd|1
|faint|p2a: Iron Treads
|-end|p2a: Iron Treads|Quark Drive|[silent]
|
|-damage|p1a: Great Tusk|2/100 psn|[from] psn
|upkeep
|inactive|kadu99 has 30 seconds left this turn.
|
|t:|1781040336
|switch|p2a: Ogerpon|Ogerpon-Wellspring, F|26/100
|turn|24
|
|t:|1781040358
|move|p1a: Great Tusk|Close Combat|p2a: Ogerpon
|-damage|p2a: Ogerpon|0 fnt
|-unboost|p1a: Great Tusk|def|1
|-unboost|p1a: Great Tusk|spd|1
|faint|p2a: Ogerpon
|
|-damage|p1a: Great Tusk|0 fnt|[from] psn
|faint|p1a: Great Tusk
|-end|p1a: Great Tusk|Protosynthesis|[silent]
|upkeep
|
|t:|1781040361
|switch|p2a: Raging Bolt|Raging Bolt|57/100
|switch|p1a: Primarina|Primarina, F|74/100
|turn|25
|j| biscoitoxdbr
|c|☆EleaRosea|shamone !gg
|
|t:|1781040365
|move|p2a: Raging Bolt|Thunderbolt|p1a: Primarina
|-supereffective|p1a: Primarina
|-damage|p1a: Primarina|18/100
|move|p1a: Primarina|Moonblast|p2a: Raging Bolt
|-supereffective|p2a: Raging Bolt
|-damage|p2a: Raging Bolt|0 fnt
|faint|p2a: Raging Bolt
|-end|p2a: Raging Bolt|Protosynthesis|[silent]
|
|win|EleaRosea
|raw|EleaRosea's rating: 1550 &rarr; <strong>1572</strong><br />(+22 for winning)
|raw|kadu99's rating: 1593 &rarr; <strong>1571</strong><br />(-22 for losing)
|l|☆kadu99
|player|p2|
