|j|☆KurisuChestnutLab
|j|‽LT_Alt1
|t:|1781171421
|gametype|singles
|player|p1|KurisuChestnutLab|may-contest|1539
|player|p2|LT_Alt1|266|1730
|gen|9
|tier|[Gen 9] OU
|rated|
|rule|HP Percentage Mod: HP is shown in percentages
|rule|Endless Battle Clause: Forcing endless battles is banned
|rule|Species Clause: Limit one of each Pokémon
|rule|OHKO Clause: OHKO moves are banned
|rule|Evasion Items Clause: Evasion items are banned
|rule|Evasion Moves Clause: Evasion moves are banned
|rule|Evasion Abilities Clause: Evasion abilities are banned
|rule|Sleep Moves Clause: Sleep-inducing moves are banned
|clearpoke
|poke|p1|Primarina, F|
|poke|p1|Hippowdon, F|
|poke|p1|Skarmory, M|
|poke|p1|Zapdos|
|poke|p1|Dragonite, M|
|poke|p1|Slowking, M|
|poke|p2|Kyurem|
|poke|p2|Raging Bolt|
|poke|p2|Hatterene, F|
|poke|p2|Slowking-Galar, M|
|poke|p2|Ting-Lu|
|poke|p2|Corviknight, F|
|teampreview
|inactive|Battle timer is ON: inactive players will automatically lose when time's up. (requested by KurisuChestnutLab)
|
|t:|1781171428
|teamsize|p1|6
|teamsize|p2|6
|start
|switch|p1a: Primarina|Primarina, F|100/100
|switch|p2a: Raging Bolt|Raging Bolt|100/100
|turn|1
|
|t:|1781171431
|switch|p1a: Hippowdon|Hippowdon, F|100/100
|-weather|Sandstorm|[from] ability: Sand Stream|[of] p1a: Hippowdon
|move|p2a: Raging Bolt|Volt Switch|p1a: Hippowdon
|-immune|p1a: Hippowdon
|
|-weather|Sandstorm|[upkeep]
|-damage|p2a: Raging Bolt|94/100|[from] Sandstorm
|upkeep
|turn|2
|
|t:|1781171435
|-end|p2a: Raging Bolt|Protosynthesis|[silent]
|switch|p2a: Hatterene|Hatterene, F|100/100
|move|p1a: Hippowdon|Earthquake|p2a: Hatterene
|-damage|p2a: Hatterene|64/100
|
|-weather|Sandstorm|[upkeep]
|-damage|p2a: Hatterene|59/100|[from] Sandstorm
|-heal|p2a: Hatterene|64/100|[from] item: Leftovers
|upkeep
|turn|3
|
|t:|1781171440
|switch|p1a: Primarina|Primarina, F|100/100
|move|p2a: Hatterene|Pain Split|p1a: Primarina
|-sethp|p1a: Primarina|75/100|[from] move: Pain Split|[silent]
|-sethp|p2a: Hatterene|96/100|[from] move: Pain Split
|
|-weather|Sandstorm|[upkeep]
|-damage|p1a: Primarina|69/100|[from] Sandstorm
|-damage|p2a: Hatterene|90/100|[from] Sandstorm
|-heal|p2a: Hatterene|96/100|[from] item: Leftovers
|upkeep
|turn|4
|
|t:|1781171448
|switch|p2a: Slowking|Slowking-Galar, M|100/100
|move|p1a: Primarina|Surf|p2a: Slowking
|-damage|p2a: Slowking|70/100
|
|-weather|Sandstorm|[upkeep]
|-damage|p1a: Primarina|63/100|[from] Sandstorm
|-damage|p2a: Slowking|64/100|[from] Sandstorm
|upkeep
|turn|5
|
|t:|1781171454
|switch|p2a: Raging Bolt|Raging Bolt|94/100
|move|p1a: Primarina|Surf|p2a: Raging Bolt
|-resisted|p2a: Raging Bolt
|-damage|p2a: Raging Bolt|80/100
|
|-weather|none
|upkeep
|turn|6
|
|t:|1781171457
|switch|p1a: Hippowdon|Hippowdon, F|100/100
|-weather|Sandstorm|[from] ability: Sand Stream|[of] p1a: Hippowdon
|move|p2a: Raging Bolt|Volt Switch|p1a: Hippowdon
|-immune|p1a: Hippowdon
|
|-weather|Sandstorm|[upkeep]
|-damage|p2a: Raging Bolt|74/100|[from] Sandstorm
|upkeep
|turn|7
|
|t:|1781171461
|-end|p2a: Raging Bolt|Protosynthesis|[silent]
|switch|p2a: Hatterene|Hatterene, F|96/100
|move|p1a: Hippowdon|Earthquake|p2a: Hatterene
|-damage|p2a: Hatterene|56/100
|
|-weather|Sandstorm|[upkeep]
|-damage|p2a: Hatterene|50/100|[from] Sandstorm
|-heal|p2a: Hatterene|56/100|[from] item: Leftovers
|upkeep
|turn|8
|
|t:|1781171466
|switch|p1a: Primarina|Primarina, F|63/100
|move|p2a: Hatterene|Psyshock|p1a: Primarina
|-damage|p1a: Primarina|22/100
|
|-weather|Sandstorm|[upkeep]
|-damage|p1a: Primarina|16/100|[from] Sandstorm
|-damage|p2a: Hatterene|50/100|[from] Sandstorm
|-heal|p2a: Hatterene|56/100|[from] item: Leftovers
|upkeep
|turn|9
|
|t:|1781171470
|switch|p2a: Raging Bolt|Raging Bolt|74/100
|move|p1a: Primarina|Moonblast|p2a: Raging Bolt
|-supereffective|p2a: Raging Bolt
|-damage|p2a: Raging Bolt|6/100
|
|-weather|Sandstorm|[upkeep]
|-damage|p2a: Raging Bolt|0 fnt|[from] Sandstorm
|-damage|p1a: Primarina|10/100|[from] Sandstorm
|faint|p2a: Raging Bolt
|-end|p2a: Raging Bolt|Protosynthesis|[silent]
|upkeep
|
|t:|1781171475
|switch|p2a: Kyurem|Kyurem|100/100
|-ability|p2a: Kyurem|Pressure
|turn|10
|
|t:|1781171481
|move|p2a: Kyurem|Freeze-Dry|p1a: Primarina
|-supereffective|p1a: Primarina
|-damage|p1a: Primarina|0 fnt
|faint|p1a: Primarina
|
|-weather|none
|upkeep
|
|t:|1781171484
|switch|p1a: Skarmory|Skarmory, M|100/100
|turn|11
|
|t:|1781171490
|switch|p2a: Hatterene|Hatterene, F|56/100
|move|p1a: Skarmory|Body Press|p2a: Hatterene
|-resisted|p2a: Hatterene
|-damage|p2a: Hatterene|47/100
|
|-heal|p2a: Hatterene|53/100|[from] item: Leftovers
|upkeep
|turn|12
|
|t:|1781171499
|move|p1a: Skarmory|Iron Head|p2a: Hatterene
|-supereffective|p2a: Hatterene
|-damage|p2a: Hatterene|6/100
|move|p2a: Hatterene|Pain Split|p1a: Skarmory
|-sethp|p1a: Skarmory|53/100|[from] move: Pain Split|[silent]
|-sethp|p2a: Hatterene|62/100|[from] move: Pain Split
|
|-heal|p1a: Skarmory|59/100|[from] item: Leftovers
|-heal|p2a: Hatterene|68/100|[from] item: Leftovers
|upkeep
|turn|13
|j| Mega Delibird X
|
|t:|1781171510
|switch|p1a: Hippowdon|Hippowdon, F|100/100
|-weather|Sandstorm|[from] ability: Sand Stream|[of] p1a: Hippowdon
|switch|p2a: Corviknight|Corviknight, F|100/100
|-ability|p2a: Corviknight|Pressure
|
|-weather|Sandstorm|[upkeep]
|upkeep
|turn|14
|
|t:|1781171517
|switch|p2a: Hatterene|Hatterene, F|68/100
|move|p1a: Hippowdon|Stealth Rock|p2a: Hatterene
|move|p2a: Hatterene|Stealth Rock|p1a: Hippowdon|[from] ability: Magic Bounce
|-sidestart|p1: KurisuChestnutLab|move: Stealth Rock
|
|-weather|Sandstorm|[upkeep]
|-damage|p2a: Hatterene|62/100|[from] Sandstorm
|-heal|p2a: Hatterene|68/100|[from] item: Leftovers
|upkeep
|turn|15
|
|t:|1781171526
|switch|p1a: Skarmory|Skarmory, M|59/100
|-damage|p1a: Skarmory|47/100|[from] Stealth Rock
|move|p2a: Hatterene|Pain Split|p1a: Skarmory
|-sethp|p1a: Skarmory|52/100|[from] move: Pain Split|[silent]
|-sethp|p2a: Hatterene|61/100|[from] move: Pain Split
|
|-weather|Sandstorm|[upkeep]
|-damage|p2a: Hatterene|55/100|[from] Sandstorm
|-heal|p1a: Skarmory|58/100|[from] item: Leftovers
|-heal|p2a: Hatterene|61/100|[from] item: Leftovers
|upkeep
|turn|16
|
|t:|1781171533
|move|p1a: Skarmory|Body Press|p2a: Hatterene
|-resisted|p2a: Hatterene
|-damage|p2a: Hatterene|53/100
|move|p2a: Hatterene|Nuzzle|p1a: Skarmory
|-supereffective|p1a: Skarmory
|-damage|p1a: Skarmory|54/100
|-status|p1a: Skarmory|par
|
|-weather|Sandstorm|[upkeep]
|-damage|p2a: Hatterene|47/100|[from] Sandstorm
|-heal|p2a: Hatterene|53/100|[from] item: Leftovers
|-heal|p1a: Skarmory|60/100 par|[from] item: Leftovers
|upkeep
|turn|17
|l| Mega Delibird X
|
|t:|1781171543
|switch|p2a: Slowking|Slowking-Galar, M|97/100
|move|p1a: Skarmory|Iron Head|p2a: Slowking
|-damage|p2a: Slowking|75/100
|
|-weather|none
|-heal|p1a: Skarmory|66/100 par|[from] item: Leftovers
|upkeep
|turn|18
|
|t:|1781171553
|move|p1a: Skarmory|Iron Head|p2a: Slowking
|-damage|p2a: Slowking|56/100
|move|p2a: Slowking|Flamethrower|p1a: Skarmory
|-supereffective|p1a: Skarmory
|-damage|p1a: Skarmory|10/100 par
|
|-heal|p1a: Skarmory|16/100 par|[from] item: Leftovers
|upkeep
|turn|19
|
|t:|1781171559
|cant|p1a: Skarmory|par
|move|p2a: Slowking|Flamethrower|p1a: Skarmory
|-supereffective|p1a: Skarmory
|-damage|p1a: Skarmory|0 fnt
|faint|p1a: Skarmory
|
|upkeep
|
|t:|1781171563
|switch|p1a: Dragonite|Dragonite, M|100/100
|turn|20
|
|t:|1781171568
|switch|p2a: Corviknight|Corviknight, F|100/100
|-ability|p2a: Corviknight|Pressure
|move|p1a: Dragonite|Earthquake|p2a: Corviknight
|-immune|p2a: Corviknight
|
|upkeep
|turn|21
|
|t:|1781171575
|move|p1a: Dragonite|Dragon Dance|p1a: Dragonite
|-boost|p1a: Dragonite|atk|1
|-boost|p1a: Dragonite|spe|1
|move|p2a: Corviknight|Iron Defense|p2a: Corviknight
|-boost|p2a: Corviknight|def|2
|
|upkeep
|turn|22
|
|t:|1781171578
|switch|p1a: Zapdos|Zapdos|100/100
|move|p2a: Corviknight|Body Press|p1a: Zapdos
|-resisted|p1a: Zapdos
|-damage|p1a: Zapdos|84/100
|
|upkeep
|turn|23
|
|t:|1781171582
|switch|p2a: Ting-Lu|Ting-Lu|100/100
|-ability|p2a: Ting-Lu|Vessel of Ruin
|move|p1a: Zapdos|Volt Switch|p2a: Ting-Lu
|-immune|p2a: Ting-Lu
|
|upkeep
|turn|24
|
|t:|1781171587
|move|p1a: Zapdos|Hurricane|p2a: Ting-Lu|[miss]
|-miss|p1a: Zapdos|p2a: Ting-Lu
|move|p2a: Ting-Lu|Spikes|p1a: Zapdos
|-sidestart|p1: KurisuChestnutLab|Spikes
|
|upkeep
|turn|25
|
|t:|1781171591
|move|p1a: Zapdos|Hurricane|p2a: Ting-Lu
|-damage|p2a: Ting-Lu|80/100
|-start|p2a: Ting-Lu|confusion
|-activate|p2a: Ting-Lu|confusion
|move|p2a: Ting-Lu|Ruination|p1a: Zapdos
|-damage|p1a: Zapdos|42/100
|
|-heal|p2a: Ting-Lu|87/100|[from] item: Leftovers
|upkeep
|turn|26
|
|t:|1781171597
|move|p1a: Zapdos|Roost|p1a: Zapdos
|-heal|p1a: Zapdos|92/100
|-singleturn|p1a: Zapdos|move: Roost
|-activate|p2a: Ting-Lu|confusion
|move|p2a: Ting-Lu|Spikes|p1a: Zapdos
|-sidestart|p1: KurisuChestnutLab|Spikes
|
|-heal|p2a: Ting-Lu|93/100|[from] item: Leftovers
|upkeep
|turn|27
|
|t:|1781171602
|switch|p1a: Dragonite|Dragonite, M|100/100
|-end|p2a: Ting-Lu|confusion
|move|p2a: Ting-Lu|Spikes|p1a: Dragonite
|-sidestart|p1: KurisuChestnutLab|Spikes
|
|-heal|p2a: Ting-Lu|99/100|[from] item: Leftovers
|upkeep
|turn|28
|j| Puyu paz
|
|t:|1781171606
|switch|p2a: Corviknight|Corviknight, F|100/100
|-ability|p2a: Corviknight|Pressure
|move|p1a: Dragonite|Dragon Dance|p1a: Dragonite
|-boost|p1a: Dragonite|atk|1
|-boost|p1a: Dragonite|spe|1
|
|upkeep
|turn|29
|
|t:|1781171612
|move|p1a: Dragonite|Dragon Dance|p1a: Dragonite
|-boost|p1a: Dragonite|atk|1
|-boost|p1a: Dragonite|spe|1
|move|p2a: Corviknight|Iron Defense|p2a: Corviknight
|-boost|p2a: Corviknight|def|2
|
|upkeep
|turn|30
|
|t:|1781171618
|move|p1a: Dragonite|Dragon Dance|p1a: Dragonite
|-boost|p1a: Dragonite|atk|1
|-boost|p1a: Dragonite|spe|1
|move|p2a: Corviknight|Iron Defense|p2a: Corviknight
|-boost|p2a: Corviknight|def|2
|
|upkeep
|turn|31
|
|t:|1781171624
|move|p1a: Dragonite|Dragon Dance|p1a: Dragonite
|-boost|p1a: Dragonite|atk|1
|-boost|p1a: Dragonite|spe|1
|move|p2a: Corviknight|Body Press|p1a: Dragonite
|-resisted|p1a: Dragonite
|-damage|p1a: Dragonite|81/100
|
|upkeep
|turn|32
|
|t:|1781171628
|switch|p1a: Zapdos|Zapdos|92/100
|move|p2a: Corviknight|Body Press|p1a: Zapdos
|-resisted|p1a: Zapdos
|-crit|p1a: Zapdos
|-damage|p1a: Zapdos|54/100
|
|upkeep
|turn|33
|
|t:|1781171635
|switch|p2a: Ting-Lu|Ting-Lu|99/100
|-ability|p2a: Ting-Lu|Vessel of Ruin
|move|p1a: Zapdos|Roost|p1a: Zapdos
|-heal|p1a: Zapdos|100/100
|-singleturn|p1a: Zapdos|move: Roost
|
|-heal|p2a: Ting-Lu|100/100|[from] item: Leftovers
|upkeep
|turn|34
|j| yuureisuisei
|
|t:|1781171654
|move|p1a: Zapdos|Hurricane|p2a: Ting-Lu
|-damage|p2a: Ting-Lu|79/100
|-start|p2a: Ting-Lu|confusion
|-activate|p2a: Ting-Lu|confusion
|move|p2a: Ting-Lu|Ruination|p1a: Zapdos
|-damage|p1a: Zapdos|51/100
|
|-heal|p2a: Ting-Lu|86/100|[from] item: Leftovers
|upkeep
|turn|35
|
|t:|1781171664
|move|p1a: Zapdos|Roost|p1a: Zapdos
|-heal|p1a: Zapdos|100/100
|-singleturn|p1a: Zapdos|move: Roost
|-activate|p2a: Ting-Lu|confusion
|move|p2a: Ting-Lu|Ruination|p1a: Zapdos
|-damage|p1a: Zapdos|51/100
|
|-heal|p2a: Ting-Lu|92/100|[from] item: Leftovers
|upkeep
|turn|36
|
|t:|1781171670
|move|p1a: Zapdos|Hurricane|p2a: Ting-Lu
|-damage|p2a: Ting-Lu|72/100
|-activate|p2a: Ting-Lu|confusion
|move|p2a: Ting-Lu|Ruination|p1a: Zapdos
|-damage|p1a: Zapdos|26/100
|
|-heal|p2a: Ting-Lu|79/100|[from] item: Leftovers
|upkeep
|turn|37
|
|t:|1781171678
|move|p1a: Zapdos|Roost|p1a: Zapdos
|-heal|p1a: Zapdos|76/100
|-singleturn|p1a: Zapdos|move: Roost
|-end|p2a: Ting-Lu|confusion
|move|p2a: Ting-Lu|Earthquake|p1a: Zapdos
|-supereffective|p1a: Zapdos
|-damage|p1a: Zapdos|18/100
|
|-heal|p2a: Ting-Lu|85/100|[from] item: Leftovers
|upkeep
|turn|38
|
|t:|1781171686
|move|p1a: Zapdos|Roost|p1a: Zapdos
|-heal|p1a: Zapdos|68/100
|-singleturn|p1a: Zapdos|move: Roost
|move|p2a: Ting-Lu|Earthquake|p1a: Zapdos
|-supereffective|p1a: Zapdos
|-damage|p1a: Zapdos|15/100
|
|-heal|p2a: Ting-Lu|91/100|[from] item: Leftovers
|upkeep
|turn|39
|
|t:|1781171694
|move|p1a: Zapdos|Roost|p1a: Zapdos
|-heal|p1a: Zapdos|65/100
|-singleturn|p1a: Zapdos|move: Roost
|move|p2a: Ting-Lu|Ruination|p1a: Zapdos
|-damage|p1a: Zapdos|33/100
|
|-heal|p2a: Ting-Lu|97/100|[from] item: Leftovers
|upkeep
|turn|40
|
|t:|1781171700
|move|p1a: Zapdos|Hurricane|p2a: Ting-Lu|[miss]
|-miss|p1a: Zapdos|p2a: Ting-Lu
|move|p2a: Ting-Lu|Ruination|p1a: Zapdos
|-damage|p1a: Zapdos|17/100
|
|-heal|p2a: Ting-Lu|100/100|[from] item: Leftovers
|upkeep
|turn|41
|
|t:|1781171706
|move|p1a: Zapdos|Roost|p1a: Zapdos
|-heal|p1a: Zapdos|67/100
|-singleturn|p1a: Zapdos|move: Roost
|move|p2a: Ting-Lu|Ruination|p1a: Zapdos
|-damage|p1a: Zapdos|34/100
|
|upkeep
|turn|42
|
|t:|1781171714
|move|p1a: Zapdos|Hurricane|p2a: Ting-Lu
|-damage|p2a: Ting-Lu|79/100
|move|p2a: Ting-Lu|Ruination|p1a: Zapdos
|-damage|p1a: Zapdos|17/100
|
|-heal|p2a: Ting-Lu|86/100|[from] item: Leftovers
|upkeep
|turn|43
|
|t:|1781171720
|move|p1a: Zapdos|Roost|p1a: Zapdos
|-heal|p1a: Zapdos|67/100
|-singleturn|p1a: Zapdos|move: Roost
|move|p2a: Ting-Lu|Earthquake|p1a: Zapdos
|-supereffective|p1a: Zapdos
|-damage|p1a: Zapdos|12/100
|
|-heal|p2a: Ting-Lu|92/100|[from] item: Leftovers
|upkeep
|turn|44
|j| Hakone Outbound
|
|t:|1781171725
|move|p1a: Zapdos|Hurricane|p2a: Ting-Lu|[miss]
|-miss|p1a: Zapdos|p2a: Ting-Lu
|move|p2a: Ting-Lu|Ruination|p1a: Zapdos
|-damage|p1a: Zapdos|6/100
|
|-heal|p2a: Ting-Lu|98/100|[from] item: Leftovers
|upkeep
|turn|45
|
|t:|1781171739
|move|p1a: Zapdos|Hurricane|p2a: Ting-Lu
|-damage|p2a: Ting-Lu|76/100
|move|p2a: Ting-Lu|Ruination|p1a: Zapdos
|-damage|p1a: Zapdos|3/100
|
|-heal|p2a: Ting-Lu|82/100|[from] item: Leftovers
|upkeep
|turn|46
|
|t:|1781171754
|move|p1a: Zapdos|Hurricane|p2a: Ting-Lu|[miss]
|-miss|p1a: Zapdos|p2a: Ting-Lu
|move|p2a: Ting-Lu|Ruination|p1a: Zapdos
|-damage|p1a: Zapdos|2/100
|
|-heal|p2a: Ting-Lu|88/100|[from] item: Leftovers
|upkeep
|turn|47
|
|t:|1781171763
|move|p1a: Zapdos|Hurricane|p2a: Ting-Lu
|-damage|p2a: Ting-Lu|66/100
|move|p2a: Ting-Lu|Ruination|p1a: Zapdos
|-damage|p1a: Zapdos|1/100
|
|-heal|p2a: Ting-Lu|72/100|[from] item: Leftovers
|upkeep
|turn|48
|
|t:|1781171770
|move|p1a: Zapdos|Hurricane|p2a: Ting-Lu
|-damage|p2a: Ting-Lu|51/100
|move|p2a: Ting-Lu|Ruination|p1a: Zapdos
|-damage|p1a: Zapdos|1/100
|
|-heal|p2a: Ting-Lu|58/100|[from] item: Leftovers
|upkeep
|turn|49
|
|t:|1781171780
|move|p1a: Zapdos|Hurricane|p2a: Ting-Lu|[miss]
|-miss|p1a: Zapdos|p2a: Ting-Lu
|move|p2a: Ting-Lu|Ruination|p1a: Zapdos
|-damage|p1a: Zapdos|1/100
|
|-heal|p2a: Ting-Lu|64/100|[from] item: Leftovers
|upkeep
|turn|50
|j| kanaete onegai
|
|t:|1781171788
|move|p1a: Zapdos|Hurricane|p2a: Ting-Lu|[miss]
|-miss|p1a: Zapdos|p2a: Ting-Lu
|move|p2a: Ting-Lu|Spikes||[still]
|-fail|p2a: Ting-Lu
|
|-heal|p2a: Ting-Lu|70/100|[from] item: Leftovers
|upkeep
|turn|51
|
|t:|1781171794
|move|p1a: Zapdos|Hurricane|p2a: Ting-Lu
|-crit|p2a: Ting-Lu
|-damage|p2a: Ting-Lu|36/100
|move|p2a: Ting-Lu|Spikes||[still]
|-fail|p2a: Ting-Lu
|
|-heal|p2a: Ting-Lu|42/100|[from] item: Leftovers
|upkeep
|turn|52
|c| kanaete onegai|so ruination can't kill a mon?
|
|t:|1781171800
|move|p1a: Zapdos|Hurricane|p2a: Ting-Lu
|-damage|p2a: Ting-Lu|21/100
|-start|p2a: Ting-Lu|confusion
|-activate|p2a: Ting-Lu|confusion
|move|p2a: Ting-Lu|Spikes||[still]
|-fail|p2a: Ting-Lu
|
|-heal|p2a: Ting-Lu|27/100|[from] item: Leftovers
|upkeep
|turn|53
|
|t:|1781171805
|switch|p2a: Slowking|Slowking-Galar, M|89/100
|move|p1a: Zapdos|Hurricane|p2a: Slowking
|-damage|p2a: Slowking|56/100
|-start|p2a: Slowking|confusion
|
|upkeep
|turn|54
|
|t:|1781171811
|switch|p2a: Ting-Lu|Ting-Lu|27/100
|-ability|p2a: Ting-Lu|Vessel of Ruin
|move|p1a: Zapdos|Volt Switch|p2a: Ting-Lu
|-immune|p2a: Ting-Lu
|
|-heal|p2a: Ting-Lu|33/100|[from] item: Leftovers
|upkeep
|turn|55
|
|t:|1781171820
|move|p1a: Zapdos|Heat Wave|p2a: Ting-Lu
|-damage|p2a: Ting-Lu|21/100
|move|p2a: Ting-Lu|Earthquake|p1a: Zapdos
|-immune|p1a: Zapdos
|
|-heal|p2a: Ting-Lu|27/100|[from] item: Leftovers
|upkeep
|turn|56
|
|t:|1781171826
|move|p1a: Zapdos|Heat Wave|p2a: Ting-Lu
|-damage|p2a: Ting-Lu|15/100
|move|p2a: Ting-Lu|Earthquake|p1a: Zapdos
|-immune|p1a: Zapdos
|
|-heal|p2a: Ting-Lu|21/100|[from] item: Leftovers
|upkeep
|turn|57
|
|t:|1781171830
|switch|p2a: Slowking|Slowking-Galar, M|90/100
|move|p1a: Zapdos|Heat Wave|p2a: Slowking|[miss]
|-miss|p1a: Zapdos|p2a: Slowking
|
|upkeep
|turn|58
|
|t:|1781171836
|switch|p2a: Ting-Lu|Ting-Lu|21/100
|-ability|p2a: Ting-Lu|Vessel of Ruin
|move|p1a: Zapdos|Volt Switch|p2a: Ting-Lu
|-immune|p2a: Ting-Lu
|
|-heal|p2a: Ting-Lu|28/100|[from] item: Leftovers
|upkeep
|turn|59
|
|t:|1781171841
|switch|p2a: Slowking|Slowking-Galar, M|100/100
|move|p1a: Zapdos|Heat Wave|p2a: Slowking
|-crit|p2a: Slowking
|-damage|p2a: Slowking|74/100
|
|upkeep
|turn|60
|
|t:|1781171849
|switch|p2a: Ting-Lu|Ting-Lu|28/100
|-ability|p2a: Ting-Lu|Vessel of Ruin
|move|p1a: Zapdos|Volt Switch|p2a: Ting-Lu
|-immune|p2a: Ting-Lu
|
|-heal|p2a: Ting-Lu|34/100|[from] item: Leftovers
|upkeep
|turn|61
|
|t:|1781171856
|switch|p2a: Slowking|Slowking-Galar, M|100/100
|move|p1a: Zapdos|Heat Wave|p2a: Slowking
|-damage|p2a: Slowking|81/100
|-status|p2a: Slowking|brn
|
|-damage|p2a: Slowking|75/100 brn|[from] brn
|upkeep
|turn|62
|
|t:|1781171871
|switch|p2a: Ting-Lu|Ting-Lu|34/100
|-ability|p2a: Ting-Lu|Vessel of Ruin
|move|p1a: Zapdos|Volt Switch|p2a: Ting-Lu
|-immune|p2a: Ting-Lu
|
|-heal|p2a: Ting-Lu|40/100|[from] item: Leftovers
|upkeep
|turn|63
|
|t:|1781171892
|move|p1a: Zapdos|Heat Wave|p2a: Ting-Lu
|-damage|p2a: Ting-Lu|28/100
|move|p2a: Ting-Lu|Spikes||[still]
|-fail|p2a: Ting-Lu
|
|-heal|p2a: Ting-Lu|34/100|[from] item: Leftovers
|upkeep
|turn|64
|
|t:|1781171897
|switch|p1a: Dragonite|Dragonite, M|81/100
|switch|p2a: Slowking|Slowking-Galar, M|100/100 brn
|
|-damage|p2a: Slowking|94/100 brn|[from] brn
|upkeep
|turn|65
|
|t:|1781171903
|switch|p2a: Corviknight|Corviknight, F|100/100
|-ability|p2a: Corviknight|Pressure
|move|p1a: Dragonite|Dragon Dance|p1a: Dragonite
|-boost|p1a: Dragonite|atk|1
|-boost|p1a: Dragonite|spe|1
|
|upkeep
|turn|66
|
|t:|1781171907
|move|p1a: Dragonite|Roost|p1a: Dragonite
|-heal|p1a: Dragonite|100/100
|-singleturn|p1a: Dragonite|move: Roost
|move|p2a: Corviknight|Iron Defense|p2a: Corviknight
|-boost|p2a: Corviknight|def|2
|
|upkeep
|turn|67
|
|t:|1781171920
|move|p1a: Dragonite|Dragon Dance|p1a: Dragonite
|-boost|p1a: Dragonite|atk|1
|-boost|p1a: Dragonite|spe|1
|move|p2a: Corviknight|Iron Defense|p2a: Corviknight
|-boost|p2a: Corviknight|def|2
|
|upkeep
|turn|68
|j| 1C2061
|l| 1C2061
|
|t:|1781171932
|move|p1a: Dragonite|Dragon Dance|p1a: Dragonite
|-boost|p1a: Dragonite|atk|1
|-boost|p1a: Dragonite|spe|1
|move|p2a: Corviknight|Iron Defense|p2a: Corviknight
|-boost|p2a: Corviknight|def|2
|
|upkeep
|turn|69
|
|t:|1781171938
|switch|p1a: Zapdos|Zapdos|1/100
|move|p2a: Corviknight|Body Press|p1a: Zapdos
|-resisted|p1a: Zapdos
|-damage|p1a: Zapdos|0 fnt
|-status|p2a: Corviknight|par|[from] ability: Static|[of] p1a: Zapdos
|faint|p1a: Zapdos
|
|upkeep
|
|t:|1781171943
|switch|p1a: Hippowdon|Hippowdon, F|100/100
|-damage|p1a: Hippowdon|94/100|[from] Stealth Rock
|-damage|p1a: Hippowdon|69/100|[from] Spikes
|-weather|Sandstorm|[from] ability: Sand Stream|[of] p1a: Hippowdon
|turn|70
|
|t:|1781171948
|move|p1a: Hippowdon|Stealth Rock|p2a: Corviknight
|-sidestart|p2: LT_Alt1|move: Stealth Rock
|move|p2a: Corviknight|Body Press|p1a: Hippowdon
|-damage|p1a: Hippowdon|25/100
|
|-weather|Sandstorm|[upkeep]
|-heal|p1a: Hippowdon|31/100|[from] item: Leftovers
|upkeep
|turn|71
|
|t:|1781171953
|move|p1a: Hippowdon|Slack Off|p1a: Hippowdon
|-heal|p1a: Hippowdon|81/100
|move|p2a: Corviknight|Body Press|p1a: Hippowdon
|-damage|p1a: Hippowdon|32/100
|
|-weather|Sandstorm|[upkeep]
|-heal|p1a: Hippowdon|38/100|[from] item: Leftovers
|upkeep
|turn|72
|
|t:|1781171962
|move|p1a: Hippowdon|Slack Off|p1a: Hippowdon
|-heal|p1a: Hippowdon|88/100
|move|p2a: Corviknight|Body Press|p1a: Hippowdon
|-damage|p1a: Hippowdon|42/100
|
|-weather|Sandstorm|[upkeep]
|-heal|p1a: Hippowdon|49/100|[from] item: Leftovers
|upkeep
|turn|73
|
|t:|1781171968
|move|p1a: Hippowdon|Slack Off|p1a: Hippowdon
|-heal|p1a: Hippowdon|99/100
|move|p2a: Corviknight|Body Press|p1a: Hippowdon
|-damage|p1a: Hippowdon|52/100
|
|-weather|Sandstorm|[upkeep]
|-heal|p1a: Hippowdon|58/100|[from] item: Leftovers
|upkeep
|turn|74
|
|t:|1781171975
|move|p1a: Hippowdon|Slack Off|p1a: Hippowdon
|-heal|p1a: Hippowdon|100/100
|move|p2a: Corviknight|Body Press|p1a: Hippowdon
|-damage|p1a: Hippowdon|56/100
|
|-weather|none
|-heal|p1a: Hippowdon|62/100|[from] item: Leftovers
|upkeep
|turn|75
|
|t:|1781171986
|move|p1a: Hippowdon|Slack Off|p1a: Hippowdon
|-heal|p1a: Hippowdon|100/100
|move|p2a: Corviknight|Defog|p1a: Hippowdon
|-unboost|p1a: Hippowdon|evasion|1
|-sideend|p1: KurisuChestnutLab|Spikes|[from] move: Defog|[of] p2a: Corviknight
|-sideend|p1: KurisuChestnutLab|Stealth Rock|[from] move: Defog|[of] p2a: Corviknight
|-sideend|p2: LT_Alt1|Stealth Rock|[from] move: Defog|[of] p2a: Corviknight
|
|upkeep
|turn|76
|
|t:|1781171991
|switch|p2a: Hatterene|Hatterene, F|53/100
|move|p1a: Hippowdon|Stealth Rock|p2a: Hatterene
|move|p2a: Hatterene|Stealth Rock|p1a: Hippowdon|[from] ability: Magic Bounce
|-sidestart|p1: KurisuChestnutLab|move: Stealth Rock
|
|-heal|p2a: Hatterene|59/100|[from] item: Leftovers
|upkeep
|turn|77
|
|t:|1781171997
|switch|p1a: Dragonite|Dragonite, M|100/100
|move|p2a: Hatterene|Pain Split|p1a: Dragonite
|-sethp|p1a: Dragonite|76/100|[from] move: Pain Split|[silent]
|-sethp|p2a: Hatterene|86/100|[from] move: Pain Split
|
|-heal|p2a: Hatterene|92/100|[from] item: Leftovers
|upkeep
|turn|78
|
|t:|1781172001
|move|p1a: Dragonite|Dragon Dance|p1a: Dragonite
|-boost|p1a: Dragonite|atk|1
|-boost|p1a: Dragonite|spe|1
|move|p2a: Hatterene|Nuzzle|p1a: Dragonite
|-damage|p1a: Dragonite|72/100
|-status|p1a: Dragonite|par
|
|-heal|p2a: Hatterene|98/100|[from] item: Leftovers
|upkeep
|turn|79
|
|t:|1781172007
|switch|p2a: Corviknight|Corviknight, F|100/100 par
|-ability|p2a: Corviknight|Pressure
|move|p1a: Dragonite|Roost|p1a: Dragonite
|-heal|p1a: Dragonite|100/100 par
|-singleturn|p1a: Dragonite|move: Roost
|
|upkeep
|turn|80
|
|t:|1781172011
|cant|p1a: Dragonite|par
|move|p2a: Corviknight|Iron Defense|p2a: Corviknight
|-boost|p2a: Corviknight|def|2
|
|upkeep
|turn|81
|
|t:|1781172015
|move|p1a: Dragonite|Dragon Dance|p1a: Dragonite
|-boost|p1a: Dragonite|atk|1
|-boost|p1a: Dragonite|spe|1
|move|p2a: Corviknight|Iron Defense|p2a: Corviknight
|-boost|p2a: Corviknight|def|2
|
|upkeep
|turn|82
|
|t:|1781172023
|move|p1a: Dragonite|Dragon Dance|p1a: Dragonite
|-boost|p1a: Dragonite|atk|1
|-boost|p1a: Dragonite|spe|1
|move|p2a: Corviknight|Iron Defense|p2a: Corviknight
|-boost|p2a: Corviknight|def|2
|
|upkeep
|turn|83
|
|t:|1781172028
|cant|p1a: Dragonite|par
|cant|p2a: Corviknight|par
|
|upkeep
|turn|84
|
|t:|1781172041
|cant|p1a: Dragonite|par
|move|p2a: Corviknight|Body Press|p1a: Dragonite
|-resisted|p1a: Dragonite
|-damage|p1a: Dragonite|75/100 par
|
|upkeep
|turn|85
|
|t:|1781172061
|cant|p1a: Dragonite|par
|move|p2a: Corviknight|Body Press|p1a: Dragonite
|-resisted|p1a: Dragonite
|-damage|p1a: Dragonite|21/100 par
|
|upkeep
|turn|86
|
|t:|1781172067
|move|p1a: Dragonite|Roost|p1a: Dragonite
|-heal|p1a: Dragonite|71/100 par
|-singleturn|p1a: Dragonite|move: Roost
|move|p2a: Corviknight|Body Press|p1a: Dragonite
|-damage|p1a: Dragonite|0 fnt
|faint|p1a: Dragonite
|
|upkeep
|
|t:|1781172071
|switch|p1a: Hippowdon|Hippowdon, F|100/100
|-damage|p1a: Hippowdon|94/100|[from] Stealth Rock
|-weather|Sandstorm|[from] ability: Sand Stream|[of] p1a: Hippowdon
|turn|87
|
|t:|1781172076
|move|p1a: Hippowdon|Stealth Rock|p2a: Corviknight
|-sidestart|p2: LT_Alt1|move: Stealth Rock
|move|p2a: Corviknight|Body Press|p1a: Hippowdon
|-damage|p1a: Hippowdon|44/100
|
|-weather|Sandstorm|[upkeep]
|-heal|p1a: Hippowdon|50/100|[from] item: Leftovers
|upkeep
|turn|88
|
|t:|1781172094
|move|p1a: Hippowdon|Slack Off|p1a: Hippowdon
|-heal|p1a: Hippowdon|100/100
|move|p2a: Corviknight|Body Press|p1a: Hippowdon
|-damage|p1a: Hippowdon|48/100
|
|-weather|Sandstorm|[upkeep]
|-heal|p1a: Hippowdon|55/100|[from] item: Leftovers
|upkeep
|turn|89
|
|t:|1781172103
|move|p1a: Hippowdon|Slack Off|p1a: Hippowdon
|-heal|p1a: Hippowdon|100/100
|move|p2a: Corviknight|Body Press|p1a: Hippowdon
|-damage|p1a: Hippowdon|55/100
|
|-weather|Sandstorm|[upkeep]
|-heal|p1a: Hippowdon|61/100|[from] item: Leftovers
|upkeep
|turn|90
|
|t:|1781172110
|move|p1a: Hippowdon|Slack Off|p1a: Hippowdon
|-heal|p1a: Hippowdon|100/100
|cant|p2a: Corviknight|par
|
|-weather|Sandstorm|[upkeep]
|upkeep
|turn|91
|
|t:|1781172115
|move|p2a: Corviknight|Defog|p1a: Hippowdon
|-unboost|p1a: Hippowdon|evasion|1
|-sideend|p1: KurisuChestnutLab|Stealth Rock|[from] move: Defog|[of] p2a: Corviknight
|-sideend|p2: LT_Alt1|Stealth Rock|[from] move: Defog|[of] p2a: Corviknight
|move|p1a: Hippowdon|Whirlwind|p2a: Corviknight
|drag|p2a: Kyurem|Kyurem|100/100
|-ability|p2a: Kyurem|Pressure
|
|-weather|none
|upkeep
|turn|92
|
|t:|1781172127
|switch|p2a: Hatterene|Hatterene, F|98/100
|switch|p1a: Slowking|Slowking, M|100/100
|
|-heal|p2a: Hatterene|100/100|[from] item: Leftovers
|upkeep
|turn|93
|
|t:|1781172133
|switch|p2a: Slowking|Slowking-Galar, M|100/100 brn
|-prepare|p1a: Slowking|Chilly Reception|[premajor]
|move|p1a: Slowking|Chilly Reception|p1a: Slowking
|-weather|Snowscape
|
|t:|1781172137
|switch|p1a: Hippowdon|Hippowdon, F|100/100|[from] Chilly Reception
|-weather|Sandstorm|[from] ability: Sand Stream|[of] p1a: Hippowdon
|
|-weather|Sandstorm|[upkeep]
|-damage|p2a: Slowking|94/100 brn|[from] Sandstorm
|-damage|p2a: Slowking|88/100 brn|[from] brn
|upkeep
|turn|94
|
|t:|1781172146
|switch|p2a: Hatterene|Hatterene, F|100/100
|move|p1a: Hippowdon|Earthquake|p2a: Hatterene
|-damage|p2a: Hatterene|62/100
|
|-weather|Sandstorm|[upkeep]
|-damage|p2a: Hatterene|56/100|[from] Sandstorm
|-heal|p2a: Hatterene|62/100|[from] item: Leftovers
|upkeep
|turn|95
|
|t:|1781172151
|move|p1a: Hippowdon|Earthquake|p2a: Hatterene
|-damage|p2a: Hatterene|25/100
|move|p2a: Hatterene|Pain Split|p1a: Hippowdon
|-sethp|p1a: Hippowdon|59/100|[from] move: Pain Split|[silent]
|-sethp|p2a: Hatterene|86/100|[from] move: Pain Split
|
|-weather|Sandstorm|[upkeep]
|-damage|p2a: Hatterene|80/100|[from] Sandstorm
|-heal|p1a: Hippowdon|65/100|[from] item: Leftovers
|-heal|p2a: Hatterene|86/100|[from] item: Leftovers
|upkeep
|turn|96
|l| yuureisuisei
|
|t:|1781172164
|-terastallize|p1a: Hippowdon|Steel
|move|p1a: Hippowdon|Earthquake|p2a: Hatterene
|-damage|p2a: Hatterene|49/100
|move|p2a: Hatterene|Dazzling Gleam|p1a: Hippowdon
|-resisted|p1a: Hippowdon
|-damage|p1a: Hippowdon|45/100
|
|-weather|Sandstorm|[upkeep]
|-damage|p2a: Hatterene|44/100|[from] Sandstorm
|-heal|p1a: Hippowdon|51/100|[from] item: Leftovers
|-heal|p2a: Hatterene|49/100|[from] item: Leftovers
|upkeep
|turn|97
|
|t:|1781172170
|move|p1a: Hippowdon|Earthquake|p2a: Hatterene
|-crit|p2a: Hatterene
|-damage|p2a: Hatterene|0 fnt
|faint|p2a: Hatterene
|
|-weather|none
|-heal|p1a: Hippowdon|57/100|[from] item: Leftovers
|upkeep
|
|t:|1781172175
|switch|p2a: Ting-Lu|Ting-Lu|34/100
|-ability|p2a: Ting-Lu|Vessel of Ruin
|turn|98
|
|t:|1781172181
|switch|p1a: Slowking|Slowking, M|100/100
|move|p2a: Ting-Lu|Earthquake|p1a: Slowking
|-damage|p1a: Slowking|61/100
|
|-heal|p2a: Ting-Lu|40/100|[from] item: Leftovers
|upkeep
|turn|99
|
|t:|1781172186
|switch|p2a: Slowking|Slowking-Galar, M|100/100 brn
|move|p1a: Slowking|Slack Off|p1a: Slowking
|-heal|p1a: Slowking|100/100
|
|-damage|p2a: Slowking|94/100 brn|[from] brn
|upkeep
|turn|100
|
|t:|1781172193
|move|p1a: Slowking|Future Sight|p2a: Slowking
|-start|p1a: Slowking|move: Future Sight
|move|p2a: Slowking|Future Sight|p1a: Slowking
|-start|p2a: Slowking|move: Future Sight
|
|-damage|p2a: Slowking|88/100 brn|[from] brn
|upkeep
|turn|101
|
|t:|1781172211
|move|p1a: Slowking|Scald|p2a: Slowking
|-damage|p2a: Slowking|71/100 brn
|-prepare|p2a: Slowking|Chilly Reception|[premajor]
|move|p2a: Slowking|Chilly Reception|p2a: Slowking
|-weather|Snowscape
|
|t:|1781172229
|switch|p2a: Ting-Lu|Ting-Lu|40/100|[from] Chilly Reception
|-ability|p2a: Ting-Lu|Vessel of Ruin
|
|-weather|Snowscape|[upkeep]
|-heal|p2a: Ting-Lu|46/100|[from] item: Leftovers
|upkeep
|turn|102
|
|t:|1781172234
|switch|p2a: Slowking|Slowking-Galar, M|100/100 brn
|move|p1a: Slowking|Slack Off||[still]
|-fail|p1a: Slowking|heal
|
|-weather|Snowscape|[upkeep]
|-end|p1a: Slowking|move: Future Sight
|-resisted|p1a: Slowking
|-damage|p1a: Slowking|87/100
|-end|p2a: Slowking|move: Future Sight
|-damage|p2a: Slowking|72/100 brn
|-damage|p2a: Slowking|65/100 brn|[from] brn
|upkeep
|turn|103
|
|t:|1781172240
|move|p1a: Slowking|Scald|p2a: Slowking
|-damage|p2a: Slowking|47/100 brn
|-prepare|p2a: Slowking|Chilly Reception|[premajor]
|move|p2a: Slowking|Chilly Reception|p2a: Slowking
|
|t:|1781172248
|switch|p2a: Kyurem|Kyurem|100/100|[from] Chilly Reception
|-ability|p2a: Kyurem|Pressure
|
|-weather|Snowscape|[upkeep]
|upkeep
|turn|104
|
|t:|1781172255
|-terastallize|p2a: Kyurem|Ice
|move|p2a: Kyurem|Freeze-Dry|p1a: Slowking
|-supereffective|p1a: Slowking
|-damage|p1a: Slowking|1/100
|move|p1a: Slowking|Slack Off|p1a: Slowking
|-heal|p1a: Slowking|51/100
|
|-weather|Snowscape|[upkeep]
|upkeep
|turn|105
|
|t:|1781172263
|move|p2a: Kyurem|Freeze-Dry|p1a: Slowking
|-supereffective|p1a: Slowking
|-damage|p1a: Slowking|0 fnt
|faint|p1a: Slowking
|
|-weather|none
|upkeep
|
|t:|1781172268
|switch|p1a: Hippowdon|Hippowdon, F, tera:Steel|57/100
|-weather|Sandstorm|[from] ability: Sand Stream|[of] p1a: Hippowdon
|turn|106
|
|t:|1781172272
|switch|p2a: Ting-Lu|Ting-Lu|46/100
|-ability|p2a: Ting-Lu|Vessel of Ruin
|move|p1a: Hippowdon|Whirlwind|p2a: Ting-Lu
|drag|p2a: Corviknight|Corviknight, F|100/100 par
|-ability|p2a: Corviknight|Pressure
|
|-weather|Sandstorm|[upkeep]
|-heal|p1a: Hippowdon|64/100|[from] item: Leftovers
|upkeep
|turn|107
|
|t:|1781172277
|switch|p2a: Kyurem|Kyurem, tera:Ice|100/100
|-ability|p2a: Kyurem|Pressure
|move|p1a: Hippowdon|Whirlwind|p2a: Kyurem
|drag|p2a: Slowking|Slowking-Galar, M|80/100 brn
|
|-weather|Sandstorm|[upkeep]
|-damage|p2a: Slowking|74/100 brn|[from] Sandstorm
|-heal|p1a: Hippowdon|70/100|[from] item: Leftovers
|-damage|p2a: Slowking|68/100 brn|[from] brn
|upkeep
|turn|108
|
|t:|1781172283
|move|p2a: Slowking|Flamethrower|p1a: Hippowdon
|-supereffective|p1a: Hippowdon
|-damage|p1a: Hippowdon|19/100
|move|p1a: Hippowdon|Whirlwind|p2a: Slowking
|drag|p2a: Ting-Lu|Ting-Lu|46/100
|-ability|p2a: Ting-Lu|Vessel of Ruin
|
|-weather|Sandstorm|[upkeep]
|-heal|p1a: Hippowdon|25/100|[from] item: Leftovers
|-heal|p2a: Ting-Lu|52/100|[from] item: Leftovers
|upkeep
|turn|109
|
|t:|1781172290
|move|p2a: Ting-Lu|Earthquake|p1a: Hippowdon
|-supereffective|p1a: Hippowdon
|-damage|p1a: Hippowdon|0 fnt
|faint|p1a: Hippowdon
|
|win|LT_Alt1
|raw|KurisuChestnutLab's rating: 1573 &rarr; <strong>1561</strong><br />(-12 for losing)
|raw|LT_Alt1's rating: 1730 &rarr; <strong>1742</strong><br />(+12 for winning)
