|j|☆Jewgi_moto
|j|☆LowEL0God
|t:|1781415603
|gametype|singles
|player|p1|Jewgi_moto|1|1563
|player|p2|LowEL0God|265|1584
|gen|9
|tier|[Gen 9] OU
|rated|
|rule|HP Percentage Mod: HP is shown in percentages
|rule|Endless Battle Clause: Forcing endless battles is banned
|rule|Species Clause: Limit one of each Pokémon
|rule|OHKO Clause: OHKO moves are banned
|rule|Evasion Items Clause: Evasion items are banned
|rule|Evasion Moves Clause: Evasion moves are banned
|rule|Evasion Abilities Clause: Evasion abilities are banned
|rule|Sleep Moves Clause: Sleep-inducing moves are banned
|clearpoke
|poke|p1|Hoopa-Unbound|
|poke|p1|Moltres|
|poke|p1|Zamazenta-*|
|poke|p1|Cinderace, M|
|poke|p1|Volcanion|
|poke|p1|Dragonite, M|
|poke|p2|Pelipper, M|
|poke|p2|Raging Bolt|
|poke|p2|Overqwil, F|
|poke|p2|Barraskewda, M|
|poke|p2|Iron Treads|
|poke|p2|Kingambit, F|
|teampreview
|c|☆LowEL0God|hf
|inactive|Battle timer is ON: inactive players will automatically lose when time's up. (requested by LowEL0God)
|
|t:|1781415606
|teamsize|p1|6
|teamsize|p2|6
|start
|switch|p1a: Hoopa|Hoopa-Unbound|100/100
|switch|p2a: Raging Bolt|Raging Bolt|100/100
|-enditem|p2a: Raging Bolt|Booster Energy
|-activate|p2a: Raging Bolt|ability: Protosynthesis|[fromitem]
|-start|p2a: Raging Bolt|protosynthesisspa
|turn|1
|
|t:|1781415618
|move|p1a: Hoopa|Psychic|p2a: Raging Bolt
|-damage|p2a: Raging Bolt|48/100
|move|p2a: Raging Bolt|Thunder|p1a: Hoopa
|-damage|p1a: Hoopa|17/100
|
|upkeep
|turn|2
|
|t:|1781415631
|switch|p1a: Zamazenta|Zamazenta|100/100
|-ability|p1a: Zamazenta|Dauntless Shield|boost
|-boost|p1a: Zamazenta|def|1
|move|p2a: Raging Bolt|Thunderclap||[still]
|-fail|p2a: Raging Bolt
|
|upkeep
|turn|3
|
|t:|1781415633
|-end|p2a: Raging Bolt|Protosynthesis|[silent]
|switch|p2a: Pelipper|Pelipper, M|100/100
|-weather|RainDance|[from] ability: Drizzle|[of] p2a: Pelipper
|move|p1a: Zamazenta|Substitute|p1a: Zamazenta
|-start|p1a: Zamazenta|Substitute
|-damage|p1a: Zamazenta|75/100
|
|-weather|RainDance|[upkeep]
|-heal|p1a: Zamazenta|82/100|[from] item: Leftovers
|upkeep
|turn|4
|
|t:|1781415635
|move|p1a: Zamazenta|Iron Defense|p1a: Zamazenta
|-boost|p1a: Zamazenta|def|2
|move|p2a: Pelipper|Hurricane|p1a: Zamazenta
|-supereffective|p1a: Zamazenta
|-crit|p1a: Zamazenta
|-end|p1a: Zamazenta|Substitute
|
|-weather|RainDance|[upkeep]
|-heal|p1a: Zamazenta|88/100|[from] item: Leftovers
|upkeep
|turn|5
|
|t:|1781415640
|switch|p1a: Volcanion|Volcanion|100/100
|move|p2a: Pelipper|Hurricane|p1a: Volcanion
|-damage|p1a: Volcanion|76/100
|
|-weather|RainDance|[upkeep]
|upkeep
|turn|6
|
|t:|1781415646
|move|p1a: Volcanion|Steam Eruption|p2a: Pelipper
|-resisted|p2a: Pelipper
|-damage|p2a: Pelipper|28/100
|move|p2a: Pelipper|Hurricane|p1a: Volcanion
|-damage|p1a: Volcanion|53/100
|
|-weather|RainDance|[upkeep]
|upkeep
|turn|7
|
|t:|1781415651
|switch|p2a: Raging Bolt|Raging Bolt|48/100
|move|p1a: Volcanion|Steam Eruption|p2a: Raging Bolt
|-resisted|p2a: Raging Bolt
|-damage|p2a: Raging Bolt|9/100
|
|-weather|RainDance|[upkeep]
|upkeep
|turn|8
|inactive|Jewgi_moto has 120 seconds left.
|
|t:|1781415688
|switch|p1a: Dragonite|Dragonite, M|100/100
|move|p2a: Raging Bolt|Thunder|p1a: Dragonite
|-damage|p1a: Dragonite|69/100
|
|-weather|RainDance|[upkeep]
|upkeep
|turn|9
|
|t:|1781415690
|move|p1a: Dragonite|Extreme Speed|p2a: Raging Bolt
|-damage|p2a: Raging Bolt|0 fnt
|faint|p2a: Raging Bolt
|-end|p2a: Raging Bolt|Protosynthesis|[silent]
|
|-weather|RainDance|[upkeep]
|upkeep
|
|t:|1781415691
|switch|p2a: Overqwil|Overqwil, F|100/100
|turn|10
|
|t:|1781415698
|move|p1a: Dragonite|Extreme Speed|p2a: Overqwil
|-damage|p2a: Overqwil|65/100
|move|p2a: Overqwil|Gunk Shot|p1a: Dragonite|[miss]
|-miss|p2a: Overqwil|p1a: Dragonite
|
|-weather|none
|upkeep
|turn|11
|
|t:|1781415704
|move|p1a: Dragonite|Extreme Speed|p2a: Overqwil
|-damage|p2a: Overqwil|29/100
|move|p2a: Overqwil|Gunk Shot|p1a: Dragonite|[miss]
|-miss|p2a: Overqwil|p1a: Dragonite
|
|upkeep
|turn|12
|
|t:|1781415708
|switch|p2a: Pelipper|Pelipper, M|28/100
|-weather|RainDance|[from] ability: Drizzle|[of] p2a: Pelipper
|move|p1a: Dragonite|Extreme Speed|p2a: Pelipper
|-damage|p2a: Pelipper|4/100
|
|-weather|RainDance|[upkeep]
|upkeep
|turn|13
|
|t:|1781415712
|switch|p2a: Kingambit|Kingambit, F|100/100
|-activate|p2a: Kingambit|ability: Supreme Overlord
|-start|p2a: Kingambit|fallen1|[silent]
|move|p1a: Dragonite|Dragon Dance|p1a: Dragonite
|-boost|p1a: Dragonite|atk|1
|-boost|p1a: Dragonite|spe|1
|
|-weather|RainDance|[upkeep]
|upkeep
|turn|14
|
|t:|1781415714
|-terastallize|p2a: Kingambit|Dark
|move|p1a: Dragonite|Roost|p1a: Dragonite
|-heal|p1a: Dragonite|100/100
|-singleturn|p1a: Dragonite|move: Roost
|move|p2a: Kingambit|Kowtow Cleave|p1a: Dragonite
|-damage|p1a: Dragonite|62/100
|
|-weather|RainDance|[upkeep]
|upkeep
|turn|15
|
|t:|1781415722
|move|p1a: Dragonite|Extreme Speed|p2a: Kingambit
|-damage|p2a: Kingambit|66/100
|move|p2a: Kingambit|Kowtow Cleave|p1a: Dragonite
|-damage|p1a: Dragonite|0 fnt
|faint|p1a: Dragonite
|
|-weather|RainDance|[upkeep]
|-heal|p2a: Kingambit|72/100|[from] item: Leftovers
|upkeep
|
|t:|1781415741
|switch|p1a: Moltres|Moltres|100/100
|turn|16
|
|t:|1781415742
|move|p1a: Moltres|Hurricane|p2a: Kingambit
|-damage|p2a: Kingambit|26/100
|move|p2a: Kingambit|Swords Dance|p2a: Kingambit
|-boost|p2a: Kingambit|atk|2
|
|-weather|RainDance|[upkeep]
|-heal|p2a: Kingambit|33/100|[from] item: Leftovers
|upkeep
|turn|17
|
|t:|1781415748
|switch|p1a: Zamazenta|Zamazenta|88/100
|move|p2a: Kingambit|Sucker Punch||[still]
|-fail|p2a: Kingambit
|
|-weather|RainDance|[upkeep]
|-heal|p1a: Zamazenta|94/100|[from] item: Leftovers
|-heal|p2a: Kingambit|39/100|[from] item: Leftovers
|upkeep
|turn|18
|
|t:|1781415752
|move|p2a: Kingambit|Sucker Punch||[still]
|-fail|p2a: Kingambit
|move|p1a: Zamazenta|Substitute|p1a: Zamazenta
|-start|p1a: Zamazenta|Substitute
|-damage|p1a: Zamazenta|69/100
|
|-weather|RainDance|[upkeep]
|-heal|p1a: Zamazenta|75/100|[from] item: Leftovers
|-heal|p2a: Kingambit|45/100|[from] item: Leftovers
|upkeep
|turn|19
|
|t:|1781415754
|-end|p2a: Kingambit|fallen1|[silent]
|switch|p2a: Pelipper|Pelipper, M|4/100
|move|p1a: Zamazenta|Iron Defense|p1a: Zamazenta
|-boost|p1a: Zamazenta|def|2
|
|-weather|none
|-heal|p1a: Zamazenta|81/100|[from] item: Leftovers
|upkeep
|turn|20
|
|t:|1781415756
|move|p1a: Zamazenta|Iron Defense|p1a: Zamazenta
|-boost|p1a: Zamazenta|def|2
|move|p2a: Pelipper|Hurricane|p1a: Zamazenta
|-supereffective|p1a: Zamazenta
|-end|p1a: Zamazenta|Substitute
|
|-heal|p1a: Zamazenta|88/100|[from] item: Leftovers
|upkeep
|turn|21
|
|t:|1781415761
|move|p1a: Zamazenta|Substitute|p1a: Zamazenta
|-start|p1a: Zamazenta|Substitute
|-damage|p1a: Zamazenta|63/100
|move|p2a: Pelipper|U-turn|p1a: Zamazenta
|-resisted|p1a: Zamazenta
|-crit|p1a: Zamazenta
|-activate|p1a: Zamazenta|move: Substitute|[damage]
|
|t:|1781415762
|switch|p2a: Kingambit|Kingambit, F, tera:Dark|45/100|[from] U-turn
|-activate|p2a: Kingambit|ability: Supreme Overlord
|-start|p2a: Kingambit|fallen1|[silent]
|
|-heal|p1a: Zamazenta|69/100|[from] item: Leftovers
|-heal|p2a: Kingambit|51/100|[from] item: Leftovers
|upkeep
|turn|22
|
|t:|1781415767
|-end|p2a: Kingambit|fallen1|[silent]
|switch|p2a: Pelipper|Pelipper, M|4/100
|-weather|RainDance|[from] ability: Drizzle|[of] p2a: Pelipper
|move|p1a: Zamazenta|Body Press|p2a: Pelipper
|-resisted|p2a: Pelipper
|-damage|p2a: Pelipper|0 fnt
|faint|p2a: Pelipper
|
|-weather|RainDance|[upkeep]
|-heal|p1a: Zamazenta|75/100|[from] item: Leftovers
|upkeep
|
|t:|1781415768
|switch|p2a: Barraskewda|Barraskewda, M|100/100
|turn|23
|
|t:|1781415769
|switch|p2a: Overqwil|Overqwil, F|29/100
|move|p1a: Zamazenta|Body Press|p2a: Overqwil
|-damage|p2a: Overqwil|0 fnt
|faint|p2a: Overqwil
|
|-weather|RainDance|[upkeep]
|-heal|p1a: Zamazenta|81/100|[from] item: Leftovers
|upkeep
|
|t:|1781415770
|switch|p2a: Barraskewda|Barraskewda, M|100/100
|turn|24
|
|t:|1781415771
|switch|p2a: Kingambit|Kingambit, F, tera:Dark|51/100
|-activate|p2a: Kingambit|ability: Supreme Overlord
|-start|p2a: Kingambit|fallen3|[silent]
|move|p1a: Zamazenta|Body Press|p2a: Kingambit
|-supereffective|p2a: Kingambit
|-damage|p2a: Kingambit|0 fnt
|faint|p2a: Kingambit
|-end|p2a: Kingambit|fallen3|[silent]
|
|-weather|RainDance|[upkeep]
|-heal|p1a: Zamazenta|87/100|[from] item: Leftovers
|upkeep
|
|t:|1781415772
|switch|p2a: Barraskewda|Barraskewda, M|100/100
|turn|25
|
|t:|1781415773
|switch|p2a: Iron Treads|Iron Treads|100/100
|-enditem|p2a: Iron Treads|Booster Energy
|-activate|p2a: Iron Treads|ability: Quark Drive|[fromitem]
|-start|p2a: Iron Treads|quarkdrivespe
|move|p1a: Zamazenta|Body Press|p2a: Iron Treads
|-supereffective|p2a: Iron Treads
|-damage|p2a: Iron Treads|0 fnt
|faint|p2a: Iron Treads
|-end|p2a: Iron Treads|Quark Drive|[silent]
|
|-weather|RainDance|[upkeep]
|-heal|p1a: Zamazenta|94/100|[from] item: Leftovers
|upkeep
|
|t:|1781415774
|switch|p2a: Barraskewda|Barraskewda, M|100/100
|turn|26
|
|t:|1781415775
|move|p2a: Barraskewda|Aqua Jet|p1a: Zamazenta
|-activate|p1a: Zamazenta|move: Substitute|[damage]
|move|p1a: Zamazenta|Body Press|p2a: Barraskewda
|-damage|p2a: Barraskewda|0 fnt
|faint|p2a: Barraskewda
|
|win|Jewgi_moto
|raw|Jewgi_moto's rating: 1563 &rarr; <strong>1584</strong><br />(+21 for winning)
|raw|LowEL0God's rating: 1584 &rarr; <strong>1563</strong><br />(-21 for losing)
|c|☆LowEL0God|gg
|l|☆LowEL0God
|player|p2|
|l|☆Jewgi_moto
|player|p1|
