|j|☆smokesniper3
|j|☆roddyj
|t:|1781472197
|gametype|singles
|player|p1|smokesniper3|veteran|1562
|player|p2|roddyj|ethan|1627
|gen|9
|tier|[Gen 9] OU
|rated|
|rule|HP Percentage Mod: HP is shown in percentages
|rule|Endless Battle Clause: Forcing endless battles is banned
|rule|Species Clause: Limit one of each Pokémon
|rule|OHKO Clause: OHKO moves are banned
|rule|Evasion Items Clause: Evasion items are banned
|rule|Evasion Moves Clause: Evasion moves are banned
|rule|Evasion Abilities Clause: Evasion abilities are banned
|rule|Sleep Moves Clause: Sleep-inducing moves are banned
|clearpoke
|poke|p1|Ninetales, M|
|poke|p1|Scovillain, F|
|poke|p1|Walking Wake|
|poke|p1|Great Tusk|
|poke|p1|Hatterene, F|
|poke|p1|Kingambit, F|
|poke|p2|Kommo-o, F|
|poke|p2|Serperior, M|
|poke|p2|Ogerpon-Wellspring, F|
|poke|p2|Weezing-Galar, M|
|poke|p2|Incineroar, M|
|poke|p2|Iron Crown|
|teampreview
|inactive|Battle timer is ON: inactive players will automatically lose when time's up. (requested by roddyj)
|j| Floraixen
|
|t:|1781472223
|teamsize|p1|6
|teamsize|p2|6
|start
|switch|p1a: Ninetales|Ninetales, M|100/100
|switch|p2a: Serperior|Serperior, M, shiny|100/100
|-weather|SunnyDay|[from] ability: Drought|[of] p1a: Ninetales
|turn|1
|
|t:|1781472238
|switch|p2a: Incineroar|Incineroar, M, shiny|100/100
|-ability|p2a: Incineroar|Intimidate|boost
|-unboost|p1a: Ninetales|atk|1
|switch|p1a: Hatterene|Hatterene, F|100/100
|
|-weather|SunnyDay|[upkeep]
|upkeep
|turn|2
|
|t:|1781472245
|move|p2a: Incineroar|Knock Off|p1a: Hatterene
|-damage|p1a: Hatterene|71/100
|-enditem|p1a: Hatterene|Eject Button|[from] move: Knock Off|[of] p2a: Incineroar
|move|p1a: Hatterene|Nuzzle|p2a: Incineroar
|-damage|p2a: Incineroar|97/100
|-status|p2a: Incineroar|par
|
|-weather|SunnyDay|[upkeep]
|upkeep
|turn|3
|
|t:|1781472262
|move|p1a: Hatterene|Dazzling Gleam|p2a: Incineroar
|-crit|p2a: Incineroar
|-damage|p2a: Incineroar|63/100 par
|move|p2a: Incineroar|Will-O-Wisp|p1a: Hatterene
|move|p1a: Hatterene|Will-O-Wisp||[from] ability: Magic Bounce|[still]
|-fail|p1a: Hatterene
|
|-weather|SunnyDay|[upkeep]
|upkeep
|turn|4
|
|t:|1781472269
|move|p1a: Hatterene|Dazzling Gleam|p2a: Incineroar
|-damage|p2a: Incineroar|38/100 par
|move|p2a: Incineroar|Temper Flare|p1a: Hatterene
|-damage|p1a: Hatterene|0 fnt
|faint|p1a: Hatterene
|
|-weather|SunnyDay|[upkeep]
|upkeep
|
|t:|1781472291
|switch|p1a: Scovillain|Scovillain, F|100/100
|turn|5
|inactive|roddyj has 120 seconds left.
|inactive|roddyj has 90 seconds left.
|inactive|roddyj has 60 seconds left.
|
|t:|1781472408
|move|p1a: Scovillain|Stomping Tantrum|p2a: Incineroar
|-supereffective|p2a: Incineroar
|-damage|p2a: Incineroar|0 fnt
|faint|p2a: Incineroar
|-damage|p1a: Scovillain|91/100|[from] item: Life Orb
|
|-weather|SunnyDay|[upkeep]
|upkeep
|
|t:|1781472415
|switch|p2a: Serperior|Serperior, M, shiny|100/100
|turn|6
|
|t:|1781472425
|move|p1a: Scovillain|Flamethrower|p2a: Serperior
|-supereffective|p2a: Serperior
|-damage|p2a: Serperior|0 fnt
|faint|p2a: Serperior
|-damage|p1a: Scovillain|81/100|[from] item: Life Orb
|
|-weather|SunnyDay|[upkeep]
|upkeep
|inactive|roddyj has 30 seconds left.
|
|t:|1781472451
|switch|p2a: Weezing|Weezing-Galar, M, shiny|100/100
|turn|7
|
|t:|1781472464
|move|p1a: Scovillain|Flamethrower|p2a: Weezing
|-damage|p2a: Weezing|0 fnt
|faint|p2a: Weezing
|-damage|p1a: Scovillain|71/100|[from] item: Life Orb
|
|-weather|SunnyDay|[upkeep]
|upkeep
|inactive|roddyj has 30 seconds left.
|
|t:|1781472480
|switch|p2a: Kommo-o|Kommo-o, F, shiny|100/100
|turn|8
|
|t:|1781472485
|switch|p1a: Great Tusk|Great Tusk|100/100
|-activate|p1a: Great Tusk|ability: Protosynthesis
|-start|p1a: Great Tusk|protosynthesisspe
|switch|p2a: Ogerpon|Ogerpon-Wellspring, F|100/100
|
|-weather|none
|-end|p1a: Great Tusk|Protosynthesis
|upkeep
|turn|9
|
|t:|1781472494
|-end|p1a: Great Tusk|Protosynthesis|[silent]
|switch|p1a: Ninetales|Ninetales, M|100/100
|-weather|SunnyDay|[from] ability: Drought|[of] p1a: Ninetales
|move|p2a: Ogerpon|Swords Dance|p2a: Ogerpon
|-boost|p2a: Ogerpon|atk|2
|
|-weather|SunnyDay|[upkeep]
|upkeep
|turn|10
|inactive|roddyj has 30 seconds left.
|inactive|roddyj has 20 seconds left.
|
|t:|1781472527
|move|p2a: Ogerpon|Ivy Cudgel|p1a: Ninetales|[anim] Ivy Cudgel Water
|-supereffective|p1a: Ninetales
|-crit|p1a: Ninetales
|-damage|p1a: Ninetales|0 fnt
|faint|p1a: Ninetales
|
|-weather|SunnyDay|[upkeep]
|upkeep
|
|t:|1781472533
|switch|p1a: Scovillain|Scovillain, F|71/100
|turn|11
|inactive|roddyj has 30 seconds left.
|
|t:|1781472546
|move|p1a: Scovillain|Flamethrower|p2a: Ogerpon
|-damage|p2a: Ogerpon|0 fnt
|faint|p2a: Ogerpon
|-damage|p1a: Scovillain|61/100|[from] item: Life Orb
|
|-weather|SunnyDay|[upkeep]
|upkeep
|inactive|roddyj has 30 seconds left.
|
|t:|1781472552
|switch|p2a: Kommo-o|Kommo-o, F, shiny|100/100
|turn|12
|inactive|roddyj has 30 seconds left.
|
|t:|1781472565
|switch|p1a: Great Tusk|Great Tusk|100/100
|-activate|p1a: Great Tusk|ability: Protosynthesis
|-start|p1a: Great Tusk|protosynthesisspe
|move|p2a: Kommo-o|Clangorous Soul|p2a: Kommo-o
|-boost|p2a: Kommo-o|atk|1
|-boost|p2a: Kommo-o|def|1
|-boost|p2a: Kommo-o|spa|1
|-boost|p2a: Kommo-o|spd|1
|-boost|p2a: Kommo-o|spe|1
|-damage|p2a: Kommo-o|68/100
|-enditem|p2a: Kommo-o|Throat Spray
|-boost|p2a: Kommo-o|spa|1|[from] item: Throat Spray
|
|-weather|SunnyDay|[upkeep]
|upkeep
|turn|13
|
|t:|1781472574
|-terastallize|p2a: Kommo-o|Normal
|move|p1a: Great Tusk|Ice Spinner|p2a: Kommo-o
|-damage|p2a: Kommo-o|56/100
|move|p2a: Kommo-o|Boomburst|p1a: Great Tusk
|-damage|p1a: Great Tusk|11/100
|
|-weather|SunnyDay|[upkeep]
|upkeep
|turn|14
|
|t:|1781472583
|move|p1a: Great Tusk|Headlong Rush|p2a: Kommo-o
|-damage|p2a: Kommo-o|28/100
|-unboost|p1a: Great Tusk|def|1
|-unboost|p1a: Great Tusk|spd|1
|move|p2a: Kommo-o|Boomburst|p1a: Great Tusk
|-damage|p1a: Great Tusk|0 fnt
|faint|p1a: Great Tusk
|-end|p1a: Great Tusk|Protosynthesis|[silent]
|
|-weather|SunnyDay|[upkeep]
|upkeep
|
|t:|1781472591
|switch|p1a: Scovillain|Scovillain, F|61/100
|turn|15
|
|t:|1781472596
|move|p1a: Scovillain|Flamethrower|p2a: Kommo-o
|-damage|p2a: Kommo-o|0 fnt
|faint|p2a: Kommo-o
|-damage|p1a: Scovillain|51/100|[from] item: Life Orb
|
|-weather|SunnyDay|[upkeep]
|upkeep
|
|t:|1781472599
|switch|p2a: Iron Crown|Iron Crown|100/100
|turn|16
|
|t:|1781472602
|-terastallize|p1a: Scovillain|Fire
|move|p1a: Scovillain|Flamethrower|p2a: Iron Crown
|-supereffective|p2a: Iron Crown
|-damage|p2a: Iron Crown|0 fnt
|faint|p2a: Iron Crown
|-end|p2a: Iron Crown|Quark Drive|[silent]
|-damage|p1a: Scovillain|41/100|[from] item: Life Orb
|
|win|smokesniper3
|raw|smokesniper3's rating: 1562 &rarr; <strong>1586</strong><br />(+24 for winning)
|raw|roddyj's rating: 1627 &rarr; <strong>1603</strong><br />(-24 for losing)
|l|☆roddyj
|player|p2|
|l|☆smokesniper3
|player|p1|
