|j|☆samohi0
|j|☆Belike
|t:|1781410212
|gametype|singles
|player|p1|samohi0|170|1649
|player|p2|Belike|rocketgrunt|1566
|gen|9
|tier|[Gen 9] OU
|rated|
|rule|HP Percentage Mod: HP is shown in percentages
|rule|Endless Battle Clause: Forcing endless battles is banned
|rule|Species Clause: Limit one of each Pokémon
|rule|OHKO Clause: OHKO moves are banned
|rule|Evasion Items Clause: Evasion items are banned
|rule|Evasion Moves Clause: Evasion moves are banned
|rule|Evasion Abilities Clause: Evasion abilities are banned
|rule|Sleep Moves Clause: Sleep-inducing moves are banned
|clearpoke
|poke|p1|Lokix, M|
|poke|p1|Iron Valiant|
|poke|p1|Alomomola, L99, F|
|poke|p1|Mandibuzz, F|
|poke|p1|Great Tusk|
|poke|p1|Gholdengo|
|poke|p2|Great Tusk|
|poke|p2|Deoxys-Speed|
|poke|p2|Hoopa-Unbound|
|poke|p2|Samurott-Hisui, M|
|poke|p2|Raging Bolt|
|poke|p2|Pecharunt|
|teampreview
|inactive|Battle timer is ON: inactive players will automatically lose when time's up. (requested by Belike)
|
|t:|1781410216
|teamsize|p1|6
|teamsize|p2|6
|start
|switch|p1a: Shining Agito|Lokix, M, shiny|100/100
|switch|p2a: Samurott|Samurott-Hisui, M|100/100
|turn|1
|
|t:|1781410219
|switch|p2a: Pecharunt|Pecharunt|100/100
|move|p1a: Shining Agito|U-turn|p2a: Pecharunt
|-resisted|p2a: Pecharunt
|-damage|p2a: Pecharunt|82/100
|-damage|p1a: Shining Agito|84/100|[from] item: Rocky Helmet|[of] p2a: Pecharunt
|
|t:|1781410225
|switch|p1a: MACHINE TORNADER|Gholdengo|100/100|[from] U-turn
|
|upkeep
|turn|2
|
|t:|1781410229
|switch|p2a: Hoopa|Hoopa-Unbound|100/100
|move|p1a: MACHINE TORNADER|Shadow Ball|p2a: Hoopa
|-damage|p2a: Hoopa|80/100
|
|upkeep
|turn|3
|
|t:|1781410234
|switch|p1a: Overlord|Mandibuzz, F|100/100
|move|p2a: Hoopa|Knock Off|p1a: Overlord
|-resisted|p1a: Overlord
|-damage|p1a: Overlord|86/100
|-enditem|p1a: Overlord|Heavy-Duty Boots|[from] move: Knock Off|[of] p2a: Hoopa
|
|upkeep
|turn|4
|
|t:|1781410238
|move|p1a: Overlord|U-turn|p2a: Hoopa
|-supereffective|p2a: Hoopa
|-damage|p2a: Hoopa|0 fnt
|faint|p2a: Hoopa
|
|t:|1781410245
|switch|p1a: G3-X|Iron Valiant, shiny|100/100|[from] U-turn
|
|upkeep
|
|t:|1781410248
|switch|p2a: Deoxys|Deoxys-Speed|100/100
|-ability|p2a: Deoxys|Pressure
|turn|5
|
|t:|1781410251
|-end|p1a: G3-X|Quark Drive|[silent]
|switch|p1a: Shining Agito|Lokix, M, shiny|84/100
|move|p2a: Deoxys|Ice Beam|p1a: Shining Agito
|-crit|p1a: Shining Agito
|-damage|p1a: Shining Agito|12/100
|
|upkeep
|turn|6
|
|t:|1781410256
|switch|p2a: Pecharunt|Pecharunt|82/100
|move|p1a: Shining Agito|First Impression|p2a: Pecharunt
|-resisted|p2a: Pecharunt
|-damage|p2a: Pecharunt|60/100
|-damage|p1a: Shining Agito|0 fnt|[from] item: Rocky Helmet|[of] p2a: Pecharunt
|faint|p1a: Shining Agito
|
|upkeep
|
|t:|1781410265
|switch|p1a: MACHINE TORNADER|Gholdengo|100/100
|turn|7
|
|t:|1781410269
|move|p1a: MACHINE TORNADER|Make It Rain|p2a: Pecharunt
|-damage|p2a: Pecharunt|0 fnt
|-unboost|p1a: MACHINE TORNADER|spa|1
|faint|p2a: Pecharunt
|
|upkeep
|
|t:|1781410274
|switch|p2a: Samurott|Samurott-Hisui, M|100/100
|turn|8
|
|t:|1781410278
|switch|p1a: G3-X|Iron Valiant, shiny|100/100
|move|p2a: Samurott|Ceaseless Edge|p1a: G3-X
|-resisted|p1a: G3-X
|-damage|p1a: G3-X|80/100
|-sidestart|p1: samohi0|Spikes
|
|upkeep
|turn|9
|
|t:|1781410286
|switch|p2a: Deoxys|Deoxys-Speed|100/100
|-ability|p2a: Deoxys|Pressure
|move|p1a: G3-X|Moonblast|p2a: Deoxys
|-damage|p2a: Deoxys|0 fnt
|faint|p2a: Deoxys
|
|upkeep
|
|t:|1781410292
|switch|p2a: Raging Bolt|Raging Bolt|100/100
|-enditem|p2a: Raging Bolt|Booster Energy
|-activate|p2a: Raging Bolt|ability: Protosynthesis|[fromitem]
|-start|p2a: Raging Bolt|protosynthesisspa
|turn|10
|
|t:|1781410305
|-end|p1a: G3-X|Quark Drive|[silent]
|switch|p1a: Gills Exceed|Great Tusk|100/100
|move|p2a: Raging Bolt|Thunderclap||[still]
|-fail|p2a: Raging Bolt
|
|upkeep
|turn|11
|
|t:|1781410311
|-terastallize|p2a: Raging Bolt|Flying
|move|p1a: Gills Exceed|Headlong Rush|p2a: Raging Bolt
|-immune|p2a: Raging Bolt
|move|p2a: Raging Bolt|Calm Mind|p2a: Raging Bolt
|-boost|p2a: Raging Bolt|spa|1
|-boost|p2a: Raging Bolt|spd|1
|
|upkeep
|turn|12
|
|t:|1781410314
|move|p1a: Gills Exceed|Ice Spinner|p2a: Raging Bolt
|-supereffective|p2a: Raging Bolt
|-damage|p2a: Raging Bolt|52/100
|move|p2a: Raging Bolt|Dragon Pulse|p1a: Gills Exceed
|-damage|p1a: Gills Exceed|0 fnt
|faint|p1a: Gills Exceed
|-end|p1a: Gills Exceed|Protosynthesis|[silent]
|
|upkeep
|
|t:|1781410318
|switch|p1a: Tetsuya Sawaki|Alomomola, L99, F|100/100
|-damage|p1a: Tetsuya Sawaki|88/100|[from] Spikes
|turn|13
|
|t:|1781410323
|-terastallize|p1a: Tetsuya Sawaki|Fairy
|move|p2a: Raging Bolt|Thunderbolt|p1a: Tetsuya Sawaki
|-damage|p1a: Tetsuya Sawaki|27/100
|move|p1a: Tetsuya Sawaki|Play Rough|p2a: Raging Bolt
|-damage|p2a: Raging Bolt|32/100
|
|upkeep
|turn|14
|
|t:|1781410327
|move|p2a: Raging Bolt|Thunderbolt|p1a: Tetsuya Sawaki
|-crit|p1a: Tetsuya Sawaki
|-damage|p1a: Tetsuya Sawaki|0 fnt
|faint|p1a: Tetsuya Sawaki
|
|upkeep
|
|t:|1781410328
|switch|p1a: MACHINE TORNADER|Gholdengo|100/100
|-damage|p1a: MACHINE TORNADER|88/100|[from] Spikes
|turn|15
|
|t:|1781410332
|move|p2a: Raging Bolt|Thunderclap|p1a: MACHINE TORNADER
|-damage|p1a: MACHINE TORNADER|0 fnt
|faint|p1a: MACHINE TORNADER
|
|upkeep
|
|t:|1781410336
|switch|p1a: G3-X|Iron Valiant, shiny|80/100
|-damage|p1a: G3-X|68/100|[from] Spikes
|turn|16
|
|t:|1781410339
|move|p2a: Raging Bolt|Thunderclap||[still]
|-fail|p2a: Raging Bolt
|move|p1a: G3-X|Trick|p2a: Raging Bolt
|-activate|p1a: G3-X|move: Trick|[of] p2a: Raging Bolt
|-item|p2a: Raging Bolt|Choice Specs|[from] move: Trick
|-enditem|p1a: G3-X|Choice Specs|[silent]|[from] move: Trick
|
|upkeep
|turn|17
|
|t:|1781410345
|-end|p1a: G3-X|Quark Drive|[silent]
|switch|p1a: Overlord|Mandibuzz, F|86/100
|move|p2a: Raging Bolt|Thunderbolt|p1a: Overlord
|-supereffective|p1a: Overlord
|-damage|p1a: Overlord|0 fnt
|faint|p1a: Overlord
|
|upkeep
|l|☆samohi0
|inactive|samohi0 disconnected and has a minute to reconnect!
|player|p1|
|inactive|samohi0 has 30 seconds to reconnect!
|inactive|samohi0 has 20 seconds to reconnect!
|inactive|samohi0 has 15 seconds to reconnect!
|inactive|samohi0 has 10 seconds to reconnect!
|inactive|samohi0 has 5 seconds to reconnect!
|-message|samohi0 lost due to inactivity.
|
|win|Belike
|raw|samohi0's rating: 1649 &rarr; <strong>1624</strong><br />(-25 for losing)
|raw|Belike's rating: 1566 &rarr; <strong>1591</strong><br />(+25 for winning)
|l|☆Belike
|player|p2|
