|j|☆uniandes5
|j|☆KurisuChestnutOU
|t:|1781108345
|gametype|singles
|player|p1|uniandes5|2|1543
|player|p2|KurisuChestnutOU|2|1543
|gen|9
|tier|[Gen 9] OU
|rated|
|rule|HP Percentage Mod: HP is shown in percentages
|rule|Endless Battle Clause: Forcing endless battles is banned
|rule|Species Clause: Limit one of each Pokémon
|rule|OHKO Clause: OHKO moves are banned
|rule|Evasion Items Clause: Evasion items are banned
|rule|Evasion Moves Clause: Evasion moves are banned
|rule|Evasion Abilities Clause: Evasion abilities are banned
|rule|Sleep Moves Clause: Sleep-inducing moves are banned
|clearpoke
|poke|p1|Grimmsnarl, M|
|poke|p1|Latias, F|
|poke|p1|Tinkaton, F|
|poke|p1|Volcanion|
|poke|p1|Mew|
|poke|p1|Dragapult, M|
|poke|p2|Kingambit, F|
|poke|p2|Kommo-o, F|
|poke|p2|Iron Valiant|
|poke|p2|Kyurem|
|poke|p2|Iron Treads|
|poke|p2|Iron Crown|
|teampreview
|inactive|Battle timer is ON: inactive players will automatically lose when time's up. (requested by KurisuChestnutOU)
|
|t:|1781108353
|teamsize|p1|6
|teamsize|p2|6
|start
|switch|p1a: Grimmsnarl|Grimmsnarl, M|100/100
|switch|p2a: Kyurem|Kyurem|100/100
|-ability|p2a: Kyurem|Pressure
|turn|1
|
|t:|1781108358
|switch|p2a: Kingambit|Kingambit, F|100/100
|move|p1a: Grimmsnarl|Light Screen|p1a: Grimmsnarl
|-sidestart|p1: uniandes5|move: Light Screen
|
|upkeep
|turn|2
|
|t:|1781108365
|move|p1a: Grimmsnarl|Reflect|p1a: Grimmsnarl
|-sidestart|p1: uniandes5|Reflect
|move|p2a: Kingambit|Swords Dance|p2a: Kingambit
|-boost|p2a: Kingambit|atk|2
|
|upkeep
|turn|3
|
|t:|1781108368
|switch|p1a: Volcanion|Volcanion|100/100
|move|p2a: Kingambit|Low Kick|p1a: Volcanion
|-damage|p1a: Volcanion|74/100
|
|upkeep
|turn|4
|
|t:|1781108375
|-end|p2a: Kingambit|fallenundefined|[silent]
|switch|p2a: Kommo-o|Kommo-o, F|100/100
|move|p1a: Volcanion|Flamethrower|p2a: Kommo-o
|-resisted|p2a: Kommo-o
|-damage|p2a: Kommo-o|78/100
|
|-heal|p2a: Kommo-o|84/100|[from] item: Leftovers
|upkeep
|turn|5
|
|t:|1781108380
|switch|p1a: Mew|Mew|100/100
|move|p2a: Kommo-o|Clangorous Soul|p2a: Kommo-o
|-boost|p2a: Kommo-o|atk|1
|-boost|p2a: Kommo-o|def|1
|-boost|p2a: Kommo-o|spa|1
|-boost|p2a: Kommo-o|spd|1
|-boost|p2a: Kommo-o|spe|1
|-damage|p2a: Kommo-o|51/100
|
|-heal|p2a: Kommo-o|58/100|[from] item: Leftovers
|upkeep
|turn|6
|
|t:|1781108387
|move|p2a: Kommo-o|Substitute|p2a: Kommo-o
|-start|p2a: Kommo-o|Substitute
|-damage|p2a: Kommo-o|33/100
|move|p1a: Mew|Dragon Dance|p1a: Mew
|-boost|p1a: Mew|atk|1
|-boost|p1a: Mew|spe|1
|
|-heal|p2a: Kommo-o|39/100|[from] item: Leftovers
|upkeep
|turn|7
|
|t:|1781108394
|-terastallize|p2a: Kommo-o|Ghost
|move|p2a: Kommo-o|Shadow Claw|p1a: Mew
|-supereffective|p1a: Mew
|-damage|p1a: Mew|75/100
|-enditem|p1a: Mew|Weakness Policy
|-boost|p1a: Mew|atk|2|[from] item: Weakness Policy
|-boost|p1a: Mew|spa|2|[from] item: Weakness Policy
|move|p1a: Mew|Dragon Dance|p1a: Mew
|-boost|p1a: Mew|atk|1
|-boost|p1a: Mew|spe|1
|
|-heal|p2a: Kommo-o|45/100|[from] item: Leftovers
|upkeep
|turn|8
|
|t:|1781108399
|move|p1a: Mew|Stored Power|p2a: Kommo-o
|-crit|p2a: Kommo-o
|-end|p2a: Kommo-o|Substitute
|move|p2a: Kommo-o|Shadow Claw|p1a: Mew
|-supereffective|p1a: Mew
|-damage|p1a: Mew|48/100
|
|-heal|p2a: Kommo-o|51/100|[from] item: Leftovers
|-sideend|p1: uniandes5|move: Light Screen
|upkeep
|turn|9
|
|t:|1781108405
|move|p1a: Mew|Stored Power|p2a: Kommo-o
|-damage|p2a: Kommo-o|0 fnt
|faint|p2a: Kommo-o
|
|-sideend|p1: uniandes5|Reflect
|upkeep
|
|t:|1781108409
|switch|p2a: Kingambit|Kingambit, F|100/100
|-activate|p2a: Kingambit|ability: Supreme Overlord
|-start|p2a: Kingambit|fallen1|[silent]
|turn|10
|
|t:|1781108415
|-terastallize|p1a: Mew|Fighting
|move|p2a: Kingambit|Sucker Punch|p1a: Mew
|-resisted|p1a: Mew
|-damage|p1a: Mew|34/100
|move|p1a: Mew|Drain Punch|p2a: Kingambit
|-supereffective|p2a: Kingambit
|-damage|p2a: Kingambit|0 fnt
|-heal|p1a: Mew|76/100|[from] drain|[of] p2a: Kingambit
|faint|p2a: Kingambit
|-end|p2a: Kingambit|fallen1|[silent]
|
|upkeep
|
|t:|1781108421
|switch|p2a: Iron Crown|Iron Crown|100/100
|-enditem|p2a: Iron Crown|Booster Energy
|-activate|p2a: Iron Crown|ability: Quark Drive|[fromitem]
|-start|p2a: Iron Crown|quarkdrivespe
|turn|11
|
|t:|1781108427
|move|p2a: Iron Crown|Psychic Noise|p1a: Mew
|-supereffective|p1a: Mew
|-damage|p1a: Mew|7/100
|-start|p1a: Mew|move: Heal Block
|cant|p1a: Mew|move: Heal Block|Drain Punch
|
|upkeep
|turn|12
|
|t:|1781108432
|move|p2a: Iron Crown|Psychic Noise|p1a: Mew
|-supereffective|p1a: Mew
|-damage|p1a: Mew|0 fnt
|faint|p1a: Mew
|
|upkeep
|
|t:|1781108436
|switch|p1a: Tinkaton|Tinkaton, F|100/100
|-ability|p1a: Tinkaton|Mold Breaker
|turn|13
|
|t:|1781108441
|move|p2a: Iron Crown|Calm Mind|p2a: Iron Crown
|-boost|p2a: Iron Crown|spa|1
|-boost|p2a: Iron Crown|spd|1
|move|p1a: Tinkaton|Thunder Wave|p2a: Iron Crown
|-status|p2a: Iron Crown|par
|
|upkeep
|turn|14
|
|t:|1781108446
|cant|p2a: Iron Crown|par
|move|p1a: Tinkaton|Thunder Wave|p2a: Iron Crown
|-fail|p2a: Iron Crown|par
|
|upkeep
|turn|15
|
|t:|1781108453
|move|p2a: Iron Crown|Calm Mind|p2a: Iron Crown
|-boost|p2a: Iron Crown|spa|1
|-boost|p2a: Iron Crown|spd|1
|move|p1a: Tinkaton|Thunder Wave|p2a: Iron Crown
|-fail|p2a: Iron Crown|par
|
|upkeep
|turn|16
|
|t:|1781108461
|switch|p1a: Grimmsnarl|Grimmsnarl, M|100/100
|cant|p2a: Iron Crown|par
|
|upkeep
|turn|17
|
|t:|1781108465
|move|p1a: Grimmsnarl|Light Screen|p1a: Grimmsnarl
|-sidestart|p1: uniandes5|move: Light Screen
|move|p2a: Iron Crown|Tachyon Cutter|p1a: Grimmsnarl
|-supereffective|p1a: Grimmsnarl
|-damage|p1a: Grimmsnarl|61/100
|-supereffective|p1a: Grimmsnarl
|-damage|p1a: Grimmsnarl|21/100
|-hitcount|p1a: Grimmsnarl|2
|
|upkeep
|turn|18
|
|t:|1781108471
|move|p1a: Grimmsnarl|Reflect|p1a: Grimmsnarl
|-sidestart|p1: uniandes5|Reflect
|cant|p2a: Iron Crown|par
|
|upkeep
|turn|19
|
|t:|1781108477
|switch|p1a: Dragapult|Dragapult, M|100/100
|move|p2a: Iron Crown|Calm Mind|p2a: Iron Crown
|-boost|p2a: Iron Crown|spa|1
|-boost|p2a: Iron Crown|spd|1
|
|upkeep
|turn|20
|
|t:|1781108482
|move|p1a: Dragapult|Hex|p2a: Iron Crown
|-supereffective|p2a: Iron Crown
|-damage|p2a: Iron Crown|58/100 par
|move|p2a: Iron Crown|Tachyon Cutter|p1a: Dragapult
|-damage|p1a: Dragapult|58/100
|-damage|p1a: Dragapult|17/100
|-hitcount|p1a: Dragapult|2
|
|upkeep
|turn|21
|
|t:|1781108489
|move|p1a: Dragapult|Hex|p2a: Iron Crown
|-supereffective|p2a: Iron Crown
|-crit|p2a: Iron Crown
|-damage|p2a: Iron Crown|0 fnt
|faint|p2a: Iron Crown
|-end|p2a: Iron Crown|Quark Drive|[silent]
|
|upkeep
|
|t:|1781108493
|switch|p2a: Iron Treads|Iron Treads|100/100
|-enditem|p2a: Iron Treads|Booster Energy
|-activate|p2a: Iron Treads|ability: Quark Drive|[fromitem]
|-start|p2a: Iron Treads|quarkdrivespe
|turn|22
|
|t:|1781108500
|move|p2a: Iron Treads|Earthquake|p1a: Dragapult
|-damage|p1a: Dragapult|0 fnt
|faint|p1a: Dragapult
|
|upkeep
|
|t:|1781108503
|switch|p1a: Volcanion|Volcanion|74/100
|turn|23
|
|t:|1781108507
|move|p2a: Iron Treads|Stealth Rock|p1a: Volcanion
|-sidestart|p1: uniandes5|move: Stealth Rock
|move|p1a: Volcanion|Flamethrower|p2a: Iron Treads
|-supereffective|p2a: Iron Treads
|-damage|p2a: Iron Treads|0 fnt
|faint|p2a: Iron Treads
|-end|p2a: Iron Treads|Quark Drive|[silent]
|
|upkeep
|
|t:|1781108511
|switch|p2a: Iron Valiant|Iron Valiant|100/100
|-enditem|p2a: Iron Valiant|Booster Energy
|-activate|p2a: Iron Valiant|ability: Quark Drive|[fromitem]
|-start|p2a: Iron Valiant|quarkdrivespe
|turn|24
|
|t:|1781108514
|move|p2a: Iron Valiant|Calm Mind|p2a: Iron Valiant
|-boost|p2a: Iron Valiant|spa|1
|-boost|p2a: Iron Valiant|spd|1
|move|p1a: Volcanion|Steam Eruption|p2a: Iron Valiant
|-damage|p2a: Iron Valiant|35/100
|
|-sideend|p1: uniandes5|move: Light Screen
|upkeep
|turn|25
|
|t:|1781108519
|move|p2a: Iron Valiant|Focus Blast|p1a: Volcanion
|-damage|p1a: Volcanion|0 fnt
|faint|p1a: Volcanion
|
|-sideend|p1: uniandes5|Reflect
|upkeep
|
|t:|1781108522
|switch|p1a: Tinkaton|Tinkaton, F|100/100
|-damage|p1a: Tinkaton|94/100|[from] Stealth Rock
|-ability|p1a: Tinkaton|Mold Breaker
|turn|26
|
|t:|1781108526
|move|p2a: Iron Valiant|Focus Blast|p1a: Tinkaton
|-damage|p1a: Tinkaton|14/100
|-enditem|p1a: Tinkaton|Red Card|[of] p2a: Iron Valiant
|-end|p2a: Iron Valiant|Quark Drive|[silent]
|drag|p2a: Kyurem|Kyurem|100/100
|-ability|p2a: Kyurem|Pressure
|move|p1a: Tinkaton|Thunder Wave|p2a: Kyurem
|-status|p2a: Kyurem|par
|
|upkeep
|turn|27
|
|t:|1781108531
|move|p1a: Tinkaton|Knock Off|p2a: Kyurem
|-damage|p2a: Kyurem|78/100 par
|-enditem|p2a: Kyurem|Loaded Dice|[from] move: Knock Off|[of] p1a: Tinkaton
|move|p2a: Kyurem|Dragon Dance|p2a: Kyurem
|-boost|p2a: Kyurem|atk|1
|-boost|p2a: Kyurem|spe|1
|
|upkeep
|turn|28
|
|t:|1781108538
|move|p2a: Kyurem|Icicle Spear|p1a: Tinkaton
|-resisted|p1a: Tinkaton
|-damage|p1a: Tinkaton|3/100
|-resisted|p1a: Tinkaton
|-damage|p1a: Tinkaton|0 fnt
|faint|p1a: Tinkaton
|-hitcount|p1: Tinkaton|2
|
|upkeep
|
|t:|1781108541
|switch|p1a: Grimmsnarl|Grimmsnarl, M|21/100
|-damage|p1a: Grimmsnarl|8/100|[from] Stealth Rock
|turn|29
|
|t:|1781108545
|move|p1a: Grimmsnarl|Reflect|p1a: Grimmsnarl
|-sidestart|p1: uniandes5|Reflect
|cant|p2a: Kyurem|par
|
|upkeep
|turn|30
|
|t:|1781108548
|move|p1a: Grimmsnarl|Taunt|p2a: Kyurem
|-start|p2a: Kyurem|move: Taunt
|cant|p2a: Kyurem|move: Taunt|Dragon Dance
|
|upkeep
|turn|31
|
|t:|1781108552
|move|p1a: Grimmsnarl|Light Screen|p1a: Grimmsnarl
|-sidestart|p1: uniandes5|move: Light Screen
|cant|p2a: Kyurem|par
|
|upkeep
|turn|32
|
|t:|1781108556
|move|p1a: Grimmsnarl|Taunt||[still]
|-fail|p1a: Grimmsnarl
|move|p2a: Kyurem|Icicle Spear|p1a: Grimmsnarl
|-damage|p1a: Grimmsnarl|0 fnt
|faint|p1a: Grimmsnarl
|-hitcount|p1: Grimmsnarl|1
|
|-end|p2a: Kyurem|move: Taunt
|upkeep
|
|t:|1781108558
|switch|p1a: Latias|Latias, F|100/100
|-damage|p1a: Latias|88/100|[from] Stealth Rock
|turn|33
|
|t:|1781108564
|move|p1a: Latias|Aura Sphere|p2a: Kyurem
|-supereffective|p2a: Kyurem
|-damage|p2a: Kyurem|37/100 par
|move|p2a: Kyurem|Icicle Spear|p1a: Latias
|-supereffective|p1a: Latias
|-damage|p1a: Latias|75/100
|-supereffective|p1a: Latias
|-damage|p1a: Latias|61/100
|-supereffective|p1a: Latias
|-damage|p1a: Latias|46/100
|-hitcount|p1a: Latias|3
|
|upkeep
|turn|34
|
|t:|1781108569
|switch|p2a: Iron Valiant|Iron Valiant|35/100
|move|p1a: Latias|Recover|p1a: Latias
|-heal|p1a: Latias|96/100
|
|upkeep
|turn|35
|
|t:|1781108574
|move|p2a: Iron Valiant|Calm Mind|p2a: Iron Valiant
|-boost|p2a: Iron Valiant|spa|1
|-boost|p2a: Iron Valiant|spd|1
|move|p1a: Latias|Stored Power|p2a: Iron Valiant
|-supereffective|p2a: Iron Valiant
|-damage|p2a: Iron Valiant|14/100
|
|upkeep
|turn|36
|
|t:|1781108577
|move|p2a: Iron Valiant|Moonblast|p1a: Latias
|-supereffective|p1a: Latias
|-damage|p1a: Latias|48/100
|move|p1a: Latias|Stored Power|p2a: Iron Valiant
|-supereffective|p2a: Iron Valiant
|-damage|p2a: Iron Valiant|0 fnt
|faint|p2a: Iron Valiant
|-end|p2a: Iron Valiant|Quark Drive|[silent]
|
|-sideend|p1: uniandes5|Reflect
|upkeep
|
|t:|1781108584
|switch|p2a: Kyurem|Kyurem|37/100 par
|-ability|p2a: Kyurem|Pressure
|turn|37
|
|t:|1781108591
|move|p1a: Latias|Aura Sphere|p2a: Kyurem
|-supereffective|p2a: Kyurem
|-damage|p2a: Kyurem|0 fnt
|faint|p2a: Kyurem
|
|win|uniandes5
|raw|uniandes5's rating: 1543 &rarr; <strong>1563</strong><br />(+20 for winning)
|raw|KurisuChestnutOU's rating: 1543 &rarr; <strong>1523</strong><br />(-20 for losing)
|l|☆KurisuChestnutOU
|player|p2|
|l|☆uniandes5
|player|p1|
