|badge|p2|bronze|gen9randombattle|100-9
|badge|p2|bronze|gen9ubers|100-9
|uhtml|medal-msg|<div class="broadcast-blue">Curious what those medals under the avatar are? PS now has Ladder Seasons! For more information, check out the <a href="https://www.smogon.com/forums/threads/3740067/">thread on Smogon.</a></div>
|j|☆PlashShlate
|j|☆oddishlover4
|t:|1781329020
|gametype|singles
|player|p1|PlashShlate|shadowtriad|1644
|player|p2|oddishlover4|acetrainerf|1723
|gen|9
|tier|[Gen 9] OU
|rated|
|rule|HP Percentage Mod: HP is shown in percentages
|rule|Endless Battle Clause: Forcing endless battles is banned
|rule|Species Clause: Limit one of each Pokémon
|rule|OHKO Clause: OHKO moves are banned
|rule|Evasion Items Clause: Evasion items are banned
|rule|Evasion Moves Clause: Evasion moves are banned
|rule|Evasion Abilities Clause: Evasion abilities are banned
|rule|Sleep Moves Clause: Sleep-inducing moves are banned
|clearpoke
|poke|p1|Landorus-Therian, M|
|poke|p1|Gholdengo|
|poke|p1|Rillaboom, M|
|poke|p1|Walking Wake|
|poke|p1|Volcanion|
|poke|p1|Zamazenta-*|
|poke|p2|Kyurem|
|poke|p2|Hatterene, F|
|poke|p2|Darkrai|
|poke|p2|Great Tusk|
|poke|p2|Dragonite, F|
|poke|p2|Gholdengo|
|teampreview
|inactive|Battle timer is ON: inactive players will automatically lose when time's up. (requested by PlashShlate)
|c|☆PlashShlate|BETTER
|c|☆PlashShlate|nice ass team oddish
|c|☆PlashShlate|good job
|c|☆oddishlover4|gl/hf!
|inactive|oddishlover4 also wants the timer to be on.
|c|☆PlashShlate|glhf!
|inactive|PlashShlate has 120 seconds left.
|
|t:|1781329054
|teamsize|p1|6
|teamsize|p2|6
|start
|switch|p1a: Walking Wake|Walking Wake|100/100
|switch|p2a: Boompala|Kyurem|100/100
|-ability|p2a: Boompala|Pressure
|-enditem|p1a: Walking Wake|Booster Energy
|-activate|p1a: Walking Wake|ability: Protosynthesis|[fromitem]
|-start|p1a: Walking Wake|protosynthesisspa
|turn|1
|
|t:|1781329072
|-terastallize|p1a: Walking Wake|Fairy
|-terastallize|p2a: Boompala|Poison
|move|p1a: Walking Wake|Dragon Pulse|p2a: Boompala
|-damage|p2a: Boompala|59/100
|move|p2a: Boompala|Freeze-Dry|p1a: Walking Wake
|-damage|p1a: Walking Wake|56/100
|
|upkeep
|turn|2
|
|t:|1781329090
|move|p1a: Walking Wake|Surf|p2a: Boompala
|-damage|p2a: Boompala|14/100
|move|p2a: Boompala|Ice Beam|p1a: Walking Wake
|-damage|p1a: Walking Wake|0 fnt
|faint|p1a: Walking Wake
|-end|p1a: Walking Wake|Protosynthesis|[silent]
|
|upkeep
|
|t:|1781329102
|switch|p1a: Rillaboom|Rillaboom, M|100/100
|-fieldstart|move: Grassy Terrain|[from] ability: Grassy Surge|[of] p1a: Rillaboom
|turn|3
|
|t:|1781329121
|switch|p2a: Bluebeard's Wife|Dragonite, F|100/100
|move|p1a: Rillaboom|Grassy Glide|p2a: Bluebeard's Wife
|-resisted|p2a: Bluebeard's Wife
|-damage|p2a: Bluebeard's Wife|95/100
|-damage|p1a: Rillaboom|91/100|[from] item: Life Orb
|
|-heal|p1a: Rillaboom|97/100|[from] Grassy Terrain
|upkeep
|turn|4
|
|t:|1781329143
|move|p1a: Rillaboom|Knock Off|p2a: Bluebeard's Wife
|-damage|p2a: Bluebeard's Wife|53/100
|-enditem|p2a: Bluebeard's Wife|Heavy-Duty Boots|[from] move: Knock Off|[of] p1a: Rillaboom
|-damage|p1a: Rillaboom|87/100|[from] item: Life Orb
|move|p2a: Bluebeard's Wife|Fire Punch|p1a: Rillaboom
|-supereffective|p1a: Rillaboom
|-damage|p1a: Rillaboom|32/100
|
|-heal|p1a: Rillaboom|38/100|[from] Grassy Terrain
|upkeep
|turn|5
|inactive|oddishlover4 has 120 seconds left.
|
|t:|1781329162
|switch|p1a: Landorus|Landorus-Therian, M|100/100
|-ability|p1a: Landorus|Intimidate|boost
|-unboost|p2a: Bluebeard's Wife|atk|1
|move|p2a: Bluebeard's Wife|Roost|p2a: Bluebeard's Wife
|-heal|p2a: Bluebeard's Wife|100/100
|-singleturn|p2a: Bluebeard's Wife|move: Roost
|
|upkeep
|turn|6
|inactive|oddishlover4 has 120 seconds left.
|
|t:|1781329181
|switch|p2a: Fearless|Great Tusk|100/100
|move|p1a: Landorus|Stealth Rock|p2a: Fearless
|-sidestart|p2: oddishlover4|move: Stealth Rock
|
|upkeep
|turn|7
|inactive|oddishlover4 has 120 seconds left.
|
|t:|1781329199
|move|p1a: Landorus|U-turn|p2a: Fearless
|-resisted|p2a: Fearless
|-damage|p2a: Fearless|95/100
|
|t:|1781329204
|switch|p1a: Volcanion|Volcanion|100/100|[from] U-turn
|move|p2a: Fearless|Stealth Rock|p1a: Volcanion
|-sidestart|p1: PlashShlate|move: Stealth Rock
|
|-heal|p2a: Fearless|100/100|[from] Grassy Terrain
|-fieldend|move: Grassy Terrain
|upkeep
|turn|8
|inactive|oddishlover4 has 120 seconds left.
|
|t:|1781329222
|move|p2a: Fearless|Headlong Rush|p1a: Volcanion
|-supereffective|p1a: Volcanion
|-enditem|p1a: Volcanion|Shuca Berry|[eat]
|-enditem|p1a: Volcanion|Shuca Berry|[weaken]
|-damage|p1a: Volcanion|50/100
|-unboost|p2a: Fearless|def|1
|-unboost|p2a: Fearless|spd|1
|move|p1a: Volcanion|Steam Eruption|p2a: Fearless
|-supereffective|p2a: Fearless
|-damage|p2a: Fearless|0 fnt
|faint|p2a: Fearless
|-end|p2a: Fearless|Protosynthesis|[silent]
|
|upkeep
|
|t:|1781329241
|switch|p2a: Boompala|Kyurem, tera:Poison|14/100
|-damage|p2a: Boompala|2/100|[from] Stealth Rock
|-ability|p2a: Boompala|Pressure
|turn|9
|
|t:|1781329259
|move|p2a: Boompala|Freeze-Dry|p1a: Volcanion
|-damage|p1a: Volcanion|8/100
|move|p1a: Volcanion|Flamethrower|p2a: Boompala
|-damage|p2a: Boompala|0 fnt
|faint|p2a: Boompala
|
|upkeep
|inactive|oddishlover4 has 90 seconds left.
|
|t:|1781329277
|switch|p2a: Perfect Night|Darkrai|100/100
|-damage|p2a: Perfect Night|88/100|[from] Stealth Rock
|turn|10
|inactive|oddishlover4 has 90 seconds left.
|
|t:|1781329295
|move|p2a: Perfect Night|Dark Pulse|p1a: Volcanion
|-damage|p1a: Volcanion|0 fnt
|faint|p1a: Volcanion
|
|upkeep
|
|t:|1781329299
|switch|p1a: Rillaboom|Rillaboom, M|38/100
|-damage|p1a: Rillaboom|26/100|[from] Stealth Rock
|-fieldstart|move: Grassy Terrain|[from] ability: Grassy Surge|[of] p1a: Rillaboom
|turn|11
|inactive|oddishlover4 has 90 seconds left.
|
|t:|1781329317
|switch|p2a: Bluebeard's Wife|Dragonite, F|100/100
|-damage|p2a: Bluebeard's Wife|76/100|[from] Stealth Rock
|move|p1a: Rillaboom|Grassy Glide|p2a: Bluebeard's Wife
|-resisted|p2a: Bluebeard's Wife
|-damage|p2a: Bluebeard's Wife|64/100
|-damage|p1a: Rillaboom|16/100|[from] item: Life Orb
|
|-heal|p1a: Rillaboom|22/100|[from] Grassy Terrain
|upkeep
|turn|12
|
|t:|1781329336
|switch|p1a: Gholdengo|Gholdengo|100/100
|-damage|p1a: Gholdengo|94/100|[from] Stealth Rock
|-enditem|p1a: Gholdengo|Grassy Seed
|-boost|p1a: Gholdengo|def|1|[from] item: Grassy Seed
|move|p2a: Bluebeard's Wife|Roost|p2a: Bluebeard's Wife
|-heal|p2a: Bluebeard's Wife|100/100
|-singleturn|p2a: Bluebeard's Wife|move: Roost
|
|-heal|p1a: Gholdengo|100/100|[from] Grassy Terrain
|upkeep
|turn|13
|j| Bit_Crafter
|
|t:|1781329353
|move|p2a: Bluebeard's Wife|Dragon Dance|p2a: Bluebeard's Wife
|-boost|p2a: Bluebeard's Wife|atk|1
|-boost|p2a: Bluebeard's Wife|spe|1
|move|p1a: Gholdengo|Nasty Plot|p1a: Gholdengo
|-boost|p1a: Gholdengo|spa|2
|
|upkeep
|turn|14
|
|t:|1781329371
|move|p2a: Bluebeard's Wife|Fire Punch|p1a: Gholdengo
|-supereffective|p1a: Gholdengo
|-damage|p1a: Gholdengo|49/100
|move|p1a: Gholdengo|Shadow Ball|p2a: Bluebeard's Wife
|-damage|p2a: Bluebeard's Wife|68/100
|
|-heal|p1a: Gholdengo|55/100|[from] Grassy Terrain
|upkeep
|turn|15
|inactive|oddishlover4 has 60 seconds left.
|
|t:|1781329389
|move|p2a: Bluebeard's Wife|Fire Punch|p1a: Gholdengo
|-supereffective|p1a: Gholdengo
|-damage|p1a: Gholdengo|4/100
|move|p1a: Gholdengo|Shadow Ball|p2a: Bluebeard's Wife
|-damage|p2a: Bluebeard's Wife|0 fnt
|faint|p2a: Bluebeard's Wife
|
|-heal|p1a: Gholdengo|10/100|[from] Grassy Terrain
|-fieldend|move: Grassy Terrain
|upkeep
|inactive|oddishlover4 has 60 seconds left.
|
|t:|1781329407
|switch|p2a: Perfect Night|Darkrai|88/100
|-damage|p2a: Perfect Night|76/100|[from] Stealth Rock
|turn|16
|
|t:|1781329425
|move|p2a: Perfect Night|Ice Beam|p1a: Gholdengo
|-resisted|p1a: Gholdengo
|-damage|p1a: Gholdengo|0 fnt
|faint|p1a: Gholdengo
|
|upkeep
|
|t:|1781329427
|switch|p1a: Rillaboom|Rillaboom, M|22/100
|-damage|p1a: Rillaboom|10/100|[from] Stealth Rock
|-fieldstart|move: Grassy Terrain|[from] ability: Grassy Surge|[of] p1a: Rillaboom
|turn|17
|
|t:|1781329436
|move|p1a: Rillaboom|Grassy Glide|p2a: Perfect Night
|-damage|p2a: Perfect Night|6/100
|-damage|p1a: Rillaboom|0 fnt|[from] item: Life Orb
|faint|p1a: Rillaboom
|move|p2a: Perfect Night|Ice Beam|p1: Rillaboom|[notarget]
|-fail|p2a: Perfect Night
|
|-heal|p2a: Perfect Night|12/100|[from] Grassy Terrain
|upkeep
|
|t:|1781329439
|switch|p1a: Zamazenta|Zamazenta|100/100
|-damage|p1a: Zamazenta|94/100|[from] Stealth Rock
|-ability|p1a: Zamazenta|Dauntless Shield|boost
|-boost|p1a: Zamazenta|def|1
|turn|18
|
|t:|1781329448
|move|p2a: Perfect Night|Ice Beam|p1a: Zamazenta
|-damage|p1a: Zamazenta|64/100
|move|p1a: Zamazenta|Crunch|p2a: Perfect Night
|-resisted|p2a: Perfect Night
|-damage|p2a: Perfect Night|0 fnt
|faint|p2a: Perfect Night
|-damage|p1a: Zamazenta|54/100|[from] item: Life Orb
|
|-heal|p1a: Zamazenta|60/100|[from] Grassy Terrain
|upkeep
|inactive|oddishlover4 has 60 seconds left.
|
|t:|1781329464
|switch|p2a: Antifragile|Hatterene, F|100/100
|-damage|p2a: Antifragile|88/100|[from] Stealth Rock
|turn|19
|inactive|oddishlover4 has 60 seconds left.
|
|t:|1781329479
|move|p1a: Zamazenta|Heavy Slam|p2a: Antifragile
|-supereffective|p2a: Antifragile
|-damage|p2a: Antifragile|0 fnt
|-damage|p1a: Zamazenta|43/100|[from] item: Rocky Helmet|[of] p2a: Antifragile
|faint|p2a: Antifragile
|-damage|p1a: Zamazenta|33/100|[from] item: Life Orb
|
|-heal|p1a: Zamazenta|40/100|[from] Grassy Terrain
|upkeep
|
|t:|1781329492
|switch|p2a: Celebration|Gholdengo|100/100
|-damage|p2a: Celebration|94/100|[from] Stealth Rock
|turn|20
|
|t:|1781329499
|move|p1a: Zamazenta|Crunch|p2a: Celebration
|-supereffective|p2a: Celebration
|-damage|p2a: Celebration|36/100
|-damage|p1a: Zamazenta|30/100|[from] item: Life Orb
|move|p2a: Celebration|Shadow Ball|p1a: Zamazenta
|-damage|p1a: Zamazenta|0 fnt
|faint|p1a: Zamazenta
|
|-heal|p2a: Celebration|42/100|[from] Grassy Terrain
|upkeep
|
|t:|1781329502
|switch|p1a: Landorus|Landorus-Therian, M|100/100
|-damage|p1a: Landorus|88/100|[from] Stealth Rock
|-ability|p1a: Landorus|Intimidate|boost
|-unboost|p2a: Celebration|atk|1
|turn|21
|c|☆PlashShlate|gg oddish we're 1-1 now#
|
|t:|1781329505
|move|p1a: Landorus|Earth Power|p2a: Celebration
|-supereffective|p2a: Celebration
|-damage|p2a: Celebration|0 fnt
|faint|p2a: Celebration
|
|win|PlashShlate
|raw|PlashShlate's rating: 1644 &rarr; <strong>1668</strong><br />(+24 for winning)
|raw|oddishlover4's rating: 1723 &rarr; <strong>1699</strong><br />(-24 for losing)
|c|☆oddishlover4|GG!
|c|☆PlashShlate|great to play!
|l|☆PlashShlate
|player|p1|
