|j|☆ethereallovefr
|j|☆abhii.g
|t:|1781237337
|gametype|singles
|player|p1|ethereallovefr|169|1495
|player|p2|abhii.g|benga|1574
|gen|9
|tier|[Gen 9] OU
|rated|
|rule|HP Percentage Mod: HP is shown in percentages
|rule|Endless Battle Clause: Forcing endless battles is banned
|rule|Species Clause: Limit one of each Pokémon
|rule|OHKO Clause: OHKO moves are banned
|rule|Evasion Items Clause: Evasion items are banned
|rule|Evasion Moves Clause: Evasion moves are banned
|rule|Evasion Abilities Clause: Evasion abilities are banned
|rule|Sleep Moves Clause: Sleep-inducing moves are banned
|clearpoke
|poke|p1|Cresselia, F|
|poke|p1|Porygon2|
|poke|p1|Ursaluna, F|
|poke|p1|Crawdaunt, M|
|poke|p1|Iron Hands|
|poke|p1|Kingambit, M|
|poke|p2|Hoopa-Unbound|
|poke|p2|Pecharunt|
|poke|p2|Landorus-Therian, M|
|poke|p2|Cinderace, M|
|poke|p2|Alomomola, M|
|poke|p2|Iron Valiant|
|teampreview
|inactive|Battle timer is ON: inactive players will automatically lose when time's up. (requested by abhii.g)
|
|t:|1781237346
|teamsize|p1|6
|teamsize|p2|6
|start
|switch|p1a: 🤖|Porygon2|100/100
|switch|p2a: Hoopa|Hoopa-Unbound|100/100
|-ability|p1a: 🤖|Download|boost
|-boost|p1a: 🤖|atk|1
|turn|1
|
|t:|1781237352
|move|p2a: Hoopa|Knock Off|p1a: 🤖
|-damage|p1a: 🤖|41/100
|-enditem|p1a: 🤖|Eviolite|[from] move: Knock Off|[of] p2a: Hoopa
|move|p1a: 🤖|Trick Room|p1a: 🤖
|-fieldstart|move: Trick Room|[of] p1a: 🤖
|
|upkeep
|turn|2
|
|t:|1781237358
|move|p1a: 🤖|Recover|p1a: 🤖
|-heal|p1a: 🤖|91/100
|move|p2a: Hoopa|Knock Off|p1a: 🤖
|-damage|p1a: 🤖|32/100
|
|upkeep
|turn|3
|
|t:|1781237368
|switch|p1a: ✋👄✋|Iron Hands|100/100
|-enditem|p1a: ✋👄✋|Booster Energy
|-activate|p1a: ✋👄✋|ability: Quark Drive|[fromitem]
|-start|p1a: ✋👄✋|quarkdriveatk
|move|p2a: Hoopa|Knock Off|p1a: ✋👄✋
|-resisted|p1a: ✋👄✋
|-damage|p1a: ✋👄✋|82/100
|
|upkeep
|turn|4
|
|t:|1781237377
|switch|p2a: Landorus|Landorus-Therian, M, shiny|100/100
|-ability|p2a: Landorus|Intimidate|boost
|-unboost|p1a: ✋👄✋|atk|1
|move|p1a: ✋👄✋|Swords Dance|p1a: ✋👄✋
|-boost|p1a: ✋👄✋|atk|2
|
|upkeep
|turn|5
|
|t:|1781237383
|switch|p2a: Alomomola|Alomomola, M|100/100
|move|p1a: ✋👄✋|Ice Punch|p2a: Alomomola
|-resisted|p2a: Alomomola
|-damage|p2a: Alomomola|80/100
|
|-fieldend|move: Trick Room
|upkeep
|turn|6
|
|t:|1781237389
|move|p2a: Alomomola|Flip Turn|p1a: ✋👄✋
|-damage|p1a: ✋👄✋|70/100
|
|t:|1781237391
|switch|p2a: Landorus|Landorus-Therian, M, shiny|100/100|[from] Flip Turn
|-ability|p2a: Landorus|Intimidate|boost
|-unboost|p1a: ✋👄✋|atk|1
|move|p1a: ✋👄✋|Drain Punch|p2a: Landorus
|-resisted|p2a: Landorus
|-damage|p2a: Landorus|63/100
|-heal|p1a: ✋👄✋|82/100|[from] drain|[of] p2a: Landorus
|
|upkeep
|turn|7
|
|t:|1781237397
|move|p2a: Landorus|U-turn|p1a: ✋👄✋
|-resisted|p1a: ✋👄✋
|-damage|p1a: ✋👄✋|73/100
|
|t:|1781237400
|switch|p2a: Alomomola|Alomomola, M|100/100|[from] U-turn
|move|p1a: ✋👄✋|Ice Punch|p2a: Alomomola
|-resisted|p2a: Alomomola
|-damage|p2a: Alomomola|88/100
|
|upkeep
|turn|8
|
|t:|1781237403
|move|p2a: Alomomola|Flip Turn|p1a: ✋👄✋
|-damage|p1a: ✋👄✋|62/100
|
|t:|1781237407
|switch|p2a: Pecharunt|Pecharunt|100/100|[from] Flip Turn
|move|p1a: ✋👄✋|Swords Dance|p1a: ✋👄✋
|-boost|p1a: ✋👄✋|atk|2
|
|upkeep
|turn|9
|
|t:|1781237411
|move|p2a: Pecharunt|Malignant Chain|p1a: ✋👄✋
|-damage|p1a: ✋👄✋|35/100
|move|p1a: ✋👄✋|Wild Charge|p2a: Pecharunt
|-damage|p2a: Pecharunt|37/100
|-damage|p1a: ✋👄✋|24/100|[from] Recoil
|
|upkeep
|turn|10
|
|t:|1781237418
|move|p2a: Pecharunt|Recover|p2a: Pecharunt
|-heal|p2a: Pecharunt|87/100
|move|p1a: ✋👄✋|Wild Charge|p2a: Pecharunt
|-damage|p2a: Pecharunt|23/100
|-damage|p1a: ✋👄✋|12/100|[from] Recoil
|
|upkeep
|turn|11
|
|t:|1781237420
|move|p2a: Pecharunt|Recover|p2a: Pecharunt
|-heal|p2a: Pecharunt|74/100
|move|p1a: ✋👄✋|Wild Charge|p2a: Pecharunt
|-damage|p2a: Pecharunt|7/100
|-damage|p1a: ✋👄✋|0 fnt|[from] Recoil
|faint|p1a: ✋👄✋
|-end|p1a: ✋👄✋|Quark Drive|[silent]
|
|upkeep
|
|t:|1781237431
|switch|p1a: ⚔️|Kingambit, M|100/100
|-activate|p1a: ⚔️|ability: Supreme Overlord
|-start|p1a: ⚔️|fallen1|[silent]
|turn|12
|
|t:|1781237435
|move|p2a: Pecharunt|Parting Shot|p1a: ⚔️
|-unboost|p1a: ⚔️|atk|1
|-unboost|p1a: ⚔️|spa|1
|
|t:|1781237437
|switch|p2a: Alomomola|Alomomola, M|100/100|[from] Parting Shot
|move|p1a: ⚔️|Swords Dance|p1a: ⚔️
|-boost|p1a: ⚔️|atk|2
|
|upkeep
|turn|13
|
|t:|1781237441
|move|p2a: Alomomola|Flip Turn|p1a: ⚔️
|-crit|p1a: ⚔️
|-damage|p1a: ⚔️|82/100
|
|t:|1781237444
|switch|p2a: Landorus|Landorus-Therian, M, shiny|63/100|[from] Flip Turn
|-ability|p2a: Landorus|Intimidate|boost
|-unboost|p1a: ⚔️|atk|1
|move|p1a: ⚔️|Kowtow Cleave|p2a: Landorus
|-damage|p2a: Landorus|0 fnt
|faint|p2a: Landorus
|
|upkeep
|
|t:|1781237448
|switch|p2a: Hoopa|Hoopa-Unbound|100/100
|turn|14
|
|t:|1781237456
|move|p1a: ⚔️|Sucker Punch|p2a: Hoopa
|-damage|p2a: Hoopa|10/100
|move|p2a: Hoopa|Drain Punch|p1a: ⚔️
|-supereffective|p1a: ⚔️
|-damage|p1a: ⚔️|0 fnt
|-heal|p2a: Hoopa|63/100|[from] drain|[of] p1a: ⚔️
|faint|p1a: ⚔️
|-end|p1a: ⚔️|fallen1|[silent]
|
|upkeep
|
|t:|1781237463
|switch|p1a: 🤖|Porygon2|32/100
|-ability|p1a: 🤖|Download|boost
|-boost|p1a: 🤖|atk|1
|turn|15
|
|t:|1781237468
|-terastallize|p1a: 🤖|Poison
|move|p2a: Hoopa|Drain Punch|p1a: 🤖
|-resisted|p1a: 🤖
|-damage|p1a: 🤖|9/100
|-heal|p2a: Hoopa|74/100|[from] drain|[of] p1a: 🤖
|move|p1a: 🤖|Trick Room|p1a: 🤖
|-fieldstart|move: Trick Room|[of] p1a: 🤖
|
|upkeep
|turn|16
|
|t:|1781237473
|move|p1a: 🤖|Recover|p1a: 🤖
|-heal|p1a: 🤖|59/100
|move|p2a: Hoopa|Drain Punch|p1a: 🤖
|-resisted|p1a: 🤖
|-damage|p1a: 🤖|39/100
|-heal|p2a: Hoopa|85/100|[from] drain|[of] p1a: 🤖
|
|upkeep
|turn|17
|
|t:|1781237477
|move|p1a: 🤖|Recover|p1a: 🤖
|-heal|p1a: 🤖|89/100
|move|p2a: Hoopa|Drain Punch|p1a: 🤖
|-resisted|p1a: 🤖
|-damage|p1a: 🤖|67/100
|-heal|p2a: Hoopa|96/100|[from] drain|[of] p1a: 🤖
|
|upkeep
|turn|18
|
|t:|1781237482
|switch|p2a: Pecharunt|Pecharunt|7/100
|move|p1a: 🤖|Tri Attack|p2a: Pecharunt
|-immune|p2a: Pecharunt
|
|upkeep
|turn|19
|
|t:|1781237487
|move|p1a: 🤖|Ice Beam|p2a: Pecharunt
|-damage|p2a: Pecharunt|0 fnt
|faint|p2a: Pecharunt
|
|-fieldend|move: Trick Room
|upkeep
|
|t:|1781237489
|switch|p2a: Hoopa|Hoopa-Unbound|96/100
|turn|20
|
|t:|1781237494
|switch|p1a: 🦀|Crawdaunt, M, shiny|100/100
|move|p2a: Hoopa|Hyperspace Fury|p1a: 🦀
|-resisted|p1a: 🦀
|-damage|p1a: 🦀|45/100
|-unboost|p2a: Hoopa|def|1
|
|upkeep
|turn|21
|
|t:|1781237500
|switch|p2a: Alomomola|Alomomola, M|100/100
|move|p1a: 🦀|Aqua Jet|p2a: Alomomola
|-resisted|p2a: Alomomola
|-damage|p2a: Alomomola|88/100
|-damage|p1a: 🦀|35/100|[from] item: Life Orb
|
|upkeep
|turn|22
|
|t:|1781237504
|switch|p1a: 🌟|Cresselia, F, shiny|100/100
|move|p2a: Alomomola|Flip Turn|p1a: 🌟
|-damage|p1a: 🌟|90/100
|
|t:|1781237507
|switch|p2a: Hoopa|Hoopa-Unbound|96/100|[from] Flip Turn
|
|upkeep
|turn|23
|
|t:|1781237512
|move|p2a: Hoopa|Hyperspace Fury|p1a: 🌟
|-supereffective|p1a: 🌟
|-damage|p1a: 🌟|0 fnt
|-unboost|p2a: Hoopa|def|1
|faint|p1a: 🌟
|
|upkeep
|
|t:|1781237516
|switch|p1a: 🐾|Ursaluna, F, shiny|100/100
|turn|24
|
|t:|1781237526
|move|p2a: Hoopa|Hyperspace Fury|p1a: 🐾
|-damage|p1a: 🐾|33/100
|-unboost|p2a: Hoopa|def|1
|move|p1a: 🐾|Facade|p2a: Hoopa
|-damage|p2a: Hoopa|0 fnt
|faint|p2a: Hoopa
|
|-status|p1a: 🐾|brn|[from] item: Flame Orb
|upkeep
|
|t:|1781237529
|switch|p2a: Iron Valiant|Iron Valiant, shiny|100/100
|turn|25
|
|t:|1781237536
|move|p2a: Iron Valiant|Moonblast|p1a: 🐾
|-damage|p1a: 🐾|0 fnt
|faint|p1a: 🐾
|
|upkeep
|
|t:|1781237539
|switch|p1a: 🤖|Porygon2, tera:Poison|67/100
|-ability|p1a: 🤖|Download|boost
|-boost|p1a: 🤖|spa|1
|turn|26
|
|t:|1781237547
|-terastallize|p2a: Iron Valiant|Fairy
|move|p2a: Iron Valiant|Moonblast|p1a: 🤖
|-resisted|p1a: 🤖
|-damage|p1a: 🤖|16/100
|-unboost|p1a: 🤖|spa|1
|move|p1a: 🤖|Trick Room|p1a: 🤖
|-fieldstart|move: Trick Room|[of] p1a: 🤖
|
|upkeep
|turn|27
|
|t:|1781237557
|move|p1a: 🤖|Recover|p1a: 🤖
|-heal|p1a: 🤖|66/100
|move|p2a: Iron Valiant|Moonblast|p1a: 🤖
|-resisted|p1a: 🤖
|-damage|p1a: 🤖|11/100
|-unboost|p1a: 🤖|spa|1
|
|upkeep
|turn|28
|
|t:|1781237562
|-end|p2a: Iron Valiant|Quark Drive|[silent]
|switch|p2a: Alomomola|Alomomola, M|100/100
|move|p1a: 🤖|Tri Attack|p2a: Alomomola
|-damage|p2a: Alomomola|87/100
|
|upkeep
|turn|29
|
|t:|1781237568
|move|p1a: 🤖|Recover|p1a: 🤖
|-heal|p1a: 🤖|61/100
|move|p2a: Alomomola|Flip Turn|p1a: 🤖
|-damage|p1a: 🤖|47/100
|
|t:|1781237576
|switch|p2a: Liberacy|Cinderace, M|100/100|[from] Flip Turn
|
|upkeep
|turn|30
|
|t:|1781237579
|switch|p2a: Alomomola|Alomomola, M|100/100
|move|p1a: 🤖|Tri Attack|p2a: Alomomola
|-damage|p2a: Alomomola|88/100
|-status|p2a: Alomomola|frz
|
|-fieldend|move: Trick Room
|upkeep
|turn|31
|
|t:|1781237583
|cant|p2a: Alomomola|frz
|move|p1a: 🤖|Trick Room|p1a: 🤖
|-fieldstart|move: Trick Room|[of] p1a: 🤖
|
|upkeep
|turn|32
|
|t:|1781237586
|move|p1a: 🤖|Recover|p1a: 🤖
|-heal|p1a: 🤖|97/100
|cant|p2a: Alomomola|frz
|
|upkeep
|turn|33
|
|t:|1781237588
|switch|p1a: 🦀|Crawdaunt, M, shiny|35/100
|cant|p2a: Alomomola|frz
|
|upkeep
|turn|34
|
|t:|1781237591
|move|p1a: 🦀|Swords Dance|p1a: 🦀
|-boost|p1a: 🦀|atk|2
|cant|p2a: Alomomola|frz
|
|upkeep
|turn|35
|
|t:|1781237593
|move|p1a: 🦀|Knock Off|p2a: Alomomola
|-damage|p2a: Alomomola|0 fnt
|-enditem|p2a: Alomomola|Assault Vest|[from] move: Knock Off|[of] p1a: 🦀
|faint|p2a: Alomomola
|-damage|p1a: 🦀|25/100|[from] item: Life Orb
|
|-fieldend|move: Trick Room
|upkeep
|
|t:|1781237599
|switch|p2a: Iron Valiant|Iron Valiant, shiny, tera:Fairy|100/100
|turn|36
|
|t:|1781237600
|move|p2a: Iron Valiant|Vacuum Wave|p1a: 🦀
|-supereffective|p1a: 🦀
|-damage|p1a: 🦀|0 fnt
|faint|p1a: 🦀
|
|upkeep
|
|t:|1781237602
|switch|p1a: 🤖|Porygon2, tera:Poison|97/100
|-ability|p1a: 🤖|Download|boost
|-boost|p1a: 🤖|spa|1
|turn|37
|
|t:|1781237605
|-end|p2a: Iron Valiant|Quark Drive|[silent]
|switch|p2a: Liberacy|Cinderace, M|100/100
|move|p1a: 🤖|Trick Room|p1a: 🤖
|-fieldstart|move: Trick Room|[of] p1a: 🤖
|
|upkeep
|turn|38
|
|t:|1781237611
|move|p1a: 🤖|Tri Attack|p2a: Liberacy
|-damage|p2a: Liberacy|18/100
|move|p2a: Liberacy|Pyro Ball|p1a: 🤖|[miss]
|-miss|p2a: Liberacy|p1a: 🤖
|
|upkeep
|turn|39
|c|☆abhii.g|awesome hax
|c|☆abhii.g|well played
|
|t:|1781237623
|move|p1a: 🤖|Tri Attack|p2a: Liberacy
|-damage|p2a: Liberacy|0 fnt
|faint|p2a: Liberacy
|
|upkeep
|
|t:|1781237625
|switch|p2a: Iron Valiant|Iron Valiant, shiny, tera:Fairy|100/100
|turn|40
|c|☆ethereallovefr|What is hax
|
|t:|1781237636
|move|p1a: 🤖|Tri Attack|p2a: Iron Valiant
|-damage|p2a: Iron Valiant|5/100
|move|p2a: Iron Valiant|Moonblast|p1a: 🤖
|-resisted|p1a: 🤖
|-damage|p1a: 🤖|40/100
|
|upkeep
|turn|41
|c|☆abhii.g|what u just did
|
|t:|1781237643
|move|p1a: 🤖|Tri Attack|p2a: Iron Valiant
|-crit|p2a: Iron Valiant
|-damage|p2a: Iron Valiant|0 fnt
|faint|p2a: Iron Valiant
|-end|p2a: Iron Valiant|Quark Drive|[silent]
|
|win|ethereallovefr
|raw|ethereallovefr's rating: 1495 &rarr; <strong>1519</strong><br />(+24 for winning)
|raw|abhii.g's rating: 1574 &rarr; <strong>1550</strong><br />(-24 for losing)
|c|☆ethereallovefr|GG
|c|☆abhii.g|sure
|c|☆ethereallovefr|What did I just do
|c|☆ethereallovefr|I am confused
|c|☆abhii.g|wont exactly say that was a "good" game but sure
|l|☆abhii.g
|player|p2|
|c|☆ethereallovefr|Wait why
|l|☆ethereallovefr
|player|p1|
