|j|☆Kogasscarf
|j|☆lei54188
|t:|1781502071
|gametype|singles
|player|p1|Kogasscarf|koga|1599
|player|p2|lei54188|red|1546
|gen|9
|tier|[Gen 9] OU
|rated|
|rule|HP Percentage Mod: HP is shown in percentages
|rule|Endless Battle Clause: Forcing endless battles is banned
|rule|Species Clause: Limit one of each Pokémon
|rule|OHKO Clause: OHKO moves are banned
|rule|Evasion Items Clause: Evasion items are banned
|rule|Evasion Moves Clause: Evasion moves are banned
|rule|Evasion Abilities Clause: Evasion abilities are banned
|rule|Sleep Moves Clause: Sleep-inducing moves are banned
|clearpoke
|poke|p1|Iron Hands|
|poke|p1|Latios, M|
|poke|p1|Kingambit, M|
|poke|p1|Gholdengo|
|poke|p1|Great Tusk|
|poke|p1|Grimmsnarl, M|
|poke|p2|Moltres|
|poke|p2|Samurott-Hisui, M|
|poke|p2|Gholdengo|
|poke|p2|Serperior, F|
|poke|p2|Dragapult, M|
|poke|p2|Mamoswine, F|
|teampreview
|inactive|Battle timer is ON: inactive players will automatically lose when time's up. (requested by Kogasscarf)
|inactive|lei54188 also wants the timer to be on.
|inactive|Kogasscarf has 120 seconds left.
|
|t:|1781502130
|teamsize|p1|6
|teamsize|p2|6
|start
|switch|p1a: Great Tusk|Great Tusk|100/100
|switch|p2a: Mamoswine|Mamoswine, F|100/100
|turn|1
|inactive|lei54188 has 120 seconds left.
|
|t:|1781502183
|move|p1a: Great Tusk|Stealth Rock|p2a: Mamoswine
|-sidestart|p2: lei54188|move: Stealth Rock
|move|p2a: Mamoswine|Stealth Rock|p1a: Great Tusk
|-sidestart|p1: Kogasscarf|move: Stealth Rock
|
|upkeep
|turn|2
|inactive|lei54188 has 90 seconds left.
|
|t:|1781502206
|move|p1a: Great Tusk|Rapid Spin|p2a: Mamoswine
|-damage|p2a: Mamoswine|81/100
|-boost|p1a: Great Tusk|spe|1
|-sideend|p1: Kogasscarf|Stealth Rock|[from] move: Rapid Spin|[of] p1a: Great Tusk
|move|p2a: Mamoswine|Endeavor|p1a: Great Tusk
|-damage|p1a: Great Tusk|79/100
|
|upkeep
|turn|3
|inactive|lei54188 has 90 seconds left.
|
|t:|1781502222
|-end|p1a: Great Tusk|Protosynthesis|[silent]
|switch|p1a: Gholdengo|Gholdengo|100/100
|move|p2a: Mamoswine|Ice Shard|p1a: Gholdengo
|-resisted|p1a: Gholdengo
|-damage|p1a: Gholdengo|88/100
|
|upkeep
|turn|4
|
|t:|1781502230
|move|p1a: Gholdengo|Shadow Ball|p2a: Mamoswine
|-damage|p2a: Mamoswine|0 fnt
|faint|p2a: Mamoswine
|
|upkeep
|
|t:|1781502238
|switch|p2a: Samurott|Samurott-Hisui, M|100/100
|turn|5
|
|t:|1781502251
|switch|p1a: Grimmsnarl|Grimmsnarl, M|100/100
|move|p2a: Samurott|Ceaseless Edge|p1a: Grimmsnarl
|-resisted|p1a: Grimmsnarl
|-damage|p1a: Grimmsnarl|85/100
|-sidestart|p1: Kogasscarf|Spikes
|
|upkeep
|turn|6
|
|t:|1781502258
|move|p1a: Grimmsnarl|Reflect|p1a: Grimmsnarl
|-sidestart|p1: Kogasscarf|Reflect
|move|p2a: Samurott|Flip Turn|p1a: Grimmsnarl
|-damage|p1a: Grimmsnarl|68/100
|
|t:|1781502267
|switch|p2a: Gholdengo|Gholdengo|100/100|[from] Flip Turn
|-damage|p2a: Gholdengo|94/100|[from] Stealth Rock
|-item|p2a: Gholdengo|Air Balloon
|
|upkeep
|turn|7
|
|t:|1781502271
|move|p2a: Gholdengo|Make It Rain|p1a: Grimmsnarl
|-supereffective|p1a: Grimmsnarl
|-crit|p1a: Grimmsnarl
|-damage|p1a: Grimmsnarl|0 fnt
|-unboost|p2a: Gholdengo|spa|1
|faint|p1a: Grimmsnarl
|
|upkeep
|
|t:|1781502282
|switch|p1a: Latios|Latios, M|100/100
|turn|8
|
|t:|1781502292
|switch|p2a: Samurott|Samurott-Hisui, M|100/100
|move|p1a: Latios|Agility|p1a: Latios
|-boost|p1a: Latios|spe|2
|
|upkeep
|turn|9
|inactive|lei54188 has 120 seconds left.
|
|t:|1781502321
|move|p1a: Latios|Calm Mind|p1a: Latios
|-boost|p1a: Latios|spa|1
|-boost|p1a: Latios|spd|1
|move|p2a: Samurott|Ceaseless Edge|p1a: Latios
|-supereffective|p1a: Latios
|-damage|p1a: Latios|38/100
|-enditem|p1a: Latios|Weakness Policy
|-boost|p1a: Latios|atk|2|[from] item: Weakness Policy
|-boost|p1a: Latios|spa|2|[from] item: Weakness Policy
|-sidestart|p1: Kogasscarf|Spikes
|
|upkeep
|turn|10
|
|t:|1781502332
|-terastallize|p1a: Latios|Poison
|-terastallize|p2a: Samurott|Fairy
|move|p1a: Latios|Aura Sphere|p2a: Samurott
|-resisted|p2a: Samurott
|-damage|p2a: Samurott|52/100
|move|p2a: Samurott|Ceaseless Edge|p1a: Latios
|-damage|p1a: Latios|8/100
|-sidestart|p1: Kogasscarf|Spikes
|
|upkeep
|turn|11
|inactive|lei54188 has 120 seconds left.
|
|t:|1781502361
|move|p1a: Latios|Stored Power|p2a: Samurott
|-crit|p2a: Samurott
|-damage|p2a: Samurott|0 fnt
|faint|p2a: Samurott
|
|upkeep
|inactive|lei54188 has 90 seconds left.
|
|t:|1781502381
|switch|p2a: Gholdengo|Gholdengo|94/100
|-damage|p2a: Gholdengo|88/100|[from] Stealth Rock
|-item|p2a: Gholdengo|Air Balloon
|turn|12
|
|t:|1781502385
|move|p1a: Latios|Stored Power|p2a: Gholdengo
|-resisted|p2a: Gholdengo
|-damage|p2a: Gholdengo|0 fnt
|-enditem|p2a: Gholdengo|Air Balloon
|faint|p2a: Gholdengo
|
|upkeep
|inactive|lei54188 has 90 seconds left.
|-message|lei54188 forfeited.
|
|win|Kogasscarf
|raw|Kogasscarf's rating: 1599 &rarr; <strong>1616</strong><br />(+17 for winning)
|raw|lei54188's rating: 1546 &rarr; <strong>1529</strong><br />(-17 for losing)
|l|☆lei54188
|player|p2|
|l|☆Kogasscarf
|player|p1|
