|j|☆Slashutu
|j|☆team10thPlanet
|t:|1780954397
|gametype|singles
|player|p1|Slashutu|102|1591
|player|p2|team10thPlanet|veteran|1639
|gen|9
|tier|[Gen 9] OU
|rated|
|rule|HP Percentage Mod: HP is shown in percentages
|rule|Endless Battle Clause: Forcing endless battles is banned
|rule|Species Clause: Limit one of each Pokémon
|rule|OHKO Clause: OHKO moves are banned
|rule|Evasion Items Clause: Evasion items are banned
|rule|Evasion Moves Clause: Evasion moves are banned
|rule|Evasion Abilities Clause: Evasion abilities are banned
|rule|Sleep Moves Clause: Sleep-inducing moves are banned
|clearpoke
|poke|p1|Ting-Lu|
|poke|p1|Gliscor, M|
|poke|p1|Sinistcha-Masterpiece|
|poke|p1|Keldeo|
|poke|p1|Tinkaton, F|
|poke|p1|Dragonite, F|
|poke|p2|Zamazenta-*|
|poke|p2|Dragonite, M|
|poke|p2|Araquanid, M|
|poke|p2|Iron Treads|
|poke|p2|Hoopa-Unbound|
|poke|p2|Enamorus, F|
|teampreview
|
|t:|1780954408
|teamsize|p1|6
|teamsize|p2|6
|start
|switch|p1a: Tinkki Minaj|Tinkaton, F|100/100
|switch|p2a: Hoopa|Hoopa-Unbound|100/100
|-ability|p1a: Tinkki Minaj|Mold Breaker
|-item|p1a: Tinkki Minaj|Air Balloon
|turn|1
|
|t:|1780954426
|move|p2a: Hoopa|Thunderbolt|p1a: Tinkki Minaj
|-damage|p1a: Tinkki Minaj|69/100
|-enditem|p1a: Tinkki Minaj|Air Balloon
|move|p1a: Tinkki Minaj|Stealth Rock|p2a: Hoopa
|-sidestart|p2: team10thPlanet|move: Stealth Rock
|
|upkeep
|turn|2
|
|t:|1780954444
|switch|p2a: Iron Treads|Iron Treads|100/100
|-damage|p2a: Iron Treads|97/100|[from] Stealth Rock
|-enditem|p2a: Iron Treads|Booster Energy
|-activate|p2a: Iron Treads|ability: Quark Drive|[fromitem]
|-start|p2a: Iron Treads|quarkdrivespe
|move|p1a: Tinkki Minaj|Thunder Wave|p2a: Iron Treads
|-immune|p2a: Iron Treads
|
|upkeep
|turn|3
|
|t:|1780954453
|switch|p1a: Tchavis Scott|Sinistcha-Masterpiece|100/100
|move|p2a: Iron Treads|Ice Spinner|p1a: Tchavis Scott
|-supereffective|p1a: Tchavis Scott
|-damage|p1a: Tchavis Scott|69/100
|
|upkeep
|turn|4
|j| Nachoboroooo
|
|t:|1780954470
|-end|p2a: Iron Treads|Quark Drive|[silent]
|switch|p2a: Hoopa|Hoopa-Unbound|100/100
|-damage|p2a: Hoopa|88/100|[from] Stealth Rock
|move|p1a: Tchavis Scott|Matcha Gotcha|p2a: Hoopa
|-damage|p2a: Hoopa|57/100
|-heal|p1a: Tchavis Scott|82/100|[from] drain|[of] p2a: Hoopa
|
|upkeep
|turn|5
|j| nepturee
|
|t:|1780954484
|switch|p1a: Jarhead|Ting-Lu|100/100
|-ability|p1a: Jarhead|Vessel of Ruin
|move|p2a: Hoopa|Knock Off|p1a: Jarhead
|-resisted|p1a: Jarhead
|-damage|p1a: Jarhead|89/100
|-enditem|p1a: Jarhead|Leftovers|[from] move: Knock Off|[of] p2a: Hoopa
|
|upkeep
|turn|6
|
|t:|1780954495
|switch|p2a: Johnny Tsunami 🌊|Araquanid, M|100/100
|-damage|p2a: Johnny Tsunami 🌊|75/100|[from] Stealth Rock
|move|p1a: Jarhead|Spikes|p2a: Johnny Tsunami 🌊
|-sidestart|p2: team10thPlanet|Spikes
|
|upkeep
|turn|7
|
|t:|1780954503
|move|p1a: Jarhead|Ruination|p2a: Johnny Tsunami 🌊
|-damage|p2a: Johnny Tsunami 🌊|38/100
|move|p2a: Johnny Tsunami 🌊|Sticky Web|p1a: Jarhead
|-sidestart|p1: Slashutu|move: Sticky Web
|
|upkeep
|turn|8
|l| Nachoboroooo
|
|t:|1780954517
|switch|p1a: Tchavis Scott|Sinistcha-Masterpiece|82/100
|move|p2a: Johnny Tsunami 🌊|Endeavor|p1a: Tchavis Scott
|-immune|p1a: Tchavis Scott
|
|upkeep
|turn|9
|
|t:|1780954527
|move|p1a: Tchavis Scott|Calm Mind|p1a: Tchavis Scott
|-boost|p1a: Tchavis Scott|spa|1
|-boost|p1a: Tchavis Scott|spd|1
|move|p2a: Johnny Tsunami 🌊|Surf|p1a: Tchavis Scott
|-resisted|p1a: Tchavis Scott
|-damage|p1a: Tchavis Scott|60/100
|
|upkeep
|turn|10
|inactive|Battle timer is ON: inactive players will automatically lose when time's up. (requested by Slashutu)
|
|t:|1780954558
|move|p1a: Tchavis Scott|Shadow Ball|p2a: Johnny Tsunami 🌊
|-damage|p2a: Johnny Tsunami 🌊|0 fnt
|faint|p2a: Johnny Tsunami 🌊
|
|upkeep
|
|t:|1780954577
|switch|p2a: Hoopa|Hoopa-Unbound|57/100
|-damage|p2a: Hoopa|45/100|[from] Stealth Rock
|-damage|p2a: Hoopa|32/100|[from] Spikes
|turn|11
|
|t:|1780954585
|switch|p1a: Tinkki Minaj|Tinkaton, F|69/100
|-activate|p1a: Tinkki Minaj|move: Sticky Web
|-unboost|p1a: Tinkki Minaj|spe|1
|-ability|p1a: Tinkki Minaj|Mold Breaker
|move|p2a: Hoopa|Dark Pulse|p1a: Tinkki Minaj
|-resisted|p1a: Tinkki Minaj
|-damage|p1a: Tinkki Minaj|46/100
|
|upkeep
|turn|12
|
|t:|1780954611
|switch|p2a: Iron Treads|Iron Treads|97/100
|-damage|p2a: Iron Treads|94/100|[from] Stealth Rock
|-damage|p2a: Iron Treads|82/100|[from] Spikes
|move|p1a: Tinkki Minaj|Gigaton Hammer|p2a: Iron Treads
|-resisted|p2a: Iron Treads
|-damage|p2a: Iron Treads|61/100
|
|upkeep
|turn|13
|
|t:|1780954627
|move|p2a: Iron Treads|Ice Spinner|p1a: Tinkki Minaj
|-resisted|p1a: Tinkki Minaj
|-damage|p1a: Tinkki Minaj|31/100
|move|p1a: Tinkki Minaj|Encore|p2a: Iron Treads
|-start|p2a: Iron Treads|Encore
|
|upkeep
|turn|14
|
|t:|1780954634
|switch|p1a: My Little Pwny|Keldeo|100/100
|move|p2a: Iron Treads|Ice Spinner|p1a: My Little Pwny
|-resisted|p1a: My Little Pwny
|-damage|p1a: My Little Pwny|87/100
|
|upkeep
|turn|15
|
|t:|1780954649
|move|p1a: My Little Pwny|Surf|p2a: Iron Treads
|-supereffective|p2a: Iron Treads
|-crit|p2a: Iron Treads
|-damage|p2a: Iron Treads|0 fnt
|faint|p2a: Iron Treads
|-end|p2a: Iron Treads|Quark Drive|[silent]
|
|upkeep
|
|t:|1780954656
|switch|p2a: Enamorus|Enamorus, F|100/100
|-damage|p2a: Enamorus|76/100|[from] Stealth Rock
|turn|16
|
|t:|1780954675
|-terastallize|p1a: My Little Pwny|Water
|move|p2a: Enamorus|Moonblast|p1a: My Little Pwny
|-damage|p1a: My Little Pwny|25/100
|move|p1a: My Little Pwny|Surf|p2a: Enamorus
|-damage|p2a: Enamorus|0 fnt
|faint|p2a: Enamorus
|
|upkeep
|
|t:|1780954692
|switch|p2a: Hoopa|Hoopa-Unbound|32/100
|-damage|p2a: Hoopa|20/100|[from] Stealth Rock
|-damage|p2a: Hoopa|8/100|[from] Spikes
|turn|17
|
|t:|1780954698
|move|p1a: My Little Pwny|Vacuum Wave|p2a: Hoopa
|-damage|p2a: Hoopa|0 fnt
|faint|p2a: Hoopa
|
|upkeep
|
|t:|1780954706
|switch|p2a: Zamazenta|Zamazenta|100/100
|-damage|p2a: Zamazenta|94/100|[from] Stealth Rock
|-damage|p2a: Zamazenta|82/100|[from] Spikes
|-ability|p2a: Zamazenta|Dauntless Shield|boost
|-boost|p2a: Zamazenta|def|1
|turn|18
|
|t:|1780954716
|switch|p1a: Secret Service|Dragonite, F|100/100
|move|p2a: Zamazenta|Crunch|p1a: Secret Service
|-damage|p1a: Secret Service|86/100
|-damage|p2a: Zamazenta|72/100|[from] item: Life Orb
|
|upkeep
|turn|19
|-message|team10thPlanet forfeited.
|
|win|Slashutu
|raw|Slashutu's rating: 1591 &rarr; <strong>1614</strong><br />(+23 for winning)
|raw|team10thPlanet's rating: 1639 &rarr; <strong>1616</strong><br />(-23 for losing)
|l|☆team10thPlanet
|player|p2|
|l| nepturee
|l|☆Slashutu
|player|p1|
