|j|☆lockheed shartin
|j|☆SofteLocke
|t:|1781064501
|gametype|singles
|player|p1|lockheed shartin|preschooler|1745
|player|p2|SofteLocke|266|1689
|gen|9
|tier|[Gen 9] OU
|rated|
|rule|HP Percentage Mod: HP is shown in percentages
|rule|Endless Battle Clause: Forcing endless battles is banned
|rule|Species Clause: Limit one of each Pokémon
|rule|OHKO Clause: OHKO moves are banned
|rule|Evasion Items Clause: Evasion items are banned
|rule|Evasion Moves Clause: Evasion moves are banned
|rule|Evasion Abilities Clause: Evasion abilities are banned
|rule|Sleep Moves Clause: Sleep-inducing moves are banned
|clearpoke
|poke|p1|Latios, M|
|poke|p1|Sinistcha|
|poke|p1|Weavile, M|
|poke|p1|Clodsire, F|
|poke|p1|Skarmory, F|
|poke|p1|Alomomola, F|
|poke|p2|Torkoal, F|
|poke|p2|Hatterene, F|
|poke|p2|Walking Wake|
|poke|p2|Blaziken, F|
|poke|p2|Great Tusk|
|poke|p2|Raging Bolt|
|teampreview
|inactive|Battle timer is ON: inactive players will automatically lose when time's up. (requested by lockheed shartin)
|j| blackgokuking
|
|t:|1781064518
|teamsize|p1|6
|teamsize|p2|6
|start
|switch|p1a: DirtySprite|Clodsire, F|100/100
|switch|p2a: Torkoal|Torkoal, F|100/100
|-weather|SunnyDay|[from] ability: Drought|[of] p2a: Torkoal
|turn|1
|
|t:|1781064523
|switch|p2a: Hatterene|Hatterene, F|100/100
|move|p1a: DirtySprite|Earthquake|p2a: Hatterene
|-damage|p2a: Hatterene|78/100
|-enditem|p2a: Hatterene|Eject Button
|
|t:|1781064530
|switch|p2a: Walking Wake|Walking Wake|100/100
|-activate|p2a: Walking Wake|ability: Protosynthesis
|-start|p2a: Walking Wake|protosynthesisspe
|
|-weather|SunnyDay|[upkeep]
|upkeep
|turn|2
|
|t:|1781064534
|switch|p1a: Sub2MyOnlyFins|Alomomola, F|100/100
|move|p2a: Walking Wake|Hydro Steam|p1a: Sub2MyOnlyFins
|-resisted|p1a: Sub2MyOnlyFins
|-damage|p1a: Sub2MyOnlyFins|80/100
|
|-weather|SunnyDay|[upkeep]
|upkeep
|turn|3
|
|t:|1781064538
|-end|p2a: Walking Wake|Protosynthesis|[silent]
|switch|p2a: Raging Bolt|Raging Bolt|100/100
|-activate|p2a: Raging Bolt|ability: Protosynthesis
|-start|p2a: Raging Bolt|protosynthesisspa
|move|p1a: Sub2MyOnlyFins|Flip Turn|p2a: Raging Bolt
|-resisted|p2a: Raging Bolt
|-damage|p2a: Raging Bolt|97/100
|
|t:|1781064540
|switch|p1a: DirtySprite|Clodsire, F|100/100|[from] Flip Turn
|
|-weather|SunnyDay|[upkeep]
|upkeep
|turn|4
|
|t:|1781064544
|-end|p2a: Raging Bolt|Protosynthesis|[silent]
|switch|p2a: Hatterene|Hatterene, F|78/100
|move|p1a: DirtySprite|Toxic|p2a: Hatterene
|move|p2a: Hatterene|Toxic|p1a: DirtySprite|[from] ability: Magic Bounce
|-immune|p1a: DirtySprite
|
|-weather|SunnyDay|[upkeep]
|upkeep
|turn|5
|
|t:|1781064552
|switch|p1a: RIP Virgil|Sinistcha|100/100
|move|p2a: Hatterene|Nuzzle|p1a: RIP Virgil
|-resisted|p1a: RIP Virgil
|-damage|p1a: RIP Virgil|99/100
|-status|p1a: RIP Virgil|par
|
|-weather|SunnyDay|[upkeep]
|upkeep
|turn|6
|
|t:|1781064555
|move|p2a: Hatterene|Psychic Noise|p1a: RIP Virgil
|-damage|p1a: RIP Virgil|61/100 par
|-start|p1a: RIP Virgil|move: Heal Block
|move|p1a: RIP Virgil|Shadow Ball|p2a: Hatterene
|-supereffective|p2a: Hatterene
|-damage|p2a: Hatterene|13/100
|
|-weather|SunnyDay|[upkeep]
|upkeep
|turn|7
|
|t:|1781064561
|move|p2a: Hatterene|Healing Wish|p2a: Hatterene
|faint|p2a: Hatterene
|cant|p1a: RIP Virgil|par
|
|-weather|SunnyDay|[upkeep]
|-end|p1a: RIP Virgil|move: Heal Block
|upkeep
|
|t:|1781064562
|switch|p2a: Blaziken|Blaziken, F|100/100
|turn|8
|
|t:|1781064568
|move|p2a: Blaziken|Focus Energy|p2a: Blaziken
|-start|p2a: Blaziken|move: Focus Energy
|cant|p1a: RIP Virgil|par
|
|-weather|none
|-ability|p2a: Blaziken|Speed Boost|boost
|-boost|p2a: Blaziken|spe|1
|upkeep
|turn|9
|j| testingrainteam1
|
|t:|1781064574
|switch|p1a: Sub2MyOnlyFins|Alomomola, F|100/100
|move|p2a: Blaziken|Overheat|p1a: Sub2MyOnlyFins
|-resisted|p1a: Sub2MyOnlyFins
|-crit|p1a: Sub2MyOnlyFins
|-damage|p1a: Sub2MyOnlyFins|75/100
|-unboost|p2a: Blaziken|spa|2
|
|-ability|p2a: Blaziken|Speed Boost|boost
|-boost|p2a: Blaziken|spe|1
|upkeep
|turn|10
|
|t:|1781064582
|move|p2a: Blaziken|Close Combat|p1a: Sub2MyOnlyFins
|-crit|p1a: Sub2MyOnlyFins
|-damage|p1a: Sub2MyOnlyFins|16/100
|-unboost|p2a: Blaziken|def|1
|-unboost|p2a: Blaziken|spd|1
|move|p1a: Sub2MyOnlyFins|Flip Turn|p2a: Blaziken
|-supereffective|p2a: Blaziken
|-damage|p2a: Blaziken|13/100
|
|t:|1781064589
|switch|p1a: MixdWhiteLikePluto|Latios, M|100/100|[from] Flip Turn
|
|-ability|p2a: Blaziken|Speed Boost|boost
|-boost|p2a: Blaziken|spe|1
|upkeep
|turn|11
|
|t:|1781064599
|move|p2a: Blaziken|Overheat|p1a: MixdWhiteLikePluto
|-resisted|p1a: MixdWhiteLikePluto
|-crit|p1a: MixdWhiteLikePluto
|-damage|p1a: MixdWhiteLikePluto|64/100
|-unboost|p2a: Blaziken|spa|2
|move|p1a: MixdWhiteLikePluto|Flip Turn|p2a: Blaziken
|-supereffective|p2a: Blaziken
|-damage|p2a: Blaziken|0 fnt
|faint|p2a: Blaziken
|j| dalty dalty dalty
|
|t:|1781064603
|switch|p1a: Sub2MyOnlyFins|Alomomola, F|50/100|[from] Flip Turn
|
|upkeep
|
|t:|1781064607
|switch|p2a: Torkoal|Torkoal, F|100/100
|-weather|SunnyDay|[from] ability: Drought|[of] p2a: Torkoal
|turn|12
|
|t:|1781064613
|switch|p1a: DirtySprite|Clodsire, F|100/100
|move|p2a: Torkoal|Stealth Rock|p1a: DirtySprite
|-sidestart|p1: lockheed shartin|move: Stealth Rock
|
|-weather|SunnyDay|[upkeep]
|upkeep
|turn|13
|
|t:|1781064615
|move|p2a: Torkoal|Will-O-Wisp|p1a: DirtySprite
|-status|p1a: DirtySprite|brn
|move|p1a: DirtySprite|Stealth Rock|p2a: Torkoal
|-sidestart|p2: SofteLocke|move: Stealth Rock
|
|-weather|SunnyDay|[upkeep]
|-damage|p1a: DirtySprite|94/100 brn|[from] brn
|upkeep
|turn|14
|
|t:|1781064621
|move|p2a: Torkoal|Rapid Spin|p1a: DirtySprite
|-damage|p1a: DirtySprite|86/100 brn
|-boost|p2a: Torkoal|spe|1
|-sideend|p2: SofteLocke|Stealth Rock|[from] move: Rapid Spin|[of] p2a: Torkoal
|move|p1a: DirtySprite|Toxic|p2a: Torkoal
|-status|p2a: Torkoal|tox
|
|-weather|SunnyDay|[upkeep]
|-damage|p2a: Torkoal|94/100 tox|[from] psn
|-damage|p1a: DirtySprite|80/100 brn|[from] brn
|upkeep
|turn|15
|
|t:|1781064625
|switch|p2a: Great Tusk|Great Tusk|100/100
|-activate|p2a: Great Tusk|ability: Protosynthesis
|-start|p2a: Great Tusk|protosynthesisatk
|move|p1a: DirtySprite|Stealth Rock|p2a: Great Tusk
|-sidestart|p2: SofteLocke|move: Stealth Rock
|
|-weather|SunnyDay|[upkeep]
|-damage|p1a: DirtySprite|74/100 brn|[from] brn
|upkeep
|turn|16
|
|t:|1781064633
|switch|p1a: InMySturdies|Skarmory, F|100/100
|-damage|p1a: InMySturdies|88/100|[from] Stealth Rock
|move|p2a: Great Tusk|Headlong Rush|p1a: InMySturdies
|-immune|p1a: InMySturdies
|
|-weather|SunnyDay|[upkeep]
|upkeep
|turn|17
|
|t:|1781064642
|move|p2a: Great Tusk|Rapid Spin|p1a: InMySturdies
|-resisted|p1a: InMySturdies
|-damage|p1a: InMySturdies|82/100
|-boost|p2a: Great Tusk|spe|1
|-damage|p2a: Great Tusk|84/100|[from] item: Rocky Helmet|[of] p1a: InMySturdies
|-sideend|p2: SofteLocke|Stealth Rock|[from] move: Rapid Spin|[of] p2a: Great Tusk
|move|p1a: InMySturdies|Whirlwind|p2a: Great Tusk
|-end|p2a: Great Tusk|Protosynthesis|[silent]
|drag|p2a: Raging Bolt|Raging Bolt|97/100
|-heal|p2a: Raging Bolt|100/100|[from] move: Healing Wish
|-activate|p2a: Raging Bolt|ability: Protosynthesis
|-start|p2a: Raging Bolt|protosynthesisspa
|
|-weather|SunnyDay|[upkeep]
|upkeep
|turn|18
|
|t:|1781064653
|move|p2a: Raging Bolt|Weather Ball|p1a: InMySturdies
|-supereffective|p1a: InMySturdies
|-damage|p1a: InMySturdies|0 fnt
|faint|p1a: InMySturdies
|
|-weather|SunnyDay|[upkeep]
|upkeep
|
|t:|1781064657
|switch|p1a: GriseldaBlanco|Weavile, M|100/100
|-ability|p1a: GriseldaBlanco|Pressure
|turn|19
|
|t:|1781064662
|-terastallize|p2a: Raging Bolt|Fairy
|move|p1a: GriseldaBlanco|Triple Axel|p2a: Raging Bolt
|-damage|p2a: Raging Bolt|91/100
|-hitcount|p2a: Raging Bolt|1
|move|p2a: Raging Bolt|Weather Ball|p1a: GriseldaBlanco
|-supereffective|p1a: GriseldaBlanco
|-damage|p1a: GriseldaBlanco|0 fnt
|faint|p1a: GriseldaBlanco
|
|-weather|none
|-end|p2a: Raging Bolt|Protosynthesis
|upkeep
|
|t:|1781064668
|switch|p1a: DirtySprite|Clodsire, F|74/100 brn
|turn|20
|
|t:|1781064671
|move|p2a: Raging Bolt|Draco Meteor|p1a: DirtySprite
|-damage|p1a: DirtySprite|32/100 brn
|-unboost|p2a: Raging Bolt|spa|2
|move|p1a: DirtySprite|Toxic|p2a: Raging Bolt
|-status|p2a: Raging Bolt|tox
|
|-damage|p2a: Raging Bolt|85/100 tox|[from] psn
|-damage|p1a: DirtySprite|26/100 brn|[from] brn
|upkeep
|turn|21
|
|t:|1781064676
|move|p2a: Raging Bolt|Draco Meteor|p1a: DirtySprite
|-damage|p1a: DirtySprite|0 fnt
|-unboost|p2a: Raging Bolt|spa|2
|faint|p1a: DirtySprite
|
|-damage|p2a: Raging Bolt|73/100 tox|[from] psn
|upkeep
|
|t:|1781064682
|switch|p1a: MixdWhiteLikePluto|Latios, M|64/100
|-damage|p1a: MixdWhiteLikePluto|51/100|[from] Stealth Rock
|turn|22
|
|t:|1781064684
|-end|p2a: Raging Bolt|Protosynthesis|[silent]
|switch|p2a: Torkoal|Torkoal, F|94/100 tox
|-weather|SunnyDay|[from] ability: Drought|[of] p2a: Torkoal
|move|p1a: MixdWhiteLikePluto|Recover|p1a: MixdWhiteLikePluto
|-heal|p1a: MixdWhiteLikePluto|100/100
|
|-weather|SunnyDay|[upkeep]
|-damage|p2a: Torkoal|88/100 tox|[from] psn
|upkeep
|turn|23
|
|t:|1781064692
|move|p1a: MixdWhiteLikePluto|Future Sight|p2a: Torkoal
|-start|p1a: MixdWhiteLikePluto|move: Future Sight
|move|p2a: Torkoal|Lava Plume|p1a: MixdWhiteLikePluto
|-resisted|p1a: MixdWhiteLikePluto
|-damage|p1a: MixdWhiteLikePluto|86/100
|
|-weather|SunnyDay|[upkeep]
|-heal|p1a: MixdWhiteLikePluto|93/100|[from] item: Leftovers
|-damage|p2a: Torkoal|76/100 tox|[from] psn
|upkeep
|turn|24
|
|t:|1781064694
|move|p1a: MixdWhiteLikePluto|Dragon Pulse|p2a: Torkoal
|-damage|p2a: Torkoal|28/100 tox
|move|p2a: Torkoal|Will-O-Wisp|p1a: MixdWhiteLikePluto
|-status|p1a: MixdWhiteLikePluto|brn
|
|-weather|SunnyDay|[upkeep]
|-heal|p1a: MixdWhiteLikePluto|99/100 brn|[from] item: Leftovers
|-damage|p2a: Torkoal|10/100 tox|[from] psn
|-damage|p1a: MixdWhiteLikePluto|93/100 brn|[from] brn
|upkeep
|turn|25
|
|t:|1781064704
|move|p1a: MixdWhiteLikePluto|Flip Turn|p2a: Torkoal
|-supereffective|p2a: Torkoal
|-damage|p2a: Torkoal|6/100 tox
|
|t:|1781064706
|switch|p1a: Sub2MyOnlyFins|Alomomola, F|83/100|[from] Flip Turn
|-damage|p1a: Sub2MyOnlyFins|71/100|[from] Stealth Rock
|move|p2a: Torkoal|Will-O-Wisp|p1a: Sub2MyOnlyFins
|-status|p1a: Sub2MyOnlyFins|brn
|
|-weather|SunnyDay|[upkeep]
|-end|p2a: Torkoal|move: Future Sight
|-damage|p2a: Torkoal|0 fnt
|faint|p2a: Torkoal
|-damage|p1a: Sub2MyOnlyFins|64/100 brn|[from] brn
|upkeep
|
|t:|1781064710
|switch|p2a: Great Tusk|Great Tusk|84/100
|-activate|p2a: Great Tusk|ability: Protosynthesis
|-start|p2a: Great Tusk|protosynthesisatk
|turn|26
|
|t:|1781064713
|switch|p1a: MixdWhiteLikePluto|Latios, M|93/100 brn
|-damage|p1a: MixdWhiteLikePluto|80/100 brn|[from] Stealth Rock
|move|p2a: Great Tusk|Rapid Spin|p1a: MixdWhiteLikePluto
|-damage|p1a: MixdWhiteLikePluto|53/100 brn
|-boost|p2a: Great Tusk|spe|1
|
|-weather|SunnyDay|[upkeep]
|-heal|p1a: MixdWhiteLikePluto|59/100 brn|[from] item: Leftovers
|-damage|p1a: MixdWhiteLikePluto|53/100 brn|[from] brn
|upkeep
|turn|27
|
|t:|1781064724
|switch|p1a: Sub2MyOnlyFins|Alomomola, F|98/100 brn
|-damage|p1a: Sub2MyOnlyFins|85/100 brn|[from] Stealth Rock
|move|p2a: Great Tusk|Ice Spinner|p1a: Sub2MyOnlyFins
|-resisted|p1a: Sub2MyOnlyFins
|-damage|p1a: Sub2MyOnlyFins|71/100 brn
|
|-weather|SunnyDay|[upkeep]
|-damage|p1a: Sub2MyOnlyFins|65/100 brn|[from] brn
|upkeep
|turn|28
|
|t:|1781064730
|switch|p1a: RIP Virgil|Sinistcha|61/100 par
|move|p2a: Great Tusk|Supercell Slam|p1a: RIP Virgil
|-resisted|p1a: RIP Virgil
|-damage|p1a: RIP Virgil|43/100 par
|
|-weather|SunnyDay|[upkeep]
|upkeep
|turn|29
|
|t:|1781064744
|move|p2a: Great Tusk|Ice Spinner|p1a: RIP Virgil
|-supereffective|p1a: RIP Virgil
|-damage|p1a: RIP Virgil|0 fnt
|faint|p1a: RIP Virgil
|
|-weather|none
|-end|p2a: Great Tusk|Protosynthesis
|upkeep
|
|t:|1781064747
|switch|p1a: MixdWhiteLikePluto|Latios, M|53/100 brn
|-damage|p1a: MixdWhiteLikePluto|41/100 brn|[from] Stealth Rock
|turn|30
|
|t:|1781064750
|-terastallize|p1a: MixdWhiteLikePluto|Steel
|move|p2a: Great Tusk|Ice Spinner|p1a: MixdWhiteLikePluto
|-resisted|p1a: MixdWhiteLikePluto
|-damage|p1a: MixdWhiteLikePluto|24/100 brn
|move|p1a: MixdWhiteLikePluto|Recover|p1a: MixdWhiteLikePluto
|-heal|p1a: MixdWhiteLikePluto|74/100 brn
|
|-heal|p1a: MixdWhiteLikePluto|80/100 brn|[from] item: Leftovers
|-damage|p1a: MixdWhiteLikePluto|74/100 brn|[from] brn
|upkeep
|turn|31
|l| testingrainteam1
|
|t:|1781064760
|-end|p2a: Great Tusk|Protosynthesis|[silent]
|switch|p2a: Raging Bolt|Raging Bolt, tera:Fairy|73/100 tox
|move|p1a: MixdWhiteLikePluto|Recover|p1a: MixdWhiteLikePluto
|-heal|p1a: MixdWhiteLikePluto|100/100 brn
|
|-damage|p2a: Raging Bolt|67/100 tox|[from] psn
|-damage|p1a: MixdWhiteLikePluto|94/100 brn|[from] brn
|upkeep
|turn|32
|j| testingrainteam1
|
|t:|1781064766
|move|p1a: MixdWhiteLikePluto|Future Sight|p2a: Raging Bolt
|-start|p1a: MixdWhiteLikePluto|move: Future Sight
|move|p2a: Raging Bolt|Volt Switch|p1a: MixdWhiteLikePluto
|-damage|p1a: MixdWhiteLikePluto|67/100 brn
|
|t:|1781064770
|-end|p2a: Raging Bolt|Protosynthesis|[silent]
|switch|p2a: Walking Wake|Walking Wake|100/100|[from] Volt Switch
|
|-heal|p1a: MixdWhiteLikePluto|73/100 brn|[from] item: Leftovers
|-damage|p1a: MixdWhiteLikePluto|67/100 brn|[from] brn
|upkeep
|turn|33
|
|t:|1781064785
|move|p2a: Walking Wake|Flamethrower|p1a: MixdWhiteLikePluto
|-supereffective|p1a: MixdWhiteLikePluto
|-damage|p1a: MixdWhiteLikePluto|1/100 brn
|move|p1a: MixdWhiteLikePluto|Recover|p1a: MixdWhiteLikePluto
|-heal|p1a: MixdWhiteLikePluto|51/100 brn
|
|-heal|p1a: MixdWhiteLikePluto|57/100 brn|[from] item: Leftovers
|-damage|p1a: MixdWhiteLikePluto|51/100 brn|[from] brn
|upkeep
|turn|34
|
|t:|1781064793
|switch|p1a: Sub2MyOnlyFins|Alomomola, F|98/100 brn
|-damage|p1a: Sub2MyOnlyFins|86/100 brn|[from] Stealth Rock
|move|p2a: Walking Wake|Flamethrower|p1a: Sub2MyOnlyFins
|-resisted|p1a: Sub2MyOnlyFins
|-damage|p1a: Sub2MyOnlyFins|76/100 brn
|
|-end|p2a: Walking Wake|move: Future Sight
|-damage|p2a: Walking Wake|41/100
|-damage|p1a: Sub2MyOnlyFins|70/100 brn|[from] brn
|upkeep
|turn|35
|
|t:|1781064798
|-end|p2a: Walking Wake|Protosynthesis|[silent]
|switch|p2a: Great Tusk|Great Tusk|84/100
|move|p1a: Sub2MyOnlyFins|Flip Turn|p2a: Great Tusk
|-supereffective|p2a: Great Tusk
|-damage|p2a: Great Tusk|71/100
|
|t:|1781064800
|switch|p1a: MixdWhiteLikePluto|Latios, M, tera:Steel|51/100 brn|[from] Flip Turn
|-damage|p1a: MixdWhiteLikePluto|45/100 brn|[from] Stealth Rock
|
|-heal|p1a: MixdWhiteLikePluto|51/100 brn|[from] item: Leftovers
|-damage|p1a: MixdWhiteLikePluto|45/100 brn|[from] brn
|upkeep
|turn|36
|
|t:|1781064803
|move|p1a: MixdWhiteLikePluto|Recover|p1a: MixdWhiteLikePluto
|-heal|p1a: MixdWhiteLikePluto|95/100 brn
|move|p2a: Great Tusk|Supercell Slam|p1a: MixdWhiteLikePluto
|-damage|p1a: MixdWhiteLikePluto|52/100 brn
|
|-heal|p1a: MixdWhiteLikePluto|58/100 brn|[from] item: Leftovers
|-damage|p1a: MixdWhiteLikePluto|52/100 brn|[from] brn
|upkeep
|turn|37
|
|t:|1781064810
|move|p1a: MixdWhiteLikePluto|Future Sight|p2a: Great Tusk
|-start|p1a: MixdWhiteLikePluto|move: Future Sight
|move|p2a: Great Tusk|Rapid Spin|p1a: MixdWhiteLikePluto
|-resisted|p1a: MixdWhiteLikePluto
|-damage|p1a: MixdWhiteLikePluto|41/100 brn
|-boost|p2a: Great Tusk|spe|1
|
|-heal|p1a: MixdWhiteLikePluto|47/100 brn|[from] item: Leftovers
|-damage|p1a: MixdWhiteLikePluto|41/100 brn|[from] brn
|upkeep
|turn|38
|
|t:|1781064812
|move|p2a: Great Tusk|Supercell Slam|p1a: MixdWhiteLikePluto
|-damage|p1a: MixdWhiteLikePluto|0 fnt
|faint|p1a: MixdWhiteLikePluto
|
|upkeep
|
|t:|1781064814
|switch|p1a: Sub2MyOnlyFins|Alomomola, F|100/100 brn
|-damage|p1a: Sub2MyOnlyFins|88/100 brn|[from] Stealth Rock
|turn|39
|-message|lockheed shartin forfeited.
|
|win|SofteLocke
|raw|lockheed shartin's rating: 1745 &rarr; <strong>1722</strong><br />(-23 for losing)
|raw|SofteLocke's rating: 1689 &rarr; <strong>1712</strong><br />(+23 for winning)
|l|☆lockheed shartin
|player|p1|
|l|☆SofteLocke
|player|p2|
|l| dalty dalty dalty
|l| testingrainteam1
