|j|☆RadiantSol
|j|☆jameshardensucks
|t:|1781442641
|gametype|singles
|player|p1|RadiantSol|richboy|1523
|player|p2|jameshardensucks|harlequin|1579
|gen|9
|tier|[Gen 9] OU
|rated|
|rule|HP Percentage Mod: HP is shown in percentages
|rule|Endless Battle Clause: Forcing endless battles is banned
|rule|Species Clause: Limit one of each Pokémon
|rule|OHKO Clause: OHKO moves are banned
|rule|Evasion Items Clause: Evasion items are banned
|rule|Evasion Moves Clause: Evasion moves are banned
|rule|Evasion Abilities Clause: Evasion abilities are banned
|rule|Sleep Moves Clause: Sleep-inducing moves are banned
|clearpoke
|poke|p1|Espeon, F|
|poke|p1|Ninetales-Alola, F|
|poke|p1|Muk-Alola, M|
|poke|p1|Quagsire, F|
|poke|p1|Lapras, F|
|poke|p1|Talonflame, F|
|poke|p2|Rillaboom, M|
|poke|p2|Ogerpon-Cornerstone, F|
|poke|p2|Hawlucha, F|
|poke|p2|Pecharunt|
|poke|p2|Great Tusk|
|poke|p2|Hoopa-Unbound|
|teampreview
|
|t:|1781442685
|teamsize|p1|6
|teamsize|p2|6
|start
|switch|p1a: Muk|Muk-Alola, M|100/100
|switch|p2a: Ogerpon|Ogerpon-Cornerstone, F|100/100
|turn|1
|
|t:|1781442689
|move|p2a: Ogerpon|Swords Dance|p2a: Ogerpon
|-boost|p2a: Ogerpon|atk|2
|move|p1a: Muk|Knock Off|p2a: Ogerpon
|-damage|p2a: Ogerpon|67/100
|
|upkeep
|turn|2
|
|t:|1781442701
|move|p1a: Muk|Protect|p1a: Muk
|-singleturn|p1a: Muk|Protect
|move|p2a: Ogerpon|Ivy Cudgel|p1a: Muk|[anim] Ivy Cudgel Rock
|-activate|p1a: Muk|move: Protect
|
|upkeep
|turn|3
|
|t:|1781442710
|switch|p1a: Quagsire|Quagsire, F|100/100
|move|p2a: Ogerpon|Ivy Cudgel|p1a: Quagsire|[anim] Ivy Cudgel Rock
|-resisted|p1a: Quagsire
|-damage|p1a: Quagsire|78/100
|
|upkeep
|turn|4
|
|t:|1781442715
|-terastallize|p1a: Quagsire|Poison
|move|p2a: Ogerpon|Grassy Glide|p1a: Quagsire
|-resisted|p1a: Quagsire
|-damage|p1a: Quagsire|67/100
|-damage|p2a: Ogerpon|50/100|[from] item: Rocky Helmet|[of] p1a: Quagsire
|move|p1a: Quagsire|Toxic|p2a: Ogerpon
|-status|p2a: Ogerpon|tox
|
|-damage|p2a: Ogerpon|44/100 tox|[from] psn
|upkeep
|turn|5
|
|t:|1781442720
|move|p2a: Ogerpon|Ivy Cudgel|p1a: Quagsire|[anim] Ivy Cudgel Rock
|-damage|p1a: Quagsire|26/100
|move|p1a: Quagsire|Recover|p1a: Quagsire
|-heal|p1a: Quagsire|76/100
|
|-damage|p2a: Ogerpon|32/100 tox|[from] psn
|upkeep
|turn|6
|
|t:|1781442725
|switch|p2a: Hoopa|Hoopa-Unbound|100/100
|move|p1a: Quagsire|Recover|p1a: Quagsire
|-heal|p1a: Quagsire|100/100
|
|upkeep
|turn|7
|
|t:|1781442729
|switch|p1a: Muk|Muk-Alola, M|100/100
|move|p2a: Hoopa|Psychic Noise|p1a: Muk
|-immune|p1a: Muk
|
|upkeep
|turn|8
|
|t:|1781442734
|switch|p2a: Rillaboom|Rillaboom, M|100/100
|-fieldstart|move: Grassy Terrain|[from] ability: Grassy Surge|[of] p2a: Rillaboom
|move|p1a: Muk|Knock Off|p2a: Rillaboom
|-damage|p2a: Rillaboom|61/100
|-enditem|p2a: Rillaboom|Terrain Extender|[from] move: Knock Off|[of] p1a: Muk
|
|-heal|p2a: Rillaboom|68/100|[from] Grassy Terrain
|upkeep
|turn|9
|
|t:|1781442738
|switch|p1a: Talonflame|Talonflame, F|100/100
|move|p2a: Rillaboom|U-turn|p1a: Talonflame
|-resisted|p1a: Talonflame
|-damage|p1a: Talonflame|94/100
|
|t:|1781442741
|switch|p2a: Ogerpon|Ogerpon-Cornerstone, F|32/100 tox|[from] U-turn
|
|-heal|p2a: Ogerpon|38/100 tox|[from] Grassy Terrain
|-damage|p2a: Ogerpon|32/100 tox|[from] psn
|upkeep
|turn|10
|
|t:|1781442745
|move|p1a: Talonflame|Protect|p1a: Talonflame
|-singleturn|p1a: Talonflame|Protect
|move|p2a: Ogerpon|Ivy Cudgel|p1a: Talonflame|[anim] Ivy Cudgel Rock
|-activate|p1a: Talonflame|move: Protect
|
|-heal|p2a: Ogerpon|38/100 tox|[from] Grassy Terrain
|-damage|p2a: Ogerpon|25/100 tox|[from] psn
|upkeep
|turn|11
|
|t:|1781442754
|switch|p1a: Quagsire|Quagsire, F, tera:Poison|100/100
|switch|p2a: Hawlucha|Hawlucha, F|100/100
|-enditem|p2a: Hawlucha|Grassy Seed
|-boost|p2a: Hawlucha|def|1|[from] item: Grassy Seed
|
|upkeep
|turn|12
|
|t:|1781442759
|-terastallize|p2a: Hawlucha|Steel
|move|p2a: Hawlucha|Swords Dance|p2a: Hawlucha
|-boost|p2a: Hawlucha|atk|2
|move|p1a: Quagsire|Toxic|p2a: Hawlucha
|-immune|p2a: Hawlucha
|
|upkeep
|turn|13
|
|t:|1781442762
|move|p2a: Hawlucha|Encore|p1a: Quagsire
|-start|p1a: Quagsire|Encore
|move|p1a: Quagsire|Toxic|p2a: Hawlucha
|-immune|p2a: Hawlucha
|
|upkeep
|turn|14
|
|t:|1781442771
|switch|p1a: Talonflame|Talonflame, F|94/100
|move|p2a: Hawlucha|Swords Dance|p2a: Hawlucha
|-boost|p2a: Hawlucha|atk|2
|
|upkeep
|turn|15
|
|t:|1781442780
|switch|p1a: Quagsire|Quagsire, F, tera:Poison|100/100
|move|p2a: Hawlucha|Acrobatics|p1a: Quagsire
|-damage|p1a: Quagsire|66/100
|-damage|p2a: Hawlucha|84/100|[from] item: Rocky Helmet|[of] p1a: Quagsire
|
|-heal|p2a: Hawlucha|90/100|[from] Grassy Terrain
|-heal|p1a: Quagsire|72/100|[from] Grassy Terrain
|-fieldend|move: Grassy Terrain
|upkeep
|turn|16
|
|t:|1781442788
|switch|p2a: Rillaboom|Rillaboom, M|68/100
|-fieldstart|move: Grassy Terrain|[from] ability: Grassy Surge|[of] p2a: Rillaboom
|move|p1a: Quagsire|Recover|p1a: Quagsire
|-heal|p1a: Quagsire|100/100
|
|-heal|p2a: Rillaboom|74/100|[from] Grassy Terrain
|upkeep
|turn|17
|
|t:|1781442793
|move|p2a: Rillaboom|U-turn|p1a: Quagsire
|-resisted|p1a: Quagsire
|-damage|p1a: Quagsire|92/100
|-damage|p2a: Rillaboom|57/100|[from] item: Rocky Helmet|[of] p1a: Quagsire
|
|t:|1781442796
|switch|p2a: Hawlucha|Hawlucha, F, tera:Steel|90/100|[from] U-turn
|move|p1a: Quagsire|Toxic|p2a: Hawlucha
|-immune|p2a: Hawlucha
|
|-heal|p2a: Hawlucha|96/100|[from] Grassy Terrain
|-heal|p1a: Quagsire|98/100|[from] Grassy Terrain
|upkeep
|turn|18
|
|t:|1781442802
|switch|p1a: Talonflame|Talonflame, F|94/100
|move|p2a: Hawlucha|Encore||[still]
|-fail|p2a: Hawlucha
|
|-heal|p2a: Hawlucha|100/100|[from] Grassy Terrain
|upkeep
|turn|19
|
|t:|1781442811
|switch|p2a: Ogerpon|Ogerpon-Cornerstone, F|25/100 tox
|move|p1a: Talonflame|Will-O-Wisp||[still]
|-fail|p1a: Talonflame
|
|-heal|p2a: Ogerpon|32/100 tox|[from] Grassy Terrain
|-damage|p2a: Ogerpon|25/100 tox|[from] psn
|upkeep
|turn|20
|
|t:|1781442816
|switch|p2a: Great Tusk|Great Tusk|100/100
|move|p1a: Talonflame|Protect||[still]
|-fail|p1a: Talonflame
|
|-fieldend|move: Grassy Terrain
|upkeep
|turn|21
|
|t:|1781442819
|move|p1a: Talonflame|Will-O-Wisp|p2a: Great Tusk
|-status|p2a: Great Tusk|brn
|move|p2a: Great Tusk|Stealth Rock|p1a: Talonflame
|-sidestart|p1: RadiantSol|move: Stealth Rock
|
|-damage|p2a: Great Tusk|94/100 brn|[from] brn
|upkeep
|turn|22
|
|t:|1781442823
|move|p1a: Talonflame|Defog|p2a: Great Tusk
|-unboost|p2a: Great Tusk|evasion|1
|-sideend|p1: RadiantSol|Stealth Rock|[from] move: Defog|[of] p1a: Talonflame
|move|p2a: Great Tusk|Knock Off|p1a: Talonflame
|-damage|p1a: Talonflame|79/100
|-enditem|p1a: Talonflame|Heavy-Duty Boots|[from] move: Knock Off|[of] p2a: Great Tusk
|
|-damage|p2a: Great Tusk|88/100 brn|[from] brn
|upkeep
|turn|23
|
|t:|1781442833
|switch|p1a: Espeon|Espeon, F, shiny|100/100
|move|p2a: Great Tusk|Stealth Rock|p1a: Espeon
|move|p1a: Espeon|Stealth Rock|p2a: Great Tusk|[from] ability: Magic Bounce
|-sidestart|p2: jameshardensucks|move: Stealth Rock
|
|-damage|p2a: Great Tusk|82/100 brn|[from] brn
|upkeep
|turn|24
|
|t:|1781442839
|-end|p2a: Great Tusk|Protosynthesis|[silent]
|switch|p2a: Rillaboom|Rillaboom, M|57/100
|-damage|p2a: Rillaboom|45/100|[from] Stealth Rock
|-fieldstart|move: Grassy Terrain|[from] ability: Grassy Surge|[of] p2a: Rillaboom
|move|p1a: Espeon|Substitute|p1a: Espeon
|-start|p1a: Espeon|Substitute
|-damage|p1a: Espeon|75/100
|
|-heal|p1a: Espeon|81/100|[from] Grassy Terrain
|-heal|p1a: Espeon|87/100|[from] item: Leftovers
|-heal|p2a: Rillaboom|51/100|[from] Grassy Terrain
|upkeep
|turn|25
|
|t:|1781442845
|move|p2a: Rillaboom|Grassy Glide|p1a: Espeon
|-end|p1a: Espeon|Substitute
|move|p1a: Espeon|Psyshock|p2a: Rillaboom
|-damage|p2a: Rillaboom|12/100
|
|-heal|p1a: Espeon|93/100|[from] Grassy Terrain
|-heal|p1a: Espeon|99/100|[from] item: Leftovers
|-heal|p2a: Rillaboom|18/100|[from] Grassy Terrain
|upkeep
|turn|26
|
|t:|1781442851
|switch|p1a: Quagsire|Quagsire, F, tera:Poison|98/100
|switch|p2a: Hoopa|Hoopa-Unbound|100/100
|-damage|p2a: Hoopa|88/100|[from] Stealth Rock
|
|-heal|p2a: Hoopa|94/100|[from] Grassy Terrain
|-heal|p1a: Quagsire|100/100|[from] Grassy Terrain
|upkeep
|turn|27
|
|t:|1781442857
|switch|p1a: Muk|Muk-Alola, M|100/100
|move|p2a: Hoopa|Knock Off|p1a: Muk
|-resisted|p1a: Muk
|-damage|p1a: Muk|74/100
|-enditem|p1a: Muk|Black Sludge|[from] move: Knock Off|[of] p2a: Hoopa
|
|-heal|p2a: Hoopa|99/100|[from] Grassy Terrain
|-heal|p1a: Muk|80/100|[from] Grassy Terrain
|upkeep
|turn|28
|
|t:|1781442863
|switch|p2a: Hawlucha|Hawlucha, F, tera:Steel|100/100
|-damage|p2a: Hawlucha|94/100|[from] Stealth Rock
|move|p1a: Muk|Knock Off|p2a: Hawlucha
|-damage|p2a: Hawlucha|61/100
|
|-heal|p2a: Hawlucha|67/100|[from] Grassy Terrain
|-heal|p1a: Muk|86/100|[from] Grassy Terrain
|-fieldend|move: Grassy Terrain
|upkeep
|turn|29
|
|t:|1781442877
|switch|p2a: Great Tusk|Great Tusk|82/100 brn
|-damage|p2a: Great Tusk|79/100 brn|[from] Stealth Rock
|switch|p1a: Quagsire|Quagsire, F, tera:Poison|100/100
|
|-damage|p2a: Great Tusk|73/100 brn|[from] brn
|upkeep
|turn|30
|
|t:|1781442881
|switch|p1a: Talonflame|Talonflame, F|79/100
|move|p2a: Great Tusk|Rapid Spin|p1a: Talonflame
|-damage|p1a: Talonflame|71/100
|-boost|p2a: Great Tusk|spe|1
|-sideend|p2: jameshardensucks|Stealth Rock|[from] move: Rapid Spin|[of] p2a: Great Tusk
|
|-damage|p2a: Great Tusk|66/100 brn|[from] brn
|upkeep
|turn|31
|
|t:|1781442886
|move|p1a: Talonflame|Protect|p1a: Talonflame
|-singleturn|p1a: Talonflame|Protect
|move|p2a: Great Tusk|Stealth Rock|p1a: Talonflame
|-sidestart|p1: RadiantSol|move: Stealth Rock
|
|-damage|p2a: Great Tusk|60/100 brn|[from] brn
|upkeep
|turn|32
|
|t:|1781442892
|-end|p2a: Great Tusk|Protosynthesis|[silent]
|switch|p2a: Hoopa|Hoopa-Unbound|99/100
|move|p1a: Talonflame|Defog|p2a: Hoopa
|-unboost|p2a: Hoopa|evasion|1
|-sideend|p1: RadiantSol|Stealth Rock|[from] move: Defog|[of] p1a: Talonflame
|
|upkeep
|turn|33
|
|t:|1781442896
|switch|p1a: Muk|Muk-Alola, M|86/100
|switch|p2a: Pecharunt|Pecharunt|100/100
|
|upkeep
|turn|34
|
|t:|1781442898
|move|p2a: Pecharunt|Parting Shot|p1a: Muk
|-unboost|p1a: Muk|atk|1
|-unboost|p1a: Muk|spa|1
|
|t:|1781442902
|switch|p2a: Hawlucha|Hawlucha, F, tera:Steel|67/100|[from] Parting Shot
|move|p1a: Muk|Knock Off|p2a: Hawlucha
|-damage|p2a: Hawlucha|44/100
|
|upkeep
|turn|35
|
|t:|1781442912
|switch|p1a: Talonflame|Talonflame, F|71/100
|move|p2a: Hawlucha|Close Combat|p1a: Talonflame
|-resisted|p1a: Talonflame
|-damage|p1a: Talonflame|43/100
|-unboost|p2a: Hawlucha|def|1
|-unboost|p2a: Hawlucha|spd|1
|
|upkeep
|turn|36
|
|t:|1781442920
|switch|p2a: Pecharunt|Pecharunt|100/100
|move|p1a: Talonflame|Roost|p1a: Talonflame
|-heal|p1a: Talonflame|93/100
|-singleturn|p1a: Talonflame|move: Roost
|
|upkeep
|turn|37
|
|t:|1781442926
|switch|p1a: Muk|Muk-Alola, M|86/100
|move|p2a: Pecharunt|Parting Shot|p1a: Muk
|-unboost|p1a: Muk|atk|1
|-unboost|p1a: Muk|spa|1
|
|t:|1781442929
|switch|p2a: Rillaboom|Rillaboom, M|18/100|[from] Parting Shot
|-fieldstart|move: Grassy Terrain|[from] ability: Grassy Surge|[of] p2a: Rillaboom
|
|-heal|p2a: Rillaboom|24/100|[from] Grassy Terrain
|-heal|p1a: Muk|92/100|[from] Grassy Terrain
|upkeep
|turn|38
|
|t:|1781442934
|switch|p1a: Quagsire|Quagsire, F, tera:Poison|100/100
|move|p2a: Rillaboom|U-turn|p1a: Quagsire
|-resisted|p1a: Quagsire
|-damage|p1a: Quagsire|91/100
|-damage|p2a: Rillaboom|7/100|[from] item: Rocky Helmet|[of] p1a: Quagsire
|
|t:|1781442939
|switch|p2a: Great Tusk|Great Tusk|60/100 brn|[from] U-turn
|
|-heal|p2a: Great Tusk|66/100 brn|[from] Grassy Terrain
|-heal|p1a: Quagsire|97/100|[from] Grassy Terrain
|-damage|p2a: Great Tusk|60/100 brn|[from] brn
|upkeep
|turn|39
|
|t:|1781442944
|switch|p1a: Talonflame|Talonflame, F|93/100
|move|p2a: Great Tusk|Stealth Rock|p1a: Talonflame
|-sidestart|p1: RadiantSol|move: Stealth Rock
|
|-heal|p2a: Great Tusk|66/100 brn|[from] Grassy Terrain
|-damage|p2a: Great Tusk|60/100 brn|[from] brn
|upkeep
|turn|40
|
|t:|1781442949
|-end|p2a: Great Tusk|Protosynthesis|[silent]
|switch|p2a: Ogerpon|Ogerpon-Cornerstone, F|25/100 tox
|move|p1a: Talonflame|Defog|p2a: Ogerpon
|-unboost|p2a: Ogerpon|evasion|1
|-sideend|p1: RadiantSol|Stealth Rock|[from] move: Defog|[of] p1a: Talonflame
|-fieldend|move: Grassy Terrain
|
|-damage|p2a: Ogerpon|19/100 tox|[from] psn
|upkeep
|turn|41
|
|t:|1781442958
|switch|p2a: Hoopa|Hoopa-Unbound|99/100
|move|p1a: Talonflame|Protect||[still]
|-fail|p1a: Talonflame
|
|upkeep
|turn|42
|
|t:|1781442961
|switch|p1a: Muk|Muk-Alola, M|92/100
|move|p2a: Hoopa|Psychic Noise|p1a: Muk
|-immune|p1a: Muk
|
|upkeep
|turn|43
|
|t:|1781442969
|switch|p2a: Pecharunt|Pecharunt|100/100
|move|p1a: Muk|Knock Off|p2a: Pecharunt
|-supereffective|p2a: Pecharunt
|-damage|p2a: Pecharunt|67/100
|-damage|p1a: Muk|76/100|[from] item: Rocky Helmet|[of] p2a: Pecharunt
|-enditem|p2a: Pecharunt|Rocky Helmet|[from] move: Knock Off|[of] p1a: Muk
|
|upkeep
|turn|44
|inactive|Battle timer is ON: inactive players will automatically lose when time's up. (requested by RadiantSol)
|
|t:|1781442979
|switch|p1a: Espeon|Espeon, F, shiny|99/100
|move|p2a: Pecharunt|Malignant Chain|p1a: Espeon
|-damage|p1a: Espeon|57/100
|
|-heal|p1a: Espeon|63/100|[from] item: Leftovers
|upkeep
|turn|45
|
|t:|1781442988
|switch|p2a: Hoopa|Hoopa-Unbound|99/100
|move|p1a: Espeon|Shadow Ball|p2a: Hoopa
|-damage|p2a: Hoopa|89/100
|-unboost|p2a: Hoopa|spd|1
|
|-heal|p1a: Espeon|69/100|[from] item: Leftovers
|upkeep
|turn|46
|
|t:|1781442995
|switch|p1a: Muk|Muk-Alola, M|76/100
|move|p2a: Hoopa|Knock Off|p1a: Muk
|-resisted|p1a: Muk
|-damage|p1a: Muk|59/100
|
|upkeep
|turn|47
|
|t:|1781442998
|move|p2a: Hoopa|Drain Punch|p1a: Muk
|-damage|p1a: Muk|29/100
|-heal|p2a: Hoopa|100/100|[from] drain|[of] p1a: Muk
|move|p1a: Muk|Knock Off|p2a: Hoopa
|-damage|p2a: Hoopa|62/100
|-status|p2a: Hoopa|psn|[from] ability: Poison Touch|[of] p1a: Muk
|-enditem|p2a: Hoopa|Assault Vest|[from] move: Knock Off|[of] p1a: Muk
|
|-damage|p2a: Hoopa|49/100 psn|[from] psn
|upkeep
|turn|48
|
|t:|1781443001
|move|p1a: Muk|Protect|p1a: Muk
|-singleturn|p1a: Muk|Protect
|move|p2a: Hoopa|Drain Punch|p1a: Muk
|-activate|p1a: Muk|move: Protect
|
|-damage|p2a: Hoopa|37/100 psn|[from] psn
|upkeep
|turn|49
|
|t:|1781443008
|move|p2a: Hoopa|Psychic Noise|p1a: Muk
|-immune|p1a: Muk
|move|p1a: Muk|Knock Off|p2a: Hoopa
|-damage|p2a: Hoopa|9/100 psn
|
|-damage|p2a: Hoopa|0 fnt|[from] psn
|faint|p2a: Hoopa
|upkeep
|
|t:|1781443011
|switch|p2a: Rillaboom|Rillaboom, M|7/100
|-fieldstart|move: Grassy Terrain|[from] ability: Grassy Surge|[of] p2a: Rillaboom
|turn|50
|
|t:|1781443020
|switch|p2a: Pecharunt|Pecharunt|67/100
|move|p1a: Muk|Shadow Sneak|p2a: Pecharunt
|-supereffective|p2a: Pecharunt
|-damage|p2a: Pecharunt|57/100
|
|-heal|p2a: Pecharunt|63/100|[from] Grassy Terrain
|-heal|p1a: Muk|35/100|[from] Grassy Terrain
|upkeep
|turn|51
|
|t:|1781443028
|move|p2a: Pecharunt|Parting Shot|p1a: Muk
|-unboost|p1a: Muk|atk|1
|-unboost|p1a: Muk|spa|1
|
|t:|1781443031
|switch|p2a: Hawlucha|Hawlucha, F, tera:Steel|44/100|[from] Parting Shot
|move|p1a: Muk|Knock Off|p2a: Hawlucha
|-damage|p2a: Hawlucha|22/100
|
|-heal|p2a: Hawlucha|28/100|[from] Grassy Terrain
|-heal|p1a: Muk|41/100|[from] Grassy Terrain
|upkeep
|turn|52
|
|t:|1781443038
|switch|p1a: Quagsire|Quagsire, F, tera:Poison|97/100
|move|p2a: Hawlucha|Encore||[still]
|-fail|p2a: Hawlucha
|
|-heal|p2a: Hawlucha|34/100|[from] Grassy Terrain
|-heal|p1a: Quagsire|100/100|[from] Grassy Terrain
|upkeep
|turn|53
|
|t:|1781443046
|move|p2a: Hawlucha|Swords Dance|p2a: Hawlucha
|-boost|p2a: Hawlucha|atk|2
|move|p1a: Quagsire|Liquidation|p2a: Hawlucha
|-damage|p2a: Hawlucha|0 fnt
|faint|p2a: Hawlucha
|
|upkeep
|
|t:|1781443053
|switch|p2a: Pecharunt|Pecharunt|63/100
|turn|54
|
|t:|1781443058
|move|p2a: Pecharunt|Shadow Ball|p1a: Quagsire
|-damage|p1a: Quagsire|65/100
|move|p1a: Quagsire|Stockpile|p1a: Quagsire
|-start|p1a: Quagsire|stockpile1
|-boost|p1a: Quagsire|def|1
|-boost|p1a: Quagsire|spd|1
|
|-heal|p2a: Pecharunt|69/100|[from] Grassy Terrain
|-heal|p1a: Quagsire|72/100|[from] Grassy Terrain
|-fieldend|move: Grassy Terrain
|upkeep
|turn|55
|
|t:|1781443063
|move|p2a: Pecharunt|Shadow Ball|p1a: Quagsire
|-damage|p1a: Quagsire|48/100
|-unboost|p1a: Quagsire|spd|1
|move|p1a: Quagsire|Liquidation|p2a: Pecharunt
|-damage|p2a: Pecharunt|57/100
|-unboost|p2a: Pecharunt|def|1
|
|upkeep
|turn|56
|
|t:|1781443069
|move|p2a: Pecharunt|Shadow Ball|p1a: Quagsire
|-damage|p1a: Quagsire|15/100
|-unboost|p1a: Quagsire|spd|1
|move|p1a: Quagsire|Recover|p1a: Quagsire
|-heal|p1a: Quagsire|65/100
|
|upkeep
|turn|57
|
|t:|1781443076
|switch|p1a: Muk|Muk-Alola, M|41/100
|move|p2a: Pecharunt|Parting Shot|p1a: Muk
|-unboost|p1a: Muk|atk|1
|-unboost|p1a: Muk|spa|1
|
|t:|1781443079
|switch|p2a: Rillaboom|Rillaboom, M|7/100|[from] Parting Shot
|-fieldstart|move: Grassy Terrain|[from] ability: Grassy Surge|[of] p2a: Rillaboom
|
|-heal|p2a: Rillaboom|13/100|[from] Grassy Terrain
|-heal|p1a: Muk|47/100|[from] Grassy Terrain
|upkeep
|turn|58
|
|t:|1781443084
|switch|p2a: Pecharunt|Pecharunt|57/100
|switch|p1a: Quagsire|Quagsire, F, tera:Poison|65/100
|
|-heal|p2a: Pecharunt|63/100|[from] Grassy Terrain
|-heal|p1a: Quagsire|72/100|[from] Grassy Terrain
|upkeep
|turn|59
|
|t:|1781443088
|switch|p1a: Muk|Muk-Alola, M|47/100
|move|p2a: Pecharunt|Shadow Ball|p1a: Muk
|-resisted|p1a: Muk
|-damage|p1a: Muk|39/100
|-unboost|p1a: Muk|spd|1
|
|-heal|p2a: Pecharunt|69/100|[from] Grassy Terrain
|-heal|p1a: Muk|45/100|[from] Grassy Terrain
|upkeep
|turn|60
|
|t:|1781443091
|move|p2a: Pecharunt|Malignant Chain|p1a: Muk
|-resisted|p1a: Muk
|-damage|p1a: Muk|29/100
|move|p1a: Muk|Knock Off|p2a: Pecharunt
|-supereffective|p2a: Pecharunt
|-damage|p2a: Pecharunt|48/100
|
|-heal|p2a: Pecharunt|54/100|[from] Grassy Terrain
|-heal|p1a: Muk|35/100|[from] Grassy Terrain
|upkeep
|turn|61
|
|t:|1781443097
|move|p2a: Pecharunt|Shadow Ball|p1a: Muk
|-resisted|p1a: Muk
|-damage|p1a: Muk|22/100
|-unboost|p1a: Muk|spd|1
|move|p1a: Muk|Knock Off|p2a: Pecharunt
|-supereffective|p2a: Pecharunt
|-damage|p2a: Pecharunt|33/100
|
|-heal|p2a: Pecharunt|39/100|[from] Grassy Terrain
|-heal|p1a: Muk|28/100|[from] Grassy Terrain
|-fieldend|move: Grassy Terrain
|upkeep
|turn|62
|
|t:|1781443102
|move|p2a: Pecharunt|Shadow Ball|p1a: Muk
|-resisted|p1a: Muk
|-damage|p1a: Muk|13/100
|move|p1a: Muk|Knock Off|p2a: Pecharunt
|-supereffective|p2a: Pecharunt
|-damage|p2a: Pecharunt|15/100
|
|upkeep
|turn|63
|
|t:|1781443109
|switch|p2a: Great Tusk|Great Tusk|60/100 brn
|switch|p1a: Ninetales|Ninetales-Alola, F, shiny|100/100
|-weather|Snowscape|[from] ability: Snow Warning|[of] p1a: Ninetales
|
|-weather|Snowscape|[upkeep]
|-damage|p2a: Great Tusk|54/100 brn|[from] brn
|upkeep
|turn|64
|
|t:|1781443116
|move|p1a: Ninetales|Freeze-Dry|p2a: Great Tusk
|-supereffective|p2a: Great Tusk
|-damage|p2a: Great Tusk|1/100 brn
|move|p2a: Great Tusk|Stealth Rock|p1a: Ninetales
|-sidestart|p1: RadiantSol|move: Stealth Rock
|
|-weather|Snowscape|[upkeep]
|-damage|p2a: Great Tusk|0 fnt|[from] brn
|faint|p2a: Great Tusk
|-end|p2a: Great Tusk|Protosynthesis|[silent]
|upkeep
|
|t:|1781443124
|switch|p2a: Rillaboom|Rillaboom, M|13/100
|-fieldstart|move: Grassy Terrain|[from] ability: Grassy Surge|[of] p2a: Rillaboom
|turn|65
|
|t:|1781443129
|move|p2a: Rillaboom|Grassy Glide|p1a: Ninetales
|-damage|p1a: Ninetales|65/100
|move|p1a: Ninetales|Aurora Veil|p1a: Ninetales
|-sidestart|p1: RadiantSol|move: Aurora Veil
|
|-weather|Snowscape|[upkeep]
|-heal|p1a: Ninetales|71/100|[from] Grassy Terrain
|-heal|p2a: Rillaboom|19/100|[from] Grassy Terrain
|upkeep
|turn|66
|
|t:|1781443134
|move|p2a: Rillaboom|Grassy Glide|p1a: Ninetales
|-damage|p1a: Ninetales|56/100
|move|p1a: Ninetales|Freeze-Dry|p2a: Rillaboom
|-supereffective|p2a: Rillaboom
|-crit|p2a: Rillaboom
|-damage|p2a: Rillaboom|0 fnt
|faint|p2a: Rillaboom
|
|-weather|Snowscape|[upkeep]
|-heal|p1a: Ninetales|62/100|[from] Grassy Terrain
|upkeep
|
|t:|1781443139
|switch|p2a: Pecharunt|Pecharunt|15/100
|turn|67
|
|t:|1781443141
|move|p1a: Ninetales|Freeze-Dry|p2a: Pecharunt
|-damage|p2a: Pecharunt|0 fnt
|faint|p2a: Pecharunt
|
|-weather|none
|-heal|p1a: Ninetales|68/100|[from] Grassy Terrain
|upkeep
|
|t:|1781443143
|switch|p2a: Ogerpon|Ogerpon-Cornerstone, F|19/100 tox
|turn|68
|
|t:|1781443145
|move|p1a: Ninetales|Protect|p1a: Ninetales
|-singleturn|p1a: Ninetales|Protect
|move|p2a: Ogerpon|Ivy Cudgel|p1a: Ninetales|[anim] Ivy Cudgel Rock
|-activate|p1a: Ninetales|move: Protect
|
|-heal|p1a: Ninetales|74/100|[from] Grassy Terrain
|-heal|p2a: Ogerpon|25/100 tox|[from] Grassy Terrain
|-damage|p2a: Ogerpon|19/100 tox|[from] psn
|upkeep
|turn|69
|
|t:|1781443154
|switch|p1a: Muk|Muk-Alola, M|13/100
|-damage|p1a: Muk|0 fnt|[from] Stealth Rock
|faint|p1a: Muk
|move|p2a: Ogerpon|Ivy Cudgel|p1: Muk|[notarget]
|-fail|p2a: Ogerpon
|
|-heal|p2a: Ogerpon|25/100 tox|[from] Grassy Terrain
|-damage|p2a: Ogerpon|13/100 tox|[from] psn
|-fieldend|move: Grassy Terrain
|upkeep
|
|t:|1781443157
|switch|p1a: Quagsire|Quagsire, F, tera:Poison|72/100
|-damage|p1a: Quagsire|59/100|[from] Stealth Rock
|turn|70
|
|t:|1781443159
|move|p2a: Ogerpon|Ivy Cudgel|p1a: Quagsire|[anim] Ivy Cudgel Rock
|-damage|p1a: Quagsire|37/100
|move|p1a: Quagsire|Liquidation|p2a: Ogerpon
|-damage|p2a: Ogerpon|0 fnt
|faint|p2a: Ogerpon
|
|win|RadiantSol
|raw|RadiantSol's rating: 1523 &rarr; <strong>1546</strong><br />(+23 for winning)
|raw|jameshardensucks's rating: 1579 &rarr; <strong>1556</strong><br />(-23 for losing)
|l|☆RadiantSol
|player|p1|
|l|☆jameshardensucks
|player|p2|
