|j|☆Nat889
|j|☆LowEL0God
|t:|1780988115
|gametype|singles
|player|p1|Nat889|miku-ghost|1620
|player|p2|LowEL0God|265|1618
|gen|9
|tier|[Gen 9] OU
|rated|
|rule|HP Percentage Mod: HP is shown in percentages
|rule|Endless Battle Clause: Forcing endless battles is banned
|rule|Species Clause: Limit one of each Pokémon
|rule|OHKO Clause: OHKO moves are banned
|rule|Evasion Items Clause: Evasion items are banned
|rule|Evasion Moves Clause: Evasion moves are banned
|rule|Evasion Abilities Clause: Evasion abilities are banned
|rule|Sleep Moves Clause: Sleep-inducing moves are banned
|clearpoke
|poke|p1|Kingambit, F|
|poke|p1|Zapdos|
|poke|p1|Primarina, M|
|poke|p1|Clodsire, F|
|poke|p1|Cinderace, F|
|poke|p1|Deoxys-Speed|
|poke|p2|Pelipper, F|
|poke|p2|Torkoal, M|
|poke|p2|Walking Wake|
|poke|p2|Kyurem|
|poke|p2|Ninetales-Alola, F|
|poke|p2|Ogerpon-Wellspring, F|
|teampreview
|c|☆LowEL0God|hf
|inactive|Battle timer is ON: inactive players will automatically lose when time's up. (requested by LowEL0God)
|c|☆Nat889|u2
|c|☆Nat889|galaxy gas team
|
|t:|1780988147
|teamsize|p1|6
|teamsize|p2|6
|start
|switch|p1a: BonnieBoost|Deoxys-Speed|100/100
|switch|p2a: Ninetales|Ninetales-Alola, F|100/100
|-ability|p1a: BonnieBoost|Pressure
|-weather|Snowscape|[from] ability: Snow Warning|[of] p2a: Ninetales
|turn|1
|inactive|Nat889 has 120 seconds left.
|
|t:|1780988196
|move|p1a: BonnieBoost|Psycho Boost|p2a: Ninetales
|-damage|p2a: Ninetales|11/100
|-unboost|p1a: BonnieBoost|spa|2
|move|p2a: Ninetales|Aurora Veil|p2a: Ninetales
|-sidestart|p2: LowEL0God|move: Aurora Veil
|
|-weather|Snowscape|[upkeep]
|upkeep
|turn|2
|
|t:|1780988206
|switch|p2a: Ogerpon|Ogerpon-Wellspring, F|100/100
|move|p1a: BonnieBoost|Psycho Boost|p2a: Ogerpon
|-damage|p2a: Ogerpon|73/100
|-unboost|p1a: BonnieBoost|spa|2
|
|-weather|Snowscape|[upkeep]
|upkeep
|turn|3
|
|t:|1780988215
|switch|p1a: DosSta.D.I.X|Zapdos|100/100
|move|p2a: Ogerpon|Swords Dance|p2a: Ogerpon
|-boost|p2a: Ogerpon|atk|2
|
|-weather|Snowscape|[upkeep]
|upkeep
|turn|4
|inactive|Nat889 has 120 seconds left.
|
|t:|1780988225
|move|p2a: Ogerpon|Ivy Cudgel|p1a: DosSta.D.I.X|[anim] Ivy Cudgel Water
|-damage|p1a: DosSta.D.I.X|13/100
|move|p1a: DosSta.D.I.X|Hurricane|p2a: Ogerpon|[miss]
|-miss|p1a: DosSta.D.I.X|p2a: Ogerpon
|
|-weather|Snowscape|[upkeep]
|upkeep
|turn|5
|
|t:|1780988231
|move|p2a: Ogerpon|Horn Leech|p1a: DosSta.D.I.X
|-resisted|p1a: DosSta.D.I.X
|-damage|p1a: DosSta.D.I.X|0 fnt
|-heal|p2a: Ogerpon|82/100|[from] drain|[of] p1a: DosSta.D.I.X
|faint|p1a: DosSta.D.I.X
|
|-weather|Snowscape|[upkeep]
|-sideend|p2: LowEL0God|move: Aurora Veil
|upkeep
|inactive|Nat889 has 120 seconds left.
|
|t:|1780988250
|switch|p1a: BonnieBoost|Deoxys-Speed|100/100
|-ability|p1a: BonnieBoost|Pressure
|turn|6
|inactive|Nat889 has 120 seconds left.
|
|t:|1780988255
|switch|p2a: Ninetales|Ninetales-Alola, F|11/100
|move|p1a: BonnieBoost|Psycho Boost|p2a: Ninetales
|-damage|p2a: Ninetales|0 fnt
|-unboost|p1a: BonnieBoost|spa|2
|faint|p2a: Ninetales
|
|-weather|Snowscape|[upkeep]
|upkeep
|
|t:|1780988255
|switch|p2a: Hurricane Spam|Pelipper, F, shiny|100/100
|-weather|RainDance|[from] ability: Drizzle|[of] p2a: Hurricane Spam
|turn|7
|inactive|Nat889 has 120 seconds left.
|
|t:|1780988280
|switch|p1a: DonnieCourtman|Cinderace, F|100/100
|move|p2a: Hurricane Spam|Hurricane|p1a: DonnieCourtman
|-damage|p1a: DonnieCourtman|9/100
|
|-weather|RainDance|[upkeep]
|upkeep
|turn|8
|
|t:|1780988290
|move|p1a: DonnieCourtman|U-turn|p2a: Hurricane Spam
|-resisted|p2a: Hurricane Spam
|-damage|p2a: Hurricane Spam|91/100
|
|t:|1780988301
|switch|p1a: LaurynChill|Primarina, M|100/100|[from] U-turn
|move|p2a: Hurricane Spam|Hurricane|p1a: LaurynChill
|-damage|p1a: LaurynChill|60/100
|-start|p1a: LaurynChill|confusion
|
|-weather|RainDance|[upkeep]
|upkeep
|turn|9
|
|t:|1780988310
|move|p2a: Hurricane Spam|Hurricane|p1a: LaurynChill
|-damage|p1a: LaurynChill|20/100
|-activate|p1a: LaurynChill|confusion
|move|p1a: LaurynChill|Moonblast|p2a: Hurricane Spam
|-crit|p2a: Hurricane Spam
|-damage|p2a: Hurricane Spam|0 fnt
|faint|p2a: Hurricane Spam
|
|-weather|RainDance|[upkeep]
|upkeep
|
|t:|1780988311
|switch|p2a: Ogerpon|Ogerpon-Wellspring, F|82/100
|turn|10
|inactive|Nat889 has 120 seconds left.
|
|t:|1780988325
|move|p2a: Ogerpon|Ivy Cudgel|p1a: LaurynChill|[anim] Ivy Cudgel Water
|-resisted|p1a: LaurynChill
|-damage|p1a: LaurynChill|0 fnt
|faint|p1a: LaurynChill
|
|-weather|RainDance|[upkeep]
|upkeep
|inactive|Nat889 has 120 seconds left.
|
|t:|1780988330
|switch|p1a: BonnieBoost|Deoxys-Speed|100/100
|-ability|p1a: BonnieBoost|Pressure
|turn|11
|
|t:|1780988336
|move|p1a: BonnieBoost|Psycho Boost|p2a: Ogerpon
|-damage|p2a: Ogerpon|0 fnt
|-unboost|p1a: BonnieBoost|spa|2
|faint|p2a: Ogerpon
|
|-weather|none
|upkeep
|
|t:|1780988336
|switch|p2a: Walking Wake|Walking Wake|100/100
|turn|12
|
|t:|1780988344
|switch|p1a: DonnieCourtman|Cinderace, F|9/100
|move|p2a: Walking Wake|Hydro Steam|p1a: DonnieCourtman
|-supereffective|p1a: DonnieCourtman
|-damage|p1a: DonnieCourtman|0 fnt
|faint|p1a: DonnieCourtman
|
|upkeep
|
|t:|1780988356
|switch|p1a: SwitchinStature|Clodsire, F|100/100
|turn|13
|
|t:|1780988362
|-end|p2a: Walking Wake|Protosynthesis|[silent]
|switch|p2a: Kyurem|Kyurem|100/100
|-ability|p2a: Kyurem|Pressure
|-terastallize|p1a: SwitchinStature|Fairy
|move|p1a: SwitchinStature|Toxic|p2a: Kyurem
|-status|p2a: Kyurem|tox
|
|-damage|p2a: Kyurem|94/100 tox|[from] psn
|upkeep
|turn|14
|
|t:|1780988383
|move|p2a: Kyurem|Icicle Spear|p1a: SwitchinStature
|-damage|p1a: SwitchinStature|91/100
|-damage|p1a: SwitchinStature|81/100
|-hitcount|p1a: SwitchinStature|2
|move|p1a: SwitchinStature|Recover|p1a: SwitchinStature
|-heal|p1a: SwitchinStature|100/100
|
|-damage|p2a: Kyurem|82/100 tox|[from] psn
|upkeep
|turn|15
|
|t:|1780988392
|switch|p2a: Torkoal|Torkoal, M|100/100
|-weather|SunnyDay|[from] ability: Drought|[of] p2a: Torkoal
|move|p1a: SwitchinStature|Earthquake|p2a: Torkoal
|-supereffective|p2a: Torkoal
|-damage|p2a: Torkoal|71/100
|
|-weather|SunnyDay|[upkeep]
|upkeep
|turn|16
|
|t:|1780988401
|move|p2a: Torkoal|Lava Plume|p1a: SwitchinStature
|-damage|p1a: SwitchinStature|74/100
|move|p1a: SwitchinStature|Toxic|p2a: Torkoal
|-status|p2a: Torkoal|tox
|
|-weather|SunnyDay|[upkeep]
|-damage|p2a: Torkoal|65/100 tox|[from] psn
|upkeep
|turn|17
|
|t:|1780988410
|switch|p2a: Walking Wake|Walking Wake|100/100
|-activate|p2a: Walking Wake|ability: Protosynthesis
|-start|p2a: Walking Wake|protosynthesisspe
|move|p1a: SwitchinStature|Toxic|p2a: Walking Wake
|-status|p2a: Walking Wake|tox
|
|-weather|SunnyDay|[upkeep]
|-damage|p2a: Walking Wake|94/100 tox|[from] psn
|upkeep
|turn|18
|
|t:|1780988420
|move|p2a: Walking Wake|Flamethrower|p1a: SwitchinStature
|-damage|p1a: SwitchinStature|26/100
|move|p1a: SwitchinStature|Recover|p1a: SwitchinStature
|-heal|p1a: SwitchinStature|76/100
|
|-weather|SunnyDay|[upkeep]
|-damage|p2a: Walking Wake|82/100 tox|[from] psn
|upkeep
|turn|19
|
|t:|1780988428
|move|p2a: Walking Wake|Flamethrower|p1a: SwitchinStature
|-crit|p1a: SwitchinStature
|-damage|p1a: SwitchinStature|0 fnt
|faint|p1a: SwitchinStature
|
|-weather|SunnyDay|[upkeep]
|-damage|p2a: Walking Wake|64/100 tox|[from] psn
|upkeep
|
|t:|1780988438
|switch|p1a: OneWingedAngel|Kingambit, F|100/100
|-activate|p1a: OneWingedAngel|ability: Supreme Overlord
|-start|p1a: OneWingedAngel|fallen4|[silent]
|turn|20
|
|t:|1780988442
|-end|p2a: Walking Wake|Protosynthesis|[silent]
|switch|p2a: Torkoal|Torkoal, M|65/100 tox
|move|p1a: OneWingedAngel|Sucker Punch||[still]
|-fail|p1a: OneWingedAngel
|
|-weather|SunnyDay|[upkeep]
|-damage|p2a: Torkoal|59/100 tox|[from] psn
|upkeep
|turn|21
|
|t:|1780988449
|-end|p1a: OneWingedAngel|fallen4|[silent]
|switch|p1a: BonnieBoost|Deoxys-Speed|100/100
|-ability|p1a: BonnieBoost|Pressure
|move|p2a: Torkoal|Body Press|p1a: BonnieBoost
|-resisted|p1a: BonnieBoost
|-damage|p1a: BonnieBoost|77/100
|
|-weather|SunnyDay|[upkeep]
|-damage|p2a: Torkoal|46/100 tox|[from] psn
|upkeep
|turn|22
|
|t:|1780988465
|switch|p2a: Kyurem|Kyurem|82/100 tox
|-ability|p2a: Kyurem|Pressure
|move|p1a: BonnieBoost|Psycho Boost|p2a: Kyurem
|-damage|p2a: Kyurem|0 fnt
|-unboost|p1a: BonnieBoost|spa|2
|faint|p2a: Kyurem
|
|-weather|none
|upkeep
|
|t:|1780988465
|switch|p2a: Walking Wake|Walking Wake|64/100 tox
|turn|23
|
|t:|1780988478
|move|p1a: BonnieBoost|Psycho Boost|p2a: Walking Wake|[miss]
|-miss|p1a: BonnieBoost|p2a: Walking Wake
|move|p2a: Walking Wake|Flamethrower|p1a: BonnieBoost
|-damage|p1a: BonnieBoost|8/100
|
|-damage|p2a: Walking Wake|58/100 tox|[from] psn
|upkeep
|turn|24
|
|t:|1780988485
|move|p1a: BonnieBoost|Psycho Boost|p2a: Walking Wake
|-damage|p2a: Walking Wake|2/100 tox
|-unboost|p1a: BonnieBoost|spa|2
|move|p2a: Walking Wake|Flamethrower|p1a: BonnieBoost
|-damage|p1a: BonnieBoost|0 fnt
|faint|p1a: BonnieBoost
|
|-damage|p2a: Walking Wake|0 fnt|[from] psn
|faint|p2a: Walking Wake
|-end|p2a: Walking Wake|Protosynthesis|[silent]
|upkeep
|
|t:|1780988496
|switch|p1a: OneWingedAngel|Kingambit, F|100/100
|switch|p2a: Torkoal|Torkoal, M|46/100 tox
|-activate|p1a: OneWingedAngel|ability: Supreme Overlord
|-start|p1a: OneWingedAngel|fallen5|[silent]
|-weather|SunnyDay|[from] ability: Drought|[of] p2a: Torkoal
|turn|25
|
|t:|1780988508
|move|p1a: OneWingedAngel|Kowtow Cleave|p2a: Torkoal
|-damage|p2a: Torkoal|4/100 tox
|move|p2a: Torkoal|Body Press|p1a: OneWingedAngel
|-supereffective|p1a: OneWingedAngel
|-damage|p1a: OneWingedAngel|0 fnt
|faint|p1a: OneWingedAngel
|-end|p1a: OneWingedAngel|fallen5|[silent]
|
|win|LowEL0God
|raw|Nat889's rating: 1620 &rarr; <strong>1600</strong><br />(-20 for losing)
|raw|LowEL0God's rating: 1618 &rarr; <strong>1638</strong><br />(+20 for winning)
|c|☆Nat889|gg
|c|☆LowEL0God|gg
|l|☆LowEL0God
|player|p2|
|l|☆Nat889
|player|p1|
