|j|☆team10thPlanet
|j|☆PepsiEnby
|t:|1780953674
|gametype|singles
|player|p1|team10thPlanet|veteran|1657
|player|p2|PepsiEnby|harlequin|1694
|gen|9
|tier|[Gen 9] OU
|rated|
|rule|HP Percentage Mod: HP is shown in percentages
|rule|Endless Battle Clause: Forcing endless battles is banned
|rule|Species Clause: Limit one of each Pokémon
|rule|OHKO Clause: OHKO moves are banned
|rule|Evasion Items Clause: Evasion items are banned
|rule|Evasion Moves Clause: Evasion moves are banned
|rule|Evasion Abilities Clause: Evasion abilities are banned
|rule|Sleep Moves Clause: Sleep-inducing moves are banned
|clearpoke
|poke|p1|Zamazenta-*|
|poke|p1|Dragonite, M|
|poke|p1|Araquanid, M|
|poke|p1|Iron Treads|
|poke|p1|Hoopa-Unbound|
|poke|p1|Enamorus, F|
|poke|p2|Alomomola, F|
|poke|p2|Slowking-Galar, F|
|poke|p2|Cinderace, F|
|poke|p2|Glaceon, F|
|poke|p2|Ting-Lu|
|poke|p2|Salamence, M|
|teampreview
|j| Joltinjoe18
|inactive|Battle timer is ON: inactive players will automatically lose when time's up. (requested by PepsiEnby)
|
|t:|1780953683
|teamsize|p1|6
|teamsize|p2|6
|start
|switch|p1a: Iron Treads|Iron Treads|100/100
|switch|p2a: Slowking|Slowking-Galar, F, shiny|100/100
|-enditem|p1a: Iron Treads|Booster Energy
|-activate|p1a: Iron Treads|ability: Quark Drive|[fromitem]
|-start|p1a: Iron Treads|quarkdrivespe
|turn|1
|
|t:|1780953693
|move|p1a: Iron Treads|Earthquake|p2a: Slowking
|-supereffective|p2a: Slowking
|-damage|p2a: Slowking|35/100
|-prepare|p2a: Slowking|Chilly Reception|[premajor]
|move|p2a: Slowking|Chilly Reception|p2a: Slowking
|-weather|Snowscape
|
|t:|1780953701
|switch|p2a: Ting-Lu|Ting-Lu, shiny|100/100|[from] Chilly Reception
|-ability|p2a: Ting-Lu|Vessel of Ruin
|
|-weather|Snowscape|[upkeep]
|upkeep
|turn|2
|
|t:|1780953718
|-end|p1a: Iron Treads|Quark Drive|[silent]
|switch|p1a: Johnny Tsunami 🌊|Araquanid, M|100/100
|move|p2a: Ting-Lu|Earthquake|p1a: Johnny Tsunami 🌊
|-resisted|p1a: Johnny Tsunami 🌊
|-crit|p1a: Johnny Tsunami 🌊
|-damage|p1a: Johnny Tsunami 🌊|45/100
|
|-weather|Snowscape|[upkeep]
|upkeep
|turn|3
|
|t:|1780953727
|switch|p2a: Alomomola|Alomomola, F|100/100
|move|p1a: Johnny Tsunami 🌊|Endeavor|p2a: Alomomola
|-damage|p2a: Alomomola|32/100
|
|-weather|Snowscape|[upkeep]
|upkeep
|turn|4
|
|t:|1780953735
|move|p2a: Alomomola|Flip Turn|p1a: Johnny Tsunami 🌊
|-resisted|p1a: Johnny Tsunami 🌊
|-damage|p1a: Johnny Tsunami 🌊|32/100
|
|t:|1780953739
|switch|p2a: Slowking|Slowking-Galar, F, shiny|68/100|[from] Flip Turn
|move|p1a: Johnny Tsunami 🌊|Surf|p2a: Slowking
|-damage|p2a: Slowking|25/100
|
|-weather|Snowscape|[upkeep]
|-heal|p2a: Slowking|31/100|[from] item: Black Sludge
|upkeep
|turn|5
|
|t:|1780953749
|switch|p2a: Alomomola|Alomomola, F|65/100
|move|p1a: Johnny Tsunami 🌊|Surf|p2a: Alomomola
|-resisted|p2a: Alomomola
|-damage|p2a: Alomomola|47/100
|
|-weather|none
|upkeep
|turn|6
|
|t:|1780953758
|switch|p1a: Hoopa|Hoopa-Unbound|100/100
|move|p2a: Alomomola|Liquidation|p1a: Hoopa
|-damage|p1a: Hoopa|46/100
|
|upkeep
|turn|7
|
|t:|1780953766
|switch|p2a: Salamence|Salamence, M|100/100
|-ability|p2a: Salamence|Intimidate|boost
|-unboost|p1a: Hoopa|atk|1
|move|p1a: Hoopa|Knock Off|p2a: Salamence
|-damage|p2a: Salamence|77/100
|-enditem|p2a: Salamence|Heavy-Duty Boots|[from] move: Knock Off|[of] p1a: Hoopa
|
|upkeep
|turn|8
|inactive|team10thPlanet has 120 seconds left.
|
|t:|1780953800
|switch|p1a: Zamazenta|Zamazenta|100/100
|-ability|p1a: Zamazenta|Dauntless Shield|boost
|-boost|p1a: Zamazenta|def|1
|switch|p2a: Slowking|Slowking-Galar, F, shiny|64/100
|
|-heal|p2a: Slowking|71/100|[from] item: Black Sludge
|upkeep
|turn|9
|inactive|team10thPlanet has 120 seconds left.
|
|t:|1780953816
|move|p1a: Zamazenta|Crunch|p2a: Slowking
|-supereffective|p2a: Slowking
|-damage|p2a: Slowking|21/100
|-damage|p1a: Zamazenta|91/100|[from] item: Life Orb
|-prepare|p2a: Slowking|Chilly Reception|[premajor]
|move|p2a: Slowking|Chilly Reception|p2a: Slowking
|-weather|Snowscape
|
|t:|1780953821
|switch|p2a: Salamence|Salamence, M|77/100|[from] Chilly Reception
|-ability|p2a: Salamence|Intimidate|boost
|-unboost|p1a: Zamazenta|atk|1
|
|-weather|Snowscape|[upkeep]
|upkeep
|turn|10
|
|t:|1780953829
|switch|p1a: Johnny Tsunami 🌊|Araquanid, M|32/100
|switch|p2a: Slowking|Slowking-Galar, F, shiny|54/100
|
|-weather|Snowscape|[upkeep]
|-heal|p2a: Slowking|60/100|[from] item: Black Sludge
|upkeep
|turn|11
|
|t:|1780953839
|move|p1a: Johnny Tsunami 🌊|Endeavor|p2a: Slowking
|-damage|p2a: Slowking|28/100
|move|p2a: Slowking|Toxic|p1a: Johnny Tsunami 🌊
|-status|p1a: Johnny Tsunami 🌊|tox
|
|-weather|Snowscape|[upkeep]
|-heal|p2a: Slowking|34/100|[from] item: Black Sludge
|-damage|p1a: Johnny Tsunami 🌊|26/100 tox|[from] psn
|upkeep
|turn|12
|
|t:|1780953849
|switch|p2a: Alomomola|Alomomola, F|80/100
|move|p1a: Johnny Tsunami 🌊|Endeavor|p2a: Alomomola
|-damage|p2a: Alomomola|18/100
|
|-weather|Snowscape|[upkeep]
|-damage|p1a: Johnny Tsunami 🌊|14/100 tox|[from] psn
|upkeep
|turn|13
|-enditem|p1a: Johnny Tsunami 🌊|Custap Berry|[eat]
|-activate|p1a: Johnny Tsunami 🌊|item: Custap Berry|[consumed]
|
|t:|1780953859
|switch|p2a: Slowking|Slowking-Galar, F, shiny|67/100
|move|p1a: Johnny Tsunami 🌊|Endeavor|p2a: Slowking
|-damage|p2a: Slowking|12/100
|
|-weather|none
|-heal|p2a: Slowking|18/100|[from] item: Black Sludge
|-damage|p1a: Johnny Tsunami 🌊|0 fnt|[from] psn
|faint|p1a: Johnny Tsunami 🌊
|upkeep
|j| Lowladderubersnoob
|inactive|team10thPlanet has 120 seconds left.
|
|t:|1780953890
|switch|p1a: Iron Treads|Iron Treads|100/100
|turn|14
|j| Puyu paz
|
|t:|1780953895
|switch|p2a: Salamence|Salamence, M|77/100
|-ability|p2a: Salamence|Intimidate|boost
|-unboost|p1a: Iron Treads|atk|1
|move|p1a: Iron Treads|Earthquake|p2a: Salamence
|-immune|p2a: Salamence
|
|upkeep
|turn|15
|inactive|team10thPlanet has 120 seconds left.
|
|t:|1780953902
|switch|p2a: Alomomola|Alomomola, F|52/100
|move|p1a: Iron Treads|Ice Spinner|p2a: Alomomola
|-resisted|p2a: Alomomola
|-damage|p2a: Alomomola|45/100
|
|upkeep
|turn|16
|inactive|team10thPlanet has 120 seconds left.
|
|t:|1780953922
|-end|p1a: Iron Treads|Quark Drive|[silent]
|switch|p1a: Fat Boy|Dragonite, M, shiny|100/100
|move|p2a: Alomomola|Flip Turn|p1a: Fat Boy
|-resisted|p1a: Fat Boy
|-damage|p1a: Fat Boy|96/100
|
|t:|1780953928
|switch|p2a: Cinderace|Cinderace, F|100/100|[from] Flip Turn
|
|upkeep
|turn|17
|inactive|team10thPlanet has 120 seconds left.
|
|t:|1780953939
|move|p2a: Cinderace|Will-O-Wisp|p1a: Fat Boy
|-status|p1a: Fat Boy|brn
|move|p1a: Fat Boy|Outrage|p2a: Cinderace
|-damage|p2a: Cinderace|38/100
|
|-damage|p1a: Fat Boy|89/100 brn|[from] brn
|upkeep
|turn|18
|
|t:|1780953949
|move|p2a: Cinderace|U-turn|p1a: Fat Boy
|-resisted|p1a: Fat Boy
|-damage|p1a: Fat Boy|82/100 brn
|
|t:|1780953950
|switch|p2a: Alomomola|Alomomola, F|78/100|[from] U-turn
|move|p1a: Fat Boy|Outrage|p2a: Alomomola|[from] lockedmove
|-damage|p2a: Alomomola|38/100
|-start|p1a: Fat Boy|confusion|[fatigue]
|
|-damage|p1a: Fat Boy|75/100 brn|[from] brn
|upkeep
|turn|19
|
|t:|1780953961
|switch|p2a: Slowking|Slowking-Galar, F, shiny|51/100
|-activate|p1a: Fat Boy|confusion
|-damage|p1a: Fat Boy|60/100 brn|[from] confusion
|
|-heal|p2a: Slowking|57/100|[from] item: Black Sludge
|-damage|p1a: Fat Boy|54/100 brn|[from] brn
|upkeep
|turn|20
|
|t:|1780953970
|-activate|p1a: Fat Boy|confusion
|move|p1a: Fat Boy|Outrage|p2a: Slowking
|-damage|p2a: Slowking|20/100
|-prepare|p2a: Slowking|Chilly Reception|[premajor]
|move|p2a: Slowking|Chilly Reception|p2a: Slowking
|-weather|Snowscape
|
|t:|1780953976
|switch|p2a: Salamence|Salamence, M|77/100|[from] Chilly Reception
|-ability|p2a: Salamence|Intimidate|boost
|-unboost|p1a: Fat Boy|atk|1
|
|-weather|Snowscape|[upkeep]
|-damage|p1a: Fat Boy|47/100 brn|[from] brn
|upkeep
|turn|21
|j| Golem Rising
|
|t:|1780953984
|switch|p2a: Slowking|Slowking-Galar, F, shiny|53/100
|-end|p1a: Fat Boy|confusion
|move|p1a: Fat Boy|Outrage|p2a: Slowking|[from] lockedmove
|-damage|p2a: Slowking|27/100
|
|-weather|Snowscape|[upkeep]
|-heal|p2a: Slowking|33/100|[from] item: Black Sludge
|-damage|p1a: Fat Boy|41/100 brn|[from] brn
|upkeep
|turn|22
|
|t:|1780953995
|switch|p2a: Alomomola|Alomomola, F|71/100
|move|p1a: Fat Boy|Outrage|p2a: Alomomola|[from] lockedmove
|-damage|p2a: Alomomola|43/100
|-start|p1a: Fat Boy|confusion|[fatigue]
|
|-weather|Snowscape|[upkeep]
|-damage|p1a: Fat Boy|35/100 brn|[from] brn
|upkeep
|turn|23
|
|t:|1780954005
|-activate|p1a: Fat Boy|confusion
|move|p1a: Fat Boy|Outrage|p2a: Alomomola
|-damage|p2a: Alomomola|13/100
|move|p2a: Alomomola|Flip Turn|p1a: Fat Boy
|-resisted|p1a: Fat Boy
|-damage|p1a: Fat Boy|25/100 brn
|
|t:|1780954008
|switch|p2a: Slowking|Slowking-Galar, F, shiny|67/100|[from] Flip Turn
|
|-weather|Snowscape|[upkeep]
|-heal|p2a: Slowking|73/100|[from] item: Black Sludge
|-damage|p1a: Fat Boy|18/100 brn|[from] brn
|upkeep
|turn|24
|
|t:|1780954018
|-activate|p1a: Fat Boy|confusion
|move|p1a: Fat Boy|Outrage|p2a: Slowking|[from] lockedmove
|-damage|p2a: Slowking|49/100
|-prepare|p2a: Slowking|Chilly Reception|[premajor]
|move|p2a: Slowking|Chilly Reception|p2a: Slowking
|
|t:|1780954023
|switch|p2a: Alomomola|Alomomola, F|47/100|[from] Chilly Reception
|
|-weather|none
|-damage|p1a: Fat Boy|12/100 brn|[from] brn
|upkeep
|turn|25
|
|t:|1780954030
|switch|p2a: Slowking|Slowking-Galar, F, shiny|83/100
|-end|p1a: Fat Boy|confusion
|move|p1a: Fat Boy|Outrage|p2a: Slowking
|-damage|p2a: Slowking|56/100
|
|-heal|p2a: Slowking|62/100|[from] item: Black Sludge
|-damage|p1a: Fat Boy|6/100 brn|[from] brn
|upkeep
|turn|26
|
|t:|1780954040
|switch|p2a: Alomomola|Alomomola, F|80/100
|move|p1a: Fat Boy|Outrage|p2a: Alomomola|[from] lockedmove
|-damage|p2a: Alomomola|49/100
|-start|p1a: Fat Boy|confusion|[fatigue]
|
|-damage|p1a: Fat Boy|0 fnt|[from] brn
|faint|p1a: Fat Boy
|upkeep
|l| Golem Rising
|inactive|team10thPlanet has 120 seconds left.
|
|t:|1780954084
|switch|p1a: Iron Treads|Iron Treads|100/100
|turn|27
|
|t:|1780954092
|switch|p2a: Salamence|Salamence, M|77/100
|-ability|p2a: Salamence|Intimidate|boost
|-unboost|p1a: Iron Treads|atk|1
|move|p1a: Iron Treads|Ice Spinner|p2a: Salamence
|-supereffective|p2a: Salamence
|-damage|p2a: Salamence|27/100
|
|upkeep
|turn|28
|inactive|team10thPlanet has 120 seconds left.
|
|t:|1780954102
|switch|p2a: Alomomola|Alomomola, F|82/100
|move|p1a: Iron Treads|Ice Spinner|p2a: Alomomola
|-resisted|p2a: Alomomola
|-damage|p2a: Alomomola|76/100
|
|upkeep
|turn|29
|
|t:|1780954110
|-end|p1a: Iron Treads|Quark Drive|[silent]
|switch|p1a: Hoopa|Hoopa-Unbound|46/100
|move|p2a: Alomomola|Flip Turn|p1a: Hoopa
|-damage|p1a: Hoopa|3/100
|
|t:|1780954134
|switch|p2a: Glaceon|Glaceon, F, shiny|100/100|[from] Flip Turn
|
|upkeep
|turn|30
|inactive|team10thPlanet has 120 seconds left.
|
|t:|1780954156
|move|p1a: Hoopa|Knock Off|p2a: Glaceon
|-damage|p2a: Glaceon|57/100
|-enditem|p2a: Glaceon|Heavy-Duty Boots|[from] move: Knock Off|[of] p1a: Hoopa
|move|p2a: Glaceon|Copycat|p2a: Glaceon
|move|p2a: Glaceon|Knock Off|p1a: Hoopa|[from] move: Copycat
|-damage|p1a: Hoopa|0 fnt
|-enditem|p1a: Hoopa|Choice Scarf|[from] move: Knock Off|[of] p2a: Glaceon
|faint|p1a: Hoopa
|
|upkeep
|inactive|team10thPlanet has 120 seconds left.
|
|t:|1780954168
|switch|p1a: Iron Treads|Iron Treads|100/100
|turn|31
|inactive|team10thPlanet has 120 seconds left.
|
|t:|1780954175
|move|p1a: Iron Treads|Ice Spinner|p2a: Glaceon
|-resisted|p2a: Glaceon
|-damage|p2a: Glaceon|45/100
|move|p2a: Glaceon|Mud Shot|p1a: Iron Treads
|-supereffective|p1a: Iron Treads
|-damage|p1a: Iron Treads|40/100
|-unboost|p1a: Iron Treads|spe|1
|
|upkeep
|turn|32
|
|t:|1780954185
|switch|p2a: Salamence|Salamence, M|27/100
|-ability|p2a: Salamence|Intimidate|boost
|-unboost|p1a: Iron Treads|atk|1
|move|p1a: Iron Treads|Earthquake|p2a: Salamence
|-immune|p2a: Salamence
|
|upkeep
|turn|33
|
|t:|1780954196
|-end|p1a: Iron Treads|Quark Drive|[silent]
|switch|p1a: Zamazenta|Zamazenta|91/100
|move|p2a: Salamence|Roost|p2a: Salamence
|-heal|p2a: Salamence|77/100
|-singleturn|p2a: Salamence|move: Roost
|
|upkeep
|turn|34
|
|t:|1780954211
|switch|p2a: Slowking|Slowking-Galar, F, shiny|96/100
|move|p1a: Zamazenta|Ice Fang|p2a: Slowking
|-damage|p2a: Slowking|76/100
|-damage|p1a: Zamazenta|81/100|[from] item: Life Orb
|
|-heal|p2a: Slowking|82/100|[from] item: Black Sludge
|upkeep
|turn|35
|
|t:|1780954223
|move|p1a: Zamazenta|Ice Fang|p2a: Slowking
|-damage|p2a: Slowking|61/100
|-damage|p1a: Zamazenta|71/100|[from] item: Life Orb
|-prepare|p2a: Slowking|Chilly Reception|[premajor]
|move|p2a: Slowking|Chilly Reception|p2a: Slowking
|-weather|Snowscape
|
|t:|1780954227
|switch|p2a: Salamence|Salamence, M|77/100|[from] Chilly Reception
|-ability|p2a: Salamence|Intimidate|boost
|-unboost|p1a: Zamazenta|atk|1
|
|-weather|Snowscape|[upkeep]
|upkeep
|turn|36
|-message|team10thPlanet forfeited.
|
|win|PepsiEnby
|raw|team10thPlanet's rating: 1657 &rarr; <strong>1639</strong><br />(-18 for losing)
|raw|PepsiEnby's rating: 1694 &rarr; <strong>1712</strong><br />(+18 for winning)
|l|☆PepsiEnby
|player|p2|
|l| Joltinjoe18
|l| Puyu paz
|l|☆team10thPlanet
|player|p1|
|l| Lowladderubersnoob
