|j|☆GreninjaMyFav
|j|☆isaac_gam3r
|t:|1781059761
|gametype|singles
|player|p1|GreninjaMyFav|skyla|1664
|player|p2|isaac_gam3r|acetrainer-gen4dp|1728
|gen|9
|tier|[Gen 9] OU
|rated|
|rule|HP Percentage Mod: HP is shown in percentages
|rule|Endless Battle Clause: Forcing endless battles is banned
|rule|Species Clause: Limit one of each Pokémon
|rule|OHKO Clause: OHKO moves are banned
|rule|Evasion Items Clause: Evasion items are banned
|rule|Evasion Moves Clause: Evasion moves are banned
|rule|Evasion Abilities Clause: Evasion abilities are banned
|rule|Sleep Moves Clause: Sleep-inducing moves are banned
|clearpoke
|poke|p1|Greninja-*, F|
|poke|p1|Raging Bolt|
|poke|p1|Kingambit, M|
|poke|p1|Great Tusk|
|poke|p1|Slowking-Galar, F|
|poke|p1|Corviknight, F|
|poke|p2|Primarina, F|
|poke|p2|Raging Bolt|
|poke|p2|Heatran, M|
|poke|p2|Weezing-Galar, M|
|poke|p2|Garchomp, M|
|poke|p2|Weavile, M|
|teampreview
|inactive|Battle timer is ON: inactive players will automatically lose when time's up. (requested by isaac_gam3r)
|
|t:|1781059766
|teamsize|p1|6
|teamsize|p2|6
|start
|switch|p1a: Greninja|Greninja, F|100/100
|switch|p2a: Primarina|Primarina, F, shiny|100/100
|turn|1
|j| biscoitotroll
|
|t:|1781059770
|move|p1a: Greninja|Sludge Wave|p2a: Primarina
|-start|p1a: Greninja|typechange|Poison|[from] ability: Protean
|-supereffective|p2a: Primarina
|-damage|p2a: Primarina|5/100
|move|p2a: Primarina|Calm Mind|p2a: Primarina
|-boost|p2a: Primarina|spa|1
|-boost|p2a: Primarina|spd|1
|
|-heal|p2a: Primarina|11/100|[from] item: Leftovers
|upkeep
|turn|2
|
|t:|1781059777
|switch|p1a: Raging Bolt|Raging Bolt|100/100
|move|p2a: Primarina|Protect||[still]
|-fail|p2a: Primarina
|
|-heal|p2a: Primarina|17/100|[from] item: Leftovers
|upkeep
|turn|3
|
|t:|1781059781
|move|p2a: Primarina|Protect|p2a: Primarina
|-singleturn|p2a: Primarina|Protect
|move|p1a: Raging Bolt|Volt Switch|p2a: Primarina
|-activate|p2a: Primarina|move: Protect
|
|-heal|p2a: Primarina|23/100|[from] item: Leftovers
|upkeep
|turn|4
|
|t:|1781059783
|switch|p2a: Garchomp|Garchomp, M|100/100
|move|p1a: Raging Bolt|Volt Switch|p2a: Garchomp
|-immune|p2a: Garchomp
|
|upkeep
|turn|5
|
|t:|1781059786
|-end|p1a: Raging Bolt|Protosynthesis|[silent]
|switch|p1a: Corviknight|Corviknight, F|100/100
|-ability|p1a: Corviknight|Pressure
|move|p2a: Garchomp|Earthquake|p1a: Corviknight
|-immune|p1a: Corviknight
|
|upkeep
|turn|6
|
|t:|1781059791
|switch|p2a: Heatran|Heatran, M|100/100
|move|p1a: Corviknight|U-turn|p2a: Heatran
|-resisted|p2a: Heatran
|-damage|p2a: Heatran|98/100
|
|t:|1781059792
|switch|p1a: Greninja|Greninja, F|100/100|[from] U-turn
|
|upkeep
|turn|7
|
|t:|1781059795
|switch|p2a: Primarina|Primarina, F, shiny|23/100
|move|p1a: Greninja|Hydro Pump|p2a: Primarina
|-start|p1a: Greninja|typechange|Water|[from] ability: Protean
|-resisted|p2a: Primarina
|-damage|p2a: Primarina|0 fnt
|faint|p2a: Primarina
|
|upkeep
|
|t:|1781059798
|switch|p2a: Raging Bolt|Raging Bolt|100/100
|turn|8
|
|t:|1781059802
|switch|p1a: Slowking|Slowking-Galar, F|100/100
|move|p2a: Raging Bolt|Dragon Pulse|p1a: Slowking
|-damage|p1a: Slowking|69/100
|
|upkeep
|turn|9
|
|t:|1781059804
|move|p2a: Raging Bolt|Calm Mind|p2a: Raging Bolt
|-boost|p2a: Raging Bolt|spa|1
|-boost|p2a: Raging Bolt|spd|1
|-prepare|p1a: Slowking|Chilly Reception|[premajor]
|move|p1a: Slowking|Chilly Reception|p1a: Slowking
|-weather|Snowscape
|
|t:|1781059806
|switch|p1a: Great Tusk|Great Tusk|100/100|[from] Chilly Reception
|
|-weather|Snowscape|[upkeep]
|upkeep
|turn|10
|
|t:|1781059809
|-terastallize|p2a: Raging Bolt|Fairy
|move|p1a: Great Tusk|Headlong Rush|p2a: Raging Bolt
|-damage|p2a: Raging Bolt|47/100
|-unboost|p1a: Great Tusk|def|1
|-unboost|p1a: Great Tusk|spd|1
|move|p2a: Raging Bolt|Dragon Pulse|p1a: Great Tusk
|-damage|p1a: Great Tusk|0 fnt
|faint|p1a: Great Tusk
|-end|p1a: Great Tusk|Protosynthesis|[silent]
|
|-weather|Snowscape|[upkeep]
|-heal|p2a: Raging Bolt|54/100|[from] item: Leftovers
|upkeep
|
|t:|1781059813
|switch|p1a: Kingambit|Kingambit, M|100/100
|-activate|p1a: Kingambit|ability: Supreme Overlord
|-start|p1a: Kingambit|fallen1|[silent]
|turn|11
|
|t:|1781059816
|-end|p2a: Raging Bolt|Protosynthesis|[silent]
|switch|p2a: Weezing|Weezing-Galar, M, shiny|100/100
|move|p1a: Kingambit|Iron Head|p2a: Weezing
|-supereffective|p2a: Weezing
|-damage|p2a: Weezing|39/100
|
|-weather|Snowscape|[upkeep]
|-heal|p2a: Weezing|45/100|[from] item: Black Sludge
|upkeep
|turn|12
|
|t:|1781059819
|-end|p1a: Kingambit|fallen1|[silent]
|switch|p1a: Slowking|Slowking-Galar, F|100/100
|move|p2a: Weezing|Will-O-Wisp|p1a: Slowking
|-status|p1a: Slowking|brn
|
|-weather|Snowscape|[upkeep]
|-heal|p2a: Weezing|51/100|[from] item: Black Sludge
|-damage|p1a: Slowking|94/100 brn|[from] brn
|upkeep
|turn|13
|
|t:|1781059822
|switch|p2a: Garchomp|Garchomp, M|100/100
|-prepare|p1a: Slowking|Chilly Reception|[premajor]
|move|p1a: Slowking|Chilly Reception|p1a: Slowking
|
|t:|1781059824
|switch|p1a: Corviknight|Corviknight, F|100/100|[from] Chilly Reception
|-ability|p1a: Corviknight|Pressure
|
|-weather|none
|upkeep
|turn|14
|
|t:|1781059827
|switch|p2a: Raging Bolt|Raging Bolt, tera:Fairy|54/100
|move|p1a: Corviknight|Roost||[still]
|-fail|p1a: Corviknight|heal
|
|-heal|p2a: Raging Bolt|60/100|[from] item: Leftovers
|upkeep
|turn|15
|
|t:|1781059833
|switch|p1a: Slowking|Slowking-Galar, F|100/100 brn
|move|p2a: Raging Bolt|Calm Mind|p2a: Raging Bolt
|-boost|p2a: Raging Bolt|spa|1
|-boost|p2a: Raging Bolt|spd|1
|
|-heal|p2a: Raging Bolt|66/100|[from] item: Leftovers
|-damage|p1a: Slowking|94/100 brn|[from] brn
|upkeep
|turn|16
|
|t:|1781059836
|move|p2a: Raging Bolt|Calm Mind|p2a: Raging Bolt
|-boost|p2a: Raging Bolt|spa|1
|-boost|p2a: Raging Bolt|spd|1
|move|p1a: Slowking|Sludge Bomb|p2a: Raging Bolt
|-supereffective|p2a: Raging Bolt
|-damage|p2a: Raging Bolt|38/100
|
|-heal|p2a: Raging Bolt|44/100|[from] item: Leftovers
|-damage|p1a: Slowking|88/100 brn|[from] brn
|upkeep
|turn|17
|
|t:|1781059839
|switch|p1a: Kingambit|Kingambit, M|100/100
|-activate|p1a: Kingambit|ability: Supreme Overlord
|-start|p1a: Kingambit|fallen1|[silent]
|move|p2a: Raging Bolt|Thunderbolt|p1a: Kingambit
|-damage|p1a: Kingambit|5/100
|
|-heal|p2a: Raging Bolt|50/100|[from] item: Leftovers
|upkeep
|turn|18
|
|t:|1781059845
|move|p2a: Raging Bolt|Thunderclap|p1a: Kingambit
|-damage|p1a: Kingambit|0 fnt
|faint|p1a: Kingambit
|-end|p1a: Kingambit|fallen1|[silent]
|
|-heal|p2a: Raging Bolt|56/100|[from] item: Leftovers
|upkeep
|
|t:|1781059849
|switch|p1a: Greninja|Greninja, F|100/100
|turn|19
|
|t:|1781059853
|-terastallize|p1a: Greninja|Ground
|move|p2a: Raging Bolt|Thunderclap|p1a: Greninja
|-immune|p1a: Greninja
|move|p1a: Greninja|Sludge Wave|p2a: Raging Bolt
|-supereffective|p2a: Raging Bolt
|-damage|p2a: Raging Bolt|22/100
|
|-heal|p2a: Raging Bolt|28/100|[from] item: Leftovers
|upkeep
|turn|20
|
|t:|1781059862
|switch|p1a: Corviknight|Corviknight, F|100/100
|-ability|p1a: Corviknight|Pressure
|-end|p2a: Raging Bolt|Protosynthesis|[silent]
|switch|p2a: Garchomp|Garchomp, M|100/100
|
|upkeep
|turn|21
|
|t:|1781059865
|switch|p2a: Heatran|Heatran, M|98/100
|move|p1a: Corviknight|U-turn|p2a: Heatran
|-resisted|p2a: Heatran
|-damage|p2a: Heatran|95/100
|
|t:|1781059867
|switch|p1a: Greninja|Greninja, F, tera:Ground|100/100|[from] U-turn
|
|upkeep
|turn|22
|
|t:|1781059869
|switch|p1a: Raging Bolt|Raging Bolt|100/100
|switch|p2a: Garchomp|Garchomp, M|100/100
|
|upkeep
|turn|23
|
|t:|1781059874
|switch|p2a: Raging Bolt|Raging Bolt, tera:Fairy|28/100
|-end|p1a: Raging Bolt|Protosynthesis|[silent]
|switch|p1a: Corviknight|Corviknight, F|100/100
|-ability|p1a: Corviknight|Pressure
|
|-heal|p2a: Raging Bolt|34/100|[from] item: Leftovers
|upkeep
|turn|24
|
|t:|1781059879
|switch|p1a: Greninja|Greninja, F, tera:Ground|100/100
|move|p2a: Raging Bolt|Calm Mind|p2a: Raging Bolt
|-boost|p2a: Raging Bolt|spa|1
|-boost|p2a: Raging Bolt|spd|1
|
|-heal|p2a: Raging Bolt|40/100|[from] item: Leftovers
|upkeep
|turn|25
|
|t:|1781059882
|move|p1a: Greninja|Sludge Wave|p2a: Raging Bolt
|-supereffective|p2a: Raging Bolt
|-damage|p2a: Raging Bolt|0 fnt
|faint|p2a: Raging Bolt
|-end|p2a: Raging Bolt|Protosynthesis|[silent]
|
|upkeep
|
|t:|1781059887
|switch|p2a: Heatran|Heatran, M|95/100
|turn|26
|
|t:|1781059888
|switch|p1a: Raging Bolt|Raging Bolt|100/100
|move|p2a: Heatran|Earth Power|p1a: Raging Bolt
|-supereffective|p1a: Raging Bolt
|-damage|p1a: Raging Bolt|37/100
|
|upkeep
|turn|27
|
|t:|1781059893
|move|p1a: Raging Bolt|Thunderclap|p2a: Heatran
|-damage|p2a: Heatran|60/100
|move|p2a: Heatran|Lava Plume|p1a: Raging Bolt
|-resisted|p1a: Raging Bolt
|-damage|p1a: Raging Bolt|17/100
|
|upkeep
|turn|28
|
|t:|1781059895
|move|p1a: Raging Bolt|Thunderclap|p2a: Heatran
|-damage|p2a: Heatran|24/100
|move|p2a: Heatran|Earth Power|p1a: Raging Bolt
|-supereffective|p1a: Raging Bolt
|-damage|p1a: Raging Bolt|0 fnt
|faint|p1a: Raging Bolt
|-end|p1a: Raging Bolt|Protosynthesis|[silent]
|
|upkeep
|
|t:|1781059897
|switch|p1a: Greninja|Greninja, F, tera:Ground|100/100
|turn|29
|
|t:|1781059900
|switch|p2a: Weezing|Weezing-Galar, M, shiny|51/100
|move|p1a: Greninja|Hydro Pump|p2a: Weezing|[miss]
|-miss|p1a: Greninja|p2a: Weezing
|
|-heal|p2a: Weezing|57/100|[from] item: Black Sludge
|upkeep
|turn|30
|
|t:|1781059907
|switch|p2a: Garchomp|Garchomp, M|100/100
|move|p1a: Greninja|Hydro Pump|p2a: Garchomp|[miss]
|-miss|p1a: Greninja|p2a: Garchomp
|
|upkeep
|turn|31
|
|t:|1781059910
|switch|p1a: Corviknight|Corviknight, F|100/100
|-ability|p1a: Corviknight|Pressure
|move|p2a: Garchomp|Outrage|p1a: Corviknight
|-resisted|p1a: Corviknight
|-damage|p1a: Corviknight|81/100
|-damage|p2a: Garchomp|84/100|[from] item: Rocky Helmet|[of] p1a: Corviknight
|
|upkeep
|turn|32
|
|t:|1781059913
|move|p2a: Garchomp|Outrage|p1a: Corviknight|[from] lockedmove
|-resisted|p1a: Corviknight
|-damage|p1a: Corviknight|62/100
|-damage|p2a: Garchomp|67/100|[from] item: Rocky Helmet|[of] p1a: Corviknight
|-start|p2a: Garchomp|confusion|[fatigue]
|move|p1a: Corviknight|Roost|p1a: Corviknight
|-heal|p1a: Corviknight|100/100
|-singleturn|p1a: Corviknight|move: Roost
|
|upkeep
|turn|33
|
|t:|1781059915
|switch|p2a: Heatran|Heatran, M|24/100
|move|p1a: Corviknight|Roost||[still]
|-fail|p1a: Corviknight|heal
|
|upkeep
|turn|34
|
|t:|1781059917
|switch|p1a: Greninja|Greninja, F, tera:Ground|100/100
|move|p2a: Heatran|Lava Plume|p1a: Greninja
|-damage|p1a: Greninja|36/100
|
|upkeep
|turn|35
|
|t:|1781059919
|switch|p2a: Garchomp|Garchomp, M|67/100
|move|p1a: Greninja|Hydro Pump|p2a: Garchomp
|-damage|p2a: Garchomp|0 fnt
|faint|p2a: Garchomp
|
|upkeep
|
|t:|1781059924
|switch|p2a: Weavile|Weavile, M|100/100
|-ability|p2a: Weavile|Pressure
|turn|36
|
|t:|1781059926
|switch|p2a: Heatran|Heatran, M|24/100
|switch|p1a: Corviknight|Corviknight, F|100/100
|-ability|p1a: Corviknight|Pressure
|
|upkeep
|turn|37
|
|t:|1781059928
|switch|p1a: Slowking|Slowking-Galar, F|100/100 brn
|move|p2a: Heatran|Lava Plume|p1a: Slowking
|-damage|p1a: Slowking|78/100 brn
|
|-damage|p1a: Slowking|72/100 brn|[from] brn
|upkeep
|turn|38
|
|t:|1781059930
|move|p2a: Heatran|Earth Power|p1a: Slowking
|-supereffective|p1a: Slowking
|-damage|p1a: Slowking|37/100 brn
|-prepare|p1a: Slowking|Chilly Reception|[premajor]
|move|p1a: Slowking|Chilly Reception|p1a: Slowking
|-weather|Snowscape
|
|t:|1781059932
|switch|p1a: Greninja|Greninja, F, tera:Ground|36/100|[from] Chilly Reception
|
|-weather|Snowscape|[upkeep]
|upkeep
|turn|39
|
|t:|1781059936
|switch|p2a: Weezing|Weezing-Galar, M, shiny|57/100
|move|p1a: Greninja|Hydro Pump|p2a: Weezing
|-damage|p2a: Weezing|0 fnt
|faint|p2a: Weezing
|
|-weather|Snowscape|[upkeep]
|upkeep
|
|t:|1781059937
|switch|p2a: Weavile|Weavile, M|100/100
|-ability|p2a: Weavile|Pressure
|turn|40
|
|t:|1781059939
|switch|p1a: Corviknight|Corviknight, F|100/100
|-ability|p1a: Corviknight|Pressure
|move|p2a: Weavile|Knock Off|p1a: Corviknight
|-damage|p1a: Corviknight|73/100
|-damage|p2a: Weavile|84/100|[from] item: Rocky Helmet|[of] p1a: Corviknight
|-enditem|p1a: Corviknight|Rocky Helmet|[from] move: Knock Off|[of] p2a: Weavile
|
|-weather|Snowscape|[upkeep]
|upkeep
|turn|41
|
|t:|1781059942
|switch|p2a: Heatran|Heatran, M|24/100
|move|p1a: Corviknight|U-turn|p2a: Heatran
|-resisted|p2a: Heatran
|-damage|p2a: Heatran|21/100
|
|t:|1781059943
|switch|p1a: Greninja|Greninja, F, tera:Ground|36/100|[from] U-turn
|
|-weather|Snowscape|[upkeep]
|upkeep
|turn|42
|c|☆isaac_gam3r|Gg
|-message|isaac_gam3r forfeited.
|
|win|GreninjaMyFav
|raw|GreninjaMyFav's rating: 1664 &rarr; <strong>1688</strong><br />(+24 for winning)
|raw|isaac_gam3r's rating: 1728 &rarr; <strong>1704</strong><br />(-24 for losing)
|l|☆isaac_gam3r
|player|p2|
|c|☆GreninjaMyFav|gg
|l|☆GreninjaMyFav
|player|p1|
|l| biscoitotroll
