|j|☆NebulaTrainer
|j|☆jd2sleepy
|t:|1781383646
|gametype|singles
|player|p1|NebulaTrainer|cynthia-gen4|1540
|player|p2|jd2sleepy|blackbelt-gen4dp|1588
|gen|9
|tier|[Gen 9] OU
|rated|
|rule|HP Percentage Mod: HP is shown in percentages
|rule|Endless Battle Clause: Forcing endless battles is banned
|rule|Species Clause: Limit one of each Pokémon
|rule|OHKO Clause: OHKO moves are banned
|rule|Evasion Items Clause: Evasion items are banned
|rule|Evasion Moves Clause: Evasion moves are banned
|rule|Evasion Abilities Clause: Evasion abilities are banned
|rule|Sleep Moves Clause: Sleep-inducing moves are banned
|clearpoke
|poke|p1|Tornadus-Therian, M|
|poke|p1|Heatran, M|
|poke|p1|Hippowdon, M|
|poke|p1|Keldeo-Resolute|
|poke|p1|Excadrill, M|
|poke|p1|Hydrapple, F|
|poke|p2|Glimmora, F|
|poke|p2|Gholdengo|
|poke|p2|Ceruledge, M|
|poke|p2|Kingambit, F|
|poke|p2|Ogerpon-Wellspring, F|
|poke|p2|Cobalion|
|teampreview
|
|t:|1781383660
|teamsize|p1|6
|teamsize|p2|6
|start
|switch|p1a: Keldeo|Keldeo-Resolute, shiny|100/100
|switch|p2a: WhySoGlim|Glimmora, F|100/100
|turn|1
|
|t:|1781383666
|move|p1a: Keldeo|Hydro Pump|p2a: WhySoGlim
|-supereffective|p2a: WhySoGlim
|-enditem|p2a: WhySoGlim|Focus Sash
|-damage|p2a: WhySoGlim|1/100
|move|p2a: WhySoGlim|Stealth Rock|p1a: Keldeo
|-sidestart|p1: NebulaTrainer|move: Stealth Rock
|
|upkeep
|turn|2
|
|t:|1781383674
|switch|p1a: Heatran|Heatran, M, shiny|100/100
|-damage|p1a: Heatran|88/100|[from] Stealth Rock
|move|p2a: WhySoGlim|Power Gem|p1a: Heatran
|-damage|p1a: Heatran|61/100
|
|-heal|p1a: Heatran|68/100|[from] item: Leftovers
|upkeep
|turn|3
|
|t:|1781383683
|move|p1a: Heatran|Protect|p1a: Heatran
|-singleturn|p1a: Heatran|Protect
|move|p2a: WhySoGlim|Earth Power|p1a: Heatran
|-activate|p1a: Heatran|move: Protect
|
|-heal|p1a: Heatran|74/100|[from] item: Leftovers
|upkeep
|turn|4
|
|t:|1781383691
|move|p2a: WhySoGlim|Power Gem|p1a: Heatran
|-damage|p1a: Heatran|49/100
|move|p1a: Heatran|Earth Power|p2a: WhySoGlim
|-supereffective|p2a: WhySoGlim
|-damage|p2a: WhySoGlim|0 fnt
|faint|p2a: WhySoGlim
|
|-heal|p1a: Heatran|56/100|[from] item: Leftovers
|upkeep
|
|t:|1781383695
|switch|p2a: Cudge Judy|Ogerpon-Wellspring, F|100/100
|turn|5
|
|t:|1781383705
|switch|p1a: Hydrapple|Hydrapple, F, shiny|100/100
|move|p2a: Cudge Judy|Ivy Cudgel|p1a: Hydrapple|[anim] Ivy Cudgel Water
|-resisted|p1a: Hydrapple
|-damage|p1a: Hydrapple|89/100
|
|upkeep
|turn|6
|
|t:|1781383712
|move|p2a: Cudge Judy|Swords Dance|p2a: Cudge Judy
|-boost|p2a: Cudge Judy|atk|2
|move|p1a: Hydrapple|Fickle Beam|p2a: Cudge Judy
|-damage|p2a: Cudge Judy|54/100
|
|upkeep
|turn|7
|
|t:|1781383721
|-terastallize|p1a: Hydrapple|Fairy
|move|p2a: Cudge Judy|Play Rough|p1a: Hydrapple
|-damage|p1a: Hydrapple|38/100
|move|p1a: Hydrapple|Fickle Beam|p2a: Cudge Judy
|-damage|p2a: Cudge Judy|0 fnt
|faint|p2a: Cudge Judy
|
|upkeep
|
|t:|1781383735
|switch|p2a: Slayboi Carti|Ceruledge, M|100/100
|turn|8
|
|t:|1781383742
|switch|p1a: Hippowdon|Hippowdon, M, shiny|100/100
|-damage|p1a: Hippowdon|94/100|[from] Stealth Rock
|-weather|Sandstorm|[from] ability: Sand Stream|[of] p1a: Hippowdon
|move|p2a: Slayboi Carti|Poltergeist|p1a: Hippowdon
|-activate|p1a: Hippowdon|move: Poltergeist|Smooth Rock
|-damage|p1a: Hippowdon|53/100
|-damage|p2a: Slayboi Carti|91/100|[from] item: Life Orb
|
|-weather|Sandstorm|[upkeep]
|-damage|p2a: Slayboi Carti|84/100|[from] Sandstorm
|upkeep
|turn|9
|
|t:|1781383755
|move|p2a: Slayboi Carti|Swords Dance|p2a: Slayboi Carti
|-boost|p2a: Slayboi Carti|atk|2
|move|p1a: Hippowdon|Slack Off|p1a: Hippowdon
|-heal|p1a: Hippowdon|100/100
|
|-weather|Sandstorm|[upkeep]
|-damage|p2a: Slayboi Carti|78/100|[from] Sandstorm
|upkeep
|turn|10
|
|t:|1781383765
|move|p2a: Slayboi Carti|Poltergeist|p1a: Hippowdon
|-activate|p1a: Hippowdon|move: Poltergeist|Smooth Rock
|-damage|p1a: Hippowdon|28/100
|-damage|p2a: Slayboi Carti|68/100|[from] item: Life Orb
|move|p1a: Hippowdon|Earthquake|p2a: Slayboi Carti
|-supereffective|p2a: Slayboi Carti
|-damage|p2a: Slayboi Carti|0 fnt
|faint|p2a: Slayboi Carti
|
|-weather|Sandstorm|[upkeep]
|upkeep
|
|t:|1781383772
|switch|p2a: 平和|Kingambit, F|100/100
|-activate|p2a: 平和|ability: Supreme Overlord
|-start|p2a: 平和|fallen3|[silent]
|-item|p2a: 平和|Air Balloon
|turn|11
|
|t:|1781383781
|move|p2a: 平和|Low Kick|p1a: Hippowdon
|-damage|p1a: Hippowdon|0 fnt
|faint|p1a: Hippowdon
|
|-weather|Sandstorm|[upkeep]
|upkeep
|
|t:|1781383792
|switch|p1a: Keldeo|Keldeo-Resolute, shiny|100/100
|-damage|p1a: Keldeo|94/100|[from] Stealth Rock
|turn|12
|
|t:|1781383812
|-end|p2a: 平和|fallen3|[silent]
|switch|p2a: CoBeBallin|Cobalion|100/100
|move|p1a: Keldeo|Hydro Pump|p2a: CoBeBallin
|-damage|p2a: CoBeBallin|6/100
|
|-weather|Sandstorm|[upkeep]
|-damage|p1a: Keldeo|88/100|[from] Sandstorm
|-heal|p2a: CoBeBallin|13/100|[from] item: Leftovers
|upkeep
|turn|13
|
|t:|1781383825
|switch|p1a: Tornadus|Tornadus-Therian, M, shiny|100/100
|-damage|p1a: Tornadus|76/100|[from] Stealth Rock
|move|p2a: CoBeBallin|Body Press|p1a: Tornadus
|-resisted|p1a: Tornadus
|-damage|p1a: Tornadus|50/100
|
|-weather|Sandstorm|[upkeep]
|-damage|p1a: Tornadus|44/100|[from] Sandstorm
|-heal|p2a: CoBeBallin|19/100|[from] item: Leftovers
|upkeep
|turn|14
|
|t:|1781383838
|move|p1a: Tornadus|Heat Wave|p2a: CoBeBallin
|-supereffective|p2a: CoBeBallin
|-crit|p2a: CoBeBallin
|-damage|p2a: CoBeBallin|0 fnt
|faint|p2a: CoBeBallin
|
|-weather|Sandstorm|[upkeep]
|-damage|p1a: Tornadus|38/100|[from] Sandstorm
|upkeep
|
|t:|1781383846
|switch|p2a: 平和|Kingambit, F|100/100
|-activate|p2a: 平和|ability: Supreme Overlord
|-start|p2a: 平和|fallen4|[silent]
|-item|p2a: 平和|Air Balloon
|turn|15
|
|t:|1781383851
|move|p2a: 平和|Sucker Punch|p1a: Tornadus
|-damage|p1a: Tornadus|0 fnt
|faint|p1a: Tornadus
|
|-weather|none
|upkeep
|
|t:|1781383858
|switch|p1a: Keldeo|Keldeo-Resolute, shiny|88/100
|-damage|p1a: Keldeo|82/100|[from] Stealth Rock
|turn|16
|
|t:|1781383862
|-end|p2a: 平和|fallen4|[silent]
|switch|p2a: Dengos Domain|Gholdengo|100/100
|move|p1a: Keldeo|Hydro Pump|p2a: Dengos Domain
|-damage|p2a: Dengos Domain|0 fnt
|faint|p2a: Dengos Domain
|
|upkeep
|
|t:|1781383864
|switch|p2a: 平和|Kingambit, F|100/100
|-activate|p2a: 平和|ability: Supreme Overlord
|-start|p2a: 平和|fallen5|[silent]
|-item|p2a: 平和|Air Balloon
|turn|17
|
|t:|1781383873
|move|p1a: Keldeo|Hydro Pump|p2a: 平和
|-damage|p2a: 平和|9/100
|-enditem|p2a: 平和|Air Balloon
|move|p2a: 平和|Low Kick|p1a: Keldeo
|-damage|p1a: Keldeo|46/100
|
|upkeep
|turn|18
|
|t:|1781383881
|move|p1a: Keldeo|Hydro Pump|p2a: 平和|[miss]
|-miss|p1a: Keldeo|p2a: 平和
|move|p2a: 平和|Low Kick|p1a: Keldeo
|-damage|p1a: Keldeo|10/100
|
|upkeep
|turn|19
|
|t:|1781383897
|move|p1a: Keldeo|Hydro Pump|p2a: 平和
|-damage|p2a: 平和|0 fnt
|faint|p2a: 平和
|-end|p2a: 平和|fallen5|[silent]
|
|win|NebulaTrainer
|raw|NebulaTrainer's rating: 1540 &rarr; <strong>1563</strong><br />(+23 for winning)
|raw|jd2sleepy's rating: 1588 &rarr; <strong>1565</strong><br />(-23 for losing)
|l|☆jd2sleepy
|player|p2|
|l|☆NebulaTrainer
|player|p1|
