|j|☆COLFOFLOW
|j|☆fifodrummer
|t:|1780911334
|gametype|singles
|player|p1|COLFOFLOW|volkner|1626
|player|p2|fifodrummer|pokemaniac|1521
|gen|9
|tier|[Gen 9] OU
|rated|
|rule|HP Percentage Mod: HP is shown in percentages
|rule|Endless Battle Clause: Forcing endless battles is banned
|rule|Species Clause: Limit one of each Pokémon
|rule|OHKO Clause: OHKO moves are banned
|rule|Evasion Items Clause: Evasion items are banned
|rule|Evasion Moves Clause: Evasion moves are banned
|rule|Evasion Abilities Clause: Evasion abilities are banned
|rule|Sleep Moves Clause: Sleep-inducing moves are banned
|clearpoke
|poke|p1|Darkrai|
|poke|p1|Clodsire, F|
|poke|p1|Suicune|
|poke|p1|Lokix, M|
|poke|p1|Pecharunt|
|poke|p1|Corviknight, M|
|poke|p2|Pelipper, M|
|poke|p2|Raging Bolt|
|poke|p2|Overqwil, M|
|poke|p2|Ogerpon-Wellspring, F|
|poke|p2|Scizor, M|
|poke|p2|Kingdra, F|
|teampreview
|inactive|Battle timer is ON: inactive players will automatically lose when time's up. (requested by fifodrummer)
|
|t:|1780911347
|teamsize|p1|6
|teamsize|p2|6
|start
|switch|p1a: Darkrai|Darkrai|100/100
|switch|p2a: Nigel|Pelipper, M|100/100
|-weather|RainDance|[from] ability: Drizzle|[of] p2a: Nigel
|turn|1
|
|t:|1780911355
|move|p1a: Darkrai|Dark Pulse|p2a: Nigel
|-damage|p2a: Nigel|24/100
|move|p2a: Nigel|U-turn|p1a: Darkrai
|-supereffective|p1a: Darkrai
|-damage|p1a: Darkrai|79/100
|
|t:|1780911361
|switch|p2a: Spike|Overqwil, M, shiny|100/100|[from] U-turn
|
|-weather|RainDance|[upkeep]
|upkeep
|turn|2
|
|t:|1780911366
|switch|p1a: Clodsire|Clodsire, F|100/100
|move|p2a: Spike|Liquidation|p1a: Clodsire
|-immune|p1a: Clodsire|[from] ability: Water Absorb
|
|-weather|RainDance|[upkeep]
|upkeep
|turn|3
|
|t:|1780911374
|move|p2a: Spike|Crunch|p1a: Clodsire
|-damage|p1a: Clodsire|41/100
|-damage|p2a: Spike|91/100|[from] item: Life Orb
|move|p1a: Clodsire|Stealth Rock|p2a: Spike
|-sidestart|p2: fifodrummer|move: Stealth Rock
|
|-weather|RainDance|[upkeep]
|-heal|p1a: Clodsire|48/100|[from] item: Black Sludge
|upkeep
|turn|4
|
|t:|1780911383
|switch|p1a: Corviknight|Corviknight, M|100/100
|-ability|p1a: Corviknight|Pressure
|move|p2a: Spike|Crunch|p1a: Corviknight
|-damage|p1a: Corviknight|68/100
|-unboost|p1a: Corviknight|def|1
|-damage|p2a: Spike|74/100|[from] item: Rocky Helmet|[of] p1a: Corviknight
|-damage|p2a: Spike|64/100|[from] item: Life Orb
|
|-weather|RainDance|[upkeep]
|upkeep
|turn|5
|
|t:|1780911395
|switch|p1a: Suicune|Suicune|100/100
|-ability|p1a: Suicune|Pressure
|-terastallize|p2a: Spike|Water
|move|p2a: Spike|Liquidation|p1a: Suicune
|-resisted|p1a: Suicune
|-damage|p1a: Suicune|77/100
|-damage|p2a: Spike|54/100|[from] item: Life Orb
|
|-weather|RainDance|[upkeep]
|-heal|p1a: Suicune|83/100|[from] item: Leftovers
|upkeep
|turn|6
|
|t:|1780911408
|move|p2a: Spike|Crunch|p1a: Suicune
|-damage|p1a: Suicune|53/100
|-damage|p2a: Spike|44/100|[from] item: Life Orb
|move|p1a: Suicune|Scald|p2a: Spike
|-resisted|p2a: Spike
|-damage|p2a: Spike|13/100
|
|-weather|RainDance|[upkeep]
|-heal|p1a: Suicune|59/100|[from] item: Leftovers
|upkeep
|turn|7
|
|t:|1780911419
|switch|p2a: The Mask|Ogerpon-Wellspring, F|100/100
|-damage|p2a: The Mask|88/100|[from] Stealth Rock
|move|p1a: Suicune|Scald|p2a: The Mask
|-heal|p2a: The Mask|100/100|[from] ability: Water Absorb|[of] p1a: Suicune
|
|-weather|RainDance|[upkeep]
|-heal|p1a: Suicune|66/100|[from] item: Leftovers
|upkeep
|turn|8
|
|t:|1780911429
|switch|p1a: Pecharunt|Pecharunt|100/100
|move|p2a: The Mask|Swords Dance|p2a: The Mask
|-boost|p2a: The Mask|atk|2
|
|-weather|none
|upkeep
|turn|9
|
|t:|1780911437
|move|p2a: The Mask|Ivy Cudgel|p1a: Pecharunt|[anim] Ivy Cudgel Water
|-damage|p1a: Pecharunt|46/100
|move|p1a: Pecharunt|Malignant Chain|p2a: The Mask
|-supereffective|p2a: The Mask
|-damage|p2a: The Mask|26/100
|-status|p2a: The Mask|tox
|-start|p2a: The Mask|confusion|[from] ability: Poison Puppeteer|[of] p1a: Pecharunt
|
|-heal|p1a: Pecharunt|52/100|[from] item: Black Sludge
|-damage|p2a: The Mask|20/100 tox|[from] psn
|upkeep
|turn|10
|
|t:|1780911450
|-activate|p2a: The Mask|confusion
|move|p2a: The Mask|Horn Leech|p1a: Pecharunt
|-resisted|p1a: Pecharunt
|-damage|p1a: Pecharunt|30/100
|-heal|p2a: The Mask|34/100 tox|[from] drain|[of] p1a: Pecharunt
|move|p1a: Pecharunt|Recover|p1a: Pecharunt
|-heal|p1a: Pecharunt|80/100
|
|-heal|p1a: Pecharunt|86/100|[from] item: Black Sludge
|-damage|p2a: The Mask|22/100 tox|[from] psn
|upkeep
|turn|11
|
|t:|1780911476
|-activate|p2a: The Mask|confusion
|-damage|p2a: The Mask|0 fnt|[from] confusion
|faint|p2a: The Mask
|move|p1a: Pecharunt|Recover|p1a: Pecharunt
|-heal|p1a: Pecharunt|100/100
|
|upkeep
|
|t:|1780911484
|switch|p2a: Iron Claw|Scizor, M, shiny|100/100
|turn|12
|
|t:|1780911488
|move|p1a: Pecharunt|Shadow Ball|p2a: Iron Claw
|-damage|p2a: Iron Claw|65/100
|-unboost|p2a: Iron Claw|spd|1
|move|p2a: Iron Claw|Defog|p1a: Pecharunt
|-unboost|p1a: Pecharunt|evasion|1
|-sideend|p2: fifodrummer|Stealth Rock|[from] move: Defog|[of] p2a: Iron Claw
|
|upkeep
|turn|13
|
|t:|1780911497
|switch|p2a: High AF|Raging Bolt|100/100
|move|p1a: Pecharunt|Shadow Ball|p2a: High AF
|-crit|p2a: High AF
|-damage|p2a: High AF|65/100
|-unboost|p2a: High AF|spd|1
|
|upkeep
|turn|14
|
|t:|1780911507
|-end|p2a: High AF|Protosynthesis|[silent]
|switch|p2a: Nigel|Pelipper, M|24/100
|-weather|RainDance|[from] ability: Drizzle|[of] p2a: Nigel
|move|p1a: Pecharunt|Malignant Chain|p2a: Nigel
|-damage|p2a: Nigel|0 fnt
|faint|p2a: Nigel
|
|-weather|RainDance|[upkeep]
|upkeep
|inactive|fifodrummer has 120 seconds left.
|
|t:|1780911547
|switch|p2a: High AF|Raging Bolt|65/100
|turn|15
|
|t:|1780911554
|switch|p1a: Clodsire|Clodsire, F|48/100
|move|p2a: High AF|Dragon Pulse|p1a: Clodsire
|-damage|p1a: Clodsire|22/100
|
|-weather|RainDance|[upkeep]
|-heal|p1a: Clodsire|28/100|[from] item: Black Sludge
|upkeep
|turn|16
|
|t:|1780911562
|move|p2a: High AF|Dragon Pulse|p1a: Clodsire
|-damage|p1a: Clodsire|1/100
|move|p1a: Clodsire|Recover|p1a: Clodsire
|-heal|p1a: Clodsire|51/100
|
|-weather|RainDance|[upkeep]
|-heal|p1a: Clodsire|58/100|[from] item: Black Sludge
|upkeep
|turn|17
|
|t:|1780911571
|-end|p2a: High AF|Protosynthesis|[silent]
|switch|p2a: Iron Claw|Scizor, M, shiny|65/100
|move|p1a: Clodsire|Toxic|p2a: Iron Claw
|-immune|p2a: Iron Claw
|
|-weather|RainDance|[upkeep]
|-heal|p1a: Clodsire|64/100|[from] item: Black Sludge
|upkeep
|turn|18
|j| Kingtrainer
|j| choispecs ironmoth
|
|t:|1780911579
|switch|p1a: Corviknight|Corviknight, M|68/100
|-ability|p1a: Corviknight|Pressure
|move|p2a: Iron Claw|Swords Dance|p2a: Iron Claw
|-boost|p2a: Iron Claw|atk|2
|
|-weather|RainDance|[upkeep]
|upkeep
|turn|19
|
|t:|1780911592
|move|p1a: Corviknight|Body Press|p2a: Iron Claw
|-damage|p2a: Iron Claw|41/100
|move|p2a: Iron Claw|Dual Wingbeat|p1a: Corviknight
|-resisted|p1a: Corviknight
|-damage|p1a: Corviknight|54/100
|-damage|p2a: Iron Claw|25/100|[from] item: Rocky Helmet|[of] p1a: Corviknight
|-resisted|p1a: Corviknight
|-damage|p1a: Corviknight|39/100
|-damage|p2a: Iron Claw|9/100|[from] item: Rocky Helmet|[of] p1a: Corviknight
|-hitcount|p1a: Corviknight|2
|
|-weather|RainDance|[upkeep]
|upkeep
|turn|20
|
|t:|1780911604
|move|p2a: Iron Claw|Bullet Punch|p1a: Corviknight
|-resisted|p1a: Corviknight
|-damage|p1a: Corviknight|20/100
|-damage|p2a: Iron Claw|0 fnt|[from] item: Rocky Helmet|[of] p1a: Corviknight
|faint|p2a: Iron Claw
|move|p1a: Corviknight|Roost|p1a: Corviknight
|-heal|p1a: Corviknight|70/100
|-singleturn|p1a: Corviknight|move: Roost
|
|-weather|RainDance|[upkeep]
|upkeep
|l| Kingtrainer
|j| Liechiteladihul
|
|t:|1780911615
|switch|p2a: Spike|Overqwil, M, shiny, tera:Water|13/100
|turn|21
|
|t:|1780911620
|switch|p1a: Clodsire|Clodsire, F|64/100
|move|p2a: Spike|Crunch|p1a: Clodsire
|-damage|p1a: Clodsire|6/100
|-damage|p2a: Spike|3/100|[from] item: Life Orb
|
|-weather|none
|-heal|p1a: Clodsire|12/100|[from] item: Black Sludge
|upkeep
|turn|22
|
|t:|1780911629
|move|p2a: Spike|Crunch|p1a: Clodsire
|-damage|p1a: Clodsire|0 fnt
|faint|p1a: Clodsire
|-damage|p2a: Spike|0 fnt|[from] item: Life Orb
|faint|p2a: Spike
|
|upkeep
|
|t:|1780911637
|switch|p2a: High AF|Raging Bolt|65/100
|switch|p1a: Lokix|Lokix, M|100/100
|turn|23
|
|t:|1780911642
|-terastallize|p1a: Lokix|Bug
|move|p1a: Lokix|First Impression|p2a: High AF
|-damage|p2a: High AF|0 fnt
|faint|p2a: High AF
|-end|p2a: High AF|Protosynthesis|[silent]
|
|upkeep
|-message|fifodrummer forfeited.
|
|win|COLFOFLOW
|raw|COLFOFLOW's rating: 1626 &rarr; <strong>1640</strong><br />(+14 for winning)
|raw|fifodrummer's rating: 1521 &rarr; <strong>1507</strong><br />(-14 for losing)
|l|☆fifodrummer
|player|p2|
|l|☆COLFOFLOW
|player|p1|
|l| Liechiteladihul
|l| choispecs ironmoth
