|j|☆PlashShlate
|j|☆Miurez
|t:|1781232037
|gametype|singles
|player|p1|PlashShlate|shadowtriad|1663
|player|p2|Miurez|pokemonranger-gen4|1727
|gen|9
|tier|[Gen 9] OU
|rated|
|rule|HP Percentage Mod: HP is shown in percentages
|rule|Endless Battle Clause: Forcing endless battles is banned
|rule|Species Clause: Limit one of each Pokémon
|rule|OHKO Clause: OHKO moves are banned
|rule|Evasion Items Clause: Evasion items are banned
|rule|Evasion Moves Clause: Evasion moves are banned
|rule|Evasion Abilities Clause: Evasion abilities are banned
|rule|Sleep Moves Clause: Sleep-inducing moves are banned
|clearpoke
|poke|p1|Landorus-Therian, M|
|poke|p1|Gholdengo|
|poke|p1|Rillaboom, M|
|poke|p1|Walking Wake|
|poke|p1|Volcanion|
|poke|p1|Zamazenta-*|
|poke|p2|Iron Moth|
|poke|p2|Gliscor, F|
|poke|p2|Hatterene, F|
|poke|p2|Ogerpon-Wellspring, F|
|poke|p2|Raging Bolt|
|poke|p2|Zamazenta-*|
|teampreview
|inactive|Battle timer is ON: inactive players will automatically lose when time's up. (requested by PlashShlate)
|
|t:|1781232045
|teamsize|p1|6
|teamsize|p2|6
|start
|switch|p1a: Walking Wake|Walking Wake|100/100
|switch|p2a: Zamazenta|Zamazenta|100/100
|-ability|p2a: Zamazenta|Dauntless Shield|boost
|-boost|p2a: Zamazenta|def|1
|-enditem|p1a: Walking Wake|Booster Energy
|-activate|p1a: Walking Wake|ability: Protosynthesis|[fromitem]
|-start|p1a: Walking Wake|protosynthesisspa
|turn|1
|
|t:|1781232049
|move|p2a: Zamazenta|Close Combat|p1a: Walking Wake
|-damage|p1a: Walking Wake|46/100
|-unboost|p2a: Zamazenta|def|1
|-unboost|p2a: Zamazenta|spd|1
|move|p1a: Walking Wake|Surf|p2a: Zamazenta
|-damage|p2a: Zamazenta|25/100
|
|upkeep
|turn|2
|
|t:|1781232058
|move|p2a: Zamazenta|Close Combat|p1a: Walking Wake
|-damage|p1a: Walking Wake|0 fnt
|-unboost|p2a: Zamazenta|def|1
|-unboost|p2a: Zamazenta|spd|1
|faint|p1a: Walking Wake
|-end|p1a: Walking Wake|Protosynthesis|[silent]
|
|upkeep
|
|t:|1781232060
|switch|p1a: Landorus|Landorus-Therian, M|100/100
|-ability|p1a: Landorus|Intimidate|boost
|-unboost|p2a: Zamazenta|atk|1
|turn|3
|
|t:|1781232069
|switch|p2a: Hatterene|Hatterene, F|100/100
|move|p1a: Landorus|U-turn|p2a: Hatterene
|-damage|p2a: Hatterene|84/100
|
|t:|1781232071
|switch|p1a: Gholdengo|Gholdengo|100/100|[from] U-turn
|
|-heal|p2a: Hatterene|90/100|[from] item: Leftovers
|upkeep
|turn|4
|
|t:|1781232078
|switch|p2a: Ogerpon|Ogerpon-Wellspring, F|100/100
|move|p1a: Gholdengo|Shadow Ball|p2a: Ogerpon
|-damage|p2a: Ogerpon|55/100
|
|upkeep
|turn|5
|
|t:|1781232085
|switch|p1a: Volcanion|Volcanion|100/100
|move|p2a: Ogerpon|Ivy Cudgel|p1a: Volcanion|[anim] Ivy Cudgel Water
|-immune|p1a: Volcanion|[from] ability: Water Absorb
|
|upkeep
|turn|6
|
|t:|1781232096
|move|p2a: Ogerpon|Trailblaze|p1a: Volcanion
|-damage|p1a: Volcanion|68/100
|-boost|p2a: Ogerpon|spe|1
|move|p1a: Volcanion|Sludge Bomb|p2a: Ogerpon
|-supereffective|p2a: Ogerpon
|-damage|p2a: Ogerpon|0 fnt
|faint|p2a: Ogerpon
|
|upkeep
|
|t:|1781232101
|switch|p2a: Iron Moth|Iron Moth|100/100
|-enditem|p2a: Iron Moth|Booster Energy
|-activate|p2a: Iron Moth|ability: Quark Drive|[fromitem]
|-start|p2a: Iron Moth|quarkdrivespe
|turn|7
|
|t:|1781232115
|move|p2a: Iron Moth|Toxic Spikes|p1a: Volcanion
|-sidestart|p1: PlashShlate|move: Toxic Spikes
|move|p1a: Volcanion|Steam Eruption|p2a: Iron Moth
|-supereffective|p2a: Iron Moth
|-damage|p2a: Iron Moth|0 fnt
|faint|p2a: Iron Moth
|-end|p2a: Iron Moth|Quark Drive|[silent]
|
|upkeep
|
|t:|1781232121
|switch|p2a: Raging Bolt|Raging Bolt|100/100
|-enditem|p2a: Raging Bolt|Booster Energy
|-activate|p2a: Raging Bolt|ability: Protosynthesis|[fromitem]
|-start|p2a: Raging Bolt|protosynthesisspa
|turn|8
|
|t:|1781232124
|switch|p1a: Landorus|Landorus-Therian, M|100/100
|-ability|p1a: Landorus|Intimidate|boost
|-unboost|p2a: Raging Bolt|atk|1
|move|p2a: Raging Bolt|Thunderbolt|p1a: Landorus
|-immune|p1a: Landorus
|
|upkeep
|turn|9
|
|t:|1781232135
|-end|p2a: Raging Bolt|Protosynthesis|[silent]
|switch|p2a: Gliscor|Gliscor, F|100/100
|move|p1a: Landorus|U-turn|p2a: Gliscor
|-resisted|p2a: Gliscor
|-damage|p2a: Gliscor|92/100
|
|t:|1781232142
|switch|p1a: Rillaboom|Rillaboom, M|100/100|[from] U-turn
|-status|p1a: Rillaboom|psn
|-fieldstart|move: Grassy Terrain|[from] ability: Grassy Surge|[of] p1a: Rillaboom
|
|-damage|p1a: Rillaboom|88/100 psn|[from] psn
|-status|p2a: Gliscor|tox|[from] item: Toxic Orb
|upkeep
|turn|10
|
|t:|1781232149
|switch|p2a: Zamazenta|Zamazenta|25/100
|move|p1a: Rillaboom|Swords Dance|p1a: Rillaboom
|-boost|p1a: Rillaboom|atk|2
|
|-heal|p2a: Zamazenta|31/100|[from] Grassy Terrain
|-heal|p1a: Rillaboom|94/100 psn|[from] Grassy Terrain
|-damage|p1a: Rillaboom|82/100 psn|[from] psn
|upkeep
|turn|11
|
|t:|1781232153
|move|p1a: Rillaboom|Grassy Glide|p2a: Zamazenta
|-damage|p2a: Zamazenta|0 fnt
|faint|p2a: Zamazenta
|-damage|p1a: Rillaboom|72/100 psn|[from] item: Life Orb
|
|-heal|p1a: Rillaboom|78/100 psn|[from] Grassy Terrain
|-damage|p1a: Rillaboom|66/100 psn|[from] psn
|upkeep
|
|t:|1781232162
|switch|p2a: Raging Bolt|Raging Bolt|100/100
|turn|12
|
|t:|1781232165
|move|p1a: Rillaboom|High Horsepower|p2a: Raging Bolt
|-supereffective|p2a: Raging Bolt
|-crit|p2a: Raging Bolt
|-damage|p2a: Raging Bolt|0 fnt
|faint|p2a: Raging Bolt
|-end|p2a: Raging Bolt|Protosynthesis|[silent]
|-damage|p1a: Rillaboom|56/100 psn|[from] item: Life Orb
|
|-heal|p1a: Rillaboom|63/100 psn|[from] Grassy Terrain
|-damage|p1a: Rillaboom|50/100 psn|[from] psn
|upkeep
|
|t:|1781232173
|switch|p2a: Gliscor|Gliscor, F|92/100 tox
|turn|13
|
|t:|1781232186
|move|p1a: Rillaboom|Grassy Glide|p2a: Gliscor
|-damage|p2a: Gliscor|0 fnt
|faint|p2a: Gliscor
|-damage|p1a: Rillaboom|41/100 psn|[from] item: Life Orb
|
|-heal|p1a: Rillaboom|47/100 psn|[from] Grassy Terrain
|-damage|p1a: Rillaboom|34/100 psn|[from] psn
|-fieldend|move: Grassy Terrain
|upkeep
|
|t:|1781232188
|switch|p2a: Hatterene|Hatterene, F|90/100
|turn|14
|
|t:|1781232192
|move|p1a: Rillaboom|Knock Off|p2a: Hatterene
|-damage|p2a: Hatterene|14/100
|-enditem|p2a: Hatterene|Leftovers|[from] move: Knock Off|[of] p1a: Rillaboom
|-damage|p1a: Rillaboom|25/100 psn|[from] item: Life Orb
|move|p2a: Hatterene|Draining Kiss|p1a: Rillaboom
|-damage|p1a: Rillaboom|0 fnt
|-heal|p2a: Hatterene|35/100|[from] drain|[of] p1a: Rillaboom
|faint|p1a: Rillaboom
|
|upkeep
|
|t:|1781232195
|switch|p1a: Gholdengo|Gholdengo|100/100
|turn|15
|
|t:|1781232197
|move|p1a: Gholdengo|Shadow Ball|p2a: Hatterene
|-supereffective|p2a: Hatterene
|-damage|p2a: Hatterene|0 fnt
|faint|p2a: Hatterene
|
|win|PlashShlate
|raw|PlashShlate's rating: 1663 &rarr; <strong>1687</strong><br />(+24 for winning)
|raw|Miurez's rating: 1727 &rarr; <strong>1703</strong><br />(-24 for losing)
|l|☆Miurez
|player|p2|
|c|☆PlashShlate|gg
