|j|☆KurisuChestnutOU
|j|☆Liaoa
|t:|1781140035
|gametype|singles
|player|p1|KurisuChestnutOU|may-contest|1509
|player|p2|Liaoa|bellelba|1605
|gen|9
|tier|[Gen 9] OU
|rated|
|rule|HP Percentage Mod: HP is shown in percentages
|rule|Endless Battle Clause: Forcing endless battles is banned
|rule|Species Clause: Limit one of each Pokémon
|rule|OHKO Clause: OHKO moves are banned
|rule|Evasion Items Clause: Evasion items are banned
|rule|Evasion Moves Clause: Evasion moves are banned
|rule|Evasion Abilities Clause: Evasion abilities are banned
|rule|Sleep Moves Clause: Sleep-inducing moves are banned
|clearpoke
|poke|p1|Hawlucha, F|
|poke|p1|Samurott-Hisui, F|
|poke|p1|Rillaboom, F|
|poke|p1|Gholdengo|
|poke|p1|Kyurem|
|poke|p1|Landorus-Therian, M|
|poke|p2|Clefable, M|
|poke|p2|Dondozo, M|
|poke|p2|Alomomola, M|
|poke|p2|Ting-Lu|
|poke|p2|Skeledirge, M|
|poke|p2|Corviknight, M|
|teampreview
|inactive|Battle timer is ON: inactive players will automatically lose when time's up. (requested by KurisuChestnutOU)
|
|t:|1781140048
|teamsize|p1|6
|teamsize|p2|6
|start
|switch|p1a: Rillaboom|Rillaboom, F|100/100
|switch|p2a: Clefable|Clefable, M|100/100
|-fieldstart|move: Grassy Terrain|[from] ability: Grassy Surge|[of] p1a: Rillaboom
|turn|1
|
|t:|1781140057
|switch|p2a: Corviknight|Corviknight, M|100/100
|move|p1a: Rillaboom|Wood Hammer|p2a: Corviknight
|-resisted|p2a: Corviknight
|-damage|p2a: Corviknight|79/100
|-damage|p1a: Rillaboom|94/100|[from] Recoil
|
|-heal|p1a: Rillaboom|99/100|[from] Grassy Terrain
|upkeep
|turn|2
|
|t:|1781140066
|switch|p1a: Landorus|Landorus-Therian, M|100/100
|-ability|p1a: Landorus|Intimidate|boost
|-ability|p2a: Corviknight|Mirror Armor
|-unboost|p1a: Landorus|atk|1
|move|p2a: Corviknight|Brave Bird|p1a: Landorus
|-damage|p1a: Landorus|57/100
|-damage|p2a: Corviknight|63/100|[from] item: Rocky Helmet|[of] p1a: Landorus
|-damage|p2a: Corviknight|46/100|[from] Recoil
|
|upkeep
|turn|3
|
|t:|1781140072
|switch|p2a: Clefable|Clefable, M|100/100
|move|p1a: Landorus|Taunt|p2a: Clefable
|-start|p2a: Clefable|move: Taunt
|
|upkeep
|turn|4
|
|t:|1781140076
|move|p2a: Clefable|Ice Beam|p1a: Landorus
|-supereffective|p1a: Landorus
|-crit|p1a: Landorus
|-damage|p1a: Landorus|0 fnt
|faint|p1a: Landorus
|
|upkeep
|
|t:|1781140082
|switch|p1a: Kyurem|Kyurem|100/100
|-ability|p1a: Kyurem|Pressure
|turn|5
|
|t:|1781140089
|switch|p2a: Corviknight|Corviknight, M|46/100
|move|p1a: Kyurem|Ice Beam|p2a: Corviknight
|-damage|p2a: Corviknight|0 fnt
|faint|p2a: Corviknight
|
|-fieldend|move: Grassy Terrain
|upkeep
|
|t:|1781140092
|switch|p2a: Dondozo|Dondozo, M|100/100
|turn|6
|
|t:|1781140100
|switch|p2a: Clefable|Clefable, M|100/100
|move|p1a: Kyurem|Ice Beam|p2a: Clefable
|-damage|p2a: Clefable|52/100
|
|upkeep
|turn|7
|
|t:|1781140109
|move|p2a: Clefable|Moonblast|p1a: Kyurem
|-supereffective|p1a: Kyurem
|-damage|p1a: Kyurem|51/100
|move|p1a: Kyurem|Freeze-Dry|p2a: Clefable
|-damage|p2a: Clefable|13/100
|
|upkeep
|turn|8
|
|t:|1781140115
|move|p2a: Clefable|Moonblast|p1a: Kyurem
|-supereffective|p1a: Kyurem
|-damage|p1a: Kyurem|0 fnt
|faint|p1a: Kyurem
|
|upkeep
|
|t:|1781140120
|switch|p1a: Samurott|Samurott-Hisui, F|100/100
|turn|9
|
|t:|1781140123
|move|p2a: Clefable|Moonblast|p1a: Samurott
|-supereffective|p1a: Samurott
|-damage|p1a: Samurott|49/100
|move|p1a: Samurott|Ceaseless Edge|p2a: Clefable
|-resisted|p2a: Clefable
|-damage|p2a: Clefable|0 fnt
|-sidestart|p2: Liaoa|Spikes
|faint|p2a: Clefable
|
|upkeep
|
|t:|1781140127
|switch|p2a: Ting-Lu|Ting-Lu|100/100
|-damage|p2a: Ting-Lu|88/100|[from] Spikes
|-ability|p2a: Ting-Lu|Vessel of Ruin
|turn|10
|
|t:|1781140132
|move|p1a: Samurott|Flip Turn|p2a: Ting-Lu
|-supereffective|p2a: Ting-Lu
|-damage|p2a: Ting-Lu|59/100
|
|t:|1781140136
|switch|p1a: Rillaboom|Rillaboom, F|99/100|[from] Flip Turn
|-fieldstart|move: Grassy Terrain|[from] ability: Grassy Surge|[of] p1a: Rillaboom
|move|p2a: Ting-Lu|Stealth Rock|p1a: Rillaboom
|-sidestart|p1: KurisuChestnutOU|move: Stealth Rock
|
|-heal|p1a: Rillaboom|100/100|[from] Grassy Terrain
|-heal|p2a: Ting-Lu|65/100|[from] Grassy Terrain
|upkeep
|turn|11
|
|t:|1781140142
|move|p1a: Rillaboom|Swords Dance|p1a: Rillaboom
|-boost|p1a: Rillaboom|atk|2
|move|p2a: Ting-Lu|Lash Out|p1a: Rillaboom
|-damage|p1a: Rillaboom|60/100
|
|-heal|p1a: Rillaboom|66/100|[from] Grassy Terrain
|-heal|p2a: Ting-Lu|71/100|[from] Grassy Terrain
|upkeep
|turn|12
|
|t:|1781140148
|move|p1a: Rillaboom|Grassy Glide|p2a: Ting-Lu
|-supereffective|p2a: Ting-Lu
|-damage|p2a: Ting-Lu|0 fnt
|faint|p2a: Ting-Lu
|
|-heal|p1a: Rillaboom|72/100|[from] Grassy Terrain
|upkeep
|
|t:|1781140149
|switch|p2a: Skeledirge|Skeledirge, M|100/100
|-damage|p2a: Skeledirge|88/100|[from] Spikes
|turn|13
|
|t:|1781140156
|-terastallize|p1a: Rillaboom|Fire
|move|p2a: Skeledirge|Torch Song|p1a: Rillaboom
|-resisted|p1a: Rillaboom
|-damage|p1a: Rillaboom|47/100
|-boost|p2a: Skeledirge|spa|1
|move|p1a: Rillaboom|Knock Off|p2a: Skeledirge
|-supereffective|p2a: Skeledirge
|-crit|p2a: Skeledirge
|-damage|p2a: Skeledirge|0 fnt
|-enditem|p2a: Skeledirge|Choice Scarf|[from] move: Knock Off|[of] p1a: Rillaboom
|faint|p2a: Skeledirge
|
|-heal|p1a: Rillaboom|53/100|[from] Grassy Terrain
|upkeep
|
|t:|1781140159
|switch|p2a: Dondozo|Dondozo, M|100/100
|-damage|p2a: Dondozo|88/100|[from] Spikes
|turn|14
|
|t:|1781140163
|-terastallize|p2a: Dondozo|Dragon
|move|p1a: Rillaboom|Wood Hammer|p2a: Dondozo
|-resisted|p2a: Dondozo
|-damage|p2a: Dondozo|60/100
|-damage|p1a: Rillaboom|41/100|[from] Recoil
|move|p2a: Dondozo|Liquidation|p1a: Rillaboom
|-supereffective|p1a: Rillaboom
|-damage|p1a: Rillaboom|0 fnt
|faint|p1a: Rillaboom
|
|-heal|p2a: Dondozo|67/100|[from] Grassy Terrain
|-fieldend|move: Grassy Terrain
|upkeep
|
|t:|1781140168
|switch|p1a: Gholdengo|Gholdengo|100/100
|-damage|p1a: Gholdengo|94/100|[from] Stealth Rock
|turn|15
|
|t:|1781140173
|move|p1a: Gholdengo|Shadow Ball|p2a: Dondozo
|-damage|p2a: Dondozo|23/100
|move|p2a: Dondozo|Liquidation|p1a: Gholdengo
|-damage|p1a: Gholdengo|29/100
|
|upkeep
|turn|16
|
|t:|1781140178
|move|p1a: Gholdengo|Shadow Ball|p2a: Dondozo
|-damage|p2a: Dondozo|0 fnt
|faint|p2a: Dondozo
|
|upkeep
|
|t:|1781140180
|switch|p2a: Alomomola|Alomomola, M|100/100
|-damage|p2a: Alomomola|88/100|[from] Spikes
|turn|17
|
|t:|1781140184
|move|p2a: Alomomola|Aqua Jet|p1a: Gholdengo
|-crit|p1a: Gholdengo
|-damage|p1a: Gholdengo|0 fnt
|faint|p1a: Gholdengo
|
|upkeep
|
|t:|1781140189
|switch|p1a: Samurott|Samurott-Hisui, F|49/100
|-damage|p1a: Samurott|37/100|[from] Stealth Rock
|turn|18
|
|t:|1781140193
|move|p2a: Alomomola|Aqua Jet|p1a: Samurott
|-resisted|p1a: Samurott
|-damage|p1a: Samurott|23/100
|move|p1a: Samurott|Ceaseless Edge|p2a: Alomomola
|-damage|p2a: Alomomola|59/100
|-sidestart|p2: Liaoa|Spikes
|
|upkeep
|turn|19
|
|t:|1781140197
|move|p1a: Samurott|Sucker Punch|p2a: Alomomola
|-damage|p2a: Alomomola|38/100
|move|p2a: Alomomola|Aqua Jet|p1a: Samurott
|-resisted|p1a: Samurott
|-damage|p1a: Samurott|11/100
|
|upkeep
|turn|20
|
|t:|1781140201
|move|p1a: Samurott|Sucker Punch|p2a: Alomomola
|-damage|p2a: Alomomola|15/100
|move|p2a: Alomomola|Aqua Jet|p1a: Samurott
|-resisted|p1a: Samurott
|-damage|p1a: Samurott|0 fnt
|faint|p1a: Samurott
|
|upkeep
|
|t:|1781140205
|switch|p1a: Hawlucha|Hawlucha, F|100/100
|-damage|p1a: Hawlucha|88/100|[from] Stealth Rock
|turn|21
|
|t:|1781140210
|move|p2a: Alomomola|Aqua Jet|p1a: Hawlucha
|-damage|p1a: Hawlucha|56/100
|move|p1a: Hawlucha|Acrobatics|p2a: Alomomola
|-damage|p2a: Alomomola|0 fnt
|faint|p2a: Alomomola
|
|win|KurisuChestnutOU
|raw|KurisuChestnutOU's rating: 1526 &rarr; <strong>1550</strong><br />(+24 for winning)
|raw|Liaoa's rating: 1605 &rarr; <strong>1581</strong><br />(-24 for losing)
|l|☆KurisuChestnutOU
|player|p1|
|l|☆Liaoa
|player|p2|
