|j|☆zylsnbb
|j|☆Mr Tpen
|t:|1780923335
|gametype|singles
|player|p1|zylsnbb|2|1572
|player|p2|Mr Tpen|170|1568
|gen|9
|tier|[Gen 9] OU
|rated|
|rule|HP Percentage Mod: HP is shown in percentages
|rule|Endless Battle Clause: Forcing endless battles is banned
|rule|Species Clause: Limit one of each Pokémon
|rule|OHKO Clause: OHKO moves are banned
|rule|Evasion Items Clause: Evasion items are banned
|rule|Evasion Moves Clause: Evasion moves are banned
|rule|Evasion Abilities Clause: Evasion abilities are banned
|rule|Sleep Moves Clause: Sleep-inducing moves are banned
|clearpoke
|poke|p1|Great Tusk|
|poke|p1|Slowking-Galar, M|
|poke|p1|Corviknight, F|
|poke|p1|Clefable, F|
|poke|p1|Samurott-Hisui, M|
|poke|p1|Dragapult, F|
|poke|p2|Clodsire, M|
|poke|p2|Toxapex, M|
|poke|p2|Corviknight, F|
|poke|p2|Dondozo, F|
|poke|p2|Clefable, F|
|poke|p2|Gliscor, M|
|teampreview
|inactive|Battle timer is ON: inactive players will automatically lose when time's up. (requested by Mr Tpen)
|
|t:|1780923346
|teamsize|p1|6
|teamsize|p2|6
|start
|switch|p1a: Jack|Samurott-Hisui, M|100/100
|switch|p2a: nothing new there|Gliscor, M|100/100
|turn|1
|
|t:|1780923350
|move|p2a: nothing new there|Protect|p2a: nothing new there
|-singleturn|p2a: nothing new there|Protect
|move|p1a: Jack|Aqua Cutter|p2a: nothing new there
|-activate|p2a: nothing new there|move: Protect
|
|-status|p2a: nothing new there|tox|[from] item: Toxic Orb
|upkeep
|turn|2
|
|t:|1780923354
|switch|p2a: take your time|Toxapex, M|100/100
|move|p1a: Jack|Aqua Cutter|p2a: take your time
|-resisted|p2a: take your time
|-damage|p2a: take your time|86/100
|
|-heal|p2a: take your time|92/100|[from] item: Leftovers
|upkeep
|turn|3
|
|t:|1780923359
|switch|p1a: Alchemist|Slowking-Galar, M|100/100
|move|p2a: take your time|Infestation|p1a: Alchemist
|-damage|p1a: Alchemist|99/100
|-activate|p1a: Alchemist|move: Infestation|[of] p2a: take your time
|
|-heal|p2a: take your time|99/100|[from] item: Leftovers
|-damage|p1a: Alchemist|87/100|[from] move: Infestation|[partiallytrapped]
|upkeep
|turn|4
|
|t:|1780923365
|move|p2a: take your time|Baneful Bunker|p2a: take your time
|-singleturn|p2a: take your time|move: Protect
|move|p1a: Alchemist|Psyshock|p2a: take your time
|-activate|p2a: take your time|move: Protect
|
|-heal|p2a: take your time|100/100|[from] item: Leftovers
|-damage|p1a: Alchemist|74/100|[from] move: Infestation|[partiallytrapped]
|upkeep
|turn|5
|
|t:|1780923370
|move|p2a: take your time|Infestation|p1a: Alchemist
|-damage|p1a: Alchemist|73/100
|move|p1a: Alchemist|Psyshock|p2a: take your time
|-supereffective|p2a: take your time
|-damage|p2a: take your time|59/100
|
|-heal|p2a: take your time|65/100|[from] item: Leftovers
|-damage|p1a: Alchemist|60/100|[from] move: Infestation|[partiallytrapped]
|upkeep
|turn|6
|
|t:|1780923376
|move|p2a: take your time|Recover|p2a: take your time
|-heal|p2a: take your time|100/100
|move|p1a: Alchemist|Flamethrower|p2a: take your time
|-resisted|p2a: take your time
|-damage|p2a: take your time|89/100
|-status|p2a: take your time|brn
|
|-heal|p2a: take your time|96/100 brn|[from] item: Leftovers
|-damage|p2a: take your time|89/100 brn|[from] brn
|-damage|p1a: Alchemist|48/100|[from] move: Infestation|[partiallytrapped]
|upkeep
|turn|7
|
|t:|1780923381
|move|p2a: take your time|Infestation|p1a: Alchemist
|-damage|p1a: Alchemist|46/100
|move|p1a: Alchemist|Psyshock|p2a: take your time
|-supereffective|p2a: take your time
|-damage|p2a: take your time|43/100 brn
|
|-heal|p2a: take your time|50/100 brn|[from] item: Leftovers
|-damage|p2a: take your time|43/100 brn|[from] brn
|-end|p1a: Alchemist|Infestation|[partiallytrapped]
|upkeep
|turn|8
|
|t:|1780923388
|move|p2a: take your time|Recover|p2a: take your time
|-heal|p2a: take your time|93/100 brn
|move|p1a: Alchemist|Psyshock|p2a: take your time
|-supereffective|p2a: take your time
|-damage|p2a: take your time|50/100 brn
|
|-heal|p2a: take your time|56/100 brn|[from] item: Leftovers
|-damage|p2a: take your time|50/100 brn|[from] brn
|upkeep
|turn|9
|
|t:|1780923400
|move|p2a: take your time|Recover|p2a: take your time
|-heal|p2a: take your time|99/100 brn
|move|p1a: Alchemist|Psyshock|p2a: take your time
|-supereffective|p2a: take your time
|-damage|p2a: take your time|56/100 brn
|
|-heal|p2a: take your time|63/100 brn|[from] item: Leftovers
|-damage|p2a: take your time|56/100 brn|[from] brn
|upkeep
|turn|10
|
|t:|1780923416
|switch|p1a: P!nk|Clefable, F|100/100
|move|p2a: take your time|Infestation|p1a: P!nk
|-resisted|p1a: P!nk
|-damage|p1a: P!nk|99/100
|-activate|p1a: P!nk|move: Infestation|[of] p2a: take your time
|
|-heal|p1a: P!nk|100/100|[from] item: Leftovers
|-heal|p2a: take your time|63/100 brn|[from] item: Leftovers
|-damage|p2a: take your time|56/100 brn|[from] brn
|upkeep
|turn|11
|
|t:|1780923424
|move|p1a: P!nk|Stealth Rock|p2a: take your time
|-sidestart|p2: Mr Tpen|move: Stealth Rock
|move|p2a: take your time|Poison Jab|p1a: P!nk
|-supereffective|p1a: P!nk
|-damage|p1a: P!nk|86/100
|
|-heal|p1a: P!nk|92/100|[from] item: Leftovers
|-heal|p2a: take your time|63/100 brn|[from] item: Leftovers
|-damage|p2a: take your time|56/100 brn|[from] brn
|upkeep
|turn|12
|
|t:|1780923432
|switch|p2a: love this for you|Clefable, F|100/100
|move|p1a: P!nk|Thunder Wave|p2a: love this for you
|-status|p2a: love this for you|par
|
|-heal|p1a: P!nk|98/100|[from] item: Leftovers
|-end|p1a: P!nk|Infestation|[partiallytrapped]|[silent]
|upkeep
|turn|13
|
|t:|1780923440
|move|p1a: P!nk|Moonblast|p2a: love this for you
|-damage|p2a: love this for you|70/100 par
|move|p2a: love this for you|Stealth Rock|p1a: P!nk
|-sidestart|p1: zylsnbb|move: Stealth Rock
|
|-heal|p1a: P!nk|100/100|[from] item: Leftovers
|upkeep
|turn|14
|
|t:|1780923446
|move|p1a: P!nk|Moonblast|p2a: love this for you
|-damage|p2a: love this for you|42/100 par
|move|p2a: love this for you|Knock Off|p1a: P!nk
|-resisted|p1a: P!nk
|-damage|p1a: P!nk|95/100
|-enditem|p1a: P!nk|Leftovers|[from] move: Knock Off|[of] p2a: love this for you
|
|upkeep
|turn|15
|
|t:|1780923452
|move|p1a: P!nk|Moonblast|p2a: love this for you
|-damage|p2a: love this for you|14/100 par
|move|p2a: love this for you|Moonlight|p2a: love this for you
|-heal|p2a: love this for you|64/100 par
|
|upkeep
|turn|16
|
|t:|1780923458
|move|p1a: P!nk|Moonblast|p2a: love this for you
|-damage|p2a: love this for you|32/100 par
|move|p2a: love this for you|Moonlight|p2a: love this for you
|-heal|p2a: love this for you|82/100 par
|
|upkeep
|turn|17
|
|t:|1780923466
|switch|p2a: did you calc that?|Clodsire, M|100/100
|move|p1a: P!nk|Moonblast|p2a: did you calc that?
|-resisted|p2a: did you calc that?
|-damage|p2a: did you calc that?|93/100
|
|upkeep
|turn|18
|
|t:|1780923476
|move|p1a: P!nk|Thunder Wave|p2a: did you calc that?
|-immune|p2a: did you calc that?
|move|p2a: did you calc that?|Poison Jab|p1a: P!nk
|-supereffective|p1a: P!nk
|-damage|p1a: P!nk|59/100
|
|upkeep
|turn|19
|j| SilverDE
|l| SilverDE
|
|t:|1780923488
|switch|p1a: Voyageur|Corviknight, F|100/100
|-damage|p1a: Voyageur|88/100|[from] Stealth Rock
|-ability|p1a: Voyageur|Pressure
|switch|p2a: take your time|Toxapex, M|90/100 brn
|-damage|p2a: take your time|77/100 brn|[from] Stealth Rock
|
|-heal|p2a: take your time|83/100 brn|[from] item: Leftovers
|-damage|p2a: take your time|77/100 brn|[from] brn
|upkeep
|turn|20
|
|t:|1780923499
|move|p1a: Voyageur|Brave Bird|p2a: take your time
|-damage|p2a: take your time|55/100 brn
|-damage|p1a: Voyageur|83/100|[from] Recoil
|move|p2a: take your time|Infestation|p1a: Voyageur
|-resisted|p1a: Voyageur
|-damage|p1a: Voyageur|82/100
|-activate|p1a: Voyageur|move: Infestation|[of] p2a: take your time
|-damage|p2a: take your time|39/100 brn|[from] item: Rocky Helmet|[of] p1a: Voyageur
|
|-heal|p2a: take your time|45/100 brn|[from] item: Leftovers
|-damage|p2a: take your time|39/100 brn|[from] brn
|-damage|p1a: Voyageur|70/100|[from] move: Infestation|[partiallytrapped]
|upkeep
|turn|21
|
|t:|1780923525
|move|p1a: Voyageur|U-turn|p2a: take your time
|-resisted|p2a: take your time
|-damage|p2a: take your time|34/100 brn
|inactive|zylsnbb has 120 seconds left.
|
|t:|1780923542
|switch|p1a: Alchemist|Slowking-Galar, M|79/100|[from] U-turn
|-damage|p1a: Alchemist|67/100|[from] Stealth Rock
|move|p2a: take your time|Recover|p2a: take your time
|-heal|p2a: take your time|84/100 brn
|
|-heal|p2a: take your time|91/100 brn|[from] item: Leftovers
|-damage|p2a: take your time|84/100 brn|[from] brn
|upkeep
|turn|22
|
|t:|1780923551
|switch|p2a: per my last turn|Corviknight, F|100/100
|-damage|p2a: per my last turn|88/100|[from] Stealth Rock
|-ability|p2a: per my last turn|Pressure
|move|p1a: Alchemist|Flamethrower|p2a: per my last turn
|-supereffective|p2a: per my last turn
|-damage|p2a: per my last turn|46/100
|-status|p2a: per my last turn|brn
|
|-heal|p2a: per my last turn|53/100 brn|[from] item: Leftovers
|-damage|p2a: per my last turn|46/100 brn|[from] brn
|upkeep
|turn|23
|j| makz7x
|
|t:|1780923561
|move|p2a: per my last turn|Roost|p2a: per my last turn
|-heal|p2a: per my last turn|96/100 brn
|-singleturn|p2a: per my last turn|move: Roost
|move|p1a: Alchemist|Flamethrower|p2a: per my last turn
|-supereffective|p2a: per my last turn
|-damage|p2a: per my last turn|56/100 brn
|
|-heal|p2a: per my last turn|63/100 brn|[from] item: Leftovers
|-damage|p2a: per my last turn|56/100 brn|[from] brn
|upkeep
|turn|24
|
|t:|1780923565
|move|p2a: per my last turn|Roost|p2a: per my last turn
|-heal|p2a: per my last turn|100/100 brn
|-singleturn|p2a: per my last turn|move: Roost
|move|p1a: Alchemist|Flamethrower|p2a: per my last turn
|-supereffective|p2a: per my last turn
|-damage|p2a: per my last turn|61/100 brn
|
|-heal|p2a: per my last turn|68/100 brn|[from] item: Leftovers
|-damage|p2a: per my last turn|61/100 brn|[from] brn
|upkeep
|turn|25
|
|t:|1780923569
|switch|p2a: take your time|Toxapex, M|100/100 brn
|-damage|p2a: take your time|88/100 brn|[from] Stealth Rock
|move|p1a: Alchemist|Flamethrower|p2a: take your time
|-resisted|p2a: take your time
|-damage|p2a: take your time|76/100 brn
|
|-heal|p2a: take your time|82/100 brn|[from] item: Leftovers
|-damage|p2a: take your time|76/100 brn|[from] brn
|upkeep
|turn|26
|
|t:|1780923576
|move|p2a: take your time|Infestation|p1a: Alchemist
|-damage|p1a: Alchemist|65/100
|-activate|p1a: Alchemist|move: Infestation|[of] p2a: take your time
|move|p1a: Alchemist|Flamethrower|p2a: take your time
|-resisted|p2a: take your time
|-damage|p2a: take your time|65/100 brn
|
|-heal|p2a: take your time|72/100 brn|[from] item: Leftovers
|-damage|p2a: take your time|65/100 brn|[from] brn
|-damage|p1a: Alchemist|53/100|[from] move: Infestation|[partiallytrapped]
|upkeep
|turn|27
|
|t:|1780923582
|move|p2a: take your time|Recover|p2a: take your time
|-heal|p2a: take your time|100/100 brn
|move|p1a: Alchemist|Psyshock|p2a: take your time
|-supereffective|p2a: take your time
|-damage|p2a: take your time|53/100 brn
|
|-heal|p2a: take your time|59/100 brn|[from] item: Leftovers
|-damage|p2a: take your time|53/100 brn|[from] brn
|-damage|p1a: Alchemist|40/100|[from] move: Infestation|[partiallytrapped]
|upkeep
|turn|28
|
|t:|1780923588
|move|p2a: take your time|Recover|p2a: take your time
|-heal|p2a: take your time|100/100 brn
|move|p1a: Alchemist|Psyshock|p2a: take your time
|-supereffective|p2a: take your time
|-damage|p2a: take your time|52/100 brn
|
|-heal|p2a: take your time|59/100 brn|[from] item: Leftovers
|-damage|p2a: take your time|52/100 brn|[from] brn
|-damage|p1a: Alchemist|28/100|[from] move: Infestation|[partiallytrapped]
|upkeep
|turn|29
|
|t:|1780923592
|move|p2a: take your time|Recover|p2a: take your time
|-heal|p2a: take your time|100/100 brn
|move|p1a: Alchemist|Psyshock|p2a: take your time
|-supereffective|p2a: take your time
|-damage|p2a: take your time|55/100 brn
|
|-heal|p2a: take your time|61/100 brn|[from] item: Leftovers
|-damage|p2a: take your time|55/100 brn|[from] brn
|-damage|p1a: Alchemist|15/100|[from] move: Infestation|[partiallytrapped]
|upkeep
|turn|30
|
|t:|1780923596
|move|p2a: take your time|Recover|p2a: take your time
|-heal|p2a: take your time|100/100 brn
|move|p1a: Alchemist|Psyshock|p2a: take your time
|-supereffective|p2a: take your time
|-damage|p2a: take your time|56/100 brn
|
|-heal|p2a: take your time|63/100 brn|[from] item: Leftovers
|-damage|p2a: take your time|56/100 brn|[from] brn
|-end|p1a: Alchemist|Infestation|[partiallytrapped]
|upkeep
|turn|31
|j| Liechiteladihul
|
|t:|1780923605
|switch|p1a: P!nk|Clefable, F|59/100
|move|p2a: take your time|Infestation|p1a: P!nk
|-resisted|p1a: P!nk
|-damage|p1a: P!nk|58/100
|-activate|p1a: P!nk|move: Infestation|[of] p2a: take your time
|
|-heal|p2a: take your time|63/100 brn|[from] item: Leftovers
|-damage|p2a: take your time|56/100 brn|[from] brn
|upkeep
|turn|32
|
|t:|1780923608
|switch|p2a: per my last turn|Corviknight, F|61/100 brn
|-damage|p2a: per my last turn|49/100 brn|[from] Stealth Rock
|-ability|p2a: per my last turn|Pressure
|move|p1a: P!nk|Moonlight|p1a: P!nk
|-heal|p1a: P!nk|100/100
|
|-heal|p2a: per my last turn|55/100 brn|[from] item: Leftovers
|-damage|p2a: per my last turn|49/100 brn|[from] brn
|-end|p1a: P!nk|Infestation|[partiallytrapped]|[silent]
|upkeep
|turn|33
|
|t:|1780923614
|switch|p1a: Alchemist|Slowking-Galar, M|49/100
|-damage|p1a: Alchemist|36/100|[from] Stealth Rock
|move|p2a: per my last turn|Roost|p2a: per my last turn
|-heal|p2a: per my last turn|99/100 brn
|-singleturn|p2a: per my last turn|move: Roost
|
|-heal|p2a: per my last turn|100/100 brn|[from] item: Leftovers
|-damage|p2a: per my last turn|94/100 brn|[from] brn
|upkeep
|turn|34
|l| makz7x
|
|t:|1780923621
|switch|p2a: take your time|Toxapex, M|90/100 brn
|-damage|p2a: take your time|77/100 brn|[from] Stealth Rock
|switch|p1a: Voyageur|Corviknight, F|70/100
|-damage|p1a: Voyageur|57/100|[from] Stealth Rock
|-ability|p1a: Voyageur|Pressure
|
|-heal|p2a: take your time|83/100 brn|[from] item: Leftovers
|-damage|p2a: take your time|77/100 brn|[from] brn
|upkeep
|turn|35
|
|t:|1780923628
|move|p1a: Voyageur|Roost|p1a: Voyageur
|-heal|p1a: Voyageur|100/100
|-singleturn|p1a: Voyageur|move: Roost
|move|p2a: take your time|Infestation|p1a: Voyageur
|-resisted|p1a: Voyageur
|-damage|p1a: Voyageur|99/100
|-activate|p1a: Voyageur|move: Infestation|[of] p2a: take your time
|-damage|p2a: take your time|61/100 brn|[from] item: Rocky Helmet|[of] p1a: Voyageur
|
|-heal|p2a: take your time|67/100 brn|[from] item: Leftovers
|-damage|p2a: take your time|61/100 brn|[from] brn
|-damage|p1a: Voyageur|87/100|[from] move: Infestation|[partiallytrapped]
|upkeep
|turn|36
|
|t:|1780923635
|switch|p2a: nothing new there|Gliscor, M|100/100 tox
|-damage|p2a: nothing new there|88/100 tox|[from] Stealth Rock
|move|p1a: Voyageur|U-turn|p2a: nothing new there
|-resisted|p2a: nothing new there
|-damage|p2a: nothing new there|83/100 tox
|
|t:|1780923639
|switch|p1a: Jack|Samurott-Hisui, M|100/100|[from] U-turn
|
|-heal|p2a: nothing new there|95/100 tox|[from] ability: Poison Heal
|upkeep
|turn|37
|
|t:|1780923642
|move|p2a: nothing new there|Protect|p2a: nothing new there
|-singleturn|p2a: nothing new there|Protect
|move|p1a: Jack|Aqua Cutter|p2a: nothing new there
|-activate|p2a: nothing new there|move: Protect
|
|-heal|p2a: nothing new there|100/100 tox|[from] ability: Poison Heal
|upkeep
|turn|38
|
|t:|1780923647
|move|p2a: nothing new there|Toxic|p1a: Jack
|-status|p1a: Jack|tox
|move|p1a: Jack|Aqua Cutter|p2a: nothing new there
|-supereffective|p2a: nothing new there
|-damage|p2a: nothing new there|24/100 tox
|
|-heal|p2a: nothing new there|36/100 tox|[from] ability: Poison Heal
|-damage|p1a: Jack|94/100 tox|[from] psn
|upkeep
|turn|39
|
|t:|1780923662
|switch|p1a: Bull's-eye|Dragapult, F|100/100
|-damage|p1a: Bull's-eye|88/100|[from] Stealth Rock
|move|p2a: nothing new there|Protect||[still]
|-fail|p2a: nothing new there
|
|-heal|p2a: nothing new there|49/100 tox|[from] ability: Poison Heal
|upkeep
|turn|40
|
|t:|1780923666
|move|p2a: nothing new there|Protect|p2a: nothing new there
|-singleturn|p2a: nothing new there|Protect
|move|p1a: Bull's-eye|Shadow Ball|p2a: nothing new there
|-activate|p2a: nothing new there|move: Protect
|
|-heal|p2a: nothing new there|61/100 tox|[from] ability: Poison Heal
|upkeep
|turn|41
|
|t:|1780923680
|switch|p1a: Alchemist|Slowking-Galar, M|70/100
|-damage|p1a: Alchemist|57/100|[from] Stealth Rock
|switch|p2a: per my last turn|Corviknight, F|94/100 brn
|-damage|p2a: per my last turn|82/100 brn|[from] Stealth Rock
|-ability|p2a: per my last turn|Pressure
|
|-heal|p2a: per my last turn|88/100 brn|[from] item: Leftovers
|-damage|p2a: per my last turn|82/100 brn|[from] brn
|upkeep
|turn|42
|
|t:|1780923690
|switch|p1a: Loxodonta|Great Tusk|100/100
|-damage|p1a: Loxodonta|98/100|[from] Stealth Rock
|move|p2a: per my last turn|Defog|p1a: Loxodonta
|-unboost|p1a: Loxodonta|evasion|1
|-sideend|p1: zylsnbb|Stealth Rock|[from] move: Defog|[of] p2a: per my last turn
|-sideend|p2: Mr Tpen|Stealth Rock|[from] move: Defog|[of] p2a: per my last turn
|
|-heal|p1a: Loxodonta|100/100|[from] item: Leftovers
|-heal|p2a: per my last turn|88/100 brn|[from] item: Leftovers
|-damage|p2a: per my last turn|82/100 brn|[from] brn
|upkeep
|turn|43
|
|t:|1780923696
|switch|p2a: love this for you|Clefable, F|82/100 par
|move|p1a: Loxodonta|Knock Off|p2a: love this for you
|-resisted|p2a: love this for you
|-damage|p2a: love this for you|69/100 par
|-enditem|p2a: love this for you|Sticky Barb|[from] move: Knock Off|[of] p1a: Loxodonta
|
|upkeep
|turn|44
|
|t:|1780923707
|-end|p1a: Loxodonta|Protosynthesis|[silent]
|switch|p1a: Alchemist|Slowking-Galar, M|90/100
|move|p2a: love this for you|Moonlight|p2a: love this for you
|-heal|p2a: love this for you|100/100 par
|
|upkeep
|turn|45
|
|t:|1780923717
|move|p1a: Alchemist|Flamethrower|p2a: love this for you
|-damage|p2a: love this for you|73/100 par
|move|p2a: love this for you|Stealth Rock|p1a: Alchemist
|-sidestart|p1: zylsnbb|move: Stealth Rock
|
|upkeep
|turn|46
|
|t:|1780923728
|switch|p2a: nothing new there|Gliscor, M|61/100 tox
|move|p1a: Alchemist|Sludge Bomb|p2a: nothing new there
|-resisted|p2a: nothing new there
|-damage|p2a: nothing new there|37/100 tox
|
|-heal|p2a: nothing new there|50/100 tox|[from] ability: Poison Heal
|upkeep
|turn|47
|
|t:|1780923731
|move|p2a: nothing new there|Protect|p2a: nothing new there
|-singleturn|p2a: nothing new there|Protect
|move|p1a: Alchemist|Ice Beam|p2a: nothing new there
|-activate|p2a: nothing new there|move: Protect
|
|-heal|p2a: nothing new there|62/100 tox|[from] ability: Poison Heal
|upkeep
|turn|48
|
|t:|1780923740
|switch|p1a: Loxodonta|Great Tusk|100/100
|-damage|p1a: Loxodonta|98/100|[from] Stealth Rock
|-terastallize|p2a: nothing new there|Dark
|move|p2a: nothing new there|Knock Off|p1a: Loxodonta
|-resisted|p1a: Loxodonta
|-damage|p1a: Loxodonta|85/100
|-enditem|p1a: Loxodonta|Leftovers|[from] move: Knock Off|[of] p2a: nothing new there
|
|-heal|p2a: nothing new there|75/100 tox|[from] ability: Poison Heal
|upkeep
|turn|49
|
|t:|1780923760
|-end|p1a: Loxodonta|Protosynthesis|[silent]
|switch|p1a: P!nk|Clefable, F|100/100
|move|p2a: nothing new there|Protect||[still]
|-fail|p2a: nothing new there
|
|-heal|p2a: nothing new there|87/100 tox|[from] ability: Poison Heal
|upkeep
|turn|50
|l| Liechiteladihul
|
|t:|1780923772
|switch|p2a: per my last turn|Corviknight, F|82/100 brn
|-ability|p2a: per my last turn|Pressure
|move|p1a: P!nk|Moonblast|p2a: per my last turn
|-resisted|p2a: per my last turn
|-damage|p2a: per my last turn|70/100 brn
|
|-heal|p2a: per my last turn|76/100 brn|[from] item: Leftovers
|-damage|p2a: per my last turn|70/100 brn|[from] brn
|upkeep
|turn|51
|
|t:|1780923789
|switch|p2a: take your time|Toxapex, M|94/100 brn
|move|p1a: P!nk|Stealth Rock|p2a: take your time
|-sidestart|p2: Mr Tpen|move: Stealth Rock
|
|-heal|p2a: take your time|99/100 brn|[from] item: Leftovers
|-damage|p2a: take your time|94/100 brn|[from] brn
|upkeep
|turn|52
|j| cachowcapow
|
|t:|1780923808
|switch|p1a: Voyageur|Corviknight, F|87/100
|-damage|p1a: Voyageur|75/100|[from] Stealth Rock
|-ability|p1a: Voyageur|Pressure
|move|p2a: take your time|Infestation|p1a: Voyageur
|-resisted|p1a: Voyageur
|-damage|p1a: Voyageur|74/100
|-activate|p1a: Voyageur|move: Infestation|[of] p2a: take your time
|-damage|p2a: take your time|77/100 brn|[from] item: Rocky Helmet|[of] p1a: Voyageur
|
|-heal|p2a: take your time|84/100 brn|[from] item: Leftovers
|-damage|p2a: take your time|77/100 brn|[from] brn
|-damage|p1a: Voyageur|62/100|[from] move: Infestation|[partiallytrapped]
|upkeep
|turn|53
|
|t:|1780923817
|switch|p2a: per my last turn|Corviknight, F|70/100 brn
|-damage|p2a: per my last turn|58/100 brn|[from] Stealth Rock
|-ability|p2a: per my last turn|Pressure
|move|p1a: Voyageur|Iron Defense|p1a: Voyageur
|-boost|p1a: Voyageur|def|2
|
|-heal|p2a: per my last turn|64/100 brn|[from] item: Leftovers
|-damage|p2a: per my last turn|58/100 brn|[from] brn
|-end|p1a: Voyageur|Infestation|[partiallytrapped]|[silent]
|upkeep
|turn|54
|
|t:|1780923830
|move|p2a: per my last turn|Defog|p1a: Voyageur
|-unboost|p1a: Voyageur|evasion|1
|-sideend|p1: zylsnbb|Stealth Rock|[from] move: Defog|[of] p2a: per my last turn
|-sideend|p2: Mr Tpen|Stealth Rock|[from] move: Defog|[of] p2a: per my last turn
|move|p1a: Voyageur|U-turn|p2a: per my last turn
|-resisted|p2a: per my last turn
|-damage|p2a: per my last turn|55/100 brn
|
|t:|1780923837
|switch|p1a: Bull's-eye|Dragapult, F|88/100|[from] U-turn
|
|-heal|p2a: per my last turn|61/100 brn|[from] item: Leftovers
|-damage|p2a: per my last turn|55/100 brn|[from] brn
|upkeep
|turn|55
|
|t:|1780923843
|move|p2a: per my last turn|Protect|p2a: per my last turn
|-singleturn|p2a: per my last turn|Protect
|move|p1a: Bull's-eye|Thunderbolt|p2a: per my last turn
|-activate|p2a: per my last turn|move: Protect
|
|-heal|p2a: per my last turn|61/100 brn|[from] item: Leftovers
|-damage|p2a: per my last turn|55/100 brn|[from] brn
|upkeep
|turn|56
|
|t:|1780923851
|switch|p1a: Loxodonta|Great Tusk|85/100
|switch|p2a: did you calc that?|Clodsire, M|93/100
|
|upkeep
|turn|57
|
|t:|1780923863
|switch|p2a: per my last turn|Corviknight, F|55/100 brn
|-ability|p2a: per my last turn|Pressure
|move|p1a: Loxodonta|Ice Spinner|p2a: per my last turn
|-damage|p2a: per my last turn|31/100 brn
|
|-heal|p2a: per my last turn|38/100 brn|[from] item: Leftovers
|-damage|p2a: per my last turn|31/100 brn|[from] brn
|upkeep
|turn|58
|
|t:|1780923873
|move|p1a: Loxodonta|Ice Spinner|p2a: per my last turn
|-damage|p2a: per my last turn|8/100 brn
|move|p2a: per my last turn|Roost|p2a: per my last turn
|-heal|p2a: per my last turn|58/100 brn
|-singleturn|p2a: per my last turn|move: Roost
|
|-heal|p2a: per my last turn|64/100 brn|[from] item: Leftovers
|-damage|p2a: per my last turn|58/100 brn|[from] brn
|upkeep
|turn|59
|
|t:|1780923881
|move|p1a: Loxodonta|Ice Spinner|p2a: per my last turn
|-damage|p2a: per my last turn|34/100 brn
|move|p2a: per my last turn|Roost|p2a: per my last turn
|-heal|p2a: per my last turn|84/100 brn
|-singleturn|p2a: per my last turn|move: Roost
|
|-heal|p2a: per my last turn|90/100 brn|[from] item: Leftovers
|-damage|p2a: per my last turn|84/100 brn|[from] brn
|upkeep
|turn|60
|
|t:|1780923884
|switch|p2a: nothing new there|Gliscor, M, tera:Dark|87/100 tox
|move|p1a: Loxodonta|Knock Off|p2a: nothing new there
|-resisted|p2a: nothing new there
|-damage|p2a: nothing new there|73/100 tox
|-enditem|p2a: nothing new there|Toxic Orb|[from] move: Knock Off|[of] p1a: Loxodonta
|
|-heal|p2a: nothing new there|86/100 tox|[from] ability: Poison Heal
|upkeep
|turn|61
|
|t:|1780923890
|-end|p1a: Loxodonta|Protosynthesis|[silent]
|switch|p1a: P!nk|Clefable, F|100/100
|move|p2a: nothing new there|Substitute|p2a: nothing new there
|-start|p2a: nothing new there|Substitute
|-damage|p2a: nothing new there|61/100 tox
|
|-heal|p2a: nothing new there|73/100 tox|[from] ability: Poison Heal
|upkeep
|turn|62
|
|t:|1780923897
|move|p2a: nothing new there|Protect|p2a: nothing new there
|-singleturn|p2a: nothing new there|Protect
|move|p1a: P!nk|Moonblast|p2a: nothing new there
|-activate|p2a: nothing new there|move: Protect
|
|-heal|p2a: nothing new there|86/100 tox|[from] ability: Poison Heal
|upkeep
|turn|63
|
|t:|1780923902
|move|p2a: nothing new there|Knock Off|p1a: P!nk
|-resisted|p1a: P!nk
|-damage|p1a: P!nk|93/100
|move|p1a: P!nk|Moonblast|p2a: nothing new there
|-supereffective|p2a: nothing new there
|-end|p2a: nothing new there|Substitute
|
|-heal|p2a: nothing new there|98/100 tox|[from] ability: Poison Heal
|upkeep
|turn|64
|
|t:|1780923923
|move|p2a: nothing new there|Substitute|p2a: nothing new there
|-start|p2a: nothing new there|Substitute
|-damage|p2a: nothing new there|73/100 tox
|move|p1a: P!nk|Moonblast|p2a: nothing new there
|-supereffective|p2a: nothing new there
|-end|p2a: nothing new there|Substitute
|
|-heal|p2a: nothing new there|86/100 tox|[from] ability: Poison Heal
|upkeep
|turn|65
|
|t:|1780923941
|switch|p1a: Jack|Samurott-Hisui, M|94/100 tox
|move|p2a: nothing new there|Substitute|p2a: nothing new there
|-start|p2a: nothing new there|Substitute
|-damage|p2a: nothing new there|61/100 tox
|
|-heal|p2a: nothing new there|73/100 tox|[from] ability: Poison Heal
|-damage|p1a: Jack|88/100 tox|[from] psn
|upkeep
|turn|66
|
|t:|1780923945
|move|p2a: nothing new there|Protect|p2a: nothing new there
|-singleturn|p2a: nothing new there|Protect
|move|p1a: Jack|Sacred Sword|p2a: nothing new there
|-activate|p2a: nothing new there|move: Protect
|
|-heal|p2a: nothing new there|86/100 tox|[from] ability: Poison Heal
|-damage|p1a: Jack|76/100 tox|[from] psn
|upkeep
|turn|67
|
|t:|1780923951
|move|p2a: nothing new there|Knock Off|p1a: Jack
|-resisted|p1a: Jack
|-damage|p1a: Jack|57/100 tox
|-enditem|p1a: Jack|Heavy-Duty Boots|[from] move: Knock Off|[of] p2a: nothing new there
|move|p1a: Jack|Sacred Sword|p2a: nothing new there
|-supereffective|p2a: nothing new there
|-end|p2a: nothing new there|Substitute
|
|-heal|p2a: nothing new there|98/100 tox|[from] ability: Poison Heal
|-damage|p1a: Jack|38/100 tox|[from] psn
|upkeep
|turn|68
|
|t:|1780923964
|switch|p1a: Loxodonta|Great Tusk|85/100
|move|p2a: nothing new there|Protect||[still]
|-fail|p2a: nothing new there
|
|-heal|p2a: nothing new there|100/100 tox|[from] ability: Poison Heal
|upkeep
|turn|69
|inactive|Mr Tpen has 120 seconds left.
|
|t:|1780924002
|-terastallize|p1a: Loxodonta|Steel
|move|p2a: nothing new there|Protect|p2a: nothing new there
|-singleturn|p2a: nothing new there|Protect
|move|p1a: Loxodonta|Ice Spinner|p2a: nothing new there
|-activate|p2a: nothing new there|move: Protect
|
|upkeep
|turn|70
|inactive|Mr Tpen has 120 seconds left.
|
|t:|1780924010
|switch|p2a: per my last turn|Corviknight, F|84/100 brn
|-ability|p2a: per my last turn|Pressure
|move|p1a: Loxodonta|Rapid Spin|p2a: per my last turn
|-resisted|p2a: per my last turn
|-damage|p2a: per my last turn|77/100 brn
|-boost|p1a: Loxodonta|spe|1
|
|-heal|p2a: per my last turn|83/100 brn|[from] item: Leftovers
|-damage|p2a: per my last turn|77/100 brn|[from] brn
|upkeep
|turn|71
|inactive|Mr Tpen has 120 seconds left.
|
|t:|1780924034
|-end|p1a: Loxodonta|Protosynthesis|[silent]
|switch|p1a: Voyageur|Corviknight, F|62/100
|-ability|p1a: Voyageur|Pressure
|switch|p2a: love this for you|Clefable, F|73/100 par
|
|upkeep
|turn|72
|
|t:|1780924047
|move|p1a: Voyageur|U-turn|p2a: love this for you
|-resisted|p2a: love this for you
|-damage|p2a: love this for you|68/100 par
|
|t:|1780924050
|switch|p1a: P!nk|Clefable, F|93/100|[from] U-turn
|move|p2a: love this for you|Stealth Rock|p1a: P!nk
|-sidestart|p1: zylsnbb|move: Stealth Rock
|
|upkeep
|turn|73
|
|t:|1780924054
|move|p1a: P!nk|Stealth Rock|p2a: love this for you
|-sidestart|p2: Mr Tpen|move: Stealth Rock
|move|p2a: love this for you|Moonblast|p1a: P!nk
|-damage|p1a: P!nk|63/100
|-unboost|p1a: P!nk|spa|1
|
|upkeep
|turn|74
|
|t:|1780924059
|switch|p1a: Alchemist|Slowking-Galar, M|100/100
|-damage|p1a: Alchemist|88/100|[from] Stealth Rock
|move|p2a: love this for you|Moonlight|p2a: love this for you
|-heal|p2a: love this for you|100/100 par
|
|upkeep
|turn|75
|
|t:|1780924075
|move|p1a: Alchemist|Ice Beam|p2a: love this for you
|-damage|p2a: love this for you|76/100 par
|move|p2a: love this for you|Knock Off|p1a: Alchemist
|-supereffective|p1a: Alchemist
|-crit|p1a: Alchemist
|-damage|p1a: Alchemist|41/100
|-enditem|p1a: Alchemist|Assault Vest|[from] move: Knock Off|[of] p2a: love this for you
|
|upkeep
|turn|76
|
|t:|1780924085
|switch|p2a: nothing new there|Gliscor, M, tera:Dark|100/100 tox
|-damage|p2a: nothing new there|88/100 tox|[from] Stealth Rock
|move|p1a: Alchemist|Ice Beam|p2a: nothing new there
|-damage|p2a: nothing new there|52/100 tox
|
|-heal|p2a: nothing new there|64/100 tox|[from] ability: Poison Heal
|upkeep
|turn|77
|
|t:|1780924094
|move|p2a: nothing new there|Knock Off|p1a: Alchemist
|-supereffective|p1a: Alchemist
|-damage|p1a: Alchemist|0 fnt
|faint|p1a: Alchemist
|
|-heal|p2a: nothing new there|77/100 tox|[from] ability: Poison Heal
|upkeep
|
|t:|1780924101
|switch|p1a: Loxodonta|Great Tusk, tera:Steel|85/100
|-damage|p1a: Loxodonta|79/100|[from] Stealth Rock
|turn|78
|
|t:|1780924105
|move|p2a: nothing new there|Protect|p2a: nothing new there
|-singleturn|p2a: nothing new there|Protect
|move|p1a: Loxodonta|Rapid Spin|p2a: nothing new there
|-activate|p2a: nothing new there|move: Protect
|
|-heal|p2a: nothing new there|89/100 tox|[from] ability: Poison Heal
|upkeep
|turn|79
|
|t:|1780924108
|move|p2a: nothing new there|Knock Off|p1a: Loxodonta
|-damage|p1a: Loxodonta|63/100
|move|p1a: Loxodonta|Ice Spinner|p2a: nothing new there
|-damage|p2a: nothing new there|68/100 tox
|
|-heal|p2a: nothing new there|81/100 tox|[from] ability: Poison Heal
|upkeep
|turn|80
|
|t:|1780924117
|move|p2a: nothing new there|Knock Off|p1a: Loxodonta
|-damage|p1a: Loxodonta|47/100
|move|p1a: Loxodonta|Rapid Spin|p2a: nothing new there
|-damage|p2a: nothing new there|67/100 tox
|-boost|p1a: Loxodonta|spe|1
|-sideend|p1: zylsnbb|Stealth Rock|[from] move: Rapid Spin|[of] p1a: Loxodonta
|
|-heal|p2a: nothing new there|79/100 tox|[from] ability: Poison Heal
|upkeep
|turn|81
|-message|zylsnbb forfeited.
|
|win|Mr Tpen
|raw|zylsnbb's rating: 1572 &rarr; <strong>1552</strong><br />(-20 for losing)
|raw|Mr Tpen's rating: 1568 &rarr; <strong>1588</strong><br />(+20 for winning)
|l|☆zylsnbb
|player|p1|
|l|☆Mr Tpen
|player|p2|
|l| cachowcapow
