|j|☆LowEL0God
|j|☆Supa Dupa Hoopa
|t:|1780979355
|gametype|singles
|player|p1|LowEL0God|265|1578
|player|p2|Supa Dupa Hoopa|102|1555
|gen|9
|tier|[Gen 9] OU
|rated|
|rule|HP Percentage Mod: HP is shown in percentages
|rule|Endless Battle Clause: Forcing endless battles is banned
|rule|Species Clause: Limit one of each Pokémon
|rule|OHKO Clause: OHKO moves are banned
|rule|Evasion Items Clause: Evasion items are banned
|rule|Evasion Moves Clause: Evasion moves are banned
|rule|Evasion Abilities Clause: Evasion abilities are banned
|rule|Sleep Moves Clause: Sleep-inducing moves are banned
|clearpoke
|poke|p1|Pelipper, F|
|poke|p1|Torkoal, F|
|poke|p1|Walking Wake|
|poke|p1|Kyurem|
|poke|p1|Ninetales-Alola, F|
|poke|p1|Ogerpon-Wellspring, F|
|poke|p2|Serperior, M|
|poke|p2|Cinderace, M|
|poke|p2|Corviknight, M|
|poke|p2|Clodsire, M|
|poke|p2|Ditto|
|poke|p2|Toxtricity-Low-Key, M|
|teampreview
|c|☆LowEL0God|hf
|inactive|Battle timer is ON: inactive players will automatically lose when time's up. (requested by LowEL0God)
|
|t:|1780979365
|teamsize|p1|6
|teamsize|p2|6
|start
|switch|p1a: Walking Wake|Walking Wake|100/100
|switch|p2a: ANOTHER ONE|Toxtricity-Low-Key, M|100/100
|turn|1
|c|☆Supa Dupa Hoopa|u2
|
|t:|1780979374
|switch|p2a: Clodsire|Clodsire, M|100/100
|move|p1a: Walking Wake|Draco Meteor|p2a: Clodsire
|-damage|p2a: Clodsire|51/100
|-unboost|p1a: Walking Wake|spa|2
|
|-heal|p2a: Clodsire|58/100|[from] item: Leftovers
|upkeep
|turn|2
|
|t:|1780979383
|-end|p1a: Walking Wake|Protosynthesis|[silent]
|switch|p1a: Kyurem|Kyurem|100/100
|-ability|p1a: Kyurem|Pressure
|move|p2a: Clodsire|Recover|p2a: Clodsire
|-heal|p2a: Clodsire|100/100
|
|upkeep
|turn|3
|
|t:|1780979390
|move|p1a: Kyurem|Icicle Spear|p2a: Clodsire
|-supereffective|p2a: Clodsire
|-damage|p2a: Clodsire|67/100
|-supereffective|p2a: Clodsire
|-damage|p2a: Clodsire|34/100
|-hitcount|p2a: Clodsire|2
|move|p2a: Clodsire|Toxic|p1a: Kyurem
|-status|p1a: Kyurem|tox
|
|-heal|p2a: Clodsire|40/100|[from] item: Leftovers
|-damage|p1a: Kyurem|94/100 tox|[from] psn
|upkeep
|turn|4
|
|t:|1780979400
|switch|p2a: Skarmory-M|Corviknight, M|100/100
|-ability|p2a: Skarmory-M|Pressure
|move|p1a: Kyurem|Freeze-Dry|p2a: Skarmory-M
|-damage|p2a: Skarmory-M|61/100
|
|-heal|p2a: Skarmory-M|67/100|[from] item: Leftovers
|-damage|p1a: Kyurem|82/100 tox|[from] psn
|upkeep
|turn|5
|
|t:|1780979413
|switch|p1a: Ninetales|Ninetales-Alola, F|100/100
|-weather|Snowscape|[from] ability: Snow Warning|[of] p1a: Ninetales
|move|p2a: Skarmory-M|Roost|p2a: Skarmory-M
|-heal|p2a: Skarmory-M|100/100
|-singleturn|p2a: Skarmory-M|move: Roost
|
|-weather|Snowscape|[upkeep]
|upkeep
|turn|6
|
|t:|1780979424
|switch|p2a: ANOTHER ONE|Toxtricity-Low-Key, M|100/100
|move|p1a: Ninetales|Aurora Veil|p1a: Ninetales
|-sidestart|p1: LowEL0God|move: Aurora Veil
|
|-weather|Snowscape|[upkeep]
|upkeep
|turn|7
|
|t:|1780979429
|switch|p1a: Walking Wake|Walking Wake|100/100
|move|p2a: ANOTHER ONE|Volt Switch|p1a: Walking Wake
|-damage|p1a: Walking Wake|74/100
|
|t:|1780979435
|switch|p2a: Clodsire|Clodsire, M|40/100|[from] Volt Switch
|
|-weather|Snowscape|[upkeep]
|-heal|p2a: Clodsire|47/100|[from] item: Leftovers
|upkeep
|turn|8
|
|t:|1780979442
|switch|p2a: Skarmory-M|Corviknight, M|100/100
|-ability|p2a: Skarmory-M|Pressure
|move|p1a: Walking Wake|Draco Meteor|p2a: Skarmory-M
|-resisted|p2a: Skarmory-M
|-damage|p2a: Skarmory-M|49/100
|-unboost|p1a: Walking Wake|spa|2
|
|-weather|Snowscape|[upkeep]
|-heal|p2a: Skarmory-M|55/100|[from] item: Leftovers
|upkeep
|turn|9
|
|t:|1780979452
|-end|p1a: Walking Wake|Protosynthesis|[silent]
|switch|p1a: Hurricane Spam|Pelipper, F, shiny|100/100
|-weather|RainDance|[from] ability: Drizzle|[of] p1a: Hurricane Spam
|move|p2a: Skarmory-M|U-turn|p1a: Hurricane Spam
|-resisted|p1a: Hurricane Spam
|-damage|p1a: Hurricane Spam|97/100
|
|t:|1780979459
|switch|p2a: ANOTHER ONE|Toxtricity-Low-Key, M|100/100|[from] U-turn
|
|-weather|RainDance|[upkeep]
|upkeep
|turn|10
|
|t:|1780979465
|switch|p1a: Walking Wake|Walking Wake|74/100
|move|p2a: ANOTHER ONE|Volt Switch|p1a: Walking Wake
|-damage|p1a: Walking Wake|45/100
|
|t:|1780979475
|switch|p2a: Mew1.5|Ditto|100/100|[from] Volt Switch
|-transform|p2a: Mew1.5|p1a: Walking Wake|[from] ability: Imposter
|
|-weather|RainDance|[upkeep]
|-sideend|p1: LowEL0God|move: Aurora Veil
|upkeep
|turn|11
|
|t:|1780979485
|move|p2a: Mew1.5|Dragon Pulse|p1a: Walking Wake
|-supereffective|p1a: Walking Wake
|-damage|p1a: Walking Wake|0 fnt
|faint|p1a: Walking Wake
|-end|p1a: Walking Wake|Protosynthesis|[silent]
|
|-weather|RainDance|[upkeep]
|upkeep
|
|t:|1780979485
|switch|p1a: Ninetales|Ninetales-Alola, F|100/100
|-weather|Snowscape|[from] ability: Snow Warning|[of] p1a: Ninetales
|turn|12
|
|t:|1780979496
|-end|p2a: Mew1.5|Protosynthesis|[silent]
|switch|p2a: ANOTHER ONE|Toxtricity-Low-Key, M|100/100
|move|p1a: Ninetales|Aurora Veil|p1a: Ninetales
|-sidestart|p1: LowEL0God|move: Aurora Veil
|
|-weather|Snowscape|[upkeep]
|upkeep
|turn|13
|
|t:|1780979501
|switch|p1a: Ogerpon|Ogerpon-Wellspring, F|100/100
|move|p2a: ANOTHER ONE|Volt Switch|p1a: Ogerpon
|-damage|p1a: Ogerpon|73/100
|
|t:|1780979508
|switch|p2a: What RU|Serperior, M|100/100|[from] Volt Switch
|
|-weather|Snowscape|[upkeep]
|upkeep
|turn|14
|
|t:|1780979513
|move|p2a: What RU|Glare|p1a: Ogerpon
|-status|p1a: Ogerpon|par
|move|p1a: Ogerpon|Swords Dance|p1a: Ogerpon
|-boost|p1a: Ogerpon|atk|2
|
|-weather|Snowscape|[upkeep]
|upkeep
|turn|15
|
|t:|1780979519
|move|p2a: What RU|Substitute|p2a: What RU
|-start|p2a: What RU|Substitute
|-damage|p2a: What RU|76/100
|cant|p1a: Ogerpon|par
|
|-weather|Snowscape|[upkeep]
|-heal|p2a: What RU|82/100|[from] item: Leftovers
|upkeep
|turn|16
|
|t:|1780979526
|move|p2a: What RU|Leaf Storm|p1a: Ogerpon
|-damage|p1a: Ogerpon|52/100 par
|-boost|p2a: What RU|spa|2
|move|p1a: Ogerpon|Ivy Cudgel|p2a: What RU|[anim] Ivy Cudgel Water
|-resisted|p2a: What RU
|-end|p2a: What RU|Substitute
|
|-weather|Snowscape|[upkeep]
|-heal|p2a: What RU|88/100|[from] item: Leftovers
|-sideend|p1: LowEL0God|move: Aurora Veil
|upkeep
|turn|17
|
|t:|1780979539
|move|p2a: What RU|Substitute|p2a: What RU
|-start|p2a: What RU|Substitute
|-damage|p2a: What RU|63/100
|cant|p1a: Ogerpon|par
|
|-weather|Snowscape|[upkeep]
|-heal|p2a: What RU|69/100|[from] item: Leftovers
|upkeep
|turn|18
|
|t:|1780979545
|move|p2a: What RU|Leaf Storm|p1a: Ogerpon
|-damage|p1a: Ogerpon|0 fnt
|-boost|p2a: What RU|spa|2
|faint|p1a: Ogerpon
|
|-weather|Snowscape|[upkeep]
|-heal|p2a: What RU|75/100|[from] item: Leftovers
|upkeep
|
|t:|1780979546
|switch|p1a: Kyurem|Kyurem|82/100 tox
|-ability|p1a: Kyurem|Pressure
|turn|19
|
|t:|1780979558
|move|p2a: What RU|Leech Seed|p1a: Kyurem|[miss]
|-miss|p2a: What RU|p1a: Kyurem
|move|p1a: Kyurem|Dragon Dance|p1a: Kyurem
|-boost|p1a: Kyurem|atk|1
|-boost|p1a: Kyurem|spe|1
|
|-weather|none
|-heal|p2a: What RU|81/100|[from] item: Leftovers
|-damage|p1a: Kyurem|76/100 tox|[from] psn
|upkeep
|turn|20
|
|t:|1780979567
|move|p1a: Kyurem|Icicle Spear|p2a: What RU
|-supereffective|p2a: What RU
|-end|p2a: What RU|Substitute
|-supereffective|p2a: What RU
|-damage|p2a: What RU|39/100
|-supereffective|p2a: What RU
|-damage|p2a: What RU|0 fnt
|faint|p2a: What RU
|-hitcount|p2: What RU|3
|
|-damage|p1a: Kyurem|64/100 tox|[from] psn
|upkeep
|
|t:|1780979583
|switch|p2a: Mew1.5|Ditto|100/100
|-transform|p2a: Mew1.5|p1a: Kyurem|[from] ability: Imposter
|-ability|p2a: Mew1.5|Pressure
|turn|21
|
|t:|1780979596
|move|p2a: Mew1.5|Icicle Spear|p1a: Kyurem
|-damage|p1a: Kyurem|45/100 tox
|-damage|p1a: Kyurem|25/100 tox
|-damage|p1a: Kyurem|6/100 tox
|-hitcount|p1a: Kyurem|3
|move|p1a: Kyurem|Icicle Spear|p2a: Mew1.5
|-damage|p2a: Mew1.5|67/100
|-damage|p2a: Mew1.5|35/100
|-hitcount|p2a: Mew1.5|2
|
|-damage|p1a: Kyurem|0 fnt|[from] psn
|faint|p1a: Kyurem
|upkeep
|
|t:|1780979596
|switch|p1a: Ninetales|Ninetales-Alola, F|100/100
|-weather|Snowscape|[from] ability: Snow Warning|[of] p1a: Ninetales
|turn|22
|
|t:|1780979611
|move|p2a: Mew1.5|Icicle Spear|p1a: Ninetales
|-resisted|p1a: Ninetales
|-damage|p1a: Ninetales|93/100
|-resisted|p1a: Ninetales
|-damage|p1a: Ninetales|85/100
|-hitcount|p1a: Ninetales|2
|move|p1a: Ninetales|Aurora Veil|p1a: Ninetales
|-sidestart|p1: LowEL0God|move: Aurora Veil
|
|-weather|Snowscape|[upkeep]
|upkeep
|turn|23
|
|t:|1780979618
|switch|p2a: CinderMiss|Cinderace, M|100/100
|move|p1a: Ninetales|Freeze-Dry|p2a: CinderMiss
|-resisted|p2a: CinderMiss
|-damage|p2a: CinderMiss|87/100
|
|-weather|Snowscape|[upkeep]
|upkeep
|turn|24
|
|t:|1780979626
|move|p2a: CinderMiss|Court Change|p2a: CinderMiss
|-start|p2a: CinderMiss|typechange|Normal|[from] ability: Libero
|-swapsideconditions
|-activate|p2a: CinderMiss|move: Court Change
|move|p1a: Ninetales|Moonblast|p2a: CinderMiss
|-damage|p2a: CinderMiss|69/100
|
|-weather|Snowscape|[upkeep]
|upkeep
|turn|25
|
|t:|1780979633
|move|p2a: CinderMiss|Pyro Ball|p1a: Ninetales
|-supereffective|p1a: Ninetales
|-damage|p1a: Ninetales|19/100
|-status|p1a: Ninetales|brn
|move|p1a: Ninetales|Aurora Veil|p1a: Ninetales
|-sidestart|p1: LowEL0God|move: Aurora Veil
|
|-weather|Snowscape|[upkeep]
|-damage|p1a: Ninetales|13/100 brn|[from] brn
|upkeep
|turn|26
|
|t:|1780979644
|switch|p1a: Torkoal|Torkoal, F|100/100
|-weather|SunnyDay|[from] ability: Drought|[of] p1a: Torkoal
|move|p2a: CinderMiss|Court Change|p2a: CinderMiss
|-swapsideconditions
|-activate|p2a: CinderMiss|move: Court Change
|
|-weather|SunnyDay|[upkeep]
|-sideend|p1: LowEL0God|move: Aurora Veil
|upkeep
|turn|27
|
|t:|1780979669
|switch|p2a: Clodsire|Clodsire, M|47/100
|move|p1a: Torkoal|Lava Plume|p2a: Clodsire
|-damage|p2a: Clodsire|36/100
|
|-weather|SunnyDay|[upkeep]
|-heal|p2a: Clodsire|42/100|[from] item: Leftovers
|upkeep
|turn|28
|
|t:|1780979676
|switch|p1a: Ninetales|Ninetales-Alola, F|13/100 brn
|-weather|Snowscape|[from] ability: Snow Warning|[of] p1a: Ninetales
|move|p2a: Clodsire|Recover|p2a: Clodsire
|-heal|p2a: Clodsire|92/100
|
|-weather|Snowscape|[upkeep]
|-heal|p2a: Clodsire|99/100|[from] item: Leftovers
|-damage|p1a: Ninetales|7/100 brn|[from] brn
|upkeep
|turn|29
|
|t:|1780979687
|move|p1a: Ninetales|Aurora Veil|p1a: Ninetales
|-sidestart|p1: LowEL0God|move: Aurora Veil
|move|p2a: Clodsire|Earthquake|p1a: Ninetales
|-damage|p1a: Ninetales|0 fnt
|faint|p1a: Ninetales
|
|-weather|Snowscape|[upkeep]
|-heal|p2a: Clodsire|100/100|[from] item: Leftovers
|-sideend|p2: Supa Dupa Hoopa|move: Aurora Veil
|upkeep
|
|t:|1780979688
|switch|p1a: Hurricane Spam|Pelipper, F, shiny|97/100
|-weather|RainDance|[from] ability: Drizzle|[of] p1a: Hurricane Spam
|turn|30
|j| liechiteladihul
|
|t:|1780979698
|move|p1a: Hurricane Spam|Weather Ball|p2a: Clodsire
|-immune|p2a: Clodsire|[from] ability: Water Absorb
|move|p2a: Clodsire|Toxic|p1a: Hurricane Spam
|-status|p1a: Hurricane Spam|tox
|
|-weather|RainDance|[upkeep]
|-damage|p1a: Hurricane Spam|91/100 tox|[from] psn
|upkeep
|turn|31
|
|t:|1780979709
|move|p1a: Hurricane Spam|Weather Ball|p2a: Clodsire
|-immune|p2a: Clodsire|[from] ability: Water Absorb
|move|p2a: Clodsire|Liquidation|p1a: Hurricane Spam
|-resisted|p1a: Hurricane Spam
|-damage|p1a: Hurricane Spam|86/100 tox
|
|-weather|RainDance|[upkeep]
|-damage|p1a: Hurricane Spam|74/100 tox|[from] psn
|upkeep
|turn|32
|
|t:|1780979717
|move|p1a: Hurricane Spam|Weather Ball|p2a: Clodsire
|-immune|p2a: Clodsire|[from] ability: Water Absorb
|move|p2a: Clodsire|Liquidation|p1a: Hurricane Spam
|-resisted|p1a: Hurricane Spam
|-damage|p1a: Hurricane Spam|68/100 tox
|
|-weather|RainDance|[upkeep]
|-damage|p1a: Hurricane Spam|50/100 tox|[from] psn
|upkeep
|turn|33
|l| liechiteladihul
|
|t:|1780979725
|move|p1a: Hurricane Spam|Weather Ball|p2a: Clodsire
|-immune|p2a: Clodsire|[from] ability: Water Absorb
|move|p2a: Clodsire|Liquidation|p1a: Hurricane Spam
|-resisted|p1a: Hurricane Spam
|-damage|p1a: Hurricane Spam|45/100 tox
|-unboost|p1a: Hurricane Spam|def|1
|
|-weather|RainDance|[upkeep]
|-damage|p1a: Hurricane Spam|21/100 tox|[from] psn
|-sideend|p1: LowEL0God|move: Aurora Veil
|upkeep
|turn|34
|
|t:|1780979736
|switch|p1a: Torkoal|Torkoal, F|100/100
|-weather|SunnyDay|[from] ability: Drought|[of] p1a: Torkoal
|move|p2a: Clodsire|Liquidation|p1a: Torkoal
|-supereffective|p1a: Torkoal
|-damage|p1a: Torkoal|91/100
|-unboost|p1a: Torkoal|def|1
|
|-weather|SunnyDay|[upkeep]
|upkeep
|turn|35
|
|t:|1780979745
|move|p1a: Torkoal|Lava Plume|p2a: Clodsire
|-damage|p2a: Clodsire|80/100
|-status|p2a: Clodsire|brn
|move|p2a: Clodsire|Toxic|p1a: Torkoal
|-status|p1a: Torkoal|tox
|
|-weather|SunnyDay|[upkeep]
|-heal|p2a: Clodsire|87/100 brn|[from] item: Leftovers
|-damage|p1a: Torkoal|85/100 tox|[from] psn
|-damage|p2a: Clodsire|80/100 brn|[from] brn
|upkeep
|turn|36
|
|t:|1780979757
|move|p2a: Clodsire|Recover|p2a: Clodsire
|-heal|p2a: Clodsire|100/100 brn
|move|p1a: Torkoal|Lava Plume|p2a: Clodsire
|-damage|p2a: Clodsire|79/100 brn
|
|-weather|SunnyDay|[upkeep]
|-heal|p2a: Clodsire|85/100 brn|[from] item: Leftovers
|-damage|p1a: Torkoal|73/100 tox|[from] psn
|-damage|p2a: Clodsire|79/100 brn|[from] brn
|upkeep
|turn|37
|
|t:|1780979767
|switch|p1a: Hurricane Spam|Pelipper, F, shiny|21/100 tox
|-weather|RainDance|[from] ability: Drizzle|[of] p1a: Hurricane Spam
|move|p2a: Clodsire|Liquidation|p1a: Hurricane Spam
|-resisted|p1a: Hurricane Spam
|-damage|p1a: Hurricane Spam|15/100 tox
|-unboost|p1a: Hurricane Spam|def|1
|
|-weather|RainDance|[upkeep]
|-heal|p2a: Clodsire|85/100 brn|[from] item: Leftovers
|-damage|p1a: Hurricane Spam|8/100 tox|[from] psn
|-damage|p2a: Clodsire|79/100 brn|[from] brn
|upkeep
|turn|38
|
|t:|1780979778
|switch|p1a: Torkoal|Torkoal, F|73/100 tox
|-weather|SunnyDay|[from] ability: Drought|[of] p1a: Torkoal
|move|p2a: Clodsire|Liquidation|p1a: Torkoal
|-supereffective|p1a: Torkoal
|-damage|p1a: Torkoal|68/100 tox
|
|-weather|SunnyDay|[upkeep]
|-heal|p2a: Clodsire|85/100 brn|[from] item: Leftovers
|-damage|p1a: Torkoal|62/100 tox|[from] psn
|-damage|p2a: Clodsire|79/100 brn|[from] brn
|upkeep
|turn|39
|
|t:|1780979788
|switch|p1a: Hurricane Spam|Pelipper, F, shiny|8/100 tox
|-weather|RainDance|[from] ability: Drizzle|[of] p1a: Hurricane Spam
|move|p2a: Clodsire|Liquidation|p1a: Hurricane Spam
|-resisted|p1a: Hurricane Spam
|-damage|p1a: Hurricane Spam|3/100 tox
|
|-weather|RainDance|[upkeep]
|-heal|p2a: Clodsire|85/100 brn|[from] item: Leftovers
|-damage|p1a: Hurricane Spam|0 fnt|[from] psn
|faint|p1a: Hurricane Spam
|-damage|p2a: Clodsire|79/100 brn|[from] brn
|upkeep
|
|t:|1780979789
|switch|p1a: Torkoal|Torkoal, F|62/100 tox
|-weather|SunnyDay|[from] ability: Drought|[of] p1a: Torkoal
|turn|40
|
|t:|1780979803
|move|p2a: Clodsire|Liquidation|p1a: Torkoal
|-supereffective|p1a: Torkoal
|-damage|p1a: Torkoal|58/100 tox
|move|p1a: Torkoal|Lava Plume|p2a: Clodsire
|-damage|p2a: Clodsire|61/100 brn
|
|-weather|SunnyDay|[upkeep]
|-heal|p2a: Clodsire|67/100 brn|[from] item: Leftovers
|-damage|p1a: Torkoal|52/100 tox|[from] psn
|-damage|p2a: Clodsire|61/100 brn|[from] brn
|upkeep
|turn|41
|inactive|Supa Dupa Hoopa has 120 seconds left.
|
|t:|1780979840
|move|p1a: Torkoal|Lava Plume|p2a: Clodsire
|-damage|p2a: Clodsire|41/100 brn
|move|p2a: Clodsire|Liquidation|p1a: Torkoal
|-supereffective|p1a: Torkoal
|-damage|p1a: Torkoal|48/100 tox
|
|-weather|SunnyDay|[upkeep]
|-heal|p2a: Clodsire|47/100 brn|[from] item: Leftovers
|-damage|p1a: Torkoal|35/100 tox|[from] psn
|-damage|p2a: Clodsire|41/100 brn|[from] brn
|upkeep
|turn|42
|inactive|Supa Dupa Hoopa has 120 seconds left.
|
|t:|1780979850
|move|p1a: Torkoal|Lava Plume|p2a: Clodsire
|-crit|p2a: Clodsire
|-damage|p2a: Clodsire|13/100 brn
|move|p2a: Clodsire|Recover|p2a: Clodsire
|-heal|p2a: Clodsire|63/100 brn
|
|-weather|SunnyDay|[upkeep]
|-heal|p2a: Clodsire|69/100 brn|[from] item: Leftovers
|-damage|p1a: Torkoal|17/100 tox|[from] psn
|-damage|p2a: Clodsire|63/100 brn|[from] brn
|upkeep
|turn|43
|inactive|Supa Dupa Hoopa has 120 seconds left.
|
|t:|1780979861
|move|p2a: Clodsire|Recover|p2a: Clodsire
|-heal|p2a: Clodsire|100/100 brn
|move|p1a: Torkoal|Rapid Spin|p2a: Clodsire
|-damage|p2a: Clodsire|90/100 brn
|-boost|p1a: Torkoal|spe|1
|
|-weather|SunnyDay|[upkeep]
|-heal|p2a: Clodsire|96/100 brn|[from] item: Leftovers
|-damage|p1a: Torkoal|0 fnt|[from] psn
|faint|p1a: Torkoal
|
|win|Supa Dupa Hoopa
|raw|LowEL0God's rating: 1578 &rarr; <strong>1557</strong><br />(-21 for losing)
|raw|Supa Dupa Hoopa's rating: 1555 &rarr; <strong>1576</strong><br />(+21 for winning)
|c|☆Supa Dupa Hoopa|gg
|c|☆LowEL0God|gg
|l|☆LowEL0God
|player|p1|
|l|☆Supa Dupa Hoopa
|player|p2|
