|j|☆tauros3
|j|☆karmasiren
|t:|1780934635
|gametype|singles
|player|p1|tauros3|swimmer-gen4dp|1559
|player|p2|karmasiren|skyla|1578
|gen|9
|tier|[Gen 9] OU
|rated|
|rule|HP Percentage Mod: HP is shown in percentages
|rule|Endless Battle Clause: Forcing endless battles is banned
|rule|Species Clause: Limit one of each Pokémon
|rule|OHKO Clause: OHKO moves are banned
|rule|Evasion Items Clause: Evasion items are banned
|rule|Evasion Moves Clause: Evasion moves are banned
|rule|Evasion Abilities Clause: Evasion abilities are banned
|rule|Sleep Moves Clause: Sleep-inducing moves are banned
|clearpoke
|poke|p1|Rillaboom, M|
|poke|p1|Ogerpon-Wellspring, F|
|poke|p1|Tauros-Paldea-Blaze, M|
|poke|p1|Muk-Alola, F|
|poke|p1|Raging Bolt|
|poke|p1|Iron Treads|
|poke|p2|Volcanion|
|poke|p2|Corviknight, F|
|poke|p2|Sandy Shocks|
|poke|p2|Serperior, F|
|poke|p2|Deoxys-Speed|
|poke|p2|Kingambit, F|
|teampreview
|inactive|Battle timer is ON: inactive players will automatically lose when time's up. (requested by tauros3)
|inactive|karmasiren has 120 seconds left.
|inactive|karmasiren has 90 seconds left.
|inactive|karmasiren has 60 seconds left.
|j| feeyjvdet
|
|t:|1780934740
|teamsize|p1|6
|teamsize|p2|6
|start
|switch|p1a: 2YL|Muk-Alola, F|100/100
|switch|p2a: Deoxys|Deoxys-Speed|100/100
|-ability|p2a: Deoxys|Pressure
|turn|1
|
|t:|1780934747
|switch|p2a: Edgar|Corviknight, F, shiny|100/100
|-ability|p2a: Edgar|Pressure
|move|p1a: 2YL|Knock Off|p2a: Edgar
|-damage|p2a: Edgar|80/100
|-damage|p1a: 2YL|84/100|[from] item: Rocky Helmet|[of] p2a: Edgar
|-enditem|p2a: Edgar|Rocky Helmet|[from] move: Knock Off|[of] p1a: 2YL
|
|upkeep
|turn|2
|inactive|karmasiren has 120 seconds left.
|inactive|karmasiren has 90 seconds left.
|inactive|karmasiren has 60 seconds left.
|
|t:|1780934821
|move|p2a: Edgar|Body Press|p1a: 2YL
|-damage|p1a: 2YL|55/100
|move|p1a: 2YL|Knock Off|p2a: Edgar
|-damage|p2a: Edgar|65/100
|
|upkeep
|turn|3
|
|t:|1780934826
|move|p2a: Edgar|Roost|p2a: Edgar
|-heal|p2a: Edgar|100/100
|-singleturn|p2a: Edgar|move: Roost
|move|p1a: 2YL|Drain Punch|p2a: Edgar
|-supereffective|p2a: Edgar
|-damage|p2a: Edgar|79/100
|-heal|p1a: 2YL|65/100|[from] drain|[of] p2a: Edgar
|
|upkeep
|turn|4
|
|t:|1780934843
|switch|p1a: The Plan|Tauros-Paldea-Blaze, M|100/100
|-ability|p1a: The Plan|Intimidate|boost
|-unboost|p2a: Edgar|atk|1
|move|p2a: Edgar|Body Press|p1a: The Plan
|-damage|p1a: The Plan|82/100
|
|-heal|p1a: The Plan|89/100|[from] item: Leftovers
|upkeep
|turn|5
|
|t:|1780934853
|switch|p2a: Steam McQueen|Volcanion|100/100
|move|p1a: The Plan|Body Press|p2a: Steam McQueen
|-damage|p2a: Steam McQueen|62/100
|
|-heal|p1a: The Plan|95/100|[from] item: Leftovers
|upkeep
|turn|6
|
|t:|1780934862
|switch|p1a: 2YL|Muk-Alola, F|65/100
|move|p2a: Steam McQueen|Fire Blast|p1a: 2YL
|-damage|p1a: 2YL|31/100
|-status|p1a: 2YL|brn
|
|-damage|p1a: 2YL|25/100 brn|[from] brn
|upkeep
|turn|7
|
|t:|1780934887
|move|p2a: Steam McQueen|Fire Blast|p1a: 2YL
|-damage|p1a: 2YL|0 fnt
|faint|p1a: 2YL
|
|upkeep
|
|t:|1780934895
|switch|p1a: Plastic Flowers|Iron Treads|100/100
|-enditem|p1a: Plastic Flowers|Booster Energy
|-activate|p1a: Plastic Flowers|ability: Quark Drive|[fromitem]
|-start|p1a: Plastic Flowers|quarkdrivespe
|turn|8
|
|t:|1780934906
|-terastallize|p2a: Steam McQueen|Fairy
|move|p1a: Plastic Flowers|Earth Power|p2a: Steam McQueen
|-damage|p2a: Steam McQueen|25/100
|move|p2a: Steam McQueen|Fire Blast|p1a: Plastic Flowers
|-supereffective|p1a: Plastic Flowers
|-damage|p1a: Plastic Flowers|0 fnt
|faint|p1a: Plastic Flowers
|-end|p1a: Plastic Flowers|Quark Drive|[silent]
|
|upkeep
|
|t:|1780934911
|switch|p1a: Summer Shandy|Rillaboom, M|100/100
|-fieldstart|move: Grassy Terrain|[from] ability: Grassy Surge|[of] p1a: Summer Shandy
|turn|9
|
|t:|1780934918
|switch|p2a: Edgar|Corviknight, F, shiny|79/100
|-ability|p2a: Edgar|Pressure
|move|p1a: Summer Shandy|U-turn|p2a: Edgar
|-resisted|p2a: Edgar
|-damage|p2a: Edgar|75/100
|
|t:|1780934920
|switch|p1a: HELP|Ogerpon-Wellspring, F|100/100|[from] U-turn
|
|upkeep
|turn|10
|
|t:|1780934928
|switch|p2a: Steam McQueen|Volcanion, tera:Fairy|25/100
|move|p1a: HELP|Swords Dance|p1a: HELP
|-boost|p1a: HELP|atk|2
|
|-heal|p2a: Steam McQueen|31/100|[from] Grassy Terrain
|upkeep
|turn|11
|
|t:|1780934942
|switch|p2a: Edgar|Corviknight, F, shiny|75/100
|-ability|p2a: Edgar|Pressure
|move|p1a: HELP|Play Rough|p2a: Edgar
|-resisted|p2a: Edgar
|-damage|p2a: Edgar|53/100
|-unboost|p2a: Edgar|atk|1
|
|upkeep
|turn|12
|
|t:|1780934952
|move|p1a: HELP|Ivy Cudgel|p2a: Edgar|[anim] Ivy Cudgel Water
|-damage|p2a: Edgar|0 fnt
|faint|p2a: Edgar
|
|upkeep
|
|t:|1780934955
|switch|p2a: Lucifer|Serperior, F, shiny|100/100
|turn|13
|
|t:|1780934961
|move|p2a: Lucifer|Glare|p1a: HELP
|-status|p1a: HELP|par
|move|p1a: HELP|Play Rough|p2a: Lucifer
|-damage|p2a: Lucifer|9/100
|
|-heal|p2a: Lucifer|15/100|[from] Grassy Terrain
|upkeep
|turn|14
|
|t:|1780934967
|move|p1a: HELP|Grassy Glide|p2a: Lucifer
|-resisted|p2a: Lucifer
|-damage|p2a: Lucifer|0 fnt
|faint|p2a: Lucifer
|
|upkeep
|
|t:|1780934971
|switch|p2a: King of OU|Kingambit, F|100/100
|-activate|p2a: King of OU|ability: Supreme Overlord
|-start|p2a: King of OU|fallen2|[silent]
|turn|15
|
|t:|1780934975
|move|p2a: King of OU|Kowtow Cleave|p1a: HELP
|-damage|p1a: HELP|20/100 par
|move|p1a: HELP|Ivy Cudgel|p2a: King of OU|[anim] Ivy Cudgel Water
|-crit|p2a: King of OU
|-damage|p2a: King of OU|0 fnt
|faint|p2a: King of OU
|-end|p2a: King of OU|fallen2|[silent]
|
|-heal|p1a: HELP|26/100 par|[from] Grassy Terrain
|upkeep
|
|t:|1780934980
|switch|p2a: Deoxys|Deoxys-Speed|100/100
|-ability|p2a: Deoxys|Pressure
|turn|16
|
|t:|1780934983
|move|p1a: HELP|Grassy Glide|p2a: Deoxys
|-damage|p2a: Deoxys|0 fnt
|faint|p2a: Deoxys
|
|-heal|p1a: HELP|32/100 par|[from] Grassy Terrain
|-fieldend|move: Grassy Terrain
|upkeep
|
|t:|1780934985
|switch|p2a: Steam McQueen|Volcanion, tera:Fairy|31/100
|turn|17
|
|t:|1780934988
|move|p2a: Steam McQueen|Fire Blast|p1a: HELP
|-damage|p1a: HELP|0 fnt
|faint|p1a: HELP
|
|upkeep
|-message|karmasiren forfeited.
|
|win|tauros3
|raw|tauros3's rating: 1559 &rarr; <strong>1581</strong><br />(+22 for winning)
|raw|karmasiren's rating: 1591 &rarr; <strong>1569</strong><br />(-22 for losing)
|l|☆karmasiren
|player|p2|
|l|☆tauros3
|player|p1|
|l| feeyjvdet
