|j|☆kadu99
|j|☆dia-sre
|t:|1781060967
|gametype|singles
|player|p1|kadu99|policeman-gen4|1567
|player|p2|dia-sre|170|1776
|gen|9
|tier|[Gen 9] OU
|rated|
|rule|HP Percentage Mod: HP is shown in percentages
|rule|Endless Battle Clause: Forcing endless battles is banned
|rule|Species Clause: Limit one of each Pokémon
|rule|OHKO Clause: OHKO moves are banned
|rule|Evasion Items Clause: Evasion items are banned
|rule|Evasion Moves Clause: Evasion moves are banned
|rule|Evasion Abilities Clause: Evasion abilities are banned
|rule|Sleep Moves Clause: Sleep-inducing moves are banned
|clearpoke
|poke|p1|Cinderace, M|
|poke|p1|Ting-Lu|
|poke|p1|Garganacl, F|
|poke|p1|Weezing-Galar, F|
|poke|p1|Alomomola, M|
|poke|p1|Kyurem|
|poke|p2|Azumarill, F|
|poke|p2|Dragapult, M|
|poke|p2|Garchomp, F|
|poke|p2|Weezing-Galar, M|
|poke|p2|Gholdengo|
|poke|p2|Enamorus, F|
|teampreview
|inactive|Battle timer is ON: inactive players will automatically lose when time's up. (requested by kadu99)
|inactive|kadu99 has 120 seconds left.
|inactive|dia-sre has 120 seconds left.
|
|t:|1781061012
|teamsize|p1|6
|teamsize|p2|6
|start
|switch|p1a: Kyurem|Kyurem, shiny|100/100
|switch|p2a: Enamorus|Enamorus, F|100/100
|-ability|p1a: Kyurem|Pressure
|turn|1
|
|t:|1781061015
|move|p1a: Kyurem|Protect|p1a: Kyurem
|-singleturn|p1a: Kyurem|Protect
|move|p2a: Enamorus|Moonblast|p1a: Kyurem
|-activate|p1a: Kyurem|move: Protect
|
|upkeep
|turn|2
|
|t:|1781061024
|switch|p1a: Garganacl|Garganacl, F|100/100
|move|p2a: Enamorus|Moonblast|p1a: Garganacl
|-damage|p1a: Garganacl|60/100
|
|-heal|p1a: Garganacl|66/100|[from] item: Leftovers
|upkeep
|turn|3
|
|t:|1781061038
|move|p2a: Enamorus|Calm Mind|p2a: Enamorus
|-boost|p2a: Enamorus|spa|1
|-boost|p2a: Enamorus|spd|1
|move|p1a: Garganacl|Recover|p1a: Garganacl
|-heal|p1a: Garganacl|100/100
|
|upkeep
|turn|4
|
|t:|1781061044
|move|p2a: Enamorus|Earth Power|p1a: Garganacl
|-supereffective|p1a: Garganacl
|-damage|p1a: Garganacl|26/100
|move|p1a: Garganacl|Salt Cure|p2a: Enamorus
|-supereffective|p2a: Enamorus
|-damage|p2a: Enamorus|56/100
|-start|p2a: Enamorus|Salt Cure
|
|-heal|p1a: Garganacl|32/100|[from] item: Leftovers
|-damage|p2a: Enamorus|44/100|[from] Salt Cure
|upkeep
|turn|5
|
|t:|1781061056
|move|p1a: Garganacl|Protect|p1a: Garganacl
|-singleturn|p1a: Garganacl|Protect
|move|p2a: Enamorus|Moonblast|p1a: Garganacl
|-activate|p1a: Garganacl|move: Protect
|
|-heal|p1a: Garganacl|38/100|[from] item: Leftovers
|-damage|p2a: Enamorus|31/100|[from] Salt Cure
|upkeep
|turn|6
|
|t:|1781061068
|switch|p1a: Ting-Lu|Ting-Lu, shiny|100/100
|-ability|p1a: Ting-Lu|Vessel of Ruin
|move|p2a: Enamorus|Moonblast|p1a: Ting-Lu
|-supereffective|p1a: Ting-Lu
|-damage|p1a: Ting-Lu|28/100
|-unboost|p1a: Ting-Lu|spa|1
|
|-heal|p1a: Ting-Lu|34/100|[from] item: Leftovers
|-damage|p2a: Enamorus|19/100|[from] Salt Cure
|upkeep
|turn|7
|
|t:|1781061076
|move|p2a: Enamorus|Moonblast|p1a: Ting-Lu
|-supereffective|p1a: Ting-Lu
|-damage|p1a: Ting-Lu|0 fnt
|faint|p1a: Ting-Lu
|
|-damage|p2a: Enamorus|6/100|[from] Salt Cure
|upkeep
|
|t:|1781061080
|switch|p1a: Cinderace|Cinderace, M|100/100
|turn|8
|
|t:|1781061085
|move|p1a: Cinderace|U-turn|p2a: Enamorus
|-start|p1a: Cinderace|typechange|Bug|[from] ability: Libero
|-resisted|p2a: Enamorus
|-damage|p2a: Enamorus|0 fnt
|faint|p2a: Enamorus
|
|t:|1781061090
|switch|p1a: Alomomola|Alomomola, M, shiny|100/100|[from] U-turn
|
|upkeep
|
|t:|1781061108
|switch|p2a: Azumarill|Azumarill, F|100/100
|turn|9
|
|t:|1781061110
|move|p2a: Azumarill|Knock Off|p1a: Alomomola
|-damage|p1a: Alomomola|77/100
|-damage|p2a: Azumarill|84/100|[from] item: Rocky Helmet|[of] p1a: Alomomola
|-enditem|p1a: Alomomola|Rocky Helmet|[from] move: Knock Off|[of] p2a: Azumarill
|move|p1a: Alomomola|Wish|p1a: Alomomola
|
|upkeep
|turn|10
|
|t:|1781061118
|switch|p2a: Garchomp|Garchomp, F|100/100
|move|p1a: Alomomola|Flip Turn|p2a: Garchomp
|-damage|p2a: Garchomp|91/100
|-damage|p1a: Alomomola|64/100|[from] ability: Rough Skin|[of] p2a: Garchomp
|-damage|p1a: Alomomola|48/100|[from] item: Rocky Helmet|[of] p2a: Garchomp
|
|t:|1781061121
|switch|p1a: Garganacl|Garganacl, F|38/100|[from] Flip Turn
|
|-heal|p1a: Garganacl|100/100|[from] move: Wish|[wisher] Alomomola
|upkeep
|turn|11
|
|t:|1781061140
|move|p2a: Garchomp|Earthquake|p1a: Garganacl
|-supereffective|p1a: Garganacl
|-damage|p1a: Garganacl|47/100
|move|p1a: Garganacl|Curse|p1a: Garganacl
|-unboost|p1a: Garganacl|spe|1
|-boost|p1a: Garganacl|atk|1
|-boost|p1a: Garganacl|def|1
|
|-heal|p1a: Garganacl|53/100|[from] item: Leftovers
|upkeep
|turn|12
|
|t:|1781061144
|move|p2a: Garchomp|Stealth Rock|p1a: Garganacl
|-sidestart|p1: kadu99|move: Stealth Rock
|move|p1a: Garganacl|Recover|p1a: Garganacl
|-heal|p1a: Garganacl|100/100
|
|upkeep
|turn|13
|
|t:|1781061147
|move|p1a: Garganacl|Salt Cure|p2a: Garchomp
|-resisted|p2a: Garchomp
|-damage|p2a: Garchomp|85/100
|-start|p2a: Garchomp|Salt Cure
|move|p2a: Garchomp|Dragon Tail|p1a: Garganacl
|-damage|p1a: Garganacl|88/100
|drag|p1a: Cinderace|Cinderace, M|100/100
|
|-damage|p2a: Garchomp|72/100|[from] Salt Cure
|upkeep
|turn|14
|
|t:|1781061152
|switch|p1a: Alomomola|Alomomola, M, shiny|81/100
|-damage|p1a: Alomomola|69/100|[from] Stealth Rock
|move|p2a: Garchomp|Earthquake|p1a: Alomomola
|-crit|p1a: Alomomola
|-damage|p1a: Alomomola|36/100
|
|-damage|p2a: Garchomp|60/100|[from] Salt Cure
|upkeep
|turn|15
|
|t:|1781061157
|move|p1a: Alomomola|Wish|p1a: Alomomola
|move|p2a: Garchomp|Dragon Tail|p1a: Alomomola
|-damage|p1a: Alomomola|21/100
|drag|p1a: Garganacl|Garganacl, F|88/100
|-damage|p1a: Garganacl|75/100|[from] Stealth Rock
|
|-heal|p1a: Garganacl|82/100|[from] item: Leftovers
|-damage|p2a: Garchomp|48/100|[from] Salt Cure
|upkeep
|turn|16
|
|t:|1781061169
|move|p1a: Garganacl|Protect|p1a: Garganacl
|-singleturn|p1a: Garganacl|Protect
|move|p2a: Garchomp|Spikes|p1a: Garganacl
|-sidestart|p1: kadu99|Spikes
|
|-heal|p1a: Garganacl|100/100|[from] move: Wish|[wisher] Alomomola
|-damage|p2a: Garchomp|35/100|[from] Salt Cure
|upkeep
|turn|17
|
|t:|1781061181
|move|p2a: Garchomp|Earthquake|p1a: Garganacl
|-supereffective|p1a: Garganacl
|-crit|p1a: Garganacl
|-damage|p1a: Garganacl|23/100
|move|p1a: Garganacl|Recover|p1a: Garganacl
|-heal|p1a: Garganacl|73/100
|
|-heal|p1a: Garganacl|79/100|[from] item: Leftovers
|-damage|p2a: Garchomp|23/100|[from] Salt Cure
|upkeep
|turn|18
|
|t:|1781061187
|move|p1a: Garganacl|Protect|p1a: Garganacl
|-singleturn|p1a: Garganacl|Protect
|move|p2a: Garchomp|Earthquake|p1a: Garganacl
|-activate|p1a: Garganacl|move: Protect
|
|-heal|p1a: Garganacl|85/100|[from] item: Leftovers
|-damage|p2a: Garchomp|10/100|[from] Salt Cure
|upkeep
|turn|19
|
|t:|1781061193
|switch|p2a: Gholdengo|Gholdengo|100/100
|move|p1a: Garganacl|Recover|p1a: Garganacl
|-heal|p1a: Garganacl|100/100
|
|upkeep
|turn|20
|
|t:|1781061199
|-terastallize|p1a: Garganacl|Water
|move|p2a: Gholdengo|Make It Rain|p1a: Garganacl
|-resisted|p1a: Garganacl
|-damage|p1a: Garganacl|78/100
|-unboost|p2a: Gholdengo|spa|1
|move|p1a: Garganacl|Salt Cure|p2a: Gholdengo
|-resisted|p2a: Gholdengo
|-damage|p2a: Gholdengo|93/100
|-start|p2a: Gholdengo|Salt Cure
|
|-heal|p1a: Garganacl|85/100|[from] item: Leftovers
|-damage|p2a: Gholdengo|68/100|[from] Salt Cure
|upkeep
|turn|21
|inactive|dia-sre has 120 seconds left.
|
|t:|1781061235
|switch|p2a: Garchomp|Garchomp, F|10/100
|move|p1a: Garganacl|Curse|p1a: Garganacl
|-unboost|p1a: Garganacl|spe|1
|-boost|p1a: Garganacl|atk|1
|-boost|p1a: Garganacl|def|1
|
|-heal|p1a: Garganacl|91/100|[from] item: Leftovers
|upkeep
|turn|22
|
|t:|1781061240
|move|p1a: Garganacl|Salt Cure|p2a: Garchomp
|-resisted|p2a: Garchomp
|-damage|p2a: Garchomp|5/100
|-start|p2a: Garchomp|Salt Cure
|move|p2a: Garchomp|Dragon Tail|p1a: Garganacl
|-damage|p1a: Garganacl|79/100
|drag|p1a: Kyurem|Kyurem, shiny|100/100
|-damage|p1a: Kyurem|75/100|[from] Stealth Rock
|-damage|p1a: Kyurem|63/100|[from] Spikes
|-ability|p1a: Kyurem|Pressure
|
|-heal|p1a: Kyurem|69/100|[from] item: Leftovers
|-damage|p2a: Garchomp|0 fnt|[from] Salt Cure
|faint|p2a: Garchomp
|upkeep
|inactive|dia-sre has 120 seconds left.
|
|t:|1781061266
|switch|p2a: Azumarill|Azumarill, F|84/100
|turn|23
|
|t:|1781061275
|move|p1a: Kyurem|Freeze-Dry|p2a: Azumarill
|-supereffective|p2a: Azumarill
|-damage|p2a: Azumarill|38/100
|move|p2a: Azumarill|Play Rough|p1a: Kyurem
|-supereffective|p1a: Kyurem
|-damage|p1a: Kyurem|0 fnt
|faint|p1a: Kyurem
|
|upkeep
|
|t:|1781061289
|switch|p1a: Garganacl|Garganacl, F, tera:Water|79/100
|-damage|p1a: Garganacl|67/100|[from] Stealth Rock
|-damage|p1a: Garganacl|55/100|[from] Spikes
|turn|24
|inactive|dia-sre has 120 seconds left.
|
|t:|1781061305
|move|p2a: Azumarill|Knock Off|p1a: Garganacl
|-damage|p1a: Garganacl|26/100
|-enditem|p1a: Garganacl|Leftovers|[from] move: Knock Off|[of] p2a: Azumarill
|move|p1a: Garganacl|Recover|p1a: Garganacl
|-heal|p1a: Garganacl|76/100
|
|upkeep
|turn|25
|
|t:|1781061317
|move|p2a: Azumarill|Play Rough|p1a: Garganacl
|-damage|p1a: Garganacl|41/100
|move|p1a: Garganacl|Curse|p1a: Garganacl
|-unboost|p1a: Garganacl|spe|1
|-boost|p1a: Garganacl|atk|1
|-boost|p1a: Garganacl|def|1
|
|upkeep
|turn|26
|
|t:|1781061323
|switch|p2a: Gholdengo|Gholdengo|68/100
|move|p1a: Garganacl|Recover|p1a: Garganacl
|-heal|p1a: Garganacl|91/100
|
|upkeep
|turn|27
|
|t:|1781061326
|move|p2a: Gholdengo|Thunderbolt|p1a: Garganacl
|-supereffective|p1a: Garganacl
|-damage|p1a: Garganacl|47/100
|move|p1a: Garganacl|Salt Cure|p2a: Gholdengo
|-resisted|p2a: Gholdengo
|-damage|p2a: Gholdengo|56/100
|-start|p2a: Gholdengo|Salt Cure
|
|-damage|p2a: Gholdengo|32/100|[from] Salt Cure
|upkeep
|turn|28
|
|t:|1781061332
|move|p1a: Garganacl|Protect|p1a: Garganacl
|-singleturn|p1a: Garganacl|Protect
|move|p2a: Gholdengo|Thunderbolt|p1a: Garganacl
|-activate|p1a: Garganacl|move: Protect
|
|-damage|p2a: Gholdengo|7/100|[from] Salt Cure
|upkeep
|turn|29
|
|t:|1781061335
|move|p2a: Gholdengo|Thunderbolt|p1a: Garganacl
|-supereffective|p1a: Garganacl
|-damage|p1a: Garganacl|3/100
|move|p1a: Garganacl|Recover|p1a: Garganacl
|-heal|p1a: Garganacl|53/100
|
|-damage|p2a: Gholdengo|0 fnt|[from] Salt Cure
|faint|p2a: Gholdengo
|upkeep
|
|t:|1781061348
|switch|p2a: Weezing|Weezing-Galar, M|100/100
|turn|30
|
|t:|1781061354
|switch|p1a: Weezing|Weezing-Galar, F|100/100
|-ability|p1a: Weezing|Neutralizing Gas
|-damage|p1a: Weezing|88/100|[from] Stealth Rock
|-damage|p1a: Weezing|76/100|[from] Spikes
|move|p2a: Weezing|Strange Steam|p1a: Weezing
|-resisted|p1a: Weezing
|-damage|p1a: Weezing|57/100
|
|-heal|p1a: Weezing|63/100|[from] item: Leftovers
|upkeep
|turn|31
|
|t:|1781061361
|move|p2a: Weezing|Will-O-Wisp|p1a: Weezing
|-status|p1a: Weezing|brn
|move|p1a: Weezing|Defog|p2a: Weezing
|-unboost|p2a: Weezing|evasion|1
|-sideend|p1: kadu99|Spikes|[from] move: Defog|[of] p1a: Weezing
|-sideend|p1: kadu99|Stealth Rock|[from] move: Defog|[of] p1a: Weezing
|
|-heal|p1a: Weezing|69/100 brn|[from] item: Leftovers
|-damage|p1a: Weezing|63/100 brn|[from] brn
|upkeep
|turn|32
|
|t:|1781061364
|move|p2a: Weezing|Strange Steam|p1a: Weezing|[miss]
|-miss|p2a: Weezing|p1a: Weezing
|move|p1a: Weezing|Will-O-Wisp|p2a: Weezing
|-status|p2a: Weezing|brn
|
|-heal|p1a: Weezing|69/100 brn|[from] item: Leftovers
|-damage|p2a: Weezing|95/100 brn|[from] brn
|-damage|p1a: Weezing|63/100 brn|[from] brn
|upkeep
|turn|33
|
|t:|1781061369
|move|p1a: Weezing|Protect|p1a: Weezing
|-singleturn|p1a: Weezing|Protect
|move|p2a: Weezing|Strange Steam|p1a: Weezing
|-activate|p1a: Weezing|move: Protect
|
|-heal|p1a: Weezing|69/100 brn|[from] item: Leftovers
|-damage|p2a: Weezing|89/100 brn|[from] brn
|-damage|p1a: Weezing|63/100 brn|[from] brn
|upkeep
|turn|34
|
|t:|1781061376
|move|p2a: Weezing|Strange Steam|p1a: Weezing
|-resisted|p1a: Weezing
|-damage|p1a: Weezing|44/100 brn
|move|p1a: Weezing|Sludge Bomb|p2a: Weezing
|-damage|p2a: Weezing|48/100 brn
|
|-heal|p1a: Weezing|50/100 brn|[from] item: Leftovers
|-damage|p2a: Weezing|42/100 brn|[from] brn
|-damage|p1a: Weezing|44/100 brn|[from] brn
|upkeep
|turn|35
|
|t:|1781061388
|move|p2a: Weezing|Strange Steam|p1a: Weezing
|-resisted|p1a: Weezing
|-damage|p1a: Weezing|27/100 brn
|move|p1a: Weezing|Sludge Bomb|p2a: Weezing
|-damage|p2a: Weezing|7/100 brn
|
|-heal|p1a: Weezing|33/100 brn|[from] item: Leftovers
|-damage|p2a: Weezing|1/100 brn|[from] brn
|-damage|p1a: Weezing|27/100 brn|[from] brn
|upkeep
|turn|36
|-enditem|p2a: Weezing|Custap Berry|[eat]
|-activate|p2a: Weezing|item: Custap Berry|[consumed]
|
|t:|1781061391
|move|p1a: Weezing|Protect|p1a: Weezing
|-singleturn|p1a: Weezing|Protect
|move|p2a: Weezing|Destiny Bond|p2a: Weezing
|-singlemove|p2a: Weezing|Destiny Bond
|
|-heal|p1a: Weezing|33/100 brn|[from] item: Leftovers
|-damage|p2a: Weezing|0 fnt|[from] brn
|faint|p2a: Weezing
|-damage|p1a: Weezing|27/100 brn|[from] brn
|upkeep
|
|t:|1781061411
|switch|p2a: Dragapult|Dragapult, M|100/100
|turn|37
|
|t:|1781061415
|move|p2a: Dragapult|Psychic Fangs|p1a: Weezing
|-supereffective|p1a: Weezing
|-damage|p1a: Weezing|0 fnt
|faint|p1a: Weezing
|-end|p1a: Weezing|ability: Neutralizing Gas
|
|upkeep
|
|t:|1781061431
|switch|p1a: Garganacl|Garganacl, F, tera:Water|53/100
|turn|38
|
|t:|1781061435
|switch|p2a: Azumarill|Azumarill, F|38/100
|move|p1a: Garganacl|Recover|p1a: Garganacl
|-heal|p1a: Garganacl|100/100
|
|upkeep
|turn|39
|
|t:|1781061437
|switch|p2a: Dragapult|Dragapult, M|100/100
|move|p1a: Garganacl|Salt Cure|p2a: Dragapult
|-damage|p2a: Dragapult|80/100
|-start|p2a: Dragapult|Salt Cure
|
|-damage|p2a: Dragapult|68/100|[from] Salt Cure
|upkeep
|turn|40
|
|t:|1781061441
|-terastallize|p2a: Dragapult|Dragon
|move|p2a: Dragapult|Dragon Darts|p1a: Garganacl
|-damage|p1a: Garganacl|62/100
|-anim|p2a: Dragapult|Dragon Darts|p1a: Garganacl
|-damage|p1a: Garganacl|28/100
|move|p1a: Garganacl|Curse|p1a: Garganacl
|-unboost|p1a: Garganacl|spe|1
|-boost|p1a: Garganacl|atk|1
|-boost|p1a: Garganacl|def|1
|
|-damage|p2a: Dragapult|56/100|[from] Salt Cure
|upkeep
|turn|41
|
|t:|1781061446
|move|p1a: Garganacl|Protect|p1a: Garganacl
|-singleturn|p1a: Garganacl|Protect
|move|p2a: Dragapult|Dragon Darts|p1a: Garganacl
|-activate|p1a: Garganacl|move: Protect
|
|-damage|p2a: Dragapult|43/100|[from] Salt Cure
|upkeep
|turn|42
|
|t:|1781061451
|switch|p1a: Alomomola|Alomomola, M, shiny|55/100
|move|p2a: Dragapult|Dragon Darts|p1a: Alomomola
|-crit|p1a: Alomomola
|-damage|p1a: Alomomola|10/100
|-anim|p2a: Dragapult|Dragon Darts|p1a: Alomomola
|-damage|p1a: Alomomola|0 fnt
|faint|p1a: Alomomola
|
|-damage|p2a: Dragapult|31/100|[from] Salt Cure
|upkeep
|
|t:|1781061461
|switch|p1a: Cinderace|Cinderace, M|100/100
|turn|43
|
|t:|1781061472
|move|p2a: Dragapult|Dragon Darts|p1a: Cinderace
|-damage|p1a: Cinderace|21/100
|-anim|p2a: Dragapult|Dragon Darts|p1a: Cinderace
|-damage|p1a: Cinderace|0 fnt
|faint|p1a: Cinderace
|
|-damage|p2a: Dragapult|19/100|[from] Salt Cure
|upkeep
|
|t:|1781061474
|switch|p1a: Garganacl|Garganacl, F, tera:Water|28/100
|turn|44
|
|t:|1781061476
|move|p1a: Garganacl|Protect|p1a: Garganacl
|-singleturn|p1a: Garganacl|Protect
|move|p2a: Dragapult|Dragon Darts|p1a: Garganacl
|-activate|p1a: Garganacl|move: Protect
|
|-damage|p2a: Dragapult|6/100|[from] Salt Cure
|upkeep
|turn|45
|
|t:|1781061478
|move|p1a: Garganacl|Protect|p1a: Garganacl
|-singleturn|p1a: Garganacl|Protect
|move|p2a: Dragapult|Dragon Darts|p1a: Garganacl
|-activate|p1a: Garganacl|move: Protect
|
|-damage|p2a: Dragapult|0 fnt|[from] Salt Cure
|faint|p2a: Dragapult
|upkeep
|
|t:|1781061480
|switch|p2a: Azumarill|Azumarill, F|38/100
|turn|46
|
|t:|1781061483
|move|p2a: Azumarill|Play Rough|p1a: Garganacl
|-damage|p1a: Garganacl|0 fnt
|faint|p1a: Garganacl
|
|win|dia-sre
|raw|kadu99's rating: 1567 &rarr; <strong>1558</strong><br />(-9 for losing)
|raw|dia-sre's rating: 1776 &rarr; <strong>1785</strong><br />(+9 for winning)
|l|☆kadu99
|player|p1|
|l|☆dia-sre
|player|p2|
