|j|☆lolixiu
|j|☆Pretty Nizz
|t:|1781375609
|gametype|singles
|player|p1|lolixiu|picnicker|1586
|player|p2|Pretty Nizz|riley|1574
|gen|9
|tier|[Gen 9] OU
|rated|
|rule|HP Percentage Mod: HP is shown in percentages
|rule|Endless Battle Clause: Forcing endless battles is banned
|rule|Species Clause: Limit one of each Pokémon
|rule|OHKO Clause: OHKO moves are banned
|rule|Evasion Items Clause: Evasion items are banned
|rule|Evasion Moves Clause: Evasion moves are banned
|rule|Evasion Abilities Clause: Evasion abilities are banned
|rule|Sleep Moves Clause: Sleep-inducing moves are banned
|clearpoke
|poke|p1|Corviknight, F|
|poke|p1|Clodsire, M|
|poke|p1|Skeledirge, M|
|poke|p1|Alomomola, M|
|poke|p1|Chansey, F|
|poke|p1|Ditto|
|poke|p2|Comfey, M|
|poke|p2|Whimsicott, M|
|poke|p2|Ceruledge, M|
|poke|p2|Walking Wake|
|poke|p2|Great Tusk|
|poke|p2|Torkoal, F|
|teampreview
|inactive|Battle timer is ON: inactive players will automatically lose when time's up. (requested by Pretty Nizz)
|
|t:|1781375613
|teamsize|p1|6
|teamsize|p2|6
|start
|switch|p1a: Ditto|Ditto|100/100
|switch|p2a: Torky|Torkoal, F|100/100
|-transform|p1a: Ditto|p2a: Torky|[from] ability: Imposter
|-weather|SunnyDay|[from] ability: Drought|[of] p1a: Ditto
|turn|1
|
|t:|1781375624
|move|p1a: Ditto|Stealth Rock|p2a: Torky
|-sidestart|p2: Pretty Nizz|move: Stealth Rock
|move|p2a: Torky|Stealth Rock|p1a: Ditto
|-sidestart|p1: lolixiu|move: Stealth Rock
|
|-weather|SunnyDay|[upkeep]
|upkeep
|turn|2
|
|t:|1781375631
|switch|p1a: Skeledirge|Skeledirge, M|100/100
|move|p2a: Torky|Body Press|p1a: Skeledirge
|-immune|p1a: Skeledirge
|
|-weather|SunnyDay|[upkeep]
|upkeep
|turn|3
|
|t:|1781375639
|switch|p2a: Wake Skywalker|Walking Wake|100/100
|-damage|p2a: Wake Skywalker|88/100|[from] Stealth Rock
|-activate|p2a: Wake Skywalker|ability: Protosynthesis
|-start|p2a: Wake Skywalker|protosynthesisspe
|move|p1a: Skeledirge|Will-O-Wisp|p2a: Wake Skywalker
|-status|p2a: Wake Skywalker|brn
|
|-weather|SunnyDay|[upkeep]
|-damage|p2a: Wake Skywalker|82/100 brn|[from] brn
|upkeep
|turn|4
|
|t:|1781375653
|switch|p1a: Chansey|Chansey, F|100/100
|-damage|p1a: Chansey|88/100|[from] Stealth Rock
|move|p2a: Wake Skywalker|Flip Turn|p1a: Chansey
|-damage|p1a: Chansey|84/100
|
|t:|1781375664
|-end|p2a: Wake Skywalker|Protosynthesis|[silent]
|switch|p2a: Mammoet|Great Tusk|100/100|[from] Flip Turn
|-damage|p2a: Mammoet|98/100|[from] Stealth Rock
|-activate|p2a: Mammoet|ability: Protosynthesis
|-start|p2a: Mammoet|protosynthesisspe
|
|-weather|SunnyDay|[upkeep]
|upkeep
|turn|5
|
|t:|1781375671
|switch|p1a: Corviknight|Corviknight, F|100/100
|-damage|p1a: Corviknight|88/100|[from] Stealth Rock
|-ability|p1a: Corviknight|Pressure
|move|p2a: Mammoet|Knock Off|p1a: Corviknight
|-damage|p1a: Corviknight|71/100
|-damage|p2a: Mammoet|81/100|[from] item: Rocky Helmet|[of] p1a: Corviknight
|-enditem|p1a: Corviknight|Rocky Helmet|[from] move: Knock Off|[of] p2a: Mammoet
|
|-weather|none
|-end|p2a: Mammoet|Protosynthesis
|upkeep
|turn|6
|
|t:|1781375682
|move|p2a: Mammoet|Rapid Spin|p1a: Corviknight
|-resisted|p1a: Corviknight
|-damage|p1a: Corviknight|67/100
|-boost|p2a: Mammoet|spe|1
|-sideend|p2: Pretty Nizz|Stealth Rock|[from] move: Rapid Spin|[of] p2a: Mammoet
|move|p1a: Corviknight|Defog|p2a: Mammoet
|-unboost|p2a: Mammoet|evasion|1
|-sideend|p1: lolixiu|Stealth Rock|[from] move: Defog|[of] p1a: Corviknight
|
|upkeep
|turn|7
|
|t:|1781375690
|-end|p2a: Mammoet|Protosynthesis|[silent]
|switch|p2a: Torky|Torkoal, F|100/100
|-weather|SunnyDay|[from] ability: Drought|[of] p2a: Torky
|move|p1a: Corviknight|Roost|p1a: Corviknight
|-heal|p1a: Corviknight|100/100
|-singleturn|p1a: Corviknight|move: Roost
|
|-weather|SunnyDay|[upkeep]
|upkeep
|turn|8
|
|t:|1781375698
|switch|p1a: Skeledirge|Skeledirge, M|100/100
|move|p2a: Torky|Lava Plume|p1a: Skeledirge
|-resisted|p1a: Skeledirge
|-damage|p1a: Skeledirge|81/100
|
|-weather|SunnyDay|[upkeep]
|upkeep
|turn|9
|
|t:|1781375708
|switch|p2a: Cerugoon|Ceruledge, M|100/100
|move|p1a: Skeledirge|Torch Song|p2a: Cerugoon
|-start|p2a: Cerugoon|ability: Flash Fire
|
|-weather|SunnyDay|[upkeep]
|upkeep
|turn|10
|
|t:|1781375721
|switch|p1a: Alomomola|Alomomola, M|100/100
|move|p2a: Cerugoon|Bitter Blade|p1a: Alomomola
|-resisted|p1a: Alomomola
|-damage|p1a: Alomomola|59/100
|-damage|p2a: Cerugoon|84/100|[from] item: Rocky Helmet|[of] p1a: Alomomola
|
|-weather|SunnyDay|[upkeep]
|upkeep
|turn|11
|
|t:|1781375734
|-end|p2a: Cerugoon|ability: Flash Fire|[silent]
|switch|p2a: Whimsical|Whimsicott, M|100/100
|switch|p1a: Chansey|Chansey, F|84/100
|
|-weather|SunnyDay|[upkeep]
|upkeep
|turn|12
|
|t:|1781375741
|move|p2a: Whimsical|Growth|p2a: Whimsical
|-boost|p2a: Whimsical|atk|2
|-boost|p2a: Whimsical|spa|2
|move|p1a: Chansey|Stealth Rock|p2a: Whimsical
|-sidestart|p2: Pretty Nizz|move: Stealth Rock
|
|-weather|SunnyDay|[upkeep]
|upkeep
|turn|13
|
|t:|1781375746
|move|p2a: Whimsical|Growth|p2a: Whimsical
|-boost|p2a: Whimsical|atk|2
|-boost|p2a: Whimsical|spa|2
|move|p1a: Chansey|Thunder Wave|p2a: Whimsical
|-status|p2a: Whimsical|par
|
|-weather|SunnyDay|[upkeep]
|upkeep
|turn|14
|
|t:|1781375755
|switch|p1a: Clodsire|Clodsire, M|100/100
|cant|p2a: Whimsical|par
|
|-weather|none
|upkeep
|turn|15
|
|t:|1781375764
|switch|p2a: Torky|Torkoal, F|100/100
|-damage|p2a: Torky|76/100|[from] Stealth Rock
|-weather|SunnyDay|[from] ability: Drought|[of] p2a: Torky
|move|p1a: Clodsire|Spikes|p2a: Torky
|-sidestart|p2: Pretty Nizz|Spikes
|
|-weather|SunnyDay|[upkeep]
|upkeep
|turn|16
|
|t:|1781375773
|switch|p1a: Skeledirge|Skeledirge, M|81/100
|move|p2a: Torky|Stealth Rock|p1a: Skeledirge
|-sidestart|p1: lolixiu|move: Stealth Rock
|
|-weather|SunnyDay|[upkeep]
|upkeep
|turn|17
|
|t:|1781375780
|switch|p2a: Mammoet|Great Tusk|81/100
|-damage|p2a: Mammoet|78/100|[from] Stealth Rock
|-damage|p2a: Mammoet|65/100|[from] Spikes
|-activate|p2a: Mammoet|ability: Protosynthesis
|-start|p2a: Mammoet|protosynthesisspe
|move|p1a: Skeledirge|Hex|p2a: Mammoet
|-damage|p2a: Mammoet|33/100
|
|-weather|SunnyDay|[upkeep]
|upkeep
|turn|18
|
|t:|1781375795
|-terastallize|p1a: Skeledirge|Fairy
|move|p2a: Mammoet|Knock Off|p1a: Skeledirge
|-resisted|p1a: Skeledirge
|-damage|p1a: Skeledirge|73/100
|-enditem|p1a: Skeledirge|Heavy-Duty Boots|[from] move: Knock Off|[of] p2a: Mammoet
|move|p1a: Skeledirge|Torch Song|p2a: Mammoet
|-damage|p2a: Mammoet|0 fnt
|-boost|p1a: Skeledirge|spa|1
|faint|p2a: Mammoet
|-end|p2a: Mammoet|Protosynthesis|[silent]
|
|-weather|SunnyDay|[upkeep]
|upkeep
|
|t:|1781375801
|switch|p2a: Torky|Torkoal, F|76/100
|-damage|p2a: Torky|51/100|[from] Stealth Rock
|-damage|p2a: Torky|39/100|[from] Spikes
|turn|19
|
|t:|1781375809
|move|p1a: Skeledirge|Torch Song|p2a: Torky
|-resisted|p2a: Torky
|-crit|p2a: Torky
|-damage|p2a: Torky|0 fnt
|-boost|p1a: Skeledirge|spa|1
|faint|p2a: Torky
|
|-weather|SunnyDay|[upkeep]
|upkeep
|
|t:|1781375813
|switch|p2a: Wake Skywalker|Walking Wake|82/100 brn
|-damage|p2a: Wake Skywalker|70/100 brn|[from] Stealth Rock
|-damage|p2a: Wake Skywalker|57/100 brn|[from] Spikes
|-activate|p2a: Wake Skywalker|ability: Protosynthesis
|-start|p2a: Wake Skywalker|protosynthesisspe
|turn|20
|
|t:|1781375822
|switch|p1a: Chansey|Chansey, F|84/100
|-damage|p1a: Chansey|72/100|[from] Stealth Rock
|move|p2a: Wake Skywalker|Hydro Steam|p1a: Chansey
|-damage|p1a: Chansey|58/100
|
|-weather|SunnyDay|[upkeep]
|-damage|p2a: Wake Skywalker|51/100 brn|[from] brn
|upkeep
|turn|21
|
|t:|1781375831
|move|p2a: Wake Skywalker|Flip Turn|p1a: Chansey
|-damage|p1a: Chansey|54/100
|
|t:|1781375836
|-end|p2a: Wake Skywalker|Protosynthesis|[silent]
|switch|p2a: Cerugoon|Ceruledge, M|84/100|[from] Flip Turn
|-damage|p2a: Cerugoon|59/100|[from] Stealth Rock
|-damage|p2a: Cerugoon|47/100|[from] Spikes
|move|p1a: Chansey|Soft-Boiled|p1a: Chansey
|-heal|p1a: Chansey|100/100
|
|-weather|SunnyDay|[upkeep]
|upkeep
|turn|22
|
|t:|1781375845
|switch|p1a: Alomomola|Alomomola, M|92/100
|-damage|p1a: Alomomola|80/100|[from] Stealth Rock
|move|p2a: Cerugoon|Solar Blade||[still]
|-prepare|p2a: Cerugoon|Solar Blade
|-anim|p2a: Cerugoon|Solar Blade|p1a: Alomomola
|-supereffective|p1a: Alomomola
|-damage|p1a: Alomomola|6/100
|-damage|p2a: Cerugoon|30/100|[from] item: Rocky Helmet|[of] p1a: Alomomola
|
|-weather|none
|upkeep
|turn|23
|
|t:|1781375857
|switch|p2a: Uncomfey|Comfey, M, shiny|100/100
|-damage|p2a: Uncomfey|88/100|[from] Stealth Rock
|-damage|p2a: Uncomfey|76/100|[from] Spikes
|switch|p1a: Skeledirge|Skeledirge, M, tera:Fairy|73/100
|-damage|p1a: Skeledirge|61/100|[from] Stealth Rock
|
|upkeep
|turn|24
|-message|Pretty Nizz forfeited.
|
|win|lolixiu
|raw|lolixiu's rating: 1586 &rarr; <strong>1605</strong><br />(+19 for winning)
|raw|Pretty Nizz's rating: 1574 &rarr; <strong>1555</strong><br />(-19 for losing)
|l|☆Pretty Nizz
|player|p2|
|l|☆lolixiu
|player|p1|
