|j|☆Yabiz
|j|☆KurisuChestnutOU
|t:|1781181290
|gametype|singles
|player|p1|Yabiz|169|1478
|player|p2|KurisuChestnutOU|may-contest|1512
|gen|9
|tier|[Gen 9] OU
|rated|
|rule|HP Percentage Mod: HP is shown in percentages
|rule|Endless Battle Clause: Forcing endless battles is banned
|rule|Species Clause: Limit one of each Pokémon
|rule|OHKO Clause: OHKO moves are banned
|rule|Evasion Items Clause: Evasion items are banned
|rule|Evasion Moves Clause: Evasion moves are banned
|rule|Evasion Abilities Clause: Evasion abilities are banned
|rule|Sleep Moves Clause: Sleep-inducing moves are banned
|clearpoke
|poke|p1|Iron Valiant|
|poke|p1|Pecharunt|
|poke|p1|Kingambit, M|
|poke|p1|Cinderace, F|
|poke|p1|Ogerpon-Wellspring, F|
|poke|p1|Landorus-Therian, M|
|poke|p2|Hawlucha, F|
|poke|p2|Samurott-Hisui, F|
|poke|p2|Rillaboom, F|
|poke|p2|Gholdengo|
|poke|p2|Kyurem|
|poke|p2|Landorus-Therian, M|
|teampreview
|
|t:|1781181298
|teamsize|p1|6
|teamsize|p2|6
|start
|switch|p1a: Garde-de-Fer|Iron Valiant|100/100
|switch|p2a: Kyurem|Kyurem|100/100
|-ability|p2a: Kyurem|Pressure
|turn|1
|inactive|Battle timer is ON: inactive players will automatically lose when time's up. (requested by KurisuChestnutOU)
|
|t:|1781181304
|-terastallize|p2a: Kyurem|Poison
|move|p1a: Garde-de-Fer|Moonblast|p2a: Kyurem
|-resisted|p2a: Kyurem
|-damage|p2a: Kyurem|79/100
|move|p2a: Kyurem|Ice Beam|p1a: Garde-de-Fer
|-damage|p1a: Garde-de-Fer|16/100
|-status|p1a: Garde-de-Fer|frz
|
|upkeep
|turn|2
|
|t:|1781181313
|cant|p1a: Garde-de-Fer|frz
|move|p2a: Kyurem|Ice Beam|p1a: Garde-de-Fer
|-damage|p1a: Garde-de-Fer|0 fnt
|faint|p1a: Garde-de-Fer
|-end|p1a: Garde-de-Fer|Quark Drive|[silent]
|
|upkeep
|
|t:|1781181332
|switch|p1a: womp womp|Cinderace, F|100/100
|turn|3
|
|t:|1781181337
|move|p1a: womp womp|Pyro Ball|p2a: Kyurem
|-damage|p2a: Kyurem|34/100
|move|p2a: Kyurem|Earth Power|p1a: womp womp
|-supereffective|p1a: womp womp
|-damage|p1a: womp womp|20/100
|
|upkeep
|turn|4
|
|t:|1781181343
|switch|p2a: Samurott|Samurott-Hisui, F|100/100
|move|p1a: womp womp|Pyro Ball|p2a: Samurott
|-resisted|p2a: Samurott
|-damage|p2a: Samurott|59/100
|
|upkeep
|turn|5
|
|t:|1781181350
|switch|p1a: LandLionJohn|Landorus-Therian, M|100/100
|-ability|p1a: LandLionJohn|Intimidate|boost
|-unboost|p2a: Samurott|atk|1
|move|p2a: Samurott|Ceaseless Edge|p1a: LandLionJohn
|-damage|p1a: LandLionJohn|73/100
|-damage|p2a: Samurott|43/100|[from] item: Rocky Helmet|[of] p1a: LandLionJohn
|-sidestart|p1: Yabiz|Spikes
|
|upkeep
|turn|6
|
|t:|1781181356
|move|p1a: LandLionJohn|U-turn|p2a: Samurott
|-supereffective|p2a: Samurott
|-damage|p2a: Samurott|0 fnt
|faint|p2a: Samurott
|
|t:|1781181360
|switch|p1a: womp womp|Cinderace, F|20/100|[from] U-turn
|
|upkeep
|
|t:|1781181365
|switch|p2a: Gholdengo|Gholdengo|100/100
|turn|7
|
|t:|1781181369
|switch|p1a: Jeff the Killer|Kingambit, M|100/100
|-damage|p1a: Jeff the Killer|88/100|[from] Spikes
|-activate|p1a: Jeff the Killer|ability: Supreme Overlord
|-start|p1a: Jeff the Killer|fallen1|[silent]
|move|p2a: Gholdengo|Make It Rain|p1a: Jeff the Killer
|-resisted|p1a: Jeff the Killer
|-damage|p1a: Jeff the Killer|50/100
|-unboost|p2a: Gholdengo|spa|1
|
|-heal|p1a: Jeff the Killer|56/100|[from] item: Leftovers
|upkeep
|turn|8
|inactive|KurisuChestnutOU has 120 seconds left.
|inactive|KurisuChestnutOU has 90 seconds left.
|inactive|KurisuChestnutOU has 60 seconds left.
|inactive|KurisuChestnutOU has 30 seconds left.
|inactive|KurisuChestnutOU has 20 seconds left.
|inactive|KurisuChestnutOU has 15 seconds left.
|inactive|KurisuChestnutOU has 10 seconds left.
|inactive|KurisuChestnutOU has 5 seconds left.
|-message|KurisuChestnutOU lost due to inactivity.
|
|win|Yabiz
|raw|Yabiz's rating: 1478 &rarr; <strong>1501</strong><br />(+23 for winning)
|raw|KurisuChestnutOU's rating: 1534 &rarr; <strong>1511</strong><br />(-23 for losing)
