|badge|p1|bronze|gen9ubers|100-9
|uhtml|medal-msg|<div class="broadcast-blue">Curious what those medals under the avatar are? PS now has Ladder Seasons! For more information, check out the <a href="https://www.smogon.com/forums/threads/3740067/">thread on Smogon.</a></div>
|j|☆DriftedEx
|j|☆Igoodnamename
|t:|1781186549
|gametype|singles
|player|p1|DriftedEx|rocketgrunt|1672
|player|p2|Igoodnamename|winona|1690
|gen|9
|tier|[Gen 9] OU
|rated|
|rule|HP Percentage Mod: HP is shown in percentages
|rule|Endless Battle Clause: Forcing endless battles is banned
|rule|Species Clause: Limit one of each Pokémon
|rule|OHKO Clause: OHKO moves are banned
|rule|Evasion Items Clause: Evasion items are banned
|rule|Evasion Moves Clause: Evasion moves are banned
|rule|Evasion Abilities Clause: Evasion abilities are banned
|rule|Sleep Moves Clause: Sleep-inducing moves are banned
|clearpoke
|poke|p1|Dragapult, M|
|poke|p1|Dragonite, M|
|poke|p1|Ting-Lu|
|poke|p1|Weezing-Galar, F|
|poke|p1|Iron Crown|
|poke|p1|Zapdos|
|poke|p2|Gholdengo|
|poke|p2|Zamazenta-*|
|poke|p2|Moltres|
|poke|p2|Ting-Lu|
|poke|p2|Serperior, M|
|poke|p2|Kyurem|
|teampreview
|inactive|Battle timer is ON: inactive players will automatically lose when time's up. (requested by DriftedEx)
|
|t:|1781186557
|teamsize|p1|6
|teamsize|p2|6
|start
|switch|p1a: Zapdos|Zapdos|100/100
|switch|p2a: Kyurem|Kyurem|100/100
|-ability|p2a: Kyurem|Pressure
|turn|1
|j| newhere1310
|
|t:|1781186570
|move|p1a: Zapdos|Volt Switch|p2a: Kyurem
|-resisted|p2a: Kyurem
|-damage|p2a: Kyurem|85/100
|
|t:|1781186574
|switch|p1a: Iron Crown|Iron Crown|100/100|[from] Volt Switch
|move|p2a: Kyurem|Ice Beam|p1a: Iron Crown
|-resisted|p1a: Iron Crown
|-damage|p1a: Iron Crown|79/100
|
|upkeep
|turn|2
|
|t:|1781186580
|switch|p2a: Ting-Lu|Ting-Lu|100/100
|-ability|p2a: Ting-Lu|Vessel of Ruin
|move|p1a: Iron Crown|Tachyon Cutter|p2a: Ting-Lu
|-damage|p2a: Ting-Lu|84/100
|-damage|p2a: Ting-Lu|69/100
|-hitcount|p2a: Ting-Lu|2
|
|-heal|p2a: Ting-Lu|75/100|[from] item: Leftovers
|upkeep
|turn|3
|
|t:|1781186587
|-end|p1a: Iron Crown|Quark Drive|[silent]
|switch|p1a: Weezing|Weezing-Galar, F|100/100
|-ability|p1a: Weezing|Neutralizing Gas
|move|p2a: Ting-Lu|Stealth Rock|p1a: Weezing
|-sidestart|p1: DriftedEx|move: Stealth Rock
|
|-heal|p2a: Ting-Lu|81/100|[from] item: Leftovers
|upkeep
|turn|4
|
|t:|1781186590
|-end|p1a: Weezing|ability: Neutralizing Gas
|-ability|p2a: Ting-Lu|Vessel of Ruin
|switch|p1a: Zapdos|Zapdos|100/100
|switch|p2a: Gholdengo|Gholdengo|100/100
|
|upkeep
|turn|5
|
|t:|1781186598
|move|p1a: Zapdos|Hurricane|p2a: Gholdengo
|-resisted|p2a: Gholdengo
|-damage|p2a: Gholdengo|69/100
|move|p2a: Gholdengo|Shadow Ball|p1a: Zapdos
|-damage|p1a: Zapdos|51/100
|
|upkeep
|turn|6
|
|t:|1781186602
|switch|p2a: Kyurem|Kyurem|85/100
|-ability|p2a: Kyurem|Pressure
|move|p1a: Zapdos|Heat Wave|p2a: Kyurem
|-damage|p2a: Kyurem|53/100
|
|upkeep
|turn|7
|
|t:|1781186614
|move|p1a: Zapdos|Hurricane|p2a: Kyurem
|-damage|p2a: Kyurem|0 fnt
|faint|p2a: Kyurem
|
|upkeep
|
|t:|1781186628
|switch|p2a: Zamazenta|Zamazenta|100/100
|-ability|p2a: Zamazenta|Dauntless Shield|boost
|-boost|p2a: Zamazenta|def|1
|turn|8
|
|t:|1781186631
|switch|p1a: Weezing|Weezing-Galar, F|100/100
|-ability|p1a: Weezing|Neutralizing Gas
|move|p2a: Zamazenta|Iron Defense|p2a: Zamazenta
|-boost|p2a: Zamazenta|def|2
|
|upkeep
|turn|9
|
|t:|1781186634
|switch|p2a: Gholdengo|Gholdengo|69/100
|move|p1a: Weezing|Defog|p2a: Gholdengo
|-unboost|p2a: Gholdengo|evasion|1
|-sideend|p1: DriftedEx|Stealth Rock|[from] move: Defog|[of] p1a: Weezing
|
|upkeep
|turn|10
|
|t:|1781186637
|-end|p1a: Weezing|ability: Neutralizing Gas
|switch|p1a: Ting-Lu|Ting-Lu|100/100
|-ability|p1a: Ting-Lu|Vessel of Ruin
|move|p2a: Gholdengo|Shadow Ball|p1a: Ting-Lu
|-resisted|p1a: Ting-Lu
|-damage|p1a: Ting-Lu|91/100
|
|-heal|p1a: Ting-Lu|97/100|[from] item: Leftovers
|upkeep
|turn|11
|
|t:|1781186639
|switch|p2a: Serperior|Serperior, M|100/100
|switch|p1a: Zapdos|Zapdos|51/100
|
|upkeep
|turn|12
|
|t:|1781186642
|switch|p1a: Weezing|Weezing-Galar, F|100/100
|-ability|p1a: Weezing|Neutralizing Gas
|move|p2a: Serperior|Leaf Storm|p1a: Weezing
|-resisted|p1a: Weezing
|-damage|p1a: Weezing|70/100
|-unboost|p2a: Serperior|spa|2
|
|upkeep
|turn|13
|
|t:|1781186645
|switch|p2a: Gholdengo|Gholdengo|69/100
|move|p1a: Weezing|Will-O-Wisp|p2a: Gholdengo
|-status|p2a: Gholdengo|brn
|
|-damage|p2a: Gholdengo|63/100 brn|[from] brn
|upkeep
|turn|14
|
|t:|1781186651
|-end|p1a: Weezing|ability: Neutralizing Gas
|switch|p1a: Zapdos|Zapdos|51/100
|move|p2a: Gholdengo|Make It Rain|p1a: Zapdos
|-resisted|p1a: Zapdos
|-damage|p1a: Zapdos|0 fnt
|-unboost|p2a: Gholdengo|spa|1
|faint|p1a: Zapdos
|
|-damage|p2a: Gholdengo|57/100 brn|[from] brn
|upkeep
|
|t:|1781186654
|switch|p1a: Dragapult|Dragapult, M|100/100
|turn|15
|
|t:|1781186657
|switch|p2a: Ting-Lu|Ting-Lu|81/100
|-ability|p2a: Ting-Lu|Vessel of Ruin
|move|p1a: Dragapult|Hex|p2a: Ting-Lu
|-resisted|p2a: Ting-Lu
|-damage|p2a: Ting-Lu|75/100
|
|-heal|p2a: Ting-Lu|81/100|[from] item: Leftovers
|upkeep
|turn|16
|
|t:|1781186659
|move|p1a: Dragapult|Will-O-Wisp|p2a: Ting-Lu
|-status|p2a: Ting-Lu|brn
|move|p2a: Ting-Lu|Stealth Rock|p1a: Dragapult
|-sidestart|p1: DriftedEx|move: Stealth Rock
|
|-heal|p2a: Ting-Lu|87/100 brn|[from] item: Leftovers
|-damage|p2a: Ting-Lu|81/100 brn|[from] brn
|upkeep
|turn|17
|
|t:|1781186662
|move|p1a: Dragapult|U-turn|p2a: Ting-Lu
|-supereffective|p2a: Ting-Lu
|-damage|p2a: Ting-Lu|59/100 brn
|
|t:|1781186663
|switch|p1a: Weezing|Weezing-Galar, F|70/100|[from] U-turn
|-ability|p1a: Weezing|Neutralizing Gas
|move|p2a: Ting-Lu|Ruination|p1a: Weezing
|-damage|p1a: Weezing|35/100
|
|-heal|p2a: Ting-Lu|65/100 brn|[from] item: Leftovers
|-damage|p2a: Ting-Lu|59/100 brn|[from] brn
|upkeep
|turn|18
|
|t:|1781186673
|switch|p2a: Gholdengo|Gholdengo|57/100 brn
|move|p1a: Weezing|Pain Split|p2a: Gholdengo
|-sethp|p2a: Gholdengo|47/100 brn|[from] move: Pain Split|[silent]
|-sethp|p1a: Weezing|45/100|[from] move: Pain Split
|
|-damage|p2a: Gholdengo|41/100 brn|[from] brn
|upkeep
|turn|19
|
|t:|1781186682
|-end|p1a: Weezing|ability: Neutralizing Gas
|switch|p1a: Ting-Lu|Ting-Lu|97/100
|-damage|p1a: Ting-Lu|91/100|[from] Stealth Rock
|-ability|p1a: Ting-Lu|Vessel of Ruin
|move|p2a: Gholdengo|Make It Rain|p1a: Ting-Lu
|-damage|p1a: Ting-Lu|54/100
|-unboost|p2a: Gholdengo|spa|1
|
|-heal|p1a: Ting-Lu|60/100|[from] item: Leftovers
|-damage|p2a: Gholdengo|35/100 brn|[from] brn
|upkeep
|turn|20
|
|t:|1781186685
|switch|p2a: Serperior|Serperior, M|100/100
|move|p1a: Ting-Lu|Stealth Rock|p2a: Serperior
|-sidestart|p2: Igoodnamename|move: Stealth Rock
|
|-heal|p1a: Ting-Lu|66/100|[from] item: Leftovers
|upkeep
|turn|21
|
|t:|1781186688
|move|p2a: Serperior|Leaf Storm|p1a: Ting-Lu|[miss]
|-miss|p2a: Serperior|p1a: Ting-Lu
|move|p1a: Ting-Lu|Whirlwind|p2a: Serperior
|drag|p2a: Gholdengo|Gholdengo|35/100 brn
|-damage|p2a: Gholdengo|29/100 brn|[from] Stealth Rock
|
|-heal|p1a: Ting-Lu|72/100|[from] item: Leftovers
|-damage|p2a: Gholdengo|23/100 brn|[from] brn
|upkeep
|turn|22
|
|t:|1781186693
|switch|p2a: Serperior|Serperior, M|100/100
|-damage|p2a: Serperior|88/100|[from] Stealth Rock
|move|p1a: Ting-Lu|Earthquake|p2a: Serperior
|-resisted|p2a: Serperior
|-damage|p2a: Serperior|67/100
|
|-heal|p1a: Ting-Lu|79/100|[from] item: Leftovers
|upkeep
|turn|23
|
|t:|1781186696
|move|p2a: Serperior|Leaf Storm|p1a: Ting-Lu|[miss]
|-miss|p2a: Serperior|p1a: Ting-Lu
|move|p1a: Ting-Lu|Whirlwind|p2a: Serperior
|drag|p2a: Moltres|Moltres|100/100
|
|-heal|p1a: Ting-Lu|85/100|[from] item: Leftovers
|upkeep
|turn|24
|
|t:|1781186699
|move|p2a: Moltres|U-turn|p1a: Ting-Lu
|-supereffective|p1a: Ting-Lu
|-damage|p1a: Ting-Lu|68/100
|
|t:|1781186702
|switch|p2a: Serperior|Serperior, M|67/100|[from] U-turn
|-damage|p2a: Serperior|54/100|[from] Stealth Rock
|move|p1a: Ting-Lu|Whirlwind|p2a: Serperior
|drag|p2a: Ting-Lu|Ting-Lu|59/100 brn
|-damage|p2a: Ting-Lu|53/100 brn|[from] Stealth Rock
|-ability|p2a: Ting-Lu|Vessel of Ruin
|
|-heal|p2a: Ting-Lu|59/100 brn|[from] item: Leftovers
|-heal|p1a: Ting-Lu|74/100|[from] item: Leftovers
|-damage|p2a: Ting-Lu|53/100 brn|[from] brn
|upkeep
|turn|25
|
|t:|1781186705
|move|p2a: Ting-Lu|Ruination|p1a: Ting-Lu|[miss]
|-miss|p2a: Ting-Lu|p1a: Ting-Lu
|move|p1a: Ting-Lu|Whirlwind|p2a: Ting-Lu
|drag|p2a: Serperior|Serperior, M|54/100
|-damage|p2a: Serperior|42/100|[from] Stealth Rock
|
|-heal|p1a: Ting-Lu|81/100|[from] item: Leftovers
|upkeep
|turn|26
|
|t:|1781186707
|move|p2a: Serperior|Leaf Storm|p1a: Ting-Lu|[miss]
|-miss|p2a: Serperior|p1a: Ting-Lu
|move|p1a: Ting-Lu|Whirlwind|p2a: Serperior
|drag|p2a: Ting-Lu|Ting-Lu|53/100 brn
|-damage|p2a: Ting-Lu|46/100 brn|[from] Stealth Rock
|-ability|p2a: Ting-Lu|Vessel of Ruin
|
|-heal|p2a: Ting-Lu|53/100 brn|[from] item: Leftovers
|-heal|p1a: Ting-Lu|87/100|[from] item: Leftovers
|-damage|p2a: Ting-Lu|46/100 brn|[from] brn
|upkeep
|turn|27
|
|t:|1781186712
|move|p2a: Ting-Lu|Ruination|p1a: Ting-Lu
|-damage|p1a: Ting-Lu|44/100
|move|p1a: Ting-Lu|Whirlwind|p2a: Ting-Lu
|drag|p2a: Moltres|Moltres|100/100
|
|-heal|p1a: Ting-Lu|50/100|[from] item: Leftovers
|upkeep
|turn|28
|
|t:|1781186718
|move|p2a: Moltres|Flamethrower|p1a: Ting-Lu
|-damage|p1a: Ting-Lu|35/100
|move|p1a: Ting-Lu|Whirlwind|p2a: Moltres
|drag|p2a: Gholdengo|Gholdengo|23/100 brn
|-damage|p2a: Gholdengo|17/100 brn|[from] Stealth Rock
|
|-heal|p1a: Ting-Lu|41/100|[from] item: Leftovers
|-damage|p2a: Gholdengo|11/100 brn|[from] brn
|upkeep
|turn|29
|
|t:|1781186726
|move|p2a: Gholdengo|Make It Rain|p1a: Ting-Lu
|-damage|p1a: Ting-Lu|7/100
|-unboost|p2a: Gholdengo|spa|1
|move|p1a: Ting-Lu|Earthquake|p2a: Gholdengo
|-supereffective|p2a: Gholdengo
|-damage|p2a: Gholdengo|0 fnt
|faint|p2a: Gholdengo
|
|-heal|p1a: Ting-Lu|14/100|[from] item: Leftovers
|upkeep
|
|t:|1781186733
|switch|p2a: Moltres|Moltres|100/100
|turn|30
|
|t:|1781186735
|move|p2a: Moltres|U-turn|p1a: Ting-Lu
|-supereffective|p1a: Ting-Lu
|-damage|p1a: Ting-Lu|0 fnt
|faint|p1a: Ting-Lu
|
|t:|1781186741
|switch|p2a: Ting-Lu|Ting-Lu|46/100 brn|[from] U-turn
|-damage|p2a: Ting-Lu|40/100 brn|[from] Stealth Rock
|-ability|p2a: Ting-Lu|Vessel of Ruin
|
|-heal|p2a: Ting-Lu|46/100 brn|[from] item: Leftovers
|-damage|p2a: Ting-Lu|40/100 brn|[from] brn
|upkeep
|
|t:|1781186744
|switch|p1a: Iron Crown|Iron Crown|79/100
|-damage|p1a: Iron Crown|72/100|[from] Stealth Rock
|turn|31
|
|t:|1781186758
|switch|p2a: Moltres|Moltres|100/100
|move|p1a: Iron Crown|Tachyon Cutter|p2a: Moltres
|-resisted|p2a: Moltres
|-damage|p2a: Moltres|81/100
|-resisted|p2a: Moltres
|-damage|p2a: Moltres|61/100
|-hitcount|p2a: Moltres|2
|
|upkeep
|turn|32
|
|t:|1781186763
|move|p1a: Iron Crown|Tachyon Cutter|p2a: Moltres
|-resisted|p2a: Moltres
|-damage|p2a: Moltres|41/100
|-resisted|p2a: Moltres
|-damage|p2a: Moltres|22/100
|-hitcount|p2a: Moltres|2
|move|p2a: Moltres|Flamethrower|p1a: Iron Crown
|-supereffective|p1a: Iron Crown
|-damage|p1a: Iron Crown|0 fnt
|faint|p1a: Iron Crown
|-end|p1a: Iron Crown|Quark Drive|[silent]
|
|upkeep
|
|t:|1781186764
|switch|p1a: Dragapult|Dragapult, M|100/100
|turn|33
|
|t:|1781186774
|switch|p2a: Ting-Lu|Ting-Lu|40/100 brn
|-damage|p2a: Ting-Lu|34/100 brn|[from] Stealth Rock
|-ability|p2a: Ting-Lu|Vessel of Ruin
|move|p1a: Dragapult|Hex|p2a: Ting-Lu
|-resisted|p2a: Ting-Lu
|-damage|p2a: Ting-Lu|24/100 brn
|
|-heal|p2a: Ting-Lu|30/100 brn|[from] item: Leftovers
|-damage|p2a: Ting-Lu|24/100 brn|[from] brn
|upkeep
|turn|34
|
|t:|1781186778
|move|p1a: Dragapult|Dragon Darts|p2a: Ting-Lu
|-damage|p2a: Ting-Lu|12/100 brn
|-anim|p1a: Dragapult|Dragon Darts|p2a: Ting-Lu
|-damage|p2a: Ting-Lu|0 fnt
|faint|p2a: Ting-Lu
|
|upkeep
|
|t:|1781186781
|switch|p2a: Zamazenta|Zamazenta|100/100
|-damage|p2a: Zamazenta|94/100|[from] Stealth Rock
|turn|35
|
|t:|1781186784
|move|p1a: Dragapult|Will-O-Wisp|p2a: Zamazenta
|-status|p2a: Zamazenta|brn
|move|p2a: Zamazenta|Iron Defense|p2a: Zamazenta
|-boost|p2a: Zamazenta|def|2
|
|-damage|p2a: Zamazenta|88/100 brn|[from] brn
|upkeep
|turn|36
|
|t:|1781186791
|move|p1a: Dragapult|Hex|p2a: Zamazenta
|-damage|p2a: Zamazenta|49/100 brn
|move|p2a: Zamazenta|Iron Defense|p2a: Zamazenta
|-boost|p2a: Zamazenta|def|2
|
|-damage|p2a: Zamazenta|43/100 brn|[from] brn
|upkeep
|turn|37
|
|t:|1781186795
|-terastallize|p2a: Zamazenta|Dark
|move|p1a: Dragapult|Hex|p2a: Zamazenta
|-resisted|p2a: Zamazenta
|-damage|p2a: Zamazenta|21/100 brn
|move|p2a: Zamazenta|Rest|p2a: Zamazenta
|-status|p2a: Zamazenta|slp|[from] move: Rest
|-heal|p2a: Zamazenta|100/100 slp|[silent]
|-enditem|p2a: Zamazenta|Chesto Berry|[eat]
|-curestatus|p2a: Zamazenta|slp|[msg]
|
|upkeep
|turn|38
|
|t:|1781186799
|move|p1a: Dragapult|Will-O-Wisp|p2a: Zamazenta|[miss]
|-miss|p1a: Dragapult|p2a: Zamazenta
|move|p2a: Zamazenta|Crunch|p1a: Dragapult
|-supereffective|p1a: Dragapult
|-damage|p1a: Dragapult|10/100
|
|upkeep
|turn|39
|
|t:|1781186802
|move|p1a: Dragapult|Will-O-Wisp|p2a: Zamazenta
|-status|p2a: Zamazenta|brn
|move|p2a: Zamazenta|Crunch|p1a: Dragapult
|-supereffective|p1a: Dragapult
|-damage|p1a: Dragapult|0 fnt
|-start|p2a: Zamazenta|Disable|Crunch|[from] ability: Cursed Body|[of] p1a: Dragapult
|faint|p1a: Dragapult
|
|-damage|p2a: Zamazenta|94/100 brn|[from] brn
|upkeep
|
|t:|1781186805
|switch|p1a: Weezing|Weezing-Galar, F|45/100
|-ability|p1a: Weezing|Neutralizing Gas
|turn|40
|
|t:|1781186811
|move|p2a: Zamazenta|Iron Defense|p2a: Zamazenta
|-boost|p2a: Zamazenta|def|2
|move|p1a: Weezing|Pain Split|p2a: Zamazenta
|-sethp|p2a: Zamazenta|66/100 brn|[from] move: Pain Split|[silent]
|-sethp|p1a: Weezing|77/100|[from] move: Pain Split
|
|-damage|p2a: Zamazenta|60/100 brn|[from] brn
|upkeep
|turn|41
|inactive|DriftedEx has 120 seconds left.
|
|t:|1781186870
|move|p2a: Zamazenta|Body Press|p1a: Weezing
|-resisted|p1a: Weezing
|-damage|p1a: Weezing|65/100
|move|p1a: Weezing|Toxic Spikes|p2a: Zamazenta
|-sidestart|p2: Igoodnamename|move: Toxic Spikes
|
|-damage|p2a: Zamazenta|54/100 brn|[from] brn
|upkeep
|turn|42
|
|t:|1781186880
|move|p2a: Zamazenta|Body Press|p1a: Weezing
|-resisted|p1a: Weezing
|-damage|p1a: Weezing|55/100
|move|p1a: Weezing|Toxic Spikes|p2a: Zamazenta
|-sidestart|p2: Igoodnamename|move: Toxic Spikes
|
|-damage|p2a: Zamazenta|48/100 brn|[from] brn
|-end|p2a: Zamazenta|Disable
|upkeep
|turn|43
|
|t:|1781186887
|move|p2a: Zamazenta|Body Press|p1a: Weezing
|-resisted|p1a: Weezing
|-damage|p1a: Weezing|43/100
|move|p1a: Weezing|Pain Split|p2a: Zamazenta
|-sethp|p2a: Zamazenta|43/100 brn|[from] move: Pain Split|[silent]
|-sethp|p1a: Weezing|49/100|[from] move: Pain Split
|
|-damage|p2a: Zamazenta|36/100 brn|[from] brn
|upkeep
|turn|44
|
|t:|1781186891
|move|p2a: Zamazenta|Crunch|p1a: Weezing
|-resisted|p1a: Weezing
|-damage|p1a: Weezing|45/100
|-unboost|p1a: Weezing|def|1
|move|p1a: Weezing|Will-O-Wisp|p2a: Zamazenta
|-fail|p2a: Zamazenta|brn
|
|-damage|p2a: Zamazenta|30/100 brn|[from] brn
|upkeep
|turn|45
|
|t:|1781186900
|move|p2a: Zamazenta|Body Press|p1a: Weezing
|-resisted|p1a: Weezing
|-damage|p1a: Weezing|28/100
|move|p1a: Weezing|Pain Split|p2a: Zamazenta
|-sethp|p2a: Zamazenta|27/100 brn|[from] move: Pain Split|[silent]
|-sethp|p1a: Weezing|31/100|[from] move: Pain Split
|
|-damage|p2a: Zamazenta|21/100 brn|[from] brn
|upkeep
|turn|46
|
|t:|1781186905
|move|p2a: Zamazenta|Body Press|p1a: Weezing
|-resisted|p1a: Weezing
|-damage|p1a: Weezing|16/100
|move|p1a: Weezing|Pain Split|p2a: Zamazenta
|-sethp|p2a: Zamazenta|17/100 brn|[from] move: Pain Split|[silent]
|-sethp|p1a: Weezing|20/100|[from] move: Pain Split
|
|-damage|p2a: Zamazenta|11/100 brn|[from] brn
|upkeep
|turn|47
|
|t:|1781186913
|move|p2a: Zamazenta|Body Press|p1a: Weezing
|-resisted|p1a: Weezing
|-damage|p1a: Weezing|3/100
|move|p1a: Weezing|Pain Split|p2a: Zamazenta
|-sethp|p2a: Zamazenta|7/100 brn|[from] move: Pain Split|[silent]
|-sethp|p1a: Weezing|8/100|[from] move: Pain Split
|
|-damage|p2a: Zamazenta|1/100 brn|[from] brn
|upkeep
|turn|48
|
|t:|1781186920
|move|p2a: Zamazenta|Rest|p2a: Zamazenta
|-status|p2a: Zamazenta|slp|[from] move: Rest
|-heal|p2a: Zamazenta|100/100 slp|[silent]
|move|p1a: Weezing|Pain Split|p2a: Zamazenta
|-sethp|p2a: Zamazenta|54/100 slp|[from] move: Pain Split|[silent]
|-sethp|p1a: Weezing|62/100|[from] move: Pain Split
|
|upkeep
|turn|49
|
|t:|1781186927
|cant|p2a: Zamazenta|slp
|move|p1a: Weezing|Will-O-Wisp|p2a: Zamazenta|[miss]
|-miss|p1a: Weezing|p2a: Zamazenta
|
|upkeep
|turn|50
|
|t:|1781186929
|cant|p2a: Zamazenta|slp
|move|p1a: Weezing|Pain Split|p2a: Zamazenta
|-sethp|p2a: Zamazenta|54/100 slp|[from] move: Pain Split|[silent]
|-sethp|p1a: Weezing|62/100|[from] move: Pain Split
|
|upkeep
|turn|51
|
|t:|1781186933
|-curestatus|p2a: Zamazenta|slp|[msg]
|move|p2a: Zamazenta|Body Press|p1a: Weezing
|-resisted|p1a: Weezing
|-damage|p1a: Weezing|28/100
|move|p1a: Weezing|Will-O-Wisp|p2a: Zamazenta
|-status|p2a: Zamazenta|brn
|
|-damage|p2a: Zamazenta|47/100 brn|[from] brn
|upkeep
|turn|52
|
|t:|1781186939
|move|p2a: Zamazenta|Body Press|p1a: Weezing
|-resisted|p1a: Weezing
|-damage|p1a: Weezing|11/100
|move|p1a: Weezing|Pain Split|p2a: Zamazenta
|-sethp|p2a: Zamazenta|28/100 brn|[from] move: Pain Split|[silent]
|-sethp|p1a: Weezing|33/100|[from] move: Pain Split
|
|-damage|p2a: Zamazenta|22/100 brn|[from] brn
|upkeep
|turn|53
|
|t:|1781186942
|move|p2a: Zamazenta|Crunch|p1a: Weezing
|-resisted|p1a: Weezing
|-damage|p1a: Weezing|26/100
|move|p1a: Weezing|Pain Split|p2a: Zamazenta
|-sethp|p2a: Zamazenta|22/100 brn|[from] move: Pain Split|[silent]
|-sethp|p1a: Weezing|26/100|[from] move: Pain Split
|
|-damage|p2a: Zamazenta|16/100 brn|[from] brn
|upkeep
|turn|54
|
|t:|1781186946
|move|p2a: Zamazenta|Crunch|p1a: Weezing
|-resisted|p1a: Weezing
|-damage|p1a: Weezing|18/100
|move|p1a: Weezing|Pain Split|p2a: Zamazenta
|-sethp|p2a: Zamazenta|15/100 brn|[from] move: Pain Split|[silent]
|-sethp|p1a: Weezing|18/100|[from] move: Pain Split
|
|-damage|p2a: Zamazenta|9/100 brn|[from] brn
|upkeep
|turn|55
|
|t:|1781186953
|-end|p1a: Weezing|ability: Neutralizing Gas
|switch|p1a: Dragonite|Dragonite, M|100/100
|move|p2a: Zamazenta|Rest|p2a: Zamazenta
|-status|p2a: Zamazenta|slp|[from] move: Rest
|-heal|p2a: Zamazenta|100/100 slp|[silent]
|
|upkeep
|turn|56
|
|t:|1781186957
|switch|p1a: Weezing|Weezing-Galar, F|18/100
|-ability|p1a: Weezing|Neutralizing Gas
|cant|p2a: Zamazenta|slp
|
|upkeep
|turn|57
|
|t:|1781186961
|switch|p2a: Moltres|Moltres|22/100
|move|p1a: Weezing|Pain Split|p2a: Moltres
|-sethp|p2a: Moltres|19/100|[from] move: Pain Split|[silent]
|-sethp|p1a: Weezing|21/100|[from] move: Pain Split
|
|upkeep
|turn|58
|
|t:|1781186969
|move|p2a: Moltres|Roost|p2a: Moltres
|-heal|p2a: Moltres|69/100
|-singleturn|p2a: Moltres|move: Roost
|move|p1a: Weezing|Pain Split|p2a: Moltres
|-sethp|p2a: Moltres|44/100|[from] move: Pain Split|[silent]
|-sethp|p1a: Weezing|50/100|[from] move: Pain Split
|
|upkeep
|turn|59
|
|t:|1781186971
|move|p2a: Moltres|Flamethrower|p1a: Weezing
|-damage|p1a: Weezing|0 fnt
|faint|p1a: Weezing
|-end|p1a: Weezing|ability: Neutralizing Gas
|
|upkeep
|
|t:|1781186973
|switch|p1a: Dragonite|Dragonite, M|100/100
|turn|60
|
|t:|1781186976
|-terastallize|p1a: Dragonite|Normal
|move|p1a: Dragonite|Extreme Speed|p2a: Moltres
|-damage|p2a: Moltres|11/100
|move|p2a: Moltres|U-turn|p1a: Dragonite
|-damage|p1a: Dragonite|93/100
|
|t:|1781186985
|switch|p2a: Zamazenta|Zamazenta, tera:Dark|100/100 slp|[from] U-turn
|-damage|p2a: Zamazenta|88/100 slp|[from] Stealth Rock
|
|upkeep
|turn|61
|
|t:|1781186987
|cant|p2a: Zamazenta|slp
|move|p1a: Dragonite|Dragon Dance|p1a: Dragonite
|-boost|p1a: Dragonite|atk|1
|-boost|p1a: Dragonite|spe|1
|
|upkeep
|turn|62
|
|t:|1781186990
|move|p1a: Dragonite|Extreme Speed|p2a: Zamazenta
|-damage|p2a: Zamazenta|38/100 slp
|-curestatus|p2a: Zamazenta|slp|[msg]
|move|p2a: Zamazenta|Iron Defense|p2a: Zamazenta
|-boost|p2a: Zamazenta|def|2
|
|upkeep
|turn|63
|
|t:|1781186996
|move|p1a: Dragonite|Extreme Speed|p2a: Zamazenta
|-damage|p2a: Zamazenta|12/100
|move|p2a: Zamazenta|Body Press|p1a: Dragonite
|-supereffective|p1a: Dragonite
|-damage|p1a: Dragonite|0 fnt
|faint|p1a: Dragonite
|
|win|Igoodnamename
|raw|DriftedEx's rating: 1672 &rarr; <strong>1653</strong><br />(-19 for losing)
|raw|Igoodnamename's rating: 1690 &rarr; <strong>1709</strong><br />(+19 for winning)
|l|☆DriftedEx
|player|p1|
|c|☆Igoodnamename|ggs
|l| newhere1310
|l|☆Igoodnamename
|player|p2|
