|j|☆ihymyly
|j|☆hawkins0
|t:|1781504402
|gametype|singles
|player|p1|ihymyly|1|1608
|player|p2|hawkins0|2|1748
|gen|9
|tier|[Gen 9] OU
|rated|
|rule|HP Percentage Mod: HP is shown in percentages
|rule|Endless Battle Clause: Forcing endless battles is banned
|rule|Species Clause: Limit one of each Pokémon
|rule|OHKO Clause: OHKO moves are banned
|rule|Evasion Items Clause: Evasion items are banned
|rule|Evasion Moves Clause: Evasion moves are banned
|rule|Evasion Abilities Clause: Evasion abilities are banned
|rule|Sleep Moves Clause: Sleep-inducing moves are banned
|clearpoke
|poke|p1|Pelipper, F|
|poke|p1|Kingdra, F|
|poke|p1|Weavile, M|
|poke|p1|Raging Bolt|
|poke|p1|Clodsire, F|
|poke|p1|Corviknight, F|
|poke|p2|Hoopa-Unbound|
|poke|p2|Pecharunt|
|poke|p2|Landorus-Therian, M|
|poke|p2|Cinderace, M|
|poke|p2|Alomomola, M|
|poke|p2|Iron Valiant|
|teampreview
|
|t:|1781504409
|teamsize|p1|6
|teamsize|p2|6
|start
|switch|p1a: Beakblaster 3000|Pelipper, F|100/100
|switch|p2a: Calamity|Iron Valiant, shiny|100/100
|-weather|RainDance|[from] ability: Drizzle|[of] p1a: Beakblaster 3000
|turn|1
|
|t:|1781504412
|switch|p1a: Sire Slayton|Clodsire, F|100/100
|move|p2a: Calamity|Moonblast|p1a: Sire Slayton
|-resisted|p1a: Sire Slayton
|-damage|p1a: Sire Slayton|82/100
|
|-weather|RainDance|[upkeep]
|-heal|p1a: Sire Slayton|88/100|[from] item: Leftovers
|upkeep
|turn|2
|
|t:|1781504414
|-end|p2a: Calamity|Quark Drive|[silent]
|switch|p2a: Khaos|Hoopa-Unbound|100/100
|move|p1a: Sire Slayton|Stealth Rock|p2a: Khaos
|-sidestart|p2: hawkins0|move: Stealth Rock
|
|-weather|RainDance|[upkeep]
|-heal|p1a: Sire Slayton|94/100|[from] item: Leftovers
|upkeep
|turn|3
|
|t:|1781504428
|switch|p1a: Cokuf|Corviknight, F|100/100
|-ability|p1a: Cokuf|Pressure
|-terastallize|p2a: Khaos|Dark
|move|p2a: Khaos|Hyperspace Fury|p1a: Cokuf
|-damage|p1a: Cokuf|0 fnt
|-unboost|p2a: Khaos|def|1
|faint|p1a: Cokuf
|
|-weather|RainDance|[upkeep]
|upkeep
|
|t:|1781504435
|switch|p1a: Nails|Weavile, M|100/100
|-ability|p1a: Nails|Pressure
|turn|4
|
|t:|1781504447
|switch|p2a: Pisces|Alomomola, M, shiny|100/100
|-damage|p2a: Pisces|88/100|[from] Stealth Rock
|move|p1a: Nails|Knock Off|p2a: Pisces
|-crit|p2a: Pisces
|-damage|p2a: Pisces|37/100
|-enditem|p2a: Pisces|Assault Vest|[from] move: Knock Off|[of] p1a: Nails
|
|-weather|RainDance|[upkeep]
|upkeep
|turn|5
|
|t:|1781504460
|switch|p1a: Sire Slayton|Clodsire, F|94/100
|switch|p2a: Enten|Landorus-Therian, M, shiny|100/100
|-damage|p2a: Enten|88/100|[from] Stealth Rock
|-ability|p2a: Enten|Intimidate|boost
|-unboost|p1a: Sire Slayton|atk|1
|
|-weather|RainDance|[upkeep]
|-heal|p1a: Sire Slayton|100/100|[from] item: Leftovers
|upkeep
|turn|6
|
|t:|1781504465
|switch|p1a: Beakblaster 3000|Pelipper, F|100/100
|move|p2a: Enten|U-turn|p1a: Beakblaster 3000
|-resisted|p1a: Beakblaster 3000
|-damage|p1a: Beakblaster 3000|90/100
|
|t:|1781504483
|switch|p2a: Khaos|Hoopa-Unbound, tera:Dark|100/100|[from] U-turn
|-damage|p2a: Khaos|88/100|[from] Stealth Rock
|
|-weather|RainDance|[upkeep]
|upkeep
|turn|7
|
|t:|1781504493
|switch|p1a: Sire Slayton|Clodsire, F|100/100
|move|p2a: Khaos|Hyperspace Fury|p1a: Sire Slayton
|-damage|p1a: Sire Slayton|0 fnt
|-unboost|p2a: Khaos|def|1
|faint|p1a: Sire Slayton
|
|-weather|RainDance|[upkeep]
|upkeep
|
|t:|1781504497
|switch|p1a: Nails|Weavile, M|100/100
|-ability|p1a: Nails|Pressure
|turn|8
|
|t:|1781504525
|switch|p2a: Overseer|Pecharunt|100/100
|move|p1a: Nails|Swords Dance|p1a: Nails
|-boost|p1a: Nails|atk|2
|
|-weather|none
|upkeep
|turn|9
|
|t:|1781504530
|move|p1a: Nails|Knock Off|p2a: Overseer
|-supereffective|p2a: Overseer
|-damage|p2a: Overseer|17/100
|-enditem|p2a: Overseer|Heavy-Duty Boots|[from] move: Knock Off|[of] p1a: Nails
|move|p2a: Overseer|Malignant Chain|p1a: Nails
|-damage|p1a: Nails|60/100
|
|upkeep
|turn|10
|
|t:|1781504541
|move|p1a: Nails|Knock Off|p2a: Overseer
|-supereffective|p2a: Overseer
|-damage|p2a: Overseer|0 fnt
|faint|p2a: Overseer
|
|upkeep
|
|t:|1781504545
|switch|p2a: Enten|Landorus-Therian, M, shiny|88/100
|-damage|p2a: Enten|76/100|[from] Stealth Rock
|-ability|p2a: Enten|Intimidate|boost
|-unboost|p1a: Nails|atk|1
|turn|11
|
|t:|1781504548
|move|p1a: Nails|Ice Shard|p2a: Enten
|-supereffective|p2a: Enten
|-damage|p2a: Enten|0 fnt
|faint|p2a: Enten
|
|upkeep
|
|t:|1781504550
|switch|p2a: Calamity|Iron Valiant, shiny|100/100
|-damage|p2a: Calamity|94/100|[from] Stealth Rock
|turn|12
|
|t:|1781504556
|move|p1a: Nails|Ice Shard|p2a: Calamity
|-damage|p2a: Calamity|59/100
|move|p2a: Calamity|Vacuum Wave|p1a: Nails
|-supereffective|p1a: Nails
|-damage|p1a: Nails|0 fnt
|faint|p1a: Nails
|
|upkeep
|
|t:|1781504560
|switch|p1a: Beakblaster 3000|Pelipper, F|90/100
|-weather|RainDance|[from] ability: Drizzle|[of] p1a: Beakblaster 3000
|turn|13
|
|t:|1781504564
|-end|p2a: Calamity|Quark Drive|[silent]
|switch|p2a: Pisces|Alomomola, M, shiny|70/100
|-damage|p2a: Pisces|58/100|[from] Stealth Rock
|move|p1a: Beakblaster 3000|U-turn|p2a: Pisces
|-damage|p2a: Pisces|52/100
|
|t:|1781504568
|switch|p1a: Elongatedkou|Raging Bolt|100/100|[from] U-turn
|-enditem|p1a: Elongatedkou|Booster Energy
|-activate|p1a: Elongatedkou|ability: Protosynthesis|[fromitem]
|-start|p1a: Elongatedkou|protosynthesisspa
|
|-weather|RainDance|[upkeep]
|upkeep
|turn|14
|
|t:|1781504574
|move|p1a: Elongatedkou|Thunder|p2a: Pisces
|-supereffective|p2a: Pisces
|-damage|p2a: Pisces|0 fnt
|faint|p2a: Pisces
|
|-weather|RainDance|[upkeep]
|upkeep
|
|t:|1781504575
|switch|p2a: Khaos|Hoopa-Unbound, tera:Dark|88/100
|-damage|p2a: Khaos|76/100|[from] Stealth Rock
|turn|15
|
|t:|1781504585
|move|p1a: Elongatedkou|Thunderclap|p2a: Khaos
|-damage|p2a: Khaos|29/100
|move|p2a: Khaos|Hyperspace Fury|p1a: Elongatedkou
|-damage|p1a: Elongatedkou|0 fnt
|-unboost|p2a: Khaos|def|1
|faint|p1a: Elongatedkou
|-end|p1a: Elongatedkou|Protosynthesis|[silent]
|
|-weather|RainDance|[upkeep]
|upkeep
|
|t:|1781504588
|switch|p1a: Vincent Von Vain|Kingdra, F|100/100
|turn|16
|
|t:|1781504595
|move|p1a: Vincent Von Vain|Weather Ball|p2a: Khaos
|-damage|p2a: Khaos|0 fnt
|faint|p2a: Khaos
|
|-weather|RainDance|[upkeep]
|upkeep
|
|t:|1781504603
|switch|p2a: Liberacy|Cinderace, M, shiny|100/100
|turn|17
|
|t:|1781504605
|move|p2a: Liberacy|Sucker Punch|p1a: Vincent Von Vain
|-start|p2a: Liberacy|typechange|Dark|[from] ability: Libero
|-damage|p1a: Vincent Von Vain|62/100
|move|p1a: Vincent Von Vain|Weather Ball|p2a: Liberacy
|-damage|p2a: Liberacy|0 fnt
|faint|p2a: Liberacy
|
|-weather|RainDance|[upkeep]
|upkeep
|
|t:|1781504609
|switch|p2a: Calamity|Iron Valiant, shiny|59/100
|-damage|p2a: Calamity|53/100|[from] Stealth Rock
|turn|18
|
|t:|1781504612
|move|p2a: Calamity|Vacuum Wave|p1a: Vincent Von Vain
|-damage|p1a: Vincent Von Vain|26/100
|move|p1a: Vincent Von Vain|Weather Ball|p2a: Calamity
|-damage|p2a: Calamity|0 fnt
|faint|p2a: Calamity
|-end|p2a: Calamity|Quark Drive|[silent]
|
|win|ihymyly
|raw|ihymyly's rating: 1608 &rarr; <strong>1637</strong><br />(+29 for winning)
|raw|hawkins0's rating: 1771 &rarr; <strong>1742</strong><br />(-29 for losing)
|l|☆hawkins0
|player|p2|
|l|☆ihymyly
|player|p1|
|j|☆hawkins0
|player|p2|hawkins0|2|
|l|☆hawkins0
|player|p2|
