|j|☆alakazam darnold
|j|☆maximilk
|t:|1780890326
|gametype|singles
|player|p1|alakazam darnold|boarder|1526
|player|p2|maximilk|veteran|1527
|gen|9
|tier|[Gen 9] OU
|rated|
|rule|HP Percentage Mod: HP is shown in percentages
|rule|Endless Battle Clause: Forcing endless battles is banned
|rule|Species Clause: Limit one of each Pokémon
|rule|OHKO Clause: OHKO moves are banned
|rule|Evasion Items Clause: Evasion items are banned
|rule|Evasion Moves Clause: Evasion moves are banned
|rule|Evasion Abilities Clause: Evasion abilities are banned
|rule|Sleep Moves Clause: Sleep-inducing moves are banned
|clearpoke
|poke|p1|Scizor, F|
|poke|p1|Landorus-Therian, M|
|poke|p1|Cinderace, M|
|poke|p1|Raging Bolt|
|poke|p1|Darkrai|
|poke|p1|Meloetta|
|poke|p2|Kyurem|
|poke|p2|Rillaboom, M|
|poke|p2|Garganacl, M|
|poke|p2|Tornadus-Therian, M|
|poke|p2|Hatterene, F|
|poke|p2|Iron Treads|
|teampreview
|inactive|Battle timer is ON: inactive players will automatically lose when time's up. (requested by maximilk)
|
|t:|1780890345
|teamsize|p1|6
|teamsize|p2|6
|start
|switch|p1a: Darkrai|Darkrai|100/100
|switch|p2a: Tornadus|Tornadus-Therian, M|100/100
|turn|1
|
|t:|1780890353
|move|p1a: Darkrai|Ice Beam|p2a: Tornadus
|-supereffective|p2a: Tornadus
|-damage|p2a: Tornadus|47/100
|-status|p2a: Tornadus|frz
|-curestatus|p2a: Tornadus|frz|[msg]
|move|p2a: Tornadus|U-turn|p1a: Darkrai
|-supereffective|p1a: Darkrai
|-damage|p1a: Darkrai|62/100
|
|t:|1780890375
|switch|p2a: Kyurem|Kyurem|100/100|[from] U-turn
|-ability|p2a: Kyurem|Pressure
|
|upkeep
|turn|2
|
|t:|1780890382
|switch|p1a: Scizor|Scizor, F|100/100
|move|p2a: Kyurem|Freeze-Dry|p1a: Scizor
|-resisted|p1a: Scizor
|-damage|p1a: Scizor|77/100
|
|upkeep
|turn|3
|
|t:|1780890393
|switch|p2a: Iron Treads|Iron Treads|100/100
|move|p1a: Scizor|U-turn|p2a: Iron Treads
|-resisted|p2a: Iron Treads
|-damage|p2a: Iron Treads|77/100
|
|t:|1780890403
|switch|p1a: Landorus|Landorus-Therian, M|100/100|[from] U-turn
|-ability|p1a: Landorus|Intimidate|boost
|-unboost|p2a: Iron Treads|atk|1
|
|-heal|p2a: Iron Treads|83/100|[from] item: Leftovers
|upkeep
|turn|4
|
|t:|1780890411
|-end|p2a: Iron Treads|Quark Drive|[silent]
|switch|p2a: Hatterene|Hatterene, F|100/100
|move|p1a: Landorus|Earth Power|p2a: Hatterene
|-damage|p2a: Hatterene|78/100
|
|upkeep
|turn|5
|
|t:|1780890424
|switch|p1a: Meloetta|Meloetta|100/100
|move|p2a: Hatterene|Psychic Noise|p1a: Meloetta
|-resisted|p1a: Meloetta
|-damage|p1a: Meloetta|92/100
|-start|p1a: Meloetta|move: Heal Block
|
|upkeep
|turn|6
|
|t:|1780890438
|move|p1a: Meloetta|Knock Off|p2a: Hatterene
|-damage|p2a: Hatterene|56/100
|-enditem|p2a: Hatterene|Assault Vest|[from] move: Knock Off|[of] p1a: Meloetta
|move|p2a: Hatterene|Nuzzle|p1a: Meloetta
|-damage|p1a: Meloetta|88/100
|-status|p1a: Meloetta|par
|
|-end|p1a: Meloetta|move: Heal Block
|upkeep
|turn|7
|
|t:|1780890449
|move|p1a: Meloetta|Ice Punch|p2a: Hatterene
|-damage|p2a: Hatterene|40/100
|move|p2a: Hatterene|Draining Kiss|p1a: Meloetta
|-damage|p1a: Meloetta|77/100 par
|-heal|p2a: Hatterene|51/100|[from] drain|[of] p1a: Meloetta
|
|upkeep
|turn|8
|
|t:|1780890456
|move|p1a: Meloetta|Ice Punch|p2a: Hatterene
|-damage|p2a: Hatterene|34/100
|move|p2a: Hatterene|Draining Kiss|p1a: Meloetta
|-damage|p1a: Meloetta|67/100 par
|-heal|p2a: Hatterene|43/100|[from] drain|[of] p1a: Meloetta
|
|upkeep
|turn|9
|
|t:|1780890462
|cant|p1a: Meloetta|par
|move|p2a: Hatterene|Draining Kiss|p1a: Meloetta
|-damage|p1a: Meloetta|57/100 par
|-heal|p2a: Hatterene|53/100|[from] drain|[of] p1a: Meloetta
|
|upkeep
|turn|10
|
|t:|1780890469
|move|p1a: Meloetta|Ice Punch|p2a: Hatterene
|-damage|p2a: Hatterene|35/100
|move|p2a: Hatterene|Draining Kiss|p1a: Meloetta
|-damage|p1a: Meloetta|47/100 par
|-heal|p2a: Hatterene|45/100|[from] drain|[of] p1a: Meloetta
|
|upkeep
|turn|11
|
|t:|1780890474
|move|p1a: Meloetta|Ice Punch|p2a: Hatterene
|-damage|p2a: Hatterene|28/100
|-status|p2a: Hatterene|frz
|cant|p2a: Hatterene|frz
|
|upkeep
|turn|12
|
|t:|1780890487
|switch|p1a: Darkrai|Darkrai|62/100
|cant|p2a: Hatterene|frz
|
|upkeep
|turn|13
|
|t:|1780890508
|switch|p2a: Garganacl|Garganacl, M|100/100
|move|p1a: Darkrai|Nasty Plot|p1a: Darkrai
|-boost|p1a: Darkrai|spa|2
|
|upkeep
|turn|14
|
|t:|1780890515
|move|p1a: Darkrai|Dark Pulse|p2a: Garganacl
|-damage|p2a: Garganacl|35/100
|move|p2a: Garganacl|Salt Cure|p1a: Darkrai
|-damage|p1a: Darkrai|42/100
|-start|p1a: Darkrai|Salt Cure
|
|-heal|p2a: Garganacl|41/100|[from] item: Leftovers
|-damage|p1a: Darkrai|30/100|[from] Salt Cure
|upkeep
|turn|15
|
|t:|1780890523
|move|p2a: Garganacl|Protect|p2a: Garganacl
|-singleturn|p2a: Garganacl|Protect
|move|p1a: Darkrai|Dark Pulse|p2a: Garganacl
|-activate|p2a: Garganacl|move: Protect
|
|-heal|p2a: Garganacl|47/100|[from] item: Leftovers
|-damage|p1a: Darkrai|18/100|[from] Salt Cure
|upkeep
|turn|16
|
|t:|1780890526
|switch|p2a: Hatterene|Hatterene, F|28/100 frz
|move|p1a: Darkrai|Dark Pulse|p2a: Hatterene
|-damage|p2a: Hatterene|0 fnt
|faint|p2a: Hatterene
|
|-damage|p1a: Darkrai|5/100|[from] Salt Cure
|upkeep
|
|t:|1780890535
|switch|p2a: Garganacl|Garganacl, M|47/100
|turn|17
|
|t:|1780890541
|switch|p1a: Landorus|Landorus-Therian, M|100/100
|-ability|p1a: Landorus|Intimidate|boost
|-unboost|p2a: Garganacl|atk|1
|move|p2a: Garganacl|Protect||[still]
|-fail|p2a: Garganacl
|
|-heal|p2a: Garganacl|53/100|[from] item: Leftovers
|upkeep
|turn|18
|
|t:|1780890552
|switch|p2a: Tornadus|Tornadus-Therian, M|80/100
|move|p1a: Landorus|Stealth Rock|p2a: Tornadus
|-sidestart|p2: maximilk|move: Stealth Rock
|
|upkeep
|turn|19
|
|t:|1780890560
|move|p2a: Tornadus|Bleakwind Storm|p1a: Landorus|[miss]
|-miss|p2a: Tornadus|p1a: Landorus
|move|p1a: Landorus|U-turn|p2a: Tornadus
|-resisted|p2a: Tornadus
|-damage|p2a: Tornadus|66/100
|
|t:|1780890574
|switch|p1a: Darkrai|Darkrai|5/100|[from] U-turn
|
|upkeep
|turn|20
|
|t:|1780890581
|move|p1a: Darkrai|Ice Beam|p2a: Tornadus
|-supereffective|p2a: Tornadus
|-damage|p2a: Tornadus|16/100
|move|p2a: Tornadus|U-turn|p1a: Darkrai
|-supereffective|p1a: Darkrai
|-damage|p1a: Darkrai|0 fnt
|faint|p1a: Darkrai
|
|t:|1780890596
|switch|p2a: Garganacl|Garganacl, M|53/100|[from] U-turn
|-damage|p2a: Garganacl|41/100|[from] Stealth Rock
|
|-heal|p2a: Garganacl|47/100|[from] item: Leftovers
|upkeep
|
|t:|1780890623
|switch|p1a: Landorus|Landorus-Therian, M|100/100
|-ability|p1a: Landorus|Intimidate|boost
|-unboost|p2a: Garganacl|atk|1
|turn|21
|
|t:|1780890633
|move|p2a: Garganacl|Protect|p2a: Garganacl
|-singleturn|p2a: Garganacl|Protect
|move|p1a: Landorus|Earth Power|p2a: Garganacl
|-activate|p2a: Garganacl|move: Protect
|
|-heal|p2a: Garganacl|53/100|[from] item: Leftovers
|upkeep
|turn|22
|
|t:|1780890645
|move|p1a: Landorus|Earth Power|p2a: Garganacl
|-supereffective|p2a: Garganacl
|-damage|p2a: Garganacl|1/100
|move|p2a: Garganacl|Stealth Rock|p1a: Landorus
|-sidestart|p1: alakazam darnold|move: Stealth Rock
|
|-heal|p2a: Garganacl|7/100|[from] item: Leftovers
|upkeep
|turn|23
|
|t:|1780890651
|move|p1a: Landorus|Earth Power|p2a: Garganacl
|-supereffective|p2a: Garganacl
|-damage|p2a: Garganacl|0 fnt
|faint|p2a: Garganacl
|
|upkeep
|
|t:|1780890654
|switch|p2a: Kyurem|Kyurem|100/100
|-damage|p2a: Kyurem|76/100|[from] Stealth Rock
|-ability|p2a: Kyurem|Pressure
|turn|24
|
|t:|1780890662
|switch|p1a: Meloetta|Meloetta|47/100 par
|-damage|p1a: Meloetta|34/100 par|[from] Stealth Rock
|move|p2a: Kyurem|Substitute|p2a: Kyurem
|-start|p2a: Kyurem|Substitute
|-damage|p2a: Kyurem|51/100
|
|-heal|p2a: Kyurem|57/100|[from] item: Leftovers
|upkeep
|turn|25
|
|t:|1780890667
|move|p2a: Kyurem|Protect|p2a: Kyurem
|-singleturn|p2a: Kyurem|Protect
|cant|p1a: Meloetta|par
|
|-heal|p2a: Kyurem|63/100|[from] item: Leftovers
|upkeep
|turn|26
|
|t:|1780890673
|move|p2a: Kyurem|Freeze-Dry|p1a: Meloetta
|-damage|p1a: Meloetta|17/100 par
|move|p1a: Meloetta|Drain Punch|p2a: Kyurem
|-supereffective|p2a: Kyurem
|-end|p2a: Kyurem|Substitute
|-heal|p1a: Meloetta|30/100 par|[from] drain|[of] p2a: Kyurem
|
|-heal|p2a: Kyurem|69/100|[from] item: Leftovers
|upkeep
|turn|27
|
|t:|1780890683
|move|p2a: Kyurem|Protect|p2a: Kyurem
|-singleturn|p2a: Kyurem|Protect
|move|p1a: Meloetta|Drain Punch|p2a: Kyurem
|-activate|p2a: Kyurem|move: Protect
|
|-heal|p2a: Kyurem|75/100|[from] item: Leftovers
|upkeep
|turn|28
|
|t:|1780890697
|move|p2a: Kyurem|Substitute|p2a: Kyurem
|-start|p2a: Kyurem|Substitute
|-damage|p2a: Kyurem|50/100
|move|p1a: Meloetta|Drain Punch|p2a: Kyurem
|-supereffective|p2a: Kyurem
|-end|p2a: Kyurem|Substitute
|-heal|p1a: Meloetta|43/100 par|[from] drain|[of] p2a: Kyurem
|
|-heal|p2a: Kyurem|57/100|[from] item: Leftovers
|upkeep
|turn|29
|
|t:|1780890706
|move|p2a: Kyurem|Protect|p2a: Kyurem
|-singleturn|p2a: Kyurem|Protect
|move|p1a: Meloetta|Drain Punch|p2a: Kyurem
|-activate|p2a: Kyurem|move: Protect
|
|-heal|p2a: Kyurem|63/100|[from] item: Leftovers
|upkeep
|turn|30
|
|t:|1780890710
|move|p2a: Kyurem|Substitute|p2a: Kyurem
|-start|p2a: Kyurem|Substitute
|-damage|p2a: Kyurem|38/100
|move|p1a: Meloetta|Drain Punch|p2a: Kyurem
|-supereffective|p2a: Kyurem
|-end|p2a: Kyurem|Substitute
|-heal|p1a: Meloetta|55/100 par|[from] drain|[of] p2a: Kyurem
|
|-heal|p2a: Kyurem|44/100|[from] item: Leftovers
|upkeep
|turn|31
|
|t:|1780890721
|move|p2a: Kyurem|Protect|p2a: Kyurem
|-singleturn|p2a: Kyurem|Protect
|cant|p1a: Meloetta|par
|
|-heal|p2a: Kyurem|50/100|[from] item: Leftovers
|upkeep
|turn|32
|
|t:|1780890726
|move|p2a: Kyurem|Substitute|p2a: Kyurem
|-start|p2a: Kyurem|Substitute
|-damage|p2a: Kyurem|25/100
|move|p1a: Meloetta|Drain Punch|p2a: Kyurem
|-supereffective|p2a: Kyurem
|-end|p2a: Kyurem|Substitute
|-heal|p1a: Meloetta|68/100 par|[from] drain|[of] p2a: Kyurem
|
|-heal|p2a: Kyurem|31/100|[from] item: Leftovers
|upkeep
|turn|33
|
|t:|1780890738
|move|p2a: Kyurem|Protect|p2a: Kyurem
|-singleturn|p2a: Kyurem|Protect
|cant|p1a: Meloetta|par
|
|-heal|p2a: Kyurem|38/100|[from] item: Leftovers
|upkeep
|turn|34
|
|t:|1780890742
|move|p2a: Kyurem|Substitute|p2a: Kyurem
|-start|p2a: Kyurem|Substitute
|-damage|p2a: Kyurem|13/100
|move|p1a: Meloetta|Drain Punch|p2a: Kyurem
|-supereffective|p2a: Kyurem
|-crit|p2a: Kyurem
|-end|p2a: Kyurem|Substitute
|-heal|p1a: Meloetta|80/100 par|[from] drain|[of] p2a: Kyurem
|
|-heal|p2a: Kyurem|19/100|[from] item: Leftovers
|upkeep
|turn|35
|
|t:|1780890750
|move|p2a: Kyurem|Protect|p2a: Kyurem
|-singleturn|p2a: Kyurem|Protect
|move|p1a: Meloetta|Knock Off|p2a: Kyurem
|-activate|p2a: Kyurem|move: Protect
|
|-heal|p2a: Kyurem|25/100|[from] item: Leftovers
|upkeep
|turn|36
|
|t:|1780890759
|move|p2a: Kyurem|Protect||[still]
|-fail|p2a: Kyurem
|move|p1a: Meloetta|Drain Punch|p2a: Kyurem
|-supereffective|p2a: Kyurem
|-damage|p2a: Kyurem|0 fnt
|-heal|p1a: Meloetta|93/100 par|[from] drain|[of] p2a: Kyurem
|faint|p2a: Kyurem
|
|upkeep
|
|t:|1780890764
|switch|p2a: Iron Treads|Iron Treads|83/100
|-damage|p2a: Iron Treads|80/100|[from] Stealth Rock
|turn|37
|c|☆alakazam darnold|no para
|
|t:|1780890771
|switch|p1a: Landorus|Landorus-Therian, M|100/100
|-damage|p1a: Landorus|88/100|[from] Stealth Rock
|-ability|p1a: Landorus|Intimidate|boost
|-unboost|p2a: Iron Treads|atk|1
|move|p2a: Iron Treads|Rapid Spin|p1a: Landorus
|-damage|p1a: Landorus|77/100
|-boost|p2a: Iron Treads|spe|1
|-damage|p2a: Iron Treads|63/100|[from] item: Rocky Helmet|[of] p1a: Landorus
|-sideend|p2: maximilk|Stealth Rock|[from] move: Rapid Spin|[of] p2a: Iron Treads
|
|-heal|p2a: Iron Treads|69/100|[from] item: Leftovers
|upkeep
|turn|38
|
|t:|1780890794
|move|p2a: Iron Treads|Ice Spinner|p1a: Landorus
|-supereffective|p1a: Landorus
|-damage|p1a: Landorus|3/100
|-damage|p2a: Iron Treads|53/100|[from] item: Rocky Helmet|[of] p1a: Landorus
|move|p1a: Landorus|Stealth Rock|p2a: Iron Treads
|-sidestart|p2: maximilk|move: Stealth Rock
|
|-heal|p2a: Iron Treads|59/100|[from] item: Leftovers
|upkeep
|turn|39
|
|t:|1780890808
|-terastallize|p1a: Landorus|Ghost
|move|p2a: Iron Treads|Rapid Spin|p1a: Landorus
|-immune|p1a: Landorus
|move|p1a: Landorus|Earth Power|p2a: Iron Treads
|-supereffective|p2a: Iron Treads
|-damage|p2a: Iron Treads|0 fnt
|faint|p2a: Iron Treads
|-end|p2a: Iron Treads|Quark Drive|[silent]
|
|upkeep
|
|t:|1780890814
|switch|p2a: Tornadus|Tornadus-Therian, M|49/100
|-damage|p2a: Tornadus|25/100|[from] Stealth Rock
|turn|40
|
|t:|1780890820
|move|p2a: Tornadus|Bleakwind Storm|p1a: Landorus
|-damage|p1a: Landorus|0 fnt
|faint|p1a: Landorus
|
|upkeep
|
|t:|1780890828
|switch|p1a: Scizor|Scizor, F|77/100
|-damage|p1a: Scizor|65/100|[from] Stealth Rock
|turn|41
|
|t:|1780890835
|move|p1a: Scizor|Bullet Punch|p2a: Tornadus
|-damage|p2a: Tornadus|0 fnt
|faint|p2a: Tornadus
|
|upkeep
|-message|maximilk forfeited.
|
|win|alakazam darnold
|raw|alakazam darnold's rating: 1526 &rarr; <strong>1546</strong><br />(+20 for winning)
|raw|maximilk's rating: 1527 &rarr; <strong>1507</strong><br />(-20 for losing)
|l|☆maximilk
|player|p2|
