|j|☆rekjllj
|j|☆oldgensbetter
|t:|1781318728
|gametype|singles
|player|p1|rekjllj|169|1692
|player|p2|oldgensbetter|unknownf|1616
|gen|9
|tier|[Gen 9] OU
|rated|
|rule|HP Percentage Mod: HP is shown in percentages
|rule|Endless Battle Clause: Forcing endless battles is banned
|rule|Species Clause: Limit one of each Pokémon
|rule|OHKO Clause: OHKO moves are banned
|rule|Evasion Items Clause: Evasion items are banned
|rule|Evasion Moves Clause: Evasion moves are banned
|rule|Evasion Abilities Clause: Evasion abilities are banned
|rule|Sleep Moves Clause: Sleep-inducing moves are banned
|clearpoke
|poke|p1|Kingambit, F|
|poke|p1|Kommo-o, M|
|poke|p1|Iron Valiant|
|poke|p1|Kyurem|
|poke|p1|Iron Treads|
|poke|p1|Iron Crown|
|poke|p2|Samurott-Hisui, M|
|poke|p2|Zapdos|
|poke|p2|Iron Treads|
|poke|p2|Ceruledge, M|
|poke|p2|Gholdengo|
|poke|p2|Kingambit, M|
|teampreview
|c|☆rekjllj|hf
|inactive|Battle timer is ON: inactive players will automatically lose when time's up. (requested by rekjllj)
|
|t:|1781318738
|teamsize|p1|6
|teamsize|p2|6
|start
|switch|p1a: Kommo-o|Kommo-o, M|100/100
|switch|p2a: Zapdos|Zapdos|100/100
|turn|1
|
|t:|1781318744
|move|p1a: Kommo-o|Substitute|p1a: Kommo-o
|-start|p1a: Kommo-o|Substitute
|-damage|p1a: Kommo-o|75/100
|move|p2a: Zapdos|Hurricane|p1a: Kommo-o|[miss]
|-miss|p2a: Zapdos|p1a: Kommo-o
|
|-heal|p1a: Kommo-o|82/100|[from] item: Leftovers
|upkeep
|turn|2
|
|t:|1781318750
|move|p1a: Kommo-o|Clangorous Soul|p1a: Kommo-o
|-boost|p1a: Kommo-o|atk|1
|-boost|p1a: Kommo-o|def|1
|-boost|p1a: Kommo-o|spa|1
|-boost|p1a: Kommo-o|spd|1
|-boost|p1a: Kommo-o|spe|1
|-damage|p1a: Kommo-o|49/100
|move|p2a: Zapdos|Hurricane|p1a: Kommo-o
|-supereffective|p1a: Kommo-o
|-end|p1a: Kommo-o|Substitute
|
|-heal|p1a: Kommo-o|55/100|[from] item: Leftovers
|upkeep
|turn|3
|
|t:|1781318756
|move|p1a: Kommo-o|Substitute|p1a: Kommo-o
|-start|p1a: Kommo-o|Substitute
|-damage|p1a: Kommo-o|30/100
|move|p2a: Zapdos|Hurricane|p1a: Kommo-o|[miss]
|-miss|p2a: Zapdos|p1a: Kommo-o
|
|-heal|p1a: Kommo-o|36/100|[from] item: Leftovers
|upkeep
|turn|4
|
|t:|1781318761
|-terastallize|p1a: Kommo-o|Ghost
|move|p1a: Kommo-o|Clangorous Soul|p1a: Kommo-o
|-boost|p1a: Kommo-o|atk|1
|-boost|p1a: Kommo-o|def|1
|-boost|p1a: Kommo-o|spa|1
|-boost|p1a: Kommo-o|spd|1
|-boost|p1a: Kommo-o|spe|1
|-damage|p1a: Kommo-o|3/100
|move|p2a: Zapdos|Hurricane|p1a: Kommo-o|[miss]
|-miss|p2a: Zapdos|p1a: Kommo-o
|
|-heal|p1a: Kommo-o|10/100|[from] item: Leftovers
|upkeep
|turn|5
|j| ffddfsssssdf
|
|t:|1781318775
|move|p1a: Kommo-o|Shadow Claw|p2a: Zapdos
|-damage|p2a: Zapdos|63/100
|move|p2a: Zapdos|Hurricane|p1a: Kommo-o
|-activate|p1a: Kommo-o|move: Substitute|[damage]
|
|-heal|p1a: Kommo-o|16/100|[from] item: Leftovers
|upkeep
|turn|6
|
|t:|1781318782
|move|p1a: Kommo-o|Shadow Claw|p2a: Zapdos
|-damage|p2a: Zapdos|26/100
|move|p2a: Zapdos|Roost|p2a: Zapdos
|-heal|p2a: Zapdos|76/100
|-singleturn|p2a: Zapdos|move: Roost
|
|-heal|p1a: Kommo-o|22/100|[from] item: Leftovers
|upkeep
|turn|7
|
|t:|1781318788
|move|p1a: Kommo-o|Drain Punch|p2a: Zapdos
|-resisted|p2a: Zapdos
|-damage|p2a: Zapdos|57/100
|-heal|p1a: Kommo-o|33/100|[from] drain|[of] p2a: Zapdos
|-status|p1a: Kommo-o|par|[from] ability: Static|[of] p2a: Zapdos
|move|p2a: Zapdos|Hurricane|p1a: Kommo-o
|-end|p1a: Kommo-o|Substitute
|
|-heal|p1a: Kommo-o|39/100 par|[from] item: Leftovers
|upkeep
|turn|8
|
|t:|1781318794
|move|p1a: Kommo-o|Substitute|p1a: Kommo-o
|-start|p1a: Kommo-o|Substitute
|-damage|p1a: Kommo-o|14/100 par
|move|p2a: Zapdos|Volt Switch|p1a: Kommo-o
|-activate|p1a: Kommo-o|move: Substitute|[damage]
|inactive|oldgensbetter has 120 seconds left.
|
|t:|1781318825
|switch|p2a: Gholdengo|Gholdengo|100/100|[from] Volt Switch
|-item|p2a: Gholdengo|Air Balloon
|
|-heal|p1a: Kommo-o|20/100 par|[from] item: Leftovers
|upkeep
|turn|9
|inactive|oldgensbetter has 120 seconds left.
|j| diancie the pearl
|
|t:|1781318856
|-terastallize|p2a: Gholdengo|Fairy
|move|p1a: Kommo-o|Shadow Claw|p2a: Gholdengo
|-damage|p2a: Gholdengo|63/100
|-enditem|p2a: Gholdengo|Air Balloon
|move|p2a: Gholdengo|Hex|p1a: Kommo-o
|-supereffective|p1a: Kommo-o
|-crit|p1a: Kommo-o
|-end|p1a: Kommo-o|Substitute
|
|-heal|p1a: Kommo-o|26/100 par|[from] item: Leftovers
|upkeep
|turn|10
|
|t:|1781318863
|switch|p1a: Kingambit|Kingambit, F|100/100
|move|p2a: Gholdengo|Hex|p1a: Kingambit
|-resisted|p1a: Kingambit
|-damage|p1a: Kingambit|83/100
|
|-heal|p1a: Kingambit|89/100|[from] item: Leftovers
|upkeep
|turn|11
|
|t:|1781318869
|move|p2a: Gholdengo|Focus Blast|p1a: Kingambit
|-supereffective|p1a: Kingambit
|-damage|p1a: Kingambit|0 fnt
|faint|p1a: Kingambit
|-end|p1a: Kingambit|fallenundefined|[silent]
|
|upkeep
|
|t:|1781318875
|switch|p1a: Iron Crown|Iron Crown|100/100
|-enditem|p1a: Iron Crown|Booster Energy
|-activate|p1a: Iron Crown|ability: Quark Drive|[fromitem]
|-start|p1a: Iron Crown|quarkdrivespe
|turn|12
|j| Partynparadise
|
|t:|1781318881
|switch|p2a: Iron Treads|Iron Treads|100/100
|move|p1a: Iron Crown|Tachyon Cutter|p2a: Iron Treads
|-resisted|p2a: Iron Treads
|-damage|p2a: Iron Treads|85/100
|-resisted|p2a: Iron Treads
|-damage|p2a: Iron Treads|67/100
|-hitcount|p2a: Iron Treads|2
|
|-heal|p2a: Iron Treads|73/100|[from] item: Leftovers
|upkeep
|turn|13
|l| diancie the pearl
|
|t:|1781318894
|-end|p2a: Iron Treads|Quark Drive|[silent]
|switch|p2a: Zapdos|Zapdos|57/100
|move|p1a: Iron Crown|Focus Blast|p2a: Zapdos
|-resisted|p2a: Zapdos
|-damage|p2a: Zapdos|39/100
|
|upkeep
|turn|14
|
|t:|1781318897
|move|p1a: Iron Crown|Psychic Noise|p2a: Zapdos
|-damage|p2a: Zapdos|7/100
|-start|p2a: Zapdos|move: Heal Block
|cant|p2a: Zapdos|move: Heal Block|Roost
|
|upkeep
|turn|15
|
|t:|1781318905
|switch|p2a: Samurott|Samurott-Hisui, M|100/100
|move|p1a: Iron Crown|Tachyon Cutter|p2a: Samurott
|-resisted|p2a: Samurott
|-damage|p2a: Samurott|92/100
|-resisted|p2a: Samurott
|-damage|p2a: Samurott|84/100
|-hitcount|p2a: Samurott|2
|
|upkeep
|turn|16
|
|t:|1781318911
|-end|p1a: Iron Crown|Quark Drive|[silent]
|switch|p1a: Iron Valiant|Iron Valiant|100/100
|-enditem|p1a: Iron Valiant|Booster Energy
|-activate|p1a: Iron Valiant|ability: Quark Drive|[fromitem]
|-start|p1a: Iron Valiant|quarkdrivespe
|move|p2a: Samurott|Ceaseless Edge|p1a: Iron Valiant
|-resisted|p1a: Iron Valiant
|-damage|p1a: Iron Valiant|86/100
|-sidestart|p1: rekjllj|Spikes
|
|upkeep
|turn|17
|
|t:|1781318920
|move|p1a: Iron Valiant|Moonblast|p2a: Samurott
|-supereffective|p2a: Samurott
|-damage|p2a: Samurott|15/100
|move|p2a: Samurott|Razor Shell|p1a: Iron Valiant
|-damage|p1a: Iron Valiant|21/100
|
|upkeep
|turn|18
|
|t:|1781318932
|switch|p2a: Iron Treads|Iron Treads|73/100
|move|p1a: Iron Valiant|Moonblast|p2a: Iron Treads
|-resisted|p2a: Iron Treads
|-damage|p2a: Iron Treads|39/100
|-unboost|p2a: Iron Treads|spa|1
|
|-heal|p2a: Iron Treads|45/100|[from] item: Leftovers
|upkeep
|turn|19
|
|t:|1781318938
|move|p1a: Iron Valiant|Shadow Ball|p2a: Iron Treads
|-damage|p2a: Iron Treads|11/100
|move|p2a: Iron Treads|Earthquake|p1a: Iron Valiant
|-damage|p1a: Iron Valiant|0 fnt
|faint|p1a: Iron Valiant
|-end|p1a: Iron Valiant|Quark Drive|[silent]
|
|-heal|p2a: Iron Treads|17/100|[from] item: Leftovers
|upkeep
|
|t:|1781318944
|switch|p1a: Iron Treads|Iron Treads|100/100
|-damage|p1a: Iron Treads|88/100|[from] Spikes
|-enditem|p1a: Iron Treads|Booster Energy
|-activate|p1a: Iron Treads|ability: Quark Drive|[fromitem]
|-start|p1a: Iron Treads|quarkdrivespe
|turn|20
|
|t:|1781318953
|move|p1a: Iron Treads|Earthquake|p2a: Iron Treads
|-supereffective|p2a: Iron Treads
|-damage|p2a: Iron Treads|0 fnt
|faint|p2a: Iron Treads
|-end|p2a: Iron Treads|Quark Drive|[silent]
|
|upkeep
|
|t:|1781318970
|switch|p2a: Gholdengo|Gholdengo, tera:Fairy|63/100
|turn|21
|
|t:|1781318976
|move|p1a: Iron Treads|Earthquake|p2a: Gholdengo
|-damage|p2a: Gholdengo|38/100
|move|p2a: Gholdengo|Recover|p2a: Gholdengo
|-heal|p2a: Gholdengo|88/100
|
|upkeep
|turn|22
|
|t:|1781318984
|move|p1a: Iron Treads|Stealth Rock|p2a: Gholdengo
|-sidestart|p2: oldgensbetter|move: Stealth Rock
|move|p2a: Gholdengo|Focus Blast|p1a: Iron Treads
|-supereffective|p1a: Iron Treads
|-damage|p1a: Iron Treads|12/100
|
|upkeep
|turn|23
|
|t:|1781318991
|switch|p2a: Ceruledge|Ceruledge, M|100/100
|move|p1a: Iron Treads|Rapid Spin|p2a: Ceruledge
|-immune|p2a: Ceruledge
|
|upkeep
|turn|24
|
|t:|1781318997
|move|p2a: Ceruledge|Shadow Sneak|p1a: Iron Treads
|-damage|p1a: Iron Treads|0 fnt
|faint|p1a: Iron Treads
|-end|p1a: Iron Treads|Quark Drive|[silent]
|
|upkeep
|
|t:|1781319004
|switch|p1a: Iron Crown|Iron Crown|100/100
|-damage|p1a: Iron Crown|88/100|[from] Spikes
|turn|25
|
|t:|1781319010
|move|p1a: Iron Crown|Psychic Noise|p2a: Ceruledge
|-damage|p2a: Ceruledge|66/100
|-start|p2a: Ceruledge|move: Heal Block
|move|p2a: Ceruledge|Swords Dance|p2a: Ceruledge
|-boost|p2a: Ceruledge|atk|2
|
|upkeep
|turn|26
|
|t:|1781319017
|move|p1a: Iron Crown|Tachyon Cutter|p2a: Ceruledge
|-resisted|p2a: Ceruledge
|-damage|p2a: Ceruledge|55/100
|-resisted|p2a: Ceruledge
|-damage|p2a: Ceruledge|43/100
|-hitcount|p2a: Ceruledge|2
|move|p2a: Ceruledge|Swords Dance|p2a: Ceruledge
|-boost|p2a: Ceruledge|atk|2
|
|-end|p2a: Ceruledge|move: Heal Block
|upkeep
|turn|27
|l| ffddfsssssdf
|
|t:|1781319023
|-end|p1a: Iron Crown|Quark Drive|[silent]
|switch|p1a: Kommo-o|Kommo-o, M, tera:Ghost|26/100 par
|-damage|p1a: Kommo-o|14/100 par|[from] Spikes
|move|p2a: Ceruledge|Shadow Sneak|p1a: Kommo-o
|-supereffective|p1a: Kommo-o
|-damage|p1a: Kommo-o|0 fnt
|faint|p1a: Kommo-o
|
|upkeep
|
|t:|1781319029
|switch|p1a: Kyurem|Kyurem|100/100
|-damage|p1a: Kyurem|88/100|[from] Spikes
|-ability|p1a: Kyurem|Pressure
|turn|28
|
|t:|1781319035
|move|p2a: Ceruledge|Shadow Sneak|p1a: Kyurem
|-damage|p1a: Kyurem|28/100
|move|p1a: Kyurem|Scale Shot|p2a: Ceruledge
|-damage|p2a: Ceruledge|27/100
|-ability|p2a: Ceruledge|Weak Armor|boost
|-unboost|p2a: Ceruledge|def|1
|-boost|p2a: Ceruledge|spe|2
|-damage|p2a: Ceruledge|5/100
|-ability|p2a: Ceruledge|Weak Armor|boost
|-unboost|p2a: Ceruledge|def|1
|-boost|p2a: Ceruledge|spe|2
|-damage|p2a: Ceruledge|0 fnt
|faint|p2a: Ceruledge
|-hitcount|p2: Ceruledge|3
|-unboost|p1a: Kyurem|def|1
|-boost|p1a: Kyurem|spe|1
|
|upkeep
|
|t:|1781319039
|switch|p2a: Kingambit|Kingambit, M|100/100
|-damage|p2a: Kingambit|94/100|[from] Stealth Rock
|-activate|p2a: Kingambit|ability: Supreme Overlord
|-start|p2a: Kingambit|fallen2|[silent]
|turn|29
|
|t:|1781319053
|move|p1a: Kyurem|Earth Power|p2a: Kingambit
|-supereffective|p2a: Kingambit
|-damage|p2a: Kingambit|37/100
|move|p2a: Kingambit|Iron Head|p1a: Kyurem
|-supereffective|p1a: Kyurem
|-damage|p1a: Kyurem|0 fnt
|faint|p1a: Kyurem
|
|-heal|p2a: Kingambit|44/100|[from] item: Leftovers
|upkeep
|
|t:|1781319062
|switch|p1a: Iron Crown|Iron Crown|88/100
|-damage|p1a: Iron Crown|76/100|[from] Spikes
|turn|30
|
|t:|1781319067
|move|p1a: Iron Crown|Calm Mind|p1a: Iron Crown
|-boost|p1a: Iron Crown|spa|1
|-boost|p1a: Iron Crown|spd|1
|move|p2a: Kingambit|Low Kick|p1a: Iron Crown
|-damage|p1a: Iron Crown|36/100
|
|-heal|p2a: Kingambit|50/100|[from] item: Leftovers
|upkeep
|turn|31
|
|t:|1781319074
|move|p2a: Kingambit|Sucker Punch||[still]
|-fail|p2a: Kingambit
|move|p1a: Iron Crown|Calm Mind|p1a: Iron Crown
|-boost|p1a: Iron Crown|spa|1
|-boost|p1a: Iron Crown|spd|1
|
|-heal|p2a: Kingambit|56/100|[from] item: Leftovers
|upkeep
|turn|32
|
|t:|1781319077
|move|p2a: Kingambit|Sucker Punch|p1a: Iron Crown
|-supereffective|p1a: Iron Crown
|-damage|p1a: Iron Crown|0 fnt
|faint|p1a: Iron Crown
|-end|p1a: Iron Crown|Quark Drive|[silent]
|
|win|oldgensbetter
|raw|rekjllj's rating: 1692 &rarr; <strong>1668</strong><br />(-24 for losing)
|raw|oldgensbetter's rating: 1616 &rarr; <strong>1640</strong><br />(+24 for winning)
|c|☆rekjllj|gg
