|badge|p1|bronze|gen9ru|100-9
|uhtml|medal-msg|<div class="broadcast-blue">Curious what those medals under the avatar are? PS now has Ladder Seasons! For more information, check out the <a href="https://www.smogon.com/forums/threads/3740067/">thread on Smogon.</a></div>
|j|☆Phantasmiccat
|j|☆Xaldyn&Rhapsodie
|t:|1781535502
|gametype|singles
|player|p1|Phantasmiccat|miku-grass|1583
|player|p2|Xaldyn&Rhapsodie|mrstone|1563
|gen|9
|tier|[Gen 9] OU
|rated|
|rule|HP Percentage Mod: HP is shown in percentages
|rule|Endless Battle Clause: Forcing endless battles is banned
|rule|Species Clause: Limit one of each Pokémon
|rule|OHKO Clause: OHKO moves are banned
|rule|Evasion Items Clause: Evasion items are banned
|rule|Evasion Moves Clause: Evasion moves are banned
|rule|Evasion Abilities Clause: Evasion abilities are banned
|rule|Sleep Moves Clause: Sleep-inducing moves are banned
|clearpoke
|poke|p1|Dragonite, F|
|poke|p1|Great Tusk|
|poke|p1|Iron Crown|
|poke|p1|Iron Moth|
|poke|p1|Ogerpon, F|
|poke|p1|Primarina, M|
|poke|p2|Gardevoir, F|
|poke|p2|Rillaboom, F|
|poke|p2|Hawlucha, F|
|poke|p2|Iron Moth|
|poke|p2|Landorus-Therian, M|
|poke|p2|Kingambit, F|
|teampreview
|inactive|Battle timer is ON: inactive players will automatically lose when time's up. (requested by Phantasmiccat)
|
|t:|1781535545
|teamsize|p1|6
|teamsize|p2|6
|start
|switch|p1a: Dragonite|Dragonite, F|100/100
|switch|p2a: Rillaboom|Rillaboom, F|100/100
|-fieldstart|move: Grassy Terrain|[from] ability: Grassy Surge|[of] p2a: Rillaboom
|turn|1
|inactive|Xaldyn&Rhapsodie has 120 seconds left.
|
|t:|1781535591
|move|p1a: Dragonite|Ice Spinner|p2a: Rillaboom
|-supereffective|p2a: Rillaboom
|-damage|p2a: Rillaboom|9/100
|-fieldend|move: Grassy Terrain
|move|p2a: Rillaboom|U-turn|p1a: Dragonite
|-resisted|p1a: Dragonite
|-damage|p1a: Dragonite|94/100
|inactive|Xaldyn&Rhapsodie has 90 seconds left.
|
|t:|1781535624
|switch|p2a: Dopamine Dorito|Iron Moth|100/100|[from] U-turn
|-enditem|p2a: Dopamine Dorito|Booster Energy
|-activate|p2a: Dopamine Dorito|ability: Quark Drive|[fromitem]
|-start|p2a: Dopamine Dorito|quarkdrivespe
|
|upkeep
|turn|2
|
|t:|1781535642
|switch|p1a: Primarina|Primarina, M|100/100
|move|p2a: Dopamine Dorito|Sludge Wave|p1a: Primarina
|-supereffective|p1a: Primarina
|-damage|p1a: Primarina|27/100
|
|-heal|p1a: Primarina|33/100|[from] item: Leftovers
|upkeep
|turn|3
|
|t:|1781535651
|switch|p1a: Iron Crown|Iron Crown|100/100
|move|p2a: Dopamine Dorito|Sludge Wave|p1a: Iron Crown
|-immune|p1a: Iron Crown
|
|upkeep
|turn|4
|
|t:|1781535666
|move|p2a: Dopamine Dorito|Fiery Dance|p1a: Iron Crown
|-supereffective|p1a: Iron Crown
|-damage|p1a: Iron Crown|13/100
|move|p1a: Iron Crown|Psychic Noise|p2a: Dopamine Dorito
|-supereffective|p2a: Dopamine Dorito
|-damage|p2a: Dopamine Dorito|0 fnt
|faint|p2a: Dopamine Dorito
|-end|p2a: Dopamine Dorito|Quark Drive|[silent]
|
|upkeep
|inactive|Xaldyn&Rhapsodie has 90 seconds left.
|
|t:|1781535685
|switch|p2a: Rillaboom|Rillaboom, F|9/100
|-fieldstart|move: Grassy Terrain|[from] ability: Grassy Surge|[of] p2a: Rillaboom
|turn|5
|
|t:|1781535690
|-end|p1a: Iron Crown|Quark Drive|[silent]
|switch|p1a: Great Tusk|Great Tusk|100/100
|move|p2a: Rillaboom|Grassy Glide|p1a: Great Tusk
|-supereffective|p1a: Great Tusk
|-damage|p1a: Great Tusk|44/100
|-damage|p2a: Rillaboom|0 fnt|[from] item: Rocky Helmet|[of] p1a: Great Tusk
|faint|p2a: Rillaboom
|
|-heal|p1a: Great Tusk|50/100|[from] Grassy Terrain
|upkeep
|inactive|Xaldyn&Rhapsodie has 90 seconds left.
|
|t:|1781535710
|switch|p2a: El Contrabandista|Hawlucha, F|100/100
|-enditem|p2a: El Contrabandista|Grassy Seed
|-boost|p2a: El Contrabandista|def|1|[from] item: Grassy Seed
|turn|6
|inactive|Phantasmiccat has 120 seconds left.
|inactive|Phantasmiccat has 90 seconds left.
|
|t:|1781535791
|move|p2a: El Contrabandista|Acrobatics|p1a: Great Tusk
|-supereffective|p1a: Great Tusk
|-damage|p1a: Great Tusk|0 fnt
|-damage|p2a: El Contrabandista|84/100|[from] item: Rocky Helmet|[of] p1a: Great Tusk
|faint|p1a: Great Tusk
|-end|p1a: Great Tusk|Protosynthesis|[silent]
|
|upkeep
|inactive|Phantasmiccat has 60 seconds left.
|
|t:|1781535821
|switch|p1a: Dragonite|Dragonite, F|94/100
|turn|7
|inactive|Xaldyn&Rhapsodie has 90 seconds left.
|
|t:|1781535835
|move|p2a: El Contrabandista|Close Combat|p1a: Dragonite
|-resisted|p1a: Dragonite
|-damage|p1a: Dragonite|66/100
|-unboost|p2a: El Contrabandista|def|1
|-unboost|p2a: El Contrabandista|spd|1
|move|p1a: Dragonite|Ice Spinner|p2a: El Contrabandista
|-supereffective|p2a: El Contrabandista
|-damage|p2a: El Contrabandista|0 fnt
|-fieldend|move: Grassy Terrain
|faint|p2a: El Contrabandista
|
|upkeep
|
|t:|1781535851
|switch|p2a: Kingambitch|Kingambit, F|100/100
|-activate|p2a: Kingambitch|ability: Supreme Overlord
|-start|p2a: Kingambitch|fallen3|[silent]
|turn|8
|inactive|Phantasmiccat has 60 seconds left.
|
|t:|1781535862
|switch|p1a: Primarina|Primarina, M|33/100
|move|p2a: Kingambitch|Swords Dance|p2a: Kingambitch
|-boost|p2a: Kingambitch|atk|2
|
|-heal|p1a: Primarina|39/100|[from] item: Leftovers
|upkeep
|turn|9
|
|t:|1781535867
|move|p2a: Kingambitch|Kowtow Cleave|p1a: Primarina
|-resisted|p1a: Primarina
|-damage|p1a: Primarina|0 fnt
|faint|p1a: Primarina
|
|upkeep
|
|t:|1781535871
|switch|p1a: Iron Moth|Iron Moth|100/100
|-enditem|p1a: Iron Moth|Booster Energy
|-activate|p1a: Iron Moth|ability: Quark Drive|[fromitem]
|-start|p1a: Iron Moth|quarkdrivespe
|turn|10
|
|t:|1781535879
|-terastallize|p2a: Kingambitch|Fire
|move|p1a: Iron Moth|Substitute|p1a: Iron Moth
|-start|p1a: Iron Moth|Substitute
|-damage|p1a: Iron Moth|76/100
|move|p2a: Kingambitch|Kowtow Cleave|p1a: Iron Moth
|-end|p1a: Iron Moth|Substitute
|
|upkeep
|turn|11
|
|t:|1781535885
|move|p1a: Iron Moth|Substitute|p1a: Iron Moth
|-start|p1a: Iron Moth|Substitute
|-damage|p1a: Iron Moth|51/100
|move|p2a: Kingambitch|Kowtow Cleave|p1a: Iron Moth
|-end|p1a: Iron Moth|Substitute
|
|upkeep
|turn|12
|
|t:|1781535887
|move|p1a: Iron Moth|Sludge Wave|p2a: Kingambitch
|-damage|p2a: Kingambitch|50/100
|-status|p2a: Kingambitch|psn
|move|p2a: Kingambitch|Kowtow Cleave|p1a: Iron Moth
|-damage|p1a: Iron Moth|0 fnt
|faint|p1a: Iron Moth
|-end|p1a: Iron Moth|Quark Drive|[silent]
|
|-damage|p2a: Kingambitch|38/100 psn|[from] psn
|upkeep
|
|t:|1781535894
|switch|p1a: Dragonite|Dragonite, F|66/100
|turn|13
|
|t:|1781535905
|-end|p2a: Kingambitch|fallen3|[silent]
|switch|p2a: Landorus|Landorus-Therian, M|100/100
|-ability|p2a: Landorus|Intimidate|boost
|-unboost|p1a: Dragonite|atk|1
|move|p1a: Dragonite|Extreme Speed|p2a: Landorus
|-damage|p2a: Landorus|69/100
|-damage|p1a: Dragonite|49/100|[from] item: Rocky Helmet|[of] p2a: Landorus
|
|upkeep
|turn|14
|
|t:|1781535916
|switch|p1a: Ogerpon|Ogerpon, F|100/100
|move|p2a: Landorus|U-turn|p1a: Ogerpon
|-supereffective|p1a: Ogerpon
|-damage|p1a: Ogerpon|41/100
|
|t:|1781535931
|switch|p2a: Kingambitch|Kingambit, F, tera:Fire|38/100 psn|[from] U-turn
|-activate|p2a: Kingambitch|ability: Supreme Overlord
|-start|p2a: Kingambitch|fallen3|[silent]
|
|-damage|p2a: Kingambitch|25/100 psn|[from] psn
|upkeep
|turn|15
|inactive|Phantasmiccat has 120 seconds left.
|
|t:|1781535944
|move|p1a: Ogerpon|Knock Off|p2a: Kingambitch
|-damage|p2a: Kingambitch|1/100 psn
|-enditem|p2a: Kingambitch|Black Glasses|[from] move: Knock Off|[of] p1a: Ogerpon
|move|p2a: Kingambitch|Kowtow Cleave|p1a: Ogerpon
|-damage|p1a: Ogerpon|0 fnt
|faint|p1a: Ogerpon
|
|-damage|p2a: Kingambitch|0 fnt|[from] psn
|faint|p2a: Kingambitch
|-end|p2a: Kingambitch|fallen3|[silent]
|upkeep
|inactive|Xaldyn&Rhapsodie has 120 seconds left.
|
|t:|1781535981
|switch|p1a: Iron Crown|Iron Crown|13/100
|switch|p2a: Rhapsodie|Gardevoir, F, shiny|100/100
|turn|16
|-message|Xaldyn&Rhapsodie forfeited.
|
|win|Phantasmiccat
|raw|Phantasmiccat's rating: 1583 &rarr; <strong>1602</strong><br />(+19 for winning)
|raw|Xaldyn&amp;Rhapsodie's rating: 1563 &rarr; <strong>1544</strong><br />(-19 for losing)
|l|☆Xaldyn&Rhapsodie
|player|p2|
|l|☆Phantasmiccat
|player|p1|
