|j|☆icylikedecember
|j|☆Superhjkdetective
|t:|1781259505
|gametype|singles
|player|p1|icylikedecember|smasher|1691
|player|p2|Superhjkdetective|1|1693
|gen|9
|tier|[Gen 9] OU
|rated|
|rule|HP Percentage Mod: HP is shown in percentages
|rule|Endless Battle Clause: Forcing endless battles is banned
|rule|Species Clause: Limit one of each Pokémon
|rule|OHKO Clause: OHKO moves are banned
|rule|Evasion Items Clause: Evasion items are banned
|rule|Evasion Moves Clause: Evasion moves are banned
|rule|Evasion Abilities Clause: Evasion abilities are banned
|rule|Sleep Moves Clause: Sleep-inducing moves are banned
|clearpoke
|poke|p1|Corviknight, M|
|poke|p1|Slowking-Galar, F|
|poke|p1|Darkrai|
|poke|p1|Kyurem|
|poke|p1|Zamazenta-*|
|poke|p1|Crawdaunt, M|
|poke|p2|Ninetales, M|
|poke|p2|Ceruledge, M|
|poke|p2|Great Tusk|
|poke|p2|Hatterene, F|
|poke|p2|Walking Wake|
|poke|p2|Raging Bolt|
|teampreview
|inactive|Battle timer is ON: inactive players will automatically lose when time's up. (requested by icylikedecember)
|inactive|Superhjkdetective also wants the timer to be on.
|
|t:|1781259532
|teamsize|p1|6
|teamsize|p2|6
|start
|switch|p1a: Kyurem|Kyurem|100/100
|switch|p2a: Ninetales|Ninetales, M|100/100
|-weather|SunnyDay|[from] ability: Drought|[of] p2a: Ninetales
|-ability|p1a: Kyurem|Pressure
|turn|1
|
|t:|1781259541
|move|p2a: Ninetales|Will-O-Wisp|p1a: Kyurem
|-status|p1a: Kyurem|brn
|move|p1a: Kyurem|Earth Power|p2a: Ninetales
|-supereffective|p2a: Ninetales
|-damage|p2a: Ninetales|0 fnt
|faint|p2a: Ninetales
|
|-weather|SunnyDay|[upkeep]
|-damage|p1a: Kyurem|94/100 brn|[from] brn
|upkeep
|
|t:|1781259557
|switch|p2a: Walking Wake|Walking Wake|100/100
|-activate|p2a: Walking Wake|ability: Protosynthesis
|-start|p2a: Walking Wake|protosynthesisspe
|turn|2
|j| Puyu paz
|
|t:|1781259563
|switch|p1a: Slowking|Slowking-Galar, F, shiny|100/100
|move|p2a: Walking Wake|Hydro Steam|p1a: Slowking
|-damage|p1a: Slowking|58/100
|
|-weather|SunnyDay|[upkeep]
|upkeep
|turn|3
|
|t:|1781259572
|-terastallize|p2a: Walking Wake|Water
|-terastallize|p1a: Slowking|Grass
|move|p2a: Walking Wake|Hydro Steam|p1a: Slowking
|-resisted|p1a: Slowking
|-damage|p1a: Slowking|30/100
|move|p1a: Slowking|Sludge Bomb|p2a: Walking Wake
|-damage|p2a: Walking Wake|49/100
|
|-weather|SunnyDay|[upkeep]
|upkeep
|turn|4
|
|t:|1781259586
|switch|p1a: Corviknight|Corviknight, M, shiny|100/100
|-ability|p1a: Corviknight|Pressure
|move|p2a: Walking Wake|Hydro Steam|p1a: Corviknight
|-damage|p1a: Corviknight|0 fnt
|faint|p1a: Corviknight
|
|-weather|SunnyDay|[upkeep]
|upkeep
|
|t:|1781259595
|switch|p1a: Slowking|Slowking-Galar, F, shiny, tera:Grass|63/100
|turn|5
|
|t:|1781259601
|-end|p2a: Walking Wake|Protosynthesis|[silent]
|switch|p2a: Hatterene|Hatterene, F|100/100
|move|p1a: Slowking|Sludge Bomb|p2a: Hatterene
|-supereffective|p2a: Hatterene
|-damage|p2a: Hatterene|8/100
|-enditem|p2a: Hatterene|Eject Button
|
|t:|1781259609
|switch|p2a: Great Tusk|Great Tusk|100/100
|-activate|p2a: Great Tusk|ability: Protosynthesis
|-start|p2a: Great Tusk|protosynthesisatk
|
|-weather|SunnyDay|[upkeep]
|upkeep
|turn|6
|
|t:|1781259622
|switch|p1a: Crawdaunt|Crawdaunt, M|100/100
|move|p2a: Great Tusk|Stealth Rock|p1a: Crawdaunt
|-sidestart|p1: icylikedecember|move: Stealth Rock
|
|-weather|SunnyDay|[upkeep]
|upkeep
|turn|7
|
|t:|1781259639
|switch|p1a: Zamazenta|Zamazenta|100/100
|-damage|p1a: Zamazenta|94/100|[from] Stealth Rock
|-ability|p1a: Zamazenta|Dauntless Shield|boost
|-boost|p1a: Zamazenta|def|1
|move|p2a: Great Tusk|Headlong Rush|p1a: Zamazenta
|-damage|p1a: Zamazenta|55/100
|-unboost|p2a: Great Tusk|def|1
|-unboost|p2a: Great Tusk|spd|1
|
|-weather|SunnyDay|[upkeep]
|-heal|p1a: Zamazenta|62/100|[from] item: Leftovers
|upkeep
|turn|8
|
|t:|1781259650
|-end|p2a: Great Tusk|Protosynthesis|[silent]
|switch|p2a: Hatterene|Hatterene, F|8/100
|move|p1a: Zamazenta|Body Press|p2a: Hatterene
|-resisted|p2a: Hatterene
|-damage|p2a: Hatterene|0 fnt
|faint|p2a: Hatterene
|
|-weather|none
|-heal|p1a: Zamazenta|68/100|[from] item: Leftovers
|upkeep
|
|t:|1781259653
|switch|p2a: Raging Bolt|Raging Bolt|100/100
|turn|9
|j| liechiteladihul
|
|t:|1781259674
|switch|p1a: Slowking|Slowking-Galar, F, shiny, tera:Grass|96/100
|-damage|p1a: Slowking|84/100|[from] Stealth Rock
|move|p2a: Raging Bolt|Thunderbolt|p1a: Slowking
|-resisted|p1a: Slowking
|-damage|p1a: Slowking|67/100
|-damage|p2a: Raging Bolt|90/100|[from] item: Life Orb
|
|upkeep
|turn|10
|l|☆Superhjkdetective
|inactive|Superhjkdetective disconnected and has a minute to reconnect!
|player|p2|
|inactive|Superhjkdetective has 30 seconds to reconnect!
|inactive|Superhjkdetective has 20 seconds to reconnect!
|inactive|Superhjkdetective has 15 seconds to reconnect!
|inactive|Superhjkdetective has 10 seconds to reconnect!
|inactive|Superhjkdetective has 5 seconds to reconnect!
|-message|Superhjkdetective lost due to inactivity.
|
|win|icylikedecember
|raw|icylikedecember's rating: 1691 &rarr; <strong>1711</strong><br />(+20 for winning)
|raw|Superhjkdetective's rating: 1693 &rarr; <strong>1673</strong><br />(-20 for losing)
|l|☆icylikedecember
|player|p1|
|l| Puyu paz
|l| liechiteladihul
|j|☆Superhjkdetective
|player|p2|Superhjkdetective|1|
|l|☆Superhjkdetective
|player|p2|
