|j|☆KurisuChestnutOU
|j|‽thunderingtiger
|t:|1781165192
|gametype|singles
|player|p1|KurisuChestnutOU|may-contest|1572
|player|p2|thunderingtiger|roxie-masters|1581
|gen|9
|tier|[Gen 9] OU
|rated|
|rule|HP Percentage Mod: HP is shown in percentages
|rule|Endless Battle Clause: Forcing endless battles is banned
|rule|Species Clause: Limit one of each Pokémon
|rule|OHKO Clause: OHKO moves are banned
|rule|Evasion Items Clause: Evasion items are banned
|rule|Evasion Moves Clause: Evasion moves are banned
|rule|Evasion Abilities Clause: Evasion abilities are banned
|rule|Sleep Moves Clause: Sleep-inducing moves are banned
|clearpoke
|poke|p1|Zamazenta-*|
|poke|p1|Zapdos|
|poke|p1|Garganacl, F|
|poke|p1|Clefable, M|
|poke|p1|Samurott-Hisui, F|
|poke|p1|Gholdengo|
|poke|p2|Iron Moth|
|poke|p2|Gliscor, M|
|poke|p2|Hatterene, F|
|poke|p2|Ogerpon-Wellspring, F|
|poke|p2|Raging Bolt|
|poke|p2|Zamazenta-*|
|teampreview
|inactive|Battle timer is ON: inactive players will automatically lose when time's up. (requested by KurisuChestnutOU)
|j| ILoveGardevoirRah
|
|t:|1781165207
|teamsize|p1|6
|teamsize|p2|6
|start
|switch|p1a: Garganacl|Garganacl, F|100/100
|switch|p2a: Zamazenta|Zamazenta|100/100
|-ability|p2a: Zamazenta|Dauntless Shield|boost
|-boost|p2a: Zamazenta|def|1
|turn|1
|
|t:|1781165217
|move|p2a: Zamazenta|Close Combat|p1a: Garganacl
|-supereffective|p1a: Garganacl
|-damage|p1a: Garganacl|32/100
|-unboost|p2a: Zamazenta|def|1
|-unboost|p2a: Zamazenta|spd|1
|move|p1a: Garganacl|Stealth Rock|p2a: Zamazenta
|-sidestart|p2: thunderingtiger|move: Stealth Rock
|
|-heal|p1a: Garganacl|38/100|[from] item: Leftovers
|upkeep
|turn|2
|
|t:|1781165227
|switch|p1a: Gholdengo|Gholdengo|100/100
|move|p2a: Zamazenta|Close Combat|p1a: Gholdengo
|-immune|p1a: Gholdengo
|
|upkeep
|turn|3
|
|t:|1781165236
|move|p1a: Gholdengo|Make It Rain|p2a: Zamazenta
|-damage|p2a: Zamazenta|29/100
|-unboost|p1a: Gholdengo|spa|1
|move|p2a: Zamazenta|Light Screen|p2a: Zamazenta
|-sidestart|p2: thunderingtiger|move: Light Screen
|
|upkeep
|turn|4
|c| ILoveGardevoirRah|[[A Perfect Circle - Counting Bodies Like Sheep To The Rhythm Of The War Drums]]
|
|t:|1781165249
|switch|p2a: Iron Moth|Iron Moth|100/100
|-damage|p2a: Iron Moth|76/100|[from] Stealth Rock
|-enditem|p2a: Iron Moth|Booster Energy
|-activate|p2a: Iron Moth|ability: Quark Drive|[fromitem]
|-start|p2a: Iron Moth|quarkdrivespe
|move|p1a: Gholdengo|Make It Rain|p2a: Iron Moth
|-resisted|p2a: Iron Moth
|-damage|p2a: Iron Moth|65/100
|-unboost|p1a: Gholdengo|spa|1
|
|upkeep
|turn|5
|
|t:|1781165257
|switch|p1a: Garganacl|Garganacl, F|38/100
|move|p2a: Iron Moth|Toxic Spikes|p1a: Garganacl
|-sidestart|p1: KurisuChestnutOU|move: Toxic Spikes
|
|-heal|p1a: Garganacl|44/100|[from] item: Leftovers
|upkeep
|turn|6
|
|t:|1781165280
|move|p1a: Garganacl|Salt Cure|p2a: Iron Moth
|-supereffective|p2a: Iron Moth
|-damage|p2a: Iron Moth|21/100
|-start|p2a: Iron Moth|Salt Cure
|move|p2a: Iron Moth|Whirlwind|p1a: Garganacl
|drag|p1a: Zapdos|Zapdos|100/100
|
|-damage|p2a: Iron Moth|9/100|[from] Salt Cure
|upkeep
|turn|7
|
|t:|1781165286
|switch|p1a: Garganacl|Garganacl, F|44/100
|move|p2a: Iron Moth|Sludge Wave|p1a: Garganacl
|-resisted|p1a: Garganacl
|-damage|p1a: Garganacl|28/100
|
|-heal|p1a: Garganacl|35/100|[from] item: Leftovers
|-damage|p2a: Iron Moth|0 fnt|[from] Salt Cure
|faint|p2a: Iron Moth
|-end|p2a: Iron Moth|Quark Drive|[silent]
|upkeep
|
|t:|1781165289
|switch|p2a: Ogerpon|Ogerpon-Wellspring, F|100/100
|-damage|p2a: Ogerpon|88/100|[from] Stealth Rock
|turn|8
|j| Easontom
|
|t:|1781165296
|switch|p1a: Zapdos|Zapdos|100/100
|move|p2a: Ogerpon|Ivy Cudgel|p1a: Zapdos|[anim] Ivy Cudgel Water
|-damage|p1a: Zapdos|56/100
|
|upkeep
|turn|9
|
|t:|1781165303
|switch|p2a: Raging Bolt|Raging Bolt|100/100
|-damage|p2a: Raging Bolt|88/100|[from] Stealth Rock
|-enditem|p2a: Raging Bolt|Booster Energy
|-activate|p2a: Raging Bolt|ability: Protosynthesis|[fromitem]
|-start|p2a: Raging Bolt|protosynthesisspa
|move|p1a: Zapdos|Volt Switch|p2a: Raging Bolt
|-resisted|p2a: Raging Bolt
|-damage|p2a: Raging Bolt|84/100
|
|t:|1781165307
|switch|p1a: Zamazenta|Zamazenta|100/100|[from] Volt Switch
|-status|p1a: Zamazenta|psn
|-ability|p1a: Zamazenta|Dauntless Shield|boost
|-boost|p1a: Zamazenta|def|1
|
|-damage|p1a: Zamazenta|88/100 psn|[from] psn
|upkeep
|turn|10
|
|t:|1781165325
|switch|p1a: Clefable|Clefable, M|100/100
|move|p2a: Raging Bolt|Thunderbolt|p1a: Clefable
|-damage|p1a: Clefable|40/100
|
|-sideend|p2: thunderingtiger|move: Light Screen
|upkeep
|turn|11
|
|t:|1781165331
|switch|p1a: Zamazenta|Zamazenta|88/100 psn
|move|p2a: Raging Bolt|Thunderbolt|p1a: Zamazenta
|-damage|p1a: Zamazenta|38/100 psn
|
|-heal|p1a: Zamazenta|44/100 psn|[from] item: Leftovers
|-damage|p1a: Zamazenta|31/100 psn|[from] psn
|upkeep
|turn|12
|c| ILoveGardevoirRah|same vocalist as TOOL, interesting
|
|t:|1781165341
|move|p1a: Zamazenta|Body Press|p2a: Raging Bolt
|-damage|p2a: Raging Bolt|57/100
|move|p2a: Raging Bolt|Thunderbolt|p1a: Zamazenta
|-damage|p1a: Zamazenta|0 fnt
|faint|p1a: Zamazenta
|
|upkeep
|
|t:|1781165348
|switch|p1a: Gholdengo|Gholdengo|100/100
|turn|13
|
|t:|1781165375
|-end|p2a: Raging Bolt|Protosynthesis|[silent]
|switch|p2a: Hatterene|Hatterene, F|100/100
|-damage|p2a: Hatterene|88/100|[from] Stealth Rock
|move|p1a: Gholdengo|Dazzling Gleam|p2a: Hatterene
|-damage|p2a: Hatterene|60/100
|
|-heal|p2a: Hatterene|66/100|[from] item: Leftovers
|upkeep
|turn|14
|
|t:|1781165384
|move|p1a: Gholdengo|Dazzling Gleam|p2a: Hatterene
|-damage|p2a: Hatterene|38/100
|move|p2a: Hatterene|Calm Mind|p2a: Hatterene
|-boost|p2a: Hatterene|spa|1
|-boost|p2a: Hatterene|spd|1
|
|-heal|p2a: Hatterene|44/100|[from] item: Leftovers
|upkeep
|turn|15
|
|t:|1781165391
|switch|p1a: Garganacl|Garganacl, F|35/100
|move|p2a: Hatterene|Mystical Fire|p1a: Garganacl
|-resisted|p1a: Garganacl
|-damage|p1a: Garganacl|25/100
|-unboost|p1a: Garganacl|spa|1
|
|-heal|p1a: Garganacl|31/100|[from] item: Leftovers
|-heal|p2a: Hatterene|50/100|[from] item: Leftovers
|upkeep
|turn|16
|
|t:|1781165403
|move|p1a: Garganacl|Salt Cure|p2a: Hatterene
|-damage|p2a: Hatterene|38/100
|-start|p2a: Hatterene|Salt Cure
|move|p2a: Hatterene|Calm Mind|p2a: Hatterene
|-boost|p2a: Hatterene|spa|1
|-boost|p2a: Hatterene|spd|1
|
|-heal|p1a: Garganacl|37/100|[from] item: Leftovers
|-heal|p2a: Hatterene|44/100|[from] item: Leftovers
|-damage|p2a: Hatterene|31/100|[from] Salt Cure
|upkeep
|turn|17
|
|t:|1781165412
|move|p1a: Garganacl|Earthquake|p2a: Hatterene
|-damage|p2a: Hatterene|13/100
|move|p2a: Hatterene|Stored Power|p1a: Garganacl
|-damage|p1a: Garganacl|0 fnt
|faint|p1a: Garganacl
|
|-heal|p2a: Hatterene|19/100|[from] item: Leftovers
|-damage|p2a: Hatterene|7/100|[from] Salt Cure
|upkeep
|
|t:|1781165416
|switch|p1a: Clefable|Clefable, M|40/100
|turn|18
|
|t:|1781165422
|move|p1a: Clefable|Moonlight|p1a: Clefable
|-heal|p1a: Clefable|90/100
|move|p2a: Hatterene|Draining Kiss|p1a: Clefable
|-damage|p1a: Clefable|70/100
|-heal|p2a: Hatterene|26/100|[from] drain|[of] p1a: Clefable
|
|-heal|p2a: Hatterene|32/100|[from] item: Leftovers
|-damage|p2a: Hatterene|19/100|[from] Salt Cure
|upkeep
|turn|19
|
|t:|1781165430
|move|p1a: Clefable|Moonblast|p2a: Hatterene
|-damage|p2a: Hatterene|0 fnt
|faint|p2a: Hatterene
|
|upkeep
|
|t:|1781165438
|switch|p2a: Zamazenta|Zamazenta|29/100
|-damage|p2a: Zamazenta|23/100|[from] Stealth Rock
|turn|20
|
|t:|1781165445
|move|p2a: Zamazenta|Light Screen|p2a: Zamazenta
|-sidestart|p2: thunderingtiger|move: Light Screen
|move|p1a: Clefable|Moonlight|p1a: Clefable
|-heal|p1a: Clefable|100/100
|
|upkeep
|turn|21
|
|t:|1781165450
|move|p2a: Zamazenta|Reflect|p2a: Zamazenta
|-sidestart|p2: thunderingtiger|Reflect
|move|p1a: Clefable|Knock Off|p2a: Zamazenta
|-resisted|p2a: Zamazenta
|-damage|p2a: Zamazenta|20/100
|-enditem|p2a: Zamazenta|Light Clay|[from] move: Knock Off|[of] p1a: Clefable
|
|upkeep
|turn|22
|
|t:|1781165459
|move|p2a: Zamazenta|Ice Fang|p1a: Clefable|[miss]
|-miss|p2a: Zamazenta|p1a: Clefable
|move|p1a: Clefable|Moonblast|p2a: Zamazenta
|-supereffective|p2a: Zamazenta
|-damage|p2a: Zamazenta|0 fnt
|faint|p2a: Zamazenta
|
|upkeep
|
|t:|1781165463
|switch|p2a: Gliscor|Gliscor, M|100/100
|-damage|p2a: Gliscor|88/100|[from] Stealth Rock
|turn|23
|
|t:|1781165469
|switch|p2a: Ogerpon|Ogerpon-Wellspring, F|88/100
|-damage|p2a: Ogerpon|76/100|[from] Stealth Rock
|move|p1a: Clefable|Knock Off|p2a: Ogerpon
|-damage|p2a: Ogerpon|70/100
|
|upkeep
|turn|24
|
|t:|1781165472
|move|p2a: Ogerpon|Encore|p1a: Clefable
|-start|p1a: Clefable|Encore
|move|p1a: Clefable|Knock Off|p2a: Ogerpon
|-damage|p2a: Ogerpon|63/100
|
|upkeep
|turn|25
|
|t:|1781165476
|switch|p1a: Zapdos|Zapdos|56/100
|move|p2a: Ogerpon|Swords Dance|p2a: Ogerpon
|-boost|p2a: Ogerpon|atk|2
|
|upkeep
|turn|26
|
|t:|1781165482
|move|p2a: Ogerpon|Ivy Cudgel|p1a: Zapdos|[anim] Ivy Cudgel Water
|-damage|p1a: Zapdos|0 fnt
|faint|p1a: Zapdos
|
|upkeep
|
|t:|1781165488
|switch|p1a: Samurott|Samurott-Hisui, F|100/100
|-status|p1a: Samurott|psn
|turn|27
|
|t:|1781165492
|move|p1a: Samurott|Ceaseless Edge|p2a: Ogerpon
|-damage|p2a: Ogerpon|34/100
|-sidestart|p2: thunderingtiger|Spikes
|move|p2a: Ogerpon|Trailblaze|p1a: Samurott
|-supereffective|p1a: Samurott
|-damage|p1a: Samurott|0 fnt
|-boost|p2a: Ogerpon|spe|1
|faint|p1a: Samurott
|
|-sideend|p2: thunderingtiger|move: Light Screen
|upkeep
|
|t:|1781165497
|switch|p1a: Clefable|Clefable, M|100/100
|turn|28
|
|t:|1781165502
|-terastallize|p2a: Ogerpon|Water
|detailschange|p2a: Ogerpon|Ogerpon-Wellspring-Tera, F, tera:Water
|-ability|p2a: Ogerpon|Embody Aspect (Wellspring)|boost
|-boost|p2a: Ogerpon|spd|1
|move|p2a: Ogerpon|Ivy Cudgel|p1a: Clefable|[anim] Ivy Cudgel Water
|-damage|p1a: Clefable|33/100
|move|p1a: Clefable|Moonblast|p2a: Ogerpon
|-damage|p2a: Ogerpon|0 fnt
|faint|p2a: Ogerpon
|detailschange|p2: Ogerpon|Ogerpon-Wellspring, F|[silent]
|
|-sideend|p2: thunderingtiger|Reflect
|upkeep
|j| PTfls
|
|t:|1781165520
|switch|p2a: Raging Bolt|Raging Bolt|57/100
|-damage|p2a: Raging Bolt|44/100|[from] Stealth Rock
|-damage|p2a: Raging Bolt|32/100|[from] Spikes
|turn|29
|
|t:|1781165524
|move|p2a: Raging Bolt|Thunderbolt|p1a: Clefable
|-damage|p1a: Clefable|0 fnt
|faint|p1a: Clefable
|
|upkeep
|
|t:|1781165527
|switch|p1a: Gholdengo|Gholdengo|100/100
|turn|30
|
|t:|1781165533
|move|p2a: Raging Bolt|Thunderclap|p1a: Gholdengo
|-damage|p1a: Gholdengo|54/100
|move|p1a: Gholdengo|Shadow Ball|p2a: Raging Bolt
|-damage|p2a: Raging Bolt|0 fnt
|faint|p2a: Raging Bolt
|-end|p2a: Raging Bolt|Protosynthesis|[silent]
|
|upkeep
|
|t:|1781165537
|switch|p2a: Gliscor|Gliscor, M|88/100
|-damage|p2a: Gliscor|76/100|[from] Stealth Rock
|turn|31
|
|t:|1781165543
|-terastallize|p1a: Gholdengo|Flying
|move|p1a: Gholdengo|Shadow Ball|p2a: Gliscor
|-damage|p2a: Gliscor|19/100
|move|p2a: Gliscor|Earthquake|p1a: Gholdengo
|-immune|p1a: Gholdengo
|
|-status|p2a: Gliscor|tox|[from] item: Toxic Orb
|upkeep
|turn|32
|
|t:|1781165551
|move|p1a: Gholdengo|Shadow Ball|p2a: Gliscor
|-damage|p2a: Gliscor|0 fnt
|faint|p2a: Gliscor
|
|win|KurisuChestnutOU
|raw|KurisuChestnutOU's rating: 1621 &rarr; <strong>1639</strong><br />(+18 for winning)
|raw|thunderingtiger's rating: 1581 &rarr; <strong>1563</strong><br />(-18 for losing)
