|badge|p1|bronze|gen9ou|100-9
|uhtml|medal-msg|<div class="broadcast-blue">Curious what those medals under the avatar are? PS now has Ladder Seasons! For more information, check out the <a href="https://www.smogon.com/forums/threads/3740067/">thread on Smogon.</a></div>
|badge|p2|bronze|gen9ou|100-9
|uhtml|medal-msg|<div class="broadcast-blue">Curious what those medals under the avatar are? PS now has Ladder Seasons! For more information, check out the <a href="https://www.smogon.com/forums/threads/3740067/">thread on Smogon.</a></div>
|j|☆Ctannn
|j|☆phreshoatmeal
|t:|1781576258
|gametype|singles
|player|p1|Ctannn|265|1856
|player|p2|phreshoatmeal|266|1835
|gen|9
|tier|[Gen 9] OU
|rated|
|rule|HP Percentage Mod: HP is shown in percentages
|rule|Endless Battle Clause: Forcing endless battles is banned
|rule|Species Clause: Limit one of each Pokémon
|rule|OHKO Clause: OHKO moves are banned
|rule|Evasion Items Clause: Evasion items are banned
|rule|Evasion Moves Clause: Evasion moves are banned
|rule|Evasion Abilities Clause: Evasion abilities are banned
|rule|Sleep Moves Clause: Sleep-inducing moves are banned
|clearpoke
|poke|p1|Rillaboom, F|
|poke|p1|Garganacl, F|
|poke|p1|Cinderace, M|
|poke|p1|Raging Bolt|
|poke|p1|Slowking-Galar, M|
|poke|p1|Landorus-Therian, M|
|poke|p2|Tyranitar, M|
|poke|p2|Excadrill, F|
|poke|p2|Hatterene, F|
|poke|p2|Iron Valiant|
|poke|p2|Amoonguss, F|
|poke|p2|Alomomola, M|
|teampreview
|inactive|Battle timer is ON: inactive players will automatically lose when time's up. (requested by Ctannn)
|inactive|phreshoatmeal has 120 seconds left.
|j| Mega Delibird X
|
|t:|1781576317
|teamsize|p1|6
|teamsize|p2|6
|start
|switch|p1a: Landorus|Landorus-Therian, M|100/100
|switch|p2a: Tyranitar|Tyranitar, M|100/100
|-ability|p1a: Landorus|Intimidate|boost
|-unboost|p2a: Tyranitar|atk|1
|-weather|Sandstorm|[from] ability: Sand Stream|[of] p2a: Tyranitar
|turn|1
|
|t:|1781576330
|switch|p2a: Hatterene|Hatterene, F|100/100
|move|p1a: Landorus|Earthquake|p2a: Hatterene
|-damage|p2a: Hatterene|65/100
|
|-weather|Sandstorm|[upkeep]
|-damage|p2a: Hatterene|59/100|[from] Sandstorm
|-heal|p2a: Hatterene|65/100|[from] item: Leftovers
|upkeep
|turn|2
|
|t:|1781576343
|move|p1a: Landorus|Earthquake|p2a: Hatterene
|-damage|p2a: Hatterene|26/100
|move|p2a: Hatterene|Pain Split|p1a: Landorus
|-sethp|p1a: Landorus|61/100|[from] move: Pain Split|[silent]
|-sethp|p2a: Hatterene|73/100|[from] move: Pain Split
|
|-weather|Sandstorm|[upkeep]
|-damage|p2a: Hatterene|67/100|[from] Sandstorm
|-heal|p2a: Hatterene|73/100|[from] item: Leftovers
|upkeep
|turn|3
|inactive|phreshoatmeal has 120 seconds left.
|inactive|phreshoatmeal has 90 seconds left.
|
|t:|1781576404
|switch|p2a: Alomomola|Alomomola, M|100/100
|move|p1a: Landorus|Earthquake|p2a: Alomomola
|-damage|p2a: Alomomola|70/100
|-enditem|p2a: Alomomola|Eject Button
|inactive|phreshoatmeal has 90 seconds left.
|
|t:|1781576415
|switch|p2a: Excadrill|Excadrill, F|100/100
|
|-weather|Sandstorm|[upkeep]
|upkeep
|turn|4
|
|t:|1781576419
|switch|p1a: Slowking|Slowking-Galar, M|100/100
|move|p2a: Excadrill|Iron Head|p1a: Slowking
|-damage|p1a: Slowking|46/100
|-damage|p2a: Excadrill|84/100|[from] item: Rocky Helmet|[of] p1a: Slowking
|
|-weather|Sandstorm|[upkeep]
|-damage|p1a: Slowking|40/100|[from] Sandstorm
|upkeep
|turn|5
|
|t:|1781576424
|switch|p1a: Landorus|Landorus-Therian, M|61/100
|-ability|p1a: Landorus|Intimidate|boost
|-unboost|p2a: Excadrill|atk|1
|move|p2a: Excadrill|Iron Head|p1a: Landorus
|-damage|p1a: Landorus|25/100
|-damage|p2a: Excadrill|67/100|[from] item: Rocky Helmet|[of] p1a: Landorus
|
|-weather|Sandstorm|[upkeep]
|upkeep
|turn|6
|
|t:|1781576426
|switch|p1a: Slowking|Slowking-Galar, M|73/100
|move|p2a: Excadrill|Iron Head|p1a: Slowking
|-damage|p1a: Slowking|39/100
|-damage|p2a: Excadrill|51/100|[from] item: Rocky Helmet|[of] p1a: Slowking
|
|-weather|Sandstorm|[upkeep]
|-damage|p1a: Slowking|33/100|[from] Sandstorm
|upkeep
|turn|7
|inactive|phreshoatmeal has 120 seconds left.
|
|t:|1781576432
|switch|p1a: Landorus|Landorus-Therian, M|25/100
|-ability|p1a: Landorus|Intimidate|boost
|-unboost|p2a: Excadrill|atk|1
|move|p2a: Excadrill|Iron Head|p1a: Landorus
|-damage|p1a: Landorus|2/100
|-damage|p2a: Excadrill|34/100|[from] item: Rocky Helmet|[of] p1a: Landorus
|
|-weather|Sandstorm|[upkeep]
|upkeep
|turn|8
|inactive|phreshoatmeal has 120 seconds left.
|
|t:|1781576447
|switch|p2a: Iron Valiant|Iron Valiant|100/100
|move|p1a: Landorus|Stealth Rock|p2a: Iron Valiant
|-sidestart|p2: phreshoatmeal|move: Stealth Rock
|
|-weather|none
|upkeep
|turn|9
|inactive|phreshoatmeal has 120 seconds left.
|
|t:|1781576454
|switch|p1a: Slowking|Slowking-Galar, M|66/100
|move|p2a: Iron Valiant|Knock Off|p1a: Slowking
|-supereffective|p1a: Slowking
|-damage|p1a: Slowking|3/100
|-damage|p2a: Iron Valiant|84/100|[from] item: Rocky Helmet|[of] p1a: Slowking
|-enditem|p1a: Slowking|Rocky Helmet|[from] move: Knock Off|[of] p2a: Iron Valiant
|-damage|p2a: Iron Valiant|74/100|[from] item: Life Orb
|
|upkeep
|turn|10
|
|t:|1781576458
|switch|p1a: Landorus|Landorus-Therian, M|2/100
|-ability|p1a: Landorus|Intimidate|boost
|-unboost|p2a: Iron Valiant|atk|1
|move|p2a: Iron Valiant|Moonblast|p1a: Landorus
|-damage|p1a: Landorus|0 fnt
|faint|p1a: Landorus
|-damage|p2a: Iron Valiant|65/100|[from] item: Life Orb
|
|upkeep
|j| brayyanxz
|
|t:|1781576466
|switch|p1a: Cinderace|Cinderace, M|100/100
|turn|11
|
|t:|1781576473
|-end|p2a: Iron Valiant|Quark Drive|[silent]
|switch|p2a: Tyranitar|Tyranitar, M|100/100
|-damage|p2a: Tyranitar|88/100|[from] Stealth Rock
|-weather|Sandstorm|[from] ability: Sand Stream|[of] p2a: Tyranitar
|move|p1a: Cinderace|U-turn|p2a: Tyranitar
|-start|p1a: Cinderace|typechange|Bug|[from] ability: Libero
|-supereffective|p2a: Tyranitar
|-damage|p2a: Tyranitar|36/100
|
|t:|1781576476
|switch|p1a: Rillaboom|Rillaboom, F|100/100|[from] U-turn
|-fieldstart|move: Grassy Terrain|[from] ability: Grassy Surge|[of] p1a: Rillaboom
|
|-weather|Sandstorm|[upkeep]
|-damage|p1a: Rillaboom|94/100|[from] Sandstorm
|-heal|p1a: Rillaboom|100/100|[from] Grassy Terrain
|-heal|p2a: Tyranitar|42/100|[from] Grassy Terrain
|upkeep
|turn|12
|
|t:|1781576483
|switch|p1a: Slowking|Slowking-Galar, M|36/100
|switch|p2a: Amoonguss|Amoonguss, F|100/100
|-damage|p2a: Amoonguss|88/100|[from] Stealth Rock
|
|-weather|Sandstorm|[upkeep]
|-damage|p2a: Amoonguss|82/100|[from] Sandstorm
|-damage|p1a: Slowking|30/100|[from] Sandstorm
|-heal|p2a: Amoonguss|88/100|[from] Grassy Terrain
|-heal|p1a: Slowking|36/100|[from] Grassy Terrain
|upkeep
|turn|13
|
|t:|1781576486
|move|p2a: Amoonguss|Stomping Tantrum|p1a: Slowking
|-supereffective|p1a: Slowking
|-damage|p1a: Slowking|13/100
|-prepare|p1a: Slowking|Chilly Reception|[premajor]
|move|p1a: Slowking|Chilly Reception|p1a: Slowking
|-weather|Snowscape
|
|t:|1781576489
|switch|p1a: Cinderace|Cinderace, M|100/100|[from] Chilly Reception
|
|-weather|Snowscape|[upkeep]
|-heal|p2a: Amoonguss|94/100|[from] Grassy Terrain
|upkeep
|turn|14
|
|t:|1781576497
|switch|p2a: Alomomola|Alomomola, M|100/100
|-damage|p2a: Alomomola|88/100|[from] Stealth Rock
|move|p1a: Cinderace|U-turn|p2a: Alomomola
|-start|p1a: Cinderace|typechange|Bug|[from] ability: Libero
|-damage|p2a: Alomomola|67/100
|
|t:|1781576501
|switch|p1a: Slowking|Slowking-Galar, M|46/100|[from] U-turn
|
|-weather|Snowscape|[upkeep]
|-heal|p2a: Alomomola|73/100|[from] Grassy Terrain
|-heal|p1a: Slowking|52/100|[from] Grassy Terrain
|upkeep
|turn|15
|
|t:|1781576504
|move|p2a: Alomomola|Wish|p2a: Alomomola
|-prepare|p1a: Slowking|Chilly Reception|[premajor]
|move|p1a: Slowking|Chilly Reception|p1a: Slowking
|
|t:|1781576514
|switch|p1a: Rillaboom|Rillaboom, F|100/100|[from] Chilly Reception
|
|-weather|Snowscape|[upkeep]
|-heal|p2a: Alomomola|79/100|[from] Grassy Terrain
|-fieldend|move: Grassy Terrain
|upkeep
|turn|16
|
|t:|1781576526
|switch|p2a: Excadrill|Excadrill, F|34/100
|-damage|p2a: Excadrill|31/100|[from] Stealth Rock
|move|p1a: Rillaboom|Knock Off|p2a: Excadrill
|-damage|p2a: Excadrill|0 fnt
|-enditem|p2a: Excadrill|Choice Band|[from] move: Knock Off|[of] p1a: Rillaboom
|faint|p2a: Excadrill
|
|-weather|Snowscape|[upkeep]
|upkeep
|
|t:|1781576533
|switch|p2a: Iron Valiant|Iron Valiant|65/100
|-damage|p2a: Iron Valiant|58/100|[from] Stealth Rock
|turn|17
|
|t:|1781576546
|switch|p1a: Cinderace|Cinderace, M|100/100
|move|p2a: Iron Valiant|Drain Punch|p1a: Cinderace
|-damage|p1a: Cinderace|35/100
|-heal|p2a: Iron Valiant|92/100|[from] drain|[of] p1a: Cinderace
|-damage|p2a: Iron Valiant|83/100|[from] item: Life Orb
|
|-weather|none
|upkeep
|turn|18
|
|t:|1781576552
|move|p1a: Cinderace|U-turn|p2a: Iron Valiant
|-start|p1a: Cinderace|typechange|Bug|[from] ability: Libero
|-resisted|p2a: Iron Valiant
|-damage|p2a: Iron Valiant|72/100
|
|t:|1781576554
|switch|p1a: Slowking|Slowking-Galar, M|85/100|[from] U-turn
|move|p2a: Iron Valiant|Drain Punch|p1a: Slowking
|-resisted|p1a: Slowking
|-damage|p1a: Slowking|76/100
|-heal|p2a: Iron Valiant|78/100|[from] drain|[of] p1a: Slowking
|-damage|p2a: Iron Valiant|69/100|[from] item: Life Orb
|
|upkeep
|turn|19
|
|t:|1781576567
|-end|p2a: Iron Valiant|Quark Drive|[silent]
|switch|p2a: Tyranitar|Tyranitar, M|42/100
|-damage|p2a: Tyranitar|30/100|[from] Stealth Rock
|-weather|Sandstorm|[from] ability: Sand Stream|[of] p2a: Tyranitar
|move|p1a: Slowking|Future Sight|p2a: Tyranitar
|-start|p1a: Slowking|move: Future Sight
|
|-weather|Sandstorm|[upkeep]
|-damage|p1a: Slowking|70/100|[from] Sandstorm
|upkeep
|turn|20
|
|t:|1781576576
|move|p2a: Tyranitar|Stealth Rock|p1a: Slowking
|-sidestart|p1: Ctannn|move: Stealth Rock
|-prepare|p1a: Slowking|Chilly Reception|[premajor]
|move|p1a: Slowking|Chilly Reception|p1a: Slowking
|-weather|Snowscape
|
|t:|1781576584
|switch|p1a: Rillaboom|Rillaboom, F|100/100|[from] Chilly Reception
|-damage|p1a: Rillaboom|88/100|[from] Stealth Rock
|-fieldstart|move: Grassy Terrain|[from] ability: Grassy Surge|[of] p1a: Rillaboom
|
|-weather|Snowscape|[upkeep]
|-heal|p1a: Rillaboom|94/100|[from] Grassy Terrain
|-heal|p2a: Tyranitar|36/100|[from] Grassy Terrain
|upkeep
|turn|21
|
|t:|1781576599
|move|p1a: Rillaboom|Swords Dance|p1a: Rillaboom
|-boost|p1a: Rillaboom|atk|2
|move|p2a: Tyranitar|Knock Off|p1a: Rillaboom
|-damage|p1a: Rillaboom|45/100
|-enditem|p1a: Rillaboom|Miracle Seed|[from] move: Knock Off|[of] p2a: Tyranitar
|
|-weather|Snowscape|[upkeep]
|-end|p2a: Tyranitar|move: Future Sight
|-immune|p2a: Tyranitar
|-heal|p1a: Rillaboom|51/100|[from] Grassy Terrain
|-heal|p2a: Tyranitar|42/100|[from] Grassy Terrain
|upkeep
|turn|22
|
|t:|1781576607
|switch|p2a: Amoonguss|Amoonguss, F|100/100
|-damage|p2a: Amoonguss|88/100|[from] Stealth Rock
|move|p1a: Rillaboom|Swords Dance|p1a: Rillaboom
|-boost|p1a: Rillaboom|atk|2
|
|-weather|Snowscape|[upkeep]
|-heal|p1a: Rillaboom|57/100|[from] Grassy Terrain
|-heal|p2a: Amoonguss|94/100|[from] Grassy Terrain
|upkeep
|turn|23
|
|t:|1781576621
|move|p1a: Rillaboom|Knock Off|p2a: Amoonguss
|-damage|p2a: Amoonguss|24/100
|-enditem|p2a: Amoonguss|Eject Button|[from] move: Knock Off|[of] p1a: Rillaboom
|move|p2a: Amoonguss|Clear Smog|p1a: Rillaboom
|-supereffective|p1a: Rillaboom
|-damage|p1a: Rillaboom|20/100
|-clearboost|p1a: Rillaboom
|
|-weather|Snowscape|[upkeep]
|-heal|p1a: Rillaboom|27/100|[from] Grassy Terrain
|-heal|p2a: Amoonguss|30/100|[from] Grassy Terrain
|upkeep
|turn|24
|
|t:|1781576638
|switch|p1a: Slowking|Slowking-Galar, M|100/100
|-damage|p1a: Slowking|88/100|[from] Stealth Rock
|move|p2a: Amoonguss|Stun Spore|p1a: Slowking
|-status|p1a: Slowking|par
|
|-weather|none
|-heal|p2a: Amoonguss|36/100|[from] Grassy Terrain
|-heal|p1a: Slowking|94/100 par|[from] Grassy Terrain
|-fieldend|move: Grassy Terrain
|upkeep
|turn|25
|j| nepturee
|
|t:|1781576648
|switch|p2a: Alomomola|Alomomola, M|100/100
|-damage|p2a: Alomomola|88/100|[from] Stealth Rock
|-prepare|p1a: Slowking|Chilly Reception|[premajor]
|move|p1a: Slowking|Chilly Reception|p1a: Slowking
|-weather|Snowscape
|
|t:|1781576657
|switch|p1a: Garganacl|Garganacl, F|100/100|[from] Chilly Reception
|-damage|p1a: Garganacl|88/100|[from] Stealth Rock
|
|-weather|Snowscape|[upkeep]
|-heal|p1a: Garganacl|94/100|[from] item: Leftovers
|upkeep
|turn|26
|
|t:|1781576663
|move|p2a: Alomomola|Wish|p2a: Alomomola
|move|p1a: Garganacl|Curse|p1a: Garganacl
|-unboost|p1a: Garganacl|spe|1
|-boost|p1a: Garganacl|atk|1
|-boost|p1a: Garganacl|def|1
|
|-weather|Snowscape|[upkeep]
|-heal|p1a: Garganacl|100/100|[from] item: Leftovers
|upkeep
|turn|27
|
|t:|1781576670
|move|p2a: Alomomola|Flip Turn|p1a: Garganacl
|-supereffective|p1a: Garganacl
|-crit|p1a: Garganacl
|-damage|p1a: Garganacl|68/100
|
|t:|1781576675
|switch|p2a: Hatterene|Hatterene, F|73/100|[from] Flip Turn
|-damage|p2a: Hatterene|61/100|[from] Stealth Rock
|move|p1a: Garganacl|Curse|p1a: Garganacl
|-unboost|p1a: Garganacl|spe|1
|-boost|p1a: Garganacl|atk|1
|-boost|p1a: Garganacl|def|1
|
|-weather|Snowscape|[upkeep]
|-heal|p2a: Hatterene|100/100|[from] move: Wish|[wisher] Alomomola
|-heal|p1a: Garganacl|74/100|[from] item: Leftovers
|upkeep
|turn|28
|
|t:|1781576680
|move|p2a: Hatterene|Future Sight|p1a: Garganacl
|-start|p2a: Hatterene|move: Future Sight
|move|p1a: Garganacl|Salt Cure|p2a: Hatterene
|-damage|p2a: Hatterene|79/100
|-start|p2a: Hatterene|Salt Cure
|
|-weather|Snowscape|[upkeep]
|-heal|p2a: Hatterene|85/100|[from] item: Leftovers
|-heal|p1a: Garganacl|80/100|[from] item: Leftovers
|-damage|p2a: Hatterene|73/100|[from] Salt Cure
|upkeep
|turn|29
|
|t:|1781576692
|move|p2a: Hatterene|Draining Kiss|p1a: Garganacl
|-damage|p1a: Garganacl|64/100
|-heal|p2a: Hatterene|88/100|[from] drain|[of] p1a: Garganacl
|move|p1a: Garganacl|Salt Cure|p2a: Hatterene
|-damage|p2a: Hatterene|67/100
|
|-weather|none
|-heal|p2a: Hatterene|73/100|[from] item: Leftovers
|-heal|p1a: Garganacl|71/100|[from] item: Leftovers
|-damage|p2a: Hatterene|61/100|[from] Salt Cure
|upkeep
|turn|30
|
|t:|1781576702
|move|p1a: Garganacl|Protect|p1a: Garganacl
|-singleturn|p1a: Garganacl|Protect
|move|p2a: Hatterene|Draining Kiss|p1a: Garganacl
|-activate|p1a: Garganacl|move: Protect
|
|-end|p1a: Garganacl|move: Future Sight
|-damage|p1a: Garganacl|33/100
|-heal|p2a: Hatterene|67/100|[from] item: Leftovers
|-heal|p1a: Garganacl|40/100|[from] item: Leftovers
|-damage|p2a: Hatterene|55/100|[from] Salt Cure
|upkeep
|turn|31
|
|t:|1781576709
|move|p2a: Hatterene|Future Sight|p1a: Garganacl
|-start|p2a: Hatterene|move: Future Sight
|move|p1a: Garganacl|Salt Cure|p2a: Hatterene
|-damage|p2a: Hatterene|32/100
|
|-heal|p2a: Hatterene|38/100|[from] item: Leftovers
|-heal|p1a: Garganacl|46/100|[from] item: Leftovers
|-damage|p2a: Hatterene|25/100|[from] Salt Cure
|upkeep
|turn|32
|
|t:|1781576713
|move|p2a: Hatterene|Draining Kiss|p1a: Garganacl
|-damage|p1a: Garganacl|31/100
|-heal|p2a: Hatterene|40/100|[from] drain|[of] p1a: Garganacl
|move|p1a: Garganacl|Salt Cure|p2a: Hatterene
|-damage|p2a: Hatterene|17/100
|
|-heal|p2a: Hatterene|23/100|[from] item: Leftovers
|-heal|p1a: Garganacl|37/100|[from] item: Leftovers
|-damage|p2a: Hatterene|11/100|[from] Salt Cure
|upkeep
|turn|33
|
|t:|1781576723
|switch|p1a: Cinderace|Cinderace, M|35/100
|move|p2a: Hatterene|Pain Split|p1a: Cinderace
|-sethp|p1a: Cinderace|23/100|[from] move: Pain Split|[silent]
|-sethp|p2a: Hatterene|22/100|[from] move: Pain Split
|
|-end|p1a: Cinderace|move: Future Sight
|-damage|p1a: Cinderace|0 fnt
|faint|p1a: Cinderace
|-heal|p2a: Hatterene|28/100|[from] item: Leftovers
|-damage|p2a: Hatterene|16/100|[from] Salt Cure
|upkeep
|
|t:|1781576727
|switch|p1a: Raging Bolt|Raging Bolt|100/100
|turn|34
|
|t:|1781576737
|switch|p2a: Tyranitar|Tyranitar, M|42/100
|-damage|p2a: Tyranitar|30/100|[from] Stealth Rock
|-weather|Sandstorm|[from] ability: Sand Stream|[of] p2a: Tyranitar
|move|p1a: Raging Bolt|Thunderbolt|p2a: Tyranitar
|-damage|p2a: Tyranitar|10/100
|
|-weather|Sandstorm|[upkeep]
|-damage|p1a: Raging Bolt|94/100|[from] Sandstorm
|upkeep
|turn|35
|
|t:|1781576743
|move|p1a: Raging Bolt|Volt Switch|p2a: Tyranitar
|-damage|p2a: Tyranitar|0 fnt
|faint|p2a: Tyranitar
|
|t:|1781576752
|-end|p1a: Raging Bolt|Protosynthesis|[silent]
|switch|p1a: Slowking|Slowking-Galar, M|100/100 par|[from] Volt Switch
|-damage|p1a: Slowking|88/100 par|[from] Stealth Rock
|
|-weather|Sandstorm|[upkeep]
|-damage|p1a: Slowking|82/100 par|[from] Sandstorm
|upkeep
|
|t:|1781576760
|switch|p2a: Hatterene|Hatterene, F|16/100
|-damage|p2a: Hatterene|4/100|[from] Stealth Rock
|turn|36
|
|t:|1781576768
|move|p2a: Hatterene|Pain Split|p1a: Slowking
|-sethp|p1a: Slowking|42/100 par|[from] move: Pain Split|[silent]
|-sethp|p2a: Hatterene|52/100|[from] move: Pain Split
|move|p1a: Slowking|Future Sight|p2a: Hatterene
|-start|p1a: Slowking|move: Future Sight
|
|-weather|Sandstorm|[upkeep]
|-damage|p2a: Hatterene|46/100|[from] Sandstorm
|-damage|p1a: Slowking|36/100 par|[from] Sandstorm
|-heal|p2a: Hatterene|52/100|[from] item: Leftovers
|upkeep
|turn|37
|
|t:|1781576781
|move|p2a: Hatterene|Future Sight|p1a: Slowking
|-start|p2a: Hatterene|move: Future Sight
|-prepare|p1a: Slowking|Chilly Reception|[premajor]
|move|p1a: Slowking|Chilly Reception|p1a: Slowking
|-weather|Snowscape
|
|t:|1781576785
|switch|p1a: Raging Bolt|Raging Bolt|94/100|[from] Chilly Reception
|
|-weather|Snowscape|[upkeep]
|-heal|p2a: Hatterene|58/100|[from] item: Leftovers
|upkeep
|turn|38
|
|t:|1781576799
|-terastallize|p2a: Hatterene|Grass
|move|p1a: Raging Bolt|Volt Switch|p2a: Hatterene
|-resisted|p2a: Hatterene
|-damage|p2a: Hatterene|36/100
|
|t:|1781576803
|-end|p1a: Raging Bolt|Protosynthesis|[silent]
|switch|p1a: Slowking|Slowking-Galar, M|70/100 par|[from] Volt Switch
|-damage|p1a: Slowking|57/100 par|[from] Stealth Rock
|move|p2a: Hatterene|Pain Split|p1a: Slowking
|-sethp|p1a: Slowking|43/100 par|[from] move: Pain Split|[silent]
|-sethp|p2a: Hatterene|53/100|[from] move: Pain Split
|
|-weather|Snowscape|[upkeep]
|-end|p2a: Hatterene|move: Future Sight
|-damage|p2a: Hatterene|8/100
|-heal|p2a: Hatterene|14/100|[from] item: Leftovers
|upkeep
|turn|39
|
|t:|1781576814
|move|p2a: Hatterene|Pain Split|p1a: Slowking
|-sethp|p1a: Slowking|27/100 par|[from] move: Pain Split|[silent]
|-sethp|p2a: Hatterene|34/100|[from] move: Pain Split
|cant|p1a: Slowking|par
|
|-weather|Snowscape|[upkeep]
|-end|p1a: Slowking|move: Future Sight
|-damage|p1a: Slowking|0 fnt
|faint|p1a: Slowking
|-heal|p2a: Hatterene|39/100|[from] item: Leftovers
|upkeep
|
|t:|1781576819
|switch|p1a: Raging Bolt|Raging Bolt|94/100
|turn|40
|
|t:|1781576831
|switch|p2a: Iron Valiant|Iron Valiant|69/100
|-damage|p2a: Iron Valiant|62/100|[from] Stealth Rock
|move|p1a: Raging Bolt|Draco Meteor|p2a: Iron Valiant
|-immune|p2a: Iron Valiant
|
|-weather|Snowscape|[upkeep]
|upkeep
|turn|41
|
|t:|1781576843
|-terastallize|p1a: Raging Bolt|Fairy
|move|p2a: Iron Valiant|Drain Punch|p1a: Raging Bolt
|-resisted|p1a: Raging Bolt
|-damage|p1a: Raging Bolt|74/100
|-heal|p2a: Iron Valiant|77/100|[from] drain|[of] p1a: Raging Bolt
|-damage|p2a: Iron Valiant|67/100|[from] item: Life Orb
|move|p1a: Raging Bolt|Thunderbolt|p2a: Iron Valiant
|-damage|p2a: Iron Valiant|0 fnt
|faint|p2a: Iron Valiant
|-end|p2a: Iron Valiant|Quark Drive|[silent]
|
|-weather|none
|upkeep
|
|t:|1781576852
|switch|p2a: Alomomola|Alomomola, M|100/100
|-damage|p2a: Alomomola|88/100|[from] Stealth Rock
|turn|42
|
|t:|1781576856
|-end|p1a: Raging Bolt|Protosynthesis|[silent]
|switch|p1a: Garganacl|Garganacl, F|37/100
|-damage|p1a: Garganacl|25/100|[from] Stealth Rock
|move|p2a: Alomomola|Mirror Coat||[still]
|-fail|p2a: Alomomola
|
|-heal|p1a: Garganacl|31/100|[from] item: Leftovers
|upkeep
|turn|43
|
|t:|1781576863
|move|p1a: Garganacl|Protect|p1a: Garganacl
|-singleturn|p1a: Garganacl|Protect
|move|p2a: Alomomola|Wish|p2a: Alomomola
|
|-heal|p1a: Garganacl|37/100|[from] item: Leftovers
|upkeep
|turn|44
|
|t:|1781576874
|move|p2a: Alomomola|Flip Turn|p1a: Garganacl
|-supereffective|p1a: Garganacl
|-damage|p1a: Garganacl|16/100
|
|t:|1781576877
|switch|p2a: Hatterene|Hatterene, F, tera:Grass|39/100|[from] Flip Turn
|-damage|p2a: Hatterene|27/100|[from] Stealth Rock
|move|p1a: Garganacl|Recover|p1a: Garganacl
|-heal|p1a: Garganacl|66/100
|
|-heal|p2a: Hatterene|100/100|[from] move: Wish|[wisher] Alomomola
|-heal|p1a: Garganacl|72/100|[from] item: Leftovers
|upkeep
|turn|45
|
|t:|1781576887
|move|p2a: Hatterene|Future Sight|p1a: Garganacl
|-start|p2a: Hatterene|move: Future Sight
|move|p1a: Garganacl|Salt Cure|p2a: Hatterene
|-damage|p2a: Hatterene|88/100
|-start|p2a: Hatterene|Salt Cure
|
|-heal|p2a: Hatterene|94/100|[from] item: Leftovers
|-heal|p1a: Garganacl|78/100|[from] item: Leftovers
|-damage|p2a: Hatterene|82/100|[from] Salt Cure
|upkeep
|turn|46
|
|t:|1781576893
|move|p2a: Hatterene|Draining Kiss|p1a: Garganacl
|-damage|p1a: Garganacl|64/100
|-heal|p2a: Hatterene|96/100|[from] drain|[of] p1a: Garganacl
|move|p1a: Garganacl|Curse|p1a: Garganacl
|-unboost|p1a: Garganacl|spe|1
|-boost|p1a: Garganacl|atk|1
|-boost|p1a: Garganacl|def|1
|
|-heal|p2a: Hatterene|100/100|[from] item: Leftovers
|-heal|p1a: Garganacl|70/100|[from] item: Leftovers
|-damage|p2a: Hatterene|88/100|[from] Salt Cure
|upkeep
|turn|47
|inactive|phreshoatmeal has 120 seconds left.
|
|t:|1781576936
|move|p1a: Garganacl|Protect|p1a: Garganacl
|-singleturn|p1a: Garganacl|Protect
|move|p2a: Hatterene|Draining Kiss|p1a: Garganacl
|-activate|p1a: Garganacl|move: Protect
|
|-end|p1a: Garganacl|move: Future Sight
|-crit|p1a: Garganacl
|-damage|p1a: Garganacl|16/100
|-heal|p2a: Hatterene|94/100|[from] item: Leftovers
|-heal|p1a: Garganacl|22/100|[from] item: Leftovers
|-damage|p2a: Hatterene|82/100|[from] Salt Cure
|upkeep
|turn|48
|
|t:|1781576949
|move|p2a: Hatterene|Draining Kiss|p1a: Garganacl
|-damage|p1a: Garganacl|6/100
|-heal|p2a: Hatterene|97/100|[from] drain|[of] p1a: Garganacl
|move|p1a: Garganacl|Salt Cure|p2a: Hatterene
|-crit|p2a: Hatterene
|-damage|p2a: Hatterene|73/100
|
|-heal|p2a: Hatterene|79/100|[from] item: Leftovers
|-heal|p1a: Garganacl|12/100|[from] item: Leftovers
|-damage|p2a: Hatterene|67/100|[from] Salt Cure
|upkeep
|turn|49
|inactive|phreshoatmeal has 120 seconds left.
|
|t:|1781576960
|move|p2a: Hatterene|Future Sight|p1a: Garganacl
|-start|p2a: Hatterene|move: Future Sight
|move|p1a: Garganacl|Recover|p1a: Garganacl
|-heal|p1a: Garganacl|62/100
|
|-heal|p2a: Hatterene|73/100|[from] item: Leftovers
|-heal|p1a: Garganacl|69/100|[from] item: Leftovers
|-damage|p2a: Hatterene|61/100|[from] Salt Cure
|upkeep
|turn|50
|
|t:|1781576966
|move|p2a: Hatterene|Draining Kiss|p1a: Garganacl
|-damage|p1a: Garganacl|53/100
|-heal|p2a: Hatterene|75/100|[from] drain|[of] p1a: Garganacl
|move|p1a: Garganacl|Curse|p1a: Garganacl
|-unboost|p1a: Garganacl|spe|1
|-boost|p1a: Garganacl|atk|1
|-boost|p1a: Garganacl|def|1
|
|-heal|p2a: Hatterene|81/100|[from] item: Leftovers
|-heal|p1a: Garganacl|60/100|[from] item: Leftovers
|-damage|p2a: Hatterene|69/100|[from] Salt Cure
|upkeep
|turn|51
|inactive|phreshoatmeal has 120 seconds left.
|inactive|phreshoatmeal has 90 seconds left.
|
|t:|1781577026
|move|p2a: Hatterene|Draining Kiss|p1a: Garganacl
|-damage|p1a: Garganacl|46/100
|-heal|p2a: Hatterene|82/100|[from] drain|[of] p1a: Garganacl
|move|p1a: Garganacl|Recover|p1a: Garganacl
|-heal|p1a: Garganacl|96/100
|
|-end|p1a: Garganacl|move: Future Sight
|-damage|p1a: Garganacl|60/100
|-heal|p2a: Hatterene|88/100|[from] item: Leftovers
|-heal|p1a: Garganacl|66/100|[from] item: Leftovers
|-damage|p2a: Hatterene|76/100|[from] Salt Cure
|upkeep
|turn|52
|
|t:|1781577031
|move|p2a: Hatterene|Future Sight|p1a: Garganacl
|-start|p2a: Hatterene|move: Future Sight
|move|p1a: Garganacl|Curse|p1a: Garganacl
|-unboost|p1a: Garganacl|spe|1
|-boost|p1a: Garganacl|atk|1
|-boost|p1a: Garganacl|def|1
|
|-heal|p2a: Hatterene|82/100|[from] item: Leftovers
|-heal|p1a: Garganacl|72/100|[from] item: Leftovers
|-damage|p2a: Hatterene|70/100|[from] Salt Cure
|upkeep
|turn|53
|inactive|phreshoatmeal has 90 seconds left.
|
|t:|1781577041
|switch|p2a: Amoonguss|Amoonguss, F|69/100
|-damage|p2a: Amoonguss|57/100|[from] Stealth Rock
|move|p1a: Garganacl|Salt Cure|p2a: Amoonguss
|-damage|p2a: Amoonguss|34/100
|-start|p2a: Amoonguss|Salt Cure
|
|-heal|p1a: Garganacl|78/100|[from] item: Leftovers
|-damage|p2a: Amoonguss|22/100|[from] Salt Cure
|upkeep
|turn|54
|inactive|phreshoatmeal has 90 seconds left.
|
|t:|1781577048
|move|p1a: Garganacl|Protect|p1a: Garganacl
|-singleturn|p1a: Garganacl|Protect
|move|p2a: Amoonguss|Grass Knot|p1a: Garganacl
|-activate|p1a: Garganacl|move: Protect
|
|-end|p1a: Garganacl|move: Future Sight
|-damage|p1a: Garganacl|44/100
|-heal|p1a: Garganacl|50/100|[from] item: Leftovers
|-damage|p2a: Amoonguss|9/100|[from] Salt Cure
|upkeep
|turn|55
|
|t:|1781577054
|switch|p2a: Hatterene|Hatterene, F, tera:Grass|70/100
|-damage|p2a: Hatterene|57/100|[from] Stealth Rock
|move|p1a: Garganacl|Salt Cure|p2a: Hatterene
|-damage|p2a: Hatterene|28/100
|-start|p2a: Hatterene|Salt Cure
|
|-heal|p2a: Hatterene|34/100|[from] item: Leftovers
|-heal|p1a: Garganacl|56/100|[from] item: Leftovers
|-damage|p2a: Hatterene|22/100|[from] Salt Cure
|upkeep
|turn|56
|
|t:|1781577059
|move|p2a: Hatterene|Future Sight|p1a: Garganacl
|-start|p2a: Hatterene|move: Future Sight
|move|p1a: Garganacl|Salt Cure|p2a: Hatterene
|-damage|p2a: Hatterene|0 fnt
|faint|p2a: Hatterene
|
|-heal|p1a: Garganacl|62/100|[from] item: Leftovers
|upkeep
|
|t:|1781577063
|switch|p2a: Amoonguss|Amoonguss, F|42/100
|-damage|p2a: Amoonguss|30/100|[from] Stealth Rock
|turn|57
|
|t:|1781577072
|switch|p1a: Raging Bolt|Raging Bolt, tera:Fairy|74/100
|move|p2a: Amoonguss|Grass Knot|p1a: Raging Bolt
|-damage|p1a: Raging Bolt|39/100
|
|upkeep
|turn|58
|
|t:|1781577082
|move|p1a: Raging Bolt|Volt Switch|p2a: Amoonguss
|-resisted|p2a: Amoonguss
|-damage|p2a: Amoonguss|10/100
|
|t:|1781577084
|-end|p1a: Raging Bolt|Protosynthesis|[silent]
|switch|p1a: Rillaboom|Rillaboom, F|27/100|[from] Volt Switch
|-damage|p1a: Rillaboom|14/100|[from] Stealth Rock
|-fieldstart|move: Grassy Terrain|[from] ability: Grassy Surge|[of] p1a: Rillaboom
|move|p2a: Amoonguss|Grass Knot|p1a: Rillaboom
|-resisted|p1a: Rillaboom
|-damage|p1a: Rillaboom|0 fnt
|faint|p1a: Rillaboom
|
|-hint|Future Sight did not hit because the target is fainted.
|-heal|p2a: Amoonguss|16/100|[from] Grassy Terrain
|upkeep
|
|t:|1781577086
|switch|p1a: Raging Bolt|Raging Bolt, tera:Fairy|39/100
|turn|59
|
|t:|1781577092
|move|p1a: Raging Bolt|Thunderbolt|p2a: Amoonguss
|-resisted|p2a: Amoonguss
|-damage|p2a: Amoonguss|0 fnt
|faint|p2a: Amoonguss
|
|-heal|p1a: Raging Bolt|45/100|[from] Grassy Terrain
|upkeep
|
|t:|1781577094
|switch|p2a: Alomomola|Alomomola, M|100/100
|-damage|p2a: Alomomola|88/100|[from] Stealth Rock
|turn|60
|-message|phreshoatmeal forfeited.
|
|win|Ctannn
|raw|Ctannn's rating: 1856 &rarr; <strong>1875</strong><br />(+19 for winning)
|raw|phreshoatmeal's rating: 1835 &rarr; <strong>1816</strong><br />(-19 for losing)
|l|☆phreshoatmeal
|player|p2|
|l|☆Ctannn
|player|p1|
|l| Mega Delibird X
