|j|☆phreshoatmeal
|j|☆The median voter
|t:|1781471204
|gametype|singles
|player|p1|phreshoatmeal|265|1584
|player|p2|The median voter|scientist-gen4dp|1605
|gen|9
|tier|[Gen 9] OU
|rated|
|rule|HP Percentage Mod: HP is shown in percentages
|rule|Endless Battle Clause: Forcing endless battles is banned
|rule|Species Clause: Limit one of each Pokémon
|rule|OHKO Clause: OHKO moves are banned
|rule|Evasion Items Clause: Evasion items are banned
|rule|Evasion Moves Clause: Evasion moves are banned
|rule|Evasion Abilities Clause: Evasion abilities are banned
|rule|Sleep Moves Clause: Sleep-inducing moves are banned
|clearpoke
|poke|p1|Tyranitar, M|
|poke|p1|Excadrill, M|
|poke|p1|Hatterene, F|
|poke|p1|Hippowdon, M|
|poke|p1|Toxapex, M|
|poke|p1|Iron Valiant|
|poke|p2|Zapdos|
|poke|p2|Great Tusk|
|poke|p2|Hoopa-Unbound|
|poke|p2|Slowking-Galar, M|
|poke|p2|Scizor, M|
|poke|p2|Dragapult, F|
|teampreview
|
|t:|1781471233
|teamsize|p1|6
|teamsize|p2|6
|start
|switch|p1a: Tyranitar|Tyranitar, M|100/100
|switch|p2a: Experiment|Scizor, M|100/100
|-weather|Sandstorm|[from] ability: Sand Stream|[of] p1a: Tyranitar
|turn|1
|
|t:|1781471248
|switch|p1a: Toxapex|Toxapex, M|100/100
|move|p2a: Experiment|U-turn|p1a: Toxapex
|-resisted|p1a: Toxapex
|-damage|p1a: Toxapex|81/100
|-enditem|p1a: Toxapex|Eject Button
|inactive|Battle timer is ON: inactive players will automatically lose when time's up. (requested by The median voter)
|
|t:|1781471270
|switch|p1a: Iron Valiant|Iron Valiant|100/100
|
|-weather|Sandstorm|[upkeep]
|-damage|p1a: Iron Valiant|94/100|[from] Sandstorm
|upkeep
|turn|2
|
|t:|1781471284
|switch|p2a: Bishop|Slowking-Galar, M|100/100
|move|p1a: Iron Valiant|Moonblast|p2a: Bishop
|-resisted|p2a: Bishop
|-damage|p2a: Bishop|86/100
|-unboost|p2a: Bishop|spa|1
|-damage|p1a: Iron Valiant|85/100|[from] item: Life Orb
|
|-weather|Sandstorm|[upkeep]
|-damage|p1a: Iron Valiant|78/100|[from] Sandstorm
|-damage|p2a: Bishop|80/100|[from] Sandstorm
|upkeep
|turn|3
|
|t:|1781471302
|move|p1a: Iron Valiant|Knock Off|p2a: Bishop
|-supereffective|p2a: Bishop
|-damage|p2a: Bishop|0 fnt
|-enditem|p2a: Bishop|Heavy-Duty Boots|[from] move: Knock Off|[of] p1a: Iron Valiant
|faint|p2a: Bishop
|-damage|p1a: Iron Valiant|69/100|[from] item: Life Orb
|
|-weather|Sandstorm|[upkeep]
|-damage|p1a: Iron Valiant|62/100|[from] Sandstorm
|upkeep
|
|t:|1781471305
|switch|p2a: Experiment|Scizor, M|100/100
|turn|4
|
|t:|1781471327
|-end|p1a: Iron Valiant|Quark Drive|[silent]
|switch|p1a: Toxapex|Toxapex, M|100/100
|move|p2a: Experiment|Bullet Punch|p1a: Toxapex
|-resisted|p1a: Toxapex
|-crit|p1a: Toxapex
|-damage|p1a: Toxapex|79/100
|
|-weather|Sandstorm|[upkeep]
|-damage|p1a: Toxapex|73/100|[from] Sandstorm
|upkeep
|turn|5
|
|t:|1781471334
|switch|p2a: The End of All|Hoopa-Unbound|100/100
|move|p1a: Toxapex|Toxic|p2a: The End of All
|-status|p2a: The End of All|tox
|
|-weather|none
|-damage|p2a: The End of All|94/100 tox|[from] psn
|upkeep
|turn|6
|
|t:|1781471351
|switch|p1a: Hippowdon|Hippowdon, M|100/100
|-weather|Sandstorm|[from] ability: Sand Stream|[of] p1a: Hippowdon
|move|p2a: The End of All|Drain Punch|p1a: Hippowdon
|-damage|p1a: Hippowdon|85/100
|-heal|p2a: The End of All|100/100 tox|[from] drain|[of] p1a: Hippowdon
|-enditem|p1a: Hippowdon|Eject Button
|inactive|phreshoatmeal has 120 seconds left.
|
|t:|1781471375
|switch|p1a: Iron Valiant|Iron Valiant|62/100
|
|-weather|Sandstorm|[upkeep]
|-damage|p1a: Iron Valiant|56/100|[from] Sandstorm
|-damage|p2a: The End of All|94/100 tox|[from] Sandstorm
|-damage|p2a: The End of All|82/100 tox|[from] psn
|upkeep
|turn|7
|inactive|phreshoatmeal has 120 seconds left.
|
|t:|1781471405
|switch|p2a: Experiment|Scizor, M|100/100
|move|p1a: Iron Valiant|Moonblast|p2a: Experiment
|-resisted|p2a: Experiment
|-damage|p2a: Experiment|65/100
|-damage|p1a: Iron Valiant|47/100|[from] item: Life Orb
|
|-weather|Sandstorm|[upkeep]
|-damage|p1a: Iron Valiant|40/100|[from] Sandstorm
|upkeep
|turn|8
|
|t:|1781471410
|-end|p1a: Iron Valiant|Quark Drive|[silent]
|switch|p1a: Toxapex|Toxapex, M|100/100
|move|p2a: Experiment|Bullet Punch|p1a: Toxapex
|-resisted|p1a: Toxapex
|-damage|p1a: Toxapex|86/100
|
|-weather|Sandstorm|[upkeep]
|-damage|p1a: Toxapex|80/100|[from] Sandstorm
|upkeep
|turn|9
|
|t:|1781471421
|switch|p2a: Templar|Great Tusk|100/100
|move|p1a: Toxapex|Liquidation|p2a: Templar
|-supereffective|p2a: Templar
|-damage|p2a: Templar|69/100
|
|-weather|Sandstorm|[upkeep]
|-damage|p1a: Toxapex|74/100|[from] Sandstorm
|upkeep
|turn|10
|
|t:|1781471431
|-end|p2a: Templar|Protosynthesis|[silent]
|switch|p2a: Emissary|Dragapult, F|100/100
|switch|p1a: Hatterene|Hatterene, F|100/100
|
|-weather|none
|upkeep
|turn|11
|inactive|phreshoatmeal has 120 seconds left.
|
|t:|1781471449
|switch|p1a: Toxapex|Toxapex, M|100/100
|move|p2a: Emissary|U-turn|p1a: Toxapex
|-resisted|p1a: Toxapex
|-damage|p1a: Toxapex|95/100
|
|t:|1781471450
|switch|p2a: The End of All|Hoopa-Unbound|82/100 tox|[from] U-turn
|
|-damage|p2a: The End of All|76/100 tox|[from] psn
|upkeep
|turn|12
|
|t:|1781471461
|switch|p1a: Tyranitar|Tyranitar, M|100/100
|-weather|Sandstorm|[from] ability: Sand Stream|[of] p1a: Tyranitar
|move|p2a: The End of All|Psychic Noise|p1a: Tyranitar
|-immune|p1a: Tyranitar
|
|-weather|Sandstorm|[upkeep]
|-damage|p2a: The End of All|70/100 tox|[from] Sandstorm
|-damage|p2a: The End of All|58/100 tox|[from] psn
|upkeep
|turn|13
|inactive|phreshoatmeal has 120 seconds left.
|
|t:|1781471483
|switch|p1a: Hatterene|Hatterene, F|100/100
|move|p2a: The End of All|Drain Punch|p1a: Hatterene
|-resisted|p1a: Hatterene
|-damage|p1a: Hatterene|95/100
|-heal|p2a: The End of All|61/100 tox|[from] drain|[of] p1a: Hatterene
|
|-weather|Sandstorm|[upkeep]
|-damage|p2a: The End of All|55/100 tox|[from] Sandstorm
|-damage|p1a: Hatterene|89/100|[from] Sandstorm
|-heal|p1a: Hatterene|95/100|[from] item: Leftovers
|-damage|p2a: The End of All|37/100 tox|[from] psn
|upkeep
|turn|14
|inactive|phreshoatmeal has 120 seconds left.
|
|t:|1781471492
|switch|p2a: Experiment|Scizor, M|65/100
|move|p1a: Hatterene|Gravity|p1a: Hatterene
|-fieldstart|move: Gravity
|
|-weather|Sandstorm|[upkeep]
|-damage|p1a: Hatterene|89/100|[from] Sandstorm
|-heal|p1a: Hatterene|95/100|[from] item: Leftovers
|upkeep
|turn|15
|inactive|phreshoatmeal has 120 seconds left.
|
|t:|1781471507
|switch|p1a: Tyranitar|Tyranitar, M|100/100
|move|p2a: Experiment|U-turn|p1a: Tyranitar
|-supereffective|p1a: Tyranitar
|-damage|p1a: Tyranitar|7/100
|-enditem|p1a: Tyranitar|Eject Button
|
|t:|1781471511
|switch|p1a: Excadrill|Excadrill, M|100/100
|
|-weather|Sandstorm|[upkeep]
|upkeep
|turn|16
|inactive|The median voter has 120 seconds left.
|
|t:|1781471549
|switch|p2a: Preacher|Zapdos|100/100
|move|p1a: Excadrill|Earthquake|p2a: Preacher
|-supereffective|p2a: Preacher
|-damage|p2a: Preacher|0 fnt
|faint|p2a: Preacher
|
|-weather|none
|upkeep
|
|t:|1781471554
|switch|p2a: Templar|Great Tusk|69/100
|turn|17
|
|t:|1781471558
|switch|p1a: Hatterene|Hatterene, F|95/100
|move|p2a: Templar|Stealth Rock|p1a: Hatterene
|move|p1a: Hatterene|Stealth Rock|p2a: Templar|[from] ability: Magic Bounce
|-sidestart|p2: The median voter|move: Stealth Rock
|
|-heal|p1a: Hatterene|100/100|[from] item: Leftovers
|upkeep
|turn|18
|-message|The median voter forfeited.
|
|win|phreshoatmeal
|raw|phreshoatmeal's rating: 1584 &rarr; <strong>1605</strong><br />(+21 for winning)
|raw|The median voter's rating: 1605 &rarr; <strong>1584</strong><br />(-21 for losing)
|l|☆The median voter
|player|p2|
|l|☆phreshoatmeal
|player|p1|
