|j|☆viutil
|j|☆suaiaj
|t:|1781429867
|gametype|singles
|player|p1|viutil|2|1563
|player|p2|suaiaj|juan|1605
|gen|9
|tier|[Gen 9] OU
|rated|
|rule|HP Percentage Mod: HP is shown in percentages
|rule|Endless Battle Clause: Forcing endless battles is banned
|rule|Species Clause: Limit one of each Pokémon
|rule|OHKO Clause: OHKO moves are banned
|rule|Evasion Items Clause: Evasion items are banned
|rule|Evasion Moves Clause: Evasion moves are banned
|rule|Evasion Abilities Clause: Evasion abilities are banned
|rule|Sleep Moves Clause: Sleep-inducing moves are banned
|clearpoke
|poke|p1|Dragapult, M|
|poke|p1|Ogerpon-Wellspring, F|
|poke|p1|Iron Valiant|
|poke|p1|Corviknight, M|
|poke|p1|Raging Bolt|
|poke|p1|Gholdengo|
|poke|p2|Flygon, F|
|poke|p2|Klefki, F|
|poke|p2|Iron Moth|
|poke|p2|Azumarill, M|
|poke|p2|Kingambit, F|
|poke|p2|Raging Bolt|
|teampreview
|
|t:|1781429891
|teamsize|p1|6
|teamsize|p2|6
|start
|switch|p1a: Gholdengo|Gholdengo|100/100
|switch|p2a: Klefki|Klefki, F|100/100
|turn|1
|inactive|Battle timer is ON: inactive players will automatically lose when time's up. (requested by viutil)
|
|t:|1781429897
|move|p2a: Klefki|Light Screen|p2a: Klefki
|-sidestart|p2: suaiaj|move: Light Screen
|move|p1a: Gholdengo|Make It Rain|p2a: Klefki
|-damage|p2a: Klefki|53/100
|-unboost|p1a: Gholdengo|spa|1
|
|upkeep
|turn|2
|
|t:|1781429903
|move|p2a: Klefki|Reflect|p2a: Klefki
|-sidestart|p2: suaiaj|Reflect
|move|p1a: Gholdengo|Make It Rain|p2a: Klefki
|-damage|p2a: Klefki|23/100
|-unboost|p1a: Gholdengo|spa|1
|
|upkeep
|turn|3
|
|t:|1781429915
|switch|p2a: Flygon|Flygon, F|100/100
|move|p1a: Gholdengo|Make It Rain|p2a: Flygon
|-damage|p2a: Flygon|65/100
|-unboost|p1a: Gholdengo|spa|1
|
|upkeep
|turn|4
|
|t:|1781429938
|switch|p1a: Dragapult|Dragapult, M|100/100
|move|p2a: Flygon|Dragon Dance|p2a: Flygon
|-boost|p2a: Flygon|atk|1
|-boost|p2a: Flygon|spe|1
|
|upkeep
|turn|5
|
|t:|1781429942
|-terastallize|p2a: Flygon|Fairy
|move|p2a: Flygon|Alluring Voice|p1a: Dragapult
|-supereffective|p1a: Dragapult
|-damage|p1a: Dragapult|11/100
|-enditem|p2a: Flygon|Throat Spray
|-boost|p2a: Flygon|spa|1|[from] item: Throat Spray
|move|p1a: Dragapult|Dragon Darts|p2a: Flygon
|-immune|p2a: Flygon
|
|upkeep
|turn|6
|inactive|viutil has 120 seconds left.
|
|t:|1781429993
|move|p2a: Flygon|Dragon Dance|p2a: Flygon
|-boost|p2a: Flygon|atk|1
|-boost|p2a: Flygon|spe|1
|move|p1a: Dragapult|Fire Blast|p2a: Flygon|[miss]
|-miss|p1a: Dragapult|p2a: Flygon
|
|upkeep
|turn|7
|
|t:|1781430001
|move|p2a: Flygon|Alluring Voice|p1a: Dragapult
|-supereffective|p1a: Dragapult
|-damage|p1a: Dragapult|0 fnt
|faint|p1a: Dragapult
|
|upkeep
|inactive|viutil has 90 seconds left.
|
|t:|1781430026
|switch|p1a: Gholdengo|Gholdengo|100/100
|turn|8
|
|t:|1781430047
|-terastallize|p1a: Gholdengo|Flying
|move|p2a: Flygon|Fire Blast|p1a: Gholdengo
|-damage|p1a: Gholdengo|50/100
|move|p1a: Gholdengo|Make It Rain|p2a: Flygon
|-supereffective|p2a: Flygon
|-damage|p2a: Flygon|0 fnt
|-unboost|p1a: Gholdengo|spa|1
|faint|p2a: Flygon
|
|-sideend|p2: suaiaj|move: Light Screen
|upkeep
|
|t:|1781430059
|switch|p2a: Iron Moth|Iron Moth, shiny|100/100
|turn|9
|
|t:|1781430062
|switch|p1a: Raging Bolt|Raging Bolt|100/100
|move|p2a: Iron Moth|Meteor Beam||[still]
|-prepare|p2a: Iron Moth|Meteor Beam
|-boost|p2a: Iron Moth|spa|1
|-enditem|p2a: Iron Moth|Power Herb
|-anim|p2a: Iron Moth|Meteor Beam|p1a: Raging Bolt|[miss]
|-miss|p2a: Iron Moth|p1a: Raging Bolt
|
|-sideend|p2: suaiaj|Reflect
|upkeep
|turn|10
|inactive|viutil has 120 seconds left.
|
|t:|1781430071
|move|p2a: Iron Moth|Sludge Wave|p1a: Raging Bolt
|-damage|p1a: Raging Bolt|58/100
|move|p1a: Raging Bolt|Thunderbolt|p2a: Iron Moth
|-damage|p2a: Iron Moth|50/100
|
|upkeep
|turn|11
|
|t:|1781430078
|move|p2a: Iron Moth|Sludge Wave|p1a: Raging Bolt
|-damage|p1a: Raging Bolt|17/100
|-status|p1a: Raging Bolt|psn
|move|p1a: Raging Bolt|Thunderbolt|p2a: Iron Moth
|-damage|p2a: Iron Moth|0 fnt
|faint|p2a: Iron Moth
|-end|p2a: Iron Moth|Quark Drive|[silent]
|
|-damage|p1a: Raging Bolt|4/100 psn|[from] psn
|upkeep
|
|t:|1781430090
|switch|p2a: Raging Bolt|Raging Bolt|100/100
|-enditem|p2a: Raging Bolt|Booster Energy
|-activate|p2a: Raging Bolt|ability: Protosynthesis|[fromitem]
|-start|p2a: Raging Bolt|protosynthesisspa
|turn|12
|
|t:|1781430093
|move|p2a: Raging Bolt|Thunderclap|p1a: Raging Bolt
|-resisted|p1a: Raging Bolt
|-damage|p1a: Raging Bolt|0 fnt
|faint|p1a: Raging Bolt
|-end|p1a: Raging Bolt|Protosynthesis|[silent]
|
|upkeep
|
|t:|1781430099
|switch|p1a: Ogerpon|Ogerpon-Wellspring, F|100/100
|turn|13
|
|t:|1781430121
|move|p1a: Ogerpon|Encore|p2a: Raging Bolt
|-start|p2a: Raging Bolt|Encore
|move|p2a: Raging Bolt|Thunderclap||[still]
|-fail|p2a: Raging Bolt
|
|upkeep
|turn|14
|
|t:|1781430125
|-end|p2a: Raging Bolt|Protosynthesis|[silent]
|switch|p2a: Klefki|Klefki, F|23/100
|move|p1a: Ogerpon|Swords Dance|p1a: Ogerpon
|-boost|p1a: Ogerpon|atk|2
|
|upkeep
|turn|15
|
|t:|1781430131
|move|p2a: Klefki|Thunder Wave|p1a: Ogerpon
|-status|p1a: Ogerpon|par
|move|p1a: Ogerpon|Ivy Cudgel|p2a: Klefki|[anim] Ivy Cudgel Water
|-damage|p2a: Klefki|0 fnt
|faint|p2a: Klefki
|
|upkeep
|
|t:|1781430153
|switch|p2a: Raging Bolt|Raging Bolt|100/100
|turn|16
|
|t:|1781430156
|move|p2a: Raging Bolt|Thunderbolt|p1a: Ogerpon
|-damage|p1a: Ogerpon|33/100 par
|cant|p1a: Ogerpon|par
|
|upkeep
|turn|17
|
|t:|1781430160
|move|p2a: Raging Bolt|Thunderbolt|p1a: Ogerpon
|-damage|p1a: Ogerpon|0 fnt
|faint|p1a: Ogerpon
|
|upkeep
|inactive|viutil has 120 seconds left.
|
|t:|1781430196
|switch|p1a: Iron Valiant|Iron Valiant|100/100
|-enditem|p1a: Iron Valiant|Booster Energy
|-activate|p1a: Iron Valiant|ability: Quark Drive|[fromitem]
|-start|p1a: Iron Valiant|quarkdrivespe
|turn|18
|inactive|viutil has 120 seconds left.
|inactive|suaiaj has 120 seconds left.
|
|t:|1781430234
|move|p2a: Raging Bolt|Thunderclap|p1a: Iron Valiant
|-crit|p1a: Iron Valiant
|-damage|p1a: Iron Valiant|0 fnt
|faint|p1a: Iron Valiant
|-end|p1a: Iron Valiant|Quark Drive|[silent]
|
|upkeep
|c|☆viutil|oof
|inactive|viutil has 120 seconds left.
|-message|viutil forfeited.
|
|win|suaiaj
|raw|viutil's rating: 1563 &rarr; <strong>1545</strong><br />(-18 for losing)
|raw|suaiaj's rating: 1605 &rarr; <strong>1623</strong><br />(+18 for winning)
|l|☆viutil
|player|p1|
|l|☆suaiaj
|player|p2|
