|j|‽lt_alt1
|j|☆1200s chud
|t:|1780980202
|gametype|singles
|player|p1|lt_alt1|170|1795
|player|p2|1200s chud|preschooler|1787
|gen|9
|tier|[Gen 9] OU
|rated|
|rule|HP Percentage Mod: HP is shown in percentages
|rule|Endless Battle Clause: Forcing endless battles is banned
|rule|Species Clause: Limit one of each Pokémon
|rule|OHKO Clause: OHKO moves are banned
|rule|Evasion Items Clause: Evasion items are banned
|rule|Evasion Moves Clause: Evasion moves are banned
|rule|Evasion Abilities Clause: Evasion abilities are banned
|rule|Sleep Moves Clause: Sleep-inducing moves are banned
|clearpoke
|poke|p1|Darkrai|
|poke|p1|Slowking-Galar, M|
|poke|p1|Gholdengo|
|poke|p1|Iron Treads|
|poke|p1|Raging Bolt|
|poke|p1|Gliscor, F|
|poke|p2|Iron Thorns|
|poke|p2|Ribombee, F|
|poke|p2|Gholdengo|
|poke|p2|Ceruledge, F|
|poke|p2|Ursaluna, M|
|poke|p2|Great Tusk|
|teampreview
|inactive|Battle timer is ON: inactive players will automatically lose when time's up. (requested by 1200s chud)
|j| rizz of reko
|
|t:|1780980228
|teamsize|p1|6
|teamsize|p2|6
|start
|switch|p1a: Gholdengo|Gholdengo|100/100
|switch|p2a: SupremeClientele|Ribombee, F|100/100
|turn|1
|
|t:|1780980233
|move|p1a: Gholdengo|Trick|p2a: SupremeClientele
|-activate|p1a: Gholdengo|move: Trick|[of] p2a: SupremeClientele
|-item|p2a: SupremeClientele|Choice Scarf|[from] move: Trick
|-item|p1a: Gholdengo|Focus Sash|[from] move: Trick
|move|p2a: SupremeClientele|Sticky Web|p1a: Gholdengo
|-sidestart|p1: lt_alt1|move: Sticky Web
|
|upkeep
|turn|2
|
|t:|1780980250
|switch|p2a: AintCaughtThePlot|Gholdengo|100/100
|move|p1a: Gholdengo|Nasty Plot|p1a: Gholdengo
|-boost|p1a: Gholdengo|spa|2
|
|upkeep
|turn|3
|
|t:|1780980258
|move|p1a: Gholdengo|Shadow Ball|p2a: AintCaughtThePlot
|-supereffective|p2a: AintCaughtThePlot
|-damage|p2a: AintCaughtThePlot|0 fnt
|faint|p2a: AintCaughtThePlot
|
|upkeep
|
|t:|1780980264
|switch|p2a: SupremeClientele|Ribombee, F|100/100
|turn|4
|
|t:|1780980268
|move|p2a: SupremeClientele|Moonblast|p1a: Gholdengo
|-resisted|p1a: Gholdengo
|-damage|p1a: Gholdengo|79/100
|-unboost|p1a: Gholdengo|spa|1
|move|p1a: Gholdengo|Nasty Plot|p1a: Gholdengo
|-boost|p1a: Gholdengo|spa|2
|
|upkeep
|turn|5
|
|t:|1780980271
|move|p2a: SupremeClientele|Moonblast|p1a: Gholdengo
|-resisted|p1a: Gholdengo
|-damage|p1a: Gholdengo|56/100
|move|p1a: Gholdengo|Trick|p2a: SupremeClientele
|-activate|p1a: Gholdengo|move: Trick|[of] p2a: SupremeClientele
|-item|p2a: SupremeClientele|Focus Sash|[from] move: Trick
|-item|p1a: Gholdengo|Choice Scarf|[from] move: Trick
|
|upkeep
|turn|6
|
|t:|1780980279
|move|p1a: Gholdengo|Make It Rain|p2a: SupremeClientele
|-supereffective|p2a: SupremeClientele
|-enditem|p2a: SupremeClientele|Focus Sash
|-damage|p2a: SupremeClientele|1/100
|-unboost|p1a: Gholdengo|spa|1
|move|p2a: SupremeClientele|Moonblast|p1a: Gholdengo
|-resisted|p1a: Gholdengo
|-damage|p1a: Gholdengo|32/100
|
|upkeep
|turn|7
|
|t:|1780980285
|move|p1a: Gholdengo|Make It Rain|p2a: SupremeClientele
|-supereffective|p2a: SupremeClientele
|-damage|p2a: SupremeClientele|0 fnt
|-unboost|p1a: Gholdengo|spa|1
|faint|p2a: SupremeClientele
|
|upkeep
|
|t:|1780980286
|switch|p2a: HighOffDaPack|Ceruledge, F|100/100
|-item|p2a: HighOffDaPack|Air Balloon
|turn|8
|
|t:|1780980289
|move|p2a: HighOffDaPack|Shadow Sneak|p1a: Gholdengo
|-supereffective|p1a: Gholdengo
|-damage|p1a: Gholdengo|0 fnt
|faint|p1a: Gholdengo
|
|upkeep
|
|t:|1780980292
|switch|p1a: Gliscor|Gliscor, F|100/100
|turn|9
|
|t:|1780980300
|switch|p2a: SpinterredSouls|Great Tusk|100/100
|-enditem|p2a: SpinterredSouls|Booster Energy
|-activate|p2a: SpinterredSouls|ability: Protosynthesis|[fromitem]
|-start|p2a: SpinterredSouls|protosynthesisatk
|move|p1a: Gliscor|Toxic|p2a: SpinterredSouls
|-status|p2a: SpinterredSouls|tox
|
|-damage|p2a: SpinterredSouls|94/100 tox|[from] psn
|-status|p1a: Gliscor|tox|[from] item: Toxic Orb
|upkeep
|turn|10
|
|t:|1780980309
|move|p1a: Gliscor|Protect|p1a: Gliscor
|-singleturn|p1a: Gliscor|Protect
|move|p2a: SpinterredSouls|Bulk Up|p2a: SpinterredSouls
|-boost|p2a: SpinterredSouls|atk|1
|-boost|p2a: SpinterredSouls|def|1
|
|-damage|p2a: SpinterredSouls|82/100 tox|[from] psn
|upkeep
|turn|11
|
|t:|1780980319
|switch|p1a: Slowking|Slowking-Galar, M|100/100
|-activate|p1a: Slowking|move: Sticky Web
|-unboost|p1a: Slowking|spe|1
|move|p2a: SpinterredSouls|Ice Spinner|p1a: Slowking
|-damage|p1a: Slowking|47/100
|
|-heal|p1a: Slowking|53/100|[from] item: Leftovers
|-damage|p2a: SpinterredSouls|63/100 tox|[from] psn
|upkeep
|turn|12
|
|t:|1780980327
|move|p2a: SpinterredSouls|Ice Spinner|p1a: Slowking
|-damage|p1a: Slowking|0 fnt
|faint|p1a: Slowking
|
|-damage|p2a: SpinterredSouls|39/100 tox|[from] psn
|upkeep
|
|t:|1780980331
|switch|p1a: Iron Treads|Iron Treads|100/100
|turn|13
|
|t:|1780980334
|move|p1a: Iron Treads|Rapid Spin|p2a: SpinterredSouls
|-crit|p2a: SpinterredSouls
|-damage|p2a: SpinterredSouls|23/100 tox
|-boost|p1a: Iron Treads|spe|1
|-sideend|p1: lt_alt1|Sticky Web|[from] move: Rapid Spin|[of] p1a: Iron Treads
|move|p2a: SpinterredSouls|Headlong Rush|p1a: Iron Treads
|-supereffective|p1a: Iron Treads
|-damage|p1a: Iron Treads|0 fnt
|-unboost|p2a: SpinterredSouls|def|1
|-unboost|p2a: SpinterredSouls|spd|1
|faint|p1a: Iron Treads
|-end|p1a: Iron Treads|Quark Drive|[silent]
|
|-damage|p2a: SpinterredSouls|0 fnt|[from] psn
|faint|p2a: SpinterredSouls
|-end|p2a: SpinterredSouls|Protosynthesis|[silent]
|upkeep
|
|t:|1780980349
|switch|p1a: Gliscor|Gliscor, F|100/100 tox
|switch|p2a: HighOffDaPack|Ceruledge, F|100/100
|-item|p2a: HighOffDaPack|Air Balloon
|turn|14
|
|t:|1780980355
|move|p2a: HighOffDaPack|Bitter Blade|p1a: Gliscor
|-damage|p1a: Gliscor|62/100 tox
|move|p1a: Gliscor|Toxic|p2a: HighOffDaPack
|-status|p2a: HighOffDaPack|tox
|
|-damage|p2a: HighOffDaPack|94/100 tox|[from] psn
|-heal|p1a: Gliscor|75/100 tox|[from] ability: Poison Heal
|upkeep
|turn|15
|
|t:|1780980359
|move|p2a: HighOffDaPack|Swords Dance|p2a: HighOffDaPack
|-boost|p2a: HighOffDaPack|atk|2
|move|p1a: Gliscor|Spikes|p2a: HighOffDaPack
|-sidestart|p2: 1200s chud|Spikes
|
|-damage|p2a: HighOffDaPack|82/100 tox|[from] psn
|-heal|p1a: Gliscor|87/100 tox|[from] ability: Poison Heal
|upkeep
|turn|16
|
|t:|1780980362
|move|p2a: HighOffDaPack|Swords Dance|p2a: HighOffDaPack
|-boost|p2a: HighOffDaPack|atk|2
|move|p1a: Gliscor|Knock Off|p2a: HighOffDaPack
|-supereffective|p2a: HighOffDaPack
|-damage|p2a: HighOffDaPack|20/100 tox
|-ability|p2a: HighOffDaPack|Weak Armor|boost
|-unboost|p2a: HighOffDaPack|def|1
|-boost|p2a: HighOffDaPack|spe|2
|-enditem|p2a: HighOffDaPack|Air Balloon
|
|-damage|p2a: HighOffDaPack|2/100 tox|[from] psn
|-heal|p1a: Gliscor|99/100 tox|[from] ability: Poison Heal
|upkeep
|turn|17
|
|t:|1780980366
|move|p1a: Gliscor|Protect|p1a: Gliscor
|-singleturn|p1a: Gliscor|Protect
|move|p2a: HighOffDaPack|Bitter Blade|p1a: Gliscor
|-activate|p1a: Gliscor|move: Protect
|
|-damage|p2a: HighOffDaPack|0 fnt|[from] psn
|faint|p2a: HighOffDaPack
|-heal|p1a: Gliscor|100/100 tox|[from] ability: Poison Heal
|upkeep
|
|t:|1780980374
|switch|p2a: Mr.EnjoyDaDances|Iron Thorns|100/100
|-damage|p2a: Mr.EnjoyDaDances|88/100|[from] Spikes
|-enditem|p2a: Mr.EnjoyDaDances|Booster Energy
|-activate|p2a: Mr.EnjoyDaDances|ability: Quark Drive|[fromitem]
|-start|p2a: Mr.EnjoyDaDances|quarkdriveatk
|turn|18
|
|t:|1780980380
|move|p2a: Mr.EnjoyDaDances|Ice Punch|p1a: Gliscor
|-supereffective|p1a: Gliscor
|-crit|p1a: Gliscor
|-damage|p1a: Gliscor|0 fnt
|faint|p1a: Gliscor
|
|upkeep
|
|t:|1780980383
|switch|p1a: Darkrai|Darkrai|100/100
|turn|19
|
|t:|1780980391
|-terastallize|p2a: Mr.EnjoyDaDances|Bug
|move|p1a: Darkrai|Focus Blast|p2a: Mr.EnjoyDaDances
|-resisted|p2a: Mr.EnjoyDaDances
|-damage|p2a: Mr.EnjoyDaDances|65/100
|move|p2a: Mr.EnjoyDaDances|Supercell Slam|p1a: Darkrai
|-damage|p1a: Darkrai|10/100
|
|-heal|p1a: Darkrai|16/100|[from] item: Leftovers
|upkeep
|turn|20
|
|t:|1780980396
|move|p1a: Darkrai|Dark Pulse|p2a: Mr.EnjoyDaDances
|-damage|p2a: Mr.EnjoyDaDances|14/100
|move|p2a: Mr.EnjoyDaDances|Ice Punch|p1a: Darkrai
|-damage|p1a: Darkrai|0 fnt
|faint|p1a: Darkrai
|
|upkeep
|c| rizz of reko|L
|
|t:|1780980401
|switch|p1a: Raging Bolt|Raging Bolt|100/100
|turn|21
|
|t:|1780980409
|-terastallize|p1a: Raging Bolt|Bug
|move|p2a: Mr.EnjoyDaDances|Ice Punch|p1a: Raging Bolt
|-damage|p1a: Raging Bolt|68/100
|move|p1a: Raging Bolt|Calm Mind|p1a: Raging Bolt
|-boost|p1a: Raging Bolt|spa|1
|-boost|p1a: Raging Bolt|spd|1
|
|-heal|p1a: Raging Bolt|74/100|[from] item: Leftovers
|upkeep
|turn|22
|
|t:|1780980418
|-end|p2a: Mr.EnjoyDaDances|Quark Drive|[silent]
|switch|p2a: SmokingOnYaCore|Ursaluna, M|100/100
|-damage|p2a: SmokingOnYaCore|88/100|[from] Spikes
|move|p1a: Raging Bolt|Thunderclap||[still]
|-fail|p1a: Raging Bolt
|
|-heal|p1a: Raging Bolt|80/100|[from] item: Leftovers
|-status|p2a: SmokingOnYaCore|brn|[from] item: Flame Orb
|upkeep
|turn|23
|
|t:|1780980425
|move|p1a: Raging Bolt|Draco Meteor|p2a: SmokingOnYaCore
|-damage|p2a: SmokingOnYaCore|0 fnt
|-unboost|p1a: Raging Bolt|spa|2
|faint|p2a: SmokingOnYaCore
|
|-heal|p1a: Raging Bolt|87/100|[from] item: Leftovers
|upkeep
|
|t:|1780980427
|switch|p2a: Mr.EnjoyDaDances|Iron Thorns, tera:Bug|14/100
|-damage|p2a: Mr.EnjoyDaDances|2/100|[from] Spikes
|turn|24
|
|t:|1780980432
|move|p2a: Mr.EnjoyDaDances|Dragon Dance|p2a: Mr.EnjoyDaDances
|-boost|p2a: Mr.EnjoyDaDances|atk|1
|-boost|p2a: Mr.EnjoyDaDances|spe|1
|move|p1a: Raging Bolt|Thunderbolt|p2a: Mr.EnjoyDaDances
|-damage|p2a: Mr.EnjoyDaDances|0 fnt
|faint|p2a: Mr.EnjoyDaDances
|-end|p2a: Mr.EnjoyDaDances|Quark Drive|[silent]
|
|win|lt_alt1
|raw|lt_alt1's rating: 1795 &rarr; <strong>1815</strong><br />(+20 for winning)
|raw|1200s chud's rating: 1787 &rarr; <strong>1767</strong><br />(-20 for losing)
|l|☆1200s chud
|player|p2|
|l| rizz of reko
