|j|☆DMVortex38
|j|☆phreshoatmeal
|t:|1781497093
|gametype|singles
|player|p1|DMVortex38|1|1610
|player|p2|phreshoatmeal|265|1697
|gen|9
|tier|[Gen 9] OU
|rated|
|rule|HP Percentage Mod: HP is shown in percentages
|rule|Endless Battle Clause: Forcing endless battles is banned
|rule|Species Clause: Limit one of each Pokémon
|rule|OHKO Clause: OHKO moves are banned
|rule|Evasion Items Clause: Evasion items are banned
|rule|Evasion Moves Clause: Evasion moves are banned
|rule|Evasion Abilities Clause: Evasion abilities are banned
|rule|Sleep Moves Clause: Sleep-inducing moves are banned
|clearpoke
|poke|p1|Haxorus, F|
|poke|p1|Slowking-Galar, F|
|poke|p1|Moltres|
|poke|p1|Iron Treads|
|poke|p1|Iron Valiant|
|poke|p1|Zamazenta-*|
|poke|p2|Tyranitar, F|
|poke|p2|Excadrill, M|
|poke|p2|Hatterene, F|
|poke|p2|Iron Valiant|
|poke|p2|Amoonguss, F|
|poke|p2|Alomomola, M|
|teampreview
|
|t:|1781497135
|teamsize|p1|6
|teamsize|p2|6
|start
|switch|p1a: Iron Treads|Iron Treads|100/100
|switch|p2a: Tyranitar|Tyranitar, F|100/100
|-weather|Sandstorm|[from] ability: Sand Stream|[of] p2a: Tyranitar
|turn|1
|
|t:|1781497147
|switch|p2a: Hatterene|Hatterene, F|100/100
|move|p1a: Iron Treads|Earthquake|p2a: Hatterene
|-damage|p2a: Hatterene|65/100
|
|-weather|Sandstorm|[upkeep]
|-damage|p2a: Hatterene|59/100|[from] Sandstorm
|-heal|p2a: Hatterene|65/100|[from] item: Leftovers
|upkeep
|turn|2
|
|t:|1781497166
|-end|p1a: Iron Treads|Quark Drive|[silent]
|switch|p1a: Slowking|Slowking-Galar, F|100/100
|move|p2a: Hatterene|Pain Split|p1a: Slowking
|-sethp|p1a: Slowking|76/100|[from] move: Pain Split|[silent]
|-sethp|p2a: Hatterene|95/100|[from] move: Pain Split
|
|-weather|Sandstorm|[upkeep]
|-damage|p2a: Hatterene|89/100|[from] Sandstorm
|-damage|p1a: Slowking|70/100|[from] Sandstorm
|-heal|p2a: Hatterene|95/100|[from] item: Leftovers
|upkeep
|turn|3
|
|t:|1781497177
|move|p2a: Hatterene|Future Sight|p1a: Slowking
|-start|p2a: Hatterene|move: Future Sight
|-prepare|p1a: Slowking|Chilly Reception|[premajor]
|move|p1a: Slowking|Chilly Reception|p1a: Slowking
|-weather|Snowscape
|
|t:|1781497193
|switch|p1a: Moltres|Moltres|100/100|[from] Chilly Reception
|
|-weather|Snowscape|[upkeep]
|-heal|p2a: Hatterene|100/100|[from] item: Leftovers
|upkeep
|turn|4
|inactive|Battle timer is ON: inactive players will automatically lose when time's up. (requested by DMVortex38)
|
|t:|1781497247
|move|p1a: Moltres|Flamethrower|p2a: Hatterene
|-damage|p2a: Hatterene|62/100
|move|p2a: Hatterene|Gravity|p2a: Hatterene
|-fieldstart|move: Gravity
|
|-weather|Snowscape|[upkeep]
|-heal|p2a: Hatterene|68/100|[from] item: Leftovers
|upkeep
|turn|5
|
|t:|1781497255
|move|p1a: Moltres|Flamethrower|p2a: Hatterene
|-damage|p2a: Hatterene|33/100
|move|p2a: Hatterene|Pain Split|p1a: Moltres
|-sethp|p1a: Moltres|64/100|[from] move: Pain Split|[silent]
|-sethp|p2a: Hatterene|77/100|[from] move: Pain Split
|
|-weather|Snowscape|[upkeep]
|-end|p1a: Moltres|move: Future Sight
|-damage|p1a: Moltres|11/100
|-heal|p2a: Hatterene|83/100|[from] item: Leftovers
|upkeep
|turn|6
|
|t:|1781497263
|switch|p2a: Excadrill|Excadrill, M|100/100
|move|p1a: Moltres|Roost|p1a: Moltres
|-heal|p1a: Moltres|61/100
|-singleturn|p1a: Moltres|move: Roost
|
|-weather|Snowscape|[upkeep]
|upkeep
|turn|7
|
|t:|1781497270
|switch|p1a: Iron Treads|Iron Treads|100/100
|move|p2a: Excadrill|Earthquake|p1a: Iron Treads
|-supereffective|p1a: Iron Treads
|-damage|p1a: Iron Treads|0 fnt
|faint|p1a: Iron Treads
|-end|p1a: Iron Treads|Quark Drive|[silent]
|
|-weather|none
|upkeep
|
|t:|1781497279
|switch|p1a: Haxserious|Haxorus, F|100/100
|-ability|p1a: Haxserious|Mold Breaker
|turn|8
|
|t:|1781497288
|switch|p2a: Hatterene|Hatterene, F|83/100
|move|p1a: Haxserious|Earthquake|p2a: Hatterene
|-damage|p2a: Hatterene|39/100
|
|-heal|p2a: Hatterene|45/100|[from] item: Leftovers
|-fieldend|move: Gravity
|upkeep
|turn|9
|
|t:|1781497306
|switch|p2a: Alomomola|Alomomola, M|100/100
|move|p1a: Haxserious|Earthquake|p2a: Alomomola
|-damage|p2a: Alomomola|64/100
|-enditem|p2a: Alomomola|Eject Button
|
|t:|1781497310
|switch|p2a: Iron Valiant|Iron Valiant|100/100
|
|upkeep
|turn|10
|
|t:|1781497315
|switch|p1a: Slowking|Slowking-Galar, F|100/100
|move|p2a: Iron Valiant|Moonblast|p1a: Slowking
|-resisted|p1a: Slowking
|-damage|p1a: Slowking|84/100
|-damage|p2a: Iron Valiant|91/100|[from] item: Life Orb
|
|upkeep
|turn|11
|
|t:|1781497325
|move|p2a: Iron Valiant|Knock Off|p1a: Slowking
|-supereffective|p1a: Slowking
|-damage|p1a: Slowking|6/100
|-enditem|p1a: Slowking|Heavy-Duty Boots|[from] move: Knock Off|[of] p2a: Iron Valiant
|-damage|p2a: Iron Valiant|81/100|[from] item: Life Orb
|-prepare|p1a: Slowking|Chilly Reception|[premajor]
|move|p1a: Slowking|Chilly Reception|p1a: Slowking
|-weather|Snowscape
|
|t:|1781497346
|switch|p1a: Iron Valiant|Iron Valiant|100/100|[from] Chilly Reception
|-enditem|p1a: Iron Valiant|Booster Energy
|-activate|p1a: Iron Valiant|ability: Quark Drive|[fromitem]
|-start|p1a: Iron Valiant|quarkdrivespe
|
|-weather|Snowscape|[upkeep]
|upkeep
|turn|12
|inactive|DMVortex38 has 120 seconds left.
|
|t:|1781497365
|-end|p2a: Iron Valiant|Quark Drive|[silent]
|switch|p2a: Alomomola|Alomomola, M|98/100
|move|p1a: Iron Valiant|Shadow Ball|p2a: Alomomola
|-damage|p2a: Alomomola|72/100
|
|-weather|Snowscape|[upkeep]
|upkeep
|turn|13
|
|t:|1781497373
|move|p1a: Iron Valiant|Calm Mind|p1a: Iron Valiant
|-boost|p1a: Iron Valiant|spa|1
|-boost|p1a: Iron Valiant|spd|1
|move|p2a: Alomomola|Mirror Coat||[still]
|-fail|p2a: Alomomola
|
|-weather|Snowscape|[upkeep]
|upkeep
|turn|14
|
|t:|1781497380
|move|p1a: Iron Valiant|Encore|p2a: Alomomola
|-start|p2a: Alomomola|Encore
|move|p2a: Alomomola|Mirror Coat||[still]
|-fail|p2a: Alomomola
|
|-weather|Snowscape|[upkeep]
|upkeep
|turn|15
|
|t:|1781497384
|switch|p2a: Tyranitar|Tyranitar, F|100/100
|-weather|Sandstorm|[from] ability: Sand Stream|[of] p2a: Tyranitar
|move|p1a: Iron Valiant|Calm Mind|p1a: Iron Valiant
|-boost|p1a: Iron Valiant|spa|1
|-boost|p1a: Iron Valiant|spd|1
|
|-weather|Sandstorm|[upkeep]
|-damage|p1a: Iron Valiant|94/100|[from] Sandstorm
|upkeep
|turn|16
|
|t:|1781497389
|switch|p2a: Hatterene|Hatterene, F|45/100
|move|p1a: Iron Valiant|Moonblast|p2a: Hatterene
|-damage|p2a: Hatterene|0 fnt
|faint|p2a: Hatterene
|
|-weather|Sandstorm|[upkeep]
|-damage|p1a: Iron Valiant|88/100|[from] Sandstorm
|upkeep
|
|t:|1781497391
|switch|p2a: Excadrill|Excadrill, M|100/100
|turn|17
|
|t:|1781497400
|-terastallize|p1a: Iron Valiant|Ghost
|move|p2a: Excadrill|Earthquake|p1a: Iron Valiant
|-damage|p1a: Iron Valiant|0 fnt
|faint|p1a: Iron Valiant
|-end|p1a: Iron Valiant|Quark Drive|[silent]
|
|-weather|Sandstorm|[upkeep]
|upkeep
|j| tonyrayyy
|
|t:|1781497407
|switch|p1a: Zamazenta|Zamazenta|100/100
|-ability|p1a: Zamazenta|Dauntless Shield|boost
|-boost|p1a: Zamazenta|def|1
|turn|18
|
|t:|1781497417
|switch|p2a: Amoonguss|Amoonguss, F|100/100
|move|p1a: Zamazenta|Iron Defense|p1a: Zamazenta
|-boost|p1a: Zamazenta|def|2
|
|-weather|Sandstorm|[upkeep]
|-damage|p1a: Zamazenta|94/100|[from] Sandstorm
|-damage|p2a: Amoonguss|94/100|[from] Sandstorm
|-heal|p1a: Zamazenta|100/100|[from] item: Leftovers
|upkeep
|turn|19
|
|t:|1781497430
|move|p1a: Zamazenta|Iron Defense|p1a: Zamazenta
|-boost|p1a: Zamazenta|def|2
|move|p2a: Amoonguss|Clear Smog|p1a: Zamazenta
|-damage|p1a: Zamazenta|89/100
|-clearboost|p1a: Zamazenta
|
|-weather|Sandstorm|[upkeep]
|-damage|p1a: Zamazenta|82/100|[from] Sandstorm
|-damage|p2a: Amoonguss|88/100|[from] Sandstorm
|-heal|p1a: Zamazenta|89/100|[from] item: Leftovers
|upkeep
|turn|20
|
|t:|1781497436
|move|p1a: Zamazenta|Heavy Slam|p2a: Amoonguss
|-damage|p2a: Amoonguss|67/100
|-enditem|p2a: Amoonguss|Eject Button
|
|t:|1781497447
|switch|p2a: Alomomola|Alomomola, M|100/100
|
|-weather|Sandstorm|[upkeep]
|-damage|p1a: Zamazenta|82/100|[from] Sandstorm
|-damage|p2a: Alomomola|94/100|[from] Sandstorm
|-heal|p1a: Zamazenta|89/100|[from] item: Leftovers
|upkeep
|turn|21
|
|t:|1781497454
|move|p1a: Zamazenta|Iron Defense|p1a: Zamazenta
|-boost|p1a: Zamazenta|def|2
|move|p2a: Alomomola|Acrobatics|p1a: Zamazenta
|-supereffective|p1a: Zamazenta
|-damage|p1a: Zamazenta|73/100
|
|-weather|Sandstorm|[upkeep]
|-damage|p1a: Zamazenta|67/100|[from] Sandstorm
|-damage|p2a: Alomomola|88/100|[from] Sandstorm
|-heal|p1a: Zamazenta|73/100|[from] item: Leftovers
|upkeep
|turn|22
|
|t:|1781497461
|move|p1a: Zamazenta|Iron Defense|p1a: Zamazenta
|-boost|p1a: Zamazenta|def|2
|move|p2a: Alomomola|Flip Turn|p1a: Zamazenta
|-damage|p1a: Zamazenta|69/100
|
|t:|1781497464
|switch|p2a: Amoonguss|Amoonguss, F|99/100|[from] Flip Turn
|
|-weather|none
|-heal|p1a: Zamazenta|75/100|[from] item: Leftovers
|upkeep
|turn|23
|
|t:|1781497469
|move|p1a: Zamazenta|Body Press|p2a: Amoonguss
|-resisted|p2a: Amoonguss
|-damage|p2a: Amoonguss|62/100
|move|p2a: Amoonguss|Stun Spore|p1a: Zamazenta
|-status|p1a: Zamazenta|par
|
|-heal|p1a: Zamazenta|82/100 par|[from] item: Leftovers
|upkeep
|turn|24
|
|t:|1781497482
|move|p1a: Zamazenta|Body Press|p2a: Amoonguss
|-resisted|p2a: Amoonguss
|-damage|p2a: Amoonguss|29/100
|move|p2a: Amoonguss|Clear Smog|p1a: Zamazenta
|-damage|p1a: Zamazenta|71/100 par
|-clearboost|p1a: Zamazenta
|
|-heal|p1a: Zamazenta|77/100 par|[from] item: Leftovers
|upkeep
|turn|25
|
|t:|1781497493
|switch|p2a: Alomomola|Alomomola, M|100/100
|cant|p1a: Zamazenta|par
|
|-heal|p1a: Zamazenta|83/100 par|[from] item: Leftovers
|upkeep
|turn|26
|l| tonyrayyy
|
|t:|1781497498
|move|p1a: Zamazenta|Iron Defense|p1a: Zamazenta
|-boost|p1a: Zamazenta|def|2
|move|p2a: Alomomola|Flip Turn|p1a: Zamazenta
|-damage|p1a: Zamazenta|77/100 par
|
|t:|1781497499
|switch|p2a: Iron Valiant|Iron Valiant|81/100|[from] Flip Turn
|
|-heal|p1a: Zamazenta|83/100 par|[from] item: Leftovers
|upkeep
|turn|27
|
|t:|1781497507
|switch|p1a: Moltres|Moltres|61/100
|move|p2a: Iron Valiant|Moonblast|p1a: Moltres
|-resisted|p1a: Moltres
|-damage|p1a: Moltres|34/100
|-damage|p2a: Iron Valiant|71/100|[from] item: Life Orb
|
|upkeep
|turn|28
|
|t:|1781497514
|move|p2a: Iron Valiant|Thunderbolt|p1a: Moltres
|-supereffective|p1a: Moltres
|-damage|p1a: Moltres|0 fnt
|faint|p1a: Moltres
|-damage|p2a: Iron Valiant|62/100|[from] item: Life Orb
|
|upkeep
|
|t:|1781497522
|switch|p1a: Slowking|Slowking-Galar, F|39/100
|turn|29
|
|t:|1781497526
|switch|p1a: Zamazenta|Zamazenta|83/100 par
|move|p2a: Iron Valiant|Knock Off|p1a: Zamazenta
|-resisted|p1a: Zamazenta
|-damage|p1a: Zamazenta|68/100 par
|-enditem|p1a: Zamazenta|Leftovers|[from] move: Knock Off|[of] p2a: Iron Valiant
|-damage|p2a: Iron Valiant|52/100|[from] item: Life Orb
|
|upkeep
|turn|30
|
|t:|1781497532
|switch|p1a: Slowking|Slowking-Galar, F|72/100
|move|p2a: Iron Valiant|Moonblast|p1a: Slowking
|-resisted|p1a: Slowking
|-damage|p1a: Slowking|57/100
|-damage|p2a: Iron Valiant|42/100|[from] item: Life Orb
|
|upkeep
|turn|31
|
|t:|1781497545
|-end|p2a: Iron Valiant|Quark Drive|[silent]
|switch|p2a: Tyranitar|Tyranitar, F|100/100
|-weather|Sandstorm|[from] ability: Sand Stream|[of] p2a: Tyranitar
|move|p1a: Slowking|Sludge Bomb|p2a: Tyranitar
|-resisted|p2a: Tyranitar
|-damage|p2a: Tyranitar|94/100
|
|-weather|Sandstorm|[upkeep]
|-damage|p1a: Slowking|50/100|[from] Sandstorm
|upkeep
|turn|32
|
|t:|1781497555
|switch|p1a: Zamazenta|Zamazenta|68/100 par
|move|p2a: Tyranitar|Stealth Rock|p1a: Zamazenta
|-sidestart|p1: DMVortex38|move: Stealth Rock
|
|-weather|Sandstorm|[upkeep]
|-damage|p1a: Zamazenta|62/100 par|[from] Sandstorm
|upkeep
|turn|33
|j| Shucklepilled
|
|t:|1781497573
|switch|p2a: Alomomola|Alomomola, M|100/100
|move|p1a: Zamazenta|Heavy Slam|p2a: Alomomola
|-resisted|p2a: Alomomola
|-damage|p2a: Alomomola|90/100
|
|-weather|Sandstorm|[upkeep]
|-damage|p1a: Zamazenta|56/100 par|[from] Sandstorm
|-damage|p2a: Alomomola|84/100|[from] Sandstorm
|upkeep
|turn|34
|
|t:|1781497581
|switch|p1a: Slowking|Slowking-Galar, F|84/100
|-damage|p1a: Slowking|71/100|[from] Stealth Rock
|move|p2a: Alomomola|Flip Turn|p1a: Slowking
|-damage|p1a: Slowking|55/100
|
|t:|1781497585
|switch|p2a: Excadrill|Excadrill, M|100/100|[from] Flip Turn
|
|-weather|Sandstorm|[upkeep]
|-damage|p1a: Slowking|49/100|[from] Sandstorm
|upkeep
|turn|35
|
|t:|1781497590
|switch|p1a: Zamazenta|Zamazenta|56/100 par
|-damage|p1a: Zamazenta|49/100 par|[from] Stealth Rock
|move|p2a: Excadrill|Earthquake|p1a: Zamazenta
|-damage|p1a: Zamazenta|0 fnt
|faint|p1a: Zamazenta
|
|-weather|Sandstorm|[upkeep]
|upkeep
|
|t:|1781497594
|switch|p1a: Haxserious|Haxorus, F|100/100
|-damage|p1a: Haxserious|88/100|[from] Stealth Rock
|-ability|p1a: Haxserious|Mold Breaker
|turn|36
|j| tonyrayyy
|
|t:|1781497600
|-terastallize|p2a: Excadrill|Ground
|move|p2a: Excadrill|Earthquake|p1a: Haxserious
|-damage|p1a: Haxserious|0 fnt
|faint|p1a: Haxserious
|
|-weather|Sandstorm|[upkeep]
|upkeep
|l| tonyrayyy
|-message|DMVortex38 forfeited.
|
|win|phreshoatmeal
|raw|DMVortex38's rating: 1610 &rarr; <strong>1595</strong><br />(-15 for losing)
|raw|phreshoatmeal's rating: 1697 &rarr; <strong>1712</strong><br />(+15 for winning)
|l|☆DMVortex38
|player|p1|
|l|☆phreshoatmeal
|player|p2|
|l| Shucklepilled
