|j|☆Roseofrosarade
|j|☆myree
|t:|1781378669
|gametype|singles
|player|p1|Roseofrosarade|1|1673
|player|p2|myree|benga|1649
|gen|9
|tier|[Gen 9] OU
|rated|
|rule|HP Percentage Mod: HP is shown in percentages
|rule|Endless Battle Clause: Forcing endless battles is banned
|rule|Species Clause: Limit one of each Pokémon
|rule|OHKO Clause: OHKO moves are banned
|rule|Evasion Items Clause: Evasion items are banned
|rule|Evasion Moves Clause: Evasion moves are banned
|rule|Evasion Abilities Clause: Evasion abilities are banned
|rule|Sleep Moves Clause: Sleep-inducing moves are banned
|clearpoke
|poke|p1|Raging Bolt|
|poke|p1|Ogerpon, F|
|poke|p1|Iron Treads|
|poke|p1|Darkrai|
|poke|p1|Moltres|
|poke|p1|Primarina, M|
|poke|p2|Iron Valiant|
|poke|p2|Ogerpon-Cornerstone, F|
|poke|p2|Iron Treads|
|poke|p2|Fezandipiti, M|
|poke|p2|Samurott-Hisui, M|
|poke|p2|Goodra-Hisui, M|
|teampreview
|
|t:|1781378677
|teamsize|p1|6
|teamsize|p2|6
|start
|switch|p1a: Darkrai|Darkrai|100/100
|switch|p2a: Iron Valiant|Iron Valiant|100/100
|turn|1
|
|t:|1781378682
|-end|p2a: Iron Valiant|Quark Drive|[silent]
|switch|p2a: Prof. Goo-D.|Goodra-Hisui, M|100/100
|-terastallize|p1a: Darkrai|Poison
|move|p1a: Darkrai|Sludge Bomb|p2a: Prof. Goo-D.
|-immune|p2a: Prof. Goo-D.
|
|upkeep
|turn|2
|
|t:|1781378690
|move|p1a: Darkrai|Will-O-Wisp|p2a: Prof. Goo-D.
|-status|p2a: Prof. Goo-D.|brn
|move|p2a: Prof. Goo-D.|Earthquake|p1a: Darkrai
|-supereffective|p1a: Darkrai
|-damage|p1a: Darkrai|60/100
|
|-damage|p2a: Prof. Goo-D.|94/100 brn|[from] brn
|upkeep
|turn|3
|
|t:|1781378701
|move|p1a: Darkrai|Ice Beam|p2a: Prof. Goo-D.
|-damage|p2a: Prof. Goo-D.|78/100 brn
|move|p2a: Prof. Goo-D.|Knock Off|p1a: Darkrai
|-damage|p1a: Darkrai|40/100
|-enditem|p1a: Darkrai|Heavy-Duty Boots|[from] move: Knock Off|[of] p2a: Prof. Goo-D.
|
|-damage|p2a: Prof. Goo-D.|71/100 brn|[from] brn
|upkeep
|turn|4
|
|t:|1781378710
|switch|p1a: Ogerpon|Ogerpon, F|100/100
|move|p2a: Prof. Goo-D.|Earthquake|p1a: Ogerpon
|-resisted|p1a: Ogerpon
|-damage|p1a: Ogerpon|90/100
|
|-damage|p2a: Prof. Goo-D.|65/100 brn|[from] brn
|upkeep
|turn|5
|
|t:|1781378721
|switch|p2a: fezanskibidi|Fezandipiti, M|100/100
|-item|p2a: fezanskibidi|Air Balloon
|move|p1a: Ogerpon|Low Kick|p2a: fezanskibidi
|-resisted|p2a: fezanskibidi
|-damage|p2a: fezanskibidi|91/100
|-enditem|p2a: fezanskibidi|Air Balloon
|
|upkeep
|turn|6
|
|t:|1781378730
|switch|p1a: Iron Treads|Iron Treads|100/100
|move|p2a: fezanskibidi|Heat Wave|p1a: Iron Treads
|-supereffective|p1a: Iron Treads
|-damage|p1a: Iron Treads|62/100
|
|-heal|p1a: Iron Treads|68/100|[from] item: Leftovers
|upkeep
|turn|7
|inactive|Battle timer is ON: inactive players will automatically lose when time's up. (requested by Roseofrosarade)
|
|t:|1781378746
|move|p2a: fezanskibidi|Heat Wave|p1a: Iron Treads
|-supereffective|p1a: Iron Treads
|-damage|p1a: Iron Treads|27/100
|-status|p1a: Iron Treads|brn
|move|p1a: Iron Treads|Stealth Rock|p2a: fezanskibidi
|-sidestart|p2: myree|move: Stealth Rock
|
|-heal|p1a: Iron Treads|33/100 brn|[from] item: Leftovers
|-damage|p1a: Iron Treads|27/100 brn|[from] brn
|upkeep
|turn|8
|
|t:|1781378751
|move|p2a: fezanskibidi|Heat Wave|p1a: Iron Treads
|-supereffective|p1a: Iron Treads
|-crit|p1a: Iron Treads
|-damage|p1a: Iron Treads|0 fnt
|faint|p1a: Iron Treads
|-end|p1a: Iron Treads|Quark Drive|[silent]
|
|upkeep
|
|t:|1781378757
|switch|p1a: Primarina|Primarina, M|100/100
|turn|9
|
|t:|1781378761
|move|p2a: fezanskibidi|Moonblast|p1a: Primarina
|-damage|p1a: Primarina|79/100
|move|p1a: Primarina|Psychic Noise|p2a: fezanskibidi
|-supereffective|p2a: fezanskibidi
|-damage|p2a: fezanskibidi|40/100
|-start|p2a: fezanskibidi|move: Heal Block
|
|upkeep
|turn|10
|
|t:|1781378781
|switch|p2a: Prof. Goo-D.|Goodra-Hisui, M|65/100 brn
|-damage|p2a: Prof. Goo-D.|59/100 brn|[from] Stealth Rock
|move|p1a: Primarina|Psychic Noise|p2a: Prof. Goo-D.
|-resisted|p2a: Prof. Goo-D.
|-damage|p2a: Prof. Goo-D.|53/100 brn
|-start|p2a: Prof. Goo-D.|move: Heal Block
|
|-damage|p2a: Prof. Goo-D.|46/100 brn|[from] brn
|upkeep
|turn|11
|
|t:|1781378790
|switch|p1a: Ogerpon|Ogerpon, F|90/100
|move|p2a: Prof. Goo-D.|Thunderbolt|p1a: Ogerpon
|-resisted|p1a: Ogerpon
|-damage|p1a: Ogerpon|76/100
|
|-damage|p2a: Prof. Goo-D.|40/100 brn|[from] brn
|-end|p2a: Prof. Goo-D.|move: Heal Block
|upkeep
|turn|12
|
|t:|1781378798
|switch|p2a: Iron Valiant|Iron Valiant|100/100
|move|p1a: Ogerpon|U-turn|p2a: Iron Valiant
|-resisted|p2a: Iron Valiant
|-damage|p2a: Iron Valiant|89/100
|
|t:|1781378802
|switch|p1a: Primarina|Primarina, M|79/100|[from] U-turn
|
|upkeep
|turn|13
|
|t:|1781378808
|switch|p1a: Raging Bolt|Raging Bolt|100/100
|move|p2a: Iron Valiant|Destiny Bond|p2a: Iron Valiant
|-singlemove|p2a: Iron Valiant|Destiny Bond
|
|upkeep
|turn|14
|
|t:|1781378815
|-end|p2a: Iron Valiant|Quark Drive|[silent]
|switch|p2a: best treadist|Iron Treads|100/100
|-damage|p2a: best treadist|97/100|[from] Stealth Rock
|-end|p1a: Raging Bolt|Protosynthesis|[silent]
|switch|p1a: Moltres|Moltres|100/100
|
|upkeep
|turn|15
|
|t:|1781378828
|-end|p2a: best treadist|Quark Drive|[silent]
|switch|p2a: Samurott|Samurott-Hisui, M|100/100
|-damage|p2a: Samurott|88/100|[from] Stealth Rock
|move|p1a: Moltres|Flamethrower|p2a: Samurott
|-resisted|p2a: Samurott
|-damage|p2a: Samurott|74/100
|-status|p2a: Samurott|brn
|
|-damage|p2a: Samurott|67/100 brn|[from] brn
|upkeep
|turn|16
|
|t:|1781378835
|move|p1a: Moltres|U-turn|p2a: Samurott
|-supereffective|p2a: Samurott
|-damage|p2a: Samurott|33/100 brn
|
|t:|1781378838
|switch|p1a: Primarina|Primarina, M|79/100|[from] U-turn
|move|p2a: Samurott|Ceaseless Edge|p1a: Primarina
|-resisted|p1a: Primarina
|-damage|p1a: Primarina|63/100
|-sidestart|p1: Roseofrosarade|Spikes
|
|-damage|p2a: Samurott|27/100 brn|[from] brn
|upkeep
|turn|17
|
|t:|1781378843
|move|p2a: Samurott|Ceaseless Edge|p1a: Primarina
|-resisted|p1a: Primarina
|-damage|p1a: Primarina|45/100
|-sidestart|p1: Roseofrosarade|Spikes
|move|p1a: Primarina|Moonblast|p2a: Samurott
|-supereffective|p2a: Samurott
|-damage|p2a: Samurott|0 fnt
|faint|p2a: Samurott
|
|upkeep
|
|t:|1781378862
|switch|p2a: roxc-bree|Ogerpon-Cornerstone, F|100/100
|-damage|p2a: roxc-bree|88/100|[from] Stealth Rock
|turn|18
|
|t:|1781378866
|move|p2a: roxc-bree|Horn Leech|p1a: Primarina
|-supereffective|p1a: Primarina
|-damage|p1a: Primarina|0 fnt
|-heal|p2a: roxc-bree|100/100|[from] drain|[of] p1a: Primarina
|faint|p1a: Primarina
|
|upkeep
|
|t:|1781378877
|switch|p1a: Ogerpon|Ogerpon, F|76/100
|-damage|p1a: Ogerpon|60/100|[from] Spikes
|turn|19
|
|t:|1781378892
|switch|p2a: Prof. Goo-D.|Goodra-Hisui, M|40/100 brn
|-damage|p2a: Prof. Goo-D.|34/100 brn|[from] Stealth Rock
|move|p1a: Ogerpon|U-turn|p2a: Prof. Goo-D.
|-resisted|p2a: Prof. Goo-D.
|-damage|p2a: Prof. Goo-D.|14/100 brn
|-ability|p2a: Prof. Goo-D.|Gooey
|-unboost|p1a: Ogerpon|spe|1
|-ability|p1a: Ogerpon|Defiant|boost
|-boost|p1a: Ogerpon|atk|2
|
|t:|1781378898
|switch|p1a: Moltres|Moltres|100/100|[from] U-turn
|
|-damage|p2a: Prof. Goo-D.|8/100 brn|[from] brn
|upkeep
|turn|20
|
|t:|1781378908
|move|p1a: Moltres|Flamethrower|p2a: Prof. Goo-D.
|-damage|p2a: Prof. Goo-D.|0 fnt
|faint|p2a: Prof. Goo-D.
|
|upkeep
|
|t:|1781378920
|switch|p2a: fezanskibidi|Fezandipiti, M|40/100
|-damage|p2a: fezanskibidi|28/100|[from] Stealth Rock
|turn|21
|
|t:|1781378926
|move|p2a: fezanskibidi|Roost|p2a: fezanskibidi
|-heal|p2a: fezanskibidi|78/100
|-singleturn|p2a: fezanskibidi|move: Roost
|move|p1a: Moltres|Flamethrower|p2a: fezanskibidi
|-damage|p2a: fezanskibidi|43/100
|
|upkeep
|turn|22
|
|t:|1781378931
|move|p2a: fezanskibidi|Roost|p2a: fezanskibidi
|-heal|p2a: fezanskibidi|93/100
|-singleturn|p2a: fezanskibidi|move: Roost
|move|p1a: Moltres|Flamethrower|p2a: fezanskibidi
|-damage|p2a: fezanskibidi|59/100
|
|upkeep
|turn|23
|j| DA COME UP
|
|t:|1781378934
|move|p2a: fezanskibidi|Moonblast|p1a: Moltres
|-resisted|p1a: Moltres
|-damage|p1a: Moltres|84/100
|-unboost|p1a: Moltres|spa|1
|move|p1a: Moltres|Flamethrower|p2a: fezanskibidi
|-crit|p2a: fezanskibidi
|-damage|p2a: fezanskibidi|10/100
|
|upkeep
|turn|24
|
|t:|1781378937
|move|p2a: fezanskibidi|Roost|p2a: fezanskibidi
|-heal|p2a: fezanskibidi|60/100
|-singleturn|p2a: fezanskibidi|move: Roost
|move|p1a: Moltres|Flamethrower|p2a: fezanskibidi
|-damage|p2a: fezanskibidi|37/100
|
|upkeep
|turn|25
|
|t:|1781378941
|move|p2a: fezanskibidi|Moonblast|p1a: Moltres
|-resisted|p1a: Moltres
|-damage|p1a: Moltres|68/100
|move|p1a: Moltres|U-turn|p2a: fezanskibidi
|-resisted|p2a: fezanskibidi
|-damage|p2a: fezanskibidi|32/100
|
|t:|1781378942
|switch|p1a: Darkrai|Darkrai, tera:Poison|40/100|[from] U-turn
|-damage|p1a: Darkrai|23/100|[from] Spikes
|
|upkeep
|turn|26
|inactive|myree has 120 seconds left.
|
|t:|1781378982
|switch|p2a: best treadist|Iron Treads|97/100
|-damage|p2a: best treadist|94/100|[from] Stealth Rock
|move|p1a: Darkrai|Sludge Bomb|p2a: best treadist
|-immune|p2a: best treadist
|
|upkeep
|turn|27
|inactive|myree has 120 seconds left.
|
|t:|1781378995
|switch|p1a: Moltres|Moltres|68/100
|move|p2a: best treadist|Rapid Spin|p1a: Moltres
|-damage|p1a: Moltres|56/100
|-boost|p2a: best treadist|spe|1
|-sideend|p2: myree|Stealth Rock|[from] move: Rapid Spin|[of] p2a: best treadist
|
|upkeep
|turn|28
|inactive|myree has 120 seconds left.
|
|t:|1781379008
|-end|p2a: best treadist|Quark Drive|[silent]
|switch|p2a: Iron Valiant|Iron Valiant|89/100
|move|p1a: Moltres|Flamethrower|p2a: Iron Valiant
|-damage|p2a: Iron Valiant|18/100
|
|upkeep
|turn|29
|inactive|myree has 120 seconds left.
|
|t:|1781379019
|move|p2a: Iron Valiant|Thunderbolt|p1a: Moltres
|-supereffective|p1a: Moltres
|-damage|p1a: Moltres|0 fnt
|faint|p1a: Moltres
|
|upkeep
|
|t:|1781379022
|switch|p1a: Darkrai|Darkrai, tera:Poison|23/100
|-damage|p1a: Darkrai|7/100|[from] Spikes
|turn|30
|inactive|myree has 120 seconds left.
|
|t:|1781379052
|-end|p2a: Iron Valiant|Quark Drive|[silent]
|switch|p2a: fezanskibidi|Fezandipiti, M|32/100
|move|p1a: Darkrai|Ice Beam|p2a: fezanskibidi
|-damage|p2a: fezanskibidi|3/100
|
|upkeep
|turn|31
|l|☆Roseofrosarade
|inactive|Roseofrosarade disconnected and has a minute to reconnect!
|player|p1|
|j|☆Roseofrosarade
|inactive|Roseofrosarade reconnected and has 135 seconds left.
|player|p1|Roseofrosarade|1|
|
|t:|1781379073
|move|p1a: Darkrai|Dark Pulse|p2a: fezanskibidi
|-resisted|p2a: fezanskibidi
|-damage|p2a: fezanskibidi|0 fnt
|faint|p2a: fezanskibidi
|
|upkeep
|
|t:|1781379083
|switch|p2a: roxc-bree|Ogerpon-Cornerstone, F|100/100
|turn|32
|
|t:|1781379093
|switch|p1a: Raging Bolt|Raging Bolt|100/100
|-damage|p1a: Raging Bolt|84/100|[from] Spikes
|move|p2a: roxc-bree|Ivy Cudgel|p1a: Raging Bolt|[anim] Ivy Cudgel Rock
|-crit|p1a: Raging Bolt
|-damage|p1a: Raging Bolt|0 fnt
|faint|p1a: Raging Bolt
|-end|p1a: Raging Bolt|Protosynthesis|[silent]
|
|upkeep
|
|t:|1781379097
|switch|p1a: Ogerpon|Ogerpon, F|60/100
|-damage|p1a: Ogerpon|43/100|[from] Spikes
|turn|33
|
|t:|1781379105
|move|p1a: Ogerpon|Ivy Cudgel|p2a: roxc-bree
|-damage|p2a: roxc-bree|13/100
|move|p2a: roxc-bree|Ivy Cudgel|p1a: Ogerpon|[anim] Ivy Cudgel Rock
|-damage|p1a: Ogerpon|0 fnt
|faint|p1a: Ogerpon
|
|upkeep
|
|t:|1781379109
|switch|p1a: Darkrai|Darkrai, tera:Poison|7/100
|-damage|p1a: Darkrai|0 fnt|[from] Spikes
|faint|p1a: Darkrai
|
|win|myree
|raw|Roseofrosarade's rating: 1673 &rarr; <strong>1652</strong><br />(-21 for losing)
|raw|myree's rating: 1649 &rarr; <strong>1670</strong><br />(+21 for winning)
|l|☆Roseofrosarade
|player|p1|
|l|☆myree
|player|p2|
