|j|☆winslowyoudog
|j|☆silver jay#2240
|t:|1781125971
|gametype|singles
|player|p1|winslowyoudog|169|1638
|player|p2|silver jay#2240|grusha|1698
|gen|9
|tier|[Gen 9] OU
|rated|
|rule|HP Percentage Mod: HP is shown in percentages
|rule|Endless Battle Clause: Forcing endless battles is banned
|rule|Species Clause: Limit one of each Pokémon
|rule|OHKO Clause: OHKO moves are banned
|rule|Evasion Items Clause: Evasion items are banned
|rule|Evasion Moves Clause: Evasion moves are banned
|rule|Evasion Abilities Clause: Evasion abilities are banned
|rule|Sleep Moves Clause: Sleep-inducing moves are banned
|clearpoke
|poke|p1|Slowbro-Galar, M|
|poke|p1|Indeedee, M|
|poke|p1|Armarouge, F|
|poke|p1|Hatterene, F|
|poke|p1|Iron Treads|
|poke|p1|Hawlucha, M|
|poke|p2|Iron Hands|
|poke|p2|Iron Treads|
|poke|p2|Dragonite, F|
|poke|p2|Darkrai|
|poke|p2|Deoxys-Speed|
|poke|p2|Toxapex, F|
|teampreview
|inactive|Battle timer is ON: inactive players will automatically lose when time's up. (requested by winslowyoudog)
|j| Arvayne
|
|t:|1781126038
|teamsize|p1|6
|teamsize|p2|6
|start
|switch|p1a: Indeedee|Indeedee, M|100/100
|switch|p2a: Iron Treads|Iron Treads|100/100
|-item|p2a: Iron Treads|Air Balloon
|-fieldstart|move: Psychic Terrain|[from] ability: Psychic Surge|[of] p1a: Indeedee
|turn|1
|
|t:|1781126043
|switch|p1a: Hatterene|Hatterene, F|100/100
|move|p2a: Iron Treads|Ice Spinner|p1a: Hatterene
|-damage|p1a: Hatterene|82/100
|-fieldend|move: Psychic Terrain
|-enditem|p1a: Hatterene|Eject Button
|j| Palm X
|
|t:|1781126050
|switch|p1a: Iron Treads|Iron Treads|100/100
|-item|p1a: Iron Treads|Air Balloon
|
|upkeep
|turn|2
|l| Palm X
|
|t:|1781126067
|move|p1a: Iron Treads|Rapid Spin|p2a: Iron Treads
|-resisted|p2a: Iron Treads
|-damage|p2a: Iron Treads|93/100
|-boost|p1a: Iron Treads|spe|1
|-enditem|p2a: Iron Treads|Air Balloon
|move|p2a: Iron Treads|Rapid Spin|p1a: Iron Treads
|-resisted|p1a: Iron Treads
|-damage|p1a: Iron Treads|93/100
|-boost|p2a: Iron Treads|spe|1
|-enditem|p1a: Iron Treads|Air Balloon
|
|upkeep
|turn|3
|
|t:|1781126073
|move|p2a: Iron Treads|Earthquake|p1a: Iron Treads
|-supereffective|p1a: Iron Treads
|-damage|p1a: Iron Treads|4/100
|move|p1a: Iron Treads|Earthquake|p2a: Iron Treads
|-supereffective|p2a: Iron Treads
|-damage|p2a: Iron Treads|7/100
|
|upkeep
|turn|4
|c|☆silver jay#2240|wait we are both bad
|c|☆silver jay#2240|spin..
|
|t:|1781126095
|move|p2a: Iron Treads|Earthquake|p1a: Iron Treads
|-supereffective|p1a: Iron Treads
|-damage|p1a: Iron Treads|0 fnt
|faint|p1a: Iron Treads
|-end|p1a: Iron Treads|Quark Drive|[silent]
|
|upkeep
|c|☆silver jay#2240|yay
|
|t:|1781126109
|switch|p1a: Hatterene|Hatterene, F|82/100
|turn|5
|
|t:|1781126131
|-end|p2a: Iron Treads|Quark Drive|[silent]
|switch|p2a: Toxapex|Toxapex, F|100/100
|move|p1a: Hatterene|Draining Kiss|p2a: Toxapex
|-resisted|p2a: Toxapex
|-damage|p2a: Toxapex|95/100
|-heal|p1a: Hatterene|86/100|[from] drain|[of] p2a: Toxapex
|
|upkeep
|turn|6
|
|t:|1781126136
|move|p2a: Toxapex|Sludge Bomb|p1a: Hatterene
|-supereffective|p1a: Hatterene
|-damage|p1a: Hatterene|29/100
|move|p1a: Hatterene|Trick Room|p1a: Hatterene
|-fieldstart|move: Trick Room|[of] p1a: Hatterene
|
|upkeep
|turn|7
|
|t:|1781126145
|switch|p1a: Indeedee|Indeedee, M|100/100
|-fieldstart|move: Psychic Terrain|[from] ability: Psychic Surge|[of] p1a: Indeedee
|move|p2a: Toxapex|Surf|p1a: Indeedee
|-damage|p1a: Indeedee|65/100
|
|upkeep
|turn|8
|
|t:|1781126155
|switch|p1a: Megaman|Slowbro-Galar, M|100/100
|move|p2a: Toxapex|Infestation|p1a: Megaman
|-damage|p1a: Megaman|95/100
|-activate|p1a: Megaman|move: Infestation|[of] p2a: Toxapex
|
|-damage|p1a: Megaman|83/100|[from] move: Infestation|[partiallytrapped]
|upkeep
|turn|9
|-activate|p1a: Megaman|ability: Quick Draw
|
|t:|1781126159
|move|p1a: Megaman|Expanding Force|p2a: Toxapex
|-supereffective|p2a: Toxapex
|-damage|p2a: Toxapex|7/100
|move|p2a: Toxapex|Surf|p1a: Megaman
|-damage|p1a: Megaman|47/100
|
|-damage|p1a: Megaman|35/100|[from] move: Infestation|[partiallytrapped]
|upkeep
|turn|10
|
|t:|1781126163
|switch|p2a: Darkrai|Darkrai|100/100
|move|p1a: Megaman|Expanding Force|p2a: Darkrai
|-immune|p2a: Darkrai
|
|-end|p1a: Megaman|Infestation|[partiallytrapped]|[silent]
|-fieldend|move: Trick Room
|upkeep
|turn|11
|
|t:|1781126177
|switch|p1a: Hawlucha|Hawlucha, M|100/100
|-enditem|p1a: Hawlucha|Psychic Seed
|-boost|p1a: Hawlucha|spd|1|[from] item: Psychic Seed
|move|p2a: Darkrai|Dark Pulse|p1a: Hawlucha
|-resisted|p1a: Hawlucha
|-damage|p1a: Hawlucha|70/100
|
|upkeep
|turn|12
|
|t:|1781126191
|switch|p2a: Iron Hands|Iron Hands|100/100
|move|p1a: Hawlucha|Swords Dance|p1a: Hawlucha
|-boost|p1a: Hawlucha|atk|2
|
|upkeep
|turn|13
|inactive|winslowyoudog has 120 seconds left.
|
|t:|1781126243
|-terastallize|p1a: Hawlucha|Electric
|move|p1a: Hawlucha|Acrobatics|p2a: Iron Hands
|-damage|p2a: Iron Hands|27/100
|move|p2a: Iron Hands|Ice Punch|p1a: Hawlucha
|-damage|p1a: Hawlucha|33/100
|
|upkeep
|turn|14
|l| Arvayne
|
|t:|1781126252
|-end|p2a: Iron Hands|Quark Drive|[silent]
|switch|p2a: Iron Treads|Iron Treads|7/100
|move|p1a: Hawlucha|Acrobatics|p2a: Iron Treads
|-resisted|p2a: Iron Treads
|-damage|p2a: Iron Treads|0 fnt
|faint|p2a: Iron Treads
|-end|p2a: Iron Treads|Quark Drive|[silent]
|
|-fieldend|move: Psychic Terrain
|upkeep
|
|t:|1781126258
|switch|p2a: Dragonite|Dragonite, F|100/100
|turn|15
|inactive|winslowyoudog has 120 seconds left.
|j| Palm X
|
|t:|1781126273
|move|p1a: Hawlucha|Acrobatics|p2a: Dragonite
|-damage|p2a: Dragonite|46/100
|move|p2a: Dragonite|Dragon Dance|p2a: Dragonite
|-boost|p2a: Dragonite|atk|1
|-boost|p2a: Dragonite|spe|1
|
|upkeep
|turn|16
|inactive|winslowyoudog has 120 seconds left.
|
|t:|1781126288
|switch|p1a: Indeedee|Indeedee, M|65/100
|-fieldstart|move: Psychic Terrain|[from] ability: Psychic Surge|[of] p1a: Indeedee
|move|p2a: Dragonite|Extreme Speed|p1a: Indeedee
|-activate|p1a: Indeedee|move: Psychic Terrain
|
|upkeep
|turn|17
|
|t:|1781126298
|switch|p1a: Hatterene|Hatterene, F|29/100
|move|p2a: Dragonite|Fire Punch|p1a: Hatterene
|-damage|p1a: Hatterene|0 fnt
|faint|p1a: Hatterene
|-damage|p2a: Dragonite|36/100|[from] item: Life Orb
|
|upkeep
|j| kirbyphoenix25
|
|t:|1781126303
|switch|p1a: Armarouge|Armarouge, F|100/100
|turn|18
|
|t:|1781126323
|move|p1a: Armarouge|Endure|p1a: Armarouge
|-singleturn|p1a: Armarouge|move: Endure
|move|p2a: Dragonite|Outrage|p1a: Armarouge
|-activate|p1a: Armarouge|move: Endure
|-damage|p1a: Armarouge|1/100
|-ability|p1a: Armarouge|Weak Armor|boost
|-unboost|p1a: Armarouge|def|1
|-boost|p1a: Armarouge|spe|2
|-damage|p2a: Dragonite|26/100|[from] item: Life Orb
|
|upkeep
|turn|19
|
|t:|1781126331
|move|p1a: Armarouge|Expanding Force|p2a: Dragonite
|-damage|p2a: Dragonite|0 fnt
|faint|p2a: Dragonite
|
|upkeep
|j| qklingying
|
|t:|1781126348
|switch|p2a: Darkrai|Darkrai|100/100
|turn|20
|
|t:|1781126354
|move|p1a: Armarouge|Endure|p1a: Armarouge
|-singleturn|p1a: Armarouge|move: Endure
|move|p2a: Darkrai|Dark Pulse|p1a: Armarouge
|-supereffective|p1a: Armarouge
|-activate|p1a: Armarouge|move: Endure
|-damage|p1a: Armarouge|1/100
|-enditem|p1a: Armarouge|Weakness Policy
|-boost|p1a: Armarouge|atk|2|[from] item: Weakness Policy
|-boost|p1a: Armarouge|spa|2|[from] item: Weakness Policy
|
|upkeep
|turn|21
|c|☆silver jay#2240|i
|c|☆silver jay#2240|im dumb
|
|t:|1781126368
|switch|p2a: Iron Hands|Iron Hands|27/100
|move|p1a: Armarouge|Armor Cannon|p2a: Iron Hands
|-damage|p2a: Iron Hands|0 fnt
|-unboost|p1a: Armarouge|def|1
|-unboost|p1a: Armarouge|spd|1
|faint|p2a: Iron Hands
|-end|p2a: Iron Hands|Quark Drive|[silent]
|
|upkeep
|
|t:|1781126382
|switch|p2a: Toxapex|Toxapex, F|41/100
|turn|22
|
|t:|1781126385
|switch|p2a: Darkrai|Darkrai|100/100
|move|p1a: Armarouge|Armor Cannon|p2a: Darkrai
|-damage|p2a: Darkrai|0 fnt
|-unboost|p1a: Armarouge|def|1
|-unboost|p1a: Armarouge|spd|1
|faint|p2a: Darkrai
|
|upkeep
|
|t:|1781126387
|switch|p2a: Toxapex|Toxapex, F|74/100
|turn|23
|
|t:|1781126394
|move|p1a: Armarouge|Armor Cannon|p2a: Toxapex
|-resisted|p2a: Toxapex
|-damage|p2a: Toxapex|40/100
|-unboost|p1a: Armarouge|def|1
|-unboost|p1a: Armarouge|spd|1
|move|p2a: Toxapex|Infestation|p1a: Armarouge
|-damage|p1a: Armarouge|0 fnt
|faint|p1a: Armarouge
|
|-fieldend|move: Psychic Terrain
|upkeep
|
|t:|1781126396
|switch|p1a: Indeedee|Indeedee, M|65/100
|-fieldstart|move: Psychic Terrain|[from] ability: Psychic Surge|[of] p1a: Indeedee
|turn|24
|j| SigmaWolf67
|l| SigmaWolf67
|
|t:|1781126415
|move|p2a: Toxapex|Surf|p1a: Indeedee
|-damage|p1a: Indeedee|34/100
|move|p1a: Indeedee|Trick Room|p1a: Indeedee
|-fieldstart|move: Trick Room|[of] p1a: Indeedee
|
|upkeep
|turn|25
|
|t:|1781126423
|move|p2a: Toxapex|Sludge Bomb|p1a: Indeedee
|-damage|p1a: Indeedee|1/100
|-status|p1a: Indeedee|psn
|move|p1a: Indeedee|Healing Wish|p1a: Indeedee
|faint|p1a: Indeedee
|
|upkeep
|
|t:|1781126427
|switch|p1a: Megaman|Slowbro-Galar, M|35/100
|-heal|p1a: Megaman|100/100|[from] move: Healing Wish
|turn|26
|
|t:|1781126435
|move|p1a: Megaman|Nasty Plot|p1a: Megaman
|-boost|p1a: Megaman|spa|2
|move|p2a: Toxapex|Surf|p1a: Megaman
|-damage|p1a: Megaman|66/100
|
|upkeep
|turn|27
|
|t:|1781126443
|move|p1a: Megaman|Expanding Force|p2a: Toxapex
|-supereffective|p2a: Toxapex
|-damage|p2a: Toxapex|0 fnt
|faint|p2a: Toxapex
|
|upkeep
|
|t:|1781126445
|switch|p2a: Deoxys|Deoxys-Speed|100/100
|-ability|p2a: Deoxys|Pressure
|turn|28
|
|t:|1781126449
|move|p1a: Megaman|Expanding Force|p2a: Deoxys
|-resisted|p2a: Deoxys
|-damage|p2a: Deoxys|28/100
|move|p2a: Deoxys|Calm Mind|p2a: Deoxys
|-boost|p2a: Deoxys|spa|1
|-boost|p2a: Deoxys|spd|1
|
|-heal|p2a: Deoxys|34/100|[from] item: Leftovers
|-fieldend|move: Trick Room
|upkeep
|turn|29
|
|t:|1781126454
|move|p2a: Deoxys|Recover|p2a: Deoxys
|-heal|p2a: Deoxys|84/100
|move|p1a: Megaman|Expanding Force|p2a: Deoxys
|-resisted|p2a: Deoxys
|-damage|p2a: Deoxys|39/100
|
|-heal|p2a: Deoxys|45/100|[from] item: Leftovers
|upkeep
|turn|30
|
|t:|1781126460
|move|p2a: Deoxys|Calm Mind|p2a: Deoxys
|-boost|p2a: Deoxys|spa|1
|-boost|p2a: Deoxys|spd|1
|move|p1a: Megaman|Nasty Plot|p1a: Megaman
|-boost|p1a: Megaman|spa|2
|
|-heal|p2a: Deoxys|51/100|[from] item: Leftovers
|upkeep
|turn|31
|
|t:|1781126467
|move|p2a: Deoxys|Stored Power|p1a: Megaman
|-damage|p1a: Megaman|0 fnt
|faint|p1a: Megaman
|
|-heal|p2a: Deoxys|57/100|[from] item: Leftovers
|-fieldend|move: Psychic Terrain
|upkeep
|l| kirbyphoenix25
|c|☆silver jay#2240|gg
|l| Palm X
|
|t:|1781126479
|switch|p1a: Hawlucha|Hawlucha, M, tera:Electric|33/100
|turn|32
|
|t:|1781126481
|move|p2a: Deoxys|Stored Power|p1a: Hawlucha
|-damage|p1a: Hawlucha|0 fnt
|faint|p1a: Hawlucha
|
|win|silver jay#2240
|raw|winslowyoudog's rating: 1638 &rarr; <strong>1621</strong><br />(-17 for losing)
|raw|silver jay#2240's rating: 1698 &rarr; <strong>1715</strong><br />(+17 for winning)
|l|☆silver jay#2240
|player|p2|
|l|☆winslowyoudog
|player|p1|
|l| qklingying
