|j|☆omari p
|j|☆extra-pseudo man
|t:|1781375701
|gametype|singles
|player|p1|omari p|pokemonrangerf|1640
|player|p2|extra-pseudo man|102|1619
|gen|9
|tier|[Gen 9] OU
|rated|
|rule|HP Percentage Mod: HP is shown in percentages
|rule|Endless Battle Clause: Forcing endless battles is banned
|rule|Species Clause: Limit one of each Pokémon
|rule|OHKO Clause: OHKO moves are banned
|rule|Evasion Items Clause: Evasion items are banned
|rule|Evasion Moves Clause: Evasion moves are banned
|rule|Evasion Abilities Clause: Evasion abilities are banned
|rule|Sleep Moves Clause: Sleep-inducing moves are banned
|clearpoke
|poke|p1|Klefki, M|
|poke|p1|Keldeo-Resolute|
|poke|p1|Garchomp, M|
|poke|p1|Landorus-Therian, M|
|poke|p1|Iron Valiant|
|poke|p1|Cinderace, M|
|poke|p2|Dragonite, F|
|poke|p2|Dragapult, M|
|poke|p2|Tyranitar, M|
|poke|p2|Metagross|
|poke|p2|Goodra-Hisui, F|
|poke|p2|Garchomp, F|
|teampreview
|j| rgbt1887
|c|☆extra-pseudo man|gl
|c| rgbt1887|gl guys hf
|
|t:|1781375760
|teamsize|p1|6
|teamsize|p2|6
|start
|switch|p1a: Garchomp|Garchomp, M|100/100
|switch|p2a: He pulten on it|Dragapult, M|100/100
|turn|1
|
|t:|1781375767
|switch|p1a: Klefki|Klefki, M|100/100
|move|p2a: He pulten on it|Draco Meteor|p1a: Klefki
|-immune|p1a: Klefki
|
|upkeep
|turn|2
|
|t:|1781375770
|switch|p2a: Marill me|Garchomp, F|100/100
|move|p1a: Klefki|Spikes|p2a: Marill me
|-sidestart|p2: extra-pseudo man|Spikes
|
|upkeep
|turn|3
|
|t:|1781375774
|switch|p1a: Garchomp|Garchomp, M|100/100
|move|p2a: Marill me|Spikes|p1a: Garchomp
|-sidestart|p1: omari p|Spikes
|
|upkeep
|turn|4
|
|t:|1781375779
|move|p1a: Garchomp|Stealth Rock|p2a: Marill me
|-sidestart|p2: extra-pseudo man|move: Stealth Rock
|move|p2a: Marill me|Dragon Tail|p1a: Garchomp
|-supereffective|p1a: Garchomp
|-damage|p1a: Garchomp|68/100
|-damage|p2a: Marill me|88/100|[from] ability: Rough Skin|[of] p1a: Garchomp
|-damage|p2a: Marill me|71/100|[from] item: Rocky Helmet|[of] p1a: Garchomp
|drag|p1a: Cinderace|Cinderace, M|100/100
|
|upkeep
|turn|5
|inactive|Battle timer is ON: inactive players will automatically lose when time's up. (requested by omari p)
|
|t:|1781375786
|move|p1a: Cinderace|U-turn|p2a: Marill me
|-start|p1a: Cinderace|typechange|Bug|[from] ability: Libero
|-damage|p2a: Marill me|49/100
|-damage|p1a: Cinderace|88/100|[from] ability: Rough Skin|[of] p2a: Marill me
|-damage|p1a: Cinderace|72/100|[from] item: Rocky Helmet|[of] p2a: Marill me
|
|t:|1781375788
|switch|p1a: Landorus|Landorus-Therian, M|100/100|[from] U-turn
|-ability|p1a: Landorus|Intimidate|boost
|-unboost|p2a: Marill me|atk|1
|move|p2a: Marill me|Dragon Tail|p1a: Landorus
|-damage|p1a: Landorus|79/100
|drag|p1a: Keldeo|Keldeo-Resolute|100/100
|-damage|p1a: Keldeo|88/100|[from] Spikes
|
|upkeep
|turn|6
|
|t:|1781375800
|move|p1a: Keldeo|Surf|p2a: Marill me
|-damage|p2a: Marill me|4/100
|move|p2a: Marill me|Earthquake|p1a: Keldeo
|-damage|p1a: Keldeo|54/100
|
|upkeep
|turn|7
|
|t:|1781375803
|move|p1a: Keldeo|Surf|p2a: Marill me
|-damage|p2a: Marill me|0 fnt
|faint|p2a: Marill me
|
|upkeep
|
|t:|1781375811
|switch|p2a: The goot|Goodra-Hisui, F|100/100
|-damage|p2a: The goot|88/100|[from] Spikes
|-damage|p2a: The goot|82/100|[from] Stealth Rock
|turn|8
|
|t:|1781375824
|switch|p1a: Klefki|Klefki, M|100/100
|-damage|p1a: Klefki|88/100|[from] Spikes
|move|p2a: The goot|Flash Cannon|p1a: Klefki
|-damage|p1a: Klefki|40/100
|
|-heal|p1a: Klefki|46/100|[from] item: Leftovers
|upkeep
|turn|9
|
|t:|1781375831
|move|p1a: Klefki|Magic Room|p1a: Klefki
|-fieldstart|move: Magic Room|[of] p1a: Klefki
|move|p2a: The goot|Flash Cannon|p1a: Klefki
|-damage|p1a: Klefki|8/100
|
|upkeep
|turn|10
|
|t:|1781375837
|move|p1a: Klefki|Thunder Wave|p2a: The goot
|-status|p2a: The goot|par
|move|p2a: The goot|Ice Beam|p1a: Klefki
|-resisted|p1a: Klefki
|-damage|p1a: Klefki|0 fnt
|faint|p1a: Klefki
|
|upkeep
|
|t:|1781375843
|switch|p1a: Landorus|Landorus-Therian, M|79/100
|-ability|p1a: Landorus|Intimidate|boost
|-unboost|p2a: The goot|atk|1
|turn|11
|
|t:|1781375854
|move|p1a: Landorus|Earthquake|p2a: The goot
|-supereffective|p2a: The goot
|-damage|p2a: The goot|0 fnt
|faint|p2a: The goot
|
|upkeep
|
|t:|1781375856
|switch|p2a: He pulten on it|Dragapult, M|100/100
|-damage|p2a: He pulten on it|88/100|[from] Spikes
|-damage|p2a: He pulten on it|76/100|[from] Stealth Rock
|turn|12
|
|t:|1781375865
|move|p2a: He pulten on it|Will-O-Wisp|p1a: Landorus
|-status|p1a: Landorus|brn
|move|p1a: Landorus|Earthquake|p2a: He pulten on it
|-damage|p2a: He pulten on it|38/100
|
|-damage|p1a: Landorus|73/100 brn|[from] brn
|upkeep
|turn|13
|
|t:|1781375867
|move|p2a: He pulten on it|Hex|p1a: Landorus
|-damage|p1a: Landorus|0 fnt
|faint|p1a: Landorus
|
|-fieldend|move: Magic Room|[of] p1: Klefki
|upkeep
|
|t:|1781375870
|switch|p1a: Keldeo|Keldeo-Resolute|54/100
|-damage|p1a: Keldeo|42/100|[from] Spikes
|turn|14
|
|t:|1781375888
|move|p1a: Keldeo|Surf|p2a: He pulten on it
|-resisted|p2a: He pulten on it
|-damage|p2a: He pulten on it|8/100
|move|p2a: He pulten on it|Draco Meteor|p1a: Keldeo
|-damage|p1a: Keldeo|0 fnt
|-unboost|p2a: He pulten on it|spa|2
|faint|p1a: Keldeo
|
|upkeep
|
|t:|1781375895
|switch|p1a: Iron Valiant|Iron Valiant|100/100
|-damage|p1a: Iron Valiant|88/100|[from] Spikes
|-enditem|p1a: Iron Valiant|Booster Energy
|-activate|p1a: Iron Valiant|ability: Quark Drive|[fromitem]
|-start|p1a: Iron Valiant|quarkdrivespe
|turn|15
|inactive|omari p has 120 seconds left.
|l| rgbt1887
|inactive|omari p has 90 seconds left.
|
|t:|1781375975
|move|p1a: Iron Valiant|Moonblast|p2a: He pulten on it
|-supereffective|p2a: He pulten on it
|-damage|p2a: He pulten on it|0 fnt
|faint|p2a: He pulten on it
|
|upkeep
|
|t:|1781375985
|switch|p2a: kaboom|Metagross|100/100
|-damage|p2a: kaboom|88/100|[from] Spikes
|-damage|p2a: kaboom|82/100|[from] Stealth Rock
|turn|16
|inactive|omari p has 60 seconds left.
|
|t:|1781376033
|switch|p2a: Tyranocif|Tyranitar, M|100/100
|-damage|p2a: Tyranocif|88/100|[from] Spikes
|-damage|p2a: Tyranocif|76/100|[from] Stealth Rock
|-weather|Sandstorm|[from] ability: Sand Stream|[of] p2a: Tyranocif
|-terastallize|p1a: Iron Valiant|Ghost
|move|p1a: Iron Valiant|Shadow Ball|p2a: Tyranocif
|-resisted|p2a: Tyranocif
|-damage|p2a: Tyranocif|68/100
|
|-weather|Sandstorm|[upkeep]
|-damage|p1a: Iron Valiant|82/100|[from] Sandstorm
|-heal|p2a: Tyranocif|75/100|[from] item: Leftovers
|upkeep
|turn|17
|
|t:|1781376047
|switch|p2a: kaboom|Metagross|82/100
|-damage|p2a: kaboom|70/100|[from] Spikes
|-damage|p2a: kaboom|64/100|[from] Stealth Rock
|move|p1a: Iron Valiant|Close Combat|p2a: kaboom
|-damage|p2a: kaboom|15/100
|-unboost|p1a: Iron Valiant|def|1
|-unboost|p1a: Iron Valiant|spd|1
|
|-weather|Sandstorm|[upkeep]
|-damage|p1a: Iron Valiant|76/100|[from] Sandstorm
|upkeep
|turn|18
|inactive|extra-pseudo man has 120 seconds left.
|
|t:|1781376068
|-end|p1a: Iron Valiant|Quark Drive|[silent]
|switch|p1a: Garchomp|Garchomp, M|68/100
|-damage|p1a: Garchomp|56/100|[from] Spikes
|move|p2a: kaboom|Bullet Punch|p1a: Garchomp
|-damage|p1a: Garchomp|33/100
|-damage|p2a: kaboom|2/100|[from] ability: Rough Skin|[of] p1a: Garchomp
|-damage|p2a: kaboom|0 fnt|[from] item: Rocky Helmet|[of] p1a: Garchomp
|faint|p2a: kaboom
|
|-weather|Sandstorm|[upkeep]
|upkeep
|
|t:|1781376075
|switch|p2a: Tyranocif|Tyranitar, M|75/100
|-damage|p2a: Tyranocif|62/100|[from] Spikes
|-damage|p2a: Tyranocif|50/100|[from] Stealth Rock
|turn|19
|
|t:|1781376079
|move|p1a: Garchomp|Earthquake|p2a: Tyranocif
|-supereffective|p2a: Tyranocif
|-damage|p2a: Tyranocif|0 fnt
|faint|p2a: Tyranocif
|
|-weather|Sandstorm|[upkeep]
|upkeep
|
|t:|1781376081
|switch|p2a: Chud|Dragonite, F|100/100
|turn|20
|
|t:|1781376085
|move|p2a: Chud|Encore|p1a: Garchomp
|-start|p1a: Garchomp|Encore
|move|p1a: Garchomp|Earthquake|p2a: Chud
|-immune|p2a: Chud
|
|-weather|none
|upkeep
|turn|21
|inactive|omari p has 90 seconds left.
|
|t:|1781376092
|switch|p1a: Iron Valiant|Iron Valiant, tera:Ghost|76/100
|-damage|p1a: Iron Valiant|63/100|[from] Spikes
|move|p2a: Chud|Dragon Dance|p2a: Chud
|-boost|p2a: Chud|atk|1
|-boost|p2a: Chud|spe|1
|
|upkeep
|turn|22
|j| mak7xr
|
|t:|1781376107
|move|p2a: Chud|Earthquake|p1a: Iron Valiant
|-damage|p1a: Iron Valiant|0 fnt
|faint|p1a: Iron Valiant
|-end|p1a: Iron Valiant|Quark Drive|[silent]
|
|upkeep
|
|t:|1781376109
|switch|p1a: Garchomp|Garchomp, M|33/100
|-damage|p1a: Garchomp|20/100|[from] Spikes
|turn|23
|
|t:|1781376113
|-terastallize|p2a: Chud|Normal
|move|p2a: Chud|Extreme Speed|p1a: Garchomp
|-damage|p1a: Garchomp|0 fnt
|-damage|p2a: Chud|88/100|[from] ability: Rough Skin|[of] p1a: Garchomp
|-damage|p2a: Chud|72/100|[from] item: Rocky Helmet|[of] p1a: Garchomp
|faint|p1a: Garchomp
|
|upkeep
|
|t:|1781376117
|switch|p1a: Cinderace|Cinderace, M|72/100
|turn|24
|l| mak7xr
|
|t:|1781376120
|move|p2a: Chud|Extreme Speed|p1a: Cinderace
|-damage|p1a: Cinderace|0 fnt
|faint|p1a: Cinderace
|
|win|extra-pseudo man
|raw|omari p's rating: 1640 &rarr; <strong>1619</strong><br />(-21 for losing)
|raw|extra-pseudo man's rating: 1619 &rarr; <strong>1640</strong><br />(+21 for winning)
|l|☆omari p
|player|p1|
|c|☆extra-pseudo man|gg
|l|☆extra-pseudo man
|player|p2|
