|badge|p2|bronze|gen9ubers|100-9
|uhtml|medal-msg|<div class="broadcast-blue">Curious what those medals under the avatar are? PS now has Ladder Seasons! For more information, check out the <a href="https://www.smogon.com/forums/threads/3740067/">thread on Smogon.</a></div>
|j|☆fantominus83
|j|☆goodnightnite
|t:|1780914200
|gametype|singles
|player|p1|fantominus83|grimsley|1663
|player|p2|goodnightnite|miku-water|1628
|gen|9
|tier|[Gen 9] OU
|rated|
|rule|HP Percentage Mod: HP is shown in percentages
|rule|Endless Battle Clause: Forcing endless battles is banned
|rule|Species Clause: Limit one of each Pokémon
|rule|OHKO Clause: OHKO moves are banned
|rule|Evasion Items Clause: Evasion items are banned
|rule|Evasion Moves Clause: Evasion moves are banned
|rule|Evasion Abilities Clause: Evasion abilities are banned
|rule|Sleep Moves Clause: Sleep-inducing moves are banned
|clearpoke
|poke|p1|Iron Crown|
|poke|p1|Ninetales-Alola, F|
|poke|p1|Ceruledge, F|
|poke|p1|Great Tusk|
|poke|p1|Hatterene, F|
|poke|p1|Manaphy|
|poke|p2|Primarina, M|
|poke|p2|Zamazenta-*|
|poke|p2|Gholdengo|
|poke|p2|Rillaboom, M|
|poke|p2|Glimmora, M|
|poke|p2|Hydreigon, M|
|teampreview
|inactive|Battle timer is ON: inactive players will automatically lose when time's up. (requested by goodnightnite)
|
|t:|1780914225
|teamsize|p1|6
|teamsize|p2|6
|start
|switch|p1a: Ninetales|Ninetales-Alola, F|100/100
|switch|p2a: Celestine|Primarina, M, shiny|100/100
|-weather|Snowscape|[from] ability: Snow Warning|[of] p1a: Ninetales
|turn|1
|
|t:|1780914250
|move|p1a: Ninetales|Freeze-Dry|p2a: Celestine
|-supereffective|p2a: Celestine
|-damage|p2a: Celestine|78/100
|-status|p2a: Celestine|frz
|cant|p2a: Celestine|frz
|
|-weather|Snowscape|[upkeep]
|upkeep
|turn|2
|
|t:|1780914258
|move|p1a: Ninetales|Aurora Veil|p1a: Ninetales
|-sidestart|p1: fantominus83|move: Aurora Veil
|cant|p2a: Celestine|frz
|
|-weather|Snowscape|[upkeep]
|upkeep
|turn|3
|
|t:|1780914265
|switch|p1a: Iron Crown|Iron Crown|100/100
|cant|p2a: Celestine|frz
|
|-weather|Snowscape|[upkeep]
|upkeep
|turn|4
|
|t:|1780914269
|move|p1a: Iron Crown|Calm Mind|p1a: Iron Crown
|-boost|p1a: Iron Crown|spa|1
|-boost|p1a: Iron Crown|spd|1
|-curestatus|p2a: Celestine|frz|[msg]
|move|p2a: Celestine|Flip Turn|p1a: Iron Crown
|-damage|p1a: Iron Crown|93/100
|
|t:|1780914275
|switch|p2a: Kong|Rillaboom, M, shiny|100/100|[from] Flip Turn
|-fieldstart|move: Grassy Terrain|[from] ability: Grassy Surge|[of] p2a: Kong
|
|-weather|Snowscape|[upkeep]
|-heal|p1a: Iron Crown|99/100|[from] Grassy Terrain
|upkeep
|turn|5
|
|t:|1780914282
|move|p1a: Iron Crown|Agility|p1a: Iron Crown
|-boost|p1a: Iron Crown|spe|2
|move|p2a: Kong|Swords Dance|p2a: Kong
|-boost|p2a: Kong|atk|2
|
|-weather|none
|-heal|p1a: Iron Crown|100/100|[from] Grassy Terrain
|upkeep
|turn|6
|
|t:|1780914290
|move|p1a: Iron Crown|Calm Mind|p1a: Iron Crown
|-boost|p1a: Iron Crown|spa|1
|-boost|p1a: Iron Crown|spd|1
|move|p2a: Kong|High Horsepower|p1a: Iron Crown
|-supereffective|p1a: Iron Crown
|-damage|p1a: Iron Crown|14/100
|-enditem|p1a: Iron Crown|Weakness Policy
|-boost|p1a: Iron Crown|atk|2|[from] item: Weakness Policy
|-boost|p1a: Iron Crown|spa|2|[from] item: Weakness Policy
|-damage|p2a: Kong|91/100|[from] item: Life Orb
|
|-heal|p1a: Iron Crown|20/100|[from] Grassy Terrain
|-heal|p2a: Kong|97/100|[from] Grassy Terrain
|upkeep
|turn|7
|
|t:|1780914299
|move|p2a: Kong|Grassy Glide|p1a: Iron Crown
|-resisted|p1a: Iron Crown
|-damage|p1a: Iron Crown|0 fnt
|faint|p1a: Iron Crown
|-end|p1a: Iron Crown|Quark Drive|[silent]
|-damage|p2a: Kong|87/100|[from] item: Life Orb
|
|-heal|p2a: Kong|93/100|[from] Grassy Terrain
|upkeep
|
|t:|1780914314
|switch|p1a: Ninetales|Ninetales-Alola, F|100/100
|-weather|Snowscape|[from] ability: Snow Warning|[of] p1a: Ninetales
|turn|8
|
|t:|1780914321
|switch|p2a: Spirit Rush|Gholdengo, shiny|100/100
|-enditem|p2a: Spirit Rush|Grassy Seed
|-boost|p2a: Spirit Rush|def|1|[from] item: Grassy Seed
|move|p1a: Ninetales|Freeze-Dry|p2a: Spirit Rush
|-resisted|p2a: Spirit Rush
|-damage|p2a: Spirit Rush|93/100
|
|-weather|Snowscape|[upkeep]
|-heal|p2a: Spirit Rush|99/100|[from] Grassy Terrain
|-fieldend|move: Grassy Terrain
|upkeep
|turn|9
|
|t:|1780914327
|switch|p1a: Great Tusk|Great Tusk|100/100
|-enditem|p1a: Great Tusk|Booster Energy
|-activate|p1a: Great Tusk|ability: Protosynthesis|[fromitem]
|-start|p1a: Great Tusk|protosynthesisspe
|move|p2a: Spirit Rush|Nasty Plot|p2a: Spirit Rush
|-boost|p2a: Spirit Rush|spa|2
|
|-weather|Snowscape|[upkeep]
|-sideend|p1: fantominus83|move: Aurora Veil
|upkeep
|turn|10
|
|t:|1780914334
|move|p1a: Great Tusk|Headlong Rush|p2a: Spirit Rush
|-supereffective|p2a: Spirit Rush
|-damage|p2a: Spirit Rush|30/100
|-unboost|p1a: Great Tusk|def|1
|-unboost|p1a: Great Tusk|spd|1
|move|p2a: Spirit Rush|Shadow Ball|p1a: Great Tusk
|-damage|p1a: Great Tusk|0 fnt
|faint|p1a: Great Tusk
|-end|p1a: Great Tusk|Protosynthesis|[silent]
|
|-weather|Snowscape|[upkeep]
|upkeep
|
|t:|1780914347
|switch|p1a: Ceruledge|Ceruledge, F|100/100
|turn|11
|
|t:|1780914351
|move|p1a: Ceruledge|Bitter Blade|p2a: Spirit Rush
|-supereffective|p2a: Spirit Rush
|-damage|p2a: Spirit Rush|0 fnt
|faint|p2a: Spirit Rush
|-damage|p1a: Ceruledge|91/100|[from] item: Life Orb
|
|-weather|Snowscape|[upkeep]
|upkeep
|
|t:|1780914354
|switch|p2a: Hybrid|Hydreigon, M, shiny|100/100
|turn|12
|
|t:|1780914358
|switch|p1a: Ninetales|Ninetales-Alola, F|100/100
|move|p2a: Hybrid|Dark Pulse|p1a: Ninetales
|-resisted|p1a: Ninetales
|-damage|p1a: Ninetales|68/100
|
|-weather|none
|upkeep
|turn|13
|
|t:|1780914364
|switch|p1a: Hatterene|Hatterene, F|100/100
|switch|p2a: Bullet|Glimmora, M, shiny|100/100
|
|upkeep
|turn|14
|
|t:|1780914371
|move|p2a: Bullet|Mortal Spin|p1a: Hatterene
|-supereffective|p1a: Hatterene
|-damage|p1a: Hatterene|90/100
|-status|p1a: Hatterene|psn
|move|p1a: Hatterene|Calm Mind|p1a: Hatterene
|-boost|p1a: Hatterene|spa|1
|-boost|p1a: Hatterene|spd|1
|
|-heal|p1a: Hatterene|96/100 psn|[from] item: Leftovers
|-damage|p1a: Hatterene|84/100 psn|[from] psn
|upkeep
|turn|15
|
|t:|1780914381
|switch|p2a: Kong|Rillaboom, M, shiny|93/100
|-fieldstart|move: Grassy Terrain|[from] ability: Grassy Surge|[of] p2a: Kong
|move|p1a: Hatterene|Psychic Noise|p2a: Kong
|-damage|p2a: Kong|27/100
|-start|p2a: Kong|move: Heal Block
|
|-heal|p1a: Hatterene|90/100 psn|[from] Grassy Terrain
|-heal|p1a: Hatterene|96/100 psn|[from] item: Leftovers
|-damage|p1a: Hatterene|84/100 psn|[from] psn
|upkeep
|turn|16
|
|t:|1780914385
|move|p2a: Kong|Knock Off|p1a: Hatterene
|-damage|p1a: Hatterene|43/100 psn
|-enditem|p1a: Hatterene|Leftovers|[from] move: Knock Off|[of] p2a: Kong
|-damage|p2a: Kong|17/100|[from] item: Life Orb
|move|p1a: Hatterene|Draining Kiss|p2a: Kong
|-damage|p2a: Kong|0 fnt
|-heal|p1a: Hatterene|56/100 psn|[from] drain|[of] p2a: Kong
|faint|p2a: Kong
|
|-heal|p1a: Hatterene|62/100 psn|[from] Grassy Terrain
|-damage|p1a: Hatterene|50/100 psn|[from] psn
|upkeep
|
|t:|1780914392
|switch|p2a: Celestine|Primarina, M, shiny|78/100
|turn|17
|
|t:|1780914400
|move|p2a: Celestine|Psychic Noise|p1a: Hatterene
|-crit|p1a: Hatterene
|-damage|p1a: Hatterene|0 fnt
|faint|p1a: Hatterene
|
|-heal|p2a: Celestine|85/100|[from] Grassy Terrain
|upkeep
|
|t:|1780914402
|switch|p1a: Ninetales|Ninetales-Alola, F|68/100
|-weather|Snowscape|[from] ability: Snow Warning|[of] p1a: Ninetales
|turn|18
|
|t:|1780914406
|move|p1a: Ninetales|Aurora Veil|p1a: Ninetales
|-sidestart|p1: fantominus83|move: Aurora Veil
|move|p2a: Celestine|Moonblast|p1a: Ninetales
|-damage|p1a: Ninetales|45/100
|
|-weather|Snowscape|[upkeep]
|-heal|p1a: Ninetales|51/100|[from] Grassy Terrain
|-heal|p2a: Celestine|91/100|[from] Grassy Terrain
|upkeep
|turn|19
|
|t:|1780914410
|switch|p1a: Manaphy|Manaphy|100/100
|move|p2a: Celestine|Flip Turn|p1a: Manaphy
|-resisted|p1a: Manaphy
|-damage|p1a: Manaphy|98/100
|
|t:|1780914418
|switch|p2a: Bullet|Glimmora, M, shiny|100/100|[from] Flip Turn
|
|-weather|Snowscape|[upkeep]
|-heal|p1a: Manaphy|100/100|[from] Grassy Terrain
|-fieldend|move: Grassy Terrain
|upkeep
|turn|20
|
|t:|1780914423
|move|p1a: Manaphy|Take Heart|p1a: Manaphy
|-boost|p1a: Manaphy|spa|1
|-boost|p1a: Manaphy|spd|1
|move|p2a: Bullet|Mortal Spin|p1a: Manaphy
|-damage|p1a: Manaphy|98/100
|-status|p1a: Manaphy|psn
|
|-weather|Snowscape|[upkeep]
|-heal|p1a: Manaphy|100/100 psn|[from] item: Leftovers
|-damage|p1a: Manaphy|88/100 psn|[from] psn
|upkeep
|turn|21
|
|t:|1780914430
|move|p1a: Manaphy|Take Heart|p1a: Manaphy
|-boost|p1a: Manaphy|spa|1
|-boost|p1a: Manaphy|spd|1
|-curestatus|p1a: Manaphy|psn|[msg]
|move|p2a: Bullet|Mortal Spin|p1a: Manaphy
|-crit|p1a: Manaphy
|-damage|p1a: Manaphy|81/100
|-status|p1a: Manaphy|psn
|
|-weather|Snowscape|[upkeep]
|-heal|p1a: Manaphy|88/100 psn|[from] item: Leftovers
|-damage|p1a: Manaphy|75/100 psn|[from] psn
|upkeep
|turn|22
|
|t:|1780914445
|move|p1a: Manaphy|Acid Armor|p1a: Manaphy
|-boost|p1a: Manaphy|def|2
|move|p2a: Bullet|Mortal Spin|p1a: Manaphy
|-damage|p1a: Manaphy|74/100 psn
|
|-weather|none
|-heal|p1a: Manaphy|80/100 psn|[from] item: Leftovers
|-damage|p1a: Manaphy|68/100 psn|[from] psn
|upkeep
|turn|23
|
|t:|1780914450
|move|p1a: Manaphy|Take Heart|p1a: Manaphy
|-boost|p1a: Manaphy|spa|1
|-boost|p1a: Manaphy|spd|1
|-curestatus|p1a: Manaphy|psn|[msg]
|move|p2a: Bullet|Mortal Spin|p1a: Manaphy
|-damage|p1a: Manaphy|67/100
|-status|p1a: Manaphy|psn
|
|-heal|p1a: Manaphy|73/100 psn|[from] item: Leftovers
|-damage|p1a: Manaphy|60/100 psn|[from] psn
|upkeep
|turn|24
|
|t:|1780914462
|-terastallize|p1a: Manaphy|Poison
|move|p1a: Manaphy|Take Heart|p1a: Manaphy
|-boost|p1a: Manaphy|spa|1
|-boost|p1a: Manaphy|spd|1
|-curestatus|p1a: Manaphy|psn|[msg]
|move|p2a: Bullet|Mortal Spin|p1a: Manaphy
|-resisted|p1a: Manaphy
|-damage|p1a: Manaphy|60/100
|
|-heal|p1a: Manaphy|66/100|[from] item: Leftovers
|upkeep
|turn|25
|j| summmm
|
|t:|1780914475
|move|p1a: Manaphy|Scald|p2a: Bullet
|-supereffective|p2a: Bullet
|-damage|p2a: Bullet|0 fnt
|faint|p2a: Bullet
|
|-heal|p1a: Manaphy|72/100|[from] item: Leftovers
|-sideend|p1: fantominus83|move: Aurora Veil
|upkeep
|
|t:|1780914480
|switch|p2a: Hybrid|Hydreigon, M, shiny|100/100
|turn|26
|
|t:|1780914486
|move|p2a: Hybrid|Earth Power|p1a: Manaphy
|-supereffective|p1a: Manaphy
|-damage|p1a: Manaphy|46/100
|move|p1a: Manaphy|Scald|p2a: Hybrid
|-resisted|p2a: Hybrid
|-damage|p2a: Hybrid|55/100
|
|-heal|p1a: Manaphy|52/100|[from] item: Leftovers
|upkeep
|turn|27
|
|t:|1780914497
|move|p2a: Hybrid|Earth Power|p1a: Manaphy
|-supereffective|p1a: Manaphy
|-damage|p1a: Manaphy|25/100
|move|p1a: Manaphy|Take Heart|p1a: Manaphy
|-boost|p1a: Manaphy|spa|1
|-boost|p1a: Manaphy|spd|1
|
|-heal|p1a: Manaphy|31/100|[from] item: Leftovers
|upkeep
|turn|28
|
|t:|1780914507
|move|p2a: Hybrid|Earth Power|p1a: Manaphy
|-supereffective|p1a: Manaphy
|-damage|p1a: Manaphy|7/100
|move|p1a: Manaphy|Scald|p2a: Hybrid
|-resisted|p2a: Hybrid
|-crit|p2a: Hybrid
|-damage|p2a: Hybrid|0 fnt
|faint|p2a: Hybrid
|
|-heal|p1a: Manaphy|14/100|[from] item: Leftovers
|upkeep
|
|t:|1780914516
|switch|p2a: Trojan|Zamazenta, shiny|100/100
|-ability|p2a: Trojan|Dauntless Shield|boost
|-boost|p2a: Trojan|def|1
|turn|29
|
|t:|1780914527
|-terastallize|p2a: Trojan|Electric
|move|p2a: Trojan|Iron Defense|p2a: Trojan
|-boost|p2a: Trojan|def|2
|move|p1a: Manaphy|Stored Power|p2a: Trojan
|-damage|p2a: Trojan|0 fnt
|faint|p2a: Trojan
|
|-heal|p1a: Manaphy|20/100|[from] item: Leftovers
|upkeep
|
|t:|1780914531
|switch|p2a: Celestine|Primarina, M, shiny|91/100
|turn|30
|-message|goodnightnite forfeited.
|
|win|fantominus83
|raw|fantominus83's rating: 1663 &rarr; <strong>1681</strong><br />(+18 for winning)
|raw|goodnightnite's rating: 1628 &rarr; <strong>1610</strong><br />(-18 for losing)
|l|☆goodnightnite
|player|p2|
|l|☆fantominus83
|player|p1|
|l| summmm
