|j|☆cachowcapow
|j|☆22dt
|t:|1781525610
|gametype|singles
|player|p1|cachowcapow|101|1643
|player|p2|22dt|265|1648
|gen|9
|tier|[Gen 9] OU
|rated|
|rule|HP Percentage Mod: HP is shown in percentages
|rule|Endless Battle Clause: Forcing endless battles is banned
|rule|Species Clause: Limit one of each Pokémon
|rule|OHKO Clause: OHKO moves are banned
|rule|Evasion Items Clause: Evasion items are banned
|rule|Evasion Moves Clause: Evasion moves are banned
|rule|Evasion Abilities Clause: Evasion abilities are banned
|rule|Sleep Moves Clause: Sleep-inducing moves are banned
|clearpoke
|poke|p1|Pikachu, M|
|poke|p1|Alomomola, M|
|poke|p1|Iron Valiant|
|poke|p1|Slither Wing|
|poke|p1|Iron Treads|
|poke|p1|Glimmora, M|
|poke|p2|Samurott-Hisui, M|
|poke|p2|Ceruledge, M|
|poke|p2|Zamazenta-*|
|poke|p2|Dragonite, F|
|poke|p2|Zapdos|
|poke|p2|Kingambit, F|
|teampreview
|inactive|Battle timer is ON: inactive players will automatically lose when time's up. (requested by 22dt)
|j| peeekapeee
|j| choispecs ironmoth
|c|☆22dt|glhf
|c|☆cachowcapow|u2
|
|t:|1781525631
|teamsize|p1|6
|teamsize|p2|6
|start
|switch|p1a: Pikachu|Pikachu, M|100/100
|switch|p2a: Samurott|Samurott-Hisui, M|100/100
|turn|1
|
|t:|1781525635
|move|p1a: Pikachu|Volt Switch|p2a: Samurott
|-supereffective|p2a: Samurott
|-enditem|p2a: Samurott|Focus Sash
|-damage|p2a: Samurott|1/100
|
|t:|1781525638
|switch|p1a: Slither Wing|Slither Wing|100/100|[from] Volt Switch
|move|p2a: Samurott|Ceaseless Edge|p1a: Slither Wing|[miss]
|-miss|p2a: Samurott|p1a: Slither Wing
|
|upkeep
|turn|2
|c|☆22dt|-_-
|
|t:|1781525657
|switch|p2a: Zapdos|Zapdos|100/100
|move|p1a: Slither Wing|First Impression|p2a: Zapdos
|-resisted|p2a: Zapdos
|-damage|p2a: Zapdos|74/100
|
|upkeep
|turn|3
|
|t:|1781525663
|-end|p1a: Slither Wing|Protosynthesis|[silent]
|switch|p1a: Iron Treads|Iron Treads|100/100
|move|p2a: Zapdos|Heat Wave|p1a: Iron Treads
|-supereffective|p1a: Iron Treads
|-damage|p1a: Iron Treads|11/100
|
|upkeep
|turn|4
|
|t:|1781525672
|move|p1a: Iron Treads|Volt Switch|p2a: Zapdos
|-damage|p2a: Zapdos|53/100
|
|t:|1781525674
|-end|p1a: Iron Treads|Quark Drive|[silent]
|switch|p1a: Glimmora|Glimmora, M|100/100|[from] Volt Switch
|move|p2a: Zapdos|Heat Wave|p1a: Glimmora
|-resisted|p1a: Glimmora
|-damage|p1a: Glimmora|81/100
|
|upkeep
|turn|5
|
|t:|1781525683
|switch|p2a: Samurott|Samurott-Hisui, M|1/100
|move|p1a: Glimmora|Power Gem|p2a: Samurott
|-damage|p2a: Samurott|0 fnt
|faint|p2a: Samurott
|
|upkeep
|
|t:|1781525709
|switch|p2a: Kingambit|Kingambit, F, shiny|100/100
|turn|6
|
|t:|1781525716
|switch|p1a: Slither Wing|Slither Wing|100/100
|move|p2a: Kingambit|Iron Head|p1a: Slither Wing
|-damage|p1a: Slither Wing|63/100
|-damage|p2a: Kingambit|84/100|[from] item: Rocky Helmet|[of] p1a: Slither Wing
|
|-heal|p2a: Kingambit|90/100|[from] item: Leftovers
|upkeep
|turn|7
|
|t:|1781525723
|-end|p1a: Slither Wing|Protosynthesis|[silent]
|switch|p1a: Glimmora|Glimmora, M|81/100
|switch|p2a: Zapdos|Zapdos|53/100
|
|upkeep
|turn|8
|
|t:|1781525730
|move|p1a: Glimmora|Earth Power|p2a: Zapdos
|-immune|p2a: Zapdos
|move|p2a: Zapdos|Discharge|p1a: Glimmora
|-damage|p1a: Glimmora|28/100
|
|upkeep
|turn|9
|j| wuxinshushu1
|
|t:|1781525741
|switch|p1a: Alomomola|Alomomola, M|100/100
|move|p2a: Zapdos|Hurricane|p1a: Alomomola
|-damage|p1a: Alomomola|71/100
|
|upkeep
|turn|10
|l| wuxinshushu1
|
|t:|1781525748
|move|p2a: Zapdos|Discharge|p1a: Alomomola
|-supereffective|p1a: Alomomola
|-damage|p1a: Alomomola|32/100
|-status|p1a: Alomomola|par
|cant|p1a: Alomomola|par
|
|upkeep
|turn|11
|
|t:|1781525757
|move|p2a: Zapdos|Discharge|p1a: Alomomola
|-supereffective|p1a: Alomomola
|-damage|p1a: Alomomola|0 fnt
|faint|p1a: Alomomola
|
|upkeep
|
|t:|1781525761
|switch|p1a: Glimmora|Glimmora, M|28/100
|turn|12
|
|t:|1781525765
|switch|p2a: Kingambit|Kingambit, F, shiny|90/100
|move|p1a: Glimmora|Earth Power|p2a: Kingambit
|-supereffective|p2a: Kingambit
|-damage|p2a: Kingambit|34/100
|-unboost|p2a: Kingambit|spd|1
|-ability|p2a: Kingambit|Defiant|boost
|-boost|p2a: Kingambit|atk|2
|
|-heal|p2a: Kingambit|40/100|[from] item: Leftovers
|upkeep
|turn|13
|
|t:|1781525771
|move|p2a: Kingambit|Sucker Punch|p1a: Glimmora
|-damage|p1a: Glimmora|0 fnt
|-activate|p1a: Glimmora|ability: Toxic Debris
|-sidestart|p2: 22dt|move: Toxic Spikes
|faint|p1a: Glimmora
|
|-heal|p2a: Kingambit|46/100|[from] item: Leftovers
|upkeep
|
|t:|1781525774
|switch|p1a: Slither Wing|Slither Wing|63/100
|turn|14
|
|t:|1781525783
|move|p1a: Slither Wing|U-turn|p2a: Kingambit
|-damage|p2a: Kingambit|23/100
|
|t:|1781525786
|-end|p1a: Slither Wing|Protosynthesis|[silent]
|switch|p1a: Iron Treads|Iron Treads|11/100|[from] U-turn
|move|p2a: Kingambit|Iron Head|p1a: Iron Treads
|-resisted|p1a: Iron Treads
|-damage|p1a: Iron Treads|0 fnt
|faint|p1a: Iron Treads
|-end|p1a: Iron Treads|Quark Drive|[silent]
|
|-heal|p2a: Kingambit|29/100|[from] item: Leftovers
|upkeep
|
|t:|1781525789
|switch|p1a: Slither Wing|Slither Wing|63/100
|turn|15
|-message|cachowcapow forfeited.
|
|win|22dt
|raw|cachowcapow's rating: 1643 &rarr; <strong>1623</strong><br />(-20 for losing)
|raw|22dt's rating: 1648 &rarr; <strong>1668</strong><br />(+20 for winning)
|l|☆cachowcapow
|player|p1|
|c|☆22dt|gg
|l|☆22dt
|player|p2|
|l| choispecs ironmoth
