|j|☆Curbs
|j|☆LowEL0God
|t:|1780978092
|gametype|singles
|player|p1|Curbs|n|1489
|player|p2|LowEL0God|265|1580
|gen|9
|tier|[Gen 9] OU
|rated|
|rule|HP Percentage Mod: HP is shown in percentages
|rule|Endless Battle Clause: Forcing endless battles is banned
|rule|Species Clause: Limit one of each Pokémon
|rule|OHKO Clause: OHKO moves are banned
|rule|Evasion Items Clause: Evasion items are banned
|rule|Evasion Moves Clause: Evasion moves are banned
|rule|Evasion Abilities Clause: Evasion abilities are banned
|rule|Sleep Moves Clause: Sleep-inducing moves are banned
|clearpoke
|poke|p1|Ting-Lu|
|poke|p1|Gliscor, F|
|poke|p1|Sinistcha-Masterpiece|
|poke|p1|Keldeo|
|poke|p1|Tinkaton, F|
|poke|p1|Dragonite, M|
|poke|p2|Pelipper, F|
|poke|p2|Torkoal, M|
|poke|p2|Walking Wake|
|poke|p2|Kyurem|
|poke|p2|Ninetales-Alola, M|
|poke|p2|Ogerpon-Wellspring, F|
|teampreview
|inactive|Battle timer is ON: inactive players will automatically lose when time's up. (requested by Curbs)
|c|☆LowEL0God|hf
|inactive|LowEL0God also wants the timer to be on.
|c|☆Curbs|u2
|
|t:|1780978112
|teamsize|p1|6
|teamsize|p2|6
|start
|switch|p1a: Tinkki Minaj|Tinkaton, F|100/100
|switch|p2a: Ninetales|Ninetales-Alola, M|100/100
|-weather|Snowscape|[from] ability: Snow Warning|[of] p2a: Ninetales
|-ability|p1a: Tinkki Minaj|Mold Breaker
|-item|p1a: Tinkki Minaj|Air Balloon
|turn|1
|
|t:|1780978119
|move|p2a: Ninetales|Aurora Veil|p2a: Ninetales
|-sidestart|p2: LowEL0God|move: Aurora Veil
|move|p1a: Tinkki Minaj|Thunder Wave|p2a: Ninetales
|-status|p2a: Ninetales|par
|
|-weather|Snowscape|[upkeep]
|upkeep
|turn|2
|
|t:|1780978122
|switch|p2a: Hurricane Spam|Pelipper, F, shiny|100/100
|-weather|RainDance|[from] ability: Drizzle|[of] p2a: Hurricane Spam
|move|p1a: Tinkki Minaj|Stealth Rock|p2a: Hurricane Spam
|-sidestart|p2: LowEL0God|move: Stealth Rock
|
|-weather|RainDance|[upkeep]
|upkeep
|turn|3
|
|t:|1780978140
|move|p1a: Tinkki Minaj|Thunder Wave|p2a: Hurricane Spam
|-status|p2a: Hurricane Spam|par
|move|p2a: Hurricane Spam|Weather Ball|p1a: Tinkki Minaj
|-damage|p1a: Tinkki Minaj|13/100
|-enditem|p1a: Tinkki Minaj|Air Balloon
|
|-weather|RainDance|[upkeep]
|upkeep
|turn|4
|
|t:|1780978147
|switch|p1a: Secret Service|Dragonite, M|100/100
|move|p2a: Hurricane Spam|Weather Ball|p1a: Secret Service
|-resisted|p1a: Secret Service
|-damage|p1a: Secret Service|79/100
|
|-weather|RainDance|[upkeep]
|upkeep
|turn|5
|
|t:|1780978150
|move|p1a: Secret Service|Roost|p1a: Secret Service
|-heal|p1a: Secret Service|100/100
|-singleturn|p1a: Secret Service|move: Roost
|move|p2a: Hurricane Spam|Weather Ball|p1a: Secret Service
|-resisted|p1a: Secret Service
|-damage|p1a: Secret Service|79/100
|
|-weather|RainDance|[upkeep]
|-sideend|p2: LowEL0God|move: Aurora Veil
|upkeep
|turn|6
|
|t:|1780978153
|move|p1a: Secret Service|Roost|p1a: Secret Service
|-heal|p1a: Secret Service|100/100
|-singleturn|p1a: Secret Service|move: Roost
|move|p2a: Hurricane Spam|Weather Ball|p1a: Secret Service
|-resisted|p1a: Secret Service
|-damage|p1a: Secret Service|79/100
|
|-weather|none
|upkeep
|turn|7
|
|t:|1780978161
|move|p1a: Secret Service|Earthquake|p2a: Hurricane Spam
|-immune|p2a: Hurricane Spam
|move|p2a: Hurricane Spam|Weather Ball|p1a: Secret Service
|-damage|p1a: Secret Service|58/100
|
|upkeep
|turn|8
|
|t:|1780978164
|switch|p2a: Ninetales|Ninetales-Alola, M|100/100 par
|-damage|p2a: Ninetales|76/100 par|[from] Stealth Rock
|-weather|Snowscape|[from] ability: Snow Warning|[of] p2a: Ninetales
|move|p1a: Secret Service|Roost|p1a: Secret Service
|-heal|p1a: Secret Service|100/100
|-singleturn|p1a: Secret Service|move: Roost
|
|-weather|Snowscape|[upkeep]
|upkeep
|turn|9
|
|t:|1780978173
|switch|p1a: Jarhead|Ting-Lu|100/100
|-ability|p1a: Jarhead|Vessel of Ruin
|move|p2a: Ninetales|Aurora Veil|p2a: Ninetales
|-sidestart|p2: LowEL0God|move: Aurora Veil
|
|-weather|Snowscape|[upkeep]
|upkeep
|turn|10
|
|t:|1780978176
|move|p2a: Ninetales|Moonblast|p1a: Jarhead
|-supereffective|p1a: Jarhead
|-damage|p1a: Jarhead|79/100
|-unboost|p1a: Jarhead|spa|1
|move|p1a: Jarhead|Spikes|p2a: Ninetales
|-sidestart|p2: LowEL0God|Spikes
|
|-weather|Snowscape|[upkeep]
|-heal|p1a: Jarhead|85/100|[from] item: Leftovers
|upkeep
|turn|11
|
|t:|1780978179
|move|p2a: Ninetales|Freeze-Dry|p1a: Jarhead
|-supereffective|p1a: Jarhead
|-damage|p1a: Jarhead|67/100
|move|p1a: Jarhead|Spikes|p2a: Ninetales
|-sidestart|p2: LowEL0God|Spikes
|
|-weather|Snowscape|[upkeep]
|-heal|p1a: Jarhead|73/100|[from] item: Leftovers
|upkeep
|turn|12
|
|t:|1780978180
|move|p2a: Ninetales|Freeze-Dry|p1a: Jarhead
|-supereffective|p1a: Jarhead
|-damage|p1a: Jarhead|55/100
|move|p1a: Jarhead|Spikes|p2a: Ninetales
|-sidestart|p2: LowEL0God|Spikes
|
|-weather|Snowscape|[upkeep]
|-heal|p1a: Jarhead|61/100|[from] item: Leftovers
|upkeep
|turn|13
|
|t:|1780978194
|move|p2a: Ninetales|Encore|p1a: Jarhead
|-start|p1a: Jarhead|Encore
|move|p1a: Jarhead|Spikes||[still]
|-fail|p1a: Jarhead
|
|-weather|Snowscape|[upkeep]
|-heal|p1a: Jarhead|67/100|[from] item: Leftovers
|-sideend|p2: LowEL0God|move: Aurora Veil
|upkeep
|turn|14
|
|t:|1780978201
|switch|p1a: Tinkki Minaj|Tinkaton, F|13/100
|-ability|p1a: Tinkki Minaj|Mold Breaker
|move|p2a: Ninetales|Aurora Veil|p2a: Ninetales
|-sidestart|p2: LowEL0God|move: Aurora Veil
|
|-weather|Snowscape|[upkeep]
|upkeep
|turn|15
|
|t:|1780978206
|move|p1a: Tinkki Minaj|Encore|p2a: Ninetales
|-start|p2a: Ninetales|Encore
|cant|p2a: Ninetales|par
|
|-weather|none
|upkeep
|turn|16
|
|t:|1780978209
|switch|p2a: Torkoal|Torkoal, M|100/100
|-damage|p2a: Torkoal|76/100|[from] Stealth Rock
|-damage|p2a: Torkoal|51/100|[from] Spikes
|-weather|SunnyDay|[from] ability: Drought|[of] p2a: Torkoal
|move|p1a: Tinkki Minaj|Thunder Wave|p2a: Torkoal
|-status|p2a: Torkoal|par
|
|-weather|SunnyDay|[upkeep]
|upkeep
|turn|17
|
|t:|1780978212
|switch|p1a: Tchavis Scott|Sinistcha-Masterpiece|100/100
|move|p2a: Torkoal|Rapid Spin|p1a: Tchavis Scott
|-immune|p1a: Tchavis Scott
|
|-weather|SunnyDay|[upkeep]
|upkeep
|turn|18
|
|t:|1780978216
|move|p1a: Tchavis Scott|Shadow Ball|p2a: Torkoal
|-damage|p2a: Torkoal|30/100 par
|move|p2a: Torkoal|Lava Plume|p1a: Tchavis Scott
|-supereffective|p1a: Tchavis Scott
|-damage|p1a: Tchavis Scott|55/100
|-status|p1a: Tchavis Scott|brn
|
|-weather|SunnyDay|[upkeep]
|-damage|p1a: Tchavis Scott|52/100 brn|[from] brn
|-sideend|p2: LowEL0God|move: Aurora Veil
|upkeep
|turn|19
|
|t:|1780978220
|move|p1a: Tchavis Scott|Strength Sap|p2a: Torkoal
|-unboost|p2a: Torkoal|atk|1
|-heal|p1a: Tchavis Scott|100/100 brn
|cant|p2a: Torkoal|par
|
|-weather|SunnyDay|[upkeep]
|-damage|p1a: Tchavis Scott|98/100 brn|[from] brn
|upkeep
|turn|20
|
|t:|1780978222
|move|p1a: Tchavis Scott|Shadow Ball|p2a: Torkoal
|-damage|p2a: Torkoal|0 fnt
|faint|p2a: Torkoal
|
|-weather|SunnyDay|[upkeep]
|-damage|p1a: Tchavis Scott|95/100 brn|[from] brn
|upkeep
|
|t:|1780978223
|switch|p2a: Hurricane Spam|Pelipper, F, shiny|100/100 par
|-damage|p2a: Hurricane Spam|76/100 par|[from] Stealth Rock
|-weather|RainDance|[from] ability: Drizzle|[of] p2a: Hurricane Spam
|turn|21
|
|t:|1780978232
|switch|p1a: Secret Service|Dragonite, M|100/100
|move|p2a: Hurricane Spam|Hurricane|p1a: Secret Service
|-damage|p1a: Secret Service|66/100
|
|-weather|RainDance|[upkeep]
|upkeep
|turn|22
|
|t:|1780978234
|move|p1a: Secret Service|Roost|p1a: Secret Service
|-heal|p1a: Secret Service|100/100
|-singleturn|p1a: Secret Service|move: Roost
|cant|p2a: Hurricane Spam|par
|
|-weather|RainDance|[upkeep]
|upkeep
|turn|23
|
|t:|1780978237
|move|p2a: Hurricane Spam|Hurricane|p1a: Secret Service
|-damage|p1a: Secret Service|70/100
|move|p1a: Secret Service|Dragon Tail|p2a: Hurricane Spam|[miss]
|-miss|p1a: Secret Service|p2a: Hurricane Spam
|
|-weather|RainDance|[upkeep]
|upkeep
|turn|24
|
|t:|1780978241
|move|p1a: Secret Service|Roost|p1a: Secret Service
|-heal|p1a: Secret Service|100/100
|-singleturn|p1a: Secret Service|move: Roost
|cant|p2a: Hurricane Spam|par
|
|-weather|RainDance|[upkeep]
|upkeep
|turn|25
|
|t:|1780978243
|move|p2a: Hurricane Spam|Hurricane|p1a: Secret Service
|-damage|p1a: Secret Service|67/100
|-start|p1a: Secret Service|confusion
|-activate|p1a: Secret Service|confusion
|move|p1a: Secret Service|Dragon Tail|p2a: Hurricane Spam
|-damage|p2a: Hurricane Spam|40/100 par
|drag|p2a: Ninetales|Ninetales-Alola, M|76/100 par
|-damage|p2a: Ninetales|51/100 par|[from] Stealth Rock
|-damage|p2a: Ninetales|26/100 par|[from] Spikes
|-weather|Snowscape|[from] ability: Snow Warning|[of] p2a: Ninetales
|
|-weather|Snowscape|[upkeep]
|upkeep
|turn|26
|
|t:|1780978247
|switch|p1a: Tinkki Minaj|Tinkaton, F|13/100
|-ability|p1a: Tinkki Minaj|Mold Breaker
|move|p2a: Ninetales|Aurora Veil|p2a: Ninetales
|-sidestart|p2: LowEL0God|move: Aurora Veil
|
|-weather|Snowscape|[upkeep]
|upkeep
|turn|27
|
|t:|1780978254
|move|p1a: Tinkki Minaj|Thunder Wave|p2a: Ninetales
|-fail|p2a: Ninetales|par
|move|p2a: Ninetales|Freeze-Dry|p1a: Tinkki Minaj
|-resisted|p1a: Tinkki Minaj
|-damage|p1a: Tinkki Minaj|5/100
|
|-weather|Snowscape|[upkeep]
|upkeep
|turn|28
|
|t:|1780978256
|move|p1a: Tinkki Minaj|Gigaton Hammer|p2a: Ninetales
|-supereffective|p2a: Ninetales
|-damage|p2a: Ninetales|0 fnt
|faint|p2a: Ninetales
|
|-weather|Snowscape|[upkeep]
|upkeep
|
|t:|1780978257
|switch|p2a: Kyurem|Kyurem|100/100
|-damage|p2a: Kyurem|76/100|[from] Stealth Rock
|-damage|p2a: Kyurem|51/100|[from] Spikes
|-ability|p2a: Kyurem|Pressure
|turn|29
|
|t:|1780978266
|move|p2a: Kyurem|Freeze-Dry|p1a: Tinkki Minaj
|-resisted|p1a: Tinkki Minaj
|-damage|p1a: Tinkki Minaj|0 fnt
|faint|p1a: Tinkki Minaj
|
|-weather|Snowscape|[upkeep]
|upkeep
|
|t:|1780978273
|switch|p1a: My Little Pwny|Keldeo|100/100
|turn|30
|
|t:|1780978275
|move|p1a: My Little Pwny|Aura Sphere|p2a: Kyurem
|-supereffective|p2a: Kyurem
|-damage|p2a: Kyurem|9/100
|move|p2a: Kyurem|Freeze-Dry|p1a: My Little Pwny
|-supereffective|p1a: My Little Pwny
|-damage|p1a: My Little Pwny|11/100
|
|-weather|Snowscape|[upkeep]
|-sideend|p2: LowEL0God|move: Aurora Veil
|upkeep
|turn|31
|
|t:|1780978279
|move|p1a: My Little Pwny|Aura Sphere|p2a: Kyurem
|-supereffective|p2a: Kyurem
|-damage|p2a: Kyurem|0 fnt
|faint|p2a: Kyurem
|
|-weather|Snowscape|[upkeep]
|upkeep
|
|t:|1780978280
|switch|p2a: Walking Wake|Walking Wake|100/100
|-damage|p2a: Walking Wake|88/100|[from] Stealth Rock
|-damage|p2a: Walking Wake|63/100|[from] Spikes
|turn|32
|
|t:|1780978285
|move|p1a: My Little Pwny|Vacuum Wave|p2a: Walking Wake
|-damage|p2a: Walking Wake|37/100
|move|p2a: Walking Wake|Dragon Pulse|p1a: My Little Pwny
|-damage|p1a: My Little Pwny|0 fnt
|faint|p1a: My Little Pwny
|
|-weather|none
|upkeep
|
|t:|1780978295
|switch|p1a: Secret Service|Dragonite, M|67/100
|turn|33
|inactive|Curbs has 120 seconds left.
|inactive|Curbs has 90 seconds left.
|
|t:|1780978381
|-terastallize|p1a: Secret Service|Normal
|move|p1a: Secret Service|Extreme Speed|p2a: Walking Wake
|-damage|p2a: Walking Wake|0 fnt
|faint|p2a: Walking Wake
|-end|p2a: Walking Wake|Protosynthesis|[silent]
|
|upkeep
|
|t:|1780978382
|switch|p2a: Ogerpon|Ogerpon-Wellspring, F|100/100
|-damage|p2a: Ogerpon|88/100|[from] Stealth Rock
|-damage|p2a: Ogerpon|63/100|[from] Spikes
|turn|34
|
|t:|1780978385
|move|p1a: Secret Service|Extreme Speed|p2a: Ogerpon
|-damage|p2a: Ogerpon|0 fnt
|faint|p2a: Ogerpon
|
|upkeep
|
|t:|1780978386
|switch|p2a: Hurricane Spam|Pelipper, F, shiny|40/100 par
|-damage|p2a: Hurricane Spam|15/100 par|[from] Stealth Rock
|-weather|RainDance|[from] ability: Drizzle|[of] p2a: Hurricane Spam
|turn|35
|
|t:|1780978388
|-terastallize|p2a: Hurricane Spam|Water
|move|p1a: Secret Service|Extreme Speed|p2a: Hurricane Spam
|-damage|p2a: Hurricane Spam|0 fnt
|faint|p2a: Hurricane Spam
|
|win|Curbs
|raw|Curbs's rating: 1489 &rarr; <strong>1514</strong><br />(+25 for winning)
|raw|LowEL0God's rating: 1580 &rarr; <strong>1555</strong><br />(-25 for losing)
|c|☆Curbs|gg
|c|☆Curbs|had to calc
|c|☆LowEL0God|gg
|l|☆LowEL0God
|player|p2|
|l|☆Curbs
|player|p1|
