|j|☆COLFOFLOW
|j|☆dsekop
|t:|1780911009
|gametype|singles
|player|p1|COLFOFLOW|volkner|1626
|player|p2|dsekop|unknown|1626
|gen|9
|tier|[Gen 9] OU
|rated|
|rule|HP Percentage Mod: HP is shown in percentages
|rule|Endless Battle Clause: Forcing endless battles is banned
|rule|Species Clause: Limit one of each Pokémon
|rule|OHKO Clause: OHKO moves are banned
|rule|Evasion Items Clause: Evasion items are banned
|rule|Evasion Moves Clause: Evasion moves are banned
|rule|Evasion Abilities Clause: Evasion abilities are banned
|rule|Sleep Moves Clause: Sleep-inducing moves are banned
|clearpoke
|poke|p1|Darkrai|
|poke|p1|Clodsire, F|
|poke|p1|Suicune|
|poke|p1|Lokix, F|
|poke|p1|Pecharunt|
|poke|p1|Corviknight, M|
|poke|p2|Glimmora, F|
|poke|p2|Iron Treads|
|poke|p2|Polteageist-Antique|
|poke|p2|Raging Bolt|
|poke|p2|Dragonite, M|
|poke|p2|Zamazenta-*|
|teampreview
|inactive|Battle timer is ON: inactive players will automatically lose when time's up. (requested by dsekop)
|inactive|COLFOFLOW has 120 seconds left.
|
|t:|1780911058
|teamsize|p1|6
|teamsize|p2|6
|start
|switch|p1a: Darkrai|Darkrai|100/100
|switch|p2a: Iron Treads|Iron Treads|100/100
|-enditem|p2a: Iron Treads|Booster Energy
|-activate|p2a: Iron Treads|ability: Quark Drive|[fromitem]
|-start|p2a: Iron Treads|quarkdrivespe
|turn|1
|
|t:|1780911063
|move|p2a: Iron Treads|Stealth Rock|p1a: Darkrai
|-sidestart|p1: COLFOFLOW|move: Stealth Rock
|move|p1a: Darkrai|Dark Pulse|p2a: Iron Treads
|-damage|p2a: Iron Treads|28/100
|
|upkeep
|turn|2
|
|t:|1780911072
|move|p2a: Iron Treads|Knock Off|p1a: Darkrai
|-resisted|p1a: Darkrai
|-damage|p1a: Darkrai|84/100
|-enditem|p1a: Darkrai|Choice Specs|[from] move: Knock Off|[of] p2a: Iron Treads
|move|p1a: Darkrai|Dark Pulse|p2a: Iron Treads
|-damage|p2a: Iron Treads|0 fnt
|faint|p2a: Iron Treads
|-end|p2a: Iron Treads|Quark Drive|[silent]
|
|upkeep
|
|t:|1780911084
|switch|p2a: 快龙一定要快|Dragonite, M|100/100
|turn|3
|
|t:|1780911089
|switch|p1a: Corviknight|Corviknight, M|100/100
|-damage|p1a: Corviknight|88/100|[from] Stealth Rock
|-ability|p1a: Corviknight|Pressure
|move|p2a: 快龙一定要快|Extreme Speed|p1a: Corviknight
|-resisted|p1a: Corviknight
|-damage|p1a: Corviknight|74/100
|-damage|p2a: 快龙一定要快|84/100|[from] item: Rocky Helmet|[of] p1a: Corviknight
|
|upkeep
|turn|4
|
|t:|1780911093
|switch|p2a: Polteageist|Polteageist-Antique|100/100
|move|p1a: Corviknight|Defog|p2a: Polteageist
|-unboost|p2a: Polteageist|evasion|1
|-sideend|p1: COLFOFLOW|Stealth Rock|[from] move: Defog|[of] p1a: Corviknight
|
|upkeep
|turn|5
|
|t:|1780911099
|move|p2a: Polteageist|Shadow Ball|p1a: Corviknight
|-damage|p1a: Corviknight|27/100
|move|p1a: Corviknight|U-turn|p2a: Polteageist
|-resisted|p2a: Polteageist
|-damage|p2a: Polteageist|87/100
|-ability|p2a: Polteageist|Weak Armor|boost
|-unboost|p2a: Polteageist|def|1
|-boost|p2a: Polteageist|spe|2
|
|t:|1780911114
|switch|p1a: Darkrai|Darkrai|84/100|[from] U-turn
|
|upkeep
|turn|6
|
|t:|1780911120
|move|p2a: Polteageist|Shadow Ball|p1a: Darkrai
|-resisted|p1a: Darkrai
|-damage|p1a: Darkrai|53/100
|move|p1a: Darkrai|Dark Pulse|p2a: Polteageist
|-supereffective|p2a: Polteageist
|-crit|p2a: Polteageist
|-damage|p2a: Polteageist|0 fnt
|faint|p2a: Polteageist
|
|upkeep
|
|t:|1780911125
|switch|p2a: 快龙一定要快|Dragonite, M|84/100
|turn|7
|
|t:|1780911131
|move|p1a: Darkrai|Ice Beam|p2a: 快龙一定要快
|-supereffective|p2a: 快龙一定要快
|-damage|p2a: 快龙一定要快|0 fnt
|faint|p2a: 快龙一定要快
|
|upkeep
|-message|dsekop forfeited.
|
|win|COLFOFLOW
|raw|COLFOFLOW's rating: 1626 &rarr; <strong>1646</strong><br />(+20 for winning)
|raw|dsekop's rating: 1626 &rarr; <strong>1606</strong><br />(-20 for losing)
|l|☆dsekop
|player|p2|
|l|☆COLFOFLOW
|player|p1|
