|j|☆ghostoftheranch
|j|☆rizz of reko
|t:|1781570515
|gametype|singles
|player|p1|ghostoftheranch|medium|1632
|player|p2|rizz of reko|cheren-gen5bw2|1575
|gen|9
|tier|[Gen 9] OU
|rated|
|rule|HP Percentage Mod: HP is shown in percentages
|rule|Endless Battle Clause: Forcing endless battles is banned
|rule|Species Clause: Limit one of each Pokémon
|rule|OHKO Clause: OHKO moves are banned
|rule|Evasion Items Clause: Evasion items are banned
|rule|Evasion Moves Clause: Evasion moves are banned
|rule|Evasion Abilities Clause: Evasion abilities are banned
|rule|Sleep Moves Clause: Sleep-inducing moves are banned
|clearpoke
|poke|p1|Iron Treads|
|poke|p1|Zamazenta-*|
|poke|p1|Dragonite, F|
|poke|p1|Alomomola, M|
|poke|p1|Sinistcha|
|poke|p1|Ting-Lu|
|poke|p2|Zapdos|
|poke|p2|Dragonite, M|
|poke|p2|Great Tusk|
|poke|p2|Deoxys-Speed|
|poke|p2|Okidogi, M|
|poke|p2|Dondozo, F|
|teampreview
|
|t:|1781570558
|teamsize|p1|6
|teamsize|p2|6
|start
|switch|p1a: Ting-Lu|Ting-Lu|100/100
|switch|p2a: Great Tusk|Great Tusk, shiny|100/100
|-ability|p1a: Ting-Lu|Vessel of Ruin
|turn|1
|
|t:|1781570566
|move|p2a: Great Tusk|Ice Spinner|p1a: Ting-Lu
|-supereffective|p1a: Ting-Lu
|-damage|p1a: Ting-Lu|68/100
|move|p1a: Ting-Lu|Ruination|p2a: Great Tusk
|-damage|p2a: Great Tusk|50/100
|
|-heal|p2a: Great Tusk|57/100|[from] item: Leftovers
|-heal|p1a: Ting-Lu|74/100|[from] item: Leftovers
|upkeep
|turn|2
|
|t:|1781570579
|switch|p1a: Sinistcha|Sinistcha|100/100
|move|p2a: Great Tusk|Bulk Up|p2a: Great Tusk
|-boost|p2a: Great Tusk|atk|1
|-boost|p2a: Great Tusk|def|1
|
|-heal|p2a: Great Tusk|63/100|[from] item: Leftovers
|upkeep
|turn|3
|inactive|Battle timer is ON: inactive players will automatically lose when time's up. (requested by ghostoftheranch)
|
|t:|1781570588
|-end|p2a: Great Tusk|Protosynthesis|[silent]
|switch|p2a: Okidogi|Okidogi, M|100/100
|move|p1a: Sinistcha|Matcha Gotcha|p2a: Okidogi
|-resisted|p2a: Okidogi
|-damage|p2a: Okidogi|81/100
|-status|p2a: Okidogi|brn
|
|-damage|p2a: Okidogi|75/100 brn|[from] brn
|upkeep
|turn|4
|inactive|ghostoftheranch has 120 seconds left.
|
|t:|1781570638
|switch|p1a: Alomomola|Alomomola, M|100/100
|move|p2a: Okidogi|Knock Off|p1a: Alomomola
|-damage|p1a: Alomomola|91/100
|-enditem|p1a: Alomomola|Heavy-Duty Boots|[from] move: Knock Off|[of] p2a: Okidogi
|
|-damage|p2a: Okidogi|69/100 brn|[from] brn
|upkeep
|turn|5
|
|t:|1781570654
|move|p2a: Okidogi|Bulk Up|p2a: Okidogi
|-boost|p2a: Okidogi|atk|1
|-boost|p2a: Okidogi|def|1
|move|p1a: Alomomola|Tickle|p2a: Okidogi
|-unboost|p2a: Okidogi|atk|1
|-unboost|p2a: Okidogi|def|1
|
|-damage|p2a: Okidogi|63/100 brn|[from] brn
|upkeep
|turn|6
|
|t:|1781570662
|move|p2a: Okidogi|Drain Punch|p1a: Alomomola
|-damage|p1a: Alomomola|80/100
|-heal|p2a: Okidogi|71/100 brn|[from] drain|[of] p1a: Alomomola
|move|p1a: Alomomola|Tickle|p2a: Okidogi
|-unboost|p2a: Okidogi|atk|1
|-unboost|p2a: Okidogi|def|1
|
|-damage|p2a: Okidogi|64/100 brn|[from] brn
|upkeep
|turn|7
|
|t:|1781570668
|switch|p2a: Deoxys|Deoxys-Speed, shiny|100/100
|-ability|p2a: Deoxys|Pressure
|move|p1a: Alomomola|Tickle|p2a: Deoxys
|-unboost|p2a: Deoxys|atk|1
|-unboost|p2a: Deoxys|def|1
|
|upkeep
|turn|8
|
|t:|1781570681
|switch|p2a: Zapdos|Zapdos, shiny|100/100
|move|p1a: Alomomola|Flip Turn|p2a: Zapdos
|-damage|p2a: Zapdos|84/100
|inactive|ghostoftheranch has 120 seconds left.
|
|t:|1781570713
|switch|p1a: Zamazenta|Zamazenta|100/100|[from] Flip Turn
|-ability|p1a: Zamazenta|Dauntless Shield|boost
|-boost|p1a: Zamazenta|def|1
|
|-heal|p2a: Zapdos|90/100|[from] item: Leftovers
|upkeep
|turn|9
|
|t:|1781570725
|switch|p1a: Iron Treads|Iron Treads|100/100
|move|p2a: Zapdos|Hurricane|p1a: Iron Treads|[miss]
|-miss|p2a: Zapdos|p1a: Iron Treads
|
|-heal|p2a: Zapdos|96/100|[from] item: Leftovers
|upkeep
|turn|10
|
|t:|1781570736
|move|p1a: Iron Treads|Knock Off|p2a: Zapdos
|-crit|p2a: Zapdos
|-damage|p2a: Zapdos|44/100
|-enditem|p2a: Zapdos|Leftovers|[from] move: Knock Off|[of] p1a: Iron Treads
|move|p2a: Zapdos|Heat Wave|p1a: Iron Treads
|-supereffective|p1a: Iron Treads
|-damage|p1a: Iron Treads|11/100
|
|upkeep
|turn|11
|
|t:|1781570744
|-end|p1a: Iron Treads|Quark Drive|[silent]
|switch|p1a: Ting-Lu|Ting-Lu|74/100
|-ability|p1a: Ting-Lu|Vessel of Ruin
|move|p2a: Zapdos|Roost|p2a: Zapdos
|-heal|p2a: Zapdos|94/100
|-singleturn|p2a: Zapdos|move: Roost
|
|-heal|p1a: Ting-Lu|80/100|[from] item: Leftovers
|upkeep
|turn|12
|
|t:|1781570754
|switch|p2a: Okidogi|Okidogi, M|64/100 brn
|move|p1a: Ting-Lu|Stealth Rock|p2a: Okidogi
|-sidestart|p2: rizz of reko|move: Stealth Rock
|
|-heal|p1a: Ting-Lu|86/100|[from] item: Leftovers
|-damage|p2a: Okidogi|58/100 brn|[from] brn
|upkeep
|turn|13
|
|t:|1781570773
|switch|p1a: Alomomola|Alomomola, M|100/100
|move|p2a: Okidogi|Drain Punch|p1a: Alomomola
|-damage|p1a: Alomomola|89/100
|-heal|p2a: Okidogi|66/100 brn|[from] drain|[of] p1a: Alomomola
|
|-damage|p2a: Okidogi|60/100 brn|[from] brn
|upkeep
|turn|14
|inactive|rizz of reko has 120 seconds left.
|
|t:|1781570804
|move|p2a: Okidogi|Bulk Up|p2a: Okidogi
|-boost|p2a: Okidogi|atk|1
|-boost|p2a: Okidogi|def|1
|move|p1a: Alomomola|Flip Turn|p2a: Okidogi
|-damage|p2a: Okidogi|51/100 brn
|
|t:|1781570807
|switch|p1a: Sinistcha|Sinistcha|100/100|[from] Flip Turn
|
|-damage|p2a: Okidogi|45/100 brn|[from] brn
|upkeep
|turn|15
|inactive|ghostoftheranch has 120 seconds left.
|inactive|rizz of reko has 120 seconds left.
|inactive|rizz of reko has 90 seconds left.
|
|t:|1781570857
|move|p2a: Okidogi|Knock Off|p1a: Sinistcha
|-supereffective|p1a: Sinistcha
|-damage|p1a: Sinistcha|62/100
|-enditem|p1a: Sinistcha|Heavy-Duty Boots|[from] move: Knock Off|[of] p2a: Okidogi
|move|p1a: Sinistcha|Nasty Plot|p1a: Sinistcha
|-boost|p1a: Sinistcha|spa|2
|
|-damage|p2a: Okidogi|39/100 brn|[from] brn
|upkeep
|turn|16
|
|t:|1781570873
|move|p2a: Okidogi|Gunk Shot|p1a: Sinistcha
|-damage|p1a: Sinistcha|29/100
|-status|p1a: Sinistcha|psn
|move|p1a: Sinistcha|Strength Sap|p2a: Okidogi
|-unboost|p2a: Okidogi|atk|1
|-heal|p1a: Sinistcha|100/100 psn
|
|-damage|p1a: Sinistcha|88/100 psn|[from] psn
|-damage|p2a: Okidogi|33/100 brn|[from] brn
|upkeep
|turn|17
|
|t:|1781570886
|move|p2a: Okidogi|Gunk Shot|p1a: Sinistcha|[miss]
|-miss|p2a: Okidogi|p1a: Sinistcha
|-enditem|p2a: Okidogi|Blunder Policy
|-boost|p2a: Okidogi|spe|2
|move|p1a: Sinistcha|Nasty Plot|p1a: Sinistcha
|-boost|p1a: Sinistcha|spa|2
|
|-damage|p1a: Sinistcha|76/100 psn|[from] psn
|-damage|p2a: Okidogi|27/100 brn|[from] brn
|upkeep
|turn|18
|
|t:|1781570897
|move|p2a: Okidogi|Gunk Shot|p1a: Sinistcha
|-damage|p1a: Sinistcha|52/100 psn
|move|p1a: Sinistcha|Matcha Gotcha|p2a: Okidogi
|-resisted|p2a: Okidogi
|-damage|p2a: Okidogi|0 fnt
|-heal|p1a: Sinistcha|65/100 psn|[from] drain|[of] p2a: Okidogi
|faint|p2a: Okidogi
|
|-damage|p1a: Sinistcha|52/100 psn|[from] psn
|upkeep
|
|t:|1781570910
|switch|p2a: Zapdos|Zapdos, shiny|94/100
|-damage|p2a: Zapdos|70/100|[from] Stealth Rock
|turn|19
|inactive|ghostoftheranch has 120 seconds left.
|
|t:|1781570920
|-terastallize|p1a: Sinistcha|Poison
|move|p2a: Zapdos|Heat Wave|p1a: Sinistcha
|-damage|p1a: Sinistcha|33/100 psn
|move|p1a: Sinistcha|Strength Sap|p2a: Zapdos
|-unboost|p2a: Zapdos|atk|1
|-heal|p1a: Sinistcha|81/100 psn
|
|-damage|p1a: Sinistcha|69/100 psn|[from] psn
|upkeep
|turn|20
|inactive|ghostoftheranch has 120 seconds left.
|
|t:|1781570931
|move|p2a: Zapdos|Discharge|p1a: Sinistcha
|-damage|p1a: Sinistcha|24/100 psn
|move|p1a: Sinistcha|Shadow Ball|p2a: Zapdos
|-damage|p2a: Zapdos|0 fnt
|faint|p2a: Zapdos
|
|-damage|p1a: Sinistcha|12/100 psn|[from] psn
|upkeep
|
|t:|1781570938
|switch|p2a: Great Tusk|Great Tusk, shiny|63/100
|-damage|p2a: Great Tusk|60/100|[from] Stealth Rock
|turn|21
|
|t:|1781570946
|move|p2a: Great Tusk|Rapid Spin|p1a: Sinistcha
|-damage|p1a: Sinistcha|0 fnt
|-boost|p2a: Great Tusk|spe|1
|-sideend|p2: rizz of reko|Stealth Rock|[from] move: Rapid Spin|[of] p2a: Great Tusk
|faint|p1a: Sinistcha
|
|-heal|p2a: Great Tusk|66/100|[from] item: Leftovers
|upkeep
|inactive|ghostoftheranch has 120 seconds left.
|
|t:|1781570961
|switch|p1a: Alomomola|Alomomola, M|100/100
|turn|22
|inactive|rizz of reko has 120 seconds left.
|
|t:|1781570981
|-end|p2a: Great Tusk|Protosynthesis|[silent]
|switch|p2a: Dondozo|Dondozo, F, shiny|100/100
|move|p1a: Alomomola|Tickle|p2a: Dondozo
|-unboost|p2a: Dondozo|atk|1
|-unboost|p2a: Dondozo|def|1
|
|upkeep
|turn|23
|
|t:|1781570989
|move|p1a: Alomomola|Wish|p1a: Alomomola
|move|p2a: Dondozo|Curse|p2a: Dondozo
|-unboost|p2a: Dondozo|spe|1
|-boost|p2a: Dondozo|atk|1
|-boost|p2a: Dondozo|def|1
|
|upkeep
|turn|24
|inactive|rizz of reko has 120 seconds left.
|
|t:|1781571013
|move|p1a: Alomomola|Tickle|p2a: Dondozo
|-unboost|p2a: Dondozo|atk|1
|-unboost|p2a: Dondozo|def|1
|move|p2a: Dondozo|Earthquake|p1a: Alomomola
|-damage|p1a: Alomomola|90/100
|
|-heal|p1a: Alomomola|100/100|[from] move: Wish|[wisher] Alomomola
|upkeep
|turn|25
|
|t:|1781571019
|move|p1a: Alomomola|Tickle|p2a: Dondozo
|-unboost|p2a: Dondozo|atk|1
|-unboost|p2a: Dondozo|def|1
|move|p2a: Dondozo|Curse|p2a: Dondozo
|-unboost|p2a: Dondozo|spe|1
|-boost|p2a: Dondozo|atk|1
|-boost|p2a: Dondozo|def|1
|
|upkeep
|turn|26
|
|t:|1781571029
|move|p1a: Alomomola|Tickle|p2a: Dondozo
|-unboost|p2a: Dondozo|atk|1
|-unboost|p2a: Dondozo|def|1
|move|p2a: Dondozo|Curse|p2a: Dondozo
|-unboost|p2a: Dondozo|spe|1
|-boost|p2a: Dondozo|atk|1
|-boost|p2a: Dondozo|def|1
|
|upkeep
|turn|27
|
|t:|1781571036
|switch|p2a: Deoxys|Deoxys-Speed, shiny|100/100
|-ability|p2a: Deoxys|Pressure
|move|p1a: Alomomola|Tickle|p2a: Deoxys
|-unboost|p2a: Deoxys|atk|1
|-unboost|p2a: Deoxys|def|1
|
|upkeep
|turn|28
|
|t:|1781571052
|switch|p2a: Dondozo|Dondozo, F, shiny|100/100
|move|p1a: Alomomola|Flip Turn|p2a: Dondozo
|-resisted|p2a: Dondozo
|-damage|p2a: Dondozo|95/100
|
|t:|1781571066
|switch|p1a: Iron Treads|Iron Treads|11/100|[from] Flip Turn
|
|-heal|p2a: Dondozo|100/100|[from] item: Leftovers
|upkeep
|turn|29
|
|t:|1781571073
|move|p1a: Iron Treads|Earthquake|p2a: Dondozo
|-damage|p2a: Dondozo|61/100
|move|p2a: Dondozo|Curse|p2a: Dondozo
|-unboost|p2a: Dondozo|spe|1
|-boost|p2a: Dondozo|atk|1
|-boost|p2a: Dondozo|def|1
|
|-heal|p2a: Dondozo|67/100|[from] item: Leftovers
|upkeep
|turn|30
|
|t:|1781571078
|-end|p1a: Iron Treads|Quark Drive|[silent]
|switch|p1a: Alomomola|Alomomola, M|100/100
|move|p2a: Dondozo|Earthquake|p1a: Alomomola
|-damage|p1a: Alomomola|76/100
|
|-heal|p2a: Dondozo|74/100|[from] item: Leftovers
|upkeep
|turn|31
|
|t:|1781571086
|move|p1a: Alomomola|Tickle|p2a: Dondozo
|-unboost|p2a: Dondozo|atk|1
|-unboost|p2a: Dondozo|def|1
|move|p2a: Dondozo|Curse|p2a: Dondozo
|-unboost|p2a: Dondozo|spe|1
|-boost|p2a: Dondozo|atk|1
|-boost|p2a: Dondozo|def|1
|
|-heal|p2a: Dondozo|80/100|[from] item: Leftovers
|upkeep
|turn|32
|
|t:|1781571096
|move|p1a: Alomomola|Wish|p1a: Alomomola
|move|p2a: Dondozo|Curse|p2a: Dondozo
|-unboost|p2a: Dondozo|spe|1
|-boost|p2a: Dondozo|atk|1
|-boost|p2a: Dondozo|def|1
|
|-heal|p2a: Dondozo|86/100|[from] item: Leftovers
|upkeep
|turn|33
|
|t:|1781571104
|move|p1a: Alomomola|Tickle|p2a: Dondozo
|-unboost|p2a: Dondozo|atk|1
|-unboost|p2a: Dondozo|def|1
|move|p2a: Dondozo|Earthquake|p1a: Alomomola
|-damage|p1a: Alomomola|50/100
|
|-heal|p1a: Alomomola|100/100|[from] move: Wish|[wisher] Alomomola
|-heal|p2a: Dondozo|92/100|[from] item: Leftovers
|upkeep
|turn|34
|
|t:|1781571111
|move|p1a: Alomomola|Tickle|p2a: Dondozo
|-unboost|p2a: Dondozo|atk|1
|-unboost|p2a: Dondozo|def|1
|move|p2a: Dondozo|Curse|p2a: Dondozo
|-unboost|p2a: Dondozo|spe|1
|-boost|p2a: Dondozo|atk|1
|-boost|p2a: Dondozo|def|1
|
|-heal|p2a: Dondozo|98/100|[from] item: Leftovers
|upkeep
|turn|35
|
|t:|1781571117
|move|p1a: Alomomola|Tickle|p2a: Dondozo
|-unboost|p2a: Dondozo|atk|1
|-unboost|p2a: Dondozo|def|1
|move|p2a: Dondozo|Curse|p2a: Dondozo
|-unboost|p2a: Dondozo|spe|1
|-boost|p2a: Dondozo|atk|1
|-boost|p2a: Dondozo|def|1
|
|-heal|p2a: Dondozo|100/100|[from] item: Leftovers
|upkeep
|turn|36
|
|t:|1781571128
|move|p1a: Alomomola|Tickle|p2a: Dondozo
|-unboost|p2a: Dondozo|atk|1
|-unboost|p2a: Dondozo|def|1
|move|p2a: Dondozo|Curse|p2a: Dondozo
|-unboost|p2a: Dondozo|spe|1
|-boost|p2a: Dondozo|atk|1
|-boost|p2a: Dondozo|def|1
|
|upkeep
|turn|37
|
|t:|1781571136
|switch|p2a: Great Tusk|Great Tusk, shiny|66/100
|move|p1a: Alomomola|Tickle|p2a: Great Tusk
|-unboost|p2a: Great Tusk|atk|1
|-unboost|p2a: Great Tusk|def|1
|
|-heal|p2a: Great Tusk|72/100|[from] item: Leftovers
|upkeep
|turn|38
|inactive|rizz of reko has 120 seconds left.
|inactive|rizz of reko has 90 seconds left.
|
|t:|1781571210
|move|p2a: Great Tusk|Bulk Up|p2a: Great Tusk
|-boost|p2a: Great Tusk|atk|1
|-boost|p2a: Great Tusk|def|1
|move|p1a: Alomomola|Wish|p1a: Alomomola
|
|-heal|p2a: Great Tusk|78/100|[from] item: Leftovers
|upkeep
|turn|39
|
|t:|1781571239
|move|p2a: Great Tusk|Bulk Up|p2a: Great Tusk
|-boost|p2a: Great Tusk|atk|1
|-boost|p2a: Great Tusk|def|1
|move|p1a: Alomomola|Tickle|p2a: Great Tusk
|-unboost|p2a: Great Tusk|atk|1
|-unboost|p2a: Great Tusk|def|1
|
|-heal|p2a: Great Tusk|84/100|[from] item: Leftovers
|upkeep
|turn|40
|inactive|rizz of reko has 90 seconds left.
|
|t:|1781571247
|move|p2a: Great Tusk|Bulk Up|p2a: Great Tusk
|-boost|p2a: Great Tusk|atk|1
|-boost|p2a: Great Tusk|def|1
|move|p1a: Alomomola|Flip Turn|p2a: Great Tusk
|-supereffective|p2a: Great Tusk
|-damage|p2a: Great Tusk|71/100
|
|t:|1781571253
|switch|p1a: Dragonite|Dragonite, F|100/100|[from] Flip Turn
|
|-heal|p2a: Great Tusk|77/100|[from] item: Leftovers
|upkeep
|turn|41
|
|t:|1781571269
|move|p2a: Great Tusk|Ice Spinner|p1a: Dragonite
|-supereffective|p1a: Dragonite
|-damage|p1a: Dragonite|17/100
|move|p1a: Dragonite|Flamethrower|p2a: Great Tusk
|-damage|p2a: Great Tusk|50/100
|
|-heal|p2a: Great Tusk|56/100|[from] item: Leftovers
|upkeep
|turn|42
|inactive|rizz of reko has 90 seconds left.
|
|t:|1781571288
|switch|p1a: Alomomola|Alomomola, M|100/100
|move|p2a: Great Tusk|Rapid Spin|p1a: Alomomola
|-damage|p1a: Alomomola|86/100
|-boost|p2a: Great Tusk|spe|1
|
|-heal|p2a: Great Tusk|62/100|[from] item: Leftovers
|upkeep
|turn|43
|
|t:|1781571307
|move|p2a: Great Tusk|Bulk Up|p2a: Great Tusk
|-boost|p2a: Great Tusk|atk|1
|-boost|p2a: Great Tusk|def|1
|move|p1a: Alomomola|Wish|p1a: Alomomola
|
|-heal|p2a: Great Tusk|68/100|[from] item: Leftovers
|upkeep
|turn|44
|
|t:|1781571317
|move|p2a: Great Tusk|Bulk Up|p2a: Great Tusk
|-boost|p2a: Great Tusk|atk|1
|-boost|p2a: Great Tusk|def|1
|move|p1a: Alomomola|Flip Turn|p2a: Great Tusk
|-supereffective|p2a: Great Tusk
|-damage|p2a: Great Tusk|58/100
|
|t:|1781571323
|switch|p1a: Dragonite|Dragonite, F|17/100|[from] Flip Turn
|
|-heal|p1a: Dragonite|79/100|[from] move: Wish|[wisher] Alomomola
|-heal|p2a: Great Tusk|64/100|[from] item: Leftovers
|upkeep
|turn|45
|
|t:|1781571330
|switch|p1a: Alomomola|Alomomola, M|100/100
|move|p2a: Great Tusk|Ice Spinner|p1a: Alomomola
|-resisted|p1a: Alomomola
|-damage|p1a: Alomomola|78/100
|
|-heal|p2a: Great Tusk|70/100|[from] item: Leftovers
|upkeep
|turn|46
|
|t:|1781571342
|move|p2a: Great Tusk|Headlong Rush|p1a: Alomomola
|-damage|p1a: Alomomola|0 fnt
|-unboost|p2a: Great Tusk|def|1
|-unboost|p2a: Great Tusk|spd|1
|faint|p1a: Alomomola
|
|-heal|p2a: Great Tusk|76/100|[from] item: Leftovers
|upkeep
|
|t:|1781571351
|switch|p1a: Ting-Lu|Ting-Lu|86/100
|-ability|p1a: Ting-Lu|Vessel of Ruin
|turn|47
|-message|ghostoftheranch forfeited.
|
|win|rizz of reko
|raw|ghostoftheranch's rating: 1632 &rarr; <strong>1609</strong><br />(-23 for losing)
|raw|rizz of reko's rating: 1575 &rarr; <strong>1598</strong><br />(+23 for winning)
|l|☆ghostoftheranch
|player|p1|
