|badge|p2|silver|gen9ou|30-9
|uhtml|medal-msg|<div class="broadcast-blue">Curious what those medals under the avatar are? PS now has Ladder Seasons! For more information, check out the <a href="https://www.smogon.com/forums/threads/3740067/">thread on Smogon.</a></div>
|j|☆bigtestsofbig
|j|☆moth ily
|t:|1781309372
|gametype|singles
|player|p1|bigtestsofbig|266|1655
|player|p2|moth ily|iono-masters|1886
|gen|9
|tier|[Gen 9] OU
|rated|
|rule|HP Percentage Mod: HP is shown in percentages
|rule|Endless Battle Clause: Forcing endless battles is banned
|rule|Species Clause: Limit one of each Pokémon
|rule|OHKO Clause: OHKO moves are banned
|rule|Evasion Items Clause: Evasion items are banned
|rule|Evasion Moves Clause: Evasion moves are banned
|rule|Evasion Abilities Clause: Evasion abilities are banned
|rule|Sleep Moves Clause: Sleep-inducing moves are banned
|clearpoke
|poke|p1|Armarouge, F|
|poke|p1|Slither Wing|
|poke|p1|Enamorus, F|
|poke|p1|Iron Treads|
|poke|p1|Dragonite, F|
|poke|p1|Kingambit, F|
|poke|p2|Ogerpon-Wellspring, F|
|poke|p2|Kingambit, M|
|poke|p2|Landorus-Therian, M|
|poke|p2|Dragapult, F|
|poke|p2|Iron Valiant|
|poke|p2|Glimmora, F|
|teampreview
|c|☆moth ily|hf
|
|t:|1781309386
|teamsize|p1|6
|teamsize|p2|6
|start
|switch|p1a: Slither Wing|Slither Wing|100/100
|switch|p2a: Furry|Landorus-Therian, M|100/100
|-ability|p2a: Furry|Intimidate|boost
|-unboost|p1a: Slither Wing|atk|1
|turn|1
|
|t:|1781309393
|move|p2a: Furry|Stealth Rock|p1a: Slither Wing
|-sidestart|p1: bigtestsofbig|move: Stealth Rock
|move|p1a: Slither Wing|U-turn|p2a: Furry
|-resisted|p2a: Furry
|-damage|p2a: Furry|81/100
|
|t:|1781309397
|-end|p1a: Slither Wing|Protosynthesis|[silent]
|switch|p1a: Iron Treads|Iron Treads|100/100|[from] U-turn
|
|upkeep
|turn|2
|
|t:|1781309403
|switch|p2a: Choso|Dragapult, F|100/100
|move|p1a: Iron Treads|Ice Spinner|p2a: Choso
|-supereffective|p2a: Choso
|-damage|p2a: Choso|29/100
|
|upkeep
|turn|3
|inactive|Battle timer is ON: inactive players will automatically lose when time's up. (requested by bigtestsofbig)
|
|t:|1781309409
|-end|p1a: Iron Treads|Quark Drive|[silent]
|switch|p1a: Kingambit|Kingambit, F|100/100
|-damage|p1a: Kingambit|94/100|[from] Stealth Rock
|move|p2a: Choso|Flamethrower|p1a: Kingambit
|-supereffective|p1a: Kingambit
|-damage|p1a: Kingambit|21/100
|
|-heal|p1a: Kingambit|27/100|[from] item: Leftovers
|upkeep
|turn|4
|j| dilf huntr
|
|t:|1781309414
|switch|p2a: Bio hazard|Glimmora, F|100/100
|move|p1a: Kingambit|Swords Dance|p1a: Kingambit
|-boost|p1a: Kingambit|atk|2
|
|-heal|p1a: Kingambit|33/100|[from] item: Leftovers
|upkeep
|turn|5
|
|t:|1781309419
|-terastallize|p1a: Kingambit|Flying
|move|p2a: Bio hazard|Earth Power|p1a: Kingambit
|-immune|p1a: Kingambit
|move|p1a: Kingambit|Iron Head|p2a: Bio hazard
|-supereffective|p2a: Bio hazard
|-damage|p2a: Bio hazard|0 fnt
|-activate|p2a: Bio hazard|ability: Toxic Debris
|-sidestart|p1: bigtestsofbig|move: Toxic Spikes
|faint|p2a: Bio hazard
|
|-heal|p1a: Kingambit|40/100|[from] item: Leftovers
|upkeep
|
|t:|1781309430
|switch|p2a: 2.f4|Kingambit, M|100/100
|-activate|p2a: 2.f4|ability: Supreme Overlord
|-start|p2a: 2.f4|fallen1|[silent]
|turn|6
|
|t:|1781309435
|-end|p1a: Kingambit|fallenundefined|[silent]
|switch|p1a: Iron Treads|Iron Treads|100/100
|move|p2a: 2.f4|Kowtow Cleave|p1a: Iron Treads
|-damage|p1a: Iron Treads|53/100
|
|upkeep
|turn|7
|
|t:|1781309440
|-end|p2a: 2.f4|fallen1|[silent]
|switch|p2a: Choso|Dragapult, F|29/100
|move|p1a: Iron Treads|Earthquake|p2a: Choso
|-damage|p2a: Choso|0 fnt
|faint|p2a: Choso
|
|upkeep
|
|t:|1781309442
|switch|p2a: shrek|Ogerpon-Wellspring, F|100/100
|turn|8
|
|t:|1781309446
|-end|p1a: Iron Treads|Quark Drive|[silent]
|switch|p1a: Dragonite|Dragonite, F|100/100
|move|p2a: shrek|Ivy Cudgel|p1a: Dragonite|[anim] Ivy Cudgel Water
|-resisted|p1a: Dragonite
|-damage|p1a: Dragonite|88/100
|
|upkeep
|turn|9
|
|t:|1781309449
|move|p2a: shrek|Play Rough|p1a: Dragonite
|-supereffective|p1a: Dragonite
|-damage|p1a: Dragonite|19/100
|move|p1a: Dragonite|Dragon Tail|p2a: shrek
|-damage|p2a: shrek|57/100
|drag|p2a: 2.f4|Kingambit, M|100/100
|-activate|p2a: 2.f4|ability: Supreme Overlord
|-start|p2a: 2.f4|fallen2|[silent]
|
|upkeep
|turn|10
|
|t:|1781309458
|move|p1a: Dragonite|Earthquake|p2a: 2.f4
|-supereffective|p2a: 2.f4
|-damage|p2a: 2.f4|46/100
|move|p2a: 2.f4|Kowtow Cleave|p1a: Dragonite
|-damage|p1a: Dragonite|0 fnt
|faint|p1a: Dragonite
|
|-heal|p2a: 2.f4|52/100|[from] item: Leftovers
|upkeep
|
|t:|1781309463
|switch|p1a: Iron Treads|Iron Treads|53/100
|turn|11
|
|t:|1781309467
|-terastallize|p2a: 2.f4|Ghost
|move|p1a: Iron Treads|Rapid Spin|p2a: 2.f4
|-immune|p2a: 2.f4
|move|p2a: 2.f4|Swords Dance|p2a: 2.f4
|-boost|p2a: 2.f4|atk|2
|
|-heal|p2a: 2.f4|58/100|[from] item: Leftovers
|upkeep
|turn|12
|
|t:|1781309471
|move|p2a: 2.f4|Sucker Punch||[still]
|-fail|p2a: 2.f4
|move|p1a: Iron Treads|Stealth Rock|p2a: 2.f4
|-sidestart|p2: moth ily|move: Stealth Rock
|
|-heal|p2a: 2.f4|64/100|[from] item: Leftovers
|upkeep
|turn|13
|
|t:|1781309473
|move|p2a: 2.f4|Sucker Punch|p1a: Iron Treads
|-damage|p1a: Iron Treads|0 fnt
|faint|p1a: Iron Treads
|-end|p1a: Iron Treads|Quark Drive|[silent]
|
|-heal|p2a: 2.f4|71/100|[from] item: Leftovers
|upkeep
|
|t:|1781309484
|switch|p1a: Armarouge|Armarouge, F|100/100
|-damage|p1a: Armarouge|76/100|[from] Stealth Rock
|-status|p1a: Armarouge|psn
|turn|14
|
|t:|1781309488
|move|p2a: 2.f4|Sucker Punch||[still]
|-fail|p2a: 2.f4
|move|p1a: Armarouge|Trick|p2a: 2.f4
|-activate|p1a: Armarouge|move: Trick|[of] p2a: 2.f4
|-item|p2a: 2.f4|Choice Specs|[from] move: Trick
|-item|p1a: Armarouge|Leftovers|[from] move: Trick
|
|-heal|p1a: Armarouge|82/100 psn|[from] item: Leftovers
|-damage|p1a: Armarouge|70/100 psn|[from] psn
|upkeep
|turn|15
|
|t:|1781309496
|move|p1a: Armarouge|Armor Cannon|p2a: 2.f4
|-damage|p2a: 2.f4|0 fnt
|-unboost|p1a: Armarouge|def|1
|-unboost|p1a: Armarouge|spd|1
|faint|p2a: 2.f4
|-end|p2a: 2.f4|fallen2|[silent]
|
|-heal|p1a: Armarouge|76/100 psn|[from] item: Leftovers
|-damage|p1a: Armarouge|64/100 psn|[from] psn
|upkeep
|
|t:|1781309507
|switch|p2a: shrek|Ogerpon-Wellspring, F|57/100
|-damage|p2a: shrek|45/100|[from] Stealth Rock
|turn|16
|
|t:|1781309512
|move|p2a: shrek|Ivy Cudgel|p1a: Armarouge|[anim] Ivy Cudgel Water
|-supereffective|p1a: Armarouge
|-damage|p1a: Armarouge|0 fnt
|faint|p1a: Armarouge
|
|upkeep
|
|t:|1781309518
|switch|p1a: Slither Wing|Slither Wing|100/100
|-damage|p1a: Slither Wing|88/100|[from] Stealth Rock
|-status|p1a: Slither Wing|psn
|turn|17
|
|t:|1781309526
|move|p1a: Slither Wing|First Impression|p2a: shrek
|-supereffective|p2a: shrek
|-damage|p2a: shrek|0 fnt
|faint|p2a: shrek
|
|-damage|p1a: Slither Wing|76/100 psn|[from] psn
|upkeep
|
|t:|1781309528
|switch|p2a: Phys or Spec?|Iron Valiant|100/100
|-damage|p2a: Phys or Spec?|94/100|[from] Stealth Rock
|-enditem|p2a: Phys or Spec?|Booster Energy
|-activate|p2a: Phys or Spec?|ability: Quark Drive|[fromitem]
|-start|p2a: Phys or Spec?|quarkdrivespe
|turn|18
|
|t:|1781309540
|move|p1a: Slither Wing|First Impression||[still]
|-hint|First Impression only works on your first turn out.
|-fail|p1a: Slither Wing
|move|p2a: Phys or Spec?|Swords Dance|p2a: Phys or Spec?
|-boost|p2a: Phys or Spec?|atk|2
|
|-damage|p1a: Slither Wing|64/100 psn|[from] psn
|upkeep
|turn|19
|
|t:|1781309548
|-end|p1a: Slither Wing|Protosynthesis|[silent]
|switch|p1a: Kingambit|Kingambit, F, tera:Flying|40/100
|-damage|p1a: Kingambit|15/100|[from] Stealth Rock
|-activate|p1a: Kingambit|ability: Supreme Overlord
|-start|p1a: Kingambit|fallen3|[silent]
|move|p2a: Phys or Spec?|Spirit Break|p1a: Kingambit
|-damage|p1a: Kingambit|0 fnt
|faint|p1a: Kingambit
|-end|p1a: Kingambit|fallen3|[silent]
|
|upkeep
|
|t:|1781309551
|switch|p1a: Enamorus|Enamorus, F|100/100
|-damage|p1a: Enamorus|76/100|[from] Stealth Rock
|turn|20
|
|t:|1781309554
|move|p2a: Phys or Spec?|Spirit Break|p1a: Enamorus
|-damage|p1a: Enamorus|0 fnt
|faint|p1a: Enamorus
|
|upkeep
|
|t:|1781309558
|switch|p1a: Slither Wing|Slither Wing|64/100 psn
|-damage|p1a: Slither Wing|52/100 psn|[from] Stealth Rock
|turn|21
|
|t:|1781309561
|move|p2a: Phys or Spec?|Spirit Break|p1a: Slither Wing
|-supereffective|p1a: Slither Wing
|-damage|p1a: Slither Wing|0 fnt
|faint|p1a: Slither Wing
|-end|p1a: Slither Wing|Protosynthesis|[silent]
|
|win|moth ily
|raw|bigtestsofbig's rating: 1655 &rarr; <strong>1647</strong><br />(-8 for losing)
|raw|moth ily's rating: 1886 &rarr; <strong>1894</strong><br />(+8 for winning)
|l|☆moth ily
|player|p2|
|l|☆bigtestsofbig
|player|p1|
