|j|☆Humerus_Skelepun
|j|☆ftaochaphet
|t:|1781157618
|gametype|singles
|player|p1|Humerus_Skelepun|169|1535
|player|p2|ftaochaphet|1|1608
|gen|9
|tier|[Gen 9] OU
|rated|
|rule|HP Percentage Mod: HP is shown in percentages
|rule|Endless Battle Clause: Forcing endless battles is banned
|rule|Species Clause: Limit one of each Pokémon
|rule|OHKO Clause: OHKO moves are banned
|rule|Evasion Items Clause: Evasion items are banned
|rule|Evasion Moves Clause: Evasion moves are banned
|rule|Evasion Abilities Clause: Evasion abilities are banned
|rule|Sleep Moves Clause: Sleep-inducing moves are banned
|clearpoke
|poke|p1|Hatterene, F|
|poke|p1|Great Tusk|
|poke|p1|Tornadus-Therian, M|
|poke|p1|Kyurem|
|poke|p1|Slowking-Galar, M|
|poke|p1|Kingambit, F|
|poke|p2|Enamorus, F|
|poke|p2|Samurott-Hisui, F|
|poke|p2|Gholdengo|
|poke|p2|Great Tusk|
|poke|p2|Kingambit, F|
|poke|p2|Alomomola, M|
|teampreview
|inactive|Battle timer is ON: inactive players will automatically lose when time's up. (requested by Humerus_Skelepun)
|
|t:|1781157643
|teamsize|p1|6
|teamsize|p2|6
|start
|switch|p1a: Hatterene|Hatterene, F|100/100
|switch|p2a: Enamorus|Enamorus, F|100/100
|turn|1
|
|t:|1781157649
|switch|p2a: Gholdengo|Gholdengo|100/100
|move|p1a: Hatterene|Nuzzle|p2a: Gholdengo
|-damage|p2a: Gholdengo|98/100
|-status|p2a: Gholdengo|par
|
|upkeep
|turn|2
|
|t:|1781157659
|switch|p1a: Tornadus|Tornadus-Therian, M|100/100
|move|p2a: Gholdengo|Nasty Plot|p2a: Gholdengo
|-boost|p2a: Gholdengo|spa|2
|
|upkeep
|turn|3
|
|t:|1781157664
|move|p1a: Tornadus|Knock Off|p2a: Gholdengo
|-supereffective|p2a: Gholdengo
|-crit|p2a: Gholdengo
|-damage|p2a: Gholdengo|58/100 par
|-enditem|p2a: Gholdengo|Ability Shield|[from] move: Knock Off|[of] p1a: Tornadus
|move|p2a: Gholdengo|Make It Rain|p1a: Tornadus
|-damage|p1a: Tornadus|28/100
|-unboost|p2a: Gholdengo|spa|1
|
|upkeep
|turn|4
|
|t:|1781157677
|move|p1a: Tornadus|U-turn|p2a: Gholdengo
|-resisted|p2a: Gholdengo
|-crit|p2a: Gholdengo
|-damage|p2a: Gholdengo|53/100 par
|
|t:|1781157679
|switch|p1a: Kingambit|Kingambit, F|100/100|[from] U-turn
|move|p2a: Gholdengo|Recover|p2a: Gholdengo
|-heal|p2a: Gholdengo|100/100 par
|
|upkeep
|turn|5
|
|t:|1781157688
|switch|p2a: Samurott|Samurott-Hisui, F|100/100
|move|p1a: Kingambit|Kowtow Cleave|p2a: Samurott
|-resisted|p2a: Samurott
|-damage|p2a: Samurott|75/100
|
|upkeep
|turn|6
|
|t:|1781157694
|-end|p1a: Kingambit|fallenundefined|[silent]
|switch|p1a: Hatterene|Hatterene, F|100/100
|move|p2a: Samurott|Ceaseless Edge|p1a: Hatterene
|-damage|p1a: Hatterene|67/100
|-damage|p2a: Samurott|59/100|[from] item: Rocky Helmet|[of] p1a: Hatterene
|-sidestart|p1: Humerus_Skelepun|Spikes
|
|upkeep
|turn|7
|
|t:|1781157702
|switch|p2a: Gholdengo|Gholdengo|100/100 par
|move|p1a: Hatterene|Draining Kiss|p2a: Gholdengo
|-resisted|p2a: Gholdengo
|-damage|p2a: Gholdengo|89/100 par
|-heal|p1a: Hatterene|77/100|[from] drain|[of] p2a: Gholdengo
|
|upkeep
|turn|8
|
|t:|1781157709
|switch|p2a: Samurott|Samurott-Hisui, F|59/100
|switch|p1a: Kingambit|Kingambit, F|100/100
|-damage|p1a: Kingambit|88/100|[from] Spikes
|
|-heal|p1a: Kingambit|94/100|[from] item: Leftovers
|upkeep
|turn|9
|
|t:|1781157715
|-end|p1a: Kingambit|fallenundefined|[silent]
|switch|p1a: Hatterene|Hatterene, F|77/100
|-damage|p1a: Hatterene|65/100|[from] Spikes
|move|p2a: Samurott|Ceaseless Edge|p1a: Hatterene
|-damage|p1a: Hatterene|29/100
|-damage|p2a: Samurott|43/100|[from] item: Rocky Helmet|[of] p1a: Hatterene
|-sidestart|p1: Humerus_Skelepun|Spikes
|
|upkeep
|turn|10
|j| nivalys99
|
|t:|1781157725
|move|p2a: Samurott|Ceaseless Edge|p1a: Hatterene
|-damage|p1a: Hatterene|0 fnt
|-damage|p2a: Samurott|26/100|[from] item: Rocky Helmet|[of] p1a: Hatterene
|-sidestart|p1: Humerus_Skelepun|Spikes
|faint|p1a: Hatterene
|
|upkeep
|
|t:|1781157728
|switch|p1a: Great Tusk|Great Tusk|100/100
|-damage|p1a: Great Tusk|76/100|[from] Spikes
|turn|11
|
|t:|1781157731
|switch|p2a: Gholdengo|Gholdengo|89/100 par
|move|p1a: Great Tusk|Headlong Rush|p2a: Gholdengo
|-supereffective|p2a: Gholdengo
|-damage|p2a: Gholdengo|0 fnt
|-unboost|p1a: Great Tusk|def|1
|-unboost|p1a: Great Tusk|spd|1
|faint|p2a: Gholdengo
|
|upkeep
|
|t:|1781157734
|switch|p2a: Enamorus|Enamorus, F|100/100
|turn|12
|
|t:|1781157746
|-end|p1a: Great Tusk|Protosynthesis|[silent]
|switch|p1a: Tornadus|Tornadus-Therian, M|62/100
|move|p2a: Enamorus|Moonblast|p1a: Tornadus
|-damage|p1a: Tornadus|23/100
|
|upkeep
|turn|13
|
|t:|1781157757
|move|p2a: Enamorus|Moonblast|p1a: Tornadus
|-damage|p1a: Tornadus|0 fnt
|faint|p1a: Tornadus
|
|upkeep
|
|t:|1781157761
|switch|p1a: Slowking|Slowking-Galar, M|100/100
|-damage|p1a: Slowking|76/100|[from] Spikes
|turn|14
|
|t:|1781157767
|switch|p2a: Samurott|Samurott-Hisui, F|26/100
|move|p1a: Slowking|Trick|p2a: Samurott
|-activate|p1a: Slowking|move: Trick|[of] p2a: Samurott
|-item|p2a: Samurott|Black Sludge|[from] move: Trick
|-item|p1a: Slowking|Assault Vest|[from] move: Trick
|
|-damage|p2a: Samurott|14/100|[from] item: Black Sludge
|upkeep
|turn|15
|
|t:|1781157778
|move|p2a: Samurott|Knock Off|p1a: Slowking
|-supereffective|p1a: Slowking
|-damage|p1a: Slowking|19/100
|-enditem|p1a: Slowking|Assault Vest|[from] move: Knock Off|[of] p2a: Samurott
|move|p1a: Slowking|Future Sight|p2a: Samurott
|-start|p1a: Slowking|move: Future Sight
|
|-damage|p2a: Samurott|2/100|[from] item: Black Sludge
|upkeep
|turn|16
|
|t:|1781157783
|switch|p1a: Great Tusk|Great Tusk|76/100
|-damage|p1a: Great Tusk|51/100|[from] Spikes
|move|p2a: Samurott|Razor Shell|p1a: Great Tusk
|-supereffective|p1a: Great Tusk
|-crit|p1a: Great Tusk
|-damage|p1a: Great Tusk|0 fnt
|-damage|p2a: Samurott|0 fnt|[from] item: Rocky Helmet|[of] p1a: Great Tusk
|faint|p1a: Great Tusk
|-end|p1a: Great Tusk|Protosynthesis|[silent]
|faint|p2a: Samurott
|
|upkeep
|
|t:|1781157794
|switch|p1a: Slowking|Slowking-Galar, M|52/100
|switch|p2a: Alomomola|Alomomola, M|100/100
|-damage|p1a: Slowking|27/100|[from] Spikes
|turn|17
|
|t:|1781157811
|move|p2a: Alomomola|Flip Turn|p1a: Slowking
|-crit|p1a: Slowking
|-damage|p1a: Slowking|9/100
|
|t:|1781157818
|switch|p2a: Kingambit|Kingambit, F|100/100|[from] Flip Turn
|-activate|p2a: Kingambit|ability: Supreme Overlord
|-start|p2a: Kingambit|fallen2|[silent]
|move|p1a: Slowking|Trick|p2a: Kingambit
|-activate|p1a: Slowking|move: Trick|[of] p2a: Kingambit
|-enditem|p2a: Kingambit|Leftovers|[silent]|[from] move: Trick
|-item|p1a: Slowking|Leftovers|[from] move: Trick
|
|-end|p2a: Kingambit|move: Future Sight
|-immune|p2a: Kingambit
|-heal|p1a: Slowking|15/100|[from] item: Leftovers
|upkeep
|turn|18
|
|t:|1781157824
|move|p2a: Kingambit|Kowtow Cleave|p1a: Slowking
|-supereffective|p1a: Slowking
|-damage|p1a: Slowking|0 fnt
|faint|p1a: Slowking
|
|upkeep
|
|t:|1781157829
|switch|p1a: Kyurem|Kyurem|100/100
|-damage|p1a: Kyurem|76/100|[from] Spikes
|-ability|p1a: Kyurem|Pressure
|turn|19
|
|t:|1781157836
|-end|p2a: Kingambit|fallen2|[silent]
|switch|p2a: Alomomola|Alomomola, M|100/100
|move|p1a: Kyurem|Earth Power|p2a: Alomomola
|-damage|p2a: Alomomola|40/100
|
|upkeep
|turn|20
|
|t:|1781157841
|switch|p1a: Kingambit|Kingambit, F|94/100
|-damage|p1a: Kingambit|69/100|[from] Spikes
|-activate|p1a: Kingambit|ability: Supreme Overlord
|-start|p1a: Kingambit|fallen4|[silent]
|move|p2a: Alomomola|Wish|p2a: Alomomola
|
|-heal|p1a: Kingambit|76/100|[from] item: Leftovers
|upkeep
|turn|21
|
|t:|1781157851
|move|p1a: Kingambit|Iron Head|p2a: Alomomola
|-resisted|p2a: Alomomola
|-damage|p2a: Alomomola|21/100
|move|p2a: Alomomola|Scald|p1a: Kingambit
|-crit|p1a: Kingambit
|-damage|p1a: Kingambit|54/100
|-status|p1a: Kingambit|brn
|
|-heal|p2a: Alomomola|71/100|[from] move: Wish|[wisher] Alomomola
|-heal|p1a: Kingambit|61/100 brn|[from] item: Leftovers
|-damage|p1a: Kingambit|54/100 brn|[from] brn
|upkeep
|turn|22
|
|t:|1781157856
|move|p1a: Kingambit|Swords Dance|p1a: Kingambit
|-boost|p1a: Kingambit|atk|2
|move|p2a: Alomomola|Flip Turn|p1a: Kingambit
|-damage|p1a: Kingambit|42/100 brn
|
|t:|1781157858
|switch|p2a: Enamorus|Enamorus, F|100/100|[from] Flip Turn
|
|-heal|p1a: Kingambit|49/100 brn|[from] item: Leftovers
|-damage|p1a: Kingambit|42/100 brn|[from] brn
|upkeep
|turn|23
|
|t:|1781157867
|move|p2a: Enamorus|Moonblast|p1a: Kingambit
|-damage|p1a: Kingambit|0 fnt
|faint|p1a: Kingambit
|-end|p1a: Kingambit|fallen4|[silent]
|
|upkeep
|-message|Humerus_Skelepun forfeited.
|
|win|ftaochaphet
|raw|Humerus_Skelepun's rating: 1535 &rarr; <strong>1519</strong><br />(-16 for losing)
|raw|ftaochaphet's rating: 1608 &rarr; <strong>1624</strong><br />(+16 for winning)
|l|☆Humerus_Skelepun
|player|p1|
|l|☆ftaochaphet
|player|p2|
