|j|☆arbok super yea
|j|☆Slashutu
|t:|1781556322
|gametype|singles
|player|p1|arbok super yea|bugcatcher-gen4dp|1561
|player|p2|Slashutu|102|1617
|gen|9
|tier|[Gen 9] OU
|rated|
|rule|HP Percentage Mod: HP is shown in percentages
|rule|Endless Battle Clause: Forcing endless battles is banned
|rule|Species Clause: Limit one of each Pokémon
|rule|OHKO Clause: OHKO moves are banned
|rule|Evasion Items Clause: Evasion items are banned
|rule|Evasion Moves Clause: Evasion moves are banned
|rule|Evasion Abilities Clause: Evasion abilities are banned
|rule|Sleep Moves Clause: Sleep-inducing moves are banned
|clearpoke
|poke|p1|Arbok, M|
|poke|p1|Heatran, M|
|poke|p1|Tornadus-Therian, M|
|poke|p1|Great Tusk|
|poke|p1|Darkrai|
|poke|p1|Ogerpon-Wellspring, F|
|poke|p2|Zamazenta-*|
|poke|p2|Ninetales-Alola, M|
|poke|p2|Cinderace, F|
|poke|p2|Great Tusk|
|poke|p2|Samurott-Hisui, M|
|poke|p2|Pecharunt|
|teampreview
|c|☆Slashutu|Howdy this is wemby
|inactive|Battle timer is ON: inactive players will automatically lose when time's up. (requested by Slashutu)
|
|t:|1781556389
|teamsize|p1|6
|teamsize|p2|6
|start
|switch|p1a: asoS evoL|Arbok, M|100/100
|switch|p2a: Samurott|Samurott-Hisui, M|100/100
|-ability|p1a: asoS evoL|Intimidate|boost
|-unboost|p2a: Samurott|atk|1
|turn|1
|
|t:|1781556398
|move|p2a: Samurott|Ceaseless Edge|p1a: asoS evoL
|-damage|p1a: asoS evoL|71/100
|-sidestart|p1: arbok super yea|Spikes
|move|p1a: asoS evoL|Glare|p2a: Samurott
|-status|p2a: Samurott|par
|
|-heal|p1a: asoS evoL|77/100|[from] item: Black Sludge
|upkeep
|turn|2
|c|☆arbok super yea|hi
|
|t:|1781556420
|switch|p1a: Great Tusk|Great Tusk|100/100
|-damage|p1a: Great Tusk|88/100|[from] Spikes
|move|p2a: Samurott|Ceaseless Edge|p1a: Great Tusk
|-resisted|p1a: Great Tusk
|-damage|p1a: Great Tusk|78/100
|-sidestart|p1: arbok super yea|Spikes
|
|-heal|p1a: Great Tusk|84/100|[from] item: Leftovers
|upkeep
|turn|3
|
|t:|1781556429
|switch|p2a: Pecharunt|Pecharunt|100/100
|-item|p2a: Pecharunt|Air Balloon
|move|p1a: Great Tusk|Headlong Rush|p2a: Pecharunt
|-immune|p2a: Pecharunt
|
|-heal|p1a: Great Tusk|91/100|[from] item: Leftovers
|upkeep
|turn|4
|
|t:|1781556440
|move|p2a: Pecharunt|Malignant Chain|p1a: Great Tusk
|-resisted|p1a: Great Tusk
|-damage|p1a: Great Tusk|68/100
|move|p1a: Great Tusk|Ice Spinner|p2a: Pecharunt
|-damage|p2a: Pecharunt|85/100
|-enditem|p2a: Pecharunt|Air Balloon
|
|-heal|p1a: Great Tusk|74/100|[from] item: Leftovers
|upkeep
|turn|5
|
|t:|1781556450
|-end|p1a: Great Tusk|Protosynthesis|[silent]
|switch|p1a: Heatran|Heatran, M|100/100
|-damage|p1a: Heatran|84/100|[from] Spikes
|move|p2a: Pecharunt|Malignant Chain|p1a: Heatran
|-immune|p1a: Heatran
|
|-heal|p1a: Heatran|90/100|[from] item: Leftovers
|upkeep
|turn|6
|inactive|arbok super yea has 120 seconds left.
|
|t:|1781556491
|switch|p2a: Great Tusk|Great Tusk|100/100
|move|p1a: Heatran|Magma Storm|p2a: Great Tusk
|-damage|p2a: Great Tusk|29/100
|-activate|p2a: Great Tusk|move: Magma Storm|[of] p1a: Heatran
|
|-heal|p1a: Heatran|96/100|[from] item: Leftovers
|-damage|p2a: Great Tusk|17/100|[from] move: Magma Storm|[partiallytrapped]
|upkeep
|turn|7
|
|t:|1781556501
|switch|p1a: Tornadus|Tornadus-Therian, M|100/100
|move|p2a: Great Tusk|Stealth Rock|p1a: Tornadus
|-sidestart|p1: arbok super yea|move: Stealth Rock
|
|-end|p2a: Great Tusk|Magma Storm|[partiallytrapped]|[silent]
|upkeep
|turn|8
|
|t:|1781556514
|move|p1a: Tornadus|Nasty Plot|p1a: Tornadus
|-boost|p1a: Tornadus|spa|2
|move|p2a: Great Tusk|Ice Spinner|p1a: Tornadus
|-supereffective|p1a: Tornadus
|-damage|p1a: Tornadus|24/100
|
|upkeep
|turn|9
|
|t:|1781556522
|move|p1a: Tornadus|Bleakwind Storm|p2a: Great Tusk
|-supereffective|p2a: Great Tusk
|-damage|p2a: Great Tusk|0 fnt
|faint|p2a: Great Tusk
|-end|p2a: Great Tusk|Protosynthesis|[silent]
|
|upkeep
|
|t:|1781556528
|switch|p2a: Zamazenta|Zamazenta|100/100
|-ability|p2a: Zamazenta|Dauntless Shield|boost
|-boost|p2a: Zamazenta|def|1
|turn|10
|inactive|arbok super yea has 120 seconds left.
|
|t:|1781556563
|switch|p1a: Ogerpon|Ogerpon-Wellspring, F|100/100
|-damage|p1a: Ogerpon|84/100|[from] Spikes
|-damage|p1a: Ogerpon|72/100|[from] Stealth Rock
|move|p2a: Zamazenta|Body Press|p1a: Ogerpon
|-damage|p1a: Ogerpon|2/100
|
|upkeep
|turn|11
|
|t:|1781556573
|move|p2a: Zamazenta|Body Press|p1a: Ogerpon
|-damage|p1a: Ogerpon|0 fnt
|faint|p1a: Ogerpon
|
|upkeep
|
|t:|1781556578
|switch|p1a: Great Tusk|Great Tusk|74/100
|-damage|p1a: Great Tusk|58/100|[from] Spikes
|-damage|p1a: Great Tusk|55/100|[from] Stealth Rock
|turn|12
|
|t:|1781556591
|switch|p2a: Pecharunt|Pecharunt|85/100
|move|p1a: Great Tusk|Headlong Rush|p2a: Pecharunt
|-supereffective|p2a: Pecharunt
|-damage|p2a: Pecharunt|14/100
|-unboost|p1a: Great Tusk|def|1
|-unboost|p1a: Great Tusk|spd|1
|
|-heal|p1a: Great Tusk|61/100|[from] item: Leftovers
|upkeep
|turn|13
|
|t:|1781556598
|-end|p1a: Great Tusk|Protosynthesis|[silent]
|switch|p1a: Heatran|Heatran, M|96/100
|-damage|p1a: Heatran|80/100|[from] Spikes
|-damage|p1a: Heatran|67/100|[from] Stealth Rock
|move|p2a: Pecharunt|Shadow Ball|p1a: Heatran
|-damage|p1a: Heatran|50/100
|
|-heal|p1a: Heatran|56/100|[from] item: Leftovers
|upkeep
|turn|14
|
|t:|1781556619
|switch|p2a: Ninetales|Ninetales-Alola, M|100/100
|-weather|Snowscape|[from] ability: Snow Warning|[of] p2a: Ninetales
|switch|p1a: Tornadus|Tornadus-Therian, M|57/100
|
|-weather|Snowscape|[upkeep]
|upkeep
|turn|15
|inactive|arbok super yea has 90 seconds left.
|j| wasp1776
|
|t:|1781556645
|move|p1a: Tornadus|Heat Wave|p2a: Ninetales
|-supereffective|p2a: Ninetales
|-damage|p2a: Ninetales|46/100
|move|p2a: Ninetales|Aurora Veil|p2a: Ninetales
|-sidestart|p2: Slashutu|move: Aurora Veil
|
|-weather|Snowscape|[upkeep]
|upkeep
|turn|16
|inactive|arbok super yea has 90 seconds left.
|l| wasp1776
|
|t:|1781556659
|move|p1a: Tornadus|Heat Wave|p2a: Ninetales
|-supereffective|p2a: Ninetales
|-damage|p2a: Ninetales|17/100
|move|p2a: Ninetales|Encore|p1a: Tornadus
|-start|p1a: Tornadus|Encore
|
|-weather|Snowscape|[upkeep]
|upkeep
|turn|17
|inactive|arbok super yea has 90 seconds left.
|
|t:|1781556669
|switch|p1a: Great Tusk|Great Tusk|61/100
|-damage|p1a: Great Tusk|44/100|[from] Spikes
|-damage|p1a: Great Tusk|41/100|[from] Stealth Rock
|switch|p2a: Ankara Messi|Cinderace, F|100/100
|
|-weather|Snowscape|[upkeep]
|-heal|p1a: Great Tusk|48/100|[from] item: Leftovers
|upkeep
|turn|18
|
|t:|1781556678
|move|p2a: Ankara Messi|Swords Dance|p2a: Ankara Messi
|-start|p2a: Ankara Messi|typechange|Normal|[from] ability: Libero
|-boost|p2a: Ankara Messi|atk|2
|move|p1a: Great Tusk|Rapid Spin|p2a: Ankara Messi
|-damage|p2a: Ankara Messi|87/100
|-boost|p1a: Great Tusk|spe|1
|-sideend|p1: arbok super yea|Spikes|[from] move: Rapid Spin|[of] p1a: Great Tusk
|-sideend|p1: arbok super yea|Stealth Rock|[from] move: Rapid Spin|[of] p1a: Great Tusk
|
|-weather|none
|-heal|p1a: Great Tusk|54/100|[from] item: Leftovers
|upkeep
|turn|19
|
|t:|1781556683
|move|p1a: Great Tusk|Close Combat|p2a: Ankara Messi
|-supereffective|p2a: Ankara Messi
|-damage|p2a: Ankara Messi|0 fnt
|-unboost|p1a: Great Tusk|def|1
|-unboost|p1a: Great Tusk|spd|1
|faint|p2a: Ankara Messi
|
|-heal|p1a: Great Tusk|60/100|[from] item: Leftovers
|upkeep
|-message|Slashutu forfeited.
|
|win|arbok super yea
|raw|arbok super yea's rating: 1561 &rarr; <strong>1584</strong><br />(+23 for winning)
|raw|Slashutu's rating: 1617 &rarr; <strong>1594</strong><br />(-23 for losing)
|l|☆Slashutu
|player|p2|
