|j|☆extra-pseudo man
|j|☆deepfriedmagikarp
|t:|1781381082
|gametype|singles
|player|p1|extra-pseudo man|102|1749
|player|p2|deepfriedmagikarp|pokemonranger-gen4|1710
|gen|9
|tier|[Gen 9] OU
|rated|
|rule|HP Percentage Mod: HP is shown in percentages
|rule|Endless Battle Clause: Forcing endless battles is banned
|rule|Species Clause: Limit one of each Pokémon
|rule|OHKO Clause: OHKO moves are banned
|rule|Evasion Items Clause: Evasion items are banned
|rule|Evasion Moves Clause: Evasion moves are banned
|rule|Evasion Abilities Clause: Evasion abilities are banned
|rule|Sleep Moves Clause: Sleep-inducing moves are banned
|clearpoke
|poke|p1|Dragonite, F|
|poke|p1|Dragapult, M|
|poke|p1|Tyranitar, M|
|poke|p1|Metagross|
|poke|p1|Goodra-Hisui, M|
|poke|p1|Garchomp, M|
|poke|p2|Hatterene, F|
|poke|p2|Great Tusk|
|poke|p2|Tornadus-Therian, M|
|poke|p2|Kyurem|
|poke|p2|Slowking-Galar, M|
|poke|p2|Kingambit, M|
|teampreview
|inactive|Battle timer is ON: inactive players will automatically lose when time's up. (requested by deepfriedmagikarp)
|
|t:|1781381100
|teamsize|p1|6
|teamsize|p2|6
|start
|switch|p1a: He pulten on it|Dragapult, M|100/100
|switch|p2a: Tornadus|Tornadus-Therian, M|100/100
|turn|1
|j| Little Cuack
|
|t:|1781381105
|move|p1a: He pulten on it|U-turn|p2a: Tornadus
|-resisted|p2a: Tornadus
|-damage|p2a: Tornadus|89/100
|
|t:|1781381107
|switch|p1a: Tyranocif|Tyranitar, M|100/100|[from] U-turn
|-weather|Sandstorm|[from] ability: Sand Stream|[of] p1a: Tyranocif
|move|p2a: Tornadus|Knock Off|p1a: Tyranocif
|-resisted|p1a: Tyranocif
|-damage|p1a: Tyranocif|92/100
|-enditem|p1a: Tyranocif|Leftovers|[from] move: Knock Off|[of] p2a: Tornadus
|
|-weather|Sandstorm|[upkeep]
|-damage|p2a: Tornadus|83/100|[from] Sandstorm
|upkeep
|turn|2
|
|t:|1781381110
|move|p2a: Tornadus|U-turn|p1a: Tyranocif
|-supereffective|p1a: Tyranocif
|-damage|p1a: Tyranocif|70/100
|
|t:|1781381113
|switch|p2a: Great Tusk|Great Tusk|100/100|[from] U-turn
|move|p1a: Tyranocif|Knock Off|p2a: Great Tusk
|-resisted|p2a: Great Tusk
|-damage|p2a: Great Tusk|85/100
|-damage|p1a: Tyranocif|53/100|[from] item: Rocky Helmet|[of] p2a: Great Tusk
|-enditem|p2a: Great Tusk|Rocky Helmet|[from] move: Knock Off|[of] p1a: Tyranocif
|
|-weather|Sandstorm|[upkeep]
|upkeep
|turn|3
|
|t:|1781381118
|switch|p1a: Marill me|Garchomp, M|100/100
|move|p2a: Great Tusk|Headlong Rush|p1a: Marill me
|-damage|p1a: Marill me|62/100
|-unboost|p2a: Great Tusk|def|1
|-unboost|p2a: Great Tusk|spd|1
|-damage|p2a: Great Tusk|73/100|[from] ability: Rough Skin|[of] p1a: Marill me
|-damage|p2a: Great Tusk|57/100|[from] item: Rocky Helmet|[of] p1a: Marill me
|
|-weather|Sandstorm|[upkeep]
|upkeep
|turn|4
|
|t:|1781381121
|move|p2a: Great Tusk|Stealth Rock|p1a: Marill me
|-sidestart|p1: extra-pseudo man|move: Stealth Rock
|move|p1a: Marill me|Earthquake|p2a: Great Tusk
|-damage|p2a: Great Tusk|6/100
|
|-weather|Sandstorm|[upkeep]
|upkeep
|turn|5
|
|t:|1781381126
|move|p2a: Great Tusk|Ice Spinner|p1a: Marill me
|-supereffective|p1a: Marill me
|-damage|p1a: Marill me|0 fnt
|-damage|p2a: Great Tusk|0 fnt|[from] ability: Rough Skin|[of] p1a: Marill me
|faint|p1a: Marill me
|faint|p2a: Great Tusk
|-end|p2a: Great Tusk|Protosynthesis|[silent]
|
|-weather|none
|upkeep
|
|t:|1781381133
|switch|p2a: Kyurem|Kyurem|100/100
|switch|p1a: Tyranocif|Tyranitar, M|53/100
|-ability|p2a: Kyurem|Pressure
|-damage|p1a: Tyranocif|41/100|[from] Stealth Rock
|-weather|Sandstorm|[from] ability: Sand Stream|[of] p1a: Tyranocif
|turn|6
|
|t:|1781381136
|move|p2a: Kyurem|Earth Power|p1a: Tyranocif
|-supereffective|p1a: Tyranocif
|-damage|p1a: Tyranocif|2/100
|move|p1a: Tyranocif|Knock Off|p2a: Kyurem
|-damage|p2a: Kyurem|56/100
|-enditem|p2a: Kyurem|Choice Specs|[from] move: Knock Off|[of] p1a: Tyranocif
|
|-weather|Sandstorm|[upkeep]
|-damage|p2a: Kyurem|50/100|[from] Sandstorm
|upkeep
|turn|7
|
|t:|1781381140
|move|p2a: Kyurem|Ice Beam|p1a: Tyranocif
|-crit|p1a: Tyranocif
|-damage|p1a: Tyranocif|0 fnt
|faint|p1a: Tyranocif
|
|-weather|Sandstorm|[upkeep]
|-damage|p2a: Kyurem|44/100|[from] Sandstorm
|upkeep
|
|t:|1781381151
|switch|p1a: He pulten on it|Dragapult, M|100/100
|turn|8
|
|t:|1781381156
|switch|p2a: Tornadus|Tornadus-Therian, M|100/100
|move|p1a: He pulten on it|Draco Meteor|p2a: Tornadus
|-damage|p2a: Tornadus|63/100
|-unboost|p1a: He pulten on it|spa|2
|
|-weather|Sandstorm|[upkeep]
|-damage|p1a: He pulten on it|95/100|[from] Sandstorm
|-damage|p2a: Tornadus|56/100|[from] Sandstorm
|upkeep
|turn|9
|
|t:|1781381161
|move|p1a: He pulten on it|Will-O-Wisp|p2a: Tornadus
|-status|p2a: Tornadus|brn
|move|p2a: Tornadus|Knock Off|p1a: He pulten on it
|-supereffective|p1a: He pulten on it
|-damage|p1a: He pulten on it|66/100
|-enditem|p1a: He pulten on it|Heavy-Duty Boots|[from] move: Knock Off|[of] p2a: Tornadus
|
|-weather|Sandstorm|[upkeep]
|-damage|p1a: He pulten on it|60/100|[from] Sandstorm
|-damage|p2a: Tornadus|50/100 brn|[from] Sandstorm
|-damage|p2a: Tornadus|44/100 brn|[from] brn
|upkeep
|turn|10
|
|t:|1781381164
|move|p1a: He pulten on it|U-turn|p2a: Tornadus
|-resisted|p2a: Tornadus
|-damage|p2a: Tornadus|34/100 brn
|
|t:|1781381166
|switch|p1a: The goot|Goodra-Hisui, M|100/100|[from] U-turn
|-damage|p1a: The goot|94/100|[from] Stealth Rock
|move|p2a: Tornadus|U-turn|p1a: The goot
|-resisted|p1a: The goot
|-damage|p1a: The goot|90/100
|-ability|p1a: The goot|Gooey
|-unboost|p2a: Tornadus|spe|1
|
|t:|1781381172
|switch|p2a: Slowking|Slowking-Galar, M|100/100|[from] U-turn
|
|-weather|none
|upkeep
|turn|11
|
|t:|1781381176
|move|p1a: The goot|Flash Cannon|p2a: Slowking
|-damage|p2a: Slowking|52/100
|move|p2a: Slowking|Trick|p1a: The goot
|-activate|p2a: Slowking|move: Trick|[of] p1a: The goot
|-item|p1a: The goot|Black Sludge|[from] move: Trick
|-item|p2a: Slowking|Choice Specs|[from] move: Trick
|
|-damage|p1a: The goot|78/100|[from] item: Black Sludge
|upkeep
|turn|12
|
|t:|1781381181
|move|p1a: The goot|Flash Cannon|p2a: Slowking
|-crit|p2a: Slowking
|-damage|p2a: Slowking|1/100
|-prepare|p2a: Slowking|Chilly Reception|[premajor]
|move|p2a: Slowking|Chilly Reception|p2a: Slowking
|-weather|Snowscape
|
|t:|1781381184
|switch|p2a: Tornadus|Tornadus-Therian, M|68/100 brn|[from] Chilly Reception
|
|-weather|Snowscape|[upkeep]
|-damage|p1a: The goot|66/100|[from] item: Black Sludge
|-damage|p2a: Tornadus|61/100 brn|[from] brn
|upkeep
|turn|13
|
|t:|1781381186
|move|p2a: Tornadus|U-turn|p1a: The goot
|-resisted|p1a: The goot
|-damage|p1a: The goot|62/100
|-ability|p1a: The goot|Gooey
|-unboost|p2a: Tornadus|spe|1
|
|t:|1781381188
|switch|p2a: Slowking|Slowking-Galar, M|34/100|[from] U-turn
|move|p1a: The goot|Thunderbolt|p2a: Slowking
|-damage|p2a: Slowking|9/100
|
|-weather|Snowscape|[upkeep]
|-damage|p1a: The goot|50/100|[from] item: Black Sludge
|upkeep
|turn|14
|
|t:|1781381194
|switch|p2a: Tornadus|Tornadus-Therian, M|95/100 brn
|move|p1a: The goot|Thunderbolt|p2a: Tornadus
|-supereffective|p2a: Tornadus
|-damage|p2a: Tornadus|57/100 brn
|
|-weather|Snowscape|[upkeep]
|-damage|p1a: The goot|37/100|[from] item: Black Sludge
|-damage|p2a: Tornadus|51/100 brn|[from] brn
|upkeep
|turn|15
|
|t:|1781381200
|move|p2a: Tornadus|U-turn|p1a: The goot
|-resisted|p1a: The goot
|-crit|p1a: The goot
|-damage|p1a: The goot|31/100
|-ability|p1a: The goot|Gooey
|-unboost|p2a: Tornadus|spe|1
|
|t:|1781381202
|switch|p2a: Slowking|Slowking-Galar, M|42/100|[from] U-turn
|move|p1a: The goot|Thunderbolt|p2a: Slowking
|-damage|p2a: Slowking|19/100
|
|-weather|Snowscape|[upkeep]
|-damage|p1a: The goot|19/100|[from] item: Black Sludge
|upkeep
|turn|16
|
|t:|1781381205
|switch|p2a: Tornadus|Tornadus-Therian, M|84/100 brn
|move|p1a: The goot|Draco Meteor|p2a: Tornadus
|-damage|p2a: Tornadus|44/100 brn
|-unboost|p1a: The goot|spa|2
|
|-weather|none
|-damage|p1a: The goot|7/100|[from] item: Black Sludge
|-damage|p2a: Tornadus|38/100 brn|[from] brn
|upkeep
|turn|17
|
|t:|1781381209
|move|p2a: Tornadus|U-turn|p1a: The goot
|-resisted|p1a: The goot
|-damage|p1a: The goot|3/100
|-ability|p1a: The goot|Gooey
|-unboost|p2a: Tornadus|spe|1
|
|t:|1781381210
|switch|p2a: Slowking|Slowking-Galar, M|53/100|[from] U-turn
|move|p1a: The goot|Draco Meteor|p2a: Slowking|[miss]
|-miss|p1a: The goot|p2a: Slowking
|
|-damage|p1a: The goot|0 fnt|[from] item: Black Sludge
|faint|p1a: The goot
|upkeep
|
|t:|1781381212
|switch|p1a: kaboom|Metagross|100/100
|-damage|p1a: kaboom|95/100|[from] Stealth Rock
|turn|18
|
|t:|1781381216
|move|p1a: kaboom|Heavy Slam|p2a: Slowking
|-damage|p2a: Slowking|0 fnt
|faint|p2a: Slowking
|
|upkeep
|
|t:|1781381224
|switch|p2a: Tornadus|Tornadus-Therian, M|71/100 brn
|turn|19
|
|t:|1781381226
|move|p2a: Tornadus|Knock Off|p1a: kaboom
|-supereffective|p1a: kaboom
|-damage|p1a: kaboom|78/100
|-enditem|p1a: kaboom|Choice Band|[from] move: Knock Off|[of] p2a: Tornadus
|move|p1a: kaboom|Heavy Slam|p2a: Tornadus
|-damage|p2a: Tornadus|0 fnt
|faint|p2a: Tornadus
|
|upkeep
|
|t:|1781381230
|switch|p2a: Kyurem|Kyurem|44/100
|-ability|p2a: Kyurem|Pressure
|turn|20
|
|t:|1781381232
|move|p1a: kaboom|Bullet Punch|p2a: Kyurem
|-supereffective|p2a: Kyurem
|-damage|p2a: Kyurem|0 fnt
|faint|p2a: Kyurem
|
|upkeep
|
|t:|1781381234
|switch|p2a: Kingambit|Kingambit, M|100/100
|-activate|p2a: Kingambit|ability: Supreme Overlord
|-start|p2a: Kingambit|fallen4|[silent]
|turn|21
|
|t:|1781381238
|-terastallize|p2a: Kingambit|Ghost
|move|p1a: kaboom|Earthquake|p2a: Kingambit
|-damage|p2a: Kingambit|74/100
|move|p2a: Kingambit|Swords Dance|p2a: Kingambit
|-boost|p2a: Kingambit|atk|2
|
|-heal|p2a: Kingambit|80/100|[from] item: Leftovers
|upkeep
|turn|22
|
|t:|1781381241
|move|p2a: Kingambit|Sucker Punch|p1a: kaboom
|-supereffective|p1a: kaboom
|-damage|p1a: kaboom|0 fnt
|faint|p1a: kaboom
|
|-heal|p2a: Kingambit|86/100|[from] item: Leftovers
|upkeep
|
|t:|1781381246
|switch|p1a: Chud|Dragonite, F|100/100
|turn|23
|
|t:|1781381248
|move|p1a: Chud|Encore|p2a: Kingambit
|-start|p2a: Kingambit|Encore
|move|p2a: Kingambit|Sucker Punch||[still]
|-fail|p2a: Kingambit
|
|-heal|p2a: Kingambit|93/100|[from] item: Leftovers
|upkeep
|turn|24
|
|t:|1781381250
|-end|p2a: Kingambit|fallen4|[silent]
|switch|p2a: Hatterene|Hatterene, F|100/100
|move|p1a: Chud|Dragon Dance|p1a: Chud
|-boost|p1a: Chud|atk|1
|-boost|p1a: Chud|spe|1
|
|upkeep
|turn|25
|
|t:|1781381259
|switch|p1a: He pulten on it|Dragapult, M|60/100
|-damage|p1a: He pulten on it|48/100|[from] Stealth Rock
|move|p2a: Hatterene|Nuzzle|p1a: He pulten on it
|-resisted|p1a: He pulten on it
|-damage|p1a: He pulten on it|45/100
|-status|p1a: He pulten on it|par
|
|upkeep
|turn|26
|
|t:|1781381262
|switch|p2a: Kingambit|Kingambit, M, tera:Ghost|93/100
|-activate|p2a: Kingambit|ability: Supreme Overlord
|-start|p2a: Kingambit|fallen4|[silent]
|move|p1a: He pulten on it|Hex|p2a: Kingambit
|-supereffective|p2a: Kingambit
|-damage|p2a: Kingambit|34/100
|
|-heal|p2a: Kingambit|41/100|[from] item: Leftovers
|upkeep
|turn|27
|
|t:|1781381266
|move|p2a: Kingambit|Sucker Punch|p1a: He pulten on it
|-supereffective|p1a: He pulten on it
|-damage|p1a: He pulten on it|0 fnt
|faint|p1a: He pulten on it
|
|-heal|p2a: Kingambit|47/100|[from] item: Leftovers
|upkeep
|
|t:|1781381268
|switch|p1a: Chud|Dragonite, F|100/100
|turn|28
|
|t:|1781381270
|-end|p2a: Kingambit|fallen4|[silent]
|switch|p2a: Hatterene|Hatterene, F|100/100
|move|p1a: Chud|Dragon Dance|p1a: Chud
|-boost|p1a: Chud|atk|1
|-boost|p1a: Chud|spe|1
|
|upkeep
|turn|29
|
|t:|1781381276
|move|p1a: Chud|Dragon Dance|p1a: Chud
|-boost|p1a: Chud|atk|1
|-boost|p1a: Chud|spe|1
|move|p2a: Hatterene|Nuzzle|p1a: Chud
|-damage|p1a: Chud|98/100
|-status|p1a: Chud|par
|
|upkeep
|turn|30
|
|t:|1781381284
|-terastallize|p1a: Chud|Normal
|move|p1a: Chud|Earthquake|p2a: Hatterene
|-damage|p2a: Hatterene|34/100
|move|p2a: Hatterene|Draining Kiss|p1a: Chud
|-damage|p1a: Chud|75/100 par
|-heal|p2a: Hatterene|52/100|[from] drain|[of] p1a: Chud
|
|upkeep
|turn|31
|
|t:|1781381297
|move|p1a: Chud|Earthquake|p2a: Hatterene
|-damage|p2a: Hatterene|0 fnt
|faint|p2a: Hatterene
|
|upkeep
|
|t:|1781381298
|switch|p2a: Kingambit|Kingambit, M, tera:Ghost|47/100
|-activate|p2a: Kingambit|ability: Supreme Overlord
|-start|p2a: Kingambit|fallen5|[silent]
|turn|32
|
|t:|1781381302
|cant|p1a: Chud|par
|move|p2a: Kingambit|Kowtow Cleave|p1a: Chud
|-damage|p1a: Chud|0 fnt
|faint|p1a: Chud
|
|win|deepfriedmagikarp
|raw|extra-pseudo man's rating: 1749 &rarr; <strong>1727</strong><br />(-22 for losing)
|raw|deepfriedmagikarp's rating: 1710 &rarr; <strong>1732</strong><br />(+22 for winning)
|l| Little Cuack
|l|☆deepfriedmagikarp
|player|p2|
|c|☆extra-pseudo man|wow
|l|☆extra-pseudo man
|player|p1|
