|j|☆KurisuChestnutOU
|j|☆blueisnoob
|t:|1781159933
|gametype|singles
|player|p1|KurisuChestnutOU|may-contest|1520
|player|p2|blueisnoob|101|1583
|gen|9
|tier|[Gen 9] OU
|rated|
|rule|HP Percentage Mod: HP is shown in percentages
|rule|Endless Battle Clause: Forcing endless battles is banned
|rule|Species Clause: Limit one of each Pokémon
|rule|OHKO Clause: OHKO moves are banned
|rule|Evasion Items Clause: Evasion items are banned
|rule|Evasion Moves Clause: Evasion moves are banned
|rule|Evasion Abilities Clause: Evasion abilities are banned
|rule|Sleep Moves Clause: Sleep-inducing moves are banned
|clearpoke
|poke|p1|Zamazenta-*|
|poke|p1|Zapdos|
|poke|p1|Garganacl, M|
|poke|p1|Clefable, F|
|poke|p1|Samurott-Hisui, F|
|poke|p1|Gholdengo|
|poke|p2|Zamazenta-*|
|poke|p2|Ogerpon-Wellspring, F|
|poke|p2|Slowking-Galar, F|
|poke|p2|Great Tusk|
|poke|p2|Kingambit, M|
|poke|p2|Zapdos|
|teampreview
|
|t:|1781159940
|teamsize|p1|6
|teamsize|p2|6
|start
|switch|p1a: Zapdos|Zapdos|100/100
|switch|p2a: Zapdos|Zapdos|100/100
|turn|1
|inactive|Battle timer is ON: inactive players will automatically lose when time's up. (requested by KurisuChestnutOU)
|
|t:|1781159945
|move|p2a: Zapdos|Hurricane|p1a: Zapdos
|-resisted|p1a: Zapdos
|-damage|p1a: Zapdos|77/100
|-start|p1a: Zapdos|confusion
|-activate|p1a: Zapdos|confusion
|-damage|p1a: Zapdos|71/100|[from] confusion
|
|upkeep
|turn|2
|
|t:|1781159952
|move|p2a: Zapdos|Volt Switch|p1a: Zapdos
|-damage|p1a: Zapdos|45/100
|
|t:|1781159955
|switch|p2a: Great Tusk|Great Tusk, shiny|100/100|[from] Volt Switch
|-activate|p1a: Zapdos|confusion
|move|p1a: Zapdos|Roost|p1a: Zapdos
|-heal|p1a: Zapdos|95/100
|-singleturn|p1a: Zapdos|move: Roost
|
|upkeep
|turn|3
|
|t:|1781159959
|-end|p2a: Great Tusk|Protosynthesis|[silent]
|switch|p2a: Zapdos|Zapdos|100/100
|-activate|p1a: Zapdos|confusion
|move|p1a: Zapdos|Hurricane|p2a: Zapdos|[miss]
|-miss|p1a: Zapdos|p2a: Zapdos
|
|upkeep
|turn|4
|
|t:|1781159963
|switch|p1a: Garganacl|Garganacl, M|100/100
|move|p2a: Zapdos|Volt Switch|p1a: Garganacl
|-damage|p1a: Garganacl|80/100
|
|t:|1781159966
|switch|p2a: Ogerpon|Ogerpon-Wellspring, F|100/100|[from] Volt Switch
|
|-heal|p1a: Garganacl|87/100|[from] item: Leftovers
|upkeep
|turn|5
|
|t:|1781159973
|switch|p1a: Zamazenta|Zamazenta|100/100
|-ability|p1a: Zamazenta|Dauntless Shield|boost
|-boost|p1a: Zamazenta|def|1
|-terastallize|p2a: Ogerpon|Water
|detailschange|p2a: Ogerpon|Ogerpon-Wellspring-Tera, F, tera:Water
|-ability|p2a: Ogerpon|Embody Aspect (Wellspring)|boost
|-boost|p2a: Ogerpon|spd|1
|move|p2a: Ogerpon|Ivy Cudgel|p1a: Zamazenta|[anim] Ivy Cudgel Water
|-damage|p1a: Zamazenta|56/100
|
|-heal|p1a: Zamazenta|62/100|[from] item: Leftovers
|upkeep
|turn|6
|
|t:|1781159977
|switch|p2a: Zapdos|Zapdos|100/100
|move|p1a: Zamazenta|Body Press|p2a: Zapdos
|-resisted|p2a: Zapdos
|-damage|p2a: Zapdos|83/100
|-status|p1a: Zamazenta|par|[from] ability: Static|[of] p2a: Zapdos
|
|-heal|p1a: Zamazenta|69/100 par|[from] item: Leftovers
|upkeep
|turn|7
|
|t:|1781159985
|switch|p1a: Garganacl|Garganacl, M|87/100
|move|p2a: Zapdos|Hurricane|p1a: Garganacl
|-resisted|p1a: Garganacl
|-damage|p1a: Garganacl|72/100
|-start|p1a: Garganacl|confusion
|
|-heal|p1a: Garganacl|78/100|[from] item: Leftovers
|upkeep
|turn|8
|
|t:|1781159993
|move|p2a: Zapdos|Volt Switch|p1a: Garganacl
|-damage|p1a: Garganacl|60/100
|
|t:|1781159995
|switch|p2a: Great Tusk|Great Tusk, shiny|100/100|[from] Volt Switch
|-activate|p1a: Garganacl|confusion
|move|p1a: Garganacl|Salt Cure|p2a: Great Tusk
|-resisted|p2a: Great Tusk
|-damage|p2a: Great Tusk|98/100
|-start|p2a: Great Tusk|Salt Cure
|
|-heal|p1a: Garganacl|66/100|[from] item: Leftovers
|-damage|p2a: Great Tusk|86/100|[from] Salt Cure
|upkeep
|turn|9
|
|t:|1781160000
|switch|p1a: Zapdos|Zapdos|95/100
|move|p2a: Great Tusk|Stealth Rock|p1a: Zapdos
|-sidestart|p1: KurisuChestnutOU|move: Stealth Rock
|
|-damage|p2a: Great Tusk|73/100|[from] Salt Cure
|upkeep
|turn|10
|
|t:|1781160006
|-end|p2a: Great Tusk|Protosynthesis|[silent]
|switch|p2a: Zapdos|Zapdos|83/100
|move|p1a: Zapdos|Hurricane|p2a: Zapdos
|-resisted|p2a: Zapdos
|-damage|p2a: Zapdos|61/100
|
|upkeep
|turn|11
|
|t:|1781160012
|move|p2a: Zapdos|Roost|p2a: Zapdos
|-heal|p2a: Zapdos|100/100
|-singleturn|p2a: Zapdos|move: Roost
|move|p1a: Zapdos|Hurricane|p2a: Zapdos
|-resisted|p2a: Zapdos
|-damage|p2a: Zapdos|79/100
|
|upkeep
|turn|12
|
|t:|1781160019
|move|p2a: Zapdos|Volt Switch|p1a: Zapdos
|-damage|p1a: Zapdos|64/100
|
|t:|1781160022
|switch|p2a: Slowking|Slowking-Galar, F|100/100|[from] Volt Switch
|move|p1a: Zapdos|Discharge|p2a: Slowking
|-damage|p2a: Slowking|85/100
|
|upkeep
|turn|13
|
|t:|1781160026
|move|p1a: Zapdos|Volt Switch|p2a: Slowking
|-damage|p2a: Slowking|69/100
|
|t:|1781160032
|switch|p1a: Garganacl|Garganacl, M|66/100|[from] Volt Switch
|-damage|p1a: Garganacl|54/100|[from] Stealth Rock
|move|p2a: Slowking|Ice Beam|p1a: Garganacl
|-damage|p1a: Garganacl|36/100
|
|-heal|p1a: Garganacl|42/100|[from] item: Leftovers
|upkeep
|turn|14
|
|t:|1781160037
|switch|p2a: Great Tusk|Great Tusk, shiny|73/100
|move|p1a: Garganacl|Stealth Rock|p2a: Great Tusk
|-sidestart|p2: blueisnoob|move: Stealth Rock
|
|-heal|p1a: Garganacl|48/100|[from] item: Leftovers
|upkeep
|turn|15
|
|t:|1781160041
|switch|p1a: Zapdos|Zapdos|64/100
|move|p2a: Great Tusk|Rapid Spin|p1a: Zapdos
|-damage|p1a: Zapdos|51/100
|-boost|p2a: Great Tusk|spe|1
|-sideend|p2: blueisnoob|Stealth Rock|[from] move: Rapid Spin|[of] p2a: Great Tusk
|
|upkeep
|turn|16
|
|t:|1781160049
|-end|p2a: Great Tusk|Protosynthesis|[silent]
|switch|p2a: Zapdos|Zapdos|79/100
|move|p1a: Zapdos|Roost|p1a: Zapdos
|-heal|p1a: Zapdos|100/100
|-singleturn|p1a: Zapdos|move: Roost
|
|upkeep
|turn|17
|
|t:|1781160056
|move|p2a: Zapdos|Volt Switch|p1a: Zapdos
|-damage|p1a: Zapdos|72/100
|
|t:|1781160059
|switch|p2a: Slowking|Slowking-Galar, F|100/100|[from] Volt Switch
|move|p1a: Zapdos|Volt Switch|p2a: Slowking
|-damage|p2a: Slowking|86/100
|
|t:|1781160062
|switch|p1a: Samurott|Samurott-Hisui, F|100/100|[from] Volt Switch
|-damage|p1a: Samurott|88/100|[from] Stealth Rock
|
|upkeep
|turn|18
|
|t:|1781160070
|switch|p2a: Zapdos|Zapdos|79/100
|move|p1a: Samurott|Ceaseless Edge|p2a: Zapdos
|-damage|p2a: Zapdos|45/100
|-sidestart|p2: blueisnoob|Spikes
|
|upkeep
|turn|19
|
|t:|1781160096
|move|p1a: Samurott|Ceaseless Edge|p2a: Zapdos
|-damage|p2a: Zapdos|13/100
|-sidestart|p2: blueisnoob|Spikes
|move|p2a: Zapdos|Volt Switch|p1a: Samurott
|-supereffective|p1a: Samurott
|-damage|p1a: Samurott|0 fnt
|faint|p1a: Samurott
|
|t:|1781160106
|switch|p2a: Great Tusk|Great Tusk, shiny|73/100|[from] Volt Switch
|
|upkeep
|
|t:|1781160111
|switch|p1a: Gholdengo|Gholdengo|100/100
|-damage|p1a: Gholdengo|94/100|[from] Stealth Rock
|turn|20
|j| kanaete onegai
|
|t:|1781160115
|-end|p2a: Great Tusk|Protosynthesis|[silent]
|switch|p2a: Kingambit|Kingambit, M|100/100
|-damage|p2a: Kingambit|84/100|[from] Spikes
|move|p1a: Gholdengo|Shadow Ball|p2a: Kingambit
|-resisted|p2a: Kingambit
|-damage|p2a: Kingambit|61/100
|
|-heal|p2a: Kingambit|67/100|[from] item: Leftovers
|upkeep
|turn|21
|
|t:|1781160120
|switch|p1a: Zamazenta|Zamazenta|69/100 par
|-damage|p1a: Zamazenta|62/100 par|[from] Stealth Rock
|move|p2a: Kingambit|Kowtow Cleave|p1a: Zamazenta
|-resisted|p1a: Zamazenta
|-damage|p1a: Zamazenta|42/100 par
|
|-heal|p1a: Zamazenta|48/100 par|[from] item: Leftovers
|-heal|p2a: Kingambit|73/100|[from] item: Leftovers
|upkeep
|turn|22
|
|t:|1781160128
|-end|p2a: Kingambit|fallenundefined|[silent]
|switch|p2a: Slowking|Slowking-Galar, F|100/100
|-damage|p2a: Slowking|84/100|[from] Spikes
|cant|p1a: Zamazenta|par
|
|-heal|p1a: Zamazenta|54/100 par|[from] item: Leftovers
|upkeep
|turn|23
|
|t:|1781160137
|switch|p1a: Gholdengo|Gholdengo|94/100
|-damage|p1a: Gholdengo|88/100|[from] Stealth Rock
|move|p2a: Slowking|Psyshock|p1a: Gholdengo
|-resisted|p1a: Gholdengo
|-damage|p1a: Gholdengo|66/100
|
|upkeep
|turn|24
|
|t:|1781160141
|switch|p1a: Garganacl|Garganacl, M|48/100
|-damage|p1a: Garganacl|36/100|[from] Stealth Rock
|move|p2a: Slowking|Flamethrower|p1a: Garganacl
|-resisted|p1a: Garganacl
|-damage|p1a: Garganacl|26/100
|
|-heal|p1a: Garganacl|32/100|[from] item: Leftovers
|upkeep
|turn|25
|
|t:|1781160148
|move|p1a: Garganacl|Stealth Rock|p2a: Slowking
|-sidestart|p2: blueisnoob|move: Stealth Rock
|move|p2a: Slowking|Psyshock|p1a: Garganacl
|-damage|p1a: Garganacl|7/100
|
|-heal|p1a: Garganacl|14/100|[from] item: Leftovers
|upkeep
|turn|26
|
|t:|1781160154
|switch|p2a: Great Tusk|Great Tusk, shiny|73/100
|move|p1a: Garganacl|Recover|p1a: Garganacl
|-heal|p1a: Garganacl|64/100
|
|-heal|p1a: Garganacl|70/100|[from] item: Leftovers
|upkeep
|turn|27
|
|t:|1781160158
|switch|p1a: Gholdengo|Gholdengo|66/100
|-damage|p1a: Gholdengo|60/100|[from] Stealth Rock
|move|p2a: Great Tusk|Rapid Spin|p1a: Gholdengo
|-immune|p1a: Gholdengo
|
|upkeep
|turn|28
|
|t:|1781160161
|-end|p2a: Great Tusk|Protosynthesis|[silent]
|switch|p2a: Kingambit|Kingambit, M|73/100
|-damage|p2a: Kingambit|57/100|[from] Spikes
|-damage|p2a: Kingambit|50/100|[from] Stealth Rock
|move|p1a: Gholdengo|Make It Rain|p2a: Kingambit
|-resisted|p2a: Kingambit
|-damage|p2a: Kingambit|19/100
|-unboost|p1a: Gholdengo|spa|1
|
|-heal|p2a: Kingambit|25/100|[from] item: Leftovers
|upkeep
|turn|29
|
|t:|1781160170
|switch|p1a: Zamazenta|Zamazenta|54/100 par
|-damage|p1a: Zamazenta|48/100 par|[from] Stealth Rock
|move|p2a: Kingambit|Kowtow Cleave|p1a: Zamazenta
|-resisted|p1a: Zamazenta
|-damage|p1a: Zamazenta|29/100 par
|
|-heal|p1a: Zamazenta|36/100 par|[from] item: Leftovers
|-heal|p2a: Kingambit|31/100|[from] item: Leftovers
|upkeep
|turn|30
|
|t:|1781160174
|-end|p2a: Kingambit|fallenundefined|[silent]
|switch|p2a: Great Tusk|Great Tusk, shiny|73/100
|move|p1a: Zamazenta|Iron Defense|p1a: Zamazenta
|-boost|p1a: Zamazenta|def|2
|
|-heal|p1a: Zamazenta|42/100 par|[from] item: Leftovers
|upkeep
|turn|31
|
|t:|1781160180
|switch|p1a: Gholdengo|Gholdengo|60/100
|-damage|p1a: Gholdengo|54/100|[from] Stealth Rock
|move|p2a: Great Tusk|Headlong Rush|p1a: Gholdengo
|-supereffective|p1a: Gholdengo
|-damage|p1a: Gholdengo|0 fnt
|-unboost|p2a: Great Tusk|def|1
|-unboost|p2a: Great Tusk|spd|1
|faint|p1a: Gholdengo
|
|upkeep
|
|t:|1781160183
|switch|p1a: Clefable|Clefable, F|100/100
|turn|32
|
|t:|1781160186
|move|p2a: Great Tusk|Rapid Spin|p1a: Clefable
|-damage|p1a: Clefable|88/100
|-boost|p2a: Great Tusk|spe|1
|-sideend|p2: blueisnoob|Spikes|[from] move: Rapid Spin|[of] p2a: Great Tusk
|-sideend|p2: blueisnoob|Stealth Rock|[from] move: Rapid Spin|[of] p2a: Great Tusk
|move|p1a: Clefable|Moonblast|p2a: Great Tusk
|-supereffective|p2a: Great Tusk
|-damage|p2a: Great Tusk|0 fnt
|faint|p2a: Great Tusk
|-end|p2a: Great Tusk|Protosynthesis|[silent]
|
|upkeep
|
|t:|1781160193
|switch|p2a: Slowking|Slowking-Galar, F|100/100
|turn|33
|
|t:|1781160200
|switch|p1a: Garganacl|Garganacl, M|70/100
|-damage|p1a: Garganacl|57/100|[from] Stealth Rock
|move|p2a: Slowking|Sludge Bomb|p1a: Garganacl
|-resisted|p1a: Garganacl
|-damage|p1a: Garganacl|42/100
|
|-heal|p1a: Garganacl|49/100|[from] item: Leftovers
|upkeep
|turn|34
|
|t:|1781160212
|move|p1a: Garganacl|Stealth Rock|p2a: Slowking
|-sidestart|p2: blueisnoob|move: Stealth Rock
|move|p2a: Slowking|Psyshock|p1a: Garganacl
|-damage|p1a: Garganacl|24/100
|
|-heal|p1a: Garganacl|30/100|[from] item: Leftovers
|upkeep
|turn|35
|
|t:|1781160215
|switch|p2a: Ogerpon|Ogerpon-Wellspring-Tera, F, tera:Water|100/100
|-damage|p2a: Ogerpon|88/100|[from] Stealth Rock
|-ability|p2a: Ogerpon|Embody Aspect (Wellspring)|boost
|-boost|p2a: Ogerpon|spd|1
|move|p1a: Garganacl|Recover|p1a: Garganacl
|-heal|p1a: Garganacl|80/100
|
|-heal|p1a: Garganacl|86/100|[from] item: Leftovers
|upkeep
|turn|36
|
|t:|1781160219
|-terastallize|p1a: Garganacl|Water
|move|p2a: Ogerpon|Ivy Cudgel|p1a: Garganacl|[anim] Ivy Cudgel Water
|-resisted|p1a: Garganacl
|-damage|p1a: Garganacl|61/100
|move|p1a: Garganacl|Salt Cure|p2a: Ogerpon
|-damage|p2a: Ogerpon|69/100
|-start|p2a: Ogerpon|Salt Cure
|
|-heal|p1a: Garganacl|67/100|[from] item: Leftovers
|-damage|p2a: Ogerpon|44/100|[from] Salt Cure
|upkeep
|turn|37
|
|t:|1781160224
|move|p2a: Ogerpon|Power Whip|p1a: Garganacl
|-supereffective|p1a: Garganacl
|-damage|p1a: Garganacl|0 fnt
|faint|p1a: Garganacl
|
|-damage|p2a: Ogerpon|19/100|[from] Salt Cure
|upkeep
|
|t:|1781160231
|switch|p1a: Zapdos|Zapdos|72/100
|turn|38
|
|t:|1781160236
|move|p2a: Ogerpon|Ivy Cudgel|p1a: Zapdos|[anim] Ivy Cudgel Water
|-damage|p1a: Zapdos|18/100
|move|p1a: Zapdos|Roost|p1a: Zapdos
|-heal|p1a: Zapdos|68/100
|-singleturn|p1a: Zapdos|move: Roost
|
|-damage|p2a: Ogerpon|0 fnt|[from] Salt Cure
|faint|p2a: Ogerpon
|detailschange|p2: Ogerpon|Ogerpon-Wellspring, F|[silent]
|upkeep
|
|t:|1781160244
|switch|p2a: Slowking|Slowking-Galar, F|100/100
|-damage|p2a: Slowking|88/100|[from] Stealth Rock
|turn|39
|
|t:|1781160248
|move|p1a: Zapdos|Discharge|p2a: Slowking
|-damage|p2a: Slowking|70/100
|move|p2a: Slowking|Ice Beam|p1a: Zapdos
|-supereffective|p1a: Zapdos
|-damage|p1a: Zapdos|10/100
|
|upkeep
|turn|40
|
|t:|1781160254
|move|p1a: Zapdos|Roost|p1a: Zapdos
|-heal|p1a: Zapdos|61/100
|-singleturn|p1a: Zapdos|move: Roost
|move|p2a: Slowking|Sludge Bomb|p1a: Zapdos
|-damage|p1a: Zapdos|17/100
|
|upkeep
|turn|41
|
|t:|1781160257
|move|p1a: Zapdos|Roost|p1a: Zapdos
|-heal|p1a: Zapdos|67/100
|-singleturn|p1a: Zapdos|move: Roost
|move|p2a: Slowking|Sludge Bomb|p1a: Zapdos
|-damage|p1a: Zapdos|23/100
|
|upkeep
|turn|42
|
|t:|1781160260
|move|p1a: Zapdos|Roost|p1a: Zapdos
|-heal|p1a: Zapdos|73/100
|-singleturn|p1a: Zapdos|move: Roost
|move|p2a: Slowking|Sludge Bomb|p1a: Zapdos
|-damage|p1a: Zapdos|31/100
|
|upkeep
|turn|43
|
|t:|1781160268
|move|p1a: Zapdos|Roost|p1a: Zapdos
|-heal|p1a: Zapdos|81/100
|-singleturn|p1a: Zapdos|move: Roost
|move|p2a: Slowking|Sludge Bomb|p1a: Zapdos
|-damage|p1a: Zapdos|35/100
|
|upkeep
|turn|44
|
|t:|1781160275
|move|p1a: Zapdos|Volt Switch|p2a: Slowking
|-damage|p2a: Slowking|54/100
|
|t:|1781160282
|switch|p1a: Zamazenta|Zamazenta|42/100 par|[from] Volt Switch
|-damage|p1a: Zamazenta|36/100 par|[from] Stealth Rock
|move|p2a: Slowking|Sludge Bomb|p1a: Zamazenta
|-damage|p1a: Zamazenta|0 fnt
|faint|p1a: Zamazenta
|
|upkeep
|
|t:|1781160288
|switch|p1a: Clefable|Clefable, F|88/100
|turn|45
|
|t:|1781160295
|move|p1a: Clefable|Thunder Wave|p2a: Slowking|[miss]
|-miss|p1a: Clefable|p2a: Slowking
|move|p2a: Slowking|Sludge Bomb|p1a: Clefable
|-supereffective|p1a: Clefable
|-damage|p1a: Clefable|1/100
|
|upkeep
|turn|46
|
|t:|1781160303
|move|p1a: Clefable|Thunder Wave|p2a: Slowking
|-status|p2a: Slowking|par
|move|p2a: Slowking|Sludge Bomb|p1a: Clefable
|-supereffective|p1a: Clefable
|-damage|p1a: Clefable|0 fnt
|faint|p1a: Clefable
|
|upkeep
|
|t:|1781160310
|switch|p1a: Zapdos|Zapdos|35/100
|turn|47
|
|t:|1781160317
|move|p1a: Zapdos|Roost|p1a: Zapdos
|-heal|p1a: Zapdos|85/100
|-singleturn|p1a: Zapdos|move: Roost
|cant|p2a: Slowking|par
|
|upkeep
|turn|48
|c|☆blueisnoob|gg
|
|t:|1781160324
|move|p1a: Zapdos|Hurricane|p2a: Slowking|[miss]
|-miss|p1a: Zapdos|p2a: Slowking
|move|p2a: Slowking|Sludge Bomb|p1a: Zapdos
|-damage|p1a: Zapdos|44/100
|-status|p1a: Zapdos|psn
|
|-damage|p1a: Zapdos|32/100 psn|[from] psn
|upkeep
|turn|49
|c|☆blueisnoob|u gunna leave?
|
|t:|1781160340
|move|p1a: Zapdos|Hurricane|p2a: Slowking
|-damage|p2a: Slowking|30/100 par
|-start|p2a: Slowking|confusion
|-activate|p2a: Slowking|confusion
|move|p2a: Slowking|Sludge Bomb|p1a: Zapdos
|-crit|p1a: Zapdos
|-damage|p1a: Zapdos|0 fnt
|faint|p1a: Zapdos
|
|win|blueisnoob
|raw|KurisuChestnutOU's rating: 1532 &rarr; <strong>1515</strong><br />(-17 for losing)
|raw|blueisnoob's rating: 1583 &rarr; <strong>1600</strong><br />(+17 for winning)
