|j|☆vegancrosfit
|j|☆sweetflavors
|t:|1781529808
|gametype|singles
|player|p1|vegancrosfit|cyclist-gen4|1623
|player|p2|sweetflavors|2|1621
|gen|9
|tier|[Gen 9] OU
|rated|
|rule|HP Percentage Mod: HP is shown in percentages
|rule|Endless Battle Clause: Forcing endless battles is banned
|rule|Species Clause: Limit one of each Pokémon
|rule|OHKO Clause: OHKO moves are banned
|rule|Evasion Items Clause: Evasion items are banned
|rule|Evasion Moves Clause: Evasion moves are banned
|rule|Evasion Abilities Clause: Evasion abilities are banned
|rule|Sleep Moves Clause: Sleep-inducing moves are banned
|clearpoke
|poke|p1|Pelipper, F|
|poke|p1|Barraskewda, M|
|poke|p1|Ogerpon-Wellspring, F|
|poke|p1|Scizor, F|
|poke|p1|Tornadus-Therian, M|
|poke|p1|Raging Bolt|
|poke|p2|Iron Crown|
|poke|p2|Zamazenta-*|
|poke|p2|Pecharunt|
|poke|p2|Ogerpon-Wellspring, F|
|poke|p2|Great Tusk|
|poke|p2|Heatran, M|
|teampreview
|inactive|Battle timer is ON: inactive players will automatically lose when time's up. (requested by vegancrosfit)
|
|t:|1781529826
|teamsize|p1|6
|teamsize|p2|6
|start
|switch|p1a: Raging Bolt|Raging Bolt|100/100
|switch|p2a: Iron Crown|Iron Crown|100/100
|turn|1
|
|t:|1781529832
|move|p2a: Iron Crown|Volt Switch|p1a: Raging Bolt
|-resisted|p1a: Raging Bolt
|-damage|p1a: Raging Bolt|93/100
|
|t:|1781529835
|-end|p2a: Iron Crown|Quark Drive|[silent]
|switch|p2a: Heatran|Heatran, M|100/100|[from] Volt Switch
|move|p1a: Raging Bolt|Volt Switch|p2a: Heatran
|-damage|p2a: Heatran|80/100
|
|t:|1781529845
|-end|p1a: Raging Bolt|Protosynthesis|[silent]
|switch|p1a: Pelipper|Pelipper, F|100/100|[from] Volt Switch
|-weather|RainDance|[from] ability: Drizzle|[of] p1a: Pelipper
|
|-weather|RainDance|[upkeep]
|-heal|p2a: Heatran|86/100|[from] item: Leftovers
|upkeep
|turn|2
|
|t:|1781529848
|move|p2a: Heatran|Stealth Rock|p1a: Pelipper
|-sidestart|p1: vegancrosfit|move: Stealth Rock
|move|p1a: Pelipper|U-turn|p2a: Heatran
|-resisted|p2a: Heatran
|-damage|p2a: Heatran|84/100
|
|t:|1781529854
|switch|p1a: Ogerpon|Ogerpon-Wellspring, F|100/100|[from] U-turn
|-damage|p1a: Ogerpon|88/100|[from] Stealth Rock
|
|-weather|RainDance|[upkeep]
|-heal|p2a: Heatran|91/100|[from] item: Leftovers
|upkeep
|turn|3
|
|t:|1781529858
|move|p1a: Ogerpon|Superpower|p2a: Heatran
|-supereffective|p2a: Heatran
|-damage|p2a: Heatran|8/100
|-unboost|p1a: Ogerpon|atk|1
|-unboost|p1a: Ogerpon|def|1
|move|p2a: Heatran|Magma Storm|p1a: Ogerpon
|-damage|p1a: Ogerpon|64/100
|-activate|p1a: Ogerpon|move: Magma Storm|[of] p2a: Heatran
|
|-weather|RainDance|[upkeep]
|-heal|p2a: Heatran|14/100|[from] item: Leftovers
|-damage|p1a: Ogerpon|52/100|[from] move: Magma Storm|[partiallytrapped]
|upkeep
|turn|4
|j| SableWallJade
|
|t:|1781529873
|switch|p2a: Zamazenta|Zamazenta|100/100
|-ability|p2a: Zamazenta|Dauntless Shield|boost
|-boost|p2a: Zamazenta|def|1
|move|p1a: Ogerpon|Ivy Cudgel|p2a: Zamazenta|[anim] Ivy Cudgel Water
|-damage|p2a: Zamazenta|72/100
|
|-weather|RainDance|[upkeep]
|-heal|p2a: Zamazenta|78/100|[from] item: Leftovers
|-end|p1a: Ogerpon|Magma Storm|[partiallytrapped]|[silent]
|upkeep
|turn|5
|
|t:|1781529879
|switch|p1a: Tornadus|Tornadus-Therian, M|100/100
|-damage|p1a: Tornadus|76/100|[from] Stealth Rock
|move|p2a: Zamazenta|Substitute|p2a: Zamazenta
|-start|p2a: Zamazenta|Substitute
|-damage|p2a: Zamazenta|53/100
|
|-weather|RainDance|[upkeep]
|-heal|p2a: Zamazenta|59/100|[from] item: Leftovers
|upkeep
|turn|6
|
|t:|1781529882
|move|p2a: Zamazenta|Body Press|p1a: Tornadus
|-resisted|p1a: Tornadus
|-damage|p1a: Tornadus|45/100
|move|p1a: Tornadus|Hurricane|p2a: Zamazenta
|-supereffective|p2a: Zamazenta
|-end|p2a: Zamazenta|Substitute
|
|-weather|RainDance|[upkeep]
|-heal|p2a: Zamazenta|65/100|[from] item: Leftovers
|upkeep
|turn|7
|
|t:|1781529886
|switch|p2a: Heatran|Heatran, M|14/100
|move|p1a: Tornadus|Hurricane|p2a: Heatran
|-resisted|p2a: Heatran
|-damage|p2a: Heatran|1/100
|-start|p2a: Heatran|confusion
|
|-weather|RainDance|[upkeep]
|-heal|p2a: Heatran|7/100|[from] item: Leftovers
|upkeep
|turn|8
|
|t:|1781529890
|move|p1a: Tornadus|Weather Ball|p2a: Heatran
|-supereffective|p2a: Heatran
|-damage|p2a: Heatran|0 fnt
|faint|p2a: Heatran
|
|-weather|none
|upkeep
|
|t:|1781529893
|switch|p2a: Iron Crown|Iron Crown|100/100
|turn|9
|
|t:|1781529896
|move|p2a: Iron Crown|Volt Switch|p1a: Tornadus
|-supereffective|p1a: Tornadus
|-damage|p1a: Tornadus|10/100
|
|t:|1781529900
|-end|p2a: Iron Crown|Quark Drive|[silent]
|switch|p2a: Pecharunt|Pecharunt|100/100|[from] Volt Switch
|move|p1a: Tornadus|U-turn|p2a: Pecharunt
|-resisted|p2a: Pecharunt
|-damage|p2a: Pecharunt|99/100
|
|t:|1781529903
|switch|p1a: Scizor|Scizor, F|100/100|[from] U-turn
|-damage|p1a: Scizor|88/100|[from] Stealth Rock
|
|upkeep
|turn|10
|
|t:|1781529906
|move|p2a: Pecharunt|Parting Shot|p1a: Scizor
|-unboost|p1a: Scizor|atk|1
|-unboost|p1a: Scizor|spa|1
|
|t:|1781529908
|switch|p2a: Great Tusk|Great Tusk|100/100|[from] Parting Shot
|move|p1a: Scizor|Defog|p2a: Great Tusk
|-unboost|p2a: Great Tusk|evasion|1
|-sideend|p1: vegancrosfit|Stealth Rock|[from] move: Defog|[of] p1a: Scizor
|
|upkeep
|turn|11
|
|t:|1781529913
|switch|p1a: Pelipper|Pelipper, F|100/100
|-weather|RainDance|[from] ability: Drizzle|[of] p1a: Pelipper
|move|p2a: Great Tusk|Knock Off|p1a: Pelipper
|-damage|p1a: Pelipper|74/100
|-enditem|p1a: Pelipper|Damp Rock|[from] move: Knock Off|[of] p2a: Great Tusk
|
|-weather|RainDance|[upkeep]
|upkeep
|turn|12
|
|t:|1781529918
|-end|p2a: Great Tusk|Protosynthesis|[silent]
|switch|p2a: Pecharunt|Pecharunt|99/100
|move|p1a: Pelipper|U-turn|p2a: Pecharunt
|-resisted|p2a: Pecharunt
|-damage|p2a: Pecharunt|98/100
|
|t:|1781529923
|switch|p1a: Scizor|Scizor, F|88/100|[from] U-turn
|
|-weather|RainDance|[upkeep]
|upkeep
|turn|13
|
|t:|1781529926
|move|p2a: Pecharunt|Parting Shot|p1a: Scizor
|-unboost|p1a: Scizor|atk|1
|-unboost|p1a: Scizor|spa|1
|
|t:|1781529927
|switch|p2a: Great Tusk|Great Tusk|100/100|[from] Parting Shot
|move|p1a: Scizor|Knock Off|p2a: Great Tusk
|-resisted|p2a: Great Tusk
|-crit|p2a: Great Tusk
|-damage|p2a: Great Tusk|79/100
|-damage|p1a: Scizor|72/100|[from] item: Rocky Helmet|[of] p2a: Great Tusk
|-enditem|p2a: Great Tusk|Rocky Helmet|[from] move: Knock Off|[of] p1a: Scizor
|
|-weather|RainDance|[upkeep]
|upkeep
|turn|14
|
|t:|1781529937
|-end|p2a: Great Tusk|Protosynthesis|[silent]
|switch|p2a: Iron Crown|Iron Crown|100/100
|move|p1a: Scizor|U-turn|p2a: Iron Crown
|-damage|p2a: Iron Crown|69/100
|
|t:|1781529943
|switch|p1a: Ogerpon|Ogerpon-Wellspring, F|52/100|[from] U-turn
|
|-weather|RainDance|[upkeep]
|upkeep
|turn|15
|
|t:|1781529946
|-end|p2a: Iron Crown|Quark Drive|[silent]
|switch|p2a: Pecharunt|Pecharunt|98/100
|move|p1a: Ogerpon|U-turn|p2a: Pecharunt
|-resisted|p2a: Pecharunt
|-damage|p2a: Pecharunt|94/100
|
|t:|1781529952
|switch|p1a: Raging Bolt|Raging Bolt|93/100|[from] U-turn
|
|-weather|RainDance|[upkeep]
|upkeep
|turn|16
|
|t:|1781529956
|move|p1a: Raging Bolt|Weather Ball|p2a: Pecharunt
|-damage|p2a: Pecharunt|50/100
|move|p2a: Pecharunt|Parting Shot|p1a: Raging Bolt
|-unboost|p1a: Raging Bolt|atk|1
|-unboost|p1a: Raging Bolt|spa|1
|
|t:|1781529960
|switch|p2a: Great Tusk|Great Tusk|79/100|[from] Parting Shot
|
|-weather|RainDance|[upkeep]
|upkeep
|turn|17
|
|t:|1781529978
|-end|p2a: Great Tusk|Protosynthesis|[silent]
|switch|p2a: Iron Crown|Iron Crown|69/100
|-end|p1a: Raging Bolt|Protosynthesis|[silent]
|switch|p1a: Pelipper|Pelipper, F|74/100
|
|-weather|RainDance|[upkeep]
|upkeep
|turn|18
|
|t:|1781529984
|switch|p1a: Tornadus|Tornadus-Therian, M|43/100
|move|p2a: Iron Crown|Volt Switch|p1a: Tornadus
|-supereffective|p1a: Tornadus
|-damage|p1a: Tornadus|7/100
|
|t:|1781529987
|-end|p2a: Iron Crown|Quark Drive|[silent]
|switch|p2a: Ogerpon|Ogerpon-Wellspring, F|100/100|[from] Volt Switch
|
|-weather|none
|upkeep
|turn|19
|j| choispecs ironmoth
|
|t:|1781529996
|switch|p1a: Scizor|Scizor, F|72/100
|move|p2a: Ogerpon|Trailblaze|p1a: Scizor
|-resisted|p1a: Scizor
|-damage|p1a: Scizor|64/100
|-boost|p2a: Ogerpon|spe|1
|
|upkeep
|turn|20
|
|t:|1781530003
|-terastallize|p2a: Ogerpon|Water
|detailschange|p2a: Ogerpon|Ogerpon-Wellspring-Tera, F, tera:Water
|-ability|p2a: Ogerpon|Embody Aspect (Wellspring)|boost
|-boost|p2a: Ogerpon|spd|1
|move|p2a: Ogerpon|Ivy Cudgel|p1a: Scizor|[anim] Ivy Cudgel Water
|-damage|p1a: Scizor|0 fnt
|faint|p1a: Scizor
|
|upkeep
|
|t:|1781530015
|switch|p1a: Pelipper|Pelipper, F|74/100
|-weather|RainDance|[from] ability: Drizzle|[of] p1a: Pelipper
|turn|21
|
|t:|1781530020
|move|p2a: Ogerpon|Swords Dance|p2a: Ogerpon
|-boost|p2a: Ogerpon|atk|2
|move|p1a: Pelipper|U-turn|p2a: Ogerpon
|-damage|p2a: Ogerpon|88/100
|
|t:|1781530026
|switch|p1a: Ogerpon|Ogerpon-Wellspring, F|52/100|[from] U-turn
|
|-weather|RainDance|[upkeep]
|upkeep
|turn|22
|l| choispecs ironmoth
|
|t:|1781530040
|move|p2a: Ogerpon|Trailblaze|p1a: Ogerpon
|-damage|p1a: Ogerpon|0 fnt
|-boost|p2a: Ogerpon|spe|1
|faint|p1a: Ogerpon
|
|-weather|RainDance|[upkeep]
|upkeep
|
|t:|1781530043
|switch|p1a: Raging Bolt|Raging Bolt|93/100
|turn|23
|
|t:|1781530048
|move|p2a: Ogerpon|Play Rough|p1a: Raging Bolt
|-supereffective|p1a: Raging Bolt
|-damage|p1a: Raging Bolt|0 fnt
|faint|p1a: Raging Bolt
|-end|p1a: Raging Bolt|Protosynthesis|[silent]
|
|-weather|RainDance|[upkeep]
|upkeep
|
|t:|1781530051
|switch|p1a: Barraskewda|Barraskewda, M|100/100
|turn|24
|
|t:|1781530054
|move|p1a: Barraskewda|Flip Turn|p2a: Ogerpon
|-resisted|p2a: Ogerpon
|-damage|p2a: Ogerpon|36/100
|
|t:|1781530057
|switch|p1a: Tornadus|Tornadus-Therian, M|41/100|[from] Flip Turn
|move|p2a: Ogerpon|Trailblaze|p1a: Tornadus
|-resisted|p1a: Tornadus
|-damage|p1a: Tornadus|9/100
|-boost|p2a: Ogerpon|spe|1
|
|-weather|RainDance|[upkeep]
|upkeep
|turn|25
|
|t:|1781530060
|move|p2a: Ogerpon|Trailblaze|p1a: Tornadus
|-resisted|p1a: Tornadus
|-damage|p1a: Tornadus|0 fnt
|-boost|p2a: Ogerpon|spe|1
|faint|p1a: Tornadus
|
|-weather|none
|upkeep
|c|☆sweetflavors|gg
|
|t:|1781530063
|switch|p1a: Pelipper|Pelipper, F|74/100
|-weather|RainDance|[from] ability: Drizzle|[of] p1a: Pelipper
|turn|26
|
|t:|1781530069
|move|p2a: Ogerpon|Ivy Cudgel|p1a: Pelipper|[anim] Ivy Cudgel Water
|-resisted|p1a: Pelipper
|-damage|p1a: Pelipper|0 fnt
|faint|p1a: Pelipper
|
|-weather|RainDance|[upkeep]
|upkeep
|
|t:|1781530071
|switch|p1a: Barraskewda|Barraskewda, M|100/100
|turn|27
|
|t:|1781530075
|move|p1a: Barraskewda|Aqua Jet|p2a: Ogerpon
|-resisted|p2a: Ogerpon
|-damage|p2a: Ogerpon|4/100
|move|p2a: Ogerpon|Ivy Cudgel|p1a: Barraskewda|[anim] Ivy Cudgel Water
|-resisted|p1a: Barraskewda
|-damage|p1a: Barraskewda|0 fnt
|faint|p1a: Barraskewda
|
|win|sweetflavors
|raw|vegancrosfit's rating: 1623 &rarr; <strong>1603</strong><br />(-20 for losing)
|raw|sweetflavors's rating: 1621 &rarr; <strong>1641</strong><br />(+20 for winning)
|l|☆vegancrosfit
|player|p1|
|l|☆sweetflavors
|player|p2|
|l| SableWallJade
