|badge|p2|bronze|gen9ou|100-9
|uhtml|medal-msg|<div class="broadcast-blue">Curious what those medals under the avatar are? PS now has Ladder Seasons! For more information, check out the <a href="https://www.smogon.com/forums/threads/3740067/">thread on Smogon.</a></div>
|j|☆Rj yoip
|j|☆Noamm
|t:|1781117034
|gametype|singles
|player|p1|Rj yoip|caitlin-masters|1764
|player|p2|Noamm|gambler|1828
|gen|9
|tier|[Gen 9] OU
|rated|
|rule|HP Percentage Mod: HP is shown in percentages
|rule|Endless Battle Clause: Forcing endless battles is banned
|rule|Species Clause: Limit one of each Pokémon
|rule|OHKO Clause: OHKO moves are banned
|rule|Evasion Items Clause: Evasion items are banned
|rule|Evasion Moves Clause: Evasion moves are banned
|rule|Evasion Abilities Clause: Evasion abilities are banned
|rule|Sleep Moves Clause: Sleep-inducing moves are banned
|clearpoke
|poke|p1|Tyranitar, F|
|poke|p1|Hydrapple, F|
|poke|p1|Enamorus, F|
|poke|p1|Garganacl, M|
|poke|p1|Excadrill, M|
|poke|p1|Alomomola, M|
|poke|p2|Lokix, M|
|poke|p2|Iron Valiant|
|poke|p2|Alomomola, L99, M|
|poke|p2|Mandibuzz, F|
|poke|p2|Great Tusk|
|poke|p2|Gholdengo|
|teampreview
|inactive|Battle timer is ON: inactive players will automatically lose when time's up. (requested by Noamm)
|c|☆Noamm|Hf
|
|t:|1781117048
|teamsize|p1|6
|teamsize|p2|6
|start
|switch|p1a: Garganacl|Garganacl, M|100/100
|switch|p2a: WinJustiφ'sThePlay|Iron Valiant, shiny|100/100
|turn|1
|
|t:|1781117062
|move|p1a: Garganacl|Protect|p1a: Garganacl
|-singleturn|p1a: Garganacl|Protect
|move|p2a: WinJustiφ'sThePlay|Moonblast|p1a: Garganacl
|-activate|p1a: Garganacl|move: Protect
|
|upkeep
|turn|2
|
|t:|1781117063
|switch|p1a: Alomomola|Alomomola, M|100/100
|move|p2a: WinJustiφ'sThePlay|Moonblast|p1a: Alomomola
|-damage|p1a: Alomomola|59/100
|
|upkeep
|turn|3
|
|t:|1781117070
|-end|p2a: WinJustiφ'sThePlay|Quark Drive|[silent]
|switch|p2a: Faint or Alive|Gholdengo|100/100
|-terastallize|p1a: Alomomola|Poison
|move|p1a: Alomomola|Flip Turn|p2a: Faint or Alive
|-damage|p2a: Faint or Alive|82/100
|
|t:|1781117075
|switch|p1a: Excadrill|Excadrill, M|100/100|[from] Flip Turn
|
|upkeep
|turn|4
|
|t:|1781117080
|switch|p2a: WhoCouldBeMyMother|Mandibuzz, F|100/100
|move|p1a: Excadrill|Earthquake|p2a: WhoCouldBeMyMother
|-immune|p2a: WhoCouldBeMyMother
|
|upkeep
|turn|5
|
|t:|1781117083
|switch|p1a: Hydrapple|Hydrapple, F|100/100
|move|p2a: WhoCouldBeMyMother|U-turn|p1a: Hydrapple
|-supereffective|p1a: Hydrapple
|-damage|p1a: Hydrapple|88/100
|-damage|p2a: WhoCouldBeMyMother|84/100|[from] item: Rocky Helmet|[of] p1a: Hydrapple
|
|t:|1781117087
|switch|p2a: lens tinting over|Lokix, M, shiny|100/100|[from] U-turn
|
|upkeep
|turn|6
|
|t:|1781117097
|switch|p1a: Garganacl|Garganacl, M|100/100
|-terastallize|p2a: lens tinting over|Bug
|move|p2a: lens tinting over|Leech Life|p1a: Garganacl
|-damage|p1a: Garganacl|53/100
|
|-heal|p1a: Garganacl|59/100|[from] item: Leftovers
|upkeep
|turn|7
|
|t:|1781117102
|move|p2a: lens tinting over|Leech Life|p1a: Garganacl
|-damage|p1a: Garganacl|10/100
|move|p1a: Garganacl|Salt Cure|p2a: lens tinting over
|-supereffective|p2a: lens tinting over
|-damage|p2a: lens tinting over|56/100
|-start|p2a: lens tinting over|Salt Cure
|
|-heal|p1a: Garganacl|16/100|[from] item: Leftovers
|-damage|p2a: lens tinting over|44/100|[from] Salt Cure
|upkeep
|turn|8
|
|t:|1781117105
|move|p2a: lens tinting over|Leech Life|p1a: Garganacl
|-damage|p1a: Garganacl|0 fnt
|-heal|p2a: lens tinting over|55/100|[from] drain|[of] p1a: Garganacl
|faint|p1a: Garganacl
|
|-damage|p2a: lens tinting over|43/100|[from] Salt Cure
|upkeep
|
|t:|1781117108
|switch|p1a: Enamorus|Enamorus, F|100/100
|turn|9
|
|t:|1781117111
|switch|p1a: Hydrapple|Hydrapple, F|100/100
|switch|p2a: TIME OUT|Alomomola, L99, M|100/100
|
|upkeep
|turn|10
|
|t:|1781117113
|move|p1a: Hydrapple|Nasty Plot|p1a: Hydrapple
|-boost|p1a: Hydrapple|spa|2
|move|p2a: TIME OUT|Flip Turn|p1a: Hydrapple
|-resisted|p1a: Hydrapple
|-damage|p1a: Hydrapple|98/100
|-damage|p2a: TIME OUT|84/100|[from] item: Rocky Helmet|[of] p1a: Hydrapple
|
|t:|1781117115
|switch|p2a: lens tinting over|Lokix, M, shiny, tera:Bug|43/100|[from] Flip Turn
|
|upkeep
|turn|11
|
|t:|1781117123
|move|p2a: lens tinting over|U-turn|p1a: Hydrapple
|-supereffective|p1a: Hydrapple
|-damage|p1a: Hydrapple|27/100
|-damage|p2a: lens tinting over|26/100|[from] item: Rocky Helmet|[of] p1a: Hydrapple
|
|t:|1781117129
|switch|p2a: WhoCouldBeMyMother|Mandibuzz, F|84/100|[from] U-turn
|move|p1a: Hydrapple|Fickle Beam|p2a: WhoCouldBeMyMother
|-damage|p2a: WhoCouldBeMyMother|31/100
|
|upkeep
|turn|12
|
|t:|1781117135
|move|p2a: WhoCouldBeMyMother|Foul Play|p1a: Hydrapple
|-damage|p1a: Hydrapple|16/100
|-damage|p2a: WhoCouldBeMyMother|14/100|[from] item: Rocky Helmet|[of] p1a: Hydrapple
|move|p1a: Hydrapple|Fickle Beam|p2a: WhoCouldBeMyMother
|-damage|p2a: WhoCouldBeMyMother|0 fnt
|faint|p2a: WhoCouldBeMyMother
|
|upkeep
|
|t:|1781117147
|switch|p2a: WinJustiφ'sThePlay|Iron Valiant, shiny|100/100
|turn|13
|
|t:|1781117151
|switch|p1a: Alomomola|Alomomola, M, tera:Poison|92/100
|move|p2a: WinJustiφ'sThePlay|Moonblast|p1a: Alomomola
|-resisted|p1a: Alomomola
|-damage|p1a: Alomomola|72/100
|-unboost|p1a: Alomomola|spa|1
|
|upkeep
|turn|14
|
|t:|1781117155
|-end|p2a: WinJustiφ'sThePlay|Quark Drive|[silent]
|switch|p2a: Faint or Alive|Gholdengo|82/100
|move|p1a: Alomomola|Flip Turn|p2a: Faint or Alive
|-damage|p2a: Faint or Alive|63/100
|
|t:|1781117159
|switch|p1a: Hydrapple|Hydrapple, F|49/100|[from] Flip Turn
|
|upkeep
|turn|15
|
|t:|1781117160
|switch|p1a: Alomomola|Alomomola, M, tera:Poison|100/100
|move|p2a: Faint or Alive|Make It Rain|p1a: Alomomola
|-damage|p1a: Alomomola|67/100
|-unboost|p2a: Faint or Alive|spa|1
|
|upkeep
|turn|16
|
|t:|1781117167
|switch|p2a: STANDING BY|Great Tusk|100/100
|move|p1a: Alomomola|Flip Turn|p2a: STANDING BY
|-supereffective|p2a: STANDING BY
|-crit|p2a: STANDING BY
|-damage|p2a: STANDING BY|67/100
|
|t:|1781117173
|switch|p1a: Enamorus|Enamorus, F|100/100|[from] Flip Turn
|
|upkeep
|turn|17
|
|t:|1781117175
|switch|p1a: Hydrapple|Hydrapple, F|83/100
|-end|p2a: STANDING BY|Protosynthesis|[silent]
|switch|p2a: TIME OUT|Alomomola, L99, M|100/100
|
|upkeep
|turn|18
|
|t:|1781117177
|move|p1a: Hydrapple|Giga Drain|p2a: TIME OUT
|-supereffective|p2a: TIME OUT
|-damage|p2a: TIME OUT|70/100
|-heal|p1a: Hydrapple|99/100|[from] drain|[of] p2a: TIME OUT
|move|p2a: TIME OUT|Flip Turn|p1a: Hydrapple
|-resisted|p1a: Hydrapple
|-damage|p1a: Hydrapple|98/100
|-damage|p2a: TIME OUT|53/100|[from] item: Rocky Helmet|[of] p1a: Hydrapple
|
|t:|1781117180
|switch|p2a: lens tinting over|Lokix, M, shiny, tera:Bug|26/100|[from] Flip Turn
|
|upkeep
|turn|19
|
|t:|1781117184
|switch|p1a: Enamorus|Enamorus, F|100/100
|move|p2a: lens tinting over|Leech Life|p1a: Enamorus
|-resisted|p1a: Enamorus
|-crit|p1a: Enamorus
|-damage|p1a: Enamorus|2/100
|-heal|p2a: lens tinting over|76/100|[from] drain|[of] p1a: Enamorus
|
|upkeep
|turn|20
|
|t:|1781117191
|switch|p2a: TIME OUT|Alomomola, L99, M|86/100
|move|p1a: Enamorus|Moonblast|p2a: TIME OUT
|-damage|p2a: TIME OUT|58/100
|
|upkeep
|turn|21
|
|t:|1781117194
|switch|p1a: Hydrapple|Hydrapple, F|100/100
|move|p2a: TIME OUT|Flip Turn|p1a: Hydrapple
|-resisted|p1a: Hydrapple
|-damage|p1a: Hydrapple|98/100
|-damage|p2a: TIME OUT|41/100|[from] item: Rocky Helmet|[of] p1a: Hydrapple
|
|t:|1781117196
|switch|p2a: lens tinting over|Lokix, M, shiny, tera:Bug|76/100|[from] Flip Turn
|
|upkeep
|turn|22
|
|t:|1781117199
|switch|p1a: Enamorus|Enamorus, F|2/100
|move|p2a: lens tinting over|Leech Life|p1a: Enamorus
|-resisted|p1a: Enamorus
|-damage|p1a: Enamorus|0 fnt
|-heal|p2a: lens tinting over|77/100|[from] drain|[of] p1a: Enamorus
|faint|p1a: Enamorus
|
|upkeep
|j| 0TX - Zenith
|
|t:|1781117206
|switch|p1a: Excadrill|Excadrill, M|100/100
|turn|23
|
|t:|1781117211
|switch|p2a: Faint or Alive|Gholdengo|63/100
|move|p1a: Excadrill|Rapid Spin|p2a: Faint or Alive
|-immune|p2a: Faint or Alive
|
|upkeep
|turn|24
|
|t:|1781117214
|move|p2a: Faint or Alive|Shadow Ball|p1a: Excadrill
|-crit|p1a: Excadrill
|-damage|p1a: Excadrill|17/100
|move|p1a: Excadrill|Earthquake|p2a: Faint or Alive
|-supereffective|p2a: Faint or Alive
|-damage|p2a: Faint or Alive|0 fnt
|faint|p2a: Faint or Alive
|
|-heal|p1a: Excadrill|23/100|[from] item: Leftovers
|upkeep
|
|t:|1781117217
|switch|p2a: WinJustiφ'sThePlay|Iron Valiant, shiny|100/100
|turn|25
|
|t:|1781117220
|-end|p2a: WinJustiφ'sThePlay|Quark Drive|[silent]
|switch|p2a: lens tinting over|Lokix, M, shiny, tera:Bug|77/100
|switch|p1a: Alomomola|Alomomola, M, tera:Poison|99/100
|
|upkeep
|turn|26
|
|t:|1781117222
|move|p2a: lens tinting over|Leech Life|p1a: Alomomola
|-resisted|p1a: Alomomola
|-crit|p1a: Alomomola
|-damage|p1a: Alomomola|29/100
|-heal|p2a: lens tinting over|100/100|[from] drain|[of] p1a: Alomomola
|move|p1a: Alomomola|Scald|p2a: lens tinting over
|-damage|p2a: lens tinting over|74/100
|
|upkeep
|turn|27
|
|t:|1781117226
|switch|p1a: Excadrill|Excadrill, M|23/100
|move|p2a: lens tinting over|Leech Life|p1a: Excadrill
|-resisted|p1a: Excadrill
|-damage|p1a: Excadrill|0 fnt
|-heal|p2a: lens tinting over|88/100|[from] drain|[of] p1a: Excadrill
|faint|p1a: Excadrill
|
|upkeep
|
|t:|1781117228
|switch|p1a: Hydrapple|Hydrapple, F|100/100
|turn|28
|-message|Rj yoip forfeited.
|
|win|Noamm
|raw|Rj yoip's rating: 1764 &rarr; <strong>1748</strong><br />(-16 for losing)
|raw|Noamm's rating: 1828 &rarr; <strong>1844</strong><br />(+16 for winning)
|l|☆Rj yoip
|player|p1|
|l|☆Noamm
|player|p2|
|l| 0TX - Zenith
