|j|☆KurisuChestnutLab
|j|☆betathunder
|t:|1781130324
|gametype|singles
|player|p1|KurisuChestnutLab|may-contest|1684
|player|p2|betathunder|blackbelt|1576
|gen|9
|tier|[Gen 9] OU
|rated|
|rule|HP Percentage Mod: HP is shown in percentages
|rule|Endless Battle Clause: Forcing endless battles is banned
|rule|Species Clause: Limit one of each Pokémon
|rule|OHKO Clause: OHKO moves are banned
|rule|Evasion Items Clause: Evasion items are banned
|rule|Evasion Moves Clause: Evasion moves are banned
|rule|Evasion Abilities Clause: Evasion abilities are banned
|rule|Sleep Moves Clause: Sleep-inducing moves are banned
|clearpoke
|poke|p1|Zamazenta-*|
|poke|p1|Zapdos|
|poke|p1|Garganacl, M|
|poke|p1|Clefable, F|
|poke|p1|Samurott-Hisui, F|
|poke|p1|Gholdengo|
|poke|p2|Iron Hands|
|poke|p2|Darkrai|
|poke|p2|Cinderace, M|
|poke|p2|Ceruledge, F|
|poke|p2|Kyurem|
|poke|p2|Landorus-Therian, M|
|teampreview
|inactive|Battle timer is ON: inactive players will automatically lose when time's up. (requested by betathunder)
|inactive|KurisuChestnutLab also wants the timer to be on.
|
|t:|1781130340
|teamsize|p1|6
|teamsize|p2|6
|start
|switch|p1a: Gholdengo|Gholdengo|100/100
|switch|p2a: Landorus|Landorus-Therian, M|100/100
|-ability|p2a: Landorus|Intimidate|boost
|-unboost|p1a: Gholdengo|atk|1
|turn|1
|
|t:|1781130344
|switch|p1a: Zamazenta|Zamazenta|100/100
|-ability|p1a: Zamazenta|Dauntless Shield|boost
|-boost|p1a: Zamazenta|def|1
|move|p2a: Landorus|Earth Power|p1a: Zamazenta
|-crit|p1a: Zamazenta
|-damage|p1a: Zamazenta|65/100
|
|-heal|p1a: Zamazenta|72/100|[from] item: Leftovers
|upkeep
|turn|2
|
|t:|1781130348
|switch|p2a: Ceruledge|Ceruledge, F|100/100
|move|p1a: Zamazenta|Iron Defense|p1a: Zamazenta
|-boost|p1a: Zamazenta|def|2
|
|-heal|p1a: Zamazenta|78/100|[from] item: Leftovers
|upkeep
|turn|3
|
|t:|1781130356
|move|p1a: Zamazenta|Crunch|p2a: Ceruledge
|-supereffective|p2a: Ceruledge
|-damage|p2a: Ceruledge|37/100
|-ability|p2a: Ceruledge|Weak Armor|boost
|-unboost|p2a: Ceruledge|def|1
|-boost|p2a: Ceruledge|spe|2
|move|p2a: Ceruledge|Swords Dance|p2a: Ceruledge
|-boost|p2a: Ceruledge|atk|2
|
|-heal|p1a: Zamazenta|84/100|[from] item: Leftovers
|upkeep
|turn|4
|
|t:|1781130368
|switch|p2a: Landorus|Landorus-Therian, M|100/100
|-ability|p2a: Landorus|Intimidate|boost
|-unboost|p1a: Zamazenta|atk|1
|move|p1a: Zamazenta|Crunch|p2a: Landorus
|-damage|p2a: Landorus|86/100
|-damage|p1a: Zamazenta|68/100|[from] item: Rocky Helmet|[of] p2a: Landorus
|
|-heal|p1a: Zamazenta|74/100|[from] item: Leftovers
|upkeep
|turn|5
|
|t:|1781130372
|move|p1a: Zamazenta|Iron Defense|p1a: Zamazenta
|-boost|p1a: Zamazenta|def|2
|move|p2a: Landorus|Stealth Rock|p1a: Zamazenta
|-sidestart|p1: KurisuChestnutLab|move: Stealth Rock
|
|-heal|p1a: Zamazenta|80/100|[from] item: Leftovers
|upkeep
|turn|6
|
|t:|1781130383
|move|p1a: Zamazenta|Body Press|p2a: Landorus
|-resisted|p2a: Landorus
|-crit|p2a: Landorus
|-damage|p2a: Landorus|13/100
|-damage|p1a: Zamazenta|63/100|[from] item: Rocky Helmet|[of] p2a: Landorus
|move|p2a: Landorus|Earth Power|p1a: Zamazenta
|-damage|p1a: Zamazenta|38/100
|
|-heal|p1a: Zamazenta|44/100|[from] item: Leftovers
|upkeep
|turn|7
|
|t:|1781130394
|move|p1a: Zamazenta|Body Press|p2a: Landorus
|-resisted|p2a: Landorus
|-damage|p2a: Landorus|0 fnt
|-damage|p1a: Zamazenta|28/100|[from] item: Rocky Helmet|[of] p2a: Landorus
|faint|p2a: Landorus
|
|-heal|p1a: Zamazenta|34/100|[from] item: Leftovers
|upkeep
|
|t:|1781130403
|switch|p2a: Iron Hands|Iron Hands|100/100
|turn|8
|
|t:|1781130415
|move|p1a: Zamazenta|Body Press|p2a: Iron Hands
|-damage|p2a: Iron Hands|18/100
|move|p2a: Iron Hands|Drain Punch|p1a: Zamazenta
|-damage|p1a: Zamazenta|24/100
|-heal|p2a: Iron Hands|22/100|[from] drain|[of] p1a: Zamazenta
|
|-heal|p1a: Zamazenta|30/100|[from] item: Leftovers
|upkeep
|turn|9
|
|t:|1781130434
|move|p1a: Zamazenta|Body Press|p2a: Iron Hands
|-damage|p2a: Iron Hands|0 fnt
|faint|p2a: Iron Hands
|-end|p2a: Iron Hands|Quark Drive|[silent]
|
|-heal|p1a: Zamazenta|36/100|[from] item: Leftovers
|upkeep
|
|t:|1781130438
|switch|p2a: Kyurem|Kyurem|100/100
|-ability|p2a: Kyurem|Pressure
|turn|10
|
|t:|1781130445
|-terastallize|p2a: Kyurem|Poison
|move|p1a: Zamazenta|Body Press|p2a: Kyurem
|-resisted|p2a: Kyurem
|-damage|p2a: Kyurem|58/100
|move|p2a: Kyurem|Ice Beam|p1a: Zamazenta
|-damage|p1a: Zamazenta|0 fnt
|faint|p1a: Zamazenta
|
|upkeep
|
|t:|1781130453
|switch|p1a: Gholdengo|Gholdengo|100/100
|-damage|p1a: Gholdengo|94/100|[from] Stealth Rock
|turn|11
|
|t:|1781130461
|move|p1a: Gholdengo|Make It Rain|p2a: Kyurem
|-damage|p2a: Kyurem|19/100
|-unboost|p1a: Gholdengo|spa|1
|move|p2a: Kyurem|Earth Power|p1a: Gholdengo
|-supereffective|p1a: Gholdengo
|-damage|p1a: Gholdengo|16/100
|
|upkeep
|turn|12
|
|t:|1781130469
|switch|p2a: Cinderace|Cinderace, M|100/100
|move|p1a: Gholdengo|Make It Rain|p2a: Cinderace
|-resisted|p2a: Cinderace
|-damage|p2a: Cinderace|77/100
|-unboost|p1a: Gholdengo|spa|1
|
|upkeep
|turn|13
|
|t:|1781130478
|move|p1a: Gholdengo|Make It Rain|p2a: Cinderace
|-resisted|p2a: Cinderace
|-damage|p2a: Cinderace|57/100
|-unboost|p1a: Gholdengo|spa|1
|move|p2a: Cinderace|U-turn|p1a: Gholdengo
|-resisted|p1a: Gholdengo
|-damage|p1a: Gholdengo|11/100
|
|t:|1781130492
|switch|p2a: Ceruledge|Ceruledge, F|37/100|[from] U-turn
|
|upkeep
|turn|14
|
|t:|1781130499
|switch|p1a: Samurott|Samurott-Hisui, F|100/100
|-damage|p1a: Samurott|88/100|[from] Stealth Rock
|move|p2a: Ceruledge|Bitter Blade|p1a: Samurott
|-resisted|p1a: Samurott
|-damage|p1a: Samurott|48/100
|-heal|p2a: Ceruledge|60/100|[from] drain|[of] p1a: Samurott
|-damage|p2a: Ceruledge|50/100|[from] item: Life Orb
|
|upkeep
|turn|15
|
|t:|1781130504
|move|p1a: Samurott|Razor Shell|p2a: Ceruledge
|-supereffective|p2a: Ceruledge
|-damage|p2a: Ceruledge|0 fnt
|faint|p2a: Ceruledge
|
|upkeep
|
|t:|1781130506
|switch|p2a: Cinderace|Cinderace, M|57/100
|turn|16
|
|t:|1781130510
|move|p1a: Samurott|Razor Shell|p2a: Cinderace
|-supereffective|p2a: Cinderace
|-damage|p2a: Cinderace|0 fnt
|faint|p2a: Cinderace
|
|upkeep
|
|t:|1781130521
|switch|p2a: Darkrai|Darkrai|100/100
|turn|17
|
|t:|1781130525
|move|p1a: Samurott|Razor Shell|p2a: Darkrai
|-damage|p2a: Darkrai|30/100
|-unboost|p2a: Darkrai|def|1
|move|p2a: Darkrai|Dark Pulse|p1a: Samurott
|-resisted|p1a: Samurott
|-damage|p1a: Samurott|2/100
|
|upkeep
|turn|18
|-message|betathunder forfeited.
|
|win|KurisuChestnutLab
|raw|KurisuChestnutLab's rating: 1702 &rarr; <strong>1716</strong><br />(+14 for winning)
|raw|betathunder's rating: 1594 &rarr; <strong>1580</strong><br />(-14 for losing)
|l|☆betathunder
|player|p2|
