|j|☆v1n001
|j|☆Pig Perfect
|t:|1781280686
|gametype|singles
|player|p1|v1n001|101|1552
|player|p2|Pig Perfect|workerice|1496
|gen|9
|tier|[Gen 9] OU
|rated|
|rule|HP Percentage Mod: HP is shown in percentages
|rule|Endless Battle Clause: Forcing endless battles is banned
|rule|Species Clause: Limit one of each Pokémon
|rule|OHKO Clause: OHKO moves are banned
|rule|Evasion Items Clause: Evasion items are banned
|rule|Evasion Moves Clause: Evasion moves are banned
|rule|Evasion Abilities Clause: Evasion abilities are banned
|rule|Sleep Moves Clause: Sleep-inducing moves are banned
|clearpoke
|poke|p1|Raging Bolt|
|poke|p1|Alomomola, F|
|poke|p1|Ting-Lu|
|poke|p1|Weezing-Galar, F|
|poke|p1|Landorus-Therian, M|
|poke|p1|Ogerpon-Wellspring, F|
|poke|p2|Kyurem|
|poke|p2|Moltres|
|poke|p2|Sandslash-Alola, F|
|poke|p2|Slowking-Galar, M|
|poke|p2|Ting-Lu|
|poke|p2|Zamazenta-*|
|teampreview
|inactive|Battle timer is ON: inactive players will automatically lose when time's up. (requested by v1n001)
|
|t:|1781280704
|teamsize|p1|6
|teamsize|p2|6
|start
|switch|p1a: Ting-Lu|Ting-Lu|100/100
|switch|p2a: Deer God...|Ting-Lu|100/100
|-ability|p1a: Ting-Lu|Vessel of Ruin
|-ability|p2a: Deer God...|Vessel of Ruin
|turn|1
|
|t:|1781280713
|move|p2a: Deer God...|Ruination|p1a: Ting-Lu
|-damage|p1a: Ting-Lu|50/100
|move|p1a: Ting-Lu|Stealth Rock|p2a: Deer God...
|-sidestart|p2: Pig Perfect|move: Stealth Rock
|
|-heal|p1a: Ting-Lu|57/100|[from] item: Leftovers
|upkeep
|turn|2
|
|t:|1781280718
|move|p1a: Ting-Lu|Ruination|p2a: Deer God...
|-damage|p2a: Deer God...|50/100
|move|p2a: Deer God...|Stealth Rock|p1a: Ting-Lu
|-sidestart|p1: v1n001|move: Stealth Rock
|
|-heal|p1a: Ting-Lu|63/100|[from] item: Leftovers
|-heal|p2a: Deer God...|57/100|[from] item: Leftovers
|upkeep
|turn|3
|
|t:|1781280725
|switch|p1a: Ogerpon|Ogerpon-Wellspring, F|100/100
|-damage|p1a: Ogerpon|88/100|[from] Stealth Rock
|move|p2a: Deer God...|Ruination|p1a: Ogerpon
|-damage|p1a: Ogerpon|44/100
|
|-heal|p2a: Deer God...|63/100|[from] item: Leftovers
|upkeep
|turn|4
|
|t:|1781280740
|switch|p2a: Cuck Zoris|Zamazenta|100/100
|-damage|p2a: Cuck Zoris|94/100|[from] Stealth Rock
|-ability|p2a: Cuck Zoris|Dauntless Shield|boost
|-boost|p2a: Cuck Zoris|def|1
|move|p1a: Ogerpon|Ivy Cudgel|p2a: Cuck Zoris|[anim] Ivy Cudgel Water
|-damage|p2a: Cuck Zoris|58/100
|
|upkeep
|turn|5
|
|t:|1781280743
|switch|p1a: Weezing|Weezing-Galar, F, shiny|100/100
|-ability|p1a: Weezing|Neutralizing Gas
|move|p2a: Cuck Zoris|Close Combat|p1a: Weezing
|-resisted|p1a: Weezing
|-damage|p1a: Weezing|90/100
|-unboost|p2a: Cuck Zoris|def|1
|-unboost|p2a: Cuck Zoris|spd|1
|
|upkeep
|turn|6
|
|t:|1781280749
|-end|p1a: Weezing|ability: Neutralizing Gas
|switch|p1a: Ogerpon|Ogerpon-Wellspring, F|44/100
|-damage|p1a: Ogerpon|32/100|[from] Stealth Rock
|move|p2a: Cuck Zoris|Heavy Slam|p1a: Ogerpon
|-resisted|p1a: Ogerpon
|-damage|p1a: Ogerpon|5/100
|
|upkeep
|turn|7
|
|t:|1781280753
|switch|p1a: Weezing|Weezing-Galar, F, shiny|90/100
|-ability|p1a: Weezing|Neutralizing Gas
|move|p2a: Cuck Zoris|Heavy Slam|p1a: Weezing
|-supereffective|p1a: Weezing
|-damage|p1a: Weezing|26/100
|
|upkeep
|turn|8
|
|t:|1781280755
|-end|p1a: Weezing|ability: Neutralizing Gas
|switch|p1a: Alomomola|Alomomola, F, shiny|100/100
|move|p2a: Cuck Zoris|Heavy Slam|p1a: Alomomola
|-resisted|p1a: Alomomola
|-damage|p1a: Alomomola|88/100
|
|upkeep
|turn|9
|
|t:|1781280759
|move|p2a: Cuck Zoris|Close Combat|p1a: Alomomola
|-damage|p1a: Alomomola|53/100
|-unboost|p2a: Cuck Zoris|def|1
|-unboost|p2a: Cuck Zoris|spd|1
|move|p1a: Alomomola|Wish|p1a: Alomomola
|
|upkeep
|turn|10
|
|t:|1781280767
|switch|p2a: Intellectual Eric|Slowking-Galar, M|100/100
|move|p1a: Alomomola|Flip Turn|p2a: Intellectual Eric
|-damage|p2a: Intellectual Eric|84/100
|
|t:|1781280769
|switch|p1a: Weezing|Weezing-Galar, F, shiny|26/100|[from] Flip Turn
|-ability|p1a: Weezing|Neutralizing Gas
|
|-heal|p1a: Weezing|96/100|[from] move: Wish|[wisher] Alomomola
|upkeep
|turn|11
|
|t:|1781280772
|-end|p1a: Weezing|ability: Neutralizing Gas
|switch|p1a: Ting-Lu|Ting-Lu|63/100
|-damage|p1a: Ting-Lu|57/100|[from] Stealth Rock
|-ability|p1a: Ting-Lu|Vessel of Ruin
|move|p2a: Intellectual Eric|Future Sight|p1a: Ting-Lu
|-start|p2a: Intellectual Eric|move: Future Sight
|
|-heal|p1a: Ting-Lu|63/100|[from] item: Leftovers
|upkeep
|turn|12
|
|t:|1781280776
|move|p1a: Ting-Lu|Earthquake|p2a: Intellectual Eric
|-supereffective|p2a: Intellectual Eric
|-damage|p2a: Intellectual Eric|5/100
|-prepare|p2a: Intellectual Eric|Chilly Reception|[premajor]
|move|p2a: Intellectual Eric|Chilly Reception|p2a: Intellectual Eric
|-weather|Snowscape
|
|t:|1781280779
|switch|p2a: Runs & Goses|Sandslash-Alola, F|100/100|[from] Chilly Reception
|
|-weather|Snowscape|[upkeep]
|-heal|p1a: Ting-Lu|69/100|[from] item: Leftovers
|upkeep
|turn|13
|
|t:|1781280787
|switch|p1a: Alomomola|Alomomola, F, shiny|87/100
|move|p2a: Runs & Goses|Rapid Spin|p1a: Alomomola
|-damage|p1a: Alomomola|77/100
|-boost|p2a: Runs & Goses|spe|1
|-sideend|p2: Pig Perfect|Stealth Rock|[from] move: Rapid Spin|[of] p2a: Runs & Goses
|
|-weather|Snowscape|[upkeep]
|-end|p1a: Alomomola|move: Future Sight
|-damage|p1a: Alomomola|35/100
|upkeep
|turn|14
|
|t:|1781280798
|move|p2a: Runs & Goses|Swords Dance|p2a: Runs & Goses
|-boost|p2a: Runs & Goses|atk|2
|move|p1a: Alomomola|Wish|p1a: Alomomola
|
|-weather|Snowscape|[upkeep]
|upkeep
|turn|15
|
|t:|1781280806
|move|p1a: Alomomola|Protect|p1a: Alomomola
|-singleturn|p1a: Alomomola|Protect
|move|p2a: Runs & Goses|Earthquake|p1a: Alomomola
|-activate|p1a: Alomomola|move: Protect
|
|-weather|Snowscape|[upkeep]
|-heal|p1a: Alomomola|85/100|[from] move: Wish|[wisher] Alomomola
|upkeep
|turn|16
|
|t:|1781280815
|move|p2a: Runs & Goses|Rapid Spin|p1a: Alomomola
|-damage|p1a: Alomomola|64/100
|-boost|p2a: Runs & Goses|spe|1
|move|p1a: Alomomola|Flip Turn|p2a: Runs & Goses
|-damage|p2a: Runs & Goses|89/100
|
|t:|1781280821
|switch|p1a: Landorus|Landorus-Therian, M, shiny|100/100|[from] Flip Turn
|-damage|p1a: Landorus|88/100|[from] Stealth Rock
|-ability|p1a: Landorus|Intimidate|boost
|-unboost|p2a: Runs & Goses|atk|1
|
|-weather|none
|upkeep
|turn|17
|
|t:|1781280824
|switch|p1a: Alomomola|Alomomola, F, shiny|98/100
|move|p2a: Runs & Goses|Triple Axel|p1a: Alomomola
|-resisted|p1a: Alomomola
|-damage|p1a: Alomomola|93/100
|-hitcount|p1a: Alomomola|1
|
|upkeep
|turn|18
|
|t:|1781280830
|move|p2a: Runs & Goses|Swords Dance|p2a: Runs & Goses
|-boost|p2a: Runs & Goses|atk|2
|move|p1a: Alomomola|Wish|p1a: Alomomola
|
|upkeep
|turn|19
|
|t:|1781280832
|move|p2a: Runs & Goses|Earthquake|p1a: Alomomola
|-damage|p1a: Alomomola|42/100
|move|p1a: Alomomola|Flip Turn|p2a: Runs & Goses
|-damage|p2a: Runs & Goses|73/100
|
|t:|1781280854
|switch|p1a: Weezing|Weezing-Galar, F, shiny|96/100|[from] Flip Turn
|-ability|p1a: Weezing|Neutralizing Gas
|
|-heal|p1a: Weezing|100/100|[from] move: Wish|[wisher] Alomomola
|upkeep
|turn|20
|
|t:|1781280859
|-terastallize|p1a: Weezing|Grass
|move|p2a: Runs & Goses|Earthquake|p1a: Weezing
|-resisted|p1a: Weezing
|-damage|p1a: Weezing|76/100
|move|p1a: Weezing|Will-O-Wisp|p2a: Runs & Goses
|-status|p2a: Runs & Goses|brn
|
|-damage|p2a: Runs & Goses|66/100 brn|[from] brn
|upkeep
|turn|21
|
|t:|1781280869
|-end|p1a: Weezing|ability: Neutralizing Gas
|switch|p1a: Alomomola|Alomomola, F, shiny|76/100
|move|p2a: Runs & Goses|Swords Dance|p2a: Runs & Goses
|-boost|p2a: Runs & Goses|atk|2
|
|-damage|p2a: Runs & Goses|60/100 brn|[from] brn
|upkeep
|turn|22
|
|t:|1781280873
|move|p2a: Runs & Goses|Earthquake|p1a: Alomomola
|-damage|p1a: Alomomola|42/100
|move|p1a: Alomomola|Wish|p1a: Alomomola
|
|-damage|p2a: Runs & Goses|54/100 brn|[from] brn
|upkeep
|turn|23
|
|t:|1781280876
|-terastallize|p2a: Runs & Goses|Ground
|move|p2a: Runs & Goses|Earthquake|p1a: Alomomola
|-damage|p1a: Alomomola|0 fnt
|faint|p1a: Alomomola
|
|-damage|p2a: Runs & Goses|48/100 brn|[from] brn
|upkeep
|
|t:|1781280880
|switch|p1a: Landorus|Landorus-Therian, M, shiny|88/100
|-damage|p1a: Landorus|76/100|[from] Stealth Rock
|-ability|p1a: Landorus|Intimidate|boost
|-unboost|p2a: Runs & Goses|atk|1
|turn|24
|
|t:|1781280887
|switch|p1a: Weezing|Weezing-Galar, F, shiny, tera:Grass|76/100
|-ability|p1a: Weezing|Neutralizing Gas
|move|p2a: Runs & Goses|Triple Axel|p1a: Weezing
|-supereffective|p1a: Weezing
|-damage|p1a: Weezing|56/100
|-supereffective|p1a: Weezing
|-damage|p1a: Weezing|16/100
|-supereffective|p1a: Weezing
|-damage|p1a: Weezing|0 fnt
|faint|p1a: Weezing
|-end|p1a: Weezing|ability: Neutralizing Gas
|-hitcount|p1: Weezing|3
|
|-damage|p2a: Runs & Goses|42/100 brn|[from] brn
|upkeep
|
|t:|1781280890
|switch|p1a: Landorus|Landorus-Therian, M, shiny|76/100
|-damage|p1a: Landorus|64/100|[from] Stealth Rock
|-ability|p1a: Landorus|Intimidate|boost
|-unboost|p2a: Runs & Goses|atk|1
|turn|25
|
|t:|1781280893
|switch|p1a: Ogerpon|Ogerpon-Wellspring, F|5/100
|-damage|p1a: Ogerpon|0 fnt|[from] Stealth Rock
|faint|p1a: Ogerpon
|move|p2a: Runs & Goses|Triple Axel|p1: Ogerpon|[notarget]
|-fail|p2a: Runs & Goses
|
|-damage|p2a: Runs & Goses|36/100 brn|[from] brn
|upkeep
|
|t:|1781280895
|switch|p1a: Landorus|Landorus-Therian, M, shiny|64/100
|-damage|p1a: Landorus|52/100|[from] Stealth Rock
|-ability|p1a: Landorus|Intimidate|boost
|-unboost|p2a: Runs & Goses|atk|1
|turn|26
|
|t:|1781280899
|switch|p1a: Ting-Lu|Ting-Lu|69/100
|-damage|p1a: Ting-Lu|63/100|[from] Stealth Rock
|-ability|p1a: Ting-Lu|Vessel of Ruin
|move|p2a: Runs & Goses|Triple Axel|p1a: Ting-Lu
|-supereffective|p1a: Ting-Lu
|-damage|p1a: Ting-Lu|52/100
|-supereffective|p1a: Ting-Lu
|-damage|p1a: Ting-Lu|29/100
|-supereffective|p1a: Ting-Lu
|-damage|p1a: Ting-Lu|0 fnt
|faint|p1a: Ting-Lu
|-hitcount|p1: Ting-Lu|3
|
|-damage|p2a: Runs & Goses|29/100 brn|[from] brn
|upkeep
|
|t:|1781280902
|switch|p1a: Landorus|Landorus-Therian, M, shiny|52/100
|-damage|p1a: Landorus|39/100|[from] Stealth Rock
|-ability|p1a: Landorus|Intimidate|boost
|-unboost|p2a: Runs & Goses|atk|1
|turn|27
|
|t:|1781280904
|move|p1a: Landorus|Earthquake|p2a: Runs & Goses
|-damage|p2a: Runs & Goses|0 fnt
|faint|p2a: Runs & Goses
|
|upkeep
|
|t:|1781280908
|switch|p2a: Boyd Flamefeather|Moltres|100/100
|turn|28
|-message|v1n001 forfeited.
|
|win|Pig Perfect
|raw|v1n001's rating: 1552 &rarr; <strong>1529</strong><br />(-23 for losing)
|raw|Pig Perfect's rating: 1496 &rarr; <strong>1519</strong><br />(+23 for winning)
|l|☆v1n001
|player|p1|
|c|☆Pig Perfect|gg
|l|☆Pig Perfect
|player|p2|
