|j|☆Archerdadon
|j|☆Scratchez
|t:|1780897568
|gametype|singles
|player|p1|Archerdadon|marshal|1554
|player|p2|Scratchez|265|1557
|gen|9
|tier|[Gen 9] OU
|rated|
|rule|HP Percentage Mod: HP is shown in percentages
|rule|Endless Battle Clause: Forcing endless battles is banned
|rule|Species Clause: Limit one of each Pokémon
|rule|OHKO Clause: OHKO moves are banned
|rule|Evasion Items Clause: Evasion items are banned
|rule|Evasion Moves Clause: Evasion moves are banned
|rule|Evasion Abilities Clause: Evasion abilities are banned
|rule|Sleep Moves Clause: Sleep-inducing moves are banned
|clearpoke
|poke|p1|Dondozo, F|
|poke|p1|Great Tusk|
|poke|p1|Ting-Lu|
|poke|p1|Glimmora, M|
|poke|p1|Scizor, M|
|poke|p1|Hydrapple, F|
|poke|p2|Tyranitar, M|
|poke|p2|Excadrill, F|
|poke|p2|Corviknight, M|
|poke|p2|Garchomp, M|
|poke|p2|Dragapult, F|
|poke|p2|Hippowdon, F|
|teampreview
|inactive|Battle timer is ON: inactive players will automatically lose when time's up. (requested by Archerdadon)
|
|t:|1780897594
|teamsize|p1|6
|teamsize|p2|6
|start
|switch|p1a: Glimmora|Glimmora, M|100/100
|switch|p2a: Corviknight|Corviknight, M|100/100
|-ability|p2a: Corviknight|Pressure
|turn|1
|
|t:|1780897614
|move|p1a: Glimmora|Power Gem|p2a: Corviknight
|-damage|p2a: Corviknight|73/100
|move|p2a: Corviknight|U-turn|p1a: Glimmora
|-resisted|p1a: Glimmora
|-damage|p1a: Glimmora|91/100
|-activate|p1a: Glimmora|ability: Toxic Debris
|-sidestart|p2: Scratchez|move: Toxic Spikes
|j| kanaete onegai
|
|t:|1780897623
|switch|p2a: Excadrill|Excadrill, F|100/100|[from] U-turn
|-item|p2a: Excadrill|Air Balloon
|
|upkeep
|turn|2
|
|t:|1780897628
|move|p1a: Glimmora|Power Gem|p2a: Excadrill
|-resisted|p2a: Excadrill
|-damage|p2a: Excadrill|86/100
|-enditem|p2a: Excadrill|Air Balloon
|move|p2a: Excadrill|Earthquake|p1a: Glimmora
|-supereffective|p1a: Glimmora
|-damage|p1a: Glimmora|0 fnt
|-activate|p1a: Glimmora|ability: Toxic Debris
|-sidestart|p2: Scratchez|move: Toxic Spikes
|faint|p1a: Glimmora
|
|upkeep
|
|t:|1780897631
|switch|p1a: Ting-Lu|Ting-Lu|100/100
|-ability|p1a: Ting-Lu|Vessel of Ruin
|turn|3
|
|t:|1780897634
|switch|p2a: Corviknight|Corviknight, M|73/100
|-ability|p2a: Corviknight|Pressure
|-terastallize|p1a: Ting-Lu|Ghost
|move|p1a: Ting-Lu|Stealth Rock|p2a: Corviknight
|-sidestart|p2: Scratchez|move: Stealth Rock
|
|upkeep
|turn|4
|
|t:|1780897637
|switch|p1a: Hydrapple|Hydrapple, F|100/100
|move|p2a: Corviknight|Defog|p1a: Hydrapple
|-unboost|p1a: Hydrapple|evasion|1
|-sideend|p2: Scratchez|Toxic Spikes|[from] move: Defog|[of] p2a: Corviknight
|-sideend|p2: Scratchez|Stealth Rock|[from] move: Defog|[of] p2a: Corviknight
|
|upkeep
|turn|5
|
|t:|1780897643
|move|p2a: Corviknight|U-turn|p1a: Hydrapple
|-supereffective|p1a: Hydrapple
|-damage|p1a: Hydrapple|85/100
|-damage|p2a: Corviknight|57/100|[from] item: Rocky Helmet|[of] p1a: Hydrapple
|
|t:|1780897649
|switch|p2a: Excadrill|Excadrill, F|86/100|[from] U-turn
|move|p1a: Hydrapple|Nasty Plot|p1a: Hydrapple
|-boost|p1a: Hydrapple|spa|2
|
|upkeep
|turn|6
|
|t:|1780897655
|move|p2a: Excadrill|Iron Head|p1a: Hydrapple
|-damage|p1a: Hydrapple|57/100
|-damage|p2a: Excadrill|69/100|[from] item: Rocky Helmet|[of] p1a: Hydrapple
|move|p1a: Hydrapple|Giga Drain|p2a: Excadrill
|-damage|p2a: Excadrill|0 fnt
|-heal|p1a: Hydrapple|87/100|[from] drain|[of] p2a: Excadrill
|faint|p2a: Excadrill
|
|upkeep
|
|t:|1780897662
|switch|p2a: Dragapult|Dragapult, F|100/100
|turn|7
|
|t:|1780897668
|switch|p1a: Ting-Lu|Ting-Lu, tera:Ghost|100/100
|-ability|p1a: Ting-Lu|Vessel of Ruin
|move|p2a: Dragapult|Draco Meteor|p1a: Ting-Lu
|-damage|p1a: Ting-Lu|77/100
|-unboost|p2a: Dragapult|spa|2
|
|-heal|p1a: Ting-Lu|83/100|[from] item: Leftovers
|upkeep
|turn|8
|
|t:|1780897674
|move|p2a: Dragapult|Will-O-Wisp|p1a: Ting-Lu|[miss]
|-miss|p2a: Dragapult|p1a: Ting-Lu
|move|p1a: Ting-Lu|Stealth Rock|p2a: Dragapult
|-sidestart|p2: Scratchez|move: Stealth Rock
|
|-heal|p1a: Ting-Lu|90/100|[from] item: Leftovers
|upkeep
|turn|9
|
|t:|1780897681
|move|p2a: Dragapult|Will-O-Wisp|p1a: Ting-Lu
|-status|p1a: Ting-Lu|brn
|move|p1a: Ting-Lu|Payback|p2a: Dragapult
|-supereffective|p2a: Dragapult
|-damage|p2a: Dragapult|48/100
|
|-heal|p2a: Dragapult|54/100|[from] item: Leftovers
|-heal|p1a: Ting-Lu|96/100 brn|[from] item: Leftovers
|-damage|p1a: Ting-Lu|90/100 brn|[from] brn
|upkeep
|turn|10
|j| grdfghcfhf
|
|t:|1780897686
|switch|p1a: Scizor|Scizor, M|100/100
|move|p2a: Dragapult|U-turn|p1a: Scizor
|-resisted|p1a: Scizor
|-crit|p1a: Scizor
|-damage|p1a: Scizor|89/100
|
|t:|1780897688
|switch|p2a: Corviknight|Corviknight, M|57/100|[from] U-turn
|-damage|p2a: Corviknight|44/100|[from] Stealth Rock
|-ability|p2a: Corviknight|Pressure
|
|upkeep
|turn|11
|
|t:|1780897692
|move|p2a: Corviknight|Roost|p2a: Corviknight
|-heal|p2a: Corviknight|94/100
|-singleturn|p2a: Corviknight|move: Roost
|move|p1a: Scizor|Close Combat|p2a: Corviknight
|-supereffective|p2a: Corviknight
|-damage|p2a: Corviknight|0 fnt
|-unboost|p1a: Scizor|def|1
|-unboost|p1a: Scizor|spd|1
|-damage|p1a: Scizor|72/100|[from] item: Rocky Helmet|[of] p2a: Corviknight
|faint|p2a: Corviknight
|
|upkeep
|
|t:|1780897707
|switch|p2a: Garchomp|Garchomp, M|100/100
|-damage|p2a: Garchomp|94/100|[from] Stealth Rock
|turn|12
|
|t:|1780897713
|switch|p1a: Great Tusk|Great Tusk|100/100
|move|p2a: Garchomp|Earthquake|p1a: Great Tusk
|-damage|p1a: Great Tusk|77/100
|
|upkeep
|turn|13
|
|t:|1780897743
|move|p2a: Garchomp|Spikes|p1a: Great Tusk
|-sidestart|p1: Archerdadon|Spikes
|move|p1a: Great Tusk|Ice Spinner|p2a: Garchomp
|-supereffective|p2a: Garchomp
|-damage|p2a: Garchomp|9/100
|-damage|p1a: Great Tusk|64/100|[from] ability: Rough Skin|[of] p2a: Garchomp
|-damage|p1a: Great Tusk|48/100|[from] item: Rocky Helmet|[of] p2a: Garchomp
|
|upkeep
|turn|14
|
|t:|1780897759
|move|p2a: Garchomp|Earthquake|p1a: Great Tusk
|-damage|p1a: Great Tusk|24/100
|move|p1a: Great Tusk|Rapid Spin|p2a: Garchomp
|-damage|p2a: Garchomp|0 fnt
|-boost|p1a: Great Tusk|spe|1
|-damage|p1a: Great Tusk|12/100|[from] ability: Rough Skin|[of] p2a: Garchomp
|-damage|p1a: Great Tusk|0 fnt|[from] item: Rocky Helmet|[of] p2a: Garchomp
|faint|p2a: Garchomp
|faint|p1a: Great Tusk
|-end|p1a: Great Tusk|Protosynthesis|[silent]
|
|upkeep
|l| kanaete onegai
|
|t:|1780897773
|switch|p2a: Dragapult|Dragapult, F|54/100
|switch|p1a: Scizor|Scizor, M|72/100
|-damage|p2a: Dragapult|41/100|[from] Stealth Rock
|-damage|p1a: Scizor|60/100|[from] Spikes
|turn|15
|
|t:|1780897779
|move|p1a: Scizor|Bullet Punch|p2a: Dragapult
|-damage|p2a: Dragapult|0 fnt
|faint|p2a: Dragapult
|
|upkeep
|
|t:|1780897782
|switch|p2a: Hippowdon|Hippowdon, F|100/100
|-damage|p2a: Hippowdon|94/100|[from] Stealth Rock
|-weather|Sandstorm|[from] ability: Sand Stream|[of] p2a: Hippowdon
|turn|16
|
|t:|1780897786
|move|p1a: Scizor|Bullet Punch|p2a: Hippowdon
|-damage|p2a: Hippowdon|66/100
|move|p2a: Hippowdon|Earthquake|p1a: Scizor
|-damage|p1a: Scizor|23/100
|
|-weather|Sandstorm|[upkeep]
|upkeep
|turn|17
|
|t:|1780897790
|move|p1a: Scizor|Bullet Punch|p2a: Hippowdon
|-damage|p2a: Hippowdon|39/100
|move|p2a: Hippowdon|Slack Off|p2a: Hippowdon
|-heal|p2a: Hippowdon|89/100
|
|-weather|Sandstorm|[upkeep]
|upkeep
|turn|18
|
|t:|1780897792
|move|p1a: Scizor|Bullet Punch|p2a: Hippowdon
|-damage|p2a: Hippowdon|61/100
|move|p2a: Hippowdon|Earthquake|p1a: Scizor
|-damage|p1a: Scizor|0 fnt
|faint|p1a: Scizor
|
|-weather|Sandstorm|[upkeep]
|upkeep
|
|t:|1780897794
|switch|p1a: Hydrapple|Hydrapple, F|100/100
|-damage|p1a: Hydrapple|88/100|[from] Spikes
|turn|19
|
|t:|1780897817
|move|p1a: Hydrapple|Giga Drain|p2a: Hippowdon
|-supereffective|p2a: Hippowdon
|-damage|p2a: Hippowdon|0 fnt
|-heal|p1a: Hydrapple|100/100|[from] drain|[of] p2a: Hippowdon
|faint|p2a: Hippowdon
|
|-weather|Sandstorm|[upkeep]
|-damage|p1a: Hydrapple|94/100|[from] Sandstorm
|upkeep
|
|t:|1780897819
|switch|p2a: Tyranitar|Tyranitar, M|100/100
|-damage|p2a: Tyranitar|88/100|[from] Stealth Rock
|turn|20
|inactive|Scratchez has 120 seconds left.
|
|t:|1780897849
|-terastallize|p2a: Tyranitar|Dragon
|move|p2a: Tyranitar|Rock Slide|p1a: Hydrapple
|-damage|p1a: Hydrapple|70/100
|move|p1a: Hydrapple|Giga Drain|p2a: Tyranitar
|-resisted|p2a: Tyranitar
|-damage|p2a: Tyranitar|75/100
|-heal|p1a: Hydrapple|76/100|[from] drain|[of] p2a: Tyranitar
|
|-weather|Sandstorm|[upkeep]
|-damage|p2a: Tyranitar|69/100|[from] Sandstorm
|-damage|p1a: Hydrapple|70/100|[from] Sandstorm
|-heal|p2a: Tyranitar|75/100|[from] item: Leftovers
|upkeep
|turn|21
|
|t:|1780897857
|move|p2a: Tyranitar|Rock Slide|p1a: Hydrapple
|-damage|p1a: Hydrapple|47/100
|cant|p1a: Hydrapple|flinch
|
|-weather|Sandstorm|[upkeep]
|-damage|p2a: Tyranitar|69/100|[from] Sandstorm
|-damage|p1a: Hydrapple|41/100|[from] Sandstorm
|-heal|p2a: Tyranitar|75/100|[from] item: Leftovers
|upkeep
|turn|22
|
|t:|1780897862
|move|p2a: Tyranitar|Rock Slide|p1a: Hydrapple
|-damage|p1a: Hydrapple|17/100
|cant|p1a: Hydrapple|flinch
|
|-weather|Sandstorm|[upkeep]
|-damage|p2a: Tyranitar|69/100|[from] Sandstorm
|-damage|p1a: Hydrapple|11/100|[from] Sandstorm
|-heal|p2a: Tyranitar|75/100|[from] item: Leftovers
|upkeep
|turn|23
|
|t:|1780897870
|switch|p1a: Ting-Lu|Ting-Lu, tera:Ghost|90/100 brn
|-damage|p1a: Ting-Lu|77/100 brn|[from] Spikes
|-ability|p1a: Ting-Lu|Vessel of Ruin
|move|p2a: Tyranitar|Knock Off|p1a: Ting-Lu
|-supereffective|p1a: Ting-Lu
|-damage|p1a: Ting-Lu|18/100 brn
|-enditem|p1a: Ting-Lu|Leftovers|[from] move: Knock Off|[of] p2a: Tyranitar
|
|-weather|none
|-heal|p2a: Tyranitar|82/100|[from] item: Leftovers
|-damage|p1a: Ting-Lu|11/100 brn|[from] brn
|upkeep
|turn|24
|
|t:|1780897879
|move|p2a: Tyranitar|Knock Off|p1a: Ting-Lu
|-supereffective|p1a: Ting-Lu
|-crit|p1a: Ting-Lu
|-damage|p1a: Ting-Lu|0 fnt
|faint|p1a: Ting-Lu
|
|-heal|p2a: Tyranitar|88/100|[from] item: Leftovers
|upkeep
|
|t:|1780897881
|switch|p1a: Hydrapple|Hydrapple, F|44/100
|-damage|p1a: Hydrapple|32/100|[from] Spikes
|turn|25
|
|t:|1780897893
|switch|p1a: Dondozo|Dondozo, F|100/100
|-damage|p1a: Dondozo|88/100|[from] Spikes
|move|p2a: Tyranitar|Knock Off|p1a: Dondozo
|-damage|p1a: Dondozo|64/100
|-enditem|p1a: Dondozo|Leftovers|[from] move: Knock Off|[of] p2a: Tyranitar
|
|-heal|p2a: Tyranitar|94/100|[from] item: Leftovers
|upkeep
|turn|26
|
|t:|1780897897
|move|p2a: Tyranitar|Stealth Rock|p1a: Dondozo
|-sidestart|p1: Archerdadon|move: Stealth Rock
|move|p1a: Dondozo|Curse|p1a: Dondozo
|-unboost|p1a: Dondozo|spe|1
|-boost|p1a: Dondozo|atk|1
|-boost|p1a: Dondozo|def|1
|
|-heal|p2a: Tyranitar|99/100|[from] item: Leftovers
|upkeep
|turn|27
|
|t:|1780897901
|move|p2a: Tyranitar|Rock Slide|p1a: Dondozo
|-damage|p1a: Dondozo|52/100
|move|p1a: Dondozo|Curse|p1a: Dondozo
|-unboost|p1a: Dondozo|spe|1
|-boost|p1a: Dondozo|atk|1
|-boost|p1a: Dondozo|def|1
|
|-heal|p2a: Tyranitar|100/100|[from] item: Leftovers
|upkeep
|turn|28
|
|t:|1780897904
|move|p2a: Tyranitar|Knock Off|p1a: Dondozo
|-damage|p1a: Dondozo|43/100
|move|p1a: Dondozo|Rest|p1a: Dondozo
|-status|p1a: Dondozo|slp|[from] move: Rest
|-heal|p1a: Dondozo|100/100 slp|[silent]
|
|upkeep
|turn|29
|
|t:|1780897906
|move|p2a: Tyranitar|Knock Off|p1a: Dondozo
|-damage|p1a: Dondozo|92/100 slp
|cant|p1a: Dondozo|slp
|move|p1a: Dondozo|Sleep Talk|p1a: Dondozo
|move|p1a: Dondozo|Rest||[from] move: Sleep Talk|[still]
|-fail|p1a: Dondozo
|
|upkeep
|turn|30
|
|t:|1780897908
|move|p2a: Tyranitar|Knock Off|p1a: Dondozo
|-damage|p1a: Dondozo|83/100 slp
|cant|p1a: Dondozo|slp
|move|p1a: Dondozo|Sleep Talk|p1a: Dondozo
|move|p1a: Dondozo|Rest||[from] move: Sleep Talk|[still]
|-fail|p1a: Dondozo
|
|upkeep
|turn|31
|
|t:|1780897911
|move|p2a: Tyranitar|Knock Off|p1a: Dondozo
|-damage|p1a: Dondozo|74/100 slp
|-curestatus|p1a: Dondozo|slp|[msg]
|move|p1a: Dondozo|Curse|p1a: Dondozo
|-unboost|p1a: Dondozo|spe|1
|-boost|p1a: Dondozo|atk|1
|-boost|p1a: Dondozo|def|1
|
|upkeep
|turn|32
|
|t:|1780897916
|move|p2a: Tyranitar|Rock Slide|p1a: Dondozo
|-damage|p1a: Dondozo|67/100
|move|p1a: Dondozo|Curse|p1a: Dondozo
|-unboost|p1a: Dondozo|spe|1
|-boost|p1a: Dondozo|atk|1
|-boost|p1a: Dondozo|def|1
|
|upkeep
|turn|33
|
|t:|1780897919
|move|p2a: Tyranitar|Knock Off|p1a: Dondozo
|-damage|p1a: Dondozo|61/100
|move|p1a: Dondozo|Rest|p1a: Dondozo
|-status|p1a: Dondozo|slp|[from] move: Rest
|-heal|p1a: Dondozo|100/100 slp|[silent]
|
|upkeep
|turn|34
|
|t:|1780897920
|move|p2a: Tyranitar|Knock Off|p1a: Dondozo
|-damage|p1a: Dondozo|95/100 slp
|cant|p1a: Dondozo|slp
|move|p1a: Dondozo|Sleep Talk|p1a: Dondozo
|move|p1a: Dondozo|Waterfall|p2a: Tyranitar|[from] move: Sleep Talk
|-resisted|p2a: Tyranitar
|-crit|p2a: Tyranitar
|-damage|p2a: Tyranitar|51/100
|
|-heal|p2a: Tyranitar|57/100|[from] item: Leftovers
|upkeep
|turn|35
|
|t:|1780897922
|move|p2a: Tyranitar|Knock Off|p1a: Dondozo
|-damage|p1a: Dondozo|90/100 slp
|cant|p1a: Dondozo|slp
|move|p1a: Dondozo|Sleep Talk|p1a: Dondozo
|move|p1a: Dondozo|Curse|p1a: Dondozo|[from] move: Sleep Talk
|-unboost|p1a: Dondozo|spe|1
|-boost|p1a: Dondozo|atk|1
|-boost|p1a: Dondozo|def|1
|
|-heal|p2a: Tyranitar|63/100|[from] item: Leftovers
|upkeep
|turn|36
|
|t:|1780897924
|move|p2a: Tyranitar|Knock Off|p1a: Dondozo
|-damage|p1a: Dondozo|85/100 slp
|-curestatus|p1a: Dondozo|slp|[msg]
|move|p1a: Dondozo|Waterfall|p2a: Tyranitar
|-resisted|p2a: Tyranitar
|-damage|p2a: Tyranitar|26/100
|
|-heal|p2a: Tyranitar|32/100|[from] item: Leftovers
|upkeep
|turn|37
|
|t:|1780897926
|move|p2a: Tyranitar|Knock Off|p1a: Dondozo
|-damage|p1a: Dondozo|79/100
|move|p1a: Dondozo|Waterfall|p2a: Tyranitar
|-resisted|p2a: Tyranitar
|-damage|p2a: Tyranitar|0 fnt
|faint|p2a: Tyranitar
|
|win|Archerdadon
|raw|Archerdadon's rating: 1554 &rarr; <strong>1574</strong><br />(+20 for winning)
|raw|Scratchez's rating: 1557 &rarr; <strong>1537</strong><br />(-20 for losing)
|l|☆Scratchez
|player|p2|
|l|☆Archerdadon
|player|p1|
