|badge|p2|bronze|gen9ubers|100-9
|uhtml|medal-msg|<div class="broadcast-blue">Curious what those medals under the avatar are? PS now has Ladder Seasons! For more information, check out the <a href="https://www.smogon.com/forums/threads/3740067/">thread on Smogon.</a></div>
|j|☆SincereSarje
|j|☆DriftedEx
|t:|1781449233
|gametype|singles
|player|p1|SincereSarje|morty|1622
|player|p2|DriftedEx|rocketgrunt|1618
|gen|9
|tier|[Gen 9] OU
|rated|
|rule|HP Percentage Mod: HP is shown in percentages
|rule|Endless Battle Clause: Forcing endless battles is banned
|rule|Species Clause: Limit one of each Pokémon
|rule|OHKO Clause: OHKO moves are banned
|rule|Evasion Items Clause: Evasion items are banned
|rule|Evasion Moves Clause: Evasion moves are banned
|rule|Evasion Abilities Clause: Evasion abilities are banned
|rule|Sleep Moves Clause: Sleep-inducing moves are banned
|clearpoke
|poke|p1|Dragonite, F|
|poke|p1|Ogerpon-Wellspring, F|
|poke|p1|Deoxys-Speed|
|poke|p1|Great Tusk|
|poke|p1|Glimmora, F|
|poke|p1|Kingambit, M|
|poke|p2|Gliscor, M|
|poke|p2|Gholdengo|
|poke|p2|Dragonite, F|
|poke|p2|Ting-Lu|
|poke|p2|Darkrai|
|poke|p2|Zamazenta-*|
|teampreview
|inactive|Battle timer is ON: inactive players will automatically lose when time's up. (requested by SincereSarje)
|inactive|DriftedEx also wants the timer to be on.
|
|t:|1781449261
|teamsize|p1|6
|teamsize|p2|6
|start
|switch|p1a: Great Tusk|Great Tusk|100/100
|switch|p2a: Darkrai|Darkrai|100/100
|-enditem|p1a: Great Tusk|Booster Energy
|-activate|p1a: Great Tusk|ability: Protosynthesis|[fromitem]
|-start|p1a: Great Tusk|protosynthesisspe
|turn|1
|
|t:|1781449270
|switch|p2a: Ting-Lu|Ting-Lu|100/100
|-ability|p2a: Ting-Lu|Vessel of Ruin
|move|p1a: Great Tusk|Bulk Up|p1a: Great Tusk
|-boost|p1a: Great Tusk|atk|1
|-boost|p1a: Great Tusk|def|1
|
|upkeep
|turn|2
|
|t:|1781449274
|move|p1a: Great Tusk|Taunt|p2a: Ting-Lu
|-start|p2a: Ting-Lu|move: Taunt
|cant|p2a: Ting-Lu|move: Taunt|Whirlwind
|
|upkeep
|turn|3
|
|t:|1781449279
|move|p1a: Great Tusk|Bulk Up|p1a: Great Tusk
|-boost|p1a: Great Tusk|atk|1
|-boost|p1a: Great Tusk|def|1
|move|p2a: Ting-Lu|Ruination|p1a: Great Tusk
|-damage|p1a: Great Tusk|51/100
|
|upkeep
|turn|4
|
|t:|1781449286
|switch|p2a: Gliscor|Gliscor, M|100/100
|move|p1a: Great Tusk|Ice Spinner|p2a: Gliscor
|-supereffective|p2a: Gliscor
|-damage|p2a: Gliscor|0 fnt
|faint|p2a: Gliscor
|
|upkeep
|
|t:|1781449292
|switch|p2a: Ting-Lu|Ting-Lu|100/100
|-ability|p2a: Ting-Lu|Vessel of Ruin
|turn|5
|
|t:|1781449294
|move|p1a: Great Tusk|Taunt|p2a: Ting-Lu
|-start|p2a: Ting-Lu|move: Taunt
|move|p2a: Ting-Lu|Ruination|p1a: Great Tusk
|-damage|p1a: Great Tusk|26/100
|
|upkeep
|turn|6
|
|t:|1781449299
|move|p1a: Great Tusk|Ice Spinner|p2a: Ting-Lu
|-supereffective|p2a: Ting-Lu
|-damage|p2a: Ting-Lu|50/100
|move|p2a: Ting-Lu|Ruination|p1a: Great Tusk
|-damage|p1a: Great Tusk|13/100
|
|-heal|p2a: Ting-Lu|57/100|[from] item: Leftovers
|upkeep
|turn|7
|
|t:|1781449304
|move|p1a: Great Tusk|Ice Spinner|p2a: Ting-Lu
|-supereffective|p2a: Ting-Lu
|-damage|p2a: Ting-Lu|3/100
|move|p2a: Ting-Lu|Earthquake|p1a: Great Tusk
|-damage|p1a: Great Tusk|1/100
|
|-heal|p2a: Ting-Lu|9/100|[from] item: Leftovers
|-end|p2a: Ting-Lu|move: Taunt
|upkeep
|turn|8
|
|t:|1781449309
|move|p1a: Great Tusk|Ice Spinner|p2a: Ting-Lu
|-supereffective|p2a: Ting-Lu
|-damage|p2a: Ting-Lu|0 fnt
|faint|p2a: Ting-Lu
|
|upkeep
|
|t:|1781449311
|switch|p2a: Dragonite|Dragonite, F|100/100
|turn|9
|
|t:|1781449316
|-terastallize|p1a: Great Tusk|Ghost
|move|p2a: Dragonite|Extreme Speed|p1a: Great Tusk
|-immune|p1a: Great Tusk
|move|p1a: Great Tusk|Ice Spinner|p2a: Dragonite
|-supereffective|p2a: Dragonite
|-damage|p2a: Dragonite|4/100
|
|upkeep
|turn|10
|
|t:|1781449323
|move|p2a: Dragonite|Extreme Speed|p1a: Great Tusk
|-immune|p1a: Great Tusk
|move|p1a: Great Tusk|Ice Spinner|p2a: Dragonite
|-supereffective|p2a: Dragonite
|-damage|p2a: Dragonite|0 fnt
|faint|p2a: Dragonite
|
|upkeep
|
|t:|1781449325
|switch|p2a: Zamazenta|Zamazenta|100/100
|-ability|p2a: Zamazenta|Dauntless Shield|boost
|-boost|p2a: Zamazenta|def|1
|turn|11
|
|t:|1781449329
|move|p1a: Great Tusk|Headlong Rush|p2a: Zamazenta
|-damage|p2a: Zamazenta|37/100
|-unboost|p1a: Great Tusk|def|1
|-unboost|p1a: Great Tusk|spd|1
|move|p2a: Zamazenta|Heavy Slam|p1a: Great Tusk
|-damage|p1a: Great Tusk|0 fnt
|faint|p1a: Great Tusk
|-end|p1a: Great Tusk|Protosynthesis|[silent]
|
|upkeep
|
|t:|1781449337
|switch|p1a: Glimmora|Glimmora, F|100/100
|turn|12
|
|t:|1781449348
|move|p2a: Zamazenta|Heavy Slam|p1a: Glimmora
|-supereffective|p1a: Glimmora
|-damage|p1a: Glimmora|57/100
|-activate|p1a: Glimmora|ability: Toxic Debris
|-sidestart|p2: DriftedEx|move: Toxic Spikes
|-enditem|p1a: Glimmora|Red Card|[of] p2a: Zamazenta
|drag|p2a: Darkrai|Darkrai|100/100
|move|p1a: Glimmora|Stealth Rock|p2a: Darkrai
|-sidestart|p2: DriftedEx|move: Stealth Rock
|
|upkeep
|turn|13
|
|t:|1781449372
|move|p2a: Darkrai|Dark Pulse|p1a: Glimmora
|-damage|p1a: Glimmora|12/100
|cant|p1a: Glimmora|flinch
|
|upkeep
|turn|14
|
|t:|1781449377
|move|p2a: Darkrai|Dark Pulse|p1a: Glimmora
|-damage|p1a: Glimmora|0 fnt
|faint|p1a: Glimmora
|
|upkeep
|
|t:|1781449381
|switch|p1a: Dragonite|Dragonite, F|100/100
|turn|15
|
|t:|1781449384
|move|p2a: Darkrai|Will-O-Wisp|p1a: Dragonite
|-status|p1a: Dragonite|brn
|move|p1a: Dragonite|Dragon Dance|p1a: Dragonite
|-boost|p1a: Dragonite|atk|1
|-boost|p1a: Dragonite|spe|1
|
|-damage|p1a: Dragonite|94/100 brn|[from] brn
|upkeep
|turn|16
|
|t:|1781449388
|move|p1a: Dragonite|Dragon Dance|p1a: Dragonite
|-boost|p1a: Dragonite|atk|1
|-boost|p1a: Dragonite|spe|1
|move|p2a: Darkrai|Ice Beam|p1a: Dragonite
|-supereffective|p1a: Dragonite
|-damage|p1a: Dragonite|0 fnt
|faint|p1a: Dragonite
|
|upkeep
|
|t:|1781449400
|switch|p1a: Kingambit|Kingambit, M|100/100
|-activate|p1a: Kingambit|ability: Supreme Overlord
|-start|p1a: Kingambit|fallen3|[silent]
|turn|17
|
|t:|1781449403
|move|p2a: Darkrai|Will-O-Wisp|p1a: Kingambit
|-status|p1a: Kingambit|brn
|move|p1a: Kingambit|Swords Dance|p1a: Kingambit
|-boost|p1a: Kingambit|atk|2
|
|-damage|p1a: Kingambit|94/100 brn|[from] brn
|upkeep
|turn|18
|
|t:|1781449405
|switch|p2a: Gholdengo|Gholdengo|100/100
|-damage|p2a: Gholdengo|94/100|[from] Stealth Rock
|move|p1a: Kingambit|Iron Head|p2a: Gholdengo
|-resisted|p2a: Gholdengo
|-damage|p2a: Gholdengo|61/100
|
|-heal|p1a: Kingambit|100/100 brn|[from] item: Leftovers
|-damage|p1a: Kingambit|94/100 brn|[from] brn
|upkeep
|turn|19
|
|t:|1781449411
|-end|p1a: Kingambit|fallen3|[silent]
|switch|p1a: Ogerpon|Ogerpon-Wellspring, F|100/100
|move|p2a: Gholdengo|Trick||[still]
|-fail|p2a: Gholdengo
|
|upkeep
|turn|20
|
|t:|1781449419
|switch|p2a: Darkrai|Darkrai|100/100
|move|p1a: Ogerpon|Knock Off|p2a: Darkrai
|-resisted|p2a: Darkrai
|-damage|p2a: Darkrai|76/100
|-enditem|p2a: Darkrai|Heavy-Duty Boots|[from] move: Knock Off|[of] p1a: Ogerpon
|
|upkeep
|turn|21
|
|t:|1781449424
|switch|p1a: Deoxys|Deoxys-Speed|100/100
|-ability|p1a: Deoxys|Pressure
|move|p2a: Darkrai|Will-O-Wisp|p1a: Deoxys|[miss]
|-miss|p2a: Darkrai|p1a: Deoxys
|
|upkeep
|turn|22
|
|t:|1781449430
|switch|p1a: Kingambit|Kingambit, M|94/100 brn
|-activate|p1a: Kingambit|ability: Supreme Overlord
|-start|p1a: Kingambit|fallen3|[silent]
|move|p2a: Darkrai|Dark Pulse|p1a: Kingambit
|-resisted|p1a: Kingambit
|-crit|p1a: Kingambit
|-damage|p1a: Kingambit|60/100 brn
|
|-heal|p1a: Kingambit|66/100 brn|[from] item: Leftovers
|-damage|p1a: Kingambit|60/100 brn|[from] brn
|upkeep
|turn|23
|
|t:|1781449437
|move|p2a: Darkrai|Knock Off|p1a: Kingambit
|-resisted|p1a: Kingambit
|-damage|p1a: Kingambit|50/100 brn
|-enditem|p1a: Kingambit|Leftovers|[from] move: Knock Off|[of] p2a: Darkrai
|move|p1a: Kingambit|Iron Head|p2a: Darkrai
|-damage|p2a: Darkrai|36/100
|
|-damage|p1a: Kingambit|44/100 brn|[from] brn
|upkeep
|turn|24
|
|t:|1781449442
|switch|p2a: Gholdengo|Gholdengo|61/100
|-damage|p2a: Gholdengo|55/100|[from] Stealth Rock
|move|p1a: Kingambit|Iron Head|p2a: Gholdengo
|-resisted|p2a: Gholdengo
|-damage|p2a: Gholdengo|38/100
|
|-damage|p1a: Kingambit|38/100 brn|[from] brn
|upkeep
|turn|25
|
|t:|1781449447
|move|p2a: Gholdengo|Shadow Ball|p1a: Kingambit
|-resisted|p1a: Kingambit
|-damage|p1a: Kingambit|15/100 brn
|move|p1a: Kingambit|Kowtow Cleave|p2a: Gholdengo
|-supereffective|p2a: Gholdengo
|-crit|p2a: Gholdengo
|-damage|p2a: Gholdengo|0 fnt
|faint|p2a: Gholdengo
|
|-damage|p1a: Kingambit|9/100 brn|[from] brn
|upkeep
|
|t:|1781449452
|switch|p2a: Darkrai|Darkrai|36/100
|-status|p2a: Darkrai|psn
|-damage|p2a: Darkrai|24/100 psn|[from] Stealth Rock
|turn|26
|
|t:|1781449456
|move|p1a: Kingambit|Sucker Punch||[still]
|-fail|p1a: Kingambit
|move|p2a: Darkrai|Will-O-Wisp|p1a: Kingambit|[miss]
|-miss|p2a: Darkrai|p1a: Kingambit
|
|-damage|p2a: Darkrai|11/100 psn|[from] psn
|-damage|p1a: Kingambit|3/100 brn|[from] brn
|upkeep
|turn|27
|
|t:|1781449459
|move|p1a: Kingambit|Sucker Punch|p2a: Darkrai
|-resisted|p2a: Darkrai
|-damage|p2a: Darkrai|0 fnt
|faint|p2a: Darkrai
|
|-damage|p1a: Kingambit|0 fnt|[from] brn
|faint|p1a: Kingambit
|-end|p1a: Kingambit|fallen3|[silent]
|upkeep
|
|t:|1781449461
|switch|p2a: Zamazenta|Zamazenta|37/100
|switch|p1a: Deoxys|Deoxys-Speed|100/100
|-ability|p1a: Deoxys|Pressure
|turn|28
|
|t:|1781449492
|-terastallize|p2a: Zamazenta|Ice
|move|p1a: Deoxys|Superpower|p2a: Zamazenta
|-supereffective|p2a: Zamazenta
|-damage|p2a: Zamazenta|0 fnt
|-unboost|p1a: Deoxys|atk|1
|-unboost|p1a: Deoxys|def|1
|faint|p2a: Zamazenta
|-enditem|p1a: Deoxys|Eject Pack
|
|win|SincereSarje
|raw|SincereSarje's rating: 1622 &rarr; <strong>1642</strong><br />(+20 for winning)
|raw|DriftedEx's rating: 1618 &rarr; <strong>1598</strong><br />(-20 for losing)
|l|☆SincereSarje
|player|p1|
|l|☆DriftedEx
|player|p2|
