|j|☆fifodrummer
|j|☆Rextrox
|t:|1781079166
|gametype|singles
|player|p1|fifodrummer|pokemaniac|1549
|player|p2|Rextrox|birdkeeper-gen4dp|1596
|gen|9
|tier|[Gen 9] OU
|rated|
|rule|HP Percentage Mod: HP is shown in percentages
|rule|Endless Battle Clause: Forcing endless battles is banned
|rule|Species Clause: Limit one of each Pokémon
|rule|OHKO Clause: OHKO moves are banned
|rule|Evasion Items Clause: Evasion items are banned
|rule|Evasion Moves Clause: Evasion moves are banned
|rule|Evasion Abilities Clause: Evasion abilities are banned
|rule|Sleep Moves Clause: Sleep-inducing moves are banned
|clearpoke
|poke|p1|Pelipper, M|
|poke|p1|Raging Bolt|
|poke|p1|Overqwil, M|
|poke|p1|Ogerpon-Wellspring, F|
|poke|p1|Scizor, M|
|poke|p1|Kingdra, F|
|poke|p2|Eelektross, F|
|poke|p2|Deoxys-Speed|
|poke|p2|Iron Valiant|
|poke|p2|Pecharunt|
|poke|p2|Dragonite, F|
|poke|p2|Kingambit, F|
|teampreview
|inactive|Battle timer is ON: inactive players will automatically lose when time's up. (requested by fifodrummer)
|
|t:|1781079182
|teamsize|p1|6
|teamsize|p2|6
|start
|switch|p1a: High AF|Raging Bolt|100/100
|switch|p2a: Deoxys|Deoxys-Speed|100/100
|-ability|p2a: Deoxys|Pressure
|turn|1
|
|t:|1781079189
|move|p2a: Deoxys|Light Screen|p2a: Deoxys
|-sidestart|p2: Rextrox|move: Light Screen
|move|p1a: High AF|Volt Switch|p2a: Deoxys
|-damage|p2a: Deoxys|79/100
|
|t:|1781079194
|-end|p1a: High AF|Protosynthesis|[silent]
|switch|p1a: Iron Claw|Scizor, M, shiny|100/100|[from] Volt Switch
|
|upkeep
|turn|2
|
|t:|1781079198
|move|p2a: Deoxys|Stealth Rock|p1a: Iron Claw
|-sidestart|p1: fifodrummer|move: Stealth Rock
|move|p1a: Iron Claw|Defog|p2a: Deoxys
|-unboost|p2a: Deoxys|evasion|1
|-sideend|p2: Rextrox|move: Light Screen
|-sideend|p1: fifodrummer|Stealth Rock|[from] move: Defog|[of] p1a: Iron Claw
|
|upkeep
|turn|3
|
|t:|1781079205
|move|p2a: Deoxys|Reflect|p2a: Deoxys
|-sidestart|p2: Rextrox|Reflect
|move|p1a: Iron Claw|Swords Dance|p1a: Iron Claw
|-boost|p1a: Iron Claw|atk|2
|
|upkeep
|turn|4
|
|t:|1781079210
|move|p2a: Deoxys|Taunt|p1a: Iron Claw
|-start|p1a: Iron Claw|move: Taunt
|move|p1a: Iron Claw|Dual Wingbeat|p2a: Deoxys
|-damage|p2a: Deoxys|51/100
|-damage|p2a: Deoxys|21/100
|-hitcount|p2a: Deoxys|2
|
|upkeep
|turn|5
|
|t:|1781079219
|move|p1a: Iron Claw|Bullet Punch|p2a: Deoxys
|-damage|p2a: Deoxys|0 fnt
|faint|p2a: Deoxys
|
|upkeep
|
|t:|1781079228
|switch|p2a: GG's|Eelektross, F|100/100
|turn|6
|
|t:|1781079236
|move|p1a: Iron Claw|Dual Wingbeat|p2a: GG's
|-resisted|p2a: GG's
|-damage|p2a: GG's|88/100
|-resisted|p2a: GG's
|-damage|p2a: GG's|76/100
|-hitcount|p2a: GG's|2
|move|p2a: GG's|Coil|p2a: GG's
|-boost|p2a: GG's|atk|1
|-boost|p2a: GG's|def|1
|-boost|p2a: GG's|accuracy|1
|
|-heal|p2a: GG's|82/100|[from] item: Leftovers
|-end|p1a: Iron Claw|move: Taunt
|upkeep
|turn|7
|
|t:|1781079249
|move|p1a: Iron Claw|Defog|p2a: GG's
|-unboost|p2a: GG's|evasion|1
|-sideend|p2: Rextrox|Reflect
|move|p2a: GG's|Supercell Slam|p1a: Iron Claw
|-damage|p1a: Iron Claw|47/100
|
|-heal|p2a: GG's|88/100|[from] item: Leftovers
|upkeep
|turn|8
|
|t:|1781079259
|switch|p1a: High AF|Raging Bolt|100/100
|move|p2a: GG's|Supercell Slam|p1a: High AF
|-resisted|p1a: High AF
|-damage|p1a: High AF|88/100
|
|-heal|p2a: GG's|94/100|[from] item: Leftovers
|upkeep
|turn|9
|
|t:|1781079268
|move|p1a: High AF|Volt Switch|p2a: GG's
|-resisted|p2a: GG's
|-damage|p2a: GG's|80/100
|
|t:|1781079271
|-end|p1a: High AF|Protosynthesis|[silent]
|switch|p1a: Nigel|Pelipper, M|100/100|[from] Volt Switch
|-weather|RainDance|[from] ability: Drizzle|[of] p1a: Nigel
|move|p2a: GG's|Dragon Tail|p1a: Nigel
|-damage|p1a: Nigel|78/100
|drag|p1a: High AF|Raging Bolt|88/100
|
|-weather|RainDance|[upkeep]
|-heal|p2a: GG's|86/100|[from] item: Leftovers
|upkeep
|turn|10
|
|t:|1781079287
|move|p1a: High AF|Weather Ball|p2a: GG's
|-damage|p2a: GG's|41/100
|move|p2a: GG's|Dragon Tail|p1a: High AF
|-supereffective|p1a: High AF
|-damage|p1a: High AF|46/100
|-end|p1a: High AF|Protosynthesis|[silent]
|drag|p1a: I'm a Dragon!?|Kingdra, F|100/100
|
|-weather|RainDance|[upkeep]
|-heal|p2a: GG's|47/100|[from] item: Leftovers
|upkeep
|turn|11
|
|t:|1781079298
|move|p1a: I'm a Dragon!?|Surf|p2a: GG's
|-damage|p2a: GG's|0 fnt
|faint|p2a: GG's
|
|-weather|RainDance|[upkeep]
|upkeep
|inactive|Rextrox has 120 seconds left.
|
|t:|1781079349
|switch|p2a: Dragonite|Dragonite, F|100/100
|turn|12
|
|t:|1781079359
|move|p1a: I'm a Dragon!?|Surf|p2a: Dragonite
|-resisted|p2a: Dragonite
|-crit|p2a: Dragonite
|-damage|p2a: Dragonite|66/100
|move|p2a: Dragonite|Roost|p2a: Dragonite
|-heal|p2a: Dragonite|100/100
|-singleturn|p2a: Dragonite|move: Roost
|
|-weather|RainDance|[upkeep]
|upkeep
|turn|13
|
|t:|1781079369
|switch|p1a: High AF|Raging Bolt|46/100
|move|p2a: Dragonite|Roost||[still]
|-fail|p2a: Dragonite|heal
|
|-weather|RainDance|[upkeep]
|upkeep
|turn|14
|
|t:|1781079376
|move|p1a: High AF|Thunder|p2a: Dragonite
|-damage|p2a: Dragonite|70/100
|-status|p2a: Dragonite|par
|move|p2a: Dragonite|Earthquake|p1a: High AF
|-supereffective|p1a: High AF
|-damage|p1a: High AF|0 fnt
|faint|p1a: High AF
|-end|p1a: High AF|Protosynthesis|[silent]
|
|-weather|RainDance|[upkeep]
|upkeep
|
|t:|1781079388
|switch|p1a: Nigel|Pelipper, M|78/100
|turn|15
|
|t:|1781079394
|move|p2a: Dragonite|Extreme Speed|p1a: Nigel
|-damage|p1a: Nigel|47/100
|move|p1a: Nigel|Ice Beam|p2a: Dragonite
|-supereffective|p2a: Dragonite
|-damage|p2a: Dragonite|0 fnt
|faint|p2a: Dragonite
|
|-weather|RainDance|[upkeep]
|upkeep
|
|t:|1781079402
|switch|p2a: Iron Valiant|Iron Valiant|100/100
|-enditem|p2a: Iron Valiant|Booster Energy
|-activate|p2a: Iron Valiant|ability: Quark Drive|[fromitem]
|-start|p2a: Iron Valiant|quarkdrivespe
|turn|16
|
|t:|1781079410
|-terastallize|p1a: Nigel|Ground
|move|p2a: Iron Valiant|Moonblast|p1a: Nigel
|-damage|p1a: Nigel|0 fnt
|faint|p1a: Nigel
|
|-weather|none
|upkeep
|
|t:|1781079420
|switch|p1a: The Mask|Ogerpon-Wellspring, F|100/100
|turn|17
|
|t:|1781079426
|move|p2a: Iron Valiant|Moonblast|p1a: The Mask
|-damage|p1a: The Mask|43/100
|move|p1a: The Mask|Ivy Cudgel|p2a: Iron Valiant|[anim] Ivy Cudgel Water
|-damage|p2a: Iron Valiant|17/100
|
|upkeep
|turn|18
|
|t:|1781079433
|move|p1a: The Mask|Quick Attack|p2a: Iron Valiant
|-damage|p2a: Iron Valiant|0 fnt
|faint|p2a: Iron Valiant
|-end|p2a: Iron Valiant|Quark Drive|[silent]
|
|upkeep
|
|t:|1781079440
|switch|p2a: Kingambit|Kingambit, F|100/100
|-activate|p2a: Kingambit|ability: Supreme Overlord
|-start|p2a: Kingambit|fallen4|[silent]
|turn|19
|
|t:|1781079445
|move|p1a: The Mask|Ivy Cudgel|p2a: Kingambit|[anim] Ivy Cudgel Water
|-damage|p2a: Kingambit|58/100
|move|p2a: Kingambit|Kowtow Cleave|p1a: The Mask
|-crit|p1a: The Mask
|-damage|p1a: The Mask|0 fnt
|faint|p1a: The Mask
|
|upkeep
|
|t:|1781079457
|switch|p1a: I'm a Dragon!?|Kingdra, F|100/100
|turn|20
|
|t:|1781079461
|move|p2a: Kingambit|Sucker Punch|p1a: I'm a Dragon!?
|-damage|p1a: I'm a Dragon!?|35/100
|move|p1a: I'm a Dragon!?|Surf|p2a: Kingambit
|-damage|p2a: Kingambit|0 fnt
|faint|p2a: Kingambit
|-end|p2a: Kingambit|fallen4|[silent]
|
|upkeep
|
|t:|1781079465
|switch|p2a: Pecharunt|Pecharunt|100/100
|turn|21
|
|t:|1781079472
|move|p2a: Pecharunt|Malignant Chain|p1a: I'm a Dragon!?
|-damage|p1a: I'm a Dragon!?|0 fnt
|faint|p1a: I'm a Dragon!?
|
|upkeep
|
|t:|1781079478
|switch|p1a: Spike|Overqwil, M, shiny|100/100
|turn|22
|
|t:|1781079488
|-terastallize|p2a: Pecharunt|Dark
|move|p2a: Pecharunt|Malignant Chain|p1a: Spike
|-resisted|p1a: Spike
|-damage|p1a: Spike|78/100
|move|p1a: Spike|Crunch|p2a: Pecharunt
|-resisted|p2a: Pecharunt
|-damage|p2a: Pecharunt|83/100
|-damage|p1a: Spike|68/100|[from] item: Life Orb
|
|upkeep
|turn|23
|
|t:|1781079499
|move|p2a: Pecharunt|Malignant Chain|p1a: Spike
|-resisted|p1a: Spike
|-damage|p1a: Spike|46/100
|move|p1a: Spike|Poison Jab|p2a: Pecharunt
|-damage|p2a: Pecharunt|50/100
|-damage|p1a: Spike|36/100|[from] item: Life Orb
|
|upkeep
|turn|24
|
|t:|1781079507
|move|p2a: Pecharunt|Malignant Chain|p1a: Spike
|-resisted|p1a: Spike
|-damage|p1a: Spike|13/100
|move|p1a: Spike|Poison Jab|p2a: Pecharunt
|-damage|p2a: Pecharunt|20/100
|-damage|p1a: Spike|3/100|[from] item: Life Orb
|
|upkeep
|turn|25
|j| Easontom
|
|t:|1781079516
|move|p2a: Pecharunt|Recover|p2a: Pecharunt
|-heal|p2a: Pecharunt|70/100
|move|p1a: Spike|Poison Jab|p2a: Pecharunt
|-damage|p2a: Pecharunt|36/100
|-damage|p1a: Spike|0 fnt|[from] item: Life Orb
|faint|p1a: Spike
|
|upkeep
|
|t:|1781079524
|switch|p1a: Iron Claw|Scizor, M, shiny|47/100
|turn|26
|
|t:|1781079528
|move|p2a: Pecharunt|Recover|p2a: Pecharunt
|-heal|p2a: Pecharunt|86/100
|move|p1a: Iron Claw|Swords Dance|p1a: Iron Claw
|-boost|p1a: Iron Claw|atk|2
|
|upkeep
|turn|27
|
|t:|1781079535
|move|p2a: Pecharunt|Shadow Ball|p1a: Iron Claw
|-damage|p1a: Iron Claw|12/100
|move|p1a: Iron Claw|Dual Wingbeat|p2a: Pecharunt|[miss]
|-miss|p1a: Iron Claw|p2a: Pecharunt
|
|upkeep
|turn|28
|
|t:|1781079542
|move|p1a: Iron Claw|Bullet Punch|p2a: Pecharunt
|-damage|p2a: Pecharunt|44/100
|move|p2a: Pecharunt|Shadow Ball|p1a: Iron Claw
|-damage|p1a: Iron Claw|0 fnt
|faint|p1a: Iron Claw
|
|win|Rextrox
|raw|fifodrummer's rating: 1549 &rarr; <strong>1532</strong><br />(-17 for losing)
|raw|Rextrox's rating: 1596 &rarr; <strong>1613</strong><br />(+17 for winning)
|c|☆Rextrox|gg
|c|☆fifodrummer|Ggs
|l|☆Rextrox
|player|p2|
|l| Easontom
