|j|☆n1ghtzz33
|j|☆LowEL0God
|t:|1781282217
|gametype|singles
|player|p1|n1ghtzz33|parasollady|1570
|player|p2|LowEL0God|265|1576
|gen|9
|tier|[Gen 9] OU
|rated|
|rule|HP Percentage Mod: HP is shown in percentages
|rule|Endless Battle Clause: Forcing endless battles is banned
|rule|Species Clause: Limit one of each Pokémon
|rule|OHKO Clause: OHKO moves are banned
|rule|Evasion Items Clause: Evasion items are banned
|rule|Evasion Moves Clause: Evasion moves are banned
|rule|Evasion Abilities Clause: Evasion abilities are banned
|rule|Sleep Moves Clause: Sleep-inducing moves are banned
|clearpoke
|poke|p1|Corviknight, M|
|poke|p1|Clefable, F|
|poke|p1|Alomomola, F|
|poke|p1|Clodsire, F|
|poke|p1|Toxapex, F|
|poke|p1|Quagsire, F|
|poke|p2|Pelipper, M|
|poke|p2|Raging Bolt|
|poke|p2|Overqwil, M|
|poke|p2|Barraskewda, M|
|poke|p2|Iron Treads|
|poke|p2|Kingambit, F|
|teampreview
|c|☆LowEL0God|hf
|inactive|Battle timer is ON: inactive players will automatically lose when time's up. (requested by LowEL0God)
|
|t:|1781282233
|teamsize|p1|6
|teamsize|p2|6
|start
|switch|p1a: Quagsire|Quagsire, F|100/100
|switch|p2a: Kingambit|Kingambit, F|100/100
|turn|1
|inactive|n1ghtzz33 also wants the timer to be on.
|
|t:|1781282247
|move|p2a: Kingambit|Swords Dance|p2a: Kingambit
|-boost|p2a: Kingambit|atk|2
|move|p1a: Quagsire|Stealth Rock|p2a: Kingambit
|-sidestart|p2: LowEL0God|move: Stealth Rock
|
|upkeep
|turn|2
|
|t:|1781282262
|move|p2a: Kingambit|Kowtow Cleave|p1a: Quagsire
|-damage|p1a: Quagsire|68/100
|move|p1a: Quagsire|Counter|p2a: Kingambit
|-damage|p2a: Kingambit|37/100
|
|-heal|p2a: Kingambit|43/100|[from] item: Leftovers
|upkeep
|turn|3
|
|t:|1781282280
|move|p2a: Kingambit|Swords Dance|p2a: Kingambit
|-boost|p2a: Kingambit|atk|2
|move|p1a: Quagsire|Recover|p1a: Quagsire
|-heal|p1a: Quagsire|100/100
|
|-heal|p2a: Kingambit|50/100|[from] item: Leftovers
|upkeep
|turn|4
|
|t:|1781282293
|switch|p1a: Corviknight|Corviknight, M|100/100
|-ability|p1a: Corviknight|Pressure
|move|p2a: Kingambit|Swords Dance|p2a: Kingambit
|-boost|p2a: Kingambit|atk|2
|
|-heal|p2a: Kingambit|56/100|[from] item: Leftovers
|upkeep
|turn|5
|
|t:|1781282307
|switch|p1a: Quagsire|Quagsire, F|100/100
|-terastallize|p2a: Kingambit|Dark
|move|p2a: Kingambit|Kowtow Cleave|p1a: Quagsire
|-damage|p1a: Quagsire|56/100
|
|-heal|p2a: Kingambit|62/100|[from] item: Leftovers
|upkeep
|turn|6
|
|t:|1781282323
|move|p2a: Kingambit|Iron Head|p1a: Quagsire
|-resisted|p1a: Quagsire
|-damage|p1a: Quagsire|41/100
|move|p1a: Quagsire|Recover|p1a: Quagsire
|-heal|p1a: Quagsire|91/100
|
|-heal|p2a: Kingambit|68/100|[from] item: Leftovers
|upkeep
|turn|7
|
|t:|1781282333
|move|p2a: Kingambit|Iron Head|p1a: Quagsire
|-resisted|p1a: Quagsire
|-damage|p1a: Quagsire|76/100
|move|p1a: Quagsire|Counter|p2a: Kingambit
|-damage|p2a: Kingambit|39/100
|
|-heal|p2a: Kingambit|45/100|[from] item: Leftovers
|upkeep
|turn|8
|
|t:|1781282343
|move|p2a: Kingambit|Swords Dance|p2a: Kingambit
|-boost|p2a: Kingambit|atk|0
|move|p1a: Quagsire|Counter||[still]
|-fail|p1a: Quagsire
|
|-heal|p2a: Kingambit|51/100|[from] item: Leftovers
|upkeep
|turn|9
|
|t:|1781282350
|move|p2a: Kingambit|Iron Head|p1a: Quagsire
|-resisted|p1a: Quagsire
|-damage|p1a: Quagsire|59/100
|move|p1a: Quagsire|Counter|p2a: Kingambit
|-damage|p2a: Kingambit|17/100
|
|-heal|p2a: Kingambit|23/100|[from] item: Leftovers
|upkeep
|turn|10
|
|t:|1781282360
|move|p2a: Kingambit|Swords Dance|p2a: Kingambit
|-boost|p2a: Kingambit|atk|0
|move|p1a: Quagsire|Recover|p1a: Quagsire
|-heal|p1a: Quagsire|100/100
|
|-heal|p2a: Kingambit|29/100|[from] item: Leftovers
|upkeep
|turn|11
|
|t:|1781282367
|move|p2a: Kingambit|Swords Dance|p2a: Kingambit
|-boost|p2a: Kingambit|atk|0
|move|p1a: Quagsire|Toxic|p2a: Kingambit
|-status|p2a: Kingambit|tox
|
|-heal|p2a: Kingambit|36/100 tox|[from] item: Leftovers
|-damage|p2a: Kingambit|29/100 tox|[from] psn
|upkeep
|turn|12
|
|t:|1781282374
|move|p2a: Kingambit|Kowtow Cleave|p1a: Quagsire
|-damage|p1a: Quagsire|56/100
|move|p1a: Quagsire|Recover|p1a: Quagsire
|-heal|p1a: Quagsire|100/100
|
|-heal|p2a: Kingambit|36/100 tox|[from] item: Leftovers
|-damage|p2a: Kingambit|23/100 tox|[from] psn
|upkeep
|turn|13
|
|t:|1781282383
|move|p2a: Kingambit|Kowtow Cleave|p1a: Quagsire
|-damage|p1a: Quagsire|55/100
|move|p1a: Quagsire|Recover|p1a: Quagsire
|-heal|p1a: Quagsire|100/100
|
|-heal|p2a: Kingambit|29/100 tox|[from] item: Leftovers
|-damage|p2a: Kingambit|11/100 tox|[from] psn
|upkeep
|turn|14
|
|t:|1781282392
|move|p2a: Kingambit|Kowtow Cleave|p1a: Quagsire
|-damage|p1a: Quagsire|50/100
|move|p1a: Quagsire|Recover|p1a: Quagsire
|-heal|p1a: Quagsire|99/100
|
|-heal|p2a: Kingambit|17/100 tox|[from] item: Leftovers
|-damage|p2a: Kingambit|0 fnt|[from] psn
|faint|p2a: Kingambit
|-end|p2a: Kingambit|fallenundefined|[silent]
|upkeep
|
|t:|1781282393
|switch|p2a: Iron Treads|Iron Treads|100/100
|-damage|p2a: Iron Treads|97/100|[from] Stealth Rock
|-enditem|p2a: Iron Treads|Booster Energy
|-activate|p2a: Iron Treads|ability: Quark Drive|[fromitem]
|-start|p2a: Iron Treads|quarkdrivespe
|turn|15
|
|t:|1781282406
|move|p2a: Iron Treads|Rapid Spin|p1a: Quagsire
|-damage|p1a: Quagsire|93/100
|-boost|p2a: Iron Treads|spe|1
|-sideend|p2: LowEL0God|Stealth Rock|[from] move: Rapid Spin|[of] p2a: Iron Treads
|move|p1a: Quagsire|Counter|p2a: Iron Treads
|-damage|p2a: Iron Treads|81/100
|
|upkeep
|turn|16
|
|t:|1781282421
|switch|p1a: Corviknight|Corviknight, M|100/100
|-ability|p1a: Corviknight|Pressure
|move|p2a: Iron Treads|Stealth Rock|p1a: Corviknight
|-sidestart|p1: n1ghtzz33|move: Stealth Rock
|
|upkeep
|turn|17
|
|t:|1781282435
|-end|p2a: Iron Treads|Quark Drive|[silent]
|switch|p2a: Pelipper|Pelipper, M|100/100
|-weather|RainDance|[from] ability: Drizzle|[of] p2a: Pelipper
|switch|p1a: Alomomola|Alomomola, F|100/100
|
|-weather|RainDance|[upkeep]
|upkeep
|turn|18
|
|t:|1781282449
|move|p2a: Pelipper|Hurricane|p1a: Alomomola
|-damage|p1a: Alomomola|69/100
|-start|p1a: Alomomola|confusion
|-activate|p1a: Alomomola|confusion
|move|p1a: Alomomola|Flip Turn|p2a: Pelipper
|-resisted|p2a: Pelipper
|-damage|p2a: Pelipper|90/100
|
|t:|1781282468
|switch|p1a: Clefable|Clefable, F|100/100|[from] Flip Turn
|
|-weather|RainDance|[upkeep]
|upkeep
|turn|19
|
|t:|1781282482
|move|p2a: Pelipper|Roost|p2a: Pelipper
|-heal|p2a: Pelipper|100/100
|-singleturn|p2a: Pelipper|move: Roost
|move|p1a: Clefable|Moonblast|p2a: Pelipper
|-damage|p2a: Pelipper|57/100
|-unboost|p2a: Pelipper|spa|1
|
|-weather|RainDance|[upkeep]
|upkeep
|turn|20
|
|t:|1781282496
|switch|p2a: Iron Treads|Iron Treads|81/100
|move|p1a: Clefable|Moonblast|p2a: Iron Treads
|-resisted|p2a: Iron Treads
|-damage|p2a: Iron Treads|57/100
|-unboost|p2a: Iron Treads|spa|1
|
|-weather|RainDance|[upkeep]
|upkeep
|turn|21
|
|t:|1781282510
|move|p2a: Iron Treads|Earth Power|p1a: Clefable
|-damage|p1a: Clefable|83/100
|move|p1a: Clefable|Moonblast|p2a: Iron Treads
|-resisted|p2a: Iron Treads
|-damage|p2a: Iron Treads|34/100
|-unboost|p2a: Iron Treads|spa|1
|
|-weather|RainDance|[upkeep]
|-heal|p1a: Clefable|89/100|[from] item: Leftovers
|upkeep
|turn|22
|
|t:|1781282517
|-end|p2a: Iron Treads|Quark Drive|[silent]
|switch|p2a: Overqwil|Overqwil, M|100/100
|switch|p1a: Alomomola|Alomomola, F|100/100
|
|-weather|RainDance|[upkeep]
|upkeep
|turn|23
|
|t:|1781282531
|move|p2a: Overqwil|Swords Dance|p2a: Overqwil
|-boost|p2a: Overqwil|atk|2
|move|p1a: Alomomola|Flip Turn|p2a: Overqwil
|-damage|p2a: Overqwil|72/100
|inactive|n1ghtzz33 has 120 seconds left.
|
|t:|1781282548
|switch|p1a: Quagsire|Quagsire, F|93/100|[from] Flip Turn
|
|-weather|RainDance|[upkeep]
|upkeep
|turn|24
|inactive|n1ghtzz33 has 120 seconds left.
|
|t:|1781282562
|move|p2a: Overqwil|Swords Dance|p2a: Overqwil
|-boost|p2a: Overqwil|atk|2
|move|p1a: Quagsire|Stealth Rock|p2a: Overqwil
|-sidestart|p2: LowEL0God|move: Stealth Rock
|
|-weather|none
|upkeep
|turn|25
|inactive|n1ghtzz33 has 120 seconds left.
|
|t:|1781282575
|move|p2a: Overqwil|Swords Dance|p2a: Overqwil
|-boost|p2a: Overqwil|atk|2
|move|p1a: Quagsire|Counter||[still]
|-fail|p1a: Quagsire
|
|upkeep
|turn|26
|inactive|n1ghtzz33 has 120 seconds left.
|
|t:|1781282589
|move|p2a: Overqwil|Swords Dance|p2a: Overqwil
|-boost|p2a: Overqwil|atk|0
|move|p1a: Quagsire|Counter||[still]
|-fail|p1a: Quagsire
|
|upkeep
|turn|27
|inactive|n1ghtzz33 has 120 seconds left.
|
|t:|1781282602
|move|p2a: Overqwil|Swords Dance|p2a: Overqwil
|-boost|p2a: Overqwil|atk|0
|move|p1a: Quagsire|Counter||[still]
|-fail|p1a: Quagsire
|
|upkeep
|turn|28
|inactive|n1ghtzz33 has 120 seconds left.
|
|t:|1781282616
|move|p2a: Overqwil|Swords Dance|p2a: Overqwil
|-boost|p2a: Overqwil|atk|0
|move|p1a: Quagsire|Counter||[still]
|-fail|p1a: Quagsire
|
|upkeep
|turn|29
|inactive|n1ghtzz33 has 120 seconds left.
|
|t:|1781282629
|move|p2a: Overqwil|Swords Dance|p2a: Overqwil
|-boost|p2a: Overqwil|atk|0
|move|p1a: Quagsire|Counter||[still]
|-fail|p1a: Quagsire
|
|upkeep
|turn|30
|inactive|n1ghtzz33 has 120 seconds left.
|
|t:|1781282643
|move|p2a: Overqwil|Swords Dance|p2a: Overqwil
|-boost|p2a: Overqwil|atk|0
|move|p1a: Quagsire|Counter||[still]
|-fail|p1a: Quagsire
|
|upkeep
|turn|31
|inactive|n1ghtzz33 has 120 seconds left.
|
|t:|1781282656
|move|p2a: Overqwil|Swords Dance|p2a: Overqwil
|-boost|p2a: Overqwil|atk|0
|move|p1a: Quagsire|Counter||[still]
|-fail|p1a: Quagsire
|
|upkeep
|turn|32
|inactive|n1ghtzz33 has 120 seconds left.
|
|t:|1781282670
|move|p2a: Overqwil|Swords Dance|p2a: Overqwil
|-boost|p2a: Overqwil|atk|0
|move|p1a: Quagsire|Counter||[still]
|-fail|p1a: Quagsire
|
|upkeep
|turn|33
|inactive|n1ghtzz33 has 120 seconds left.
|
|t:|1781282684
|move|p2a: Overqwil|Swords Dance|p2a: Overqwil
|-boost|p2a: Overqwil|atk|0
|move|p1a: Quagsire|Counter||[still]
|-fail|p1a: Quagsire
|
|upkeep
|turn|34
|inactive|n1ghtzz33 has 120 seconds left.
|
|t:|1781282697
|move|p2a: Overqwil|Swords Dance|p2a: Overqwil
|-boost|p2a: Overqwil|atk|0
|move|p1a: Quagsire|Counter||[still]
|-fail|p1a: Quagsire
|
|upkeep
|turn|35
|inactive|n1ghtzz33 has 120 seconds left.
|
|t:|1781282711
|move|p2a: Overqwil|Swords Dance|p2a: Overqwil
|-boost|p2a: Overqwil|atk|0
|move|p1a: Quagsire|Counter||[still]
|-fail|p1a: Quagsire
|
|upkeep
|turn|36
|inactive|n1ghtzz33 has 120 seconds left.
|
|t:|1781282724
|move|p2a: Overqwil|Swords Dance|p2a: Overqwil
|-boost|p2a: Overqwil|atk|0
|move|p1a: Quagsire|Counter||[still]
|-fail|p1a: Quagsire
|
|upkeep
|turn|37
|inactive|n1ghtzz33 has 120 seconds left.
|
|t:|1781282738
|move|p2a: Overqwil|Swords Dance|p2a: Overqwil
|-boost|p2a: Overqwil|atk|0
|move|p1a: Quagsire|Counter||[still]
|-fail|p1a: Quagsire
|
|upkeep
|turn|38
|inactive|n1ghtzz33 has 120 seconds left.
|
|t:|1781282752
|move|p2a: Overqwil|Swords Dance|p2a: Overqwil
|-boost|p2a: Overqwil|atk|0
|move|p1a: Quagsire|Counter||[still]
|-fail|p1a: Quagsire
|
|upkeep
|turn|39
|inactive|n1ghtzz33 has 120 seconds left.
|
|t:|1781282766
|move|p2a: Overqwil|Swords Dance|p2a: Overqwil
|-boost|p2a: Overqwil|atk|0
|move|p1a: Quagsire|Counter||[still]
|-fail|p1a: Quagsire
|
|upkeep
|turn|40
|inactive|n1ghtzz33 has 120 seconds left.
|
|t:|1781282779
|move|p2a: Overqwil|Swords Dance|p2a: Overqwil
|-boost|p2a: Overqwil|atk|0
|move|p1a: Quagsire|Counter||[still]
|-fail|p1a: Quagsire
|
|upkeep
|turn|41
|inactive|n1ghtzz33 has 120 seconds left.
|
|t:|1781282793
|move|p2a: Overqwil|Swords Dance|p2a: Overqwil
|-boost|p2a: Overqwil|atk|0
|move|p1a: Quagsire|Counter||[still]
|-fail|p1a: Quagsire
|
|upkeep
|turn|42
|inactive|n1ghtzz33 has 120 seconds left.
|
|t:|1781282807
|move|p2a: Overqwil|Swords Dance|p2a: Overqwil
|-boost|p2a: Overqwil|atk|0
|move|p1a: Quagsire|Counter||[still]
|-fail|p1a: Quagsire
|
|upkeep
|turn|43
|inactive|n1ghtzz33 has 120 seconds left.
|
|t:|1781282820
|move|p2a: Overqwil|Swords Dance|p2a: Overqwil
|-boost|p2a: Overqwil|atk|0
|move|p1a: Quagsire|Counter||[still]
|-fail|p1a: Quagsire
|
|upkeep
|turn|44
|inactive|n1ghtzz33 has 120 seconds left.
|
|t:|1781282834
|move|p2a: Overqwil|Swords Dance|p2a: Overqwil
|-boost|p2a: Overqwil|atk|0
|move|p1a: Quagsire|Counter||[still]
|-fail|p1a: Quagsire
|
|upkeep
|turn|45
|inactive|n1ghtzz33 has 120 seconds left.
|
|t:|1781282848
|move|p2a: Overqwil|Swords Dance|p2a: Overqwil
|-boost|p2a: Overqwil|atk|0
|move|p1a: Quagsire|Counter||[still]
|-fail|p1a: Quagsire
|
|upkeep
|turn|46
|inactive|n1ghtzz33 has 120 seconds left.
|
|t:|1781282861
|move|p2a: Overqwil|Swords Dance|p2a: Overqwil
|-boost|p2a: Overqwil|atk|0
|move|p1a: Quagsire|Counter||[still]
|-fail|p1a: Quagsire
|
|upkeep
|turn|47
|inactive|n1ghtzz33 has 120 seconds left.
|
|t:|1781282875
|move|p2a: Overqwil|Swords Dance|p2a: Overqwil
|-boost|p2a: Overqwil|atk|0
|move|p1a: Quagsire|Counter||[still]
|-fail|p1a: Quagsire
|
|upkeep
|turn|48
|inactive|n1ghtzz33 has 120 seconds left.
|
|t:|1781282888
|move|p2a: Overqwil|Swords Dance|p2a: Overqwil
|-boost|p2a: Overqwil|atk|0
|move|p1a: Quagsire|Counter||[still]
|-fail|p1a: Quagsire
|
|upkeep
|turn|49
|inactive|n1ghtzz33 has 120 seconds left.
|
|t:|1781282902
|move|p2a: Overqwil|Swords Dance|p2a: Overqwil
|-boost|p2a: Overqwil|atk|0
|move|p1a: Quagsire|Counter||[still]
|-fail|p1a: Quagsire
|
|upkeep
|turn|50
|inactive|n1ghtzz33 has 120 seconds left.
|
|t:|1781282916
|move|p2a: Overqwil|Swords Dance|p2a: Overqwil
|-boost|p2a: Overqwil|atk|0
|move|p1a: Quagsire|Recover|p1a: Quagsire
|-heal|p1a: Quagsire|100/100
|
|upkeep
|turn|51
|inactive|n1ghtzz33 has 120 seconds left.
|
|t:|1781282929
|move|p2a: Overqwil|Swords Dance|p2a: Overqwil
|-boost|p2a: Overqwil|atk|0
|move|p1a: Quagsire|Counter||[still]
|-fail|p1a: Quagsire
|
|upkeep
|turn|52
|inactive|n1ghtzz33 has 120 seconds left.
|
|t:|1781282943
|move|p2a: Overqwil|Swords Dance|p2a: Overqwil
|-boost|p2a: Overqwil|atk|0
|move|p1a: Quagsire|Toxic|p2a: Overqwil
|-immune|p2a: Overqwil
|
|upkeep
|turn|53
|inactive|n1ghtzz33 has 120 seconds left.
|
|t:|1781282957
|move|p2a: Overqwil|Swords Dance|p2a: Overqwil
|-boost|p2a: Overqwil|atk|0
|move|p1a: Quagsire|Counter||[still]
|-fail|p1a: Quagsire
|
|upkeep
|turn|54
|inactive|n1ghtzz33 has 120 seconds left.
|
|t:|1781282970
|switch|p1a: Clefable|Clefable, F|89/100
|move|p2a: Overqwil|Crunch|p1a: Clefable
|-resisted|p1a: Clefable
|-damage|p1a: Clefable|0 fnt
|faint|p1a: Clefable
|-damage|p2a: Overqwil|62/100|[from] item: Life Orb
|
|upkeep
|inactive|n1ghtzz33 has 120 seconds left.
|
|t:|1781282985
|switch|p1a: Clodsire|Clodsire, F|100/100
|turn|55
|inactive|n1ghtzz33 has 120 seconds left.
|
|t:|1781282999
|-terastallize|p1a: Clodsire|Steel
|move|p2a: Overqwil|Crunch|p1a: Clodsire
|-damage|p1a: Clodsire|37/100
|-damage|p2a: Overqwil|52/100|[from] item: Life Orb
|move|p1a: Clodsire|Earthquake|p2a: Overqwil
|-supereffective|p2a: Overqwil
|-damage|p2a: Overqwil|0 fnt
|faint|p2a: Overqwil
|
|upkeep
|
|t:|1781283002
|switch|p2a: Iron Treads|Iron Treads|34/100
|-damage|p2a: Iron Treads|30/100|[from] Stealth Rock
|turn|56
|
|t:|1781283009
|switch|p1a: Alomomola|Alomomola, F|100/100
|move|p2a: Iron Treads|Earth Power|p1a: Alomomola
|-damage|p1a: Alomomola|69/100
|
|upkeep
|turn|57
|
|t:|1781283016
|move|p2a: Iron Treads|Rapid Spin|p1a: Alomomola
|-damage|p1a: Alomomola|63/100
|-boost|p2a: Iron Treads|spe|1
|-sideend|p2: LowEL0God|Stealth Rock|[from] move: Rapid Spin|[of] p2a: Iron Treads
|move|p1a: Alomomola|Flip Turn|p2a: Iron Treads
|-supereffective|p2a: Iron Treads
|-damage|p2a: Iron Treads|0 fnt
|faint|p2a: Iron Treads
|-end|p2a: Iron Treads|Quark Drive|[silent]
|
|t:|1781283023
|switch|p1a: Clodsire|Clodsire, F, tera:Steel|37/100|[from] Flip Turn
|
|upkeep
|
|t:|1781283023
|switch|p2a: Raging Bolt|Raging Bolt|100/100
|-enditem|p2a: Raging Bolt|Booster Energy
|-activate|p2a: Raging Bolt|ability: Protosynthesis|[fromitem]
|-start|p2a: Raging Bolt|protosynthesisspa
|turn|58
|
|t:|1781283037
|move|p2a: Raging Bolt|Thunder|p1a: Clodsire|[miss]
|-miss|p2a: Raging Bolt|p1a: Clodsire
|move|p1a: Clodsire|Recover|p1a: Clodsire
|-heal|p1a: Clodsire|88/100
|
|upkeep
|turn|59
|
|t:|1781283051
|move|p2a: Raging Bolt|Thunder|p1a: Clodsire
|-damage|p1a: Clodsire|46/100
|move|p1a: Clodsire|Recover|p1a: Clodsire
|-heal|p1a: Clodsire|96/100
|
|upkeep
|turn|60
|
|t:|1781283065
|-end|p2a: Raging Bolt|Protosynthesis|[silent]
|switch|p2a: Pelipper|Pelipper, M|57/100
|-weather|RainDance|[from] ability: Drizzle|[of] p2a: Pelipper
|move|p1a: Clodsire|Toxic|p2a: Pelipper|[miss]
|-miss|p1a: Clodsire|p2a: Pelipper
|
|-weather|RainDance|[upkeep]
|upkeep
|turn|61
|
|t:|1781283079
|move|p2a: Pelipper|Roost|p2a: Pelipper
|-heal|p2a: Pelipper|100/100
|-singleturn|p2a: Pelipper|move: Roost
|move|p1a: Clodsire|Toxic|p2a: Pelipper
|-status|p2a: Pelipper|tox
|
|-weather|RainDance|[upkeep]
|-damage|p2a: Pelipper|94/100 tox|[from] psn
|upkeep
|turn|62
|
|t:|1781283093
|switch|p2a: Barraskewda|Barraskewda, M|100/100
|move|p1a: Clodsire|Earthquake|p2a: Barraskewda
|-damage|p2a: Barraskewda|43/100
|
|-weather|RainDance|[upkeep]
|upkeep
|turn|63
|
|t:|1781283108
|switch|p1a: Toxapex|Toxapex, F|100/100
|move|p2a: Barraskewda|Liquidation|p1a: Toxapex
|-resisted|p1a: Toxapex
|-damage|p1a: Toxapex|68/100
|
|-weather|RainDance|[upkeep]
|upkeep
|turn|64
|j| nesnot
|
|t:|1781283122
|move|p2a: Barraskewda|Liquidation|p1a: Toxapex
|-resisted|p1a: Toxapex
|-damage|p1a: Toxapex|39/100
|move|p1a: Toxapex|Toxic|p2a: Barraskewda
|-status|p2a: Barraskewda|tox
|
|-weather|RainDance|[upkeep]
|-damage|p2a: Barraskewda|36/100 tox|[from] psn
|upkeep
|turn|65
|
|t:|1781283136
|move|p2a: Barraskewda|Liquidation|p1a: Toxapex
|-resisted|p1a: Toxapex
|-damage|p1a: Toxapex|9/100
|move|p1a: Toxapex|Recover|p1a: Toxapex
|-heal|p1a: Toxapex|59/100
|
|-weather|RainDance|[upkeep]
|-damage|p2a: Barraskewda|24/100 tox|[from] psn
|upkeep
|turn|66
|
|t:|1781283150
|switch|p2a: Raging Bolt|Raging Bolt|100/100
|move|p1a: Toxapex|Recover|p1a: Toxapex
|-heal|p1a: Toxapex|100/100
|
|-weather|RainDance|[upkeep]
|upkeep
|turn|67
|
|t:|1781283164
|switch|p1a: Clodsire|Clodsire, F, tera:Steel|96/100
|move|p2a: Raging Bolt|Thunder|p1a: Clodsire
|-damage|p1a: Clodsire|63/100
|
|-weather|none
|upkeep
|turn|68
|
|t:|1781283178
|move|p2a: Raging Bolt|Thunder|p1a: Clodsire
|-damage|p1a: Clodsire|27/100
|move|p1a: Clodsire|Recover|p1a: Clodsire
|-heal|p1a: Clodsire|77/100
|
|upkeep
|turn|69
|
|t:|1781283193
|move|p2a: Raging Bolt|Thunder|p1a: Clodsire|[miss]
|-miss|p2a: Raging Bolt|p1a: Clodsire
|move|p1a: Clodsire|Earthquake|p2a: Raging Bolt
|-supereffective|p2a: Raging Bolt
|-damage|p2a: Raging Bolt|54/100
|
|upkeep
|turn|70
|
|t:|1781283208
|move|p2a: Raging Bolt|Thunder|p1a: Clodsire|[miss]
|-miss|p2a: Raging Bolt|p1a: Clodsire
|move|p1a: Clodsire|Earthquake|p2a: Raging Bolt
|-supereffective|p2a: Raging Bolt
|-damage|p2a: Raging Bolt|10/100
|
|upkeep
|turn|71
|
|t:|1781283222
|move|p2a: Raging Bolt|Thunder|p1a: Clodsire
|-damage|p1a: Clodsire|43/100
|move|p1a: Clodsire|Earthquake|p2a: Raging Bolt
|-supereffective|p2a: Raging Bolt
|-damage|p2a: Raging Bolt|0 fnt
|faint|p2a: Raging Bolt
|-end|p2a: Raging Bolt|Protosynthesis|[silent]
|
|upkeep
|
|t:|1781283223
|switch|p2a: Barraskewda|Barraskewda, M|24/100 tox
|turn|72
|
|t:|1781283236
|switch|p1a: Toxapex|Toxapex, F|100/100
|move|p2a: Barraskewda|Close Combat|p1a: Toxapex
|-resisted|p1a: Toxapex
|-damage|p1a: Toxapex|81/100
|-unboost|p2a: Barraskewda|def|1
|-unboost|p2a: Barraskewda|spd|1
|
|-damage|p2a: Barraskewda|18/100 tox|[from] psn
|upkeep
|turn|73
|
|t:|1781283250
|move|p2a: Barraskewda|Close Combat|p1a: Toxapex
|-resisted|p1a: Toxapex
|-damage|p1a: Toxapex|60/100
|-unboost|p2a: Barraskewda|def|1
|-unboost|p2a: Barraskewda|spd|1
|move|p1a: Toxapex|Poison Jab|p2a: Barraskewda
|-damage|p2a: Barraskewda|0 fnt
|faint|p2a: Barraskewda
|
|upkeep
|
|t:|1781283251
|switch|p2a: Pelipper|Pelipper, M|94/100 tox
|-weather|RainDance|[from] ability: Drizzle|[of] p2a: Pelipper
|turn|74
|
|t:|1781283265
|switch|p1a: Clodsire|Clodsire, F, tera:Steel|43/100
|move|p2a: Pelipper|Hurricane|p1a: Clodsire
|-resisted|p1a: Clodsire
|-damage|p1a: Clodsire|33/100
|
|-weather|RainDance|[upkeep]
|-damage|p2a: Pelipper|88/100 tox|[from] psn
|upkeep
|turn|75
|
|t:|1781283279
|move|p2a: Pelipper|Weather Ball|p1a: Clodsire
|-damage|p1a: Clodsire|7/100
|move|p1a: Clodsire|Recover|p1a: Clodsire
|-heal|p1a: Clodsire|57/100
|
|-weather|RainDance|[upkeep]
|-damage|p2a: Pelipper|76/100 tox|[from] psn
|upkeep
|turn|76
|
|t:|1781283287
|move|p2a: Pelipper|Weather Ball|p1a: Clodsire
|-damage|p1a: Clodsire|31/100
|move|p1a: Clodsire|Recover|p1a: Clodsire
|-heal|p1a: Clodsire|81/100
|
|-weather|RainDance|[upkeep]
|-damage|p2a: Pelipper|57/100 tox|[from] psn
|upkeep
|turn|77
|l| nesnot
|
|t:|1781283294
|move|p2a: Pelipper|Roost|p2a: Pelipper
|-heal|p2a: Pelipper|100/100 tox
|-singleturn|p2a: Pelipper|move: Roost
|move|p1a: Clodsire|Earthquake|p2a: Pelipper
|-damage|p2a: Pelipper|81/100 tox
|
|-weather|RainDance|[upkeep]
|-damage|p2a: Pelipper|56/100 tox|[from] psn
|upkeep
|turn|78
|
|t:|1781283301
|move|p2a: Pelipper|Roost|p2a: Pelipper
|-heal|p2a: Pelipper|100/100 tox
|-singleturn|p2a: Pelipper|move: Roost
|move|p1a: Clodsire|Recover|p1a: Clodsire
|-heal|p1a: Clodsire|100/100
|
|-weather|RainDance|[upkeep]
|-damage|p2a: Pelipper|70/100 tox|[from] psn
|upkeep
|turn|79
|j| nesnot
|l| nesnot
|
|t:|1781283308
|move|p2a: Pelipper|Roost|p2a: Pelipper
|-heal|p2a: Pelipper|100/100 tox
|-singleturn|p2a: Pelipper|move: Roost
|move|p1a: Clodsire|Earthquake|p2a: Pelipper
|-damage|p2a: Pelipper|81/100 tox
|
|-weather|RainDance|[upkeep]
|-damage|p2a: Pelipper|44/100 tox|[from] psn
|upkeep
|turn|80
|
|t:|1781283314
|switch|p1a: Corviknight|Corviknight, M|100/100
|-ability|p1a: Corviknight|Pressure
|move|p2a: Pelipper|Roost|p2a: Pelipper
|-heal|p2a: Pelipper|94/100 tox
|-singleturn|p2a: Pelipper|move: Roost
|
|-weather|RainDance|[upkeep]
|-damage|p2a: Pelipper|50/100 tox|[from] psn
|upkeep
|turn|81
|
|t:|1781283321
|move|p1a: Corviknight|Defog|p2a: Pelipper
|-unboost|p2a: Pelipper|evasion|1
|-sideend|p1: n1ghtzz33|Stealth Rock|[from] move: Defog|[of] p1a: Corviknight
|move|p2a: Pelipper|U-turn|p1a: Corviknight
|-resisted|p1a: Corviknight
|-damage|p1a: Corviknight|99/100
|
|-weather|none
|-damage|p2a: Pelipper|1/100 tox|[from] psn
|upkeep
|turn|82
|
|t:|1781283326
|move|p1a: Corviknight|Roost|p1a: Corviknight
|-heal|p1a: Corviknight|100/100
|-singleturn|p1a: Corviknight|move: Roost
|move|p2a: Pelipper|Weather Ball|p1a: Corviknight
|-resisted|p1a: Corviknight
|-damage|p1a: Corviknight|95/100
|
|-damage|p2a: Pelipper|0 fnt|[from] psn
|faint|p2a: Pelipper
|
|win|n1ghtzz33
|raw|n1ghtzz33's rating: 1570 &rarr; <strong>1590</strong><br />(+20 for winning)
|raw|LowEL0God's rating: 1576 &rarr; <strong>1556</strong><br />(-20 for losing)
|c|☆LowEL0God|gg
|l|☆LowEL0God
|player|p2|
