|j|☆Superhjkdetective
|j|☆Ausar48
|t:|1781592496
|gametype|singles
|player|p1|Superhjkdetective|1|1642
|player|p2|Ausar48|ghetsis|1543
|gen|9
|tier|[Gen 9] OU
|rated|
|rule|HP Percentage Mod: HP is shown in percentages
|rule|Endless Battle Clause: Forcing endless battles is banned
|rule|Species Clause: Limit one of each Pokémon
|rule|OHKO Clause: OHKO moves are banned
|rule|Evasion Items Clause: Evasion items are banned
|rule|Evasion Moves Clause: Evasion moves are banned
|rule|Evasion Abilities Clause: Evasion abilities are banned
|rule|Sleep Moves Clause: Sleep-inducing moves are banned
|clearpoke
|poke|p1|Iron Valiant|
|poke|p1|Kingambit, F|
|poke|p1|Dragonite, M|
|poke|p1|Great Tusk|
|poke|p1|Pecharunt|
|poke|p1|Garganacl, M|
|poke|p2|Pelipper, M|
|poke|p2|Noivern, F|
|poke|p2|Ogerpon-Wellspring, F|
|poke|p2|Floatzel, F|
|poke|p2|Iron Valiant|
|poke|p2|Iron Treads|
|teampreview
|inactive|Battle timer is ON: inactive players will automatically lose when time's up. (requested by Superhjkdetective)
|inactive|Superhjkdetective has 120 seconds left.
|
|t:|1781592538
|teamsize|p1|6
|teamsize|p2|6
|start
|switch|p1a: Iron Valiant|Iron Valiant|100/100
|switch|p2a: Pelipper|Pelipper, M|100/100
|-weather|RainDance|[from] ability: Drizzle|[of] p2a: Pelipper
|turn|1
|
|t:|1781592549
|move|p1a: Iron Valiant|Moonblast|p2a: Pelipper
|-damage|p2a: Pelipper|6/100
|move|p2a: Pelipper|U-turn|p1a: Iron Valiant
|-resisted|p1a: Iron Valiant
|-damage|p1a: Iron Valiant|98/100
|
|t:|1781592555
|switch|p2a: Noivern|Noivern, F|100/100|[from] U-turn
|
|-weather|RainDance|[upkeep]
|upkeep
|turn|2
|
|t:|1781592563
|-end|p1a: Iron Valiant|Quark Drive|[silent]
|switch|p1a: Garganacl|Garganacl, M|100/100
|move|p2a: Noivern|Hurricane|p1a: Garganacl
|-resisted|p1a: Garganacl
|-damage|p1a: Garganacl|79/100
|
|-weather|RainDance|[upkeep]
|-heal|p1a: Garganacl|85/100|[from] item: Leftovers
|upkeep
|turn|3
|
|t:|1781592569
|switch|p2a: Ogerpon|Ogerpon-Wellspring, F|100/100
|move|p1a: Garganacl|Salt Cure|p2a: Ogerpon
|-damage|p2a: Ogerpon|82/100
|-start|p2a: Ogerpon|Salt Cure
|
|-weather|RainDance|[upkeep]
|-heal|p1a: Garganacl|91/100|[from] item: Leftovers
|-damage|p2a: Ogerpon|57/100|[from] Salt Cure
|upkeep
|turn|4
|inactive|Superhjkdetective has 120 seconds left.
|
|t:|1781592612
|switch|p2a: Floatzel|Floatzel, F|100/100
|switch|p1a: Pecharunt|Pecharunt|100/100
|
|-weather|RainDance|[upkeep]
|upkeep
|turn|5
|
|t:|1781592626
|move|p2a: Floatzel|Flip Turn|p1a: Pecharunt
|-damage|p1a: Pecharunt|71/100
|
|t:|1781592633
|switch|p2a: Noivern|Noivern, F|100/100|[from] Flip Turn
|move|p1a: Pecharunt|Parting Shot|p2a: Noivern
|-unboost|p2a: Noivern|atk|1
|-unboost|p2a: Noivern|spa|1
|inactive|Superhjkdetective has 120 seconds left.
|
|t:|1781592640
|switch|p1a: Garganacl|Garganacl, M|91/100|[from] Parting Shot
|
|-weather|RainDance|[upkeep]
|-heal|p1a: Garganacl|98/100|[from] item: Leftovers
|upkeep
|turn|6
|
|t:|1781592646
|move|p2a: Noivern|U-turn|p1a: Garganacl
|-damage|p1a: Garganacl|93/100
|
|t:|1781592651
|switch|p2a: Ogerpon|Ogerpon-Wellspring, F|57/100|[from] U-turn
|move|p1a: Garganacl|Salt Cure|p2a: Ogerpon
|-damage|p2a: Ogerpon|40/100
|-start|p2a: Ogerpon|Salt Cure
|
|-weather|RainDance|[upkeep]
|-heal|p1a: Garganacl|99/100|[from] item: Leftovers
|-damage|p2a: Ogerpon|15/100|[from] Salt Cure
|upkeep
|turn|7
|
|t:|1781592665
|switch|p2a: Floatzel|Floatzel, F|100/100
|move|p1a: Garganacl|Salt Cure|p2a: Floatzel
|-damage|p2a: Floatzel|76/100
|-start|p2a: Floatzel|Salt Cure
|
|-weather|RainDance|[upkeep]
|-heal|p1a: Garganacl|100/100|[from] item: Leftovers
|-damage|p2a: Floatzel|52/100|[from] Salt Cure
|upkeep
|turn|8
|
|t:|1781592688
|switch|p1a: Pecharunt|Pecharunt|71/100
|move|p2a: Floatzel|Wave Crash|p1a: Pecharunt
|-damage|p1a: Pecharunt|7/100
|-damage|p2a: Floatzel|26/100|[from] Recoil
|
|-weather|none
|-damage|p2a: Floatzel|1/100|[from] Salt Cure
|upkeep
|turn|9
|-message|Ausar48 forfeited.
|
|win|Superhjkdetective
|raw|Superhjkdetective's rating: 1642 &rarr; <strong>1656</strong><br />(+14 for winning)
|raw|Ausar48's rating: 1543 &rarr; <strong>1529</strong><br />(-14 for losing)
|l|☆Ausar48
|player|p2|
|l|☆Superhjkdetective
|player|p1|
