|j|☆NoobishTrainerJoe
|j|☆myninthsymphony
|t:|1781521584
|gametype|singles
|player|p1|NoobishTrainerJoe|101|1582
|player|p2|myninthsymphony|2|1623
|gen|9
|tier|[Gen 9] OU
|rated|
|rule|HP Percentage Mod: HP is shown in percentages
|rule|Endless Battle Clause: Forcing endless battles is banned
|rule|Species Clause: Limit one of each Pokémon
|rule|OHKO Clause: OHKO moves are banned
|rule|Evasion Items Clause: Evasion items are banned
|rule|Evasion Moves Clause: Evasion moves are banned
|rule|Evasion Abilities Clause: Evasion abilities are banned
|rule|Sleep Moves Clause: Sleep-inducing moves are banned
|clearpoke
|poke|p1|Oricorio-Sensu, F|
|poke|p1|Gholdengo|
|poke|p1|Clefable, M|
|poke|p1|Samurott-Hisui, F|
|poke|p1|Hatterene, F|
|poke|p1|Great Tusk|
|poke|p2|Ogerpon-Wellspring, F|
|poke|p2|Gholdengo|
|poke|p2|Tyranitar, M|
|poke|p2|Garganacl, F|
|poke|p2|Great Tusk|
|poke|p2|Moltres|
|teampreview
|inactive|Battle timer is ON: inactive players will automatically lose when time's up. (requested by myninthsymphony)
|
|t:|1781521610
|teamsize|p1|6
|teamsize|p2|6
|start
|switch|p1a: Samurott|Samurott-Hisui, F|100/100
|switch|p2a: Onionsion|Ogerpon-Wellspring, F|100/100
|turn|1
|
|t:|1781521616
|switch|p1a: Hatterene|Hatterene, F|100/100
|move|p2a: Onionsion|U-turn|p1a: Hatterene
|-damage|p1a: Hatterene|79/100
|-damage|p2a: Onionsion|84/100|[from] item: Rocky Helmet|[of] p1a: Hatterene
|
|t:|1781521623
|switch|p2a: Shiny|Gholdengo, shiny|100/100|[from] U-turn
|-item|p2a: Shiny|Air Balloon
|
|upkeep
|turn|2
|
|t:|1781521627
|switch|p1a: Samurott|Samurott-Hisui, F|100/100
|move|p2a: Shiny|Make It Rain|p1a: Samurott
|-resisted|p1a: Samurott
|-crit|p1a: Samurott
|-damage|p1a: Samurott|61/100
|-unboost|p2a: Shiny|spa|1
|
|upkeep
|turn|3
|inactive|myninthsymphony has 120 seconds left.
|
|t:|1781521663
|switch|p2a: Donfan|Great Tusk|100/100
|move|p1a: Samurott|Ceaseless Edge|p2a: Donfan
|-resisted|p2a: Donfan
|-damage|p2a: Donfan|85/100
|-sidestart|p2: myninthsymphony|Spikes
|
|upkeep
|turn|4
|inactive|myninthsymphony has 120 seconds left.
|
|t:|1781521674
|switch|p1a: Oricorio|Oricorio-Sensu, F|100/100
|move|p2a: Donfan|Headlong Rush|p1a: Oricorio
|-immune|p1a: Oricorio
|
|upkeep
|turn|5
|
|t:|1781521679
|-end|p2a: Donfan|Protosynthesis|[silent]
|switch|p2a: Moltres|Moltres|100/100
|move|p1a: Oricorio|Quiver Dance|p1a: Oricorio
|-boost|p1a: Oricorio|spa|1
|-boost|p1a: Oricorio|spd|1
|-boost|p1a: Oricorio|spe|1
|
|upkeep
|turn|6
|
|t:|1781521682
|move|p1a: Oricorio|Revelation Dance|p2a: Moltres
|-damage|p2a: Moltres|68/100
|move|p2a: Moltres|Roar|p1a: Oricorio
|drag|p1a: Great Tusk|Great Tusk|100/100
|
|upkeep
|turn|7
|inactive|NoobishTrainerJoe has 120 seconds left.
|
|t:|1781521741
|-end|p1a: Great Tusk|Protosynthesis|[silent]
|switch|p1a: Clefable|Clefable, M|100/100
|move|p2a: Moltres|U-turn|p1a: Clefable
|-resisted|p1a: Clefable
|-damage|p1a: Clefable|95/100
|
|t:|1781521752
|switch|p2a: Shiny|Gholdengo, shiny|100/100|[from] U-turn
|-item|p2a: Shiny|Air Balloon
|
|upkeep
|turn|8
|
|t:|1781521766
|switch|p1a: Samurott|Samurott-Hisui, F|61/100
|move|p2a: Shiny|Make It Rain|p1a: Samurott
|-resisted|p1a: Samurott
|-damage|p1a: Samurott|36/100
|-unboost|p2a: Shiny|spa|1
|
|upkeep
|turn|9
|j| Easontom
|
|t:|1781521775
|switch|p2a: Donfan|Great Tusk|85/100
|move|p1a: Samurott|Ceaseless Edge|p2a: Donfan
|-resisted|p2a: Donfan
|-damage|p2a: Donfan|72/100
|-sidestart|p2: myninthsymphony|Spikes
|
|upkeep
|turn|10
|
|t:|1781521782
|switch|p1a: Oricorio|Oricorio-Sensu, F|100/100
|move|p2a: Donfan|Ice Spinner|p1a: Oricorio
|-supereffective|p1a: Oricorio
|-damage|p1a: Oricorio|49/100
|-enditem|p1a: Oricorio|Weakness Policy
|-boost|p1a: Oricorio|atk|2|[from] item: Weakness Policy
|-boost|p1a: Oricorio|spa|2|[from] item: Weakness Policy
|
|upkeep
|turn|11
|
|t:|1781521794
|-end|p2a: Donfan|Protosynthesis|[silent]
|switch|p2a: Gargle|Garganacl, F|100/100
|-damage|p2a: Gargle|84/100|[from] Spikes
|move|p1a: Oricorio|Quiver Dance|p1a: Oricorio
|-boost|p1a: Oricorio|spa|1
|-boost|p1a: Oricorio|spd|1
|-boost|p1a: Oricorio|spe|1
|
|-heal|p2a: Gargle|90/100|[from] item: Leftovers
|upkeep
|turn|12
|inactive|NoobishTrainerJoe has 120 seconds left.
|
|t:|1781521803
|-terastallize|p1a: Oricorio|Fighting
|move|p1a: Oricorio|Revelation Dance|p2a: Gargle
|-supereffective|p2a: Gargle
|-crit|p2a: Gargle
|-damage|p2a: Gargle|0 fnt
|faint|p2a: Gargle
|
|upkeep
|
|t:|1781521810
|switch|p2a: Shiny|Gholdengo, shiny|100/100
|-item|p2a: Shiny|Air Balloon
|turn|13
|inactive|NoobishTrainerJoe has 120 seconds left.
|inactive|NoobishTrainerJoe has 90 seconds left.
|inactive|NoobishTrainerJoe has 60 seconds left.
|
|t:|1781521896
|move|p1a: Oricorio|Roost|p1a: Oricorio
|-heal|p1a: Oricorio|99/100
|move|p2a: Shiny|Nasty Plot|p2a: Shiny
|-boost|p2a: Shiny|spa|2
|
|upkeep
|turn|14
|
|t:|1781521911
|move|p1a: Oricorio|Hurricane|p2a: Shiny|[miss]
|-miss|p1a: Oricorio|p2a: Shiny
|move|p2a: Shiny|Make It Rain|p1a: Oricorio
|-damage|p1a: Oricorio|0 fnt
|-unboost|p2a: Shiny|spa|1
|faint|p1a: Oricorio
|
|upkeep
|
|t:|1781521914
|switch|p1a: Samurott|Samurott-Hisui, F|36/100
|turn|15
|
|t:|1781521921
|move|p1a: Samurott|Ceaseless Edge|p2a: Shiny
|-supereffective|p2a: Shiny
|-damage|p2a: Shiny|16/100
|-enditem|p2a: Shiny|Air Balloon
|-sidestart|p2: myninthsymphony|Spikes
|move|p2a: Shiny|Make It Rain|p1a: Samurott
|-resisted|p1a: Samurott
|-damage|p1a: Samurott|0 fnt
|-unboost|p2a: Shiny|spa|1
|faint|p1a: Samurott
|
|upkeep
|
|t:|1781521933
|switch|p1a: Great Tusk|Great Tusk|100/100
|turn|16
|
|t:|1781521943
|switch|p2a: Moltres|Moltres|68/100
|move|p1a: Great Tusk|Stealth Rock|p2a: Moltres
|-sidestart|p2: myninthsymphony|move: Stealth Rock
|
|upkeep
|turn|17
|
|t:|1781521955
|-end|p1a: Great Tusk|Protosynthesis|[silent]
|switch|p1a: Hatterene|Hatterene, F|79/100
|move|p2a: Moltres|Flamethrower|p1a: Hatterene
|-damage|p1a: Hatterene|42/100
|
|upkeep
|turn|18
|
|t:|1781521963
|move|p2a: Moltres|Flamethrower|p1a: Hatterene
|-damage|p1a: Hatterene|2/100
|move|p1a: Hatterene|Pain Split|p2a: Moltres
|-sethp|p2a: Moltres|35/100|[from] move: Pain Split|[silent]
|-sethp|p1a: Hatterene|42/100|[from] move: Pain Split
|
|upkeep
|turn|19
|
|t:|1781521968
|move|p2a: Moltres|Flamethrower|p1a: Hatterene
|-damage|p1a: Hatterene|0 fnt
|faint|p1a: Hatterene
|
|upkeep
|c|☆NoobishTrainerJoe|Holy max roll
|
|t:|1781521989
|switch|p1a: Gholdengo|Gholdengo|100/100
|-item|p1a: Gholdengo|Air Balloon
|turn|20
|
|t:|1781521994
|move|p1a: Gholdengo|Nasty Plot|p1a: Gholdengo
|-boost|p1a: Gholdengo|spa|2
|move|p2a: Moltres|Roost|p2a: Moltres
|-heal|p2a: Moltres|85/100
|-singleturn|p2a: Moltres|move: Roost
|
|upkeep
|turn|21
|
|t:|1781521997
|move|p1a: Gholdengo|Shadow Ball|p2a: Moltres
|-damage|p2a: Moltres|21/100
|move|p2a: Moltres|Flamethrower|p1a: Gholdengo
|-supereffective|p1a: Gholdengo
|-damage|p1a: Gholdengo|15/100
|-enditem|p1a: Gholdengo|Air Balloon
|
|upkeep
|turn|22
|
|t:|1781522005
|move|p1a: Gholdengo|Shadow Ball|p2a: Moltres
|-crit|p2a: Moltres
|-damage|p2a: Moltres|0 fnt
|faint|p2a: Moltres
|
|upkeep
|
|t:|1781522008
|switch|p2a: Donfan|Great Tusk|72/100
|turn|23
|
|t:|1781522023
|switch|p1a: Clefable|Clefable, M|95/100
|move|p2a: Donfan|Headlong Rush|p1a: Clefable
|-damage|p1a: Clefable|44/100
|-unboost|p2a: Donfan|def|1
|-unboost|p2a: Donfan|spd|1
|
|upkeep
|turn|24
|
|t:|1781522029
|switch|p1a: Gholdengo|Gholdengo|15/100
|move|p2a: Donfan|Rapid Spin|p1a: Gholdengo
|-immune|p1a: Gholdengo
|
|upkeep
|turn|25
|
|t:|1781522032
|switch|p1a: Clefable|Clefable, M|44/100
|move|p2a: Donfan|Headlong Rush|p1a: Clefable
|-damage|p1a: Clefable|0 fnt
|-unboost|p2a: Donfan|def|1
|-unboost|p2a: Donfan|spd|1
|faint|p1a: Clefable
|
|upkeep
|
|t:|1781522034
|switch|p1a: Great Tusk|Great Tusk|100/100
|turn|26
|
|t:|1781522044
|-end|p2a: Donfan|Protosynthesis|[silent]
|switch|p2a: Shiny|Gholdengo, shiny|16/100
|-damage|p2a: Shiny|0 fnt|[from] Spikes
|faint|p2a: Shiny
|move|p1a: Great Tusk|Headlong Rush|p2: Shiny|[notarget]
|-fail|p1a: Great Tusk
|
|upkeep
|
|t:|1781522050
|switch|p2a: Donfan|Great Tusk|72/100
|turn|27
|
|t:|1781522058
|-end|p1a: Great Tusk|Protosynthesis|[silent]
|switch|p1a: Gholdengo|Gholdengo|15/100
|move|p2a: Donfan|Rapid Spin|p1a: Gholdengo
|-immune|p1a: Gholdengo
|
|upkeep
|turn|28
|
|t:|1781522066
|move|p2a: Donfan|Headlong Rush|p1a: Gholdengo
|-supereffective|p1a: Gholdengo
|-damage|p1a: Gholdengo|0 fnt
|-unboost|p2a: Donfan|def|1
|-unboost|p2a: Donfan|spd|1
|faint|p1a: Gholdengo
|
|upkeep
|
|t:|1781522068
|switch|p1a: Great Tusk|Great Tusk|100/100
|turn|29
|
|t:|1781522075
|move|p2a: Donfan|Rapid Spin|p1a: Great Tusk
|-damage|p1a: Great Tusk|89/100
|-boost|p2a: Donfan|spe|1
|-sideend|p2: myninthsymphony|Spikes|[from] move: Rapid Spin|[of] p2a: Donfan
|-sideend|p2: myninthsymphony|Stealth Rock|[from] move: Rapid Spin|[of] p2a: Donfan
|move|p1a: Great Tusk|Headlong Rush|p2a: Donfan
|-damage|p2a: Donfan|5/100
|-unboost|p1a: Great Tusk|def|1
|-unboost|p1a: Great Tusk|spd|1
|
|upkeep
|turn|30
|
|t:|1781522081
|move|p2a: Donfan|Headlong Rush|p1a: Great Tusk
|-damage|p1a: Great Tusk|23/100
|-unboost|p2a: Donfan|def|1
|-unboost|p2a: Donfan|spd|1
|move|p1a: Great Tusk|Rapid Spin|p2a: Donfan
|-damage|p2a: Donfan|0 fnt
|-boost|p1a: Great Tusk|spe|1
|faint|p2a: Donfan
|-end|p2a: Donfan|Protosynthesis|[silent]
|
|upkeep
|
|t:|1781522085
|switch|p2a: Onionsion|Ogerpon-Wellspring, F|84/100
|turn|31
|
|t:|1781522088
|move|p1a: Great Tusk|Headlong Rush|p2a: Onionsion
|-resisted|p2a: Onionsion
|-damage|p2a: Onionsion|44/100
|-unboost|p1a: Great Tusk|def|1
|-unboost|p1a: Great Tusk|spd|1
|move|p2a: Onionsion|Ivy Cudgel|p1a: Great Tusk|[anim] Ivy Cudgel Water
|-supereffective|p1a: Great Tusk
|-damage|p1a: Great Tusk|0 fnt
|faint|p1a: Great Tusk
|-end|p1a: Great Tusk|Protosynthesis|[silent]
|
|win|myninthsymphony
|raw|NoobishTrainerJoe's rating: 1582 &rarr; <strong>1564</strong><br />(-18 for losing)
|raw|myninthsymphony's rating: 1623 &rarr; <strong>1641</strong><br />(+18 for winning)
|l|☆NoobishTrainerJoe
|player|p1|
|c|☆myninthsymphony|gg
|l|☆myninthsymphony
|player|p2|
|l| Easontom
