|j|☆Sanskiller55
|j|☆Archerdadon
|t:|1780895940
|gametype|singles
|player|p1|Sanskiller55|acerola-masters|1550
|player|p2|Archerdadon|marshal|1580
|gen|9
|tier|[Gen 9] OU
|rated|
|rule|HP Percentage Mod: HP is shown in percentages
|rule|Endless Battle Clause: Forcing endless battles is banned
|rule|Species Clause: Limit one of each Pokémon
|rule|OHKO Clause: OHKO moves are banned
|rule|Evasion Items Clause: Evasion items are banned
|rule|Evasion Moves Clause: Evasion moves are banned
|rule|Evasion Abilities Clause: Evasion abilities are banned
|rule|Sleep Moves Clause: Sleep-inducing moves are banned
|clearpoke
|poke|p1|Chesnaught, M|
|poke|p1|Clodsire, M|
|poke|p1|Kyurem|
|poke|p1|Great Tusk|
|poke|p1|Ogerpon-Wellspring, F|
|poke|p1|Pecharunt|
|poke|p2|Dondozo, M|
|poke|p2|Cinderace, F|
|poke|p2|Ting-Lu|
|poke|p2|Glimmora, F|
|poke|p2|Scizor, M|
|poke|p2|Hydrapple, M|
|teampreview
|inactive|Battle timer is ON: inactive players will automatically lose when time's up. (requested by Sanskiller55)
|
|t:|1780895966
|teamsize|p1|6
|teamsize|p2|6
|start
|switch|p1a: Hungry Dragon|Kyurem|100/100
|switch|p2a: Glimmora|Glimmora, F|100/100
|-ability|p1a: Hungry Dragon|Pressure
|turn|1
|
|t:|1780895973
|move|p1a: Hungry Dragon|Earth Power|p2a: Glimmora
|-supereffective|p2a: Glimmora
|-enditem|p2a: Glimmora|Focus Sash
|-damage|p2a: Glimmora|1/100
|move|p2a: Glimmora|Power Gem|p1a: Hungry Dragon
|-supereffective|p1a: Hungry Dragon
|-damage|p1a: Hungry Dragon|18/100
|
|upkeep
|turn|2
|
|t:|1780895980
|switch|p2a: Scizor|Scizor, M|100/100
|move|p1a: Hungry Dragon|Earth Power|p2a: Scizor
|-crit|p2a: Scizor
|-damage|p2a: Scizor|19/100
|
|upkeep
|turn|3
|
|t:|1780895986
|switch|p1a: The Paladin|Chesnaught, M|100/100
|move|p2a: Scizor|Knock Off|p1a: The Paladin
|-resisted|p1a: The Paladin
|-damage|p1a: The Paladin|82/100
|-damage|p2a: Scizor|3/100|[from] item: Rocky Helmet|[of] p1a: The Paladin
|-enditem|p1a: The Paladin|Rocky Helmet|[from] move: Knock Off|[of] p2a: Scizor
|
|upkeep
|turn|4
|
|t:|1780895995
|switch|p2a: Glimmora|Glimmora, F|1/100
|move|p1a: The Paladin|Body Press|p2a: Glimmora
|-damage|p2a: Glimmora|0 fnt
|-activate|p2a: Glimmora|ability: Toxic Debris
|-sidestart|p1: Sanskiller55|move: Toxic Spikes
|faint|p2a: Glimmora
|
|upkeep
|
|t:|1780896000
|switch|p2a: Cinderace|Cinderace, F|100/100
|turn|5
|
|t:|1780896005
|move|p2a: Cinderace|Pyro Ball|p1a: The Paladin
|-immune|p1a: The Paladin|[from] ability: Bulletproof
|move|p1a: The Paladin|Iron Defense|p1a: The Paladin
|-boost|p1a: The Paladin|def|2
|
|upkeep
|turn|6
|
|t:|1780896009
|move|p2a: Cinderace|U-turn|p1a: The Paladin
|-start|p2a: Cinderace|typechange|Bug|[from] ability: Libero
|-damage|p1a: The Paladin|71/100
|
|t:|1780896014
|switch|p2a: Hydrapple|Hydrapple, M|100/100|[from] U-turn
|move|p1a: The Paladin|Body Press|p2a: Hydrapple
|-damage|p2a: Hydrapple|61/100
|-damage|p1a: The Paladin|54/100|[from] item: Rocky Helmet|[of] p2a: Hydrapple
|
|upkeep
|turn|7
|
|t:|1780896021
|switch|p1a: Gus|Clodsire, M, shiny|100/100
|-sideend|p1: Sanskiller55|move: Toxic Spikes|[of] p1a: Gus
|move|p2a: Hydrapple|Fickle Beam|p1a: Gus
|-damage|p1a: Gus|82/100
|
|-heal|p1a: Gus|88/100|[from] item: Leftovers
|upkeep
|turn|8
|
|t:|1780896026
|switch|p2a: Ting-Lu|Ting-Lu|100/100
|-ability|p2a: Ting-Lu|Vessel of Ruin
|move|p1a: Gus|Toxic|p2a: Ting-Lu
|-status|p2a: Ting-Lu|tox
|
|-heal|p1a: Gus|94/100|[from] item: Leftovers
|-damage|p2a: Ting-Lu|94/100 tox|[from] psn
|upkeep
|turn|9
|
|t:|1780896033
|switch|p1a: Girlboss|Ogerpon-Wellspring, F|100/100
|move|p2a: Ting-Lu|Earthquake|p1a: Girlboss
|-resisted|p1a: Girlboss
|-damage|p1a: Girlboss|78/100
|
|-heal|p2a: Ting-Lu|100/100 tox|[from] item: Leftovers
|-damage|p2a: Ting-Lu|88/100 tox|[from] psn
|upkeep
|turn|10
|
|t:|1780896036
|switch|p2a: Hydrapple|Hydrapple, M|94/100
|move|p1a: Girlboss|Ivy Cudgel|p2a: Hydrapple|[anim] Ivy Cudgel Water
|-resisted|p2a: Hydrapple
|-damage|p2a: Hydrapple|86/100
|
|upkeep
|turn|11
|
|t:|1780896041
|move|p1a: Girlboss|U-turn|p2a: Hydrapple
|-supereffective|p2a: Hydrapple
|-damage|p2a: Hydrapple|55/100
|-damage|p1a: Girlboss|62/100|[from] item: Rocky Helmet|[of] p2a: Hydrapple
|
|t:|1780896056
|switch|p1a: Misinformation|Pecharunt|100/100|[from] U-turn
|move|p2a: Hydrapple|Earth Power|p1a: Misinformation
|-supereffective|p1a: Misinformation
|-damage|p1a: Misinformation|54/100
|
|-heal|p1a: Misinformation|60/100|[from] item: Leftovers
|upkeep
|turn|12
|
|t:|1780896066
|switch|p2a: Ting-Lu|Ting-Lu|88/100 tox
|-ability|p2a: Ting-Lu|Vessel of Ruin
|move|p1a: Misinformation|Malignant Chain|p2a: Ting-Lu
|-resisted|p2a: Ting-Lu
|-damage|p2a: Ting-Lu|81/100 tox
|
|-heal|p1a: Misinformation|66/100|[from] item: Leftovers
|-heal|p2a: Ting-Lu|88/100 tox|[from] item: Leftovers
|-damage|p2a: Ting-Lu|81/100 tox|[from] psn
|upkeep
|turn|13
|
|t:|1780896071
|move|p1a: Misinformation|Parting Shot|p2a: Ting-Lu
|-unboost|p2a: Ting-Lu|atk|1
|-unboost|p2a: Ting-Lu|spa|1
|
|t:|1780896076
|switch|p1a: Coat of the Right|Great Tusk|100/100|[from] Parting Shot
|-enditem|p1a: Coat of the Right|Booster Energy
|-activate|p1a: Coat of the Right|ability: Protosynthesis|[fromitem]
|-start|p1a: Coat of the Right|protosynthesisspe
|move|p2a: Ting-Lu|Earthquake|p1a: Coat of the Right
|-damage|p1a: Coat of the Right|84/100
|
|-heal|p2a: Ting-Lu|88/100 tox|[from] item: Leftovers
|-damage|p2a: Ting-Lu|75/100 tox|[from] psn
|upkeep
|turn|14
|j| crust king kahn
|
|t:|1780896080
|switch|p2a: Dondozo|Dondozo, M|100/100
|move|p1a: Coat of the Right|Bulk Up|p1a: Coat of the Right
|-boost|p1a: Coat of the Right|atk|1
|-boost|p1a: Coat of the Right|def|1
|
|upkeep
|turn|15
|
|t:|1780896084
|move|p1a: Coat of the Right|Close Combat|p2a: Dondozo
|-damage|p2a: Dondozo|76/100
|-unboost|p1a: Coat of the Right|def|1
|-unboost|p1a: Coat of the Right|spd|1
|move|p2a: Dondozo|Curse|p2a: Dondozo
|-unboost|p2a: Dondozo|spe|1
|-boost|p2a: Dondozo|atk|1
|-boost|p2a: Dondozo|def|1
|
|-heal|p2a: Dondozo|82/100|[from] item: Leftovers
|upkeep
|turn|16
|
|t:|1780896088
|-end|p1a: Coat of the Right|Protosynthesis|[silent]
|switch|p1a: Misinformation|Pecharunt|66/100
|move|p2a: Dondozo|Curse|p2a: Dondozo
|-unboost|p2a: Dondozo|spe|1
|-boost|p2a: Dondozo|atk|1
|-boost|p2a: Dondozo|def|1
|
|-heal|p1a: Misinformation|72/100|[from] item: Leftovers
|-heal|p2a: Dondozo|88/100|[from] item: Leftovers
|upkeep
|turn|17
|
|t:|1780896090
|move|p1a: Misinformation|Malignant Chain|p2a: Dondozo
|-damage|p2a: Dondozo|57/100
|-status|p2a: Dondozo|tox
|-start|p2a: Dondozo|confusion|[from] ability: Poison Puppeteer|[of] p1a: Misinformation
|-activate|p2a: Dondozo|confusion
|move|p2a: Dondozo|Waterfall|p1a: Misinformation
|-damage|p1a: Misinformation|42/100
|
|-heal|p1a: Misinformation|48/100|[from] item: Leftovers
|-heal|p2a: Dondozo|63/100 tox|[from] item: Leftovers
|-damage|p2a: Dondozo|57/100 tox|[from] psn
|upkeep
|turn|18
|
|t:|1780896099
|move|p1a: Misinformation|Recover|p1a: Misinformation
|-heal|p1a: Misinformation|98/100
|-activate|p2a: Dondozo|confusion
|move|p2a: Dondozo|Rest|p2a: Dondozo
|-status|p2a: Dondozo|slp|[from] move: Rest
|-heal|p2a: Dondozo|100/100 slp|[silent]
|
|-heal|p1a: Misinformation|100/100|[from] item: Leftovers
|upkeep
|turn|19
|
|t:|1780896103
|move|p1a: Misinformation|Shadow Ball|p2a: Dondozo
|-damage|p2a: Dondozo|71/100 slp
|cant|p2a: Dondozo|slp
|
|-heal|p2a: Dondozo|77/100 slp|[from] item: Leftovers
|upkeep
|turn|20
|
|t:|1780896106
|move|p1a: Misinformation|Shadow Ball|p2a: Dondozo
|-damage|p2a: Dondozo|49/100 slp
|cant|p2a: Dondozo|slp
|
|-heal|p2a: Dondozo|55/100 slp|[from] item: Leftovers
|upkeep
|turn|21
|
|t:|1780896107
|move|p1a: Misinformation|Shadow Ball|p2a: Dondozo
|-damage|p2a: Dondozo|28/100 slp
|-unboost|p2a: Dondozo|spd|1
|-curestatus|p2a: Dondozo|slp|[msg]
|-activate|p2a: Dondozo|confusion
|move|p2a: Dondozo|Rest|p2a: Dondozo
|-status|p2a: Dondozo|slp|[from] move: Rest
|-heal|p2a: Dondozo|100/100 slp|[silent]
|
|upkeep
|turn|22
|
|t:|1780896109
|move|p1a: Misinformation|Shadow Ball|p2a: Dondozo
|-damage|p2a: Dondozo|62/100 slp
|-unboost|p2a: Dondozo|spd|1
|cant|p2a: Dondozo|slp
|
|-heal|p2a: Dondozo|69/100 slp|[from] item: Leftovers
|upkeep
|turn|23
|
|t:|1780896112
|switch|p2a: Ting-Lu|Ting-Lu|75/100 tox
|-ability|p2a: Ting-Lu|Vessel of Ruin
|move|p1a: Misinformation|Shadow Ball|p2a: Ting-Lu
|-resisted|p2a: Ting-Lu
|-damage|p2a: Ting-Lu|69/100 tox
|-unboost|p2a: Ting-Lu|spd|1
|
|-heal|p2a: Ting-Lu|76/100 tox|[from] item: Leftovers
|-damage|p2a: Ting-Lu|69/100 tox|[from] psn
|upkeep
|turn|24
|
|t:|1780896115
|move|p1a: Misinformation|Parting Shot|p2a: Ting-Lu
|-unboost|p2a: Ting-Lu|atk|1
|-unboost|p2a: Ting-Lu|spa|1
|
|t:|1780896117
|switch|p1a: Coat of the Right|Great Tusk|84/100|[from] Parting Shot
|move|p2a: Ting-Lu|Earthquake|p1a: Coat of the Right
|-damage|p1a: Coat of the Right|70/100
|
|-heal|p2a: Ting-Lu|76/100 tox|[from] item: Leftovers
|-damage|p2a: Ting-Lu|63/100 tox|[from] psn
|upkeep
|turn|25
|
|t:|1780896123
|switch|p2a: Hydrapple|Hydrapple, M|88/100
|move|p1a: Coat of the Right|Close Combat|p2a: Hydrapple
|-damage|p2a: Hydrapple|58/100
|-unboost|p1a: Coat of the Right|def|1
|-unboost|p1a: Coat of the Right|spd|1
|-damage|p1a: Coat of the Right|53/100|[from] item: Rocky Helmet|[of] p2a: Hydrapple
|
|upkeep
|turn|26
|
|t:|1780896145
|-end|p1a: Coat of the Right|Protosynthesis|[silent]
|switch|p1a: Girlboss|Ogerpon-Wellspring, F|62/100
|move|p2a: Hydrapple|Fickle Beam|p1a: Girlboss
|-damage|p1a: Girlboss|23/100
|
|upkeep
|turn|27
|
|t:|1780896152
|move|p1a: Girlboss|Knock Off|p2a: Hydrapple
|-damage|p2a: Hydrapple|39/100
|-damage|p1a: Girlboss|6/100|[from] item: Rocky Helmet|[of] p2a: Hydrapple
|-enditem|p2a: Hydrapple|Rocky Helmet|[from] move: Knock Off|[of] p1a: Girlboss
|move|p2a: Hydrapple|Giga Drain|p1a: Girlboss
|-damage|p1a: Girlboss|0 fnt
|-heal|p2a: Hydrapple|41/100|[from] drain|[of] p1a: Girlboss
|faint|p1a: Girlboss
|
|upkeep
|
|t:|1780896154
|switch|p1a: Hungry Dragon|Kyurem|18/100
|-ability|p1a: Hungry Dragon|Pressure
|turn|28
|
|t:|1780896157
|switch|p2a: Cinderace|Cinderace, F|100/100
|move|p1a: Hungry Dragon|Freeze-Dry|p2a: Cinderace
|-resisted|p2a: Cinderace
|-damage|p2a: Cinderace|63/100
|
|upkeep
|turn|29
|
|t:|1780896161
|switch|p1a: The Paladin|Chesnaught, M|54/100
|move|p2a: Cinderace|Pyro Ball|p1a: The Paladin
|-immune|p1a: The Paladin|[from] ability: Bulletproof
|
|upkeep
|turn|30
|j| GAVlN NEWSOM
|
|t:|1780896167
|move|p2a: Cinderace|U-turn|p1a: The Paladin
|-start|p2a: Cinderace|typechange|Bug|[from] ability: Libero
|-damage|p1a: The Paladin|32/100
|
|t:|1780896170
|switch|p2a: Hydrapple|Hydrapple, M|74/100|[from] U-turn
|move|p1a: The Paladin|Synthesis|p1a: The Paladin
|-heal|p1a: The Paladin|82/100
|
|upkeep
|turn|31
|
|t:|1780896177
|move|p1a: The Paladin|Iron Defense|p1a: The Paladin
|-boost|p1a: The Paladin|def|2
|move|p2a: Hydrapple|Fickle Beam|p1a: The Paladin|[anim] Fickle Beam All Out
|-activate|p2a: Hydrapple|move: Fickle Beam
|-damage|p1a: The Paladin|20/100
|
|upkeep
|turn|32
|
|t:|1780896183
|move|p1a: The Paladin|Synthesis|p1a: The Paladin
|-heal|p1a: The Paladin|70/100
|move|p2a: Hydrapple|Fickle Beam|p1a: The Paladin
|-damage|p1a: The Paladin|38/100
|
|upkeep
|turn|33
|
|t:|1780896188
|move|p1a: The Paladin|Synthesis|p1a: The Paladin
|-heal|p1a: The Paladin|88/100
|move|p2a: Hydrapple|Nasty Plot|p2a: Hydrapple
|-boost|p2a: Hydrapple|spa|2
|
|upkeep
|turn|34
|
|t:|1780896190
|move|p1a: The Paladin|Body Press|p2a: Hydrapple
|-damage|p2a: Hydrapple|35/100
|move|p2a: Hydrapple|Fickle Beam|p1a: The Paladin
|-damage|p1a: The Paladin|28/100
|
|upkeep
|turn|35
|
|t:|1780896206
|switch|p2a: Dondozo|Dondozo, M|69/100 slp
|move|p1a: The Paladin|Body Press|p2a: Dondozo
|-damage|p2a: Dondozo|51/100 slp
|
|-heal|p2a: Dondozo|57/100 slp|[from] item: Leftovers
|upkeep
|turn|36
|
|t:|1780896213
|switch|p2a: Hydrapple|Hydrapple, M|69/100
|move|p1a: The Paladin|Synthesis|p1a: The Paladin
|-heal|p1a: The Paladin|77/100
|
|upkeep
|turn|37
|
|t:|1780896218
|switch|p2a: Dondozo|Dondozo, M|57/100 slp
|move|p1a: The Paladin|Body Press|p2a: Dondozo
|-damage|p2a: Dondozo|41/100 slp
|
|-heal|p2a: Dondozo|47/100 slp|[from] item: Leftovers
|upkeep
|turn|38
|
|t:|1780896232
|move|p1a: The Paladin|Body Press|p2a: Dondozo
|-damage|p2a: Dondozo|30/100 slp
|cant|p2a: Dondozo|slp
|move|p2a: Dondozo|Sleep Talk|p2a: Dondozo
|move|p2a: Dondozo|Waterfall|p1a: The Paladin|[from] move: Sleep Talk
|-resisted|p1a: The Paladin
|-damage|p1a: The Paladin|68/100
|
|-heal|p2a: Dondozo|37/100 slp|[from] item: Leftovers
|upkeep
|turn|39
|
|t:|1780896235
|move|p1a: The Paladin|Knock Off|p2a: Dondozo
|-damage|p2a: Dondozo|25/100 slp
|-enditem|p2a: Dondozo|Leftovers|[from] move: Knock Off|[of] p1a: The Paladin
|-curestatus|p2a: Dondozo|slp|[msg]
|move|p2a: Dondozo|Sleep Talk||[still]
|-fail|p2a: Dondozo
|
|upkeep
|turn|40
|
|t:|1780896238
|move|p1a: The Paladin|Body Press|p2a: Dondozo
|-damage|p2a: Dondozo|7/100
|move|p2a: Dondozo|Rest|p2a: Dondozo
|-status|p2a: Dondozo|slp|[from] move: Rest
|-heal|p2a: Dondozo|100/100 slp|[silent]
|
|upkeep
|turn|41
|
|t:|1780896240
|switch|p1a: Hungry Dragon|Kyurem|18/100
|-ability|p1a: Hungry Dragon|Pressure
|cant|p2a: Dondozo|slp
|move|p2a: Dondozo|Sleep Talk|p2a: Dondozo
|move|p2a: Dondozo|Waterfall|p1a: Hungry Dragon|[from] move: Sleep Talk
|-resisted|p1a: Hungry Dragon
|-damage|p1a: Hungry Dragon|5/100
|
|upkeep
|turn|42
|
|t:|1780896249
|move|p1a: Hungry Dragon|Freeze-Dry|p2a: Dondozo
|-supereffective|p2a: Dondozo
|-damage|p2a: Dondozo|0 fnt
|faint|p2a: Dondozo
|
|upkeep
|
|t:|1780896252
|switch|p2a: Scizor|Scizor, M|3/100
|turn|43
|
|t:|1780896255
|switch|p1a: The Paladin|Chesnaught, M|68/100
|move|p2a: Scizor|Bullet Punch|p1a: The Paladin
|-damage|p1a: The Paladin|31/100
|
|upkeep
|turn|44
|
|t:|1780896264
|switch|p1a: Coat of the Right|Great Tusk|53/100
|move|p2a: Scizor|Bullet Punch|p1a: Coat of the Right
|-damage|p1a: Coat of the Right|21/100
|
|upkeep
|turn|45
|
|t:|1780896270
|move|p2a: Scizor|Bullet Punch|p1a: Coat of the Right
|-damage|p1a: Coat of the Right|0 fnt
|faint|p1a: Coat of the Right
|-end|p1a: Coat of the Right|Protosynthesis|[silent]
|
|upkeep
|
|t:|1780896272
|switch|p1a: Misinformation|Pecharunt|100/100
|turn|46
|
|t:|1780896277
|switch|p2a: Ting-Lu|Ting-Lu|63/100 tox
|-ability|p2a: Ting-Lu|Vessel of Ruin
|move|p1a: Misinformation|Shadow Ball|p2a: Ting-Lu
|-resisted|p2a: Ting-Lu
|-damage|p2a: Ting-Lu|58/100 tox
|
|-heal|p2a: Ting-Lu|64/100 tox|[from] item: Leftovers
|-damage|p2a: Ting-Lu|58/100 tox|[from] psn
|upkeep
|turn|47
|
|t:|1780896280
|move|p1a: Misinformation|Parting Shot|p2a: Ting-Lu
|-unboost|p2a: Ting-Lu|atk|1
|-unboost|p2a: Ting-Lu|spa|1
|
|t:|1780896284
|switch|p1a: The Paladin|Chesnaught, M|31/100|[from] Parting Shot
|move|p2a: Ting-Lu|Stealth Rock|p1a: The Paladin
|-sidestart|p1: Sanskiller55|move: Stealth Rock
|
|-heal|p2a: Ting-Lu|64/100 tox|[from] item: Leftovers
|-damage|p2a: Ting-Lu|51/100 tox|[from] psn
|upkeep
|turn|48
|
|t:|1780896292
|-terastallize|p2a: Ting-Lu|Ghost
|move|p1a: The Paladin|Synthesis|p1a: The Paladin
|-heal|p1a: The Paladin|81/100
|move|p2a: Ting-Lu|Rest|p2a: Ting-Lu
|-status|p2a: Ting-Lu|slp|[from] move: Rest
|-heal|p2a: Ting-Lu|100/100 slp|[silent]
|
|upkeep
|turn|49
|
|t:|1780896299
|switch|p2a: Hydrapple|Hydrapple, M|100/100
|move|p1a: The Paladin|Iron Defense|p1a: The Paladin
|-boost|p1a: The Paladin|def|2
|
|upkeep
|turn|50
|
|t:|1780896305
|move|p1a: The Paladin|Body Press|p2a: Hydrapple
|-damage|p2a: Hydrapple|57/100
|move|p2a: Hydrapple|Nasty Plot|p2a: Hydrapple
|-boost|p2a: Hydrapple|spa|2
|
|upkeep
|turn|51
|
|t:|1780896310
|move|p1a: The Paladin|Iron Defense|p1a: The Paladin
|-boost|p1a: The Paladin|def|2
|move|p2a: Hydrapple|Fickle Beam|p1a: The Paladin
|-damage|p1a: The Paladin|21/100
|
|upkeep
|turn|52
|
|t:|1780896319
|switch|p2a: Cinderace|Cinderace, F|63/100
|move|p1a: The Paladin|Body Press|p2a: Cinderace
|-damage|p2a: Cinderace|0 fnt
|faint|p2a: Cinderace
|
|upkeep
|
|t:|1780896320
|switch|p2a: Scizor|Scizor, M|3/100
|turn|53
|
|t:|1780896322
|move|p2a: Scizor|Bullet Punch|p1a: The Paladin
|-damage|p1a: The Paladin|9/100
|move|p1a: The Paladin|Synthesis|p1a: The Paladin
|-heal|p1a: The Paladin|59/100
|
|upkeep
|turn|54
|
|t:|1780896329
|move|p2a: Scizor|Bullet Punch|p1a: The Paladin
|-damage|p1a: The Paladin|48/100
|move|p1a: The Paladin|Synthesis|p1a: The Paladin
|-heal|p1a: The Paladin|98/100
|
|upkeep
|turn|55
|
|t:|1780896332
|switch|p2a: Hydrapple|Hydrapple, M|90/100
|move|p1a: The Paladin|Iron Defense|p1a: The Paladin
|-boost|p1a: The Paladin|def|2
|
|upkeep
|turn|56
|
|t:|1780896338
|switch|p2a: Ting-Lu|Ting-Lu, tera:Ghost|100/100 slp
|-ability|p2a: Ting-Lu|Vessel of Ruin
|move|p1a: The Paladin|Body Press|p2a: Ting-Lu
|-immune|p2a: Ting-Lu
|
|upkeep
|turn|57
|
|t:|1780896345
|move|p1a: The Paladin|Knock Off|p2a: Ting-Lu
|-supereffective|p2a: Ting-Lu
|-damage|p2a: Ting-Lu|74/100 slp
|-enditem|p2a: Ting-Lu|Leftovers|[from] move: Knock Off|[of] p1a: The Paladin
|cant|p2a: Ting-Lu|slp
|
|upkeep
|turn|58
|
|t:|1780896348
|move|p1a: The Paladin|Knock Off|p2a: Ting-Lu
|-supereffective|p2a: Ting-Lu
|-damage|p2a: Ting-Lu|55/100 slp
|cant|p2a: Ting-Lu|slp
|
|upkeep
|turn|59
|
|t:|1780896351
|move|p1a: The Paladin|Knock Off|p2a: Ting-Lu
|-supereffective|p2a: Ting-Lu
|-damage|p2a: Ting-Lu|35/100 slp
|-curestatus|p2a: Ting-Lu|slp|[msg]
|move|p2a: Ting-Lu|Payback|p1a: The Paladin
|-resisted|p1a: The Paladin
|-damage|p1a: The Paladin|95/100
|
|upkeep
|turn|60
|
|t:|1780896354
|move|p1a: The Paladin|Knock Off|p2a: Ting-Lu
|-supereffective|p2a: Ting-Lu
|-damage|p2a: Ting-Lu|15/100
|move|p2a: Ting-Lu|Rest|p2a: Ting-Lu
|-status|p2a: Ting-Lu|slp|[from] move: Rest
|-heal|p2a: Ting-Lu|100/100 slp|[silent]
|
|upkeep
|turn|61
|
|t:|1780896356
|switch|p1a: Misinformation|Pecharunt|100/100
|-damage|p1a: Misinformation|88/100|[from] Stealth Rock
|cant|p2a: Ting-Lu|slp
|
|-heal|p1a: Misinformation|94/100|[from] item: Leftovers
|upkeep
|turn|62
|
|t:|1780896360
|move|p1a: Misinformation|Shadow Ball|p2a: Ting-Lu
|-supereffective|p2a: Ting-Lu
|-damage|p2a: Ting-Lu|77/100 slp
|cant|p2a: Ting-Lu|slp
|
|-heal|p1a: Misinformation|99/100|[from] item: Leftovers
|upkeep
|turn|63
|
|t:|1780896362
|move|p1a: Misinformation|Shadow Ball|p2a: Ting-Lu
|-supereffective|p2a: Ting-Lu
|-damage|p2a: Ting-Lu|53/100 slp
|-unboost|p2a: Ting-Lu|spd|1
|-curestatus|p2a: Ting-Lu|slp|[msg]
|move|p2a: Ting-Lu|Earthquake|p1a: Misinformation
|-supereffective|p1a: Misinformation
|-damage|p1a: Misinformation|59/100
|
|-heal|p1a: Misinformation|65/100|[from] item: Leftovers
|upkeep
|turn|64
|
|t:|1780896371
|switch|p2a: Hydrapple|Hydrapple, M|100/100
|move|p1a: Misinformation|Shadow Ball|p2a: Hydrapple
|-damage|p2a: Hydrapple|72/100
|
|-heal|p1a: Misinformation|71/100|[from] item: Leftovers
|upkeep
|turn|65
|
|t:|1780896373
|move|p1a: Misinformation|Malignant Chain|p2a: Hydrapple
|-supereffective|p2a: Hydrapple
|-damage|p2a: Hydrapple|7/100
|move|p2a: Hydrapple|Earth Power|p1a: Misinformation
|-supereffective|p1a: Misinformation
|-damage|p1a: Misinformation|31/100
|
|-heal|p1a: Misinformation|37/100|[from] item: Leftovers
|upkeep
|turn|66
|
|t:|1780896380
|switch|p2a: Ting-Lu|Ting-Lu, tera:Ghost|53/100
|-ability|p2a: Ting-Lu|Vessel of Ruin
|move|p1a: Misinformation|Shadow Ball|p2a: Ting-Lu
|-supereffective|p2a: Ting-Lu
|-damage|p2a: Ting-Lu|29/100
|
|-heal|p1a: Misinformation|43/100|[from] item: Leftovers
|upkeep
|turn|67
|
|t:|1780896383
|move|p1a: Misinformation|Shadow Ball|p2a: Ting-Lu
|-supereffective|p2a: Ting-Lu
|-damage|p2a: Ting-Lu|5/100
|move|p2a: Ting-Lu|Rest|p2a: Ting-Lu
|-status|p2a: Ting-Lu|slp|[from] move: Rest
|-heal|p2a: Ting-Lu|100/100 slp|[silent]
|
|-heal|p1a: Misinformation|49/100|[from] item: Leftovers
|upkeep
|turn|68
|
|t:|1780896386
|move|p1a: Misinformation|Recover|p1a: Misinformation
|-heal|p1a: Misinformation|99/100
|cant|p2a: Ting-Lu|slp
|
|-heal|p1a: Misinformation|100/100|[from] item: Leftovers
|upkeep
|turn|69
|
|t:|1780896391
|move|p1a: Misinformation|Shadow Ball|p2a: Ting-Lu
|-supereffective|p2a: Ting-Lu
|-damage|p2a: Ting-Lu|79/100 slp
|cant|p2a: Ting-Lu|slp
|
|upkeep
|turn|70
|
|t:|1780896405
|move|p1a: Misinformation|Shadow Ball|p2a: Ting-Lu
|-supereffective|p2a: Ting-Lu
|-damage|p2a: Ting-Lu|57/100 slp
|-curestatus|p2a: Ting-Lu|slp|[msg]
|move|p2a: Ting-Lu|Earthquake|p1a: Misinformation
|-supereffective|p1a: Misinformation
|-damage|p1a: Misinformation|64/100
|
|-heal|p1a: Misinformation|70/100|[from] item: Leftovers
|upkeep
|turn|71
|
|t:|1780896412
|move|p1a: Misinformation|Shadow Ball|p2a: Ting-Lu
|-supereffective|p2a: Ting-Lu
|-damage|p2a: Ting-Lu|34/100
|move|p2a: Ting-Lu|Earthquake|p1a: Misinformation
|-supereffective|p1a: Misinformation
|-damage|p1a: Misinformation|33/100
|
|-heal|p1a: Misinformation|39/100|[from] item: Leftovers
|upkeep
|turn|72
|
|t:|1780896421
|move|p1a: Misinformation|Shadow Ball|p2a: Ting-Lu
|-supereffective|p2a: Ting-Lu
|-damage|p2a: Ting-Lu|10/100
|move|p2a: Ting-Lu|Earthquake|p1a: Misinformation
|-supereffective|p1a: Misinformation
|-damage|p1a: Misinformation|0 fnt
|faint|p1a: Misinformation
|
|upkeep
|
|t:|1780896427
|switch|p1a: The Paladin|Chesnaught, M|95/100
|-damage|p1a: The Paladin|89/100|[from] Stealth Rock
|turn|73
|
|t:|1780896432
|switch|p2a: Hydrapple|Hydrapple, M|40/100
|move|p1a: The Paladin|Knock Off|p2a: Hydrapple
|-damage|p2a: Hydrapple|30/100
|
|upkeep
|turn|74
|
|t:|1780896437
|move|p1a: The Paladin|Iron Defense|p1a: The Paladin
|-boost|p1a: The Paladin|def|2
|move|p2a: Hydrapple|Fickle Beam|p1a: The Paladin
|-damage|p1a: The Paladin|57/100
|
|upkeep
|turn|75
|
|t:|1780896442
|move|p1a: The Paladin|Synthesis|p1a: The Paladin
|-heal|p1a: The Paladin|100/100
|move|p2a: Hydrapple|Fickle Beam|p1a: The Paladin
|-damage|p1a: The Paladin|69/100
|
|upkeep
|turn|76
|
|t:|1780896449
|move|p1a: The Paladin|Body Press|p2a: Hydrapple
|-damage|p2a: Hydrapple|0 fnt
|faint|p2a: Hydrapple
|
|upkeep
|
|t:|1780896451
|switch|p2a: Ting-Lu|Ting-Lu, tera:Ghost|10/100
|-ability|p2a: Ting-Lu|Vessel of Ruin
|turn|77
|
|t:|1780896453
|move|p1a: The Paladin|Knock Off|p2a: Ting-Lu
|-supereffective|p2a: Ting-Lu
|-damage|p2a: Ting-Lu|0 fnt
|faint|p2a: Ting-Lu
|
|upkeep
|-message|Archerdadon forfeited.
|
|win|Sanskiller55
|raw|Sanskiller55's rating: 1550 &rarr; <strong>1572</strong><br />(+22 for winning)
|raw|Archerdadon's rating: 1580 &rarr; <strong>1558</strong><br />(-22 for losing)
|l|☆Archerdadon
|player|p2|
|l|☆Sanskiller55
|player|p1|
|j|☆Sanskiller55
|player|p1|Sanskiller55|acerola-masters|
|l|☆Sanskiller55
|player|p1|
