|j|‽Gowtered
|j|☆KurisuChestnutLab
|t:|1781137505
|gametype|singles
|player|p1|Gowtered|crasherwake|1496
|player|p2|KurisuChestnutLab|may-contest|1670
|gen|9
|tier|[Gen 9] OU
|rated|
|rule|HP Percentage Mod: HP is shown in percentages
|rule|Endless Battle Clause: Forcing endless battles is banned
|rule|Species Clause: Limit one of each Pokémon
|rule|OHKO Clause: OHKO moves are banned
|rule|Evasion Items Clause: Evasion items are banned
|rule|Evasion Moves Clause: Evasion moves are banned
|rule|Evasion Abilities Clause: Evasion abilities are banned
|rule|Sleep Moves Clause: Sleep-inducing moves are banned
|clearpoke
|poke|p1|Darkrai|
|poke|p1|Great Tusk|
|poke|p1|Ceruledge, F|
|poke|p1|Heatran, M|
|poke|p1|Toxapex, M|
|poke|p1|Landorus-Therian, M|
|poke|p2|Primarina, M|
|poke|p2|Hippowdon, M|
|poke|p2|Skarmory, M|
|poke|p2|Zapdos|
|poke|p2|Dragonite, M|
|poke|p2|Slowking, M|
|teampreview
|inactive|Battle timer is ON: inactive players will automatically lose when time's up. (requested by Gowtered)
|
|t:|1781137510
|teamsize|p1|6
|teamsize|p2|6
|start
|switch|p1a: Darkrai|Darkrai|100/100
|switch|p2a: Primarina|Primarina, M|100/100
|turn|1
|inactive|KurisuChestnutLab also wants the timer to be on.
|
|t:|1781137517
|switch|p1a: Toxapex|Toxapex, M|100/100
|move|p2a: Primarina|Moonblast|p1a: Toxapex
|-resisted|p1a: Toxapex
|-damage|p1a: Toxapex|79/100
|
|upkeep
|turn|2
|
|t:|1781137522
|move|p2a: Primarina|Psychic|p1a: Toxapex
|-supereffective|p1a: Toxapex
|-damage|p1a: Toxapex|23/100
|move|p1a: Toxapex|Toxic|p2a: Primarina
|-status|p2a: Primarina|tox
|
|-damage|p2a: Primarina|94/100 tox|[from] psn
|upkeep
|turn|3
|
|t:|1781137526
|switch|p1a: Heatran|Heatran, M|100/100
|-item|p1a: Heatran|Air Balloon
|move|p2a: Primarina|Psychic|p1a: Heatran
|-resisted|p1a: Heatran
|-damage|p1a: Heatran|87/100
|-enditem|p1a: Heatran|Air Balloon
|
|-damage|p2a: Primarina|82/100 tox|[from] psn
|upkeep
|turn|4
|
|t:|1781137533
|switch|p1a: Toxapex|Toxapex, M|57/100
|move|p2a: Primarina|Surf|p1a: Toxapex
|-resisted|p1a: Toxapex
|-damage|p1a: Toxapex|36/100
|
|-damage|p2a: Primarina|64/100 tox|[from] psn
|upkeep
|turn|5
|
|t:|1781137536
|switch|p1a: Heatran|Heatran, M|87/100
|move|p2a: Primarina|Psychic|p1a: Heatran
|-resisted|p1a: Heatran
|-damage|p1a: Heatran|74/100
|
|-damage|p2a: Primarina|40/100 tox|[from] psn
|upkeep
|turn|6
|
|t:|1781137541
|move|p1a: Heatran|Flash Cannon|p2a: Primarina
|-damage|p2a: Primarina|14/100 tox
|move|p2a: Primarina|Surf|p1a: Heatran
|-supereffective|p1a: Heatran
|-damage|p1a: Heatran|0 fnt
|faint|p1a: Heatran
|
|-damage|p2a: Primarina|0 fnt|[from] psn
|faint|p2a: Primarina
|upkeep
|
|t:|1781137550
|switch|p1a: Darkrai|Darkrai|100/100
|switch|p2a: Hippowdon|Hippowdon, M|100/100
|-weather|Sandstorm|[from] ability: Sand Stream|[of] p2a: Hippowdon
|turn|7
|
|t:|1781137554
|-terastallize|p1a: Darkrai|Dark
|-terastallize|p2a: Hippowdon|Steel
|move|p1a: Darkrai|Dark Pulse|p2a: Hippowdon
|-damage|p2a: Hippowdon|13/100
|move|p2a: Hippowdon|Earthquake|p1a: Darkrai
|-damage|p1a: Darkrai|53/100
|
|-weather|Sandstorm|[upkeep]
|-damage|p1a: Darkrai|47/100|[from] Sandstorm
|-heal|p2a: Hippowdon|19/100|[from] item: Leftovers
|upkeep
|turn|8
|
|t:|1781137562
|switch|p2a: Dragonite|Dragonite, M|100/100
|move|p1a: Darkrai|Dark Pulse|p2a: Dragonite
|-damage|p2a: Dragonite|57/100
|
|-weather|Sandstorm|[upkeep]
|-damage|p1a: Darkrai|41/100|[from] Sandstorm
|-damage|p2a: Dragonite|51/100|[from] Sandstorm
|upkeep
|turn|9
|
|t:|1781137566
|switch|p1a: Toxapex|Toxapex, M|69/100
|move|p2a: Dragonite|Extreme Speed|p1a: Toxapex
|-damage|p1a: Toxapex|51/100
|-damage|p2a: Dragonite|34/100|[from] item: Rocky Helmet|[of] p1a: Toxapex
|
|-weather|Sandstorm|[upkeep]
|-damage|p2a: Dragonite|28/100|[from] Sandstorm
|-damage|p1a: Toxapex|45/100|[from] Sandstorm
|upkeep
|turn|10
|
|t:|1781137569
|move|p2a: Dragonite|Roost|p2a: Dragonite
|-heal|p2a: Dragonite|78/100
|-singleturn|p2a: Dragonite|move: Roost
|move|p1a: Toxapex|Toxic|p2a: Dragonite
|-status|p2a: Dragonite|tox
|
|-weather|Sandstorm|[upkeep]
|-damage|p2a: Dragonite|72/100 tox|[from] Sandstorm
|-damage|p1a: Toxapex|39/100|[from] Sandstorm
|-damage|p2a: Dragonite|66/100 tox|[from] psn
|upkeep
|turn|11
|
|t:|1781137576
|switch|p2a: Zapdos|Zapdos|100/100
|switch|p1a: Landorus|Landorus-Therian, M|100/100
|-ability|p1a: Landorus|Intimidate|boost
|-unboost|p2a: Zapdos|atk|1
|
|-weather|none
|upkeep
|turn|12
|
|t:|1781137580
|move|p1a: Landorus|Stealth Rock|p2a: Zapdos
|-sidestart|p2: KurisuChestnutLab|move: Stealth Rock
|move|p2a: Zapdos|Hurricane|p1a: Landorus
|-damage|p1a: Landorus|33/100
|-start|p1a: Landorus|confusion
|
|upkeep
|turn|13
|
|t:|1781137586
|switch|p1a: Toxapex|Toxapex, M|73/100
|move|p2a: Zapdos|Hurricane|p1a: Toxapex|[miss]
|-miss|p2a: Zapdos|p1a: Toxapex
|
|upkeep
|turn|14
|
|t:|1781137591
|switch|p1a: Landorus|Landorus-Therian, M|33/100
|-ability|p1a: Landorus|Intimidate|boost
|-unboost|p2a: Zapdos|atk|1
|move|p2a: Zapdos|Hurricane|p1a: Landorus
|-damage|p1a: Landorus|0 fnt
|faint|p1a: Landorus
|
|upkeep
|
|t:|1781137596
|switch|p1a: Darkrai|Darkrai, tera:Dark|41/100
|turn|15
|
|t:|1781137604
|switch|p2a: Hippowdon|Hippowdon, M, tera:Steel|19/100
|-damage|p2a: Hippowdon|13/100|[from] Stealth Rock
|-weather|Sandstorm|[from] ability: Sand Stream|[of] p2a: Hippowdon
|move|p1a: Darkrai|Dark Pulse|p2a: Hippowdon
|-damage|p2a: Hippowdon|0 fnt
|faint|p2a: Hippowdon
|
|-weather|Sandstorm|[upkeep]
|-damage|p1a: Darkrai|35/100|[from] Sandstorm
|upkeep
|
|t:|1781137608
|switch|p2a: Dragonite|Dragonite, M|66/100 tox
|turn|16
|
|t:|1781137612
|switch|p1a: Toxapex|Toxapex, M|100/100
|move|p2a: Dragonite|Extreme Speed|p1a: Toxapex
|-damage|p1a: Toxapex|82/100
|-damage|p2a: Dragonite|49/100 tox|[from] item: Rocky Helmet|[of] p1a: Toxapex
|
|-weather|Sandstorm|[upkeep]
|-damage|p2a: Dragonite|43/100 tox|[from] Sandstorm
|-damage|p1a: Toxapex|76/100|[from] Sandstorm
|-damage|p2a: Dragonite|37/100 tox|[from] psn
|upkeep
|turn|17
|
|t:|1781137617
|move|p2a: Dragonite|Roost|p2a: Dragonite
|-heal|p2a: Dragonite|87/100 tox
|-singleturn|p2a: Dragonite|move: Roost
|move|p1a: Toxapex|Toxic Spikes|p2a: Dragonite
|-sidestart|p2: KurisuChestnutLab|move: Toxic Spikes
|
|-weather|Sandstorm|[upkeep]
|-damage|p2a: Dragonite|81/100 tox|[from] Sandstorm
|-damage|p1a: Toxapex|70/100|[from] Sandstorm
|-damage|p2a: Dragonite|69/100 tox|[from] psn
|upkeep
|turn|18
|
|t:|1781137621
|move|p2a: Dragonite|Earthquake|p1a: Toxapex
|-supereffective|p1a: Toxapex
|-damage|p1a: Toxapex|19/100
|move|p1a: Toxapex|Toxic Spikes|p2a: Dragonite
|-sidestart|p2: KurisuChestnutLab|move: Toxic Spikes
|
|-weather|Sandstorm|[upkeep]
|-damage|p2a: Dragonite|62/100 tox|[from] Sandstorm
|-damage|p1a: Toxapex|13/100|[from] Sandstorm
|-damage|p2a: Dragonite|44/100 tox|[from] psn
|upkeep
|turn|19
|
|t:|1781137625
|switch|p1a: Great Tusk|Great Tusk|100/100
|move|p2a: Dragonite|Earthquake|p1a: Great Tusk
|-damage|p1a: Great Tusk|75/100
|
|-weather|none
|-damage|p2a: Dragonite|19/100 tox|[from] psn
|upkeep
|turn|20
|
|t:|1781137633
|switch|p2a: Zapdos|Zapdos|100/100
|move|p1a: Great Tusk|Knock Off|p2a: Zapdos
|-damage|p2a: Zapdos|75/100
|-status|p1a: Great Tusk|par|[from] ability: Static|[of] p2a: Zapdos
|-enditem|p2a: Zapdos|Heavy-Duty Boots|[from] move: Knock Off|[of] p1a: Great Tusk
|
|upkeep
|turn|21
|
|t:|1781137641
|move|p2a: Zapdos|Hurricane|p1a: Great Tusk
|-supereffective|p1a: Great Tusk
|-damage|p1a: Great Tusk|0 fnt
|faint|p1a: Great Tusk
|-end|p1a: Great Tusk|Protosynthesis|[silent]
|
|upkeep
|
|t:|1781137644
|switch|p1a: Darkrai|Darkrai, tera:Dark|35/100
|turn|22
|
|t:|1781137647
|move|p1a: Darkrai|Dark Pulse|p2a: Zapdos
|-damage|p2a: Zapdos|0 fnt
|faint|p2a: Zapdos
|
|upkeep
|
|t:|1781137652
|switch|p2a: Dragonite|Dragonite, M|19/100 tox
|turn|23
|
|t:|1781137655
|switch|p1a: Toxapex|Toxapex, M|46/100
|move|p2a: Dragonite|Extreme Speed|p1a: Toxapex
|-damage|p1a: Toxapex|26/100
|-damage|p2a: Dragonite|3/100 tox|[from] item: Rocky Helmet|[of] p1a: Toxapex
|
|-damage|p2a: Dragonite|0 fnt|[from] psn
|faint|p2a: Dragonite
|upkeep
|
|t:|1781137662
|switch|p2a: Skarmory|Skarmory, M|100/100
|-damage|p2a: Skarmory|88/100|[from] Stealth Rock
|turn|24
|
|t:|1781137668
|move|p2a: Skarmory|Body Press|p1a: Toxapex
|-resisted|p1a: Toxapex
|-damage|p1a: Toxapex|17/100
|-damage|p2a: Skarmory|72/100|[from] item: Rocky Helmet|[of] p1a: Toxapex
|move|p1a: Toxapex|Chilling Water|p2a: Skarmory
|-damage|p2a: Skarmory|57/100
|-unboost|p2a: Skarmory|atk|1
|
|-heal|p2a: Skarmory|63/100|[from] item: Leftovers
|upkeep
|turn|25
|
|t:|1781137675
|move|p2a: Skarmory|Roost|p2a: Skarmory
|-heal|p2a: Skarmory|100/100
|-singleturn|p2a: Skarmory|move: Roost
|move|p1a: Toxapex|Chilling Water|p2a: Skarmory
|-damage|p2a: Skarmory|86/100
|-unboost|p2a: Skarmory|atk|1
|
|-heal|p2a: Skarmory|92/100|[from] item: Leftovers
|upkeep
|turn|26
|
|t:|1781137678
|move|p2a: Skarmory|Spikes|p1a: Toxapex
|-sidestart|p1: Gowtered|Spikes
|move|p1a: Toxapex|Chilling Water|p2a: Skarmory
|-damage|p2a: Skarmory|79/100
|-unboost|p2a: Skarmory|atk|1
|
|-heal|p2a: Skarmory|85/100|[from] item: Leftovers
|upkeep
|turn|27
|
|t:|1781137684
|switch|p1a: Ceruledge|Ceruledge, F|100/100
|-damage|p1a: Ceruledge|88/100|[from] Spikes
|move|p2a: Skarmory|Body Press|p1a: Ceruledge
|-immune|p1a: Ceruledge
|
|-heal|p2a: Skarmory|91/100|[from] item: Leftovers
|upkeep
|turn|28
|
|t:|1781137689
|move|p1a: Ceruledge|Swords Dance|p1a: Ceruledge
|-boost|p1a: Ceruledge|atk|2
|move|p2a: Skarmory|Roost|p2a: Skarmory
|-heal|p2a: Skarmory|100/100
|-singleturn|p2a: Skarmory|move: Roost
|
|upkeep
|turn|29
|
|t:|1781137692
|move|p1a: Ceruledge|Bitter Blade|p2a: Skarmory
|-supereffective|p2a: Skarmory
|-damage|p2a: Skarmory|2/100
|-heal|p1a: Ceruledge|100/100|[from] drain|[of] p2a: Skarmory
|move|p2a: Skarmory|Roost|p2a: Skarmory
|-heal|p2a: Skarmory|52/100
|-singleturn|p2a: Skarmory|move: Roost
|
|-heal|p2a: Skarmory|58/100|[from] item: Leftovers
|upkeep
|turn|30
|
|t:|1781137697
|move|p1a: Ceruledge|Bitter Blade|p2a: Skarmory
|-supereffective|p2a: Skarmory
|-damage|p2a: Skarmory|0 fnt
|faint|p2a: Skarmory
|
|upkeep
|
|t:|1781137702
|switch|p2a: Slowking|Slowking, M|100/100
|turn|31
|
|t:|1781137709
|move|p1a: Ceruledge|Poltergeist|p2a: Slowking
|-activate|p2a: Slowking|move: Poltergeist|Heavy-Duty Boots
|-supereffective|p2a: Slowking
|-damage|p2a: Slowking|0 fnt
|faint|p2a: Slowking
|
|win|Gowtered
|raw|Gowtered's rating: 1496 &rarr; <strong>1523</strong><br />(+27 for winning)
|raw|KurisuChestnutLab's rating: 1626 &rarr; <strong>1599</strong><br />(-27 for losing)
