|j|☆Acastillo631
|j|☆Mkap
|t:|1781103078
|gametype|singles
|player|p1|Acastillo631|silver|1523
|player|p2|Mkap|101|1556
|gen|9
|tier|[Gen 9] OU
|rated|
|rule|HP Percentage Mod: HP is shown in percentages
|rule|Endless Battle Clause: Forcing endless battles is banned
|rule|Species Clause: Limit one of each Pokémon
|rule|OHKO Clause: OHKO moves are banned
|rule|Evasion Items Clause: Evasion items are banned
|rule|Evasion Moves Clause: Evasion moves are banned
|rule|Evasion Abilities Clause: Evasion abilities are banned
|rule|Sleep Moves Clause: Sleep-inducing moves are banned
|clearpoke
|poke|p1|Iron Valiant|
|poke|p1|Sinistcha|
|poke|p1|Tyranitar, M|
|poke|p1|Klefki, F|
|poke|p1|Swampert, F|
|poke|p1|Talonflame, M|
|poke|p2|Chesnaught, F|
|poke|p2|Iron Treads|
|poke|p2|Raging Bolt|
|poke|p2|Enamorus, F|
|poke|p2|Manaphy|
|poke|p2|Zamazenta-*|
|teampreview
|
|t:|1781103099
|teamsize|p1|6
|teamsize|p2|6
|start
|switch|p1a: Redips|Klefki, F|100/100
|switch|p2a: Iron Treads|Iron Treads|100/100
|-enditem|p2a: Iron Treads|Booster Energy
|-activate|p2a: Iron Treads|ability: Quark Drive|[fromitem]
|-start|p2a: Iron Treads|quarkdrivespe
|turn|1
|
|t:|1781103102
|move|p1a: Redips|Magnet Rise|p1a: Redips
|-start|p1a: Redips|Magnet Rise
|move|p2a: Iron Treads|Earth Power|p1a: Redips
|-immune|p1a: Redips
|
|upkeep
|turn|2
|
|t:|1781103105
|move|p1a: Redips|Spikes|p2a: Iron Treads
|-sidestart|p2: Mkap|Spikes
|move|p2a: Iron Treads|Stealth Rock|p1a: Redips
|-sidestart|p1: Acastillo631|move: Stealth Rock
|
|upkeep
|turn|3
|
|t:|1781103107
|move|p2a: Iron Treads|Rapid Spin|p1a: Redips
|-resisted|p1a: Redips
|-damage|p1a: Redips|95/100
|-boost|p2a: Iron Treads|spe|1
|-damage|p2a: Iron Treads|84/100|[from] item: Rocky Helmet|[of] p1a: Redips
|-sideend|p2: Mkap|Spikes|[from] move: Rapid Spin|[of] p2a: Iron Treads
|move|p1a: Redips|Dazzling Gleam|p2a: Iron Treads
|-resisted|p2a: Iron Treads
|-damage|p2a: Iron Treads|66/100
|
|upkeep
|turn|4
|
|t:|1781103111
|move|p1a: Redips|Spikes|p2a: Iron Treads
|-sidestart|p2: Mkap|Spikes
|move|p2a: Iron Treads|Steel Beam|p1a: Redips
|-damage|p1a: Redips|36/100
|-damage|p2a: Iron Treads|16/100|[from] steelbeam
|
|upkeep
|turn|5
|
|t:|1781103115
|switch|p1a: Duff Mcwhalen|Swampert, F|100/100
|-damage|p1a: Duff Mcwhalen|94/100|[from] Stealth Rock
|move|p2a: Iron Treads|Rapid Spin|p1a: Duff Mcwhalen
|-damage|p1a: Duff Mcwhalen|83/100
|-boost|p2a: Iron Treads|spe|1
|-sideend|p2: Mkap|Spikes|[from] move: Rapid Spin|[of] p2a: Iron Treads
|
|-heal|p1a: Duff Mcwhalen|89/100|[from] item: Leftovers
|upkeep
|turn|6
|
|t:|1781103118
|move|p2a: Iron Treads|Earth Power|p1a: Duff Mcwhalen
|-damage|p1a: Duff Mcwhalen|66/100
|move|p1a: Duff Mcwhalen|Stealth Rock|p2a: Iron Treads
|-sidestart|p2: Mkap|move: Stealth Rock
|
|-heal|p1a: Duff Mcwhalen|73/100|[from] item: Leftovers
|upkeep
|turn|7
|
|t:|1781103121
|switch|p1a: Wire Sponge|Sinistcha|100/100
|move|p2a: Iron Treads|Rapid Spin|p1a: Wire Sponge
|-immune|p1a: Wire Sponge
|
|upkeep
|turn|8
|j| whatevadontcare
|
|t:|1781103123
|switch|p1a: Talonflame|Talonflame, M|100/100
|move|p2a: Iron Treads|Steel Beam|p1a: Talonflame
|-resisted|p1a: Talonflame
|-damage|p1a: Talonflame|70/100
|-damage|p2a: Iron Treads|0 fnt|[from] steelbeam
|faint|p2a: Iron Treads
|-end|p2a: Iron Treads|Quark Drive|[silent]
|
|upkeep
|
|t:|1781103138
|switch|p2a: Raging Bolt|Raging Bolt|100/100
|-damage|p2a: Raging Bolt|88/100|[from] Stealth Rock
|turn|9
|
|t:|1781103146
|switch|p1a: Eregion|Tyranitar, M|100/100
|-damage|p1a: Eregion|88/100|[from] Stealth Rock
|-weather|Sandstorm|[from] ability: Sand Stream|[of] p1a: Eregion
|move|p2a: Raging Bolt|Calm Mind|p2a: Raging Bolt
|-boost|p2a: Raging Bolt|spa|1
|-boost|p2a: Raging Bolt|spd|1
|
|-weather|Sandstorm|[upkeep]
|-damage|p2a: Raging Bolt|82/100|[from] Sandstorm
|-heal|p2a: Raging Bolt|88/100|[from] item: Leftovers
|-heal|p1a: Eregion|94/100|[from] item: Leftovers
|upkeep
|turn|10
|
|t:|1781103151
|move|p2a: Raging Bolt|Draco Meteor|p1a: Eregion
|-damage|p1a: Eregion|49/100
|-unboost|p2a: Raging Bolt|spa|2
|move|p1a: Eregion|Knock Off|p2a: Raging Bolt
|-damage|p2a: Raging Bolt|52/100
|-enditem|p2a: Raging Bolt|Leftovers|[from] move: Knock Off|[of] p1a: Eregion
|
|-weather|Sandstorm|[upkeep]
|-damage|p2a: Raging Bolt|46/100|[from] Sandstorm
|-heal|p1a: Eregion|55/100|[from] item: Leftovers
|upkeep
|turn|11
|
|t:|1781103155
|-end|p2a: Raging Bolt|Protosynthesis|[silent]
|switch|p2a: Zamazenta|Zamazenta|100/100
|-damage|p2a: Zamazenta|94/100|[from] Stealth Rock
|-ability|p2a: Zamazenta|Dauntless Shield|boost
|-boost|p2a: Zamazenta|def|1
|move|p1a: Eregion|Roar|p2a: Zamazenta
|drag|p2a: Enamorus|Enamorus, F|100/100
|-damage|p2a: Enamorus|76/100|[from] Stealth Rock
|
|-weather|Sandstorm|[upkeep]
|-damage|p2a: Enamorus|69/100|[from] Sandstorm
|-heal|p1a: Eregion|61/100|[from] item: Leftovers
|upkeep
|turn|12
|l|☆Acastillo631
|player|p1|
|j|☆Acastillo631
|player|p1|Acastillo631|silver|
|
|t:|1781103186
|move|p2a: Enamorus|Moonblast|p1a: Eregion
|-supereffective|p1a: Eregion
|-damage|p1a: Eregion|13/100
|-unboost|p1a: Eregion|spa|1
|move|p1a: Eregion|Ice Beam|p2a: Enamorus
|-supereffective|p2a: Enamorus
|-damage|p2a: Enamorus|32/100
|
|-weather|Sandstorm|[upkeep]
|-damage|p2a: Enamorus|26/100|[from] Sandstorm
|-heal|p1a: Eregion|19/100|[from] item: Leftovers
|upkeep
|turn|13
|
|t:|1781103198
|move|p2a: Enamorus|Moonblast|p1a: Eregion
|-supereffective|p1a: Eregion
|-damage|p1a: Eregion|0 fnt
|faint|p1a: Eregion
|
|-weather|none
|upkeep
|
|t:|1781103201
|switch|p1a: Talonflame|Talonflame, M|70/100
|turn|14
|
|t:|1781103207
|switch|p2a: Raging Bolt|Raging Bolt|46/100
|-damage|p2a: Raging Bolt|34/100|[from] Stealth Rock
|move|p1a: Talonflame|Flamethrower|p2a: Raging Bolt
|-resisted|p2a: Raging Bolt
|-damage|p2a: Raging Bolt|23/100
|
|upkeep
|turn|15
|
|t:|1781103218
|switch|p1a: Sage Harpuia|Iron Valiant|100/100
|-damage|p1a: Sage Harpuia|94/100|[from] Stealth Rock
|-enditem|p1a: Sage Harpuia|Booster Energy
|-activate|p1a: Sage Harpuia|ability: Quark Drive|[fromitem]
|-start|p1a: Sage Harpuia|quarkdrivespe
|move|p2a: Raging Bolt|Draco Meteor|p1a: Sage Harpuia
|-immune|p1a: Sage Harpuia
|
|upkeep
|turn|16
|
|t:|1781103226
|-end|p2a: Raging Bolt|Protosynthesis|[silent]
|switch|p2a: Manaphy|Manaphy|100/100
|-damage|p2a: Manaphy|88/100|[from] Stealth Rock
|move|p1a: Sage Harpuia|Encore||[still]
|-fail|p1a: Sage Harpuia
|
|-heal|p2a: Manaphy|94/100|[from] item: Leftovers
|upkeep
|turn|17
|
|t:|1781103230
|move|p1a: Sage Harpuia|Moonblast|p2a: Manaphy
|-damage|p2a: Manaphy|46/100
|move|p2a: Manaphy|Alluring Voice|p1a: Sage Harpuia
|-supereffective|p1a: Sage Harpuia
|-damage|p1a: Sage Harpuia|2/100
|
|-heal|p2a: Manaphy|52/100|[from] item: Leftovers
|upkeep
|turn|18
|
|t:|1781103241
|move|p1a: Sage Harpuia|Destiny Bond|p1a: Sage Harpuia
|-singlemove|p1a: Sage Harpuia|Destiny Bond
|move|p2a: Manaphy|Surf|p1a: Sage Harpuia
|-damage|p1a: Sage Harpuia|0 fnt
|faint|p1a: Sage Harpuia
|-activate|p1a: Sage Harpuia|move: Destiny Bond
|-end|p1a: Sage Harpuia|Quark Drive|[silent]
|faint|p2a: Manaphy
|
|upkeep
|
|t:|1781103256
|switch|p1a: Duff Mcwhalen|Swampert, F|73/100
|switch|p2a: Enamorus|Enamorus, F|26/100
|-damage|p2a: Enamorus|1/100|[from] Stealth Rock
|-damage|p1a: Duff Mcwhalen|66/100|[from] Stealth Rock
|turn|19
|
|t:|1781103260
|move|p2a: Enamorus|Healing Wish|p2a: Enamorus
|faint|p2a: Enamorus
|move|p1a: Duff Mcwhalen|Knock Off|p2: Enamorus|[notarget]
|-fail|p1a: Duff Mcwhalen
|
|-heal|p1a: Duff Mcwhalen|73/100|[from] item: Leftovers
|upkeep
|
|t:|1781103267
|switch|p2a: Chesnaught|Chesnaught, F|100/100
|-damage|p2a: Chesnaught|95/100|[from] Stealth Rock
|turn|20
|
|t:|1781103272
|switch|p1a: Talonflame|Talonflame, M|70/100
|move|p2a: Chesnaught|Belly Drum|p2a: Chesnaught
|-damage|p2a: Chesnaught|45/100
|-setboost|p2a: Chesnaught|atk|6|[from] move: Belly Drum
|
|upkeep
|turn|21
|
|t:|1781103279
|-terastallize|p2a: Chesnaught|Fire
|move|p1a: Talonflame|Flamethrower|p2a: Chesnaught
|-resisted|p2a: Chesnaught
|-damage|p2a: Chesnaught|27/100
|move|p2a: Chesnaught|Drain Punch|p1a: Talonflame
|-resisted|p1a: Talonflame
|-damage|p1a: Talonflame|0 fnt
|-heal|p2a: Chesnaught|66/100|[from] drain|[of] p1a: Talonflame
|faint|p1a: Talonflame
|
|upkeep
|
|t:|1781103282
|switch|p1a: Wire Sponge|Sinistcha|100/100
|turn|22
|
|t:|1781103290
|-terastallize|p1a: Wire Sponge|Poison
|move|p2a: Chesnaught|Knock Off|p1a: Wire Sponge
|-damage|p1a: Wire Sponge|17/100
|-enditem|p1a: Wire Sponge|Heavy-Duty Boots|[from] move: Knock Off|[of] p2a: Chesnaught
|move|p1a: Wire Sponge|Calm Mind|p1a: Wire Sponge
|-boost|p1a: Wire Sponge|spa|1
|-boost|p1a: Wire Sponge|spd|1
|
|upkeep
|turn|23
|
|t:|1781103297
|switch|p1a: Duff Mcwhalen|Swampert, F|73/100
|-damage|p1a: Duff Mcwhalen|66/100|[from] Stealth Rock
|move|p2a: Chesnaught|Drain Punch|p1a: Duff Mcwhalen
|-damage|p1a: Duff Mcwhalen|0 fnt
|-heal|p2a: Chesnaught|100/100|[from] drain|[of] p1a: Duff Mcwhalen
|faint|p1a: Duff Mcwhalen
|
|upkeep
|
|t:|1781103298
|switch|p1a: Redips|Klefki, F|36/100
|-damage|p1a: Redips|30/100|[from] Stealth Rock
|turn|24
|
|t:|1781103302
|move|p1a: Redips|Thunder Wave|p2a: Chesnaught
|-status|p2a: Chesnaught|par
|move|p2a: Chesnaught|Drain Punch|p1a: Redips
|-damage|p1a: Redips|0 fnt
|-damage|p2a: Chesnaught|84/100 par|[from] item: Rocky Helmet|[of] p1a: Redips
|faint|p1a: Redips
|
|upkeep
|
|t:|1781103305
|switch|p1a: Wire Sponge|Sinistcha, tera:Poison|17/100
|-damage|p1a: Wire Sponge|5/100|[from] Stealth Rock
|turn|25
|
|t:|1781103310
|move|p1a: Wire Sponge|Strength Sap|p2a: Chesnaught
|-unboost|p2a: Chesnaught|atk|1
|-heal|p1a: Wire Sponge|100/100
|move|p2a: Chesnaught|Drain Punch|p1a: Wire Sponge
|-resisted|p1a: Wire Sponge
|-damage|p1a: Wire Sponge|58/100
|-heal|p2a: Chesnaught|100/100 par|[from] drain|[of] p1a: Wire Sponge
|
|upkeep
|turn|26
|
|t:|1781103318
|switch|p2a: Raging Bolt|Raging Bolt|23/100
|-heal|p2a: Raging Bolt|100/100|[from] move: Healing Wish
|-damage|p2a: Raging Bolt|88/100|[from] Stealth Rock
|move|p1a: Wire Sponge|Calm Mind|p1a: Wire Sponge
|-boost|p1a: Wire Sponge|spa|1
|-boost|p1a: Wire Sponge|spd|1
|
|upkeep
|turn|27
|
|t:|1781103321
|move|p2a: Raging Bolt|Draco Meteor|p1a: Wire Sponge
|-damage|p1a: Wire Sponge|0 fnt
|-unboost|p2a: Raging Bolt|spa|2
|faint|p1a: Wire Sponge
|
|win|Mkap
|raw|Acastillo631's rating: 1523 &rarr; <strong>1505</strong><br />(-18 for losing)
|raw|Mkap's rating: 1556 &rarr; <strong>1574</strong><br />(+18 for winning)
|l|☆Acastillo631
|player|p1|
|l|☆Mkap
|player|p2|
|l| whatevadontcare
