|badge|p1|bronze|gen9ou|100-9
|uhtml|medal-msg|<div class="broadcast-blue">Curious what those medals under the avatar are? PS now has Ladder Seasons! For more information, check out the <a href="https://www.smogon.com/forums/threads/3740067/">thread on Smogon.</a></div>
|badge|p2|bronze|gen9ou|100-9
|uhtml|medal-msg|<div class="broadcast-blue">Curious what those medals under the avatar are? PS now has Ladder Seasons! For more information, check out the <a href="https://www.smogon.com/forums/threads/3740067/">thread on Smogon.</a></div>
|j|☆crck like alakazam
|j|☆Auburn Hills
|t:|1781561512
|gametype|singles
|player|p1|crck like alakazam|psychic-gen4|1877
|player|p2|Auburn Hills|alder|1834
|gen|9
|tier|[Gen 9] OU
|rated|
|rule|HP Percentage Mod: HP is shown in percentages
|rule|Endless Battle Clause: Forcing endless battles is banned
|rule|Species Clause: Limit one of each Pokémon
|rule|OHKO Clause: OHKO moves are banned
|rule|Evasion Items Clause: Evasion items are banned
|rule|Evasion Moves Clause: Evasion moves are banned
|rule|Evasion Abilities Clause: Evasion abilities are banned
|rule|Sleep Moves Clause: Sleep-inducing moves are banned
|clearpoke
|poke|p1|Iron Treads|
|poke|p1|Pelipper, M|
|poke|p1|Dondozo, M|
|poke|p1|Overqwil, F|
|poke|p1|Enamorus, F|
|poke|p1|Raging Bolt|
|poke|p2|Iron Moth|
|poke|p2|Umbreon, F|
|poke|p2|Garchomp, M|
|poke|p2|Glimmora, F|
|poke|p2|Gholdengo|
|poke|p2|Dragonite, M|
|teampreview
|inactive|Battle timer is ON: inactive players will automatically lose when time's up. (requested by crck like alakazam)
|j| padd35
|inactive|crck like alakazam has 120 seconds left.
|
|t:|1781561551
|teamsize|p1|6
|teamsize|p2|6
|start
|switch|p1a: C.T.E.Spins|Iron Treads|100/100
|switch|p2a: Rat Tally|Garchomp, M|100/100
|-enditem|p1a: C.T.E.Spins|Booster Energy
|-activate|p1a: C.T.E.Spins|ability: Quark Drive|[fromitem]
|-start|p1a: C.T.E.Spins|quarkdrivespe
|turn|1
|
|t:|1781561563
|-end|p1a: C.T.E.Spins|Quark Drive|[silent]
|switch|p1a: 4Pc Peliac Combo|Pelipper, M|100/100
|-weather|RainDance|[from] ability: Drizzle|[of] p1a: 4Pc Peliac Combo
|move|p2a: Rat Tally|Earthquake|p1a: 4Pc Peliac Combo
|-immune|p1a: 4Pc Peliac Combo
|
|-weather|RainDance|[upkeep]
|upkeep
|turn|2
|
|t:|1781561569
|switch|p1a: GangStarrFromAbove|Enamorus, F|100/100
|move|p2a: Rat Tally|Scale Shot|p1a: GangStarrFromAbove
|-immune|p1a: GangStarrFromAbove
|
|-weather|RainDance|[upkeep]
|upkeep
|turn|3
|
|t:|1781561591
|switch|p2a: Carly Rae|Iron Moth|100/100
|-enditem|p2a: Carly Rae|Booster Energy
|-activate|p2a: Carly Rae|ability: Quark Drive|[fromitem]
|-start|p2a: Carly Rae|quarkdrivespe
|move|p1a: GangStarrFromAbove|Weather Ball|p2a: Carly Rae
|-supereffective|p2a: Carly Rae
|-damage|p2a: Carly Rae|0 fnt
|faint|p2a: Carly Rae
|-end|p2a: Carly Rae|Quark Drive|[silent]
|
|-weather|RainDance|[upkeep]
|upkeep
|
|t:|1781561595
|switch|p2a: Elucid|Dragonite, M|100/100
|turn|4
|
|t:|1781561600
|switch|p1a: WishABozoWould|Dondozo, M|100/100
|move|p2a: Elucid|Ice Spinner|p1a: WishABozoWould
|-resisted|p1a: WishABozoWould
|-damage|p1a: WishABozoWould|91/100
|
|-weather|RainDance|[upkeep]
|upkeep
|turn|5
|
|t:|1781561607
|switch|p2a: Glimmora|Glimmora, F|100/100
|move|p1a: WishABozoWould|Wave Crash|p2a: Glimmora
|-supereffective|p2a: Glimmora
|-enditem|p2a: Glimmora|Focus Sash
|-damage|p2a: Glimmora|1/100
|-activate|p2a: Glimmora|ability: Toxic Debris
|-sidestart|p1: crck like alakazam|move: Toxic Spikes
|-damage|p1a: WishABozoWould|68/100|[from] Recoil
|
|-weather|RainDance|[upkeep]
|upkeep
|turn|6
|
|t:|1781561610
|switch|p1a: C.T.E.Spins|Iron Treads|100/100
|move|p2a: Glimmora|Sludge Wave|p1a: C.T.E.Spins
|-immune|p1a: C.T.E.Spins
|
|-weather|RainDance|[upkeep]
|upkeep
|turn|7
|
|t:|1781561614
|-terastallize|p2a: Glimmora|Ghost
|move|p1a: C.T.E.Spins|Earthquake|p2a: Glimmora
|-damage|p2a: Glimmora|0 fnt
|-activate|p2a: Glimmora|ability: Toxic Debris
|-sidestart|p1: crck like alakazam|move: Toxic Spikes
|faint|p2a: Glimmora
|
|-weather|RainDance|[upkeep]
|upkeep
|
|t:|1781561620
|switch|p2a: Elucid|Dragonite, M|100/100
|turn|8
|
|t:|1781561623
|move|p1a: C.T.E.Spins|Volt Switch|p2a: Elucid
|-crit|p2a: Elucid
|-damage|p2a: Elucid|92/100
|
|t:|1781561629
|-end|p1a: C.T.E.Spins|Quark Drive|[silent]
|switch|p1a: PurpleRain|Overqwil, F, shiny|100/100|[from] Volt Switch
|-sideend|p1: crck like alakazam|move: Toxic Spikes|[of] p1a: PurpleRain
|move|p2a: Elucid|Earthquake|p1a: PurpleRain
|-supereffective|p1a: PurpleRain
|-damage|p1a: PurpleRain|16/100
|
|-weather|none
|upkeep
|turn|9
|
|t:|1781561632
|switch|p1a: 4Pc Peliac Combo|Pelipper, M|100/100
|-weather|RainDance|[from] ability: Drizzle|[of] p1a: 4Pc Peliac Combo
|move|p2a: Elucid|Dragon Dance|p2a: Elucid
|-boost|p2a: Elucid|atk|1
|-boost|p2a: Elucid|spe|1
|
|-weather|RainDance|[upkeep]
|upkeep
|turn|10
|
|t:|1781561639
|move|p2a: Elucid|Ice Spinner|p1a: 4Pc Peliac Combo
|-damage|p1a: 4Pc Peliac Combo|65/100
|move|p1a: 4Pc Peliac Combo|Hurricane|p2a: Elucid
|-damage|p2a: Elucid|52/100
|
|-weather|RainDance|[upkeep]
|upkeep
|turn|11
|
|t:|1781561643
|move|p2a: Elucid|Ice Spinner|p1a: 4Pc Peliac Combo
|-damage|p1a: 4Pc Peliac Combo|29/100
|move|p1a: 4Pc Peliac Combo|U-turn|p2a: Elucid
|-resisted|p2a: Elucid
|-damage|p2a: Elucid|47/100
|
|t:|1781561646
|switch|p1a: WishABozoWould|Dondozo, M|68/100|[from] U-turn
|
|-weather|RainDance|[upkeep]
|upkeep
|turn|12
|
|t:|1781561649
|switch|p2a: Smino|Gholdengo|100/100
|move|p1a: WishABozoWould|Wave Crash|p2a: Smino
|-damage|p2a: Smino|0 fnt
|faint|p2a: Smino
|-damage|p1a: WishABozoWould|45/100|[from] Recoil
|
|-weather|RainDance|[upkeep]
|upkeep
|
|t:|1781561651
|switch|p2a: Rat Tally|Garchomp, M|100/100
|turn|13
|
|t:|1781561655
|move|p2a: Rat Tally|Poison Jab|p1a: WishABozoWould
|-damage|p1a: WishABozoWould|27/100
|move|p1a: WishABozoWould|Wave Crash|p2a: Rat Tally
|-damage|p2a: Rat Tally|0 fnt
|-damage|p1a: WishABozoWould|15/100|[from] ability: Rough Skin|[of] p2a: Rat Tally
|faint|p2a: Rat Tally
|-damage|p1a: WishABozoWould|0 fnt|[from] Recoil
|faint|p1a: WishABozoWould
|
|-weather|RainDance|[upkeep]
|upkeep
|-message|Auburn Hills forfeited.
|
|win|crck like alakazam
|raw|crck like alakazam's rating: 1877 &rarr; <strong>1895</strong><br />(+18 for winning)
|raw|Auburn Hills's rating: 1834 &rarr; <strong>1816</strong><br />(-18 for losing)
|l|☆Auburn Hills
|player|p2|
|j| nepturee
|l|☆crck like alakazam
|player|p1|
|l| nepturee
|l| padd35
