|j|☆kadu99
|j|☆extra-pseudo man
|t:|1781058895
|gametype|singles
|player|p1|kadu99|policeman-gen4|1564
|player|p2|extra-pseudo man|2|1613
|gen|9
|tier|[Gen 9] OU
|rated|
|rule|HP Percentage Mod: HP is shown in percentages
|rule|Endless Battle Clause: Forcing endless battles is banned
|rule|Species Clause: Limit one of each Pokémon
|rule|OHKO Clause: OHKO moves are banned
|rule|Evasion Items Clause: Evasion items are banned
|rule|Evasion Moves Clause: Evasion moves are banned
|rule|Evasion Abilities Clause: Evasion abilities are banned
|rule|Sleep Moves Clause: Sleep-inducing moves are banned
|clearpoke
|poke|p1|Cinderace, M|
|poke|p1|Ting-Lu|
|poke|p1|Garganacl, F|
|poke|p1|Weezing-Galar, M|
|poke|p1|Alomomola, M|
|poke|p1|Kyurem|
|poke|p2|Dragonite, F|
|poke|p2|Dragapult, M|
|poke|p2|Tyranitar, F|
|poke|p2|Metagross|
|poke|p2|Goodra-Hisui, F|
|poke|p2|Garchomp, F|
|teampreview
|inactive|Battle timer is ON: inactive players will automatically lose when time's up. (requested by kadu99)
|
|t:|1781058913
|teamsize|p1|6
|teamsize|p2|6
|start
|switch|p1a: Ting-Lu|Ting-Lu, shiny|100/100
|switch|p2a: He pulten on it|Dragapult, M|100/100
|-ability|p1a: Ting-Lu|Vessel of Ruin
|turn|1
|
|t:|1781058920
|move|p2a: He pulten on it|Will-O-Wisp|p1a: Ting-Lu
|-status|p1a: Ting-Lu|brn
|move|p1a: Ting-Lu|Stealth Rock|p2a: He pulten on it
|-sidestart|p2: extra-pseudo man|move: Stealth Rock
|
|-damage|p1a: Ting-Lu|94/100 brn|[from] brn
|upkeep
|turn|2
|
|t:|1781058922
|move|p2a: He pulten on it|U-turn|p1a: Ting-Lu
|-supereffective|p1a: Ting-Lu
|-damage|p1a: Ting-Lu|75/100 brn
|
|t:|1781058924
|switch|p2a: Marill me|Garchomp, F|100/100|[from] U-turn
|-damage|p2a: Marill me|94/100|[from] Stealth Rock
|move|p1a: Ting-Lu|Ruination|p2a: Marill me
|-damage|p2a: Marill me|47/100
|
|-heal|p1a: Ting-Lu|81/100 brn|[from] item: Leftovers
|-damage|p1a: Ting-Lu|75/100 brn|[from] brn
|upkeep
|turn|3
|
|t:|1781058937
|switch|p1a: Alomomola|Alomomola, M, shiny|100/100
|move|p2a: Marill me|Earthquake|p1a: Alomomola
|-damage|p1a: Alomomola|76/100
|
|upkeep
|turn|4
|
|t:|1781058955
|move|p2a: Marill me|Spikes|p1a: Alomomola
|-sidestart|p1: kadu99|Spikes
|move|p1a: Alomomola|Wish|p1a: Alomomola
|
|upkeep
|turn|5
|
|t:|1781058958
|move|p1a: Alomomola|Flip Turn|p2a: Marill me
|-damage|p2a: Marill me|36/100
|-damage|p1a: Alomomola|63/100|[from] ability: Rough Skin|[of] p2a: Marill me
|-damage|p1a: Alomomola|47/100|[from] item: Rocky Helmet|[of] p2a: Marill me
|
|t:|1781058969
|switch|p1a: Weezing|Weezing-Galar, M|100/100|[from] Flip Turn
|-ability|p1a: Weezing|Neutralizing Gas
|-damage|p1a: Weezing|88/100|[from] Spikes
|move|p2a: Marill me|Dragon Tail|p1a: Weezing
|-immune|p1a: Weezing
|
|-heal|p1a: Weezing|100/100|[from] move: Wish|[wisher] Alomomola
|upkeep
|turn|6
|
|t:|1781058980
|switch|p2a: The goot|Goodra-Hisui, F|100/100
|-damage|p2a: The goot|94/100|[from] Stealth Rock
|-end|p1a: Weezing|ability: Neutralizing Gas
|switch|p1a: Alomomola|Alomomola, M, shiny|80/100
|-damage|p1a: Alomomola|68/100|[from] Spikes
|
|upkeep
|turn|7
|
|t:|1781058993
|switch|p1a: Ting-Lu|Ting-Lu, shiny|75/100 brn
|-damage|p1a: Ting-Lu|62/100 brn|[from] Spikes
|-ability|p1a: Ting-Lu|Vessel of Ruin
|move|p2a: The goot|Thunderbolt|p1a: Ting-Lu
|-immune|p1a: Ting-Lu
|
|-heal|p1a: Ting-Lu|69/100 brn|[from] item: Leftovers
|-damage|p1a: Ting-Lu|62/100 brn|[from] brn
|upkeep
|turn|8
|
|t:|1781058998
|switch|p2a: Marill me|Garchomp, F|36/100
|-damage|p2a: Marill me|30/100|[from] Stealth Rock
|move|p1a: Ting-Lu|Ruination|p2a: Marill me
|-damage|p2a: Marill me|15/100
|
|-heal|p1a: Ting-Lu|69/100 brn|[from] item: Leftovers
|-damage|p1a: Ting-Lu|62/100 brn|[from] brn
|upkeep
|turn|9
|
|t:|1781059001
|switch|p1a: Alomomola|Alomomola, M, shiny|100/100
|-damage|p1a: Alomomola|88/100|[from] Spikes
|move|p2a: Marill me|Earthquake|p1a: Alomomola
|-damage|p1a: Alomomola|63/100
|
|upkeep
|turn|10
|
|t:|1781059006
|move|p2a: Marill me|Spikes|p1a: Alomomola
|-sidestart|p1: kadu99|Spikes
|move|p1a: Alomomola|Wish|p1a: Alomomola
|
|upkeep
|turn|11
|
|t:|1781059012
|move|p1a: Alomomola|Flip Turn|p2a: Marill me
|-damage|p2a: Marill me|5/100
|-damage|p1a: Alomomola|51/100|[from] ability: Rough Skin|[of] p2a: Marill me
|-damage|p1a: Alomomola|34/100|[from] item: Rocky Helmet|[of] p2a: Marill me
|
|t:|1781059015
|switch|p1a: Weezing|Weezing-Galar, M|100/100|[from] Flip Turn
|-ability|p1a: Weezing|Neutralizing Gas
|-damage|p1a: Weezing|84/100|[from] Spikes
|move|p2a: Marill me|Dragon Tail|p1a: Weezing
|-immune|p1a: Weezing
|
|-heal|p1a: Weezing|100/100|[from] move: Wish|[wisher] Alomomola
|upkeep
|turn|12
|
|t:|1781059022
|move|p2a: Marill me|Earthquake|p1a: Weezing
|-supereffective|p1a: Weezing
|-damage|p1a: Weezing|41/100
|move|p1a: Weezing|Will-O-Wisp|p2a: Marill me|[miss]
|-miss|p1a: Weezing|p2a: Marill me
|
|-heal|p1a: Weezing|47/100|[from] item: Leftovers
|upkeep
|turn|13
|
|t:|1781059026
|move|p1a: Weezing|Protect|p1a: Weezing
|-singleturn|p1a: Weezing|Protect
|move|p2a: Marill me|Earthquake|p1a: Weezing
|-activate|p1a: Weezing|move: Protect
|
|-heal|p1a: Weezing|53/100|[from] item: Leftovers
|upkeep
|turn|14
|
|t:|1781059029
|-end|p1a: Weezing|ability: Neutralizing Gas
|switch|p1a: Alomomola|Alomomola, M, shiny|68/100
|-damage|p1a: Alomomola|51/100|[from] Spikes
|move|p2a: Marill me|Earthquake|p1a: Alomomola
|-damage|p1a: Alomomola|30/100
|
|upkeep
|turn|15
|
|t:|1781059032
|move|p2a: Marill me|Earthquake|p1a: Alomomola
|-damage|p1a: Alomomola|6/100
|move|p1a: Alomomola|Wish|p1a: Alomomola
|
|upkeep
|turn|16
|
|t:|1781059038
|move|p1a: Alomomola|Protect|p1a: Alomomola
|-singleturn|p1a: Alomomola|Protect
|move|p2a: Marill me|Earthquake|p1a: Alomomola
|-activate|p1a: Alomomola|move: Protect
|
|-heal|p1a: Alomomola|56/100|[from] move: Wish|[wisher] Alomomola
|upkeep
|turn|17
|
|t:|1781059041
|move|p2a: Marill me|Earthquake|p1a: Alomomola
|-damage|p1a: Alomomola|34/100
|move|p1a: Alomomola|Wish|p1a: Alomomola
|
|upkeep
|turn|18
|
|t:|1781059047
|move|p1a: Alomomola|Protect|p1a: Alomomola
|-singleturn|p1a: Alomomola|Protect
|move|p2a: Marill me|Earthquake|p1a: Alomomola
|-activate|p1a: Alomomola|move: Protect
|
|-heal|p1a: Alomomola|84/100|[from] move: Wish|[wisher] Alomomola
|upkeep
|turn|19
|
|t:|1781059051
|switch|p2a: The goot|Goodra-Hisui, F|94/100
|-damage|p2a: The goot|88/100|[from] Stealth Rock
|move|p1a: Alomomola|Wish|p1a: Alomomola
|
|upkeep
|turn|20
|
|t:|1781059060
|switch|p2a: kaboom|Metagross|100/100
|-damage|p2a: kaboom|95/100|[from] Stealth Rock
|move|p1a: Alomomola|Flip Turn|p2a: kaboom
|-damage|p2a: kaboom|78/100
|
|t:|1781059074
|switch|p1a: Ting-Lu|Ting-Lu, shiny|62/100 brn|[from] Flip Turn
|-damage|p1a: Ting-Lu|46/100 brn|[from] Spikes
|-ability|p1a: Ting-Lu|Vessel of Ruin
|
|-heal|p1a: Ting-Lu|98/100 brn|[from] move: Wish|[wisher] Alomomola
|-heal|p1a: Ting-Lu|100/100 brn|[from] item: Leftovers
|-damage|p1a: Ting-Lu|94/100 brn|[from] brn
|upkeep
|turn|21
|
|t:|1781059083
|move|p2a: kaboom|Hammer Arm|p1a: Ting-Lu
|-supereffective|p1a: Ting-Lu
|-damage|p1a: Ting-Lu|25/100 brn
|-unboost|p2a: kaboom|spe|1
|move|p1a: Ting-Lu|Ruination|p2a: kaboom
|-damage|p2a: kaboom|39/100
|
|-heal|p1a: Ting-Lu|32/100 brn|[from] item: Leftovers
|-damage|p1a: Ting-Lu|25/100 brn|[from] brn
|upkeep
|turn|22
|
|t:|1781059093
|switch|p2a: He pulten on it|Dragapult, M|100/100
|switch|p1a: Alomomola|Alomomola, M, shiny|100/100
|-damage|p1a: Alomomola|84/100|[from] Spikes
|
|upkeep
|turn|23
|
|t:|1781059096
|move|p2a: He pulten on it|Will-O-Wisp|p1a: Alomomola
|-status|p1a: Alomomola|brn
|move|p1a: Alomomola|Wish|p1a: Alomomola
|
|-damage|p1a: Alomomola|78/100 brn|[from] brn
|upkeep
|turn|24
|
|t:|1781059100
|move|p2a: He pulten on it|Hex|p1a: Alomomola
|-damage|p1a: Alomomola|15/100 brn
|move|p1a: Alomomola|Flip Turn|p2a: He pulten on it
|-resisted|p2a: He pulten on it
|-damage|p2a: He pulten on it|95/100
|
|t:|1781059104
|switch|p1a: Ting-Lu|Ting-Lu, shiny|25/100 brn|[from] Flip Turn
|-damage|p1a: Ting-Lu|9/100 brn|[from] Spikes
|-ability|p1a: Ting-Lu|Vessel of Ruin
|
|-heal|p1a: Ting-Lu|61/100 brn|[from] move: Wish|[wisher] Alomomola
|-heal|p1a: Ting-Lu|67/100 brn|[from] item: Leftovers
|-damage|p1a: Ting-Lu|61/100 brn|[from] brn
|upkeep
|turn|25
|
|t:|1781059110
|move|p2a: He pulten on it|U-turn|p1a: Ting-Lu
|-supereffective|p1a: Ting-Lu
|-damage|p1a: Ting-Lu|41/100 brn
|
|t:|1781059111
|switch|p2a: kaboom|Metagross|39/100|[from] U-turn
|-damage|p2a: kaboom|33/100|[from] Stealth Rock
|move|p1a: Ting-Lu|Ruination|p2a: kaboom
|-damage|p2a: kaboom|17/100
|
|-heal|p1a: Ting-Lu|47/100 brn|[from] item: Leftovers
|-damage|p1a: Ting-Lu|41/100 brn|[from] brn
|upkeep
|turn|26
|
|t:|1781059120
|switch|p1a: Alomomola|Alomomola, M, shiny|49/100 brn
|-damage|p1a: Alomomola|32/100 brn|[from] Spikes
|move|p2a: kaboom|Hammer Arm|p1a: Alomomola
|-damage|p1a: Alomomola|3/100 brn
|-unboost|p2a: kaboom|spe|1
|-damage|p2a: kaboom|0 fnt|[from] item: Rocky Helmet|[of] p1a: Alomomola
|faint|p2a: kaboom
|
|-damage|p1a: Alomomola|0 fnt|[from] brn
|faint|p1a: Alomomola
|upkeep
|
|t:|1781059127
|switch|p2a: The goot|Goodra-Hisui, F|88/100
|switch|p1a: Cinderace|Cinderace, M|100/100
|-damage|p2a: The goot|82/100|[from] Stealth Rock
|turn|27
|
|t:|1781059137
|move|p1a: Cinderace|Pyro Ball|p2a: The goot
|-damage|p2a: The goot|19/100
|move|p2a: The goot|Draco Meteor|p1a: Cinderace
|-damage|p1a: Cinderace|0 fnt
|-unboost|p2a: The goot|spa|2
|faint|p1a: Cinderace
|
|upkeep
|
|t:|1781059140
|switch|p1a: Garganacl|Garganacl, F|100/100
|-damage|p1a: Garganacl|84/100|[from] Spikes
|turn|28
|
|t:|1781059143
|switch|p2a: Marill me|Garchomp, F|5/100
|-damage|p2a: Marill me|0 fnt|[from] Stealth Rock
|faint|p2a: Marill me
|move|p1a: Garganacl|Curse|p1a: Garganacl
|-unboost|p1a: Garganacl|spe|1
|-boost|p1a: Garganacl|atk|1
|-boost|p1a: Garganacl|def|1
|
|-heal|p1a: Garganacl|90/100|[from] item: Leftovers
|upkeep
|
|t:|1781059146
|switch|p2a: The goot|Goodra-Hisui, F|19/100
|-damage|p2a: The goot|12/100|[from] Stealth Rock
|turn|29
|
|t:|1781059150
|move|p1a: Garganacl|Protect|p1a: Garganacl
|-singleturn|p1a: Garganacl|Protect
|move|p2a: The goot|Thunderbolt|p1a: Garganacl
|-activate|p1a: Garganacl|move: Protect
|
|-heal|p1a: Garganacl|96/100|[from] item: Leftovers
|upkeep
|turn|30
|
|t:|1781059156
|switch|p2a: He pulten on it|Dragapult, M|95/100
|move|p1a: Garganacl|Curse|p1a: Garganacl
|-unboost|p1a: Garganacl|spe|1
|-boost|p1a: Garganacl|atk|1
|-boost|p1a: Garganacl|def|1
|
|-heal|p1a: Garganacl|100/100|[from] item: Leftovers
|upkeep
|turn|31
|
|t:|1781059165
|move|p2a: He pulten on it|Draco Meteor|p1a: Garganacl
|-damage|p1a: Garganacl|65/100
|-unboost|p2a: He pulten on it|spa|2
|move|p1a: Garganacl|Salt Cure|p2a: He pulten on it
|-damage|p2a: He pulten on it|56/100
|-start|p2a: He pulten on it|Salt Cure
|
|-heal|p1a: Garganacl|71/100|[from] item: Leftovers
|-damage|p2a: He pulten on it|44/100|[from] Salt Cure
|upkeep
|turn|32
|
|t:|1781059168
|switch|p2a: The goot|Goodra-Hisui, F|12/100
|-damage|p2a: The goot|6/100|[from] Stealth Rock
|move|p1a: Garganacl|Recover|p1a: Garganacl
|-heal|p1a: Garganacl|100/100
|
|upkeep
|turn|33
|
|t:|1781059177
|move|p1a: Garganacl|Protect|p1a: Garganacl
|-singleturn|p1a: Garganacl|Protect
|move|p2a: The goot|Draco Meteor|p1a: Garganacl
|-activate|p1a: Garganacl|move: Protect
|
|upkeep
|turn|34
|
|t:|1781059180
|move|p2a: The goot|Draco Meteor|p1a: Garganacl
|-damage|p1a: Garganacl|29/100
|-unboost|p2a: The goot|spa|2
|move|p1a: Garganacl|Recover|p1a: Garganacl
|-heal|p1a: Garganacl|79/100
|
|-heal|p1a: Garganacl|85/100|[from] item: Leftovers
|upkeep
|turn|35
|
|t:|1781059185
|move|p1a: Garganacl|Protect|p1a: Garganacl
|-singleturn|p1a: Garganacl|Protect
|move|p2a: The goot|Draco Meteor|p1a: Garganacl
|-activate|p1a: Garganacl|move: Protect
|
|-heal|p1a: Garganacl|91/100|[from] item: Leftovers
|upkeep
|turn|36
|
|t:|1781059190
|switch|p2a: He pulten on it|Dragapult, M|44/100
|move|p1a: Garganacl|Curse|p1a: Garganacl
|-unboost|p1a: Garganacl|spe|1
|-boost|p1a: Garganacl|atk|1
|-boost|p1a: Garganacl|def|1
|
|-heal|p1a: Garganacl|98/100|[from] item: Leftovers
|upkeep
|turn|37
|
|t:|1781059198
|move|p1a: Garganacl|Protect|p1a: Garganacl
|-singleturn|p1a: Garganacl|Protect
|move|p2a: He pulten on it|U-turn|p1a: Garganacl
|-activate|p1a: Garganacl|move: Protect
|
|-heal|p1a: Garganacl|100/100|[from] item: Leftovers
|upkeep
|turn|38
|
|t:|1781059204
|move|p2a: He pulten on it|Draco Meteor|p1a: Garganacl
|-damage|p1a: Garganacl|65/100
|-unboost|p2a: He pulten on it|spa|2
|move|p1a: Garganacl|Recover|p1a: Garganacl
|-heal|p1a: Garganacl|100/100
|
|upkeep
|turn|39
|
|t:|1781059208
|switch|p2a: The goot|Goodra-Hisui, F|6/100
|-damage|p2a: The goot|0 fnt|[from] Stealth Rock
|faint|p2a: The goot
|move|p1a: Garganacl|Salt Cure|p2: The goot|[notarget]
|-fail|p1a: Garganacl
|
|upkeep
|
|t:|1781059212
|switch|p2a: He pulten on it|Dragapult, M|44/100
|turn|40
|
|t:|1781059217
|switch|p2a: Chud|Dragonite, F|100/100
|move|p1a: Garganacl|Salt Cure|p2a: Chud
|-supereffective|p2a: Chud
|-damage|p2a: Chud|63/100
|-start|p2a: Chud|Salt Cure
|
|-damage|p2a: Chud|51/100|[from] Salt Cure
|upkeep
|turn|41
|-message|extra-pseudo man forfeited.
|
|win|kadu99
|raw|kadu99's rating: 1564 &rarr; <strong>1587</strong><br />(+23 for winning)
|raw|extra-pseudo man's rating: 1613 &rarr; <strong>1590</strong><br />(-23 for losing)
|l|☆extra-pseudo man
|player|p2|
