|j|☆bigtestsofbig
|j|☆ddukkes
|t:|1781085145
|gametype|singles
|player|p1|bigtestsofbig|265|1615
|player|p2|ddukkes|smasher|1629
|gen|9
|tier|[Gen 9] OU
|rated|
|rule|HP Percentage Mod: HP is shown in percentages
|rule|Endless Battle Clause: Forcing endless battles is banned
|rule|Species Clause: Limit one of each Pokémon
|rule|OHKO Clause: OHKO moves are banned
|rule|Evasion Items Clause: Evasion items are banned
|rule|Evasion Moves Clause: Evasion moves are banned
|rule|Evasion Abilities Clause: Evasion abilities are banned
|rule|Sleep Moves Clause: Sleep-inducing moves are banned
|clearpoke
|poke|p1|Bisharp, M|
|poke|p1|Moltres|
|poke|p1|Great Tusk|
|poke|p1|Primarina, M|
|poke|p1|Iron Boulder|
|poke|p1|Darkrai|
|poke|p2|Tyranitar, M|
|poke|p2|Excadrill, M|
|poke|p2|Hydrapple, F|
|poke|p2|Zapdos|
|poke|p2|Cinderace, M|
|poke|p2|Alomomola, F|
|teampreview
|
|t:|1781085161
|teamsize|p1|6
|teamsize|p2|6
|start
|switch|p1a: Iron Boulder|Iron Boulder|100/100
|switch|p2a: Hydrapple|Hydrapple, F|100/100
|turn|1
|inactive|Battle timer is ON: inactive players will automatically lose when time's up. (requested by bigtestsofbig)
|
|t:|1781085174
|-end|p1a: Iron Boulder|Quark Drive|[silent]
|switch|p1a: Moltres|Moltres|100/100
|move|p2a: Hydrapple|Nasty Plot|p2a: Hydrapple
|-boost|p2a: Hydrapple|spa|2
|
|upkeep
|turn|2
|
|t:|1781085180
|move|p1a: Moltres|Brave Bird|p2a: Hydrapple
|-supereffective|p2a: Hydrapple
|-crit|p2a: Hydrapple
|-damage|p2a: Hydrapple|29/100
|-damage|p1a: Moltres|84/100|[from] item: Rocky Helmet|[of] p2a: Hydrapple
|-damage|p1a: Moltres|58/100|[from] Recoil
|move|p2a: Hydrapple|Fickle Beam|p1a: Moltres
|-damage|p1a: Moltres|0 fnt
|faint|p1a: Moltres
|
|upkeep
|
|t:|1781085187
|switch|p1a: Iron Boulder|Iron Boulder|100/100
|turn|3
|
|t:|1781085195
|switch|p2a: Alomomola|Alomomola, F|100/100
|move|p1a: Iron Boulder|Close Combat|p2a: Alomomola
|-damage|p2a: Alomomola|72/100
|-unboost|p1a: Iron Boulder|def|1
|-unboost|p1a: Iron Boulder|spd|1
|
|upkeep
|turn|4
|
|t:|1781085202
|-end|p1a: Iron Boulder|Quark Drive|[silent]
|switch|p1a: Darkrai|Darkrai|100/100
|move|p2a: Alomomola|Flip Turn|p1a: Darkrai
|-damage|p1a: Darkrai|82/100
|
|t:|1781085211
|switch|p2a: Tyranitar|Tyranitar, M, shiny|100/100|[from] Flip Turn
|-weather|Sandstorm|[from] ability: Sand Stream|[of] p2a: Tyranitar
|
|-weather|Sandstorm|[upkeep]
|-damage|p1a: Darkrai|76/100|[from] Sandstorm
|upkeep
|turn|5
|
|t:|1781085222
|switch|p1a: Great Tusk|Great Tusk|100/100
|switch|p2a: Alomomola|Alomomola, F|100/100
|
|-weather|Sandstorm|[upkeep]
|-damage|p2a: Alomomola|94/100|[from] Sandstorm
|upkeep
|turn|6
|
|t:|1781085230
|move|p1a: Great Tusk|Stealth Rock|p2a: Alomomola
|-sidestart|p2: ddukkes|move: Stealth Rock
|move|p2a: Alomomola|Scald|p1a: Great Tusk
|-supereffective|p1a: Great Tusk
|-damage|p1a: Great Tusk|56/100
|
|-weather|Sandstorm|[upkeep]
|-damage|p2a: Alomomola|88/100|[from] Sandstorm
|upkeep
|turn|7
|j| GavilarKholin
|
|t:|1781085237
|move|p1a: Great Tusk|Headlong Rush|p2a: Alomomola
|-damage|p2a: Alomomola|57/100
|-unboost|p1a: Great Tusk|def|1
|-unboost|p1a: Great Tusk|spd|1
|move|p2a: Alomomola|Flip Turn|p1a: Great Tusk
|-supereffective|p1a: Great Tusk
|-damage|p1a: Great Tusk|23/100
|
|t:|1781085244
|switch|p2a: Excadrill|Excadrill, M, shiny|100/100|[from] Flip Turn
|-damage|p2a: Excadrill|97/100|[from] Stealth Rock
|
|-weather|Sandstorm|[upkeep]
|-heal|p2a: Excadrill|100/100|[from] item: Leftovers
|upkeep
|turn|8
|l| GavilarKholin
|
|t:|1781085250
|move|p2a: Excadrill|Rapid Spin|p1a: Great Tusk
|-damage|p1a: Great Tusk|0 fnt
|-boost|p2a: Excadrill|spe|1
|-sideend|p2: ddukkes|Stealth Rock|[from] move: Rapid Spin|[of] p2a: Excadrill
|faint|p1a: Great Tusk
|-end|p1a: Great Tusk|Protosynthesis|[silent]
|
|-weather|none
|upkeep
|
|t:|1781085257
|switch|p1a: Primarina|Primarina, M|100/100
|turn|9
|
|t:|1781085266
|switch|p2a: Alomomola|Alomomola, F|90/100
|move|p1a: Primarina|Surf|p2a: Alomomola
|-resisted|p2a: Alomomola
|-damage|p2a: Alomomola|61/100
|
|upkeep
|turn|10
|
|t:|1781085273
|move|p1a: Primarina|Moonblast|p2a: Alomomola
|-damage|p2a: Alomomola|3/100
|move|p2a: Alomomola|Flip Turn|p1a: Primarina
|-resisted|p1a: Primarina
|-damage|p1a: Primarina|91/100
|
|t:|1781085279
|switch|p2a: Zapdos|Zapdos, shiny|100/100|[from] Flip Turn
|
|upkeep
|turn|11
|
|t:|1781085283
|switch|p1a: Iron Boulder|Iron Boulder|100/100
|move|p2a: Zapdos|Volt Switch|p1a: Iron Boulder
|-damage|p1a: Iron Boulder|60/100
|
|t:|1781085289
|switch|p2a: Hydrapple|Hydrapple, F|62/100|[from] Volt Switch
|
|upkeep
|turn|12
|
|t:|1781085296
|-end|p1a: Iron Boulder|Quark Drive|[silent]
|switch|p1a: Bisharp|Bisharp, M|100/100
|move|p2a: Hydrapple|Giga Drain|p1a: Bisharp
|-resisted|p1a: Bisharp
|-damage|p1a: Bisharp|89/100
|-heal|p2a: Hydrapple|67/100|[from] drain|[of] p1a: Bisharp
|
|upkeep
|turn|13
|
|t:|1781085304
|move|p1a: Bisharp|Swords Dance|p1a: Bisharp
|-boost|p1a: Bisharp|atk|2
|move|p2a: Hydrapple|Earth Power|p1a: Bisharp
|-supereffective|p1a: Bisharp
|-damage|p1a: Bisharp|46/100
|-unboost|p1a: Bisharp|spd|1
|-ability|p1a: Bisharp|Defiant|boost
|-boost|p1a: Bisharp|atk|2
|
|upkeep
|turn|14
|
|t:|1781085314
|switch|p2a: Alomomola|Alomomola, F|36/100
|move|p1a: Bisharp|Throat Chop|p2a: Alomomola
|-crit|p2a: Alomomola
|-damage|p2a: Alomomola|0 fnt
|faint|p2a: Alomomola
|
|upkeep
|
|t:|1781085328
|switch|p2a: Excadrill|Excadrill, M, shiny|100/100
|turn|15
|
|t:|1781085334
|move|p2a: Excadrill|Substitute|p2a: Excadrill
|-start|p2a: Excadrill|Substitute
|-damage|p2a: Excadrill|76/100
|move|p1a: Bisharp|Throat Chop|p2a: Excadrill
|-end|p2a: Excadrill|Substitute
|
|-heal|p2a: Excadrill|82/100|[from] item: Leftovers
|upkeep
|turn|16
|
|t:|1781085341
|move|p1a: Bisharp|Sucker Punch||[still]
|-fail|p1a: Bisharp
|move|p2a: Excadrill|Substitute|p2a: Excadrill
|-start|p2a: Excadrill|Substitute
|-damage|p2a: Excadrill|57/100
|
|-heal|p2a: Excadrill|63/100|[from] item: Leftovers
|upkeep
|turn|17
|
|t:|1781085351
|-terastallize|p1a: Bisharp|Flying
|move|p2a: Excadrill|Earthquake|p1a: Bisharp
|-immune|p1a: Bisharp
|move|p1a: Bisharp|Throat Chop|p2a: Excadrill
|-end|p2a: Excadrill|Substitute
|
|-heal|p2a: Excadrill|69/100|[from] item: Leftovers
|upkeep
|turn|18
|
|t:|1781085360
|move|p2a: Excadrill|Rock Slide|p1a: Bisharp
|-supereffective|p1a: Bisharp
|-damage|p1a: Bisharp|0 fnt
|faint|p1a: Bisharp
|
|-heal|p2a: Excadrill|75/100|[from] item: Leftovers
|upkeep
|
|t:|1781085364
|switch|p1a: Iron Boulder|Iron Boulder|60/100
|turn|19
|
|t:|1781085368
|switch|p2a: Hydrapple|Hydrapple, F|99/100
|move|p1a: Iron Boulder|Close Combat|p2a: Hydrapple
|-damage|p2a: Hydrapple|69/100
|-unboost|p1a: Iron Boulder|def|1
|-unboost|p1a: Iron Boulder|spd|1
|-damage|p1a: Iron Boulder|44/100|[from] item: Rocky Helmet|[of] p2a: Hydrapple
|
|upkeep
|turn|20
|
|t:|1781085377
|-end|p1a: Iron Boulder|Quark Drive|[silent]
|switch|p1a: Darkrai|Darkrai|76/100
|move|p2a: Hydrapple|Giga Drain|p1a: Darkrai
|-damage|p1a: Darkrai|33/100
|-heal|p2a: Hydrapple|83/100|[from] drain|[of] p1a: Darkrai
|
|upkeep
|turn|21
|
|t:|1781085387
|switch|p2a: Tyranitar|Tyranitar, M, shiny|100/100
|-weather|Sandstorm|[from] ability: Sand Stream|[of] p2a: Tyranitar
|move|p1a: Darkrai|Ice Beam|p2a: Tyranitar
|-damage|p2a: Tyranitar|86/100
|
|-weather|Sandstorm|[upkeep]
|-damage|p1a: Darkrai|27/100|[from] Sandstorm
|upkeep
|turn|22
|
|t:|1781085398
|switch|p1a: Iron Boulder|Iron Boulder|44/100
|move|p2a: Tyranitar|Knock Off|p1a: Iron Boulder
|-supereffective|p1a: Iron Boulder
|-damage|p1a: Iron Boulder|0 fnt
|-enditem|p1a: Iron Boulder|Choice Band|[from] move: Knock Off|[of] p2a: Tyranitar
|faint|p1a: Iron Boulder
|-end|p1a: Iron Boulder|Quark Drive|[silent]
|
|-weather|Sandstorm|[upkeep]
|upkeep
|
|t:|1781085402
|switch|p1a: Primarina|Primarina, M|91/100
|turn|23
|
|t:|1781085413
|move|p2a: Tyranitar|Knock Off|p1a: Primarina
|-resisted|p1a: Primarina
|-damage|p1a: Primarina|54/100
|-enditem|p1a: Primarina|Assault Vest|[from] move: Knock Off|[of] p2a: Tyranitar
|move|p1a: Primarina|Flip Turn|p2a: Tyranitar
|-supereffective|p2a: Tyranitar
|-damage|p2a: Tyranitar|59/100
|
|t:|1781085416
|switch|p1a: Darkrai|Darkrai|27/100|[from] Flip Turn
|
|-weather|Sandstorm|[upkeep]
|-damage|p1a: Darkrai|21/100|[from] Sandstorm
|upkeep
|turn|24
|
|t:|1781085427
|move|p1a: Darkrai|Dark Pulse|p2a: Tyranitar
|-resisted|p2a: Tyranitar
|-damage|p2a: Tyranitar|49/100
|cant|p2a: Tyranitar|flinch
|
|-weather|Sandstorm|[upkeep]
|-damage|p1a: Darkrai|15/100|[from] Sandstorm
|upkeep
|turn|25
|
|t:|1781085439
|switch|p1a: Primarina|Primarina, M|54/100
|switch|p2a: Cinderace|Cinderace, M|100/100
|
|-weather|none
|upkeep
|turn|26
|j| biscoitotroll
|
|t:|1781085467
|move|p2a: Cinderace|Gunk Shot|p1a: Primarina
|-start|p2a: Cinderace|typechange|Poison|[from] ability: Libero
|-supereffective|p1a: Primarina
|-damage|p1a: Primarina|0 fnt
|faint|p1a: Primarina
|
|upkeep
|
|t:|1781085469
|switch|p1a: Darkrai|Darkrai|15/100
|turn|27
|
|t:|1781085476
|move|p1a: Darkrai|Ice Beam|p2a: Cinderace
|-damage|p2a: Cinderace|55/100
|move|p2a: Cinderace|U-turn|p1a: Darkrai
|-supereffective|p1a: Darkrai
|-damage|p1a: Darkrai|0 fnt
|faint|p1a: Darkrai
|
|win|ddukkes
|raw|bigtestsofbig's rating: 1615 &rarr; <strong>1596</strong><br />(-19 for losing)
|raw|ddukkes's rating: 1629 &rarr; <strong>1648</strong><br />(+19 for winning)
|l| biscoitotroll
|l|☆ddukkes
|player|p2|
