|j|☆isaac_gam3r
|j|☆shockmoth
|t:|1780933893
|gametype|singles
|player|p1|isaac_gam3r|acetrainer-gen4dp|1754
|player|p2|shockmoth|102|1768
|gen|9
|tier|[Gen 9] OU
|rated|
|rule|HP Percentage Mod: HP is shown in percentages
|rule|Endless Battle Clause: Forcing endless battles is banned
|rule|Species Clause: Limit one of each Pokémon
|rule|OHKO Clause: OHKO moves are banned
|rule|Evasion Items Clause: Evasion items are banned
|rule|Evasion Moves Clause: Evasion moves are banned
|rule|Evasion Abilities Clause: Evasion abilities are banned
|rule|Sleep Moves Clause: Sleep-inducing moves are banned
|clearpoke
|poke|p1|Primarina, F|
|poke|p1|Raging Bolt|
|poke|p1|Heatran, M|
|poke|p1|Weezing-Galar, M|
|poke|p1|Garchomp, M|
|poke|p1|Weavile, M|
|poke|p2|Frosmoth, F|
|poke|p2|Pincurchin, M|
|poke|p2|Raichu-Alola, F|
|poke|p2|Iron Hands|
|poke|p2|Rotom-Wash|
|poke|p2|Pawmot, M|
|teampreview
|inactive|Battle timer is ON: inactive players will automatically lose when time's up. (requested by isaac_gam3r)
|
|t:|1780933901
|teamsize|p1|6
|teamsize|p2|6
|start
|switch|p1a: Raging Bolt|Raging Bolt|100/100
|switch|p2a: OH YEAH!!! YEAH!!|Pincurchin, M|100/100
|-fieldstart|move: Electric Terrain|[from] ability: Electric Surge|[of] p2a: OH YEAH!!! YEAH!!
|turn|1
|
|t:|1780933905
|switch|p2a: Finger Eleven|Frosmoth, F, shiny|100/100
|move|p1a: Raging Bolt|Calm Mind|p1a: Raging Bolt
|-boost|p1a: Raging Bolt|spa|1
|-boost|p1a: Raging Bolt|spd|1
|
|upkeep
|turn|2
|
|t:|1780933908
|move|p2a: Finger Eleven|Quiver Dance|p2a: Finger Eleven
|-boost|p2a: Finger Eleven|spa|1
|-boost|p2a: Finger Eleven|spd|1
|-boost|p2a: Finger Eleven|spe|1
|move|p1a: Raging Bolt|Thunderbolt|p2a: Finger Eleven
|-damage|p2a: Finger Eleven|60/100
|-status|p2a: Finger Eleven|par
|
|upkeep
|turn|3
|
|t:|1780933911
|move|p2a: Finger Eleven|Ice Beam|p1a: Raging Bolt
|-supereffective|p1a: Raging Bolt
|-damage|p1a: Raging Bolt|26/100
|move|p1a: Raging Bolt|Thunderbolt|p2a: Finger Eleven
|-damage|p2a: Finger Eleven|21/100 par
|
|-heal|p1a: Raging Bolt|33/100|[from] item: Leftovers
|upkeep
|turn|4
|
|t:|1780933914
|switch|p2a: Evanescence|Pawmot, M|100/100
|move|p1a: Raging Bolt|Thunderclap||[still]
|-fail|p1a: Raging Bolt
|
|-heal|p1a: Raging Bolt|39/100|[from] item: Leftovers
|upkeep
|turn|5
|
|t:|1780933918
|move|p2a: Evanescence|Encore|p1a: Raging Bolt
|-start|p1a: Raging Bolt|Encore
|move|p1a: Raging Bolt|Thunderclap||[still]
|-fail|p1a: Raging Bolt
|
|-heal|p1a: Raging Bolt|45/100|[from] item: Leftovers
|upkeep
|turn|6
|
|t:|1780933921
|switch|p2a: Surf's Up (2007)|Raichu-Alola, F|100/100
|-end|p1a: Raging Bolt|Protosynthesis|[silent]
|switch|p1a: Garchomp|Garchomp, M|100/100
|
|upkeep
|turn|7
|
|t:|1780933923
|-terastallize|p2a: Surf's Up (2007)|Fairy
|move|p2a: Surf's Up (2007)|Alluring Voice|p1a: Garchomp
|-supereffective|p1a: Garchomp
|-damage|p1a: Garchomp|0 fnt
|faint|p1a: Garchomp
|
|upkeep
|
|t:|1780933927
|switch|p1a: Heatran|Heatran, M|100/100
|turn|8
|
|t:|1780933929
|switch|p2a: William O' Wisp|Rotom-Wash|100/100
|switch|p1a: Raging Bolt|Raging Bolt|45/100
|
|-heal|p1a: Raging Bolt|51/100|[from] item: Leftovers
|-fieldend|move: Electric Terrain
|upkeep
|turn|9
|
|t:|1780933933
|move|p2a: William O' Wisp|Light Screen|p2a: William O' Wisp
|-sidestart|p2: shockmoth|move: Light Screen
|move|p1a: Raging Bolt|Thunderbolt|p2a: William O' Wisp
|-damage|p2a: William O' Wisp|74/100
|
|-heal|p1a: Raging Bolt|57/100|[from] item: Leftovers
|upkeep
|turn|10
|
|t:|1780933935
|move|p2a: William O' Wisp|Volt Switch|p1a: Raging Bolt
|-resisted|p1a: Raging Bolt
|-damage|p1a: Raging Bolt|50/100
|
|t:|1780933936
|switch|p2a: Finger Eleven|Frosmoth, F, shiny|21/100 par|[from] Volt Switch
|move|p1a: Raging Bolt|Calm Mind|p1a: Raging Bolt
|-boost|p1a: Raging Bolt|spa|1
|-boost|p1a: Raging Bolt|spd|1
|
|-heal|p1a: Raging Bolt|56/100|[from] item: Leftovers
|upkeep
|turn|11
|
|t:|1780933939
|move|p1a: Raging Bolt|Thunderbolt|p2a: Finger Eleven
|-damage|p2a: Finger Eleven|0 fnt
|faint|p2a: Finger Eleven
|
|-heal|p1a: Raging Bolt|63/100|[from] item: Leftovers
|upkeep
|
|t:|1780933942
|switch|p2a: Iron Deficiency|Iron Hands|100/100
|turn|12
|
|t:|1780933948
|-end|p1a: Raging Bolt|Protosynthesis|[silent]
|switch|p1a: Weezing|Weezing-Galar, M, shiny|100/100
|move|p2a: Iron Deficiency|Ice Punch|p1a: Weezing
|-damage|p1a: Weezing|82/100
|
|-heal|p1a: Weezing|88/100|[from] item: Black Sludge
|upkeep
|turn|13
|
|t:|1780933950
|switch|p1a: Raging Bolt|Raging Bolt|63/100
|-end|p2a: Iron Deficiency|Quark Drive|[silent]
|switch|p2a: Surf's Up (2007)|Raichu-Alola, F, tera:Fairy|100/100
|
|-heal|p1a: Raging Bolt|69/100|[from] item: Leftovers
|upkeep
|turn|14
|
|t:|1780933955
|-end|p1a: Raging Bolt|Protosynthesis|[silent]
|switch|p1a: Heatran|Heatran, M|100/100
|move|p2a: Surf's Up (2007)|Volt Switch|p1a: Heatran
|-damage|p1a: Heatran|72/100
|
|t:|1780933957
|switch|p2a: William O' Wisp|Rotom-Wash|74/100|[from] Volt Switch
|
|upkeep
|turn|15
|
|t:|1780933960
|switch|p1a: Primarina|Primarina, F, shiny|100/100
|move|p2a: William O' Wisp|Hydro Pump|p1a: Primarina|[miss]
|-miss|p2a: William O' Wisp|p1a: Primarina
|
|upkeep
|turn|16
|j| encostoo
|
|t:|1780933963
|move|p2a: William O' Wisp|Volt Switch|p1a: Primarina
|-supereffective|p1a: Primarina
|-damage|p1a: Primarina|41/100
|
|t:|1780933964
|switch|p2a: OH YEAH!!! YEAH!!|Pincurchin, M|100/100|[from] Volt Switch
|-fieldstart|move: Electric Terrain|[from] ability: Electric Surge|[of] p2a: OH YEAH!!! YEAH!!
|move|p1a: Primarina|Calm Mind|p1a: Primarina
|-boost|p1a: Primarina|spa|1
|-boost|p1a: Primarina|spd|1
|
|-heal|p1a: Primarina|47/100|[from] item: Leftovers
|-sideend|p2: shockmoth|move: Light Screen
|upkeep
|turn|17
|
|t:|1780933966
|move|p1a: Primarina|Protect|p1a: Primarina
|-singleturn|p1a: Primarina|Protect
|move|p2a: OH YEAH!!! YEAH!!|Supercell Slam|p1a: Primarina
|-activate|p1a: Primarina|move: Protect
|-damage|p2a: OH YEAH!!! YEAH!!|50/100|[from] supercellslam
|
|-heal|p1a: Primarina|53/100|[from] item: Leftovers
|upkeep
|turn|18
|
|t:|1780933969
|move|p2a: OH YEAH!!! YEAH!!|Sucker Punch|p1a: Primarina
|-resisted|p1a: Primarina
|-damage|p1a: Primarina|39/100
|move|p1a: Primarina|Sparkling Aria|p2a: OH YEAH!!! YEAH!!
|-damage|p2a: OH YEAH!!! YEAH!!|0 fnt
|faint|p2a: OH YEAH!!! YEAH!!
|
|-heal|p1a: Primarina|45/100|[from] item: Leftovers
|upkeep
|
|t:|1780933971
|switch|p2a: William O' Wisp|Rotom-Wash|74/100
|turn|19
|
|t:|1780933973
|move|p1a: Primarina|Protect|p1a: Primarina
|-singleturn|p1a: Primarina|Protect
|move|p2a: William O' Wisp|Light Screen|p2a: William O' Wisp
|-sidestart|p2: shockmoth|move: Light Screen
|
|-heal|p1a: Primarina|51/100|[from] item: Leftovers
|upkeep
|turn|20
|
|t:|1780933977
|move|p2a: William O' Wisp|Volt Switch|p1a: Primarina
|-supereffective|p1a: Primarina
|-damage|p1a: Primarina|14/100
|
|t:|1780933979
|switch|p2a: Surf's Up (2007)|Raichu-Alola, F, tera:Fairy|100/100|[from] Volt Switch
|move|p1a: Primarina|Draining Kiss|p2a: Surf's Up (2007)
|-damage|p2a: Surf's Up (2007)|67/100
|-heal|p1a: Primarina|32/100|[from] drain|[of] p2a: Surf's Up (2007)
|
|-heal|p1a: Primarina|38/100|[from] item: Leftovers
|upkeep
|turn|21
|
|t:|1780933982
|move|p1a: Primarina|Protect|p1a: Primarina
|-singleturn|p1a: Primarina|Protect
|move|p2a: Surf's Up (2007)|Volt Switch|p1a: Primarina
|-activate|p1a: Primarina|move: Protect
|
|-heal|p1a: Primarina|44/100|[from] item: Leftovers
|upkeep
|turn|22
|
|t:|1780933986
|move|p2a: Surf's Up (2007)|Volt Switch|p1a: Primarina
|-supereffective|p1a: Primarina
|-damage|p1a: Primarina|0 fnt
|faint|p1a: Primarina
|
|t:|1780933989
|switch|p2a: Iron Deficiency|Iron Hands|100/100|[from] Volt Switch
|-activate|p2a: Iron Deficiency|ability: Quark Drive
|-start|p2a: Iron Deficiency|quarkdriveatk
|
|upkeep
|
|t:|1780933992
|switch|p1a: Weezing|Weezing-Galar, M, shiny|88/100
|turn|23
|
|t:|1780933994
|-end|p2a: Iron Deficiency|Quark Drive|[silent]
|switch|p2a: William O' Wisp|Rotom-Wash|74/100
|move|p1a: Weezing|Will-O-Wisp|p2a: William O' Wisp|[miss]
|-miss|p1a: Weezing|p2a: William O' Wisp
|
|-heal|p1a: Weezing|94/100|[from] item: Black Sludge
|-fieldend|move: Electric Terrain
|upkeep
|turn|24
|
|t:|1780933997
|move|p2a: William O' Wisp|Hydro Pump|p1a: Weezing|[miss]
|-miss|p2a: William O' Wisp|p1a: Weezing
|move|p1a: Weezing|Will-O-Wisp|p2a: William O' Wisp
|-status|p2a: William O' Wisp|brn
|
|-heal|p1a: Weezing|99/100|[from] item: Black Sludge
|-damage|p2a: William O' Wisp|68/100 brn|[from] brn
|upkeep
|turn|25
|
|t:|1780934000
|switch|p1a: Raging Bolt|Raging Bolt|69/100
|move|p2a: William O' Wisp|Hydro Pump|p1a: Raging Bolt
|-resisted|p1a: Raging Bolt
|-damage|p1a: Raging Bolt|48/100
|
|-heal|p1a: Raging Bolt|54/100|[from] item: Leftovers
|-damage|p2a: William O' Wisp|62/100 brn|[from] brn
|upkeep
|turn|26
|
|t:|1780934002
|move|p2a: William O' Wisp|Volt Switch|p1a: Raging Bolt
|-resisted|p1a: Raging Bolt
|-damage|p1a: Raging Bolt|47/100
|
|t:|1780934004
|switch|p2a: Evanescence|Pawmot, M|100/100|[from] Volt Switch
|move|p1a: Raging Bolt|Calm Mind|p1a: Raging Bolt
|-boost|p1a: Raging Bolt|spa|1
|-boost|p1a: Raging Bolt|spd|1
|
|-heal|p1a: Raging Bolt|54/100|[from] item: Leftovers
|-sideend|p2: shockmoth|move: Light Screen
|upkeep
|turn|27
|
|t:|1780934006
|move|p2a: Evanescence|Encore|p1a: Raging Bolt
|-start|p1a: Raging Bolt|Encore
|move|p1a: Raging Bolt|Calm Mind|p1a: Raging Bolt
|-boost|p1a: Raging Bolt|spa|1
|-boost|p1a: Raging Bolt|spd|1
|
|-heal|p1a: Raging Bolt|60/100|[from] item: Leftovers
|upkeep
|turn|28
|
|t:|1780934013
|-end|p1a: Raging Bolt|Protosynthesis|[silent]
|switch|p1a: Heatran|Heatran, M|72/100
|move|p2a: Evanescence|Nuzzle|p1a: Heatran
|-damage|p1a: Heatran|64/100
|-status|p1a: Heatran|par
|
|upkeep
|turn|29
|
|t:|1780934020
|switch|p2a: William O' Wisp|Rotom-Wash|62/100 brn
|switch|p1a: Raging Bolt|Raging Bolt|60/100
|
|-heal|p1a: Raging Bolt|66/100|[from] item: Leftovers
|-damage|p2a: William O' Wisp|56/100 brn|[from] brn
|upkeep
|turn|30
|
|t:|1780934023
|move|p2a: William O' Wisp|Light Screen|p2a: William O' Wisp
|-sidestart|p2: shockmoth|move: Light Screen
|move|p1a: Raging Bolt|Dragon Pulse|p2a: William O' Wisp
|-damage|p2a: William O' Wisp|29/100 brn
|
|-heal|p1a: Raging Bolt|72/100|[from] item: Leftovers
|-damage|p2a: William O' Wisp|23/100 brn|[from] brn
|upkeep
|turn|31
|
|t:|1780934025
|move|p2a: William O' Wisp|Volt Switch|p1a: Raging Bolt
|-resisted|p1a: Raging Bolt
|-damage|p1a: Raging Bolt|65/100
|
|t:|1780934026
|switch|p2a: Iron Deficiency|Iron Hands|100/100|[from] Volt Switch
|move|p1a: Raging Bolt|Dragon Pulse|p2a: Iron Deficiency
|-damage|p2a: Iron Deficiency|78/100
|
|-heal|p1a: Raging Bolt|71/100|[from] item: Leftovers
|upkeep
|turn|32
|-activate|p2a: Iron Deficiency|item: Quick Claw
|
|t:|1780934029
|-end|p1a: Raging Bolt|Protosynthesis|[silent]
|switch|p1a: Weezing|Weezing-Galar, M, shiny|99/100
|move|p2a: Iron Deficiency|Swords Dance|p2a: Iron Deficiency
|-boost|p2a: Iron Deficiency|atk|2
|
|-heal|p1a: Weezing|100/100|[from] item: Black Sludge
|upkeep
|turn|33
|
|t:|1780934032
|-end|p2a: Iron Deficiency|Quark Drive|[silent]
|switch|p2a: William O' Wisp|Rotom-Wash|23/100 brn
|move|p1a: Weezing|Will-O-Wisp|p2a: William O' Wisp
|-fail|p2a: William O' Wisp|brn
|
|-damage|p2a: William O' Wisp|17/100 brn|[from] brn
|upkeep
|turn|34
|
|t:|1780934036
|switch|p1a: Heatran|Heatran, M|64/100 par
|move|p2a: William O' Wisp|Volt Switch|p1a: Heatran
|-damage|p1a: Heatran|46/100 par
|
|t:|1780934039
|switch|p2a: Iron Deficiency|Iron Hands|78/100|[from] Volt Switch
|
|upkeep
|turn|35
|
|t:|1780934041
|move|p2a: Iron Deficiency|Supercell Slam|p1a: Heatran
|-damage|p1a: Heatran|0 fnt
|faint|p1a: Heatran
|
|upkeep
|
|t:|1780934043
|switch|p1a: Weezing|Weezing-Galar, M, shiny|100/100
|turn|36
|
|t:|1780934047
|-end|p2a: Iron Deficiency|Quark Drive|[silent]
|switch|p2a: William O' Wisp|Rotom-Wash|17/100 brn
|move|p1a: Weezing|Strange Steam|p2a: William O' Wisp
|-damage|p2a: William O' Wisp|1/100 brn
|
|-damage|p2a: William O' Wisp|0 fnt|[from] brn
|faint|p2a: William O' Wisp
|upkeep
|
|t:|1780934048
|switch|p2a: Surf's Up (2007)|Raichu-Alola, F, tera:Fairy|67/100
|turn|37
|
|t:|1780934054
|switch|p1a: Raging Bolt|Raging Bolt|71/100
|move|p2a: Surf's Up (2007)|Psychic Noise|p1a: Raging Bolt
|-damage|p1a: Raging Bolt|26/100
|-start|p1a: Raging Bolt|move: Heal Block
|
|-sideend|p2: shockmoth|move: Light Screen
|upkeep
|turn|38
|
|t:|1780934057
|-end|p1a: Raging Bolt|Protosynthesis|[silent]
|switch|p1a: Weavile|Weavile, M|100/100
|-ability|p1a: Weavile|Pressure
|move|p2a: Surf's Up (2007)|Psychic Noise|p1a: Weavile
|-immune|p1a: Weavile
|
|upkeep
|turn|39
|
|t:|1780934061
|switch|p2a: Iron Deficiency|Iron Hands|78/100
|move|p1a: Weavile|Triple Axel|p2a: Iron Deficiency
|-damage|p2a: Iron Deficiency|72/100
|-damage|p2a: Iron Deficiency|61/100
|-damage|p2a: Iron Deficiency|44/100
|-hitcount|p2a: Iron Deficiency|3
|
|upkeep
|turn|40
|
|t:|1780934069
|switch|p1a: Weezing|Weezing-Galar, M, shiny|100/100
|move|p2a: Iron Deficiency|Drain Punch|p1a: Weezing
|-resisted|p1a: Weezing
|-damage|p1a: Weezing|93/100
|-heal|p2a: Iron Deficiency|47/100|[from] drain|[of] p1a: Weezing
|
|-heal|p1a: Weezing|99/100|[from] item: Black Sludge
|upkeep
|turn|41
|
|t:|1780934074
|switch|p1a: Weavile|Weavile, M|100/100
|-ability|p1a: Weavile|Pressure
|-end|p2a: Iron Deficiency|Quark Drive|[silent]
|switch|p2a: Surf's Up (2007)|Raichu-Alola, F, tera:Fairy|67/100
|
|upkeep
|turn|42
|
|t:|1780934076
|move|p1a: Weavile|Triple Axel|p2a: Surf's Up (2007)
|-crit|p2a: Surf's Up (2007)
|-damage|p2a: Surf's Up (2007)|35/100
|-damage|p2a: Surf's Up (2007)|0 fnt
|faint|p2a: Surf's Up (2007)
|-hitcount|p2: Surf's Up (2007)|2
|
|upkeep
|
|t:|1780934078
|switch|p2a: Evanescence|Pawmot, M|100/100
|turn|43
|
|t:|1780934082
|move|p1a: Weavile|Triple Axel|p2a: Evanescence
|-damage|p2a: Evanescence|89/100
|-damage|p2a: Evanescence|64/100
|-damage|p2a: Evanescence|29/100
|-hitcount|p2a: Evanescence|3
|move|p2a: Evanescence|Nuzzle|p1a: Weavile
|-damage|p1a: Weavile|88/100
|-status|p1a: Weavile|par
|
|upkeep
|turn|44
|
|t:|1780934087
|move|p2a: Evanescence|Mach Punch|p1a: Weavile
|-supereffective|p1a: Weavile
|-damage|p1a: Weavile|0 fnt
|faint|p1a: Weavile
|
|upkeep
|
|t:|1780934094
|switch|p1a: Raging Bolt|Raging Bolt|26/100
|turn|45
|
|t:|1780934096
|move|p2a: Evanescence|Revival Blessing|p2a: Evanescence
|-enditem|p2a: Evanescence|Leppa Berry|[eat]
|-activate|p2a: Evanescence|item: Leppa Berry|Revival Blessing|[consumed]
|
|t:|1780934098
|-heal|p2: Finger Eleven|50/100|[from] move: Revival Blessing
|move|p1a: Raging Bolt|Dragon Pulse|p2a: Evanescence
|-damage|p2a: Evanescence|0 fnt
|faint|p2a: Evanescence
|
|-heal|p1a: Raging Bolt|33/100|[from] item: Leftovers
|upkeep
|
|t:|1780934099
|switch|p2a: Finger Eleven|Frosmoth, F, shiny|50/100
|turn|46
|
|t:|1780934102
|move|p2a: Finger Eleven|Quiver Dance|p2a: Finger Eleven
|-boost|p2a: Finger Eleven|spa|1
|-boost|p2a: Finger Eleven|spd|1
|-boost|p2a: Finger Eleven|spe|1
|move|p1a: Raging Bolt|Thunderbolt|p2a: Finger Eleven
|-damage|p2a: Finger Eleven|30/100
|
|-heal|p1a: Raging Bolt|39/100|[from] item: Leftovers
|upkeep
|turn|47
|
|t:|1780934105
|move|p2a: Finger Eleven|Ice Beam|p1a: Raging Bolt
|-supereffective|p1a: Raging Bolt
|-damage|p1a: Raging Bolt|0 fnt
|faint|p1a: Raging Bolt
|-end|p1a: Raging Bolt|Protosynthesis|[silent]
|
|upkeep
|
|t:|1780934107
|switch|p1a: Weezing|Weezing-Galar, M, shiny|99/100
|turn|48
|
|t:|1780934108
|move|p2a: Finger Eleven|Ice Beam|p1a: Weezing
|-damage|p1a: Weezing|17/100
|move|p1a: Weezing|Strange Steam|p2a: Finger Eleven
|-damage|p2a: Finger Eleven|19/100
|
|-heal|p1a: Weezing|23/100|[from] item: Black Sludge
|upkeep
|turn|49
|
|t:|1780934109
|move|p2a: Finger Eleven|Ice Beam|p1a: Weezing
|-damage|p1a: Weezing|0 fnt
|faint|p1a: Weezing
|
|win|shockmoth
|raw|isaac_gam3r's rating: 1754 &rarr; <strong>1735</strong><br />(-19 for losing)
|raw|shockmoth's rating: 1768 &rarr; <strong>1787</strong><br />(+19 for winning)
|l|☆isaac_gam3r
|player|p1|
