|j|☆bigguy916
|j|☆tb poke
|t:|1781169941
|gametype|singles
|player|p1|bigguy916|unknownf|1703
|player|p2|tb poke|170|1690
|gen|9
|tier|[Gen 9] OU
|rated|
|rule|HP Percentage Mod: HP is shown in percentages
|rule|Endless Battle Clause: Forcing endless battles is banned
|rule|Species Clause: Limit one of each Pokémon
|rule|OHKO Clause: OHKO moves are banned
|rule|Evasion Items Clause: Evasion items are banned
|rule|Evasion Moves Clause: Evasion moves are banned
|rule|Evasion Abilities Clause: Evasion abilities are banned
|rule|Sleep Moves Clause: Sleep-inducing moves are banned
|clearpoke
|poke|p1|Samurott-Hisui, F|
|poke|p1|Ogerpon-Cornerstone, F|
|poke|p1|Dragapult, M|
|poke|p1|Dragonite, F|
|poke|p1|Great Tusk|
|poke|p1|Heatran, F|
|poke|p2|Zamazenta-*|
|poke|p2|Iron Treads|
|poke|p2|Pecharunt|
|poke|p2|Tornadus-Therian, M|
|poke|p2|Clefable, F|
|poke|p2|Alomomola, F|
|teampreview
|inactive|Battle timer is ON: inactive players will automatically lose when time's up. (requested by bigguy916)
|
|t:|1781169962
|teamsize|p1|6
|teamsize|p2|6
|start
|switch|p1a: Dragapult|Dragapult, M|100/100
|switch|p2a: Alomomola|Alomomola, F|100/100
|-item|p1a: Dragapult|Air Balloon
|turn|1
|
|t:|1781169966
|move|p1a: Dragapult|Will-O-Wisp|p2a: Alomomola
|-status|p2a: Alomomola|brn
|move|p2a: Alomomola|Flip Turn|p1a: Dragapult
|-resisted|p1a: Dragapult
|-damage|p1a: Dragapult|95/100
|-enditem|p1a: Dragapult|Air Balloon
|
|t:|1781169972
|switch|p2a: Clefable|Clefable, F|100/100|[from] Flip Turn
|
|upkeep
|turn|2
|
|t:|1781169975
|move|p1a: Dragapult|Thunder Wave|p2a: Clefable
|-status|p2a: Clefable|par
|move|p2a: Clefable|Knock Off|p1a: Dragapult
|-supereffective|p1a: Dragapult
|-damage|p1a: Dragapult|68/100
|
|upkeep
|turn|3
|
|t:|1781169986
|switch|p1a: Heatran|Heatran, F|100/100
|move|p2a: Clefable|Thunder Wave|p1a: Heatran
|-status|p1a: Heatran|par
|
|upkeep
|turn|4
|
|t:|1781169992
|switch|p2a: Alomomola|Alomomola, F|100/100 brn
|move|p1a: Heatran|Stealth Rock|p2a: Alomomola
|-sidestart|p2: tb poke|move: Stealth Rock
|
|-damage|p2a: Alomomola|94/100 brn|[from] brn
|upkeep
|turn|5
|j| yuureisuisei
|
|t:|1781170005
|switch|p1a: Samurott|Samurott-Hisui, F|100/100
|move|p2a: Alomomola|Flip Turn|p1a: Samurott
|-resisted|p1a: Samurott
|-damage|p1a: Samurott|96/100
|
|t:|1781170014
|switch|p2a: Clefable|Clefable, F|100/100 par|[from] Flip Turn
|
|upkeep
|turn|6
|
|t:|1781170020
|switch|p2a: Iron Treads|Iron Treads|100/100
|-damage|p2a: Iron Treads|97/100|[from] Stealth Rock
|-item|p2a: Iron Treads|Air Balloon
|move|p1a: Samurott|Knock Off|p2a: Iron Treads
|-damage|p2a: Iron Treads|61/100
|-enditem|p2a: Iron Treads|Air Balloon
|
|upkeep
|turn|7
|
|t:|1781170025
|move|p2a: Iron Treads|Rapid Spin|p1a: Samurott
|-damage|p1a: Samurott|80/100
|-boost|p2a: Iron Treads|spe|1
|-sideend|p2: tb poke|Stealth Rock|[from] move: Rapid Spin|[of] p2a: Iron Treads
|move|p1a: Samurott|Ceaseless Edge|p2a: Iron Treads
|-damage|p2a: Iron Treads|23/100
|-sidestart|p2: tb poke|Spikes
|
|upkeep
|turn|8
|
|t:|1781170027
|move|p2a: Iron Treads|Rapid Spin|p1a: Samurott
|-damage|p1a: Samurott|64/100
|-boost|p2a: Iron Treads|spe|1
|-sideend|p2: tb poke|Spikes|[from] move: Rapid Spin|[of] p2a: Iron Treads
|move|p1a: Samurott|Ceaseless Edge|p2a: Iron Treads
|-damage|p2a: Iron Treads|0 fnt
|-sidestart|p2: tb poke|Spikes
|faint|p2a: Iron Treads
|-end|p2a: Iron Treads|Quark Drive|[silent]
|
|upkeep
|
|t:|1781170031
|switch|p2a: Tornadus|Tornadus-Therian, M|100/100
|turn|9
|
|t:|1781170034
|move|p2a: Tornadus|Nasty Plot|p2a: Tornadus
|-boost|p2a: Tornadus|spa|2
|move|p1a: Samurott|Knock Off|p2a: Tornadus
|-damage|p2a: Tornadus|43/100
|-enditem|p2a: Tornadus|Life Orb|[from] move: Knock Off|[of] p1a: Samurott
|
|upkeep
|turn|10
|inactive|bigguy916 has 120 seconds left.
|
|t:|1781170068
|switch|p1a: Heatran|Heatran, F|100/100 par
|move|p2a: Tornadus|Grass Knot|p1a: Heatran
|-resisted|p1a: Heatran
|-damage|p1a: Heatran|88/100 par
|
|-heal|p1a: Heatran|94/100 par|[from] item: Leftovers
|upkeep
|turn|11
|
|t:|1781170078
|switch|p2a: Zamazenta|Zamazenta|100/100
|-damage|p2a: Zamazenta|88/100|[from] Spikes
|-ability|p2a: Zamazenta|Dauntless Shield|boost
|-boost|p2a: Zamazenta|def|1
|move|p1a: Heatran|Stealth Rock|p2a: Zamazenta
|-sidestart|p2: tb poke|move: Stealth Rock
|
|-heal|p2a: Zamazenta|94/100|[from] item: Leftovers
|-heal|p1a: Heatran|99/100 par|[from] item: Leftovers
|upkeep
|turn|12
|
|t:|1781170084
|switch|p1a: Dragapult|Dragapult, M|68/100
|move|p2a: Zamazenta|Iron Defense|p2a: Zamazenta
|-boost|p2a: Zamazenta|def|2
|
|-heal|p2a: Zamazenta|100/100|[from] item: Leftovers
|upkeep
|turn|13
|
|t:|1781170095
|move|p1a: Dragapult|Thunder Wave|p2a: Zamazenta
|-status|p2a: Zamazenta|par
|move|p2a: Zamazenta|Crunch|p1a: Dragapult
|-supereffective|p1a: Dragapult
|-damage|p1a: Dragapult|5/100
|
|upkeep
|turn|14
|
|t:|1781170110
|-terastallize|p1a: Dragapult|Ghost
|move|p1a: Dragapult|Hex|p2a: Zamazenta
|-damage|p2a: Zamazenta|29/100 par
|move|p2a: Zamazenta|Crunch|p1a: Dragapult
|-supereffective|p1a: Dragapult
|-damage|p1a: Dragapult|0 fnt
|faint|p1a: Dragapult
|
|-heal|p2a: Zamazenta|35/100 par|[from] item: Leftovers
|upkeep
|
|t:|1781170129
|switch|p1a: Great Tusk|Great Tusk|100/100
|turn|15
|
|t:|1781170133
|move|p1a: Great Tusk|Headlong Rush|p2a: Zamazenta
|-damage|p2a: Zamazenta|16/100 par
|-unboost|p1a: Great Tusk|def|1
|-unboost|p1a: Great Tusk|spd|1
|move|p2a: Zamazenta|Body Press|p1a: Great Tusk
|-damage|p1a: Great Tusk|0 fnt
|faint|p1a: Great Tusk
|-end|p1a: Great Tusk|Protosynthesis|[silent]
|
|-heal|p2a: Zamazenta|23/100 par|[from] item: Leftovers
|upkeep
|
|t:|1781170146
|switch|p1a: Dragonite|Dragonite, F|100/100
|turn|16
|
|t:|1781170155
|move|p1a: Dragonite|Earthquake|p2a: Zamazenta
|-damage|p2a: Zamazenta|10/100 par
|cant|p2a: Zamazenta|par
|
|-heal|p2a: Zamazenta|16/100 par|[from] item: Leftovers
|upkeep
|turn|17
|
|t:|1781170159
|move|p1a: Dragonite|Earthquake|p2a: Zamazenta
|-damage|p2a: Zamazenta|4/100 par
|move|p2a: Zamazenta|Body Press|p1a: Dragonite
|-resisted|p1a: Dragonite
|-damage|p1a: Dragonite|74/100
|
|-heal|p2a: Zamazenta|10/100 par|[from] item: Leftovers
|upkeep
|turn|18
|
|t:|1781170161
|move|p1a: Dragonite|Earthquake|p2a: Zamazenta
|-damage|p2a: Zamazenta|0 fnt
|faint|p2a: Zamazenta
|
|upkeep
|
|t:|1781170163
|switch|p2a: Pecharunt|Pecharunt|100/100
|turn|19
|
|t:|1781170167
|switch|p1a: Heatran|Heatran, F|99/100 par
|move|p2a: Pecharunt|Parting Shot|p1a: Heatran
|-unboost|p1a: Heatran|atk|1
|-unboost|p1a: Heatran|spa|1
|
|t:|1781170176
|switch|p2a: Clefable|Clefable, F|100/100 par|[from] Parting Shot
|
|-heal|p1a: Heatran|100/100 par|[from] item: Leftovers
|upkeep
|turn|20
|
|t:|1781170179
|cant|p1a: Heatran|par
|move|p2a: Clefable|Knock Off|p1a: Heatran
|-damage|p1a: Heatran|89/100 par
|-enditem|p1a: Heatran|Leftovers|[from] move: Knock Off|[of] p2a: Clefable
|
|upkeep
|turn|21
|
|t:|1781170183
|switch|p2a: Alomomola|Alomomola, F|100/100 brn
|-damage|p2a: Alomomola|88/100 brn|[from] Spikes
|-damage|p2a: Alomomola|76/100 brn|[from] Stealth Rock
|move|p1a: Heatran|Taunt|p2a: Alomomola
|-start|p2a: Alomomola|move: Taunt
|
|-damage|p2a: Alomomola|70/100 brn|[from] brn
|upkeep
|turn|22
|
|t:|1781170187
|move|p2a: Alomomola|Aqua Jet|p1a: Heatran
|-supereffective|p1a: Heatran
|-damage|p1a: Heatran|80/100 par
|cant|p1a: Heatran|par
|
|-damage|p2a: Alomomola|64/100 brn|[from] brn
|upkeep
|turn|23
|
|t:|1781170191
|switch|p1a: Samurott|Samurott-Hisui, F|64/100
|move|p2a: Alomomola|Aqua Jet|p1a: Samurott
|-resisted|p1a: Samurott
|-damage|p1a: Samurott|61/100
|
|-damage|p2a: Alomomola|57/100 brn|[from] brn
|-end|p2a: Alomomola|move: Taunt
|upkeep
|turn|24
|
|t:|1781170198
|move|p1a: Samurott|Ceaseless Edge|p2a: Alomomola
|-damage|p2a: Alomomola|27/100 brn
|-sidestart|p2: tb poke|Spikes
|move|p2a: Alomomola|Play Rough|p1a: Samurott
|-supereffective|p1a: Samurott
|-damage|p1a: Samurott|42/100
|
|-damage|p2a: Alomomola|20/100 brn|[from] brn
|upkeep
|turn|25
|
|t:|1781170202
|move|p2a: Alomomola|Aqua Jet|p1a: Samurott
|-resisted|p1a: Samurott
|-damage|p1a: Samurott|39/100
|move|p1a: Samurott|Knock Off|p2a: Alomomola
|-crit|p2a: Alomomola
|-damage|p2a: Alomomola|0 fnt
|-enditem|p2a: Alomomola|Assault Vest|[from] move: Knock Off|[of] p1a: Samurott
|faint|p2a: Alomomola
|
|upkeep
|
|t:|1781170205
|switch|p2a: Tornadus|Tornadus-Therian, M|76/100
|-damage|p2a: Tornadus|51/100|[from] Stealth Rock
|turn|26
|
|t:|1781170211
|move|p2a: Tornadus|Grass Knot|p1a: Samurott
|-supereffective|p1a: Samurott
|-damage|p1a: Samurott|2/100
|move|p1a: Samurott|Ceaseless Edge|p2a: Tornadus
|-crit|p2a: Tornadus
|-damage|p2a: Tornadus|0 fnt
|-sidestart|p2: tb poke|Spikes
|faint|p2a: Tornadus
|
|upkeep
|
|t:|1781170221
|switch|p2a: Clefable|Clefable, F|100/100 par
|turn|27
|
|t:|1781170231
|move|p1a: Samurott|Knock Off|p2a: Clefable
|-resisted|p2a: Clefable
|-crit|p2a: Clefable
|-damage|p2a: Clefable|77/100 par
|-damage|p1a: Samurott|0 fnt|[from] item: Rocky Helmet|[of] p2a: Clefable
|faint|p1a: Samurott
|move|p2a: Clefable|Moonblast|p1: Samurott|[notarget]
|-fail|p2a: Clefable
|
|upkeep
|
|t:|1781170239
|switch|p1a: Ogerpon|Ogerpon-Cornerstone, F|100/100
|turn|28
|
|t:|1781170244
|move|p1a: Ogerpon|Swords Dance|p1a: Ogerpon
|-boost|p1a: Ogerpon|atk|2
|move|p2a: Clefable|Thunder Wave|p1a: Ogerpon
|-status|p1a: Ogerpon|par
|
|upkeep
|turn|29
|
|t:|1781170248
|cant|p1a: Ogerpon|par
|move|p2a: Clefable|Moonblast|p1a: Ogerpon
|-crit|p1a: Ogerpon
|-damage|p1a: Ogerpon|45/100 par
|
|upkeep
|turn|30
|
|t:|1781170252
|cant|p1a: Ogerpon|par
|cant|p2a: Clefable|par
|
|upkeep
|turn|31
|
|t:|1781170259
|cant|p1a: Ogerpon|par
|move|p2a: Clefable|Moonblast|p1a: Ogerpon
|-damage|p1a: Ogerpon|6/100 par
|
|upkeep
|turn|32
|
|t:|1781170261
|move|p1a: Ogerpon|Ivy Cudgel|p2a: Clefable|[anim] Ivy Cudgel Rock
|-damage|p2a: Clefable|0 fnt
|faint|p2a: Clefable
|
|upkeep
|
|t:|1781170263
|switch|p2a: Pecharunt|Pecharunt|100/100
|turn|33
|
|t:|1781170267
|move|p2a: Pecharunt|Shadow Ball|p1a: Ogerpon
|-damage|p1a: Ogerpon|0 fnt
|faint|p1a: Ogerpon
|
|upkeep
|
|t:|1781170269
|switch|p1a: Heatran|Heatran, F|80/100 par
|turn|34
|inactive|tb poke has 120 seconds left.
|
|t:|1781170324
|-terastallize|p2a: Pecharunt|Fairy
|move|p2a: Pecharunt|Parting Shot|p1a: Heatran
|-unboost|p1a: Heatran|atk|1
|-unboost|p1a: Heatran|spa|1
|move|p1a: Heatran|Magma Storm|p2a: Pecharunt
|-damage|p2a: Pecharunt|74/100
|-activate|p2a: Pecharunt|move: Magma Storm|[of] p1a: Heatran
|
|-damage|p2a: Pecharunt|61/100|[from] move: Magma Storm|[partiallytrapped]
|upkeep
|turn|35
|
|t:|1781170330
|move|p2a: Pecharunt|Parting Shot|p1a: Heatran
|-unboost|p1a: Heatran|atk|1
|-unboost|p1a: Heatran|spa|1
|cant|p1a: Heatran|par
|
|-damage|p2a: Pecharunt|49/100|[from] move: Magma Storm|[partiallytrapped]
|upkeep
|turn|36
|
|t:|1781170332
|move|p2a: Pecharunt|Recover|p2a: Pecharunt
|-heal|p2a: Pecharunt|99/100
|move|p1a: Heatran|Taunt|p2a: Pecharunt
|-start|p2a: Pecharunt|move: Taunt
|
|-damage|p2a: Pecharunt|87/100|[from] move: Magma Storm|[partiallytrapped]
|upkeep
|turn|37
|
|t:|1781170342
|switch|p1a: Dragonite|Dragonite, F|74/100
|move|p2a: Pecharunt|Shadow Ball|p1a: Dragonite
|-damage|p1a: Dragonite|46/100
|
|-end|p2a: Pecharunt|Magma Storm|[partiallytrapped]|[silent]
|upkeep
|turn|38
|
|t:|1781170347
|switch|p1a: Heatran|Heatran, F|80/100 par
|move|p2a: Pecharunt|Malignant Chain|p1a: Heatran
|-immune|p1a: Heatran
|
|upkeep
|turn|39
|
|t:|1781170350
|move|p2a: Pecharunt|Shadow Ball|p1a: Heatran
|-damage|p1a: Heatran|63/100 par
|move|p1a: Heatran|Magma Storm|p2a: Pecharunt
|-damage|p2a: Pecharunt|47/100
|-activate|p2a: Pecharunt|move: Magma Storm|[of] p1a: Heatran
|
|-damage|p2a: Pecharunt|34/100|[from] move: Magma Storm|[partiallytrapped]
|-end|p2a: Pecharunt|move: Taunt
|upkeep
|turn|40
|
|t:|1781170353
|move|p2a: Pecharunt|Recover|p2a: Pecharunt
|-heal|p2a: Pecharunt|84/100
|move|p1a: Heatran|Taunt|p2a: Pecharunt
|-start|p2a: Pecharunt|move: Taunt
|
|-damage|p2a: Pecharunt|72/100|[from] move: Magma Storm|[partiallytrapped]
|upkeep
|turn|41
|
|t:|1781170355
|move|p2a: Pecharunt|Shadow Ball|p1a: Heatran
|-damage|p1a: Heatran|46/100 par
|-unboost|p1a: Heatran|spd|1
|move|p1a: Heatran|Earth Power|p2a: Pecharunt
|-damage|p2a: Pecharunt|48/100
|
|-damage|p2a: Pecharunt|36/100|[from] move: Magma Storm|[partiallytrapped]
|upkeep
|turn|42
|
|t:|1781170357
|move|p2a: Pecharunt|Shadow Ball|p1a: Heatran
|-damage|p1a: Heatran|22/100 par
|move|p1a: Heatran|Earth Power|p2a: Pecharunt
|-damage|p2a: Pecharunt|11/100
|
|-damage|p2a: Pecharunt|0 fnt|[from] move: Magma Storm|[partiallytrapped]
|faint|p2a: Pecharunt
|
|win|bigguy916
|raw|bigguy916's rating: 1703 &rarr; <strong>1722</strong><br />(+19 for winning)
|raw|tb poke's rating: 1690 &rarr; <strong>1671</strong><br />(-19 for losing)
|l|☆tb poke
|player|p2|
|l|☆bigguy916
|player|p1|
|l| yuureisuisei
