|badge|p2|bronze|gen9ubers|100-9
|uhtml|medal-msg|<div class="broadcast-blue">Curious what those medals under the avatar are? PS now has Ladder Seasons! For more information, check out the <a href="https://www.smogon.com/forums/threads/3740067/">thread on Smogon.</a></div>
|j|☆itsjustrps
|j|☆DriftedEx
|t:|1781205407
|gametype|singles
|player|p1|itsjustrps|1|1547
|player|p2|DriftedEx|rocketgrunt|1658
|gen|9
|tier|[Gen 9] OU
|rated|
|rule|HP Percentage Mod: HP is shown in percentages
|rule|Endless Battle Clause: Forcing endless battles is banned
|rule|Species Clause: Limit one of each Pokémon
|rule|OHKO Clause: OHKO moves are banned
|rule|Evasion Items Clause: Evasion items are banned
|rule|Evasion Moves Clause: Evasion moves are banned
|rule|Evasion Abilities Clause: Evasion abilities are banned
|rule|Sleep Moves Clause: Sleep-inducing moves are banned
|clearpoke
|poke|p1|Corviknight, F|
|poke|p1|Garganacl, F|
|poke|p1|Kyurem|
|poke|p1|Gholdengo|
|poke|p1|Dondozo, M|
|poke|p1|Clodsire, F|
|poke|p2|Ogerpon-Wellspring, F|
|poke|p2|Kingambit, F|
|poke|p2|Landorus-Therian, M|
|poke|p2|Glimmora, M|
|poke|p2|Dragapult, M|
|poke|p2|Iron Valiant|
|teampreview
|inactive|Battle timer is ON: inactive players will automatically lose when time's up. (requested by itsjustrps)
|inactive|DriftedEx also wants the timer to be on.
|
|t:|1781205446
|teamsize|p1|6
|teamsize|p2|6
|start
|switch|p1a: Kyurem|Kyurem|100/100
|switch|p2a: Glimmora|Glimmora, M|100/100
|-ability|p1a: Kyurem|Pressure
|turn|1
|
|t:|1781205456
|-terastallize|p2a: Glimmora|Ghost
|move|p1a: Kyurem|Substitute|p1a: Kyurem
|-start|p1a: Kyurem|Substitute
|-damage|p1a: Kyurem|75/100
|move|p2a: Glimmora|Meteor Beam||[still]
|-prepare|p2a: Glimmora|Meteor Beam
|-boost|p2a: Glimmora|spa|1
|-enditem|p2a: Glimmora|Power Herb
|-anim|p2a: Glimmora|Meteor Beam|p1a: Kyurem
|-supereffective|p1a: Kyurem
|-end|p1a: Kyurem|Substitute
|
|-heal|p1a: Kyurem|82/100|[from] item: Leftovers
|upkeep
|turn|2
|
|t:|1781205461
|move|p1a: Kyurem|Substitute|p1a: Kyurem
|-start|p1a: Kyurem|Substitute
|-damage|p1a: Kyurem|57/100
|move|p2a: Glimmora|Earth Power|p1a: Kyurem
|-end|p1a: Kyurem|Substitute
|
|-heal|p1a: Kyurem|63/100|[from] item: Leftovers
|upkeep
|turn|3
|
|t:|1781205464
|move|p1a: Kyurem|Protect|p1a: Kyurem
|-singleturn|p1a: Kyurem|Protect
|move|p2a: Glimmora|Earth Power|p1a: Kyurem
|-activate|p1a: Kyurem|move: Protect
|
|-heal|p1a: Kyurem|69/100|[from] item: Leftovers
|upkeep
|turn|4
|
|t:|1781205473
|switch|p1a: Corviknight|Corviknight, F|100/100
|-ability|p1a: Corviknight|Pressure
|move|p2a: Glimmora|Earth Power|p1a: Corviknight
|-immune|p1a: Corviknight
|
|upkeep
|turn|5
|
|t:|1781205478
|move|p2a: Glimmora|Spikes|p1a: Corviknight
|-sidestart|p1: itsjustrps|Spikes
|move|p1a: Corviknight|U-turn|p2a: Glimmora
|-resisted|p2a: Glimmora
|-damage|p2a: Glimmora|92/100
|-activate|p2a: Glimmora|ability: Toxic Debris
|-sidestart|p1: itsjustrps|move: Toxic Spikes
|
|t:|1781205482
|switch|p1a: Clodsire|Clodsire, F|100/100|[from] U-turn
|-sideend|p1: itsjustrps|move: Toxic Spikes|[of] p1a: Clodsire
|
|upkeep
|turn|6
|
|t:|1781205486
|move|p2a: Glimmora|Earth Power|p1a: Clodsire
|-supereffective|p1a: Clodsire
|-damage|p1a: Clodsire|64/100
|-unboost|p1a: Clodsire|spd|1
|move|p1a: Clodsire|Stealth Rock|p2a: Glimmora
|-sidestart|p2: DriftedEx|move: Stealth Rock
|
|upkeep
|turn|7
|
|t:|1781205489
|move|p2a: Glimmora|Spikes|p1a: Clodsire
|-sidestart|p1: itsjustrps|Spikes
|move|p1a: Clodsire|Recover|p1a: Clodsire
|-heal|p1a: Clodsire|100/100
|
|upkeep
|turn|8
|
|t:|1781205491
|switch|p1a: Corviknight|Corviknight, F|100/100
|-ability|p1a: Corviknight|Pressure
|move|p2a: Glimmora|Earth Power|p1a: Corviknight
|-immune|p1a: Corviknight
|
|upkeep
|turn|9
|
|t:|1781205494
|move|p2a: Glimmora|Spikes|p1a: Corviknight
|-sidestart|p1: itsjustrps|Spikes
|move|p1a: Corviknight|Defog|p2a: Glimmora
|-unboost|p2a: Glimmora|evasion|1
|-sideend|p2: DriftedEx|Stealth Rock|[from] move: Defog|[of] p1a: Corviknight
|-sideend|p1: itsjustrps|Spikes|[from] move: Defog|[of] p1a: Corviknight
|
|upkeep
|turn|10
|
|t:|1781205498
|move|p2a: Glimmora|Spikes|p1a: Corviknight
|-sidestart|p1: itsjustrps|Spikes
|move|p1a: Corviknight|Brave Bird|p2a: Glimmora
|-damage|p2a: Glimmora|51/100
|-activate|p2a: Glimmora|ability: Toxic Debris
|-sidestart|p1: itsjustrps|move: Toxic Spikes
|-damage|p1a: Corviknight|90/100|[from] Recoil
|
|upkeep
|turn|11
|
|t:|1781205500
|move|p2a: Glimmora|Spikes|p1a: Corviknight
|-sidestart|p1: itsjustrps|Spikes
|move|p1a: Corviknight|Defog|p2a: Glimmora
|-unboost|p2a: Glimmora|evasion|1
|-sideend|p1: itsjustrps|Spikes|[from] move: Defog|[of] p1a: Corviknight
|-sideend|p1: itsjustrps|Toxic Spikes|[from] move: Defog|[of] p1a: Corviknight
|
|upkeep
|turn|12
|
|t:|1781205503
|move|p2a: Glimmora|Meteor Beam||[still]
|-prepare|p2a: Glimmora|Meteor Beam
|-boost|p2a: Glimmora|spa|1
|move|p1a: Corviknight|Brave Bird|p2a: Glimmora
|-damage|p2a: Glimmora|8/100
|-activate|p2a: Glimmora|ability: Toxic Debris
|-sidestart|p1: itsjustrps|move: Toxic Spikes
|-damage|p1a: Corviknight|79/100|[from] Recoil
|
|upkeep
|turn|13
|
|t:|1781205507
|switch|p1a: Clodsire|Clodsire, F|100/100
|-sideend|p1: itsjustrps|move: Toxic Spikes|[of] p1a: Clodsire
|move|p2a: Glimmora|Meteor Beam|p1a: Clodsire|[from] lockedmove
|-resisted|p1a: Clodsire
|-damage|p1a: Clodsire|81/100
|
|upkeep
|turn|14
|
|t:|1781205511
|switch|p1a: Corviknight|Corviknight, F|79/100
|-ability|p1a: Corviknight|Pressure
|move|p2a: Glimmora|Spikes|p1a: Corviknight
|-sidestart|p1: itsjustrps|Spikes
|
|upkeep
|turn|15
|
|t:|1781205515
|switch|p2a: Landorus|Landorus-Therian, M|100/100
|-ability|p2a: Landorus|Intimidate|boost
|-unboost|p1a: Corviknight|atk|1
|move|p1a: Corviknight|Defog|p2a: Landorus
|-unboost|p2a: Landorus|evasion|1
|-sideend|p1: itsjustrps|Spikes|[from] move: Defog|[of] p1a: Corviknight
|
|upkeep
|turn|16
|
|t:|1781205518
|move|p2a: Landorus|Stealth Rock|p1a: Corviknight
|-sidestart|p1: itsjustrps|move: Stealth Rock
|move|p1a: Corviknight|U-turn|p2a: Landorus
|-resisted|p2a: Landorus
|-damage|p2a: Landorus|96/100
|-damage|p1a: Corviknight|62/100|[from] item: Rocky Helmet|[of] p2a: Landorus
|
|t:|1781205542
|switch|p1a: Kyurem|Kyurem|69/100|[from] U-turn
|-damage|p1a: Kyurem|44/100|[from] Stealth Rock
|-ability|p1a: Kyurem|Pressure
|
|-heal|p1a: Kyurem|50/100|[from] item: Leftovers
|upkeep
|turn|17
|
|t:|1781205546
|move|p1a: Kyurem|Substitute|p1a: Kyurem
|-start|p1a: Kyurem|Substitute
|-damage|p1a: Kyurem|25/100
|move|p2a: Landorus|Earthquake|p1a: Kyurem
|-end|p1a: Kyurem|Substitute
|
|-heal|p1a: Kyurem|31/100|[from] item: Leftovers
|upkeep
|turn|18
|
|t:|1781205551
|switch|p2a: Kingambit|Kingambit, F|100/100
|move|p1a: Kyurem|Freeze-Dry|p2a: Kingambit
|-resisted|p2a: Kingambit
|-damage|p2a: Kingambit|79/100
|
|-heal|p1a: Kyurem|38/100|[from] item: Leftovers
|-heal|p2a: Kingambit|86/100|[from] item: Leftovers
|upkeep
|turn|19
|
|t:|1781205553
|move|p1a: Kyurem|Protect|p1a: Kyurem
|-singleturn|p1a: Kyurem|Protect
|move|p2a: Kingambit|Iron Head|p1a: Kyurem
|-activate|p1a: Kyurem|move: Protect
|
|-heal|p1a: Kyurem|44/100|[from] item: Leftovers
|-heal|p2a: Kingambit|92/100|[from] item: Leftovers
|upkeep
|turn|20
|
|t:|1781205558
|switch|p1a: Dondozo|Dondozo, M|100/100
|-damage|p1a: Dondozo|88/100|[from] Stealth Rock
|-end|p2a: Kingambit|fallenundefined|[silent]
|switch|p2a: Glimmora|Glimmora, M, tera:Ghost|8/100
|
|-heal|p1a: Dondozo|94/100|[from] item: Leftovers
|upkeep
|turn|21
|
|t:|1781205562
|switch|p1a: Corviknight|Corviknight, F|62/100
|-damage|p1a: Corviknight|50/100|[from] Stealth Rock
|-ability|p1a: Corviknight|Pressure
|move|p2a: Glimmora|Meteor Beam||[still]
|-prepare|p2a: Glimmora|Meteor Beam
|-boost|p2a: Glimmora|spa|1
|
|upkeep
|turn|22
|
|t:|1781205569
|switch|p1a: Clodsire|Clodsire, F|81/100
|move|p2a: Glimmora|Meteor Beam|p1a: Clodsire|[from] lockedmove
|-resisted|p1a: Clodsire
|-damage|p1a: Clodsire|63/100
|
|upkeep
|turn|23
|
|t:|1781205574
|switch|p1a: Corviknight|Corviknight, F|50/100
|-damage|p1a: Corviknight|37/100|[from] Stealth Rock
|-ability|p1a: Corviknight|Pressure
|move|p2a: Glimmora|Earth Power|p1a: Corviknight
|-immune|p1a: Corviknight
|
|upkeep
|turn|24
|
|t:|1781205579
|switch|p2a: Landorus|Landorus-Therian, M|96/100
|-ability|p2a: Landorus|Intimidate|boost
|-unboost|p1a: Corviknight|atk|1
|move|p1a: Corviknight|Roost|p1a: Corviknight
|-heal|p1a: Corviknight|87/100
|-singleturn|p1a: Corviknight|move: Roost
|
|upkeep
|turn|25
|
|t:|1781205582
|move|p2a: Landorus|Taunt|p1a: Corviknight
|-start|p1a: Corviknight|move: Taunt
|cant|p1a: Corviknight|move: Taunt|Defog
|
|upkeep
|turn|26
|
|t:|1781205585
|switch|p2a: Glimmora|Glimmora, M, tera:Ghost|8/100
|move|p1a: Corviknight|U-turn|p2a: Glimmora
|-resisted|p2a: Glimmora
|-damage|p2a: Glimmora|2/100
|-activate|p2a: Glimmora|ability: Toxic Debris
|-sidestart|p1: itsjustrps|move: Toxic Spikes
|
|t:|1781205588
|switch|p1a: Clodsire|Clodsire, F|63/100|[from] U-turn
|-sideend|p1: itsjustrps|move: Toxic Spikes|[of] p1a: Clodsire
|
|upkeep
|turn|27
|
|t:|1781205592
|move|p2a: Glimmora|Spikes|p1a: Clodsire
|-sidestart|p1: itsjustrps|Spikes
|move|p1a: Clodsire|Recover|p1a: Clodsire
|-heal|p1a: Clodsire|100/100
|
|upkeep
|turn|28
|
|t:|1781205596
|switch|p1a: Corviknight|Corviknight, F|87/100
|-damage|p1a: Corviknight|75/100|[from] Stealth Rock
|-ability|p1a: Corviknight|Pressure
|move|p2a: Glimmora|Meteor Beam||[still]
|-prepare|p2a: Glimmora|Meteor Beam
|-boost|p2a: Glimmora|spa|1
|
|upkeep
|turn|29
|
|t:|1781205600
|move|p2a: Glimmora|Meteor Beam|p1a: Corviknight|[from] lockedmove
|-damage|p1a: Corviknight|8/100
|move|p1a: Corviknight|Roost|p1a: Corviknight
|-heal|p1a: Corviknight|58/100
|-singleturn|p1a: Corviknight|move: Roost
|
|upkeep
|turn|30
|
|t:|1781205606
|switch|p2a: Iron Valiant|Iron Valiant|100/100
|-enditem|p2a: Iron Valiant|Booster Energy
|-activate|p2a: Iron Valiant|ability: Quark Drive|[fromitem]
|-start|p2a: Iron Valiant|quarkdrivespe
|move|p1a: Corviknight|Defog|p2a: Iron Valiant
|-unboost|p2a: Iron Valiant|evasion|1
|-sideend|p1: itsjustrps|Spikes|[from] move: Defog|[of] p1a: Corviknight
|-sideend|p1: itsjustrps|Stealth Rock|[from] move: Defog|[of] p1a: Corviknight
|
|upkeep
|turn|31
|
|t:|1781205613
|move|p2a: Iron Valiant|Encore|p1a: Corviknight
|-start|p1a: Corviknight|Encore
|move|p1a: Corviknight|Defog|p2a: Iron Valiant
|-unboost|p2a: Iron Valiant|evasion|1
|
|upkeep
|turn|32
|
|t:|1781205618
|switch|p1a: Dondozo|Dondozo, M|94/100
|move|p2a: Iron Valiant|Swords Dance|p2a: Iron Valiant
|-boost|p2a: Iron Valiant|atk|2
|
|-heal|p1a: Dondozo|99/100|[from] item: Leftovers
|upkeep
|turn|33
|
|t:|1781205621
|move|p2a: Iron Valiant|Knock Off|p1a: Dondozo
|-damage|p1a: Dondozo|85/100
|-enditem|p1a: Dondozo|Leftovers|[from] move: Knock Off|[of] p2a: Iron Valiant
|move|p1a: Dondozo|Waterfall|p2a: Iron Valiant
|-damage|p2a: Iron Valiant|66/100
|
|upkeep
|turn|34
|
|t:|1781205623
|move|p2a: Iron Valiant|Spirit Break|p1a: Dondozo
|-damage|p1a: Dondozo|68/100
|-unboost|p1a: Dondozo|spa|1
|move|p1a: Dondozo|Waterfall|p2a: Iron Valiant
|-damage|p2a: Iron Valiant|29/100
|
|upkeep
|turn|35
|
|t:|1781205627
|move|p2a: Iron Valiant|Spirit Break|p1a: Dondozo
|-damage|p1a: Dondozo|51/100
|-unboost|p1a: Dondozo|spa|1
|move|p1a: Dondozo|Waterfall|p2a: Iron Valiant
|-damage|p2a: Iron Valiant|0 fnt
|faint|p2a: Iron Valiant
|-end|p2a: Iron Valiant|Quark Drive|[silent]
|
|upkeep
|
|t:|1781205629
|switch|p2a: Dragapult|Dragapult, M|100/100
|turn|36
|
|t:|1781205631
|switch|p1a: Salty|Garganacl, F|100/100
|move|p2a: Dragapult|U-turn|p1a: Salty
|-damage|p1a: Salty|90/100
|
|t:|1781205633
|switch|p2a: Ogerpon|Ogerpon-Wellspring, F|100/100|[from] U-turn
|
|upkeep
|turn|37
|
|t:|1781205639
|switch|p1a: Gholdengo|Gholdengo|100/100
|move|p2a: Ogerpon|Swords Dance|p2a: Ogerpon
|-boost|p2a: Ogerpon|atk|2
|
|upkeep
|turn|38
|
|t:|1781205645
|move|p1a: Gholdengo|Trick||[still]
|-fail|p1a: Gholdengo
|move|p2a: Ogerpon|Ivy Cudgel|p1a: Gholdengo|[anim] Ivy Cudgel Water
|-damage|p1a: Gholdengo|0 fnt
|faint|p1a: Gholdengo
|
|upkeep
|
|t:|1781205652
|switch|p1a: Dondozo|Dondozo, M|51/100
|turn|39
|
|t:|1781205654
|-terastallize|p1a: Dondozo|Fairy
|move|p2a: Ogerpon|Taunt|p1a: Dondozo
|-start|p1a: Dondozo|move: Taunt
|cant|p1a: Dondozo|move: Taunt|Rest
|
|upkeep
|turn|40
|
|t:|1781205658
|move|p2a: Ogerpon|Ivy Cudgel|p1a: Dondozo|[anim] Ivy Cudgel Water
|-damage|p1a: Dondozo|24/100
|move|p1a: Dondozo|Body Press|p2a: Ogerpon
|-damage|p2a: Ogerpon|65/100
|
|upkeep
|turn|41
|
|t:|1781205666
|move|p2a: Ogerpon|Horn Leech|p1a: Dondozo
|-damage|p1a: Dondozo|5/100
|-heal|p2a: Ogerpon|81/100|[from] drain|[of] p1a: Dondozo
|move|p1a: Dondozo|Body Press|p2a: Ogerpon
|-damage|p2a: Ogerpon|42/100
|
|-end|p1a: Dondozo|move: Taunt
|upkeep
|turn|42
|
|t:|1781205670
|move|p2a: Ogerpon|Ivy Cudgel|p1a: Dondozo|[anim] Ivy Cudgel Water
|-damage|p1a: Dondozo|0 fnt
|faint|p1a: Dondozo
|
|upkeep
|
|t:|1781205671
|switch|p1a: Kyurem|Kyurem|44/100
|-ability|p1a: Kyurem|Pressure
|turn|43
|
|t:|1781205673
|move|p2a: Ogerpon|Ivy Cudgel|p1a: Kyurem|[anim] Ivy Cudgel Water
|-resisted|p1a: Kyurem
|-damage|p1a: Kyurem|0 fnt
|faint|p1a: Kyurem
|
|upkeep
|-message|itsjustrps forfeited.
|
|win|DriftedEx
|raw|itsjustrps's rating: 1547 &rarr; <strong>1533</strong><br />(-14 for losing)
|raw|DriftedEx's rating: 1658 &rarr; <strong>1672</strong><br />(+14 for winning)
|l|☆itsjustrps
|player|p1|
