|j|☆anamchara
|j|☆tb poke
|t:|1781263544
|gametype|singles
|player|p1|anamchara|169|1603
|player|p2|tb poke|102|1647
|gen|9
|tier|[Gen 9] OU
|rated|
|rule|HP Percentage Mod: HP is shown in percentages
|rule|Endless Battle Clause: Forcing endless battles is banned
|rule|Species Clause: Limit one of each Pokémon
|rule|OHKO Clause: OHKO moves are banned
|rule|Evasion Items Clause: Evasion items are banned
|rule|Evasion Moves Clause: Evasion moves are banned
|rule|Evasion Abilities Clause: Evasion abilities are banned
|rule|Sleep Moves Clause: Sleep-inducing moves are banned
|clearpoke
|poke|p1|Slowking-Galar, F|
|poke|p1|Meowscarada, F|
|poke|p1|Iron Valiant|
|poke|p1|Ogerpon-Wellspring, F|
|poke|p1|Glimmora, F|
|poke|p1|Dragapult, F|
|poke|p2|Zamazenta-*|
|poke|p2|Iron Treads|
|poke|p2|Pecharunt|
|poke|p2|Tornadus-Therian, M|
|poke|p2|Clefable, F|
|poke|p2|Alomomola, F|
|teampreview
|inactive|Battle timer is ON: inactive players will automatically lose when time's up. (requested by tb poke)
|
|t:|1781263572
|teamsize|p1|6
|teamsize|p2|6
|start
|switch|p1a: Meowscarada|Meowscarada, F|100/100
|switch|p2a: Iron Treads|Iron Treads|100/100
|-item|p2a: Iron Treads|Air Balloon
|turn|1
|
|t:|1781263595
|move|p1a: Meowscarada|U-turn|p2a: Iron Treads
|-start|p1a: Meowscarada|typechange|Bug|[from] ability: Protean
|-resisted|p2a: Iron Treads
|-damage|p2a: Iron Treads|86/100
|-enditem|p2a: Iron Treads|Air Balloon
|
|t:|1781263596
|switch|p1a: Ogerpon|Ogerpon-Wellspring, F|100/100|[from] U-turn
|move|p2a: Iron Treads|Stealth Rock|p1a: Ogerpon
|-sidestart|p1: anamchara|move: Stealth Rock
|
|upkeep
|turn|2
|
|t:|1781263599
|-end|p2a: Iron Treads|Quark Drive|[silent]
|switch|p2a: Pecharunt|Pecharunt|100/100
|move|p1a: Ogerpon|Trailblaze|p2a: Pecharunt
|-resisted|p2a: Pecharunt
|-damage|p2a: Pecharunt|93/100
|-boost|p1a: Ogerpon|spe|1
|
|upkeep
|turn|3
|
|t:|1781263603
|-terastallize|p1a: Ogerpon|Water
|detailschange|p1a: Ogerpon|Ogerpon-Wellspring-Tera, F, tera:Water
|-ability|p1a: Ogerpon|Embody Aspect (Wellspring)|boost
|-boost|p1a: Ogerpon|spd|1
|move|p1a: Ogerpon|Ivy Cudgel|p2a: Pecharunt|[anim] Ivy Cudgel Water
|-damage|p2a: Pecharunt|54/100
|move|p2a: Pecharunt|Malignant Chain|p1a: Ogerpon
|-damage|p1a: Ogerpon|78/100
|
|upkeep
|turn|4
|
|t:|1781263611
|move|p1a: Ogerpon|Ivy Cudgel|p2a: Pecharunt|[anim] Ivy Cudgel Water
|-damage|p2a: Pecharunt|14/100
|move|p2a: Pecharunt|Recover|p2a: Pecharunt
|-heal|p2a: Pecharunt|65/100
|
|upkeep
|turn|5
|
|t:|1781263622
|move|p1a: Ogerpon|Ivy Cudgel|p2a: Pecharunt|[anim] Ivy Cudgel Water
|-damage|p2a: Pecharunt|27/100
|move|p2a: Pecharunt|Recover|p2a: Pecharunt
|-heal|p2a: Pecharunt|77/100
|
|upkeep
|turn|6
|
|t:|1781263628
|switch|p1a: Glimmora|Glimmora, F|100/100
|-damage|p1a: Glimmora|88/100|[from] Stealth Rock
|move|p2a: Pecharunt|Recover|p2a: Pecharunt
|-heal|p2a: Pecharunt|100/100
|
|upkeep
|turn|7
|
|t:|1781263643
|switch|p2a: Iron Treads|Iron Treads|86/100
|move|p1a: Glimmora|Earth Power|p2a: Iron Treads
|-supereffective|p2a: Iron Treads
|-damage|p2a: Iron Treads|0 fnt
|faint|p2a: Iron Treads
|-end|p2a: Iron Treads|Quark Drive|[silent]
|-damage|p1a: Glimmora|78/100|[from] item: Life Orb
|
|upkeep
|
|t:|1781263662
|switch|p2a: Zamazenta|Zamazenta|100/100
|-ability|p2a: Zamazenta|Dauntless Shield|boost
|-boost|p2a: Zamazenta|def|1
|turn|8
|inactive|anamchara has 120 seconds left.
|
|t:|1781263697
|move|p2a: Zamazenta|Iron Defense|p2a: Zamazenta
|-boost|p2a: Zamazenta|def|2
|move|p1a: Glimmora|Stealth Rock|p2a: Zamazenta
|-sidestart|p2: tb poke|move: Stealth Rock
|
|upkeep
|turn|9
|
|t:|1781263705
|switch|p1a: Dragapult|Dragapult, F|100/100
|-damage|p1a: Dragapult|88/100|[from] Stealth Rock
|move|p2a: Zamazenta|Body Press|p1a: Dragapult
|-immune|p1a: Dragapult
|
|upkeep
|turn|10
|
|t:|1781263714
|-terastallize|p2a: Zamazenta|Dark
|move|p1a: Dragapult|Will-O-Wisp|p2a: Zamazenta
|-status|p2a: Zamazenta|brn
|move|p2a: Zamazenta|Crunch|p1a: Dragapult
|-supereffective|p1a: Dragapult
|-damage|p1a: Dragapult|40/100
|
|-damage|p2a: Zamazenta|94/100 brn|[from] brn
|upkeep
|turn|11
|
|t:|1781263717
|switch|p1a: Glimmora|Glimmora, F|78/100
|-damage|p1a: Glimmora|66/100|[from] Stealth Rock
|move|p2a: Zamazenta|Crunch|p1a: Glimmora
|-damage|p1a: Glimmora|47/100
|-activate|p1a: Glimmora|ability: Toxic Debris
|-sidestart|p2: tb poke|move: Toxic Spikes
|
|-heal|p2a: Zamazenta|100/100 brn|[from] item: Leftovers
|-damage|p2a: Zamazenta|94/100 brn|[from] brn
|upkeep
|turn|12
|
|t:|1781263742
|move|p2a: Zamazenta|Body Press|p1a: Glimmora
|-damage|p1a: Glimmora|0 fnt
|-activate|p1a: Glimmora|ability: Toxic Debris
|-sidestart|p2: tb poke|move: Toxic Spikes
|faint|p1a: Glimmora
|
|-heal|p2a: Zamazenta|100/100 brn|[from] item: Leftovers
|-damage|p2a: Zamazenta|94/100 brn|[from] brn
|upkeep
|
|t:|1781263749
|switch|p1a: Iron Valiant|Iron Valiant|100/100
|-damage|p1a: Iron Valiant|94/100|[from] Stealth Rock
|-enditem|p1a: Iron Valiant|Booster Energy
|-activate|p1a: Iron Valiant|ability: Quark Drive|[fromitem]
|-start|p1a: Iron Valiant|quarkdrivespe
|turn|13
|
|t:|1781263753
|move|p1a: Iron Valiant|Swords Dance|p1a: Iron Valiant
|-boost|p1a: Iron Valiant|atk|2
|move|p2a: Zamazenta|Heavy Slam|p1a: Iron Valiant
|-supereffective|p1a: Iron Valiant
|-damage|p1a: Iron Valiant|56/100
|
|-heal|p2a: Zamazenta|100/100 brn|[from] item: Leftovers
|-damage|p2a: Zamazenta|94/100 brn|[from] brn
|upkeep
|turn|14
|
|t:|1781263764
|move|p1a: Iron Valiant|Close Combat|p2a: Zamazenta
|-supereffective|p2a: Zamazenta
|-crit|p2a: Zamazenta
|-damage|p2a: Zamazenta|0 fnt
|-unboost|p1a: Iron Valiant|def|1
|-unboost|p1a: Iron Valiant|spd|1
|faint|p2a: Zamazenta
|
|upkeep
|
|t:|1781263768
|switch|p2a: Pecharunt|Pecharunt|100/100
|-sideend|p2: tb poke|move: Toxic Spikes|[of] p2a: Pecharunt
|turn|15
|
|t:|1781263779
|move|p1a: Iron Valiant|Knock Off|p2a: Pecharunt
|-supereffective|p2a: Pecharunt
|-damage|p2a: Pecharunt|41/100
|-enditem|p2a: Pecharunt|Heavy-Duty Boots|[from] move: Knock Off|[of] p1a: Iron Valiant
|move|p2a: Pecharunt|Malignant Chain|p1a: Iron Valiant
|-supereffective|p1a: Iron Valiant
|-damage|p1a: Iron Valiant|0 fnt
|faint|p1a: Iron Valiant
|-end|p1a: Iron Valiant|Quark Drive|[silent]
|
|upkeep
|
|t:|1781263783
|switch|p1a: Dragapult|Dragapult, F|40/100
|-damage|p1a: Dragapult|27/100|[from] Stealth Rock
|turn|16
|
|t:|1781263786
|switch|p2a: Alomomola|Alomomola, F|100/100
|-damage|p2a: Alomomola|88/100|[from] Stealth Rock
|move|p1a: Dragapult|Hex|p2a: Alomomola
|-damage|p2a: Alomomola|70/100
|-damage|p1a: Dragapult|18/100|[from] item: Life Orb
|
|upkeep
|turn|17
|
|t:|1781263793
|move|p1a: Dragapult|Will-O-Wisp|p2a: Alomomola
|-status|p2a: Alomomola|brn
|move|p2a: Alomomola|Play Rough|p1a: Dragapult
|-supereffective|p1a: Dragapult
|-damage|p1a: Dragapult|0 fnt
|faint|p1a: Dragapult
|
|-damage|p2a: Alomomola|64/100 brn|[from] brn
|upkeep
|
|t:|1781263795
|switch|p1a: Ogerpon|Ogerpon-Wellspring-Tera, F, tera:Water|78/100
|-damage|p1a: Ogerpon|65/100|[from] Stealth Rock
|-ability|p1a: Ogerpon|Embody Aspect (Wellspring)|boost
|-boost|p1a: Ogerpon|spd|1
|turn|18
|
|t:|1781263802
|move|p1a: Ogerpon|Trailblaze|p2a: Alomomola
|-supereffective|p2a: Alomomola
|-damage|p2a: Alomomola|13/100 brn
|-boost|p1a: Ogerpon|spe|1
|move|p2a: Alomomola|Flip Turn|p1a: Ogerpon
|-resisted|p1a: Ogerpon
|-damage|p1a: Ogerpon|59/100
|
|t:|1781263805
|switch|p2a: Clefable|Clefable, F|100/100|[from] Flip Turn
|
|upkeep
|turn|19
|
|t:|1781263808
|move|p1a: Ogerpon|Ivy Cudgel|p2a: Clefable|[anim] Ivy Cudgel Water
|-crit|p2a: Clefable
|-damage|p2a: Clefable|7/100
|move|p2a: Clefable|Thunder Wave|p1a: Ogerpon
|-status|p1a: Ogerpon|par
|
|upkeep
|turn|20
|
|t:|1781263813
|move|p1a: Ogerpon|Trailblaze|p2a: Clefable
|-damage|p2a: Clefable|0 fnt
|-boost|p1a: Ogerpon|spe|1
|-damage|p1a: Ogerpon|43/100 par|[from] item: Rocky Helmet|[of] p2a: Clefable
|faint|p2a: Clefable
|
|upkeep
|
|t:|1781263815
|switch|p2a: Pecharunt|Pecharunt|41/100
|-damage|p2a: Pecharunt|28/100|[from] Stealth Rock
|turn|21
|
|t:|1781263826
|move|p1a: Ogerpon|Ivy Cudgel|p2a: Pecharunt|[anim] Ivy Cudgel Water
|-damage|p2a: Pecharunt|0 fnt
|faint|p2a: Pecharunt
|
|upkeep
|
|t:|1781263828
|switch|p2a: Tornadus|Tornadus-Therian, M|100/100
|-damage|p2a: Tornadus|76/100|[from] Stealth Rock
|turn|22
|inactive|anamchara has 120 seconds left.
|
|t:|1781263867
|move|p2a: Tornadus|Nasty Plot|p2a: Tornadus
|-boost|p2a: Tornadus|spa|2
|move|p1a: Ogerpon|Ivy Cudgel|p2a: Tornadus|[anim] Ivy Cudgel Water
|-damage|p2a: Tornadus|0 fnt
|faint|p2a: Tornadus
|
|upkeep
|
|t:|1781263872
|switch|p2a: Alomomola|Alomomola, F|47/100 brn
|-damage|p2a: Alomomola|34/100 brn|[from] Stealth Rock
|turn|23
|-message|tb poke forfeited.
|
|win|anamchara
|raw|anamchara's rating: 1603 &rarr; <strong>1626</strong><br />(+23 for winning)
|raw|tb poke's rating: 1647 &rarr; <strong>1624</strong><br />(-23 for losing)
|l|☆tb poke
|player|p2|
|l|☆anamchara
|player|p1|
