|j|☆OP Earthquakes
|j|☆silver jay#2240
|t:|1781124229
|gametype|singles
|player|p1|OP Earthquakes|giovanni-masters|1772
|player|p2|silver jay#2240|grusha|1722
|gen|9
|tier|[Gen 9] OU
|rated|
|rule|HP Percentage Mod: HP is shown in percentages
|rule|Endless Battle Clause: Forcing endless battles is banned
|rule|Species Clause: Limit one of each Pokémon
|rule|OHKO Clause: OHKO moves are banned
|rule|Evasion Items Clause: Evasion items are banned
|rule|Evasion Moves Clause: Evasion moves are banned
|rule|Evasion Abilities Clause: Evasion abilities are banned
|rule|Sleep Moves Clause: Sleep-inducing moves are banned
|clearpoke
|poke|p1|Excadrill, F|
|poke|p1|Tyranitar, F|
|poke|p1|Kyurem|
|poke|p1|Hawlucha, F|
|poke|p1|Pawmot, M|
|poke|p1|Zamazenta-*|
|poke|p2|Iron Hands|
|poke|p2|Iron Treads|
|poke|p2|Dragonite, M|
|poke|p2|Darkrai|
|poke|p2|Deoxys-Speed|
|poke|p2|Toxapex, F|
|teampreview
|inactive|Battle timer is ON: inactive players will automatically lose when time's up. (requested by OP Earthquakes)
|c|☆silver jay#2240|oh
|c|☆silver jay#2240|hello op eq
|c|☆OP Earthquakes|hi
|c|☆OP Earthquakes|GLHF
|c|☆silver jay#2240|u2
|inactive|silver jay#2240 has 120 seconds left.
|c|☆silver jay#2240|this is my peak in like a year rn btw
|c|☆OP Earthquakes|oh nice
|c|☆OP Earthquakes|I'm trying to settle at 1825+
|inactive|silver jay#2240 has 90 seconds left.
|c|☆silver jay#2240|i see
|c|☆OP Earthquakes|got to 1807 earlier
|
|t:|1781124303
|teamsize|p1|6
|teamsize|p2|6
|start
|switch|p1a: Toshiro|Kyurem, shiny|100/100
|switch|p2a: Deoxys|Deoxys-Speed|100/100
|-ability|p2a: Deoxys|Pressure
|-ability|p1a: Toshiro|Pressure
|turn|1
|j| Partynparadise
|j| kingjot
|
|t:|1781124333
|switch|p2a: Iron Hands|Iron Hands|100/100
|move|p1a: Toshiro|Shadow Ball|p2a: Iron Hands
|-damage|p2a: Iron Hands|77/100
|
|upkeep
|turn|2
|j| Arvayne
|c|☆silver jay#2240|still running same sets huh
|inactive|silver jay#2240 has 120 seconds left.
|
|t:|1781124350
|move|p1a: Toshiro|Earth Power|p2a: Iron Hands
|-supereffective|p2a: Iron Hands
|-damage|p2a: Iron Hands|11/100
|-unboost|p2a: Iron Hands|spd|1
|move|p2a: Iron Hands|Supercell Slam|p1a: Toshiro
|-resisted|p1a: Toshiro
|-crit|p1a: Toshiro
|-damage|p1a: Toshiro|56/100
|
|upkeep
|turn|3
|c|☆OP Earthquakes|not technically
|c|☆silver jay#2240|o
|inactive|silver jay#2240 has 120 seconds left.
|-enditem|p2a: Iron Hands|Custap Berry|[eat]
|-activate|p2a: Iron Hands|item: Custap Berry|[consumed]
|
|t:|1781124367
|move|p2a: Iron Hands|Drain Punch|p1a: Toshiro
|-supereffective|p1a: Toshiro
|-damage|p1a: Toshiro|0 fnt
|-heal|p2a: Iron Hands|36/100|[from] drain|[of] p1a: Toshiro
|faint|p1a: Toshiro
|
|upkeep
|l| Partynparadise
|
|t:|1781124383
|switch|p1a: Porunga|Pawmot, M|100/100
|turn|4
|inactive|silver jay#2240 has 120 seconds left.
|j| qklingying
|
|t:|1781124403
|move|p1a: Porunga|Revival Blessing|p1a: Porunga
|-enditem|p1a: Porunga|Leppa Berry|[eat]
|-activate|p1a: Porunga|item: Leppa Berry|Revival Blessing|[consumed]
|
|t:|1781124406
|-heal|p1: Toshiro|50/100|[from] move: Revival Blessing
|move|p2a: Iron Hands|Swords Dance|p2a: Iron Hands
|-boost|p2a: Iron Hands|atk|2
|
|upkeep
|turn|5
|
|t:|1781124414
|switch|p1a: Itachi|Hawlucha, F, shiny|100/100
|-ability|p1a: Itachi|Mold Breaker
|move|p2a: Iron Hands|Drain Punch|p1a: Itachi
|-resisted|p1a: Itachi
|-damage|p1a: Itachi|35/100
|-heal|p2a: Iron Hands|58/100|[from] drain|[of] p1a: Itachi
|-enditem|p1a: Itachi|Red Card|[of] p2a: Iron Hands
|-end|p2a: Iron Hands|Quark Drive|[silent]
|drag|p2a: Dragonite|Dragonite, M|100/100
|
|upkeep
|turn|6
|c|☆silver jay#2240|forgot about that.
|c|☆silver jay#2240|shouldve seen it coming
|inactive|silver jay#2240 has 120 seconds left.
|l| qklingying
|
|t:|1781124450
|switch|p1a: The sandstorm|Tyranitar, F, shiny|100/100
|-weather|Sandstorm|[from] ability: Sand Stream|[of] p1a: The sandstorm
|move|p2a: Dragonite|Extreme Speed|p1a: The sandstorm
|-resisted|p1a: The sandstorm
|-damage|p1a: The sandstorm|87/100
|-damage|p2a: Dragonite|91/100|[from] item: Life Orb
|
|-weather|Sandstorm|[upkeep]
|-damage|p2a: Dragonite|84/100|[from] Sandstorm
|upkeep
|turn|7
|
|t:|1781124456
|move|p2a: Dragonite|Outrage|p1a: The sandstorm
|-damage|p1a: The sandstorm|26/100
|-damage|p2a: Dragonite|74/100|[from] item: Life Orb
|move|p1a: The sandstorm|Ice Beam|p2a: Dragonite
|-supereffective|p2a: Dragonite
|-damage|p2a: Dragonite|0 fnt
|faint|p2a: Dragonite
|
|-weather|Sandstorm|[upkeep]
|upkeep
|j| Partynparadise
|
|t:|1781124476
|switch|p2a: Iron Hands|Iron Hands|58/100
|turn|8
|
|t:|1781124490
|switch|p1a: Zamazenta|Zamazenta|100/100
|-ability|p1a: Zamazenta|Dauntless Shield|boost
|-boost|p1a: Zamazenta|def|1
|move|p2a: Iron Hands|Supercell Slam|p1a: Zamazenta
|-damage|p1a: Zamazenta|64/100
|
|-weather|Sandstorm|[upkeep]
|-damage|p1a: Zamazenta|58/100|[from] Sandstorm
|-damage|p2a: Iron Hands|52/100|[from] Sandstorm
|upkeep
|turn|9
|j| DdaADWSadwS
|j| bigpoppalololol
|inactive|silver jay#2240 has 90 seconds left.
|c|☆silver jay#2240|knowing you this is something like lorb psychic fangs
|
|t:|1781124529
|-end|p2a: Iron Hands|Quark Drive|[silent]
|switch|p2a: Toxapex|Toxapex, F|100/100
|move|p1a: Zamazenta|Play Rough|p2a: Toxapex
|-resisted|p2a: Toxapex
|-damage|p2a: Toxapex|88/100
|
|-weather|Sandstorm|[upkeep]
|-damage|p1a: Zamazenta|52/100|[from] Sandstorm
|-damage|p2a: Toxapex|82/100|[from] Sandstorm
|upkeep
|turn|10
|c|☆OP Earthquakes|not a bad idea for fangs
|inactive|silver jay#2240 has 60 seconds left.
|l| bigpoppalololol
|c|☆silver jay#2240|perhaps dual ebelt or smth id have no clue
|
|t:|1781124579
|switch|p1a: Toshiro|Kyurem, shiny|50/100
|-ability|p1a: Toshiro|Pressure
|move|p2a: Toxapex|Infestation|p1a: Toshiro
|-damage|p1a: Toshiro|46/100
|-activate|p1a: Toshiro|move: Infestation|[of] p2a: Toxapex
|
|-weather|Sandstorm|[upkeep]
|-damage|p1a: Toshiro|40/100|[from] Sandstorm
|-damage|p2a: Toxapex|76/100|[from] Sandstorm
|-damage|p1a: Toshiro|28/100|[from] move: Infestation|[partiallytrapped]
|upkeep
|turn|11
|j| psquad
|
|t:|1781124585
|move|p1a: Toshiro|Freeze-Dry|p2a: Toxapex
|-supereffective|p2a: Toxapex
|-damage|p2a: Toxapex|21/100
|move|p2a: Toxapex|Sludge Bomb|p1a: Toshiro
|-damage|p1a: Toshiro|2/100
|
|-weather|Sandstorm|[upkeep]
|-damage|p1a: Toshiro|0 fnt|[from] Sandstorm
|-damage|p2a: Toxapex|15/100|[from] Sandstorm
|faint|p1a: Toshiro
|upkeep
|c|☆silver jay#2240|i take it as a no tho
|
|t:|1781124589
|switch|p1a: OP|Excadrill, F|100/100
|turn|12
|inactive|silver jay#2240 has 60 seconds left.
|
|t:|1781124595
|switch|p2a: Iron Treads|Iron Treads|100/100
|-item|p2a: Iron Treads|Air Balloon
|move|p1a: OP|Earthquake|p2a: Iron Treads
|-immune|p2a: Iron Treads
|
|-weather|Sandstorm|[upkeep]
|upkeep
|turn|13
|l| psquad
|inactive|silver jay#2240 has 60 seconds left.
|
|t:|1781124612
|switch|p1a: Zamazenta|Zamazenta|52/100
|move|p2a: Iron Treads|Rapid Spin|p1a: Zamazenta
|-damage|p1a: Zamazenta|38/100
|-boost|p2a: Iron Treads|spe|1
|
|-weather|none
|upkeep
|turn|14
|inactive|silver jay#2240 has 60 seconds left.
|
|t:|1781124627
|-end|p2a: Iron Treads|Quark Drive|[silent]
|switch|p2a: Deoxys|Deoxys-Speed|100/100
|-ability|p2a: Deoxys|Pressure
|move|p1a: Zamazenta|Close Combat|p2a: Deoxys
|-resisted|p2a: Deoxys
|-damage|p2a: Deoxys|63/100
|-unboost|p1a: Zamazenta|def|1
|-unboost|p1a: Zamazenta|spd|1
|
|-heal|p2a: Deoxys|69/100|[from] item: Leftovers
|upkeep
|turn|15
|inactive|silver jay#2240 has 60 seconds left.
|
|t:|1781124643
|switch|p1a: The sandstorm|Tyranitar, F, shiny|26/100
|-weather|Sandstorm|[from] ability: Sand Stream|[of] p1a: The sandstorm
|switch|p2a: Darkrai|Darkrai|100/100
|
|-weather|Sandstorm|[upkeep]
|-damage|p2a: Darkrai|94/100|[from] Sandstorm
|upkeep
|turn|16
|inactive|silver jay#2240 has 60 seconds left.
|
|t:|1781124659
|move|p2a: Darkrai|Ice Beam|p1a: The sandstorm
|-damage|p1a: The sandstorm|0 fnt
|faint|p1a: The sandstorm
|
|-weather|Sandstorm|[upkeep]
|-damage|p2a: Darkrai|88/100|[from] Sandstorm
|upkeep
|
|t:|1781124663
|switch|p1a: OP|Excadrill, F|100/100
|turn|17
|inactive|silver jay#2240 has 60 seconds left.
|
|t:|1781124674
|switch|p2a: Iron Hands|Iron Hands|52/100
|move|p1a: OP|Iron Head|p2a: Iron Hands
|-resisted|p2a: Iron Hands
|-damage|p2a: Iron Hands|27/100
|
|-weather|Sandstorm|[upkeep]
|-damage|p2a: Iron Hands|21/100|[from] Sandstorm
|upkeep
|turn|18
|inactive|silver jay#2240 has 60 seconds left.
|c|☆silver jay#2240|misplay, oops
|
|t:|1781124700
|move|p1a: OP|Iron Head|p2a: Iron Hands
|-resisted|p2a: Iron Hands
|-damage|p2a: Iron Hands|0 fnt
|faint|p2a: Iron Hands
|-end|p2a: Iron Hands|Quark Drive|[silent]
|
|-weather|Sandstorm|[upkeep]
|upkeep
|c|☆OP Earthquakes|happens
|inactive|silver jay#2240 has 30 seconds left.
|
|t:|1781124720
|switch|p2a: Iron Treads|Iron Treads|100/100
|-item|p2a: Iron Treads|Air Balloon
|turn|19
|
|t:|1781124723
|move|p1a: OP|Iron Head|p2a: Iron Treads
|-resisted|p2a: Iron Treads
|-crit|p2a: Iron Treads
|-damage|p2a: Iron Treads|54/100
|-enditem|p2a: Iron Treads|Air Balloon
|move|p2a: Iron Treads|Rapid Spin|p1a: OP
|-resisted|p1a: OP
|-damage|p1a: OP|90/100
|-boost|p2a: Iron Treads|spe|1
|
|-weather|Sandstorm|[upkeep]
|upkeep
|turn|20
|inactive|OP Earthquakes has 120 seconds left.
|
|t:|1781124757
|switch|p1a: Itachi|Hawlucha, F, shiny|35/100
|-ability|p1a: Itachi|Mold Breaker
|move|p2a: Iron Treads|Stealth Rock|p1a: Itachi
|-sidestart|p1: OP Earthquakes|move: Stealth Rock
|
|-weather|Sandstorm|[upkeep]
|-damage|p1a: Itachi|29/100|[from] Sandstorm
|upkeep
|turn|21
|
|t:|1781124764
|move|p2a: Iron Treads|Ice Spinner|p1a: Itachi
|-supereffective|p1a: Itachi
|-damage|p1a: Itachi|0 fnt
|faint|p1a: Itachi
|
|-weather|Sandstorm|[upkeep]
|upkeep
|c|☆silver jay#2240|:)
|inactive|OP Earthquakes has 120 seconds left.
|
|t:|1781124775
|switch|p1a: OP|Excadrill, F|90/100
|-damage|p1a: OP|87/100|[from] Stealth Rock
|turn|22
|inactive|silver jay#2240 has 60 seconds left.
|c|☆silver jay#2240|forgot about my balloon
|inactive|silver jay#2240 has 30 seconds left.
|c|☆OP Earthquakes|u still have a tera
|c|☆silver jay#2240|i am aware
|inactive|silver jay#2240 has 20 seconds left.
|l| DdaADWSadwS
|inactive|silver jay#2240 has 15 seconds left.
|
|t:|1781124832
|move|p1a: OP|Earthquake|p2a: Iron Treads
|-supereffective|p2a: Iron Treads
|-damage|p2a: Iron Treads|0 fnt
|faint|p2a: Iron Treads
|-end|p2a: Iron Treads|Quark Drive|[silent]
|
|-weather|none
|upkeep
|inactive|silver jay#2240 has 20 seconds left this turn.
|inactive|silver jay#2240 has 15 seconds left.
|inactive|silver jay#2240 has 10 seconds left.
|
|t:|1781124846
|switch|p2a: Darkrai|Darkrai|88/100
|turn|23
|inactive|silver jay#2240 has 20 seconds left this turn.
|
|t:|1781124853
|move|p2a: Darkrai|Trick|p1a: OP
|-activate|p2a: Darkrai|move: Trick|[of] p1a: OP
|-item|p1a: OP|Choice Specs|[from] move: Trick
|-item|p2a: Darkrai|Choice Band|[from] move: Trick
|move|p1a: OP|Earthquake|p2a: Darkrai
|-damage|p2a: Darkrai|13/100
|
|upkeep
|turn|24
|inactive|silver jay#2240 has 30 seconds left this turn.
|
|t:|1781124860
|move|p2a: Darkrai|Dark Pulse|p1a: OP
|-damage|p1a: OP|27/100
|move|p1a: OP|Earthquake|p2a: Darkrai
|-damage|p2a: Darkrai|0 fnt
|faint|p2a: Darkrai
|
|upkeep
|inactive|silver jay#2240 has 30 seconds left this turn.
|
|t:|1781124863
|switch|p2a: Deoxys|Deoxys-Speed|69/100
|-ability|p2a: Deoxys|Pressure
|turn|25
|
|t:|1781124873
|move|p2a: Deoxys|Iron Defense|p2a: Deoxys
|-boost|p2a: Deoxys|def|2
|move|p1a: OP|Earthquake|p2a: Deoxys
|-damage|p2a: Deoxys|34/100
|
|-heal|p2a: Deoxys|40/100|[from] item: Leftovers
|upkeep
|turn|26
|j| nepturee
|l| nepturee
|j| nepturee
|inactive|silver jay#2240 has 30 seconds left.
|c|☆OP Earthquakes|interesting take
|
|t:|1781124894
|move|p2a: Deoxys|Calm Mind|p2a: Deoxys
|-boost|p2a: Deoxys|spa|1
|-boost|p2a: Deoxys|spd|1
|move|p1a: OP|Earthquake|p2a: Deoxys
|-damage|p2a: Deoxys|0 fnt
|faint|p2a: Deoxys
|
|upkeep
|inactive|silver jay#2240 has 30 seconds left.
|c|☆silver jay#2240|wth
|c|☆OP Earthquakes|gg?
|c|☆silver jay#2240|i threw
|c|☆silver jay#2240|gg
|inactive|silver jay#2240 has 20 seconds left.
|
|t:|1781124911
|switch|p2a: Toxapex|Toxapex, F|48/100
|turn|27
|inactive|silver jay#2240 has 30 seconds left this turn.
|-message|silver jay#2240 forfeited.
|
|win|OP Earthquakes
|raw|OP Earthquakes's rating: 1772 &rarr; <strong>1789</strong><br />(+17 for winning)
|raw|silver jay#2240's rating: 1722 &rarr; <strong>1705</strong><br />(-17 for losing)
|l|☆silver jay#2240
|player|p2|
|l|☆OP Earthquakes
|player|p1|
|l| kingjot
