|j|☆vvenlo
|j|☆KurisuChestnutLab
|t:|1781120479
|gametype|singles
|player|p1|vvenlo|miku-water|1616
|player|p2|KurisuChestnutLab|may-contest|1567
|gen|9
|tier|[Gen 9] OU
|rated|
|rule|HP Percentage Mod: HP is shown in percentages
|rule|Endless Battle Clause: Forcing endless battles is banned
|rule|Species Clause: Limit one of each Pokémon
|rule|OHKO Clause: OHKO moves are banned
|rule|Evasion Items Clause: Evasion items are banned
|rule|Evasion Moves Clause: Evasion moves are banned
|rule|Evasion Abilities Clause: Evasion abilities are banned
|rule|Sleep Moves Clause: Sleep-inducing moves are banned
|clearpoke
|poke|p1|Kingambit, F|
|poke|p1|Zapdos|
|poke|p1|Primarina, F|
|poke|p1|Clodsire, F|
|poke|p1|Cinderace, F|
|poke|p1|Deoxys-Speed|
|poke|p2|Zamazenta-*|
|poke|p2|Zapdos|
|poke|p2|Garganacl, M|
|poke|p2|Clefable, M|
|poke|p2|Samurott-Hisui, F|
|poke|p2|Gholdengo|
|teampreview
|inactive|Battle timer is ON: inactive players will automatically lose when time's up. (requested by KurisuChestnutLab)
|inactive|vvenlo also wants the timer to be on.
|
|t:|1781120496
|teamsize|p1|6
|teamsize|p2|6
|start
|switch|p1a: Primarina|Primarina, F|100/100
|switch|p2a: Garganacl|Garganacl, M|100/100
|turn|1
|
|t:|1781120499
|-terastallize|p2a: Garganacl|Water
|move|p1a: Primarina|Surf|p2a: Garganacl
|-resisted|p2a: Garganacl
|-damage|p2a: Garganacl|83/100
|move|p2a: Garganacl|Salt Cure|p1a: Primarina
|-damage|p1a: Primarina|85/100
|-start|p1a: Primarina|Salt Cure
|
|-heal|p2a: Garganacl|89/100|[from] item: Leftovers
|-damage|p1a: Primarina|60/100|[from] Salt Cure
|upkeep
|turn|2
|
|t:|1781120508
|switch|p1a: Zapdos|Zapdos|100/100
|move|p2a: Garganacl|Stealth Rock|p1a: Zapdos
|-sidestart|p1: vvenlo|move: Stealth Rock
|
|-heal|p2a: Garganacl|95/100|[from] item: Leftovers
|upkeep
|turn|3
|
|t:|1781120513
|move|p1a: Zapdos|Discharge|p2a: Garganacl
|-supereffective|p2a: Garganacl
|-damage|p2a: Garganacl|54/100
|move|p2a: Garganacl|Salt Cure|p1a: Zapdos
|-supereffective|p1a: Zapdos
|-damage|p1a: Zapdos|80/100
|-start|p1a: Zapdos|Salt Cure
|
|-heal|p2a: Garganacl|61/100|[from] item: Leftovers
|-damage|p1a: Zapdos|67/100|[from] Salt Cure
|upkeep
|turn|4
|
|t:|1781120518
|move|p1a: Zapdos|U-turn|p2a: Garganacl
|-damage|p2a: Garganacl|51/100
|
|t:|1781120527
|switch|p1a: Deoxys|Deoxys-Speed|100/100|[from] U-turn
|-damage|p1a: Deoxys|88/100|[from] Stealth Rock
|-ability|p1a: Deoxys|Pressure
|move|p2a: Garganacl|Recover|p2a: Garganacl
|-heal|p2a: Garganacl|100/100
|
|upkeep
|turn|5
|
|t:|1781120533
|move|p1a: Deoxys|Trick|p2a: Garganacl
|-activate|p1a: Deoxys|move: Trick|[of] p2a: Garganacl
|-item|p2a: Garganacl|Choice Specs|[from] move: Trick
|-item|p1a: Deoxys|Leftovers|[from] move: Trick
|move|p2a: Garganacl|Salt Cure|p1a: Deoxys
|-damage|p1a: Deoxys|67/100
|-start|p1a: Deoxys|Salt Cure
|
|-heal|p1a: Deoxys|73/100|[from] item: Leftovers
|-damage|p1a: Deoxys|60/100|[from] Salt Cure
|upkeep
|turn|6
|
|t:|1781120539
|switch|p1a: Kingambit|Kingambit, F|100/100
|-damage|p1a: Kingambit|94/100|[from] Stealth Rock
|move|p2a: Garganacl|Salt Cure|p1a: Kingambit
|-resisted|p1a: Kingambit
|-damage|p1a: Kingambit|89/100
|-start|p1a: Kingambit|Salt Cure
|
|-heal|p1a: Kingambit|95/100|[from] item: Leftovers
|-damage|p1a: Kingambit|70/100|[from] Salt Cure
|upkeep
|turn|7
|
|t:|1781120544
|move|p1a: Kingambit|Swords Dance|p1a: Kingambit
|-boost|p1a: Kingambit|atk|2
|move|p2a: Garganacl|Salt Cure|p1a: Kingambit
|-resisted|p1a: Kingambit
|-damage|p1a: Kingambit|65/100
|
|-heal|p1a: Kingambit|71/100|[from] item: Leftovers
|-damage|p1a: Kingambit|46/100|[from] Salt Cure
|upkeep
|turn|8
|
|t:|1781120551
|switch|p2a: Zamazenta|Zamazenta|100/100
|-ability|p2a: Zamazenta|Dauntless Shield|boost
|-boost|p2a: Zamazenta|def|1
|move|p1a: Kingambit|Kowtow Cleave|p2a: Zamazenta
|-resisted|p2a: Zamazenta
|-damage|p2a: Zamazenta|74/100
|
|-heal|p2a: Zamazenta|81/100|[from] item: Leftovers
|-heal|p1a: Kingambit|52/100|[from] item: Leftovers
|-damage|p1a: Kingambit|27/100|[from] Salt Cure
|upkeep
|turn|9
|
|t:|1781120555
|-end|p1a: Kingambit|fallenundefined|[silent]
|switch|p1a: Zapdos|Zapdos|67/100
|move|p2a: Zamazenta|Roar|p1a: Zapdos
|drag|p1a: Kingambit|Kingambit, F|27/100
|-damage|p1a: Kingambit|21/100|[from] Stealth Rock
|
|-heal|p2a: Zamazenta|87/100|[from] item: Leftovers
|-heal|p1a: Kingambit|27/100|[from] item: Leftovers
|upkeep
|turn|10
|
|t:|1781120564
|-end|p1a: Kingambit|fallenundefined|[silent]
|switch|p1a: Clodsire|Clodsire, F|100/100
|-damage|p1a: Clodsire|94/100|[from] Stealth Rock
|move|p2a: Zamazenta|Roar|p1a: Clodsire
|drag|p1a: Primarina|Primarina, F|60/100
|-damage|p1a: Primarina|47/100|[from] Stealth Rock
|
|-heal|p2a: Zamazenta|93/100|[from] item: Leftovers
|upkeep
|turn|11
|
|t:|1781120573
|switch|p2a: Garganacl|Garganacl, M, tera:Water|100/100
|move|p1a: Primarina|Moonblast|p2a: Garganacl
|-crit|p2a: Garganacl
|-damage|p2a: Garganacl|44/100
|
|upkeep
|turn|12
|
|t:|1781120579
|move|p1a: Primarina|Moonblast|p2a: Garganacl
|-crit|p2a: Garganacl
|-damage|p2a: Garganacl|0 fnt
|faint|p2a: Garganacl
|
|upkeep
|
|t:|1781120583
|switch|p2a: Zapdos|Zapdos|100/100
|turn|13
|
|t:|1781120587
|switch|p1a: Clodsire|Clodsire, F|94/100
|-damage|p1a: Clodsire|88/100|[from] Stealth Rock
|move|p2a: Zapdos|Discharge|p1a: Clodsire
|-immune|p1a: Clodsire
|
|upkeep
|turn|14
|
|t:|1781120595
|move|p2a: Zapdos|Hurricane|p1a: Clodsire
|-damage|p1a: Clodsire|52/100
|-start|p1a: Clodsire|confusion
|-activate|p1a: Clodsire|confusion
|-damage|p1a: Clodsire|47/100|[from] confusion
|
|upkeep
|turn|15
|
|t:|1781120601
|move|p2a: Zapdos|Hurricane|p1a: Clodsire
|-damage|p1a: Clodsire|11/100
|-activate|p1a: Clodsire|confusion
|move|p1a: Clodsire|Recover|p1a: Clodsire
|-heal|p1a: Clodsire|61/100
|
|upkeep
|turn|16
|
|t:|1781120606
|move|p2a: Zapdos|Hurricane|p1a: Clodsire
|-damage|p1a: Clodsire|25/100
|-activate|p1a: Clodsire|confusion
|move|p1a: Clodsire|Toxic|p2a: Zapdos
|-status|p2a: Zapdos|tox
|
|-damage|p2a: Zapdos|94/100 tox|[from] psn
|upkeep
|turn|17
|
|t:|1781120625
|move|p2a: Zapdos|Hurricane|p1a: Clodsire
|-damage|p1a: Clodsire|0 fnt
|faint|p1a: Clodsire
|
|-damage|p2a: Zapdos|82/100 tox|[from] psn
|upkeep
|
|t:|1781120640
|switch|p1a: Zapdos|Zapdos|67/100
|turn|18
|
|t:|1781120644
|move|p2a: Zapdos|Volt Switch|p1a: Zapdos
|-damage|p1a: Zapdos|37/100
|
|t:|1781120650
|switch|p2a: Gholdengo|Gholdengo|100/100|[from] Volt Switch
|move|p1a: Zapdos|Discharge|p2a: Gholdengo
|-damage|p2a: Gholdengo|59/100
|
|upkeep
|turn|19
|
|t:|1781120663
|switch|p1a: Cinderace|Cinderace, F|100/100
|move|p2a: Gholdengo|Shadow Ball|p1a: Cinderace
|-damage|p1a: Cinderace|49/100
|-unboost|p1a: Cinderace|spd|1
|
|upkeep
|turn|20
|
|t:|1781120669
|switch|p1a: Primarina|Primarina, F|47/100
|-damage|p1a: Primarina|35/100|[from] Stealth Rock
|move|p2a: Gholdengo|Shadow Ball|p1a: Primarina
|-damage|p1a: Primarina|9/100
|
|upkeep
|turn|21
|
|t:|1781120675
|move|p2a: Gholdengo|Shadow Ball|p1a: Primarina
|-damage|p1a: Primarina|0 fnt
|faint|p1a: Primarina
|
|upkeep
|
|t:|1781120678
|switch|p1a: Kingambit|Kingambit, F|27/100
|-damage|p1a: Kingambit|21/100|[from] Stealth Rock
|-activate|p1a: Kingambit|ability: Supreme Overlord
|-start|p1a: Kingambit|fallen2|[silent]
|turn|22
|
|t:|1781120685
|switch|p2a: Zapdos|Zapdos|82/100 tox
|move|p1a: Kingambit|Iron Head|p2a: Zapdos
|-resisted|p2a: Zapdos
|-damage|p2a: Zapdos|64/100 tox
|
|-heal|p1a: Kingambit|27/100|[from] item: Leftovers
|-damage|p2a: Zapdos|58/100 tox|[from] psn
|upkeep
|turn|23
|
|t:|1781120692
|move|p2a: Zapdos|Volt Switch|p1a: Kingambit
|-damage|p1a: Kingambit|0 fnt
|faint|p1a: Kingambit
|-end|p1a: Kingambit|fallen2|[silent]
|
|t:|1781120698
|switch|p2a: Gholdengo|Gholdengo|59/100|[from] Volt Switch
|
|upkeep
|
|t:|1781120702
|switch|p1a: Deoxys|Deoxys-Speed|60/100
|-damage|p1a: Deoxys|48/100|[from] Stealth Rock
|-ability|p1a: Deoxys|Pressure
|turn|24
|
|t:|1781120708
|move|p1a: Deoxys|Shadow Ball|p2a: Gholdengo
|-supereffective|p2a: Gholdengo
|-damage|p2a: Gholdengo|5/100
|move|p2a: Gholdengo|Shadow Ball|p1a: Deoxys
|-supereffective|p1a: Deoxys
|-crit|p1a: Deoxys
|-damage|p1a: Deoxys|0 fnt
|faint|p1a: Deoxys
|
|upkeep
|
|t:|1781120712
|switch|p1a: Cinderace|Cinderace, F|49/100
|turn|25
|
|t:|1781120716
|move|p2a: Gholdengo|Shadow Ball|p1a: Cinderace
|-damage|p1a: Cinderace|0 fnt
|faint|p1a: Cinderace
|
|upkeep
|-message|vvenlo forfeited.
|
|win|KurisuChestnutLab
|raw|vvenlo's rating: 1616 &rarr; <strong>1594</strong><br />(-22 for losing)
|raw|KurisuChestnutLab's rating: 1582 &rarr; <strong>1604</strong><br />(+22 for winning)
|l|☆vvenlo
|player|p1|
