|j|☆Sashannarcy
|j|☆BugCatcherWeevil
|t:|1781076144
|gametype|singles
|player|p1|Sashannarcy|unknownf|1490
|player|p2|BugCatcherWeevil|266|1557
|gen|9
|tier|[Gen 9] OU
|rated|
|rule|HP Percentage Mod: HP is shown in percentages
|rule|Endless Battle Clause: Forcing endless battles is banned
|rule|Species Clause: Limit one of each Pokémon
|rule|OHKO Clause: OHKO moves are banned
|rule|Evasion Items Clause: Evasion items are banned
|rule|Evasion Moves Clause: Evasion moves are banned
|rule|Evasion Abilities Clause: Evasion abilities are banned
|rule|Sleep Moves Clause: Sleep-inducing moves are banned
|clearpoke
|poke|p1|Komala, F|
|poke|p1|Blissey, F|
|poke|p1|Dondozo, F|
|poke|p1|Gliscor, F|
|poke|p1|Clefable, M|
|poke|p1|Toxapex, M|
|poke|p2|Weavile, F|
|poke|p2|Moltres|
|poke|p2|Hoopa-Unbound|
|poke|p2|Enamorus, F|
|poke|p2|Iron Treads|
|poke|p2|Zamazenta-*|
|teampreview
|inactive|Battle timer is ON: inactive players will automatically lose when time's up. (requested by Sashannarcy)
|
|t:|1781076150
|teamsize|p1|6
|teamsize|p2|6
|start
|switch|p1a: Gliscor|Gliscor, F|100/100
|switch|p2a: Hoopa|Hoopa-Unbound|100/100
|turn|1
|
|t:|1781076156
|switch|p2a: Weavile|Weavile, F|100/100
|-ability|p2a: Weavile|Pressure
|move|p1a: Gliscor|Protect||[still]
|-fail|p1a: Gliscor
|
|-status|p1a: Gliscor|tox|[from] item: Toxic Orb
|upkeep
|turn|2
|
|t:|1781076168
|move|p1a: Gliscor|Protect|p1a: Gliscor
|-singleturn|p1a: Gliscor|Protect
|move|p2a: Weavile|Knock Off|p1a: Gliscor
|-activate|p1a: Gliscor|move: Protect
|
|upkeep
|turn|3
|
|t:|1781076177
|switch|p1a: Toxapex|Toxapex, M|100/100
|move|p2a: Weavile|Knock Off|p1a: Toxapex
|-damage|p1a: Toxapex|55/100
|-enditem|p1a: Toxapex|Heavy-Duty Boots|[from] move: Knock Off|[of] p2a: Weavile
|
|upkeep
|turn|4
|j| lord shiddenfards
|
|t:|1781076183
|switch|p2a: Iron Treads|Iron Treads|100/100
|switch|p1a: Gliscor|Gliscor, F|100/100 tox
|
|upkeep
|turn|5
|
|t:|1781076190
|move|p2a: Iron Treads|Stealth Rock|p1a: Gliscor
|-sidestart|p1: Sashannarcy|move: Stealth Rock
|move|p1a: Gliscor|Knock Off|p2a: Iron Treads
|-damage|p2a: Iron Treads|82/100
|-enditem|p2a: Iron Treads|Occa Berry|[from] move: Knock Off|[of] p1a: Gliscor
|
|upkeep
|turn|6
|
|t:|1781076208
|switch|p1a: Clefable|Clefable, M|100/100
|move|p2a: Iron Treads|Heavy Slam|p1a: Clefable
|-supereffective|p1a: Clefable
|-damage|p1a: Clefable|18/100
|
|-damage|p2a: Iron Treads|70/100|[from] item: Sticky Barb
|upkeep
|turn|7
|
|t:|1781076219
|move|p1a: Clefable|Protect|p1a: Clefable
|-singleturn|p1a: Clefable|Protect
|move|p2a: Iron Treads|Earthquake|p1a: Clefable
|-activate|p1a: Clefable|move: Protect
|
|-damage|p2a: Iron Treads|57/100|[from] item: Sticky Barb
|upkeep
|turn|8
|
|t:|1781076224
|switch|p1a: Gliscor|Gliscor, F|100/100 tox
|-damage|p1a: Gliscor|88/100 tox|[from] Stealth Rock
|move|p2a: Iron Treads|Heavy Slam|p1a: Gliscor
|-damage|p1a: Gliscor|51/100 tox
|
|-heal|p1a: Gliscor|64/100 tox|[from] ability: Poison Heal
|-damage|p2a: Iron Treads|45/100|[from] item: Sticky Barb
|upkeep
|turn|9
|
|t:|1781076233
|-end|p2a: Iron Treads|Quark Drive|[silent]
|switch|p2a: Weavile|Weavile, F|100/100
|-ability|p2a: Weavile|Pressure
|move|p1a: Gliscor|Spikes|p2a: Weavile
|-sidestart|p2: BugCatcherWeevil|Spikes
|
|-heal|p1a: Gliscor|76/100 tox|[from] ability: Poison Heal
|upkeep
|turn|10
|
|t:|1781076244
|-terastallize|p2a: Weavile|Dark
|move|p1a: Gliscor|Protect|p1a: Gliscor
|-singleturn|p1a: Gliscor|Protect
|move|p2a: Weavile|Beat Up|p1a: Gliscor
|-activate|p1a: Gliscor|move: Protect
|
|-heal|p1a: Gliscor|89/100 tox|[from] ability: Poison Heal
|upkeep
|turn|11
|inactive|Sashannarcy has 120 seconds left.
|
|t:|1781076279
|move|p2a: Weavile|Beat Up|p1a: Gliscor
|-damage|p1a: Gliscor|78/100 tox
|-damage|p1a: Gliscor|70/100 tox
|-damage|p1a: Gliscor|56/100 tox
|-damage|p1a: Gliscor|47/100 tox
|-damage|p1a: Gliscor|36/100 tox
|-crit|p1a: Gliscor
|-damage|p1a: Gliscor|20/100 tox
|-hitcount|p1a: Gliscor|6
|move|p1a: Gliscor|Toxic|p2a: Weavile
|-status|p2a: Weavile|tox
|
|-damage|p2a: Weavile|94/100 tox|[from] psn
|-heal|p1a: Gliscor|33/100 tox|[from] ability: Poison Heal
|upkeep
|turn|12
|
|t:|1781076294
|move|p1a: Gliscor|Protect|p1a: Gliscor
|-singleturn|p1a: Gliscor|Protect
|move|p2a: Weavile|Beat Up|p1a: Gliscor
|-activate|p1a: Gliscor|move: Protect
|
|-damage|p2a: Weavile|82/100 tox|[from] psn
|-heal|p1a: Gliscor|45/100 tox|[from] ability: Poison Heal
|upkeep
|turn|13
|
|t:|1781076299
|switch|p1a: Dondozo|Dondozo, F|100/100
|move|p2a: Weavile|Beat Up|p1a: Dondozo
|-damage|p1a: Dondozo|93/100
|-damage|p1a: Dondozo|87/100
|-damage|p1a: Dondozo|77/100
|-damage|p1a: Dondozo|70/100
|-damage|p1a: Dondozo|63/100
|-damage|p1a: Dondozo|54/100
|-hitcount|p1a: Dondozo|6
|
|-damage|p2a: Weavile|64/100 tox|[from] psn
|upkeep
|turn|14
|
|t:|1781076313
|switch|p2a: Hoopa|Hoopa-Unbound|100/100
|-damage|p2a: Hoopa|88/100|[from] Spikes
|move|p1a: Dondozo|Rest|p1a: Dondozo
|-status|p1a: Dondozo|slp|[from] move: Rest
|-heal|p1a: Dondozo|100/100 slp|[silent]
|
|upkeep
|turn|15
|
|t:|1781076324
|switch|p1a: Clefable|Clefable, M|18/100
|move|p2a: Hoopa|Psychic Noise|p1a: Clefable
|-damage|p1a: Clefable|0 fnt
|faint|p1a: Clefable
|
|upkeep
|
|t:|1781076345
|switch|p1a: Komala|Komala, F|100/100
|-ability|p1a: Komala|Comatose
|turn|16
|
|t:|1781076350
|move|p2a: Hoopa|Knock Off|p1a: Komala
|-damage|p1a: Komala|49/100
|-enditem|p1a: Komala|Heavy-Duty Boots|[from] move: Knock Off|[of] p2a: Hoopa
|move|p1a: Komala|Rapid Spin|p2a: Hoopa
|-damage|p2a: Hoopa|68/100
|-boost|p1a: Komala|spe|1
|-sideend|p1: Sashannarcy|Stealth Rock|[from] move: Rapid Spin|[of] p1a: Komala
|
|upkeep
|turn|17
|
|t:|1781076368
|switch|p2a: Iron Treads|Iron Treads|45/100
|-damage|p2a: Iron Treads|32/100|[from] Spikes
|move|p1a: Komala|Knock Off|p2a: Iron Treads
|-damage|p2a: Iron Treads|10/100
|
|-damage|p1a: Komala|37/100|[from] item: Sticky Barb
|upkeep
|turn|18
|
|t:|1781076375
|move|p2a: Iron Treads|Stealth Rock|p1a: Komala
|-sidestart|p1: Sashannarcy|move: Stealth Rock
|move|p1a: Komala|Knock Off|p2a: Iron Treads
|-damage|p2a: Iron Treads|0 fnt
|faint|p2a: Iron Treads
|-end|p2a: Iron Treads|Quark Drive|[silent]
|
|-damage|p1a: Komala|25/100|[from] item: Sticky Barb
|upkeep
|
|t:|1781076399
|switch|p2a: Enamorus|Enamorus, F|100/100
|turn|19
|
|t:|1781076406
|move|p1a: Komala|Protect|p1a: Komala
|-singleturn|p1a: Komala|Protect
|move|p2a: Enamorus|Healing Wish|p2a: Enamorus
|faint|p2a: Enamorus
|
|-damage|p1a: Komala|12/100|[from] item: Sticky Barb
|upkeep
|
|t:|1781076412
|switch|p2a: Weavile|Weavile, F, tera:Dark|64/100 tox
|-heal|p2a: Weavile|100/100|[from] move: Healing Wish
|-damage|p2a: Weavile|88/100|[from] Spikes
|-ability|p2a: Weavile|Pressure
|turn|20
|
|t:|1781076419
|move|p1a: Komala|Protect||[still]
|-fail|p1a: Komala
|move|p2a: Weavile|Knock Off|p1a: Komala
|-damage|p1a: Komala|0 fnt
|-enditem|p1a: Komala|Sticky Barb|[from] move: Knock Off|[of] p2a: Weavile
|faint|p1a: Komala
|
|upkeep
|
|t:|1781076426
|switch|p1a: Toxapex|Toxapex, M|88/100
|-damage|p1a: Toxapex|76/100|[from] Stealth Rock
|turn|21
|
|t:|1781076447
|switch|p2a: Zamazenta|Zamazenta|100/100
|-damage|p2a: Zamazenta|88/100|[from] Spikes
|-ability|p2a: Zamazenta|Dauntless Shield|boost
|-boost|p2a: Zamazenta|def|1
|move|p1a: Toxapex|Toxic|p2a: Zamazenta
|-status|p2a: Zamazenta|tox
|
|-heal|p2a: Zamazenta|94/100 tox|[from] item: Leftovers
|-damage|p2a: Zamazenta|88/100 tox|[from] psn
|upkeep
|turn|22
|
|t:|1781076458
|switch|p2a: Hoopa|Hoopa-Unbound|68/100
|-damage|p2a: Hoopa|56/100|[from] Spikes
|switch|p1a: Gliscor|Gliscor, F|45/100 tox
|-damage|p1a: Gliscor|33/100 tox|[from] Stealth Rock
|
|-heal|p1a: Gliscor|45/100 tox|[from] ability: Poison Heal
|upkeep
|turn|23
|
|t:|1781076462
|move|p1a: Gliscor|Protect|p1a: Gliscor
|-singleturn|p1a: Gliscor|Protect
|move|p2a: Hoopa|Psychic Noise|p1a: Gliscor
|-activate|p1a: Gliscor|move: Protect
|
|-heal|p1a: Gliscor|58/100 tox|[from] ability: Poison Heal
|upkeep
|turn|24
|
|t:|1781076467
|move|p1a: Gliscor|Toxic|p2a: Hoopa
|-status|p2a: Hoopa|tox
|move|p2a: Hoopa|Psychic Noise|p1a: Gliscor
|-damage|p1a: Gliscor|3/100 tox
|-start|p1a: Gliscor|move: Heal Block
|
|-damage|p2a: Hoopa|50/100 tox|[from] psn
|upkeep
|turn|25
|
|t:|1781076479
|switch|p2a: Weavile|Weavile, F, tera:Dark|88/100
|-damage|p2a: Weavile|76/100|[from] Spikes
|-ability|p2a: Weavile|Pressure
|move|p1a: Gliscor|Protect||[still]
|-fail|p1a: Gliscor
|
|-end|p1a: Gliscor|move: Heal Block
|upkeep
|turn|26
|
|t:|1781076489
|move|p1a: Gliscor|Protect|p1a: Gliscor
|-singleturn|p1a: Gliscor|Protect
|move|p2a: Weavile|Knock Off|p1a: Gliscor
|-activate|p1a: Gliscor|move: Protect
|
|-heal|p1a: Gliscor|16/100 tox|[from] ability: Poison Heal
|upkeep
|turn|27
|
|t:|1781076500
|switch|p1a: Dondozo|Dondozo, F|100/100 slp
|move|p2a: Weavile|Knock Off|p1a: Dondozo
|-damage|p1a: Dondozo|57/100 slp
|-enditem|p1a: Dondozo|Heavy-Duty Boots|[from] move: Knock Off|[of] p2a: Weavile
|
|upkeep
|turn|28
|
|t:|1781076511
|switch|p2a: Zamazenta|Zamazenta|88/100 tox
|-damage|p2a: Zamazenta|76/100 tox|[from] Spikes
|cant|p1a: Dondozo|slp
|move|p1a: Dondozo|Sleep Talk|p1a: Dondozo
|move|p1a: Dondozo|Body Press|p2a: Zamazenta|[from] move: Sleep Talk
|-damage|p2a: Zamazenta|57/100 tox
|
|-heal|p2a: Zamazenta|63/100 tox|[from] item: Leftovers
|-damage|p2a: Zamazenta|57/100 tox|[from] psn
|upkeep
|turn|29
|
|t:|1781076517
|switch|p1a: Toxapex|Toxapex, M|100/100
|-damage|p1a: Toxapex|88/100|[from] Stealth Rock
|move|p2a: Zamazenta|Roar|p1a: Toxapex
|drag|p1a: Blissey|Blissey, F|100/100
|
|-heal|p2a: Zamazenta|63/100 tox|[from] item: Leftovers
|-damage|p2a: Zamazenta|51/100 tox|[from] psn
|upkeep
|turn|30
|j| wuxinshushu1
|
|t:|1781076532
|switch|p1a: Toxapex|Toxapex, M|100/100
|-damage|p1a: Toxapex|88/100|[from] Stealth Rock
|move|p2a: Zamazenta|Roar|p1a: Toxapex
|drag|p1a: Dondozo|Dondozo, F|57/100 slp
|-damage|p1a: Dondozo|45/100 slp|[from] Stealth Rock
|
|-heal|p2a: Zamazenta|57/100 tox|[from] item: Leftovers
|-damage|p2a: Zamazenta|38/100 tox|[from] psn
|upkeep
|turn|31
|
|t:|1781076542
|cant|p1a: Dondozo|slp
|move|p2a: Zamazenta|Roar|p1a: Dondozo
|drag|p1a: Blissey|Blissey, F|100/100
|
|-heal|p2a: Zamazenta|45/100 tox|[from] item: Leftovers
|-damage|p2a: Zamazenta|20/100 tox|[from] psn
|upkeep
|turn|32
|
|t:|1781076549
|switch|p1a: Toxapex|Toxapex, M|100/100
|-damage|p1a: Toxapex|88/100|[from] Stealth Rock
|move|p2a: Zamazenta|Body Press|p1a: Toxapex
|-resisted|p1a: Toxapex
|-damage|p1a: Toxapex|76/100
|
|-heal|p2a: Zamazenta|26/100 tox|[from] item: Leftovers
|-damage|p2a: Zamazenta|0 fnt|[from] psn
|faint|p2a: Zamazenta
|upkeep
|
|t:|1781076559
|switch|p2a: Hoopa|Hoopa-Unbound|50/100 tox
|-damage|p2a: Hoopa|37/100 tox|[from] Spikes
|turn|33
|
|t:|1781076565
|move|p1a: Toxapex|Baneful Bunker|p1a: Toxapex
|-singleturn|p1a: Toxapex|move: Protect
|move|p2a: Hoopa|Knock Off|p1a: Toxapex
|-activate|p1a: Toxapex|move: Protect
|
|-damage|p2a: Hoopa|31/100 tox|[from] psn
|upkeep
|turn|34
|
|t:|1781076572
|switch|p1a: Dondozo|Dondozo, F|45/100 slp
|-damage|p1a: Dondozo|32/100 slp|[from] Stealth Rock
|move|p2a: Hoopa|Knock Off|p1a: Dondozo
|-damage|p1a: Dondozo|18/100 slp
|
|-damage|p2a: Hoopa|19/100 tox|[from] psn
|upkeep
|turn|35
|
|t:|1781076582
|move|p2a: Hoopa|Psychic Noise|p1a: Dondozo
|-damage|p1a: Dondozo|0 fnt
|faint|p1a: Dondozo
|
|-damage|p2a: Hoopa|1/100 tox|[from] psn
|upkeep
|
|t:|1781076587
|switch|p1a: Gliscor|Gliscor, F|16/100 tox
|-damage|p1a: Gliscor|3/100 tox|[from] Stealth Rock
|turn|36
|
|t:|1781076592
|move|p1a: Gliscor|Protect|p1a: Gliscor
|-singleturn|p1a: Gliscor|Protect
|move|p2a: Hoopa|Psychic Noise|p1a: Gliscor
|-activate|p1a: Gliscor|move: Protect
|
|-heal|p1a: Gliscor|16/100 tox|[from] ability: Poison Heal
|-damage|p2a: Hoopa|0 fnt|[from] psn
|faint|p2a: Hoopa
|upkeep
|
|t:|1781076594
|switch|p2a: Weavile|Weavile, F, tera:Dark|76/100
|-damage|p2a: Weavile|63/100|[from] Spikes
|-ability|p2a: Weavile|Pressure
|turn|37
|
|t:|1781076602
|move|p2a: Weavile|Knock Off|p1a: Gliscor
|-damage|p1a: Gliscor|0 fnt
|-enditem|p1a: Gliscor|Toxic Orb|[from] move: Knock Off|[of] p2a: Weavile
|faint|p1a: Gliscor
|
|upkeep
|
|t:|1781076605
|switch|p1a: Toxapex|Toxapex, M|100/100
|-damage|p1a: Toxapex|88/100|[from] Stealth Rock
|turn|38
|-message|BugCatcherWeevil forfeited.
|
|win|Sashannarcy
|raw|Sashannarcy's rating: 1490 &rarr; <strong>1514</strong><br />(+24 for winning)
|raw|BugCatcherWeevil's rating: 1557 &rarr; <strong>1533</strong><br />(-24 for losing)
|l|☆BugCatcherWeevil
|player|p2|
|l|☆Sashannarcy
|player|p1|
