|j|☆danmoses
|j|☆supmydudetest1
|t:|1781519292
|gametype|singles
|player|p1|danmoses|whitney|1610
|player|p2|supmydudetest1|1|1650
|gen|9
|tier|[Gen 9] OU
|rated|
|rule|HP Percentage Mod: HP is shown in percentages
|rule|Endless Battle Clause: Forcing endless battles is banned
|rule|Species Clause: Limit one of each Pokémon
|rule|OHKO Clause: OHKO moves are banned
|rule|Evasion Items Clause: Evasion items are banned
|rule|Evasion Moves Clause: Evasion moves are banned
|rule|Evasion Abilities Clause: Evasion abilities are banned
|rule|Sleep Moves Clause: Sleep-inducing moves are banned
|clearpoke
|poke|p1|Hatterene, F|
|poke|p1|Great Tusk|
|poke|p1|Tornadus-Therian, M|
|poke|p1|Kyurem|
|poke|p1|Slowking-Galar, M|
|poke|p1|Kingambit, M|
|poke|p2|Ogerpon-Wellspring, F|
|poke|p2|Raging Bolt|
|poke|p2|Cinderace, M|
|poke|p2|Corviknight, M|
|poke|p2|Ting-Lu|
|poke|p2|Gengar, F|
|teampreview
|inactive|Battle timer is ON: inactive players will automatically lose when time's up. (requested by supmydudetest1)
|inactive|danmoses also wants the timer to be on.
|inactive|supmydudetest1 has 120 seconds left.
|l|☆supmydudetest1
|inactive|supmydudetest1 disconnected and has a minute to reconnect!
|player|p2|
|j|☆supmydudetest1
|inactive|supmydudetest1 reconnected and has 100 seconds left.
|player|p2|supmydudetest1|1|
|
|t:|1781519349
|teamsize|p1|6
|teamsize|p2|6
|start
|switch|p1a: Tornadus|Tornadus-Therian, M|100/100
|switch|p2a: Cinderace|Cinderace, M|100/100
|turn|1
|
|t:|1781519356
|move|p1a: Tornadus|Bleakwind Storm|p2a: Cinderace
|-damage|p2a: Cinderace|51/100
|move|p2a: Cinderace|Pyro Ball|p1a: Tornadus
|-damage|p1a: Tornadus|2/100
|
|upkeep
|turn|2
|
|t:|1781519366
|switch|p2a: Corviknight|Corviknight, M|100/100
|move|p1a: Tornadus|Bleakwind Storm|p2a: Corviknight
|-resisted|p2a: Corviknight
|-damage|p2a: Corviknight|82/100
|
|-heal|p2a: Corviknight|88/100|[from] item: Leftovers
|upkeep
|turn|3
|
|t:|1781519377
|switch|p1a: Kyurem|Kyurem|100/100
|-ability|p1a: Kyurem|Pressure
|move|p2a: Corviknight|U-turn|p1a: Kyurem
|-damage|p1a: Kyurem|86/100
|
|t:|1781519384
|switch|p2a: Cinderace|Cinderace, M|51/100|[from] U-turn
|
|upkeep
|turn|4
|
|t:|1781519403
|move|p2a: Cinderace|Pyro Ball|p1a: Kyurem
|-damage|p1a: Kyurem|11/100
|move|p1a: Kyurem|Earth Power|p2a: Cinderace
|-supereffective|p2a: Cinderace
|-damage|p2a: Cinderace|0 fnt
|faint|p2a: Cinderace
|
|upkeep
|
|t:|1781519411
|switch|p2a: Ogerpon|Ogerpon-Wellspring, F|100/100
|turn|5
|
|t:|1781519417
|switch|p1a: Tornadus|Tornadus-Therian, M|35/100
|move|p2a: Ogerpon|Ivy Cudgel|p1a: Tornadus|[anim] Ivy Cudgel Water
|-damage|p1a: Tornadus|0 fnt
|faint|p1a: Tornadus
|
|upkeep
|
|t:|1781519426
|switch|p1a: Slowking|Slowking-Galar, M|100/100
|turn|6
|
|t:|1781519433
|switch|p2a: Ting-Lu|Ting-Lu|100/100
|-ability|p2a: Ting-Lu|Vessel of Ruin
|move|p1a: Slowking|Future Sight|p2a: Ting-Lu
|-start|p1a: Slowking|move: Future Sight
|
|upkeep
|turn|7
|
|t:|1781519443
|move|p2a: Ting-Lu|Earthquake|p1a: Slowking
|-supereffective|p1a: Slowking
|-damage|p1a: Slowking|50/100
|move|p1a: Slowking|Trick|p2a: Ting-Lu
|-activate|p1a: Slowking|move: Trick|[of] p2a: Ting-Lu
|-item|p2a: Ting-Lu|Black Sludge|[from] move: Trick
|-item|p1a: Slowking|Leftovers|[from] move: Trick
|
|-damage|p2a: Ting-Lu|88/100|[from] item: Black Sludge
|-heal|p1a: Slowking|56/100|[from] item: Leftovers
|upkeep
|turn|8
|
|t:|1781519454
|move|p2a: Ting-Lu|Earthquake|p1a: Slowking
|-supereffective|p1a: Slowking
|-damage|p1a: Slowking|3/100
|-prepare|p1a: Slowking|Chilly Reception|[premajor]
|move|p1a: Slowking|Chilly Reception|p1a: Slowking
|-weather|Snowscape
|
|t:|1781519457
|switch|p1a: Kyurem|Kyurem|11/100|[from] Chilly Reception
|-ability|p1a: Kyurem|Pressure
|
|-weather|Snowscape|[upkeep]
|-end|p2a: Ting-Lu|move: Future Sight
|-immune|p2a: Ting-Lu
|-damage|p2a: Ting-Lu|76/100|[from] item: Black Sludge
|upkeep
|turn|9
|
|t:|1781519468
|move|p1a: Kyurem|Blizzard|p2a: Ting-Lu
|-supereffective|p2a: Ting-Lu
|-damage|p2a: Ting-Lu|4/100
|move|p2a: Ting-Lu|Earthquake|p1a: Kyurem
|-damage|p1a: Kyurem|0 fnt
|faint|p1a: Kyurem
|
|-weather|Snowscape|[upkeep]
|-damage|p2a: Ting-Lu|0 fnt|[from] item: Black Sludge
|faint|p2a: Ting-Lu
|upkeep
|
|t:|1781519481
|switch|p1a: Slowking|Slowking-Galar, M|36/100
|switch|p2a: Ogerpon|Ogerpon-Wellspring, F|100/100
|turn|10
|
|t:|1781519491
|switch|p1a: Hatterene|Hatterene, F|100/100
|move|p2a: Ogerpon|Ivy Cudgel|p1a: Hatterene|[anim] Ivy Cudgel Water
|-damage|p1a: Hatterene|49/100
|
|-weather|Snowscape|[upkeep]
|upkeep
|turn|11
|
|t:|1781519503
|-terastallize|p2a: Ogerpon|Water
|detailschange|p2a: Ogerpon|Ogerpon-Wellspring-Tera, F, tera:Water
|-ability|p2a: Ogerpon|Embody Aspect (Wellspring)|boost
|-boost|p2a: Ogerpon|spd|1
|move|p2a: Ogerpon|Ivy Cudgel|p1a: Hatterene|[anim] Ivy Cudgel Water
|-damage|p1a: Hatterene|0 fnt
|faint|p1a: Hatterene
|
|-weather|Snowscape|[upkeep]
|upkeep
|
|t:|1781519520
|switch|p1a: Slowking|Slowking-Galar, M|69/100
|turn|12
|
|t:|1781519532
|-terastallize|p1a: Slowking|Grass
|move|p2a: Ogerpon|Ivy Cudgel|p1a: Slowking|[anim] Ivy Cudgel Water
|-resisted|p1a: Slowking
|-damage|p1a: Slowking|41/100
|move|p1a: Slowking|Future Sight|p2a: Ogerpon
|-start|p1a: Slowking|move: Future Sight
|
|-weather|none
|-heal|p1a: Slowking|47/100|[from] item: Leftovers
|upkeep
|turn|13
|
|t:|1781519542
|move|p2a: Ogerpon|Swords Dance|p2a: Ogerpon
|-boost|p2a: Ogerpon|atk|2
|-prepare|p1a: Slowking|Chilly Reception|[premajor]
|move|p1a: Slowking|Chilly Reception|p1a: Slowking
|-weather|Snowscape
|
|t:|1781519549
|switch|p1a: Kingambit|Kingambit, M|100/100|[from] Chilly Reception
|-activate|p1a: Kingambit|ability: Supreme Overlord
|-start|p1a: Kingambit|fallen3|[silent]
|
|-weather|Snowscape|[upkeep]
|upkeep
|turn|14
|
|t:|1781519556
|-end|p1a: Kingambit|fallen3|[silent]
|switch|p1a: Slowking|Slowking-Galar, M, tera:Grass|80/100
|move|p2a: Ogerpon|Ivy Cudgel|p1a: Slowking|[anim] Ivy Cudgel Water
|-resisted|p1a: Slowking
|-damage|p1a: Slowking|28/100
|
|-weather|Snowscape|[upkeep]
|-end|p2a: Ogerpon|move: Future Sight
|-crit|p2a: Ogerpon
|-damage|p2a: Ogerpon|20/100
|-heal|p1a: Slowking|34/100|[from] item: Leftovers
|upkeep
|turn|15
|
|t:|1781519567
|move|p2a: Ogerpon|Ivy Cudgel|p1a: Slowking|[anim] Ivy Cudgel Water
|-resisted|p1a: Slowking
|-damage|p1a: Slowking|0 fnt
|faint|p1a: Slowking
|
|-weather|Snowscape|[upkeep]
|upkeep
|
|t:|1781519572
|switch|p1a: Kingambit|Kingambit, M|100/100
|-activate|p1a: Kingambit|ability: Supreme Overlord
|-start|p1a: Kingambit|fallen4|[silent]
|turn|16
|
|t:|1781519578
|switch|p2a: Gengar|Gengar, F|100/100
|move|p1a: Kingambit|Kowtow Cleave|p2a: Gengar
|-supereffective|p2a: Gengar
|-damage|p2a: Gengar|0 fnt
|faint|p2a: Gengar
|
|-weather|Snowscape|[upkeep]
|upkeep
|
|t:|1781519587
|switch|p2a: Corviknight|Corviknight, M|88/100
|turn|17
|
|t:|1781519596
|-end|p1a: Kingambit|fallen4|[silent]
|switch|p1a: Great Tusk|Great Tusk|100/100
|move|p2a: Corviknight|U-turn|p1a: Great Tusk
|-resisted|p1a: Great Tusk
|-damage|p1a: Great Tusk|96/100
|-damage|p2a: Corviknight|71/100|[from] item: Rocky Helmet|[of] p1a: Great Tusk
|
|t:|1781519603
|switch|p2a: Ogerpon|Ogerpon-Wellspring-Tera, F, tera:Water|20/100|[from] U-turn
|-ability|p2a: Ogerpon|Embody Aspect (Wellspring)|boost
|-boost|p2a: Ogerpon|spd|1
|
|-weather|none
|upkeep
|turn|18
|
|t:|1781519611
|move|p2a: Ogerpon|Ivy Cudgel|p1a: Great Tusk|[anim] Ivy Cudgel Water
|-supereffective|p1a: Great Tusk
|-damage|p1a: Great Tusk|0 fnt
|faint|p1a: Great Tusk
|-end|p1a: Great Tusk|Protosynthesis|[silent]
|
|upkeep
|
|t:|1781519614
|switch|p1a: Kingambit|Kingambit, M|100/100
|-activate|p1a: Kingambit|ability: Supreme Overlord
|-start|p1a: Kingambit|fallen5|[silent]
|turn|19
|
|t:|1781519620
|move|p1a: Kingambit|Sucker Punch|p2a: Ogerpon
|-damage|p2a: Ogerpon|0 fnt
|faint|p2a: Ogerpon
|detailschange|p2: Ogerpon|Ogerpon-Wellspring, F|[silent]
|
|upkeep
|
|t:|1781519624
|switch|p2a: Raging Bolt|Raging Bolt|100/100
|-enditem|p2a: Raging Bolt|Booster Energy
|-activate|p2a: Raging Bolt|ability: Protosynthesis|[fromitem]
|-start|p2a: Raging Bolt|protosynthesisspa
|turn|20
|
|t:|1781519631
|move|p2a: Raging Bolt|Thunderbolt|p1a: Kingambit
|-damage|p1a: Kingambit|31/100
|move|p1a: Kingambit|Kowtow Cleave|p2a: Raging Bolt
|-damage|p2a: Raging Bolt|25/100
|
|-heal|p1a: Kingambit|37/100|[from] item: Leftovers
|upkeep
|turn|21
|
|t:|1781519640
|move|p2a: Raging Bolt|Thunderclap|p1a: Kingambit
|-damage|p1a: Kingambit|0 fnt
|faint|p1a: Kingambit
|-end|p1a: Kingambit|fallen5|[silent]
|
|win|supmydudetest1
|raw|danmoses's rating: 1610 &rarr; <strong>1592</strong><br />(-18 for losing)
|raw|supmydudetest1's rating: 1650 &rarr; <strong>1668</strong><br />(+18 for winning)
|l|☆danmoses
|player|p1|
|l|☆supmydudetest1
|player|p2|
