|j|☆owl_with_scarf
|j|☆KurisuChestnutOU
|t:|1781152863
|gametype|singles
|player|p1|owl_with_scarf|#owlwithscarf|1517
|player|p2|KurisuChestnutOU|may-contest|1541
|gen|9
|tier|[Gen 9] OU
|rated|
|rule|HP Percentage Mod: HP is shown in percentages
|rule|Endless Battle Clause: Forcing endless battles is banned
|rule|Species Clause: Limit one of each Pokémon
|rule|OHKO Clause: OHKO moves are banned
|rule|Evasion Items Clause: Evasion items are banned
|rule|Evasion Moves Clause: Evasion moves are banned
|rule|Evasion Abilities Clause: Evasion abilities are banned
|rule|Sleep Moves Clause: Sleep-inducing moves are banned
|clearpoke
|poke|p1|Slowking-Galar, M|
|poke|p1|Indeedee, M|
|poke|p1|Hawlucha, M|
|poke|p1|Walking Wake|
|poke|p1|Great Tusk|
|poke|p1|Iron Crown|
|poke|p2|Gliscor, M|
|poke|p2|Dondozo, F|
|poke|p2|Slowking-Galar, M|
|poke|p2|Gholdengo|
|poke|p2|Great Tusk|
|poke|p2|Kingambit, M|
|teampreview
|inactive|Battle timer is ON: inactive players will automatically lose when time's up. (requested by owl_with_scarf)
|inactive|KurisuChestnutOU also wants the timer to be on.
|
|t:|1781152876
|teamsize|p1|6
|teamsize|p2|6
|start
|switch|p1a: Indeedee|Indeedee, M|100/100
|switch|p2a: Gliscor|Gliscor, M|100/100
|-fieldstart|move: Psychic Terrain|[from] ability: Psychic Surge|[of] p1a: Indeedee
|turn|1
|
|t:|1781152885
|switch|p1a: Walking Wake|Walking Wake|100/100
|-enditem|p1a: Walking Wake|Booster Energy
|-activate|p1a: Walking Wake|ability: Protosynthesis|[fromitem]
|-start|p1a: Walking Wake|protosynthesisspa
|move|p2a: Gliscor|Knock Off|p1a: Walking Wake
|-damage|p1a: Walking Wake|86/100
|
|-status|p2a: Gliscor|tox|[from] item: Toxic Orb
|upkeep
|turn|2
|
|t:|1781152889
|switch|p2a: Slowking|Slowking-Galar, M|100/100
|move|p1a: Walking Wake|Hydro Steam|p2a: Slowking
|-damage|p2a: Slowking|79/100
|
|upkeep
|turn|3
|
|t:|1781152897
|move|p1a: Walking Wake|Substitute|p1a: Walking Wake
|-start|p1a: Walking Wake|Substitute
|-damage|p1a: Walking Wake|61/100
|move|p2a: Slowking|Psyshock|p1a: Walking Wake
|-end|p1a: Walking Wake|Substitute
|
|upkeep
|turn|4
|inactive|owl_with_scarf has 120 seconds left.
|
|t:|1781152947
|-end|p1a: Walking Wake|Protosynthesis|[silent]
|switch|p1a: Iron Crown|Iron Crown|100/100
|move|p2a: Slowking|Psyshock|p1a: Iron Crown
|-resisted|p1a: Iron Crown
|-damage|p1a: Iron Crown|93/100
|
|-heal|p1a: Iron Crown|99/100|[from] item: Leftovers
|upkeep
|turn|5
|
|t:|1781152952
|move|p1a: Iron Crown|Calm Mind|p1a: Iron Crown
|-boost|p1a: Iron Crown|spa|1
|-boost|p1a: Iron Crown|spd|1
|move|p2a: Slowking|Future Sight|p1a: Iron Crown
|-start|p2a: Slowking|move: Future Sight
|
|-heal|p1a: Iron Crown|100/100|[from] item: Leftovers
|upkeep
|turn|6
|
|t:|1781152955
|switch|p2a: Gliscor|Gliscor, M|100/100 tox
|move|p1a: Iron Crown|Calm Mind|p1a: Iron Crown
|-boost|p1a: Iron Crown|spa|1
|-boost|p1a: Iron Crown|spd|1
|
|upkeep
|turn|7
|
|t:|1781152959
|-terastallize|p1a: Iron Crown|Steel
|-terastallize|p2a: Gliscor|Water
|move|p1a: Iron Crown|Tachyon Cutter|p2a: Gliscor
|-resisted|p2a: Gliscor
|-damage|p2a: Gliscor|64/100 tox
|-resisted|p2a: Gliscor
|-damage|p2a: Gliscor|25/100 tox
|-hitcount|p2a: Gliscor|2
|move|p2a: Gliscor|Knock Off|p1a: Iron Crown
|-damage|p1a: Iron Crown|84/100
|-enditem|p1a: Iron Crown|Leftovers|[from] move: Knock Off|[of] p2a: Gliscor
|
|-end|p1a: Iron Crown|move: Future Sight
|-resisted|p1a: Iron Crown
|-damage|p1a: Iron Crown|71/100
|-heal|p2a: Gliscor|38/100 tox|[from] ability: Poison Heal
|upkeep
|turn|8
|
|t:|1781152964
|switch|p2a: Dondozo|Dondozo, F|100/100
|move|p1a: Iron Crown|Tachyon Cutter|p2a: Dondozo
|-resisted|p2a: Dondozo
|-damage|p2a: Dondozo|87/100
|-resisted|p2a: Dondozo
|-damage|p2a: Dondozo|72/100
|-hitcount|p2a: Dondozo|2
|
|-heal|p2a: Dondozo|78/100|[from] item: Leftovers
|-fieldend|move: Psychic Terrain
|upkeep
|turn|9
|
|t:|1781152970
|move|p1a: Iron Crown|Stored Power|p2a: Dondozo
|-damage|p2a: Dondozo|33/100
|move|p2a: Dondozo|Body Press|p1a: Iron Crown
|-supereffective|p1a: Iron Crown
|-damage|p1a: Iron Crown|25/100
|
|-heal|p2a: Dondozo|39/100|[from] item: Leftovers
|upkeep
|turn|10
|
|t:|1781152976
|move|p1a: Iron Crown|Stored Power|p2a: Dondozo
|-damage|p2a: Dondozo|0 fnt
|faint|p2a: Dondozo
|
|upkeep
|
|t:|1781152979
|switch|p2a: Kingambit|Kingambit, M|100/100
|-activate|p2a: Kingambit|ability: Supreme Overlord
|-start|p2a: Kingambit|fallen1|[silent]
|turn|11
|
|t:|1781152996
|move|p2a: Kingambit|Sucker Punch|p1a: Iron Crown
|-damage|p1a: Iron Crown|0 fnt
|faint|p1a: Iron Crown
|-end|p1a: Iron Crown|Quark Drive|[silent]
|
|upkeep
|
|t:|1781152999
|switch|p1a: Hawlucha|Hawlucha, M|100/100
|turn|12
|
|t:|1781153003
|switch|p1a: Indeedee|Indeedee, M|100/100
|-fieldstart|move: Psychic Terrain|[from] ability: Psychic Surge|[of] p1a: Indeedee
|-end|p2a: Kingambit|fallen1|[silent]
|switch|p2a: Great Tusk|Great Tusk|100/100
|
|upkeep
|turn|13
|
|t:|1781153010
|switch|p1a: Great Tusk|Great Tusk|100/100
|-end|p2a: Great Tusk|Protosynthesis|[silent]
|switch|p2a: Slowking|Slowking-Galar, M|100/100
|
|upkeep
|turn|14
|
|t:|1781153015
|switch|p2a: Gholdengo|Gholdengo|100/100
|-item|p2a: Gholdengo|Air Balloon
|move|p1a: Great Tusk|Bulk Up|p1a: Great Tusk
|-boost|p1a: Great Tusk|atk|1
|-boost|p1a: Great Tusk|def|1
|
|upkeep
|turn|15
|
|t:|1781153021
|-end|p1a: Great Tusk|Protosynthesis|[silent]
|switch|p1a: Walking Wake|Walking Wake|61/100
|move|p2a: Gholdengo|Make It Rain|p1a: Walking Wake
|-resisted|p1a: Walking Wake
|-damage|p1a: Walking Wake|22/100
|-unboost|p2a: Gholdengo|spa|1
|
|upkeep
|turn|16
|
|t:|1781153026
|-end|p1a: Walking Wake|Protosynthesis|[silent]
|switch|p1a: Slowking|Slowking-Galar, M|100/100
|switch|p2a: Slowking|Slowking-Galar, M|100/100
|
|upkeep
|turn|17
|
|t:|1781153032
|move|p2a: Slowking|Future Sight|p1a: Slowking
|-start|p2a: Slowking|move: Future Sight
|move|p1a: Slowking|Expanding Force|p2a: Slowking
|-damage|p2a: Slowking|63/100
|-damage|p1a: Slowking|91/100|[from] item: Life Orb
|
|upkeep
|turn|18
|
|t:|1781153036
|switch|p2a: Kingambit|Kingambit, M|100/100
|-activate|p2a: Kingambit|ability: Supreme Overlord
|-start|p2a: Kingambit|fallen1|[silent]
|move|p1a: Slowking|Focus Blast|p2a: Kingambit
|-supereffective|p2a: Kingambit
|-damage|p2a: Kingambit|0 fnt
|faint|p2a: Kingambit
|-end|p2a: Kingambit|fallen1|[silent]
|-damage|p1a: Slowking|81/100|[from] item: Life Orb
|
|upkeep
|
|t:|1781153042
|switch|p2a: Gliscor|Gliscor, M, tera:Water|38/100 tox
|turn|19
|
|t:|1781153050
|switch|p1a: Walking Wake|Walking Wake|22/100
|move|p2a: Gliscor|Spikes|p1a: Walking Wake
|-sidestart|p1: owl_with_scarf|Spikes
|
|-end|p1a: Walking Wake|move: Future Sight
|-damage|p1a: Walking Wake|0 fnt
|faint|p1a: Walking Wake
|-end|p1a: Walking Wake|Protosynthesis|[silent]
|-heal|p2a: Gliscor|50/100 tox|[from] ability: Poison Heal
|-fieldend|move: Psychic Terrain
|upkeep
|
|t:|1781153052
|switch|p1a: Indeedee|Indeedee, M|100/100
|-damage|p1a: Indeedee|88/100|[from] Spikes
|-fieldstart|move: Psychic Terrain|[from] ability: Psychic Surge|[of] p1a: Indeedee
|turn|20
|
|t:|1781153059
|move|p2a: Gliscor|Protect|p2a: Gliscor
|-singleturn|p2a: Gliscor|Protect
|move|p1a: Indeedee|Expanding Force|p2a: Gliscor
|-activate|p2a: Gliscor|move: Protect
|
|-heal|p2a: Gliscor|63/100 tox|[from] ability: Poison Heal
|upkeep
|turn|21
|
|t:|1781153064
|move|p2a: Gliscor|Protect||[still]
|-fail|p2a: Gliscor
|move|p1a: Indeedee|Psyshock|p2a: Gliscor
|-damage|p2a: Gliscor|34/100 tox
|
|-heal|p2a: Gliscor|47/100 tox|[from] ability: Poison Heal
|upkeep
|turn|22
|
|t:|1781153069
|switch|p2a: Gholdengo|Gholdengo|100/100
|-item|p2a: Gholdengo|Air Balloon
|move|p1a: Indeedee|Expanding Force|p2a: Gholdengo
|-resisted|p2a: Gholdengo
|-damage|p2a: Gholdengo|61/100
|-enditem|p2a: Gholdengo|Air Balloon
|
|upkeep
|turn|23
|
|t:|1781153076
|move|p1a: Indeedee|Expanding Force|p2a: Gholdengo
|-resisted|p2a: Gholdengo
|-damage|p2a: Gholdengo|20/100
|move|p2a: Gholdengo|Make It Rain|p1a: Indeedee
|-damage|p1a: Indeedee|2/100
|-unboost|p2a: Gholdengo|spa|1
|
|upkeep
|turn|24
|
|t:|1781153080
|move|p1a: Indeedee|Expanding Force|p2a: Gholdengo
|-resisted|p2a: Gholdengo
|-damage|p2a: Gholdengo|0 fnt
|faint|p2a: Gholdengo
|
|upkeep
|
|t:|1781153087
|switch|p2a: Slowking|Slowking-Galar, M|96/100
|turn|25
|
|t:|1781153100
|switch|p1a: Great Tusk|Great Tusk|100/100
|-damage|p1a: Great Tusk|88/100|[from] Spikes
|switch|p2a: Gliscor|Gliscor, M, tera:Water|47/100 tox
|
|-heal|p1a: Great Tusk|94/100|[from] item: Leftovers
|-heal|p2a: Gliscor|59/100 tox|[from] ability: Poison Heal
|upkeep
|turn|26
|
|t:|1781153103
|move|p1a: Great Tusk|Rapid Spin|p2a: Gliscor
|-damage|p2a: Gliscor|48/100 tox
|-boost|p1a: Great Tusk|spe|1
|-sideend|p1: owl_with_scarf|Spikes|[from] move: Rapid Spin|[of] p1a: Great Tusk
|move|p2a: Gliscor|Knock Off|p1a: Great Tusk
|-resisted|p1a: Great Tusk
|-damage|p1a: Great Tusk|86/100
|-enditem|p1a: Great Tusk|Leftovers|[from] move: Knock Off|[of] p2a: Gliscor
|
|-heal|p2a: Gliscor|60/100 tox|[from] ability: Poison Heal
|upkeep
|turn|27
|
|t:|1781153108
|switch|p2a: Slowking|Slowking-Galar, M|100/100
|move|p1a: Great Tusk|Bulk Up|p1a: Great Tusk
|-boost|p1a: Great Tusk|atk|1
|-boost|p1a: Great Tusk|def|1
|
|-fieldend|move: Psychic Terrain
|upkeep
|turn|28
|
|t:|1781153115
|switch|p2a: Great Tusk|Great Tusk|100/100
|move|p1a: Great Tusk|Headlong Rush|p2a: Great Tusk
|-damage|p2a: Great Tusk|28/100
|-unboost|p1a: Great Tusk|def|1
|-unboost|p1a: Great Tusk|spd|1
|
|upkeep
|turn|29
|
|t:|1781153131
|-end|p2a: Great Tusk|Protosynthesis|[silent]
|switch|p2a: Gliscor|Gliscor, M, tera:Water|60/100 tox
|move|p1a: Great Tusk|Headlong Rush|p2a: Gliscor
|-damage|p2a: Gliscor|0 fnt
|-unboost|p1a: Great Tusk|def|1
|-unboost|p1a: Great Tusk|spd|1
|faint|p2a: Gliscor
|
|upkeep
|
|t:|1781153134
|switch|p2a: Slowking|Slowking-Galar, M|100/100
|turn|30
|
|t:|1781153138
|move|p1a: Great Tusk|Headlong Rush|p2a: Slowking
|-supereffective|p2a: Slowking
|-damage|p2a: Slowking|0 fnt
|-unboost|p1a: Great Tusk|def|1
|-unboost|p1a: Great Tusk|spd|1
|faint|p2a: Slowking
|
|upkeep
|
|t:|1781153141
|switch|p2a: Great Tusk|Great Tusk|28/100
|turn|31
|
|t:|1781153148
|-end|p1a: Great Tusk|Protosynthesis|[silent]
|switch|p1a: Indeedee|Indeedee, M|2/100
|-fieldstart|move: Psychic Terrain|[from] ability: Psychic Surge|[of] p1a: Indeedee
|move|p2a: Great Tusk|Headlong Rush|p1a: Indeedee
|-damage|p1a: Indeedee|0 fnt
|-unboost|p2a: Great Tusk|def|1
|-unboost|p2a: Great Tusk|spd|1
|faint|p1a: Indeedee
|
|upkeep
|
|t:|1781153150
|switch|p1a: Hawlucha|Hawlucha, M|100/100
|-enditem|p1a: Hawlucha|Psychic Seed
|-boost|p1a: Hawlucha|spd|1|[from] item: Psychic Seed
|turn|32
|
|t:|1781153153
|move|p1a: Hawlucha|Acrobatics|p2a: Great Tusk
|-supereffective|p2a: Great Tusk
|-damage|p2a: Great Tusk|0 fnt
|faint|p2a: Great Tusk
|-end|p2a: Great Tusk|Protosynthesis|[silent]
|
|win|owl_with_scarf
|raw|owl_with_scarf's rating: 1532 &rarr; <strong>1553</strong><br />(+21 for winning)
|raw|KurisuChestnutOU's rating: 1553 &rarr; <strong>1532</strong><br />(-21 for losing)
|l|☆KurisuChestnutOU
|player|p2|
|l|☆owl_with_scarf
|player|p1|
