|j|☆yoribori
|j|☆juicepar
|t:|1781555436
|gametype|singles
|player|p1|yoribori|iris-gen5bw2|1578
|player|p2|juicepar|lucian|1676
|gen|9
|tier|[Gen 9] OU
|rated|
|rule|HP Percentage Mod: HP is shown in percentages
|rule|Endless Battle Clause: Forcing endless battles is banned
|rule|Species Clause: Limit one of each Pokémon
|rule|OHKO Clause: OHKO moves are banned
|rule|Evasion Items Clause: Evasion items are banned
|rule|Evasion Moves Clause: Evasion moves are banned
|rule|Evasion Abilities Clause: Evasion abilities are banned
|rule|Sleep Moves Clause: Sleep-inducing moves are banned
|clearpoke
|poke|p1|Glimmora, M|
|poke|p1|Landorus-Therian, M|
|poke|p1|Darkrai|
|poke|p1|Sinistcha|
|poke|p1|Samurott-Hisui, F|
|poke|p1|Gholdengo|
|poke|p2|Zamazenta-*|
|poke|p2|Gliscor, M|
|poke|p2|Raging Bolt|
|poke|p2|Ogerpon-Wellspring, F|
|poke|p2|Iron Moth|
|poke|p2|Hatterene, F|
|teampreview
|inactive|Battle timer is ON: inactive players will automatically lose when time's up. (requested by yoribori)
|inactive|yoribori has 120 seconds left.
|inactive|juicepar has 120 seconds left.
|
|t:|1781555485
|teamsize|p1|6
|teamsize|p2|6
|start
|switch|p1a: Darkrai|Darkrai|100/100
|switch|p2a: Ogerpon|Ogerpon-Wellspring, F|100/100
|turn|1
|
|t:|1781555494
|-terastallize|p2a: Ogerpon|Water
|detailschange|p2a: Ogerpon|Ogerpon-Wellspring-Tera, F, tera:Water
|-ability|p2a: Ogerpon|Embody Aspect (Wellspring)|boost
|-boost|p2a: Ogerpon|spd|1
|move|p1a: Darkrai|Sludge Bomb|p2a: Ogerpon
|-damage|p2a: Ogerpon|77/100
|move|p2a: Ogerpon|Trailblaze|p1a: Darkrai
|-damage|p1a: Darkrai|59/100
|-boost|p2a: Ogerpon|spe|1
|
|upkeep
|turn|2
|inactive|yoribori has 120 seconds left.
|
|t:|1781555525
|switch|p1a: Glimmora|Glimmora, M|100/100
|move|p2a: Ogerpon|Swords Dance|p2a: Ogerpon
|-boost|p2a: Ogerpon|atk|2
|
|upkeep
|turn|3
|inactive|yoribori has 120 seconds left.
|
|t:|1781555540
|move|p2a: Ogerpon|Ivy Cudgel|p1a: Glimmora|[anim] Ivy Cudgel Water
|-supereffective|p1a: Glimmora
|-damage|p1a: Glimmora|0 fnt
|-activate|p1a: Glimmora|ability: Toxic Debris
|-sidestart|p2: juicepar|move: Toxic Spikes
|faint|p1a: Glimmora
|
|upkeep
|
|t:|1781555542
|switch|p1a: Sinistcha|Sinistcha|100/100
|turn|4
|
|t:|1781555551
|move|p2a: Ogerpon|Ivy Cudgel|p1a: Sinistcha|[anim] Ivy Cudgel Water
|-resisted|p1a: Sinistcha
|-damage|p1a: Sinistcha|42/100
|move|p1a: Sinistcha|Matcha Gotcha|p2a: Ogerpon
|-supereffective|p2a: Ogerpon
|-damage|p2a: Ogerpon|30/100
|-heal|p1a: Sinistcha|62/100|[from] drain|[of] p2a: Ogerpon
|
|upkeep
|turn|5
|
|t:|1781555558
|move|p2a: Ogerpon|Ivy Cudgel|p1a: Sinistcha|[anim] Ivy Cudgel Water
|-resisted|p1a: Sinistcha
|-damage|p1a: Sinistcha|3/100
|move|p1a: Sinistcha|Matcha Gotcha|p2a: Ogerpon
|-supereffective|p2a: Ogerpon
|-damage|p2a: Ogerpon|0 fnt
|-heal|p1a: Sinistcha|16/100|[from] drain|[of] p2a: Ogerpon
|faint|p2a: Ogerpon
|detailschange|p2: Ogerpon|Ogerpon-Wellspring, F|[silent]
|
|upkeep
|
|t:|1781555580
|switch|p2a: Iron Moth|Iron Moth|100/100
|-sideend|p2: juicepar|move: Toxic Spikes|[of] p2a: Iron Moth
|-enditem|p2a: Iron Moth|Booster Energy
|-activate|p2a: Iron Moth|ability: Quark Drive|[fromitem]
|-start|p2a: Iron Moth|quarkdrivespe
|turn|6
|
|t:|1781555593
|move|p2a: Iron Moth|Fiery Dance|p1a: Sinistcha
|-supereffective|p1a: Sinistcha
|-damage|p1a: Sinistcha|0 fnt
|faint|p1a: Sinistcha
|
|upkeep
|
|t:|1781555596
|switch|p1a: Samurott|Samurott-Hisui, F|100/100
|turn|7
|
|t:|1781555605
|-end|p2a: Iron Moth|Quark Drive|[silent]
|switch|p2a: Zamazenta|Zamazenta|100/100
|-ability|p2a: Zamazenta|Dauntless Shield|boost
|-boost|p2a: Zamazenta|def|1
|move|p1a: Samurott|Razor Shell|p2a: Zamazenta
|-damage|p2a: Zamazenta|75/100
|-unboost|p2a: Zamazenta|def|1
|
|upkeep
|turn|8
|
|t:|1781555612
|switch|p1a: Gholdengo|Gholdengo|100/100
|-item|p1a: Gholdengo|Air Balloon
|move|p2a: Zamazenta|Close Combat|p1a: Gholdengo
|-immune|p1a: Gholdengo
|
|upkeep
|turn|9
|
|t:|1781555620
|move|p2a: Zamazenta|Light Screen|p2a: Zamazenta
|-sidestart|p2: juicepar|move: Light Screen
|move|p1a: Gholdengo|Nasty Plot|p1a: Gholdengo
|-boost|p1a: Gholdengo|spa|2
|
|upkeep
|turn|10
|
|t:|1781555631
|switch|p2a: Iron Moth|Iron Moth|100/100
|move|p1a: Gholdengo|Nasty Plot|p1a: Gholdengo
|-boost|p1a: Gholdengo|spa|2
|
|upkeep
|turn|11
|
|t:|1781555634
|switch|p1a: Samurott|Samurott-Hisui, F|100/100
|move|p2a: Iron Moth|Fiery Dance|p1a: Samurott
|-resisted|p1a: Samurott
|-damage|p1a: Samurott|86/100
|
|upkeep
|turn|12
|
|t:|1781555656
|move|p2a: Iron Moth|Sludge Wave|p1a: Samurott
|-damage|p1a: Samurott|52/100
|-status|p1a: Samurott|psn
|move|p1a: Samurott|Ceaseless Edge|p2a: Iron Moth
|-damage|p2a: Iron Moth|40/100
|-sidestart|p2: juicepar|Spikes
|
|-damage|p1a: Samurott|39/100 psn|[from] psn
|upkeep
|turn|13
|
|t:|1781555667
|move|p2a: Iron Moth|Sludge Wave|p1a: Samurott
|-damage|p1a: Samurott|5/100 psn
|move|p1a: Samurott|Razor Shell|p2a: Iron Moth
|-supereffective|p2a: Iron Moth
|-damage|p2a: Iron Moth|0 fnt
|faint|p2a: Iron Moth
|-end|p2a: Iron Moth|Quark Drive|[silent]
|
|-damage|p1a: Samurott|0 fnt|[from] psn
|faint|p1a: Samurott
|upkeep
|
|t:|1781555682
|switch|p2a: Zamazenta|Zamazenta|75/100
|switch|p1a: Landorus|Landorus-Therian, M|100/100
|-ability|p1a: Landorus|Intimidate|boost
|-unboost|p2a: Zamazenta|atk|1
|-damage|p2a: Zamazenta|63/100|[from] Spikes
|turn|14
|
|t:|1781555687
|move|p1a: Landorus|U-turn|p2a: Zamazenta
|-resisted|p2a: Zamazenta
|-damage|p2a: Zamazenta|51/100
|
|t:|1781555688
|switch|p1a: Gholdengo|Gholdengo|100/100|[from] U-turn
|-item|p1a: Gholdengo|Air Balloon
|move|p2a: Zamazenta|Reflect|p2a: Zamazenta
|-sidestart|p2: juicepar|Reflect
|
|upkeep
|turn|15
|
|t:|1781555697
|switch|p2a: Raging Bolt|Raging Bolt|100/100
|-damage|p2a: Raging Bolt|88/100|[from] Spikes
|-enditem|p2a: Raging Bolt|Booster Energy
|-activate|p2a: Raging Bolt|ability: Protosynthesis|[fromitem]
|-start|p2a: Raging Bolt|protosynthesisspa
|move|p1a: Gholdengo|Nasty Plot|p1a: Gholdengo
|-boost|p1a: Gholdengo|spa|2
|
|upkeep
|turn|16
|
|t:|1781555707
|switch|p1a: Landorus|Landorus-Therian, M|100/100
|-ability|p1a: Landorus|Intimidate|boost
|-unboost|p2a: Raging Bolt|atk|1
|move|p2a: Raging Bolt|Calm Mind|p2a: Raging Bolt
|-boost|p2a: Raging Bolt|spa|1
|-boost|p2a: Raging Bolt|spd|1
|
|-sideend|p2: juicepar|move: Light Screen
|upkeep
|turn|17
|
|t:|1781555710
|move|p1a: Landorus|Earthquake|p2a: Raging Bolt
|-supereffective|p2a: Raging Bolt
|-damage|p2a: Raging Bolt|30/100
|move|p2a: Raging Bolt|Dragon Pulse|p1a: Landorus
|-damage|p1a: Landorus|0 fnt
|faint|p1a: Landorus
|
|upkeep
|
|t:|1781555720
|switch|p1a: Gholdengo|Gholdengo|100/100
|-item|p1a: Gholdengo|Air Balloon
|turn|18
|
|t:|1781555727
|move|p1a: Gholdengo|Shadow Ball|p2a: Raging Bolt
|-damage|p2a: Raging Bolt|2/100
|move|p2a: Raging Bolt|Thunderbolt|p1a: Gholdengo
|-damage|p1a: Gholdengo|0 fnt
|-enditem|p1a: Gholdengo|Air Balloon
|faint|p1a: Gholdengo
|
|upkeep
|
|t:|1781555733
|switch|p1a: Darkrai|Darkrai|59/100
|turn|19
|
|t:|1781555743
|move|p2a: Raging Bolt|Thunderclap||[still]
|-fail|p2a: Raging Bolt
|move|p1a: Darkrai|Nasty Plot|p1a: Darkrai
|-boost|p1a: Darkrai|spa|2
|
|upkeep
|turn|20
|
|t:|1781555750
|move|p2a: Raging Bolt|Thunderclap||[still]
|-fail|p2a: Raging Bolt
|move|p1a: Darkrai|Nasty Plot|p1a: Darkrai
|-boost|p1a: Darkrai|spa|2
|
|upkeep
|turn|21
|
|t:|1781555754
|move|p2a: Raging Bolt|Thunderclap||[still]
|-fail|p2a: Raging Bolt
|move|p1a: Darkrai|Nasty Plot|p1a: Darkrai
|-boost|p1a: Darkrai|spa|2
|
|-sideend|p2: juicepar|Reflect
|upkeep
|turn|22
|
|t:|1781555757
|move|p2a: Raging Bolt|Thunderclap||[still]
|-fail|p2a: Raging Bolt
|move|p1a: Darkrai|Nasty Plot|p1a: Darkrai
|-boost|p1a: Darkrai|spa|0
|
|upkeep
|turn|23
|
|t:|1781555762
|move|p2a: Raging Bolt|Thunderclap||[still]
|-fail|p2a: Raging Bolt
|move|p1a: Darkrai|Nasty Plot|p1a: Darkrai
|-boost|p1a: Darkrai|spa|0
|
|upkeep
|turn|24
|
|t:|1781555767
|move|p2a: Raging Bolt|Thunderclap||[still]
|-fail|p2a: Raging Bolt
|move|p1a: Darkrai|Nasty Plot|p1a: Darkrai
|-boost|p1a: Darkrai|spa|0
|
|upkeep
|turn|25
|
|t:|1781555772
|move|p2a: Raging Bolt|Thunderclap||[still]
|-fail|p2a: Raging Bolt
|move|p1a: Darkrai|Nasty Plot|p1a: Darkrai
|-boost|p1a: Darkrai|spa|0
|
|upkeep
|turn|26
|
|t:|1781555777
|move|p2a: Raging Bolt|Thunderclap|p1a: Darkrai
|-crit|p1a: Darkrai
|-damage|p1a: Darkrai|0 fnt
|faint|p1a: Darkrai
|
|win|juicepar
|raw|yoribori's rating: 1578 &rarr; <strong>1563</strong><br />(-15 for losing)
|raw|juicepar's rating: 1676 &rarr; <strong>1691</strong><br />(+15 for winning)
