|j|☆ChessDennis
|j|☆0c3an m4n
|t:|1781378198
|gametype|singles
|player|p1|ChessDennis|265|1494
|player|p2|0c3an m4n|marlon|1526
|gen|9
|tier|[Gen 9] OU
|rated|
|rule|HP Percentage Mod: HP is shown in percentages
|rule|Endless Battle Clause: Forcing endless battles is banned
|rule|Species Clause: Limit one of each Pokémon
|rule|OHKO Clause: OHKO moves are banned
|rule|Evasion Items Clause: Evasion items are banned
|rule|Evasion Moves Clause: Evasion moves are banned
|rule|Evasion Abilities Clause: Evasion abilities are banned
|rule|Sleep Moves Clause: Sleep-inducing moves are banned
|clearpoke
|poke|p1|Ursaluna, F|
|poke|p1|Bronzong|
|poke|p1|Garchomp, M|
|poke|p1|Ogerpon-Cornerstone, F|
|poke|p1|Alomomola, F|
|poke|p1|Torkoal, M|
|poke|p2|Quaquaval, M|
|poke|p2|Barraskewda, M|
|poke|p2|Pelipper, F|
|poke|p2|Slither Wing|
|poke|p2|Hatterene, F|
|poke|p2|Gastrodon-East, M|
|teampreview
|
|t:|1781378212
|teamsize|p1|6
|teamsize|p2|6
|start
|switch|p1a: Alomomola|Alomomola, F|100/100
|switch|p2a: Sphyraena (Fih) 🐟|Barraskewda, M, shiny|100/100
|turn|1
|
|t:|1781378215
|move|p2a: Sphyraena (Fih) 🐟|Flip Turn|p1a: Alomomola
|-resisted|p1a: Alomomola
|-damage|p1a: Alomomola|81/100
|
|t:|1781378218
|switch|p2a: No Shell :(|Gastrodon-East, M, shiny|100/100|[from] Flip Turn
|move|p1a: Alomomola|Flip Turn|p2a: No Shell :(
|-ability|p2a: No Shell :(|Storm Drain|boost
|-boost|p2a: No Shell :(|spa|1
|
|upkeep
|turn|2
|
|t:|1781378226
|switch|p1a: Bronzong|Bronzong|100/100
|move|p2a: No Shell :(|Earth Power|p1a: Bronzong
|-immune|p1a: Bronzong|[from] ability: Levitate
|
|upkeep
|turn|3
|
|t:|1781378229
|move|p2a: No Shell :(|Surf|p1a: Bronzong
|-damage|p1a: Bronzong|52/100
|move|p1a: Bronzong|Stealth Rock|p2a: No Shell :(
|-sidestart|p2: 0c3an m4n|move: Stealth Rock
|
|-heal|p1a: Bronzong|58/100|[from] item: Leftovers
|upkeep
|turn|4
|
|t:|1781378235
|switch|p1a: Garchomp|Garchomp, M|100/100
|move|p2a: No Shell :(|Surf|p1a: Garchomp
|-damage|p1a: Garchomp|56/100
|
|upkeep
|turn|5
|
|t:|1781378239
|move|p1a: Garchomp|Earthquake|p2a: No Shell :(
|-damage|p2a: No Shell :(|57/100
|move|p2a: No Shell :(|Ice Beam|p1a: Garchomp
|-supereffective|p1a: Garchomp
|-damage|p1a: Garchomp|0 fnt
|faint|p1a: Garchomp
|
|-heal|p2a: No Shell :(|63/100|[from] item: Leftovers
|upkeep
|
|t:|1781378244
|switch|p1a: Ogerpon|Ogerpon-Cornerstone, F|100/100
|turn|6
|
|t:|1781378249
|switch|p2a: El papu|Slither Wing, shiny|100/100
|-damage|p2a: El papu|88/100|[from] Stealth Rock
|move|p1a: Ogerpon|Trailblaze|p2a: El papu
|-resisted|p2a: El papu
|-damage|p2a: El papu|70/100
|-boost|p1a: Ogerpon|spe|1
|
|upkeep
|turn|7
|
|t:|1781378267
|move|p2a: El papu|First Impression|p1a: Ogerpon
|-supereffective|p1a: Ogerpon
|-ability|p1a: Ogerpon|Sturdy
|-damage|p1a: Ogerpon|1/100
|move|p1a: Ogerpon|Ivy Cudgel|p2a: El papu|[anim] Ivy Cudgel Rock
|-crit|p2a: El papu
|-damage|p2a: El papu|0 fnt
|faint|p2a: El papu
|-end|p2a: El papu|Protosynthesis|[silent]
|
|upkeep
|
|t:|1781378276
|switch|p2a: Risk of what?|Pelipper, F, shiny|100/100
|-damage|p2a: Risk of what?|76/100|[from] Stealth Rock
|-weather|RainDance|[from] ability: Drizzle|[of] p2a: Risk of what?
|turn|8
|
|t:|1781378281
|move|p1a: Ogerpon|Ivy Cudgel|p2a: Risk of what?|[anim] Ivy Cudgel Rock
|-supereffective|p2a: Risk of what?
|-damage|p2a: Risk of what?|0 fnt
|faint|p2a: Risk of what?
|
|-weather|RainDance|[upkeep]
|upkeep
|
|t:|1781378284
|switch|p2a: Sphyraena (Fih) 🐟|Barraskewda, M, shiny|100/100
|-damage|p2a: Sphyraena (Fih) 🐟|88/100|[from] Stealth Rock
|turn|9
|
|t:|1781378299
|-terastallize|p2a: Sphyraena (Fih) 🐟|Water
|move|p2a: Sphyraena (Fih) 🐟|Liquidation|p1a: Ogerpon
|-damage|p1a: Ogerpon|0 fnt
|faint|p1a: Ogerpon
|
|-weather|RainDance|[upkeep]
|upkeep
|
|t:|1781378312
|switch|p1a: Alomomola|Alomomola, F|100/100
|turn|10
|
|t:|1781378316
|move|p2a: Sphyraena (Fih) 🐟|Liquidation|p1a: Alomomola
|-resisted|p1a: Alomomola
|-damage|p1a: Alomomola|46/100
|move|p1a: Alomomola|Giga Impact|p2a: Sphyraena (Fih) 🐟
|-damage|p2a: Sphyraena (Fih) 🐟|0 fnt
|-mustrecharge|p1a: Alomomola
|faint|p2a: Sphyraena (Fih) 🐟
|
|-weather|RainDance|[upkeep]
|upkeep
|
|t:|1781378323
|switch|p2a: Berdly|Quaquaval, M, shiny|100/100
|-damage|p2a: Berdly|94/100|[from] Stealth Rock
|turn|11
|
|t:|1781378324
|move|p2a: Berdly|Swords Dance|p2a: Berdly
|-boost|p2a: Berdly|atk|2
|cant|p1a: Alomomola|recharge
|
|-weather|RainDance|[upkeep]
|upkeep
|turn|12
|
|t:|1781378331
|switch|p1a: Torkoal|Torkoal, M|100/100
|-weather|SunnyDay|[from] ability: Drought|[of] p1a: Torkoal
|move|p2a: Berdly|Close Combat|p1a: Torkoal
|-damage|p1a: Torkoal|13/100
|-unboost|p2a: Berdly|def|1
|-unboost|p2a: Berdly|spd|1
|
|-weather|SunnyDay|[upkeep]
|upkeep
|turn|13
|
|t:|1781378339
|move|p2a: Berdly|Close Combat|p1a: Torkoal
|-damage|p1a: Torkoal|0 fnt
|-unboost|p2a: Berdly|def|1
|-unboost|p2a: Berdly|spd|1
|faint|p1a: Torkoal
|-ability|p2a: Berdly|Moxie|boost
|-boost|p2a: Berdly|atk|1
|
|-weather|SunnyDay|[upkeep]
|upkeep
|
|t:|1781378344
|switch|p1a: Ursaluna|Ursaluna, F|100/100
|turn|14
|
|t:|1781378356
|-terastallize|p1a: Ursaluna|Ghost
|move|p2a: Berdly|Aqua Step|p1a: Ursaluna
|-damage|p1a: Ursaluna|65/100
|-boost|p2a: Berdly|spe|1
|move|p1a: Ursaluna|Earthquake|p2a: Berdly
|-damage|p2a: Berdly|0 fnt
|faint|p2a: Berdly
|
|-weather|SunnyDay|[upkeep]
|-status|p1a: Ursaluna|brn|[from] item: Flame Orb
|upkeep
|
|t:|1781378365
|switch|p2a: Si|Hatterene, F, shiny|100/100
|-damage|p2a: Si|88/100|[from] Stealth Rock
|turn|15
|
|t:|1781378366
|move|p1a: Ursaluna|Facade|p2a: Si
|-damage|p2a: Si|0 fnt
|faint|p2a: Si
|
|-weather|SunnyDay|[upkeep]
|-damage|p1a: Ursaluna|58/100 brn|[from] brn
|upkeep
|
|t:|1781378368
|switch|p2a: No Shell :(|Gastrodon-East, M, shiny|63/100
|-damage|p2a: No Shell :(|57/100|[from] Stealth Rock
|turn|16
|
|t:|1781378370
|move|p2a: No Shell :(|Earth Power|p1a: Ursaluna
|-crit|p1a: Ursaluna
|-damage|p1a: Ursaluna|21/100 brn
|-unboost|p1a: Ursaluna|spd|1
|move|p1a: Ursaluna|Facade|p2a: No Shell :(
|-damage|p2a: No Shell :(|0 fnt
|faint|p2a: No Shell :(
|
|win|ChessDennis
|raw|ChessDennis's rating: 1494 &rarr; <strong>1516</strong><br />(+22 for winning)
|raw|0c3an m4n's rating: 1526 &rarr; <strong>1504</strong><br />(-22 for losing)
|l|☆0c3an m4n
|player|p2|
|l|☆ChessDennis
|player|p1|
