|j|☆arbok super yea
|j|☆Slashutu
|t:|1781557154
|gametype|singles
|player|p1|arbok super yea|bugcatcher-gen4dp|1563
|player|p2|Slashutu|102|1577
|gen|9
|tier|[Gen 9] OU
|rated|
|rule|HP Percentage Mod: HP is shown in percentages
|rule|Endless Battle Clause: Forcing endless battles is banned
|rule|Species Clause: Limit one of each Pokémon
|rule|OHKO Clause: OHKO moves are banned
|rule|Evasion Items Clause: Evasion items are banned
|rule|Evasion Moves Clause: Evasion moves are banned
|rule|Evasion Abilities Clause: Evasion abilities are banned
|rule|Sleep Moves Clause: Sleep-inducing moves are banned
|clearpoke
|poke|p1|Arbok, M|
|poke|p1|Heatran, F|
|poke|p1|Tornadus-Therian, M|
|poke|p1|Great Tusk|
|poke|p1|Darkrai|
|poke|p1|Ogerpon-Wellspring, F|
|poke|p2|Zamazenta-*|
|poke|p2|Ninetales-Alola, M|
|poke|p2|Cinderace, M|
|poke|p2|Great Tusk|
|poke|p2|Samurott-Hisui, F|
|poke|p2|Pecharunt|
|teampreview
|inactive|Battle timer is ON: inactive players will automatically lose when time's up. (requested by arbok super yea)
|
|t:|1781557197
|teamsize|p1|6
|teamsize|p2|6
|start
|switch|p1a: Great Tusk|Great Tusk|100/100
|switch|p2a: Samurott|Samurott-Hisui, F|100/100
|turn|1
|
|t:|1781557206
|move|p1a: Great Tusk|Rapid Spin|p2a: Samurott
|-damage|p2a: Samurott|79/100
|-boost|p1a: Great Tusk|spe|1
|move|p2a: Samurott|Razor Shell|p1a: Great Tusk
|-supereffective|p1a: Great Tusk
|-damage|p1a: Great Tusk|21/100
|
|-heal|p1a: Great Tusk|27/100|[from] item: Leftovers
|upkeep
|turn|2
|
|t:|1781557225
|switch|p2a: Pecharunt|Pecharunt|100/100
|-item|p2a: Pecharunt|Air Balloon
|move|p1a: Great Tusk|Close Combat|p2a: Pecharunt
|-immune|p2a: Pecharunt
|
|-heal|p1a: Great Tusk|34/100|[from] item: Leftovers
|upkeep
|turn|3
|
|t:|1781557233
|-end|p1a: Great Tusk|Protosynthesis|[silent]
|switch|p1a: Heatran|Heatran, F|100/100
|move|p2a: Pecharunt|Shadow Ball|p1a: Heatran
|-damage|p1a: Heatran|84/100
|
|-heal|p1a: Heatran|90/100|[from] item: Leftovers
|upkeep
|turn|4
|
|t:|1781557239
|switch|p2a: Samurott|Samurott-Hisui, F|79/100
|move|p1a: Heatran|Will-O-Wisp|p2a: Samurott|[miss]
|-miss|p1a: Heatran|p2a: Samurott
|
|-heal|p1a: Heatran|96/100|[from] item: Leftovers
|upkeep
|turn|5
|
|t:|1781557245
|move|p2a: Samurott|Ceaseless Edge|p1a: Heatran|[miss]
|-miss|p2a: Samurott|p1a: Heatran
|move|p1a: Heatran|Will-O-Wisp|p2a: Samurott
|-status|p2a: Samurott|brn
|
|-heal|p1a: Heatran|100/100|[from] item: Leftovers
|-damage|p2a: Samurott|73/100 brn|[from] brn
|upkeep
|turn|6
|
|t:|1781557255
|move|p2a: Samurott|Ceaseless Edge|p1a: Heatran
|-damage|p1a: Heatran|81/100
|-sidestart|p1: arbok super yea|Spikes
|move|p1a: Heatran|Magma Storm|p2a: Samurott
|-resisted|p2a: Samurott
|-damage|p2a: Samurott|40/100 brn
|-activate|p2a: Samurott|move: Magma Storm|[of] p1a: Heatran
|
|-heal|p1a: Heatran|87/100|[from] item: Leftovers
|-damage|p2a: Samurott|34/100 brn|[from] brn
|-damage|p2a: Samurott|21/100 brn|[from] move: Magma Storm|[partiallytrapped]
|upkeep
|turn|7
|
|t:|1781557262
|move|p2a: Samurott|Knock Off|p1a: Heatran
|-damage|p1a: Heatran|69/100
|-enditem|p1a: Heatran|Leftovers|[from] move: Knock Off|[of] p2a: Samurott
|move|p1a: Heatran|Stealth Rock|p2a: Samurott
|-sidestart|p2: Slashutu|move: Stealth Rock
|
|-damage|p2a: Samurott|15/100 brn|[from] brn
|-damage|p2a: Samurott|3/100 brn|[from] move: Magma Storm|[partiallytrapped]
|upkeep
|turn|8
|
|t:|1781557267
|move|p2a: Samurott|Ceaseless Edge|p1a: Heatran
|-damage|p1a: Heatran|52/100
|-sidestart|p1: arbok super yea|Spikes
|move|p1a: Heatran|Earth Power|p2a: Samurott
|-damage|p2a: Samurott|0 fnt
|faint|p2a: Samurott
|
|upkeep
|
|t:|1781557279
|switch|p2a: Great Tusk|Great Tusk|100/100
|turn|9
|
|t:|1781557283
|move|p2a: Great Tusk|Stealth Rock|p1a: Heatran
|-sidestart|p1: arbok super yea|move: Stealth Rock
|move|p1a: Heatran|Magma Storm|p2a: Great Tusk
|-damage|p2a: Great Tusk|39/100
|-activate|p2a: Great Tusk|move: Magma Storm|[of] p1a: Heatran
|
|-damage|p2a: Great Tusk|26/100|[from] move: Magma Storm|[partiallytrapped]
|upkeep
|turn|10
|
|t:|1781557297
|move|p2a: Great Tusk|Rapid Spin|p1a: Heatran
|-resisted|p1a: Heatran
|-damage|p1a: Heatran|45/100
|-boost|p2a: Great Tusk|spe|1
|-sideend|p2: Slashutu|Stealth Rock|[from] move: Rapid Spin|[of] p2a: Great Tusk
|-end|p2a: Great Tusk|Magma Storm|[partiallytrapped]
|move|p1a: Heatran|Will-O-Wisp|p2a: Great Tusk
|-status|p2a: Great Tusk|brn
|
|-damage|p2a: Great Tusk|20/100 brn|[from] brn
|upkeep
|turn|11
|
|t:|1781557307
|move|p2a: Great Tusk|Headlong Rush|p1a: Heatran
|-supereffective|p1a: Heatran
|-damage|p1a: Heatran|0 fnt
|-unboost|p2a: Great Tusk|def|1
|-unboost|p2a: Great Tusk|spd|1
|faint|p1a: Heatran
|
|-damage|p2a: Great Tusk|14/100 brn|[from] brn
|upkeep
|
|t:|1781557310
|switch|p1a: Tornadus|Tornadus-Therian, M|100/100
|turn|12
|
|t:|1781557330
|-end|p2a: Great Tusk|Protosynthesis|[silent]
|switch|p2a: Ninetales|Ninetales-Alola, M|100/100
|-weather|Snowscape|[from] ability: Snow Warning|[of] p2a: Ninetales
|move|p1a: Tornadus|Nasty Plot|p1a: Tornadus
|-boost|p1a: Tornadus|spa|2
|
|-weather|Snowscape|[upkeep]
|upkeep
|turn|13
|
|t:|1781557334
|move|p1a: Tornadus|Heat Wave|p2a: Ninetales
|-supereffective|p2a: Ninetales
|-damage|p2a: Ninetales|0 fnt
|faint|p2a: Ninetales
|
|-weather|Snowscape|[upkeep]
|upkeep
|
|t:|1781557342
|switch|p2a: Ankara Messi|Cinderace, M|100/100
|turn|14
|
|t:|1781557347
|move|p1a: Tornadus|Bleakwind Storm|p2a: Ankara Messi
|-damage|p2a: Ankara Messi|0 fnt
|faint|p2a: Ankara Messi
|
|-weather|Snowscape|[upkeep]
|upkeep
|-message|Slashutu forfeited.
|
|win|arbok super yea
|raw|arbok super yea's rating: 1563 &rarr; <strong>1584</strong><br />(+21 for winning)
|raw|Slashutu's rating: 1577 &rarr; <strong>1556</strong><br />(-21 for losing)
|l|☆Slashutu
|player|p2|
