|j|‽TheCannonites
|j|☆Mawile442
|t:|1781370762
|gametype|singles
|player|p1|TheCannonites|n|1613
|player|p2|Mawile442|170|1670
|gen|9
|tier|[Gen 9] OU
|rated|
|rule|HP Percentage Mod: HP is shown in percentages
|rule|Endless Battle Clause: Forcing endless battles is banned
|rule|Species Clause: Limit one of each Pokémon
|rule|OHKO Clause: OHKO moves are banned
|rule|Evasion Items Clause: Evasion items are banned
|rule|Evasion Moves Clause: Evasion moves are banned
|rule|Evasion Abilities Clause: Evasion abilities are banned
|rule|Sleep Moves Clause: Sleep-inducing moves are banned
|clearpoke
|poke|p1|Grimmsnarl, M|
|poke|p1|Blastoise, M|
|poke|p1|Hatterene, F|
|poke|p1|Iron Crown|
|poke|p1|Great Tusk|
|poke|p1|Ceruledge, F|
|poke|p2|Tyranitar, F|
|poke|p2|Excadrill, F|
|poke|p2|Ogerpon-Wellspring, F|
|poke|p2|Zamazenta-*|
|poke|p2|Garganacl, F|
|poke|p2|Moltres|
|teampreview
|inactive|Battle timer is ON: inactive players will automatically lose when time's up. (requested by TheCannonites)
|j| BiscoitoXDBr
|
|t:|1781370771
|teamsize|p1|6
|teamsize|p2|6
|start
|switch|p1a: Grimmsnarl|Grimmsnarl, M|100/100
|switch|p2a: Tyranitar|Tyranitar, F, shiny|100/100
|-weather|Sandstorm|[from] ability: Sand Stream|[of] p2a: Tyranitar
|turn|1
|
|t:|1781370778
|move|p2a: Tyranitar|Knock Off|p1a: Grimmsnarl
|-resisted|p1a: Grimmsnarl
|-damage|p1a: Grimmsnarl|75/100
|-enditem|p1a: Grimmsnarl|Light Clay|[from] move: Knock Off|[of] p2a: Tyranitar
|move|p1a: Grimmsnarl|Low Kick|p2a: Tyranitar
|-supereffective|p2a: Tyranitar
|-damage|p2a: Tyranitar|0 fnt
|faint|p2a: Tyranitar
|
|-weather|Sandstorm|[upkeep]
|-damage|p1a: Grimmsnarl|69/100|[from] Sandstorm
|upkeep
|
|t:|1781370786
|switch|p2a: Garganacl|Garganacl, F, shiny|100/100
|turn|2
|
|t:|1781370790
|move|p1a: Grimmsnarl|Taunt|p2a: Garganacl
|-start|p2a: Garganacl|move: Taunt
|move|p2a: Garganacl|Salt Cure|p1a: Grimmsnarl
|-damage|p1a: Grimmsnarl|53/100
|-start|p1a: Grimmsnarl|Salt Cure
|
|-weather|Sandstorm|[upkeep]
|-damage|p1a: Grimmsnarl|47/100|[from] Sandstorm
|-damage|p1a: Grimmsnarl|35/100|[from] Salt Cure
|upkeep
|turn|3
|
|t:|1781370800
|switch|p2a: Excadrill|Excadrill, F, shiny|100/100
|move|p1a: Grimmsnarl|Reflect|p1a: Grimmsnarl
|-sidestart|p1: TheCannonites|Reflect
|
|-weather|Sandstorm|[upkeep]
|-damage|p1a: Grimmsnarl|28/100|[from] Sandstorm
|-damage|p1a: Grimmsnarl|16/100|[from] Salt Cure
|upkeep
|turn|4
|
|t:|1781370809
|move|p1a: Grimmsnarl|Light Screen|p1a: Grimmsnarl
|-sidestart|p1: TheCannonites|move: Light Screen
|move|p2a: Excadrill|Swords Dance|p2a: Excadrill
|-boost|p2a: Excadrill|atk|2
|
|-weather|Sandstorm|[upkeep]
|-damage|p1a: Grimmsnarl|10/100|[from] Sandstorm
|-damage|p1a: Grimmsnarl|0 fnt|[from] Salt Cure
|faint|p1a: Grimmsnarl
|upkeep
|
|t:|1781370822
|switch|p1a: Blastoise|Blastoise, M|100/100
|turn|5
|
|t:|1781370827
|move|p2a: Excadrill|Earthquake|p1a: Blastoise
|-damage|p1a: Blastoise|38/100
|move|p1a: Blastoise|Shell Smash|p1a: Blastoise
|-unboost|p1a: Blastoise|def|1
|-unboost|p1a: Blastoise|spd|1
|-boost|p1a: Blastoise|atk|2
|-boost|p1a: Blastoise|spa|2
|-boost|p1a: Blastoise|spe|2
|-enditem|p1a: Blastoise|White Herb
|-clearnegativeboost|p1a: Blastoise|[silent]
|
|-weather|none
|upkeep
|turn|6
|
|t:|1781370838
|switch|p2a: Ogerpon|Ogerpon-Wellspring, F|100/100
|move|p1a: Blastoise|Aura Sphere|p2a: Ogerpon
|-damage|p2a: Ogerpon|50/100
|
|upkeep
|turn|7
|
|t:|1781370845
|switch|p2a: Moltres|Moltres, shiny|100/100
|-terastallize|p1a: Blastoise|Fighting
|move|p1a: Blastoise|Aura Sphere|p2a: Moltres
|-resisted|p2a: Moltres
|-damage|p2a: Moltres|69/100
|
|-sideend|p1: TheCannonites|Reflect
|upkeep
|turn|8
|
|t:|1781370853
|move|p1a: Blastoise|Surf|p2a: Moltres
|-supereffective|p2a: Moltres
|-damage|p2a: Moltres|0 fnt
|faint|p2a: Moltres
|
|-sideend|p1: TheCannonites|move: Light Screen
|upkeep
|j| Puyu paz
|
|t:|1781370856
|switch|p2a: Excadrill|Excadrill, F, shiny|100/100
|turn|9
|
|t:|1781370863
|-terastallize|p2a: Excadrill|Ghost
|move|p1a: Blastoise|Surf|p2a: Excadrill
|-damage|p2a: Excadrill|4/100
|move|p2a: Excadrill|Earthquake|p1a: Blastoise
|-damage|p1a: Blastoise|0 fnt
|faint|p1a: Blastoise
|
|-heal|p2a: Excadrill|10/100|[from] item: Leftovers
|upkeep
|
|t:|1781370876
|switch|p1a: Great Tusk|Great Tusk|100/100
|-enditem|p1a: Great Tusk|Booster Energy
|-activate|p1a: Great Tusk|ability: Protosynthesis|[fromitem]
|-start|p1a: Great Tusk|protosynthesisspe
|turn|10
|
|t:|1781370882
|move|p1a: Great Tusk|Bulk Up|p1a: Great Tusk
|-boost|p1a: Great Tusk|atk|1
|-boost|p1a: Great Tusk|def|1
|move|p2a: Excadrill|Rapid Spin|p1a: Great Tusk
|-damage|p1a: Great Tusk|94/100
|-boost|p2a: Excadrill|spe|1
|
|-heal|p2a: Excadrill|16/100|[from] item: Leftovers
|upkeep
|turn|11
|
|t:|1781370890
|move|p2a: Excadrill|Swords Dance|p2a: Excadrill
|-boost|p2a: Excadrill|atk|2
|move|p1a: Great Tusk|Bulk Up|p1a: Great Tusk
|-boost|p1a: Great Tusk|atk|1
|-boost|p1a: Great Tusk|def|1
|
|-heal|p2a: Excadrill|22/100|[from] item: Leftovers
|upkeep
|turn|12
|
|t:|1781370898
|move|p2a: Excadrill|Earthquake|p1a: Great Tusk
|-damage|p1a: Great Tusk|59/100
|move|p1a: Great Tusk|Ice Spinner|p2a: Excadrill
|-damage|p2a: Excadrill|0 fnt
|faint|p2a: Excadrill
|
|upkeep
|
|t:|1781370903
|switch|p2a: Ogerpon|Ogerpon-Wellspring, F|50/100
|turn|13
|
|t:|1781370907
|move|p1a: Great Tusk|Ice Spinner|p2a: Ogerpon
|-damage|p2a: Ogerpon|0 fnt
|faint|p2a: Ogerpon
|
|upkeep
|-message|Mawile442 forfeited.
|
|win|TheCannonites
|raw|TheCannonites's rating: 1613 &rarr; <strong>1636</strong><br />(+23 for winning)
|raw|Mawile442's rating: 1670 &rarr; <strong>1647</strong><br />(-23 for losing)
|l|☆Mawile442
|player|p2|
