|j|☆kadu99
|j|☆bak bak bak again
|t:|1781164828
|gametype|singles
|player|p1|kadu99|policeman-gen4|1600
|player|p2|bak bak bak again|wallace|1552
|gen|9
|tier|[Gen 9] OU
|rated|
|rule|HP Percentage Mod: HP is shown in percentages
|rule|Endless Battle Clause: Forcing endless battles is banned
|rule|Species Clause: Limit one of each Pokémon
|rule|OHKO Clause: OHKO moves are banned
|rule|Evasion Items Clause: Evasion items are banned
|rule|Evasion Moves Clause: Evasion moves are banned
|rule|Evasion Abilities Clause: Evasion abilities are banned
|rule|Sleep Moves Clause: Sleep-inducing moves are banned
|clearpoke
|poke|p1|Iron Valiant|
|poke|p1|Ogerpon-Wellspring, F|
|poke|p1|Ting-Lu|
|poke|p1|Pecharunt|
|poke|p1|Cinderace, M|
|poke|p1|Dragonite, F|
|poke|p2|Ogerpon-Wellspring, F|
|poke|p2|Forretress, F|
|poke|p2|Gholdengo|
|poke|p2|Iron Moth|
|poke|p2|Maushold-Four|
|poke|p2|Enamorus, F|
|teampreview
|inactive|Battle timer is ON: inactive players will automatically lose when time's up. (requested by kadu99)
|
|t:|1781164849
|teamsize|p1|6
|teamsize|p2|6
|start
|switch|p1a: s26 ultra 5g 512gb|Dragonite, F|100/100
|switch|p2a: Forretress|Forretress, F|100/100
|turn|1
|
|t:|1781164858
|switch|p1a: LooTing|Ting-Lu|100/100
|-ability|p1a: LooTing|Vessel of Ruin
|move|p2a: Forretress|Toxic Spikes|p1a: LooTing
|-sidestart|p1: kadu99|move: Toxic Spikes
|
|upkeep
|turn|2
|
|t:|1781164878
|switch|p2a: Maushold|Maushold-Four|100/100
|move|p1a: LooTing|Ruination|p2a: Maushold
|-damage|p2a: Maushold|51/100
|
|upkeep
|turn|3
|
|t:|1781164888
|switch|p1a: Cherrypop|Pecharunt|100/100
|-sideend|p1: kadu99|move: Toxic Spikes|[of] p1a: Cherrypop
|move|p2a: Maushold|Encore||[still]
|-fail|p2a: Maushold
|
|upkeep
|turn|4
|
|t:|1781164895
|switch|p2a: Gholdengo|Gholdengo|100/100
|-item|p2a: Gholdengo|Air Balloon
|move|p1a: Cherrypop|Malignant Chain|p2a: Gholdengo
|-immune|p2a: Gholdengo
|
|upkeep
|turn|5
|
|t:|1781164905
|switch|p2a: Ogerpon|Ogerpon-Wellspring, F|100/100
|-terastallize|p1a: Cherrypop|Ghost
|move|p1a: Cherrypop|Shadow Ball|p2a: Ogerpon
|-damage|p2a: Ogerpon|49/100
|
|upkeep
|turn|6
|
|t:|1781164925
|-terastallize|p2a: Ogerpon|Water
|detailschange|p2a: Ogerpon|Ogerpon-Wellspring-Tera, F, tera:Water
|-ability|p2a: Ogerpon|Embody Aspect (Wellspring)|boost
|-boost|p2a: Ogerpon|spd|1
|move|p2a: Ogerpon|Knock Off|p1a: Cherrypop
|-supereffective|p1a: Cherrypop
|-damage|p1a: Cherrypop|43/100
|-enditem|p1a: Cherrypop|Heavy-Duty Boots|[from] move: Knock Off|[of] p2a: Ogerpon
|move|p1a: Cherrypop|Shadow Ball|p2a: Ogerpon
|-damage|p2a: Ogerpon|15/100
|
|upkeep
|turn|7
|inactive|bak bak bak again has 120 seconds left.
|
|t:|1781164951
|switch|p1a: s26 ultra 5g 512gb|Dragonite, F|100/100
|move|p2a: Ogerpon|Horn Leech|p1a: s26 ultra 5g 512gb
|-resisted|p1a: s26 ultra 5g 512gb
|-damage|p1a: s26 ultra 5g 512gb|95/100
|-heal|p2a: Ogerpon|18/100|[from] drain|[of] p1a: s26 ultra 5g 512gb
|
|upkeep
|turn|8
|inactive|bak bak bak again has 120 seconds left.
|
|t:|1781164969
|move|p2a: Ogerpon|Protect|p2a: Ogerpon
|-singleturn|p2a: Ogerpon|Protect
|move|p1a: s26 ultra 5g 512gb|Dragon Tail|p2a: Ogerpon
|-activate|p2a: Ogerpon|move: Protect
|
|upkeep
|turn|9
|inactive|bak bak bak again has 120 seconds left.
|
|t:|1781164979
|switch|p2a: Enamorus|Enamorus, F|100/100
|move|p1a: s26 ultra 5g 512gb|Extreme Speed|p2a: Enamorus
|-damage|p2a: Enamorus|53/100
|
|upkeep
|turn|10
|inactive|bak bak bak again has 120 seconds left.
|
|t:|1781164985
|move|p1a: s26 ultra 5g 512gb|Extreme Speed|p2a: Enamorus
|-damage|p2a: Enamorus|4/100
|move|p2a: Enamorus|Moonblast|p1a: s26 ultra 5g 512gb
|-supereffective|p1a: s26 ultra 5g 512gb
|-damage|p1a: s26 ultra 5g 512gb|5/100
|
|upkeep
|turn|11
|
|t:|1781164991
|switch|p2a: Gholdengo|Gholdengo|100/100
|-item|p2a: Gholdengo|Air Balloon
|move|p1a: s26 ultra 5g 512gb|Extreme Speed|p2a: Gholdengo
|-immune|p2a: Gholdengo
|
|upkeep
|turn|12
|
|t:|1781164996
|switch|p1a: LooTing|Ting-Lu|100/100
|-ability|p1a: LooTing|Vessel of Ruin
|move|p2a: Gholdengo|Make It Rain|p1a: LooTing
|-damage|p1a: LooTing|74/100
|-unboost|p2a: Gholdengo|spa|1
|
|-heal|p1a: LooTing|80/100|[from] item: Leftovers
|upkeep
|turn|13
|j| ILoveGardevoirRah
|
|t:|1781165003
|switch|p2a: Maushold|Maushold-Four|51/100
|move|p1a: LooTing|Stealth Rock|p2a: Maushold
|-sidestart|p2: bak bak bak again|move: Stealth Rock
|
|-heal|p1a: LooTing|87/100|[from] item: Leftovers
|upkeep
|turn|14
|
|t:|1781165009
|move|p2a: Maushold|Tidy Up|p2a: Maushold
|-sideend|p2: bak bak bak again|Stealth Rock
|-activate|p2a: Maushold|move: Tidy Up
|-boost|p2a: Maushold|atk|1
|-boost|p2a: Maushold|spe|1
|move|p1a: LooTing|Earthquake|p2a: Maushold
|-damage|p2a: Maushold|0 fnt
|faint|p2a: Maushold
|
|-heal|p1a: LooTing|93/100|[from] item: Leftovers
|upkeep
|
|t:|1781165015
|switch|p2a: Ogerpon|Ogerpon-Wellspring-Tera, F, tera:Water|18/100
|-ability|p2a: Ogerpon|Embody Aspect (Wellspring)|boost
|-boost|p2a: Ogerpon|spd|1
|turn|15
|inactive|kadu99 has 120 seconds left.
|
|t:|1781165046
|switch|p1a: Ludicolo Fan|Ogerpon-Wellspring, F|100/100
|move|p2a: Ogerpon|Horn Leech|p1a: Ludicolo Fan
|-damage|p1a: Ludicolo Fan|43/100
|-heal|p2a: Ogerpon|47/100|[from] drain|[of] p1a: Ludicolo Fan
|
|upkeep
|turn|16
|
|t:|1781165050
|move|p2a: Ogerpon|Horn Leech|p1a: Ludicolo Fan
|-damage|p1a: Ludicolo Fan|0 fnt
|-heal|p2a: Ogerpon|68/100|[from] drain|[of] p1a: Ludicolo Fan
|faint|p1a: Ludicolo Fan
|
|upkeep
|l| ILoveGardevoirRah
|
|t:|1781165056
|switch|p1a: SwordArtOnline|Iron Valiant|100/100
|turn|17
|
|t:|1781165060
|move|p2a: Ogerpon|Protect|p2a: Ogerpon
|-singleturn|p2a: Ogerpon|Protect
|move|p1a: SwordArtOnline|Close Combat|p2a: Ogerpon
|-activate|p2a: Ogerpon|move: Protect
|
|upkeep
|turn|18
|
|t:|1781165064
|switch|p2a: Gholdengo|Gholdengo|100/100
|-item|p2a: Gholdengo|Air Balloon
|move|p1a: SwordArtOnline|Close Combat|p2a: Gholdengo
|-immune|p2a: Gholdengo
|
|upkeep
|turn|19
|
|t:|1781165071
|move|p1a: SwordArtOnline|Destiny Bond|p1a: SwordArtOnline
|-singlemove|p1a: SwordArtOnline|Destiny Bond
|move|p2a: Gholdengo|Focus Blast|p1a: SwordArtOnline
|-resisted|p1a: SwordArtOnline
|-damage|p1a: SwordArtOnline|60/100
|
|upkeep
|turn|20
|
|t:|1781165081
|-end|p1a: SwordArtOnline|Quark Drive|[silent]
|switch|p1a: Ronaldinho|Cinderace, M|100/100
|switch|p2a: Forretress|Forretress, F|100/100
|
|upkeep
|turn|21
|
|t:|1781165085
|move|p1a: Ronaldinho|Pyro Ball|p2a: Forretress
|-supereffective|p2a: Forretress
|-ability|p2a: Forretress|Sturdy
|-damage|p2a: Forretress|1/100
|move|p2a: Forretress|Counter|p1a: Ronaldinho
|-damage|p1a: Ronaldinho|0 fnt
|faint|p1a: Ronaldinho
|
|upkeep
|
|t:|1781165089
|switch|p1a: Cherrypop|Pecharunt, tera:Ghost|43/100
|turn|22
|-enditem|p2a: Forretress|Custap Berry|[eat]
|-activate|p2a: Forretress|item: Custap Berry|[consumed]
|
|t:|1781165094
|move|p2a: Forretress|Toxic Spikes|p1a: Cherrypop
|-sidestart|p1: kadu99|move: Toxic Spikes
|move|p1a: Cherrypop|Recover|p1a: Cherrypop
|-heal|p1a: Cherrypop|93/100
|
|upkeep
|turn|23
|
|t:|1781165109
|move|p1a: Cherrypop|Nasty Plot|p1a: Cherrypop
|-boost|p1a: Cherrypop|spa|2
|move|p2a: Forretress|Spikes|p1a: Cherrypop
|-sidestart|p1: kadu99|Spikes
|
|upkeep
|turn|24
|
|t:|1781165115
|move|p1a: Cherrypop|Recover|p1a: Cherrypop
|-heal|p1a: Cherrypop|100/100
|move|p2a: Forretress|Spikes|p1a: Cherrypop
|-sidestart|p1: kadu99|Spikes
|
|upkeep
|turn|25
|
|t:|1781165127
|move|p1a: Cherrypop|Shadow Ball|p2a: Forretress
|-damage|p2a: Forretress|0 fnt
|faint|p2a: Forretress
|
|upkeep
|
|t:|1781165130
|switch|p2a: Iron Moth|Iron Moth|100/100
|turn|26
|
|t:|1781165135
|move|p2a: Iron Moth|Fiery Dance|p1a: Cherrypop
|-damage|p1a: Cherrypop|51/100
|-boost|p2a: Iron Moth|spa|1
|move|p1a: Cherrypop|Shadow Ball|p2a: Iron Moth
|-damage|p2a: Iron Moth|39/100
|
|upkeep
|turn|27
|
|t:|1781165139
|switch|p1a: LooTing|Ting-Lu|93/100
|-status|p1a: LooTing|psn
|-damage|p1a: LooTing|76/100 psn|[from] Spikes
|-ability|p1a: LooTing|Vessel of Ruin
|move|p2a: Iron Moth|Fiery Dance|p1a: LooTing
|-damage|p1a: LooTing|47/100 psn
|-boost|p2a: Iron Moth|spa|1
|
|-heal|p1a: LooTing|53/100 psn|[from] item: Leftovers
|-damage|p1a: LooTing|41/100 psn|[from] psn
|upkeep
|turn|28
|
|t:|1781165150
|move|p2a: Iron Moth|Energy Ball|p1a: LooTing
|-supereffective|p1a: LooTing
|-damage|p1a: LooTing|0 fnt
|faint|p1a: LooTing
|
|upkeep
|
|t:|1781165153
|switch|p1a: s26 ultra 5g 512gb|Dragonite, F|5/100
|turn|29
|
|t:|1781165162
|move|p1a: s26 ultra 5g 512gb|Extreme Speed|p2a: Iron Moth
|-damage|p2a: Iron Moth|0 fnt
|faint|p2a: Iron Moth
|-end|p2a: Iron Moth|Quark Drive|[silent]
|
|upkeep
|
|t:|1781165167
|switch|p2a: Gholdengo|Gholdengo|100/100
|-item|p2a: Gholdengo|Air Balloon
|turn|30
|
|t:|1781165177
|move|p2a: Gholdengo|Shadow Ball|p1a: s26 ultra 5g 512gb
|-crit|p1a: s26 ultra 5g 512gb
|-damage|p1a: s26 ultra 5g 512gb|0 fnt
|faint|p1a: s26 ultra 5g 512gb
|
|upkeep
|
|t:|1781165181
|switch|p1a: Cherrypop|Pecharunt, tera:Ghost|51/100
|-status|p1a: Cherrypop|psn
|-damage|p1a: Cherrypop|35/100 psn|[from] Spikes
|turn|31
|
|t:|1781165188
|move|p1a: Cherrypop|Shadow Ball|p2a: Gholdengo
|-supereffective|p2a: Gholdengo
|-damage|p2a: Gholdengo|0 fnt
|-enditem|p2a: Gholdengo|Air Balloon
|faint|p2a: Gholdengo
|
|-damage|p1a: Cherrypop|22/100 psn|[from] psn
|upkeep
|
|t:|1781165191
|switch|p2a: Ogerpon|Ogerpon-Wellspring-Tera, F, tera:Water|68/100
|-ability|p2a: Ogerpon|Embody Aspect (Wellspring)|boost
|-boost|p2a: Ogerpon|spd|1
|turn|32
|
|t:|1781165194
|move|p2a: Ogerpon|Horn Leech|p1a: Cherrypop
|-damage|p1a: Cherrypop|0 fnt
|-heal|p2a: Ogerpon|80/100|[from] drain|[of] p1a: Cherrypop
|faint|p1a: Cherrypop
|
|upkeep
|
|t:|1781165195
|switch|p1a: SwordArtOnline|Iron Valiant|60/100
|-status|p1a: SwordArtOnline|psn
|-damage|p1a: SwordArtOnline|43/100 psn|[from] Spikes
|turn|33
|
|t:|1781165198
|move|p1a: SwordArtOnline|Close Combat|p2a: Ogerpon
|-damage|p2a: Ogerpon|9/100
|-unboost|p1a: SwordArtOnline|def|1
|-unboost|p1a: SwordArtOnline|spd|1
|move|p2a: Ogerpon|Horn Leech|p1a: SwordArtOnline
|-damage|p1a: SwordArtOnline|0 fnt
|-heal|p2a: Ogerpon|30/100|[from] drain|[of] p1a: SwordArtOnline
|faint|p1a: SwordArtOnline
|-end|p1a: SwordArtOnline|Quark Drive|[silent]
|
|win|bak bak bak again
|raw|kadu99's rating: 1600 &rarr; <strong>1577</strong><br />(-23 for losing)
|raw|bak bak bak again's rating: 1552 &rarr; <strong>1575</strong><br />(+23 for winning)
|l|☆kadu99
|player|p1|
|l|☆bak bak bak again
|player|p2|
