|j|☆Enigmatic Gale
|j|☆Veryverymoist
|t:|1780952241
|gametype|singles
|player|p1|Enigmatic Gale|101|1581
|player|p2|Veryverymoist|youngster-gen4dp|1536
|gen|9
|tier|[Gen 9] OU
|rated|
|rule|HP Percentage Mod: HP is shown in percentages
|rule|Endless Battle Clause: Forcing endless battles is banned
|rule|Species Clause: Limit one of each Pokémon
|rule|OHKO Clause: OHKO moves are banned
|rule|Evasion Items Clause: Evasion items are banned
|rule|Evasion Moves Clause: Evasion moves are banned
|rule|Evasion Abilities Clause: Evasion abilities are banned
|rule|Sleep Moves Clause: Sleep-inducing moves are banned
|clearpoke
|poke|p1|Dragonite, F|
|poke|p1|Samurott-Hisui, F|
|poke|p1|Gholdengo|
|poke|p1|Pecharunt|
|poke|p1|Walking Wake|
|poke|p1|Ting-Lu|
|poke|p2|Cloyster, F|
|poke|p2|Polteageist|
|poke|p2|Maushold|
|poke|p2|Dragonite, F|
|poke|p2|Kommo-o, M|
|poke|p2|Slither Wing|
|teampreview
|
|t:|1780952263
|teamsize|p1|6
|teamsize|p2|6
|start
|switch|p1a: Pecharunt|Pecharunt|100/100
|switch|p2a: Slither Wing|Slither Wing|100/100
|turn|1
|
|t:|1780952273
|move|p1a: Pecharunt|Malignant Chain|p2a: Slither Wing
|-damage|p2a: Slither Wing|71/100
|-status|p2a: Slither Wing|tox
|-start|p2a: Slither Wing|confusion|[from] ability: Poison Puppeteer|[of] p1a: Pecharunt
|-activate|p2a: Slither Wing|confusion
|move|p2a: Slither Wing|Zen Headbutt|p1a: Pecharunt
|-supereffective|p1a: Pecharunt
|-damage|p1a: Pecharunt|52/100
|
|-damage|p2a: Slither Wing|65/100 tox|[from] psn
|upkeep
|turn|2
|
|t:|1780952285
|-end|p2a: Slither Wing|Protosynthesis|[silent]
|switch|p2a: Polteageist|Polteageist|100/100
|move|p1a: Pecharunt|Recover|p1a: Pecharunt
|-heal|p1a: Pecharunt|100/100
|
|upkeep
|turn|3
|inactive|Battle timer is ON: inactive players will automatically lose when time's up. (requested by Veryverymoist)
|
|t:|1780952296
|switch|p1a: Ting-Lu|Ting-Lu|100/100
|-ability|p1a: Ting-Lu|Vessel of Ruin
|move|p2a: Polteageist|Shell Smash|p2a: Polteageist
|-unboost|p2a: Polteageist|def|1
|-unboost|p2a: Polteageist|spd|1
|-boost|p2a: Polteageist|atk|2
|-boost|p2a: Polteageist|spa|2
|-boost|p2a: Polteageist|spe|2
|
|upkeep
|turn|4
|
|t:|1780952307
|move|p2a: Polteageist|Giga Drain|p1a: Ting-Lu
|-supereffective|p1a: Ting-Lu
|-damage|p1a: Ting-Lu|49/100
|move|p1a: Ting-Lu|Whirlwind|p2a: Polteageist
|drag|p2a: Maushold|Maushold|100/100
|
|-heal|p1a: Ting-Lu|55/100|[from] item: Leftovers
|upkeep
|turn|5
|
|t:|1780952323
|switch|p1a: Pecharunt|Pecharunt|100/100
|move|p2a: Maushold|Population Bomb|p1a: Pecharunt
|-immune|p1a: Pecharunt
|
|upkeep
|turn|6
|
|t:|1780952335
|switch|p2a: Slither Wing|Slither Wing|65/100 tox
|move|p1a: Pecharunt|Nasty Plot|p1a: Pecharunt
|-boost|p1a: Pecharunt|spa|2
|
|-damage|p2a: Slither Wing|59/100 tox|[from] psn
|upkeep
|turn|7
|
|t:|1780952351
|move|p1a: Pecharunt|Shadow Ball|p2a: Slither Wing
|-damage|p2a: Slither Wing|15/100 tox
|move|p2a: Slither Wing|Will-O-Wisp|p1a: Pecharunt
|-status|p1a: Pecharunt|brn
|
|-damage|p2a: Slither Wing|3/100 tox|[from] psn
|-damage|p1a: Pecharunt|94/100 brn|[from] brn
|upkeep
|turn|8
|
|t:|1780952359
|move|p1a: Pecharunt|Shadow Ball|p2a: Slither Wing
|-damage|p2a: Slither Wing|0 fnt
|faint|p2a: Slither Wing
|-end|p2a: Slither Wing|Protosynthesis|[silent]
|
|-damage|p1a: Pecharunt|88/100 brn|[from] brn
|upkeep
|
|t:|1780952370
|switch|p2a: Polteageist|Polteageist|100/100
|turn|9
|
|t:|1780952377
|move|p1a: Pecharunt|Shadow Ball|p2a: Polteageist
|-supereffective|p2a: Polteageist
|-enditem|p2a: Polteageist|Focus Sash
|-damage|p2a: Polteageist|1/100
|move|p2a: Polteageist|Shell Smash|p2a: Polteageist
|-unboost|p2a: Polteageist|def|1
|-unboost|p2a: Polteageist|spd|1
|-boost|p2a: Polteageist|atk|2
|-boost|p2a: Polteageist|spa|2
|-boost|p2a: Polteageist|spe|2
|
|-damage|p1a: Pecharunt|82/100 brn|[from] brn
|upkeep
|turn|10
|
|t:|1780952390
|switch|p1a: Samurott|Samurott-Hisui, F|100/100
|move|p2a: Polteageist|Giga Drain|p1a: Samurott
|-supereffective|p1a: Samurott
|-damage|p1a: Samurott|28/100
|-heal|p2a: Polteageist|51/100|[from] drain|[of] p1a: Samurott
|
|upkeep
|turn|11
|
|t:|1780952398
|move|p1a: Samurott|Sucker Punch||[still]
|-fail|p1a: Samurott
|move|p2a: Polteageist|Will-O-Wisp|p1a: Samurott|[miss]
|-miss|p2a: Polteageist|p1a: Samurott
|
|upkeep
|turn|12
|
|t:|1780952414
|move|p1a: Samurott|Sucker Punch|p2a: Polteageist
|-supereffective|p2a: Polteageist
|-damage|p2a: Polteageist|0 fnt
|faint|p2a: Polteageist
|
|upkeep
|
|t:|1780952417
|switch|p2a: Kommo-o|Kommo-o, M|100/100
|turn|13
|
|t:|1780952436
|move|p2a: Kommo-o|Clangorous Soul|p2a: Kommo-o
|-boost|p2a: Kommo-o|atk|1
|-boost|p2a: Kommo-o|def|1
|-boost|p2a: Kommo-o|spa|1
|-boost|p2a: Kommo-o|spd|1
|-boost|p2a: Kommo-o|spe|1
|-damage|p2a: Kommo-o|68/100
|-enditem|p2a: Kommo-o|Throat Spray
|-boost|p2a: Kommo-o|spa|1|[from] item: Throat Spray
|move|p1a: Samurott|Flip Turn|p2a: Kommo-o
|-resisted|p2a: Kommo-o
|-damage|p2a: Kommo-o|59/100
|inactive|Enigmatic Gale has 120 seconds left.
|inactive|Enigmatic Gale has 90 seconds left.
|
|t:|1780952490
|switch|p1a: Dragonite|Dragonite, F|100/100|[from] Flip Turn
|
|upkeep
|turn|14
|
|t:|1780952499
|move|p2a: Kommo-o|Clanging Scales|p1a: Dragonite
|-supereffective|p1a: Dragonite
|-damage|p1a: Dragonite|21/100
|-unboost|p2a: Kommo-o|def|1
|move|p1a: Dragonite|Dragon Tail|p2a: Kommo-o
|-supereffective|p2a: Kommo-o
|-damage|p2a: Kommo-o|0 fnt
|faint|p2a: Kommo-o
|
|upkeep
|
|t:|1780952512
|switch|p2a: Cloyster|Cloyster, F|100/100
|turn|15
|
|t:|1780952517
|move|p2a: Cloyster|Ice Shard|p1a: Dragonite
|-supereffective|p1a: Dragonite
|-damage|p1a: Dragonite|0 fnt
|faint|p1a: Dragonite
|
|upkeep
|
|t:|1780952528
|switch|p1a: Gholdengo|Gholdengo|100/100
|turn|16
|
|t:|1780952533
|move|p1a: Gholdengo|Make It Rain|p2a: Cloyster
|-enditem|p2a: Cloyster|Focus Sash
|-damage|p2a: Cloyster|1/100
|-unboost|p1a: Gholdengo|spa|1
|move|p2a: Cloyster|Shell Smash|p2a: Cloyster
|-unboost|p2a: Cloyster|def|1
|-unboost|p2a: Cloyster|spd|1
|-boost|p2a: Cloyster|atk|2
|-boost|p2a: Cloyster|spa|2
|-boost|p2a: Cloyster|spe|2
|
|upkeep
|turn|17
|inactive|Enigmatic Gale has 120 seconds left.
|inactive|Enigmatic Gale has 90 seconds left.
|
|t:|1780952592
|switch|p1a: Samurott|Samurott-Hisui, F|28/100
|move|p2a: Cloyster|Icicle Spear|p1a: Samurott
|-resisted|p1a: Samurott
|-damage|p1a: Samurott|14/100
|-resisted|p1a: Samurott
|-damage|p1a: Samurott|0 fnt
|faint|p1a: Samurott
|-hitcount|p1: Samurott|2
|
|upkeep
|
|t:|1780952606
|switch|p1a: Gholdengo|Gholdengo|100/100
|turn|18
|
|t:|1780952610
|move|p2a: Cloyster|Icicle Spear|p1a: Gholdengo
|-resisted|p1a: Gholdengo
|-damage|p1a: Gholdengo|88/100
|-resisted|p1a: Gholdengo
|-damage|p1a: Gholdengo|76/100
|-resisted|p1a: Gholdengo
|-crit|p1a: Gholdengo
|-damage|p1a: Gholdengo|55/100
|-resisted|p1a: Gholdengo
|-damage|p1a: Gholdengo|41/100
|-resisted|p1a: Gholdengo
|-damage|p1a: Gholdengo|28/100
|-hitcount|p1a: Gholdengo|5
|move|p1a: Gholdengo|Shadow Ball|p2a: Cloyster
|-damage|p2a: Cloyster|0 fnt
|faint|p2a: Cloyster
|
|upkeep
|inactive|Veryverymoist has 120 seconds left.
|
|t:|1780952642
|switch|p2a: Dragonite|Dragonite, F|100/100
|turn|19
|
|t:|1780952655
|switch|p1a: Pecharunt|Pecharunt|82/100 brn
|move|p2a: Dragonite|Dragon Dance|p2a: Dragonite
|-boost|p2a: Dragonite|atk|1
|-boost|p2a: Dragonite|spe|1
|
|-damage|p1a: Pecharunt|76/100 brn|[from] brn
|upkeep
|turn|20
|
|t:|1780952666
|-terastallize|p1a: Pecharunt|Water
|move|p2a: Dragonite|Scale Shot|p1a: Pecharunt
|-damage|p1a: Pecharunt|64/100 brn
|-damage|p1a: Pecharunt|49/100 brn
|-damage|p1a: Pecharunt|36/100 brn
|-damage|p1a: Pecharunt|24/100 brn
|-hitcount|p1a: Pecharunt|4
|-unboost|p2a: Dragonite|def|1
|-boost|p2a: Dragonite|spe|1
|move|p1a: Pecharunt|Malignant Chain|p2a: Dragonite
|-damage|p2a: Dragonite|83/100
|-status|p2a: Dragonite|tox
|-start|p2a: Dragonite|confusion|[from] ability: Poison Puppeteer|[of] p1a: Pecharunt
|
|-damage|p2a: Dragonite|77/100 tox|[from] psn
|-damage|p1a: Pecharunt|18/100 brn|[from] brn
|upkeep
|turn|21
|
|t:|1780952684
|-activate|p2a: Dragonite|confusion
|move|p2a: Dragonite|Scale Shot|p1a: Pecharunt
|-damage|p1a: Pecharunt|4/100 brn
|-damage|p1a: Pecharunt|0 fnt
|faint|p1a: Pecharunt
|-hitcount|p1: Pecharunt|2
|-unboost|p2a: Dragonite|def|1
|-boost|p2a: Dragonite|spe|1
|
|-damage|p2a: Dragonite|65/100 tox|[from] psn
|upkeep
|
|t:|1780952694
|switch|p1a: Walking Wake|Walking Wake|100/100
|turn|22
|inactive|Enigmatic Gale has 60 seconds left.
|
|t:|1780952724
|-end|p1a: Walking Wake|Protosynthesis|[silent]
|switch|p1a: Gholdengo|Gholdengo|28/100
|-activate|p2a: Dragonite|confusion
|move|p2a: Dragonite|Scale Shot|p1a: Gholdengo
|-resisted|p1a: Gholdengo
|-damage|p1a: Gholdengo|16/100
|-resisted|p1a: Gholdengo
|-damage|p1a: Gholdengo|4/100
|-resisted|p1a: Gholdengo
|-damage|p1a: Gholdengo|0 fnt
|faint|p1a: Gholdengo
|-hitcount|p1: Gholdengo|3
|-unboost|p2a: Dragonite|def|1
|-boost|p2a: Dragonite|spe|1
|
|-damage|p2a: Dragonite|46/100 tox|[from] psn
|upkeep
|
|t:|1780952737
|switch|p1a: Ting-Lu|Ting-Lu|55/100
|-ability|p1a: Ting-Lu|Vessel of Ruin
|turn|23
|
|t:|1780952744
|-activate|p2a: Dragonite|confusion
|-damage|p2a: Dragonite|0 fnt|[from] confusion
|faint|p2a: Dragonite
|move|p1a: Ting-Lu|Ruination|p2: Dragonite|[notarget]
|-fail|p1a: Ting-Lu
|
|-heal|p1a: Ting-Lu|61/100|[from] item: Leftovers
|upkeep
|
|t:|1780952746
|switch|p2a: Maushold|Maushold|100/100
|turn|24
|inactive|Enigmatic Gale has 60 seconds left.
|
|t:|1780952754
|move|p2a: Maushold|Tidy Up|p2a: Maushold
|-boost|p2a: Maushold|atk|1
|-boost|p2a: Maushold|spe|1
|move|p1a: Ting-Lu|Ruination|p2a: Maushold
|-damage|p2a: Maushold|51/100
|
|-heal|p1a: Ting-Lu|67/100|[from] item: Leftovers
|upkeep
|turn|25
|
|t:|1780952764
|move|p2a: Maushold|Population Bomb|p1a: Ting-Lu
|-damage|p1a: Ting-Lu|57/100
|-damage|p1a: Ting-Lu|48/100
|-damage|p1a: Ting-Lu|38/100
|-damage|p1a: Ting-Lu|28/100
|-damage|p1a: Ting-Lu|18/100
|-damage|p1a: Ting-Lu|8/100
|-damage|p1a: Ting-Lu|0 fnt
|faint|p1a: Ting-Lu
|-hitcount|p1: Ting-Lu|7
|
|upkeep
|inactive|Enigmatic Gale has 60 seconds left.
|
|t:|1780952774
|switch|p1a: Walking Wake|Walking Wake|100/100
|turn|26
|
|t:|1780952777
|move|p2a: Maushold|Population Bomb|p1a: Walking Wake
|-damage|p1a: Walking Wake|79/100
|-damage|p1a: Walking Wake|59/100
|-damage|p1a: Walking Wake|39/100
|-damage|p1a: Walking Wake|20/100
|-damage|p1a: Walking Wake|1/100
|-damage|p1a: Walking Wake|0 fnt
|faint|p1a: Walking Wake
|-end|p1a: Walking Wake|Protosynthesis|[silent]
|-hitcount|p1: Walking Wake|6
|
|win|Veryverymoist
|raw|Enigmatic Gale's rating: 1581 &rarr; <strong>1558</strong><br />(-23 for losing)
|raw|Veryverymoist's rating: 1536 &rarr; <strong>1559</strong><br />(+23 for winning)
|l|☆Enigmatic Gale
|player|p1|
