|j|☆tauros3
|j|☆I Walk a Path
|t:|1781453622
|gametype|singles
|player|p1|tauros3|swimmer-gen4dp|1671
|player|p2|I Walk a Path|irida|1669
|gen|9
|tier|[Gen 9] OU
|rated|
|rule|HP Percentage Mod: HP is shown in percentages
|rule|Endless Battle Clause: Forcing endless battles is banned
|rule|Species Clause: Limit one of each Pokémon
|rule|OHKO Clause: OHKO moves are banned
|rule|Evasion Items Clause: Evasion items are banned
|rule|Evasion Moves Clause: Evasion moves are banned
|rule|Evasion Abilities Clause: Evasion abilities are banned
|rule|Sleep Moves Clause: Sleep-inducing moves are banned
|clearpoke
|poke|p1|Ninetales-Alola, M|
|poke|p1|Kyurem|
|poke|p1|Moltres-Galar|
|poke|p1|Ursaluna, M|
|poke|p1|Diancie|
|poke|p1|Hatterene, F|
|poke|p2|Kyurem|
|poke|p2|Corviknight, F|
|poke|p2|Ting-Lu|
|poke|p2|Dondozo, F|
|poke|p2|Slowking-Galar, F|
|poke|p2|Cinderace, F|
|teampreview
|inactive|Battle timer is ON: inactive players will automatically lose when time's up. (requested by I Walk a Path)
|inactive|tauros3 also wants the timer to be on.
|inactive|tauros3 has 120 seconds left.
|
|t:|1781453657
|teamsize|p1|6
|teamsize|p2|6
|start
|switch|p1a: Pink Triangle|Hatterene, F|100/100
|switch|p2a: Slowking|Slowking-Galar, F|100/100
|turn|1
|
|t:|1781453662
|switch|p1a: El Scorcho|Ursaluna, M|100/100
|move|p2a: Slowking|Sludge Bomb|p1a: El Scorcho
|-resisted|p1a: El Scorcho
|-damage|p1a: El Scorcho|86/100
|
|-status|p1a: El Scorcho|brn|[from] item: Flame Orb
|upkeep
|turn|2
|
|t:|1781453671
|switch|p2a: Corviknight|Corviknight, F|100/100
|-ability|p2a: Corviknight|Pressure
|move|p1a: El Scorcho|Fire Punch|p2a: Corviknight
|-supereffective|p2a: Corviknight
|-damage|p2a: Corviknight|50/100
|-damage|p1a: El Scorcho|69/100 brn|[from] item: Rocky Helmet|[of] p2a: Corviknight
|
|-damage|p1a: El Scorcho|63/100 brn|[from] brn
|upkeep
|turn|3
|
|t:|1781453691
|move|p1a: El Scorcho|Facade|p2a: Corviknight
|-resisted|p2a: Corviknight
|-damage|p2a: Corviknight|11/100
|-damage|p1a: El Scorcho|47/100 brn|[from] item: Rocky Helmet|[of] p2a: Corviknight
|move|p2a: Corviknight|Roost|p2a: Corviknight
|-heal|p2a: Corviknight|61/100
|-singleturn|p2a: Corviknight|move: Roost
|
|-damage|p1a: El Scorcho|41/100 brn|[from] brn
|upkeep
|turn|4
|
|t:|1781453704
|switch|p1a: Pink Triangle|Hatterene, F|100/100
|move|p2a: Corviknight|Roost|p2a: Corviknight
|-heal|p2a: Corviknight|100/100
|-singleturn|p2a: Corviknight|move: Roost
|
|upkeep
|turn|5
|
|t:|1781453714
|switch|p1a: El Scorcho|Ursaluna, M|41/100 brn
|move|p2a: Corviknight|U-turn|p1a: El Scorcho
|-damage|p1a: El Scorcho|31/100 brn
|
|t:|1781453718
|switch|p2a: Cinderace|Cinderace, F|100/100|[from] U-turn
|
|-damage|p1a: El Scorcho|25/100 brn|[from] brn
|upkeep
|turn|6
|
|t:|1781453724
|switch|p1a: No Other One|Diancie|100/100
|move|p2a: Cinderace|U-turn|p1a: No Other One
|-resisted|p1a: No Other One
|-damage|p1a: No Other One|94/100
|
|t:|1781453735
|switch|p2a: Slowking|Slowking-Galar, F|100/100|[from] U-turn
|
|upkeep
|turn|7
|
|t:|1781453739
|move|p1a: No Other One|Meteor Beam||[still]
|-prepare|p1a: No Other One|Meteor Beam
|-boost|p1a: No Other One|spa|1
|-enditem|p1a: No Other One|Power Herb
|-anim|p1a: No Other One|Meteor Beam|p2a: Slowking
|-damage|p2a: Slowking|48/100
|move|p2a: Slowking|Toxic|p1a: No Other One
|-status|p1a: No Other One|tox
|
|-damage|p1a: No Other One|88/100 tox|[from] psn
|upkeep
|turn|8
|
|t:|1781453752
|switch|p2a: Corviknight|Corviknight, F|100/100
|-ability|p2a: Corviknight|Pressure
|-terastallize|p1a: No Other One|Ground
|move|p1a: No Other One|Earth Power|p2a: Corviknight
|-immune|p2a: Corviknight
|
|-damage|p1a: No Other One|76/100 tox|[from] psn
|upkeep
|turn|9
|
|t:|1781453762
|switch|p2a: Slowking|Slowking-Galar, F|81/100
|switch|p1a: Pink Triangle|Hatterene, F|100/100
|
|upkeep
|turn|10
|
|t:|1781453767
|move|p2a: Slowking|Sludge Bomb|p1a: Pink Triangle
|-supereffective|p1a: Pink Triangle
|-damage|p1a: Pink Triangle|34/100
|move|p1a: Pink Triangle|Trick Room|p1a: Pink Triangle
|-fieldstart|move: Trick Room|[of] p1a: Pink Triangle
|
|upkeep
|turn|11
|
|t:|1781453775
|move|p1a: Pink Triangle|Healing Wish|p1a: Pink Triangle
|faint|p1a: Pink Triangle
|move|p2a: Slowking|Sludge Bomb|p1: Pink Triangle|[notarget]
|-fail|p2a: Slowking
|
|upkeep
|
|t:|1781453777
|switch|p1a: El Scorcho|Ursaluna, M|25/100 brn
|-heal|p1a: El Scorcho|100/100|[from] move: Healing Wish
|turn|12
|
|t:|1781453781
|switch|p2a: Corviknight|Corviknight, F|100/100
|-ability|p2a: Corviknight|Pressure
|move|p1a: El Scorcho|Swords Dance|p1a: El Scorcho
|-boost|p1a: El Scorcho|atk|2
|
|-status|p1a: El Scorcho|brn|[from] item: Flame Orb
|upkeep
|turn|13
|
|t:|1781453789
|move|p2a: Corviknight|U-turn|p1a: El Scorcho
|-damage|p1a: El Scorcho|89/100 brn
|
|t:|1781453794
|switch|p2a: Dondozo|Dondozo, F|100/100|[from] U-turn
|move|p1a: El Scorcho|Fire Punch|p2a: Dondozo
|-resisted|p2a: Dondozo
|-damage|p2a: Dondozo|91/100
|
|-heal|p2a: Dondozo|97/100|[from] item: Leftovers
|-damage|p1a: El Scorcho|83/100 brn|[from] brn
|upkeep
|turn|14
|
|t:|1781453799
|move|p2a: Dondozo|Body Press|p1a: El Scorcho
|-supereffective|p1a: El Scorcho
|-damage|p1a: El Scorcho|44/100 brn
|move|p1a: El Scorcho|Facade|p2a: Dondozo
|-damage|p2a: Dondozo|37/100
|
|-heal|p2a: Dondozo|43/100|[from] item: Leftovers
|-damage|p1a: El Scorcho|38/100 brn|[from] brn
|-fieldend|move: Trick Room
|upkeep
|turn|15
|
|t:|1781453807
|move|p1a: El Scorcho|Fire Punch|p2a: Dondozo
|-resisted|p2a: Dondozo
|-damage|p2a: Dondozo|33/100
|move|p2a: Dondozo|Body Press|p1a: El Scorcho
|-supereffective|p1a: El Scorcho
|-damage|p1a: El Scorcho|0 fnt
|faint|p1a: El Scorcho
|
|-heal|p2a: Dondozo|39/100|[from] item: Leftovers
|upkeep
|
|t:|1781453812
|switch|p1a: Butterfly|Moltres-Galar|100/100
|turn|16
|
|t:|1781453815
|switch|p2a: Slowking|Slowking-Galar, F|100/100
|move|p1a: Butterfly|Nasty Plot|p1a: Butterfly
|-boost|p1a: Butterfly|spa|2
|
|upkeep
|turn|17
|
|t:|1781453823
|-terastallize|p2a: Slowking|Water
|move|p1a: Butterfly|Fiery Wrath|p2a: Slowking
|-damage|p2a: Slowking|53/100
|move|p2a: Slowking|Toxic|p1a: Butterfly
|-status|p1a: Butterfly|tox
|
|-damage|p1a: Butterfly|94/100 tox|[from] psn
|upkeep
|turn|18
|
|t:|1781453829
|move|p1a: Butterfly|Fiery Wrath|p2a: Slowking
|-damage|p2a: Slowking|6/100
|-prepare|p2a: Slowking|Chilly Reception|[premajor]
|move|p2a: Slowking|Chilly Reception|p2a: Slowking
|-weather|Snowscape
|
|t:|1781453831
|switch|p2a: Ting-Lu|Ting-Lu|100/100|[from] Chilly Reception
|-ability|p2a: Ting-Lu|Vessel of Ruin
|
|-weather|Snowscape|[upkeep]
|-damage|p1a: Butterfly|82/100 tox|[from] psn
|upkeep
|turn|19
|
|t:|1781453836
|move|p1a: Butterfly|Air Slash|p2a: Ting-Lu
|-damage|p2a: Ting-Lu|70/100
|cant|p2a: Ting-Lu|flinch
|
|-weather|Snowscape|[upkeep]
|-heal|p2a: Ting-Lu|76/100|[from] item: Leftovers
|-damage|p1a: Butterfly|63/100 tox|[from] psn
|upkeep
|turn|20
|
|t:|1781453842
|switch|p1a: The Good Life|Ninetales-Alola, M|100/100
|move|p2a: Ting-Lu|Payback|p1a: The Good Life
|-resisted|p1a: The Good Life
|-damage|p1a: The Good Life|93/100
|
|-weather|Snowscape|[upkeep]
|-heal|p2a: Ting-Lu|82/100|[from] item: Leftovers
|upkeep
|turn|21
|
|t:|1781453849
|switch|p2a: Slowking|Slowking-Galar, F, tera:Water|39/100
|move|p1a: The Good Life|Freeze-Dry|p2a: Slowking
|-supereffective|p2a: Slowking
|-damage|p2a: Slowking|13/100
|-status|p2a: Slowking|frz
|
|-weather|Snowscape|[upkeep]
|upkeep
|turn|22
|
|t:|1781453855
|switch|p2a: Cinderace|Cinderace, F|100/100
|move|p1a: The Good Life|Aurora Veil|p1a: The Good Life
|-sidestart|p1: tauros3|move: Aurora Veil
|
|-weather|none
|upkeep
|turn|23
|
|t:|1781453862
|move|p2a: Cinderace|Court Change|p2a: Cinderace
|-swapsideconditions
|-activate|p2a: Cinderace|move: Court Change
|move|p1a: The Good Life|Encore|p2a: Cinderace
|-start|p2a: Cinderace|Encore
|
|upkeep
|turn|24
|
|t:|1781453866
|switch|p2a: Slowking|Slowking-Galar, F, tera:Water|46/100 frz
|move|p1a: The Good Life|Snowscape|p1a: The Good Life
|-weather|Snowscape
|
|-weather|Snowscape|[upkeep]
|upkeep
|turn|25
|
|t:|1781453870
|move|p1a: The Good Life|Aurora Veil|p1a: The Good Life
|-sidestart|p1: tauros3|move: Aurora Veil
|-prepare|p2a: Slowking|Chilly Reception|[premajor]
|cant|p2a: Slowking|frz
|
|-weather|Snowscape|[upkeep]
|upkeep
|turn|26
|
|t:|1781453874
|switch|p1a: Getchoo|Kyurem|100/100
|-ability|p1a: Getchoo|Pressure
|switch|p2a: Cinderace|Cinderace, F|100/100
|
|-weather|Snowscape|[upkeep]
|upkeep
|turn|27
|
|t:|1781453878
|move|p2a: Cinderace|Will-O-Wisp|p1a: Getchoo|[miss]
|-miss|p2a: Cinderace|p1a: Getchoo
|move|p1a: Getchoo|Dragon Dance|p1a: Getchoo
|-boost|p1a: Getchoo|atk|1
|-boost|p1a: Getchoo|spe|1
|
|-weather|Snowscape|[upkeep]
|upkeep
|turn|28
|j| PremierAvatarWan
|
|t:|1781453883
|move|p1a: Getchoo|Scale Shot|p2a: Cinderace
|-damage|p2a: Cinderace|88/100
|-damage|p2a: Cinderace|75/100
|-damage|p2a: Cinderace|61/100
|-damage|p2a: Cinderace|48/100
|-damage|p2a: Cinderace|35/100
|-hitcount|p2a: Cinderace|5
|-unboost|p1a: Getchoo|def|1
|-boost|p1a: Getchoo|spe|1
|move|p2a: Cinderace|Will-O-Wisp|p1a: Getchoo
|-status|p1a: Getchoo|brn
|
|-weather|none
|-damage|p1a: Getchoo|94/100 brn|[from] brn
|upkeep
|turn|29
|
|t:|1781453888
|move|p1a: Getchoo|Scale Shot|p2a: Cinderace
|-damage|p2a: Cinderace|29/100
|-damage|p2a: Cinderace|23/100
|-damage|p2a: Cinderace|16/100
|-damage|p2a: Cinderace|9/100
|-damage|p2a: Cinderace|3/100
|-hitcount|p2a: Cinderace|5
|-unboost|p1a: Getchoo|def|1
|-boost|p1a: Getchoo|spe|1
|move|p2a: Cinderace|Pyro Ball|p1a: Getchoo
|-damage|p1a: Getchoo|23/100 brn
|
|-damage|p1a: Getchoo|17/100 brn|[from] brn
|-sideend|p2: I Walk a Path|move: Aurora Veil
|upkeep
|turn|30
|
|t:|1781453894
|switch|p2a: Corviknight|Corviknight, F|100/100
|-ability|p2a: Corviknight|Pressure
|move|p1a: Getchoo|Icicle Spear|p2a: Corviknight
|-damage|p2a: Corviknight|94/100
|-damage|p2a: Corviknight|88/100
|-damage|p2a: Corviknight|82/100
|-damage|p2a: Corviknight|76/100
|-hitcount|p2a: Corviknight|4
|
|-damage|p1a: Getchoo|11/100 brn|[from] brn
|upkeep
|turn|31
|
|t:|1781453899
|move|p1a: Getchoo|Icicle Spear|p2a: Corviknight
|-damage|p2a: Corviknight|70/100
|-damage|p2a: Corviknight|64/100
|-crit|p2a: Corviknight
|-damage|p2a: Corviknight|53/100
|-damage|p2a: Corviknight|47/100
|-hitcount|p2a: Corviknight|4
|move|p2a: Corviknight|Roost|p2a: Corviknight
|-heal|p2a: Corviknight|97/100
|-singleturn|p2a: Corviknight|move: Roost
|
|-damage|p1a: Getchoo|5/100 brn|[from] brn
|upkeep
|turn|32
|
|t:|1781453903
|move|p1a: Getchoo|Icicle Spear|p2a: Corviknight
|-damage|p2a: Corviknight|90/100
|-damage|p2a: Corviknight|84/100
|-damage|p2a: Corviknight|78/100
|-damage|p2a: Corviknight|71/100
|-damage|p2a: Corviknight|65/100
|-hitcount|p2a: Corviknight|5
|move|p2a: Corviknight|Roost|p2a: Corviknight
|-heal|p2a: Corviknight|100/100
|-singleturn|p2a: Corviknight|move: Roost
|
|-damage|p1a: Getchoo|0 fnt|[from] brn
|faint|p1a: Getchoo
|-sideend|p1: tauros3|move: Aurora Veil
|upkeep
|-message|tauros3 forfeited.
|
|win|I Walk a Path
|raw|tauros3's rating: 1671 &rarr; <strong>1651</strong><br />(-20 for losing)
|raw|I Walk a Path's rating: 1669 &rarr; <strong>1689</strong><br />(+20 for winning)
|l|☆tauros3
|player|p1|
|l|☆I Walk a Path
|player|p2|
|l| PremierAvatarWan
