|j|☆tuanquewang
|j|☆TwinkleLittleStars
|t:|1780917898
|gametype|singles
|player|p1|tuanquewang|backersf|1681
|player|p2|TwinkleLittleStars|alec-anime|1703
|gen|9
|tier|[Gen 9] OU
|rated|
|rule|HP Percentage Mod: HP is shown in percentages
|rule|Endless Battle Clause: Forcing endless battles is banned
|rule|Species Clause: Limit one of each Pokémon
|rule|OHKO Clause: OHKO moves are banned
|rule|Evasion Items Clause: Evasion items are banned
|rule|Evasion Moves Clause: Evasion moves are banned
|rule|Evasion Abilities Clause: Evasion abilities are banned
|rule|Sleep Moves Clause: Sleep-inducing moves are banned
|clearpoke
|poke|p1|Slowking-Galar, M|
|poke|p1|Hydrapple, F|
|poke|p1|Cinderace, M|
|poke|p1|Alomomola, F|
|poke|p1|Mamoswine, M|
|poke|p1|Gholdengo|
|poke|p2|Pelipper, M|
|poke|p2|Raging Bolt|
|poke|p2|Crawdaunt, M|
|poke|p2|Barraskewda, F|
|poke|p2|Iron Treads|
|poke|p2|Kingambit, F|
|teampreview
|inactive|Battle timer is ON: inactive players will automatically lose when time's up. (requested by tuanquewang)
|
|t:|1780917909
|teamsize|p1|6
|teamsize|p2|6
|start
|switch|p1a: Hydrapple|Hydrapple, F, shiny|100/100
|switch|p2a: Pelipper|Pelipper, M|100/100
|-weather|RainDance|[from] ability: Drizzle|[of] p2a: Pelipper
|turn|1
|
|t:|1780917915
|move|p2a: Pelipper|Hurricane|p1a: Hydrapple
|-supereffective|p1a: Hydrapple
|-damage|p1a: Hydrapple|30/100
|move|p1a: Hydrapple|Leaf Storm|p2a: Pelipper
|-damage|p2a: Pelipper|0 fnt
|-unboost|p1a: Hydrapple|spa|2
|faint|p2a: Pelipper
|
|-weather|RainDance|[upkeep]
|upkeep
|
|t:|1780917921
|switch|p2a: Kingambit|Kingambit, F|100/100
|-activate|p2a: Kingambit|ability: Supreme Overlord
|-start|p2a: Kingambit|fallen1|[silent]
|turn|2
|
|t:|1780917926
|switch|p1a: Cinderace|Cinderace, M|100/100
|move|p2a: Kingambit|Swords Dance|p2a: Kingambit
|-boost|p2a: Kingambit|atk|2
|
|-weather|RainDance|[upkeep]
|upkeep
|turn|3
|
|t:|1780917931
|-terastallize|p1a: Cinderace|Fighting
|-terastallize|p2a: Kingambit|Dark
|move|p1a: Cinderace|High Jump Kick|p2a: Kingambit
|-supereffective|p2a: Kingambit
|-damage|p2a: Kingambit|5/100
|move|p2a: Kingambit|Kowtow Cleave|p1a: Cinderace
|-resisted|p1a: Cinderace
|-damage|p1a: Cinderace|0 fnt
|faint|p1a: Cinderace
|
|-weather|RainDance|[upkeep]
|-heal|p2a: Kingambit|11/100|[from] item: Leftovers
|upkeep
|j| WANG QIU'ER
|
|t:|1780917944
|switch|p1a: Alomomola|Alomomola, F|100/100
|turn|4
|
|t:|1780917947
|move|p2a: Kingambit|Kowtow Cleave|p1a: Alomomola
|-damage|p1a: Alomomola|27/100
|move|p1a: Alomomola|Flip Turn|p2a: Kingambit
|-damage|p2a: Kingambit|0 fnt
|faint|p2a: Kingambit
|-end|p2a: Kingambit|fallen1|[silent]
|
|t:|1780917955
|switch|p1a: Hydrapple|Hydrapple, F, shiny|63/100|[from] Flip Turn
|
|-weather|RainDance|[upkeep]
|upkeep
|
|t:|1780917958
|switch|p2a: Crawdaunt|Crawdaunt, M|100/100
|turn|5
|
|t:|1780917963
|move|p2a: Crawdaunt|Knock Off|p1a: Hydrapple
|-damage|p1a: Hydrapple|0 fnt
|-enditem|p1a: Hydrapple|Choice Specs|[from] move: Knock Off|[of] p2a: Crawdaunt
|faint|p1a: Hydrapple
|-damage|p2a: Crawdaunt|91/100|[from] item: Life Orb
|
|-weather|RainDance|[upkeep]
|upkeep
|
|t:|1780917966
|switch|p1a: Alomomola|Alomomola, F|61/100
|turn|6
|
|t:|1780917975
|move|p2a: Crawdaunt|Knock Off|p1a: Alomomola
|-damage|p1a: Alomomola|14/100
|-enditem|p1a: Alomomola|Leftovers|[from] move: Knock Off|[of] p2a: Crawdaunt
|-damage|p2a: Crawdaunt|81/100|[from] item: Life Orb
|move|p1a: Alomomola|Flip Turn|p2a: Crawdaunt
|-resisted|p2a: Crawdaunt
|-damage|p2a: Crawdaunt|62/100
|
|t:|1780917977
|switch|p1a: Gholdengo|Gholdengo, shiny|100/100|[from] Flip Turn
|
|-weather|RainDance|[upkeep]
|upkeep
|turn|7
|
|t:|1780917979
|switch|p2a: Iron Treads|Iron Treads|100/100
|-enditem|p2a: Iron Treads|Booster Energy
|-activate|p2a: Iron Treads|ability: Quark Drive|[fromitem]
|-start|p2a: Iron Treads|quarkdrivespe
|move|p1a: Gholdengo|Dazzling Gleam|p2a: Iron Treads
|-resisted|p2a: Iron Treads
|-damage|p2a: Iron Treads|77/100
|
|-weather|RainDance|[upkeep]
|upkeep
|turn|8
|
|t:|1780917983
|switch|p1a: Alomomola|Alomomola, F|47/100
|move|p2a: Iron Treads|Earth Power|p1a: Alomomola
|-damage|p1a: Alomomola|6/100
|
|-weather|none
|upkeep
|turn|9
|
|t:|1780917987
|switch|p1a: Slowking|Slowking-Galar, M|100/100
|move|p2a: Iron Treads|Stealth Rock|p1a: Slowking
|-sidestart|p1: tuanquewang|move: Stealth Rock
|
|upkeep
|turn|10
|
|t:|1780917992
|move|p2a: Iron Treads|Earth Power|p1a: Slowking
|-supereffective|p1a: Slowking
|-damage|p1a: Slowking|59/100
|-prepare|p1a: Slowking|Chilly Reception|[premajor]
|move|p1a: Slowking|Chilly Reception|p1a: Slowking
|-weather|Snowscape
|
|t:|1780918000
|switch|p1a: Alomomola|Alomomola, F|39/100|[from] Chilly Reception
|-damage|p1a: Alomomola|27/100|[from] Stealth Rock
|
|-weather|Snowscape|[upkeep]
|upkeep
|turn|11
|
|t:|1780918004
|switch|p1a: Slowking|Slowking-Galar, M|92/100
|-damage|p1a: Slowking|80/100|[from] Stealth Rock
|move|p2a: Iron Treads|Earth Power|p1a: Slowking
|-supereffective|p1a: Slowking
|-damage|p1a: Slowking|37/100
|
|-weather|Snowscape|[upkeep]
|-heal|p1a: Slowking|43/100|[from] item: Black Sludge
|upkeep
|turn|12
|
|t:|1780918011
|move|p2a: Iron Treads|Earth Power|p1a: Slowking
|-supereffective|p1a: Slowking
|-damage|p1a: Slowking|0 fnt
|faint|p1a: Slowking
|
|-weather|Snowscape|[upkeep]
|upkeep
|
|t:|1780918012
|switch|p1a: Mamoswine|Mamoswine, M|100/100
|-damage|p1a: Mamoswine|88/100|[from] Stealth Rock
|turn|13
|j| Tbccc15
|
|t:|1780918019
|move|p2a: Iron Treads|Steel Beam|p1a: Mamoswine
|-supereffective|p1a: Mamoswine
|-damage|p1a: Mamoswine|0 fnt
|-damage|p2a: Iron Treads|26/100|[from] steelbeam
|faint|p1a: Mamoswine
|
|-weather|Snowscape|[upkeep]
|upkeep
|
|t:|1780918024
|switch|p1a: Alomomola|Alomomola, F|60/100
|-damage|p1a: Alomomola|48/100|[from] Stealth Rock
|turn|14
|
|t:|1780918028
|move|p2a: Iron Treads|Earth Power|p1a: Alomomola
|-damage|p1a: Alomomola|9/100
|move|p1a: Alomomola|Flip Turn|p2a: Iron Treads
|-supereffective|p2a: Iron Treads
|-damage|p2a: Iron Treads|0 fnt
|faint|p2a: Iron Treads
|-end|p2a: Iron Treads|Quark Drive|[silent]
|
|t:|1780918030
|switch|p1a: Gholdengo|Gholdengo, shiny|100/100|[from] Flip Turn
|-damage|p1a: Gholdengo|94/100|[from] Stealth Rock
|
|-weather|none
|upkeep
|
|t:|1780918034
|switch|p2a: Barraskewda|Barraskewda, F|100/100
|turn|15
|
|t:|1780918041
|switch|p1a: Alomomola|Alomomola, F|43/100
|-damage|p1a: Alomomola|30/100|[from] Stealth Rock
|move|p2a: Barraskewda|Liquidation|p1a: Alomomola
|-resisted|p1a: Alomomola
|-damage|p1a: Alomomola|15/100
|
|upkeep
|turn|16
|-message|tuanquewang forfeited.
|
|win|TwinkleLittleStars
|raw|tuanquewang's rating: 1681 &rarr; <strong>1662</strong><br />(-19 for losing)
|raw|TwinkleLittleStars's rating: 1703 &rarr; <strong>1722</strong><br />(+19 for winning)
|l|☆tuanquewang
|player|p1|
|l|☆TwinkleLittleStars
|player|p2|
|l| WANG QIU'ER
