|j|☆huilaoshi1111
|j|☆erjuanzas
|t:|1781099714
|gametype|singles
|player|p1|huilaoshi1111|266|1513
|player|p2|erjuanzas|linebacker|1545
|gen|9
|tier|[Gen 9] OU
|rated|
|rule|HP Percentage Mod: HP is shown in percentages
|rule|Endless Battle Clause: Forcing endless battles is banned
|rule|Species Clause: Limit one of each Pokémon
|rule|OHKO Clause: OHKO moves are banned
|rule|Evasion Items Clause: Evasion items are banned
|rule|Evasion Moves Clause: Evasion moves are banned
|rule|Evasion Abilities Clause: Evasion abilities are banned
|rule|Sleep Moves Clause: Sleep-inducing moves are banned
|clearpoke
|poke|p1|Mienshao, F|
|poke|p1|Blissey, F|
|poke|p1|Slowbro, F|
|poke|p1|Krookodile, M|
|poke|p1|Talonflame, M|
|poke|p1|Zoroark-Hisui, M|
|poke|p2|Pelipper, F|
|poke|p2|Overqwil, F|
|poke|p2|Barraskewda, F|
|poke|p2|Raging Bolt|
|poke|p2|Iron Treads|
|poke|p2|Kingambit, M|
|teampreview
|inactive|Battle timer is ON: inactive players will automatically lose when time's up. (requested by erjuanzas)
|
|t:|1781099754
|teamsize|p1|6
|teamsize|p2|6
|start
|switch|p1a: Mienshao|Mienshao, F|100/100
|switch|p2a: Pelipas|Pelipper, F, shiny|100/100
|-weather|RainDance|[from] ability: Drizzle|[of] p2a: Pelipas
|turn|1
|
|t:|1781099762
|move|p1a: Mienshao|Knock Off|p2a: Pelipas
|-damage|p2a: Pelipas|71/100
|-enditem|p2a: Pelipas|Damp Rock|[from] move: Knock Off|[of] p1a: Mienshao
|move|p2a: Pelipas|U-turn|p1a: Mienshao
|-resisted|p1a: Mienshao
|-damage|p1a: Mienshao|91/100
|
|t:|1781099770
|switch|p2a: La Cabra|Barraskewda, F|100/100|[from] U-turn
|
|-weather|RainDance|[upkeep]
|upkeep
|turn|2
|
|t:|1781099775
|switch|p1a: Slowbro|Slowbro, F|100/100
|move|p2a: La Cabra|Flip Turn|p1a: Slowbro
|-resisted|p1a: Slowbro
|-damage|p1a: Slowbro|80/100
|
|t:|1781099779
|switch|p2a: Raging Bolt|Raging Bolt|100/100|[from] Flip Turn
|-enditem|p2a: Raging Bolt|Booster Energy
|-activate|p2a: Raging Bolt|ability: Protosynthesis|[fromitem]
|-start|p2a: Raging Bolt|protosynthesisspa
|
|-weather|RainDance|[upkeep]
|upkeep
|turn|3
|
|t:|1781099784
|switch|p1a: Blissey|Blissey, F|100/100
|move|p2a: Raging Bolt|Weather Ball|p1a: Blissey
|-damage|p1a: Blissey|76/100
|
|-weather|RainDance|[upkeep]
|upkeep
|turn|4
|
|t:|1781099792
|move|p2a: Raging Bolt|Thunder|p1a: Blissey
|-damage|p1a: Blissey|52/100
|move|p1a: Blissey|Stealth Rock|p2a: Raging Bolt
|-sidestart|p2: erjuanzas|move: Stealth Rock
|
|-weather|RainDance|[upkeep]
|upkeep
|turn|5
|
|t:|1781099798
|move|p2a: Raging Bolt|Thunder|p1a: Blissey
|-damage|p1a: Blissey|24/100
|move|p1a: Blissey|Soft-Boiled|p1a: Blissey
|-heal|p1a: Blissey|74/100
|
|-weather|RainDance|[upkeep]
|upkeep
|turn|6
|
|t:|1781099803
|move|p2a: Raging Bolt|Thunder|p1a: Blissey
|-damage|p1a: Blissey|46/100
|move|p1a: Blissey|Soft-Boiled|p1a: Blissey
|-heal|p1a: Blissey|96/100
|
|-weather|RainDance|[upkeep]
|upkeep
|turn|7
|
|t:|1781099809
|move|p2a: Raging Bolt|Thunder|p1a: Blissey
|-damage|p1a: Blissey|71/100
|move|p1a: Blissey|Seismic Toss|p2a: Raging Bolt
|-damage|p2a: Raging Bolt|77/100
|
|-weather|RainDance|[upkeep]
|upkeep
|turn|8
|
|t:|1781099819
|-end|p2a: Raging Bolt|Protosynthesis|[silent]
|switch|p2a: Iron Treads|Iron Treads|100/100
|-damage|p2a: Iron Treads|97/100|[from] Stealth Rock
|-enditem|p2a: Iron Treads|Booster Energy
|-activate|p2a: Iron Treads|ability: Quark Drive|[fromitem]
|-start|p2a: Iron Treads|quarkdrivespe
|move|p1a: Blissey|Soft-Boiled|p1a: Blissey
|-heal|p1a: Blissey|100/100
|
|-weather|none
|upkeep
|turn|9
|
|t:|1781099827
|switch|p1a: Mienshao|Mienshao, F|100/100
|move|p2a: Iron Treads|Stealth Rock|p1a: Mienshao
|-sidestart|p1: huilaoshi1111|move: Stealth Rock
|
|upkeep
|turn|10
|
|t:|1781099834
|move|p2a: Iron Treads|Earth Power|p1a: Mienshao
|-damage|p1a: Mienshao|32/100
|move|p1a: Mienshao|Close Combat|p2a: Iron Treads
|-supereffective|p2a: Iron Treads
|-damage|p2a: Iron Treads|0 fnt
|-unboost|p1a: Mienshao|def|1
|-unboost|p1a: Mienshao|spd|1
|faint|p2a: Iron Treads
|-end|p2a: Iron Treads|Quark Drive|[silent]
|
|upkeep
|
|t:|1781099845
|switch|p2a: La Cabra|Barraskewda, F|100/100
|-damage|p2a: La Cabra|88/100|[from] Stealth Rock
|turn|11
|
|t:|1781099858
|-terastallize|p1a: Mienshao|Fighting
|move|p1a: Mienshao|Close Combat|p2a: La Cabra
|-damage|p2a: La Cabra|0 fnt
|-unboost|p1a: Mienshao|def|1
|-unboost|p1a: Mienshao|spd|1
|faint|p2a: La Cabra
|
|upkeep
|
|t:|1781099865
|switch|p2a: Pelipas|Pelipper, F, shiny|71/100
|-damage|p2a: Pelipas|46/100|[from] Stealth Rock
|-weather|RainDance|[from] ability: Drizzle|[of] p2a: Pelipas
|turn|12
|
|t:|1781099874
|switch|p1a: Slowbro|Slowbro, F|100/100
|-damage|p1a: Slowbro|88/100|[from] Stealth Rock
|move|p2a: Pelipas|Roost|p2a: Pelipas
|-heal|p2a: Pelipas|96/100
|-singleturn|p2a: Pelipas|move: Roost
|
|-weather|RainDance|[upkeep]
|upkeep
|turn|13
|
|t:|1781099881
|move|p2a: Pelipas|U-turn|p1a: Slowbro
|-supereffective|p1a: Slowbro
|-damage|p1a: Slowbro|76/100
|
|t:|1781099883
|switch|p2a: Overqwil|Overqwil, F|100/100|[from] U-turn
|-damage|p2a: Overqwil|88/100|[from] Stealth Rock
|move|p1a: Slowbro|Future Sight|p2a: Overqwil
|-start|p1a: Slowbro|move: Future Sight
|
|-weather|RainDance|[upkeep]
|upkeep
|turn|14
|
|t:|1781099893
|move|p2a: Overqwil|Swords Dance|p2a: Overqwil
|-boost|p2a: Overqwil|atk|2
|move|p1a: Slowbro|Scald|p2a: Overqwil
|-damage|p2a: Overqwil|28/100
|
|-weather|RainDance|[upkeep]
|upkeep
|turn|15
|
|t:|1781099907
|switch|p1a: Talonflame|Talonflame, M|100/100
|move|p2a: Overqwil|Crunch|p1a: Talonflame
|-damage|p1a: Talonflame|0 fnt
|faint|p1a: Talonflame
|-damage|p2a: Overqwil|19/100|[from] item: Life Orb
|
|-weather|RainDance|[upkeep]
|-end|p2a: Overqwil|move: Future Sight
|-immune|p2a: Overqwil
|upkeep
|
|t:|1781099923
|switch|p1a: Krookodile|Krookodile, M|100/100
|-damage|p1a: Krookodile|94/100|[from] Stealth Rock
|-ability|p1a: Krookodile|Intimidate|boost
|-unboost|p2a: Overqwil|atk|1
|turn|16
|
|t:|1781099929
|switch|p1a: Slowbro|Slowbro, F|100/100
|-damage|p1a: Slowbro|88/100|[from] Stealth Rock
|move|p2a: Overqwil|Liquidation|p1a: Slowbro
|-resisted|p1a: Slowbro
|-damage|p1a: Slowbro|61/100
|-unboost|p1a: Slowbro|def|1
|-damage|p2a: Overqwil|9/100|[from] item: Life Orb
|
|-weather|none
|upkeep
|turn|17
|
|t:|1781099942
|switch|p1a: Krookodile|Krookodile, M|94/100
|-damage|p1a: Krookodile|88/100|[from] Stealth Rock
|-ability|p1a: Krookodile|Intimidate|boost
|-unboost|p2a: Overqwil|atk|1
|move|p2a: Overqwil|Crunch|p1a: Krookodile
|-resisted|p1a: Krookodile
|-damage|p1a: Krookodile|58/100
|-damage|p2a: Overqwil|0 fnt|[from] item: Life Orb
|faint|p2a: Overqwil
|
|upkeep
|-message|erjuanzas forfeited.
|
|win|huilaoshi1111
|raw|huilaoshi1111's rating: 1513 &rarr; <strong>1535</strong><br />(+22 for winning)
|raw|erjuanzas's rating: 1545 &rarr; <strong>1523</strong><br />(-22 for losing)
|l|☆erjuanzas
|player|p2|
