|j|☆waynegoobey
|j|☆Mysterious Soop
|t:|1781260310
|gametype|singles
|player|p1|waynegoobey|benga|1618
|player|p2|Mysterious Soop|266|1595
|gen|9
|tier|[Gen 9] OU
|rated|
|rule|HP Percentage Mod: HP is shown in percentages
|rule|Endless Battle Clause: Forcing endless battles is banned
|rule|Species Clause: Limit one of each Pokémon
|rule|OHKO Clause: OHKO moves are banned
|rule|Evasion Items Clause: Evasion items are banned
|rule|Evasion Moves Clause: Evasion moves are banned
|rule|Evasion Abilities Clause: Evasion abilities are banned
|rule|Sleep Moves Clause: Sleep-inducing moves are banned
|clearpoke
|poke|p1|Hatterene, F|
|poke|p1|Kingambit, F|
|poke|p1|Moltres|
|poke|p1|Ursaluna, M|
|poke|p1|Ogerpon-Wellspring, F|
|poke|p1|Maushold-Four|
|poke|p2|Excadrill, M|
|poke|p2|Tyranitar, F|
|poke|p2|Hydrapple, M|
|poke|p2|Gholdengo|
|poke|p2|Alomomola, M|
|poke|p2|Hatterene, F|
|teampreview
|inactive|Battle timer is ON: inactive players will automatically lose when time's up. (requested by waynegoobey)
|
|t:|1781260327
|teamsize|p1|6
|teamsize|p2|6
|start
|switch|p1a: Ogerpon|Ogerpon-Wellspring, F|100/100
|switch|p2a: Tyranitar|Tyranitar, F|100/100
|-weather|Sandstorm|[from] ability: Sand Stream|[of] p2a: Tyranitar
|turn|1
|
|t:|1781260336
|move|p1a: Ogerpon|Ivy Cudgel|p2a: Tyranitar|[anim] Ivy Cudgel Water
|-supereffective|p2a: Tyranitar
|-damage|p2a: Tyranitar|5/100
|move|p2a: Tyranitar|Stone Edge|p1a: Ogerpon
|-damage|p1a: Ogerpon|0 fnt
|faint|p1a: Ogerpon
|
|-weather|Sandstorm|[upkeep]
|upkeep
|
|t:|1781260350
|switch|p1a: Ursaluna|Ursaluna, M|100/100
|turn|2
|
|t:|1781260365
|switch|p2a: Hydrapple|Hydrapple, M|100/100
|move|p1a: Ursaluna|Swords Dance|p1a: Ursaluna
|-boost|p1a: Ursaluna|atk|2
|
|-weather|Sandstorm|[upkeep]
|-damage|p2a: Hydrapple|94/100|[from] Sandstorm
|-status|p1a: Ursaluna|brn|[from] item: Flame Orb
|upkeep
|turn|3
|
|t:|1781260373
|move|p1a: Ursaluna|Facade|p2a: Hydrapple
|-damage|p2a: Hydrapple|0 fnt
|faint|p2a: Hydrapple
|
|-weather|Sandstorm|[upkeep]
|-damage|p1a: Ursaluna|94/100 brn|[from] brn
|upkeep
|inactive|Mysterious Soop has 120 seconds left.
|
|t:|1781260405
|switch|p2a: Tyranitar|Tyranitar, F|5/100
|turn|4
|
|t:|1781260416
|switch|p1a: Moltres|Moltres|100/100
|move|p2a: Tyranitar|Ice Punch|p1a: Moltres
|-damage|p1a: Moltres|71/100
|-status|p2a: Tyranitar|brn|[from] ability: Flame Body|[of] p1a: Moltres
|
|-weather|Sandstorm|[upkeep]
|-damage|p1a: Moltres|65/100|[from] Sandstorm
|-damage|p2a: Tyranitar|0 fnt|[from] brn
|faint|p2a: Tyranitar
|upkeep
|
|t:|1781260423
|switch|p2a: Alomomola|Alomomola, M|100/100
|turn|5
|
|t:|1781260437
|move|p1a: Moltres|Roost|p1a: Moltres
|-heal|p1a: Moltres|100/100
|-singleturn|p1a: Moltres|move: Roost
|move|p2a: Alomomola|Flip Turn|p1a: Moltres
|-supereffective|p1a: Moltres
|-damage|p1a: Moltres|80/100
|
|t:|1781260451
|switch|p2a: Gholdengo|Gholdengo|100/100|[from] Flip Turn
|
|-weather|none
|upkeep
|turn|6
|
|t:|1781260456
|switch|p2a: Alomomola|Alomomola, M|100/100
|move|p1a: Moltres|Flamethrower|p2a: Alomomola
|-resisted|p2a: Alomomola
|-damage|p2a: Alomomola|79/100
|
|upkeep
|turn|7
|
|t:|1781260461
|move|p1a: Moltres|Will-O-Wisp|p2a: Alomomola
|-status|p2a: Alomomola|brn
|move|p2a: Alomomola|Flip Turn|p1a: Moltres
|-supereffective|p1a: Moltres
|-damage|p1a: Moltres|68/100
|
|t:|1781260467
|switch|p2a: Gholdengo|Gholdengo|100/100|[from] Flip Turn
|
|upkeep
|turn|8
|
|t:|1781260470
|move|p2a: Gholdengo|Shadow Ball|p1a: Moltres
|-damage|p1a: Moltres|27/100
|-unboost|p1a: Moltres|spd|1
|move|p1a: Moltres|Flamethrower|p2a: Gholdengo
|-supereffective|p2a: Gholdengo
|-damage|p2a: Gholdengo|14/100
|
|upkeep
|turn|9
|
|t:|1781260478
|switch|p1a: Kingambit|Kingambit, F|100/100
|-activate|p1a: Kingambit|ability: Supreme Overlord
|-start|p1a: Kingambit|fallen1|[silent]
|move|p2a: Gholdengo|Shadow Ball|p1a: Kingambit
|-resisted|p1a: Kingambit
|-damage|p1a: Kingambit|79/100
|
|upkeep
|turn|10
|
|t:|1781260488
|switch|p2a: Excadrill|Excadrill, M|100/100
|-end|p1a: Kingambit|fallen1|[silent]
|switch|p1a: Moltres|Moltres|27/100
|
|upkeep
|turn|11
|
|t:|1781260506
|-terastallize|p2a: Excadrill|Ground
|move|p2a: Excadrill|Swords Dance|p2a: Excadrill
|-boost|p2a: Excadrill|atk|2
|move|p1a: Moltres|Roost|p1a: Moltres
|-heal|p1a: Moltres|77/100
|-singleturn|p1a: Moltres|move: Roost
|
|upkeep
|turn|12
|
|t:|1781260520
|move|p2a: Excadrill|Iron Head|p1a: Moltres
|-resisted|p1a: Moltres
|-damage|p1a: Moltres|45/100
|move|p1a: Moltres|Will-O-Wisp|p2a: Excadrill|[miss]
|-miss|p1a: Moltres|p2a: Excadrill
|
|upkeep
|turn|13
|
|t:|1781260528
|move|p2a: Excadrill|Rapid Spin|p1a: Moltres
|-damage|p1a: Moltres|16/100
|-boost|p2a: Excadrill|spe|1
|move|p1a: Moltres|Will-O-Wisp|p2a: Excadrill|[miss]
|-miss|p1a: Moltres|p2a: Excadrill
|
|upkeep
|turn|14
|
|t:|1781260534
|move|p2a: Excadrill|Rapid Spin|p1a: Moltres
|-damage|p1a: Moltres|0 fnt
|-boost|p2a: Excadrill|spe|1
|faint|p1a: Moltres
|
|upkeep
|c|☆Mysterious Soop|holy shit
|inactive|waynegoobey has 120 seconds left.
|c|☆waynegoobey|great game
|
|t:|1781260582
|switch|p1a: Maushold|Maushold-Four|100/100
|turn|15
|
|t:|1781260587
|move|p2a: Excadrill|Earthquake|p1a: Maushold
|-damage|p1a: Maushold|0 fnt
|faint|p1a: Maushold
|
|upkeep
|
|t:|1781260594
|switch|p1a: Kingambit|Kingambit, F|79/100
|-activate|p1a: Kingambit|ability: Supreme Overlord
|-start|p1a: Kingambit|fallen3|[silent]
|turn|16
|inactive|waynegoobey has 120 seconds left.
|
|t:|1781260603
|-terastallize|p1a: Kingambit|Dark
|move|p1a: Kingambit|Sucker Punch|p2a: Excadrill
|-damage|p2a: Excadrill|0 fnt
|faint|p2a: Excadrill
|
|upkeep
|
|t:|1781260627
|switch|p2a: Gholdengo|Gholdengo|14/100
|turn|17
|
|t:|1781260634
|move|p2a: Gholdengo|Trick|p1a: Kingambit
|-activate|p2a: Gholdengo|move: Trick|[of] p1a: Kingambit
|-item|p1a: Kingambit|Choice Scarf|[from] move: Trick
|-item|p2a: Gholdengo|Black Glasses|[from] move: Trick
|move|p1a: Kingambit|Kowtow Cleave|p2a: Gholdengo
|-supereffective|p2a: Gholdengo
|-damage|p2a: Gholdengo|0 fnt
|faint|p2a: Gholdengo
|
|upkeep
|
|t:|1781260639
|switch|p2a: Alomomola|Alomomola, M|100/100 brn
|turn|18
|
|t:|1781260648
|-end|p1a: Kingambit|fallen3|[silent]
|switch|p1a: Hatterene|Hatterene, F|100/100
|move|p2a: Alomomola|Flip Turn|p1a: Hatterene
|-damage|p1a: Hatterene|91/100
|
|t:|1781260652
|switch|p2a: Hatterene|Hatterene, F|100/100|[from] Flip Turn
|
|upkeep
|turn|19
|
|t:|1781260655
|switch|p1a: Ursaluna|Ursaluna, M|94/100 brn
|move|p2a: Hatterene|Nuzzle|p1a: Ursaluna
|-immune|p1a: Ursaluna
|
|-damage|p1a: Ursaluna|88/100 brn|[from] brn
|upkeep
|turn|20
|-message|Mysterious Soop forfeited.
|
|win|waynegoobey
|raw|waynegoobey's rating: 1618 &rarr; <strong>1637</strong><br />(+19 for winning)
|raw|Mysterious Soop's rating: 1595 &rarr; <strong>1576</strong><br />(-19 for losing)
|l|☆Mysterious Soop
|player|p2|
|l|☆waynegoobey
|player|p1|
