|j|☆CassiusAuBellossom
|j|☆LowEL0God
|t:|1781533750
|gametype|singles
|player|p1|CassiusAuBellossom|102|1526
|player|p2|LowEL0God|265|1561
|gen|9
|tier|[Gen 9] OU
|rated|
|rule|HP Percentage Mod: HP is shown in percentages
|rule|Endless Battle Clause: Forcing endless battles is banned
|rule|Species Clause: Limit one of each Pokémon
|rule|OHKO Clause: OHKO moves are banned
|rule|Evasion Items Clause: Evasion items are banned
|rule|Evasion Moves Clause: Evasion moves are banned
|rule|Evasion Abilities Clause: Evasion abilities are banned
|rule|Sleep Moves Clause: Sleep-inducing moves are banned
|clearpoke
|poke|p1|Pelipper, F|
|poke|p1|Beartic, F|
|poke|p1|Barraskewda, F|
|poke|p1|Zapdos|
|poke|p1|Ogerpon-Wellspring, F|
|poke|p1|Hatterene, F|
|poke|p2|Pelipper, M|
|poke|p2|Raging Bolt|
|poke|p2|Overqwil, M|
|poke|p2|Barraskewda, F|
|poke|p2|Iron Treads|
|poke|p2|Kingambit, M|
|teampreview
|c|☆LowEL0God|hf
|inactive|Battle timer is ON: inactive players will automatically lose when time's up. (requested by LowEL0God)
|
|t:|1781533775
|teamsize|p1|6
|teamsize|p2|6
|start
|switch|p1a: Armin|Pelipper, F|100/100
|switch|p2a: Raging Bolt|Raging Bolt|100/100
|-weather|RainDance|[from] ability: Drizzle|[of] p1a: Armin
|-enditem|p2a: Raging Bolt|Booster Energy
|-activate|p2a: Raging Bolt|ability: Protosynthesis|[fromitem]
|-start|p2a: Raging Bolt|protosynthesisspa
|turn|1
|
|t:|1781533785
|switch|p1a: Annie|Hatterene, F|100/100
|move|p2a: Raging Bolt|Thunder|p1a: Annie
|-damage|p1a: Annie|12/100
|-status|p1a: Annie|par
|-enditem|p1a: Annie|Eject Button
|
|t:|1781533792
|switch|p1a: Eren|Beartic, F|100/100
|
|-weather|RainDance|[upkeep]
|upkeep
|turn|2
|
|t:|1781533798
|move|p1a: Eren|Icicle Spear|p2a: Raging Bolt
|-supereffective|p2a: Raging Bolt
|-damage|p2a: Raging Bolt|77/100
|-supereffective|p2a: Raging Bolt
|-damage|p2a: Raging Bolt|53/100
|-supereffective|p2a: Raging Bolt
|-damage|p2a: Raging Bolt|29/100
|-supereffective|p2a: Raging Bolt
|-damage|p2a: Raging Bolt|5/100
|-supereffective|p2a: Raging Bolt
|-damage|p2a: Raging Bolt|0 fnt
|faint|p2a: Raging Bolt
|-end|p2a: Raging Bolt|Protosynthesis|[silent]
|-hitcount|p2: Raging Bolt|5
|
|-weather|RainDance|[upkeep]
|upkeep
|
|t:|1781533800
|switch|p2a: Barraskewda|Barraskewda, F|100/100
|turn|3
|
|t:|1781533813
|-terastallize|p1a: Eren|Grass
|move|p2a: Barraskewda|Close Combat|p1a: Eren
|-damage|p1a: Eren|22/100
|-unboost|p2a: Barraskewda|def|1
|-unboost|p2a: Barraskewda|spd|1
|move|p1a: Eren|Trailblaze|p2a: Barraskewda
|-supereffective|p2a: Barraskewda
|-damage|p2a: Barraskewda|0 fnt
|-boost|p1a: Eren|spe|1
|faint|p2a: Barraskewda
|
|-weather|RainDance|[upkeep]
|upkeep
|
|t:|1781533815
|switch|p2a: Overqwil|Overqwil, M|100/100
|turn|4
|
|t:|1781533829
|move|p1a: Eren|Earthquake|p2a: Overqwil
|-supereffective|p2a: Overqwil
|-damage|p2a: Overqwil|11/100
|move|p2a: Overqwil|Crunch|p1a: Eren
|-damage|p1a: Eren|0 fnt
|faint|p1a: Eren
|-damage|p2a: Overqwil|1/100|[from] item: Life Orb
|
|-weather|RainDance|[upkeep]
|upkeep
|
|t:|1781533838
|switch|p1a: Levi|Barraskewda, F|100/100
|turn|5
|
|t:|1781533843
|move|p1a: Levi|Liquidation|p2a: Overqwil
|-damage|p2a: Overqwil|0 fnt
|faint|p2a: Overqwil
|
|-weather|RainDance|[upkeep]
|upkeep
|
|t:|1781533845
|switch|p2a: Kingambit|Kingambit, M|100/100
|-activate|p2a: Kingambit|ability: Supreme Overlord
|-start|p2a: Kingambit|fallen3|[silent]
|turn|6
|inactive|CassiusAuBellossom has 120 seconds left.
|
|t:|1781533892
|switch|p1a: Mikasa|Ogerpon-Wellspring, F|100/100
|move|p2a: Kingambit|Sucker Punch||[still]
|-fail|p2a: Kingambit
|
|-weather|RainDance|[upkeep]
|upkeep
|turn|7
|j| hgghgbc
|
|t:|1781533899
|move|p1a: Mikasa|Encore|p2a: Kingambit
|-start|p2a: Kingambit|Encore
|move|p2a: Kingambit|Sucker Punch||[still]
|-fail|p2a: Kingambit
|
|-weather|RainDance|[upkeep]
|upkeep
|turn|8
|
|t:|1781533919
|-end|p2a: Kingambit|fallen3|[silent]
|switch|p2a: Pelipper|Pelipper, M|100/100
|move|p1a: Mikasa|Ivy Cudgel|p2a: Pelipper|[anim] Ivy Cudgel Water
|-resisted|p2a: Pelipper
|-crit|p2a: Pelipper
|-damage|p2a: Pelipper|46/100
|
|-weather|none
|upkeep
|turn|9
|
|t:|1781533927
|switch|p1a: Armin|Pelipper, F|100/100
|-weather|RainDance|[from] ability: Drizzle|[of] p1a: Armin
|switch|p2a: Kingambit|Kingambit, M|100/100
|-activate|p2a: Kingambit|ability: Supreme Overlord
|-start|p2a: Kingambit|fallen3|[silent]
|
|-weather|RainDance|[upkeep]
|upkeep
|turn|10
|
|t:|1781533937
|move|p2a: Kingambit|Swords Dance|p2a: Kingambit
|-boost|p2a: Kingambit|atk|2
|move|p1a: Armin|U-turn|p2a: Kingambit
|-crit|p2a: Kingambit
|-damage|p2a: Kingambit|90/100
|
|t:|1781533943
|switch|p1a: Mikasa|Ogerpon-Wellspring, F|100/100|[from] U-turn
|
|-weather|RainDance|[upkeep]
|-heal|p2a: Kingambit|96/100|[from] item: Leftovers
|upkeep
|turn|11
|inactive|CassiusAuBellossom has 120 seconds left.
|
|t:|1781533949
|move|p2a: Kingambit|Sucker Punch||[still]
|-fail|p2a: Kingambit
|move|p1a: Mikasa|Encore|p2a: Kingambit
|-start|p2a: Kingambit|Encore
|
|-weather|RainDance|[upkeep]
|-heal|p2a: Kingambit|100/100|[from] item: Leftovers
|upkeep
|turn|12
|inactive|CassiusAuBellossom has 120 seconds left.
|
|t:|1781533960
|switch|p1a: Zeke|Zapdos|100/100
|move|p2a: Kingambit|Sucker Punch||[still]
|-fail|p2a: Kingambit
|
|-weather|RainDance|[upkeep]
|upkeep
|turn|13
|
|t:|1781533967
|switch|p1a: Mikasa|Ogerpon-Wellspring, F|100/100
|move|p2a: Kingambit|Sucker Punch||[still]
|-fail|p2a: Kingambit
|
|-weather|RainDance|[upkeep]
|upkeep
|turn|14
|
|t:|1781533974
|move|p2a: Kingambit|Sucker Punch||[still]
|-fail|p2a: Kingambit
|move|p1a: Mikasa|Encore||[still]
|-fail|p1a: Mikasa
|
|-weather|RainDance|[upkeep]
|-end|p2a: Kingambit|Encore
|upkeep
|turn|15
|
|t:|1781533982
|-end|p2a: Kingambit|fallen3|[silent]
|switch|p2a: Pelipper|Pelipper, M|46/100
|move|p1a: Mikasa|Encore||[still]
|-fail|p1a: Mikasa
|
|-weather|RainDance|[upkeep]
|upkeep
|turn|16
|
|t:|1781533989
|move|p1a: Mikasa|Power Whip|p2a: Pelipper
|-damage|p2a: Pelipper|0 fnt
|faint|p2a: Pelipper
|
|-weather|none
|upkeep
|
|t:|1781533989
|switch|p2a: Kingambit|Kingambit, M|100/100
|-activate|p2a: Kingambit|ability: Supreme Overlord
|-start|p2a: Kingambit|fallen4|[silent]
|turn|17
|
|t:|1781533998
|switch|p1a: Armin|Pelipper, F|100/100
|-weather|RainDance|[from] ability: Drizzle|[of] p1a: Armin
|move|p2a: Kingambit|Kowtow Cleave|p1a: Armin
|-damage|p1a: Armin|44/100
|
|-weather|RainDance|[upkeep]
|upkeep
|turn|18
|
|t:|1781534009
|switch|p1a: Zeke|Zapdos|100/100
|move|p2a: Kingambit|Swords Dance|p2a: Kingambit
|-boost|p2a: Kingambit|atk|2
|
|-weather|RainDance|[upkeep]
|upkeep
|turn|19
|
|t:|1781534016
|move|p1a: Zeke|Thunder|p2a: Kingambit
|-damage|p2a: Kingambit|50/100
|move|p2a: Kingambit|Kowtow Cleave|p1a: Zeke
|-damage|p1a: Zeke|0 fnt
|faint|p1a: Zeke
|
|-weather|RainDance|[upkeep]
|-heal|p2a: Kingambit|57/100|[from] item: Leftovers
|upkeep
|
|t:|1781534031
|switch|p1a: Armin|Pelipper, F|44/100
|turn|20
|
|t:|1781534035
|switch|p1a: Annie|Hatterene, F|12/100 par
|move|p2a: Kingambit|Kowtow Cleave|p1a: Annie
|-damage|p1a: Annie|0 fnt
|faint|p1a: Annie
|
|-weather|RainDance|[upkeep]
|-heal|p2a: Kingambit|63/100|[from] item: Leftovers
|upkeep
|
|t:|1781534045
|switch|p1a: Mikasa|Ogerpon-Wellspring, F|100/100
|turn|21
|
|t:|1781534050
|move|p1a: Mikasa|Ivy Cudgel|p2a: Kingambit|[anim] Ivy Cudgel Water
|-crit|p2a: Kingambit
|-damage|p2a: Kingambit|0 fnt
|faint|p2a: Kingambit
|-end|p2a: Kingambit|fallen4|[silent]
|
|-weather|RainDance|[upkeep]
|upkeep
|
|t:|1781534051
|switch|p2a: Iron Treads|Iron Treads|100/100
|-enditem|p2a: Iron Treads|Booster Energy
|-activate|p2a: Iron Treads|ability: Quark Drive|[fromitem]
|-start|p2a: Iron Treads|quarkdrivespe
|turn|22
|
|t:|1781534061
|-terastallize|p2a: Iron Treads|Ghost
|move|p2a: Iron Treads|Earth Power|p1a: Mikasa
|-resisted|p1a: Mikasa
|-damage|p1a: Mikasa|81/100
|move|p1a: Mikasa|Ivy Cudgel|p2a: Iron Treads|[anim] Ivy Cudgel Water
|-damage|p2a: Iron Treads|17/100
|
|-weather|RainDance|[upkeep]
|upkeep
|turn|23
|
|t:|1781534071
|move|p2a: Iron Treads|Rapid Spin|p1a: Mikasa
|-damage|p1a: Mikasa|68/100
|-boost|p2a: Iron Treads|spe|1
|move|p1a: Mikasa|Ivy Cudgel|p2a: Iron Treads|[anim] Ivy Cudgel Water
|-damage|p2a: Iron Treads|0 fnt
|faint|p2a: Iron Treads
|-end|p2a: Iron Treads|Quark Drive|[silent]
|
|win|CassiusAuBellossom
|raw|CassiusAuBellossom's rating: 1526 &rarr; <strong>1548</strong><br />(+22 for winning)
|raw|LowEL0God's rating: 1561 &rarr; <strong>1539</strong><br />(-22 for losing)
|c|☆CassiusAuBellossom|Gg
|c|☆LowEL0God|gg
|l|☆LowEL0God
|player|p2|
|l|☆CassiusAuBellossom
|player|p1|
|j|☆CassiusAuBellossom
|player|p1|CassiusAuBellossom|102|
|l|☆CassiusAuBellossom
|player|p1|
|j|☆CassiusAuBellossom
|player|p1|CassiusAuBellossom|102|
|l| hgghgbc
