|j|☆Roseofrosarade
|j|☆temporarylight
|t:|1781377346
|gametype|singles
|player|p1|Roseofrosarade|1|1685
|player|p2|temporarylight|jogger|1751
|gen|9
|tier|[Gen 9] OU
|rated|
|rule|HP Percentage Mod: HP is shown in percentages
|rule|Endless Battle Clause: Forcing endless battles is banned
|rule|Species Clause: Limit one of each Pokémon
|rule|OHKO Clause: OHKO moves are banned
|rule|Evasion Items Clause: Evasion items are banned
|rule|Evasion Moves Clause: Evasion moves are banned
|rule|Evasion Abilities Clause: Evasion abilities are banned
|rule|Sleep Moves Clause: Sleep-inducing moves are banned
|clearpoke
|poke|p1|Raging Bolt|
|poke|p1|Ogerpon, F|
|poke|p1|Iron Treads|
|poke|p1|Darkrai|
|poke|p1|Moltres|
|poke|p1|Primarina, F|
|poke|p2|Heatran, M|
|poke|p2|Ogerpon-Wellspring, F|
|poke|p2|Great Tusk|
|poke|p2|Scizor, M|
|poke|p2|Cresselia, F|
|poke|p2|Dragapult, F|
|teampreview
|inactive|Battle timer is ON: inactive players will automatically lose when time's up. (requested by temporarylight)
|
|t:|1781377398
|teamsize|p1|6
|teamsize|p2|6
|start
|switch|p1a: Raging Bolt|Raging Bolt|100/100
|switch|p2a: Ogerpon|Ogerpon-Wellspring, F|100/100
|turn|1
|
|t:|1781377404
|switch|p2a: Great Tusk|Great Tusk|100/100
|-enditem|p2a: Great Tusk|Booster Energy
|-activate|p2a: Great Tusk|ability: Protosynthesis|[fromitem]
|-start|p2a: Great Tusk|protosynthesisatk
|move|p1a: Raging Bolt|Volt Switch|p2a: Great Tusk
|-immune|p2a: Great Tusk
|
|upkeep
|turn|2
|
|t:|1781377426
|-end|p2a: Great Tusk|Protosynthesis|[silent]
|switch|p2a: Heatran|Heatran, M|100/100
|-item|p2a: Heatran|Air Balloon
|-end|p1a: Raging Bolt|Protosynthesis|[silent]
|switch|p1a: Moltres|Moltres|100/100
|
|upkeep
|turn|3
|
|t:|1781377430
|move|p1a: Moltres|U-turn|p2a: Heatran
|-resisted|p2a: Heatran
|-damage|p2a: Heatran|97/100
|-enditem|p2a: Heatran|Air Balloon
|
|t:|1781377432
|switch|p1a: Primarina|Primarina, F|100/100|[from] U-turn
|move|p2a: Heatran|Stealth Rock|p1a: Primarina
|-sidestart|p1: Roseofrosarade|move: Stealth Rock
|
|upkeep
|turn|4
|
|t:|1781377435
|switch|p2a: Ogerpon|Ogerpon-Wellspring, F|100/100
|move|p1a: Primarina|Surf|p2a: Ogerpon
|-immune|p2a: Ogerpon|[from] ability: Water Absorb
|
|upkeep
|turn|5
|
|t:|1781377440
|switch|p1a: Ogerpon|Ogerpon, F|100/100
|-damage|p1a: Ogerpon|88/100|[from] Stealth Rock
|move|p2a: Ogerpon|Power Whip|p1a: Ogerpon|[miss]
|-miss|p2a: Ogerpon|p1a: Ogerpon
|
|upkeep
|turn|6
|
|t:|1781377444
|switch|p2a: Heatran|Heatran, M|97/100
|move|p1a: Ogerpon|U-turn|p2a: Heatran
|-resisted|p2a: Heatran
|-crit|p2a: Heatran
|-damage|p2a: Heatran|87/100
|
|t:|1781377447
|switch|p1a: Primarina|Primarina, F|100/100|[from] U-turn
|-damage|p1a: Primarina|88/100|[from] Stealth Rock
|
|upkeep
|turn|7
|
|t:|1781377459
|switch|p2a: Ogerpon|Ogerpon-Wellspring, F|100/100
|move|p1a: Primarina|Moonblast|p2a: Ogerpon
|-damage|p2a: Ogerpon|38/100
|
|upkeep
|turn|8
|l|☆Roseofrosarade
|inactive|Roseofrosarade disconnected and has a minute to reconnect!
|player|p1|
|j|☆Roseofrosarade
|inactive|Roseofrosarade reconnected and has 130 seconds left.
|player|p1|Roseofrosarade|1|
|
|t:|1781377486
|switch|p1a: Ogerpon|Ogerpon, F|88/100
|-damage|p1a: Ogerpon|76/100|[from] Stealth Rock
|move|p2a: Ogerpon|Power Whip|p1a: Ogerpon
|-resisted|p1a: Ogerpon
|-damage|p1a: Ogerpon|30/100
|
|upkeep
|turn|9
|inactive|temporarylight has 120 seconds left.
|j| hattybatty304
|
|t:|1781377541
|switch|p2a: Heatran|Heatran, M|87/100
|-terastallize|p1a: Ogerpon|Grass
|detailschange|p1a: Ogerpon|Ogerpon-Teal-Tera, F, tera:Grass
|-ability|p1a: Ogerpon|Embody Aspect (Teal)|boost
|-boost|p1a: Ogerpon|spe|1
|move|p1a: Ogerpon|U-turn|p2a: Heatran
|-resisted|p2a: Heatran
|-damage|p2a: Heatran|80/100
|
|t:|1781377549
|switch|p1a: Primarina|Primarina, F|88/100|[from] U-turn
|-damage|p1a: Primarina|76/100|[from] Stealth Rock
|
|upkeep
|turn|10
|l| hattybatty304
|
|t:|1781377554
|move|p1a: Primarina|Surf|p2a: Heatran
|-supereffective|p2a: Heatran
|-damage|p2a: Heatran|16/100
|move|p2a: Heatran|Magma Storm|p1a: Primarina
|-resisted|p1a: Primarina
|-damage|p1a: Primarina|62/100
|-activate|p1a: Primarina|move: Magma Storm|[of] p2a: Heatran
|
|-damage|p1a: Primarina|49/100|[from] move: Magma Storm|[partiallytrapped]
|upkeep
|turn|11
|inactive|temporarylight has 120 seconds left.
|
|t:|1781377561
|move|p2a: Heatran|Will-O-Wisp|p1a: Primarina
|-status|p1a: Primarina|brn
|move|p1a: Primarina|Moonblast|p2a: Heatran
|-resisted|p2a: Heatran
|-damage|p2a: Heatran|7/100
|
|-damage|p1a: Primarina|43/100 brn|[from] brn
|-damage|p1a: Primarina|31/100 brn|[from] move: Magma Storm|[partiallytrapped]
|upkeep
|turn|12
|
|t:|1781377566
|move|p1a: Primarina|Moonblast|p2a: Heatran
|-resisted|p2a: Heatran
|-damage|p2a: Heatran|0 fnt
|faint|p2a: Heatran
|
|-damage|p1a: Primarina|24/100 brn|[from] brn
|-end|p1a: Primarina|Magma Storm|[partiallytrapped]|[silent]
|upkeep
|
|t:|1781377568
|switch|p2a: Ogerpon|Ogerpon-Wellspring, F|38/100
|turn|13
|
|t:|1781377573
|move|p2a: Ogerpon|Ivy Cudgel|p1a: Primarina|[anim] Ivy Cudgel Water
|-resisted|p1a: Primarina
|-damage|p1a: Primarina|0 fnt
|faint|p1a: Primarina
|
|upkeep
|
|t:|1781377575
|switch|p1a: Ogerpon|Ogerpon-Teal-Tera, F, tera:Grass|30/100
|-damage|p1a: Ogerpon|18/100|[from] Stealth Rock
|-ability|p1a: Ogerpon|Embody Aspect (Teal)|boost
|-boost|p1a: Ogerpon|spe|1
|turn|14
|j| hattybatty304
|
|t:|1781377584
|switch|p2a: Dragapult|Dragapult, F|100/100
|move|p1a: Ogerpon|U-turn|p2a: Dragapult
|-resisted|p2a: Dragapult
|-damage|p2a: Dragapult|75/100
|
|t:|1781377589
|switch|p1a: Iron Treads|Iron Treads|100/100|[from] U-turn
|-damage|p1a: Iron Treads|97/100|[from] Stealth Rock
|
|-heal|p1a: Iron Treads|100/100|[from] item: Leftovers
|upkeep
|turn|15
|
|t:|1781377604
|move|p2a: Dragapult|Will-O-Wisp|p1a: Iron Treads
|-status|p1a: Iron Treads|brn
|move|p1a: Iron Treads|Ice Spinner|p2a: Dragapult
|-supereffective|p2a: Dragapult
|-damage|p2a: Dragapult|42/100
|
|-damage|p1a: Iron Treads|94/100 brn|[from] brn
|upkeep
|turn|16
|
|t:|1781377615
|move|p2a: Dragapult|U-turn|p1a: Iron Treads
|-resisted|p1a: Iron Treads
|-damage|p1a: Iron Treads|87/100 brn
|
|t:|1781377624
|switch|p2a: Ogerpon|Ogerpon-Wellspring, F|38/100|[from] U-turn
|move|p1a: Iron Treads|Stealth Rock|p2a: Ogerpon
|-sidestart|p2: temporarylight|move: Stealth Rock
|
|-heal|p1a: Iron Treads|94/100 brn|[from] item: Leftovers
|-damage|p1a: Iron Treads|87/100 brn|[from] brn
|upkeep
|turn|17
|
|t:|1781377629
|move|p2a: Ogerpon|Ivy Cudgel|p1a: Iron Treads|[anim] Ivy Cudgel Water
|-supereffective|p1a: Iron Treads
|-damage|p1a: Iron Treads|1/100 brn
|move|p1a: Iron Treads|Rapid Spin|p2a: Ogerpon
|-damage|p2a: Ogerpon|29/100
|-boost|p1a: Iron Treads|spe|1
|-sideend|p1: Roseofrosarade|Stealth Rock|[from] move: Rapid Spin|[of] p1a: Iron Treads
|
|-heal|p1a: Iron Treads|7/100 brn|[from] item: Leftovers
|-damage|p1a: Iron Treads|1/100 brn|[from] brn
|upkeep
|turn|18
|
|t:|1781377638
|move|p1a: Iron Treads|Ice Spinner|p2a: Ogerpon
|-damage|p2a: Ogerpon|14/100
|move|p2a: Ogerpon|Ivy Cudgel|p1a: Iron Treads|[anim] Ivy Cudgel Water
|-supereffective|p1a: Iron Treads
|-damage|p1a: Iron Treads|0 fnt
|faint|p1a: Iron Treads
|-end|p1a: Iron Treads|Quark Drive|[silent]
|
|upkeep
|
|t:|1781377643
|switch|p1a: Ogerpon|Ogerpon-Teal-Tera, F, tera:Grass|18/100
|-ability|p1a: Ogerpon|Embody Aspect (Teal)|boost
|-boost|p1a: Ogerpon|spe|1
|turn|19
|
|t:|1781377654
|move|p1a: Ogerpon|U-turn|p2a: Ogerpon
|-supereffective|p2a: Ogerpon
|-crit|p2a: Ogerpon
|-damage|p2a: Ogerpon|0 fnt
|faint|p2a: Ogerpon
|
|t:|1781377656
|switch|p1a: Darkrai|Darkrai|100/100|[from] U-turn
|
|upkeep
|
|t:|1781377667
|switch|p2a: Scizor|Scizor, M|100/100
|-damage|p2a: Scizor|88/100|[from] Stealth Rock
|turn|20
|
|t:|1781377672
|switch|p1a: Moltres|Moltres|100/100
|move|p2a: Scizor|Knock Off|p1a: Moltres
|-damage|p1a: Moltres|73/100
|-enditem|p1a: Moltres|Heavy-Duty Boots|[from] move: Knock Off|[of] p2a: Scizor
|
|upkeep
|turn|21
|
|t:|1781377679
|switch|p2a: Dragapult|Dragapult, F|42/100
|move|p1a: Moltres|Flamethrower|p2a: Dragapult
|-resisted|p2a: Dragapult
|-damage|p2a: Dragapult|13/100
|
|upkeep
|turn|22
|
|t:|1781377688
|move|p2a: Dragapult|U-turn|p1a: Moltres
|-resisted|p1a: Moltres
|-damage|p1a: Moltres|70/100
|
|t:|1781377689
|switch|p2a: Cresselia|Cresselia, F, shiny|100/100|[from] U-turn
|-damage|p2a: Cresselia|88/100|[from] Stealth Rock
|move|p1a: Moltres|Roost|p1a: Moltres
|-heal|p1a: Moltres|100/100
|-singleturn|p1a: Moltres|move: Roost
|
|upkeep
|turn|23
|
|t:|1781377695
|move|p2a: Cresselia|Calm Mind|p2a: Cresselia
|-boost|p2a: Cresselia|spa|1
|-boost|p2a: Cresselia|spd|1
|move|p1a: Moltres|U-turn|p2a: Cresselia
|-supereffective|p2a: Cresselia
|-damage|p2a: Cresselia|65/100
|
|t:|1781377700
|switch|p1a: Darkrai|Darkrai|100/100|[from] U-turn
|
|upkeep
|turn|24
|
|t:|1781377705
|switch|p2a: Dragapult|Dragapult, F|13/100
|move|p1a: Darkrai|Will-O-Wisp|p2a: Dragapult|[miss]
|-miss|p1a: Darkrai|p2a: Dragapult
|
|upkeep
|turn|25
|
|t:|1781377712
|move|p2a: Dragapult|Dragon Darts|p1a: Darkrai
|-damage|p1a: Darkrai|72/100
|-anim|p2a: Dragapult|Dragon Darts|p1a: Darkrai
|-damage|p1a: Darkrai|45/100
|move|p1a: Darkrai|Dark Pulse|p2a: Dragapult
|-supereffective|p2a: Dragapult
|-damage|p2a: Dragapult|0 fnt
|faint|p2a: Dragapult
|
|upkeep
|
|t:|1781377718
|switch|p2a: Scizor|Scizor, M|88/100
|-damage|p2a: Scizor|76/100|[from] Stealth Rock
|turn|26
|
|t:|1781377722
|switch|p1a: Moltres|Moltres|100/100
|move|p2a: Scizor|Bullet Punch|p1a: Moltres
|-resisted|p1a: Moltres
|-damage|p1a: Moltres|86/100
|
|upkeep
|turn|27
|
|t:|1781377728
|switch|p2a: Cresselia|Cresselia, F, shiny|65/100
|-damage|p2a: Cresselia|53/100|[from] Stealth Rock
|move|p1a: Moltres|Flamethrower|p2a: Cresselia
|-damage|p2a: Cresselia|24/100
|
|upkeep
|turn|28
|
|t:|1781377736
|move|p2a: Cresselia|Moonlight|p2a: Cresselia
|-heal|p2a: Cresselia|73/100
|move|p1a: Moltres|Flamethrower|p2a: Cresselia
|-damage|p2a: Cresselia|42/100
|
|upkeep
|turn|29
|
|t:|1781377741
|move|p2a: Cresselia|Moonlight|p2a: Cresselia
|-heal|p2a: Cresselia|92/100
|move|p1a: Moltres|U-turn|p2a: Cresselia
|-supereffective|p2a: Cresselia
|-damage|p2a: Cresselia|69/100
|
|t:|1781377743
|switch|p1a: Darkrai|Darkrai|45/100|[from] U-turn
|
|upkeep
|turn|30
|
|t:|1781377751
|-terastallize|p2a: Cresselia|Electric
|move|p1a: Darkrai|Dark Pulse|p2a: Cresselia
|-damage|p2a: Cresselia|37/100
|move|p2a: Cresselia|Calm Mind|p2a: Cresselia
|-boost|p2a: Cresselia|spa|1
|-boost|p2a: Cresselia|spd|1
|
|upkeep
|turn|31
|
|t:|1781377760
|move|p1a: Darkrai|Will-O-Wisp|p2a: Cresselia
|-status|p2a: Cresselia|brn
|-enditem|p2a: Cresselia|Lum Berry|[eat]
|-curestatus|p2a: Cresselia|brn|[msg]
|move|p2a: Cresselia|Moonlight|p2a: Cresselia
|-heal|p2a: Cresselia|87/100
|
|upkeep
|turn|32
|
|t:|1781377771
|switch|p1a: Moltres|Moltres|86/100
|move|p2a: Cresselia|Thunderbolt|p1a: Moltres
|-supereffective|p1a: Moltres
|-damage|p1a: Moltres|0 fnt
|faint|p1a: Moltres
|
|upkeep
|
|t:|1781377778
|switch|p1a: Ogerpon|Ogerpon-Teal-Tera, F, tera:Grass|18/100
|-ability|p1a: Ogerpon|Embody Aspect (Teal)|boost
|-boost|p1a: Ogerpon|spe|1
|turn|33
|
|t:|1781377803
|switch|p2a: Scizor|Scizor, M|76/100
|-damage|p2a: Scizor|64/100|[from] Stealth Rock
|move|p1a: Ogerpon|Ivy Cudgel|p2a: Scizor
|-resisted|p2a: Scizor
|-crit|p2a: Scizor
|-damage|p2a: Scizor|20/100
|
|upkeep
|turn|34
|
|t:|1781377812
|switch|p1a: Raging Bolt|Raging Bolt|100/100
|move|p2a: Scizor|Close Combat|p1a: Raging Bolt
|-damage|p1a: Raging Bolt|59/100
|-unboost|p2a: Scizor|def|1
|-unboost|p2a: Scizor|spd|1
|
|upkeep
|turn|35
|
|t:|1781377816
|switch|p2a: Great Tusk|Great Tusk|100/100
|-damage|p2a: Great Tusk|97/100|[from] Stealth Rock
|move|p1a: Raging Bolt|Draco Meteor|p2a: Great Tusk
|-damage|p2a: Great Tusk|0 fnt
|-unboost|p1a: Raging Bolt|spa|2
|faint|p2a: Great Tusk
|-end|p2a: Great Tusk|Protosynthesis|[silent]
|
|upkeep
|
|t:|1781377821
|switch|p2a: Cresselia|Cresselia, F, shiny, tera:Electric|87/100
|-damage|p2a: Cresselia|75/100|[from] Stealth Rock
|turn|36
|
|t:|1781377825
|-end|p1a: Raging Bolt|Protosynthesis|[silent]
|switch|p1a: Ogerpon|Ogerpon-Teal-Tera, F, tera:Grass|18/100
|-ability|p1a: Ogerpon|Embody Aspect (Teal)|boost
|-boost|p1a: Ogerpon|spe|1
|move|p2a: Cresselia|Thunderbolt|p1a: Ogerpon
|-resisted|p1a: Ogerpon
|-damage|p1a: Ogerpon|0 fnt
|faint|p1a: Ogerpon
|detailschange|p1: Ogerpon|Ogerpon, F|[silent]
|
|upkeep
|
|t:|1781377826
|switch|p1a: Raging Bolt|Raging Bolt|59/100
|turn|37
|l| hattybatty304
|
|t:|1781377851
|move|p2a: Cresselia|Calm Mind|p2a: Cresselia
|-boost|p2a: Cresselia|spa|1
|-boost|p2a: Cresselia|spd|1
|move|p1a: Raging Bolt|Volt Switch|p2a: Cresselia
|-resisted|p2a: Cresselia
|-damage|p2a: Cresselia|60/100
|
|t:|1781377853
|-end|p1a: Raging Bolt|Protosynthesis|[silent]
|switch|p1a: Darkrai|Darkrai|45/100|[from] Volt Switch
|
|upkeep
|turn|38
|
|t:|1781377859
|move|p1a: Darkrai|Will-O-Wisp|p2a: Cresselia
|-status|p2a: Cresselia|brn
|move|p2a: Cresselia|Calm Mind|p2a: Cresselia
|-boost|p2a: Cresselia|spa|1
|-boost|p2a: Cresselia|spd|1
|
|-damage|p2a: Cresselia|54/100 brn|[from] brn
|upkeep
|turn|39
|
|t:|1781377863
|move|p1a: Darkrai|Dark Pulse|p2a: Cresselia
|-damage|p2a: Cresselia|36/100 brn
|move|p2a: Cresselia|Moonlight|p2a: Cresselia
|-heal|p2a: Cresselia|86/100 brn
|
|-damage|p2a: Cresselia|80/100 brn|[from] brn
|upkeep
|turn|40
|
|t:|1781377868
|move|p1a: Darkrai|Dark Pulse|p2a: Cresselia
|-damage|p2a: Cresselia|63/100 brn
|cant|p2a: Cresselia|flinch
|
|-damage|p2a: Cresselia|57/100 brn|[from] brn
|upkeep
|turn|41
|
|t:|1781377872
|move|p1a: Darkrai|Dark Pulse|p2a: Cresselia
|-damage|p2a: Cresselia|41/100 brn
|move|p2a: Cresselia|Moonlight|p2a: Cresselia
|-heal|p2a: Cresselia|91/100 brn
|
|-damage|p2a: Cresselia|85/100 brn|[from] brn
|upkeep
|turn|42
|
|t:|1781377883
|move|p1a: Darkrai|Dark Pulse|p2a: Cresselia
|-crit|p2a: Cresselia
|-damage|p2a: Cresselia|35/100 brn
|move|p2a: Cresselia|Moonlight|p2a: Cresselia
|-heal|p2a: Cresselia|85/100 brn
|
|-damage|p2a: Cresselia|79/100 brn|[from] brn
|upkeep
|turn|43
|
|t:|1781377888
|move|p1a: Darkrai|Dark Pulse|p2a: Cresselia
|-damage|p2a: Cresselia|63/100 brn
|move|p2a: Cresselia|Moonlight|p2a: Cresselia
|-heal|p2a: Cresselia|100/100 brn
|
|-damage|p2a: Cresselia|94/100 brn|[from] brn
|upkeep
|turn|44
|
|t:|1781377893
|move|p1a: Darkrai|Dark Pulse|p2a: Cresselia
|-damage|p2a: Cresselia|77/100 brn
|move|p2a: Cresselia|Thunderbolt|p1a: Darkrai
|-damage|p1a: Darkrai|0 fnt
|faint|p1a: Darkrai
|
|-damage|p2a: Cresselia|71/100 brn|[from] brn
|upkeep
|
|t:|1781377898
|switch|p1a: Raging Bolt|Raging Bolt|59/100
|turn|45
|
|t:|1781377900
|move|p2a: Cresselia|Stored Power|p1a: Raging Bolt
|-damage|p1a: Raging Bolt|0 fnt
|faint|p1a: Raging Bolt
|-end|p1a: Raging Bolt|Protosynthesis|[silent]
|
|win|temporarylight
|raw|Roseofrosarade's rating: 1685 &rarr; <strong>1670</strong><br />(-15 for losing)
|raw|temporarylight's rating: 1768 &rarr; <strong>1783</strong><br />(+15 for winning)
|l|☆Roseofrosarade
|player|p1|
