|j|☆gintamaxxoo
|j|☆blackgokuking
|t:|1781118585
|gametype|singles
|player|p1|gintamaxxoo|cyclist-gen4|1626
|player|p2|blackgokuking|101|1643
|gen|9
|tier|[Gen 9] OU
|rated|
|rule|HP Percentage Mod: HP is shown in percentages
|rule|Endless Battle Clause: Forcing endless battles is banned
|rule|Species Clause: Limit one of each Pokémon
|rule|OHKO Clause: OHKO moves are banned
|rule|Evasion Items Clause: Evasion items are banned
|rule|Evasion Moves Clause: Evasion moves are banned
|rule|Evasion Abilities Clause: Evasion abilities are banned
|rule|Sleep Moves Clause: Sleep-inducing moves are banned
|clearpoke
|poke|p1|Ting-Lu|
|poke|p1|Gliscor, F|
|poke|p1|Sinistcha-Masterpiece|
|poke|p1|Keldeo|
|poke|p1|Tinkaton, F|
|poke|p1|Dragonite, M|
|poke|p2|Kingambit, M|
|poke|p2|Kommo-o, F|
|poke|p2|Iron Valiant|
|poke|p2|Kyurem|
|poke|p2|Iron Treads|
|poke|p2|Iron Crown|
|teampreview
|inactive|Battle timer is ON: inactive players will automatically lose when time's up. (requested by blackgokuking)
|j| roarcat
|inactive|gintamaxxoo has 120 seconds left.
|l| roarcat
|
|t:|1781118655
|teamsize|p1|6
|teamsize|p2|6
|start
|switch|p1a: My Little Pwny|Keldeo|100/100
|switch|p2a: Iron Treads|Iron Treads|100/100
|-enditem|p2a: Iron Treads|Booster Energy
|-activate|p2a: Iron Treads|ability: Quark Drive|[fromitem]
|-start|p2a: Iron Treads|quarkdrivespe
|turn|1
|
|t:|1781118666
|-end|p2a: Iron Treads|Quark Drive|[silent]
|switch|p2a: Kommo-o|Kommo-o, F|100/100
|move|p1a: My Little Pwny|Surf|p2a: Kommo-o
|-resisted|p2a: Kommo-o
|-damage|p2a: Kommo-o|78/100
|
|-heal|p2a: Kommo-o|84/100|[from] item: Leftovers
|upkeep
|turn|2
|
|t:|1781118673
|move|p1a: My Little Pwny|Flip Turn|p2a: Kommo-o
|-resisted|p2a: Kommo-o
|-damage|p2a: Kommo-o|79/100
|
|t:|1781118678
|switch|p1a: Dance Armstrong|Gliscor, F|100/100|[from] Flip Turn
|move|p2a: Kommo-o|Substitute|p2a: Kommo-o
|-start|p2a: Kommo-o|Substitute
|-damage|p2a: Kommo-o|54/100
|
|-heal|p2a: Kommo-o|60/100|[from] item: Leftovers
|-status|p1a: Dance Armstrong|tox|[from] item: Toxic Orb
|upkeep
|turn|3
|
|t:|1781118692
|move|p1a: Dance Armstrong|Swords Dance|p1a: Dance Armstrong
|-boost|p1a: Dance Armstrong|atk|2
|move|p2a: Kommo-o|Clangorous Soul|p2a: Kommo-o
|-boost|p2a: Kommo-o|atk|1
|-boost|p2a: Kommo-o|def|1
|-boost|p2a: Kommo-o|spa|1
|-boost|p2a: Kommo-o|spd|1
|-boost|p2a: Kommo-o|spe|1
|-damage|p2a: Kommo-o|27/100
|
|-heal|p2a: Kommo-o|33/100|[from] item: Leftovers
|upkeep
|turn|4
|
|t:|1781118701
|move|p2a: Kommo-o|Shadow Claw|p1a: Dance Armstrong
|-crit|p1a: Dance Armstrong
|-damage|p1a: Dance Armstrong|70/100 tox
|move|p1a: Dance Armstrong|Facade|p2a: Kommo-o
|-end|p2a: Kommo-o|Substitute
|
|-heal|p2a: Kommo-o|40/100|[from] item: Leftovers
|-heal|p1a: Dance Armstrong|82/100 tox|[from] ability: Poison Heal
|upkeep
|turn|5
|
|t:|1781118707
|-terastallize|p2a: Kommo-o|Ghost
|move|p2a: Kommo-o|Shadow Claw|p1a: Dance Armstrong
|-damage|p1a: Dance Armstrong|49/100 tox
|move|p1a: Dance Armstrong|Facade|p2a: Kommo-o
|-immune|p2a: Kommo-o
|
|-heal|p2a: Kommo-o|46/100|[from] item: Leftovers
|-heal|p1a: Dance Armstrong|61/100 tox|[from] ability: Poison Heal
|upkeep
|turn|6
|
|t:|1781118712
|move|p2a: Kommo-o|Shadow Claw|p1a: Dance Armstrong
|-damage|p1a: Dance Armstrong|27/100 tox
|move|p1a: Dance Armstrong|Knock Off|p2a: Kommo-o
|-supereffective|p2a: Kommo-o
|-damage|p2a: Kommo-o|3/100
|-enditem|p2a: Kommo-o|Leftovers|[from] move: Knock Off|[of] p1a: Dance Armstrong
|
|-heal|p1a: Dance Armstrong|39/100 tox|[from] ability: Poison Heal
|upkeep
|turn|7
|
|t:|1781118719
|move|p1a: Dance Armstrong|Protect|p1a: Dance Armstrong
|-singleturn|p1a: Dance Armstrong|Protect
|move|p2a: Kommo-o|Shadow Claw|p1a: Dance Armstrong
|-activate|p1a: Dance Armstrong|move: Protect
|
|-heal|p1a: Dance Armstrong|52/100 tox|[from] ability: Poison Heal
|upkeep
|turn|8
|
|t:|1781118721
|move|p2a: Kommo-o|Shadow Claw|p1a: Dance Armstrong
|-damage|p1a: Dance Armstrong|21/100 tox
|move|p1a: Dance Armstrong|Knock Off|p2a: Kommo-o
|-supereffective|p2a: Kommo-o
|-damage|p2a: Kommo-o|0 fnt
|faint|p2a: Kommo-o
|
|-heal|p1a: Dance Armstrong|34/100 tox|[from] ability: Poison Heal
|upkeep
|
|t:|1781118724
|switch|p2a: Iron Valiant|Iron Valiant|100/100
|-enditem|p2a: Iron Valiant|Booster Energy
|-activate|p2a: Iron Valiant|ability: Quark Drive|[fromitem]
|-start|p2a: Iron Valiant|quarkdrivespe
|turn|9
|
|t:|1781118732
|switch|p1a: Tinkki Minaj|Tinkaton, F|100/100
|-ability|p1a: Tinkki Minaj|Mold Breaker
|-item|p1a: Tinkki Minaj|Air Balloon
|move|p2a: Iron Valiant|Moonblast|p1a: Tinkki Minaj
|-resisted|p1a: Tinkki Minaj
|-damage|p1a: Tinkki Minaj|81/100
|-enditem|p1a: Tinkki Minaj|Air Balloon
|
|upkeep
|turn|10
|
|t:|1781118740
|-end|p2a: Iron Valiant|Quark Drive|[silent]
|switch|p2a: Iron Treads|Iron Treads|100/100
|move|p1a: Tinkki Minaj|Gigaton Hammer|p2a: Iron Treads
|-resisted|p2a: Iron Treads
|-damage|p2a: Iron Treads|84/100
|
|upkeep
|turn|11
|
|t:|1781118748
|switch|p1a: Jarhead|Ting-Lu|100/100
|-ability|p1a: Jarhead|Vessel of Ruin
|move|p2a: Iron Treads|Stealth Rock|p1a: Jarhead
|-sidestart|p1: gintamaxxoo|move: Stealth Rock
|
|upkeep
|turn|12
|
|t:|1781118758
|move|p2a: Iron Treads|Earthquake|p1a: Jarhead
|-damage|p1a: Jarhead|79/100
|move|p1a: Jarhead|Earthquake|p2a: Iron Treads
|-supereffective|p2a: Iron Treads
|-damage|p2a: Iron Treads|30/100
|
|-heal|p1a: Jarhead|85/100|[from] item: Leftovers
|upkeep
|turn|13
|
|t:|1781118762
|move|p2a: Iron Treads|Endeavor|p1a: Jarhead
|-damage|p1a: Jarhead|23/100
|move|p1a: Jarhead|Spikes|p2a: Iron Treads
|-sidestart|p2: blackgokuking|Spikes
|
|-heal|p1a: Jarhead|29/100|[from] item: Leftovers
|upkeep
|turn|14
|
|t:|1781118769
|switch|p1a: Tchavis Scott|Sinistcha-Masterpiece|100/100
|move|p2a: Iron Treads|Earthquake|p1a: Tchavis Scott
|-resisted|p1a: Tchavis Scott
|-damage|p1a: Tchavis Scott|87/100
|
|upkeep
|turn|15
|
|t:|1781118777
|move|p2a: Iron Treads|Earthquake|p1a: Tchavis Scott
|-resisted|p1a: Tchavis Scott
|-damage|p1a: Tchavis Scott|74/100
|move|p1a: Tchavis Scott|Matcha Gotcha|p2a: Iron Treads
|-damage|p2a: Iron Treads|0 fnt
|-heal|p1a: Tchavis Scott|90/100|[from] drain|[of] p2a: Iron Treads
|faint|p2a: Iron Treads
|-end|p2a: Iron Treads|Quark Drive|[silent]
|
|upkeep
|
|t:|1781118780
|switch|p2a: Kyurem|Kyurem|100/100
|-damage|p2a: Kyurem|88/100|[from] Spikes
|-ability|p2a: Kyurem|Pressure
|turn|16
|inactive|gintamaxxoo has 120 seconds left.
|
|t:|1781118813
|-terastallize|p1a: Tchavis Scott|Poison
|move|p2a: Kyurem|Icicle Spear|p1a: Tchavis Scott
|-damage|p1a: Tchavis Scott|81/100
|-damage|p1a: Tchavis Scott|72/100
|-damage|p1a: Tchavis Scott|63/100
|-damage|p1a: Tchavis Scott|54/100
|-damage|p1a: Tchavis Scott|45/100
|-hitcount|p1a: Tchavis Scott|5
|move|p1a: Tchavis Scott|Calm Mind|p1a: Tchavis Scott
|-boost|p1a: Tchavis Scott|spa|1
|-boost|p1a: Tchavis Scott|spd|1
|
|upkeep
|turn|17
|inactive|gintamaxxoo has 120 seconds left.
|
|t:|1781118831
|move|p2a: Kyurem|Dragon Dance|p2a: Kyurem
|-boost|p2a: Kyurem|atk|1
|-boost|p2a: Kyurem|spe|1
|move|p1a: Tchavis Scott|Strength Sap|p2a: Kyurem
|-unboost|p2a: Kyurem|atk|1
|-heal|p1a: Tchavis Scott|100/100
|
|upkeep
|turn|18
|
|t:|1781118836
|switch|p2a: Iron Crown|Iron Crown|100/100
|-damage|p2a: Iron Crown|88/100|[from] Spikes
|-enditem|p2a: Iron Crown|Booster Energy
|-activate|p2a: Iron Crown|ability: Quark Drive|[fromitem]
|-start|p2a: Iron Crown|quarkdrivespe
|move|p1a: Tchavis Scott|Matcha Gotcha|p2a: Iron Crown
|-resisted|p2a: Iron Crown
|-damage|p2a: Iron Crown|67/100
|
|upkeep
|turn|19
|inactive|gintamaxxoo has 120 seconds left.
|
|t:|1781118852
|move|p2a: Iron Crown|Calm Mind|p2a: Iron Crown
|-boost|p2a: Iron Crown|spa|1
|-boost|p2a: Iron Crown|spd|1
|move|p1a: Tchavis Scott|Shadow Ball|p2a: Iron Crown
|-supereffective|p2a: Iron Crown
|-damage|p2a: Iron Crown|6/100
|-unboost|p2a: Iron Crown|spd|1
|
|upkeep
|turn|20
|inactive|gintamaxxoo has 120 seconds left.
|
|t:|1781118862
|switch|p1a: Jarhead|Ting-Lu|29/100
|-damage|p1a: Jarhead|23/100|[from] Stealth Rock
|-ability|p1a: Jarhead|Vessel of Ruin
|move|p2a: Iron Crown|Psychic Noise|p1a: Jarhead
|-immune|p1a: Jarhead
|
|-heal|p1a: Jarhead|29/100|[from] item: Leftovers
|upkeep
|turn|21
|
|t:|1781118865
|move|p2a: Iron Crown|Tachyon Cutter|p1a: Jarhead
|-damage|p1a: Jarhead|14/100
|-damage|p1a: Jarhead|0 fnt
|faint|p1a: Jarhead
|-hitcount|p1: Jarhead|2
|
|upkeep
|
|t:|1781118867
|switch|p1a: My Little Pwny|Keldeo|100/100
|turn|22
|
|t:|1781118871
|move|p1a: My Little Pwny|Vacuum Wave|p2a: Iron Crown
|-damage|p2a: Iron Crown|0 fnt
|faint|p2a: Iron Crown
|-end|p2a: Iron Crown|Quark Drive|[silent]
|
|upkeep
|
|t:|1781118874
|switch|p2a: Iron Valiant|Iron Valiant|100/100
|-damage|p2a: Iron Valiant|88/100|[from] Spikes
|turn|23
|
|t:|1781118901
|switch|p1a: Tchavis Scott|Sinistcha-Masterpiece, tera:Poison|100/100
|move|p2a: Iron Valiant|Calm Mind|p2a: Iron Valiant
|-boost|p2a: Iron Valiant|spa|1
|-boost|p2a: Iron Valiant|spd|1
|
|upkeep
|turn|24
|
|t:|1781118908
|move|p2a: Iron Valiant|Shadow Ball|p1a: Tchavis Scott
|-damage|p1a: Tchavis Scott|53/100
|move|p1a: Tchavis Scott|Matcha Gotcha|p2a: Iron Valiant|[miss]
|-miss|p1a: Tchavis Scott|p2a: Iron Valiant
|
|upkeep
|turn|25
|
|t:|1781118913
|move|p2a: Iron Valiant|Focus Blast|p1a: Tchavis Scott
|-resisted|p1a: Tchavis Scott
|-damage|p1a: Tchavis Scott|0 fnt
|faint|p1a: Tchavis Scott
|
|upkeep
|
|t:|1781118931
|switch|p1a: Secret Service|Dragonite, M|100/100
|turn|26
|
|t:|1781118935
|move|p2a: Iron Valiant|Moonblast|p1a: Secret Service
|-supereffective|p1a: Secret Service
|-damage|p1a: Secret Service|39/100
|move|p1a: Secret Service|Earthquake|p2a: Iron Valiant
|-damage|p2a: Iron Valiant|39/100
|
|upkeep
|turn|27
|
|t:|1781118941
|move|p1a: Secret Service|Extreme Speed|p2a: Iron Valiant
|-damage|p2a: Iron Valiant|1/100
|move|p2a: Iron Valiant|Moonblast|p1a: Secret Service
|-supereffective|p1a: Secret Service
|-damage|p1a: Secret Service|0 fnt
|faint|p1a: Secret Service
|
|upkeep
|
|t:|1781118950
|switch|p1a: My Little Pwny|Keldeo|100/100
|turn|28
|
|t:|1781118955
|move|p1a: My Little Pwny|Vacuum Wave|p2a: Iron Valiant
|-resisted|p2a: Iron Valiant
|-damage|p2a: Iron Valiant|0 fnt
|faint|p2a: Iron Valiant
|-end|p2a: Iron Valiant|Quark Drive|[silent]
|
|upkeep
|
|t:|1781118957
|switch|p2a: Kyurem|Kyurem|88/100
|-damage|p2a: Kyurem|76/100|[from] Spikes
|-ability|p2a: Kyurem|Pressure
|turn|29
|
|t:|1781118966
|move|p1a: My Little Pwny|Flip Turn|p2a: Kyurem
|-resisted|p2a: Kyurem
|-damage|p2a: Kyurem|69/100
|
|t:|1781118969
|switch|p1a: Tinkki Minaj|Tinkaton, F|81/100|[from] Flip Turn
|-damage|p1a: Tinkki Minaj|74/100|[from] Stealth Rock
|-ability|p1a: Tinkki Minaj|Mold Breaker
|move|p2a: Kyurem|Scale Shot|p1a: Tinkki Minaj
|-immune|p1a: Tinkki Minaj
|
|upkeep
|turn|30
|
|t:|1781118976
|move|p2a: Kyurem|Icicle Spear|p1a: Tinkki Minaj
|-resisted|p1a: Tinkki Minaj
|-damage|p1a: Tinkki Minaj|67/100
|-resisted|p1a: Tinkki Minaj
|-damage|p1a: Tinkki Minaj|60/100
|-resisted|p1a: Tinkki Minaj
|-crit|p1a: Tinkki Minaj
|-damage|p1a: Tinkki Minaj|49/100
|-resisted|p1a: Tinkki Minaj
|-damage|p1a: Tinkki Minaj|42/100
|-hitcount|p1a: Tinkki Minaj|4
|move|p1a: Tinkki Minaj|Gigaton Hammer|p2a: Kyurem
|-supereffective|p2a: Kyurem
|-damage|p2a: Kyurem|0 fnt
|faint|p2a: Kyurem
|
|upkeep
|
|t:|1781118978
|switch|p2a: Kingambit|Kingambit, M|100/100
|-damage|p2a: Kingambit|88/100|[from] Spikes
|-activate|p2a: Kingambit|ability: Supreme Overlord
|-start|p2a: Kingambit|fallen5|[silent]
|turn|31
|
|t:|1781118981
|move|p1a: Tinkki Minaj|Thunder Wave|p2a: Kingambit
|-status|p2a: Kingambit|par
|move|p2a: Kingambit|Swords Dance|p2a: Kingambit
|-boost|p2a: Kingambit|atk|2
|
|-heal|p2a: Kingambit|94/100 par|[from] item: Leftovers
|upkeep
|turn|32
|
|t:|1781118985
|move|p1a: Tinkki Minaj|Encore|p2a: Kingambit
|-start|p2a: Kingambit|Encore
|move|p2a: Kingambit|Swords Dance|p2a: Kingambit
|-boost|p2a: Kingambit|atk|2
|
|-heal|p2a: Kingambit|100/100 par|[from] item: Leftovers
|upkeep
|turn|33
|
|t:|1781118987
|switch|p1a: My Little Pwny|Keldeo|100/100
|cant|p2a: Kingambit|par
|
|upkeep
|turn|34
|-message|blackgokuking forfeited.
|
|win|gintamaxxoo
|raw|gintamaxxoo's rating: 1626 &rarr; <strong>1647</strong><br />(+21 for winning)
|raw|blackgokuking's rating: 1643 &rarr; <strong>1622</strong><br />(-21 for losing)
|l|☆blackgokuking
|player|p2|
|l|☆gintamaxxoo
|player|p1|
