|j|☆phreshoatmeal
|j|☆LowEL0God
|t:|1781472612
|gametype|singles
|player|p1|phreshoatmeal|265|1605
|player|p2|LowEL0God|265|1638
|gen|9
|tier|[Gen 9] OU
|rated|
|rule|HP Percentage Mod: HP is shown in percentages
|rule|Endless Battle Clause: Forcing endless battles is banned
|rule|Species Clause: Limit one of each Pokémon
|rule|OHKO Clause: OHKO moves are banned
|rule|Evasion Items Clause: Evasion items are banned
|rule|Evasion Moves Clause: Evasion moves are banned
|rule|Evasion Abilities Clause: Evasion abilities are banned
|rule|Sleep Moves Clause: Sleep-inducing moves are banned
|clearpoke
|poke|p1|Tyranitar, M|
|poke|p1|Excadrill, M|
|poke|p1|Hatterene, F|
|poke|p1|Hippowdon, F|
|poke|p1|Toxapex, F|
|poke|p1|Iron Valiant|
|poke|p2|Pelipper, M|
|poke|p2|Raging Bolt|
|poke|p2|Overqwil, F|
|poke|p2|Barraskewda, M|
|poke|p2|Iron Treads|
|poke|p2|Kingambit, M|
|teampreview
|c|☆LowEL0God|hf
|inactive|Battle timer is ON: inactive players will automatically lose when time's up. (requested by LowEL0God)
|
|t:|1781472628
|teamsize|p1|6
|teamsize|p2|6
|start
|switch|p1a: Iron Valiant|Iron Valiant|100/100
|switch|p2a: Kingambit|Kingambit, M|100/100
|turn|1
|
|t:|1781472654
|move|p1a: Iron Valiant|Drain Punch|p2a: Kingambit
|-supereffective|p2a: Kingambit
|-damage|p2a: Kingambit|0 fnt
|faint|p2a: Kingambit
|-end|p2a: Kingambit|fallenundefined|[silent]
|-damage|p1a: Iron Valiant|91/100|[from] item: Life Orb
|
|upkeep
|
|t:|1781472655
|switch|p2a: Barraskewda|Barraskewda, M|100/100
|turn|2
|
|t:|1781472665
|-end|p1a: Iron Valiant|Quark Drive|[silent]
|switch|p1a: Hippowdon|Hippowdon, F|100/100
|-weather|Sandstorm|[from] ability: Sand Stream|[of] p1a: Hippowdon
|move|p2a: Barraskewda|Liquidation|p1a: Hippowdon
|-supereffective|p1a: Hippowdon
|-damage|p1a: Hippowdon|22/100
|-enditem|p1a: Hippowdon|Eject Button
|
|t:|1781472673
|switch|p1a: Excadrill|Excadrill, M|100/100
|
|-weather|Sandstorm|[upkeep]
|-damage|p2a: Barraskewda|94/100|[from] Sandstorm
|upkeep
|turn|3
|
|t:|1781472683
|switch|p2a: Pelipper|Pelipper, M|100/100
|-weather|RainDance|[from] ability: Drizzle|[of] p2a: Pelipper
|move|p1a: Excadrill|Rock Slide|p2a: Pelipper
|-supereffective|p2a: Pelipper
|-damage|p2a: Pelipper|29/100
|
|-weather|RainDance|[upkeep]
|upkeep
|turn|4
|
|t:|1781472692
|switch|p1a: Tyranitar|Tyranitar, M|100/100
|-weather|Sandstorm|[from] ability: Sand Stream|[of] p1a: Tyranitar
|switch|p2a: Iron Treads|Iron Treads|100/100
|-enditem|p2a: Iron Treads|Booster Energy
|-activate|p2a: Iron Treads|ability: Quark Drive|[fromitem]
|-start|p2a: Iron Treads|quarkdrivespe
|
|-weather|Sandstorm|[upkeep]
|upkeep
|turn|5
|
|t:|1781472699
|switch|p1a: Hatterene|Hatterene, F|100/100
|move|p2a: Iron Treads|Stealth Rock|p1a: Hatterene
|move|p1a: Hatterene|Stealth Rock|p2a: Iron Treads|[from] ability: Magic Bounce
|-sidestart|p2: LowEL0God|move: Stealth Rock
|
|-weather|Sandstorm|[upkeep]
|-damage|p1a: Hatterene|95/100|[from] Sandstorm
|-heal|p1a: Hatterene|100/100|[from] item: Leftovers
|upkeep
|turn|6
|
|t:|1781472707
|switch|p1a: Toxapex|Toxapex, F|100/100
|move|p2a: Iron Treads|Rapid Spin|p1a: Toxapex
|-damage|p1a: Toxapex|94/100
|-boost|p2a: Iron Treads|spe|1
|-sideend|p2: LowEL0God|Stealth Rock|[from] move: Rapid Spin|[of] p2a: Iron Treads
|-enditem|p1a: Toxapex|Eject Button
|inactive|phreshoatmeal has 120 seconds left.
|
|t:|1781472744
|switch|p1a: Hatterene|Hatterene, F|100/100
|
|-weather|Sandstorm|[upkeep]
|-damage|p1a: Hatterene|95/100|[from] Sandstorm
|-heal|p1a: Hatterene|100/100|[from] item: Leftovers
|upkeep
|turn|7
|
|t:|1781472749
|switch|p1a: Toxapex|Toxapex, F|100/100
|move|p2a: Iron Treads|Earth Power|p1a: Toxapex
|-supereffective|p1a: Toxapex
|-damage|p1a: Toxapex|46/100
|
|-weather|Sandstorm|[upkeep]
|-damage|p1a: Toxapex|40/100|[from] Sandstorm
|upkeep
|turn|8
|
|t:|1781472760
|switch|p1a: Hatterene|Hatterene, F|100/100
|move|p2a: Iron Treads|Earth Power|p1a: Hatterene
|-damage|p1a: Hatterene|64/100
|
|-weather|none
|-heal|p1a: Hatterene|70/100|[from] item: Leftovers
|upkeep
|turn|9
|
|t:|1781472766
|move|p2a: Iron Treads|Earth Power|p1a: Hatterene
|-damage|p1a: Hatterene|34/100
|move|p1a: Hatterene|Pain Split|p2a: Iron Treads
|-sethp|p2a: Iron Treads|67/100|[from] move: Pain Split|[silent]
|-sethp|p1a: Hatterene|68/100|[from] move: Pain Split
|
|-heal|p1a: Hatterene|74/100|[from] item: Leftovers
|upkeep
|turn|10
|
|t:|1781472774
|move|p2a: Iron Treads|Steel Beam|p1a: Hatterene|[miss]
|-miss|p2a: Iron Treads|p1a: Hatterene
|-damage|p2a: Iron Treads|17/100|[from] steelbeam
|move|p1a: Hatterene|Future Sight|p2a: Iron Treads
|-start|p1a: Hatterene|move: Future Sight
|
|-heal|p1a: Hatterene|80/100|[from] item: Leftovers
|upkeep
|turn|11
|c|☆phreshoatmeal|sry
|
|t:|1781472789
|move|p2a: Iron Treads|Earth Power|p1a: Hatterene
|-damage|p1a: Hatterene|46/100
|move|p1a: Hatterene|Gravity|p1a: Hatterene
|-fieldstart|move: Gravity
|
|-heal|p1a: Hatterene|52/100|[from] item: Leftovers
|upkeep
|turn|12
|
|t:|1781472802
|switch|p1a: Hippowdon|Hippowdon, F|22/100
|-weather|Sandstorm|[from] ability: Sand Stream|[of] p1a: Hippowdon
|move|p2a: Iron Treads|Steel Beam|p1a: Hippowdon
|-damage|p1a: Hippowdon|0 fnt
|-damage|p2a: Iron Treads|0 fnt|[from] steelbeam
|faint|p2a: Iron Treads
|-end|p2a: Iron Treads|Quark Drive|[silent]
|faint|p1a: Hippowdon
|
|-weather|Sandstorm|[upkeep]
|-hint|Future Sight did not hit because the target is fainted.
|upkeep
|
|t:|1781472817
|switch|p2a: Barraskewda|Barraskewda, M|94/100
|switch|p1a: Excadrill|Excadrill, M|100/100
|turn|13
|
|t:|1781472831
|switch|p2a: Pelipper|Pelipper, M|29/100
|-weather|RainDance|[from] ability: Drizzle|[of] p2a: Pelipper
|move|p1a: Excadrill|Earthquake|p2a: Pelipper
|-damage|p2a: Pelipper|0 fnt
|faint|p2a: Pelipper
|
|-weather|RainDance|[upkeep]
|upkeep
|
|t:|1781472832
|switch|p2a: Barraskewda|Barraskewda, M|94/100
|turn|14
|
|t:|1781472836
|switch|p1a: Toxapex|Toxapex, F|74/100
|move|p2a: Barraskewda|Liquidation|p1a: Toxapex
|-resisted|p1a: Toxapex
|-damage|p1a: Toxapex|42/100
|-unboost|p1a: Toxapex|def|1
|
|-weather|RainDance|[upkeep]
|upkeep
|turn|15
|
|t:|1781472845
|switch|p1a: Tyranitar|Tyranitar, M|100/100
|-weather|Sandstorm|[from] ability: Sand Stream|[of] p1a: Tyranitar
|move|p2a: Barraskewda|Liquidation|p1a: Tyranitar
|-supereffective|p1a: Tyranitar
|-damage|p1a: Tyranitar|0 fnt
|faint|p1a: Tyranitar
|
|-weather|Sandstorm|[upkeep]
|-damage|p2a: Barraskewda|88/100|[from] Sandstorm
|-fieldend|move: Gravity
|upkeep
|
|t:|1781472851
|switch|p1a: Excadrill|Excadrill, M|100/100
|turn|16
|
|t:|1781472852
|move|p1a: Excadrill|Earthquake|p2a: Barraskewda
|-damage|p2a: Barraskewda|0 fnt
|faint|p2a: Barraskewda
|
|-weather|Sandstorm|[upkeep]
|upkeep
|
|t:|1781472853
|switch|p2a: Overqwil|Overqwil, F|100/100
|turn|17
|
|t:|1781472855
|-terastallize|p2a: Overqwil|Water
|move|p1a: Excadrill|Earthquake|p2a: Overqwil
|-damage|p2a: Overqwil|0 fnt
|faint|p2a: Overqwil
|
|-weather|Sandstorm|[upkeep]
|upkeep
|
|t:|1781472856
|switch|p2a: Raging Bolt|Raging Bolt|100/100
|-enditem|p2a: Raging Bolt|Booster Energy
|-activate|p2a: Raging Bolt|ability: Protosynthesis|[fromitem]
|-start|p2a: Raging Bolt|protosynthesisspa
|turn|18
|
|t:|1781472857
|move|p1a: Excadrill|Earthquake|p2a: Raging Bolt
|-supereffective|p2a: Raging Bolt
|-crit|p2a: Raging Bolt
|-damage|p2a: Raging Bolt|0 fnt
|faint|p2a: Raging Bolt
|-end|p2a: Raging Bolt|Protosynthesis|[silent]
|
|win|phreshoatmeal
|raw|phreshoatmeal's rating: 1605 &rarr; <strong>1627</strong><br />(+22 for winning)
|raw|LowEL0God's rating: 1638 &rarr; <strong>1616</strong><br />(-22 for losing)
|j| Agathina
|l|☆phreshoatmeal
|player|p1|
|c|☆LowEL0God|gg
|l|☆LowEL0God
|player|p2|
