|j|☆kooopooolooo
|j|☆Kirnil
|t:|1781263754
|gametype|singles
|player|p1|kooopooolooo|266|1572
|player|p2|Kirnil|maid|1542
|gen|9
|tier|[Gen 9] OU
|rated|
|rule|HP Percentage Mod: HP is shown in percentages
|rule|Endless Battle Clause: Forcing endless battles is banned
|rule|Species Clause: Limit one of each Pokémon
|rule|OHKO Clause: OHKO moves are banned
|rule|Evasion Items Clause: Evasion items are banned
|rule|Evasion Moves Clause: Evasion moves are banned
|rule|Evasion Abilities Clause: Evasion abilities are banned
|rule|Sleep Moves Clause: Sleep-inducing moves are banned
|clearpoke
|poke|p1|Tyranitar, M|
|poke|p1|Excadrill, F|
|poke|p1|Rotom-Wash|
|poke|p1|Latios, M|
|poke|p1|Landorus-Therian, M|
|poke|p1|Mamoswine, F|
|poke|p2|Glimmora, M|
|poke|p2|Great Tusk|
|poke|p2|Alomomola, F|
|poke|p2|Amoonguss, F|
|poke|p2|Iron Valiant|
|poke|p2|Hoopa-Unbound|
|teampreview
|
|t:|1781263762
|teamsize|p1|6
|teamsize|p2|6
|start
|switch|p1a: Landorus|Landorus-Therian, M|100/100
|switch|p2a: Alomomola|Alomomola, F|100/100
|-ability|p1a: Landorus|Intimidate|boost
|-unboost|p2a: Alomomola|atk|1
|turn|1
|inactive|Battle timer is ON: inactive players will automatically lose when time's up. (requested by Kirnil)
|
|t:|1781263789
|move|p1a: Landorus|Stealth Rock|p2a: Alomomola
|-sidestart|p2: Kirnil|move: Stealth Rock
|move|p2a: Alomomola|Scald|p1a: Landorus
|-supereffective|p1a: Landorus
|-damage|p1a: Landorus|72/100
|-status|p1a: Landorus|brn
|
|-damage|p1a: Landorus|66/100 brn|[from] brn
|upkeep
|turn|2
|
|t:|1781263795
|move|p1a: Landorus|Earth Power|p2a: Alomomola
|-damage|p2a: Alomomola|85/100
|move|p2a: Alomomola|Scald|p1a: Landorus
|-supereffective|p1a: Landorus
|-crit|p1a: Landorus
|-damage|p1a: Landorus|25/100 brn
|
|-damage|p1a: Landorus|19/100 brn|[from] brn
|upkeep
|turn|3
|
|t:|1781263800
|move|p1a: Landorus|U-turn|p2a: Alomomola
|-damage|p2a: Alomomola|77/100
|
|t:|1781263809
|switch|p1a: Rotom|Rotom-Wash|100/100|[from] U-turn
|move|p2a: Alomomola|Scald|p1a: Rotom
|-resisted|p1a: Rotom
|-damage|p1a: Rotom|93/100
|
|-heal|p1a: Rotom|99/100|[from] item: Leftovers
|upkeep
|turn|4
|
|t:|1781263813
|move|p1a: Rotom|Will-O-Wisp|p2a: Alomomola
|-status|p2a: Alomomola|brn
|move|p2a: Alomomola|Mirror Coat||[still]
|-fail|p2a: Alomomola
|
|-heal|p1a: Rotom|100/100|[from] item: Leftovers
|-damage|p2a: Alomomola|71/100 brn|[from] brn
|upkeep
|turn|5
|
|t:|1781263821
|move|p1a: Rotom|Pain Split|p2a: Alomomola
|-sethp|p2a: Alomomola|64/100 brn|[from] move: Pain Split|[silent]
|-sethp|p1a: Rotom|100/100|[from] move: Pain Split
|move|p2a: Alomomola|Flip Turn|p1a: Rotom
|-resisted|p1a: Rotom
|-damage|p1a: Rotom|99/100
|
|t:|1781263828
|switch|p2a: Glimmora|Glimmora, M|100/100|[from] Flip Turn
|-damage|p2a: Glimmora|88/100|[from] Stealth Rock
|-item|p2a: Glimmora|Air Balloon
|
|-heal|p1a: Rotom|100/100|[from] item: Leftovers
|upkeep
|turn|6
|
|t:|1781263831
|move|p2a: Glimmora|Mortal Spin|p1a: Rotom
|-damage|p1a: Rotom|96/100
|-status|p1a: Rotom|psn
|-sideend|p2: Kirnil|Stealth Rock|[from] move: Mortal Spin|[of] p2a: Glimmora
|move|p1a: Rotom|Hydro Pump|p2a: Glimmora
|-supereffective|p2a: Glimmora
|-damage|p2a: Glimmora|0 fnt
|-enditem|p2a: Glimmora|Air Balloon
|faint|p2a: Glimmora
|
|-heal|p1a: Rotom|100/100 psn|[from] item: Leftovers
|-damage|p1a: Rotom|88/100 psn|[from] psn
|upkeep
|
|t:|1781263853
|switch|p2a: Hoopa|Hoopa-Unbound|100/100
|turn|7
|
|t:|1781263857
|move|p1a: Rotom|Will-O-Wisp|p2a: Hoopa
|-status|p2a: Hoopa|brn
|move|p2a: Hoopa|Dark Pulse|p1a: Rotom
|-crit|p1a: Rotom
|-damage|p1a: Rotom|1/100 psn
|
|-heal|p1a: Rotom|7/100 psn|[from] item: Leftovers
|-damage|p1a: Rotom|0 fnt|[from] psn
|faint|p1a: Rotom
|-damage|p2a: Hoopa|94/100 brn|[from] brn
|upkeep
|
|t:|1781263864
|switch|p1a: Landorus|Landorus-Therian, M|19/100 brn
|-ability|p1a: Landorus|Intimidate|boost
|-unboost|p2a: Hoopa|atk|1
|turn|8
|
|t:|1781263873
|switch|p2a: Great Tusk|Great Tusk|100/100
|-enditem|p2a: Great Tusk|Booster Energy
|-activate|p2a: Great Tusk|ability: Protosynthesis|[fromitem]
|-start|p2a: Great Tusk|protosynthesisatk
|move|p1a: Landorus|U-turn|p2a: Great Tusk
|-resisted|p2a: Great Tusk
|-damage|p2a: Great Tusk|97/100
|
|t:|1781263876
|switch|p1a: Latios|Latios, M|100/100|[from] U-turn
|
|upkeep
|turn|9
|
|t:|1781263881
|-terastallize|p2a: Great Tusk|Steel
|move|p1a: Latios|Flip Turn|p2a: Great Tusk
|-damage|p2a: Great Tusk|89/100
|
|t:|1781263884
|switch|p1a: Landorus|Landorus-Therian, M|19/100 brn|[from] Flip Turn
|-ability|p1a: Landorus|Intimidate|boost
|-unboost|p2a: Great Tusk|atk|1
|move|p2a: Great Tusk|Ice Spinner|p1a: Landorus
|-supereffective|p1a: Landorus
|-damage|p1a: Landorus|0 fnt
|-damage|p2a: Great Tusk|73/100|[from] item: Rocky Helmet|[of] p1a: Landorus
|faint|p1a: Landorus
|
|upkeep
|j| have we gone
|
|t:|1781263891
|switch|p1a: Latios|Latios, M|100/100
|turn|10
|
|t:|1781263895
|-end|p2a: Great Tusk|Protosynthesis|[silent]
|switch|p2a: Alomomola|Alomomola, F|98/100 brn
|move|p1a: Latios|Draco Meteor|p2a: Alomomola
|-damage|p2a: Alomomola|60/100 brn
|-unboost|p1a: Latios|spa|2
|
|-damage|p2a: Alomomola|54/100 brn|[from] brn
|upkeep
|turn|11
|
|t:|1781263900
|move|p1a: Latios|Flip Turn|p2a: Alomomola
|-resisted|p2a: Alomomola
|-damage|p2a: Alomomola|49/100 brn
|
|t:|1781263902
|switch|p1a: Tyranitar|Tyranitar, M|100/100|[from] Flip Turn
|-weather|Sandstorm|[from] ability: Sand Stream|[of] p1a: Tyranitar
|move|p2a: Alomomola|Scald|p1a: Tyranitar
|-supereffective|p1a: Tyranitar
|-damage|p1a: Tyranitar|87/100
|-status|p1a: Tyranitar|brn
|
|-weather|Sandstorm|[upkeep]
|-damage|p2a: Alomomola|43/100 brn|[from] Sandstorm
|-damage|p1a: Tyranitar|80/100 brn|[from] brn
|-damage|p2a: Alomomola|37/100 brn|[from] brn
|upkeep
|turn|12
|
|t:|1781263909
|switch|p2a: Amoonguss|Amoonguss, F|100/100
|move|p1a: Tyranitar|Knock Off|p2a: Amoonguss
|-damage|p2a: Amoonguss|85/100
|-damage|p1a: Tyranitar|64/100 brn|[from] item: Rocky Helmet|[of] p2a: Amoonguss
|-enditem|p2a: Amoonguss|Rocky Helmet|[from] move: Knock Off|[of] p1a: Tyranitar
|
|-weather|Sandstorm|[upkeep]
|-damage|p2a: Amoonguss|78/100|[from] Sandstorm
|-damage|p1a: Tyranitar|58/100 brn|[from] brn
|upkeep
|turn|13
|
|t:|1781263917
|move|p1a: Tyranitar|Ice Beam|p2a: Amoonguss
|-supereffective|p2a: Amoonguss
|-damage|p2a: Amoonguss|38/100
|-status|p2a: Amoonguss|frz
|cant|p2a: Amoonguss|frz
|
|-weather|Sandstorm|[upkeep]
|-damage|p2a: Amoonguss|32/100 frz|[from] Sandstorm
|-damage|p1a: Tyranitar|51/100 brn|[from] brn
|upkeep
|turn|14
|
|t:|1781263922
|switch|p2a: Alomomola|Alomomola, F|70/100 brn
|move|p1a: Tyranitar|Thunder Wave||[still]
|-fail|p1a: Tyranitar
|
|-weather|Sandstorm|[upkeep]
|-damage|p2a: Alomomola|64/100 brn|[from] Sandstorm
|-damage|p1a: Tyranitar|45/100 brn|[from] brn
|-damage|p2a: Alomomola|58/100 brn|[from] brn
|upkeep
|turn|15
|
|t:|1781263927
|switch|p2a: Amoonguss|Amoonguss, F|66/100 frz
|move|p1a: Tyranitar|Knock Off|p2a: Amoonguss
|-damage|p2a: Amoonguss|56/100 frz
|
|-weather|none
|-damage|p1a: Tyranitar|39/100 brn|[from] brn
|upkeep
|turn|16
|
|t:|1781263933
|move|p1a: Tyranitar|Ice Beam|p2a: Amoonguss
|-supereffective|p2a: Amoonguss
|-damage|p2a: Amoonguss|18/100 frz
|cant|p2a: Amoonguss|frz
|
|-damage|p1a: Tyranitar|33/100 brn|[from] brn
|upkeep
|turn|17
|
|t:|1781263943
|switch|p2a: Alomomola|Alomomola, F|91/100 brn
|move|p1a: Tyranitar|Knock Off|p2a: Alomomola
|-damage|p2a: Alomomola|74/100 brn
|-enditem|p2a: Alomomola|Assault Vest|[from] move: Knock Off|[of] p1a: Tyranitar
|
|-damage|p1a: Tyranitar|27/100 brn|[from] brn
|-damage|p2a: Alomomola|68/100 brn|[from] brn
|upkeep
|turn|18
|
|t:|1781263949
|switch|p1a: Latios|Latios, M|100/100
|move|p2a: Alomomola|Flip Turn|p1a: Latios
|-resisted|p1a: Latios
|-damage|p1a: Latios|95/100
|
|t:|1781263955
|switch|p2a: Hoopa|Hoopa-Unbound|94/100 brn|[from] Flip Turn
|
|-heal|p2a: Hoopa|100/100 brn|[from] item: Leftovers
|-damage|p2a: Hoopa|94/100 brn|[from] brn
|upkeep
|turn|19
|
|t:|1781263959
|move|p1a: Latios|Flip Turn|p2a: Hoopa
|-damage|p2a: Hoopa|79/100 brn
|
|t:|1781263961
|switch|p1a: Tyranitar|Tyranitar, M|27/100 brn|[from] Flip Turn
|-weather|Sandstorm|[from] ability: Sand Stream|[of] p1a: Tyranitar
|move|p2a: Hoopa|Dark Pulse|p1a: Tyranitar
|-resisted|p1a: Tyranitar
|-damage|p1a: Tyranitar|12/100 brn
|
|-weather|Sandstorm|[upkeep]
|-damage|p2a: Hoopa|73/100 brn|[from] Sandstorm
|-heal|p2a: Hoopa|79/100 brn|[from] item: Leftovers
|-damage|p1a: Tyranitar|5/100 brn|[from] brn
|-damage|p2a: Hoopa|73/100 brn|[from] brn
|upkeep
|turn|20
|
|t:|1781263966
|move|p1a: Tyranitar|Knock Off|p2a: Hoopa
|-damage|p2a: Hoopa|46/100 brn
|-enditem|p2a: Hoopa|Leftovers|[from] move: Knock Off|[of] p1a: Tyranitar
|move|p2a: Hoopa|Dark Pulse|p1a: Tyranitar
|-resisted|p1a: Tyranitar
|-damage|p1a: Tyranitar|0 fnt
|faint|p1a: Tyranitar
|-item|p2a: Hoopa|Heavy-Duty Boots|[from] ability: Magician|[of] p1: Tyranitar
|
|-weather|Sandstorm|[upkeep]
|-damage|p2a: Hoopa|40/100 brn|[from] Sandstorm
|-damage|p2a: Hoopa|33/100 brn|[from] brn
|upkeep
|
|t:|1781263969
|switch|p1a: Excadrill|Excadrill, F|100/100
|-item|p1a: Excadrill|Air Balloon
|turn|21
|
|t:|1781263976
|move|p1a: Excadrill|Swords Dance|p1a: Excadrill
|-boost|p1a: Excadrill|atk|2
|move|p2a: Hoopa|Dark Pulse|p1a: Excadrill
|-damage|p1a: Excadrill|41/100
|-enditem|p1a: Excadrill|Air Balloon
|
|-weather|Sandstorm|[upkeep]
|-damage|p2a: Hoopa|27/100 brn|[from] Sandstorm
|-damage|p2a: Hoopa|21/100 brn|[from] brn
|upkeep
|turn|22
|
|t:|1781263985
|move|p1a: Excadrill|Earthquake|p2a: Hoopa
|-damage|p2a: Hoopa|0 fnt
|faint|p2a: Hoopa
|
|-weather|Sandstorm|[upkeep]
|upkeep
|
|t:|1781263990
|switch|p2a: Amoonguss|Amoonguss, F|51/100 frz
|turn|23
|
|t:|1781263992
|move|p1a: Excadrill|Earthquake|p2a: Amoonguss
|-damage|p2a: Amoonguss|0 fnt
|faint|p2a: Amoonguss
|
|-weather|none
|upkeep
|
|t:|1781263999
|switch|p2a: Iron Valiant|Iron Valiant|100/100
|-enditem|p2a: Iron Valiant|Booster Energy
|-activate|p2a: Iron Valiant|ability: Quark Drive|[fromitem]
|-start|p2a: Iron Valiant|quarkdrivespe
|turn|24
|
|t:|1781264003
|-terastallize|p1a: Excadrill|Ghost
|move|p2a: Iron Valiant|Close Combat|p1a: Excadrill
|-immune|p1a: Excadrill
|move|p1a: Excadrill|Earthquake|p2a: Iron Valiant
|-damage|p2a: Iron Valiant|0 fnt
|faint|p2a: Iron Valiant
|-end|p2a: Iron Valiant|Quark Drive|[silent]
|
|upkeep
|
|t:|1781264005
|switch|p2a: Great Tusk|Great Tusk, tera:Steel|73/100
|turn|25
|
|t:|1781264011
|move|p2a: Great Tusk|Headlong Rush|p1a: Excadrill
|-damage|p1a: Excadrill|0 fnt
|-unboost|p2a: Great Tusk|def|1
|-unboost|p2a: Great Tusk|spd|1
|faint|p1a: Excadrill
|
|upkeep
|
|t:|1781264014
|switch|p1a: Latios|Latios, M|95/100
|turn|26
|
|t:|1781264017
|-end|p2a: Great Tusk|Protosynthesis|[silent]
|switch|p2a: Alomomola|Alomomola, F|100/100 brn
|move|p1a: Latios|Draco Meteor|p2a: Alomomola
|-damage|p2a: Alomomola|44/100 brn
|-unboost|p1a: Latios|spa|2
|
|-damage|p2a: Alomomola|38/100 brn|[from] brn
|upkeep
|turn|27
|
|t:|1781264023
|move|p1a: Latios|Flip Turn|p2a: Alomomola
|-resisted|p2a: Alomomola
|-damage|p2a: Alomomola|33/100 brn
|
|t:|1781264025
|switch|p1a: Mamoswine|Mamoswine, F|100/100|[from] Flip Turn
|move|p2a: Alomomola|Flip Turn|p1a: Mamoswine
|-supereffective|p1a: Mamoswine
|-damage|p1a: Mamoswine|81/100
|
|t:|1781264030
|switch|p2a: Great Tusk|Great Tusk, tera:Steel|73/100|[from] Flip Turn
|
|upkeep
|turn|28
|
|t:|1781264032
|move|p2a: Great Tusk|Close Combat|p1a: Mamoswine
|-supereffective|p1a: Mamoswine
|-damage|p1a: Mamoswine|0 fnt
|-unboost|p2a: Great Tusk|def|1
|-unboost|p2a: Great Tusk|spd|1
|faint|p1a: Mamoswine
|
|upkeep
|
|t:|1781264035
|switch|p1a: Latios|Latios, M|95/100
|turn|29
|
|t:|1781264039
|-end|p2a: Great Tusk|Protosynthesis|[silent]
|switch|p2a: Alomomola|Alomomola, F|67/100 brn
|move|p1a: Latios|Psychic Noise|p2a: Alomomola
|-damage|p2a: Alomomola|30/100 brn
|-start|p2a: Alomomola|move: Heal Block
|
|-damage|p2a: Alomomola|23/100 brn|[from] brn
|upkeep
|turn|30
|
|t:|1781264043
|move|p1a: Latios|Psychic Noise|p2a: Alomomola
|-damage|p2a: Alomomola|0 fnt
|faint|p2a: Alomomola
|
|upkeep
|
|t:|1781264045
|switch|p2a: Great Tusk|Great Tusk, tera:Steel|73/100
|turn|31
|
|t:|1781264049
|move|p1a: Latios|Draco Meteor|p2a: Great Tusk
|-resisted|p2a: Great Tusk
|-damage|p2a: Great Tusk|7/100
|-unboost|p1a: Latios|spa|2
|move|p2a: Great Tusk|Rapid Spin|p1a: Latios
|-damage|p1a: Latios|70/100
|-boost|p2a: Great Tusk|spe|1
|
|upkeep
|turn|32
|
|t:|1781264056
|move|p2a: Great Tusk|Ice Spinner|p1a: Latios
|-supereffective|p1a: Latios
|-damage|p1a: Latios|0 fnt
|faint|p1a: Latios
|
|win|Kirnil
|raw|kooopooolooo's rating: 1572 &rarr; <strong>1550</strong><br />(-22 for losing)
|raw|Kirnil's rating: 1542 &rarr; <strong>1564</strong><br />(+22 for winning)
|l|☆kooopooolooo
|player|p1|
|l|☆Kirnil
|player|p2|
|l| have we gone
