|j|☆LowEL0God
|j|☆altyWIN
|t:|1781415797
|gametype|singles
|player|p1|LowEL0God|265|1563
|player|p2|altyWIN|backpacker|1588
|gen|9
|tier|[Gen 9] OU
|rated|
|rule|HP Percentage Mod: HP is shown in percentages
|rule|Endless Battle Clause: Forcing endless battles is banned
|rule|Species Clause: Limit one of each Pokémon
|rule|OHKO Clause: OHKO moves are banned
|rule|Evasion Items Clause: Evasion items are banned
|rule|Evasion Moves Clause: Evasion moves are banned
|rule|Evasion Abilities Clause: Evasion abilities are banned
|rule|Sleep Moves Clause: Sleep-inducing moves are banned
|clearpoke
|poke|p1|Pelipper, F|
|poke|p1|Raging Bolt|
|poke|p1|Overqwil, F|
|poke|p1|Barraskewda, M|
|poke|p1|Iron Treads|
|poke|p1|Kingambit, M|
|poke|p2|Excadrill, M|
|poke|p2|Tyranitar, F|
|poke|p2|Hydrapple, M|
|poke|p2|Alomomola, L99, M|
|poke|p2|Hatterene, F|
|poke|p2|Zapdos|
|teampreview
|c|☆LowEL0God|hf
|inactive|Battle timer is ON: inactive players will automatically lose when time's up. (requested by LowEL0God)
|
|t:|1781415818
|teamsize|p1|6
|teamsize|p2|6
|start
|switch|p1a: Kingambit|Kingambit, M|100/100
|switch|p2a: FreeCaneMerchant|Zapdos|100/100
|turn|1
|
|t:|1781415823
|move|p2a: FreeCaneMerchant|Volt Switch|p1a: Kingambit
|-damage|p1a: Kingambit|44/100
|
|t:|1781415830
|switch|p2a: Hydrippy|Hydrapple, M|100/100|[from] Volt Switch
|move|p1a: Kingambit|Swords Dance|p1a: Kingambit
|-boost|p1a: Kingambit|atk|2
|
|-heal|p1a: Kingambit|50/100|[from] item: Leftovers
|upkeep
|turn|2
|
|t:|1781415834
|-terastallize|p1a: Kingambit|Dark
|move|p1a: Kingambit|Kowtow Cleave|p2a: Hydrippy
|-damage|p2a: Hydrippy|31/100
|move|p2a: Hydrippy|Earth Power|p1a: Kingambit
|-damage|p1a: Kingambit|25/100
|
|-heal|p1a: Kingambit|32/100|[from] item: Leftovers
|upkeep
|turn|3
|inactive|altyWIN has 120 seconds left.
|inactive|altyWIN has 90 seconds left.
|inactive|altyWIN has 60 seconds left.
|
|t:|1781415928
|switch|p2a: Kim K|Hatterene, F|100/100
|move|p1a: Kingambit|Kowtow Cleave|p2a: Kim K
|-damage|p2a: Kim K|0 fnt
|faint|p2a: Kim K
|
|-heal|p1a: Kingambit|38/100|[from] item: Leftovers
|upkeep
|
|t:|1781415930
|switch|p2a: Hydrippy|Hydrapple, M|64/100
|turn|4
|inactive|altyWIN has 60 seconds left.
|
|t:|1781415951
|switch|p2a: Cardi B|Alomomola, L99, M|100/100
|move|p1a: Kingambit|Kowtow Cleave|p2a: Cardi B
|-damage|p2a: Cardi B|31/100
|
|-heal|p1a: Kingambit|44/100|[from] item: Leftovers
|upkeep
|turn|5
|inactive|altyWIN has 60 seconds left.
|
|t:|1781415973
|switch|p2a: Hydrippy|Hydrapple, M|97/100
|move|p1a: Kingambit|Kowtow Cleave|p2a: Hydrippy
|-damage|p2a: Hydrippy|25/100
|
|-heal|p1a: Kingambit|50/100|[from] item: Leftovers
|upkeep
|turn|6
|inactive|altyWIN has 30 seconds left.
|
|t:|1781416001
|switch|p2a: Goatyranny|Tyranitar, F|100/100
|-weather|Sandstorm|[from] ability: Sand Stream|[of] p2a: Goatyranny
|move|p1a: Kingambit|Kowtow Cleave|p2a: Goatyranny
|-resisted|p2a: Goatyranny
|-damage|p2a: Goatyranny|35/100
|
|-weather|Sandstorm|[upkeep]
|-damage|p1a: Kingambit|44/100|[from] Sandstorm
|-heal|p1a: Kingambit|50/100|[from] item: Leftovers
|upkeep
|turn|7
|inactive|altyWIN has 30 seconds left.
|
|t:|1781416014
|switch|p2a: Childinthemines|Excadrill, M|100/100
|move|p1a: Kingambit|Sucker Punch||[still]
|-fail|p1a: Kingambit
|
|-weather|Sandstorm|[upkeep]
|-damage|p1a: Kingambit|44/100|[from] Sandstorm
|-heal|p1a: Kingambit|50/100|[from] item: Leftovers
|upkeep
|turn|8
|inactive|altyWIN has 30 seconds left.
|
|t:|1781416029
|-terastallize|p2a: Childinthemines|Dark
|move|p2a: Childinthemines|Earthquake|p1a: Kingambit
|-damage|p1a: Kingambit|0 fnt
|faint|p1a: Kingambit
|-end|p1a: Kingambit|fallenundefined|[silent]
|
|-weather|Sandstorm|[upkeep]
|upkeep
|
|t:|1781416032
|switch|p1a: Barraskewda|Barraskewda, M|100/100
|turn|9
|
|t:|1781416041
|switch|p1a: Pelipper|Pelipper, F|100/100
|-weather|RainDance|[from] ability: Drizzle|[of] p1a: Pelipper
|move|p2a: Childinthemines|Earthquake|p1a: Pelipper
|-immune|p1a: Pelipper
|
|-weather|RainDance|[upkeep]
|upkeep
|turn|10
|
|t:|1781416046
|switch|p2a: FreeCaneMerchant|Zapdos|100/100
|move|p1a: Pelipper|Hurricane|p2a: FreeCaneMerchant
|-resisted|p2a: FreeCaneMerchant
|-damage|p2a: FreeCaneMerchant|79/100
|
|-weather|RainDance|[upkeep]
|upkeep
|turn|11
|inactive|altyWIN has 30 seconds left.
|
|t:|1781416072
|switch|p1a: Raging Bolt|Raging Bolt|100/100
|-enditem|p1a: Raging Bolt|Booster Energy
|-activate|p1a: Raging Bolt|ability: Protosynthesis|[fromitem]
|-start|p1a: Raging Bolt|protosynthesisspa
|move|p2a: FreeCaneMerchant|Weather Ball|p1a: Raging Bolt
|-resisted|p1a: Raging Bolt
|-damage|p1a: Raging Bolt|69/100
|
|-weather|RainDance|[upkeep]
|upkeep
|turn|12
|inactive|altyWIN has 30 seconds left.
|
|t:|1781416083
|switch|p2a: Childinthemines|Excadrill, M, tera:Dark|100/100
|move|p1a: Raging Bolt|Thunder|p2a: Childinthemines
|-damage|p2a: Childinthemines|0 fnt
|faint|p2a: Childinthemines
|
|-weather|RainDance|[upkeep]
|upkeep
|inactive|altyWIN has 30 seconds left this turn.
|inactive|altyWIN has 20 seconds left.
|
|t:|1781416098
|switch|p2a: Hydrippy|Hydrapple, M|58/100
|turn|13
|inactive|altyWIN has 30 seconds left this turn.
|
|t:|1781416102
|move|p1a: Raging Bolt|Draco Meteor|p2a: Hydrippy
|-supereffective|p2a: Hydrippy
|-crit|p2a: Hydrippy
|-damage|p2a: Hydrippy|0 fnt
|-unboost|p1a: Raging Bolt|spa|2
|faint|p2a: Hydrippy
|
|-weather|RainDance|[upkeep]
|upkeep
|
|t:|1781416106
|switch|p2a: FreeCaneMerchant|Zapdos|79/100
|turn|14
|
|t:|1781416111
|move|p2a: FreeCaneMerchant|Hurricane|p1a: Raging Bolt
|-resisted|p1a: Raging Bolt
|-damage|p1a: Raging Bolt|30/100
|move|p1a: Raging Bolt|Thunder|p2a: FreeCaneMerchant
|-damage|p2a: FreeCaneMerchant|31/100
|
|-weather|RainDance|[upkeep]
|upkeep
|turn|15
|
|t:|1781416112
|move|p1a: Raging Bolt|Thunderclap|p2a: FreeCaneMerchant
|-damage|p2a: FreeCaneMerchant|0 fnt
|faint|p2a: FreeCaneMerchant
|
|-weather|RainDance|[upkeep]
|upkeep
|
|t:|1781416115
|switch|p2a: Goatyranny|Tyranitar, F|35/100
|-weather|Sandstorm|[from] ability: Sand Stream|[of] p2a: Goatyranny
|turn|16
|
|t:|1781416115
|move|p1a: Raging Bolt|Thunderclap|p2a: Goatyranny
|-damage|p2a: Goatyranny|18/100
|move|p2a: Goatyranny|Knock Off|p1a: Raging Bolt
|-damage|p1a: Raging Bolt|0 fnt
|faint|p1a: Raging Bolt
|-end|p1a: Raging Bolt|Protosynthesis|[silent]
|
|-weather|Sandstorm|[upkeep]
|upkeep
|
|t:|1781416117
|switch|p1a: Overqwil|Overqwil, F|100/100
|turn|17
|
|t:|1781416118
|move|p1a: Overqwil|Crunch|p2a: Goatyranny
|-resisted|p2a: Goatyranny
|-damage|p2a: Goatyranny|0 fnt
|faint|p2a: Goatyranny
|-damage|p1a: Overqwil|91/100|[from] item: Life Orb
|
|-weather|Sandstorm|[upkeep]
|-damage|p1a: Overqwil|85/100|[from] Sandstorm
|upkeep
|
|t:|1781416119
|switch|p2a: Cardi B|Alomomola, L99, M|64/100
|turn|18
|
|t:|1781416120
|move|p1a: Overqwil|Swords Dance|p1a: Overqwil
|-boost|p1a: Overqwil|atk|2
|move|p2a: Cardi B|Flip Turn|p1a: Overqwil
|-damage|p1a: Overqwil|65/100
|
|-weather|Sandstorm|[upkeep]
|-damage|p1a: Overqwil|59/100|[from] Sandstorm
|-damage|p2a: Cardi B|58/100|[from] Sandstorm
|upkeep
|turn|19
|-message|altyWIN forfeited.
|
|win|LowEL0God
|raw|LowEL0God's rating: 1563 &rarr; <strong>1584</strong><br />(+21 for winning)
|raw|altyWIN's rating: 1588 &rarr; <strong>1567</strong><br />(-21 for losing)
|l|☆altyWIN
|player|p2|
|c|☆LowEL0God|gg
|l|☆LowEL0God
|player|p1|
