|j|☆Izlymoney
|j|☆CDPGuillaume
|t:|1781303140
|gametype|singles
|player|p1|Izlymoney|2|1660
|player|p2|CDPGuillaume|170|1689
|gen|9
|tier|[Gen 9] OU
|rated|
|rule|HP Percentage Mod: HP is shown in percentages
|rule|Endless Battle Clause: Forcing endless battles is banned
|rule|Species Clause: Limit one of each Pokémon
|rule|OHKO Clause: OHKO moves are banned
|rule|Evasion Items Clause: Evasion items are banned
|rule|Evasion Moves Clause: Evasion moves are banned
|rule|Evasion Abilities Clause: Evasion abilities are banned
|rule|Sleep Moves Clause: Sleep-inducing moves are banned
|clearpoke
|poke|p1|Cramorant, M|
|poke|p1|Gallade, M|
|poke|p1|Kingambit, F|
|poke|p1|Iron Moth|
|poke|p1|Enamorus, F|
|poke|p1|Ogerpon-Cornerstone, F|
|poke|p2|Iron Hands|
|poke|p2|Landorus-Therian, M|
|poke|p2|Kingambit, M|
|poke|p2|Rillaboom, F|
|poke|p2|Kyurem|
|poke|p2|Cinderace, F|
|teampreview
|inactive|Battle timer is ON: inactive players will automatically lose when time's up. (requested by CDPGuillaume)
|
|t:|1781303154
|teamsize|p1|6
|teamsize|p2|6
|start
|switch|p1a: Cramorant|Cramorant, M, shiny|100/100
|switch|p2a: Iron Hands|Iron Hands|100/100
|turn|1
|
|t:|1781303160
|move|p1a: Cramorant|Surf|p2a: Iron Hands
|-formechange|p1a: Cramorant|Cramorant-Gulping|
|-crit|p2a: Iron Hands
|-damage|p2a: Iron Hands|72/100
|move|p2a: Iron Hands|Drain Punch|p1a: Cramorant
|-resisted|p1a: Cramorant
|-damage|p1a: Cramorant|53/100
|-heal|p2a: Iron Hands|86/100|[from] drain|[of] p1a: Cramorant
|-damage|p2a: Iron Hands|62/100|[from] ability: Gulp Missile|[of] p1a: Cramorant
|-unboost|p2a: Iron Hands|def|1
|-formechange|p1a: Cramorant|Cramorant|
|
|upkeep
|turn|2
|
|t:|1781303177
|move|p1a: Cramorant|Tailwind|p1a: Cramorant
|-sidestart|p1: Izlymoney|move: Tailwind
|move|p2a: Iron Hands|Ice Punch|p1a: Cramorant
|-damage|p1a: Cramorant|0 fnt
|faint|p1a: Cramorant
|
|upkeep
|
|t:|1781303183
|switch|p1a: Gallade|Gallade, M|100/100
|turn|3
|
|t:|1781303187
|-end|p2a: Iron Hands|Quark Drive|[silent]
|switch|p2a: Landorus|Landorus-Therian, M|100/100
|-ability|p2a: Landorus|Intimidate|boost
|-unboost|p1a: Gallade|atk|1
|move|p1a: Gallade|Swords Dance|p1a: Gallade
|-boost|p1a: Gallade|atk|2
|
|upkeep
|turn|4
|
|t:|1781303194
|switch|p2a: Kingambit|Kingambit, M|100/100
|move|p1a: Gallade|Psycho Cut|p2a: Kingambit
|-immune|p2a: Kingambit
|
|upkeep
|turn|5
|
|t:|1781303196
|-end|p2a: Kingambit|fallenundefined|[silent]
|switch|p2a: Landorus|Landorus-Therian, M|100/100
|-ability|p2a: Landorus|Intimidate|boost
|-unboost|p1a: Gallade|atk|1
|move|p1a: Gallade|Sacred Sword|p2a: Landorus
|-resisted|p2a: Landorus
|-damage|p2a: Landorus|70/100
|-damage|p1a: Gallade|84/100|[from] item: Rocky Helmet|[of] p2a: Landorus
|
|-sideend|p1: Izlymoney|move: Tailwind
|upkeep
|turn|6
|
|t:|1781303202
|move|p2a: Landorus|U-turn|p1a: Gallade
|-damage|p1a: Gallade|46/100
|
|t:|1781303207
|switch|p2a: Cinderace|Cinderace, F|100/100|[from] U-turn
|move|p1a: Gallade|Psycho Cut|p2a: Cinderace
|-damage|p2a: Cinderace|29/100
|
|upkeep
|turn|7
|
|t:|1781303211
|move|p1a: Gallade|Shadow Sneak|p2a: Cinderace
|-damage|p2a: Cinderace|9/100
|move|p2a: Cinderace|U-turn|p1a: Gallade
|-start|p2a: Cinderace|typechange|Bug|[from] ability: Libero
|-damage|p1a: Gallade|0 fnt
|faint|p1a: Gallade
|
|t:|1781303220
|switch|p2a: Kyurem|Kyurem|100/100|[from] U-turn
|-ability|p2a: Kyurem|Pressure
|
|upkeep
|
|t:|1781303226
|switch|p1a: Ogerpon|Ogerpon-Cornerstone, F|100/100
|turn|8
|
|t:|1781303228
|switch|p2a: Landorus|Landorus-Therian, M|70/100
|-ability|p2a: Landorus|Intimidate|boost
|-unboost|p1a: Ogerpon|atk|1
|move|p1a: Ogerpon|Ivy Cudgel|p2a: Landorus|[anim] Ivy Cudgel Rock
|-damage|p2a: Landorus|34/100
|
|upkeep
|turn|9
|
|t:|1781303234
|move|p1a: Ogerpon|Ivy Cudgel|p2a: Landorus|[anim] Ivy Cudgel Rock
|-damage|p2a: Landorus|0 fnt
|faint|p2a: Landorus
|
|upkeep
|
|t:|1781303238
|switch|p2a: Cinderace|Cinderace, F|9/100
|turn|10
|
|t:|1781303241
|switch|p1a: Iron Moth|Iron Moth|100/100
|-enditem|p1a: Iron Moth|Booster Energy
|-activate|p1a: Iron Moth|ability: Quark Drive|[fromitem]
|-start|p1a: Iron Moth|quarkdrivespe
|move|p2a: Cinderace|High Jump Kick|p1a: Iron Moth
|-start|p2a: Cinderace|typechange|Fighting|[from] ability: Libero
|-resisted|p1a: Iron Moth
|-damage|p1a: Iron Moth|51/100
|
|upkeep
|turn|11
|
|t:|1781303248
|move|p1a: Iron Moth|Fiery Dance|p2a: Cinderace
|-damage|p2a: Cinderace|0 fnt
|-boost|p1a: Iron Moth|spa|1
|faint|p2a: Cinderace
|
|upkeep
|
|t:|1781303259
|switch|p2a: Iron Hands|Iron Hands|62/100
|turn|12
|
|t:|1781303262
|move|p1a: Iron Moth|Dazzling Gleam|p2a: Iron Hands
|-supereffective|p2a: Iron Hands
|-damage|p2a: Iron Hands|19/100
|move|p2a: Iron Hands|Earthquake|p1a: Iron Moth
|-supereffective|p1a: Iron Moth
|-damage|p1a: Iron Moth|0 fnt
|faint|p1a: Iron Moth
|-end|p1a: Iron Moth|Quark Drive|[silent]
|
|upkeep
|
|t:|1781303270
|switch|p1a: Enamorus|Enamorus, F|100/100
|turn|13
|
|t:|1781303274
|move|p1a: Enamorus|Moonblast|p2a: Iron Hands
|-supereffective|p2a: Iron Hands
|-damage|p2a: Iron Hands|0 fnt
|faint|p2a: Iron Hands
|-end|p2a: Iron Hands|Quark Drive|[silent]
|
|upkeep
|
|t:|1781303279
|switch|p2a: Kingambit|Kingambit, M|100/100
|-activate|p2a: Kingambit|ability: Supreme Overlord
|-start|p2a: Kingambit|fallen3|[silent]
|turn|14
|
|t:|1781303284
|move|p1a: Enamorus|Superpower|p2a: Kingambit
|-supereffective|p2a: Kingambit
|-damage|p2a: Kingambit|12/100
|-boost|p1a: Enamorus|atk|1
|-boost|p1a: Enamorus|def|1
|move|p2a: Kingambit|Iron Head|p1a: Enamorus
|-supereffective|p1a: Enamorus
|-enditem|p1a: Enamorus|Focus Sash
|-damage|p1a: Enamorus|1/100
|
|-heal|p2a: Kingambit|18/100|[from] item: Leftovers
|upkeep
|turn|15
|
|t:|1781303292
|move|p2a: Kingambit|Sucker Punch||[still]
|-fail|p2a: Kingambit
|move|p1a: Enamorus|Healing Wish|p1a: Enamorus
|faint|p1a: Enamorus
|
|-heal|p2a: Kingambit|24/100|[from] item: Leftovers
|upkeep
|
|t:|1781303298
|switch|p1a: Kingambit|Kingambit, F|100/100
|-activate|p1a: Kingambit|ability: Supreme Overlord
|-start|p1a: Kingambit|fallen4|[silent]
|turn|16
|
|t:|1781303306
|move|p1a: Kingambit|Low Kick|p2a: Kingambit
|-supereffective|p2a: Kingambit
|-damage|p2a: Kingambit|0 fnt
|faint|p2a: Kingambit
|-end|p2a: Kingambit|fallen3|[silent]
|-damage|p1a: Kingambit|91/100|[from] item: Life Orb
|
|upkeep
|
|t:|1781303322
|switch|p2a: Kyurem|Kyurem|100/100
|-ability|p2a: Kyurem|Pressure
|turn|17
|
|t:|1781303327
|move|p2a: Kyurem|Earth Power|p1a: Kingambit
|-supereffective|p1a: Kingambit
|-damage|p1a: Kingambit|0 fnt
|faint|p1a: Kingambit
|-end|p1a: Kingambit|fallen4|[silent]
|
|upkeep
|
|t:|1781303330
|switch|p1a: Ogerpon|Ogerpon-Cornerstone, F|100/100
|turn|18
|inactive|CDPGuillaume has 120 seconds left.
|
|t:|1781303380
|-terastallize|p2a: Kyurem|Fairy
|move|p1a: Ogerpon|Power Whip|p2a: Kyurem
|-damage|p2a: Kyurem|39/100
|move|p2a: Kyurem|Earth Power|p1a: Ogerpon
|-damage|p1a: Ogerpon|46/100
|
|upkeep
|turn|19
|
|t:|1781303389
|move|p1a: Ogerpon|Ivy Cudgel|p2a: Kyurem|[anim] Ivy Cudgel Rock
|-crit|p2a: Kyurem
|-damage|p2a: Kyurem|0 fnt
|faint|p2a: Kyurem
|
|upkeep
|
|t:|1781303392
|switch|p2a: Rillaboom|Rillaboom, F|100/100
|-fieldstart|move: Grassy Terrain|[from] ability: Grassy Surge|[of] p2a: Rillaboom
|turn|20
|
|t:|1781303398
|move|p2a: Rillaboom|Grassy Glide|p1a: Ogerpon
|-damage|p1a: Ogerpon|0 fnt
|faint|p1a: Ogerpon
|
|win|CDPGuillaume
|raw|Izlymoney's rating: 1660 &rarr; <strong>1642</strong><br />(-18 for losing)
|raw|CDPGuillaume's rating: 1689 &rarr; <strong>1707</strong><br />(+18 for winning)
|l|☆CDPGuillaume
|player|p2|
