|j|☆plodu
|j|☆Archerdadon
|t:|1781547112
|gametype|singles
|player|p1|plodu|skierf-gen4dp|1582
|player|p2|Archerdadon|marshal|1564
|gen|9
|tier|[Gen 9] OU
|rated|
|rule|HP Percentage Mod: HP is shown in percentages
|rule|Endless Battle Clause: Forcing endless battles is banned
|rule|Species Clause: Limit one of each Pokémon
|rule|OHKO Clause: OHKO moves are banned
|rule|Evasion Items Clause: Evasion items are banned
|rule|Evasion Moves Clause: Evasion moves are banned
|rule|Evasion Abilities Clause: Evasion abilities are banned
|rule|Sleep Moves Clause: Sleep-inducing moves are banned
|clearpoke
|poke|p1|Gliscor, M|
|poke|p1|Clefable, F|
|poke|p1|Skarmory, M|
|poke|p1|Dragonite, F|
|poke|p1|Iron Valiant|
|poke|p1|Kingambit, M|
|poke|p2|Dondozo, F|
|poke|p2|Great Tusk|
|poke|p2|Ting-Lu|
|poke|p2|Glimmora, F|
|poke|p2|Primarina, M|
|poke|p2|Hydrapple, M|
|teampreview
|inactive|Battle timer is ON: inactive players will automatically lose when time's up. (requested by plodu)
|l|☆Archerdadon
|inactive|Archerdadon disconnected and has a minute to reconnect!
|player|p2|
|j|☆Archerdadon
|inactive|Archerdadon reconnected and has 140 seconds left.
|player|p2|Archerdadon|marshal|
|
|t:|1781547130
|teamsize|p1|6
|teamsize|p2|6
|start
|switch|p1a: Clefable|Clefable, F|100/100
|switch|p2a: Glimmora|Glimmora, F|100/100
|turn|1
|
|t:|1781547136
|switch|p1a: Gliscor|Gliscor, M|100/100
|move|p2a: Glimmora|Sludge Wave|p1a: Gliscor
|-resisted|p1a: Gliscor
|-damage|p1a: Gliscor|77/100
|
|-status|p1a: Gliscor|tox|[from] item: Toxic Orb
|upkeep
|turn|2
|
|t:|1781547141
|move|p2a: Glimmora|Power Gem|p1a: Gliscor
|-damage|p1a: Gliscor|43/100 tox
|move|p1a: Gliscor|Swords Dance|p1a: Gliscor
|-boost|p1a: Gliscor|atk|2
|
|-heal|p1a: Gliscor|56/100 tox|[from] ability: Poison Heal
|upkeep
|turn|3
|
|t:|1781547144
|move|p1a: Gliscor|Protect|p1a: Gliscor
|-singleturn|p1a: Gliscor|Protect
|move|p2a: Glimmora|Power Gem|p1a: Gliscor
|-activate|p1a: Gliscor|move: Protect
|
|-heal|p1a: Gliscor|68/100 tox|[from] ability: Poison Heal
|upkeep
|turn|4
|
|t:|1781547150
|move|p2a: Glimmora|Power Gem|p1a: Gliscor
|-damage|p1a: Gliscor|33/100 tox
|move|p1a: Gliscor|Swords Dance|p1a: Gliscor
|-boost|p1a: Gliscor|atk|2
|
|-heal|p1a: Gliscor|46/100 tox|[from] ability: Poison Heal
|upkeep
|turn|5
|
|t:|1781547156
|move|p1a: Gliscor|Protect|p1a: Gliscor
|-singleturn|p1a: Gliscor|Protect
|move|p2a: Glimmora|Power Gem|p1a: Gliscor
|-activate|p1a: Gliscor|move: Protect
|
|-heal|p1a: Gliscor|58/100 tox|[from] ability: Poison Heal
|upkeep
|turn|6
|
|t:|1781547160
|switch|p2a: Dondozo|Dondozo, F|100/100
|move|p1a: Gliscor|Knock Off|p2a: Dondozo
|-damage|p2a: Dondozo|91/100
|-enditem|p2a: Dondozo|Leftovers|[from] move: Knock Off|[of] p1a: Gliscor
|
|-heal|p1a: Gliscor|71/100 tox|[from] ability: Poison Heal
|upkeep
|turn|7
|
|t:|1781547169
|switch|p1a: Iron Valiant|Iron Valiant|100/100
|-enditem|p1a: Iron Valiant|Booster Energy
|-activate|p1a: Iron Valiant|ability: Quark Drive|[fromitem]
|-start|p1a: Iron Valiant|quarkdrivespe
|move|p2a: Dondozo|Curse|p2a: Dondozo
|-unboost|p2a: Dondozo|spe|1
|-boost|p2a: Dondozo|atk|1
|-boost|p2a: Dondozo|def|1
|
|upkeep
|turn|8
|
|t:|1781547173
|switch|p2a: Primarina|Primarina, M|100/100
|move|p1a: Iron Valiant|Moonblast|p2a: Primarina
|-damage|p2a: Primarina|75/100
|-unboost|p2a: Primarina|spa|1
|
|upkeep
|turn|9
|
|t:|1781547181
|-end|p1a: Iron Valiant|Quark Drive|[silent]
|switch|p1a: Clefable|Clefable, F|100/100
|move|p2a: Primarina|Psychic Noise|p1a: Clefable
|-crit|p1a: Clefable
|-damage|p1a: Clefable|41/100
|-start|p1a: Clefable|move: Heal Block
|
|upkeep
|turn|10
|
|t:|1781547190
|move|p1a: Clefable|Stealth Rock|p2a: Primarina
|-sidestart|p2: Archerdadon|move: Stealth Rock
|move|p2a: Primarina|Psychic Noise|p1a: Clefable
|-damage|p1a: Clefable|14/100
|
|-end|p1a: Clefable|move: Heal Block
|upkeep
|turn|11
|
|t:|1781547196
|move|p1a: Clefable|Moonlight|p1a: Clefable
|-heal|p1a: Clefable|64/100
|move|p2a: Primarina|Flip Turn|p1a: Clefable
|-damage|p1a: Clefable|53/100
|
|t:|1781547201
|switch|p2a: Great Tusk|Great Tusk|100/100|[from] Flip Turn
|
|-heal|p1a: Clefable|59/100|[from] item: Leftovers
|upkeep
|turn|12
|
|t:|1781547205
|move|p2a: Great Tusk|Rapid Spin|p1a: Clefable
|-damage|p1a: Clefable|46/100
|-boost|p2a: Great Tusk|spe|1
|-sideend|p2: Archerdadon|Stealth Rock|[from] move: Rapid Spin|[of] p2a: Great Tusk
|move|p1a: Clefable|Moonblast|p2a: Great Tusk
|-supereffective|p2a: Great Tusk
|-damage|p2a: Great Tusk|23/100
|
|-heal|p1a: Clefable|53/100|[from] item: Leftovers
|upkeep
|turn|13
|
|t:|1781547208
|move|p2a: Great Tusk|Headlong Rush|p1a: Clefable
|-damage|p1a: Clefable|10/100
|-unboost|p2a: Great Tusk|def|1
|-unboost|p2a: Great Tusk|spd|1
|move|p1a: Clefable|Moonlight|p1a: Clefable
|-heal|p1a: Clefable|60/100
|
|-heal|p1a: Clefable|66/100|[from] item: Leftovers
|upkeep
|turn|14
|
|t:|1781547215
|-end|p2a: Great Tusk|Protosynthesis|[silent]
|switch|p2a: Glimmora|Glimmora, F|100/100
|move|p1a: Clefable|Moonblast|p2a: Glimmora
|-resisted|p2a: Glimmora
|-damage|p2a: Glimmora|78/100
|-unboost|p2a: Glimmora|spa|1
|
|-heal|p1a: Clefable|72/100|[from] item: Leftovers
|upkeep
|turn|15
|
|t:|1781547220
|switch|p1a: Gliscor|Gliscor, M|71/100 tox
|move|p2a: Glimmora|Power Gem|p1a: Gliscor
|-damage|p1a: Gliscor|46/100 tox
|
|-heal|p1a: Gliscor|58/100 tox|[from] ability: Poison Heal
|upkeep
|turn|16
|
|t:|1781547244
|switch|p2a: Primarina|Primarina, M|75/100
|switch|p1a: Clefable|Clefable, F|72/100
|
|-heal|p1a: Clefable|78/100|[from] item: Leftovers
|upkeep
|turn|17
|
|t:|1781547254
|move|p2a: Primarina|Moonblast|p1a: Clefable
|-damage|p1a: Clefable|32/100
|move|p1a: Clefable|Stealth Rock|p2a: Primarina
|-sidestart|p2: Archerdadon|move: Stealth Rock
|
|-heal|p1a: Clefable|38/100|[from] item: Leftovers
|upkeep
|turn|18
|
|t:|1781547264
|switch|p1a: Skarmory|Skarmory, M|100/100
|move|p2a: Primarina|Surf|p1a: Skarmory
|-damage|p1a: Skarmory|29/100
|
|upkeep
|turn|19
|
|t:|1781547270
|move|p1a: Skarmory|Spikes|p2a: Primarina
|-sidestart|p2: Archerdadon|Spikes
|move|p2a: Primarina|Surf|p1a: Skarmory
|-crit|p1a: Skarmory
|-damage|p1a: Skarmory|0 fnt
|faint|p1a: Skarmory
|
|upkeep
|
|t:|1781547294
|switch|p1a: Kingambit|Kingambit, M|100/100
|-activate|p1a: Kingambit|ability: Supreme Overlord
|-start|p1a: Kingambit|fallen1|[silent]
|turn|20
|
|t:|1781547298
|switch|p2a: Glimmora|Glimmora, F|78/100
|-damage|p2a: Glimmora|66/100|[from] Stealth Rock
|-damage|p2a: Glimmora|54/100|[from] Spikes
|move|p1a: Kingambit|Iron Head|p2a: Glimmora
|-supereffective|p2a: Glimmora
|-damage|p2a: Glimmora|0 fnt
|-activate|p2a: Glimmora|ability: Toxic Debris
|-sidestart|p1: plodu|move: Toxic Spikes
|faint|p2a: Glimmora
|
|upkeep
|
|t:|1781547307
|switch|p2a: Great Tusk|Great Tusk|23/100
|turn|21
|
|t:|1781547312
|move|p2a: Great Tusk|Rapid Spin|p1a: Kingambit
|-resisted|p1a: Kingambit
|-damage|p1a: Kingambit|94/100
|-boost|p2a: Great Tusk|spe|1
|-sideend|p2: Archerdadon|Spikes|[from] move: Rapid Spin|[of] p2a: Great Tusk
|-sideend|p2: Archerdadon|Stealth Rock|[from] move: Rapid Spin|[of] p2a: Great Tusk
|move|p1a: Kingambit|Iron Head|p2a: Great Tusk
|-damage|p2a: Great Tusk|0 fnt
|faint|p2a: Great Tusk
|-end|p2a: Great Tusk|Protosynthesis|[silent]
|
|-heal|p1a: Kingambit|99/100|[from] item: Leftovers
|upkeep
|
|t:|1781547321
|switch|p2a: Dondozo|Dondozo, F|91/100
|turn|22
|
|t:|1781547325
|-end|p1a: Kingambit|fallen1|[silent]
|switch|p1a: Iron Valiant|Iron Valiant|100/100
|-status|p1a: Iron Valiant|psn
|switch|p2a: Ting-Lu|Ting-Lu|100/100
|-ability|p2a: Ting-Lu|Vessel of Ruin
|
|-damage|p1a: Iron Valiant|88/100 psn|[from] psn
|upkeep
|turn|23
|
|t:|1781547329
|-terastallize|p2a: Ting-Lu|Ghost
|move|p1a: Iron Valiant|Calm Mind|p1a: Iron Valiant
|-boost|p1a: Iron Valiant|spa|1
|-boost|p1a: Iron Valiant|spd|1
|move|p2a: Ting-Lu|Stealth Rock|p1a: Iron Valiant
|-sidestart|p1: plodu|move: Stealth Rock
|
|-damage|p1a: Iron Valiant|76/100 psn|[from] psn
|upkeep
|turn|24
|
|t:|1781547342
|move|p1a: Iron Valiant|Calm Mind|p1a: Iron Valiant
|-boost|p1a: Iron Valiant|spa|1
|-boost|p1a: Iron Valiant|spd|1
|move|p2a: Ting-Lu|Earthquake|p1a: Iron Valiant
|-damage|p1a: Iron Valiant|32/100 psn
|
|-damage|p1a: Iron Valiant|19/100 psn|[from] psn
|upkeep
|turn|25
|
|t:|1781547347
|move|p1a: Iron Valiant|Shadow Ball|p2a: Ting-Lu
|-supereffective|p2a: Ting-Lu
|-damage|p2a: Ting-Lu|54/100
|move|p2a: Ting-Lu|Rest|p2a: Ting-Lu
|-status|p2a: Ting-Lu|slp|[from] move: Rest
|-heal|p2a: Ting-Lu|100/100 slp|[silent]
|
|-damage|p1a: Iron Valiant|7/100 psn|[from] psn
|upkeep
|turn|26
|
|t:|1781547352
|move|p1a: Iron Valiant|Shadow Ball|p2a: Ting-Lu
|-supereffective|p2a: Ting-Lu
|-damage|p2a: Ting-Lu|54/100 slp
|cant|p2a: Ting-Lu|slp
|
|-heal|p2a: Ting-Lu|60/100 slp|[from] item: Leftovers
|-damage|p1a: Iron Valiant|0 fnt|[from] psn
|faint|p1a: Iron Valiant
|-end|p1a: Iron Valiant|Quark Drive|[silent]
|upkeep
|
|t:|1781547364
|switch|p1a: Clefable|Clefable, F|38/100
|-status|p1a: Clefable|psn
|turn|27
|
|t:|1781547368
|switch|p2a: Primarina|Primarina, M|75/100
|move|p1a: Clefable|Moonlight|p1a: Clefable
|-heal|p1a: Clefable|88/100 psn
|
|-heal|p1a: Clefable|94/100 psn|[from] item: Leftovers
|upkeep
|turn|28
|
|t:|1781547372
|move|p1a: Clefable|Thunder Wave|p2a: Primarina
|-status|p2a: Primarina|par
|move|p2a: Primarina|Moonblast|p1a: Clefable
|-damage|p1a: Clefable|42/100 psn
|
|-heal|p1a: Clefable|48/100 psn|[from] item: Leftovers
|upkeep
|turn|29
|
|t:|1781547379
|move|p1a: Clefable|Moonlight|p1a: Clefable
|-heal|p1a: Clefable|98/100 psn
|move|p2a: Primarina|Moonblast|p1a: Clefable
|-damage|p1a: Clefable|49/100 psn
|-unboost|p1a: Clefable|spa|1
|
|-heal|p1a: Clefable|55/100 psn|[from] item: Leftovers
|upkeep
|turn|30
|
|t:|1781547385
|switch|p1a: Kingambit|Kingambit, M|99/100
|-damage|p1a: Kingambit|94/100|[from] Stealth Rock
|-activate|p1a: Kingambit|ability: Supreme Overlord
|-start|p1a: Kingambit|fallen2|[silent]
|move|p2a: Primarina|Psychic Noise|p1a: Kingambit
|-damage|p1a: Kingambit|41/100
|-start|p1a: Kingambit|move: Heal Block
|
|upkeep
|turn|31
|
|t:|1781547394
|switch|p2a: Hydrapple|Hydrapple, M|100/100
|move|p1a: Kingambit|Iron Head|p2a: Hydrapple
|-damage|p2a: Hydrapple|66/100
|-damage|p1a: Kingambit|25/100|[from] item: Rocky Helmet|[of] p2a: Hydrapple
|
|-end|p1a: Kingambit|move: Heal Block
|upkeep
|turn|32
|
|t:|1781547403
|move|p1a: Kingambit|Iron Head|p2a: Hydrapple
|-damage|p2a: Hydrapple|36/100
|-damage|p1a: Kingambit|8/100|[from] item: Rocky Helmet|[of] p2a: Hydrapple
|move|p2a: Hydrapple|Earth Power|p1a: Kingambit
|-supereffective|p1a: Kingambit
|-damage|p1a: Kingambit|0 fnt
|faint|p1a: Kingambit
|-end|p1a: Kingambit|fallen2|[silent]
|
|upkeep
|
|t:|1781547417
|switch|p1a: Gliscor|Gliscor, M|58/100 tox
|-damage|p1a: Gliscor|46/100 tox|[from] Stealth Rock
|turn|33
|
|t:|1781547423
|move|p1a: Gliscor|Swords Dance|p1a: Gliscor
|-boost|p1a: Gliscor|atk|2
|move|p2a: Hydrapple|Giga Drain|p1a: Gliscor
|-damage|p1a: Gliscor|20/100 tox
|-heal|p2a: Hydrapple|47/100|[from] drain|[of] p1a: Gliscor
|
|-heal|p1a: Gliscor|32/100 tox|[from] ability: Poison Heal
|upkeep
|turn|34
|
|t:|1781547434
|switch|p2a: Dondozo|Dondozo, F|91/100
|-terastallize|p1a: Gliscor|Normal
|move|p1a: Gliscor|Facade|p2a: Dondozo
|-damage|p2a: Dondozo|72/100
|
|-heal|p1a: Gliscor|45/100 tox|[from] ability: Poison Heal
|upkeep
|turn|35
|
|t:|1781547441
|move|p1a: Gliscor|Protect|p1a: Gliscor
|-singleturn|p1a: Gliscor|Protect
|move|p2a: Dondozo|Waterfall|p1a: Gliscor
|-activate|p1a: Gliscor|move: Protect
|
|-heal|p1a: Gliscor|57/100 tox|[from] ability: Poison Heal
|upkeep
|turn|36
|
|t:|1781547448
|switch|p1a: Clefable|Clefable, F|55/100 psn
|move|p2a: Dondozo|Waterfall|p1a: Clefable
|-damage|p1a: Clefable|35/100 psn
|
|-heal|p1a: Clefable|41/100 psn|[from] item: Leftovers
|upkeep
|turn|37
|
|t:|1781547453
|switch|p2a: Primarina|Primarina, M|75/100 par
|move|p1a: Clefable|Moonlight|p1a: Clefable
|-heal|p1a: Clefable|91/100 psn
|
|-heal|p1a: Clefable|97/100 psn|[from] item: Leftovers
|upkeep
|turn|38
|
|t:|1781547457
|move|p1a: Clefable|Stealth Rock|p2a: Primarina
|-sidestart|p2: Archerdadon|move: Stealth Rock
|move|p2a: Primarina|Psychic Noise|p1a: Clefable
|-damage|p1a: Clefable|57/100 psn
|-start|p1a: Clefable|move: Heal Block
|
|upkeep
|turn|39
|
|t:|1781547465
|move|p1a: Clefable|Moonblast|p2a: Primarina
|-damage|p2a: Primarina|59/100 par
|move|p2a: Primarina|Moonblast|p1a: Clefable
|-damage|p1a: Clefable|8/100 psn
|
|-end|p1a: Clefable|move: Heal Block
|upkeep
|turn|40
|
|t:|1781547472
|move|p1a: Clefable|Moonlight|p1a: Clefable
|-heal|p1a: Clefable|58/100 psn
|cant|p2a: Primarina|par
|
|-heal|p1a: Clefable|64/100 psn|[from] item: Leftovers
|upkeep
|turn|41
|
|t:|1781547475
|move|p1a: Clefable|Moonblast|p2a: Primarina
|-damage|p2a: Primarina|43/100 par
|move|p2a: Primarina|Psychic Noise|p1a: Clefable
|-damage|p1a: Clefable|26/100 psn
|-start|p1a: Clefable|move: Heal Block
|
|upkeep
|turn|42
|
|t:|1781547484
|switch|p1a: Gliscor|Gliscor, M, tera:Normal|57/100 tox
|-damage|p1a: Gliscor|45/100 tox|[from] Stealth Rock
|move|p2a: Primarina|Moonblast|p1a: Gliscor
|-damage|p1a: Gliscor|0 fnt
|faint|p1a: Gliscor
|
|upkeep
|
|t:|1781547486
|switch|p1a: Dragonite|Dragonite, F|100/100
|turn|43
|
|t:|1781547501
|switch|p2a: Dondozo|Dondozo, F|72/100
|-damage|p2a: Dondozo|59/100|[from] Stealth Rock
|move|p1a: Dragonite|Extreme Speed|p2a: Dondozo
|-damage|p2a: Dondozo|45/100
|
|upkeep
|turn|44
|
|t:|1781547508
|switch|p1a: Clefable|Clefable, F|26/100 psn
|move|p2a: Dondozo|Curse|p2a: Dondozo
|-unboost|p2a: Dondozo|spe|1
|-boost|p2a: Dondozo|atk|1
|-boost|p2a: Dondozo|def|1
|
|-heal|p1a: Clefable|32/100 psn|[from] item: Leftovers
|upkeep
|turn|45
|
|t:|1781547513
|move|p1a: Clefable|Moonlight|p1a: Clefable
|-heal|p1a: Clefable|82/100 psn
|move|p2a: Dondozo|Waterfall|p1a: Clefable
|-damage|p1a: Clefable|53/100 psn
|
|-heal|p1a: Clefable|59/100 psn|[from] item: Leftovers
|upkeep
|turn|46
|
|t:|1781547525
|move|p1a: Clefable|Thunder Wave|p2a: Dondozo
|-status|p2a: Dondozo|par
|move|p2a: Dondozo|Waterfall|p1a: Clefable
|-damage|p1a: Clefable|28/100 psn
|
|-heal|p1a: Clefable|34/100 psn|[from] item: Leftovers
|upkeep
|turn|47
|
|t:|1781547532
|switch|p2a: Ting-Lu|Ting-Lu, tera:Ghost|60/100 slp
|-damage|p2a: Ting-Lu|48/100 slp|[from] Stealth Rock
|-ability|p2a: Ting-Lu|Vessel of Ruin
|move|p1a: Clefable|Moonblast|p2a: Ting-Lu
|-damage|p2a: Ting-Lu|34/100 slp
|
|-heal|p1a: Clefable|40/100 psn|[from] item: Leftovers
|-heal|p2a: Ting-Lu|41/100 slp|[from] item: Leftovers
|upkeep
|turn|48
|
|t:|1781547537
|move|p1a: Clefable|Thunder Wave||[still]
|-fail|p1a: Clefable
|cant|p2a: Ting-Lu|slp
|
|-heal|p1a: Clefable|46/100 psn|[from] item: Leftovers
|-heal|p2a: Ting-Lu|47/100 slp|[from] item: Leftovers
|upkeep
|turn|49
|
|t:|1781547540
|move|p1a: Clefable|Moonlight|p1a: Clefable
|-heal|p1a: Clefable|96/100 psn
|-curestatus|p2a: Ting-Lu|slp|[msg]
|move|p2a: Ting-Lu|Payback|p1a: Clefable
|-resisted|p1a: Clefable
|-crit|p1a: Clefable
|-damage|p1a: Clefable|74/100 psn
|
|-heal|p1a: Clefable|80/100 psn|[from] item: Leftovers
|-heal|p2a: Ting-Lu|53/100|[from] item: Leftovers
|upkeep
|turn|50
|
|t:|1781547545
|move|p1a: Clefable|Thunder Wave|p2a: Ting-Lu
|-status|p2a: Ting-Lu|par
|move|p2a: Ting-Lu|Earthquake|p1a: Clefable
|-damage|p1a: Clefable|49/100 psn
|
|-heal|p1a: Clefable|55/100 psn|[from] item: Leftovers
|-heal|p2a: Ting-Lu|59/100 par|[from] item: Leftovers
|upkeep
|turn|51
|
|t:|1781547548
|move|p1a: Clefable|Moonblast|p2a: Ting-Lu
|-damage|p2a: Ting-Lu|45/100 par
|move|p2a: Ting-Lu|Earthquake|p1a: Clefable
|-crit|p1a: Clefable
|-damage|p1a: Clefable|13/100 psn
|
|-heal|p1a: Clefable|19/100 psn|[from] item: Leftovers
|-heal|p2a: Ting-Lu|51/100 par|[from] item: Leftovers
|upkeep
|turn|52
|
|t:|1781547555
|move|p1a: Clefable|Moonblast|p2a: Ting-Lu
|-damage|p2a: Ting-Lu|37/100 par
|move|p2a: Ting-Lu|Payback|p1a: Clefable
|-resisted|p1a: Clefable
|-damage|p1a: Clefable|4/100 psn
|
|-heal|p1a: Clefable|10/100 psn|[from] item: Leftovers
|-heal|p2a: Ting-Lu|43/100 par|[from] item: Leftovers
|upkeep
|turn|53
|
|t:|1781547560
|switch|p1a: Dragonite|Dragonite, F|100/100
|move|p2a: Ting-Lu|Payback|p1a: Dragonite
|-damage|p1a: Dragonite|90/100
|
|-heal|p2a: Ting-Lu|50/100 par|[from] item: Leftovers
|upkeep
|turn|54
|
|t:|1781547570
|switch|p2a: Hydrapple|Hydrapple, M|80/100
|-damage|p2a: Hydrapple|68/100|[from] Stealth Rock
|move|p1a: Dragonite|Ice Spinner|p2a: Hydrapple
|-supereffective|p2a: Hydrapple
|-damage|p2a: Hydrapple|0 fnt
|-damage|p1a: Dragonite|73/100|[from] item: Rocky Helmet|[of] p2a: Hydrapple
|faint|p2a: Hydrapple
|
|upkeep
|
|t:|1781547577
|switch|p2a: Dondozo|Dondozo, F|45/100 par
|-damage|p2a: Dondozo|33/100 par|[from] Stealth Rock
|turn|55
|
|t:|1781547581
|move|p1a: Dragonite|Extreme Speed|p2a: Dondozo
|-damage|p2a: Dondozo|18/100 par
|cant|p2a: Dondozo|par
|
|upkeep
|turn|56
|
|t:|1781547590
|move|p1a: Dragonite|Extreme Speed|p2a: Dondozo
|-damage|p2a: Dondozo|4/100 par
|move|p2a: Dondozo|Rest|p2a: Dondozo
|-status|p2a: Dondozo|slp|[from] move: Rest
|-heal|p2a: Dondozo|100/100 slp|[silent]
|
|upkeep
|turn|57
|
|t:|1781547596
|switch|p1a: Clefable|Clefable, F|10/100 psn
|cant|p2a: Dondozo|slp
|move|p2a: Dondozo|Sleep Talk|p2a: Dondozo
|move|p2a: Dondozo|Curse|p2a: Dondozo|[from] move: Sleep Talk
|-unboost|p2a: Dondozo|spe|1
|-boost|p2a: Dondozo|atk|1
|-boost|p2a: Dondozo|def|1
|
|-heal|p1a: Clefable|16/100 psn|[from] item: Leftovers
|upkeep
|turn|58
|
|t:|1781547600
|move|p1a: Clefable|Moonblast|p2a: Dondozo
|-damage|p2a: Dondozo|68/100 slp
|-unboost|p2a: Dondozo|spa|1
|cant|p2a: Dondozo|slp
|move|p2a: Dondozo|Sleep Talk|p2a: Dondozo
|move|p2a: Dondozo|Curse|p2a: Dondozo|[from] move: Sleep Talk
|-unboost|p2a: Dondozo|spe|1
|-boost|p2a: Dondozo|atk|1
|-boost|p2a: Dondozo|def|1
|
|-heal|p1a: Clefable|22/100 psn|[from] item: Leftovers
|upkeep
|turn|59
|
|t:|1781547603
|move|p1a: Clefable|Moonblast|p2a: Dondozo
|-damage|p2a: Dondozo|37/100 slp
|-curestatus|p2a: Dondozo|slp|[msg]
|move|p2a: Dondozo|Waterfall|p1a: Clefable
|-damage|p1a: Clefable|0 fnt
|faint|p1a: Clefable
|
|upkeep
|
|t:|1781547607
|switch|p1a: Dragonite|Dragonite, F|73/100
|turn|60
|
|t:|1781547608
|move|p1a: Dragonite|Extreme Speed|p2a: Dondozo
|-damage|p2a: Dondozo|30/100
|move|p2a: Dondozo|Rest|p2a: Dondozo
|-status|p2a: Dondozo|slp|[from] move: Rest
|-heal|p2a: Dondozo|100/100 slp|[silent]
|
|upkeep
|turn|61
|
|t:|1781547611
|move|p1a: Dragonite|Extreme Speed|p2a: Dondozo
|-damage|p2a: Dondozo|93/100 slp
|cant|p2a: Dondozo|slp
|move|p2a: Dondozo|Sleep Talk|p2a: Dondozo
|move|p2a: Dondozo|Waterfall|p1a: Dragonite|[from] move: Sleep Talk
|-resisted|p1a: Dragonite
|-damage|p1a: Dragonite|44/100
|
|upkeep
|turn|62
|
|t:|1781547614
|move|p1a: Dragonite|Fire Punch|p2a: Dondozo
|-resisted|p2a: Dondozo
|-damage|p2a: Dondozo|90/100 slp
|cant|p2a: Dondozo|slp
|move|p2a: Dondozo|Sleep Talk|p2a: Dondozo
|move|p2a: Dondozo|Waterfall|p1a: Dragonite|[from] move: Sleep Talk
|-resisted|p1a: Dragonite
|-damage|p1a: Dragonite|13/100
|
|upkeep
|turn|63
|
|t:|1781547616
|move|p1a: Dragonite|Fire Punch|p2a: Dondozo
|-resisted|p2a: Dondozo
|-damage|p2a: Dondozo|87/100 slp
|-curestatus|p2a: Dondozo|slp|[msg]
|move|p2a: Dondozo|Waterfall|p1a: Dragonite
|-resisted|p1a: Dragonite
|-crit|p1a: Dragonite
|-damage|p1a: Dragonite|0 fnt
|faint|p1a: Dragonite
|
|win|Archerdadon
|raw|plodu's rating: 1582 &rarr; <strong>1561</strong><br />(-21 for losing)
|raw|Archerdadon's rating: 1564 &rarr; <strong>1585</strong><br />(+21 for winning)
|l|☆plodu
|player|p1|
|l|☆Archerdadon
|player|p2|
