|j|☆Mkap
|j|☆SquilliamTg
|t:|1781216434
|gametype|singles
|player|p1|Mkap|266|1595
|player|p2|SquilliamTg|170|1683
|gen|9
|tier|[Gen 9] OU
|rated|
|rule|HP Percentage Mod: HP is shown in percentages
|rule|Endless Battle Clause: Forcing endless battles is banned
|rule|Species Clause: Limit one of each Pokémon
|rule|OHKO Clause: OHKO moves are banned
|rule|Evasion Items Clause: Evasion items are banned
|rule|Evasion Moves Clause: Evasion moves are banned
|rule|Evasion Abilities Clause: Evasion abilities are banned
|rule|Sleep Moves Clause: Sleep-inducing moves are banned
|clearpoke
|poke|p1|Chesnaught, M|
|poke|p1|Iron Treads|
|poke|p1|Raging Bolt|
|poke|p1|Enamorus, F|
|poke|p1|Manaphy|
|poke|p1|Zamazenta-*|
|poke|p2|Suicune|
|poke|p2|Kyurem|
|poke|p2|Corviknight, M|
|poke|p2|Blissey, F|
|poke|p2|Dondozo, F|
|poke|p2|Gliscor, F|
|teampreview
|inactive|Battle timer is ON: inactive players will automatically lose when time's up. (requested by SquilliamTg)
|
|t:|1781216468
|teamsize|p1|6
|teamsize|p2|6
|start
|switch|p1a: Manaphy|Manaphy|100/100
|switch|p2a: Gliscor|Gliscor, F|100/100
|turn|1
|
|t:|1781216474
|move|p1a: Manaphy|Tail Glow|p1a: Manaphy
|-boost|p1a: Manaphy|spa|3
|move|p2a: Gliscor|Toxic|p1a: Manaphy
|-status|p1a: Manaphy|tox
|
|-damage|p1a: Manaphy|94/100 tox|[from] psn
|-status|p2a: Gliscor|tox|[from] item: Toxic Orb
|upkeep
|turn|2
|
|t:|1781216485
|switch|p2a: Blissey|Blissey, F|100/100
|move|p1a: Manaphy|Tail Glow|p1a: Manaphy
|-boost|p1a: Manaphy|spa|3
|
|-heal|p1a: Manaphy|100/100 tox|[from] item: Leftovers
|-damage|p1a: Manaphy|88/100 tox|[from] psn
|upkeep
|turn|3
|
|t:|1781216494
|move|p1a: Manaphy|Surf|p2a: Blissey
|-damage|p2a: Blissey|58/100
|move|p2a: Blissey|Soft-Boiled|p2a: Blissey
|-heal|p2a: Blissey|100/100
|
|-heal|p1a: Manaphy|94/100 tox|[from] item: Leftovers
|-damage|p1a: Manaphy|76/100 tox|[from] psn
|upkeep
|turn|4
|
|t:|1781216504
|move|p1a: Manaphy|Surf|p2a: Blissey
|-damage|p2a: Blissey|60/100
|move|p2a: Blissey|Stealth Rock|p1a: Manaphy
|-sidestart|p1: Mkap|move: Stealth Rock
|
|-heal|p1a: Manaphy|82/100 tox|[from] item: Leftovers
|-damage|p1a: Manaphy|58/100 tox|[from] psn
|upkeep
|turn|5
|
|t:|1781216512
|move|p1a: Manaphy|Surf|p2a: Blissey
|-damage|p2a: Blissey|15/100
|move|p2a: Blissey|Soft-Boiled|p2a: Blissey
|-heal|p2a: Blissey|65/100
|
|-heal|p1a: Manaphy|64/100 tox|[from] item: Leftovers
|-damage|p1a: Manaphy|33/100 tox|[from] psn
|upkeep
|turn|6
|
|t:|1781216521
|switch|p1a: Iron Treads|Iron Treads|100/100
|-damage|p1a: Iron Treads|97/100|[from] Stealth Rock
|-enditem|p1a: Iron Treads|Booster Energy
|-activate|p1a: Iron Treads|ability: Quark Drive|[fromitem]
|-start|p1a: Iron Treads|quarkdrivespe
|move|p2a: Blissey|Soft-Boiled|p2a: Blissey
|-heal|p2a: Blissey|100/100
|
|upkeep
|turn|7
|
|t:|1781216531
|switch|p2a: Corviknight|Corviknight, M|100/100
|-ability|p2a: Corviknight|Pressure
|move|p1a: Iron Treads|Rapid Spin|p2a: Corviknight
|-resisted|p2a: Corviknight
|-damage|p2a: Corviknight|97/100
|-boost|p1a: Iron Treads|spe|1
|-damage|p1a: Iron Treads|81/100|[from] item: Rocky Helmet|[of] p2a: Corviknight
|-sideend|p1: Mkap|Stealth Rock|[from] move: Rapid Spin|[of] p1a: Iron Treads
|
|upkeep
|turn|8
|
|t:|1781216541
|move|p1a: Iron Treads|Stealth Rock|p2a: Corviknight
|-sidestart|p2: SquilliamTg|move: Stealth Rock
|move|p2a: Corviknight|Body Press|p1a: Iron Treads
|-supereffective|p1a: Iron Treads
|-damage|p1a: Iron Treads|36/100
|
|upkeep
|turn|9
|
|t:|1781216552
|-end|p1a: Iron Treads|Quark Drive|[silent]
|switch|p1a: Raging Bolt|Raging Bolt|100/100
|move|p2a: Corviknight|Defog|p1a: Raging Bolt
|-unboost|p1a: Raging Bolt|evasion|1
|-sideend|p2: SquilliamTg|Stealth Rock|[from] move: Defog|[of] p2a: Corviknight
|
|upkeep
|turn|10
|
|t:|1781216559
|switch|p2a: Blissey|Blissey, F|100/100
|move|p1a: Raging Bolt|Thunderbolt|p2a: Blissey
|-damage|p2a: Blissey|85/100
|
|upkeep
|turn|11
|
|t:|1781216566
|-end|p1a: Raging Bolt|Protosynthesis|[silent]
|switch|p1a: Chesnaught|Chesnaught, M|100/100
|move|p2a: Blissey|Seismic Toss|p1a: Chesnaught
|-damage|p1a: Chesnaught|69/100
|
|upkeep
|turn|12
|
|t:|1781216573
|switch|p2a: Gliscor|Gliscor, F|100/100 tox
|move|p1a: Chesnaught|Knock Off|p2a: Gliscor
|-damage|p2a: Gliscor|82/100 tox
|-enditem|p2a: Gliscor|Toxic Orb|[from] move: Knock Off|[of] p1a: Chesnaught
|
|-heal|p2a: Gliscor|94/100 tox|[from] ability: Poison Heal
|upkeep
|turn|13
|
|t:|1781216583
|switch|p1a: Iron Treads|Iron Treads|36/100
|move|p2a: Gliscor|Spikes|p1a: Iron Treads
|-sidestart|p1: Mkap|Spikes
|
|-heal|p2a: Gliscor|100/100 tox|[from] ability: Poison Heal
|upkeep
|turn|14
|
|t:|1781216590
|move|p1a: Iron Treads|Rapid Spin|p2a: Gliscor
|-damage|p2a: Gliscor|93/100 tox
|-boost|p1a: Iron Treads|spe|1
|-sideend|p1: Mkap|Spikes|[from] move: Rapid Spin|[of] p1a: Iron Treads
|move|p2a: Gliscor|Knock Off|p1a: Iron Treads
|-damage|p1a: Iron Treads|24/100
|
|-heal|p2a: Gliscor|100/100 tox|[from] ability: Poison Heal
|upkeep
|turn|15
|
|t:|1781216600
|switch|p2a: Corviknight|Corviknight, M|97/100
|-ability|p2a: Corviknight|Pressure
|move|p1a: Iron Treads|Steel Beam|p2a: Corviknight
|-resisted|p2a: Corviknight
|-crit|p2a: Corviknight
|-damage|p2a: Corviknight|58/100
|-damage|p1a: Iron Treads|0 fnt|[from] steelbeam
|faint|p1a: Iron Treads
|-end|p1a: Iron Treads|Quark Drive|[silent]
|
|upkeep
|
|t:|1781216611
|switch|p1a: Enamorus|Enamorus, F|100/100
|turn|16
|
|t:|1781216615
|move|p1a: Enamorus|Healing Wish|p1a: Enamorus
|faint|p1a: Enamorus
|move|p2a: Corviknight|Roost|p2a: Corviknight
|-heal|p2a: Corviknight|100/100
|-singleturn|p2a: Corviknight|move: Roost
|
|upkeep
|
|t:|1781216618
|switch|p1a: Manaphy|Manaphy|33/100 tox
|-heal|p1a: Manaphy|100/100|[from] move: Healing Wish
|turn|17
|
|t:|1781216631
|switch|p2a: Suicune|Suicune|100/100
|-ability|p2a: Suicune|Pressure
|move|p1a: Manaphy|Tail Glow|p1a: Manaphy
|-boost|p1a: Manaphy|spa|3
|
|upkeep
|turn|18
|
|t:|1781216637
|move|p1a: Manaphy|Tail Glow|p1a: Manaphy
|-boost|p1a: Manaphy|spa|3
|move|p2a: Suicune|Scald|p1a: Manaphy
|-resisted|p1a: Manaphy
|-damage|p1a: Manaphy|87/100
|-status|p1a: Manaphy|brn
|
|-heal|p1a: Manaphy|93/100 brn|[from] item: Leftovers
|-damage|p1a: Manaphy|87/100 brn|[from] brn
|upkeep
|turn|19
|
|t:|1781216649
|move|p2a: Suicune|Protect|p2a: Suicune
|-singleturn|p2a: Suicune|Protect
|move|p1a: Manaphy|Alluring Voice|p2a: Suicune
|-activate|p2a: Suicune|move: Protect
|
|-heal|p1a: Manaphy|93/100 brn|[from] item: Leftovers
|-damage|p1a: Manaphy|87/100 brn|[from] brn
|upkeep
|turn|20
|
|t:|1781216661
|switch|p2a: dozo|Dondozo, F|100/100
|move|p1a: Manaphy|Psychic|p2a: dozo
|-damage|p2a: dozo|74/100
|
|-heal|p1a: Manaphy|93/100 brn|[from] item: Leftovers
|-damage|p1a: Manaphy|87/100 brn|[from] brn
|upkeep
|turn|21
|
|t:|1781216670
|move|p1a: Manaphy|Alluring Voice|p2a: dozo
|-damage|p2a: dozo|52/100
|move|p2a: dozo|Body Press|p1a: Manaphy
|-damage|p1a: Manaphy|58/100 brn
|
|-heal|p1a: Manaphy|64/100 brn|[from] item: Leftovers
|-damage|p1a: Manaphy|58/100 brn|[from] brn
|upkeep
|turn|22
|
|t:|1781216681
|move|p1a: Manaphy|Alluring Voice|p2a: dozo
|-damage|p2a: dozo|28/100
|move|p2a: dozo|Rest|p2a: dozo
|-status|p2a: dozo|slp|[from] move: Rest
|-heal|p2a: dozo|100/100 slp|[silent]
|
|-heal|p1a: Manaphy|64/100 brn|[from] item: Leftovers
|-damage|p1a: Manaphy|58/100 brn|[from] brn
|upkeep
|turn|23
|
|t:|1781216691
|-terastallize|p1a: Manaphy|Fairy
|move|p1a: Manaphy|Alluring Voice|p2a: dozo
|-damage|p2a: dozo|65/100 slp
|cant|p2a: dozo|slp
|move|p2a: dozo|Sleep Talk|p2a: dozo
|move|p2a: dozo|Curse|p2a: dozo|[from] move: Sleep Talk
|-unboost|p2a: dozo|spe|1
|-boost|p2a: dozo|atk|1
|-boost|p2a: dozo|def|1
|
|-heal|p1a: Manaphy|64/100 brn|[from] item: Leftovers
|-damage|p1a: Manaphy|58/100 brn|[from] brn
|upkeep
|turn|24
|
|t:|1781216708
|move|p1a: Manaphy|Alluring Voice|p2a: dozo
|-damage|p2a: dozo|34/100 slp
|cant|p2a: dozo|slp
|
|-heal|p1a: Manaphy|64/100 brn|[from] item: Leftovers
|-damage|p1a: Manaphy|58/100 brn|[from] brn
|upkeep
|turn|25
|
|t:|1781216717
|move|p1a: Manaphy|Alluring Voice|p2a: dozo
|-damage|p2a: dozo|0 fnt
|faint|p2a: dozo
|
|-heal|p1a: Manaphy|64/100 brn|[from] item: Leftovers
|-damage|p1a: Manaphy|58/100 brn|[from] brn
|upkeep
|
|t:|1781216725
|switch|p2a: Blissey|Blissey, F|85/100
|turn|26
|
|t:|1781216729
|move|p1a: Manaphy|Surf|p2a: Blissey
|-damage|p2a: Blissey|44/100
|move|p2a: Blissey|Soft-Boiled|p2a: Blissey
|-heal|p2a: Blissey|94/100
|
|-heal|p1a: Manaphy|64/100 brn|[from] item: Leftovers
|-damage|p1a: Manaphy|58/100 brn|[from] brn
|upkeep
|turn|27
|
|t:|1781216738
|move|p1a: Manaphy|Surf|p2a: Blissey
|-damage|p2a: Blissey|54/100
|move|p2a: Blissey|Seismic Toss|p1a: Manaphy
|-damage|p1a: Manaphy|28/100 brn
|
|-heal|p1a: Manaphy|34/100 brn|[from] item: Leftovers
|-damage|p1a: Manaphy|28/100 brn|[from] brn
|upkeep
|turn|28
|
|t:|1781216747
|move|p1a: Manaphy|Surf|p2a: Blissey
|-damage|p2a: Blissey|13/100
|move|p2a: Blissey|Seismic Toss|p1a: Manaphy
|-damage|p1a: Manaphy|0 fnt
|faint|p1a: Manaphy
|
|upkeep
|
|t:|1781216751
|switch|p1a: Chesnaught|Chesnaught, M|69/100
|turn|29
|
|t:|1781216760
|switch|p2a: Gliscor|Gliscor, F|100/100 tox
|move|p1a: Chesnaught|Trailblaze|p2a: Gliscor
|-damage|p2a: Gliscor|88/100 tox
|-boost|p1a: Chesnaught|spe|1
|
|-heal|p2a: Gliscor|99/100 tox|[from] ability: Poison Heal
|upkeep
|turn|30
|
|t:|1781216769
|move|p1a: Chesnaught|Belly Drum|p1a: Chesnaught
|-damage|p1a: Chesnaught|19/100
|-setboost|p1a: Chesnaught|atk|6|[from] move: Belly Drum
|-enditem|p1a: Chesnaught|Salac Berry|[eat]
|-boost|p1a: Chesnaught|spe|1|[from] item: Salac Berry
|move|p2a: Gliscor|Toxic|p1a: Chesnaught|[miss]
|-miss|p2a: Gliscor|p1a: Chesnaught
|
|-heal|p2a: Gliscor|100/100 tox|[from] ability: Poison Heal
|upkeep
|turn|31
|
|t:|1781216783
|switch|p2a: Corviknight|Corviknight, M|100/100
|-ability|p2a: Corviknight|Pressure
|move|p1a: Chesnaught|Drain Punch|p2a: Corviknight
|-damage|p2a: Corviknight|7/100
|-heal|p1a: Chesnaught|78/100|[from] drain|[of] p2a: Corviknight
|-damage|p1a: Chesnaught|62/100|[from] item: Rocky Helmet|[of] p2a: Corviknight
|
|upkeep
|turn|32
|
|t:|1781216794
|move|p1a: Chesnaught|Drain Punch|p2a: Corviknight
|-damage|p2a: Corviknight|0 fnt
|-heal|p1a: Chesnaught|66/100|[from] drain|[of] p2a: Corviknight
|-damage|p1a: Chesnaught|49/100|[from] item: Rocky Helmet|[of] p2a: Corviknight
|faint|p2a: Corviknight
|
|upkeep
|
|t:|1781216802
|switch|p2a: Kyurem|Kyurem|100/100
|-ability|p2a: Kyurem|Pressure
|turn|33
|
|t:|1781216807
|-terastallize|p2a: Kyurem|Ground
|move|p1a: Chesnaught|Drain Punch|p2a: Kyurem
|-damage|p2a: Kyurem|0 fnt
|-heal|p1a: Chesnaught|100/100|[from] drain|[of] p2a: Kyurem
|faint|p2a: Kyurem
|
|upkeep
|c|☆SquilliamTg|Undeserved
|
|t:|1781216821
|switch|p2a: Gliscor|Gliscor, F|100/100 tox
|turn|34
|
|t:|1781216836
|move|p1a: Chesnaught|Trailblaze|p2a: Gliscor
|-damage|p2a: Gliscor|48/100 tox
|-boost|p1a: Chesnaught|spe|1
|move|p2a: Gliscor|Toxic|p1a: Chesnaught
|-status|p1a: Chesnaught|tox
|
|-damage|p1a: Chesnaught|95/100 tox|[from] psn
|-heal|p2a: Gliscor|61/100 tox|[from] ability: Poison Heal
|upkeep
|turn|35
|
|t:|1781216847
|move|p2a: Gliscor|Protect|p2a: Gliscor
|-singleturn|p2a: Gliscor|Protect
|move|p1a: Chesnaught|Drain Punch|p2a: Gliscor
|-activate|p2a: Gliscor|move: Protect
|
|-damage|p1a: Chesnaught|83/100 tox|[from] psn
|-heal|p2a: Gliscor|73/100 tox|[from] ability: Poison Heal
|upkeep
|turn|36
|
|t:|1781216856
|move|p1a: Chesnaught|Drain Punch|p2a: Gliscor
|-resisted|p2a: Gliscor
|-damage|p2a: Gliscor|35/100 tox
|-heal|p1a: Chesnaught|100/100 tox|[from] drain|[of] p2a: Gliscor
|move|p2a: Gliscor|Spikes|p1a: Chesnaught
|-sidestart|p1: Mkap|Spikes
|
|-damage|p1a: Chesnaught|83/100 tox|[from] psn
|-heal|p2a: Gliscor|47/100 tox|[from] ability: Poison Heal
|upkeep
|turn|37
|
|t:|1781216867
|move|p2a: Gliscor|Protect|p2a: Gliscor
|-singleturn|p2a: Gliscor|Protect
|move|p1a: Chesnaught|Drain Punch|p2a: Gliscor
|-activate|p2a: Gliscor|move: Protect
|
|-damage|p1a: Chesnaught|59/100 tox|[from] psn
|-heal|p2a: Gliscor|60/100 tox|[from] ability: Poison Heal
|upkeep
|turn|38
|
|t:|1781216876
|move|p1a: Chesnaught|Drain Punch|p2a: Gliscor
|-resisted|p2a: Gliscor
|-damage|p2a: Gliscor|22/100 tox
|-heal|p1a: Chesnaught|79/100 tox|[from] drain|[of] p2a: Gliscor
|move|p2a: Gliscor|Spikes|p1a: Chesnaught
|-sidestart|p1: Mkap|Spikes
|
|-damage|p1a: Chesnaught|50/100 tox|[from] psn
|-heal|p2a: Gliscor|35/100 tox|[from] ability: Poison Heal
|upkeep
|turn|39
|
|t:|1781216886
|move|p2a: Gliscor|Protect|p2a: Gliscor
|-singleturn|p2a: Gliscor|Protect
|move|p1a: Chesnaught|Drain Punch|p2a: Gliscor
|-activate|p2a: Gliscor|move: Protect
|
|-damage|p1a: Chesnaught|14/100 tox|[from] psn
|-heal|p2a: Gliscor|47/100 tox|[from] ability: Poison Heal
|upkeep
|turn|40
|
|t:|1781216896
|move|p2a: Gliscor|Protect||[still]
|-fail|p2a: Gliscor
|move|p1a: Chesnaught|Trailblaze|p2a: Gliscor
|-damage|p2a: Gliscor|0 fnt
|-boost|p1a: Chesnaught|spe|1
|faint|p2a: Gliscor
|
|-damage|p1a: Chesnaught|0 fnt|[from] psn
|faint|p1a: Chesnaught
|upkeep
|c|☆SquilliamTg|Gg nice luck
|c|☆SquilliamTg|Hope it continues
|-message|SquilliamTg forfeited.
|
|win|Mkap
|raw|Mkap's rating: 1595 &rarr; <strong>1620</strong><br />(+25 for winning)
|raw|SquilliamTg's rating: 1683 &rarr; <strong>1658</strong><br />(-25 for losing)
|l|☆SquilliamTg
|player|p2|
|l|☆Mkap
|player|p1|
