|j|☆Humerus_Skelepun
|j|☆KurisuChestnutOU
|t:|1781155491
|gametype|singles
|player|p1|Humerus_Skelepun|169|1505
|player|p2|KurisuChestnutOU|may-contest|1521
|gen|9
|tier|[Gen 9] OU
|rated|
|rule|HP Percentage Mod: HP is shown in percentages
|rule|Endless Battle Clause: Forcing endless battles is banned
|rule|Species Clause: Limit one of each Pokémon
|rule|OHKO Clause: OHKO moves are banned
|rule|Evasion Items Clause: Evasion items are banned
|rule|Evasion Moves Clause: Evasion moves are banned
|rule|Evasion Abilities Clause: Evasion abilities are banned
|rule|Sleep Moves Clause: Sleep-inducing moves are banned
|clearpoke
|poke|p1|Regieleki|
|poke|p1|Arcanine-Hisui, M|
|poke|p1|Corviknight, F|
|poke|p1|Great Tusk|
|poke|p1|Alomomola, F|
|poke|p1|Ting-Lu|
|poke|p2|Zamazenta-*|
|poke|p2|Zapdos|
|poke|p2|Garganacl, M|
|poke|p2|Clefable, M|
|poke|p2|Samurott-Hisui, M|
|poke|p2|Gholdengo|
|teampreview
|inactive|Battle timer is ON: inactive players will automatically lose when time's up. (requested by Humerus_Skelepun)
|j| LucarioKing448
|
|t:|1781155498
|teamsize|p1|6
|teamsize|p2|6
|start
|switch|p1a: Regieleki|Regieleki|100/100
|switch|p2a: Samurott|Samurott-Hisui, M|100/100
|turn|1
|inactive|KurisuChestnutOU also wants the timer to be on.
|
|t:|1781155502
|switch|p2a: Zamazenta|Zamazenta|100/100
|-ability|p2a: Zamazenta|Dauntless Shield|boost
|-boost|p2a: Zamazenta|def|1
|move|p1a: Regieleki|Volt Switch|p2a: Zamazenta
|-damage|p2a: Zamazenta|59/100
|
|t:|1781155513
|switch|p1a: Corviknight|Corviknight, F|100/100|[from] Volt Switch
|-ability|p1a: Corviknight|Pressure
|
|-heal|p2a: Zamazenta|65/100|[from] item: Leftovers
|upkeep
|turn|2
|
|t:|1781155517
|move|p2a: Zamazenta|Iron Defense|p2a: Zamazenta
|-boost|p2a: Zamazenta|def|2
|move|p1a: Corviknight|Brave Bird|p2a: Zamazenta
|-supereffective|p2a: Zamazenta
|-damage|p2a: Zamazenta|42/100
|-damage|p1a: Corviknight|93/100|[from] Recoil
|
|-heal|p2a: Zamazenta|48/100|[from] item: Leftovers
|upkeep
|turn|3
|
|t:|1781155524
|move|p2a: Zamazenta|Iron Defense|p2a: Zamazenta
|-boost|p2a: Zamazenta|def|2
|move|p1a: Corviknight|U-turn|p2a: Zamazenta
|-resisted|p2a: Zamazenta
|-damage|p2a: Zamazenta|46/100
|
|t:|1781155526
|switch|p1a: Regieleki|Regieleki|100/100|[from] U-turn
|
|-heal|p2a: Zamazenta|52/100|[from] item: Leftovers
|upkeep
|turn|4
|
|t:|1781155533
|-terastallize|p1a: Regieleki|Electric
|move|p1a: Regieleki|Thunderbolt|p2a: Zamazenta
|-damage|p2a: Zamazenta|0 fnt
|faint|p2a: Zamazenta
|
|upkeep
|
|t:|1781155541
|switch|p2a: Garganacl|Garganacl, M|100/100
|turn|5
|
|t:|1781155551
|move|p1a: Regieleki|Thunderbolt|p2a: Garganacl
|-damage|p2a: Garganacl|46/100
|move|p2a: Garganacl|Stealth Rock|p1a: Regieleki
|-sidestart|p1: Humerus_Skelepun|move: Stealth Rock
|
|-heal|p2a: Garganacl|52/100|[from] item: Leftovers
|upkeep
|turn|6
|
|t:|1781155557
|move|p1a: Regieleki|Thunderbolt|p2a: Garganacl
|-damage|p2a: Garganacl|0 fnt
|faint|p2a: Garganacl
|
|upkeep
|
|t:|1781155564
|switch|p2a: Gholdengo|Gholdengo|100/100
|turn|7
|
|t:|1781155568
|move|p1a: Regieleki|Thunderbolt|p2a: Gholdengo
|-damage|p2a: Gholdengo|0 fnt
|faint|p2a: Gholdengo
|
|upkeep
|
|t:|1781155572
|switch|p2a: Zapdos|Zapdos|100/100
|turn|8
|
|t:|1781155579
|move|p1a: Regieleki|Rapid Spin|p2a: Zapdos
|-damage|p2a: Zapdos|92/100
|-boost|p1a: Regieleki|spe|1
|-sideend|p1: Humerus_Skelepun|Stealth Rock|[from] move: Rapid Spin|[of] p1a: Regieleki
|move|p2a: Zapdos|Volt Switch|p1a: Regieleki
|-resisted|p1a: Regieleki
|-damage|p1a: Regieleki|73/100
|
|t:|1781155586
|switch|p2a: Samurott|Samurott-Hisui, M|100/100|[from] Volt Switch
|
|upkeep
|turn|9
|
|t:|1781155591
|switch|p1a: Corviknight|Corviknight, F|93/100
|-ability|p1a: Corviknight|Pressure
|-terastallize|p2a: Samurott|Dark
|move|p2a: Samurott|Sucker Punch||[still]
|-fail|p2a: Samurott
|
|upkeep
|turn|10
|
|t:|1781155598
|switch|p2a: Zapdos|Zapdos|92/100
|move|p1a: Corviknight|Roost|p1a: Corviknight
|-heal|p1a: Corviknight|100/100
|-singleturn|p1a: Corviknight|move: Roost
|
|upkeep
|turn|11
|
|t:|1781155603
|switch|p1a: Ting-Lu|Ting-Lu|100/100
|-ability|p1a: Ting-Lu|Vessel of Ruin
|move|p2a: Zapdos|Volt Switch|p1a: Ting-Lu
|-immune|p1a: Ting-Lu
|
|upkeep
|turn|12
|
|t:|1781155612
|move|p2a: Zapdos|Hurricane|p1a: Ting-Lu
|-damage|p1a: Ting-Lu|80/100
|move|p1a: Ting-Lu|Ruination|p2a: Zapdos
|-damage|p2a: Zapdos|46/100
|
|-heal|p1a: Ting-Lu|87/100|[from] item: Leftovers
|upkeep
|turn|13
|
|t:|1781155616
|move|p2a: Zapdos|Roost|p2a: Zapdos
|-heal|p2a: Zapdos|96/100
|-singleturn|p2a: Zapdos|move: Roost
|move|p1a: Ting-Lu|Earthquake|p2a: Zapdos
|-supereffective|p2a: Zapdos
|-damage|p2a: Zapdos|41/100
|
|-heal|p1a: Ting-Lu|93/100|[from] item: Leftovers
|upkeep
|turn|14
|
|t:|1781155621
|move|p2a: Zapdos|Roost|p2a: Zapdos
|-heal|p2a: Zapdos|92/100
|-singleturn|p2a: Zapdos|move: Roost
|move|p1a: Ting-Lu|Earthquake|p2a: Zapdos
|-supereffective|p2a: Zapdos
|-damage|p2a: Zapdos|40/100
|
|-heal|p1a: Ting-Lu|99/100|[from] item: Leftovers
|upkeep
|turn|15
|
|t:|1781155626
|switch|p1a: Regieleki|Regieleki, tera:Electric|73/100
|move|p2a: Zapdos|Roost|p2a: Zapdos
|-heal|p2a: Zapdos|90/100
|-singleturn|p2a: Zapdos|move: Roost
|
|upkeep
|turn|16
|
|t:|1781155630
|move|p1a: Regieleki|Thunderbolt|p2a: Zapdos
|-damage|p2a: Zapdos|3/100
|move|p2a: Zapdos|Volt Switch|p1a: Regieleki
|-resisted|p1a: Regieleki
|-damage|p1a: Regieleki|45/100
|
|t:|1781155634
|switch|p2a: Samurott|Samurott-Hisui, M, tera:Dark|100/100|[from] Volt Switch
|
|upkeep
|turn|17
|
|t:|1781155639
|switch|p1a: Corviknight|Corviknight, F|100/100
|-ability|p1a: Corviknight|Pressure
|move|p2a: Samurott|Sucker Punch||[still]
|-fail|p2a: Samurott
|
|upkeep
|turn|18
|
|t:|1781155645
|switch|p2a: Clefable|Clefable, M|100/100
|move|p1a: Corviknight|Brave Bird|p2a: Clefable
|-damage|p2a: Clefable|75/100
|-damage|p1a: Corviknight|92/100|[from] Recoil
|
|upkeep
|turn|19
|
|t:|1781155655
|move|p1a: Corviknight|U-turn|p2a: Clefable
|-resisted|p2a: Clefable
|-damage|p2a: Clefable|69/100
|
|t:|1781155658
|switch|p1a: Arcanine|Arcanine-Hisui, M|100/100|[from] U-turn
|move|p2a: Clefable|Moonlight|p2a: Clefable
|-heal|p2a: Clefable|100/100
|
|upkeep
|turn|20
|
|t:|1781155662
|switch|p2a: Zapdos|Zapdos|3/100
|move|p1a: Arcanine|Flare Blitz|p2a: Zapdos
|-damage|p2a: Zapdos|0 fnt
|-status|p1a: Arcanine|par|[from] ability: Static|[of] p2a: Zapdos
|faint|p2a: Zapdos
|
|upkeep
|
|t:|1781155667
|switch|p2a: Samurott|Samurott-Hisui, M, tera:Dark|100/100
|turn|21
|
|t:|1781155673
|switch|p1a: Corviknight|Corviknight, F|92/100
|-ability|p1a: Corviknight|Pressure
|move|p2a: Samurott|Ceaseless Edge|p1a: Corviknight
|-damage|p1a: Corviknight|54/100
|-damage|p2a: Samurott|84/100|[from] item: Rocky Helmet|[of] p1a: Corviknight
|-sidestart|p1: Humerus_Skelepun|Spikes
|
|upkeep
|turn|22
|
|t:|1781155680
|move|p2a: Samurott|Ceaseless Edge|p1a: Corviknight
|-damage|p1a: Corviknight|17/100
|-damage|p2a: Samurott|67/100|[from] item: Rocky Helmet|[of] p1a: Corviknight
|-sidestart|p1: Humerus_Skelepun|Spikes
|move|p1a: Corviknight|Roost|p1a: Corviknight
|-heal|p1a: Corviknight|67/100
|-singleturn|p1a: Corviknight|move: Roost
|
|upkeep
|turn|23
|
|t:|1781155684
|switch|p2a: Clefable|Clefable, M|100/100
|move|p1a: Corviknight|Roost|p1a: Corviknight
|-heal|p1a: Corviknight|100/100
|-singleturn|p1a: Corviknight|move: Roost
|
|upkeep
|turn|24
|
|t:|1781155692
|move|p1a: Corviknight|Defog|p2a: Clefable
|-unboost|p2a: Clefable|evasion|1
|-sideend|p1: Humerus_Skelepun|Spikes|[from] move: Defog|[of] p1a: Corviknight
|move|p2a: Clefable|Moonblast|p1a: Corviknight
|-resisted|p1a: Corviknight
|-damage|p1a: Corviknight|85/100
|-unboost|p1a: Corviknight|spa|1
|
|upkeep
|turn|25
|
|t:|1781155697
|move|p1a: Corviknight|U-turn|p2a: Clefable
|-resisted|p2a: Clefable
|-damage|p2a: Clefable|95/100
|
|t:|1781155699
|switch|p1a: Arcanine|Arcanine-Hisui, M|100/100 par|[from] U-turn
|move|p2a: Clefable|Moonblast|p1a: Arcanine
|-resisted|p1a: Arcanine
|-crit|p1a: Arcanine
|-damage|p1a: Arcanine|74/100 par
|
|upkeep
|turn|26
|
|t:|1781155705
|move|p2a: Clefable|Knock Off|p1a: Arcanine
|-damage|p1a: Arcanine|54/100 par
|-enditem|p1a: Arcanine|Choice Band|[from] move: Knock Off|[of] p2a: Clefable
|move|p1a: Arcanine|Flare Blitz|p2a: Clefable
|-damage|p2a: Clefable|53/100
|
|upkeep
|turn|27
|
|t:|1781155711
|switch|p1a: Regieleki|Regieleki, tera:Electric|45/100
|move|p2a: Clefable|Moonlight|p2a: Clefable
|-heal|p2a: Clefable|100/100
|
|upkeep
|turn|28
|
|t:|1781155717
|move|p1a: Regieleki|Volt Switch|p2a: Clefable
|-damage|p2a: Clefable|32/100
|
|t:|1781155724
|switch|p1a: Alomomola|Alomomola, F|100/100|[from] Volt Switch
|move|p2a: Clefable|Moonblast|p1a: Alomomola
|-damage|p1a: Alomomola|84/100
|
|upkeep
|turn|29
|
|t:|1781155731
|move|p2a: Clefable|Thunder Wave|p1a: Alomomola
|-status|p1a: Alomomola|par
|move|p1a: Alomomola|Flip Turn|p2a: Clefable
|-damage|p2a: Clefable|20/100
|
|t:|1781155734
|switch|p1a: Regieleki|Regieleki, tera:Electric|45/100|[from] Flip Turn
|
|upkeep
|turn|30
|
|t:|1781155741
|move|p1a: Regieleki|Volt Switch|p2a: Clefable
|-damage|p2a: Clefable|0 fnt
|faint|p2a: Clefable
|
|t:|1781155744
|switch|p1a: Corviknight|Corviknight, F|85/100|[from] Volt Switch
|-ability|p1a: Corviknight|Pressure
|
|upkeep
|
|t:|1781155750
|switch|p2a: Samurott|Samurott-Hisui, M, tera:Dark|67/100
|turn|31
|
|t:|1781155756
|move|p2a: Samurott|Sucker Punch||[still]
|-fail|p2a: Samurott
|move|p1a: Corviknight|Roost|p1a: Corviknight
|-heal|p1a: Corviknight|100/100
|-singleturn|p1a: Corviknight|move: Roost
|
|upkeep
|turn|32
|
|t:|1781155763
|move|p2a: Samurott|Sucker Punch||[still]
|-fail|p2a: Samurott
|move|p1a: Corviknight|Defog|p2a: Samurott
|-unboost|p2a: Samurott|evasion|1
|
|upkeep
|turn|33
|
|t:|1781155768
|-activate|p2a: Samurott|move: Struggle
|move|p2a: Samurott|Struggle|p1a: Corviknight
|-damage|p1a: Corviknight|91/100
|-damage|p2a: Samurott|51/100|[from] item: Rocky Helmet|[of] p1a: Corviknight
|-damage|p2a: Samurott|26/100|[from] recoil
|move|p1a: Corviknight|Defog|p2a: Samurott
|-unboost|p2a: Samurott|evasion|1
|
|upkeep
|turn|34
|
|t:|1781155772
|-activate|p2a: Samurott|move: Struggle
|move|p2a: Samurott|Struggle|p1a: Corviknight
|-damage|p1a: Corviknight|82/100
|-damage|p2a: Samurott|10/100|[from] item: Rocky Helmet|[of] p1a: Corviknight
|-damage|p2a: Samurott|0 fnt|[from] recoil
|faint|p2a: Samurott
|
|win|Humerus_Skelepun
|raw|Humerus_Skelepun's rating: 1505 &rarr; <strong>1529</strong><br />(+24 for winning)
|raw|KurisuChestnutOU's rating: 1573 &rarr; <strong>1549</strong><br />(-24 for losing)
|l|☆KurisuChestnutOU
|player|p2|
|l|☆Humerus_Skelepun
|player|p1|
