|j|☆KurisuChestnutLab
|j|☆amiruae
|t:|1781160657
|gametype|singles
|player|p1|KurisuChestnutLab|may-contest|1608
|player|p2|amiruae|palmer|1604
|gen|9
|tier|[Gen 9] OU
|rated|
|rule|HP Percentage Mod: HP is shown in percentages
|rule|Endless Battle Clause: Forcing endless battles is banned
|rule|Species Clause: Limit one of each Pokémon
|rule|OHKO Clause: OHKO moves are banned
|rule|Evasion Items Clause: Evasion items are banned
|rule|Evasion Moves Clause: Evasion moves are banned
|rule|Evasion Abilities Clause: Evasion abilities are banned
|rule|Sleep Moves Clause: Sleep-inducing moves are banned
|clearpoke
|poke|p1|Zamazenta-*|
|poke|p1|Zapdos|
|poke|p1|Garganacl, F|
|poke|p1|Clefable, M|
|poke|p1|Samurott-Hisui, F|
|poke|p1|Gholdengo|
|poke|p2|Gholdengo|
|poke|p2|Armarouge, M|
|poke|p2|Iron Hands|
|poke|p2|Zapdos|
|poke|p2|Raging Bolt|
|poke|p2|Jirachi|
|teampreview
|inactive|Battle timer is ON: inactive players will automatically lose when time's up. (requested by amiruae)
|inactive|KurisuChestnutLab also wants the timer to be on.
|
|t:|1781160675
|teamsize|p1|6
|teamsize|p2|6
|start
|switch|p1a: Zamazenta|Zamazenta|100/100
|switch|p2a: Raging Bolt|Raging Bolt|100/100
|-ability|p1a: Zamazenta|Dauntless Shield|boost
|-boost|p1a: Zamazenta|def|1
|-enditem|p2a: Raging Bolt|Booster Energy
|-activate|p2a: Raging Bolt|ability: Protosynthesis|[fromitem]
|-start|p2a: Raging Bolt|protosynthesisspa
|turn|1
|
|t:|1781160682
|move|p1a: Zamazenta|Body Press|p2a: Raging Bolt
|-damage|p2a: Raging Bolt|66/100
|move|p2a: Raging Bolt|Calm Mind|p2a: Raging Bolt
|-boost|p2a: Raging Bolt|spa|1
|-boost|p2a: Raging Bolt|spd|1
|
|upkeep
|turn|2
|
|t:|1781160688
|move|p1a: Zamazenta|Body Press|p2a: Raging Bolt
|-damage|p2a: Raging Bolt|33/100
|move|p2a: Raging Bolt|Thunderbolt|p1a: Zamazenta
|-damage|p1a: Zamazenta|25/100
|
|-heal|p1a: Zamazenta|31/100|[from] item: Leftovers
|upkeep
|turn|3
|
|t:|1781160694
|move|p2a: Raging Bolt|Thunderclap|p1a: Zamazenta
|-crit|p1a: Zamazenta
|-damage|p1a: Zamazenta|0 fnt
|faint|p1a: Zamazenta
|
|upkeep
|
|t:|1781160698
|switch|p1a: Garganacl|Garganacl, F|100/100
|turn|4
|
|t:|1781160702
|move|p2a: Raging Bolt|Thunderbolt|p1a: Garganacl
|-damage|p1a: Garganacl|27/100
|move|p1a: Garganacl|Recover|p1a: Garganacl
|-heal|p1a: Garganacl|77/100
|
|-heal|p1a: Garganacl|83/100|[from] item: Leftovers
|upkeep
|turn|5
|
|t:|1781160712
|move|p2a: Raging Bolt|Calm Mind|p2a: Raging Bolt
|-boost|p2a: Raging Bolt|spa|1
|-boost|p2a: Raging Bolt|spd|1
|move|p1a: Garganacl|Earthquake|p2a: Raging Bolt
|-supereffective|p2a: Raging Bolt
|-damage|p2a: Raging Bolt|0 fnt
|faint|p2a: Raging Bolt
|-end|p2a: Raging Bolt|Protosynthesis|[silent]
|
|-heal|p1a: Garganacl|89/100|[from] item: Leftovers
|upkeep
|inactive|amiruae has 120 seconds left.
|
|t:|1781160747
|switch|p2a: Gholdengo|Gholdengo|100/100
|turn|6
|inactive|amiruae has 120 seconds left.
|
|t:|1781160755
|move|p2a: Gholdengo|Make It Rain|p1a: Garganacl
|-supereffective|p1a: Garganacl
|-damage|p1a: Garganacl|0 fnt
|-unboost|p2a: Gholdengo|spa|1
|faint|p1a: Garganacl
|
|upkeep
|
|t:|1781160760
|switch|p1a: Gholdengo|Gholdengo|100/100
|turn|7
|
|t:|1781160771
|switch|p2a: Zapdos|Zapdos|100/100
|move|p1a: Gholdengo|Shadow Ball|p2a: Zapdos
|-damage|p2a: Zapdos|61/100
|
|upkeep
|turn|8
|
|t:|1781160778
|move|p1a: Gholdengo|Shadow Ball|p2a: Zapdos
|-damage|p2a: Zapdos|18/100
|move|p2a: Zapdos|Agility|p2a: Zapdos
|-boost|p2a: Zapdos|spe|2
|
|upkeep
|turn|9
|
|t:|1781160783
|move|p2a: Zapdos|Thunderbolt|p1a: Gholdengo
|-damage|p1a: Gholdengo|43/100
|move|p1a: Gholdengo|Shadow Ball|p2a: Zapdos
|-damage|p2a: Zapdos|0 fnt
|faint|p2a: Zapdos
|
|upkeep
|
|t:|1781160796
|switch|p2a: Armarouge|Armarouge, M|100/100
|turn|10
|
|t:|1781160800
|move|p1a: Gholdengo|Shadow Ball|p2a: Armarouge
|-supereffective|p2a: Armarouge
|-damage|p2a: Armarouge|1/100
|-unboost|p2a: Armarouge|spd|1
|-enditem|p2a: Armarouge|Weakness Policy
|-boost|p2a: Armarouge|atk|2|[from] item: Weakness Policy
|-boost|p2a: Armarouge|spa|2|[from] item: Weakness Policy
|move|p2a: Armarouge|Armor Cannon|p1a: Gholdengo
|-supereffective|p1a: Gholdengo
|-damage|p1a: Gholdengo|0 fnt
|-unboost|p2a: Armarouge|def|1
|-unboost|p2a: Armarouge|spd|1
|faint|p1a: Gholdengo
|
|upkeep
|
|t:|1781160805
|switch|p1a: Samurott|Samurott-Hisui, F|100/100
|turn|11
|
|t:|1781160809
|move|p2a: Armarouge|Endure|p2a: Armarouge
|-singleturn|p2a: Armarouge|move: Endure
|move|p1a: Samurott|Sucker Punch||[still]
|-fail|p1a: Samurott
|
|upkeep
|turn|12
|
|t:|1781160820
|switch|p2a: Iron Hands|Iron Hands|100/100
|-enditem|p2a: Iron Hands|Booster Energy
|-activate|p2a: Iron Hands|ability: Quark Drive|[fromitem]
|-start|p2a: Iron Hands|quarkdriveatk
|move|p1a: Samurott|Sucker Punch||[still]
|-fail|p1a: Samurott
|
|upkeep
|turn|13
|
|t:|1781160827
|switch|p1a: Clefable|Clefable, M|100/100
|move|p2a: Iron Hands|Thunder Punch|p1a: Clefable
|-damage|p1a: Clefable|53/100
|
|upkeep
|turn|14
|
|t:|1781160836
|move|p1a: Clefable|Moonlight|p1a: Clefable
|-heal|p1a: Clefable|100/100
|move|p2a: Iron Hands|Thunder Punch|p1a: Clefable
|-damage|p1a: Clefable|55/100
|
|upkeep
|turn|15
|
|t:|1781160842
|move|p1a: Clefable|Moonblast|p2a: Iron Hands
|-supereffective|p2a: Iron Hands
|-damage|p2a: Iron Hands|37/100
|move|p2a: Iron Hands|Thunder Punch|p1a: Clefable
|-damage|p1a: Clefable|12/100
|
|upkeep
|turn|16
|
|t:|1781160848
|move|p1a: Clefable|Moonblast|p2a: Iron Hands
|-supereffective|p2a: Iron Hands
|-damage|p2a: Iron Hands|0 fnt
|faint|p2a: Iron Hands
|-end|p2a: Iron Hands|Quark Drive|[silent]
|
|upkeep
|
|t:|1781160851
|switch|p2a: Armarouge|Armarouge, M|1/100
|turn|17
|
|t:|1781160858
|move|p2a: Armarouge|Armor Cannon|p1a: Clefable
|-damage|p1a: Clefable|0 fnt
|-unboost|p2a: Armarouge|def|1
|-unboost|p2a: Armarouge|spd|1
|faint|p1a: Clefable
|
|upkeep
|
|t:|1781160863
|switch|p1a: Samurott|Samurott-Hisui, F|100/100
|turn|18
|
|t:|1781160867
|move|p1a: Samurott|Ceaseless Edge|p2a: Armarouge
|-supereffective|p2a: Armarouge
|-damage|p2a: Armarouge|0 fnt
|-sidestart|p2: amiruae|Spikes
|faint|p2a: Armarouge
|
|upkeep
|
|t:|1781160874
|switch|p2a: Jirachi|Jirachi|100/100
|-damage|p2a: Jirachi|88/100|[from] Spikes
|turn|19
|
|t:|1781160878
|-terastallize|p1a: Samurott|Dark
|move|p1a: Samurott|Ceaseless Edge|p2a: Jirachi
|-supereffective|p2a: Jirachi
|-damage|p2a: Jirachi|0 fnt
|-sidestart|p2: amiruae|Spikes
|faint|p2a: Jirachi
|
|upkeep
|
|t:|1781160882
|switch|p2a: Gholdengo|Gholdengo|100/100
|-damage|p2a: Gholdengo|84/100|[from] Spikes
|turn|20
|
|t:|1781160902
|move|p1a: Samurott|Ceaseless Edge|p2a: Gholdengo
|-supereffective|p2a: Gholdengo
|-damage|p2a: Gholdengo|0 fnt
|-sidestart|p2: amiruae|Spikes
|faint|p2a: Gholdengo
|
|win|KurisuChestnutLab
|raw|KurisuChestnutLab's rating: 1560 &rarr; <strong>1583</strong><br />(+23 for winning)
|raw|amiruae's rating: 1604 &rarr; <strong>1581</strong><br />(-23 for losing)
|l|☆amiruae
|player|p2|
|l|☆KurisuChestnutLab
|player|p1|
