|badge|p1|bronze|gen9ou|100-9
|uhtml|medal-msg|<div class="broadcast-blue">Curious what those medals under the avatar are? PS now has Ladder Seasons! For more information, check out the <a href="https://www.smogon.com/forums/threads/3740067/">thread on Smogon.</a></div>
|j|☆noob1877 test
|j|☆ign28
|t:|1781402008
|gametype|singles
|player|p1|noob1877 test|266|1833
|player|p2|ign28|palmer|1706
|gen|9
|tier|[Gen 9] OU
|rated|
|rule|HP Percentage Mod: HP is shown in percentages
|rule|Endless Battle Clause: Forcing endless battles is banned
|rule|Species Clause: Limit one of each Pokémon
|rule|OHKO Clause: OHKO moves are banned
|rule|Evasion Items Clause: Evasion items are banned
|rule|Evasion Moves Clause: Evasion moves are banned
|rule|Evasion Abilities Clause: Evasion abilities are banned
|rule|Sleep Moves Clause: Sleep-inducing moves are banned
|clearpoke
|poke|p1|Ninetales, M|
|poke|p1|Walking Wake|
|poke|p1|Pawmot, F|
|poke|p1|Comfey, M|
|poke|p1|Great Tusk|
|poke|p1|Tornadus-Therian, M|
|poke|p2|Great Tusk|
|poke|p2|Darkrai|
|poke|p2|Kyurem|
|poke|p2|Iron Valiant|
|poke|p2|Dragonite, M|
|poke|p2|Gholdengo|
|teampreview
|inactive|Battle timer is ON: inactive players will automatically lose when time's up. (requested by ign28)
|
|t:|1781402027
|teamsize|p1|6
|teamsize|p2|6
|start
|switch|p1a: Ninetales|Ninetales, M|100/100
|switch|p2a: Great Tusk|Great Tusk|100/100
|-weather|SunnyDay|[from] ability: Drought|[of] p1a: Ninetales
|-activate|p2a: Great Tusk|ability: Protosynthesis
|-start|p2a: Great Tusk|protosynthesisatk
|turn|1
|
|t:|1781402039
|move|p1a: Ninetales|Will-O-Wisp|p2a: Great Tusk
|-status|p2a: Great Tusk|brn
|move|p2a: Great Tusk|Stealth Rock|p1a: Ninetales
|-sidestart|p1: noob1877 test|move: Stealth Rock
|
|-weather|SunnyDay|[upkeep]
|-damage|p2a: Great Tusk|94/100 brn|[from] brn
|upkeep
|turn|2
|
|t:|1781402046
|switch|p1a: Walking Wake|Walking Wake|100/100
|-damage|p1a: Walking Wake|88/100|[from] Stealth Rock
|-activate|p1a: Walking Wake|ability: Protosynthesis
|-start|p1a: Walking Wake|protosynthesisspa
|move|p2a: Great Tusk|Rapid Spin|p1a: Walking Wake
|-damage|p1a: Walking Wake|75/100
|-boost|p2a: Great Tusk|spe|1
|
|-weather|SunnyDay|[upkeep]
|-damage|p2a: Great Tusk|88/100 brn|[from] brn
|upkeep
|turn|3
|
|t:|1781402050
|move|p2a: Great Tusk|Headlong Rush|p1a: Walking Wake
|-crit|p1a: Walking Wake
|-damage|p1a: Walking Wake|10/100
|-unboost|p2a: Great Tusk|def|1
|-unboost|p2a: Great Tusk|spd|1
|move|p1a: Walking Wake|Hydro Steam|p2a: Great Tusk
|-supereffective|p2a: Great Tusk
|-damage|p2a: Great Tusk|0 fnt
|faint|p2a: Great Tusk
|-end|p2a: Great Tusk|Protosynthesis|[silent]
|
|-weather|SunnyDay|[upkeep]
|upkeep
|j| WhatColorIsThis?
|
|t:|1781402055
|switch|p2a: Darkrai|Darkrai|100/100
|turn|4
|
|t:|1781402078
|move|p2a: Darkrai|Sludge Bomb|p1a: Walking Wake
|-damage|p1a: Walking Wake|0 fnt
|faint|p1a: Walking Wake
|-end|p1a: Walking Wake|Protosynthesis|[silent]
|-damage|p2a: Darkrai|91/100|[from] item: Life Orb
|
|-weather|SunnyDay|[upkeep]
|upkeep
|
|t:|1781402080
|switch|p1a: Great Tusk|Great Tusk|100/100
|-damage|p1a: Great Tusk|98/100|[from] Stealth Rock
|-activate|p1a: Great Tusk|ability: Protosynthesis
|-start|p1a: Great Tusk|protosynthesisspe
|turn|5
|
|t:|1781402085
|move|p1a: Great Tusk|Headlong Rush|p2a: Darkrai
|-damage|p2a: Darkrai|0 fnt
|-unboost|p1a: Great Tusk|def|1
|-unboost|p1a: Great Tusk|spd|1
|faint|p2a: Darkrai
|-damage|p1a: Great Tusk|88/100|[from] item: Life Orb
|
|-weather|SunnyDay|[upkeep]
|upkeep
|inactive|ign28 has 120 seconds left.
|
|t:|1781402118
|switch|p2a: Kyurem|Kyurem, shiny|100/100
|-ability|p2a: Kyurem|Pressure
|turn|6
|j| DA COME UP
|
|t:|1781402123
|move|p1a: Great Tusk|Rapid Spin|p2a: Kyurem
|-damage|p2a: Kyurem|84/100
|-boost|p1a: Great Tusk|spe|1
|-sideend|p1: noob1877 test|Stealth Rock|[from] move: Rapid Spin|[of] p1a: Great Tusk
|-damage|p1a: Great Tusk|78/100|[from] item: Life Orb
|move|p2a: Kyurem|Ice Beam|p1a: Great Tusk
|-supereffective|p1a: Great Tusk
|-damage|p1a: Great Tusk|0 fnt
|faint|p1a: Great Tusk
|-end|p1a: Great Tusk|Protosynthesis|[silent]
|
|-weather|SunnyDay|[upkeep]
|upkeep
|
|t:|1781402140
|switch|p1a: Comfey|Comfey, M|100/100
|turn|7
|
|t:|1781402150
|move|p2a: Kyurem|Ice Beam|p1a: Comfey
|-damage|p1a: Comfey|51/100
|move|p1a: Comfey|Growth|p1a: Comfey
|-boost|p1a: Comfey|atk|2
|-boost|p1a: Comfey|spa|2
|
|-weather|SunnyDay|[upkeep]
|upkeep
|turn|8
|
|t:|1781402153
|move|p1a: Comfey|Draining Kiss|p2a: Kyurem
|-supereffective|p2a: Kyurem
|-damage|p2a: Kyurem|21/100
|-heal|p1a: Comfey|100/100|[from] drain|[of] p2a: Kyurem
|-damage|p1a: Comfey|91/100|[from] item: Life Orb
|move|p2a: Kyurem|Ice Beam|p1a: Comfey
|-damage|p1a: Comfey|36/100
|
|-weather|none
|upkeep
|turn|9
|
|t:|1781402159
|move|p1a: Comfey|Draining Kiss|p2a: Kyurem
|-supereffective|p2a: Kyurem
|-damage|p2a: Kyurem|0 fnt
|-heal|p1a: Comfey|56/100|[from] drain|[of] p2a: Kyurem
|faint|p2a: Kyurem
|-damage|p1a: Comfey|46/100|[from] item: Life Orb
|
|upkeep
|
|t:|1781402161
|switch|p2a: Ghold Experience|Gholdengo|100/100
|-item|p2a: Ghold Experience|Air Balloon
|turn|10
|
|t:|1781402180
|switch|p1a: Ninetales|Ninetales, M|100/100
|-weather|SunnyDay|[from] ability: Drought|[of] p1a: Ninetales
|move|p2a: Ghold Experience|Make It Rain|p1a: Ninetales
|-resisted|p1a: Ninetales
|-damage|p1a: Ninetales|74/100
|-unboost|p2a: Ghold Experience|spa|1
|
|-weather|SunnyDay|[upkeep]
|upkeep
|turn|11
|
|t:|1781402186
|move|p1a: Ninetales|Weather Ball|p2a: Ghold Experience
|-supereffective|p2a: Ghold Experience
|-damage|p2a: Ghold Experience|16/100
|-enditem|p2a: Ghold Experience|Air Balloon
|move|p2a: Ghold Experience|Thunder Wave|p1a: Ninetales
|-status|p1a: Ninetales|par
|
|-weather|SunnyDay|[upkeep]
|upkeep
|turn|12
|
|t:|1781402193
|move|p2a: Ghold Experience|Hex|p1a: Ninetales
|-damage|p1a: Ninetales|40/100 par
|cant|p1a: Ninetales|par
|
|-weather|SunnyDay|[upkeep]
|upkeep
|turn|13
|
|t:|1781402198
|switch|p1a: Tornadus|Tornadus-Therian, M|100/100
|move|p2a: Ghold Experience|Hex|p1a: Tornadus
|-damage|p1a: Tornadus|88/100
|
|-weather|SunnyDay|[upkeep]
|upkeep
|turn|14
|
|t:|1781402200
|move|p1a: Tornadus|Heat Wave|p2a: Ghold Experience
|-supereffective|p2a: Ghold Experience
|-damage|p2a: Ghold Experience|0 fnt
|faint|p2a: Ghold Experience
|
|-weather|SunnyDay|[upkeep]
|upkeep
|
|t:|1781402221
|switch|p2a: Dragonite|Dragonite, M|100/100
|turn|15
|
|t:|1781402225
|move|p1a: Tornadus|U-turn|p2a: Dragonite
|-resisted|p2a: Dragonite
|-damage|p2a: Dragonite|97/100
|
|t:|1781402226
|switch|p1a: Pawmot|Pawmot, F|100/100|[from] U-turn
|move|p2a: Dragonite|Dragon Dance|p2a: Dragonite
|-boost|p2a: Dragonite|atk|1
|-boost|p2a: Dragonite|spe|1
|
|-weather|SunnyDay|[upkeep]
|upkeep
|turn|16
|
|t:|1781402231
|-terastallize|p1a: Pawmot|Fairy
|move|p2a: Dragonite|Earthquake|p1a: Pawmot
|-damage|p1a: Pawmot|25/100
|move|p1a: Pawmot|Nuzzle|p2a: Dragonite
|-damage|p2a: Dragonite|88/100
|-status|p2a: Dragonite|par
|
|-weather|SunnyDay|[upkeep]
|upkeep
|turn|17
|
|t:|1781402240
|cant|p2a: Dragonite|par
|move|p1a: Pawmot|Revival Blessing|p1a: Pawmot
|-enditem|p1a: Pawmot|Leppa Berry|[eat]
|-activate|p1a: Pawmot|item: Leppa Berry|Revival Blessing|[consumed]
|
|t:|1781402243
|-heal|p1: Great Tusk|50/100|[from] move: Revival Blessing
|
|-weather|none
|upkeep
|turn|18
|
|t:|1781402259
|move|p2a: Dragonite|Extreme Speed|p1a: Pawmot
|-damage|p1a: Pawmot|0 fnt
|faint|p1a: Pawmot
|
|upkeep
|
|t:|1781402263
|switch|p1a: Great Tusk|Great Tusk|50/100
|turn|19
|
|t:|1781402267
|-terastallize|p2a: Dragonite|Normal
|move|p1a: Great Tusk|Stone Edge|p2a: Dragonite
|-damage|p2a: Dragonite|45/100 par
|-damage|p1a: Great Tusk|41/100|[from] item: Life Orb
|move|p2a: Dragonite|Dragon Dance|p2a: Dragonite
|-boost|p2a: Dragonite|atk|1
|-boost|p2a: Dragonite|spe|1
|
|upkeep
|turn|20
|j| mak7xr
|
|t:|1781402275
|cant|p2a: Dragonite|par
|move|p1a: Great Tusk|Headlong Rush|p2a: Dragonite
|-damage|p2a: Dragonite|0 fnt
|-unboost|p1a: Great Tusk|def|1
|-unboost|p1a: Great Tusk|spd|1
|faint|p2a: Dragonite
|-damage|p1a: Great Tusk|31/100|[from] item: Life Orb
|
|upkeep
|
|t:|1781402278
|switch|p2a: Iron Valiant|Iron Valiant|100/100
|-enditem|p2a: Iron Valiant|Booster Energy
|-activate|p2a: Iron Valiant|ability: Quark Drive|[fromitem]
|-start|p2a: Iron Valiant|quarkdrivespe
|turn|21
|
|t:|1781402284
|move|p2a: Iron Valiant|Ice Punch|p1a: Great Tusk
|-supereffective|p1a: Great Tusk
|-damage|p1a: Great Tusk|0 fnt
|faint|p1a: Great Tusk
|-end|p1a: Great Tusk|Protosynthesis|[silent]
|
|upkeep
|
|t:|1781402287
|switch|p1a: Comfey|Comfey, M|46/100
|turn|22
|
|t:|1781402291
|move|p1a: Comfey|Draining Kiss|p2a: Iron Valiant
|-supereffective|p2a: Iron Valiant
|-damage|p2a: Iron Valiant|3/100
|-heal|p1a: Comfey|100/100|[from] drain|[of] p2a: Iron Valiant
|-damage|p1a: Comfey|91/100|[from] item: Life Orb
|move|p2a: Iron Valiant|Ice Punch|p1a: Comfey
|-damage|p1a: Comfey|61/100
|
|upkeep
|turn|23
|
|t:|1781402295
|move|p1a: Comfey|Draining Kiss|p2a: Iron Valiant
|-supereffective|p2a: Iron Valiant
|-damage|p2a: Iron Valiant|0 fnt
|-heal|p1a: Comfey|63/100|[from] drain|[of] p2a: Iron Valiant
|faint|p2a: Iron Valiant
|-end|p2a: Iron Valiant|Quark Drive|[silent]
|-damage|p1a: Comfey|53/100|[from] item: Life Orb
|
|win|noob1877 test
|raw|noob1877 test's rating: 1833 &rarr; <strong>1846</strong><br />(+13 for winning)
|raw|ign28's rating: 1706 &rarr; <strong>1693</strong><br />(-13 for losing)
|l| mak7xr
|l|☆noob1877 test
|player|p1|
|l|☆ign28
|player|p2|
|l| WhatColorIsThis?
