|j|☆tauros3
|j|☆Auburn Hills
|t:|1781379071
|gametype|singles
|player|p1|tauros3|swimmer-gen4dp|1682
|player|p2|Auburn Hills|alder|1694
|gen|9
|tier|[Gen 9] OU
|rated|
|rule|HP Percentage Mod: HP is shown in percentages
|rule|Endless Battle Clause: Forcing endless battles is banned
|rule|Species Clause: Limit one of each Pokémon
|rule|OHKO Clause: OHKO moves are banned
|rule|Evasion Items Clause: Evasion items are banned
|rule|Evasion Moves Clause: Evasion moves are banned
|rule|Evasion Abilities Clause: Evasion abilities are banned
|rule|Sleep Moves Clause: Sleep-inducing moves are banned
|clearpoke
|poke|p1|Ninetales-Alola, F|
|poke|p1|Kyurem|
|poke|p1|Moltres-Galar|
|poke|p1|Ursaluna, F|
|poke|p1|Diancie|
|poke|p1|Hatterene, F|
|poke|p2|Iron Moth|
|poke|p2|Umbreon, F|
|poke|p2|Garchomp, F|
|poke|p2|Glimmora, M|
|poke|p2|Gholdengo|
|poke|p2|Dragonite, M|
|teampreview
|inactive|Battle timer is ON: inactive players will automatically lose when time's up. (requested by tauros3)
|inactive|tauros3 has 120 seconds left.
|
|t:|1781379117
|teamsize|p1|6
|teamsize|p2|6
|start
|switch|p1a: Pink Triangle|Hatterene, F|100/100
|switch|p2a: Smino|Gholdengo|100/100
|turn|1
|
|t:|1781379140
|move|p2a: Smino|Make It Rain|p1a: Pink Triangle
|-supereffective|p1a: Pink Triangle
|-enditem|p1a: Pink Triangle|Focus Sash
|-damage|p1a: Pink Triangle|1/100
|-unboost|p2a: Smino|spa|1
|move|p1a: Pink Triangle|Trick Room|p1a: Pink Triangle
|-fieldstart|move: Trick Room|[of] p1a: Pink Triangle
|
|upkeep
|turn|2
|
|t:|1781379146
|switch|p1a: El Scorcho|Ursaluna, F|100/100
|switch|p2a: Alvvays|Umbreon, F|100/100
|
|-status|p1a: El Scorcho|brn|[from] item: Flame Orb
|upkeep
|turn|3
|
|t:|1781379155
|move|p2a: Alvvays|Protect|p2a: Alvvays
|-singleturn|p2a: Alvvays|Protect
|move|p1a: El Scorcho|Facade|p2a: Alvvays
|-activate|p2a: Alvvays|move: Protect
|
|-damage|p1a: El Scorcho|94/100 brn|[from] brn
|upkeep
|turn|4
|
|t:|1781379163
|switch|p2a: Glimmora|Glimmora, M|100/100
|-terastallize|p1a: El Scorcho|Normal
|move|p1a: El Scorcho|Facade|p2a: Glimmora
|-resisted|p2a: Glimmora
|-enditem|p2a: Glimmora|Focus Sash
|-damage|p2a: Glimmora|1/100
|-activate|p2a: Glimmora|ability: Toxic Debris
|-sidestart|p1: tauros3|move: Toxic Spikes
|
|-damage|p1a: El Scorcho|88/100 brn|[from] brn
|upkeep
|turn|5
|
|t:|1781379171
|move|p1a: El Scorcho|Fire Punch|p2a: Glimmora
|-resisted|p2a: Glimmora
|-damage|p2a: Glimmora|0 fnt
|-activate|p2a: Glimmora|ability: Toxic Debris
|-sidestart|p1: tauros3|move: Toxic Spikes
|faint|p2a: Glimmora
|
|-damage|p1a: El Scorcho|82/100 brn|[from] brn
|-fieldend|move: Trick Room
|upkeep
|
|t:|1781379174
|switch|p2a: Smino|Gholdengo|100/100
|turn|6
|
|t:|1781379178
|switch|p1a: Pink Triangle|Hatterene, F|1/100
|-status|p1a: Pink Triangle|tox
|move|p2a: Smino|Make It Rain|p1a: Pink Triangle
|-supereffective|p1a: Pink Triangle
|-damage|p1a: Pink Triangle|0 fnt
|-unboost|p2a: Smino|spa|1
|faint|p1a: Pink Triangle
|
|upkeep
|
|t:|1781379185
|switch|p1a: Butterfly|Moltres-Galar|100/100
|turn|7
|
|t:|1781379189
|switch|p2a: Elucid|Dragonite, M|100/100
|move|p1a: Butterfly|Nasty Plot|p1a: Butterfly
|-boost|p1a: Butterfly|spa|2
|
|upkeep
|turn|8
|
|t:|1781379192
|move|p1a: Butterfly|Fiery Wrath|p2a: Elucid
|-damage|p2a: Elucid|54/100
|cant|p2a: Elucid|flinch
|
|upkeep
|turn|9
|
|t:|1781379198
|switch|p2a: Alvvays|Umbreon, F|100/100
|move|p1a: Butterfly|Fiery Wrath|p2a: Alvvays
|-resisted|p2a: Alvvays
|-damage|p2a: Alvvays|78/100
|
|-heal|p2a: Alvvays|84/100|[from] item: Leftovers
|upkeep
|turn|10
|
|t:|1781379203
|move|p1a: Butterfly|Air Slash|p2a: Alvvays
|-damage|p2a: Alvvays|49/100
|move|p2a: Alvvays|Thunder Wave|p1a: Butterfly
|-status|p1a: Butterfly|par
|
|-heal|p2a: Alvvays|55/100|[from] item: Leftovers
|upkeep
|turn|11
|
|t:|1781379206
|switch|p2a: Smino|Gholdengo|100/100
|cant|p1a: Butterfly|par
|
|upkeep
|turn|12
|
|t:|1781379211
|move|p2a: Smino|Trick|p1a: Butterfly
|-activate|p2a: Smino|move: Trick|[of] p1a: Butterfly
|-item|p1a: Butterfly|Choice Scarf|[from] move: Trick
|-item|p2a: Smino|Sitrus Berry|[from] move: Trick
|cant|p1a: Butterfly|par
|
|upkeep
|turn|13
|
|t:|1781379215
|switch|p2a: Alvvays|Umbreon, F|55/100
|move|p1a: Butterfly|Fiery Wrath|p2a: Alvvays
|-resisted|p2a: Alvvays
|-damage|p2a: Alvvays|32/100
|
|-heal|p2a: Alvvays|38/100|[from] item: Leftovers
|upkeep
|turn|14
|j| DA COME UP
|
|t:|1781379217
|move|p1a: Butterfly|Fiery Wrath|p2a: Alvvays
|-resisted|p2a: Alvvays
|-damage|p2a: Alvvays|16/100
|move|p2a: Alvvays|Wish|p2a: Alvvays
|
|-heal|p2a: Alvvays|22/100|[from] item: Leftovers
|upkeep
|turn|15
|
|t:|1781379220
|move|p2a: Alvvays|Protect|p2a: Alvvays
|-singleturn|p2a: Alvvays|Protect
|move|p1a: Butterfly|Fiery Wrath|p2a: Alvvays
|-activate|p2a: Alvvays|move: Protect
|
|-heal|p2a: Alvvays|72/100|[from] move: Wish|[wisher] Alvvays
|-heal|p2a: Alvvays|78/100|[from] item: Leftovers
|upkeep
|turn|16
|
|t:|1781379225
|move|p1a: Butterfly|Fiery Wrath|p2a: Alvvays
|-resisted|p2a: Alvvays
|-crit|p2a: Alvvays
|-damage|p2a: Alvvays|42/100
|move|p2a: Alvvays|Wish|p2a: Alvvays
|
|-heal|p2a: Alvvays|48/100|[from] item: Leftovers
|upkeep
|turn|17
|
|t:|1781379228
|move|p1a: Butterfly|Fiery Wrath|p2a: Alvvays
|-resisted|p2a: Alvvays
|-damage|p2a: Alvvays|25/100
|move|p2a: Alvvays|Foul Play|p1a: Butterfly
|-resisted|p1a: Butterfly
|-damage|p1a: Butterfly|88/100 par
|
|-heal|p2a: Alvvays|75/100|[from] move: Wish|[wisher] Alvvays
|-heal|p2a: Alvvays|81/100|[from] item: Leftovers
|upkeep
|turn|18
|
|t:|1781379233
|move|p1a: Butterfly|Fiery Wrath|p2a: Alvvays
|-resisted|p2a: Alvvays
|-damage|p2a: Alvvays|58/100
|move|p2a: Alvvays|Wish|p2a: Alvvays
|
|-heal|p2a: Alvvays|64/100|[from] item: Leftovers
|upkeep
|turn|19
|
|t:|1781379238
|move|p1a: Butterfly|Fiery Wrath|p2a: Alvvays
|-resisted|p2a: Alvvays
|-damage|p2a: Alvvays|40/100
|move|p2a: Alvvays|Foul Play|p1a: Butterfly
|-resisted|p1a: Butterfly
|-crit|p1a: Butterfly
|-damage|p1a: Butterfly|68/100 par
|
|-heal|p2a: Alvvays|90/100|[from] move: Wish|[wisher] Alvvays
|-heal|p2a: Alvvays|96/100|[from] item: Leftovers
|upkeep
|turn|20
|
|t:|1781379243
|move|p1a: Butterfly|Fiery Wrath|p2a: Alvvays
|-resisted|p2a: Alvvays
|-damage|p2a: Alvvays|72/100
|move|p2a: Alvvays|Wish|p2a: Alvvays
|
|-heal|p2a: Alvvays|78/100|[from] item: Leftovers
|upkeep
|turn|21
|
|t:|1781379248
|move|p1a: Butterfly|Fiery Wrath|p2a: Alvvays
|-resisted|p2a: Alvvays
|-damage|p2a: Alvvays|55/100
|move|p2a: Alvvays|Foul Play|p1a: Butterfly
|-resisted|p1a: Butterfly
|-damage|p1a: Butterfly|56/100 par
|
|-heal|p2a: Alvvays|100/100|[from] move: Wish|[wisher] Alvvays
|upkeep
|turn|22
|
|t:|1781379251
|move|p1a: Butterfly|Fiery Wrath|p2a: Alvvays
|-resisted|p2a: Alvvays
|-damage|p2a: Alvvays|79/100
|move|p2a: Alvvays|Foul Play|p1a: Butterfly
|-resisted|p1a: Butterfly
|-damage|p1a: Butterfly|44/100 par
|-ability|p1a: Butterfly|Berserk|boost
|-boost|p1a: Butterfly|spa|1
|
|-heal|p2a: Alvvays|85/100|[from] item: Leftovers
|upkeep
|turn|23
|
|t:|1781379254
|move|p2a: Alvvays|Protect|p2a: Alvvays
|-singleturn|p2a: Alvvays|Protect
|move|p1a: Butterfly|Fiery Wrath|p2a: Alvvays
|-activate|p2a: Alvvays|move: Protect
|
|-heal|p2a: Alvvays|91/100|[from] item: Leftovers
|upkeep
|turn|24
|
|t:|1781379256
|move|p1a: Butterfly|Fiery Wrath|p2a: Alvvays
|-resisted|p2a: Alvvays
|-damage|p2a: Alvvays|62/100
|move|p2a: Alvvays|Wish|p2a: Alvvays
|
|-heal|p2a: Alvvays|68/100|[from] item: Leftovers
|upkeep
|turn|25
|
|t:|1781379259
|move|p1a: Butterfly|Fiery Wrath|p2a: Alvvays
|-resisted|p2a: Alvvays
|-damage|p2a: Alvvays|38/100
|move|p2a: Alvvays|Foul Play|p1a: Butterfly
|-resisted|p1a: Butterfly
|-damage|p1a: Butterfly|32/100 par
|
|-heal|p2a: Alvvays|88/100|[from] move: Wish|[wisher] Alvvays
|-heal|p2a: Alvvays|94/100|[from] item: Leftovers
|upkeep
|turn|26
|
|t:|1781379262
|move|p1a: Butterfly|Fiery Wrath|p2a: Alvvays
|-resisted|p2a: Alvvays
|-damage|p2a: Alvvays|69/100
|move|p2a: Alvvays|Foul Play|p1a: Butterfly
|-resisted|p1a: Butterfly
|-damage|p1a: Butterfly|20/100 par
|
|-heal|p2a: Alvvays|75/100|[from] item: Leftovers
|upkeep
|turn|27
|
|t:|1781379265
|move|p2a: Alvvays|Protect|p2a: Alvvays
|-singleturn|p2a: Alvvays|Protect
|-activate|p1a: Butterfly|move: Struggle
|move|p1a: Butterfly|Struggle|p2a: Alvvays
|-activate|p2a: Alvvays|move: Protect
|
|-heal|p2a: Alvvays|81/100|[from] item: Leftovers
|upkeep
|turn|28
|
|t:|1781379266
|cant|p1a: Butterfly|par
|move|p2a: Alvvays|Wish|p2a: Alvvays
|
|-heal|p2a: Alvvays|87/100|[from] item: Leftovers
|upkeep
|turn|29
|
|t:|1781379272
|switch|p2a: Elucid|Dragonite, M|54/100
|-activate|p1a: Butterfly|move: Struggle
|move|p1a: Butterfly|Struggle|p2a: Elucid
|-damage|p2a: Elucid|45/100
|-damage|p1a: Butterfly|0 fnt|[from] recoil
|faint|p1a: Butterfly
|
|-heal|p2a: Elucid|100/100|[from] move: Wish|[wisher] Alvvays
|upkeep
|
|t:|1781379278
|switch|p1a: El Scorcho|Ursaluna, F, tera:Normal|82/100 brn
|turn|30
|
|t:|1781379282
|switch|p2a: Smino|Gholdengo|100/100
|move|p1a: El Scorcho|Facade|p2a: Smino
|-immune|p2a: Smino
|
|-damage|p1a: El Scorcho|76/100 brn|[from] brn
|upkeep
|turn|31
|
|t:|1781379286
|move|p2a: Smino|Make It Rain|p1a: El Scorcho
|-damage|p1a: El Scorcho|24/100 brn
|-unboost|p2a: Smino|spa|1
|move|p1a: El Scorcho|Fire Punch|p2a: Smino
|-supereffective|p2a: Smino
|-damage|p2a: Smino|0 fnt
|faint|p2a: Smino
|
|-damage|p1a: El Scorcho|18/100 brn|[from] brn
|upkeep
|
|t:|1781379293
|switch|p2a: Rat Tally|Garchomp, F|100/100
|turn|32
|
|t:|1781379296
|move|p2a: Rat Tally|Poison Jab|p1a: El Scorcho
|-damage|p1a: El Scorcho|0 fnt
|faint|p1a: El Scorcho
|
|upkeep
|
|t:|1781379301
|switch|p1a: No Other One|Diancie|100/100
|-status|p1a: No Other One|tox
|turn|33
|
|t:|1781379305
|move|p2a: Rat Tally|Earthquake|p1a: No Other One
|-supereffective|p1a: No Other One
|-damage|p1a: No Other One|23/100 tox
|move|p1a: No Other One|Trick Room|p1a: No Other One
|-fieldstart|move: Trick Room|[of] p1a: No Other One
|
|-damage|p1a: No Other One|17/100 tox|[from] psn
|upkeep
|turn|34
|
|t:|1781379311
|switch|p2a: Alvvays|Umbreon, F|87/100
|move|p1a: No Other One|Meteor Beam||[still]
|-prepare|p1a: No Other One|Meteor Beam
|-boost|p1a: No Other One|spa|1
|-enditem|p1a: No Other One|Power Herb
|-anim|p1a: No Other One|Meteor Beam|p2a: Alvvays
|-damage|p2a: Alvvays|44/100
|
|-heal|p2a: Alvvays|50/100|[from] item: Leftovers
|-damage|p1a: No Other One|5/100 tox|[from] psn
|upkeep
|turn|35
|
|t:|1781379320
|move|p2a: Alvvays|Protect|p2a: Alvvays
|-singleturn|p2a: Alvvays|Protect
|move|p1a: No Other One|Moonblast|p2a: Alvvays
|-activate|p2a: Alvvays|move: Protect
|
|-heal|p2a: Alvvays|56/100|[from] item: Leftovers
|-damage|p1a: No Other One|0 fnt|[from] psn
|faint|p1a: No Other One
|upkeep
|
|t:|1781379324
|switch|p1a: Getchoo|Kyurem|100/100
|-status|p1a: Getchoo|tox
|-ability|p1a: Getchoo|Pressure
|turn|36
|
|t:|1781379329
|move|p2a: Alvvays|Wish|p2a: Alvvays
|move|p1a: Getchoo|Icicle Spear|p2a: Alvvays
|-damage|p2a: Alvvays|43/100
|-damage|p2a: Alvvays|31/100
|-damage|p2a: Alvvays|19/100
|-damage|p2a: Alvvays|8/100
|-hitcount|p2a: Alvvays|4
|
|-heal|p2a: Alvvays|14/100|[from] item: Leftovers
|-damage|p1a: Getchoo|94/100 tox|[from] psn
|upkeep
|turn|37
|
|t:|1781379334
|move|p2a: Alvvays|Foul Play|p1a: Getchoo
|-damage|p1a: Getchoo|39/100 tox
|move|p1a: Getchoo|Dragon Dance|p1a: Getchoo
|-boost|p1a: Getchoo|atk|1
|-boost|p1a: Getchoo|spe|1
|
|-heal|p2a: Alvvays|64/100|[from] move: Wish|[wisher] Alvvays
|-heal|p2a: Alvvays|70/100|[from] item: Leftovers
|-damage|p1a: Getchoo|27/100 tox|[from] psn
|-fieldend|move: Trick Room
|upkeep
|turn|38
|
|t:|1781379338
|move|p2a: Alvvays|Protect|p2a: Alvvays
|-singleturn|p2a: Alvvays|Protect
|move|p1a: Getchoo|Dragon Dance|p1a: Getchoo
|-boost|p1a: Getchoo|atk|1
|-boost|p1a: Getchoo|spe|1
|
|-heal|p2a: Alvvays|76/100|[from] item: Leftovers
|-damage|p1a: Getchoo|8/100 tox|[from] psn
|upkeep
|turn|39
|
|t:|1781379342
|switch|p2a: Rat Tally|Garchomp, F|100/100
|move|p1a: Getchoo|Icicle Spear|p2a: Rat Tally
|-supereffective|p2a: Rat Tally
|-crit|p2a: Rat Tally
|-damage|p2a: Rat Tally|0 fnt
|faint|p2a: Rat Tally
|-hitcount|p2: Rat Tally|1
|
|-damage|p1a: Getchoo|0 fnt|[from] psn
|faint|p1a: Getchoo
|upkeep
|-message|tauros3 forfeited.
|
|win|Auburn Hills
|raw|tauros3's rating: 1682 &rarr; <strong>1663</strong><br />(-19 for losing)
|raw|Auburn Hills's rating: 1694 &rarr; <strong>1713</strong><br />(+19 for winning)
|l|☆tauros3
|player|p1|
|l|☆Auburn Hills
|player|p2|
|l| DA COME UP
