|j|☆BoostingTyranntrum
|j|☆Capidaxter
|t:|1780992068
|gametype|singles
|player|p1|BoostingTyranntrum|1|1567
|player|p2|Capidaxter|ethan|1734
|gen|9
|tier|[Gen 9] OU
|rated|
|rule|HP Percentage Mod: HP is shown in percentages
|rule|Endless Battle Clause: Forcing endless battles is banned
|rule|Species Clause: Limit one of each Pokémon
|rule|OHKO Clause: OHKO moves are banned
|rule|Evasion Items Clause: Evasion items are banned
|rule|Evasion Moves Clause: Evasion moves are banned
|rule|Evasion Abilities Clause: Evasion abilities are banned
|rule|Sleep Moves Clause: Sleep-inducing moves are banned
|clearpoke
|poke|p1|Kyurem|
|poke|p1|Kingambit, M|
|poke|p1|Great Tusk|
|poke|p1|Cinderace, M|
|poke|p1|Slowking-Galar, M|
|poke|p1|Enamorus-Therian, F|
|poke|p2|Ting-Lu|
|poke|p2|Glimmora, F|
|poke|p2|Gholdengo|
|poke|p2|Iron Valiant|
|poke|p2|Ogerpon-Wellspring, F|
|poke|p2|Dragonite, F|
|teampreview
|inactive|Battle timer is ON: inactive players will automatically lose when time's up. (requested by Capidaxter)
|
|t:|1780992078
|teamsize|p1|6
|teamsize|p2|6
|start
|switch|p1a: Slowking|Slowking-Galar, M, shiny|100/100
|switch|p2a: Ting-Lu|Ting-Lu|100/100
|-ability|p2a: Ting-Lu|Vessel of Ruin
|turn|1
|
|t:|1780992087
|switch|p1a: Kyurem|Kyurem, shiny|100/100
|-ability|p1a: Kyurem|Pressure
|move|p2a: Ting-Lu|Ruination|p1a: Kyurem
|-damage|p1a: Kyurem|51/100
|
|upkeep
|turn|2
|
|t:|1780992103
|move|p1a: Kyurem|Ice Beam|p2a: Ting-Lu
|-supereffective|p2a: Ting-Lu
|-damage|p2a: Ting-Lu|58/100
|move|p2a: Ting-Lu|Earthquake|p1a: Kyurem
|-damage|p1a: Kyurem|30/100
|
|upkeep
|turn|3
|inactive|Capidaxter has 120 seconds left.
|
|t:|1780992137
|move|p1a: Kyurem|Ice Beam|p2a: Ting-Lu
|-supereffective|p2a: Ting-Lu
|-damage|p2a: Ting-Lu|16/100
|move|p2a: Ting-Lu|Earthquake|p1a: Kyurem
|-damage|p1a: Kyurem|5/100
|
|upkeep
|turn|4
|inactive|Capidaxter has 120 seconds left.
|-enditem|p2a: Ting-Lu|Custap Berry|[eat]
|-activate|p2a: Ting-Lu|item: Custap Berry|[consumed]
|
|t:|1780992146
|move|p2a: Ting-Lu|Earthquake|p1a: Kyurem
|-damage|p1a: Kyurem|0 fnt
|faint|p1a: Kyurem
|
|upkeep
|
|t:|1780992150
|switch|p1a: Cinderace|Cinderace, M, shiny|100/100
|turn|5
|
|t:|1780992154
|move|p1a: Cinderace|U-turn|p2a: Ting-Lu
|-start|p1a: Cinderace|typechange|Bug|[from] ability: Libero
|-supereffective|p2a: Ting-Lu
|-damage|p2a: Ting-Lu|0 fnt
|faint|p2a: Ting-Lu
|j| lord shiddenfards
|
|t:|1780992160
|switch|p1a: Slowking|Slowking-Galar, M, shiny|100/100|[from] U-turn
|
|upkeep
|
|t:|1780992168
|switch|p2a: Glimmora|Glimmora, F|100/100
|turn|6
|
|t:|1780992172
|move|p2a: Glimmora|Stealth Rock|p1a: Slowking
|-sidestart|p1: BoostingTyranntrum|move: Stealth Rock
|move|p1a: Slowking|Psyshock|p2a: Glimmora
|-supereffective|p2a: Glimmora
|-damage|p2a: Glimmora|42/100
|-enditem|p2a: Glimmora|Red Card|[of] p1a: Slowking
|drag|p1a: Cinderace|Cinderace, M, shiny|100/100
|
|upkeep
|turn|7
|l| lord shiddenfards
|
|t:|1780992187
|move|p1a: Cinderace|Pyro Ball|p2a: Glimmora
|-resisted|p2a: Glimmora
|-damage|p2a: Glimmora|22/100
|-activate|p2a: Glimmora|ability: Toxic Debris
|-sidestart|p1: BoostingTyranntrum|move: Toxic Spikes
|move|p2a: Glimmora|Mortal Spin|p1a: Cinderace
|-damage|p1a: Cinderace|92/100
|-status|p1a: Cinderace|psn
|
|-damage|p1a: Cinderace|79/100 psn|[from] psn
|upkeep
|turn|8
|
|t:|1780992195
|move|p1a: Cinderace|U-turn|p2a: Glimmora
|-start|p1a: Cinderace|typechange|Bug|[from] ability: Libero
|-resisted|p2a: Glimmora
|-damage|p2a: Glimmora|8/100
|-activate|p2a: Glimmora|ability: Toxic Debris
|-sidestart|p1: BoostingTyranntrum|move: Toxic Spikes
|
|t:|1780992197
|switch|p1a: Slowking|Slowking-Galar, M, shiny|100/100|[from] U-turn
|-damage|p1a: Slowking|88/100|[from] Stealth Rock
|-sideend|p1: BoostingTyranntrum|move: Toxic Spikes|[of] p1a: Slowking
|move|p2a: Glimmora|Stealth Rock||[still]
|-fail|p2a: Glimmora
|
|upkeep
|turn|9
|
|t:|1780992200
|move|p2a: Glimmora|Earth Power|p1a: Slowking
|-supereffective|p1a: Slowking
|-damage|p1a: Slowking|62/100
|move|p1a: Slowking|Psyshock|p2a: Glimmora
|-supereffective|p2a: Glimmora
|-damage|p2a: Glimmora|0 fnt
|faint|p2a: Glimmora
|
|upkeep
|
|t:|1780992206
|switch|p2a: Ogerpon|Ogerpon-Wellspring, F|100/100
|turn|10
|
|t:|1780992221
|move|p2a: Ogerpon|Knock Off|p1a: Slowking
|-supereffective|p1a: Slowking
|-damage|p1a: Slowking|0 fnt
|-enditem|p1a: Slowking|Assault Vest|[from] move: Knock Off|[of] p2a: Ogerpon
|faint|p1a: Slowking
|
|upkeep
|
|t:|1780992224
|switch|p1a: Cinderace|Cinderace, M, shiny|79/100 psn
|turn|11
|
|t:|1780992232
|move|p1a: Cinderace|U-turn|p2a: Ogerpon
|-start|p1a: Cinderace|typechange|Bug|[from] ability: Libero
|-supereffective|p2a: Ogerpon
|-damage|p2a: Ogerpon|11/100
|
|t:|1780992235
|switch|p1a: Kingambit|Kingambit, M, shiny|100/100|[from] U-turn
|-damage|p1a: Kingambit|94/100|[from] Stealth Rock
|-activate|p1a: Kingambit|ability: Supreme Overlord
|-start|p1a: Kingambit|fallen2|[silent]
|-item|p1a: Kingambit|Air Balloon
|move|p2a: Ogerpon|Ivy Cudgel|p1a: Kingambit|[anim] Ivy Cudgel Water
|-damage|p1a: Kingambit|40/100
|-enditem|p1a: Kingambit|Air Balloon
|
|upkeep
|turn|12
|
|t:|1780992239
|move|p2a: Ogerpon|Encore||[still]
|-fail|p2a: Ogerpon
|move|p1a: Kingambit|Iron Head|p2a: Ogerpon
|-resisted|p2a: Ogerpon
|-damage|p2a: Ogerpon|0 fnt
|faint|p2a: Ogerpon
|
|upkeep
|
|t:|1780992247
|switch|p2a: Iron Valiant|Iron Valiant|100/100
|-enditem|p2a: Iron Valiant|Booster Energy
|-activate|p2a: Iron Valiant|ability: Quark Drive|[fromitem]
|-start|p2a: Iron Valiant|quarkdrivespe
|turn|13
|
|t:|1780992260
|move|p2a: Iron Valiant|Moonblast|p1a: Kingambit
|-crit|p1a: Kingambit
|-damage|p1a: Kingambit|0 fnt
|faint|p1a: Kingambit
|-end|p1a: Kingambit|fallen2|[silent]
|
|upkeep
|
|t:|1780992264
|switch|p1a: Enamorus|Enamorus-Therian, F|100/100
|-damage|p1a: Enamorus|76/100|[from] Stealth Rock
|turn|14
|
|t:|1780992277
|-terastallize|p2a: Iron Valiant|Electric
|move|p2a: Iron Valiant|Thunderbolt|p1a: Enamorus
|-supereffective|p1a: Enamorus
|-damage|p1a: Enamorus|0 fnt
|faint|p1a: Enamorus
|
|upkeep
|
|t:|1780992283
|switch|p1a: Great Tusk|Great Tusk, shiny|100/100
|-damage|p1a: Great Tusk|98/100|[from] Stealth Rock
|turn|15
|
|t:|1780992286
|move|p2a: Iron Valiant|Moonblast|p1a: Great Tusk
|-supereffective|p1a: Great Tusk
|-damage|p1a: Great Tusk|0 fnt
|faint|p1a: Great Tusk
|-end|p1a: Great Tusk|Protosynthesis|[silent]
|
|upkeep
|inactive|BoostingTyranntrum has 120 seconds left.
|inactive|BoostingTyranntrum has 90 seconds left.
|
|t:|1780992356
|switch|p1a: Cinderace|Cinderace, M, shiny|79/100 psn
|turn|16
|j| lord shiddenfards
|
|t:|1780992381
|move|p2a: Iron Valiant|Close Combat|p1a: Cinderace
|-damage|p1a: Cinderace|8/100 psn
|-unboost|p2a: Iron Valiant|def|1
|-unboost|p2a: Iron Valiant|spd|1
|move|p1a: Cinderace|Pyro Ball|p2a: Iron Valiant
|-damage|p2a: Iron Valiant|0 fnt
|faint|p2a: Iron Valiant
|-end|p2a: Iron Valiant|Quark Drive|[silent]
|
|-damage|p1a: Cinderace|0 fnt|[from] psn
|faint|p1a: Cinderace
|
|win|Capidaxter
|raw|BoostingTyranntrum's rating: 1567 &rarr; <strong>1556</strong><br />(-11 for losing)
|raw|Capidaxter's rating: 1734 &rarr; <strong>1745</strong><br />(+11 for winning)
|l|☆Capidaxter
|player|p2|
|l|☆BoostingTyranntrum
|player|p1|
|l| lord shiddenfards
