|j|☆mastermar22
|j|☆kooopooolooo
|t:|1781186146
|gametype|singles
|player|p1|mastermar22|volkner|1515
|player|p2|kooopooolooo|102|1603
|gen|9
|tier|[Gen 9] OU
|rated|
|rule|HP Percentage Mod: HP is shown in percentages
|rule|Endless Battle Clause: Forcing endless battles is banned
|rule|Species Clause: Limit one of each Pokémon
|rule|OHKO Clause: OHKO moves are banned
|rule|Evasion Items Clause: Evasion items are banned
|rule|Evasion Moves Clause: Evasion moves are banned
|rule|Evasion Abilities Clause: Evasion abilities are banned
|rule|Sleep Moves Clause: Sleep-inducing moves are banned
|clearpoke
|poke|p1|Dragonite, F|
|poke|p1|Samurott-Hisui, F|
|poke|p1|Landorus-Therian, M|
|poke|p1|Kyurem|
|poke|p1|Gholdengo|
|poke|p1|Zamazenta-*|
|poke|p2|Tyranitar, F|
|poke|p2|Azelf|
|poke|p2|Latias, F|
|poke|p2|Metagross|
|poke|p2|Gliscor, F|
|poke|p2|Dragonite, M|
|teampreview
|inactive|Battle timer is ON: inactive players will automatically lose when time's up. (requested by mastermar22)
|
|t:|1781186158
|teamsize|p1|6
|teamsize|p2|6
|start
|switch|p1a: Samurott|Samurott-Hisui, F|100/100
|switch|p2a: Azelf|Azelf|100/100
|turn|1
|inactive|kooopooolooo has 120 seconds left.
|
|t:|1781186194
|move|p2a: Azelf|Explosion|p1a: Samurott
|-damage|p1a: Samurott|14/100
|faint|p2a: Azelf
|move|p1a: Samurott|Ceaseless Edge|p2: Azelf|[notarget]
|-fail|p1a: Samurott
|
|upkeep
|
|t:|1781186202
|switch|p2a: Dragonite|Dragonite, M|100/100
|turn|2
|
|t:|1781186205
|switch|p1a: Landorus|Landorus-Therian, M|100/100
|-ability|p1a: Landorus|Intimidate|boost
|-unboost|p2a: Dragonite|atk|1
|move|p2a: Dragonite|Extreme Speed|p1a: Landorus
|-damage|p1a: Landorus|75/100
|
|upkeep
|turn|3
|
|t:|1781186209
|switch|p2a: Latias|Latias, F|100/100
|move|p1a: Landorus|U-turn|p2a: Latias
|-supereffective|p2a: Latias
|-damage|p2a: Latias|55/100
|-enditem|p2a: Latias|Weakness Policy
|-boost|p2a: Latias|atk|2|[from] item: Weakness Policy
|-boost|p2a: Latias|spa|2|[from] item: Weakness Policy
|
|t:|1781186215
|switch|p1a: Gholdengo|Gholdengo|100/100|[from] U-turn
|
|upkeep
|turn|4
|
|t:|1781186220
|move|p1a: Gholdengo|Shadow Ball|p2a: Latias
|-supereffective|p2a: Latias
|-damage|p2a: Latias|0 fnt
|faint|p2a: Latias
|
|upkeep
|
|t:|1781186222
|switch|p2a: Tyranitar|Tyranitar, F|100/100
|-weather|Sandstorm|[from] ability: Sand Stream|[of] p2a: Tyranitar
|turn|5
|
|t:|1781186228
|switch|p1a: Kyurem|Kyurem|100/100
|-ability|p1a: Kyurem|Pressure
|switch|p2a: Gliscor|Gliscor, F|100/100
|
|-weather|Sandstorm|[upkeep]
|-damage|p1a: Kyurem|94/100|[from] Sandstorm
|-status|p2a: Gliscor|tox|[from] item: Toxic Orb
|upkeep
|turn|6
|
|t:|1781186234
|switch|p2a: Tyranitar|Tyranitar, F|100/100
|move|p1a: Kyurem|Freeze-Dry|p2a: Tyranitar
|-damage|p2a: Tyranitar|71/100
|
|-weather|Sandstorm|[upkeep]
|-damage|p1a: Kyurem|88/100|[from] Sandstorm
|upkeep
|turn|7
|
|t:|1781186240
|move|p2a: Tyranitar|Dragon Dance|p2a: Tyranitar
|-boost|p2a: Tyranitar|atk|1
|-boost|p2a: Tyranitar|spe|1
|move|p1a: Kyurem|Earth Power|p2a: Tyranitar
|-supereffective|p2a: Tyranitar
|-crit|p2a: Tyranitar
|-enditem|p2a: Tyranitar|Shuca Berry|[eat]
|-enditem|p2a: Tyranitar|Shuca Berry|[weaken]
|-damage|p2a: Tyranitar|37/100
|
|-weather|Sandstorm|[upkeep]
|-damage|p1a: Kyurem|82/100|[from] Sandstorm
|upkeep
|turn|8
|
|t:|1781186253
|switch|p1a: Zamazenta|Zamazenta|100/100
|-ability|p1a: Zamazenta|Dauntless Shield|boost
|-boost|p1a: Zamazenta|def|1
|move|p2a: Tyranitar|Stone Edge|p1a: Zamazenta
|-resisted|p1a: Zamazenta
|-damage|p1a: Zamazenta|78/100
|
|-weather|Sandstorm|[upkeep]
|-damage|p1a: Zamazenta|72/100|[from] Sandstorm
|-heal|p1a: Zamazenta|78/100|[from] item: Leftovers
|upkeep
|turn|9
|
|t:|1781186266
|switch|p2a: Gliscor|Gliscor, F|100/100 tox
|move|p1a: Zamazenta|Body Press|p2a: Gliscor
|-resisted|p2a: Gliscor
|-damage|p2a: Gliscor|84/100 tox
|
|-weather|none
|-heal|p1a: Zamazenta|84/100|[from] item: Leftovers
|-heal|p2a: Gliscor|96/100 tox|[from] ability: Poison Heal
|upkeep
|turn|10
|
|t:|1781186293
|switch|p1a: Samurott|Samurott-Hisui, F|14/100
|move|p2a: Gliscor|Swords Dance|p2a: Gliscor
|-boost|p2a: Gliscor|atk|2
|
|-heal|p2a: Gliscor|100/100 tox|[from] ability: Poison Heal
|upkeep
|turn|11
|
|t:|1781186296
|move|p2a: Gliscor|Agility|p2a: Gliscor
|-boost|p2a: Gliscor|spe|2
|move|p1a: Samurott|Razor Shell|p2a: Gliscor
|-supereffective|p2a: Gliscor
|-damage|p2a: Gliscor|34/100 tox
|
|-heal|p2a: Gliscor|46/100 tox|[from] ability: Poison Heal
|upkeep
|turn|12
|
|t:|1781186301
|move|p1a: Samurott|Sucker Punch|p2a: Gliscor
|-damage|p2a: Gliscor|24/100 tox
|move|p2a: Gliscor|Earthquake|p1a: Samurott
|-damage|p1a: Samurott|0 fnt
|faint|p1a: Samurott
|
|-heal|p2a: Gliscor|37/100 tox|[from] ability: Poison Heal
|upkeep
|
|t:|1781186312
|switch|p1a: Dragonite|Dragonite, F|100/100
|turn|13
|
|t:|1781186316
|move|p2a: Gliscor|Facade|p1a: Dragonite
|-damage|p1a: Dragonite|70/100
|move|p1a: Dragonite|Dragon Dance|p1a: Dragonite
|-boost|p1a: Dragonite|atk|1
|-boost|p1a: Dragonite|spe|1
|
|-heal|p2a: Gliscor|49/100 tox|[from] ability: Poison Heal
|upkeep
|turn|14
|
|t:|1781186329
|move|p2a: Gliscor|Facade|p1a: Dragonite
|-damage|p1a: Dragonite|4/100
|move|p1a: Dragonite|Dragon Dance|p1a: Dragonite
|-boost|p1a: Dragonite|atk|1
|-boost|p1a: Dragonite|spe|1
|
|-heal|p2a: Gliscor|62/100 tox|[from] ability: Poison Heal
|upkeep
|turn|15
|
|t:|1781186334
|-terastallize|p2a: Gliscor|Normal
|move|p1a: Dragonite|Extreme Speed|p2a: Gliscor
|-damage|p2a: Gliscor|16/100 tox
|move|p2a: Gliscor|Facade|p1a: Dragonite
|-damage|p1a: Dragonite|0 fnt
|faint|p1a: Dragonite
|
|-heal|p2a: Gliscor|29/100 tox|[from] ability: Poison Heal
|upkeep
|
|t:|1781186348
|switch|p1a: Landorus|Landorus-Therian, M|75/100
|-ability|p1a: Landorus|Intimidate|boost
|-unboost|p2a: Gliscor|atk|1
|turn|16
|
|t:|1781186351
|move|p1a: Landorus|Earthquake|p2a: Gliscor
|-damage|p2a: Gliscor|0 fnt
|faint|p2a: Gliscor
|
|upkeep
|
|t:|1781186355
|switch|p2a: Dragonite|Dragonite, M|100/100
|turn|17
|
|t:|1781186361
|switch|p1a: Gholdengo|Gholdengo|100/100
|move|p2a: Dragonite|Dragon Dance|p2a: Dragonite
|-boost|p2a: Dragonite|atk|1
|-boost|p2a: Dragonite|spe|1
|
|upkeep
|turn|18
|
|t:|1781186366
|move|p1a: Gholdengo|Trick|p2a: Dragonite
|-activate|p1a: Gholdengo|move: Trick|[of] p2a: Dragonite
|-item|p2a: Dragonite|Choice Scarf|[from] move: Trick
|-item|p1a: Gholdengo|Heavy-Duty Boots|[from] move: Trick
|move|p2a: Dragonite|Fire Punch|p1a: Gholdengo
|-supereffective|p1a: Gholdengo
|-damage|p1a: Gholdengo|0 fnt
|faint|p1a: Gholdengo
|
|upkeep
|
|t:|1781186373
|switch|p1a: Landorus|Landorus-Therian, M|75/100
|-ability|p1a: Landorus|Intimidate|boost
|-unboost|p2a: Dragonite|atk|1
|turn|19
|
|t:|1781186376
|move|p2a: Dragonite|Fire Punch|p1a: Landorus
|-damage|p1a: Landorus|39/100
|-status|p1a: Landorus|brn
|move|p1a: Landorus|U-turn|p2a: Dragonite
|-resisted|p2a: Dragonite
|-damage|p2a: Dragonite|97/100
|
|t:|1781186383
|switch|p1a: Zamazenta|Zamazenta|84/100|[from] U-turn
|
|-heal|p1a: Zamazenta|91/100|[from] item: Leftovers
|upkeep
|turn|20
|
|t:|1781186388
|-terastallize|p1a: Zamazenta|Fire
|move|p2a: Dragonite|Fire Punch|p1a: Zamazenta
|-resisted|p1a: Zamazenta
|-damage|p1a: Zamazenta|79/100
|move|p1a: Zamazenta|Iron Defense|p1a: Zamazenta
|-boost|p1a: Zamazenta|def|2
|
|-heal|p1a: Zamazenta|85/100|[from] item: Leftovers
|upkeep
|turn|21
|
|t:|1781186391
|switch|p2a: Tyranitar|Tyranitar, F|37/100
|-weather|Sandstorm|[from] ability: Sand Stream|[of] p2a: Tyranitar
|move|p1a: Zamazenta|Iron Defense|p1a: Zamazenta
|-boost|p1a: Zamazenta|def|2
|
|-weather|Sandstorm|[upkeep]
|-damage|p1a: Zamazenta|79/100|[from] Sandstorm
|-heal|p1a: Zamazenta|85/100|[from] item: Leftovers
|upkeep
|turn|22
|
|t:|1781186396
|move|p1a: Zamazenta|Body Press|p2a: Tyranitar
|-supereffective|p2a: Tyranitar
|-damage|p2a: Tyranitar|0 fnt
|faint|p2a: Tyranitar
|
|-weather|Sandstorm|[upkeep]
|-damage|p1a: Zamazenta|79/100|[from] Sandstorm
|-heal|p1a: Zamazenta|85/100|[from] item: Leftovers
|upkeep
|
|t:|1781186399
|switch|p2a: Metagross|Metagross|100/100
|turn|23
|
|t:|1781186402
|move|p1a: Zamazenta|Body Press|p2a: Metagross
|-damage|p2a: Metagross|13/100
|move|p2a: Metagross|Explosion|p1a: Zamazenta
|-damage|p1a: Zamazenta|52/100
|faint|p2a: Metagross
|
|-weather|Sandstorm|[upkeep]
|-damage|p1a: Zamazenta|46/100|[from] Sandstorm
|-heal|p1a: Zamazenta|52/100|[from] item: Leftovers
|upkeep
|
|t:|1781186405
|switch|p2a: Dragonite|Dragonite, M|97/100
|turn|24
|
|t:|1781186412
|move|p1a: Zamazenta|Body Press|p2a: Dragonite
|-resisted|p2a: Dragonite
|-damage|p2a: Dragonite|36/100
|move|p2a: Dragonite|Dragon Claw|p1a: Zamazenta
|-damage|p1a: Zamazenta|38/100
|
|-weather|Sandstorm|[upkeep]
|-damage|p1a: Zamazenta|32/100|[from] Sandstorm
|-damage|p2a: Dragonite|30/100|[from] Sandstorm
|-heal|p1a: Zamazenta|38/100|[from] item: Leftovers
|upkeep
|turn|25
|
|t:|1781186415
|move|p1a: Zamazenta|Body Press|p2a: Dragonite
|-resisted|p2a: Dragonite
|-damage|p2a: Dragonite|0 fnt
|faint|p2a: Dragonite
|
|win|mastermar22
|raw|mastermar22's rating: 1515 &rarr; <strong>1540</strong><br />(+25 for winning)
|raw|kooopooolooo's rating: 1603 &rarr; <strong>1578</strong><br />(-25 for losing)
|l|☆kooopooolooo
|player|p2|
|l|☆mastermar22
|player|p1|
