|j|☆Sheel_Valia
|j|☆FP.//06
|t:|1780909735
|gametype|singles
|player|p1|Sheel_Valia|265|1509
|player|p2|FP.//06|lucas|1573
|gen|9
|tier|[Gen 9] OU
|rated|
|rule|HP Percentage Mod: HP is shown in percentages
|rule|Endless Battle Clause: Forcing endless battles is banned
|rule|Species Clause: Limit one of each Pokémon
|rule|OHKO Clause: OHKO moves are banned
|rule|Evasion Items Clause: Evasion items are banned
|rule|Evasion Moves Clause: Evasion moves are banned
|rule|Evasion Abilities Clause: Evasion abilities are banned
|rule|Sleep Moves Clause: Sleep-inducing moves are banned
|clearpoke
|poke|p1|Rotom-Wash|
|poke|p1|Toxapex, F|
|poke|p1|Ting-Lu|
|poke|p1|Dragapult, F|
|poke|p1|Hatterene, F|
|poke|p1|Kingambit, M|
|poke|p2|Corviknight, M|
|poke|p2|Clefable, M|
|poke|p2|Alomomola, M|
|poke|p2|Clodsire, F|
|poke|p2|Toxapex, M|
|poke|p2|Quagsire, F|
|teampreview
|inactive|Battle timer is ON: inactive players will automatically lose when time's up. (requested by FP.//06)
|inactive|Sheel_Valia also wants the timer to be on.
|
|t:|1780909746
|teamsize|p1|6
|teamsize|p2|6
|start
|switch|p1a: Rotom|Rotom-Wash, shiny|100/100
|switch|p2a: Alomomola|Alomomola, M|100/100
|turn|1
|inactive|FP.//06 has 120 seconds left.
|
|t:|1780909787
|move|p1a: Rotom|Trick|p2a: Alomomola
|-activate|p1a: Rotom|move: Trick|[of] p2a: Alomomola
|-item|p2a: Alomomola|Choice Scarf|[from] move: Trick
|-item|p1a: Rotom|Heavy-Duty Boots|[from] move: Trick
|move|p2a: Alomomola|Mirror Coat||[still]
|-fail|p2a: Alomomola
|
|upkeep
|turn|2
|
|t:|1780909796
|switch|p1a: Ting-Lu|Ting-Lu|100/100
|-ability|p1a: Ting-Lu|Vessel of Ruin
|switch|p2a: Quagsire|Quagsire, F|100/100
|
|upkeep
|turn|3
|inactive|FP.//06 has 120 seconds left.
|
|t:|1780909803
|switch|p1a: Hatterene|Hatterene, F|100/100
|move|p2a: Quagsire|Stealth Rock|p1a: Hatterene
|move|p1a: Hatterene|Stealth Rock|p2a: Quagsire|[from] ability: Magic Bounce
|-sidestart|p2: FP.//06|move: Stealth Rock
|
|upkeep
|turn|4
|
|t:|1780909811
|switch|p2a: Alomomola|Alomomola, M|100/100
|-damage|p2a: Alomomola|88/100|[from] Stealth Rock
|move|p1a: Hatterene|Trick Room|p1a: Hatterene
|-fieldstart|move: Trick Room|[of] p1a: Hatterene
|
|upkeep
|turn|5
|
|t:|1780909816
|move|p1a: Hatterene|Dazzling Gleam|p2a: Alomomola
|-damage|p2a: Alomomola|35/100
|-damage|p1a: Hatterene|91/100|[from] item: Life Orb
|move|p2a: Alomomola|Flip Turn|p1a: Hatterene
|-damage|p1a: Hatterene|73/100
|
|t:|1780909822
|switch|p2a: Corviknight|Corviknight, M|100/100|[from] Flip Turn
|-ability|p2a: Corviknight|Pressure
|
|upkeep
|turn|6
|
|t:|1780909826
|switch|p2a: Alomomola|Alomomola, M|68/100
|-damage|p2a: Alomomola|56/100|[from] Stealth Rock
|move|p1a: Hatterene|Mystical Fire|p2a: Alomomola
|-resisted|p2a: Alomomola
|-damage|p2a: Alomomola|41/100
|-unboost|p2a: Alomomola|spa|1
|-damage|p1a: Hatterene|64/100|[from] item: Life Orb
|
|upkeep
|turn|7
|
|t:|1780909834
|switch|p2a: Corviknight|Corviknight, M|100/100
|-ability|p2a: Corviknight|Pressure
|move|p1a: Hatterene|Dazzling Gleam|p2a: Corviknight
|-resisted|p2a: Corviknight
|-damage|p2a: Corviknight|68/100
|-damage|p1a: Hatterene|54/100|[from] item: Life Orb
|
|upkeep
|turn|8
|
|t:|1780909852
|switch|p2a: Clefable|Clefable, M|100/100
|move|p1a: Hatterene|Psyshock|p2a: Clefable
|-damage|p2a: Clefable|29/100
|-damage|p1a: Hatterene|44/100|[from] item: Life Orb
|
|-heal|p2a: Clefable|35/100|[from] item: Leftovers
|-fieldend|move: Trick Room
|upkeep
|turn|9
|
|t:|1780909861
|switch|p1a: Rotom|Rotom-Wash, shiny|100/100
|move|p2a: Clefable|Moonblast|p1a: Rotom
|-damage|p1a: Rotom|53/100
|
|-heal|p2a: Clefable|41/100|[from] item: Leftovers
|upkeep
|turn|10
|
|t:|1780909866
|move|p1a: Rotom|Hydro Pump|p2a: Clefable
|-damage|p2a: Clefable|4/100
|move|p2a: Clefable|Moonlight|p2a: Clefable
|-heal|p2a: Clefable|54/100
|
|-heal|p2a: Clefable|60/100|[from] item: Leftovers
|upkeep
|turn|11
|
|t:|1780909871
|move|p1a: Rotom|Trick|p2a: Clefable
|-activate|p1a: Rotom|move: Trick|[of] p2a: Clefable
|-item|p2a: Clefable|Heavy-Duty Boots|[from] move: Trick
|-item|p1a: Rotom|Leftovers|[from] move: Trick
|move|p2a: Clefable|Moonlight|p2a: Clefable
|-heal|p2a: Clefable|100/100
|
|-heal|p1a: Rotom|59/100|[from] item: Leftovers
|upkeep
|turn|12
|
|t:|1780909881
|move|p1a: Rotom|Volt Switch|p2a: Clefable
|-damage|p2a: Clefable|80/100
|
|t:|1780909885
|switch|p1a: Kingambit|Kingambit, M|100/100|[from] Volt Switch
|move|p2a: Clefable|Knock Off|p1a: Kingambit
|-resisted|p1a: Kingambit
|-damage|p1a: Kingambit|95/100
|-enditem|p1a: Kingambit|Black Glasses|[from] move: Knock Off|[of] p2a: Clefable
|
|upkeep
|turn|13
|
|t:|1780909893
|switch|p2a: Toxapex|Toxapex, M|100/100
|move|p1a: Kingambit|Swords Dance|p1a: Kingambit
|-boost|p1a: Kingambit|atk|2
|
|upkeep
|turn|14
|
|t:|1780909896
|move|p1a: Kingambit|Kowtow Cleave|p2a: Toxapex
|-damage|p2a: Toxapex|43/100
|move|p2a: Toxapex|Haze|p2a: Toxapex
|-clearallboost
|
|upkeep
|turn|15
|
|t:|1780909901
|switch|p2a: Quagsire|Quagsire, F|100/100
|move|p1a: Kingambit|Swords Dance|p1a: Kingambit
|-boost|p1a: Kingambit|atk|2
|
|upkeep
|turn|16
|
|t:|1780909903
|move|p1a: Kingambit|Kowtow Cleave|p2a: Quagsire
|-damage|p2a: Quagsire|68/100
|move|p2a: Quagsire|Counter|p1a: Kingambit
|-damage|p1a: Kingambit|32/100
|
|upkeep
|turn|17
|
|t:|1780909917
|-end|p1a: Kingambit|fallenundefined|[silent]
|switch|p1a: Toxapex|Toxapex, F, shiny|100/100
|move|p2a: Quagsire|Stealth Rock|p1a: Toxapex
|-sidestart|p1: Sheel_Valia|move: Stealth Rock
|
|upkeep
|turn|18
|
|t:|1780909923
|switch|p1a: Rotom|Rotom-Wash, shiny|59/100
|-damage|p1a: Rotom|47/100|[from] Stealth Rock
|switch|p2a: Clodsire|Clodsire, F|100/100
|
|-heal|p1a: Rotom|53/100|[from] item: Leftovers
|upkeep
|turn|19
|
|t:|1780909932
|switch|p2a: Clefable|Clefable, M|80/100
|move|p1a: Rotom|Trick|p2a: Clefable
|-activate|p1a: Rotom|move: Trick|[of] p2a: Clefable
|-item|p2a: Clefable|Leftovers|[from] move: Trick
|-item|p1a: Rotom|Heavy-Duty Boots|[from] move: Trick
|
|-heal|p2a: Clefable|86/100|[from] item: Leftovers
|upkeep
|turn|20
|
|t:|1780909939
|move|p1a: Rotom|Trick|p2a: Clefable
|-activate|p1a: Rotom|move: Trick|[of] p2a: Clefable
|-item|p2a: Clefable|Heavy-Duty Boots|[from] move: Trick
|-item|p1a: Rotom|Leftovers|[from] move: Trick
|move|p2a: Clefable|Moonblast|p1a: Rotom
|-damage|p1a: Rotom|9/100
|-unboost|p1a: Rotom|spa|1
|
|-heal|p1a: Rotom|15/100|[from] item: Leftovers
|upkeep
|turn|21
|
|t:|1780909945
|move|p1a: Rotom|Hydro Pump|p2a: Clefable
|-damage|p2a: Clefable|60/100
|move|p2a: Clefable|Moonblast|p1a: Rotom
|-damage|p1a: Rotom|0 fnt
|faint|p1a: Rotom
|
|upkeep
|
|t:|1780909951
|switch|p1a: Ting-Lu|Ting-Lu|100/100
|-damage|p1a: Ting-Lu|94/100|[from] Stealth Rock
|-ability|p1a: Ting-Lu|Vessel of Ruin
|turn|22
|
|t:|1780909955
|move|p2a: Clefable|Knock Off|p1a: Ting-Lu
|-resisted|p1a: Ting-Lu
|-damage|p1a: Ting-Lu|89/100
|-enditem|p1a: Ting-Lu|Leftovers|[from] move: Knock Off|[of] p2a: Clefable
|move|p1a: Ting-Lu|Earthquake|p2a: Clefable
|-damage|p2a: Clefable|0 fnt
|faint|p2a: Clefable
|
|upkeep
|
|t:|1780909959
|switch|p2a: Quagsire|Quagsire, F|68/100
|turn|23
|
|t:|1780909962
|move|p1a: Ting-Lu|Earthquake|p2a: Quagsire
|-damage|p2a: Quagsire|33/100
|move|p2a: Quagsire|Recover|p2a: Quagsire
|-heal|p2a: Quagsire|83/100
|
|upkeep
|turn|24
|
|t:|1780909967
|move|p1a: Ting-Lu|Ruination|p2a: Quagsire
|-damage|p2a: Quagsire|42/100
|move|p2a: Quagsire|Counter||[still]
|-fail|p2a: Quagsire
|
|upkeep
|turn|25
|
|t:|1780909972
|move|p1a: Ting-Lu|Earthquake|p2a: Quagsire
|-damage|p2a: Quagsire|7/100
|move|p2a: Quagsire|Recover|p2a: Quagsire
|-heal|p2a: Quagsire|57/100
|
|upkeep
|turn|26
|
|t:|1780909977
|move|p1a: Ting-Lu|Ruination|p2a: Quagsire
|-damage|p2a: Quagsire|29/100
|move|p2a: Quagsire|Recover|p2a: Quagsire
|-heal|p2a: Quagsire|79/100
|
|upkeep
|turn|27
|
|t:|1780909982
|move|p1a: Ting-Lu|Ruination|p2a: Quagsire
|-damage|p2a: Quagsire|40/100
|move|p2a: Quagsire|Toxic|p1a: Ting-Lu
|-status|p1a: Ting-Lu|tox
|
|-damage|p1a: Ting-Lu|83/100 tox|[from] psn
|upkeep
|turn|28
|
|t:|1780909986
|move|p1a: Ting-Lu|Earthquake|p2a: Quagsire
|-damage|p2a: Quagsire|3/100
|move|p2a: Quagsire|Recover|p2a: Quagsire
|-heal|p2a: Quagsire|53/100
|
|-damage|p1a: Ting-Lu|71/100 tox|[from] psn
|upkeep
|turn|29
|
|t:|1780909996
|switch|p1a: Hatterene|Hatterene, F|44/100
|-damage|p1a: Hatterene|32/100|[from] Stealth Rock
|move|p2a: Quagsire|Recover|p2a: Quagsire
|-heal|p2a: Quagsire|100/100
|
|upkeep
|turn|30
|
|t:|1780910005
|switch|p2a: Alomomola|Alomomola, M|74/100
|-damage|p2a: Alomomola|61/100|[from] Stealth Rock
|move|p1a: Hatterene|Trick Room|p1a: Hatterene
|-fieldstart|move: Trick Room|[of] p1a: Hatterene
|
|upkeep
|turn|31
|
|t:|1780910008
|move|p1a: Hatterene|Psyshock|p2a: Alomomola
|-damage|p2a: Alomomola|19/100
|-damage|p1a: Hatterene|22/100|[from] item: Life Orb
|move|p2a: Alomomola|Flip Turn|p1a: Hatterene
|-damage|p1a: Hatterene|5/100
|
|t:|1780910011
|switch|p2a: Quagsire|Quagsire, F|100/100|[from] Flip Turn
|
|upkeep
|turn|32
|
|t:|1780910016
|switch|p2a: Corviknight|Corviknight, M|68/100
|-ability|p2a: Corviknight|Pressure
|move|p1a: Hatterene|Dazzling Gleam|p2a: Corviknight
|-resisted|p2a: Corviknight
|-damage|p2a: Corviknight|37/100
|-damage|p1a: Hatterene|0 fnt|[from] item: Life Orb
|faint|p1a: Hatterene
|
|upkeep
|
|t:|1780910019
|switch|p1a: Kingambit|Kingambit, M|32/100
|-damage|p1a: Kingambit|25/100|[from] Stealth Rock
|-activate|p1a: Kingambit|ability: Supreme Overlord
|-start|p1a: Kingambit|fallen2|[silent]
|turn|33
|
|t:|1780910029
|move|p1a: Kingambit|Kowtow Cleave|p2a: Corviknight
|-damage|p2a: Corviknight|0 fnt
|faint|p2a: Corviknight
|
|upkeep
|
|t:|1780910032
|switch|p2a: Quagsire|Quagsire, F|100/100
|turn|34
|
|t:|1780910035
|move|p1a: Kingambit|Iron Head|p2a: Quagsire
|-resisted|p2a: Quagsire
|-damage|p2a: Quagsire|82/100
|cant|p2a: Quagsire|flinch
|
|-fieldend|move: Trick Room
|upkeep
|turn|35
|
|t:|1780910043
|switch|p2a: Alomomola|Alomomola, M|53/100
|-damage|p2a: Alomomola|40/100|[from] Stealth Rock
|move|p1a: Kingambit|Kowtow Cleave|p2a: Alomomola
|-damage|p2a: Alomomola|3/100
|
|upkeep
|turn|36
|
|t:|1780910046
|-end|p1a: Kingambit|fallen2|[silent]
|switch|p1a: Toxapex|Toxapex, F, shiny|100/100
|-damage|p1a: Toxapex|88/100|[from] Stealth Rock
|move|p2a: Alomomola|Flip Turn|p1a: Toxapex
|-resisted|p1a: Toxapex
|-damage|p1a: Toxapex|83/100
|-damage|p2a: Alomomola|0 fnt|[from] item: Rocky Helmet|[of] p1a: Toxapex
|faint|p2a: Alomomola
|
|upkeep
|
|t:|1780910049
|switch|p2a: Clodsire|Clodsire, F|100/100
|turn|37
|
|t:|1780910053
|switch|p1a: Ting-Lu|Ting-Lu|71/100 tox
|-damage|p1a: Ting-Lu|64/100 tox|[from] Stealth Rock
|-ability|p1a: Ting-Lu|Vessel of Ruin
|move|p2a: Clodsire|Spikes|p1a: Ting-Lu
|-sidestart|p1: Sheel_Valia|Spikes
|
|-damage|p1a: Ting-Lu|58/100 tox|[from] psn
|upkeep
|turn|38
|
|t:|1780910062
|switch|p2a: Quagsire|Quagsire, F|82/100
|move|p1a: Ting-Lu|Earthquake|p2a: Quagsire
|-damage|p2a: Quagsire|48/100
|
|-damage|p1a: Ting-Lu|46/100 tox|[from] psn
|upkeep
|turn|39
|
|t:|1780910066
|move|p1a: Ting-Lu|Earthquake|p2a: Quagsire
|-damage|p2a: Quagsire|14/100
|move|p2a: Quagsire|Recover|p2a: Quagsire
|-heal|p2a: Quagsire|64/100
|
|-damage|p1a: Ting-Lu|27/100 tox|[from] psn
|upkeep
|turn|40
|
|t:|1780910072
|switch|p1a: Toxapex|Toxapex, F, shiny|100/100
|-damage|p1a: Toxapex|88/100|[from] Stealth Rock
|-damage|p1a: Toxapex|76/100|[from] Spikes
|move|p2a: Quagsire|Counter||[still]
|-fail|p2a: Quagsire
|
|upkeep
|turn|41
|
|t:|1780910080
|switch|p2a: Clodsire|Clodsire, F|100/100
|move|p1a: Toxapex|Toxic|p2a: Clodsire
|-immune|p2a: Clodsire
|
|upkeep
|turn|42
|
|t:|1780910083
|switch|p1a: Kingambit|Kingambit, M|25/100
|-damage|p1a: Kingambit|19/100|[from] Stealth Rock
|-damage|p1a: Kingambit|7/100|[from] Spikes
|-activate|p1a: Kingambit|ability: Supreme Overlord
|-start|p1a: Kingambit|fallen2|[silent]
|move|p2a: Clodsire|Spikes|p1a: Kingambit
|-sidestart|p1: Sheel_Valia|Spikes
|
|upkeep
|turn|43
|
|t:|1780910089
|move|p1a: Kingambit|Kowtow Cleave|p2a: Clodsire
|-damage|p2a: Clodsire|35/100
|move|p2a: Clodsire|Earthquake|p1a: Kingambit
|-supereffective|p1a: Kingambit
|-damage|p1a: Kingambit|0 fnt
|faint|p1a: Kingambit
|-end|p1a: Kingambit|fallen2|[silent]
|
|upkeep
|
|t:|1780910096
|switch|p1a: Ting-Lu|Ting-Lu|27/100 tox
|-damage|p1a: Ting-Lu|21/100 tox|[from] Stealth Rock
|-damage|p1a: Ting-Lu|4/100 tox|[from] Spikes
|-ability|p1a: Ting-Lu|Vessel of Ruin
|turn|44
|
|t:|1780910098
|switch|p2a: Quagsire|Quagsire, F|64/100
|move|p1a: Ting-Lu|Earthquake|p2a: Quagsire
|-damage|p2a: Quagsire|30/100
|
|-damage|p1a: Ting-Lu|0 fnt|[from] psn
|faint|p1a: Ting-Lu
|upkeep
|
|t:|1780910101
|switch|p1a: Dragapult|Dragapult, F, shiny|100/100
|-damage|p1a: Dragapult|88/100|[from] Stealth Rock
|-damage|p1a: Dragapult|72/100|[from] Spikes
|turn|45
|
|t:|1780910109
|switch|p2a: Toxapex|Toxapex, M|76/100
|move|p1a: Dragapult|Substitute|p1a: Dragapult
|-start|p1a: Dragapult|Substitute
|-damage|p1a: Dragapult|47/100
|
|-heal|p1a: Dragapult|53/100|[from] item: Leftovers
|upkeep
|turn|46
|
|t:|1780910112
|move|p1a: Dragapult|Dragon Dance|p1a: Dragapult
|-boost|p1a: Dragapult|atk|1
|-boost|p1a: Dragapult|spe|1
|move|p2a: Toxapex|Haze|p2a: Toxapex
|-clearallboost
|
|-heal|p1a: Dragapult|59/100|[from] item: Leftovers
|upkeep
|turn|47
|
|t:|1780910120
|move|p1a: Dragapult|Dragon Darts|p2a: Toxapex
|-damage|p2a: Toxapex|60/100
|-anim|p1a: Dragapult|Dragon Darts|p2a: Toxapex
|-damage|p2a: Toxapex|43/100
|move|p2a: Toxapex|Haze|p2a: Toxapex
|-clearallboost
|
|-heal|p1a: Dragapult|65/100|[from] item: Leftovers
|upkeep
|turn|48
|
|t:|1780910127
|move|p1a: Dragapult|Dragon Darts|p2a: Toxapex
|-damage|p2a: Toxapex|26/100
|-anim|p1a: Dragapult|Dragon Darts|p2a: Toxapex
|-damage|p2a: Toxapex|10/100
|move|p2a: Toxapex|Recover|p2a: Toxapex
|-heal|p2a: Toxapex|61/100
|
|-heal|p1a: Dragapult|71/100|[from] item: Leftovers
|upkeep
|turn|49
|
|t:|1780910137
|move|p1a: Dragapult|Phantom Force||[still]
|-prepare|p1a: Dragapult|Phantom Force
|move|p2a: Toxapex|Poison Jab|p1a: Dragapult|[miss]
|-miss|p2a: Toxapex|p1a: Dragapult
|
|-heal|p1a: Dragapult|77/100|[from] item: Leftovers
|upkeep
|turn|50
|
|t:|1780910176
|move|p1a: Dragapult|Phantom Force|p2a: Toxapex|[from] lockedmove
|-damage|p2a: Toxapex|33/100
|move|p2a: Toxapex|Poison Jab|p1a: Dragapult
|-resisted|p1a: Dragapult
|-activate|p1a: Dragapult|move: Substitute|[damage]
|
|-heal|p1a: Dragapult|83/100|[from] item: Leftovers
|upkeep
|turn|51
|
|t:|1780910187
|move|p1a: Dragapult|Dragon Darts|p2a: Toxapex
|-damage|p2a: Toxapex|17/100
|-anim|p1a: Dragapult|Dragon Darts|p2a: Toxapex
|-damage|p2a: Toxapex|0 fnt
|faint|p2a: Toxapex
|
|-heal|p1a: Dragapult|89/100|[from] item: Leftovers
|upkeep
|-message|FP.//06 forfeited.
|
|win|Sheel_Valia
|raw|Sheel_Valia's rating: 1509 &rarr; <strong>1533</strong><br />(+24 for winning)
|raw|FP.&#x2f;&#x2f;06's rating: 1573 &rarr; <strong>1549</strong><br />(-24 for losing)
|l|☆FP.//06
|player|p2|
|l|☆Sheel_Valia
|player|p1|
