|badge|p1|bronze|gen9ubers|100-9
|uhtml|medal-msg|<div class="broadcast-blue">Curious what those medals under the avatar are? PS now has Ladder Seasons! For more information, check out the <a href="https://www.smogon.com/forums/threads/3740067/">thread on Smogon.</a></div>
|j|☆goodnightnite
|j|☆snurke
|t:|1780980167
|gametype|singles
|player|p1|goodnightnite|miku-water|1539
|player|p2|snurke|sisandbro|1552
|gen|9
|tier|[Gen 9] OU
|rated|
|rule|HP Percentage Mod: HP is shown in percentages
|rule|Endless Battle Clause: Forcing endless battles is banned
|rule|Species Clause: Limit one of each Pokémon
|rule|OHKO Clause: OHKO moves are banned
|rule|Evasion Items Clause: Evasion items are banned
|rule|Evasion Moves Clause: Evasion moves are banned
|rule|Evasion Abilities Clause: Evasion abilities are banned
|rule|Sleep Moves Clause: Sleep-inducing moves are banned
|clearpoke
|poke|p1|Primarina, M|
|poke|p1|Zamazenta-*|
|poke|p1|Gholdengo|
|poke|p1|Rillaboom, M|
|poke|p1|Glimmora, M|
|poke|p1|Hydreigon, M|
|poke|p2|Cinderace, M|
|poke|p2|Torkoal, F|
|poke|p2|Walking Wake|
|poke|p2|Ribombee, F|
|poke|p2|Raging Bolt|
|poke|p2|Great Tusk|
|teampreview
|inactive|Battle timer is ON: inactive players will automatically lose when time's up. (requested by goodnightnite)
|
|t:|1780980179
|teamsize|p1|6
|teamsize|p2|6
|start
|switch|p1a: Celestine|Primarina, M, shiny|100/100
|switch|p2a: Walking Wake|Walking Wake|100/100
|turn|1
|inactive|goodnightnite has 120 seconds left.
|
|t:|1780980219
|move|p2a: Walking Wake|Flip Turn|p1a: Celestine
|-resisted|p1a: Celestine
|-damage|p1a: Celestine|91/100
|
|t:|1780980242
|-end|p2a: Walking Wake|Protosynthesis|[silent]
|switch|p2a: Torkoal|Torkoal, F, shiny|100/100|[from] Flip Turn
|-weather|SunnyDay|[from] ability: Drought|[of] p2a: Torkoal
|move|p1a: Celestine|Moonblast|p2a: Torkoal
|-resisted|p2a: Torkoal
|-damage|p2a: Torkoal|67/100
|
|-weather|SunnyDay|[upkeep]
|upkeep
|turn|2
|inactive|goodnightnite has 120 seconds left.
|c|☆goodnightnite|you can try out leavanny
|c|☆goodnightnite|over ribombee
|c|☆snurke|?
|inactive|snurke has 120 seconds left.
|c|☆snurke|oh i see what you mean
|c|☆goodnightnite|it peaked the ladder iirc in 2025
|
|t:|1780980287
|switch|p2a: Raging Bolt|Raging Bolt|100/100
|-activate|p2a: Raging Bolt|ability: Protosynthesis
|-start|p2a: Raging Bolt|protosynthesisspa
|move|p1a: Celestine|Moonblast|p2a: Raging Bolt
|-supereffective|p2a: Raging Bolt
|-damage|p2a: Raging Bolt|42/100
|-unboost|p2a: Raging Bolt|spa|1
|
|-weather|SunnyDay|[upkeep]
|upkeep
|turn|3
|
|t:|1780980296
|move|p2a: Raging Bolt|Volt Switch|p1a: Celestine
|-supereffective|p1a: Celestine
|-damage|p1a: Celestine|55/100
|
|t:|1780980300
|-end|p2a: Raging Bolt|Protosynthesis|[silent]
|switch|p2a: Cinderace|Cinderace, M, shiny|100/100|[from] Volt Switch
|move|p1a: Celestine|Moonblast|p2a: Cinderace
|-resisted|p2a: Cinderace
|-damage|p2a: Cinderace|65/100
|
|-weather|SunnyDay|[upkeep]
|upkeep
|turn|4
|
|t:|1780980306
|switch|p1a: Bullet|Glimmora, M, shiny|100/100
|move|p2a: Cinderace|Pyro Ball|p1a: Bullet
|-resisted|p1a: Bullet
|-damage|p1a: Bullet|51/100
|-activate|p1a: Bullet|ability: Toxic Debris
|-sidestart|p2: snurke|move: Toxic Spikes
|-enditem|p1a: Bullet|Red Card|[of] p2a: Cinderace
|drag|p2a: Torkoal|Torkoal, F, shiny|67/100
|-status|p2a: Torkoal|psn
|
|-weather|SunnyDay|[upkeep]
|-damage|p2a: Torkoal|55/100 psn|[from] psn
|upkeep
|turn|5
|inactive|goodnightnite has 120 seconds left.
|inactive|snurke has 120 seconds left.
|
|t:|1780980318
|move|p1a: Bullet|Earth Power|p2a: Torkoal
|-supereffective|p2a: Torkoal
|-damage|p2a: Torkoal|0 fnt
|faint|p2a: Torkoal
|
|-weather|SunnyDay|[upkeep]
|upkeep
|inactive|snurke has 120 seconds left.
|
|t:|1780980338
|switch|p2a: Great Tusk|Great Tusk|100/100
|-status|p2a: Great Tusk|psn
|-activate|p2a: Great Tusk|ability: Protosynthesis
|-start|p2a: Great Tusk|protosynthesisatk
|turn|6
|inactive|goodnightnite has 120 seconds left.
|
|t:|1780980369
|move|p2a: Great Tusk|Rapid Spin|p1a: Bullet
|-resisted|p1a: Bullet
|-damage|p1a: Bullet|43/100
|-boost|p2a: Great Tusk|spe|1
|-activate|p1a: Bullet|ability: Toxic Debris
|-sidestart|p2: snurke|move: Toxic Spikes
|-sideend|p2: snurke|Toxic Spikes|[from] move: Rapid Spin|[of] p2a: Great Tusk
|move|p1a: Bullet|Earth Power|p2a: Great Tusk
|-damage|p2a: Great Tusk|63/100 psn
|
|-weather|SunnyDay|[upkeep]
|-damage|p2a: Great Tusk|51/100 psn|[from] psn
|upkeep
|turn|7
|inactive|snurke has 120 seconds left.
|
|t:|1780980383
|move|p2a: Great Tusk|Earthquake|p1a: Bullet
|-supereffective|p1a: Bullet
|-damage|p1a: Bullet|0 fnt
|-activate|p1a: Bullet|ability: Toxic Debris
|-sidestart|p2: snurke|move: Toxic Spikes
|faint|p1a: Bullet
|
|-weather|SunnyDay|[upkeep]
|-damage|p2a: Great Tusk|38/100 psn|[from] psn
|upkeep
|
|t:|1780980387
|switch|p1a: Kong|Rillaboom, M, shiny|100/100
|-fieldstart|move: Grassy Terrain|[from] ability: Grassy Surge|[of] p1a: Kong
|turn|8
|inactive|snurke has 120 seconds left.
|
|t:|1780980410
|-terastallize|p2a: Great Tusk|Steel
|move|p2a: Great Tusk|Rapid Spin|p1a: Kong
|-damage|p1a: Kong|75/100
|-boost|p2a: Great Tusk|spe|1
|-sideend|p2: snurke|Toxic Spikes|[from] move: Rapid Spin|[of] p2a: Great Tusk
|move|p1a: Kong|Swords Dance|p1a: Kong
|-boost|p1a: Kong|atk|2
|
|-weather|none
|-end|p2a: Great Tusk|Protosynthesis
|-heal|p2a: Great Tusk|44/100 psn|[from] Grassy Terrain
|-heal|p1a: Kong|81/100|[from] Grassy Terrain
|-damage|p2a: Great Tusk|32/100 psn|[from] psn
|upkeep
|turn|9
|
|t:|1780980415
|move|p1a: Kong|Grassy Glide|p2a: Great Tusk
|-resisted|p2a: Great Tusk
|-damage|p2a: Great Tusk|0 fnt
|-damage|p1a: Kong|65/100|[from] item: Rocky Helmet|[of] p2a: Great Tusk
|faint|p2a: Great Tusk
|-end|p2a: Great Tusk|Protosynthesis|[silent]
|-damage|p1a: Kong|55/100|[from] item: Life Orb
|
|-heal|p1a: Kong|61/100|[from] Grassy Terrain
|upkeep
|
|t:|1780980422
|switch|p2a: Ribombee|Ribombee, F, shiny|100/100
|turn|10
|
|t:|1780980425
|move|p1a: Kong|Grassy Glide|p2a: Ribombee
|-resisted|p2a: Ribombee
|-damage|p2a: Ribombee|39/100
|-enditem|p2a: Ribombee|Kee Berry|[eat]
|-boost|p2a: Ribombee|def|1|[from] item: Kee Berry
|-damage|p1a: Kong|51/100|[from] item: Life Orb
|move|p2a: Ribombee|Quiver Dance|p2a: Ribombee
|-boost|p2a: Ribombee|spa|1
|-boost|p2a: Ribombee|spd|1
|-boost|p2a: Ribombee|spe|1
|
|-heal|p2a: Ribombee|45/100|[from] Grassy Terrain
|-heal|p1a: Kong|57/100|[from] Grassy Terrain
|upkeep
|turn|11
|-message|snurke forfeited.
|
|win|goodnightnite
|raw|goodnightnite's rating: 1539 &rarr; <strong>1560</strong><br />(+21 for winning)
|raw|snurke's rating: 1552 &rarr; <strong>1531</strong><br />(-21 for losing)
|l|☆snurke
|player|p2|
|l|☆goodnightnite
|player|p1|
