|j|‽rrbrru
|j|☆ddukkes
|t:|1781226441
|gametype|singles
|player|p1|rrbrru|266|1524
|player|p2|ddukkes|smasher|1591
|gen|9
|tier|[Gen 9] OU
|rated|
|rule|HP Percentage Mod: HP is shown in percentages
|rule|Endless Battle Clause: Forcing endless battles is banned
|rule|Species Clause: Limit one of each Pokémon
|rule|OHKO Clause: OHKO moves are banned
|rule|Evasion Items Clause: Evasion items are banned
|rule|Evasion Moves Clause: Evasion moves are banned
|rule|Evasion Abilities Clause: Evasion abilities are banned
|rule|Sleep Moves Clause: Sleep-inducing moves are banned
|clearpoke
|poke|p1|Tyranitar, F|
|poke|p1|Excadrill, M|
|poke|p1|Hydrapple, F|
|poke|p1|Tornadus-Therian, M|
|poke|p1|Alomomola, M|
|poke|p1|Houndstone, F|
|poke|p2|Tyranitar, M|
|poke|p2|Excadrill, M|
|poke|p2|Hydrapple, M|
|poke|p2|Zapdos|
|poke|p2|Cinderace, M|
|poke|p2|Alomomola, F|
|teampreview
|
|t:|1781226445
|teamsize|p1|6
|teamsize|p2|6
|start
|switch|p1a: Excadrill|Excadrill, M|100/100
|switch|p2a: Tyranitar|Tyranitar, M, shiny|100/100
|-weather|Sandstorm|[from] ability: Sand Stream|[of] p2a: Tyranitar
|turn|1
|
|t:|1781226455
|switch|p2a: Hydrapple|Hydrapple, M|100/100
|move|p1a: Excadrill|Substitute|p1a: Excadrill
|-start|p1a: Excadrill|Substitute
|-damage|p1a: Excadrill|76/100
|
|-weather|Sandstorm|[upkeep]
|-damage|p2a: Hydrapple|94/100|[from] Sandstorm
|-heal|p1a: Excadrill|82/100|[from] item: Leftovers
|upkeep
|turn|2
|
|t:|1781226464
|move|p1a: Excadrill|Rock Slide|p2a: Hydrapple
|-damage|p2a: Hydrapple|78/100
|move|p2a: Hydrapple|Earth Power|p1a: Excadrill
|-supereffective|p1a: Excadrill
|-end|p1a: Excadrill|Substitute
|
|-weather|Sandstorm|[upkeep]
|-damage|p2a: Hydrapple|72/100|[from] Sandstorm
|-heal|p1a: Excadrill|88/100|[from] item: Leftovers
|upkeep
|turn|3
|
|t:|1781226476
|switch|p1a: Tornadus|Tornadus-Therian, M|100/100
|move|p2a: Hydrapple|Earth Power|p1a: Tornadus
|-immune|p1a: Tornadus
|
|-weather|Sandstorm|[upkeep]
|-damage|p1a: Tornadus|94/100|[from] Sandstorm
|-damage|p2a: Hydrapple|66/100|[from] Sandstorm
|upkeep
|turn|4
|
|t:|1781226487
|switch|p2a: Zapdos|Zapdos, shiny|100/100
|move|p1a: Tornadus|Knock Off|p2a: Zapdos
|-damage|p2a: Zapdos|80/100
|-enditem|p2a: Zapdos|Heavy-Duty Boots|[from] move: Knock Off|[of] p1a: Tornadus
|
|-weather|Sandstorm|[upkeep]
|-damage|p1a: Tornadus|88/100|[from] Sandstorm
|-damage|p2a: Zapdos|74/100|[from] Sandstorm
|upkeep
|turn|5
|
|t:|1781226496
|switch|p1a: Tyranitar|Tyranitar, F|100/100
|move|p2a: Zapdos|Volt Switch|p1a: Tyranitar
|-damage|p1a: Tyranitar|83/100
|
|t:|1781226501
|switch|p2a: Cinderace|Cinderace, M|100/100|[from] Volt Switch
|
|-weather|none
|-heal|p1a: Tyranitar|89/100|[from] item: Leftovers
|upkeep
|turn|6
|
|t:|1781226507
|switch|p1a: Houndstone|Houndstone, F|100/100
|move|p2a: Cinderace|U-turn|p1a: Houndstone
|-start|p2a: Cinderace|typechange|Bug|[from] ability: Libero
|-resisted|p1a: Houndstone
|-damage|p1a: Houndstone|79/100
|
|t:|1781226524
|switch|p2a: Zapdos|Zapdos, shiny|74/100|[from] U-turn
|
|upkeep
|turn|7
|
|t:|1781226533
|switch|p1a: Tyranitar|Tyranitar, F|89/100
|-weather|Sandstorm|[from] ability: Sand Stream|[of] p1a: Tyranitar
|move|p2a: Zapdos|Volt Switch|p1a: Tyranitar
|-damage|p1a: Tyranitar|73/100
|
|t:|1781226541
|switch|p2a: Excadrill|Excadrill, M, shiny|100/100|[from] Volt Switch
|
|-weather|Sandstorm|[upkeep]
|-heal|p1a: Tyranitar|79/100|[from] item: Leftovers
|upkeep
|turn|8
|
|t:|1781226550
|switch|p1a: Houndstone|Houndstone, F|79/100
|move|p2a: Excadrill|Substitute|p2a: Excadrill
|-start|p2a: Excadrill|Substitute
|-damage|p2a: Excadrill|76/100
|
|-weather|Sandstorm|[upkeep]
|-heal|p2a: Excadrill|82/100|[from] item: Leftovers
|upkeep
|turn|9
|
|t:|1781226559
|move|p2a: Excadrill|Earthquake|p1a: Houndstone
|-damage|p1a: Houndstone|8/100
|move|p1a: Houndstone|Poltergeist|p2a: Excadrill
|-activate|p2a: Excadrill|move: Poltergeist|Leftovers
|-end|p2a: Excadrill|Substitute
|
|-weather|Sandstorm|[upkeep]
|-heal|p2a: Excadrill|88/100|[from] item: Leftovers
|upkeep
|turn|10
|
|t:|1781226569
|switch|p1a: Tornadus|Tornadus-Therian, M|100/100
|move|p2a: Excadrill|Rock Slide|p1a: Tornadus
|-supereffective|p1a: Tornadus
|-damage|p1a: Tornadus|34/100
|
|-weather|Sandstorm|[upkeep]
|-damage|p1a: Tornadus|28/100|[from] Sandstorm
|-heal|p2a: Excadrill|94/100|[from] item: Leftovers
|upkeep
|turn|11
|
|t:|1781226581
|switch|p2a: Zapdos|Zapdos, shiny|74/100
|switch|p1a: Alomomola|Alomomola, M|100/100
|
|-weather|none
|upkeep
|turn|12
|
|t:|1781226588
|switch|p1a: Excadrill|Excadrill, M|88/100
|move|p2a: Zapdos|Volt Switch|p1a: Excadrill
|-immune|p1a: Excadrill
|
|-heal|p1a: Excadrill|94/100|[from] item: Leftovers
|upkeep
|turn|13
|
|t:|1781226595
|move|p1a: Excadrill|Rock Slide|p2a: Zapdos
|-supereffective|p2a: Zapdos
|-damage|p2a: Zapdos|19/100
|move|p2a: Zapdos|Heat Wave|p1a: Excadrill
|-supereffective|p1a: Excadrill
|-damage|p1a: Excadrill|5/100
|
|-heal|p1a: Excadrill|11/100|[from] item: Leftovers
|upkeep
|turn|14
|
|t:|1781226604
|switch|p2a: Alomomola|Alomomola, F|100/100
|move|p1a: Excadrill|Rock Slide|p2a: Alomomola
|-damage|p2a: Alomomola|84/100
|
|-heal|p1a: Excadrill|17/100|[from] item: Leftovers
|upkeep
|turn|15
|
|t:|1781226611
|switch|p1a: Alomomola|Alomomola, M|100/100
|move|p2a: Alomomola|Flip Turn|p1a: Alomomola
|-resisted|p1a: Alomomola
|-damage|p1a: Alomomola|96/100
|
|t:|1781226616
|switch|p2a: Hydrapple|Hydrapple, M|99/100|[from] Flip Turn
|
|upkeep
|turn|16
|
|t:|1781226621
|switch|p1a: Tyranitar|Tyranitar, F|79/100
|-weather|Sandstorm|[from] ability: Sand Stream|[of] p1a: Tyranitar
|move|p2a: Hydrapple|Nasty Plot|p2a: Hydrapple
|-boost|p2a: Hydrapple|spa|2
|
|-weather|Sandstorm|[upkeep]
|-damage|p2a: Hydrapple|93/100|[from] Sandstorm
|-heal|p1a: Tyranitar|85/100|[from] item: Leftovers
|upkeep
|turn|17
|
|t:|1781226635
|switch|p1a: Tornadus|Tornadus-Therian, M|62/100
|move|p2a: Hydrapple|Giga Drain|p1a: Tornadus
|-resisted|p1a: Tornadus
|-damage|p1a: Tornadus|29/100
|-heal|p2a: Hydrapple|100/100|[from] drain|[of] p1a: Tornadus
|
|-weather|Sandstorm|[upkeep]
|-damage|p1a: Tornadus|23/100|[from] Sandstorm
|-damage|p2a: Hydrapple|94/100|[from] Sandstorm
|upkeep
|turn|18
|
|t:|1781226647
|-terastallize|p2a: Hydrapple|Fairy
|move|p1a: Tornadus|Bleakwind Storm|p2a: Hydrapple
|-damage|p2a: Hydrapple|57/100
|-unboost|p2a: Hydrapple|spe|1
|move|p2a: Hydrapple|Fickle Beam|p1a: Tornadus
|-damage|p1a: Tornadus|0 fnt
|faint|p1a: Tornadus
|
|-weather|Sandstorm|[upkeep]
|-damage|p2a: Hydrapple|51/100|[from] Sandstorm
|upkeep
|
|t:|1781226657
|switch|p1a: Excadrill|Excadrill, M|17/100
|turn|19
|
|t:|1781226669
|switch|p2a: Alomomola|Alomomola, F|100/100
|-terastallize|p1a: Excadrill|Ground
|move|p1a: Excadrill|Earthquake|p2a: Alomomola
|-damage|p2a: Alomomola|57/100
|
|-weather|Sandstorm|[upkeep]
|-damage|p2a: Alomomola|50/100|[from] Sandstorm
|-heal|p1a: Excadrill|23/100|[from] item: Leftovers
|upkeep
|turn|20
|
|t:|1781226678
|switch|p1a: Hydrapple|Hydrapple, F|100/100
|move|p2a: Alomomola|Flip Turn|p1a: Hydrapple
|-resisted|p1a: Hydrapple
|-damage|p1a: Hydrapple|98/100
|
|t:|1781226686
|switch|p2a: Zapdos|Zapdos, shiny|19/100|[from] Flip Turn
|
|-weather|none
|upkeep
|turn|21
|
|t:|1781226691
|move|p2a: Zapdos|Volt Switch|p1a: Hydrapple
|-resisted|p1a: Hydrapple
|-damage|p1a: Hydrapple|89/100
|
|t:|1781226706
|switch|p2a: Hydrapple|Hydrapple, M, tera:Fairy|85/100|[from] Volt Switch
|move|p1a: Hydrapple|Earth Power|p2a: Hydrapple
|-damage|p2a: Hydrapple|54/100
|
|upkeep
|turn|22
|
|t:|1781226714
|switch|p1a: Tyranitar|Tyranitar, F|85/100
|-weather|Sandstorm|[from] ability: Sand Stream|[of] p1a: Tyranitar
|move|p2a: Hydrapple|Fickle Beam|p1a: Tyranitar|[anim] Fickle Beam All Out
|-activate|p2a: Hydrapple|move: Fickle Beam
|-damage|p1a: Tyranitar|55/100
|
|-weather|Sandstorm|[upkeep]
|-damage|p2a: Hydrapple|48/100|[from] Sandstorm
|-heal|p1a: Tyranitar|62/100|[from] item: Leftovers
|upkeep
|turn|23
|
|t:|1781226725
|switch|p1a: Houndstone|Houndstone, F|8/100
|switch|p2a: Alomomola|Alomomola, F|84/100
|
|-weather|Sandstorm|[upkeep]
|-damage|p2a: Alomomola|78/100|[from] Sandstorm
|upkeep
|turn|24
|
|t:|1781226733
|move|p1a: Houndstone|Destiny Bond|p1a: Houndstone
|-singlemove|p1a: Houndstone|Destiny Bond
|move|p2a: Alomomola|Flip Turn|p1a: Houndstone
|-damage|p1a: Houndstone|0 fnt
|faint|p1a: Houndstone
|-activate|p1a: Houndstone|move: Destiny Bond
|faint|p2a: Alomomola
|
|-weather|Sandstorm|[upkeep]
|upkeep
|
|t:|1781226745
|switch|p1a: Excadrill|Excadrill, M, tera:Ground|23/100
|switch|p2a: Excadrill|Excadrill, M, shiny|94/100
|turn|25
|
|t:|1781226754
|switch|p2a: Zapdos|Zapdos, shiny|19/100
|switch|p1a: Hydrapple|Hydrapple, F|100/100
|
|-weather|Sandstorm|[upkeep]
|-damage|p2a: Zapdos|13/100|[from] Sandstorm
|-damage|p1a: Hydrapple|94/100|[from] Sandstorm
|upkeep
|turn|26
|
|t:|1781226761
|move|p2a: Zapdos|Hurricane|p1a: Hydrapple|[miss]
|-miss|p2a: Zapdos|p1a: Hydrapple
|move|p1a: Hydrapple|Draco Meteor|p2a: Zapdos
|-damage|p2a: Zapdos|0 fnt
|-unboost|p1a: Hydrapple|spa|2
|faint|p2a: Zapdos
|-enditem|p1a: Hydrapple|Eject Pack
|
|t:|1781226764
|switch|p1a: Alomomola|Alomomola, M|100/100
|
|-weather|none
|upkeep
|
|t:|1781226772
|switch|p2a: Hydrapple|Hydrapple, M, tera:Fairy|81/100
|turn|27
|
|t:|1781226777
|move|p2a: Hydrapple|Nasty Plot|p2a: Hydrapple
|-boost|p2a: Hydrapple|spa|2
|move|p1a: Alomomola|Wish|p1a: Alomomola
|
|upkeep
|turn|28
|
|t:|1781226786
|switch|p1a: Tyranitar|Tyranitar, F|62/100
|-weather|Sandstorm|[from] ability: Sand Stream|[of] p1a: Tyranitar
|move|p2a: Hydrapple|Nasty Plot|p2a: Hydrapple
|-boost|p2a: Hydrapple|spa|2
|
|-weather|Sandstorm|[upkeep]
|-damage|p2a: Hydrapple|75/100|[from] Sandstorm
|-heal|p1a: Tyranitar|100/100|[from] move: Wish|[wisher] Alomomola
|upkeep
|turn|29
|
|t:|1781226804
|switch|p1a: Hydrapple|Hydrapple, F|100/100
|move|p2a: Hydrapple|Giga Drain|p1a: Hydrapple
|-resisted|p1a: Hydrapple
|-damage|p1a: Hydrapple|80/100
|-heal|p2a: Hydrapple|86/100|[from] drain|[of] p1a: Hydrapple
|
|-weather|Sandstorm|[upkeep]
|-damage|p2a: Hydrapple|80/100|[from] Sandstorm
|-damage|p1a: Hydrapple|74/100|[from] Sandstorm
|upkeep
|turn|30
|
|t:|1781226814
|move|p1a: Hydrapple|Giga Drain|p2a: Hydrapple
|-damage|p2a: Hydrapple|43/100
|-heal|p1a: Hydrapple|92/100|[from] drain|[of] p2a: Hydrapple
|move|p2a: Hydrapple|Fickle Beam|p1a: Hydrapple|[anim] Fickle Beam All Out
|-activate|p2a: Hydrapple|move: Fickle Beam
|-supereffective|p1a: Hydrapple
|-damage|p1a: Hydrapple|0 fnt
|faint|p1a: Hydrapple
|
|-weather|Sandstorm|[upkeep]
|-damage|p2a: Hydrapple|37/100|[from] Sandstorm
|upkeep
|
|t:|1781226818
|switch|p1a: Excadrill|Excadrill, M, tera:Ground|23/100
|turn|31
|
|t:|1781226829
|switch|p2a: Tyranitar|Tyranitar, M, shiny|100/100
|move|p1a: Excadrill|Earthquake|p2a: Tyranitar
|-supereffective|p2a: Tyranitar
|-damage|p2a: Tyranitar|0 fnt
|faint|p2a: Tyranitar
|
|-weather|Sandstorm|[upkeep]
|-heal|p1a: Excadrill|29/100|[from] item: Leftovers
|upkeep
|
|t:|1781226846
|switch|p2a: Hydrapple|Hydrapple, M, tera:Fairy|71/100
|turn|32
|
|t:|1781226855
|move|p1a: Excadrill|Earthquake|p2a: Hydrapple
|-damage|p2a: Hydrapple|28/100
|move|p2a: Hydrapple|Giga Drain|p1a: Excadrill
|-supereffective|p1a: Excadrill
|-damage|p1a: Excadrill|0 fnt
|-heal|p2a: Hydrapple|40/100|[from] drain|[of] p1a: Excadrill
|faint|p1a: Excadrill
|
|-weather|none
|upkeep
|
|t:|1781226860
|switch|p1a: Tyranitar|Tyranitar, F|100/100
|-weather|Sandstorm|[from] ability: Sand Stream|[of] p1a: Tyranitar
|turn|33
|
|t:|1781226870
|switch|p2a: Excadrill|Excadrill, M, shiny|94/100
|move|p1a: Tyranitar|Knock Off|p2a: Excadrill
|-damage|p2a: Excadrill|20/100
|-enditem|p2a: Excadrill|Leftovers|[from] move: Knock Off|[of] p1a: Tyranitar
|
|-weather|Sandstorm|[upkeep]
|upkeep
|turn|34
|
|t:|1781226880
|switch|p1a: Alomomola|Alomomola, M|100/100
|move|p2a: Excadrill|Earthquake|p1a: Alomomola
|-damage|p1a: Alomomola|65/100
|
|-weather|Sandstorm|[upkeep]
|-damage|p1a: Alomomola|59/100|[from] Sandstorm
|upkeep
|turn|35
|
|t:|1781226888
|move|p2a: Excadrill|Rock Slide|p1a: Alomomola
|-damage|p1a: Alomomola|42/100
|move|p1a: Alomomola|Flip Turn|p2a: Excadrill
|-supereffective|p2a: Excadrill
|-damage|p2a: Excadrill|0 fnt
|faint|p2a: Excadrill
|
|t:|1781226893
|switch|p1a: Tyranitar|Tyranitar, F|100/100|[from] Flip Turn
|
|-weather|Sandstorm|[upkeep]
|upkeep
|
|t:|1781226900
|switch|p2a: Cinderace|Cinderace, M|100/100
|turn|36
|
|t:|1781226903
|switch|p1a: Alomomola|Alomomola, M|76/100
|move|p2a: Cinderace|U-turn|p1a: Alomomola
|-start|p2a: Cinderace|typechange|Bug|[from] ability: Libero
|-damage|p1a: Alomomola|56/100
|
|t:|1781226908
|switch|p2a: Hydrapple|Hydrapple, M, tera:Fairy|74/100|[from] U-turn
|
|-weather|Sandstorm|[upkeep]
|-damage|p2a: Hydrapple|67/100|[from] Sandstorm
|-damage|p1a: Alomomola|50/100|[from] Sandstorm
|upkeep
|turn|37
|
|t:|1781226918
|move|p1a: Alomomola|Protect|p1a: Alomomola
|-singleturn|p1a: Alomomola|Protect
|move|p2a: Hydrapple|Nasty Plot|p2a: Hydrapple
|-boost|p2a: Hydrapple|spa|2
|
|-weather|none
|upkeep
|turn|38
|
|t:|1781226924
|move|p2a: Hydrapple|Giga Drain|p1a: Alomomola
|-supereffective|p1a: Alomomola
|-crit|p1a: Alomomola
|-damage|p1a: Alomomola|0 fnt
|-heal|p2a: Hydrapple|96/100|[from] drain|[of] p1a: Alomomola
|faint|p1a: Alomomola
|
|upkeep
|
|t:|1781226926
|switch|p1a: Tyranitar|Tyranitar, F|100/100
|-weather|Sandstorm|[from] ability: Sand Stream|[of] p1a: Tyranitar
|turn|39
|
|t:|1781226932
|move|p1a: Tyranitar|Ice Beam|p2a: Hydrapple
|-damage|p2a: Hydrapple|77/100
|move|p2a: Hydrapple|Giga Drain|p1a: Tyranitar
|-supereffective|p1a: Tyranitar
|-damage|p1a: Tyranitar|47/100
|-heal|p2a: Hydrapple|100/100|[from] drain|[of] p1a: Tyranitar
|
|-weather|Sandstorm|[upkeep]
|-damage|p2a: Hydrapple|94/100|[from] Sandstorm
|-heal|p1a: Tyranitar|53/100|[from] item: Leftovers
|upkeep
|turn|40
|
|t:|1781226942
|move|p1a: Tyranitar|Ice Beam|p2a: Hydrapple
|-damage|p2a: Hydrapple|75/100
|move|p2a: Hydrapple|Fickle Beam|p1a: Tyranitar|[anim] Fickle Beam All Out
|-activate|p2a: Hydrapple|move: Fickle Beam
|-damage|p1a: Tyranitar|0 fnt
|faint|p1a: Tyranitar
|
|win|ddukkes
|raw|rrbrru's rating: 1524 &rarr; <strong>1508</strong><br />(-16 for losing)
|raw|ddukkes's rating: 1591 &rarr; <strong>1607</strong><br />(+16 for winning)
|l|‽rrbrru
|player|p1|
|l|☆ddukkes
|player|p2|
