|j|☆ja hoi
|j|☆KurisuChestnutOU
|t:|1781168101
|gametype|singles
|player|p1|ja hoi|2|1517
|player|p2|KurisuChestnutOU|may-contest|1650
|gen|9
|tier|[Gen 9] OU
|rated|
|rule|HP Percentage Mod: HP is shown in percentages
|rule|Endless Battle Clause: Forcing endless battles is banned
|rule|Species Clause: Limit one of each Pokémon
|rule|OHKO Clause: OHKO moves are banned
|rule|Evasion Items Clause: Evasion items are banned
|rule|Evasion Moves Clause: Evasion moves are banned
|rule|Evasion Abilities Clause: Evasion abilities are banned
|rule|Sleep Moves Clause: Sleep-inducing moves are banned
|clearpoke
|poke|p1|Quaquaval, M|
|poke|p1|Zamazenta-*|
|poke|p1|Dragapult, F|
|poke|p1|Garganacl, F|
|poke|p1|Grimmsnarl, M|
|poke|p1|Iron Moth|
|poke|p2|Gliscor, F|
|poke|p2|Dondozo, F|
|poke|p2|Slowking-Galar, M|
|poke|p2|Gholdengo|
|poke|p2|Great Tusk|
|poke|p2|Kingambit, F|
|teampreview
|inactive|Battle timer is ON: inactive players will automatically lose when time's up. (requested by KurisuChestnutOU)
|inactive|ja hoi has 120 seconds left.
|
|t:|1781168139
|teamsize|p1|6
|teamsize|p2|6
|start
|switch|p1a: Grimmsnarl|Grimmsnarl, M|100/100
|switch|p2a: Gliscor|Gliscor, F|100/100
|turn|1
|
|t:|1781168146
|move|p1a: Grimmsnarl|Taunt|p2a: Gliscor
|-start|p2a: Gliscor|move: Taunt
|move|p2a: Gliscor|Earthquake|p1a: Grimmsnarl
|-damage|p1a: Grimmsnarl|62/100
|
|-status|p2a: Gliscor|tox|[from] item: Toxic Orb
|upkeep
|turn|2
|
|t:|1781168153
|move|p1a: Grimmsnarl|Reflect|p1a: Grimmsnarl
|-sidestart|p1: ja hoi|Reflect
|move|p2a: Gliscor|Earthquake|p1a: Grimmsnarl
|-damage|p1a: Grimmsnarl|43/100
|
|upkeep
|turn|3
|
|t:|1781168161
|move|p1a: Grimmsnarl|Light Screen|p1a: Grimmsnarl
|-sidestart|p1: ja hoi|move: Light Screen
|move|p2a: Gliscor|Earthquake|p1a: Grimmsnarl
|-damage|p1a: Grimmsnarl|22/100
|
|-end|p2a: Gliscor|move: Taunt
|upkeep
|turn|4
|
|t:|1781168184
|move|p1a: Grimmsnarl|Taunt|p2a: Gliscor
|-start|p2a: Gliscor|move: Taunt
|cant|p2a: Gliscor|move: Taunt|Spikes
|
|upkeep
|turn|5
|
|t:|1781168189
|switch|p2a: Slowking|Slowking-Galar, M|100/100
|move|p1a: Grimmsnarl|Parting Shot|p2a: Slowking
|-unboost|p2a: Slowking|atk|1
|-unboost|p2a: Slowking|spa|1
|
|t:|1781168195
|switch|p1a: Iron Moth|Iron Moth|100/100|[from] Parting Shot
|-enditem|p1a: Iron Moth|Booster Energy
|-activate|p1a: Iron Moth|ability: Quark Drive|[fromitem]
|-start|p1a: Iron Moth|quarkdrivespa
|
|upkeep
|turn|6
|
|t:|1781168202
|-terastallize|p1a: Iron Moth|Fire
|move|p1a: Iron Moth|Fiery Dance|p2a: Slowking
|-damage|p2a: Slowking|68/100
|move|p2a: Slowking|Future Sight|p1a: Iron Moth
|-start|p2a: Slowking|move: Future Sight
|
|upkeep
|turn|7
|
|t:|1781168208
|switch|p2a: Dondozo|Dondozo, F|100/100
|move|p1a: Iron Moth|Fiery Dance|p2a: Dondozo
|-resisted|p2a: Dondozo
|-damage|p2a: Dondozo|58/100
|-boost|p1a: Iron Moth|spa|1
|
|-heal|p2a: Dondozo|64/100|[from] item: Leftovers
|upkeep
|turn|8
|
|t:|1781168216
|switch|p2a: Slowking|Slowking-Galar, M|100/100
|move|p1a: Iron Moth|Energy Ball|p2a: Slowking
|-resisted|p2a: Slowking
|-damage|p2a: Slowking|87/100
|
|-end|p1a: Iron Moth|move: Future Sight
|-crit|p1a: Iron Moth
|-damage|p1a: Iron Moth|30/100
|upkeep
|turn|9
|c|☆ja hoi|jesus christ
|c|☆ja hoi|just great
|
|t:|1781168227
|move|p1a: Iron Moth|Fiery Dance|p2a: Slowking
|-damage|p2a: Slowking|41/100
|move|p2a: Slowking|Sludge Bomb|p1a: Iron Moth
|-damage|p1a: Iron Moth|13/100
|-status|p1a: Iron Moth|psn
|
|-damage|p1a: Iron Moth|1/100 psn|[from] psn
|-sideend|p1: ja hoi|Reflect
|upkeep
|turn|10
|c|☆ja hoi|hahahahahahahahahahaha
|
|t:|1781168235
|switch|p2a: Dondozo|Dondozo, F|64/100
|move|p1a: Iron Moth|Fiery Dance|p2a: Dondozo
|-resisted|p2a: Dondozo
|-damage|p2a: Dondozo|24/100
|
|-heal|p2a: Dondozo|30/100|[from] item: Leftovers
|-damage|p1a: Iron Moth|0 fnt|[from] psn
|faint|p1a: Iron Moth
|-end|p1a: Iron Moth|Quark Drive|[silent]
|-sideend|p1: ja hoi|move: Light Screen
|upkeep
|c|☆ja hoi|typical
|
|t:|1781168245
|switch|p1a: Garganacl|Garganacl, F|100/100
|turn|11
|
|t:|1781168250
|move|p2a: Dondozo|Rest|p2a: Dondozo
|-status|p2a: Dondozo|slp|[from] move: Rest
|-heal|p2a: Dondozo|100/100 slp|[silent]
|move|p1a: Garganacl|Salt Cure|p2a: Dondozo
|-damage|p2a: Dondozo|94/100 slp
|-start|p2a: Dondozo|Salt Cure
|
|-heal|p2a: Dondozo|100/100 slp|[from] item: Leftovers
|-damage|p2a: Dondozo|75/100 slp|[from] Salt Cure
|upkeep
|turn|12
|
|t:|1781168260
|switch|p2a: Gliscor|Gliscor, F|100/100 tox
|move|p1a: Garganacl|Salt Cure|p2a: Gliscor
|-damage|p2a: Gliscor|91/100 tox
|-start|p2a: Gliscor|Salt Cure
|
|-heal|p2a: Gliscor|100/100 tox|[from] ability: Poison Heal
|-damage|p2a: Gliscor|88/100 tox|[from] Salt Cure
|upkeep
|turn|13
|
|t:|1781168268
|move|p2a: Gliscor|Spikes|p1a: Garganacl
|-sidestart|p1: ja hoi|Spikes
|move|p1a: Garganacl|Iron Defense|p1a: Garganacl
|-boost|p1a: Garganacl|def|2
|
|-heal|p2a: Gliscor|100/100 tox|[from] ability: Poison Heal
|-damage|p2a: Gliscor|88/100 tox|[from] Salt Cure
|upkeep
|turn|14
|
|t:|1781168276
|move|p2a: Gliscor|Earthquake|p1a: Garganacl
|-supereffective|p1a: Garganacl
|-damage|p1a: Garganacl|78/100
|move|p1a: Garganacl|Salt Cure|p2a: Gliscor
|-damage|p2a: Gliscor|80/100 tox
|
|-heal|p1a: Garganacl|84/100|[from] item: Leftovers
|-heal|p2a: Gliscor|93/100 tox|[from] ability: Poison Heal
|-damage|p2a: Gliscor|80/100 tox|[from] Salt Cure
|upkeep
|turn|15
|
|t:|1781168287
|move|p2a: Gliscor|Spikes|p1a: Garganacl
|-sidestart|p1: ja hoi|Spikes
|move|p1a: Garganacl|Iron Defense|p1a: Garganacl
|-boost|p1a: Garganacl|def|2
|
|-heal|p1a: Garganacl|90/100|[from] item: Leftovers
|-heal|p2a: Gliscor|93/100 tox|[from] ability: Poison Heal
|-damage|p2a: Gliscor|80/100 tox|[from] Salt Cure
|upkeep
|turn|16
|
|t:|1781168296
|move|p2a: Gliscor|Spikes|p1a: Garganacl
|-sidestart|p1: ja hoi|Spikes
|move|p1a: Garganacl|Salt Cure|p2a: Gliscor
|-damage|p2a: Gliscor|71/100 tox
|
|-heal|p1a: Garganacl|96/100|[from] item: Leftovers
|-heal|p2a: Gliscor|84/100 tox|[from] ability: Poison Heal
|-damage|p2a: Gliscor|71/100 tox|[from] Salt Cure
|upkeep
|turn|17
|
|t:|1781168305
|switch|p2a: Gholdengo|Gholdengo|100/100
|-item|p2a: Gholdengo|Air Balloon
|move|p1a: Garganacl|Salt Cure|p2a: Gholdengo
|-resisted|p2a: Gholdengo
|-damage|p2a: Gholdengo|92/100
|-start|p2a: Gholdengo|Salt Cure
|-enditem|p2a: Gholdengo|Air Balloon
|
|-heal|p1a: Garganacl|100/100|[from] item: Leftovers
|-damage|p2a: Gholdengo|67/100|[from] Salt Cure
|upkeep
|turn|18
|
|t:|1781168316
|move|p2a: Gholdengo|Make It Rain|p1a: Garganacl
|-supereffective|p1a: Garganacl
|-damage|p1a: Garganacl|22/100
|-unboost|p2a: Gholdengo|spa|1
|move|p1a: Garganacl|Recover|p1a: Garganacl
|-heal|p1a: Garganacl|72/100
|
|-heal|p1a: Garganacl|78/100|[from] item: Leftovers
|-damage|p2a: Gholdengo|42/100|[from] Salt Cure
|upkeep
|turn|19
|
|t:|1781168327
|move|p2a: Gholdengo|Nasty Plot|p2a: Gholdengo
|-boost|p2a: Gholdengo|spa|2
|move|p1a: Garganacl|Salt Cure|p2a: Gholdengo
|-resisted|p2a: Gholdengo
|-damage|p2a: Gholdengo|35/100
|
|-heal|p1a: Garganacl|84/100|[from] item: Leftovers
|-damage|p2a: Gholdengo|10/100|[from] Salt Cure
|upkeep
|turn|20
|
|t:|1781168336
|switch|p1a: Grimmsnarl|Grimmsnarl, M|22/100
|-damage|p1a: Grimmsnarl|0 fnt|[from] Spikes
|faint|p1a: Grimmsnarl
|move|p2a: Gholdengo|Make It Rain|p1: Grimmsnarl|[notarget]
|-fail|p2a: Gholdengo
|
|-damage|p2a: Gholdengo|0 fnt|[from] Salt Cure
|faint|p2a: Gholdengo
|upkeep
|
|t:|1781168346
|switch|p2a: Slowking|Slowking-Galar, M|74/100
|switch|p1a: Garganacl|Garganacl, F|84/100
|-damage|p1a: Garganacl|59/100|[from] Spikes
|turn|21
|
|t:|1781168352
|switch|p2a: Kingambit|Kingambit, F|100/100
|-activate|p2a: Kingambit|ability: Supreme Overlord
|-start|p2a: Kingambit|fallen1|[silent]
|move|p1a: Garganacl|Recover|p1a: Garganacl
|-heal|p1a: Garganacl|100/100
|
|upkeep
|turn|22
|
|t:|1781168359
|switch|p1a: Zamazenta|Zamazenta|100/100
|-damage|p1a: Zamazenta|76/100|[from] Spikes
|-ability|p1a: Zamazenta|Dauntless Shield|boost
|-boost|p1a: Zamazenta|def|1
|move|p2a: Kingambit|Iron Head|p1a: Zamazenta
|-damage|p1a: Zamazenta|48/100
|
|-heal|p1a: Zamazenta|54/100|[from] item: Leftovers
|upkeep
|turn|23
|
|t:|1781168370
|switch|p1a: Garganacl|Garganacl, F|100/100
|-damage|p1a: Garganacl|75/100|[from] Spikes
|-end|p2a: Kingambit|fallen1|[silent]
|switch|p2a: Dondozo|Dondozo, F|75/100 slp
|
|-heal|p1a: Garganacl|82/100|[from] item: Leftovers
|-heal|p2a: Dondozo|82/100 slp|[from] item: Leftovers
|upkeep
|turn|24
|
|t:|1781168378
|cant|p2a: Dondozo|slp
|move|p2a: Dondozo|Sleep Talk|p2a: Dondozo
|move|p2a: Dondozo|Wave Crash|p1a: Garganacl|[from] move: Sleep Talk
|-supereffective|p1a: Garganacl
|-damage|p1a: Garganacl|23/100
|-damage|p2a: Dondozo|66/100 slp|[from] Recoil
|move|p1a: Garganacl|Salt Cure|p2a: Dondozo
|-damage|p2a: Dondozo|60/100 slp
|-start|p2a: Dondozo|Salt Cure
|
|-heal|p2a: Dondozo|66/100 slp|[from] item: Leftovers
|-heal|p1a: Garganacl|29/100|[from] item: Leftovers
|-damage|p2a: Dondozo|41/100 slp|[from] Salt Cure
|upkeep
|turn|25
|
|t:|1781168390
|switch|p2a: Great Tusk|Great Tusk|100/100
|move|p1a: Garganacl|Salt Cure|p2a: Great Tusk
|-resisted|p2a: Great Tusk
|-damage|p2a: Great Tusk|98/100
|-start|p2a: Great Tusk|Salt Cure
|
|-heal|p1a: Garganacl|36/100|[from] item: Leftovers
|-damage|p2a: Great Tusk|86/100|[from] Salt Cure
|upkeep
|turn|26
|c|☆ja hoi|crit, poison and sleep talk wave crash
|c|☆ja hoi|:')
|
|t:|1781168410
|switch|p1a: Zamazenta|Zamazenta|54/100
|-damage|p1a: Zamazenta|29/100|[from] Spikes
|move|p2a: Great Tusk|Headlong Rush|p1a: Zamazenta
|-damage|p1a: Zamazenta|0 fnt
|-unboost|p2a: Great Tusk|def|1
|-unboost|p2a: Great Tusk|spd|1
|faint|p1a: Zamazenta
|
|-damage|p2a: Great Tusk|73/100|[from] Salt Cure
|upkeep
|
|t:|1781168428
|switch|p1a: Dragapult|Dragapult, F|100/100
|-damage|p1a: Dragapult|76/100|[from] Spikes
|turn|27
|
|t:|1781168434
|move|p1a: Dragapult|Dragon Darts|p2a: Great Tusk
|-damage|p2a: Great Tusk|43/100
|-anim|p1a: Dragapult|Dragon Darts|p2a: Great Tusk
|-damage|p2a: Great Tusk|16/100
|move|p2a: Great Tusk|Headlong Rush|p1a: Dragapult
|-crit|p1a: Dragapult
|-damage|p1a: Dragapult|0 fnt
|-unboost|p2a: Great Tusk|def|1
|-unboost|p2a: Great Tusk|spd|1
|faint|p1a: Dragapult
|
|-damage|p2a: Great Tusk|3/100|[from] Salt Cure
|upkeep
|
|t:|1781168445
|switch|p1a: Quaquaval|Quaquaval, M|100/100
|-damage|p1a: Quaquaval|76/100|[from] Spikes
|turn|28
|
|t:|1781168451
|move|p1a: Quaquaval|Aqua Jet|p2a: Great Tusk
|-supereffective|p2a: Great Tusk
|-damage|p2a: Great Tusk|0 fnt
|faint|p2a: Great Tusk
|-end|p2a: Great Tusk|Protosynthesis|[silent]
|-ability|p1a: Quaquaval|Moxie|boost
|-boost|p1a: Quaquaval|atk|1
|
|upkeep
|
|t:|1781168455
|switch|p2a: Slowking|Slowking-Galar, M|100/100
|turn|29
|
|t:|1781168459
|-terastallize|p2a: Slowking|Water
|move|p1a: Quaquaval|Aqua Step|p2a: Slowking
|-resisted|p2a: Slowking
|-damage|p2a: Slowking|63/100
|-boost|p1a: Quaquaval|spe|1
|move|p2a: Slowking|Psyshock|p1a: Quaquaval
|-supereffective|p1a: Quaquaval
|-damage|p1a: Quaquaval|0 fnt
|faint|p1a: Quaquaval
|
|upkeep
|
|t:|1781168468
|switch|p1a: Garganacl|Garganacl, F|36/100
|-damage|p1a: Garganacl|11/100|[from] Spikes
|turn|30
|
|t:|1781168471
|switch|p2a: Kingambit|Kingambit, F|100/100
|-activate|p2a: Kingambit|ability: Supreme Overlord
|-start|p2a: Kingambit|fallen2|[silent]
|move|p1a: Garganacl|Recover|p1a: Garganacl
|-heal|p1a: Garganacl|61/100
|
|-heal|p1a: Garganacl|67/100|[from] item: Leftovers
|upkeep
|turn|31
|
|t:|1781168479
|move|p2a: Kingambit|Iron Head|p1a: Garganacl
|-supereffective|p1a: Garganacl
|-damage|p1a: Garganacl|0 fnt
|faint|p1a: Garganacl
|
|win|KurisuChestnutOU
|raw|ja hoi's rating: 1517 &rarr; <strong>1502</strong><br />(-15 for losing)
|raw|KurisuChestnutOU's rating: 1612 &rarr; <strong>1627</strong><br />(+15 for winning)
