|j|☆temporarylight
|j|☆sonnald
|t:|1781208345
|gametype|singles
|player|p1|temporarylight|jogger|1675
|player|p2|sonnald|steven|1603
|gen|9
|tier|[Gen 9] OU
|rated|
|rule|HP Percentage Mod: HP is shown in percentages
|rule|Endless Battle Clause: Forcing endless battles is banned
|rule|Species Clause: Limit one of each Pokémon
|rule|OHKO Clause: OHKO moves are banned
|rule|Evasion Items Clause: Evasion items are banned
|rule|Evasion Moves Clause: Evasion moves are banned
|rule|Evasion Abilities Clause: Evasion abilities are banned
|rule|Sleep Moves Clause: Sleep-inducing moves are banned
|clearpoke
|poke|p1|Weavile, M|
|poke|p1|Great Tusk|
|poke|p1|Hoopa-Unbound|
|poke|p1|Landorus-Therian, M|
|poke|p1|Deoxys-Speed|
|poke|p1|Thundurus-Therian, M|
|poke|p2|Garchomp, M|
|poke|p2|Darkrai|
|poke|p2|Gholdengo|
|poke|p2|Ogerpon-Wellspring, F|
|poke|p2|Iron Valiant|
|poke|p2|Iron Treads|
|teampreview
|inactive|Battle timer is ON: inactive players will automatically lose when time's up. (requested by temporarylight)
|
|t:|1781208386
|teamsize|p1|6
|teamsize|p2|6
|start
|switch|p1a: Weavile|Weavile, M, shiny|100/100
|switch|p2a: Iron Treads|Iron Treads|100/100
|-ability|p1a: Weavile|Pressure
|turn|1
|
|t:|1781208406
|move|p1a: Weavile|Triple Axel|p2a: Iron Treads
|-damage|p2a: Iron Treads|87/100
|-damage|p2a: Iron Treads|61/100
|-damage|p2a: Iron Treads|22/100
|-hitcount|p2a: Iron Treads|3
|move|p2a: Iron Treads|Knock Off|p1a: Weavile
|-resisted|p1a: Weavile
|-damage|p1a: Weavile|81/100
|-enditem|p1a: Weavile|Choice Band|[from] move: Knock Off|[of] p2a: Iron Treads
|
|-heal|p2a: Iron Treads|28/100|[from] item: Leftovers
|upkeep
|turn|2
|inactive|sonnald has 120 seconds left.
|
|t:|1781208440
|move|p1a: Weavile|Beat Up|p2a: Iron Treads
|-damage|p2a: Iron Treads|21/100
|-damage|p2a: Iron Treads|13/100
|-damage|p2a: Iron Treads|4/100
|-damage|p2a: Iron Treads|0 fnt
|faint|p2a: Iron Treads
|-end|p2a: Iron Treads|Quark Drive|[silent]
|-hitcount|p2: Iron Treads|4
|
|upkeep
|inactive|sonnald has 120 seconds left.
|inactive|sonnald has 90 seconds left.
|
|t:|1781208496
|switch|p2a: Ogerpon|Ogerpon-Wellspring, F|100/100
|turn|3
|
|t:|1781208504
|move|p1a: Weavile|Beat Up|p2a: Ogerpon
|-damage|p2a: Ogerpon|91/100
|-crit|p2a: Ogerpon
|-damage|p2a: Ogerpon|75/100
|-damage|p2a: Ogerpon|62/100
|-damage|p2a: Ogerpon|49/100
|-damage|p2a: Ogerpon|40/100
|-damage|p2a: Ogerpon|30/100
|-hitcount|p2a: Ogerpon|6
|move|p2a: Ogerpon|Ivy Cudgel|p1a: Weavile|[anim] Ivy Cudgel Water
|-damage|p1a: Weavile|0 fnt
|faint|p1a: Weavile
|
|upkeep
|
|t:|1781208514
|switch|p1a: Deoxys|Deoxys-Speed|100/100
|-ability|p1a: Deoxys|Pressure
|turn|4
|inactive|sonnald has 90 seconds left.
|
|t:|1781208535
|switch|p2a: Gholdengo|Gholdengo|100/100
|-item|p2a: Gholdengo|Air Balloon
|move|p1a: Deoxys|Psycho Boost|p2a: Gholdengo
|-resisted|p2a: Gholdengo
|-damage|p2a: Gholdengo|51/100
|-unboost|p1a: Deoxys|spa|2
|-enditem|p2a: Gholdengo|Air Balloon
|
|upkeep
|turn|5
|
|t:|1781208545
|switch|p1a: Landorus|Landorus-Therian, M, shiny|100/100
|-ability|p1a: Landorus|Intimidate|boost
|-unboost|p2a: Gholdengo|atk|1
|move|p2a: Gholdengo|Recover|p2a: Gholdengo
|-heal|p2a: Gholdengo|100/100
|
|upkeep
|turn|6
|
|t:|1781208551
|switch|p2a: Garchomp|Garchomp, M|100/100
|move|p1a: Landorus|Stealth Rock|p2a: Garchomp
|-sidestart|p2: sonnald|move: Stealth Rock
|
|upkeep
|turn|7
|
|t:|1781208558
|move|p1a: Landorus|Taunt|p2a: Garchomp
|-start|p2a: Garchomp|move: Taunt
|cant|p2a: Garchomp|move: Taunt|Stealth Rock
|
|upkeep
|turn|8
|inactive|sonnald has 90 seconds left.
|
|t:|1781208565
|move|p1a: Landorus|U-turn|p2a: Garchomp
|-damage|p2a: Garchomp|89/100
|-damage|p1a: Landorus|88/100|[from] ability: Rough Skin|[of] p2a: Garchomp
|-damage|p1a: Landorus|72/100|[from] item: Rocky Helmet|[of] p2a: Garchomp
|
|t:|1781208570
|switch|p1a: Great Tusk|Great Tusk, shiny|100/100|[from] U-turn
|move|p2a: Garchomp|Dragon Tail|p1a: Great Tusk
|-damage|p1a: Great Tusk|82/100
|-end|p1a: Great Tusk|Protosynthesis|[silent]
|drag|p1a: Thundurus|Thundurus-Therian, M, shiny|100/100
|
|upkeep
|turn|9
|
|t:|1781208583
|move|p1a: Thundurus|Nasty Plot|p1a: Thundurus
|-boost|p1a: Thundurus|spa|2
|move|p2a: Garchomp|Dragon Tail|p1a: Thundurus
|-damage|p1a: Thundurus|62/100
|drag|p1a: Hoopa|Hoopa-Unbound|100/100
|
|-end|p2a: Garchomp|move: Taunt
|upkeep
|turn|10
|
|t:|1781208593
|move|p2a: Garchomp|Stealth Rock|p1a: Hoopa
|-sidestart|p1: temporarylight|move: Stealth Rock
|move|p1a: Hoopa|Psychic Noise|p2a: Garchomp
|-damage|p2a: Garchomp|41/100
|-start|p2a: Garchomp|move: Heal Block
|
|upkeep
|turn|11
|
|t:|1781208601
|switch|p2a: Darkrai|Darkrai|100/100
|move|p1a: Hoopa|Psychic Noise|p2a: Darkrai
|-immune|p2a: Darkrai
|
|upkeep
|turn|12
|
|t:|1781208612
|move|p2a: Darkrai|Knock Off|p1a: Hoopa
|-damage|p1a: Hoopa|41/100
|-enditem|p1a: Hoopa|Leftovers|[from] move: Knock Off|[of] p2a: Darkrai
|move|p1a: Hoopa|Drain Punch|p2a: Darkrai
|-supereffective|p2a: Darkrai
|-damage|p2a: Darkrai|27/100
|-heal|p1a: Hoopa|73/100|[from] drain|[of] p2a: Darkrai
|-item|p1a: Hoopa|Heavy-Duty Boots|[from] ability: Magician|[of] p2a: Darkrai
|
|upkeep
|turn|13
|inactive|sonnald has 90 seconds left.
|
|t:|1781208651
|move|p2a: Darkrai|Dark Pulse|p1a: Hoopa
|-damage|p1a: Hoopa|35/100
|cant|p1a: Hoopa|flinch
|
|upkeep
|turn|14
|
|t:|1781208660
|move|p2a: Darkrai|Dark Pulse|p1a: Hoopa
|-damage|p1a: Hoopa|0 fnt
|faint|p1a: Hoopa
|
|upkeep
|
|t:|1781208664
|switch|p1a: Deoxys|Deoxys-Speed|100/100
|-damage|p1a: Deoxys|88/100|[from] Stealth Rock
|-ability|p1a: Deoxys|Pressure
|turn|15
|
|t:|1781208675
|switch|p2a: Gholdengo|Gholdengo|100/100
|-damage|p2a: Gholdengo|94/100|[from] Stealth Rock
|move|p1a: Deoxys|Focus Blast|p2a: Gholdengo
|-immune|p2a: Gholdengo
|
|upkeep
|turn|16
|inactive|sonnald has 90 seconds left.
|
|t:|1781208696
|switch|p1a: Thundurus|Thundurus-Therian, M, shiny|62/100
|-damage|p1a: Thundurus|37/100|[from] Stealth Rock
|move|p2a: Gholdengo|Make It Rain|p1a: Thundurus
|-resisted|p1a: Thundurus
|-damage|p1a: Thundurus|3/100
|-unboost|p2a: Gholdengo|spa|1
|
|-heal|p1a: Thundurus|9/100|[from] item: Leftovers
|upkeep
|turn|17
|inactive|sonnald has 90 seconds left.
|
|t:|1781208721
|move|p1a: Thundurus|Thunderbolt|p2a: Gholdengo
|-damage|p2a: Gholdengo|47/100
|move|p2a: Gholdengo|Hex|p1a: Thundurus
|-damage|p1a: Thundurus|0 fnt
|faint|p1a: Thundurus
|
|upkeep
|
|t:|1781208725
|switch|p1a: Great Tusk|Great Tusk, shiny|82/100
|turn|18
|
|t:|1781208750
|switch|p2a: Garchomp|Garchomp, M|41/100
|-damage|p2a: Garchomp|35/100|[from] Stealth Rock
|move|p1a: Great Tusk|Headlong Rush|p2a: Garchomp
|-damage|p2a: Garchomp|0 fnt
|-unboost|p1a: Great Tusk|def|1
|-unboost|p1a: Great Tusk|spd|1
|-damage|p1a: Great Tusk|69/100|[from] ability: Rough Skin|[of] p2a: Garchomp
|-damage|p1a: Great Tusk|53/100|[from] item: Rocky Helmet|[of] p2a: Garchomp
|faint|p2a: Garchomp
|
|upkeep
|inactive|sonnald has 60 seconds left.
|
|t:|1781208762
|switch|p2a: Ogerpon|Ogerpon-Wellspring, F|30/100
|-damage|p2a: Ogerpon|18/100|[from] Stealth Rock
|turn|19
|inactive|sonnald has 60 seconds left.
|
|t:|1781208774
|-end|p1a: Great Tusk|Protosynthesis|[silent]
|switch|p1a: Landorus|Landorus-Therian, M, shiny|72/100
|-damage|p1a: Landorus|59/100|[from] Stealth Rock
|-ability|p1a: Landorus|Intimidate|boost
|-unboost|p2a: Ogerpon|atk|1
|move|p2a: Ogerpon|Ivy Cudgel|p1a: Landorus|[anim] Ivy Cudgel Water
|-supereffective|p1a: Landorus
|-damage|p1a: Landorus|0 fnt
|faint|p1a: Landorus
|
|upkeep
|
|t:|1781208778
|switch|p1a: Deoxys|Deoxys-Speed|88/100
|-damage|p1a: Deoxys|76/100|[from] Stealth Rock
|-ability|p1a: Deoxys|Pressure
|turn|20
|inactive|sonnald has 60 seconds left.
|
|t:|1781208802
|move|p1a: Deoxys|Shadow Ball|p2a: Ogerpon
|-damage|p2a: Ogerpon|0 fnt
|faint|p2a: Ogerpon
|
|upkeep
|inactive|sonnald has 30 seconds left.
|inactive|sonnald has 20 seconds left.
|inactive|sonnald has 15 seconds left.
|
|t:|1781208850
|switch|p2a: Iron Valiant|Iron Valiant|100/100
|-damage|p2a: Iron Valiant|94/100|[from] Stealth Rock
|-enditem|p2a: Iron Valiant|Booster Energy
|-activate|p2a: Iron Valiant|ability: Quark Drive|[fromitem]
|-start|p2a: Iron Valiant|quarkdrivespe
|turn|21
|inactive|sonnald has 25 seconds left this turn.
|
|t:|1781208860
|move|p2a: Iron Valiant|Moonblast|p1a: Deoxys
|-damage|p1a: Deoxys|1/100
|-unboost|p1a: Deoxys|spa|1
|move|p1a: Deoxys|Shadow Ball|p2a: Iron Valiant
|-damage|p2a: Iron Valiant|54/100
|
|upkeep
|turn|22
|inactive|sonnald has 30 seconds left.
|
|t:|1781208867
|move|p2a: Iron Valiant|Moonblast|p1a: Deoxys
|-damage|p1a: Deoxys|0 fnt
|faint|p1a: Deoxys
|
|upkeep
|
|t:|1781208870
|switch|p1a: Great Tusk|Great Tusk, shiny|53/100
|turn|23
|c|☆sonnald|gg
|
|t:|1781208873
|-terastallize|p1a: Great Tusk|Steel
|move|p2a: Iron Valiant|Moonblast|p1a: Great Tusk
|-resisted|p1a: Great Tusk
|-crit|p1a: Great Tusk
|-damage|p1a: Great Tusk|0 fnt
|faint|p1a: Great Tusk
|-end|p1a: Great Tusk|Protosynthesis|[silent]
|
|win|sonnald
|raw|temporarylight's rating: 1675 &rarr; <strong>1651</strong><br />(-24 for losing)
|raw|sonnald's rating: 1603 &rarr; <strong>1627</strong><br />(+24 for winning)
|l|☆temporarylight
|player|p1|
|j|☆temporarylight
|player|p1|temporarylight|jogger|
|l|☆sonnald
|player|p2|
