|j|☆bongzongweedluvr
|j|☆bigguy916
|t:|1781298149
|gametype|singles
|player|p1|bongzongweedluvr|101|1638
|player|p2|bigguy916|unknownf|1650
|gen|9
|tier|[Gen 9] OU
|rated|
|rule|HP Percentage Mod: HP is shown in percentages
|rule|Endless Battle Clause: Forcing endless battles is banned
|rule|Species Clause: Limit one of each Pokémon
|rule|OHKO Clause: OHKO moves are banned
|rule|Evasion Items Clause: Evasion items are banned
|rule|Evasion Moves Clause: Evasion moves are banned
|rule|Evasion Abilities Clause: Evasion abilities are banned
|rule|Sleep Moves Clause: Sleep-inducing moves are banned
|clearpoke
|poke|p1|Hydrapple, F|
|poke|p1|Clodsire, M|
|poke|p1|Bronzong|
|poke|p1|Regieleki|
|poke|p1|Pecharunt|
|poke|p1|Walking Wake|
|poke|p2|Garchomp, F|
|poke|p2|Hatterene, F|
|poke|p2|Kingambit, M|
|poke|p2|Kyurem|
|poke|p2|Zamazenta-*|
|poke|p2|Tornadus-Therian, M|
|teampreview
|inactive|Battle timer is ON: inactive players will automatically lose when time's up. (requested by bigguy916)
|inactive|bongzongweedluvr also wants the timer to be on.
|inactive|bongzongweedluvr has 120 seconds left.
|
|t:|1781298194
|teamsize|p1|6
|teamsize|p2|6
|start
|switch|p1a: dog|Walking Wake|100/100
|switch|p2a: Garchomp|Garchomp, F|100/100
|turn|1
|
|t:|1781298206
|switch|p2a: Tornadus|Tornadus-Therian, M|100/100
|move|p1a: dog|Dragon Pulse|p2a: Tornadus
|-damage|p2a: Tornadus|66/100
|
|upkeep
|turn|2
|inactive|bongzongweedluvr has 120 seconds left.
|
|t:|1781298245
|move|p2a: Tornadus|Knock Off|p1a: dog
|-damage|p1a: dog|78/100
|-enditem|p1a: dog|Heavy-Duty Boots|[from] move: Knock Off|[of] p2a: Tornadus
|move|p1a: dog|Knock Off|p2a: Tornadus
|-damage|p2a: Tornadus|46/100
|-enditem|p2a: Tornadus|Assault Vest|[from] move: Knock Off|[of] p1a: dog
|
|upkeep
|turn|3
|
|t:|1781298252
|-end|p1a: dog|Protosynthesis|[silent]
|switch|p1a: not a thot|Clodsire, M|100/100
|move|p2a: Tornadus|Bleakwind Storm|p1a: not a thot
|-damage|p1a: not a thot|81/100
|
|-heal|p1a: not a thot|87/100|[from] item: Leftovers
|upkeep
|turn|4
|j| rexa2
|
|t:|1781298261
|move|p2a: Tornadus|U-turn|p1a: not a thot
|-resisted|p1a: not a thot
|-damage|p1a: not a thot|80/100
|
|t:|1781298264
|switch|p2a: Hatterene|Hatterene, F|100/100|[from] U-turn
|move|p1a: not a thot|Spikes|p2a: Hatterene
|move|p2a: Hatterene|Spikes|p1a: not a thot|[from] ability: Magic Bounce
|-sidestart|p1: bongzongweedluvr|Spikes
|
|-heal|p1a: not a thot|86/100|[from] item: Leftovers
|upkeep
|turn|5
|
|t:|1781298273
|switch|p1a: bongzong|Bronzong|100/100
|move|p2a: Hatterene|Psychic Noise|p1a: bongzong
|-resisted|p1a: bongzong
|-damage|p1a: bongzong|95/100
|-start|p1a: bongzong|move: Heal Block
|
|upkeep
|turn|6
|
|t:|1781298286
|switch|p2a: Garchomp|Garchomp, F|100/100
|move|p1a: bongzong|Night Shade|p2a: Garchomp
|-damage|p2a: Garchomp|77/100
|
|-end|p1a: bongzong|move: Heal Block
|upkeep
|turn|7
|
|t:|1781298292
|move|p2a: Garchomp|Spikes|p1a: bongzong
|-sidestart|p1: bongzongweedluvr|Spikes
|move|p1a: bongzong|Stealth Rock|p2a: Garchomp
|-sidestart|p2: bigguy916|move: Stealth Rock
|
|-heal|p1a: bongzong|100/100|[from] item: Leftovers
|upkeep
|turn|8
|
|t:|1781298294
|move|p2a: Garchomp|Stealth Rock|p1a: bongzong
|-sidestart|p1: bongzongweedluvr|move: Stealth Rock
|move|p1a: bongzong|Night Shade|p2a: Garchomp
|-damage|p2a: Garchomp|53/100
|
|upkeep
|turn|9
|
|t:|1781298297
|move|p1a: bongzong|Night Shade|p2a: Garchomp
|-damage|p2a: Garchomp|29/100
|move|p2a: Garchomp|Dragon Tail|p1a: bongzong
|-resisted|p1a: bongzong
|-damage|p1a: bongzong|89/100
|drag|p1a: not mexican|Regieleki|100/100
|
|upkeep
|turn|10
|
|t:|1781298321
|switch|p1a: bongzong|Bronzong|89/100
|-damage|p1a: bongzong|83/100|[from] Stealth Rock
|move|p2a: Garchomp|Dragon Tail|p1a: bongzong
|-resisted|p1a: bongzong
|-damage|p1a: bongzong|72/100
|drag|p1a: dog|Walking Wake|78/100
|-damage|p1a: dog|61/100|[from] Spikes
|-damage|p1a: dog|49/100|[from] Stealth Rock
|
|upkeep
|turn|11
|
|t:|1781298328
|switch|p2a: Tornadus|Tornadus-Therian, M|79/100
|-damage|p2a: Tornadus|54/100|[from] Stealth Rock
|move|p1a: dog|Flip Turn|p2a: Tornadus
|-damage|p2a: Tornadus|36/100
|
|t:|1781298330
|-end|p1a: dog|Protosynthesis|[silent]
|switch|p1a: not mexican|Regieleki|100/100|[from] Flip Turn
|
|upkeep
|turn|12
|
|t:|1781298337
|switch|p2a: Garchomp|Garchomp, F|29/100
|-damage|p2a: Garchomp|23/100|[from] Stealth Rock
|move|p1a: not mexican|Rapid Spin|p2a: Garchomp
|-damage|p2a: Garchomp|16/100
|-boost|p1a: not mexican|spe|1
|-damage|p1a: not mexican|88/100|[from] ability: Rough Skin|[of] p2a: Garchomp
|-damage|p1a: not mexican|72/100|[from] item: Rocky Helmet|[of] p2a: Garchomp
|-sideend|p1: bongzongweedluvr|Spikes|[from] move: Rapid Spin|[of] p1a: not mexican
|-sideend|p1: bongzongweedluvr|Stealth Rock|[from] move: Rapid Spin|[of] p1a: not mexican
|
|upkeep
|turn|13
|
|t:|1781298344
|switch|p1a: senor weed|Hydrapple, F|100/100
|move|p2a: Garchomp|Stealth Rock|p1a: senor weed
|-sidestart|p1: bongzongweedluvr|move: Stealth Rock
|
|upkeep
|turn|14
|
|t:|1781298354
|switch|p2a: Hatterene|Hatterene, F|100/100
|-damage|p2a: Hatterene|88/100|[from] Stealth Rock
|move|p1a: senor weed|Giga Drain|p2a: Hatterene
|-damage|p2a: Hatterene|56/100
|
|upkeep
|turn|15
|
|t:|1781298361
|switch|p1a: bongzong|Bronzong|72/100
|-damage|p1a: bongzong|66/100|[from] Stealth Rock
|move|p2a: Hatterene|Nuzzle|p1a: bongzong
|-damage|p1a: bongzong|62/100
|-status|p1a: bongzong|par
|
|-heal|p1a: bongzong|68/100 par|[from] item: Leftovers
|upkeep
|turn|16
|
|t:|1781298369
|switch|p2a: Tornadus|Tornadus-Therian, M|69/100
|-damage|p2a: Tornadus|44/100|[from] Stealth Rock
|move|p1a: bongzong|Night Shade|p2a: Tornadus
|-damage|p2a: Tornadus|17/100
|
|-heal|p1a: bongzong|74/100 par|[from] item: Leftovers
|upkeep
|turn|17
|
|t:|1781298377
|switch|p1a: not a thot|Clodsire, M|86/100
|-damage|p1a: not a thot|80/100|[from] Stealth Rock
|move|p2a: Tornadus|Knock Off|p1a: not a thot
|-damage|p1a: not a thot|58/100
|-enditem|p1a: not a thot|Leftovers|[from] move: Knock Off|[of] p2a: Tornadus
|
|upkeep
|turn|18
|
|t:|1781298382
|move|p2a: Tornadus|U-turn|p1a: not a thot
|-resisted|p1a: not a thot
|-damage|p1a: not a thot|49/100
|
|t:|1781298385
|switch|p2a: Hatterene|Hatterene, F|56/100|[from] U-turn
|-damage|p2a: Hatterene|44/100|[from] Stealth Rock
|move|p1a: not a thot|Recover|p1a: not a thot
|-heal|p1a: not a thot|99/100
|
|upkeep
|turn|19
|
|t:|1781298394
|switch|p1a: bongzong|Bronzong|74/100 par
|-damage|p1a: bongzong|68/100 par|[from] Stealth Rock
|move|p2a: Hatterene|Psychic Noise|p1a: bongzong
|-resisted|p1a: bongzong
|-damage|p1a: bongzong|63/100 par
|-start|p1a: bongzong|move: Heal Block
|
|upkeep
|turn|20
|
|t:|1781298400
|move|p2a: Hatterene|Pain Split|p1a: bongzong
|-sethp|p1a: bongzong|52/100 par|[from] move: Pain Split|[silent]
|-sethp|p2a: Hatterene|55/100|[from] move: Pain Split
|move|p1a: bongzong|Night Shade|p2a: Hatterene
|-damage|p2a: Hatterene|24/100
|
|-end|p1a: bongzong|move: Heal Block
|upkeep
|turn|21
|
|t:|1781298404
|move|p2a: Hatterene|Pain Split|p1a: bongzong
|-sethp|p1a: bongzong|37/100 par|[from] move: Pain Split|[silent]
|-sethp|p2a: Hatterene|39/100|[from] move: Pain Split
|move|p1a: bongzong|Night Shade|p2a: Hatterene
|-damage|p2a: Hatterene|8/100
|
|-heal|p1a: bongzong|43/100 par|[from] item: Leftovers
|upkeep
|turn|22
|
|t:|1781298409
|move|p2a: Hatterene|Pain Split|p1a: bongzong
|-sethp|p1a: bongzong|25/100 par|[from] move: Pain Split|[silent]
|-sethp|p2a: Hatterene|27/100|[from] move: Pain Split
|move|p1a: bongzong|Night Shade|p2a: Hatterene
|-damage|p2a: Hatterene|0 fnt
|faint|p2a: Hatterene
|
|-heal|p1a: bongzong|32/100 par|[from] item: Leftovers
|upkeep
|
|t:|1781298418
|switch|p2a: Kingambit|Kingambit, M|100/100
|-damage|p2a: Kingambit|94/100|[from] Stealth Rock
|-activate|p2a: Kingambit|ability: Supreme Overlord
|-start|p2a: Kingambit|fallen1|[silent]
|turn|23
|
|t:|1781298425
|switch|p1a: dog|Walking Wake|49/100
|-damage|p1a: dog|36/100|[from] Stealth Rock
|move|p2a: Kingambit|Kowtow Cleave|p1a: dog
|-damage|p1a: dog|0 fnt
|faint|p1a: dog
|-end|p1a: dog|Protosynthesis|[silent]
|
|-heal|p2a: Kingambit|100/100|[from] item: Leftovers
|upkeep
|
|t:|1781298428
|switch|p1a: senor weed|Hydrapple, F|100/100
|-damage|p1a: senor weed|88/100|[from] Stealth Rock
|turn|24
|
|t:|1781298435
|-end|p2a: Kingambit|fallen1|[silent]
|switch|p2a: Kyurem|Kyurem|100/100
|-damage|p2a: Kyurem|76/100|[from] Stealth Rock
|-ability|p2a: Kyurem|Pressure
|move|p1a: senor weed|Fickle Beam|p2a: Kyurem
|-supereffective|p2a: Kyurem
|-damage|p2a: Kyurem|40/100
|
|upkeep
|turn|25
|
|t:|1781298450
|switch|p1a: bongzong|Bronzong|32/100 par
|-damage|p1a: bongzong|25/100 par|[from] Stealth Rock
|move|p2a: Kyurem|Ice Beam|p1a: bongzong
|-resisted|p1a: bongzong
|-damage|p1a: bongzong|9/100 par
|
|-heal|p1a: bongzong|16/100 par|[from] item: Leftovers
|upkeep
|turn|26
|
|t:|1781298457
|move|p2a: Kyurem|Ice Beam|p1a: bongzong
|-resisted|p1a: bongzong
|-damage|p1a: bongzong|0 fnt
|faint|p1a: bongzong
|
|upkeep
|
|t:|1781298468
|switch|p1a: maybe mexican?|Pecharunt|100/100
|turn|27
|
|t:|1781298475
|move|p1a: maybe mexican?|Malignant Chain|p2a: Kyurem
|-damage|p2a: Kyurem|23/100
|move|p2a: Kyurem|Earth Power|p1a: maybe mexican?
|-supereffective|p1a: maybe mexican?
|-damage|p1a: maybe mexican?|27/100
|
|upkeep
|turn|28
|
|t:|1781298480
|move|p1a: maybe mexican?|Foul Play|p2a: Kyurem
|-damage|p2a: Kyurem|0 fnt
|faint|p2a: Kyurem
|
|upkeep
|j| TheSacredJackal⨕
|
|t:|1781298491
|switch|p2a: Tornadus|Tornadus-Therian, M|50/100
|-damage|p2a: Tornadus|25/100|[from] Stealth Rock
|turn|29
|
|t:|1781298495
|switch|p1a: not a thot|Clodsire, M|99/100
|-damage|p1a: not a thot|93/100|[from] Stealth Rock
|move|p2a: Tornadus|Bleakwind Storm|p1a: not a thot
|-damage|p1a: not a thot|72/100
|
|upkeep
|turn|30
|
|t:|1781298498
|move|p2a: Tornadus|U-turn|p1a: not a thot
|-resisted|p1a: not a thot
|-damage|p1a: not a thot|64/100
|
|t:|1781298499
|switch|p2a: Garchomp|Garchomp, F|16/100|[from] U-turn
|-damage|p2a: Garchomp|10/100|[from] Stealth Rock
|move|p1a: not a thot|Spikes|p2a: Garchomp
|-sidestart|p2: bigguy916|Spikes
|
|upkeep
|turn|31
|
|t:|1781298504
|switch|p1a: senor weed|Hydrapple, F|100/100
|-damage|p1a: senor weed|88/100|[from] Stealth Rock
|move|p2a: Garchomp|Dragon Tail|p1a: senor weed|[miss]
|-miss|p2a: Garchomp|p1a: senor weed
|
|upkeep
|turn|32
|
|t:|1781298509
|move|p2a: Garchomp|Earthquake|p1a: senor weed
|-resisted|p1a: senor weed
|-damage|p1a: senor weed|76/100
|move|p1a: senor weed|Giga Drain|p2a: Garchomp
|-damage|p2a: Garchomp|0 fnt
|-heal|p1a: senor weed|81/100|[from] drain|[of] p2a: Garchomp
|faint|p2a: Garchomp
|
|upkeep
|l| TheSacredJackal⨕
|
|t:|1781298538
|switch|p2a: Tornadus|Tornadus-Therian, M|58/100
|-damage|p2a: Tornadus|33/100|[from] Stealth Rock
|turn|33
|
|t:|1781298545
|switch|p1a: not a thot|Clodsire, M|64/100
|-damage|p1a: not a thot|58/100|[from] Stealth Rock
|move|p2a: Tornadus|Bleakwind Storm|p1a: not a thot
|-damage|p1a: not a thot|40/100
|
|upkeep
|turn|34
|
|t:|1781298548
|move|p2a: Tornadus|U-turn|p1a: not a thot
|-resisted|p1a: not a thot
|-damage|p1a: not a thot|31/100
|
|t:|1781298550
|switch|p2a: Kingambit|Kingambit, M|100/100|[from] U-turn
|-damage|p2a: Kingambit|94/100|[from] Stealth Rock
|-damage|p2a: Kingambit|82/100|[from] Spikes
|-activate|p2a: Kingambit|ability: Supreme Overlord
|-start|p2a: Kingambit|fallen3|[silent]
|move|p1a: not a thot|Recover|p1a: not a thot
|-heal|p1a: not a thot|81/100
|
|-heal|p2a: Kingambit|88/100|[from] item: Leftovers
|upkeep
|turn|35
|
|t:|1781298557
|move|p2a: Kingambit|Kowtow Cleave|p1a: not a thot
|-damage|p1a: not a thot|8/100
|move|p1a: not a thot|Earthquake|p2a: Kingambit
|-supereffective|p2a: Kingambit
|-damage|p2a: Kingambit|42/100
|
|-heal|p2a: Kingambit|48/100|[from] item: Leftovers
|upkeep
|turn|36
|
|t:|1781298565
|switch|p1a: senor weed|Hydrapple, F|100/100
|-damage|p1a: senor weed|88/100|[from] Stealth Rock
|move|p2a: Kingambit|Kowtow Cleave|p1a: senor weed
|-damage|p1a: senor weed|50/100
|-damage|p2a: Kingambit|32/100|[from] item: Rocky Helmet|[of] p1a: senor weed
|
|-heal|p2a: Kingambit|38/100|[from] item: Leftovers
|upkeep
|turn|37
|
|t:|1781298570
|-end|p2a: Kingambit|fallen3|[silent]
|switch|p2a: Tornadus|Tornadus-Therian, M|67/100
|-damage|p2a: Tornadus|42/100|[from] Stealth Rock
|move|p1a: senor weed|Fickle Beam|p2a: Tornadus
|-crit|p2a: Tornadus
|-damage|p2a: Tornadus|0 fnt
|faint|p2a: Tornadus
|
|upkeep
|
|t:|1781298574
|switch|p2a: Zamazenta|Zamazenta|100/100
|-damage|p2a: Zamazenta|94/100|[from] Stealth Rock
|-damage|p2a: Zamazenta|82/100|[from] Spikes
|-ability|p2a: Zamazenta|Dauntless Shield|boost
|-boost|p2a: Zamazenta|def|1
|turn|38
|
|t:|1781298586
|move|p2a: Zamazenta|Iron Defense|p2a: Zamazenta
|-boost|p2a: Zamazenta|def|2
|move|p1a: senor weed|Giga Drain|p2a: Zamazenta
|-damage|p2a: Zamazenta|59/100
|-heal|p1a: senor weed|60/100|[from] drain|[of] p2a: Zamazenta
|
|-heal|p2a: Zamazenta|65/100|[from] item: Leftovers
|upkeep
|turn|39
|
|t:|1781298595
|switch|p1a: not a thot|Clodsire, M|8/100
|-damage|p1a: not a thot|2/100|[from] Stealth Rock
|move|p2a: Zamazenta|Body Press|p1a: not a thot
|-resisted|p1a: not a thot
|-damage|p1a: not a thot|0 fnt
|faint|p1a: not a thot
|
|-heal|p2a: Zamazenta|71/100|[from] item: Leftovers
|upkeep
|
|t:|1781298597
|switch|p1a: maybe mexican?|Pecharunt|27/100
|turn|40
|
|t:|1781298599
|move|p2a: Zamazenta|Crunch|p1a: maybe mexican?
|-supereffective|p1a: maybe mexican?
|-damage|p1a: maybe mexican?|1/100
|move|p1a: maybe mexican?|Recover|p1a: maybe mexican?
|-heal|p1a: maybe mexican?|51/100
|
|-heal|p2a: Zamazenta|77/100|[from] item: Leftovers
|upkeep
|turn|41
|
|t:|1781298602
|switch|p2a: Kingambit|Kingambit, M|38/100
|-damage|p2a: Kingambit|32/100|[from] Stealth Rock
|-damage|p2a: Kingambit|19/100|[from] Spikes
|-activate|p2a: Kingambit|ability: Supreme Overlord
|-start|p2a: Kingambit|fallen4|[silent]
|move|p1a: maybe mexican?|Recover|p1a: maybe mexican?
|-heal|p1a: maybe mexican?|100/100
|
|-heal|p2a: Kingambit|25/100|[from] item: Leftovers
|upkeep
|turn|42
|
|t:|1781298608
|move|p1a: maybe mexican?|Parting Shot|p2a: Kingambit
|-unboost|p2a: Kingambit|atk|1
|-unboost|p2a: Kingambit|spa|1
|
|t:|1781298609
|switch|p1a: senor weed|Hydrapple, F|94/100|[from] Parting Shot
|-damage|p1a: senor weed|81/100|[from] Stealth Rock
|move|p2a: Kingambit|Kowtow Cleave|p1a: senor weed
|-damage|p1a: senor weed|54/100
|-damage|p2a: Kingambit|9/100|[from] item: Rocky Helmet|[of] p1a: senor weed
|
|-heal|p2a: Kingambit|15/100|[from] item: Leftovers
|upkeep
|turn|43
|
|t:|1781298620
|-end|p2a: Kingambit|fallen4|[silent]
|switch|p2a: Zamazenta|Zamazenta|77/100
|-damage|p2a: Zamazenta|71/100|[from] Stealth Rock
|-damage|p2a: Zamazenta|59/100|[from] Spikes
|move|p1a: senor weed|Earth Power|p2a: Zamazenta
|-damage|p2a: Zamazenta|40/100
|
|-heal|p2a: Zamazenta|46/100|[from] item: Leftovers
|upkeep
|turn|44
|
|t:|1781298624
|move|p2a: Zamazenta|Iron Defense|p2a: Zamazenta
|-boost|p2a: Zamazenta|def|2
|move|p1a: senor weed|Giga Drain|p2a: Zamazenta
|-damage|p2a: Zamazenta|24/100
|-heal|p1a: senor weed|65/100|[from] drain|[of] p2a: Zamazenta
|
|-heal|p2a: Zamazenta|30/100|[from] item: Leftovers
|upkeep
|turn|45
|
|t:|1781298627
|move|p2a: Zamazenta|Body Press|p1a: senor weed
|-damage|p1a: senor weed|24/100
|-damage|p2a: Zamazenta|13/100|[from] item: Rocky Helmet|[of] p1a: senor weed
|move|p1a: senor weed|Giga Drain|p2a: Zamazenta
|-damage|p2a: Zamazenta|0 fnt
|-heal|p1a: senor weed|30/100|[from] drain|[of] p2a: Zamazenta
|faint|p2a: Zamazenta
|
|upkeep
|
|t:|1781298629
|switch|p2a: Kingambit|Kingambit, M|15/100
|-damage|p2a: Kingambit|9/100|[from] Stealth Rock
|-damage|p2a: Kingambit|0 fnt|[from] Spikes
|faint|p2a: Kingambit
|-end|p2a: Kingambit|fallenundefined|[silent]
|
|win|bongzongweedluvr
|raw|bongzongweedluvr's rating: 1619 &rarr; <strong>1641</strong><br />(+22 for winning)
|raw|bigguy916's rating: 1650 &rarr; <strong>1628</strong><br />(-22 for losing)
|l|☆bigguy916
|player|p2|
|l|☆bongzongweedluvr
|player|p1|
|l| rexa2
