|badge|p1|silver|gen9ubers|30-9
|uhtml|medal-msg|<div class="broadcast-blue">Curious what those medals under the avatar are? PS now has Ladder Seasons! For more information, check out the <a href="https://www.smogon.com/forums/threads/3740067/">thread on Smogon.</a></div>
|j|☆mister_ttar
|j|☆LowEL0God
|t:|1781458760
|gametype|singles
|player|p1|mister_ttar|265|1600
|player|p2|LowEL0God|265|1625
|gen|9
|tier|[Gen 9] OU
|rated|
|rule|HP Percentage Mod: HP is shown in percentages
|rule|Endless Battle Clause: Forcing endless battles is banned
|rule|Species Clause: Limit one of each Pokémon
|rule|OHKO Clause: OHKO moves are banned
|rule|Evasion Items Clause: Evasion items are banned
|rule|Evasion Moves Clause: Evasion moves are banned
|rule|Evasion Abilities Clause: Evasion abilities are banned
|rule|Sleep Moves Clause: Sleep-inducing moves are banned
|clearpoke
|poke|p1|Ceruledge, F|
|poke|p1|Iron Valiant|
|poke|p1|Ditto|
|poke|p1|Mamoswine, M|
|poke|p1|Armarouge, F|
|poke|p1|Cinderace, F|
|poke|p2|Pelipper, M|
|poke|p2|Raging Bolt|
|poke|p2|Overqwil, M|
|poke|p2|Barraskewda, F|
|poke|p2|Iron Treads|
|poke|p2|Kingambit, F|
|teampreview
|c|☆LowEL0God|hf
|inactive|Battle timer is ON: inactive players will automatically lose when time's up. (requested by LowEL0God)
|j| Darck-Meralice
|l| Darck-Meralice
|
|t:|1781458780
|teamsize|p1|6
|teamsize|p2|6
|start
|switch|p1a: Anna De Armas|Armarouge, F|100/100
|switch|p2a: Pelipper|Pelipper, M|100/100
|-weather|RainDance|[from] ability: Drizzle|[of] p2a: Pelipper
|turn|1
|
|t:|1781458787
|move|p1a: Anna De Armas|Psyshock|p2a: Pelipper
|-damage|p2a: Pelipper|67/100
|move|p2a: Pelipper|Weather Ball|p1a: Anna De Armas
|-supereffective|p1a: Anna De Armas
|-enditem|p1a: Anna De Armas|Focus Sash
|-damage|p1a: Anna De Armas|1/100
|
|-weather|RainDance|[upkeep]
|upkeep
|turn|2
|
|t:|1781458793
|move|p1a: Anna De Armas|Psyshock|p2a: Pelipper
|-damage|p2a: Pelipper|35/100
|move|p2a: Pelipper|Roost|p2a: Pelipper
|-heal|p2a: Pelipper|86/100
|-singleturn|p2a: Pelipper|move: Roost
|
|-weather|RainDance|[upkeep]
|upkeep
|turn|3
|
|t:|1781458799
|move|p1a: Anna De Armas|Psyshock|p2a: Pelipper
|-damage|p2a: Pelipper|51/100
|move|p2a: Pelipper|Weather Ball|p1a: Anna De Armas
|-supereffective|p1a: Anna De Armas
|-damage|p1a: Anna De Armas|0 fnt
|faint|p1a: Anna De Armas
|
|-weather|RainDance|[upkeep]
|upkeep
|j| TheSacredJackal⨕
|
|t:|1781458804
|switch|p1a: The Indian Swine|Mamoswine, M|100/100
|turn|4
|l| TheSacredJackal⨕
|
|t:|1781458807
|move|p1a: The Indian Swine|Stone Edge|p2a: Pelipper
|-supereffective|p2a: Pelipper
|-damage|p2a: Pelipper|0 fnt
|faint|p2a: Pelipper
|
|-weather|RainDance|[upkeep]
|upkeep
|
|t:|1781458809
|switch|p2a: Kingambit|Kingambit, F|100/100
|-activate|p2a: Kingambit|ability: Supreme Overlord
|-start|p2a: Kingambit|fallen1|[silent]
|turn|5
|
|t:|1781458816
|switch|p1a: Thumper|Cinderace, F|100/100
|move|p2a: Kingambit|Iron Head|p1a: Thumper
|-resisted|p1a: Thumper
|-damage|p1a: Thumper|63/100
|
|-weather|RainDance|[upkeep]
|upkeep
|turn|6
|
|t:|1781458822
|move|p1a: Thumper|High Jump Kick|p2a: Kingambit
|-start|p1a: Thumper|typechange|Fighting|[from] ability: Libero
|-supereffective|p2a: Kingambit
|-damage|p2a: Kingambit|0 fnt
|faint|p2a: Kingambit
|-end|p2a: Kingambit|fallen1|[silent]
|
|-weather|RainDance|[upkeep]
|upkeep
|
|t:|1781458823
|switch|p2a: Barraskewda|Barraskewda, F|100/100
|turn|7
|
|t:|1781458831
|move|p1a: Thumper|Sucker Punch|p2a: Barraskewda
|-damage|p2a: Barraskewda|53/100
|move|p2a: Barraskewda|Liquidation|p1a: Thumper
|-damage|p1a: Thumper|0 fnt
|faint|p1a: Thumper
|
|-weather|RainDance|[upkeep]
|upkeep
|
|t:|1781458835
|switch|p1a: Jabba|Ditto|100/100
|-transform|p1a: Jabba|p2a: Barraskewda|[from] ability: Imposter
|turn|8
|
|t:|1781458849
|move|p2a: Barraskewda|Liquidation|p1a: Jabba
|-resisted|p1a: Jabba
|-damage|p1a: Jabba|17/100
|move|p1a: Jabba|Flip Turn|p2a: Barraskewda
|-resisted|p2a: Barraskewda
|-damage|p2a: Barraskewda|8/100
|
|t:|1781458856
|switch|p1a: The Main Character|Ceruledge, F, shiny|100/100|[from] Flip Turn
|
|-weather|none
|upkeep
|turn|9
|
|t:|1781458860
|move|p1a: The Main Character|Shadow Sneak|p2a: Barraskewda
|-damage|p2a: Barraskewda|0 fnt
|faint|p2a: Barraskewda
|
|upkeep
|
|t:|1781458862
|switch|p2a: Raging Bolt|Raging Bolt|100/100
|-enditem|p2a: Raging Bolt|Booster Energy
|-activate|p2a: Raging Bolt|ability: Protosynthesis|[fromitem]
|-start|p2a: Raging Bolt|protosynthesisspa
|turn|10
|
|t:|1781458869
|switch|p1a: Jabba|Ditto|17/100
|-transform|p1a: Jabba|p2a: Raging Bolt|[from] ability: Imposter
|move|p2a: Raging Bolt|Thunder|p1a: Jabba|[miss]
|-miss|p2a: Raging Bolt|p1a: Jabba
|
|upkeep
|turn|11
|
|t:|1781458876
|move|p1a: Jabba|Draco Meteor|p2a: Raging Bolt
|-supereffective|p2a: Raging Bolt
|-damage|p2a: Raging Bolt|0 fnt
|-unboost|p1a: Jabba|spa|2
|faint|p2a: Raging Bolt
|-end|p2a: Raging Bolt|Protosynthesis|[silent]
|
|upkeep
|
|t:|1781458876
|switch|p2a: Overqwil|Overqwil, M|100/100
|turn|12
|
|t:|1781458882
|-end|p1a: Jabba|Protosynthesis|[silent]
|switch|p1a: The Indian Swine|Mamoswine, M|100/100
|move|p2a: Overqwil|Gunk Shot|p1a: The Indian Swine
|-resisted|p1a: The Indian Swine
|-damage|p1a: The Indian Swine|54/100
|-status|p1a: The Indian Swine|psn
|-damage|p2a: Overqwil|91/100|[from] item: Life Orb
|
|-damage|p1a: The Indian Swine|41/100 psn|[from] psn
|upkeep
|turn|13
|
|t:|1781458893
|-terastallize|p2a: Overqwil|Water
|move|p1a: The Indian Swine|Ice Shard|p2a: Overqwil
|-resisted|p2a: Overqwil
|-damage|p2a: Overqwil|79/100
|move|p2a: Overqwil|Swords Dance|p2a: Overqwil
|-boost|p2a: Overqwil|atk|2
|
|-damage|p1a: The Indian Swine|29/100 psn|[from] psn
|upkeep
|turn|14
|
|t:|1781458898
|move|p1a: The Indian Swine|Ice Shard|p2a: Overqwil
|-resisted|p2a: Overqwil
|-damage|p2a: Overqwil|66/100
|move|p2a: Overqwil|Gunk Shot|p1a: The Indian Swine
|-resisted|p1a: The Indian Swine
|-damage|p1a: The Indian Swine|0 fnt
|faint|p1a: The Indian Swine
|-damage|p2a: Overqwil|56/100|[from] item: Life Orb
|
|upkeep
|
|t:|1781458905
|switch|p1a: Jabba|Ditto|17/100
|-transform|p1a: Jabba|p2a: Overqwil|[from] ability: Imposter
|-start|p1a: Jabba|typechange|Dark/Poison|[silent]
|turn|15
|
|t:|1781458910
|switch|p2a: Iron Treads|Iron Treads|100/100
|-enditem|p2a: Iron Treads|Booster Energy
|-activate|p2a: Iron Treads|ability: Quark Drive|[fromitem]
|-start|p2a: Iron Treads|quarkdrivespe
|move|p1a: Jabba|Crunch|p2a: Iron Treads
|-damage|p2a: Iron Treads|29/100
|
|upkeep
|turn|16
|
|t:|1781458919
|switch|p1a: The Main Character|Ceruledge, F, shiny|100/100
|move|p2a: Iron Treads|Rapid Spin|p1a: The Main Character
|-immune|p1a: The Main Character
|
|upkeep
|turn|17
|
|t:|1781458927
|-end|p2a: Iron Treads|Quark Drive|[silent]
|switch|p2a: Overqwil|Overqwil, M, tera:Water|56/100
|move|p1a: The Main Character|Bitter Blade|p2a: Overqwil
|-resisted|p2a: Overqwil
|-damage|p2a: Overqwil|26/100
|
|upkeep
|turn|18
|
|t:|1781458932
|switch|p1a: Jabba|Ditto|17/100
|-transform|p1a: Jabba|p2a: Overqwil|[from] ability: Imposter
|move|p2a: Overqwil|Swords Dance|p2a: Overqwil
|-boost|p2a: Overqwil|atk|2
|
|upkeep
|turn|19
|
|t:|1781458938
|switch|p2a: Iron Treads|Iron Treads|29/100
|move|p1a: Jabba|Crunch|p2a: Iron Treads
|-damage|p2a: Iron Treads|0 fnt
|faint|p2a: Iron Treads
|-end|p2a: Iron Treads|Quark Drive|[silent]
|
|upkeep
|
|t:|1781458938
|switch|p2a: Overqwil|Overqwil, M, tera:Water|26/100
|turn|20
|
|t:|1781458940
|move|p2a: Overqwil|Gunk Shot|p1a: Jabba
|-resisted|p1a: Jabba
|-damage|p1a: Jabba|0 fnt
|faint|p1a: Jabba
|-damage|p2a: Overqwil|16/100|[from] item: Life Orb
|
|upkeep
|
|t:|1781458943
|switch|p1a: The Main Character|Ceruledge, F, shiny|100/100
|turn|21
|
|t:|1781458946
|move|p1a: The Main Character|Shadow Sneak|p2a: Overqwil
|-damage|p2a: Overqwil|0 fnt
|faint|p2a: Overqwil
|
|win|mister_ttar
|raw|mister_ttar's rating: 1600 &rarr; <strong>1621</strong><br />(+21 for winning)
|raw|LowEL0God's rating: 1625 &rarr; <strong>1604</strong><br />(-21 for losing)
|l|☆mister_ttar
|player|p1|
|c|☆LowEL0God|gg
|l|☆LowEL0God
|player|p2|
