|j|☆portobellomushroom
|j|☆cenotaphs
|t:|1781219637
|gametype|singles
|player|p1|portobellomushroom|turo-ai|1674
|player|p2|cenotaphs|lady|1640
|gen|9
|tier|[Gen 9] OU
|rated|
|rule|HP Percentage Mod: HP is shown in percentages
|rule|Endless Battle Clause: Forcing endless battles is banned
|rule|Species Clause: Limit one of each Pokémon
|rule|OHKO Clause: OHKO moves are banned
|rule|Evasion Items Clause: Evasion items are banned
|rule|Evasion Moves Clause: Evasion moves are banned
|rule|Evasion Abilities Clause: Evasion abilities are banned
|rule|Sleep Moves Clause: Sleep-inducing moves are banned
|clearpoke
|poke|p1|Glimmora, F|
|poke|p1|Polteageist|
|poke|p1|Deoxys-Speed|
|poke|p1|Great Tusk|
|poke|p1|Dragonite, F|
|poke|p1|Iron Valiant|
|poke|p2|Cresselia, F|
|poke|p2|Great Tusk|
|poke|p2|Gholdengo|
|poke|p2|Ting-Lu|
|poke|p2|Enamorus, F|
|poke|p2|Pecharunt|
|teampreview
|inactive|Battle timer is ON: inactive players will automatically lose when time's up. (requested by portobellomushroom)
|inactive|cenotaphs also wants the timer to be on.
|inactive|portobellomushroom has 120 seconds left.
|
|t:|1781219669
|teamsize|p1|6
|teamsize|p2|6
|start
|switch|p1a: glim glam|Glimmora, F|100/100
|switch|p2a: ☯☯⧲☯☯|Gholdengo, shiny|100/100
|turn|1
|
|t:|1781219675
|move|p2a: ☯☯⧲☯☯|Make It Rain|p1a: glim glam
|-supereffective|p1a: glim glam
|-enditem|p1a: glim glam|Focus Sash
|-damage|p1a: glim glam|1/100
|-unboost|p2a: ☯☯⧲☯☯|spa|1
|move|p1a: glim glam|Earth Power|p2a: ☯☯⧲☯☯
|-supereffective|p2a: ☯☯⧲☯☯
|-damage|p2a: ☯☯⧲☯☯|23/100
|-unboost|p2a: ☯☯⧲☯☯|spd|1
|
|upkeep
|turn|2
|
|t:|1781219684
|move|p2a: ☯☯⧲☯☯|Make It Rain|p1a: glim glam
|-supereffective|p1a: glim glam
|-damage|p1a: glim glam|0 fnt
|-unboost|p2a: ☯☯⧲☯☯|spa|1
|faint|p1a: glim glam
|
|upkeep
|
|t:|1781219689
|switch|p1a: liting mcgoo|Deoxys-Speed|100/100
|-ability|p1a: liting mcgoo|Pressure
|turn|3
|
|t:|1781219695
|switch|p2a: €€€€€€€€€€€€€|Ting-Lu, shiny|100/100
|-ability|p2a: €€€€€€€€€€€€€|Vessel of Ruin
|move|p1a: liting mcgoo|Nasty Plot|p1a: liting mcgoo
|-boost|p1a: liting mcgoo|spa|2
|
|upkeep
|turn|4
|
|t:|1781219700
|-terastallize|p1a: liting mcgoo|Fighting
|move|p1a: liting mcgoo|Focus Blast|p2a: €€€€€€€€€€€€€
|-supereffective|p2a: €€€€€€€€€€€€€
|-damage|p2a: €€€€€€€€€€€€€|0 fnt
|faint|p2a: €€€€€€€€€€€€€
|-damage|p1a: liting mcgoo|91/100|[from] item: Life Orb
|
|upkeep
|
|t:|1781219710
|switch|p2a: 𝄞𝄢°❀⋆.ೃ࿔*:･|Cresselia, F, shiny|100/100
|turn|5
|
|t:|1781219713
|move|p1a: liting mcgoo|Shadow Ball|p2a: 𝄞𝄢°❀⋆.ೃ࿔*:･
|-supereffective|p2a: 𝄞𝄢°❀⋆.ೃ࿔*:･
|-damage|p2a: 𝄞𝄢°❀⋆.ೃ࿔*:･|18/100
|-unboost|p2a: 𝄞𝄢°❀⋆.ೃ࿔*:･|spd|1
|-damage|p1a: liting mcgoo|81/100|[from] item: Life Orb
|move|p2a: 𝄞𝄢°❀⋆.ೃ࿔*:･|Moonblast|p1a: liting mcgoo
|-supereffective|p1a: liting mcgoo
|-damage|p1a: liting mcgoo|27/100
|
|-heal|p2a: 𝄞𝄢°❀⋆.ೃ࿔*:･|24/100|[from] item: Leftovers
|upkeep
|turn|6
|
|t:|1781219732
|switch|p2a: ↂ⑳ↂ ㈨|Great Tusk, shiny|100/100
|move|p1a: liting mcgoo|Shadow Ball|p2a: ↂ⑳ↂ ㈨
|-crit|p2a: ↂ⑳ↂ ㈨
|-damage|p2a: ↂ⑳ↂ ㈨|0 fnt
|faint|p2a: ↂ⑳ↂ ㈨
|-end|p2a: ↂ⑳ↂ ㈨|Protosynthesis|[silent]
|-damage|p1a: liting mcgoo|17/100|[from] item: Life Orb
|
|upkeep
|
|t:|1781219738
|switch|p2a: ㊊ Ξ愛愛愛|Enamorus, F|100/100
|turn|7
|
|t:|1781219740
|move|p2a: ㊊ Ξ愛愛愛|Moonblast|p1a: liting mcgoo
|-supereffective|p1a: liting mcgoo
|-damage|p1a: liting mcgoo|0 fnt
|faint|p1a: liting mcgoo
|
|upkeep
|
|t:|1781219754
|switch|p1a: which set?|Iron Valiant|100/100
|-enditem|p1a: which set?|Booster Energy
|-activate|p1a: which set?|ability: Quark Drive|[fromitem]
|-start|p1a: which set?|quarkdrivespe
|turn|8
|
|t:|1781219758
|move|p1a: which set?|Knock Off|p2a: ㊊ Ξ愛愛愛
|-resisted|p2a: ㊊ Ξ愛愛愛
|-damage|p2a: ㊊ Ξ愛愛愛|75/100
|-enditem|p2a: ㊊ Ξ愛愛愛|Choice Scarf|[from] move: Knock Off|[of] p1a: which set?
|move|p2a: ㊊ Ξ愛愛愛|Moonblast|p1a: which set?
|-supereffective|p1a: which set?
|-damage|p1a: which set?|0 fnt
|faint|p1a: which set?
|-end|p1a: which set?|Quark Drive|[silent]
|
|upkeep
|
|t:|1781219761
|switch|p1a: drank|Polteageist|100/100
|turn|9
|
|t:|1781219769
|move|p2a: ㊊ Ξ愛愛愛|Healing Wish|p2a: ㊊ Ξ愛愛愛
|faint|p2a: ㊊ Ξ愛愛愛
|move|p1a: drank|Shell Smash|p1a: drank
|-unboost|p1a: drank|def|1
|-unboost|p1a: drank|spd|1
|-boost|p1a: drank|atk|2
|-boost|p1a: drank|spa|2
|-boost|p1a: drank|spe|2
|
|upkeep
|
|t:|1781219772
|switch|p2a: læstumくまのう|Pecharunt|100/100
|-item|p2a: læstumくまのう|Air Balloon
|turn|10
|
|t:|1781219775
|-terastallize|p2a: læstumくまのう|Dark
|move|p1a: drank|Shadow Ball|p2a: læstumくまのう
|-resisted|p2a: læstumくまのう
|-damage|p2a: læstumくまのう|51/100
|-enditem|p2a: læstumくまのう|Air Balloon
|move|p2a: læstumくまのう|Malignant Chain|p1a: drank
|-resisted|p1a: drank
|-damage|p1a: drank|54/100
|
|upkeep
|turn|11
|
|t:|1781219778
|move|p1a: drank|Shadow Ball|p2a: læstumくまのう
|-resisted|p2a: læstumくまのう
|-damage|p2a: læstumくまのう|4/100
|move|p2a: læstumくまのう|Shadow Ball|p1a: drank
|-supereffective|p1a: drank
|-damage|p1a: drank|0 fnt
|faint|p1a: drank
|
|upkeep
|
|t:|1781219784
|switch|p1a: great donphan|Great Tusk|100/100
|-enditem|p1a: great donphan|Booster Energy
|-activate|p1a: great donphan|ability: Protosynthesis|[fromitem]
|-start|p1a: great donphan|protosynthesisspe
|turn|12
|
|t:|1781219791
|move|p1a: great donphan|Close Combat|p2a: læstumくまのう
|-supereffective|p2a: læstumくまのう
|-damage|p2a: læstumくまのう|0 fnt
|-unboost|p1a: great donphan|def|1
|-unboost|p1a: great donphan|spd|1
|faint|p2a: læstumくまのう
|
|upkeep
|
|t:|1781219797
|switch|p2a: 𝄞𝄢°❀⋆.ೃ࿔*:･|Cresselia, F, shiny|24/100
|-heal|p2a: 𝄞𝄢°❀⋆.ೃ࿔*:･|100/100|[from] move: Healing Wish
|turn|13
|
|t:|1781219802
|move|p1a: great donphan|Close Combat|p2a: 𝄞𝄢°❀⋆.ೃ࿔*:･
|-resisted|p2a: 𝄞𝄢°❀⋆.ೃ࿔*:･
|-damage|p2a: 𝄞𝄢°❀⋆.ೃ࿔*:･|86/100
|-unboost|p1a: great donphan|def|1
|-unboost|p1a: great donphan|spd|1
|move|p2a: 𝄞𝄢°❀⋆.ೃ࿔*:･|Calm Mind|p2a: 𝄞𝄢°❀⋆.ೃ࿔*:･
|-boost|p2a: 𝄞𝄢°❀⋆.ೃ࿔*:･|spa|1
|-boost|p2a: 𝄞𝄢°❀⋆.ೃ࿔*:･|spd|1
|
|-heal|p2a: 𝄞𝄢°❀⋆.ೃ࿔*:･|92/100|[from] item: Leftovers
|upkeep
|turn|14
|
|t:|1781219808
|-end|p1a: great donphan|Protosynthesis|[silent]
|switch|p1a: Dnite|Dragonite, F|100/100
|move|p2a: 𝄞𝄢°❀⋆.ೃ࿔*:･|Calm Mind|p2a: 𝄞𝄢°❀⋆.ೃ࿔*:･
|-boost|p2a: 𝄞𝄢°❀⋆.ೃ࿔*:･|spa|1
|-boost|p2a: 𝄞𝄢°❀⋆.ೃ࿔*:･|spd|1
|
|-heal|p2a: 𝄞𝄢°❀⋆.ೃ࿔*:･|98/100|[from] item: Leftovers
|upkeep
|turn|15
|
|t:|1781219810
|move|p1a: Dnite|Dragon Dance|p1a: Dnite
|-boost|p1a: Dnite|atk|1
|-boost|p1a: Dnite|spe|1
|move|p2a: 𝄞𝄢°❀⋆.ೃ࿔*:･|Stored Power|p1a: Dnite
|-damage|p1a: Dnite|77/100
|
|-heal|p2a: 𝄞𝄢°❀⋆.ೃ࿔*:･|100/100|[from] item: Leftovers
|upkeep
|turn|16
|
|t:|1781219814
|move|p1a: Dnite|Dragon Dance|p1a: Dnite
|-boost|p1a: Dnite|atk|1
|-boost|p1a: Dnite|spe|1
|move|p2a: 𝄞𝄢°❀⋆.ೃ࿔*:･|Moonblast|p1a: Dnite
|-supereffective|p1a: Dnite
|-damage|p1a: Dnite|8/100
|
|upkeep
|turn|17
|-message|portobellomushroom forfeited.
|
|win|cenotaphs
|raw|portobellomushroom's rating: 1674 &rarr; <strong>1652</strong><br />(-22 for losing)
|raw|cenotaphs's rating: 1640 &rarr; <strong>1662</strong><br />(+22 for winning)
|l|☆portobellomushroom
|player|p1|
|l|☆cenotaphs
|player|p2|
