|j|☆overheat xyz
|j|☆jus4funsies
|t:|1781323437
|gametype|singles
|player|p1|overheat xyz|2|1661
|player|p2|jus4funsies|teamrocket|1624
|gen|9
|tier|[Gen 9] OU
|rated|
|rule|HP Percentage Mod: HP is shown in percentages
|rule|Endless Battle Clause: Forcing endless battles is banned
|rule|Species Clause: Limit one of each Pokémon
|rule|OHKO Clause: OHKO moves are banned
|rule|Evasion Items Clause: Evasion items are banned
|rule|Evasion Moves Clause: Evasion moves are banned
|rule|Evasion Abilities Clause: Evasion abilities are banned
|rule|Sleep Moves Clause: Sleep-inducing moves are banned
|clearpoke
|poke|p1|Dragapult, M|
|poke|p1|Gliscor, F|
|poke|p1|Rillaboom, M|
|poke|p1|Slowking-Galar, F|
|poke|p1|Kingambit, M|
|poke|p1|Corviknight, F|
|poke|p2|Samurott-Hisui, F|
|poke|p2|Gholdengo|
|poke|p2|Great Tusk|
|poke|p2|Dragonite, M|
|poke|p2|Raging Bolt|
|poke|p2|Kingambit, M|
|teampreview
|
|t:|1781323453
|teamsize|p1|6
|teamsize|p2|6
|start
|switch|p1a: Rillaboom|Rillaboom, M|100/100
|switch|p2a: Shamiqua|Samurott-Hisui, F|100/100
|-fieldstart|move: Grassy Terrain|[from] ability: Grassy Surge|[of] p1a: Rillaboom
|turn|1
|
|t:|1781323469
|move|p2a: Shamiqua|Ceaseless Edge|p1a: Rillaboom
|-damage|p1a: Rillaboom|49/100
|-sidestart|p1: overheat xyz|Spikes
|move|p1a: Rillaboom|U-turn|p2a: Shamiqua
|-supereffective|p2a: Shamiqua
|-crit|p2a: Shamiqua
|-enditem|p2a: Shamiqua|Focus Sash
|-damage|p2a: Shamiqua|1/100
|
|t:|1781323483
|switch|p1a: Gliscor|Gliscor, F|100/100|[from] U-turn
|
|-heal|p2a: Shamiqua|7/100|[from] Grassy Terrain
|-status|p1a: Gliscor|tox|[from] item: Toxic Orb
|upkeep
|turn|2
|
|t:|1781323487
|switch|p1a: Corviknight|Corviknight, F|100/100
|-ability|p1a: Corviknight|Pressure
|move|p2a: Shamiqua|Ceaseless Edge|p1a: Corviknight
|-damage|p1a: Corviknight|72/100
|-damage|p2a: Shamiqua|0 fnt|[from] item: Rocky Helmet|[of] p1a: Corviknight
|faint|p2a: Shamiqua
|
|upkeep
|
|t:|1781323495
|switch|p2a: Daddy long neck|Raging Bolt|100/100
|-enditem|p2a: Daddy long neck|Booster Energy
|-activate|p2a: Daddy long neck|ability: Protosynthesis|[fromitem]
|-start|p2a: Daddy long neck|protosynthesisspa
|turn|3
|
|t:|1781323506
|switch|p1a: Gliscor|Gliscor, F|100/100 tox
|move|p2a: Daddy long neck|Dragon Pulse|p1a: Gliscor
|-damage|p1a: Gliscor|45/100 tox
|
|-heal|p1a: Gliscor|58/100 tox|[from] ability: Poison Heal
|upkeep
|turn|4
|
|t:|1781323514
|-end|p2a: Daddy long neck|Protosynthesis|[silent]
|switch|p2a: Tyrone|Great Tusk|100/100
|move|p1a: Gliscor|Toxic|p2a: Tyrone
|-status|p2a: Tyrone|tox
|
|-damage|p2a: Tyrone|94/100 tox|[from] psn
|-heal|p1a: Gliscor|70/100 tox|[from] ability: Poison Heal
|upkeep
|turn|5
|
|t:|1781323525
|switch|p1a: Dragapult|Dragapult, M|100/100
|-damage|p1a: Dragapult|88/100|[from] Spikes
|move|p2a: Tyrone|Stealth Rock|p1a: Dragapult
|-sidestart|p1: overheat xyz|move: Stealth Rock
|
|-heal|p1a: Dragapult|94/100|[from] Grassy Terrain
|-heal|p2a: Tyrone|100/100 tox|[from] Grassy Terrain
|-damage|p2a: Tyrone|88/100 tox|[from] psn
|-fieldend|move: Grassy Terrain
|upkeep
|turn|6
|inactive|Battle timer is ON: inactive players will automatically lose when time's up. (requested by jus4funsies)
|
|t:|1781323561
|-end|p2a: Tyrone|Protosynthesis|[silent]
|switch|p2a: WE WUZ|Kingambit, M, shiny|100/100
|-activate|p2a: WE WUZ|ability: Supreme Overlord
|-start|p2a: WE WUZ|fallen1|[silent]
|move|p1a: Dragapult|Draco Meteor|p2a: WE WUZ
|-resisted|p2a: WE WUZ
|-damage|p2a: WE WUZ|49/100
|-unboost|p1a: Dragapult|spa|2
|
|upkeep
|turn|7
|
|t:|1781323575
|switch|p1a: Corviknight|Corviknight, F|72/100
|-damage|p1a: Corviknight|59/100|[from] Stealth Rock
|-ability|p1a: Corviknight|Pressure
|move|p2a: WE WUZ|Kowtow Cleave|p1a: Corviknight
|-damage|p1a: Corviknight|20/100
|-damage|p2a: WE WUZ|33/100|[from] item: Rocky Helmet|[of] p1a: Corviknight
|
|upkeep
|turn|8
|
|t:|1781323582
|move|p2a: WE WUZ|Kowtow Cleave|p1a: Corviknight
|-damage|p1a: Corviknight|0 fnt
|-damage|p2a: WE WUZ|17/100|[from] item: Rocky Helmet|[of] p1a: Corviknight
|faint|p1a: Corviknight
|
|upkeep
|
|t:|1781323589
|switch|p1a: Rillaboom|Rillaboom, M|49/100
|-damage|p1a: Rillaboom|37/100|[from] Spikes
|-damage|p1a: Rillaboom|25/100|[from] Stealth Rock
|-fieldstart|move: Grassy Terrain|[from] ability: Grassy Surge|[of] p1a: Rillaboom
|turn|9
|
|t:|1781323595
|-end|p2a: WE WUZ|fallen1|[silent]
|switch|p2a: DragoniGG|Dragonite, M|100/100
|move|p1a: Rillaboom|Grassy Glide|p2a: DragoniGG
|-resisted|p2a: DragoniGG
|-damage|p2a: DragoniGG|92/100
|
|-heal|p1a: Rillaboom|31/100|[from] Grassy Terrain
|upkeep
|turn|10
|
|t:|1781323605
|switch|p1a: Gliscor|Gliscor, F|70/100 tox
|-damage|p1a: Gliscor|58/100 tox|[from] Stealth Rock
|move|p2a: DragoniGG|Extreme Speed|p1a: Gliscor
|-crit|p1a: Gliscor
|-damage|p1a: Gliscor|18/100 tox
|
|-heal|p1a: Gliscor|30/100 tox|[from] ability: Poison Heal
|upkeep
|turn|11
|
|t:|1781323613
|-terastallize|p2a: DragoniGG|Normal
|move|p2a: DragoniGG|Extreme Speed|p1a: Gliscor
|-damage|p1a: Gliscor|0 fnt
|faint|p1a: Gliscor
|
|-heal|p2a: DragoniGG|99/100|[from] Grassy Terrain
|upkeep
|
|t:|1781323619
|switch|p1a: Kingambit|Kingambit, M|100/100
|-damage|p1a: Kingambit|88/100|[from] Spikes
|-damage|p1a: Kingambit|82/100|[from] Stealth Rock
|-activate|p1a: Kingambit|ability: Supreme Overlord
|-start|p1a: Kingambit|fallen2|[silent]
|turn|12
|
|t:|1781323625
|switch|p2a: Tyrone|Great Tusk|88/100 tox
|-terastallize|p1a: Kingambit|Fairy
|move|p1a: Kingambit|Swords Dance|p1a: Kingambit
|-boost|p1a: Kingambit|atk|2
|
|-heal|p2a: Tyrone|94/100 tox|[from] Grassy Terrain
|-heal|p1a: Kingambit|88/100|[from] Grassy Terrain
|-heal|p1a: Kingambit|94/100|[from] item: Leftovers
|-damage|p2a: Tyrone|88/100 tox|[from] psn
|upkeep
|turn|13
|
|t:|1781323630
|move|p2a: Tyrone|Headlong Rush|p1a: Kingambit
|-damage|p1a: Kingambit|51/100
|-unboost|p2a: Tyrone|def|1
|-unboost|p2a: Tyrone|spd|1
|move|p1a: Kingambit|Iron Head|p2a: Tyrone
|-damage|p2a: Tyrone|0 fnt
|faint|p2a: Tyrone
|-end|p2a: Tyrone|Protosynthesis|[silent]
|
|-heal|p1a: Kingambit|57/100|[from] Grassy Terrain
|-heal|p1a: Kingambit|64/100|[from] item: Leftovers
|-fieldend|move: Grassy Terrain
|upkeep
|
|t:|1781323653
|switch|p2a: Daddy long neck|Raging Bolt|100/100
|turn|14
|-message|overheat xyz forfeited.
|
|win|jus4funsies
|raw|overheat xyz's rating: 1661 &rarr; <strong>1639</strong><br />(-22 for losing)
|raw|jus4funsies's rating: 1624 &rarr; <strong>1646</strong><br />(+22 for winning)
|l|☆overheat xyz
|player|p1|
|l|☆jus4funsies
|player|p2|
