|j|☆PepeNike
|j|☆moocowvin
|t:|1781576058
|gametype|singles
|player|p1|PepeNike|1|1691
|player|p2|moocowvin|riley|1673
|gen|9
|tier|[Gen 9] OU
|rated|
|rule|HP Percentage Mod: HP is shown in percentages
|rule|Endless Battle Clause: Forcing endless battles is banned
|rule|Species Clause: Limit one of each Pokémon
|rule|OHKO Clause: OHKO moves are banned
|rule|Evasion Items Clause: Evasion items are banned
|rule|Evasion Moves Clause: Evasion moves are banned
|rule|Evasion Abilities Clause: Evasion abilities are banned
|rule|Sleep Moves Clause: Sleep-inducing moves are banned
|clearpoke
|poke|p1|Kleavor, M|
|poke|p1|Samurott-Hisui, M|
|poke|p1|Gholdengo|
|poke|p1|Ceruledge, M|
|poke|p1|Greninja-*, M|
|poke|p1|Dragapult, F|
|poke|p2|Iron Moth|
|poke|p2|Greninja-*, M|
|poke|p2|Hatterene, F|
|poke|p2|Gliscor, M|
|poke|p2|Raging Bolt|
|poke|p2|Zamazenta-*|
|teampreview
|inactive|Battle timer is ON: inactive players will automatically lose when time's up. (requested by PepeNike)
|inactive|PepeNike has 120 seconds left.
|
|t:|1781576116
|teamsize|p1|6
|teamsize|p2|6
|start
|switch|p1a: Kleavor|Kleavor, M|100/100
|switch|p2a: Zamazenta|Zamazenta|100/100
|-ability|p2a: Zamazenta|Dauntless Shield|boost
|-boost|p2a: Zamazenta|def|1
|turn|1
|
|t:|1781576126
|move|p2a: Zamazenta|Ice Fang|p1a: Kleavor
|-damage|p1a: Kleavor|77/100
|move|p1a: Kleavor|Stone Axe|p2a: Zamazenta
|-resisted|p2a: Zamazenta
|-damage|p2a: Zamazenta|86/100
|-sidestart|p2: moocowvin|move: Stealth Rock
|
|upkeep
|turn|2
|
|t:|1781576138
|switch|p1a: Dragapult|Dragapult, F|100/100
|move|p2a: Zamazenta|Reflect|p2a: Zamazenta
|-sidestart|p2: moocowvin|Reflect
|
|upkeep
|turn|3
|
|t:|1781576142
|move|p2a: Zamazenta|Light Screen|p2a: Zamazenta
|-sidestart|p2: moocowvin|move: Light Screen
|move|p1a: Dragapult|U-turn|p2a: Zamazenta
|-resisted|p2a: Zamazenta
|-crit|p2a: Zamazenta
|-damage|p2a: Zamazenta|65/100
|
|t:|1781576148
|switch|p1a: Ceruledge|Ceruledge, M|100/100|[from] U-turn
|
|upkeep
|turn|4
|
|t:|1781576155
|switch|p2a: Greninja|Greninja, M|100/100
|-damage|p2a: Greninja|88/100|[from] Stealth Rock
|move|p1a: Ceruledge|Swords Dance|p1a: Ceruledge
|-boost|p1a: Ceruledge|atk|2
|
|-heal|p2a: Greninja|94/100|[from] item: Leftovers
|upkeep
|turn|5
|
|t:|1781576178
|switch|p1a: Samurott|Samurott-Hisui, M|100/100
|-terastallize|p2a: Greninja|Fighting
|move|p2a: Greninja|Liquidation|p1a: Samurott
|-resisted|p1a: Samurott
|-damage|p1a: Samurott|81/100
|
|-heal|p2a: Greninja|99/100|[from] item: Leftovers
|upkeep
|turn|6
|inactive|PepeNike has 120 seconds left.
|
|t:|1781576205
|switch|p1a: Ceruledge|Ceruledge, M|100/100
|move|p2a: Greninja|Swords Dance|p2a: Greninja
|-boost|p2a: Greninja|atk|2
|
|-heal|p2a: Greninja|100/100|[from] item: Leftovers
|upkeep
|turn|7
|inactive|PepeNike has 120 seconds left.
|
|t:|1781576218
|switch|p1a: Samurott|Samurott-Hisui, M|81/100
|move|p2a: Greninja|Liquidation|p1a: Samurott
|-resisted|p1a: Samurott
|-damage|p1a: Samurott|44/100
|
|upkeep
|turn|8
|
|t:|1781576225
|move|p2a: Greninja|Swords Dance|p2a: Greninja
|-boost|p2a: Greninja|atk|2
|move|p1a: Samurott|Ceaseless Edge|p2a: Greninja
|-resisted|p2a: Greninja
|-damage|p2a: Greninja|78/100
|-sidestart|p2: moocowvin|Spikes
|
|-heal|p2a: Greninja|84/100|[from] item: Leftovers
|upkeep
|turn|9
|
|t:|1781576232
|switch|p1a: Ceruledge|Ceruledge, M|100/100
|move|p2a: Greninja|Night Slash|p1a: Ceruledge
|-supereffective|p1a: Ceruledge
|-enditem|p1a: Ceruledge|Focus Sash
|-damage|p1a: Ceruledge|1/100
|-ability|p1a: Ceruledge|Weak Armor|boost
|-unboost|p1a: Ceruledge|def|1
|-boost|p1a: Ceruledge|spe|2
|
|-heal|p2a: Greninja|90/100|[from] item: Leftovers
|-sideend|p2: moocowvin|Reflect
|upkeep
|turn|10
|
|t:|1781576238
|move|p1a: Ceruledge|Poltergeist|p2a: Greninja
|-activate|p2a: Greninja|move: Poltergeist|Leftovers
|-damage|p2a: Greninja|0 fnt
|faint|p2a: Greninja
|
|-sideend|p2: moocowvin|move: Light Screen
|upkeep
|
|t:|1781576241
|switch|p2a: Zamazenta|Zamazenta|65/100
|-damage|p2a: Zamazenta|59/100|[from] Stealth Rock
|-damage|p2a: Zamazenta|47/100|[from] Spikes
|turn|11
|
|t:|1781576244
|move|p1a: Ceruledge|Bitter Blade|p2a: Zamazenta
|-damage|p2a: Zamazenta|9/100
|-heal|p1a: Ceruledge|25/100|[from] drain|[of] p2a: Zamazenta
|move|p2a: Zamazenta|Reflect|p2a: Zamazenta
|-sidestart|p2: moocowvin|Reflect
|
|upkeep
|turn|12
|j| jfhdjdjdnfjdd
|
|t:|1781576251
|move|p1a: Ceruledge|Swords Dance|p1a: Ceruledge
|-boost|p1a: Ceruledge|atk|2
|move|p2a: Zamazenta|Light Screen|p2a: Zamazenta
|-sidestart|p2: moocowvin|move: Light Screen
|
|upkeep
|turn|13
|
|t:|1781576255
|move|p1a: Ceruledge|Bitter Blade|p2a: Zamazenta
|-damage|p2a: Zamazenta|0 fnt
|-heal|p1a: Ceruledge|31/100|[from] drain|[of] p2a: Zamazenta
|faint|p2a: Zamazenta
|
|upkeep
|
|t:|1781576260
|switch|p2a: Raging Bolt|Raging Bolt|100/100
|-damage|p2a: Raging Bolt|88/100|[from] Stealth Rock
|-damage|p2a: Raging Bolt|76/100|[from] Spikes
|-enditem|p2a: Raging Bolt|Booster Energy
|-activate|p2a: Raging Bolt|ability: Protosynthesis|[fromitem]
|-start|p2a: Raging Bolt|protosynthesisspa
|turn|14
|
|t:|1781576264
|move|p1a: Ceruledge|Swords Dance|p1a: Ceruledge
|-boost|p1a: Ceruledge|atk|2
|move|p2a: Raging Bolt|Calm Mind|p2a: Raging Bolt
|-boost|p2a: Raging Bolt|spa|1
|-boost|p2a: Raging Bolt|spd|1
|
|upkeep
|turn|15
|
|t:|1781576266
|move|p1a: Ceruledge|Shadow Sneak|p2a: Raging Bolt
|-damage|p2a: Raging Bolt|46/100
|move|p2a: Raging Bolt|Thunderclap||[still]
|-fail|p2a: Raging Bolt
|
|upkeep
|turn|16
|
|t:|1781576270
|move|p1a: Ceruledge|Bitter Blade|p2a: Raging Bolt
|-resisted|p2a: Raging Bolt
|-damage|p2a: Raging Bolt|8/100
|-heal|p1a: Ceruledge|57/100|[from] drain|[of] p2a: Raging Bolt
|move|p2a: Raging Bolt|Thunderbolt|p1a: Ceruledge
|-damage|p1a: Ceruledge|0 fnt
|faint|p1a: Ceruledge
|
|upkeep
|
|t:|1781576281
|switch|p1a: Dragapult|Dragapult, F|100/100
|turn|17
|
|t:|1781576282
|move|p1a: Dragapult|Sucker Punch|p2a: Raging Bolt
|-damage|p2a: Raging Bolt|0 fnt
|faint|p2a: Raging Bolt
|-end|p2a: Raging Bolt|Protosynthesis|[silent]
|
|upkeep
|
|t:|1781576287
|switch|p2a: Gliscor|Gliscor, M|100/100
|-damage|p2a: Gliscor|88/100|[from] Stealth Rock
|turn|18
|
|t:|1781576290
|switch|p1a: Samurott|Samurott-Hisui, M|44/100
|move|p2a: Gliscor|Agility|p2a: Gliscor
|-boost|p2a: Gliscor|spe|2
|
|-sideend|p2: moocowvin|Reflect
|-status|p2a: Gliscor|tox|[from] item: Toxic Orb
|upkeep
|turn|19
|
|t:|1781576294
|move|p2a: Gliscor|Earthquake|p1a: Samurott
|-damage|p1a: Samurott|0 fnt
|faint|p1a: Samurott
|
|-heal|p2a: Gliscor|100/100 tox|[from] ability: Poison Heal
|-sideend|p2: moocowvin|move: Light Screen
|upkeep
|
|t:|1781576308
|switch|p1a: Greninja|Greninja, M|100/100
|turn|20
|j| Mega Delibird X
|
|t:|1781576314
|-terastallize|p1a: Greninja|Water
|move|p2a: Gliscor|Earthquake|p1a: Greninja
|-damage|p1a: Greninja|32/100
|move|p1a: Greninja|Surf|p2a: Gliscor
|-supereffective|p2a: Gliscor
|-damage|p2a: Gliscor|0 fnt
|faint|p2a: Gliscor
|-ability|p1a: Greninja|Battle Bond|boost
|-boost|p1a: Greninja|atk|1
|-boost|p1a: Greninja|spa|1
|-boost|p1a: Greninja|spe|1
|-activate|p1a: Greninja|ability: Battle Bond
|-damage|p1a: Greninja|22/100|[from] item: Life Orb
|
|upkeep
|
|t:|1781576320
|switch|p2a: Iron Moth|Iron Moth|100/100
|-damage|p2a: Iron Moth|76/100|[from] Stealth Rock
|-damage|p2a: Iron Moth|63/100|[from] Spikes
|-enditem|p2a: Iron Moth|Booster Energy
|-activate|p2a: Iron Moth|ability: Quark Drive|[fromitem]
|-start|p2a: Iron Moth|quarkdrivespe
|turn|21
|
|t:|1781576323
|move|p1a: Greninja|Water Shuriken|p2a: Iron Moth
|-supereffective|p2a: Iron Moth
|-crit|p2a: Iron Moth
|-damage|p2a: Iron Moth|4/100
|-supereffective|p2a: Iron Moth
|-damage|p2a: Iron Moth|0 fnt
|faint|p2a: Iron Moth
|-end|p2a: Iron Moth|Quark Drive|[silent]
|-hitcount|p2: Iron Moth|2
|-damage|p1a: Greninja|12/100|[from] item: Life Orb
|
|upkeep
|-message|moocowvin forfeited.
|
|win|PepeNike
|raw|PepeNike's rating: 1691 &rarr; <strong>1710</strong><br />(+19 for winning)
|raw|moocowvin's rating: 1673 &rarr; <strong>1654</strong><br />(-19 for losing)
|l|☆moocowvin
|player|p2|
|l| Mega Delibird X
|l| jfhdjdjdnfjdd
