|j|☆LowEL0God
|j|☆CDPGuillaume
|t:|1781428720
|gametype|singles
|player|p1|LowEL0God|265|1690
|player|p2|CDPGuillaume|1|1707
|gen|9
|tier|[Gen 9] OU
|rated|
|rule|HP Percentage Mod: HP is shown in percentages
|rule|Endless Battle Clause: Forcing endless battles is banned
|rule|Species Clause: Limit one of each Pokémon
|rule|OHKO Clause: OHKO moves are banned
|rule|Evasion Items Clause: Evasion items are banned
|rule|Evasion Moves Clause: Evasion moves are banned
|rule|Evasion Abilities Clause: Evasion abilities are banned
|rule|Sleep Moves Clause: Sleep-inducing moves are banned
|clearpoke
|poke|p1|Pelipper, F|
|poke|p1|Raging Bolt|
|poke|p1|Overqwil, F|
|poke|p1|Barraskewda, M|
|poke|p1|Iron Treads|
|poke|p1|Kingambit, F|
|poke|p2|Iron Hands|
|poke|p2|Pecharunt|
|poke|p2|Kingambit, M|
|poke|p2|Rillaboom, M|
|poke|p2|Kyurem|
|poke|p2|Cinderace, F|
|teampreview
|c|☆LowEL0God|hf
|inactive|Battle timer is ON: inactive players will automatically lose when time's up. (requested by LowEL0God)
|
|t:|1781428732
|teamsize|p1|6
|teamsize|p2|6
|start
|switch|p1a: Kingambit|Kingambit, F|100/100
|switch|p2a: Kyurem|Kyurem|100/100
|-ability|p2a: Kyurem|Pressure
|turn|1
|
|t:|1781428736
|move|p2a: Kyurem|Earth Power|p1a: Kingambit
|-supereffective|p1a: Kingambit
|-damage|p1a: Kingambit|9/100
|move|p1a: Kingambit|Swords Dance|p1a: Kingambit
|-boost|p1a: Kingambit|atk|2
|
|-heal|p1a: Kingambit|15/100|[from] item: Leftovers
|upkeep
|turn|2
|
|t:|1781428740
|switch|p2a: Pecharunt|Pecharunt|100/100
|move|p1a: Kingambit|Sucker Punch||[still]
|-fail|p1a: Kingambit
|
|-heal|p1a: Kingambit|22/100|[from] item: Leftovers
|upkeep
|turn|3
|
|t:|1781428748
|move|p2a: Pecharunt|Shadow Ball|p1a: Kingambit
|-resisted|p1a: Kingambit
|-damage|p1a: Kingambit|9/100
|move|p1a: Kingambit|Kowtow Cleave|p2a: Pecharunt
|-supereffective|p2a: Pecharunt
|-damage|p2a: Pecharunt|0 fnt
|-damage|p1a: Kingambit|0 fnt|[from] item: Rocky Helmet|[of] p2a: Pecharunt
|faint|p2a: Pecharunt
|faint|p1a: Kingambit
|-end|p1a: Kingambit|fallenundefined|[silent]
|
|upkeep
|inactive|CDPGuillaume has 120 seconds left.
|
|t:|1781428802
|switch|p2a: Rillaboom|Rillaboom, M|100/100
|switch|p1a: Iron Treads|Iron Treads|100/100
|-fieldstart|move: Grassy Terrain|[from] ability: Grassy Surge|[of] p2a: Rillaboom
|-enditem|p1a: Iron Treads|Booster Energy
|-activate|p1a: Iron Treads|ability: Quark Drive|[fromitem]
|-start|p1a: Iron Treads|quarkdrivespe
|turn|4
|inactive|CDPGuillaume has 90 seconds left.
|
|t:|1781428849
|-end|p1a: Iron Treads|Quark Drive|[silent]
|switch|p1a: Pelipper|Pelipper, F|100/100
|-weather|RainDance|[from] ability: Drizzle|[of] p1a: Pelipper
|move|p2a: Rillaboom|Grassy Glide|p1a: Pelipper
|-damage|p1a: Pelipper|52/100
|
|-weather|RainDance|[upkeep]
|upkeep
|turn|5
|
|t:|1781428861
|switch|p2a: Iron Hands|Iron Hands|100/100
|move|p1a: Pelipper|Hurricane|p2a: Iron Hands
|-damage|p2a: Iron Hands|80/100
|
|-weather|RainDance|[upkeep]
|-heal|p2a: Iron Hands|86/100|[from] Grassy Terrain
|upkeep
|turn|6
|
|t:|1781428872
|move|p2a: Iron Hands|Drain Punch|p1a: Pelipper
|-resisted|p1a: Pelipper
|-damage|p1a: Pelipper|35/100
|-heal|p2a: Iron Hands|92/100|[from] drain|[of] p1a: Pelipper
|move|p1a: Pelipper|Roost|p1a: Pelipper
|-heal|p1a: Pelipper|86/100
|-singleturn|p1a: Pelipper|move: Roost
|
|-weather|RainDance|[upkeep]
|-heal|p2a: Iron Hands|98/100|[from] Grassy Terrain
|-heal|p1a: Pelipper|92/100|[from] Grassy Terrain
|upkeep
|turn|7
|
|t:|1781428876
|switch|p1a: Raging Bolt|Raging Bolt|100/100
|-enditem|p1a: Raging Bolt|Booster Energy
|-activate|p1a: Raging Bolt|ability: Protosynthesis|[fromitem]
|-start|p1a: Raging Bolt|protosynthesisspa
|move|p2a: Iron Hands|Supercell Slam|p1a: Raging Bolt
|-resisted|p1a: Raging Bolt
|-damage|p1a: Raging Bolt|88/100
|
|-weather|RainDance|[upkeep]
|-heal|p1a: Raging Bolt|94/100|[from] Grassy Terrain
|-heal|p2a: Iron Hands|100/100|[from] Grassy Terrain
|upkeep
|turn|8
|
|t:|1781428882
|move|p1a: Raging Bolt|Weather Ball|p2a: Iron Hands
|-damage|p2a: Iron Hands|58/100
|move|p2a: Iron Hands|Ice Punch|p1a: Raging Bolt
|-supereffective|p1a: Raging Bolt
|-damage|p1a: Raging Bolt|43/100
|
|-weather|RainDance|[upkeep]
|-heal|p1a: Raging Bolt|50/100|[from] Grassy Terrain
|-heal|p2a: Iron Hands|64/100|[from] Grassy Terrain
|-fieldend|move: Grassy Terrain
|upkeep
|turn|9
|
|t:|1781428885
|move|p1a: Raging Bolt|Weather Ball|p2a: Iron Hands
|-damage|p2a: Iron Hands|26/100
|move|p2a: Iron Hands|Earthquake|p1a: Raging Bolt
|-supereffective|p1a: Raging Bolt
|-damage|p1a: Raging Bolt|0 fnt
|faint|p1a: Raging Bolt
|-end|p1a: Raging Bolt|Protosynthesis|[silent]
|
|-weather|RainDance|[upkeep]
|upkeep
|
|t:|1781428886
|switch|p1a: Barraskewda|Barraskewda, M|100/100
|turn|10
|
|t:|1781428890
|move|p1a: Barraskewda|Flip Turn|p2a: Iron Hands
|-damage|p2a: Iron Hands|0 fnt
|faint|p2a: Iron Hands
|-end|p2a: Iron Hands|Quark Drive|[silent]
|
|t:|1781428890
|switch|p1a: Overqwil|Overqwil, F|100/100|[from] Flip Turn
|
|-weather|RainDance|[upkeep]
|upkeep
|
|t:|1781428909
|switch|p2a: Kyurem|Kyurem|100/100
|-ability|p2a: Kyurem|Pressure
|turn|11
|
|t:|1781428928
|move|p1a: Overqwil|Gunk Shot|p2a: Kyurem
|-damage|p2a: Kyurem|28/100
|-damage|p1a: Overqwil|91/100|[from] item: Life Orb
|move|p2a: Kyurem|Ice Beam|p1a: Overqwil
|-damage|p1a: Overqwil|0 fnt
|faint|p1a: Overqwil
|
|-weather|none
|upkeep
|
|t:|1781428929
|switch|p1a: Barraskewda|Barraskewda, M|100/100
|turn|12
|
|t:|1781428936
|switch|p2a: Rillaboom|Rillaboom, M|100/100
|-fieldstart|move: Grassy Terrain|[from] ability: Grassy Surge|[of] p2a: Rillaboom
|move|p1a: Barraskewda|Close Combat|p2a: Rillaboom
|-crit|p2a: Rillaboom
|-damage|p2a: Rillaboom|23/100
|-unboost|p1a: Barraskewda|def|1
|-unboost|p1a: Barraskewda|spd|1
|
|-heal|p2a: Rillaboom|30/100|[from] Grassy Terrain
|upkeep
|turn|13
|
|t:|1781428941
|switch|p1a: Pelipper|Pelipper, F|92/100
|-weather|RainDance|[from] ability: Drizzle|[of] p1a: Pelipper
|move|p2a: Rillaboom|Grassy Glide|p1a: Pelipper
|-damage|p1a: Pelipper|48/100
|
|-weather|RainDance|[upkeep]
|-heal|p2a: Rillaboom|36/100|[from] Grassy Terrain
|upkeep
|turn|14
|inactive|CDPGuillaume has 120 seconds left.
|
|t:|1781428947
|-terastallize|p2a: Rillaboom|Grass
|move|p2a: Rillaboom|Grassy Glide|p1a: Pelipper
|-damage|p1a: Pelipper|0 fnt
|faint|p1a: Pelipper
|
|-weather|RainDance|[upkeep]
|-heal|p2a: Rillaboom|42/100|[from] Grassy Terrain
|upkeep
|
|t:|1781428947
|switch|p1a: Iron Treads|Iron Treads|100/100
|turn|15
|
|t:|1781428950
|switch|p2a: Kingambit|Kingambit, M|100/100
|-activate|p2a: Kingambit|ability: Supreme Overlord
|-start|p2a: Kingambit|fallen2|[silent]
|move|p1a: Iron Treads|Steel Beam|p2a: Kingambit
|-resisted|p2a: Kingambit
|-damage|p2a: Kingambit|72/100
|-damage|p1a: Iron Treads|50/100|[from] steelbeam
|
|-weather|RainDance|[upkeep]
|-heal|p1a: Iron Treads|57/100|[from] Grassy Terrain
|-heal|p2a: Kingambit|78/100|[from] Grassy Terrain
|-heal|p2a: Kingambit|85/100|[from] item: Leftovers
|upkeep
|turn|16
|
|t:|1781428953
|move|p1a: Iron Treads|Earth Power|p2a: Kingambit
|-supereffective|p2a: Kingambit
|-damage|p2a: Kingambit|13/100
|move|p2a: Kingambit|Kowtow Cleave|p1a: Iron Treads
|-damage|p1a: Iron Treads|5/100
|
|-weather|RainDance|[upkeep]
|-heal|p1a: Iron Treads|11/100|[from] Grassy Terrain
|-heal|p2a: Kingambit|19/100|[from] Grassy Terrain
|-heal|p2a: Kingambit|25/100|[from] item: Leftovers
|-fieldend|move: Grassy Terrain
|upkeep
|turn|17
|
|t:|1781428958
|move|p1a: Iron Treads|Earth Power|p2a: Kingambit
|-supereffective|p2a: Kingambit
|-damage|p2a: Kingambit|0 fnt
|faint|p2a: Kingambit
|-end|p2a: Kingambit|fallen2|[silent]
|
|-weather|RainDance|[upkeep]
|upkeep
|
|t:|1781428962
|switch|p2a: Rillaboom|Rillaboom, M, tera:Grass|42/100
|-fieldstart|move: Grassy Terrain|[from] ability: Grassy Surge|[of] p2a: Rillaboom
|turn|18
|
|t:|1781428967
|-end|p1a: Iron Treads|Quark Drive|[silent]
|switch|p1a: Barraskewda|Barraskewda, M|100/100
|move|p2a: Rillaboom|Grassy Glide|p1a: Barraskewda
|-supereffective|p1a: Barraskewda
|-damage|p1a: Barraskewda|0 fnt
|faint|p1a: Barraskewda
|
|-weather|RainDance|[upkeep]
|-heal|p2a: Rillaboom|48/100|[from] Grassy Terrain
|upkeep
|
|t:|1781428967
|switch|p1a: Iron Treads|Iron Treads|11/100
|turn|19
|
|t:|1781428970
|-terastallize|p1a: Iron Treads|Ghost
|move|p2a: Rillaboom|Grassy Glide|p1a: Iron Treads
|-damage|p1a: Iron Treads|0 fnt
|faint|p1a: Iron Treads
|-end|p1a: Iron Treads|Quark Drive|[silent]
|
|win|CDPGuillaume
|raw|LowEL0God's rating: 1690 &rarr; <strong>1671</strong><br />(-19 for losing)
|raw|CDPGuillaume's rating: 1707 &rarr; <strong>1726</strong><br />(+19 for winning)
|l|☆CDPGuillaume
|player|p2|
|c|☆LowEL0God|gg
|l|☆LowEL0God
|player|p1|
