|j|☆Weirdo to top
|j|☆LowEL0God
|t:|1780987893
|gametype|singles
|player|p1|Weirdo to top|clerk-boss|1543
|player|p2|LowEL0God|265|1601
|gen|9
|tier|[Gen 9] OU
|rated|
|rule|HP Percentage Mod: HP is shown in percentages
|rule|Endless Battle Clause: Forcing endless battles is banned
|rule|Species Clause: Limit one of each Pokémon
|rule|OHKO Clause: OHKO moves are banned
|rule|Evasion Items Clause: Evasion items are banned
|rule|Evasion Moves Clause: Evasion moves are banned
|rule|Evasion Abilities Clause: Evasion abilities are banned
|rule|Sleep Moves Clause: Sleep-inducing moves are banned
|clearpoke
|poke|p1|Cinderace, M|
|poke|p1|Clefable, M|
|poke|p1|Kyurem|
|poke|p1|Slowking-Galar, M|
|poke|p1|Great Tusk|
|poke|p1|Kingambit, M|
|poke|p2|Pelipper, M|
|poke|p2|Torkoal, M|
|poke|p2|Walking Wake|
|poke|p2|Kyurem|
|poke|p2|Ninetales-Alola, M|
|poke|p2|Ogerpon-Wellspring, F|
|teampreview
|inactive|Battle timer is ON: inactive players will automatically lose when time's up. (requested by Weirdo to top)
|c|☆LowEL0God|hf
|inactive|LowEL0God also wants the timer to be on.
|
|t:|1780987921
|teamsize|p1|6
|teamsize|p2|6
|start
|switch|p1a: Clefable|Clefable, M, shiny|100/100
|switch|p2a: Ninetales|Ninetales-Alola, M|100/100
|-weather|Snowscape|[from] ability: Snow Warning|[of] p2a: Ninetales
|turn|1
|
|t:|1780987924
|move|p2a: Ninetales|Aurora Veil|p2a: Ninetales
|-sidestart|p2: LowEL0God|move: Aurora Veil
|move|p1a: Clefable|Cosmic Power|p1a: Clefable
|-boost|p1a: Clefable|def|1
|-boost|p1a: Clefable|spd|1
|
|-weather|Snowscape|[upkeep]
|upkeep
|turn|2
|
|t:|1780987926
|switch|p2a: Ogerpon|Ogerpon-Wellspring, F|100/100
|move|p1a: Clefable|Cosmic Power|p1a: Clefable
|-boost|p1a: Clefable|def|1
|-boost|p1a: Clefable|spd|1
|
|-weather|Snowscape|[upkeep]
|upkeep
|turn|3
|
|t:|1780987929
|move|p2a: Ogerpon|Swords Dance|p2a: Ogerpon
|-boost|p2a: Ogerpon|atk|2
|move|p1a: Clefable|Cosmic Power|p1a: Clefable
|-boost|p1a: Clefable|def|1
|-boost|p1a: Clefable|spd|1
|
|-weather|Snowscape|[upkeep]
|upkeep
|turn|4
|
|t:|1780987932
|move|p2a: Ogerpon|Ivy Cudgel|p1a: Clefable|[anim] Ivy Cudgel Water
|-damage|p1a: Clefable|62/100
|move|p1a: Clefable|Stored Power|p2a: Ogerpon
|-damage|p2a: Ogerpon|80/100
|
|-weather|Snowscape|[upkeep]
|-heal|p1a: Clefable|68/100|[from] item: Leftovers
|upkeep
|turn|5
|
|t:|1780987948
|move|p2a: Ogerpon|Ivy Cudgel|p1a: Clefable|[anim] Ivy Cudgel Water
|-damage|p1a: Clefable|26/100
|move|p1a: Clefable|Moonlight|p1a: Clefable
|-heal|p1a: Clefable|51/100
|
|-weather|Snowscape|[upkeep]
|-heal|p1a: Clefable|57/100|[from] item: Leftovers
|-sideend|p2: LowEL0God|move: Aurora Veil
|upkeep
|turn|6
|
|t:|1780987952
|move|p2a: Ogerpon|Ivy Cudgel|p1a: Clefable|[anim] Ivy Cudgel Water
|-damage|p1a: Clefable|18/100
|move|p1a: Clefable|Stored Power|p2a: Ogerpon
|-damage|p2a: Ogerpon|39/100
|
|-weather|Snowscape|[upkeep]
|-heal|p1a: Clefable|24/100|[from] item: Leftovers
|upkeep
|turn|7
|
|t:|1780987958
|move|p2a: Ogerpon|Horn Leech|p1a: Clefable
|-damage|p1a: Clefable|0 fnt
|-heal|p2a: Ogerpon|54/100|[from] drain|[of] p1a: Clefable
|faint|p1a: Clefable
|
|-weather|Snowscape|[upkeep]
|upkeep
|
|t:|1780987970
|switch|p1a: Kyurem|Kyurem, shiny|100/100
|-ability|p1a: Kyurem|Pressure
|turn|8
|
|t:|1780987973
|move|p2a: Ogerpon|Play Rough|p1a: Kyurem
|-supereffective|p1a: Kyurem
|-damage|p1a: Kyurem|22/100
|move|p1a: Kyurem|Freeze-Dry|p2a: Ogerpon
|-supereffective|p2a: Ogerpon
|-damage|p2a: Ogerpon|0 fnt
|faint|p2a: Ogerpon
|
|-weather|none
|-heal|p1a: Kyurem|28/100|[from] item: Leftovers
|upkeep
|
|t:|1780987974
|switch|p2a: Ninetales|Ninetales-Alola, M|100/100
|-weather|Snowscape|[from] ability: Snow Warning|[of] p2a: Ninetales
|turn|9
|
|t:|1780987979
|move|p2a: Ninetales|Aurora Veil|p2a: Ninetales
|-sidestart|p2: LowEL0God|move: Aurora Veil
|move|p1a: Kyurem|Substitute|p1a: Kyurem
|-start|p1a: Kyurem|Substitute
|-damage|p1a: Kyurem|3/100
|
|-weather|Snowscape|[upkeep]
|-heal|p1a: Kyurem|9/100|[from] item: Leftovers
|upkeep
|turn|10
|
|t:|1780987983
|move|p2a: Ninetales|Moonblast|p1a: Kyurem
|-supereffective|p1a: Kyurem
|-end|p1a: Kyurem|Substitute
|move|p1a: Kyurem|Earth Power|p2a: Ninetales
|-damage|p2a: Ninetales|88/100
|
|-weather|Snowscape|[upkeep]
|-heal|p1a: Kyurem|15/100|[from] item: Leftovers
|upkeep
|turn|11
|
|t:|1780987987
|move|p2a: Ninetales|Moonblast|p1a: Kyurem
|-supereffective|p1a: Kyurem
|-damage|p1a: Kyurem|0 fnt
|faint|p1a: Kyurem
|
|-weather|Snowscape|[upkeep]
|upkeep
|
|t:|1780987992
|switch|p1a: Cinderace|Cinderace, M|100/100
|turn|12
|
|t:|1780987993
|switch|p2a: Hurricane Spam|Pelipper, M, shiny|100/100
|-weather|RainDance|[from] ability: Drizzle|[of] p2a: Hurricane Spam
|move|p1a: Cinderace|Court Change|p1a: Cinderace
|-start|p1a: Cinderace|typechange|Normal|[from] ability: Libero
|-swapsideconditions
|-activate|p1a: Cinderace|move: Court Change
|
|-weather|RainDance|[upkeep]
|upkeep
|turn|13
|
|t:|1780987997
|move|p1a: Cinderace|U-turn|p2a: Hurricane Spam
|-resisted|p2a: Hurricane Spam
|-damage|p2a: Hurricane Spam|91/100
|
|t:|1780987999
|switch|p1a: Slowking|Slowking-Galar, M, shiny|100/100|[from] U-turn
|move|p2a: Hurricane Spam|Weather Ball|p1a: Slowking
|-damage|p1a: Slowking|70/100
|
|-weather|RainDance|[upkeep]
|-sideend|p1: Weirdo to top|move: Aurora Veil
|upkeep
|turn|14
|
|t:|1780988011
|move|p2a: Hurricane Spam|Weather Ball|p1a: Slowking
|-damage|p1a: Slowking|10/100
|move|p1a: Slowking|Toxic Spikes|p2a: Hurricane Spam
|-sidestart|p2: LowEL0God|move: Toxic Spikes
|
|-weather|RainDance|[upkeep]
|upkeep
|turn|15
|
|t:|1780988019
|move|p2a: Hurricane Spam|Weather Ball|p1a: Slowking
|-damage|p1a: Slowking|0 fnt
|faint|p1a: Slowking
|
|-weather|RainDance|[upkeep]
|upkeep
|
|t:|1780988031
|switch|p1a: Kingambit|Kingambit, M, shiny|100/100
|-activate|p1a: Kingambit|ability: Supreme Overlord
|-start|p1a: Kingambit|fallen3|[silent]
|-item|p1a: Kingambit|Air Balloon
|turn|16
|
|t:|1780988034
|move|p1a: Kingambit|Sucker Punch|p2a: Hurricane Spam
|-damage|p2a: Hurricane Spam|41/100
|move|p2a: Hurricane Spam|Weather Ball|p1a: Kingambit
|-damage|p1a: Kingambit|0 fnt
|-enditem|p1a: Kingambit|Air Balloon
|faint|p1a: Kingambit
|-end|p1a: Kingambit|fallen3|[silent]
|
|-weather|none
|upkeep
|
|t:|1780988042
|switch|p1a: Great Tusk|Great Tusk, shiny|100/100
|turn|17
|
|t:|1780988044
|switch|p2a: Walking Wake|Walking Wake|100/100
|-status|p2a: Walking Wake|psn
|move|p1a: Great Tusk|Rapid Spin|p2a: Walking Wake
|-crit|p2a: Walking Wake
|-damage|p2a: Walking Wake|72/100 psn
|-boost|p1a: Great Tusk|spe|1
|
|-damage|p2a: Walking Wake|60/100 psn|[from] psn
|upkeep
|turn|18
|
|t:|1780988053
|move|p1a: Great Tusk|Headlong Rush|p2a: Walking Wake
|-damage|p2a: Walking Wake|0 fnt
|-unboost|p1a: Great Tusk|def|1
|-unboost|p1a: Great Tusk|spd|1
|faint|p2a: Walking Wake
|-end|p2a: Walking Wake|Protosynthesis|[silent]
|
|upkeep
|
|t:|1780988054
|switch|p2a: Hurricane Spam|Pelipper, M, shiny|41/100
|-weather|RainDance|[from] ability: Drizzle|[of] p2a: Hurricane Spam
|turn|19
|
|t:|1780988059
|move|p1a: Great Tusk|Close Combat|p2a: Hurricane Spam
|-resisted|p2a: Hurricane Spam
|-damage|p2a: Hurricane Spam|8/100
|-unboost|p1a: Great Tusk|def|1
|-unboost|p1a: Great Tusk|spd|1
|move|p2a: Hurricane Spam|Weather Ball|p1a: Great Tusk
|-supereffective|p1a: Great Tusk
|-damage|p1a: Great Tusk|0 fnt
|faint|p1a: Great Tusk
|-end|p1a: Great Tusk|Protosynthesis|[silent]
|
|-weather|RainDance|[upkeep]
|upkeep
|
|t:|1780988063
|switch|p1a: Cinderace|Cinderace, M|100/100
|turn|20
|
|t:|1780988065
|move|p1a: Cinderace|U-turn|p2a: Hurricane Spam
|-start|p1a: Cinderace|typechange|Bug|[from] ability: Libero
|-resisted|p2a: Hurricane Spam
|-damage|p2a: Hurricane Spam|0 fnt
|faint|p2a: Hurricane Spam
|
|-weather|RainDance|[upkeep]
|upkeep
|
|t:|1780988066
|switch|p2a: Torkoal|Torkoal, M|100/100
|-status|p2a: Torkoal|psn
|-weather|SunnyDay|[from] ability: Drought|[of] p2a: Torkoal
|turn|21
|
|t:|1780988071
|-terastallize|p1a: Cinderace|Fire
|move|p1a: Cinderace|Pyro Ball|p2a: Torkoal
|-resisted|p2a: Torkoal
|-damage|p2a: Torkoal|82/100 psn
|move|p2a: Torkoal|Lava Plume|p1a: Cinderace
|-resisted|p1a: Cinderace
|-damage|p1a: Cinderace|76/100
|
|-weather|SunnyDay|[upkeep]
|-damage|p2a: Torkoal|69/100 psn|[from] psn
|upkeep
|turn|22
|-message|Weirdo to top forfeited.
|
|win|LowEL0God
|raw|Weirdo to top's rating: 1543 &rarr; <strong>1526</strong><br />(-17 for losing)
|raw|LowEL0God's rating: 1601 &rarr; <strong>1618</strong><br />(+17 for winning)
|l|☆Weirdo to top
|player|p1|
|c|☆LowEL0God|gg
|l|☆LowEL0God
|player|p2|
