|j|☆OUZQ Crocodile
|j|☆wubbybubbyjr
|t:|1780988307
|gametype|singles
|player|p1|OUZQ Crocodile|101|1720
|player|p2|wubbybubbyjr|preschooler|1774
|gen|9
|tier|[Gen 9] OU
|rated|
|rule|HP Percentage Mod: HP is shown in percentages
|rule|Endless Battle Clause: Forcing endless battles is banned
|rule|Species Clause: Limit one of each Pokémon
|rule|OHKO Clause: OHKO moves are banned
|rule|Evasion Items Clause: Evasion items are banned
|rule|Evasion Moves Clause: Evasion moves are banned
|rule|Evasion Abilities Clause: Evasion abilities are banned
|rule|Sleep Moves Clause: Sleep-inducing moves are banned
|clearpoke
|poke|p1|Cresselia, F|
|poke|p1|Zamazenta-*|
|poke|p1|Grimmsnarl, M|
|poke|p1|Raging Bolt|
|poke|p1|Ogerpon-Wellspring, F|
|poke|p1|Glimmora, F|
|poke|p2|Araquanid, M|
|poke|p2|Darkrai|
|poke|p2|Iron Treads|
|poke|p2|Dragonite, F|
|poke|p2|Gholdengo|
|poke|p2|Tornadus-Therian, M|
|teampreview
|inactive|Battle timer is ON: inactive players will automatically lose when time's up. (requested by wubbybubbyjr)
|
|t:|1780988326
|teamsize|p1|6
|teamsize|p2|6
|start
|switch|p1a: Grimmsnarl|Grimmsnarl, M|100/100
|switch|p2a: da golden boi|Gholdengo|100/100
|turn|1
|
|t:|1780988335
|move|p1a: Grimmsnarl|Light Screen|p1a: Grimmsnarl
|-sidestart|p1: OUZQ Crocodile|move: Light Screen
|move|p2a: da golden boi|Nasty Plot|p2a: da golden boi
|-boost|p2a: da golden boi|spa|2
|
|upkeep
|turn|2
|
|t:|1780988338
|switch|p1a: Ogerpon|Ogerpon-Wellspring, F|100/100
|move|p2a: da golden boi|Make It Rain|p1a: Ogerpon
|-resisted|p1a: Ogerpon
|-crit|p1a: Ogerpon
|-damage|p1a: Ogerpon|0 fnt
|-unboost|p2a: da golden boi|spa|1
|faint|p1a: Ogerpon
|
|upkeep
|
|t:|1780988342
|switch|p1a: Raging Bolt|Raging Bolt|100/100
|-enditem|p1a: Raging Bolt|Booster Energy
|-activate|p1a: Raging Bolt|ability: Protosynthesis|[fromitem]
|-start|p1a: Raging Bolt|protosynthesisspa
|turn|3
|
|t:|1780988348
|switch|p2a: dumbo|Iron Treads|100/100
|move|p1a: Raging Bolt|Calm Mind|p1a: Raging Bolt
|-boost|p1a: Raging Bolt|spa|1
|-boost|p1a: Raging Bolt|spd|1
|
|upkeep
|turn|4
|
|t:|1780988372
|move|p2a: dumbo|Stealth Rock|p1a: Raging Bolt
|-sidestart|p1: OUZQ Crocodile|move: Stealth Rock
|move|p1a: Raging Bolt|Draco Meteor|p2a: dumbo
|-resisted|p2a: dumbo
|-damage|p2a: dumbo|0 fnt
|-unboost|p1a: Raging Bolt|spa|2
|faint|p2a: dumbo
|-end|p2a: dumbo|Quark Drive|[silent]
|
|upkeep
|j| pablo8816
|
|t:|1780988393
|switch|p2a: big nid|Araquanid, M|100/100
|turn|5
|
|t:|1780988397
|move|p1a: Raging Bolt|Calm Mind|p1a: Raging Bolt
|-boost|p1a: Raging Bolt|spa|1
|-boost|p1a: Raging Bolt|spd|1
|move|p2a: big nid|Sticky Web|p1a: Raging Bolt
|-sidestart|p1: OUZQ Crocodile|move: Sticky Web
|
|upkeep
|turn|6
|inactive|wubbybubbyjr has 120 seconds left.
|
|t:|1780988427
|switch|p2a: barney|Dragonite, F|100/100
|move|p1a: Raging Bolt|Thunderbolt|p2a: barney
|-damage|p2a: barney|63/100
|
|upkeep
|turn|7
|
|t:|1780988449
|switch|p2a: big nid|Araquanid, M|100/100
|move|p1a: Raging Bolt|Thunderbolt|p2a: big nid
|-supereffective|p2a: big nid
|-damage|p2a: big nid|0 fnt
|faint|p2a: big nid
|
|upkeep
|
|t:|1780988458
|switch|p2a: barney|Dragonite, F|63/100
|turn|8
|
|t:|1780988462
|move|p2a: barney|Outrage|p1a: Raging Bolt
|-supereffective|p1a: Raging Bolt
|-damage|p1a: Raging Bolt|0 fnt
|faint|p1a: Raging Bolt
|-end|p1a: Raging Bolt|Protosynthesis|[silent]
|
|-sideend|p1: OUZQ Crocodile|move: Light Screen
|upkeep
|
|t:|1780988465
|switch|p1a: Grimmsnarl|Grimmsnarl, M|100/100
|-damage|p1a: Grimmsnarl|88/100|[from] Stealth Rock
|-activate|p1a: Grimmsnarl|move: Sticky Web
|-unboost|p1a: Grimmsnarl|spe|1
|turn|9
|
|t:|1780988467
|move|p1a: Grimmsnarl|Light Screen|p1a: Grimmsnarl
|-sidestart|p1: OUZQ Crocodile|move: Light Screen
|move|p2a: barney|Outrage|p1a: Grimmsnarl|[from] lockedmove
|-immune|p1a: Grimmsnarl
|
|upkeep
|turn|10
|
|t:|1780988470
|switch|p2a: da golden boi|Gholdengo|100/100
|move|p1a: Grimmsnarl|Reflect|p1a: Grimmsnarl
|-sidestart|p1: OUZQ Crocodile|Reflect
|
|upkeep
|turn|11
|j| mawaruru
|inactive|OUZQ Crocodile has 120 seconds left.
|
|t:|1780988502
|switch|p1a: Zamazenta|Zamazenta|100/100
|-damage|p1a: Zamazenta|94/100|[from] Stealth Rock
|-activate|p1a: Zamazenta|move: Sticky Web
|-unboost|p1a: Zamazenta|spe|1
|-ability|p1a: Zamazenta|Dauntless Shield|boost
|-boost|p1a: Zamazenta|def|1
|move|p2a: da golden boi|Nasty Plot|p2a: da golden boi
|-boost|p2a: da golden boi|spa|2
|
|-heal|p1a: Zamazenta|100/100|[from] item: Leftovers
|upkeep
|turn|12
|inactive|OUZQ Crocodile has 120 seconds left.
|
|t:|1780988522
|-terastallize|p1a: Zamazenta|Fire
|move|p1a: Zamazenta|Crunch|p2a: da golden boi
|-supereffective|p2a: da golden boi
|-damage|p2a: da golden boi|53/100
|move|p2a: da golden boi|Nasty Plot|p2a: da golden boi
|-boost|p2a: da golden boi|spa|2
|
|upkeep
|turn|13
|
|t:|1780988534
|move|p1a: Zamazenta|Crunch|p2a: da golden boi
|-supereffective|p2a: da golden boi
|-damage|p2a: da golden boi|3/100
|move|p2a: da golden boi|Shadow Ball|p1a: Zamazenta
|-damage|p1a: Zamazenta|39/100
|
|-heal|p1a: Zamazenta|45/100|[from] item: Leftovers
|upkeep
|turn|14
|inactive|OUZQ Crocodile has 120 seconds left.
|
|t:|1780988548
|switch|p2a: bird jesus|Tornadus-Therian, M|100/100
|move|p1a: Zamazenta|Crunch|p2a: bird jesus
|-damage|p2a: bird jesus|72/100
|-unboost|p2a: bird jesus|def|1
|
|-heal|p1a: Zamazenta|51/100|[from] item: Leftovers
|upkeep
|turn|15
|inactive|OUZQ Crocodile has 120 seconds left.
|
|t:|1780988558
|move|p2a: bird jesus|Bleakwind Storm|p1a: Zamazenta
|-damage|p1a: Zamazenta|24/100
|-unboost|p1a: Zamazenta|spe|1
|-damage|p2a: bird jesus|62/100|[from] item: Life Orb
|move|p1a: Zamazenta|Crunch|p2a: bird jesus
|-damage|p2a: bird jesus|19/100
|
|-heal|p1a: Zamazenta|30/100|[from] item: Leftovers
|upkeep
|turn|16
|
|t:|1780988567
|move|p2a: bird jesus|Bleakwind Storm|p1a: Zamazenta
|-damage|p1a: Zamazenta|4/100
|-damage|p2a: bird jesus|9/100|[from] item: Life Orb
|move|p1a: Zamazenta|Crunch|p2a: bird jesus
|-damage|p2a: bird jesus|0 fnt
|faint|p2a: bird jesus
|
|-heal|p1a: Zamazenta|10/100|[from] item: Leftovers
|-sideend|p1: OUZQ Crocodile|move: Light Screen
|upkeep
|
|t:|1780988573
|switch|p2a: da golden boi|Gholdengo|3/100
|turn|17
|
|t:|1780988577
|move|p2a: da golden boi|Shadow Ball|p1a: Zamazenta
|-damage|p1a: Zamazenta|0 fnt
|faint|p1a: Zamazenta
|
|-sideend|p1: OUZQ Crocodile|Reflect
|upkeep
|
|t:|1780988585
|switch|p1a: Cresselia|Cresselia, F|100/100
|-damage|p1a: Cresselia|88/100|[from] Stealth Rock
|turn|18
|
|t:|1780988590
|move|p2a: da golden boi|Recover|p2a: da golden boi
|-heal|p2a: da golden boi|53/100
|move|p1a: Cresselia|Moonblast|p2a: da golden boi
|-resisted|p2a: da golden boi
|-damage|p2a: da golden boi|42/100
|
|upkeep
|turn|19
|-message|OUZQ Crocodile forfeited.
|
|win|wubbybubbyjr
|raw|OUZQ Crocodile's rating: 1720 &rarr; <strong>1703</strong><br />(-17 for losing)
|raw|wubbybubbyjr's rating: 1774 &rarr; <strong>1791</strong><br />(+17 for winning)
|l|☆OUZQ Crocodile
|player|p1|
|l|☆wubbybubbyjr
|player|p2|
|l| mawaruru
