|j|☆firetall
|j|☆Mr.X&Y97
|t:|1781020873
|gametype|singles
|player|p1|firetall|102|1551
|player|p2|Mr.X&Y97|ingo|1649
|gen|9
|tier|[Gen 9] OU
|rated|
|rule|HP Percentage Mod: HP is shown in percentages
|rule|Endless Battle Clause: Forcing endless battles is banned
|rule|Species Clause: Limit one of each Pokémon
|rule|OHKO Clause: OHKO moves are banned
|rule|Evasion Items Clause: Evasion items are banned
|rule|Evasion Moves Clause: Evasion moves are banned
|rule|Evasion Abilities Clause: Evasion abilities are banned
|rule|Sleep Moves Clause: Sleep-inducing moves are banned
|clearpoke
|poke|p1|Ceruledge, M|
|poke|p1|Kommo-o, M|
|poke|p1|Hatterene, F|
|poke|p1|Deoxys-Speed|
|poke|p1|Ogerpon-Wellspring, F|
|poke|p1|Glimmora, F|
|poke|p2|Lokix, F|
|poke|p2|Great Tusk|
|poke|p2|Hydrapple, M|
|poke|p2|Tornadus-Therian, M|
|poke|p2|Ogerpon-Cornerstone, F|
|poke|p2|Weezing-Galar, M|
|teampreview
|inactive|Battle timer is ON: inactive players will automatically lose when time's up. (requested by Mr.X&Y97)
|
|t:|1781020897
|teamsize|p1|6
|teamsize|p2|6
|start
|switch|p1a: Glimmora|Glimmora, F|100/100
|switch|p2a: Great Tusk|Great Tusk|100/100
|turn|1
|
|t:|1781020912
|move|p2a: Great Tusk|Rapid Spin|p1a: Glimmora
|-resisted|p1a: Glimmora
|-damage|p1a: Glimmora|90/100
|-boost|p2a: Great Tusk|spe|1
|-activate|p1a: Glimmora|ability: Toxic Debris
|-sidestart|p2: Mr.X&Y97|move: Toxic Spikes
|-sideend|p2: Mr.X&Y97|Toxic Spikes|[from] move: Rapid Spin|[of] p2a: Great Tusk
|move|p1a: Glimmora|Meteor Beam||[still]
|-prepare|p1a: Glimmora|Meteor Beam
|-boost|p1a: Glimmora|spa|1
|-enditem|p1a: Glimmora|Power Herb
|-anim|p1a: Glimmora|Meteor Beam|p2a: Great Tusk|[miss]
|-miss|p1a: Glimmora|p2a: Great Tusk
|
|upkeep
|turn|2
|
|t:|1781020935
|switch|p1a: Ogerpon|Ogerpon-Wellspring, F|100/100
|move|p2a: Great Tusk|Headlong Rush|p1a: Ogerpon
|-resisted|p1a: Ogerpon
|-damage|p1a: Ogerpon|60/100
|-unboost|p2a: Great Tusk|def|1
|-unboost|p2a: Great Tusk|spd|1
|
|upkeep
|turn|3
|
|t:|1781020946
|-end|p2a: Great Tusk|Protosynthesis|[silent]
|switch|p2a: Hydrapple|Hydrapple, M|100/100
|move|p1a: Ogerpon|Swords Dance|p1a: Ogerpon
|-boost|p1a: Ogerpon|atk|2
|
|upkeep
|turn|4
|
|t:|1781020961
|move|p1a: Ogerpon|Play Rough|p2a: Hydrapple
|-supereffective|p2a: Hydrapple
|-damage|p2a: Hydrapple|11/100
|move|p2a: Hydrapple|Fickle Beam|p1a: Ogerpon
|-damage|p1a: Ogerpon|20/100
|
|upkeep
|turn|5
|
|t:|1781020988
|switch|p1a: Deoxys|Deoxys-Speed|100/100
|-ability|p1a: Deoxys|Pressure
|move|p2a: Hydrapple|Fickle Beam|p1a: Deoxys
|-crit|p1a: Deoxys
|-damage|p1a: Deoxys|42/100
|
|upkeep
|turn|6
|
|t:|1781020996
|switch|p2a: Tornadus|Tornadus-Therian, M|100/100
|move|p1a: Deoxys|Light Screen|p1a: Deoxys
|-sidestart|p1: firetall|move: Light Screen
|
|upkeep
|turn|7
|
|t:|1781021003
|move|p1a: Deoxys|Reflect|p1a: Deoxys
|-sidestart|p1: firetall|Reflect
|move|p2a: Tornadus|U-turn|p1a: Deoxys
|-supereffective|p1a: Deoxys
|-damage|p1a: Deoxys|26/100
|
|t:|1781021021
|switch|p2a: Lokix|Lokix, F|100/100|[from] U-turn
|
|upkeep
|turn|8
|
|t:|1781021028
|switch|p2a: Hydrapple|Hydrapple, M|45/100
|move|p1a: Deoxys|Teleport|p1a: Deoxys
|
|t:|1781021039
|switch|p1a: Kommo-o|Kommo-o, M|100/100|[from] Teleport
|
|upkeep
|turn|9
|
|t:|1781021045
|-terastallize|p1a: Kommo-o|Ghost
|move|p1a: Kommo-o|Clangorous Soul|p1a: Kommo-o
|-boost|p1a: Kommo-o|atk|1
|-boost|p1a: Kommo-o|def|1
|-boost|p1a: Kommo-o|spa|1
|-boost|p1a: Kommo-o|spd|1
|-boost|p1a: Kommo-o|spe|1
|-damage|p1a: Kommo-o|68/100
|move|p2a: Hydrapple|Fickle Beam|p1a: Kommo-o
|-crit|p1a: Kommo-o
|-damage|p1a: Kommo-o|10/100
|
|-heal|p1a: Kommo-o|16/100|[from] item: Leftovers
|upkeep
|turn|10
|
|t:|1781021061
|switch|p2a: Tornadus|Tornadus-Therian, M|100/100
|move|p1a: Kommo-o|Drain Punch|p2a: Tornadus
|-resisted|p2a: Tornadus
|-damage|p2a: Tornadus|69/100
|-heal|p1a: Kommo-o|36/100|[from] drain|[of] p2a: Tornadus
|
|-heal|p1a: Kommo-o|42/100|[from] item: Leftovers
|upkeep
|turn|11
|
|t:|1781021074
|move|p1a: Kommo-o|Substitute|p1a: Kommo-o
|-start|p1a: Kommo-o|Substitute
|-damage|p1a: Kommo-o|17/100
|move|p2a: Tornadus|Knock Off|p1a: Kommo-o
|-supereffective|p1a: Kommo-o
|-activate|p1a: Kommo-o|move: Substitute|[damage]
|
|-heal|p1a: Kommo-o|23/100|[from] item: Leftovers
|upkeep
|turn|12
|
|t:|1781021086
|move|p1a: Kommo-o|Drain Punch|p2a: Tornadus
|-resisted|p2a: Tornadus
|-damage|p2a: Tornadus|42/100
|-heal|p1a: Kommo-o|40/100|[from] drain|[of] p2a: Tornadus
|move|p2a: Tornadus|Knock Off|p1a: Kommo-o
|-supereffective|p1a: Kommo-o
|-end|p1a: Kommo-o|Substitute
|
|-heal|p1a: Kommo-o|46/100|[from] item: Leftovers
|upkeep
|turn|13
|inactive|Mr.X&Y97 has 120 seconds left.
|
|t:|1781021116
|move|p1a: Kommo-o|Substitute|p1a: Kommo-o
|-start|p1a: Kommo-o|Substitute
|-damage|p1a: Kommo-o|21/100
|move|p2a: Tornadus|Bleakwind Storm|p1a: Kommo-o
|-activate|p1a: Kommo-o|move: Substitute|[damage]
|
|-heal|p1a: Kommo-o|28/100|[from] item: Leftovers
|-sideend|p1: firetall|move: Light Screen
|upkeep
|turn|14
|
|t:|1781021125
|switch|p2a: Weezing|Weezing-Galar, M|100/100
|-ability|p2a: Weezing|Neutralizing Gas
|move|p1a: Kommo-o|Shadow Claw|p2a: Weezing
|-damage|p2a: Weezing|71/100
|
|-heal|p1a: Kommo-o|34/100|[from] item: Leftovers
|-sideend|p1: firetall|Reflect
|upkeep
|turn|15
|
|t:|1781021140
|move|p1a: Kommo-o|Shadow Claw|p2a: Weezing
|-damage|p2a: Weezing|41/100
|move|p2a: Weezing|Strange Steam|p1a: Kommo-o
|-end|p1a: Kommo-o|Substitute
|
|-heal|p1a: Kommo-o|40/100|[from] item: Leftovers
|upkeep
|turn|16
|
|t:|1781021153
|move|p1a: Kommo-o|Substitute|p1a: Kommo-o
|-start|p1a: Kommo-o|Substitute
|-damage|p1a: Kommo-o|15/100
|move|p2a: Weezing|Strange Steam|p1a: Kommo-o
|-activate|p1a: Kommo-o|move: Substitute|[damage]
|
|-heal|p1a: Kommo-o|21/100|[from] item: Leftovers
|upkeep
|turn|17
|
|t:|1781021164
|move|p1a: Kommo-o|Drain Punch|p2a: Weezing
|-resisted|p2a: Weezing
|-damage|p2a: Weezing|33/100
|-heal|p1a: Kommo-o|26/100|[from] drain|[of] p2a: Weezing
|move|p2a: Weezing|Strange Steam|p1a: Kommo-o
|-end|p1a: Kommo-o|Substitute
|
|-heal|p1a: Kommo-o|32/100|[from] item: Leftovers
|upkeep
|turn|18
|inactive|Mr.X&Y97 has 120 seconds left.
|
|t:|1781021210
|move|p1a: Kommo-o|Substitute|p1a: Kommo-o
|-start|p1a: Kommo-o|Substitute
|-damage|p1a: Kommo-o|7/100
|move|p2a: Weezing|Strange Steam|p1a: Kommo-o
|-activate|p1a: Kommo-o|move: Substitute|[damage]
|
|-heal|p1a: Kommo-o|14/100|[from] item: Leftovers
|upkeep
|turn|19
|
|t:|1781021217
|move|p1a: Kommo-o|Shadow Claw|p2a: Weezing
|-damage|p2a: Weezing|0 fnt
|faint|p2a: Weezing
|-end|p2a: Weezing|ability: Neutralizing Gas
|
|-heal|p1a: Kommo-o|20/100|[from] item: Leftovers
|upkeep
|inactive|Mr.X&Y97 has 90 seconds left.
|
|t:|1781021252
|switch|p2a: Tornadus|Tornadus-Therian, M|75/100
|turn|20
|
|t:|1781021263
|move|p1a: Kommo-o|Shadow Claw|p2a: Tornadus
|-damage|p2a: Tornadus|18/100
|move|p2a: Tornadus|Bleakwind Storm|p1a: Kommo-o
|-end|p1a: Kommo-o|Substitute
|
|-heal|p1a: Kommo-o|26/100|[from] item: Leftovers
|upkeep
|turn|21
|j| newhere1310
|inactive|Mr.X&Y97 has 90 seconds left.
|
|t:|1781021273
|move|p1a: Kommo-o|Drain Punch|p2a: Tornadus
|-resisted|p2a: Tornadus
|-damage|p2a: Tornadus|0 fnt
|-heal|p1a: Kommo-o|37/100|[from] drain|[of] p2a: Tornadus
|faint|p2a: Tornadus
|
|-heal|p1a: Kommo-o|43/100|[from] item: Leftovers
|upkeep
|inactive|Mr.X&Y97 has 90 seconds left.
|
|t:|1781021286
|switch|p2a: Hydrapple|Hydrapple, M|78/100
|turn|22
|inactive|firetall has 120 seconds left.
|
|t:|1781021319
|move|p1a: Kommo-o|Drain Punch|p2a: Hydrapple
|-damage|p2a: Hydrapple|50/100
|-heal|p1a: Kommo-o|62/100|[from] drain|[of] p2a: Hydrapple
|move|p2a: Hydrapple|Fickle Beam|p1a: Kommo-o
|-damage|p1a: Kommo-o|37/100
|
|-heal|p1a: Kommo-o|43/100|[from] item: Leftovers
|upkeep
|turn|23
|
|t:|1781021332
|-terastallize|p2a: Hydrapple|Poison
|move|p1a: Kommo-o|Drain Punch|p2a: Hydrapple
|-resisted|p2a: Hydrapple
|-damage|p2a: Hydrapple|35/100
|-heal|p1a: Kommo-o|54/100|[from] drain|[of] p2a: Hydrapple
|move|p2a: Hydrapple|Giga Drain|p1a: Kommo-o
|-crit|p1a: Kommo-o
|-damage|p1a: Kommo-o|4/100
|-heal|p2a: Hydrapple|53/100|[from] drain|[of] p1a: Kommo-o
|
|-heal|p1a: Kommo-o|10/100|[from] item: Leftovers
|upkeep
|turn|24
|inactive|firetall has 120 seconds left.
|
|t:|1781021351
|move|p1a: Kommo-o|Shadow Claw|p2a: Hydrapple
|-damage|p2a: Hydrapple|23/100
|move|p2a: Hydrapple|Earth Power|p1a: Kommo-o
|-damage|p1a: Kommo-o|0 fnt
|faint|p1a: Kommo-o
|
|upkeep
|inactive|firetall has 120 seconds left.
|
|t:|1781021380
|switch|p1a: Deoxys|Deoxys-Speed|26/100
|-ability|p1a: Deoxys|Pressure
|turn|25
|
|t:|1781021387
|move|p1a: Deoxys|Reflect|p1a: Deoxys
|-sidestart|p1: firetall|Reflect
|move|p2a: Hydrapple|Fickle Beam|p1a: Deoxys
|-damage|p1a: Deoxys|0 fnt
|faint|p1a: Deoxys
|
|upkeep
|
|t:|1781021402
|switch|p1a: Ogerpon|Ogerpon-Wellspring, F|20/100
|turn|26
|inactive|Mr.X&Y97 has 90 seconds left.
|
|t:|1781021461
|move|p1a: Ogerpon|Ivy Cudgel|p2a: Hydrapple|[anim] Ivy Cudgel Water
|-damage|p2a: Hydrapple|0 fnt
|faint|p2a: Hydrapple
|
|upkeep
|
|t:|1781021464
|switch|p2a: Ogerpon|Ogerpon-Cornerstone, F|100/100
|turn|27
|
|t:|1781021479
|move|p2a: Ogerpon|Ivy Cudgel|p1a: Ogerpon|[anim] Ivy Cudgel Rock
|-damage|p1a: Ogerpon|0 fnt
|faint|p1a: Ogerpon
|
|upkeep
|
|t:|1781021495
|switch|p1a: Glimmora|Glimmora, F|90/100
|turn|28
|
|t:|1781021509
|switch|p2a: Great Tusk|Great Tusk|100/100
|move|p1a: Glimmora|Mortal Spin|p2a: Great Tusk
|-resisted|p2a: Great Tusk
|-damage|p2a: Great Tusk|98/100
|-status|p2a: Great Tusk|psn
|
|-damage|p2a: Great Tusk|86/100 psn|[from] psn
|upkeep
|turn|29
|
|t:|1781021525
|switch|p1a: Ceruledge|Ceruledge, M|100/100
|move|p2a: Great Tusk|Headlong Rush|p1a: Ceruledge
|-supereffective|p1a: Ceruledge
|-damage|p1a: Ceruledge|33/100
|-unboost|p2a: Great Tusk|def|1
|-unboost|p2a: Great Tusk|spd|1
|
|-damage|p2a: Great Tusk|73/100 psn|[from] psn
|upkeep
|turn|30
|inactive|firetall has 90 seconds left.
|
|t:|1781021552
|move|p2a: Great Tusk|Headlong Rush|p1a: Ceruledge
|-supereffective|p1a: Ceruledge
|-damage|p1a: Ceruledge|0 fnt
|-unboost|p2a: Great Tusk|def|1
|-unboost|p2a: Great Tusk|spd|1
|faint|p1a: Ceruledge
|
|-damage|p2a: Great Tusk|61/100 psn|[from] psn
|upkeep
|
|t:|1781021559
|switch|p1a: Hatterene|Hatterene, F|100/100
|turn|31
|inactive|firetall has 90 seconds left.
|inactive|Mr.X&Y97 has 90 seconds left.
|
|t:|1781021580
|-end|p2a: Great Tusk|Protosynthesis|[silent]
|switch|p2a: Ogerpon|Ogerpon-Cornerstone, F|100/100
|move|p1a: Hatterene|Draining Kiss|p2a: Ogerpon
|-damage|p2a: Ogerpon|72/100
|
|upkeep
|turn|32
|
|t:|1781021589
|move|p2a: Ogerpon|Swords Dance|p2a: Ogerpon
|-boost|p2a: Ogerpon|atk|2
|move|p1a: Hatterene|Psychic Noise|p2a: Ogerpon
|-damage|p2a: Ogerpon|33/100
|-start|p2a: Ogerpon|move: Heal Block
|
|-sideend|p1: firetall|Reflect
|upkeep
|turn|33
|inactive|Mr.X&Y97 has 90 seconds left.
|
|t:|1781021596
|move|p2a: Ogerpon|Ivy Cudgel|p1a: Hatterene|[anim] Ivy Cudgel Rock
|-crit|p1a: Hatterene
|-damage|p1a: Hatterene|0 fnt
|faint|p1a: Hatterene
|
|-end|p2a: Ogerpon|move: Heal Block
|upkeep
|l| newhere1310
|inactive|firetall has 90 seconds left.
|inactive|firetall has 60 seconds left.
|inactive|firetall has 30 seconds left.
|inactive|firetall has 20 seconds left.
|inactive|firetall has 15 seconds left.
|inactive|firetall has 10 seconds left.
|inactive|firetall has 5 seconds left.
|-message|firetall lost due to inactivity.
|
|win|Mr.X&Y97
|raw|firetall's rating: 1551 &rarr; <strong>1536</strong><br />(-15 for losing)
|raw|Mr.X&amp;Y97's rating: 1649 &rarr; <strong>1664</strong><br />(+15 for winning)
|l|☆Mr.X&Y97
|player|p2|
|j|☆Mr.X&Y97
|player|p2|Mr.X&Y97|ingo|
