|j|☆Brassendaer
|j|☆Negative1stClass
|t:|1781018653
|gametype|singles
|player|p1|Brassendaer|policeman-gen4|1568
|player|p2|Negative1stClass|hilbert|1530
|gen|9
|tier|[Gen 9] OU
|rated|
|rule|HP Percentage Mod: HP is shown in percentages
|rule|Endless Battle Clause: Forcing endless battles is banned
|rule|Species Clause: Limit one of each Pokémon
|rule|OHKO Clause: OHKO moves are banned
|rule|Evasion Items Clause: Evasion items are banned
|rule|Evasion Moves Clause: Evasion moves are banned
|rule|Evasion Abilities Clause: Evasion abilities are banned
|rule|Sleep Moves Clause: Sleep-inducing moves are banned
|clearpoke
|poke|p1|Clefable, M|
|poke|p1|Mandibuzz, F|
|poke|p1|Tyranitar, M|
|poke|p1|Metagross|
|poke|p1|Greninja-*, M|
|poke|p1|Zamazenta-*|
|poke|p2|Pelipper, M|
|poke|p2|Raging Bolt|
|poke|p2|Overqwil, F|
|poke|p2|Barraskewda, F|
|poke|p2|Iron Treads|
|poke|p2|Azelf|
|teampreview
|inactive|Battle timer is ON: inactive players will automatically lose when time's up. (requested by Negative1stClass)
|inactive|Brassendaer also wants the timer to be on.
|
|t:|1781018658
|teamsize|p1|6
|teamsize|p2|6
|start
|switch|p1a: Metagross|Metagross|100/100
|switch|p2a: Pelipper|Pelipper, M|100/100
|-weather|RainDance|[from] ability: Drizzle|[of] p2a: Pelipper
|turn|1
|
|t:|1781018664
|switch|p2a: Iron Treads|Iron Treads|100/100
|-enditem|p2a: Iron Treads|Booster Energy
|-activate|p2a: Iron Treads|ability: Quark Drive|[fromitem]
|-start|p2a: Iron Treads|quarkdrivespe
|move|p1a: Metagross|Stealth Rock|p2a: Iron Treads
|-sidestart|p2: Negative1stClass|move: Stealth Rock
|
|-weather|RainDance|[upkeep]
|upkeep
|turn|2
|
|t:|1781018667
|switch|p1a: Mandibuzz|Mandibuzz, F|100/100
|move|p2a: Iron Treads|Stealth Rock|p1a: Mandibuzz
|-sidestart|p1: Brassendaer|move: Stealth Rock
|
|-weather|RainDance|[upkeep]
|upkeep
|turn|3
|
|t:|1781018669
|move|p2a: Iron Treads|Rapid Spin|p1a: Mandibuzz
|-damage|p1a: Mandibuzz|94/100
|-boost|p2a: Iron Treads|spe|1
|-sideend|p2: Negative1stClass|Stealth Rock|[from] move: Rapid Spin|[of] p2a: Iron Treads
|move|p1a: Mandibuzz|Foul Play|p2a: Iron Treads
|-damage|p2a: Iron Treads|69/100
|
|-weather|RainDance|[upkeep]
|upkeep
|turn|4
|
|t:|1781018677
|-end|p2a: Iron Treads|Quark Drive|[silent]
|switch|p2a: Raging Bolt|Raging Bolt|100/100
|-enditem|p2a: Raging Bolt|Booster Energy
|-activate|p2a: Raging Bolt|ability: Protosynthesis|[fromitem]
|-start|p2a: Raging Bolt|protosynthesisspa
|move|p1a: Mandibuzz|Defog|p2a: Raging Bolt
|-unboost|p2a: Raging Bolt|evasion|1
|-sideend|p1: Brassendaer|Stealth Rock|[from] move: Defog|[of] p1a: Mandibuzz
|
|-weather|RainDance|[upkeep]
|upkeep
|turn|5
|
|t:|1781018680
|switch|p1a: Clefable|Clefable, M, shiny|100/100
|move|p2a: Raging Bolt|Thunder|p1a: Clefable
|-damage|p1a: Clefable|39/100
|-status|p1a: Clefable|par
|
|-weather|RainDance|[upkeep]
|-heal|p1a: Clefable|45/100 par|[from] item: Leftovers
|upkeep
|turn|6
|
|t:|1781018684
|move|p2a: Raging Bolt|Thunder|p1a: Clefable
|-damage|p1a: Clefable|0 fnt
|faint|p1a: Clefable
|
|-weather|RainDance|[upkeep]
|upkeep
|
|t:|1781018688
|switch|p1a: Tyranitar|Tyranitar, M|100/100
|-weather|Sandstorm|[from] ability: Sand Stream|[of] p1a: Tyranitar
|turn|7
|
|t:|1781018691
|move|p1a: Tyranitar|Knock Off|p2a: Raging Bolt
|-damage|p2a: Raging Bolt|54/100
|move|p2a: Raging Bolt|Draco Meteor|p1a: Tyranitar
|-damage|p1a: Tyranitar|27/100
|-unboost|p2a: Raging Bolt|spa|2
|
|-weather|Sandstorm|[upkeep]
|-damage|p2a: Raging Bolt|48/100|[from] Sandstorm
|upkeep
|turn|8
|
|t:|1781018695
|move|p2a: Raging Bolt|Thunderclap|p1a: Tyranitar
|-damage|p1a: Tyranitar|9/100
|move|p1a: Tyranitar|Knock Off|p2a: Raging Bolt
|-damage|p2a: Raging Bolt|0 fnt
|faint|p2a: Raging Bolt
|-end|p2a: Raging Bolt|Protosynthesis|[silent]
|
|-weather|Sandstorm|[upkeep]
|upkeep
|
|t:|1781018698
|switch|p2a: Pelipper|Pelipper, M|100/100
|-weather|RainDance|[from] ability: Drizzle|[of] p2a: Pelipper
|turn|9
|
|t:|1781018705
|switch|p1a: Metagross|Metagross|100/100
|switch|p2a: Iron Treads|Iron Treads|69/100
|
|-weather|RainDance|[upkeep]
|upkeep
|turn|10
|
|t:|1781018712
|switch|p1a: Mandibuzz|Mandibuzz, F|94/100
|move|p2a: Iron Treads|Stealth Rock|p1a: Mandibuzz
|-sidestart|p1: Brassendaer|move: Stealth Rock
|
|-weather|RainDance|[upkeep]
|upkeep
|turn|11
|
|t:|1781018716
|-end|p2a: Iron Treads|Quark Drive|[silent]
|switch|p2a: Barraskewda|Barraskewda, F|100/100
|move|p1a: Mandibuzz|Knock Off|p2a: Barraskewda
|-damage|p2a: Barraskewda|54/100
|-enditem|p2a: Barraskewda|Choice Band|[from] move: Knock Off|[of] p1a: Mandibuzz
|
|-weather|RainDance|[upkeep]
|upkeep
|turn|12
|
|t:|1781018719
|-terastallize|p1a: Mandibuzz|Water
|move|p2a: Barraskewda|Liquidation|p1a: Mandibuzz
|-resisted|p1a: Mandibuzz
|-damage|p1a: Mandibuzz|73/100
|move|p1a: Mandibuzz|Defog|p2a: Barraskewda
|-unboost|p2a: Barraskewda|evasion|1
|-sideend|p1: Brassendaer|Stealth Rock|[from] move: Defog|[of] p1a: Mandibuzz
|
|-weather|RainDance|[upkeep]
|upkeep
|turn|13
|
|t:|1781018730
|move|p2a: Barraskewda|Close Combat|p1a: Mandibuzz
|-damage|p1a: Mandibuzz|47/100
|-unboost|p2a: Barraskewda|def|1
|-unboost|p2a: Barraskewda|spd|1
|move|p1a: Mandibuzz|Roost|p1a: Mandibuzz
|-heal|p1a: Mandibuzz|97/100
|
|-weather|RainDance|[upkeep]
|upkeep
|turn|14
|
|t:|1781018737
|switch|p2a: Iron Treads|Iron Treads|69/100
|move|p1a: Mandibuzz|Knock Off|p2a: Iron Treads
|-damage|p2a: Iron Treads|54/100
|
|-weather|RainDance|[upkeep]
|upkeep
|turn|15
|
|t:|1781018740
|move|p2a: Iron Treads|Rapid Spin|p1a: Mandibuzz
|-damage|p1a: Mandibuzz|90/100
|-boost|p2a: Iron Treads|spe|1
|move|p1a: Mandibuzz|Foul Play|p2a: Iron Treads
|-damage|p2a: Iron Treads|25/100
|
|-weather|RainDance|[upkeep]
|upkeep
|turn|16
|
|t:|1781018744
|-end|p2a: Iron Treads|Quark Drive|[silent]
|switch|p2a: Overqwil|Overqwil, F|100/100
|move|p1a: Mandibuzz|Foul Play|p2a: Overqwil
|-resisted|p2a: Overqwil
|-damage|p2a: Overqwil|71/100
|
|-weather|none
|upkeep
|turn|17
|
|t:|1781018748
|switch|p2a: Pelipper|Pelipper, M|100/100
|-weather|RainDance|[from] ability: Drizzle|[of] p2a: Pelipper
|switch|p1a: Metagross|Metagross|100/100
|
|-weather|RainDance|[upkeep]
|upkeep
|turn|18
|
|t:|1781018750
|move|p1a: Metagross|Stealth Rock|p2a: Pelipper
|-sidestart|p2: Negative1stClass|move: Stealth Rock
|move|p2a: Pelipper|U-turn|p1a: Metagross
|-damage|p1a: Metagross|94/100
|
|t:|1781018755
|switch|p2a: Overqwil|Overqwil, F|71/100|[from] U-turn
|-damage|p2a: Overqwil|58/100|[from] Stealth Rock
|
|-weather|RainDance|[upkeep]
|upkeep
|turn|19
|
|t:|1781018759
|move|p1a: Metagross|Bullet Punch|p2a: Overqwil
|-damage|p2a: Overqwil|34/100
|move|p2a: Overqwil|Liquidation|p1a: Metagross
|-damage|p1a: Metagross|50/100
|-damage|p2a: Overqwil|25/100|[from] item: Life Orb
|
|-weather|RainDance|[upkeep]
|upkeep
|turn|20
|
|t:|1781018763
|move|p1a: Metagross|Bullet Punch|p2a: Overqwil
|-damage|p2a: Overqwil|1/100
|move|p2a: Overqwil|Crunch|p1a: Metagross
|-supereffective|p1a: Metagross
|-damage|p1a: Metagross|0 fnt
|faint|p1a: Metagross
|-damage|p2a: Overqwil|0 fnt|[from] item: Life Orb
|faint|p2a: Overqwil
|
|-weather|RainDance|[upkeep]
|upkeep
|
|t:|1781018768
|switch|p2a: Barraskewda|Barraskewda, F|54/100
|switch|p1a: Greninja|Greninja, M|100/100
|-damage|p2a: Barraskewda|41/100|[from] Stealth Rock
|turn|21
|
|t:|1781018770
|switch|p1a: Tyranitar|Tyranitar, M|9/100
|-weather|Sandstorm|[from] ability: Sand Stream|[of] p1a: Tyranitar
|move|p2a: Barraskewda|Close Combat|p1a: Tyranitar
|-supereffective|p1a: Tyranitar
|-damage|p1a: Tyranitar|0 fnt
|-unboost|p2a: Barraskewda|def|1
|-unboost|p2a: Barraskewda|spd|1
|faint|p1a: Tyranitar
|
|-weather|Sandstorm|[upkeep]
|-damage|p2a: Barraskewda|35/100|[from] Sandstorm
|upkeep
|
|t:|1781018776
|switch|p1a: Greninja|Greninja, M|100/100
|turn|22
|
|t:|1781018781
|move|p1a: Greninja|Ice Beam|p2a: Barraskewda
|-start|p1a: Greninja|typechange|Ice|[from] ability: Protean
|-resisted|p2a: Barraskewda
|-damage|p2a: Barraskewda|0 fnt
|faint|p2a: Barraskewda
|-damage|p1a: Greninja|91/100|[from] item: Life Orb
|
|-weather|Sandstorm|[upkeep]
|-damage|p1a: Greninja|85/100|[from] Sandstorm
|upkeep
|
|t:|1781018783
|switch|p2a: Pelipper|Pelipper, M|100/100
|-damage|p2a: Pelipper|76/100|[from] Stealth Rock
|-weather|RainDance|[from] ability: Drizzle|[of] p2a: Pelipper
|turn|23
|
|t:|1781018788
|move|p1a: Greninja|Ice Beam|p2a: Pelipper
|-damage|p2a: Pelipper|5/100
|-damage|p1a: Greninja|75/100|[from] item: Life Orb
|move|p2a: Pelipper|Weather Ball|p1a: Greninja
|-damage|p1a: Greninja|0 fnt
|faint|p1a: Greninja
|
|-weather|RainDance|[upkeep]
|upkeep
|
|t:|1781018795
|switch|p1a: Zamazenta|Zamazenta|100/100
|-ability|p1a: Zamazenta|Dauntless Shield|boost
|-boost|p1a: Zamazenta|def|1
|turn|24
|
|t:|1781018798
|move|p1a: Zamazenta|Body Press|p2a: Pelipper
|-resisted|p2a: Pelipper
|-damage|p2a: Pelipper|0 fnt
|faint|p2a: Pelipper
|
|-weather|RainDance|[upkeep]
|upkeep
|
|t:|1781018799
|switch|p2a: Azelf|Azelf|100/100
|-damage|p2a: Azelf|88/100|[from] Stealth Rock
|turn|25
|
|t:|1781018803
|switch|p1a: Mandibuzz|Mandibuzz, F, tera:Water|90/100
|move|p2a: Azelf|Dazzling Gleam|p1a: Mandibuzz
|-damage|p1a: Mandibuzz|67/100
|
|-weather|RainDance|[upkeep]
|upkeep
|turn|26
|
|t:|1781018808
|move|p2a: Azelf|Thunder|p1a: Mandibuzz
|-supereffective|p1a: Mandibuzz
|-damage|p1a: Mandibuzz|3/100
|move|p1a: Mandibuzz|Knock Off|p2a: Azelf
|-supereffective|p2a: Azelf
|-damage|p2a: Azelf|15/100
|-enditem|p2a: Azelf|Focus Sash|[from] move: Knock Off|[of] p1a: Mandibuzz
|
|-weather|RainDance|[upkeep]
|upkeep
|turn|27
|
|t:|1781018813
|move|p2a: Azelf|Thunder|p1a: Mandibuzz
|-supereffective|p1a: Mandibuzz
|-damage|p1a: Mandibuzz|0 fnt
|faint|p1a: Mandibuzz
|
|-weather|RainDance|[upkeep]
|upkeep
|
|t:|1781018815
|switch|p1a: Zamazenta|Zamazenta|100/100
|turn|28
|
|t:|1781018818
|-terastallize|p2a: Azelf|Ghost
|move|p1a: Zamazenta|Crunch|p2a: Azelf
|-supereffective|p2a: Azelf
|-damage|p2a: Azelf|0 fnt
|faint|p2a: Azelf
|
|-weather|RainDance|[upkeep]
|upkeep
|
|t:|1781018820
|switch|p2a: Iron Treads|Iron Treads|25/100
|-damage|p2a: Iron Treads|22/100|[from] Stealth Rock
|turn|29
|
|t:|1781018822
|move|p1a: Zamazenta|Body Press|p2a: Iron Treads
|-supereffective|p2a: Iron Treads
|-damage|p2a: Iron Treads|0 fnt
|faint|p2a: Iron Treads
|-end|p2a: Iron Treads|Quark Drive|[silent]
|
|win|Brassendaer
|raw|Brassendaer's rating: 1568 &rarr; <strong>1586</strong><br />(+18 for winning)
|raw|Negative1stClass's rating: 1530 &rarr; <strong>1512</strong><br />(-18 for losing)
|l|☆Negative1stClass
|player|p2|
|l|☆Brassendaer
|player|p1|
