|j|☆Mca Player 11
|j|☆Dariokemontraining
|t:|1781084899
|gametype|singles
|player|p1|Mca Player 11|skierf|1617
|player|p2|Dariokemontraining|170|1568
|gen|9
|tier|[Gen 9] OU
|rated|
|rule|HP Percentage Mod: HP is shown in percentages
|rule|Endless Battle Clause: Forcing endless battles is banned
|rule|Species Clause: Limit one of each Pokémon
|rule|OHKO Clause: OHKO moves are banned
|rule|Evasion Items Clause: Evasion items are banned
|rule|Evasion Moves Clause: Evasion moves are banned
|rule|Evasion Abilities Clause: Evasion abilities are banned
|rule|Sleep Moves Clause: Sleep-inducing moves are banned
|clearpoke
|poke|p1|Deoxys-Speed|
|poke|p1|Iron Moth|
|poke|p1|Zamazenta-*|
|poke|p1|Gholdengo|
|poke|p1|Rillaboom, M|
|poke|p1|Iron Jugulis|
|poke|p2|Ninetales, F|
|poke|p2|Walking Wake|
|poke|p2|Blaziken, M|
|poke|p2|Great Tusk|
|poke|p2|Cresselia, F|
|poke|p2|Corviknight, M|
|teampreview
|inactive|Battle timer is ON: inactive players will automatically lose when time's up. (requested by Dariokemontraining)
|
|t:|1781084919
|teamsize|p1|6
|teamsize|p2|6
|start
|switch|p1a: Deoxys|Deoxys-Speed|100/100
|switch|p2a: Ninetales|Ninetales, F, shiny|100/100
|-ability|p1a: Deoxys|Pressure
|-weather|SunnyDay|[from] ability: Drought|[of] p2a: Ninetales
|turn|1
|
|t:|1781084931
|move|p1a: Deoxys|Stealth Rock|p2a: Ninetales
|-sidestart|p2: Dariokemontraining|move: Stealth Rock
|move|p2a: Ninetales|Encore|p1a: Deoxys
|-start|p1a: Deoxys|Encore
|
|-weather|SunnyDay|[upkeep]
|upkeep
|turn|2
|
|t:|1781084941
|switch|p1a: Iron Jugulis|Iron Jugulis, shiny|100/100
|-enditem|p1a: Iron Jugulis|Booster Energy
|-activate|p1a: Iron Jugulis|ability: Quark Drive|[fromitem]
|-start|p1a: Iron Jugulis|quarkdrivespe
|switch|p2a: Walking Wake|Walking Wake|100/100
|-damage|p2a: Walking Wake|88/100|[from] Stealth Rock
|-activate|p2a: Walking Wake|ability: Protosynthesis
|-start|p2a: Walking Wake|protosynthesisspe
|
|-weather|SunnyDay|[upkeep]
|upkeep
|turn|3
|
|t:|1781084955
|-terastallize|p2a: Walking Wake|Water
|move|p2a: Walking Wake|Hydro Steam|p1a: Iron Jugulis
|-damage|p1a: Iron Jugulis|0 fnt
|faint|p1a: Iron Jugulis
|-end|p1a: Iron Jugulis|Quark Drive|[silent]
|
|-weather|SunnyDay|[upkeep]
|upkeep
|
|t:|1781084960
|switch|p1a: Rillaboom|Rillaboom, M, shiny|100/100
|-fieldstart|move: Grassy Terrain|[from] ability: Grassy Surge|[of] p1a: Rillaboom
|turn|4
|
|t:|1781084968
|switch|p1a: Deoxys|Deoxys-Speed|100/100
|-ability|p1a: Deoxys|Pressure
|move|p2a: Walking Wake|Weather Ball|p1a: Deoxys
|-damage|p1a: Deoxys|37/100
|
|-weather|SunnyDay|[upkeep]
|-heal|p2a: Walking Wake|94/100|[from] Grassy Terrain
|-heal|p1a: Deoxys|43/100|[from] Grassy Terrain
|upkeep
|turn|5
|
|t:|1781084981
|switch|p1a: Rillaboom|Rillaboom, M, shiny|100/100
|move|p2a: Walking Wake|Hydro Steam|p1a: Rillaboom
|-resisted|p1a: Rillaboom
|-damage|p1a: Rillaboom|46/100
|
|-weather|SunnyDay|[upkeep]
|-heal|p2a: Walking Wake|100/100|[from] Grassy Terrain
|-heal|p1a: Rillaboom|52/100|[from] Grassy Terrain
|upkeep
|turn|6
|
|t:|1781084991
|switch|p1a: Deoxys|Deoxys-Speed|43/100
|-ability|p1a: Deoxys|Pressure
|move|p2a: Walking Wake|Weather Ball|p1a: Deoxys
|-damage|p1a: Deoxys|0 fnt
|faint|p1a: Deoxys
|
|-weather|SunnyDay|[upkeep]
|upkeep
|
|t:|1781084997
|switch|p1a: Rillaboom|Rillaboom, M, shiny|52/100
|turn|7
|
|t:|1781085006
|move|p1a: Rillaboom|Grassy Glide|p2a: Walking Wake
|-supereffective|p2a: Walking Wake
|-damage|p2a: Walking Wake|0 fnt
|faint|p2a: Walking Wake
|-end|p2a: Walking Wake|Protosynthesis|[silent]
|-damage|p1a: Rillaboom|42/100|[from] item: Life Orb
|
|-weather|SunnyDay|[upkeep]
|-heal|p1a: Rillaboom|48/100|[from] Grassy Terrain
|upkeep
|
|t:|1781085022
|switch|p2a: Blaziken|Blaziken, M, shiny|100/100
|-damage|p2a: Blaziken|88/100|[from] Stealth Rock
|turn|8
|
|t:|1781085026
|move|p1a: Rillaboom|High Horsepower|p2a: Blaziken
|-supereffective|p2a: Blaziken
|-damage|p2a: Blaziken|0 fnt
|faint|p2a: Blaziken
|-damage|p1a: Rillaboom|38/100|[from] item: Life Orb
|
|-weather|none
|-heal|p1a: Rillaboom|44/100|[from] Grassy Terrain
|-fieldend|move: Grassy Terrain
|upkeep
|
|t:|1781085037
|switch|p2a: Great Tusk|Great Tusk, shiny|100/100
|turn|9
|
|t:|1781085042
|switch|p1a: Iron Moth|Iron Moth, shiny|100/100
|-enditem|p1a: Iron Moth|Booster Energy
|-activate|p1a: Iron Moth|ability: Quark Drive|[fromitem]
|-start|p1a: Iron Moth|quarkdrivespe
|move|p2a: Great Tusk|Ice Spinner|p1a: Iron Moth
|-resisted|p1a: Iron Moth
|-damage|p1a: Iron Moth|82/100
|
|upkeep
|turn|10
|
|t:|1781085051
|-end|p1a: Iron Moth|Quark Drive|[silent]
|switch|p1a: Rillaboom|Rillaboom, M, shiny|44/100
|-fieldstart|move: Grassy Terrain|[from] ability: Grassy Surge|[of] p1a: Rillaboom
|move|p2a: Great Tusk|Headlong Rush|p1a: Rillaboom
|-resisted|p1a: Rillaboom
|-damage|p1a: Rillaboom|12/100
|-unboost|p2a: Great Tusk|def|1
|-unboost|p2a: Great Tusk|spd|1
|
|-heal|p1a: Rillaboom|18/100|[from] Grassy Terrain
|upkeep
|turn|11
|
|t:|1781085064
|move|p1a: Rillaboom|Grassy Glide|p2a: Great Tusk
|-supereffective|p2a: Great Tusk
|-damage|p2a: Great Tusk|0 fnt
|faint|p2a: Great Tusk
|-end|p2a: Great Tusk|Protosynthesis|[silent]
|-damage|p1a: Rillaboom|8/100|[from] item: Life Orb
|
|-heal|p1a: Rillaboom|14/100|[from] Grassy Terrain
|upkeep
|
|t:|1781085073
|switch|p2a: Ninetales|Ninetales, F, shiny|100/100
|-damage|p2a: Ninetales|76/100|[from] Stealth Rock
|-weather|SunnyDay|[from] ability: Drought|[of] p2a: Ninetales
|turn|12
|
|t:|1781085082
|switch|p1a: Iron Moth|Iron Moth, shiny|82/100
|move|p2a: Ninetales|Flamethrower|p1a: Iron Moth
|-resisted|p1a: Iron Moth
|-damage|p1a: Iron Moth|55/100
|
|-weather|SunnyDay|[upkeep]
|-heal|p1a: Iron Moth|61/100|[from] Grassy Terrain
|-heal|p2a: Ninetales|82/100|[from] Grassy Terrain
|upkeep
|turn|13
|
|t:|1781085092
|move|p1a: Iron Moth|Fiery Dance|p2a: Ninetales
|-resisted|p2a: Ninetales
|-damage|p2a: Ninetales|46/100
|move|p2a: Ninetales|Memento|p1a: Iron Moth
|-unboost|p1a: Iron Moth|atk|2
|-unboost|p1a: Iron Moth|spa|2
|faint|p2a: Ninetales
|
|-weather|SunnyDay|[upkeep]
|-heal|p1a: Iron Moth|67/100|[from] Grassy Terrain
|upkeep
|
|t:|1781085105
|switch|p2a: Cresselia|Cresselia, F, shiny|100/100
|-damage|p2a: Cresselia|88/100|[from] Stealth Rock
|turn|14
|
|t:|1781085111
|-end|p1a: Iron Moth|Quark Drive|[silent]
|switch|p1a: Gholdengo|Gholdengo, shiny|100/100
|-enditem|p1a: Gholdengo|Grassy Seed
|-boost|p1a: Gholdengo|def|1|[from] item: Grassy Seed
|move|p2a: Cresselia|Calm Mind|p2a: Cresselia
|-boost|p2a: Cresselia|spa|1
|-boost|p2a: Cresselia|spd|1
|
|-weather|SunnyDay|[upkeep]
|-heal|p2a: Cresselia|94/100|[from] item: Leftovers
|-fieldend|move: Grassy Terrain
|upkeep
|turn|15
|
|t:|1781085122
|switch|p2a: Corviknight|Corviknight, M|100/100
|-damage|p2a: Corviknight|88/100|[from] Stealth Rock
|move|p1a: Gholdengo|Nasty Plot|p1a: Gholdengo
|-boost|p1a: Gholdengo|spa|2
|
|-weather|SunnyDay|[upkeep]
|-heal|p2a: Corviknight|94/100|[from] item: Leftovers
|upkeep
|turn|16
|
|t:|1781085134
|move|p1a: Gholdengo|Nasty Plot|p1a: Gholdengo
|-boost|p1a: Gholdengo|spa|2
|move|p2a: Corviknight|Agility|p2a: Corviknight
|-boost|p2a: Corviknight|spe|2
|
|-weather|SunnyDay|[upkeep]
|-heal|p2a: Corviknight|100/100|[from] item: Leftovers
|upkeep
|turn|17
|
|t:|1781085143
|move|p2a: Corviknight|Bulk Up|p2a: Corviknight
|-boost|p2a: Corviknight|atk|1
|-boost|p2a: Corviknight|def|1
|move|p1a: Gholdengo|Shadow Ball|p2a: Corviknight
|-damage|p2a: Corviknight|0 fnt
|faint|p2a: Corviknight
|
|-weather|SunnyDay|[upkeep]
|upkeep
|
|t:|1781085153
|switch|p2a: Cresselia|Cresselia, F, shiny|94/100
|-damage|p2a: Cresselia|82/100|[from] Stealth Rock
|turn|18
|
|t:|1781085159
|move|p2a: Cresselia|Calm Mind|p2a: Cresselia
|-boost|p2a: Cresselia|spa|1
|-boost|p2a: Cresselia|spd|1
|move|p1a: Gholdengo|Shadow Ball|p2a: Cresselia
|-supereffective|p2a: Cresselia
|-damage|p2a: Cresselia|0 fnt
|faint|p2a: Cresselia
|
|win|Mca Player 11
|raw|Mca Player 11's rating: 1617 &rarr; <strong>1634</strong><br />(+17 for winning)
|raw|Dariokemontraining's rating: 1568 &rarr; <strong>1551</strong><br />(-17 for losing)
|l|☆Dariokemontraining
|player|p2|
|l|☆Mca Player 11
|player|p1|
