|j|☆The median voter
|j|☆Jsparxs
|t:|1781470368
|gametype|singles
|player|p1|The median voter|scientist-gen4dp|1601
|player|p2|Jsparxs|101|1656
|gen|9
|tier|[Gen 9] OU
|rated|
|rule|HP Percentage Mod: HP is shown in percentages
|rule|Endless Battle Clause: Forcing endless battles is banned
|rule|Species Clause: Limit one of each Pokémon
|rule|OHKO Clause: OHKO moves are banned
|rule|Evasion Items Clause: Evasion items are banned
|rule|Evasion Moves Clause: Evasion moves are banned
|rule|Evasion Abilities Clause: Evasion abilities are banned
|rule|Sleep Moves Clause: Sleep-inducing moves are banned
|clearpoke
|poke|p1|Zapdos|
|poke|p1|Great Tusk|
|poke|p1|Hoopa-Unbound|
|poke|p1|Slowking-Galar, M|
|poke|p1|Scizor, M|
|poke|p1|Dragapult, F|
|poke|p2|Great Tusk|
|poke|p2|Zamazenta-*|
|poke|p2|Iron Valiant|
|poke|p2|Gallade, M|
|poke|p2|Kommo-o, M|
|poke|p2|Okidogi, M|
|teampreview
|c|☆Jsparxs|glhf
|inactive|Battle timer is ON: inactive players will automatically lose when time's up. (requested by Jsparxs)
|
|t:|1781470427
|teamsize|p1|6
|teamsize|p2|6
|start
|switch|p1a: Emissary|Dragapult, F|100/100
|switch|p2a: Okidogi|Okidogi, M|100/100
|turn|1
|
|t:|1781470431
|move|p1a: Emissary|Will-O-Wisp|p2a: Okidogi|[miss]
|-miss|p1a: Emissary|p2a: Okidogi
|move|p2a: Okidogi|Crunch|p1a: Emissary
|-supereffective|p1a: Emissary
|-damage|p1a: Emissary|6/100
|
|upkeep
|turn|2
|
|t:|1781470436
|move|p1a: Emissary|Will-O-Wisp|p2a: Okidogi
|-status|p2a: Okidogi|brn
|move|p2a: Okidogi|Crunch|p1a: Emissary
|-supereffective|p1a: Emissary
|-damage|p1a: Emissary|0 fnt
|faint|p1a: Emissary
|
|-damage|p2a: Okidogi|94/100 brn|[from] brn
|upkeep
|
|t:|1781470443
|switch|p1a: The End of All|Hoopa-Unbound|100/100
|turn|3
|
|t:|1781470461
|move|p2a: Okidogi|Drain Punch|p1a: The End of All
|-damage|p1a: The End of All|68/100
|-heal|p2a: Okidogi|100/100 brn|[from] drain|[of] p1a: The End of All
|move|p1a: The End of All|Psychic Noise|p2a: Okidogi
|-supereffective|p2a: Okidogi
|-damage|p2a: Okidogi|0 fnt
|faint|p2a: Okidogi
|
|upkeep
|
|t:|1781470471
|switch|p2a: Kommo-o|Kommo-o, M|100/100
|turn|4
|
|t:|1781470488
|switch|p1a: Bishop|Slowking-Galar, M|100/100
|move|p2a: Kommo-o|Clangorous Soul|p2a: Kommo-o
|-boost|p2a: Kommo-o|atk|1
|-boost|p2a: Kommo-o|def|1
|-boost|p2a: Kommo-o|spa|1
|-boost|p2a: Kommo-o|spd|1
|-boost|p2a: Kommo-o|spe|1
|-damage|p2a: Kommo-o|68/100
|-enditem|p2a: Kommo-o|Throat Spray
|-boost|p2a: Kommo-o|spa|1|[from] item: Throat Spray
|
|upkeep
|turn|5
|
|t:|1781470497
|move|p2a: Kommo-o|Clanging Scales|p1a: Bishop
|-damage|p1a: Bishop|41/100
|-unboost|p2a: Kommo-o|def|1
|move|p1a: Bishop|Ice Beam|p2a: Kommo-o
|-supereffective|p2a: Kommo-o
|-damage|p2a: Kommo-o|33/100
|
|upkeep
|turn|6
|
|t:|1781470518
|switch|p1a: Experiment|Scizor, M|100/100
|-terastallize|p2a: Kommo-o|Fire
|move|p2a: Kommo-o|Flamethrower|p1a: Experiment
|-supereffective|p1a: Experiment
|-damage|p1a: Experiment|0 fnt
|faint|p1a: Experiment
|
|upkeep
|
|t:|1781470530
|switch|p1a: Bishop|Slowking-Galar, M|74/100
|turn|7
|
|t:|1781470532
|move|p2a: Kommo-o|Clanging Scales|p1a: Bishop
|-damage|p1a: Bishop|22/100
|-unboost|p2a: Kommo-o|def|1
|move|p1a: Bishop|Sludge Bomb|p2a: Kommo-o
|-damage|p2a: Kommo-o|6/100
|-status|p2a: Kommo-o|psn
|
|-damage|p2a: Kommo-o|0 fnt|[from] psn
|faint|p2a: Kommo-o
|upkeep
|
|t:|1781470544
|switch|p2a: Gallade|Gallade, M|100/100
|turn|8
|
|t:|1781470556
|switch|p1a: The End of All|Hoopa-Unbound|68/100
|move|p2a: Gallade|Night Slash|p1a: The End of All
|-damage|p1a: The End of All|13/100
|
|upkeep
|turn|9
|
|t:|1781470563
|move|p2a: Gallade|Sacred Sword|p1a: The End of All
|-damage|p1a: The End of All|0 fnt
|faint|p1a: The End of All
|
|upkeep
|
|t:|1781470567
|switch|p1a: Preacher|Zapdos|100/100
|turn|10
|
|t:|1781470570
|move|p1a: Preacher|Hurricane|p2a: Gallade
|-supereffective|p2a: Gallade
|-damage|p2a: Gallade|49/100
|-start|p2a: Gallade|confusion
|-activate|p2a: Gallade|confusion
|move|p2a: Gallade|Psycho Cut|p1a: Preacher
|-damage|p1a: Preacher|60/100
|
|upkeep
|turn|11
|
|t:|1781470577
|move|p1a: Preacher|Hurricane|p2a: Gallade
|-supereffective|p2a: Gallade
|-damage|p2a: Gallade|0 fnt
|faint|p2a: Gallade
|
|upkeep
|
|t:|1781470589
|switch|p2a: Iron Valiant|Iron Valiant|100/100
|-enditem|p2a: Iron Valiant|Booster Energy
|-activate|p2a: Iron Valiant|ability: Quark Drive|[fromitem]
|-start|p2a: Iron Valiant|quarkdrivespe
|turn|12
|
|t:|1781470600
|switch|p1a: Templar|Great Tusk|100/100
|move|p2a: Iron Valiant|Moonblast|p1a: Templar
|-supereffective|p1a: Templar
|-damage|p1a: Templar|0 fnt
|faint|p1a: Templar
|-end|p1a: Templar|Protosynthesis|[silent]
|
|upkeep
|
|t:|1781470605
|switch|p1a: Bishop|Slowking-Galar, M|55/100
|turn|13
|
|t:|1781470614
|move|p2a: Iron Valiant|Destiny Bond|p2a: Iron Valiant
|-singlemove|p2a: Iron Valiant|Destiny Bond
|move|p1a: Bishop|Sludge Bomb|p2a: Iron Valiant
|-supereffective|p2a: Iron Valiant
|-damage|p2a: Iron Valiant|0 fnt
|faint|p2a: Iron Valiant
|-activate|p2a: Iron Valiant|move: Destiny Bond
|-end|p2a: Iron Valiant|Quark Drive|[silent]
|faint|p1a: Bishop
|
|upkeep
|
|t:|1781470624
|switch|p2a: Great Tusk|Great Tusk|100/100
|switch|p1a: Preacher|Zapdos|60/100
|-enditem|p2a: Great Tusk|Booster Energy
|-activate|p2a: Great Tusk|ability: Protosynthesis|[fromitem]
|-start|p2a: Great Tusk|protosynthesisatk
|turn|14
|
|t:|1781470627
|move|p2a: Great Tusk|Close Combat|p1a: Preacher
|-resisted|p1a: Preacher
|-damage|p1a: Preacher|29/100
|-unboost|p2a: Great Tusk|def|1
|-unboost|p2a: Great Tusk|spd|1
|move|p1a: Preacher|Roost|p1a: Preacher
|-heal|p1a: Preacher|79/100
|-singleturn|p1a: Preacher|move: Roost
|
|upkeep
|turn|15
|
|t:|1781470631
|move|p2a: Great Tusk|Rapid Spin|p1a: Preacher
|-damage|p1a: Preacher|62/100
|-boost|p2a: Great Tusk|spe|1
|move|p1a: Preacher|Roost|p1a: Preacher
|-heal|p1a: Preacher|100/100
|-singleturn|p1a: Preacher|move: Roost
|
|upkeep
|turn|16
|
|t:|1781470635
|move|p2a: Great Tusk|Close Combat|p1a: Preacher
|-resisted|p1a: Preacher
|-damage|p1a: Preacher|72/100
|-unboost|p2a: Great Tusk|def|1
|-unboost|p2a: Great Tusk|spd|1
|move|p1a: Preacher|Roost|p1a: Preacher
|-heal|p1a: Preacher|100/100
|-singleturn|p1a: Preacher|move: Roost
|
|upkeep
|turn|17
|
|t:|1781470640
|move|p2a: Great Tusk|Close Combat|p1a: Preacher
|-resisted|p1a: Preacher
|-damage|p1a: Preacher|72/100
|-unboost|p2a: Great Tusk|def|1
|-unboost|p2a: Great Tusk|spd|1
|move|p1a: Preacher|Hurricane|p2a: Great Tusk|[miss]
|-miss|p1a: Preacher|p2a: Great Tusk
|
|upkeep
|turn|18
|
|t:|1781470644
|move|p2a: Great Tusk|Close Combat|p1a: Preacher
|-resisted|p1a: Preacher
|-damage|p1a: Preacher|45/100
|-unboost|p2a: Great Tusk|def|1
|-unboost|p2a: Great Tusk|spd|1
|move|p1a: Preacher|Roost|p1a: Preacher
|-heal|p1a: Preacher|95/100
|-singleturn|p1a: Preacher|move: Roost
|
|upkeep
|turn|19
|
|t:|1781470649
|move|p2a: Great Tusk|Close Combat|p1a: Preacher
|-resisted|p1a: Preacher
|-damage|p1a: Preacher|68/100
|-unboost|p2a: Great Tusk|def|1
|-unboost|p2a: Great Tusk|spd|1
|move|p1a: Preacher|Hurricane|p2a: Great Tusk
|-supereffective|p2a: Great Tusk
|-damage|p2a: Great Tusk|0 fnt
|faint|p2a: Great Tusk
|-end|p2a: Great Tusk|Protosynthesis|[silent]
|
|upkeep
|
|t:|1781470655
|switch|p2a: Zamazenta|Zamazenta|100/100
|-ability|p2a: Zamazenta|Dauntless Shield|boost
|-boost|p2a: Zamazenta|def|1
|turn|20
|
|t:|1781470667
|move|p2a: Zamazenta|Iron Defense|p2a: Zamazenta
|-boost|p2a: Zamazenta|def|2
|move|p1a: Preacher|Roost|p1a: Preacher
|-heal|p1a: Preacher|100/100
|-singleturn|p1a: Preacher|move: Roost
|
|upkeep
|turn|21
|
|t:|1781470669
|move|p2a: Zamazenta|Iron Defense|p2a: Zamazenta
|-boost|p2a: Zamazenta|def|2
|move|p1a: Preacher|Hurricane|p2a: Zamazenta|[miss]
|-miss|p1a: Preacher|p2a: Zamazenta
|
|upkeep
|turn|22
|
|t:|1781470673
|move|p2a: Zamazenta|Body Press|p1a: Preacher
|-resisted|p1a: Preacher
|-damage|p1a: Preacher|50/100
|move|p1a: Preacher|Hurricane|p2a: Zamazenta|[miss]
|-miss|p1a: Preacher|p2a: Zamazenta
|
|upkeep
|turn|23
|
|t:|1781470691
|move|p2a: Zamazenta|Body Press|p1a: Preacher
|-resisted|p1a: Preacher
|-damage|p1a: Preacher|2/100
|move|p1a: Preacher|Roost|p1a: Preacher
|-heal|p1a: Preacher|52/100
|-singleturn|p1a: Preacher|move: Roost
|
|upkeep
|turn|24
|c|☆Jsparxs|Sorry, horseshoe up my ass
|
|t:|1781470699
|move|p2a: Zamazenta|Body Press|p1a: Preacher
|-resisted|p1a: Preacher
|-damage|p1a: Preacher|9/100
|-status|p2a: Zamazenta|par|[from] ability: Static|[of] p1a: Preacher
|move|p1a: Preacher|Roost|p1a: Preacher
|-heal|p1a: Preacher|59/100
|-singleturn|p1a: Preacher|move: Roost
|
|upkeep
|turn|25
|
|t:|1781470703
|move|p1a: Preacher|Roost|p1a: Preacher
|-heal|p1a: Preacher|100/100
|-singleturn|p1a: Preacher|move: Roost
|cant|p2a: Zamazenta|par
|
|upkeep
|turn|26
|
|t:|1781470706
|move|p1a: Preacher|Hurricane|p2a: Zamazenta
|-supereffective|p2a: Zamazenta
|-damage|p2a: Zamazenta|19/100 par
|move|p2a: Zamazenta|Iron Defense|p2a: Zamazenta
|-boost|p2a: Zamazenta|def|1
|
|-heal|p2a: Zamazenta|25/100 par|[from] item: Leftovers
|upkeep
|turn|27
|
|t:|1781470711
|move|p1a: Preacher|Discharge|p2a: Zamazenta
|-damage|p2a: Zamazenta|0 fnt
|faint|p2a: Zamazenta
|
|win|The median voter
|raw|The median voter's rating: 1601 &rarr; <strong>1624</strong><br />(+23 for winning)
|raw|Jsparxs's rating: 1656 &rarr; <strong>1633</strong><br />(-23 for losing)
|l|☆Jsparxs
|player|p2|
