|badge|p2|bronze|gen9ou|100-9
|uhtml|medal-msg|<div class="broadcast-blue">Curious what those medals under the avatar are? PS now has Ladder Seasons! For more information, check out the <a href="https://www.smogon.com/forums/threads/3740067/">thread on Smogon.</a></div>
|j|☆bingbong441
|j|☆Auburn Hills
|t:|1781010221
|gametype|singles
|player|p1|bingbong441|pokemaniac|1778
|player|p2|Auburn Hills|alder|1817
|gen|9
|tier|[Gen 9] OU
|rated|
|rule|HP Percentage Mod: HP is shown in percentages
|rule|Endless Battle Clause: Forcing endless battles is banned
|rule|Species Clause: Limit one of each Pokémon
|rule|OHKO Clause: OHKO moves are banned
|rule|Evasion Items Clause: Evasion items are banned
|rule|Evasion Moves Clause: Evasion moves are banned
|rule|Evasion Abilities Clause: Evasion abilities are banned
|rule|Sleep Moves Clause: Sleep-inducing moves are banned
|clearpoke
|poke|p1|Rillaboom, M|
|poke|p1|Alomomola, F|
|poke|p1|Cinderace, F|
|poke|p1|Hoopa-Unbound|
|poke|p1|Fezandipiti, M|
|poke|p1|Zamazenta-*|
|poke|p2|Iron Moth|
|poke|p2|Umbreon, M|
|poke|p2|Garchomp, M|
|poke|p2|Glimmora, F|
|poke|p2|Gholdengo|
|poke|p2|Dragonite, F|
|teampreview
|j| xzxas
|
|t:|1781010241
|teamsize|p1|6
|teamsize|p2|6
|start
|switch|p1a: Hoopa|Hoopa-Unbound|100/100
|switch|p2a: Glimmora|Glimmora, F|100/100
|turn|1
|
|t:|1781010250
|move|p2a: Glimmora|Sludge Wave|p1a: Hoopa
|-damage|p1a: Hoopa|77/100
|-status|p1a: Hoopa|psn
|move|p1a: Hoopa|Psychic Noise|p2a: Glimmora
|-supereffective|p2a: Glimmora
|-enditem|p2a: Glimmora|Focus Sash
|-damage|p2a: Glimmora|1/100
|-start|p2a: Glimmora|move: Heal Block
|
|-damage|p1a: Hoopa|65/100 psn|[from] psn
|upkeep
|turn|2
|
|t:|1781010259
|switch|p2a: Alvvays|Umbreon, M|100/100
|move|p1a: Hoopa|Psychic Noise|p2a: Alvvays
|-immune|p2a: Alvvays
|
|-damage|p1a: Hoopa|53/100 psn|[from] psn
|upkeep
|turn|3
|
|t:|1781010274
|switch|p1a: Fezandipiti|Fezandipiti, M|100/100
|move|p2a: Alvvays|Thunder Wave|p1a: Fezandipiti
|-status|p1a: Fezandipiti|par
|
|upkeep
|turn|4
|l| xzxas
|
|t:|1781010279
|switch|p2a: Smino|Gholdengo|100/100
|cant|p1a: Fezandipiti|par
|
|upkeep
|turn|5
|
|t:|1781010288
|switch|p1a: Cinderace|Cinderace, F|100/100
|move|p2a: Smino|Shadow Ball|p1a: Cinderace
|-damage|p1a: Cinderace|40/100
|
|upkeep
|turn|6
|
|t:|1781010298
|move|p2a: Smino|Shadow Ball|p1a: Cinderace
|-damage|p1a: Cinderace|0 fnt
|faint|p1a: Cinderace
|
|upkeep
|
|t:|1781010303
|switch|p1a: Hoopa|Hoopa-Unbound|53/100 psn
|turn|7
|
|t:|1781010308
|switch|p2a: Alvvays|Umbreon, M|100/100
|move|p1a: Hoopa|Knock Off|p2a: Alvvays
|-resisted|p2a: Alvvays
|-damage|p2a: Alvvays|80/100
|-enditem|p2a: Alvvays|Leftovers|[from] move: Knock Off|[of] p1a: Hoopa
|
|-damage|p1a: Hoopa|40/100 psn|[from] psn
|upkeep
|turn|8
|
|t:|1781010314
|move|p1a: Hoopa|Drain Punch|p2a: Alvvays
|-supereffective|p2a: Alvvays
|-damage|p2a: Alvvays|37/100
|-heal|p1a: Hoopa|64/100 psn|[from] drain|[of] p2a: Alvvays
|move|p2a: Alvvays|Wish|p2a: Alvvays
|
|-damage|p1a: Hoopa|51/100 psn|[from] psn
|upkeep
|turn|9
|
|t:|1781010342
|switch|p1a: Rillaboom|Rillaboom, M|100/100
|-fieldstart|move: Grassy Terrain|[from] ability: Grassy Surge|[of] p1a: Rillaboom
|move|p2a: Alvvays|Protect||[still]
|-fail|p2a: Alvvays
|
|-heal|p2a: Alvvays|87/100|[from] move: Wish|[wisher] Alvvays
|-heal|p2a: Alvvays|93/100|[from] Grassy Terrain
|upkeep
|turn|10
|
|t:|1781010353
|switch|p2a: Elucid|Dragonite, F|100/100
|-terastallize|p1a: Rillaboom|Grass
|move|p1a: Rillaboom|Wood Hammer|p2a: Elucid
|-resisted|p2a: Elucid
|-damage|p2a: Elucid|75/100
|-damage|p1a: Rillaboom|93/100|[from] Recoil
|
|-heal|p1a: Rillaboom|99/100|[from] Grassy Terrain
|upkeep
|turn|11
|
|t:|1781010359
|switch|p1a: Alomomola|Alomomola, F|100/100
|move|p2a: Elucid|Ice Spinner|p1a: Alomomola
|-resisted|p1a: Alomomola
|-damage|p1a: Alomomola|92/100
|-damage|p2a: Elucid|58/100|[from] item: Rocky Helmet|[of] p1a: Alomomola
|-fieldend|move: Grassy Terrain
|
|upkeep
|turn|12
|
|t:|1781010367
|switch|p2a: Alvvays|Umbreon, M|93/100
|move|p1a: Alomomola|Flip Turn|p2a: Alvvays
|-damage|p2a: Alvvays|80/100
|j| kanitanku
|
|t:|1781010375
|switch|p1a: Rillaboom|Rillaboom, M, tera:Grass|99/100|[from] Flip Turn
|-fieldstart|move: Grassy Terrain|[from] ability: Grassy Surge|[of] p1a: Rillaboom
|
|-heal|p1a: Rillaboom|100/100|[from] Grassy Terrain
|-heal|p2a: Alvvays|86/100|[from] Grassy Terrain
|upkeep
|turn|13
|
|t:|1781010378
|move|p2a: Alvvays|Protect|p2a: Alvvays
|-singleturn|p2a: Alvvays|Protect
|move|p1a: Rillaboom|Wood Hammer|p2a: Alvvays
|-activate|p2a: Alvvays|move: Protect
|
|-heal|p2a: Alvvays|92/100|[from] Grassy Terrain
|upkeep
|turn|14
|
|t:|1781010381
|switch|p2a: Carly Rae|Iron Moth|100/100
|-enditem|p2a: Carly Rae|Booster Energy
|-activate|p2a: Carly Rae|ability: Quark Drive|[fromitem]
|-start|p2a: Carly Rae|quarkdrivespe
|move|p1a: Rillaboom|Wood Hammer|p2a: Carly Rae
|-resisted|p2a: Carly Rae
|-damage|p2a: Carly Rae|34/100
|-damage|p1a: Rillaboom|82/100|[from] Recoil
|
|-heal|p2a: Carly Rae|40/100|[from] Grassy Terrain
|-heal|p1a: Rillaboom|88/100|[from] Grassy Terrain
|upkeep
|turn|15
|
|t:|1781010387
|switch|p1a: Fezandipiti|Fezandipiti, M|100/100 par
|move|p2a: Carly Rae|Fiery Dance|p1a: Fezandipiti
|-damage|p1a: Fezandipiti|78/100 par
|
|-heal|p2a: Carly Rae|46/100|[from] Grassy Terrain
|-heal|p1a: Fezandipiti|84/100 par|[from] Grassy Terrain
|upkeep
|turn|16
|
|t:|1781010407
|move|p2a: Carly Rae|Fiery Dance|p1a: Fezandipiti
|-damage|p1a: Fezandipiti|60/100 par
|-boost|p2a: Carly Rae|spa|1
|cant|p1a: Fezandipiti|par
|
|-heal|p2a: Carly Rae|52/100|[from] Grassy Terrain
|-heal|p1a: Fezandipiti|66/100 par|[from] Grassy Terrain
|-fieldend|move: Grassy Terrain
|upkeep
|turn|17
|
|t:|1781010412
|move|p2a: Carly Rae|Fiery Dance|p1a: Fezandipiti
|-damage|p1a: Fezandipiti|30/100 par
|-boost|p2a: Carly Rae|spa|1
|move|p1a: Fezandipiti|Roost|p1a: Fezandipiti
|-heal|p1a: Fezandipiti|80/100 par
|-singleturn|p1a: Fezandipiti|move: Roost
|
|upkeep
|turn|18
|
|t:|1781010437
|move|p2a: Carly Rae|Fiery Dance|p1a: Fezandipiti
|-damage|p1a: Fezandipiti|37/100 par
|move|p1a: Fezandipiti|Beat Up|p2a: Carly Rae
|-damage|p2a: Carly Rae|48/100
|-damage|p2a: Carly Rae|44/100
|-damage|p2a: Carly Rae|38/100
|-damage|p2a: Carly Rae|33/100
|-hitcount|p2a: Carly Rae|4
|
|upkeep
|turn|19
|j| liechiteladihul
|
|t:|1781010445
|move|p2a: Carly Rae|Morning Sun|p2a: Carly Rae
|-heal|p2a: Carly Rae|83/100
|move|p1a: Fezandipiti|Roost|p1a: Fezandipiti
|-heal|p1a: Fezandipiti|87/100 par
|-singleturn|p1a: Fezandipiti|move: Roost
|
|upkeep
|turn|20
|
|t:|1781010451
|move|p2a: Carly Rae|Fiery Dance|p1a: Fezandipiti
|-damage|p1a: Fezandipiti|38/100 par
|move|p1a: Fezandipiti|U-turn|p2a: Carly Rae
|-resisted|p2a: Carly Rae
|-damage|p2a: Carly Rae|77/100
|
|t:|1781010455
|switch|p1a: Hoopa|Hoopa-Unbound|51/100 psn|[from] U-turn
|
|-damage|p1a: Hoopa|39/100 psn|[from] psn
|upkeep
|turn|21
|
|t:|1781010458
|move|p2a: Carly Rae|Dazzling Gleam|p1a: Hoopa
|-supereffective|p1a: Hoopa
|-damage|p1a: Hoopa|0 fnt
|faint|p1a: Hoopa
|
|upkeep
|
|t:|1781010463
|switch|p1a: Zamazenta|Zamazenta|100/100
|-ability|p1a: Zamazenta|Dauntless Shield|boost
|-boost|p1a: Zamazenta|def|1
|turn|22
|c|☆bingbong441|gg
|
|t:|1781010472
|move|p2a: Carly Rae|Dazzling Gleam|p1a: Zamazenta
|-supereffective|p1a: Zamazenta
|-crit|p1a: Zamazenta
|-damage|p1a: Zamazenta|0 fnt
|faint|p1a: Zamazenta
|
|upkeep
|-message|bingbong441 forfeited.
|
|win|Auburn Hills
|raw|bingbong441's rating: 1778 &rarr; <strong>1760</strong><br />(-18 for losing)
|raw|Auburn Hills's rating: 1817 &rarr; <strong>1835</strong><br />(+18 for winning)
|l|☆bingbong441
|player|p1|
|l|☆Auburn Hills
|player|p2|
|l| liechiteladihul
|l| kanitanku
