|j|☆erhai
|j|☆AbraviousTinkaton
|t:|1781097839
|gametype|singles
|player|p1|erhai|1|1654
|player|p2|AbraviousTinkaton|dana|1677
|gen|9
|tier|[Gen 9] OU
|rated|
|rule|HP Percentage Mod: HP is shown in percentages
|rule|Endless Battle Clause: Forcing endless battles is banned
|rule|Species Clause: Limit one of each Pokémon
|rule|OHKO Clause: OHKO moves are banned
|rule|Evasion Items Clause: Evasion items are banned
|rule|Evasion Moves Clause: Evasion moves are banned
|rule|Evasion Abilities Clause: Evasion abilities are banned
|rule|Sleep Moves Clause: Sleep-inducing moves are banned
|clearpoke
|poke|p1|Iron Jugulis|
|poke|p1|Ogerpon, F|
|poke|p1|Scizor, F|
|poke|p1|Sandy Shocks|
|poke|p1|Latios, M|
|poke|p1|Manaphy|
|poke|p2|Ogerpon-Wellspring, F|
|poke|p2|Kingambit, M|
|poke|p2|Landorus-Therian, M|
|poke|p2|Glimmora, M|
|poke|p2|Dragapult, M|
|poke|p2|Iron Valiant|
|teampreview
|inactive|Battle timer is ON: inactive players will automatically lose when time's up. (requested by erhai)
|j| choispecs ironmoth
|j| Ryaanng
|
|t:|1781097848
|teamsize|p1|6
|teamsize|p2|6
|start
|switch|p1a: Latios|Latios, M|100/100
|switch|p2a: Dragapult|Dragapult, M|100/100
|turn|1
|inactive|AbraviousTinkaton has 120 seconds left.
|
|t:|1781097879
|-terastallize|p2a: Dragapult|Ghost
|move|p2a: Dragapult|Shadow Ball|p1a: Latios
|-supereffective|p1a: Latios
|-damage|p1a: Latios|0 fnt
|faint|p1a: Latios
|
|upkeep
|
|t:|1781097885
|switch|p1a: Iron Jugulis|Iron Jugulis|100/100
|-enditem|p1a: Iron Jugulis|Booster Energy
|-activate|p1a: Iron Jugulis|ability: Quark Drive|[fromitem]
|-start|p1a: Iron Jugulis|quarkdrivespe
|turn|2
|inactive|AbraviousTinkaton has 120 seconds left.
|
|t:|1781097901
|switch|p2a: Ogerpon|Ogerpon-Wellspring, F|100/100
|move|p1a: Iron Jugulis|Dark Pulse|p2a: Ogerpon
|-damage|p2a: Ogerpon|53/100
|
|upkeep
|turn|3
|
|t:|1781097919
|move|p1a: Iron Jugulis|Hurricane|p2a: Ogerpon|[miss]
|-miss|p1a: Iron Jugulis|p2a: Ogerpon
|move|p2a: Ogerpon|Ivy Cudgel|p1a: Iron Jugulis|[anim] Ivy Cudgel Water
|-damage|p1a: Iron Jugulis|27/100
|
|upkeep
|turn|4
|
|t:|1781097924
|switch|p2a: Kingambit|Kingambit, M|100/100
|move|p1a: Iron Jugulis|Hurricane|p2a: Kingambit|[miss]
|-miss|p1a: Iron Jugulis|p2a: Kingambit
|
|upkeep
|turn|5
|
|t:|1781097932
|move|p1a: Iron Jugulis|Earth Power|p2a: Kingambit
|-supereffective|p2a: Kingambit
|-damage|p2a: Kingambit|39/100
|move|p2a: Kingambit|Iron Head|p1a: Iron Jugulis
|-damage|p1a: Iron Jugulis|0 fnt
|faint|p1a: Iron Jugulis
|-end|p1a: Iron Jugulis|Quark Drive|[silent]
|
|-heal|p2a: Kingambit|45/100|[from] item: Leftovers
|upkeep
|
|t:|1781097959
|switch|p1a: Manaphy|Manaphy|100/100
|turn|6
|
|t:|1781097972
|-end|p2a: Kingambit|fallenundefined|[silent]
|switch|p2a: Ogerpon|Ogerpon-Wellspring, F|53/100
|move|p1a: Manaphy|Energy Ball|p2a: Ogerpon
|-damage|p2a: Ogerpon|21/100
|
|upkeep
|turn|7
|
|t:|1781097978
|switch|p1a: Ogerpon|Ogerpon, F|100/100
|move|p2a: Ogerpon|Horn Leech|p1a: Ogerpon
|-resisted|p1a: Ogerpon
|-damage|p1a: Ogerpon|71/100
|-heal|p2a: Ogerpon|36/100|[from] drain|[of] p1a: Ogerpon
|
|upkeep
|turn|8
|
|t:|1781097996
|switch|p2a: Kingambit|Kingambit, M|45/100
|move|p1a: Ogerpon|Ivy Cudgel|p2a: Kingambit
|-resisted|p2a: Kingambit
|-damage|p2a: Kingambit|27/100
|
|-heal|p2a: Kingambit|33/100|[from] item: Leftovers
|upkeep
|turn|9
|l| Ryaanng
|l|☆erhai
|inactive|erhai disconnected and has a minute to reconnect!
|player|p1|
|inactive|erhai has 30 seconds to reconnect!
|inactive|erhai has 20 seconds to reconnect!
|inactive|erhai has 15 seconds to reconnect!
|inactive|erhai has 10 seconds to reconnect!
|j|☆erhai
|inactive|erhai reconnected and has 75 seconds left.
|player|p1|erhai|1|
|
|t:|1781098075
|move|p1a: Ogerpon|Encore||[still]
|-fail|p1a: Ogerpon
|move|p2a: Kingambit|Kowtow Cleave|p1a: Ogerpon
|-crit|p1a: Ogerpon
|-damage|p1a: Ogerpon|0 fnt
|faint|p1a: Ogerpon
|
|-heal|p2a: Kingambit|39/100|[from] item: Leftovers
|upkeep
|inactive|erhai has 60 seconds left.
|
|t:|1781098092
|switch|p1a: Manaphy|Manaphy|100/100
|turn|10
|
|t:|1781098112
|move|p1a: Manaphy|Surf|p2a: Kingambit
|-damage|p2a: Kingambit|2/100
|move|p2a: Kingambit|Kowtow Cleave|p1a: Manaphy
|-damage|p1a: Manaphy|54/100
|
|-heal|p2a: Kingambit|9/100|[from] item: Leftovers
|upkeep
|turn|11
|
|t:|1781098120
|-end|p2a: Kingambit|fallenundefined|[silent]
|switch|p2a: Ogerpon|Ogerpon-Wellspring, F|36/100
|move|p1a: Manaphy|Energy Ball|p2a: Ogerpon
|-damage|p2a: Ogerpon|7/100
|
|upkeep
|turn|12
|inactive|AbraviousTinkaton has 120 seconds left.
|
|t:|1781098159
|move|p2a: Ogerpon|Horn Leech|p1a: Manaphy
|-supereffective|p1a: Manaphy
|-damage|p1a: Manaphy|0 fnt
|-heal|p2a: Ogerpon|37/100|[from] drain|[of] p1a: Manaphy
|faint|p1a: Manaphy
|
|upkeep
|
|t:|1781098178
|switch|p1a: Scizor|Scizor, F, shiny|100/100
|turn|13
|inactive|AbraviousTinkaton has 120 seconds left.
|
|t:|1781098202
|move|p2a: Ogerpon|Ivy Cudgel|p1a: Scizor|[anim] Ivy Cudgel Water
|-damage|p1a: Scizor|39/100
|-enditem|p1a: Scizor|Sitrus Berry|[eat]
|-heal|p1a: Scizor|64/100|[from] item: Sitrus Berry
|move|p1a: Scizor|Swords Dance|p1a: Scizor
|-boost|p1a: Scizor|atk|2
|
|upkeep
|turn|14
|j| Partynparadise
|inactive|erhai has 60 seconds left.
|
|t:|1781098238
|move|p1a: Scizor|Bullet Punch|p2a: Ogerpon
|-resisted|p2a: Ogerpon
|-damage|p2a: Ogerpon|0 fnt
|faint|p2a: Ogerpon
|
|upkeep
|inactive|AbraviousTinkaton has 120 seconds left.
|
|t:|1781098246
|switch|p2a: Landorus|Landorus-Therian, M|100/100
|-ability|p2a: Landorus|Intimidate|boost
|-unboost|p1a: Scizor|atk|1
|turn|15
|
|t:|1781098256
|move|p2a: Landorus|Earthquake|p1a: Scizor
|-damage|p1a: Scizor|11/100
|move|p1a: Scizor|Knock Off|p2a: Landorus
|-damage|p2a: Landorus|51/100
|-damage|p1a: Scizor|0 fnt|[from] item: Rocky Helmet|[of] p2a: Landorus
|faint|p1a: Scizor
|
|upkeep
|
|t:|1781098259
|switch|p1a: Sandy Shocks|Sandy Shocks|100/100
|-enditem|p1a: Sandy Shocks|Booster Energy
|-activate|p1a: Sandy Shocks|ability: Protosynthesis|[fromitem]
|-start|p1a: Sandy Shocks|protosynthesisspe
|turn|16
|-message|erhai forfeited.
|
|win|AbraviousTinkaton
|raw|erhai's rating: 1654 &rarr; <strong>1635</strong><br />(-19 for losing)
|raw|AbraviousTinkaton's rating: 1677 &rarr; <strong>1696</strong><br />(+19 for winning)
|l|☆erhai
|player|p1|
|l|☆AbraviousTinkaton
|player|p2|
|l| Partynparadise
|j| Partynparadise
|l| Partynparadise
