|j|☆Scratchez
|j|☆tony urbadaliano
|t:|1780979861
|gametype|singles
|player|p1|Scratchez|101|1514
|player|p2|tony urbadaliano|hooligans|1550
|gen|9
|tier|[Gen 9] OU
|rated|
|rule|HP Percentage Mod: HP is shown in percentages
|rule|Endless Battle Clause: Forcing endless battles is banned
|rule|Species Clause: Limit one of each Pokémon
|rule|OHKO Clause: OHKO moves are banned
|rule|Evasion Items Clause: Evasion items are banned
|rule|Evasion Moves Clause: Evasion moves are banned
|rule|Evasion Abilities Clause: Evasion abilities are banned
|rule|Sleep Moves Clause: Sleep-inducing moves are banned
|clearpoke
|poke|p1|Tyranitar, M|
|poke|p1|Excadrill, M|
|poke|p1|Corviknight, M|
|poke|p1|Garchomp, F|
|poke|p1|Dragapult, M|
|poke|p1|Hippowdon, M|
|poke|p2|Iron Valiant|
|poke|p2|Latias, F|
|poke|p2|Kingambit, M|
|poke|p2|Cinderace, F|
|poke|p2|Ogerpon-Wellspring, F|
|poke|p2|Landorus-Therian, M|
|teampreview
|inactive|Battle timer is ON: inactive players will automatically lose when time's up. (requested by tony urbadaliano)
|
|t:|1780979876
|teamsize|p1|6
|teamsize|p2|6
|start
|switch|p1a: Corviknight|Corviknight, M|100/100
|switch|p2a: cLOUDDEAD|Landorus-Therian, M|100/100
|-ability|p2a: cLOUDDEAD|Intimidate|boost
|-unboost|p1a: Corviknight|atk|1
|-ability|p1a: Corviknight|Pressure
|turn|1
|
|t:|1780979885
|move|p2a: cLOUDDEAD|Taunt|p1a: Corviknight
|-start|p1a: Corviknight|move: Taunt
|move|p1a: Corviknight|U-turn|p2a: cLOUDDEAD
|-resisted|p2a: cLOUDDEAD
|-damage|p2a: cLOUDDEAD|96/100
|-damage|p1a: Corviknight|84/100|[from] item: Rocky Helmet|[of] p2a: cLOUDDEAD
|
|t:|1780979890
|switch|p1a: Dragapult|Dragapult, M|100/100|[from] U-turn
|
|upkeep
|turn|2
|
|t:|1780979895
|switch|p2a: Crimson King|Kingambit, M|100/100
|move|p1a: Dragapult|Draco Meteor|p2a: Crimson King
|-resisted|p2a: Crimson King
|-damage|p2a: Crimson King|68/100
|-unboost|p1a: Dragapult|spa|2
|
|-heal|p2a: Crimson King|74/100|[from] item: Leftovers
|upkeep
|turn|3
|
|t:|1780979914
|move|p1a: Dragapult|Will-O-Wisp|p2a: Crimson King
|-status|p2a: Crimson King|brn
|move|p2a: Crimson King|Iron Head|p1a: Dragapult
|-crit|p1a: Dragapult
|-damage|p1a: Dragapult|52/100
|
|-heal|p1a: Dragapult|58/100|[from] item: Leftovers
|-heal|p2a: Crimson King|80/100 brn|[from] item: Leftovers
|-damage|p2a: Crimson King|74/100 brn|[from] brn
|upkeep
|turn|4
|
|t:|1780979923
|switch|p1a: Corviknight|Corviknight, M|84/100
|-ability|p1a: Corviknight|Pressure
|move|p2a: Crimson King|Swords Dance|p2a: Crimson King
|-boost|p2a: Crimson King|atk|2
|
|-heal|p2a: Crimson King|80/100 brn|[from] item: Leftovers
|-damage|p2a: Crimson King|74/100 brn|[from] brn
|upkeep
|turn|5
|
|t:|1780979928
|switch|p2a: cLOUDDEAD|Landorus-Therian, M|96/100
|-ability|p2a: cLOUDDEAD|Intimidate|boost
|-unboost|p1a: Corviknight|atk|1
|move|p1a: Corviknight|U-turn|p2a: cLOUDDEAD
|-resisted|p2a: cLOUDDEAD
|-damage|p2a: cLOUDDEAD|91/100
|-damage|p1a: Corviknight|67/100|[from] item: Rocky Helmet|[of] p2a: cLOUDDEAD
|
|t:|1780979937
|switch|p1a: Dragapult|Dragapult, M|58/100|[from] U-turn
|
|-heal|p1a: Dragapult|64/100|[from] item: Leftovers
|upkeep
|turn|6
|
|t:|1780979943
|switch|p2a: Crimson King|Kingambit, M|74/100 brn
|move|p1a: Dragapult|Draco Meteor|p2a: Crimson King
|-resisted|p2a: Crimson King
|-damage|p2a: Crimson King|43/100 brn
|-unboost|p1a: Dragapult|spa|2
|
|-heal|p1a: Dragapult|70/100|[from] item: Leftovers
|-heal|p2a: Crimson King|49/100 brn|[from] item: Leftovers
|-damage|p2a: Crimson King|43/100 brn|[from] brn
|upkeep
|turn|7
|
|t:|1780979948
|move|p1a: Dragapult|U-turn|p2a: Crimson King
|-damage|p2a: Crimson King|29/100 brn
|
|t:|1780979953
|switch|p1a: Corviknight|Corviknight, M|67/100|[from] U-turn
|-ability|p1a: Corviknight|Pressure
|move|p2a: Crimson King|Kowtow Cleave|p1a: Corviknight
|-damage|p1a: Corviknight|49/100
|-damage|p2a: Crimson King|12/100 brn|[from] item: Rocky Helmet|[of] p1a: Corviknight
|
|-heal|p2a: Crimson King|18/100 brn|[from] item: Leftovers
|-damage|p2a: Crimson King|12/100 brn|[from] brn
|upkeep
|turn|8
|
|t:|1780979965
|move|p2a: Crimson King|Swords Dance|p2a: Crimson King
|-boost|p2a: Crimson King|atk|2
|move|p1a: Corviknight|Roost|p1a: Corviknight
|-heal|p1a: Corviknight|99/100
|-singleturn|p1a: Corviknight|move: Roost
|
|-heal|p2a: Crimson King|18/100 brn|[from] item: Leftovers
|-damage|p2a: Crimson King|12/100 brn|[from] brn
|upkeep
|turn|9
|j| Golem Rising
|l| Golem Rising
|
|t:|1780979970
|move|p2a: Crimson King|Kowtow Cleave|p1a: Corviknight
|-damage|p1a: Corviknight|57/100
|-damage|p2a: Crimson King|0 fnt|[from] item: Rocky Helmet|[of] p1a: Corviknight
|faint|p2a: Crimson King
|move|p1a: Corviknight|Brave Bird|p2: Crimson King|[notarget]
|-fail|p1a: Corviknight
|
|upkeep
|
|t:|1780979986
|switch|p2a: The Blue Mask|Ogerpon-Wellspring, F|100/100
|turn|10
|
|t:|1780979995
|-terastallize|p2a: The Blue Mask|Water
|detailschange|p2a: The Blue Mask|Ogerpon-Wellspring-Tera, F, tera:Water
|-ability|p2a: The Blue Mask|Embody Aspect (Wellspring)|boost
|-boost|p2a: The Blue Mask|spd|1
|move|p2a: The Blue Mask|Ivy Cudgel|p1a: Corviknight|[anim] Ivy Cudgel Water
|-damage|p1a: Corviknight|0 fnt
|faint|p1a: Corviknight
|
|upkeep
|
|t:|1780980013
|switch|p1a: Hippowdon|Hippowdon, M|100/100
|-weather|Sandstorm|[from] ability: Sand Stream|[of] p1a: Hippowdon
|turn|11
|
|t:|1780980025
|-terastallize|p1a: Hippowdon|Grass
|move|p2a: The Blue Mask|Ivy Cudgel|p1a: Hippowdon|[anim] Ivy Cudgel Water
|-resisted|p1a: Hippowdon
|-damage|p1a: Hippowdon|80/100
|move|p1a: Hippowdon|Earthquake|p2a: The Blue Mask
|-damage|p2a: The Blue Mask|52/100
|
|-weather|Sandstorm|[upkeep]
|-damage|p2a: The Blue Mask|46/100|[from] Sandstorm
|-damage|p1a: Hippowdon|74/100|[from] Sandstorm
|upkeep
|turn|12
|
|t:|1780980037
|move|p1a: Hippowdon|Protect|p1a: Hippowdon
|-singleturn|p1a: Hippowdon|Protect
|move|p2a: The Blue Mask|U-turn|p1a: Hippowdon
|-activate|p1a: Hippowdon|move: Protect
|
|-weather|Sandstorm|[upkeep]
|-damage|p2a: The Blue Mask|40/100|[from] Sandstorm
|-damage|p1a: Hippowdon|67/100|[from] Sandstorm
|upkeep
|turn|13
|
|t:|1780980048
|switch|p1a: Garchomp|Garchomp, F|100/100
|move|p2a: The Blue Mask|U-turn|p1a: Garchomp
|-damage|p1a: Garchomp|72/100
|-damage|p2a: The Blue Mask|28/100|[from] ability: Rough Skin|[of] p1a: Garchomp
|-damage|p2a: The Blue Mask|11/100|[from] item: Rocky Helmet|[of] p1a: Garchomp
|
|t:|1780980050
|switch|p2a: cLOUDDEAD|Landorus-Therian, M|91/100|[from] U-turn
|-ability|p2a: cLOUDDEAD|Intimidate|boost
|-unboost|p1a: Garchomp|atk|1
|
|-weather|Sandstorm|[upkeep]
|upkeep
|turn|14
|j| BandedAI
|l| BandedAI
|
|t:|1780980068
|move|p1a: Garchomp|Stealth Rock|p2a: cLOUDDEAD
|-sidestart|p2: tony urbadaliano|move: Stealth Rock
|move|p2a: cLOUDDEAD|Taunt|p1a: Garchomp
|-start|p1a: Garchomp|move: Taunt
|
|-weather|Sandstorm|[upkeep]
|upkeep
|turn|15
|
|t:|1780980077
|switch|p1a: Dragapult|Dragapult, M|70/100
|move|p2a: cLOUDDEAD|Earthquake|p1a: Dragapult
|-damage|p1a: Dragapult|3/100
|
|-weather|Sandstorm|[upkeep]
|-damage|p1a: Dragapult|0 fnt|[from] Sandstorm
|faint|p1a: Dragapult
|upkeep
|
|t:|1780980083
|switch|p1a: Garchomp|Garchomp, F|72/100
|turn|16
|
|t:|1780980096
|move|p1a: Garchomp|Dragon Claw|p2a: cLOUDDEAD
|-damage|p2a: cLOUDDEAD|50/100
|-damage|p1a: Garchomp|56/100|[from] item: Rocky Helmet|[of] p2a: cLOUDDEAD
|move|p2a: cLOUDDEAD|Earthquake|p1a: Garchomp
|-damage|p1a: Garchomp|6/100
|
|-weather|Sandstorm|[upkeep]
|upkeep
|turn|17
|
|t:|1780980104
|move|p1a: Garchomp|Dragon Claw|p2a: cLOUDDEAD
|-damage|p2a: cLOUDDEAD|9/100
|-damage|p1a: Garchomp|0 fnt|[from] item: Rocky Helmet|[of] p2a: cLOUDDEAD
|faint|p1a: Garchomp
|move|p2a: cLOUDDEAD|U-turn|p1: Garchomp|[notarget]
|-fail|p2a: cLOUDDEAD
|
|-weather|Sandstorm|[upkeep]
|upkeep
|
|t:|1780980110
|switch|p1a: Excadrill|Excadrill, M|100/100
|-item|p1a: Excadrill|Air Balloon
|turn|18
|
|t:|1780980115
|move|p1a: Excadrill|Rock Slide|p2a: cLOUDDEAD
|-damage|p2a: cLOUDDEAD|0 fnt
|faint|p2a: cLOUDDEAD
|
|-weather|none
|upkeep
|
|t:|1780980119
|switch|p2a: The Blue Mask|Ogerpon-Wellspring-Tera, F, tera:Water|11/100
|-damage|p2a: The Blue Mask|0 fnt|[from] Stealth Rock
|faint|p2a: The Blue Mask
|detailschange|p2: The Blue Mask|Ogerpon-Wellspring, F|[silent]
|
|t:|1780980136
|switch|p2a: Firestarter|Cinderace, F|100/100
|turn|19
|
|t:|1780980154
|switch|p1a: Hippowdon|Hippowdon, M, tera:Grass|67/100
|-weather|Sandstorm|[from] ability: Sand Stream|[of] p1a: Hippowdon
|move|p2a: Firestarter|Pyro Ball|p1a: Hippowdon|[miss]
|-miss|p2a: Firestarter|p1a: Hippowdon
|
|-weather|Sandstorm|[upkeep]
|-damage|p2a: Firestarter|94/100|[from] Sandstorm
|-damage|p1a: Hippowdon|61/100|[from] Sandstorm
|upkeep
|turn|20
|
|t:|1780980173
|move|p2a: Firestarter|Will-O-Wisp|p1a: Hippowdon
|-status|p1a: Hippowdon|brn
|move|p1a: Hippowdon|Earthquake|p2a: Firestarter
|-supereffective|p2a: Firestarter
|-damage|p2a: Firestarter|46/100
|
|-weather|Sandstorm|[upkeep]
|-damage|p2a: Firestarter|40/100|[from] Sandstorm
|-damage|p1a: Hippowdon|55/100 brn|[from] Sandstorm
|-damage|p1a: Hippowdon|49/100 brn|[from] brn
|upkeep
|turn|21
|
|t:|1780980179
|move|p2a: Firestarter|Pyro Ball|p1a: Hippowdon
|-supereffective|p1a: Hippowdon
|-damage|p1a: Hippowdon|0 fnt
|faint|p1a: Hippowdon
|
|-weather|Sandstorm|[upkeep]
|-damage|p2a: Firestarter|34/100|[from] Sandstorm
|upkeep
|
|t:|1780980181
|switch|p1a: Excadrill|Excadrill, M|100/100
|-item|p1a: Excadrill|Air Balloon
|turn|22
|
|t:|1780980186
|switch|p2a: Lodi Dodi|Latias, F|100/100
|-damage|p2a: Lodi Dodi|88/100|[from] Stealth Rock
|move|p1a: Excadrill|Iron Head|p2a: Lodi Dodi
|-damage|p2a: Lodi Dodi|53/100
|
|-weather|Sandstorm|[upkeep]
|-damage|p2a: Lodi Dodi|47/100|[from] Sandstorm
|upkeep
|turn|23
|
|t:|1780980196
|move|p1a: Excadrill|Iron Head|p2a: Lodi Dodi
|-damage|p2a: Lodi Dodi|10/100
|move|p2a: Lodi Dodi|Draining Kiss|p1a: Excadrill
|-resisted|p1a: Excadrill
|-damage|p1a: Excadrill|93/100
|-heal|p2a: Lodi Dodi|16/100|[from] drain|[of] p1a: Excadrill
|-enditem|p1a: Excadrill|Air Balloon
|
|-weather|Sandstorm|[upkeep]
|-damage|p2a: Lodi Dodi|10/100|[from] Sandstorm
|upkeep
|turn|24
|
|t:|1780980213
|move|p1a: Excadrill|Iron Head|p2a: Lodi Dodi
|-damage|p2a: Lodi Dodi|0 fnt
|faint|p2a: Lodi Dodi
|
|-weather|Sandstorm|[upkeep]
|upkeep
|
|t:|1780980218
|switch|p2a: Loveless|Iron Valiant|100/100
|-damage|p2a: Loveless|94/100|[from] Stealth Rock
|turn|25
|
|t:|1780980222
|move|p2a: Loveless|Vacuum Wave|p1a: Excadrill
|-supereffective|p1a: Excadrill
|-damage|p1a: Excadrill|12/100
|move|p1a: Excadrill|Iron Head|p2a: Loveless
|-supereffective|p2a: Loveless
|-damage|p2a: Loveless|0 fnt
|faint|p2a: Loveless
|-end|p2a: Loveless|Quark Drive|[silent]
|
|-weather|Sandstorm|[upkeep]
|upkeep
|-message|tony urbadaliano forfeited.
|
|win|Scratchez
|raw|Scratchez's rating: 1514 &rarr; <strong>1536</strong><br />(+22 for winning)
|raw|tony urbadaliano's rating: 1550 &rarr; <strong>1528</strong><br />(-22 for losing)
|l|☆tony urbadaliano
|player|p2|
|l|☆Scratchez
|player|p1|
