|j|☆Mr Tpen
|j|☆Palm X
|t:|1781055838
|gametype|singles
|player|p1|Mr Tpen|102|1570
|player|p2|Palm X|caitlin|1641
|gen|9
|tier|[Gen 9] OU
|rated|
|rule|HP Percentage Mod: HP is shown in percentages
|rule|Endless Battle Clause: Forcing endless battles is banned
|rule|Species Clause: Limit one of each Pokémon
|rule|OHKO Clause: OHKO moves are banned
|rule|Evasion Items Clause: Evasion items are banned
|rule|Evasion Moves Clause: Evasion moves are banned
|rule|Evasion Abilities Clause: Evasion abilities are banned
|rule|Sleep Moves Clause: Sleep-inducing moves are banned
|clearpoke
|poke|p1|Moltres|
|poke|p1|Corviknight, F|
|poke|p1|Gliscor, F|
|poke|p1|Ogerpon-Wellspring, F|
|poke|p1|Gholdengo|
|poke|p1|Clefable, M|
|poke|p2|Great Tusk|
|poke|p2|Slowking-Galar, F|
|poke|p2|Cinderace, M|
|poke|p2|Kyurem|
|poke|p2|Enamorus, F|
|poke|p2|Kingambit, F|
|teampreview
|inactive|Battle timer is ON: inactive players will automatically lose when time's up. (requested by Palm X)
|
|t:|1781055845
|teamsize|p1|6
|teamsize|p2|6
|start
|switch|p1a: Gliscor|Gliscor, F|100/100
|switch|p2a: Slowking|Slowking-Galar, F|100/100
|turn|1
|
|t:|1781055850
|move|p1a: Gliscor|Agility|p1a: Gliscor
|-boost|p1a: Gliscor|spe|2
|move|p2a: Slowking|Future Sight|p1a: Gliscor
|-start|p2a: Slowking|move: Future Sight
|
|-status|p1a: Gliscor|tox|[from] item: Toxic Orb
|upkeep
|turn|2
|
|t:|1781055854
|move|p1a: Gliscor|Swords Dance|p1a: Gliscor
|-boost|p1a: Gliscor|atk|2
|-prepare|p2a: Slowking|Chilly Reception|[premajor]
|move|p2a: Slowking|Chilly Reception|p2a: Slowking
|-weather|Snowscape
|
|t:|1781055857
|switch|p2a: Kyurem|Kyurem|100/100|[from] Chilly Reception
|-ability|p2a: Kyurem|Pressure
|
|-weather|Snowscape|[upkeep]
|upkeep
|turn|3
|
|t:|1781055861
|-terastallize|p1a: Gliscor|Normal
|move|p2a: Kyurem|Protect|p2a: Kyurem
|-singleturn|p2a: Kyurem|Protect
|move|p1a: Gliscor|Facade|p2a: Kyurem
|-activate|p2a: Kyurem|move: Protect
|
|-weather|Snowscape|[upkeep]
|-end|p1a: Gliscor|move: Future Sight
|-damage|p1a: Gliscor|39/100 tox
|-heal|p1a: Gliscor|51/100 tox|[from] ability: Poison Heal
|upkeep
|turn|4
|
|t:|1781055869
|move|p1a: Gliscor|Facade|p2a: Kyurem
|-damage|p2a: Kyurem|34/100
|move|p2a: Kyurem|Freeze-Dry|p1a: Gliscor
|-damage|p1a: Gliscor|0 fnt
|faint|p1a: Gliscor
|
|-weather|Snowscape|[upkeep]
|-heal|p2a: Kyurem|40/100|[from] item: Leftovers
|upkeep
|
|t:|1781055871
|switch|p1a: Corviknight|Corviknight, F|100/100
|-ability|p1a: Corviknight|Pressure
|turn|5
|
|t:|1781055877
|move|p2a: Kyurem|Protect|p2a: Kyurem
|-singleturn|p2a: Kyurem|Protect
|move|p1a: Corviknight|Brave Bird|p2a: Kyurem
|-activate|p2a: Kyurem|move: Protect
|
|-weather|Snowscape|[upkeep]
|-heal|p2a: Kyurem|46/100|[from] item: Leftovers
|upkeep
|turn|6
|
|t:|1781055883
|switch|p2a: Slowking|Slowking-Galar, F|100/100
|move|p1a: Corviknight|Brave Bird|p2a: Slowking
|-damage|p2a: Slowking|59/100
|-damage|p1a: Corviknight|87/100|[from] Recoil
|
|-weather|none
|-heal|p1a: Corviknight|93/100|[from] item: Leftovers
|upkeep
|turn|7
|
|t:|1781055888
|move|p1a: Corviknight|Brave Bird|p2a: Slowking
|-damage|p2a: Slowking|23/100
|-damage|p1a: Corviknight|82/100|[from] Recoil
|-prepare|p2a: Slowking|Chilly Reception|[premajor]
|move|p2a: Slowking|Chilly Reception|p2a: Slowking
|-weather|Snowscape
|
|t:|1781055891
|switch|p2a: Cinderace|Cinderace, M|100/100|[from] Chilly Reception
|
|-weather|Snowscape|[upkeep]
|-heal|p1a: Corviknight|88/100|[from] item: Leftovers
|upkeep
|turn|8
|
|t:|1781055894
|move|p1a: Corviknight|Protect|p1a: Corviknight
|-singleturn|p1a: Corviknight|Protect
|move|p2a: Cinderace|Will-O-Wisp|p1a: Corviknight
|-activate|p1a: Corviknight|move: Protect
|
|-weather|Snowscape|[upkeep]
|-heal|p1a: Corviknight|94/100|[from] item: Leftovers
|upkeep
|turn|9
|
|t:|1781055898
|switch|p1a: Moltres|Moltres|100/100
|-ability|p1a: Moltres|Pressure
|move|p2a: Cinderace|U-turn|p1a: Moltres
|-resisted|p1a: Moltres
|-damage|p1a: Moltres|98/100
|
|t:|1781055900
|switch|p2a: Slowking|Slowking-Galar, F|57/100|[from] U-turn
|
|-weather|Snowscape|[upkeep]
|upkeep
|turn|10
|
|t:|1781055902
|move|p1a: Moltres|U-turn|p2a: Slowking
|-damage|p2a: Slowking|42/100
|
|t:|1781055904
|switch|p1a: Corviknight|Corviknight, F|94/100|[from] U-turn
|-ability|p1a: Corviknight|Pressure
|move|p2a: Slowking|Thunder Wave|p1a: Corviknight
|-status|p1a: Corviknight|par
|
|-weather|Snowscape|[upkeep]
|-heal|p1a: Corviknight|100/100 par|[from] item: Leftovers
|upkeep
|turn|11
|
|t:|1781055908
|move|p1a: Corviknight|Brave Bird|p2a: Slowking
|-damage|p2a: Slowking|3/100
|-damage|p1a: Corviknight|87/100 par|[from] Recoil
|-prepare|p2a: Slowking|Chilly Reception|[premajor]
|move|p2a: Slowking|Chilly Reception|p2a: Slowking
|
|t:|1781055911
|switch|p2a: Enamorus|Enamorus, F|100/100|[from] Chilly Reception
|
|-weather|none
|-heal|p1a: Corviknight|94/100 par|[from] item: Leftovers
|upkeep
|turn|12
|
|t:|1781055913
|move|p1a: Corviknight|Protect|p1a: Corviknight
|-singleturn|p1a: Corviknight|Protect
|move|p2a: Enamorus|Mystical Fire|p1a: Corviknight
|-activate|p1a: Corviknight|move: Protect
|
|-heal|p1a: Corviknight|99/100 par|[from] item: Leftovers
|upkeep
|turn|13
|
|t:|1781055918
|switch|p2a: Slowking|Slowking-Galar, F|36/100
|switch|p1a: Moltres|Moltres|98/100
|-ability|p1a: Moltres|Pressure
|
|upkeep
|turn|14
|
|t:|1781055921
|move|p1a: Moltres|U-turn|p2a: Slowking
|-damage|p2a: Slowking|21/100
|
|t:|1781055923
|switch|p1a: Corviknight|Corviknight, F|99/100 par|[from] U-turn
|-ability|p1a: Corviknight|Pressure
|-prepare|p2a: Slowking|Chilly Reception|[premajor]
|move|p2a: Slowking|Chilly Reception|p2a: Slowking
|-weather|Snowscape
|
|t:|1781055926
|switch|p2a: Kyurem|Kyurem|46/100|[from] Chilly Reception
|-ability|p2a: Kyurem|Pressure
|
|-weather|Snowscape|[upkeep]
|-heal|p2a: Kyurem|52/100|[from] item: Leftovers
|-heal|p1a: Corviknight|100/100 par|[from] item: Leftovers
|upkeep
|turn|15
|
|t:|1781055932
|move|p2a: Kyurem|Substitute|p2a: Kyurem
|-start|p2a: Kyurem|Substitute
|-damage|p2a: Kyurem|27/100
|cant|p1a: Corviknight|par
|
|-weather|Snowscape|[upkeep]
|-heal|p2a: Kyurem|34/100|[from] item: Leftovers
|upkeep
|turn|16
|
|t:|1781055935
|cant|p1a: Corviknight|par
|move|p2a: Kyurem|Freeze-Dry|p1a: Corviknight
|-damage|p1a: Corviknight|73/100 par
|
|-weather|Snowscape|[upkeep]
|-heal|p2a: Kyurem|40/100|[from] item: Leftovers
|-heal|p1a: Corviknight|80/100 par|[from] item: Leftovers
|upkeep
|turn|17
|
|t:|1781055939
|move|p2a: Kyurem|Freeze-Dry|p1a: Corviknight
|-crit|p1a: Corviknight
|-damage|p1a: Corviknight|41/100 par
|cant|p1a: Corviknight|par
|
|-weather|Snowscape|[upkeep]
|-heal|p2a: Kyurem|46/100|[from] item: Leftovers
|-heal|p1a: Corviknight|47/100 par|[from] item: Leftovers
|upkeep
|turn|18
|
|t:|1781055944
|move|p2a: Kyurem|Freeze-Dry|p1a: Corviknight
|-damage|p1a: Corviknight|22/100 par
|cant|p1a: Corviknight|par
|
|-weather|none
|-heal|p2a: Kyurem|52/100|[from] item: Leftovers
|-heal|p1a: Corviknight|28/100 par|[from] item: Leftovers
|upkeep
|turn|19
|
|t:|1781055948
|cant|p1a: Corviknight|par
|move|p2a: Kyurem|Freeze-Dry|p1a: Corviknight
|-damage|p1a: Corviknight|3/100 par
|
|-heal|p2a: Kyurem|58/100|[from] item: Leftovers
|-heal|p1a: Corviknight|9/100 par|[from] item: Leftovers
|upkeep
|turn|20
|
|t:|1781055951
|move|p1a: Corviknight|Protect|p1a: Corviknight
|-singleturn|p1a: Corviknight|Protect
|move|p2a: Kyurem|Freeze-Dry|p1a: Corviknight
|-activate|p1a: Corviknight|move: Protect
|
|-heal|p2a: Kyurem|64/100|[from] item: Leftovers
|-heal|p1a: Corviknight|16/100 par|[from] item: Leftovers
|upkeep
|turn|21
|
|t:|1781055954
|move|p2a: Kyurem|Freeze-Dry|p1a: Corviknight
|-damage|p1a: Corviknight|0 fnt
|faint|p1a: Corviknight
|
|-heal|p2a: Kyurem|70/100|[from] item: Leftovers
|upkeep
|
|t:|1781055955
|switch|p1a: Moltres|Moltres|98/100
|-ability|p1a: Moltres|Pressure
|turn|22
|
|t:|1781055957
|move|p2a: Kyurem|Freeze-Dry|p1a: Moltres
|-damage|p1a: Moltres|63/100
|move|p1a: Moltres|Flamethrower|p2a: Kyurem
|-end|p2a: Kyurem|Substitute
|
|-heal|p2a: Kyurem|76/100|[from] item: Leftovers
|upkeep
|turn|23
|
|t:|1781055962
|move|p2a: Kyurem|Protect|p2a: Kyurem
|-singleturn|p2a: Kyurem|Protect
|move|p1a: Moltres|Flamethrower|p2a: Kyurem
|-activate|p2a: Kyurem|move: Protect
|
|-heal|p2a: Kyurem|83/100|[from] item: Leftovers
|upkeep
|turn|24
|
|t:|1781055966
|switch|p2a: Slowking|Slowking-Galar, F|54/100
|move|p1a: Moltres|Flamethrower|p2a: Slowking
|-damage|p2a: Slowking|30/100
|
|upkeep
|turn|25
|
|t:|1781055969
|move|p1a: Moltres|Flamethrower|p2a: Slowking
|-crit|p2a: Slowking
|-damage|p2a: Slowking|0 fnt
|faint|p2a: Slowking
|
|upkeep
|
|t:|1781055980
|switch|p2a: Great Tusk|Great Tusk|100/100
|turn|26
|
|t:|1781055989
|-end|p2a: Great Tusk|Protosynthesis|[silent]
|switch|p2a: Cinderace|Cinderace, M|100/100
|move|p1a: Moltres|Roost|p1a: Moltres
|-heal|p1a: Moltres|100/100
|-singleturn|p1a: Moltres|move: Roost
|
|upkeep
|turn|27
|
|t:|1781055992
|move|p2a: Cinderace|Pyro Ball|p1a: Moltres
|-resisted|p1a: Moltres
|-damage|p1a: Moltres|84/100
|move|p1a: Moltres|Flamethrower|p2a: Cinderace
|-resisted|p2a: Cinderace
|-damage|p2a: Cinderace|78/100
|
|upkeep
|turn|28
|
|t:|1781056005
|move|p2a: Cinderace|Pyro Ball|p1a: Moltres|[miss]
|-miss|p2a: Cinderace|p1a: Moltres
|move|p1a: Moltres|Flamethrower|p2a: Cinderace
|-resisted|p2a: Cinderace
|-damage|p2a: Cinderace|57/100
|
|upkeep
|turn|29
|
|t:|1781056009
|move|p2a: Cinderace|U-turn|p1a: Moltres
|-resisted|p1a: Moltres
|-damage|p1a: Moltres|81/100
|
|t:|1781056011
|switch|p2a: Enamorus|Enamorus, F|100/100|[from] U-turn
|move|p1a: Moltres|Flamethrower|p2a: Enamorus
|-damage|p2a: Enamorus|50/100
|
|upkeep
|turn|30
|
|t:|1781056016
|move|p2a: Enamorus|Moonblast|p1a: Moltres
|-resisted|p1a: Moltres
|-damage|p1a: Moltres|56/100
|move|p1a: Moltres|Roost|p1a: Moltres
|-heal|p1a: Moltres|100/100
|-singleturn|p1a: Moltres|move: Roost
|
|upkeep
|turn|31
|
|t:|1781056020
|move|p2a: Enamorus|Moonblast|p1a: Moltres
|-resisted|p1a: Moltres
|-damage|p1a: Moltres|74/100
|move|p1a: Moltres|Flamethrower|p2a: Enamorus
|-damage|p2a: Enamorus|0 fnt
|faint|p2a: Enamorus
|
|upkeep
|
|t:|1781056024
|switch|p2a: Kyurem|Kyurem|83/100
|-ability|p2a: Kyurem|Pressure
|turn|32
|
|t:|1781056029
|move|p2a: Kyurem|Freeze-Dry|p1a: Moltres
|-damage|p1a: Moltres|39/100
|move|p1a: Moltres|Roost|p1a: Moltres
|-heal|p1a: Moltres|89/100
|-singleturn|p1a: Moltres|move: Roost
|
|-heal|p2a: Kyurem|89/100|[from] item: Leftovers
|upkeep
|turn|33
|
|t:|1781056035
|move|p2a: Kyurem|Freeze-Dry|p1a: Moltres
|-damage|p1a: Moltres|54/100
|move|p1a: Moltres|Flamethrower|p2a: Kyurem
|-damage|p2a: Kyurem|57/100
|
|-heal|p2a: Kyurem|63/100|[from] item: Leftovers
|upkeep
|turn|34
|
|t:|1781056039
|move|p2a: Kyurem|Freeze-Dry|p1a: Moltres
|-damage|p1a: Moltres|15/100
|move|p1a: Moltres|Roost|p1a: Moltres
|-heal|p1a: Moltres|65/100
|-singleturn|p1a: Moltres|move: Roost
|
|-heal|p2a: Kyurem|69/100|[from] item: Leftovers
|upkeep
|turn|35
|
|t:|1781056044
|move|p2a: Kyurem|Protect|p2a: Kyurem
|-singleturn|p2a: Kyurem|Protect
|move|p1a: Moltres|Roost|p1a: Moltres
|-heal|p1a: Moltres|100/100
|-singleturn|p1a: Moltres|move: Roost
|
|-heal|p2a: Kyurem|75/100|[from] item: Leftovers
|upkeep
|turn|36
|
|t:|1781056048
|move|p2a: Kyurem|Substitute|p2a: Kyurem
|-start|p2a: Kyurem|Substitute
|-damage|p2a: Kyurem|50/100
|move|p1a: Moltres|Flamethrower|p2a: Kyurem
|-end|p2a: Kyurem|Substitute
|
|-heal|p2a: Kyurem|56/100|[from] item: Leftovers
|upkeep
|turn|37
|
|t:|1781056051
|move|p2a: Kyurem|Protect|p2a: Kyurem
|-singleturn|p2a: Kyurem|Protect
|move|p1a: Moltres|Roar|p2a: Kyurem
|drag|p2a: Great Tusk|Great Tusk|100/100
|
|upkeep
|turn|38
|
|t:|1781056058
|-terastallize|p2a: Great Tusk|Fire
|move|p2a: Great Tusk|Rapid Spin|p1a: Moltres
|-damage|p1a: Moltres|91/100
|-boost|p2a: Great Tusk|spe|1
|move|p1a: Moltres|Flamethrower|p2a: Great Tusk
|-resisted|p2a: Great Tusk
|-damage|p2a: Great Tusk|75/100
|
|-heal|p2a: Great Tusk|81/100|[from] item: Leftovers
|upkeep
|turn|39
|
|t:|1781056063
|move|p2a: Great Tusk|Knock Off|p1a: Moltres
|-damage|p1a: Moltres|73/100
|-enditem|p1a: Moltres|Heavy-Duty Boots|[from] move: Knock Off|[of] p2a: Great Tusk
|move|p1a: Moltres|Roar|p2a: Great Tusk
|-end|p2a: Great Tusk|Protosynthesis|[silent]
|drag|p2a: Kyurem|Kyurem|56/100
|-ability|p2a: Kyurem|Pressure
|
|-heal|p2a: Kyurem|63/100|[from] item: Leftovers
|upkeep
|turn|40
|
|t:|1781056069
|move|p2a: Kyurem|Freeze-Dry|p1a: Moltres
|-damage|p1a: Moltres|33/100
|move|p1a: Moltres|U-turn|p2a: Kyurem
|-damage|p2a: Kyurem|49/100
|
|t:|1781056073
|switch|p1a: Gholdengo|Gholdengo|100/100|[from] U-turn
|
|-heal|p2a: Kyurem|55/100|[from] item: Leftovers
|upkeep
|turn|41
|
|t:|1781056079
|move|p2a: Kyurem|Protect|p2a: Kyurem
|-singleturn|p2a: Kyurem|Protect
|move|p1a: Gholdengo|Make It Rain|p2a: Kyurem
|-activate|p2a: Kyurem|move: Protect
|
|-heal|p2a: Kyurem|61/100|[from] item: Leftovers
|upkeep
|turn|42
|
|t:|1781056084
|switch|p2a: Cinderace|Cinderace, M|57/100
|move|p1a: Gholdengo|Make It Rain|p2a: Cinderace
|-resisted|p2a: Cinderace
|-damage|p2a: Cinderace|11/100
|-unboost|p1a: Gholdengo|spa|1
|
|upkeep
|turn|43
|
|t:|1781056087
|move|p1a: Gholdengo|Make It Rain|p2a: Cinderace
|-resisted|p2a: Cinderace
|-damage|p2a: Cinderace|0 fnt
|-unboost|p1a: Gholdengo|spa|1
|faint|p2a: Cinderace
|
|upkeep
|
|t:|1781056092
|switch|p2a: Great Tusk|Great Tusk, tera:Fire|81/100
|turn|44
|
|t:|1781056096
|move|p1a: Gholdengo|Make It Rain|p2a: Great Tusk
|-resisted|p2a: Great Tusk
|-damage|p2a: Great Tusk|58/100
|-unboost|p1a: Gholdengo|spa|1
|move|p2a: Great Tusk|Bulk Up|p2a: Great Tusk
|-boost|p2a: Great Tusk|atk|1
|-boost|p2a: Great Tusk|def|1
|
|-heal|p2a: Great Tusk|64/100|[from] item: Leftovers
|upkeep
|turn|45
|
|t:|1781056100
|move|p1a: Gholdengo|Make It Rain|p2a: Great Tusk
|-resisted|p2a: Great Tusk
|-damage|p2a: Great Tusk|46/100
|-unboost|p1a: Gholdengo|spa|1
|move|p2a: Great Tusk|Earthquake|p1a: Gholdengo
|-supereffective|p1a: Gholdengo
|-damage|p1a: Gholdengo|0 fnt
|faint|p1a: Gholdengo
|
|-heal|p2a: Great Tusk|52/100|[from] item: Leftovers
|upkeep
|
|t:|1781056102
|switch|p1a: Ogerpon|Ogerpon-Wellspring, F|100/100
|turn|46
|
|t:|1781056107
|move|p1a: Ogerpon|Ivy Cudgel|p2a: Great Tusk|[anim] Ivy Cudgel Water
|-supereffective|p2a: Great Tusk
|-damage|p2a: Great Tusk|11/100
|move|p2a: Great Tusk|Earthquake|p1a: Ogerpon
|-resisted|p1a: Ogerpon
|-damage|p1a: Ogerpon|60/100
|
|-heal|p2a: Great Tusk|18/100|[from] item: Leftovers
|upkeep
|turn|47
|
|t:|1781056112
|move|p1a: Ogerpon|Ivy Cudgel|p2a: Great Tusk|[anim] Ivy Cudgel Water
|-supereffective|p2a: Great Tusk
|-damage|p2a: Great Tusk|0 fnt
|faint|p2a: Great Tusk
|-end|p2a: Great Tusk|Protosynthesis|[silent]
|
|upkeep
|
|t:|1781056114
|switch|p2a: Kyurem|Kyurem|61/100
|-ability|p2a: Kyurem|Pressure
|turn|48
|
|t:|1781056118
|switch|p1a: Moltres|Moltres|33/100
|-ability|p1a: Moltres|Pressure
|move|p2a: Kyurem|Freeze-Dry|p1a: Moltres
|-damage|p1a: Moltres|0 fnt
|faint|p1a: Moltres
|
|-heal|p2a: Kyurem|67/100|[from] item: Leftovers
|upkeep
|
|t:|1781056121
|switch|p1a: Clefable|Clefable, M|100/100
|turn|49
|
|t:|1781056127
|move|p2a: Kyurem|Freeze-Dry|p1a: Clefable
|-damage|p1a: Clefable|64/100
|move|p1a: Clefable|Cosmic Power|p1a: Clefable
|-boost|p1a: Clefable|def|1
|-boost|p1a: Clefable|spd|1
|
|-heal|p2a: Kyurem|73/100|[from] item: Leftovers
|upkeep
|turn|50
|
|t:|1781056131
|switch|p2a: Kingambit|Kingambit, F|100/100
|-activate|p2a: Kingambit|ability: Supreme Overlord
|-start|p2a: Kingambit|fallen4|[silent]
|move|p1a: Clefable|Cosmic Power|p1a: Clefable
|-boost|p1a: Clefable|def|1
|-boost|p1a: Clefable|spd|1
|
|upkeep
|turn|51
|
|t:|1781056135
|move|p1a: Clefable|Moonblast|p2a: Kingambit
|-crit|p2a: Kingambit
|-damage|p2a: Kingambit|40/100
|-unboost|p2a: Kingambit|spa|1
|move|p2a: Kingambit|Iron Head|p1a: Clefable
|-supereffective|p1a: Clefable
|-damage|p1a: Clefable|0 fnt
|faint|p1a: Clefable
|
|-heal|p2a: Kingambit|46/100|[from] item: Leftovers
|upkeep
|
|t:|1781056138
|switch|p1a: Ogerpon|Ogerpon-Wellspring, F|60/100
|turn|52
|
|t:|1781056143
|move|p1a: Ogerpon|Swords Dance|p1a: Ogerpon
|-boost|p1a: Ogerpon|atk|2
|move|p2a: Kingambit|Kowtow Cleave|p1a: Ogerpon
|-damage|p1a: Ogerpon|0 fnt
|faint|p1a: Ogerpon
|
|win|Palm X
|raw|Mr Tpen's rating: 1570 &rarr; <strong>1554</strong><br />(-16 for losing)
|raw|Palm X's rating: 1641 &rarr; <strong>1657</strong><br />(+16 for winning)
|l|☆Mr Tpen
|player|p1|
