|j|☆Nat889
|j|☆Glimpse Man
|t:|1781141760
|gametype|singles
|player|p1|Nat889|miku-ghost|1651
|player|p2|Glimpse Man|acetrainer-gen4dp|1603
|gen|9
|tier|[Gen 9] OU
|rated|
|rule|HP Percentage Mod: HP is shown in percentages
|rule|Endless Battle Clause: Forcing endless battles is banned
|rule|Species Clause: Limit one of each Pokémon
|rule|OHKO Clause: OHKO moves are banned
|rule|Evasion Items Clause: Evasion items are banned
|rule|Evasion Moves Clause: Evasion moves are banned
|rule|Evasion Abilities Clause: Evasion abilities are banned
|rule|Sleep Moves Clause: Sleep-inducing moves are banned
|clearpoke
|poke|p1|Lokix, F|
|poke|p1|Iron Valiant|
|poke|p1|Alomomola, L99, F|
|poke|p1|Mandibuzz, F|
|poke|p1|Great Tusk|
|poke|p1|Gholdengo|
|poke|p2|Great Tusk|
|poke|p2|Samurott-Hisui, F|
|poke|p2|Gholdengo|
|poke|p2|Zamazenta-*|
|poke|p2|Iron Valiant|
|poke|p2|Talonflame, F|
|teampreview
|inactive|Battle timer is ON: inactive players will automatically lose when time's up. (requested by Glimpse Man)
|
|t:|1781141769
|teamsize|p1|6
|teamsize|p2|6
|start
|switch|p1a: Shining Agito|Lokix, F, shiny|100/100
|switch|p2a: Samurott|Samurott-Hisui, F|100/100
|turn|1
|
|t:|1781141797
|switch|p1a: G3-X|Iron Valiant, shiny|100/100
|switch|p2a: Talonflame|Talonflame, F|100/100
|
|upkeep
|turn|2
|
|t:|1781141804
|-end|p1a: G3-X|Quark Drive|[silent]
|switch|p1a: Tetsuya Sawaki|Alomomola, L99, F|100/100
|move|p2a: Talonflame|U-turn|p1a: Tetsuya Sawaki
|-damage|p1a: Tetsuya Sawaki|91/100
|
|t:|1781141809
|switch|p2a: Samurott|Samurott-Hisui, F|100/100|[from] U-turn
|
|upkeep
|turn|3
|
|t:|1781141816
|move|p2a: Samurott|Knock Off|p1a: Tetsuya Sawaki
|-damage|p1a: Tetsuya Sawaki|62/100
|-enditem|p1a: Tetsuya Sawaki|Assault Vest|[from] move: Knock Off|[of] p2a: Samurott
|move|p1a: Tetsuya Sawaki|Flip Turn|p2a: Samurott
|-resisted|p2a: Samurott
|-damage|p2a: Samurott|91/100
|
|t:|1781141826
|switch|p1a: G3-X|Iron Valiant, shiny|100/100|[from] Flip Turn
|
|upkeep
|turn|4
|
|t:|1781141835
|switch|p2a: Gholdengo|Gholdengo|100/100
|-item|p2a: Gholdengo|Air Balloon
|move|p1a: G3-X|Moonblast|p2a: Gholdengo
|-resisted|p2a: Gholdengo
|-damage|p2a: Gholdengo|58/100
|-enditem|p2a: Gholdengo|Air Balloon
|
|upkeep
|turn|5
|
|t:|1781141845
|-end|p1a: G3-X|Quark Drive|[silent]
|switch|p1a: Tetsuya Sawaki|Alomomola, L99, F|95/100
|move|p2a: Gholdengo|Shadow Ball|p1a: Tetsuya Sawaki
|-damage|p1a: Tetsuya Sawaki|58/100
|
|upkeep
|turn|6
|
|t:|1781141852
|move|p2a: Gholdengo|Shadow Ball|p1a: Tetsuya Sawaki
|-damage|p1a: Tetsuya Sawaki|22/100
|move|p1a: Tetsuya Sawaki|Flip Turn|p2a: Gholdengo
|-damage|p2a: Gholdengo|40/100
|
|t:|1781141863
|switch|p1a: Gills Exceed|Great Tusk|100/100|[from] Flip Turn
|
|upkeep
|turn|7
|
|t:|1781141867
|switch|p2a: Talonflame|Talonflame, F|100/100
|move|p1a: Gills Exceed|Headlong Rush|p2a: Talonflame
|-immune|p2a: Talonflame
|
|upkeep
|turn|8
|
|t:|1781141874
|-end|p1a: Gills Exceed|Protosynthesis|[silent]
|switch|p1a: Tetsuya Sawaki|Alomomola, L99, F|55/100
|move|p2a: Talonflame|U-turn|p1a: Tetsuya Sawaki
|-damage|p1a: Tetsuya Sawaki|46/100
|
|t:|1781141881
|switch|p2a: Samurott|Samurott-Hisui, F|91/100|[from] U-turn
|
|upkeep
|turn|9
|
|t:|1781141886
|move|p2a: Samurott|Ceaseless Edge|p1a: Tetsuya Sawaki
|-damage|p1a: Tetsuya Sawaki|16/100
|-sidestart|p1: Nat889|Spikes
|move|p1a: Tetsuya Sawaki|Flip Turn|p2a: Samurott
|-resisted|p2a: Samurott
|-damage|p2a: Samurott|82/100
|
|t:|1781141896
|switch|p1a: G3-X|Iron Valiant, shiny|100/100|[from] Flip Turn
|-damage|p1a: G3-X|88/100|[from] Spikes
|
|upkeep
|turn|10
|j| rexa2
|
|t:|1781141904
|switch|p2a: Talonflame|Talonflame, F|100/100
|move|p1a: G3-X|Moonblast|p2a: Talonflame
|-resisted|p2a: Talonflame
|-damage|p2a: Talonflame|43/100
|
|upkeep
|turn|11
|
|t:|1781141909
|move|p2a: Talonflame|U-turn|p1a: G3-X
|-resisted|p1a: G3-X
|-damage|p1a: G3-X|84/100
|
|t:|1781141914
|switch|p2a: Gholdengo|Gholdengo|40/100|[from] U-turn
|move|p1a: G3-X|Moonblast|p2a: Gholdengo
|-resisted|p2a: Gholdengo
|-crit|p2a: Gholdengo
|-damage|p2a: Gholdengo|0 fnt
|faint|p2a: Gholdengo
|
|upkeep
|
|t:|1781141922
|switch|p2a: Zamazenta|Zamazenta|100/100
|-ability|p2a: Zamazenta|Dauntless Shield|boost
|-boost|p2a: Zamazenta|def|1
|turn|12
|
|t:|1781141931
|move|p2a: Zamazenta|Heavy Slam|p1a: G3-X
|-supereffective|p1a: G3-X
|-damage|p1a: G3-X|0 fnt
|faint|p1a: G3-X
|-end|p1a: G3-X|Quark Drive|[silent]
|
|upkeep
|
|t:|1781141941
|switch|p1a: MACHINE TORNADER|Gholdengo|100/100
|-damage|p1a: MACHINE TORNADER|88/100|[from] Spikes
|turn|13
|
|t:|1781141946
|switch|p2a: Samurott|Samurott-Hisui, F|82/100
|move|p1a: MACHINE TORNADER|Trick|p2a: Samurott
|-activate|p1a: MACHINE TORNADER|move: Trick|[of] p2a: Samurott
|-item|p2a: Samurott|Choice Scarf|[from] move: Trick
|-item|p1a: MACHINE TORNADER|Assault Vest|[from] move: Trick
|
|upkeep
|turn|14
|
|t:|1781141958
|switch|p1a: Gills Exceed|Great Tusk|100/100
|move|p2a: Samurott|Razor Shell|p1a: Gills Exceed
|-supereffective|p1a: Gills Exceed
|-damage|p1a: Gills Exceed|30/100
|-unboost|p1a: Gills Exceed|def|1
|
|upkeep
|turn|15
|
|t:|1781141970
|switch|p2a: Iron Valiant|Iron Valiant|100/100
|-enditem|p2a: Iron Valiant|Booster Energy
|-activate|p2a: Iron Valiant|ability: Quark Drive|[fromitem]
|-start|p2a: Iron Valiant|quarkdrivespe
|move|p1a: Gills Exceed|Rapid Spin|p2a: Iron Valiant
|-damage|p2a: Iron Valiant|79/100
|-boost|p1a: Gills Exceed|spe|1
|-sideend|p1: Nat889|Spikes|[from] move: Rapid Spin|[of] p1a: Gills Exceed
|
|upkeep
|turn|16
|
|t:|1781141981
|move|p2a: Iron Valiant|Close Combat|p1a: Gills Exceed
|-damage|p1a: Gills Exceed|0 fnt
|-unboost|p2a: Iron Valiant|def|1
|-unboost|p2a: Iron Valiant|spd|1
|faint|p1a: Gills Exceed
|-end|p1a: Gills Exceed|Protosynthesis|[silent]
|
|upkeep
|
|t:|1781141995
|switch|p1a: Tetsuya Sawaki|Alomomola, L99, F|49/100
|turn|17
|
|t:|1781142006
|move|p2a: Iron Valiant|Knock Off|p1a: Tetsuya Sawaki
|-damage|p1a: Tetsuya Sawaki|35/100
|move|p1a: Tetsuya Sawaki|Flip Turn|p2a: Iron Valiant
|-damage|p2a: Iron Valiant|50/100
|
|t:|1781142012
|switch|p1a: Overlord|Mandibuzz, F|100/100|[from] Flip Turn
|
|upkeep
|turn|18
|
|t:|1781142018
|switch|p1a: MACHINE TORNADER|Gholdengo|88/100
|move|p2a: Iron Valiant|Close Combat|p1a: MACHINE TORNADER
|-immune|p1a: MACHINE TORNADER
|
|upkeep
|turn|19
|
|t:|1781142026
|switch|p1a: Tetsuya Sawaki|Alomomola, L99, F|68/100
|move|p2a: Iron Valiant|Knock Off|p1a: Tetsuya Sawaki
|-damage|p1a: Tetsuya Sawaki|52/100
|
|upkeep
|turn|20
|
|t:|1781142035
|move|p2a: Iron Valiant|Close Combat|p1a: Tetsuya Sawaki
|-damage|p1a: Tetsuya Sawaki|8/100
|-unboost|p2a: Iron Valiant|def|1
|-unboost|p2a: Iron Valiant|spd|1
|move|p1a: Tetsuya Sawaki|Flip Turn|p2a: Iron Valiant
|-damage|p2a: Iron Valiant|11/100
|
|t:|1781142047
|switch|p1a: Shining Agito|Lokix, F, shiny|100/100|[from] Flip Turn
|
|upkeep
|turn|21
|
|t:|1781142055
|-end|p2a: Iron Valiant|Quark Drive|[silent]
|switch|p2a: Talonflame|Talonflame, F|43/100
|move|p1a: Shining Agito|Knock Off|p2a: Talonflame
|-damage|p2a: Talonflame|0 fnt
|-enditem|p2a: Talonflame|Heavy-Duty Boots|[from] move: Knock Off|[of] p1a: Shining Agito
|faint|p2a: Talonflame
|
|upkeep
|
|t:|1781142062
|switch|p2a: Great Tusk|Great Tusk|100/100
|turn|22
|
|t:|1781142070
|switch|p1a: Overlord|Mandibuzz, F|100/100
|move|p2a: Great Tusk|Bulk Up|p2a: Great Tusk
|-boost|p2a: Great Tusk|atk|1
|-boost|p2a: Great Tusk|def|1
|
|upkeep
|turn|23
|
|t:|1781142092
|switch|p1a: Tetsuya Sawaki|Alomomola, L99, F|41/100
|move|p2a: Great Tusk|Ice Spinner|p1a: Tetsuya Sawaki
|-resisted|p1a: Tetsuya Sawaki
|-damage|p1a: Tetsuya Sawaki|27/100
|
|upkeep
|turn|24
|
|t:|1781142100
|switch|p1a: Overlord|Mandibuzz, F|100/100
|move|p2a: Great Tusk|Headlong Rush|p1a: Overlord
|-immune|p1a: Overlord
|
|upkeep
|turn|25
|
|t:|1781142106
|move|p2a: Great Tusk|Ice Spinner|p1a: Overlord
|-supereffective|p1a: Overlord
|-crit|p1a: Overlord
|-damage|p1a: Overlord|33/100
|move|p1a: Overlord|U-turn|p2a: Great Tusk
|-resisted|p2a: Great Tusk
|-damage|p2a: Great Tusk|98/100
|
|t:|1781142112
|switch|p1a: Tetsuya Sawaki|Alomomola, L99, F|60/100|[from] U-turn
|
|-heal|p2a: Great Tusk|100/100|[from] item: Leftovers
|upkeep
|turn|26
|
|t:|1781142121
|move|p2a: Great Tusk|Bulk Up|p2a: Great Tusk
|-boost|p2a: Great Tusk|atk|1
|-boost|p2a: Great Tusk|def|1
|move|p1a: Tetsuya Sawaki|Scald|p2a: Great Tusk
|-supereffective|p2a: Great Tusk
|-damage|p2a: Great Tusk|63/100
|
|-heal|p2a: Great Tusk|70/100|[from] item: Leftovers
|upkeep
|turn|27
|
|t:|1781142130
|switch|p1a: Overlord|Mandibuzz, F|33/100
|move|p2a: Great Tusk|Headlong Rush|p1a: Overlord
|-immune|p1a: Overlord
|
|-heal|p2a: Great Tusk|76/100|[from] item: Leftovers
|upkeep
|turn|28
|
|t:|1781142138
|move|p2a: Great Tusk|Ice Spinner|p1a: Overlord
|-supereffective|p1a: Overlord
|-damage|p1a: Overlord|0 fnt
|faint|p1a: Overlord
|
|-heal|p2a: Great Tusk|82/100|[from] item: Leftovers
|upkeep
|
|t:|1781142143
|switch|p1a: Tetsuya Sawaki|Alomomola, L99, F|93/100
|turn|29
|
|t:|1781142146
|move|p2a: Great Tusk|Headlong Rush|p1a: Tetsuya Sawaki
|-damage|p1a: Tetsuya Sawaki|11/100
|-unboost|p2a: Great Tusk|def|1
|-unboost|p2a: Great Tusk|spd|1
|move|p1a: Tetsuya Sawaki|Scald|p2a: Great Tusk
|-supereffective|p2a: Great Tusk
|-damage|p2a: Great Tusk|17/100
|-status|p2a: Great Tusk|brn
|
|-heal|p2a: Great Tusk|24/100 brn|[from] item: Leftovers
|-damage|p2a: Great Tusk|17/100 brn|[from] brn
|upkeep
|turn|30
|
|t:|1781142160
|move|p2a: Great Tusk|Headlong Rush|p1a: Tetsuya Sawaki
|-damage|p1a: Tetsuya Sawaki|0 fnt
|-unboost|p2a: Great Tusk|def|1
|-unboost|p2a: Great Tusk|spd|1
|faint|p1a: Tetsuya Sawaki
|
|-heal|p2a: Great Tusk|24/100 brn|[from] item: Leftovers
|-damage|p2a: Great Tusk|17/100 brn|[from] brn
|upkeep
|
|t:|1781142170
|switch|p1a: Shining Agito|Lokix, F, shiny|100/100
|turn|31
|
|t:|1781142179
|move|p2a: Great Tusk|Headlong Rush|p1a: Shining Agito
|-resisted|p1a: Shining Agito
|-damage|p1a: Shining Agito|51/100
|-unboost|p2a: Great Tusk|def|1
|-unboost|p2a: Great Tusk|spd|1
|move|p1a: Shining Agito|Leech Life|p2a: Great Tusk
|-resisted|p2a: Great Tusk
|-damage|p2a: Great Tusk|0 fnt
|-heal|p1a: Shining Agito|62/100|[from] drain|[of] p2a: Great Tusk
|faint|p2a: Great Tusk
|-end|p2a: Great Tusk|Protosynthesis|[silent]
|
|upkeep
|
|t:|1781142186
|switch|p2a: Samurott|Samurott-Hisui, F|82/100
|turn|32
|
|t:|1781142193
|switch|p1a: MACHINE TORNADER|Gholdengo|88/100
|move|p2a: Samurott|Razor Shell|p1a: MACHINE TORNADER
|-damage|p1a: MACHINE TORNADER|32/100
|-unboost|p1a: MACHINE TORNADER|def|1
|
|upkeep
|turn|33
|
|t:|1781142201
|move|p2a: Samurott|Razor Shell|p1a: MACHINE TORNADER
|-damage|p1a: MACHINE TORNADER|0 fnt
|faint|p1a: MACHINE TORNADER
|
|upkeep
|
|t:|1781142205
|switch|p1a: Shining Agito|Lokix, F, shiny|62/100
|turn|34
|
|t:|1781142209
|-terastallize|p1a: Shining Agito|Bug
|move|p2a: Samurott|Razor Shell|p1a: Shining Agito
|-damage|p1a: Shining Agito|0 fnt
|faint|p1a: Shining Agito
|
|win|Glimpse Man
|raw|Nat889's rating: 1651 &rarr; <strong>1628</strong><br />(-23 for losing)
|raw|Glimpse Man's rating: 1603 &rarr; <strong>1626</strong><br />(+23 for winning)
|c|☆Nat889|gg\
|l|☆Glimpse Man
|player|p2|
|j|☆Glimpse Man
|player|p2|Glimpse Man|acetrainer-gen4dp|
|l|☆Glimpse Man
|player|p2|
|j|☆Glimpse Man
|player|p2|Glimpse Man|acetrainer-gen4dp|
|l|☆Glimpse Man
|player|p2|
|j|☆Glimpse Man
|player|p2|Glimpse Man|acetrainer-gen4dp|
|l|☆Glimpse Man
|player|p2|
|l|☆Nat889
|player|p1|
|l| rexa2
