|j|☆bingbong441
|j|☆ykykp
|t:|1781010480
|gametype|singles
|player|p1|bingbong441|pokemaniac|1760
|player|p2|ykykp|169|1768
|gen|9
|tier|[Gen 9] OU
|rated|
|rule|HP Percentage Mod: HP is shown in percentages
|rule|Endless Battle Clause: Forcing endless battles is banned
|rule|Species Clause: Limit one of each Pokémon
|rule|OHKO Clause: OHKO moves are banned
|rule|Evasion Items Clause: Evasion items are banned
|rule|Evasion Moves Clause: Evasion moves are banned
|rule|Evasion Abilities Clause: Evasion abilities are banned
|rule|Sleep Moves Clause: Sleep-inducing moves are banned
|clearpoke
|poke|p1|Rillaboom, M|
|poke|p1|Alomomola, F|
|poke|p1|Cinderace, F|
|poke|p1|Hoopa-Unbound|
|poke|p1|Fezandipiti, M|
|poke|p1|Zamazenta-*|
|poke|p2|Iron Valiant|
|poke|p2|Pecharunt|
|poke|p2|Alomomola, F|
|poke|p2|Cinderace, F|
|poke|p2|Zamazenta-*|
|poke|p2|Ogerpon-Cornerstone, F|
|teampreview
|inactive|Battle timer is ON: inactive players will automatically lose when time's up. (requested by ykykp)
|j| kanitanku
|
|t:|1781010490
|teamsize|p1|6
|teamsize|p2|6
|start
|switch|p1a: Cinderace|Cinderace, F|100/100
|switch|p2a: Ogerpon|Ogerpon-Cornerstone, F|100/100
|turn|1
|j| Agathina
|
|t:|1781010498
|move|p1a: Cinderace|U-turn|p2a: Ogerpon
|-start|p1a: Cinderace|typechange|Bug|[from] ability: Libero
|-supereffective|p2a: Ogerpon
|-damage|p2a: Ogerpon|17/100
|j| liechiteladihul
|
|t:|1781010517
|switch|p1a: Alomomola|Alomomola, F|100/100|[from] U-turn
|move|p2a: Ogerpon|Knock Off|p1a: Alomomola
|-damage|p1a: Alomomola|77/100
|-damage|p2a: Ogerpon|0 fnt|[from] item: Rocky Helmet|[of] p1a: Alomomola
|faint|p2a: Ogerpon
|
|upkeep
|
|t:|1781010523
|switch|p2a: Iron Valiant|Iron Valiant|100/100
|turn|2
|
|t:|1781010527
|switch|p1a: Fezandipiti|Fezandipiti, M|100/100
|move|p2a: Iron Valiant|Moonblast|p1a: Fezandipiti
|-resisted|p1a: Fezandipiti
|-damage|p1a: Fezandipiti|80/100
|
|upkeep
|turn|3
|
|t:|1781010534
|-end|p2a: Iron Valiant|Quark Drive|[silent]
|switch|p2a: Pecharunt|Pecharunt|100/100
|move|p1a: Fezandipiti|Beat Up|p2a: Pecharunt
|-supereffective|p2a: Pecharunt
|-damage|p2a: Pecharunt|98/100
|-supereffective|p2a: Pecharunt
|-damage|p2a: Pecharunt|94/100
|-supereffective|p2a: Pecharunt
|-damage|p2a: Pecharunt|90/100
|-supereffective|p2a: Pecharunt
|-damage|p2a: Pecharunt|86/100
|-supereffective|p2a: Pecharunt
|-damage|p2a: Pecharunt|84/100
|-supereffective|p2a: Pecharunt
|-damage|p2a: Pecharunt|80/100
|-hitcount|p2a: Pecharunt|6
|
|upkeep
|turn|4
|
|t:|1781010537
|move|p1a: Fezandipiti|Swagger|p2a: Pecharunt
|-boost|p2a: Pecharunt|atk|2
|-start|p2a: Pecharunt|confusion
|-activate|p2a: Pecharunt|confusion
|move|p2a: Pecharunt|Parting Shot|p1a: Fezandipiti
|-unboost|p1a: Fezandipiti|atk|1
|-unboost|p1a: Fezandipiti|spa|1
|
|t:|1781010553
|switch|p2a: Cinderace|Cinderace, F|100/100|[from] Parting Shot
|
|upkeep
|turn|5
|
|t:|1781010556
|switch|p1a: Alomomola|Alomomola, F|100/100
|move|p2a: Cinderace|Pyro Ball|p1a: Alomomola|[miss]
|-miss|p2a: Cinderace|p1a: Alomomola
|
|upkeep
|turn|6
|
|t:|1781010565
|move|p2a: Cinderace|U-turn|p1a: Alomomola
|-start|p2a: Cinderace|typechange|Bug|[from] ability: Libero
|-damage|p1a: Alomomola|82/100
|-damage|p2a: Cinderace|84/100|[from] item: Rocky Helmet|[of] p1a: Alomomola
|
|t:|1781010567
|switch|p2a: Alomomola|Alomomola, F|100/100|[from] U-turn
|move|p1a: Alomomola|Flip Turn|p2a: Alomomola
|-resisted|p2a: Alomomola
|-damage|p2a: Alomomola|94/100
|
|t:|1781010576
|switch|p1a: Hoopa|Hoopa-Unbound|100/100|[from] Flip Turn
|
|upkeep
|turn|7
|
|t:|1781010584
|move|p1a: Hoopa|Knock Off|p2a: Alomomola
|-damage|p2a: Alomomola|61/100
|-enditem|p2a: Alomomola|Assault Vest|[from] move: Knock Off|[of] p1a: Hoopa
|move|p2a: Alomomola|Flip Turn|p1a: Hoopa
|-damage|p1a: Hoopa|84/100
|
|t:|1781010586
|switch|p2a: Cinderace|Cinderace, F|84/100|[from] Flip Turn
|
|upkeep
|turn|8
|
|t:|1781010592
|switch|p1a: Alomomola|Alomomola, F|100/100
|move|p2a: Cinderace|U-turn|p1a: Alomomola
|-start|p2a: Cinderace|typechange|Bug|[from] ability: Libero
|-damage|p1a: Alomomola|84/100
|-damage|p2a: Cinderace|67/100|[from] item: Rocky Helmet|[of] p1a: Alomomola
|
|t:|1781010604
|switch|p2a: Iron Valiant|Iron Valiant|100/100|[from] U-turn
|
|upkeep
|turn|9
|
|t:|1781010613
|switch|p1a: Fezandipiti|Fezandipiti, M|80/100
|-terastallize|p2a: Iron Valiant|Fairy
|move|p2a: Iron Valiant|Moonblast|p1a: Fezandipiti
|-resisted|p1a: Fezandipiti
|-damage|p1a: Fezandipiti|53/100
|-unboost|p1a: Fezandipiti|spa|1
|
|upkeep
|turn|10
|
|t:|1781010622
|-end|p2a: Iron Valiant|Quark Drive|[silent]
|switch|p2a: Pecharunt|Pecharunt|80/100
|move|p1a: Fezandipiti|Roost|p1a: Fezandipiti
|-heal|p1a: Fezandipiti|100/100
|-singleturn|p1a: Fezandipiti|move: Roost
|
|upkeep
|turn|11
|
|t:|1781010625
|move|p1a: Fezandipiti|Swagger|p2a: Pecharunt
|-boost|p2a: Pecharunt|atk|2
|-start|p2a: Pecharunt|confusion
|-activate|p2a: Pecharunt|confusion
|-damage|p2a: Pecharunt|74/100|[from] confusion
|
|upkeep
|turn|12
|
|t:|1781010645
|move|p1a: Fezandipiti|Beat Up|p2a: Pecharunt
|-supereffective|p2a: Pecharunt
|-damage|p2a: Pecharunt|71/100
|-supereffective|p2a: Pecharunt
|-damage|p2a: Pecharunt|67/100
|-supereffective|p2a: Pecharunt
|-damage|p2a: Pecharunt|64/100
|-supereffective|p2a: Pecharunt
|-damage|p2a: Pecharunt|59/100
|-supereffective|p2a: Pecharunt
|-damage|p2a: Pecharunt|56/100
|-supereffective|p2a: Pecharunt
|-damage|p2a: Pecharunt|52/100
|-hitcount|p2a: Pecharunt|6
|-activate|p2a: Pecharunt|confusion
|move|p2a: Pecharunt|Parting Shot|p1a: Fezandipiti
|-unboost|p1a: Fezandipiti|atk|1
|-unboost|p1a: Fezandipiti|spa|1
|
|t:|1781010652
|switch|p2a: Cinderace|Cinderace, F|67/100|[from] Parting Shot
|
|upkeep
|turn|13
|
|t:|1781010676
|switch|p1a: Alomomola|Alomomola, F|100/100
|move|p2a: Cinderace|U-turn|p1a: Alomomola
|-start|p2a: Cinderace|typechange|Bug|[from] ability: Libero
|-damage|p1a: Alomomola|83/100
|-damage|p2a: Cinderace|51/100|[from] item: Rocky Helmet|[of] p1a: Alomomola
|
|t:|1781010698
|switch|p2a: Iron Valiant|Iron Valiant, tera:Fairy|100/100|[from] U-turn
|
|upkeep
|turn|14
|
|t:|1781010704
|switch|p1a: Fezandipiti|Fezandipiti, M|100/100
|move|p2a: Iron Valiant|Moonblast|p1a: Fezandipiti
|-resisted|p1a: Fezandipiti
|-damage|p1a: Fezandipiti|72/100
|
|upkeep
|turn|15
|
|t:|1781010715
|move|p2a: Iron Valiant|Moonblast|p1a: Fezandipiti
|-resisted|p1a: Fezandipiti
|-damage|p1a: Fezandipiti|45/100
|-unboost|p1a: Fezandipiti|spa|1
|move|p1a: Fezandipiti|Beat Up|p2a: Iron Valiant
|-resisted|p2a: Iron Valiant
|-damage|p2a: Iron Valiant|99/100
|-resisted|p2a: Iron Valiant
|-damage|p2a: Iron Valiant|96/100
|-resisted|p2a: Iron Valiant
|-damage|p2a: Iron Valiant|94/100
|-resisted|p2a: Iron Valiant
|-damage|p2a: Iron Valiant|91/100
|-resisted|p2a: Iron Valiant
|-damage|p2a: Iron Valiant|89/100
|-resisted|p2a: Iron Valiant
|-damage|p2a: Iron Valiant|87/100
|-hitcount|p2a: Iron Valiant|6
|
|upkeep
|turn|16
|
|t:|1781010719
|move|p2a: Iron Valiant|Moonblast|p1a: Fezandipiti
|-resisted|p1a: Fezandipiti
|-damage|p1a: Fezandipiti|17/100
|move|p1a: Fezandipiti|Roost|p1a: Fezandipiti
|-heal|p1a: Fezandipiti|68/100
|-singleturn|p1a: Fezandipiti|move: Roost
|
|upkeep
|turn|17
|
|t:|1781010724
|move|p2a: Iron Valiant|Moonblast|p1a: Fezandipiti
|-resisted|p1a: Fezandipiti
|-crit|p1a: Fezandipiti
|-damage|p1a: Fezandipiti|24/100
|-unboost|p1a: Fezandipiti|spa|1
|move|p1a: Fezandipiti|Beat Up|p2a: Iron Valiant
|-resisted|p2a: Iron Valiant
|-damage|p2a: Iron Valiant|85/100
|-resisted|p2a: Iron Valiant
|-damage|p2a: Iron Valiant|83/100
|-status|p2a: Iron Valiant|tox|[from] ability: Toxic Chain|[of] p1a: Fezandipiti
|-resisted|p2a: Iron Valiant
|-damage|p2a: Iron Valiant|80/100 tox
|-resisted|p2a: Iron Valiant
|-damage|p2a: Iron Valiant|78/100 tox
|-resisted|p2a: Iron Valiant
|-damage|p2a: Iron Valiant|76/100 tox
|-resisted|p2a: Iron Valiant
|-damage|p2a: Iron Valiant|73/100 tox
|-hitcount|p2a: Iron Valiant|6
|
|-damage|p2a: Iron Valiant|67/100 tox|[from] psn
|upkeep
|turn|18
|
|t:|1781010742
|switch|p1a: Cinderace|Cinderace, F|100/100
|move|p2a: Iron Valiant|Moonblast|p1a: Cinderace
|-resisted|p1a: Cinderace
|-damage|p1a: Cinderace|32/100
|
|-damage|p2a: Iron Valiant|55/100 tox|[from] psn
|upkeep
|turn|19
|
|t:|1781010752
|-end|p2a: Iron Valiant|Quark Drive|[silent]
|switch|p2a: Alomomola|Alomomola, F|94/100
|move|p1a: Cinderace|Sucker Punch||[still]
|-fail|p1a: Cinderace
|
|upkeep
|turn|20
|
|t:|1781010765
|move|p1a: Cinderace|U-turn|p2a: Alomomola
|-start|p1a: Cinderace|typechange|Bug|[from] ability: Libero
|-damage|p2a: Alomomola|69/100
|
|t:|1781010777
|switch|p1a: Rillaboom|Rillaboom, M|100/100|[from] U-turn
|-fieldstart|move: Grassy Terrain|[from] ability: Grassy Surge|[of] p1a: Rillaboom
|move|p2a: Alomomola|Flip Turn|p1a: Rillaboom
|-resisted|p1a: Rillaboom
|-damage|p1a: Rillaboom|92/100
|
|t:|1781010786
|switch|p2a: Pecharunt|Pecharunt|52/100|[from] Flip Turn
|
|-heal|p1a: Rillaboom|98/100|[from] Grassy Terrain
|-heal|p2a: Pecharunt|59/100|[from] Grassy Terrain
|upkeep
|turn|21
|
|t:|1781010801
|switch|p1a: Fezandipiti|Fezandipiti, M|24/100
|move|p2a: Pecharunt|Recover|p2a: Pecharunt
|-heal|p2a: Pecharunt|100/100
|
|-heal|p1a: Fezandipiti|30/100|[from] Grassy Terrain
|upkeep
|turn|22
|
|t:|1781010805
|move|p1a: Fezandipiti|Roost|p1a: Fezandipiti
|-heal|p1a: Fezandipiti|80/100
|-singleturn|p1a: Fezandipiti|move: Roost
|move|p2a: Pecharunt|Parting Shot|p1a: Fezandipiti
|-unboost|p1a: Fezandipiti|atk|1
|-unboost|p1a: Fezandipiti|spa|1
|j| deadbyflinch
|inactive|ykykp has 120 seconds left.
|
|t:|1781010840
|switch|p2a: Iron Valiant|Iron Valiant, tera:Fairy|55/100 tox|[from] Parting Shot
|
|-heal|p2a: Iron Valiant|61/100 tox|[from] Grassy Terrain
|-heal|p1a: Fezandipiti|86/100|[from] Grassy Terrain
|-damage|p2a: Iron Valiant|55/100 tox|[from] psn
|upkeep
|turn|23
|
|t:|1781010861
|move|p2a: Iron Valiant|Moonblast|p1a: Fezandipiti
|-resisted|p1a: Fezandipiti
|-damage|p1a: Fezandipiti|57/100
|move|p1a: Fezandipiti|Roost|p1a: Fezandipiti
|-heal|p1a: Fezandipiti|100/100
|-singleturn|p1a: Fezandipiti|move: Roost
|
|-heal|p2a: Iron Valiant|61/100 tox|[from] Grassy Terrain
|-damage|p2a: Iron Valiant|48/100 tox|[from] psn
|upkeep
|turn|24
|l| deadbyflinch
|-message|ykykp forfeited.
|
|win|bingbong441
|raw|bingbong441's rating: 1760 &rarr; <strong>1780</strong><br />(+20 for winning)
|raw|ykykp's rating: 1768 &rarr; <strong>1748</strong><br />(-20 for losing)
|l|☆ykykp
|player|p2|
|l|☆bingbong441
|player|p1|
|l| liechiteladihul
|l| kanitanku
