|j|☆IMenageI
|j|☆KurisuChestnutOU
|t:|1781118866
|gametype|singles
|player|p1|IMenageI|burglar|1572
|player|p2|KurisuChestnutOU|2|1603
|gen|9
|tier|[Gen 9] OU
|rated|
|rule|HP Percentage Mod: HP is shown in percentages
|rule|Endless Battle Clause: Forcing endless battles is banned
|rule|Species Clause: Limit one of each Pokémon
|rule|OHKO Clause: OHKO moves are banned
|rule|Evasion Items Clause: Evasion items are banned
|rule|Evasion Moves Clause: Evasion moves are banned
|rule|Evasion Abilities Clause: Evasion abilities are banned
|rule|Sleep Moves Clause: Sleep-inducing moves are banned
|clearpoke
|poke|p1|Ogerpon-Wellspring, F|
|poke|p1|Ting-Lu|
|poke|p1|Moltres|
|poke|p1|Pecharunt|
|poke|p1|Iron Crown|
|poke|p1|Great Tusk|
|poke|p2|Ting-Lu|
|poke|p2|Corviknight, F|
|poke|p2|Clodsire, F|
|poke|p2|Moltres|
|poke|p2|Dragapult, F|
|poke|p2|Garganacl, M|
|teampreview
|inactive|Battle timer is ON: inactive players will automatically lose when time's up. (requested by KurisuChestnutOU)
|inactive|IMenageI has 120 seconds left.
|
|t:|1781118930
|teamsize|p1|6
|teamsize|p2|6
|start
|switch|p1a: Ting-Lu|Ting-Lu|100/100
|switch|p2a: Ting-Lu|Ting-Lu|100/100
|-ability|p2a: Ting-Lu|Vessel of Ruin
|-ability|p1a: Ting-Lu|Vessel of Ruin
|turn|1
|
|t:|1781118948
|switch|p1a: Ogerpon|Ogerpon-Wellspring, F|100/100
|move|p2a: Ting-Lu|Stealth Rock|p1a: Ogerpon
|-sidestart|p1: IMenageI|move: Stealth Rock
|
|upkeep
|turn|2
|
|t:|1781118955
|switch|p2a: Corviknight|Corviknight, F|100/100
|-ability|p2a: Corviknight|Pressure
|move|p1a: Ogerpon|Ivy Cudgel|p2a: Corviknight|[anim] Ivy Cudgel Water
|-damage|p2a: Corviknight|61/100
|
|-heal|p2a: Corviknight|67/100|[from] item: Leftovers
|upkeep
|turn|3
|
|t:|1781118972
|switch|p1a: Moltres|Moltres|100/100
|move|p2a: Corviknight|Brave Bird|p1a: Moltres
|-damage|p1a: Moltres|74/100
|-status|p2a: Corviknight|brn|[from] ability: Flame Body|[of] p1a: Moltres
|-damage|p2a: Corviknight|58/100 brn|[from] Recoil
|
|-heal|p2a: Corviknight|65/100 brn|[from] item: Leftovers
|-damage|p2a: Corviknight|58/100 brn|[from] brn
|upkeep
|turn|4
|
|t:|1781118989
|move|p1a: Moltres|Roost|p1a: Moltres
|-heal|p1a: Moltres|100/100
|-singleturn|p1a: Moltres|move: Roost
|move|p2a: Corviknight|Roost|p2a: Corviknight
|-heal|p2a: Corviknight|100/100 brn
|-singleturn|p2a: Corviknight|move: Roost
|
|-damage|p2a: Corviknight|94/100 brn|[from] brn
|upkeep
|turn|5
|
|t:|1781118995
|switch|p2a: Ting-Lu|Ting-Lu|100/100
|-ability|p2a: Ting-Lu|Vessel of Ruin
|move|p1a: Moltres|Flamethrower|p2a: Ting-Lu
|-damage|p2a: Ting-Lu|85/100
|
|-heal|p2a: Ting-Lu|91/100|[from] item: Leftovers
|upkeep
|turn|6
|
|t:|1781119003
|move|p1a: Moltres|Will-O-Wisp|p2a: Ting-Lu
|-status|p2a: Ting-Lu|brn
|move|p2a: Ting-Lu|Ruination|p1a: Moltres
|-damage|p1a: Moltres|51/100
|
|-heal|p2a: Ting-Lu|98/100 brn|[from] item: Leftovers
|-damage|p2a: Ting-Lu|91/100 brn|[from] brn
|upkeep
|turn|7
|j| silver jay#2240
|
|t:|1781119011
|move|p1a: Moltres|Roost|p1a: Moltres
|-heal|p1a: Moltres|100/100
|-singleturn|p1a: Moltres|move: Roost
|move|p2a: Ting-Lu|Ruination|p1a: Moltres
|-damage|p1a: Moltres|51/100
|
|-heal|p2a: Ting-Lu|98/100 brn|[from] item: Leftovers
|-damage|p2a: Ting-Lu|91/100 brn|[from] brn
|upkeep
|turn|8
|
|t:|1781119018
|move|p1a: Moltres|Flamethrower|p2a: Ting-Lu
|-crit|p2a: Ting-Lu
|-damage|p2a: Ting-Lu|68/100 brn
|move|p2a: Ting-Lu|Ruination|p1a: Moltres
|-damage|p1a: Moltres|26/100
|
|-heal|p2a: Ting-Lu|74/100 brn|[from] item: Leftovers
|-damage|p2a: Ting-Lu|68/100 brn|[from] brn
|upkeep
|turn|9
|
|t:|1781119024
|move|p1a: Moltres|Roost|p1a: Moltres
|-heal|p1a: Moltres|76/100
|-singleturn|p1a: Moltres|move: Roost
|move|p2a: Ting-Lu|Ruination|p1a: Moltres
|-damage|p1a: Moltres|38/100
|
|-heal|p2a: Ting-Lu|74/100 brn|[from] item: Leftovers
|-damage|p2a: Ting-Lu|68/100 brn|[from] brn
|upkeep
|turn|10
|
|t:|1781119038
|move|p1a: Moltres|Roost|p1a: Moltres
|-heal|p1a: Moltres|88/100
|-singleturn|p1a: Moltres|move: Roost
|move|p2a: Ting-Lu|Ruination|p1a: Moltres
|-damage|p1a: Moltres|44/100
|
|-heal|p2a: Ting-Lu|74/100 brn|[from] item: Leftovers
|-damage|p2a: Ting-Lu|68/100 brn|[from] brn
|upkeep
|turn|11
|
|t:|1781119045
|move|p1a: Moltres|Flamethrower|p2a: Ting-Lu
|-damage|p2a: Ting-Lu|52/100 brn
|move|p2a: Ting-Lu|Ruination|p1a: Moltres
|-damage|p1a: Moltres|22/100
|
|-heal|p2a: Ting-Lu|58/100 brn|[from] item: Leftovers
|-damage|p2a: Ting-Lu|52/100 brn|[from] brn
|upkeep
|turn|12
|
|t:|1781119049
|move|p1a: Moltres|Roost|p1a: Moltres
|-heal|p1a: Moltres|73/100
|-singleturn|p1a: Moltres|move: Roost
|move|p2a: Ting-Lu|Ruination|p1a: Moltres
|-damage|p1a: Moltres|37/100
|
|-heal|p2a: Ting-Lu|58/100 brn|[from] item: Leftovers
|-damage|p2a: Ting-Lu|52/100 brn|[from] brn
|upkeep
|turn|13
|
|t:|1781119055
|move|p1a: Moltres|Flamethrower|p2a: Ting-Lu
|-damage|p2a: Ting-Lu|37/100 brn
|move|p2a: Ting-Lu|Ruination|p1a: Moltres
|-damage|p1a: Moltres|19/100
|
|-heal|p2a: Ting-Lu|43/100 brn|[from] item: Leftovers
|-damage|p2a: Ting-Lu|37/100 brn|[from] brn
|upkeep
|turn|14
|
|t:|1781119061
|move|p1a: Moltres|Roost|p1a: Moltres
|-heal|p1a: Moltres|69/100
|-singleturn|p1a: Moltres|move: Roost
|move|p2a: Ting-Lu|Ruination|p1a: Moltres
|-damage|p1a: Moltres|35/100
|
|-heal|p2a: Ting-Lu|43/100 brn|[from] item: Leftovers
|-damage|p2a: Ting-Lu|37/100 brn|[from] brn
|upkeep
|turn|15
|
|t:|1781119066
|move|p1a: Moltres|Flamethrower|p2a: Ting-Lu
|-damage|p2a: Ting-Lu|22/100 brn
|move|p2a: Ting-Lu|Ruination|p1a: Moltres
|-damage|p1a: Moltres|18/100
|
|-heal|p2a: Ting-Lu|28/100 brn|[from] item: Leftovers
|-damage|p2a: Ting-Lu|22/100 brn|[from] brn
|upkeep
|turn|16
|
|t:|1781119073
|move|p1a: Moltres|Flamethrower|p2a: Ting-Lu
|-damage|p2a: Ting-Lu|6/100 brn
|move|p2a: Ting-Lu|Ruination|p1a: Moltres
|-damage|p1a: Moltres|9/100
|
|-heal|p2a: Ting-Lu|12/100 brn|[from] item: Leftovers
|-damage|p2a: Ting-Lu|6/100 brn|[from] brn
|upkeep
|turn|17
|
|t:|1781119078
|move|p1a: Moltres|Roost|p1a: Moltres
|-heal|p1a: Moltres|59/100
|-singleturn|p1a: Moltres|move: Roost
|move|p2a: Ting-Lu|Ruination|p1a: Moltres
|-damage|p1a: Moltres|30/100
|
|-heal|p2a: Ting-Lu|12/100 brn|[from] item: Leftovers
|-damage|p2a: Ting-Lu|6/100 brn|[from] brn
|upkeep
|turn|18
|
|t:|1781119083
|switch|p2a: Garganacl|Garganacl, M|100/100
|move|p1a: Moltres|Roost|p1a: Moltres
|-heal|p1a: Moltres|80/100
|-singleturn|p1a: Moltres|move: Roost
|
|upkeep
|turn|19
|
|t:|1781119108
|move|p1a: Moltres|U-turn|p2a: Garganacl
|-damage|p2a: Garganacl|91/100
|
|t:|1781119110
|switch|p1a: Great Tusk|Great Tusk|100/100|[from] U-turn
|-damage|p1a: Great Tusk|98/100|[from] Stealth Rock
|-enditem|p1a: Great Tusk|Booster Energy
|-activate|p1a: Great Tusk|ability: Protosynthesis|[fromitem]
|-start|p1a: Great Tusk|protosynthesisatk
|move|p2a: Garganacl|Salt Cure|p1a: Great Tusk
|-resisted|p1a: Great Tusk
|-damage|p1a: Great Tusk|95/100
|-start|p1a: Great Tusk|Salt Cure
|
|-heal|p2a: Garganacl|98/100|[from] item: Leftovers
|-damage|p1a: Great Tusk|83/100|[from] Salt Cure
|upkeep
|turn|20
|
|t:|1781119120
|switch|p2a: Moltres|Moltres|100/100
|move|p1a: Great Tusk|Knock Off|p2a: Moltres
|-damage|p2a: Moltres|72/100
|-status|p1a: Great Tusk|brn|[from] ability: Flame Body|[of] p2a: Moltres
|-enditem|p2a: Moltres|Heavy-Duty Boots|[from] move: Knock Off|[of] p1a: Great Tusk
|
|-damage|p1a: Great Tusk|77/100 brn|[from] brn
|-damage|p1a: Great Tusk|64/100 brn|[from] Salt Cure
|upkeep
|turn|21
|
|t:|1781119125
|move|p1a: Great Tusk|Rapid Spin|p2a: Moltres
|-damage|p2a: Moltres|63/100
|-boost|p1a: Great Tusk|spe|1
|-sideend|p1: IMenageI|Stealth Rock|[from] move: Rapid Spin|[of] p1a: Great Tusk
|move|p2a: Moltres|Roost|p2a: Moltres
|-heal|p2a: Moltres|100/100
|-singleturn|p2a: Moltres|move: Roost
|
|-damage|p1a: Great Tusk|58/100 brn|[from] brn
|-damage|p1a: Great Tusk|46/100 brn|[from] Salt Cure
|upkeep
|turn|22
|
|t:|1781119145
|-end|p1a: Great Tusk|Protosynthesis|[silent]
|switch|p1a: Ting-Lu|Ting-Lu|100/100
|-ability|p1a: Ting-Lu|Vessel of Ruin
|move|p2a: Moltres|Hurricane|p1a: Ting-Lu
|-damage|p1a: Ting-Lu|80/100
|
|-heal|p1a: Ting-Lu|86/100|[from] item: Leftovers
|upkeep
|turn|23
|
|t:|1781119152
|move|p2a: Moltres|Hurricane|p1a: Ting-Lu
|-damage|p1a: Ting-Lu|66/100
|move|p1a: Ting-Lu|Stealth Rock|p2a: Moltres
|-sidestart|p2: KurisuChestnutOU|move: Stealth Rock
|
|-heal|p1a: Ting-Lu|73/100|[from] item: Leftovers
|upkeep
|turn|24
|
|t:|1781119156
|move|p2a: Moltres|Hurricane|p1a: Ting-Lu
|-damage|p1a: Ting-Lu|54/100
|move|p1a: Ting-Lu|Ruination|p2a: Moltres
|-damage|p2a: Moltres|51/100
|
|-heal|p1a: Ting-Lu|61/100|[from] item: Leftovers
|upkeep
|turn|25
|
|t:|1781119162
|move|p2a: Moltres|Hurricane|p1a: Ting-Lu
|-damage|p1a: Ting-Lu|42/100
|-start|p1a: Ting-Lu|confusion
|-activate|p1a: Ting-Lu|confusion
|move|p1a: Ting-Lu|Earthquake|p2a: Moltres
|-immune|p2a: Moltres
|
|-heal|p1a: Ting-Lu|48/100|[from] item: Leftovers
|upkeep
|turn|26
|c|☆IMenageI|brother what
|c|☆IMenageI|I've never seen that many hurricanes hit
|
|t:|1781119188
|switch|p1a: Iron Crown|Iron Crown|100/100
|move|p2a: Moltres|Roost|p2a: Moltres
|-heal|p2a: Moltres|100/100
|-singleturn|p2a: Moltres|move: Roost
|
|upkeep
|turn|27
|
|t:|1781119194
|switch|p2a: Clodsire|Clodsire, F|100/100
|-damage|p2a: Clodsire|94/100|[from] Stealth Rock
|move|p1a: Iron Crown|Volt Switch|p2a: Clodsire
|-immune|p2a: Clodsire
|
|-heal|p2a: Clodsire|100/100|[from] item: Leftovers
|upkeep
|turn|28
|
|t:|1781119200
|switch|p2a: Corviknight|Corviknight, F|94/100 brn
|-damage|p2a: Corviknight|82/100 brn|[from] Stealth Rock
|-ability|p2a: Corviknight|Pressure
|move|p1a: Iron Crown|Future Sight|p2a: Corviknight
|-start|p1a: Iron Crown|move: Future Sight
|
|-heal|p2a: Corviknight|88/100 brn|[from] item: Leftovers
|-damage|p2a: Corviknight|82/100 brn|[from] brn
|upkeep
|turn|29
|
|t:|1781119216
|move|p1a: Iron Crown|Focus Blast|p2a: Corviknight|[miss]
|-miss|p1a: Iron Crown|p2a: Corviknight
|move|p2a: Corviknight|Defog|p1a: Iron Crown
|-unboost|p1a: Iron Crown|evasion|1
|-sideend|p2: KurisuChestnutOU|Stealth Rock|[from] move: Defog|[of] p2a: Corviknight
|
|-heal|p2a: Corviknight|88/100 brn|[from] item: Leftovers
|-damage|p2a: Corviknight|82/100 brn|[from] brn
|upkeep
|turn|30
|
|t:|1781119224
|move|p1a: Iron Crown|Focus Blast|p2a: Corviknight
|-damage|p2a: Corviknight|47/100 brn
|-unboost|p2a: Corviknight|spd|1
|move|p2a: Corviknight|Body Press|p1a: Iron Crown
|-damage|p1a: Iron Crown|88/100
|
|-end|p2a: Corviknight|move: Future Sight
|-resisted|p2a: Corviknight
|-damage|p2a: Corviknight|6/100 brn
|-heal|p2a: Corviknight|12/100 brn|[from] item: Leftovers
|-damage|p2a: Corviknight|6/100 brn|[from] brn
|upkeep
|turn|31
|
|t:|1781119236
|move|p1a: Iron Crown|Tachyon Cutter|p2a: Corviknight
|-resisted|p2a: Corviknight
|-damage|p2a: Corviknight|0 fnt
|faint|p2a: Corviknight
|-hitcount|p2: Corviknight|1
|
|upkeep
|
|t:|1781119240
|switch|p2a: Garganacl|Garganacl, M|98/100
|turn|32
|inactive|IMenageI has 120 seconds left.
|
|t:|1781119275
|move|p1a: Iron Crown|Volt Switch|p2a: Garganacl
|-damage|p2a: Garganacl|83/100
|l| silver jay#2240
|
|t:|1781119279
|-end|p1a: Iron Crown|Quark Drive|[silent]
|switch|p1a: Ting-Lu|Ting-Lu|48/100|[from] Volt Switch
|-ability|p1a: Ting-Lu|Vessel of Ruin
|move|p2a: Garganacl|Salt Cure|p1a: Ting-Lu
|-resisted|p1a: Ting-Lu
|-damage|p1a: Ting-Lu|44/100
|-start|p1a: Ting-Lu|Salt Cure
|
|-heal|p1a: Ting-Lu|51/100|[from] item: Leftovers
|-heal|p2a: Garganacl|89/100|[from] item: Leftovers
|-damage|p1a: Ting-Lu|38/100|[from] Salt Cure
|upkeep
|turn|33
|
|t:|1781119284
|move|p1a: Ting-Lu|Stealth Rock|p2a: Garganacl
|-sidestart|p2: KurisuChestnutOU|move: Stealth Rock
|move|p2a: Garganacl|Recover|p2a: Garganacl
|-heal|p2a: Garganacl|100/100
|
|-heal|p1a: Ting-Lu|44/100|[from] item: Leftovers
|-damage|p1a: Ting-Lu|32/100|[from] Salt Cure
|upkeep
|turn|34
|
|t:|1781119288
|move|p1a: Ting-Lu|Ruination|p2a: Garganacl|[miss]
|-miss|p1a: Ting-Lu|p2a: Garganacl
|move|p2a: Garganacl|Body Press|p1a: Ting-Lu
|-supereffective|p1a: Ting-Lu
|-damage|p1a: Ting-Lu|8/100
|
|-heal|p1a: Ting-Lu|14/100|[from] item: Leftovers
|-damage|p1a: Ting-Lu|1/100|[from] Salt Cure
|upkeep
|turn|35
|c|☆IMenageI|yo wtf is that
|c|☆IMenageI|I'm tilted
|
|t:|1781119318
|switch|p1a: Pecharunt|Pecharunt|100/100
|move|p2a: Garganacl|Recover||[still]
|-fail|p2a: Garganacl|heal
|
|upkeep
|turn|36
|
|t:|1781119325
|move|p1a: Pecharunt|Parting Shot|p2a: Garganacl
|-unboost|p2a: Garganacl|atk|1
|-unboost|p2a: Garganacl|spa|1
|
|t:|1781119329
|switch|p1a: Ting-Lu|Ting-Lu|1/100|[from] Parting Shot
|-ability|p1a: Ting-Lu|Vessel of Ruin
|move|p2a: Garganacl|Salt Cure|p1a: Ting-Lu
|-resisted|p1a: Ting-Lu
|-damage|p1a: Ting-Lu|0 fnt
|faint|p1a: Ting-Lu
|
|upkeep
|
|t:|1781119334
|switch|p1a: Iron Crown|Iron Crown|88/100
|turn|37
|
|t:|1781119338
|move|p1a: Iron Crown|Tachyon Cutter|p2a: Garganacl
|-supereffective|p2a: Garganacl
|-damage|p2a: Garganacl|67/100
|-supereffective|p2a: Garganacl
|-damage|p2a: Garganacl|36/100
|-hitcount|p2a: Garganacl|2
|move|p2a: Garganacl|Salt Cure|p1a: Iron Crown
|-resisted|p1a: Iron Crown
|-damage|p1a: Iron Crown|82/100
|-start|p1a: Iron Crown|Salt Cure
|
|-heal|p2a: Garganacl|42/100|[from] item: Leftovers
|-damage|p1a: Iron Crown|57/100|[from] Salt Cure
|upkeep
|turn|38
|
|t:|1781119353
|-end|p1a: Iron Crown|Quark Drive|[silent]
|switch|p1a: Ogerpon|Ogerpon-Wellspring, F|100/100
|move|p2a: Garganacl|Protect||[still]
|-fail|p2a: Garganacl
|
|-heal|p2a: Garganacl|49/100|[from] item: Leftovers
|upkeep
|turn|39
|
|t:|1781119364
|switch|p2a: Ting-Lu|Ting-Lu|6/100 brn
|-damage|p2a: Ting-Lu|0 fnt|[from] Stealth Rock
|faint|p2a: Ting-Lu
|move|p1a: Ogerpon|Ivy Cudgel|p2: Ting-Lu|[notarget]
|-fail|p1a: Ogerpon
|
|upkeep
|
|t:|1781119368
|switch|p2a: Garganacl|Garganacl, M|49/100
|-damage|p2a: Garganacl|36/100|[from] Stealth Rock
|turn|40
|inactive|IMenageI has 120 seconds left.
|
|t:|1781119410
|-terastallize|p2a: Garganacl|Water
|move|p1a: Ogerpon|Power Whip|p2a: Garganacl|[miss]
|-miss|p1a: Ogerpon|p2a: Garganacl
|move|p2a: Garganacl|Recover|p2a: Garganacl
|-heal|p2a: Garganacl|86/100
|
|-heal|p2a: Garganacl|92/100|[from] item: Leftovers
|upkeep
|turn|41
|c|☆IMenageI|I'm actually so fucking done with this bullshit ass game
|
|t:|1781119429
|move|p2a: Garganacl|Protect|p2a: Garganacl
|-singleturn|p2a: Garganacl|Protect
|move|p1a: Ogerpon|Power Whip|p2a: Garganacl
|-activate|p2a: Garganacl|move: Protect
|
|-heal|p2a: Garganacl|99/100|[from] item: Leftovers
|upkeep
|turn|42
|c|☆IMenageI|I'm crashing out
|
|t:|1781119446
|switch|p1a: Great Tusk|Great Tusk|46/100 brn
|move|p2a: Garganacl|Salt Cure|p1a: Great Tusk
|-resisted|p1a: Great Tusk
|-damage|p1a: Great Tusk|43/100 brn
|-start|p1a: Great Tusk|Salt Cure
|
|-heal|p2a: Garganacl|100/100|[from] item: Leftovers
|-damage|p1a: Great Tusk|37/100 brn|[from] brn
|-damage|p1a: Great Tusk|25/100 brn|[from] Salt Cure
|upkeep
|turn|43
|
|t:|1781119453
|move|p1a: Great Tusk|Knock Off|p2a: Garganacl
|-damage|p2a: Garganacl|89/100
|-enditem|p2a: Garganacl|Leftovers|[from] move: Knock Off|[of] p1a: Great Tusk
|move|p2a: Garganacl|Salt Cure|p1a: Great Tusk
|-resisted|p1a: Great Tusk
|-damage|p1a: Great Tusk|22/100 brn
|
|-damage|p1a: Great Tusk|16/100 brn|[from] brn
|-damage|p1a: Great Tusk|3/100 brn|[from] Salt Cure
|upkeep
|turn|44
|
|t:|1781119460
|move|p1a: Great Tusk|Headlong Rush|p2a: Garganacl
|-damage|p2a: Garganacl|69/100
|-unboost|p1a: Great Tusk|def|1
|-unboost|p1a: Great Tusk|spd|1
|move|p2a: Garganacl|Recover|p2a: Garganacl
|-heal|p2a: Garganacl|100/100
|
|-damage|p1a: Great Tusk|0 fnt|[from] brn
|faint|p1a: Great Tusk
|-end|p1a: Great Tusk|Protosynthesis|[silent]
|upkeep
|inactive|IMenageI has 90 seconds left.
|
|t:|1781119491
|switch|p1a: Iron Crown|Iron Crown|57/100
|turn|45
|
|t:|1781119496
|move|p1a: Iron Crown|Future Sight|p2a: Garganacl
|-start|p1a: Iron Crown|move: Future Sight
|move|p2a: Garganacl|Salt Cure|p1a: Iron Crown
|-resisted|p1a: Iron Crown
|-damage|p1a: Iron Crown|50/100
|-start|p1a: Iron Crown|Salt Cure
|
|-damage|p1a: Iron Crown|25/100|[from] Salt Cure
|upkeep
|turn|46
|
|t:|1781119499
|-end|p1a: Iron Crown|Quark Drive|[silent]
|switch|p1a: Ogerpon|Ogerpon-Wellspring, F|100/100
|move|p2a: Garganacl|Salt Cure|p1a: Ogerpon
|-damage|p1a: Ogerpon|83/100
|-start|p1a: Ogerpon|Salt Cure
|
|-damage|p1a: Ogerpon|58/100|[from] Salt Cure
|upkeep
|turn|47
|c|☆IMenageI|you know what good play
|c|☆IMenageI|can't even be mad at that
|
|t:|1781119518
|move|p2a: Garganacl|Protect|p2a: Garganacl
|-singleturn|p2a: Garganacl|Protect
|move|p1a: Ogerpon|Swords Dance|p1a: Ogerpon
|-boost|p1a: Ogerpon|atk|2
|
|-end|p2a: Garganacl|move: Future Sight
|-damage|p2a: Garganacl|64/100
|-damage|p1a: Ogerpon|33/100|[from] Salt Cure
|upkeep
|turn|48
|
|t:|1781119522
|move|p1a: Ogerpon|Power Whip|p2a: Garganacl
|-supereffective|p2a: Garganacl
|-damage|p2a: Garganacl|0 fnt
|faint|p2a: Garganacl
|
|-damage|p1a: Ogerpon|8/100|[from] Salt Cure
|upkeep
|
|t:|1781119524
|switch|p2a: Dragapult|Dragapult, F|100/100
|turn|49
|inactive|IMenageI has 120 seconds left.
|
|t:|1781119530
|switch|p1a: Iron Crown|Iron Crown|25/100
|move|p2a: Dragapult|Shadow Ball|p1a: Iron Crown
|-supereffective|p1a: Iron Crown
|-damage|p1a: Iron Crown|0 fnt
|faint|p1a: Iron Crown
|-end|p1a: Iron Crown|Quark Drive|[silent]
|
|upkeep
|
|t:|1781119534
|switch|p1a: Moltres|Moltres|80/100
|turn|50
|c|☆IMenageI|and that's the game
|
|t:|1781119545
|move|p2a: Dragapult|Shadow Ball|p1a: Moltres
|-damage|p1a: Moltres|44/100
|move|p1a: Moltres|U-turn|p2a: Dragapult
|-resisted|p2a: Dragapult
|-damage|p2a: Dragapult|90/100
|
|t:|1781119551
|switch|p1a: Pecharunt|Pecharunt|100/100|[from] U-turn
|
|upkeep
|turn|51
|
|t:|1781119558
|move|p2a: Dragapult|Shadow Ball|p1a: Pecharunt
|-supereffective|p1a: Pecharunt
|-damage|p1a: Pecharunt|34/100
|move|p1a: Pecharunt|Shadow Ball|p2a: Dragapult
|-supereffective|p2a: Dragapult
|-damage|p2a: Dragapult|27/100
|
|upkeep
|turn|52
|
|t:|1781119566
|move|p2a: Dragapult|Shadow Ball|p1a: Pecharunt
|-supereffective|p1a: Pecharunt
|-damage|p1a: Pecharunt|0 fnt
|faint|p1a: Pecharunt
|
|upkeep
|
|t:|1781119568
|switch|p1a: Moltres|Moltres|44/100
|turn|53
|
|t:|1781119574
|move|p2a: Dragapult|Draco Meteor|p1a: Moltres
|-damage|p1a: Moltres|0 fnt
|-unboost|p2a: Dragapult|spa|2
|faint|p1a: Moltres
|
|upkeep
|-message|IMenageI forfeited.
|
|win|KurisuChestnutOU
|raw|IMenageI's rating: 1572 &rarr; <strong>1554</strong><br />(-18 for losing)
|raw|KurisuChestnutOU's rating: 1603 &rarr; <strong>1621</strong><br />(+18 for winning)
|l|☆IMenageI
|player|p1|
