|j|☆waha8
|j|☆Floundso
|t:|1781000394
|gametype|singles
|player|p1|waha8|265|1588
|player|p2|Floundso|giovanni|1578
|gen|9
|tier|[Gen 9] OU
|rated|
|rule|HP Percentage Mod: HP is shown in percentages
|rule|Endless Battle Clause: Forcing endless battles is banned
|rule|Species Clause: Limit one of each Pokémon
|rule|OHKO Clause: OHKO moves are banned
|rule|Evasion Items Clause: Evasion items are banned
|rule|Evasion Moves Clause: Evasion moves are banned
|rule|Evasion Abilities Clause: Evasion abilities are banned
|rule|Sleep Moves Clause: Sleep-inducing moves are banned
|clearpoke
|poke|p1|Slowking-Galar, F|
|poke|p1|Indeedee, M|
|poke|p1|Cinderace, F|
|poke|p1|Ninetales-Alola, F|
|poke|p1|Cetitan, M|
|poke|p1|Kyurem|
|poke|p2|Kyurem|
|poke|p2|Kingambit, M|
|poke|p2|Great Tusk|
|poke|p2|Cinderace, M|
|poke|p2|Slowking-Galar, M|
|poke|p2|Enamorus-Therian, F|
|teampreview
|
|t:|1781000406
|teamsize|p1|6
|teamsize|p2|6
|start
|switch|p1a: ReverseUNO|Cinderace, F|100/100
|switch|p2a: Great Tusk|Great Tusk, shiny|100/100
|turn|1
|
|t:|1781000412
|switch|p1a: Mavis|Ninetales-Alola, F|100/100
|-weather|Snowscape|[from] ability: Snow Warning|[of] p1a: Mavis
|move|p2a: Great Tusk|Headlong Rush|p1a: Mavis
|-damage|p1a: Mavis|33/100
|-unboost|p2a: Great Tusk|def|1
|-unboost|p2a: Great Tusk|spd|1
|
|-weather|Snowscape|[upkeep]
|upkeep
|turn|2
|
|t:|1781000420
|move|p2a: Great Tusk|Headlong Rush|p1a: Mavis
|-damage|p1a: Mavis|0 fnt
|-unboost|p2a: Great Tusk|def|1
|-unboost|p2a: Great Tusk|spd|1
|faint|p1a: Mavis
|
|-weather|Snowscape|[upkeep]
|upkeep
|
|t:|1781000426
|switch|p1a: Thing|Cetitan, M|100/100
|turn|3
|
|t:|1781000434
|move|p1a: Thing|Belly Drum|p1a: Thing
|-damage|p1a: Thing|50/100
|-setboost|p1a: Thing|atk|6|[from] move: Belly Drum
|-enditem|p1a: Thing|Sitrus Berry|[eat]
|-heal|p1a: Thing|75/100|[from] item: Sitrus Berry
|move|p2a: Great Tusk|Headlong Rush|p1a: Thing
|-damage|p1a: Thing|35/100
|-unboost|p2a: Great Tusk|def|1
|-unboost|p2a: Great Tusk|spd|1
|
|-weather|Snowscape|[upkeep]
|upkeep
|turn|4
|inactive|Battle timer is ON: inactive players will automatically lose when time's up. (requested by waha8)
|
|t:|1781000461
|-end|p2a: Great Tusk|Protosynthesis|[silent]
|switch|p2a: Enamorus|Enamorus-Therian, F|100/100
|move|p1a: Thing|Icicle Spear|p2a: Enamorus
|-supereffective|p2a: Enamorus
|-damage|p2a: Enamorus|29/100
|-supereffective|p2a: Enamorus
|-damage|p2a: Enamorus|0 fnt
|faint|p2a: Enamorus
|-hitcount|p2: Enamorus|2
|
|-weather|Snowscape|[upkeep]
|upkeep
|
|t:|1781000470
|switch|p2a: Kyurem|Kyurem, shiny|100/100
|-ability|p2a: Kyurem|Pressure
|turn|5
|
|t:|1781000476
|move|p1a: Thing|Icicle Spear|p2a: Kyurem
|-damage|p2a: Kyurem|80/100
|-damage|p2a: Kyurem|59/100
|-damage|p2a: Kyurem|37/100
|-damage|p2a: Kyurem|16/100
|-damage|p2a: Kyurem|0 fnt
|faint|p2a: Kyurem
|-hitcount|p2: Kyurem|5
|
|-weather|Snowscape|[upkeep]
|upkeep
|
|t:|1781000484
|switch|p2a: Kingambit|Kingambit, M, shiny|100/100
|-activate|p2a: Kingambit|ability: Supreme Overlord
|-start|p2a: Kingambit|fallen2|[silent]
|-item|p2a: Kingambit|Air Balloon
|turn|6
|
|t:|1781000489
|move|p1a: Thing|Ice Shard|p2a: Kingambit
|-resisted|p2a: Kingambit
|-damage|p2a: Kingambit|64/100
|-enditem|p2a: Kingambit|Air Balloon
|move|p2a: Kingambit|Iron Head|p1a: Thing
|-supereffective|p1a: Thing
|-damage|p1a: Thing|0 fnt
|faint|p1a: Thing
|
|-weather|Snowscape|[upkeep]
|upkeep
|
|t:|1781000498
|switch|p1a: DeeDee|Indeedee, M|100/100
|-fieldstart|move: Psychic Terrain|[from] ability: Psychic Surge|[of] p1a: DeeDee
|turn|7
|
|t:|1781000503
|move|p1a: DeeDee|Encore|p2a: Kingambit
|-start|p2a: Kingambit|Encore
|move|p2a: Kingambit|Iron Head|p1a: DeeDee
|-damage|p1a: DeeDee|0 fnt
|faint|p1a: DeeDee
|
|-weather|Snowscape|[upkeep]
|upkeep
|
|t:|1781000508
|switch|p1a: SageOfSixPaths|Slowking-Galar, F|100/100
|turn|8
|
|t:|1781000511
|move|p2a: Kingambit|Iron Head|p1a: SageOfSixPaths
|-damage|p1a: SageOfSixPaths|48/100
|move|p1a: SageOfSixPaths|Trick Room|p1a: SageOfSixPaths
|-fieldstart|move: Trick Room|[of] p1a: SageOfSixPaths
|
|-weather|none
|upkeep
|turn|9
|
|t:|1781000518
|-end|p2a: Kingambit|fallen2|[silent]
|switch|p2a: Slowking|Slowking-Galar, M, shiny|100/100
|move|p1a: SageOfSixPaths|Fire Blast|p2a: Slowking
|-damage|p2a: Slowking|73/100
|-damage|p1a: SageOfSixPaths|38/100|[from] item: Life Orb
|
|upkeep
|turn|10
|
|t:|1781000525
|-terastallize|p1a: SageOfSixPaths|Psychic
|move|p1a: SageOfSixPaths|Expanding Force|p2a: Slowking
|-damage|p2a: Slowking|0 fnt
|faint|p2a: Slowking
|-damage|p1a: SageOfSixPaths|28/100|[from] item: Life Orb
|
|upkeep
|
|t:|1781000535
|switch|p2a: Kingambit|Kingambit, M, shiny|64/100
|-activate|p2a: Kingambit|ability: Supreme Overlord
|-start|p2a: Kingambit|fallen3|[silent]
|turn|11
|
|t:|1781000542
|-end|p2a: Kingambit|fallen3|[silent]
|switch|p2a: Cinderace|Cinderace, M, shiny|100/100
|move|p1a: SageOfSixPaths|Expanding Force|p2a: Cinderace
|-damage|p2a: Cinderace|0 fnt
|faint|p2a: Cinderace
|-damage|p1a: SageOfSixPaths|18/100|[from] item: Life Orb
|
|upkeep
|
|t:|1781000548
|switch|p2a: Kingambit|Kingambit, M, shiny|64/100
|-activate|p2a: Kingambit|ability: Supreme Overlord
|-start|p2a: Kingambit|fallen4|[silent]
|turn|12
|
|t:|1781000556
|-terastallize|p2a: Kingambit|Fighting
|move|p1a: SageOfSixPaths|Fire Blast|p2a: Kingambit
|-damage|p2a: Kingambit|8/100
|-damage|p1a: SageOfSixPaths|8/100|[from] item: Life Orb
|move|p2a: Kingambit|Swords Dance|p2a: Kingambit
|-boost|p2a: Kingambit|atk|2
|
|-fieldend|move: Trick Room
|upkeep
|turn|13
|
|t:|1781000567
|move|p2a: Kingambit|Iron Head|p1a: SageOfSixPaths
|-damage|p1a: SageOfSixPaths|0 fnt
|faint|p1a: SageOfSixPaths
|
|upkeep
|
|t:|1781000570
|switch|p1a: ReverseUNO|Cinderace, F|100/100
|turn|14
|
|t:|1781000575
|move|p1a: ReverseUNO|Pyro Ball|p2a: Kingambit
|-damage|p2a: Kingambit|0 fnt
|faint|p2a: Kingambit
|-end|p2a: Kingambit|fallen4|[silent]
|
|-fieldend|move: Psychic Terrain
|upkeep
|c|☆waha8|gg wp
|
|t:|1781000576
|switch|p2a: Great Tusk|Great Tusk, shiny|100/100
|turn|15
|
|t:|1781000582
|move|p2a: Great Tusk|Close Combat|p1a: ReverseUNO
|-damage|p1a: ReverseUNO|12/100
|-unboost|p2a: Great Tusk|def|1
|-unboost|p2a: Great Tusk|spd|1
|move|p1a: ReverseUNO|Pyro Ball|p2a: Great Tusk
|-damage|p2a: Great Tusk|34/100
|
|upkeep
|turn|16
|
|t:|1781000588
|move|p2a: Great Tusk|Close Combat|p1a: ReverseUNO
|-damage|p1a: ReverseUNO|0 fnt
|-unboost|p2a: Great Tusk|def|1
|-unboost|p2a: Great Tusk|spd|1
|faint|p1a: ReverseUNO
|
|upkeep
|
|t:|1781000593
|switch|p1a: SubZero|Kyurem|100/100
|-ability|p1a: SubZero|Pressure
|turn|17
|
|t:|1781000597
|move|p2a: Great Tusk|Close Combat|p1a: SubZero
|-supereffective|p1a: SubZero
|-damage|p1a: SubZero|0 fnt
|-unboost|p2a: Great Tusk|def|1
|-unboost|p2a: Great Tusk|spd|1
|faint|p1a: SubZero
|
|win|Floundso
|raw|waha8's rating: 1588 &rarr; <strong>1567</strong><br />(-21 for losing)
|raw|Floundso's rating: 1578 &rarr; <strong>1599</strong><br />(+21 for winning)
|c|☆Floundso|gg
|l|☆waha8
|player|p1|
|l|☆Floundso
|player|p2|
