|j|☆iamverykarpy
|j|☆hawkins0
|t:|1781267112
|gametype|singles
|player|p1|iamverykarpy|colress|1769
|player|p2|hawkins0|1|1794
|gen|9
|tier|[Gen 9] OU
|rated|
|rule|HP Percentage Mod: HP is shown in percentages
|rule|Endless Battle Clause: Forcing endless battles is banned
|rule|Species Clause: Limit one of each Pokémon
|rule|OHKO Clause: OHKO moves are banned
|rule|Evasion Items Clause: Evasion items are banned
|rule|Evasion Moves Clause: Evasion moves are banned
|rule|Evasion Abilities Clause: Evasion abilities are banned
|rule|Sleep Moves Clause: Sleep-inducing moves are banned
|clearpoke
|poke|p1|Cetitan, F|
|poke|p1|Slowking-Galar, M|
|poke|p1|Kyurem|
|poke|p1|Rillaboom, F|
|poke|p1|Alomomola, F|
|poke|p1|Great Tusk|
|poke|p2|Hoopa-Unbound|
|poke|p2|Pecharunt|
|poke|p2|Landorus-Therian, M|
|poke|p2|Cinderace, M|
|poke|p2|Alomomola, M|
|poke|p2|Iron Valiant|
|teampreview
|inactive|Battle timer is ON: inactive players will automatically lose when time's up. (requested by iamverykarpy)
|
|t:|1781267126
|teamsize|p1|6
|teamsize|p2|6
|start
|switch|p1a: Alomomola|Alomomola, F|100/100
|switch|p2a: Calamity|Iron Valiant, shiny|100/100
|turn|1
|c|☆iamverykarpy|hoopa seems pretty common nowadays
|
|t:|1781267134
|-end|p2a: Calamity|Quark Drive|[silent]
|switch|p2a: Enten|Landorus-Therian, M, shiny|100/100
|-ability|p2a: Enten|Intimidate|boost
|-unboost|p1a: Alomomola|atk|1
|switch|p1a: Slowking|Slowking-Galar, M, shiny|100/100
|
|upkeep
|turn|2
|
|t:|1781267137
|switch|p1a: Great Tusk|Great Tusk|100/100
|move|p2a: Enten|U-turn|p1a: Great Tusk
|-resisted|p1a: Great Tusk
|-damage|p1a: Great Tusk|91/100
|
|t:|1781267143
|switch|p2a: Calamity|Iron Valiant, shiny|100/100|[from] U-turn
|
|-heal|p1a: Great Tusk|97/100|[from] item: Leftovers
|upkeep
|turn|3
|
|t:|1781267147
|-end|p2a: Calamity|Quark Drive|[silent]
|switch|p2a: Khaos|Hoopa-Unbound|100/100
|move|p1a: Great Tusk|Headlong Rush|p2a: Khaos
|-damage|p2a: Khaos|3/100
|-unboost|p1a: Great Tusk|def|1
|-unboost|p1a: Great Tusk|spd|1
|
|-heal|p1a: Great Tusk|100/100|[from] item: Leftovers
|upkeep
|turn|4
|
|t:|1781267155
|switch|p2a: Overseer|Pecharunt|100/100
|move|p1a: Great Tusk|Knock Off|p2a: Overseer
|-supereffective|p2a: Overseer
|-damage|p2a: Overseer|73/100
|-enditem|p2a: Overseer|Heavy-Duty Boots|[from] move: Knock Off|[of] p1a: Great Tusk
|
|upkeep
|turn|5
|
|t:|1781267160
|switch|p2a: Enten|Landorus-Therian, M, shiny|100/100
|-ability|p2a: Enten|Intimidate|boost
|-unboost|p1a: Great Tusk|atk|1
|move|p1a: Great Tusk|Headlong Rush|p2a: Enten
|-immune|p2a: Enten
|
|upkeep
|turn|6
|
|t:|1781267164
|move|p2a: Enten|Grass Knot|p1a: Great Tusk
|-supereffective|p1a: Great Tusk
|-damage|p1a: Great Tusk|0 fnt
|faint|p1a: Great Tusk
|-end|p1a: Great Tusk|Protosynthesis|[silent]
|
|upkeep
|c|☆iamverykarpy|havent seen that in a while
|
|t:|1781267174
|switch|p1a: Kyurem|Kyurem, shiny|100/100
|-ability|p1a: Kyurem|Pressure
|turn|7
|
|t:|1781267177
|switch|p2a: Pisces|Alomomola, M, shiny|100/100
|move|p1a: Kyurem|Ice Beam|p2a: Pisces
|-resisted|p2a: Pisces
|-damage|p2a: Pisces|80/100
|
|upkeep
|turn|8
|
|t:|1781267181
|switch|p1a: Alomomola|Alomomola, F|100/100
|move|p2a: Pisces|Flip Turn|p1a: Alomomola
|-resisted|p1a: Alomomola
|-damage|p1a: Alomomola|96/100
|-damage|p2a: Pisces|64/100|[from] item: Rocky Helmet|[of] p1a: Alomomola
|
|t:|1781267188
|switch|p2a: Calamity|Iron Valiant, shiny|100/100|[from] Flip Turn
|
|upkeep
|turn|9
|
|t:|1781267190
|move|p2a: Calamity|Thunderbolt|p1a: Alomomola
|-supereffective|p1a: Alomomola
|-damage|p1a: Alomomola|0 fnt
|faint|p1a: Alomomola
|
|upkeep
|
|t:|1781267193
|switch|p1a: Slowking|Slowking-Galar, M, shiny|100/100
|turn|10
|
|t:|1781267202
|-end|p2a: Calamity|Quark Drive|[silent]
|switch|p2a: Liberacy|Cinderace, M, shiny|100/100
|-prepare|p1a: Slowking|Chilly Reception|[premajor]
|move|p1a: Slowking|Chilly Reception|p1a: Slowking
|-weather|Snowscape
|
|t:|1781267207
|switch|p1a: Cetitan|Cetitan, F, shiny|100/100|[from] Chilly Reception
|
|-weather|Snowscape|[upkeep]
|upkeep
|turn|11
|
|t:|1781267213
|switch|p2a: Pisces|Alomomola, M, shiny|97/100
|move|p1a: Cetitan|Earthquake|p2a: Pisces
|-damage|p2a: Pisces|71/100
|
|-weather|Snowscape|[upkeep]
|upkeep
|turn|12
|
|t:|1781267218
|move|p1a: Cetitan|Belly Drum|p1a: Cetitan
|-damage|p1a: Cetitan|50/100
|-setboost|p1a: Cetitan|atk|6|[from] move: Belly Drum
|-enditem|p1a: Cetitan|Sitrus Berry|[eat]
|-heal|p1a: Cetitan|75/100|[from] item: Sitrus Berry
|move|p2a: Pisces|Flip Turn|p1a: Cetitan
|-damage|p1a: Cetitan|65/100
|inactive|hawkins0 has 120 seconds left.
|
|t:|1781267267
|switch|p2a: Enten|Landorus-Therian, M, shiny|100/100|[from] Flip Turn
|-ability|p2a: Enten|Intimidate|boost
|-unboost|p1a: Cetitan|atk|1
|
|-weather|Snowscape|[upkeep]
|upkeep
|turn|13
|
|t:|1781267274
|switch|p2a: Pisces|Alomomola, M, shiny|100/100
|move|p1a: Cetitan|Ice Shard|p2a: Pisces
|-resisted|p2a: Pisces
|-damage|p2a: Pisces|75/100
|
|-weather|Snowscape|[upkeep]
|upkeep
|turn|14
|
|t:|1781267281
|move|p2a: Pisces|Aqua Jet|p1a: Cetitan
|-crit|p1a: Cetitan
|-damage|p1a: Cetitan|53/100
|move|p1a: Cetitan|Ice Spinner|p2a: Pisces
|-resisted|p2a: Pisces
|-damage|p2a: Pisces|21/100
|
|-weather|none
|upkeep
|turn|15
|inactive|hawkins0 has 120 seconds left.
|
|t:|1781267305
|move|p2a: Pisces|Aqua Jet|p1a: Cetitan
|-damage|p1a: Cetitan|44/100
|move|p1a: Cetitan|Ice Spinner|p2a: Pisces
|-resisted|p2a: Pisces
|-damage|p2a: Pisces|0 fnt
|faint|p2a: Pisces
|
|upkeep
|
|t:|1781267307
|switch|p2a: Liberacy|Cinderace, M, shiny|100/100
|turn|16
|
|t:|1781267310
|move|p1a: Cetitan|Ice Shard|p2a: Liberacy
|-resisted|p2a: Liberacy
|-damage|p2a: Liberacy|51/100
|move|p2a: Liberacy|Pyro Ball|p1a: Cetitan
|-supereffective|p1a: Cetitan
|-damage|p1a: Cetitan|0 fnt
|faint|p1a: Cetitan
|
|upkeep
|
|t:|1781267322
|switch|p1a: Slowking|Slowking-Galar, M, shiny|100/100
|turn|17
|
|t:|1781267328
|move|p2a: Liberacy|Pyro Ball|p1a: Slowking
|-damage|p1a: Slowking|44/100
|move|p1a: Slowking|Sludge Bomb|p2a: Liberacy
|-damage|p2a: Liberacy|5/100
|-status|p2a: Liberacy|psn
|
|-damage|p2a: Liberacy|0 fnt|[from] psn
|faint|p2a: Liberacy
|upkeep
|
|t:|1781267331
|switch|p2a: Khaos|Hoopa-Unbound|3/100
|turn|18
|
|t:|1781267334
|switch|p1a: Rillaboom|Rillaboom, F|100/100
|-fieldstart|move: Grassy Terrain|[from] ability: Grassy Surge|[of] p1a: Rillaboom
|move|p2a: Khaos|Hyperspace Fury|p1a: Rillaboom
|-damage|p1a: Rillaboom|0 fnt
|-unboost|p2a: Khaos|def|1
|faint|p1a: Rillaboom
|
|-heal|p2a: Khaos|9/100|[from] Grassy Terrain
|upkeep
|
|t:|1781267338
|switch|p1a: Kyurem|Kyurem, shiny|100/100
|-ability|p1a: Kyurem|Pressure
|turn|19
|
|t:|1781267353
|switch|p2a: Overseer|Pecharunt|73/100
|move|p1a: Kyurem|Ice Beam|p2a: Overseer
|-damage|p2a: Overseer|7/100
|
|-heal|p2a: Overseer|13/100|[from] Grassy Terrain
|upkeep
|turn|20
|
|t:|1781267357
|move|p1a: Kyurem|Ice Beam|p2a: Overseer
|-damage|p2a: Overseer|0 fnt
|faint|p2a: Overseer
|
|upkeep
|
|t:|1781267360
|switch|p2a: Calamity|Iron Valiant, shiny|100/100
|turn|21
|
|t:|1781267377
|-terastallize|p1a: Kyurem|Ground
|move|p2a: Calamity|Moonblast|p1a: Kyurem
|-damage|p1a: Kyurem|37/100
|move|p1a: Kyurem|Ice Beam|p2a: Calamity
|-damage|p2a: Calamity|0 fnt
|faint|p2a: Calamity
|-end|p2a: Calamity|Quark Drive|[silent]
|
|-heal|p1a: Kyurem|43/100|[from] Grassy Terrain
|upkeep
|
|t:|1781267386
|switch|p2a: Enten|Landorus-Therian, M, shiny|100/100
|-ability|p2a: Enten|Intimidate|boost
|-unboost|p1a: Kyurem|atk|1
|turn|22
|
|t:|1781267389
|move|p2a: Enten|Grass Knot|p1a: Kyurem
|-supereffective|p1a: Kyurem
|-damage|p1a: Kyurem|0 fnt
|faint|p1a: Kyurem
|
|-fieldend|move: Grassy Terrain
|upkeep
|
|t:|1781267392
|switch|p1a: Slowking|Slowking-Galar, M, shiny|77/100
|turn|23
|
|t:|1781267395
|move|p2a: Enten|Grass Knot|p1a: Slowking
|-resisted|p1a: Slowking
|-damage|p1a: Slowking|72/100
|move|p1a: Slowking|Sludge Bomb|p2a: Enten
|-resisted|p2a: Enten
|-damage|p2a: Enten|75/100
|-status|p2a: Enten|psn
|
|-damage|p2a: Enten|63/100 psn|[from] psn
|upkeep
|turn|24
|
|t:|1781267399
|move|p2a: Enten|Grass Knot|p1a: Slowking
|-resisted|p1a: Slowking
|-damage|p1a: Slowking|66/100
|move|p1a: Slowking|Sludge Bomb|p2a: Enten
|-resisted|p2a: Enten
|-damage|p2a: Enten|38/100 psn
|
|-damage|p2a: Enten|26/100 psn|[from] psn
|upkeep
|turn|25
|
|t:|1781267403
|move|p2a: Enten|Grass Knot|p1a: Slowking
|-resisted|p1a: Slowking
|-damage|p1a: Slowking|60/100
|move|p1a: Slowking|Sludge Bomb|p2a: Enten
|-resisted|p2a: Enten
|-damage|p2a: Enten|1/100 psn
|
|-damage|p2a: Enten|0 fnt|[from] psn
|faint|p2a: Enten
|upkeep
|
|t:|1781267405
|switch|p2a: Khaos|Hoopa-Unbound|9/100
|turn|26
|
|t:|1781267409
|-terastallize|p2a: Khaos|Dark
|move|p2a: Khaos|Hyperspace Fury|p1a: Slowking
|-supereffective|p1a: Slowking
|-enditem|p1a: Slowking|Colbur Berry|[eat]
|-enditem|p1a: Slowking|Colbur Berry|[weaken]
|-damage|p1a: Slowking|0 fnt
|-unboost|p2a: Khaos|def|1
|faint|p1a: Slowking
|
|win|hawkins0
|raw|iamverykarpy's rating: 1769 &rarr; <strong>1750</strong><br />(-19 for losing)
|raw|hawkins0's rating: 1794 &rarr; <strong>1813</strong><br />(+19 for winning)
|l|☆iamverykarpy
|player|p1|
