|j|☆cachowcapow
|j|☆icylikedecember
|t:|1781080890
|gametype|singles
|player|p1|cachowcapow|265|1645
|player|p2|icylikedecember|skierf|1606
|gen|9
|tier|[Gen 9] OU
|rated|
|rule|HP Percentage Mod: HP is shown in percentages
|rule|Endless Battle Clause: Forcing endless battles is banned
|rule|Species Clause: Limit one of each Pokémon
|rule|OHKO Clause: OHKO moves are banned
|rule|Evasion Items Clause: Evasion items are banned
|rule|Evasion Moves Clause: Evasion moves are banned
|rule|Evasion Abilities Clause: Evasion abilities are banned
|rule|Sleep Moves Clause: Sleep-inducing moves are banned
|clearpoke
|poke|p1|Tornadus-Therian, M|
|poke|p1|Slowking-Galar, M|
|poke|p1|Kyurem|
|poke|p1|Cinderace, F|
|poke|p1|Iron Treads|
|poke|p1|Alomomola, F|
|poke|p2|Corviknight, F|
|poke|p2|Slowking-Galar, F|
|poke|p2|Darkrai|
|poke|p2|Kyurem|
|poke|p2|Zamazenta-*|
|poke|p2|Samurott-Hisui, M|
|teampreview
|
|t:|1781080900
|teamsize|p1|6
|teamsize|p2|6
|start
|switch|p1a: Kyurem|Kyurem|100/100
|switch|p2a: Samurott|Samurott-Hisui, M|100/100
|-ability|p1a: Kyurem|Pressure
|turn|1
|
|t:|1781080905
|switch|p2a: Slowking|Slowking-Galar, F, shiny|100/100
|move|p1a: Kyurem|Freeze-Dry|p2a: Slowking
|-damage|p2a: Slowking|72/100
|
|upkeep
|turn|2
|inactive|Battle timer is ON: inactive players will automatically lose when time's up. (requested by icylikedecember)
|
|t:|1781080911
|switch|p1a: Iron Treads|Iron Treads|100/100
|move|p2a: Slowking|Sludge Bomb|p1a: Iron Treads
|-immune|p1a: Iron Treads
|
|upkeep
|turn|3
|
|t:|1781080917
|switch|p2a: Corviknight|Corviknight, F, shiny|100/100
|-ability|p2a: Corviknight|Pressure
|move|p1a: Iron Treads|Volt Switch|p2a: Corviknight
|-supereffective|p2a: Corviknight
|-damage|p2a: Corviknight|66/100
|
|t:|1781080925
|-end|p1a: Iron Treads|Quark Drive|[silent]
|switch|p1a: Kyurem|Kyurem|100/100|[from] Volt Switch
|-ability|p1a: Kyurem|Pressure
|
|upkeep
|turn|4
|
|t:|1781080929
|switch|p2a: Slowking|Slowking-Galar, F, shiny|100/100
|move|p1a: Kyurem|Freeze-Dry|p2a: Slowking
|-damage|p2a: Slowking|75/100
|
|upkeep
|turn|5
|
|t:|1781080935
|move|p1a: Kyurem|Freeze-Dry|p2a: Slowking
|-damage|p2a: Slowking|46/100
|-status|p2a: Slowking|frz
|-curestatus|p2a: Slowking|frz|[msg]
|move|p2a: Slowking|Psyshock|p1a: Kyurem
|-damage|p1a: Kyurem|62/100
|
|upkeep
|turn|6
|
|t:|1781080943
|move|p1a: Kyurem|Freeze-Dry|p2a: Slowking
|-damage|p2a: Slowking|21/100
|move|p2a: Slowking|Sludge Bomb|p1a: Kyurem
|-damage|p1a: Kyurem|20/100
|
|upkeep
|turn|7
|
|t:|1781080950
|switch|p2a: Corviknight|Corviknight, F, shiny|66/100
|-ability|p2a: Corviknight|Pressure
|move|p1a: Kyurem|Freeze-Dry|p2a: Corviknight
|-damage|p2a: Corviknight|12/100
|
|upkeep
|turn|8
|
|t:|1781080961
|move|p1a: Kyurem|Freeze-Dry|p2a: Corviknight
|-damage|p2a: Corviknight|0 fnt
|faint|p2a: Corviknight
|
|upkeep
|
|t:|1781080965
|switch|p2a: Samurott|Samurott-Hisui, M|100/100
|turn|9
|
|t:|1781080974
|switch|p1a: Alomomola|Alomomola, F|100/100
|move|p2a: Samurott|Knock Off|p1a: Alomomola
|-damage|p1a: Alomomola|73/100
|-enditem|p1a: Alomomola|Heavy-Duty Boots|[from] move: Knock Off|[of] p2a: Samurott
|
|upkeep
|turn|10
|
|t:|1781080981
|switch|p2a: Slowking|Slowking-Galar, F, shiny|54/100
|move|p1a: Alomomola|Flip Turn|p2a: Slowking
|-damage|p2a: Slowking|38/100
|
|t:|1781080989
|switch|p1a: Iron Treads|Iron Treads|100/100|[from] Flip Turn
|
|upkeep
|turn|11
|
|t:|1781080996
|switch|p2a: Samurott|Samurott-Hisui, M|100/100
|move|p1a: Iron Treads|Earth Power|p2a: Samurott
|-damage|p2a: Samurott|45/100
|
|upkeep
|turn|12
|
|t:|1781081003
|-end|p1a: Iron Treads|Quark Drive|[silent]
|switch|p1a: Alomomola|Alomomola, F|100/100
|move|p2a: Samurott|Razor Shell|p1a: Alomomola
|-resisted|p1a: Alomomola
|-damage|p1a: Alomomola|84/100
|-unboost|p1a: Alomomola|def|1
|
|upkeep
|turn|13
|
|t:|1781081009
|move|p2a: Samurott|Razor Shell|p1a: Alomomola
|-resisted|p1a: Alomomola
|-damage|p1a: Alomomola|59/100
|move|p1a: Alomomola|Flip Turn|p2a: Samurott
|-resisted|p2a: Samurott
|-damage|p2a: Samurott|35/100
|
|t:|1781081018
|switch|p1a: Slowking|Slowking-Galar, M|100/100|[from] Flip Turn
|
|upkeep
|turn|14
|
|t:|1781081021
|switch|p2a: Slowking|Slowking-Galar, F, shiny|71/100
|-prepare|p1a: Slowking|Chilly Reception|[premajor]
|move|p1a: Slowking|Chilly Reception|p1a: Slowking
|-weather|Snowscape
|
|t:|1781081025
|switch|p1a: Tornadus|Tornadus-Therian, M|100/100|[from] Chilly Reception
|
|-weather|Snowscape|[upkeep]
|upkeep
|turn|15
|
|t:|1781081027
|move|p1a: Tornadus|Knock Off|p2a: Slowking
|-supereffective|p2a: Slowking
|-damage|p2a: Slowking|31/100
|-enditem|p2a: Slowking|Assault Vest|[from] move: Knock Off|[of] p1a: Tornadus
|move|p2a: Slowking|Ice Beam|p1a: Tornadus
|-supereffective|p1a: Tornadus
|-damage|p1a: Tornadus|71/100
|
|-weather|Snowscape|[upkeep]
|upkeep
|turn|16
|
|t:|1781081038
|move|p1a: Tornadus|Bleakwind Storm|p2a: Slowking
|-damage|p2a: Slowking|3/100
|move|p2a: Slowking|Sludge Bomb|p1a: Tornadus
|-damage|p1a: Tornadus|51/100
|-status|p1a: Tornadus|psn
|
|-weather|Snowscape|[upkeep]
|-damage|p1a: Tornadus|38/100 psn|[from] psn
|upkeep
|turn|17
|
|t:|1781081046
|switch|p2a: Kyurem|Kyurem|100/100
|-ability|p2a: Kyurem|Pressure
|move|p1a: Tornadus|U-turn|p2a: Kyurem
|-damage|p2a: Kyurem|91/100
|
|t:|1781081057
|switch|p1a: Iron Treads|Iron Treads|100/100|[from] U-turn
|
|-weather|Snowscape|[upkeep]
|upkeep
|turn|18
|
|t:|1781081068
|-terastallize|p2a: Kyurem|Ground
|move|p1a: Iron Treads|Flash Cannon|p2a: Kyurem
|-damage|p2a: Kyurem|62/100
|move|p2a: Kyurem|Earth Power|p1a: Iron Treads
|-supereffective|p1a: Iron Treads
|-damage|p1a: Iron Treads|0 fnt
|faint|p1a: Iron Treads
|-end|p1a: Iron Treads|Quark Drive|[silent]
|
|-weather|none
|upkeep
|
|t:|1781081077
|switch|p1a: Tornadus|Tornadus-Therian, M|71/100 psn
|turn|19
|
|t:|1781081083
|move|p2a: Kyurem|Ice Beam|p1a: Tornadus
|-supereffective|p1a: Tornadus
|-damage|p1a: Tornadus|23/100 psn
|move|p1a: Tornadus|U-turn|p2a: Kyurem
|-damage|p2a: Kyurem|48/100
|
|t:|1781081090
|switch|p1a: Alomomola|Alomomola, F|93/100|[from] U-turn
|
|upkeep
|turn|20
|
|t:|1781081094
|move|p2a: Kyurem|Freeze-Dry|p1a: Alomomola
|-supereffective|p1a: Alomomola
|-damage|p1a: Alomomola|27/100
|move|p1a: Alomomola|Flip Turn|p2a: Kyurem
|-supereffective|p2a: Kyurem
|-damage|p2a: Kyurem|18/100
|
|t:|1781081097
|switch|p1a: Cinderace|Cinderace, F|100/100|[from] Flip Turn
|
|upkeep
|turn|21
|
|t:|1781081103
|switch|p2a: Zamazenta|Zamazenta|100/100
|-ability|p2a: Zamazenta|Dauntless Shield|boost
|-boost|p2a: Zamazenta|def|1
|move|p1a: Cinderace|U-turn|p2a: Zamazenta
|-start|p1a: Cinderace|typechange|Bug|[from] ability: Libero
|-resisted|p2a: Zamazenta
|-damage|p2a: Zamazenta|93/100
|
|t:|1781081106
|switch|p1a: Slowking|Slowking-Galar, M|100/100|[from] U-turn
|
|-heal|p2a: Zamazenta|99/100|[from] item: Leftovers
|upkeep
|turn|22
|
|t:|1781081117
|move|p2a: Zamazenta|Crunch|p1a: Slowking
|-supereffective|p1a: Slowking
|-damage|p1a: Slowking|69/100
|-damage|p2a: Zamazenta|82/100|[from] item: Rocky Helmet|[of] p1a: Slowking
|move|p1a: Slowking|Thunder Wave|p2a: Zamazenta
|-status|p2a: Zamazenta|par
|
|-heal|p2a: Zamazenta|88/100 par|[from] item: Leftovers
|upkeep
|turn|23
|
|t:|1781081128
|move|p2a: Zamazenta|Crunch|p1a: Slowking
|-supereffective|p1a: Slowking
|-damage|p1a: Slowking|38/100
|-damage|p2a: Zamazenta|72/100 par|[from] item: Rocky Helmet|[of] p1a: Slowking
|-prepare|p1a: Slowking|Chilly Reception|[premajor]
|move|p1a: Slowking|Chilly Reception|p1a: Slowking
|-weather|Snowscape
|
|t:|1781081135
|switch|p1a: Alomomola|Alomomola, F|61/100|[from] Chilly Reception
|
|-weather|Snowscape|[upkeep]
|-heal|p2a: Zamazenta|78/100 par|[from] item: Leftovers
|upkeep
|turn|24
|
|t:|1781081139
|switch|p2a: Slowking|Slowking-Galar, F, shiny|36/100
|move|p1a: Alomomola|Wish|p1a: Alomomola
|
|-weather|Snowscape|[upkeep]
|upkeep
|turn|25
|
|t:|1781081150
|move|p1a: Alomomola|Scald|p2a: Slowking
|-damage|p2a: Slowking|26/100
|move|p2a: Slowking|Sludge Bomb|p1a: Alomomola
|-damage|p1a: Alomomola|21/100
|-status|p1a: Alomomola|psn
|
|-weather|Snowscape|[upkeep]
|-heal|p1a: Alomomola|71/100 psn|[from] move: Wish|[wisher] Alomomola
|-damage|p1a: Alomomola|59/100 psn|[from] psn
|upkeep
|turn|26
|j| yuureisuisei
|
|t:|1781081159
|move|p1a: Alomomola|Wish|p1a: Alomomola
|move|p2a: Slowking|Sludge Bomb|p1a: Alomomola
|-damage|p1a: Alomomola|24/100 psn
|
|-weather|Snowscape|[upkeep]
|-damage|p1a: Alomomola|12/100 psn|[from] psn
|upkeep
|turn|27
|
|t:|1781081163
|move|p1a: Alomomola|Protect|p1a: Alomomola
|-singleturn|p1a: Alomomola|Protect
|move|p2a: Slowking|Sludge Bomb|p1a: Alomomola
|-activate|p1a: Alomomola|move: Protect
|
|-weather|none
|-heal|p1a: Alomomola|61/100 psn|[from] move: Wish|[wisher] Alomomola
|-damage|p1a: Alomomola|49/100 psn|[from] psn
|upkeep
|turn|28
|
|t:|1781081166
|move|p1a: Alomomola|Flip Turn|p2a: Slowking
|-damage|p2a: Slowking|10/100
|
|t:|1781081168
|switch|p1a: Tornadus|Tornadus-Therian, M|56/100 psn|[from] Flip Turn
|move|p2a: Slowking|Sludge Bomb|p1a: Tornadus
|-damage|p1a: Tornadus|36/100 psn
|
|-damage|p1a: Tornadus|24/100 psn|[from] psn
|upkeep
|turn|29
|l| yuureisuisei
|
|t:|1781081180
|switch|p2a: Zamazenta|Zamazenta|78/100 par
|move|p1a: Tornadus|U-turn|p2a: Zamazenta
|-resisted|p2a: Zamazenta
|-damage|p2a: Zamazenta|73/100 par
|
|t:|1781081183
|switch|p1a: Kyurem|Kyurem|20/100|[from] U-turn
|-ability|p1a: Kyurem|Pressure
|
|-heal|p2a: Zamazenta|79/100 par|[from] item: Leftovers
|upkeep
|turn|30
|
|t:|1781081189
|move|p1a: Kyurem|Draco Meteor|p2a: Zamazenta
|-damage|p2a: Zamazenta|0 fnt
|-unboost|p1a: Kyurem|spa|2
|faint|p2a: Zamazenta
|
|upkeep
|
|t:|1781081198
|switch|p2a: Samurott|Samurott-Hisui, M|35/100
|turn|31
|
|t:|1781081206
|switch|p1a: Alomomola|Alomomola, F|82/100 psn
|move|p2a: Samurott|Ceaseless Edge|p1a: Alomomola
|-damage|p1a: Alomomola|55/100 psn
|-sidestart|p1: cachowcapow|Spikes
|
|-damage|p1a: Alomomola|43/100 psn|[from] psn
|upkeep
|turn|32
|
|t:|1781081212
|move|p2a: Samurott|Ceaseless Edge|p1a: Alomomola
|-damage|p1a: Alomomola|12/100 psn
|-sidestart|p1: cachowcapow|Spikes
|move|p1a: Alomomola|Flip Turn|p2a: Samurott
|-resisted|p2a: Samurott
|-damage|p2a: Samurott|24/100
|
|t:|1781081216
|switch|p1a: Slowking|Slowking-Galar, M|71/100|[from] Flip Turn
|-damage|p1a: Slowking|54/100|[from] Spikes
|
|upkeep
|turn|33
|
|t:|1781081222
|-terastallize|p1a: Slowking|Fairy
|move|p2a: Samurott|Ceaseless Edge|p1a: Slowking
|-resisted|p1a: Slowking
|-damage|p1a: Slowking|38/100
|-damage|p2a: Samurott|7/100|[from] item: Rocky Helmet|[of] p1a: Slowking
|-sidestart|p1: cachowcapow|Spikes
|move|p1a: Slowking|Thunder Wave|p2a: Samurott
|-status|p2a: Samurott|par
|
|upkeep
|turn|34
|
|t:|1781081234
|switch|p2a: Darkrai|Darkrai|100/100
|-prepare|p1a: Slowking|Chilly Reception|[premajor]
|move|p1a: Slowking|Chilly Reception|p1a: Slowking
|-weather|Snowscape
|
|t:|1781081242
|switch|p1a: Tornadus|Tornadus-Therian, M|57/100 psn|[from] Chilly Reception
|
|-weather|Snowscape|[upkeep]
|-damage|p1a: Tornadus|44/100 psn|[from] psn
|upkeep
|turn|35
|
|t:|1781081245
|move|p2a: Darkrai|Ice Beam|p1a: Tornadus
|-supereffective|p1a: Tornadus
|-crit|p1a: Tornadus
|-damage|p1a: Tornadus|0 fnt
|faint|p1a: Tornadus
|
|-weather|Snowscape|[upkeep]
|upkeep
|
|t:|1781081247
|switch|p1a: Cinderace|Cinderace, F|100/100
|turn|36
|
|t:|1781081251
|move|p2a: Darkrai|Dark Pulse|p1a: Cinderace
|-damage|p1a: Cinderace|35/100
|cant|p1a: Cinderace|flinch
|
|-weather|Snowscape|[upkeep]
|upkeep
|turn|37
|
|t:|1781081256
|switch|p1a: Slowking|Slowking-Galar, M, tera:Fairy|71/100
|-damage|p1a: Slowking|46/100|[from] Spikes
|move|p2a: Darkrai|Dark Pulse|p1a: Slowking
|-resisted|p1a: Slowking
|-damage|p1a: Slowking|31/100
|
|-weather|Snowscape|[upkeep]
|upkeep
|turn|38
|
|t:|1781081261
|switch|p1a: Alomomola|Alomomola, F|45/100 psn
|-damage|p1a: Alomomola|20/100 psn|[from] Spikes
|move|p2a: Darkrai|Sludge Bomb|p1a: Alomomola
|-crit|p1a: Alomomola
|-damage|p1a: Alomomola|0 fnt
|faint|p1a: Alomomola
|
|-weather|none
|upkeep
|
|t:|1781081263
|switch|p1a: Slowking|Slowking-Galar, M, tera:Fairy|64/100
|-damage|p1a: Slowking|39/100|[from] Spikes
|turn|39
|
|t:|1781081266
|move|p2a: Darkrai|Sludge Bomb|p1a: Slowking
|-supereffective|p1a: Slowking
|-damage|p1a: Slowking|0 fnt
|faint|p1a: Slowking
|
|upkeep
|-message|cachowcapow forfeited.
|
|win|icylikedecember
|raw|cachowcapow's rating: 1660 &rarr; <strong>1637</strong><br />(-23 for losing)
|raw|icylikedecember's rating: 1606 &rarr; <strong>1629</strong><br />(+23 for winning)
|l|☆cachowcapow
|player|p1|
|l|☆icylikedecember
|player|p2|
