|j|☆omari p
|j|☆bsmcreeper
|t:|1781300701
|gametype|singles
|player|p1|omari p|pokemonrangerf|1550
|player|p2|bsmcreeper|101|1543
|gen|9
|tier|[Gen 9] OU
|rated|
|rule|HP Percentage Mod: HP is shown in percentages
|rule|Endless Battle Clause: Forcing endless battles is banned
|rule|Species Clause: Limit one of each Pokémon
|rule|OHKO Clause: OHKO moves are banned
|rule|Evasion Items Clause: Evasion items are banned
|rule|Evasion Moves Clause: Evasion moves are banned
|rule|Evasion Abilities Clause: Evasion abilities are banned
|rule|Sleep Moves Clause: Sleep-inducing moves are banned
|clearpoke
|poke|p1|Cinderace, M|
|poke|p1|Skeledirge, F|
|poke|p1|Latios, M|
|poke|p1|Mandibuzz, F|
|poke|p1|Gallade, M|
|poke|p1|Gastrodon, F|
|poke|p2|Zamazenta-*|
|poke|p2|Ceruledge, M|
|poke|p2|Corviknight, M|
|poke|p2|Slowking-Galar, M|
|poke|p2|Raging Bolt|
|poke|p2|Meowscarada, M|
|teampreview
|inactive|Battle timer is ON: inactive players will automatically lose when time's up. (requested by bsmcreeper)
|
|t:|1781300729
|teamsize|p1|6
|teamsize|p2|6
|start
|switch|p1a: Gallade|Gallade, M|100/100
|switch|p2a: Slowking|Slowking-Galar, M|100/100
|turn|1
|
|t:|1781300741
|move|p1a: Gallade|Knock Off|p2a: Slowking
|-supereffective|p2a: Slowking
|-damage|p2a: Slowking|14/100
|-enditem|p2a: Slowking|Heavy-Duty Boots|[from] move: Knock Off|[of] p1a: Gallade
|move|p2a: Slowking|Thunder Wave|p1a: Gallade
|-status|p1a: Gallade|par
|
|upkeep
|turn|2
|
|t:|1781300747
|switch|p2a: Corviknight|Corviknight, M|100/100
|-ability|p2a: Corviknight|Pressure
|move|p1a: Gallade|Knock Off|p2a: Corviknight
|-damage|p2a: Corviknight|72/100
|-damage|p1a: Gallade|84/100 par|[from] item: Rocky Helmet|[of] p2a: Corviknight
|-enditem|p2a: Corviknight|Rocky Helmet|[from] move: Knock Off|[of] p1a: Gallade
|
|upkeep
|turn|3
|
|t:|1781300754
|switch|p1a: Cinderace|Cinderace, M|100/100
|move|p2a: Corviknight|U-turn|p1a: Cinderace
|-resisted|p1a: Cinderace
|-damage|p1a: Cinderace|91/100
|
|t:|1781300757
|switch|p2a: Zamazenta|Zamazenta|100/100|[from] U-turn
|-ability|p2a: Zamazenta|Dauntless Shield|boost
|-boost|p2a: Zamazenta|def|1
|
|upkeep
|turn|4
|
|t:|1781300761
|switch|p1a: Latios|Latios, M|100/100
|move|p2a: Zamazenta|Stone Edge|p1a: Latios|[miss]
|-miss|p2a: Zamazenta|p1a: Latios
|
|upkeep
|turn|5
|
|t:|1781300766
|switch|p2a: Slowking|Slowking-Galar, M|47/100
|move|p1a: Latios|Luster Purge|p2a: Slowking
|-damage|p2a: Slowking|14/100
|
|upkeep
|turn|6
|
|t:|1781300768
|switch|p2a: Corviknight|Corviknight, M|72/100
|-ability|p2a: Corviknight|Pressure
|move|p1a: Latios|Luster Purge|p2a: Corviknight
|-resisted|p2a: Corviknight
|-damage|p2a: Corviknight|46/100
|
|upkeep
|turn|7
|
|t:|1781300773
|switch|p1a: Cinderace|Cinderace, M|91/100
|move|p2a: Corviknight|Roost|p2a: Corviknight
|-heal|p2a: Corviknight|96/100
|-singleturn|p2a: Corviknight|move: Roost
|
|upkeep
|turn|8
|
|t:|1781300779
|switch|p2a: Ceruledge|Ceruledge, M|100/100
|move|p1a: Cinderace|Pyro Ball|p2a: Ceruledge
|-resisted|p2a: Ceruledge
|-damage|p2a: Ceruledge|67/100
|-ability|p2a: Ceruledge|Weak Armor|boost
|-unboost|p2a: Ceruledge|def|1
|-boost|p2a: Ceruledge|spe|2
|
|upkeep
|turn|9
|
|t:|1781300784
|switch|p1a: Omari P Bird|Mandibuzz, F, shiny|100/100
|move|p2a: Ceruledge|Poltergeist|p1a: Omari P Bird
|-activate|p1a: Omari P Bird|move: Poltergeist|Rocky Helmet
|-resisted|p1a: Omari P Bird
|-damage|p1a: Omari P Bird|81/100
|
|upkeep
|turn|10
|
|t:|1781300796
|switch|p2a: Raging Bolt|Raging Bolt|100/100
|-enditem|p2a: Raging Bolt|Booster Energy
|-activate|p2a: Raging Bolt|ability: Protosynthesis|[fromitem]
|-start|p2a: Raging Bolt|protosynthesisspa
|switch|p1a: Gastrodon|Gastrodon, F|100/100
|
|upkeep
|turn|11
|
|t:|1781300803
|-end|p2a: Raging Bolt|Protosynthesis|[silent]
|switch|p2a: Corviknight|Corviknight, M|96/100
|-ability|p2a: Corviknight|Pressure
|move|p1a: Gastrodon|Earth Power|p2a: Corviknight
|-immune|p2a: Corviknight
|
|upkeep
|turn|12
|
|t:|1781300805
|move|p2a: Corviknight|U-turn|p1a: Gastrodon
|-damage|p1a: Gastrodon|85/100
|
|t:|1781300808
|switch|p2a: Slowking|Slowking-Galar, M|48/100|[from] U-turn
|move|p1a: Gastrodon|Stealth Rock|p2a: Slowking
|-sidestart|p2: bsmcreeper|move: Stealth Rock
|
|-heal|p1a: Gastrodon|91/100|[from] item: Leftovers
|upkeep
|turn|13
|
|t:|1781300811
|move|p1a: Gastrodon|Earth Power|p2a: Slowking
|-supereffective|p2a: Slowking
|-damage|p2a: Slowking|11/100
|-unboost|p2a: Slowking|spd|1
|-prepare|p2a: Slowking|Chilly Reception|[premajor]
|move|p2a: Slowking|Chilly Reception|p2a: Slowking
|-weather|Snowscape
|
|t:|1781300814
|switch|p2a: Corviknight|Corviknight, M|96/100|[from] Chilly Reception
|-damage|p2a: Corviknight|84/100|[from] Stealth Rock
|-ability|p2a: Corviknight|Pressure
|
|-weather|Snowscape|[upkeep]
|-heal|p1a: Gastrodon|97/100|[from] item: Leftovers
|upkeep
|turn|14
|
|t:|1781300818
|move|p2a: Corviknight|Defog|p1a: Gastrodon
|-unboost|p1a: Gastrodon|evasion|1
|-sideend|p2: bsmcreeper|Stealth Rock|[from] move: Defog|[of] p2a: Corviknight
|move|p1a: Gastrodon|Ice Beam|p2a: Corviknight
|-damage|p2a: Corviknight|65/100
|
|-weather|Snowscape|[upkeep]
|-heal|p1a: Gastrodon|100/100|[from] item: Leftovers
|upkeep
|turn|15
|
|t:|1781300822
|move|p2a: Corviknight|Brave Bird|p1a: Gastrodon
|-damage|p1a: Gastrodon|56/100
|-damage|p2a: Corviknight|49/100|[from] Recoil
|move|p1a: Gastrodon|Stealth Rock|p2a: Corviknight
|-sidestart|p2: bsmcreeper|move: Stealth Rock
|
|-weather|Snowscape|[upkeep]
|-heal|p1a: Gastrodon|62/100|[from] item: Leftovers
|upkeep
|turn|16
|
|t:|1781300825
|move|p2a: Corviknight|Roost|p2a: Corviknight
|-heal|p2a: Corviknight|99/100
|-singleturn|p2a: Corviknight|move: Roost
|move|p1a: Gastrodon|Earth Power|p2a: Corviknight
|-supereffective|p2a: Corviknight
|-damage|p2a: Corviknight|43/100
|-unboost|p2a: Corviknight|spd|1
|
|-weather|Snowscape|[upkeep]
|-heal|p1a: Gastrodon|68/100|[from] item: Leftovers
|upkeep
|turn|17
|
|t:|1781300834
|move|p2a: Corviknight|Brave Bird|p1a: Gastrodon
|-damage|p1a: Gastrodon|24/100
|-damage|p2a: Corviknight|28/100|[from] Recoil
|move|p1a: Gastrodon|Ice Beam|p2a: Corviknight
|-damage|p2a: Corviknight|0 fnt
|faint|p2a: Corviknight
|
|-weather|none
|-heal|p1a: Gastrodon|30/100|[from] item: Leftovers
|upkeep
|
|t:|1781300847
|switch|p2a: Zamazenta|Zamazenta|100/100
|-damage|p2a: Zamazenta|94/100|[from] Stealth Rock
|turn|18
|
|t:|1781300853
|switch|p1a: Latios|Latios, M|100/100
|move|p2a: Zamazenta|Stone Edge|p1a: Latios|[miss]
|-miss|p2a: Zamazenta|p1a: Latios
|
|upkeep
|turn|19
|
|t:|1781300863
|switch|p2a: Meowscarada|Meowscarada, M|100/100
|-damage|p2a: Meowscarada|88/100|[from] Stealth Rock
|move|p1a: Latios|Luster Purge|p2a: Meowscarada
|-immune|p2a: Meowscarada
|
|upkeep
|turn|20
|
|t:|1781300872
|switch|p1a: Gallade|Gallade, M|84/100 par
|move|p2a: Meowscarada|Triple Axel|p1a: Gallade
|-start|p2a: Meowscarada|typechange|Ice|[from] ability: Protean
|-damage|p1a: Gallade|63/100 par
|-damage|p1a: Gallade|28/100 par
|-damage|p1a: Gallade|0 fnt
|faint|p1a: Gallade
|-hitcount|p1: Gallade|3
|-damage|p2a: Meowscarada|78/100|[from] item: Life Orb
|
|upkeep
|
|t:|1781300877
|switch|p1a: Cinderace|Cinderace, M|91/100
|turn|21
|
|t:|1781300883
|switch|p2a: Ceruledge|Ceruledge, M|67/100
|-damage|p2a: Ceruledge|42/100|[from] Stealth Rock
|move|p1a: Cinderace|Pyro Ball|p2a: Ceruledge
|-resisted|p2a: Ceruledge
|-damage|p2a: Ceruledge|10/100
|-ability|p2a: Ceruledge|Weak Armor|boost
|-unboost|p2a: Ceruledge|def|1
|-boost|p2a: Ceruledge|spe|2
|
|upkeep
|turn|22
|
|t:|1781300889
|move|p1a: Cinderace|Sucker Punch|p2a: Ceruledge
|-start|p1a: Cinderace|typechange|Dark|[from] ability: Libero
|-supereffective|p2a: Ceruledge
|-damage|p2a: Ceruledge|0 fnt
|faint|p2a: Ceruledge
|
|upkeep
|
|t:|1781300893
|switch|p2a: Raging Bolt|Raging Bolt|100/100
|-damage|p2a: Raging Bolt|88/100|[from] Stealth Rock
|turn|23
|
|t:|1781300897
|move|p1a: Cinderace|Sucker Punch|p2a: Raging Bolt
|-damage|p2a: Raging Bolt|62/100
|move|p2a: Raging Bolt|Dragon Pulse|p1a: Cinderace
|-damage|p1a: Cinderace|18/100
|
|upkeep
|turn|24
|
|t:|1781300899
|move|p1a: Cinderace|Sucker Punch|p2a: Raging Bolt
|-damage|p2a: Raging Bolt|32/100
|move|p2a: Raging Bolt|Dragon Pulse|p1a: Cinderace
|-damage|p1a: Cinderace|0 fnt
|faint|p1a: Cinderace
|
|upkeep
|
|t:|1781300902
|switch|p1a: Latios|Latios, M|100/100
|turn|25
|
|t:|1781300905
|-end|p2a: Raging Bolt|Protosynthesis|[silent]
|switch|p2a: Slowking|Slowking-Galar, M|44/100
|-damage|p2a: Slowking|32/100|[from] Stealth Rock
|move|p1a: Latios|Ice Beam|p2a: Slowking
|-damage|p2a: Slowking|11/100
|
|upkeep
|turn|26
|
|t:|1781300909
|move|p1a: Latios|Ice Beam|p2a: Slowking
|-damage|p2a: Slowking|0 fnt
|faint|p2a: Slowking
|
|upkeep
|
|t:|1781300911
|switch|p2a: Meowscarada|Meowscarada, M|78/100
|-damage|p2a: Meowscarada|66/100|[from] Stealth Rock
|turn|27
|
|t:|1781300920
|switch|p1a: Omari P Bird|Mandibuzz, F, shiny|81/100
|move|p2a: Meowscarada|Triple Axel|p1a: Omari P Bird
|-start|p2a: Meowscarada|typechange|Ice|[from] ability: Protean
|-supereffective|p1a: Omari P Bird
|-crit|p1a: Omari P Bird
|-damage|p1a: Omari P Bird|60/100
|-damage|p2a: Meowscarada|50/100|[from] item: Rocky Helmet|[of] p1a: Omari P Bird
|-supereffective|p1a: Omari P Bird
|-damage|p1a: Omari P Bird|32/100
|-damage|p2a: Meowscarada|33/100|[from] item: Rocky Helmet|[of] p1a: Omari P Bird
|-hitcount|p1a: Omari P Bird|2
|-damage|p2a: Meowscarada|23/100|[from] item: Life Orb
|
|upkeep
|turn|28
|
|t:|1781300927
|-terastallize|p1a: Omari P Bird|Water
|move|p2a: Meowscarada|Triple Axel|p1a: Omari P Bird
|-resisted|p1a: Omari P Bird
|-damage|p1a: Omari P Bird|29/100
|-damage|p2a: Meowscarada|7/100|[from] item: Rocky Helmet|[of] p1a: Omari P Bird
|-resisted|p1a: Omari P Bird
|-damage|p1a: Omari P Bird|22/100
|-damage|p2a: Meowscarada|0 fnt|[from] item: Rocky Helmet|[of] p1a: Omari P Bird
|faint|p2a: Meowscarada
|-hitcount|p1a: Omari P Bird|2
|move|p1a: Omari P Bird|Roost|p1a: Omari P Bird
|-heal|p1a: Omari P Bird|72/100
|
|upkeep
|
|t:|1781300931
|switch|p2a: Raging Bolt|Raging Bolt|32/100
|-damage|p2a: Raging Bolt|19/100|[from] Stealth Rock
|turn|29
|
|t:|1781300935
|switch|p1a: Gastrodon|Gastrodon, F|30/100
|move|p2a: Raging Bolt|Dragon Pulse|p1a: Gastrodon
|-damage|p1a: Gastrodon|0 fnt
|faint|p1a: Gastrodon
|
|upkeep
|
|t:|1781300937
|switch|p1a: Latios|Latios, M|100/100
|turn|30
|
|t:|1781300944
|move|p2a: Raging Bolt|Thunderclap|p1a: Latios
|-resisted|p1a: Latios
|-damage|p1a: Latios|78/100
|move|p1a: Latios|Luster Purge|p2a: Raging Bolt
|-damage|p2a: Raging Bolt|0 fnt
|faint|p2a: Raging Bolt
|-end|p2a: Raging Bolt|Protosynthesis|[silent]
|
|upkeep
|
|t:|1781300946
|switch|p2a: Zamazenta|Zamazenta|94/100
|-damage|p2a: Zamazenta|88/100|[from] Stealth Rock
|turn|31
|
|t:|1781300948
|switch|p1a: Omari P Bird|Mandibuzz, F, shiny, tera:Water|72/100
|-terastallize|p2a: Zamazenta|Dark
|move|p2a: Zamazenta|Crunch|p1a: Omari P Bird
|-damage|p1a: Omari P Bird|41/100
|-damage|p2a: Zamazenta|72/100|[from] item: Rocky Helmet|[of] p1a: Omari P Bird
|
|upkeep
|turn|32
|
|t:|1781300951
|move|p2a: Zamazenta|Crunch|p1a: Omari P Bird
|-damage|p1a: Omari P Bird|6/100
|-unboost|p1a: Omari P Bird|def|1
|-damage|p2a: Zamazenta|55/100|[from] item: Rocky Helmet|[of] p1a: Omari P Bird
|move|p1a: Omari P Bird|Roost|p1a: Omari P Bird
|-heal|p1a: Omari P Bird|56/100
|
|upkeep
|turn|33
|
|t:|1781300954
|move|p2a: Zamazenta|Crunch|p1a: Omari P Bird
|-damage|p1a: Omari P Bird|4/100
|-damage|p2a: Zamazenta|38/100|[from] item: Rocky Helmet|[of] p1a: Omari P Bird
|move|p1a: Omari P Bird|Roost|p1a: Omari P Bird
|-heal|p1a: Omari P Bird|54/100
|
|upkeep
|turn|34
|
|t:|1781300957
|move|p2a: Zamazenta|Crunch|p1a: Omari P Bird
|-damage|p1a: Omari P Bird|5/100
|-damage|p2a: Zamazenta|22/100|[from] item: Rocky Helmet|[of] p1a: Omari P Bird
|move|p1a: Omari P Bird|Roost|p1a: Omari P Bird
|-heal|p1a: Omari P Bird|55/100
|
|upkeep
|turn|35
|
|t:|1781300960
|move|p2a: Zamazenta|Crunch|p1a: Omari P Bird
|-damage|p1a: Omari P Bird|4/100
|-damage|p2a: Zamazenta|5/100|[from] item: Rocky Helmet|[of] p1a: Omari P Bird
|move|p1a: Omari P Bird|Roost|p1a: Omari P Bird
|-heal|p1a: Omari P Bird|54/100
|
|upkeep
|turn|36
|
|t:|1781300963
|move|p2a: Zamazenta|Crunch|p1a: Omari P Bird
|-damage|p1a: Omari P Bird|1/100
|-damage|p2a: Zamazenta|0 fnt|[from] item: Rocky Helmet|[of] p1a: Omari P Bird
|faint|p2a: Zamazenta
|
|win|omari p
|raw|omari p's rating: 1550 &rarr; <strong>1570</strong><br />(+20 for winning)
|raw|bsmcreeper's rating: 1543 &rarr; <strong>1523</strong><br />(-20 for losing)
|l|☆bsmcreeper
|player|p2|
|j| A Welcome Guest
