|j|☆KurisuChestnutOU
|j|☆tauros3
|t:|1781126325
|gametype|singles
|player|p1|KurisuChestnutOU|may-contest|1590
|player|p2|tauros3|swimmer-gen4dp|1586
|gen|9
|tier|[Gen 9] OU
|rated|
|rule|HP Percentage Mod: HP is shown in percentages
|rule|Endless Battle Clause: Forcing endless battles is banned
|rule|Species Clause: Limit one of each Pokémon
|rule|OHKO Clause: OHKO moves are banned
|rule|Evasion Items Clause: Evasion items are banned
|rule|Evasion Moves Clause: Evasion moves are banned
|rule|Evasion Abilities Clause: Evasion abilities are banned
|rule|Sleep Moves Clause: Sleep-inducing moves are banned
|clearpoke
|poke|p1|Kingambit, F|
|poke|p1|Kommo-o, M|
|poke|p1|Iron Valiant|
|poke|p1|Kyurem|
|poke|p1|Iron Treads|
|poke|p1|Iron Crown|
|poke|p2|Ninetales-Alola, F|
|poke|p2|Cloyster, M|
|poke|p2|Moltres-Galar|
|poke|p2|Ursaluna, M|
|poke|p2|Hatterene, F|
|poke|p2|Cinderace, F|
|teampreview
|inactive|Battle timer is ON: inactive players will automatically lose when time's up. (requested by tauros3)
|inactive|KurisuChestnutOU also wants the timer to be on.
|
|t:|1781126350
|teamsize|p1|6
|teamsize|p2|6
|start
|switch|p1a: Iron Valiant|Iron Valiant|100/100
|switch|p2a: Pink Triangle|Hatterene, F|100/100
|-enditem|p1a: Iron Valiant|Booster Energy
|-activate|p1a: Iron Valiant|ability: Quark Drive|[fromitem]
|-start|p1a: Iron Valiant|quarkdrivespe
|turn|1
|
|t:|1781126354
|-terastallize|p1a: Iron Valiant|Ghost
|move|p1a: Iron Valiant|Shadow Ball|p2a: Pink Triangle
|-supereffective|p2a: Pink Triangle
|-damage|p2a: Pink Triangle|17/100
|move|p2a: Pink Triangle|Trick Room|p2a: Pink Triangle
|-fieldstart|move: Trick Room|[of] p2a: Pink Triangle
|
|upkeep
|turn|2
|
|t:|1781126361
|-end|p1a: Iron Valiant|Quark Drive|[silent]
|switch|p1a: Kingambit|Kingambit, F|100/100
|move|p2a: Pink Triangle|Dazzling Gleam|p1a: Kingambit
|-damage|p1a: Kingambit|50/100
|
|-heal|p1a: Kingambit|57/100|[from] item: Leftovers
|upkeep
|turn|3
|
|t:|1781126368
|move|p2a: Pink Triangle|Dazzling Gleam|p1a: Kingambit
|-damage|p1a: Kingambit|0 fnt
|faint|p1a: Kingambit
|-end|p1a: Kingambit|fallenundefined|[silent]
|
|upkeep
|
|t:|1781126375
|switch|p1a: Iron Valiant|Iron Valiant, tera:Ghost|100/100
|turn|4
|
|t:|1781126383
|-end|p1a: Iron Valiant|Quark Drive|[silent]
|switch|p1a: Iron Crown|Iron Crown|100/100
|-enditem|p1a: Iron Crown|Booster Energy
|-activate|p1a: Iron Crown|ability: Quark Drive|[fromitem]
|-start|p1a: Iron Crown|quarkdrivespe
|move|p2a: Pink Triangle|Dazzling Gleam|p1a: Iron Crown
|-resisted|p1a: Iron Crown
|-damage|p1a: Iron Crown|78/100
|
|upkeep
|turn|5
|
|t:|1781126393
|move|p2a: Pink Triangle|Dazzling Gleam|p1a: Iron Crown
|-resisted|p1a: Iron Crown
|-damage|p1a: Iron Crown|55/100
|move|p1a: Iron Crown|Calm Mind|p1a: Iron Crown
|-boost|p1a: Iron Crown|spa|1
|-boost|p1a: Iron Crown|spd|1
|
|-fieldend|move: Trick Room
|upkeep
|turn|6
|
|t:|1781126397
|move|p1a: Iron Crown|Tachyon Cutter|p2a: Pink Triangle
|-supereffective|p2a: Pink Triangle
|-damage|p2a: Pink Triangle|0 fnt
|faint|p2a: Pink Triangle
|-hitcount|p2: Pink Triangle|1
|
|upkeep
|
|t:|1781126399
|switch|p2a: Long Time Sunshine|Cinderace, F|100/100
|turn|7
|
|t:|1781126407
|move|p1a: Iron Crown|Psychic Noise|p2a: Long Time Sunshine
|-damage|p2a: Long Time Sunshine|36/100
|-start|p2a: Long Time Sunshine|move: Heal Block
|move|p2a: Long Time Sunshine|Pyro Ball|p1a: Iron Crown
|-supereffective|p1a: Iron Crown
|-damage|p1a: Iron Crown|0 fnt
|faint|p1a: Iron Crown
|-end|p1a: Iron Crown|Quark Drive|[silent]
|
|upkeep
|
|t:|1781126411
|switch|p1a: Iron Valiant|Iron Valiant, tera:Ghost|100/100
|turn|8
|
|t:|1781126420
|move|p2a: Long Time Sunshine|Pyro Ball|p1a: Iron Valiant
|-damage|p1a: Iron Valiant|34/100
|move|p1a: Iron Valiant|Shadow Ball|p2a: Long Time Sunshine
|-damage|p2a: Long Time Sunshine|0 fnt
|faint|p2a: Long Time Sunshine
|
|upkeep
|
|t:|1781126434
|switch|p2a: Getchoo|Cloyster, M|100/100
|turn|9
|
|t:|1781126441
|-terastallize|p2a: Getchoo|Ice
|move|p2a: Getchoo|Ice Shard|p1a: Iron Valiant
|-damage|p1a: Iron Valiant|0 fnt
|faint|p1a: Iron Valiant
|-end|p1a: Iron Valiant|Quark Drive|[silent]
|
|upkeep
|
|t:|1781126449
|switch|p1a: Kyurem|Kyurem|100/100
|-ability|p1a: Kyurem|Pressure
|turn|10
|
|t:|1781126452
|switch|p2a: The Good Life|Ninetales-Alola, F|100/100
|-weather|Snowscape|[from] ability: Snow Warning|[of] p2a: The Good Life
|move|p1a: Kyurem|Earth Power|p2a: The Good Life
|-damage|p2a: The Good Life|73/100
|
|-weather|Snowscape|[upkeep]
|upkeep
|turn|11
|
|t:|1781126457
|move|p2a: The Good Life|Encore|p1a: Kyurem
|-start|p1a: Kyurem|Encore
|move|p1a: Kyurem|Earth Power|p2a: The Good Life
|-damage|p2a: The Good Life|45/100
|
|-weather|Snowscape|[upkeep]
|upkeep
|turn|12
|
|t:|1781126461
|move|p2a: The Good Life|Aurora Veil|p2a: The Good Life
|-sidestart|p2: tauros3|move: Aurora Veil
|move|p1a: Kyurem|Earth Power|p2a: The Good Life
|-damage|p2a: The Good Life|32/100
|-unboost|p2a: The Good Life|spd|1
|
|-weather|Snowscape|[upkeep]
|upkeep
|turn|13
|
|t:|1781126469
|switch|p2a: El Scorcho|Ursaluna, M|100/100
|move|p1a: Kyurem|Earth Power|p2a: El Scorcho
|-damage|p2a: El Scorcho|89/100
|
|-weather|Snowscape|[upkeep]
|-end|p1a: Kyurem|Encore
|-status|p2a: El Scorcho|brn|[from] item: Flame Orb
|upkeep
|turn|14
|
|t:|1781126475
|move|p1a: Kyurem|Icicle Spear|p2a: El Scorcho
|-supereffective|p2a: El Scorcho
|-damage|p2a: El Scorcho|80/100 brn
|-supereffective|p2a: El Scorcho
|-damage|p2a: El Scorcho|70/100 brn
|-supereffective|p2a: El Scorcho
|-damage|p2a: El Scorcho|61/100 brn
|-supereffective|p2a: El Scorcho
|-damage|p2a: El Scorcho|52/100 brn
|-supereffective|p2a: El Scorcho
|-damage|p2a: El Scorcho|43/100 brn
|-hitcount|p2a: El Scorcho|5
|move|p2a: El Scorcho|Facade|p1a: Kyurem
|-damage|p1a: Kyurem|18/100
|
|-weather|none
|-damage|p2a: El Scorcho|37/100 brn|[from] brn
|upkeep
|turn|15
|
|t:|1781126482
|move|p1a: Kyurem|Earth Power|p2a: El Scorcho
|-damage|p2a: El Scorcho|26/100 brn
|move|p2a: El Scorcho|Facade|p1a: Kyurem
|-damage|p1a: Kyurem|0 fnt
|faint|p1a: Kyurem
|
|-damage|p2a: El Scorcho|20/100 brn|[from] brn
|upkeep
|
|t:|1781126486
|switch|p1a: Iron Treads|Iron Treads|100/100
|-enditem|p1a: Iron Treads|Booster Energy
|-activate|p1a: Iron Treads|ability: Quark Drive|[fromitem]
|-start|p1a: Iron Treads|quarkdrivespe
|turn|16
|
|t:|1781126493
|-end|p1a: Iron Treads|Quark Drive|[silent]
|switch|p1a: Kommo-o|Kommo-o, M|100/100
|move|p2a: El Scorcho|Headlong Rush|p1a: Kommo-o
|-damage|p1a: Kommo-o|16/100
|-unboost|p2a: El Scorcho|def|1
|-unboost|p2a: El Scorcho|spd|1
|
|-heal|p1a: Kommo-o|22/100|[from] item: Leftovers
|-damage|p2a: El Scorcho|13/100 brn|[from] brn
|upkeep
|turn|17
|
|t:|1781126497
|move|p1a: Kommo-o|Drain Punch|p2a: El Scorcho
|-supereffective|p2a: El Scorcho
|-damage|p2a: El Scorcho|0 fnt
|-heal|p1a: Kommo-o|31/100|[from] drain|[of] p2a: El Scorcho
|faint|p2a: El Scorcho
|
|-heal|p1a: Kommo-o|37/100|[from] item: Leftovers
|upkeep
|
|t:|1781126499
|switch|p2a: Getchoo|Cloyster, M, tera:Ice|100/100
|turn|18
|
|t:|1781126506
|move|p1a: Kommo-o|Clangorous Soul|p1a: Kommo-o
|-boost|p1a: Kommo-o|atk|1
|-boost|p1a: Kommo-o|def|1
|-boost|p1a: Kommo-o|spa|1
|-boost|p1a: Kommo-o|spd|1
|-boost|p1a: Kommo-o|spe|1
|-damage|p1a: Kommo-o|4/100
|move|p2a: Getchoo|Shell Smash|p2a: Getchoo
|-unboost|p2a: Getchoo|def|1
|-unboost|p2a: Getchoo|spd|1
|-boost|p2a: Getchoo|atk|2
|-boost|p2a: Getchoo|spa|2
|-boost|p2a: Getchoo|spe|2
|
|-heal|p1a: Kommo-o|10/100|[from] item: Leftovers
|upkeep
|turn|19
|j| silver jay#2240
|
|t:|1781126511
|move|p2a: Getchoo|Ice Shard|p1a: Kommo-o
|-supereffective|p1a: Kommo-o
|-damage|p1a: Kommo-o|0 fnt
|faint|p1a: Kommo-o
|
|-sideend|p2: tauros3|move: Aurora Veil
|upkeep
|
|t:|1781126516
|switch|p1a: Iron Treads|Iron Treads|100/100
|turn|20
|
|t:|1781126525
|move|p2a: Getchoo|Icicle Spear|p1a: Iron Treads
|-damage|p1a: Iron Treads|72/100
|-damage|p1a: Iron Treads|45/100
|-damage|p1a: Iron Treads|18/100
|-damage|p1a: Iron Treads|0 fnt
|faint|p1a: Iron Treads
|-end|p1a: Iron Treads|Quark Drive|[silent]
|-hitcount|p1: Iron Treads|4
|
|win|tauros3
|raw|KurisuChestnutOU's rating: 1590 &rarr; <strong>1570</strong><br />(-20 for losing)
|raw|tauros3's rating: 1586 &rarr; <strong>1606</strong><br />(+20 for winning)
