|badge|p1|bronze|gen9ou|100-9
|uhtml|medal-msg|<div class="broadcast-blue">Curious what those medals under the avatar are? PS now has Ladder Seasons! For more information, check out the <a href="https://www.smogon.com/forums/threads/3740067/">thread on Smogon.</a></div>
|badge|p2|bronze|gen9ou|100-9
|uhtml|medal-msg|<div class="broadcast-blue">Curious what those medals under the avatar are? PS now has Ladder Seasons! For more information, check out the <a href="https://www.smogon.com/forums/threads/3740067/">thread on Smogon.</a></div>
|j|☆mothily ><
|j|☆AnonymousJon
|t:|1781570086
|gametype|singles
|player|p1|mothily ><|iono-masters|1893
|player|p2|AnonymousJon|workerice|1857
|gen|9
|tier|[Gen 9] OU
|rated|
|rule|HP Percentage Mod: HP is shown in percentages
|rule|Endless Battle Clause: Forcing endless battles is banned
|rule|Species Clause: Limit one of each Pokémon
|rule|OHKO Clause: OHKO moves are banned
|rule|Evasion Items Clause: Evasion items are banned
|rule|Evasion Moves Clause: Evasion moves are banned
|rule|Evasion Abilities Clause: Evasion abilities are banned
|rule|Sleep Moves Clause: Sleep-inducing moves are banned
|clearpoke
|poke|p1|Slither Wing|
|poke|p1|Ninetales, M|
|poke|p1|Iron Moth|
|poke|p1|Walking Wake|
|poke|p1|Great Tusk|
|poke|p1|Venusaur, F|
|poke|p2|Great Tusk|
|poke|p2|Ogerpon-Cornerstone, F|
|poke|p2|Rillaboom, F|
|poke|p2|Tyranitar, M|
|poke|p2|Corviknight, M|
|poke|p2|Dragapult, F|
|teampreview
|inactive|Battle timer is ON: inactive players will automatically lose when time's up. (requested by AnonymousJon)
|c|☆mothily ><|hf
|c|☆AnonymousJon|you too!
|
|t:|1781570101
|teamsize|p1|6
|teamsize|p2|6
|start
|switch|p1a: Walkenheimer|Walking Wake|100/100
|switch|p2a: Dragapult|Dragapult, F|100/100
|turn|1
|
|t:|1781570106
|-end|p1a: Walkenheimer|Protosynthesis|[silent]
|switch|p1a: OMG ILY|Slither Wing|100/100
|move|p2a: Dragapult|Substitute|p2a: Dragapult
|-start|p2a: Dragapult|Substitute
|-damage|p2a: Dragapult|76/100
|
|-heal|p2a: Dragapult|82/100|[from] item: Leftovers
|upkeep
|turn|2
|j| xrootz
|
|t:|1781570114
|-end|p1a: OMG ILY|Protosynthesis|[silent]
|switch|p1a: naruto|Ninetales, M|100/100
|-weather|SunnyDay|[from] ability: Drought|[of] p1a: naruto
|move|p2a: Dragapult|Will-O-Wisp|p1a: naruto
|-immune|p1a: naruto
|
|-weather|SunnyDay|[upkeep]
|-heal|p2a: Dragapult|88/100|[from] item: Leftovers
|upkeep
|turn|3
|l| xrootz
|
|t:|1781570127
|move|p2a: Dragapult|Dragon Darts|p1a: naruto
|-damage|p1a: naruto|72/100
|-anim|p2a: Dragapult|Dragon Darts|p1a: naruto
|-damage|p1a: naruto|40/100
|move|p1a: naruto|Overheat|p2a: Dragapult
|-resisted|p2a: Dragapult
|-end|p2a: Dragapult|Substitute
|-unboost|p1a: naruto|spa|2
|
|-weather|SunnyDay|[upkeep]
|-heal|p2a: Dragapult|94/100|[from] item: Leftovers
|upkeep
|turn|4
|
|t:|1781570136
|switch|p1a: Great Tusk|Great Tusk|100/100
|-activate|p1a: Great Tusk|ability: Protosynthesis
|-start|p1a: Great Tusk|protosynthesisatk
|move|p2a: Dragapult|Substitute|p2a: Dragapult
|-start|p2a: Dragapult|Substitute
|-damage|p2a: Dragapult|69/100
|
|-weather|SunnyDay|[upkeep]
|-heal|p2a: Dragapult|76/100|[from] item: Leftovers
|upkeep
|turn|5
|
|t:|1781570139
|move|p2a: Dragapult|Will-O-Wisp|p1a: Great Tusk
|-status|p1a: Great Tusk|brn
|move|p1a: Great Tusk|Ice Spinner|p2a: Dragapult
|-supereffective|p2a: Dragapult
|-end|p2a: Dragapult|Substitute
|
|-weather|SunnyDay|[upkeep]
|-heal|p2a: Dragapult|82/100|[from] item: Leftovers
|-damage|p1a: Great Tusk|94/100 brn|[from] brn
|upkeep
|turn|6
|
|t:|1781570143
|switch|p2a: Corviknight|Corviknight, M|100/100
|-ability|p2a: Corviknight|Pressure
|move|p1a: Great Tusk|Ice Spinner|p2a: Corviknight
|-damage|p2a: Corviknight|90/100
|-damage|p1a: Great Tusk|78/100 brn|[from] item: Rocky Helmet|[of] p2a: Corviknight
|
|-weather|SunnyDay|[upkeep]
|-damage|p1a: Great Tusk|72/100 brn|[from] brn
|upkeep
|turn|7
|
|t:|1781570146
|move|p1a: Great Tusk|Close Combat|p2a: Corviknight
|-crit|p2a: Corviknight
|-damage|p2a: Corviknight|56/100
|-unboost|p1a: Great Tusk|def|1
|-unboost|p1a: Great Tusk|spd|1
|-damage|p1a: Great Tusk|55/100 brn|[from] item: Rocky Helmet|[of] p2a: Corviknight
|move|p2a: Corviknight|U-turn|p1a: Great Tusk
|-resisted|p1a: Great Tusk
|-damage|p1a: Great Tusk|48/100 brn
|-damage|p2a: Corviknight|39/100|[from] item: Rocky Helmet|[of] p1a: Great Tusk
|
|t:|1781570156
|switch|p2a: Dragapult|Dragapult, F|82/100|[from] U-turn
|
|-weather|SunnyDay|[upkeep]
|-heal|p2a: Dragapult|88/100|[from] item: Leftovers
|-damage|p1a: Great Tusk|42/100 brn|[from] brn
|upkeep
|turn|8
|
|t:|1781570161
|move|p2a: Dragapult|Hex|p1a: Great Tusk
|-damage|p1a: Great Tusk|0 fnt
|faint|p1a: Great Tusk
|-end|p1a: Great Tusk|Protosynthesis|[silent]
|
|-weather|SunnyDay|[upkeep]
|-heal|p2a: Dragapult|94/100|[from] item: Leftovers
|upkeep
|
|t:|1781570164
|switch|p1a: Walkenheimer|Walking Wake|100/100
|-activate|p1a: Walkenheimer|ability: Protosynthesis
|-start|p1a: Walkenheimer|protosynthesisspe
|turn|9
|
|t:|1781570171
|switch|p2a: Tyranitar|Tyranitar, M|100/100
|-weather|Sandstorm|[from] ability: Sand Stream|[of] p2a: Tyranitar
|-end|p1a: Walkenheimer|Protosynthesis
|move|p1a: Walkenheimer|Hydro Steam|p2a: Tyranitar
|-supereffective|p2a: Tyranitar
|-damage|p2a: Tyranitar|60/100
|
|-weather|Sandstorm|[upkeep]
|-damage|p1a: Walkenheimer|94/100|[from] Sandstorm
|-heal|p2a: Tyranitar|66/100|[from] item: Leftovers
|upkeep
|turn|10
|
|t:|1781570175
|move|p1a: Walkenheimer|Flip Turn|p2a: Tyranitar
|-supereffective|p2a: Tyranitar
|-damage|p2a: Tyranitar|33/100
|
|t:|1781570179
|-end|p1a: Walkenheimer|Protosynthesis|[silent]
|switch|p1a: OMG ILY|Slither Wing|100/100|[from] Flip Turn
|move|p2a: Tyranitar|Stealth Rock|p1a: OMG ILY
|-sidestart|p1: mothily ><|move: Stealth Rock
|
|-weather|Sandstorm|[upkeep]
|-damage|p1a: OMG ILY|94/100|[from] Sandstorm
|-heal|p2a: Tyranitar|40/100|[from] item: Leftovers
|upkeep
|turn|11
|
|t:|1781570188
|switch|p2a: Corviknight|Corviknight, M|39/100
|-ability|p2a: Corviknight|Pressure
|move|p1a: OMG ILY|U-turn|p2a: Corviknight
|-resisted|p2a: Corviknight
|-damage|p2a: Corviknight|33/100
|-damage|p1a: OMG ILY|78/100|[from] item: Rocky Helmet|[of] p2a: Corviknight
|
|t:|1781570196
|-end|p1a: OMG ILY|Protosynthesis|[silent]
|switch|p1a: Iron Moth|Iron Moth|100/100|[from] U-turn
|-damage|p1a: Iron Moth|76/100|[from] Stealth Rock
|-enditem|p1a: Iron Moth|Booster Energy
|-activate|p1a: Iron Moth|ability: Quark Drive|[fromitem]
|-start|p1a: Iron Moth|quarkdrivespa
|
|-weather|Sandstorm|[upkeep]
|-damage|p1a: Iron Moth|70/100|[from] Sandstorm
|upkeep
|turn|12
|
|t:|1781570204
|switch|p2a: Dragapult|Dragapult, F|94/100
|move|p1a: Iron Moth|Fiery Dance|p2a: Dragapult
|-resisted|p2a: Dragapult
|-damage|p2a: Dragapult|58/100
|-boost|p1a: Iron Moth|spa|1
|
|-weather|Sandstorm|[upkeep]
|-damage|p2a: Dragapult|52/100|[from] Sandstorm
|-damage|p1a: Iron Moth|64/100|[from] Sandstorm
|-heal|p2a: Dragapult|58/100|[from] item: Leftovers
|upkeep
|turn|13
|
|t:|1781570208
|move|p2a: Dragapult|Dragon Darts|p1a: Iron Moth
|-damage|p1a: Iron Moth|29/100
|-anim|p2a: Dragapult|Dragon Darts|p1a: Iron Moth
|-damage|p1a: Iron Moth|0 fnt
|faint|p1a: Iron Moth
|-end|p1a: Iron Moth|Quark Drive|[silent]
|
|-weather|none
|-heal|p2a: Dragapult|64/100|[from] item: Leftovers
|upkeep
|
|t:|1781570214
|switch|p1a: Walkenheimer|Walking Wake|94/100
|-damage|p1a: Walkenheimer|82/100|[from] Stealth Rock
|turn|14
|
|t:|1781570217
|-terastallize|p1a: Walkenheimer|Water
|move|p2a: Dragapult|Substitute|p2a: Dragapult
|-start|p2a: Dragapult|Substitute
|-damage|p2a: Dragapult|39/100
|move|p1a: Walkenheimer|Draco Meteor|p2a: Dragapult
|-supereffective|p2a: Dragapult
|-end|p2a: Dragapult|Substitute
|-unboost|p1a: Walkenheimer|spa|2
|
|-heal|p2a: Dragapult|45/100|[from] item: Leftovers
|upkeep
|turn|15
|
|t:|1781570222
|switch|p2a: Rillaboom|Rillaboom, F|100/100
|-fieldstart|move: Grassy Terrain|[from] ability: Grassy Surge|[of] p2a: Rillaboom
|move|p1a: Walkenheimer|Draco Meteor|p2a: Rillaboom|[miss]
|-miss|p1a: Walkenheimer|p2a: Rillaboom
|
|-heal|p1a: Walkenheimer|88/100|[from] Grassy Terrain
|upkeep
|turn|16
|
|t:|1781570228
|-end|p1a: Walkenheimer|Protosynthesis|[silent]
|switch|p1a: OMG ILY|Slither Wing|78/100
|-damage|p1a: OMG ILY|65/100|[from] Stealth Rock
|move|p2a: Rillaboom|U-turn|p1a: OMG ILY
|-resisted|p1a: OMG ILY
|-damage|p1a: OMG ILY|45/100
|
|t:|1781570231
|switch|p2a: Corviknight|Corviknight, M|33/100|[from] U-turn
|-ability|p2a: Corviknight|Pressure
|
|-heal|p1a: OMG ILY|51/100|[from] Grassy Terrain
|upkeep
|turn|17
|
|t:|1781570232
|move|p1a: OMG ILY|Close Combat|p2a: Corviknight
|-damage|p2a: Corviknight|0 fnt
|-unboost|p1a: OMG ILY|def|1
|-unboost|p1a: OMG ILY|spd|1
|-damage|p1a: OMG ILY|35/100|[from] item: Rocky Helmet|[of] p2a: Corviknight
|faint|p2a: Corviknight
|
|-heal|p1a: OMG ILY|41/100|[from] Grassy Terrain
|upkeep
|
|t:|1781570241
|switch|p2a: Ogerpon|Ogerpon-Cornerstone, F|100/100
|turn|18
|
|t:|1781570250
|-end|p1a: OMG ILY|Protosynthesis|[silent]
|switch|p1a: naruto|Ninetales, M|40/100
|-damage|p1a: naruto|15/100|[from] Stealth Rock
|-weather|SunnyDay|[from] ability: Drought|[of] p1a: naruto
|move|p2a: Ogerpon|Ivy Cudgel|p1a: naruto|[anim] Ivy Cudgel Rock
|-supereffective|p1a: naruto
|-crit|p1a: naruto
|-damage|p1a: naruto|0 fnt
|faint|p1a: naruto
|
|-weather|SunnyDay|[upkeep]
|upkeep
|
|t:|1781570252
|switch|p1a: Venusaur|Venusaur, F|100/100
|-damage|p1a: Venusaur|88/100|[from] Stealth Rock
|turn|19
|
|t:|1781570255
|switch|p2a: Tyranitar|Tyranitar, M|40/100
|-weather|Sandstorm|[from] ability: Sand Stream|[of] p2a: Tyranitar
|move|p1a: Venusaur|Giga Drain|p2a: Tyranitar
|-supereffective|p2a: Tyranitar
|-damage|p2a: Tyranitar|0 fnt
|-heal|p1a: Venusaur|100/100|[from] drain|[of] p2a: Tyranitar
|faint|p2a: Tyranitar
|-damage|p1a: Venusaur|91/100|[from] item: Life Orb
|
|-weather|Sandstorm|[upkeep]
|-damage|p1a: Venusaur|85/100|[from] Sandstorm
|-heal|p1a: Venusaur|91/100|[from] Grassy Terrain
|-fieldend|move: Grassy Terrain
|upkeep
|
|t:|1781570259
|switch|p2a: Ogerpon|Ogerpon-Cornerstone, F|100/100
|turn|20
|
|t:|1781570263
|move|p2a: Ogerpon|Swords Dance|p2a: Ogerpon
|-boost|p2a: Ogerpon|atk|2
|move|p1a: Venusaur|Giga Drain|p2a: Ogerpon
|-damage|p2a: Ogerpon|65/100
|-heal|p1a: Venusaur|100/100|[from] drain|[of] p2a: Ogerpon
|-damage|p1a: Venusaur|91/100|[from] item: Life Orb
|
|-weather|Sandstorm|[upkeep]
|-damage|p1a: Venusaur|85/100|[from] Sandstorm
|upkeep
|turn|21
|j| electronno
|
|t:|1781570266
|move|p2a: Ogerpon|Ivy Cudgel|p1a: Venusaur|[anim] Ivy Cudgel Rock
|-damage|p1a: Venusaur|0 fnt
|faint|p1a: Venusaur
|
|-weather|Sandstorm|[upkeep]
|upkeep
|
|t:|1781570269
|switch|p1a: OMG ILY|Slither Wing|41/100
|-damage|p1a: OMG ILY|28/100|[from] Stealth Rock
|turn|22
|c|☆mothily ><|gg
|
|t:|1781570272
|-terastallize|p2a: Ogerpon|Rock
|detailschange|p2a: Ogerpon|Ogerpon-Cornerstone-Tera, F, tera:Rock
|-ability|p2a: Ogerpon|Embody Aspect (Cornerstone)|boost
|-boost|p2a: Ogerpon|def|1
|move|p1a: OMG ILY|First Impression|p2a: Ogerpon
|-damage|p2a: Ogerpon|18/100
|move|p2a: Ogerpon|Horn Leech|p1a: OMG ILY
|-resisted|p1a: OMG ILY
|-damage|p1a: OMG ILY|0 fnt
|-heal|p2a: Ogerpon|35/100|[from] drain|[of] p1a: OMG ILY
|faint|p1a: OMG ILY
|-end|p1a: OMG ILY|Protosynthesis|[silent]
|
|-weather|Sandstorm|[upkeep]
|upkeep
|
|t:|1781570276
|switch|p1a: Walkenheimer|Walking Wake, tera:Water|88/100
|-damage|p1a: Walkenheimer|76/100|[from] Stealth Rock
|turn|23
|c|☆AnonymousJon|gg
|
|t:|1781570281
|move|p2a: Ogerpon|Horn Leech|p1a: Walkenheimer
|-supereffective|p1a: Walkenheimer
|-damage|p1a: Walkenheimer|0 fnt
|-heal|p2a: Ogerpon|77/100|[from] drain|[of] p1a: Walkenheimer
|faint|p1a: Walkenheimer
|-end|p1a: Walkenheimer|Protosynthesis|[silent]
|
|win|AnonymousJon
|raw|mothily &gt;&lt;'s rating: 1893 &rarr; <strong>1871</strong><br />(-22 for losing)
|raw|AnonymousJon's rating: 1857 &rarr; <strong>1879</strong><br />(+22 for winning)
|l|☆AnonymousJon
|player|p2|
|l| electronno
