|badge|p1|bronze|gen9ou|100-9
|uhtml|medal-msg|<div class="broadcast-blue">Curious what those medals under the avatar are? PS now has Ladder Seasons! For more information, check out the <a href="https://www.smogon.com/forums/threads/3740067/">thread on Smogon.</a></div>
|j|☆rblt ryo
|j|‽LT_Alt1
|t:|1780913238
|gametype|singles
|player|p1|rblt ryo|grimsley-gen7|1756
|player|p2|LT_Alt1|265|1779
|gen|9
|tier|[Gen 9] OU
|rated|
|rule|HP Percentage Mod: HP is shown in percentages
|rule|Endless Battle Clause: Forcing endless battles is banned
|rule|Species Clause: Limit one of each Pokémon
|rule|OHKO Clause: OHKO moves are banned
|rule|Evasion Items Clause: Evasion items are banned
|rule|Evasion Moves Clause: Evasion moves are banned
|rule|Evasion Abilities Clause: Evasion abilities are banned
|rule|Sleep Moves Clause: Sleep-inducing moves are banned
|clearpoke
|poke|p1|Ting-Lu|
|poke|p1|Corviknight, M|
|poke|p1|Hatterene, F|
|poke|p1|Amoonguss, M|
|poke|p1|Dondozo, F|
|poke|p1|Hoopa-Unbound|
|poke|p2|Garganacl, F|
|poke|p2|Slowking-Galar, F|
|poke|p2|Kyurem|
|poke|p2|Weezing-Galar, F|
|poke|p2|Moltres|
|poke|p2|Iron Treads|
|teampreview
|
|t:|1780913287
|teamsize|p1|6
|teamsize|p2|6
|start
|switch|p1a: Dondozo|Dondozo, F|100/100
|switch|p2a: Moltres|Moltres|100/100
|turn|1
|
|t:|1780913292
|move|p2a: Moltres|U-turn|p1a: Dondozo
|-crit|p1a: Dondozo
|-damage|p1a: Dondozo|86/100
|
|t:|1780913296
|switch|p2a: Weezing|Weezing-Galar, F|100/100|[from] U-turn
|-ability|p2a: Weezing|Neutralizing Gas
|move|p1a: Dondozo|Curse|p1a: Dondozo
|-unboost|p1a: Dondozo|spe|1
|-boost|p1a: Dondozo|atk|1
|-boost|p1a: Dondozo|def|1
|
|-heal|p1a: Dondozo|92/100|[from] item: Leftovers
|upkeep
|turn|2
|
|t:|1780913301
|move|p2a: Weezing|Will-O-Wisp|p1a: Dondozo
|-status|p1a: Dondozo|brn
|move|p1a: Dondozo|Curse|p1a: Dondozo
|-unboost|p1a: Dondozo|spe|1
|-boost|p1a: Dondozo|atk|1
|-boost|p1a: Dondozo|def|1
|
|-heal|p1a: Dondozo|99/100 brn|[from] item: Leftovers
|-damage|p1a: Dondozo|92/100 brn|[from] brn
|upkeep
|turn|3
|
|t:|1780913304
|move|p2a: Weezing|Strange Steam|p1a: Dondozo
|-damage|p1a: Dondozo|74/100 brn
|-start|p1a: Dondozo|confusion
|-activate|p1a: Dondozo|confusion
|-damage|p1a: Dondozo|69/100 brn|[from] confusion
|
|-heal|p1a: Dondozo|75/100 brn|[from] item: Leftovers
|-damage|p1a: Dondozo|69/100 brn|[from] brn
|upkeep
|turn|4
|
|t:|1780913310
|-end|p2a: Weezing|ability: Neutralizing Gas
|switch|p2a: Kyurem|Kyurem|100/100
|-ability|p2a: Kyurem|Pressure
|-end|p1a: Dondozo|confusion
|move|p1a: Dondozo|Rest|p1a: Dondozo
|-status|p1a: Dondozo|slp|[from] move: Rest
|-heal|p1a: Dondozo|100/100 slp|[silent]
|
|upkeep
|turn|5
|
|t:|1780913317
|-terastallize|p1a: Dondozo|Dark
|move|p2a: Kyurem|Freeze-Dry|p1a: Dondozo
|-crit|p1a: Dondozo
|-damage|p1a: Dondozo|62/100 slp
|cant|p1a: Dondozo|slp
|move|p1a: Dondozo|Sleep Talk|p1a: Dondozo
|move|p1a: Dondozo|Rest||[from] move: Sleep Talk|[still]
|-fail|p1a: Dondozo
|
|-heal|p1a: Dondozo|68/100 slp|[from] item: Leftovers
|upkeep
|turn|6
|
|t:|1780913327
|move|p2a: Kyurem|Ice Beam|p1a: Dondozo
|-damage|p1a: Dondozo|37/100 slp
|cant|p1a: Dondozo|slp
|move|p1a: Dondozo|Sleep Talk|p1a: Dondozo
|move|p1a: Dondozo|Curse|p1a: Dondozo|[from] move: Sleep Talk
|-unboost|p1a: Dondozo|spe|1
|-boost|p1a: Dondozo|atk|1
|-boost|p1a: Dondozo|def|1
|
|-heal|p1a: Dondozo|44/100 slp|[from] item: Leftovers
|upkeep
|turn|7
|
|t:|1780913340
|-terastallize|p2a: Kyurem|Ice
|move|p2a: Kyurem|Ice Beam|p1a: Dondozo
|-damage|p1a: Dondozo|0 fnt
|faint|p1a: Dondozo
|
|upkeep
|n|‽LT_Alt1|ltalt1
|n|‽LT_Alt1|ltalt1
|
|t:|1780913377
|switch|p1a: Hoopa|Hoopa-Unbound|100/100
|turn|8
|
|t:|1780913381
|switch|p2a: Weezing|Weezing-Galar, F|100/100
|-ability|p2a: Weezing|Neutralizing Gas
|switch|p1a: Hatterene|Hatterene, F|100/100
|
|upkeep
|turn|9
|
|t:|1780913392
|-end|p2a: Weezing|ability: Neutralizing Gas
|switch|p2a: Garganacl|Garganacl, F|100/100
|move|p1a: Hatterene|Calm Mind|p1a: Hatterene
|-boost|p1a: Hatterene|spa|1
|-boost|p1a: Hatterene|spd|1
|
|upkeep
|turn|10
|
|t:|1780913394
|move|p2a: Garganacl|Salt Cure|p1a: Hatterene
|-damage|p1a: Hatterene|89/100
|-start|p1a: Hatterene|Salt Cure
|move|p1a: Hatterene|Calm Mind|p1a: Hatterene
|-boost|p1a: Hatterene|spa|1
|-boost|p1a: Hatterene|spd|1
|
|-heal|p1a: Hatterene|95/100|[from] item: Leftovers
|-damage|p1a: Hatterene|83/100|[from] Salt Cure
|upkeep
|turn|11
|
|t:|1780913397
|switch|p2a: Slowking|Slowking-Galar, F|100/100
|move|p1a: Hatterene|Calm Mind|p1a: Hatterene
|-boost|p1a: Hatterene|spa|1
|-boost|p1a: Hatterene|spd|1
|
|-heal|p1a: Hatterene|89/100|[from] item: Leftovers
|-damage|p1a: Hatterene|76/100|[from] Salt Cure
|upkeep
|turn|12
|
|t:|1780913400
|move|p1a: Hatterene|Mystical Fire|p2a: Slowking
|-damage|p2a: Slowking|68/100
|-unboost|p2a: Slowking|spa|1
|move|p2a: Slowking|Sludge Bomb|p1a: Hatterene
|-supereffective|p1a: Hatterene
|-damage|p1a: Hatterene|57/100
|
|-heal|p1a: Hatterene|63/100|[from] item: Leftovers
|-damage|p1a: Hatterene|51/100|[from] Salt Cure
|upkeep
|turn|13
|
|t:|1780913405
|move|p1a: Hatterene|Mystical Fire|p2a: Slowking
|-damage|p2a: Slowking|35/100
|-unboost|p2a: Slowking|spa|1
|move|p2a: Slowking|Sludge Bomb|p1a: Hatterene
|-supereffective|p1a: Hatterene
|-damage|p1a: Hatterene|37/100
|
|-heal|p1a: Hatterene|43/100|[from] item: Leftovers
|-damage|p1a: Hatterene|31/100|[from] Salt Cure
|upkeep
|turn|14
|
|t:|1780913413
|move|p1a: Hatterene|Draining Kiss|p2a: Slowking
|-resisted|p2a: Slowking
|-damage|p2a: Slowking|17/100
|-heal|p1a: Hatterene|48/100|[from] drain|[of] p2a: Slowking
|move|p2a: Slowking|Sludge Bomb|p1a: Hatterene
|-supereffective|p1a: Hatterene
|-damage|p1a: Hatterene|33/100
|
|-heal|p1a: Hatterene|39/100|[from] item: Leftovers
|-damage|p1a: Hatterene|26/100|[from] Salt Cure
|upkeep
|turn|15
|
|t:|1780913416
|move|p1a: Hatterene|Draining Kiss|p2a: Slowking
|-resisted|p2a: Slowking
|-damage|p2a: Slowking|0 fnt
|-heal|p1a: Hatterene|41/100|[from] drain|[of] p2a: Slowking
|faint|p2a: Slowking
|
|-heal|p1a: Hatterene|47/100|[from] item: Leftovers
|-damage|p1a: Hatterene|35/100|[from] Salt Cure
|upkeep
|
|t:|1780913419
|switch|p2a: Iron Treads|Iron Treads|100/100
|turn|16
|
|t:|1780913428
|switch|p1a: Corviknight|Corviknight, M|100/100
|-ability|p1a: Corviknight|Pressure
|move|p2a: Iron Treads|Earthquake|p1a: Corviknight
|-immune|p1a: Corviknight
|
|upkeep
|turn|17
|
|t:|1780913443
|move|p2a: Iron Treads|Knock Off|p1a: Corviknight
|-damage|p1a: Corviknight|87/100
|-damage|p2a: Iron Treads|84/100|[from] item: Rocky Helmet|[of] p1a: Corviknight
|-enditem|p1a: Corviknight|Rocky Helmet|[from] move: Knock Off|[of] p2a: Iron Treads
|move|p1a: Corviknight|Defog|p2a: Iron Treads
|-unboost|p2a: Iron Treads|evasion|1
|
|-heal|p2a: Iron Treads|90/100|[from] item: Leftovers
|upkeep
|turn|18
|
|t:|1780913450
|move|p2a: Iron Treads|Stealth Rock|p1a: Corviknight
|-sidestart|p1: rblt ryo|move: Stealth Rock
|move|p1a: Corviknight|Defog|p2a: Iron Treads
|-unboost|p2a: Iron Treads|evasion|1
|-sideend|p1: rblt ryo|Stealth Rock|[from] move: Defog|[of] p1a: Corviknight
|
|-heal|p2a: Iron Treads|96/100|[from] item: Leftovers
|upkeep
|turn|19
|
|t:|1780913455
|move|p2a: Iron Treads|Stealth Rock|p1a: Corviknight
|-sidestart|p1: rblt ryo|move: Stealth Rock
|move|p1a: Corviknight|Body Press|p2a: Iron Treads
|-supereffective|p2a: Iron Treads
|-damage|p2a: Iron Treads|57/100
|
|-heal|p2a: Iron Treads|63/100|[from] item: Leftovers
|upkeep
|turn|20
|
|t:|1780913460
|-end|p2a: Iron Treads|Quark Drive|[silent]
|switch|p2a: Moltres|Moltres|100/100
|move|p1a: Corviknight|Defog|p2a: Moltres
|-unboost|p2a: Moltres|evasion|1
|-sideend|p1: rblt ryo|Stealth Rock|[from] move: Defog|[of] p1a: Corviknight
|
|upkeep
|turn|21
|
|t:|1780913468
|switch|p1a: Ting-Lu|Ting-Lu|100/100
|-ability|p1a: Ting-Lu|Vessel of Ruin
|move|p2a: Moltres|Flamethrower|p1a: Ting-Lu
|-damage|p1a: Ting-Lu|86/100
|
|-heal|p1a: Ting-Lu|93/100|[from] item: Leftovers
|upkeep
|turn|22
|
|t:|1780913476
|switch|p1a: Hatterene|Hatterene, F|35/100
|move|p2a: Moltres|Will-O-Wisp|p1a: Hatterene
|move|p1a: Hatterene|Will-O-Wisp|p2a: Moltres|[from] ability: Magic Bounce
|-immune|p2a: Moltres
|
|-heal|p1a: Hatterene|41/100|[from] item: Leftovers
|upkeep
|turn|23
|
|t:|1780913484
|switch|p1a: Ting-Lu|Ting-Lu|93/100
|-ability|p1a: Ting-Lu|Vessel of Ruin
|move|p2a: Moltres|Flamethrower|p1a: Ting-Lu
|-damage|p1a: Ting-Lu|77/100
|
|-heal|p1a: Ting-Lu|83/100|[from] item: Leftovers
|upkeep
|turn|24
|
|t:|1780913492
|move|p2a: Moltres|Will-O-Wisp|p1a: Ting-Lu
|-status|p1a: Ting-Lu|brn
|move|p1a: Ting-Lu|Earthquake|p2a: Moltres
|-immune|p2a: Moltres
|
|-heal|p1a: Ting-Lu|89/100 brn|[from] item: Leftovers
|-damage|p1a: Ting-Lu|83/100 brn|[from] brn
|upkeep
|turn|25
|
|t:|1780913496
|move|p2a: Moltres|U-turn|p1a: Ting-Lu
|-supereffective|p1a: Ting-Lu
|-damage|p1a: Ting-Lu|67/100 brn
|
|t:|1780913497
|switch|p2a: Weezing|Weezing-Galar, F|100/100|[from] U-turn
|-ability|p2a: Weezing|Neutralizing Gas
|move|p1a: Ting-Lu|Rest|p1a: Ting-Lu
|-status|p1a: Ting-Lu|slp|[from] move: Rest
|-heal|p1a: Ting-Lu|100/100 slp|[silent]
|
|upkeep
|turn|26
|
|t:|1780913510
|move|p2a: Weezing|Strange Steam|p1a: Ting-Lu
|-supereffective|p1a: Ting-Lu
|-damage|p1a: Ting-Lu|70/100 slp
|cant|p1a: Ting-Lu|slp
|move|p1a: Ting-Lu|Sleep Talk|p1a: Ting-Lu
|move|p1a: Ting-Lu|Rest||[from] move: Sleep Talk|[still]
|-fail|p1a: Ting-Lu
|
|-heal|p1a: Ting-Lu|76/100 slp|[from] item: Leftovers
|upkeep
|turn|27
|
|t:|1780913514
|move|p2a: Weezing|Strange Steam|p1a: Ting-Lu
|-supereffective|p1a: Ting-Lu
|-damage|p1a: Ting-Lu|48/100 slp
|cant|p1a: Ting-Lu|slp
|move|p1a: Ting-Lu|Sleep Talk|p1a: Ting-Lu
|move|p1a: Ting-Lu|Rest||[from] move: Sleep Talk|[still]
|-fail|p1a: Ting-Lu
|
|-heal|p1a: Ting-Lu|55/100 slp|[from] item: Leftovers
|upkeep
|turn|28
|
|t:|1780913524
|move|p2a: Weezing|Strange Steam|p1a: Ting-Lu|[miss]
|-miss|p2a: Weezing|p1a: Ting-Lu
|-curestatus|p1a: Ting-Lu|slp|[msg]
|move|p1a: Ting-Lu|Rest|p1a: Ting-Lu
|-status|p1a: Ting-Lu|slp|[from] move: Rest
|-heal|p1a: Ting-Lu|100/100 slp|[silent]
|
|upkeep
|turn|29
|
|t:|1780913530
|move|p2a: Weezing|Strange Steam|p1a: Ting-Lu|[miss]
|-miss|p2a: Weezing|p1a: Ting-Lu
|cant|p1a: Ting-Lu|slp
|move|p1a: Ting-Lu|Sleep Talk|p1a: Ting-Lu
|move|p1a: Ting-Lu|Payback|p2a: Weezing|[from] move: Sleep Talk
|-resisted|p2a: Weezing
|-damage|p2a: Weezing|88/100
|
|-heal|p2a: Weezing|94/100|[from] item: Leftovers
|upkeep
|turn|30
|
|t:|1780913534
|move|p2a: Weezing|Strange Steam|p1a: Ting-Lu|[miss]
|-miss|p2a: Weezing|p1a: Ting-Lu
|cant|p1a: Ting-Lu|slp
|move|p1a: Ting-Lu|Sleep Talk|p1a: Ting-Lu
|move|p1a: Ting-Lu|Payback|p2a: Weezing|[from] move: Sleep Talk
|-resisted|p2a: Weezing
|-damage|p2a: Weezing|81/100
|
|-heal|p2a: Weezing|87/100|[from] item: Leftovers
|upkeep
|turn|31
|
|t:|1780913540
|move|p2a: Weezing|Defog|p1a: Ting-Lu
|-unboost|p1a: Ting-Lu|evasion|1
|-curestatus|p1a: Ting-Lu|slp|[msg]
|move|p1a: Ting-Lu|Earthquake|p2a: Weezing
|-supereffective|p2a: Weezing
|-damage|p2a: Weezing|32/100
|
|-heal|p2a: Weezing|39/100|[from] item: Leftovers
|upkeep
|turn|32
|
|t:|1780913546
|switch|p1a: Hatterene|Hatterene, F|41/100
|move|p2a: Weezing|Pain Split|p1a: Hatterene
|-sethp|p1a: Hatterene|39/100|[from] move: Pain Split|[silent]
|-sethp|p2a: Weezing|41/100|[from] move: Pain Split
|
|-heal|p2a: Weezing|47/100|[from] item: Leftovers
|-heal|p1a: Hatterene|45/100|[from] item: Leftovers
|upkeep
|turn|33
|
|t:|1780913559
|move|p2a: Weezing|Strange Steam|p1a: Hatterene
|-damage|p1a: Hatterene|18/100
|move|p1a: Hatterene|Draining Kiss|p2a: Weezing
|-resisted|p2a: Weezing
|-damage|p2a: Weezing|31/100
|-heal|p1a: Hatterene|30/100|[from] drain|[of] p2a: Weezing
|
|-heal|p2a: Weezing|37/100|[from] item: Leftovers
|-heal|p1a: Hatterene|36/100|[from] item: Leftovers
|upkeep
|turn|34
|
|t:|1780913583
|-end|p2a: Weezing|ability: Neutralizing Gas
|switch|p2a: Moltres|Moltres|100/100
|move|p1a: Hatterene|Draining Kiss|p2a: Moltres
|-resisted|p2a: Moltres
|-damage|p2a: Moltres|89/100
|-heal|p1a: Hatterene|46/100|[from] drain|[of] p2a: Moltres
|-status|p1a: Hatterene|brn|[from] ability: Flame Body|[of] p2a: Moltres
|
|-heal|p1a: Hatterene|52/100 brn|[from] item: Leftovers
|-damage|p1a: Hatterene|46/100 brn|[from] brn
|upkeep
|turn|35
|
|t:|1780913590
|move|p2a: Moltres|Flamethrower|p1a: Hatterene
|-damage|p1a: Hatterene|3/100 brn
|move|p1a: Hatterene|Calm Mind|p1a: Hatterene
|-boost|p1a: Hatterene|spa|1
|-boost|p1a: Hatterene|spd|1
|
|-heal|p1a: Hatterene|9/100 brn|[from] item: Leftovers
|-damage|p1a: Hatterene|3/100 brn|[from] brn
|upkeep
|turn|36
|j| Hakone Outbound
|
|t:|1780913595
|move|p2a: Moltres|U-turn|p1a: Hatterene
|-damage|p1a: Hatterene|0 fnt
|faint|p1a: Hatterene
|
|t:|1780913597
|switch|p2a: Iron Treads|Iron Treads|63/100|[from] U-turn
|
|-heal|p2a: Iron Treads|69/100|[from] item: Leftovers
|upkeep
|-message|rblt ryo forfeited.
|
|win|LT_Alt1
|raw|rblt ryo's rating: 1756 &rarr; <strong>1737</strong><br />(-19 for losing)
|raw|LT_Alt1's rating: 1779 &rarr; <strong>1798</strong><br />(+19 for winning)
|l| Hakone Outbound
