|badge|p2|bronze|gen9ubers|100-9
|uhtml|medal-msg|<div class="broadcast-blue">Curious what those medals under the avatar are? PS now has Ladder Seasons! For more information, check out the <a href="https://www.smogon.com/forums/threads/3740067/">thread on Smogon.</a></div>
|j|☆arbok super yea
|j|☆Elesa13
|t:|1781559160
|gametype|singles
|player|p1|arbok super yea|bugcatcher-gen4dp|1595
|player|p2|Elesa13|skierf|1569
|gen|9
|tier|[Gen 9] OU
|rated|
|rule|HP Percentage Mod: HP is shown in percentages
|rule|Endless Battle Clause: Forcing endless battles is banned
|rule|Species Clause: Limit one of each Pokémon
|rule|OHKO Clause: OHKO moves are banned
|rule|Evasion Items Clause: Evasion items are banned
|rule|Evasion Moves Clause: Evasion moves are banned
|rule|Evasion Abilities Clause: Evasion abilities are banned
|rule|Sleep Moves Clause: Sleep-inducing moves are banned
|clearpoke
|poke|p1|Arbok, M|
|poke|p1|Heatran, F|
|poke|p1|Tornadus-Therian, M|
|poke|p1|Great Tusk|
|poke|p1|Darkrai|
|poke|p1|Ogerpon-Wellspring, F|
|poke|p2|Pincurchin, M|
|poke|p2|Iron Valiant|
|poke|p2|Iron Boulder|
|poke|p2|Iron Moth|
|poke|p2|Iron Treads|
|poke|p2|Alomomola, F|
|teampreview
|
|t:|1781559183
|teamsize|p1|6
|teamsize|p2|6
|start
|switch|p1a: Darkrai|Darkrai|100/100
|switch|p2a: Iron Valiant|Iron Valiant|100/100
|turn|1
|inactive|Battle timer is ON: inactive players will automatically lose when time's up. (requested by Elesa13)
|
|t:|1781559222
|-end|p2a: Iron Valiant|Quark Drive|[silent]
|switch|p2a: Iron Treads|Iron Treads|100/100
|move|p1a: Darkrai|Sludge Bomb|p2a: Iron Treads
|-immune|p2a: Iron Treads
|
|upkeep
|turn|2
|
|t:|1781559231
|move|p1a: Darkrai|Focus Blast|p2a: Iron Treads|[miss]
|-miss|p1a: Darkrai|p2a: Iron Treads
|move|p2a: Iron Treads|Rapid Spin|p1a: Darkrai
|-damage|p1a: Darkrai|79/100
|-boost|p2a: Iron Treads|spe|1
|
|upkeep
|turn|3
|
|t:|1781559244
|switch|p1a: Tornadus|Tornadus-Therian, M|100/100
|move|p2a: Iron Treads|Ice Spinner|p1a: Tornadus
|-supereffective|p1a: Tornadus
|-damage|p1a: Tornadus|20/100
|
|upkeep
|turn|4
|
|t:|1781559254
|switch|p1a: asoS evoL|Arbok, M|100/100
|-ability|p1a: asoS evoL|Intimidate|boost
|-unboost|p2a: Iron Treads|atk|1
|move|p2a: Iron Treads|Rapid Spin|p1a: asoS evoL
|-damage|p1a: asoS evoL|89/100
|-boost|p2a: Iron Treads|spe|1
|
|-heal|p1a: asoS evoL|96/100|[from] item: Black Sludge
|upkeep
|turn|5
|
|t:|1781559262
|move|p2a: Iron Treads|Earthquake|p1a: asoS evoL
|-supereffective|p1a: asoS evoL
|-damage|p1a: asoS evoL|28/100
|move|p1a: asoS evoL|Glare|p2a: Iron Treads
|-status|p2a: Iron Treads|par
|
|-heal|p1a: asoS evoL|34/100|[from] item: Black Sludge
|upkeep
|turn|6
|
|t:|1781559271
|switch|p1a: Ogerpon|Ogerpon-Wellspring, F|100/100
|move|p2a: Iron Treads|Earthquake|p1a: Ogerpon
|-resisted|p1a: Ogerpon
|-damage|p1a: Ogerpon|79/100
|
|upkeep
|turn|7
|
|t:|1781559278
|-end|p2a: Iron Treads|Quark Drive|[silent]
|switch|p2a: Alomomola|Alomomola, F|100/100
|move|p1a: Ogerpon|Ivy Cudgel|p2a: Alomomola|[anim] Ivy Cudgel Water
|-resisted|p2a: Alomomola
|-damage|p2a: Alomomola|84/100
|
|upkeep
|turn|8
|
|t:|1781559282
|switch|p2a: Iron Moth|Iron Moth|100/100
|move|p1a: Ogerpon|Power Whip|p2a: Iron Moth
|-resisted|p2a: Iron Moth
|-damage|p2a: Iron Moth|70/100
|
|upkeep
|turn|9
|
|t:|1781559293
|switch|p1a: Heatran|Heatran, F|100/100
|move|p2a: Iron Moth|Discharge|p1a: Heatran
|-damage|p1a: Heatran|78/100
|-status|p1a: Heatran|par
|
|-heal|p1a: Heatran|85/100 par|[from] item: Leftovers
|upkeep
|turn|10
|
|t:|1781559298
|-end|p2a: Iron Moth|Quark Drive|[silent]
|switch|p2a: Alomomola|Alomomola, F|100/100
|cant|p1a: Heatran|par
|
|-heal|p1a: Heatran|91/100 par|[from] item: Leftovers
|upkeep
|turn|11
|
|t:|1781559305
|move|p2a: Alomomola|Wish|p2a: Alomomola
|move|p1a: Heatran|Stealth Rock|p2a: Alomomola
|-sidestart|p2: Elesa13|move: Stealth Rock
|
|-heal|p1a: Heatran|97/100 par|[from] item: Leftovers
|upkeep
|turn|12
|
|t:|1781559317
|switch|p2a: Iron Treads|Iron Treads|100/100 par
|-damage|p2a: Iron Treads|97/100 par|[from] Stealth Rock
|cant|p1a: Heatran|par
|
|-heal|p2a: Iron Treads|100/100 par|[from] move: Wish|[wisher] Alomomola
|-heal|p1a: Heatran|100/100 par|[from] item: Leftovers
|upkeep
|turn|13
|
|t:|1781559327
|cant|p2a: Iron Treads|par
|move|p1a: Heatran|Magma Storm|p2a: Iron Treads
|-supereffective|p2a: Iron Treads
|-damage|p2a: Iron Treads|31/100 par
|-activate|p2a: Iron Treads|move: Magma Storm|[of] p1a: Heatran
|
|-damage|p2a: Iron Treads|19/100 par|[from] move: Magma Storm|[partiallytrapped]
|upkeep
|turn|14
|
|t:|1781559335
|cant|p2a: Iron Treads|par
|cant|p1a: Heatran|par
|
|-damage|p2a: Iron Treads|6/100 par|[from] move: Magma Storm|[partiallytrapped]
|upkeep
|turn|15
|
|t:|1781559340
|cant|p2a: Iron Treads|par
|move|p1a: Heatran|Stealth Rock||[still]
|-fail|p1a: Heatran
|
|-damage|p2a: Iron Treads|0 fnt|[from] move: Magma Storm|[partiallytrapped]
|faint|p2a: Iron Treads
|-end|p2a: Iron Treads|Quark Drive|[silent]
|upkeep
|
|t:|1781559343
|switch|p2a: Iron Valiant|Iron Valiant|100/100
|-damage|p2a: Iron Valiant|94/100|[from] Stealth Rock
|turn|16
|
|t:|1781559350
|move|p2a: Iron Valiant|Close Combat|p1a: Heatran
|-supereffective|p1a: Heatran
|-damage|p1a: Heatran|0 fnt
|-unboost|p2a: Iron Valiant|def|1
|-unboost|p2a: Iron Valiant|spd|1
|faint|p1a: Heatran
|
|upkeep
|
|t:|1781559359
|switch|p1a: asoS evoL|Arbok, M|34/100
|-ability|p1a: asoS evoL|Intimidate|boost
|-unboost|p2a: Iron Valiant|atk|1
|turn|17
|
|t:|1781559367
|move|p2a: Iron Valiant|Close Combat|p1a: asoS evoL
|-resisted|p1a: asoS evoL
|-damage|p1a: asoS evoL|4/100
|-unboost|p2a: Iron Valiant|def|1
|-unboost|p2a: Iron Valiant|spd|1
|move|p1a: asoS evoL|Earthquake|p2a: Iron Valiant
|-crit|p2a: Iron Valiant
|-damage|p2a: Iron Valiant|6/100
|
|-heal|p1a: asoS evoL|10/100|[from] item: Black Sludge
|upkeep
|turn|18
|
|t:|1781559372
|move|p2a: Iron Valiant|Close Combat|p1a: asoS evoL
|-resisted|p1a: asoS evoL
|-damage|p1a: asoS evoL|0 fnt
|-unboost|p2a: Iron Valiant|def|1
|-unboost|p2a: Iron Valiant|spd|1
|faint|p1a: asoS evoL
|
|upkeep
|
|t:|1781559380
|switch|p1a: Darkrai|Darkrai|79/100
|turn|19
|
|t:|1781559386
|move|p1a: Darkrai|Sucker Punch|p2a: Iron Valiant
|-resisted|p2a: Iron Valiant
|-damage|p2a: Iron Valiant|0 fnt
|faint|p2a: Iron Valiant
|-end|p2a: Iron Valiant|Quark Drive|[silent]
|
|upkeep
|
|t:|1781559388
|switch|p2a: Pincurchin|Pincurchin, M|100/100
|-damage|p2a: Pincurchin|88/100|[from] Stealth Rock
|-fieldstart|move: Electric Terrain|[from] ability: Electric Surge|[of] p2a: Pincurchin
|turn|20
|
|t:|1781559395
|-terastallize|p1a: Darkrai|Dark
|move|p1a: Darkrai|Dark Pulse|p2a: Pincurchin
|-damage|p2a: Pincurchin|21/100
|move|p2a: Pincurchin|Thunder Wave|p1a: Darkrai|[miss]
|-miss|p2a: Pincurchin|p1a: Darkrai
|
|upkeep
|turn|21
|
|t:|1781559403
|move|p1a: Darkrai|Dark Pulse|p2a: Pincurchin
|-damage|p2a: Pincurchin|0 fnt
|faint|p2a: Pincurchin
|
|upkeep
|
|t:|1781559407
|switch|p2a: Iron Boulder|Iron Boulder|100/100
|-damage|p2a: Iron Boulder|88/100|[from] Stealth Rock
|-activate|p2a: Iron Boulder|ability: Quark Drive
|-start|p2a: Iron Boulder|quarkdrivespe
|turn|22
|
|t:|1781559415
|switch|p1a: Great Tusk|Great Tusk|100/100
|-terastallize|p2a: Iron Boulder|Fighting
|move|p2a: Iron Boulder|Swords Dance|p2a: Iron Boulder
|-boost|p2a: Iron Boulder|atk|2
|
|upkeep
|turn|23
|
|t:|1781559422
|move|p2a: Iron Boulder|Close Combat|p1a: Great Tusk
|-damage|p1a: Great Tusk|0 fnt
|-unboost|p2a: Iron Boulder|def|1
|-unboost|p2a: Iron Boulder|spd|1
|faint|p1a: Great Tusk
|-end|p1a: Great Tusk|Protosynthesis|[silent]
|-damage|p2a: Iron Boulder|78/100|[from] item: Life Orb
|
|upkeep
|
|t:|1781559442
|switch|p1a: Ogerpon|Ogerpon-Wellspring, F|79/100
|turn|24
|
|t:|1781559446
|move|p2a: Iron Boulder|Mighty Cleave|p1a: Ogerpon
|-damage|p1a: Ogerpon|0 fnt
|faint|p1a: Ogerpon
|-damage|p2a: Iron Boulder|68/100|[from] item: Life Orb
|
|upkeep
|
|t:|1781559449
|switch|p1a: Darkrai|Darkrai, tera:Dark|79/100
|turn|25
|
|t:|1781559455
|move|p1a: Darkrai|Sucker Punch|p2a: Iron Boulder
|-resisted|p2a: Iron Boulder
|-damage|p2a: Iron Boulder|36/100
|move|p2a: Iron Boulder|Close Combat|p1a: Darkrai
|-supereffective|p1a: Darkrai
|-damage|p1a: Darkrai|0 fnt
|-unboost|p2a: Iron Boulder|def|1
|-unboost|p2a: Iron Boulder|spd|1
|faint|p1a: Darkrai
|-damage|p2a: Iron Boulder|26/100|[from] item: Life Orb
|
|upkeep
|-message|arbok super yea forfeited.
|
|win|Elesa13
|raw|arbok super yea's rating: 1595 &rarr; <strong>1574</strong><br />(-21 for losing)
|raw|Elesa13's rating: 1569 &rarr; <strong>1590</strong><br />(+21 for winning)
|l|☆arbok super yea
|player|p1|
