|badge|p2|bronze|gen9randombattle|100-9
|badge|p2|bronze|gen9ru|100-9
|uhtml|medal-msg|<div class="broadcast-blue">Curious what those medals under the avatar are? PS now has Ladder Seasons! For more information, check out the <a href="https://www.smogon.com/forums/threads/3740067/">thread on Smogon.</a></div>
|j|☆KurisuChestnutOU
|j|☆phantasmiccat
|t:|1781115293
|gametype|singles
|player|p1|KurisuChestnutOU|2|1558
|player|p2|phantasmiccat|miku-grass|1576
|gen|9
|tier|[Gen 9] OU
|rated|
|rule|HP Percentage Mod: HP is shown in percentages
|rule|Endless Battle Clause: Forcing endless battles is banned
|rule|Species Clause: Limit one of each Pokémon
|rule|OHKO Clause: OHKO moves are banned
|rule|Evasion Items Clause: Evasion items are banned
|rule|Evasion Moves Clause: Evasion moves are banned
|rule|Evasion Abilities Clause: Evasion abilities are banned
|rule|Sleep Moves Clause: Sleep-inducing moves are banned
|clearpoke
|poke|p1|Hawlucha, F|
|poke|p1|Samurott-Hisui, F|
|poke|p1|Rillaboom, F|
|poke|p1|Gholdengo|
|poke|p1|Kyurem|
|poke|p1|Landorus-Therian, M|
|poke|p2|Meowscarada, M|
|poke|p2|Pecharunt|
|poke|p2|Enamorus, F|
|poke|p2|Iron Treads|
|poke|p2|Skarmory, F|
|poke|p2|Slowking, M|
|teampreview
|j| Adool
|inactive|Battle timer is ON: inactive players will automatically lose when time's up. (requested by KurisuChestnutOU)
|inactive|phantasmiccat has 120 seconds left.
|
|t:|1781115340
|teamsize|p1|6
|teamsize|p2|6
|start
|switch|p1a: Kyurem|Kyurem|100/100
|switch|p2a: Meowscarada|Meowscarada, M|100/100
|-ability|p1a: Kyurem|Pressure
|turn|1
|
|t:|1781115347
|move|p2a: Meowscarada|U-turn|p1a: Kyurem
|-start|p2a: Meowscarada|typechange|Bug|[from] ability: Protean
|-damage|p1a: Kyurem|53/100
|
|t:|1781115365
|switch|p2a: Iron Treads|Iron Treads|100/100|[from] U-turn
|move|p1a: Kyurem|Focus Blast|p2a: Iron Treads
|-supereffective|p2a: Iron Treads
|-damage|p2a: Iron Treads|30/100
|
|-heal|p2a: Iron Treads|36/100|[from] item: Leftovers
|upkeep
|turn|2
|
|t:|1781115372
|-end|p2a: Iron Treads|Quark Drive|[silent]
|switch|p2a: Slowking|Slowking, M|100/100
|move|p1a: Kyurem|Ice Beam|p2a: Slowking
|-resisted|p2a: Slowking
|-damage|p2a: Slowking|90/100
|
|upkeep
|turn|3
|
|t:|1781115380
|move|p1a: Kyurem|Freeze-Dry|p2a: Slowking
|-supereffective|p2a: Slowking
|-damage|p2a: Slowking|56/100
|move|p2a: Slowking|Psyshock|p1a: Kyurem
|-damage|p1a: Kyurem|22/100
|
|upkeep
|turn|4
|
|t:|1781115385
|move|p1a: Kyurem|Freeze-Dry|p2a: Slowking
|-supereffective|p2a: Slowking
|-damage|p2a: Slowking|23/100
|move|p2a: Slowking|Scald|p1a: Kyurem
|-resisted|p1a: Kyurem
|-damage|p1a: Kyurem|12/100
|
|upkeep
|turn|5
|
|t:|1781115390
|switch|p2a: Pecharunt|Pecharunt|100/100
|move|p1a: Kyurem|Freeze-Dry|p2a: Pecharunt
|-damage|p2a: Pecharunt|63/100
|
|upkeep
|turn|6
|
|t:|1781115395
|switch|p2a: Slowking|Slowking, M|56/100
|move|p1a: Kyurem|Ice Beam|p2a: Slowking
|-resisted|p2a: Slowking
|-damage|p2a: Slowking|46/100
|
|upkeep
|turn|7
|
|t:|1781115401
|move|p1a: Kyurem|Freeze-Dry|p2a: Slowking
|-supereffective|p2a: Slowking
|-damage|p2a: Slowking|11/100
|move|p2a: Slowking|Psyshock|p1a: Kyurem
|-crit|p1a: Kyurem
|-damage|p1a: Kyurem|0 fnt
|faint|p1a: Kyurem
|
|upkeep
|
|t:|1781115407
|switch|p1a: Gholdengo|Gholdengo|100/100
|turn|8
|
|t:|1781115413
|switch|p2a: Iron Treads|Iron Treads|36/100
|move|p1a: Gholdengo|Shadow Ball|p2a: Iron Treads
|-damage|p2a: Iron Treads|0 fnt
|faint|p2a: Iron Treads
|-end|p2a: Iron Treads|Quark Drive|[silent]
|
|upkeep
|
|t:|1781115420
|switch|p2a: Meowscarada|Meowscarada, M|100/100
|turn|9
|
|t:|1781115426
|switch|p1a: Hawlucha|Hawlucha, F|100/100
|move|p2a: Meowscarada|Knock Off|p1a: Hawlucha
|-start|p2a: Meowscarada|typechange|Dark|[from] ability: Protean
|-resisted|p1a: Hawlucha
|-damage|p1a: Hawlucha|55/100
|-enditem|p1a: Hawlucha|Grassy Seed|[from] move: Knock Off|[of] p2a: Meowscarada
|
|upkeep
|turn|10
|
|t:|1781115430
|switch|p2a: Pecharunt|Pecharunt|63/100
|move|p1a: Hawlucha|Roost|p1a: Hawlucha
|-heal|p1a: Hawlucha|100/100
|-singleturn|p1a: Hawlucha|move: Roost
|
|upkeep
|turn|11
|
|t:|1781115437
|switch|p1a: Gholdengo|Gholdengo|100/100
|move|p2a: Pecharunt|Recover|p2a: Pecharunt
|-heal|p2a: Pecharunt|100/100
|
|upkeep
|turn|12
|
|t:|1781115442
|switch|p2a: Skarmory|Skarmory, F|100/100
|move|p1a: Gholdengo|Shadow Ball|p2a: Skarmory
|-damage|p2a: Skarmory|44/100
|
|upkeep
|turn|13
|
|t:|1781115446
|switch|p2a: Meowscarada|Meowscarada, M|100/100
|move|p1a: Gholdengo|Shadow Ball|p2a: Meowscarada
|-resisted|p2a: Meowscarada
|-damage|p2a: Meowscarada|66/100
|-unboost|p2a: Meowscarada|spd|1
|
|upkeep
|turn|14
|
|t:|1781115454
|switch|p1a: Hawlucha|Hawlucha, F|100/100
|move|p2a: Meowscarada|Knock Off|p1a: Hawlucha
|-start|p2a: Meowscarada|typechange|Dark|[from] ability: Protean
|-resisted|p1a: Hawlucha
|-damage|p1a: Hawlucha|71/100
|
|upkeep
|turn|15
|
|t:|1781115460
|switch|p2a: Slowking|Slowking, M|44/100
|move|p1a: Hawlucha|Acrobatics|p2a: Slowking
|-damage|p2a: Slowking|1/100
|
|upkeep
|turn|16
|
|t:|1781115466
|switch|p2a: Pecharunt|Pecharunt|100/100
|move|p1a: Hawlucha|Acrobatics|p2a: Pecharunt
|-damage|p2a: Pecharunt|78/100
|-damage|p1a: Hawlucha|54/100|[from] item: Rocky Helmet|[of] p2a: Pecharunt
|
|upkeep
|turn|17
|
|t:|1781115482
|switch|p1a: Gholdengo|Gholdengo|100/100
|switch|p2a: Slowking|Slowking, M|35/100
|
|upkeep
|turn|18
|
|t:|1781115487
|switch|p2a: Meowscarada|Meowscarada, M|66/100
|move|p1a: Gholdengo|Shadow Ball|p2a: Meowscarada
|-resisted|p2a: Meowscarada
|-damage|p2a: Meowscarada|35/100
|
|upkeep
|turn|19
|
|t:|1781115502
|switch|p1a: Landorus|Landorus-Therian, M|100/100
|-ability|p1a: Landorus|Intimidate|boost
|-unboost|p2a: Meowscarada|atk|1
|move|p2a: Meowscarada|Knock Off|p1a: Landorus
|-start|p2a: Meowscarada|typechange|Dark|[from] ability: Protean
|-damage|p1a: Landorus|58/100
|-damage|p2a: Meowscarada|19/100|[from] item: Rocky Helmet|[of] p1a: Landorus
|-enditem|p1a: Landorus|Rocky Helmet|[from] move: Knock Off|[of] p2a: Meowscarada
|
|upkeep
|turn|20
|
|t:|1781115513
|switch|p2a: Enamorus|Enamorus, F|100/100
|move|p1a: Landorus|Stealth Rock|p2a: Enamorus
|-sidestart|p2: phantasmiccat|move: Stealth Rock
|
|upkeep
|turn|21
|
|t:|1781115518
|switch|p1a: Gholdengo|Gholdengo|100/100
|move|p2a: Enamorus|Moonblast|p1a: Gholdengo
|-resisted|p1a: Gholdengo
|-damage|p1a: Gholdengo|66/100
|
|upkeep
|turn|22
|
|t:|1781115525
|move|p2a: Enamorus|Moonblast|p1a: Gholdengo
|-resisted|p1a: Gholdengo
|-damage|p1a: Gholdengo|36/100
|-unboost|p1a: Gholdengo|spa|1
|move|p1a: Gholdengo|Shadow Ball|p2a: Enamorus
|-damage|p2a: Enamorus|63/100
|
|upkeep
|turn|23
|
|t:|1781115533
|move|p2a: Enamorus|Moonblast|p1a: Gholdengo
|-resisted|p1a: Gholdengo
|-damage|p1a: Gholdengo|4/100
|-unboost|p1a: Gholdengo|spa|1
|move|p1a: Gholdengo|Shadow Ball|p2a: Enamorus
|-damage|p2a: Enamorus|34/100
|
|upkeep
|turn|24
|
|t:|1781115538
|move|p2a: Enamorus|Moonblast|p1a: Gholdengo
|-resisted|p1a: Gholdengo
|-damage|p1a: Gholdengo|0 fnt
|faint|p1a: Gholdengo
|
|upkeep
|
|t:|1781115543
|switch|p1a: Samurott|Samurott-Hisui, F|100/100
|turn|25
|
|t:|1781115546
|-terastallize|p1a: Samurott|Poison
|move|p2a: Enamorus|Moonblast|p1a: Samurott
|-resisted|p1a: Samurott
|-damage|p1a: Samurott|82/100
|move|p1a: Samurott|Ceaseless Edge|p2a: Enamorus
|-resisted|p2a: Enamorus
|-damage|p2a: Enamorus|1/100
|-sidestart|p2: phantasmiccat|Spikes
|
|upkeep
|turn|26
|
|t:|1781115553
|move|p2a: Enamorus|Moonblast|p1a: Samurott
|-resisted|p1a: Samurott
|-damage|p1a: Samurott|64/100
|move|p1a: Samurott|Ceaseless Edge|p2a: Enamorus
|-resisted|p2a: Enamorus
|-damage|p2a: Enamorus|0 fnt
|-sidestart|p2: phantasmiccat|Spikes
|faint|p2a: Enamorus
|
|upkeep
|
|t:|1781115575
|switch|p2a: Skarmory|Skarmory, F|44/100
|-damage|p2a: Skarmory|31/100|[from] Stealth Rock
|turn|27
|
|t:|1781115578
|move|p1a: Samurott|Knock Off|p2a: Skarmory
|-damage|p2a: Skarmory|4/100
|-enditem|p2a: Skarmory|Covert Cloak|[from] move: Knock Off|[of] p1a: Samurott
|move|p2a: Skarmory|Roost|p2a: Skarmory
|-heal|p2a: Skarmory|54/100
|-singleturn|p2a: Skarmory|move: Roost
|
|upkeep
|turn|28
|
|t:|1781115582
|move|p1a: Samurott|Ceaseless Edge|p2a: Skarmory
|-damage|p2a: Skarmory|31/100
|-sidestart|p2: phantasmiccat|Spikes
|move|p2a: Skarmory|Roost|p2a: Skarmory
|-heal|p2a: Skarmory|81/100
|-singleturn|p2a: Skarmory|move: Roost
|
|upkeep
|turn|29
|
|t:|1781115588
|move|p1a: Samurott|Flip Turn|p2a: Skarmory
|-damage|p2a: Skarmory|65/100
|
|t:|1781115595
|switch|p1a: Landorus|Landorus-Therian, M|58/100|[from] Flip Turn
|-ability|p1a: Landorus|Intimidate|boost
|-unboost|p2a: Skarmory|atk|1
|move|p2a: Skarmory|Iron Defense|p2a: Skarmory
|-boost|p2a: Skarmory|def|2
|
|upkeep
|turn|30
|
|t:|1781115600
|move|p1a: Landorus|U-turn|p2a: Skarmory
|-resisted|p2a: Skarmory
|-crit|p2a: Skarmory
|-damage|p2a: Skarmory|61/100
|
|t:|1781115605
|switch|p1a: Samurott|Samurott-Hisui, F, tera:Poison|64/100|[from] U-turn
|move|p2a: Skarmory|Roost|p2a: Skarmory
|-heal|p2a: Skarmory|100/100
|-singleturn|p2a: Skarmory|move: Roost
|
|upkeep
|turn|31
|
|t:|1781115608
|move|p1a: Samurott|Flip Turn|p2a: Skarmory
|-damage|p2a: Skarmory|92/100
|
|t:|1781115612
|switch|p1a: Landorus|Landorus-Therian, M|58/100|[from] Flip Turn
|-ability|p1a: Landorus|Intimidate|boost
|-unboost|p2a: Skarmory|atk|1
|move|p2a: Skarmory|Body Press|p1a: Landorus
|-resisted|p1a: Landorus
|-damage|p1a: Landorus|28/100
|
|upkeep
|turn|32
|
|t:|1781115620
|move|p1a: Landorus|U-turn|p2a: Skarmory
|-resisted|p2a: Skarmory
|-damage|p2a: Skarmory|91/100
|
|t:|1781115624
|switch|p1a: Samurott|Samurott-Hisui, F, tera:Poison|64/100|[from] U-turn
|move|p2a: Skarmory|Iron Defense|p2a: Skarmory
|-boost|p2a: Skarmory|def|2
|
|upkeep
|turn|33
|
|t:|1781115628
|move|p1a: Samurott|Ceaseless Edge|p2a: Skarmory
|-damage|p2a: Skarmory|83/100
|move|p2a: Skarmory|Iron Defense|p2a: Skarmory
|-boost|p2a: Skarmory|def|2
|
|upkeep
|turn|34
|
|t:|1781115631
|move|p1a: Samurott|Flip Turn|p2a: Skarmory
|-damage|p2a: Skarmory|79/100
|
|t:|1781115637
|switch|p1a: Landorus|Landorus-Therian, M|28/100|[from] Flip Turn
|-ability|p1a: Landorus|Intimidate|boost
|-unboost|p2a: Skarmory|atk|1
|move|p2a: Skarmory|Body Press|p1a: Landorus
|-resisted|p1a: Landorus
|-damage|p1a: Landorus|0 fnt
|faint|p1a: Landorus
|
|upkeep
|
|t:|1781115641
|switch|p1a: Samurott|Samurott-Hisui, F, tera:Poison|64/100
|turn|35
|
|t:|1781115668
|move|p1a: Samurott|Flip Turn|p2a: Skarmory
|-damage|p2a: Skarmory|75/100
|
|t:|1781115671
|switch|p1a: Rillaboom|Rillaboom, F|100/100|[from] Flip Turn
|-fieldstart|move: Grassy Terrain|[from] ability: Grassy Surge|[of] p1a: Rillaboom
|move|p2a: Skarmory|Body Press|p1a: Rillaboom
|-damage|p1a: Rillaboom|0 fnt
|faint|p1a: Rillaboom
|
|upkeep
|
|t:|1781115676
|switch|p1a: Hawlucha|Hawlucha, F|54/100
|turn|36
|
|t:|1781115679
|move|p1a: Hawlucha|Acrobatics|p2a: Skarmory
|-resisted|p2a: Skarmory
|-damage|p2a: Skarmory|71/100
|move|p2a: Skarmory|Body Press|p1a: Hawlucha
|-resisted|p1a: Hawlucha
|-crit|p1a: Hawlucha
|-damage|p1a: Hawlucha|0 fnt
|faint|p1a: Hawlucha
|
|upkeep
|
|t:|1781115684
|switch|p1a: Samurott|Samurott-Hisui, F, tera:Poison|64/100
|turn|37
|
|t:|1781115688
|move|p1a: Samurott|Flip Turn|p2a: Skarmory
|-damage|p2a: Skarmory|66/100
|move|p2a: Skarmory|Body Press|p1a: Samurott
|-resisted|p1a: Samurott
|-damage|p1a: Samurott|0 fnt
|faint|p1a: Samurott
|
|win|phantasmiccat
|raw|KurisuChestnutOU's rating: 1558 &rarr; <strong>1539</strong><br />(-19 for losing)
|raw|phantasmiccat's rating: 1576 &rarr; <strong>1595</strong><br />(+19 for winning)
