|j|☆Liker of Mudkips
|j|☆0c3an m4n
|t:|1781564385
|gametype|singles
|player|p1|Liker of Mudkips|acetrainerf|1580
|player|p2|0c3an m4n|marlon|1638
|gen|9
|tier|[Gen 9] OU
|rated|
|rule|HP Percentage Mod: HP is shown in percentages
|rule|Endless Battle Clause: Forcing endless battles is banned
|rule|Species Clause: Limit one of each Pokémon
|rule|OHKO Clause: OHKO moves are banned
|rule|Evasion Items Clause: Evasion items are banned
|rule|Evasion Moves Clause: Evasion moves are banned
|rule|Evasion Abilities Clause: Evasion abilities are banned
|rule|Sleep Moves Clause: Sleep-inducing moves are banned
|clearpoke
|poke|p1|Dragapult, F|
|poke|p1|Ogerpon-Wellspring, F|
|poke|p1|Slowking-Galar, F|
|poke|p1|Great Tusk|
|poke|p1|Zapdos|
|poke|p1|Kingambit, M|
|poke|p2|Quaquaval, M|
|poke|p2|Barraskewda, F|
|poke|p2|Pelipper, M|
|poke|p2|Slither Wing|
|poke|p2|Hatterene, F|
|poke|p2|Gastrodon-East, F|
|teampreview
|
|t:|1781564399
|teamsize|p1|6
|teamsize|p2|6
|start
|switch|p1a: Pants|Slowking-Galar, F|100/100
|switch|p2a: El papu|Slither Wing, shiny|100/100
|turn|1
|
|t:|1781564406
|move|p2a: El papu|Earthquake|p1a: Pants
|-supereffective|p1a: Pants
|-damage|p1a: Pants|0 fnt
|faint|p1a: Pants
|
|upkeep
|
|t:|1781564416
|switch|p1a: Larxene|Zapdos|100/100
|turn|2
|
|t:|1781564420
|-end|p2a: El papu|Protosynthesis|[silent]
|switch|p2a: Si|Hatterene, F, shiny|100/100
|move|p1a: Larxene|Hurricane|p2a: Si|[miss]
|-miss|p1a: Larxene|p2a: Si
|
|upkeep
|turn|3
|
|t:|1781564426
|move|p1a: Larxene|Hurricane|p2a: Si
|-crit|p2a: Si
|-damage|p2a: Si|48/100
|-start|p2a: Si|confusion
|-activate|p2a: Si|confusion
|move|p2a: Si|Mystical Fire|p1a: Larxene
|-damage|p1a: Larxene|71/100
|-unboost|p1a: Larxene|spa|1
|
|upkeep
|turn|4
|
|t:|1781564436
|move|p1a: Larxene|Volt Switch|p2a: Si
|-damage|p2a: Si|33/100
|
|t:|1781564440
|switch|p1a: Suika|Ogerpon-Wellspring, F|100/100|[from] Volt Switch
|-activate|p2a: Si|confusion
|move|p2a: Si|Draining Kiss|p1a: Suika
|-damage|p1a: Suika|68/100
|-heal|p2a: Si|56/100|[from] drain|[of] p1a: Suika
|
|upkeep
|turn|5
|
|t:|1781564453
|move|p1a: Suika|Ivy Cudgel|p2a: Si|[anim] Ivy Cudgel Water
|-damage|p2a: Si|0 fnt
|faint|p2a: Si
|
|upkeep
|
|t:|1781564455
|switch|p2a: El papu|Slither Wing, shiny|100/100
|turn|6
|
|t:|1781564463
|switch|p1a: Larxene|Zapdos|71/100
|move|p2a: El papu|Close Combat|p1a: Larxene
|-resisted|p1a: Larxene
|-damage|p1a: Larxene|14/100
|-unboost|p2a: El papu|def|1
|-unboost|p2a: El papu|spd|1
|
|upkeep
|turn|7
|
|t:|1781564501
|-end|p2a: El papu|Protosynthesis|[silent]
|switch|p2a: No Shell :(|Gastrodon-East, F, shiny|100/100
|move|p1a: Larxene|Hurricane|p2a: No Shell :(
|-damage|p2a: No Shell :(|54/100
|
|-heal|p2a: No Shell :(|60/100|[from] item: Leftovers
|upkeep
|turn|8
|
|t:|1781564511
|switch|p1a: Nobunaga|Kingambit, M|100/100
|-activate|p1a: Nobunaga|ability: Supreme Overlord
|-start|p1a: Nobunaga|fallen1|[silent]
|-item|p1a: Nobunaga|Air Balloon
|move|p2a: No Shell :(|Ice Beam|p1a: Nobunaga
|-resisted|p1a: Nobunaga
|-damage|p1a: Nobunaga|86/100
|-enditem|p1a: Nobunaga|Air Balloon
|
|-heal|p2a: No Shell :(|66/100|[from] item: Leftovers
|upkeep
|turn|9
|
|t:|1781564522
|move|p1a: Nobunaga|Swords Dance|p1a: Nobunaga
|-boost|p1a: Nobunaga|atk|2
|move|p2a: No Shell :(|Earth Power|p1a: Nobunaga
|-supereffective|p1a: Nobunaga
|-damage|p1a: Nobunaga|8/100
|
|-heal|p2a: No Shell :(|72/100|[from] item: Leftovers
|upkeep
|turn|10
|
|t:|1781564532
|switch|p2a: El papu|Slither Wing, shiny|100/100
|move|p1a: Nobunaga|Low Kick|p2a: El papu
|-resisted|p2a: El papu
|-damage|p2a: El papu|61/100
|
|upkeep
|turn|11
|
|t:|1781564540
|-end|p1a: Nobunaga|fallen1|[silent]
|switch|p1a: Kos|Dragapult, F|100/100
|move|p2a: El papu|U-turn|p1a: Kos
|-resisted|p1a: Kos
|-damage|p1a: Kos|60/100
|
|t:|1781564543
|-end|p2a: El papu|Protosynthesis|[silent]
|switch|p2a: Risk of what?|Pelipper, M, shiny|100/100|[from] U-turn
|-weather|RainDance|[from] ability: Drizzle|[of] p2a: Risk of what?
|
|-weather|RainDance|[upkeep]
|upkeep
|turn|12
|
|t:|1781564550
|move|p1a: Kos|Shadow Ball|p2a: Risk of what?
|-damage|p2a: Risk of what?|31/100
|move|p2a: Risk of what?|Hurricane|p1a: Kos
|-damage|p1a: Kos|6/100
|
|-weather|RainDance|[upkeep]
|upkeep
|turn|13
|
|t:|1781564558
|move|p1a: Kos|Shadow Ball|p2a: Risk of what?
|-damage|p2a: Risk of what?|0 fnt
|faint|p2a: Risk of what?
|
|-weather|RainDance|[upkeep]
|upkeep
|
|t:|1781564559
|switch|p2a: Sphyraena (Fih) 🐟|Barraskewda, F, shiny|100/100
|turn|14
|
|t:|1781564568
|switch|p1a: Larxene|Zapdos|14/100
|move|p2a: Sphyraena (Fih) 🐟|Poison Jab|p1a: Larxene
|-damage|p1a: Larxene|0 fnt
|faint|p1a: Larxene
|
|-weather|RainDance|[upkeep]
|upkeep
|
|t:|1781564579
|switch|p1a: Nobunaga|Kingambit, M|8/100
|-activate|p1a: Nobunaga|ability: Supreme Overlord
|-start|p1a: Nobunaga|fallen2|[silent]
|turn|15
|
|t:|1781564587
|switch|p2a: El papu|Slither Wing, shiny|61/100
|move|p1a: Nobunaga|Low Kick|p2a: El papu
|-resisted|p2a: El papu
|-damage|p2a: El papu|40/100
|
|-weather|RainDance|[upkeep]
|upkeep
|turn|16
|
|t:|1781564594
|-end|p1a: Nobunaga|fallen2|[silent]
|switch|p1a: Baku|Great Tusk|100/100
|move|p2a: El papu|U-turn|p1a: Baku
|-resisted|p1a: Baku
|-damage|p1a: Baku|77/100
|-damage|p2a: El papu|23/100|[from] item: Rocky Helmet|[of] p1a: Baku
|
|t:|1781564598
|-end|p2a: El papu|Protosynthesis|[silent]
|switch|p2a: Sphyraena (Fih) 🐟|Barraskewda, F, shiny|100/100|[from] U-turn
|
|-weather|RainDance|[upkeep]
|upkeep
|turn|17
|
|t:|1781564607
|move|p2a: Sphyraena (Fih) 🐟|Flip Turn|p1a: Baku
|-supereffective|p1a: Baku
|-damage|p1a: Baku|0 fnt
|-damage|p2a: Sphyraena (Fih) 🐟|84/100|[from] item: Rocky Helmet|[of] p1a: Baku
|faint|p1a: Baku
|-end|p1a: Baku|Protosynthesis|[silent]
|
|t:|1781564610
|switch|p2a: El papu|Slither Wing, shiny|23/100|[from] Flip Turn
|
|-weather|RainDance|[upkeep]
|upkeep
|
|t:|1781564616
|switch|p1a: Kos|Dragapult, F|6/100
|turn|18
|
|t:|1781564620
|-terastallize|p2a: El papu|Bug
|move|p2a: El papu|First Impression|p1a: Kos
|-resisted|p1a: Kos
|-damage|p1a: Kos|0 fnt
|faint|p1a: Kos
|
|-weather|none
|upkeep
|
|t:|1781564627
|switch|p1a: Suika|Ogerpon-Wellspring, F|68/100
|turn|19
|
|t:|1781564632
|-end|p2a: El papu|Protosynthesis|[silent]
|switch|p2a: No Shell :(|Gastrodon-East, F, shiny|72/100
|move|p1a: Suika|Knock Off|p2a: No Shell :(
|-damage|p2a: No Shell :(|35/100
|-enditem|p2a: No Shell :(|Leftovers|[from] move: Knock Off|[of] p1a: Suika
|
|upkeep
|turn|20
|
|t:|1781564640
|move|p1a: Suika|Power Whip|p2a: No Shell :(
|-supereffective|p2a: No Shell :(
|-damage|p2a: No Shell :(|0 fnt
|faint|p2a: No Shell :(
|
|upkeep
|
|t:|1781564642
|switch|p2a: El papu|Slither Wing, shiny, tera:Bug|23/100
|turn|21
|
|t:|1781564652
|switch|p1a: Nobunaga|Kingambit, M|8/100
|-activate|p1a: Nobunaga|ability: Supreme Overlord
|-start|p1a: Nobunaga|fallen4|[silent]
|move|p2a: El papu|First Impression|p1a: Nobunaga
|-damage|p1a: Nobunaga|0 fnt
|faint|p1a: Nobunaga
|-end|p1a: Nobunaga|fallen4|[silent]
|
|upkeep
|
|t:|1781564660
|switch|p1a: Suika|Ogerpon-Wellspring, F|68/100
|turn|22
|
|t:|1781564666
|-end|p2a: El papu|Protosynthesis|[silent]
|switch|p2a: Sphyraena (Fih) 🐟|Barraskewda, F, shiny|84/100
|-terastallize|p1a: Suika|Water
|detailschange|p1a: Suika|Ogerpon-Wellspring-Tera, F, tera:Water
|-ability|p1a: Suika|Embody Aspect (Wellspring)|boost
|-boost|p1a: Suika|spd|1
|move|p1a: Suika|Power Whip|p2a: Sphyraena (Fih) 🐟
|-supereffective|p2a: Sphyraena (Fih) 🐟
|-crit|p2a: Sphyraena (Fih) 🐟
|-damage|p2a: Sphyraena (Fih) 🐟|0 fnt
|faint|p2a: Sphyraena (Fih) 🐟
|
|upkeep
|
|t:|1781564671
|switch|p2a: El papu|Slither Wing, shiny, tera:Bug|23/100
|turn|23
|
|t:|1781564680
|move|p2a: El papu|First Impression|p1a: Suika
|-damage|p1a: Suika|0 fnt
|faint|p1a: Suika
|detailschange|p1: Suika|Ogerpon-Wellspring, F|[silent]
|
|win|0c3an m4n
|raw|Liker of Mudkips's rating: 1580 &rarr; <strong>1563</strong><br />(-17 for losing)
|raw|0c3an m4n's rating: 1638 &rarr; <strong>1655</strong><br />(+17 for winning)
|l|☆Liker of Mudkips
|player|p1|
|l|☆0c3an m4n
|player|p2|
