|j|☆Mr.X&Y97
|j|☆nvtung2901
|t:|1781065839
|gametype|singles
|player|p1|Mr.X&Y97|ingo|1567
|player|p2|nvtung2901|guitarist|1548
|gen|9
|tier|[Gen 9] OU
|rated|
|rule|HP Percentage Mod: HP is shown in percentages
|rule|Endless Battle Clause: Forcing endless battles is banned
|rule|Species Clause: Limit one of each Pokémon
|rule|OHKO Clause: OHKO moves are banned
|rule|Evasion Items Clause: Evasion items are banned
|rule|Evasion Moves Clause: Evasion moves are banned
|rule|Evasion Abilities Clause: Evasion abilities are banned
|rule|Sleep Moves Clause: Sleep-inducing moves are banned
|clearpoke
|poke|p1|Indeedee, M|
|poke|p1|Armarouge, F|
|poke|p1|Hatterene, F|
|poke|p1|Hawlucha, F|
|poke|p1|Maushold|
|poke|p1|Polteageist|
|poke|p2|Slowking-Galar, F|
|poke|p2|Great Tusk|
|poke|p2|Kyurem|
|poke|p2|Kingambit, F|
|poke|p2|Cinderace, M|
|poke|p2|Zapdos|
|teampreview
|inactive|Battle timer is ON: inactive players will automatically lose when time's up. (requested by Mr.X&Y97)
|
|t:|1781065853
|teamsize|p1|6
|teamsize|p2|6
|start
|switch|p1a: Indeedee|Indeedee, M|100/100
|switch|p2a: Cinderace|Cinderace, M|100/100
|-fieldstart|move: Psychic Terrain|[from] ability: Psychic Surge|[of] p1a: Indeedee
|turn|1
|
|t:|1781065864
|switch|p1a: Armarouge|Armarouge, F|100/100
|move|p2a: Cinderace|U-turn|p1a: Armarouge
|-start|p2a: Cinderace|typechange|Bug|[from] ability: Libero
|-damage|p1a: Armarouge|65/100
|-ability|p1a: Armarouge|Weak Armor|boost
|-unboost|p1a: Armarouge|def|1
|-boost|p1a: Armarouge|spe|2
|inactive|nvtung2901 has 120 seconds left.
|
|t:|1781065889
|switch|p2a: Great Tusk|Great Tusk|100/100|[from] U-turn
|
|upkeep
|turn|2
|
|t:|1781065898
|-end|p2a: Great Tusk|Protosynthesis|[silent]
|switch|p2a: Kingambit|Kingambit, F|100/100
|move|p1a: Armarouge|Endure||[still]
|-fail|p1a: Armarouge
|
|upkeep
|turn|3
|
|t:|1781065905
|-end|p2a: Kingambit|fallenundefined|[silent]
|switch|p2a: Slowking|Slowking-Galar, F|100/100
|move|p1a: Armarouge|Armor Cannon|p2a: Slowking
|-damage|p2a: Slowking|60/100
|-unboost|p1a: Armarouge|def|1
|-unboost|p1a: Armarouge|spd|1
|
|upkeep
|turn|4
|
|t:|1781065925
|move|p1a: Armarouge|Expanding Force|p2a: Slowking
|-damage|p2a: Slowking|8/100
|-prepare|p2a: Slowking|Chilly Reception|[premajor]
|move|p2a: Slowking|Chilly Reception|p2a: Slowking
|-weather|Snowscape
|inactive|nvtung2901 has 120 seconds left.
|j| roarcat
|
|t:|1781065943
|switch|p2a: Cinderace|Cinderace, M|100/100|[from] Chilly Reception
|
|-weather|Snowscape|[upkeep]
|upkeep
|turn|5
|
|t:|1781065949
|move|p2a: Cinderace|Gunk Shot|p1a: Armarouge|[miss]
|-start|p2a: Cinderace|typechange|Poison|[from] ability: Libero
|-miss|p2a: Cinderace|p1a: Armarouge
|move|p1a: Armarouge|Expanding Force|p2a: Cinderace
|-supereffective|p2a: Cinderace
|-damage|p2a: Cinderace|0 fnt
|faint|p2a: Cinderace
|
|-weather|Snowscape|[upkeep]
|upkeep
|inactive|nvtung2901 has 120 seconds left.
|
|t:|1781065959
|switch|p2a: Kyurem|Kyurem|100/100
|-ability|p2a: Kyurem|Pressure
|turn|6
|
|t:|1781065965
|move|p1a: Armarouge|Endure|p1a: Armarouge
|-singleturn|p1a: Armarouge|move: Endure
|move|p2a: Kyurem|Draco Meteor|p1a: Armarouge
|-activate|p1a: Armarouge|move: Endure
|-damage|p1a: Armarouge|1/100
|-unboost|p2a: Kyurem|spa|2
|
|-weather|Snowscape|[upkeep]
|upkeep
|turn|7
|
|t:|1781065985
|move|p1a: Armarouge|Expanding Force|p2a: Kyurem
|-damage|p2a: Kyurem|16/100
|move|p2a: Kyurem|Draco Meteor|p1a: Armarouge
|-damage|p1a: Armarouge|0 fnt
|-unboost|p2a: Kyurem|spa|2
|faint|p1a: Armarouge
|
|-weather|Snowscape|[upkeep]
|upkeep
|inactive|Mr.X&Y97 has 120 seconds left.
|
|t:|1781066007
|switch|p1a: Maushold|Maushold|100/100
|turn|8
|
|t:|1781066014
|switch|p2a: Zapdos|Zapdos, shiny|100/100
|move|p1a: Maushold|Tidy Up|p1a: Maushold
|-boost|p1a: Maushold|atk|1
|-boost|p1a: Maushold|spe|1
|
|-weather|none
|-fieldend|move: Psychic Terrain
|upkeep
|turn|9
|
|t:|1781066020
|move|p1a: Maushold|Population Bomb|p2a: Zapdos|[miss]
|-miss|p1a: Maushold|p2a: Zapdos
|move|p2a: Zapdos|Thunder Wave|p1a: Maushold|[miss]
|-miss|p2a: Zapdos|p1a: Maushold
|
|upkeep
|turn|10
|c|☆nvtung2901|How do I miss everything lol
|
|t:|1781066043
|move|p1a: Maushold|Population Bomb|p2a: Zapdos
|-damage|p2a: Zapdos|89/100
|-damage|p2a: Zapdos|77/100
|-damage|p2a: Zapdos|66/100
|-damage|p2a: Zapdos|54/100
|-damage|p2a: Zapdos|42/100
|-damage|p2a: Zapdos|29/100
|-status|p1a: Maushold|par|[from] ability: Static|[of] p2a: Zapdos
|-damage|p2a: Zapdos|17/100
|-damage|p2a: Zapdos|6/100
|-damage|p2a: Zapdos|0 fnt
|faint|p2a: Zapdos
|-hitcount|p2: Zapdos|9
|
|upkeep
|
|t:|1781066050
|switch|p2a: Kyurem|Kyurem|16/100
|-ability|p2a: Kyurem|Pressure
|turn|11
|
|t:|1781066060
|switch|p1a: Hatterene|Hatterene, F|100/100
|move|p2a: Kyurem|Draco Meteor|p1a: Hatterene
|-immune|p1a: Hatterene
|
|upkeep
|turn|12
|
|t:|1781066067
|switch|p2a: Kingambit|Kingambit, F|100/100
|-activate|p2a: Kingambit|ability: Supreme Overlord
|-start|p2a: Kingambit|fallen2|[silent]
|switch|p1a: Indeedee|Indeedee, M|100/100
|-fieldstart|move: Psychic Terrain|[from] ability: Psychic Surge|[of] p1a: Indeedee
|
|upkeep
|turn|13
|j| CLICK BEFORE CALC
|l| CLICK BEFORE CALC
|
|t:|1781066086
|switch|p1a: Hatterene|Hatterene, F|100/100
|move|p2a: Kingambit|Swords Dance|p2a: Kingambit
|-boost|p2a: Kingambit|atk|2
|
|upkeep
|turn|14
|
|t:|1781066093
|move|p2a: Kingambit|Iron Head|p1a: Hatterene
|-supereffective|p1a: Hatterene
|-damage|p1a: Hatterene|0 fnt
|faint|p1a: Hatterene
|
|upkeep
|inactive|Mr.X&Y97 has 120 seconds left.
|
|t:|1781066122
|switch|p1a: Maushold|Maushold|100/100 par
|turn|15
|
|t:|1781066135
|move|p1a: Maushold|Population Bomb|p2a: Kingambit
|-resisted|p2a: Kingambit
|-damage|p2a: Kingambit|97/100
|-resisted|p2a: Kingambit
|-crit|p2a: Kingambit
|-damage|p2a: Kingambit|90/100
|-resisted|p2a: Kingambit
|-damage|p2a: Kingambit|86/100
|-resisted|p2a: Kingambit
|-damage|p2a: Kingambit|82/100
|-resisted|p2a: Kingambit
|-damage|p2a: Kingambit|78/100
|-resisted|p2a: Kingambit
|-damage|p2a: Kingambit|74/100
|-resisted|p2a: Kingambit
|-damage|p2a: Kingambit|69/100
|-resisted|p2a: Kingambit
|-damage|p2a: Kingambit|65/100
|-resisted|p2a: Kingambit
|-damage|p2a: Kingambit|61/100
|-resisted|p2a: Kingambit
|-damage|p2a: Kingambit|56/100
|-hitcount|p2a: Kingambit|10
|move|p2a: Kingambit|Iron Head|p1a: Maushold
|-damage|p1a: Maushold|0 fnt
|faint|p1a: Maushold
|
|-heal|p2a: Kingambit|62/100|[from] item: Leftovers
|upkeep
|inactive|Mr.X&Y97 has 120 seconds left.
|
|t:|1781066157
|switch|p1a: Polteageist|Polteageist|100/100
|turn|16
|
|t:|1781066165
|move|p1a: Polteageist|Will-O-Wisp|p2a: Kingambit
|-status|p2a: Kingambit|brn
|move|p2a: Kingambit|Iron Head|p1a: Polteageist
|-enditem|p1a: Polteageist|Focus Sash
|-damage|p1a: Polteageist|1/100
|-ability|p1a: Polteageist|Weak Armor|boost
|-unboost|p1a: Polteageist|def|1
|-boost|p1a: Polteageist|spe|2
|
|-heal|p2a: Kingambit|69/100 brn|[from] item: Leftovers
|-damage|p2a: Kingambit|62/100 brn|[from] brn
|upkeep
|turn|17
|j| Ryaanng
|
|t:|1781066175
|move|p2a: Kingambit|Sucker Punch|p1a: Polteageist
|-activate|p1a: Polteageist|move: Psychic Terrain
|move|p1a: Polteageist|Shadow Ball|p2a: Kingambit
|-resisted|p2a: Kingambit
|-crit|p2a: Kingambit
|-damage|p2a: Kingambit|31/100 brn
|
|-heal|p2a: Kingambit|37/100 brn|[from] item: Leftovers
|-damage|p2a: Kingambit|31/100 brn|[from] brn
|upkeep
|turn|18
|
|t:|1781066192
|-end|p2a: Kingambit|fallen2|[silent]
|switch|p2a: Slowking|Slowking-Galar, F|41/100
|move|p1a: Polteageist|Shadow Ball|p2a: Slowking
|-supereffective|p2a: Slowking
|-damage|p2a: Slowking|0 fnt
|faint|p2a: Slowking
|
|upkeep
|
|t:|1781066201
|switch|p2a: Great Tusk|Great Tusk|100/100
|turn|19
|
|t:|1781066213
|move|p1a: Polteageist|Will-O-Wisp|p2a: Great Tusk|[miss]
|-miss|p1a: Polteageist|p2a: Great Tusk
|move|p2a: Great Tusk|Ice Spinner|p1a: Polteageist
|-damage|p1a: Polteageist|0 fnt
|-fieldend|move: Psychic Terrain
|faint|p1a: Polteageist
|
|upkeep
|
|t:|1781066216
|switch|p1a: Indeedee|Indeedee, M|100/100
|-fieldstart|move: Psychic Terrain|[from] ability: Psychic Surge|[of] p1a: Indeedee
|turn|20
|
|t:|1781066230
|-end|p2a: Great Tusk|Protosynthesis|[silent]
|switch|p2a: Kingambit|Kingambit, F|31/100 brn
|-activate|p2a: Kingambit|ability: Supreme Overlord
|-start|p2a: Kingambit|fallen3|[silent]
|move|p1a: Indeedee|Expanding Force|p2a: Kingambit
|-immune|p2a: Kingambit
|
|-heal|p2a: Kingambit|37/100 brn|[from] item: Leftovers
|-damage|p2a: Kingambit|31/100 brn|[from] brn
|upkeep
|turn|21
|
|t:|1781066242
|move|p1a: Indeedee|Dazzling Gleam|p2a: Kingambit
|-damage|p2a: Kingambit|12/100 brn
|move|p2a: Kingambit|Swords Dance|p2a: Kingambit
|-boost|p2a: Kingambit|atk|2
|
|-heal|p2a: Kingambit|19/100 brn|[from] item: Leftovers
|-damage|p2a: Kingambit|12/100 brn|[from] brn
|upkeep
|turn|22
|
|t:|1781066249
|move|p2a: Kingambit|Sucker Punch||[still]
|-fail|p2a: Kingambit
|move|p1a: Indeedee|Encore|p2a: Kingambit
|-start|p2a: Kingambit|Encore
|
|-heal|p2a: Kingambit|19/100 brn|[from] item: Leftovers
|-damage|p2a: Kingambit|12/100 brn|[from] brn
|upkeep
|turn|23
|
|t:|1781066279
|-end|p2a: Kingambit|fallen3|[silent]
|switch|p2a: Kyurem|Kyurem|16/100
|-ability|p2a: Kyurem|Pressure
|move|p1a: Indeedee|Expanding Force|p2a: Kyurem
|-damage|p2a: Kyurem|0 fnt
|faint|p2a: Kyurem
|
|upkeep
|
|t:|1781066289
|switch|p2a: Great Tusk|Great Tusk|100/100
|turn|24
|
|t:|1781066301
|switch|p1a: Hawlucha|Hawlucha, F|100/100
|-enditem|p1a: Hawlucha|Psychic Seed
|-boost|p1a: Hawlucha|spd|1|[from] item: Psychic Seed
|-terastallize|p2a: Great Tusk|Ice
|move|p2a: Great Tusk|Rapid Spin|p1a: Hawlucha
|-damage|p1a: Hawlucha|78/100
|-boost|p2a: Great Tusk|spe|1
|
|upkeep
|turn|25
|
|t:|1781066315
|move|p1a: Hawlucha|Encore|p2a: Great Tusk
|-start|p2a: Great Tusk|Encore
|move|p2a: Great Tusk|Rapid Spin|p1a: Hawlucha
|-damage|p1a: Hawlucha|56/100
|-boost|p2a: Great Tusk|spe|1
|
|upkeep
|turn|26
|inactive|nvtung2901 has 120 seconds left.
|
|t:|1781066333
|-terastallize|p1a: Hawlucha|Steel
|move|p2a: Great Tusk|Rapid Spin|p1a: Hawlucha
|-resisted|p1a: Hawlucha
|-damage|p1a: Hawlucha|44/100
|-boost|p2a: Great Tusk|spe|1
|move|p1a: Hawlucha|Swords Dance|p1a: Hawlucha
|-boost|p1a: Hawlucha|atk|2
|
|upkeep
|turn|27
|
|t:|1781066341
|move|p2a: Great Tusk|Rapid Spin|p1a: Hawlucha
|-resisted|p1a: Hawlucha
|-damage|p1a: Hawlucha|34/100
|-boost|p2a: Great Tusk|spe|1
|move|p1a: Hawlucha|Close Combat|p2a: Great Tusk
|-supereffective|p2a: Great Tusk
|-damage|p2a: Great Tusk|0 fnt
|-unboost|p1a: Hawlucha|def|1
|-unboost|p1a: Hawlucha|spd|1
|faint|p2a: Great Tusk
|-end|p2a: Great Tusk|Protosynthesis|[silent]
|
|-fieldend|move: Psychic Terrain
|upkeep
|
|t:|1781066347
|switch|p2a: Kingambit|Kingambit, F|12/100 brn
|-activate|p2a: Kingambit|ability: Supreme Overlord
|-start|p2a: Kingambit|fallen5|[silent]
|turn|28
|
|t:|1781066361
|move|p2a: Kingambit|Sucker Punch||[still]
|-fail|p2a: Kingambit
|move|p1a: Hawlucha|Encore|p2a: Kingambit
|-start|p2a: Kingambit|Encore
|
|-heal|p2a: Kingambit|19/100 brn|[from] item: Leftovers
|-damage|p2a: Kingambit|12/100 brn|[from] brn
|upkeep
|turn|29
|-message|nvtung2901 forfeited.
|
|win|Mr.X&Y97
|raw|Mr.X&amp;Y97's rating: 1567 &rarr; <strong>1586</strong><br />(+19 for winning)
|raw|nvtung2901's rating: 1548 &rarr; <strong>1529</strong><br />(-19 for losing)
|l|☆nvtung2901
|player|p2|
|l|☆Mr.X&Y97
|player|p1|
|l| Ryaanng
|l| roarcat
