|badge|p2|bronze|gen9randombattle|100-9
|badge|p2|bronze|gen9ubers|100-9
|uhtml|medal-msg|<div class="broadcast-blue">Curious what those medals under the avatar are? PS now has Ladder Seasons! For more information, check out the <a href="https://www.smogon.com/forums/threads/3740067/">thread on Smogon.</a></div>
|j|☆seven-iwnl
|j|☆oddishlover4
|t:|1781329532
|gametype|singles
|player|p1|seven-iwnl|ghetsis|1645
|player|p2|oddishlover4|acetrainerf|1699
|gen|9
|tier|[Gen 9] OU
|rated|
|rule|HP Percentage Mod: HP is shown in percentages
|rule|Endless Battle Clause: Forcing endless battles is banned
|rule|Species Clause: Limit one of each Pokémon
|rule|OHKO Clause: OHKO moves are banned
|rule|Evasion Items Clause: Evasion items are banned
|rule|Evasion Moves Clause: Evasion moves are banned
|rule|Evasion Abilities Clause: Evasion abilities are banned
|rule|Sleep Moves Clause: Sleep-inducing moves are banned
|clearpoke
|poke|p1|Raging Bolt|
|poke|p1|Ribombee, M|
|poke|p1|Gholdengo|
|poke|p1|Great Tusk|
|poke|p1|Ogerpon-Cornerstone, F|
|poke|p1|Ceruledge, F|
|poke|p2|Kyurem|
|poke|p2|Hatterene, F|
|poke|p2|Darkrai|
|poke|p2|Great Tusk|
|poke|p2|Dragonite, F|
|poke|p2|Gholdengo|
|teampreview
|inactive|Battle timer is ON: inactive players will automatically lose when time's up. (requested by seven-iwnl)
|
|t:|1781329551
|teamsize|p1|6
|teamsize|p2|6
|start
|switch|p1a: Ribombee|Ribombee, M, shiny|100/100
|switch|p2a: Boompala|Kyurem|100/100
|-ability|p2a: Boompala|Pressure
|turn|1
|c|☆oddishlover4|gl/hf!
|inactive|oddishlover4 also wants the timer to be on.
|
|t:|1781329556
|switch|p2a: Antifragile|Hatterene, F|100/100
|move|p1a: Ribombee|Skill Swap|p2a: Antifragile
|-activate|p1a: Ribombee|Skill Swap|Magic Bounce|Shield Dust|[of] p2a: Antifragile
|
|upkeep
|turn|2
|inactive|oddishlover4 has 120 seconds left.
|
|t:|1781329587
|move|p1a: Ribombee|Sticky Web|p2a: Antifragile
|-sidestart|p2: oddishlover4|move: Sticky Web
|move|p2a: Antifragile|Psychic Noise|p1a: Ribombee
|-damage|p1a: Ribombee|44/100
|-start|p1a: Ribombee|move: Heal Block
|
|upkeep
|turn|3
|inactive|oddishlover4 has 120 seconds left.
|
|t:|1781329606
|switch|p1a: Gholdengo|Gholdengo, shiny|100/100
|-item|p1a: Gholdengo|Air Balloon
|move|p2a: Antifragile|Draining Kiss|p1a: Gholdengo
|-resisted|p1a: Gholdengo
|-damage|p1a: Gholdengo|87/100
|-enditem|p1a: Gholdengo|Air Balloon
|
|upkeep
|turn|4
|inactive|oddishlover4 has 120 seconds left.
|
|t:|1781329624
|switch|p2a: Perfect Night|Darkrai|100/100
|-activate|p2a: Perfect Night|move: Sticky Web
|-unboost|p2a: Perfect Night|spe|1
|move|p1a: Gholdengo|Nasty Plot|p1a: Gholdengo
|-boost|p1a: Gholdengo|spa|2
|
|upkeep
|turn|5
|
|t:|1781329642
|-terastallize|p1a: Gholdengo|Fairy
|move|p2a: Perfect Night|Dark Pulse|p1a: Gholdengo
|-resisted|p1a: Gholdengo
|-crit|p1a: Gholdengo
|-damage|p1a: Gholdengo|49/100
|move|p1a: Gholdengo|Dazzling Gleam|p2a: Perfect Night
|-supereffective|p2a: Perfect Night
|-damage|p2a: Perfect Night|0 fnt
|faint|p2a: Perfect Night
|
|upkeep
|
|t:|1781329661
|switch|p2a: Bluebeard's Wife|Dragonite, F|100/100
|turn|6
|inactive|oddishlover4 has 90 seconds left.
|
|t:|1781329679
|-terastallize|p2a: Bluebeard's Wife|Fire
|move|p1a: Gholdengo|Dazzling Gleam|p2a: Bluebeard's Wife
|-resisted|p2a: Bluebeard's Wife
|-damage|p2a: Bluebeard's Wife|82/100
|move|p2a: Bluebeard's Wife|Dragon Dance|p2a: Bluebeard's Wife
|-boost|p2a: Bluebeard's Wife|atk|1
|-boost|p2a: Bluebeard's Wife|spe|1
|
|upkeep
|turn|7
|inactive|oddishlover4 has 90 seconds left.
|
|t:|1781329698
|switch|p1a: Great Tusk|Great Tusk, shiny|100/100
|-enditem|p1a: Great Tusk|Booster Energy
|-activate|p1a: Great Tusk|ability: Protosynthesis|[fromitem]
|-start|p1a: Great Tusk|protosynthesisatk
|move|p2a: Bluebeard's Wife|Roost|p2a: Bluebeard's Wife
|-heal|p2a: Bluebeard's Wife|100/100
|
|upkeep
|turn|8
|inactive|oddishlover4 has 90 seconds left.
|
|t:|1781329716
|move|p2a: Bluebeard's Wife|Fire Punch|p1a: Great Tusk
|-damage|p1a: Great Tusk|57/100
|move|p1a: Great Tusk|Rapid Spin|p2a: Bluebeard's Wife
|-damage|p2a: Bluebeard's Wife|90/100
|-boost|p1a: Great Tusk|spe|1
|
|upkeep
|turn|9
|
|t:|1781329735
|switch|p2a: Fearless|Great Tusk|100/100
|-activate|p2a: Fearless|move: Sticky Web
|-unboost|p2a: Fearless|spe|1
|move|p1a: Great Tusk|Headlong Rush|p2a: Fearless
|-damage|p2a: Fearless|56/100
|-unboost|p1a: Great Tusk|def|1
|-unboost|p1a: Great Tusk|spd|1
|
|-heal|p2a: Fearless|63/100|[from] item: Leftovers
|upkeep
|turn|10
|
|t:|1781329753
|-end|p1a: Great Tusk|Protosynthesis|[silent]
|switch|p1a: Ceruledge|Ceruledge, F, shiny|100/100
|move|p2a: Fearless|Rapid Spin|p1a: Ceruledge
|-immune|p1a: Ceruledge
|
|-heal|p2a: Fearless|69/100|[from] item: Leftovers
|upkeep
|turn|11
|
|t:|1781329771
|move|p1a: Ceruledge|Swords Dance|p1a: Ceruledge
|-boost|p1a: Ceruledge|atk|2
|move|p2a: Fearless|Headlong Rush|p1a: Ceruledge
|-supereffective|p1a: Ceruledge
|-enditem|p1a: Ceruledge|Focus Sash
|-damage|p1a: Ceruledge|1/100
|-unboost|p2a: Fearless|def|1
|-unboost|p2a: Fearless|spd|1
|-ability|p1a: Ceruledge|Weak Armor|boost
|-unboost|p1a: Ceruledge|def|1
|-boost|p1a: Ceruledge|spe|2
|
|-heal|p2a: Fearless|75/100|[from] item: Leftovers
|upkeep
|turn|12
|inactive|oddishlover4 has 60 seconds left.
|
|t:|1781329789
|move|p1a: Ceruledge|Poltergeist|p2a: Fearless
|-activate|p2a: Fearless|move: Poltergeist|Leftovers
|-damage|p2a: Fearless|0 fnt
|faint|p2a: Fearless
|-end|p2a: Fearless|Protosynthesis|[silent]
|
|upkeep
|inactive|oddishlover4 has 60 seconds left.
|
|t:|1781329807
|switch|p2a: Boompala|Kyurem|100/100
|-activate|p2a: Boompala|move: Sticky Web
|-unboost|p2a: Boompala|spe|1
|-ability|p2a: Boompala|Pressure
|turn|13
|
|t:|1781329825
|move|p1a: Ceruledge|Close Combat|p2a: Boompala
|-supereffective|p2a: Boompala
|-damage|p2a: Boompala|0 fnt
|-unboost|p1a: Ceruledge|def|1
|-unboost|p1a: Ceruledge|spd|1
|faint|p2a: Boompala
|
|upkeep
|
|t:|1781329834
|switch|p2a: Antifragile|Hatterene, F|100/100
|-activate|p2a: Antifragile|move: Sticky Web
|-unboost|p2a: Antifragile|spe|1
|turn|14
|
|t:|1781329842
|move|p1a: Ceruledge|Poltergeist|p2a: Antifragile
|-activate|p2a: Antifragile|move: Poltergeist|Rocky Helmet
|-supereffective|p2a: Antifragile
|-damage|p2a: Antifragile|0 fnt
|faint|p2a: Antifragile
|
|upkeep
|
|t:|1781329849
|switch|p2a: Bluebeard's Wife|Dragonite, F, tera:Fire|90/100
|turn|15
|
|t:|1781329859
|move|p1a: Ceruledge|Poltergeist|p2a: Bluebeard's Wife
|-activate|p2a: Bluebeard's Wife|move: Poltergeist|Heavy-Duty Boots
|-damage|p2a: Bluebeard's Wife|0 fnt
|faint|p2a: Bluebeard's Wife
|
|upkeep
|
|t:|1781329863
|switch|p2a: Celebration|Gholdengo|100/100
|-activate|p2a: Celebration|move: Sticky Web
|-unboost|p2a: Celebration|spe|1
|turn|16
|
|t:|1781329870
|move|p1a: Ceruledge|Poltergeist|p2a: Celebration
|-activate|p2a: Celebration|move: Poltergeist|Custap Berry
|-supereffective|p2a: Celebration
|-damage|p2a: Celebration|0 fnt
|faint|p2a: Celebration
|
|win|seven-iwnl
|raw|seven-iwnl's rating: 1645 &rarr; <strong>1668</strong><br />(+23 for winning)
|raw|oddishlover4's rating: 1699 &rarr; <strong>1676</strong><br />(-23 for losing)
|c|☆oddishlover4|GG!
|c|☆seven-iwnl|shit on
|l|☆seven-iwnl
|player|p1|
