|j|☆BlackStar150520
|j|☆Auburn Hills
|t:|1781388732
|gametype|singles
|player|p1|BlackStar150520|unknown|1725
|player|p2|Auburn Hills|alder|1791
|gen|9
|tier|[Gen 9] OU
|rated|
|rule|HP Percentage Mod: HP is shown in percentages
|rule|Endless Battle Clause: Forcing endless battles is banned
|rule|Species Clause: Limit one of each Pokémon
|rule|OHKO Clause: OHKO moves are banned
|rule|Evasion Items Clause: Evasion items are banned
|rule|Evasion Moves Clause: Evasion moves are banned
|rule|Evasion Abilities Clause: Evasion abilities are banned
|rule|Sleep Moves Clause: Sleep-inducing moves are banned
|clearpoke
|poke|p1|Kingambit, F|
|poke|p1|Iron Valiant|
|poke|p1|Cinderace, F|
|poke|p1|Raging Bolt|
|poke|p1|Ogerpon-Wellspring, F|
|poke|p1|Garchomp, M|
|poke|p2|Iron Moth|
|poke|p2|Umbreon, M|
|poke|p2|Garchomp, M|
|poke|p2|Glimmora, M|
|poke|p2|Gholdengo|
|poke|p2|Dragonite, M|
|teampreview
|inactive|Battle timer is ON: inactive players will automatically lose when time's up. (requested by BlackStar150520)
|j| Greeks been me
|
|t:|1781388736
|teamsize|p1|6
|teamsize|p2|6
|start
|switch|p1a: 🦈|Garchomp, M, shiny|100/100
|switch|p2a: Glimmora|Glimmora, M|100/100
|turn|1
|
|t:|1781388762
|move|p1a: 🦈|Earthquake|p2a: Glimmora
|-supereffective|p2a: Glimmora
|-enditem|p2a: Glimmora|Focus Sash
|-damage|p2a: Glimmora|1/100
|-activate|p2a: Glimmora|ability: Toxic Debris
|-sidestart|p1: BlackStar150520|move: Toxic Spikes
|-damage|p1a: 🦈|91/100|[from] item: Life Orb
|move|p2a: Glimmora|Earth Power|p1a: 🦈
|-damage|p1a: 🦈|55/100
|-unboost|p1a: 🦈|spd|1
|
|upkeep
|turn|2
|
|t:|1781388767
|move|p1a: 🦈|Earthquake|p2a: Glimmora
|-supereffective|p2a: Glimmora
|-damage|p2a: Glimmora|0 fnt
|-activate|p2a: Glimmora|ability: Toxic Debris
|-sidestart|p1: BlackStar150520|move: Toxic Spikes
|faint|p2a: Glimmora
|-damage|p1a: 🦈|45/100|[from] item: Life Orb
|
|upkeep
|
|t:|1781388770
|switch|p2a: Rat Tally|Garchomp, M|100/100
|turn|3
|
|t:|1781388773
|move|p2a: Rat Tally|Scale Shot|p1a: 🦈
|-supereffective|p1a: 🦈
|-crit|p1a: 🦈
|-damage|p1a: 🦈|8/100
|-supereffective|p1a: 🦈
|-damage|p1a: 🦈|0 fnt
|faint|p1a: 🦈
|-hitcount|p1: 🦈|2
|-unboost|p2a: Rat Tally|def|1
|-boost|p2a: Rat Tally|spe|1
|
|upkeep
|
|t:|1781388803
|switch|p1a: BunnyGirlSenpai|Cinderace, F|100/100
|turn|4
|
|t:|1781388809
|-terastallize|p1a: BunnyGirlSenpai|Ghost
|move|p2a: Rat Tally|Earthquake|p1a: BunnyGirlSenpai
|-damage|p1a: BunnyGirlSenpai|32/100
|move|p1a: BunnyGirlSenpai|Court Change|p1a: BunnyGirlSenpai
|-swapsideconditions
|-activate|p1a: BunnyGirlSenpai|move: Court Change
|
|upkeep
|turn|5
|
|t:|1781388814
|switch|p1a: Hero|Iron Valiant|100/100
|-enditem|p1a: Hero|Booster Energy
|-activate|p1a: Hero|ability: Quark Drive|[fromitem]
|-start|p1a: Hero|quarkdrivespe
|move|p2a: Rat Tally|Scale Shot|p1a: Hero
|-immune|p1a: Hero
|
|upkeep
|turn|6
|
|t:|1781388818
|switch|p2a: Carly Rae|Iron Moth|100/100
|-sideend|p2: Auburn Hills|move: Toxic Spikes|[of] p2a: Carly Rae
|-enditem|p2a: Carly Rae|Booster Energy
|-activate|p2a: Carly Rae|ability: Quark Drive|[fromitem]
|-start|p2a: Carly Rae|quarkdrivespe
|move|p1a: Hero|Moonblast|p2a: Carly Rae
|-resisted|p2a: Carly Rae
|-damage|p2a: Carly Rae|89/100
|-unboost|p2a: Carly Rae|spa|1
|
|upkeep
|turn|7
|
|t:|1781388822
|move|p1a: Hero|Psyshock|p2a: Carly Rae
|-supereffective|p2a: Carly Rae
|-damage|p2a: Carly Rae|12/100
|move|p2a: Carly Rae|Fiery Dance|p1a: Hero
|-damage|p1a: Hero|50/100
|
|upkeep
|turn|8
|
|t:|1781388829
|move|p1a: Hero|Psyshock|p2a: Carly Rae
|-supereffective|p2a: Carly Rae
|-damage|p2a: Carly Rae|0 fnt
|faint|p2a: Carly Rae
|-end|p2a: Carly Rae|Quark Drive|[silent]
|
|upkeep
|
|t:|1781388831
|switch|p2a: Elucid|Dragonite, M|100/100
|turn|9
|
|t:|1781388834
|-end|p1a: Hero|Quark Drive|[silent]
|switch|p1a: BunnyGirlSenpai|Cinderace, F, tera:Ghost|32/100
|move|p2a: Elucid|Dragon Dance|p2a: Elucid
|-boost|p2a: Elucid|atk|1
|-boost|p2a: Elucid|spe|1
|
|upkeep
|turn|10
|
|t:|1781388837
|move|p2a: Elucid|Earthquake|p1a: BunnyGirlSenpai
|-damage|p1a: BunnyGirlSenpai|0 fnt
|faint|p1a: BunnyGirlSenpai
|
|upkeep
|
|t:|1781388839
|switch|p1a: 🎭|Ogerpon-Wellspring, F|100/100
|turn|11
|
|t:|1781388842
|move|p2a: Elucid|Ice Spinner|p1a: 🎭
|-damage|p1a: 🎭|37/100
|move|p1a: 🎭|Encore|p2a: Elucid
|-start|p2a: Elucid|Encore
|
|upkeep
|turn|12
|
|t:|1781388846
|switch|p1a: Aizen🗡️|Kingambit, F, shiny|100/100
|-activate|p1a: Aizen🗡️|ability: Supreme Overlord
|-start|p1a: Aizen🗡️|fallen2|[silent]
|move|p2a: Elucid|Ice Spinner|p1a: Aizen🗡️
|-resisted|p1a: Aizen🗡️
|-damage|p1a: Aizen🗡️|82/100
|
|-heal|p1a: Aizen🗡️|88/100|[from] item: Leftovers
|upkeep
|turn|13
|
|t:|1781388850
|switch|p2a: Smino|Gholdengo|100/100
|move|p1a: Aizen🗡️|Iron Head|p2a: Smino
|-resisted|p2a: Smino
|-damage|p2a: Smino|69/100
|
|-heal|p1a: Aizen🗡️|94/100|[from] item: Leftovers
|upkeep
|turn|14
|
|t:|1781388856
|-end|p1a: Aizen🗡️|fallen2|[silent]
|switch|p1a: Hero|Iron Valiant|50/100
|move|p2a: Smino|Trick|p1a: Hero
|-activate|p2a: Smino|move: Trick|[of] p1a: Hero
|-item|p1a: Hero|Choice Scarf|[from] move: Trick
|-enditem|p2a: Smino|Choice Scarf|[silent]|[from] move: Trick
|
|upkeep
|turn|15
|
|t:|1781388863
|move|p1a: Hero|Shadow Ball|p2a: Smino
|-supereffective|p2a: Smino
|-damage|p2a: Smino|1/100
|move|p2a: Smino|Shadow Ball|p1a: Hero
|-damage|p1a: Hero|0 fnt
|faint|p1a: Hero
|-end|p1a: Hero|Quark Drive|[silent]
|
|upkeep
|
|t:|1781388868
|switch|p1a: 🎭|Ogerpon-Wellspring, F|37/100
|turn|16
|
|t:|1781388872
|move|p1a: 🎭|Ivy Cudgel|p2a: Smino|[anim] Ivy Cudgel Water
|-crit|p2a: Smino
|-damage|p2a: Smino|0 fnt
|faint|p2a: Smino
|
|upkeep
|
|t:|1781388874
|switch|p2a: Elucid|Dragonite, M|100/100
|turn|17
|
|t:|1781388879
|move|p1a: 🎭|Knock Off|p2a: Elucid
|-damage|p2a: Elucid|79/100
|-enditem|p2a: Elucid|Heavy-Duty Boots|[from] move: Knock Off|[of] p1a: 🎭
|move|p2a: Elucid|Dragon Dance|p2a: Elucid
|-boost|p2a: Elucid|atk|1
|-boost|p2a: Elucid|spe|1
|
|upkeep
|turn|18
|
|t:|1781388883
|move|p2a: Elucid|Extreme Speed|p1a: 🎭
|-damage|p1a: 🎭|0 fnt
|faint|p1a: 🎭
|
|upkeep
|
|t:|1781388889
|switch|p1a: ⚡️|Raging Bolt|100/100
|turn|19
|
|t:|1781388893
|move|p2a: Elucid|Earthquake|p1a: ⚡️
|-supereffective|p1a: ⚡️
|-damage|p1a: ⚡️|0 fnt
|faint|p1a: ⚡️
|-end|p1a: ⚡️|Protosynthesis|[silent]
|
|upkeep
|-message|BlackStar150520 forfeited.
|
|win|Auburn Hills
|raw|BlackStar150520's rating: 1725 &rarr; <strong>1709</strong><br />(-16 for losing)
|raw|Auburn Hills's rating: 1791 &rarr; <strong>1807</strong><br />(+16 for winning)
|l|☆BlackStar150520
|player|p1|
|l|☆Auburn Hills
|player|p2|
|l| Greeks been me
