|j|☆KurisuChestnutLab
|j|‽LT_Alt1
|t:|1781151378
|gametype|singles
|player|p1|KurisuChestnutLab|may-contest|1611
|player|p2|LT_Alt1|266|1641
|gen|9
|tier|[Gen 9] OU
|rated|
|rule|HP Percentage Mod: HP is shown in percentages
|rule|Endless Battle Clause: Forcing endless battles is banned
|rule|Species Clause: Limit one of each Pokémon
|rule|OHKO Clause: OHKO moves are banned
|rule|Evasion Items Clause: Evasion items are banned
|rule|Evasion Moves Clause: Evasion moves are banned
|rule|Evasion Abilities Clause: Evasion abilities are banned
|rule|Sleep Moves Clause: Sleep-inducing moves are banned
|clearpoke
|poke|p1|Primarina, M|
|poke|p1|Hippowdon, F|
|poke|p1|Skarmory, M|
|poke|p1|Zapdos|
|poke|p1|Dragonite, M|
|poke|p1|Slowking, M|
|poke|p2|Kyurem|
|poke|p2|Raging Bolt|
|poke|p2|Hatterene, F|
|poke|p2|Slowking-Galar, F|
|poke|p2|Ting-Lu|
|poke|p2|Corviknight, M|
|teampreview
|inactive|Battle timer is ON: inactive players will automatically lose when time's up. (requested by KurisuChestnutLab)
|
|t:|1781151413
|teamsize|p1|6
|teamsize|p2|6
|start
|switch|p1a: Primarina|Primarina, M|100/100
|switch|p2a: Raging Bolt|Raging Bolt|100/100
|turn|1
|
|t:|1781151420
|switch|p1a: Hippowdon|Hippowdon, F|100/100
|-weather|Sandstorm|[from] ability: Sand Stream|[of] p1a: Hippowdon
|move|p2a: Raging Bolt|Volt Switch|p1a: Hippowdon
|-immune|p1a: Hippowdon
|
|-weather|Sandstorm|[upkeep]
|-damage|p2a: Raging Bolt|94/100|[from] Sandstorm
|upkeep
|turn|2
|
|t:|1781151424
|move|p2a: Raging Bolt|Draco Meteor|p1a: Hippowdon
|-damage|p1a: Hippowdon|25/100
|-unboost|p2a: Raging Bolt|spa|2
|move|p1a: Hippowdon|Earthquake|p2a: Raging Bolt
|-supereffective|p2a: Raging Bolt
|-damage|p2a: Raging Bolt|37/100
|
|-weather|Sandstorm|[upkeep]
|-damage|p2a: Raging Bolt|31/100|[from] Sandstorm
|-heal|p1a: Hippowdon|31/100|[from] item: Leftovers
|upkeep
|turn|3
|
|t:|1781151430
|-terastallize|p1a: Hippowdon|Steel
|move|p2a: Raging Bolt|Volt Switch|p1a: Hippowdon
|-damage|p1a: Hippowdon|9/100
|
|t:|1781151447
|-end|p2a: Raging Bolt|Protosynthesis|[silent]
|switch|p2a: Slowking|Slowking-Galar, F|100/100|[from] Volt Switch
|move|p1a: Hippowdon|Stealth Rock|p2a: Slowking
|-sidestart|p2: LT_Alt1|move: Stealth Rock
|
|-weather|Sandstorm|[upkeep]
|-damage|p2a: Slowking|94/100|[from] Sandstorm
|-heal|p1a: Hippowdon|15/100|[from] item: Leftovers
|upkeep
|turn|4
|
|t:|1781151453
|move|p1a: Hippowdon|Slack Off|p1a: Hippowdon
|-heal|p1a: Hippowdon|65/100
|move|p2a: Slowking|Flamethrower|p1a: Hippowdon
|-supereffective|p1a: Hippowdon
|-damage|p1a: Hippowdon|13/100
|
|-weather|Sandstorm|[upkeep]
|-damage|p2a: Slowking|88/100|[from] Sandstorm
|-heal|p1a: Hippowdon|20/100|[from] item: Leftovers
|upkeep
|turn|5
|
|t:|1781151460
|move|p1a: Hippowdon|Slack Off|p1a: Hippowdon
|-heal|p1a: Hippowdon|70/100
|move|p2a: Slowking|Flamethrower|p1a: Hippowdon
|-supereffective|p1a: Hippowdon
|-damage|p1a: Hippowdon|26/100
|
|-weather|none
|-heal|p1a: Hippowdon|32/100|[from] item: Leftovers
|upkeep
|turn|6
|
|t:|1781151466
|move|p1a: Hippowdon|Slack Off|p1a: Hippowdon
|-heal|p1a: Hippowdon|82/100
|move|p2a: Slowking|Flamethrower|p1a: Hippowdon
|-supereffective|p1a: Hippowdon
|-damage|p1a: Hippowdon|30/100
|
|-heal|p1a: Hippowdon|37/100|[from] item: Leftovers
|upkeep
|turn|7
|
|t:|1781151470
|move|p1a: Hippowdon|Earthquake|p2a: Slowking
|-supereffective|p2a: Slowking
|-enditem|p2a: Slowking|Shuca Berry|[eat]
|-enditem|p2a: Slowking|Shuca Berry|[weaken]
|-damage|p2a: Slowking|58/100
|move|p2a: Slowking|Flamethrower|p1a: Hippowdon
|-supereffective|p1a: Hippowdon
|-damage|p1a: Hippowdon|0 fnt
|faint|p1a: Hippowdon
|
|upkeep
|
|t:|1781151474
|switch|p1a: Primarina|Primarina, M|100/100
|turn|8
|
|t:|1781151478
|move|p1a: Primarina|Surf|p2a: Slowking
|-damage|p2a: Slowking|23/100
|move|p2a: Slowking|Sludge Bomb|p1a: Primarina
|-supereffective|p1a: Primarina
|-damage|p1a: Primarina|61/100
|
|upkeep
|turn|9
|
|t:|1781151483
|switch|p2a: Raging Bolt|Raging Bolt|31/100
|-damage|p2a: Raging Bolt|19/100|[from] Stealth Rock
|move|p1a: Primarina|Surf|p2a: Raging Bolt
|-resisted|p2a: Raging Bolt
|-damage|p2a: Raging Bolt|4/100
|
|upkeep
|turn|10
|
|t:|1781151490
|switch|p1a: Dragonite|Dragonite, M|100/100
|move|p2a: Raging Bolt|Thunderbolt|p1a: Dragonite
|-damage|p1a: Dragonite|71/100
|
|upkeep
|turn|11
|
|t:|1781151493
|-end|p2a: Raging Bolt|Protosynthesis|[silent]
|switch|p2a: Corviknight|Corviknight, M|100/100
|-damage|p2a: Corviknight|88/100|[from] Stealth Rock
|-ability|p2a: Corviknight|Pressure
|move|p1a: Dragonite|Extreme Speed|p2a: Corviknight
|-resisted|p2a: Corviknight
|-damage|p2a: Corviknight|79/100
|-damage|p1a: Dragonite|55/100|[from] item: Rocky Helmet|[of] p2a: Corviknight
|
|upkeep
|turn|12
|
|t:|1781151500
|switch|p1a: Skarmory|Skarmory, M|100/100
|move|p2a: Corviknight|Defog|p1a: Skarmory
|-unboost|p1a: Skarmory|evasion|1
|-sideend|p2: LT_Alt1|Stealth Rock|[from] move: Defog|[of] p2a: Corviknight
|
|upkeep
|turn|13
|
|t:|1781151504
|switch|p2a: Hatterene|Hatterene, F|100/100
|move|p1a: Skarmory|Spikes|p2a: Hatterene
|move|p2a: Hatterene|Spikes|p1a: Skarmory|[from] ability: Magic Bounce
|-sidestart|p1: KurisuChestnutLab|Spikes
|
|upkeep
|turn|14
|
|t:|1781151510
|move|p1a: Skarmory|Iron Head|p2a: Hatterene
|-supereffective|p2a: Hatterene
|-damage|p2a: Hatterene|58/100
|move|p2a: Hatterene|Nuzzle|p1a: Skarmory
|-supereffective|p1a: Skarmory
|-damage|p1a: Skarmory|96/100
|-status|p1a: Skarmory|par
|
|-heal|p2a: Hatterene|64/100|[from] item: Leftovers
|-heal|p1a: Skarmory|100/100 par|[from] item: Leftovers
|upkeep
|turn|15
|
|t:|1781151516
|move|p2a: Hatterene|Pain Split|p1a: Skarmory
|-sethp|p1a: Skarmory|81/100 par|[from] move: Pain Split|[silent]
|-sethp|p2a: Hatterene|85/100|[from] move: Pain Split
|move|p1a: Skarmory|Iron Head|p2a: Hatterene
|-supereffective|p2a: Hatterene
|-damage|p2a: Hatterene|43/100
|
|-heal|p2a: Hatterene|49/100|[from] item: Leftovers
|-heal|p1a: Skarmory|87/100 par|[from] item: Leftovers
|upkeep
|turn|16
|
|t:|1781151520
|move|p2a: Hatterene|Pain Split|p1a: Skarmory
|-sethp|p1a: Skarmory|67/100 par|[from] move: Pain Split|[silent]
|-sethp|p2a: Hatterene|70/100|[from] move: Pain Split
|move|p1a: Skarmory|Iron Head|p2a: Hatterene
|-supereffective|p2a: Hatterene
|-damage|p2a: Hatterene|24/100
|
|-heal|p2a: Hatterene|30/100|[from] item: Leftovers
|-heal|p1a: Skarmory|73/100 par|[from] item: Leftovers
|upkeep
|turn|17
|
|t:|1781151528
|move|p2a: Hatterene|Pain Split|p1a: Skarmory
|-sethp|p1a: Skarmory|50/100 par|[from] move: Pain Split|[silent]
|-sethp|p2a: Hatterene|53/100|[from] move: Pain Split
|move|p1a: Skarmory|Body Press|p2a: Hatterene
|-resisted|p2a: Hatterene
|-damage|p2a: Hatterene|45/100
|
|-heal|p2a: Hatterene|51/100|[from] item: Leftovers
|-heal|p1a: Skarmory|56/100 par|[from] item: Leftovers
|upkeep
|turn|18
|
|t:|1781151541
|switch|p2a: Slowking|Slowking-Galar, F|57/100
|move|p1a: Skarmory|Iron Head|p2a: Slowking
|-damage|p2a: Slowking|36/100
|
|-heal|p1a: Skarmory|62/100 par|[from] item: Leftovers
|upkeep
|turn|19
|
|t:|1781151545
|move|p1a: Skarmory|Iron Head|p2a: Slowking
|-damage|p2a: Slowking|17/100
|move|p2a: Slowking|Flamethrower|p1a: Skarmory
|-supereffective|p1a: Skarmory
|-damage|p1a: Skarmory|3/100 par
|
|-heal|p1a: Skarmory|9/100 par|[from] item: Leftovers
|upkeep
|turn|20
|
|t:|1781151551
|switch|p2a: Corviknight|Corviknight, M|79/100
|-ability|p2a: Corviknight|Pressure
|cant|p1a: Skarmory|par
|
|-heal|p1a: Skarmory|15/100 par|[from] item: Leftovers
|upkeep
|turn|21
|
|t:|1781151558
|switch|p2a: Raging Bolt|Raging Bolt|4/100
|cant|p1a: Skarmory|par
|
|-heal|p1a: Skarmory|21/100 par|[from] item: Leftovers
|upkeep
|turn|22
|
|t:|1781151562
|move|p2a: Raging Bolt|Volt Switch|p1a: Skarmory
|-supereffective|p1a: Skarmory
|-damage|p1a: Skarmory|0 fnt
|faint|p1a: Skarmory
|
|t:|1781151567
|-end|p2a: Raging Bolt|Protosynthesis|[silent]
|switch|p2a: Slowking|Slowking-Galar, F|50/100|[from] Volt Switch
|
|upkeep
|
|t:|1781151571
|switch|p1a: Primarina|Primarina, M|61/100
|-damage|p1a: Primarina|49/100|[from] Spikes
|turn|23
|
|t:|1781151578
|move|p1a: Primarina|Surf|p2a: Slowking
|-damage|p2a: Slowking|19/100
|move|p2a: Slowking|Sludge Bomb|p1a: Primarina
|-supereffective|p1a: Primarina
|-damage|p1a: Primarina|10/100
|
|upkeep
|turn|24
|
|t:|1781151583
|switch|p1a: Zapdos|Zapdos|100/100
|switch|p2a: Raging Bolt|Raging Bolt|4/100
|
|upkeep
|turn|25
|
|t:|1781151589
|move|p2a: Raging Bolt|Thunderclap|p1a: Zapdos
|-damage|p1a: Zapdos|60/100
|move|p1a: Zapdos|Volt Switch|p2a: Raging Bolt
|-resisted|p2a: Raging Bolt
|-damage|p2a: Raging Bolt|0 fnt
|faint|p2a: Raging Bolt
|-end|p2a: Raging Bolt|Protosynthesis|[silent]
|
|t:|1781151597
|switch|p1a: Slowking|Slowking, M|100/100|[from] Volt Switch
|
|upkeep
|
|t:|1781151606
|switch|p2a: Slowking|Slowking-Galar, F|52/100
|turn|26
|
|t:|1781151611
|move|p1a: Slowking|Future Sight|p2a: Slowking
|-start|p1a: Slowking|move: Future Sight
|move|p2a: Slowking|Future Sight|p1a: Slowking
|-start|p2a: Slowking|move: Future Sight
|
|upkeep
|turn|27
|
|t:|1781151615
|move|p1a: Slowking|Scald|p2a: Slowking
|-damage|p2a: Slowking|33/100
|-prepare|p2a: Slowking|Chilly Reception|[premajor]
|move|p2a: Slowking|Chilly Reception|p2a: Slowking
|-weather|Snowscape
|
|t:|1781151623
|switch|p2a: Hatterene|Hatterene, F|51/100|[from] Chilly Reception
|
|-weather|Snowscape|[upkeep]
|-heal|p2a: Hatterene|57/100|[from] item: Leftovers
|upkeep
|turn|28
|
|t:|1781151631
|move|p1a: Slowking|Scald|p2a: Hatterene
|-damage|p2a: Hatterene|30/100
|move|p2a: Hatterene|Nuzzle|p1a: Slowking
|-supereffective|p1a: Slowking
|-damage|p1a: Slowking|93/100
|-status|p1a: Slowking|par
|
|-weather|Snowscape|[upkeep]
|-end|p2a: Hatterene|move: Future Sight
|-resisted|p2a: Hatterene
|-damage|p2a: Hatterene|11/100
|-end|p1a: Slowking|move: Future Sight
|-resisted|p1a: Slowking
|-damage|p1a: Slowking|80/100 par
|-heal|p2a: Hatterene|17/100|[from] item: Leftovers
|upkeep
|turn|29
|
|t:|1781151637
|move|p2a: Hatterene|Pain Split|p1a: Slowking
|-sethp|p1a: Slowking|47/100 par|[from] move: Pain Split|[silent]
|-sethp|p2a: Hatterene|58/100|[from] move: Pain Split
|move|p1a: Slowking|Scald|p2a: Hatterene
|-damage|p2a: Hatterene|35/100
|
|-weather|Snowscape|[upkeep]
|-heal|p2a: Hatterene|41/100|[from] item: Leftovers
|upkeep
|turn|30
|
|t:|1781151645
|move|p2a: Hatterene|Dazzling Gleam|p1a: Slowking
|-damage|p1a: Slowking|27/100 par
|move|p1a: Slowking|Scald|p2a: Hatterene
|-crit|p2a: Hatterene
|-damage|p2a: Hatterene|6/100
|-status|p2a: Hatterene|brn
|
|-weather|Snowscape|[upkeep]
|-heal|p2a: Hatterene|12/100 brn|[from] item: Leftovers
|-damage|p2a: Hatterene|6/100 brn|[from] brn
|upkeep
|turn|31
|
|t:|1781151652
|move|p2a: Hatterene|Dazzling Gleam|p1a: Slowking
|-damage|p1a: Slowking|6/100 par
|move|p1a: Slowking|Slack Off|p1a: Slowking
|-heal|p1a: Slowking|56/100 par
|
|-weather|none
|-heal|p2a: Hatterene|12/100 brn|[from] item: Leftovers
|-damage|p2a: Hatterene|6/100 brn|[from] brn
|upkeep
|turn|32
|
|t:|1781151656
|move|p2a: Hatterene|Pain Split|p1a: Slowking
|-sethp|p1a: Slowking|30/100 par|[from] move: Pain Split|[silent]
|-sethp|p2a: Hatterene|37/100 brn|[from] move: Pain Split
|move|p1a: Slowking|Scald|p2a: Hatterene
|-crit|p2a: Hatterene
|-damage|p2a: Hatterene|0 fnt
|faint|p2a: Hatterene
|
|upkeep
|
|t:|1781151662
|switch|p2a: Kyurem|Kyurem|100/100
|-ability|p2a: Kyurem|Pressure
|turn|33
|
|t:|1781151666
|move|p2a: Kyurem|Freeze-Dry|p1a: Slowking
|-supereffective|p1a: Slowking
|-damage|p1a: Slowking|0 fnt
|faint|p1a: Slowking
|
|upkeep
|
|t:|1781151669
|switch|p1a: Dragonite|Dragonite, M|55/100
|turn|34
|
|t:|1781151673
|move|p2a: Kyurem|Freeze-Dry|p1a: Dragonite
|-supereffective|p1a: Dragonite
|-damage|p1a: Dragonite|0 fnt
|faint|p1a: Dragonite
|
|upkeep
|
|t:|1781151680
|switch|p1a: Zapdos|Zapdos|60/100
|turn|35
|
|t:|1781151687
|switch|p1a: Primarina|Primarina, M|10/100
|-damage|p1a: Primarina|0 fnt|[from] Spikes
|faint|p1a: Primarina
|move|p2a: Kyurem|Freeze-Dry|p1: Primarina|[notarget]
|-fail|p2a: Kyurem
|
|upkeep
|
|t:|1781151690
|switch|p1a: Zapdos|Zapdos|60/100
|turn|36
|
|t:|1781151693
|move|p2a: Kyurem|Freeze-Dry|p1a: Zapdos
|-supereffective|p1a: Zapdos
|-damage|p1a: Zapdos|0 fnt
|faint|p1a: Zapdos
|
|win|LT_Alt1
|raw|KurisuChestnutLab's rating: 1611 &rarr; <strong>1593</strong><br />(-18 for losing)
|raw|LT_Alt1's rating: 1641 &rarr; <strong>1659</strong><br />(+18 for winning)
|l|☆KurisuChestnutLab
|player|p1|
