|j|☆LlamaRat
|j|☆bongzongweedluvr
|t:|1781199780
|gametype|singles
|player|p1|LlamaRat|169|1655
|player|p2|bongzongweedluvr|265|1673
|gen|9
|tier|[Gen 9] OU
|rated|
|rule|HP Percentage Mod: HP is shown in percentages
|rule|Endless Battle Clause: Forcing endless battles is banned
|rule|Species Clause: Limit one of each Pokémon
|rule|OHKO Clause: OHKO moves are banned
|rule|Evasion Items Clause: Evasion items are banned
|rule|Evasion Moves Clause: Evasion moves are banned
|rule|Evasion Abilities Clause: Evasion abilities are banned
|rule|Sleep Moves Clause: Sleep-inducing moves are banned
|clearpoke
|poke|p1|Weavile, F|
|poke|p1|Iron Treads|
|poke|p1|Kommo-o, M|
|poke|p1|Ogerpon-Wellspring, F|
|poke|p1|Kyurem|
|poke|p1|Revavroom, M|
|poke|p2|Greninja-*, M|
|poke|p2|Glimmora, M|
|poke|p2|Garchomp, M|
|poke|p2|Iron Valiant|
|poke|p2|Ceruledge, F|
|poke|p2|Kingambit, M|
|teampreview
|inactive|Battle timer is ON: inactive players will automatically lose when time's up. (requested by bongzongweedluvr)
|j| kopkwepd
|inactive|LlamaRat has 120 seconds left.
|inactive|LlamaRat has 90 seconds left.
|
|t:|1781199869
|teamsize|p1|6
|teamsize|p2|6
|start
|switch|p1a: Iron Treads|Iron Treads|100/100
|switch|p2a: Iron Valiant|Iron Valiant|100/100
|-enditem|p2a: Iron Valiant|Booster Energy
|-activate|p2a: Iron Valiant|ability: Quark Drive|[fromitem]
|-start|p2a: Iron Valiant|quarkdrivespe
|-enditem|p1a: Iron Treads|Booster Energy
|-activate|p1a: Iron Treads|ability: Quark Drive|[fromitem]
|-start|p1a: Iron Treads|quarkdrivespe
|turn|1
|inactive|LlamaRat has 120 seconds left.
|inactive|LlamaRat has 90 seconds left.
|
|t:|1781199922
|move|p2a: Iron Valiant|Shadow Ball|p1a: Iron Treads
|-crit|p1a: Iron Treads
|-damage|p1a: Iron Treads|54/100
|move|p1a: Iron Treads|Stealth Rock|p2a: Iron Valiant
|-sidestart|p2: bongzongweedluvr|move: Stealth Rock
|
|upkeep
|turn|2
|
|t:|1781199927
|move|p2a: Iron Valiant|Encore|p1a: Iron Treads
|-start|p1a: Iron Treads|Encore
|move|p1a: Iron Treads|Stealth Rock||[still]
|-fail|p1a: Iron Treads
|
|upkeep
|turn|3
|
|t:|1781199932
|-end|p1a: Iron Treads|Quark Drive|[silent]
|switch|p1a: Revavroom|Revavroom, M|100/100
|-item|p1a: Revavroom|Air Balloon
|move|p2a: Iron Valiant|Calm Mind|p2a: Iron Valiant
|-boost|p2a: Iron Valiant|spa|1
|-boost|p2a: Iron Valiant|spd|1
|
|upkeep
|turn|4
|
|t:|1781199945
|-terastallize|p2a: Iron Valiant|Ghost
|move|p2a: Iron Valiant|Shadow Ball|p1a: Revavroom
|-damage|p1a: Revavroom|7/100
|-unboost|p1a: Revavroom|spd|1
|-enditem|p1a: Revavroom|Air Balloon
|move|p1a: Revavroom|Shift Gear|p1a: Revavroom
|-boost|p1a: Revavroom|spe|2
|-boost|p1a: Revavroom|atk|1
|
|upkeep
|turn|5
|
|t:|1781199957
|move|p1a: Revavroom|High Horsepower|p2a: Iron Valiant
|-damage|p2a: Iron Valiant|32/100
|move|p2a: Iron Valiant|Shadow Ball|p1a: Revavroom
|-damage|p1a: Revavroom|0 fnt
|faint|p1a: Revavroom
|
|upkeep
|
|t:|1781199963
|switch|p1a: Iron Treads|Iron Treads|54/100
|turn|6
|
|t:|1781199965
|move|p2a: Iron Valiant|Shadow Ball|p1a: Iron Treads
|-damage|p1a: Iron Treads|0 fnt
|faint|p1a: Iron Treads
|-end|p1a: Iron Treads|Quark Drive|[silent]
|
|upkeep
|
|t:|1781199969
|switch|p1a: Weavile|Weavile, F|100/100
|-ability|p1a: Weavile|Pressure
|turn|7
|
|t:|1781199972
|move|p1a: Weavile|Ice Shard|p2a: Iron Valiant
|-damage|p2a: Iron Valiant|0 fnt
|faint|p2a: Iron Valiant
|-end|p2a: Iron Valiant|Quark Drive|[silent]
|-damage|p1a: Weavile|91/100|[from] item: Life Orb
|
|upkeep
|
|t:|1781199978
|switch|p2a: Glimmora|Glimmora, M|100/100
|-damage|p2a: Glimmora|88/100|[from] Stealth Rock
|turn|8
|inactive|LlamaRat has 120 seconds left.
|inactive|LlamaRat has 90 seconds left.
|inactive|LlamaRat has 60 seconds left.
|
|t:|1781200084
|move|p1a: Weavile|Swords Dance|p1a: Weavile
|-boost|p1a: Weavile|atk|2
|move|p2a: Glimmora|Mortal Spin|p1a: Weavile
|-damage|p1a: Weavile|80/100
|-status|p1a: Weavile|psn
|-sideend|p2: bongzongweedluvr|Stealth Rock|[from] move: Mortal Spin|[of] p2a: Glimmora
|
|-damage|p1a: Weavile|67/100 psn|[from] psn
|upkeep
|turn|9
|
|t:|1781200091
|move|p1a: Weavile|Knock Off|p2a: Glimmora
|-damage|p2a: Glimmora|0 fnt
|-activate|p2a: Glimmora|ability: Toxic Debris
|-sidestart|p1: LlamaRat|move: Toxic Spikes
|-enditem|p2a: Glimmora|Power Herb|[from] move: Knock Off|[of] p1a: Weavile
|faint|p2a: Glimmora
|-damage|p1a: Weavile|57/100 psn|[from] item: Life Orb
|
|-damage|p1a: Weavile|45/100 psn|[from] psn
|upkeep
|
|t:|1781200102
|switch|p2a: Kingambit|Kingambit, M|100/100
|-activate|p2a: Kingambit|ability: Supreme Overlord
|-start|p2a: Kingambit|fallen2|[silent]
|turn|10
|j| Almirante Matthew
|inactive|LlamaRat has 60 seconds left.
|
|t:|1781200130
|-end|p2a: Kingambit|fallen2|[silent]
|switch|p2a: Greninja|Greninja, M|100/100
|move|p1a: Weavile|Low Kick|p2a: Greninja
|-supereffective|p2a: Greninja
|-damage|p2a: Greninja|0 fnt
|faint|p2a: Greninja
|-damage|p1a: Weavile|35/100 psn|[from] item: Life Orb
|
|-damage|p1a: Weavile|22/100 psn|[from] psn
|upkeep
|inactive|bongzongweedluvr has 120 seconds left.
|
|t:|1781200168
|switch|p2a: Ceruledge|Ceruledge, F|100/100
|-item|p2a: Ceruledge|Air Balloon
|turn|11
|inactive|bongzongweedluvr has 120 seconds left.
|
|t:|1781200182
|switch|p2a: Kingambit|Kingambit, M|100/100
|-activate|p2a: Kingambit|ability: Supreme Overlord
|-start|p2a: Kingambit|fallen3|[silent]
|move|p1a: Weavile|Knock Off|p2a: Kingambit
|-resisted|p2a: Kingambit
|-damage|p2a: Kingambit|42/100
|-enditem|p2a: Kingambit|Black Glasses|[from] move: Knock Off|[of] p1a: Weavile
|-damage|p1a: Weavile|13/100 psn|[from] item: Life Orb
|
|-damage|p1a: Weavile|0 fnt|[from] psn
|faint|p1a: Weavile
|upkeep
|
|t:|1781200191
|switch|p1a: Kyurem|Kyurem|100/100
|-status|p1a: Kyurem|psn
|-ability|p1a: Kyurem|Pressure
|turn|12
|
|t:|1781200195
|move|p1a: Kyurem|Earth Power|p2a: Kingambit
|-supereffective|p2a: Kingambit
|-damage|p2a: Kingambit|0 fnt
|faint|p2a: Kingambit
|-end|p2a: Kingambit|fallen3|[silent]
|
|-damage|p1a: Kyurem|88/100 psn|[from] psn
|upkeep
|
|t:|1781200197
|switch|p2a: Ceruledge|Ceruledge, F|100/100
|-item|p2a: Ceruledge|Air Balloon
|turn|13
|inactive|LlamaRat has 60 seconds left.
|
|t:|1781200236
|move|p1a: Kyurem|Earth Power|p2a: Ceruledge
|-immune|p2a: Ceruledge
|move|p2a: Ceruledge|Bitter Blade|p1a: Kyurem
|-damage|p1a: Kyurem|42/100 psn
|
|-damage|p1a: Kyurem|30/100 psn|[from] psn
|upkeep
|turn|14
|
|t:|1781200241
|move|p1a: Kyurem|Scale Shot|p2a: Ceruledge
|-damage|p2a: Ceruledge|83/100
|-ability|p2a: Ceruledge|Weak Armor|boost
|-unboost|p2a: Ceruledge|def|1
|-boost|p2a: Ceruledge|spe|2
|-enditem|p2a: Ceruledge|Air Balloon
|-damage|p2a: Ceruledge|55/100
|-ability|p2a: Ceruledge|Weak Armor|boost
|-unboost|p2a: Ceruledge|def|1
|-boost|p2a: Ceruledge|spe|2
|-damage|p2a: Ceruledge|21/100
|-ability|p2a: Ceruledge|Weak Armor|boost
|-unboost|p2a: Ceruledge|def|1
|-boost|p2a: Ceruledge|spe|2
|-damage|p2a: Ceruledge|0 fnt
|faint|p2a: Ceruledge
|-hitcount|p2: Ceruledge|4
|-unboost|p1a: Kyurem|def|1
|-boost|p1a: Kyurem|spe|1
|
|-damage|p1a: Kyurem|18/100 psn|[from] psn
|upkeep
|
|t:|1781200244
|switch|p2a: Garchomp|Garchomp, M|100/100
|turn|15
|
|t:|1781200247
|move|p1a: Kyurem|Icicle Spear|p2a: Garchomp
|-supereffective|p2a: Garchomp
|-damage|p2a: Garchomp|50/100
|-supereffective|p2a: Garchomp
|-damage|p2a: Garchomp|0 fnt
|faint|p2a: Garchomp
|-hitcount|p2: Garchomp|2
|
|win|LlamaRat
|raw|LlamaRat's rating: 1655 &rarr; <strong>1676</strong><br />(+21 for winning)
|raw|bongzongweedluvr's rating: 1673 &rarr; <strong>1652</strong><br />(-21 for losing)
|l|☆bongzongweedluvr
|player|p2|
|l|☆LlamaRat
|player|p1|
|l| kopkwepd
|l| Almirante Matthew
