|j|☆Jet Pilot Skyla
|j|☆LowEL0God
|t:|1781102749
|gametype|singles
|player|p1|Jet Pilot Skyla|skyla|1567
|player|p2|LowEL0God|265|1578
|gen|9
|tier|[Gen 9] OU
|rated|
|rule|HP Percentage Mod: HP is shown in percentages
|rule|Endless Battle Clause: Forcing endless battles is banned
|rule|Species Clause: Limit one of each Pokémon
|rule|OHKO Clause: OHKO moves are banned
|rule|Evasion Items Clause: Evasion items are banned
|rule|Evasion Moves Clause: Evasion moves are banned
|rule|Evasion Abilities Clause: Evasion abilities are banned
|rule|Sleep Moves Clause: Sleep-inducing moves are banned
|clearpoke
|poke|p1|Porygon-Z|
|poke|p1|Lokix, M|
|poke|p1|Cinderace, M|
|poke|p1|Great Tusk|
|poke|p1|Slowking-Galar, M|
|poke|p1|Alomomola, M|
|poke|p2|Pelipper, M|
|poke|p2|Torkoal, F|
|poke|p2|Walking Wake|
|poke|p2|Kyurem|
|poke|p2|Ninetales-Alola, F|
|poke|p2|Ogerpon-Wellspring, F|
|teampreview
|inactive|Battle timer is ON: inactive players will automatically lose when time's up. (requested by Jet Pilot Skyla)
|
|t:|1781102752
|teamsize|p1|6
|teamsize|p2|6
|start
|switch|p1a: Shoop da Woop|Porygon-Z|100/100
|switch|p2a: Walking Wake|Walking Wake|100/100
|-ability|p1a: Shoop da Woop|Download|boost
|-boost|p1a: Shoop da Woop|spa|1
|turn|1
|c|☆LowEL0God|hf
|inactive|LowEL0God also wants the timer to be on.
|
|t:|1781102764
|switch|p1a: da Fish|Alomomola, M|100/100
|move|p2a: Walking Wake|Draco Meteor|p1a: da Fish
|-damage|p1a: da Fish|13/100
|-unboost|p2a: Walking Wake|spa|2
|-enditem|p1a: da Fish|Eject Button
|
|t:|1781102782
|switch|p1a: Shoop da Woop|Porygon-Z|100/100
|-ability|p1a: Shoop da Woop|Download|boost
|-boost|p1a: Shoop da Woop|spa|1
|
|upkeep
|turn|2
|
|t:|1781102784
|move|p2a: Walking Wake|Draco Meteor|p1a: Shoop da Woop
|-damage|p1a: Shoop da Woop|33/100
|-unboost|p2a: Walking Wake|spa|2
|move|p1a: Shoop da Woop|Tri Attack|p2a: Walking Wake
|-damage|p2a: Walking Wake|0 fnt
|faint|p2a: Walking Wake
|-end|p2a: Walking Wake|Protosynthesis|[silent]
|
|upkeep
|
|t:|1781102787
|switch|p2a: Ninetales|Ninetales-Alola, F|100/100
|-weather|Snowscape|[from] ability: Snow Warning|[of] p2a: Ninetales
|turn|3
|
|t:|1781102790
|switch|p1a: Red Card Apologist|Cinderace, M|100/100
|move|p2a: Ninetales|Moonblast|p1a: Red Card Apologist
|-resisted|p1a: Red Card Apologist
|-damage|p1a: Red Card Apologist|82/100
|-unboost|p1a: Red Card Apologist|spa|1
|
|-weather|Snowscape|[upkeep]
|upkeep
|turn|4
|
|t:|1781102794
|switch|p2a: Hurricane Spam|Pelipper, M, shiny|100/100
|-weather|RainDance|[from] ability: Drizzle|[of] p2a: Hurricane Spam
|move|p1a: Red Card Apologist|Pyro Ball|p2a: Hurricane Spam
|-resisted|p2a: Hurricane Spam
|-damage|p2a: Hurricane Spam|86/100
|-status|p2a: Hurricane Spam|brn
|
|-weather|RainDance|[upkeep]
|-damage|p2a: Hurricane Spam|80/100 brn|[from] brn
|upkeep
|turn|5
|
|t:|1781102796
|move|p1a: Red Card Apologist|U-turn|p2a: Hurricane Spam
|-start|p1a: Red Card Apologist|typechange|Bug|[from] ability: Libero
|-resisted|p2a: Hurricane Spam
|-damage|p2a: Hurricane Spam|62/100 brn
|
|t:|1781102798
|switch|p1a: da Fish|Alomomola, M|46/100|[from] U-turn
|move|p2a: Hurricane Spam|Hurricane|p1a: da Fish
|-damage|p1a: da Fish|0 fnt
|faint|p1a: da Fish
|
|-weather|RainDance|[upkeep]
|-damage|p2a: Hurricane Spam|56/100 brn|[from] brn
|upkeep
|
|t:|1781102801
|switch|p1a: Shoop da Woop|Porygon-Z|33/100
|-ability|p1a: Shoop da Woop|Download|boost
|-boost|p1a: Shoop da Woop|spa|1
|turn|6
|
|t:|1781102802
|move|p1a: Shoop da Woop|Tri Attack|p2a: Hurricane Spam
|-damage|p2a: Hurricane Spam|0 fnt
|faint|p2a: Hurricane Spam
|
|-weather|RainDance|[upkeep]
|upkeep
|
|t:|1781102803
|switch|p2a: Ogerpon|Ogerpon-Wellspring, F|100/100
|turn|7
|
|t:|1781102812
|switch|p1a: Red Card Apologist|Cinderace, M|82/100
|move|p2a: Ogerpon|Ivy Cudgel|p1a: Red Card Apologist|[anim] Ivy Cudgel Water
|-supereffective|p1a: Red Card Apologist
|-damage|p1a: Red Card Apologist|0 fnt
|faint|p1a: Red Card Apologist
|
|-weather|RainDance|[upkeep]
|upkeep
|
|t:|1781102815
|switch|p1a: Blep|Lokix, M|100/100
|turn|8
|
|t:|1781102818
|-terastallize|p2a: Ogerpon|Water
|detailschange|p2a: Ogerpon|Ogerpon-Wellspring-Tera, F, tera:Water
|-ability|p2a: Ogerpon|Embody Aspect (Wellspring)|boost
|-boost|p2a: Ogerpon|spd|1
|-terastallize|p1a: Blep|Bug
|move|p1a: Blep|First Impression|p2a: Ogerpon
|-damage|p2a: Ogerpon|0 fnt
|faint|p2a: Ogerpon
|detailschange|p2: Ogerpon|Ogerpon-Wellspring, F|[silent]
|
|-weather|none
|upkeep
|
|t:|1781102819
|switch|p2a: Kyurem|Kyurem|100/100
|-ability|p2a: Kyurem|Pressure
|turn|9
|
|t:|1781102823
|switch|p1a: Brain Damage|Slowking-Galar, M|100/100
|move|p2a: Kyurem|Dragon Dance|p2a: Kyurem
|-boost|p2a: Kyurem|atk|1
|-boost|p2a: Kyurem|spe|1
|
|upkeep
|turn|10
|
|t:|1781102828
|move|p2a: Kyurem|Icicle Spear|p1a: Brain Damage
|-damage|p1a: Brain Damage|84/100
|-damage|p1a: Brain Damage|68/100
|-damage|p1a: Brain Damage|52/100
|-hitcount|p1a: Brain Damage|3
|move|p1a: Brain Damage|Sludge Bomb|p2a: Kyurem
|-damage|p2a: Kyurem|66/100
|
|upkeep
|turn|11
|
|t:|1781102830
|move|p2a: Kyurem|Icicle Spear|p1a: Brain Damage
|-damage|p1a: Brain Damage|37/100
|-damage|p1a: Brain Damage|21/100
|-damage|p1a: Brain Damage|5/100
|-damage|p1a: Brain Damage|0 fnt
|faint|p1a: Brain Damage
|-hitcount|p1: Brain Damage|4
|
|upkeep
|
|t:|1781102833
|switch|p1a: Blep|Lokix, M, tera:Bug|100/100
|turn|12
|
|t:|1781102834
|move|p1a: Blep|First Impression|p2a: Kyurem
|-damage|p2a: Kyurem|0 fnt
|faint|p2a: Kyurem
|
|upkeep
|
|t:|1781102836
|switch|p2a: Ninetales|Ninetales-Alola, F|100/100
|-weather|Snowscape|[from] ability: Snow Warning|[of] p2a: Ninetales
|turn|13
|
|t:|1781102841
|switch|p1a: Cheese Hater|Great Tusk|100/100
|move|p2a: Ninetales|Moonblast|p1a: Cheese Hater
|-supereffective|p1a: Cheese Hater
|-damage|p1a: Cheese Hater|23/100
|
|-weather|Snowscape|[upkeep]
|upkeep
|turn|14
|
|t:|1781102844
|move|p2a: Ninetales|Moonblast|p1a: Cheese Hater
|-supereffective|p1a: Cheese Hater
|-damage|p1a: Cheese Hater|0 fnt
|faint|p1a: Cheese Hater
|-end|p1a: Cheese Hater|Protosynthesis|[silent]
|
|-weather|Snowscape|[upkeep]
|upkeep
|
|t:|1781102846
|switch|p1a: Blep|Lokix, M, tera:Bug|100/100
|turn|15
|
|t:|1781102848
|move|p2a: Ninetales|Moonblast|p1a: Blep
|-damage|p1a: Blep|45/100
|move|p1a: Blep|Leech Life|p2a: Ninetales
|-resisted|p2a: Ninetales
|-damage|p2a: Ninetales|36/100
|-heal|p1a: Blep|85/100|[from] drain|[of] p2a: Ninetales
|
|-weather|Snowscape|[upkeep]
|upkeep
|turn|16
|
|t:|1781102850
|move|p2a: Ninetales|Aurora Veil|p2a: Ninetales
|-sidestart|p2: LowEL0God|move: Aurora Veil
|move|p1a: Blep|Leech Life|p2a: Ninetales
|-resisted|p2a: Ninetales
|-damage|p2a: Ninetales|5/100
|-heal|p1a: Blep|100/100|[from] drain|[of] p2a: Ninetales
|
|-weather|Snowscape|[upkeep]
|upkeep
|turn|17
|
|t:|1781102852
|move|p2a: Ninetales|Moonblast|p1a: Blep
|-damage|p1a: Blep|50/100
|move|p1a: Blep|Leech Life|p2a: Ninetales
|-resisted|p2a: Ninetales
|-damage|p2a: Ninetales|0 fnt
|-heal|p1a: Blep|53/100|[from] drain|[of] p2a: Ninetales
|faint|p2a: Ninetales
|
|-weather|Snowscape|[upkeep]
|upkeep
|
|t:|1781102852
|switch|p2a: Torkoal|Torkoal, F|100/100
|-weather|SunnyDay|[from] ability: Drought|[of] p2a: Torkoal
|turn|18
|
|t:|1781102854
|move|p1a: Blep|Leech Life|p2a: Torkoal
|-resisted|p2a: Torkoal
|-damage|p2a: Torkoal|77/100
|-heal|p1a: Blep|67/100|[from] drain|[of] p2a: Torkoal
|move|p2a: Torkoal|Lava Plume|p1a: Blep
|-supereffective|p1a: Blep
|-damage|p1a: Blep|0 fnt
|faint|p1a: Blep
|
|-weather|SunnyDay|[upkeep]
|upkeep
|
|t:|1781102855
|switch|p1a: Shoop da Woop|Porygon-Z|33/100
|-ability|p1a: Shoop da Woop|Download|boost
|-boost|p1a: Shoop da Woop|spa|1
|turn|19
|
|t:|1781102858
|move|p1a: Shoop da Woop|Tri Attack|p2a: Torkoal
|-damage|p2a: Torkoal|12/100
|move|p2a: Torkoal|Lava Plume|p1a: Shoop da Woop
|-damage|p1a: Shoop da Woop|0 fnt
|faint|p1a: Shoop da Woop
|
|win|LowEL0God
|raw|Jet Pilot Skyla's rating: 1541 &rarr; <strong>1523</strong><br />(-18 for losing)
|raw|LowEL0God's rating: 1578 &rarr; <strong>1596</strong><br />(+18 for winning)
|l|☆Jet Pilot Skyla
|player|p1|
|c|☆LowEL0God|gg
|l|☆LowEL0God
|player|p2|
