|j|☆looniertunes
|j|☆LowEL0God
|t:|1781461014
|gametype|singles
|player|p1|looniertunes|cynthia|1550
|player|p2|LowEL0God|265|1637
|gen|9
|tier|[Gen 9] OU
|rated|
|rule|HP Percentage Mod: HP is shown in percentages
|rule|Endless Battle Clause: Forcing endless battles is banned
|rule|Species Clause: Limit one of each Pokémon
|rule|OHKO Clause: OHKO moves are banned
|rule|Evasion Items Clause: Evasion items are banned
|rule|Evasion Moves Clause: Evasion moves are banned
|rule|Evasion Abilities Clause: Evasion abilities are banned
|rule|Sleep Moves Clause: Sleep-inducing moves are banned
|clearpoke
|poke|p1|Tyranitar, M|
|poke|p1|Sinistcha|
|poke|p1|Conkeldurr, M|
|poke|p1|Excadrill, F|
|poke|p1|Corviknight, F|
|poke|p1|Primarina, M|
|poke|p2|Pelipper, F|
|poke|p2|Raging Bolt|
|poke|p2|Overqwil, F|
|poke|p2|Barraskewda, F|
|poke|p2|Iron Treads|
|poke|p2|Kingambit, F|
|teampreview
|c|☆LowEL0God|hf
|inactive|Battle timer is ON: inactive players will automatically lose when time's up. (requested by LowEL0God)
|inactive|looniertunes has 120 seconds left.
|c|☆looniertunes|u2
|
|t:|1781461055
|teamsize|p1|6
|teamsize|p2|6
|start
|switch|p1a: Primarina|Primarina, M|100/100
|switch|p2a: Barraskewda|Barraskewda, F|100/100
|turn|1
|
|t:|1781461064
|move|p2a: Barraskewda|Flip Turn|p1a: Primarina
|-resisted|p1a: Primarina
|-damage|p1a: Primarina|68/100
|
|t:|1781461066
|switch|p2a: Kingambit|Kingambit, F|100/100|[from] Flip Turn
|move|p1a: Primarina|Flip Turn|p2a: Kingambit
|-damage|p2a: Kingambit|91/100
|
|t:|1781461078
|switch|p1a: Conkeldurr|Conkeldurr, M|100/100|[from] Flip Turn
|
|-heal|p2a: Kingambit|97/100|[from] item: Leftovers
|-status|p1a: Conkeldurr|brn|[from] item: Flame Orb
|upkeep
|turn|2
|
|t:|1781461089
|-end|p2a: Kingambit|fallenundefined|[silent]
|switch|p2a: Pelipper|Pelipper, F|100/100
|-weather|RainDance|[from] ability: Drizzle|[of] p2a: Pelipper
|move|p1a: Conkeldurr|Drain Punch|p2a: Pelipper
|-resisted|p2a: Pelipper
|-damage|p2a: Pelipper|74/100
|
|-weather|RainDance|[upkeep]
|-damage|p1a: Conkeldurr|94/100 brn|[from] brn
|upkeep
|turn|3
|
|t:|1781461092
|switch|p1a: Tyranitar|Tyranitar, M|100/100
|-weather|Sandstorm|[from] ability: Sand Stream|[of] p1a: Tyranitar
|move|p2a: Pelipper|Hurricane|p1a: Tyranitar
|-resisted|p1a: Tyranitar
|-damage|p1a: Tyranitar|94/100
|
|-weather|Sandstorm|[upkeep]
|-damage|p2a: Pelipper|68/100|[from] Sandstorm
|upkeep
|turn|4
|
|t:|1781461102
|switch|p2a: Kingambit|Kingambit, F|97/100
|move|p1a: Tyranitar|Stealth Rock|p2a: Kingambit
|-sidestart|p2: LowEL0God|move: Stealth Rock
|
|-weather|Sandstorm|[upkeep]
|-heal|p2a: Kingambit|100/100|[from] item: Leftovers
|upkeep
|turn|5
|
|t:|1781461104
|switch|p1a: Corviknight|Corviknight, F|100/100
|-ability|p1a: Corviknight|Pressure
|move|p2a: Kingambit|Swords Dance|p2a: Kingambit
|-boost|p2a: Kingambit|atk|2
|
|-weather|Sandstorm|[upkeep]
|upkeep
|turn|6
|
|t:|1781461106
|move|p1a: Corviknight|U-turn|p2a: Kingambit
|-damage|p2a: Kingambit|90/100
|
|t:|1781461109
|switch|p1a: Conkeldurr|Conkeldurr, M|94/100 brn|[from] U-turn
|move|p2a: Kingambit|Kowtow Cleave|p1a: Conkeldurr
|-resisted|p1a: Conkeldurr
|-damage|p1a: Conkeldurr|41/100 brn
|
|-weather|Sandstorm|[upkeep]
|-damage|p1a: Conkeldurr|35/100 brn|[from] Sandstorm
|-heal|p2a: Kingambit|96/100|[from] item: Leftovers
|-damage|p1a: Conkeldurr|29/100 brn|[from] brn
|upkeep
|turn|7
|
|t:|1781461111
|move|p1a: Conkeldurr|Mach Punch|p2a: Kingambit
|-supereffective|p2a: Kingambit
|-damage|p2a: Kingambit|0 fnt
|faint|p2a: Kingambit
|-end|p2a: Kingambit|fallenundefined|[silent]
|
|-weather|Sandstorm|[upkeep]
|-damage|p1a: Conkeldurr|23/100 brn|[from] Sandstorm
|-damage|p1a: Conkeldurr|16/100 brn|[from] brn
|upkeep
|
|t:|1781461112
|switch|p2a: Overqwil|Overqwil, F|100/100
|-damage|p2a: Overqwil|88/100|[from] Stealth Rock
|turn|8
|
|t:|1781461118
|switch|p1a: Corviknight|Corviknight, F|100/100
|-ability|p1a: Corviknight|Pressure
|move|p2a: Overqwil|Crunch|p1a: Corviknight
|-damage|p1a: Corviknight|70/100
|-damage|p2a: Overqwil|72/100|[from] item: Rocky Helmet|[of] p1a: Corviknight
|-damage|p2a: Overqwil|62/100|[from] item: Life Orb
|
|-weather|Sandstorm|[upkeep]
|-damage|p2a: Overqwil|56/100|[from] Sandstorm
|upkeep
|turn|9
|
|t:|1781461122
|move|p2a: Overqwil|Swords Dance|p2a: Overqwil
|-boost|p2a: Overqwil|atk|2
|move|p1a: Corviknight|Roost|p1a: Corviknight
|-heal|p1a: Corviknight|100/100
|-singleturn|p1a: Corviknight|move: Roost
|
|-weather|Sandstorm|[upkeep]
|-damage|p2a: Overqwil|50/100|[from] Sandstorm
|upkeep
|turn|10
|
|t:|1781461125
|move|p2a: Overqwil|Swords Dance|p2a: Overqwil
|-boost|p2a: Overqwil|atk|2
|move|p1a: Corviknight|Brave Bird|p2a: Overqwil
|-damage|p2a: Overqwil|6/100
|-damage|p1a: Corviknight|89/100|[from] Recoil
|
|-weather|none
|upkeep
|turn|11
|
|t:|1781461129
|switch|p1a: Tyranitar|Tyranitar, M|94/100
|-weather|Sandstorm|[from] ability: Sand Stream|[of] p1a: Tyranitar
|move|p2a: Overqwil|Crunch|p1a: Tyranitar
|-resisted|p1a: Tyranitar
|-damage|p1a: Tyranitar|29/100
|-damage|p2a: Overqwil|0 fnt|[from] item: Life Orb
|faint|p2a: Overqwil
|
|-weather|Sandstorm|[upkeep]
|upkeep
|
|t:|1781461129
|switch|p2a: Iron Treads|Iron Treads|100/100
|-damage|p2a: Iron Treads|97/100|[from] Stealth Rock
|-enditem|p2a: Iron Treads|Booster Energy
|-activate|p2a: Iron Treads|ability: Quark Drive|[fromitem]
|-start|p2a: Iron Treads|quarkdrivespe
|turn|12
|
|t:|1781461132
|switch|p1a: Corviknight|Corviknight, F|89/100
|-ability|p1a: Corviknight|Pressure
|move|p2a: Iron Treads|Rapid Spin|p1a: Corviknight
|-resisted|p1a: Corviknight
|-damage|p1a: Corviknight|86/100
|-boost|p2a: Iron Treads|spe|1
|-damage|p2a: Iron Treads|81/100|[from] item: Rocky Helmet|[of] p1a: Corviknight
|-sideend|p2: LowEL0God|Stealth Rock|[from] move: Rapid Spin|[of] p2a: Iron Treads
|
|-weather|Sandstorm|[upkeep]
|upkeep
|turn|13
|
|t:|1781461136
|move|p2a: Iron Treads|Stealth Rock|p1a: Corviknight
|-sidestart|p1: looniertunes|move: Stealth Rock
|move|p1a: Corviknight|U-turn|p2a: Iron Treads
|-resisted|p2a: Iron Treads
|-damage|p2a: Iron Treads|74/100
|
|t:|1781461145
|switch|p1a: Sinistcha|Sinistcha|100/100|[from] U-turn
|
|-weather|Sandstorm|[upkeep]
|-damage|p1a: Sinistcha|94/100|[from] Sandstorm
|upkeep
|turn|14
|
|t:|1781461146
|-end|p2a: Iron Treads|Quark Drive|[silent]
|switch|p2a: Raging Bolt|Raging Bolt|100/100
|-enditem|p2a: Raging Bolt|Booster Energy
|-activate|p2a: Raging Bolt|ability: Protosynthesis|[fromitem]
|-start|p2a: Raging Bolt|protosynthesisspa
|move|p1a: Sinistcha|Matcha Gotcha|p2a: Raging Bolt
|-resisted|p2a: Raging Bolt
|-damage|p2a: Raging Bolt|87/100
|-heal|p1a: Sinistcha|100/100|[from] drain|[of] p2a: Raging Bolt
|
|-weather|Sandstorm|[upkeep]
|-damage|p2a: Raging Bolt|81/100|[from] Sandstorm
|-damage|p1a: Sinistcha|94/100|[from] Sandstorm
|upkeep
|turn|15
|
|t:|1781461158
|move|p2a: Raging Bolt|Draco Meteor|p1a: Sinistcha
|-damage|p1a: Sinistcha|0 fnt
|-unboost|p2a: Raging Bolt|spa|2
|faint|p1a: Sinistcha
|
|-weather|Sandstorm|[upkeep]
|-damage|p2a: Raging Bolt|75/100|[from] Sandstorm
|upkeep
|
|t:|1781461168
|switch|p1a: Excadrill|Excadrill, F|100/100
|-damage|p1a: Excadrill|97/100|[from] Stealth Rock
|turn|16
|
|t:|1781461177
|-end|p2a: Raging Bolt|Protosynthesis|[silent]
|switch|p2a: Pelipper|Pelipper, F|68/100
|-weather|RainDance|[from] ability: Drizzle|[of] p2a: Pelipper
|move|p1a: Excadrill|Rapid Spin|p2a: Pelipper
|-damage|p2a: Pelipper|47/100
|-boost|p1a: Excadrill|spe|1
|-sideend|p1: looniertunes|Stealth Rock|[from] move: Rapid Spin|[of] p1a: Excadrill
|-damage|p1a: Excadrill|88/100|[from] item: Life Orb
|
|-weather|RainDance|[upkeep]
|upkeep
|turn|17
|
|t:|1781461181
|move|p1a: Excadrill|Rock Slide|p2a: Pelipper
|-supereffective|p2a: Pelipper
|-damage|p2a: Pelipper|0 fnt
|faint|p2a: Pelipper
|-damage|p1a: Excadrill|78/100|[from] item: Life Orb
|
|-weather|RainDance|[upkeep]
|upkeep
|
|t:|1781461181
|switch|p2a: Barraskewda|Barraskewda, F|100/100
|turn|18
|
|t:|1781461185
|switch|p1a: Tyranitar|Tyranitar, M|29/100
|-weather|Sandstorm|[from] ability: Sand Stream|[of] p1a: Tyranitar
|move|p2a: Barraskewda|Liquidation|p1a: Tyranitar
|-supereffective|p1a: Tyranitar
|-damage|p1a: Tyranitar|0 fnt
|faint|p1a: Tyranitar
|
|-weather|Sandstorm|[upkeep]
|-damage|p2a: Barraskewda|94/100|[from] Sandstorm
|upkeep
|
|t:|1781461188
|switch|p1a: Corviknight|Corviknight, F|86/100
|-ability|p1a: Corviknight|Pressure
|turn|19
|
|t:|1781461193
|move|p2a: Barraskewda|Liquidation|p1a: Corviknight
|-damage|p1a: Corviknight|44/100
|-damage|p2a: Barraskewda|78/100|[from] item: Rocky Helmet|[of] p1a: Corviknight
|move|p1a: Corviknight|U-turn|p2a: Barraskewda
|-damage|p2a: Barraskewda|48/100
|
|t:|1781461197
|switch|p1a: Excadrill|Excadrill, F|78/100|[from] U-turn
|
|-weather|Sandstorm|[upkeep]
|-damage|p2a: Barraskewda|42/100|[from] Sandstorm
|upkeep
|turn|20
|
|t:|1781461199
|switch|p2a: Iron Treads|Iron Treads|74/100
|move|p1a: Excadrill|Earthquake|p2a: Iron Treads
|-supereffective|p2a: Iron Treads
|-damage|p2a: Iron Treads|0 fnt
|faint|p2a: Iron Treads
|-end|p2a: Iron Treads|Quark Drive|[silent]
|-damage|p1a: Excadrill|68/100|[from] item: Life Orb
|
|-weather|Sandstorm|[upkeep]
|upkeep
|
|t:|1781461200
|switch|p2a: Barraskewda|Barraskewda, F|42/100
|turn|21
|
|t:|1781461205
|switch|p1a: Corviknight|Corviknight, F|44/100
|-ability|p1a: Corviknight|Pressure
|move|p2a: Barraskewda|Aqua Jet|p1a: Corviknight
|-damage|p1a: Corviknight|24/100
|-damage|p2a: Barraskewda|25/100|[from] item: Rocky Helmet|[of] p1a: Corviknight
|
|-weather|Sandstorm|[upkeep]
|-damage|p2a: Barraskewda|19/100|[from] Sandstorm
|upkeep
|turn|22
|
|t:|1781461208
|switch|p2a: Raging Bolt|Raging Bolt|75/100
|move|p1a: Corviknight|Roost|p1a: Corviknight
|-heal|p1a: Corviknight|74/100
|-singleturn|p1a: Corviknight|move: Roost
|
|-weather|Sandstorm|[upkeep]
|-damage|p2a: Raging Bolt|69/100|[from] Sandstorm
|upkeep
|turn|23
|
|t:|1781461214
|-end|p2a: Raging Bolt|Protosynthesis|[silent]
|switch|p2a: Barraskewda|Barraskewda, F|19/100
|switch|p1a: Excadrill|Excadrill, F|68/100
|
|-weather|Sandstorm|[upkeep]
|-damage|p2a: Barraskewda|13/100|[from] Sandstorm
|upkeep
|turn|24
|
|t:|1781461216
|switch|p1a: Corviknight|Corviknight, F|74/100
|-ability|p1a: Corviknight|Pressure
|switch|p2a: Raging Bolt|Raging Bolt|69/100
|
|-weather|Sandstorm|[upkeep]
|-damage|p2a: Raging Bolt|62/100|[from] Sandstorm
|upkeep
|turn|25
|
|t:|1781461220
|-end|p2a: Raging Bolt|Protosynthesis|[silent]
|switch|p2a: Barraskewda|Barraskewda, F|13/100
|switch|p1a: Primarina|Primarina, M|68/100
|
|-weather|none
|upkeep
|turn|26
|
|t:|1781461223
|move|p2a: Barraskewda|Liquidation|p1a: Primarina
|-resisted|p1a: Primarina
|-damage|p1a: Primarina|16/100
|-unboost|p1a: Primarina|def|1
|move|p1a: Primarina|Moonblast|p2a: Barraskewda
|-damage|p2a: Barraskewda|0 fnt
|faint|p2a: Barraskewda
|
|upkeep
|
|t:|1781461225
|switch|p2a: Raging Bolt|Raging Bolt|62/100
|turn|27
|
|t:|1781461227
|-terastallize|p2a: Raging Bolt|Fairy
|move|p2a: Raging Bolt|Draco Meteor|p1a: Primarina
|-immune|p1a: Primarina
|move|p1a: Primarina|Moonblast|p2a: Raging Bolt
|-damage|p2a: Raging Bolt|17/100
|
|upkeep
|turn|28
|
|t:|1781461230
|move|p2a: Raging Bolt|Thunderclap|p1a: Primarina
|-supereffective|p1a: Primarina
|-damage|p1a: Primarina|0 fnt
|faint|p1a: Primarina
|
|upkeep
|
|t:|1781461233
|switch|p1a: Conkeldurr|Conkeldurr, M|16/100 brn
|turn|29
|
|t:|1781461235
|move|p2a: Raging Bolt|Thunderclap|p1a: Conkeldurr
|-damage|p1a: Conkeldurr|0 fnt
|faint|p1a: Conkeldurr
|
|upkeep
|
|t:|1781461238
|switch|p1a: Excadrill|Excadrill, F|68/100
|turn|30
|
|t:|1781461240
|move|p1a: Excadrill|Earthquake|p2a: Raging Bolt
|-damage|p2a: Raging Bolt|0 fnt
|faint|p2a: Raging Bolt
|-end|p2a: Raging Bolt|Protosynthesis|[silent]
|-damage|p1a: Excadrill|58/100|[from] item: Life Orb
|
|win|looniertunes
|raw|looniertunes's rating: 1550 &rarr; <strong>1575</strong><br />(+25 for winning)
|raw|LowEL0God's rating: 1637 &rarr; <strong>1612</strong><br />(-25 for losing)
|c|☆looniertunes|gg
|l|☆looniertunes
|player|p1|
|c|☆LowEL0God|gg
|l|☆LowEL0God
|player|p2|
