|j|☆Xoli
|j|☆alt1 lord greed
|t:|1781482211
|gametype|singles
|player|p1|Xoli|adaman|1622
|player|p2|alt1 lord greed|1|1547
|gen|9
|tier|[Gen 9] OU
|rated|
|rule|HP Percentage Mod: HP is shown in percentages
|rule|Endless Battle Clause: Forcing endless battles is banned
|rule|Species Clause: Limit one of each Pokémon
|rule|OHKO Clause: OHKO moves are banned
|rule|Evasion Items Clause: Evasion items are banned
|rule|Evasion Moves Clause: Evasion moves are banned
|rule|Evasion Abilities Clause: Evasion abilities are banned
|rule|Sleep Moves Clause: Sleep-inducing moves are banned
|clearpoke
|poke|p1|Raging Bolt|
|poke|p1|Torkoal, F|
|poke|p1|Great Tusk|
|poke|p1|Hatterene, F|
|poke|p1|Slither Wing|
|poke|p1|Walking Wake|
|poke|p2|Glastrier|
|poke|p2|Slowking-Galar, M|
|poke|p2|Heatran, M|
|poke|p2|Tornadus-Therian, M|
|poke|p2|Hydrapple, F|
|poke|p2|Great Tusk|
|teampreview
|inactive|Battle timer is ON: inactive players will automatically lose when time's up. (requested by alt1 lord greed)
|inactive|Xoli has 120 seconds left.
|
|t:|1781482250
|teamsize|p1|6
|teamsize|p2|6
|start
|switch|p1a: Great Tusk|Great Tusk|100/100
|switch|p2a: Hydrapple|Hydrapple, F, shiny|100/100
|turn|1
|
|t:|1781482260
|move|p1a: Great Tusk|Ice Spinner|p2a: Hydrapple
|-supereffective|p2a: Hydrapple
|-damage|p2a: Hydrapple|26/100
|move|p2a: Hydrapple|Leaf Storm|p1a: Great Tusk
|-supereffective|p1a: Great Tusk
|-damage|p1a: Great Tusk|0 fnt
|-unboost|p2a: Hydrapple|spa|2
|faint|p1a: Great Tusk
|-end|p1a: Great Tusk|Protosynthesis|[silent]
|
|upkeep
|
|t:|1781482276
|switch|p1a: Torkoal|Torkoal, F|100/100
|-weather|SunnyDay|[from] ability: Drought|[of] p1a: Torkoal
|turn|2
|
|t:|1781482279
|switch|p2a: Heatran|Heatran, M, shiny|100/100
|switch|p1a: Raging Bolt|Raging Bolt|100/100
|-activate|p1a: Raging Bolt|ability: Protosynthesis
|-start|p1a: Raging Bolt|protosynthesisspa
|
|-weather|SunnyDay|[upkeep]
|upkeep
|turn|3
|
|t:|1781482283
|move|p1a: Raging Bolt|Volt Switch|p2a: Heatran
|-damage|p2a: Heatran|53/100
|
|t:|1781482287
|-end|p1a: Raging Bolt|Protosynthesis|[silent]
|switch|p1a: Walking Wake|Walking Wake|100/100|[from] Volt Switch
|-activate|p1a: Walking Wake|ability: Protosynthesis
|-start|p1a: Walking Wake|protosynthesisspe
|move|p2a: Heatran|Earth Power|p1a: Walking Wake
|-damage|p1a: Walking Wake|81/100
|
|-weather|SunnyDay|[upkeep]
|-heal|p2a: Heatran|59/100|[from] item: Leftovers
|upkeep
|turn|4
|
|t:|1781482293
|switch|p2a: Slowking|Slowking-Galar, M|100/100
|move|p1a: Walking Wake|Hydro Steam|p2a: Slowking
|-crit|p2a: Slowking
|-damage|p2a: Slowking|44/100
|
|-weather|SunnyDay|[upkeep]
|upkeep
|turn|5
|
|t:|1781482300
|-terastallize|p2a: Slowking|Water
|move|p1a: Walking Wake|Hydro Steam|p2a: Slowking
|-resisted|p2a: Slowking
|-damage|p2a: Slowking|26/100
|-prepare|p2a: Slowking|Chilly Reception|[premajor]
|move|p2a: Slowking|Chilly Reception|p2a: Slowking
|-weather|Snowscape
|-end|p1a: Walking Wake|Protosynthesis
|
|t:|1781482305
|switch|p2a: Hydrapple|Hydrapple, F, shiny|60/100|[from] Chilly Reception
|
|-weather|Snowscape|[upkeep]
|upkeep
|turn|6
|
|t:|1781482310
|switch|p2a: Slowking|Slowking-Galar, M, tera:Water|59/100
|move|p1a: Walking Wake|Draco Meteor|p2a: Slowking
|-damage|p2a: Slowking|19/100
|-unboost|p1a: Walking Wake|spa|2
|
|-weather|Snowscape|[upkeep]
|upkeep
|turn|7
|
|t:|1781482319
|switch|p2a: Hydrapple|Hydrapple, F, shiny|93/100
|move|p1a: Walking Wake|Flip Turn|p2a: Hydrapple
|-resisted|p2a: Hydrapple
|-damage|p2a: Hydrapple|90/100
|
|t:|1781482332
|-end|p1a: Walking Wake|Protosynthesis|[silent]
|switch|p1a: Raging Bolt|Raging Bolt|100/100|[from] Flip Turn
|
|-weather|Snowscape|[upkeep]
|upkeep
|turn|8
|
|t:|1781482335
|move|p1a: Raging Bolt|Weather Ball|p2a: Hydrapple
|-supereffective|p2a: Hydrapple
|-damage|p2a: Hydrapple|0 fnt
|faint|p2a: Hydrapple
|
|-weather|Snowscape|[upkeep]
|upkeep
|
|t:|1781482336
|switch|p2a: Great Tusk|Great Tusk|100/100
|turn|9
|
|t:|1781482342
|-end|p1a: Raging Bolt|Protosynthesis|[silent]
|switch|p1a: Slither Wing|Slither Wing|100/100
|move|p2a: Great Tusk|Headlong Rush|p1a: Slither Wing
|-resisted|p1a: Slither Wing
|-damage|p1a: Slither Wing|76/100
|-unboost|p2a: Great Tusk|def|1
|-unboost|p2a: Great Tusk|spd|1
|-damage|p2a: Great Tusk|84/100|[from] item: Rocky Helmet|[of] p1a: Slither Wing
|
|-weather|none
|upkeep
|turn|10
|
|t:|1781482351
|-end|p2a: Great Tusk|Protosynthesis|[silent]
|switch|p2a: Tornadus|Tornadus-Therian, M|100/100
|move|p1a: Slither Wing|U-turn|p2a: Tornadus
|-resisted|p2a: Tornadus
|-damage|p2a: Tornadus|80/100
|
|t:|1781482358
|-end|p1a: Slither Wing|Protosynthesis|[silent]
|switch|p1a: Torkoal|Torkoal, F|100/100|[from] U-turn
|-weather|SunnyDay|[from] ability: Drought|[of] p1a: Torkoal
|
|-weather|SunnyDay|[upkeep]
|upkeep
|turn|11
|inactive|alt1 lord greed has 120 seconds left.
|
|t:|1781482409
|switch|p1a: Walking Wake|Walking Wake|81/100
|-activate|p1a: Walking Wake|ability: Protosynthesis
|-start|p1a: Walking Wake|protosynthesisspe
|move|p2a: Tornadus|Knock Off|p1a: Walking Wake
|-damage|p1a: Walking Wake|60/100
|-enditem|p1a: Walking Wake|Assault Vest|[from] move: Knock Off|[of] p2a: Tornadus
|
|-weather|SunnyDay|[upkeep]
|upkeep
|turn|12
|
|t:|1781482422
|switch|p2a: Slowking|Slowking-Galar, M, tera:Water|53/100
|move|p1a: Walking Wake|Draco Meteor|p2a: Slowking
|-damage|p2a: Slowking|14/100
|-unboost|p1a: Walking Wake|spa|2
|
|-weather|SunnyDay|[upkeep]
|upkeep
|turn|13
|
|t:|1781482428
|move|p1a: Walking Wake|Flip Turn|p2a: Slowking
|-resisted|p2a: Slowking
|-damage|p2a: Slowking|10/100
|
|t:|1781482433
|-end|p1a: Walking Wake|Protosynthesis|[silent]
|switch|p1a: Raging Bolt|Raging Bolt|100/100|[from] Flip Turn
|-activate|p1a: Raging Bolt|ability: Protosynthesis
|-start|p1a: Raging Bolt|protosynthesisspa
|-prepare|p2a: Slowking|Chilly Reception|[premajor]
|move|p2a: Slowking|Chilly Reception|p2a: Slowking
|-weather|Snowscape
|-end|p1a: Raging Bolt|Protosynthesis
|
|t:|1781482434
|switch|p2a: Great Tusk|Great Tusk|84/100|[from] Chilly Reception
|
|-weather|Snowscape|[upkeep]
|upkeep
|turn|14
|
|t:|1781482440
|-end|p1a: Raging Bolt|Protosynthesis|[silent]
|switch|p1a: Slither Wing|Slither Wing|76/100
|move|p2a: Great Tusk|Headlong Rush|p1a: Slither Wing
|-resisted|p1a: Slither Wing
|-damage|p1a: Slither Wing|50/100
|-unboost|p2a: Great Tusk|def|1
|-unboost|p2a: Great Tusk|spd|1
|-damage|p2a: Great Tusk|68/100|[from] item: Rocky Helmet|[of] p1a: Slither Wing
|
|-weather|Snowscape|[upkeep]
|upkeep
|turn|15
|
|t:|1781482451
|-end|p1a: Slither Wing|Protosynthesis|[silent]
|switch|p1a: Hatterene|Hatterene, F|100/100
|move|p2a: Great Tusk|Close Combat|p1a: Hatterene
|-resisted|p1a: Hatterene
|-damage|p1a: Hatterene|89/100
|-unboost|p2a: Great Tusk|def|1
|-unboost|p2a: Great Tusk|spd|1
|-enditem|p1a: Hatterene|Eject Button
|
|t:|1781482456
|switch|p1a: Walking Wake|Walking Wake|60/100
|
|-weather|Snowscape|[upkeep]
|upkeep
|turn|16
|
|t:|1781482459
|-end|p2a: Great Tusk|Protosynthesis|[silent]
|switch|p2a: Heatran|Heatran, M, shiny|59/100
|move|p1a: Walking Wake|Hydro Steam|p2a: Heatran
|-supereffective|p2a: Heatran
|-damage|p2a: Heatran|6/100
|
|-weather|Snowscape|[upkeep]
|-heal|p2a: Heatran|12/100|[from] item: Leftovers
|upkeep
|turn|17
|
|t:|1781482465
|move|p1a: Walking Wake|Hydro Steam|p2a: Heatran
|-supereffective|p2a: Heatran
|-damage|p2a: Heatran|0 fnt
|faint|p2a: Heatran
|
|-weather|none
|upkeep
|
|t:|1781482466
|switch|p2a: Slowking|Slowking-Galar, M, tera:Water|43/100
|turn|18
|
|t:|1781482471
|move|p1a: Walking Wake|Draco Meteor|p2a: Slowking
|-damage|p2a: Slowking|4/100
|-unboost|p1a: Walking Wake|spa|2
|move|p2a: Slowking|Future Sight|p1a: Walking Wake
|-start|p2a: Slowking|move: Future Sight
|
|upkeep
|turn|19
|
|t:|1781482477
|switch|p2a: Tornadus|Tornadus-Therian, M|100/100
|move|p1a: Walking Wake|Flip Turn|p2a: Tornadus
|-damage|p2a: Tornadus|78/100
|
|t:|1781482481
|-end|p1a: Walking Wake|Protosynthesis|[silent]
|switch|p1a: Torkoal|Torkoal, F|100/100|[from] Flip Turn
|-weather|SunnyDay|[from] ability: Drought|[of] p1a: Torkoal
|
|-weather|SunnyDay|[upkeep]
|upkeep
|turn|20
|
|t:|1781482485
|switch|p2a: Slowking|Slowking-Galar, M, tera:Water|37/100
|switch|p1a: Hatterene|Hatterene, F|89/100
|
|-weather|SunnyDay|[upkeep]
|-end|p1a: Hatterene|move: Future Sight
|-resisted|p1a: Hatterene
|-damage|p1a: Hatterene|65/100
|upkeep
|turn|21
|
|t:|1781482495
|move|p1a: Hatterene|Nuzzle|p2a: Slowking
|-supereffective|p2a: Slowking
|-damage|p2a: Slowking|28/100
|-status|p2a: Slowking|par
|-prepare|p2a: Slowking|Chilly Reception|[premajor]
|move|p2a: Slowking|Chilly Reception|p2a: Slowking
|-weather|Snowscape
|
|t:|1781482498
|switch|p2a: Glastrier|Glastrier|100/100|[from] Chilly Reception
|
|-weather|Snowscape|[upkeep]
|upkeep
|turn|22
|
|t:|1781482506
|move|p1a: Hatterene|Healing Wish|p1a: Hatterene
|faint|p1a: Hatterene
|move|p2a: Glastrier|Icicle Crash|p1: Hatterene|[notarget]
|-fail|p2a: Glastrier
|
|-weather|Snowscape|[upkeep]
|upkeep
|
|t:|1781482513
|switch|p1a: Slither Wing|Slither Wing|50/100
|-heal|p1a: Slither Wing|100/100|[from] move: Healing Wish
|turn|23
|
|t:|1781482516
|switch|p2a: Tornadus|Tornadus-Therian, M|100/100
|move|p1a: Slither Wing|Will-O-Wisp|p2a: Tornadus
|-status|p2a: Tornadus|brn
|
|-weather|Snowscape|[upkeep]
|-damage|p2a: Tornadus|94/100 brn|[from] brn
|upkeep
|turn|24
|
|t:|1781482528
|move|p2a: Tornadus|Knock Off|p1a: Slither Wing
|-resisted|p1a: Slither Wing
|-damage|p1a: Slither Wing|96/100
|-damage|p2a: Tornadus|78/100 brn|[from] item: Rocky Helmet|[of] p1a: Slither Wing
|-enditem|p1a: Slither Wing|Rocky Helmet|[from] move: Knock Off|[of] p2a: Tornadus
|move|p1a: Slither Wing|U-turn|p2a: Tornadus
|-resisted|p2a: Tornadus
|-damage|p2a: Tornadus|54/100 brn
|
|t:|1781482530
|-end|p1a: Slither Wing|Protosynthesis|[silent]
|switch|p1a: Torkoal|Torkoal, F|100/100|[from] U-turn
|-weather|SunnyDay|[from] ability: Drought|[of] p1a: Torkoal
|
|-weather|SunnyDay|[upkeep]
|-damage|p2a: Tornadus|48/100 brn|[from] brn
|upkeep
|turn|25
|
|t:|1781482539
|switch|p2a: Slowking|Slowking-Galar, M, tera:Water|61/100 par
|switch|p1a: Slither Wing|Slither Wing|96/100
|-activate|p1a: Slither Wing|ability: Protosynthesis
|-start|p1a: Slither Wing|protosynthesisatk
|
|-weather|SunnyDay|[upkeep]
|upkeep
|turn|26
|
|t:|1781482547
|switch|p2a: Tornadus|Tornadus-Therian, M|81/100 brn
|move|p1a: Slither Wing|U-turn|p2a: Tornadus
|-resisted|p2a: Tornadus
|-damage|p2a: Tornadus|51/100 brn
|
|t:|1781482555
|-end|p1a: Slither Wing|Protosynthesis|[silent]
|switch|p1a: Raging Bolt|Raging Bolt|100/100|[from] U-turn
|-activate|p1a: Raging Bolt|ability: Protosynthesis
|-start|p1a: Raging Bolt|protosynthesisspa
|
|-weather|SunnyDay|[upkeep]
|-damage|p2a: Tornadus|45/100 brn|[from] brn
|upkeep
|turn|27
|
|t:|1781482563
|move|p2a: Tornadus|Knock Off|p1a: Raging Bolt
|-damage|p1a: Raging Bolt|91/100
|-enditem|p1a: Raging Bolt|Choice Specs|[from] move: Knock Off|[of] p2a: Tornadus
|move|p1a: Raging Bolt|Draco Meteor|p2a: Tornadus
|-damage|p2a: Tornadus|0 fnt
|-unboost|p1a: Raging Bolt|spa|2
|faint|p2a: Tornadus
|
|-weather|SunnyDay|[upkeep]
|upkeep
|
|t:|1781482565
|switch|p2a: Great Tusk|Great Tusk|68/100
|-activate|p2a: Great Tusk|ability: Protosynthesis
|-start|p2a: Great Tusk|protosynthesisatk
|turn|28
|
|t:|1781482573
|-end|p1a: Raging Bolt|Protosynthesis|[silent]
|switch|p1a: Slither Wing|Slither Wing|96/100
|-activate|p1a: Slither Wing|ability: Protosynthesis
|-start|p1a: Slither Wing|protosynthesisatk
|move|p2a: Great Tusk|Close Combat|p1a: Slither Wing
|-resisted|p1a: Slither Wing
|-damage|p1a: Slither Wing|61/100
|-unboost|p2a: Great Tusk|def|1
|-unboost|p2a: Great Tusk|spd|1
|
|-weather|SunnyDay|[upkeep]
|upkeep
|turn|29
|
|t:|1781482579
|-end|p2a: Great Tusk|Protosynthesis|[silent]
|switch|p2a: Slowking|Slowking-Galar, M, tera:Water|95/100 par
|move|p1a: Slither Wing|Morning Sun|p1a: Slither Wing
|-heal|p1a: Slither Wing|100/100
|
|-weather|SunnyDay|[upkeep]
|upkeep
|turn|30
|
|t:|1781482592
|move|p1a: Slither Wing|U-turn|p2a: Slowking
|-damage|p2a: Slowking|51/100 par
|
|t:|1781482597
|-end|p1a: Slither Wing|Protosynthesis|[silent]
|switch|p1a: Walking Wake|Walking Wake|60/100|[from] U-turn
|-activate|p1a: Walking Wake|ability: Protosynthesis
|-start|p1a: Walking Wake|protosynthesisspe
|cant|p2a: Slowking|par
|
|-weather|SunnyDay|[upkeep]
|upkeep
|turn|31
|
|t:|1781482604
|move|p1a: Walking Wake|Draco Meteor|p2a: Slowking
|-damage|p2a: Slowking|12/100 par
|-unboost|p1a: Walking Wake|spa|2
|cant|p2a: Slowking|par
|
|-weather|none
|-end|p1a: Walking Wake|Protosynthesis
|upkeep
|turn|32
|
|t:|1781482611
|switch|p2a: Glastrier|Glastrier|100/100
|move|p1a: Walking Wake|Draco Meteor|p2a: Glastrier
|-damage|p2a: Glastrier|74/100
|-unboost|p1a: Walking Wake|spa|2
|
|upkeep
|turn|33
|
|t:|1781482615
|move|p1a: Walking Wake|Flip Turn|p2a: Glastrier
|-damage|p2a: Glastrier|65/100
|
|t:|1781482618
|-end|p1a: Walking Wake|Protosynthesis|[silent]
|switch|p1a: Slither Wing|Slither Wing|100/100|[from] Flip Turn
|move|p2a: Glastrier|Curse|p2a: Glastrier
|-unboost|p2a: Glastrier|spe|1
|-boost|p2a: Glastrier|atk|1
|-boost|p2a: Glastrier|def|1
|
|upkeep
|turn|34
|
|t:|1781482624
|switch|p2a: Slowking|Slowking-Galar, M, tera:Water|45/100 par
|move|p1a: Slither Wing|Will-O-Wisp||[still]
|-fail|p1a: Slither Wing
|
|upkeep
|turn|35
|
|t:|1781482631
|-terastallize|p1a: Slither Wing|Bug
|move|p1a: Slither Wing|U-turn|p2a: Slowking
|-damage|p2a: Slowking|4/100 par
|
|t:|1781482636
|-end|p1a: Slither Wing|Protosynthesis|[silent]
|switch|p1a: Walking Wake|Walking Wake|60/100|[from] U-turn
|-prepare|p2a: Slowking|Chilly Reception|[premajor]
|cant|p2a: Slowking|par
|
|upkeep
|turn|36
|
|t:|1781482651
|move|p1a: Walking Wake|Hydro Steam|p2a: Slowking
|-resisted|p2a: Slowking
|-damage|p2a: Slowking|0 fnt
|faint|p2a: Slowking
|
|upkeep
|
|t:|1781482652
|switch|p2a: Glastrier|Glastrier|65/100
|turn|37
|-activate|p2a: Glastrier|item: Quick Claw
|
|t:|1781482658
|move|p2a: Glastrier|Icicle Crash|p1a: Walking Wake
|-damage|p1a: Walking Wake|1/100
|move|p1a: Walking Wake|Flamethrower|p2a: Glastrier
|-supereffective|p2a: Glastrier
|-damage|p2a: Glastrier|19/100
|
|upkeep
|turn|38
|
|t:|1781482665
|-end|p1a: Walking Wake|Protosynthesis|[silent]
|switch|p1a: Slither Wing|Slither Wing, tera:Bug|100/100
|move|p2a: Glastrier|Icicle Crash|p1a: Slither Wing
|-damage|p1a: Slither Wing|55/100
|
|upkeep
|turn|39
|
|t:|1781482674
|move|p1a: Slither Wing|Will-O-Wisp|p2a: Glastrier
|-status|p2a: Glastrier|brn
|move|p2a: Glastrier|Icicle Crash|p1a: Slither Wing
|-damage|p1a: Slither Wing|33/100
|
|-damage|p2a: Glastrier|13/100 brn|[from] brn
|upkeep
|turn|40
|-activate|p2a: Glastrier|item: Quick Claw
|
|t:|1781482677
|move|p2a: Glastrier|Icicle Crash|p1a: Slither Wing|[miss]
|-miss|p2a: Glastrier|p1a: Slither Wing
|move|p1a: Slither Wing|Morning Sun|p1a: Slither Wing
|-heal|p1a: Slither Wing|83/100
|
|-damage|p2a: Glastrier|7/100 brn|[from] brn
|upkeep
|turn|41
|
|t:|1781482687
|move|p1a: Slither Wing|U-turn|p2a: Glastrier
|-damage|p2a: Glastrier|0 fnt
|faint|p2a: Glastrier
|
|t:|1781482692
|-end|p1a: Slither Wing|Protosynthesis|[silent]
|switch|p1a: Walking Wake|Walking Wake|1/100|[from] U-turn
|
|upkeep
|
|t:|1781482694
|switch|p2a: Great Tusk|Great Tusk|68/100
|turn|42
|
|t:|1781482696
|move|p1a: Walking Wake|Hydro Steam|p2a: Great Tusk
|-supereffective|p2a: Great Tusk
|-damage|p2a: Great Tusk|0 fnt
|faint|p2a: Great Tusk
|-end|p2a: Great Tusk|Protosynthesis|[silent]
|
|win|Xoli
|raw|Xoli's rating: 1622 &rarr; <strong>1638</strong><br />(+16 for winning)
|raw|alt1 lord greed's rating: 1547 &rarr; <strong>1531</strong><br />(-16 for losing)
|l|☆alt1 lord greed
|player|p2|
|l|☆Xoli
|player|p1|
