|j|☆smokesniper3
|j|☆KurisuChestnutOU
|t:|1781116293
|gametype|singles
|player|p1|smokesniper3|veteran|1527
|player|p2|KurisuChestnutOU|2|1518
|gen|9
|tier|[Gen 9] OU
|rated|
|rule|HP Percentage Mod: HP is shown in percentages
|rule|Endless Battle Clause: Forcing endless battles is banned
|rule|Species Clause: Limit one of each Pokémon
|rule|OHKO Clause: OHKO moves are banned
|rule|Evasion Items Clause: Evasion items are banned
|rule|Evasion Moves Clause: Evasion moves are banned
|rule|Evasion Abilities Clause: Evasion abilities are banned
|rule|Sleep Moves Clause: Sleep-inducing moves are banned
|clearpoke
|poke|p1|Decidueye-Hisui, F|
|poke|p1|Iron Crown|
|poke|p1|Ogerpon-Wellspring, F|
|poke|p1|Great Tusk|
|poke|p1|Tornadus-Therian, M|
|poke|p1|Darkrai|
|poke|p2|Hawlucha, F|
|poke|p2|Samurott-Hisui, F|
|poke|p2|Rillaboom, F|
|poke|p2|Gholdengo|
|poke|p2|Kyurem|
|poke|p2|Landorus-Therian, M|
|teampreview
|inactive|Battle timer is ON: inactive players will automatically lose when time's up. (requested by KurisuChestnutOU)
|
|t:|1781116302
|teamsize|p1|6
|teamsize|p2|6
|start
|switch|p1a: Decidueye|Decidueye-Hisui, F|100/100
|switch|p2a: Kyurem|Kyurem|100/100
|-ability|p2a: Kyurem|Pressure
|turn|1
|
|t:|1781116317
|-terastallize|p2a: Kyurem|Poison
|move|p2a: Kyurem|Ice Beam|p1a: Decidueye
|-supereffective|p1a: Decidueye
|-damage|p1a: Decidueye|7/100
|-status|p1a: Decidueye|frz
|-curestatus|p1a: Decidueye|frz|[msg]
|move|p1a: Decidueye|Triple Arrows|p2a: Kyurem
|-resisted|p2a: Kyurem
|-damage|p2a: Kyurem|84/100
|-unboost|p2a: Kyurem|def|1
|
|upkeep
|turn|2
|
|t:|1781116332
|move|p2a: Kyurem|Earth Power|p1a: Decidueye
|-resisted|p1a: Decidueye
|-damage|p1a: Decidueye|0 fnt
|faint|p1a: Decidueye
|
|upkeep
|
|t:|1781116338
|switch|p1a: Iron Crown|Iron Crown|100/100
|turn|3
|
|t:|1781116344
|switch|p2a: Samurott|Samurott-Hisui, F|100/100
|move|p1a: Iron Crown|Future Sight|p2a: Samurott
|-start|p1a: Iron Crown|move: Future Sight
|
|upkeep
|turn|4
|j| malicious M
|
|t:|1781116351
|-end|p1a: Iron Crown|Quark Drive|[silent]
|switch|p1a: Ogerpon|Ogerpon-Wellspring, F|100/100
|move|p2a: Samurott|Ceaseless Edge|p1a: Ogerpon
|-damage|p1a: Ogerpon|45/100
|-sidestart|p1: smokesniper3|Spikes
|
|upkeep
|turn|5
|
|t:|1781116358
|switch|p2a: Gholdengo|Gholdengo|100/100
|move|p1a: Ogerpon|Power Whip|p2a: Gholdengo
|-resisted|p2a: Gholdengo
|-damage|p2a: Gholdengo|63/100
|
|-end|p2a: Gholdengo|move: Future Sight
|-resisted|p2a: Gholdengo
|-damage|p2a: Gholdengo|28/100
|upkeep
|turn|6
|
|t:|1781116367
|switch|p1a: Tornadus|Tornadus-Therian, M|100/100
|move|p2a: Gholdengo|Shadow Ball|p1a: Tornadus
|-damage|p1a: Tornadus|71/100
|
|upkeep
|turn|7
|
|t:|1781116375
|move|p2a: Gholdengo|Shadow Ball|p1a: Tornadus
|-damage|p1a: Tornadus|41/100
|move|p1a: Tornadus|Knock Off|p2a: Gholdengo
|-supereffective|p2a: Gholdengo
|-damage|p2a: Gholdengo|0 fnt
|-enditem|p2a: Gholdengo|Choice Scarf|[from] move: Knock Off|[of] p1a: Tornadus
|faint|p2a: Gholdengo
|
|upkeep
|
|t:|1781116381
|switch|p2a: Kyurem|Kyurem, tera:Poison|84/100
|-ability|p2a: Kyurem|Pressure
|turn|8
|
|t:|1781116404
|move|p1a: Tornadus|U-turn|p2a: Kyurem
|-resisted|p2a: Kyurem
|-damage|p2a: Kyurem|77/100
|
|t:|1781116407
|switch|p1a: Iron Crown|Iron Crown|100/100|[from] U-turn
|-damage|p1a: Iron Crown|88/100|[from] Spikes
|move|p2a: Kyurem|Focus Blast|p1a: Iron Crown|[miss]
|-miss|p2a: Kyurem|p1a: Iron Crown
|
|upkeep
|turn|9
|
|t:|1781116416
|move|p1a: Iron Crown|Future Sight|p2a: Kyurem
|-start|p1a: Iron Crown|move: Future Sight
|move|p2a: Kyurem|Earth Power|p1a: Iron Crown
|-supereffective|p1a: Iron Crown
|-damage|p1a: Iron Crown|49/100
|
|upkeep
|turn|10
|
|t:|1781116420
|move|p1a: Iron Crown|Volt Switch|p2a: Kyurem
|-damage|p2a: Kyurem|62/100
|
|t:|1781116423
|-end|p1a: Iron Crown|Quark Drive|[silent]
|switch|p1a: Tornadus|Tornadus-Therian, M|74/100|[from] Volt Switch
|move|p2a: Kyurem|Ice Beam|p1a: Tornadus
|-supereffective|p1a: Tornadus
|-damage|p1a: Tornadus|5/100
|
|upkeep
|turn|11
|
|t:|1781116439
|switch|p2a: Samurott|Samurott-Hisui, F|100/100
|move|p1a: Tornadus|U-turn|p2a: Samurott
|-supereffective|p2a: Samurott
|-damage|p2a: Samurott|65/100
|
|t:|1781116447
|switch|p1a: Ogerpon|Ogerpon-Wellspring, F|45/100|[from] U-turn
|-damage|p1a: Ogerpon|33/100|[from] Spikes
|
|-end|p2a: Samurott|move: Future Sight
|-immune|p2a: Samurott
|upkeep
|turn|12
|
|t:|1781116456
|switch|p1a: Tornadus|Tornadus-Therian, M|38/100
|move|p2a: Samurott|Sucker Punch||[still]
|-fail|p2a: Samurott
|
|upkeep
|turn|13
|
|t:|1781116466
|switch|p1a: Great Tusk|Great Tusk|100/100
|-damage|p1a: Great Tusk|88/100|[from] Spikes
|switch|p2a: Kyurem|Kyurem, tera:Poison|62/100
|-ability|p2a: Kyurem|Pressure
|
|upkeep
|turn|14
|
|t:|1781116495
|-end|p1a: Great Tusk|Protosynthesis|[silent]
|switch|p1a: Iron Crown|Iron Crown|49/100
|-damage|p1a: Iron Crown|37/100|[from] Spikes
|move|p2a: Kyurem|Ice Beam|p1a: Iron Crown
|-resisted|p1a: Iron Crown
|-damage|p1a: Iron Crown|22/100
|
|upkeep
|turn|15
|
|t:|1781116506
|switch|p2a: Samurott|Samurott-Hisui, F|65/100
|move|p1a: Iron Crown|Tachyon Cutter|p2a: Samurott
|-resisted|p2a: Samurott
|-damage|p2a: Samurott|56/100
|-resisted|p2a: Samurott
|-damage|p2a: Samurott|48/100
|-hitcount|p2a: Samurott|2
|
|upkeep
|turn|16
|
|t:|1781116517
|move|p2a: Samurott|Sucker Punch|p1a: Iron Crown
|-supereffective|p1a: Iron Crown
|-damage|p1a: Iron Crown|0 fnt
|faint|p1a: Iron Crown
|-end|p1a: Iron Crown|Quark Drive|[silent]
|
|upkeep
|
|t:|1781116524
|switch|p1a: Tornadus|Tornadus-Therian, M|71/100
|turn|17
|
|t:|1781116528
|move|p1a: Tornadus|U-turn|p2a: Samurott
|-supereffective|p2a: Samurott
|-damage|p2a: Samurott|15/100
|
|t:|1781116534
|switch|p1a: Great Tusk|Great Tusk|88/100|[from] U-turn
|-damage|p1a: Great Tusk|76/100|[from] Spikes
|move|p2a: Samurott|Knock Off|p1a: Great Tusk
|-resisted|p1a: Great Tusk
|-damage|p1a: Great Tusk|63/100
|-damage|p2a: Samurott|0 fnt|[from] item: Rocky Helmet|[of] p1a: Great Tusk
|faint|p2a: Samurott
|
|upkeep
|
|t:|1781116537
|switch|p2a: Kyurem|Kyurem, tera:Poison|62/100
|-ability|p2a: Kyurem|Pressure
|turn|18
|
|t:|1781116543
|move|p2a: Kyurem|Ice Beam|p1a: Great Tusk
|-supereffective|p1a: Great Tusk
|-damage|p1a: Great Tusk|0 fnt
|faint|p1a: Great Tusk
|-end|p1a: Great Tusk|Protosynthesis|[silent]
|
|upkeep
|
|t:|1781116562
|switch|p1a: Tornadus|Tornadus-Therian, M|100/100
|turn|19
|
|t:|1781116566
|move|p1a: Tornadus|Knock Off|p2a: Kyurem
|-damage|p2a: Kyurem|44/100
|-enditem|p2a: Kyurem|Assault Vest|[from] move: Knock Off|[of] p1a: Tornadus
|move|p2a: Kyurem|Ice Beam|p1a: Tornadus
|-supereffective|p1a: Tornadus
|-damage|p1a: Tornadus|40/100
|
|upkeep
|turn|20
|
|t:|1781116577
|move|p1a: Tornadus|U-turn|p2a: Kyurem
|-resisted|p2a: Kyurem
|-damage|p2a: Kyurem|37/100
|
|t:|1781116579
|switch|p1a: Ogerpon|Ogerpon-Wellspring, F|33/100|[from] U-turn
|-damage|p1a: Ogerpon|20/100|[from] Spikes
|move|p2a: Kyurem|Freeze-Dry|p1a: Ogerpon
|-supereffective|p1a: Ogerpon
|-damage|p1a: Ogerpon|0 fnt
|faint|p1a: Ogerpon
|
|upkeep
|
|t:|1781116581
|switch|p1a: Darkrai|Darkrai|100/100
|-damage|p1a: Darkrai|88/100|[from] Spikes
|turn|21
|
|t:|1781116596
|-terastallize|p1a: Darkrai|Dark
|move|p1a: Darkrai|Dark Pulse|p2a: Kyurem
|-damage|p2a: Kyurem|0 fnt
|faint|p2a: Kyurem
|
|upkeep
|
|t:|1781116600
|switch|p2a: Hawlucha|Hawlucha, F|100/100
|turn|22
|
|t:|1781116606
|move|p1a: Darkrai|Dark Pulse|p2a: Hawlucha
|-resisted|p2a: Hawlucha
|-damage|p2a: Hawlucha|57/100
|move|p2a: Hawlucha|Low Kick|p1a: Darkrai
|-supereffective|p1a: Darkrai
|-damage|p1a: Darkrai|0 fnt
|faint|p1a: Darkrai
|
|upkeep
|
|t:|1781116611
|switch|p1a: Tornadus|Tornadus-Therian, M|73/100
|turn|23
|
|t:|1781116614
|move|p1a: Tornadus|Bleakwind Storm|p2a: Hawlucha
|-supereffective|p2a: Hawlucha
|-damage|p2a: Hawlucha|0 fnt
|faint|p2a: Hawlucha
|
|upkeep
|
|t:|1781116618
|switch|p2a: Landorus|Landorus-Therian, M|100/100
|-ability|p2a: Landorus|Intimidate|boost
|-unboost|p1a: Tornadus|atk|1
|turn|24
|
|t:|1781116623
|move|p1a: Tornadus|Bleakwind Storm|p2a: Landorus|[miss]
|-miss|p1a: Tornadus|p2a: Landorus
|move|p2a: Landorus|U-turn|p1a: Tornadus
|-resisted|p1a: Tornadus
|-damage|p1a: Tornadus|61/100
|
|t:|1781116627
|switch|p2a: Rillaboom|Rillaboom, F|100/100|[from] U-turn
|-fieldstart|move: Grassy Terrain|[from] ability: Grassy Surge|[of] p2a: Rillaboom
|
|upkeep
|turn|25
|
|t:|1781116632
|move|p1a: Tornadus|Bleakwind Storm|p2a: Rillaboom
|-supereffective|p2a: Rillaboom
|-damage|p2a: Rillaboom|7/100
|-unboost|p2a: Rillaboom|spe|1
|move|p2a: Rillaboom|Knock Off|p1a: Tornadus
|-damage|p1a: Tornadus|20/100
|-enditem|p1a: Tornadus|Assault Vest|[from] move: Knock Off|[of] p2a: Rillaboom
|
|-heal|p2a: Rillaboom|14/100|[from] Grassy Terrain
|upkeep
|turn|26
|
|t:|1781116651
|move|p2a: Rillaboom|Grassy Glide|p1a: Tornadus
|-resisted|p1a: Tornadus
|-damage|p1a: Tornadus|0 fnt
|faint|p1a: Tornadus
|
|win|KurisuChestnutOU
|raw|smokesniper3's rating: 1527 &rarr; <strong>1506</strong><br />(-21 for losing)
|raw|KurisuChestnutOU's rating: 1518 &rarr; <strong>1539</strong><br />(+21 for winning)
|l|☆KurisuChestnutOU
|player|p2|
|c|☆smokesniper3|gg
|l| malicious M
|l|☆smokesniper3
|player|p1|
