|j|☆typhoon9
|j|☆kooopooolooo
|t:|1781281627
|gametype|singles
|player|p1|typhoon9|swimmerf-gen4dp|1577
|player|p2|kooopooolooo|169|1565
|gen|9
|tier|[Gen 9] OU
|rated|
|rule|HP Percentage Mod: HP is shown in percentages
|rule|Endless Battle Clause: Forcing endless battles is banned
|rule|Species Clause: Limit one of each Pokémon
|rule|OHKO Clause: OHKO moves are banned
|rule|Evasion Items Clause: Evasion items are banned
|rule|Evasion Moves Clause: Evasion moves are banned
|rule|Evasion Abilities Clause: Evasion abilities are banned
|rule|Sleep Moves Clause: Sleep-inducing moves are banned
|clearpoke
|poke|p1|Hatterene, F|
|poke|p1|Ursaluna, M|
|poke|p1|Porygon2|
|poke|p1|Cresselia, F|
|poke|p1|Iron Hands|
|poke|p1|Volcanion|
|poke|p2|Deoxys-Speed|
|poke|p2|Manaphy|
|poke|p2|Garchomp, F|
|poke|p2|Mew|
|poke|p2|Darkrai|
|poke|p2|Latios, M|
|teampreview
|
|t:|1781281635
|teamsize|p1|6
|teamsize|p2|6
|start
|switch|p1a: Hatterene|Hatterene, F|100/100
|switch|p2a: Darkrai|Darkrai|100/100
|turn|1
|inactive|Battle timer is ON: inactive players will automatically lose when time's up. (requested by typhoon9)
|
|t:|1781281637
|move|p2a: Darkrai|Dark Pulse|p1a: Hatterene
|-damage|p1a: Hatterene|37/100
|-damage|p2a: Darkrai|91/100|[from] item: Life Orb
|cant|p1a: Hatterene|flinch
|
|upkeep
|turn|2
|
|t:|1781281645
|switch|p1a: Porygon2|Porygon2|100/100
|-ability|p1a: Porygon2|Download|boost
|-boost|p1a: Porygon2|spa|1
|move|p2a: Darkrai|Sludge Bomb|p1a: Porygon2
|-damage|p1a: Porygon2|74/100
|-damage|p2a: Darkrai|81/100|[from] item: Life Orb
|
|upkeep
|turn|3
|
|t:|1781281652
|move|p2a: Darkrai|Focus Blast|p1a: Porygon2
|-supereffective|p1a: Porygon2
|-damage|p1a: Porygon2|3/100
|-damage|p2a: Darkrai|71/100|[from] item: Life Orb
|move|p1a: Porygon2|Trick Room|p1a: Porygon2
|-fieldstart|move: Trick Room|[of] p1a: Porygon2
|
|upkeep
|turn|4
|
|t:|1781281659
|move|p1a: Porygon2|Ice Beam|p2a: Darkrai
|-damage|p2a: Darkrai|14/100
|move|p2a: Darkrai|Dark Pulse|p1a: Porygon2
|-damage|p1a: Porygon2|0 fnt
|faint|p1a: Porygon2
|-damage|p2a: Darkrai|5/100|[from] item: Life Orb
|
|upkeep
|
|t:|1781281663
|switch|p1a: Ursaluna|Ursaluna, M|100/100
|turn|5
|
|t:|1781281665
|move|p1a: Ursaluna|Facade|p2a: Darkrai
|-damage|p2a: Darkrai|0 fnt
|faint|p2a: Darkrai
|
|-status|p1a: Ursaluna|brn|[from] item: Flame Orb
|upkeep
|
|t:|1781281672
|switch|p2a: Deoxys|Deoxys-Speed|100/100
|-ability|p2a: Deoxys|Pressure
|turn|6
|
|t:|1781281675
|move|p1a: Ursaluna|Facade|p2a: Deoxys
|-enditem|p2a: Deoxys|Focus Sash
|-damage|p2a: Deoxys|1/100
|move|p2a: Deoxys|Stealth Rock|p1a: Ursaluna
|-sidestart|p1: typhoon9|move: Stealth Rock
|
|-damage|p1a: Ursaluna|94/100 brn|[from] brn
|upkeep
|turn|7
|
|t:|1781281680
|move|p1a: Ursaluna|Facade|p2a: Deoxys
|-damage|p2a: Deoxys|0 fnt
|faint|p2a: Deoxys
|
|-damage|p1a: Ursaluna|88/100 brn|[from] brn
|-fieldend|move: Trick Room
|upkeep
|
|t:|1781281682
|switch|p2a: Manaphy|Manaphy|100/100
|turn|8
|
|t:|1781281684
|-terastallize|p1a: Ursaluna|Normal
|move|p2a: Manaphy|Surf|p1a: Ursaluna
|-damage|p1a: Ursaluna|56/100 brn
|move|p1a: Ursaluna|Facade|p2a: Manaphy
|-damage|p2a: Manaphy|0 fnt
|faint|p2a: Manaphy
|
|-damage|p1a: Ursaluna|50/100 brn|[from] brn
|upkeep
|
|t:|1781281694
|switch|p2a: Mew|Mew|100/100
|turn|9
|
|t:|1781281696
|move|p2a: Mew|Close Combat|p1a: Ursaluna
|-supereffective|p1a: Ursaluna
|-damage|p1a: Ursaluna|0 fnt
|-unboost|p2a: Mew|def|1
|-unboost|p2a: Mew|spd|1
|faint|p1a: Ursaluna
|-damage|p2a: Mew|91/100|[from] item: Life Orb
|
|upkeep
|
|t:|1781281702
|switch|p1a: Cresselia|Cresselia, F, shiny|100/100
|-damage|p1a: Cresselia|88/100|[from] Stealth Rock
|turn|10
|
|t:|1781281706
|move|p2a: Mew|Leech Life|p1a: Cresselia
|-supereffective|p1a: Cresselia
|-crit|p1a: Cresselia
|-damage|p1a: Cresselia|36/100
|-heal|p2a: Mew|100/100|[from] drain|[of] p1a: Cresselia
|-damage|p2a: Mew|91/100|[from] item: Life Orb
|move|p1a: Cresselia|Trick Room|p1a: Cresselia
|-fieldstart|move: Trick Room|[of] p1a: Cresselia
|
|upkeep
|turn|11
|
|t:|1781281717
|move|p1a: Cresselia|Lunar Dance|p1a: Cresselia
|faint|p1a: Cresselia
|move|p2a: Mew|Leech Life|p1: Cresselia|[notarget]
|-fail|p2a: Mew
|
|upkeep
|j| jsnsddk
|
|t:|1781281722
|switch|p1a: Volcanion|Volcanion|100/100
|-damage|p1a: Volcanion|76/100|[from] Stealth Rock
|turn|12
|
|t:|1781281726
|move|p1a: Volcanion|Steam Eruption|p2a: Mew
|-damage|p2a: Mew|0 fnt
|faint|p2a: Mew
|
|upkeep
|
|t:|1781281732
|switch|p2a: Latios|Latios, M|100/100
|turn|13
|
|t:|1781281734
|move|p1a: Volcanion|Steam Eruption|p2a: Latios
|-resisted|p2a: Latios
|-damage|p2a: Latios|54/100
|move|p2a: Latios|Calm Mind|p2a: Latios
|-boost|p2a: Latios|spa|1
|-boost|p2a: Latios|spd|1
|
|upkeep
|turn|14
|
|t:|1781281740
|move|p1a: Volcanion|Steam Eruption|p2a: Latios
|-resisted|p2a: Latios
|-damage|p2a: Latios|20/100
|move|p2a: Latios|Calm Mind|p2a: Latios
|-boost|p2a: Latios|spa|1
|-boost|p2a: Latios|spd|1
|
|-fieldend|move: Trick Room
|upkeep
|turn|15
|
|t:|1781281744
|move|p2a: Latios|Luster Purge|p1a: Volcanion
|-damage|p1a: Volcanion|0 fnt
|faint|p1a: Volcanion
|
|upkeep
|
|t:|1781281746
|switch|p1a: Hatterene|Hatterene, F|37/100
|-heal|p1a: Hatterene|100/100|[from] move: Lunar Dance
|-damage|p1a: Hatterene|88/100|[from] Stealth Rock
|turn|16
|
|t:|1781281749
|move|p2a: Latios|Luster Purge|p1a: Hatterene
|-resisted|p1a: Hatterene
|-damage|p1a: Hatterene|31/100
|move|p1a: Hatterene|Trick Room|p1a: Hatterene
|-fieldstart|move: Trick Room|[of] p1a: Hatterene
|
|upkeep
|turn|17
|
|t:|1781281752
|move|p1a: Hatterene|Dazzling Gleam|p2a: Latios
|-supereffective|p2a: Latios
|-damage|p2a: Latios|0 fnt
|faint|p2a: Latios
|
|upkeep
|
|t:|1781281754
|switch|p2a: Garchomp|Garchomp, F|100/100
|turn|18
|
|t:|1781281758
|-terastallize|p2a: Garchomp|Fire
|move|p1a: Hatterene|Dazzling Gleam|p2a: Garchomp
|-resisted|p2a: Garchomp
|-damage|p2a: Garchomp|73/100
|move|p2a: Garchomp|Swords Dance|p2a: Garchomp
|-boost|p2a: Garchomp|atk|2
|
|upkeep
|turn|19
|
|t:|1781281764
|move|p1a: Hatterene|Healing Wish|p1a: Hatterene
|faint|p1a: Hatterene
|move|p2a: Garchomp|Swords Dance|p2a: Garchomp
|-boost|p2a: Garchomp|atk|2
|
|upkeep
|
|t:|1781281765
|switch|p1a: Za Hands|Iron Hands|100/100
|-damage|p1a: Za Hands|94/100|[from] Stealth Rock
|-enditem|p1a: Za Hands|Booster Energy
|-activate|p1a: Za Hands|ability: Quark Drive|[fromitem]
|-start|p1a: Za Hands|quarkdriveatk
|turn|20
|
|t:|1781281768
|move|p1a: Za Hands|Wild Charge|p2a: Garchomp
|-damage|p2a: Garchomp|2/100
|-damage|p1a: Za Hands|82/100|[from] ability: Rough Skin|[of] p2a: Garchomp
|-damage|p1a: Za Hands|70/100|[from] Recoil
|move|p2a: Garchomp|Scale Shot|p1a: Za Hands
|-damage|p1a: Za Hands|46/100
|-damage|p1a: Za Hands|23/100
|-damage|p1a: Za Hands|0 fnt
|faint|p1a: Za Hands
|-end|p1a: Za Hands|Quark Drive|[silent]
|-hitcount|p1: Za Hands|3
|
|win|kooopooolooo
|raw|typhoon9's rating: 1577 &rarr; <strong>1556</strong><br />(-21 for losing)
|raw|kooopooolooo's rating: 1565 &rarr; <strong>1586</strong><br />(+21 for winning)
|l|☆kooopooolooo
|player|p2|
|l|☆typhoon9
|player|p1|
