|j|☆isaac_gam3r
|j|☆portobellomushroom
|t:|1781493736
|gametype|singles
|player|p1|isaac_gam3r|acetrainer-gen4dp|1567
|player|p2|portobellomushroom|turo-ai|1646
|gen|9
|tier|[Gen 9] OU
|rated|
|rule|HP Percentage Mod: HP is shown in percentages
|rule|Endless Battle Clause: Forcing endless battles is banned
|rule|Species Clause: Limit one of each Pokémon
|rule|OHKO Clause: OHKO moves are banned
|rule|Evasion Items Clause: Evasion items are banned
|rule|Evasion Moves Clause: Evasion moves are banned
|rule|Evasion Abilities Clause: Evasion abilities are banned
|rule|Sleep Moves Clause: Sleep-inducing moves are banned
|clearpoke
|poke|p1|Primarina, F|
|poke|p1|Raging Bolt|
|poke|p1|Heatran, M|
|poke|p1|Weezing-Galar, M|
|poke|p1|Garchomp, M|
|poke|p1|Weavile, M|
|poke|p2|Glimmora, F|
|poke|p2|Polteageist|
|poke|p2|Deoxys-Speed|
|poke|p2|Great Tusk|
|poke|p2|Dragonite, M|
|poke|p2|Iron Valiant|
|teampreview
|inactive|Battle timer is ON: inactive players will automatically lose when time's up. (requested by portobellomushroom)
|j| Shucklepilled
|
|t:|1781493752
|teamsize|p1|6
|teamsize|p2|6
|start
|switch|p1a: Primarina|Primarina, F, shiny|100/100
|switch|p2a: glim glam|Glimmora, F|100/100
|turn|1
|
|t:|1781493766
|move|p2a: glim glam|Mortal Spin|p1a: Primarina
|-supereffective|p1a: Primarina
|-damage|p1a: Primarina|87/100
|-status|p1a: Primarina|psn
|move|p1a: Primarina|Sparkling Aria|p2a: glim glam
|-supereffective|p2a: glim glam
|-enditem|p2a: glim glam|Focus Sash
|-damage|p2a: glim glam|1/100
|
|-heal|p1a: Primarina|93/100 psn|[from] item: Leftovers
|-damage|p1a: Primarina|81/100 psn|[from] psn
|upkeep
|turn|2
|
|t:|1781493773
|move|p2a: glim glam|Stealth Rock|p1a: Primarina
|-sidestart|p1: isaac_gam3r|move: Stealth Rock
|move|p1a: Primarina|Sparkling Aria|p2a: glim glam
|-supereffective|p2a: glim glam
|-damage|p2a: glim glam|0 fnt
|faint|p2a: glim glam
|
|-heal|p1a: Primarina|87/100 psn|[from] item: Leftovers
|-damage|p1a: Primarina|75/100 psn|[from] psn
|upkeep
|
|t:|1781493779
|switch|p2a: drank|Polteageist|100/100
|turn|3
|
|t:|1781493783
|move|p2a: drank|Shell Smash|p2a: drank
|-unboost|p2a: drank|def|1
|-unboost|p2a: drank|spd|1
|-boost|p2a: drank|atk|2
|-boost|p2a: drank|spa|2
|-boost|p2a: drank|spe|2
|move|p1a: Primarina|Sparkling Aria|p2a: drank
|-damage|p2a: drank|3/100
|
|-heal|p1a: Primarina|81/100 psn|[from] item: Leftovers
|-damage|p1a: Primarina|68/100 psn|[from] psn
|upkeep
|turn|4
|
|t:|1781493788
|move|p2a: drank|Shadow Ball|p1a: Primarina
|-damage|p1a: Primarina|0 fnt
|faint|p1a: Primarina
|
|upkeep
|
|t:|1781493793
|switch|p1a: Weavile|Weavile, M|100/100
|-damage|p1a: Weavile|76/100|[from] Stealth Rock
|-ability|p1a: Weavile|Pressure
|turn|5
|j| TwistedZz
|
|t:|1781493818
|move|p1a: Weavile|Ice Shard|p2a: drank
|-damage|p2a: drank|0 fnt
|faint|p2a: drank
|
|upkeep
|inactive|portobellomushroom has 120 seconds left.
|
|t:|1781493846
|switch|p2a: which set?|Iron Valiant|100/100
|-enditem|p2a: which set?|Booster Energy
|-activate|p2a: which set?|ability: Quark Drive|[fromitem]
|-start|p2a: which set?|quarkdrivespe
|turn|6
|
|t:|1781493854
|move|p1a: Weavile|Ice Shard|p2a: which set?
|-damage|p2a: which set?|74/100
|move|p2a: which set?|Swords Dance|p2a: which set?
|-boost|p2a: which set?|atk|2
|
|upkeep
|turn|7
|inactive|portobellomushroom has 120 seconds left.
|
|t:|1781493863
|move|p1a: Weavile|Ice Shard|p2a: which set?
|-damage|p2a: which set?|47/100
|move|p2a: which set?|Swords Dance|p2a: which set?
|-boost|p2a: which set?|atk|2
|
|upkeep
|turn|8
|
|t:|1781493867
|move|p1a: Weavile|Ice Shard|p2a: which set?
|-damage|p2a: which set?|20/100
|move|p2a: which set?|Knock Off|p1a: Weavile
|-resisted|p1a: Weavile
|-damage|p1a: Weavile|0 fnt
|-enditem|p1a: Weavile|Focus Sash|[from] move: Knock Off|[of] p2a: which set?
|faint|p1a: Weavile
|
|upkeep
|
|t:|1781493870
|switch|p1a: Raging Bolt|Raging Bolt|100/100
|-damage|p1a: Raging Bolt|88/100|[from] Stealth Rock
|turn|9
|
|t:|1781493887
|move|p1a: Raging Bolt|Thunderclap||[still]
|-fail|p1a: Raging Bolt
|move|p2a: which set?|Swords Dance|p2a: which set?
|-boost|p2a: which set?|atk|2
|
|-heal|p1a: Raging Bolt|94/100|[from] item: Leftovers
|upkeep
|turn|10
|c| TwistedZz|Tbolt
|
|t:|1781493890
|move|p1a: Raging Bolt|Thunderclap||[still]
|-fail|p1a: Raging Bolt
|move|p2a: which set?|Swords Dance|p2a: which set?
|-boost|p2a: which set?|atk|0
|
|-heal|p1a: Raging Bolt|100/100|[from] item: Leftovers
|upkeep
|turn|11
|
|t:|1781493895
|move|p1a: Raging Bolt|Thunderclap|p2a: which set?
|-damage|p2a: which set?|0 fnt
|faint|p2a: which set?
|-end|p2a: which set?|Quark Drive|[silent]
|
|upkeep
|
|t:|1781493897
|switch|p2a: great donphan|Great Tusk|100/100
|-enditem|p2a: great donphan|Booster Energy
|-activate|p2a: great donphan|ability: Protosynthesis|[fromitem]
|-start|p2a: great donphan|protosynthesisspe
|turn|12
|
|t:|1781493900
|-end|p1a: Raging Bolt|Protosynthesis|[silent]
|switch|p1a: Weezing|Weezing-Galar, M, shiny|100/100
|-damage|p1a: Weezing|88/100|[from] Stealth Rock
|move|p2a: great donphan|Bulk Up|p2a: great donphan
|-boost|p2a: great donphan|atk|1
|-boost|p2a: great donphan|def|1
|
|-heal|p1a: Weezing|94/100|[from] item: Black Sludge
|upkeep
|turn|13
|
|t:|1781493921
|move|p2a: great donphan|Stone Edge|p1a: Weezing
|-damage|p1a: Weezing|68/100
|move|p1a: Weezing|Will-O-Wisp|p2a: great donphan
|-status|p2a: great donphan|brn
|
|-heal|p1a: Weezing|74/100|[from] item: Black Sludge
|-damage|p2a: great donphan|94/100 brn|[from] brn
|upkeep
|turn|14
|
|t:|1781493926
|move|p2a: great donphan|Stone Edge|p1a: Weezing
|-damage|p1a: Weezing|61/100
|move|p1a: Weezing|Defog|p2a: great donphan
|-unboost|p2a: great donphan|evasion|1
|-sideend|p1: isaac_gam3r|Stealth Rock|[from] move: Defog|[of] p1a: Weezing
|
|-heal|p1a: Weezing|67/100|[from] item: Black Sludge
|-damage|p2a: great donphan|88/100 brn|[from] brn
|upkeep
|turn|15
|
|t:|1781493930
|move|p2a: great donphan|Stone Edge|p1a: Weezing
|-damage|p1a: Weezing|53/100
|move|p1a: Weezing|Pain Split|p2a: great donphan
|-sethp|p2a: great donphan|64/100 brn|[from] move: Pain Split|[silent]
|-sethp|p1a: Weezing|83/100|[from] move: Pain Split
|
|-heal|p1a: Weezing|89/100|[from] item: Black Sludge
|-damage|p2a: great donphan|58/100 brn|[from] brn
|upkeep
|turn|16
|
|t:|1781493932
|move|p2a: great donphan|Bulk Up|p2a: great donphan
|-boost|p2a: great donphan|atk|1
|-boost|p2a: great donphan|def|1
|move|p1a: Weezing|Strange Steam|p2a: great donphan
|-supereffective|p2a: great donphan
|-damage|p2a: great donphan|0 fnt
|faint|p2a: great donphan
|-end|p2a: great donphan|Protosynthesis|[silent]
|
|-heal|p1a: Weezing|95/100|[from] item: Black Sludge
|upkeep
|
|t:|1781493936
|switch|p2a: liting mcgoo|Deoxys-Speed|100/100
|-ability|p2a: liting mcgoo|Pressure
|turn|17
|
|t:|1781493941
|switch|p1a: Heatran|Heatran, M|100/100
|move|p2a: liting mcgoo|Psycho Boost|p1a: Heatran
|-resisted|p1a: Heatran
|-damage|p1a: Heatran|79/100
|-unboost|p2a: liting mcgoo|spa|2
|-damage|p2a: liting mcgoo|91/100|[from] item: Life Orb
|
|upkeep
|turn|18
|
|t:|1781493959
|switch|p2a: Dnite|Dragonite, M|100/100
|switch|p1a: Raging Bolt|Raging Bolt|100/100
|
|upkeep
|turn|19
|
|t:|1781493963
|move|p2a: Dnite|Earthquake|p1a: Raging Bolt
|-supereffective|p1a: Raging Bolt
|-damage|p1a: Raging Bolt|31/100
|move|p1a: Raging Bolt|Dragon Pulse|p2a: Dnite
|-supereffective|p2a: Dnite
|-damage|p2a: Dnite|55/100
|
|-heal|p1a: Raging Bolt|38/100|[from] item: Leftovers
|upkeep
|turn|20
|
|t:|1781493966
|move|p2a: Dnite|Extreme Speed|p1a: Raging Bolt
|-damage|p1a: Raging Bolt|12/100
|move|p1a: Raging Bolt|Dragon Pulse|p2a: Dnite
|-supereffective|p2a: Dnite
|-damage|p2a: Dnite|0 fnt
|faint|p2a: Dnite
|
|-heal|p1a: Raging Bolt|19/100|[from] item: Leftovers
|upkeep
|
|t:|1781493970
|switch|p2a: liting mcgoo|Deoxys-Speed|91/100
|-ability|p2a: liting mcgoo|Pressure
|turn|21
|
|t:|1781493981
|move|p1a: Raging Bolt|Thunderclap|p2a: liting mcgoo
|-damage|p2a: liting mcgoo|33/100
|move|p2a: liting mcgoo|Shadow Ball|p1a: Raging Bolt
|-damage|p1a: Raging Bolt|0 fnt
|faint|p1a: Raging Bolt
|-end|p1a: Raging Bolt|Protosynthesis|[silent]
|-damage|p2a: liting mcgoo|23/100|[from] item: Life Orb
|
|upkeep
|
|t:|1781493984
|switch|p1a: Heatran|Heatran, M|79/100
|turn|22
|
|t:|1781493988
|-terastallize|p2a: liting mcgoo|Fighting
|move|p2a: liting mcgoo|Focus Blast|p1a: Heatran|[miss]
|-miss|p2a: liting mcgoo|p1a: Heatran
|move|p1a: Heatran|Lava Plume|p2a: liting mcgoo
|-damage|p2a: liting mcgoo|0 fnt
|faint|p2a: liting mcgoo
|
|win|isaac_gam3r
|raw|isaac_gam3r's rating: 1567 &rarr; <strong>1591</strong><br />(+24 for winning)
|raw|portobellomushroom's rating: 1646 &rarr; <strong>1622</strong><br />(-24 for losing)
|l|☆portobellomushroom
|player|p2|
|l|☆isaac_gam3r
|player|p1|
|l| TwistedZz
