|j|☆huilaoshi1111
|j|☆KurisuChestnutOU
|t:|1781174807
|gametype|singles
|player|p1|huilaoshi1111|266|1603
|player|p2|KurisuChestnutOU|may-contest|1615
|gen|9
|tier|[Gen 9] OU
|rated|
|rule|HP Percentage Mod: HP is shown in percentages
|rule|Endless Battle Clause: Forcing endless battles is banned
|rule|Species Clause: Limit one of each Pokémon
|rule|OHKO Clause: OHKO moves are banned
|rule|Evasion Items Clause: Evasion items are banned
|rule|Evasion Moves Clause: Evasion moves are banned
|rule|Evasion Abilities Clause: Evasion abilities are banned
|rule|Sleep Moves Clause: Sleep-inducing moves are banned
|clearpoke
|poke|p1|Mienshao, M|
|poke|p1|Blissey, F|
|poke|p1|Slowbro, M|
|poke|p1|Krookodile, F|
|poke|p1|Talonflame, F|
|poke|p1|Zoroark-Hisui, F|
|poke|p2|Hawlucha, F|
|poke|p2|Samurott-Hisui, F|
|poke|p2|Rillaboom, F|
|poke|p2|Gholdengo|
|poke|p2|Kyurem|
|poke|p2|Landorus-Therian, M|
|teampreview
|inactive|Battle timer is ON: inactive players will automatically lose when time's up. (requested by KurisuChestnutOU)
|
|t:|1781174822
|teamsize|p1|6
|teamsize|p2|6
|start
|switch|p1a: Mienshao|Mienshao, M|100/100
|switch|p2a: Rillaboom|Rillaboom, F|100/100
|-fieldstart|move: Grassy Terrain|[from] ability: Grassy Surge|[of] p2a: Rillaboom
|turn|1
|
|t:|1781174828
|move|p1a: Mienshao|Triple Axel|p2a: Rillaboom
|-supereffective|p2a: Rillaboom
|-damage|p2a: Rillaboom|86/100
|-supereffective|p2a: Rillaboom
|-damage|p2a: Rillaboom|56/100
|-supereffective|p2a: Rillaboom
|-damage|p2a: Rillaboom|7/100
|-hitcount|p2a: Rillaboom|3
|move|p2a: Rillaboom|Wood Hammer|p1a: Mienshao
|-damage|p1a: Mienshao|0 fnt
|faint|p1a: Mienshao
|-damage|p2a: Rillaboom|0 fnt|[from] Recoil
|faint|p2a: Rillaboom
|
|upkeep
|
|t:|1781174839
|switch|p1a: Slowbro|Slowbro, M|100/100
|switch|p2a: Landorus|Landorus-Therian, M|100/100
|-ability|p2a: Landorus|Intimidate|boost
|-unboost|p1a: Slowbro|atk|1
|turn|2
|
|t:|1781174845
|move|p1a: Slowbro|Bitter Malice|p2a: Landorus
|-damage|p2a: Landorus|29/100
|-unboost|p2a: Landorus|atk|1
|move|p2a: Landorus|Stealth Rock|p1a: Slowbro
|-sidestart|p1: huilaoshi1111|move: Stealth Rock
|
|upkeep
|turn|3
|
|t:|1781174858
|switch|p2a: Samurott|Samurott-Hisui, F|100/100
|move|p1a: Slowbro|Bitter Malice|p2a: Samurott
|-resisted|p2a: Samurott
|-damage|p2a: Samurott|79/100
|-unboost|p2a: Samurott|atk|1
|
|-heal|p2a: Samurott|85/100|[from] Grassy Terrain
|upkeep
|turn|4
|
|t:|1781174864
|switch|p1a: Krookodile|Krookodile, F|100/100
|-damage|p1a: Krookodile|94/100|[from] Stealth Rock
|-ability|p1a: Krookodile|Intimidate|boost
|-unboost|p2a: Samurott|atk|1
|move|p2a: Samurott|Flip Turn|p1a: Krookodile
|-supereffective|p1a: Krookodile
|-damage|p1a: Krookodile|64/100
|
|t:|1781174871
|switch|p2a: Hawlucha|Hawlucha, F|100/100|[from] Flip Turn
|-enditem|p2a: Hawlucha|Grassy Seed
|-boost|p2a: Hawlucha|def|1|[from] item: Grassy Seed
|
|-heal|p1a: Krookodile|70/100|[from] Grassy Terrain
|upkeep
|turn|5
|
|t:|1781174881
|-terastallize|p1a: Krookodile|Poison
|move|p2a: Hawlucha|Swords Dance|p2a: Hawlucha
|-boost|p2a: Hawlucha|atk|2
|move|p1a: Krookodile|Gunk Shot|p2a: Hawlucha
|-damage|p2a: Hawlucha|25/100
|
|-heal|p1a: Krookodile|77/100|[from] Grassy Terrain
|-fieldend|move: Grassy Terrain
|upkeep
|turn|6
|
|t:|1781174890
|move|p2a: Hawlucha|Acrobatics|p1a: Krookodile
|-damage|p1a: Krookodile|0 fnt
|faint|p1a: Krookodile
|
|upkeep
|
|t:|1781174898
|switch|p1a: Slowbro|Slowbro, M|100/100
|-damage|p1a: Slowbro|88/100|[from] Stealth Rock
|turn|7
|
|t:|1781174902
|move|p2a: Hawlucha|Acrobatics|p1a: Slowbro
|-damage|p1a: Slowbro|25/100
|move|p1a: Slowbro|Scald|p2a: Hawlucha
|-damage|p2a: Hawlucha|0 fnt
|faint|p2a: Hawlucha
|
|upkeep
|
|t:|1781174906
|switch|p2a: Samurott|Samurott-Hisui, F|85/100
|turn|8
|
|t:|1781174910
|switch|p1a: Talonflame|Talonflame, F|100/100
|move|p2a: Samurott|Ceaseless Edge|p1a: Talonflame
|-damage|p1a: Talonflame|56/100
|-sidestart|p1: huilaoshi1111|Spikes
|
|upkeep
|turn|9
|
|t:|1781174917
|move|p1a: Talonflame|Fire Blast|p2a: Samurott
|-resisted|p2a: Samurott
|-damage|p2a: Samurott|76/100
|move|p2a: Samurott|Flip Turn|p1a: Talonflame
|-supereffective|p1a: Talonflame
|-damage|p1a: Talonflame|4/100
|-status|p2a: Samurott|brn|[from] ability: Flame Body|[of] p1a: Talonflame
|
|t:|1781174920
|switch|p2a: Gholdengo|Gholdengo|100/100|[from] Flip Turn
|
|upkeep
|turn|10
|
|t:|1781174934
|switch|p1a: Blissey|Blissey, F|100/100
|move|p2a: Gholdengo|Make It Rain|p1a: Blissey
|-damage|p1a: Blissey|81/100
|-unboost|p2a: Gholdengo|spa|1
|
|upkeep
|turn|11
|
|t:|1781174949
|switch|p2a: Samurott|Samurott-Hisui, F|76/100 brn
|move|p1a: Blissey|Stealth Rock|p2a: Samurott
|-sidestart|p2: KurisuChestnutOU|move: Stealth Rock
|
|-damage|p2a: Samurott|70/100 brn|[from] brn
|upkeep
|turn|12
|
|t:|1781174954
|move|p2a: Samurott|Knock Off|p1a: Blissey
|-damage|p1a: Blissey|62/100
|-enditem|p1a: Blissey|Heavy-Duty Boots|[from] move: Knock Off|[of] p2a: Samurott
|move|p1a: Blissey|Seismic Toss|p2a: Samurott
|-damage|p2a: Samurott|42/100 brn
|
|-damage|p2a: Samurott|36/100 brn|[from] brn
|upkeep
|turn|13
|
|t:|1781174958
|move|p2a: Samurott|Ceaseless Edge|p1a: Blissey
|-damage|p1a: Blissey|41/100
|-sidestart|p1: huilaoshi1111|Spikes
|move|p1a: Blissey|Soft-Boiled|p1a: Blissey
|-heal|p1a: Blissey|91/100
|
|-damage|p2a: Samurott|30/100 brn|[from] brn
|upkeep
|turn|14
|
|t:|1781174964
|move|p2a: Samurott|Ceaseless Edge|p1a: Blissey
|-damage|p1a: Blissey|72/100
|-sidestart|p1: huilaoshi1111|Spikes
|move|p1a: Blissey|Seismic Toss|p2a: Samurott
|-damage|p2a: Samurott|2/100 brn
|
|-damage|p2a: Samurott|0 fnt|[from] brn
|faint|p2a: Samurott
|upkeep
|
|t:|1781174967
|switch|p2a: Landorus|Landorus-Therian, M|29/100
|-damage|p2a: Landorus|17/100|[from] Stealth Rock
|-ability|p2a: Landorus|Intimidate|boost
|-unboost|p1a: Blissey|atk|1
|turn|15
|
|t:|1781174975
|switch|p1a: Talonflame|Talonflame, F|4/100
|-terastallize|p2a: Landorus|Ghost
|move|p2a: Landorus|Taunt|p1a: Talonflame
|-start|p1a: Talonflame|move: Taunt
|
|upkeep
|turn|16
|
|t:|1781174983
|move|p1a: Talonflame|Fire Blast|p2a: Landorus
|-crit|p2a: Landorus
|-damage|p2a: Landorus|0 fnt
|faint|p2a: Landorus
|
|upkeep
|
|t:|1781174989
|switch|p2a: Kyurem|Kyurem|100/100
|-damage|p2a: Kyurem|76/100|[from] Stealth Rock
|-ability|p2a: Kyurem|Pressure
|turn|17
|
|t:|1781175006
|move|p1a: Talonflame|Fire Blast|p2a: Kyurem
|-damage|p2a: Kyurem|55/100
|move|p2a: Kyurem|Ice Beam|p1a: Talonflame
|-damage|p1a: Talonflame|0 fnt
|faint|p1a: Talonflame
|
|upkeep
|
|t:|1781175013
|switch|p1a: Blissey|Blissey, F|100/100
|-damage|p1a: Blissey|88/100|[from] Stealth Rock
|-damage|p1a: Blissey|63/100|[from] Spikes
|turn|18
|
|t:|1781175018
|move|p1a: Blissey|Bitter Malice|p2a: Kyurem
|-damage|p2a: Kyurem|13/100
|-unboost|p2a: Kyurem|atk|1
|move|p2a: Kyurem|Focus Blast|p1a: Blissey
|-immune|p1a: Blissey
|
|upkeep
|turn|19
|
|t:|1781175026
|switch|p2a: Gholdengo|Gholdengo|100/100
|-damage|p2a: Gholdengo|94/100|[from] Stealth Rock
|move|p1a: Blissey|Bitter Malice|p2a: Gholdengo
|-supereffective|p2a: Gholdengo
|-damage|p2a: Gholdengo|0 fnt
|faint|p2a: Gholdengo
|
|upkeep
|
|t:|1781175029
|switch|p2a: Kyurem|Kyurem|13/100
|-damage|p2a: Kyurem|0 fnt|[from] Stealth Rock
|faint|p2a: Kyurem
|
|win|huilaoshi1111
|raw|huilaoshi1111's rating: 1603 &rarr; <strong>1621</strong><br />(+18 for winning)
|raw|KurisuChestnutOU's rating: 1568 &rarr; <strong>1550</strong><br />(-18 for losing)
|l|☆KurisuChestnutOU
|player|p2|
|c|☆huilaoshi1111|ez
