|j|☆isaac_gam3r
|j|☆Rj yoip
|t:|1781459972
|gametype|singles
|player|p1|isaac_gam3r|acetrainer-gen4dp|1735
|player|p2|Rj yoip|caitlin-masters|1713
|gen|9
|tier|[Gen 9] OU
|rated|
|rule|HP Percentage Mod: HP is shown in percentages
|rule|Endless Battle Clause: Forcing endless battles is banned
|rule|Species Clause: Limit one of each Pokémon
|rule|OHKO Clause: OHKO moves are banned
|rule|Evasion Items Clause: Evasion items are banned
|rule|Evasion Moves Clause: Evasion moves are banned
|rule|Evasion Abilities Clause: Evasion abilities are banned
|rule|Sleep Moves Clause: Sleep-inducing moves are banned
|clearpoke
|poke|p1|Primarina, F|
|poke|p1|Raging Bolt|
|poke|p1|Heatran, M|
|poke|p1|Weezing-Galar, M|
|poke|p1|Garchomp, M|
|poke|p1|Weavile, M|
|poke|p2|Tyranitar, M|
|poke|p2|Hydrapple, M|
|poke|p2|Enamorus, F|
|poke|p2|Garganacl, M|
|poke|p2|Excadrill, F|
|poke|p2|Alomomola, F|
|teampreview
|inactive|Battle timer is ON: inactive players will automatically lose when time's up. (requested by isaac_gam3r)
|
|t:|1781460004
|teamsize|p1|6
|teamsize|p2|6
|start
|switch|p1a: Weavile|Weavile, M, shiny|100/100
|switch|p2a: Garganacl|Garganacl, M|100/100
|-ability|p1a: Weavile|Pressure
|turn|1
|
|t:|1781460007
|move|p1a: Weavile|Knock Off|p2a: Garganacl
|-damage|p2a: Garganacl|67/100
|-enditem|p2a: Garganacl|Leftovers|[from] move: Knock Off|[of] p1a: Weavile
|move|p2a: Garganacl|Salt Cure|p1a: Weavile
|-supereffective|p1a: Weavile
|-damage|p1a: Weavile|49/100
|-start|p1a: Weavile|Salt Cure
|
|-damage|p1a: Weavile|36/100|[from] Salt Cure
|upkeep
|turn|2
|
|t:|1781460010
|move|p1a: Weavile|Low Kick|p2a: Garganacl
|-supereffective|p2a: Garganacl
|-damage|p2a: Garganacl|20/100
|move|p2a: Garganacl|Salt Cure|p1a: Weavile
|-supereffective|p1a: Weavile
|-damage|p1a: Weavile|0 fnt
|faint|p1a: Weavile
|
|upkeep
|
|t:|1781460014
|switch|p1a: Primarina|Primarina, F, shiny|100/100
|turn|3
|
|t:|1781460017
|switch|p2a: Alomomola|Alomomola, F|100/100
|move|p1a: Primarina|Calm Mind|p1a: Primarina
|-boost|p1a: Primarina|spa|1
|-boost|p1a: Primarina|spd|1
|
|upkeep
|turn|4
|
|t:|1781460019
|move|p1a: Primarina|Calm Mind|p1a: Primarina
|-boost|p1a: Primarina|spa|1
|-boost|p1a: Primarina|spd|1
|move|p2a: Alomomola|Flip Turn|p1a: Primarina
|-resisted|p1a: Primarina
|-damage|p1a: Primarina|90/100
|
|t:|1781460022
|switch|p2a: Tyranitar|Tyranitar, M|100/100|[from] Flip Turn
|-weather|Sandstorm|[from] ability: Sand Stream|[of] p2a: Tyranitar
|
|-weather|Sandstorm|[upkeep]
|-damage|p1a: Primarina|84/100|[from] Sandstorm
|-heal|p1a: Primarina|90/100|[from] item: Leftovers
|upkeep
|turn|5
|
|t:|1781460025
|move|p2a: Tyranitar|Stone Edge|p1a: Primarina
|-damage|p1a: Primarina|0 fnt
|faint|p1a: Primarina
|
|-weather|Sandstorm|[upkeep]
|upkeep
|
|t:|1781460031
|switch|p1a: Weezing|Weezing-Galar, M, shiny|100/100
|turn|6
|
|t:|1781460035
|switch|p2a: Alomomola|Alomomola, F|100/100
|move|p1a: Weezing|Strange Steam|p2a: Alomomola
|-damage|p2a: Alomomola|85/100
|
|-weather|Sandstorm|[upkeep]
|-damage|p1a: Weezing|95/100|[from] Sandstorm
|-damage|p2a: Alomomola|79/100|[from] Sandstorm
|-heal|p1a: Weezing|100/100|[from] item: Black Sludge
|upkeep
|turn|7
|
|t:|1781460039
|move|p1a: Weezing|Will-O-Wisp|p2a: Alomomola
|-status|p2a: Alomomola|brn
|move|p2a: Alomomola|Flip Turn|p1a: Weezing
|-damage|p1a: Weezing|95/100
|
|t:|1781460041
|switch|p2a: Excadrill|Excadrill, F|100/100|[from] Flip Turn
|
|-weather|Sandstorm|[upkeep]
|-damage|p1a: Weezing|89/100|[from] Sandstorm
|-heal|p1a: Weezing|95/100|[from] item: Black Sludge
|upkeep
|turn|8
|
|t:|1781460043
|move|p2a: Excadrill|Substitute|p2a: Excadrill
|-start|p2a: Excadrill|Substitute
|-damage|p2a: Excadrill|76/100
|move|p1a: Weezing|Will-O-Wisp||[still]
|-fail|p1a: Weezing
|
|-weather|none
|-heal|p2a: Excadrill|82/100|[from] item: Leftovers
|-heal|p1a: Weezing|100/100|[from] item: Black Sludge
|upkeep
|turn|9
|-message|isaac_gam3r forfeited.
|
|win|Rj yoip
|raw|isaac_gam3r's rating: 1715 &rarr; <strong>1695</strong><br />(-20 for losing)
|raw|Rj yoip's rating: 1713 &rarr; <strong>1733</strong><br />(+20 for winning)
|l|☆isaac_gam3r
|player|p1|
|l|☆Rj yoip
|player|p2|
