|j|☆roddyj
|j|☆GODKUD
|t:|1781481985
|gametype|singles
|player|p1|roddyj|ethan|1598
|player|p2|GODKUD|ghetsis-gen5bw|1599
|gen|9
|tier|[Gen 9] OU
|rated|
|rule|HP Percentage Mod: HP is shown in percentages
|rule|Endless Battle Clause: Forcing endless battles is banned
|rule|Species Clause: Limit one of each Pokémon
|rule|OHKO Clause: OHKO moves are banned
|rule|Evasion Items Clause: Evasion items are banned
|rule|Evasion Moves Clause: Evasion moves are banned
|rule|Evasion Abilities Clause: Evasion abilities are banned
|rule|Sleep Moves Clause: Sleep-inducing moves are banned
|clearpoke
|poke|p1|Kommo-o, F|
|poke|p1|Serperior, M|
|poke|p1|Ogerpon-Wellspring, F|
|poke|p1|Weezing-Galar, F|
|poke|p1|Incineroar, F|
|poke|p1|Iron Crown|
|poke|p2|Hydreigon, M|
|poke|p2|Corviknight, M|
|poke|p2|Slowking-Galar, M|
|poke|p2|Sandy Shocks|
|poke|p2|Quaquaval, M|
|poke|p2|Ceruledge, M|
|teampreview
|inactive|Battle timer is ON: inactive players will automatically lose when time's up. (requested by roddyj)
|
|t:|1781482025
|teamsize|p1|6
|teamsize|p2|6
|start
|switch|p1a: Serperior|Serperior, M, shiny|100/100
|switch|p2a: Slowking|Slowking-Galar, M|100/100
|turn|1
|
|t:|1781482032
|move|p1a: Serperior|Glare|p2a: Slowking
|-status|p2a: Slowking|par
|cant|p2a: Slowking|par
|
|upkeep
|turn|2
|
|t:|1781482046
|switch|p1a: Incineroar|Incineroar, F, shiny|100/100
|-ability|p1a: Incineroar|Intimidate|boost
|-unboost|p2a: Slowking|atk|1
|move|p2a: Slowking|Sludge Bomb|p1a: Incineroar
|-damage|p1a: Incineroar|78/100
|
|upkeep
|turn|3
|
|t:|1781482050
|switch|p2a: Sandy Shocks|Sandy Shocks|100/100
|-enditem|p2a: Sandy Shocks|Booster Energy
|-activate|p2a: Sandy Shocks|ability: Protosynthesis|[fromitem]
|-start|p2a: Sandy Shocks|protosynthesisspe
|move|p1a: Incineroar|Knock Off|p2a: Sandy Shocks
|-damage|p2a: Sandy Shocks|74/100
|
|upkeep
|turn|4
|j| rexa2
|
|t:|1781482068
|move|p2a: Sandy Shocks|Stealth Rock|p1a: Incineroar
|-sidestart|p1: roddyj|move: Stealth Rock
|move|p1a: Incineroar|Parting Shot|p2a: Sandy Shocks
|-unboost|p2a: Sandy Shocks|atk|1
|-unboost|p2a: Sandy Shocks|spa|1
|
|t:|1781482071
|switch|p1a: Weezing|Weezing-Galar, F, shiny|100/100|[from] Parting Shot
|-damage|p1a: Weezing|88/100|[from] Stealth Rock
|
|-heal|p1a: Weezing|94/100|[from] item: Leftovers
|upkeep
|turn|5
|
|t:|1781482075
|move|p2a: Sandy Shocks|Earth Power|p1a: Weezing
|-immune|p1a: Weezing|[from] ability: Levitate
|move|p1a: Weezing|Defog|p2a: Sandy Shocks
|-unboost|p2a: Sandy Shocks|evasion|1
|-sideend|p1: roddyj|Stealth Rock|[from] move: Defog|[of] p1a: Weezing
|
|-heal|p1a: Weezing|99/100|[from] item: Leftovers
|upkeep
|turn|6
|
|t:|1781482080
|move|p2a: Sandy Shocks|Volt Switch|p1a: Weezing
|-damage|p1a: Weezing|70/100
|
|t:|1781482083
|-end|p2a: Sandy Shocks|Protosynthesis|[silent]
|switch|p2a: Slowking|Slowking-Galar, M|100/100 par|[from] Volt Switch
|move|p1a: Weezing|Strange Steam|p2a: Slowking
|-resisted|p2a: Slowking
|-damage|p2a: Slowking|93/100 par
|
|-heal|p1a: Weezing|76/100|[from] item: Leftovers
|upkeep
|turn|7
|
|t:|1781482091
|switch|p1a: Incineroar|Incineroar, F, shiny|78/100
|-ability|p1a: Incineroar|Intimidate|boost
|-unboost|p2a: Slowking|atk|1
|move|p2a: Slowking|Future Sight|p1a: Incineroar
|-start|p2a: Slowking|move: Future Sight
|
|upkeep
|turn|8
|
|t:|1781482096
|switch|p2a: Sandy Shocks|Sandy Shocks|74/100
|move|p1a: Incineroar|Knock Off|p2a: Sandy Shocks
|-damage|p2a: Sandy Shocks|47/100
|
|upkeep
|turn|9
|
|t:|1781482101
|move|p2a: Sandy Shocks|Earth Power|p1a: Incineroar
|-supereffective|p1a: Incineroar
|-damage|p1a: Incineroar|18/100
|move|p1a: Incineroar|Temper Flare|p2a: Sandy Shocks
|-damage|p2a: Sandy Shocks|12/100
|
|-end|p1a: Incineroar|move: Future Sight
|-immune|p1a: Incineroar
|upkeep
|turn|10
|
|t:|1781482107
|switch|p1a: Serperior|Serperior, M, shiny|100/100
|move|p2a: Sandy Shocks|Stealth Rock|p1a: Serperior
|-sidestart|p1: roddyj|move: Stealth Rock
|
|upkeep
|turn|11
|
|t:|1781482113
|-end|p2a: Sandy Shocks|Protosynthesis|[silent]
|switch|p2a: Slowking|Slowking-Galar, M|100/100 par
|move|p1a: Serperior|Leaf Storm|p2a: Slowking
|-resisted|p2a: Slowking
|-damage|p2a: Slowking|91/100 par
|-boost|p1a: Serperior|spa|2
|
|upkeep
|turn|12
|
|t:|1781482118
|move|p1a: Serperior|Substitute|p1a: Serperior
|-start|p1a: Serperior|Substitute
|-damage|p1a: Serperior|76/100
|move|p2a: Slowking|Sludge Bomb|p1a: Serperior
|-supereffective|p1a: Serperior
|-crit|p1a: Serperior
|-end|p1a: Serperior|Substitute
|
|-heal|p1a: Serperior|82/100|[from] item: Leftovers
|upkeep
|turn|13
|j| arturohdez
|
|t:|1781482130
|move|p1a: Serperior|Substitute|p1a: Serperior
|-start|p1a: Serperior|Substitute
|-damage|p1a: Serperior|57/100
|move|p2a: Slowking|Future Sight|p1a: Serperior
|-start|p2a: Slowking|move: Future Sight
|
|-heal|p1a: Serperior|63/100|[from] item: Leftovers
|upkeep
|turn|14
|
|t:|1781482140
|move|p1a: Serperior|Leech Seed|p2a: Slowking
|-start|p2a: Slowking|move: Leech Seed
|move|p2a: Slowking|Sludge Bomb|p1a: Serperior
|-supereffective|p1a: Serperior
|-end|p1a: Serperior|Substitute
|
|-heal|p1a: Serperior|69/100|[from] item: Leftovers
|-damage|p2a: Slowking|78/100 par|[from] Leech Seed|[of] p1a: Serperior
|-heal|p1a: Serperior|83/100|[silent]
|upkeep
|turn|15
|
|t:|1781482146
|move|p1a: Serperior|Substitute|p1a: Serperior
|-start|p1a: Serperior|Substitute
|-damage|p1a: Serperior|58/100
|-prepare|p2a: Slowking|Chilly Reception|[premajor]
|cant|p2a: Slowking|par
|
|-end|p1a: Serperior|move: Future Sight
|-end|p1a: Serperior|Substitute
|-heal|p1a: Serperior|65/100|[from] item: Leftovers
|-damage|p2a: Slowking|66/100 par|[from] Leech Seed|[of] p1a: Serperior
|-heal|p1a: Serperior|78/100|[silent]
|upkeep
|turn|16
|
|t:|1781482152
|move|p1a: Serperior|Substitute|p1a: Serperior
|-start|p1a: Serperior|Substitute
|-damage|p1a: Serperior|53/100
|move|p2a: Slowking|Sludge Bomb|p1a: Serperior
|-supereffective|p1a: Serperior
|-end|p1a: Serperior|Substitute
|
|-heal|p1a: Serperior|60/100|[from] item: Leftovers
|-damage|p2a: Slowking|53/100 par|[from] Leech Seed|[of] p1a: Serperior
|-heal|p1a: Serperior|74/100|[silent]
|upkeep
|turn|17
|
|t:|1781482157
|move|p1a: Serperior|Substitute|p1a: Serperior
|-start|p1a: Serperior|Substitute
|-damage|p1a: Serperior|49/100
|move|p2a: Slowking|Future Sight|p1a: Serperior
|-start|p2a: Slowking|move: Future Sight
|
|-heal|p1a: Serperior|55/100|[from] item: Leftovers
|-damage|p2a: Slowking|41/100 par|[from] Leech Seed|[of] p1a: Serperior
|-heal|p1a: Serperior|69/100|[silent]
|upkeep
|turn|18
|
|t:|1781482163
|move|p1a: Serperior|Leaf Storm|p2a: Slowking
|-resisted|p2a: Slowking
|-damage|p2a: Slowking|20/100 par
|-boost|p1a: Serperior|spa|2
|move|p2a: Slowking|Sludge Bomb|p1a: Serperior
|-supereffective|p1a: Serperior
|-end|p1a: Serperior|Substitute
|
|-heal|p1a: Serperior|75/100|[from] item: Leftovers
|-damage|p2a: Slowking|7/100 par|[from] Leech Seed|[of] p1a: Serperior
|-heal|p1a: Serperior|89/100|[silent]
|upkeep
|turn|19
|
|t:|1781482172
|switch|p2a: Corviknight|Corviknight, M|100/100
|-ability|p2a: Corviknight|Pressure
|move|p1a: Serperior|Substitute|p1a: Serperior
|-start|p1a: Serperior|Substitute
|-damage|p1a: Serperior|64/100
|
|-end|p1a: Serperior|move: Future Sight
|-end|p1a: Serperior|Substitute
|-heal|p1a: Serperior|70/100|[from] item: Leftovers
|upkeep
|turn|20
|
|t:|1781482185
|move|p1a: Serperior|Leech Seed|p2a: Corviknight|[miss]
|-miss|p1a: Serperior|p2a: Corviknight
|move|p2a: Corviknight|Brave Bird|p1a: Serperior
|-supereffective|p1a: Serperior
|-damage|p1a: Serperior|0 fnt
|faint|p1a: Serperior
|-damage|p2a: Corviknight|80/100|[from] Recoil
|
|upkeep
|
|t:|1781482188
|switch|p1a: Incineroar|Incineroar, F, shiny|18/100
|-ability|p1a: Incineroar|Intimidate|boost
|-unboost|p2a: Corviknight|atk|1
|turn|21
|
|t:|1781482191
|switch|p2a: Sandy Shocks|Sandy Shocks|12/100
|move|p1a: Incineroar|Parting Shot|p2a: Sandy Shocks
|-unboost|p2a: Sandy Shocks|atk|1
|-unboost|p2a: Sandy Shocks|spa|1
|
|t:|1781482198
|switch|p1a: Ogerpon|Ogerpon-Wellspring, F|100/100|[from] Parting Shot
|-damage|p1a: Ogerpon|88/100|[from] Stealth Rock
|
|upkeep
|turn|22
|
|t:|1781482201
|move|p1a: Ogerpon|Swords Dance|p1a: Ogerpon
|-boost|p1a: Ogerpon|atk|2
|move|p2a: Sandy Shocks|Volt Switch|p1a: Ogerpon
|-damage|p1a: Ogerpon|60/100
|
|t:|1781482204
|-end|p2a: Sandy Shocks|Protosynthesis|[silent]
|switch|p2a: Ceruledge|Ceruledge, M|100/100|[from] Volt Switch
|
|upkeep
|turn|23
|
|t:|1781482208
|move|p1a: Ogerpon|Ivy Cudgel|p2a: Ceruledge|[anim] Ivy Cudgel Water
|-supereffective|p2a: Ceruledge
|-enditem|p2a: Ceruledge|Focus Sash
|-damage|p2a: Ceruledge|1/100
|-ability|p2a: Ceruledge|Weak Armor|boost
|-unboost|p2a: Ceruledge|def|1
|-boost|p2a: Ceruledge|spe|2
|move|p2a: Ceruledge|Swords Dance|p2a: Ceruledge
|-boost|p2a: Ceruledge|atk|2
|
|upkeep
|turn|24
|
|t:|1781482213
|switch|p1a: Incineroar|Incineroar, F, shiny|18/100
|-ability|p1a: Incineroar|Intimidate|boost
|-unboost|p2a: Ceruledge|atk|1
|move|p2a: Ceruledge|Phantom Force||[still]
|-prepare|p2a: Ceruledge|Phantom Force
|
|upkeep
|turn|25
|
|t:|1781482221
|switch|p1a: Weezing|Weezing-Galar, F, shiny|76/100
|-damage|p1a: Weezing|64/100|[from] Stealth Rock
|move|p2a: Ceruledge|Phantom Force|p1a: Weezing|[from] lockedmove
|-damage|p1a: Weezing|16/100
|
|-heal|p1a: Weezing|22/100|[from] item: Leftovers
|upkeep
|turn|26
|
|t:|1781482226
|switch|p1a: Incineroar|Incineroar, F, shiny|18/100
|-ability|p1a: Incineroar|Intimidate|boost
|-unboost|p2a: Ceruledge|atk|1
|move|p2a: Ceruledge|Bitter Blade|p1a: Incineroar
|-resisted|p1a: Incineroar
|-damage|p1a: Incineroar|0 fnt
|-heal|p2a: Ceruledge|13/100|[from] drain|[of] p1a: Incineroar
|faint|p1a: Incineroar
|
|upkeep
|
|t:|1781482232
|switch|p1a: Kommo-o|Kommo-o, F, shiny|100/100
|-damage|p1a: Kommo-o|94/100|[from] Stealth Rock
|turn|27
|
|t:|1781482235
|move|p2a: Ceruledge|Swords Dance|p2a: Ceruledge
|-boost|p2a: Ceruledge|atk|2
|move|p1a: Kommo-o|Clanging Scales|p2a: Ceruledge
|-damage|p2a: Ceruledge|0 fnt
|faint|p2a: Ceruledge
|-unboost|p1a: Kommo-o|def|1
|-enditem|p1a: Kommo-o|Throat Spray
|-boost|p1a: Kommo-o|spa|1|[from] item: Throat Spray
|
|upkeep
|
|t:|1781482242
|switch|p2a: Corviknight|Corviknight, M|80/100
|-ability|p2a: Corviknight|Pressure
|turn|28
|
|t:|1781482246
|move|p1a: Kommo-o|Aura Sphere|p2a: Corviknight
|-damage|p2a: Corviknight|37/100
|move|p2a: Corviknight|Brave Bird|p1a: Kommo-o
|-supereffective|p1a: Kommo-o
|-damage|p1a: Kommo-o|13/100
|-damage|p2a: Corviknight|14/100|[from] Recoil
|
|upkeep
|turn|29
|
|t:|1781482250
|move|p1a: Kommo-o|Boomburst|p2a: Corviknight
|-resisted|p2a: Corviknight
|-damage|p2a: Corviknight|0 fnt
|faint|p2a: Corviknight
|
|upkeep
|
|t:|1781482253
|switch|p2a: Quaquaval|Quaquaval, M|100/100
|turn|30
|
|t:|1781482262
|switch|p1a: Ogerpon|Ogerpon-Wellspring, F|60/100
|-damage|p1a: Ogerpon|48/100|[from] Stealth Rock
|move|p2a: Quaquaval|Aqua Step|p1a: Ogerpon
|-heal|p1a: Ogerpon|73/100|[from] ability: Water Absorb|[of] p2a: Quaquaval
|
|upkeep
|turn|31
|
|t:|1781482269
|-terastallize|p2a: Quaquaval|Steel
|move|p1a: Ogerpon|Encore|p2a: Quaquaval
|-start|p2a: Quaquaval|Encore
|move|p2a: Quaquaval|Aqua Step|p1a: Ogerpon
|-heal|p1a: Ogerpon|98/100|[from] ability: Water Absorb|[of] p2a: Quaquaval
|
|upkeep
|turn|32
|
|t:|1781482274
|switch|p2a: God of Destruction|Hydreigon, M|100/100
|move|p1a: Ogerpon|Swords Dance|p1a: Ogerpon
|-boost|p1a: Ogerpon|atk|2
|
|upkeep
|turn|33
|
|t:|1781482278
|move|p1a: Ogerpon|Ivy Cudgel|p2a: God of Destruction|[anim] Ivy Cudgel Water
|-resisted|p2a: God of Destruction
|-damage|p2a: God of Destruction|30/100
|move|p2a: God of Destruction|Draco Meteor|p1a: Ogerpon
|-damage|p1a: Ogerpon|0 fnt
|-unboost|p2a: God of Destruction|spa|2
|faint|p1a: Ogerpon
|-damage|p2a: God of Destruction|20/100|[from] item: Life Orb
|
|upkeep
|
|t:|1781482289
|switch|p1a: Iron Crown|Iron Crown|100/100
|-damage|p1a: Iron Crown|94/100|[from] Stealth Rock
|turn|34
|
|t:|1781482292
|switch|p2a: Sandy Shocks|Sandy Shocks|12/100
|move|p1a: Iron Crown|Agility|p1a: Iron Crown
|-boost|p1a: Iron Crown|spe|2
|
|upkeep
|turn|35
|
|t:|1781482296
|move|p1a: Iron Crown|Calm Mind|p1a: Iron Crown
|-boost|p1a: Iron Crown|spa|1
|-boost|p1a: Iron Crown|spd|1
|move|p2a: Sandy Shocks|Earth Power|p1a: Iron Crown
|-supereffective|p1a: Iron Crown
|-damage|p1a: Iron Crown|47/100
|-enditem|p1a: Iron Crown|Weakness Policy
|-boost|p1a: Iron Crown|atk|2|[from] item: Weakness Policy
|-boost|p1a: Iron Crown|spa|2|[from] item: Weakness Policy
|
|upkeep
|turn|36
|
|t:|1781482303
|move|p1a: Iron Crown|Tachyon Cutter|p2a: Sandy Shocks
|-resisted|p2a: Sandy Shocks
|-damage|p2a: Sandy Shocks|0 fnt
|faint|p2a: Sandy Shocks
|-end|p2a: Sandy Shocks|Protosynthesis|[silent]
|-hitcount|p2: Sandy Shocks|1
|
|upkeep
|
|t:|1781482305
|switch|p2a: Quaquaval|Quaquaval, M, tera:Steel|100/100
|turn|37
|
|t:|1781482308
|move|p1a: Iron Crown|Stored Power|p2a: Quaquaval
|-resisted|p2a: Quaquaval
|-damage|p2a: Quaquaval|35/100
|move|p2a: Quaquaval|Brick Break|p1a: Iron Crown
|-damage|p1a: Iron Crown|13/100
|
|upkeep
|turn|38
|
|t:|1781482313
|move|p1a: Iron Crown|Stored Power|p2a: Quaquaval
|-resisted|p2a: Quaquaval
|-damage|p2a: Quaquaval|0 fnt
|faint|p2a: Quaquaval
|
|upkeep
|
|t:|1781482315
|switch|p2a: God of Destruction|Hydreigon, M|20/100
|turn|39
|
|t:|1781482317
|move|p1a: Iron Crown|Tachyon Cutter|p2a: God of Destruction
|-crit|p2a: God of Destruction
|-damage|p2a: God of Destruction|0 fnt
|faint|p2a: God of Destruction
|-hitcount|p2: God of Destruction|1
|
|upkeep
|c|☆GODKUD|Gg
|
|t:|1781482322
|switch|p2a: Slowking|Slowking-Galar, M|40/100 par
|turn|40
|c|☆roddyj|gg
|
|t:|1781482324
|move|p1a: Iron Crown|Stored Power|p2a: Slowking
|-damage|p2a: Slowking|0 fnt
|faint|p2a: Slowking
|
|win|roddyj
|raw|roddyj's rating: 1598 &rarr; <strong>1618</strong><br />(+20 for winning)
|raw|GODKUD's rating: 1599 &rarr; <strong>1579</strong><br />(-20 for losing)
|l|☆GODKUD
|player|p2|
|l|☆roddyj
|player|p1|
|l| arturohdez
|l| rexa2
