|j|☆Sanskiller55
|j|☆DarkG99
|t:|1781211383
|gametype|singles
|player|p1|Sanskiller55|acerola-masters|1599
|player|p2|DarkG99|karen|1569
|gen|9
|tier|[Gen 9] OU
|rated|
|rule|HP Percentage Mod: HP is shown in percentages
|rule|Endless Battle Clause: Forcing endless battles is banned
|rule|Species Clause: Limit one of each Pokémon
|rule|OHKO Clause: OHKO moves are banned
|rule|Evasion Items Clause: Evasion items are banned
|rule|Evasion Moves Clause: Evasion moves are banned
|rule|Evasion Abilities Clause: Evasion abilities are banned
|rule|Sleep Moves Clause: Sleep-inducing moves are banned
|clearpoke
|poke|p1|Araquanid, F|
|poke|p1|Manaphy|
|poke|p1|Kyurem|
|poke|p1|Iron Moth|
|poke|p1|Gholdengo|
|poke|p1|Hatterene, F|
|poke|p2|Kommo-o, M|
|poke|p2|Sinistcha-Masterpiece|
|poke|p2|Ninetales-Alola, F|
|poke|p2|Heatran, M|
|poke|p2|Maushold-Four|
|poke|p2|Ogerpon-Wellspring, F|
|teampreview
|inactive|Battle timer is ON: inactive players will automatically lose when time's up. (requested by Sanskiller55)
|
|t:|1781211389
|teamsize|p1|6
|teamsize|p2|6
|start
|switch|p1a: Kyurem|Kyurem|100/100
|switch|p2a: Maushold|Maushold-Four|100/100
|-ability|p1a: Kyurem|Pressure
|turn|1
|
|t:|1781211397
|switch|p2a: Ninetales|Ninetales-Alola, F|100/100
|-weather|Snowscape|[from] ability: Snow Warning|[of] p2a: Ninetales
|switch|p1a: Hatterene|Hatterene, F|100/100
|
|-weather|Snowscape|[upkeep]
|upkeep
|turn|2
|
|t:|1781211405
|move|p2a: Ninetales|Aurora Veil|p2a: Ninetales
|-sidestart|p2: DarkG99|move: Aurora Veil
|move|p1a: Hatterene|Nuzzle|p2a: Ninetales
|-damage|p2a: Ninetales|98/100
|-status|p2a: Ninetales|par
|
|-weather|Snowscape|[upkeep]
|upkeep
|turn|3
|j| Ze carrot
|
|t:|1781211415
|move|p2a: Ninetales|Blizzard|p1a: Hatterene
|-damage|p1a: Hatterene|58/100
|move|p1a: Hatterene|Pain Split|p2a: Ninetales
|-sethp|p2a: Ninetales|81/100 par|[from] move: Pain Split|[silent]
|-sethp|p1a: Hatterene|73/100|[from] move: Pain Split
|
|-weather|Snowscape|[upkeep]
|upkeep
|turn|4
|
|t:|1781211420
|switch|p2a: Maushold|Maushold-Four|100/100
|move|p1a: Hatterene|Pain Split|p2a: Maushold
|-sethp|p2a: Maushold|90/100|[from] move: Pain Split|[silent]
|-sethp|p1a: Hatterene|82/100|[from] move: Pain Split
|
|-weather|Snowscape|[upkeep]
|upkeep
|turn|5
|
|t:|1781211423
|move|p2a: Maushold|Switcheroo|p1a: Hatterene
|-activate|p2a: Maushold|move: Trick|[of] p1a: Hatterene
|-item|p1a: Hatterene|Choice Scarf|[from] move: Switcheroo
|-item|p2a: Maushold|Rocky Helmet|[from] move: Switcheroo
|move|p1a: Hatterene|Nuzzle|p2a: Maushold
|-damage|p2a: Maushold|87/100
|-status|p2a: Maushold|par
|-damage|p1a: Hatterene|66/100|[from] item: Rocky Helmet|[of] p2a: Maushold
|
|-weather|none
|upkeep
|turn|6
|
|t:|1781211433
|switch|p1a: Gholdengo|Gholdengo|100/100
|-item|p1a: Gholdengo|Air Balloon
|move|p2a: Maushold|Population Bomb|p1a: Gholdengo
|-immune|p1a: Gholdengo
|
|upkeep
|turn|7
|
|t:|1781211438
|move|p1a: Gholdengo|Make It Rain|p2a: Maushold
|-damage|p2a: Maushold|45/100 par
|-unboost|p1a: Gholdengo|spa|1
|move|p2a: Maushold|Bite|p1a: Gholdengo
|-supereffective|p1a: Gholdengo
|-damage|p1a: Gholdengo|69/100
|-enditem|p1a: Gholdengo|Air Balloon
|
|upkeep
|turn|8
|
|t:|1781211447
|switch|p1a: Hatterene|Hatterene, F|66/100
|move|p2a: Maushold|Bite|p1a: Hatterene
|-damage|p1a: Hatterene|49/100
|
|upkeep
|turn|9
|
|t:|1781211452
|move|p2a: Maushold|Population Bomb|p1a: Hatterene|[miss]
|-miss|p2a: Maushold|p1a: Hatterene
|move|p1a: Hatterene|Psychic Noise|p2a: Maushold
|-damage|p2a: Maushold|20/100 par
|-start|p2a: Maushold|move: Heal Block
|
|-sideend|p2: DarkG99|move: Aurora Veil
|upkeep
|turn|10
|c| Ze carrot|bro got bit
|
|t:|1781211455
|move|p2a: Maushold|Population Bomb|p1a: Hatterene|[miss]
|-miss|p2a: Maushold|p1a: Hatterene
|move|p1a: Hatterene|Psychic Noise|p2a: Maushold
|-damage|p2a: Maushold|0 fnt
|faint|p2a: Maushold
|
|upkeep
|
|t:|1781211464
|switch|p2a: Kommo-o|Kommo-o, M|100/100
|turn|11
|
|t:|1781211467
|move|p2a: Kommo-o|Clangorous Soul|p2a: Kommo-o
|-boost|p2a: Kommo-o|atk|1
|-boost|p2a: Kommo-o|def|1
|-boost|p2a: Kommo-o|spa|1
|-boost|p2a: Kommo-o|spd|1
|-boost|p2a: Kommo-o|spe|1
|-damage|p2a: Kommo-o|68/100
|move|p1a: Hatterene|Psychic Noise|p2a: Kommo-o
|-immune|p2a: Kommo-o|[from] ability: Soundproof
|
|upkeep
|turn|12
|
|t:|1781211474
|switch|p1a: Gholdengo|Gholdengo|69/100
|move|p2a: Kommo-o|Clangorous Soul|p2a: Kommo-o
|-boost|p2a: Kommo-o|atk|1
|-boost|p2a: Kommo-o|def|1
|-boost|p2a: Kommo-o|spa|1
|-boost|p2a: Kommo-o|spd|1
|-boost|p2a: Kommo-o|spe|1
|-damage|p2a: Kommo-o|35/100
|-enditem|p2a: Kommo-o|Sitrus Berry|[eat]
|-heal|p2a: Kommo-o|59/100|[from] item: Sitrus Berry
|
|upkeep
|turn|13
|
|t:|1781211476
|move|p2a: Kommo-o|Flamethrower|p1a: Gholdengo
|-supereffective|p1a: Gholdengo
|-damage|p1a: Gholdengo|0 fnt
|faint|p1a: Gholdengo
|
|upkeep
|
|t:|1781211479
|switch|p1a: Iron Moth|Iron Moth|100/100
|-enditem|p1a: Iron Moth|Booster Energy
|-activate|p1a: Iron Moth|ability: Quark Drive|[fromitem]
|-start|p1a: Iron Moth|quarkdrivespa
|turn|14
|
|t:|1781211484
|-terastallize|p2a: Kommo-o|Normal
|-terastallize|p1a: Iron Moth|Fairy
|move|p2a: Kommo-o|Boomburst|p1a: Iron Moth
|-crit|p1a: Iron Moth
|-damage|p1a: Iron Moth|0 fnt
|faint|p1a: Iron Moth
|-end|p1a: Iron Moth|Quark Drive|[silent]
|
|upkeep
|
|t:|1781211493
|switch|p1a: Araquanid|Araquanid, F|100/100
|turn|15
|
|t:|1781211495
|move|p2a: Kommo-o|Drain Punch|p1a: Araquanid
|-resisted|p1a: Araquanid
|-damage|p1a: Araquanid|71/100
|-heal|p2a: Kommo-o|76/100|[from] drain|[of] p1a: Araquanid
|move|p1a: Araquanid|Surf|p2a: Kommo-o
|-crit|p2a: Kommo-o
|-damage|p2a: Kommo-o|0 fnt
|faint|p2a: Kommo-o
|
|upkeep
|
|t:|1781211500
|switch|p2a: Ogerpon|Ogerpon-Wellspring, F|100/100
|turn|16
|
|t:|1781211503
|move|p2a: Ogerpon|Encore|p1a: Araquanid
|-start|p1a: Araquanid|Encore
|move|p1a: Araquanid|Surf|p2a: Ogerpon
|-immune|p2a: Ogerpon|[from] ability: Water Absorb
|
|upkeep
|turn|17
|
|t:|1781211505
|switch|p1a: Kyurem|Kyurem|100/100
|-ability|p1a: Kyurem|Pressure
|move|p2a: Ogerpon|Swords Dance|p2a: Ogerpon
|-boost|p2a: Ogerpon|atk|2
|
|upkeep
|turn|18
|
|t:|1781211510
|move|p2a: Ogerpon|Ivy Cudgel|p1a: Kyurem|[anim] Ivy Cudgel Water
|-resisted|p1a: Kyurem
|-damage|p1a: Kyurem|45/100
|move|p1a: Kyurem|Freeze-Dry|p2a: Ogerpon
|-supereffective|p2a: Ogerpon
|-damage|p2a: Ogerpon|0 fnt
|faint|p2a: Ogerpon
|
|upkeep
|
|t:|1781211514
|switch|p2a: Ninetales|Ninetales-Alola, F|81/100 par
|-weather|Snowscape|[from] ability: Snow Warning|[of] p2a: Ninetales
|turn|19
|
|t:|1781211517
|move|p1a: Kyurem|Earth Power|p2a: Ninetales
|-damage|p2a: Ninetales|41/100 par
|move|p2a: Ninetales|Aurora Veil|p2a: Ninetales
|-sidestart|p2: DarkG99|move: Aurora Veil
|
|-weather|Snowscape|[upkeep]
|upkeep
|turn|20
|
|t:|1781211522
|move|p1a: Kyurem|Earth Power|p2a: Ninetales
|-damage|p2a: Ninetales|20/100 par
|-unboost|p2a: Ninetales|spd|1
|move|p2a: Ninetales|Moonblast|p1a: Kyurem
|-supereffective|p1a: Kyurem
|-damage|p1a: Kyurem|6/100
|
|-weather|Snowscape|[upkeep]
|upkeep
|turn|21
|
|t:|1781211525
|move|p1a: Kyurem|Earth Power|p2a: Ninetales
|-damage|p2a: Ninetales|0 fnt
|faint|p2a: Ninetales
|
|-weather|Snowscape|[upkeep]
|upkeep
|
|t:|1781211528
|switch|p2a: Sinistcha|Sinistcha-Masterpiece|100/100
|turn|22
|
|t:|1781211530
|move|p1a: Kyurem|Ice Beam|p2a: Sinistcha
|-supereffective|p2a: Sinistcha
|-damage|p2a: Sinistcha|39/100
|move|p2a: Sinistcha|Hex|p1a: Kyurem
|-damage|p1a: Kyurem|0 fnt
|faint|p1a: Kyurem
|
|-weather|Snowscape|[upkeep]
|upkeep
|
|t:|1781211537
|switch|p1a: Hatterene|Hatterene, F|49/100
|turn|23
|
|t:|1781211540
|move|p2a: Sinistcha|Hex|p1a: Hatterene
|-supereffective|p1a: Hatterene
|-crit|p1a: Hatterene
|-damage|p1a: Hatterene|0 fnt
|faint|p1a: Hatterene
|
|-weather|none
|upkeep
|
|t:|1781211544
|switch|p1a: Araquanid|Araquanid, F|71/100
|turn|24
|
|t:|1781211550
|move|p2a: Sinistcha|Strength Sap|p1a: Araquanid
|-unboost|p1a: Araquanid|atk|1
|-heal|p2a: Sinistcha|76/100
|move|p1a: Araquanid|Sticky Web|p2a: Sinistcha
|-sidestart|p2: DarkG99|move: Sticky Web
|
|upkeep
|turn|25
|c| Ze carrot|LOCK IN
|
|t:|1781211553
|move|p2a: Sinistcha|Stun Spore|p1a: Araquanid
|-status|p1a: Araquanid|par
|cant|p1a: Araquanid|par
|
|upkeep
|turn|26
|
|t:|1781211556
|move|p2a: Sinistcha|Hex|p1a: Araquanid
|-damage|p1a: Araquanid|28/100 par
|move|p1a: Araquanid|Surf|p2a: Sinistcha
|-resisted|p2a: Sinistcha
|-damage|p2a: Sinistcha|60/100
|
|-sideend|p2: DarkG99|move: Aurora Veil
|upkeep
|turn|27
|
|t:|1781211561
|move|p1a: Araquanid|Endure|p1a: Araquanid
|-singleturn|p1a: Araquanid|move: Endure
|move|p2a: Sinistcha|Matcha Gotcha|p1a: Araquanid
|-damage|p1a: Araquanid|2/100 par
|-heal|p2a: Sinistcha|73/100|[from] drain|[of] p1a: Araquanid
|
|upkeep
|turn|28
|-enditem|p1a: Araquanid|Custap Berry|[eat]
|-activate|p1a: Araquanid|item: Custap Berry|[consumed]
|
|t:|1781211565
|move|p1a: Araquanid|Surf|p2a: Sinistcha
|-resisted|p2a: Sinistcha
|-damage|p2a: Sinistcha|40/100
|move|p2a: Sinistcha|Strength Sap|p1a: Araquanid
|-unboost|p1a: Araquanid|atk|1
|-heal|p2a: Sinistcha|65/100
|
|upkeep
|turn|29
|
|t:|1781211570
|move|p2a: Sinistcha|Hex|p1a: Araquanid
|-damage|p1a: Araquanid|0 fnt
|faint|p1a: Araquanid
|
|upkeep
|
|t:|1781211571
|switch|p1a: Manaphy|Manaphy|100/100
|turn|30
|
|t:|1781211576
|move|p1a: Manaphy|Tail Glow|p1a: Manaphy
|-boost|p1a: Manaphy|spa|3
|move|p2a: Sinistcha|Stun Spore|p1a: Manaphy
|-status|p1a: Manaphy|par
|
|upkeep
|turn|31
|
|t:|1781211580
|move|p2a: Sinistcha|Matcha Gotcha|p1a: Manaphy
|-supereffective|p1a: Manaphy
|-damage|p1a: Manaphy|45/100 par
|-heal|p2a: Sinistcha|97/100|[from] drain|[of] p1a: Manaphy
|cant|p1a: Manaphy|par
|
|upkeep
|turn|32
|
|t:|1781211584
|move|p2a: Sinistcha|Matcha Gotcha|p1a: Manaphy
|-supereffective|p1a: Manaphy
|-damage|p1a: Manaphy|0 fnt
|-heal|p2a: Sinistcha|100/100|[from] drain|[of] p1a: Manaphy
|faint|p1a: Manaphy
|
|win|DarkG99
|raw|Sanskiller55's rating: 1599 &rarr; <strong>1577</strong><br />(-22 for losing)
|raw|DarkG99's rating: 1569 &rarr; <strong>1591</strong><br />(+22 for winning)
|c|☆Sanskiller55|Shatever man
|c|☆Sanskiller55|gg
|l|☆Sanskiller55
|player|p1|
|c|☆DarkG99|gg
|l| Ze carrot
|l|☆DarkG99
|player|p2|
