|j|☆deathprofessor21
|j|☆anamchara
|t:|1781262963
|gametype|singles
|player|p1|deathprofessor21|101|1583
|player|p2|anamchara|169|1601
|gen|9
|tier|[Gen 9] OU
|rated|
|rule|HP Percentage Mod: HP is shown in percentages
|rule|Endless Battle Clause: Forcing endless battles is banned
|rule|Species Clause: Limit one of each Pokémon
|rule|OHKO Clause: OHKO moves are banned
|rule|Evasion Items Clause: Evasion items are banned
|rule|Evasion Moves Clause: Evasion moves are banned
|rule|Evasion Abilities Clause: Evasion abilities are banned
|rule|Sleep Moves Clause: Sleep-inducing moves are banned
|clearpoke
|poke|p1|Slowking-Galar, M|
|poke|p1|Hydrapple, F|
|poke|p1|Moltres|
|poke|p1|Raging Bolt|
|poke|p1|Venomoth, F|
|poke|p1|Meowscarada, F|
|poke|p2|Slowking-Galar, F|
|poke|p2|Meowscarada, M|
|poke|p2|Iron Valiant|
|poke|p2|Ogerpon-Wellspring, F|
|poke|p2|Glimmora, M|
|poke|p2|Dragapult, M|
|teampreview
|inactive|Battle timer is ON: inactive players will automatically lose when time's up. (requested by deathprofessor21)
|
|t:|1781262978
|teamsize|p1|6
|teamsize|p2|6
|start
|switch|p1a: Raging Bolt|Raging Bolt|100/100
|switch|p2a: Glimmora|Glimmora, M|100/100
|turn|1
|
|t:|1781262984
|move|p1a: Raging Bolt|Draco Meteor|p2a: Glimmora
|-damage|p2a: Glimmora|0 fnt
|-unboost|p1a: Raging Bolt|spa|2
|faint|p2a: Glimmora
|
|upkeep
|
|t:|1781262988
|switch|p2a: Dragapult|Dragapult, M|100/100
|turn|2
|
|t:|1781262993
|-end|p1a: Raging Bolt|Protosynthesis|[silent]
|switch|p1a: Moltres|Moltres|100/100
|move|p2a: Dragapult|Dragon Dance|p2a: Dragapult
|-boost|p2a: Dragapult|atk|1
|-boost|p2a: Dragapult|spe|1
|
|upkeep
|turn|3
|
|t:|1781262999
|move|p2a: Dragapult|Dragon Darts|p1a: Moltres
|-damage|p1a: Moltres|66/100
|-anim|p2a: Dragapult|Dragon Darts|p1a: Moltres
|-crit|p1a: Moltres
|-damage|p1a: Moltres|14/100
|-damage|p2a: Dragapult|91/100|[from] item: Life Orb
|move|p1a: Moltres|Roar|p2a: Dragapult
|drag|p2a: Slowking|Slowking-Galar, F|100/100
|
|upkeep
|turn|4
|
|t:|1781263005
|move|p1a: Moltres|Roost|p1a: Moltres
|-heal|p1a: Moltres|64/100
|-singleturn|p1a: Moltres|move: Roost
|move|p2a: Slowking|Sludge Bomb|p1a: Moltres
|-damage|p1a: Moltres|33/100
|
|upkeep
|turn|5
|
|t:|1781263010
|move|p1a: Moltres|Roost|p1a: Moltres
|-heal|p1a: Moltres|83/100
|-singleturn|p1a: Moltres|move: Roost
|move|p2a: Slowking|Sludge Bomb|p1a: Moltres
|-damage|p1a: Moltres|51/100
|
|upkeep
|turn|6
|
|t:|1781263015
|switch|p1a: Slowking|Slowking-Galar, M|100/100
|move|p2a: Slowking|Sludge Bomb|p1a: Slowking
|-resisted|p1a: Slowking
|-damage|p1a: Slowking|89/100
|
|upkeep
|turn|7
|
|t:|1781263018
|switch|p2a: Ogerpon|Ogerpon-Wellspring, F|100/100
|move|p1a: Slowking|Psychic Noise|p2a: Ogerpon
|-damage|p2a: Ogerpon|59/100
|-start|p2a: Ogerpon|move: Heal Block
|
|upkeep
|turn|8
|
|t:|1781263027
|switch|p1a: Moltres|Moltres|51/100
|move|p2a: Ogerpon|Play Rough|p1a: Moltres
|-resisted|p1a: Moltres
|-damage|p1a: Moltres|33/100
|-status|p2a: Ogerpon|brn|[from] ability: Flame Body|[of] p1a: Moltres
|
|-damage|p2a: Ogerpon|53/100 brn|[from] brn
|-end|p2a: Ogerpon|move: Heal Block
|upkeep
|turn|9
|
|t:|1781263030
|move|p2a: Ogerpon|Ivy Cudgel|p1a: Moltres|[anim] Ivy Cudgel Water
|-supereffective|p1a: Moltres
|-crit|p1a: Moltres
|-damage|p1a: Moltres|0 fnt
|faint|p1a: Moltres
|
|-damage|p2a: Ogerpon|47/100 brn|[from] brn
|upkeep
|
|t:|1781263035
|switch|p1a: Venomoth|Venomoth, F|100/100
|turn|10
|
|t:|1781263043
|move|p2a: Ogerpon|Ivy Cudgel|p1a: Venomoth|[anim] Ivy Cudgel Water
|-damage|p1a: Venomoth|69/100
|move|p1a: Venomoth|Quiver Dance|p1a: Venomoth
|-boost|p1a: Venomoth|spa|1
|-boost|p1a: Venomoth|spd|1
|-boost|p1a: Venomoth|spe|1
|
|-damage|p2a: Ogerpon|41/100 brn|[from] brn
|upkeep
|turn|11
|
|t:|1781263054
|switch|p2a: Slowking|Slowking-Galar, F|100/100
|move|p1a: Venomoth|Quiver Dance|p1a: Venomoth
|-boost|p1a: Venomoth|spa|1
|-boost|p1a: Venomoth|spd|1
|-boost|p1a: Venomoth|spe|1
|
|upkeep
|turn|12
|
|t:|1781263059
|move|p1a: Venomoth|Substitute|p1a: Venomoth
|-start|p1a: Venomoth|Substitute
|-damage|p1a: Venomoth|44/100
|move|p2a: Slowking|Psychic Noise|p1a: Venomoth
|-supereffective|p1a: Venomoth
|-damage|p1a: Venomoth|0 fnt
|faint|p1a: Venomoth
|
|upkeep
|
|t:|1781263066
|switch|p1a: Meowscarada|Meowscarada, F|100/100
|turn|13
|
|t:|1781263073
|switch|p2a: Ogerpon|Ogerpon-Wellspring, F|41/100 brn
|move|p1a: Meowscarada|Knock Off|p2a: Ogerpon
|-start|p1a: Meowscarada|typechange|Dark|[from] ability: Protean
|-damage|p2a: Ogerpon|0 fnt
|faint|p2a: Ogerpon
|
|upkeep
|
|t:|1781263077
|switch|p2a: Iron Valiant|Iron Valiant|100/100
|-enditem|p2a: Iron Valiant|Booster Energy
|-activate|p2a: Iron Valiant|ability: Quark Drive|[fromitem]
|-start|p2a: Iron Valiant|quarkdrivespe
|turn|14
|
|t:|1781263080
|switch|p1a: Slowking|Slowking-Galar, M|100/100
|move|p2a: Iron Valiant|Swords Dance|p2a: Iron Valiant
|-boost|p2a: Iron Valiant|atk|2
|
|upkeep
|turn|15
|
|t:|1781263089
|-terastallize|p2a: Iron Valiant|Dark
|-terastallize|p1a: Slowking|Normal
|move|p2a: Iron Valiant|Knock Off|p1a: Slowking
|-damage|p1a: Slowking|0 fnt
|-enditem|p1a: Slowking|Assault Vest|[from] move: Knock Off|[of] p2a: Iron Valiant
|faint|p1a: Slowking
|
|upkeep
|
|t:|1781263094
|switch|p1a: Hydrapple|Hydrapple, F|100/100
|turn|16
|
|t:|1781263105
|move|p2a: Iron Valiant|Spirit Break|p1a: Hydrapple
|-supereffective|p1a: Hydrapple
|-damage|p1a: Hydrapple|0 fnt
|faint|p1a: Hydrapple
|
|upkeep
|
|t:|1781263109
|switch|p1a: Meowscarada|Meowscarada, F|100/100
|turn|17
|-message|deathprofessor21 forfeited.
|
|win|anamchara
|raw|deathprofessor21's rating: 1583 &rarr; <strong>1564</strong><br />(-19 for losing)
|raw|anamchara's rating: 1601 &rarr; <strong>1620</strong><br />(+19 for winning)
|l|☆deathprofessor21
|player|p1|
|l|☆anamchara
|player|p2|
