|j|☆ign27
|j|☆Xaldyn&Rhapsodie
|t:|1781534417
|gametype|singles
|player|p1|ign27|palmer|1562
|player|p2|Xaldyn&Rhapsodie|mrstone|1576
|gen|9
|tier|[Gen 9] OU
|rated|
|rule|HP Percentage Mod: HP is shown in percentages
|rule|Endless Battle Clause: Forcing endless battles is banned
|rule|Species Clause: Limit one of each Pokémon
|rule|OHKO Clause: OHKO moves are banned
|rule|Evasion Items Clause: Evasion items are banned
|rule|Evasion Moves Clause: Evasion moves are banned
|rule|Evasion Abilities Clause: Evasion abilities are banned
|rule|Sleep Moves Clause: Sleep-inducing moves are banned
|clearpoke
|poke|p1|Great Tusk|
|poke|p1|Darkrai|
|poke|p1|Kyurem|
|poke|p1|Iron Valiant|
|poke|p1|Dragonite, F|
|poke|p1|Gholdengo|
|poke|p2|Gardevoir, F|
|poke|p2|Rillaboom, F|
|poke|p2|Hawlucha, F|
|poke|p2|Iron Moth|
|poke|p2|Landorus-Therian, M|
|poke|p2|Kingambit, F|
|teampreview
|inactive|Battle timer is ON: inactive players will automatically lose when time's up. (requested by ign27)
|inactive|ign27 has 120 seconds left.
|inactive|Xaldyn&Rhapsodie has 120 seconds left.
|
|t:|1781534464
|teamsize|p1|6
|teamsize|p2|6
|start
|switch|p1a: Darkrai|Darkrai|100/100
|switch|p2a: Kingambitch|Kingambit, F|100/100
|turn|1
|
|t:|1781534492
|-end|p2a: Kingambitch|fallenundefined|[silent]
|switch|p2a: Landorus|Landorus-Therian, M|100/100
|-ability|p2a: Landorus|Intimidate|boost
|-unboost|p1a: Darkrai|atk|1
|move|p1a: Darkrai|Focus Blast|p2a: Landorus|[miss]
|-miss|p1a: Darkrai|p2a: Landorus
|
|upkeep
|turn|2
|inactive|Xaldyn&Rhapsodie has 120 seconds left.
|
|t:|1781534520
|switch|p2a: Dopamine Dorito|Iron Moth|100/100
|-enditem|p2a: Dopamine Dorito|Booster Energy
|-activate|p2a: Dopamine Dorito|ability: Quark Drive|[fromitem]
|-start|p2a: Dopamine Dorito|quarkdrivespe
|move|p1a: Darkrai|Ice Beam|p2a: Dopamine Dorito
|-resisted|p2a: Dopamine Dorito
|-damage|p2a: Dopamine Dorito|79/100
|-damage|p1a: Darkrai|91/100|[from] item: Life Orb
|
|upkeep
|turn|3
|j| newhere1310
|
|t:|1781534530
|switch|p1a: Kyurem|Kyurem, shiny|100/100
|-ability|p1a: Kyurem|Pressure
|move|p2a: Dopamine Dorito|Substitute|p2a: Dopamine Dorito
|-start|p2a: Dopamine Dorito|Substitute
|-damage|p2a: Dopamine Dorito|54/100
|
|upkeep
|turn|4
|
|t:|1781534539
|move|p2a: Dopamine Dorito|Dazzling Gleam|p1a: Kyurem
|-supereffective|p1a: Kyurem
|-damage|p1a: Kyurem|71/100
|move|p1a: Kyurem|Dragon Tail|p2a: Dopamine Dorito
|-end|p2a: Dopamine Dorito|Substitute
|
|upkeep
|turn|5
|inactive|Xaldyn&Rhapsodie has 120 seconds left.
|inactive|Xaldyn&Rhapsodie has 90 seconds left.
|inactive|Xaldyn&Rhapsodie has 60 seconds left.
|
|t:|1781534606
|move|p2a: Dopamine Dorito|Dazzling Gleam|p1a: Kyurem
|-supereffective|p1a: Kyurem
|-damage|p1a: Kyurem|40/100
|move|p1a: Kyurem|Earth Power|p2a: Dopamine Dorito
|-supereffective|p2a: Dopamine Dorito
|-damage|p2a: Dopamine Dorito|0 fnt
|faint|p2a: Dopamine Dorito
|-end|p2a: Dopamine Dorito|Quark Drive|[silent]
|
|upkeep
|inactive|Xaldyn&Rhapsodie has 60 seconds left.
|
|t:|1781534620
|switch|p2a: Rillaboom|Rillaboom, F|100/100
|-fieldstart|move: Grassy Terrain|[from] ability: Grassy Surge|[of] p2a: Rillaboom
|turn|6
|inactive|Xaldyn&Rhapsodie has 60 seconds left.
|
|t:|1781534627
|move|p1a: Kyurem|Ice Beam|p2a: Rillaboom
|-supereffective|p2a: Rillaboom
|-damage|p2a: Rillaboom|23/100
|move|p2a: Rillaboom|Knock Off|p1a: Kyurem
|-damage|p1a: Kyurem|5/100
|-enditem|p1a: Kyurem|Assault Vest|[from] move: Knock Off|[of] p2a: Rillaboom
|
|-heal|p1a: Kyurem|12/100|[from] Grassy Terrain
|-heal|p2a: Rillaboom|29/100|[from] Grassy Terrain
|upkeep
|turn|7
|
|t:|1781534635
|move|p2a: Rillaboom|Grassy Glide|p1a: Kyurem
|-resisted|p1a: Kyurem
|-damage|p1a: Kyurem|0 fnt
|faint|p1a: Kyurem
|
|-heal|p2a: Rillaboom|35/100|[from] Grassy Terrain
|upkeep
|
|t:|1781534641
|switch|p1a: Great Tusk|Great Tusk|100/100
|turn|8
|
|t:|1781534656
|switch|p2a: Landorus|Landorus-Therian, M|100/100
|-ability|p2a: Landorus|Intimidate|boost
|-unboost|p1a: Great Tusk|atk|1
|move|p1a: Great Tusk|Ice Spinner|p2a: Landorus
|-supereffective|p2a: Landorus
|-damage|p2a: Landorus|34/100
|-damage|p1a: Great Tusk|84/100|[from] item: Rocky Helmet|[of] p2a: Landorus
|-fieldend|move: Grassy Terrain
|
|upkeep
|turn|9
|
|t:|1781534664
|move|p2a: Landorus|Earth Power|p1a: Great Tusk
|-damage|p1a: Great Tusk|32/100
|move|p1a: Great Tusk|Stealth Rock|p2a: Landorus
|-sidestart|p2: Xaldyn&Rhapsodie|move: Stealth Rock
|
|upkeep
|turn|10
|
|t:|1781534673
|move|p2a: Landorus|Earth Power|p1a: Great Tusk
|-damage|p1a: Great Tusk|0 fnt
|faint|p1a: Great Tusk
|-end|p1a: Great Tusk|Protosynthesis|[silent]
|
|upkeep
|
|t:|1781534682
|switch|p1a: Darkrai|Darkrai|91/100
|turn|11
|
|t:|1781534687
|move|p1a: Darkrai|Ice Beam|p2a: Landorus
|-supereffective|p2a: Landorus
|-damage|p2a: Landorus|0 fnt
|faint|p2a: Landorus
|-damage|p1a: Darkrai|81/100|[from] item: Life Orb
|
|upkeep
|inactive|Xaldyn&Rhapsodie has 90 seconds left.
|
|t:|1781534717
|switch|p2a: Rillaboom|Rillaboom, F|35/100
|-damage|p2a: Rillaboom|23/100|[from] Stealth Rock
|-fieldstart|move: Grassy Terrain|[from] ability: Grassy Surge|[of] p2a: Rillaboom
|turn|12
|
|t:|1781534730
|move|p2a: Rillaboom|Grassy Glide|p1a: Darkrai
|-damage|p1a: Darkrai|24/100
|move|p1a: Darkrai|Ice Beam|p2a: Rillaboom
|-supereffective|p2a: Rillaboom
|-damage|p2a: Rillaboom|0 fnt
|faint|p2a: Rillaboom
|-damage|p1a: Darkrai|14/100|[from] item: Life Orb
|
|-heal|p1a: Darkrai|20/100|[from] Grassy Terrain
|upkeep
|j| choispecs ironmoth
|
|t:|1781534753
|switch|p2a: El Contrabandista|Hawlucha, F|100/100
|-damage|p2a: El Contrabandista|88/100|[from] Stealth Rock
|-enditem|p2a: El Contrabandista|Grassy Seed
|-boost|p2a: El Contrabandista|def|1|[from] item: Grassy Seed
|turn|13
|
|t:|1781534769
|move|p2a: El Contrabandista|Acrobatics|p1a: Darkrai
|-damage|p1a: Darkrai|0 fnt
|faint|p1a: Darkrai
|
|upkeep
|
|t:|1781534771
|switch|p1a: Ghold Experience|Gholdengo|100/100
|-item|p1a: Ghold Experience|Air Balloon
|turn|14
|
|t:|1781534776
|move|p2a: El Contrabandista|Acrobatics|p1a: Ghold Experience
|-resisted|p1a: Ghold Experience
|-damage|p1a: Ghold Experience|84/100
|-enditem|p1a: Ghold Experience|Air Balloon
|move|p1a: Ghold Experience|Thunder Wave|p2a: El Contrabandista
|-status|p2a: El Contrabandista|par
|
|-heal|p1a: Ghold Experience|90/100|[from] Grassy Terrain
|upkeep
|turn|15
|inactive|Xaldyn&Rhapsodie has 90 seconds left.
|
|t:|1781534793
|cant|p2a: El Contrabandista|par
|move|p1a: Ghold Experience|Hex|p2a: El Contrabandista
|-damage|p2a: El Contrabandista|0 fnt
|faint|p2a: El Contrabandista
|
|-heal|p1a: Ghold Experience|96/100|[from] Grassy Terrain
|upkeep
|
|t:|1781534795
|switch|p2a: Rhapsodie|Gardevoir, F, shiny|100/100
|-damage|p2a: Rhapsodie|88/100|[from] Stealth Rock
|-ability|p2a: Rhapsodie|Good as Gold|Trace|[from] ability: Trace|[of] p1a: Ghold Experience
|-enditem|p2a: Rhapsodie|Grassy Seed
|-boost|p2a: Rhapsodie|def|1|[from] item: Grassy Seed
|turn|16
|
|t:|1781534799
|-terastallize|p2a: Rhapsodie|Water
|move|p2a: Rhapsodie|Calm Mind|p2a: Rhapsodie
|-boost|p2a: Rhapsodie|spa|1
|-boost|p2a: Rhapsodie|spd|1
|move|p1a: Ghold Experience|Thunder Wave|p2a: Rhapsodie
|-immune|p2a: Rhapsodie|[from] ability: Good as Gold
|
|-heal|p2a: Rhapsodie|94/100|[from] Grassy Terrain
|-heal|p1a: Ghold Experience|100/100|[from] Grassy Terrain
|-fieldend|move: Grassy Terrain
|upkeep
|turn|17
|
|t:|1781534808
|move|p2a: Rhapsodie|Calm Mind|p2a: Rhapsodie
|-boost|p2a: Rhapsodie|spa|1
|-boost|p2a: Rhapsodie|spd|1
|move|p1a: Ghold Experience|Hex|p2a: Rhapsodie
|-damage|p2a: Rhapsodie|80/100
|
|upkeep
|turn|18
|
|t:|1781534812
|switch|p1a: Iron Valiant|Iron Valiant|100/100
|-enditem|p1a: Iron Valiant|Booster Energy
|-activate|p1a: Iron Valiant|ability: Quark Drive|[fromitem]
|-start|p1a: Iron Valiant|quarkdrivespe
|move|p2a: Rhapsodie|Calm Mind|p2a: Rhapsodie
|-boost|p2a: Rhapsodie|spa|1
|-boost|p2a: Rhapsodie|spd|1
|
|upkeep
|turn|19
|
|t:|1781534817
|move|p1a: Iron Valiant|Close Combat|p2a: Rhapsodie
|-damage|p2a: Rhapsodie|30/100
|-unboost|p1a: Iron Valiant|def|1
|-unboost|p1a: Iron Valiant|spd|1
|move|p2a: Rhapsodie|Calm Mind|p2a: Rhapsodie
|-boost|p2a: Rhapsodie|spa|1
|-boost|p2a: Rhapsodie|spd|1
|
|upkeep
|turn|20
|-message|Xaldyn&Rhapsodie forfeited.
|
|win|ign27
|raw|ign27's rating: 1562 &rarr; <strong>1583</strong><br />(+21 for winning)
|raw|Xaldyn&amp;Rhapsodie's rating: 1576 &rarr; <strong>1555</strong><br />(-21 for losing)
|l|☆Xaldyn&Rhapsodie
|player|p2|
|l|☆ign27
|player|p1|
|l| choispecs ironmoth
