|j|☆Pig Perfect
|j|☆suprya
|t:|1781418607
|gametype|singles
|player|p1|Pig Perfect|workerice|1537
|player|p2|suprya|clown|1773
|gen|9
|tier|[Gen 9] OU
|rated|
|rule|HP Percentage Mod: HP is shown in percentages
|rule|Endless Battle Clause: Forcing endless battles is banned
|rule|Species Clause: Limit one of each Pokémon
|rule|OHKO Clause: OHKO moves are banned
|rule|Evasion Items Clause: Evasion items are banned
|rule|Evasion Moves Clause: Evasion moves are banned
|rule|Evasion Abilities Clause: Evasion abilities are banned
|rule|Sleep Moves Clause: Sleep-inducing moves are banned
|clearpoke
|poke|p1|Great Tusk|
|poke|p1|Hatterene, F|
|poke|p1|Ninetales, F|
|poke|p1|Salamence, F|
|poke|p1|Slither Wing|
|poke|p1|Walking Wake|
|poke|p2|Pelipper, F|
|poke|p2|Hydrapple, F|
|poke|p2|Iron Treads|
|poke|p2|Mienshao, F|
|poke|p2|Slowking-Galar, M|
|poke|p2|Greninja-*, M|
|teampreview
|inactive|Battle timer is ON: inactive players will automatically lose when time's up. (requested by suprya)
|
|t:|1781418627
|teamsize|p1|6
|teamsize|p2|6
|start
|switch|p1a: Tyranna Seesaur|Walking Wake|100/100
|switch|p2a: Slowking|Slowking-Galar, M|100/100
|turn|1
|
|t:|1781418637
|move|p1a: Tyranna Seesaur|Draco Meteor|p2a: Slowking|[miss]
|-miss|p1a: Tyranna Seesaur|p2a: Slowking
|move|p2a: Slowking|Sludge Bomb|p1a: Tyranna Seesaur
|-damage|p1a: Tyranna Seesaur|49/100
|
|upkeep
|turn|2
|
|t:|1781418644
|-end|p1a: Tyranna Seesaur|Protosynthesis|[silent]
|switch|p1a: Love Angurus|Great Tusk|100/100
|move|p2a: Slowking|Sludge Bomb|p1a: Love Angurus
|-resisted|p1a: Love Angurus
|-damage|p1a: Love Angurus|67/100
|-status|p1a: Love Angurus|psn
|
|-damage|p1a: Love Angurus|54/100 psn|[from] psn
|upkeep
|turn|3
|
|t:|1781418657
|switch|p2a: Hydrapple|Hydrapple, F|100/100
|move|p1a: Love Angurus|Stealth Rock|p2a: Hydrapple
|-sidestart|p2: suprya|move: Stealth Rock
|
|-damage|p1a: Love Angurus|42/100 psn|[from] psn
|upkeep
|turn|4
|
|t:|1781418666
|-end|p1a: Love Angurus|Protosynthesis|[silent]
|switch|p1a: MAX_ROACH|Slither Wing|100/100
|move|p2a: Hydrapple|Giga Drain|p1a: MAX_ROACH
|-resisted|p1a: MAX_ROACH
|-damage|p1a: MAX_ROACH|88/100
|
|upkeep
|turn|5
|
|t:|1781418672
|move|p1a: MAX_ROACH|First Impression|p2a: Hydrapple
|-supereffective|p2a: Hydrapple
|-damage|p2a: Hydrapple|51/100
|move|p2a: Hydrapple|Fickle Beam|p1a: MAX_ROACH
|-damage|p1a: MAX_ROACH|59/100
|
|upkeep
|turn|6
|
|t:|1781418687
|move|p1a: MAX_ROACH|U-turn|p2a: Hydrapple
|-supereffective|p2a: Hydrapple
|-damage|p2a: Hydrapple|15/100
|
|t:|1781418691
|-end|p1a: MAX_ROACH|Protosynthesis|[silent]
|switch|p1a: Wishes Witch|Hatterene, F|100/100|[from] U-turn
|move|p2a: Hydrapple|Fickle Beam|p1a: Wishes Witch
|-immune|p1a: Wishes Witch
|
|upkeep
|turn|7
|
|t:|1781418697
|move|p2a: Hydrapple|Giga Drain|p1a: Wishes Witch
|-damage|p1a: Wishes Witch|70/100
|-heal|p2a: Hydrapple|26/100|[from] drain|[of] p1a: Wishes Witch
|-enditem|p1a: Wishes Witch|Eject Button
|
|t:|1781418711
|switch|p1a: Tyranna Seesaur|Walking Wake|49/100
|
|upkeep
|turn|8
|
|t:|1781418718
|switch|p2a: Slowking|Slowking-Galar, M|100/100
|-damage|p2a: Slowking|88/100|[from] Stealth Rock
|move|p1a: Tyranna Seesaur|Dragon Pulse|p2a: Slowking
|-damage|p2a: Slowking|56/100
|
|upkeep
|turn|9
|
|t:|1781418728
|-end|p1a: Tyranna Seesaur|Protosynthesis|[silent]
|switch|p1a: Octobusy|Ninetales, F|100/100
|-weather|SunnyDay|[from] ability: Drought|[of] p1a: Octobusy
|move|p2a: Slowking|Sludge Bomb|p1a: Octobusy
|-damage|p1a: Octobusy|60/100
|
|-weather|SunnyDay|[upkeep]
|upkeep
|turn|10
|
|t:|1781418744
|switch|p1a: Love Angurus|Great Tusk|42/100 psn
|-activate|p1a: Love Angurus|ability: Protosynthesis
|-start|p1a: Love Angurus|protosynthesisatk
|move|p2a: Slowking|Psyshock|p1a: Love Angurus
|-supereffective|p1a: Love Angurus
|-crit|p1a: Love Angurus
|-damage|p1a: Love Angurus|0 fnt
|faint|p1a: Love Angurus
|-end|p1a: Love Angurus|Protosynthesis|[silent]
|
|-weather|SunnyDay|[upkeep]
|upkeep
|
|t:|1781418752
|switch|p1a: MAX_ROACH|Slither Wing|59/100
|-activate|p1a: MAX_ROACH|ability: Protosynthesis
|-start|p1a: MAX_ROACH|protosynthesisatk
|turn|11
|
|t:|1781418756
|switch|p2a: Pelipper|Pelipper, F|100/100
|-weather|RainDance|[from] ability: Drizzle|[of] p2a: Pelipper
|-end|p1a: MAX_ROACH|Protosynthesis
|move|p1a: MAX_ROACH|First Impression|p2a: Pelipper
|-resisted|p2a: Pelipper
|-damage|p2a: Pelipper|84/100
|
|-weather|RainDance|[upkeep]
|upkeep
|turn|12
|
|t:|1781418764
|move|p1a: MAX_ROACH|U-turn|p2a: Pelipper
|-resisted|p2a: Pelipper
|-damage|p2a: Pelipper|72/100
|
|t:|1781418767
|-end|p1a: MAX_ROACH|Protosynthesis|[silent]
|switch|p1a: Octobusy|Ninetales, F|60/100|[from] U-turn
|-weather|SunnyDay|[from] ability: Drought|[of] p1a: Octobusy
|move|p2a: Pelipper|U-turn|p1a: Octobusy
|-resisted|p1a: Octobusy
|-damage|p1a: Octobusy|54/100
|
|t:|1781418772
|switch|p2a: Slowking|Slowking-Galar, M|89/100|[from] U-turn
|-damage|p2a: Slowking|77/100|[from] Stealth Rock
|
|-weather|SunnyDay|[upkeep]
|upkeep
|turn|13
|
|t:|1781418787
|switch|p1a: MAX_ROACH|Slither Wing|59/100
|-activate|p1a: MAX_ROACH|ability: Protosynthesis
|-start|p1a: MAX_ROACH|protosynthesisatk
|move|p2a: Slowking|Sludge Bomb|p1a: MAX_ROACH
|-damage|p1a: MAX_ROACH|19/100
|-status|p1a: MAX_ROACH|psn
|
|-weather|SunnyDay|[upkeep]
|-damage|p1a: MAX_ROACH|7/100 psn|[from] psn
|upkeep
|turn|14
|
|t:|1781418802
|switch|p2a: Hydrapple|Hydrapple, F|60/100
|move|p1a: MAX_ROACH|Morning Sun|p1a: MAX_ROACH
|-heal|p1a: MAX_ROACH|74/100 psn
|
|-weather|SunnyDay|[upkeep]
|-damage|p1a: MAX_ROACH|61/100 psn|[from] psn
|upkeep
|turn|15
|
|t:|1781418812
|switch|p2a: Pelipper|Pelipper, F|72/100
|-weather|RainDance|[from] ability: Drizzle|[of] p2a: Pelipper
|-end|p1a: MAX_ROACH|Protosynthesis
|move|p1a: MAX_ROACH|U-turn|p2a: Pelipper
|-resisted|p2a: Pelipper
|-damage|p2a: Pelipper|59/100
|
|t:|1781418819
|-end|p1a: MAX_ROACH|Protosynthesis|[silent]
|switch|p1a: u may remember me|Salamence, F|100/100|[from] U-turn
|-ability|p1a: u may remember me|Intimidate|boost
|-unboost|p2a: Pelipper|atk|1
|
|-weather|RainDance|[upkeep]
|upkeep
|turn|16
|
|t:|1781418827
|switch|p2a: Mienshao|Mienshao, F|100/100
|-damage|p2a: Mienshao|94/100|[from] Stealth Rock
|move|p1a: u may remember me|Dragon Dance|p1a: u may remember me
|-boost|p1a: u may remember me|atk|1
|-boost|p1a: u may remember me|spe|1
|
|-weather|RainDance|[upkeep]
|upkeep
|turn|17
|
|t:|1781418838
|move|p2a: Mienshao|Ice Spinner|p1a: u may remember me
|-supereffective|p1a: u may remember me
|-damage|p1a: u may remember me|0 fnt
|faint|p1a: u may remember me
|
|-weather|RainDance|[upkeep]
|upkeep
|
|t:|1781418844
|switch|p1a: MAX_ROACH|Slither Wing|61/100 psn
|turn|18
|
|t:|1781418855
|switch|p2a: Pelipper|Pelipper, F|59/100
|move|p1a: MAX_ROACH|U-turn|p2a: Pelipper
|-resisted|p2a: Pelipper
|-damage|p2a: Pelipper|47/100
|
|t:|1781418858
|-end|p1a: MAX_ROACH|Protosynthesis|[silent]
|switch|p1a: Octobusy|Ninetales, F|54/100|[from] U-turn
|-weather|SunnyDay|[from] ability: Drought|[of] p1a: Octobusy
|
|-weather|SunnyDay|[upkeep]
|upkeep
|turn|19
|
|t:|1781418865
|move|p1a: Octobusy|Will-O-Wisp|p2a: Pelipper
|-status|p2a: Pelipper|brn
|move|p2a: Pelipper|Roost|p2a: Pelipper
|-heal|p2a: Pelipper|97/100 brn
|-singleturn|p2a: Pelipper|move: Roost
|
|-weather|SunnyDay|[upkeep]
|-damage|p2a: Pelipper|91/100 brn|[from] brn
|upkeep
|turn|20
|
|t:|1781418871
|switch|p1a: MAX_ROACH|Slither Wing|61/100 psn
|-activate|p1a: MAX_ROACH|ability: Protosynthesis
|-start|p1a: MAX_ROACH|protosynthesisatk
|switch|p2a: Slowking|Slowking-Galar, M|100/100
|-damage|p2a: Slowking|88/100|[from] Stealth Rock
|
|-weather|SunnyDay|[upkeep]
|-damage|p1a: MAX_ROACH|49/100 psn|[from] psn
|upkeep
|turn|21
|
|t:|1781418876
|switch|p2a: Pelipper|Pelipper, F|91/100 brn
|-weather|RainDance|[from] ability: Drizzle|[of] p2a: Pelipper
|-end|p1a: MAX_ROACH|Protosynthesis
|move|p1a: MAX_ROACH|Morning Sun|p1a: MAX_ROACH
|-heal|p1a: MAX_ROACH|74/100 psn
|
|-weather|RainDance|[upkeep]
|-damage|p1a: MAX_ROACH|62/100 psn|[from] psn
|-damage|p2a: Pelipper|85/100 brn|[from] brn
|upkeep
|turn|22
|
|t:|1781418885
|move|p1a: MAX_ROACH|U-turn|p2a: Pelipper
|-resisted|p2a: Pelipper
|-damage|p2a: Pelipper|73/100 brn
|
|t:|1781418890
|-end|p1a: MAX_ROACH|Protosynthesis|[silent]
|switch|p1a: Wishes Witch|Hatterene, F|70/100|[from] U-turn
|move|p2a: Pelipper|U-turn|p1a: Wishes Witch
|-damage|p1a: Wishes Witch|66/100
|
|t:|1781418901
|switch|p2a: Iron Treads|Iron Treads|100/100|[from] U-turn
|-damage|p2a: Iron Treads|98/100|[from] Stealth Rock
|
|-weather|RainDance|[upkeep]
|-heal|p2a: Iron Treads|100/100|[from] item: Leftovers
|upkeep
|turn|23
|
|t:|1781418915
|move|p2a: Iron Treads|Rapid Spin|p1a: Wishes Witch
|-damage|p1a: Wishes Witch|56/100
|-boost|p2a: Iron Treads|spe|1
|-sideend|p2: suprya|Stealth Rock|[from] move: Rapid Spin|[of] p2a: Iron Treads
|move|p1a: Wishes Witch|Healing Wish|p1a: Wishes Witch
|faint|p1a: Wishes Witch
|
|-weather|RainDance|[upkeep]
|upkeep
|
|t:|1781418921
|switch|p1a: Tyranna Seesaur|Walking Wake|49/100
|-heal|p1a: Tyranna Seesaur|100/100|[from] move: Healing Wish
|turn|24
|
|t:|1781418932
|move|p2a: Iron Treads|Earthquake|p1a: Tyranna Seesaur
|-damage|p1a: Tyranna Seesaur|57/100
|move|p1a: Tyranna Seesaur|Weather Ball|p2a: Iron Treads
|-supereffective|p2a: Iron Treads
|-damage|p2a: Iron Treads|0 fnt
|faint|p2a: Iron Treads
|-end|p2a: Iron Treads|Quark Drive|[silent]
|
|-weather|RainDance|[upkeep]
|upkeep
|
|t:|1781418941
|switch|p2a: Mienshao|Mienshao, F|100/100
|turn|25
|
|t:|1781418964
|move|p2a: Mienshao|Close Combat|p1a: Tyranna Seesaur
|-damage|p1a: Tyranna Seesaur|0 fnt
|-unboost|p2a: Mienshao|def|1
|-unboost|p2a: Mienshao|spd|1
|faint|p1a: Tyranna Seesaur
|-end|p1a: Tyranna Seesaur|Protosynthesis|[silent]
|
|-weather|none
|upkeep
|
|t:|1781418968
|switch|p1a: Octobusy|Ninetales, F|54/100
|-weather|SunnyDay|[from] ability: Drought|[of] p1a: Octobusy
|turn|26
|
|t:|1781418974
|switch|p1a: MAX_ROACH|Slither Wing|62/100 psn
|-activate|p1a: MAX_ROACH|ability: Protosynthesis
|-start|p1a: MAX_ROACH|protosynthesisatk
|move|p2a: Mienshao|Close Combat|p1a: MAX_ROACH
|-resisted|p1a: MAX_ROACH
|-damage|p1a: MAX_ROACH|37/100 psn
|-unboost|p2a: Mienshao|def|1
|-unboost|p2a: Mienshao|spd|1
|-damage|p2a: Mienshao|84/100|[from] item: Rocky Helmet|[of] p1a: MAX_ROACH
|
|-weather|SunnyDay|[upkeep]
|-damage|p1a: MAX_ROACH|25/100 psn|[from] psn
|upkeep
|turn|27
|
|t:|1781418980
|switch|p2a: Pelipper|Pelipper, F|73/100 brn
|-weather|RainDance|[from] ability: Drizzle|[of] p2a: Pelipper
|-end|p1a: MAX_ROACH|Protosynthesis
|move|p1a: MAX_ROACH|First Impression|p2a: Pelipper
|-resisted|p2a: Pelipper
|-damage|p2a: Pelipper|57/100 brn
|
|-weather|RainDance|[upkeep]
|-damage|p1a: MAX_ROACH|13/100 psn|[from] psn
|-damage|p2a: Pelipper|51/100 brn|[from] brn
|upkeep
|turn|28
|
|t:|1781418987
|move|p1a: MAX_ROACH|U-turn|p2a: Pelipper
|-resisted|p2a: Pelipper
|-damage|p2a: Pelipper|40/100 brn
|
|t:|1781418988
|-end|p1a: MAX_ROACH|Protosynthesis|[silent]
|switch|p1a: Octobusy|Ninetales, F|54/100|[from] U-turn
|-weather|SunnyDay|[from] ability: Drought|[of] p1a: Octobusy
|move|p2a: Pelipper|U-turn|p1a: Octobusy
|-resisted|p1a: Octobusy
|-damage|p1a: Octobusy|51/100
|
|t:|1781418993
|switch|p2a: Slowking|Slowking-Galar, M|100/100|[from] U-turn
|
|-weather|SunnyDay|[upkeep]
|upkeep
|turn|29
|
|t:|1781418998
|move|p1a: Octobusy|Healing Wish|p1a: Octobusy
|faint|p1a: Octobusy
|move|p2a: Slowking|Sludge Bomb|p1: Octobusy|[notarget]
|-fail|p2a: Slowking
|
|-weather|SunnyDay|[upkeep]
|upkeep
|
|t:|1781419000
|switch|p1a: MAX_ROACH|Slither Wing|13/100 psn
|-heal|p1a: MAX_ROACH|100/100|[from] move: Healing Wish
|-activate|p1a: MAX_ROACH|ability: Protosynthesis
|-start|p1a: MAX_ROACH|protosynthesisatk
|turn|30
|
|t:|1781419007
|move|p1a: MAX_ROACH|Earthquake|p2a: Slowking
|-supereffective|p2a: Slowking
|-damage|p2a: Slowking|23/100
|move|p2a: Slowking|Psyshock|p1a: MAX_ROACH
|-supereffective|p1a: MAX_ROACH
|-damage|p1a: MAX_ROACH|43/100
|
|-weather|SunnyDay|[upkeep]
|upkeep
|turn|31
|
|t:|1781419016
|switch|p2a: Pelipper|Pelipper, F|40/100 brn
|-weather|RainDance|[from] ability: Drizzle|[of] p2a: Pelipper
|-end|p1a: MAX_ROACH|Protosynthesis
|move|p1a: MAX_ROACH|U-turn|p2a: Pelipper
|-resisted|p2a: Pelipper
|-damage|p2a: Pelipper|28/100 brn
|
|-weather|RainDance|[upkeep]
|-damage|p2a: Pelipper|22/100 brn|[from] brn
|upkeep
|turn|32
|
|t:|1781419023
|-terastallize|p1a: MAX_ROACH|Poison
|move|p1a: MAX_ROACH|Morning Sun|p1a: MAX_ROACH
|-heal|p1a: MAX_ROACH|68/100
|move|p2a: Pelipper|Hurricane|p1a: MAX_ROACH
|-damage|p1a: MAX_ROACH|36/100
|-start|p1a: MAX_ROACH|confusion
|
|-weather|RainDance|[upkeep]
|-damage|p2a: Pelipper|16/100 brn|[from] brn
|upkeep
|turn|33
|
|t:|1781419033
|-activate|p1a: MAX_ROACH|confusion
|-damage|p1a: MAX_ROACH|26/100|[from] confusion
|move|p2a: Pelipper|Roost|p2a: Pelipper
|-heal|p2a: Pelipper|66/100 brn
|-singleturn|p2a: Pelipper|move: Roost
|
|-weather|RainDance|[upkeep]
|-damage|p2a: Pelipper|60/100 brn|[from] brn
|upkeep
|turn|34
|
|t:|1781419037
|-end|p1a: MAX_ROACH|confusion
|move|p1a: MAX_ROACH|Morning Sun|p1a: MAX_ROACH
|-heal|p1a: MAX_ROACH|51/100
|move|p2a: Pelipper|Hurricane|p1a: MAX_ROACH
|-damage|p1a: MAX_ROACH|21/100
|-start|p1a: MAX_ROACH|confusion
|
|-weather|RainDance|[upkeep]
|-damage|p2a: Pelipper|54/100 brn|[from] brn
|upkeep
|turn|35
|-message|Pig Perfect forfeited.
|
|win|suprya
|raw|Pig Perfect's rating: 1537 &rarr; <strong>1528</strong><br />(-9 for losing)
|raw|suprya's rating: 1744 &rarr; <strong>1753</strong><br />(+9 for winning)
|l|☆Pig Perfect
|player|p1|
|l|☆suprya
|player|p2|
