|j|☆betathunder
|j|☆KurisuChestnutOU
|t:|1781129410
|gametype|singles
|player|p1|betathunder|blackbelt|1572
|player|p2|KurisuChestnutOU|may-contest|1540
|gen|9
|tier|[Gen 9] OU
|rated|
|rule|HP Percentage Mod: HP is shown in percentages
|rule|Endless Battle Clause: Forcing endless battles is banned
|rule|Species Clause: Limit one of each Pokémon
|rule|OHKO Clause: OHKO moves are banned
|rule|Evasion Items Clause: Evasion items are banned
|rule|Evasion Moves Clause: Evasion moves are banned
|rule|Evasion Abilities Clause: Evasion abilities are banned
|rule|Sleep Moves Clause: Sleep-inducing moves are banned
|clearpoke
|poke|p1|Rillaboom, M|
|poke|p1|Pecharunt|
|poke|p1|Ting-Lu|
|poke|p1|Great Tusk|
|poke|p1|Deoxys-Speed|
|poke|p1|Enamorus, F|
|poke|p2|Kingambit, M|
|poke|p2|Kommo-o, M|
|poke|p2|Iron Valiant|
|poke|p2|Kyurem|
|poke|p2|Iron Treads|
|poke|p2|Iron Crown|
|teampreview
|inactive|Battle timer is ON: inactive players will automatically lose when time's up. (requested by betathunder)
|inactive|KurisuChestnutOU also wants the timer to be on.
|inactive|betathunder has 120 seconds left.
|
|t:|1781129451
|teamsize|p1|6
|teamsize|p2|6
|start
|switch|p1a: Ting-Lu|Ting-Lu|100/100
|switch|p2a: Kyurem|Kyurem|100/100
|-ability|p2a: Kyurem|Pressure
|-ability|p1a: Ting-Lu|Vessel of Ruin
|turn|1
|
|t:|1781129458
|move|p2a: Kyurem|Icicle Spear|p1a: Ting-Lu
|-supereffective|p1a: Ting-Lu
|-damage|p1a: Ting-Lu|85/100
|-supereffective|p1a: Ting-Lu
|-damage|p1a: Ting-Lu|70/100
|-supereffective|p1a: Ting-Lu
|-damage|p1a: Ting-Lu|55/100
|-supereffective|p1a: Ting-Lu
|-damage|p1a: Ting-Lu|40/100
|-hitcount|p1a: Ting-Lu|4
|move|p1a: Ting-Lu|Stealth Rock|p2a: Kyurem
|-sidestart|p2: KurisuChestnutOU|move: Stealth Rock
|
|-heal|p1a: Ting-Lu|46/100|[from] item: Leftovers
|upkeep
|turn|2
|
|t:|1781129462
|move|p2a: Kyurem|Icicle Spear|p1a: Ting-Lu
|-supereffective|p1a: Ting-Lu
|-damage|p1a: Ting-Lu|32/100
|-supereffective|p1a: Ting-Lu
|-damage|p1a: Ting-Lu|16/100
|-supereffective|p1a: Ting-Lu
|-damage|p1a: Ting-Lu|2/100
|-supereffective|p1a: Ting-Lu
|-damage|p1a: Ting-Lu|0 fnt
|faint|p1a: Ting-Lu
|-hitcount|p1: Ting-Lu|4
|
|upkeep
|
|t:|1781129467
|switch|p1a: Pecharunt|Pecharunt|100/100
|-item|p1a: Pecharunt|Air Balloon
|turn|3
|
|t:|1781129474
|move|p2a: Kyurem|Icicle Spear|p1a: Pecharunt
|-damage|p1a: Pecharunt|94/100
|-enditem|p1a: Pecharunt|Air Balloon
|-damage|p1a: Pecharunt|87/100
|-damage|p1a: Pecharunt|80/100
|-damage|p1a: Pecharunt|74/100
|-hitcount|p1a: Pecharunt|4
|move|p1a: Pecharunt|Parting Shot|p2a: Kyurem
|-unboost|p2a: Kyurem|atk|1
|-unboost|p2a: Kyurem|spa|1
|
|t:|1781129479
|switch|p1a: Enamorus|Enamorus, F|100/100|[from] Parting Shot
|
|upkeep
|turn|4
|
|t:|1781129482
|-terastallize|p2a: Kyurem|Ground
|move|p1a: Enamorus|Superpower|p2a: Kyurem
|-damage|p2a: Kyurem|70/100
|-boost|p1a: Enamorus|atk|1
|-boost|p1a: Enamorus|def|1
|move|p2a: Kyurem|Icicle Spear|p1a: Enamorus
|-supereffective|p1a: Enamorus
|-damage|p1a: Enamorus|82/100
|-supereffective|p1a: Enamorus
|-damage|p1a: Enamorus|62/100
|-supereffective|p1a: Enamorus
|-damage|p1a: Enamorus|45/100
|-supereffective|p1a: Enamorus
|-damage|p1a: Enamorus|28/100
|-supereffective|p1a: Enamorus
|-damage|p1a: Enamorus|9/100
|-hitcount|p1a: Enamorus|5
|
|upkeep
|turn|5
|
|t:|1781129489
|switch|p2a: Iron Valiant|Iron Valiant|100/100
|-damage|p2a: Iron Valiant|94/100|[from] Stealth Rock
|-enditem|p2a: Iron Valiant|Booster Energy
|-activate|p2a: Iron Valiant|ability: Quark Drive|[fromitem]
|-start|p2a: Iron Valiant|quarkdrivespe
|move|p1a: Enamorus|Moonblast|p2a: Iron Valiant
|-supereffective|p2a: Iron Valiant
|-damage|p2a: Iron Valiant|0 fnt
|faint|p2a: Iron Valiant
|-end|p2a: Iron Valiant|Quark Drive|[silent]
|
|upkeep
|
|t:|1781129495
|switch|p2a: Iron Crown|Iron Crown|100/100
|-damage|p2a: Iron Crown|94/100|[from] Stealth Rock
|-enditem|p2a: Iron Crown|Booster Energy
|-activate|p2a: Iron Crown|ability: Quark Drive|[fromitem]
|-start|p2a: Iron Crown|quarkdrivespe
|turn|6
|
|t:|1781129500
|move|p2a: Iron Crown|Tachyon Cutter|p1a: Enamorus
|-supereffective|p1a: Enamorus
|-damage|p1a: Enamorus|0 fnt
|faint|p1a: Enamorus
|-hitcount|p1: Enamorus|1
|
|upkeep
|
|t:|1781129505
|switch|p1a: Rillaboom|Rillaboom, M|100/100
|-fieldstart|move: Grassy Terrain|[from] ability: Grassy Surge|[of] p1a: Rillaboom
|turn|7
|
|t:|1781129511
|move|p2a: Iron Crown|Tachyon Cutter|p1a: Rillaboom
|-damage|p1a: Rillaboom|68/100
|-crit|p1a: Rillaboom
|-damage|p1a: Rillaboom|18/100
|-hitcount|p1a: Rillaboom|2
|move|p1a: Rillaboom|Knock Off|p2a: Iron Crown
|-supereffective|p2a: Iron Crown
|-damage|p2a: Iron Crown|27/100
|-damage|p1a: Rillaboom|9/100|[from] item: Life Orb
|
|-heal|p2a: Iron Crown|34/100|[from] Grassy Terrain
|-heal|p1a: Rillaboom|15/100|[from] Grassy Terrain
|upkeep
|turn|8
|
|t:|1781129515
|move|p1a: Rillaboom|Grassy Glide|p2a: Iron Crown
|-resisted|p2a: Iron Crown
|-damage|p2a: Iron Crown|8/100
|-damage|p1a: Rillaboom|5/100|[from] item: Life Orb
|move|p2a: Iron Crown|Psychic Noise|p1a: Rillaboom
|-damage|p1a: Rillaboom|0 fnt
|faint|p1a: Rillaboom
|
|-heal|p2a: Iron Crown|15/100|[from] Grassy Terrain
|upkeep
|
|t:|1781129518
|switch|p1a: Deoxys|Deoxys-Speed|100/100
|-ability|p1a: Deoxys|Pressure
|turn|9
|
|t:|1781129523
|-end|p2a: Iron Crown|Quark Drive|[silent]
|switch|p2a: Iron Treads|Iron Treads|100/100
|-damage|p2a: Iron Treads|98/100|[from] Stealth Rock
|-enditem|p2a: Iron Treads|Booster Energy
|-activate|p2a: Iron Treads|ability: Quark Drive|[fromitem]
|-start|p2a: Iron Treads|quarkdrivespe
|move|p1a: Deoxys|Focus Blast|p2a: Iron Treads
|-supereffective|p2a: Iron Treads
|-damage|p2a: Iron Treads|2/100
|-damage|p1a: Deoxys|91/100|[from] item: Life Orb
|
|-heal|p2a: Iron Treads|8/100|[from] Grassy Terrain
|-heal|p1a: Deoxys|97/100|[from] Grassy Terrain
|upkeep
|turn|10
|
|t:|1781129527
|move|p2a: Iron Treads|Endeavor|p1a: Deoxys
|-damage|p1a: Deoxys|11/100
|move|p1a: Deoxys|Focus Blast|p2a: Iron Treads
|-supereffective|p2a: Iron Treads
|-damage|p2a: Iron Treads|0 fnt
|faint|p2a: Iron Treads
|-end|p2a: Iron Treads|Quark Drive|[silent]
|-damage|p1a: Deoxys|1/100|[from] item: Life Orb
|
|-heal|p1a: Deoxys|7/100|[from] Grassy Terrain
|upkeep
|
|t:|1781129531
|switch|p2a: Iron Crown|Iron Crown|15/100
|-damage|p2a: Iron Crown|8/100|[from] Stealth Rock
|turn|11
|
|t:|1781129535
|move|p1a: Deoxys|Recover|p1a: Deoxys
|-heal|p1a: Deoxys|57/100
|move|p2a: Iron Crown|Psychic Noise|p1a: Deoxys
|-resisted|p1a: Deoxys
|-damage|p1a: Deoxys|35/100
|-start|p1a: Deoxys|move: Heal Block
|
|-heal|p2a: Iron Crown|15/100|[from] Grassy Terrain
|-fieldend|move: Grassy Terrain
|upkeep
|turn|12
|
|t:|1781129541
|move|p1a: Deoxys|Focus Blast|p2a: Iron Crown
|-damage|p2a: Iron Crown|0 fnt
|faint|p2a: Iron Crown
|-end|p2a: Iron Crown|Quark Drive|[silent]
|-damage|p1a: Deoxys|25/100|[from] item: Life Orb
|
|-end|p1a: Deoxys|move: Heal Block
|upkeep
|
|t:|1781129545
|switch|p2a: Kingambit|Kingambit, M|100/100
|-damage|p2a: Kingambit|94/100|[from] Stealth Rock
|-activate|p2a: Kingambit|ability: Supreme Overlord
|-start|p2a: Kingambit|fallen3|[silent]
|turn|13
|
|t:|1781129550
|move|p2a: Kingambit|Sucker Punch|p1a: Deoxys
|-supereffective|p1a: Deoxys
|-damage|p1a: Deoxys|0 fnt
|faint|p1a: Deoxys
|
|-heal|p2a: Kingambit|100/100|[from] item: Leftovers
|upkeep
|
|t:|1781129552
|switch|p1a: Great Tusk|Great Tusk|100/100
|-enditem|p1a: Great Tusk|Booster Energy
|-activate|p1a: Great Tusk|ability: Protosynthesis|[fromitem]
|-start|p1a: Great Tusk|protosynthesisatk
|turn|14
|
|t:|1781129558
|-end|p2a: Kingambit|fallen3|[silent]
|switch|p2a: Kyurem|Kyurem, tera:Ground|70/100
|-damage|p2a: Kyurem|64/100|[from] Stealth Rock
|-ability|p2a: Kyurem|Pressure
|move|p1a: Great Tusk|Headlong Rush|p2a: Kyurem
|-damage|p2a: Kyurem|0 fnt
|-unboost|p1a: Great Tusk|def|1
|-unboost|p1a: Great Tusk|spd|1
|faint|p2a: Kyurem
|
|upkeep
|
|t:|1781129562
|switch|p2a: Kommo-o|Kommo-o, M|100/100
|-damage|p2a: Kommo-o|94/100|[from] Stealth Rock
|turn|15
|
|t:|1781129569
|move|p1a: Great Tusk|Ice Spinner|p2a: Kommo-o
|-supereffective|p2a: Kommo-o
|-damage|p2a: Kommo-o|39/100
|move|p2a: Kommo-o|Clangorous Soul|p2a: Kommo-o
|-boost|p2a: Kommo-o|atk|1
|-boost|p2a: Kommo-o|def|1
|-boost|p2a: Kommo-o|spa|1
|-boost|p2a: Kommo-o|spd|1
|-boost|p2a: Kommo-o|spe|1
|-damage|p2a: Kommo-o|6/100
|
|-heal|p2a: Kommo-o|12/100|[from] item: Leftovers
|upkeep
|turn|16
|
|t:|1781129575
|-end|p1a: Great Tusk|Protosynthesis|[silent]
|switch|p1a: Pecharunt|Pecharunt|74/100
|move|p2a: Kommo-o|Drain Punch|p1a: Pecharunt
|-immune|p1a: Pecharunt
|
|-heal|p2a: Kommo-o|18/100|[from] item: Leftovers
|upkeep
|turn|17
|
|t:|1781129578
|switch|p2a: Kingambit|Kingambit, M|100/100
|-damage|p2a: Kingambit|94/100|[from] Stealth Rock
|-activate|p2a: Kingambit|ability: Supreme Overlord
|-start|p2a: Kingambit|fallen4|[silent]
|move|p1a: Pecharunt|Toxic|p2a: Kingambit
|-immune|p2a: Kingambit
|
|-heal|p2a: Kingambit|100/100|[from] item: Leftovers
|upkeep
|turn|18
|
|t:|1781129581
|move|p1a: Pecharunt|Parting Shot|p2a: Kingambit
|-unboost|p2a: Kingambit|atk|1
|-unboost|p2a: Kingambit|spa|1
|
|t:|1781129583
|switch|p1a: Great Tusk|Great Tusk|100/100|[from] Parting Shot
|move|p2a: Kingambit|Swords Dance|p2a: Kingambit
|-boost|p2a: Kingambit|atk|2
|
|upkeep
|turn|19
|
|t:|1781129587
|move|p1a: Great Tusk|Headlong Rush|p2a: Kingambit
|-supereffective|p2a: Kingambit
|-damage|p2a: Kingambit|0 fnt
|-unboost|p1a: Great Tusk|def|1
|-unboost|p1a: Great Tusk|spd|1
|faint|p2a: Kingambit
|-end|p2a: Kingambit|fallen4|[silent]
|
|upkeep
|
|t:|1781129591
|switch|p2a: Kommo-o|Kommo-o, M|18/100
|-damage|p2a: Kommo-o|12/100|[from] Stealth Rock
|turn|20
|
|t:|1781129595
|move|p1a: Great Tusk|Ice Spinner|p2a: Kommo-o
|-supereffective|p2a: Kommo-o
|-damage|p2a: Kommo-o|0 fnt
|faint|p2a: Kommo-o
|
|win|betathunder
|raw|betathunder's rating: 1572 &rarr; <strong>1593</strong><br />(+21 for winning)
|raw|KurisuChestnutOU's rating: 1584 &rarr; <strong>1563</strong><br />(-21 for losing)
