|j|☆bot_91023
|j|☆the real kurt tay
|t:|1781012154
|gametype|singles
|player|p1|bot_91023|psychic-gen4|1647
|player|p2|the real kurt tay|wattson|1602
|gen|9
|tier|[Gen 9] OU
|rated|
|rule|HP Percentage Mod: HP is shown in percentages
|rule|Endless Battle Clause: Forcing endless battles is banned
|rule|Species Clause: Limit one of each Pokémon
|rule|OHKO Clause: OHKO moves are banned
|rule|Evasion Items Clause: Evasion items are banned
|rule|Evasion Moves Clause: Evasion moves are banned
|rule|Evasion Abilities Clause: Evasion abilities are banned
|rule|Sleep Moves Clause: Sleep-inducing moves are banned
|clearpoke
|poke|p1|Samurott-Hisui, F|
|poke|p1|Kingambit, M|
|poke|p1|Gliscor, M|
|poke|p1|Cinderace, F|
|poke|p1|Slowking-Galar, M|
|poke|p1|Dondozo, M|
|poke|p2|Ting-Lu|
|poke|p2|Raging Bolt|
|poke|p2|Slowking-Galar, F|
|poke|p2|Dondozo, F|
|poke|p2|Cinderace, M|
|poke|p2|Corviknight, M|
|teampreview
|
|t:|1781012174
|teamsize|p1|6
|teamsize|p2|6
|start
|switch|p1a: Gliscor|Gliscor, M|100/100
|switch|p2a: Corviknight|Corviknight, M|100/100
|-ability|p2a: Corviknight|Pressure
|turn|1
|
|t:|1781012197
|switch|p2a: Dondozo|Dondozo, F|100/100
|move|p1a: Gliscor|Knock Off|p2a: Dondozo
|-damage|p2a: Dondozo|87/100
|-enditem|p2a: Dondozo|Assault Vest|[from] move: Knock Off|[of] p1a: Gliscor
|
|-status|p1a: Gliscor|tox|[from] item: Toxic Orb
|upkeep
|turn|2
|
|t:|1781012205
|move|p1a: Gliscor|Toxic|p2a: Dondozo
|-status|p2a: Dondozo|tox
|move|p2a: Dondozo|Wave Crash|p1a: Gliscor
|-supereffective|p1a: Gliscor
|-damage|p1a: Gliscor|14/100 tox
|-damage|p2a: Dondozo|67/100 tox|[from] Recoil
|
|-heal|p1a: Gliscor|26/100 tox|[from] ability: Poison Heal
|-damage|p2a: Dondozo|61/100 tox|[from] psn
|upkeep
|turn|3
|
|t:|1781012213
|switch|p2a: Slowking|Slowking-Galar, F|100/100
|move|p1a: Gliscor|Protect||[still]
|-fail|p1a: Gliscor
|
|-heal|p1a: Gliscor|39/100 tox|[from] ability: Poison Heal
|upkeep
|turn|4
|
|t:|1781012222
|switch|p1a: Slowking|Slowking-Galar, M, shiny|100/100
|move|p2a: Slowking|Ice Beam|p1a: Slowking
|-damage|p1a: Slowking|72/100
|
|-heal|p1a: Slowking|78/100|[from] item: Black Sludge
|upkeep
|turn|5
|
|t:|1781012227
|switch|p2a: Ting-Lu|Ting-Lu|100/100
|-ability|p2a: Ting-Lu|Vessel of Ruin
|move|p1a: Slowking|Future Sight|p2a: Ting-Lu
|-start|p1a: Slowking|move: Future Sight
|
|-heal|p1a: Slowking|84/100|[from] item: Black Sludge
|upkeep
|turn|6
|
|t:|1781012229
|switch|p1a: Samurott|Samurott-Hisui, F, shiny|100/100
|move|p2a: Ting-Lu|Stealth Rock|p1a: Samurott
|-sidestart|p1: bot_91023|move: Stealth Rock
|
|upkeep
|turn|7
|
|t:|1781012231
|move|p1a: Samurott|Razor Shell|p2a: Ting-Lu
|-supereffective|p2a: Ting-Lu
|-damage|p2a: Ting-Lu|51/100
|-enditem|p2a: Ting-Lu|Weakness Policy
|-boost|p2a: Ting-Lu|atk|2|[from] item: Weakness Policy
|-boost|p2a: Ting-Lu|spa|2|[from] item: Weakness Policy
|move|p2a: Ting-Lu|Earthquake|p1a: Samurott
|-damage|p1a: Samurott|0 fnt
|faint|p1a: Samurott
|
|-end|p2a: Ting-Lu|move: Future Sight
|-immune|p2a: Ting-Lu
|upkeep
|
|t:|1781012236
|switch|p1a: Cinderace|Cinderace, F|100/100
|turn|8
|
|t:|1781012238
|move|p1a: Cinderace|High Jump Kick|p2a: Ting-Lu
|-start|p1a: Cinderace|typechange|Fighting|[from] ability: Libero
|-supereffective|p2a: Ting-Lu
|-damage|p2a: Ting-Lu|0 fnt
|faint|p2a: Ting-Lu
|
|upkeep
|
|t:|1781012248
|switch|p2a: Slowking|Slowking-Galar, F|100/100
|turn|9
|
|t:|1781012251
|move|p1a: Cinderace|Court Change|p1a: Cinderace
|-swapsideconditions
|-activate|p1a: Cinderace|move: Court Change
|move|p2a: Slowking|Fire Blast|p1a: Cinderace
|-damage|p1a: Cinderace|17/100
|
|upkeep
|turn|10
|
|t:|1781012256
|switch|p2a: Cinderace|Cinderace, M|100/100
|-damage|p2a: Cinderace|76/100|[from] Stealth Rock
|move|p1a: Cinderace|U-turn|p2a: Cinderace
|-resisted|p2a: Cinderace
|-damage|p2a: Cinderace|60/100
|
|t:|1781012259
|switch|p1a: Gliscor|Gliscor, M|39/100 tox|[from] U-turn
|
|-heal|p1a: Gliscor|51/100 tox|[from] ability: Poison Heal
|upkeep
|turn|11
|
|t:|1781012262
|move|p2a: Cinderace|Court Change|p2a: Cinderace
|-start|p2a: Cinderace|typechange|Normal|[from] ability: Libero
|-swapsideconditions
|-activate|p2a: Cinderace|move: Court Change
|move|p1a: Gliscor|Earthquake|p2a: Cinderace
|-damage|p2a: Cinderace|12/100
|
|-heal|p1a: Gliscor|64/100 tox|[from] ability: Poison Heal
|upkeep
|turn|12
|
|t:|1781012266
|-terastallize|p2a: Cinderace|Fire
|move|p2a: Cinderace|Pyro Ball|p1a: Gliscor
|-damage|p1a: Gliscor|4/100 tox
|move|p1a: Gliscor|Knock Off|p2a: Cinderace
|-damage|p2a: Cinderace|0 fnt
|-enditem|p2a: Cinderace|Flame Plate|[from] move: Knock Off|[of] p1a: Gliscor
|faint|p2a: Cinderace
|
|-heal|p1a: Gliscor|16/100 tox|[from] ability: Poison Heal
|upkeep
|
|t:|1781012289
|switch|p2a: Corviknight|Corviknight, M|100/100
|-ability|p2a: Corviknight|Pressure
|turn|13
|
|t:|1781012297
|move|p1a: Gliscor|Protect|p1a: Gliscor
|-singleturn|p1a: Gliscor|Protect
|move|p2a: Corviknight|Brave Bird|p1a: Gliscor
|-activate|p1a: Gliscor|move: Protect
|
|-heal|p1a: Gliscor|29/100 tox|[from] ability: Poison Heal
|upkeep
|turn|14
|
|t:|1781012301
|switch|p1a: Dondozo|Dondozo, M|100/100
|-damage|p1a: Dondozo|88/100|[from] Stealth Rock
|move|p2a: Corviknight|Brave Bird|p1a: Dondozo
|-damage|p1a: Dondozo|66/100
|-damage|p2a: Corviknight|90/100|[from] Recoil
|
|-heal|p1a: Dondozo|72/100|[from] item: Leftovers
|upkeep
|turn|15
|
|t:|1781012307
|switch|p2a: Raging Bolt|Raging Bolt|100/100
|move|p1a: Dondozo|Body Press|p2a: Raging Bolt
|-damage|p2a: Raging Bolt|77/100
|
|-heal|p2a: Raging Bolt|83/100|[from] item: Leftovers
|-heal|p1a: Dondozo|78/100|[from] item: Leftovers
|upkeep
|turn|16
|
|t:|1781012310
|switch|p1a: Slowking|Slowking-Galar, M, shiny|100/100
|-damage|p1a: Slowking|88/100|[from] Stealth Rock
|move|p2a: Raging Bolt|Calm Mind|p2a: Raging Bolt
|-boost|p2a: Raging Bolt|spa|1
|-boost|p2a: Raging Bolt|spd|1
|
|-heal|p2a: Raging Bolt|89/100|[from] item: Leftovers
|-heal|p1a: Slowking|94/100|[from] item: Black Sludge
|upkeep
|turn|17
|
|t:|1781012315
|move|p2a: Raging Bolt|Thunderbolt|p1a: Slowking
|-damage|p1a: Slowking|45/100
|move|p1a: Slowking|Sludge Bomb|p2a: Raging Bolt
|-damage|p2a: Raging Bolt|70/100
|
|-heal|p2a: Raging Bolt|76/100|[from] item: Leftovers
|-heal|p1a: Slowking|51/100|[from] item: Black Sludge
|upkeep
|turn|18
|
|t:|1781012321
|move|p2a: Raging Bolt|Calm Mind|p2a: Raging Bolt
|-boost|p2a: Raging Bolt|spa|1
|-boost|p2a: Raging Bolt|spd|1
|move|p1a: Slowking|Sludge Bomb|p2a: Raging Bolt
|-damage|p2a: Raging Bolt|62/100
|
|-heal|p2a: Raging Bolt|68/100|[from] item: Leftovers
|-heal|p1a: Slowking|57/100|[from] item: Black Sludge
|upkeep
|turn|19
|
|t:|1781012328
|move|p2a: Raging Bolt|Dragon Pulse|p1a: Slowking
|-damage|p1a: Slowking|0 fnt
|faint|p1a: Slowking
|
|-heal|p2a: Raging Bolt|74/100|[from] item: Leftovers
|upkeep
|
|t:|1781012331
|switch|p1a: Gliscor|Gliscor, M|29/100 tox
|-damage|p1a: Gliscor|16/100 tox|[from] Stealth Rock
|turn|20
|
|t:|1781012332
|move|p1a: Gliscor|Earthquake|p2a: Raging Bolt
|-supereffective|p2a: Raging Bolt
|-damage|p2a: Raging Bolt|17/100
|move|p2a: Raging Bolt|Dragon Pulse|p1a: Gliscor
|-damage|p1a: Gliscor|0 fnt
|faint|p1a: Gliscor
|
|-heal|p2a: Raging Bolt|23/100|[from] item: Leftovers
|upkeep
|
|t:|1781012336
|switch|p1a: Cinderace|Cinderace, F|17/100
|turn|21
|
|t:|1781012340
|-end|p2a: Raging Bolt|Protosynthesis|[silent]
|switch|p2a: Dondozo|Dondozo, F|61/100 tox
|move|p1a: Cinderace|Court Change|p1a: Cinderace
|-start|p1a: Cinderace|typechange|Normal|[from] ability: Libero
|-swapsideconditions
|-activate|p1a: Cinderace|move: Court Change
|
|-damage|p2a: Dondozo|55/100 tox|[from] psn
|upkeep
|turn|22
|
|t:|1781012343
|move|p1a: Cinderace|High Jump Kick|p2a: Dondozo
|-damage|p2a: Dondozo|31/100 tox
|move|p2a: Dondozo|Earthquake|p1a: Cinderace
|-damage|p1a: Cinderace|0 fnt
|faint|p1a: Cinderace
|
|-damage|p2a: Dondozo|19/100 tox|[from] psn
|upkeep
|
|t:|1781012346
|switch|p1a: Kingambit|Kingambit, M|100/100
|-activate|p1a: Kingambit|ability: Supreme Overlord
|-start|p1a: Kingambit|fallen4|[silent]
|turn|23
|
|t:|1781012350
|move|p1a: Kingambit|Kowtow Cleave|p2a: Dondozo
|-damage|p2a: Dondozo|0 fnt
|faint|p2a: Dondozo
|
|upkeep
|
|t:|1781012354
|switch|p2a: Slowking|Slowking-Galar, F|100/100
|-damage|p2a: Slowking|88/100|[from] Stealth Rock
|turn|24
|
|t:|1781012357
|move|p1a: Kingambit|Kowtow Cleave|p2a: Slowking
|-supereffective|p2a: Slowking
|-damage|p2a: Slowking|0 fnt
|faint|p2a: Slowking
|
|upkeep
|
|t:|1781012365
|switch|p2a: Corviknight|Corviknight, M|90/100
|-damage|p2a: Corviknight|77/100|[from] Stealth Rock
|-ability|p2a: Corviknight|Pressure
|turn|25
|
|t:|1781012371
|-end|p1a: Kingambit|fallen4|[silent]
|switch|p1a: Dondozo|Dondozo, M|78/100
|move|p2a: Corviknight|Brave Bird|p1a: Dondozo
|-damage|p1a: Dondozo|56/100
|-damage|p2a: Corviknight|66/100|[from] Recoil
|
|-heal|p1a: Dondozo|62/100|[from] item: Leftovers
|upkeep
|turn|26
|
|t:|1781012374
|move|p2a: Corviknight|Brave Bird|p1a: Dondozo
|-damage|p1a: Dondozo|40/100
|-damage|p2a: Corviknight|55/100|[from] Recoil
|move|p1a: Dondozo|Waterfall|p2a: Corviknight
|-damage|p2a: Corviknight|30/100
|
|-heal|p1a: Dondozo|46/100|[from] item: Leftovers
|upkeep
|turn|27
|
|t:|1781012379
|move|p2a: Corviknight|Brave Bird|p1a: Dondozo
|-damage|p1a: Dondozo|26/100
|-damage|p2a: Corviknight|20/100|[from] Recoil
|move|p1a: Dondozo|Curse|p1a: Dondozo
|-unboost|p1a: Dondozo|spe|1
|-boost|p1a: Dondozo|atk|1
|-boost|p1a: Dondozo|def|1
|
|-heal|p1a: Dondozo|33/100|[from] item: Leftovers
|upkeep
|turn|28
|
|t:|1781012382
|move|p2a: Corviknight|Brave Bird|p1a: Dondozo
|-damage|p1a: Dondozo|18/100
|-damage|p2a: Corviknight|13/100|[from] Recoil
|move|p1a: Dondozo|Waterfall|p2a: Corviknight
|-damage|p2a: Corviknight|0 fnt
|faint|p2a: Corviknight
|
|-heal|p1a: Dondozo|24/100|[from] item: Leftovers
|upkeep
|
|t:|1781012383
|switch|p2a: Raging Bolt|Raging Bolt|23/100
|-damage|p2a: Raging Bolt|10/100|[from] Stealth Rock
|turn|29
|
|t:|1781012387
|move|p2a: Raging Bolt|Thunderbolt|p1a: Dondozo
|-supereffective|p1a: Dondozo
|-damage|p1a: Dondozo|0 fnt
|faint|p1a: Dondozo
|
|-heal|p2a: Raging Bolt|16/100|[from] item: Leftovers
|upkeep
|
|t:|1781012389
|switch|p1a: Kingambit|Kingambit, M|100/100
|-activate|p1a: Kingambit|ability: Supreme Overlord
|-start|p1a: Kingambit|fallen5|[silent]
|turn|30
|
|t:|1781012392
|move|p2a: Raging Bolt|Thunderclap|p1a: Kingambit
|-damage|p1a: Kingambit|50/100
|move|p1a: Kingambit|Iron Head|p2a: Raging Bolt
|-resisted|p2a: Raging Bolt
|-damage|p2a: Raging Bolt|0 fnt
|faint|p2a: Raging Bolt
|-end|p2a: Raging Bolt|Protosynthesis|[silent]
|
|win|bot_91023
|raw|bot_91023's rating: 1647 &rarr; <strong>1664</strong><br />(+17 for winning)
|raw|the real kurt tay's rating: 1602 &rarr; <strong>1585</strong><br />(-17 for losing)
|l|☆bot_91023
|player|p1|
|l|☆the real kurt tay
|player|p2|
