|j|☆NoobishTrainerJoe
|j|☆RagingSquirtleXD
|t:|1781583183
|gametype|singles
|player|p1|NoobishTrainerJoe|102|1524
|player|p2|RagingSquirtleXD|169|1579
|gen|9
|tier|[Gen 9] OU
|rated|
|rule|HP Percentage Mod: HP is shown in percentages
|rule|Endless Battle Clause: Forcing endless battles is banned
|rule|Species Clause: Limit one of each Pokémon
|rule|OHKO Clause: OHKO moves are banned
|rule|Evasion Items Clause: Evasion items are banned
|rule|Evasion Moves Clause: Evasion moves are banned
|rule|Evasion Abilities Clause: Evasion abilities are banned
|rule|Sleep Moves Clause: Sleep-inducing moves are banned
|clearpoke
|poke|p1|Gliscor, M|
|poke|p1|Meowscarada, M|
|poke|p1|Cinderace, M|
|poke|p1|Ursaluna, M|
|poke|p1|Hatterene, F|
|poke|p1|Cresselia, F|
|poke|p2|Slowking-Galar, F|
|poke|p2|Great Tusk|
|poke|p2|Kyurem|
|poke|p2|Kingambit, F|
|poke|p2|Cinderace, M|
|poke|p2|Zapdos|
|teampreview
|
|t:|1781583194
|teamsize|p1|6
|teamsize|p2|6
|start
|switch|p1a: Meowscarada|Meowscarada, M|100/100
|switch|p2a: Slowking|Slowking-Galar, F|100/100
|turn|1
|
|t:|1781583198
|move|p1a: Meowscarada|Knock Off|p2a: Slowking
|-start|p1a: Meowscarada|typechange|Dark|[from] ability: Protean
|-supereffective|p2a: Slowking
|-enditem|p2a: Slowking|Colbur Berry|[eat]
|-enditem|p2a: Slowking|Colbur Berry|[weaken]
|-damage|p2a: Slowking|56/100
|move|p2a: Slowking|Sludge Bomb|p1a: Meowscarada
|-damage|p1a: Meowscarada|50/100
|
|upkeep
|turn|2
|
|t:|1781583207
|switch|p2a: Zapdos|Zapdos, shiny|100/100
|move|p1a: Meowscarada|Toxic Spikes|p2a: Zapdos
|-sidestart|p2: RagingSquirtleXD|move: Toxic Spikes
|
|upkeep
|turn|3
|
|t:|1781583210
|move|p1a: Meowscarada|Knock Off|p2a: Zapdos
|-damage|p2a: Zapdos|70/100
|-enditem|p2a: Zapdos|Heavy-Duty Boots|[from] move: Knock Off|[of] p1a: Meowscarada
|move|p2a: Zapdos|Volt Switch|p1a: Meowscarada
|-damage|p1a: Meowscarada|2/100
|
|t:|1781583215
|switch|p2a: Slowking|Slowking-Galar, F|90/100|[from] Volt Switch
|-sideend|p2: RagingSquirtleXD|move: Toxic Spikes|[of] p2a: Slowking
|
|upkeep
|turn|4
|
|t:|1781583219
|switch|p2a: Zapdos|Zapdos, shiny|70/100
|move|p1a: Meowscarada|Toxic Spikes|p2a: Zapdos
|-sidestart|p2: RagingSquirtleXD|move: Toxic Spikes
|
|upkeep
|turn|5
|
|t:|1781583222
|switch|p1a: Brain melter|Gliscor, M|100/100
|move|p2a: Zapdos|Roost|p2a: Zapdos
|-heal|p2a: Zapdos|100/100
|-singleturn|p2a: Zapdos|move: Roost
|
|upkeep
|turn|6
|
|t:|1781583230
|switch|p1a: Cinderace|Cinderace, M|100/100
|move|p2a: Zapdos|Hurricane|p1a: Cinderace
|-damage|p1a: Cinderace|49/100
|
|upkeep
|turn|7
|
|t:|1781583236
|move|p1a: Cinderace|Court Change|p1a: Cinderace
|-swapsideconditions
|-activate|p1a: Cinderace|move: Court Change
|move|p2a: Zapdos|Volt Switch|p1a: Cinderace
|-damage|p1a: Cinderace|15/100
|
|t:|1781583242
|switch|p2a: Cinderace|Cinderace, M|100/100|[from] Volt Switch
|
|upkeep
|turn|8
|
|t:|1781583249
|move|p1a: Cinderace|Pyro Ball|p2a: Cinderace
|-resisted|p2a: Cinderace
|-damage|p2a: Cinderace|56/100
|move|p2a: Cinderace|Court Change|p2a: Cinderace
|-swapsideconditions
|-activate|p2a: Cinderace|move: Court Change
|
|upkeep
|turn|9
|
|t:|1781583254
|move|p1a: Cinderace|Pyro Ball|p2a: Cinderace
|-resisted|p2a: Cinderace
|-damage|p2a: Cinderace|15/100
|move|p2a: Cinderace|Pyro Ball|p1a: Cinderace
|-resisted|p1a: Cinderace
|-damage|p1a: Cinderace|0 fnt
|faint|p1a: Cinderace
|
|upkeep
|
|t:|1781583262
|switch|p1a: Brain melter|Gliscor, M|100/100
|turn|10
|
|t:|1781583266
|move|p1a: Brain melter|Protect|p1a: Brain melter
|-singleturn|p1a: Brain melter|Protect
|move|p2a: Cinderace|Will-O-Wisp|p1a: Brain melter
|-activate|p1a: Brain melter|move: Protect
|
|upkeep
|turn|11
|
|t:|1781583272
|switch|p1a: Hatterene|Hatterene, F|100/100
|move|p2a: Cinderace|Will-O-Wisp|p1a: Hatterene
|move|p1a: Hatterene|Will-O-Wisp|p2a: Cinderace|[from] ability: Magic Bounce
|-immune|p2a: Cinderace
|
|upkeep
|turn|12
|
|t:|1781583277
|move|p2a: Cinderace|U-turn|p1a: Hatterene
|-damage|p1a: Hatterene|83/100
|-damage|p2a: Cinderace|0 fnt|[from] item: Rocky Helmet|[of] p1a: Hatterene
|faint|p2a: Cinderace
|move|p1a: Hatterene|Trick Room|p1a: Hatterene
|-fieldstart|move: Trick Room|[of] p1a: Hatterene
|
|upkeep
|
|t:|1781583280
|switch|p2a: Slowking|Slowking-Galar, F|100/100
|-sideend|p2: RagingSquirtleXD|move: Toxic Spikes|[of] p2a: Slowking
|turn|13
|
|t:|1781583286
|switch|p1a: Ursaluna|Ursaluna, M|100/100
|move|p2a: Slowking|Future Sight|p1a: Ursaluna
|-start|p2a: Slowking|move: Future Sight
|
|upkeep
|turn|14
|
|t:|1781583300
|switch|p2a: Zapdos|Zapdos, shiny|100/100
|move|p1a: Ursaluna|Ice Punch|p2a: Zapdos
|-supereffective|p2a: Zapdos
|-damage|p2a: Zapdos|57/100
|
|upkeep
|turn|15
|
|t:|1781583306
|move|p1a: Ursaluna|Ice Punch|p2a: Zapdos
|-supereffective|p2a: Zapdos
|-damage|p2a: Zapdos|13/100
|move|p2a: Zapdos|Roost|p2a: Zapdos
|-heal|p2a: Zapdos|63/100
|-singleturn|p2a: Zapdos|move: Roost
|
|-end|p1a: Ursaluna|move: Future Sight
|-damage|p1a: Ursaluna|63/100
|-heal|p1a: Ursaluna|69/100|[from] item: Leftovers
|upkeep
|turn|16
|
|t:|1781583312
|move|p1a: Ursaluna|Ice Punch|p2a: Zapdos
|-supereffective|p2a: Zapdos
|-damage|p2a: Zapdos|19/100
|move|p2a: Zapdos|Roost|p2a: Zapdos
|-heal|p2a: Zapdos|69/100
|-singleturn|p2a: Zapdos|move: Roost
|
|-heal|p1a: Ursaluna|75/100|[from] item: Leftovers
|-fieldend|move: Trick Room
|upkeep
|turn|17
|
|t:|1781583318
|switch|p2a: Great Tusk|Great Tusk|100/100
|move|p1a: Ursaluna|Ice Punch|p2a: Great Tusk
|-supereffective|p2a: Great Tusk
|-damage|p2a: Great Tusk|62/100
|
|-heal|p2a: Great Tusk|68/100|[from] item: Leftovers
|-heal|p1a: Ursaluna|81/100|[from] item: Leftovers
|upkeep
|turn|18
|
|t:|1781583329
|switch|p1a: Cresselia|Cresselia, F|100/100
|move|p2a: Great Tusk|Close Combat|p1a: Cresselia
|-resisted|p1a: Cresselia
|-damage|p1a: Cresselia|84/100
|-unboost|p2a: Great Tusk|def|1
|-unboost|p2a: Great Tusk|spd|1
|-enditem|p1a: Cresselia|Red Card|[of] p2a: Great Tusk
|-end|p2a: Great Tusk|Protosynthesis|[silent]
|drag|p2a: Kyurem|Kyurem|100/100
|-ability|p2a: Kyurem|Pressure
|
|upkeep
|turn|19
|
|t:|1781583333
|move|p2a: Kyurem|Ice Beam|p1a: Cresselia
|-damage|p1a: Cresselia|39/100
|move|p1a: Cresselia|Trick Room|p1a: Cresselia
|-fieldstart|move: Trick Room|[of] p1a: Cresselia
|
|upkeep
|turn|20
|
|t:|1781583337
|move|p1a: Cresselia|Moonlight|p1a: Cresselia
|-heal|p1a: Cresselia|89/100
|move|p2a: Kyurem|Ice Beam|p1a: Cresselia
|-damage|p1a: Cresselia|39/100
|
|upkeep
|turn|21
|
|t:|1781583340
|move|p1a: Cresselia|Moonlight|p1a: Cresselia
|-heal|p1a: Cresselia|89/100
|move|p2a: Kyurem|Ice Beam|p1a: Cresselia
|-damage|p1a: Cresselia|46/100
|
|upkeep
|turn|22
|
|t:|1781583347
|move|p1a: Cresselia|Moonlight|p1a: Cresselia
|-heal|p1a: Cresselia|96/100
|move|p2a: Kyurem|Ice Beam|p1a: Cresselia
|-damage|p1a: Cresselia|53/100
|-status|p1a: Cresselia|frz
|
|upkeep
|turn|23
|
|t:|1781583350
|-curestatus|p1a: Cresselia|frz|[msg]
|move|p1a: Cresselia|Lunar Dance|p1a: Cresselia
|faint|p1a: Cresselia
|move|p2a: Kyurem|Ice Beam|p1: Cresselia|[notarget]
|-fail|p2a: Kyurem
|
|-fieldend|move: Trick Room
|upkeep
|
|t:|1781583355
|switch|p1a: Meowscarada|Meowscarada, M|2/100
|-heal|p1a: Meowscarada|100/100|[from] move: Lunar Dance
|turn|24
|
|t:|1781583363
|switch|p2a: Zapdos|Zapdos, shiny|69/100
|move|p1a: Meowscarada|Knock Off|p2a: Zapdos
|-start|p1a: Meowscarada|typechange|Dark|[from] ability: Protean
|-damage|p2a: Zapdos|46/100
|
|upkeep
|turn|25
|
|t:|1781583367
|move|p1a: Meowscarada|Toxic Spikes|p2a: Zapdos
|-sidestart|p2: RagingSquirtleXD|move: Toxic Spikes
|move|p2a: Zapdos|Roost|p2a: Zapdos
|-heal|p2a: Zapdos|97/100
|-singleturn|p2a: Zapdos|move: Roost
|
|upkeep
|turn|26
|
|t:|1781583377
|switch|p1a: Ursaluna|Ursaluna, M|81/100
|move|p2a: Zapdos|Hurricane|p1a: Ursaluna
|-damage|p1a: Ursaluna|39/100
|
|-heal|p1a: Ursaluna|45/100|[from] item: Leftovers
|upkeep
|turn|27
|
|t:|1781583384
|move|p2a: Zapdos|Hurricane|p1a: Ursaluna
|-damage|p1a: Ursaluna|4/100
|move|p1a: Ursaluna|Ice Punch|p2a: Zapdos
|-supereffective|p2a: Zapdos
|-damage|p2a: Zapdos|50/100
|
|-heal|p1a: Ursaluna|10/100|[from] item: Leftovers
|upkeep
|turn|28
|
|t:|1781583395
|move|p2a: Zapdos|Hurricane|p1a: Ursaluna
|-damage|p1a: Ursaluna|0 fnt
|faint|p1a: Ursaluna
|
|upkeep
|
|t:|1781583399
|switch|p1a: Meowscarada|Meowscarada, M|100/100
|turn|29
|
|t:|1781583401
|move|p1a: Meowscarada|Taunt|p2a: Zapdos
|-start|p1a: Meowscarada|typechange|Dark|[from] ability: Protean
|-start|p2a: Zapdos|move: Taunt
|cant|p2a: Zapdos|move: Taunt|Roost
|
|upkeep
|turn|30
|
|t:|1781583409
|move|p1a: Meowscarada|Knock Off|p2a: Zapdos
|-damage|p2a: Zapdos|30/100
|move|p2a: Zapdos|Volt Switch|p1a: Meowscarada
|-damage|p1a: Meowscarada|58/100
|
|t:|1781583413
|switch|p2a: Slowking|Slowking-Galar, F|100/100|[from] Volt Switch
|-sideend|p2: RagingSquirtleXD|move: Toxic Spikes|[of] p2a: Slowking
|
|upkeep
|turn|31
|
|t:|1781583416
|switch|p2a: Zapdos|Zapdos, shiny|30/100
|move|p1a: Meowscarada|Knock Off|p2a: Zapdos
|-damage|p2a: Zapdos|8/100
|
|upkeep
|turn|32
|
|t:|1781583418
|move|p1a: Meowscarada|Knock Off|p2a: Zapdos
|-damage|p2a: Zapdos|0 fnt
|-status|p1a: Meowscarada|par|[from] ability: Static|[of] p2a: Zapdos
|faint|p2a: Zapdos
|
|upkeep
|
|t:|1781583421
|switch|p2a: Great Tusk|Great Tusk|68/100
|turn|33
|
|t:|1781583426
|move|p2a: Great Tusk|Close Combat|p1a: Meowscarada
|-supereffective|p1a: Meowscarada
|-damage|p1a: Meowscarada|0 fnt
|-unboost|p2a: Great Tusk|def|1
|-unboost|p2a: Great Tusk|spd|1
|faint|p1a: Meowscarada
|
|-heal|p2a: Great Tusk|74/100|[from] item: Leftovers
|upkeep
|
|t:|1781583431
|switch|p1a: Hatterene|Hatterene, F|83/100
|turn|34
|
|t:|1781583435
|-end|p2a: Great Tusk|Protosynthesis|[silent]
|switch|p2a: Slowking|Slowking-Galar, F|100/100
|move|p1a: Hatterene|Dazzling Gleam|p2a: Slowking
|-resisted|p2a: Slowking
|-damage|p2a: Slowking|90/100
|
|upkeep
|turn|35
|
|t:|1781583439
|switch|p1a: Brain melter|Gliscor, M|100/100
|move|p2a: Slowking|Sludge Bomb|p1a: Brain melter
|-resisted|p1a: Brain melter
|-damage|p1a: Brain melter|82/100
|
|-heal|p1a: Brain melter|89/100|[from] item: Leftovers
|upkeep
|turn|36
|
|t:|1781583448
|move|p1a: Brain melter|Substitute|p1a: Brain melter
|-start|p1a: Brain melter|Substitute
|-damage|p1a: Brain melter|64/100
|-prepare|p2a: Slowking|Chilly Reception|[premajor]
|move|p2a: Slowking|Chilly Reception|p2a: Slowking
|-weather|Snowscape
|
|t:|1781583450
|switch|p2a: Kyurem|Kyurem|100/100|[from] Chilly Reception
|-ability|p2a: Kyurem|Pressure
|
|-weather|Snowscape|[upkeep]
|-heal|p1a: Brain melter|70/100|[from] item: Leftovers
|upkeep
|turn|37
|
|t:|1781583454
|move|p1a: Brain melter|Protect|p1a: Brain melter
|-singleturn|p1a: Brain melter|Protect
|move|p2a: Kyurem|Ice Beam|p1a: Brain melter
|-activate|p1a: Brain melter|move: Protect
|
|-weather|Snowscape|[upkeep]
|-heal|p1a: Brain melter|76/100|[from] item: Leftovers
|upkeep
|turn|38
|
|t:|1781583463
|move|p2a: Kyurem|Ice Beam|p1a: Brain melter
|-supereffective|p1a: Brain melter
|-end|p1a: Brain melter|Substitute
|move|p1a: Brain melter|Toxic|p2a: Kyurem|[miss]
|-miss|p1a: Brain melter|p2a: Kyurem
|
|-weather|Snowscape|[upkeep]
|-heal|p1a: Brain melter|82/100|[from] item: Leftovers
|upkeep
|turn|39
|
|t:|1781583468
|move|p1a: Brain melter|Protect|p1a: Brain melter
|-singleturn|p1a: Brain melter|Protect
|move|p2a: Kyurem|Ice Beam|p1a: Brain melter
|-activate|p1a: Brain melter|move: Protect
|
|-weather|Snowscape|[upkeep]
|-heal|p1a: Brain melter|89/100|[from] item: Leftovers
|upkeep
|turn|40
|
|t:|1781583477
|-terastallize|p1a: Brain melter|Dark
|move|p2a: Kyurem|Ice Beam|p1a: Brain melter
|-damage|p1a: Brain melter|0 fnt
|faint|p1a: Brain melter
|
|-weather|none
|upkeep
|-message|NoobishTrainerJoe forfeited.
|
|win|RagingSquirtleXD
|raw|NoobishTrainerJoe's rating: 1524 &rarr; <strong>1507</strong><br />(-17 for losing)
|raw|RagingSquirtleXD's rating: 1579 &rarr; <strong>1596</strong><br />(+17 for winning)
|l|☆NoobishTrainerJoe
|player|p1|
|l|☆RagingSquirtleXD
|player|p2|
