|badge|p2|bronze|gen9randombattle|100-9
|badge|p2|bronze|gen9ubers|100-9
|uhtml|medal-msg|<div class="broadcast-blue">Curious what those medals under the avatar are? PS now has Ladder Seasons! For more information, check out the <a href="https://www.smogon.com/forums/threads/3740067/">thread on Smogon.</a></div>
|j|☆SparklingOperetta
|j|☆oddishlover4
|t:|1781347952
|gametype|singles
|player|p1|SparklingOperetta|parasollady|1671
|player|p2|oddishlover4|acetrainerf|1757
|gen|9
|tier|[Gen 9] OU
|rated|
|rule|HP Percentage Mod: HP is shown in percentages
|rule|Endless Battle Clause: Forcing endless battles is banned
|rule|Species Clause: Limit one of each Pokémon
|rule|OHKO Clause: OHKO moves are banned
|rule|Evasion Items Clause: Evasion items are banned
|rule|Evasion Moves Clause: Evasion moves are banned
|rule|Evasion Abilities Clause: Evasion abilities are banned
|rule|Sleep Moves Clause: Sleep-inducing moves are banned
|clearpoke
|poke|p1|Hoopa-Unbound|
|poke|p1|Pecharunt|
|poke|p1|Landorus-Therian, M|
|poke|p1|Cinderace, M|
|poke|p1|Alomomola, M|
|poke|p1|Iron Valiant|
|poke|p2|Kyurem|
|poke|p2|Hatterene, F|
|poke|p2|Darkrai|
|poke|p2|Great Tusk|
|poke|p2|Dragonite, F|
|poke|p2|Gholdengo|
|teampreview
|
|t:|1781347971
|teamsize|p1|6
|teamsize|p2|6
|start
|switch|p1a: Hoopa|Hoopa-Unbound|100/100
|switch|p2a: Antifragile|Hatterene, F|100/100
|turn|1
|c|☆oddishlover4|gl/hf!
|inactive|Battle timer is ON: inactive players will automatically lose when time's up. (requested by oddishlover4)
|
|t:|1781347990
|-terastallize|p1a: Hoopa|Dark
|move|p1a: Hoopa|Hyperspace Fury|p2a: Antifragile
|-damage|p2a: Antifragile|0 fnt
|-unboost|p1a: Hoopa|def|1
|faint|p2a: Antifragile
|
|upkeep
|
|t:|1781348008
|switch|p2a: Fearless|Great Tusk|100/100
|turn|2
|
|t:|1781348033
|switch|p1a: Pecharunt|Pecharunt|100/100
|move|p2a: Fearless|Stealth Rock|p1a: Pecharunt
|-sidestart|p1: SparklingOperetta|move: Stealth Rock
|
|upkeep
|turn|3
|
|t:|1781348051
|move|p2a: Fearless|Headlong Rush|p1a: Pecharunt
|-supereffective|p1a: Pecharunt
|-damage|p1a: Pecharunt|55/100
|-unboost|p2a: Fearless|def|1
|-unboost|p2a: Fearless|spd|1
|move|p1a: Pecharunt|Parting Shot|p2a: Fearless
|-unboost|p2a: Fearless|atk|1
|-unboost|p2a: Fearless|spa|1
|
|t:|1781348056
|switch|p1a: Landorus|Landorus-Therian, M, shiny|100/100|[from] Parting Shot
|-damage|p1a: Landorus|88/100|[from] Stealth Rock
|-ability|p1a: Landorus|Intimidate|boost
|-unboost|p2a: Fearless|atk|1
|
|upkeep
|turn|4
|
|t:|1781348074
|move|p1a: Landorus|Grass Knot|p2a: Fearless
|-supereffective|p2a: Fearless
|-damage|p2a: Fearless|0 fnt
|faint|p2a: Fearless
|-end|p2a: Fearless|Protosynthesis|[silent]
|
|upkeep
|inactive|oddishlover4 has 120 seconds left.
|
|t:|1781348092
|switch|p2a: Boompala|Kyurem|100/100
|-ability|p2a: Boompala|Pressure
|turn|5
|inactive|oddishlover4 has 120 seconds left.
|
|t:|1781348110
|switch|p1a: Alomomola|Alomomola, M, shiny|100/100
|-damage|p1a: Alomomola|88/100|[from] Stealth Rock
|move|p2a: Boompala|Ice Beam|p1a: Alomomola
|-resisted|p1a: Alomomola
|-damage|p1a: Alomomola|76/100
|
|upkeep
|turn|6
|inactive|oddishlover4 has 120 seconds left.
|
|t:|1781348128
|move|p2a: Boompala|Freeze-Dry|p1a: Alomomola
|-supereffective|p1a: Alomomola
|-damage|p1a: Alomomola|37/100
|move|p1a: Alomomola|Flip Turn|p2a: Boompala
|-resisted|p2a: Boompala
|-damage|p2a: Boompala|94/100
|
|t:|1781348134
|switch|p1a: Iron Valiant|Iron Valiant, shiny|100/100|[from] Flip Turn
|-damage|p1a: Iron Valiant|94/100|[from] Stealth Rock
|
|upkeep
|turn|7
|inactive|oddishlover4 has 120 seconds left.
|
|t:|1781348152
|-terastallize|p2a: Boompala|Poison
|move|p1a: Iron Valiant|Moonblast|p2a: Boompala
|-resisted|p2a: Boompala
|-damage|p2a: Boompala|74/100
|move|p2a: Boompala|Ice Beam|p1a: Iron Valiant
|-damage|p1a: Iron Valiant|8/100
|
|upkeep
|turn|8
|
|t:|1781348171
|switch|p2a: Celebration|Gholdengo|100/100
|move|p1a: Iron Valiant|Moonblast|p2a: Celebration
|-resisted|p2a: Celebration
|-damage|p2a: Celebration|66/100
|
|upkeep
|turn|9
|
|t:|1781348189
|move|p1a: Iron Valiant|Moonblast|p2a: Celebration
|-resisted|p2a: Celebration
|-damage|p2a: Celebration|30/100
|-unboost|p2a: Celebration|spa|1
|move|p2a: Celebration|Recover|p2a: Celebration
|-heal|p2a: Celebration|80/100
|
|upkeep
|turn|10
|
|t:|1781348207
|-end|p1a: Iron Valiant|Quark Drive|[silent]
|switch|p1a: Cinderace|Cinderace, M, shiny|100/100
|move|p2a: Celebration|Recover|p2a: Celebration
|-heal|p2a: Celebration|100/100
|
|upkeep
|turn|11
|inactive|oddishlover4 has 90 seconds left.
|
|t:|1781348226
|switch|p2a: Boompala|Kyurem, tera:Poison|74/100
|-ability|p2a: Boompala|Pressure
|move|p1a: Cinderace|Pyro Ball|p2a: Boompala
|-damage|p2a: Boompala|31/100
|
|upkeep
|turn|12
|inactive|oddishlover4 has 90 seconds left.
|
|t:|1781348244
|switch|p2a: Bluebeard's Wife|Dragonite, F|100/100
|move|p1a: Cinderace|Pyro Ball|p2a: Bluebeard's Wife
|-resisted|p2a: Bluebeard's Wife
|-damage|p2a: Bluebeard's Wife|87/100
|
|upkeep
|turn|13
|inactive|oddishlover4 has 90 seconds left.
|
|t:|1781348265
|move|p2a: Bluebeard's Wife|Extreme Speed|p1a: Cinderace
|-damage|p1a: Cinderace|61/100
|move|p1a: Cinderace|U-turn|p2a: Bluebeard's Wife
|-start|p1a: Cinderace|typechange|Bug|[from] ability: Libero
|-resisted|p2a: Bluebeard's Wife
|-damage|p2a: Bluebeard's Wife|72/100
|
|t:|1781348274
|switch|p1a: Hoopa|Hoopa-Unbound, tera:Dark|100/100|[from] U-turn
|-damage|p1a: Hoopa|88/100|[from] Stealth Rock
|
|upkeep
|turn|14
|inactive|oddishlover4 has 90 seconds left.
|
|t:|1781348298
|move|p2a: Bluebeard's Wife|Extreme Speed|p1a: Hoopa
|-damage|p1a: Hoopa|43/100
|move|p1a: Hoopa|Hyperspace Fury|p2a: Bluebeard's Wife
|-damage|p2a: Bluebeard's Wife|0 fnt
|-unboost|p1a: Hoopa|def|1
|faint|p2a: Bluebeard's Wife
|
|upkeep
|
|t:|1781348315
|switch|p2a: Perfect Night|Darkrai|100/100
|turn|15
|
|t:|1781348340
|switch|p1a: Alomomola|Alomomola, M, shiny|70/100
|-damage|p1a: Alomomola|58/100|[from] Stealth Rock
|move|p2a: Perfect Night|Sludge Bomb|p1a: Alomomola
|-damage|p1a: Alomomola|40/100
|-status|p1a: Alomomola|psn
|
|-damage|p1a: Alomomola|27/100 psn|[from] psn
|upkeep
|turn|16
|inactive|oddishlover4 has 60 seconds left.
|
|t:|1781348358
|switch|p2a: Boompala|Kyurem, tera:Poison|31/100
|-ability|p2a: Boompala|Pressure
|move|p1a: Alomomola|Flip Turn|p2a: Boompala
|-damage|p2a: Boompala|18/100
|inactive|SparklingOperetta has 120 seconds left.
|
|t:|1781348374
|switch|p1a: Cinderace|Cinderace, M, shiny|61/100|[from] Flip Turn
|
|upkeep
|turn|17
|inactive|oddishlover4 has 60 seconds left.
|
|t:|1781348392
|move|p1a: Cinderace|Pyro Ball|p2a: Boompala|[miss]
|-miss|p1a: Cinderace|p2a: Boompala
|move|p2a: Boompala|Earth Power|p1a: Cinderace
|-supereffective|p1a: Cinderace
|-damage|p1a: Cinderace|0 fnt
|faint|p1a: Cinderace
|
|upkeep
|j| qizha
|
|t:|1781348403
|switch|p1a: Landorus|Landorus-Therian, M, shiny|88/100
|-damage|p1a: Landorus|76/100|[from] Stealth Rock
|-ability|p1a: Landorus|Intimidate|boost
|-unboost|p2a: Boompala|atk|1
|turn|18
|inactive|oddishlover4 has 60 seconds left.
|
|t:|1781348420
|move|p1a: Landorus|Earthquake|p2a: Boompala
|-supereffective|p2a: Boompala
|-damage|p2a: Boompala|0 fnt
|faint|p2a: Boompala
|
|upkeep
|inactive|oddishlover4 has 60 seconds left.
|
|t:|1781348437
|switch|p2a: Perfect Night|Darkrai|100/100
|turn|19
|
|t:|1781348454
|switch|p2a: Celebration|Gholdengo|100/100
|move|p1a: Landorus|Earthquake|p2a: Celebration
|-supereffective|p2a: Celebration
|-crit|p2a: Celebration
|-damage|p2a: Celebration|0 fnt
|faint|p2a: Celebration
|
|upkeep
|c|☆SparklingOperetta|gg
|
|t:|1781348461
|switch|p2a: Perfect Night|Darkrai|100/100
|turn|20
|
|t:|1781348468
|move|p2a: Perfect Night|Dark Pulse|p1a: Landorus
|-damage|p1a: Landorus|14/100
|move|p1a: Landorus|Earthquake|p2a: Perfect Night
|-damage|p2a: Perfect Night|31/100
|
|upkeep
|turn|21
|
|t:|1781348474
|move|p2a: Perfect Night|Dark Pulse|p1a: Landorus
|-damage|p1a: Landorus|0 fnt
|faint|p1a: Landorus
|
|upkeep
|
|t:|1781348483
|switch|p1a: Alomomola|Alomomola, M, shiny|61/100 psn
|-damage|p1a: Alomomola|48/100 psn|[from] Stealth Rock
|turn|22
|
|t:|1781348491
|move|p2a: Perfect Night|Dark Pulse|p1a: Alomomola
|-damage|p1a: Alomomola|27/100 psn
|move|p1a: Alomomola|Body Slam|p2a: Perfect Night
|-damage|p2a: Perfect Night|10/100
|
|-damage|p1a: Alomomola|14/100 psn|[from] psn
|upkeep
|turn|23
|
|t:|1781348501
|move|p1a: Alomomola|Aqua Jet|p2a: Perfect Night
|-crit|p2a: Perfect Night
|-damage|p2a: Perfect Night|0 fnt
|faint|p2a: Perfect Night
|
|win|SparklingOperetta
|raw|SparklingOperetta's rating: 1671 &rarr; <strong>1696</strong><br />(+25 for winning)
|raw|oddishlover4's rating: 1757 &rarr; <strong>1732</strong><br />(-25 for losing)
|c|☆oddishlover4|GG!
|l|☆SparklingOperetta
|player|p1|
