|j|☆arturohdez
|j|☆hawkins0
|t:|1781505414
|gametype|singles
|player|p1|arturohdez|lucas|1623
|player|p2|hawkins0|2|1720
|gen|9
|tier|[Gen 9] OU
|rated|
|rule|HP Percentage Mod: HP is shown in percentages
|rule|Endless Battle Clause: Forcing endless battles is banned
|rule|Species Clause: Limit one of each Pokémon
|rule|OHKO Clause: OHKO moves are banned
|rule|Evasion Items Clause: Evasion items are banned
|rule|Evasion Moves Clause: Evasion moves are banned
|rule|Evasion Abilities Clause: Evasion abilities are banned
|rule|Sleep Moves Clause: Sleep-inducing moves are banned
|clearpoke
|poke|p1|Landorus-Therian, M|
|poke|p1|Gholdengo|
|poke|p1|Rillaboom, M|
|poke|p1|Walking Wake|
|poke|p1|Volcanion|
|poke|p1|Zamazenta-*|
|poke|p2|Hoopa-Unbound|
|poke|p2|Pecharunt|
|poke|p2|Landorus-Therian, M|
|poke|p2|Cinderace, M|
|poke|p2|Alomomola, M|
|poke|p2|Iron Valiant|
|teampreview
|
|t:|1781505419
|teamsize|p1|6
|teamsize|p2|6
|start
|switch|p1a: Volcanion|Volcanion|100/100
|switch|p2a: Enten|Landorus-Therian, M, shiny|100/100
|-ability|p2a: Enten|Intimidate|boost
|-unboost|p1a: Volcanion|atk|1
|turn|1
|
|t:|1781505423
|move|p2a: Enten|U-turn|p1a: Volcanion
|-resisted|p1a: Volcanion
|-damage|p1a: Volcanion|88/100
|inactive|Battle timer is ON: inactive players will automatically lose when time's up. (requested by arturohdez)
|
|t:|1781505430
|switch|p2a: Pisces|Alomomola, M, shiny|100/100|[from] U-turn
|move|p1a: Volcanion|Steam Eruption|p2a: Pisces
|-resisted|p2a: Pisces
|-damage|p2a: Pisces|83/100
|-status|p2a: Pisces|brn
|
|-damage|p2a: Pisces|77/100 brn|[from] brn
|upkeep
|turn|2
|
|t:|1781505439
|move|p1a: Volcanion|Sludge Bomb|p2a: Pisces
|-damage|p2a: Pisces|60/100 brn
|move|p2a: Pisces|Body Slam|p1a: Volcanion
|-damage|p1a: Volcanion|80/100
|
|-damage|p2a: Pisces|54/100 brn|[from] brn
|upkeep
|turn|3
|
|t:|1781505449
|switch|p1a: Landorus|Landorus-Therian, M|100/100
|-ability|p1a: Landorus|Intimidate|boost
|-unboost|p2a: Pisces|atk|1
|move|p2a: Pisces|Mirror Coat||[still]
|-fail|p2a: Pisces
|
|-damage|p2a: Pisces|47/100 brn|[from] brn
|upkeep
|turn|4
|
|t:|1781505457
|move|p1a: Landorus|U-turn|p2a: Pisces
|-damage|p2a: Pisces|34/100 brn
|
|t:|1781505460
|switch|p1a: Volcanion|Volcanion|80/100|[from] U-turn
|move|p2a: Pisces|Flip Turn|p1a: Volcanion
|-heal|p1a: Volcanion|100/100|[from] ability: Water Absorb|[of] p2a: Pisces
|
|-damage|p2a: Pisces|27/100 brn|[from] brn
|upkeep
|turn|5
|
|t:|1781505466
|switch|p1a: Landorus|Landorus-Therian, M|100/100
|-ability|p1a: Landorus|Intimidate|boost
|-unboost|p2a: Pisces|atk|1
|move|p2a: Pisces|Body Slam|p1a: Landorus
|-damage|p1a: Landorus|96/100
|-status|p1a: Landorus|par
|-damage|p2a: Pisces|11/100 brn|[from] item: Rocky Helmet|[of] p1a: Landorus
|
|-damage|p2a: Pisces|5/100 brn|[from] brn
|upkeep
|turn|6
|
|t:|1781505475
|switch|p2a: Calamity|Iron Valiant, shiny|100/100
|cant|p1a: Landorus|par
|
|upkeep
|turn|7
|
|t:|1781505480
|move|p2a: Calamity|Moonblast|p1a: Landorus
|-damage|p1a: Landorus|17/100 par
|-unboost|p1a: Landorus|spa|1
|cant|p1a: Landorus|par
|
|upkeep
|turn|8
|
|t:|1781505485
|switch|p1a: Gholdengo|Gholdengo|100/100
|move|p2a: Calamity|Moonblast|p1a: Gholdengo
|-resisted|p1a: Gholdengo
|-damage|p1a: Gholdengo|69/100
|-unboost|p1a: Gholdengo|spa|1
|
|upkeep
|turn|9
|
|t:|1781505504
|-end|p2a: Calamity|Quark Drive|[silent]
|switch|p2a: Khaos|Hoopa-Unbound|100/100
|switch|p1a: Zamazenta|Zamazenta|100/100
|-ability|p1a: Zamazenta|Dauntless Shield|boost
|-boost|p1a: Zamazenta|def|1
|
|upkeep
|turn|10
|
|t:|1781505508
|switch|p2a: Overseer|Pecharunt|100/100
|move|p1a: Zamazenta|Close Combat|p2a: Overseer
|-immune|p2a: Overseer
|
|upkeep
|turn|11
|
|t:|1781505521
|move|p1a: Zamazenta|Psychic Fangs|p2a: Overseer
|-supereffective|p2a: Overseer
|-damage|p2a: Overseer|64/100
|-damage|p1a: Zamazenta|91/100|[from] item: Life Orb
|move|p2a: Overseer|Shadow Ball|p1a: Zamazenta
|-damage|p1a: Zamazenta|67/100
|
|upkeep
|turn|12
|
|t:|1781505532
|switch|p1a: Volcanion|Volcanion|100/100
|move|p2a: Overseer|Recover|p2a: Overseer
|-heal|p2a: Overseer|100/100
|
|upkeep
|turn|13
|
|t:|1781505542
|move|p1a: Volcanion|Sludge Bomb|p2a: Overseer
|-resisted|p2a: Overseer
|-damage|p2a: Overseer|92/100
|move|p2a: Overseer|Malignant Chain|p1a: Volcanion
|-damage|p1a: Volcanion|64/100
|-status|p1a: Volcanion|tox
|-start|p1a: Volcanion|confusion|[from] ability: Poison Puppeteer|[of] p2a: Overseer
|
|-damage|p1a: Volcanion|58/100 tox|[from] psn
|upkeep
|turn|14
|
|t:|1781505548
|switch|p2a: Pisces|Alomomola, M, shiny|38/100 brn
|-activate|p1a: Volcanion|confusion
|-damage|p1a: Volcanion|50/100 tox|[from] confusion
|
|-damage|p1a: Volcanion|38/100 tox|[from] psn
|-damage|p2a: Pisces|32/100 brn|[from] brn
|upkeep
|turn|15
|
|t:|1781505553
|-activate|p1a: Volcanion|confusion
|move|p1a: Volcanion|Sludge Bomb|p2a: Pisces
|-damage|p2a: Pisces|15/100 brn
|move|p2a: Pisces|Flip Turn|p1a: Volcanion
|-heal|p1a: Volcanion|63/100 tox|[from] ability: Water Absorb|[of] p2a: Pisces
|
|-damage|p1a: Volcanion|45/100 tox|[from] psn
|-damage|p2a: Pisces|9/100 brn|[from] brn
|upkeep
|turn|16
|
|t:|1781505560
|-activate|p1a: Volcanion|confusion
|move|p1a: Volcanion|Steam Eruption|p2a: Pisces
|-resisted|p2a: Pisces
|-damage|p2a: Pisces|0 fnt
|faint|p2a: Pisces
|
|-damage|p1a: Volcanion|20/100 tox|[from] psn
|upkeep
|
|t:|1781505566
|switch|p2a: Calamity|Iron Valiant, shiny|100/100
|turn|17
|
|t:|1781505569
|move|p2a: Calamity|Moonblast|p1a: Volcanion
|-resisted|p1a: Volcanion
|-damage|p1a: Volcanion|0 fnt
|faint|p1a: Volcanion
|
|upkeep
|
|t:|1781505582
|switch|p1a: Rillaboom|Rillaboom, M|100/100
|-fieldstart|move: Grassy Terrain|[from] ability: Grassy Surge|[of] p1a: Rillaboom
|turn|18
|
|t:|1781505603
|-end|p2a: Calamity|Quark Drive|[silent]
|switch|p2a: Overseer|Pecharunt|92/100
|move|p1a: Rillaboom|Swords Dance|p1a: Rillaboom
|-boost|p1a: Rillaboom|atk|2
|
|-heal|p2a: Overseer|98/100|[from] Grassy Terrain
|upkeep
|turn|19
|
|t:|1781505608
|move|p1a: Rillaboom|Knock Off|p2a: Overseer
|-supereffective|p2a: Overseer
|-damage|p2a: Overseer|16/100
|-enditem|p2a: Overseer|Heavy-Duty Boots|[from] move: Knock Off|[of] p1a: Rillaboom
|-damage|p1a: Rillaboom|91/100|[from] item: Life Orb
|move|p2a: Overseer|Malignant Chain|p1a: Rillaboom
|-supereffective|p1a: Rillaboom
|-damage|p1a: Rillaboom|13/100
|-status|p1a: Rillaboom|tox
|-start|p1a: Rillaboom|confusion|[from] ability: Poison Puppeteer|[of] p2a: Overseer
|
|-heal|p1a: Rillaboom|19/100 tox|[from] Grassy Terrain
|-heal|p2a: Overseer|22/100|[from] Grassy Terrain
|-damage|p1a: Rillaboom|13/100 tox|[from] psn
|upkeep
|turn|20
|
|t:|1781505621
|-activate|p1a: Rillaboom|confusion
|move|p1a: Rillaboom|Knock Off|p2a: Overseer
|-supereffective|p2a: Overseer
|-damage|p2a: Overseer|0 fnt
|faint|p2a: Overseer
|-damage|p1a: Rillaboom|4/100 tox|[from] item: Life Orb
|
|-heal|p1a: Rillaboom|10/100 tox|[from] Grassy Terrain
|-damage|p1a: Rillaboom|0 fnt|[from] psn
|faint|p1a: Rillaboom
|upkeep
|
|t:|1781505629
|switch|p1a: Gholdengo|Gholdengo|69/100
|switch|p2a: Enten|Landorus-Therian, M, shiny|100/100
|-ability|p2a: Enten|Intimidate|boost
|-unboost|p1a: Gholdengo|atk|1
|-enditem|p1a: Gholdengo|Grassy Seed
|-boost|p1a: Gholdengo|def|1|[from] item: Grassy Seed
|turn|21
|
|t:|1781505635
|move|p2a: Enten|Earthquake|p1a: Gholdengo
|-supereffective|p1a: Gholdengo
|-damage|p1a: Gholdengo|32/100
|move|p1a: Gholdengo|Nasty Plot|p1a: Gholdengo
|-boost|p1a: Gholdengo|spa|2
|
|-heal|p1a: Gholdengo|38/100|[from] Grassy Terrain
|upkeep
|turn|22
|
|t:|1781505643
|-terastallize|p2a: Enten|Ground
|move|p2a: Enten|Earthquake|p1a: Gholdengo
|-supereffective|p1a: Gholdengo
|-damage|p1a: Gholdengo|0 fnt
|faint|p1a: Gholdengo
|
|-fieldend|move: Grassy Terrain
|upkeep
|
|t:|1781505650
|switch|p1a: Landorus|Landorus-Therian, M|17/100 par
|-ability|p1a: Landorus|Intimidate|boost
|-unboost|p2a: Enten|atk|1
|turn|23
|
|t:|1781505655
|switch|p2a: Calamity|Iron Valiant, shiny|100/100
|move|p1a: Landorus|U-turn|p2a: Calamity
|-resisted|p2a: Calamity
|-damage|p2a: Calamity|95/100
|
|t:|1781505662
|switch|p1a: Zamazenta|Zamazenta|67/100|[from] U-turn
|
|upkeep
|turn|24
|
|t:|1781505666
|-end|p2a: Calamity|Quark Drive|[silent]
|switch|p2a: Liberacy|Cinderace, M, shiny|100/100
|move|p1a: Zamazenta|Psychic Fangs|p2a: Liberacy
|-damage|p2a: Liberacy|41/100
|-damage|p1a: Zamazenta|57/100|[from] item: Life Orb
|
|upkeep
|turn|25
|
|t:|1781505673
|switch|p2a: Enten|Landorus-Therian, M, shiny, tera:Ground|100/100
|-ability|p2a: Enten|Intimidate|boost
|-unboost|p1a: Zamazenta|atk|1
|move|p1a: Zamazenta|Close Combat|p2a: Enten
|-damage|p2a: Enten|39/100
|-unboost|p1a: Zamazenta|def|1
|-unboost|p1a: Zamazenta|spd|1
|-damage|p1a: Zamazenta|48/100|[from] item: Life Orb
|
|upkeep
|turn|26
|
|t:|1781505676
|switch|p1a: Landorus|Landorus-Therian, M|17/100 par
|-ability|p1a: Landorus|Intimidate|boost
|-unboost|p2a: Enten|atk|1
|move|p2a: Enten|U-turn|p1a: Landorus
|-resisted|p1a: Landorus
|-crit|p1a: Landorus
|-damage|p1a: Landorus|0 fnt
|-damage|p2a: Enten|23/100|[from] item: Rocky Helmet|[of] p1a: Landorus
|faint|p1a: Landorus
|
|t:|1781505683
|switch|p2a: Khaos|Hoopa-Unbound|100/100|[from] U-turn
|
|upkeep
|
|t:|1781505688
|switch|p1a: Zamazenta|Zamazenta|48/100
|turn|27
|
|t:|1781505702
|switch|p2a: Liberacy|Cinderace, M, shiny|41/100
|move|p1a: Zamazenta|Close Combat|p2a: Liberacy
|-damage|p2a: Liberacy|0 fnt
|-unboost|p1a: Zamazenta|def|1
|-unboost|p1a: Zamazenta|spd|1
|faint|p2a: Liberacy
|-damage|p1a: Zamazenta|38/100|[from] item: Life Orb
|
|upkeep
|
|t:|1781505704
|switch|p2a: Enten|Landorus-Therian, M, shiny, tera:Ground|23/100
|-ability|p2a: Enten|Intimidate|boost
|-unboost|p1a: Zamazenta|atk|1
|turn|28
|
|t:|1781505706
|move|p2a: Enten|Earthquake|p1a: Zamazenta
|-damage|p1a: Zamazenta|0 fnt
|faint|p1a: Zamazenta
|
|upkeep
|
|t:|1781505708
|switch|p1a: Walking Wake|Walking Wake|100/100
|-enditem|p1a: Walking Wake|Booster Energy
|-activate|p1a: Walking Wake|ability: Protosynthesis|[fromitem]
|-start|p1a: Walking Wake|protosynthesisspa
|turn|29
|
|t:|1781505715
|move|p2a: Enten|Earthquake|p1a: Walking Wake
|-damage|p1a: Walking Wake|13/100
|move|p1a: Walking Wake|Agility|p1a: Walking Wake
|-boost|p1a: Walking Wake|spe|2
|
|upkeep
|turn|30
|
|t:|1781505718
|move|p1a: Walking Wake|Surf|p2a: Enten
|-supereffective|p2a: Enten
|-damage|p2a: Enten|0 fnt
|faint|p2a: Enten
|
|upkeep
|
|t:|1781505719
|switch|p2a: Khaos|Hoopa-Unbound|100/100
|turn|31
|
|t:|1781505722
|move|p1a: Walking Wake|Surf|p2a: Khaos
|-crit|p2a: Khaos
|-damage|p2a: Khaos|21/100
|move|p2a: Khaos|Hyperspace Fury|p1a: Walking Wake
|-damage|p1a: Walking Wake|0 fnt
|-unboost|p2a: Khaos|def|1
|faint|p1a: Walking Wake
|-end|p1a: Walking Wake|Protosynthesis|[silent]
|
|win|hawkins0
|raw|arturohdez's rating: 1623 &rarr; <strong>1610</strong><br />(-13 for losing)
|raw|hawkins0's rating: 1745 &rarr; <strong>1758</strong><br />(+13 for winning)
|l|☆arturohdez
|player|p1|
|l|☆hawkins0
|player|p2|
