|j|☆LoseToRU?
|j|☆hdy nb
|t:|1781323969
|gametype|singles
|player|p1|LoseToRU?|giovanni-gen1|1530
|player|p2|hdy nb|colress|1609
|gen|9
|tier|[Gen 9] OU
|rated|
|rule|HP Percentage Mod: HP is shown in percentages
|rule|Endless Battle Clause: Forcing endless battles is banned
|rule|Species Clause: Limit one of each Pokémon
|rule|OHKO Clause: OHKO moves are banned
|rule|Evasion Items Clause: Evasion items are banned
|rule|Evasion Moves Clause: Evasion moves are banned
|rule|Evasion Abilities Clause: Evasion abilities are banned
|rule|Sleep Moves Clause: Sleep-inducing moves are banned
|clearpoke
|poke|p1|Iron Jugulis|
|poke|p1|Moltres-Galar|
|poke|p1|Darkrai|
|poke|p1|Zamazenta-*|
|poke|p1|Cloyster, M|
|poke|p1|Iron Valiant|
|poke|p2|Pelipper, F|
|poke|p2|Zapdos|
|poke|p2|Barraskewda, M|
|poke|p2|Iron Treads|
|poke|p2|Primarina, F|
|poke|p2|Greninja-*, M|
|teampreview
|
|t:|1781324007
|teamsize|p1|6
|teamsize|p2|6
|start
|switch|p1a: Iron Jugulis|Iron Jugulis|100/100
|switch|p2a: Pelipper|Pelipper, F|100/100
|-weather|RainDance|[from] ability: Drizzle|[of] p2a: Pelipper
|-enditem|p1a: Iron Jugulis|Booster Energy
|-activate|p1a: Iron Jugulis|ability: Quark Drive|[fromitem]
|-start|p1a: Iron Jugulis|quarkdrivespe
|turn|1
|
|t:|1781324018
|move|p1a: Iron Jugulis|Hurricane|p2a: Pelipper
|-damage|p2a: Pelipper|18/100
|move|p2a: Pelipper|U-turn|p1a: Iron Jugulis
|-damage|p1a: Iron Jugulis|93/100
|
|t:|1781324025
|switch|p2a: Zapdos|Zapdos|100/100|[from] U-turn
|
|-weather|RainDance|[upkeep]
|upkeep
|turn|2
|
|t:|1781324031
|-terastallize|p1a: Iron Jugulis|Ground
|move|p1a: Iron Jugulis|Dark Pulse|p2a: Zapdos
|-damage|p2a: Zapdos|60/100
|move|p2a: Zapdos|Thunder|p1a: Iron Jugulis
|-immune|p1a: Iron Jugulis
|
|-weather|RainDance|[upkeep]
|-heal|p2a: Zapdos|66/100|[from] item: Leftovers
|upkeep
|turn|3
|
|t:|1781324042
|move|p1a: Iron Jugulis|Dark Pulse|p2a: Zapdos
|-damage|p2a: Zapdos|30/100
|move|p2a: Zapdos|Weather Ball|p1a: Iron Jugulis
|-supereffective|p1a: Iron Jugulis
|-damage|p1a: Iron Jugulis|0 fnt
|faint|p1a: Iron Jugulis
|-end|p1a: Iron Jugulis|Quark Drive|[silent]
|
|-weather|RainDance|[upkeep]
|-heal|p2a: Zapdos|36/100|[from] item: Leftovers
|upkeep
|
|t:|1781324059
|switch|p1a: Iron Valiant|Iron Valiant|100/100
|-enditem|p1a: Iron Valiant|Booster Energy
|-activate|p1a: Iron Valiant|ability: Quark Drive|[fromitem]
|-start|p1a: Iron Valiant|quarkdrivespe
|turn|4
|inactive|Battle timer is ON: inactive players will automatically lose when time's up. (requested by LoseToRU?)
|
|t:|1781324088
|move|p1a: Iron Valiant|Moonblast|p2a: Zapdos
|-damage|p2a: Zapdos|0 fnt
|faint|p2a: Zapdos
|
|-weather|RainDance|[upkeep]
|upkeep
|
|t:|1781324095
|switch|p2a: Barraskewda|Barraskewda, M|100/100
|turn|5
|
|t:|1781324101
|move|p2a: Barraskewda|Liquidation|p1a: Iron Valiant
|-damage|p1a: Iron Valiant|0 fnt
|faint|p1a: Iron Valiant
|-end|p1a: Iron Valiant|Quark Drive|[silent]
|
|-weather|RainDance|[upkeep]
|upkeep
|
|t:|1781324108
|switch|p1a: Cloyster|Cloyster, M|100/100
|turn|6
|
|t:|1781324114
|move|p2a: Barraskewda|Liquidation|p1a: Cloyster
|-resisted|p1a: Cloyster
|-damage|p1a: Cloyster|58/100
|-unboost|p1a: Cloyster|def|1
|move|p1a: Cloyster|Rock Blast|p2a: Barraskewda
|-damage|p2a: Barraskewda|85/100
|-damage|p2a: Barraskewda|69/100
|-damage|p2a: Barraskewda|54/100
|-damage|p2a: Barraskewda|40/100
|-damage|p2a: Barraskewda|23/100
|-hitcount|p2a: Barraskewda|5
|
|-weather|RainDance|[upkeep]
|upkeep
|turn|7
|c|☆LoseToRU?|!dt liquidation
|c|☆LoseToRU?|/raw <ul class="utilichart"><li class="result"><span class="col movenamecol"><a href="https://dex.pokemonshowdown.com/moves/liquidation">Liquidation</a></span> <span class="col typecol"><img src="//play.pokemonshowdown.com/sprites/types/Water.png" alt="Water" width="32" height="14"><img src="//play.pokemonshowdown.com/sprites/categories/Physical.png" alt="Physical" width="32" height="14"></span> <span class="col labelcol"><em>Power</em><br>85</span> <span class="col widelabelcol"><em>Accuracy</em><br>100%</span> <span class="col pplabelcol"><em>PP</em><br>16</span> <span class="col movedesccol">20% chance to lower the target's Defense by 1.</span> </li><li style="clear:both"></li></ul>
|c|☆LoseToRU?|/raw <font size="1"><font color="#686868">Priority:</font> 0&nbsp;|&ThickSpace;<font color="#686868">Gen:</font> 7&nbsp;|&ThickSpace;&#10003; Boosted by Sheer Force&nbsp;|&ThickSpace;&#10003; Contact&nbsp;|&ThickSpace;<font color="#686868">Z-Power:</font> 160&nbsp;|&ThickSpace;<font color="#686868">Target:</font> One Adjacent Pokémon</font>

|
|t:|1781324140
|switch|p1a: Moltres|Moltres-Galar|100/100
|move|p2a: Barraskewda|Liquidation|p1a: Moltres
|-damage|p1a: Moltres|0 fnt
|faint|p1a: Moltres
|
|-weather|RainDance|[upkeep]
|upkeep
|
|t:|1781324148
|switch|p1a: Cloyster|Cloyster, M|58/100
|turn|8
|
|t:|1781324152
|-terastallize|p2a: Barraskewda|Water
|move|p2a: Barraskewda|Liquidation|p1a: Cloyster
|-resisted|p1a: Cloyster
|-damage|p1a: Cloyster|0 fnt
|faint|p1a: Cloyster
|
|-weather|none
|upkeep
|
|t:|1781324167
|switch|p1a: Darkrai|Darkrai|100/100
|turn|9
|
|t:|1781324177
|move|p1a: Darkrai|Trick|p2a: Barraskewda
|-activate|p1a: Darkrai|move: Trick|[of] p2a: Barraskewda
|-item|p2a: Barraskewda|Choice Scarf|[from] move: Trick
|-item|p1a: Darkrai|Choice Band|[from] move: Trick
|move|p2a: Barraskewda|Liquidation|p1a: Darkrai
|-damage|p1a: Darkrai|13/100
|
|upkeep
|turn|10
|
|t:|1781324185
|move|p2a: Barraskewda|Liquidation|p1a: Darkrai
|-damage|p1a: Darkrai|0 fnt
|faint|p1a: Darkrai
|
|upkeep
|
|t:|1781324186
|switch|p1a: Zamazenta|Zamazenta|100/100
|-ability|p1a: Zamazenta|Dauntless Shield|boost
|-boost|p1a: Zamazenta|def|1
|turn|11
|
|t:|1781324200
|switch|p2a: Primarina|Primarina, F|100/100
|move|p1a: Zamazenta|Iron Defense|p1a: Zamazenta
|-boost|p1a: Zamazenta|def|2
|
|upkeep
|turn|12
|
|t:|1781324207
|move|p1a: Zamazenta|Body Press|p2a: Primarina
|-resisted|p2a: Primarina
|-damage|p2a: Primarina|54/100
|move|p2a: Primarina|Moonblast|p1a: Zamazenta
|-supereffective|p1a: Zamazenta
|-damage|p1a: Zamazenta|22/100
|-unboost|p1a: Zamazenta|spa|1
|
|-heal|p1a: Zamazenta|28/100|[from] item: Leftovers
|-heal|p2a: Primarina|60/100|[from] item: Leftovers
|upkeep
|turn|13
|-message|LoseToRU? forfeited.
|
|win|hdy nb
|raw|LoseToRU?'s rating: 1530 &rarr; <strong>1514</strong><br />(-16 for losing)
|raw|hdy nb's rating: 1609 &rarr; <strong>1625</strong><br />(+16 for winning)
|l|☆LoseToRU?
|player|p1|
|l|☆hdy nb
|player|p2|
