|j|☆erhai
|j|☆retsewe
|t:|1781124519
|gametype|singles
|player|p1|erhai|170|1660
|player|p2|retsewe|101|1618
|gen|9
|tier|[Gen 9] OU
|rated|
|rule|HP Percentage Mod: HP is shown in percentages
|rule|Endless Battle Clause: Forcing endless battles is banned
|rule|Species Clause: Limit one of each Pokémon
|rule|OHKO Clause: OHKO moves are banned
|rule|Evasion Items Clause: Evasion items are banned
|rule|Evasion Moves Clause: Evasion moves are banned
|rule|Evasion Abilities Clause: Evasion abilities are banned
|rule|Sleep Moves Clause: Sleep-inducing moves are banned
|clearpoke
|poke|p1|Iron Jugulis|
|poke|p1|Ogerpon, F|
|poke|p1|Scizor, F|
|poke|p1|Latios, M|
|poke|p1|Manaphy|
|poke|p1|Sandy Shocks|
|poke|p2|Kyurem|
|poke|p2|Grimmsnarl, M|
|poke|p2|Gyarados, F|
|poke|p2|Dragonite, F|
|poke|p2|Hatterene, F|
|poke|p2|Heatran, F|
|teampreview
|inactive|Battle timer is ON: inactive players will automatically lose when time's up. (requested by erhai)
|
|t:|1781124526
|teamsize|p1|6
|teamsize|p2|6
|start
|switch|p1a: Sandy Shocks|Sandy Shocks|100/100
|switch|p2a: Hatterene|Hatterene, F|100/100
|-enditem|p1a: Sandy Shocks|Booster Energy
|-activate|p1a: Sandy Shocks|ability: Protosynthesis|[fromitem]
|-start|p1a: Sandy Shocks|protosynthesisspe
|turn|1
|
|t:|1781124537
|switch|p2a: Kyurem|Kyurem|100/100
|-ability|p2a: Kyurem|Pressure
|move|p1a: Sandy Shocks|Discharge|p2a: Kyurem
|-resisted|p2a: Kyurem
|-damage|p2a: Kyurem|82/100
|-status|p2a: Kyurem|par
|
|upkeep
|turn|2
|
|t:|1781124553
|move|p1a: Sandy Shocks|Earth Power|p2a: Kyurem
|-damage|p2a: Kyurem|44/100 par
|move|p2a: Kyurem|Freeze-Dry|p1a: Sandy Shocks
|-supereffective|p1a: Sandy Shocks
|-damage|p1a: Sandy Shocks|0 fnt
|faint|p1a: Sandy Shocks
|-end|p1a: Sandy Shocks|Protosynthesis|[silent]
|
|upkeep
|
|t:|1781124573
|switch|p1a: Scizor|Scizor, F, shiny|100/100
|turn|3
|
|t:|1781124581
|switch|p2a: Heatran|Heatran, F|100/100
|move|p1a: Scizor|Swords Dance|p1a: Scizor
|-boost|p1a: Scizor|atk|2
|
|upkeep
|turn|4
|
|t:|1781124590
|-terastallize|p1a: Scizor|Fire
|move|p2a: Heatran|Stealth Rock|p1a: Scizor
|-sidestart|p1: erhai|move: Stealth Rock
|move|p1a: Scizor|Close Combat|p2a: Heatran
|-supereffective|p2a: Heatran
|-damage|p2a: Heatran|0 fnt
|-unboost|p1a: Scizor|def|1
|-unboost|p1a: Scizor|spd|1
|faint|p2a: Heatran
|
|upkeep
|
|t:|1781124601
|switch|p2a: Gyarados|Gyarados, F|100/100
|turn|5
|
|t:|1781124609
|move|p2a: Gyarados|Dragon Dance|p2a: Gyarados
|-boost|p2a: Gyarados|atk|1
|-boost|p2a: Gyarados|spe|1
|move|p1a: Scizor|Knock Off|p2a: Gyarados
|-damage|p2a: Gyarados|3/100
|-enditem|p2a: Gyarados|Expert Belt|[from] move: Knock Off|[of] p1a: Scizor
|
|upkeep
|turn|6
|
|t:|1781124616
|move|p1a: Scizor|Bullet Punch|p2a: Gyarados
|-resisted|p2a: Gyarados
|-damage|p2a: Gyarados|0 fnt
|faint|p2a: Gyarados
|
|upkeep
|
|t:|1781124625
|switch|p2a: Dragonite|Dragonite, F|100/100
|turn|7
|
|t:|1781124628
|move|p1a: Scizor|Bullet Punch|p2a: Dragonite
|-damage|p2a: Dragonite|53/100
|move|p2a: Dragonite|Earthquake|p1a: Scizor
|-supereffective|p1a: Scizor
|-damage|p1a: Scizor|0 fnt
|faint|p1a: Scizor
|
|upkeep
|
|t:|1781124632
|switch|p1a: Iron Jugulis|Iron Jugulis|100/100
|-damage|p1a: Iron Jugulis|76/100|[from] Stealth Rock
|-enditem|p1a: Iron Jugulis|Booster Energy
|-activate|p1a: Iron Jugulis|ability: Quark Drive|[fromitem]
|-start|p1a: Iron Jugulis|quarkdrivespe
|turn|8
|
|t:|1781124651
|-terastallize|p2a: Dragonite|Normal
|move|p2a: Dragonite|Extreme Speed|p1a: Iron Jugulis
|-crit|p1a: Iron Jugulis
|-damage|p1a: Iron Jugulis|0 fnt
|faint|p1a: Iron Jugulis
|-end|p1a: Iron Jugulis|Quark Drive|[silent]
|
|upkeep
|
|t:|1781124665
|switch|p1a: Ogerpon|Ogerpon, F|100/100
|-damage|p1a: Ogerpon|88/100|[from] Stealth Rock
|turn|9
|
|t:|1781124669
|move|p1a: Ogerpon|Ivy Cudgel|p2a: Dragonite
|-damage|p2a: Dragonite|0 fnt
|faint|p2a: Dragonite
|
|upkeep
|
|t:|1781124675
|switch|p2a: Hatterene|Hatterene, F|100/100
|turn|10
|
|t:|1781124678
|move|p1a: Ogerpon|Ivy Cudgel|p2a: Hatterene
|-crit|p2a: Hatterene
|-damage|p2a: Hatterene|34/100
|move|p2a: Hatterene|Nuzzle|p1a: Ogerpon
|-resisted|p1a: Ogerpon
|-damage|p1a: Ogerpon|86/100
|-status|p1a: Ogerpon|par
|
|-heal|p2a: Hatterene|40/100|[from] item: Leftovers
|upkeep
|turn|11
|
|t:|1781124688
|move|p1a: Ogerpon|Ivy Cudgel|p2a: Hatterene
|-damage|p2a: Hatterene|0 fnt
|faint|p2a: Hatterene
|
|upkeep
|
|t:|1781124694
|switch|p2a: Kyurem|Kyurem|44/100 par
|-ability|p2a: Kyurem|Pressure
|turn|12
|
|t:|1781124699
|cant|p1a: Ogerpon|par
|move|p2a: Kyurem|Ice Beam|p1a: Ogerpon
|-supereffective|p1a: Ogerpon
|-damage|p1a: Ogerpon|0 fnt
|faint|p1a: Ogerpon
|
|upkeep
|
|t:|1781124703
|switch|p1a: Manaphy|Manaphy, shiny|100/100
|-damage|p1a: Manaphy|88/100|[from] Stealth Rock
|turn|13
|
|t:|1781124709
|move|p1a: Manaphy|Tail Glow|p1a: Manaphy
|-boost|p1a: Manaphy|spa|3
|move|p2a: Kyurem|Freeze-Dry|p1a: Manaphy
|-supereffective|p1a: Manaphy
|-damage|p1a: Manaphy|4/100
|
|upkeep
|turn|14
|-enditem|p1a: Manaphy|Custap Berry|[eat]
|-activate|p1a: Manaphy|item: Custap Berry|[consumed]
|
|t:|1781124717
|move|p1a: Manaphy|Ice Beam|p2a: Kyurem
|-damage|p2a: Kyurem|0 fnt
|faint|p2a: Kyurem
|
|upkeep
|
|t:|1781124724
|switch|p2a: Grimmsnarl|Grimmsnarl, M, shiny|100/100
|turn|15
|
|t:|1781124728
|move|p2a: Grimmsnarl|Sucker Punch|p1a: Manaphy
|-damage|p1a: Manaphy|0 fnt
|faint|p1a: Manaphy
|
|upkeep
|
|t:|1781124733
|switch|p1a: Latios|Latios, M, shiny|100/100
|-damage|p1a: Latios|88/100|[from] Stealth Rock
|turn|16
|
|t:|1781124739
|move|p1a: Latios|Aura Sphere|p2a: Grimmsnarl
|-damage|p2a: Grimmsnarl|80/100
|move|p2a: Grimmsnarl|Spirit Break|p1a: Latios
|-supereffective|p1a: Latios
|-damage|p1a: Latios|27/100
|-unboost|p1a: Latios|spa|1
|-enditem|p1a: Latios|Weakness Policy
|-boost|p1a: Latios|atk|2|[from] item: Weakness Policy
|-boost|p1a: Latios|spa|2|[from] item: Weakness Policy
|
|-heal|p2a: Grimmsnarl|86/100|[from] item: Leftovers
|upkeep
|turn|17
|-message|erhai forfeited.
|
|win|retsewe
|raw|erhai's rating: 1660 &rarr; <strong>1638</strong><br />(-22 for losing)
|raw|retsewe's rating: 1618 &rarr; <strong>1640</strong><br />(+22 for winning)
|l|☆erhai
|player|p1|
|l|☆retsewe
|player|p2|
