|j|☆BlackStar150520
|j|☆mastersannin
|t:|1781177467
|gametype|singles
|player|p1|BlackStar150520|unknown|1684
|player|p2|mastersannin|2|1538
|gen|9
|tier|[Gen 9] OU
|rated|
|rule|HP Percentage Mod: HP is shown in percentages
|rule|Endless Battle Clause: Forcing endless battles is banned
|rule|Species Clause: Limit one of each Pokémon
|rule|OHKO Clause: OHKO moves are banned
|rule|Evasion Items Clause: Evasion items are banned
|rule|Evasion Moves Clause: Evasion moves are banned
|rule|Evasion Abilities Clause: Evasion abilities are banned
|rule|Sleep Moves Clause: Sleep-inducing moves are banned
|clearpoke
|poke|p1|Raging Bolt|
|poke|p1|Kingambit, M|
|poke|p1|Iron Moth|
|poke|p1|Ogerpon-Wellspring, F|
|poke|p1|Scizor, M|
|poke|p1|Great Tusk|
|poke|p2|Samurott-Hisui, F|
|poke|p2|Zapdos|
|poke|p2|Iron Treads|
|poke|p2|Ceruledge, M|
|poke|p2|Gholdengo|
|poke|p2|Kingambit, M|
|teampreview
|inactive|Battle timer is ON: inactive players will automatically lose when time's up. (requested by BlackStar150520)
|inactive|mastersannin also wants the timer to be on.
|inactive|mastersannin has 120 seconds left.
|inactive|mastersannin has 90 seconds left.
|
|t:|1781177536
|teamsize|p1|6
|teamsize|p2|6
|start
|switch|p1a: 🎭|Ogerpon-Wellspring, F|100/100
|switch|p2a: Samurott|Samurott-Hisui, F|100/100
|turn|1
|
|t:|1781177543
|-terastallize|p2a: Samurott|Poison
|move|p1a: 🎭|U-turn|p2a: Samurott
|-resisted|p2a: Samurott
|-damage|p2a: Samurott|87/100
|
|t:|1781177548
|switch|p1a: Mega Donphan|Great Tusk|100/100|[from] U-turn
|move|p2a: Samurott|Ceaseless Edge|p1a: Mega Donphan
|-resisted|p1a: Mega Donphan
|-damage|p1a: Mega Donphan|86/100
|-sidestart|p1: BlackStar150520|Spikes
|
|upkeep
|turn|2
|
|t:|1781177558
|switch|p2a: Zapdos|Zapdos|100/100
|move|p1a: Mega Donphan|Ice Spinner|p2a: Zapdos
|-supereffective|p2a: Zapdos
|-damage|p2a: Zapdos|61/100
|
|upkeep
|turn|3
|
|t:|1781177564
|move|p1a: Mega Donphan|Rapid Spin|p2a: Zapdos
|-damage|p2a: Zapdos|49/100
|-boost|p1a: Mega Donphan|spe|1
|-sideend|p1: BlackStar150520|Spikes|[from] move: Rapid Spin|[of] p1a: Mega Donphan
|move|p2a: Zapdos|Roost|p2a: Zapdos
|-heal|p2a: Zapdos|99/100
|-singleturn|p2a: Zapdos|move: Roost
|
|upkeep
|turn|4
|
|t:|1781177568
|-end|p1a: Mega Donphan|Protosynthesis|[silent]
|switch|p1a: ⚡️|Raging Bolt|100/100
|move|p2a: Zapdos|Hurricane|p1a: ⚡️
|-resisted|p1a: ⚡️
|-damage|p1a: ⚡️|79/100
|
|-heal|p1a: ⚡️|85/100|[from] item: Leftovers
|upkeep
|turn|5
|
|t:|1781177571
|move|p1a: ⚡️|Dragon Pulse|p2a: Zapdos
|-damage|p2a: Zapdos|50/100
|move|p2a: Zapdos|Volt Switch|p1a: ⚡️
|-resisted|p1a: ⚡️
|-damage|p1a: ⚡️|78/100
|
|t:|1781177575
|switch|p2a: Iron Treads|Iron Treads|100/100|[from] Volt Switch
|
|-heal|p1a: ⚡️|84/100|[from] item: Leftovers
|upkeep
|turn|6
|
|t:|1781177584
|-end|p2a: Iron Treads|Quark Drive|[silent]
|switch|p2a: Zapdos|Zapdos|50/100
|-end|p1a: ⚡️|Protosynthesis|[silent]
|switch|p1a: Mega Donphan|Great Tusk|86/100
|
|upkeep
|turn|7
|
|t:|1781177592
|move|p1a: Mega Donphan|Stealth Rock|p2a: Zapdos
|-sidestart|p2: mastersannin|move: Stealth Rock
|move|p2a: Zapdos|Roost|p2a: Zapdos
|-heal|p2a: Zapdos|100/100
|-singleturn|p2a: Zapdos|move: Roost
|
|upkeep
|turn|8
|
|t:|1781177596
|move|p1a: Mega Donphan|Ice Spinner|p2a: Zapdos
|-supereffective|p2a: Zapdos
|-damage|p2a: Zapdos|63/100
|move|p2a: Zapdos|Volt Switch|p1a: Mega Donphan
|-immune|p1a: Mega Donphan
|
|upkeep
|turn|9
|
|t:|1781177601
|-end|p1a: Mega Donphan|Protosynthesis|[silent]
|switch|p1a: ⚡️|Raging Bolt|84/100
|move|p2a: Zapdos|Hurricane|p1a: ⚡️|[miss]
|-miss|p2a: Zapdos|p1a: ⚡️
|
|-heal|p1a: ⚡️|90/100|[from] item: Leftovers
|upkeep
|turn|10
|
|t:|1781177607
|move|p1a: ⚡️|Dragon Pulse|p2a: Zapdos
|-damage|p2a: Zapdos|12/100
|move|p2a: Zapdos|Roost|p2a: Zapdos
|-heal|p2a: Zapdos|62/100
|-singleturn|p2a: Zapdos|move: Roost
|
|-heal|p1a: ⚡️|96/100|[from] item: Leftovers
|upkeep
|turn|11
|
|t:|1781177612
|switch|p2a: Iron Treads|Iron Treads|100/100
|-damage|p2a: Iron Treads|97/100|[from] Stealth Rock
|move|p1a: ⚡️|Dragon Pulse|p2a: Iron Treads
|-resisted|p2a: Iron Treads
|-damage|p2a: Iron Treads|64/100
|
|-heal|p2a: Iron Treads|70/100|[from] item: Leftovers
|-heal|p1a: ⚡️|100/100|[from] item: Leftovers
|upkeep
|turn|12
|
|t:|1781177618
|-end|p1a: ⚡️|Protosynthesis|[silent]
|switch|p1a: Mega Donphan|Great Tusk|86/100
|move|p2a: Iron Treads|Stealth Rock|p1a: Mega Donphan
|-sidestart|p1: BlackStar150520|move: Stealth Rock
|
|-heal|p2a: Iron Treads|77/100|[from] item: Leftovers
|upkeep
|turn|13
|
|t:|1781177642
|move|p2a: Iron Treads|Earthquake|p1a: Mega Donphan
|-damage|p1a: Mega Donphan|50/100
|move|p1a: Mega Donphan|Rapid Spin|p2a: Iron Treads
|-resisted|p2a: Iron Treads
|-damage|p2a: Iron Treads|68/100
|-boost|p1a: Mega Donphan|spe|1
|-sideend|p1: BlackStar150520|Stealth Rock|[from] move: Rapid Spin|[of] p1a: Mega Donphan
|
|-heal|p2a: Iron Treads|74/100|[from] item: Leftovers
|upkeep
|turn|14
|
|t:|1781177647
|-end|p2a: Iron Treads|Quark Drive|[silent]
|switch|p2a: Zapdos|Zapdos|62/100
|move|p1a: Mega Donphan|Headlong Rush|p2a: Zapdos
|-immune|p2a: Zapdos
|
|upkeep
|turn|15
|
|t:|1781177653
|-end|p1a: Mega Donphan|Protosynthesis|[silent]
|switch|p1a: ⚡️|Raging Bolt|100/100
|move|p2a: Zapdos|Hurricane|p1a: ⚡️
|-resisted|p1a: ⚡️
|-damage|p1a: ⚡️|78/100
|
|-heal|p1a: ⚡️|84/100|[from] item: Leftovers
|upkeep
|turn|16
|
|t:|1781177660
|-end|p1a: ⚡️|Protosynthesis|[silent]
|switch|p1a: 🎭|Ogerpon-Wellspring, F|100/100
|move|p2a: Zapdos|Roost|p2a: Zapdos
|-heal|p2a: Zapdos|100/100
|-singleturn|p2a: Zapdos|move: Roost
|
|upkeep
|turn|17
|
|t:|1781177665
|move|p1a: 🎭|Encore|p2a: Zapdos
|-start|p2a: Zapdos|Encore
|move|p2a: Zapdos|Roost||[still]
|-fail|p2a: Zapdos|heal
|
|upkeep
|turn|18
|
|t:|1781177669
|switch|p2a: Gholdengo|Gholdengo|100/100
|-damage|p2a: Gholdengo|94/100|[from] Stealth Rock
|-item|p2a: Gholdengo|Air Balloon
|move|p1a: 🎭|Knock Off|p2a: Gholdengo
|-supereffective|p2a: Gholdengo
|-damage|p2a: Gholdengo|43/100
|-enditem|p2a: Gholdengo|Air Balloon
|
|upkeep
|turn|19
|
|t:|1781177673
|move|p1a: 🎭|Ivy Cudgel|p2a: Gholdengo|[anim] Ivy Cudgel Water
|-damage|p2a: Gholdengo|0 fnt
|faint|p2a: Gholdengo
|
|upkeep
|
|t:|1781177678
|switch|p2a: Kingambit|Kingambit, M|100/100
|-damage|p2a: Kingambit|94/100|[from] Stealth Rock
|-activate|p2a: Kingambit|ability: Supreme Overlord
|-start|p2a: Kingambit|fallen1|[silent]
|turn|20
|
|t:|1781177685
|move|p1a: 🎭|U-turn|p2a: Kingambit
|-damage|p2a: Kingambit|71/100
|
|t:|1781177687
|switch|p1a: Mega Donphan|Great Tusk|50/100|[from] U-turn
|move|p2a: Kingambit|Iron Head|p1a: Mega Donphan
|-crit|p1a: Mega Donphan
|-damage|p1a: Mega Donphan|0 fnt
|faint|p1a: Mega Donphan
|-end|p1a: Mega Donphan|Protosynthesis|[silent]
|
|-heal|p2a: Kingambit|77/100|[from] item: Leftovers
|upkeep
|
|t:|1781177697
|switch|p1a: Red Lightning|Scizor, M|100/100
|turn|21
|
|t:|1781177701
|-end|p2a: Kingambit|fallen1|[silent]
|switch|p2a: Zapdos|Zapdos|100/100
|move|p1a: Red Lightning|U-turn|p2a: Zapdos
|-resisted|p2a: Zapdos
|-damage|p2a: Zapdos|79/100
|
|t:|1781177703
|switch|p1a: ⚡️|Raging Bolt|84/100|[from] U-turn
|
|-heal|p1a: ⚡️|90/100|[from] item: Leftovers
|upkeep
|turn|22
|
|t:|1781177713
|-end|p1a: ⚡️|Protosynthesis|[silent]
|switch|p1a: 🎭|Ogerpon-Wellspring, F|100/100
|switch|p2a: Iron Treads|Iron Treads|74/100
|-damage|p2a: Iron Treads|71/100|[from] Stealth Rock
|
|-heal|p2a: Iron Treads|77/100|[from] item: Leftovers
|upkeep
|turn|23
|
|t:|1781177720
|move|p1a: 🎭|Ivy Cudgel|p2a: Iron Treads|[anim] Ivy Cudgel Water
|-supereffective|p2a: Iron Treads
|-damage|p2a: Iron Treads|0 fnt
|faint|p2a: Iron Treads
|-end|p2a: Iron Treads|Quark Drive|[silent]
|
|upkeep
|
|t:|1781177723
|switch|p2a: Samurott|Samurott-Hisui, F, tera:Poison|87/100
|-damage|p2a: Samurott|75/100|[from] Stealth Rock
|turn|24
|
|t:|1781177727
|-terastallize|p1a: 🎭|Water
|detailschange|p1a: 🎭|Ogerpon-Wellspring-Tera, F, tera:Water
|-ability|p1a: 🎭|Embody Aspect (Wellspring)|boost
|-boost|p1a: 🎭|spd|1
|move|p1a: 🎭|Ivy Cudgel|p2a: Samurott|[anim] Ivy Cudgel Water
|-damage|p2a: Samurott|0 fnt
|faint|p2a: Samurott
|
|upkeep
|-message|mastersannin forfeited.
|
|win|BlackStar150520
|raw|BlackStar150520's rating: 1684 &rarr; <strong>1696</strong><br />(+12 for winning)
|raw|mastersannin's rating: 1538 &rarr; <strong>1526</strong><br />(-12 for losing)
|l|☆mastersannin
|player|p2|
