|j|☆Alfblu3
|j|☆Titanosaurus
|t:|1780920177
|gametype|singles
|player|p1|Alfblu3|fisherman-gen4|1583
|player|p2|Titanosaurus|byron|1548
|gen|9
|tier|[Gen 9] OU
|rated|
|rule|HP Percentage Mod: HP is shown in percentages
|rule|Endless Battle Clause: Forcing endless battles is banned
|rule|Species Clause: Limit one of each Pokémon
|rule|OHKO Clause: OHKO moves are banned
|rule|Evasion Items Clause: Evasion items are banned
|rule|Evasion Moves Clause: Evasion moves are banned
|rule|Evasion Abilities Clause: Evasion abilities are banned
|rule|Sleep Moves Clause: Sleep-inducing moves are banned
|clearpoke
|poke|p1|Pawmot, M|
|poke|p1|Cresselia, F|
|poke|p1|Entei|
|poke|p1|Iron Treads|
|poke|p1|Fezandipiti, M|
|poke|p1|Darkrai|
|poke|p2|Galvantula, M|
|poke|p2|Skeledirge, M|
|poke|p2|Cinderace, M|
|poke|p2|Ogerpon-Wellspring, F|
|poke|p2|Kingambit, F|
|poke|p2|Enamorus, F|
|teampreview
|inactive|Battle timer is ON: inactive players will automatically lose when time's up. (requested by Alfblu3)
|
|t:|1780920187
|teamsize|p1|6
|teamsize|p2|6
|start
|switch|p1a: Fezandipiti|Fezandipiti, M|100/100
|switch|p2a: Galvantula|Galvantula, M|100/100
|turn|1
|
|t:|1780920210
|switch|p1a: Iron Treads|Iron Treads|100/100
|move|p2a: Galvantula|Thunder Wave|p1a: Iron Treads
|-immune|p1a: Iron Treads
|
|upkeep
|turn|2
|
|t:|1780920215
|-terastallize|p2a: Galvantula|Ghost
|move|p2a: Galvantula|Sticky Web|p1a: Iron Treads
|-sidestart|p1: Alfblu3|move: Sticky Web
|move|p1a: Iron Treads|Stealth Rock|p2a: Galvantula
|-sidestart|p2: Titanosaurus|move: Stealth Rock
|
|upkeep
|turn|3
|
|t:|1780920222
|move|p2a: Galvantula|Energy Ball|p1a: Iron Treads
|-damage|p1a: Iron Treads|67/100
|move|p1a: Iron Treads|Earthquake|p2a: Galvantula
|-damage|p2a: Galvantula|8/100
|
|-heal|p1a: Iron Treads|73/100|[from] item: Leftovers
|upkeep
|turn|4
|
|t:|1780920227
|move|p2a: Galvantula|Energy Ball|p1a: Iron Treads
|-damage|p1a: Iron Treads|34/100
|move|p1a: Iron Treads|Earthquake|p2a: Galvantula
|-damage|p2a: Galvantula|0 fnt
|faint|p2a: Galvantula
|
|-heal|p1a: Iron Treads|40/100|[from] item: Leftovers
|upkeep
|
|t:|1780920232
|switch|p2a: Ogerpon|Ogerpon-Wellspring, F|100/100
|-damage|p2a: Ogerpon|88/100|[from] Stealth Rock
|turn|5
|
|t:|1780920241
|-end|p1a: Iron Treads|Quark Drive|[silent]
|switch|p1a: Cresselia|Cresselia, F|100/100
|move|p2a: Ogerpon|Trailblaze|p1a: Cresselia
|-damage|p1a: Cresselia|84/100
|-boost|p2a: Ogerpon|spe|1
|-damage|p2a: Ogerpon|72/100|[from] item: Rocky Helmet|[of] p1a: Cresselia
|
|upkeep
|turn|6
|
|t:|1780920244
|move|p2a: Ogerpon|Swords Dance|p2a: Ogerpon
|-boost|p2a: Ogerpon|atk|2
|move|p1a: Cresselia|Thunder Wave|p2a: Ogerpon
|-status|p2a: Ogerpon|par
|
|upkeep
|turn|7
|
|t:|1780920251
|switch|p1a: Iron Treads|Iron Treads|40/100
|-activate|p1a: Iron Treads|move: Sticky Web
|-unboost|p1a: Iron Treads|spe|1
|move|p2a: Ogerpon|Knock Off|p1a: Iron Treads
|-damage|p1a: Iron Treads|0 fnt
|-enditem|p1a: Iron Treads|Leftovers|[from] move: Knock Off|[of] p2a: Ogerpon
|faint|p1a: Iron Treads
|-end|p1a: Iron Treads|Quark Drive|[silent]
|
|upkeep
|
|t:|1780920259
|switch|p1a: Darkrai|Darkrai|100/100
|-activate|p1a: Darkrai|move: Sticky Web
|-unboost|p1a: Darkrai|spe|1
|turn|8
|
|t:|1780920261
|move|p1a: Darkrai|Sludge Bomb|p2a: Ogerpon
|-supereffective|p2a: Ogerpon
|-damage|p2a: Ogerpon|0 fnt
|faint|p2a: Ogerpon
|
|upkeep
|
|t:|1780920265
|switch|p2a: Kingambit|Kingambit, F|100/100
|-damage|p2a: Kingambit|94/100|[from] Stealth Rock
|-activate|p2a: Kingambit|ability: Supreme Overlord
|-start|p2a: Kingambit|fallen2|[silent]
|turn|9
|
|t:|1780920268
|switch|p1a: Entei|Entei|100/100
|-activate|p1a: Entei|move: Sticky Web
|-unboost|p1a: Entei|spe|1
|-ability|p1a: Entei|Pressure
|move|p2a: Kingambit|Swords Dance|p2a: Kingambit
|-boost|p2a: Kingambit|atk|2
|
|-heal|p2a: Kingambit|100/100|[from] item: Leftovers
|upkeep
|turn|10
|
|t:|1780920273
|move|p2a: Kingambit|Sucker Punch|p1a: Entei
|-damage|p1a: Entei|5/100
|move|p1a: Entei|Lava Plume|p2a: Kingambit
|-supereffective|p2a: Kingambit
|-damage|p2a: Kingambit|52/100
|-status|p2a: Kingambit|brn
|
|-heal|p1a: Entei|12/100|[from] item: Leftovers
|-heal|p2a: Kingambit|59/100 brn|[from] item: Leftovers
|-damage|p2a: Kingambit|52/100 brn|[from] brn
|upkeep
|turn|11
|j| Ak444me
|
|t:|1780920279
|move|p1a: Entei|Protect|p1a: Entei
|-singleturn|p1a: Entei|Protect
|move|p2a: Kingambit|Kowtow Cleave|p1a: Entei
|-activate|p1a: Entei|move: Protect
|
|-heal|p1a: Entei|18/100|[from] item: Leftovers
|-heal|p2a: Kingambit|59/100 brn|[from] item: Leftovers
|-damage|p2a: Kingambit|52/100 brn|[from] brn
|upkeep
|turn|12
|
|t:|1780920289
|move|p1a: Entei|Lava Plume|p2a: Kingambit
|-supereffective|p2a: Kingambit
|-damage|p2a: Kingambit|0 fnt
|faint|p2a: Kingambit
|-end|p2a: Kingambit|fallen2|[silent]
|
|-heal|p1a: Entei|24/100|[from] item: Leftovers
|upkeep
|
|t:|1780920293
|switch|p2a: Cinderace|Cinderace, M|100/100
|turn|13
|
|t:|1780920297
|move|p1a: Entei|Protect|p1a: Entei
|-singleturn|p1a: Entei|Protect
|move|p2a: Cinderace|Low Kick|p1a: Entei
|-start|p2a: Cinderace|typechange|Fighting|[from] ability: Libero
|-activate|p1a: Entei|move: Protect
|
|-heal|p1a: Entei|30/100|[from] item: Leftovers
|upkeep
|turn|14
|
|t:|1780920301
|switch|p1a: Cresselia|Cresselia, F|84/100
|move|p2a: Cinderace|Low Kick|p1a: Cresselia
|-resisted|p1a: Cresselia
|-damage|p1a: Cresselia|73/100
|-damage|p2a: Cinderace|84/100|[from] item: Rocky Helmet|[of] p1a: Cresselia
|
|upkeep
|turn|15
|
|t:|1780920304
|move|p2a: Cinderace|U-turn|p1a: Cresselia
|-supereffective|p1a: Cresselia
|-damage|p1a: Cresselia|48/100
|-damage|p2a: Cinderace|67/100|[from] item: Rocky Helmet|[of] p1a: Cresselia
|
|t:|1780920311
|switch|p2a: Skeledirge|Skeledirge, M|100/100|[from] U-turn
|-damage|p2a: Skeledirge|75/100|[from] Stealth Rock
|move|p1a: Cresselia|Thunder Wave|p2a: Skeledirge
|-status|p2a: Skeledirge|par
|
|-heal|p2a: Skeledirge|82/100 par|[from] item: Leftovers
|upkeep
|turn|16
|l| Ak444me
|
|t:|1780920319
|switch|p1a: Darkrai|Darkrai|100/100
|-activate|p1a: Darkrai|move: Sticky Web
|-unboost|p1a: Darkrai|spe|1
|move|p2a: Skeledirge|Will-O-Wisp|p1a: Darkrai
|-status|p1a: Darkrai|brn
|
|-heal|p2a: Skeledirge|88/100 par|[from] item: Leftovers
|-damage|p1a: Darkrai|94/100 brn|[from] brn
|upkeep
|turn|17
|
|t:|1780920324
|move|p1a: Darkrai|Dark Pulse|p2a: Skeledirge
|-supereffective|p2a: Skeledirge
|-damage|p2a: Skeledirge|6/100 par
|cant|p2a: Skeledirge|par
|
|-heal|p2a: Skeledirge|12/100 par|[from] item: Leftovers
|-damage|p1a: Darkrai|88/100 brn|[from] brn
|upkeep
|turn|18
|
|t:|1780920328
|move|p1a: Darkrai|Dark Pulse|p2a: Skeledirge
|-supereffective|p2a: Skeledirge
|-damage|p2a: Skeledirge|0 fnt
|faint|p2a: Skeledirge
|
|-damage|p1a: Darkrai|82/100 brn|[from] brn
|upkeep
|
|t:|1780920333
|switch|p2a: Cinderace|Cinderace, M|67/100
|turn|19
|
|t:|1780920336
|switch|p1a: Cresselia|Cresselia, F|48/100
|move|p2a: Cinderace|Low Kick|p1a: Cresselia
|-start|p2a: Cinderace|typechange|Fighting|[from] ability: Libero
|-resisted|p1a: Cresselia
|-damage|p1a: Cresselia|38/100
|-damage|p2a: Cinderace|51/100|[from] item: Rocky Helmet|[of] p1a: Cresselia
|
|upkeep
|turn|20
|
|t:|1780920338
|move|p2a: Cinderace|U-turn|p1a: Cresselia
|-supereffective|p1a: Cresselia
|-crit|p1a: Cresselia
|-damage|p1a: Cresselia|2/100
|-damage|p2a: Cinderace|34/100|[from] item: Rocky Helmet|[of] p1a: Cresselia
|
|t:|1780920342
|switch|p2a: Enamorus|Enamorus, F|100/100|[from] U-turn
|-damage|p2a: Enamorus|76/100|[from] Stealth Rock
|move|p1a: Cresselia|Moonlight|p1a: Cresselia
|-heal|p1a: Cresselia|52/100
|
|upkeep
|turn|21
|j| Ak444me
|l| Ak444me
|
|t:|1780920354
|move|p2a: Enamorus|Sludge Bomb|p1a: Cresselia
|-damage|p1a: Cresselia|30/100
|move|p1a: Cresselia|Moonlight|p1a: Cresselia
|-heal|p1a: Cresselia|80/100
|
|upkeep
|turn|22
|
|t:|1780920358
|move|p2a: Enamorus|Sludge Bomb|p1a: Cresselia
|-damage|p1a: Cresselia|55/100
|move|p1a: Cresselia|Ice Beam|p2a: Enamorus
|-supereffective|p2a: Enamorus
|-damage|p2a: Enamorus|26/100
|
|upkeep
|turn|23
|
|t:|1780920360
|move|p2a: Enamorus|Sludge Bomb|p1a: Cresselia
|-crit|p1a: Cresselia
|-damage|p1a: Cresselia|19/100
|move|p1a: Cresselia|Ice Beam|p2a: Enamorus
|-supereffective|p2a: Enamorus
|-damage|p2a: Enamorus|0 fnt
|faint|p2a: Enamorus
|
|upkeep
|
|t:|1780920362
|switch|p2a: Cinderace|Cinderace, M|34/100
|turn|24
|
|t:|1780920365
|move|p2a: Cinderace|U-turn|p1a: Cresselia
|-start|p2a: Cinderace|typechange|Bug|[from] ability: Libero
|-supereffective|p1a: Cresselia
|-crit|p1a: Cresselia
|-damage|p1a: Cresselia|0 fnt
|-damage|p2a: Cinderace|18/100|[from] item: Rocky Helmet|[of] p1a: Cresselia
|faint|p1a: Cresselia
|
|upkeep
|
|t:|1780920371
|switch|p1a: Darkrai|Darkrai|82/100 brn
|-activate|p1a: Darkrai|move: Sticky Web
|-unboost|p1a: Darkrai|spe|1
|turn|25
|
|t:|1780920373
|move|p1a: Darkrai|Dark Pulse|p2a: Cinderace
|-damage|p2a: Cinderace|0 fnt
|faint|p2a: Cinderace
|
|win|Alfblu3
|raw|Alfblu3's rating: 1583 &rarr; <strong>1601</strong><br />(+18 for winning)
|raw|Titanosaurus's rating: 1548 &rarr; <strong>1530</strong><br />(-18 for losing)
|l|☆Titanosaurus
|player|p2|
|l|☆Alfblu3
|player|p1|
