|j|☆Miurez
|j|☆jonuz
|t:|1781393948
|gametype|singles
|player|p1|Miurez|pokemonranger-gen4|1687
|player|p2|jonuz|265|1707
|gen|9
|tier|[Gen 9] OU
|rated|
|rule|HP Percentage Mod: HP is shown in percentages
|rule|Endless Battle Clause: Forcing endless battles is banned
|rule|Species Clause: Limit one of each Pokémon
|rule|OHKO Clause: OHKO moves are banned
|rule|Evasion Items Clause: Evasion items are banned
|rule|Evasion Moves Clause: Evasion moves are banned
|rule|Evasion Abilities Clause: Evasion abilities are banned
|rule|Sleep Moves Clause: Sleep-inducing moves are banned
|clearpoke
|poke|p1|Iron Moth|
|poke|p1|Gliscor, F|
|poke|p1|Hatterene, F|
|poke|p1|Ogerpon-Wellspring, F|
|poke|p1|Raging Bolt|
|poke|p1|Zamazenta-*|
|poke|p2|Gholdengo|
|poke|p2|Darkrai|
|poke|p2|Clefable, F|
|poke|p2|Ting-Lu|
|poke|p2|Dragonite, F|
|poke|p2|Pecharunt|
|teampreview
|j| Golem Rising
|
|t:|1781393962
|teamsize|p1|6
|teamsize|p2|6
|start
|switch|p1a: Zamazenta|Zamazenta|100/100
|switch|p2a: Clefable|Clefable, F|100/100
|-ability|p1a: Zamazenta|Dauntless Shield|boost
|-boost|p1a: Zamazenta|def|1
|turn|1
|
|t:|1781393969
|switch|p1a: Gliscor|Gliscor, F|100/100
|move|p2a: Clefable|Moonblast|p1a: Gliscor
|-crit|p1a: Gliscor
|-damage|p1a: Gliscor|44/100
|
|-status|p1a: Gliscor|tox|[from] item: Toxic Orb
|upkeep
|turn|2
|
|t:|1781393981
|move|p1a: Gliscor|Earthquake|p2a: Clefable
|-damage|p2a: Clefable|65/100
|move|p2a: Clefable|Calm Mind|p2a: Clefable
|-boost|p2a: Clefable|spa|1
|-boost|p2a: Clefable|spd|1
|
|-heal|p2a: Clefable|71/100|[from] item: Leftovers
|-heal|p1a: Gliscor|56/100 tox|[from] ability: Poison Heal
|upkeep
|turn|3
|
|t:|1781393987
|switch|p1a: Iron Moth|Iron Moth|100/100
|-enditem|p1a: Iron Moth|Booster Energy
|-activate|p1a: Iron Moth|ability: Quark Drive|[fromitem]
|-start|p1a: Iron Moth|quarkdrivespe
|move|p2a: Clefable|Moonblast|p1a: Iron Moth
|-resisted|p1a: Iron Moth
|-damage|p1a: Iron Moth|89/100
|
|-heal|p2a: Clefable|77/100|[from] item: Leftovers
|upkeep
|turn|4
|
|t:|1781393995
|switch|p2a: Ting-Lu|Ting-Lu|100/100
|-ability|p2a: Ting-Lu|Vessel of Ruin
|move|p1a: Iron Moth|Sludge Wave|p2a: Ting-Lu
|-resisted|p2a: Ting-Lu
|-damage|p2a: Ting-Lu|90/100
|-status|p2a: Ting-Lu|psn
|-enditem|p2a: Ting-Lu|Red Card|[of] p1a: Iron Moth
|-end|p1a: Iron Moth|Quark Drive|[silent]
|drag|p1a: Zamazenta|Zamazenta|100/100
|
|-damage|p2a: Ting-Lu|78/100 psn|[from] psn
|upkeep
|turn|5
|
|t:|1781394000
|switch|p1a: Hatterene|Hatterene, F|100/100
|switch|p2a: Pecharunt|Pecharunt|100/100
|
|upkeep
|turn|6
|
|t:|1781394009
|switch|p1a: Iron Moth|Iron Moth|89/100
|move|p2a: Pecharunt|Malignant Chain|p1a: Iron Moth
|-resisted|p1a: Iron Moth
|-damage|p1a: Iron Moth|75/100
|
|upkeep
|turn|7
|
|t:|1781394012
|move|p1a: Iron Moth|Fiery Dance|p2a: Pecharunt
|-damage|p2a: Pecharunt|57/100
|-boost|p1a: Iron Moth|spa|1
|move|p2a: Pecharunt|Parting Shot|p1a: Iron Moth
|-unboost|p1a: Iron Moth|atk|1
|-unboost|p1a: Iron Moth|spa|1
|
|t:|1781394014
|switch|p2a: Ting-Lu|Ting-Lu|78/100 psn|[from] Parting Shot
|-ability|p2a: Ting-Lu|Vessel of Ruin
|
|-damage|p2a: Ting-Lu|65/100 psn|[from] psn
|upkeep
|turn|8
|
|t:|1781394022
|-end|p1a: Iron Moth|Quark Drive|[silent]
|switch|p1a: Hatterene|Hatterene, F|100/100
|move|p2a: Ting-Lu|Ruination|p1a: Hatterene
|-damage|p1a: Hatterene|51/100
|
|-heal|p1a: Hatterene|57/100|[from] item: Leftovers
|-damage|p2a: Ting-Lu|53/100 psn|[from] psn
|upkeep
|turn|9
|
|t:|1781394028
|switch|p2a: Gholdengo|Gholdengo|100/100
|move|p1a: Hatterene|Draining Kiss|p2a: Gholdengo
|-resisted|p2a: Gholdengo
|-damage|p2a: Gholdengo|88/100
|-heal|p1a: Hatterene|66/100|[from] drain|[of] p2a: Gholdengo
|
|-heal|p1a: Hatterene|72/100|[from] item: Leftovers
|upkeep
|turn|10
|l| Golem Rising
|
|t:|1781394033
|switch|p1a: Ogerpon|Ogerpon-Wellspring, F|100/100
|move|p2a: Gholdengo|Shadow Ball|p1a: Ogerpon
|-damage|p1a: Ogerpon|46/100
|-unboost|p1a: Ogerpon|spd|1
|
|upkeep
|turn|11
|
|t:|1781394039
|switch|p1a: Zamazenta|Zamazenta|100/100
|move|p2a: Gholdengo|Shadow Ball|p1a: Zamazenta
|-damage|p1a: Zamazenta|63/100
|-unboost|p1a: Zamazenta|spd|1
|
|upkeep
|turn|12
|
|t:|1781394044
|move|p2a: Gholdengo|Shadow Ball|p1a: Zamazenta
|-damage|p1a: Zamazenta|12/100
|move|p1a: Zamazenta|Light Screen|p1a: Zamazenta
|-sidestart|p1: Miurez|move: Light Screen
|
|upkeep
|turn|13
|
|t:|1781394049
|move|p2a: Gholdengo|Shadow Ball|p1a: Zamazenta
|-damage|p1a: Zamazenta|0 fnt
|faint|p1a: Zamazenta
|
|upkeep
|j| Squilliam2g
|
|t:|1781394063
|switch|p1a: Iron Moth|Iron Moth|75/100
|turn|14
|
|t:|1781394068
|switch|p2a: Ting-Lu|Ting-Lu|53/100 psn
|-ability|p2a: Ting-Lu|Vessel of Ruin
|move|p1a: Iron Moth|Fiery Dance|p2a: Ting-Lu
|-damage|p2a: Ting-Lu|34/100 psn
|
|-damage|p2a: Ting-Lu|21/100 psn|[from] psn
|upkeep
|turn|15
|
|t:|1781394074
|move|p1a: Iron Moth|Fiery Dance|p2a: Ting-Lu
|-damage|p2a: Ting-Lu|4/100 psn
|-boost|p1a: Iron Moth|spa|1
|move|p2a: Ting-Lu|Earthquake|p1a: Iron Moth
|-supereffective|p1a: Iron Moth
|-damage|p1a: Iron Moth|0 fnt
|faint|p1a: Iron Moth
|-end|p1a: Iron Moth|Quark Drive|[silent]
|
|-damage|p2a: Ting-Lu|0 fnt|[from] psn
|faint|p2a: Ting-Lu
|upkeep
|
|t:|1781394090
|switch|p1a: Gliscor|Gliscor, F|56/100 tox
|switch|p2a: Darkrai|Darkrai|100/100
|turn|16
|
|t:|1781394096
|switch|p1a: Hatterene|Hatterene, F|72/100
|move|p2a: Darkrai|Ice Beam|p1a: Hatterene
|-damage|p1a: Hatterene|48/100
|
|-heal|p1a: Hatterene|54/100|[from] item: Leftovers
|upkeep
|turn|17
|
|t:|1781394099
|switch|p2a: Gholdengo|Gholdengo|88/100
|move|p1a: Hatterene|Draining Kiss|p2a: Gholdengo
|-resisted|p2a: Gholdengo
|-crit|p2a: Gholdengo
|-damage|p2a: Gholdengo|70/100
|-heal|p1a: Hatterene|68/100|[from] drain|[of] p2a: Gholdengo
|
|-heal|p1a: Hatterene|74/100|[from] item: Leftovers
|upkeep
|turn|18
|
|t:|1781394104
|move|p2a: Gholdengo|Shadow Ball|p1a: Hatterene
|-supereffective|p1a: Hatterene
|-damage|p1a: Hatterene|34/100
|move|p1a: Hatterene|Mystical Fire|p2a: Gholdengo
|-supereffective|p2a: Gholdengo
|-damage|p2a: Gholdengo|16/100
|-unboost|p2a: Gholdengo|spa|1
|
|-heal|p1a: Hatterene|40/100|[from] item: Leftovers
|upkeep
|turn|19
|
|t:|1781394112
|switch|p2a: Pecharunt|Pecharunt|57/100
|move|p1a: Hatterene|Mystical Fire|p2a: Pecharunt
|-damage|p2a: Pecharunt|34/100
|-unboost|p2a: Pecharunt|spa|1
|
|-heal|p1a: Hatterene|46/100|[from] item: Leftovers
|-sideend|p1: Miurez|move: Light Screen
|upkeep
|turn|20
|
|t:|1781394117
|switch|p1a: Gliscor|Gliscor, F|56/100 tox
|move|p2a: Pecharunt|Malignant Chain|p1a: Gliscor
|-resisted|p1a: Gliscor
|-damage|p1a: Gliscor|42/100 tox
|
|-heal|p1a: Gliscor|55/100 tox|[from] ability: Poison Heal
|upkeep
|turn|21
|
|t:|1781394125
|move|p1a: Gliscor|Earthquake|p2a: Pecharunt
|-supereffective|p2a: Pecharunt
|-damage|p2a: Pecharunt|0 fnt
|faint|p2a: Pecharunt
|
|-heal|p1a: Gliscor|67/100 tox|[from] ability: Poison Heal
|upkeep
|
|t:|1781394128
|switch|p2a: Clefable|Clefable, F|77/100
|turn|22
|
|t:|1781394134
|move|p1a: Gliscor|Earthquake|p2a: Clefable
|-damage|p2a: Clefable|41/100
|move|p2a: Clefable|Calm Mind|p2a: Clefable
|-boost|p2a: Clefable|spa|1
|-boost|p2a: Clefable|spd|1
|
|-heal|p2a: Clefable|47/100|[from] item: Leftovers
|-heal|p1a: Gliscor|79/100 tox|[from] ability: Poison Heal
|upkeep
|turn|23
|
|t:|1781394146
|switch|p1a: Ogerpon|Ogerpon-Wellspring, F|46/100
|move|p2a: Clefable|Moonlight|p2a: Clefable
|-heal|p2a: Clefable|97/100
|
|-heal|p2a: Clefable|100/100|[from] item: Leftovers
|upkeep
|turn|24
|
|t:|1781394148
|move|p1a: Ogerpon|Encore|p2a: Clefable
|-start|p2a: Clefable|Encore
|move|p2a: Clefable|Moonlight|p2a: Clefable
|-fail|p2a: Clefable|heal
|
|upkeep
|turn|25
|
|t:|1781394151
|switch|p2a: Dragonite|Dragonite, F|100/100
|move|p1a: Ogerpon|Trailblaze|p2a: Dragonite
|-resisted|p2a: Dragonite
|-damage|p2a: Dragonite|97/100
|-boost|p1a: Ogerpon|spe|1
|
|upkeep
|turn|26
|
|t:|1781394156
|move|p1a: Ogerpon|Ivy Cudgel|p2a: Dragonite|[anim] Ivy Cudgel Water
|-resisted|p2a: Dragonite
|-damage|p2a: Dragonite|67/100
|move|p2a: Dragonite|Dragon Dance|p2a: Dragonite
|-boost|p2a: Dragonite|atk|1
|-boost|p2a: Dragonite|spe|1
|
|upkeep
|turn|27
|
|t:|1781394162
|move|p2a: Dragonite|Extreme Speed|p1a: Ogerpon
|-damage|p1a: Ogerpon|0 fnt
|faint|p1a: Ogerpon
|
|upkeep
|
|t:|1781394170
|switch|p1a: Gliscor|Gliscor, F|79/100 tox
|turn|28
|
|t:|1781394174
|move|p2a: Dragonite|Roost|p2a: Dragonite
|-heal|p2a: Dragonite|100/100
|-singleturn|p2a: Dragonite|move: Roost
|move|p1a: Gliscor|Facade|p2a: Dragonite
|-damage|p2a: Dragonite|81/100
|
|-heal|p1a: Gliscor|92/100 tox|[from] ability: Poison Heal
|upkeep
|turn|29
|
|t:|1781394183
|move|p2a: Dragonite|Dragon Dance|p2a: Dragonite
|-boost|p2a: Dragonite|atk|1
|-boost|p2a: Dragonite|spe|1
|move|p1a: Gliscor|Facade|p2a: Dragonite
|-damage|p2a: Dragonite|37/100
|
|-heal|p1a: Gliscor|100/100 tox|[from] ability: Poison Heal
|upkeep
|turn|30
|
|t:|1781394193
|move|p2a: Dragonite|Roost|p2a: Dragonite
|-heal|p2a: Dragonite|87/100
|-singleturn|p2a: Dragonite|move: Roost
|move|p1a: Gliscor|Facade|p2a: Dragonite
|-damage|p2a: Dragonite|43/100
|
|upkeep
|turn|31
|
|t:|1781394196
|move|p2a: Dragonite|Roost|p2a: Dragonite
|-heal|p2a: Dragonite|93/100
|-singleturn|p2a: Dragonite|move: Roost
|move|p1a: Gliscor|Swords Dance|p1a: Gliscor
|-boost|p1a: Gliscor|atk|2
|
|upkeep
|turn|32
|
|t:|1781394198
|move|p2a: Dragonite|Extreme Speed|p1a: Gliscor
|-damage|p1a: Gliscor|50/100 tox
|move|p1a: Gliscor|Facade|p2a: Dragonite
|-damage|p2a: Dragonite|17/100
|
|-heal|p1a: Gliscor|62/100 tox|[from] ability: Poison Heal
|upkeep
|turn|33
|
|t:|1781394209
|move|p2a: Dragonite|Extreme Speed|p1a: Gliscor
|-damage|p1a: Gliscor|10/100 tox
|move|p1a: Gliscor|Facade|p2a: Dragonite
|-damage|p2a: Dragonite|0 fnt
|faint|p2a: Dragonite
|
|-heal|p1a: Gliscor|23/100 tox|[from] ability: Poison Heal
|upkeep
|
|t:|1781394211
|switch|p2a: Darkrai|Darkrai|100/100
|turn|34
|
|t:|1781394224
|move|p2a: Darkrai|Dark Pulse|p1a: Gliscor
|-crit|p1a: Gliscor
|-damage|p1a: Gliscor|0 fnt
|faint|p1a: Gliscor
|
|upkeep
|
|t:|1781394228
|switch|p1a: Raging Bolt|Raging Bolt|100/100
|-enditem|p1a: Raging Bolt|Booster Energy
|-activate|p1a: Raging Bolt|ability: Protosynthesis|[fromitem]
|-start|p1a: Raging Bolt|protosynthesisspa
|turn|35
|
|t:|1781394233
|switch|p2a: Gholdengo|Gholdengo|16/100
|move|p1a: Raging Bolt|Thunderclap||[still]
|-fail|p1a: Raging Bolt
|
|upkeep
|turn|36
|
|t:|1781394237
|move|p2a: Gholdengo|Trick|p1a: Raging Bolt
|-activate|p2a: Gholdengo|move: Trick|[of] p1a: Raging Bolt
|-item|p1a: Raging Bolt|Choice Scarf|[from] move: Trick
|-enditem|p2a: Gholdengo|Choice Scarf|[silent]|[from] move: Trick
|move|p1a: Raging Bolt|Thunderbolt|p2a: Gholdengo
|-damage|p2a: Gholdengo|0 fnt
|faint|p2a: Gholdengo
|
|upkeep
|
|t:|1781394246
|switch|p2a: Clefable|Clefable, F|100/100
|turn|37
|
|t:|1781394261
|move|p1a: Raging Bolt|Thunderbolt|p2a: Clefable
|-damage|p2a: Clefable|36/100
|-status|p2a: Clefable|par
|move|p2a: Clefable|Moonblast|p1a: Raging Bolt
|-supereffective|p1a: Raging Bolt
|-damage|p1a: Raging Bolt|45/100
|
|-heal|p2a: Clefable|42/100 par|[from] item: Leftovers
|upkeep
|turn|38
|
|t:|1781394267
|move|p1a: Raging Bolt|Thunderbolt|p2a: Clefable
|-damage|p2a: Clefable|0 fnt
|faint|p2a: Clefable
|
|upkeep
|
|t:|1781394269
|switch|p2a: Darkrai|Darkrai|100/100
|turn|39
|
|t:|1781394271
|-terastallize|p2a: Darkrai|Dark
|-terastallize|p1a: Raging Bolt|Ghost
|move|p2a: Darkrai|Dark Pulse|p1a: Raging Bolt
|-supereffective|p1a: Raging Bolt
|-damage|p1a: Raging Bolt|0 fnt
|faint|p1a: Raging Bolt
|-end|p1a: Raging Bolt|Protosynthesis|[silent]
|
|upkeep
|
|t:|1781394274
|switch|p1a: Hatterene|Hatterene, F|46/100
|turn|40
|
|t:|1781394276
|move|p2a: Darkrai|Dark Pulse|p1a: Hatterene
|-damage|p1a: Hatterene|0 fnt
|faint|p1a: Hatterene
|
|win|jonuz
|raw|Miurez's rating: 1687 &rarr; <strong>1668</strong><br />(-19 for losing)
|raw|jonuz's rating: 1707 &rarr; <strong>1726</strong><br />(+19 for winning)
|l|☆jonuz
|player|p2|
|l|☆Miurez
|player|p1|
