|j|☆Dr Gaster PHD
|j|‽zippitytippity
|t:|1781262345
|gametype|singles
|player|p1|Dr Gaster PHD|ghetsis|1681
|player|p2|zippitytippity|cynthia-masters4|1629
|gen|9
|tier|[Gen 9] OU
|rated|
|rule|HP Percentage Mod: HP is shown in percentages
|rule|Endless Battle Clause: Forcing endless battles is banned
|rule|Species Clause: Limit one of each Pokémon
|rule|OHKO Clause: OHKO moves are banned
|rule|Evasion Items Clause: Evasion items are banned
|rule|Evasion Moves Clause: Evasion moves are banned
|rule|Evasion Abilities Clause: Evasion abilities are banned
|rule|Sleep Moves Clause: Sleep-inducing moves are banned
|clearpoke
|poke|p1|Hoopa-Unbound|
|poke|p1|Pecharunt|
|poke|p1|Landorus-Therian, M|
|poke|p1|Cinderace, M|
|poke|p1|Alomomola, F|
|poke|p1|Iron Valiant|
|poke|p2|Ursaluna, M|
|poke|p2|Cresselia, F|
|poke|p2|Iron Valiant|
|poke|p2|Hatterene, F|
|poke|p2|Keldeo-Resolute|
|poke|p2|Ogerpon, F|
|teampreview
|
|t:|1781262358
|teamsize|p1|6
|teamsize|p2|6
|start
|switch|p1a: Britney Spears|Pecharunt|100/100
|switch|p2a: Keldeo|Keldeo-Resolute|100/100
|turn|1
|inactive|Battle timer is ON: inactive players will automatically lose when time's up. (requested by Dr Gaster PHD)
|
|t:|1781262365
|switch|p1a: Fih|Alomomola, F, shiny|100/100
|move|p2a: Keldeo|Flip Turn|p1a: Fih
|-resisted|p1a: Fih
|-damage|p1a: Fih|95/100
|
|t:|1781262368
|switch|p2a: Ogerpon|Ogerpon, F|100/100|[from] Flip Turn
|
|upkeep
|turn|2
|
|t:|1781262377
|switch|p1a: Britney Spears|Pecharunt|100/100
|move|p2a: Ogerpon|U-turn|p1a: Britney Spears
|-resisted|p1a: Britney Spears
|-damage|p1a: Britney Spears|96/100
|
|t:|1781262380
|switch|p2a: Keldeo|Keldeo-Resolute|100/100|[from] U-turn
|
|upkeep
|turn|3
|
|t:|1781262384
|switch|p1a: Fih|Alomomola, F, shiny|100/100
|move|p2a: Keldeo|Surf|p1a: Fih
|-resisted|p1a: Fih
|-damage|p1a: Fih|80/100
|
|upkeep
|turn|4
|
|t:|1781262388
|switch|p2a: Ogerpon|Ogerpon, F|100/100
|move|p1a: Fih|Flip Turn|p2a: Ogerpon
|-resisted|p2a: Ogerpon
|-damage|p2a: Ogerpon|89/100
|
|t:|1781262394
|switch|p1a: Messi Himself|Cinderace, M, shiny|100/100|[from] Flip Turn
|
|upkeep
|turn|5
|
|t:|1781262401
|switch|p2a: Keldeo|Keldeo-Resolute|100/100
|move|p1a: Messi Himself|U-turn|p2a: Keldeo
|-start|p1a: Messi Himself|typechange|Bug|[from] ability: Libero
|-resisted|p2a: Keldeo
|-damage|p2a: Keldeo|81/100
|
|t:|1781262404
|switch|p1a: They Slash Them|Iron Valiant, shiny|100/100|[from] U-turn
|
|upkeep
|turn|6
|
|t:|1781262408
|switch|p2a: Cresselia|Cresselia, F, shiny|100/100
|move|p1a: They Slash Them|Moonblast|p2a: Cresselia
|-damage|p2a: Cresselia|58/100
|
|upkeep
|turn|7
|
|t:|1781262414
|move|p1a: They Slash Them|Moonblast|p2a: Cresselia
|-damage|p2a: Cresselia|18/100
|move|p2a: Cresselia|Psychic|p1a: They Slash Them
|-supereffective|p1a: They Slash Them
|-damage|p1a: They Slash Them|13/100
|
|upkeep
|turn|8
|
|t:|1781262418
|move|p1a: They Slash Them|Moonblast|p2a: Cresselia
|-damage|p2a: Cresselia|0 fnt
|faint|p2a: Cresselia
|
|upkeep
|
|t:|1781262431
|switch|p2a: Keldeo|Keldeo-Resolute|81/100
|turn|9
|
|t:|1781262441
|-end|p1a: They Slash Them|Quark Drive|[silent]
|switch|p1a: Fih|Alomomola, F, shiny|100/100
|move|p2a: Keldeo|Vacuum Wave|p1a: Fih
|-damage|p1a: Fih|83/100
|
|upkeep
|turn|10
|
|t:|1781262447
|switch|p2a: Ogerpon|Ogerpon, F|89/100
|move|p1a: Fih|Body Slam|p2a: Ogerpon
|-damage|p2a: Ogerpon|67/100
|
|upkeep
|turn|11
|
|t:|1781262451
|switch|p1a: Britney Spears|Pecharunt|96/100
|move|p2a: Ogerpon|Knock Off|p1a: Britney Spears
|-supereffective|p1a: Britney Spears
|-damage|p1a: Britney Spears|51/100
|-enditem|p1a: Britney Spears|Heavy-Duty Boots|[from] move: Knock Off|[of] p2a: Ogerpon
|
|upkeep
|turn|12
|
|t:|1781262458
|switch|p2a: Ursaluna|Ursaluna, M, shiny|100/100
|move|p1a: Britney Spears|Malignant Chain|p2a: Ursaluna
|-resisted|p2a: Ursaluna
|-damage|p2a: Ursaluna|86/100
|
|-status|p2a: Ursaluna|brn|[from] item: Flame Orb
|upkeep
|turn|13
|
|t:|1781262464
|switch|p1a: Werewolf BF|Landorus-Therian, M, shiny|100/100
|-ability|p1a: Werewolf BF|Intimidate|boost
|-unboost|p2a: Ursaluna|atk|1
|move|p2a: Ursaluna|Ice Punch|p1a: Werewolf BF
|-supereffective|p1a: Werewolf BF
|-damage|p1a: Werewolf BF|0 fnt
|faint|p1a: Werewolf BF
|
|-damage|p2a: Ursaluna|80/100 brn|[from] brn
|upkeep
|
|t:|1781262473
|switch|p1a: Akinator|Hoopa-Unbound|100/100
|turn|14
|
|t:|1781262498
|switch|p2a: Keldeo|Keldeo-Resolute|81/100
|move|p1a: Akinator|Hyperspace Fury|p2a: Keldeo
|-resisted|p2a: Keldeo
|-damage|p2a: Keldeo|23/100
|-unboost|p1a: Akinator|def|1
|-ability|p2a: Keldeo|Justified|boost
|-boost|p2a: Keldeo|atk|1
|
|upkeep
|turn|15
|
|t:|1781262507
|move|p2a: Keldeo|Secret Sword|p1a: Akinator
|-damage|p1a: Akinator|0 fnt
|faint|p1a: Akinator
|
|upkeep
|
|t:|1781262511
|switch|p1a: They Slash Them|Iron Valiant, shiny|13/100
|turn|16
|
|t:|1781262516
|move|p1a: They Slash Them|Moonblast|p2a: Keldeo
|-supereffective|p2a: Keldeo
|-damage|p2a: Keldeo|0 fnt
|faint|p2a: Keldeo
|
|upkeep
|
|t:|1781262525
|switch|p2a: Iron Valiant|Iron Valiant|100/100
|-enditem|p2a: Iron Valiant|Booster Energy
|-activate|p2a: Iron Valiant|ability: Quark Drive|[fromitem]
|-start|p2a: Iron Valiant|quarkdrivespe
|turn|17
|
|t:|1781262528
|-end|p1a: They Slash Them|Quark Drive|[silent]
|switch|p1a: Fih|Alomomola, F, shiny|100/100
|move|p2a: Iron Valiant|Moonblast|p1a: Fih
|-damage|p1a: Fih|76/100
|
|upkeep
|turn|18
|
|t:|1781262535
|move|p2a: Iron Valiant|Moonblast|p1a: Fih
|-damage|p1a: Fih|51/100
|move|p1a: Fih|Flip Turn|p2a: Iron Valiant
|-damage|p2a: Iron Valiant|79/100
|j| Puyu paz
|
|t:|1781262544
|switch|p1a: Messi Himself|Cinderace, M, shiny|100/100|[from] Flip Turn
|
|upkeep
|turn|19
|
|t:|1781262560
|switch|p1a: Fih|Alomomola, F, shiny|84/100
|move|p2a: Iron Valiant|Moonblast|p1a: Fih
|-damage|p1a: Fih|61/100
|-unboost|p1a: Fih|spa|1
|
|upkeep
|turn|20
|
|t:|1781262564
|move|p2a: Iron Valiant|Close Combat|p1a: Fih
|-crit|p1a: Fih
|-damage|p1a: Fih|9/100
|-unboost|p2a: Iron Valiant|def|1
|-unboost|p2a: Iron Valiant|spd|1
|move|p1a: Fih|Mirror Coat||[still]
|-fail|p1a: Fih
|
|upkeep
|turn|21
|
|t:|1781262570
|move|p1a: Fih|Aqua Jet|p2a: Iron Valiant
|-damage|p2a: Iron Valiant|60/100
|move|p2a: Iron Valiant|Moonblast|p1a: Fih
|-damage|p1a: Fih|0 fnt
|faint|p1a: Fih
|
|upkeep
|
|t:|1781262572
|switch|p1a: Messi Himself|Cinderace, M, shiny|100/100
|turn|22
|
|t:|1781262575
|move|p2a: Iron Valiant|Destiny Bond|p2a: Iron Valiant
|-singlemove|p2a: Iron Valiant|Destiny Bond
|move|p1a: Messi Himself|Pyro Ball|p2a: Iron Valiant
|-damage|p2a: Iron Valiant|0 fnt
|faint|p2a: Iron Valiant
|-activate|p2a: Iron Valiant|move: Destiny Bond
|-end|p2a: Iron Valiant|Quark Drive|[silent]
|faint|p1a: Messi Himself
|
|upkeep
|
|t:|1781262583
|switch|p1a: Britney Spears|Pecharunt|51/100
|switch|p2a: Hatterene|Hatterene, F, shiny|100/100
|turn|23
|
|t:|1781262590
|move|p1a: Britney Spears|Malignant Chain|p2a: Hatterene
|-supereffective|p2a: Hatterene
|-damage|p2a: Hatterene|41/100
|move|p2a: Hatterene|Trick Room|p2a: Hatterene
|-fieldstart|move: Trick Room|[of] p2a: Hatterene
|
|upkeep
|turn|24
|
|t:|1781262597
|-terastallize|p1a: Britney Spears|Ghost
|move|p2a: Hatterene|Psychic Noise|p1a: Britney Spears
|-damage|p1a: Britney Spears|3/100
|-start|p1a: Britney Spears|move: Heal Block
|cant|p1a: Britney Spears|move: Heal Block|Recover
|
|upkeep
|turn|25
|
|t:|1781262603
|move|p2a: Hatterene|Psychic Noise|p1a: Britney Spears
|-damage|p1a: Britney Spears|0 fnt
|faint|p1a: Britney Spears
|
|upkeep
|
|t:|1781262607
|switch|p1a: They Slash Them|Iron Valiant, shiny|13/100
|turn|26
|
|t:|1781262609
|move|p2a: Hatterene|Psychic Noise|p1a: They Slash Them
|-supereffective|p1a: They Slash Them
|-damage|p1a: They Slash Them|0 fnt
|faint|p1a: They Slash Them
|-end|p1a: They Slash Them|Quark Drive|[silent]
|
|win|zippitytippity
|raw|Dr Gaster PHD's rating: 1681 &rarr; <strong>1658</strong><br />(-23 for losing)
|raw|zippitytippity's rating: 1629 &rarr; <strong>1652</strong><br />(+23 for winning)
|l|☆Dr Gaster PHD
|player|p1|
|l|‽zippitytippity
|player|p2|
|l| Puyu paz
|j|‽zippitytippity
|player|p2|zippitytippity|cynthia-masters4|
|n|‽zippitytippity|zippitytippity
|l|‽zippitytippity
|player|p2|
