|j|☆qingyunxian
|j|☆suprya
|t:|1781450535
|gametype|singles
|player|p1|qingyunxian|1|1641
|player|p2|suprya|clown|1757
|gen|9
|tier|[Gen 9] OU
|rated|
|rule|HP Percentage Mod: HP is shown in percentages
|rule|Endless Battle Clause: Forcing endless battles is banned
|rule|Species Clause: Limit one of each Pokémon
|rule|OHKO Clause: OHKO moves are banned
|rule|Evasion Items Clause: Evasion items are banned
|rule|Evasion Moves Clause: Evasion moves are banned
|rule|Evasion Abilities Clause: Evasion abilities are banned
|rule|Sleep Moves Clause: Sleep-inducing moves are banned
|clearpoke
|poke|p1|Ceruledge, M|
|poke|p1|Glimmora, M|
|poke|p1|Iron Valiant|
|poke|p1|Ogerpon-Wellspring, F|
|poke|p1|Minior|
|poke|p1|Garchomp, M|
|poke|p2|Pelipper, F|
|poke|p2|Hydrapple, F|
|poke|p2|Iron Treads|
|poke|p2|Mienshao, M|
|poke|p2|Slowking-Galar, M|
|poke|p2|Greninja-*, M|
|teampreview
|inactive|Battle timer is ON: inactive players will automatically lose when time's up. (requested by suprya)
|
|t:|1781450549
|teamsize|p1|6
|teamsize|p2|6
|start
|switch|p1a: Glimmora|Glimmora, M|100/100
|switch|p2a: Mienshao|Mienshao, M|100/100
|turn|1
|
|t:|1781450567
|move|p2a: Mienshao|Close Combat|p1a: Glimmora
|-damage|p1a: Glimmora|22/100
|-unboost|p2a: Mienshao|def|1
|-unboost|p2a: Mienshao|spd|1
|-activate|p1a: Glimmora|ability: Toxic Debris
|-sidestart|p2: suprya|move: Toxic Spikes
|move|p1a: Glimmora|Stealth Rock|p2a: Mienshao
|-sidestart|p2: suprya|move: Stealth Rock
|
|upkeep
|turn|2
|j| dragasoul
|
|t:|1781450576
|move|p2a: Mienshao|Close Combat|p1a: Glimmora
|-damage|p1a: Glimmora|0 fnt
|-unboost|p2a: Mienshao|def|1
|-unboost|p2a: Mienshao|spd|1
|-activate|p1a: Glimmora|ability: Toxic Debris
|-sidestart|p2: suprya|move: Toxic Spikes
|faint|p1a: Glimmora
|
|upkeep
|
|t:|1781450579
|switch|p1a: Ceruledge|Ceruledge, M|100/100
|turn|3
|
|t:|1781450588
|switch|p2a: Pelipper|Pelipper, F|100/100
|-weather|RainDance|[from] ability: Drizzle|[of] p2a: Pelipper
|move|p1a: Ceruledge|Swords Dance|p1a: Ceruledge
|-boost|p1a: Ceruledge|atk|2
|
|-weather|RainDance|[upkeep]
|upkeep
|turn|4
|
|t:|1781450611
|move|p1a: Ceruledge|Bitter Blade|p2a: Pelipper
|-resisted|p2a: Pelipper
|-damage|p2a: Pelipper|80/100
|move|p2a: Pelipper|Surf|p1a: Ceruledge
|-supereffective|p1a: Ceruledge
|-enditem|p1a: Ceruledge|Focus Sash
|-damage|p1a: Ceruledge|1/100
|
|-weather|RainDance|[upkeep]
|upkeep
|turn|5
|
|t:|1781450621
|move|p1a: Ceruledge|Close Combat|p2a: Pelipper
|-resisted|p2a: Pelipper
|-damage|p2a: Pelipper|44/100
|-unboost|p1a: Ceruledge|def|1
|-unboost|p1a: Ceruledge|spd|1
|move|p2a: Pelipper|Hurricane|p1a: Ceruledge
|-damage|p1a: Ceruledge|0 fnt
|faint|p1a: Ceruledge
|
|-weather|RainDance|[upkeep]
|upkeep
|
|t:|1781450638
|switch|p1a: Garchomp|Garchomp, M|100/100
|turn|6
|
|t:|1781450655
|move|p1a: Garchomp|Swords Dance|p1a: Garchomp
|-boost|p1a: Garchomp|atk|2
|move|p2a: Pelipper|Surf|p1a: Garchomp
|-damage|p1a: Garchomp|55/100
|
|-weather|RainDance|[upkeep]
|upkeep
|turn|7
|
|t:|1781450666
|move|p1a: Garchomp|Scale Shot|p2a: Pelipper
|-crit|p2a: Pelipper
|-damage|p2a: Pelipper|15/100
|-damage|p2a: Pelipper|0 fnt
|faint|p2a: Pelipper
|-hitcount|p2: Pelipper|2
|-unboost|p1a: Garchomp|def|1
|-boost|p1a: Garchomp|spe|1
|
|-weather|none
|upkeep
|
|t:|1781450677
|switch|p2a: Hydrapple|Hydrapple, F|100/100
|turn|8
|
|t:|1781450693
|-terastallize|p2a: Hydrapple|Poison
|move|p1a: Garchomp|Scale Shot|p2a: Hydrapple
|-damage|p2a: Hydrapple|87/100
|-damage|p2a: Hydrapple|72/100
|-damage|p2a: Hydrapple|57/100
|-damage|p2a: Hydrapple|41/100
|-hitcount|p2a: Hydrapple|4
|-unboost|p1a: Garchomp|def|1
|-boost|p1a: Garchomp|spe|1
|move|p2a: Hydrapple|Fickle Beam|p1a: Garchomp
|-supereffective|p1a: Garchomp
|-damage|p1a: Garchomp|0 fnt
|faint|p1a: Garchomp
|
|upkeep
|inactive|qingyunxian has 120 seconds left.
|
|t:|1781450714
|switch|p1a: Minior|Minior|100/100
|-formechange|p1a: Minior|Minior-Meteor||[from] ability: Shields Down
|turn|9
|inactive|suprya has 120 seconds left.
|
|t:|1781450745
|move|p1a: Minior|Shell Smash|p1a: Minior
|-unboost|p1a: Minior|def|1
|-unboost|p1a: Minior|spd|1
|-boost|p1a: Minior|atk|2
|-boost|p1a: Minior|spa|2
|-boost|p1a: Minior|spe|2
|move|p2a: Hydrapple|Giga Drain|p1a: Minior
|-damage|p1a: Minior|49/100
|-heal|p2a: Hydrapple|61/100|[from] drain|[of] p1a: Minior
|
|-formechange|p1a: Minior|Minior||[from] ability: Shields Down
|upkeep
|turn|10
|inactive|suprya has 120 seconds left.
|inactive|suprya has 90 seconds left.
|
|t:|1781450795
|switch|p2a: Iron Treads|Iron Treads|100/100
|-damage|p2a: Iron Treads|98/100|[from] Stealth Rock
|move|p1a: Minior|Earth Power|p2a: Iron Treads
|-supereffective|p2a: Iron Treads
|-damage|p2a: Iron Treads|2/100
|
|-heal|p2a: Iron Treads|8/100|[from] item: Leftovers
|upkeep
|turn|11
|
|t:|1781450803
|move|p1a: Minior|Earth Power|p2a: Iron Treads
|-supereffective|p2a: Iron Treads
|-damage|p2a: Iron Treads|0 fnt
|faint|p2a: Iron Treads
|-end|p2a: Iron Treads|Quark Drive|[silent]
|
|upkeep
|
|t:|1781450806
|switch|p2a: Greninja|Greninja, M|100/100
|-status|p2a: Greninja|tox
|-damage|p2a: Greninja|88/100 tox|[from] Stealth Rock
|turn|12
|
|t:|1781450814
|move|p2a: Greninja|Water Shuriken|p1a: Minior
|-supereffective|p1a: Minior
|-damage|p1a: Minior|2/100
|-supereffective|p1a: Minior
|-damage|p1a: Minior|0 fnt
|faint|p1a: Minior
|-ability|p2a: Greninja|Battle Bond|boost
|-boost|p2a: Greninja|atk|1
|-boost|p2a: Greninja|spa|1
|-boost|p2a: Greninja|spe|1
|-activate|p2a: Greninja|ability: Battle Bond
|-hitcount|p1: Minior|2
|
|-damage|p2a: Greninja|82/100 tox|[from] psn
|upkeep
|
|t:|1781450821
|switch|p1a: Ogerpon|Ogerpon-Wellspring, F|100/100
|turn|13
|
|t:|1781450838
|switch|p2a: Hydrapple|Hydrapple, F, tera:Poison|94/100
|-sideend|p2: suprya|move: Toxic Spikes|[of] p2a: Hydrapple
|move|p1a: Ogerpon|Swords Dance|p1a: Ogerpon
|-boost|p1a: Ogerpon|atk|2
|
|upkeep
|turn|14
|inactive|suprya has 120 seconds left.
|
|t:|1781450856
|move|p1a: Ogerpon|Ivy Cudgel|p2a: Hydrapple|[anim] Ivy Cudgel Water
|-damage|p2a: Hydrapple|30/100
|move|p2a: Hydrapple|Giga Drain|p1a: Ogerpon
|-damage|p1a: Ogerpon|66/100
|-heal|p2a: Hydrapple|42/100|[from] drain|[of] p1a: Ogerpon
|
|upkeep
|turn|15
|
|t:|1781450864
|move|p1a: Ogerpon|Ivy Cudgel|p2a: Hydrapple|[anim] Ivy Cudgel Water
|-crit|p2a: Hydrapple
|-damage|p2a: Hydrapple|0 fnt
|faint|p2a: Hydrapple
|
|upkeep
|
|t:|1781450867
|switch|p2a: Mienshao|Mienshao, M|100/100
|-damage|p2a: Mienshao|94/100|[from] Stealth Rock
|turn|16
|inactive|qingyunxian has 120 seconds left.
|inactive|suprya has 120 seconds left.
|
|t:|1781450901
|switch|p1a: Iron Valiant|Iron Valiant|100/100
|-enditem|p1a: Iron Valiant|Booster Energy
|-activate|p1a: Iron Valiant|ability: Quark Drive|[fromitem]
|-start|p1a: Iron Valiant|quarkdrivespe
|move|p2a: Mienshao|Close Combat|p1a: Iron Valiant
|-resisted|p1a: Iron Valiant
|-damage|p1a: Iron Valiant|60/100
|-unboost|p2a: Mienshao|def|1
|-unboost|p2a: Mienshao|spd|1
|
|upkeep
|turn|17
|inactive|qingyunxian has 120 seconds left.
|
|t:|1781450911
|switch|p2a: Slowking|Slowking-Galar, M|100/100
|-damage|p2a: Slowking|88/100|[from] Stealth Rock
|move|p1a: Iron Valiant|Calm Mind|p1a: Iron Valiant
|-boost|p1a: Iron Valiant|spa|1
|-boost|p1a: Iron Valiant|spd|1
|
|upkeep
|turn|18
|
|t:|1781450918
|-terastallize|p1a: Iron Valiant|Ghost
|move|p1a: Iron Valiant|Shadow Ball|p2a: Slowking
|-supereffective|p2a: Slowking
|-damage|p2a: Slowking|36/100
|move|p2a: Slowking|Sludge Bomb|p1a: Iron Valiant
|-resisted|p1a: Iron Valiant
|-damage|p1a: Iron Valiant|36/100
|
|upkeep
|turn|19
|inactive|suprya has 120 seconds left.
|inactive|qingyunxian has 120 seconds left.
|inactive|suprya has 90 seconds left.
|
|t:|1781450989
|switch|p2a: Greninja|Greninja, M|82/100 tox
|-damage|p2a: Greninja|70/100 tox|[from] Stealth Rock
|move|p1a: Iron Valiant|Calm Mind|p1a: Iron Valiant
|-boost|p1a: Iron Valiant|spa|1
|-boost|p1a: Iron Valiant|spd|1
|
|-damage|p2a: Greninja|64/100 tox|[from] psn
|upkeep
|turn|20
|
|t:|1781450997
|move|p2a: Greninja|Water Shuriken|p1a: Iron Valiant
|-damage|p1a: Iron Valiant|26/100
|-damage|p1a: Iron Valiant|15/100
|-damage|p1a: Iron Valiant|6/100
|-hitcount|p1a: Iron Valiant|3
|move|p1a: Iron Valiant|Moonblast|p2a: Greninja
|-supereffective|p2a: Greninja
|-damage|p2a: Greninja|0 fnt
|faint|p2a: Greninja
|
|upkeep
|
|t:|1781451007
|switch|p2a: Slowking|Slowking-Galar, M|69/100
|-damage|p2a: Slowking|57/100|[from] Stealth Rock
|turn|21
|
|t:|1781451010
|switch|p2a: Mienshao|Mienshao, M|100/100
|-damage|p2a: Mienshao|94/100|[from] Stealth Rock
|move|p1a: Iron Valiant|Shadow Ball|p2a: Mienshao
|-damage|p2a: Mienshao|0 fnt
|faint|p2a: Mienshao
|
|upkeep
|
|t:|1781451011
|switch|p2a: Slowking|Slowking-Galar, M|90/100
|-damage|p2a: Slowking|77/100|[from] Stealth Rock
|turn|22
|
|t:|1781451014
|move|p1a: Iron Valiant|Shadow Ball|p2a: Slowking
|-supereffective|p2a: Slowking
|-damage|p2a: Slowking|6/100
|move|p2a: Slowking|Surf|p1a: Iron Valiant
|-damage|p1a: Iron Valiant|0 fnt
|faint|p1a: Iron Valiant
|-end|p1a: Iron Valiant|Quark Drive|[silent]
|
|upkeep
|
|t:|1781451016
|switch|p1a: Ogerpon|Ogerpon-Wellspring, F|66/100
|turn|23
|-message|suprya forfeited.
|
|win|qingyunxian
|raw|qingyunxian's rating: 1641 &rarr; <strong>1667</strong><br />(+26 for winning)
|raw|suprya's rating: 1757 &rarr; <strong>1731</strong><br />(-26 for losing)
|l|☆suprya
|player|p2|
|l|☆qingyunxian
|player|p1|
|l| dragasoul
