|j|☆biryanireqs
|j|☆Udiggwhatimsayin
|t:|1781105286
|gametype|singles
|player|p1|biryanireqs|102|1575
|player|p2|Udiggwhatimsayin|fantina|1568
|gen|9
|tier|[Gen 9] OU
|rated|
|rule|HP Percentage Mod: HP is shown in percentages
|rule|Endless Battle Clause: Forcing endless battles is banned
|rule|Species Clause: Limit one of each Pokémon
|rule|OHKO Clause: OHKO moves are banned
|rule|Evasion Items Clause: Evasion items are banned
|rule|Evasion Moves Clause: Evasion moves are banned
|rule|Evasion Abilities Clause: Evasion abilities are banned
|rule|Sleep Moves Clause: Sleep-inducing moves are banned
|clearpoke
|poke|p1|Rillaboom, F|
|poke|p1|Heatran, F|
|poke|p1|Walking Wake|
|poke|p1|Landorus-Therian, M|
|poke|p1|Zamazenta-*|
|poke|p1|Weezing-Galar, F|
|poke|p2|Skarmory, F|
|poke|p2|Ting-Lu|
|poke|p2|Slowking-Galar, M|
|poke|p2|Iron Valiant|
|poke|p2|Dragapult, M|
|poke|p2|Cinderace, M|
|teampreview
|inactive|Battle timer is ON: inactive players will automatically lose when time's up. (requested by Udiggwhatimsayin)
|inactive|biryanireqs also wants the timer to be on.
|
|t:|1781105304
|teamsize|p1|6
|teamsize|p2|6
|start
|switch|p1a: Walking Wake|Walking Wake|100/100
|switch|p2a: Skarmory|Skarmory, F|100/100
|turn|1
|j| dratini0147
|
|t:|1781105311
|switch|p2a: Slowking|Slowking-Galar, M|100/100
|move|p1a: Walking Wake|Substitute|p1a: Walking Wake
|-start|p1a: Walking Wake|Substitute
|-damage|p1a: Walking Wake|76/100
|
|-heal|p1a: Walking Wake|82/100|[from] item: Leftovers
|upkeep
|turn|2
|l| dratini0147
|
|t:|1781105325
|move|p1a: Walking Wake|Knock Off|p2a: Slowking
|-supereffective|p2a: Slowking
|-damage|p2a: Slowking|72/100
|-enditem|p2a: Slowking|Heavy-Duty Boots|[from] move: Knock Off|[of] p1a: Walking Wake
|move|p2a: Slowking|Future Sight|p1a: Walking Wake
|-start|p2a: Slowking|move: Future Sight
|
|-heal|p1a: Walking Wake|88/100|[from] item: Leftovers
|upkeep
|turn|3
|
|t:|1781105344
|move|p1a: Walking Wake|Scald|p2a: Slowking
|-crit|p2a: Slowking
|-damage|p2a: Slowking|26/100
|-status|p2a: Slowking|brn
|move|p2a: Slowking|Ice Beam|p1a: Walking Wake
|-end|p1a: Walking Wake|Substitute
|
|-heal|p1a: Walking Wake|94/100|[from] item: Leftovers
|-damage|p2a: Slowking|20/100 brn|[from] brn
|upkeep
|turn|4
|
|t:|1781105353
|move|p1a: Walking Wake|Substitute|p1a: Walking Wake
|-start|p1a: Walking Wake|Substitute
|-damage|p1a: Walking Wake|70/100
|-prepare|p2a: Slowking|Chilly Reception|[premajor]
|move|p2a: Slowking|Chilly Reception|p2a: Slowking
|-weather|Snowscape
|
|t:|1781105360
|switch|p2a: Iron Valiant|Iron Valiant, shiny|100/100|[from] Chilly Reception
|
|-weather|Snowscape|[upkeep]
|-end|p1a: Walking Wake|move: Future Sight
|-end|p1a: Walking Wake|Substitute
|-heal|p1a: Walking Wake|76/100|[from] item: Leftovers
|upkeep
|turn|5
|
|t:|1781105366
|-end|p1a: Walking Wake|Protosynthesis|[silent]
|switch|p1a: Weezing|Weezing-Galar, F|100/100
|-ability|p1a: Weezing|Neutralizing Gas
|move|p2a: Iron Valiant|Moonblast|p1a: Weezing
|-resisted|p1a: Weezing
|-damage|p1a: Weezing|73/100
|-unboost|p1a: Weezing|spa|1
|
|-weather|Snowscape|[upkeep]
|upkeep
|turn|6
|
|t:|1781105377
|-end|p2a: Iron Valiant|Quark Drive|[silent]
|switch|p2a: Slowking|Slowking-Galar, M|53/100 brn
|move|p1a: Weezing|Will-O-Wisp|p2a: Slowking
|-fail|p2a: Slowking|brn
|
|-weather|Snowscape|[upkeep]
|-damage|p2a: Slowking|47/100 brn|[from] brn
|upkeep
|turn|7
|
|t:|1781105387
|-end|p1a: Weezing|ability: Neutralizing Gas
|switch|p1a: Heatran|Heatran, F|100/100
|-prepare|p2a: Slowking|Chilly Reception|[premajor]
|move|p2a: Slowking|Chilly Reception|p2a: Slowking
|
|t:|1781105396
|switch|p2a: Ting-Lu|Ting-Lu|100/100|[from] Chilly Reception
|-ability|p2a: Ting-Lu|Vessel of Ruin
|
|-weather|Snowscape|[upkeep]
|upkeep
|turn|8
|inactive|Udiggwhatimsayin has 120 seconds left.
|
|t:|1781105451
|switch|p1a: Landorus|Landorus-Therian, M|100/100
|-ability|p1a: Landorus|Intimidate|boost
|-unboost|p2a: Ting-Lu|atk|1
|move|p2a: Ting-Lu|Spikes|p1a: Landorus
|-sidestart|p1: biryanireqs|Spikes
|
|-weather|none
|upkeep
|turn|9
|inactive|biryanireqs has 120 seconds left.
|
|t:|1781105499
|switch|p2a: Skarmory|Skarmory, F|100/100
|move|p1a: Landorus|Stealth Rock|p2a: Skarmory
|-sidestart|p2: Udiggwhatimsayin|move: Stealth Rock
|
|upkeep
|turn|10
|
|t:|1781105516
|move|p1a: Landorus|Taunt|p2a: Skarmory
|-start|p2a: Skarmory|move: Taunt
|cant|p2a: Skarmory|move: Taunt|Stealth Rock
|
|upkeep
|turn|11
|
|t:|1781105521
|move|p1a: Landorus|Earth Power|p2a: Skarmory
|-immune|p2a: Skarmory
|move|p2a: Skarmory|Brave Bird|p1a: Landorus
|-crit|p1a: Landorus
|-damage|p1a: Landorus|52/100
|-damage|p2a: Skarmory|84/100|[from] item: Rocky Helmet|[of] p1a: Landorus
|-damage|p2a: Skarmory|66/100|[from] Recoil
|
|upkeep
|turn|12
|
|t:|1781105526
|move|p1a: Landorus|Earth Power|p2a: Skarmory
|-immune|p2a: Skarmory
|move|p2a: Skarmory|Brave Bird|p1a: Landorus
|-damage|p1a: Landorus|17/100
|-damage|p2a: Skarmory|49/100|[from] item: Rocky Helmet|[of] p1a: Landorus
|-damage|p2a: Skarmory|36/100|[from] Recoil
|
|-end|p2a: Skarmory|move: Taunt
|upkeep
|turn|13
|
|t:|1781105530
|move|p1a: Landorus|Taunt|p2a: Skarmory
|-start|p2a: Skarmory|move: Taunt
|move|p2a: Skarmory|Brave Bird|p1a: Landorus
|-damage|p1a: Landorus|0 fnt
|-damage|p2a: Skarmory|19/100|[from] item: Rocky Helmet|[of] p1a: Landorus
|faint|p1a: Landorus
|-damage|p2a: Skarmory|13/100|[from] Recoil
|
|upkeep
|
|t:|1781105533
|switch|p1a: Walking Wake|Walking Wake|76/100
|-damage|p1a: Walking Wake|63/100|[from] Spikes
|turn|14
|
|t:|1781105538
|move|p1a: Walking Wake|Scald|p2a: Skarmory
|-damage|p2a: Skarmory|0 fnt
|faint|p2a: Skarmory
|
|-heal|p1a: Walking Wake|70/100|[from] item: Leftovers
|upkeep
|
|t:|1781105547
|switch|p2a: Iron Valiant|Iron Valiant, shiny|100/100
|-damage|p2a: Iron Valiant|94/100|[from] Stealth Rock
|turn|15
|
|t:|1781105557
|-end|p1a: Walking Wake|Protosynthesis|[silent]
|switch|p1a: Weezing|Weezing-Galar, F|73/100
|-ability|p1a: Weezing|Neutralizing Gas
|move|p2a: Iron Valiant|Moonblast|p1a: Weezing
|-resisted|p1a: Weezing
|-damage|p1a: Weezing|49/100
|
|upkeep
|turn|16
|
|t:|1781105562
|-end|p2a: Iron Valiant|Quark Drive|[silent]
|switch|p2a: Slowking|Slowking-Galar, M|80/100 brn
|-damage|p2a: Slowking|68/100 brn|[from] Stealth Rock
|-end|p1a: Weezing|ability: Neutralizing Gas
|switch|p1a: Walking Wake|Walking Wake|70/100
|-damage|p1a: Walking Wake|57/100|[from] Spikes
|
|-heal|p1a: Walking Wake|63/100|[from] item: Leftovers
|-damage|p2a: Slowking|62/100 brn|[from] brn
|upkeep
|turn|17
|
|t:|1781105566
|move|p1a: Walking Wake|Substitute|p1a: Walking Wake
|-start|p1a: Walking Wake|Substitute
|-damage|p1a: Walking Wake|39/100
|move|p2a: Slowking|Ice Beam|p1a: Walking Wake
|-end|p1a: Walking Wake|Substitute
|
|-heal|p1a: Walking Wake|45/100|[from] item: Leftovers
|-damage|p2a: Slowking|56/100 brn|[from] brn
|upkeep
|turn|18
|
|t:|1781105571
|move|p1a: Walking Wake|Knock Off|p2a: Slowking
|-supereffective|p2a: Slowking
|-damage|p2a: Slowking|37/100 brn
|move|p2a: Slowking|Ice Beam|p1a: Walking Wake
|-damage|p1a: Walking Wake|16/100
|
|-heal|p1a: Walking Wake|23/100|[from] item: Leftovers
|-damage|p2a: Slowking|31/100 brn|[from] brn
|upkeep
|turn|19
|
|t:|1781105574
|move|p1a: Walking Wake|Dragon Pulse|p2a: Slowking
|-damage|p2a: Slowking|0 fnt
|faint|p2a: Slowking
|
|-heal|p1a: Walking Wake|29/100|[from] item: Leftovers
|upkeep
|
|t:|1781105582
|switch|p2a: Iron Valiant|Iron Valiant, shiny|94/100
|-damage|p2a: Iron Valiant|88/100|[from] Stealth Rock
|turn|20
|
|t:|1781105585
|move|p2a: Iron Valiant|Knock Off|p1a: Walking Wake
|-damage|p1a: Walking Wake|0 fnt
|-enditem|p1a: Walking Wake|Leftovers|[from] move: Knock Off|[of] p2a: Iron Valiant
|faint|p1a: Walking Wake
|-end|p1a: Walking Wake|Protosynthesis|[silent]
|
|upkeep
|
|t:|1781105590
|switch|p1a: Weezing|Weezing-Galar, F|49/100
|-ability|p1a: Weezing|Neutralizing Gas
|turn|21
|
|t:|1781105594
|-end|p2a: Iron Valiant|Quark Drive|[silent]
|switch|p2a: Cinderace|Cinderace, M|100/100
|move|p1a: Weezing|Pain Split|p2a: Cinderace
|-sethp|p2a: Cinderace|77/100|[from] move: Pain Split|[silent]
|-sethp|p1a: Weezing|70/100|[from] move: Pain Split
|
|upkeep
|turn|22
|
|t:|1781105600
|move|p2a: Cinderace|Pyro Ball|p1a: Weezing
|-damage|p1a: Weezing|32/100
|move|p1a: Weezing|Strange Steam|p2a: Cinderace
|-resisted|p2a: Cinderace
|-damage|p2a: Cinderace|58/100
|
|upkeep
|turn|23
|
|t:|1781105607
|-end|p1a: Weezing|ability: Neutralizing Gas
|switch|p1a: Heatran|Heatran, F|100/100
|-damage|p1a: Heatran|88/100|[from] Spikes
|move|p2a: Cinderace|Pyro Ball|p1a: Heatran
|-start|p1a: Heatran|ability: Flash Fire
|
|-heal|p1a: Heatran|94/100|[from] item: Leftovers
|upkeep
|turn|24
|
|t:|1781105611
|move|p2a: Cinderace|Low Kick|p1a: Heatran
|-start|p2a: Cinderace|typechange|Fighting|[from] ability: Libero
|-supereffective|p1a: Heatran
|-damage|p1a: Heatran|0 fnt
|faint|p1a: Heatran
|
|upkeep
|
|t:|1781105613
|switch|p1a: Zamazenta|Zamazenta|100/100
|-damage|p1a: Zamazenta|88/100|[from] Spikes
|-ability|p1a: Zamazenta|Dauntless Shield|boost
|-boost|p1a: Zamazenta|def|1
|turn|25
|
|t:|1781105619
|switch|p2a: Dragapult|Dragapult, M|100/100
|move|p1a: Zamazenta|Crunch|p2a: Dragapult
|-supereffective|p2a: Dragapult
|-damage|p2a: Dragapult|13/100
|-damage|p1a: Zamazenta|78/100|[from] item: Life Orb
|
|upkeep
|turn|26
|
|t:|1781105625
|switch|p1a: Weezing|Weezing-Galar, F|32/100
|-ability|p1a: Weezing|Neutralizing Gas
|move|p2a: Dragapult|Will-O-Wisp|p1a: Weezing
|-status|p1a: Weezing|brn
|
|-damage|p1a: Weezing|26/100 brn|[from] brn
|upkeep
|turn|27
|
|t:|1781105629
|move|p2a: Dragapult|Hex|p1a: Weezing
|-damage|p1a: Weezing|0 fnt
|faint|p1a: Weezing
|-end|p1a: Weezing|ability: Neutralizing Gas
|
|upkeep
|
|t:|1781105632
|switch|p1a: Rillaboom|Rillaboom, F|100/100
|-damage|p1a: Rillaboom|88/100|[from] Spikes
|-fieldstart|move: Grassy Terrain|[from] ability: Grassy Surge|[of] p1a: Rillaboom
|turn|28
|
|t:|1781105643
|-terastallize|p1a: Rillaboom|Grass
|move|p1a: Rillaboom|Grassy Glide|p2a: Dragapult
|-resisted|p2a: Dragapult
|-damage|p2a: Dragapult|0 fnt
|faint|p2a: Dragapult
|
|-heal|p1a: Rillaboom|94/100|[from] Grassy Terrain
|upkeep
|
|t:|1781105654
|switch|p2a: Cinderace|Cinderace, M|58/100
|turn|29
|
|t:|1781105660
|move|p1a: Rillaboom|Grassy Glide|p2a: Cinderace
|-resisted|p2a: Cinderace
|-damage|p2a: Cinderace|22/100
|move|p2a: Cinderace|Pyro Ball|p1a: Rillaboom
|-supereffective|p1a: Rillaboom
|-damage|p1a: Rillaboom|0 fnt
|faint|p1a: Rillaboom
|
|-heal|p2a: Cinderace|28/100|[from] Grassy Terrain
|upkeep
|
|t:|1781105666
|switch|p1a: Zamazenta|Zamazenta|78/100
|-damage|p1a: Zamazenta|66/100|[from] Spikes
|turn|30
|
|t:|1781105669
|move|p1a: Zamazenta|Close Combat|p2a: Cinderace
|-damage|p2a: Cinderace|0 fnt
|-unboost|p1a: Zamazenta|def|1
|-unboost|p1a: Zamazenta|spd|1
|faint|p2a: Cinderace
|-damage|p1a: Zamazenta|56/100|[from] item: Life Orb
|
|-heal|p1a: Zamazenta|62/100|[from] Grassy Terrain
|upkeep
|
|t:|1781105686
|switch|p2a: Iron Valiant|Iron Valiant, shiny|88/100
|-damage|p2a: Iron Valiant|82/100|[from] Stealth Rock
|turn|31
|
|t:|1781105690
|move|p2a: Iron Valiant|Moonblast|p1a: Zamazenta
|-supereffective|p1a: Zamazenta
|-damage|p1a: Zamazenta|0 fnt
|faint|p1a: Zamazenta
|
|win|Udiggwhatimsayin
|raw|biryanireqs's rating: 1575 &rarr; <strong>1555</strong><br />(-20 for losing)
|raw|Udiggwhatimsayin's rating: 1568 &rarr; <strong>1588</strong><br />(+20 for winning)
|l|☆biryanireqs
|player|p1|
