|j|☆Wer223
|j|☆FP.//06
|t:|1780979314
|gametype|singles
|player|p1|Wer223|265|1585
|player|p2|FP.//06|lucas|1549
|gen|9
|tier|[Gen 9] OU
|rated|
|rule|HP Percentage Mod: HP is shown in percentages
|rule|Endless Battle Clause: Forcing endless battles is banned
|rule|Species Clause: Limit one of each Pokémon
|rule|OHKO Clause: OHKO moves are banned
|rule|Evasion Items Clause: Evasion items are banned
|rule|Evasion Moves Clause: Evasion moves are banned
|rule|Evasion Abilities Clause: Evasion abilities are banned
|rule|Sleep Moves Clause: Sleep-inducing moves are banned
|clearpoke
|poke|p1|Pawmot, M|
|poke|p1|Cresselia, F|
|poke|p1|Kyurem|
|poke|p1|Iron Treads|
|poke|p1|Pecharunt|
|poke|p1|Darkrai|
|poke|p2|Ting-Lu|
|poke|p2|Gholdengo|
|poke|p2|Kyurem|
|poke|p2|Rillaboom, F|
|poke|p2|Zamazenta-*|
|poke|p2|Tornadus-Therian, M|
|teampreview
|inactive|Battle timer is ON: inactive players will automatically lose when time's up. (requested by FP.//06)
|
|t:|1780979321
|teamsize|p1|6
|teamsize|p2|6
|start
|switch|p1a: Darkrai|Darkrai|100/100
|switch|p2a: Ting-Lu|Ting-Lu|100/100
|-ability|p2a: Ting-Lu|Vessel of Ruin
|turn|1
|
|t:|1780979324
|move|p1a: Darkrai|Trick|p2a: Ting-Lu
|-activate|p1a: Darkrai|move: Trick|[of] p2a: Ting-Lu
|-item|p2a: Ting-Lu|Choice Scarf|[from] move: Trick
|-item|p1a: Darkrai|Red Card|[from] move: Trick
|move|p2a: Ting-Lu|Stealth Rock|p1a: Darkrai
|-sidestart|p1: Wer223|move: Stealth Rock
|
|upkeep
|turn|2
|
|t:|1780979335
|switch|p2a: Zamazenta|Zamazenta|100/100
|-ability|p2a: Zamazenta|Dauntless Shield|boost
|-boost|p2a: Zamazenta|def|1
|move|p1a: Darkrai|Will-O-Wisp|p2a: Zamazenta
|-status|p2a: Zamazenta|brn
|
|-damage|p2a: Zamazenta|94/100 brn|[from] brn
|upkeep
|turn|3
|
|t:|1780979340
|switch|p1a: Pecharunt|Pecharunt|100/100
|move|p2a: Zamazenta|Crunch|p1a: Pecharunt
|-supereffective|p1a: Pecharunt
|-damage|p1a: Pecharunt|85/100
|-unboost|p1a: Pecharunt|def|1
|-damage|p2a: Zamazenta|84/100 brn|[from] item: Life Orb
|
|-damage|p2a: Zamazenta|78/100 brn|[from] brn
|upkeep
|turn|4
|
|t:|1780979345
|switch|p2a: Ting-Lu|Ting-Lu|100/100
|-ability|p2a: Ting-Lu|Vessel of Ruin
|move|p1a: Pecharunt|Parting Shot|p2a: Ting-Lu
|-unboost|p2a: Ting-Lu|atk|1
|-unboost|p2a: Ting-Lu|spa|1
|
|t:|1780979356
|switch|p1a: Iron Treads|Iron Treads|100/100|[from] Parting Shot
|-damage|p1a: Iron Treads|97/100|[from] Stealth Rock
|
|upkeep
|turn|5
|
|t:|1780979358
|move|p1a: Iron Treads|Rapid Spin|p2a: Ting-Lu
|-damage|p2a: Ting-Lu|93/100
|-boost|p1a: Iron Treads|spe|1
|-sideend|p1: Wer223|Stealth Rock|[from] move: Rapid Spin|[of] p1a: Iron Treads
|move|p2a: Ting-Lu|Spikes|p1a: Iron Treads
|-sidestart|p1: Wer223|Spikes
|
|upkeep
|turn|6
|
|t:|1780979361
|move|p1a: Iron Treads|Rapid Spin|p2a: Ting-Lu
|-damage|p2a: Ting-Lu|84/100
|-boost|p1a: Iron Treads|spe|1
|-sideend|p1: Wer223|Spikes|[from] move: Rapid Spin|[of] p1a: Iron Treads
|move|p2a: Ting-Lu|Spikes|p1a: Iron Treads
|-sidestart|p1: Wer223|Spikes
|
|upkeep
|turn|7
|
|t:|1780979364
|switch|p2a: Gholdengo|Gholdengo|100/100
|move|p1a: Iron Treads|Rapid Spin|p2a: Gholdengo
|-immune|p2a: Gholdengo
|
|upkeep
|turn|8
|
|t:|1780979370
|switch|p2a: Tornadus|Tornadus-Therian, M|100/100
|move|p1a: Iron Treads|Earthquake|p2a: Tornadus
|-immune|p2a: Tornadus
|
|upkeep
|turn|9
|
|t:|1780979373
|switch|p2a: Gholdengo|Gholdengo|100/100
|move|p1a: Iron Treads|Rapid Spin|p2a: Gholdengo
|-immune|p2a: Gholdengo
|
|upkeep
|turn|10
|
|t:|1780979376
|switch|p2a: Tornadus|Tornadus-Therian, M|100/100
|move|p1a: Iron Treads|Earthquake|p2a: Tornadus
|-immune|p2a: Tornadus
|
|upkeep
|turn|11
|
|t:|1780979378
|switch|p2a: Gholdengo|Gholdengo|100/100
|move|p1a: Iron Treads|Rapid Spin|p2a: Gholdengo
|-immune|p2a: Gholdengo
|
|upkeep
|turn|12
|
|t:|1780979380
|move|p1a: Iron Treads|Knock Off|p2a: Gholdengo
|-supereffective|p2a: Gholdengo
|-damage|p2a: Gholdengo|35/100
|-enditem|p2a: Gholdengo|Grassy Seed|[from] move: Knock Off|[of] p1a: Iron Treads
|move|p2a: Gholdengo|Focus Blast|p1a: Iron Treads
|-supereffective|p1a: Iron Treads
|-damage|p1a: Iron Treads|0 fnt
|faint|p1a: Iron Treads
|-end|p1a: Iron Treads|Quark Drive|[silent]
|
|upkeep
|
|t:|1780979393
|switch|p1a: Darkrai|Darkrai|100/100
|-damage|p1a: Darkrai|88/100|[from] Spikes
|turn|13
|
|t:|1780979396
|switch|p2a: Rillaboom|Rillaboom, F|100/100
|-fieldstart|move: Grassy Terrain|[from] ability: Grassy Surge|[of] p2a: Rillaboom
|move|p1a: Darkrai|Dark Pulse|p2a: Rillaboom
|-damage|p2a: Rillaboom|41/100
|
|-heal|p2a: Rillaboom|47/100|[from] Grassy Terrain
|-heal|p1a: Darkrai|94/100|[from] Grassy Terrain
|upkeep
|turn|14
|
|t:|1780979400
|move|p2a: Rillaboom|Wood Hammer|p1a: Darkrai
|-damage|p1a: Darkrai|0 fnt
|faint|p1a: Darkrai
|-damage|p2a: Rillaboom|21/100|[from] Recoil
|
|-heal|p2a: Rillaboom|27/100|[from] Grassy Terrain
|upkeep
|
|t:|1780979404
|switch|p1a: Kyurem|Kyurem|100/100
|-damage|p1a: Kyurem|88/100|[from] Spikes
|-ability|p1a: Kyurem|Pressure
|turn|15
|
|t:|1780979410
|switch|p2a: Ting-Lu|Ting-Lu|84/100
|-ability|p2a: Ting-Lu|Vessel of Ruin
|move|p1a: Kyurem|Icicle Spear|p2a: Ting-Lu
|-supereffective|p2a: Ting-Lu
|-damage|p2a: Ting-Lu|73/100
|-supereffective|p2a: Ting-Lu
|-damage|p2a: Ting-Lu|62/100
|-supereffective|p2a: Ting-Lu
|-damage|p2a: Ting-Lu|50/100
|-supereffective|p2a: Ting-Lu
|-damage|p2a: Ting-Lu|38/100
|-supereffective|p2a: Ting-Lu
|-damage|p2a: Ting-Lu|28/100
|-hitcount|p2a: Ting-Lu|5
|
|-heal|p1a: Kyurem|94/100|[from] Grassy Terrain
|-heal|p1a: Kyurem|100/100|[from] item: Leftovers
|-heal|p2a: Ting-Lu|34/100|[from] Grassy Terrain
|upkeep
|turn|16
|
|t:|1780979414
|move|p1a: Kyurem|Icicle Spear|p2a: Ting-Lu
|-supereffective|p2a: Ting-Lu
|-damage|p2a: Ting-Lu|22/100
|-supereffective|p2a: Ting-Lu
|-damage|p2a: Ting-Lu|10/100
|-supereffective|p2a: Ting-Lu
|-damage|p2a: Ting-Lu|0 fnt
|faint|p2a: Ting-Lu
|-hitcount|p2: Ting-Lu|3
|
|upkeep
|
|t:|1780979417
|switch|p2a: Zamazenta|Zamazenta|78/100 brn
|turn|17
|
|t:|1780979422
|switch|p2a: Gholdengo|Gholdengo|35/100
|switch|p1a: Pecharunt|Pecharunt|85/100
|
|-heal|p2a: Gholdengo|41/100|[from] Grassy Terrain
|-heal|p1a: Pecharunt|92/100|[from] Grassy Terrain
|-fieldend|move: Grassy Terrain
|upkeep
|turn|18
|
|t:|1780979429
|switch|p1a: Pawmot|Pawmot, M|100/100
|-damage|p1a: Pawmot|88/100|[from] Spikes
|move|p2a: Gholdengo|Recover|p2a: Gholdengo
|-heal|p2a: Gholdengo|91/100
|
|upkeep
|turn|19
|
|t:|1780979437
|move|p1a: Pawmot|Revival Blessing|p1a: Pawmot
|-enditem|p1a: Pawmot|Leppa Berry|[eat]
|-activate|p1a: Pawmot|item: Leppa Berry|Revival Blessing|[consumed]
|
|t:|1780979440
|-heal|p1: Iron Treads|50/100|[from] move: Revival Blessing
|move|p2a: Gholdengo|Shadow Ball|p1a: Pawmot
|-damage|p1a: Pawmot|20/100
|
|upkeep
|turn|20
|
|t:|1780979445
|move|p1a: Pawmot|Double Shock|p2a: Gholdengo
|-damage|p2a: Gholdengo|36/100
|-start|p1a: Pawmot|typechange|???/Fighting|[from] move: Double Shock
|move|p2a: Gholdengo|Shadow Ball|p1a: Pawmot
|-damage|p1a: Pawmot|0 fnt
|faint|p1a: Pawmot
|
|upkeep
|
|t:|1780979452
|switch|p1a: Iron Treads|Iron Treads|50/100
|-damage|p1a: Iron Treads|38/100|[from] Spikes
|turn|21
|
|t:|1780979458
|switch|p2a: Tornadus|Tornadus-Therian, M|100/100
|move|p1a: Iron Treads|Knock Off|p2a: Tornadus
|-damage|p2a: Tornadus|64/100
|-enditem|p2a: Tornadus|Heavy-Duty Boots|[from] move: Knock Off|[of] p1a: Iron Treads
|
|upkeep
|turn|22
|
|t:|1780979465
|move|p2a: Tornadus|Knock Off|p1a: Iron Treads
|-damage|p1a: Iron Treads|20/100
|-enditem|p1a: Iron Treads|Earth Plate|[from] move: Knock Off|[of] p2a: Tornadus
|move|p1a: Iron Treads|Rapid Spin|p2a: Tornadus
|-damage|p2a: Tornadus|45/100
|-boost|p1a: Iron Treads|spe|1
|-sideend|p1: Wer223|Spikes|[from] move: Rapid Spin|[of] p1a: Iron Treads
|
|upkeep
|turn|23
|
|t:|1780979472
|switch|p2a: Zamazenta|Zamazenta|78/100 brn
|move|p1a: Iron Treads|Ice Spinner|p2a: Zamazenta
|-damage|p2a: Zamazenta|54/100 brn
|
|-damage|p2a: Zamazenta|48/100 brn|[from] brn
|upkeep
|turn|24
|
|t:|1780979481
|move|p1a: Iron Treads|Earthquake|p2a: Zamazenta
|-damage|p2a: Zamazenta|0 fnt
|faint|p2a: Zamazenta
|
|upkeep
|
|t:|1780979485
|switch|p2a: Rillaboom|Rillaboom, F|27/100
|-fieldstart|move: Grassy Terrain|[from] ability: Grassy Surge|[of] p2a: Rillaboom
|turn|25
|
|t:|1780979490
|-end|p1a: Iron Treads|Quark Drive|[silent]
|switch|p1a: Pecharunt|Pecharunt|92/100
|move|p2a: Rillaboom|Grassy Glide|p1a: Pecharunt
|-resisted|p1a: Pecharunt
|-damage|p1a: Pecharunt|82/100
|
|-heal|p2a: Rillaboom|34/100|[from] Grassy Terrain
|-heal|p1a: Pecharunt|88/100|[from] Grassy Terrain
|upkeep
|turn|26
|
|t:|1780979494
|switch|p2a: Kyurem|Kyurem|100/100
|-ability|p2a: Kyurem|Pressure
|move|p1a: Pecharunt|Foul Play|p2a: Kyurem
|-damage|p2a: Kyurem|79/100
|
|-heal|p2a: Kyurem|85/100|[from] Grassy Terrain
|-heal|p2a: Kyurem|91/100|[from] item: Leftovers
|-heal|p1a: Pecharunt|94/100|[from] Grassy Terrain
|upkeep
|turn|27
|
|t:|1780979501
|move|p2a: Kyurem|Substitute|p2a: Kyurem
|-start|p2a: Kyurem|Substitute
|-damage|p2a: Kyurem|66/100
|move|p1a: Pecharunt|Malignant Chain|p2a: Kyurem
|-end|p2a: Kyurem|Substitute
|
|-heal|p2a: Kyurem|73/100|[from] Grassy Terrain
|-heal|p2a: Kyurem|79/100|[from] item: Leftovers
|-heal|p1a: Pecharunt|100/100|[from] Grassy Terrain
|upkeep
|turn|28
|
|t:|1780979511
|move|p2a: Kyurem|Substitute|p2a: Kyurem
|-start|p2a: Kyurem|Substitute
|-damage|p2a: Kyurem|54/100
|move|p1a: Pecharunt|Malignant Chain|p2a: Kyurem
|-end|p2a: Kyurem|Substitute
|
|-heal|p2a: Kyurem|60/100|[from] Grassy Terrain
|-heal|p2a: Kyurem|66/100|[from] item: Leftovers
|upkeep
|turn|29
|
|t:|1780979515
|move|p2a: Kyurem|Substitute|p2a: Kyurem
|-start|p2a: Kyurem|Substitute
|-damage|p2a: Kyurem|41/100
|move|p1a: Pecharunt|Malignant Chain|p2a: Kyurem
|-end|p2a: Kyurem|Substitute
|
|-heal|p2a: Kyurem|47/100|[from] Grassy Terrain
|-heal|p2a: Kyurem|53/100|[from] item: Leftovers
|-fieldend|move: Grassy Terrain
|upkeep
|turn|30
|
|t:|1780979519
|move|p2a: Kyurem|Protect|p2a: Kyurem
|-singleturn|p2a: Kyurem|Protect
|move|p1a: Pecharunt|Malignant Chain|p2a: Kyurem
|-activate|p2a: Kyurem|move: Protect
|
|-heal|p2a: Kyurem|60/100|[from] item: Leftovers
|upkeep
|turn|31
|
|t:|1780979522
|move|p2a: Kyurem|Substitute|p2a: Kyurem
|-start|p2a: Kyurem|Substitute
|-damage|p2a: Kyurem|35/100
|move|p1a: Pecharunt|Parting Shot|p2a: Kyurem
|-unboost|p2a: Kyurem|atk|1
|-unboost|p2a: Kyurem|spa|1
|
|t:|1780979530
|switch|p1a: Kyurem|Kyurem|100/100|[from] Parting Shot
|-ability|p1a: Kyurem|Pressure
|
|-heal|p2a: Kyurem|41/100|[from] item: Leftovers
|upkeep
|turn|32
|
|t:|1780979550
|-terastallize|p1a: Kyurem|Steel
|move|p2a: Kyurem|Freeze-Dry|p1a: Kyurem
|-resisted|p1a: Kyurem
|-damage|p1a: Kyurem|92/100
|move|p1a: Kyurem|Substitute|p1a: Kyurem
|-start|p1a: Kyurem|Substitute
|-damage|p1a: Kyurem|67/100
|
|-heal|p2a: Kyurem|47/100|[from] item: Leftovers
|-heal|p1a: Kyurem|73/100|[from] item: Leftovers
|upkeep
|turn|33
|
|t:|1780979556
|move|p1a: Kyurem|Protect|p1a: Kyurem
|-singleturn|p1a: Kyurem|Protect
|move|p2a: Kyurem|Earth Power|p1a: Kyurem
|-activate|p1a: Kyurem|move: Protect
|
|-heal|p2a: Kyurem|53/100|[from] item: Leftovers
|-heal|p1a: Kyurem|79/100|[from] item: Leftovers
|upkeep
|turn|34
|
|t:|1780979562
|move|p2a: Kyurem|Earth Power|p1a: Kyurem
|-supereffective|p1a: Kyurem
|-end|p1a: Kyurem|Substitute
|move|p1a: Kyurem|Dragon Dance|p1a: Kyurem
|-boost|p1a: Kyurem|atk|1
|-boost|p1a: Kyurem|spe|1
|
|-heal|p1a: Kyurem|85/100|[from] item: Leftovers
|-heal|p2a: Kyurem|59/100|[from] item: Leftovers
|upkeep
|turn|35
|
|t:|1780979567
|move|p1a: Kyurem|Protect|p1a: Kyurem
|-singleturn|p1a: Kyurem|Protect
|move|p2a: Kyurem|Freeze-Dry|p1a: Kyurem
|-activate|p1a: Kyurem|move: Protect
|
|-heal|p1a: Kyurem|92/100|[from] item: Leftovers
|-heal|p2a: Kyurem|66/100|[from] item: Leftovers
|upkeep
|turn|36
|
|t:|1780979574
|move|p1a: Kyurem|Substitute|p1a: Kyurem
|-start|p1a: Kyurem|Substitute
|-damage|p1a: Kyurem|67/100
|move|p2a: Kyurem|Earth Power|p1a: Kyurem
|-supereffective|p1a: Kyurem
|-end|p1a: Kyurem|Substitute
|
|-heal|p1a: Kyurem|73/100|[from] item: Leftovers
|-heal|p2a: Kyurem|72/100|[from] item: Leftovers
|upkeep
|turn|37
|
|t:|1780979577
|move|p1a: Kyurem|Substitute|p1a: Kyurem
|-start|p1a: Kyurem|Substitute
|-damage|p1a: Kyurem|48/100
|move|p2a: Kyurem|Earth Power|p1a: Kyurem
|-supereffective|p1a: Kyurem
|-end|p1a: Kyurem|Substitute
|
|-heal|p1a: Kyurem|54/100|[from] item: Leftovers
|-heal|p2a: Kyurem|78/100|[from] item: Leftovers
|upkeep
|turn|38
|
|t:|1780979579
|move|p1a: Kyurem|Protect|p1a: Kyurem
|-singleturn|p1a: Kyurem|Protect
|move|p2a: Kyurem|Freeze-Dry|p1a: Kyurem
|-activate|p1a: Kyurem|move: Protect
|
|-heal|p1a: Kyurem|60/100|[from] item: Leftovers
|-heal|p2a: Kyurem|84/100|[from] item: Leftovers
|upkeep
|turn|39
|
|t:|1780979582
|move|p1a: Kyurem|Substitute|p1a: Kyurem
|-start|p1a: Kyurem|Substitute
|-damage|p1a: Kyurem|35/100
|move|p2a: Kyurem|Earth Power|p1a: Kyurem
|-supereffective|p1a: Kyurem
|-end|p1a: Kyurem|Substitute
|
|-heal|p1a: Kyurem|41/100|[from] item: Leftovers
|-heal|p2a: Kyurem|90/100|[from] item: Leftovers
|upkeep
|turn|40
|
|t:|1780979585
|move|p1a: Kyurem|Protect|p1a: Kyurem
|-singleturn|p1a: Kyurem|Protect
|move|p2a: Kyurem|Freeze-Dry|p1a: Kyurem
|-activate|p1a: Kyurem|move: Protect
|
|-heal|p1a: Kyurem|48/100|[from] item: Leftovers
|-heal|p2a: Kyurem|97/100|[from] item: Leftovers
|upkeep
|turn|41
|
|t:|1780979588
|move|p1a: Kyurem|Substitute|p1a: Kyurem
|-start|p1a: Kyurem|Substitute
|-damage|p1a: Kyurem|23/100
|move|p2a: Kyurem|Earth Power|p1a: Kyurem
|-supereffective|p1a: Kyurem
|-end|p1a: Kyurem|Substitute
|
|-heal|p1a: Kyurem|29/100|[from] item: Leftovers
|-heal|p2a: Kyurem|100/100|[from] item: Leftovers
|upkeep
|turn|42
|
|t:|1780979591
|move|p1a: Kyurem|Substitute|p1a: Kyurem
|-start|p1a: Kyurem|Substitute
|-damage|p1a: Kyurem|4/100
|move|p2a: Kyurem|Earth Power|p1a: Kyurem
|-supereffective|p1a: Kyurem
|-end|p1a: Kyurem|Substitute
|
|-heal|p1a: Kyurem|10/100|[from] item: Leftovers
|upkeep
|turn|43
|
|t:|1780979593
|move|p1a: Kyurem|Protect|p1a: Kyurem
|-singleturn|p1a: Kyurem|Protect
|move|p2a: Kyurem|Freeze-Dry|p1a: Kyurem
|-activate|p1a: Kyurem|move: Protect
|
|-heal|p1a: Kyurem|16/100|[from] item: Leftovers
|upkeep
|turn|44
|
|t:|1780979597
|switch|p1a: Cresselia|Cresselia, F|100/100
|move|p2a: Kyurem|Earth Power|p1a: Cresselia
|-immune|p1a: Cresselia|[from] ability: Levitate
|
|upkeep
|turn|45
|
|t:|1780979606
|move|p2a: Kyurem|Freeze-Dry|p1a: Cresselia
|-damage|p1a: Cresselia|89/100
|move|p1a: Cresselia|Ice Beam|p2a: Kyurem
|-activate|p2a: Kyurem|move: Substitute|[damage]
|
|upkeep
|turn|46
|
|t:|1780979610
|move|p2a: Kyurem|Freeze-Dry|p1a: Cresselia
|-damage|p1a: Cresselia|78/100
|move|p1a: Cresselia|Ice Beam|p2a: Kyurem
|-end|p2a: Kyurem|Substitute
|
|upkeep
|turn|47
|
|t:|1780979613
|move|p2a: Kyurem|Substitute|p2a: Kyurem
|-start|p2a: Kyurem|Substitute
|-damage|p2a: Kyurem|75/100
|move|p1a: Cresselia|Ice Beam|p2a: Kyurem
|-activate|p2a: Kyurem|move: Substitute|[damage]
|
|-heal|p2a: Kyurem|82/100|[from] item: Leftovers
|upkeep
|turn|48
|
|t:|1780979618
|move|p2a: Kyurem|Protect|p2a: Kyurem
|-singleturn|p2a: Kyurem|Protect
|move|p1a: Cresselia|Ice Beam|p2a: Kyurem
|-activate|p2a: Kyurem|move: Protect
|
|-heal|p2a: Kyurem|88/100|[from] item: Leftovers
|upkeep
|turn|49
|
|t:|1780979621
|move|p2a: Kyurem|Freeze-Dry|p1a: Cresselia
|-damage|p1a: Cresselia|66/100
|move|p1a: Cresselia|Ice Beam|p2a: Kyurem
|-end|p2a: Kyurem|Substitute
|
|-heal|p2a: Kyurem|94/100|[from] item: Leftovers
|upkeep
|turn|50
|
|t:|1780979623
|move|p2a: Kyurem|Substitute|p2a: Kyurem
|-start|p2a: Kyurem|Substitute
|-damage|p2a: Kyurem|69/100
|move|p1a: Cresselia|Moonlight|p1a: Cresselia
|-heal|p1a: Cresselia|100/100
|
|-heal|p2a: Kyurem|75/100|[from] item: Leftovers
|upkeep
|turn|51
|
|t:|1780979631
|move|p2a: Kyurem|Freeze-Dry|p1a: Cresselia
|-damage|p1a: Cresselia|89/100
|move|p1a: Cresselia|Ice Beam|p2a: Kyurem
|-activate|p2a: Kyurem|move: Substitute|[damage]
|
|-heal|p2a: Kyurem|81/100|[from] item: Leftovers
|upkeep
|turn|52
|
|t:|1780979636
|move|p2a: Kyurem|Protect|p2a: Kyurem
|-singleturn|p2a: Kyurem|Protect
|move|p1a: Cresselia|Lunar Dance|p1a: Cresselia
|faint|p1a: Cresselia
|
|-heal|p2a: Kyurem|88/100|[from] item: Leftovers
|upkeep
|
|t:|1780979638
|switch|p1a: Kyurem|Kyurem, tera:Steel|16/100
|-heal|p1a: Kyurem|100/100|[from] move: Lunar Dance
|-ability|p1a: Kyurem|Pressure
|turn|53
|
|t:|1780979647
|switch|p2a: Rillaboom|Rillaboom, F|34/100
|-fieldstart|move: Grassy Terrain|[from] ability: Grassy Surge|[of] p2a: Rillaboom
|move|p1a: Kyurem|Substitute|p1a: Kyurem
|-start|p1a: Kyurem|Substitute
|-damage|p1a: Kyurem|76/100
|
|-heal|p2a: Rillaboom|40/100|[from] Grassy Terrain
|-heal|p1a: Kyurem|82/100|[from] Grassy Terrain
|-heal|p1a: Kyurem|88/100|[from] item: Leftovers
|upkeep
|turn|54
|
|t:|1780979650
|move|p1a: Kyurem|Protect|p1a: Kyurem
|-singleturn|p1a: Kyurem|Protect
|move|p2a: Rillaboom|Knock Off|p1a: Kyurem
|-activate|p1a: Kyurem|move: Protect
|
|-heal|p2a: Rillaboom|46/100|[from] Grassy Terrain
|-heal|p1a: Kyurem|94/100|[from] Grassy Terrain
|-heal|p1a: Kyurem|99/100|[from] item: Leftovers
|upkeep
|turn|55
|
|t:|1780979653
|move|p2a: Rillaboom|Knock Off|p1a: Kyurem
|-end|p1a: Kyurem|Substitute
|move|p1a: Kyurem|Icicle Spear|p2a: Rillaboom
|-supereffective|p2a: Rillaboom
|-damage|p2a: Rillaboom|19/100
|-supereffective|p2a: Rillaboom
|-damage|p2a: Rillaboom|0 fnt
|faint|p2a: Rillaboom
|-hitcount|p2: Rillaboom|2
|
|-heal|p1a: Kyurem|100/100|[from] Grassy Terrain
|upkeep
|
|t:|1780979656
|switch|p2a: Tornadus|Tornadus-Therian, M|78/100
|turn|56
|
|t:|1780979664
|-terastallize|p2a: Tornadus|Fairy
|move|p2a: Tornadus|Heat Wave|p1a: Kyurem
|-supereffective|p1a: Kyurem
|-damage|p1a: Kyurem|64/100
|move|p1a: Kyurem|Dragon Dance|p1a: Kyurem
|-boost|p1a: Kyurem|atk|1
|-boost|p1a: Kyurem|spe|1
|
|-heal|p1a: Kyurem|71/100|[from] Grassy Terrain
|-heal|p1a: Kyurem|77/100|[from] item: Leftovers
|-heal|p2a: Tornadus|84/100|[from] Grassy Terrain
|upkeep
|turn|57
|
|t:|1780979675
|switch|p2a: Gholdengo|Gholdengo|36/100
|move|p1a: Kyurem|Protect||[still]
|-fail|p1a: Kyurem
|
|-heal|p1a: Kyurem|83/100|[from] Grassy Terrain
|-heal|p1a: Kyurem|89/100|[from] item: Leftovers
|-heal|p2a: Gholdengo|42/100|[from] Grassy Terrain
|-fieldend|move: Grassy Terrain
|upkeep
|turn|58
|
|t:|1780979679
|move|p1a: Kyurem|Icicle Spear|p2a: Gholdengo
|-resisted|p2a: Gholdengo
|-damage|p2a: Gholdengo|34/100
|-resisted|p2a: Gholdengo
|-damage|p2a: Gholdengo|26/100
|-resisted|p2a: Gholdengo
|-damage|p2a: Gholdengo|19/100
|-resisted|p2a: Gholdengo
|-damage|p2a: Gholdengo|11/100
|-hitcount|p2a: Gholdengo|4
|move|p2a: Gholdengo|Recover|p2a: Gholdengo
|-heal|p2a: Gholdengo|61/100
|
|-heal|p1a: Kyurem|95/100|[from] item: Leftovers
|upkeep
|turn|59
|
|t:|1780979682
|move|p1a: Kyurem|Substitute|p1a: Kyurem
|-start|p1a: Kyurem|Substitute
|-damage|p1a: Kyurem|70/100
|move|p2a: Gholdengo|Nasty Plot|p2a: Gholdengo
|-boost|p2a: Gholdengo|spa|2
|
|-heal|p1a: Kyurem|77/100|[from] item: Leftovers
|upkeep
|turn|60
|
|t:|1780979697
|move|p1a: Kyurem|Protect|p1a: Kyurem
|-singleturn|p1a: Kyurem|Protect
|move|p2a: Gholdengo|Shadow Ball|p1a: Kyurem
|-activate|p1a: Kyurem|move: Protect
|
|-heal|p1a: Kyurem|83/100|[from] item: Leftovers
|upkeep
|turn|61
|
|t:|1780979702
|move|p1a: Kyurem|Icicle Spear|p2a: Gholdengo
|-resisted|p2a: Gholdengo
|-damage|p2a: Gholdengo|52/100
|-resisted|p2a: Gholdengo
|-damage|p2a: Gholdengo|44/100
|-hitcount|p2a: Gholdengo|2
|move|p2a: Gholdengo|Shadow Ball|p1a: Kyurem
|-end|p1a: Kyurem|Substitute
|
|-heal|p1a: Kyurem|89/100|[from] item: Leftovers
|upkeep
|turn|62
|
|t:|1780979707
|move|p1a: Kyurem|Protect|p1a: Kyurem
|-singleturn|p1a: Kyurem|Protect
|move|p2a: Gholdengo|Recover|p2a: Gholdengo
|-heal|p2a: Gholdengo|94/100
|
|-heal|p1a: Kyurem|95/100|[from] item: Leftovers
|upkeep
|turn|63
|
|t:|1780979709
|move|p1a: Kyurem|Substitute|p1a: Kyurem
|-start|p1a: Kyurem|Substitute
|-damage|p1a: Kyurem|70/100
|move|p2a: Gholdengo|Shadow Ball|p1a: Kyurem
|-end|p1a: Kyurem|Substitute
|
|-heal|p1a: Kyurem|76/100|[from] item: Leftovers
|upkeep
|turn|64
|
|t:|1780979712
|move|p1a: Kyurem|Protect|p1a: Kyurem
|-singleturn|p1a: Kyurem|Protect
|move|p2a: Gholdengo|Nasty Plot|p2a: Gholdengo
|-boost|p2a: Gholdengo|spa|2
|
|-heal|p1a: Kyurem|82/100|[from] item: Leftovers
|upkeep
|turn|65
|
|t:|1780979716
|move|p1a: Kyurem|Substitute|p1a: Kyurem
|-start|p1a: Kyurem|Substitute
|-damage|p1a: Kyurem|58/100
|move|p2a: Gholdengo|Shadow Ball|p1a: Kyurem
|-end|p1a: Kyurem|Substitute
|
|-heal|p1a: Kyurem|64/100|[from] item: Leftovers
|upkeep
|turn|66
|
|t:|1780979720
|move|p1a: Kyurem|Substitute|p1a: Kyurem
|-start|p1a: Kyurem|Substitute
|-damage|p1a: Kyurem|39/100
|move|p2a: Gholdengo|Shadow Ball|p1a: Kyurem
|-end|p1a: Kyurem|Substitute
|
|-heal|p1a: Kyurem|45/100|[from] item: Leftovers
|upkeep
|turn|67
|
|t:|1780979722
|move|p1a: Kyurem|Substitute|p1a: Kyurem
|-start|p1a: Kyurem|Substitute
|-damage|p1a: Kyurem|20/100
|move|p2a: Gholdengo|Nasty Plot|p2a: Gholdengo
|-boost|p2a: Gholdengo|spa|2
|
|-heal|p1a: Kyurem|26/100|[from] item: Leftovers
|upkeep
|turn|68
|
|t:|1780979727
|move|p1a: Kyurem|Dragon Dance|p1a: Kyurem
|-boost|p1a: Kyurem|atk|1
|-boost|p1a: Kyurem|spe|1
|move|p2a: Gholdengo|Shadow Ball|p1a: Kyurem
|-end|p1a: Kyurem|Substitute
|
|-heal|p1a: Kyurem|32/100|[from] item: Leftovers
|upkeep
|turn|69
|
|t:|1780979730
|move|p1a: Kyurem|Protect|p1a: Kyurem
|-singleturn|p1a: Kyurem|Protect
|move|p2a: Gholdengo|Shadow Ball|p1a: Kyurem
|-activate|p1a: Kyurem|move: Protect
|
|-heal|p1a: Kyurem|39/100|[from] item: Leftovers
|upkeep
|turn|70
|
|t:|1780979735
|move|p1a: Kyurem|Substitute|p1a: Kyurem
|-start|p1a: Kyurem|Substitute
|-damage|p1a: Kyurem|14/100
|move|p2a: Gholdengo|Shadow Ball|p1a: Kyurem
|-end|p1a: Kyurem|Substitute
|
|-heal|p1a: Kyurem|20/100|[from] item: Leftovers
|upkeep
|turn|71
|
|t:|1780979742
|move|p1a: Kyurem|Dragon Dance|p1a: Kyurem
|-boost|p1a: Kyurem|atk|1
|-boost|p1a: Kyurem|spe|1
|move|p2a: Gholdengo|Nasty Plot|p2a: Gholdengo
|-boost|p2a: Gholdengo|spa|0
|
|-heal|p1a: Kyurem|26/100|[from] item: Leftovers
|upkeep
|turn|72
|
|t:|1780979751
|move|p1a: Kyurem|Protect|p1a: Kyurem
|-singleturn|p1a: Kyurem|Protect
|move|p2a: Gholdengo|Nasty Plot|p2a: Gholdengo
|-boost|p2a: Gholdengo|spa|0
|
|-heal|p1a: Kyurem|32/100|[from] item: Leftovers
|upkeep
|turn|73
|
|t:|1780979756
|move|p1a: Kyurem|Substitute|p1a: Kyurem
|-start|p1a: Kyurem|Substitute
|-damage|p1a: Kyurem|7/100
|move|p2a: Gholdengo|Shadow Ball|p1a: Kyurem
|-end|p1a: Kyurem|Substitute
|
|-heal|p1a: Kyurem|13/100|[from] item: Leftovers
|upkeep
|turn|74
|
|t:|1780979760
|switch|p1a: Iron Treads|Iron Treads|20/100
|move|p2a: Gholdengo|Shadow Ball|p1a: Iron Treads
|-damage|p1a: Iron Treads|0 fnt
|faint|p1a: Iron Treads
|-end|p1a: Iron Treads|Quark Drive|[silent]
|
|upkeep
|-message|Wer223 forfeited.
|
|win|FP.//06
|raw|Wer223's rating: 1585 &rarr; <strong>1563</strong><br />(-22 for losing)
|raw|FP.&#x2f;&#x2f;06's rating: 1549 &rarr; <strong>1571</strong><br />(+22 for winning)
|l|☆Wer223
|player|p1|
|l|☆FP.//06
|player|p2|
