|j|☆m5322
|j|☆KurisuChestnutOU
|t:|1781125499
|gametype|singles
|player|p1|m5322|169|1553
|player|p2|KurisuChestnutOU|may-contest|1567
|gen|9
|tier|[Gen 9] OU
|rated|
|rule|HP Percentage Mod: HP is shown in percentages
|rule|Endless Battle Clause: Forcing endless battles is banned
|rule|Species Clause: Limit one of each Pokémon
|rule|OHKO Clause: OHKO moves are banned
|rule|Evasion Items Clause: Evasion items are banned
|rule|Evasion Moves Clause: Evasion moves are banned
|rule|Evasion Abilities Clause: Evasion abilities are banned
|rule|Sleep Moves Clause: Sleep-inducing moves are banned
|clearpoke
|poke|p1|Deoxys-Speed|
|poke|p1|Ceruledge, F|
|poke|p1|Zamazenta-*|
|poke|p1|Ogerpon-Wellspring, F|
|poke|p1|Glimmora, F|
|poke|p1|Moltres-Galar|
|poke|p2|Ting-Lu|
|poke|p2|Corviknight, F|
|poke|p2|Clodsire, F|
|poke|p2|Moltres|
|poke|p2|Dragapult, F|
|poke|p2|Garganacl, F|
|teampreview
|inactive|Battle timer is ON: inactive players will automatically lose when time's up. (requested by KurisuChestnutOU)
|
|t:|1781125507
|teamsize|p1|6
|teamsize|p2|6
|start
|switch|p1a: Deoxys|Deoxys-Speed|100/100
|switch|p2a: Corviknight|Corviknight, F|100/100
|-ability|p1a: Deoxys|Pressure
|-ability|p2a: Corviknight|Pressure
|turn|1
|
|t:|1781125510
|move|p1a: Deoxys|Taunt|p2a: Corviknight
|-start|p2a: Corviknight|move: Taunt
|move|p2a: Corviknight|Brave Bird|p1a: Deoxys
|-damage|p1a: Deoxys|58/100
|-damage|p2a: Corviknight|90/100|[from] Recoil
|
|-heal|p2a: Corviknight|96/100|[from] item: Leftovers
|upkeep
|turn|2
|
|t:|1781125514
|move|p1a: Deoxys|Reflect|p1a: Deoxys
|-sidestart|p1: m5322|Reflect
|move|p2a: Corviknight|Brave Bird|p1a: Deoxys
|-damage|p1a: Deoxys|37/100
|-damage|p2a: Corviknight|91/100|[from] Recoil
|
|-heal|p2a: Corviknight|97/100|[from] item: Leftovers
|upkeep
|turn|3
|
|t:|1781125518
|move|p1a: Deoxys|Light Screen|p1a: Deoxys
|-sidestart|p1: m5322|move: Light Screen
|move|p2a: Corviknight|Brave Bird|p1a: Deoxys
|-damage|p1a: Deoxys|15/100
|-damage|p2a: Corviknight|92/100|[from] Recoil
|
|-heal|p2a: Corviknight|98/100|[from] item: Leftovers
|-end|p2a: Corviknight|move: Taunt
|upkeep
|turn|4
|
|t:|1781125522
|switch|p2a: Ting-Lu|Ting-Lu|100/100
|-ability|p2a: Ting-Lu|Vessel of Ruin
|move|p1a: Deoxys|Taunt|p2a: Ting-Lu
|-start|p2a: Ting-Lu|move: Taunt
|
|upkeep
|turn|5
|
|t:|1781125530
|switch|p1a: Ogerpon|Ogerpon-Wellspring, F|100/100
|move|p2a: Ting-Lu|Ruination|p1a: Ogerpon
|-damage|p1a: Ogerpon|51/100
|
|upkeep
|turn|6
|
|t:|1781125536
|switch|p2a: Dragapult|Dragapult, F|100/100
|move|p1a: Ogerpon|Swords Dance|p1a: Ogerpon
|-boost|p1a: Ogerpon|atk|2
|
|upkeep
|turn|7
|
|t:|1781125539
|move|p2a: Dragapult|Draco Meteor|p1a: Ogerpon
|-damage|p1a: Ogerpon|0 fnt
|-unboost|p2a: Dragapult|spa|2
|faint|p1a: Ogerpon
|
|upkeep
|
|t:|1781125550
|switch|p1a: Ceruledge|Ceruledge, F|100/100
|turn|8
|j| blackgokuking
|
|t:|1781125557
|switch|p2a: Ting-Lu|Ting-Lu|100/100
|-ability|p2a: Ting-Lu|Vessel of Ruin
|move|p1a: Ceruledge|Swords Dance|p1a: Ceruledge
|-boost|p1a: Ceruledge|atk|2
|
|upkeep
|turn|9
|
|t:|1781125561
|move|p1a: Ceruledge|Swords Dance|p1a: Ceruledge
|-boost|p1a: Ceruledge|atk|2
|move|p2a: Ting-Lu|Whirlwind|p1a: Ceruledge
|drag|p1a: Deoxys|Deoxys-Speed|15/100
|-ability|p1a: Deoxys|Pressure
|
|-sideend|p1: m5322|Reflect
|upkeep
|turn|10
|
|t:|1781125565
|move|p1a: Deoxys|Taunt|p2a: Ting-Lu
|-start|p2a: Ting-Lu|move: Taunt
|cant|p2a: Ting-Lu|move: Taunt|Stealth Rock
|
|-sideend|p1: m5322|move: Light Screen
|upkeep
|turn|11
|
|t:|1781125570
|move|p1a: Deoxys|Reflect|p1a: Deoxys
|-sidestart|p1: m5322|Reflect
|move|p2a: Ting-Lu|Earthquake|p1a: Deoxys
|-damage|p1a: Deoxys|0 fnt
|faint|p1a: Deoxys
|
|upkeep
|
|t:|1781125576
|switch|p1a: Moltres|Moltres-Galar|100/100
|turn|12
|
|t:|1781125580
|move|p1a: Moltres|Nasty Plot|p1a: Moltres
|-boost|p1a: Moltres|spa|2
|move|p2a: Ting-Lu|Ruination|p1a: Moltres
|-damage|p1a: Moltres|50/100
|-ability|p1a: Moltres|Berserk|boost
|-boost|p1a: Moltres|spa|1
|-enditem|p1a: Moltres|Sitrus Berry|[eat]
|-heal|p1a: Moltres|75/100|[from] item: Sitrus Berry
|
|-end|p2a: Ting-Lu|move: Taunt
|upkeep
|turn|13
|
|t:|1781125584
|move|p1a: Moltres|Hurricane|p2a: Ting-Lu
|-crit|p2a: Ting-Lu
|-damage|p2a: Ting-Lu|20/100
|-start|p2a: Ting-Lu|confusion
|-activate|p2a: Ting-Lu|confusion
|-damage|p2a: Ting-Lu|15/100|[from] confusion
|
|-heal|p2a: Ting-Lu|21/100|[from] item: Leftovers
|upkeep
|turn|14
|
|t:|1781125591
|switch|p2a: Clodsire|Clodsire, F|100/100
|move|p1a: Moltres|Fiery Wrath|p2a: Clodsire
|-damage|p2a: Clodsire|78/100
|
|-heal|p2a: Clodsire|84/100|[from] item: Leftovers
|upkeep
|turn|15
|
|t:|1781125601
|switch|p1a: Glimmora|Glimmora, F|100/100
|switch|p2a: Garganacl|Garganacl, F|100/100
|
|upkeep
|turn|16
|
|t:|1781125606
|switch|p2a: Clodsire|Clodsire, F|84/100
|move|p1a: Glimmora|Earth Power|p2a: Clodsire
|-supereffective|p2a: Clodsire
|-damage|p2a: Clodsire|50/100
|
|-heal|p2a: Clodsire|57/100|[from] item: Leftovers
|upkeep
|turn|17
|
|t:|1781125613
|move|p1a: Glimmora|Earth Power|p2a: Clodsire
|-supereffective|p2a: Clodsire
|-damage|p2a: Clodsire|23/100
|move|p2a: Clodsire|Recover|p2a: Clodsire
|-heal|p2a: Clodsire|73/100
|
|-heal|p2a: Clodsire|79/100|[from] item: Leftovers
|upkeep
|turn|18
|
|t:|1781125618
|move|p1a: Glimmora|Stealth Rock|p2a: Clodsire
|-sidestart|p2: KurisuChestnutOU|move: Stealth Rock
|move|p2a: Clodsire|Earthquake|p1a: Glimmora
|-supereffective|p1a: Glimmora
|-damage|p1a: Glimmora|31/100
|-activate|p1a: Glimmora|ability: Toxic Debris
|-sidestart|p2: KurisuChestnutOU|move: Toxic Spikes
|
|-heal|p2a: Clodsire|86/100|[from] item: Leftovers
|-sideend|p1: m5322|Reflect
|upkeep
|turn|19
|
|t:|1781125630
|move|p1a: Glimmora|Meteor Beam||[still]
|-prepare|p1a: Glimmora|Meteor Beam
|-boost|p1a: Glimmora|spa|1
|-enditem|p1a: Glimmora|Power Herb
|-anim|p1a: Glimmora|Meteor Beam|p2a: Clodsire|[miss]
|-miss|p1a: Glimmora|p2a: Clodsire
|move|p2a: Clodsire|Earthquake|p1a: Glimmora
|-supereffective|p1a: Glimmora
|-damage|p1a: Glimmora|0 fnt
|-activate|p1a: Glimmora|ability: Toxic Debris
|-sidestart|p2: KurisuChestnutOU|move: Toxic Spikes
|faint|p1a: Glimmora
|
|-heal|p2a: Clodsire|92/100|[from] item: Leftovers
|upkeep
|
|t:|1781125634
|switch|p1a: Ceruledge|Ceruledge, F|100/100
|turn|20
|
|t:|1781125641
|switch|p2a: Garganacl|Garganacl, F|100/100
|-damage|p2a: Garganacl|88/100|[from] Stealth Rock
|-terastallize|p1a: Ceruledge|Ghost
|move|p1a: Ceruledge|Swords Dance|p1a: Ceruledge
|-boost|p1a: Ceruledge|atk|2
|
|-heal|p2a: Garganacl|94/100|[from] item: Leftovers
|upkeep
|turn|21
|
|t:|1781125645
|move|p1a: Ceruledge|Poltergeist|p2a: Garganacl
|-activate|p2a: Garganacl|move: Poltergeist|Leftovers
|-damage|p2a: Garganacl|20/100
|-damage|p1a: Ceruledge|91/100|[from] item: Life Orb
|move|p2a: Garganacl|Salt Cure|p1a: Ceruledge
|-damage|p1a: Ceruledge|74/100
|-start|p1a: Ceruledge|Salt Cure
|-ability|p1a: Ceruledge|Weak Armor|boost
|-unboost|p1a: Ceruledge|def|1
|-boost|p1a: Ceruledge|spe|2
|
|-heal|p2a: Garganacl|26/100|[from] item: Leftovers
|-damage|p1a: Ceruledge|61/100|[from] Salt Cure
|upkeep
|turn|22
|
|t:|1781125657
|switch|p1a: Zamazenta|Zamazenta|100/100
|-ability|p1a: Zamazenta|Dauntless Shield|boost
|-boost|p1a: Zamazenta|def|1
|move|p2a: Garganacl|Protect||[still]
|-fail|p2a: Garganacl
|
|-heal|p2a: Garganacl|32/100|[from] item: Leftovers
|upkeep
|turn|23
|
|t:|1781125662
|move|p2a: Garganacl|Protect|p2a: Garganacl
|-singleturn|p2a: Garganacl|Protect
|move|p1a: Zamazenta|Body Press|p2a: Garganacl
|-activate|p2a: Garganacl|move: Protect
|
|-heal|p2a: Garganacl|38/100|[from] item: Leftovers
|upkeep
|turn|24
|
|t:|1781125668
|-terastallize|p2a: Garganacl|Water
|move|p1a: Zamazenta|Substitute|p1a: Zamazenta
|-start|p1a: Zamazenta|Substitute
|-damage|p1a: Zamazenta|76/100
|move|p2a: Garganacl|Recover|p2a: Garganacl
|-heal|p2a: Garganacl|88/100
|
|-heal|p1a: Zamazenta|82/100|[from] item: Leftovers
|-heal|p2a: Garganacl|94/100|[from] item: Leftovers
|upkeep
|turn|25
|
|t:|1781125673
|move|p1a: Zamazenta|Iron Defense|p1a: Zamazenta
|-boost|p1a: Zamazenta|def|2
|move|p2a: Garganacl|Salt Cure|p1a: Zamazenta
|-resisted|p1a: Zamazenta
|-activate|p1a: Zamazenta|move: Substitute|[damage]
|
|-heal|p1a: Zamazenta|88/100|[from] item: Leftovers
|-heal|p2a: Garganacl|100/100|[from] item: Leftovers
|upkeep
|turn|26
|l| blackgokuking
|
|t:|1781125678
|switch|p2a: Clodsire|Clodsire, F|92/100
|-damage|p2a: Clodsire|86/100|[from] Stealth Rock
|-sideend|p2: KurisuChestnutOU|move: Toxic Spikes|[of] p2a: Clodsire
|move|p1a: Zamazenta|Body Press|p2a: Clodsire
|-resisted|p2a: Clodsire
|-damage|p2a: Clodsire|65/100
|
|-heal|p1a: Zamazenta|94/100|[from] item: Leftovers
|-heal|p2a: Clodsire|71/100|[from] item: Leftovers
|upkeep
|turn|27
|
|t:|1781125682
|move|p1a: Zamazenta|Heavy Slam|p2a: Clodsire
|-damage|p2a: Clodsire|60/100
|move|p2a: Clodsire|Toxic||[still]
|-fail|p2a: Clodsire
|
|-heal|p1a: Zamazenta|99/100|[from] item: Leftovers
|-heal|p2a: Clodsire|66/100|[from] item: Leftovers
|upkeep
|turn|28
|
|t:|1781125686
|move|p1a: Zamazenta|Body Press|p2a: Clodsire
|-resisted|p2a: Clodsire
|-damage|p2a: Clodsire|46/100
|move|p2a: Clodsire|Toxic||[still]
|-fail|p2a: Clodsire
|
|-heal|p1a: Zamazenta|100/100|[from] item: Leftovers
|-heal|p2a: Clodsire|52/100|[from] item: Leftovers
|upkeep
|turn|29
|
|t:|1781125691
|move|p1a: Zamazenta|Iron Defense|p1a: Zamazenta
|-boost|p1a: Zamazenta|def|2
|move|p2a: Clodsire|Recover|p2a: Clodsire
|-heal|p2a: Clodsire|100/100
|
|upkeep
|turn|30
|
|t:|1781125696
|move|p1a: Zamazenta|Body Press|p2a: Clodsire
|-resisted|p2a: Clodsire
|-damage|p2a: Clodsire|80/100
|move|p2a: Clodsire|Earthquake|p1a: Zamazenta
|-activate|p1a: Zamazenta|move: Substitute|[damage]
|
|-heal|p2a: Clodsire|86/100|[from] item: Leftovers
|upkeep
|turn|31
|
|t:|1781125700
|move|p1a: Zamazenta|Heavy Slam|p2a: Clodsire
|-damage|p2a: Clodsire|74/100
|move|p2a: Clodsire|Earthquake|p1a: Zamazenta
|-end|p1a: Zamazenta|Substitute
|
|-heal|p2a: Clodsire|80/100|[from] item: Leftovers
|upkeep
|turn|32
|
|t:|1781125705
|move|p1a: Zamazenta|Substitute|p1a: Zamazenta
|-start|p1a: Zamazenta|Substitute
|-damage|p1a: Zamazenta|76/100
|move|p2a: Clodsire|Earthquake|p1a: Zamazenta
|-activate|p1a: Zamazenta|move: Substitute|[damage]
|
|-heal|p1a: Zamazenta|82/100|[from] item: Leftovers
|-heal|p2a: Clodsire|86/100|[from] item: Leftovers
|upkeep
|turn|33
|
|t:|1781125711
|move|p1a: Zamazenta|Heavy Slam|p2a: Clodsire
|-damage|p2a: Clodsire|75/100
|move|p2a: Clodsire|Earthquake|p1a: Zamazenta
|-end|p1a: Zamazenta|Substitute
|
|-heal|p1a: Zamazenta|88/100|[from] item: Leftovers
|-heal|p2a: Clodsire|82/100|[from] item: Leftovers
|upkeep
|turn|34
|
|t:|1781125718
|move|p1a: Zamazenta|Substitute|p1a: Zamazenta
|-start|p1a: Zamazenta|Substitute
|-damage|p1a: Zamazenta|63/100
|move|p2a: Clodsire|Earthquake|p1a: Zamazenta
|-activate|p1a: Zamazenta|move: Substitute|[damage]
|
|-heal|p1a: Zamazenta|69/100|[from] item: Leftovers
|-heal|p2a: Clodsire|88/100|[from] item: Leftovers
|upkeep
|turn|35
|
|t:|1781125721
|move|p1a: Zamazenta|Heavy Slam|p2a: Clodsire
|-damage|p2a: Clodsire|76/100
|move|p2a: Clodsire|Earthquake|p1a: Zamazenta
|-end|p1a: Zamazenta|Substitute
|
|-heal|p1a: Zamazenta|75/100|[from] item: Leftovers
|-heal|p2a: Clodsire|82/100|[from] item: Leftovers
|upkeep
|turn|36
|
|t:|1781125725
|move|p1a: Zamazenta|Substitute|p1a: Zamazenta
|-start|p1a: Zamazenta|Substitute
|-damage|p1a: Zamazenta|50/100
|move|p2a: Clodsire|Earthquake|p1a: Zamazenta
|-activate|p1a: Zamazenta|move: Substitute|[damage]
|
|-heal|p1a: Zamazenta|56/100|[from] item: Leftovers
|-heal|p2a: Clodsire|89/100|[from] item: Leftovers
|upkeep
|turn|37
|
|t:|1781125730
|move|p1a: Zamazenta|Heavy Slam|p2a: Clodsire
|-damage|p2a: Clodsire|77/100
|move|p2a: Clodsire|Earthquake|p1a: Zamazenta
|-end|p1a: Zamazenta|Substitute
|
|-heal|p1a: Zamazenta|63/100|[from] item: Leftovers
|-heal|p2a: Clodsire|83/100|[from] item: Leftovers
|upkeep
|turn|38
|
|t:|1781125735
|move|p1a: Zamazenta|Body Press|p2a: Clodsire
|-resisted|p2a: Clodsire
|-damage|p2a: Clodsire|64/100
|move|p2a: Clodsire|Earthquake|p1a: Zamazenta
|-damage|p1a: Zamazenta|44/100
|
|-heal|p1a: Zamazenta|50/100|[from] item: Leftovers
|-heal|p2a: Clodsire|70/100|[from] item: Leftovers
|upkeep
|turn|39
|
|t:|1781125740
|move|p1a: Zamazenta|Substitute|p1a: Zamazenta
|-start|p1a: Zamazenta|Substitute
|-damage|p1a: Zamazenta|25/100
|move|p2a: Clodsire|Toxic||[still]
|-fail|p2a: Clodsire
|
|-heal|p1a: Zamazenta|31/100|[from] item: Leftovers
|-heal|p2a: Clodsire|76/100|[from] item: Leftovers
|upkeep
|turn|40
|
|t:|1781125745
|switch|p2a: Dragapult|Dragapult, F|100/100
|move|p1a: Zamazenta|Body Press|p2a: Dragapult
|-immune|p2a: Dragapult
|
|-heal|p1a: Zamazenta|37/100|[from] item: Leftovers
|upkeep
|turn|41
|
|t:|1781125749
|move|p2a: Dragapult|Shadow Ball|p1a: Zamazenta
|-damage|p1a: Zamazenta|5/100
|move|p1a: Zamazenta|Heavy Slam|p2a: Dragapult
|-damage|p2a: Dragapult|63/100
|
|-heal|p1a: Zamazenta|11/100|[from] item: Leftovers
|upkeep
|turn|42
|
|t:|1781125758
|move|p2a: Dragapult|Flamethrower|p1a: Zamazenta
|-damage|p1a: Zamazenta|0 fnt
|faint|p1a: Zamazenta
|
|upkeep
|
|t:|1781125760
|switch|p1a: Ceruledge|Ceruledge, F, tera:Ghost|61/100
|turn|43
|
|t:|1781125766
|move|p1a: Ceruledge|Shadow Sneak|p2a: Dragapult
|-supereffective|p2a: Dragapult
|-damage|p2a: Dragapult|0 fnt
|faint|p2a: Dragapult
|-damage|p1a: Ceruledge|52/100|[from] item: Life Orb
|
|upkeep
|
|t:|1781125769
|switch|p2a: Garganacl|Garganacl, F, tera:Water|100/100
|-damage|p2a: Garganacl|88/100|[from] Stealth Rock
|turn|44
|
|t:|1781125776
|move|p1a: Ceruledge|Poltergeist|p2a: Garganacl
|-activate|p2a: Garganacl|move: Poltergeist|Leftovers
|-damage|p2a: Garganacl|54/100
|-damage|p1a: Ceruledge|42/100|[from] item: Life Orb
|move|p2a: Garganacl|Salt Cure|p1a: Ceruledge
|-damage|p1a: Ceruledge|25/100
|-start|p1a: Ceruledge|Salt Cure
|-ability|p1a: Ceruledge|Weak Armor|boost
|-unboost|p1a: Ceruledge|def|1
|-boost|p1a: Ceruledge|spe|2
|
|-heal|p2a: Garganacl|60/100|[from] item: Leftovers
|-damage|p1a: Ceruledge|13/100|[from] Salt Cure
|upkeep
|turn|45
|
|t:|1781125782
|switch|p1a: Moltres|Moltres-Galar|75/100
|move|p2a: Garganacl|Recover|p2a: Garganacl
|-heal|p2a: Garganacl|100/100
|
|upkeep
|turn|46
|
|t:|1781125789
|move|p1a: Moltres|Nasty Plot|p1a: Moltres
|-boost|p1a: Moltres|spa|2
|move|p2a: Garganacl|Salt Cure|p1a: Moltres
|-supereffective|p1a: Moltres
|-damage|p1a: Moltres|42/100
|-start|p1a: Moltres|Salt Cure
|-ability|p1a: Moltres|Berserk|boost
|-boost|p1a: Moltres|spa|1
|
|-damage|p1a: Moltres|30/100|[from] Salt Cure
|upkeep
|turn|47
|
|t:|1781125793
|move|p1a: Moltres|Hurricane|p2a: Garganacl
|-damage|p2a: Garganacl|9/100
|move|p2a: Garganacl|Salt Cure|p1a: Moltres
|-supereffective|p1a: Moltres
|-damage|p1a: Moltres|0 fnt
|faint|p1a: Moltres
|
|-heal|p2a: Garganacl|15/100|[from] item: Leftovers
|upkeep
|
|t:|1781125797
|switch|p1a: Ceruledge|Ceruledge, F, tera:Ghost|13/100
|turn|48
|
|t:|1781125800
|move|p1a: Ceruledge|Bitter Blade|p2a: Garganacl
|-resisted|p2a: Garganacl
|-damage|p2a: Garganacl|0 fnt
|-heal|p1a: Ceruledge|22/100|[from] drain|[of] p2a: Garganacl
|faint|p2a: Garganacl
|-damage|p1a: Ceruledge|12/100|[from] item: Life Orb
|
|upkeep
|
|t:|1781125803
|switch|p2a: Moltres|Moltres|100/100
|turn|49
|
|t:|1781125808
|move|p1a: Ceruledge|Poltergeist|p2a: Moltres
|-activate|p2a: Moltres|move: Poltergeist|Heavy-Duty Boots
|-damage|p2a: Moltres|31/100
|-damage|p1a: Ceruledge|3/100|[from] item: Life Orb
|move|p2a: Moltres|Flamethrower|p1a: Ceruledge
|-damage|p1a: Ceruledge|0 fnt
|faint|p1a: Ceruledge
|
|win|KurisuChestnutOU
|raw|m5322's rating: 1553 &rarr; <strong>1534</strong><br />(-19 for losing)
|raw|KurisuChestnutOU's rating: 1570 &rarr; <strong>1589</strong><br />(+19 for winning)
