|j|☆meio_potato
|j|☆LanceStern
|t:|1781037191
|gametype|singles
|player|p1|meio_potato|hilda-wonderlauncher|1603
|player|p2|LanceStern|brock|1580
|gen|9
|tier|[Gen 9] OU
|rated|
|rule|HP Percentage Mod: HP is shown in percentages
|rule|Endless Battle Clause: Forcing endless battles is banned
|rule|Species Clause: Limit one of each Pokémon
|rule|OHKO Clause: OHKO moves are banned
|rule|Evasion Items Clause: Evasion items are banned
|rule|Evasion Moves Clause: Evasion moves are banned
|rule|Evasion Abilities Clause: Evasion abilities are banned
|rule|Sleep Moves Clause: Sleep-inducing moves are banned
|clearpoke
|poke|p1|Latias, F|
|poke|p1|Polteageist|
|poke|p1|Zamazenta-*|
|poke|p1|Kingambit, M|
|poke|p1|Ogerpon-Wellspring, F|
|poke|p1|Iron Moth|
|poke|p2|Deoxys-Speed|
|poke|p2|Iron Moth|
|poke|p2|Samurott-Hisui, F|
|poke|p2|Great Tusk|
|poke|p2|Scizor, M|
|poke|p2|Sinistcha-Masterpiece|
|teampreview
|inactive|Battle timer is ON: inactive players will automatically lose when time's up. (requested by meio_potato)
|
|t:|1781037199
|teamsize|p1|6
|teamsize|p2|6
|start
|switch|p1a: Polteageist|Polteageist|100/100
|switch|p2a: Scizor|Scizor, M|100/100
|turn|1
|
|t:|1781037204
|move|p2a: Scizor|Bullet Punch|p1a: Polteageist
|-damage|p1a: Polteageist|8/100
|-ability|p1a: Polteageist|Weak Armor|boost
|-unboost|p1a: Polteageist|def|1
|-boost|p1a: Polteageist|spe|2
|move|p1a: Polteageist|Shadow Ball|p2a: Scizor
|-damage|p2a: Scizor|47/100
|-unboost|p2a: Scizor|spd|1
|
|upkeep
|turn|2
|
|t:|1781037211
|move|p2a: Scizor|Bullet Punch|p1a: Polteageist
|-damage|p1a: Polteageist|0 fnt
|faint|p1a: Polteageist
|
|upkeep
|
|t:|1781037213
|switch|p1a: Iron Moth|Iron Moth|100/100
|turn|3
|
|t:|1781037228
|move|p2a: Scizor|Bullet Punch|p1a: Iron Moth
|-resisted|p1a: Iron Moth
|-damage|p1a: Iron Moth|59/100
|move|p1a: Iron Moth|Fiery Dance|p2a: Scizor
|-supereffective|p2a: Scizor
|-damage|p2a: Scizor|0 fnt
|-boost|p1a: Iron Moth|spa|1
|faint|p2a: Scizor
|
|upkeep
|
|t:|1781037234
|switch|p2a: Deoxys|Deoxys-Speed|100/100
|-ability|p2a: Deoxys|Pressure
|turn|4
|
|t:|1781037236
|move|p2a: Deoxys|Psychic|p1a: Iron Moth
|-supereffective|p1a: Iron Moth
|-damage|p1a: Iron Moth|0 fnt
|faint|p1a: Iron Moth
|-end|p1a: Iron Moth|Quark Drive|[silent]
|
|upkeep
|
|t:|1781037238
|switch|p1a: Kingambit|Kingambit, M|100/100
|turn|5
|
|t:|1781037242
|-terastallize|p2a: Deoxys|Fighting
|move|p2a: Deoxys|Superpower|p1a: Kingambit
|-supereffective|p1a: Kingambit
|-damage|p1a: Kingambit|0 fnt
|-unboost|p2a: Deoxys|atk|1
|-unboost|p2a: Deoxys|def|1
|faint|p1a: Kingambit
|
|upkeep
|
|t:|1781037247
|switch|p1a: Latias|Latias, F|100/100
|turn|6
|
|t:|1781037250
|switch|p2a: Samurott|Samurott-Hisui, F|100/100
|move|p1a: Latias|Agility|p1a: Latias
|-boost|p1a: Latias|spe|2
|
|upkeep
|turn|7
|
|t:|1781037252
|move|p1a: Latias|Calm Mind|p1a: Latias
|-boost|p1a: Latias|spa|1
|-boost|p1a: Latias|spd|1
|move|p2a: Samurott|Encore|p1a: Latias
|-start|p1a: Latias|Encore
|
|upkeep
|turn|8
|
|t:|1781037254
|move|p1a: Latias|Calm Mind|p1a: Latias
|-boost|p1a: Latias|spa|1
|-boost|p1a: Latias|spd|1
|move|p2a: Samurott|Ceaseless Edge|p1a: Latias
|-supereffective|p1a: Latias
|-damage|p1a: Latias|22/100
|-enditem|p1a: Latias|Weakness Policy
|-boost|p1a: Latias|atk|2|[from] item: Weakness Policy
|-boost|p1a: Latias|spa|2|[from] item: Weakness Policy
|-sidestart|p1: meio_potato|Spikes
|
|upkeep
|turn|9
|
|t:|1781037264
|move|p1a: Latias|Calm Mind|p1a: Latias
|-boost|p1a: Latias|spa|1
|-boost|p1a: Latias|spd|1
|move|p2a: Samurott|Ceaseless Edge|p1a: Latias
|-supereffective|p1a: Latias
|-damage|p1a: Latias|0 fnt
|-sidestart|p1: meio_potato|Spikes
|faint|p1a: Latias
|
|upkeep
|
|t:|1781037266
|switch|p1a: Zamazenta|Zamazenta|100/100
|-damage|p1a: Zamazenta|84/100|[from] Spikes
|-ability|p1a: Zamazenta|Dauntless Shield|boost
|-boost|p1a: Zamazenta|def|1
|turn|10
|
|t:|1781037276
|switch|p2a: Sinistcha|Sinistcha-Masterpiece|100/100
|move|p1a: Zamazenta|Iron Defense|p1a: Zamazenta
|-boost|p1a: Zamazenta|def|2
|
|-heal|p1a: Zamazenta|90/100|[from] item: Leftovers
|upkeep
|turn|11
|
|t:|1781037282
|-terastallize|p1a: Zamazenta|Fire
|move|p1a: Zamazenta|Crunch|p2a: Sinistcha
|-supereffective|p2a: Sinistcha
|-damage|p2a: Sinistcha|59/100
|move|p2a: Sinistcha|Strength Sap|p1a: Zamazenta
|-unboost|p1a: Zamazenta|atk|1
|-heal|p2a: Sinistcha|100/100
|
|-heal|p1a: Zamazenta|96/100|[from] item: Leftovers
|upkeep
|turn|12
|
|t:|1781037286
|move|p2a: Sinistcha|Shadow Ball|p1a: Zamazenta
|-damage|p1a: Zamazenta|60/100
|-unboost|p1a: Zamazenta|spd|1
|move|p1a: Zamazenta|Roar|p2a: Sinistcha
|drag|p2a: Great Tusk|Great Tusk|100/100
|
|-heal|p1a: Zamazenta|66/100|[from] item: Leftovers
|upkeep
|turn|13
|
|t:|1781037295
|-end|p2a: Great Tusk|Protosynthesis|[silent]
|switch|p2a: Sinistcha|Sinistcha-Masterpiece|100/100
|move|p1a: Zamazenta|Body Press|p2a: Sinistcha
|-immune|p2a: Sinistcha
|
|-heal|p1a: Zamazenta|72/100|[from] item: Leftovers
|upkeep
|turn|14
|
|t:|1781037299
|move|p1a: Zamazenta|Crunch|p2a: Sinistcha
|-supereffective|p2a: Sinistcha
|-damage|p2a: Sinistcha|73/100
|move|p2a: Sinistcha|Strength Sap|p1a: Zamazenta
|-unboost|p1a: Zamazenta|atk|1
|-heal|p2a: Sinistcha|100/100
|
|-heal|p1a: Zamazenta|78/100|[from] item: Leftovers
|upkeep
|turn|15
|inactive|meio_potato has 120 seconds left.
|
|t:|1781037336
|move|p1a: Zamazenta|Crunch|p2a: Sinistcha
|-supereffective|p2a: Sinistcha
|-crit|p2a: Sinistcha
|-damage|p2a: Sinistcha|38/100
|move|p2a: Sinistcha|Shadow Ball|p1a: Zamazenta
|-damage|p1a: Zamazenta|28/100
|
|-heal|p1a: Zamazenta|34/100|[from] item: Leftovers
|upkeep
|turn|16
|inactive|LanceStern has 120 seconds left.
|inactive|LanceStern has 90 seconds left.
|
|t:|1781037415
|move|p1a: Zamazenta|Crunch|p2a: Sinistcha
|-supereffective|p2a: Sinistcha
|-damage|p2a: Sinistcha|19/100
|move|p2a: Sinistcha|Strength Sap|p1a: Zamazenta
|-unboost|p1a: Zamazenta|atk|1
|-heal|p2a: Sinistcha|68/100
|
|-heal|p1a: Zamazenta|40/100|[from] item: Leftovers
|upkeep
|turn|17
|
|t:|1781037418
|move|p1a: Zamazenta|Crunch|p2a: Sinistcha
|-supereffective|p2a: Sinistcha
|-crit|p2a: Sinistcha
|-damage|p2a: Sinistcha|4/100
|move|p2a: Sinistcha|Trick Room|p2a: Sinistcha
|-fieldstart|move: Trick Room|[of] p2a: Sinistcha
|
|-heal|p1a: Zamazenta|47/100|[from] item: Leftovers
|upkeep
|turn|18
|
|t:|1781037422
|move|p2a: Sinistcha|Strength Sap|p1a: Zamazenta
|-unboost|p1a: Zamazenta|atk|1
|-heal|p2a: Sinistcha|43/100
|move|p1a: Zamazenta|Crunch|p2a: Sinistcha
|-supereffective|p2a: Sinistcha
|-damage|p2a: Sinistcha|30/100
|
|-heal|p1a: Zamazenta|53/100|[from] item: Leftovers
|upkeep
|turn|19
|
|t:|1781037424
|move|p2a: Sinistcha|Shadow Ball|p1a: Zamazenta
|-damage|p1a: Zamazenta|2/100
|move|p1a: Zamazenta|Crunch|p2a: Sinistcha
|-supereffective|p2a: Sinistcha
|-damage|p2a: Sinistcha|17/100
|
|-heal|p1a: Zamazenta|8/100|[from] item: Leftovers
|upkeep
|turn|20
|
|t:|1781037429
|move|p2a: Sinistcha|Shadow Ball|p1a: Zamazenta
|-damage|p1a: Zamazenta|0 fnt
|faint|p1a: Zamazenta
|
|upkeep
|
|t:|1781037432
|switch|p1a: Ogerpon|Ogerpon-Wellspring, F|100/100
|-damage|p1a: Ogerpon|84/100|[from] Spikes
|turn|21
|
|t:|1781037434
|move|p2a: Sinistcha|Strength Sap|p1a: Ogerpon
|-unboost|p1a: Ogerpon|atk|1
|-heal|p2a: Sinistcha|100/100
|move|p1a: Ogerpon|Swords Dance|p1a: Ogerpon
|-boost|p1a: Ogerpon|atk|2
|
|-fieldend|move: Trick Room
|upkeep
|turn|22
|
|t:|1781037436
|move|p1a: Ogerpon|Knock Off|p2a: Sinistcha
|-supereffective|p2a: Sinistcha
|-damage|p2a: Sinistcha|7/100
|-enditem|p2a: Sinistcha|Covert Cloak|[from] move: Knock Off|[of] p1a: Ogerpon
|move|p2a: Sinistcha|Trick Room|p2a: Sinistcha
|-fieldstart|move: Trick Room|[of] p2a: Sinistcha
|
|upkeep
|turn|23
|
|t:|1781037442
|move|p2a: Sinistcha|Strength Sap|p1a: Ogerpon
|-unboost|p1a: Ogerpon|atk|1
|-heal|p2a: Sinistcha|100/100
|move|p1a: Ogerpon|Horn Leech|p2a: Sinistcha
|-resisted|p2a: Sinistcha
|-damage|p2a: Sinistcha|84/100
|-heal|p1a: Ogerpon|93/100|[from] drain|[of] p2a: Sinistcha
|
|upkeep
|turn|24
|
|t:|1781037445
|move|p2a: Sinistcha|Matcha Gotcha|p1a: Ogerpon
|-damage|p1a: Ogerpon|53/100
|-heal|p2a: Sinistcha|100/100|[from] drain|[of] p1a: Ogerpon
|move|p1a: Ogerpon|Swords Dance|p1a: Ogerpon
|-boost|p1a: Ogerpon|atk|2
|
|upkeep
|turn|25
|
|t:|1781037452
|move|p2a: Sinistcha|Shadow Ball|p1a: Ogerpon
|-damage|p1a: Ogerpon|13/100
|move|p1a: Ogerpon|Knock Off|p2a: Sinistcha
|-supereffective|p2a: Sinistcha
|-damage|p2a: Sinistcha|27/100
|
|upkeep
|turn|26
|inactive|meio_potato has 120 seconds left.
|
|t:|1781037483
|move|p2a: Sinistcha|Shadow Ball|p1a: Ogerpon
|-damage|p1a: Ogerpon|0 fnt
|faint|p1a: Ogerpon
|
|win|LanceStern
|raw|meio_potato's rating: 1580 &rarr; <strong>1560</strong><br />(-20 for losing)
|raw|LanceStern's rating: 1580 &rarr; <strong>1600</strong><br />(+20 for winning)
|l|☆meio_potato
|player|p1|
