|j|☆yangtao
|j|☆Aeybees
|t:|1780997384
|gametype|singles
|player|p1|yangtao|reporter|1548
|player|p2|Aeybees|scientist|1627
|gen|9
|tier|[Gen 9] OU
|rated|
|rule|HP Percentage Mod: HP is shown in percentages
|rule|Endless Battle Clause: Forcing endless battles is banned
|rule|Species Clause: Limit one of each Pokémon
|rule|OHKO Clause: OHKO moves are banned
|rule|Evasion Items Clause: Evasion items are banned
|rule|Evasion Moves Clause: Evasion moves are banned
|rule|Evasion Abilities Clause: Evasion abilities are banned
|rule|Sleep Moves Clause: Sleep-inducing moves are banned
|clearpoke
|poke|p1|Hydreigon, F|
|poke|p1|Fezandipiti, M|
|poke|p1|Scizor, M|
|poke|p1|Ogerpon-Wellspring, F|
|poke|p1|Gliscor, M|
|poke|p1|Iron Moth|
|poke|p2|Zamazenta-*|
|poke|p2|Iron Hands|
|poke|p2|Ceruledge, F|
|poke|p2|Iron Valiant|
|poke|p2|Deoxys-Speed|
|poke|p2|Glimmora, F|
|teampreview
|inactive|Battle timer is ON: inactive players will automatically lose when time's up. (requested by Aeybees)
|
|t:|1780997393
|teamsize|p1|6
|teamsize|p2|6
|start
|switch|p1a: Scizor|Scizor, M|100/100
|switch|p2a: Deoxys|Deoxys-Speed|100/100
|-ability|p2a: Deoxys|Pressure
|turn|1
|j| lord shiddenfards
|
|t:|1780997408
|move|p2a: Deoxys|Reflect|p2a: Deoxys
|-sidestart|p2: Aeybees|Reflect
|move|p1a: Scizor|U-turn|p2a: Deoxys
|-supereffective|p2a: Deoxys
|-damage|p2a: Deoxys|31/100
|
|t:|1780997413
|switch|p1a: Gliscor|Gliscor, M|100/100|[from] U-turn
|
|-status|p1a: Gliscor|tox|[from] item: Toxic Orb
|upkeep
|turn|2
|
|t:|1780997422
|move|p2a: Deoxys|Light Screen|p2a: Deoxys
|-sidestart|p2: Aeybees|move: Light Screen
|move|p1a: Gliscor|Stealth Rock|p2a: Deoxys
|-sidestart|p2: Aeybees|move: Stealth Rock
|
|upkeep
|turn|3
|inactive|yangtao has 120 seconds left.
|
|t:|1780997455
|move|p1a: Gliscor|Protect|p1a: Gliscor
|-singleturn|p1a: Gliscor|Protect
|move|p2a: Deoxys|Teleport|p2a: Deoxys
|
|t:|1780997466
|switch|p2a: Iron Hands|Iron Hands|100/100|[from] Teleport
|-damage|p2a: Iron Hands|94/100|[from] Stealth Rock
|-enditem|p2a: Iron Hands|Booster Energy
|-activate|p2a: Iron Hands|ability: Quark Drive|[fromitem]
|-start|p2a: Iron Hands|quarkdriveatk
|
|upkeep
|turn|4
|
|t:|1780997475
|switch|p1a: Scizor|Scizor, M|100/100
|move|p2a: Iron Hands|Ice Punch|p1a: Scizor
|-resisted|p1a: Scizor
|-damage|p1a: Scizor|80/100
|
|upkeep
|turn|5
|
|t:|1780997482
|switch|p1a: Gliscor|Gliscor, M|100/100 tox
|move|p2a: Iron Hands|Supercell Slam|p1a: Gliscor
|-immune|p1a: Gliscor
|-damage|p2a: Iron Hands|44/100|[from] supercellslam
|
|upkeep
|turn|6
|
|t:|1780997487
|move|p1a: Gliscor|Protect|p1a: Gliscor
|-singleturn|p1a: Gliscor|Protect
|move|p2a: Iron Hands|Ice Punch|p1a: Gliscor
|-activate|p1a: Gliscor|move: Protect
|
|upkeep
|turn|7
|
|t:|1780997493
|move|p1a: Gliscor|Earthquake|p2a: Iron Hands
|-supereffective|p2a: Iron Hands
|-damage|p2a: Iron Hands|19/100
|move|p2a: Iron Hands|Ice Punch|p1a: Gliscor
|-supereffective|p1a: Gliscor
|-damage|p1a: Gliscor|0 fnt
|faint|p1a: Gliscor
|
|upkeep
|
|t:|1780997500
|switch|p1a: Ogerpon|Ogerpon-Wellspring, F|100/100
|turn|8
|
|t:|1780997504
|move|p1a: Ogerpon|Ivy Cudgel|p2a: Iron Hands|[anim] Ivy Cudgel Water
|-damage|p2a: Iron Hands|0 fnt
|faint|p2a: Iron Hands
|-end|p2a: Iron Hands|Quark Drive|[silent]
|
|-sideend|p2: Aeybees|Reflect
|upkeep
|
|t:|1780997516
|switch|p2a: Deoxys|Deoxys-Speed|31/100
|-damage|p2a: Deoxys|19/100|[from] Stealth Rock
|-ability|p2a: Deoxys|Pressure
|turn|9
|
|t:|1780997523
|move|p2a: Deoxys|Reflect|p2a: Deoxys
|-sidestart|p2: Aeybees|Reflect
|move|p1a: Ogerpon|Encore|p2a: Deoxys
|-start|p2a: Deoxys|Encore
|
|-sideend|p2: Aeybees|move: Light Screen
|upkeep
|turn|10
|
|t:|1780997529
|switch|p2a: Zamazenta|Zamazenta|100/100
|-damage|p2a: Zamazenta|94/100|[from] Stealth Rock
|-ability|p2a: Zamazenta|Dauntless Shield|boost
|-boost|p2a: Zamazenta|def|1
|move|p1a: Ogerpon|Swords Dance|p1a: Ogerpon
|-boost|p1a: Ogerpon|atk|2
|
|-heal|p2a: Zamazenta|100/100|[from] item: Leftovers
|upkeep
|turn|11
|
|t:|1780997539
|move|p2a: Zamazenta|Iron Defense|p2a: Zamazenta
|-boost|p2a: Zamazenta|def|2
|move|p1a: Ogerpon|Ivy Cudgel|p2a: Zamazenta|[anim] Ivy Cudgel Water
|-damage|p2a: Zamazenta|81/100
|
|-heal|p2a: Zamazenta|87/100|[from] item: Leftovers
|upkeep
|turn|12
|
|t:|1780997548
|switch|p1a: Fezandipiti|Fezandipiti, M|100/100
|move|p2a: Zamazenta|Body Press|p1a: Fezandipiti
|-resisted|p1a: Fezandipiti
|-damage|p1a: Fezandipiti|82/100
|
|-heal|p2a: Zamazenta|93/100|[from] item: Leftovers
|upkeep
|turn|13
|
|t:|1780997556
|-terastallize|p2a: Zamazenta|Steel
|move|p2a: Zamazenta|Heavy Slam|p1a: Fezandipiti
|-supereffective|p1a: Fezandipiti
|-damage|p1a: Fezandipiti|0 fnt
|faint|p1a: Fezandipiti
|
|-heal|p2a: Zamazenta|99/100|[from] item: Leftovers
|upkeep
|
|t:|1780997560
|switch|p1a: Iron Moth|Iron Moth|100/100
|turn|14
|
|t:|1780997571
|switch|p2a: Glimmora|Glimmora, F|100/100
|-damage|p2a: Glimmora|88/100|[from] Stealth Rock
|move|p1a: Iron Moth|Fiery Dance|p2a: Glimmora
|-resisted|p2a: Glimmora
|-damage|p2a: Glimmora|65/100
|-boost|p1a: Iron Moth|spa|1
|-enditem|p2a: Glimmora|Red Card|[of] p1a: Iron Moth
|-end|p1a: Iron Moth|Quark Drive|[silent]
|drag|p1a: Scizor|Scizor, M|80/100
|
|upkeep
|turn|15
|
|t:|1780997582
|move|p1a: Scizor|Bullet Punch|p2a: Glimmora
|-supereffective|p2a: Glimmora
|-damage|p2a: Glimmora|27/100
|-activate|p2a: Glimmora|ability: Toxic Debris
|-sidestart|p1: yangtao|move: Toxic Spikes
|move|p2a: Glimmora|Stealth Rock|p1a: Scizor
|-sidestart|p1: yangtao|move: Stealth Rock
|
|upkeep
|turn|16
|
|t:|1780997591
|switch|p1a: Iron Moth|Iron Moth|100/100
|-sideend|p1: yangtao|move: Toxic Spikes|[of] p1a: Iron Moth
|move|p2a: Glimmora|Earth Power|p1a: Iron Moth
|-supereffective|p1a: Iron Moth
|-damage|p1a: Iron Moth|0 fnt
|faint|p1a: Iron Moth
|-end|p1a: Iron Moth|Quark Drive|[silent]
|
|-sideend|p2: Aeybees|Reflect
|upkeep
|
|t:|1780997594
|switch|p1a: Hydreigon|Hydreigon, F|100/100
|-damage|p1a: Hydreigon|88/100|[from] Stealth Rock
|turn|17
|
|t:|1780997602
|move|p1a: Hydreigon|Substitute|p1a: Hydreigon
|-start|p1a: Hydreigon|Substitute
|-damage|p1a: Hydreigon|63/100
|move|p2a: Glimmora|Mortal Spin|p1a: Hydreigon
|-activate|p1a: Hydreigon|move: Substitute|[damage]
|-sideend|p2: Aeybees|Stealth Rock|[from] move: Mortal Spin|[of] p2a: Glimmora
|
|-heal|p1a: Hydreigon|70/100|[from] item: Leftovers
|upkeep
|turn|18
|inactive|Aeybees has 120 seconds left.
|
|t:|1780997635
|switch|p2a: Zamazenta|Zamazenta, tera:Steel|99/100
|move|p1a: Hydreigon|Nasty Plot|p1a: Hydreigon
|-boost|p1a: Hydreigon|spa|2
|
|-heal|p2a: Zamazenta|100/100|[from] item: Leftovers
|-heal|p1a: Hydreigon|76/100|[from] item: Leftovers
|upkeep
|turn|19
|
|t:|1780997642
|move|p1a: Hydreigon|Fire Blast|p2a: Zamazenta
|-supereffective|p2a: Zamazenta
|-damage|p2a: Zamazenta|0 fnt
|faint|p2a: Zamazenta
|
|-heal|p1a: Hydreigon|82/100|[from] item: Leftovers
|upkeep
|
|t:|1780997652
|switch|p2a: Iron Valiant|Iron Valiant|100/100
|-enditem|p2a: Iron Valiant|Booster Energy
|-activate|p2a: Iron Valiant|ability: Quark Drive|[fromitem]
|-start|p2a: Iron Valiant|quarkdrivespe
|turn|20
|
|t:|1780997668
|move|p2a: Iron Valiant|Moonblast|p1a: Hydreigon
|-supereffective|p1a: Hydreigon
|-end|p1a: Hydreigon|Substitute
|move|p1a: Hydreigon|Fire Blast|p2a: Iron Valiant
|-damage|p2a: Iron Valiant|0 fnt
|faint|p2a: Iron Valiant
|-end|p2a: Iron Valiant|Quark Drive|[silent]
|
|-heal|p1a: Hydreigon|88/100|[from] item: Leftovers
|upkeep
|
|t:|1780997679
|switch|p2a: Ceruledge|Ceruledge, F|100/100
|turn|21
|inactive|Aeybees has 120 seconds left.
|
|t:|1780997695
|move|p1a: Hydreigon|Substitute|p1a: Hydreigon
|-start|p1a: Hydreigon|Substitute
|-damage|p1a: Hydreigon|63/100
|move|p2a: Ceruledge|Poltergeist|p1a: Hydreigon
|-activate|p1a: Hydreigon|move: Poltergeist|Leftovers
|-resisted|p1a: Hydreigon
|-end|p1a: Hydreigon|Substitute
|-damage|p2a: Ceruledge|91/100|[from] item: Life Orb
|
|-heal|p1a: Hydreigon|69/100|[from] item: Leftovers
|upkeep
|turn|22
|inactive|Aeybees has 120 seconds left.
|
|t:|1780997706
|move|p1a: Hydreigon|Dark Pulse|p2a: Ceruledge
|-supereffective|p2a: Ceruledge
|-damage|p2a: Ceruledge|0 fnt
|faint|p2a: Ceruledge
|
|-heal|p1a: Hydreigon|75/100|[from] item: Leftovers
|upkeep
|-message|Aeybees forfeited.
|
|win|yangtao
|raw|yangtao's rating: 1525 &rarr; <strong>1551</strong><br />(+26 for winning)
|raw|Aeybees's rating: 1627 &rarr; <strong>1601</strong><br />(-26 for losing)
|l|☆Aeybees
|player|p2|
|l|☆yangtao
|player|p1|
|l| lord shiddenfards
