|badge|p2|bronze|gen9ou|100-9
|uhtml|medal-msg|<div class="broadcast-blue">Curious what those medals under the avatar are? PS now has Ladder Seasons! For more information, check out the <a href="https://www.smogon.com/forums/threads/3740067/">thread on Smogon.</a></div>
|j|☆ridlostar
|j|☆AnonymousJon
|t:|1781391764
|gametype|singles
|player|p1|ridlostar|hilbert|1661
|player|p2|AnonymousJon|workerice|1902
|gen|9
|tier|[Gen 9] OU
|rated|
|rule|HP Percentage Mod: HP is shown in percentages
|rule|Endless Battle Clause: Forcing endless battles is banned
|rule|Species Clause: Limit one of each Pokémon
|rule|OHKO Clause: OHKO moves are banned
|rule|Evasion Items Clause: Evasion items are banned
|rule|Evasion Moves Clause: Evasion moves are banned
|rule|Evasion Abilities Clause: Evasion abilities are banned
|rule|Sleep Moves Clause: Sleep-inducing moves are banned
|clearpoke
|poke|p1|Toedscruel, M|
|poke|p1|Darkrai|
|poke|p1|Cresselia, F|
|poke|p1|Clodsire, M|
|poke|p1|Dragonite, M|
|poke|p1|Alomomola, M|
|poke|p2|Great Tusk|
|poke|p2|Ogerpon-Cornerstone, F|
|poke|p2|Rillaboom, M|
|poke|p2|Tyranitar, F|
|poke|p2|Corviknight, M|
|poke|p2|Dragapult, F|
|teampreview
|inactive|Battle timer is ON: inactive players will automatically lose when time's up. (requested by AnonymousJon)
|
|t:|1781391788
|teamsize|p1|6
|teamsize|p2|6
|start
|switch|p1a: Keanu Reeves|Darkrai|100/100
|switch|p2a: Rillaboom|Rillaboom, M|100/100
|-fieldstart|move: Grassy Terrain|[from] ability: Grassy Surge|[of] p2a: Rillaboom
|turn|1
|
|t:|1781391793
|move|p2a: Rillaboom|Grassy Glide|p1a: Keanu Reeves
|-damage|p1a: Keanu Reeves|9/100
|move|p1a: Keanu Reeves|Will-O-Wisp|p2a: Rillaboom
|-status|p2a: Rillaboom|brn
|
|-heal|p1a: Keanu Reeves|15/100|[from] Grassy Terrain
|-damage|p2a: Rillaboom|94/100 brn|[from] brn
|upkeep
|turn|2
|
|t:|1781391812
|switch|p1a: Fair and Balanced|Alomomola, M|100/100
|switch|p2a: Tyranitar|Tyranitar, F|100/100
|-weather|Sandstorm|[from] ability: Sand Stream|[of] p2a: Tyranitar
|
|-weather|Sandstorm|[upkeep]
|-damage|p1a: Fair and Balanced|94/100|[from] Sandstorm
|-heal|p1a: Fair and Balanced|100/100|[from] Grassy Terrain
|upkeep
|turn|3
|
|t:|1781391818
|move|p2a: Tyranitar|Knock Off|p1a: Fair and Balanced
|-damage|p1a: Fair and Balanced|67/100
|-enditem|p1a: Fair and Balanced|Heavy-Duty Boots|[from] move: Knock Off|[of] p2a: Tyranitar
|move|p1a: Fair and Balanced|Scald|p2a: Tyranitar
|-supereffective|p2a: Tyranitar
|-damage|p2a: Tyranitar|89/100
|
|-weather|Sandstorm|[upkeep]
|-damage|p1a: Fair and Balanced|61/100|[from] Sandstorm
|-heal|p2a: Tyranitar|95/100|[from] Grassy Terrain
|-heal|p2a: Tyranitar|100/100|[from] item: Leftovers
|-heal|p1a: Fair and Balanced|67/100|[from] Grassy Terrain
|upkeep
|turn|4
|
|t:|1781391827
|move|p2a: Tyranitar|Stealth Rock|p1a: Fair and Balanced
|-sidestart|p1: ridlostar|move: Stealth Rock
|move|p1a: Fair and Balanced|Wish|p1a: Fair and Balanced
|
|-weather|Sandstorm|[upkeep]
|-damage|p1a: Fair and Balanced|61/100|[from] Sandstorm
|-heal|p1a: Fair and Balanced|67/100|[from] Grassy Terrain
|upkeep
|turn|5
|
|t:|1781391831
|move|p1a: Fair and Balanced|Scald|p2a: Tyranitar
|-supereffective|p2a: Tyranitar
|-damage|p2a: Tyranitar|90/100
|move|p2a: Tyranitar|Roar|p1a: Fair and Balanced
|drag|p1a: why|Cresselia, F, shiny|100/100
|-damage|p1a: why|88/100|[from] Stealth Rock
|
|-weather|Sandstorm|[upkeep]
|-damage|p1a: why|82/100|[from] Sandstorm
|-heal|p1a: why|100/100|[from] move: Wish|[wisher] Fair and Balanced
|-heal|p2a: Tyranitar|96/100|[from] Grassy Terrain
|-heal|p2a: Tyranitar|100/100|[from] item: Leftovers
|-fieldend|move: Grassy Terrain
|upkeep
|turn|6
|
|t:|1781391848
|switch|p1a: Big Man|Clodsire, M|100/100
|-damage|p1a: Big Man|94/100|[from] Stealth Rock
|move|p2a: Tyranitar|Knock Off|p1a: Big Man
|-damage|p1a: Big Man|65/100
|-enditem|p1a: Big Man|Leftovers|[from] move: Knock Off|[of] p2a: Tyranitar
|
|-weather|none
|upkeep
|turn|7
|
|t:|1781391852
|switch|p2a: Great Tusk|Great Tusk|100/100
|move|p1a: Big Man|Toxic|p2a: Great Tusk
|-status|p2a: Great Tusk|tox
|
|-damage|p2a: Great Tusk|94/100 tox|[from] psn
|upkeep
|turn|8
|
|t:|1781391867
|-end|p2a: Great Tusk|Protosynthesis|[silent]
|switch|p2a: Rillaboom|Rillaboom, M|94/100 brn
|-fieldstart|move: Grassy Terrain|[from] ability: Grassy Surge|[of] p2a: Rillaboom
|switch|p1a: Fair and Balanced|Alomomola, M|100/100
|-damage|p1a: Fair and Balanced|88/100|[from] Stealth Rock
|
|-heal|p2a: Rillaboom|100/100 brn|[from] Grassy Terrain
|-heal|p1a: Fair and Balanced|94/100|[from] Grassy Terrain
|-damage|p2a: Rillaboom|94/100 brn|[from] brn
|upkeep
|turn|9
|
|t:|1781391883
|move|p2a: Rillaboom|Wood Hammer|p1a: Fair and Balanced
|-supereffective|p1a: Fair and Balanced
|-damage|p1a: Fair and Balanced|4/100
|-damage|p2a: Rillaboom|48/100 brn|[from] Recoil
|move|p1a: Fair and Balanced|Wish|p1a: Fair and Balanced
|
|-heal|p2a: Rillaboom|54/100 brn|[from] Grassy Terrain
|-heal|p1a: Fair and Balanced|10/100|[from] Grassy Terrain
|-damage|p2a: Rillaboom|48/100 brn|[from] brn
|upkeep
|turn|10
|
|t:|1781391893
|switch|p1a: him|Dragonite, M|100/100
|-damage|p1a: him|76/100|[from] Stealth Rock
|move|p2a: Rillaboom|Wood Hammer|p1a: him
|-resisted|p1a: him
|-damage|p1a: him|58/100
|-damage|p2a: Rillaboom|42/100 brn|[from] Recoil
|
|-heal|p1a: him|100/100|[from] move: Wish|[wisher] Fair and Balanced
|-heal|p2a: Rillaboom|48/100 brn|[from] Grassy Terrain
|-damage|p2a: Rillaboom|42/100 brn|[from] brn
|upkeep
|turn|11
|
|t:|1781391909
|switch|p2a: Tyranitar|Tyranitar, F|100/100
|-weather|Sandstorm|[from] ability: Sand Stream|[of] p2a: Tyranitar
|move|p1a: him|Dragon Dance|p1a: him
|-boost|p1a: him|atk|1
|-boost|p1a: him|spe|1
|
|-weather|Sandstorm|[upkeep]
|-damage|p1a: him|94/100|[from] Sandstorm
|-heal|p1a: him|100/100|[from] item: Leftovers
|upkeep
|turn|12
|
|t:|1781391915
|move|p1a: him|Iron Head|p2a: Tyranitar
|-supereffective|p2a: Tyranitar
|-damage|p2a: Tyranitar|29/100
|cant|p2a: Tyranitar|flinch
|
|-weather|Sandstorm|[upkeep]
|-damage|p1a: him|94/100|[from] Sandstorm
|-heal|p1a: him|100/100|[from] item: Leftovers
|-heal|p2a: Tyranitar|35/100|[from] Grassy Terrain
|-heal|p2a: Tyranitar|42/100|[from] item: Leftovers
|-fieldend|move: Grassy Terrain
|upkeep
|turn|13
|
|t:|1781391927
|switch|p2a: Corviknight|Corviknight, M|100/100
|-ability|p2a: Corviknight|Pressure
|move|p1a: him|Iron Head|p2a: Corviknight
|-resisted|p2a: Corviknight
|-crit|p2a: Corviknight
|-damage|p2a: Corviknight|81/100
|-damage|p1a: him|84/100|[from] item: Rocky Helmet|[of] p2a: Corviknight
|
|-weather|Sandstorm|[upkeep]
|-damage|p1a: him|78/100|[from] Sandstorm
|-heal|p1a: him|84/100|[from] item: Leftovers
|upkeep
|turn|14
|
|t:|1781391944
|move|p1a: him|Dragon Dance|p1a: him
|-boost|p1a: him|atk|1
|-boost|p1a: him|spe|1
|move|p2a: Corviknight|Brave Bird|p1a: him
|-damage|p1a: him|47/100
|-damage|p2a: Corviknight|71/100|[from] Recoil
|
|-weather|Sandstorm|[upkeep]
|-damage|p1a: him|41/100|[from] Sandstorm
|-heal|p1a: him|47/100|[from] item: Leftovers
|upkeep
|turn|15
|
|t:|1781391953
|move|p1a: him|Roost|p1a: him
|-heal|p1a: him|97/100
|-singleturn|p1a: him|move: Roost
|move|p2a: Corviknight|Brave Bird|p1a: him
|-damage|p1a: him|56/100
|-damage|p2a: Corviknight|60/100|[from] Recoil
|
|-weather|none
|-heal|p1a: him|62/100|[from] item: Leftovers
|upkeep
|turn|16
|
|t:|1781391965
|move|p1a: him|Roost|p1a: him
|-heal|p1a: him|100/100
|-singleturn|p1a: him|move: Roost
|move|p2a: Corviknight|Roost|p2a: Corviknight
|-heal|p2a: Corviknight|100/100
|-singleturn|p2a: Corviknight|move: Roost
|
|upkeep
|turn|17
|
|t:|1781391968
|move|p1a: him|Dragon Dance|p1a: him
|-boost|p1a: him|atk|1
|-boost|p1a: him|spe|1
|move|p2a: Corviknight|U-turn|p1a: him
|-resisted|p1a: him
|-damage|p1a: him|97/100
|
|t:|1781391970
|switch|p2a: Tyranitar|Tyranitar, F|42/100|[from] U-turn
|-weather|Sandstorm|[from] ability: Sand Stream|[of] p2a: Tyranitar
|
|-weather|Sandstorm|[upkeep]
|-damage|p1a: him|91/100|[from] Sandstorm
|-heal|p1a: him|97/100|[from] item: Leftovers
|-heal|p2a: Tyranitar|48/100|[from] item: Leftovers
|upkeep
|turn|18
|j| Large_Rodent
|
|t:|1781391980
|switch|p2a: Corviknight|Corviknight, M|100/100
|-ability|p2a: Corviknight|Pressure
|move|p1a: him|Iron Head|p2a: Corviknight
|-resisted|p2a: Corviknight
|-damage|p2a: Corviknight|79/100
|-damage|p1a: him|80/100|[from] item: Rocky Helmet|[of] p2a: Corviknight
|
|-weather|Sandstorm|[upkeep]
|-damage|p1a: him|74/100|[from] Sandstorm
|-heal|p1a: him|80/100|[from] item: Leftovers
|upkeep
|turn|19
|
|t:|1781391989
|move|p1a: him|Roost|p1a: him
|-heal|p1a: him|100/100
|-singleturn|p1a: him|move: Roost
|move|p2a: Corviknight|Brave Bird|p1a: him
|-damage|p1a: him|80/100
|-damage|p2a: Corviknight|73/100|[from] Recoil
|
|-weather|Sandstorm|[upkeep]
|-damage|p1a: him|74/100|[from] Sandstorm
|-heal|p1a: him|80/100|[from] item: Leftovers
|upkeep
|turn|20
|
|t:|1781391995
|move|p1a: him|Dragon Dance|p1a: him
|-boost|p1a: him|atk|1
|-boost|p1a: him|spe|1
|move|p2a: Corviknight|Brave Bird|p1a: him
|-damage|p1a: him|40/100
|-damage|p2a: Corviknight|63/100|[from] Recoil
|
|-weather|Sandstorm|[upkeep]
|-damage|p1a: him|34/100|[from] Sandstorm
|-heal|p1a: him|40/100|[from] item: Leftovers
|upkeep
|turn|21
|
|t:|1781392004
|move|p1a: him|Roost|p1a: him
|-heal|p1a: him|90/100
|-singleturn|p1a: him|move: Roost
|move|p2a: Corviknight|Roost|p2a: Corviknight
|-heal|p2a: Corviknight|100/100
|-singleturn|p2a: Corviknight|move: Roost
|
|-weather|none
|-heal|p1a: him|97/100|[from] item: Leftovers
|upkeep
|turn|22
|j| Squilliam2g
|
|t:|1781392018
|move|p1a: him|Iron Head|p2a: Corviknight
|-resisted|p2a: Corviknight
|-damage|p2a: Corviknight|76/100
|-damage|p1a: him|80/100|[from] item: Rocky Helmet|[of] p2a: Corviknight
|move|p2a: Corviknight|U-turn|p1a: him
|-resisted|p1a: him
|-damage|p1a: him|72/100
|
|t:|1781392022
|switch|p2a: Tyranitar|Tyranitar, F|48/100|[from] U-turn
|-weather|Sandstorm|[from] ability: Sand Stream|[of] p2a: Tyranitar
|
|-weather|Sandstorm|[upkeep]
|-damage|p1a: him|66/100|[from] Sandstorm
|-heal|p1a: him|72/100|[from] item: Leftovers
|-heal|p2a: Tyranitar|54/100|[from] item: Leftovers
|upkeep
|turn|23
|
|t:|1781392030
|switch|p2a: Corviknight|Corviknight, M|76/100
|-ability|p2a: Corviknight|Pressure
|move|p1a: him|Iron Head|p2a: Corviknight
|-resisted|p2a: Corviknight
|-damage|p2a: Corviknight|53/100
|-damage|p1a: him|55/100|[from] item: Rocky Helmet|[of] p2a: Corviknight
|
|-weather|Sandstorm|[upkeep]
|-damage|p1a: him|49/100|[from] Sandstorm
|-heal|p1a: him|55/100|[from] item: Leftovers
|upkeep
|turn|24
|
|t:|1781392037
|move|p1a: him|Outrage|p2a: Corviknight
|-resisted|p2a: Corviknight
|-damage|p2a: Corviknight|0 fnt
|-damage|p1a: him|39/100|[from] item: Rocky Helmet|[of] p2a: Corviknight
|faint|p2a: Corviknight
|
|-weather|Sandstorm|[upkeep]
|-damage|p1a: him|32/100|[from] Sandstorm
|-heal|p1a: him|39/100|[from] item: Leftovers
|upkeep
|
|t:|1781392041
|switch|p2a: Ogerpon|Ogerpon-Cornerstone, F|100/100
|turn|25
|
|t:|1781392044
|move|p1a: him|Outrage|p2a: Ogerpon|[from] lockedmove
|-ability|p2a: Ogerpon|Sturdy
|-damage|p2a: Ogerpon|1/100
|-start|p1a: him|confusion|[fatigue]
|move|p2a: Ogerpon|Ivy Cudgel|p1a: him|[anim] Ivy Cudgel Rock
|-supereffective|p1a: him
|-damage|p1a: him|0 fnt
|faint|p1a: him
|
|-weather|Sandstorm|[upkeep]
|upkeep
|
|t:|1781392071
|switch|p1a: Keanu Reeves|Darkrai|15/100
|-damage|p1a: Keanu Reeves|3/100|[from] Stealth Rock
|turn|26
|
|t:|1781392075
|switch|p2a: Great Tusk|Great Tusk|94/100 tox
|move|p1a: Keanu Reeves|Knock Off|p2a: Great Tusk
|-resisted|p2a: Great Tusk
|-damage|p2a: Great Tusk|80/100 tox
|-enditem|p2a: Great Tusk|Assault Vest|[from] move: Knock Off|[of] p1a: Keanu Reeves
|
|-weather|none
|-damage|p2a: Great Tusk|74/100 tox|[from] psn
|upkeep
|turn|27
|
|t:|1781392087
|move|p1a: Keanu Reeves|Ice Beam|p2a: Great Tusk
|-supereffective|p2a: Great Tusk
|-damage|p2a: Great Tusk|18/100 tox
|move|p2a: Great Tusk|Headlong Rush|p1a: Keanu Reeves
|-damage|p1a: Keanu Reeves|0 fnt
|-unboost|p2a: Great Tusk|def|1
|-unboost|p2a: Great Tusk|spd|1
|faint|p1a: Keanu Reeves
|
|-damage|p2a: Great Tusk|5/100 tox|[from] psn
|upkeep
|
|t:|1781392095
|switch|p1a: Fair and Balanced|Alomomola, M|44/100
|-damage|p1a: Fair and Balanced|31/100|[from] Stealth Rock
|turn|28
|
|t:|1781392123
|switch|p1a: why|Cresselia, F, shiny|100/100
|-damage|p1a: why|88/100|[from] Stealth Rock
|move|p2a: Great Tusk|Headlong Rush|p1a: why
|-immune|p1a: why|[from] ability: Levitate
|
|-heal|p1a: why|94/100|[from] item: Leftovers
|-damage|p2a: Great Tusk|0 fnt|[from] psn
|faint|p2a: Great Tusk
|-end|p2a: Great Tusk|Protosynthesis|[silent]
|upkeep
|
|t:|1781392129
|switch|p2a: Tyranitar|Tyranitar, F|54/100
|-weather|Sandstorm|[from] ability: Sand Stream|[of] p2a: Tyranitar
|turn|29
|
|t:|1781392142
|switch|p1a: Big Man|Clodsire, M|65/100
|-damage|p1a: Big Man|58/100|[from] Stealth Rock
|move|p2a: Tyranitar|Knock Off|p1a: Big Man
|-damage|p1a: Big Man|35/100
|
|-weather|Sandstorm|[upkeep]
|-heal|p2a: Tyranitar|60/100|[from] item: Leftovers
|upkeep
|turn|30
|
|t:|1781392146
|switch|p2a: Rillaboom|Rillaboom, M|42/100 brn
|-fieldstart|move: Grassy Terrain|[from] ability: Grassy Surge|[of] p2a: Rillaboom
|move|p1a: Big Man|Recover|p1a: Big Man
|-heal|p1a: Big Man|85/100
|
|-weather|Sandstorm|[upkeep]
|-damage|p2a: Rillaboom|36/100 brn|[from] Sandstorm
|-heal|p2a: Rillaboom|42/100 brn|[from] Grassy Terrain
|-heal|p1a: Big Man|91/100|[from] Grassy Terrain
|-damage|p2a: Rillaboom|36/100 brn|[from] brn
|upkeep
|turn|31
|
|t:|1781392154
|move|p2a: Rillaboom|Wood Hammer|p1a: Big Man
|-damage|p1a: Big Man|46/100
|-damage|p2a: Rillaboom|15/100 brn|[from] Recoil
|move|p1a: Big Man|Stockpile|p1a: Big Man
|-start|p1a: Big Man|stockpile1
|-boost|p1a: Big Man|def|1
|-boost|p1a: Big Man|spd|1
|
|-weather|Sandstorm|[upkeep]
|-damage|p2a: Rillaboom|9/100 brn|[from] Sandstorm
|-heal|p2a: Rillaboom|15/100 brn|[from] Grassy Terrain
|-heal|p1a: Big Man|52/100|[from] Grassy Terrain
|-damage|p2a: Rillaboom|9/100 brn|[from] brn
|upkeep
|turn|32
|
|t:|1781392158
|switch|p2a: Tyranitar|Tyranitar, F|60/100
|move|p1a: Big Man|Recover|p1a: Big Man
|-heal|p1a: Big Man|100/100
|
|-weather|Sandstorm|[upkeep]
|-heal|p2a: Tyranitar|67/100|[from] Grassy Terrain
|-heal|p2a: Tyranitar|73/100|[from] item: Leftovers
|upkeep
|turn|33
|
|t:|1781392163
|move|p1a: Big Man|Toxic|p2a: Tyranitar
|-status|p2a: Tyranitar|tox
|move|p2a: Tyranitar|Roar|p1a: Big Man
|drag|p1a: Fair and Balanced|Alomomola, M|65/100
|-damage|p1a: Fair and Balanced|52/100|[from] Stealth Rock
|
|-weather|none
|-heal|p2a: Tyranitar|79/100 tox|[from] Grassy Terrain
|-heal|p2a: Tyranitar|85/100 tox|[from] item: Leftovers
|-heal|p1a: Fair and Balanced|59/100|[from] Grassy Terrain
|-damage|p2a: Tyranitar|79/100 tox|[from] psn
|upkeep
|turn|34
|
|t:|1781392173
|switch|p2a: Dragapult|Dragapult, F|100/100
|move|p1a: Fair and Balanced|Flip Turn|p2a: Dragapult
|-resisted|p2a: Dragapult
|-damage|p2a: Dragapult|88/100
|
|t:|1781392177
|switch|p1a: Big Man|Clodsire, M|100/100|[from] Flip Turn
|-damage|p1a: Big Man|94/100|[from] Stealth Rock
|
|-heal|p2a: Dragapult|94/100|[from] Grassy Terrain
|-heal|p2a: Dragapult|99/100|[from] item: Leftovers
|-heal|p1a: Big Man|100/100|[from] Grassy Terrain
|-fieldend|move: Grassy Terrain
|upkeep
|turn|35
|
|t:|1781392180
|move|p2a: Dragapult|Substitute|p2a: Dragapult
|-start|p2a: Dragapult|Substitute
|-damage|p2a: Dragapult|75/100
|move|p1a: Big Man|Stockpile|p1a: Big Man
|-start|p1a: Big Man|stockpile1
|-boost|p1a: Big Man|def|1
|-boost|p1a: Big Man|spd|1
|
|-heal|p2a: Dragapult|81/100|[from] item: Leftovers
|upkeep
|turn|36
|
|t:|1781392184
|move|p2a: Dragapult|Will-O-Wisp|p1a: Big Man
|-status|p1a: Big Man|brn
|move|p1a: Big Man|Stockpile|p1a: Big Man
|-start|p1a: Big Man|stockpile2
|-boost|p1a: Big Man|def|1
|-boost|p1a: Big Man|spd|1
|
|-heal|p2a: Dragapult|88/100|[from] item: Leftovers
|-damage|p1a: Big Man|94/100 brn|[from] brn
|upkeep
|turn|37
|
|t:|1781392196
|move|p2a: Dragapult|Dragon Darts|p1a: Big Man
|-damage|p1a: Big Man|86/100 brn
|-anim|p2a: Dragapult|Dragon Darts|p1a: Big Man
|-damage|p1a: Big Man|79/100 brn
|move|p1a: Big Man|Earthquake|p2a: Dragapult
|-activate|p2a: Dragapult|move: Substitute|[damage]
|
|-heal|p2a: Dragapult|94/100|[from] item: Leftovers
|-damage|p1a: Big Man|72/100 brn|[from] brn
|upkeep
|turn|38
|
|t:|1781392212
|move|p2a: Dragapult|Dragon Darts|p1a: Big Man
|-damage|p1a: Big Man|65/100 brn
|-anim|p2a: Dragapult|Dragon Darts|p1a: Big Man
|-damage|p1a: Big Man|57/100 brn
|move|p1a: Big Man|Earthquake|p2a: Dragapult
|-end|p2a: Dragapult|Substitute
|
|-heal|p2a: Dragapult|99/100|[from] item: Leftovers
|-damage|p1a: Big Man|51/100 brn|[from] brn
|upkeep
|turn|39
|
|t:|1781392227
|switch|p1a: why|Cresselia, F, shiny|94/100
|-damage|p1a: why|82/100|[from] Stealth Rock
|move|p2a: Dragapult|Substitute|p2a: Dragapult
|-start|p2a: Dragapult|Substitute
|-damage|p2a: Dragapult|75/100
|
|-heal|p2a: Dragapult|81/100|[from] item: Leftovers
|-heal|p1a: why|88/100|[from] item: Leftovers
|upkeep
|turn|40
|
|t:|1781392231
|move|p2a: Dragapult|Will-O-Wisp|p1a: why
|-status|p1a: why|brn
|move|p1a: why|Calm Mind|p1a: why
|-boost|p1a: why|spa|1
|-boost|p1a: why|spd|1
|
|-heal|p2a: Dragapult|88/100|[from] item: Leftovers
|-heal|p1a: why|94/100 brn|[from] item: Leftovers
|-damage|p1a: why|88/100 brn|[from] brn
|upkeep
|turn|41
|
|t:|1781392238
|move|p2a: Dragapult|Hex|p1a: why
|-supereffective|p1a: why
|-damage|p1a: why|39/100 brn
|move|p1a: why|Calm Mind|p1a: why
|-boost|p1a: why|spa|1
|-boost|p1a: why|spd|1
|
|-heal|p2a: Dragapult|94/100|[from] item: Leftovers
|-heal|p1a: why|45/100 brn|[from] item: Leftovers
|-damage|p1a: why|39/100 brn|[from] brn
|upkeep
|turn|42
|
|t:|1781392243
|-terastallize|p1a: why|Poison
|move|p2a: Dragapult|Hex|p1a: why
|-damage|p1a: why|21/100 brn
|move|p1a: why|Moonlight|p1a: why
|-heal|p1a: why|71/100 brn
|
|-heal|p2a: Dragapult|99/100|[from] item: Leftovers
|-heal|p1a: why|77/100 brn|[from] item: Leftovers
|-damage|p1a: why|71/100 brn|[from] brn
|upkeep
|turn|43
|
|t:|1781392255
|switch|p2a: Tyranitar|Tyranitar, F|79/100 tox
|-weather|Sandstorm|[from] ability: Sand Stream|[of] p2a: Tyranitar
|move|p1a: why|Moonlight|p1a: why
|-heal|p1a: why|96/100 brn
|
|-weather|Sandstorm|[upkeep]
|-damage|p1a: why|89/100 brn|[from] Sandstorm
|-heal|p1a: why|96/100 brn|[from] item: Leftovers
|-heal|p2a: Tyranitar|85/100 tox|[from] item: Leftovers
|-damage|p2a: Tyranitar|79/100 tox|[from] psn
|-damage|p1a: why|89/100 brn|[from] brn
|upkeep
|turn|44
|
|t:|1781392260
|move|p1a: why|Calm Mind|p1a: why
|-boost|p1a: why|spa|1
|-boost|p1a: why|spd|1
|move|p2a: Tyranitar|Roar|p1a: why
|drag|p1a: Big Man|Clodsire, M|51/100 brn
|-damage|p1a: Big Man|45/100 brn|[from] Stealth Rock
|
|-weather|Sandstorm|[upkeep]
|-heal|p2a: Tyranitar|85/100 tox|[from] item: Leftovers
|-damage|p2a: Tyranitar|73/100 tox|[from] psn
|-damage|p1a: Big Man|38/100 brn|[from] brn
|upkeep
|turn|45
|
|t:|1781392267
|switch|p2a: Rillaboom|Rillaboom, M|9/100 brn
|-fieldstart|move: Grassy Terrain|[from] ability: Grassy Surge|[of] p2a: Rillaboom
|switch|p1a: Fair and Balanced|Alomomola, M|92/100
|-damage|p1a: Fair and Balanced|80/100|[from] Stealth Rock
|
|-weather|Sandstorm|[upkeep]
|-damage|p2a: Rillaboom|3/100 brn|[from] Sandstorm
|-damage|p1a: Fair and Balanced|73/100|[from] Sandstorm
|-heal|p2a: Rillaboom|9/100 brn|[from] Grassy Terrain
|-heal|p1a: Fair and Balanced|80/100|[from] Grassy Terrain
|-damage|p2a: Rillaboom|3/100 brn|[from] brn
|upkeep
|turn|46
|
|t:|1781392280
|move|p2a: Rillaboom|Wood Hammer|p1a: Fair and Balanced
|-supereffective|p1a: Fair and Balanced
|-damage|p1a: Fair and Balanced|0 fnt
|faint|p1a: Fair and Balanced
|-damage|p2a: Rillaboom|0 fnt|[from] Recoil
|faint|p2a: Rillaboom
|
|-weather|Sandstorm|[upkeep]
|upkeep
|
|t:|1781392289
|switch|p2a: Ogerpon|Ogerpon-Cornerstone, F|1/100
|switch|p1a: Squidward?|Toedscruel, M|100/100
|turn|47
|
|t:|1781392292
|move|p2a: Ogerpon|Horn Leech|p1a: Squidward?
|-crit|p1a: Squidward?
|-damage|p1a: Squidward?|0 fnt
|-heal|p2a: Ogerpon|53/100|[from] drain|[of] p1a: Squidward?
|faint|p1a: Squidward?
|
|-weather|none
|-heal|p2a: Ogerpon|60/100|[from] Grassy Terrain
|upkeep
|
|t:|1781392301
|switch|p1a: why|Cresselia, F, shiny, tera:Poison|89/100 brn
|-damage|p1a: why|77/100 brn|[from] Stealth Rock
|turn|48
|
|t:|1781392304
|move|p2a: Ogerpon|Swords Dance|p2a: Ogerpon
|-boost|p2a: Ogerpon|atk|2
|move|p1a: why|Calm Mind|p1a: why
|-boost|p1a: why|spa|1
|-boost|p1a: why|spd|1
|
|-heal|p2a: Ogerpon|66/100|[from] Grassy Terrain
|-heal|p1a: why|83/100 brn|[from] item: Leftovers
|-damage|p1a: why|77/100 brn|[from] brn
|upkeep
|turn|49
|
|t:|1781392307
|move|p2a: Ogerpon|Ivy Cudgel|p1a: why|[anim] Ivy Cudgel Rock
|-damage|p1a: why|14/100 brn
|move|p1a: why|Moonblast|p2a: Ogerpon
|-damage|p2a: Ogerpon|35/100
|
|-heal|p2a: Ogerpon|41/100|[from] Grassy Terrain
|-heal|p1a: why|20/100 brn|[from] item: Leftovers
|-damage|p1a: why|14/100 brn|[from] brn
|-fieldend|move: Grassy Terrain
|upkeep
|turn|50
|c|☆ridlostar|gg
|-message|ridlostar forfeited.
|
|win|AnonymousJon
|raw|ridlostar's rating: 1661 &rarr; <strong>1653</strong><br />(-8 for losing)
|raw|AnonymousJon's rating: 1902 &rarr; <strong>1910</strong><br />(+8 for winning)
|c|☆AnonymousJon|g
|l|☆ridlostar
|player|p1|
|c|☆AnonymousJon|gg
|l|☆AnonymousJon
|player|p2|
|l| Squilliam2g
|l| Large_Rodent
