|j|☆Rj yoip
|j|☆SlimyTime
|t:|1781097741
|gametype|singles
|player|p1|Rj yoip|caitlin-masters|1670
|player|p2|SlimyTime|ltsurge|1600
|gen|9
|tier|[Gen 9] OU
|rated|
|rule|HP Percentage Mod: HP is shown in percentages
|rule|Endless Battle Clause: Forcing endless battles is banned
|rule|Species Clause: Limit one of each Pokémon
|rule|OHKO Clause: OHKO moves are banned
|rule|Evasion Items Clause: Evasion items are banned
|rule|Evasion Moves Clause: Evasion moves are banned
|rule|Evasion Abilities Clause: Evasion abilities are banned
|rule|Sleep Moves Clause: Sleep-inducing moves are banned
|clearpoke
|poke|p1|Tyranitar, F|
|poke|p1|Hydrapple, M|
|poke|p1|Enamorus, F|
|poke|p1|Garganacl, F|
|poke|p1|Excadrill, M|
|poke|p1|Alomomola, F|
|poke|p2|Kyurem|
|poke|p2|Kingambit, M|
|poke|p2|Great Tusk|
|poke|p2|Cinderace, M|
|poke|p2|Slowking-Galar, M|
|poke|p2|Enamorus-Therian, F|
|teampreview
|
|t:|1781097762
|teamsize|p1|6
|teamsize|p2|6
|start
|switch|p1a: Garganacl|Garganacl, F|100/100
|switch|p2a: Cinderace|Cinderace, M, shiny|100/100
|turn|1
|inactive|Battle timer is ON: inactive players will automatically lose when time's up. (requested by Rj yoip)
|
|t:|1781097768
|move|p2a: Cinderace|U-turn|p1a: Garganacl
|-start|p2a: Cinderace|typechange|Bug|[from] ability: Libero
|-damage|p1a: Garganacl|77/100
|
|t:|1781097772
|switch|p2a: Slowking|Slowking-Galar, M, shiny|100/100|[from] U-turn
|move|p1a: Garganacl|Salt Cure|p2a: Slowking
|-damage|p2a: Slowking|86/100
|-start|p2a: Slowking|Salt Cure
|
|-heal|p1a: Garganacl|84/100|[from] item: Leftovers
|-damage|p2a: Slowking|73/100|[from] Salt Cure
|upkeep
|turn|2
|
|t:|1781097776
|move|p1a: Garganacl|Stealth Rock|p2a: Slowking
|-sidestart|p2: SlimyTime|move: Stealth Rock
|move|p2a: Slowking|Psyshock|p1a: Garganacl
|-damage|p1a: Garganacl|57/100
|
|-heal|p1a: Garganacl|64/100|[from] item: Leftovers
|-damage|p2a: Slowking|61/100|[from] Salt Cure
|upkeep
|turn|3
|
|t:|1781097780
|switch|p2a: Great Tusk|Great Tusk, shiny|100/100
|-damage|p2a: Great Tusk|98/100|[from] Stealth Rock
|move|p1a: Garganacl|Recover|p1a: Garganacl
|-heal|p1a: Garganacl|100/100
|
|upkeep
|turn|4
|
|t:|1781097785
|move|p2a: Great Tusk|Close Combat|p1a: Garganacl
|-supereffective|p1a: Garganacl
|-damage|p1a: Garganacl|12/100
|-unboost|p2a: Great Tusk|def|1
|-unboost|p2a: Great Tusk|spd|1
|move|p1a: Garganacl|Salt Cure|p2a: Great Tusk
|-resisted|p2a: Great Tusk
|-damage|p2a: Great Tusk|94/100
|-start|p2a: Great Tusk|Salt Cure
|
|-heal|p1a: Garganacl|18/100|[from] item: Leftovers
|-damage|p2a: Great Tusk|81/100|[from] Salt Cure
|upkeep
|turn|5
|
|t:|1781097793
|-end|p2a: Great Tusk|Protosynthesis|[silent]
|switch|p2a: Cinderace|Cinderace, M, shiny|100/100
|move|p1a: Garganacl|Recover|p1a: Garganacl
|-heal|p1a: Garganacl|68/100
|
|-heal|p1a: Garganacl|75/100|[from] item: Leftovers
|upkeep
|turn|6
|
|t:|1781097799
|move|p2a: Cinderace|Court Change|p2a: Cinderace
|-start|p2a: Cinderace|typechange|Normal|[from] ability: Libero
|-swapsideconditions
|-activate|p2a: Cinderace|move: Court Change
|move|p1a: Garganacl|Salt Cure|p2a: Cinderace
|-damage|p2a: Cinderace|81/100
|-start|p2a: Cinderace|Salt Cure
|
|-heal|p1a: Garganacl|81/100|[from] item: Leftovers
|-damage|p2a: Cinderace|69/100|[from] Salt Cure
|upkeep
|turn|7
|
|t:|1781097801
|switch|p2a: Great Tusk|Great Tusk, shiny|81/100
|move|p1a: Garganacl|Salt Cure|p2a: Great Tusk
|-resisted|p2a: Great Tusk
|-damage|p2a: Great Tusk|79/100
|-start|p2a: Great Tusk|Salt Cure
|
|-heal|p1a: Garganacl|87/100|[from] item: Leftovers
|-damage|p2a: Great Tusk|67/100|[from] Salt Cure
|upkeep
|turn|8
|
|t:|1781097805
|move|p1a: Garganacl|Protect|p1a: Garganacl
|-singleturn|p1a: Garganacl|Protect
|move|p2a: Great Tusk|Ice Spinner|p1a: Garganacl
|-activate|p1a: Garganacl|move: Protect
|
|-heal|p1a: Garganacl|93/100|[from] item: Leftovers
|-damage|p2a: Great Tusk|54/100|[from] Salt Cure
|upkeep
|turn|9
|
|t:|1781097808
|switch|p1a: Hydrapple|Hydrapple, M|100/100
|-damage|p1a: Hydrapple|88/100|[from] Stealth Rock
|move|p2a: Great Tusk|Ice Spinner|p1a: Hydrapple
|-supereffective|p1a: Hydrapple
|-damage|p1a: Hydrapple|27/100
|-damage|p2a: Great Tusk|38/100|[from] item: Rocky Helmet|[of] p1a: Hydrapple
|
|-damage|p2a: Great Tusk|25/100|[from] Salt Cure
|upkeep
|turn|10
|
|t:|1781097812
|-end|p2a: Great Tusk|Protosynthesis|[silent]
|switch|p2a: Slowking|Slowking-Galar, M, shiny|94/100
|move|p1a: Hydrapple|Giga Drain|p2a: Slowking
|-resisted|p2a: Slowking
|-damage|p2a: Slowking|87/100
|-heal|p1a: Hydrapple|30/100|[from] drain|[of] p2a: Slowking
|
|upkeep
|turn|11
|
|t:|1781097818
|switch|p2a: Kyurem|Kyurem, shiny|100/100
|-ability|p2a: Kyurem|Pressure
|move|p1a: Hydrapple|Earth Power|p2a: Kyurem
|-crit|p2a: Kyurem
|-damage|p2a: Kyurem|78/100
|
|upkeep
|turn|12
|
|t:|1781097823
|switch|p1a: Tyranitar|Tyranitar, F|100/100
|-damage|p1a: Tyranitar|88/100|[from] Stealth Rock
|-weather|Sandstorm|[from] ability: Sand Stream|[of] p1a: Tyranitar
|move|p2a: Kyurem|Ice Beam|p1a: Tyranitar
|-damage|p1a: Tyranitar|61/100
|-status|p1a: Tyranitar|frz
|
|-weather|Sandstorm|[upkeep]
|-damage|p2a: Kyurem|72/100|[from] Sandstorm
|upkeep
|turn|13
|
|t:|1781097825
|switch|p1a: Garganacl|Garganacl, F|93/100
|-damage|p1a: Garganacl|81/100|[from] Stealth Rock
|move|p2a: Kyurem|Body Press|p1a: Garganacl
|-supereffective|p1a: Garganacl
|-damage|p1a: Garganacl|51/100
|
|-weather|Sandstorm|[upkeep]
|-damage|p2a: Kyurem|66/100|[from] Sandstorm
|-heal|p1a: Garganacl|57/100|[from] item: Leftovers
|upkeep
|turn|14
|
|t:|1781097829
|move|p2a: Kyurem|Body Press|p1a: Garganacl
|-supereffective|p1a: Garganacl
|-damage|p1a: Garganacl|27/100
|move|p1a: Garganacl|Recover|p1a: Garganacl
|-heal|p1a: Garganacl|77/100
|
|-weather|Sandstorm|[upkeep]
|-damage|p2a: Kyurem|60/100|[from] Sandstorm
|-heal|p1a: Garganacl|83/100|[from] item: Leftovers
|upkeep
|turn|15
|
|t:|1781097833
|move|p2a: Kyurem|Body Press|p1a: Garganacl
|-supereffective|p1a: Garganacl
|-damage|p1a: Garganacl|52/100
|move|p1a: Garganacl|Salt Cure|p2a: Kyurem
|-supereffective|p2a: Kyurem
|-damage|p2a: Kyurem|42/100
|-start|p2a: Kyurem|Salt Cure
|
|-weather|Sandstorm|[upkeep]
|-damage|p2a: Kyurem|36/100|[from] Sandstorm
|-heal|p1a: Garganacl|58/100|[from] item: Leftovers
|-damage|p2a: Kyurem|24/100|[from] Salt Cure
|upkeep
|turn|16
|j| nesnot
|
|t:|1781097838
|switch|p2a: Slowking|Slowking-Galar, M, shiny|100/100
|move|p1a: Garganacl|Recover|p1a: Garganacl
|-heal|p1a: Garganacl|100/100
|
|-weather|none
|upkeep
|turn|17
|j| RaynningOutside
|
|t:|1781097843
|move|p1a: Garganacl|Stealth Rock|p2a: Slowking
|-sidestart|p2: SlimyTime|move: Stealth Rock
|move|p2a: Slowking|Psyshock|p1a: Garganacl
|-damage|p1a: Garganacl|76/100
|
|-heal|p1a: Garganacl|83/100|[from] item: Leftovers
|upkeep
|turn|18
|inactive|Rj yoip has 120 seconds left.
|
|t:|1781097874
|move|p1a: Garganacl|Salt Cure|p2a: Slowking
|-damage|p2a: Slowking|86/100
|-start|p2a: Slowking|Salt Cure
|move|p2a: Slowking|Psyshock|p1a: Garganacl
|-damage|p1a: Garganacl|57/100
|
|-heal|p1a: Garganacl|63/100|[from] item: Leftovers
|-damage|p2a: Slowking|73/100|[from] Salt Cure
|upkeep
|turn|19
|
|t:|1781097898
|switch|p2a: Kingambit|Kingambit, M, shiny|100/100
|-damage|p2a: Kingambit|94/100|[from] Stealth Rock
|-item|p2a: Kingambit|Air Balloon
|move|p1a: Garganacl|Recover|p1a: Garganacl
|-heal|p1a: Garganacl|100/100
|
|upkeep
|turn|20
|
|t:|1781097903
|move|p2a: Kingambit|Swords Dance|p2a: Kingambit
|-boost|p2a: Kingambit|atk|2
|move|p1a: Garganacl|Salt Cure|p2a: Kingambit
|-resisted|p2a: Kingambit
|-damage|p2a: Kingambit|88/100
|-start|p2a: Kingambit|Salt Cure
|-enditem|p2a: Kingambit|Air Balloon
|
|-damage|p2a: Kingambit|64/100|[from] Salt Cure
|upkeep
|turn|21
|
|t:|1781097906
|move|p1a: Garganacl|Protect|p1a: Garganacl
|-singleturn|p1a: Garganacl|Protect
|move|p2a: Kingambit|Iron Head|p1a: Garganacl
|-activate|p1a: Garganacl|move: Protect
|
|-damage|p2a: Kingambit|39/100|[from] Salt Cure
|upkeep
|turn|22
|
|t:|1781097910
|switch|p1a: Hydrapple|Hydrapple, M|63/100
|-damage|p1a: Hydrapple|51/100|[from] Stealth Rock
|move|p2a: Kingambit|Low Kick|p1a: Hydrapple
|-damage|p1a: Hydrapple|17/100
|-damage|p2a: Kingambit|22/100|[from] item: Rocky Helmet|[of] p1a: Hydrapple
|
|-damage|p2a: Kingambit|0 fnt|[from] Salt Cure
|faint|p2a: Kingambit
|-end|p2a: Kingambit|fallenundefined|[silent]
|upkeep
|
|t:|1781097917
|switch|p2a: Cinderace|Cinderace, M, shiny|69/100
|turn|23
|
|t:|1781097922
|switch|p1a: Garganacl|Garganacl, F|100/100
|-damage|p1a: Garganacl|88/100|[from] Stealth Rock
|move|p2a: Cinderace|U-turn|p1a: Garganacl
|-start|p2a: Cinderace|typechange|Bug|[from] ability: Libero
|-damage|p1a: Garganacl|66/100
|
|t:|1781097926
|switch|p2a: Great Tusk|Great Tusk, shiny|25/100|[from] U-turn
|-damage|p2a: Great Tusk|22/100|[from] Stealth Rock
|
|-heal|p1a: Garganacl|72/100|[from] item: Leftovers
|upkeep
|turn|24
|
|t:|1781097936
|move|p2a: Great Tusk|Headlong Rush|p1a: Garganacl
|-supereffective|p1a: Garganacl
|-damage|p1a: Garganacl|0 fnt
|-unboost|p2a: Great Tusk|def|1
|-unboost|p2a: Great Tusk|spd|1
|faint|p1a: Garganacl
|
|upkeep
|
|t:|1781097939
|switch|p1a: Excadrill|Excadrill, M|100/100
|-damage|p1a: Excadrill|97/100|[from] Stealth Rock
|turn|25
|
|t:|1781097942
|switch|p1a: Hydrapple|Hydrapple, M|50/100
|-damage|p1a: Hydrapple|38/100|[from] Stealth Rock
|move|p2a: Great Tusk|Headlong Rush|p1a: Hydrapple
|-resisted|p1a: Hydrapple
|-damage|p1a: Hydrapple|20/100
|-unboost|p2a: Great Tusk|def|1
|-unboost|p2a: Great Tusk|spd|1
|-damage|p2a: Great Tusk|6/100|[from] item: Rocky Helmet|[of] p1a: Hydrapple
|
|upkeep
|turn|26
|
|t:|1781097945
|-end|p2a: Great Tusk|Protosynthesis|[silent]
|switch|p2a: Slowking|Slowking-Galar, M, shiny|100/100
|-damage|p2a: Slowking|88/100|[from] Stealth Rock
|move|p1a: Hydrapple|Fickle Beam|p2a: Slowking
|-damage|p2a: Slowking|70/100
|
|upkeep
|turn|27
|
|t:|1781097950
|switch|p1a: Tyranitar|Tyranitar, F|61/100 frz
|-damage|p1a: Tyranitar|48/100 frz|[from] Stealth Rock
|-weather|Sandstorm|[from] ability: Sand Stream|[of] p1a: Tyranitar
|move|p2a: Slowking|Sludge Bomb|p1a: Tyranitar
|-resisted|p1a: Tyranitar
|-damage|p1a: Tyranitar|32/100 frz
|
|-weather|Sandstorm|[upkeep]
|-damage|p2a: Slowking|64/100|[from] Sandstorm
|upkeep
|turn|28
|
|t:|1781097954
|cant|p1a: Tyranitar|frz
|move|p2a: Slowking|Flamethrower|p1a: Tyranitar
|-resisted|p1a: Tyranitar
|-crit|p1a: Tyranitar
|-damage|p1a: Tyranitar|17/100 frz
|-curestatus|p1a: Tyranitar|frz|[msg]
|
|-weather|Sandstorm|[upkeep]
|-damage|p2a: Slowking|57/100|[from] Sandstorm
|upkeep
|turn|29
|
|t:|1781097957
|switch|p2a: Cinderace|Cinderace, M, shiny|69/100
|move|p1a: Tyranitar|Knock Off|p2a: Cinderace
|-damage|p2a: Cinderace|0 fnt
|-enditem|p2a: Cinderace|Heavy-Duty Boots|[from] move: Knock Off|[of] p1a: Tyranitar
|faint|p2a: Cinderace
|
|-weather|Sandstorm|[upkeep]
|upkeep
|
|t:|1781097963
|switch|p2a: Great Tusk|Great Tusk, shiny|6/100
|-damage|p2a: Great Tusk|3/100|[from] Stealth Rock
|turn|30
|
|t:|1781097966
|switch|p1a: Hydrapple|Hydrapple, M|53/100
|-damage|p1a: Hydrapple|41/100|[from] Stealth Rock
|move|p2a: Great Tusk|Close Combat|p1a: Hydrapple
|-crit|p1a: Hydrapple
|-damage|p1a: Hydrapple|0 fnt
|-unboost|p2a: Great Tusk|def|1
|-unboost|p2a: Great Tusk|spd|1
|-damage|p2a: Great Tusk|0 fnt|[from] item: Rocky Helmet|[of] p1a: Hydrapple
|faint|p1a: Hydrapple
|faint|p2a: Great Tusk
|-end|p2a: Great Tusk|Protosynthesis|[silent]
|
|-weather|Sandstorm|[upkeep]
|upkeep
|
|t:|1781097972
|switch|p2a: Enamorus|Enamorus-Therian, F|100/100
|switch|p1a: Excadrill|Excadrill, M|97/100
|-damage|p1a: Excadrill|94/100|[from] Stealth Rock
|-damage|p2a: Enamorus|76/100|[from] Stealth Rock
|turn|31
|
|t:|1781097978
|switch|p2a: Kyurem|Kyurem, shiny|24/100
|-damage|p2a: Kyurem|0 fnt|[from] Stealth Rock
|faint|p2a: Kyurem
|move|p1a: Excadrill|Rock Slide|p2: Kyurem|[notarget]
|-fail|p1a: Excadrill
|
|-weather|none
|-heal|p1a: Excadrill|100/100|[from] item: Leftovers
|upkeep
|
|t:|1781097981
|switch|p2a: Slowking|Slowking-Galar, M, shiny|91/100
|-damage|p2a: Slowking|78/100|[from] Stealth Rock
|turn|32
|
|t:|1781097996
|-terastallize|p2a: Slowking|Water
|move|p1a: Excadrill|Earthquake|p2a: Slowking
|-damage|p2a: Slowking|22/100
|move|p2a: Slowking|Flamethrower|p1a: Excadrill
|-supereffective|p1a: Excadrill
|-damage|p1a: Excadrill|12/100
|
|-heal|p1a: Excadrill|19/100|[from] item: Leftovers
|upkeep
|turn|33
|
|t:|1781098001
|move|p1a: Excadrill|Earthquake|p2a: Slowking
|-damage|p2a: Slowking|0 fnt
|faint|p2a: Slowking
|
|-heal|p1a: Excadrill|25/100|[from] item: Leftovers
|upkeep
|
|t:|1781098003
|switch|p2a: Enamorus|Enamorus-Therian, F|76/100
|-damage|p2a: Enamorus|51/100|[from] Stealth Rock
|turn|34
|
|t:|1781098009
|move|p1a: Excadrill|Rock Slide|p2a: Enamorus
|-supereffective|p2a: Enamorus
|-damage|p2a: Enamorus|18/100
|move|p2a: Enamorus|Iron Defense|p2a: Enamorus
|-boost|p2a: Enamorus|def|2
|
|-heal|p1a: Excadrill|31/100|[from] item: Leftovers
|-heal|p2a: Enamorus|24/100|[from] item: Leftovers
|upkeep
|turn|35
|
|t:|1781098015
|move|p1a: Excadrill|Rock Slide|p2a: Enamorus
|-supereffective|p2a: Enamorus
|-damage|p2a: Enamorus|5/100
|move|p2a: Enamorus|Draining Kiss|p1a: Excadrill
|-resisted|p1a: Excadrill
|-damage|p1a: Excadrill|17/100
|-heal|p2a: Enamorus|16/100|[from] drain|[of] p1a: Excadrill
|
|-heal|p1a: Excadrill|23/100|[from] item: Leftovers
|-heal|p2a: Enamorus|22/100|[from] item: Leftovers
|upkeep
|turn|36
|
|t:|1781098018
|move|p1a: Excadrill|Rock Slide|p2a: Enamorus
|-supereffective|p2a: Enamorus
|-damage|p2a: Enamorus|3/100
|move|p2a: Enamorus|Draining Kiss|p1a: Excadrill
|-resisted|p1a: Excadrill
|-damage|p1a: Excadrill|7/100
|-heal|p2a: Enamorus|15/100|[from] drain|[of] p1a: Excadrill
|
|-heal|p1a: Excadrill|13/100|[from] item: Leftovers
|-heal|p2a: Enamorus|21/100|[from] item: Leftovers
|upkeep
|turn|37
|
|t:|1781098025
|move|p1a: Excadrill|Rock Slide|p2a: Enamorus
|-supereffective|p2a: Enamorus
|-damage|p2a: Enamorus|4/100
|cant|p2a: Enamorus|flinch
|
|-heal|p1a: Excadrill|19/100|[from] item: Leftovers
|-heal|p2a: Enamorus|10/100|[from] item: Leftovers
|upkeep
|turn|38
|
|t:|1781098028
|move|p1a: Excadrill|Rock Slide|p2a: Enamorus
|-supereffective|p2a: Enamorus
|-damage|p2a: Enamorus|0 fnt
|faint|p2a: Enamorus
|
|win|Rj yoip
|raw|Rj yoip's rating: 1670 &rarr; <strong>1686</strong><br />(+16 for winning)
|raw|SlimyTime's rating: 1600 &rarr; <strong>1584</strong><br />(-16 for losing)
|l|☆SlimyTime
|player|p2|
|l|☆Rj yoip
|player|p1|
|l| nesnot
|l| RaynningOutside
