|j|☆overheat xyz
|j|☆newgensbetter
|t:|1781325204
|gametype|singles
|player|p1|overheat xyz|2|1676
|player|p2|newgensbetter|unknownf|1699
|gen|9
|tier|[Gen 9] OU
|rated|
|rule|HP Percentage Mod: HP is shown in percentages
|rule|Endless Battle Clause: Forcing endless battles is banned
|rule|Species Clause: Limit one of each Pokémon
|rule|OHKO Clause: OHKO moves are banned
|rule|Evasion Items Clause: Evasion items are banned
|rule|Evasion Moves Clause: Evasion moves are banned
|rule|Evasion Abilities Clause: Evasion abilities are banned
|rule|Sleep Moves Clause: Sleep-inducing moves are banned
|clearpoke
|poke|p1|Dragapult, F|
|poke|p1|Samurott-Hisui, M|
|poke|p1|Rillaboom, F|
|poke|p1|Slowking-Galar, M|
|poke|p1|Kingambit, M|
|poke|p1|Corviknight, F|
|poke|p2|Gholdengo|
|poke|p2|Dragonite, F|
|poke|p2|Raging Bolt|
|poke|p2|Great Tusk|
|poke|p2|Iron Valiant|
|poke|p2|Ting-Lu|
|teampreview
|inactive|Battle timer is ON: inactive players will automatically lose when time's up. (requested by newgensbetter)
|
|t:|1781325236
|teamsize|p1|6
|teamsize|p2|6
|start
|switch|p1a: Rillaboom|Rillaboom, F|100/100
|switch|p2a: Great Neck|Raging Bolt|100/100
|-fieldstart|move: Grassy Terrain|[from] ability: Grassy Surge|[of] p1a: Rillaboom
|turn|1
|
|t:|1781325240
|move|p1a: Rillaboom|U-turn|p2a: Great Neck
|-damage|p2a: Great Neck|65/100
|
|t:|1781325243
|switch|p1a: Slowking|Slowking-Galar, M|100/100|[from] U-turn
|move|p2a: Great Neck|Draco Meteor|p1a: Slowking
|-damage|p1a: Slowking|44/100
|-unboost|p2a: Great Neck|spa|2
|
|-heal|p2a: Great Neck|71/100|[from] Grassy Terrain
|-heal|p1a: Slowking|50/100|[from] Grassy Terrain
|upkeep
|turn|2
|
|t:|1781325251
|-end|p2a: Great Neck|Protosynthesis|[silent]
|switch|p2a: Ting-Lu|Ting-Lu|100/100
|-ability|p2a: Ting-Lu|Vessel of Ruin
|move|p1a: Slowking|Sludge Bomb|p2a: Ting-Lu
|-resisted|p2a: Ting-Lu
|-damage|p2a: Ting-Lu|90/100
|-status|p2a: Ting-Lu|psn
|
|-heal|p2a: Ting-Lu|96/100 psn|[from] Grassy Terrain
|-heal|p2a: Ting-Lu|100/100 psn|[from] item: Leftovers
|-heal|p1a: Slowking|56/100|[from] Grassy Terrain
|-damage|p2a: Ting-Lu|88/100 psn|[from] psn
|upkeep
|turn|3
|
|t:|1781325269
|switch|p1a: Samurott|Samurott-Hisui, M|100/100
|move|p2a: Ting-Lu|Stealth Rock|p1a: Samurott
|-sidestart|p1: overheat xyz|move: Stealth Rock
|
|-heal|p2a: Ting-Lu|94/100 psn|[from] Grassy Terrain
|-heal|p2a: Ting-Lu|100/100 psn|[from] item: Leftovers
|-damage|p2a: Ting-Lu|88/100 psn|[from] psn
|upkeep
|turn|4
|
|t:|1781325275
|switch|p2a: Great Tusk|Great Tusk|100/100
|move|p1a: Samurott|Aqua Cutter|p2a: Great Tusk
|-supereffective|p2a: Great Tusk
|-damage|p2a: Great Tusk|53/100
|
|-heal|p2a: Great Tusk|59/100|[from] Grassy Terrain
|upkeep
|turn|5
|
|t:|1781325282
|move|p1a: Samurott|Aqua Cutter|p2a: Great Tusk
|-supereffective|p2a: Great Tusk
|-damage|p2a: Great Tusk|6/100
|move|p2a: Great Tusk|Close Combat|p1a: Samurott
|-supereffective|p1a: Samurott
|-damage|p1a: Samurott|0 fnt
|-unboost|p2a: Great Tusk|def|1
|-unboost|p2a: Great Tusk|spd|1
|faint|p1a: Samurott
|
|-heal|p2a: Great Tusk|12/100|[from] Grassy Terrain
|-fieldend|move: Grassy Terrain
|upkeep
|
|t:|1781325294
|switch|p1a: Dragapult|Dragapult, F|100/100
|-damage|p1a: Dragapult|88/100|[from] Stealth Rock
|turn|6
|
|t:|1781325299
|-end|p2a: Great Tusk|Protosynthesis|[silent]
|switch|p2a: Ting-Lu|Ting-Lu|88/100 psn
|-ability|p2a: Ting-Lu|Vessel of Ruin
|move|p1a: Dragapult|U-turn|p2a: Ting-Lu
|-supereffective|p2a: Ting-Lu
|-damage|p2a: Ting-Lu|71/100 psn
|
|t:|1781325307
|switch|p1a: Rillaboom|Rillaboom, F|100/100|[from] U-turn
|-damage|p1a: Rillaboom|88/100|[from] Stealth Rock
|-fieldstart|move: Grassy Terrain|[from] ability: Grassy Surge|[of] p1a: Rillaboom
|
|-heal|p1a: Rillaboom|94/100|[from] Grassy Terrain
|-heal|p2a: Ting-Lu|77/100 psn|[from] Grassy Terrain
|-heal|p2a: Ting-Lu|83/100 psn|[from] item: Leftovers
|-damage|p2a: Ting-Lu|71/100 psn|[from] psn
|upkeep
|turn|7
|inactive|newgensbetter has 120 seconds left.
|
|t:|1781325344
|switch|p2a: Dragonite|Dragonite, F|100/100
|move|p1a: Rillaboom|U-turn|p2a: Dragonite
|-resisted|p2a: Dragonite
|-damage|p2a: Dragonite|89/100
|
|t:|1781325368
|switch|p1a: Kingambit|Kingambit, M|100/100|[from] U-turn
|-damage|p1a: Kingambit|94/100|[from] Stealth Rock
|-activate|p1a: Kingambit|ability: Supreme Overlord
|-start|p1a: Kingambit|fallen1|[silent]
|
|-heal|p1a: Kingambit|100/100|[from] Grassy Terrain
|upkeep
|turn|8
|inactive|newgensbetter has 120 seconds left.
|inactive|newgensbetter has 90 seconds left.
|
|t:|1781325409
|switch|p2a: Great Neck|Raging Bolt|71/100
|move|p1a: Kingambit|Swords Dance|p1a: Kingambit
|-boost|p1a: Kingambit|atk|2
|
|-heal|p2a: Great Neck|77/100|[from] Grassy Terrain
|upkeep
|turn|9
|
|t:|1781325417
|move|p2a: Great Neck|Thunderbolt|p1a: Kingambit
|-damage|p1a: Kingambit|17/100
|move|p1a: Kingambit|Kowtow Cleave|p2a: Great Neck
|-damage|p2a: Great Neck|0 fnt
|faint|p2a: Great Neck
|-end|p2a: Great Neck|Protosynthesis|[silent]
|
|-heal|p1a: Kingambit|23/100|[from] Grassy Terrain
|-heal|p1a: Kingambit|30/100|[from] item: Leftovers
|upkeep
|
|t:|1781325422
|switch|p2a: Iron Valiant|Iron Valiant|100/100
|-enditem|p2a: Iron Valiant|Booster Energy
|-activate|p2a: Iron Valiant|ability: Quark Drive|[fromitem]
|-start|p2a: Iron Valiant|quarkdrivespe
|turn|10
|
|t:|1781325435
|-end|p1a: Kingambit|fallen1|[silent]
|switch|p1a: Slowking|Slowking-Galar, M|90/100
|-damage|p1a: Slowking|77/100|[from] Stealth Rock
|move|p2a: Iron Valiant|Moonblast|p1a: Slowking
|-resisted|p1a: Slowking
|-damage|p1a: Slowking|64/100
|-unboost|p1a: Slowking|spa|1
|
|-heal|p1a: Slowking|70/100|[from] Grassy Terrain
|-fieldend|move: Grassy Terrain
|upkeep
|turn|11
|
|t:|1781325456
|-end|p2a: Iron Valiant|Quark Drive|[silent]
|switch|p2a: Ting-Lu|Ting-Lu|71/100 psn
|-ability|p2a: Ting-Lu|Vessel of Ruin
|move|p1a: Slowking|Future Sight|p2a: Ting-Lu
|-start|p1a: Slowking|move: Future Sight
|
|-heal|p2a: Ting-Lu|77/100 psn|[from] item: Leftovers
|-damage|p2a: Ting-Lu|65/100 psn|[from] psn
|upkeep
|turn|12
|
|t:|1781325466
|switch|p1a: Rillaboom|Rillaboom, F|94/100
|-damage|p1a: Rillaboom|82/100|[from] Stealth Rock
|-fieldstart|move: Grassy Terrain|[from] ability: Grassy Surge|[of] p1a: Rillaboom
|move|p2a: Ting-Lu|Ruination|p1a: Rillaboom
|-damage|p1a: Rillaboom|41/100
|
|-heal|p1a: Rillaboom|47/100|[from] Grassy Terrain
|-heal|p2a: Ting-Lu|71/100 psn|[from] Grassy Terrain
|-heal|p2a: Ting-Lu|77/100 psn|[from] item: Leftovers
|-damage|p2a: Ting-Lu|65/100 psn|[from] psn
|upkeep
|turn|13
|
|t:|1781325476
|switch|p2a: Great Tusk|Great Tusk|12/100
|move|p1a: Rillaboom|Wood Hammer|p2a: Great Tusk
|-supereffective|p2a: Great Tusk
|-damage|p2a: Great Tusk|0 fnt
|-damage|p1a: Rillaboom|31/100|[from] item: Rocky Helmet|[of] p2a: Great Tusk
|faint|p2a: Great Tusk
|-end|p2a: Great Tusk|Protosynthesis|[silent]
|-damage|p1a: Rillaboom|26/100|[from] Recoil
|
|-hint|Future Sight did not hit because the target is fainted.
|-heal|p1a: Rillaboom|32/100|[from] Grassy Terrain
|upkeep
|
|t:|1781325489
|switch|p2a: Dragonite|Dragonite, F|89/100
|turn|14
|
|t:|1781325509
|switch|p1a: Slowking|Slowking-Galar, M|100/100
|-damage|p1a: Slowking|88/100|[from] Stealth Rock
|move|p2a: Dragonite|Roost|p2a: Dragonite
|-heal|p2a: Dragonite|100/100
|-singleturn|p2a: Dragonite|move: Roost
|
|-heal|p1a: Slowking|94/100|[from] Grassy Terrain
|upkeep
|turn|15
|
|t:|1781325520
|move|p2a: Dragonite|Dragon Dance|p2a: Dragonite
|-boost|p2a: Dragonite|atk|1
|-boost|p2a: Dragonite|spe|1
|move|p1a: Slowking|Sludge Bomb|p2a: Dragonite
|-damage|p2a: Dragonite|79/100
|
|-heal|p1a: Slowking|99/100|[from] Grassy Terrain
|upkeep
|turn|16
|inactive|newgensbetter has 120 seconds left.
|
|t:|1781325538
|switch|p1a: Corviknight|Corviknight, F|100/100
|-damage|p1a: Corviknight|88/100|[from] Stealth Rock
|-ability|p1a: Corviknight|Pressure
|move|p2a: Dragonite|Roost|p2a: Dragonite
|-heal|p2a: Dragonite|100/100
|-singleturn|p2a: Dragonite|move: Roost
|
|-fieldend|move: Grassy Terrain
|upkeep
|turn|17
|inactive|overheat xyz has 120 seconds left.
|
|t:|1781325573
|switch|p2a: Gholdengo|Gholdengo|100/100
|move|p1a: Corviknight|Defog|p2a: Gholdengo
|-immune|p2a: Gholdengo|[from] ability: Good as Gold
|
|upkeep
|turn|18
|inactive|overheat xyz has 120 seconds left.
|
|t:|1781325588
|switch|p1a: Slowking|Slowking-Galar, M|100/100
|-damage|p1a: Slowking|88/100|[from] Stealth Rock
|move|p2a: Gholdengo|Shadow Ball|p1a: Slowking
|-supereffective|p1a: Slowking
|-damage|p1a: Slowking|13/100
|
|upkeep
|turn|19
|inactive|overheat xyz has 120 seconds left.
|
|t:|1781325617
|move|p2a: Gholdengo|Shadow Ball|p1a: Slowking
|-supereffective|p1a: Slowking
|-damage|p1a: Slowking|0 fnt
|faint|p1a: Slowking
|
|upkeep
|
|t:|1781325619
|switch|p1a: Kingambit|Kingambit, M|30/100
|-damage|p1a: Kingambit|23/100|[from] Stealth Rock
|-activate|p1a: Kingambit|ability: Supreme Overlord
|-start|p1a: Kingambit|fallen2|[silent]
|turn|20
|
|t:|1781325639
|switch|p2a: Ting-Lu|Ting-Lu|65/100 psn
|-ability|p2a: Ting-Lu|Vessel of Ruin
|move|p1a: Kingambit|Iron Head|p2a: Ting-Lu
|-damage|p2a: Ting-Lu|38/100 psn
|
|-heal|p1a: Kingambit|30/100|[from] item: Leftovers
|-heal|p2a: Ting-Lu|44/100 psn|[from] item: Leftovers
|-damage|p2a: Ting-Lu|32/100 psn|[from] psn
|upkeep
|turn|21
|inactive|overheat xyz has 120 seconds left.
|
|t:|1781325651
|move|p1a: Kingambit|Iron Head|p2a: Ting-Lu
|-damage|p2a: Ting-Lu|3/100 psn
|move|p2a: Ting-Lu|Whirlwind|p1a: Kingambit
|-end|p1a: Kingambit|fallen2|[silent]
|drag|p1a: Rillaboom|Rillaboom, F|32/100
|-damage|p1a: Rillaboom|20/100|[from] Stealth Rock
|-fieldstart|move: Grassy Terrain|[from] ability: Grassy Surge|[of] p1a: Rillaboom
|
|-heal|p1a: Rillaboom|26/100|[from] Grassy Terrain
|-heal|p2a: Ting-Lu|9/100 psn|[from] Grassy Terrain
|-heal|p2a: Ting-Lu|15/100 psn|[from] item: Leftovers
|-damage|p2a: Ting-Lu|3/100 psn|[from] psn
|upkeep
|turn|22
|inactive|overheat xyz has 120 seconds left.
|
|t:|1781325671
|move|p1a: Rillaboom|U-turn|p2a: Ting-Lu
|-supereffective|p2a: Ting-Lu
|-damage|p2a: Ting-Lu|0 fnt
|faint|p2a: Ting-Lu
|
|t:|1781325673
|switch|p1a: Kingambit|Kingambit, M|30/100|[from] U-turn
|-damage|p1a: Kingambit|23/100|[from] Stealth Rock
|-activate|p1a: Kingambit|ability: Supreme Overlord
|-start|p1a: Kingambit|fallen2|[silent]
|
|-heal|p1a: Kingambit|30/100|[from] Grassy Terrain
|-heal|p1a: Kingambit|36/100|[from] item: Leftovers
|upkeep
|
|t:|1781325699
|switch|p2a: Iron Valiant|Iron Valiant|100/100
|turn|23
|inactive|overheat xyz has 120 seconds left.
|
|t:|1781325722
|-end|p1a: Kingambit|fallen2|[silent]
|switch|p1a: Corviknight|Corviknight, F|88/100
|-damage|p1a: Corviknight|75/100|[from] Stealth Rock
|-ability|p1a: Corviknight|Pressure
|move|p2a: Iron Valiant|Moonblast|p1a: Corviknight
|-resisted|p1a: Corviknight
|-damage|p1a: Corviknight|52/100
|
|upkeep
|turn|24
|inactive|newgensbetter has 120 seconds left.
|
|t:|1781325758
|switch|p1a: Dragapult|Dragapult, F|88/100
|-damage|p1a: Dragapult|76/100|[from] Stealth Rock
|move|p2a: Iron Valiant|Calm Mind|p2a: Iron Valiant
|-boost|p2a: Iron Valiant|spa|1
|-boost|p2a: Iron Valiant|spd|1
|
|-heal|p1a: Dragapult|82/100|[from] Grassy Terrain
|upkeep
|turn|25
|
|t:|1781325766
|-terastallize|p1a: Dragapult|Ghost
|move|p1a: Dragapult|Shadow Ball|p2a: Iron Valiant
|-damage|p2a: Iron Valiant|18/100
|move|p2a: Iron Valiant|Shadow Ball|p1a: Dragapult
|-supereffective|p1a: Dragapult
|-damage|p1a: Dragapult|0 fnt
|faint|p1a: Dragapult
|
|-heal|p2a: Iron Valiant|24/100|[from] Grassy Terrain
|-fieldend|move: Grassy Terrain
|upkeep
|
|t:|1781325777
|switch|p1a: Rillaboom|Rillaboom, F|26/100
|-damage|p1a: Rillaboom|14/100|[from] Stealth Rock
|-fieldstart|move: Grassy Terrain|[from] ability: Grassy Surge|[of] p1a: Rillaboom
|turn|26
|
|t:|1781325781
|-end|p2a: Iron Valiant|Quark Drive|[silent]
|switch|p2a: Gholdengo|Gholdengo|100/100
|move|p1a: Rillaboom|Grassy Glide|p2a: Gholdengo
|-resisted|p2a: Gholdengo
|-damage|p2a: Gholdengo|68/100
|
|-heal|p1a: Rillaboom|20/100|[from] Grassy Terrain
|-heal|p2a: Gholdengo|74/100|[from] Grassy Terrain
|upkeep
|turn|27
|
|t:|1781325790
|switch|p1a: Corviknight|Corviknight, F|52/100
|-damage|p1a: Corviknight|40/100|[from] Stealth Rock
|-ability|p1a: Corviknight|Pressure
|move|p2a: Gholdengo|Shadow Ball|p1a: Corviknight
|-crit|p1a: Corviknight
|-damage|p1a: Corviknight|0 fnt
|faint|p1a: Corviknight
|
|-heal|p2a: Gholdengo|80/100|[from] Grassy Terrain
|upkeep
|
|t:|1781325792
|switch|p1a: Kingambit|Kingambit, M|36/100
|-damage|p1a: Kingambit|30/100|[from] Stealth Rock
|-activate|p1a: Kingambit|ability: Supreme Overlord
|-start|p1a: Kingambit|fallen4|[silent]
|turn|28
|
|t:|1781325799
|switch|p2a: Iron Valiant|Iron Valiant|24/100
|move|p1a: Kingambit|Swords Dance|p1a: Kingambit
|-boost|p1a: Kingambit|atk|2
|
|-heal|p2a: Iron Valiant|31/100|[from] Grassy Terrain
|-heal|p1a: Kingambit|36/100|[from] Grassy Terrain
|-heal|p1a: Kingambit|42/100|[from] item: Leftovers
|upkeep
|turn|29
|
|t:|1781325806
|move|p1a: Kingambit|Sucker Punch||[still]
|-fail|p1a: Kingambit
|move|p2a: Iron Valiant|Encore|p1a: Kingambit
|-start|p1a: Kingambit|Encore
|
|-heal|p2a: Iron Valiant|37/100|[from] Grassy Terrain
|-heal|p1a: Kingambit|48/100|[from] Grassy Terrain
|-heal|p1a: Kingambit|55/100|[from] item: Leftovers
|upkeep
|turn|30
|
|t:|1781325810
|move|p1a: Kingambit|Sucker Punch|p2a: Iron Valiant
|-resisted|p2a: Iron Valiant
|-damage|p2a: Iron Valiant|0 fnt
|faint|p2a: Iron Valiant
|-end|p2a: Iron Valiant|Quark Drive|[silent]
|
|-heal|p1a: Kingambit|61/100|[from] Grassy Terrain
|-heal|p1a: Kingambit|67/100|[from] item: Leftovers
|-fieldend|move: Grassy Terrain
|upkeep
|
|t:|1781325813
|switch|p2a: Dragonite|Dragonite, F|100/100
|turn|31
|
|t:|1781325825
|move|p1a: Kingambit|Sucker Punch||[still]
|-fail|p1a: Kingambit
|move|p2a: Dragonite|Dragon Dance|p2a: Dragonite
|-boost|p2a: Dragonite|atk|1
|-boost|p2a: Dragonite|spe|1
|
|-heal|p1a: Kingambit|73/100|[from] item: Leftovers
|upkeep
|turn|32
|
|t:|1781325828
|move|p1a: Kingambit|Sucker Punch|p2a: Dragonite
|-damage|p2a: Dragonite|39/100
|move|p2a: Dragonite|Earthquake|p1a: Kingambit
|-supereffective|p1a: Kingambit
|-damage|p1a: Kingambit|0 fnt
|faint|p1a: Kingambit
|-end|p1a: Kingambit|fallen4|[silent]
|
|upkeep
|
|t:|1781325832
|switch|p1a: Rillaboom|Rillaboom, F|20/100
|-damage|p1a: Rillaboom|8/100|[from] Stealth Rock
|-fieldstart|move: Grassy Terrain|[from] ability: Grassy Surge|[of] p1a: Rillaboom
|turn|33
|-message|overheat xyz forfeited.
|
|win|newgensbetter
|raw|overheat xyz's rating: 1676 &rarr; <strong>1659</strong><br />(-17 for losing)
|raw|newgensbetter's rating: 1725 &rarr; <strong>1742</strong><br />(+17 for winning)
|l|☆overheat xyz
|player|p1|
