|j|☆deathprofessor21
|j|☆AMBATUBLOUGH
|t:|1780934919
|gametype|singles
|player|p1|deathprofessor21|265|1574
|player|p2|AMBATUBLOUGH|acetrainercouple|1549
|gen|9
|tier|[Gen 9] OU
|rated|
|rule|HP Percentage Mod: HP is shown in percentages
|rule|Endless Battle Clause: Forcing endless battles is banned
|rule|Species Clause: Limit one of each Pokémon
|rule|OHKO Clause: OHKO moves are banned
|rule|Evasion Items Clause: Evasion items are banned
|rule|Evasion Moves Clause: Evasion moves are banned
|rule|Evasion Abilities Clause: Evasion abilities are banned
|rule|Sleep Moves Clause: Sleep-inducing moves are banned
|clearpoke
|poke|p1|Quaquaval, M|
|poke|p1|Raging Bolt|
|poke|p1|Primarina, M|
|poke|p1|Ceruledge, M|
|poke|p1|Great Tusk|
|poke|p1|Slowking-Galar, F|
|poke|p2|Zapdos-Galar|
|poke|p2|Blissey, F|
|poke|p2|Darkrai|
|poke|p2|Gliscor, F|
|poke|p2|Skarmory, F|
|poke|p2|Pecharunt|
|teampreview
|inactive|Battle timer is ON: inactive players will automatically lose when time's up. (requested by deathprofessor21)
|inactive|AMBATUBLOUGH also wants the timer to be on.
|inactive|AMBATUBLOUGH has 120 seconds left.
|
|t:|1780934970
|teamsize|p1|6
|teamsize|p2|6
|start
|switch|p1a: Primarina|Primarina, M|100/100
|switch|p2a: Da Kicker|Zapdos-Galar|100/100
|turn|1
|
|t:|1780934984
|move|p2a: Da Kicker|Brave Bird|p1a: Primarina
|-damage|p1a: Primarina|0 fnt
|faint|p1a: Primarina
|-damage|p2a: Da Kicker|63/100|[from] Recoil
|
|upkeep
|
|t:|1780934987
|switch|p1a: Raging Bolt|Raging Bolt|100/100
|turn|2
|
|t:|1780934994
|switch|p2a: Blissey|Blissey, F|100/100
|move|p1a: Raging Bolt|Volt Switch|p2a: Blissey
|-damage|p2a: Blissey|88/100
|
|t:|1780935006
|-end|p1a: Raging Bolt|Protosynthesis|[silent]
|switch|p1a: Great Tusk|Great Tusk|100/100|[from] Volt Switch
|
|upkeep
|turn|3
|
|t:|1780935012
|switch|p2a: Da Kicker|Zapdos-Galar|63/100
|move|p1a: Great Tusk|Stealth Rock|p2a: Da Kicker
|-sidestart|p2: AMBATUBLOUGH|move: Stealth Rock
|
|upkeep
|turn|4
|
|t:|1780935025
|-end|p1a: Great Tusk|Protosynthesis|[silent]
|switch|p1a: Raging Bolt|Raging Bolt|100/100
|move|p2a: Da Kicker|U-turn|p1a: Raging Bolt
|-damage|p1a: Raging Bolt|67/100
|
|t:|1780935040
|switch|p2a: Gliscor|Gliscor, F|100/100|[from] U-turn
|-damage|p2a: Gliscor|88/100|[from] Stealth Rock
|
|-status|p2a: Gliscor|tox|[from] item: Toxic Orb
|upkeep
|turn|5
|
|t:|1780935068
|-end|p1a: Raging Bolt|Protosynthesis|[silent]
|switch|p1a: Slowking|Slowking-Galar, F|100/100
|move|p2a: Gliscor|Protect||[still]
|-fail|p2a: Gliscor
|
|-heal|p2a: Gliscor|100/100 tox|[from] ability: Poison Heal
|upkeep
|turn|6
|
|t:|1780935081
|move|p2a: Gliscor|Swords Dance|p2a: Gliscor
|-boost|p2a: Gliscor|atk|2
|move|p1a: Slowking|Psychic Noise|p2a: Gliscor
|-damage|p2a: Gliscor|62/100 tox
|-start|p2a: Gliscor|move: Heal Block
|
|upkeep
|turn|7
|
|t:|1780935098
|move|p2a: Gliscor|Knock Off|p1a: Slowking
|-supereffective|p1a: Slowking
|-damage|p1a: Slowking|5/100
|-enditem|p1a: Slowking|Assault Vest|[from] move: Knock Off|[of] p2a: Gliscor
|move|p1a: Slowking|Psychic Noise|p2a: Gliscor
|-damage|p2a: Gliscor|24/100 tox
|
|-end|p2a: Gliscor|move: Heal Block
|upkeep
|turn|8
|
|t:|1780935113
|move|p2a: Gliscor|Knock Off|p1a: Slowking
|-supereffective|p1a: Slowking
|-damage|p1a: Slowking|0 fnt
|faint|p1a: Slowking
|
|-heal|p2a: Gliscor|37/100 tox|[from] ability: Poison Heal
|upkeep
|
|t:|1780935116
|switch|p1a: Quaquaval|Quaquaval, M, shiny|100/100
|turn|9
|
|t:|1780935135
|switch|p2a: Pecharunt|Pecharunt|100/100
|-damage|p2a: Pecharunt|88/100|[from] Stealth Rock
|-item|p2a: Pecharunt|Air Balloon
|move|p1a: Quaquaval|Bulk Up|p1a: Quaquaval
|-boost|p1a: Quaquaval|atk|1
|-boost|p1a: Quaquaval|def|1
|
|upkeep
|turn|10
|
|t:|1780935148
|move|p2a: Pecharunt|Malignant Chain|p1a: Quaquaval
|-damage|p1a: Quaquaval|72/100
|move|p1a: Quaquaval|Bulk Up|p1a: Quaquaval
|-boost|p1a: Quaquaval|atk|1
|-boost|p1a: Quaquaval|def|1
|
|upkeep
|turn|11
|
|t:|1780935155
|move|p2a: Pecharunt|Malignant Chain|p1a: Quaquaval
|-damage|p1a: Quaquaval|42/100
|move|p1a: Quaquaval|Aqua Step|p2a: Pecharunt
|-damage|p2a: Pecharunt|44/100
|-boost|p1a: Quaquaval|spe|1
|-enditem|p2a: Pecharunt|Air Balloon
|
|upkeep
|turn|12
|j| SilverDE
|
|t:|1780935165
|move|p1a: Quaquaval|Aqua Step|p2a: Pecharunt
|-damage|p2a: Pecharunt|2/100
|-boost|p1a: Quaquaval|spe|1
|move|p2a: Pecharunt|Malignant Chain|p1a: Quaquaval
|-damage|p1a: Quaquaval|14/100
|
|upkeep
|turn|13
|
|t:|1780935173
|move|p1a: Quaquaval|Roost|p1a: Quaquaval
|-heal|p1a: Quaquaval|64/100
|-singleturn|p1a: Quaquaval|move: Roost
|move|p2a: Pecharunt|Malignant Chain|p1a: Quaquaval
|-damage|p1a: Quaquaval|37/100
|-status|p1a: Quaquaval|tox
|-start|p1a: Quaquaval|confusion|[from] ability: Poison Puppeteer|[of] p2a: Pecharunt
|-enditem|p1a: Quaquaval|Lum Berry|[eat]
|-curestatus|p1a: Quaquaval|tox|[msg]
|-end|p1a: Quaquaval|confusion
|
|upkeep
|turn|14
|inactive|AMBATUBLOUGH has 120 seconds left.
|
|t:|1780935213
|move|p1a: Quaquaval|Aqua Step|p2a: Pecharunt
|-damage|p2a: Pecharunt|0 fnt
|-boost|p1a: Quaquaval|spe|1
|faint|p2a: Pecharunt
|-ability|p1a: Quaquaval|Moxie|boost
|-boost|p1a: Quaquaval|atk|1
|
|upkeep
|
|t:|1780935217
|switch|p2a: Skarmory|Skarmory, F|100/100
|-damage|p2a: Skarmory|88/100|[from] Stealth Rock
|turn|15
|j| hgghgbc
|inactive|AMBATUBLOUGH has 120 seconds left.
|
|t:|1780935235
|-terastallize|p1a: Quaquaval|Ice
|move|p1a: Quaquaval|Aqua Step|p2a: Skarmory
|-damage|p2a: Skarmory|31/100
|-boost|p1a: Quaquaval|spe|1
|-damage|p1a: Quaquaval|20/100|[from] item: Rocky Helmet|[of] p2a: Skarmory
|move|p2a: Skarmory|Whirlwind|p1a: Quaquaval
|drag|p1a: Ceruledge|Ceruledge, M|100/100
|
|upkeep
|turn|16
|inactive|AMBATUBLOUGH has 120 seconds left.
|l| hgghgbc
|
|t:|1780935269
|switch|p2a: Blissey|Blissey, F|88/100
|move|p1a: Ceruledge|Swords Dance|p1a: Ceruledge
|-boost|p1a: Ceruledge|atk|2
|
|upkeep
|turn|17
|inactive|AMBATUBLOUGH has 90 seconds left.
|
|t:|1780935300
|-terastallize|p2a: Blissey|Water
|move|p1a: Ceruledge|Bitter Blade|p2a: Blissey
|-resisted|p2a: Blissey
|-damage|p2a: Blissey|37/100
|move|p2a: Blissey|Thunder Wave|p1a: Ceruledge
|-status|p1a: Ceruledge|par
|
|upkeep
|turn|18
|inactive|AMBATUBLOUGH has 60 seconds left.
|
|t:|1780935345
|move|p2a: Blissey|Stealth Rock|p1a: Ceruledge
|-sidestart|p1: deathprofessor21|move: Stealth Rock
|move|p1a: Ceruledge|Bitter Blade|p2a: Blissey
|-resisted|p2a: Blissey
|-damage|p2a: Blissey|0 fnt
|faint|p2a: Blissey
|
|upkeep
|
|t:|1780935361
|switch|p2a: Skarmory|Skarmory, F|31/100
|-damage|p2a: Skarmory|18/100|[from] Stealth Rock
|turn|19
|
|t:|1780935369
|move|p1a: Ceruledge|Swords Dance|p1a: Ceruledge
|-boost|p1a: Ceruledge|atk|2
|move|p2a: Skarmory|Whirlwind|p1a: Ceruledge
|drag|p1a: Raging Bolt|Raging Bolt|67/100
|-damage|p1a: Raging Bolt|55/100|[from] Stealth Rock
|
|upkeep
|turn|20
|
|t:|1780935379
|move|p1a: Raging Bolt|Draco Meteor|p2a: Skarmory
|-resisted|p2a: Skarmory
|-damage|p2a: Skarmory|0 fnt
|-unboost|p1a: Raging Bolt|spa|2
|faint|p2a: Skarmory
|
|upkeep
|inactive|AMBATUBLOUGH has 30 seconds left.
|inactive|AMBATUBLOUGH no longer wants the timer on, but the timer is staying on because deathprofessor21 still does.
|inactive|AMBATUBLOUGH has 20 seconds left.
|
|t:|1780935423
|switch|p2a: Darkrai|Darkrai|100/100
|turn|21
|inactive|AMBATUBLOUGH has 30 seconds left this turn.
|
|t:|1780935435
|-end|p1a: Raging Bolt|Protosynthesis|[silent]
|switch|p1a: Quaquaval|Quaquaval, M, shiny, tera:Ice|20/100
|-damage|p1a: Quaquaval|0 fnt|[from] Stealth Rock
|faint|p1a: Quaquaval
|move|p2a: Darkrai|Ice Beam|p1: Quaquaval|[notarget]
|-fail|p2a: Darkrai
|
|upkeep
|
|t:|1780935445
|switch|p1a: Ceruledge|Ceruledge, M|100/100 par
|-damage|p1a: Ceruledge|76/100 par|[from] Stealth Rock
|turn|22
|
|t:|1780935451
|move|p2a: Darkrai|Dark Pulse|p1a: Ceruledge
|-supereffective|p1a: Ceruledge
|-damage|p1a: Ceruledge|0 fnt
|faint|p1a: Ceruledge
|
|upkeep
|
|t:|1780935454
|switch|p1a: Great Tusk|Great Tusk|100/100
|-damage|p1a: Great Tusk|98/100|[from] Stealth Rock
|turn|23
|inactive|AMBATUBLOUGH has 30 seconds left.
|
|t:|1780935481
|move|p2a: Darkrai|Ice Beam|p1a: Great Tusk
|-supereffective|p1a: Great Tusk
|-damage|p1a: Great Tusk|0 fnt
|faint|p1a: Great Tusk
|-end|p1a: Great Tusk|Protosynthesis|[silent]
|
|upkeep
|-message|deathprofessor21 forfeited.
|
|win|AMBATUBLOUGH
|raw|deathprofessor21's rating: 1574 &rarr; <strong>1553</strong><br />(-21 for losing)
|raw|AMBATUBLOUGH's rating: 1549 &rarr; <strong>1570</strong><br />(+21 for winning)
|l|☆deathprofessor21
|player|p1|
|c|☆AMBATUBLOUGH|gg
|l|☆AMBATUBLOUGH
|player|p2|
