|j|☆bfrhnnlfhroh
|j|☆goonarmy
|t:|1781559122
|gametype|singles
|player|p1|bfrhnnlfhroh|102|1627
|player|p2|goonarmy|hiker-gen4|1625
|gen|9
|tier|[Gen 9] OU
|rated|
|rule|HP Percentage Mod: HP is shown in percentages
|rule|Endless Battle Clause: Forcing endless battles is banned
|rule|Species Clause: Limit one of each Pokémon
|rule|OHKO Clause: OHKO moves are banned
|rule|Evasion Items Clause: Evasion items are banned
|rule|Evasion Moves Clause: Evasion moves are banned
|rule|Evasion Abilities Clause: Evasion abilities are banned
|rule|Sleep Moves Clause: Sleep-inducing moves are banned
|clearpoke
|poke|p1|Walking Wake|
|poke|p1|Great Tusk|
|poke|p1|Ninetales, M|
|poke|p1|Cinderace, F|
|poke|p1|Raging Bolt|
|poke|p1|Glimmora, F|
|poke|p2|Gholdengo|
|poke|p2|Ting-Lu|
|poke|p2|Zamazenta-*|
|poke|p2|Deoxys-Speed|
|poke|p2|Dragonite, M|
|poke|p2|Clefable, F|
|teampreview
|inactive|Battle timer is ON: inactive players will automatically lose when time's up. (requested by bfrhnnlfhroh)
|
|t:|1781559156
|teamsize|p1|6
|teamsize|p2|6
|start
|switch|p1a: Cinderace|Cinderace, F|100/100
|switch|p2a: Clefable|Clefable, F|100/100
|turn|1
|
|t:|1781559185
|move|p1a: Cinderace|U-turn|p2a: Clefable
|-start|p1a: Cinderace|typechange|Bug|[from] ability: Libero
|-resisted|p2a: Clefable
|-damage|p2a: Clefable|79/100
|-damage|p1a: Cinderace|84/100|[from] item: Rocky Helmet|[of] p2a: Clefable
|
|t:|1781559193
|switch|p1a: Glimmora|Glimmora, F|100/100|[from] U-turn
|move|p2a: Clefable|Knock Off|p1a: Glimmora
|-damage|p1a: Glimmora|82/100
|-activate|p1a: Glimmora|ability: Toxic Debris
|-sidestart|p2: goonarmy|move: Toxic Spikes
|-enditem|p1a: Glimmora|Focus Sash|[from] move: Knock Off|[of] p2a: Clefable
|
|upkeep
|turn|2
|
|t:|1781559203
|switch|p2a: Ting-Lu|Ting-Lu|100/100
|-status|p2a: Ting-Lu|psn
|-ability|p2a: Ting-Lu|Vessel of Ruin
|move|p1a: Glimmora|Stealth Rock|p2a: Ting-Lu
|-sidestart|p2: goonarmy|move: Stealth Rock
|
|-damage|p2a: Ting-Lu|88/100 psn|[from] psn
|upkeep
|turn|3
|
|t:|1781559216
|switch|p1a: fast|Great Tusk|100/100
|move|p2a: Ting-Lu|Earthquake|p1a: fast
|-damage|p1a: fast|76/100
|
|-heal|p1a: fast|82/100|[from] item: Leftovers
|-damage|p2a: Ting-Lu|76/100 psn|[from] psn
|upkeep
|turn|4
|j| nepturee
|
|t:|1781559227
|switch|p2a: Clefable|Clefable, F|79/100
|-status|p2a: Clefable|psn
|move|p1a: fast|Ice Spinner|p2a: Clefable
|-damage|p2a: Clefable|58/100 psn
|-damage|p1a: fast|66/100|[from] item: Rocky Helmet|[of] p2a: Clefable
|
|-heal|p1a: fast|72/100|[from] item: Leftovers
|upkeep
|turn|5
|
|t:|1781559237
|-end|p1a: fast|Protosynthesis|[silent]
|switch|p1a: Glimmora|Glimmora, F|82/100
|move|p2a: Clefable|Moonblast|p1a: Glimmora
|-resisted|p1a: Glimmora
|-damage|p1a: Glimmora|59/100
|
|upkeep
|turn|6
|
|t:|1781559243
|move|p1a: Glimmora|Sludge Wave|p2a: Clefable
|-supereffective|p2a: Clefable
|-damage|p2a: Clefable|0 fnt
|faint|p2a: Clefable
|
|upkeep
|
|t:|1781559247
|switch|p2a: Ting-Lu|Ting-Lu|76/100 psn
|-damage|p2a: Ting-Lu|69/100 psn|[from] Stealth Rock
|-ability|p2a: Ting-Lu|Vessel of Ruin
|turn|7
|
|t:|1781559253
|switch|p1a: fast|Great Tusk|72/100
|move|p2a: Ting-Lu|Earthquake|p1a: fast
|-damage|p1a: fast|47/100
|
|-heal|p1a: fast|53/100|[from] item: Leftovers
|-damage|p2a: Ting-Lu|57/100 psn|[from] psn
|upkeep
|turn|8
|l| nepturee
|
|t:|1781559268
|move|p1a: fast|Bulk Up|p1a: fast
|-boost|p1a: fast|atk|1
|-boost|p1a: fast|def|1
|move|p2a: Ting-Lu|Earthquake|p1a: fast
|-damage|p1a: fast|37/100
|
|-heal|p1a: fast|44/100|[from] item: Leftovers
|-damage|p2a: Ting-Lu|44/100 psn|[from] psn
|upkeep
|turn|9
|j| nepturee
|
|t:|1781559277
|move|p1a: fast|Ice Spinner|p2a: Ting-Lu
|-supereffective|p2a: Ting-Lu
|-damage|p2a: Ting-Lu|8/100 psn
|-damage|p1a: fast|27/100|[from] item: Rocky Helmet|[of] p2a: Ting-Lu
|move|p2a: Ting-Lu|Whirlwind|p1a: fast
|-end|p1a: fast|Protosynthesis|[silent]
|drag|p1a: Cinderace|Cinderace, F|84/100
|
|-damage|p2a: Ting-Lu|0 fnt|[from] psn
|faint|p2a: Ting-Lu
|upkeep
|
|t:|1781559290
|switch|p2a: Zamazenta|Zamazenta|100/100
|-ability|p2a: Zamazenta|Dauntless Shield|boost
|-boost|p2a: Zamazenta|def|1
|turn|10
|
|t:|1781559304
|switch|p1a: good|Ninetales, M|100/100
|-weather|SunnyDay|[from] ability: Drought|[of] p1a: good
|move|p2a: Zamazenta|Stone Edge|p1a: good
|-supereffective|p1a: good
|-damage|p1a: good|24/100
|
|-weather|SunnyDay|[upkeep]
|upkeep
|turn|11
|
|t:|1781559316
|switch|p1a: Glimmora|Glimmora, F|59/100
|move|p2a: Zamazenta|Crunch|p1a: Glimmora
|-damage|p1a: Glimmora|30/100
|-unboost|p1a: Glimmora|def|1
|-activate|p1a: Glimmora|ability: Toxic Debris
|-sidestart|p2: goonarmy|move: Toxic Spikes
|
|-weather|SunnyDay|[upkeep]
|upkeep
|turn|12
|
|t:|1781559329
|move|p2a: Zamazenta|Ice Fang|p1a: Glimmora
|-damage|p1a: Glimmora|0 fnt
|faint|p1a: Glimmora
|
|-weather|SunnyDay|[upkeep]
|upkeep
|
|t:|1781559334
|switch|p1a: fast strong|Walking Wake|100/100
|-activate|p1a: fast strong|ability: Protosynthesis
|-start|p1a: fast strong|protosynthesisspe
|turn|13
|
|t:|1781559340
|-terastallize|p1a: fast strong|Water
|move|p1a: fast strong|Hydro Steam|p2a: Zamazenta
|-damage|p2a: Zamazenta|0 fnt
|faint|p2a: Zamazenta
|
|-weather|SunnyDay|[upkeep]
|upkeep
|
|t:|1781559359
|switch|p2a: Dragonite|Dragonite, M|100/100
|turn|14
|
|t:|1781559389
|-terastallize|p2a: Dragonite|Normal
|move|p2a: Dragonite|Extreme Speed|p1a: fast strong
|-damage|p1a: fast strong|54/100
|move|p1a: fast strong|Hydro Steam|p2a: Dragonite
|-damage|p2a: Dragonite|45/100
|
|-weather|SunnyDay|[upkeep]
|upkeep
|turn|15
|
|t:|1781559398
|move|p2a: Dragonite|Extreme Speed|p1a: fast strong
|-damage|p1a: fast strong|5/100
|move|p1a: fast strong|Hydro Steam|p2a: Dragonite
|-damage|p2a: Dragonite|0 fnt
|faint|p2a: Dragonite
|
|-weather|SunnyDay|[upkeep]
|upkeep
|-message|goonarmy forfeited.
|
|win|bfrhnnlfhroh
|raw|bfrhnnlfhroh's rating: 1627 &rarr; <strong>1647</strong><br />(+20 for winning)
|raw|goonarmy's rating: 1625 &rarr; <strong>1605</strong><br />(-20 for losing)
|l|☆goonarmy
|player|p2|
|l|☆bfrhnnlfhroh
|player|p1|
|l| nepturee
