|j|☆GreninjaMyFav
|j|☆msean3
|t:|1781208360
|gametype|singles
|player|p1|GreninjaMyFav|skyla|1721
|player|p2|msean3|101|1786
|gen|9
|tier|[Gen 9] OU
|rated|
|rule|HP Percentage Mod: HP is shown in percentages
|rule|Endless Battle Clause: Forcing endless battles is banned
|rule|Species Clause: Limit one of each Pokémon
|rule|OHKO Clause: OHKO moves are banned
|rule|Evasion Items Clause: Evasion items are banned
|rule|Evasion Moves Clause: Evasion moves are banned
|rule|Evasion Abilities Clause: Evasion abilities are banned
|rule|Sleep Moves Clause: Sleep-inducing moves are banned
|clearpoke
|poke|p1|Greninja-*, M|
|poke|p1|Raging Bolt|
|poke|p1|Kingambit, F|
|poke|p1|Great Tusk|
|poke|p1|Slowking-Galar, M|
|poke|p1|Corviknight, F|
|poke|p2|Tinkaton, F|
|poke|p2|Ogerpon, F|
|poke|p2|Great Tusk|
|poke|p2|Pecharunt|
|poke|p2|Alomomola, M|
|poke|p2|Hydreigon, M|
|teampreview
|
|t:|1781208371
|teamsize|p1|6
|teamsize|p2|6
|start
|switch|p1a: Raging Bolt|Raging Bolt|100/100
|switch|p2a: Pisces|Alomomola, M, shiny|100/100
|turn|1
|
|t:|1781208375
|move|p1a: Raging Bolt|Draco Meteor|p2a: Pisces
|-damage|p2a: Pisces|45/100
|-unboost|p1a: Raging Bolt|spa|2
|move|p2a: Pisces|Mirror Coat|p1a: Raging Bolt
|-damage|p1a: Raging Bolt|0 fnt
|faint|p1a: Raging Bolt
|-end|p1a: Raging Bolt|Protosynthesis|[silent]
|
|upkeep
|
|t:|1781208379
|switch|p1a: Kingambit|Kingambit, F|100/100
|-activate|p1a: Kingambit|ability: Supreme Overlord
|-start|p1a: Kingambit|fallen1|[silent]
|turn|2
|
|t:|1781208382
|move|p1a: Kingambit|Iron Head|p2a: Pisces
|-resisted|p2a: Pisces
|-damage|p2a: Pisces|23/100
|move|p2a: Pisces|Flip Turn|p1a: Kingambit
|-damage|p1a: Kingambit|88/100
|
|t:|1781208384
|switch|p2a: Behemoth|Great Tusk, shiny|100/100|[from] Flip Turn
|
|upkeep
|turn|3
|
|t:|1781208387
|-end|p1a: Kingambit|fallen1|[silent]
|switch|p1a: Corviknight|Corviknight, F|100/100
|-ability|p1a: Corviknight|Pressure
|move|p2a: Behemoth|Close Combat|p1a: Corviknight
|-damage|p1a: Corviknight|66/100
|-unboost|p2a: Behemoth|def|1
|-unboost|p2a: Behemoth|spd|1
|-damage|p2a: Behemoth|84/100|[from] item: Rocky Helmet|[of] p1a: Corviknight
|
|upkeep
|turn|4
|
|t:|1781208392
|-end|p2a: Behemoth|Protosynthesis|[silent]
|switch|p2a: Smile.exe|Tinkaton, F, shiny|100/100
|-item|p2a: Smile.exe|Air Balloon
|move|p1a: Corviknight|U-turn|p2a: Smile.exe
|-resisted|p2a: Smile.exe
|-damage|p2a: Smile.exe|95/100
|-enditem|p2a: Smile.exe|Air Balloon
|-enditem|p1a: Corviknight|Rocky Helmet|[silent]|[from] ability: Pickpocket|[of] p1a: Corviknight
|-item|p2a: Smile.exe|Rocky Helmet|[from] ability: Pickpocket|[of] p1a: Corviknight
|
|t:|1781208395
|switch|p1a: Great Tusk|Great Tusk|100/100|[from] U-turn
|
|upkeep
|turn|5
|
|t:|1781208403
|switch|p2a: Anonymous|Ogerpon, F|100/100
|move|p1a: Great Tusk|Stealth Rock|p2a: Anonymous
|-sidestart|p2: msean3|move: Stealth Rock
|
|upkeep
|turn|6
|
|t:|1781208407
|-end|p1a: Great Tusk|Protosynthesis|[silent]
|switch|p1a: Corviknight|Corviknight, F|66/100
|-ability|p1a: Corviknight|Pressure
|move|p2a: Anonymous|U-turn|p1a: Corviknight
|-resisted|p1a: Corviknight
|-damage|p1a: Corviknight|61/100
|
|t:|1781208418
|switch|p2a: Smile.exe|Tinkaton, F, shiny|95/100|[from] U-turn
|-damage|p2a: Smile.exe|89/100|[from] Stealth Rock
|
|upkeep
|turn|7
|
|t:|1781208423
|move|p2a: Smile.exe|Stealth Rock|p1a: Corviknight
|-sidestart|p1: GreninjaMyFav|move: Stealth Rock
|move|p1a: Corviknight|Roost|p1a: Corviknight
|-heal|p1a: Corviknight|100/100
|-singleturn|p1a: Corviknight|move: Roost
|
|upkeep
|turn|8
|
|t:|1781208426
|switch|p1a: Great Tusk|Great Tusk|100/100
|move|p2a: Smile.exe|Encore||[still]
|-fail|p2a: Smile.exe
|
|upkeep
|turn|9
|
|t:|1781208431
|-end|p1a: Great Tusk|Protosynthesis|[silent]
|switch|p1a: Greninja|Greninja, M|100/100
|-damage|p1a: Greninja|88/100|[from] Stealth Rock
|move|p2a: Smile.exe|Ice Hammer|p1a: Greninja
|-resisted|p1a: Greninja
|-damage|p1a: Greninja|69/100
|-unboost|p2a: Smile.exe|spe|1
|
|upkeep
|turn|10
|
|t:|1781208436
|switch|p2a: Pisces|Alomomola, M, shiny|57/100
|-damage|p2a: Pisces|44/100|[from] Stealth Rock
|move|p1a: Greninja|Hydro Pump|p2a: Pisces
|-start|p1a: Greninja|typechange|Water|[from] ability: Protean
|-resisted|p2a: Pisces
|-damage|p2a: Pisces|26/100
|
|upkeep
|turn|11
|-message|GreninjaMyFav forfeited.
|
|win|msean3
|raw|GreninjaMyFav's rating: 1721 &rarr; <strong>1705</strong><br />(-16 for losing)
|raw|msean3's rating: 1786 &rarr; <strong>1802</strong><br />(+16 for winning)
|l|☆GreninjaMyFav
|player|p1|
|l|☆msean3
|player|p2|
