|j|☆kingjot
|j|☆2001civic
|t:|1780931771
|gametype|singles
|player|p1|kingjot|caitlin|1580
|player|p2|2001civic|1|1654
|gen|9
|tier|[Gen 9] OU
|rated|
|rule|HP Percentage Mod: HP is shown in percentages
|rule|Endless Battle Clause: Forcing endless battles is banned
|rule|Species Clause: Limit one of each Pokémon
|rule|OHKO Clause: OHKO moves are banned
|rule|Evasion Items Clause: Evasion items are banned
|rule|Evasion Moves Clause: Evasion moves are banned
|rule|Evasion Abilities Clause: Evasion abilities are banned
|rule|Sleep Moves Clause: Sleep-inducing moves are banned
|clearpoke
|poke|p1|Lokix, M|
|poke|p1|Iron Crown|
|poke|p1|Gliscor, M|
|poke|p1|Garganacl, M|
|poke|p1|Pecharunt|
|poke|p1|Cinderace, F|
|poke|p2|Torkoal, M|
|poke|p2|Great Tusk|
|poke|p2|Walking Wake|
|poke|p2|Kingambit, M|
|poke|p2|Slither Wing|
|poke|p2|Venusaur, F|
|teampreview
|inactive|Battle timer is ON: inactive players will automatically lose when time's up. (requested by kingjot)
|
|t:|1780931824
|teamsize|p1|6
|teamsize|p2|6
|start
|switch|p1a: Lokix|Lokix, M, shiny|100/100
|switch|p2a: Torkoal|Torkoal, M|100/100
|-weather|SunnyDay|[from] ability: Drought|[of] p2a: Torkoal
|turn|1
|
|t:|1780931834
|move|p1a: Lokix|U-turn|p2a: Torkoal
|-resisted|p2a: Torkoal
|-damage|p2a: Torkoal|78/100
|
|t:|1780931837
|switch|p1a: Garganacl|Garganacl, M|100/100|[from] U-turn
|move|p2a: Torkoal|Lava Plume|p1a: Garganacl
|-resisted|p1a: Garganacl
|-crit|p1a: Garganacl
|-damage|p1a: Garganacl|81/100
|
|-weather|SunnyDay|[upkeep]
|-heal|p1a: Garganacl|87/100|[from] item: Leftovers
|upkeep
|turn|2
|
|t:|1780931842
|switch|p2a: Venusaur|Venusaur, F|100/100
|move|p1a: Garganacl|Salt Cure|p2a: Venusaur
|-damage|p2a: Venusaur|82/100
|-start|p2a: Venusaur|Salt Cure
|
|-weather|SunnyDay|[upkeep]
|-heal|p1a: Garganacl|94/100|[from] item: Leftovers
|-damage|p2a: Venusaur|70/100|[from] Salt Cure
|upkeep
|turn|3
|
|t:|1780931855
|switch|p1a: Lokix|Lokix, M, shiny|100/100
|move|p2a: Venusaur|Growth|p2a: Venusaur
|-boost|p2a: Venusaur|atk|2
|-boost|p2a: Venusaur|spa|2
|
|-weather|SunnyDay|[upkeep]
|-damage|p2a: Venusaur|57/100|[from] Salt Cure
|upkeep
|turn|4
|
|t:|1780931868
|switch|p2a: Slither Wing|Slither Wing|100/100
|-activate|p2a: Slither Wing|ability: Protosynthesis
|-start|p2a: Slither Wing|protosynthesisatk
|move|p1a: Lokix|First Impression|p2a: Slither Wing
|-resisted|p2a: Slither Wing
|-damage|p2a: Slither Wing|34/100
|
|-weather|SunnyDay|[upkeep]
|upkeep
|turn|5
|
|t:|1780931879
|move|p1a: Lokix|Sucker Punch|p2a: Slither Wing
|-resisted|p2a: Slither Wing
|-damage|p2a: Slither Wing|0 fnt
|faint|p2a: Slither Wing
|-end|p2a: Slither Wing|Protosynthesis|[silent]
|
|-weather|SunnyDay|[upkeep]
|upkeep
|
|t:|1780931887
|switch|p2a: Walking Wake|Walking Wake|100/100
|-activate|p2a: Walking Wake|ability: Protosynthesis
|-start|p2a: Walking Wake|protosynthesisspe
|turn|6
|
|t:|1780931901
|switch|p1a: Pecharunt|Pecharunt|100/100
|move|p2a: Walking Wake|Hydro Steam|p1a: Pecharunt
|-damage|p1a: Pecharunt|13/100
|
|-weather|SunnyDay|[upkeep]
|upkeep
|turn|7
|
|t:|1780931918
|move|p2a: Walking Wake|Hydro Steam|p1a: Pecharunt
|-damage|p1a: Pecharunt|0 fnt
|faint|p1a: Pecharunt
|
|-weather|SunnyDay|[upkeep]
|upkeep
|
|t:|1780931923
|switch|p1a: Iron Crown|Iron Crown|100/100
|turn|8
|
|t:|1780931938
|-terastallize|p2a: Walking Wake|Water
|move|p2a: Walking Wake|Hydro Steam|p1a: Iron Crown
|-damage|p1a: Iron Crown|0 fnt
|faint|p1a: Iron Crown
|-end|p1a: Iron Crown|Quark Drive|[silent]
|
|-weather|none
|-end|p2a: Walking Wake|Protosynthesis
|upkeep
|
|t:|1780931946
|switch|p1a: Garganacl|Garganacl, M|94/100
|turn|9
|
|t:|1780931950
|-end|p2a: Walking Wake|Protosynthesis|[silent]
|switch|p2a: Venusaur|Venusaur, F|57/100
|-terastallize|p1a: Garganacl|Water
|move|p1a: Garganacl|Salt Cure|p2a: Venusaur
|-damage|p2a: Venusaur|38/100
|-start|p2a: Venusaur|Salt Cure
|
|-heal|p1a: Garganacl|99/100|[from] item: Leftovers
|-damage|p2a: Venusaur|26/100|[from] Salt Cure
|upkeep
|turn|10
|
|t:|1780931957
|switch|p2a: Torkoal|Torkoal, M|78/100
|-weather|SunnyDay|[from] ability: Drought|[of] p2a: Torkoal
|switch|p1a: Lokix|Lokix, M, shiny|100/100
|
|-weather|SunnyDay|[upkeep]
|upkeep
|turn|11
|
|t:|1780931967
|switch|p2a: Venusaur|Venusaur, F|26/100
|move|p1a: Lokix|U-turn|p2a: Venusaur
|-damage|p2a: Venusaur|0 fnt
|faint|p2a: Venusaur
|
|t:|1780931973
|switch|p1a: Gliscor|Gliscor, M|100/100|[from] U-turn
|
|-weather|SunnyDay|[upkeep]
|-status|p1a: Gliscor|tox|[from] item: Toxic Orb
|upkeep
|
|t:|1780931977
|switch|p2a: Walking Wake|Walking Wake, tera:Water|100/100
|-activate|p2a: Walking Wake|ability: Protosynthesis
|-start|p2a: Walking Wake|protosynthesisspe
|turn|12
|
|t:|1780931980
|move|p1a: Gliscor|Protect|p1a: Gliscor
|-singleturn|p1a: Gliscor|Protect
|move|p2a: Walking Wake|Draco Meteor|p1a: Gliscor
|-activate|p1a: Gliscor|move: Protect
|
|-weather|SunnyDay|[upkeep]
|upkeep
|turn|13
|
|t:|1780931997
|move|p2a: Walking Wake|Draco Meteor|p1a: Gliscor|[miss]
|-miss|p2a: Walking Wake|p1a: Gliscor
|move|p1a: Gliscor|Facade|p2a: Walking Wake
|-damage|p2a: Walking Wake|65/100
|
|-weather|SunnyDay|[upkeep]
|upkeep
|turn|14
|
|t:|1780932004
|move|p2a: Walking Wake|Draco Meteor|p1a: Gliscor|[miss]
|-miss|p2a: Walking Wake|p1a: Gliscor
|move|p1a: Gliscor|Earthquake|p2a: Walking Wake
|-damage|p2a: Walking Wake|20/100
|
|-weather|SunnyDay|[upkeep]
|upkeep
|turn|15
|c|☆kingjot|LOL
|
|t:|1780932011
|move|p2a: Walking Wake|Draco Meteor|p1a: Gliscor
|-damage|p1a: Gliscor|0 fnt
|-unboost|p2a: Walking Wake|spa|2
|faint|p1a: Gliscor
|
|-weather|SunnyDay|[upkeep]
|upkeep
|
|t:|1780932014
|switch|p1a: Lokix|Lokix, M, shiny|100/100
|turn|16
|
|t:|1780932018
|-end|p2a: Walking Wake|Protosynthesis|[silent]
|switch|p2a: Great Tusk|Great Tusk|100/100
|-activate|p2a: Great Tusk|ability: Protosynthesis
|-start|p2a: Great Tusk|protosynthesisspe
|move|p1a: Lokix|First Impression|p2a: Great Tusk
|-resisted|p2a: Great Tusk
|-damage|p2a: Great Tusk|68/100
|
|-weather|SunnyDay|[upkeep]
|-heal|p2a: Great Tusk|74/100|[from] item: Leftovers
|upkeep
|turn|17
|
|t:|1780932030
|switch|p1a: Garganacl|Garganacl, M, tera:Water|99/100
|move|p2a: Great Tusk|Bulk Up|p2a: Great Tusk
|-boost|p2a: Great Tusk|atk|1
|-boost|p2a: Great Tusk|def|1
|
|-weather|none
|-end|p2a: Great Tusk|Protosynthesis
|-heal|p2a: Great Tusk|81/100|[from] item: Leftovers
|-heal|p1a: Garganacl|100/100|[from] item: Leftovers
|upkeep
|turn|18
|
|t:|1780932035
|move|p2a: Great Tusk|Bulk Up|p2a: Great Tusk
|-boost|p2a: Great Tusk|atk|1
|-boost|p2a: Great Tusk|def|1
|move|p1a: Garganacl|Salt Cure|p2a: Great Tusk
|-resisted|p2a: Great Tusk
|-damage|p2a: Great Tusk|80/100
|-start|p2a: Great Tusk|Salt Cure
|
|-heal|p2a: Great Tusk|86/100|[from] item: Leftovers
|-damage|p2a: Great Tusk|73/100|[from] Salt Cure
|upkeep
|turn|19
|
|t:|1780932041
|switch|p1a: Cinderace|Cinderace, F|100/100
|move|p2a: Great Tusk|Earthquake|p1a: Cinderace
|-supereffective|p1a: Cinderace
|-damage|p1a: Cinderace|0 fnt
|faint|p1a: Cinderace
|
|-heal|p2a: Great Tusk|80/100|[from] item: Leftovers
|-damage|p2a: Great Tusk|67/100|[from] Salt Cure
|upkeep
|
|t:|1780932063
|switch|p1a: Lokix|Lokix, M, shiny|100/100
|turn|20
|
|t:|1780932066
|move|p2a: Great Tusk|Earthquake|p1a: Lokix
|-resisted|p1a: Lokix
|-damage|p1a: Lokix|34/100
|move|p1a: Lokix|Knock Off|p2a: Great Tusk
|-resisted|p2a: Great Tusk
|-damage|p2a: Great Tusk|54/100
|-enditem|p2a: Great Tusk|Leftovers|[from] move: Knock Off|[of] p1a: Lokix
|
|-damage|p2a: Great Tusk|41/100|[from] Salt Cure
|upkeep
|turn|21
|
|t:|1780932070
|switch|p1a: Garganacl|Garganacl, M, tera:Water|100/100
|move|p2a: Great Tusk|Earthquake|p1a: Garganacl
|-damage|p1a: Garganacl|45/100
|
|-heal|p1a: Garganacl|51/100|[from] item: Leftovers
|-damage|p2a: Great Tusk|29/100|[from] Salt Cure
|upkeep
|turn|22
|
|t:|1780932074
|move|p1a: Garganacl|Protect|p1a: Garganacl
|-singleturn|p1a: Garganacl|Protect
|move|p2a: Great Tusk|Earthquake|p1a: Garganacl
|-activate|p1a: Garganacl|move: Protect
|
|-heal|p1a: Garganacl|58/100|[from] item: Leftovers
|-damage|p2a: Great Tusk|16/100|[from] Salt Cure
|upkeep
|turn|23
|
|t:|1780932077
|move|p2a: Great Tusk|Earthquake|p1a: Garganacl
|-damage|p1a: Garganacl|0 fnt
|faint|p1a: Garganacl
|
|-damage|p2a: Great Tusk|4/100|[from] Salt Cure
|upkeep
|
|t:|1780932079
|switch|p1a: Lokix|Lokix, M, shiny|34/100
|turn|24
|
|t:|1780932083
|move|p1a: Lokix|Sucker Punch|p2a: Great Tusk
|-resisted|p2a: Great Tusk
|-damage|p2a: Great Tusk|0 fnt
|faint|p2a: Great Tusk
|-end|p2a: Great Tusk|Protosynthesis|[silent]
|
|upkeep
|
|t:|1780932085
|switch|p2a: Torkoal|Torkoal, M|78/100
|-weather|SunnyDay|[from] ability: Drought|[of] p2a: Torkoal
|turn|25
|
|t:|1780932094
|move|p1a: Lokix|Knock Off|p2a: Torkoal
|-damage|p2a: Torkoal|52/100
|-enditem|p2a: Torkoal|Heat Rock|[from] move: Knock Off|[of] p1a: Lokix
|move|p2a: Torkoal|Lava Plume|p1a: Lokix
|-supereffective|p1a: Lokix
|-damage|p1a: Lokix|0 fnt
|faint|p1a: Lokix
|
|win|2001civic
|raw|kingjot's rating: 1580 &rarr; <strong>1564</strong><br />(-16 for losing)
|raw|2001civic's rating: 1654 &rarr; <strong>1670</strong><br />(+16 for winning)
|l|☆kingjot
|player|p1|
|l|☆2001civic
|player|p2|
