|j|☆veronyl
|j|☆LowEL0God
|t:|1781545889
|gametype|singles
|player|p1|veronyl|palmer|1549
|player|p2|LowEL0God|265|1564
|gen|9
|tier|[Gen 9] OU
|rated|
|rule|HP Percentage Mod: HP is shown in percentages
|rule|Endless Battle Clause: Forcing endless battles is banned
|rule|Species Clause: Limit one of each Pokémon
|rule|OHKO Clause: OHKO moves are banned
|rule|Evasion Items Clause: Evasion items are banned
|rule|Evasion Moves Clause: Evasion moves are banned
|rule|Evasion Abilities Clause: Evasion abilities are banned
|rule|Sleep Moves Clause: Sleep-inducing moves are banned
|clearpoke
|poke|p1|Glaceon, F|
|poke|p1|Ninetales-Alola, F|
|poke|p1|Basculegion-F, F|
|poke|p1|Ogerpon-Wellspring, F|
|poke|p1|Iron Treads|
|poke|p1|Weavile, F|
|poke|p2|Pelipper, F|
|poke|p2|Raging Bolt|
|poke|p2|Overqwil, F|
|poke|p2|Barraskewda, M|
|poke|p2|Iron Treads|
|poke|p2|Kingambit, F|
|teampreview
|inactive|Battle timer is ON: inactive players will automatically lose when time's up. (requested by veronyl)
|c|☆LowEL0God|hf
|inactive|LowEL0God also wants the timer to be on.
|
|t:|1781545895
|teamsize|p1|6
|teamsize|p2|6
|start
|switch|p1a: Basculegion|Basculegion-F, F|100/100
|switch|p2a: Kingambit|Kingambit, F|100/100
|turn|1
|
|t:|1781545898
|switch|p1a: Ninetales|Ninetales-Alola, F|100/100
|-weather|Snowscape|[from] ability: Snow Warning|[of] p1a: Ninetales
|move|p2a: Kingambit|Kowtow Cleave|p1a: Ninetales
|-resisted|p1a: Ninetales
|-damage|p1a: Ninetales|80/100
|
|-weather|Snowscape|[upkeep]
|upkeep
|turn|2
|
|t:|1781545903
|move|p1a: Ninetales|Encore|p2a: Kingambit
|-start|p2a: Kingambit|Encore
|move|p2a: Kingambit|Kowtow Cleave|p1a: Ninetales
|-resisted|p1a: Ninetales
|-damage|p1a: Ninetales|60/100
|
|-weather|Snowscape|[upkeep]
|upkeep
|turn|3
|
|t:|1781545905
|-end|p2a: Kingambit|fallenundefined|[silent]
|switch|p2a: Pelipper|Pelipper, F|100/100
|-weather|RainDance|[from] ability: Drizzle|[of] p2a: Pelipper
|move|p1a: Ninetales|Moonblast|p2a: Pelipper
|-damage|p2a: Pelipper|60/100
|-unboost|p2a: Pelipper|spa|1
|
|-weather|RainDance|[upkeep]
|upkeep
|turn|4
|
|t:|1781545907
|switch|p2a: Kingambit|Kingambit, F|100/100
|move|p1a: Ninetales|Freeze-Dry|p2a: Kingambit
|-resisted|p2a: Kingambit
|-damage|p2a: Kingambit|90/100
|
|-weather|RainDance|[upkeep]
|-heal|p2a: Kingambit|96/100|[from] item: Leftovers
|upkeep
|turn|5
|
|t:|1781545911
|switch|p1a: Iron Treads|Iron Treads|100/100
|move|p2a: Kingambit|Kowtow Cleave|p1a: Iron Treads
|-damage|p1a: Iron Treads|58/100
|
|-weather|RainDance|[upkeep]
|-heal|p2a: Kingambit|100/100|[from] item: Leftovers
|upkeep
|turn|6
|
|t:|1781545916
|move|p1a: Iron Treads|Earthquake|p2a: Kingambit
|-supereffective|p2a: Kingambit
|-damage|p2a: Kingambit|26/100
|move|p2a: Kingambit|Kowtow Cleave|p1a: Iron Treads
|-damage|p1a: Iron Treads|10/100
|
|-weather|RainDance|[upkeep]
|-heal|p2a: Kingambit|32/100|[from] item: Leftovers
|upkeep
|turn|7
|
|t:|1781545920
|move|p2a: Kingambit|Sucker Punch|p1a: Iron Treads
|-damage|p1a: Iron Treads|0 fnt
|faint|p1a: Iron Treads
|-end|p1a: Iron Treads|Quark Drive|[silent]
|
|-weather|RainDance|[upkeep]
|-heal|p2a: Kingambit|38/100|[from] item: Leftovers
|upkeep
|
|t:|1781545924
|switch|p1a: Weavile|Weavile, F|100/100
|-ability|p1a: Weavile|Pressure
|turn|8
|
|t:|1781545926
|move|p1a: Weavile|Low Kick|p2a: Kingambit
|-supereffective|p2a: Kingambit
|-damage|p2a: Kingambit|0 fnt
|faint|p2a: Kingambit
|-end|p2a: Kingambit|fallenundefined|[silent]
|
|-weather|RainDance|[upkeep]
|upkeep
|
|t:|1781545928
|switch|p2a: Raging Bolt|Raging Bolt|100/100
|-enditem|p2a: Raging Bolt|Booster Energy
|-activate|p2a: Raging Bolt|ability: Protosynthesis|[fromitem]
|-start|p2a: Raging Bolt|protosynthesisspa
|turn|9
|
|t:|1781545934
|switch|p1a: Ogerpon|Ogerpon-Wellspring, F|100/100
|move|p2a: Raging Bolt|Thunder|p1a: Ogerpon
|-damage|p1a: Ogerpon|0 fnt
|faint|p1a: Ogerpon
|
|-weather|RainDance|[upkeep]
|upkeep
|
|t:|1781545937
|switch|p1a: Ninetales|Ninetales-Alola, F|60/100
|-weather|Snowscape|[from] ability: Snow Warning|[of] p1a: Ninetales
|turn|10
|
|t:|1781545939
|-end|p2a: Raging Bolt|Protosynthesis|[silent]
|switch|p2a: Pelipper|Pelipper, F|60/100
|-weather|RainDance|[from] ability: Drizzle|[of] p2a: Pelipper
|move|p1a: Ninetales|Freeze-Dry|p2a: Pelipper
|-supereffective|p2a: Pelipper
|-damage|p2a: Pelipper|0 fnt
|faint|p2a: Pelipper
|
|-weather|RainDance|[upkeep]
|upkeep
|
|t:|1781545940
|switch|p2a: Barraskewda|Barraskewda, M|100/100
|turn|11
|
|t:|1781545943
|switch|p1a: Basculegion|Basculegion-F, F|100/100
|move|p2a: Barraskewda|Liquidation|p1a: Basculegion
|-resisted|p1a: Basculegion
|-damage|p1a: Basculegion|35/100
|
|-weather|RainDance|[upkeep]
|upkeep
|turn|12
|
|t:|1781545951
|switch|p1a: Ninetales|Ninetales-Alola, F|60/100
|-weather|Snowscape|[from] ability: Snow Warning|[of] p1a: Ninetales
|move|p2a: Barraskewda|Liquidation|p1a: Ninetales
|-damage|p1a: Ninetales|6/100
|-unboost|p1a: Ninetales|def|1
|
|-weather|Snowscape|[upkeep]
|upkeep
|turn|13
|
|t:|1781545952
|move|p2a: Barraskewda|Liquidation|p1a: Ninetales
|-damage|p1a: Ninetales|0 fnt
|faint|p1a: Ninetales
|
|-weather|Snowscape|[upkeep]
|upkeep
|
|t:|1781545955
|switch|p1a: Glaceon|Glaceon, F|100/100
|turn|14
|
|t:|1781545956
|move|p2a: Barraskewda|Liquidation|p1a: Glaceon
|-crit|p1a: Glaceon
|-damage|p1a: Glaceon|31/100
|move|p1a: Glaceon|Freeze-Dry|p2a: Barraskewda
|-supereffective|p2a: Barraskewda
|-damage|p2a: Barraskewda|0 fnt
|faint|p2a: Barraskewda
|
|-weather|Snowscape|[upkeep]
|-heal|p1a: Glaceon|37/100|[from] ability: Ice Body
|upkeep
|
|t:|1781545957
|switch|p2a: Raging Bolt|Raging Bolt|100/100
|turn|15
|
|t:|1781545959
|move|p2a: Raging Bolt|Thunder|p1a: Glaceon
|-damage|p1a: Glaceon|0 fnt
|faint|p1a: Glaceon
|
|-weather|Snowscape|[upkeep]
|upkeep
|inactive|veronyl has 120 seconds left.
|
|t:|1781545989
|switch|p1a: Weavile|Weavile, F|100/100
|-ability|p1a: Weavile|Pressure
|turn|16
|
|t:|1781545991
|-terastallize|p1a: Weavile|Ice
|-terastallize|p2a: Raging Bolt|Fairy
|move|p1a: Weavile|Triple Axel|p2a: Raging Bolt
|-damage|p2a: Raging Bolt|89/100
|-damage|p2a: Raging Bolt|65/100
|-damage|p2a: Raging Bolt|32/100
|-hitcount|p2a: Raging Bolt|3
|move|p2a: Raging Bolt|Draco Meteor|p1a: Weavile
|-damage|p1a: Weavile|0 fnt
|-unboost|p2a: Raging Bolt|spa|2
|faint|p1a: Weavile
|
|-weather|none
|upkeep
|-message|veronyl forfeited.
|
|win|LowEL0God
|raw|veronyl's rating: 1549 &rarr; <strong>1530</strong><br />(-19 for losing)
|raw|LowEL0God's rating: 1564 &rarr; <strong>1583</strong><br />(+19 for winning)
|l|☆veronyl
|player|p1|
|c|☆LowEL0God|gg
|l|☆LowEL0God
|player|p2|
