|j|☆IGotNoBiches
|j|☆medtyr
|t:|1781169372
|gametype|singles
|player|p1|IGotNoBiches|rika|1540
|player|p2|medtyr|265|1551
|gen|9
|tier|[Gen 9] OU
|rated|
|rule|HP Percentage Mod: HP is shown in percentages
|rule|Endless Battle Clause: Forcing endless battles is banned
|rule|Species Clause: Limit one of each Pokémon
|rule|OHKO Clause: OHKO moves are banned
|rule|Evasion Items Clause: Evasion items are banned
|rule|Evasion Moves Clause: Evasion moves are banned
|rule|Evasion Abilities Clause: Evasion abilities are banned
|rule|Sleep Moves Clause: Sleep-inducing moves are banned
|clearpoke
|poke|p1|Enamorus, F|
|poke|p1|Iron Crown|
|poke|p1|Great Tusk|
|poke|p1|Darkrai|
|poke|p1|Pecharunt|
|poke|p1|Rotom-Wash|
|poke|p2|Ogerpon-Wellspring, F|
|poke|p2|Gholdengo|
|poke|p2|Great Tusk|
|poke|p2|Kingambit, F|
|poke|p2|Moltres|
|poke|p2|Tyranitar, F|
|teampreview
|
|t:|1781169420
|teamsize|p1|6
|teamsize|p2|6
|start
|switch|p1a: Great Tusk|Great Tusk|100/100
|switch|p2a: Gholdengo|Gholdengo|100/100
|turn|1
|
|t:|1781169433
|switch|p2a: Great Tusk|Great Tusk|100/100
|move|p1a: Great Tusk|Headlong Rush|p2a: Great Tusk
|-damage|p2a: Great Tusk|59/100
|-unboost|p1a: Great Tusk|def|1
|-unboost|p1a: Great Tusk|spd|1
|
|-heal|p2a: Great Tusk|65/100|[from] item: Leftovers
|upkeep
|turn|2
|
|t:|1781169445
|move|p1a: Great Tusk|Stealth Rock|p2a: Great Tusk
|-sidestart|p2: medtyr|move: Stealth Rock
|move|p2a: Great Tusk|Stealth Rock|p1a: Great Tusk
|-sidestart|p1: IGotNoBiches|move: Stealth Rock
|
|-heal|p2a: Great Tusk|71/100|[from] item: Leftovers
|upkeep
|turn|3
|
|t:|1781169451
|move|p1a: Great Tusk|Rapid Spin|p2a: Great Tusk
|-damage|p2a: Great Tusk|60/100
|-boost|p1a: Great Tusk|spe|1
|-sideend|p1: IGotNoBiches|Stealth Rock|[from] move: Rapid Spin|[of] p1a: Great Tusk
|move|p2a: Great Tusk|Headlong Rush|p1a: Great Tusk
|-crit|p1a: Great Tusk
|-damage|p1a: Great Tusk|20/100
|-unboost|p2a: Great Tusk|def|1
|-unboost|p2a: Great Tusk|spd|1
|
|-heal|p2a: Great Tusk|67/100|[from] item: Leftovers
|upkeep
|turn|4
|
|t:|1781169468
|-end|p1a: Great Tusk|Protosynthesis|[silent]
|switch|p1a: Pecharunt|Pecharunt|100/100
|-end|p2a: Great Tusk|Protosynthesis|[silent]
|switch|p2a: Moltres|Moltres|100/100
|
|upkeep
|turn|5
|
|t:|1781169478
|move|p2a: Moltres|Will-O-Wisp|p1a: Pecharunt
|-status|p1a: Pecharunt|brn
|move|p1a: Pecharunt|Toxic|p2a: Moltres
|-status|p2a: Moltres|tox
|-start|p2a: Moltres|confusion|[from] ability: Poison Puppeteer|[of] p1a: Pecharunt
|
|-damage|p2a: Moltres|94/100 tox|[from] psn
|-damage|p1a: Pecharunt|94/100 brn|[from] brn
|upkeep
|turn|6
|
|t:|1781169488
|-activate|p2a: Moltres|confusion
|move|p2a: Moltres|U-turn|p1a: Pecharunt
|-resisted|p1a: Pecharunt
|-damage|p1a: Pecharunt|93/100 brn
|
|t:|1781169491
|switch|p2a: Gholdengo|Gholdengo|100/100|[from] U-turn
|-damage|p2a: Gholdengo|94/100|[from] Stealth Rock
|move|p1a: Pecharunt|Shadow Ball|p2a: Gholdengo
|-supereffective|p2a: Gholdengo
|-damage|p2a: Gholdengo|39/100
|
|-heal|p1a: Pecharunt|99/100 brn|[from] item: Leftovers
|-damage|p1a: Pecharunt|93/100 brn|[from] brn
|upkeep
|turn|7
|
|t:|1781169502
|switch|p1a: Darkrai|Darkrai|100/100
|move|p2a: Gholdengo|Trick|p1a: Darkrai
|-activate|p2a: Gholdengo|move: Trick|[of] p1a: Darkrai
|-item|p1a: Darkrai|Choice Scarf|[from] move: Trick
|-item|p2a: Gholdengo|Heavy-Duty Boots|[from] move: Trick
|
|upkeep
|turn|8
|
|t:|1781169515
|switch|p2a: Tyranitar|Tyranitar, F|100/100
|-damage|p2a: Tyranitar|88/100|[from] Stealth Rock
|-weather|Sandstorm|[from] ability: Sand Stream|[of] p2a: Tyranitar
|move|p1a: Darkrai|Dark Pulse|p2a: Tyranitar
|-resisted|p2a: Tyranitar
|-damage|p2a: Tyranitar|82/100
|
|-weather|Sandstorm|[upkeep]
|-damage|p1a: Darkrai|94/100|[from] Sandstorm
|upkeep
|turn|9
|
|t:|1781169527
|switch|p1a: Great Tusk|Great Tusk|20/100
|move|p2a: Tyranitar|Earthquake|p1a: Great Tusk
|-damage|p1a: Great Tusk|0 fnt
|faint|p1a: Great Tusk
|-end|p1a: Great Tusk|Protosynthesis|[silent]
|
|-weather|Sandstorm|[upkeep]
|upkeep
|
|t:|1781169561
|switch|p1a: Rotom|Rotom-Wash|100/100
|turn|10
|
|t:|1781169576
|move|p1a: Rotom|Discharge|p2a: Tyranitar
|-damage|p2a: Tyranitar|73/100
|move|p2a: Tyranitar|Stone Edge|p1a: Rotom
|-damage|p1a: Rotom|61/100
|
|-weather|Sandstorm|[upkeep]
|-damage|p1a: Rotom|55/100|[from] Sandstorm
|-heal|p1a: Rotom|61/100|[from] item: Leftovers
|upkeep
|turn|11
|
|t:|1781169583
|move|p1a: Rotom|Volt Switch|p2a: Tyranitar
|-damage|p2a: Tyranitar|64/100
|
|t:|1781169594
|switch|p1a: Darkrai|Darkrai|94/100|[from] Volt Switch
|move|p2a: Tyranitar|Stone Edge|p1a: Darkrai|[miss]
|-miss|p2a: Tyranitar|p1a: Darkrai
|
|-weather|Sandstorm|[upkeep]
|-damage|p1a: Darkrai|88/100|[from] Sandstorm
|upkeep
|turn|12
|
|t:|1781169608
|switch|p2a: Moltres|Moltres|94/100 tox
|move|p1a: Darkrai|Will-O-Wisp||[still]
|-fail|p1a: Darkrai
|
|-weather|none
|-damage|p2a: Moltres|88/100 tox|[from] psn
|upkeep
|turn|13
|
|t:|1781169614
|switch|p1a: Rotom|Rotom-Wash|61/100
|move|p2a: Moltres|Flamethrower|p1a: Rotom
|-resisted|p1a: Rotom
|-damage|p1a: Rotom|41/100
|
|-heal|p1a: Rotom|47/100|[from] item: Leftovers
|-damage|p2a: Moltres|76/100 tox|[from] psn
|upkeep
|turn|14
|
|t:|1781169625
|switch|p2a: Tyranitar|Tyranitar, F|64/100
|-damage|p2a: Tyranitar|51/100|[from] Stealth Rock
|-weather|Sandstorm|[from] ability: Sand Stream|[of] p2a: Tyranitar
|move|p1a: Rotom|Pain Split|p2a: Tyranitar
|-sethp|p2a: Tyranitar|43/100|[from] move: Pain Split|[silent]
|-sethp|p1a: Rotom|57/100|[from] move: Pain Split
|
|-weather|Sandstorm|[upkeep]
|-damage|p1a: Rotom|51/100|[from] Sandstorm
|-heal|p1a: Rotom|57/100|[from] item: Leftovers
|upkeep
|turn|15
|
|t:|1781169632
|move|p1a: Rotom|Hydro Pump|p2a: Tyranitar
|-supereffective|p2a: Tyranitar
|-damage|p2a: Tyranitar|21/100
|move|p2a: Tyranitar|Knock Off|p1a: Rotom
|-damage|p1a: Rotom|18/100
|-enditem|p1a: Rotom|Leftovers|[from] move: Knock Off|[of] p2a: Tyranitar
|
|-weather|Sandstorm|[upkeep]
|-damage|p1a: Rotom|12/100|[from] Sandstorm
|upkeep
|turn|16
|
|t:|1781169662
|move|p1a: Rotom|Volt Switch|p2a: Tyranitar
|-damage|p2a: Tyranitar|14/100
|
|t:|1781169665
|switch|p1a: Darkrai|Darkrai|88/100|[from] Volt Switch
|move|p2a: Tyranitar|Stone Edge|p1a: Darkrai
|-damage|p1a: Darkrai|28/100
|
|-weather|Sandstorm|[upkeep]
|-damage|p1a: Darkrai|22/100|[from] Sandstorm
|upkeep
|turn|17
|
|t:|1781169677
|move|p1a: Darkrai|Ice Beam|p2a: Tyranitar
|-damage|p2a: Tyranitar|3/100
|move|p2a: Tyranitar|Earthquake|p1a: Darkrai
|-damage|p1a: Darkrai|0 fnt
|faint|p1a: Darkrai
|
|-weather|Sandstorm|[upkeep]
|upkeep
|
|t:|1781169693
|switch|p1a: Iron Crown|Iron Crown|100/100
|turn|18
|
|t:|1781169700
|move|p1a: Iron Crown|Tachyon Cutter|p2a: Tyranitar
|-supereffective|p2a: Tyranitar
|-crit|p2a: Tyranitar
|-damage|p2a: Tyranitar|0 fnt
|faint|p2a: Tyranitar
|-hitcount|p2: Tyranitar|1
|
|-weather|none
|upkeep
|
|t:|1781169707
|switch|p2a: Gholdengo|Gholdengo|39/100
|turn|19
|
|t:|1781169717
|-end|p1a: Iron Crown|Quark Drive|[silent]
|switch|p1a: Rotom|Rotom-Wash|12/100
|move|p2a: Gholdengo|Shadow Ball|p1a: Rotom
|-damage|p1a: Rotom|0 fnt
|faint|p1a: Rotom
|
|upkeep
|
|t:|1781169726
|switch|p1a: Pecharunt|Pecharunt|93/100 brn
|turn|20
|
|t:|1781169736
|-terastallize|p1a: Pecharunt|Dark
|move|p2a: Gholdengo|Shadow Ball|p1a: Pecharunt
|-resisted|p1a: Pecharunt
|-damage|p1a: Pecharunt|74/100 brn
|move|p1a: Pecharunt|Shadow Ball|p2a: Gholdengo
|-supereffective|p2a: Gholdengo
|-damage|p2a: Gholdengo|0 fnt
|faint|p2a: Gholdengo
|
|-heal|p1a: Pecharunt|80/100 brn|[from] item: Leftovers
|-damage|p1a: Pecharunt|74/100 brn|[from] brn
|upkeep
|
|t:|1781169768
|switch|p2a: Kingambit|Kingambit, F|100/100
|-damage|p2a: Kingambit|94/100|[from] Stealth Rock
|-activate|p2a: Kingambit|ability: Supreme Overlord
|-start|p2a: Kingambit|fallen2|[silent]
|turn|21
|
|t:|1781169774
|move|p1a: Pecharunt|Parting Shot|p2a: Kingambit
|-unboost|p2a: Kingambit|atk|1
|-unboost|p2a: Kingambit|spa|1
|
|t:|1781169780
|switch|p1a: Iron Crown|Iron Crown|100/100|[from] Parting Shot
|move|p2a: Kingambit|Iron Head|p1a: Iron Crown
|-resisted|p1a: Iron Crown
|-damage|p1a: Iron Crown|83/100
|
|upkeep
|turn|22
|
|t:|1781169788
|-end|p2a: Kingambit|fallen2|[silent]
|switch|p2a: Ogerpon|Ogerpon-Wellspring, F|100/100
|-damage|p2a: Ogerpon|88/100|[from] Stealth Rock
|move|p1a: Iron Crown|Volt Switch|p2a: Ogerpon
|-damage|p2a: Ogerpon|62/100
|
|t:|1781169791
|-end|p1a: Iron Crown|Quark Drive|[silent]
|switch|p1a: Pecharunt|Pecharunt, tera:Dark|74/100 brn|[from] Volt Switch
|
|-heal|p1a: Pecharunt|80/100 brn|[from] item: Leftovers
|-damage|p1a: Pecharunt|74/100 brn|[from] brn
|upkeep
|turn|23
|
|t:|1781169797
|move|p2a: Ogerpon|Ivy Cudgel|p1a: Pecharunt|[anim] Ivy Cudgel Water
|-damage|p1a: Pecharunt|42/100 brn
|move|p1a: Pecharunt|Shadow Ball|p2a: Ogerpon
|-damage|p2a: Ogerpon|32/100
|
|-heal|p1a: Pecharunt|48/100 brn|[from] item: Leftovers
|-damage|p1a: Pecharunt|42/100 brn|[from] brn
|upkeep
|turn|24
|
|t:|1781169803
|move|p2a: Ogerpon|Ivy Cudgel|p1a: Pecharunt|[anim] Ivy Cudgel Water
|-crit|p1a: Pecharunt
|-damage|p1a: Pecharunt|0 fnt
|faint|p1a: Pecharunt
|
|upkeep
|
|t:|1781169806
|switch|p1a: Iron Crown|Iron Crown|83/100
|turn|25
|
|t:|1781169811
|move|p2a: Ogerpon|Ivy Cudgel|p1a: Iron Crown|[anim] Ivy Cudgel Water
|-damage|p1a: Iron Crown|27/100
|move|p1a: Iron Crown|Psychic Noise|p2a: Ogerpon
|-damage|p2a: Ogerpon|0 fnt
|faint|p2a: Ogerpon
|
|upkeep
|
|t:|1781169818
|switch|p2a: Kingambit|Kingambit, F|94/100
|-damage|p2a: Kingambit|88/100|[from] Stealth Rock
|-activate|p2a: Kingambit|ability: Supreme Overlord
|-start|p2a: Kingambit|fallen3|[silent]
|turn|26
|
|t:|1781169822
|move|p1a: Iron Crown|Future Sight|p2a: Kingambit
|-start|p1a: Iron Crown|move: Future Sight
|move|p2a: Kingambit|Iron Head|p1a: Iron Crown
|-resisted|p1a: Iron Crown
|-damage|p1a: Iron Crown|0 fnt
|faint|p1a: Iron Crown
|-end|p1a: Iron Crown|Quark Drive|[silent]
|
|upkeep
|
|t:|1781169826
|switch|p1a: Enamorus|Enamorus, F|100/100
|turn|27
|
|t:|1781169834
|-terastallize|p2a: Kingambit|Flying
|move|p1a: Enamorus|Superpower|p2a: Kingambit
|-resisted|p2a: Kingambit
|-damage|p2a: Kingambit|65/100
|-boost|p1a: Enamorus|atk|1
|-boost|p1a: Enamorus|def|1
|move|p2a: Kingambit|Iron Head|p1a: Enamorus
|-supereffective|p1a: Enamorus
|-damage|p1a: Enamorus|0 fnt
|faint|p1a: Enamorus
|
|win|medtyr
|raw|IGotNoBiches's rating: 1540 &rarr; <strong>1521</strong><br />(-19 for losing)
|raw|medtyr's rating: 1551 &rarr; <strong>1570</strong><br />(+19 for winning)
|l|☆medtyr
|player|p2|
|l|☆IGotNoBiches
|player|p1|
