|j|☆purple pastels
|j|☆tootymctoot
|t:|1781554266
|gametype|singles
|player|p1|purple pastels|doubleteam|1522
|player|p2|tootymctoot|miku-ghost|1483
|gen|9
|tier|[Gen 9] OU
|rated|
|rule|HP Percentage Mod: HP is shown in percentages
|rule|Endless Battle Clause: Forcing endless battles is banned
|rule|Species Clause: Limit one of each Pokémon
|rule|OHKO Clause: OHKO moves are banned
|rule|Evasion Items Clause: Evasion items are banned
|rule|Evasion Moves Clause: Evasion moves are banned
|rule|Evasion Abilities Clause: Evasion abilities are banned
|rule|Sleep Moves Clause: Sleep-inducing moves are banned
|clearpoke
|poke|p1|Dragonite, M|
|poke|p1|Corviknight, F|
|poke|p1|Slowking-Galar, F|
|poke|p1|Gliscor, M|
|poke|p1|Kingambit, M|
|poke|p1|Meowscarada, F|
|poke|p2|Mimikyu, M|
|poke|p2|Samurott-Hisui, M|
|poke|p2|Slowking-Galar, F|
|poke|p2|Iron Crown|
|poke|p2|Hydrapple, M|
|poke|p2|Great Tusk|
|teampreview
|inactive|Battle timer is ON: inactive players will automatically lose when time's up. (requested by tootymctoot)
|inactive|purple pastels also wants the timer to be on.
|
|t:|1781554274
|teamsize|p1|6
|teamsize|p2|6
|start
|switch|p1a: Meowscarada|Meowscarada, F|100/100
|switch|p2a: the man|Samurott-Hisui, M, shiny|100/100
|turn|1
|inactive|tootymctoot has 120 seconds left.
|
|t:|1781554331
|move|p1a: Meowscarada|Low Kick|p2a: the man
|-start|p1a: Meowscarada|typechange|Fighting|[from] ability: Protean
|-supereffective|p2a: the man
|-enditem|p2a: the man|Focus Sash
|-damage|p2a: the man|1/100
|move|p2a: the man|Ceaseless Edge|p1a: Meowscarada
|-resisted|p1a: Meowscarada
|-damage|p1a: Meowscarada|65/100
|-sidestart|p1: purple pastels|Spikes
|
|upkeep
|turn|2
|
|t:|1781554341
|move|p2a: the man|Aqua Jet|p1a: Meowscarada
|-damage|p1a: Meowscarada|34/100
|move|p1a: Meowscarada|Low Kick|p2a: the man
|-supereffective|p2a: the man
|-damage|p2a: the man|0 fnt
|faint|p2a: the man
|
|upkeep
|
|t:|1781554346
|switch|p2a: oh worm?|Hydrapple, M, shiny|100/100
|turn|3
|
|t:|1781554350
|switch|p1a: Gliscor|Gliscor, M|100/100
|move|p2a: oh worm?|Giga Drain|p1a: Gliscor
|-damage|p1a: Gliscor|76/100
|
|-status|p1a: Gliscor|tox|[from] item: Toxic Orb
|upkeep
|turn|4
|
|t:|1781554356
|move|p1a: Gliscor|Knock Off|p2a: oh worm?
|-damage|p2a: oh worm?|88/100
|-damage|p1a: Gliscor|59/100 tox|[from] item: Rocky Helmet|[of] p2a: oh worm?
|-enditem|p2a: oh worm?|Rocky Helmet|[from] move: Knock Off|[of] p1a: Gliscor
|move|p2a: oh worm?|Nasty Plot|p2a: oh worm?
|-boost|p2a: oh worm?|spa|2
|
|-heal|p1a: Gliscor|72/100 tox|[from] ability: Poison Heal
|upkeep
|turn|5
|
|t:|1781554364
|move|p1a: Gliscor|Toxic|p2a: oh worm?
|-status|p2a: oh worm?|tox
|move|p2a: oh worm?|Nasty Plot|p2a: oh worm?
|-boost|p2a: oh worm?|spa|2
|
|-heal|p1a: Gliscor|84/100 tox|[from] ability: Poison Heal
|-damage|p2a: oh worm?|82/100 tox|[from] psn
|upkeep
|turn|6
|
|t:|1781554370
|move|p1a: Gliscor|Protect|p1a: Gliscor
|-singleturn|p1a: Gliscor|Protect
|move|p2a: oh worm?|Giga Drain|p1a: Gliscor
|-activate|p1a: Gliscor|move: Protect
|
|-heal|p1a: Gliscor|97/100 tox|[from] ability: Poison Heal
|-damage|p2a: oh worm?|70/100 tox|[from] psn
|upkeep
|turn|7
|
|t:|1781554375
|switch|p1a: Corviknight|Corviknight, F|100/100
|-ability|p1a: Corviknight|Pressure
|move|p2a: oh worm?|Giga Drain|p1a: Corviknight
|-resisted|p1a: Corviknight
|-damage|p1a: Corviknight|77/100
|-heal|p2a: oh worm?|82/100 tox|[from] drain|[of] p1a: Corviknight
|
|-damage|p2a: oh worm?|64/100 tox|[from] psn
|upkeep
|turn|8
|
|t:|1781554383
|move|p1a: Corviknight|Brave Bird|p2a: oh worm?
|-supereffective|p2a: oh worm?
|-damage|p2a: oh worm?|20/100 tox
|-damage|p1a: Corviknight|62/100|[from] Recoil
|move|p2a: oh worm?|Fickle Beam|p1a: Corviknight
|-resisted|p1a: Corviknight
|-damage|p1a: Corviknight|17/100
|
|-damage|p2a: oh worm?|0 fnt|[from] psn
|faint|p2a: oh worm?
|upkeep
|
|t:|1781554391
|switch|p2a: spongebobe|Iron Crown|100/100
|-enditem|p2a: spongebobe|Booster Energy
|-activate|p2a: spongebobe|ability: Quark Drive|[fromitem]
|-start|p2a: spongebobe|quarkdrivespe
|turn|9
|
|t:|1781554395
|move|p2a: spongebobe|Calm Mind|p2a: spongebobe
|-boost|p2a: spongebobe|spa|1
|-boost|p2a: spongebobe|spd|1
|move|p1a: Corviknight|U-turn|p2a: spongebobe
|-damage|p2a: spongebobe|85/100
|
|t:|1781554397
|switch|p1a: Kingambit|Kingambit, M|100/100|[from] U-turn
|-damage|p1a: Kingambit|88/100|[from] Spikes
|
|-heal|p1a: Kingambit|94/100|[from] item: Leftovers
|upkeep
|turn|10
|
|t:|1781554411
|-end|p1a: Kingambit|fallenundefined|[silent]
|switch|p1a: Corviknight|Corviknight, F|17/100
|-ability|p1a: Corviknight|Pressure
|-terastallize|p2a: spongebobe|Fighting
|move|p2a: spongebobe|Focus Blast|p1a: Corviknight|[miss]
|-miss|p2a: spongebobe|p1a: Corviknight
|
|upkeep
|turn|11
|
|t:|1781554418
|move|p2a: spongebobe|Tachyon Cutter|p1a: Corviknight
|-resisted|p1a: Corviknight
|-damage|p1a: Corviknight|0 fnt
|faint|p1a: Corviknight
|-hitcount|p1: Corviknight|1
|
|upkeep
|
|t:|1781554423
|switch|p1a: Dragonite|Dragonite, M|100/100
|turn|12
|
|t:|1781554425
|-terastallize|p1a: Dragonite|Normal
|move|p1a: Dragonite|Extreme Speed|p2a: spongebobe
|-damage|p2a: spongebobe|18/100
|move|p2a: spongebobe|Tachyon Cutter|p1a: Dragonite
|-damage|p1a: Dragonite|83/100
|-damage|p1a: Dragonite|49/100
|-hitcount|p1a: Dragonite|2
|
|upkeep
|turn|13
|
|t:|1781554433
|-end|p2a: spongebobe|Quark Drive|[silent]
|switch|p2a: nacho libre|Mimikyu, M, shiny|100/100
|move|p1a: Dragonite|Extreme Speed|p2a: nacho libre
|-immune|p2a: nacho libre
|
|upkeep
|turn|14
|
|t:|1781554439
|switch|p1a: Kingambit|Kingambit, M|94/100
|-damage|p1a: Kingambit|82/100|[from] Spikes
|-activate|p1a: Kingambit|ability: Supreme Overlord
|-start|p1a: Kingambit|fallen1|[silent]
|move|p2a: nacho libre|Swords Dance|p2a: nacho libre
|-boost|p2a: nacho libre|atk|2
|
|-heal|p1a: Kingambit|88/100|[from] item: Leftovers
|upkeep
|turn|15
|
|t:|1781554446
|move|p2a: nacho libre|Drain Punch|p1a: Kingambit
|-supereffective|p1a: Kingambit
|-damage|p1a: Kingambit|0 fnt
|faint|p1a: Kingambit
|-end|p1a: Kingambit|fallen1|[silent]
|
|upkeep
|
|t:|1781554449
|switch|p1a: Meowscarada|Meowscarada, F|34/100
|-damage|p1a: Meowscarada|21/100|[from] Spikes
|turn|16
|
|t:|1781554450
|move|p2a: nacho libre|Shadow Sneak|p1a: Meowscarada
|-resisted|p1a: Meowscarada
|-damage|p1a: Meowscarada|0 fnt
|faint|p1a: Meowscarada
|
|upkeep
|
|t:|1781554455
|switch|p1a: Gliscor|Gliscor, M|97/100 tox
|turn|17
|
|t:|1781554465
|switch|p2a: Slowking|Slowking-Galar, F|100/100
|move|p1a: Gliscor|Toxic|p2a: Slowking
|-immune|p2a: Slowking
|
|-heal|p1a: Gliscor|100/100 tox|[from] ability: Poison Heal
|upkeep
|turn|18
|
|t:|1781554469
|switch|p1a: Slowking|Slowking-Galar, F|100/100
|move|p2a: Slowking|Ice Beam|p1a: Slowking
|-damage|p1a: Slowking|88/100
|
|upkeep
|turn|19
|
|t:|1781554473
|move|p2a: Slowking|Future Sight|p1a: Slowking
|-start|p2a: Slowking|move: Future Sight
|move|p1a: Slowking|Future Sight|p2a: Slowking
|-start|p1a: Slowking|move: Future Sight
|
|upkeep
|turn|20
|
|t:|1781554482
|move|p2a: Slowking|Thunder Wave|p1a: Slowking
|-status|p1a: Slowking|par
|move|p1a: Slowking|Sludge Bomb|p2a: Slowking
|-resisted|p2a: Slowking
|-damage|p2a: Slowking|90/100
|
|upkeep
|turn|21
|
|t:|1781554487
|-prepare|p2a: Slowking|Chilly Reception|[premajor]
|move|p2a: Slowking|Chilly Reception|p2a: Slowking
|-weather|Snowscape
|
|t:|1781554488
|switch|p2a: chunky|Great Tusk|100/100|[from] Chilly Reception
|-prepare|p1a: Slowking|Chilly Reception|[premajor]
|move|p1a: Slowking|Chilly Reception|p1a: Slowking
|
|t:|1781554496
|switch|p1a: Gliscor|Gliscor, M|100/100 tox|[from] Chilly Reception
|
|-weather|Snowscape|[upkeep]
|-end|p2a: chunky|move: Future Sight
|-supereffective|p2a: chunky
|-damage|p2a: chunky|0 fnt
|faint|p2a: chunky
|-end|p2a: chunky|Protosynthesis|[silent]
|-end|p1a: Gliscor|move: Future Sight
|-damage|p1a: Gliscor|61/100 tox
|-heal|p1a: Gliscor|74/100 tox|[from] ability: Poison Heal
|upkeep
|
|t:|1781554500
|switch|p2a: spongebobe|Iron Crown, tera:Fighting|18/100
|turn|22
|
|t:|1781554505
|move|p2a: spongebobe|Tachyon Cutter|p1a: Gliscor
|-damage|p1a: Gliscor|54/100 tox
|-damage|p1a: Gliscor|32/100 tox
|-hitcount|p1a: Gliscor|2
|move|p1a: Gliscor|Toxic|p2a: spongebobe
|-status|p2a: spongebobe|tox
|
|-weather|Snowscape|[upkeep]
|-damage|p2a: spongebobe|12/100 tox|[from] psn
|-heal|p1a: Gliscor|45/100 tox|[from] ability: Poison Heal
|upkeep
|turn|23
|
|t:|1781554510
|move|p1a: Gliscor|Protect|p1a: Gliscor
|-singleturn|p1a: Gliscor|Protect
|move|p2a: spongebobe|Calm Mind|p2a: spongebobe
|-boost|p2a: spongebobe|spa|1
|-boost|p2a: spongebobe|spd|1
|
|-weather|Snowscape|[upkeep]
|-damage|p2a: spongebobe|0 fnt|[from] psn
|faint|p2a: spongebobe
|-end|p2a: spongebobe|Quark Drive|[silent]
|-heal|p1a: Gliscor|57/100 tox|[from] ability: Poison Heal
|upkeep
|
|t:|1781554512
|switch|p2a: Slowking|Slowking-Galar, F|100/100
|turn|24
|
|t:|1781554517
|switch|p1a: Slowking|Slowking-Galar, F|100/100 par
|move|p2a: Slowking|Future Sight|p1a: Slowking
|-start|p2a: Slowking|move: Future Sight
|
|-weather|Snowscape|[upkeep]
|upkeep
|turn|25
|
|t:|1781554522
|-prepare|p2a: Slowking|Chilly Reception|[premajor]
|move|p2a: Slowking|Chilly Reception|p2a: Slowking
|
|t:|1781554524
|switch|p2a: nacho libre|Mimikyu, M, shiny|100/100|[from] Chilly Reception
|move|p1a: Slowking|Sludge Bomb|p2a: nacho libre
|-activate|p2a: nacho libre|ability: Disguise
|-damage|p2a: nacho libre|100/100
|detailschange|p2a: nacho libre|Mimikyu-Busted, M, shiny
|-damage|p2a: nacho libre|88/100|[from] pokemon: Mimikyu-Busted
|-enditem|p2a: nacho libre|Red Card|[of] p1a: Slowking
|drag|p1a: Gliscor|Gliscor, M|57/100 tox
|
|-weather|none
|-heal|p1a: Gliscor|70/100 tox|[from] ability: Poison Heal
|upkeep
|turn|26
|
|t:|1781554532
|move|p2a: nacho libre|Swords Dance|p2a: nacho libre
|-boost|p2a: nacho libre|atk|2
|move|p1a: Gliscor|Toxic|p2a: nacho libre
|-status|p2a: nacho libre|tox
|
|-end|p1a: Gliscor|move: Future Sight
|-damage|p1a: Gliscor|31/100 tox
|-damage|p2a: nacho libre|82/100 tox|[from] psn
|-heal|p1a: Gliscor|44/100 tox|[from] ability: Poison Heal
|upkeep
|turn|27
|
|t:|1781554549
|move|p2a: nacho libre|Play Rough|p1a: Gliscor
|-damage|p1a: Gliscor|0 fnt
|faint|p1a: Gliscor
|
|-damage|p2a: nacho libre|70/100 tox|[from] psn
|upkeep
|
|t:|1781554553
|switch|p1a: Slowking|Slowking-Galar, F|100/100 par
|turn|28
|
|t:|1781554556
|move|p2a: nacho libre|Shadow Sneak|p1a: Slowking
|-supereffective|p1a: Slowking
|-damage|p1a: Slowking|35/100 par
|move|p1a: Slowking|Sludge Bomb|p2a: nacho libre
|-damage|p2a: nacho libre|24/100 tox
|
|-damage|p2a: nacho libre|6/100 tox|[from] psn
|upkeep
|turn|29
|
|t:|1781554559
|move|p2a: nacho libre|Shadow Sneak|p1a: Slowking
|-supereffective|p1a: Slowking
|-damage|p1a: Slowking|0 fnt
|faint|p1a: Slowking
|
|-damage|p2a: nacho libre|0 fnt|[from] psn
|faint|p2a: nacho libre
|upkeep
|
|t:|1781554562
|switch|p2a: Slowking|Slowking-Galar, F|100/100
|switch|p1a: Dragonite|Dragonite, M, tera:Normal|49/100
|-damage|p1a: Dragonite|36/100|[from] Spikes
|turn|30
|
|t:|1781554565
|move|p1a: Dragonite|Earthquake|p2a: Slowking
|-supereffective|p2a: Slowking
|-crit|p2a: Slowking
|-enditem|p2a: Slowking|Shuca Berry|[eat]
|-enditem|p2a: Slowking|Shuca Berry|[weaken]
|-damage|p2a: Slowking|14/100
|move|p2a: Slowking|Ice Beam|p1a: Dragonite
|-damage|p1a: Dragonite|10/100
|-status|p1a: Dragonite|frz
|
|upkeep
|turn|31
|
|t:|1781554572
|cant|p1a: Dragonite|frz
|move|p2a: Slowking|Ice Beam|p1a: Dragonite
|-damage|p1a: Dragonite|0 fnt
|faint|p1a: Dragonite
|
|win|tootymctoot
|raw|purple pastels's rating: 1522 &rarr; <strong>1500</strong><br />(-22 for losing)
|raw|tootymctoot's rating: 1483 &rarr; <strong>1505</strong><br />(+22 for winning)
|l|☆purple pastels
|player|p1|
