|j|☆LowEL0God
|j|☆Acastillo631
|t:|1781525739
|gametype|singles
|player|p1|LowEL0God|265|1680
|player|p2|Acastillo631|silver|1571
|gen|9
|tier|[Gen 9] OU
|rated|
|rule|HP Percentage Mod: HP is shown in percentages
|rule|Endless Battle Clause: Forcing endless battles is banned
|rule|Species Clause: Limit one of each Pokémon
|rule|OHKO Clause: OHKO moves are banned
|rule|Evasion Items Clause: Evasion items are banned
|rule|Evasion Moves Clause: Evasion moves are banned
|rule|Evasion Abilities Clause: Evasion abilities are banned
|rule|Sleep Moves Clause: Sleep-inducing moves are banned
|clearpoke
|poke|p1|Pelipper, F|
|poke|p1|Raging Bolt|
|poke|p1|Overqwil, F|
|poke|p1|Barraskewda, M|
|poke|p1|Iron Treads|
|poke|p1|Kingambit, F|
|poke|p2|Iron Valiant|
|poke|p2|Sinistcha|
|poke|p2|Tyranitar, M|
|poke|p2|Klefki, F|
|poke|p2|Swampert, M|
|poke|p2|Talonflame, M|
|teampreview
|c|☆LowEL0God|hf
|inactive|Battle timer is ON: inactive players will automatically lose when time's up. (requested by LowEL0God)
|
|t:|1781525766
|teamsize|p1|6
|teamsize|p2|6
|start
|switch|p1a: Kingambit|Kingambit, F|100/100
|switch|p2a: Redips|Klefki, F|100/100
|turn|1
|
|t:|1781525775
|move|p2a: Redips|Spikes|p1a: Kingambit
|-sidestart|p1: LowEL0God|Spikes
|move|p1a: Kingambit|Swords Dance|p1a: Kingambit
|-boost|p1a: Kingambit|atk|2
|
|upkeep
|turn|2
|
|t:|1781525777
|switch|p2a: Talonflame|Talonflame, M|100/100
|move|p1a: Kingambit|Iron Head|p2a: Talonflame
|-resisted|p2a: Talonflame
|-damage|p2a: Talonflame|43/100
|
|upkeep
|turn|3
|
|t:|1781525783
|move|p2a: Talonflame|Will-O-Wisp|p1a: Kingambit
|-status|p1a: Kingambit|brn
|move|p1a: Kingambit|Iron Head|p2a: Talonflame
|-resisted|p2a: Talonflame
|-damage|p2a: Talonflame|15/100
|
|-damage|p1a: Kingambit|94/100 brn|[from] brn
|upkeep
|turn|4
|
|t:|1781525790
|move|p2a: Talonflame|Roost|p2a: Talonflame
|-heal|p2a: Talonflame|65/100
|-singleturn|p2a: Talonflame|move: Roost
|move|p1a: Kingambit|Kowtow Cleave|p2a: Talonflame
|-damage|p2a: Talonflame|0 fnt
|faint|p2a: Talonflame
|
|-heal|p1a: Kingambit|100/100 brn|[from] item: Leftovers
|-damage|p1a: Kingambit|94/100 brn|[from] brn
|upkeep
|
|t:|1781525801
|switch|p2a: Sage Harpuia|Iron Valiant|100/100
|-enditem|p2a: Sage Harpuia|Booster Energy
|-activate|p2a: Sage Harpuia|ability: Quark Drive|[fromitem]
|-start|p2a: Sage Harpuia|quarkdrivespe
|turn|5
|
|t:|1781525803
|-terastallize|p1a: Kingambit|Dark
|move|p2a: Sage Harpuia|Close Combat|p1a: Kingambit
|-supereffective|p1a: Kingambit
|-damage|p1a: Kingambit|16/100 brn
|-unboost|p2a: Sage Harpuia|def|1
|-unboost|p2a: Sage Harpuia|spd|1
|move|p1a: Kingambit|Iron Head|p2a: Sage Harpuia
|-supereffective|p2a: Sage Harpuia
|-damage|p2a: Sage Harpuia|0 fnt
|faint|p2a: Sage Harpuia
|-end|p2a: Sage Harpuia|Quark Drive|[silent]
|
|-heal|p1a: Kingambit|23/100 brn|[from] item: Leftovers
|-damage|p1a: Kingambit|16/100 brn|[from] brn
|upkeep
|
|t:|1781525813
|switch|p2a: Redips|Klefki, F|100/100
|turn|6
|
|t:|1781525815
|move|p2a: Redips|Dazzling Gleam|p1a: Kingambit
|-supereffective|p1a: Kingambit
|-damage|p1a: Kingambit|0 fnt
|faint|p1a: Kingambit
|-end|p1a: Kingambit|fallenundefined|[silent]
|
|upkeep
|
|t:|1781525817
|switch|p1a: Overqwil|Overqwil, F|100/100
|-damage|p1a: Overqwil|88/100|[from] Spikes
|turn|7
|
|t:|1781525821
|move|p1a: Overqwil|Swords Dance|p1a: Overqwil
|-boost|p1a: Overqwil|atk|2
|move|p2a: Redips|Dazzling Gleam|p1a: Overqwil
|-damage|p1a: Overqwil|52/100
|
|upkeep
|turn|8
|
|t:|1781525827
|move|p1a: Overqwil|Liquidation|p2a: Redips
|-damage|p2a: Redips|39/100
|-damage|p1a: Overqwil|36/100|[from] item: Rocky Helmet|[of] p2a: Redips
|-damage|p1a: Overqwil|26/100|[from] item: Life Orb
|move|p2a: Redips|Dazzling Gleam|p1a: Overqwil
|-damage|p1a: Overqwil|0 fnt
|faint|p1a: Overqwil
|
|upkeep
|
|t:|1781525829
|switch|p1a: Iron Treads|Iron Treads|100/100
|-damage|p1a: Iron Treads|88/100|[from] Spikes
|-enditem|p1a: Iron Treads|Booster Energy
|-activate|p1a: Iron Treads|ability: Quark Drive|[fromitem]
|-start|p1a: Iron Treads|quarkdrivespe
|turn|9
|
|t:|1781525837
|switch|p2a: Wire Sponge|Sinistcha|100/100
|move|p1a: Iron Treads|Earth Power|p2a: Wire Sponge
|-resisted|p2a: Wire Sponge
|-damage|p2a: Wire Sponge|80/100
|
|upkeep
|turn|10
|
|t:|1781525840
|move|p1a: Iron Treads|Stealth Rock|p2a: Wire Sponge
|-sidestart|p2: Acastillo631|move: Stealth Rock
|move|p2a: Wire Sponge|Matcha Gotcha|p1a: Iron Treads
|-damage|p1a: Iron Treads|45/100
|-heal|p2a: Wire Sponge|100/100|[from] drain|[of] p1a: Iron Treads
|-status|p1a: Iron Treads|brn
|
|-damage|p1a: Iron Treads|39/100 brn|[from] brn
|upkeep
|turn|11
|
|t:|1781525842
|move|p1a: Iron Treads|Steel Beam|p2a: Wire Sponge
|-damage|p2a: Wire Sponge|40/100
|-damage|p1a: Iron Treads|0 fnt|[from] steelbeam
|faint|p1a: Iron Treads
|-end|p1a: Iron Treads|Quark Drive|[silent]
|move|p2a: Wire Sponge|Calm Mind|p2a: Wire Sponge
|-boost|p2a: Wire Sponge|spa|1
|-boost|p2a: Wire Sponge|spd|1
|
|upkeep
|
|t:|1781525843
|switch|p1a: Raging Bolt|Raging Bolt|100/100
|-damage|p1a: Raging Bolt|88/100|[from] Spikes
|-enditem|p1a: Raging Bolt|Booster Energy
|-activate|p1a: Raging Bolt|ability: Protosynthesis|[fromitem]
|-start|p1a: Raging Bolt|protosynthesisspa
|turn|12
|
|t:|1781525849
|switch|p2a: Duff Mcwhalen|Swampert, M|100/100
|-damage|p2a: Duff Mcwhalen|94/100|[from] Stealth Rock
|move|p1a: Raging Bolt|Draco Meteor|p2a: Duff Mcwhalen
|-damage|p2a: Duff Mcwhalen|30/100
|-unboost|p1a: Raging Bolt|spa|2
|
|-heal|p2a: Duff Mcwhalen|37/100|[from] item: Leftovers
|upkeep
|turn|13
|
|t:|1781525854
|-end|p1a: Raging Bolt|Protosynthesis|[silent]
|switch|p1a: Pelipper|Pelipper, F|100/100
|-weather|RainDance|[from] ability: Drizzle|[of] p1a: Pelipper
|move|p2a: Duff Mcwhalen|Stealth Rock|p1a: Pelipper
|-sidestart|p1: LowEL0God|move: Stealth Rock
|
|-weather|RainDance|[upkeep]
|-heal|p2a: Duff Mcwhalen|43/100|[from] item: Leftovers
|upkeep
|turn|14
|
|t:|1781525856
|move|p2a: Duff Mcwhalen|Knock Off|p1a: Pelipper
|-damage|p1a: Pelipper|83/100
|-enditem|p1a: Pelipper|Damp Rock|[from] move: Knock Off|[of] p2a: Duff Mcwhalen
|move|p1a: Pelipper|Weather Ball|p2a: Duff Mcwhalen
|-damage|p2a: Duff Mcwhalen|8/100
|
|-weather|RainDance|[upkeep]
|-heal|p2a: Duff Mcwhalen|15/100|[from] item: Leftovers
|upkeep
|turn|15
|j| choispecs ironmoth
|
|t:|1781525866
|move|p2a: Duff Mcwhalen|Flip Turn|p1a: Pelipper
|-resisted|p1a: Pelipper
|-damage|p1a: Pelipper|63/100
|l| choispecs ironmoth
|
|t:|1781525869
|switch|p2a: Eregion|Tyranitar, M|100/100|[from] Flip Turn
|-damage|p2a: Eregion|88/100|[from] Stealth Rock
|-weather|Sandstorm|[from] ability: Sand Stream|[of] p2a: Eregion
|move|p1a: Pelipper|Hurricane|p2a: Eregion
|-resisted|p2a: Eregion
|-damage|p2a: Eregion|80/100
|
|-weather|Sandstorm|[upkeep]
|-damage|p1a: Pelipper|57/100|[from] Sandstorm
|-heal|p2a: Eregion|86/100|[from] item: Leftovers
|upkeep
|turn|16
|
|t:|1781525873
|move|p1a: Pelipper|Roost|p1a: Pelipper
|-heal|p1a: Pelipper|100/100
|-singleturn|p1a: Pelipper|move: Roost
|move|p2a: Eregion|Roar|p1a: Pelipper
|drag|p1a: Raging Bolt|Raging Bolt|88/100
|-damage|p1a: Raging Bolt|76/100|[from] Spikes
|-damage|p1a: Raging Bolt|64/100|[from] Stealth Rock
|
|-weather|Sandstorm|[upkeep]
|-damage|p1a: Raging Bolt|57/100|[from] Sandstorm
|-heal|p2a: Eregion|92/100|[from] item: Leftovers
|upkeep
|turn|17
|
|t:|1781525878
|move|p1a: Raging Bolt|Thunder|p2a: Eregion|[miss]
|-miss|p1a: Raging Bolt|p2a: Eregion
|move|p2a: Eregion|Ice Beam|p1a: Raging Bolt
|-supereffective|p1a: Raging Bolt
|-damage|p1a: Raging Bolt|25/100
|
|-weather|Sandstorm|[upkeep]
|-damage|p1a: Raging Bolt|19/100|[from] Sandstorm
|-heal|p2a: Eregion|99/100|[from] item: Leftovers
|upkeep
|turn|18
|
|t:|1781525894
|move|p1a: Raging Bolt|Weather Ball|p2a: Eregion
|-damage|p2a: Eregion|83/100
|move|p2a: Eregion|Ice Beam|p1a: Raging Bolt
|-supereffective|p1a: Raging Bolt
|-damage|p1a: Raging Bolt|0 fnt
|faint|p1a: Raging Bolt
|-end|p1a: Raging Bolt|Protosynthesis|[silent]
|
|-weather|Sandstorm|[upkeep]
|-heal|p2a: Eregion|89/100|[from] item: Leftovers
|upkeep
|
|t:|1781525895
|switch|p1a: Pelipper|Pelipper, F|100/100
|-damage|p1a: Pelipper|76/100|[from] Stealth Rock
|-weather|RainDance|[from] ability: Drizzle|[of] p1a: Pelipper
|turn|19
|
|t:|1781525904
|switch|p2a: Duff Mcwhalen|Swampert, M|15/100
|-damage|p2a: Duff Mcwhalen|8/100|[from] Stealth Rock
|move|p1a: Pelipper|Weather Ball|p2a: Duff Mcwhalen
|-damage|p2a: Duff Mcwhalen|0 fnt
|faint|p2a: Duff Mcwhalen
|
|-weather|RainDance|[upkeep]
|upkeep
|
|t:|1781525908
|switch|p2a: Eregion|Tyranitar, M|89/100
|-damage|p2a: Eregion|76/100|[from] Stealth Rock
|-weather|Sandstorm|[from] ability: Sand Stream|[of] p2a: Eregion
|turn|20
|
|t:|1781525918
|move|p2a: Eregion|Knock Off|p1a: Pelipper
|-damage|p1a: Pelipper|53/100
|move|p1a: Pelipper|Roost|p1a: Pelipper
|-heal|p1a: Pelipper|100/100
|-singleturn|p1a: Pelipper|move: Roost
|
|-weather|Sandstorm|[upkeep]
|-damage|p1a: Pelipper|94/100|[from] Sandstorm
|-heal|p2a: Eregion|83/100|[from] item: Leftovers
|upkeep
|turn|21
|
|t:|1781525929
|move|p2a: Eregion|Knock Off|p1a: Pelipper
|-damage|p1a: Pelipper|72/100
|move|p1a: Pelipper|Weather Ball|p2a: Eregion
|-damage|p2a: Eregion|73/100
|
|-weather|Sandstorm|[upkeep]
|-damage|p1a: Pelipper|66/100|[from] Sandstorm
|-heal|p2a: Eregion|79/100|[from] item: Leftovers
|upkeep
|turn|22
|
|t:|1781525935
|move|p2a: Eregion|Ice Beam|p1a: Pelipper
|-damage|p1a: Pelipper|39/100
|move|p1a: Pelipper|Roost|p1a: Pelipper
|-heal|p1a: Pelipper|89/100
|-singleturn|p1a: Pelipper|move: Roost
|
|-weather|Sandstorm|[upkeep]
|-damage|p1a: Pelipper|83/100|[from] Sandstorm
|-heal|p2a: Eregion|85/100|[from] item: Leftovers
|upkeep
|turn|23
|
|t:|1781525947
|move|p2a: Eregion|Ice Beam|p1a: Pelipper
|-damage|p1a: Pelipper|55/100
|move|p1a: Pelipper|Roost|p1a: Pelipper
|-heal|p1a: Pelipper|100/100
|-singleturn|p1a: Pelipper|move: Roost
|
|-weather|Sandstorm|[upkeep]
|-damage|p1a: Pelipper|94/100|[from] Sandstorm
|-heal|p2a: Eregion|92/100|[from] item: Leftovers
|upkeep
|turn|24
|
|t:|1781525952
|move|p2a: Eregion|Ice Beam|p1a: Pelipper
|-damage|p1a: Pelipper|68/100
|move|p1a: Pelipper|Hurricane|p2a: Eregion
|-resisted|p2a: Eregion
|-damage|p2a: Eregion|83/100
|-start|p2a: Eregion|confusion
|
|-weather|none
|-heal|p2a: Eregion|90/100|[from] item: Leftovers
|upkeep
|turn|25
|inactive|Acastillo631 has 120 seconds left.
|
|t:|1781525983
|-activate|p2a: Eregion|confusion
|move|p2a: Eregion|Knock Off|p1a: Pelipper
|-damage|p1a: Pelipper|44/100
|move|p1a: Pelipper|Roost|p1a: Pelipper
|-heal|p1a: Pelipper|94/100
|-singleturn|p1a: Pelipper|move: Roost
|
|-heal|p2a: Eregion|96/100|[from] item: Leftovers
|upkeep
|turn|26
|inactive|Acastillo631 has 120 seconds left.
|
|t:|1781525995
|-end|p2a: Eregion|confusion
|move|p2a: Eregion|Ice Beam|p1a: Pelipper
|-damage|p1a: Pelipper|66/100
|move|p1a: Pelipper|Hurricane|p2a: Eregion
|-resisted|p2a: Eregion
|-damage|p2a: Eregion|85/100
|-start|p2a: Eregion|confusion
|
|-heal|p2a: Eregion|92/100|[from] item: Leftovers
|upkeep
|turn|27
|inactive|Acastillo631 has 120 seconds left.
|
|t:|1781526013
|switch|p2a: Wire Sponge|Sinistcha|40/100
|move|p1a: Pelipper|Roost|p1a: Pelipper
|-heal|p1a: Pelipper|100/100
|-singleturn|p1a: Pelipper|move: Roost
|
|upkeep
|turn|28
|inactive|Acastillo631 has 120 seconds left.
|
|t:|1781526019
|move|p2a: Wire Sponge|Matcha Gotcha|p1a: Pelipper
|-damage|p1a: Pelipper|53/100
|-heal|p2a: Wire Sponge|62/100|[from] drain|[of] p1a: Pelipper
|-status|p1a: Pelipper|brn
|move|p1a: Pelipper|Hurricane|p2a: Wire Sponge|[miss]
|-miss|p1a: Pelipper|p2a: Wire Sponge
|
|-damage|p1a: Pelipper|47/100 brn|[from] brn
|upkeep
|turn|29
|
|t:|1781526026
|move|p2a: Wire Sponge|Calm Mind|p2a: Wire Sponge
|-boost|p2a: Wire Sponge|spa|1
|-boost|p2a: Wire Sponge|spd|1
|move|p1a: Pelipper|Roost|p1a: Pelipper
|-heal|p1a: Pelipper|97/100 brn
|-singleturn|p1a: Pelipper|move: Roost
|
|-damage|p1a: Pelipper|91/100 brn|[from] brn
|upkeep
|turn|30
|
|t:|1781526036
|switch|p2a: Eregion|Tyranitar, M|92/100
|-damage|p2a: Eregion|79/100|[from] Stealth Rock
|-weather|Sandstorm|[from] ability: Sand Stream|[of] p2a: Eregion
|move|p1a: Pelipper|Hurricane|p2a: Eregion|[miss]
|-miss|p1a: Pelipper|p2a: Eregion
|
|-weather|Sandstorm|[upkeep]
|-damage|p1a: Pelipper|85/100 brn|[from] Sandstorm
|-heal|p2a: Eregion|85/100|[from] item: Leftovers
|-damage|p1a: Pelipper|79/100 brn|[from] brn
|upkeep
|turn|31
|
|t:|1781526042
|move|p2a: Eregion|Ice Beam|p1a: Pelipper
|-damage|p1a: Pelipper|50/100 brn
|move|p1a: Pelipper|Roost|p1a: Pelipper
|-heal|p1a: Pelipper|99/100 brn
|-singleturn|p1a: Pelipper|move: Roost
|
|-weather|Sandstorm|[upkeep]
|-damage|p1a: Pelipper|94/100 brn|[from] Sandstorm
|-heal|p2a: Eregion|92/100|[from] item: Leftovers
|-damage|p1a: Pelipper|87/100 brn|[from] brn
|upkeep
|turn|32
|
|t:|1781526061
|move|p2a: Eregion|Ice Beam|p1a: Pelipper
|-crit|p1a: Pelipper
|-damage|p1a: Pelipper|43/100 brn
|move|p1a: Pelipper|Hurricane|p2a: Eregion
|-resisted|p2a: Eregion
|-damage|p2a: Eregion|84/100
|-start|p2a: Eregion|confusion
|
|-weather|Sandstorm|[upkeep]
|-damage|p1a: Pelipper|37/100 brn|[from] Sandstorm
|-heal|p2a: Eregion|90/100|[from] item: Leftovers
|-damage|p1a: Pelipper|31/100 brn|[from] brn
|upkeep
|turn|33
|inactive|Acastillo631 has 120 seconds left.
|
|t:|1781526081
|switch|p2a: Redips|Klefki, F|39/100
|-damage|p2a: Redips|34/100|[from] Stealth Rock
|move|p1a: Pelipper|Hurricane|p2a: Redips|[miss]
|-miss|p1a: Pelipper|p2a: Redips
|
|-weather|Sandstorm|[upkeep]
|-damage|p1a: Pelipper|25/100 brn|[from] Sandstorm
|-damage|p1a: Pelipper|18/100 brn|[from] brn
|upkeep
|turn|34
|
|t:|1781526085
|move|p2a: Redips|Dazzling Gleam|p1a: Pelipper
|-damage|p1a: Pelipper|0 fnt
|faint|p1a: Pelipper
|
|-weather|none
|upkeep
|
|t:|1781526086
|switch|p1a: Barraskewda|Barraskewda, M|100/100
|-damage|p1a: Barraskewda|88/100|[from] Spikes
|-damage|p1a: Barraskewda|75/100|[from] Stealth Rock
|turn|35
|
|t:|1781526090
|move|p2a: Redips|Thunder Wave|p1a: Barraskewda
|-status|p1a: Barraskewda|par
|cant|p1a: Barraskewda|par
|
|upkeep
|turn|36
|
|t:|1781526107
|move|p2a: Redips|Dazzling Gleam|p1a: Barraskewda
|-damage|p1a: Barraskewda|22/100 par
|move|p1a: Barraskewda|Flip Turn|p2a: Redips
|-damage|p2a: Redips|0 fnt
|-damage|p1a: Barraskewda|5/100 par|[from] item: Rocky Helmet|[of] p2a: Redips
|faint|p2a: Redips
|
|upkeep
|c|☆Acastillo631|Gg
|
|t:|1781526126
|switch|p2a: Eregion|Tyranitar, M|90/100
|-damage|p2a: Eregion|78/100|[from] Stealth Rock
|-weather|Sandstorm|[from] ability: Sand Stream|[of] p2a: Eregion
|turn|37
|
|t:|1781526132
|move|p1a: Barraskewda|Flip Turn|p2a: Eregion
|-supereffective|p2a: Eregion
|-damage|p2a: Eregion|2/100
|move|p2a: Eregion|Knock Off|p1a: Barraskewda
|-damage|p1a: Barraskewda|0 fnt
|-enditem|p1a: Barraskewda|Choice Band|[from] move: Knock Off|[of] p2a: Eregion
|faint|p1a: Barraskewda
|
|win|Acastillo631
|raw|LowEL0God's rating: 1680 &rarr; <strong>1654</strong><br />(-26 for losing)
|raw|Acastillo631's rating: 1571 &rarr; <strong>1597</strong><br />(+26 for winning)
|c|☆LowEL0God|gg
|l|☆LowEL0God
|player|p1|
|l|☆Acastillo631
|player|p2|
