|badge|p2|bronze|gen9ou|100-9
|uhtml|medal-msg|<div class="broadcast-blue">Curious what those medals under the avatar are? PS now has Ladder Seasons! For more information, check out the <a href="https://www.smogon.com/forums/threads/3740067/">thread on Smogon.</a></div>
|j|☆dilf huntr
|j|☆Floundso
|t:|1781599755
|gametype|singles
|player|p1|dilf huntr|1|1707
|player|p2|Floundso|giovanni|1844
|gen|9
|tier|[Gen 9] OU
|rated|
|rule|HP Percentage Mod: HP is shown in percentages
|rule|Endless Battle Clause: Forcing endless battles is banned
|rule|Species Clause: Limit one of each Pokémon
|rule|OHKO Clause: OHKO moves are banned
|rule|Evasion Items Clause: Evasion items are banned
|rule|Evasion Moves Clause: Evasion moves are banned
|rule|Evasion Abilities Clause: Evasion abilities are banned
|rule|Sleep Moves Clause: Sleep-inducing moves are banned
|clearpoke
|poke|p1|Araquanid, F|
|poke|p1|Iron Valiant|
|poke|p1|Ceruledge, M|
|poke|p1|Deoxys-Speed|
|poke|p1|Gholdengo|
|poke|p1|Raging Bolt|
|poke|p2|Hoopa-Unbound|
|poke|p2|Pecharunt|
|poke|p2|Landorus-Therian, M|
|poke|p2|Cinderace, M|
|poke|p2|Alomomola, M|
|poke|p2|Iron Valiant|
|teampreview
|inactive|Battle timer is ON: inactive players will automatically lose when time's up. (requested by dilf huntr)
|
|t:|1781599772
|teamsize|p1|6
|teamsize|p2|6
|start
|switch|p1a: Ceruledge|Ceruledge, M|100/100
|switch|p2a: Enten|Landorus-Therian, M, shiny|100/100
|-ability|p2a: Enten|Intimidate|boost
|-unboost|p1a: Ceruledge|atk|1
|turn|1
|
|t:|1781599779
|move|p2a: Enten|U-turn|p1a: Ceruledge
|-resisted|p1a: Ceruledge
|-damage|p1a: Ceruledge|92/100
|-ability|p1a: Ceruledge|Weak Armor|boost
|-unboost|p1a: Ceruledge|def|1
|-boost|p1a: Ceruledge|spe|2
|j| g4rewfewfdwed
|
|t:|1781599792
|switch|p2a: Overseer|Pecharunt|100/100|[from] U-turn
|move|p1a: Ceruledge|Swords Dance|p1a: Ceruledge
|-boost|p1a: Ceruledge|atk|2
|
|upkeep
|turn|2
|
|t:|1781599801
|-terastallize|p2a: Overseer|Dark
|move|p1a: Ceruledge|Poltergeist|p2a: Overseer
|-activate|p2a: Overseer|move: Poltergeist|Heavy-Duty Boots
|-resisted|p2a: Overseer
|-damage|p2a: Overseer|78/100
|move|p2a: Overseer|Foul Play|p1a: Ceruledge
|-supereffective|p1a: Ceruledge
|-damage|p1a: Ceruledge|0 fnt
|faint|p1a: Ceruledge
|
|upkeep
|j| dante1310
|j| hposnonin
|
|t:|1781599827
|switch|p1a: Iron Valiant|Iron Valiant|100/100
|-enditem|p1a: Iron Valiant|Booster Energy
|-activate|p1a: Iron Valiant|ability: Quark Drive|[fromitem]
|-start|p1a: Iron Valiant|quarkdrivespa
|turn|3
|inactive|Floundso has 120 seconds left.
|
|t:|1781599871
|switch|p2a: Pisces|Alomomola, M, shiny|100/100
|move|p1a: Iron Valiant|Moonblast|p2a: Pisces
|-damage|p2a: Pisces|64/100
|
|upkeep
|turn|4
|
|t:|1781599885
|move|p1a: Iron Valiant|Calm Mind|p1a: Iron Valiant
|-boost|p1a: Iron Valiant|spa|1
|-boost|p1a: Iron Valiant|spd|1
|move|p2a: Pisces|Flip Turn|p1a: Iron Valiant
|-damage|p1a: Iron Valiant|80/100
|inactive|Floundso has 120 seconds left.
|
|t:|1781599891
|switch|p2a: Calamity|Iron Valiant, shiny|100/100|[from] Flip Turn
|
|upkeep
|turn|5
|
|t:|1781599915
|-terastallize|p1a: Iron Valiant|Ghost
|move|p2a: Calamity|Moonblast|p1a: Iron Valiant
|-damage|p1a: Iron Valiant|0 fnt
|faint|p1a: Iron Valiant
|-end|p1a: Iron Valiant|Quark Drive|[silent]
|
|upkeep
|l| g4rewfewfdwed
|inactive|dilf huntr has 120 seconds left.
|
|t:|1781599959
|switch|p1a: Raging Bolt|Raging Bolt|100/100
|-enditem|p1a: Raging Bolt|Booster Energy
|-activate|p1a: Raging Bolt|ability: Protosynthesis|[fromitem]
|-start|p1a: Raging Bolt|protosynthesisspa
|turn|6
|inactive|Floundso has 120 seconds left.
|
|t:|1781600004
|move|p2a: Calamity|Moonblast|p1a: Raging Bolt
|-supereffective|p1a: Raging Bolt
|-damage|p1a: Raging Bolt|0 fnt
|faint|p1a: Raging Bolt
|-end|p1a: Raging Bolt|Protosynthesis|[silent]
|
|upkeep
|-message|dilf huntr forfeited.
|
|win|Floundso
|raw|dilf huntr's rating: 1707 &rarr; <strong>1695</strong><br />(-12 for losing)
|raw|Floundso's rating: 1844 &rarr; <strong>1856</strong><br />(+12 for winning)
|l|☆dilf huntr
|player|p1|
|l|☆Floundso
|player|p2|
|l| dante1310
