|j|‽zamrod0303
|j|☆LowEL0God
|t:|1781411437
|gametype|singles
|player|p1|zamrod0303|swimmerf|1593
|player|p2|LowEL0God|265|1568
|gen|9
|tier|[Gen 9] OU
|rated|
|rule|HP Percentage Mod: HP is shown in percentages
|rule|Endless Battle Clause: Forcing endless battles is banned
|rule|Species Clause: Limit one of each Pokémon
|rule|OHKO Clause: OHKO moves are banned
|rule|Evasion Items Clause: Evasion items are banned
|rule|Evasion Moves Clause: Evasion moves are banned
|rule|Evasion Abilities Clause: Evasion abilities are banned
|rule|Sleep Moves Clause: Sleep-inducing moves are banned
|clearpoke
|poke|p1|Staraptor, F|
|poke|p1|Raging Bolt|
|poke|p1|Alomomola, F|
|poke|p1|Hatterene, F|
|poke|p1|Gliscor, M|
|poke|p1|Corviknight, M|
|poke|p2|Pelipper, F|
|poke|p2|Raging Bolt|
|poke|p2|Overqwil, F|
|poke|p2|Barraskewda, F|
|poke|p2|Iron Treads|
|poke|p2|Kingambit, F|
|teampreview
|inactive|Battle timer is ON: inactive players will automatically lose when time's up. (requested by zamrod0303)
|c|☆LowEL0God|hf
|inactive|LowEL0God also wants the timer to be on.
|
|t:|1781411465
|teamsize|p1|6
|teamsize|p2|6
|start
|switch|p1a: Staraptor|Staraptor, F|100/100
|switch|p2a: Kingambit|Kingambit, F|100/100
|turn|1
|
|t:|1781411473
|-terastallize|p2a: Kingambit|Dark
|move|p1a: Staraptor|Close Combat|p2a: Kingambit
|-supereffective|p2a: Kingambit
|-damage|p2a: Kingambit|10/100
|-unboost|p1a: Staraptor|def|1
|-unboost|p1a: Staraptor|spd|1
|move|p2a: Kingambit|Kowtow Cleave|p1a: Staraptor
|-damage|p1a: Staraptor|0 fnt
|faint|p1a: Staraptor
|
|-heal|p2a: Kingambit|16/100|[from] item: Leftovers
|upkeep
|inactive|zamrod0303 has 120 seconds left.
|
|t:|1781411516
|switch|p1a: Gliscor|Gliscor, M|100/100
|turn|2
|
|t:|1781411525
|move|p1a: Gliscor|Swords Dance|p1a: Gliscor
|-boost|p1a: Gliscor|atk|2
|move|p2a: Kingambit|Swords Dance|p2a: Kingambit
|-boost|p2a: Kingambit|atk|2
|
|-heal|p2a: Kingambit|23/100|[from] item: Leftovers
|-status|p1a: Gliscor|tox|[from] item: Toxic Orb
|upkeep
|turn|3
|inactive|zamrod0303 has 120 seconds left.
|
|t:|1781411532
|move|p2a: Kingambit|Sucker Punch|p1a: Gliscor
|-damage|p1a: Gliscor|9/100 tox
|move|p1a: Gliscor|Facade|p2a: Kingambit
|-damage|p2a: Kingambit|0 fnt
|faint|p2a: Kingambit
|-end|p2a: Kingambit|fallenundefined|[silent]
|
|-heal|p1a: Gliscor|21/100 tox|[from] ability: Poison Heal
|upkeep
|
|t:|1781411535
|switch|p2a: Barraskewda|Barraskewda, F|100/100
|turn|4
|
|t:|1781411542
|move|p1a: Gliscor|Protect|p1a: Gliscor
|-singleturn|p1a: Gliscor|Protect
|move|p2a: Barraskewda|Liquidation|p1a: Gliscor
|-activate|p1a: Gliscor|move: Protect
|
|-heal|p1a: Gliscor|34/100 tox|[from] ability: Poison Heal
|upkeep
|turn|5
|
|t:|1781411554
|switch|p1a: Alomomola|Alomomola, F|100/100
|move|p2a: Barraskewda|Liquidation|p1a: Alomomola
|-resisted|p1a: Alomomola
|-damage|p1a: Alomomola|79/100
|-damage|p2a: Barraskewda|84/100|[from] item: Rocky Helmet|[of] p1a: Alomomola
|
|upkeep
|turn|6
|
|t:|1781411559
|switch|p2a: Raging Bolt|Raging Bolt|100/100
|-enditem|p2a: Raging Bolt|Booster Energy
|-activate|p2a: Raging Bolt|ability: Protosynthesis|[fromitem]
|-start|p2a: Raging Bolt|protosynthesisspa
|move|p1a: Alomomola|Flip Turn|p2a: Raging Bolt
|-resisted|p2a: Raging Bolt
|-damage|p2a: Raging Bolt|93/100
|inactive|zamrod0303 has 120 seconds left.
|
|t:|1781411592
|switch|p1a: Raging Bolt|Raging Bolt|100/100|[from] Flip Turn
|
|upkeep
|turn|7
|inactive|zamrod0303 has 120 seconds left.
|
|t:|1781411598
|-terastallize|p1a: Raging Bolt|Fairy
|move|p2a: Raging Bolt|Draco Meteor|p1a: Raging Bolt
|-immune|p1a: Raging Bolt
|move|p1a: Raging Bolt|Dragon Pulse|p2a: Raging Bolt
|-supereffective|p2a: Raging Bolt
|-damage|p2a: Raging Bolt|4/100
|
|upkeep
|turn|8
|j| chet homogren
|inactive|zamrod0303 has 120 seconds left.
|c| chet homogren|lets go zamrod0303
|
|t:|1781411612
|move|p1a: Raging Bolt|Dragon Pulse|p2a: Raging Bolt
|-supereffective|p2a: Raging Bolt
|-damage|p2a: Raging Bolt|0 fnt
|faint|p2a: Raging Bolt
|-end|p2a: Raging Bolt|Protosynthesis|[silent]
|
|upkeep
|
|t:|1781411613
|switch|p2a: Overqwil|Overqwil, F|100/100
|turn|9
|
|t:|1781411621
|-end|p1a: Raging Bolt|Protosynthesis|[silent]
|switch|p1a: Corviknight|Corviknight, M|100/100
|move|p2a: Overqwil|Gunk Shot|p1a: Corviknight
|-immune|p1a: Corviknight
|
|upkeep
|turn|10
|
|t:|1781411625
|move|p2a: Overqwil|Swords Dance|p2a: Overqwil
|-boost|p2a: Overqwil|atk|2
|move|p1a: Corviknight|U-turn|p2a: Overqwil
|-damage|p2a: Overqwil|85/100
|
|t:|1781411645
|switch|p1a: Gliscor|Gliscor, M|34/100 tox|[from] U-turn
|
|-heal|p1a: Gliscor|46/100 tox|[from] ability: Poison Heal
|upkeep
|turn|11
|
|t:|1781411649
|move|p2a: Overqwil|Gunk Shot|p1a: Gliscor
|-resisted|p1a: Gliscor
|-damage|p1a: Gliscor|0 fnt
|faint|p1a: Gliscor
|-damage|p2a: Overqwil|75/100|[from] item: Life Orb
|
|upkeep
|c| chet homogren|lol
|c| chet homogren|gg
|c| chet homogren|retar
|l| chet homogren
|
|t:|1781411658
|switch|p1a: Corviknight|Corviknight, M|100/100
|turn|12
|
|t:|1781411659
|move|p2a: Overqwil|Crunch|p1a: Corviknight
|-damage|p1a: Corviknight|41/100
|-damage|p2a: Overqwil|59/100|[from] item: Rocky Helmet|[of] p1a: Corviknight
|-damage|p2a: Overqwil|49/100|[from] item: Life Orb
|move|p1a: Corviknight|Brave Bird|p2a: Overqwil
|-damage|p2a: Overqwil|9/100
|-damage|p1a: Corviknight|30/100|[from] Recoil
|
|upkeep
|turn|13
|
|t:|1781411668
|move|p2a: Overqwil|Crunch|p1a: Corviknight
|-damage|p1a: Corviknight|0 fnt
|-damage|p2a: Overqwil|0 fnt|[from] item: Rocky Helmet|[of] p1a: Corviknight
|faint|p1a: Corviknight
|faint|p2a: Overqwil
|
|upkeep
|
|t:|1781411679
|switch|p2a: Iron Treads|Iron Treads|100/100
|switch|p1a: Alomomola|Alomomola, F|100/100
|-enditem|p2a: Iron Treads|Booster Energy
|-activate|p2a: Iron Treads|ability: Quark Drive|[fromitem]
|-start|p2a: Iron Treads|quarkdrivespe
|turn|14
|
|t:|1781411681
|switch|p1a: Hatterene|Hatterene, F|100/100
|move|p2a: Iron Treads|Stealth Rock|p1a: Hatterene
|move|p1a: Hatterene|Stealth Rock|p2a: Iron Treads|[from] ability: Magic Bounce
|-sidestart|p2: LowEL0God|move: Stealth Rock
|
|upkeep
|turn|15
|
|t:|1781411692
|switch|p1a: Alomomola|Alomomola, F|100/100
|move|p2a: Iron Treads|Earth Power|p1a: Alomomola
|-damage|p1a: Alomomola|67/100
|
|upkeep
|turn|16
|
|t:|1781411698
|move|p2a: Iron Treads|Earth Power|p1a: Alomomola
|-damage|p1a: Alomomola|35/100
|move|p1a: Alomomola|Tickle|p2a: Iron Treads
|-unboost|p2a: Iron Treads|atk|1
|-unboost|p2a: Iron Treads|def|1
|
|upkeep
|turn|17
|
|t:|1781411702
|move|p2a: Iron Treads|Earth Power|p1a: Alomomola
|-damage|p1a: Alomomola|0 fnt
|faint|p1a: Alomomola
|
|upkeep
|
|t:|1781411706
|switch|p1a: Hatterene|Hatterene, F|100/100
|turn|18
|
|t:|1781411714
|move|p2a: Iron Treads|Steel Beam|p1a: Hatterene
|-supereffective|p1a: Hatterene
|-damage|p1a: Hatterene|0 fnt
|-damage|p2a: Iron Treads|50/100|[from] steelbeam
|faint|p1a: Hatterene
|
|upkeep
|
|t:|1781411717
|switch|p1a: Raging Bolt|Raging Bolt, tera:Fairy|100/100
|turn|19
|
|t:|1781411731
|move|p2a: Iron Treads|Steel Beam|p1a: Raging Bolt
|-supereffective|p1a: Raging Bolt
|-damage|p1a: Raging Bolt|0 fnt
|-damage|p2a: Iron Treads|0 fnt|[from] steelbeam
|faint|p2a: Iron Treads
|-end|p2a: Iron Treads|Quark Drive|[silent]
|faint|p1a: Raging Bolt
|-end|p1a: Raging Bolt|Protosynthesis|[silent]
|
|win|LowEL0God
|raw|zamrod0303's rating: 1593 &rarr; <strong>1572</strong><br />(-21 for losing)
|raw|LowEL0God's rating: 1568 &rarr; <strong>1589</strong><br />(+21 for winning)
|l|‽zamrod0303
|player|p1|
|c|☆LowEL0God|gg
|l|☆LowEL0God
|player|p2|
