|j|☆meio_potato
|j|☆achbeet
|t:|1781297501
|gametype|singles
|player|p1|meio_potato|hilda-wonderlauncher|1571
|player|p2|achbeet|101|1584
|gen|9
|tier|[Gen 9] OU
|rated|
|rule|HP Percentage Mod: HP is shown in percentages
|rule|Endless Battle Clause: Forcing endless battles is banned
|rule|Species Clause: Limit one of each Pokémon
|rule|OHKO Clause: OHKO moves are banned
|rule|Evasion Items Clause: Evasion items are banned
|rule|Evasion Moves Clause: Evasion moves are banned
|rule|Evasion Abilities Clause: Evasion abilities are banned
|rule|Sleep Moves Clause: Sleep-inducing moves are banned
|clearpoke
|poke|p1|Latias, F|
|poke|p1|Polteageist|
|poke|p1|Zamazenta-*|
|poke|p1|Kingambit, M|
|poke|p1|Ogerpon-Wellspring, F|
|poke|p1|Iron Moth|
|poke|p2|Darkrai|
|poke|p2|Okidogi, M|
|poke|p2|Sandy Shocks|
|poke|p2|Araquanid, M|
|poke|p2|Gholdengo|
|poke|p2|Iron Moth|
|teampreview
|inactive|Battle timer is ON: inactive players will automatically lose when time's up. (requested by meio_potato)
|
|t:|1781297504
|teamsize|p1|6
|teamsize|p2|6
|start
|switch|p1a: Latias|Latias, F|100/100
|switch|p2a: Araquanid|Araquanid, M|100/100
|turn|1
|
|t:|1781297528
|move|p1a: Latias|Agility|p1a: Latias
|-boost|p1a: Latias|spe|2
|move|p2a: Araquanid|Sticky Web|p1a: Latias
|-sidestart|p1: meio_potato|move: Sticky Web
|
|upkeep
|turn|2
|
|t:|1781297534
|move|p1a: Latias|Calm Mind|p1a: Latias
|-boost|p1a: Latias|spa|1
|-boost|p1a: Latias|spd|1
|move|p2a: Araquanid|Liquidation|p1a: Latias
|-resisted|p1a: Latias
|-damage|p1a: Latias|74/100
|
|upkeep
|turn|3
|
|t:|1781297541
|move|p1a: Latias|Calm Mind|p1a: Latias
|-boost|p1a: Latias|spa|1
|-boost|p1a: Latias|spd|1
|move|p2a: Araquanid|Liquidation|p1a: Latias
|-resisted|p1a: Latias
|-damage|p1a: Latias|44/100
|
|upkeep
|turn|4
|
|t:|1781297548
|move|p1a: Latias|Draining Kiss|p2a: Araquanid
|-damage|p2a: Araquanid|79/100
|-heal|p1a: Latias|62/100|[from] drain|[of] p2a: Araquanid
|move|p2a: Araquanid|Liquidation|p1a: Latias
|-resisted|p1a: Latias
|-damage|p1a: Latias|34/100
|-unboost|p1a: Latias|def|1
|
|upkeep
|turn|5
|
|t:|1781297563
|move|p2a: Araquanid|Endure|p2a: Araquanid
|-singleturn|p2a: Araquanid|move: Endure
|move|p1a: Latias|Stored Power|p2a: Araquanid
|-activate|p2a: Araquanid|move: Endure
|-damage|p2a: Araquanid|1/100
|
|upkeep
|turn|6
|-enditem|p2a: Araquanid|Custap Berry|[eat]
|-activate|p2a: Araquanid|item: Custap Berry|[consumed]
|
|t:|1781297573
|move|p2a: Araquanid|Liquidation|p1a: Latias
|-resisted|p1a: Latias
|-damage|p1a: Latias|0 fnt
|faint|p1a: Latias
|
|upkeep
|
|t:|1781297585
|switch|p1a: Iron Moth|Iron Moth|100/100
|-activate|p1a: Iron Moth|move: Sticky Web
|-unboost|p1a: Iron Moth|spe|1
|turn|7
|
|t:|1781297588
|move|p1a: Iron Moth|Fiery Dance|p2a: Araquanid
|-damage|p2a: Araquanid|0 fnt
|faint|p2a: Araquanid
|
|upkeep
|
|t:|1781297598
|switch|p2a: Sandy Shocks|Sandy Shocks|100/100
|-enditem|p2a: Sandy Shocks|Booster Energy
|-activate|p2a: Sandy Shocks|ability: Protosynthesis|[fromitem]
|-start|p2a: Sandy Shocks|protosynthesisspe
|turn|8
|
|t:|1781297605
|move|p2a: Sandy Shocks|Earth Power|p1a: Iron Moth
|-supereffective|p1a: Iron Moth
|-enditem|p1a: Iron Moth|Focus Sash
|-damage|p1a: Iron Moth|1/100
|move|p1a: Iron Moth|Energy Ball|p2a: Sandy Shocks
|-supereffective|p2a: Sandy Shocks
|-damage|p2a: Sandy Shocks|21/100
|
|upkeep
|turn|9
|
|t:|1781297611
|move|p2a: Sandy Shocks|Earth Power|p1a: Iron Moth
|-supereffective|p1a: Iron Moth
|-damage|p1a: Iron Moth|0 fnt
|faint|p1a: Iron Moth
|-end|p1a: Iron Moth|Quark Drive|[silent]
|
|upkeep
|
|t:|1781297620
|switch|p1a: Ogerpon|Ogerpon-Wellspring, F|100/100
|-activate|p1a: Ogerpon|move: Sticky Web
|-unboost|p1a: Ogerpon|spe|1
|turn|10
|
|t:|1781297627
|move|p2a: Sandy Shocks|Thunder Wave|p1a: Ogerpon|[miss]
|-miss|p2a: Sandy Shocks|p1a: Ogerpon
|move|p1a: Ogerpon|Horn Leech|p2a: Sandy Shocks
|-supereffective|p2a: Sandy Shocks
|-damage|p2a: Sandy Shocks|0 fnt
|faint|p2a: Sandy Shocks
|-end|p2a: Sandy Shocks|Protosynthesis|[silent]
|
|upkeep
|
|t:|1781297635
|switch|p2a: Iron Moth|Iron Moth|100/100
|-enditem|p2a: Iron Moth|Booster Energy
|-activate|p2a: Iron Moth|ability: Quark Drive|[fromitem]
|-start|p2a: Iron Moth|quarkdrivespa
|turn|11
|
|t:|1781297649
|-terastallize|p1a: Ogerpon|Water
|detailschange|p1a: Ogerpon|Ogerpon-Wellspring-Tera, F, tera:Water
|-ability|p1a: Ogerpon|Embody Aspect (Wellspring)|boost
|-boost|p1a: Ogerpon|spd|1
|move|p2a: Iron Moth|Sludge Wave|p1a: Ogerpon
|-damage|p1a: Ogerpon|45/100
|move|p1a: Ogerpon|Ivy Cudgel|p2a: Iron Moth|[anim] Ivy Cudgel Water
|-supereffective|p2a: Iron Moth
|-damage|p2a: Iron Moth|0 fnt
|faint|p2a: Iron Moth
|-end|p2a: Iron Moth|Quark Drive|[silent]
|
|upkeep
|
|t:|1781297656
|switch|p2a: Darkrai|Darkrai|100/100
|turn|12
|
|t:|1781297665
|move|p2a: Darkrai|Dark Pulse|p1a: Ogerpon
|-damage|p1a: Ogerpon|1/100
|-damage|p2a: Darkrai|91/100|[from] item: Life Orb
|move|p1a: Ogerpon|Horn Leech|p2a: Darkrai
|-damage|p2a: Darkrai|27/100
|-heal|p1a: Ogerpon|31/100|[from] drain|[of] p2a: Darkrai
|
|upkeep
|turn|13
|
|t:|1781297669
|move|p2a: Darkrai|Dark Pulse|p1a: Ogerpon
|-damage|p1a: Ogerpon|0 fnt
|faint|p1a: Ogerpon
|detailschange|p1: Ogerpon|Ogerpon-Wellspring, F|[silent]
|-damage|p2a: Darkrai|17/100|[from] item: Life Orb
|
|upkeep
|
|t:|1781297673
|switch|p1a: Zamazenta|Zamazenta|100/100
|-activate|p1a: Zamazenta|move: Sticky Web
|-unboost|p1a: Zamazenta|spe|1
|-ability|p1a: Zamazenta|Dauntless Shield|boost
|-boost|p1a: Zamazenta|def|1
|turn|14
|
|t:|1781297678
|move|p2a: Darkrai|Ice Beam|p1a: Zamazenta
|-damage|p1a: Zamazenta|59/100
|-damage|p2a: Darkrai|7/100|[from] item: Life Orb
|move|p1a: Zamazenta|Iron Defense|p1a: Zamazenta
|-boost|p1a: Zamazenta|def|2
|
|-heal|p1a: Zamazenta|65/100|[from] item: Leftovers
|upkeep
|turn|15
|
|t:|1781297685
|move|p2a: Darkrai|Ice Beam|p1a: Zamazenta
|-damage|p1a: Zamazenta|29/100
|-damage|p2a: Darkrai|0 fnt|[from] item: Life Orb
|faint|p2a: Darkrai
|move|p1a: Zamazenta|Iron Defense|p1a: Zamazenta
|-boost|p1a: Zamazenta|def|2
|
|-heal|p1a: Zamazenta|35/100|[from] item: Leftovers
|upkeep
|
|t:|1781297690
|switch|p2a: Gholdengo|Gholdengo|100/100
|-item|p2a: Gholdengo|Air Balloon
|turn|16
|
|t:|1781297692
|move|p1a: Zamazenta|Crunch|p2a: Gholdengo
|-supereffective|p2a: Gholdengo
|-damage|p2a: Gholdengo|43/100
|-enditem|p2a: Gholdengo|Air Balloon
|move|p2a: Gholdengo|Make It Rain|p1a: Zamazenta
|-damage|p1a: Zamazenta|0 fnt
|-unboost|p2a: Gholdengo|spa|1
|faint|p1a: Zamazenta
|
|upkeep
|
|t:|1781297695
|switch|p1a: Polteageist|Polteageist|100/100
|-activate|p1a: Polteageist|move: Sticky Web
|-unboost|p1a: Polteageist|spe|1
|turn|17
|
|t:|1781297698
|move|p2a: Gholdengo|Shadow Ball|p1a: Polteageist
|-supereffective|p1a: Polteageist
|-crit|p1a: Polteageist
|-enditem|p1a: Polteageist|Focus Sash
|-damage|p1a: Polteageist|1/100
|move|p1a: Polteageist|Shell Smash|p1a: Polteageist
|-unboost|p1a: Polteageist|def|1
|-unboost|p1a: Polteageist|spd|1
|-boost|p1a: Polteageist|atk|2
|-boost|p1a: Polteageist|spa|2
|-boost|p1a: Polteageist|spe|2
|
|upkeep
|turn|18
|
|t:|1781297701
|move|p1a: Polteageist|Shadow Ball|p2a: Gholdengo
|-supereffective|p2a: Gholdengo
|-damage|p2a: Gholdengo|0 fnt
|faint|p2a: Gholdengo
|
|upkeep
|
|t:|1781297705
|switch|p2a: Okidogi|Okidogi, M|100/100
|turn|19
|
|t:|1781297708
|move|p1a: Polteageist|Shadow Ball|p2a: Okidogi
|-damage|p2a: Okidogi|9/100
|move|p2a: Okidogi|Knock Off|p1a: Polteageist
|-supereffective|p1a: Polteageist
|-damage|p1a: Polteageist|0 fnt
|faint|p1a: Polteageist
|
|-heal|p2a: Okidogi|15/100|[from] item: Leftovers
|upkeep
|
|t:|1781297711
|switch|p1a: Kingambit|Kingambit, M|100/100
|-activate|p1a: Kingambit|move: Sticky Web
|-unboost|p1a: Kingambit|spe|1
|-ability|p1a: Kingambit|Defiant|boost
|-boost|p1a: Kingambit|atk|2
|turn|20
|
|t:|1781297716
|move|p1a: Kingambit|Sucker Punch||[still]
|-fail|p1a: Kingambit
|move|p2a: Okidogi|Bulk Up|p2a: Okidogi
|-boost|p2a: Okidogi|atk|1
|-boost|p2a: Okidogi|def|1
|
|-heal|p2a: Okidogi|21/100|[from] item: Leftovers
|upkeep
|turn|21
|
|t:|1781297719
|move|p2a: Okidogi|Drain Punch|p1a: Kingambit
|-supereffective|p1a: Kingambit
|-damage|p1a: Kingambit|0 fnt
|-heal|p2a: Okidogi|66/100|[from] drain|[of] p1a: Kingambit
|faint|p1a: Kingambit
|
|win|achbeet
|raw|meio_potato's rating: 1590 &rarr; <strong>1570</strong><br />(-20 for losing)
|raw|achbeet's rating: 1584 &rarr; <strong>1604</strong><br />(+20 for winning)
|l|☆achbeet
|player|p2|
|l|☆meio_potato
|player|p1|
