|badge|p1|bronze|gen9randombattle|100-9
|badge|p1|bronze|gen9ubers|100-9
|uhtml|medal-msg|<div class="broadcast-blue">Curious what those medals under the avatar are? PS now has Ladder Seasons! For more information, check out the <a href="https://www.smogon.com/forums/threads/3740067/">thread on Smogon.</a></div>
|j|☆oddishlover4
|j|☆hdy nb
|t:|1781340811
|gametype|singles
|player|p1|oddishlover4|acetrainerf|1653
|player|p2|hdy nb|colress|1610
|gen|9
|tier|[Gen 9] OU
|rated|
|rule|HP Percentage Mod: HP is shown in percentages
|rule|Endless Battle Clause: Forcing endless battles is banned
|rule|Species Clause: Limit one of each Pokémon
|rule|OHKO Clause: OHKO moves are banned
|rule|Evasion Items Clause: Evasion items are banned
|rule|Evasion Moves Clause: Evasion moves are banned
|rule|Evasion Abilities Clause: Evasion abilities are banned
|rule|Sleep Moves Clause: Sleep-inducing moves are banned
|clearpoke
|poke|p1|Kyurem|
|poke|p1|Hatterene, F|
|poke|p1|Darkrai|
|poke|p1|Great Tusk|
|poke|p1|Dragonite, F|
|poke|p1|Gholdengo|
|poke|p2|Pelipper, M|
|poke|p2|Zapdos|
|poke|p2|Barraskewda, M|
|poke|p2|Iron Treads|
|poke|p2|Primarina, F|
|poke|p2|Overqwil, F|
|teampreview
|
|t:|1781340831
|teamsize|p1|6
|teamsize|p2|6
|start
|switch|p1a: Boompala|Kyurem|100/100
|switch|p2a: Iron Treads|Iron Treads|100/100
|-ability|p1a: Boompala|Pressure
|turn|1
|c|☆oddishlover4|gl/hf!
|inactive|Battle timer is ON: inactive players will automatically lose when time's up. (requested by oddishlover4)
|
|t:|1781340849
|move|p2a: Iron Treads|Iron Head|p1a: Boompala
|-supereffective|p1a: Boompala
|-damage|p1a: Boompala|49/100
|move|p1a: Boompala|Freeze-Dry|p2a: Iron Treads
|-damage|p2a: Iron Treads|63/100
|
|upkeep
|turn|2
|
|t:|1781340868
|switch|p1a: Fearless|Great Tusk|100/100
|move|p2a: Iron Treads|Iron Head|p1a: Fearless
|-crit|p1a: Fearless
|-damage|p1a: Fearless|69/100
|
|-heal|p1a: Fearless|75/100|[from] item: Leftovers
|upkeep
|turn|3
|j| Mega Delibird X
|
|t:|1781340887
|-end|p2a: Iron Treads|Quark Drive|[silent]
|switch|p2a: Pelipper|Pelipper, M|100/100
|-weather|RainDance|[from] ability: Drizzle|[of] p2a: Pelipper
|move|p1a: Fearless|Stealth Rock|p2a: Pelipper
|-sidestart|p2: hdy nb|move: Stealth Rock
|
|-weather|RainDance|[upkeep]
|-heal|p1a: Fearless|81/100|[from] item: Leftovers
|upkeep
|turn|4
|
|t:|1781340905
|-end|p1a: Fearless|Protosynthesis|[silent]
|switch|p1a: Boompala|Kyurem|49/100
|-ability|p1a: Boompala|Pressure
|move|p2a: Pelipper|U-turn|p1a: Boompala
|-damage|p1a: Boompala|45/100
|
|t:|1781340913
|switch|p2a: Barraskewda|Barraskewda, M|100/100|[from] U-turn
|-damage|p2a: Barraskewda|88/100|[from] Stealth Rock
|
|-weather|RainDance|[upkeep]
|upkeep
|turn|5
|
|t:|1781340931
|-terastallize|p2a: Barraskewda|Water
|move|p2a: Barraskewda|Liquidation|p1a: Boompala
|-resisted|p1a: Boompala
|-damage|p1a: Boompala|0 fnt
|faint|p1a: Boompala
|
|-weather|RainDance|[upkeep]
|upkeep
|inactive|oddishlover4 has 120 seconds left.
|
|t:|1781340950
|switch|p1a: Bluebeard's Wife|Dragonite, F|100/100
|turn|6
|inactive|oddishlover4 has 120 seconds left.
|
|t:|1781340968
|move|p1a: Bluebeard's Wife|Extreme Speed|p2a: Barraskewda
|-damage|p2a: Barraskewda|33/100
|move|p2a: Barraskewda|Liquidation|p1a: Bluebeard's Wife
|-resisted|p1a: Bluebeard's Wife
|-damage|p1a: Bluebeard's Wife|66/100
|
|-weather|RainDance|[upkeep]
|upkeep
|turn|7
|
|t:|1781340986
|switch|p2a: Iron Treads|Iron Treads|63/100
|-damage|p2a: Iron Treads|60/100|[from] Stealth Rock
|move|p1a: Bluebeard's Wife|Extreme Speed|p2a: Iron Treads
|-resisted|p2a: Iron Treads
|-damage|p2a: Iron Treads|48/100
|
|-weather|RainDance|[upkeep]
|upkeep
|turn|8
|
|t:|1781341004
|switch|p1a: Celebration|Gholdengo|100/100
|move|p2a: Iron Treads|Rapid Spin|p1a: Celebration
|-immune|p1a: Celebration
|
|-weather|RainDance|[upkeep]
|upkeep
|turn|9
|
|t:|1781341022
|switch|p1a: Bluebeard's Wife|Dragonite, F|66/100
|move|p2a: Iron Treads|Earthquake|p1a: Bluebeard's Wife
|-immune|p1a: Bluebeard's Wife
|
|-weather|RainDance|[upkeep]
|upkeep
|turn|10
|
|t:|1781341032
|move|p2a: Iron Treads|Ice Spinner|p1a: Bluebeard's Wife
|-supereffective|p1a: Bluebeard's Wife
|-damage|p1a: Bluebeard's Wife|0 fnt
|faint|p1a: Bluebeard's Wife
|
|-weather|none
|upkeep
|
|t:|1781341041
|switch|p1a: Perfect Night|Darkrai|100/100
|turn|11
|
|t:|1781341061
|-end|p2a: Iron Treads|Quark Drive|[silent]
|switch|p2a: Primarina|Primarina, F|100/100
|-damage|p2a: Primarina|88/100|[from] Stealth Rock
|-terastallize|p1a: Perfect Night|Dark
|move|p1a: Perfect Night|Dark Pulse|p2a: Primarina
|-resisted|p2a: Primarina
|-damage|p2a: Primarina|66/100
|
|-heal|p2a: Primarina|72/100|[from] item: Leftovers
|upkeep
|turn|12
|
|t:|1781341080
|switch|p1a: Celebration|Gholdengo|100/100
|move|p2a: Primarina|Moonblast|p1a: Celebration
|-resisted|p1a: Celebration
|-damage|p1a: Celebration|75/100
|-unboost|p1a: Celebration|spa|1
|
|-heal|p2a: Primarina|78/100|[from] item: Leftovers
|upkeep
|turn|13
|inactive|hdy nb has 120 seconds left.
|
|t:|1781341101
|move|p1a: Celebration|Nasty Plot|p1a: Celebration
|-boost|p1a: Celebration|spa|2
|move|p2a: Primarina|Calm Mind|p2a: Primarina
|-boost|p2a: Primarina|spa|1
|-boost|p2a: Primarina|spd|1
|
|-heal|p2a: Primarina|84/100|[from] item: Leftovers
|upkeep
|turn|14
|inactive|oddishlover4 has 90 seconds left.
|
|t:|1781341119
|move|p1a: Celebration|Shadow Ball|p2a: Primarina
|-damage|p2a: Primarina|53/100
|move|p2a: Primarina|Hyper Voice|p1a: Celebration
|-damage|p1a: Celebration|4/100
|
|-heal|p2a: Primarina|59/100|[from] item: Leftovers
|upkeep
|turn|15
|-enditem|p1a: Celebration|Custap Berry|[eat]
|-activate|p1a: Celebration|item: Custap Berry|[consumed]
|
|t:|1781341129
|move|p1a: Celebration|Make It Rain|p2a: Primarina
|-damage|p2a: Primarina|7/100
|-unboost|p1a: Celebration|spa|1
|move|p2a: Primarina|Hyper Voice|p1a: Celebration
|-damage|p1a: Celebration|0 fnt
|faint|p1a: Celebration
|
|-heal|p2a: Primarina|13/100|[from] item: Leftovers
|upkeep
|j| n5v
|
|t:|1781341138
|switch|p1a: Fearless|Great Tusk|81/100
|turn|16
|
|t:|1781341147
|switch|p2a: Pelipper|Pelipper, M|100/100
|-damage|p2a: Pelipper|76/100|[from] Stealth Rock
|-weather|RainDance|[from] ability: Drizzle|[of] p2a: Pelipper
|move|p1a: Fearless|Ice Spinner|p2a: Pelipper
|-damage|p2a: Pelipper|58/100
|
|-weather|RainDance|[upkeep]
|-heal|p1a: Fearless|87/100|[from] item: Leftovers
|upkeep
|turn|17
|
|t:|1781341165
|-end|p1a: Fearless|Protosynthesis|[silent]
|switch|p1a: Antifragile|Hatterene, F|100/100
|move|p2a: Pelipper|U-turn|p1a: Antifragile
|-damage|p1a: Antifragile|95/100
|-damage|p2a: Pelipper|41/100|[from] item: Rocky Helmet|[of] p1a: Antifragile
|
|t:|1781341176
|switch|p2a: Iron Treads|Iron Treads|48/100|[from] U-turn
|-damage|p2a: Iron Treads|45/100|[from] Stealth Rock
|
|-weather|RainDance|[upkeep]
|upkeep
|turn|18
|l| n5v
|
|t:|1781341185
|move|p2a: Iron Treads|Rapid Spin|p1a: Antifragile
|-damage|p1a: Antifragile|82/100
|-boost|p2a: Iron Treads|spe|1
|-damage|p2a: Iron Treads|28/100|[from] item: Rocky Helmet|[of] p1a: Antifragile
|-sideend|p2: hdy nb|Stealth Rock|[from] move: Rapid Spin|[of] p2a: Iron Treads
|move|p1a: Antifragile|Draining Kiss|p2a: Iron Treads
|-resisted|p2a: Iron Treads
|-damage|p2a: Iron Treads|17/100
|-heal|p1a: Antifragile|91/100|[from] drain|[of] p2a: Iron Treads
|
|-weather|RainDance|[upkeep]
|upkeep
|turn|19
|
|t:|1781341197
|switch|p1a: Fearless|Great Tusk|87/100
|move|p2a: Iron Treads|Iron Head|p1a: Fearless
|-damage|p1a: Fearless|65/100
|
|-weather|RainDance|[upkeep]
|-heal|p1a: Fearless|71/100|[from] item: Leftovers
|upkeep
|turn|20
|
|t:|1781341206
|move|p2a: Iron Treads|Ice Spinner|p1a: Fearless
|-supereffective|p1a: Fearless
|-damage|p1a: Fearless|44/100
|move|p1a: Fearless|Rapid Spin|p2a: Iron Treads
|-resisted|p2a: Iron Treads
|-damage|p2a: Iron Treads|11/100
|-boost|p1a: Fearless|spe|1
|
|-weather|RainDance|[upkeep]
|-heal|p1a: Fearless|50/100|[from] item: Leftovers
|upkeep
|turn|21
|inactive|oddishlover4 has 120 seconds left.
|
|t:|1781341218
|move|p2a: Iron Treads|Ice Spinner|p1a: Fearless
|-supereffective|p1a: Fearless
|-damage|p1a: Fearless|25/100
|move|p1a: Fearless|Stealth Rock|p2a: Iron Treads
|-sidestart|p2: hdy nb|move: Stealth Rock
|
|-weather|RainDance|[upkeep]
|-heal|p1a: Fearless|31/100|[from] item: Leftovers
|upkeep
|turn|22
|
|t:|1781341227
|move|p2a: Iron Treads|Rapid Spin|p1a: Fearless
|-damage|p1a: Fearless|22/100
|-boost|p2a: Iron Treads|spe|1
|-sideend|p2: hdy nb|Stealth Rock|[from] move: Rapid Spin|[of] p2a: Iron Treads
|move|p1a: Fearless|Stealth Rock|p2a: Iron Treads
|-sidestart|p2: hdy nb|move: Stealth Rock
|
|-weather|RainDance|[upkeep]
|-heal|p1a: Fearless|28/100|[from] item: Leftovers
|upkeep
|turn|23
|
|t:|1781341236
|move|p2a: Iron Treads|Rapid Spin|p1a: Fearless
|-damage|p1a: Fearless|19/100
|-boost|p2a: Iron Treads|spe|1
|-sideend|p2: hdy nb|Stealth Rock|[from] move: Rapid Spin|[of] p2a: Iron Treads
|move|p1a: Fearless|Ice Spinner|p2a: Iron Treads
|-damage|p2a: Iron Treads|0 fnt
|faint|p2a: Iron Treads
|-end|p2a: Iron Treads|Quark Drive|[silent]
|
|-weather|none
|-heal|p1a: Fearless|25/100|[from] item: Leftovers
|upkeep
|
|t:|1781341247
|switch|p2a: Pelipper|Pelipper, M|41/100
|-weather|RainDance|[from] ability: Drizzle|[of] p2a: Pelipper
|turn|24
|
|t:|1781341264
|move|p1a: Fearless|Stealth Rock|p2a: Pelipper
|-sidestart|p2: hdy nb|move: Stealth Rock
|move|p2a: Pelipper|Surf|p1a: Fearless
|-supereffective|p1a: Fearless
|-damage|p1a: Fearless|0 fnt
|faint|p1a: Fearless
|-end|p1a: Fearless|Protosynthesis|[silent]
|
|-weather|RainDance|[upkeep]
|upkeep
|
|t:|1781341279
|switch|p1a: Antifragile|Hatterene, F|91/100
|turn|25
|inactive|oddishlover4 has 120 seconds left.
|
|t:|1781341294
|switch|p1a: Perfect Night|Darkrai, tera:Dark|100/100
|move|p2a: Pelipper|Surf|p1a: Perfect Night
|-damage|p1a: Perfect Night|42/100
|
|-weather|RainDance|[upkeep]
|upkeep
|turn|26
|inactive|oddishlover4 has 120 seconds left.
|
|t:|1781341308
|switch|p1a: Antifragile|Hatterene, F|91/100
|move|p2a: Pelipper|U-turn|p1a: Antifragile
|-damage|p1a: Antifragile|85/100
|-damage|p2a: Pelipper|25/100|[from] item: Rocky Helmet|[of] p1a: Antifragile
|
|t:|1781341320
|switch|p2a: Barraskewda|Barraskewda, M, tera:Water|33/100|[from] U-turn
|-damage|p2a: Barraskewda|21/100|[from] Stealth Rock
|
|-weather|RainDance|[upkeep]
|upkeep
|turn|27
|
|t:|1781341331
|move|p2a: Barraskewda|Liquidation|p1a: Antifragile
|-damage|p1a: Antifragile|0 fnt
|-damage|p2a: Barraskewda|4/100|[from] item: Rocky Helmet|[of] p1a: Antifragile
|faint|p1a: Antifragile
|
|-weather|RainDance|[upkeep]
|upkeep
|
|t:|1781341339
|switch|p1a: Perfect Night|Darkrai, tera:Dark|42/100
|turn|28
|
|t:|1781341345
|move|p2a: Barraskewda|Liquidation|p1a: Perfect Night
|-damage|p1a: Perfect Night|0 fnt
|faint|p1a: Perfect Night
|
|win|hdy nb
|raw|oddishlover4's rating: 1653 &rarr; <strong>1631</strong><br />(-22 for losing)
|raw|hdy nb's rating: 1610 &rarr; <strong>1632</strong><br />(+22 for winning)
|c|☆oddishlover4|GG!
|l|☆hdy nb
|player|p2|
