|j|☆Dat boii fam
|j|☆LowEL0God
|t:|1781533470
|gametype|singles
|player|p1|Dat boii fam|li|1587
|player|p2|LowEL0God|265|1581
|gen|9
|tier|[Gen 9] OU
|rated|
|rule|HP Percentage Mod: HP is shown in percentages
|rule|Endless Battle Clause: Forcing endless battles is banned
|rule|Species Clause: Limit one of each Pokémon
|rule|OHKO Clause: OHKO moves are banned
|rule|Evasion Items Clause: Evasion items are banned
|rule|Evasion Moves Clause: Evasion moves are banned
|rule|Evasion Abilities Clause: Evasion abilities are banned
|rule|Sleep Moves Clause: Sleep-inducing moves are banned
|clearpoke
|poke|p1|Alomomola, F|
|poke|p1|Landorus-Therian, M|
|poke|p1|Zapdos|
|poke|p1|Tornadus-Therian, M|
|poke|p1|Scizor, M|
|poke|p1|Amoonguss, F|
|poke|p2|Pelipper, M|
|poke|p2|Raging Bolt|
|poke|p2|Overqwil, F|
|poke|p2|Barraskewda, M|
|poke|p2|Iron Treads|
|poke|p2|Kingambit, F|
|teampreview
|c|☆LowEL0God|hf
|inactive|Battle timer is ON: inactive players will automatically lose when time's up. (requested by LowEL0God)
|inactive|Dat boii fam also wants the timer to be on.
|c|☆Dat boii fam|u2
|
|t:|1781533480
|teamsize|p1|6
|teamsize|p2|6
|start
|switch|p1a: Zapdos|Zapdos|100/100
|switch|p2a: Kingambit|Kingambit, F|100/100
|turn|1
|
|t:|1781533485
|move|p1a: Zapdos|Heat Wave|p2a: Kingambit
|-supereffective|p2a: Kingambit
|-damage|p2a: Kingambit|36/100
|move|p2a: Kingambit|Swords Dance|p2a: Kingambit
|-boost|p2a: Kingambit|atk|2
|
|-heal|p2a: Kingambit|42/100|[from] item: Leftovers
|upkeep
|turn|2
|
|t:|1781533496
|move|p2a: Kingambit|Sucker Punch|p1a: Zapdos
|-damage|p1a: Zapdos|14/100
|move|p1a: Zapdos|Heat Wave|p2a: Kingambit
|-supereffective|p2a: Kingambit
|-damage|p2a: Kingambit|0 fnt
|faint|p2a: Kingambit
|-end|p2a: Kingambit|fallenundefined|[silent]
|
|upkeep
|
|t:|1781533497
|switch|p2a: Barraskewda|Barraskewda, M|100/100
|turn|3
|
|t:|1781533504
|switch|p1a: Alomomola|Alomomola, F|100/100
|move|p2a: Barraskewda|Liquidation|p1a: Alomomola
|-resisted|p1a: Alomomola
|-damage|p1a: Alomomola|80/100
|
|upkeep
|turn|4
|
|t:|1781533510
|move|p2a: Barraskewda|Liquidation|p1a: Alomomola
|-resisted|p1a: Alomomola
|-damage|p1a: Alomomola|60/100
|move|p1a: Alomomola|Wish|p1a: Alomomola
|
|upkeep
|turn|5
|
|t:|1781533515
|move|p2a: Barraskewda|Liquidation|p1a: Alomomola
|-resisted|p1a: Alomomola
|-damage|p1a: Alomomola|40/100
|move|p1a: Alomomola|Flip Turn|p2a: Barraskewda
|-resisted|p2a: Barraskewda
|-damage|p2a: Barraskewda|84/100
|
|t:|1781533521
|switch|p1a: Zapdos|Zapdos|14/100|[from] Flip Turn
|
|-heal|p1a: Zapdos|84/100|[from] move: Wish|[wisher] Alomomola
|upkeep
|turn|6
|
|t:|1781533527
|switch|p1a: Amoonguss|Amoonguss, F|100/100
|move|p2a: Barraskewda|Liquidation|p1a: Amoonguss
|-resisted|p1a: Amoonguss
|-damage|p1a: Amoonguss|77/100
|-unboost|p1a: Amoonguss|def|1
|-damage|p2a: Barraskewda|68/100|[from] item: Rocky Helmet|[of] p1a: Amoonguss
|
|upkeep
|turn|7
|
|t:|1781533535
|switch|p1a: Alomomola|Alomomola, F|74/100
|move|p2a: Barraskewda|Liquidation|p1a: Alomomola
|-resisted|p1a: Alomomola
|-damage|p1a: Alomomola|55/100
|
|upkeep
|turn|8
|
|t:|1781533541
|move|p2a: Barraskewda|Liquidation|p1a: Alomomola
|-resisted|p1a: Alomomola
|-damage|p1a: Alomomola|34/100
|move|p1a: Alomomola|Flip Turn|p2a: Barraskewda
|-resisted|p2a: Barraskewda
|-damage|p2a: Barraskewda|53/100
|
|t:|1781533548
|switch|p1a: Amoonguss|Amoonguss, F|100/100|[from] Flip Turn
|
|upkeep
|turn|9
|
|t:|1781533553
|move|p2a: Barraskewda|Liquidation|p1a: Amoonguss
|-resisted|p1a: Amoonguss
|-damage|p1a: Amoonguss|74/100
|-damage|p2a: Barraskewda|36/100|[from] item: Rocky Helmet|[of] p1a: Amoonguss
|move|p1a: Amoonguss|Toxic|p2a: Barraskewda
|-status|p2a: Barraskewda|tox
|
|-damage|p2a: Barraskewda|30/100 tox|[from] psn
|upkeep
|turn|10
|
|t:|1781533563
|switch|p1a: Alomomola|Alomomola, F|67/100
|move|p2a: Barraskewda|Liquidation|p1a: Alomomola
|-resisted|p1a: Alomomola
|-damage|p1a: Alomomola|47/100
|
|-damage|p2a: Barraskewda|18/100 tox|[from] psn
|upkeep
|turn|11
|
|t:|1781533572
|switch|p1a: Amoonguss|Amoonguss, F|100/100
|move|p2a: Barraskewda|Liquidation|p1a: Amoonguss
|-resisted|p1a: Amoonguss
|-damage|p1a: Amoonguss|75/100
|-damage|p2a: Barraskewda|1/100 tox|[from] item: Rocky Helmet|[of] p1a: Amoonguss
|
|-damage|p2a: Barraskewda|0 fnt|[from] psn
|faint|p2a: Barraskewda
|upkeep
|
|t:|1781533573
|switch|p2a: Raging Bolt|Raging Bolt|100/100
|-enditem|p2a: Raging Bolt|Booster Energy
|-activate|p2a: Raging Bolt|ability: Protosynthesis|[fromitem]
|-start|p2a: Raging Bolt|protosynthesisspa
|turn|12
|
|t:|1781533584
|move|p2a: Raging Bolt|Draco Meteor|p1a: Amoonguss
|-damage|p1a: Amoonguss|0 fnt
|-unboost|p2a: Raging Bolt|spa|2
|faint|p1a: Amoonguss
|
|upkeep
|
|t:|1781533591
|switch|p1a: Landorus|Landorus-Therian, M|100/100
|-ability|p1a: Landorus|Intimidate|boost
|-unboost|p2a: Raging Bolt|atk|1
|turn|13
|
|t:|1781533595
|-end|p2a: Raging Bolt|Protosynthesis|[silent]
|switch|p2a: Pelipper|Pelipper, M|100/100
|-weather|RainDance|[from] ability: Drizzle|[of] p2a: Pelipper
|move|p1a: Landorus|Rock Slide|p2a: Pelipper
|-supereffective|p2a: Pelipper
|-damage|p2a: Pelipper|55/100
|
|-weather|RainDance|[upkeep]
|upkeep
|turn|14
|
|t:|1781533603
|move|p1a: Landorus|Rock Slide|p2a: Pelipper
|-supereffective|p2a: Pelipper
|-damage|p2a: Pelipper|8/100
|cant|p2a: Pelipper|flinch
|
|-weather|RainDance|[upkeep]
|upkeep
|turn|15
|
|t:|1781533609
|move|p1a: Landorus|Rock Slide|p2a: Pelipper
|-supereffective|p2a: Pelipper
|-damage|p2a: Pelipper|0 fnt
|faint|p2a: Pelipper
|
|-weather|RainDance|[upkeep]
|upkeep
|
|t:|1781533609
|switch|p2a: Overqwil|Overqwil, F|100/100
|turn|16
|
|t:|1781533620
|switch|p1a: Zapdos|Zapdos|84/100
|move|p2a: Overqwil|Swords Dance|p2a: Overqwil
|-boost|p2a: Overqwil|atk|2
|
|-weather|RainDance|[upkeep]
|upkeep
|turn|17
|
|t:|1781533627
|move|p2a: Overqwil|Crunch|p1a: Zapdos
|-damage|p1a: Zapdos|0 fnt
|-status|p2a: Overqwil|par|[from] ability: Static|[of] p1a: Zapdos
|faint|p1a: Zapdos
|-damage|p2a: Overqwil|91/100 par|[from] item: Life Orb
|
|-weather|RainDance|[upkeep]
|upkeep
|
|t:|1781533634
|switch|p1a: Landorus|Landorus-Therian, M|100/100
|-ability|p1a: Landorus|Intimidate|boost
|-unboost|p2a: Overqwil|atk|1
|turn|18
|
|t:|1781533639
|-terastallize|p2a: Overqwil|Water
|move|p1a: Landorus|Earthquake|p2a: Overqwil
|-damage|p2a: Overqwil|19/100 par
|move|p2a: Overqwil|Liquidation|p1a: Landorus
|-supereffective|p1a: Landorus
|-damage|p1a: Landorus|0 fnt
|faint|p1a: Landorus
|-damage|p2a: Overqwil|9/100 par|[from] item: Life Orb
|
|-weather|RainDance|[upkeep]
|upkeep
|
|t:|1781533654
|switch|p1a: Scizor|Scizor, M|100/100
|turn|19
|
|t:|1781533657
|move|p1a: Scizor|Bullet Punch|p2a: Overqwil
|-resisted|p2a: Overqwil
|-damage|p2a: Overqwil|0 fnt
|faint|p2a: Overqwil
|
|-weather|RainDance|[upkeep]
|upkeep
|
|t:|1781533659
|switch|p2a: Raging Bolt|Raging Bolt|100/100
|turn|20
|
|t:|1781533664
|move|p2a: Raging Bolt|Thunder|p1a: Scizor
|-damage|p1a: Scizor|41/100
|move|p1a: Scizor|U-turn|p2a: Raging Bolt
|-damage|p2a: Raging Bolt|70/100
|
|t:|1781533679
|switch|p1a: Tornadus|Tornadus-Therian, M|100/100|[from] U-turn
|
|-weather|none
|upkeep
|turn|21
|
|t:|1781533687
|move|p1a: Tornadus|Dark Pulse|p2a: Raging Bolt
|-damage|p2a: Raging Bolt|49/100
|move|p2a: Raging Bolt|Thunder|p1a: Tornadus|[miss]
|-miss|p2a: Raging Bolt|p1a: Tornadus
|
|upkeep
|turn|22
|
|t:|1781533695
|-terastallize|p1a: Tornadus|Fighting
|move|p1a: Tornadus|Focus Blast|p2a: Raging Bolt
|-damage|p2a: Raging Bolt|0 fnt
|faint|p2a: Raging Bolt
|-end|p2a: Raging Bolt|Protosynthesis|[silent]
|
|upkeep
|
|t:|1781533696
|switch|p2a: Iron Treads|Iron Treads|100/100
|-enditem|p2a: Iron Treads|Booster Energy
|-activate|p2a: Iron Treads|ability: Quark Drive|[fromitem]
|-start|p2a: Iron Treads|quarkdrivespe
|turn|23
|
|t:|1781533704
|move|p2a: Iron Treads|Earth Power|p1a: Tornadus
|-damage|p1a: Tornadus|60/100
|move|p1a: Tornadus|Focus Blast|p2a: Iron Treads|[miss]
|-miss|p1a: Tornadus|p2a: Iron Treads
|
|upkeep
|turn|24
|
|t:|1781533711
|move|p2a: Iron Treads|Earth Power|p1a: Tornadus
|-damage|p1a: Tornadus|17/100
|-unboost|p1a: Tornadus|spd|1
|move|p1a: Tornadus|Focus Blast|p2a: Iron Treads
|-supereffective|p2a: Iron Treads
|-damage|p2a: Iron Treads|0 fnt
|faint|p2a: Iron Treads
|-end|p2a: Iron Treads|Quark Drive|[silent]
|
|win|Dat boii fam
|raw|Dat boii fam's rating: 1587 &rarr; <strong>1607</strong><br />(+20 for winning)
|raw|LowEL0God's rating: 1581 &rarr; <strong>1561</strong><br />(-20 for losing)
|l|☆Dat boii fam
|player|p1|
|c|☆LowEL0God|gg
|l|☆LowEL0God
|player|p2|
