|j|☆employment devil
|j|☆extra-pseudo man
|t:|1781498263
|gametype|singles
|player|p1|employment devil|lusamine-nihilego|1632
|player|p2|extra-pseudo man|alder|1708
|gen|9
|tier|[Gen 9] OU
|rated|
|rule|HP Percentage Mod: HP is shown in percentages
|rule|Endless Battle Clause: Forcing endless battles is banned
|rule|Species Clause: Limit one of each Pokémon
|rule|OHKO Clause: OHKO moves are banned
|rule|Evasion Items Clause: Evasion items are banned
|rule|Evasion Moves Clause: Evasion moves are banned
|rule|Evasion Abilities Clause: Evasion abilities are banned
|rule|Sleep Moves Clause: Sleep-inducing moves are banned
|clearpoke
|poke|p1|Ting-Lu|
|poke|p1|Clefable, M|
|poke|p1|Pecharunt|
|poke|p1|Garganacl, M|
|poke|p1|Skarmory, F|
|poke|p1|Deoxys-Speed|
|poke|p2|Dragonite, M|
|poke|p2|Dragapult, M|
|poke|p2|Tyranitar, M|
|poke|p2|Metagross|
|poke|p2|Goodra-Hisui, F|
|poke|p2|Garchomp, F|
|teampreview
|c|☆employment devil|hf
|c|☆extra-pseudo man|gl
|inactive|Battle timer is ON: inactive players will automatically lose when time's up. (requested by employment devil)
|
|t:|1781498302
|teamsize|p1|6
|teamsize|p2|6
|start
|switch|p1a: Skarmory|Skarmory, F|100/100
|switch|p2a: Tyranocif|Tyranitar, M|100/100
|-weather|Sandstorm|[from] ability: Sand Stream|[of] p2a: Tyranocif
|turn|1
|
|t:|1781498310
|switch|p2a: Marill me|Garchomp, F|100/100
|move|p1a: Skarmory|Spikes|p2a: Marill me
|-sidestart|p2: extra-pseudo man|Spikes
|
|-weather|Sandstorm|[upkeep]
|upkeep
|turn|2
|
|t:|1781498314
|move|p2a: Marill me|Spikes|p1a: Skarmory
|-sidestart|p1: employment devil|Spikes
|move|p1a: Skarmory|Spikes|p2a: Marill me
|-sidestart|p2: extra-pseudo man|Spikes
|
|-weather|Sandstorm|[upkeep]
|upkeep
|turn|3
|
|t:|1781498318
|move|p2a: Marill me|Spikes|p1a: Skarmory
|-sidestart|p1: employment devil|Spikes
|move|p1a: Skarmory|Spikes|p2a: Marill me
|-sidestart|p2: extra-pseudo man|Spikes
|
|-weather|Sandstorm|[upkeep]
|upkeep
|turn|4
|
|t:|1781498321
|move|p2a: Marill me|Spikes|p1a: Skarmory
|-sidestart|p1: employment devil|Spikes
|move|p1a: Skarmory|Iron Defense|p1a: Skarmory
|-boost|p1a: Skarmory|def|2
|
|-weather|Sandstorm|[upkeep]
|upkeep
|turn|5
|
|t:|1781498325
|move|p1a: Skarmory|Body Press|p2a: Marill me
|-damage|p2a: Marill me|61/100
|-damage|p1a: Skarmory|88/100|[from] ability: Rough Skin|[of] p2a: Marill me
|-damage|p1a: Skarmory|72/100|[from] item: Rocky Helmet|[of] p2a: Marill me
|move|p2a: Marill me|Dragon Tail|p1a: Skarmory
|-resisted|p1a: Skarmory
|-crit|p1a: Skarmory
|-damage|p1a: Skarmory|59/100
|-damage|p2a: Marill me|44/100|[from] item: Rocky Helmet|[of] p1a: Skarmory
|drag|p1a: Deoxys|Deoxys-Speed|100/100
|-ability|p1a: Deoxys|Pressure
|
|-weather|none
|upkeep
|turn|6
|inactive|extra-pseudo man has 120 seconds left.
|
|t:|1781498356
|switch|p2a: Tyranocif|Tyranitar, M|100/100
|-damage|p2a: Tyranocif|75/100|[from] Spikes
|-weather|Sandstorm|[from] ability: Sand Stream|[of] p2a: Tyranocif
|move|p1a: Deoxys|Ice Beam|p2a: Tyranocif
|-damage|p2a: Tyranocif|64/100
|
|-weather|Sandstorm|[upkeep]
|-damage|p1a: Deoxys|95/100|[from] Sandstorm
|-heal|p2a: Tyranocif|70/100|[from] item: Leftovers
|upkeep
|turn|7
|
|t:|1781498364
|switch|p1a: Clefable|Clefable, M|100/100
|move|p2a: Tyranocif|Stealth Rock|p1a: Clefable
|-sidestart|p1: employment devil|move: Stealth Rock
|
|-weather|Sandstorm|[upkeep]
|-heal|p2a: Tyranocif|76/100|[from] item: Leftovers
|upkeep
|turn|8
|
|t:|1781498373
|switch|p2a: The goot|Goodra-Hisui, F|100/100
|-damage|p2a: The goot|76/100|[from] Spikes
|move|p1a: Clefable|Knock Off|p2a: The goot
|-damage|p2a: The goot|55/100
|-ability|p2a: The goot|Gooey
|-unboost|p1a: Clefable|spe|1
|-enditem|p2a: The goot|Choice Specs|[from] move: Knock Off|[of] p1a: Clefable
|
|-weather|Sandstorm|[upkeep]
|upkeep
|turn|9
|
|t:|1781498383
|switch|p1a: Ting-Lu|Ting-Lu|100/100
|-damage|p1a: Ting-Lu|76/100|[from] Spikes
|-damage|p1a: Ting-Lu|69/100|[from] Stealth Rock
|-ability|p1a: Ting-Lu|Vessel of Ruin
|move|p2a: The goot|Ice Beam|p1a: Ting-Lu
|-supereffective|p1a: Ting-Lu
|-damage|p1a: Ting-Lu|44/100
|
|-weather|Sandstorm|[upkeep]
|-heal|p1a: Ting-Lu|50/100|[from] item: Leftovers
|upkeep
|turn|10
|
|t:|1781498401
|switch|p2a: He pulten on it|Dragapult, M|100/100
|move|p1a: Ting-Lu|Rest|p1a: Ting-Lu
|-status|p1a: Ting-Lu|slp|[from] move: Rest
|-heal|p1a: Ting-Lu|100/100 slp|[silent]
|
|-weather|none
|upkeep
|turn|11
|
|t:|1781498405
|move|p2a: He pulten on it|U-turn|p1a: Ting-Lu
|-supereffective|p1a: Ting-Lu
|-damage|p1a: Ting-Lu|82/100 slp
|
|t:|1781498408
|switch|p2a: The goot|Goodra-Hisui, F|55/100|[from] U-turn
|-damage|p2a: The goot|30/100|[from] Spikes
|cant|p1a: Ting-Lu|slp
|move|p1a: Ting-Lu|Sleep Talk|p1a: Ting-Lu
|move|p1a: Ting-Lu|Whirlwind|p2a: The goot|[from] move: Sleep Talk
|drag|p2a: Tyranocif|Tyranitar, M|76/100
|-damage|p2a: Tyranocif|51/100|[from] Spikes
|-weather|Sandstorm|[from] ability: Sand Stream|[of] p2a: Tyranocif
|
|-weather|Sandstorm|[upkeep]
|-heal|p1a: Ting-Lu|88/100 slp|[from] item: Leftovers
|-heal|p2a: Tyranocif|58/100|[from] item: Leftovers
|upkeep
|turn|12
|
|t:|1781498413
|cant|p1a: Ting-Lu|slp
|move|p1a: Ting-Lu|Sleep Talk|p1a: Ting-Lu
|move|p1a: Ting-Lu|Earthquake|p2a: Tyranocif|[from] move: Sleep Talk
|-supereffective|p2a: Tyranocif
|-crit|p2a: Tyranocif
|-damage|p2a: Tyranocif|0 fnt
|faint|p2a: Tyranocif
|
|-weather|Sandstorm|[upkeep]
|-heal|p1a: Ting-Lu|95/100 slp|[from] item: Leftovers
|upkeep
|
|t:|1781498423
|switch|p2a: The goot|Goodra-Hisui, F|30/100
|-damage|p2a: The goot|5/100|[from] Spikes
|turn|13
|
|t:|1781498428
|move|p2a: The goot|Ice Beam|p1a: Ting-Lu
|-supereffective|p1a: Ting-Lu
|-damage|p1a: Ting-Lu|69/100 slp
|-curestatus|p1a: Ting-Lu|slp|[msg]
|move|p1a: Ting-Lu|Earthquake|p2a: The goot
|-supereffective|p2a: The goot
|-damage|p2a: The goot|0 fnt
|faint|p2a: The goot
|
|-weather|Sandstorm|[upkeep]
|-heal|p1a: Ting-Lu|75/100|[from] item: Leftovers
|upkeep
|
|t:|1781498438
|switch|p2a: He pulten on it|Dragapult, M|100/100
|turn|14
|
|t:|1781498442
|move|p2a: He pulten on it|Will-O-Wisp|p1a: Ting-Lu|[miss]
|-miss|p2a: He pulten on it|p1a: Ting-Lu
|move|p1a: Ting-Lu|Earthquake|p2a: He pulten on it
|-damage|p2a: He pulten on it|51/100
|
|-weather|Sandstorm|[upkeep]
|-damage|p2a: He pulten on it|45/100|[from] Sandstorm
|-heal|p1a: Ting-Lu|81/100|[from] item: Leftovers
|upkeep
|turn|15
|
|t:|1781498446
|move|p2a: He pulten on it|Will-O-Wisp|p1a: Ting-Lu
|-status|p1a: Ting-Lu|brn
|move|p1a: Ting-Lu|Earthquake|p2a: He pulten on it
|-damage|p2a: He pulten on it|20/100
|
|-weather|none
|-heal|p1a: Ting-Lu|87/100 brn|[from] item: Leftovers
|-damage|p1a: Ting-Lu|81/100 brn|[from] brn
|upkeep
|turn|16
|
|t:|1781498448
|move|p2a: He pulten on it|U-turn|p1a: Ting-Lu
|-supereffective|p1a: Ting-Lu
|-damage|p1a: Ting-Lu|62/100 brn
|
|t:|1781498450
|switch|p2a: Marill me|Garchomp, F|44/100|[from] U-turn
|-damage|p2a: Marill me|19/100|[from] Spikes
|move|p1a: Ting-Lu|Rest|p1a: Ting-Lu
|-status|p1a: Ting-Lu|slp|[from] move: Rest
|-heal|p1a: Ting-Lu|100/100 slp|[silent]
|
|upkeep
|turn|17
|
|t:|1781498454
|switch|p1a: Skarmory|Skarmory, F|59/100
|-damage|p1a: Skarmory|47/100|[from] Stealth Rock
|move|p2a: Marill me|Dragon Tail|p1a: Skarmory
|-resisted|p1a: Skarmory
|-damage|p1a: Skarmory|39/100
|-damage|p2a: Marill me|3/100|[from] item: Rocky Helmet|[of] p1a: Skarmory
|drag|p1a: Clefable|Clefable, M|100/100
|
|upkeep
|turn|18
|
|t:|1781498461
|switch|p1a: Skarmory|Skarmory, F|39/100
|-damage|p1a: Skarmory|27/100|[from] Stealth Rock
|move|p2a: Marill me|Earthquake|p1a: Skarmory
|-immune|p1a: Skarmory
|
|upkeep
|turn|19
|
|t:|1781498467
|move|p2a: Marill me|Fire Fang|p1a: Skarmory
|-supereffective|p1a: Skarmory
|-damage|p1a: Skarmory|4/100
|-damage|p2a: Marill me|0 fnt|[from] item: Rocky Helmet|[of] p1a: Skarmory
|faint|p2a: Marill me
|move|p1a: Skarmory|Roost|p1a: Skarmory
|-heal|p1a: Skarmory|54/100
|-singleturn|p1a: Skarmory|move: Roost
|
|upkeep
|
|t:|1781498470
|switch|p2a: He pulten on it|Dragapult, M|20/100
|turn|20
|
|t:|1781498476
|switch|p1a: Garganacl|Garganacl, M|100/100
|move|p2a: He pulten on it|U-turn|p1a: Garganacl
|-damage|p1a: Garganacl|89/100
|
|t:|1781498478
|switch|p2a: kaboom|Metagross|100/100|[from] U-turn
|-damage|p2a: kaboom|76/100|[from] Spikes
|
|upkeep
|turn|21
|
|t:|1781498490
|switch|p1a: Skarmory|Skarmory, F|54/100
|-damage|p1a: Skarmory|42/100|[from] Stealth Rock
|move|p2a: kaboom|Heavy Slam|p1a: Skarmory
|-resisted|p1a: Skarmory
|-damage|p1a: Skarmory|8/100
|-damage|p2a: kaboom|59/100|[from] item: Rocky Helmet|[of] p1a: Skarmory
|
|upkeep
|turn|22
|
|t:|1781498495
|move|p2a: kaboom|Heavy Slam|p1a: Skarmory
|-resisted|p1a: Skarmory
|-damage|p1a: Skarmory|0 fnt
|-damage|p2a: kaboom|42/100|[from] item: Rocky Helmet|[of] p1a: Skarmory
|faint|p1a: Skarmory
|
|upkeep
|
|t:|1781498500
|switch|p1a: Deoxys|Deoxys-Speed|95/100
|-ability|p1a: Deoxys|Pressure
|turn|23
|
|t:|1781498511
|move|p1a: Deoxys|Knock Off|p2a: kaboom
|-supereffective|p2a: kaboom
|-damage|p2a: kaboom|7/100
|-enditem|p2a: kaboom|Choice Band|[from] move: Knock Off|[of] p1a: Deoxys
|move|p2a: kaboom|Heavy Slam|p1a: Deoxys
|-damage|p1a: Deoxys|0 fnt
|faint|p1a: Deoxys
|
|upkeep
|
|t:|1781498522
|switch|p1a: Ting-Lu|Ting-Lu|100/100 slp
|-damage|p1a: Ting-Lu|76/100 slp|[from] Spikes
|-damage|p1a: Ting-Lu|69/100 slp|[from] Stealth Rock
|-ability|p1a: Ting-Lu|Vessel of Ruin
|turn|24
|
|t:|1781498530
|move|p2a: kaboom|Earthquake|p1a: Ting-Lu
|-damage|p1a: Ting-Lu|49/100 slp
|cant|p1a: Ting-Lu|slp
|move|p1a: Ting-Lu|Sleep Talk|p1a: Ting-Lu
|move|p1a: Ting-Lu|Earthquake|p2a: kaboom|[from] move: Sleep Talk
|-supereffective|p2a: kaboom
|-damage|p2a: kaboom|0 fnt
|faint|p2a: kaboom
|
|-heal|p1a: Ting-Lu|55/100 slp|[from] item: Leftovers
|upkeep
|
|t:|1781498536
|switch|p2a: He pulten on it|Dragapult, M|20/100
|turn|25
|
|t:|1781498540
|move|p2a: He pulten on it|U-turn|p1a: Ting-Lu
|-supereffective|p1a: Ting-Lu
|-crit|p1a: Ting-Lu
|-damage|p1a: Ting-Lu|28/100 slp
|
|t:|1781498542
|switch|p2a: Chud|Dragonite, M|100/100|[from] U-turn
|cant|p1a: Ting-Lu|slp
|move|p1a: Ting-Lu|Sleep Talk|p1a: Ting-Lu
|move|p1a: Ting-Lu|Rest||[from] move: Sleep Talk|[still]
|-fail|p1a: Ting-Lu
|
|-heal|p1a: Ting-Lu|34/100 slp|[from] item: Leftovers
|upkeep
|turn|26
|
|t:|1781498552
|move|p2a: Chud|Dragon Dance|p2a: Chud
|-boost|p2a: Chud|atk|1
|-boost|p2a: Chud|spe|1
|-curestatus|p1a: Ting-Lu|slp|[msg]
|move|p1a: Ting-Lu|Whirlwind|p2a: Chud
|drag|p2a: He pulten on it|Dragapult, M|20/100
|
|-heal|p1a: Ting-Lu|40/100|[from] item: Leftovers
|upkeep
|turn|27
|
|t:|1781498564
|switch|p1a: Garganacl|Garganacl, M|89/100
|move|p2a: He pulten on it|U-turn|p1a: Garganacl
|-damage|p1a: Garganacl|78/100
|
|t:|1781498566
|switch|p2a: Chud|Dragonite, M|100/100|[from] U-turn
|
|upkeep
|turn|28
|
|t:|1781498571
|switch|p2a: He pulten on it|Dragapult, M|20/100
|move|p1a: Garganacl|Salt Cure|p2a: He pulten on it
|-damage|p2a: He pulten on it|0 fnt
|faint|p2a: He pulten on it
|
|upkeep
|
|t:|1781498573
|switch|p2a: Chud|Dragonite, M|100/100
|turn|29
|
|t:|1781498576
|move|p2a: Chud|Earthquake|p1a: Garganacl
|-supereffective|p1a: Garganacl
|-damage|p1a: Garganacl|24/100
|move|p1a: Garganacl|Salt Cure|p2a: Chud
|-supereffective|p2a: Chud
|-damage|p2a: Chud|84/100
|-start|p2a: Chud|Salt Cure
|
|-damage|p2a: Chud|72/100|[from] Salt Cure
|upkeep
|turn|30
|c|☆extra-pseudo man|gg
|
|t:|1781498584
|switch|p1a: Clefable|Clefable, M|100/100
|move|p2a: Chud|Dragon Dance|p2a: Chud
|-boost|p2a: Chud|atk|1
|-boost|p2a: Chud|spe|1
|
|-damage|p2a: Chud|60/100|[from] Salt Cure
|upkeep
|turn|31
|-message|extra-pseudo man forfeited.
|
|win|employment devil
|raw|employment devil's rating: 1632 &rarr; <strong>1656</strong><br />(+24 for winning)
|raw|extra-pseudo man's rating: 1708 &rarr; <strong>1684</strong><br />(-24 for losing)
|c|☆employment devil|gg
|l|☆employment devil
|player|p1|
|l|☆extra-pseudo man
|player|p2|
