|j|☆waha8
|j|☆ihymyly
|t:|1781094461
|gametype|singles
|player|p1|waha8|266|1555
|player|p2|ihymyly|1|1600
|gen|9
|tier|[Gen 9] OU
|rated|
|rule|HP Percentage Mod: HP is shown in percentages
|rule|Endless Battle Clause: Forcing endless battles is banned
|rule|Species Clause: Limit one of each Pokémon
|rule|OHKO Clause: OHKO moves are banned
|rule|Evasion Items Clause: Evasion items are banned
|rule|Evasion Moves Clause: Evasion moves are banned
|rule|Evasion Abilities Clause: Evasion abilities are banned
|rule|Sleep Moves Clause: Sleep-inducing moves are banned
|clearpoke
|poke|p1|Scizor, F|
|poke|p1|Indeedee, M|
|poke|p1|Kyurem|
|poke|p1|Cetitan, M|
|poke|p1|Ninetales-Alola, F|
|poke|p1|Zapdos-Galar|
|poke|p2|Pelipper, F|
|poke|p2|Kingdra, M|
|poke|p2|Weavile, M|
|poke|p2|Corviknight, F|
|poke|p2|Clodsire, F|
|poke|p2|Raging Bolt|
|teampreview
|
|t:|1781094480
|teamsize|p1|6
|teamsize|p2|6
|start
|switch|p1a: Zapdos|Zapdos-Galar|100/100
|switch|p2a: Pelipper|Pelipper, F|100/100
|-weather|RainDance|[from] ability: Drizzle|[of] p2a: Pelipper
|turn|1
|
|t:|1781094494
|move|p1a: Zapdos|Bulk Up|p1a: Zapdos
|-boost|p1a: Zapdos|atk|1
|-boost|p1a: Zapdos|def|1
|move|p2a: Pelipper|Surf|p1a: Zapdos
|-damage|p1a: Zapdos|45/100
|
|-weather|RainDance|[upkeep]
|-heal|p1a: Zapdos|52/100|[from] item: Leftovers
|upkeep
|turn|2
|
|t:|1781094504
|move|p1a: Zapdos|Dual Wingbeat|p2a: Pelipper
|-damage|p2a: Pelipper|78/100
|-damage|p2a: Pelipper|56/100
|-hitcount|p2a: Pelipper|2
|move|p2a: Pelipper|Hurricane|p1a: Zapdos
|-supereffective|p1a: Zapdos
|-damage|p1a: Zapdos|0 fnt
|faint|p1a: Zapdos
|
|-weather|RainDance|[upkeep]
|upkeep
|
|t:|1781094513
|switch|p1a: Mavis|Ninetales-Alola, F|100/100
|-weather|Snowscape|[from] ability: Snow Warning|[of] p1a: Mavis
|turn|3
|
|t:|1781094517
|switch|p2a: Corviknight|Corviknight, F|100/100
|-ability|p2a: Corviknight|Pressure
|move|p1a: Mavis|Aurora Veil|p1a: Mavis
|-sidestart|p1: waha8|move: Aurora Veil
|
|-weather|Snowscape|[upkeep]
|upkeep
|turn|4
|
|t:|1781094523
|move|p1a: Mavis|Freeze-Dry|p2a: Corviknight
|-damage|p2a: Corviknight|75/100
|-status|p2a: Corviknight|frz
|cant|p2a: Corviknight|frz
|
|-weather|Snowscape|[upkeep]
|upkeep
|turn|5
|
|t:|1781094530
|switch|p1a: Thing|Cetitan, M|100/100
|-curestatus|p2a: Corviknight|frz|[msg]
|move|p2a: Corviknight|Roost|p2a: Corviknight
|-heal|p2a: Corviknight|100/100
|-singleturn|p2a: Corviknight|move: Roost
|
|-weather|Snowscape|[upkeep]
|upkeep
|turn|6
|
|t:|1781094538
|-terastallize|p1a: Thing|Ground
|move|p1a: Thing|Belly Drum|p1a: Thing
|-damage|p1a: Thing|50/100
|-setboost|p1a: Thing|atk|6|[from] move: Belly Drum
|-enditem|p1a: Thing|Sitrus Berry|[eat]
|-heal|p1a: Thing|75/100|[from] item: Sitrus Berry
|move|p2a: Corviknight|Defog|p1a: Thing
|-unboost|p1a: Thing|evasion|1
|-sideend|p1: waha8|move: Aurora Veil
|
|-weather|Snowscape|[upkeep]
|upkeep
|turn|7
|
|t:|1781094552
|move|p1a: Thing|Icicle Spear|p2a: Corviknight
|-damage|p2a: Corviknight|67/100
|-damage|p2a: Corviknight|36/100
|-hitcount|p2a: Corviknight|2
|move|p2a: Corviknight|U-turn|p1a: Thing
|-damage|p1a: Thing|61/100
|
|t:|1781094558
|switch|p2a: Pelipper|Pelipper, F|56/100|[from] U-turn
|-weather|RainDance|[from] ability: Drizzle|[of] p2a: Pelipper
|
|-weather|RainDance|[upkeep]
|upkeep
|turn|8
|
|t:|1781094564
|switch|p2a: Corviknight|Corviknight, F|36/100
|-ability|p2a: Corviknight|Pressure
|move|p1a: Thing|Ice Shard|p2a: Corviknight
|-damage|p2a: Corviknight|0 fnt
|faint|p2a: Corviknight
|
|-weather|RainDance|[upkeep]
|upkeep
|
|t:|1781094567
|switch|p2a: Kingdra|Kingdra, M|100/100
|turn|9
|
|t:|1781094573
|move|p1a: Thing|Ice Shard|p2a: Kingdra
|-damage|p2a: Kingdra|5/100
|move|p2a: Kingdra|Weather Ball|p1a: Thing
|-supereffective|p1a: Thing
|-crit|p1a: Thing
|-damage|p1a: Thing|0 fnt
|faint|p1a: Thing
|
|-weather|RainDance|[upkeep]
|upkeep
|
|t:|1781094583
|switch|p1a: Mavis|Ninetales-Alola, F|100/100
|-weather|Snowscape|[from] ability: Snow Warning|[of] p1a: Mavis
|turn|10
|
|t:|1781094589
|switch|p2a: Clodsire|Clodsire, F|100/100
|move|p1a: Mavis|Freeze-Dry|p2a: Clodsire
|-supereffective|p2a: Clodsire
|-damage|p2a: Clodsire|73/100
|
|-weather|Snowscape|[upkeep]
|-heal|p2a: Clodsire|79/100|[from] item: Leftovers
|upkeep
|turn|11
|
|t:|1781094596
|switch|p1a: Scizor|Scizor, F|100/100
|move|p2a: Clodsire|Stealth Rock|p1a: Scizor
|-sidestart|p1: waha8|move: Stealth Rock
|
|-weather|Snowscape|[upkeep]
|-heal|p2a: Clodsire|85/100|[from] item: Leftovers
|upkeep
|turn|12
|
|t:|1781094603
|switch|p2a: Pelipper|Pelipper, F|56/100
|-weather|RainDance|[from] ability: Drizzle|[of] p2a: Pelipper
|move|p1a: Scizor|Defog|p2a: Pelipper
|-unboost|p2a: Pelipper|evasion|1
|-sideend|p1: waha8|Stealth Rock|[from] move: Defog|[of] p1a: Scizor
|
|-weather|RainDance|[upkeep]
|upkeep
|turn|13
|
|t:|1781094611
|switch|p1a: Mavis|Ninetales-Alola, F|100/100
|-weather|Snowscape|[from] ability: Snow Warning|[of] p1a: Mavis
|move|p2a: Pelipper|U-turn|p1a: Mavis
|-resisted|p1a: Mavis
|-damage|p1a: Mavis|96/100
|
|t:|1781094616
|switch|p2a: Clodsire|Clodsire, F|85/100|[from] U-turn
|
|-weather|Snowscape|[upkeep]
|-heal|p2a: Clodsire|91/100|[from] item: Leftovers
|upkeep
|turn|14
|
|t:|1781094622
|switch|p1a: Scizor|Scizor, F|100/100
|move|p2a: Clodsire|Stealth Rock|p1a: Scizor
|-sidestart|p1: waha8|move: Stealth Rock
|
|-weather|Snowscape|[upkeep]
|-heal|p2a: Clodsire|97/100|[from] item: Leftovers
|upkeep
|turn|15
|
|t:|1781094629
|switch|p2a: Raging Bolt|Raging Bolt|100/100
|move|p1a: Scizor|Knock Off|p2a: Raging Bolt
|-damage|p2a: Raging Bolt|68/100
|-enditem|p2a: Raging Bolt|Assault Vest|[from] move: Knock Off|[of] p1a: Scizor
|
|-weather|Snowscape|[upkeep]
|upkeep
|turn|16
|
|t:|1781094639
|switch|p1a: DeeDee|Indeedee, M|100/100
|-damage|p1a: DeeDee|88/100|[from] Stealth Rock
|-fieldstart|move: Psychic Terrain|[from] ability: Psychic Surge|[of] p1a: DeeDee
|move|p2a: Raging Bolt|Thunder|p1a: DeeDee|[miss]
|-miss|p2a: Raging Bolt|p1a: DeeDee
|
|-weather|Snowscape|[upkeep]
|upkeep
|turn|17
|
|t:|1781094648
|move|p1a: DeeDee|Dazzling Gleam|p2a: Raging Bolt
|-supereffective|p2a: Raging Bolt
|-damage|p2a: Raging Bolt|26/100
|move|p2a: Raging Bolt|Thunder|p1a: DeeDee
|-damage|p1a: DeeDee|0 fnt
|faint|p1a: DeeDee
|
|-weather|Snowscape|[upkeep]
|upkeep
|
|t:|1781094659
|switch|p1a: SubZero|Kyurem|100/100
|-damage|p1a: SubZero|76/100|[from] Stealth Rock
|-ability|p1a: SubZero|Pressure
|turn|18
|
|t:|1781094664
|move|p1a: SubZero|Scale Shot|p2a: Raging Bolt
|-supereffective|p2a: Raging Bolt
|-damage|p2a: Raging Bolt|2/100
|-supereffective|p2a: Raging Bolt
|-damage|p2a: Raging Bolt|0 fnt
|faint|p2a: Raging Bolt
|-end|p2a: Raging Bolt|Protosynthesis|[silent]
|-hitcount|p2: Raging Bolt|2
|-unboost|p1a: SubZero|def|1
|-boost|p1a: SubZero|spe|1
|
|-weather|Snowscape|[upkeep]
|upkeep
|
|t:|1781094673
|switch|p2a: Weavile|Weavile, M|100/100
|-ability|p2a: Weavile|Pressure
|turn|19
|
|t:|1781094677
|move|p1a: SubZero|Scale Shot|p2a: Weavile
|-damage|p2a: Weavile|83/100
|-damage|p2a: Weavile|67/100
|-damage|p2a: Weavile|52/100
|-damage|p2a: Weavile|37/100
|-damage|p2a: Weavile|20/100
|-hitcount|p2a: Weavile|5
|-unboost|p1a: SubZero|def|1
|-boost|p1a: SubZero|spe|1
|move|p2a: Weavile|Knock Off|p1a: SubZero
|-damage|p1a: SubZero|20/100
|-enditem|p1a: SubZero|Loaded Dice|[from] move: Knock Off|[of] p2a: Weavile
|
|-weather|Snowscape|[upkeep]
|upkeep
|turn|20
|
|t:|1781094697
|switch|p2a: Clodsire|Clodsire, F|97/100
|move|p1a: SubZero|Icicle Spear|p2a: Clodsire
|-supereffective|p2a: Clodsire
|-damage|p2a: Clodsire|66/100
|-supereffective|p2a: Clodsire
|-crit|p2a: Clodsire
|-damage|p2a: Clodsire|19/100
|-supereffective|p2a: Clodsire
|-damage|p2a: Clodsire|0 fnt
|faint|p2a: Clodsire
|-hitcount|p2: Clodsire|3
|
|-weather|none
|upkeep
|
|t:|1781094703
|switch|p2a: Pelipper|Pelipper, F|56/100
|-weather|RainDance|[from] ability: Drizzle|[of] p2a: Pelipper
|turn|21
|
|t:|1781094710
|move|p1a: SubZero|Scale Shot|p2a: Pelipper
|-damage|p2a: Pelipper|44/100
|-damage|p2a: Pelipper|32/100
|-hitcount|p2a: Pelipper|2
|-unboost|p1a: SubZero|def|1
|-boost|p1a: SubZero|spe|1
|move|p2a: Pelipper|Roost|p2a: Pelipper
|-heal|p2a: Pelipper|82/100
|-singleturn|p2a: Pelipper|move: Roost
|
|-weather|RainDance|[upkeep]
|upkeep
|turn|22
|
|t:|1781094721
|move|p1a: SubZero|Dragon Dance|p1a: SubZero
|-boost|p1a: SubZero|atk|1
|-boost|p1a: SubZero|spe|1
|move|p2a: Pelipper|Hurricane|p1a: SubZero
|-damage|p1a: SubZero|0 fnt
|faint|p1a: SubZero
|
|-weather|RainDance|[upkeep]
|upkeep
|
|t:|1781094728
|switch|p1a: Mavis|Ninetales-Alola, F|96/100
|-damage|p1a: Mavis|71/100|[from] Stealth Rock
|-weather|Snowscape|[from] ability: Snow Warning|[of] p1a: Mavis
|turn|23
|
|t:|1781094741
|switch|p2a: Weavile|Weavile, M|20/100
|-ability|p2a: Weavile|Pressure
|move|p1a: Mavis|Aurora Veil|p1a: Mavis
|-sidestart|p1: waha8|move: Aurora Veil
|
|-weather|Snowscape|[upkeep]
|-fieldend|move: Psychic Terrain
|upkeep
|turn|24
|
|t:|1781094749
|move|p2a: Weavile|Knock Off|p1a: Mavis
|-resisted|p1a: Mavis
|-crit|p1a: Mavis
|-damage|p1a: Mavis|33/100
|-enditem|p1a: Mavis|Icy Rock|[from] move: Knock Off|[of] p2a: Weavile
|move|p1a: Mavis|Moonblast|p2a: Weavile
|-supereffective|p2a: Weavile
|-damage|p2a: Weavile|0 fnt
|faint|p2a: Weavile
|
|-weather|Snowscape|[upkeep]
|upkeep
|
|t:|1781094754
|switch|p2a: Pelipper|Pelipper, F|82/100
|-weather|RainDance|[from] ability: Drizzle|[of] p2a: Pelipper
|turn|25
|
|t:|1781094760
|move|p1a: Mavis|Freeze-Dry|p2a: Pelipper
|-supereffective|p2a: Pelipper
|-damage|p2a: Pelipper|0 fnt
|faint|p2a: Pelipper
|
|-weather|RainDance|[upkeep]
|upkeep
|
|t:|1781094764
|switch|p2a: Kingdra|Kingdra, M|5/100
|turn|26
|
|t:|1781094767
|switch|p1a: Scizor|Scizor, F|100/100
|move|p2a: Kingdra|Weather Ball|p1a: Scizor
|-damage|p1a: Scizor|36/100
|
|-weather|RainDance|[upkeep]
|upkeep
|turn|27
|
|t:|1781094773
|move|p1a: Scizor|Bullet Punch|p2a: Kingdra
|-resisted|p2a: Kingdra
|-damage|p2a: Kingdra|0 fnt
|faint|p2a: Kingdra
|
|win|waha8
|raw|waha8's rating: 1555 &rarr; <strong>1578</strong><br />(+23 for winning)
|raw|ihymyly's rating: 1600 &rarr; <strong>1577</strong><br />(-23 for losing)
|l|☆ihymyly
|player|p2|
|l|☆waha8
|player|p1|
