|j|☆ghazi02
|j|☆kadu99
|t:|1780991852
|gametype|singles
|player|p1|ghazi02|red|1552
|player|p2|kadu99|policeman-gen4|1663
|gen|9
|tier|[Gen 9] OU
|rated|
|rule|HP Percentage Mod: HP is shown in percentages
|rule|Endless Battle Clause: Forcing endless battles is banned
|rule|Species Clause: Limit one of each Pokémon
|rule|OHKO Clause: OHKO moves are banned
|rule|Evasion Items Clause: Evasion items are banned
|rule|Evasion Moves Clause: Evasion moves are banned
|rule|Evasion Abilities Clause: Evasion abilities are banned
|rule|Sleep Moves Clause: Sleep-inducing moves are banned
|clearpoke
|poke|p1|Corviknight, F|
|poke|p1|Kyurem|
|poke|p1|Latias, F|
|poke|p1|Cinderace, F|
|poke|p1|Kingambit, F|
|poke|p1|Zamazenta-*|
|poke|p2|Scizor, M|
|poke|p2|Alomomola, M|
|poke|p2|Weezing-Galar, F|
|poke|p2|Raging Bolt|
|poke|p2|Landorus-Therian, M|
|poke|p2|Hoopa-Unbound|
|teampreview
|
|t:|1780991863
|teamsize|p1|6
|teamsize|p2|6
|start
|switch|p1a: Border Immigration|Zamazenta|100/100
|switch|p2a: Scizor|Scizor, M, shiny|100/100
|-ability|p1a: Border Immigration|Dauntless Shield|boost
|-boost|p1a: Border Immigration|def|1
|turn|1
|inactive|Battle timer is ON: inactive players will automatically lose when time's up. (requested by kadu99)
|
|t:|1780991873
|switch|p2a: Landorus|Landorus-Therian, M|100/100
|-ability|p2a: Landorus|Intimidate|boost
|-unboost|p1a: Border Immigration|atk|1
|move|p1a: Border Immigration|Reflect|p1a: Border Immigration
|-sidestart|p1: ghazi02|Reflect
|
|upkeep
|turn|2
|
|t:|1780991878
|switch|p2a: Weezing|Weezing-Galar, F|100/100
|-ability|p2a: Weezing|Neutralizing Gas
|move|p1a: Border Immigration|Light Screen|p1a: Border Immigration
|-sidestart|p1: ghazi02|move: Light Screen
|
|upkeep
|turn|3
|
|t:|1780991891
|switch|p1a: Superslow Jet|Latias, F|100/100
|move|p2a: Weezing|Defog|p1a: Superslow Jet
|-unboost|p1a: Superslow Jet|evasion|1
|-sideend|p1: ghazi02|Reflect
|-sideend|p1: ghazi02|move: Light Screen
|
|upkeep
|turn|4
|
|t:|1780991897
|-end|p2a: Weezing|ability: Neutralizing Gas
|switch|p2a: Scizor|Scizor, M, shiny|100/100
|move|p1a: Superslow Jet|Calm Mind|p1a: Superslow Jet
|-boost|p1a: Superslow Jet|spa|1
|-boost|p1a: Superslow Jet|spd|1
|
|upkeep
|turn|5
|
|t:|1780991912
|switch|p1a: Sgt. Kabutar Khan|Corviknight, F|100/100
|-ability|p1a: Sgt. Kabutar Khan|Pressure
|move|p2a: Scizor|Knock Off|p1a: Sgt. Kabutar Khan
|-damage|p1a: Sgt. Kabutar Khan|71/100
|-damage|p2a: Scizor|84/100|[from] item: Rocky Helmet|[of] p1a: Sgt. Kabutar Khan
|-enditem|p1a: Sgt. Kabutar Khan|Rocky Helmet|[from] move: Knock Off|[of] p2a: Scizor
|-damage|p2a: Scizor|74/100|[from] item: Life Orb
|
|upkeep
|turn|6
|
|t:|1780991922
|switch|p2a: Landorus|Landorus-Therian, M|100/100
|-ability|p2a: Landorus|Intimidate|boost
|-unboost|p1a: Sgt. Kabutar Khan|atk|1
|move|p1a: Sgt. Kabutar Khan|U-turn|p2a: Landorus
|-resisted|p2a: Landorus
|-damage|p2a: Landorus|96/100
|-damage|p1a: Sgt. Kabutar Khan|55/100|[from] item: Rocky Helmet|[of] p2a: Landorus
|
|t:|1780991930
|switch|p1a: ICE ICE BABY|Kyurem|100/100|[from] U-turn
|-ability|p1a: ICE ICE BABY|Pressure
|
|upkeep
|turn|7
|
|t:|1780991937
|switch|p2a: Scizor|Scizor, M, shiny|74/100
|move|p1a: ICE ICE BABY|Freeze-Dry|p2a: Scizor
|-resisted|p2a: Scizor
|-damage|p2a: Scizor|38/100
|
|upkeep
|turn|8
|j| makz7x
|
|t:|1780991949
|switch|p1a: Sgt. Kabutar Khan|Corviknight, F|55/100
|-ability|p1a: Sgt. Kabutar Khan|Pressure
|move|p2a: Scizor|Swords Dance|p2a: Scizor
|-boost|p2a: Scizor|atk|2
|
|upkeep
|turn|9
|
|t:|1780991967
|move|p2a: Scizor|Close Combat|p1a: Sgt. Kabutar Khan
|-damage|p1a: Sgt. Kabutar Khan|0 fnt
|-unboost|p2a: Scizor|def|1
|-unboost|p2a: Scizor|spd|1
|faint|p1a: Sgt. Kabutar Khan
|-damage|p2a: Scizor|28/100|[from] item: Life Orb
|
|upkeep
|
|t:|1780991980
|switch|p1a: Wayne ROOOOOONEY|Cinderace, F|100/100
|turn|10
|
|t:|1780991996
|switch|p2a: Landorus|Landorus-Therian, M|96/100
|-ability|p2a: Landorus|Intimidate|boost
|-unboost|p1a: Wayne ROOOOOONEY|atk|1
|move|p1a: Wayne ROOOOOONEY|Low Kick|p2a: Landorus
|-start|p1a: Wayne ROOOOOONEY|typechange|Fighting|[from] ability: Libero
|-resisted|p2a: Landorus
|-crit|p2a: Landorus
|-damage|p2a: Landorus|58/100
|-damage|p1a: Wayne ROOOOOONEY|84/100|[from] item: Rocky Helmet|[of] p2a: Landorus
|-damage|p1a: Wayne ROOOOOONEY|74/100|[from] item: Life Orb
|
|upkeep
|turn|11
|
|t:|1780992011
|switch|p1a: Superslow Jet|Latias, F|100/100
|move|p2a: Landorus|U-turn|p1a: Superslow Jet
|-supereffective|p1a: Superslow Jet
|-damage|p1a: Superslow Jet|62/100
|-enditem|p1a: Superslow Jet|Weakness Policy
|-boost|p1a: Superslow Jet|atk|2|[from] item: Weakness Policy
|-boost|p1a: Superslow Jet|spa|2|[from] item: Weakness Policy
|l| makz7x
|
|t:|1780992021
|switch|p2a: Hoopa|Hoopa-Unbound|100/100|[from] U-turn
|
|upkeep
|turn|12
|
|t:|1780992046
|switch|p1a: Border Immigration|Zamazenta|100/100
|move|p2a: Hoopa|Knock Off|p1a: Border Immigration
|-resisted|p1a: Border Immigration
|-damage|p1a: Border Immigration|80/100
|-enditem|p1a: Border Immigration|Light Clay|[from] move: Knock Off|[of] p2a: Hoopa
|
|upkeep
|turn|13
|
|t:|1780992057
|move|p1a: Border Immigration|Reflect|p1a: Border Immigration
|-sidestart|p1: ghazi02|Reflect
|move|p2a: Hoopa|Psychic Noise|p1a: Border Immigration
|-supereffective|p1a: Border Immigration
|-damage|p1a: Border Immigration|16/100
|-start|p1a: Border Immigration|move: Heal Block
|
|upkeep
|turn|14
|
|t:|1780992067
|switch|p2a: Weezing|Weezing-Galar, F|100/100
|-ability|p2a: Weezing|Neutralizing Gas
|move|p1a: Border Immigration|Light Screen|p1a: Border Immigration
|-sidestart|p1: ghazi02|move: Light Screen
|
|-end|p1a: Border Immigration|move: Heal Block
|upkeep
|turn|15
|
|t:|1780992076
|switch|p1a: Superslow Jet|Latias, F|62/100
|move|p2a: Weezing|Defog|p1a: Superslow Jet
|-unboost|p1a: Superslow Jet|evasion|1
|-sideend|p1: ghazi02|Reflect
|-sideend|p1: ghazi02|move: Light Screen
|
|upkeep
|turn|16
|
|t:|1780992082
|-end|p2a: Weezing|ability: Neutralizing Gas
|switch|p2a: Hoopa|Hoopa-Unbound|100/100
|move|p1a: Superslow Jet|Recover|p1a: Superslow Jet
|-heal|p1a: Superslow Jet|100/100
|
|upkeep
|turn|17
|
|t:|1780992093
|switch|p1a: Border Immigration|Zamazenta|16/100
|move|p2a: Hoopa|Knock Off|p1a: Border Immigration
|-resisted|p1a: Border Immigration
|-crit|p1a: Border Immigration
|-damage|p1a: Border Immigration|0 fnt
|faint|p1a: Border Immigration
|
|upkeep
|
|t:|1780992103
|switch|p1a: Wayne ROOOOOONEY|Cinderace, F|74/100
|turn|18
|
|t:|1780992106
|switch|p2a: Landorus|Landorus-Therian, M|58/100
|-ability|p2a: Landorus|Intimidate|boost
|-unboost|p1a: Wayne ROOOOOONEY|atk|1
|move|p1a: Wayne ROOOOOONEY|U-turn|p2a: Landorus
|-start|p1a: Wayne ROOOOOONEY|typechange|Bug|[from] ability: Libero
|-resisted|p2a: Landorus
|-damage|p2a: Landorus|44/100
|-damage|p1a: Wayne ROOOOOONEY|57/100|[from] item: Rocky Helmet|[of] p2a: Landorus
|-damage|p1a: Wayne ROOOOOONEY|48/100|[from] item: Life Orb
|
|t:|1780992116
|switch|p1a: ICE ICE BABY|Kyurem|100/100|[from] U-turn
|-ability|p1a: ICE ICE BABY|Pressure
|
|upkeep
|turn|19
|
|t:|1780992126
|move|p1a: ICE ICE BABY|Freeze-Dry|p2a: Landorus
|-supereffective|p2a: Landorus
|-damage|p2a: Landorus|0 fnt
|faint|p2a: Landorus
|
|upkeep
|
|t:|1780992149
|switch|p2a: Scizor|Scizor, M, shiny|28/100
|turn|20
|
|t:|1780992167
|move|p2a: Scizor|Bullet Punch|p1a: ICE ICE BABY
|-supereffective|p1a: ICE ICE BABY
|-damage|p1a: ICE ICE BABY|17/100
|-damage|p2a: Scizor|18/100|[from] item: Life Orb
|move|p1a: ICE ICE BABY|Freeze-Dry|p2a: Scizor
|-resisted|p2a: Scizor
|-damage|p2a: Scizor|0 fnt
|faint|p2a: Scizor
|
|upkeep
|
|t:|1780992187
|switch|p2a: Hoopa|Hoopa-Unbound|100/100
|turn|21
|
|t:|1780992193
|move|p1a: ICE ICE BABY|Freeze-Dry|p2a: Hoopa
|-damage|p2a: Hoopa|74/100
|move|p2a: Hoopa|Drain Punch|p1a: ICE ICE BABY
|-supereffective|p1a: ICE ICE BABY
|-damage|p1a: ICE ICE BABY|0 fnt
|-heal|p2a: Hoopa|83/100|[from] drain|[of] p1a: ICE ICE BABY
|faint|p1a: ICE ICE BABY
|
|upkeep
|
|t:|1780992201
|switch|p1a: Wayne ROOOOOONEY|Cinderace, F|48/100
|turn|22
|
|t:|1780992213
|switch|p2a: Alomomola|Alomomola, M|100/100
|move|p1a: Wayne ROOOOOONEY|U-turn|p2a: Alomomola
|-start|p1a: Wayne ROOOOOONEY|typechange|Bug|[from] ability: Libero
|-damage|p2a: Alomomola|76/100
|-damage|p1a: Wayne ROOOOOONEY|38/100|[from] item: Life Orb
|
|t:|1780992227
|switch|p1a: Superslow Jet|Latias, F|100/100|[from] U-turn
|
|upkeep
|turn|23
|
|t:|1780992232
|move|p1a: Superslow Jet|Calm Mind|p1a: Superslow Jet
|-boost|p1a: Superslow Jet|spa|1
|-boost|p1a: Superslow Jet|spd|1
|move|p2a: Alomomola|Flip Turn|p1a: Superslow Jet
|-resisted|p1a: Superslow Jet
|-damage|p1a: Superslow Jet|92/100
|
|t:|1780992236
|switch|p2a: Hoopa|Hoopa-Unbound|83/100|[from] Flip Turn
|
|upkeep
|turn|24
|
|t:|1780992257
|-terastallize|p1a: Superslow Jet|Poison
|move|p1a: Superslow Jet|Calm Mind|p1a: Superslow Jet
|-boost|p1a: Superslow Jet|spa|1
|-boost|p1a: Superslow Jet|spd|1
|move|p2a: Hoopa|Knock Off|p1a: Superslow Jet
|-damage|p1a: Superslow Jet|56/100
|
|upkeep
|turn|25
|
|t:|1780992271
|move|p1a: Superslow Jet|Calm Mind|p1a: Superslow Jet
|-boost|p1a: Superslow Jet|spa|1
|-boost|p1a: Superslow Jet|spd|1
|move|p2a: Hoopa|Psychic Noise|p1a: Superslow Jet
|-supereffective|p1a: Superslow Jet
|-damage|p1a: Superslow Jet|25/100
|-start|p1a: Superslow Jet|move: Heal Block
|
|upkeep
|turn|26
|
|t:|1780992279
|move|p1a: Superslow Jet|Aura Sphere|p2a: Hoopa
|-crit|p2a: Hoopa
|-damage|p2a: Hoopa|43/100
|move|p2a: Hoopa|Psychic Noise|p1a: Superslow Jet
|-supereffective|p1a: Superslow Jet
|-damage|p1a: Superslow Jet|0 fnt
|faint|p1a: Superslow Jet
|
|upkeep
|
|t:|1780992287
|switch|p1a: Wayne ROOOOOONEY|Cinderace, F|38/100
|turn|27
|
|t:|1780992290
|switch|p2a: Alomomola|Alomomola, M|100/100
|move|p1a: Wayne ROOOOOONEY|Pyro Ball|p2a: Alomomola
|-resisted|p2a: Alomomola
|-damage|p2a: Alomomola|80/100
|-damage|p1a: Wayne ROOOOOONEY|28/100|[from] item: Life Orb
|
|upkeep
|turn|28
|
|t:|1780992306
|move|p1a: Wayne ROOOOOONEY|U-turn|p2a: Alomomola
|-start|p1a: Wayne ROOOOOONEY|typechange|Bug|[from] ability: Libero
|-damage|p2a: Alomomola|58/100
|-damage|p1a: Wayne ROOOOOONEY|18/100|[from] item: Life Orb
|
|t:|1780992311
|switch|p1a: No Skill Win Con|Kingambit, F|100/100|[from] U-turn
|-activate|p1a: No Skill Win Con|ability: Supreme Overlord
|-start|p1a: No Skill Win Con|fallen4|[silent]
|move|p2a: Alomomola|Wish|p2a: Alomomola
|
|upkeep
|turn|29
|
|t:|1780992317
|move|p1a: No Skill Win Con|Swords Dance|p1a: No Skill Win Con
|-boost|p1a: No Skill Win Con|atk|2
|move|p2a: Alomomola|Flip Turn|p1a: No Skill Win Con
|-damage|p1a: No Skill Win Con|88/100
|
|t:|1780992321
|switch|p2a: Weezing|Weezing-Galar, F|100/100|[from] Flip Turn
|-ability|p2a: Weezing|Neutralizing Gas
|
|-heal|p1a: No Skill Win Con|94/100|[from] item: Leftovers
|upkeep
|turn|30
|
|t:|1780992327
|move|p2a: Weezing|Will-O-Wisp|p1a: No Skill Win Con
|-status|p1a: No Skill Win Con|brn
|move|p1a: No Skill Win Con|Iron Head|p2a: Weezing
|-supereffective|p2a: Weezing
|-damage|p2a: Weezing|36/100
|
|-heal|p1a: No Skill Win Con|100/100 brn|[from] item: Leftovers
|-damage|p1a: No Skill Win Con|94/100 brn|[from] brn
|upkeep
|turn|31
|
|t:|1780992337
|move|p2a: Weezing|Pain Split|p1a: No Skill Win Con
|-sethp|p1a: No Skill Win Con|63/100 brn|[from] move: Pain Split|[silent]
|-sethp|p2a: Weezing|74/100|[from] move: Pain Split
|move|p1a: No Skill Win Con|Iron Head|p2a: Weezing
|-supereffective|p2a: Weezing
|-damage|p2a: Weezing|12/100
|
|-heal|p1a: No Skill Win Con|69/100 brn|[from] item: Leftovers
|-damage|p1a: No Skill Win Con|63/100 brn|[from] brn
|upkeep
|turn|32
|
|t:|1780992346
|move|p2a: Weezing|Pain Split|p1a: No Skill Win Con
|-sethp|p1a: No Skill Win Con|36/100 brn|[from] move: Pain Split|[silent]
|-sethp|p2a: Weezing|43/100|[from] move: Pain Split
|move|p1a: No Skill Win Con|Swords Dance|p1a: No Skill Win Con
|-boost|p1a: No Skill Win Con|atk|2
|
|-heal|p1a: No Skill Win Con|42/100 brn|[from] item: Leftovers
|-damage|p1a: No Skill Win Con|36/100 brn|[from] brn
|upkeep
|turn|33
|
|t:|1780992355
|move|p2a: Weezing|Sludge Bomb|p1a: No Skill Win Con
|-immune|p1a: No Skill Win Con
|move|p1a: No Skill Win Con|Iron Head|p2a: Weezing
|-supereffective|p2a: Weezing
|-damage|p2a: Weezing|0 fnt
|faint|p2a: Weezing
|-end|p2a: Weezing|ability: Neutralizing Gas
|-activate|p1a: No Skill Win Con|ability: Supreme Overlord
|-start|p1a: No Skill Win Con|fallen4|[silent]
|
|-heal|p1a: No Skill Win Con|42/100 brn|[from] item: Leftovers
|-damage|p1a: No Skill Win Con|36/100 brn|[from] brn
|upkeep
|
|t:|1780992361
|switch|p2a: Raging Bolt|Raging Bolt|100/100
|turn|34
|
|t:|1780992372
|move|p2a: Raging Bolt|Thunderclap|p1a: No Skill Win Con
|-damage|p1a: No Skill Win Con|0 fnt
|faint|p1a: No Skill Win Con
|-end|p1a: No Skill Win Con|fallen4|[silent]
|
|upkeep
|
|t:|1780992378
|switch|p1a: Wayne ROOOOOONEY|Cinderace, F|18/100
|turn|35
|
|t:|1780992384
|move|p1a: Wayne ROOOOOONEY|Sucker Punch|p2a: Raging Bolt
|-start|p1a: Wayne ROOOOOONEY|typechange|Dark|[from] ability: Libero
|-damage|p2a: Raging Bolt|59/100
|-damage|p1a: Wayne ROOOOOONEY|8/100|[from] item: Life Orb
|move|p2a: Raging Bolt|Thunderbolt|p1a: Wayne ROOOOOONEY
|-damage|p1a: Wayne ROOOOOONEY|0 fnt
|faint|p1a: Wayne ROOOOOONEY
|
|win|kadu99
|raw|ghazi02's rating: 1552 &rarr; <strong>1538</strong><br />(-14 for losing)
|raw|kadu99's rating: 1663 &rarr; <strong>1677</strong><br />(+14 for winning)
|l|☆kadu99
|player|p2|
