|j|☆GingaMaster123
|j|☆PlashShlate
|t:|1781324006
|gametype|singles
|player|p1|GingaMaster123|steven|1587
|player|p2|PlashShlate|shadowtriad|1631
|gen|9
|tier|[Gen 9] OU
|rated|
|rule|HP Percentage Mod: HP is shown in percentages
|rule|Endless Battle Clause: Forcing endless battles is banned
|rule|Species Clause: Limit one of each Pokémon
|rule|OHKO Clause: OHKO moves are banned
|rule|Evasion Items Clause: Evasion items are banned
|rule|Evasion Moves Clause: Evasion moves are banned
|rule|Evasion Abilities Clause: Evasion abilities are banned
|rule|Sleep Moves Clause: Sleep-inducing moves are banned
|clearpoke
|poke|p1|Torkoal, F|
|poke|p1|Ceruledge, F|
|poke|p1|Great Tusk|
|poke|p1|Raging Bolt|
|poke|p1|Iron Moth|
|poke|p1|Kingambit, M|
|poke|p2|Landorus-Therian, M|
|poke|p2|Gholdengo|
|poke|p2|Rillaboom, M|
|poke|p2|Walking Wake|
|poke|p2|Volcanion|
|poke|p2|Zamazenta-*|
|teampreview
|inactive|Battle timer is ON: inactive players will automatically lose when time's up. (requested by PlashShlate)
|
|t:|1781324032
|teamsize|p1|6
|teamsize|p2|6
|start
|switch|p1a: Turhole|Torkoal, F, shiny|100/100
|switch|p2a: Landorus|Landorus-Therian, M|100/100
|-ability|p2a: Landorus|Intimidate|boost
|-unboost|p1a: Turhole|atk|1
|-weather|SunnyDay|[from] ability: Drought|[of] p1a: Turhole
|turn|1
|
|t:|1781324043
|move|p2a: Landorus|Earth Power|p1a: Turhole
|-supereffective|p1a: Turhole
|-damage|p1a: Turhole|17/100
|-unboost|p1a: Turhole|spd|1
|move|p1a: Turhole|Will-O-Wisp|p2a: Landorus
|-status|p2a: Landorus|brn
|
|-weather|SunnyDay|[upkeep]
|-damage|p2a: Landorus|94/100 brn|[from] brn
|upkeep
|turn|2
|
|t:|1781324055
|move|p2a: Landorus|Stealth Rock|p1a: Turhole
|-sidestart|p1: GingaMaster123|move: Stealth Rock
|move|p1a: Turhole|Stealth Rock|p2a: Landorus
|-sidestart|p2: PlashShlate|move: Stealth Rock
|
|-weather|SunnyDay|[upkeep]
|-damage|p2a: Landorus|88/100 brn|[from] brn
|upkeep
|turn|3
|
|t:|1781324071
|switch|p1a: Mandarake|Iron Moth|100/100
|-damage|p1a: Mandarake|76/100|[from] Stealth Rock
|move|p2a: Landorus|Earth Power|p1a: Mandarake
|-supereffective|p1a: Mandarake
|-damage|p1a: Mandarake|0 fnt
|faint|p1a: Mandarake
|-end|p1a: Mandarake|Quark Drive|[silent]
|
|-weather|SunnyDay|[upkeep]
|-damage|p2a: Landorus|82/100 brn|[from] brn
|upkeep
|
|t:|1781324080
|switch|p1a: Tusk Act 4|Great Tusk|100/100
|-damage|p1a: Tusk Act 4|98/100|[from] Stealth Rock
|-activate|p1a: Tusk Act 4|ability: Protosynthesis
|-start|p1a: Tusk Act 4|protosynthesisatk
|turn|4
|
|t:|1781324086
|move|p2a: Landorus|Earth Power|p1a: Tusk Act 4
|-damage|p1a: Tusk Act 4|49/100
|move|p1a: Tusk Act 4|Rapid Spin|p2a: Landorus
|-damage|p2a: Landorus|59/100 brn
|-boost|p1a: Tusk Act 4|spe|1
|-damage|p1a: Tusk Act 4|32/100|[from] item: Rocky Helmet|[of] p2a: Landorus
|-sideend|p1: GingaMaster123|Stealth Rock|[from] move: Rapid Spin|[of] p1a: Tusk Act 4
|
|-weather|SunnyDay|[upkeep]
|-heal|p1a: Tusk Act 4|39/100|[from] item: Leftovers
|-damage|p2a: Landorus|53/100 brn|[from] brn
|upkeep
|turn|5
|
|t:|1781324099
|move|p1a: Tusk Act 4|Close Combat|p2a: Landorus
|-resisted|p2a: Landorus
|-damage|p2a: Landorus|8/100 brn
|-unboost|p1a: Tusk Act 4|def|1
|-unboost|p1a: Tusk Act 4|spd|1
|-damage|p1a: Tusk Act 4|22/100|[from] item: Rocky Helmet|[of] p2a: Landorus
|move|p2a: Landorus|Earth Power|p1a: Tusk Act 4
|-damage|p1a: Tusk Act 4|0 fnt
|faint|p1a: Tusk Act 4
|-end|p1a: Tusk Act 4|Protosynthesis|[silent]
|
|-weather|SunnyDay|[upkeep]
|-damage|p2a: Landorus|2/100 brn|[from] brn
|upkeep
|
|t:|1781324113
|switch|p1a: Ceruledge|Ceruledge, F|100/100
|turn|6
|
|t:|1781324115
|move|p1a: Ceruledge|Shadow Sneak|p2a: Landorus
|-damage|p2a: Landorus|0 fnt
|-damage|p1a: Ceruledge|84/100|[from] item: Rocky Helmet|[of] p2a: Landorus
|faint|p2a: Landorus
|
|-weather|SunnyDay|[upkeep]
|upkeep
|
|t:|1781324118
|switch|p2a: Volcanion|Volcanion|100/100
|-damage|p2a: Volcanion|76/100|[from] Stealth Rock
|turn|7
|
|t:|1781324127
|move|p1a: Ceruledge|Swords Dance|p1a: Ceruledge
|-boost|p1a: Ceruledge|atk|2
|move|p2a: Volcanion|Steam Eruption|p1a: Ceruledge
|-supereffective|p1a: Ceruledge
|-damage|p1a: Ceruledge|17/100
|
|-weather|SunnyDay|[upkeep]
|upkeep
|turn|8
|
|t:|1781324137
|move|p1a: Ceruledge|Poltergeist|p2a: Volcanion
|-activate|p2a: Volcanion|move: Poltergeist|Shuca Berry
|-damage|p2a: Volcanion|0 fnt
|faint|p2a: Volcanion
|
|-weather|none
|upkeep
|
|t:|1781324143
|switch|p2a: Walking Wake|Walking Wake|100/100
|-damage|p2a: Walking Wake|88/100|[from] Stealth Rock
|-enditem|p2a: Walking Wake|Booster Energy
|-activate|p2a: Walking Wake|ability: Protosynthesis|[fromitem]
|-start|p2a: Walking Wake|protosynthesisspa
|turn|9
|
|t:|1781324149
|move|p1a: Ceruledge|Shadow Sneak|p2a: Walking Wake
|-damage|p2a: Walking Wake|45/100
|move|p2a: Walking Wake|Dragon Pulse|p1a: Ceruledge
|-damage|p1a: Ceruledge|0 fnt
|faint|p1a: Ceruledge
|
|upkeep
|
|t:|1781324156
|switch|p1a: Turhole|Torkoal, F, shiny|17/100
|-weather|SunnyDay|[from] ability: Drought|[of] p1a: Turhole
|turn|10
|
|t:|1781324159
|move|p2a: Walking Wake|Dragon Pulse|p1a: Turhole
|-damage|p1a: Turhole|0 fnt
|faint|p1a: Turhole
|
|-weather|SunnyDay|[upkeep]
|upkeep
|
|t:|1781324164
|switch|p1a: Raging Bolt|Raging Bolt|100/100
|-activate|p1a: Raging Bolt|ability: Protosynthesis
|-start|p1a: Raging Bolt|protosynthesisspa
|turn|11
|
|t:|1781324169
|move|p1a: Raging Bolt|Thunderclap|p2a: Walking Wake
|-damage|p2a: Walking Wake|0 fnt
|faint|p2a: Walking Wake
|-end|p2a: Walking Wake|Protosynthesis|[silent]
|
|-weather|SunnyDay|[upkeep]
|upkeep
|
|t:|1781324174
|switch|p2a: Rillaboom|Rillaboom, M|100/100
|-damage|p2a: Rillaboom|88/100|[from] Stealth Rock
|-fieldstart|move: Grassy Terrain|[from] ability: Grassy Surge|[of] p2a: Rillaboom
|turn|12
|
|t:|1781324180
|move|p2a: Rillaboom|High Horsepower|p1a: Raging Bolt
|-supereffective|p1a: Raging Bolt
|-damage|p1a: Raging Bolt|30/100
|-damage|p2a: Rillaboom|78/100|[from] item: Life Orb
|move|p1a: Raging Bolt|Calm Mind|p1a: Raging Bolt
|-boost|p1a: Raging Bolt|spa|1
|-boost|p1a: Raging Bolt|spd|1
|
|-weather|SunnyDay|[upkeep]
|-heal|p2a: Rillaboom|85/100|[from] Grassy Terrain
|-heal|p1a: Raging Bolt|36/100|[from] Grassy Terrain
|-heal|p1a: Raging Bolt|42/100|[from] item: Leftovers
|upkeep
|turn|13
|
|t:|1781324191
|-terastallize|p1a: Raging Bolt|Fairy
|move|p2a: Rillaboom|High Horsepower|p1a: Raging Bolt
|-damage|p1a: Raging Bolt|2/100
|-damage|p2a: Rillaboom|75/100|[from] item: Life Orb
|move|p1a: Raging Bolt|Dragon Pulse|p2a: Rillaboom
|-damage|p2a: Rillaboom|0 fnt
|faint|p2a: Rillaboom
|
|-weather|SunnyDay|[upkeep]
|-heal|p1a: Raging Bolt|8/100|[from] Grassy Terrain
|-heal|p1a: Raging Bolt|14/100|[from] item: Leftovers
|upkeep
|
|t:|1781324196
|switch|p2a: Gholdengo|Gholdengo|100/100
|-damage|p2a: Gholdengo|94/100|[from] Stealth Rock
|-enditem|p2a: Gholdengo|Grassy Seed
|-boost|p2a: Gholdengo|def|1|[from] item: Grassy Seed
|turn|14
|
|t:|1781324207
|move|p1a: Raging Bolt|Thunderclap|p2a: Gholdengo
|-damage|p2a: Gholdengo|23/100
|move|p2a: Gholdengo|Make It Rain|p1a: Raging Bolt
|-supereffective|p1a: Raging Bolt
|-damage|p1a: Raging Bolt|0 fnt
|-unboost|p2a: Gholdengo|spa|1
|faint|p1a: Raging Bolt
|-end|p1a: Raging Bolt|Protosynthesis|[silent]
|
|-weather|SunnyDay|[upkeep]
|-heal|p2a: Gholdengo|29/100|[from] Grassy Terrain
|upkeep
|
|t:|1781324216
|switch|p1a: Shoob|Kingambit, M, shiny|100/100
|-activate|p1a: Shoob|ability: Supreme Overlord
|-start|p1a: Shoob|fallen5|[silent]
|turn|15
|
|t:|1781324220
|switch|p2a: Zamazenta|Zamazenta|100/100
|-damage|p2a: Zamazenta|94/100|[from] Stealth Rock
|-ability|p2a: Zamazenta|Dauntless Shield|boost
|-boost|p2a: Zamazenta|def|1
|move|p1a: Shoob|Swords Dance|p1a: Shoob
|-boost|p1a: Shoob|atk|2
|
|-weather|SunnyDay|[upkeep]
|-heal|p2a: Zamazenta|100/100|[from] Grassy Terrain
|upkeep
|turn|16
|
|t:|1781324229
|move|p1a: Shoob|Sucker Punch|p2a: Zamazenta
|-resisted|p2a: Zamazenta
|-damage|p2a: Zamazenta|53/100
|-damage|p1a: Shoob|91/100|[from] item: Life Orb
|move|p2a: Zamazenta|Close Combat|p1a: Shoob
|-supereffective|p1a: Shoob
|-damage|p1a: Shoob|0 fnt
|-unboost|p2a: Zamazenta|def|1
|-unboost|p2a: Zamazenta|spd|1
|faint|p1a: Shoob
|-end|p1a: Shoob|fallen5|[silent]
|-damage|p2a: Zamazenta|43/100|[from] item: Life Orb
|
|win|PlashShlate
|raw|GingaMaster123's rating: 1587 &rarr; <strong>1570</strong><br />(-17 for losing)
|raw|PlashShlate's rating: 1631 &rarr; <strong>1648</strong><br />(+17 for winning)
|l|☆PlashShlate
|player|p2|
|l|☆GingaMaster123
|player|p1|
