|j|☆maddie_from_arcane
|j|☆rblt ryo
|t:|1781593499
|gametype|singles
|player|p1|maddie_from_arcane|battlegirl-gen4|1541
|player|p2|rblt ryo|grimsley-gen7|1736
|gen|9
|tier|[Gen 9] OU
|rated|
|rule|HP Percentage Mod: HP is shown in percentages
|rule|Endless Battle Clause: Forcing endless battles is banned
|rule|Species Clause: Limit one of each Pokémon
|rule|OHKO Clause: OHKO moves are banned
|rule|Evasion Items Clause: Evasion items are banned
|rule|Evasion Moves Clause: Evasion moves are banned
|rule|Evasion Abilities Clause: Evasion abilities are banned
|rule|Sleep Moves Clause: Sleep-inducing moves are banned
|clearpoke
|poke|p1|Crawdaunt, M|
|poke|p1|Gliscor, F|
|poke|p1|Garganacl, F|
|poke|p1|Slither Wing|
|poke|p1|Darkrai|
|poke|p1|Iron Valiant|
|poke|p2|Weavile, M|
|poke|p2|Volcanion|
|poke|p2|Great Tusk|
|poke|p2|Hatterene, F|
|poke|p2|Gholdengo|
|poke|p2|Dragonite, M|
|teampreview
|inactive|Battle timer is ON: inactive players will automatically lose when time's up. (requested by maddie_from_arcane)
|inactive|rblt ryo has 120 seconds left.
|
|t:|1781593588
|teamsize|p1|6
|teamsize|p2|6
|start
|switch|p1a: PICKUPDAPHONE|Crawdaunt, M|100/100
|switch|p2a: Dragonite|Dragonite, M|100/100
|turn|1
|inactive|rblt ryo has 120 seconds left.
|
|t:|1781593642
|switch|p2a: Great Tusk|Great Tusk|100/100
|move|p1a: PICKUPDAPHONE|Knock Off|p2a: Great Tusk
|-resisted|p2a: Great Tusk
|-damage|p2a: Great Tusk|64/100
|-enditem|p2a: Great Tusk|Assault Vest|[from] move: Knock Off|[of] p1a: PICKUPDAPHONE
|
|upkeep
|turn|2
|
|t:|1781593649
|switch|p1a: moth mami|Slither Wing|100/100
|move|p2a: Great Tusk|Close Combat|p1a: moth mami
|-resisted|p1a: moth mami
|-damage|p1a: moth mami|78/100
|-unboost|p2a: Great Tusk|def|1
|-unboost|p2a: Great Tusk|spd|1
|
|upkeep
|turn|3
|
|t:|1781593659
|move|p2a: Great Tusk|Ice Spinner|p1a: moth mami
|-damage|p1a: moth mami|57/100
|move|p1a: moth mami|U-turn|p2a: Great Tusk
|-resisted|p2a: Great Tusk
|-damage|p2a: Great Tusk|45/100
|
|t:|1781593664
|-end|p1a: moth mami|Protosynthesis|[silent]
|switch|p1a: PICKUPDAPHONE|Crawdaunt, M|100/100|[from] U-turn
|
|upkeep
|turn|4
|
|t:|1781593672
|-end|p2a: Great Tusk|Protosynthesis|[silent]
|switch|p2a: Volcanion|Volcanion|100/100
|move|p1a: PICKUPDAPHONE|Aqua Jet|p2a: Volcanion
|-immune|p2a: Volcanion|[from] ability: Water Absorb
|
|upkeep
|turn|5
|inactive|rblt ryo has 120 seconds left.
|
|t:|1781593698
|switch|p1a: moth mami|Slither Wing|57/100
|move|p2a: Volcanion|Steam Eruption|p1a: moth mami
|-damage|p1a: moth mami|8/100
|
|upkeep
|turn|6
|inactive|rblt ryo has 120 seconds left.
|
|t:|1781593709
|move|p1a: moth mami|First Impression|p2a: Volcanion
|-resisted|p2a: Volcanion
|-damage|p2a: Volcanion|84/100
|move|p2a: Volcanion|Flamethrower|p1a: moth mami
|-supereffective|p1a: moth mami
|-damage|p1a: moth mami|0 fnt
|faint|p1a: moth mami
|-end|p1a: moth mami|Protosynthesis|[silent]
|
|upkeep
|
|t:|1781593712
|switch|p1a: PICKUPDAPHONE|Crawdaunt, M|100/100
|turn|7
|
|t:|1781593717
|switch|p2a: Great Tusk|Great Tusk|45/100
|move|p1a: PICKUPDAPHONE|Knock Off|p2a: Great Tusk
|-resisted|p2a: Great Tusk
|-damage|p2a: Great Tusk|18/100
|
|upkeep
|turn|8
|
|t:|1781593722
|switch|p1a: knocked by james|Gliscor, F|100/100
|move|p2a: Great Tusk|Ice Spinner|p1a: knocked by james
|-supereffective|p1a: knocked by james
|-damage|p1a: knocked by james|19/100
|
|-status|p1a: knocked by james|tox|[from] item: Toxic Orb
|upkeep
|turn|9
|
|t:|1781593731
|move|p1a: knocked by james|Protect|p1a: knocked by james
|-singleturn|p1a: knocked by james|Protect
|move|p2a: Great Tusk|Ice Spinner|p1a: knocked by james
|-activate|p1a: knocked by james|move: Protect
|
|-heal|p1a: knocked by james|31/100 tox|[from] ability: Poison Heal
|upkeep
|turn|10
|
|t:|1781593736
|move|p2a: Great Tusk|Close Combat|p1a: knocked by james
|-resisted|p1a: knocked by james
|-damage|p1a: knocked by james|10/100 tox
|-unboost|p2a: Great Tusk|def|1
|-unboost|p2a: Great Tusk|spd|1
|move|p1a: knocked by james|Stealth Rock|p2a: Great Tusk
|-sidestart|p2: rblt ryo|move: Stealth Rock
|
|-heal|p1a: knocked by james|23/100 tox|[from] ability: Poison Heal
|upkeep
|turn|11
|
|t:|1781593744
|move|p1a: knocked by james|Protect|p1a: knocked by james
|-singleturn|p1a: knocked by james|Protect
|move|p2a: Great Tusk|Ice Spinner|p1a: knocked by james
|-activate|p1a: knocked by james|move: Protect
|
|-heal|p1a: knocked by james|35/100 tox|[from] ability: Poison Heal
|upkeep
|turn|12
|
|t:|1781593750
|move|p2a: Great Tusk|Rapid Spin|p1a: knocked by james
|-damage|p1a: knocked by james|22/100 tox
|-boost|p2a: Great Tusk|spe|1
|-sideend|p2: rblt ryo|Stealth Rock|[from] move: Rapid Spin|[of] p2a: Great Tusk
|move|p1a: knocked by james|Earthquake|p2a: Great Tusk
|-damage|p2a: Great Tusk|0 fnt
|faint|p2a: Great Tusk
|-end|p2a: Great Tusk|Protosynthesis|[silent]
|
|-heal|p1a: knocked by james|35/100 tox|[from] ability: Poison Heal
|upkeep
|
|t:|1781593758
|switch|p2a: Weavile|Weavile, M|100/100
|turn|13
|
|t:|1781593764
|move|p2a: Weavile|Triple Axel|p1a: knocked by james
|-supereffective|p1a: knocked by james
|-damage|p1a: knocked by james|0 fnt
|faint|p1a: knocked by james
|-hitcount|p1: knocked by james|1
|
|upkeep
|
|t:|1781593769
|switch|p1a: PICKUPDAPHONE|Crawdaunt, M|100/100
|turn|14
|
|t:|1781593794
|switch|p2a: Volcanion|Volcanion|84/100
|move|p1a: PICKUPDAPHONE|Knock Off|p2a: Volcanion
|-damage|p2a: Volcanion|0 fnt
|-enditem|p2a: Volcanion|Shuca Berry|[from] move: Knock Off|[of] p1a: PICKUPDAPHONE
|faint|p2a: Volcanion
|
|upkeep
|inactive|rblt ryo has 120 seconds left.
|
|t:|1781593810
|switch|p2a: Hatterene|Hatterene, F|100/100
|turn|15
|
|t:|1781593813
|move|p1a: PICKUPDAPHONE|Knock Off|p2a: Hatterene
|-damage|p2a: Hatterene|9/100
|-damage|p1a: PICKUPDAPHONE|84/100|[from] item: Rocky Helmet|[of] p2a: Hatterene
|-enditem|p2a: Hatterene|Rocky Helmet|[from] move: Knock Off|[of] p1a: PICKUPDAPHONE
|move|p2a: Hatterene|Draining Kiss|p1a: PICKUPDAPHONE
|-supereffective|p1a: PICKUPDAPHONE
|-damage|p1a: PICKUPDAPHONE|0 fnt
|-heal|p2a: Hatterene|62/100|[from] drain|[of] p1a: PICKUPDAPHONE
|faint|p1a: PICKUPDAPHONE
|
|upkeep
|
|t:|1781593817
|switch|p1a: krampus|Darkrai|100/100
|turn|16
|
|t:|1781593828
|move|p1a: krampus|Sludge Bomb|p2a: Hatterene
|-supereffective|p2a: Hatterene
|-damage|p2a: Hatterene|0 fnt
|faint|p2a: Hatterene
|
|upkeep
|
|t:|1781593847
|switch|p2a: Gholdengo|Gholdengo|100/100
|turn|17
|inactive|rblt ryo has 120 seconds left.
|
|t:|1781593886
|move|p2a: Gholdengo|Focus Blast|p1a: krampus
|-supereffective|p1a: krampus
|-damage|p1a: krampus|0 fnt
|faint|p1a: krampus
|
|upkeep
|
|t:|1781593896
|switch|p1a: setup sleeper|Garganacl, F|100/100
|turn|18
|inactive|rblt ryo has 120 seconds left.
|
|t:|1781593905
|switch|p2a: Weavile|Weavile, M|100/100
|-terastallize|p1a: setup sleeper|Water
|move|p1a: setup sleeper|Curse|p1a: setup sleeper
|-unboost|p1a: setup sleeper|spe|1
|-boost|p1a: setup sleeper|atk|1
|-boost|p1a: setup sleeper|def|1
|
|upkeep
|turn|19
|inactive|rblt ryo has 120 seconds left.
|
|t:|1781593916
|switch|p2a: Gholdengo|Gholdengo|100/100
|move|p1a: setup sleeper|Salt Cure|p2a: Gholdengo
|-resisted|p2a: Gholdengo
|-damage|p2a: Gholdengo|90/100
|-start|p2a: Gholdengo|Salt Cure
|
|-damage|p2a: Gholdengo|65/100|[from] Salt Cure
|upkeep
|turn|20
|
|t:|1781593922
|move|p2a: Gholdengo|Trick|p1a: setup sleeper
|-activate|p2a: Gholdengo|move: Trick|[of] p1a: setup sleeper
|-item|p1a: setup sleeper|Choice Scarf|[from] move: Trick
|-item|p2a: Gholdengo|Leftovers|[from] move: Trick
|move|p1a: setup sleeper|Earthquake|p2a: Gholdengo
|-supereffective|p2a: Gholdengo
|-damage|p2a: Gholdengo|0 fnt
|faint|p2a: Gholdengo
|
|upkeep
|
|t:|1781593927
|switch|p2a: Dragonite|Dragonite, M|100/100
|turn|21
|
|t:|1781593940
|switch|p1a: forever a png|Iron Valiant|100/100
|-terastallize|p2a: Dragonite|Ground
|move|p2a: Dragonite|Earthquake|p1a: forever a png
|-damage|p1a: forever a png|29/100
|
|upkeep
|turn|22
|inactive|rblt ryo has 120 seconds left.
|
|t:|1781593966
|move|p1a: forever a png|Close Combat|p2a: Dragonite
|-damage|p2a: Dragonite|67/100
|-unboost|p1a: forever a png|def|1
|-unboost|p1a: forever a png|spd|1
|move|p2a: Dragonite|Encore|p1a: forever a png
|-start|p1a: forever a png|Encore
|
|-heal|p2a: Dragonite|73/100|[from] item: Leftovers
|upkeep
|turn|23
|inactive|rblt ryo has 120 seconds left.
|
|t:|1781593988
|move|p1a: forever a png|Close Combat|p2a: Dragonite
|-damage|p2a: Dragonite|10/100
|-unboost|p1a: forever a png|def|1
|-unboost|p1a: forever a png|spd|1
|move|p2a: Dragonite|Dragon Dance|p2a: Dragonite
|-boost|p2a: Dragonite|atk|1
|-boost|p2a: Dragonite|spe|1
|
|-heal|p2a: Dragonite|16/100|[from] item: Leftovers
|upkeep
|turn|24
|
|t:|1781593992
|move|p2a: Dragonite|Earthquake|p1a: forever a png
|-damage|p1a: forever a png|0 fnt
|faint|p1a: forever a png
|-end|p1a: forever a png|Quark Drive|[silent]
|
|-heal|p2a: Dragonite|22/100|[from] item: Leftovers
|upkeep
|
|t:|1781593994
|switch|p1a: setup sleeper|Garganacl, F, tera:Water|100/100
|turn|25
|
|t:|1781594001
|move|p2a: Dragonite|Earthquake|p1a: setup sleeper
|-damage|p1a: setup sleeper|48/100
|move|p1a: setup sleeper|Salt Cure|p2a: Dragonite
|-resisted|p2a: Dragonite
|-damage|p2a: Dragonite|15/100
|-start|p2a: Dragonite|Salt Cure
|
|-heal|p2a: Dragonite|22/100|[from] item: Leftovers
|-damage|p2a: Dragonite|9/100|[from] Salt Cure
|upkeep
|turn|26
|
|t:|1781594007
|move|p2a: Dragonite|Earthquake|p1a: setup sleeper
|-damage|p1a: setup sleeper|0 fnt
|faint|p1a: setup sleeper
|
|win|rblt ryo
|raw|maddie_from_arcane's rating: 1541 &rarr; <strong>1531</strong><br />(-10 for losing)
|raw|rblt ryo's rating: 1736 &rarr; <strong>1746</strong><br />(+10 for winning)
|c|☆maddie_from_arcane|gs
|l|☆maddie_from_arcane
|player|p1|
