|j|☆Klopple
|j|☆SquilliamTg
|t:|1780970549
|gametype|singles
|player|p1|Klopple|sailor|1575
|player|p2|SquilliamTg|169|1668
|gen|9
|tier|[Gen 9] OU
|rated|
|rule|HP Percentage Mod: HP is shown in percentages
|rule|Endless Battle Clause: Forcing endless battles is banned
|rule|Species Clause: Limit one of each Pokémon
|rule|OHKO Clause: OHKO moves are banned
|rule|Evasion Items Clause: Evasion items are banned
|rule|Evasion Moves Clause: Evasion moves are banned
|rule|Evasion Abilities Clause: Evasion abilities are banned
|rule|Sleep Moves Clause: Sleep-inducing moves are banned
|clearpoke
|poke|p1|Arboliva, F|
|poke|p1|Gliscor, M|
|poke|p1|Iron Crown|
|poke|p1|Zamazenta-*|
|poke|p1|Hatterene, F|
|poke|p1|Dragonite, F|
|poke|p2|Suicune|
|poke|p2|Kyurem|
|poke|p2|Corviknight, M|
|poke|p2|Blissey, F|
|poke|p2|Dondozo, M|
|poke|p2|Gliscor, F|
|teampreview
|
|t:|1780970562
|teamsize|p1|6
|teamsize|p2|6
|start
|switch|p1a: Gliscor|Gliscor, M|100/100
|switch|p2a: Gliscor|Gliscor, F|100/100
|turn|1
|
|t:|1780970574
|move|p1a: Gliscor|Protect|p1a: Gliscor
|-singleturn|p1a: Gliscor|Protect
|move|p2a: Gliscor|Protect||[still]
|-fail|p2a: Gliscor
|
|-status|p1a: Gliscor|tox|[from] item: Toxic Orb
|-status|p2a: Gliscor|tox|[from] item: Toxic Orb
|upkeep
|turn|2
|
|t:|1780970587
|switch|p1a: Hatterene|Hatterene, F|100/100
|move|p2a: Gliscor|Knock Off|p1a: Hatterene
|-damage|p1a: Hatterene|81/100
|-damage|p2a: Gliscor|84/100 tox|[from] item: Rocky Helmet|[of] p1a: Hatterene
|-enditem|p1a: Hatterene|Rocky Helmet|[from] move: Knock Off|[of] p2a: Gliscor
|
|-heal|p2a: Gliscor|97/100 tox|[from] ability: Poison Heal
|upkeep
|turn|3
|
|t:|1780970600
|move|p2a: Gliscor|Protect|p2a: Gliscor
|-singleturn|p2a: Gliscor|Protect
|move|p1a: Hatterene|Psychic Noise|p2a: Gliscor
|-activate|p2a: Gliscor|move: Protect
|
|-heal|p2a: Gliscor|100/100 tox|[from] ability: Poison Heal
|upkeep
|turn|4
|
|t:|1780970610
|switch|p2a: Blissey|Blissey, F|100/100
|move|p1a: Hatterene|Psychic Noise|p2a: Blissey
|-damage|p2a: Blissey|92/100
|-start|p2a: Blissey|move: Heal Block
|
|upkeep
|turn|5
|
|t:|1780970619
|move|p2a: Blissey|Seismic Toss|p1a: Hatterene
|-damage|p1a: Hatterene|50/100
|move|p1a: Hatterene|Pain Split|p2a: Blissey
|-sethp|p2a: Blissey|57/100|[from] move: Pain Split|[silent]
|-sethp|p1a: Hatterene|100/100|[from] move: Pain Split
|
|-end|p2a: Blissey|move: Heal Block
|upkeep
|turn|6
|
|t:|1780970630
|move|p2a: Blissey|Soft-Boiled|p2a: Blissey
|-heal|p2a: Blissey|100/100
|move|p1a: Hatterene|Psychic Noise|p2a: Blissey
|-damage|p2a: Blissey|90/100
|-start|p2a: Blissey|move: Heal Block
|
|upkeep
|turn|7
|
|t:|1780970638
|switch|p2a: Gliscor|Gliscor, F|100/100 tox
|move|p1a: Hatterene|Nuzzle|p2a: Gliscor
|-immune|p2a: Gliscor
|
|upkeep
|turn|8
|
|t:|1780970646
|move|p2a: Gliscor|Protect|p2a: Gliscor
|-singleturn|p2a: Gliscor|Protect
|move|p1a: Hatterene|Pain Split|p2a: Gliscor
|-activate|p2a: Gliscor|move: Protect
|
|upkeep
|turn|9
|
|t:|1780970653
|move|p2a: Gliscor|Knock Off|p1a: Hatterene
|-damage|p1a: Hatterene|89/100
|move|p1a: Hatterene|Psychic Noise|p2a: Gliscor
|-damage|p2a: Gliscor|58/100 tox
|-start|p2a: Gliscor|move: Heal Block
|
|upkeep
|turn|10
|
|t:|1780970661
|move|p2a: Gliscor|Protect|p2a: Gliscor
|-singleturn|p2a: Gliscor|Protect
|move|p1a: Hatterene|Nuzzle|p2a: Gliscor
|-activate|p2a: Gliscor|move: Protect
|
|-end|p2a: Gliscor|move: Heal Block
|upkeep
|turn|11
|
|t:|1780970671
|switch|p2a: Suicune|Suicune|100/100
|-ability|p2a: Suicune|Pressure
|move|p1a: Hatterene|Psychic Noise|p2a: Suicune
|-damage|p2a: Suicune|76/100
|-start|p2a: Suicune|move: Heal Block
|
|upkeep
|turn|12
|
|t:|1780970681
|move|p2a: Suicune|Protect|p2a: Suicune
|-singleturn|p2a: Suicune|Protect
|move|p1a: Hatterene|Nuzzle|p2a: Suicune
|-activate|p2a: Suicune|move: Protect
|
|-end|p2a: Suicune|move: Heal Block
|upkeep
|turn|13
|
|t:|1780970689
|move|p2a: Suicune|Substitute|p2a: Suicune
|-start|p2a: Suicune|Substitute
|-damage|p2a: Suicune|51/100
|move|p1a: Hatterene|Nuzzle|p2a: Suicune
|-supereffective|p2a: Suicune
|-activate|p2a: Suicune|move: Substitute|[damage]
|
|-heal|p2a: Suicune|58/100|[from] item: Leftovers
|upkeep
|turn|14
|
|t:|1780970698
|switch|p1a: Arboliva|Arboliva, F|100/100
|move|p2a: Suicune|Protect||[still]
|-fail|p2a: Suicune
|
|-heal|p2a: Suicune|64/100|[from] item: Leftovers
|upkeep
|turn|15
|
|t:|1780970707
|move|p2a: Suicune|Protect|p2a: Suicune
|-singleturn|p2a: Suicune|Protect
|move|p1a: Arboliva|Energy Ball|p2a: Suicune
|-activate|p2a: Suicune|move: Protect
|
|-heal|p2a: Suicune|70/100|[from] item: Leftovers
|upkeep
|turn|16
|
|t:|1780970717
|move|p2a: Suicune|Calm Mind|p2a: Suicune
|-boost|p2a: Suicune|spa|1
|-boost|p2a: Suicune|spd|1
|move|p1a: Arboliva|Energy Ball|p2a: Suicune
|-supereffective|p2a: Suicune
|-end|p2a: Suicune|Substitute
|
|-heal|p2a: Suicune|76/100|[from] item: Leftovers
|upkeep
|turn|17
|
|t:|1780970727
|move|p2a: Suicune|Protect|p2a: Suicune
|-singleturn|p2a: Suicune|Protect
|move|p1a: Arboliva|Energy Ball|p2a: Suicune
|-activate|p2a: Suicune|move: Protect
|
|-heal|p2a: Suicune|82/100|[from] item: Leftovers
|upkeep
|turn|18
|
|t:|1780970737
|move|p2a: Suicune|Substitute|p2a: Suicune
|-start|p2a: Suicune|Substitute
|-damage|p2a: Suicune|57/100
|move|p1a: Arboliva|Energy Ball|p2a: Suicune
|-supereffective|p2a: Suicune
|-end|p2a: Suicune|Substitute
|
|-heal|p2a: Suicune|64/100|[from] item: Leftovers
|upkeep
|turn|19
|
|t:|1780970747
|move|p2a: Suicune|Protect|p2a: Suicune
|-singleturn|p2a: Suicune|Protect
|move|p1a: Arboliva|Alluring Voice|p2a: Suicune
|-activate|p2a: Suicune|move: Protect
|
|-heal|p2a: Suicune|70/100|[from] item: Leftovers
|upkeep
|turn|20
|
|t:|1780970756
|switch|p1a: Iron Crown|Iron Crown|100/100
|move|p2a: Suicune|Calm Mind|p2a: Suicune
|-boost|p2a: Suicune|spa|1
|-boost|p2a: Suicune|spd|1
|
|-heal|p2a: Suicune|76/100|[from] item: Leftovers
|upkeep
|turn|21
|
|t:|1780970765
|move|p2a: Suicune|Protect|p2a: Suicune
|-singleturn|p2a: Suicune|Protect
|move|p1a: Iron Crown|Psychic Noise|p2a: Suicune
|-activate|p2a: Suicune|move: Protect
|
|-heal|p2a: Suicune|82/100|[from] item: Leftovers
|upkeep
|turn|22
|
|t:|1780970774
|move|p1a: Iron Crown|Psychic Noise|p2a: Suicune
|-damage|p2a: Suicune|67/100
|-start|p2a: Suicune|move: Heal Block
|move|p2a: Suicune|Scald|p1a: Iron Crown
|-damage|p1a: Iron Crown|66/100
|
|upkeep
|turn|23
|
|t:|1780970783
|move|p2a: Suicune|Protect|p2a: Suicune
|-singleturn|p2a: Suicune|Protect
|move|p1a: Iron Crown|Future Sight|p2a: Suicune
|-start|p1a: Iron Crown|move: Future Sight
|
|-end|p2a: Suicune|move: Heal Block
|upkeep
|turn|24
|
|t:|1780970790
|move|p1a: Iron Crown|Psychic Noise|p2a: Suicune
|-damage|p2a: Suicune|53/100
|-start|p2a: Suicune|move: Heal Block
|move|p2a: Suicune|Scald|p1a: Iron Crown
|-damage|p1a: Iron Crown|33/100
|
|upkeep
|turn|25
|
|t:|1780970805
|move|p1a: Iron Crown|Volt Switch|p2a: Suicune
|-supereffective|p2a: Suicune
|-damage|p2a: Suicune|35/100
|
|t:|1780970812
|-end|p1a: Iron Crown|Quark Drive|[silent]
|switch|p1a: Arboliva|Arboliva, F|100/100|[from] Volt Switch
|move|p2a: Suicune|Scald|p1a: Arboliva
|-resisted|p1a: Arboliva
|-damage|p1a: Arboliva|77/100
|
|-end|p2a: Suicune|move: Future Sight
|-damage|p2a: Suicune|14/100
|-end|p2a: Suicune|move: Heal Block
|upkeep
|turn|26
|
|t:|1780970831
|move|p2a: Suicune|Protect|p2a: Suicune
|-singleturn|p2a: Suicune|Protect
|move|p1a: Arboliva|Energy Ball|p2a: Suicune
|-activate|p2a: Suicune|move: Protect
|
|-heal|p2a: Suicune|20/100|[from] item: Leftovers
|upkeep
|turn|27
|
|t:|1780970840
|switch|p2a: Blissey|Blissey, F|90/100
|move|p1a: Arboliva|Energy Ball|p2a: Blissey
|-damage|p2a: Blissey|76/100
|
|upkeep
|turn|28
|
|t:|1780970849
|switch|p1a: Hatterene|Hatterene, F|89/100
|move|p2a: Blissey|Seismic Toss|p1a: Hatterene
|-damage|p1a: Hatterene|57/100
|
|upkeep
|turn|29
|
|t:|1780970861
|move|p2a: Blissey|Seismic Toss|p1a: Hatterene
|-damage|p1a: Hatterene|26/100
|move|p1a: Hatterene|Pain Split|p2a: Blissey
|-sethp|p2a: Blissey|44/100|[from] move: Pain Split|[silent]
|-sethp|p1a: Hatterene|98/100|[from] move: Pain Split
|
|upkeep
|turn|30
|
|t:|1780970870
|move|p2a: Blissey|Soft-Boiled|p2a: Blissey
|-heal|p2a: Blissey|94/100
|move|p1a: Hatterene|Nuzzle|p2a: Blissey
|-damage|p2a: Blissey|86/100
|-status|p2a: Blissey|par
|
|upkeep
|turn|31
|
|t:|1780970878
|-curestatus|p2a: Blissey|par|[from] ability: Natural Cure|[silent]
|switch|p2a: Corviknight|Corviknight, M|100/100
|-ability|p2a: Corviknight|Pressure
|move|p1a: Hatterene|Psychic Noise|p2a: Corviknight
|-resisted|p2a: Corviknight
|-damage|p2a: Corviknight|85/100
|-start|p2a: Corviknight|move: Heal Block
|
|upkeep
|turn|32
|
|t:|1780970891
|switch|p2a: Blissey|Blissey, F|86/100
|move|p1a: Hatterene|Nuzzle|p2a: Blissey
|-damage|p2a: Blissey|78/100
|-status|p2a: Blissey|par
|
|upkeep
|turn|33
|
|t:|1780970899
|move|p1a: Hatterene|Pain Split|p2a: Blissey
|-sethp|p2a: Blissey|61/100 par|[from] move: Pain Split|[silent]
|-sethp|p1a: Hatterene|100/100|[from] move: Pain Split
|move|p2a: Blissey|Seismic Toss|p1a: Hatterene
|-damage|p1a: Hatterene|69/100
|
|upkeep
|turn|34
|
|t:|1780970907
|move|p1a: Hatterene|Psychic Noise|p2a: Blissey
|-damage|p2a: Blissey|52/100 par
|-start|p2a: Blissey|move: Heal Block
|cant|p2a: Blissey|par
|
|upkeep
|turn|35
|
|t:|1780970919
|move|p1a: Hatterene|Pain Split|p2a: Blissey
|-sethp|p2a: Blissey|41/100 par|[from] move: Pain Split|[silent]
|-sethp|p1a: Hatterene|92/100|[from] move: Pain Split
|cant|p2a: Blissey|par
|
|-end|p2a: Blissey|move: Heal Block
|upkeep
|turn|36
|
|t:|1780970930
|-curestatus|p2a: Blissey|par|[from] ability: Natural Cure|[silent]
|switch|p2a: Corviknight|Corviknight, M|85/100
|-ability|p2a: Corviknight|Pressure
|move|p1a: Hatterene|Psychic Noise|p2a: Corviknight
|-resisted|p2a: Corviknight
|-damage|p2a: Corviknight|70/100
|-start|p2a: Corviknight|move: Heal Block
|
|upkeep
|turn|37
|
|t:|1780970942
|switch|p2a: Gliscor|Gliscor, F|58/100 tox
|move|p1a: Hatterene|Nuzzle|p2a: Gliscor
|-immune|p2a: Gliscor
|
|-heal|p2a: Gliscor|70/100 tox|[from] ability: Poison Heal
|upkeep
|turn|38
|
|t:|1780970952
|move|p2a: Gliscor|Protect|p2a: Gliscor
|-singleturn|p2a: Gliscor|Protect
|move|p1a: Hatterene|Draining Kiss|p2a: Gliscor
|-activate|p2a: Gliscor|move: Protect
|
|-heal|p2a: Gliscor|83/100 tox|[from] ability: Poison Heal
|upkeep
|turn|39
|
|t:|1780970961
|switch|p2a: Blissey|Blissey, F|41/100
|move|p1a: Hatterene|Psychic Noise|p2a: Blissey
|-damage|p2a: Blissey|32/100
|-start|p2a: Blissey|move: Heal Block
|
|upkeep
|turn|40
|
|t:|1780970970
|switch|p2a: Gliscor|Gliscor, F|83/100 tox
|move|p1a: Hatterene|Nuzzle|p2a: Gliscor
|-immune|p2a: Gliscor
|
|-heal|p2a: Gliscor|95/100 tox|[from] ability: Poison Heal
|upkeep
|turn|41
|
|t:|1780970979
|move|p2a: Gliscor|Knock Off|p1a: Hatterene
|-damage|p1a: Hatterene|81/100
|move|p1a: Hatterene|Nuzzle|p2a: Gliscor
|-immune|p2a: Gliscor
|
|-heal|p2a: Gliscor|100/100 tox|[from] ability: Poison Heal
|upkeep
|turn|42
|
|t:|1780970991
|switch|p1a: Gliscor|Gliscor, M|100/100 tox
|move|p2a: Gliscor|Protect||[still]
|-fail|p2a: Gliscor
|
|upkeep
|turn|43
|
|t:|1780970997
|move|p1a: Gliscor|Stealth Rock|p2a: Gliscor
|-sidestart|p2: SquilliamTg|move: Stealth Rock
|move|p2a: Gliscor|Spikes|p1a: Gliscor
|-sidestart|p1: Klopple|Spikes
|
|upkeep
|turn|44
|
|t:|1780971003
|switch|p1a: Hatterene|Hatterene, F|81/100
|-damage|p1a: Hatterene|68/100|[from] Spikes
|move|p2a: Gliscor|Knock Off|p1a: Hatterene
|-damage|p1a: Hatterene|56/100
|
|upkeep
|turn|45
|
|t:|1780971010
|move|p2a: Gliscor|Protect|p2a: Gliscor
|-singleturn|p2a: Gliscor|Protect
|move|p1a: Hatterene|Draining Kiss|p2a: Gliscor
|-activate|p2a: Gliscor|move: Protect
|
|upkeep
|turn|46
|
|t:|1780971016
|move|p2a: Gliscor|Knock Off|p1a: Hatterene
|-damage|p1a: Hatterene|45/100
|move|p1a: Hatterene|Psychic Noise|p2a: Gliscor
|-damage|p2a: Gliscor|60/100 tox
|-start|p2a: Gliscor|move: Heal Block
|
|upkeep
|turn|47
|
|t:|1780971026
|switch|p2a: Blissey|Blissey, F|32/100
|move|p1a: Hatterene|Draining Kiss|p2a: Blissey
|-damage|p2a: Blissey|26/100
|-heal|p1a: Hatterene|55/100|[from] drain|[of] p2a: Blissey
|
|upkeep
|turn|48
|
|t:|1780971033
|move|p2a: Blissey|Soft-Boiled|p2a: Blissey
|-heal|p2a: Blissey|76/100
|move|p1a: Hatterene|Pain Split|p2a: Blissey
|-sethp|p2a: Blissey|50/100|[from] move: Pain Split|[silent]
|-sethp|p1a: Hatterene|100/100|[from] move: Pain Split
|
|upkeep
|turn|49
|
|t:|1780971044
|move|p2a: Blissey|Soft-Boiled|p2a: Blissey
|-heal|p2a: Blissey|99/100
|move|p1a: Hatterene|Pain Split|p2a: Blissey
|-sethp|p2a: Blissey|73/100|[from] move: Pain Split|[silent]
|-sethp|p1a: Hatterene|100/100|[from] move: Pain Split
|
|upkeep
|turn|50
|
|t:|1780971054
|move|p2a: Blissey|Seismic Toss|p1a: Hatterene
|-damage|p1a: Hatterene|69/100
|move|p1a: Hatterene|Nuzzle|p2a: Blissey
|-damage|p2a: Blissey|65/100
|-status|p2a: Blissey|par
|
|upkeep
|turn|51
|
|t:|1780971063
|-curestatus|p2a: Blissey|par|[from] ability: Natural Cure|[silent]
|switch|p2a: Suicune|Suicune|20/100
|-damage|p2a: Suicune|7/100|[from] Stealth Rock
|-ability|p2a: Suicune|Pressure
|move|p1a: Hatterene|Psychic Noise|p2a: Suicune
|-damage|p2a: Suicune|0 fnt
|faint|p2a: Suicune
|
|upkeep
|
|t:|1780971074
|switch|p2a: Kyurem|Kyurem|100/100
|-damage|p2a: Kyurem|76/100|[from] Stealth Rock
|-ability|p2a: Kyurem|Pressure
|turn|52
|
|t:|1780971086
|move|p2a: Kyurem|Protect|p2a: Kyurem
|-singleturn|p2a: Kyurem|Protect
|move|p1a: Hatterene|Draining Kiss|p2a: Kyurem
|-activate|p2a: Kyurem|move: Protect
|
|-heal|p2a: Kyurem|82/100|[from] item: Leftovers
|upkeep
|turn|53
|
|t:|1780971095
|-terastallize|p2a: Kyurem|Ground
|move|p2a: Kyurem|Earth Power|p1a: Hatterene
|-damage|p1a: Hatterene|29/100
|-unboost|p1a: Hatterene|spd|1
|move|p1a: Hatterene|Draining Kiss|p2a: Kyurem
|-damage|p2a: Kyurem|63/100
|-heal|p1a: Hatterene|49/100|[from] drain|[of] p2a: Kyurem
|
|-heal|p2a: Kyurem|69/100|[from] item: Leftovers
|upkeep
|turn|54
|
|t:|1780971107
|switch|p1a: Arboliva|Arboliva, F|77/100
|-damage|p1a: Arboliva|65/100|[from] Spikes
|move|p2a: Kyurem|Freeze-Dry|p1a: Arboliva
|-supereffective|p1a: Arboliva
|-damage|p1a: Arboliva|14/100
|
|-heal|p2a: Kyurem|76/100|[from] item: Leftovers
|upkeep
|turn|55
|-enditem|p1a: Arboliva|Custap Berry|[eat]
|-activate|p1a: Arboliva|item: Custap Berry|[consumed]
|
|t:|1780971120
|move|p2a: Kyurem|Protect|p2a: Kyurem
|-singleturn|p2a: Kyurem|Protect
|move|p1a: Arboliva|Energy Ball|p2a: Kyurem
|-activate|p2a: Kyurem|move: Protect
|
|-heal|p2a: Kyurem|82/100|[from] item: Leftovers
|upkeep
|turn|56
|
|t:|1780971130
|move|p1a: Arboliva|Endure|p1a: Arboliva
|-singleturn|p1a: Arboliva|move: Endure
|move|p2a: Kyurem|Freeze-Dry|p1a: Arboliva
|-supereffective|p1a: Arboliva
|-activate|p1a: Arboliva|move: Endure
|-damage|p1a: Arboliva|1/100
|-status|p1a: Arboliva|frz
|
|-heal|p2a: Kyurem|88/100|[from] item: Leftovers
|upkeep
|turn|57
|
|t:|1780971141
|-curestatus|p1a: Arboliva|frz|[msg]
|move|p1a: Arboliva|Endure||[still]
|-fail|p1a: Arboliva
|move|p2a: Kyurem|Freeze-Dry|p1a: Arboliva
|-supereffective|p1a: Arboliva
|-damage|p1a: Arboliva|0 fnt
|faint|p1a: Arboliva
|
|-heal|p2a: Kyurem|94/100|[from] item: Leftovers
|upkeep
|inactive|Battle timer is ON: inactive players will automatically lose when time's up. (requested by SquilliamTg)
|
|t:|1780971175
|switch|p1a: Dragonite|Dragonite, F|100/100
|turn|58
|
|t:|1780971179
|move|p2a: Kyurem|Freeze-Dry|p1a: Dragonite
|-supereffective|p1a: Dragonite
|-damage|p1a: Dragonite|47/100
|move|p1a: Dragonite|Dragon Tail|p2a: Kyurem
|-damage|p2a: Kyurem|64/100
|drag|p2a: Gliscor|Gliscor, F|60/100 tox
|-damage|p2a: Gliscor|48/100 tox|[from] Stealth Rock
|
|-heal|p2a: Gliscor|60/100 tox|[from] ability: Poison Heal
|upkeep
|turn|59
|
|t:|1780971191
|switch|p1a: Hatterene|Hatterene, F|49/100
|-damage|p1a: Hatterene|37/100|[from] Spikes
|move|p2a: Gliscor|Toxic|p1a: Hatterene
|move|p1a: Hatterene|Toxic|p2a: Gliscor|[from] ability: Magic Bounce
|-fail|p2a: Gliscor|tox
|
|-heal|p2a: Gliscor|73/100 tox|[from] ability: Poison Heal
|upkeep
|turn|60
|
|t:|1780971206
|move|p2a: Gliscor|Protect|p2a: Gliscor
|-singleturn|p2a: Gliscor|Protect
|move|p1a: Hatterene|Pain Split|p2a: Gliscor
|-activate|p2a: Gliscor|move: Protect
|
|-heal|p2a: Gliscor|85/100 tox|[from] ability: Poison Heal
|upkeep
|turn|61
|
|t:|1780971215
|switch|p2a: Kyurem|Kyurem, tera:Ground|64/100
|-damage|p2a: Kyurem|58/100|[from] Stealth Rock
|-ability|p2a: Kyurem|Pressure
|move|p1a: Hatterene|Pain Split|p2a: Kyurem
|-sethp|p2a: Kyurem|42/100|[from] move: Pain Split|[silent]
|-sethp|p1a: Hatterene|60/100|[from] move: Pain Split
|
|-heal|p2a: Kyurem|48/100|[from] item: Leftovers
|upkeep
|turn|62
|
|t:|1780971235
|move|p2a: Kyurem|Earth Power|p1a: Hatterene
|-damage|p1a: Hatterene|23/100
|move|p1a: Hatterene|Pain Split|p2a: Kyurem
|-sethp|p2a: Kyurem|32/100|[from] move: Pain Split|[silent]
|-sethp|p1a: Hatterene|45/100|[from] move: Pain Split
|
|-heal|p2a: Kyurem|38/100|[from] item: Leftovers
|upkeep
|turn|63
|
|t:|1780971251
|move|p2a: Kyurem|Freeze-Dry|p1a: Hatterene
|-damage|p1a: Hatterene|12/100
|move|p1a: Hatterene|Draining Kiss|p2a: Kyurem
|-damage|p2a: Kyurem|21/100
|-heal|p1a: Hatterene|31/100|[from] drain|[of] p2a: Kyurem
|
|-heal|p2a: Kyurem|27/100|[from] item: Leftovers
|upkeep
|turn|64
|inactive|Klopple has 120 seconds left.
|
|t:|1780971268
|switch|p1a: Zamazenta|Zamazenta|100/100
|-damage|p1a: Zamazenta|88/100|[from] Spikes
|-ability|p1a: Zamazenta|Dauntless Shield|boost
|-boost|p1a: Zamazenta|def|1
|move|p2a: Kyurem|Earth Power|p1a: Zamazenta
|-damage|p1a: Zamazenta|55/100
|
|-heal|p2a: Kyurem|33/100|[from] item: Leftovers
|upkeep
|turn|65
|inactive|Klopple has 120 seconds left.
|
|t:|1780971278
|move|p2a: Kyurem|Protect|p2a: Kyurem
|-singleturn|p2a: Kyurem|Protect
|move|p1a: Zamazenta|Ice Fang|p2a: Kyurem
|-activate|p2a: Kyurem|move: Protect
|
|-heal|p2a: Kyurem|39/100|[from] item: Leftovers
|upkeep
|turn|66
|
|t:|1780971288
|switch|p2a: dozo|Dondozo, M|100/100
|-terastallize|p1a: Zamazenta|Fighting
|move|p1a: Zamazenta|Close Combat|p2a: dozo
|-damage|p2a: dozo|61/100
|-unboost|p1a: Zamazenta|def|1
|-unboost|p1a: Zamazenta|spd|1
|
|upkeep
|turn|67
|
|t:|1780971299
|move|p1a: Zamazenta|Crunch|p2a: dozo
|-damage|p2a: dozo|49/100
|-unboost|p2a: dozo|def|1
|move|p2a: dozo|Rest|p2a: dozo
|-status|p2a: dozo|slp|[from] move: Rest
|-heal|p2a: dozo|100/100 slp|[silent]
|
|upkeep
|turn|68
|
|t:|1780971313
|move|p1a: Zamazenta|Close Combat|p2a: dozo
|-damage|p2a: dozo|42/100 slp
|-unboost|p1a: Zamazenta|def|1
|-unboost|p1a: Zamazenta|spd|1
|cant|p2a: dozo|slp
|move|p2a: dozo|Sleep Talk|p2a: dozo
|move|p2a: dozo|Body Press|p1a: Zamazenta|[from] move: Sleep Talk
|-damage|p1a: Zamazenta|39/100
|
|upkeep
|turn|69
|
|t:|1780971327
|switch|p2a: Gliscor|Gliscor, F|85/100 tox
|-damage|p2a: Gliscor|73/100 tox|[from] Stealth Rock
|move|p1a: Zamazenta|Close Combat|p2a: Gliscor
|-resisted|p2a: Gliscor
|-damage|p2a: Gliscor|46/100 tox
|-unboost|p1a: Zamazenta|def|1
|-unboost|p1a: Zamazenta|spd|1
|
|-heal|p2a: Gliscor|58/100 tox|[from] ability: Poison Heal
|upkeep
|turn|70
|
|t:|1780971339
|move|p2a: Gliscor|Protect|p2a: Gliscor
|-singleturn|p2a: Gliscor|Protect
|move|p1a: Zamazenta|Ice Fang|p2a: Gliscor
|-activate|p2a: Gliscor|move: Protect
|
|-heal|p2a: Gliscor|71/100 tox|[from] ability: Poison Heal
|upkeep
|turn|71
|
|t:|1780971347
|switch|p2a: Corviknight|Corviknight, M|70/100
|-damage|p2a: Corviknight|58/100|[from] Stealth Rock
|-ability|p2a: Corviknight|Pressure
|move|p1a: Zamazenta|Ice Fang|p2a: Corviknight
|-damage|p2a: Corviknight|43/100
|-damage|p1a: Zamazenta|23/100|[from] item: Rocky Helmet|[of] p2a: Corviknight
|
|upkeep
|turn|72
|
|t:|1780971357
|move|p1a: Zamazenta|Close Combat|p2a: Corviknight
|-damage|p2a: Corviknight|0 fnt
|-unboost|p1a: Zamazenta|def|1
|-unboost|p1a: Zamazenta|spd|1
|-damage|p1a: Zamazenta|7/100|[from] item: Rocky Helmet|[of] p2a: Corviknight
|faint|p2a: Corviknight
|
|upkeep
|
|t:|1780971366
|switch|p2a: dozo|Dondozo, M|42/100 slp
|turn|73
|
|t:|1780971370
|move|p1a: Zamazenta|Close Combat|p2a: dozo
|-damage|p2a: dozo|5/100 slp
|-unboost|p1a: Zamazenta|def|1
|-unboost|p1a: Zamazenta|spd|1
|cant|p2a: dozo|slp
|move|p2a: dozo|Sleep Talk|p2a: dozo
|move|p2a: dozo|Body Press|p1a: Zamazenta|[from] move: Sleep Talk
|-damage|p1a: Zamazenta|0 fnt
|faint|p1a: Zamazenta
|
|upkeep
|
|t:|1780971392
|switch|p1a: Iron Crown|Iron Crown|33/100
|-damage|p1a: Iron Crown|20/100|[from] Spikes
|turn|74
|
|t:|1780971401
|switch|p2a: Blissey|Blissey, F|65/100
|move|p1a: Iron Crown|Psychic Noise|p2a: Blissey
|-damage|p2a: Blissey|55/100
|-start|p2a: Blissey|move: Heal Block
|
|upkeep
|turn|75
|
|t:|1780971412
|move|p1a: Iron Crown|Volt Switch|p2a: Blissey
|-damage|p2a: Blissey|48/100
|
|t:|1780971416
|-end|p1a: Iron Crown|Quark Drive|[silent]
|switch|p1a: Dragonite|Dragonite, F|47/100|[from] Volt Switch
|move|p2a: Blissey|Seismic Toss|p1a: Dragonite
|-damage|p1a: Dragonite|21/100
|
|-end|p2a: Blissey|move: Heal Block
|upkeep
|turn|76
|
|t:|1780971430
|move|p1a: Dragonite|Extreme Speed|p2a: Blissey
|-damage|p2a: Blissey|0 fnt
|faint|p2a: Blissey
|
|upkeep
|
|t:|1780971436
|switch|p2a: Kyurem|Kyurem, tera:Ground|39/100
|-damage|p2a: Kyurem|33/100|[from] Stealth Rock
|-ability|p2a: Kyurem|Pressure
|turn|77
|
|t:|1780971443
|move|p2a: Kyurem|Protect|p2a: Kyurem
|-singleturn|p2a: Kyurem|Protect
|move|p1a: Dragonite|Extreme Speed|p2a: Kyurem
|-activate|p2a: Kyurem|move: Protect
|
|-heal|p2a: Kyurem|39/100|[from] item: Leftovers
|upkeep
|turn|78
|
|t:|1780971452
|move|p1a: Dragonite|Extreme Speed|p2a: Kyurem
|-damage|p2a: Kyurem|12/100
|move|p2a: Kyurem|Freeze-Dry|p1a: Dragonite
|-supereffective|p1a: Dragonite
|-damage|p1a: Dragonite|0 fnt
|faint|p1a: Dragonite
|
|-heal|p2a: Kyurem|19/100|[from] item: Leftovers
|upkeep
|
|t:|1780971458
|switch|p1a: Iron Crown|Iron Crown|20/100
|-damage|p1a: Iron Crown|8/100|[from] Spikes
|turn|79
|
|t:|1780971467
|move|p2a: Kyurem|Protect|p2a: Kyurem
|-singleturn|p2a: Kyurem|Protect
|move|p1a: Iron Crown|Tachyon Cutter|p2a: Kyurem
|-activate|p2a: Kyurem|move: Protect
|
|-heal|p2a: Kyurem|25/100|[from] item: Leftovers
|upkeep
|turn|80
|
|t:|1780971480
|switch|p2a: dozo|Dondozo, M|5/100 slp
|move|p1a: Iron Crown|Future Sight|p2a: dozo
|-start|p1a: Iron Crown|move: Future Sight
|
|upkeep
|turn|81
|
|t:|1780971487
|move|p1a: Iron Crown|Tachyon Cutter|p2a: dozo
|-resisted|p2a: dozo
|-damage|p2a: dozo|0 fnt
|faint|p2a: dozo
|-hitcount|p2: dozo|1
|
|upkeep
|
|t:|1780971493
|switch|p2a: Gliscor|Gliscor, F|71/100 tox
|-damage|p2a: Gliscor|58/100 tox|[from] Stealth Rock
|turn|82
|
|t:|1780971502
|move|p1a: Iron Crown|Tachyon Cutter|p2a: Gliscor
|-damage|p2a: Gliscor|27/100 tox
|-crit|p2a: Gliscor
|-damage|p2a: Gliscor|0 fnt
|faint|p2a: Gliscor
|-hitcount|p2: Gliscor|2
|
|-hint|Future Sight did not hit because the target is fainted.
|upkeep
|-message|SquilliamTg forfeited.
|
|win|Klopple
|raw|Klopple's rating: 1575 &rarr; <strong>1600</strong><br />(+25 for winning)
|raw|SquilliamTg's rating: 1668 &rarr; <strong>1643</strong><br />(-25 for losing)
|l|☆SquilliamTg
|player|p2|
|l|☆Klopple
|player|p1|
