|j|☆LowEL0God
|j|☆lolcano46
|t:|1781486092
|gametype|singles
|player|p1|LowEL0God|265|1642
|player|p2|lolcano46|fisherman-gen4|1617
|gen|9
|tier|[Gen 9] OU
|rated|
|rule|HP Percentage Mod: HP is shown in percentages
|rule|Endless Battle Clause: Forcing endless battles is banned
|rule|Species Clause: Limit one of each Pokémon
|rule|OHKO Clause: OHKO moves are banned
|rule|Evasion Items Clause: Evasion items are banned
|rule|Evasion Moves Clause: Evasion moves are banned
|rule|Evasion Abilities Clause: Evasion abilities are banned
|rule|Sleep Moves Clause: Sleep-inducing moves are banned
|clearpoke
|poke|p1|Pelipper, F|
|poke|p1|Raging Bolt|
|poke|p1|Overqwil, F|
|poke|p1|Barraskewda, M|
|poke|p1|Iron Treads|
|poke|p1|Kingambit, F|
|poke|p2|Azelf|
|poke|p2|Ogerpon-Wellspring, F|
|poke|p2|Scizor, M|
|poke|p2|Gengar, M|
|poke|p2|Raging Bolt|
|poke|p2|Cinderace, M|
|teampreview
|inactive|Battle timer is ON: inactive players will automatically lose when time's up. (requested by lolcano46)
|c|☆LowEL0God|hf
|inactive|LowEL0God also wants the timer to be on.
|
|t:|1781486097
|teamsize|p1|6
|teamsize|p2|6
|start
|switch|p1a: Kingambit|Kingambit, F|100/100
|switch|p2a: Azelf|Azelf|100/100
|turn|1
|
|t:|1781486101
|-terastallize|p2a: Azelf|Fairy
|move|p2a: Azelf|Flamethrower|p1a: Kingambit
|-supereffective|p1a: Kingambit
|-damage|p1a: Kingambit|30/100
|move|p1a: Kingambit|Kowtow Cleave|p2a: Azelf
|-resisted|p2a: Azelf
|-damage|p2a: Azelf|60/100
|
|-heal|p1a: Kingambit|37/100|[from] item: Leftovers
|upkeep
|turn|2
|
|t:|1781486104
|move|p1a: Kingambit|Sucker Punch|p2a: Azelf
|-resisted|p2a: Azelf
|-damage|p2a: Azelf|29/100
|move|p2a: Azelf|Flamethrower|p1a: Kingambit
|-supereffective|p1a: Kingambit
|-damage|p1a: Kingambit|0 fnt
|faint|p1a: Kingambit
|-end|p1a: Kingambit|fallenundefined|[silent]
|
|upkeep
|
|t:|1781486105
|switch|p1a: Barraskewda|Barraskewda, M|100/100
|turn|3
|
|t:|1781486108
|switch|p2a: Gengar|Gengar, M|100/100
|move|p1a: Barraskewda|Close Combat|p2a: Gengar
|-immune|p2a: Gengar
|
|upkeep
|turn|4
|
|t:|1781486110
|switch|p1a: Overqwil|Overqwil, F|100/100
|move|p2a: Gengar|Shadow Ball|p1a: Overqwil
|-resisted|p1a: Overqwil
|-damage|p1a: Overqwil|67/100
|
|upkeep
|turn|5
|
|t:|1781486114
|switch|p2a: Cinderace|Cinderace, M|100/100
|move|p1a: Overqwil|Crunch|p2a: Cinderace
|-damage|p2a: Cinderace|26/100
|-unboost|p2a: Cinderace|def|1
|-damage|p1a: Overqwil|57/100|[from] item: Life Orb
|
|upkeep
|turn|6
|
|t:|1781486116
|switch|p1a: Pelipper|Pelipper, F|100/100
|-weather|RainDance|[from] ability: Drizzle|[of] p1a: Pelipper
|move|p2a: Cinderace|Pyro Ball|p1a: Pelipper|[miss]
|-miss|p2a: Cinderace|p1a: Pelipper
|
|-weather|RainDance|[upkeep]
|upkeep
|turn|7
|
|t:|1781486118
|move|p2a: Cinderace|Will-O-Wisp|p1a: Pelipper|[miss]
|-miss|p2a: Cinderace|p1a: Pelipper
|move|p1a: Pelipper|U-turn|p2a: Cinderace
|-resisted|p2a: Cinderace
|-damage|p2a: Cinderace|16/100
|
|t:|1781486119
|switch|p1a: Overqwil|Overqwil, F|57/100|[from] U-turn
|
|-weather|RainDance|[upkeep]
|upkeep
|turn|8
|
|t:|1781486122
|move|p2a: Cinderace|Sucker Punch|p1a: Overqwil
|-start|p2a: Cinderace|typechange|Dark|[from] ability: Libero
|-resisted|p1a: Overqwil
|-damage|p1a: Overqwil|39/100
|move|p1a: Overqwil|Crunch|p2a: Cinderace
|-resisted|p2a: Cinderace
|-damage|p2a: Cinderace|0 fnt
|faint|p2a: Cinderace
|-damage|p1a: Overqwil|30/100|[from] item: Life Orb
|
|-weather|RainDance|[upkeep]
|upkeep
|
|t:|1781486124
|switch|p2a: Scizor|Scizor, M|100/100
|turn|9
|
|t:|1781486127
|-terastallize|p1a: Overqwil|Water
|move|p1a: Overqwil|Liquidation|p2a: Scizor
|-damage|p2a: Scizor|6/100
|-damage|p1a: Overqwil|20/100|[from] item: Life Orb
|move|p2a: Scizor|Knock Off|p1a: Overqwil
|-damage|p1a: Overqwil|0 fnt
|-enditem|p1a: Overqwil|Life Orb|[from] move: Knock Off|[of] p2a: Scizor
|faint|p1a: Overqwil
|
|-weather|RainDance|[upkeep]
|upkeep
|
|t:|1781486131
|switch|p1a: Raging Bolt|Raging Bolt|100/100
|-enditem|p1a: Raging Bolt|Booster Energy
|-activate|p1a: Raging Bolt|ability: Protosynthesis|[fromitem]
|-start|p1a: Raging Bolt|protosynthesisspa
|turn|10
|
|t:|1781486135
|switch|p2a: Raging Bolt|Raging Bolt|100/100
|-enditem|p2a: Raging Bolt|Booster Energy
|-activate|p2a: Raging Bolt|ability: Protosynthesis|[fromitem]
|-start|p2a: Raging Bolt|protosynthesisspa
|move|p1a: Raging Bolt|Thunder|p2a: Raging Bolt
|-resisted|p2a: Raging Bolt
|-damage|p2a: Raging Bolt|81/100
|
|-weather|RainDance|[upkeep]
|upkeep
|turn|11
|
|t:|1781486138
|-end|p1a: Raging Bolt|Protosynthesis|[silent]
|switch|p1a: Iron Treads|Iron Treads|100/100
|-enditem|p1a: Iron Treads|Booster Energy
|-activate|p1a: Iron Treads|ability: Quark Drive|[fromitem]
|-start|p1a: Iron Treads|quarkdrivespe
|move|p2a: Raging Bolt|Dragon Pulse|p1a: Iron Treads
|-resisted|p1a: Iron Treads
|-damage|p1a: Iron Treads|51/100
|
|-weather|RainDance|[upkeep]
|upkeep
|turn|12
|
|t:|1781486140
|-end|p2a: Raging Bolt|Protosynthesis|[silent]
|switch|p2a: Azelf|Azelf, tera:Fairy|29/100
|move|p1a: Iron Treads|Earth Power|p2a: Azelf
|-immune|p2a: Azelf|[from] ability: Levitate
|
|-weather|RainDance|[upkeep]
|upkeep
|turn|13
|
|t:|1781486142
|move|p1a: Iron Treads|Stealth Rock|p2a: Azelf
|-sidestart|p2: lolcano46|move: Stealth Rock
|move|p2a: Azelf|Flamethrower|p1a: Iron Treads
|-supereffective|p1a: Iron Treads
|-damage|p1a: Iron Treads|4/100
|
|-weather|none
|upkeep
|turn|14
|
|t:|1781486144
|move|p1a: Iron Treads|Steel Beam|p2a: Azelf
|-supereffective|p2a: Azelf
|-damage|p2a: Azelf|0 fnt
|-damage|p1a: Iron Treads|0 fnt|[from] steelbeam
|faint|p1a: Iron Treads
|-end|p1a: Iron Treads|Quark Drive|[silent]
|faint|p2a: Azelf
|
|upkeep
|
|t:|1781486148
|switch|p2a: Raging Bolt|Raging Bolt|81/100
|switch|p1a: Raging Bolt|Raging Bolt|100/100
|-damage|p2a: Raging Bolt|68/100|[from] Stealth Rock
|turn|15
|
|t:|1781486150
|move|p2a: Raging Bolt|Dragon Pulse|p1a: Raging Bolt
|-supereffective|p1a: Raging Bolt
|-damage|p1a: Raging Bolt|15/100
|move|p1a: Raging Bolt|Draco Meteor|p2a: Raging Bolt
|-supereffective|p2a: Raging Bolt
|-damage|p2a: Raging Bolt|0 fnt
|-unboost|p1a: Raging Bolt|spa|2
|faint|p2a: Raging Bolt
|-end|p2a: Raging Bolt|Protosynthesis|[silent]
|
|upkeep
|j| samurajen
|
|t:|1781486156
|switch|p2a: Gengar|Gengar, M|100/100
|-damage|p2a: Gengar|88/100|[from] Stealth Rock
|turn|16
|
|t:|1781486159
|move|p1a: Raging Bolt|Thunderclap|p2a: Gengar
|-damage|p2a: Gengar|54/100
|move|p2a: Gengar|Sludge Bomb|p1a: Raging Bolt
|-damage|p1a: Raging Bolt|0 fnt
|faint|p1a: Raging Bolt
|-end|p1a: Raging Bolt|Protosynthesis|[silent]
|
|upkeep
|
|t:|1781486160
|switch|p1a: Barraskewda|Barraskewda, M|100/100
|turn|17
|
|t:|1781486161
|move|p1a: Barraskewda|Aqua Jet|p2a: Gengar
|-damage|p2a: Gengar|0 fnt
|-start|p1a: Barraskewda|Disable|Aqua Jet|[from] ability: Cursed Body|[of] p2a: Gengar
|faint|p2a: Gengar
|
|upkeep
|
|t:|1781486167
|switch|p2a: Ogerpon|Ogerpon-Wellspring, F|100/100
|-damage|p2a: Ogerpon|88/100|[from] Stealth Rock
|turn|18
|
|t:|1781486169
|switch|p1a: Pelipper|Pelipper, F|100/100
|-weather|RainDance|[from] ability: Drizzle|[of] p1a: Pelipper
|move|p2a: Ogerpon|Swords Dance|p2a: Ogerpon
|-boost|p2a: Ogerpon|atk|2
|
|-weather|RainDance|[upkeep]
|upkeep
|turn|19
|
|t:|1781486171
|move|p2a: Ogerpon|Horn Leech|p1a: Pelipper
|-damage|p1a: Pelipper|34/100
|-heal|p2a: Ogerpon|100/100|[from] drain|[of] p1a: Pelipper
|move|p1a: Pelipper|U-turn|p2a: Ogerpon
|-supereffective|p2a: Ogerpon
|-damage|p2a: Ogerpon|73/100
|
|t:|1781486171
|switch|p1a: Barraskewda|Barraskewda, M|100/100|[from] U-turn
|
|-weather|RainDance|[upkeep]
|upkeep
|turn|20
|
|t:|1781486176
|switch|p2a: Scizor|Scizor, M|6/100
|-damage|p2a: Scizor|0 fnt|[from] Stealth Rock
|faint|p2a: Scizor
|move|p1a: Barraskewda|Close Combat|p2: Scizor|[notarget]
|-fail|p1a: Barraskewda
|
|-weather|RainDance|[upkeep]
|upkeep
|
|t:|1781486178
|switch|p2a: Ogerpon|Ogerpon-Wellspring, F|73/100
|-damage|p2a: Ogerpon|61/100|[from] Stealth Rock
|turn|21
|
|t:|1781486179
|move|p1a: Barraskewda|Close Combat|p2a: Ogerpon
|-damage|p2a: Ogerpon|0 fnt
|-unboost|p1a: Barraskewda|def|1
|-unboost|p1a: Barraskewda|spd|1
|faint|p2a: Ogerpon
|
|win|LowEL0God
|raw|LowEL0God's rating: 1642 &rarr; <strong>1661</strong><br />(+19 for winning)
|raw|lolcano46's rating: 1617 &rarr; <strong>1598</strong><br />(-19 for losing)
|l|☆lolcano46
|player|p2|
|c|☆LowEL0God|gg
|l|☆LowEL0God
|player|p1|
