|j|☆lizholmes
|j|☆ja hoi
|t:|1780995147
|gametype|singles
|player|p1|lizholmes|baker|1546
|player|p2|ja hoi|170|1638
|gen|9
|tier|[Gen 9] OU
|rated|
|rule|HP Percentage Mod: HP is shown in percentages
|rule|Endless Battle Clause: Forcing endless battles is banned
|rule|Species Clause: Limit one of each Pokémon
|rule|OHKO Clause: OHKO moves are banned
|rule|Evasion Items Clause: Evasion items are banned
|rule|Evasion Moves Clause: Evasion moves are banned
|rule|Evasion Abilities Clause: Evasion abilities are banned
|rule|Sleep Moves Clause: Sleep-inducing moves are banned
|clearpoke
|poke|p1|Kyurem|
|poke|p1|Corviknight, F|
|poke|p1|Ting-Lu|
|poke|p1|Dondozo, M|
|poke|p1|Slowking-Galar, F|
|poke|p1|Cinderace, M|
|poke|p2|Quaquaval, M|
|poke|p2|Zamazenta-*|
|poke|p2|Dragapult, M|
|poke|p2|Garganacl, F|
|poke|p2|Grimmsnarl, M|
|poke|p2|Iron Moth|
|teampreview
|inactive|Battle timer is ON: inactive players will automatically lose when time's up. (requested by lizholmes)
|inactive|ja hoi has 120 seconds left.
|inactive|ja hoi has 90 seconds left.
|
|t:|1780995209
|teamsize|p1|6
|teamsize|p2|6
|start
|switch|p1a: Slowking|Slowking-Galar, F|100/100
|switch|p2a: Grimmsnarl|Grimmsnarl, M|100/100
|turn|1
|
|t:|1780995223
|move|p2a: Grimmsnarl|Light Screen|p2a: Grimmsnarl
|-sidestart|p2: ja hoi|move: Light Screen
|move|p1a: Slowking|Future Sight|p2a: Grimmsnarl
|-start|p1a: Slowking|move: Future Sight
|
|upkeep
|turn|2
|
|t:|1780995227
|move|p2a: Grimmsnarl|Taunt|p1a: Slowking
|-start|p1a: Slowking|move: Taunt
|move|p1a: Slowking|Sludge Bomb|p2a: Grimmsnarl
|-supereffective|p2a: Grimmsnarl
|-damage|p2a: Grimmsnarl|74/100
|
|upkeep
|turn|3
|j| mawaruru
|
|t:|1780995235
|switch|p1a: Cinderace|Cinderace, M|100/100
|move|p2a: Grimmsnarl|Reflect|p2a: Grimmsnarl
|-sidestart|p2: ja hoi|Reflect
|
|-end|p2a: Grimmsnarl|move: Future Sight
|-immune|p2a: Grimmsnarl
|upkeep
|turn|4
|
|t:|1780995242
|move|p2a: Grimmsnarl|Taunt|p1a: Cinderace
|-start|p1a: Cinderace|move: Taunt
|move|p1a: Cinderace|U-turn|p2a: Grimmsnarl
|-damage|p2a: Grimmsnarl|62/100
|
|t:|1780995246
|switch|p1a: Corviknight|Corviknight, F|100/100|[from] U-turn
|-ability|p1a: Corviknight|Pressure
|
|upkeep
|turn|5
|
|t:|1780995251
|move|p2a: Grimmsnarl|Parting Shot|p1a: Corviknight
|-unboost|p1a: Corviknight|atk|1
|-unboost|p1a: Corviknight|spa|1
|
|t:|1780995262
|switch|p2a: Garganacl|Garganacl, F|100/100|[from] Parting Shot
|move|p1a: Corviknight|U-turn|p2a: Garganacl
|-damage|p2a: Garganacl|98/100
|inactive|lizholmes has 120 seconds left.
|
|t:|1780995305
|switch|p1a: Kyurem|Kyurem|100/100|[from] U-turn
|-ability|p1a: Kyurem|Pressure
|
|-heal|p2a: Garganacl|100/100|[from] item: Leftovers
|upkeep
|turn|6
|
|t:|1780995317
|move|p1a: Kyurem|Substitute|p1a: Kyurem
|-start|p1a: Kyurem|Substitute
|-damage|p1a: Kyurem|75/100
|move|p2a: Garganacl|Salt Cure|p1a: Kyurem
|-supereffective|p1a: Kyurem
|-activate|p1a: Kyurem|move: Substitute|[damage]
|
|-heal|p1a: Kyurem|82/100|[from] item: Leftovers
|upkeep
|turn|7
|
|t:|1780995325
|move|p1a: Kyurem|Earth Power|p2a: Garganacl
|-supereffective|p2a: Garganacl
|-damage|p2a: Garganacl|82/100
|-unboost|p2a: Garganacl|spd|1
|move|p2a: Garganacl|Body Press|p1a: Kyurem
|-supereffective|p1a: Kyurem
|-end|p1a: Kyurem|Substitute
|
|-heal|p1a: Kyurem|88/100|[from] item: Leftovers
|-heal|p2a: Garganacl|88/100|[from] item: Leftovers
|upkeep
|turn|8
|
|t:|1780995336
|move|p1a: Kyurem|Protect|p1a: Kyurem
|-singleturn|p1a: Kyurem|Protect
|move|p2a: Garganacl|Body Press|p1a: Kyurem
|-activate|p1a: Kyurem|move: Protect
|
|-heal|p1a: Kyurem|94/100|[from] item: Leftovers
|-heal|p2a: Garganacl|94/100|[from] item: Leftovers
|-sideend|p2: ja hoi|move: Light Screen
|upkeep
|turn|9
|
|t:|1780995343
|move|p1a: Kyurem|Earth Power|p2a: Garganacl
|-supereffective|p2a: Garganacl
|-damage|p2a: Garganacl|33/100
|move|p2a: Garganacl|Body Press|p1a: Kyurem
|-supereffective|p1a: Kyurem
|-damage|p1a: Kyurem|55/100
|
|-heal|p1a: Kyurem|61/100|[from] item: Leftovers
|-heal|p2a: Garganacl|39/100|[from] item: Leftovers
|upkeep
|turn|10
|
|t:|1780995359
|move|p1a: Kyurem|Earth Power|p2a: Garganacl
|-supereffective|p2a: Garganacl
|-damage|p2a: Garganacl|0 fnt
|faint|p2a: Garganacl
|
|-heal|p1a: Kyurem|67/100|[from] item: Leftovers
|-sideend|p2: ja hoi|Reflect
|upkeep
|
|t:|1780995367
|switch|p2a: Zamazenta|Zamazenta|100/100
|-ability|p2a: Zamazenta|Dauntless Shield|boost
|-boost|p2a: Zamazenta|def|1
|turn|11
|
|t:|1780995380
|switch|p1a: Dondozo|Dondozo, M|100/100
|move|p2a: Zamazenta|Body Press|p1a: Dondozo
|-damage|p1a: Dondozo|86/100
|
|-heal|p1a: Dondozo|92/100|[from] item: Leftovers
|upkeep
|turn|12
|j| ibibi57
|
|t:|1780995393
|switch|p2a: Iron Moth|Iron Moth|100/100
|-enditem|p2a: Iron Moth|Booster Energy
|-activate|p2a: Iron Moth|ability: Quark Drive|[fromitem]
|-start|p2a: Iron Moth|quarkdrivespa
|move|p1a: Dondozo|Waterfall|p2a: Iron Moth
|-supereffective|p2a: Iron Moth
|-damage|p2a: Iron Moth|6/100
|
|-heal|p1a: Dondozo|98/100|[from] item: Leftovers
|upkeep
|turn|13
|
|t:|1780995402
|switch|p1a: Slowking|Slowking-Galar, F|100/100
|move|p2a: Iron Moth|Energy Ball|p1a: Slowking
|-resisted|p1a: Slowking
|-damage|p1a: Slowking|87/100
|
|upkeep
|turn|14
|
|t:|1780995409
|-end|p2a: Iron Moth|Quark Drive|[silent]
|switch|p2a: Dragapult|Dragapult, M|100/100
|move|p1a: Slowking|Sludge Bomb|p2a: Dragapult
|-resisted|p2a: Dragapult
|-damage|p2a: Dragapult|76/100
|
|-heal|p2a: Dragapult|82/100|[from] item: Leftovers
|upkeep
|turn|15
|
|t:|1780995417
|move|p2a: Dragapult|Dragon Dance|p2a: Dragapult
|-boost|p2a: Dragapult|atk|1
|-boost|p2a: Dragapult|spe|1
|-prepare|p1a: Slowking|Chilly Reception|[premajor]
|move|p1a: Slowking|Chilly Reception|p1a: Slowking
|-weather|Snowscape
|
|t:|1780995420
|switch|p1a: Ting-Lu|Ting-Lu|100/100|[from] Chilly Reception
|-ability|p1a: Ting-Lu|Vessel of Ruin
|
|-weather|Snowscape|[upkeep]
|-heal|p2a: Dragapult|88/100|[from] item: Leftovers
|upkeep
|turn|16
|
|t:|1780995428
|move|p2a: Dragapult|Dragon Darts|p1a: Ting-Lu
|-damage|p1a: Ting-Lu|79/100
|-anim|p2a: Dragapult|Dragon Darts|p1a: Ting-Lu
|-damage|p1a: Ting-Lu|58/100
|move|p1a: Ting-Lu|Payback|p2a: Dragapult
|-supereffective|p2a: Dragapult
|-damage|p2a: Dragapult|0 fnt
|faint|p2a: Dragapult
|
|-weather|Snowscape|[upkeep]
|-heal|p1a: Ting-Lu|65/100|[from] item: Leftovers
|upkeep
|
|t:|1780995439
|switch|p2a: Quaquaval|Quaquaval, M|100/100
|turn|17
|
|t:|1780995452
|switch|p1a: Corviknight|Corviknight, F|100/100
|-ability|p1a: Corviknight|Pressure
|move|p2a: Quaquaval|Aqua Step|p1a: Corviknight
|-damage|p1a: Corviknight|73/100
|-boost|p2a: Quaquaval|spe|1
|-damage|p2a: Quaquaval|84/100|[from] item: Rocky Helmet|[of] p1a: Corviknight
|
|-weather|Snowscape|[upkeep]
|upkeep
|turn|18
|l| ibibi57
|
|t:|1780995462
|move|p2a: Quaquaval|Close Combat|p1a: Corviknight
|-damage|p1a: Corviknight|36/100
|-unboost|p2a: Quaquaval|def|1
|-unboost|p2a: Quaquaval|spd|1
|-damage|p2a: Quaquaval|68/100|[from] item: Rocky Helmet|[of] p1a: Corviknight
|move|p1a: Corviknight|Brave Bird|p2a: Quaquaval
|-supereffective|p2a: Quaquaval
|-damage|p2a: Quaquaval|0 fnt
|faint|p2a: Quaquaval
|-damage|p1a: Corviknight|19/100|[from] Recoil
|
|-weather|Snowscape|[upkeep]
|upkeep
|
|t:|1780995474
|switch|p2a: Iron Moth|Iron Moth|6/100
|turn|19
|
|t:|1780995487
|move|p2a: Iron Moth|Fiery Dance|p1a: Corviknight
|-supereffective|p1a: Corviknight
|-damage|p1a: Corviknight|0 fnt
|faint|p1a: Corviknight
|
|-weather|none
|upkeep
|
|t:|1780995492
|switch|p1a: Cinderace|Cinderace, M|100/100
|turn|20
|
|t:|1780995495
|-end|p2a: Iron Moth|Quark Drive|[silent]
|switch|p2a: Grimmsnarl|Grimmsnarl, M|62/100
|move|p1a: Cinderace|U-turn|p2a: Grimmsnarl
|-damage|p2a: Grimmsnarl|41/100
|
|t:|1780995499
|switch|p1a: Slowking|Slowking-Galar, F|100/100|[from] U-turn
|
|upkeep
|turn|21
|
|t:|1780995505
|move|p2a: Grimmsnarl|Light Screen|p2a: Grimmsnarl
|-sidestart|p2: ja hoi|move: Light Screen
|move|p1a: Slowking|Sludge Bomb|p2a: Grimmsnarl
|-supereffective|p2a: Grimmsnarl
|-damage|p2a: Grimmsnarl|18/100
|
|upkeep
|turn|22
|
|t:|1780995510
|move|p2a: Grimmsnarl|Reflect|p2a: Grimmsnarl
|-sidestart|p2: ja hoi|Reflect
|move|p1a: Slowking|Sludge Bomb|p2a: Grimmsnarl
|-supereffective|p2a: Grimmsnarl
|-damage|p2a: Grimmsnarl|0 fnt
|faint|p2a: Grimmsnarl
|
|upkeep
|j| Coolcube_3
|inactive|ja hoi has 120 seconds left.
|
|t:|1780995561
|switch|p2a: Zamazenta|Zamazenta|100/100
|turn|23
|
|t:|1780995578
|move|p2a: Zamazenta|Crunch|p1a: Slowking
|-supereffective|p1a: Slowking
|-damage|p1a: Slowking|54/100
|move|p1a: Slowking|Toxic|p2a: Zamazenta
|-status|p2a: Zamazenta|tox
|
|-damage|p2a: Zamazenta|94/100 tox|[from] psn
|upkeep
|turn|24
|
|t:|1780995591
|switch|p1a: Dondozo|Dondozo, M|98/100
|move|p2a: Zamazenta|Iron Defense|p2a: Zamazenta
|-boost|p2a: Zamazenta|def|2
|
|-heal|p2a: Zamazenta|100/100 tox|[from] item: Leftovers
|-heal|p1a: Dondozo|100/100|[from] item: Leftovers
|-damage|p2a: Zamazenta|88/100 tox|[from] psn
|upkeep
|turn|25
|
|t:|1780995599
|move|p2a: Zamazenta|Crunch|p1a: Dondozo
|-damage|p1a: Dondozo|90/100
|move|p1a: Dondozo|Waterfall|p2a: Zamazenta
|-damage|p2a: Zamazenta|76/100 tox
|
|-heal|p2a: Zamazenta|83/100 tox|[from] item: Leftovers
|-heal|p1a: Dondozo|97/100|[from] item: Leftovers
|-damage|p2a: Zamazenta|64/100 tox|[from] psn
|upkeep
|turn|26
|inactive|ja hoi has 90 seconds left.
|
|t:|1780995625
|move|p2a: Zamazenta|Body Press|p1a: Dondozo
|-damage|p1a: Dondozo|82/100
|move|p1a: Dondozo|Waterfall|p2a: Zamazenta
|-damage|p2a: Zamazenta|53/100 tox
|
|-heal|p2a: Zamazenta|59/100 tox|[from] item: Leftovers
|-heal|p1a: Dondozo|88/100|[from] item: Leftovers
|-damage|p2a: Zamazenta|35/100 tox|[from] psn
|upkeep
|turn|27
|
|t:|1780995634
|move|p2a: Zamazenta|Body Press|p1a: Dondozo
|-damage|p1a: Dondozo|74/100
|move|p1a: Dondozo|Waterfall|p2a: Zamazenta
|-damage|p2a: Zamazenta|25/100 tox
|
|-heal|p2a: Zamazenta|31/100 tox|[from] item: Leftovers
|-heal|p1a: Dondozo|81/100|[from] item: Leftovers
|-damage|p2a: Zamazenta|0 fnt|[from] psn
|faint|p2a: Zamazenta
|upkeep
|inactive|ja hoi has 90 seconds left.
|
|t:|1780995652
|switch|p2a: Iron Moth|Iron Moth|6/100
|turn|28
|l| mawaruru
|
|t:|1780995657
|move|p2a: Iron Moth|Energy Ball|p1a: Dondozo
|-supereffective|p1a: Dondozo
|-damage|p1a: Dondozo|7/100
|move|p1a: Dondozo|Waterfall|p2a: Iron Moth
|-supereffective|p2a: Iron Moth
|-damage|p2a: Iron Moth|0 fnt
|faint|p2a: Iron Moth
|-end|p2a: Iron Moth|Quark Drive|[silent]
|
|win|lizholmes
|raw|lizholmes's rating: 1546 &rarr; <strong>1571</strong><br />(+25 for winning)
|raw|ja hoi's rating: 1638 &rarr; <strong>1613</strong><br />(-25 for losing)
|l|☆ja hoi
|player|p2|
|l|☆lizholmes
|player|p1|
|l| Coolcube_3
