|j|☆Nick Suzuki
|j|☆ethereallovefr
|t:|1781320889
|gametype|singles
|player|p1|Nick Suzuki|skier|1533
|player|p2|ethereallovefr|170|1554
|gen|9
|tier|[Gen 9] OU
|rated|
|rule|HP Percentage Mod: HP is shown in percentages
|rule|Endless Battle Clause: Forcing endless battles is banned
|rule|Species Clause: Limit one of each Pokémon
|rule|OHKO Clause: OHKO moves are banned
|rule|Evasion Items Clause: Evasion items are banned
|rule|Evasion Moves Clause: Evasion moves are banned
|rule|Evasion Abilities Clause: Evasion abilities are banned
|rule|Sleep Moves Clause: Sleep-inducing moves are banned
|clearpoke
|poke|p1|Primarina, M|
|poke|p1|Darkrai|
|poke|p1|Zamazenta-*|
|poke|p1|Iron Treads|
|poke|p1|Dragonite, M|
|poke|p1|Iron Valiant|
|poke|p2|Cresselia, F|
|poke|p2|Porygon2|
|poke|p2|Ursaluna, F|
|poke|p2|Crawdaunt, M|
|poke|p2|Iron Hands|
|poke|p2|Regidrago|
|teampreview
|
|t:|1781320904
|teamsize|p1|6
|teamsize|p2|6
|start
|switch|p1a: Iron Treads|Iron Treads|100/100
|switch|p2a: 🤖|Porygon2|100/100
|-item|p1a: Iron Treads|Air Balloon
|-ability|p2a: 🤖|Download|boost
|-boost|p2a: 🤖|spa|1
|turn|1
|
|t:|1781320908
|move|p1a: Iron Treads|Stealth Rock|p2a: 🤖
|-sidestart|p2: ethereallovefr|move: Stealth Rock
|move|p2a: 🤖|Trick Room|p2a: 🤖
|-fieldstart|move: Trick Room|[of] p2a: 🤖
|
|upkeep
|turn|2
|
|t:|1781320914
|move|p2a: 🤖|Ice Beam|p1a: Iron Treads
|-damage|p1a: Iron Treads|43/100
|-enditem|p1a: Iron Treads|Air Balloon
|move|p1a: Iron Treads|Earthquake|p2a: 🤖
|-damage|p2a: 🤖|76/100
|
|upkeep
|turn|3
|
|t:|1781320920
|move|p2a: 🤖|Ice Beam|p1a: Iron Treads
|-damage|p1a: Iron Treads|0 fnt
|faint|p1a: Iron Treads
|-end|p1a: Iron Treads|Quark Drive|[silent]
|
|upkeep
|
|t:|1781320923
|switch|p1a: Primarina|Primarina, M|100/100
|turn|4
|
|t:|1781320926
|move|p2a: 🤖|Tri Attack|p1a: Primarina
|-damage|p1a: Primarina|72/100
|move|p1a: Primarina|Flip Turn|p2a: 🤖
|-damage|p2a: 🤖|68/100
|
|t:|1781320939
|switch|p1a: Darkrai|Darkrai|100/100|[from] Flip Turn
|
|upkeep
|turn|5
|
|t:|1781320959
|move|p2a: 🤖|Tri Attack|p1a: Darkrai
|-damage|p1a: Darkrai|23/100
|-status|p1a: Darkrai|frz
|cant|p1a: Darkrai|frz
|
|-fieldend|move: Trick Room
|upkeep
|turn|6
|
|t:|1781320966
|cant|p1a: Darkrai|frz
|move|p2a: 🤖|Trick Room|p2a: 🤖
|-fieldstart|move: Trick Room|[of] p2a: 🤖
|
|upkeep
|turn|7
|
|t:|1781320969
|move|p2a: 🤖|Tri Attack|p1a: Darkrai
|-damage|p1a: Darkrai|0 fnt
|faint|p1a: Darkrai
|
|upkeep
|
|t:|1781320972
|switch|p1a: Primarina|Primarina, M|72/100
|turn|8
|
|t:|1781320977
|move|p2a: 🤖|Tri Attack|p1a: Primarina
|-damage|p1a: Primarina|44/100
|-status|p1a: Primarina|frz
|cant|p1a: Primarina|frz
|
|upkeep
|turn|9
|c|☆ethereallovefr|Sorry
|
|t:|1781320987
|move|p2a: 🤖|Tri Attack|p1a: Primarina
|-damage|p1a: Primarina|15/100 frz
|cant|p1a: Primarina|frz
|
|upkeep
|turn|10
|
|t:|1781320990
|move|p2a: 🤖|Tri Attack|p1a: Primarina
|-damage|p1a: Primarina|0 fnt
|faint|p1a: Primarina
|
|-fieldend|move: Trick Room
|upkeep
|
|t:|1781321011
|switch|p1a: Iron Valiant|Iron Valiant|100/100
|turn|11
|
|t:|1781321014
|move|p1a: Iron Valiant|Moonblast|p2a: 🤖
|-damage|p2a: 🤖|19/100
|move|p2a: 🤖|Trick Room|p2a: 🤖
|-fieldstart|move: Trick Room|[of] p2a: 🤖
|
|upkeep
|turn|12
|
|t:|1781321021
|move|p2a: 🤖|Tri Attack|p1a: Iron Valiant
|-damage|p1a: Iron Valiant|8/100
|move|p1a: Iron Valiant|Moonblast|p2a: 🤖
|-damage|p2a: 🤖|0 fnt
|faint|p2a: 🤖
|
|upkeep
|
|t:|1781321035
|switch|p2a: 🦀|Crawdaunt, M, shiny|100/100
|-damage|p2a: 🦀|88/100|[from] Stealth Rock
|turn|13
|
|t:|1781321080
|-end|p1a: Iron Valiant|Quark Drive|[silent]
|switch|p1a: Zamazenta|Zamazenta|100/100
|-ability|p1a: Zamazenta|Dauntless Shield|boost
|-boost|p1a: Zamazenta|def|1
|move|p2a: 🦀|Knock Off|p1a: Zamazenta
|-resisted|p1a: Zamazenta
|-damage|p1a: Zamazenta|76/100
|-enditem|p1a: Zamazenta|Leftovers|[from] move: Knock Off|[of] p2a: 🦀
|-damage|p2a: 🦀|78/100|[from] item: Life Orb
|
|upkeep
|turn|14
|
|t:|1781321085
|move|p2a: 🦀|Crabhammer|p1a: Zamazenta
|-damage|p1a: Zamazenta|28/100
|-damage|p2a: 🦀|68/100|[from] item: Life Orb
|move|p1a: Zamazenta|Body Press|p2a: 🦀
|-supereffective|p2a: 🦀
|-damage|p2a: 🦀|0 fnt
|faint|p2a: 🦀
|
|upkeep
|
|t:|1781321090
|switch|p2a: ✋👄✋|Iron Hands|100/100
|-damage|p2a: ✋👄✋|94/100|[from] Stealth Rock
|-enditem|p2a: ✋👄✋|Booster Energy
|-activate|p2a: ✋👄✋|ability: Quark Drive|[fromitem]
|-start|p2a: ✋👄✋|quarkdriveatk
|turn|15
|
|t:|1781321097
|move|p2a: ✋👄✋|Wild Charge|p1a: Zamazenta
|-damage|p1a: Zamazenta|0 fnt
|faint|p1a: Zamazenta
|-damage|p2a: ✋👄✋|89/100|[from] Recoil
|
|-fieldend|move: Trick Room
|upkeep
|
|t:|1781321100
|switch|p1a: Iron Valiant|Iron Valiant|8/100
|turn|16
|
|t:|1781321115
|-terastallize|p2a: ✋👄✋|Flying
|move|p1a: Iron Valiant|Moonblast|p2a: ✋👄✋
|-crit|p2a: ✋👄✋
|-damage|p2a: ✋👄✋|1/100
|move|p2a: ✋👄✋|Ice Punch|p1a: Iron Valiant
|-damage|p1a: Iron Valiant|0 fnt
|faint|p1a: Iron Valiant
|-end|p1a: Iron Valiant|Quark Drive|[silent]
|
|upkeep
|
|t:|1781321121
|switch|p1a: Dragonite|Dragonite, M|100/100
|turn|17
|
|t:|1781321130
|-terastallize|p1a: Dragonite|Normal
|move|p1a: Dragonite|Dragon Dance|p1a: Dragonite
|-boost|p1a: Dragonite|atk|1
|-boost|p1a: Dragonite|spe|1
|move|p2a: ✋👄✋|Ice Punch|p1a: Dragonite
|-damage|p1a: Dragonite|79/100
|
|upkeep
|turn|18
|
|t:|1781321135
|move|p1a: Dragonite|Extreme Speed|p2a: ✋👄✋
|-damage|p2a: ✋👄✋|0 fnt
|faint|p2a: ✋👄✋
|-end|p2a: ✋👄✋|Quark Drive|[silent]
|
|upkeep
|
|t:|1781321137
|switch|p2a: 🌟|Cresselia, F, shiny|100/100
|-damage|p2a: 🌟|88/100|[from] Stealth Rock
|turn|19
|
|t:|1781321140
|move|p1a: Dragonite|Dragon Dance|p1a: Dragonite
|-boost|p1a: Dragonite|atk|1
|-boost|p1a: Dragonite|spe|1
|move|p2a: 🌟|Trick Room|p2a: 🌟
|-fieldstart|move: Trick Room|[of] p2a: 🌟
|
|upkeep
|turn|20
|
|t:|1781321145
|move|p2a: 🌟|Lunar Dance|p2a: 🌟
|faint|p2a: 🌟
|move|p1a: Dragonite|Dragon Dance|p1a: Dragonite
|-boost|p1a: Dragonite|atk|1
|-boost|p1a: Dragonite|spe|1
|
|upkeep
|
|t:|1781321162
|switch|p2a: 🐉|Regidrago, shiny|100/100
|-damage|p2a: 🐉|88/100|[from] Stealth Rock
|turn|21
|
|t:|1781321165
|move|p1a: Dragonite|Extreme Speed|p2a: 🐉
|-damage|p2a: 🐉|0 fnt
|faint|p2a: 🐉
|
|upkeep
|
|t:|1781321168
|switch|p2a: 🐾|Ursaluna, F, shiny|100/100
|-damage|p2a: 🐾|94/100|[from] Stealth Rock
|turn|22
|
|t:|1781321170
|move|p1a: Dragonite|Extreme Speed|p2a: 🐾
|-damage|p2a: 🐾|19/100
|move|p2a: 🐾|Drain Punch|p1a: Dragonite
|-supereffective|p1a: Dragonite
|-damage|p1a: Dragonite|9/100
|-heal|p2a: 🐾|43/100|[from] drain|[of] p1a: Dragonite
|
|-status|p2a: 🐾|brn|[from] item: Flame Orb
|upkeep
|turn|23
|
|t:|1781321178
|move|p1a: Dragonite|Extreme Speed|p2a: 🐾
|-damage|p2a: 🐾|0 fnt
|faint|p2a: 🐾
|
|win|Nick Suzuki
|raw|Nick Suzuki's rating: 1557 &rarr; <strong>1577</strong><br />(+20 for winning)
|raw|ethereallovefr's rating: 1554 &rarr; <strong>1534</strong><br />(-20 for losing)
|l|☆ethereallovefr
|player|p2|
|l|☆Nick Suzuki
|player|p1|
