|j|☆blah0blah1blah2
|j|☆Okenuth
|t:|1781527883
|gametype|singles
|player|p1|blah0blah1blah2|colress|1561
|player|p2|Okenuth|hilbert|1564
|gen|9
|tier|[Gen 9] OU
|rated|
|rule|HP Percentage Mod: HP is shown in percentages
|rule|Endless Battle Clause: Forcing endless battles is banned
|rule|Species Clause: Limit one of each Pokémon
|rule|OHKO Clause: OHKO moves are banned
|rule|Evasion Items Clause: Evasion items are banned
|rule|Evasion Moves Clause: Evasion moves are banned
|rule|Evasion Abilities Clause: Evasion abilities are banned
|rule|Sleep Moves Clause: Sleep-inducing moves are banned
|clearpoke
|poke|p1|Regidrago|
|poke|p1|Iron Treads|
|poke|p1|Scizor, M|
|poke|p1|Moltres|
|poke|p1|Ogerpon-Wellspring, F|
|poke|p1|Primarina, F|
|poke|p2|Alomomola, F|
|poke|p2|Gholdengo|
|poke|p2|Corviknight, M|
|poke|p2|Slowking-Galar, M|
|poke|p2|Meowscarada, F|
|poke|p2|Great Tusk|
|teampreview
|inactive|Battle timer is ON: inactive players will automatically lose when time's up. (requested by blah0blah1blah2)
|
|t:|1781527893
|teamsize|p1|6
|teamsize|p2|6
|start
|switch|p1a: Scizor|Scizor, M|100/100
|switch|p2a: Meowscarada|Meowscarada, F|100/100
|turn|1
|
|t:|1781527896
|switch|p2a: Corviknight|Corviknight, M|100/100
|-ability|p2a: Corviknight|Pressure
|move|p1a: Scizor|U-turn|p2a: Corviknight
|-resisted|p2a: Corviknight
|-damage|p2a: Corviknight|91/100
|
|t:|1781527904
|switch|p1a: Moltres|Moltres|100/100|[from] U-turn
|
|-heal|p2a: Corviknight|97/100|[from] item: Leftovers
|upkeep
|turn|2
|
|t:|1781527908
|switch|p2a: Slowking|Slowking-Galar, M|100/100
|move|p1a: Moltres|Will-O-Wisp|p2a: Slowking
|-status|p2a: Slowking|brn
|
|-damage|p2a: Slowking|94/100 brn|[from] brn
|upkeep
|turn|3
|
|t:|1781527913
|switch|p1a: Scizor|Scizor, M|100/100
|move|p2a: Slowking|Future Sight|p1a: Scizor
|-start|p2a: Slowking|move: Future Sight
|
|-damage|p2a: Slowking|88/100 brn|[from] brn
|upkeep
|turn|4
|
|t:|1781527917
|switch|p2a: Alomomola|Alomomola, F|100/100
|move|p1a: Scizor|Knock Off|p2a: Alomomola
|-damage|p2a: Alomomola|70/100
|-damage|p1a: Scizor|84/100|[from] item: Rocky Helmet|[of] p2a: Alomomola
|-enditem|p2a: Alomomola|Rocky Helmet|[from] move: Knock Off|[of] p1a: Scizor
|
|upkeep
|turn|5
|
|t:|1781527928
|switch|p1a: Primarina|Primarina, F|100/100
|move|p2a: Alomomola|Scald|p1a: Primarina
|-resisted|p1a: Primarina
|-damage|p1a: Primarina|97/100
|-status|p1a: Primarina|brn
|
|-end|p1a: Primarina|move: Future Sight
|-damage|p1a: Primarina|61/100 brn
|-damage|p1a: Primarina|55/100 brn|[from] brn
|upkeep
|turn|6
|
|t:|1781527941
|move|p2a: Alomomola|Flip Turn|p1a: Primarina
|-resisted|p1a: Primarina
|-damage|p1a: Primarina|47/100 brn
|
|t:|1781527943
|switch|p2a: Slowking|Slowking-Galar, M|100/100 brn|[from] Flip Turn
|move|p1a: Primarina|Draining Kiss|p2a: Slowking
|-resisted|p2a: Slowking
|-damage|p2a: Slowking|93/100 brn
|-heal|p1a: Primarina|53/100 brn|[from] drain|[of] p2a: Slowking
|
|-damage|p1a: Primarina|47/100 brn|[from] brn
|-damage|p2a: Slowking|87/100 brn|[from] brn
|upkeep
|turn|7
|
|t:|1781527957
|switch|p1a: Iron Treads|Iron Treads|100/100
|move|p2a: Slowking|Future Sight|p1a: Iron Treads
|-start|p2a: Slowking|move: Future Sight
|
|-damage|p2a: Slowking|81/100 brn|[from] brn
|upkeep
|turn|8
|
|t:|1781527969
|switch|p2a: Alomomola|Alomomola, F|100/100
|move|p1a: Iron Treads|Stealth Rock|p2a: Alomomola
|-sidestart|p2: Okenuth|move: Stealth Rock
|
|upkeep
|turn|9
|
|t:|1781527977
|-end|p1a: Iron Treads|Quark Drive|[silent]
|switch|p1a: Primarina|Primarina, F|47/100 brn
|move|p2a: Alomomola|Scald|p1a: Primarina
|-resisted|p1a: Primarina
|-damage|p1a: Primarina|44/100 brn
|
|-end|p1a: Primarina|move: Future Sight
|-damage|p1a: Primarina|13/100 brn
|-damage|p1a: Primarina|7/100 brn|[from] brn
|upkeep
|turn|10
|
|t:|1781527983
|move|p2a: Alomomola|Flip Turn|p1a: Primarina
|-resisted|p1a: Primarina
|-damage|p1a: Primarina|0 fnt
|faint|p1a: Primarina
|
|t:|1781527986
|switch|p2a: Great Tusk|Great Tusk|100/100|[from] Flip Turn
|-damage|p2a: Great Tusk|97/100|[from] Stealth Rock
|
|-heal|p2a: Great Tusk|100/100|[from] item: Leftovers
|upkeep
|
|t:|1781528014
|switch|p1a: Regidrago|Regidrago|100/100
|turn|11
|inactive|Okenuth has 120 seconds left.
|
|t:|1781528052
|move|p1a: Regidrago|Dragon Energy|p2a: Great Tusk
|-damage|p2a: Great Tusk|0 fnt
|faint|p2a: Great Tusk
|-end|p2a: Great Tusk|Protosynthesis|[silent]
|
|upkeep
|
|t:|1781528057
|switch|p2a: Gholdengo|Gholdengo|100/100
|-damage|p2a: Gholdengo|94/100|[from] Stealth Rock
|turn|12
|
|t:|1781528080
|switch|p1a: Moltres|Moltres|100/100
|move|p2a: Gholdengo|Dazzling Gleam|p1a: Moltres
|-resisted|p1a: Moltres
|-damage|p1a: Moltres|84/100
|
|upkeep
|turn|13
|
|t:|1781528088
|switch|p2a: Slowking|Slowking-Galar, M|100/100 brn
|-damage|p2a: Slowking|88/100 brn|[from] Stealth Rock
|move|p1a: Moltres|Flamethrower|p2a: Slowking
|-damage|p2a: Slowking|67/100 brn
|
|-damage|p2a: Slowking|61/100 brn|[from] brn
|upkeep
|turn|14
|inactive|Okenuth has 120 seconds left.
|
|t:|1781528108
|switch|p1a: Scizor|Scizor, M|84/100
|move|p2a: Slowking|Future Sight|p1a: Scizor
|-start|p2a: Slowking|move: Future Sight
|
|-damage|p2a: Slowking|55/100 brn|[from] brn
|upkeep
|turn|15
|inactive|Okenuth has 120 seconds left.
|
|t:|1781528119
|switch|p2a: Alomomola|Alomomola, F|100/100
|-damage|p2a: Alomomola|88/100|[from] Stealth Rock
|move|p1a: Scizor|U-turn|p2a: Alomomola
|-damage|p2a: Alomomola|58/100
|
|t:|1781528124
|switch|p1a: Ogerpon|Ogerpon-Wellspring, F|100/100|[from] U-turn
|
|upkeep
|turn|16
|
|t:|1781528134
|switch|p2a: Meowscarada|Meowscarada, F|100/100
|-damage|p2a: Meowscarada|88/100|[from] Stealth Rock
|move|p1a: Ogerpon|Swords Dance|p1a: Ogerpon
|-boost|p1a: Ogerpon|atk|2
|
|-end|p1a: Ogerpon|move: Future Sight
|-crit|p1a: Ogerpon
|-damage|p1a: Ogerpon|2/100
|upkeep
|turn|17
|
|t:|1781528144
|switch|p1a: Moltres|Moltres|84/100
|move|p2a: Meowscarada|U-turn|p1a: Moltres
|-start|p2a: Meowscarada|typechange|Bug|[from] ability: Protean
|-resisted|p1a: Moltres
|-damage|p1a: Moltres|75/100
|-status|p2a: Meowscarada|brn|[from] ability: Flame Body|[of] p1a: Moltres
|
|t:|1781528148
|switch|p2a: Slowking|Slowking-Galar, M|88/100 brn|[from] U-turn
|-damage|p2a: Slowking|75/100 brn|[from] Stealth Rock
|
|-damage|p2a: Slowking|69/100 brn|[from] brn
|upkeep
|turn|18
|
|t:|1781528162
|switch|p1a: Scizor|Scizor, M|84/100
|move|p2a: Slowking|Future Sight|p1a: Scizor
|-start|p2a: Slowking|move: Future Sight
|
|-damage|p2a: Slowking|63/100 brn|[from] brn
|upkeep
|turn|19
|
|t:|1781528171
|switch|p2a: Alomomola|Alomomola, F|91/100
|-damage|p2a: Alomomola|79/100|[from] Stealth Rock
|move|p1a: Scizor|U-turn|p2a: Alomomola
|-damage|p2a: Alomomola|46/100
|
|t:|1781528175
|switch|p1a: Ogerpon|Ogerpon-Wellspring, F|2/100|[from] U-turn
|
|upkeep
|turn|20
|
|t:|1781528182
|move|p2a: Alomomola|Protect|p2a: Alomomola
|-singleturn|p2a: Alomomola|Protect
|move|p1a: Ogerpon|Knock Off|p2a: Alomomola
|-activate|p2a: Alomomola|move: Protect
|
|-end|p1a: Ogerpon|move: Future Sight
|-damage|p1a: Ogerpon|0 fnt
|faint|p1a: Ogerpon
|upkeep
|
|t:|1781528185
|switch|p1a: Regidrago|Regidrago|100/100
|turn|21
|
|t:|1781528194
|switch|p2a: Gholdengo|Gholdengo|94/100
|-damage|p2a: Gholdengo|88/100|[from] Stealth Rock
|move|p1a: Regidrago|Dragon Energy|p2a: Gholdengo
|-resisted|p2a: Gholdengo
|-damage|p2a: Gholdengo|58/100
|
|upkeep
|turn|22
|
|t:|1781528209
|switch|p1a: Iron Treads|Iron Treads|100/100
|move|p2a: Gholdengo|Shadow Ball|p1a: Iron Treads
|-damage|p1a: Iron Treads|36/100
|-unboost|p1a: Iron Treads|spd|1
|
|upkeep
|turn|23
|
|t:|1781528217
|-end|p1a: Iron Treads|Quark Drive|[silent]
|switch|p1a: Moltres|Moltres|75/100
|switch|p2a: Alomomola|Alomomola, F|79/100
|-damage|p2a: Alomomola|66/100|[from] Stealth Rock
|
|upkeep
|turn|24
|
|t:|1781528223
|move|p1a: Moltres|Will-O-Wisp|p2a: Alomomola
|-status|p2a: Alomomola|brn
|move|p2a: Alomomola|Wish|p2a: Alomomola
|
|-damage|p2a: Alomomola|60/100 brn|[from] brn
|upkeep
|turn|25
|
|t:|1781528229
|move|p1a: Moltres|U-turn|p2a: Alomomola
|-damage|p2a: Alomomola|52/100 brn
|
|t:|1781528232
|switch|p1a: Scizor|Scizor, M|84/100|[from] U-turn
|move|p2a: Alomomola|Flip Turn|p1a: Scizor
|-damage|p1a: Scizor|76/100
|
|t:|1781528240
|switch|p2a: Gholdengo|Gholdengo|58/100|[from] Flip Turn
|-damage|p2a: Gholdengo|52/100|[from] Stealth Rock
|
|-heal|p2a: Gholdengo|100/100|[from] move: Wish|[wisher] Alomomola
|upkeep
|turn|26
|
|t:|1781528248
|move|p1a: Scizor|Knock Off|p2a: Gholdengo
|-supereffective|p2a: Gholdengo
|-damage|p2a: Gholdengo|0 fnt
|-enditem|p2a: Gholdengo|Assault Vest|[from] move: Knock Off|[of] p1a: Scizor
|faint|p2a: Gholdengo
|
|upkeep
|
|t:|1781528253
|switch|p2a: Alomomola|Alomomola, F|85/100 brn
|-damage|p2a: Alomomola|73/100 brn|[from] Stealth Rock
|turn|27
|
|t:|1781528257
|switch|p1a: Moltres|Moltres|75/100
|move|p2a: Alomomola|Scald|p1a: Moltres
|-supereffective|p1a: Moltres
|-damage|p1a: Moltres|46/100
|
|-damage|p2a: Alomomola|66/100 brn|[from] brn
|upkeep
|turn|28
|
|t:|1781528261
|move|p1a: Moltres|Roost|p1a: Moltres
|-heal|p1a: Moltres|96/100
|-singleturn|p1a: Moltres|move: Roost
|move|p2a: Alomomola|Scald|p1a: Moltres
|-supereffective|p1a: Moltres
|-damage|p1a: Moltres|69/100
|
|-damage|p2a: Alomomola|60/100 brn|[from] brn
|upkeep
|turn|29
|
|t:|1781528269
|move|p1a: Moltres|Flamethrower|p2a: Alomomola
|-resisted|p2a: Alomomola
|-damage|p2a: Alomomola|40/100 brn
|move|p2a: Alomomola|Wish|p2a: Alomomola
|
|-damage|p2a: Alomomola|34/100 brn|[from] brn
|upkeep
|turn|30
|
|t:|1781528289
|move|p1a: Moltres|Flamethrower|p2a: Alomomola
|-resisted|p2a: Alomomola
|-damage|p2a: Alomomola|15/100 brn
|move|p2a: Alomomola|Flip Turn|p1a: Moltres
|-supereffective|p1a: Moltres
|-damage|p1a: Moltres|58/100
|
|t:|1781528296
|switch|p2a: Slowking|Slowking-Galar, M|96/100 brn|[from] Flip Turn
|-damage|p2a: Slowking|84/100 brn|[from] Stealth Rock
|
|-heal|p2a: Slowking|100/100 brn|[from] move: Wish|[wisher] Alomomola
|-damage|p2a: Slowking|94/100 brn|[from] brn
|upkeep
|turn|31
|
|t:|1781528302
|switch|p1a: Iron Treads|Iron Treads|36/100
|move|p2a: Slowking|Future Sight|p1a: Iron Treads
|-start|p2a: Slowking|move: Future Sight
|
|-damage|p2a: Slowking|88/100 brn|[from] brn
|upkeep
|turn|32
|
|t:|1781528311
|switch|p2a: Corviknight|Corviknight, M|97/100
|-damage|p2a: Corviknight|85/100|[from] Stealth Rock
|-ability|p2a: Corviknight|Pressure
|move|p1a: Iron Treads|Ice Spinner|p2a: Corviknight
|-damage|p2a: Corviknight|70/100
|
|-heal|p2a: Corviknight|76/100|[from] item: Leftovers
|upkeep
|turn|33
|
|t:|1781528323
|move|p1a: Iron Treads|Ice Spinner|p2a: Corviknight
|-damage|p2a: Corviknight|59/100
|move|p2a: Corviknight|Defog|p1a: Iron Treads
|-unboost|p1a: Iron Treads|evasion|1
|-sideend|p2: Okenuth|Stealth Rock|[from] move: Defog|[of] p2a: Corviknight
|
|-end|p1a: Iron Treads|move: Future Sight
|-resisted|p1a: Iron Treads
|-damage|p1a: Iron Treads|0 fnt
|faint|p1a: Iron Treads
|-end|p1a: Iron Treads|Quark Drive|[silent]
|-heal|p2a: Corviknight|66/100|[from] item: Leftovers
|upkeep
|
|t:|1781528336
|switch|p1a: Moltres|Moltres|58/100
|turn|34
|
|t:|1781528339
|switch|p2a: Slowking|Slowking-Galar, M|100/100 brn
|move|p1a: Moltres|Flamethrower|p2a: Slowking
|-damage|p2a: Slowking|81/100 brn
|
|-damage|p2a: Slowking|75/100 brn|[from] brn
|upkeep
|turn|35
|
|t:|1781528348
|move|p1a: Moltres|U-turn|p2a: Slowking
|-damage|p2a: Slowking|61/100 brn
|
|t:|1781528350
|switch|p1a: Regidrago|Regidrago|100/100|[from] U-turn
|move|p2a: Slowking|Future Sight|p1a: Regidrago
|-start|p2a: Slowking|move: Future Sight
|
|-damage|p2a: Slowking|55/100 brn|[from] brn
|upkeep
|turn|36
|
|t:|1781528354
|-terastallize|p1a: Regidrago|Dragon
|move|p1a: Regidrago|Dragon Energy|p2a: Slowking
|-damage|p2a: Slowking|0 fnt
|faint|p2a: Slowking
|
|upkeep
|
|t:|1781528363
|switch|p2a: Meowscarada|Meowscarada, F|88/100 brn
|turn|37
|
|t:|1781528367
|switch|p1a: Scizor|Scizor, M|76/100
|move|p2a: Meowscarada|Sucker Punch||[still]
|-fail|p2a: Meowscarada
|
|-end|p1a: Scizor|move: Future Sight
|-resisted|p1a: Scizor
|-damage|p1a: Scizor|35/100
|-damage|p2a: Meowscarada|82/100 brn|[from] brn
|upkeep
|turn|38
|
|t:|1781528372
|switch|p2a: Corviknight|Corviknight, M|66/100
|-ability|p2a: Corviknight|Pressure
|move|p1a: Scizor|U-turn|p2a: Corviknight
|-resisted|p2a: Corviknight
|-damage|p2a: Corviknight|57/100
|
|t:|1781528375
|switch|p1a: Regidrago|Regidrago, tera:Dragon|100/100|[from] U-turn
|
|-heal|p2a: Corviknight|63/100|[from] item: Leftovers
|upkeep
|turn|39
|
|t:|1781528379
|move|p1a: Regidrago|Dragon Energy|p2a: Corviknight
|-resisted|p2a: Corviknight
|-damage|p2a: Corviknight|5/100
|move|p2a: Corviknight|Roost|p2a: Corviknight
|-heal|p2a: Corviknight|55/100
|-singleturn|p2a: Corviknight|move: Roost
|
|-heal|p2a: Corviknight|61/100|[from] item: Leftovers
|upkeep
|turn|40
|
|t:|1781528383
|move|p1a: Regidrago|Dragon Energy|p2a: Corviknight
|-resisted|p2a: Corviknight
|-damage|p2a: Corviknight|2/100
|move|p2a: Corviknight|Brave Bird|p1a: Regidrago
|-damage|p1a: Regidrago|59/100
|-damage|p2a: Corviknight|0 fnt|[from] Recoil
|faint|p2a: Corviknight
|
|upkeep
|
|t:|1781528393
|switch|p2a: Meowscarada|Meowscarada, F|82/100 brn
|turn|41
|
|t:|1781528412
|switch|p1a: Moltres|Moltres|58/100
|-terastallize|p2a: Meowscarada|Dark
|move|p2a: Meowscarada|Sucker Punch||[still]
|-fail|p2a: Meowscarada
|
|-damage|p2a: Meowscarada|76/100 brn|[from] brn
|upkeep
|turn|42
|
|t:|1781528418
|switch|p2a: Alomomola|Alomomola, F|48/100 brn
|move|p1a: Moltres|Roost|p1a: Moltres
|-heal|p1a: Moltres|100/100
|-singleturn|p1a: Moltres|move: Roost
|
|-damage|p2a: Alomomola|42/100 brn|[from] brn
|upkeep
|turn|43
|
|t:|1781528422
|move|p1a: Moltres|U-turn|p2a: Alomomola
|-damage|p2a: Alomomola|33/100 brn
|
|t:|1781528423
|switch|p1a: Regidrago|Regidrago, tera:Dragon|59/100|[from] U-turn
|move|p2a: Alomomola|Wish|p2a: Alomomola
|
|-damage|p2a: Alomomola|27/100 brn|[from] brn
|upkeep
|turn|44
|
|t:|1781528429
|move|p2a: Alomomola|Protect|p2a: Alomomola
|-singleturn|p2a: Alomomola|Protect
|move|p1a: Regidrago|Dragon Energy|p2a: Alomomola
|-activate|p2a: Alomomola|move: Protect
|
|-heal|p2a: Alomomola|77/100 brn|[from] move: Wish|[wisher] Alomomola
|-damage|p2a: Alomomola|71/100 brn|[from] brn
|upkeep
|turn|45
|
|t:|1781528434
|switch|p1a: Scizor|Scizor, M|35/100
|move|p2a: Alomomola|Flip Turn|p1a: Scizor
|-damage|p1a: Scizor|27/100
|
|t:|1781528437
|switch|p2a: Meowscarada|Meowscarada, F, tera:Dark|76/100 brn|[from] Flip Turn
|
|-damage|p2a: Meowscarada|70/100 brn|[from] brn
|upkeep
|turn|46
|
|t:|1781528441
|move|p2a: Meowscarada|Sucker Punch|p1a: Scizor
|-damage|p1a: Scizor|0 fnt
|faint|p1a: Scizor
|
|-damage|p2a: Meowscarada|64/100 brn|[from] brn
|upkeep
|
|t:|1781528444
|switch|p1a: Moltres|Moltres|100/100
|turn|47
|
|t:|1781528447
|switch|p2a: Alomomola|Alomomola, F|100/100 brn
|move|p1a: Moltres|U-turn|p2a: Alomomola
|-damage|p2a: Alomomola|93/100 brn
|
|t:|1781528449
|switch|p1a: Regidrago|Regidrago, tera:Dragon|59/100|[from] U-turn
|
|-damage|p2a: Alomomola|86/100 brn|[from] brn
|upkeep
|turn|48
|
|t:|1781528455
|move|p1a: Regidrago|Dragon Pulse|p2a: Alomomola
|-damage|p2a: Alomomola|7/100 brn
|move|p2a: Alomomola|Flip Turn|p1a: Regidrago
|-resisted|p1a: Regidrago
|-damage|p1a: Regidrago|55/100
|
|t:|1781528460
|switch|p2a: Meowscarada|Meowscarada, F, tera:Dark|64/100 brn|[from] Flip Turn
|
|-damage|p2a: Meowscarada|57/100 brn|[from] brn
|upkeep
|turn|49
|
|t:|1781528464
|switch|p1a: Moltres|Moltres|100/100
|move|p2a: Meowscarada|Knock Off|p1a: Moltres
|-damage|p1a: Moltres|70/100
|-enditem|p1a: Moltres|Heavy-Duty Boots|[from] move: Knock Off|[of] p2a: Meowscarada
|
|-damage|p2a: Meowscarada|51/100 brn|[from] brn
|upkeep
|turn|50
|
|t:|1781528473
|switch|p2a: Alomomola|Alomomola, F|41/100 brn
|move|p1a: Moltres|Flamethrower|p2a: Alomomola
|-resisted|p2a: Alomomola
|-damage|p2a: Alomomola|19/100 brn
|
|-damage|p2a: Alomomola|12/100 brn|[from] brn
|upkeep
|turn|51
|
|t:|1781528480
|move|p1a: Moltres|Flamethrower|p2a: Alomomola
|-resisted|p2a: Alomomola
|-damage|p2a: Alomomola|0 fnt
|faint|p2a: Alomomola
|
|upkeep
|
|t:|1781528482
|switch|p2a: Meowscarada|Meowscarada, F, tera:Dark|51/100 brn
|turn|52
|
|t:|1781528485
|move|p2a: Meowscarada|Sucker Punch|p1a: Moltres
|-damage|p1a: Moltres|50/100
|move|p1a: Moltres|Flamethrower|p2a: Meowscarada
|-damage|p2a: Meowscarada|0 fnt
|faint|p2a: Meowscarada
|
|win|blah0blah1blah2
|raw|blah0blah1blah2's rating: 1561 &rarr; <strong>1581</strong><br />(+20 for winning)
|raw|Okenuth's rating: 1564 &rarr; <strong>1544</strong><br />(-20 for losing)
|l|☆Okenuth
|player|p2|
|l|☆blah0blah1blah2
|player|p1|
