|j|☆BlackStar150520
|j|☆tuanquewang
|t:|1781256377
|gametype|singles
|player|p1|BlackStar150520|unknown|1666
|player|p2|tuanquewang|backersf|1793
|gen|9
|tier|[Gen 9] OU
|rated|
|rule|HP Percentage Mod: HP is shown in percentages
|rule|Endless Battle Clause: Forcing endless battles is banned
|rule|Species Clause: Limit one of each Pokémon
|rule|OHKO Clause: OHKO moves are banned
|rule|Evasion Items Clause: Evasion items are banned
|rule|Evasion Moves Clause: Evasion moves are banned
|rule|Evasion Abilities Clause: Evasion abilities are banned
|rule|Sleep Moves Clause: Sleep-inducing moves are banned
|clearpoke
|poke|p1|Raging Bolt|
|poke|p1|Kingambit, M|
|poke|p1|Iron Moth|
|poke|p1|Ogerpon-Wellspring, F|
|poke|p1|Scizor, F|
|poke|p1|Great Tusk|
|poke|p2|Slowking-Galar, M|
|poke|p2|Hydrapple, F|
|poke|p2|Cinderace, M|
|poke|p2|Alomomola, F|
|poke|p2|Mamoswine, M|
|poke|p2|Gholdengo|
|teampreview
|inactive|Battle timer is ON: inactive players will automatically lose when time's up. (requested by BlackStar150520)
|inactive|tuanquewang also wants the timer to be on.
|
|t:|1781256385
|teamsize|p1|6
|teamsize|p2|6
|start
|switch|p1a: 🎭|Ogerpon-Wellspring, F|100/100
|switch|p2a: Cinderace|Cinderace, M|100/100
|turn|1
|
|t:|1781256392
|switch|p1a: Mega Donphan|Great Tusk|100/100
|move|p2a: Cinderace|U-turn|p1a: Mega Donphan
|-start|p2a: Cinderace|typechange|Bug|[from] ability: Libero
|-resisted|p1a: Mega Donphan
|-damage|p1a: Mega Donphan|88/100
|
|t:|1781256399
|switch|p2a: Alomomola|Alomomola, F|100/100|[from] U-turn
|
|upkeep
|turn|2
|
|t:|1781256408
|-end|p1a: Mega Donphan|Protosynthesis|[silent]
|switch|p1a: 🎭|Ogerpon-Wellspring, F|100/100
|move|p2a: Alomomola|Wish|p2a: Alomomola
|
|upkeep
|turn|3
|
|t:|1781256414
|switch|p2a: Hydrapple|Hydrapple, F, shiny|100/100
|move|p1a: 🎭|Knock Off|p2a: Hydrapple
|-damage|p2a: Hydrapple|72/100
|-enditem|p2a: Hydrapple|Choice Specs|[from] move: Knock Off|[of] p1a: 🎭
|
|-heal|p2a: Hydrapple|100/100|[from] move: Wish|[wisher] Alomomola
|upkeep
|turn|4
|
|t:|1781256420
|move|p1a: 🎭|U-turn|p2a: Hydrapple
|-supereffective|p2a: Hydrapple
|-damage|p2a: Hydrapple|61/100
|
|t:|1781256423
|switch|p1a: Red Lightning|Scizor, F|100/100|[from] U-turn
|move|p2a: Hydrapple|Hydro Pump|p1a: Red Lightning|[miss]
|-miss|p2a: Hydrapple|p1a: Red Lightning
|
|upkeep
|turn|5
|
|t:|1781256429
|switch|p2a: Alomomola|Alomomola, F|100/100
|move|p1a: Red Lightning|U-turn|p2a: Alomomola
|-damage|p2a: Alomomola|68/100
|
|t:|1781256438
|switch|p1a: 🎭|Ogerpon-Wellspring, F|100/100|[from] U-turn
|
|-heal|p2a: Alomomola|74/100|[from] item: Leftovers
|upkeep
|turn|6
|
|t:|1781256444
|move|p2a: Alomomola|Protect|p2a: Alomomola
|-singleturn|p2a: Alomomola|Protect
|move|p1a: 🎭|Ivy Cudgel|p2a: Alomomola|[anim] Ivy Cudgel Water
|-activate|p2a: Alomomola|move: Protect
|
|-heal|p2a: Alomomola|81/100|[from] item: Leftovers
|upkeep
|turn|7
|j| amefurikoneko
|
|t:|1781256448
|move|p1a: 🎭|Knock Off|p2a: Alomomola
|-damage|p2a: Alomomola|60/100
|-enditem|p2a: Alomomola|Leftovers|[from] move: Knock Off|[of] p1a: 🎭
|move|p2a: Alomomola|Flip Turn|p1a: 🎭
|-immune|p1a: 🎭|[from] ability: Water Absorb
|
|upkeep
|turn|8
|
|t:|1781256457
|move|p2a: Alomomola|Protect|p2a: Alomomola
|-singleturn|p2a: Alomomola|Protect
|move|p1a: 🎭|Encore|p2a: Alomomola
|-activate|p2a: Alomomola|move: Protect
|
|upkeep
|turn|9
|
|t:|1781256460
|switch|p2a: Hydrapple|Hydrapple, F, shiny|94/100
|move|p1a: 🎭|U-turn|p2a: Hydrapple
|-supereffective|p2a: Hydrapple
|-damage|p2a: Hydrapple|54/100
|
|t:|1781256464
|switch|p1a: Red Lightning|Scizor, F|100/100|[from] U-turn
|
|upkeep
|turn|10
|
|t:|1781256468
|switch|p2a: Alomomola|Alomomola, F|94/100
|move|p1a: Red Lightning|U-turn|p2a: Alomomola
|-damage|p2a: Alomomola|61/100
|
|t:|1781256474
|switch|p1a: 🎭|Ogerpon-Wellspring, F|100/100|[from] U-turn
|
|upkeep
|turn|11
|
|t:|1781256478
|move|p2a: Alomomola|Protect|p2a: Alomomola
|-singleturn|p2a: Alomomola|Protect
|move|p1a: 🎭|Ivy Cudgel|p2a: Alomomola|[anim] Ivy Cudgel Water
|-activate|p2a: Alomomola|move: Protect
|
|upkeep
|turn|12
|
|t:|1781256484
|move|p1a: 🎭|U-turn|p2a: Alomomola
|-damage|p2a: Alomomola|46/100
|
|t:|1781256487
|switch|p1a: ⚡️|Raging Bolt|100/100|[from] U-turn
|move|p2a: Alomomola|Flip Turn|p1a: ⚡️
|-resisted|p1a: ⚡️
|-damage|p1a: ⚡️|93/100
|
|t:|1781256489
|switch|p2a: Slowking|Slowking-Galar, M|100/100|[from] Flip Turn
|
|-heal|p1a: ⚡️|99/100|[from] item: Leftovers
|upkeep
|turn|13
|
|t:|1781256494
|-end|p1a: ⚡️|Protosynthesis|[silent]
|switch|p1a: Red Lightning|Scizor, F|100/100
|move|p2a: Slowking|Trick|p1a: Red Lightning
|-activate|p2a: Slowking|move: Trick|[of] p1a: Red Lightning
|-item|p1a: Red Lightning|Black Sludge|[from] move: Trick
|-item|p2a: Slowking|Choice Band|[from] move: Trick
|
|-damage|p1a: Red Lightning|88/100|[from] item: Black Sludge
|upkeep
|turn|14
|
|t:|1781256498
|switch|p2a: Alomomola|Alomomola, F|80/100
|move|p1a: Red Lightning|U-turn|p2a: Alomomola
|-damage|p2a: Alomomola|60/100
|-message|BlackStar150520 forfeited.
|
|win|tuanquewang
|raw|BlackStar150520's rating: 1666 &rarr; <strong>1653</strong><br />(-13 for losing)
|raw|tuanquewang's rating: 1793 &rarr; <strong>1806</strong><br />(+13 for winning)
|l|☆BlackStar150520
|player|p1|
|l|☆tuanquewang
|player|p2|
|l| amefurikoneko
