|j|☆KurisuChestnutOU
|j|‽ayerbe
|t:|1781152071
|gametype|singles
|player|p1|KurisuChestnutOU|may-contest|1572
|player|p2|ayerbe|blackbelt-gen4dp|1578
|gen|9
|tier|[Gen 9] OU
|rated|
|rule|HP Percentage Mod: HP is shown in percentages
|rule|Endless Battle Clause: Forcing endless battles is banned
|rule|Species Clause: Limit one of each Pokémon
|rule|OHKO Clause: OHKO moves are banned
|rule|Evasion Items Clause: Evasion items are banned
|rule|Evasion Moves Clause: Evasion moves are banned
|rule|Evasion Abilities Clause: Evasion abilities are banned
|rule|Sleep Moves Clause: Sleep-inducing moves are banned
|clearpoke
|poke|p1|Hawlucha, F|
|poke|p1|Samurott-Hisui, F|
|poke|p1|Rillaboom, F|
|poke|p1|Gholdengo|
|poke|p1|Kyurem|
|poke|p1|Landorus-Therian, M|
|poke|p2|Great Tusk|
|poke|p2|Scizor, M|
|poke|p2|Garganacl, M|
|poke|p2|Ting-Lu|
|poke|p2|Raging Bolt|
|poke|p2|Gholdengo|
|teampreview
|inactive|Battle timer is ON: inactive players will automatically lose when time's up. (requested by ayerbe)
|
|t:|1781152076
|teamsize|p1|6
|teamsize|p2|6
|start
|switch|p1a: Landorus|Landorus-Therian, M|100/100
|switch|p2a: Scizor|Scizor, M|100/100
|-ability|p1a: Landorus|Intimidate|boost
|-unboost|p2a: Scizor|atk|1
|turn|1
|inactive|KurisuChestnutOU also wants the timer to be on.
|
|t:|1781152082
|move|p1a: Landorus|Stealth Rock|p2a: Scizor
|-sidestart|p2: ayerbe|move: Stealth Rock
|move|p2a: Scizor|U-turn|p1a: Landorus
|-resisted|p1a: Landorus
|-damage|p1a: Landorus|88/100
|-damage|p2a: Scizor|84/100|[from] item: Rocky Helmet|[of] p1a: Landorus
|
|t:|1781152086
|switch|p2a: Gholdengo|Gholdengo|100/100|[from] U-turn
|-damage|p2a: Gholdengo|94/100|[from] Stealth Rock
|
|upkeep
|turn|2
|
|t:|1781152091
|move|p2a: Gholdengo|Make It Rain|p1a: Landorus
|-damage|p1a: Landorus|15/100
|-unboost|p2a: Gholdengo|spa|1
|move|p1a: Landorus|U-turn|p2a: Gholdengo
|-resisted|p2a: Gholdengo
|-damage|p2a: Gholdengo|89/100
|
|t:|1781152095
|switch|p1a: Samurott|Samurott-Hisui, F|100/100|[from] U-turn
|
|upkeep
|turn|3
|
|t:|1781152101
|switch|p2a: Ting-Lu|Ting-Lu|100/100
|-damage|p2a: Ting-Lu|94/100|[from] Stealth Rock
|-ability|p2a: Ting-Lu|Vessel of Ruin
|move|p1a: Samurott|Flip Turn|p2a: Ting-Lu
|-supereffective|p2a: Ting-Lu
|-damage|p2a: Ting-Lu|67/100
|
|t:|1781152105
|switch|p1a: Rillaboom|Rillaboom, F|100/100|[from] Flip Turn
|-fieldstart|move: Grassy Terrain|[from] ability: Grassy Surge|[of] p1a: Rillaboom
|
|-heal|p2a: Ting-Lu|74/100|[from] Grassy Terrain
|-heal|p2a: Ting-Lu|80/100|[from] item: Leftovers
|upkeep
|turn|4
|
|t:|1781152108
|switch|p2a: Scizor|Scizor, M|84/100
|-damage|p2a: Scizor|72/100|[from] Stealth Rock
|move|p1a: Rillaboom|Wood Hammer|p2a: Scizor
|-resisted|p2a: Scizor
|-damage|p2a: Scizor|49/100
|-damage|p1a: Rillaboom|94/100|[from] Recoil
|
|-heal|p1a: Rillaboom|100/100|[from] Grassy Terrain
|-heal|p2a: Scizor|55/100|[from] Grassy Terrain
|upkeep
|turn|5
|
|t:|1781152113
|switch|p1a: Landorus|Landorus-Therian, M|15/100
|-ability|p1a: Landorus|Intimidate|boost
|-unboost|p2a: Scizor|atk|1
|move|p2a: Scizor|U-turn|p1a: Landorus
|-resisted|p1a: Landorus
|-damage|p1a: Landorus|2/100
|-damage|p2a: Scizor|39/100|[from] item: Rocky Helmet|[of] p1a: Landorus
|
|t:|1781152116
|switch|p2a: Great Tusk|Great Tusk|100/100|[from] U-turn
|
|upkeep
|turn|6
|
|t:|1781152121
|move|p1a: Landorus|U-turn|p2a: Great Tusk
|-resisted|p2a: Great Tusk
|-damage|p2a: Great Tusk|94/100
|
|t:|1781152124
|switch|p1a: Gholdengo|Gholdengo|100/100|[from] U-turn
|move|p2a: Great Tusk|Knock Off|p1a: Gholdengo
|-supereffective|p1a: Gholdengo
|-damage|p1a: Gholdengo|36/100
|-enditem|p1a: Gholdengo|Choice Scarf|[from] move: Knock Off|[of] p2a: Great Tusk
|
|-heal|p2a: Great Tusk|99/100|[from] Grassy Terrain
|-heal|p1a: Gholdengo|42/100|[from] Grassy Terrain
|upkeep
|turn|7
|
|t:|1781152129
|-end|p2a: Great Tusk|Protosynthesis|[silent]
|switch|p2a: Ting-Lu|Ting-Lu|80/100
|-damage|p2a: Ting-Lu|74/100|[from] Stealth Rock
|-ability|p2a: Ting-Lu|Vessel of Ruin
|move|p1a: Gholdengo|Make It Rain|p2a: Ting-Lu
|-damage|p2a: Ting-Lu|46/100
|-unboost|p1a: Gholdengo|spa|1
|
|-heal|p1a: Gholdengo|48/100|[from] Grassy Terrain
|-heal|p2a: Ting-Lu|52/100|[from] Grassy Terrain
|-heal|p2a: Ting-Lu|58/100|[from] item: Leftovers
|-fieldend|move: Grassy Terrain
|upkeep
|turn|8
|
|t:|1781152132
|switch|p1a: Samurott|Samurott-Hisui, F|100/100
|move|p2a: Ting-Lu|Stealth Rock|p1a: Samurott
|-sidestart|p1: KurisuChestnutOU|move: Stealth Rock
|
|-heal|p2a: Ting-Lu|64/100|[from] item: Leftovers
|upkeep
|turn|9
|
|t:|1781152135
|move|p1a: Samurott|Ceaseless Edge|p2a: Ting-Lu
|-resisted|p2a: Ting-Lu
|-damage|p2a: Ting-Lu|54/100
|-sidestart|p2: ayerbe|Spikes
|move|p2a: Ting-Lu|Spikes|p1a: Samurott
|-sidestart|p1: KurisuChestnutOU|Spikes
|
|-heal|p2a: Ting-Lu|60/100|[from] item: Leftovers
|upkeep
|turn|10
|
|t:|1781152140
|move|p1a: Samurott|Ceaseless Edge|p2a: Ting-Lu
|-resisted|p2a: Ting-Lu
|-damage|p2a: Ting-Lu|49/100
|-sidestart|p2: ayerbe|Spikes
|move|p2a: Ting-Lu|Spikes|p1a: Samurott
|-sidestart|p1: KurisuChestnutOU|Spikes
|
|-heal|p2a: Ting-Lu|55/100|[from] item: Leftovers
|upkeep
|turn|11
|
|t:|1781152143
|move|p1a: Samurott|Flip Turn|p2a: Ting-Lu
|-supereffective|p2a: Ting-Lu
|-damage|p2a: Ting-Lu|25/100
|
|t:|1781152150
|switch|p1a: Rillaboom|Rillaboom, F|100/100|[from] Flip Turn
|-damage|p1a: Rillaboom|88/100|[from] Stealth Rock
|-damage|p1a: Rillaboom|72/100|[from] Spikes
|-fieldstart|move: Grassy Terrain|[from] ability: Grassy Surge|[of] p1a: Rillaboom
|move|p2a: Ting-Lu|Spikes|p1a: Rillaboom
|-sidestart|p1: KurisuChestnutOU|Spikes
|
|-heal|p1a: Rillaboom|78/100|[from] Grassy Terrain
|-heal|p2a: Ting-Lu|32/100|[from] Grassy Terrain
|-heal|p2a: Ting-Lu|38/100|[from] item: Leftovers
|upkeep
|turn|12
|
|t:|1781152155
|move|p1a: Rillaboom|Knock Off|p2a: Ting-Lu
|-resisted|p2a: Ting-Lu
|-damage|p2a: Ting-Lu|28/100
|-enditem|p2a: Ting-Lu|Leftovers|[from] move: Knock Off|[of] p1a: Rillaboom
|move|p2a: Ting-Lu|Whirlwind|p1a: Rillaboom
|drag|p1a: Samurott|Samurott-Hisui, F|100/100
|-damage|p1a: Samurott|88/100|[from] Stealth Rock
|-damage|p1a: Samurott|63/100|[from] Spikes
|
|-heal|p1a: Samurott|69/100|[from] Grassy Terrain
|-heal|p2a: Ting-Lu|34/100|[from] Grassy Terrain
|upkeep
|turn|13
|
|t:|1781152162
|move|p1a: Samurott|Ceaseless Edge|p2a: Ting-Lu
|-resisted|p2a: Ting-Lu
|-damage|p2a: Ting-Lu|23/100
|-sidestart|p2: ayerbe|Spikes
|move|p2a: Ting-Lu|Whirlwind|p1a: Samurott
|drag|p1a: Hawlucha|Hawlucha, F|100/100
|-damage|p1a: Hawlucha|88/100|[from] Stealth Rock
|-enditem|p1a: Hawlucha|Grassy Seed
|-boost|p1a: Hawlucha|def|1|[from] item: Grassy Seed
|
|-heal|p2a: Ting-Lu|29/100|[from] Grassy Terrain
|upkeep
|turn|14
|
|t:|1781152165
|move|p1a: Hawlucha|Acrobatics|p2a: Ting-Lu
|-damage|p2a: Ting-Lu|3/100
|move|p2a: Ting-Lu|Whirlwind|p1a: Hawlucha
|drag|p1a: Kyurem|Kyurem|100/100
|-damage|p1a: Kyurem|76/100|[from] Stealth Rock
|-damage|p1a: Kyurem|51/100|[from] Spikes
|-ability|p1a: Kyurem|Pressure
|
|-heal|p1a: Kyurem|57/100|[from] Grassy Terrain
|-heal|p2a: Ting-Lu|9/100|[from] Grassy Terrain
|upkeep
|turn|15
|
|t:|1781152171
|move|p1a: Kyurem|Earth Power|p2a: Ting-Lu
|-damage|p2a: Ting-Lu|0 fnt
|faint|p2a: Ting-Lu
|
|-heal|p1a: Kyurem|63/100|[from] Grassy Terrain
|-fieldend|move: Grassy Terrain
|upkeep
|
|t:|1781152180
|switch|p2a: Gholdengo|Gholdengo|89/100
|-damage|p2a: Gholdengo|83/100|[from] Stealth Rock
|-damage|p2a: Gholdengo|58/100|[from] Spikes
|turn|16
|
|t:|1781152187
|-terastallize|p1a: Kyurem|Poison
|move|p2a: Gholdengo|Thunderbolt|p1a: Kyurem
|-damage|p1a: Kyurem|43/100
|move|p1a: Kyurem|Earth Power|p2a: Gholdengo
|-supereffective|p2a: Gholdengo
|-damage|p2a: Gholdengo|0 fnt
|faint|p2a: Gholdengo
|
|upkeep
|
|t:|1781152196
|switch|p2a: Great Tusk|Great Tusk|99/100
|turn|17
|
|t:|1781152199
|move|p1a: Kyurem|Ice Beam|p2a: Great Tusk
|-supereffective|p2a: Great Tusk
|-damage|p2a: Great Tusk|0 fnt
|faint|p2a: Great Tusk
|-end|p2a: Great Tusk|Protosynthesis|[silent]
|
|upkeep
|
|t:|1781152202
|switch|p2a: Scizor|Scizor, M|39/100
|-damage|p2a: Scizor|27/100|[from] Stealth Rock
|-damage|p2a: Scizor|2/100|[from] Spikes
|turn|18
|
|t:|1781152205
|switch|p1a: Landorus|Landorus-Therian, M|2/100
|-damage|p1a: Landorus|0 fnt|[from] Stealth Rock
|faint|p1a: Landorus
|move|p2a: Scizor|Bullet Punch|p1: Landorus|[notarget]
|-fail|p2a: Scizor
|
|upkeep
|
|t:|1781152208
|switch|p1a: Rillaboom|Rillaboom, F|78/100
|-damage|p1a: Rillaboom|65/100|[from] Stealth Rock
|-damage|p1a: Rillaboom|40/100|[from] Spikes
|-fieldstart|move: Grassy Terrain|[from] ability: Grassy Surge|[of] p1a: Rillaboom
|turn|19
|
|t:|1781152213
|move|p1a: Rillaboom|Grassy Glide|p2a: Scizor
|-resisted|p2a: Scizor
|-damage|p2a: Scizor|0 fnt
|faint|p2a: Scizor
|
|-heal|p1a: Rillaboom|47/100|[from] Grassy Terrain
|upkeep
|
|t:|1781152225
|switch|p2a: Raging Bolt|Raging Bolt|100/100
|-damage|p2a: Raging Bolt|88/100|[from] Stealth Rock
|-damage|p2a: Raging Bolt|63/100|[from] Spikes
|turn|20
|j| itsnotworkingsorry
|l| itsnotworkingsorry
|inactive|KurisuChestnutOU has 120 seconds left.
|inactive|KurisuChestnutOU has 90 seconds left.
|inactive|KurisuChestnutOU has 60 seconds left.
|inactive|KurisuChestnutOU has 30 seconds left.
|inactive|KurisuChestnutOU has 20 seconds left.
|inactive|KurisuChestnutOU has 15 seconds left.
|inactive|KurisuChestnutOU has 10 seconds left.
|inactive|KurisuChestnutOU has 5 seconds left.
|-message|KurisuChestnutOU lost due to inactivity.
|
|win|ayerbe
|raw|KurisuChestnutOU's rating: 1516 &rarr; <strong>1500</strong><br />(-16 for losing)
|raw|ayerbe's rating: 1578 &rarr; <strong>1594</strong><br />(+16 for winning)
|l|☆KurisuChestnutOU
|player|p1|
|l|‽ayerbe
|player|p2|
