|j|☆ykykp
|j|☆lolcano46
|t:|1781585057
|gametype|singles
|player|p1|ykykp|2|1563
|player|p2|lolcano46|fisherman-gen4|1588
|gen|9
|tier|[Gen 9] OU
|rated|
|rule|HP Percentage Mod: HP is shown in percentages
|rule|Endless Battle Clause: Forcing endless battles is banned
|rule|Species Clause: Limit one of each Pokémon
|rule|OHKO Clause: OHKO moves are banned
|rule|Evasion Items Clause: Evasion items are banned
|rule|Evasion Moves Clause: Evasion moves are banned
|rule|Evasion Abilities Clause: Evasion abilities are banned
|rule|Sleep Moves Clause: Sleep-inducing moves are banned
|clearpoke
|poke|p1|Deoxys-Speed|
|poke|p1|Blastoise, M|
|poke|p1|Iron Crown|
|poke|p1|Great Tusk|
|poke|p1|Ceruledge, F|
|poke|p1|Hydreigon, F|
|poke|p2|Azelf|
|poke|p2|Ogerpon-Wellspring, F|
|poke|p2|Scizor, M|
|poke|p2|Gengar, M|
|poke|p2|Raging Bolt|
|poke|p2|Cinderace, M|
|teampreview
|inactive|Battle timer is ON: inactive players will automatically lose when time's up. (requested by lolcano46)
|
|t:|1781585067
|teamsize|p1|6
|teamsize|p2|6
|start
|switch|p1a: Hydreigon|Hydreigon, F|100/100
|switch|p2a: Gengar|Gengar, M|100/100
|turn|1
|
|t:|1781585073
|move|p2a: Gengar|Sludge Bomb|p1a: Hydreigon
|-damage|p1a: Hydreigon|45/100
|move|p1a: Hydreigon|Dark Pulse|p2a: Gengar
|-supereffective|p2a: Gengar
|-damage|p2a: Gengar|0 fnt
|faint|p2a: Gengar
|
|upkeep
|
|t:|1781585078
|switch|p2a: Scizor|Scizor, M|100/100
|turn|2
|
|t:|1781585081
|move|p2a: Scizor|Bullet Punch|p1a: Hydreigon
|-damage|p1a: Hydreigon|0 fnt
|faint|p1a: Hydreigon
|
|upkeep
|
|t:|1781585084
|switch|p1a: Deoxys|Deoxys-Speed|100/100
|-ability|p1a: Deoxys|Pressure
|turn|3
|
|t:|1781585088
|move|p1a: Deoxys|Reflect|p1a: Deoxys
|-sidestart|p1: ykykp|Reflect
|move|p2a: Scizor|Knock Off|p1a: Deoxys
|-supereffective|p1a: Deoxys
|-damage|p1a: Deoxys|52/100
|-enditem|p1a: Deoxys|Light Clay|[from] move: Knock Off|[of] p2a: Scizor
|
|upkeep
|turn|4
|
|t:|1781585092
|move|p1a: Deoxys|Light Screen|p1a: Deoxys
|-sidestart|p1: ykykp|move: Light Screen
|move|p2a: Scizor|Swords Dance|p2a: Scizor
|-boost|p2a: Scizor|atk|2
|
|upkeep
|turn|5
|
|t:|1781585095
|move|p1a: Deoxys|Taunt|p2a: Scizor
|-start|p2a: Scizor|move: Taunt
|cant|p2a: Scizor|move: Taunt|Swords Dance
|
|upkeep
|turn|6
|
|t:|1781585110
|switch|p1a: Manny|Great Tusk|100/100
|-enditem|p1a: Manny|Booster Energy
|-activate|p1a: Manny|ability: Protosynthesis|[fromitem]
|-start|p1a: Manny|protosynthesisspe
|move|p2a: Scizor|Knock Off|p1a: Manny
|-resisted|p1a: Manny
|-damage|p1a: Manny|93/100
|
|upkeep
|turn|7
|
|t:|1781585118
|switch|p2a: Azelf|Azelf|100/100
|move|p1a: Manny|Bulk Up|p1a: Manny
|-boost|p1a: Manny|atk|1
|-boost|p1a: Manny|def|1
|
|upkeep
|turn|8
|
|t:|1781585131
|-terastallize|p2a: Azelf|Fairy
|move|p1a: Manny|Ice Spinner|p2a: Azelf
|-damage|p2a: Azelf|47/100
|move|p2a: Azelf|Mystical Power|p1a: Manny
|-supereffective|p1a: Manny
|-damage|p1a: Manny|35/100
|-boost|p2a: Azelf|spa|1
|
|-sideend|p1: ykykp|move: Light Screen
|upkeep
|turn|9
|
|t:|1781585142
|switch|p2a: Scizor|Scizor, M|100/100
|move|p1a: Manny|Ice Spinner|p2a: Scizor
|-resisted|p2a: Scizor
|-damage|p2a: Scizor|83/100
|
|upkeep
|turn|10
|
|t:|1781585145
|move|p2a: Scizor|Bullet Punch|p1a: Manny
|-damage|p1a: Manny|28/100
|move|p1a: Manny|Headlong Rush|p2a: Scizor
|-damage|p2a: Scizor|3/100
|-unboost|p1a: Manny|def|1
|-unboost|p1a: Manny|spd|1
|
|-sideend|p1: ykykp|Reflect
|upkeep
|turn|11
|
|t:|1781585150
|move|p2a: Scizor|Bullet Punch|p1a: Manny
|-damage|p1a: Manny|4/100
|move|p1a: Manny|Rapid Spin|p2a: Scizor
|-resisted|p2a: Scizor
|-damage|p2a: Scizor|0 fnt
|-boost|p1a: Manny|spe|1
|faint|p2a: Scizor
|
|upkeep
|
|t:|1781585153
|switch|p2a: Cinderace|Cinderace, M|100/100
|turn|12
|
|t:|1781585158
|move|p2a: Cinderace|Sucker Punch||[still]
|-fail|p2a: Cinderace
|move|p1a: Manny|Bulk Up|p1a: Manny
|-boost|p1a: Manny|atk|1
|-boost|p1a: Manny|def|1
|
|upkeep
|turn|13
|
|t:|1781585162
|move|p1a: Manny|Bulk Up|p1a: Manny
|-boost|p1a: Manny|atk|1
|-boost|p1a: Manny|def|1
|move|p2a: Cinderace|Will-O-Wisp|p1a: Manny
|-status|p1a: Manny|brn
|
|-damage|p1a: Manny|0 fnt|[from] brn
|faint|p1a: Manny
|-end|p1a: Manny|Protosynthesis|[silent]
|upkeep
|
|t:|1781585166
|switch|p1a: Gamera|Blastoise, M|100/100
|turn|14
|
|t:|1781585172
|switch|p2a: Raging Bolt|Raging Bolt|100/100
|-enditem|p2a: Raging Bolt|Booster Energy
|-activate|p2a: Raging Bolt|ability: Protosynthesis|[fromitem]
|-start|p2a: Raging Bolt|protosynthesisspa
|move|p1a: Gamera|Shell Smash|p1a: Gamera
|-unboost|p1a: Gamera|def|1
|-unboost|p1a: Gamera|spd|1
|-boost|p1a: Gamera|atk|2
|-boost|p1a: Gamera|spa|2
|-boost|p1a: Gamera|spe|2
|-enditem|p1a: Gamera|White Herb
|-clearnegativeboost|p1a: Gamera|[silent]
|
|upkeep
|turn|15
|
|t:|1781585177
|move|p2a: Raging Bolt|Thunderclap||[still]
|-fail|p2a: Raging Bolt
|move|p1a: Gamera|Substitute|p1a: Gamera
|-start|p1a: Gamera|Substitute
|-damage|p1a: Gamera|76/100
|
|upkeep
|turn|16
|
|t:|1781585180
|move|p1a: Gamera|Ice Beam|p2a: Raging Bolt
|-supereffective|p2a: Raging Bolt
|-damage|p2a: Raging Bolt|12/100
|move|p2a: Raging Bolt|Thunderbolt|p1a: Gamera
|-supereffective|p1a: Gamera
|-end|p1a: Gamera|Substitute
|
|upkeep
|turn|17
|
|t:|1781585183
|move|p1a: Gamera|Ice Beam|p2a: Raging Bolt
|-supereffective|p2a: Raging Bolt
|-damage|p2a: Raging Bolt|0 fnt
|faint|p2a: Raging Bolt
|-end|p2a: Raging Bolt|Protosynthesis|[silent]
|
|upkeep
|
|t:|1781585185
|switch|p2a: Ogerpon|Ogerpon-Wellspring, F|100/100
|turn|18
|
|t:|1781585187
|move|p1a: Gamera|Ice Beam|p2a: Ogerpon
|-damage|p2a: Ogerpon|43/100
|move|p2a: Ogerpon|Horn Leech|p1a: Gamera
|-supereffective|p1a: Gamera
|-damage|p1a: Gamera|0 fnt
|-heal|p2a: Ogerpon|81/100|[from] drain|[of] p1a: Gamera
|faint|p1a: Gamera
|
|upkeep
|
|t:|1781585193
|switch|p1a: Deoxys|Deoxys-Speed|52/100
|-ability|p1a: Deoxys|Pressure
|turn|19
|
|t:|1781585197
|move|p1a: Deoxys|Reflect|p1a: Deoxys
|-sidestart|p1: ykykp|Reflect
|move|p2a: Ogerpon|Ivy Cudgel|p1a: Deoxys|[anim] Ivy Cudgel Water
|-damage|p1a: Deoxys|15/100
|
|upkeep
|turn|20
|
|t:|1781585200
|move|p1a: Deoxys|Psycho Boost|p2a: Ogerpon
|-damage|p2a: Ogerpon|28/100
|-unboost|p1a: Deoxys|spa|2
|move|p2a: Ogerpon|Horn Leech|p1a: Deoxys
|-damage|p1a: Deoxys|0 fnt
|-heal|p2a: Ogerpon|35/100|[from] drain|[of] p1a: Deoxys
|faint|p1a: Deoxys
|
|upkeep
|
|t:|1781585205
|switch|p1a: Megaman|Ceruledge, F|100/100
|turn|21
|
|t:|1781585211
|move|p2a: Ogerpon|Ivy Cudgel|p1a: Megaman|[anim] Ivy Cudgel Water
|-supereffective|p1a: Megaman
|-damage|p1a: Megaman|10/100
|-ability|p1a: Megaman|Weak Armor|boost
|-unboost|p1a: Megaman|def|1
|-boost|p1a: Megaman|spe|2
|move|p1a: Megaman|Swords Dance|p1a: Megaman
|-boost|p1a: Megaman|atk|2
|
|upkeep
|turn|22
|
|t:|1781585215
|move|p1a: Megaman|Bitter Blade|p2a: Ogerpon
|-damage|p2a: Ogerpon|0 fnt
|-heal|p1a: Megaman|28/100|[from] drain|[of] p2a: Ogerpon
|faint|p2a: Ogerpon
|-damage|p1a: Megaman|18/100|[from] item: Life Orb
|
|upkeep
|j| choispecs ironmoth
|
|t:|1781585217
|switch|p2a: Cinderace|Cinderace, M|100/100
|turn|23
|
|t:|1781585220
|move|p1a: Megaman|Shadow Sneak|p2a: Cinderace
|-damage|p2a: Cinderace|12/100
|-damage|p1a: Megaman|8/100|[from] item: Life Orb
|move|p2a: Cinderace|Sucker Punch||[still]
|-fail|p2a: Cinderace
|
|-sideend|p1: ykykp|Reflect
|upkeep
|turn|24
|
|t:|1781585222
|move|p1a: Megaman|Shadow Sneak|p2a: Cinderace
|-damage|p2a: Cinderace|0 fnt
|faint|p2a: Cinderace
|-damage|p1a: Megaman|0 fnt|[from] item: Life Orb
|faint|p1a: Megaman
|
|upkeep
|
|t:|1781585224
|switch|p2a: Azelf|Azelf, tera:Fairy|47/100
|switch|p1a: Mecha Chiron|Iron Crown|100/100
|-enditem|p1a: Mecha Chiron|Booster Energy
|-activate|p1a: Mecha Chiron|ability: Quark Drive|[fromitem]
|-start|p1a: Mecha Chiron|quarkdrivespe
|turn|25
|
|t:|1781585229
|move|p1a: Mecha Chiron|Calm Mind|p1a: Mecha Chiron
|-boost|p1a: Mecha Chiron|spa|1
|-boost|p1a: Mecha Chiron|spd|1
|move|p2a: Azelf|Flamethrower|p1a: Mecha Chiron
|-supereffective|p1a: Mecha Chiron
|-damage|p1a: Mecha Chiron|56/100
|
|upkeep
|turn|26
|
|t:|1781585236
|-terastallize|p1a: Mecha Chiron|Fighting
|move|p1a: Mecha Chiron|Calm Mind|p1a: Mecha Chiron
|-boost|p1a: Mecha Chiron|spa|1
|-boost|p1a: Mecha Chiron|spd|1
|move|p2a: Azelf|Flamethrower|p1a: Mecha Chiron
|-damage|p1a: Mecha Chiron|42/100
|
|upkeep
|turn|27
|
|t:|1781585243
|move|p1a: Mecha Chiron|Stored Power|p2a: Azelf
|-damage|p2a: Azelf|0 fnt
|faint|p2a: Azelf
|
|win|ykykp
|raw|ykykp's rating: 1563 &rarr; <strong>1584</strong><br />(+21 for winning)
|raw|lolcano46's rating: 1588 &rarr; <strong>1567</strong><br />(-21 for losing)
|l|☆ykykp
|player|p1|
|l|☆lolcano46
|player|p2|
|l| choispecs ironmoth
