|j|☆KurisuChestnutOU
|j|☆altyWIN
|t:|1781151618
|gametype|singles
|player|p1|KurisuChestnutOU|may-contest|1498
|player|p2|altyWIN|backpacker|1538
|gen|9
|tier|[Gen 9] OU
|rated|
|rule|HP Percentage Mod: HP is shown in percentages
|rule|Endless Battle Clause: Forcing endless battles is banned
|rule|Species Clause: Limit one of each Pokémon
|rule|OHKO Clause: OHKO moves are banned
|rule|Evasion Items Clause: Evasion items are banned
|rule|Evasion Moves Clause: Evasion moves are banned
|rule|Evasion Abilities Clause: Evasion abilities are banned
|rule|Sleep Moves Clause: Sleep-inducing moves are banned
|clearpoke
|poke|p1|Gliscor, F|
|poke|p1|Dondozo, M|
|poke|p1|Slowking-Galar, M|
|poke|p1|Gholdengo|
|poke|p1|Great Tusk|
|poke|p1|Kingambit, M|
|poke|p2|Excadrill, F|
|poke|p2|Tyranitar, F|
|poke|p2|Hydrapple, F|
|poke|p2|Alomomola, L99, F|
|poke|p2|Hatterene, F|
|poke|p2|Zapdos|
|teampreview
|inactive|Battle timer is ON: inactive players will automatically lose when time's up. (requested by KurisuChestnutOU)
|
|t:|1781151626
|teamsize|p1|6
|teamsize|p2|6
|start
|switch|p1a: Kingambit|Kingambit, M|100/100
|switch|p2a: FreeCaneMerchant|Zapdos|100/100
|turn|1
|
|t:|1781151642
|move|p2a: FreeCaneMerchant|Hurricane|p1a: Kingambit
|-resisted|p1a: Kingambit
|-damage|p1a: Kingambit|51/100
|move|p1a: Kingambit|Swords Dance|p1a: Kingambit
|-boost|p1a: Kingambit|atk|2
|
|-heal|p1a: Kingambit|57/100|[from] item: Leftovers
|upkeep
|turn|2
|
|t:|1781151658
|switch|p2a: Hydrippy|Hydrapple, F|100/100
|move|p1a: Kingambit|Iron Head|p2a: Hydrippy
|-damage|p2a: Hydrippy|46/100
|
|-heal|p1a: Kingambit|63/100|[from] item: Leftovers
|upkeep
|turn|3
|
|t:|1781151678
|switch|p2a: Cardi B|Alomomola, L99, F|100/100
|move|p1a: Kingambit|Iron Head|p2a: Cardi B
|-resisted|p2a: Cardi B
|-damage|p2a: Cardi B|73/100
|
|-heal|p1a: Kingambit|70/100|[from] item: Leftovers
|upkeep
|turn|4
|
|t:|1781151690
|move|p1a: Kingambit|Iron Head|p2a: Cardi B
|-resisted|p2a: Cardi B
|-crit|p2a: Cardi B
|-damage|p2a: Cardi B|33/100
|move|p2a: Cardi B|Scald|p1a: Kingambit
|-damage|p1a: Kingambit|54/100
|
|-heal|p1a: Kingambit|60/100|[from] item: Leftovers
|upkeep
|turn|5
|
|t:|1781151698
|switch|p2a: Hydrippy|Hydrapple, F|79/100
|move|p1a: Kingambit|Iron Head|p2a: Hydrippy
|-damage|p2a: Hydrippy|28/100
|
|-heal|p1a: Kingambit|67/100|[from] item: Leftovers
|upkeep
|turn|6
|
|t:|1781151716
|switch|p2a: FreeCaneMerchant|Zapdos|100/100
|move|p1a: Kingambit|Iron Head|p2a: FreeCaneMerchant
|-resisted|p2a: FreeCaneMerchant
|-damage|p2a: FreeCaneMerchant|39/100
|
|-heal|p1a: Kingambit|73/100|[from] item: Leftovers
|upkeep
|turn|7
|
|t:|1781151729
|move|p1a: Kingambit|Sucker Punch|p2a: FreeCaneMerchant
|-damage|p2a: FreeCaneMerchant|0 fnt
|faint|p2a: FreeCaneMerchant
|
|-heal|p1a: Kingambit|79/100|[from] item: Leftovers
|upkeep
|
|t:|1781151731
|switch|p2a: Cardi B|Alomomola, L99, F|66/100
|turn|8
|
|t:|1781151736
|move|p1a: Kingambit|Swords Dance|p1a: Kingambit
|-boost|p1a: Kingambit|atk|2
|move|p2a: Cardi B|Scald|p1a: Kingambit
|-damage|p1a: Kingambit|64/100
|
|-heal|p1a: Kingambit|70/100|[from] item: Leftovers
|upkeep
|turn|9
|
|t:|1781151744
|move|p1a: Kingambit|Iron Head|p2a: Cardi B
|-resisted|p2a: Cardi B
|-damage|p2a: Cardi B|28/100
|move|p2a: Cardi B|Scald|p1a: Kingambit
|-damage|p1a: Kingambit|55/100
|
|-heal|p1a: Kingambit|61/100|[from] item: Leftovers
|upkeep
|turn|10
|c|☆altyWIN|yo
|c|☆altyWIN|am i missing something here
|c|☆altyWIN|is he immune to status effects
|
|t:|1781151769
|switch|p2a: Childinthemines|Excadrill, F|100/100
|move|p1a: Kingambit|Iron Head|p2a: Childinthemines
|-resisted|p2a: Childinthemines
|-damage|p2a: Childinthemines|0 fnt
|faint|p2a: Childinthemines
|
|-heal|p1a: Kingambit|67/100|[from] item: Leftovers
|upkeep
|
|t:|1781151778
|switch|p2a: Cardi B|Alomomola, L99, F|62/100
|turn|11
|
|t:|1781151782
|move|p1a: Kingambit|Iron Head|p2a: Cardi B
|-resisted|p2a: Cardi B
|-damage|p2a: Cardi B|25/100
|move|p2a: Cardi B|Scald|p1a: Kingambit
|-damage|p1a: Kingambit|51/100
|-status|p1a: Kingambit|brn
|
|-heal|p1a: Kingambit|57/100 brn|[from] item: Leftovers
|-damage|p1a: Kingambit|51/100 brn|[from] brn
|upkeep
|turn|12
|
|t:|1781151794
|switch|p2a: Goatyranny|Tyranitar, F|100/100
|-weather|Sandstorm|[from] ability: Sand Stream|[of] p2a: Goatyranny
|move|p1a: Kingambit|Iron Head|p2a: Goatyranny
|-supereffective|p2a: Goatyranny
|-damage|p2a: Goatyranny|0 fnt
|faint|p2a: Goatyranny
|
|-weather|Sandstorm|[upkeep]
|-heal|p1a: Kingambit|57/100 brn|[from] item: Leftovers
|-damage|p1a: Kingambit|51/100 brn|[from] brn
|upkeep
|
|t:|1781151803
|switch|p2a: Hydrippy|Hydrapple, F|61/100
|turn|13
|
|t:|1781151806
|move|p1a: Kingambit|Swords Dance|p1a: Kingambit
|-boost|p1a: Kingambit|atk|2
|move|p2a: Hydrippy|Earth Power|p1a: Kingambit
|-supereffective|p1a: Kingambit
|-damage|p1a: Kingambit|0 fnt
|faint|p1a: Kingambit
|-end|p1a: Kingambit|fallenundefined|[silent]
|
|-weather|Sandstorm|[upkeep]
|-damage|p2a: Hydrippy|55/100|[from] Sandstorm
|upkeep
|
|t:|1781151812
|switch|p1a: Gholdengo|Gholdengo|100/100
|-item|p1a: Gholdengo|Air Balloon
|turn|14
|
|t:|1781151817
|move|p1a: Gholdengo|Nasty Plot|p1a: Gholdengo
|-boost|p1a: Gholdengo|spa|2
|move|p2a: Hydrippy|Giga Drain|p1a: Gholdengo
|-resisted|p1a: Gholdengo
|-damage|p1a: Gholdengo|83/100
|-heal|p2a: Hydrippy|62/100|[from] drain|[of] p1a: Gholdengo
|-enditem|p1a: Gholdengo|Air Balloon
|
|-weather|Sandstorm|[upkeep]
|-damage|p2a: Hydrippy|56/100|[from] Sandstorm
|upkeep
|turn|15
|
|t:|1781151828
|switch|p2a: Cardi B|Alomomola, L99, F|58/100
|move|p1a: Gholdengo|Shadow Ball|p2a: Cardi B
|-damage|p2a: Cardi B|0 fnt
|faint|p2a: Cardi B
|
|-weather|Sandstorm|[upkeep]
|upkeep
|
|t:|1781151832
|switch|p2a: Kim K|Hatterene, F|100/100
|turn|16
|
|t:|1781151839
|-terastallize|p2a: Kim K|Water
|move|p1a: Gholdengo|Shadow Ball|p2a: Kim K
|-damage|p2a: Kim K|44/100
|move|p2a: Kim K|Mystical Fire|p1a: Gholdengo
|-supereffective|p1a: Gholdengo
|-damage|p1a: Gholdengo|26/100
|-unboost|p1a: Gholdengo|spa|1
|
|-weather|none
|upkeep
|turn|17
|
|t:|1781151846
|move|p1a: Gholdengo|Shadow Ball|p2a: Kim K
|-damage|p2a: Kim K|4/100
|-unboost|p2a: Kim K|spd|1
|move|p2a: Kim K|Mystical Fire|p1a: Gholdengo
|-supereffective|p1a: Gholdengo
|-damage|p1a: Gholdengo|0 fnt
|faint|p1a: Gholdengo
|
|upkeep
|
|t:|1781151854
|switch|p1a: Great Tusk|Great Tusk|100/100
|turn|18
|
|t:|1781151860
|-terastallize|p1a: Great Tusk|Ice
|move|p1a: Great Tusk|Ice Spinner|p2a: Kim K
|-resisted|p2a: Kim K
|-damage|p2a: Kim K|0 fnt
|faint|p2a: Kim K
|
|upkeep
|
|t:|1781151862
|switch|p2a: Hydrippy|Hydrapple, F|89/100
|turn|19
|
|t:|1781151868
|move|p1a: Great Tusk|Ice Spinner|p2a: Hydrippy
|-supereffective|p2a: Hydrippy
|-damage|p2a: Hydrippy|0 fnt
|faint|p2a: Hydrippy
|
|win|KurisuChestnutOU
|raw|KurisuChestnutOU's rating: 1531 &rarr; <strong>1551</strong><br />(+20 for winning)
|raw|altyWIN's rating: 1538 &rarr; <strong>1518</strong><br />(-20 for losing)
