|j|☆slightlyartistic
|j|☆BARJI
|t:|1781446643
|gametype|singles
|player|p1|slightlyartistic|266|1559
|player|p2|BARJI|266|1560
|gen|9
|tier|[Gen 9] OU
|rated|
|rule|HP Percentage Mod: HP is shown in percentages
|rule|Endless Battle Clause: Forcing endless battles is banned
|rule|Species Clause: Limit one of each Pokémon
|rule|OHKO Clause: OHKO moves are banned
|rule|Evasion Items Clause: Evasion items are banned
|rule|Evasion Moves Clause: Evasion moves are banned
|rule|Evasion Abilities Clause: Evasion abilities are banned
|rule|Sleep Moves Clause: Sleep-inducing moves are banned
|clearpoke
|poke|p1|Gliscor, M|
|poke|p1|Alomomola, F|
|poke|p1|Samurott-Hisui, M|
|poke|p1|Iron Valiant|
|poke|p1|Clodsire, F|
|poke|p1|Iron Treads|
|poke|p2|Lokix, F|
|poke|p2|Hydrapple, M|
|poke|p2|Great Tusk|
|poke|p2|Cinderace, M|
|poke|p2|Slowking-Galar, M|
|poke|p2|Tornadus-Therian, M|
|teampreview
|inactive|Battle timer is ON: inactive players will automatically lose when time's up. (requested by slightlyartistic)
|inactive|BARJI has 120 seconds left.
|
|t:|1781446678
|teamsize|p1|6
|teamsize|p2|6
|start
|switch|p1a: Iron Treads|Iron Treads|100/100
|switch|p2a: Tornadus|Tornadus-Therian, M|100/100
|turn|1
|
|t:|1781446686
|move|p1a: Iron Treads|Stealth Rock|p2a: Tornadus
|-sidestart|p2: BARJI|move: Stealth Rock
|move|p2a: Tornadus|Heat Wave|p1a: Iron Treads
|-supereffective|p1a: Iron Treads
|-damage|p1a: Iron Treads|46/100
|
|-heal|p1a: Iron Treads|52/100|[from] item: Leftovers
|upkeep
|turn|2
|
|t:|1781446691
|move|p1a: Iron Treads|Volt Switch|p2a: Tornadus
|-supereffective|p2a: Tornadus
|-damage|p2a: Tornadus|87/100
|
|t:|1781446702
|-end|p1a: Iron Treads|Quark Drive|[silent]
|switch|p1a: Alomomola|Alomomola, F|100/100|[from] Volt Switch
|move|p2a: Tornadus|Heat Wave|p1a: Alomomola
|-resisted|p1a: Alomomola
|-damage|p1a: Alomomola|94/100
|
|upkeep
|turn|3
|
|t:|1781446704
|move|p2a: Tornadus|Knock Off|p1a: Alomomola
|-damage|p1a: Alomomola|80/100
|-enditem|p1a: Alomomola|Assault Vest|[from] move: Knock Off|[of] p2a: Tornadus
|move|p1a: Alomomola|Flip Turn|p2a: Tornadus
|-damage|p2a: Tornadus|67/100
|
|t:|1781446710
|switch|p1a: Samurott|Samurott-Hisui, M|100/100|[from] Flip Turn
|
|upkeep
|turn|4
|
|t:|1781446716
|move|p2a: Tornadus|U-turn|p1a: Samurott
|-supereffective|p1a: Samurott
|-damage|p1a: Samurott|65/100
|
|t:|1781446720
|switch|p2a: Great Tusk|Great Tusk|100/100|[from] U-turn
|-damage|p2a: Great Tusk|97/100|[from] Stealth Rock
|move|p1a: Samurott|Aqua Cutter|p2a: Great Tusk
|-supereffective|p2a: Great Tusk
|-crit|p2a: Great Tusk
|-damage|p2a: Great Tusk|0 fnt
|faint|p2a: Great Tusk
|-end|p2a: Great Tusk|Protosynthesis|[silent]
|
|upkeep
|
|t:|1781446728
|switch|p2a: Hydrapple|Hydrapple, M|100/100
|-damage|p2a: Hydrapple|88/100|[from] Stealth Rock
|turn|5
|
|t:|1781446740
|switch|p1a: Clodsire|Clodsire, F|100/100
|move|p2a: Hydrapple|Fickle Beam|p1a: Clodsire
|-damage|p1a: Clodsire|61/100
|-damage|p2a: Hydrapple|78/100|[from] item: Life Orb
|
|-heal|p1a: Clodsire|67/100|[from] item: Leftovers
|upkeep
|turn|6
|
|t:|1781446748
|move|p2a: Hydrapple|Earth Power|p1a: Clodsire
|-supereffective|p1a: Clodsire
|-damage|p1a: Clodsire|5/100
|-damage|p2a: Hydrapple|69/100|[from] item: Life Orb
|move|p1a: Clodsire|Toxic|p2a: Hydrapple
|-status|p2a: Hydrapple|tox
|
|-heal|p1a: Clodsire|11/100|[from] item: Leftovers
|-damage|p2a: Hydrapple|63/100 tox|[from] psn
|upkeep
|turn|7
|inactive|slightlyartistic has 120 seconds left.
|
|t:|1781446783
|move|p2a: Hydrapple|Leaf Storm|p1a: Clodsire
|-damage|p1a: Clodsire|0 fnt
|-unboost|p2a: Hydrapple|spa|2
|faint|p1a: Clodsire
|-damage|p2a: Hydrapple|53/100 tox|[from] item: Life Orb
|
|-damage|p2a: Hydrapple|41/100 tox|[from] psn
|upkeep
|
|t:|1781446785
|switch|p1a: Iron Valiant|Iron Valiant|100/100
|turn|8
|
|t:|1781446791
|switch|p2a: Slowking|Slowking-Galar, M|100/100
|-damage|p2a: Slowking|88/100|[from] Stealth Rock
|move|p1a: Iron Valiant|Trick|p2a: Slowking
|-activate|p1a: Iron Valiant|move: Trick|[of] p2a: Slowking
|-item|p2a: Slowking|Choice Specs|[from] move: Trick
|-item|p1a: Iron Valiant|Colbur Berry|[from] move: Trick
|
|upkeep
|turn|9
|inactive|slightlyartistic has 120 seconds left.
|
|t:|1781446812
|-end|p1a: Iron Valiant|Quark Drive|[silent]
|switch|p1a: Alomomola|Alomomola, F|100/100
|-prepare|p2a: Slowking|Chilly Reception|[premajor]
|move|p2a: Slowking|Chilly Reception|p2a: Slowking
|-weather|Snowscape
|
|t:|1781446825
|switch|p2a: Hydrapple|Hydrapple, M|74/100 tox|[from] Chilly Reception
|-damage|p2a: Hydrapple|61/100 tox|[from] Stealth Rock
|
|-weather|Snowscape|[upkeep]
|-damage|p2a: Hydrapple|55/100 tox|[from] psn
|upkeep
|turn|10
|
|t:|1781446838
|move|p1a: Alomomola|Flip Turn|p2a: Hydrapple
|-resisted|p2a: Hydrapple
|-damage|p2a: Hydrapple|52/100 tox
|inactive|slightlyartistic has 120 seconds left.
|
|t:|1781446861
|switch|p1a: Iron Treads|Iron Treads|52/100|[from] Flip Turn
|move|p2a: Hydrapple|Leaf Storm|p1a: Iron Treads
|-damage|p1a: Iron Treads|0 fnt
|-unboost|p2a: Hydrapple|spa|2
|faint|p1a: Iron Treads
|-end|p1a: Iron Treads|Quark Drive|[silent]
|-damage|p2a: Hydrapple|42/100 tox|[from] item: Life Orb
|
|-weather|Snowscape|[upkeep]
|-damage|p2a: Hydrapple|30/100 tox|[from] psn
|upkeep
|
|t:|1781446864
|switch|p1a: Samurott|Samurott-Hisui, M|65/100
|turn|11
|
|t:|1781446871
|switch|p2a: Lokix|Lokix, F|100/100
|-damage|p2a: Lokix|76/100|[from] Stealth Rock
|move|p1a: Samurott|Ceaseless Edge|p2a: Lokix
|-resisted|p2a: Lokix
|-damage|p2a: Lokix|22/100
|-sidestart|p2: BARJI|Spikes
|
|-weather|Snowscape|[upkeep]
|upkeep
|turn|12
|
|t:|1781446884
|switch|p1a: Alomomola|Alomomola, F|100/100
|move|p2a: Lokix|First Impression|p1a: Alomomola
|-damage|p1a: Alomomola|53/100
|
|-weather|Snowscape|[upkeep]
|upkeep
|turn|13
|
|t:|1781446901
|switch|p2a: Tornadus|Tornadus-Therian, M|99/100
|-damage|p2a: Tornadus|75/100|[from] Stealth Rock
|move|p1a: Alomomola|Flip Turn|p2a: Tornadus
|-damage|p2a: Tornadus|55/100
|
|t:|1781446906
|switch|p1a: Iron Valiant|Iron Valiant|100/100|[from] Flip Turn
|
|-weather|none
|upkeep
|turn|14
|
|t:|1781446913
|move|p1a: Iron Valiant|Trick|p2a: Tornadus
|-activate|p1a: Iron Valiant|move: Trick|[of] p2a: Tornadus
|-item|p2a: Tornadus|Colbur Berry|[from] move: Trick
|-item|p1a: Iron Valiant|Assault Vest|[from] move: Trick
|move|p2a: Tornadus|Bleakwind Storm|p1a: Iron Valiant|[miss]
|-miss|p2a: Tornadus|p1a: Iron Valiant
|
|upkeep
|turn|15
|
|t:|1781446918
|move|p1a: Iron Valiant|Thunderbolt|p2a: Tornadus
|-supereffective|p2a: Tornadus
|-damage|p2a: Tornadus|4/100
|move|p2a: Tornadus|Bleakwind Storm|p1a: Iron Valiant
|-supereffective|p1a: Iron Valiant
|-damage|p1a: Iron Valiant|9/100
|
|upkeep
|turn|16
|
|t:|1781446921
|move|p1a: Iron Valiant|Thunderbolt|p2a: Tornadus
|-supereffective|p2a: Tornadus
|-damage|p2a: Tornadus|0 fnt
|faint|p2a: Tornadus
|
|upkeep
|
|t:|1781446923
|switch|p2a: Cinderace|Cinderace, M|100/100
|turn|17
|
|t:|1781446948
|-end|p1a: Iron Valiant|Quark Drive|[silent]
|switch|p1a: Gliscor|Gliscor, M|100/100
|move|p2a: Cinderace|Court Change|p2a: Cinderace
|-swapsideconditions
|-activate|p2a: Cinderace|move: Court Change
|
|-status|p1a: Gliscor|tox|[from] item: Toxic Orb
|upkeep
|turn|18
|
|t:|1781446960
|move|p2a: Cinderace|U-turn|p1a: Gliscor
|-resisted|p1a: Gliscor
|-damage|p1a: Gliscor|95/100 tox
|
|t:|1781446963
|switch|p2a: Hydrapple|Hydrapple, M|64/100 tox|[from] U-turn
|move|p1a: Gliscor|Stealth Rock|p2a: Hydrapple
|-sidestart|p2: BARJI|move: Stealth Rock
|
|-heal|p1a: Gliscor|100/100 tox|[from] ability: Poison Heal
|-damage|p2a: Hydrapple|57/100 tox|[from] psn
|upkeep
|turn|19
|
|t:|1781446973
|move|p1a: Gliscor|U-turn|p2a: Hydrapple
|-supereffective|p2a: Hydrapple
|-damage|p2a: Hydrapple|33/100 tox
|
|t:|1781446974
|switch|p1a: Iron Valiant|Iron Valiant|9/100|[from] U-turn
|-damage|p1a: Iron Valiant|3/100|[from] Stealth Rock
|-damage|p1a: Iron Valiant|0 fnt|[from] Spikes
|faint|p1a: Iron Valiant
|-end|p1a: Iron Valiant|Quark Drive|[silent]
|move|p2a: Hydrapple|Fickle Beam|p1: Iron Valiant|[notarget]
|-fail|p2a: Hydrapple
|
|-damage|p2a: Hydrapple|21/100 tox|[from] psn
|upkeep
|
|t:|1781446977
|switch|p1a: Samurott|Samurott-Hisui, M|65/100
|-damage|p1a: Samurott|53/100|[from] Stealth Rock
|-damage|p1a: Samurott|40/100|[from] Spikes
|turn|20
|
|t:|1781446985
|switch|p2a: Lokix|Lokix, F|22/100
|-damage|p2a: Lokix|0 fnt|[from] Stealth Rock
|faint|p2a: Lokix
|move|p1a: Samurott|Ceaseless Edge|p2: Lokix|[notarget]
|-fail|p1a: Samurott
|
|upkeep
|inactive|BARJI has 120 seconds left.
|
|t:|1781447027
|switch|p2a: Cinderace|Cinderace, M|100/100
|turn|21
|
|t:|1781447056
|switch|p1a: Alomomola|Alomomola, F|87/100
|-damage|p1a: Alomomola|74/100|[from] Stealth Rock
|-damage|p1a: Alomomola|62/100|[from] Spikes
|move|p2a: Cinderace|U-turn|p1a: Alomomola
|-damage|p1a: Alomomola|50/100
|inactive|BARJI has 120 seconds left.
|
|t:|1781447077
|switch|p2a: Slowking|Slowking-Galar, M|100/100|[from] U-turn
|-damage|p2a: Slowking|88/100|[from] Stealth Rock
|
|upkeep
|turn|22
|inactive|BARJI has 90 seconds left.
|
|t:|1781447105
|move|p1a: Alomomola|Scald|p2a: Slowking
|-damage|p2a: Slowking|79/100
|-prepare|p2a: Slowking|Chilly Reception|[premajor]
|move|p2a: Slowking|Chilly Reception|p2a: Slowking
|-weather|Snowscape
|inactive|BARJI has 90 seconds left.
|
|t:|1781447111
|switch|p2a: Hydrapple|Hydrapple, M|54/100 tox|[from] Chilly Reception
|-damage|p2a: Hydrapple|42/100 tox|[from] Stealth Rock
|
|-weather|Snowscape|[upkeep]
|-damage|p2a: Hydrapple|36/100 tox|[from] psn
|upkeep
|turn|23
|inactive|BARJI has 90 seconds left.
|
|t:|1781447125
|move|p2a: Hydrapple|Leaf Storm|p1a: Alomomola
|-supereffective|p1a: Alomomola
|-damage|p1a: Alomomola|0 fnt
|-unboost|p2a: Hydrapple|spa|2
|faint|p1a: Alomomola
|-damage|p2a: Hydrapple|26/100 tox|[from] item: Life Orb
|
|-weather|Snowscape|[upkeep]
|-damage|p2a: Hydrapple|14/100 tox|[from] psn
|upkeep
|
|t:|1781447131
|switch|p1a: Samurott|Samurott-Hisui, M|40/100
|-damage|p1a: Samurott|28/100|[from] Stealth Rock
|-damage|p1a: Samurott|15/100|[from] Spikes
|turn|24
|j| newhere1310
|
|t:|1781447141
|switch|p2a: Cinderace|Cinderace, M|100/100
|move|p1a: Samurott|Ceaseless Edge|p2a: Cinderace
|-damage|p2a: Cinderace|15/100
|-sidestart|p2: BARJI|Spikes
|
|-weather|Snowscape|[upkeep]
|upkeep
|turn|25
|
|t:|1781447161
|move|p2a: Cinderace|U-turn|p1a: Samurott
|-supereffective|p1a: Samurott
|-damage|p1a: Samurott|0 fnt
|faint|p1a: Samurott
|
|t:|1781447163
|switch|p2a: Slowking|Slowking-Galar, M|100/100|[from] U-turn
|-damage|p2a: Slowking|88/100|[from] Stealth Rock
|-damage|p2a: Slowking|76/100|[from] Spikes
|
|-weather|Snowscape|[upkeep]
|upkeep
|
|t:|1781447165
|switch|p1a: Gliscor|Gliscor, M|100/100 tox
|-damage|p1a: Gliscor|88/100 tox|[from] Stealth Rock
|turn|26
|
|t:|1781447170
|-terastallize|p2a: Slowking|Fairy
|move|p1a: Gliscor|Protect|p1a: Gliscor
|-singleturn|p1a: Gliscor|Protect
|move|p2a: Slowking|Psychic Noise|p1a: Gliscor
|-activate|p1a: Gliscor|move: Protect
|
|-weather|none
|-heal|p1a: Gliscor|100/100 tox|[from] ability: Poison Heal
|upkeep
|turn|27
|
|t:|1781447176
|move|p1a: Gliscor|Toxic|p2a: Slowking
|-status|p2a: Slowking|tox
|move|p2a: Slowking|Psychic Noise|p1a: Gliscor
|-damage|p1a: Gliscor|50/100 tox
|-start|p1a: Gliscor|move: Heal Block
|
|-damage|p2a: Slowking|69/100 tox|[from] psn
|upkeep
|turn|28
|
|t:|1781447181
|move|p1a: Gliscor|Protect|p1a: Gliscor
|-singleturn|p1a: Gliscor|Protect
|move|p2a: Slowking|Psychic Noise|p1a: Gliscor
|-activate|p1a: Gliscor|move: Protect
|
|-damage|p2a: Slowking|57/100 tox|[from] psn
|-end|p1a: Gliscor|move: Heal Block
|upkeep
|turn|29
|
|t:|1781447183
|move|p1a: Gliscor|Protect||[still]
|-fail|p1a: Gliscor
|move|p2a: Slowking|Psychic Noise|p1a: Gliscor
|-crit|p1a: Gliscor
|-damage|p1a: Gliscor|0 fnt
|faint|p1a: Gliscor
|
|win|BARJI
|raw|slightlyartistic's rating: 1559 &rarr; <strong>1539</strong><br />(-20 for losing)
|raw|BARJI's rating: 1560 &rarr; <strong>1580</strong><br />(+20 for winning)
|l|☆BARJI
|player|p2|
|l| newhere1310
|l|☆slightlyartistic
|player|p1|
