|j|☆kennojex
|j|‽LT_Alt1
|t:|1781239453
|gametype|singles
|player|p1|kennojex|lucas|1644
|player|p2|LT_Alt1|102|1718
|gen|9
|tier|[Gen 9] OU
|rated|
|rule|HP Percentage Mod: HP is shown in percentages
|rule|Endless Battle Clause: Forcing endless battles is banned
|rule|Species Clause: Limit one of each Pokémon
|rule|OHKO Clause: OHKO moves are banned
|rule|Evasion Items Clause: Evasion items are banned
|rule|Evasion Moves Clause: Evasion moves are banned
|rule|Evasion Abilities Clause: Evasion abilities are banned
|rule|Sleep Moves Clause: Sleep-inducing moves are banned
|clearpoke
|poke|p1|Grimmsnarl, M|
|poke|p1|Garganacl, F|
|poke|p1|Manaphy|
|poke|p1|Latias, F|
|poke|p1|Corviknight, M|
|poke|p1|Kommo-o, M|
|poke|p2|Kyurem|
|poke|p2|Raging Bolt|
|poke|p2|Hatterene, F|
|poke|p2|Slowking-Galar, M|
|poke|p2|Ting-Lu|
|poke|p2|Corviknight, M|
|teampreview
|
|t:|1781239469
|teamsize|p1|6
|teamsize|p2|6
|start
|switch|p1a: Garganacl|Garganacl, F|100/100
|switch|p2a: Raging Bolt|Raging Bolt|100/100
|turn|1
|j| Vitriso
|
|t:|1781239485
|move|p2a: Raging Bolt|Volt Switch|p1a: Garganacl
|-damage|p1a: Garganacl|75/100
|l| Vitriso
|
|t:|1781239488
|-end|p2a: Raging Bolt|Protosynthesis|[silent]
|switch|p2a: Hatterene|Hatterene, F|100/100|[from] Volt Switch
|move|p1a: Garganacl|Salt Cure|p2a: Hatterene
|-damage|p2a: Hatterene|87/100
|-start|p2a: Hatterene|Salt Cure
|
|-heal|p1a: Garganacl|81/100|[from] item: Leftovers
|-heal|p2a: Hatterene|93/100|[from] item: Leftovers
|-damage|p2a: Hatterene|81/100|[from] Salt Cure
|upkeep
|turn|2
|
|t:|1781239496
|move|p1a: Garganacl|Iron Defense|p1a: Garganacl
|-boost|p1a: Garganacl|def|2
|move|p2a: Hatterene|Nuzzle|p1a: Garganacl
|-damage|p1a: Garganacl|79/100
|
|-heal|p1a: Garganacl|86/100|[from] item: Leftovers
|-heal|p2a: Hatterene|87/100|[from] item: Leftovers
|-damage|p2a: Hatterene|74/100|[from] Salt Cure
|upkeep
|turn|3
|
|t:|1781239503
|move|p1a: Garganacl|Salt Cure|p2a: Hatterene
|-damage|p2a: Hatterene|60/100
|move|p2a: Hatterene|Nuzzle|p1a: Garganacl
|-damage|p1a: Garganacl|84/100
|
|-heal|p1a: Garganacl|91/100|[from] item: Leftovers
|-heal|p2a: Hatterene|66/100|[from] item: Leftovers
|-damage|p2a: Hatterene|54/100|[from] Salt Cure
|upkeep
|turn|4
|
|t:|1781239506
|move|p1a: Garganacl|Iron Defense|p1a: Garganacl
|-boost|p1a: Garganacl|def|2
|move|p2a: Hatterene|Pain Split|p1a: Garganacl
|-sethp|p1a: Garganacl|64/100|[from] move: Pain Split|[silent]
|-sethp|p2a: Hatterene|91/100|[from] move: Pain Split
|
|-heal|p1a: Garganacl|71/100|[from] item: Leftovers
|-heal|p2a: Hatterene|97/100|[from] item: Leftovers
|-damage|p2a: Hatterene|84/100|[from] Salt Cure
|upkeep
|turn|5
|
|t:|1781239513
|switch|p2a: Slowking|Slowking-Galar, M|100/100
|move|p1a: Garganacl|Recover|p1a: Garganacl
|-heal|p1a: Garganacl|100/100
|
|upkeep
|turn|6
|
|t:|1781239516
|move|p1a: Garganacl|Salt Cure|p2a: Slowking
|-damage|p2a: Slowking|89/100
|-start|p2a: Slowking|Salt Cure
|move|p2a: Slowking|Future Sight|p1a: Garganacl
|-start|p2a: Slowking|move: Future Sight
|
|-damage|p2a: Slowking|76/100|[from] Salt Cure
|upkeep
|turn|7
|
|t:|1781239520
|move|p1a: Garganacl|Iron Defense|p1a: Garganacl
|-boost|p1a: Garganacl|def|2
|-prepare|p2a: Slowking|Chilly Reception|[premajor]
|move|p2a: Slowking|Chilly Reception|p2a: Slowking
|-weather|Snowscape
|
|t:|1781239526
|switch|p2a: Raging Bolt|Raging Bolt|100/100|[from] Chilly Reception
|
|-weather|Snowscape|[upkeep]
|upkeep
|turn|8
|
|t:|1781239530
|move|p2a: Raging Bolt|Volt Switch|p1a: Garganacl
|-damage|p1a: Garganacl|76/100
|
|t:|1781239532
|-end|p2a: Raging Bolt|Protosynthesis|[silent]
|switch|p2a: Slowking|Slowking-Galar, M|100/100|[from] Volt Switch
|move|p1a: Garganacl|Salt Cure|p2a: Slowking
|-damage|p2a: Slowking|88/100
|-start|p2a: Slowking|Salt Cure
|
|-weather|Snowscape|[upkeep]
|-end|p1a: Garganacl|move: Future Sight
|-damage|p1a: Garganacl|45/100
|-heal|p1a: Garganacl|51/100|[from] item: Leftovers
|-damage|p2a: Slowking|76/100|[from] Salt Cure
|upkeep
|turn|9
|
|t:|1781239537
|move|p1a: Garganacl|Body Press|p2a: Slowking
|-resisted|p2a: Slowking
|-damage|p2a: Slowking|56/100
|move|p2a: Slowking|Future Sight|p1a: Garganacl
|-start|p2a: Slowking|move: Future Sight
|
|-weather|Snowscape|[upkeep]
|-heal|p1a: Garganacl|57/100|[from] item: Leftovers
|-damage|p2a: Slowking|44/100|[from] Salt Cure
|upkeep
|turn|10
|
|t:|1781239539
|move|p1a: Garganacl|Body Press|p2a: Slowking
|-resisted|p2a: Slowking
|-damage|p2a: Slowking|24/100
|-prepare|p2a: Slowking|Chilly Reception|[premajor]
|move|p2a: Slowking|Chilly Reception|p2a: Slowking
|
|t:|1781239543
|switch|p2a: Raging Bolt|Raging Bolt|100/100|[from] Chilly Reception
|
|-weather|Snowscape|[upkeep]
|-heal|p1a: Garganacl|63/100|[from] item: Leftovers
|upkeep
|turn|11
|
|t:|1781239548
|move|p2a: Raging Bolt|Volt Switch|p1a: Garganacl
|-damage|p1a: Garganacl|39/100
|
|t:|1781239550
|-end|p2a: Raging Bolt|Protosynthesis|[silent]
|switch|p2a: Slowking|Slowking-Galar, M|58/100|[from] Volt Switch
|move|p1a: Garganacl|Recover|p1a: Garganacl
|-heal|p1a: Garganacl|89/100
|
|-weather|none
|-end|p1a: Garganacl|move: Future Sight
|-damage|p1a: Garganacl|62/100
|-heal|p1a: Garganacl|68/100|[from] item: Leftovers
|upkeep
|turn|12
|
|t:|1781239555
|move|p1a: Garganacl|Salt Cure|p2a: Slowking
|-damage|p2a: Slowking|45/100
|-start|p2a: Slowking|Salt Cure
|-prepare|p2a: Slowking|Chilly Reception|[premajor]
|move|p2a: Slowking|Chilly Reception|p2a: Slowking
|-weather|Snowscape
|
|t:|1781239558
|switch|p2a: Raging Bolt|Raging Bolt|100/100|[from] Chilly Reception
|
|-weather|Snowscape|[upkeep]
|-heal|p1a: Garganacl|74/100|[from] item: Leftovers
|upkeep
|turn|13
|
|t:|1781239560
|move|p2a: Raging Bolt|Volt Switch|p1a: Garganacl
|-damage|p1a: Garganacl|46/100
|
|t:|1781239563
|-end|p2a: Raging Bolt|Protosynthesis|[silent]
|switch|p2a: Slowking|Slowking-Galar, M|78/100|[from] Volt Switch
|move|p1a: Garganacl|Body Press|p2a: Slowking
|-resisted|p2a: Slowking
|-damage|p2a: Slowking|57/100
|
|-weather|Snowscape|[upkeep]
|-heal|p1a: Garganacl|52/100|[from] item: Leftovers
|upkeep
|turn|14
|
|t:|1781239566
|move|p1a: Garganacl|Body Press|p2a: Slowking
|-resisted|p2a: Slowking
|-damage|p2a: Slowking|36/100
|-prepare|p2a: Slowking|Chilly Reception|[premajor]
|move|p2a: Slowking|Chilly Reception|p2a: Slowking
|
|t:|1781239568
|switch|p2a: Raging Bolt|Raging Bolt|100/100|[from] Chilly Reception
|
|-weather|Snowscape|[upkeep]
|-heal|p1a: Garganacl|59/100|[from] item: Leftovers
|upkeep
|turn|15
|
|t:|1781239571
|move|p2a: Raging Bolt|Volt Switch|p1a: Garganacl
|-damage|p1a: Garganacl|31/100
|
|t:|1781239574
|-end|p2a: Raging Bolt|Protosynthesis|[silent]
|switch|p2a: Slowking|Slowking-Galar, M|70/100|[from] Volt Switch
|move|p1a: Garganacl|Recover|p1a: Garganacl
|-heal|p1a: Garganacl|81/100
|
|-weather|Snowscape|[upkeep]
|-heal|p1a: Garganacl|87/100|[from] item: Leftovers
|upkeep
|turn|16
|
|t:|1781239578
|move|p1a: Garganacl|Salt Cure|p2a: Slowking
|-damage|p2a: Slowking|57/100
|-start|p2a: Slowking|Salt Cure
|move|p2a: Slowking|Future Sight|p1a: Garganacl
|-start|p2a: Slowking|move: Future Sight
|
|-weather|none
|-heal|p1a: Garganacl|93/100|[from] item: Leftovers
|-damage|p2a: Slowking|45/100|[from] Salt Cure
|upkeep
|turn|17
|
|t:|1781239590
|move|p1a: Garganacl|Body Press|p2a: Slowking
|-resisted|p2a: Slowking
|-damage|p2a: Slowking|24/100
|-prepare|p2a: Slowking|Chilly Reception|[premajor]
|move|p2a: Slowking|Chilly Reception|p2a: Slowking
|-weather|Snowscape
|
|t:|1781239593
|switch|p2a: Raging Bolt|Raging Bolt|100/100|[from] Chilly Reception
|
|-weather|Snowscape|[upkeep]
|-heal|p1a: Garganacl|99/100|[from] item: Leftovers
|upkeep
|turn|18
|
|t:|1781239597
|move|p2a: Raging Bolt|Volt Switch|p1a: Garganacl
|-damage|p1a: Garganacl|75/100
|
|t:|1781239599
|-end|p2a: Raging Bolt|Protosynthesis|[silent]
|switch|p2a: Slowking|Slowking-Galar, M|57/100|[from] Volt Switch
|move|p1a: Garganacl|Body Press|p2a: Slowking
|-resisted|p2a: Slowking
|-damage|p2a: Slowking|38/100
|
|-weather|Snowscape|[upkeep]
|-end|p1a: Garganacl|move: Future Sight
|-damage|p1a: Garganacl|47/100
|-heal|p1a: Garganacl|53/100|[from] item: Leftovers
|upkeep
|turn|19
|
|t:|1781239604
|move|p1a: Garganacl|Body Press|p2a: Slowking
|-resisted|p2a: Slowking
|-damage|p2a: Slowking|18/100
|-prepare|p2a: Slowking|Chilly Reception|[premajor]
|move|p2a: Slowking|Chilly Reception|p2a: Slowking
|
|t:|1781239606
|switch|p2a: Raging Bolt|Raging Bolt|100/100|[from] Chilly Reception
|
|-weather|Snowscape|[upkeep]
|-heal|p1a: Garganacl|59/100|[from] item: Leftovers
|upkeep
|turn|20
|
|t:|1781239609
|move|p2a: Raging Bolt|Volt Switch|p1a: Garganacl
|-crit|p1a: Garganacl
|-damage|p1a: Garganacl|22/100
|
|t:|1781239612
|-end|p2a: Raging Bolt|Protosynthesis|[silent]
|switch|p2a: Slowking|Slowking-Galar, M|51/100|[from] Volt Switch
|move|p1a: Garganacl|Recover|p1a: Garganacl
|-heal|p1a: Garganacl|72/100
|
|-weather|Snowscape|[upkeep]
|-heal|p1a: Garganacl|78/100|[from] item: Leftovers
|upkeep
|turn|21
|
|t:|1781239616
|move|p1a: Garganacl|Salt Cure|p2a: Slowking
|-damage|p2a: Slowking|40/100
|-start|p2a: Slowking|Salt Cure
|-prepare|p2a: Slowking|Chilly Reception|[premajor]
|move|p2a: Slowking|Chilly Reception|p2a: Slowking
|
|t:|1781239618
|switch|p2a: Raging Bolt|Raging Bolt|100/100|[from] Chilly Reception
|
|-weather|none
|-heal|p1a: Garganacl|84/100|[from] item: Leftovers
|upkeep
|turn|22
|
|t:|1781239623
|move|p2a: Raging Bolt|Volt Switch|p1a: Garganacl
|-damage|p1a: Garganacl|58/100
|
|t:|1781239626
|-end|p2a: Raging Bolt|Protosynthesis|[silent]
|switch|p2a: Slowking|Slowking-Galar, M|73/100|[from] Volt Switch
|move|p1a: Garganacl|Salt Cure|p2a: Slowking
|-damage|p2a: Slowking|60/100
|-start|p2a: Slowking|Salt Cure
|
|-heal|p1a: Garganacl|64/100|[from] item: Leftovers
|-damage|p2a: Slowking|48/100|[from] Salt Cure
|upkeep
|turn|23
|
|t:|1781239632
|move|p1a: Garganacl|Body Press|p2a: Slowking
|-resisted|p2a: Slowking
|-damage|p2a: Slowking|27/100
|-prepare|p2a: Slowking|Chilly Reception|[premajor]
|move|p2a: Slowking|Chilly Reception|p2a: Slowking
|-weather|Snowscape
|
|t:|1781239636
|switch|p2a: Raging Bolt|Raging Bolt|100/100|[from] Chilly Reception
|
|-weather|Snowscape|[upkeep]
|-heal|p1a: Garganacl|70/100|[from] item: Leftovers
|upkeep
|turn|24
|j| Mega Delibird X
|
|t:|1781239641
|switch|p1a: Latias|Latias, F|100/100
|move|p2a: Raging Bolt|Volt Switch|p1a: Latias
|-resisted|p1a: Latias
|-crit|p1a: Latias
|-damage|p1a: Latias|80/100
|
|t:|1781239647
|-end|p2a: Raging Bolt|Protosynthesis|[silent]
|switch|p2a: Hatterene|Hatterene, F|84/100|[from] Volt Switch
|
|-weather|Snowscape|[upkeep]
|-heal|p2a: Hatterene|90/100|[from] item: Leftovers
|upkeep
|turn|25
|
|t:|1781239652
|move|p1a: Latias|Calm Mind|p1a: Latias
|-boost|p1a: Latias|spa|1
|-boost|p1a: Latias|spd|1
|move|p2a: Hatterene|Nuzzle|p1a: Latias
|-resisted|p1a: Latias
|-damage|p1a: Latias|78/100
|-status|p1a: Latias|par
|
|-weather|Snowscape|[upkeep]
|-heal|p2a: Hatterene|96/100|[from] item: Leftovers
|upkeep
|turn|26
|
|t:|1781239657
|switch|p2a: Ting-Lu|Ting-Lu|100/100
|-ability|p2a: Ting-Lu|Vessel of Ruin
|move|p1a: Latias|Calm Mind|p1a: Latias
|-boost|p1a: Latias|spa|1
|-boost|p1a: Latias|spd|1
|
|-weather|Snowscape|[upkeep]
|upkeep
|turn|27
|
|t:|1781239665
|move|p1a: Latias|Draining Kiss|p2a: Ting-Lu
|-supereffective|p2a: Ting-Lu
|-damage|p2a: Ting-Lu|76/100
|-heal|p1a: Latias|100/100 par|[from] drain|[of] p2a: Ting-Lu
|move|p2a: Ting-Lu|Whirlwind|p1a: Latias
|drag|p1a: Garganacl|Garganacl, F|70/100
|
|-weather|none
|-heal|p2a: Ting-Lu|82/100|[from] item: Leftovers
|-heal|p1a: Garganacl|76/100|[from] item: Leftovers
|upkeep
|turn|28
|
|t:|1781239668
|move|p2a: Ting-Lu|Spikes|p1a: Garganacl
|-sidestart|p1: kennojex|Spikes
|move|p1a: Garganacl|Salt Cure|p2a: Ting-Lu
|-resisted|p2a: Ting-Lu
|-damage|p2a: Ting-Lu|79/100
|-start|p2a: Ting-Lu|Salt Cure
|
|-heal|p2a: Ting-Lu|85/100|[from] item: Leftovers
|-heal|p1a: Garganacl|82/100|[from] item: Leftovers
|-damage|p2a: Ting-Lu|73/100|[from] Salt Cure
|upkeep
|turn|29
|
|t:|1781239672
|switch|p2a: Slowking|Slowking-Galar, M|60/100
|move|p1a: Garganacl|Body Press|p2a: Slowking
|-resisted|p2a: Slowking
|-damage|p2a: Slowking|55/100
|
|-heal|p1a: Garganacl|89/100|[from] item: Leftovers
|upkeep
|turn|30
|
|t:|1781239678
|switch|p1a: Grimmsnarl|Grimmsnarl, M|100/100
|-damage|p1a: Grimmsnarl|88/100|[from] Spikes
|move|p2a: Slowking|Future Sight|p1a: Grimmsnarl
|-start|p2a: Slowking|move: Future Sight
|
|upkeep
|turn|31
|
|t:|1781239684
|switch|p2a: Hatterene|Hatterene, F|96/100
|move|p1a: Grimmsnarl|Parting Shot|p2a: Hatterene
|move|p2a: Hatterene|Parting Shot|p1a: Grimmsnarl|[from] ability: Magic Bounce
|-unboost|p1a: Grimmsnarl|atk|1
|-unboost|p1a: Grimmsnarl|spa|1
|
|t:|1781239693
|switch|p2a: Slowking|Slowking-Galar, M|88/100|[from] Parting Shot
|
|upkeep
|turn|32
|
|t:|1781239699
|move|p1a: Grimmsnarl|Parting Shot|p2a: Slowking
|-unboost|p2a: Slowking|atk|1
|-unboost|p2a: Slowking|spa|1
|
|t:|1781239701
|switch|p1a: Corviknight|Corviknight, M, shiny|100/100|[from] Parting Shot
|move|p2a: Slowking|Flamethrower|p1a: Corviknight
|-supereffective|p1a: Corviknight
|-damage|p1a: Corviknight|78/100
|
|-end|p1a: Corviknight|move: Future Sight
|-resisted|p1a: Corviknight
|-damage|p1a: Corviknight|68/100
|-heal|p1a: Corviknight|74/100|[from] item: Leftovers
|upkeep
|turn|33
|
|t:|1781239709
|switch|p1a: Grimmsnarl|Grimmsnarl, M|88/100
|-damage|p1a: Grimmsnarl|76/100|[from] Spikes
|move|p2a: Slowking|Flamethrower|p1a: Grimmsnarl
|-damage|p1a: Grimmsnarl|64/100
|
|upkeep
|turn|34
|
|t:|1781239713
|move|p1a: Grimmsnarl|Light Screen|p1a: Grimmsnarl
|-sidestart|p1: kennojex|move: Light Screen
|move|p2a: Slowking|Sludge Bomb|p1a: Grimmsnarl
|-supereffective|p1a: Grimmsnarl
|-damage|p1a: Grimmsnarl|47/100
|-status|p1a: Grimmsnarl|psn
|
|-damage|p1a: Grimmsnarl|34/100 psn|[from] psn
|upkeep
|turn|35
|
|t:|1781239716
|switch|p2a: Hatterene|Hatterene, F|96/100
|move|p1a: Grimmsnarl|Reflect|p1a: Grimmsnarl
|-sidestart|p1: kennojex|Reflect
|
|-heal|p2a: Hatterene|100/100|[from] item: Leftovers
|-damage|p1a: Grimmsnarl|22/100 psn|[from] psn
|upkeep
|turn|36
|
|t:|1781239721
|switch|p1a: Latias|Latias, F|100/100 par
|move|p2a: Hatterene|Nuzzle|p1a: Latias
|-resisted|p1a: Latias
|-damage|p1a: Latias|99/100 par
|
|upkeep
|turn|37
|
|t:|1781239724
|switch|p2a: Ting-Lu|Ting-Lu|73/100
|-ability|p2a: Ting-Lu|Vessel of Ruin
|cant|p1a: Latias|par
|
|-heal|p2a: Ting-Lu|79/100|[from] item: Leftovers
|upkeep
|turn|38
|
|t:|1781239730
|move|p1a: Latias|Draining Kiss|p2a: Ting-Lu
|-supereffective|p2a: Ting-Lu
|-damage|p2a: Ting-Lu|66/100
|-heal|p1a: Latias|100/100 par|[from] drain|[of] p2a: Ting-Lu
|move|p2a: Ting-Lu|Spikes|p1a: Latias
|-sidestart|p1: kennojex|Spikes
|
|-heal|p2a: Ting-Lu|72/100|[from] item: Leftovers
|upkeep
|turn|39
|
|t:|1781239734
|move|p1a: Latias|Calm Mind|p1a: Latias
|-boost|p1a: Latias|spa|1
|-boost|p1a: Latias|spd|1
|move|p2a: Ting-Lu|Spikes|p1a: Latias
|-sidestart|p1: kennojex|Spikes
|
|-heal|p2a: Ting-Lu|79/100|[from] item: Leftovers
|upkeep
|turn|40
|l| Mega Delibird X
|
|t:|1781239737
|cant|p1a: Latias|par
|move|p2a: Ting-Lu|Ruination|p1a: Latias
|-damage|p1a: Latias|50/100 par
|
|-heal|p2a: Ting-Lu|85/100|[from] item: Leftovers
|upkeep
|turn|41
|
|t:|1781239743
|move|p1a: Latias|Draining Kiss|p2a: Ting-Lu
|-supereffective|p2a: Ting-Lu
|-damage|p2a: Ting-Lu|66/100
|-heal|p1a: Latias|70/100 par|[from] drain|[of] p2a: Ting-Lu
|move|p2a: Ting-Lu|Whirlwind|p1a: Latias
|drag|p1a: Garganacl|Garganacl, F|89/100
|-damage|p1a: Garganacl|64/100|[from] Spikes
|
|-heal|p2a: Ting-Lu|73/100|[from] item: Leftovers
|-heal|p1a: Garganacl|70/100|[from] item: Leftovers
|-sideend|p1: kennojex|move: Light Screen
|upkeep
|turn|42
|
|t:|1781239752
|switch|p2a: Slowking|Slowking-Galar, M|100/100
|move|p1a: Garganacl|Salt Cure|p2a: Slowking
|-damage|p2a: Slowking|88/100
|-start|p2a: Slowking|Salt Cure
|
|-heal|p1a: Garganacl|76/100|[from] item: Leftovers
|-damage|p2a: Slowking|76/100|[from] Salt Cure
|-sideend|p1: kennojex|Reflect
|upkeep
|turn|43
|
|t:|1781239758
|switch|p1a: Grimmsnarl|Grimmsnarl, M|22/100 psn
|-damage|p1a: Grimmsnarl|0 fnt|[from] Spikes
|faint|p1a: Grimmsnarl
|move|p2a: Slowking|Future Sight|p1: Grimmsnarl
|-start|p2a: Slowking|move: Future Sight
|
|-damage|p2a: Slowking|63/100|[from] Salt Cure
|upkeep
|
|t:|1781239761
|switch|p1a: Corviknight|Corviknight, M, shiny|74/100
|turn|44
|
|t:|1781239764
|move|p1a: Corviknight|Agility|p1a: Corviknight
|-boost|p1a: Corviknight|spe|2
|move|p2a: Slowking|Flamethrower|p1a: Corviknight
|-supereffective|p1a: Corviknight
|-damage|p1a: Corviknight|44/100
|
|-heal|p1a: Corviknight|50/100|[from] item: Leftovers
|-damage|p2a: Slowking|51/100|[from] Salt Cure
|upkeep
|turn|45
|
|t:|1781239770
|switch|p2a: Raging Bolt|Raging Bolt|100/100
|move|p1a: Corviknight|Roost|p1a: Corviknight
|-heal|p1a: Corviknight|99/100
|-singleturn|p1a: Corviknight|move: Roost
|
|-end|p1a: Corviknight|move: Future Sight
|-resisted|p1a: Corviknight
|-damage|p1a: Corviknight|86/100
|-heal|p1a: Corviknight|92/100|[from] item: Leftovers
|upkeep
|turn|46
|
|t:|1781239779
|switch|p1a: Latias|Latias, F|70/100 par
|move|p2a: Raging Bolt|Thunderbolt|p1a: Latias
|-resisted|p1a: Latias
|-damage|p1a: Latias|50/100 par
|
|upkeep
|turn|47
|
|t:|1781239786
|move|p2a: Raging Bolt|Draco Meteor|p1a: Latias
|-supereffective|p1a: Latias
|-damage|p1a: Latias|0 fnt
|-unboost|p2a: Raging Bolt|spa|2
|faint|p1a: Latias
|
|upkeep
|
|t:|1781239789
|switch|p1a: Kommo-o|Kommo-o, M|100/100
|-damage|p1a: Kommo-o|76/100|[from] Spikes
|turn|48
|
|t:|1781239798
|move|p1a: Kommo-o|Clangorous Soul|p1a: Kommo-o
|-boost|p1a: Kommo-o|atk|1
|-boost|p1a: Kommo-o|def|1
|-boost|p1a: Kommo-o|spa|1
|-boost|p1a: Kommo-o|spd|1
|-boost|p1a: Kommo-o|spe|1
|-damage|p1a: Kommo-o|43/100
|-enditem|p1a: Kommo-o|Throat Spray
|-boost|p1a: Kommo-o|spa|1|[from] item: Throat Spray
|move|p2a: Raging Bolt|Volt Switch|p1a: Kommo-o
|-resisted|p1a: Kommo-o
|-damage|p1a: Kommo-o|36/100
|
|t:|1781239807
|-end|p2a: Raging Bolt|Protosynthesis|[silent]
|switch|p2a: Ting-Lu|Ting-Lu|73/100|[from] Volt Switch
|-ability|p2a: Ting-Lu|Vessel of Ruin
|
|-heal|p2a: Ting-Lu|79/100|[from] item: Leftovers
|upkeep
|turn|49
|
|t:|1781239814
|-terastallize|p2a: Ting-Lu|Ghost
|move|p1a: Kommo-o|Drain Punch|p2a: Ting-Lu
|-immune|p2a: Ting-Lu
|move|p2a: Ting-Lu|Whirlwind|p1a: Kommo-o
|drag|p1a: Garganacl|Garganacl, F|76/100
|-damage|p1a: Garganacl|51/100|[from] Spikes
|
|-heal|p2a: Ting-Lu|85/100|[from] item: Leftovers
|-heal|p1a: Garganacl|57/100|[from] item: Leftovers
|upkeep
|turn|50
|
|t:|1781239853
|switch|p2a: Slowking|Slowking-Galar, M|84/100
|move|p1a: Garganacl|Salt Cure|p2a: Slowking
|-damage|p2a: Slowking|72/100
|-start|p2a: Slowking|Salt Cure
|
|-heal|p1a: Garganacl|63/100|[from] item: Leftovers
|-damage|p2a: Slowking|59/100|[from] Salt Cure
|upkeep
|turn|51
|
|t:|1781239890
|switch|p1a: Kommo-o|Kommo-o, M|36/100
|-damage|p1a: Kommo-o|11/100|[from] Spikes
|-prepare|p2a: Slowking|Chilly Reception|[premajor]
|move|p2a: Slowking|Chilly Reception|p2a: Slowking
|-weather|Snowscape
|
|t:|1781239897
|switch|p2a: Kyurem|Kyurem|100/100|[from] Chilly Reception
|-ability|p2a: Kyurem|Pressure
|
|-weather|Snowscape|[upkeep]
|upkeep
|turn|52
|
|t:|1781239908
|move|p2a: Kyurem|Freeze-Dry|p1a: Kommo-o
|-supereffective|p1a: Kommo-o
|-damage|p1a: Kommo-o|0 fnt
|faint|p1a: Kommo-o
|
|-weather|Snowscape|[upkeep]
|upkeep
|
|t:|1781239947
|switch|p1a: Garganacl|Garganacl, F|63/100
|-damage|p1a: Garganacl|38/100|[from] Spikes
|turn|53
|
|t:|1781239961
|switch|p2a: Slowking|Slowking-Galar, M|93/100
|move|p1a: Garganacl|Salt Cure|p2a: Slowking
|-damage|p2a: Slowking|80/100
|-start|p2a: Slowking|Salt Cure
|
|-weather|Snowscape|[upkeep]
|-heal|p1a: Garganacl|45/100|[from] item: Leftovers
|-damage|p2a: Slowking|68/100|[from] Salt Cure
|upkeep
|turn|54
|
|t:|1781239967
|move|p1a: Garganacl|Iron Defense|p1a: Garganacl
|-boost|p1a: Garganacl|def|2
|move|p2a: Slowking|Future Sight|p1a: Garganacl
|-start|p2a: Slowking|move: Future Sight
|
|-weather|Snowscape|[upkeep]
|-heal|p1a: Garganacl|51/100|[from] item: Leftovers
|-damage|p2a: Slowking|56/100|[from] Salt Cure
|upkeep
|turn|55
|
|t:|1781239969
|move|p1a: Garganacl|Recover|p1a: Garganacl
|-heal|p1a: Garganacl|100/100
|-prepare|p2a: Slowking|Chilly Reception|[premajor]
|move|p2a: Slowking|Chilly Reception|p2a: Slowking
|
|t:|1781239972
|switch|p2a: Raging Bolt|Raging Bolt|100/100|[from] Chilly Reception
|
|-weather|none
|upkeep
|turn|56
|
|t:|1781239974
|move|p2a: Raging Bolt|Volt Switch|p1a: Garganacl
|-damage|p1a: Garganacl|75/100
|
|t:|1781239977
|-end|p2a: Raging Bolt|Protosynthesis|[silent]
|switch|p2a: Slowking|Slowking-Galar, M|89/100|[from] Volt Switch
|move|p1a: Garganacl|Salt Cure|p2a: Slowking
|-damage|p2a: Slowking|76/100
|-start|p2a: Slowking|Salt Cure
|
|-end|p1a: Garganacl|move: Future Sight
|-damage|p1a: Garganacl|45/100
|-heal|p1a: Garganacl|51/100|[from] item: Leftovers
|-damage|p2a: Slowking|63/100|[from] Salt Cure
|upkeep
|turn|57
|
|t:|1781240013
|switch|p1a: Manaphy|Manaphy|100/100
|-damage|p1a: Manaphy|75/100|[from] Spikes
|move|p2a: Slowking|Future Sight|p1a: Manaphy
|-start|p2a: Slowking|move: Future Sight
|
|-heal|p1a: Manaphy|82/100|[from] item: Leftovers
|-damage|p2a: Slowking|51/100|[from] Salt Cure
|upkeep
|turn|58
|
|t:|1781240019
|move|p1a: Manaphy|Take Heart|p1a: Manaphy
|-boost|p1a: Manaphy|spa|1
|-boost|p1a: Manaphy|spd|1
|-prepare|p2a: Slowking|Chilly Reception|[premajor]
|move|p2a: Slowking|Chilly Reception|p2a: Slowking
|-weather|Snowscape
|
|t:|1781240025
|switch|p2a: Raging Bolt|Raging Bolt|100/100|[from] Chilly Reception
|
|-weather|Snowscape|[upkeep]
|-heal|p1a: Manaphy|88/100|[from] item: Leftovers
|upkeep
|turn|59
|
|t:|1781240029
|switch|p1a: Garganacl|Garganacl, F|51/100
|-damage|p1a: Garganacl|26/100|[from] Spikes
|move|p2a: Raging Bolt|Volt Switch|p1a: Garganacl
|-damage|p1a: Garganacl|0 fnt
|faint|p1a: Garganacl
|
|t:|1781240033
|-end|p2a: Raging Bolt|Protosynthesis|[silent]
|switch|p2a: Kyurem|Kyurem|100/100|[from] Volt Switch
|-ability|p2a: Kyurem|Pressure
|
|-weather|Snowscape|[upkeep]
|-hint|Future Sight did not hit because the target is fainted.
|upkeep
|
|t:|1781240036
|switch|p1a: Corviknight|Corviknight, M, shiny|92/100
|turn|60
|
|t:|1781240042
|move|p2a: Kyurem|Blizzard|p1a: Corviknight
|-damage|p1a: Corviknight|37/100
|move|p1a: Corviknight|Agility|p1a: Corviknight
|-boost|p1a: Corviknight|spe|2
|
|-weather|Snowscape|[upkeep]
|-heal|p1a: Corviknight|43/100|[from] item: Leftovers
|upkeep
|turn|61
|
|t:|1781240052
|move|p1a: Corviknight|Roost|p1a: Corviknight
|-heal|p1a: Corviknight|93/100
|-singleturn|p1a: Corviknight|move: Roost
|move|p2a: Kyurem|Blizzard|p1a: Corviknight
|-resisted|p1a: Corviknight
|-damage|p1a: Corviknight|63/100
|
|-weather|Snowscape|[upkeep]
|-heal|p1a: Corviknight|69/100|[from] item: Leftovers
|upkeep
|turn|62
|
|t:|1781240055
|switch|p2a: Raging Bolt|Raging Bolt|100/100
|move|p1a: Corviknight|Bulk Up|p1a: Corviknight
|-boost|p1a: Corviknight|atk|1
|-boost|p1a: Corviknight|def|1
|
|-weather|none
|-heal|p1a: Corviknight|75/100|[from] item: Leftovers
|upkeep
|turn|63
|
|t:|1781240067
|move|p1a: Corviknight|Roost|p1a: Corviknight
|-heal|p1a: Corviknight|100/100
|-singleturn|p1a: Corviknight|move: Roost
|move|p2a: Raging Bolt|Volt Switch|p1a: Corviknight
|-damage|p1a: Corviknight|71/100
|
|t:|1781240070
|-end|p2a: Raging Bolt|Protosynthesis|[silent]
|switch|p2a: Ting-Lu|Ting-Lu, tera:Ghost|85/100|[from] Volt Switch
|-ability|p2a: Ting-Lu|Vessel of Ruin
|
|-heal|p1a: Corviknight|77/100|[from] item: Leftovers
|-heal|p2a: Ting-Lu|91/100|[from] item: Leftovers
|upkeep
|turn|64
|
|t:|1781240073
|move|p1a: Corviknight|Power Trip|p2a: Ting-Lu
|-supereffective|p2a: Ting-Lu
|-damage|p2a: Ting-Lu|61/100
|move|p2a: Ting-Lu|Whirlwind|p1a: Corviknight
|drag|p1a: Manaphy|Manaphy|88/100
|-damage|p1a: Manaphy|63/100|[from] Spikes
|
|-heal|p1a: Manaphy|69/100|[from] item: Leftovers
|-heal|p2a: Ting-Lu|67/100|[from] item: Leftovers
|upkeep
|turn|65
|
|t:|1781240077
|move|p1a: Manaphy|Scald|p2a: Ting-Lu
|-damage|p2a: Ting-Lu|55/100
|move|p2a: Ting-Lu|Ruination|p1a: Manaphy
|-damage|p1a: Manaphy|35/100
|
|-heal|p1a: Manaphy|41/100|[from] item: Leftovers
|-heal|p2a: Ting-Lu|61/100|[from] item: Leftovers
|upkeep
|turn|66
|
|t:|1781240085
|move|p1a: Manaphy|Take Heart|p1a: Manaphy
|-boost|p1a: Manaphy|spa|1
|-boost|p1a: Manaphy|spd|1
|move|p2a: Ting-Lu|Whirlwind|p1a: Manaphy
|drag|p1a: Corviknight|Corviknight, M, shiny|77/100
|
|-heal|p1a: Corviknight|84/100|[from] item: Leftovers
|-heal|p2a: Ting-Lu|68/100|[from] item: Leftovers
|upkeep
|turn|67
|
|t:|1781240090
|switch|p1a: Manaphy|Manaphy|41/100
|-damage|p1a: Manaphy|16/100|[from] Spikes
|move|p2a: Ting-Lu|Ruination|p1a: Manaphy
|-damage|p1a: Manaphy|8/100
|
|-heal|p1a: Manaphy|14/100|[from] item: Leftovers
|-heal|p2a: Ting-Lu|74/100|[from] item: Leftovers
|upkeep
|turn|68
|
|t:|1781240098
|switch|p2a: Raging Bolt|Raging Bolt|100/100
|move|p1a: Manaphy|Scald|p2a: Raging Bolt
|-resisted|p2a: Raging Bolt
|-damage|p2a: Raging Bolt|93/100
|
|-heal|p1a: Manaphy|20/100|[from] item: Leftovers
|upkeep
|turn|69
|
|t:|1781240102
|move|p1a: Manaphy|Take Heart|p1a: Manaphy
|-boost|p1a: Manaphy|spa|1
|-boost|p1a: Manaphy|spd|1
|move|p2a: Raging Bolt|Volt Switch|p1a: Manaphy
|-supereffective|p1a: Manaphy
|-damage|p1a: Manaphy|0 fnt
|faint|p1a: Manaphy
|
|t:|1781240112
|-end|p2a: Raging Bolt|Protosynthesis|[silent]
|switch|p2a: Hatterene|Hatterene, F|100/100|[from] Volt Switch
|
|upkeep
|
|t:|1781240114
|switch|p1a: Corviknight|Corviknight, M, shiny|84/100
|turn|70
|
|t:|1781240116
|move|p1a: Corviknight|Agility|p1a: Corviknight
|-boost|p1a: Corviknight|spe|2
|move|p2a: Hatterene|Nuzzle|p1a: Corviknight
|-supereffective|p1a: Corviknight
|-damage|p1a: Corviknight|78/100
|-status|p1a: Corviknight|par
|
|-heal|p1a: Corviknight|84/100 par|[from] item: Leftovers
|upkeep
|turn|71
|
|t:|1781240119
|switch|p2a: Raging Bolt|Raging Bolt|93/100
|move|p1a: Corviknight|Agility|p1a: Corviknight
|-boost|p1a: Corviknight|spe|2
|
|-heal|p1a: Corviknight|91/100 par|[from] item: Leftovers
|upkeep
|turn|72
|
|t:|1781240126
|cant|p1a: Corviknight|par
|move|p2a: Raging Bolt|Thunderbolt|p1a: Corviknight
|-supereffective|p1a: Corviknight
|-damage|p1a: Corviknight|19/100 par
|
|-heal|p1a: Corviknight|25/100 par|[from] item: Leftovers
|upkeep
|turn|73
|
|t:|1781240130
|move|p1a: Corviknight|Roost|p1a: Corviknight
|-heal|p1a: Corviknight|75/100 par
|-singleturn|p1a: Corviknight|move: Roost
|move|p2a: Raging Bolt|Thunderbolt|p1a: Corviknight
|-damage|p1a: Corviknight|40/100 par
|
|-heal|p1a: Corviknight|46/100 par|[from] item: Leftovers
|upkeep
|turn|74
|
|t:|1781240132
|move|p1a: Corviknight|Roost|p1a: Corviknight
|-heal|p1a: Corviknight|96/100 par
|-singleturn|p1a: Corviknight|move: Roost
|move|p2a: Raging Bolt|Thunderbolt|p1a: Corviknight
|-damage|p1a: Corviknight|64/100 par
|
|-heal|p1a: Corviknight|70/100 par|[from] item: Leftovers
|upkeep
|turn|75
|
|t:|1781240137
|move|p1a: Corviknight|Bulk Up|p1a: Corviknight
|-boost|p1a: Corviknight|atk|1
|-boost|p1a: Corviknight|def|1
|move|p2a: Raging Bolt|Thunderbolt|p1a: Corviknight
|-supereffective|p1a: Corviknight
|-damage|p1a: Corviknight|2/100 par
|
|-heal|p1a: Corviknight|8/100 par|[from] item: Leftovers
|upkeep
|turn|76
|
|t:|1781240142
|move|p1a: Corviknight|Roost|p1a: Corviknight
|-heal|p1a: Corviknight|58/100 par
|-singleturn|p1a: Corviknight|move: Roost
|move|p2a: Raging Bolt|Thunderbolt|p1a: Corviknight
|-damage|p1a: Corviknight|25/100 par
|
|-heal|p1a: Corviknight|31/100 par|[from] item: Leftovers
|upkeep
|turn|77
|
|t:|1781240146
|move|p1a: Corviknight|Roost|p1a: Corviknight
|-heal|p1a: Corviknight|81/100 par
|-singleturn|p1a: Corviknight|move: Roost
|move|p2a: Raging Bolt|Thunderbolt|p1a: Corviknight
|-damage|p1a: Corviknight|44/100 par
|
|-heal|p1a: Corviknight|50/100 par|[from] item: Leftovers
|upkeep
|turn|78
|
|t:|1781240149
|move|p1a: Corviknight|Roost|p1a: Corviknight
|-heal|p1a: Corviknight|100/100 par
|-singleturn|p1a: Corviknight|move: Roost
|move|p2a: Raging Bolt|Thunderbolt|p1a: Corviknight
|-damage|p1a: Corviknight|67/100 par
|
|-heal|p1a: Corviknight|74/100 par|[from] item: Leftovers
|upkeep
|turn|79
|
|t:|1781240152
|move|p1a: Corviknight|Bulk Up|p1a: Corviknight
|-boost|p1a: Corviknight|atk|1
|-boost|p1a: Corviknight|def|1
|move|p2a: Raging Bolt|Thunderbolt|p1a: Corviknight
|-supereffective|p1a: Corviknight
|-damage|p1a: Corviknight|5/100 par
|
|-heal|p1a: Corviknight|11/100 par|[from] item: Leftovers
|upkeep
|turn|80
|
|t:|1781240157
|move|p1a: Corviknight|Power Trip|p2a: Raging Bolt
|-damage|p2a: Raging Bolt|32/100
|move|p2a: Raging Bolt|Thunderbolt|p1a: Corviknight
|-supereffective|p1a: Corviknight
|-crit|p1a: Corviknight
|-damage|p1a: Corviknight|0 fnt
|faint|p1a: Corviknight
|
|win|LT_Alt1
|raw|kennojex's rating: 1644 &rarr; <strong>1628</strong><br />(-16 for losing)
|raw|LT_Alt1's rating: 1718 &rarr; <strong>1734</strong><br />(+16 for winning)
|l|☆kennojex
|player|p1|
