|j|☆Titanosaurus
|j|☆Yujiro-Jamon
|t:|1781292546
|gametype|singles
|player|p1|Titanosaurus|byron|1559
|player|p2|Yujiro-Jamon|alder|1583
|gen|9
|tier|[Gen 9] OU
|rated|
|rule|HP Percentage Mod: HP is shown in percentages
|rule|Endless Battle Clause: Forcing endless battles is banned
|rule|Species Clause: Limit one of each Pokémon
|rule|OHKO Clause: OHKO moves are banned
|rule|Evasion Items Clause: Evasion items are banned
|rule|Evasion Moves Clause: Evasion moves are banned
|rule|Evasion Abilities Clause: Evasion abilities are banned
|rule|Sleep Moves Clause: Sleep-inducing moves are banned
|clearpoke
|poke|p1|Galvantula, M|
|poke|p1|Skeledirge, F|
|poke|p1|Cinderace, M|
|poke|p1|Ogerpon-Wellspring, F|
|poke|p1|Kingambit, F|
|poke|p1|Enamorus, F|
|poke|p2|Deoxys-Speed|
|poke|p2|Clefable, F|
|poke|p2|Conkeldurr, M|
|poke|p2|Blaziken, M|
|poke|p2|Ting-Lu|
|poke|p2|Corviknight, M|
|teampreview
|inactive|Battle timer is ON: inactive players will automatically lose when time's up. (requested by Titanosaurus)
|
|t:|1781292572
|teamsize|p1|6
|teamsize|p2|6
|start
|switch|p1a: Galvantula|Galvantula, M|100/100
|switch|p2a: Conkeldurr|Conkeldurr, M|100/100
|turn|1
|
|t:|1781292577
|move|p1a: Galvantula|Thunder Wave|p2a: Conkeldurr
|-status|p2a: Conkeldurr|par
|move|p2a: Conkeldurr|Knock Off|p1a: Galvantula
|-enditem|p1a: Galvantula|Focus Sash
|-damage|p1a: Galvantula|1/100
|
|upkeep
|turn|2
|
|t:|1781292582
|move|p2a: Conkeldurr|Mach Punch|p1a: Galvantula
|-resisted|p1a: Galvantula
|-damage|p1a: Galvantula|0 fnt
|faint|p1a: Galvantula
|
|upkeep
|
|t:|1781292585
|switch|p1a: Skeledirge|Skeledirge, F|100/100
|turn|3
|
|t:|1781292591
|-terastallize|p1a: Skeledirge|Water
|-terastallize|p2a: Conkeldurr|Dark
|move|p1a: Skeledirge|Torch Song|p2a: Conkeldurr
|-damage|p2a: Conkeldurr|78/100 par
|-boost|p1a: Skeledirge|spa|1
|move|p2a: Conkeldurr|Knock Off|p1a: Skeledirge
|-damage|p1a: Skeledirge|47/100
|-enditem|p1a: Skeledirge|Leftovers|[from] move: Knock Off|[of] p2a: Conkeldurr
|
|upkeep
|turn|4
|
|t:|1781292602
|move|p1a: Skeledirge|Slack Off|p1a: Skeledirge
|-heal|p1a: Skeledirge|97/100
|cant|p2a: Conkeldurr|par
|
|upkeep
|turn|5
|
|t:|1781292605
|move|p1a: Skeledirge|Torch Song|p2a: Conkeldurr
|-damage|p2a: Conkeldurr|46/100 par
|-boost|p1a: Skeledirge|spa|1
|move|p2a: Conkeldurr|Drain Punch|p1a: Skeledirge
|-damage|p1a: Skeledirge|57/100
|-heal|p2a: Conkeldurr|66/100 par|[from] drain|[of] p1a: Skeledirge
|
|upkeep
|turn|6
|
|t:|1781292611
|switch|p2a: Clefable|Clefable, F|100/100
|move|p1a: Skeledirge|Slack Off|p1a: Skeledirge
|-heal|p1a: Skeledirge|100/100
|
|upkeep
|turn|7
|
|t:|1781292615
|move|p1a: Skeledirge|Torch Song|p2a: Clefable
|-damage|p2a: Clefable|82/100
|-boost|p1a: Skeledirge|spa|1
|move|p2a: Clefable|Cosmic Power|p2a: Clefable
|-boost|p2a: Clefable|def|1
|-boost|p2a: Clefable|spd|1
|
|-heal|p2a: Clefable|88/100|[from] item: Leftovers
|upkeep
|turn|8
|
|t:|1781292626
|switch|p1a: Kingambit|Kingambit, F|100/100
|-activate|p1a: Kingambit|ability: Supreme Overlord
|-start|p1a: Kingambit|fallen1|[silent]
|move|p2a: Clefable|Cosmic Power|p2a: Clefable
|-boost|p2a: Clefable|def|1
|-boost|p2a: Clefable|spd|1
|
|-heal|p2a: Clefable|94/100|[from] item: Leftovers
|upkeep
|turn|9
|
|t:|1781292653
|switch|p2a: Conkeldurr|Conkeldurr, M, tera:Dark|66/100 par
|move|p1a: Kingambit|Iron Head|p2a: Conkeldurr
|-damage|p2a: Conkeldurr|20/100 par
|
|upkeep
|turn|10
|
|t:|1781292657
|-end|p1a: Kingambit|fallen1|[silent]
|switch|p1a: Skeledirge|Skeledirge, F, tera:Water|100/100
|move|p2a: Conkeldurr|Mach Punch|p1a: Skeledirge
|-damage|p1a: Skeledirge|80/100
|
|upkeep
|turn|11
|
|t:|1781292663
|move|p2a: Conkeldurr|Mach Punch|p1a: Skeledirge
|-damage|p1a: Skeledirge|60/100
|move|p1a: Skeledirge|Torch Song|p2a: Conkeldurr
|-crit|p2a: Conkeldurr
|-damage|p2a: Conkeldurr|0 fnt
|-boost|p1a: Skeledirge|spa|1
|faint|p2a: Conkeldurr
|
|upkeep
|
|t:|1781292675
|switch|p2a: Ting-Lu|Ting-Lu|100/100
|-ability|p2a: Ting-Lu|Vessel of Ruin
|turn|12
|
|t:|1781292679
|move|p1a: Skeledirge|Will-O-Wisp|p2a: Ting-Lu
|-status|p2a: Ting-Lu|brn
|move|p2a: Ting-Lu|Stealth Rock|p1a: Skeledirge
|-sidestart|p1: Titanosaurus|move: Stealth Rock
|
|-damage|p2a: Ting-Lu|94/100 brn|[from] brn
|upkeep
|turn|13
|
|t:|1781292683
|move|p1a: Skeledirge|Slack Off|p1a: Skeledirge
|-heal|p1a: Skeledirge|100/100
|move|p2a: Ting-Lu|Spikes|p1a: Skeledirge
|-sidestart|p1: Titanosaurus|Spikes
|
|-heal|p2a: Ting-Lu|100/100 brn|[from] item: Leftovers
|-damage|p2a: Ting-Lu|94/100 brn|[from] brn
|upkeep
|turn|14
|
|t:|1781292687
|move|p1a: Skeledirge|Torch Song|p2a: Ting-Lu
|-damage|p2a: Ting-Lu|73/100 brn
|-boost|p1a: Skeledirge|spa|1
|move|p2a: Ting-Lu|Spikes|p1a: Skeledirge
|-sidestart|p1: Titanosaurus|Spikes
|
|-heal|p2a: Ting-Lu|79/100 brn|[from] item: Leftovers
|-damage|p2a: Ting-Lu|73/100 brn|[from] brn
|upkeep
|turn|15
|
|t:|1781292691
|switch|p1a: Cinderace|Cinderace, M|100/100
|move|p2a: Ting-Lu|Spikes|p1a: Cinderace
|-sidestart|p1: Titanosaurus|Spikes
|
|-heal|p2a: Ting-Lu|79/100 brn|[from] item: Leftovers
|-damage|p2a: Ting-Lu|73/100 brn|[from] brn
|upkeep
|turn|16
|
|t:|1781292702
|switch|p2a: Blaziken|Blaziken, M|100/100
|move|p1a: Cinderace|Court Change|p1a: Cinderace
|-start|p1a: Cinderace|typechange|Normal|[from] ability: Libero
|-swapsideconditions
|-activate|p1a: Cinderace|move: Court Change
|
|upkeep
|turn|17
|
|t:|1781292705
|switch|p1a: Skeledirge|Skeledirge, F, tera:Water|100/100
|move|p2a: Blaziken|Swords Dance|p2a: Blaziken
|-boost|p2a: Blaziken|atk|2
|
|-ability|p2a: Blaziken|Speed Boost|boost
|-boost|p2a: Blaziken|spe|1
|upkeep
|turn|18
|
|t:|1781292710
|move|p2a: Blaziken|Close Combat|p1a: Skeledirge
|-damage|p1a: Skeledirge|62/100
|-unboost|p2a: Blaziken|def|1
|-unboost|p2a: Blaziken|spd|1
|move|p1a: Skeledirge|Hex|p2a: Blaziken
|-damage|p2a: Blaziken|65/100
|
|-heal|p2a: Blaziken|71/100|[from] item: Leftovers
|-ability|p2a: Blaziken|Speed Boost|boost
|-boost|p2a: Blaziken|spe|1
|upkeep
|turn|19
|
|t:|1781292715
|switch|p2a: Clefable|Clefable, F|94/100
|-damage|p2a: Clefable|82/100|[from] Stealth Rock
|-damage|p2a: Clefable|57/100|[from] Spikes
|move|p1a: Skeledirge|Hex|p2a: Clefable
|-damage|p2a: Clefable|42/100
|
|-heal|p2a: Clefable|48/100|[from] item: Leftovers
|upkeep
|turn|20
|
|t:|1781292720
|move|p2a: Clefable|Protect|p2a: Clefable
|-singleturn|p2a: Clefable|Protect
|move|p1a: Skeledirge|Slack Off|p1a: Skeledirge
|-heal|p1a: Skeledirge|100/100
|
|-heal|p2a: Clefable|54/100|[from] item: Leftovers
|upkeep
|turn|21
|
|t:|1781292723
|switch|p1a: Kingambit|Kingambit, F|100/100
|-activate|p1a: Kingambit|ability: Supreme Overlord
|-start|p1a: Kingambit|fallen1|[silent]
|move|p2a: Clefable|Wish|p2a: Clefable
|
|-heal|p2a: Clefable|60/100|[from] item: Leftovers
|upkeep
|turn|22
|
|t:|1781292727
|move|p2a: Clefable|Protect|p2a: Clefable
|-singleturn|p2a: Clefable|Protect
|move|p1a: Kingambit|Iron Head|p2a: Clefable
|-activate|p2a: Clefable|move: Protect
|
|-heal|p2a: Clefable|100/100|[from] move: Wish|[wisher] Clefable
|upkeep
|turn|23
|
|t:|1781292729
|switch|p2a: Corviknight|Corviknight, M|100/100
|-damage|p2a: Corviknight|88/100|[from] Stealth Rock
|move|p1a: Kingambit|Iron Head|p2a: Corviknight
|-resisted|p2a: Corviknight
|-damage|p2a: Corviknight|72/100
|-damage|p1a: Kingambit|84/100|[from] item: Rocky Helmet|[of] p2a: Corviknight
|
|-heal|p1a: Kingambit|90/100|[from] item: Leftovers
|upkeep
|turn|24
|
|t:|1781292735
|-end|p1a: Kingambit|fallen1|[silent]
|switch|p1a: Skeledirge|Skeledirge, F, tera:Water|100/100
|move|p2a: Corviknight|Defog|p1a: Skeledirge
|-unboost|p1a: Skeledirge|evasion|1
|-sideend|p2: Yujiro-Jamon|Spikes|[from] move: Defog|[of] p2a: Corviknight
|-sideend|p2: Yujiro-Jamon|Stealth Rock|[from] move: Defog|[of] p2a: Corviknight
|
|upkeep
|turn|25
|
|t:|1781292740
|move|p2a: Corviknight|Taunt|p1a: Skeledirge
|-start|p1a: Skeledirge|move: Taunt
|move|p1a: Skeledirge|Torch Song|p2a: Corviknight
|-supereffective|p2a: Corviknight
|-crit|p2a: Corviknight
|-damage|p2a: Corviknight|0 fnt
|-boost|p1a: Skeledirge|spa|1
|faint|p2a: Corviknight
|
|upkeep
|
|t:|1781292745
|switch|p2a: Deoxys|Deoxys-Speed|100/100
|-ability|p2a: Deoxys|Pressure
|turn|26
|
|t:|1781292753
|switch|p1a: Ogerpon|Ogerpon-Wellspring, F|100/100
|move|p2a: Deoxys|Thunderbolt|p1a: Ogerpon
|-damage|p1a: Ogerpon|71/100
|
|upkeep
|turn|27
|
|t:|1781292763
|move|p2a: Deoxys|Psychic|p1a: Ogerpon
|-damage|p1a: Ogerpon|23/100
|move|p1a: Ogerpon|Ivy Cudgel|p2a: Deoxys|[anim] Ivy Cudgel Water
|-damage|p2a: Deoxys|17/100
|
|-heal|p2a: Deoxys|23/100|[from] item: Leftovers
|upkeep
|turn|28
|
|t:|1781292767
|move|p2a: Deoxys|Thunderbolt|p1a: Ogerpon
|-damage|p1a: Ogerpon|0 fnt
|faint|p1a: Ogerpon
|
|-heal|p2a: Deoxys|29/100|[from] item: Leftovers
|upkeep
|
|t:|1781292771
|switch|p1a: Cinderace|Cinderace, M|100/100
|turn|29
|
|t:|1781292774
|switch|p2a: Ting-Lu|Ting-Lu|73/100 brn
|-ability|p2a: Ting-Lu|Vessel of Ruin
|move|p1a: Cinderace|U-turn|p2a: Ting-Lu
|-start|p1a: Cinderace|typechange|Bug|[from] ability: Libero
|-supereffective|p2a: Ting-Lu
|-damage|p2a: Ting-Lu|41/100 brn
|
|t:|1781292780
|switch|p1a: Skeledirge|Skeledirge, F, tera:Water|100/100|[from] U-turn
|
|-heal|p2a: Ting-Lu|47/100 brn|[from] item: Leftovers
|-damage|p2a: Ting-Lu|41/100 brn|[from] brn
|upkeep
|turn|30
|
|t:|1781292785
|switch|p2a: Clefable|Clefable, F|100/100
|move|p1a: Skeledirge|Torch Song|p2a: Clefable
|-damage|p2a: Clefable|81/100
|-boost|p1a: Skeledirge|spa|1
|
|-heal|p2a: Clefable|87/100|[from] item: Leftovers
|upkeep
|turn|31
|
|t:|1781292790
|switch|p1a: Kingambit|Kingambit, F|90/100
|-activate|p1a: Kingambit|ability: Supreme Overlord
|-start|p1a: Kingambit|fallen2|[silent]
|move|p2a: Clefable|Wish|p2a: Clefable
|
|-heal|p2a: Clefable|93/100|[from] item: Leftovers
|-heal|p1a: Kingambit|96/100|[from] item: Leftovers
|upkeep
|turn|32
|
|t:|1781292794
|switch|p2a: Blaziken|Blaziken, M|71/100
|move|p1a: Kingambit|Iron Head|p2a: Blaziken
|-resisted|p2a: Blaziken
|-damage|p2a: Blaziken|25/100
|
|-heal|p2a: Blaziken|91/100|[from] move: Wish|[wisher] Clefable
|-heal|p2a: Blaziken|97/100|[from] item: Leftovers
|-heal|p1a: Kingambit|100/100|[from] item: Leftovers
|upkeep
|turn|33
|
|t:|1781292799
|-end|p1a: Kingambit|fallen2|[silent]
|switch|p1a: Skeledirge|Skeledirge, F, tera:Water|100/100
|move|p2a: Blaziken|Close Combat|p1a: Skeledirge
|-damage|p1a: Skeledirge|63/100
|-unboost|p2a: Blaziken|def|1
|-unboost|p2a: Blaziken|spd|1
|
|-heal|p2a: Blaziken|100/100|[from] item: Leftovers
|-ability|p2a: Blaziken|Speed Boost|boost
|-boost|p2a: Blaziken|spe|1
|upkeep
|turn|34
|
|t:|1781292804
|move|p2a: Blaziken|Close Combat|p1a: Skeledirge
|-damage|p1a: Skeledirge|22/100
|-unboost|p2a: Blaziken|def|1
|-unboost|p2a: Blaziken|spd|1
|move|p1a: Skeledirge|Slack Off|p1a: Skeledirge
|-heal|p1a: Skeledirge|72/100
|
|-ability|p2a: Blaziken|Speed Boost|boost
|-boost|p2a: Blaziken|spe|1
|upkeep
|turn|35
|
|t:|1781292809
|move|p2a: Blaziken|Close Combat|p1a: Skeledirge
|-damage|p1a: Skeledirge|36/100
|-unboost|p2a: Blaziken|def|1
|-unboost|p2a: Blaziken|spd|1
|move|p1a: Skeledirge|Torch Song|p2a: Blaziken
|-resisted|p2a: Blaziken
|-damage|p2a: Blaziken|76/100
|-boost|p1a: Skeledirge|spa|1
|
|-heal|p2a: Blaziken|82/100|[from] item: Leftovers
|-ability|p2a: Blaziken|Speed Boost|boost
|-boost|p2a: Blaziken|spe|1
|upkeep
|turn|36
|
|t:|1781292817
|move|p2a: Blaziken|Close Combat|p1a: Skeledirge
|-damage|p1a: Skeledirge|0 fnt
|-unboost|p2a: Blaziken|def|1
|-unboost|p2a: Blaziken|spd|1
|faint|p1a: Skeledirge
|
|-heal|p2a: Blaziken|88/100|[from] item: Leftovers
|-ability|p2a: Blaziken|Speed Boost|boost
|-boost|p2a: Blaziken|spe|1
|upkeep
|
|t:|1781292821
|switch|p1a: Enamorus|Enamorus, F|100/100
|turn|37
|
|t:|1781292833
|switch|p2a: Ting-Lu|Ting-Lu|41/100 brn
|-ability|p2a: Ting-Lu|Vessel of Ruin
|move|p1a: Enamorus|Moonblast|p2a: Ting-Lu
|-supereffective|p2a: Ting-Lu
|-damage|p2a: Ting-Lu|0 fnt
|faint|p2a: Ting-Lu
|
|upkeep
|
|t:|1781292861
|switch|p2a: Clefable|Clefable, F|93/100
|turn|38
|
|t:|1781292869
|switch|p1a: Kingambit|Kingambit, F|100/100
|-activate|p1a: Kingambit|ability: Supreme Overlord
|-start|p1a: Kingambit|fallen3|[silent]
|move|p2a: Clefable|Wish|p2a: Clefable
|
|-heal|p2a: Clefable|99/100|[from] item: Leftovers
|upkeep
|turn|39
|
|t:|1781292873
|switch|p2a: Blaziken|Blaziken, M|88/100
|move|p1a: Kingambit|Swords Dance|p1a: Kingambit
|-boost|p1a: Kingambit|atk|2
|
|-heal|p2a: Blaziken|100/100|[from] move: Wish|[wisher] Clefable
|upkeep
|turn|40
|
|t:|1781292878
|-end|p1a: Kingambit|fallen3|[silent]
|switch|p1a: Enamorus|Enamorus, F|100/100
|move|p2a: Blaziken|Close Combat|p1a: Enamorus
|-resisted|p1a: Enamorus
|-damage|p1a: Enamorus|75/100
|-unboost|p2a: Blaziken|def|1
|-unboost|p2a: Blaziken|spd|1
|
|-ability|p2a: Blaziken|Speed Boost|boost
|-boost|p2a: Blaziken|spe|1
|upkeep
|turn|41
|
|t:|1781292883
|switch|p2a: Clefable|Clefable, F|99/100
|move|p1a: Enamorus|Moonblast|p2a: Clefable
|-damage|p2a: Clefable|61/100
|
|-heal|p2a: Clefable|67/100|[from] item: Leftovers
|upkeep
|turn|42
|
|t:|1781292887
|move|p1a: Enamorus|Moonblast|p2a: Clefable
|-crit|p2a: Clefable
|-damage|p2a: Clefable|7/100
|move|p2a: Clefable|Moonblast|p1a: Enamorus
|-damage|p1a: Enamorus|29/100
|
|-heal|p2a: Clefable|13/100|[from] item: Leftovers
|upkeep
|turn|43
|
|t:|1781292891
|move|p1a: Enamorus|Moonblast|p2a: Clefable
|-damage|p2a: Clefable|0 fnt
|faint|p2a: Clefable
|
|upkeep
|
|t:|1781292895
|switch|p2a: Deoxys|Deoxys-Speed|29/100
|-ability|p2a: Deoxys|Pressure
|turn|44
|
|t:|1781292899
|switch|p1a: Kingambit|Kingambit, F|100/100
|-activate|p1a: Kingambit|ability: Supreme Overlord
|-start|p1a: Kingambit|fallen3|[silent]
|move|p2a: Deoxys|Ice Beam|p1a: Kingambit
|-resisted|p1a: Kingambit
|-damage|p1a: Kingambit|87/100
|
|-heal|p2a: Deoxys|35/100|[from] item: Leftovers
|-heal|p1a: Kingambit|94/100|[from] item: Leftovers
|upkeep
|turn|45
|
|t:|1781292909
|move|p2a: Deoxys|Thunderbolt|p1a: Kingambit
|-damage|p1a: Kingambit|64/100
|move|p1a: Kingambit|Iron Head|p2a: Deoxys
|-damage|p2a: Deoxys|0 fnt
|faint|p2a: Deoxys
|
|-heal|p1a: Kingambit|71/100|[from] item: Leftovers
|upkeep
|
|t:|1781292911
|switch|p2a: Blaziken|Blaziken, M|100/100
|turn|46
|
|t:|1781292916
|-end|p1a: Kingambit|fallen3|[silent]
|switch|p1a: Enamorus|Enamorus, F|29/100
|move|p2a: Blaziken|Close Combat|p1a: Enamorus
|-resisted|p1a: Enamorus
|-damage|p1a: Enamorus|4/100
|-unboost|p2a: Blaziken|def|1
|-unboost|p2a: Blaziken|spd|1
|
|-ability|p2a: Blaziken|Speed Boost|boost
|-boost|p2a: Blaziken|spe|1
|upkeep
|turn|47
|j| pirate_dagger45
|
|t:|1781292920
|move|p2a: Blaziken|Protect|p2a: Blaziken
|-singleturn|p2a: Blaziken|Protect
|move|p1a: Enamorus|Moonblast|p2a: Blaziken
|-activate|p2a: Blaziken|move: Protect
|
|-ability|p2a: Blaziken|Speed Boost|boost
|-boost|p2a: Blaziken|spe|1
|upkeep
|turn|48
|
|t:|1781292923
|move|p2a: Blaziken|Flare Blitz|p1a: Enamorus
|-damage|p1a: Enamorus|0 fnt
|faint|p1a: Enamorus
|-damage|p2a: Blaziken|99/100|[from] Recoil
|
|-heal|p2a: Blaziken|100/100|[from] item: Leftovers
|-ability|p2a: Blaziken|Speed Boost|boost
|-boost|p2a: Blaziken|spe|1
|upkeep
|c|☆Yujiro-Jamon|Skeledirge was your win condition
|
|t:|1781292926
|switch|p1a: Cinderace|Cinderace, M|100/100
|turn|49
|
|t:|1781292943
|move|p2a: Blaziken|Protect|p2a: Blaziken
|-singleturn|p2a: Blaziken|Protect
|move|p1a: Cinderace|Low Kick|p2a: Blaziken
|-start|p1a: Cinderace|typechange|Fighting|[from] ability: Libero
|-activate|p2a: Blaziken|move: Protect
|
|-ability|p2a: Blaziken|Speed Boost|boost
|-boost|p2a: Blaziken|spe|1
|upkeep
|turn|50
|
|t:|1781292955
|move|p2a: Blaziken|Flare Blitz|p1a: Cinderace
|-damage|p1a: Cinderace|3/100
|-damage|p2a: Blaziken|68/100|[from] Recoil
|move|p1a: Cinderace|Low Kick|p2a: Blaziken
|-damage|p2a: Blaziken|0 fnt
|faint|p2a: Blaziken
|
|win|Titanosaurus
|raw|Titanosaurus's rating: 1559 &rarr; <strong>1580</strong><br />(+21 for winning)
|raw|Yujiro-Jamon's rating: 1583 &rarr; <strong>1562</strong><br />(-21 for losing)
|c|☆Titanosaurus|GG Easy
|l|☆Yujiro-Jamon
|player|p2|
|c|☆Titanosaurus|XD
|l|☆Titanosaurus
|player|p1|
