|badge|p1|bronze|gen9ubers|100-9
|uhtml|medal-msg|<div class="broadcast-blue">Curious what those medals under the avatar are? PS now has Ladder Seasons! For more information, check out the <a href="https://www.smogon.com/forums/threads/3740067/">thread on Smogon.</a></div>
|j|☆oddishlover4
|j|☆smithwick1
|t:|1781042411
|gametype|singles
|player|p1|oddishlover4|acetrainerf|1705
|player|p2|smithwick1|266|1746
|gen|9
|tier|[Gen 9] OU
|rated|
|rule|HP Percentage Mod: HP is shown in percentages
|rule|Endless Battle Clause: Forcing endless battles is banned
|rule|Species Clause: Limit one of each Pokémon
|rule|OHKO Clause: OHKO moves are banned
|rule|Evasion Items Clause: Evasion items are banned
|rule|Evasion Moves Clause: Evasion moves are banned
|rule|Evasion Abilities Clause: Evasion abilities are banned
|rule|Sleep Moves Clause: Sleep-inducing moves are banned
|clearpoke
|poke|p1|Kyurem|
|poke|p1|Hatterene, F|
|poke|p1|Darkrai|
|poke|p1|Great Tusk|
|poke|p1|Dragonite, F|
|poke|p1|Gholdengo|
|poke|p2|Zamazenta-*|
|poke|p2|Dragapult, M|
|poke|p2|Pecharunt|
|poke|p2|Ogerpon-Wellspring, F|
|poke|p2|Iron Treads|
|poke|p2|Kingambit, F|
|teampreview
|inactive|Battle timer is ON: inactive players will automatically lose when time's up. (requested by smithwick1)
|
|t:|1781042430
|teamsize|p1|6
|teamsize|p2|6
|start
|switch|p1a: Boompala|Kyurem|100/100
|switch|p2a: Zamazenta|Zamazenta|100/100
|-ability|p2a: Zamazenta|Dauntless Shield|boost
|-boost|p2a: Zamazenta|def|1
|-ability|p1a: Boompala|Pressure
|turn|1
|c|☆oddishlover4|gl/hf!
|inactive|oddishlover4 also wants the timer to be on.
|j| Fat_Yogi
|
|t:|1781042449
|-terastallize|p1a: Boompala|Poison
|move|p2a: Zamazenta|Light Screen|p2a: Zamazenta
|-sidestart|p2: smithwick1|move: Light Screen
|move|p1a: Boompala|Ice Beam|p2a: Zamazenta
|-damage|p2a: Zamazenta|81/100
|
|upkeep
|turn|2
|
|t:|1781042467
|move|p2a: Zamazenta|Reflect|p2a: Zamazenta
|-sidestart|p2: smithwick1|Reflect
|move|p1a: Boompala|Ice Beam|p2a: Zamazenta
|-damage|p2a: Zamazenta|62/100
|
|upkeep
|turn|3
|j| S\Il!^ve>RjAY22=40
|
|t:|1781042486
|switch|p2a: Iron Treads|Iron Treads|100/100
|-enditem|p2a: Iron Treads|Booster Energy
|-activate|p2a: Iron Treads|ability: Quark Drive|[fromitem]
|-start|p2a: Iron Treads|quarkdrivespe
|move|p1a: Boompala|Earth Power|p2a: Iron Treads
|-supereffective|p2a: Iron Treads
|-damage|p2a: Iron Treads|58/100
|
|upkeep
|turn|4
|c| S\Il!^ve>RjAY22=40|av kyu?
|inactive|oddishlover4 has 120 seconds left.
|
|t:|1781042503
|switch|p1a: Fearless|Great Tusk|100/100
|move|p2a: Iron Treads|Knock Off|p1a: Fearless
|-resisted|p1a: Fearless
|-damage|p1a: Fearless|93/100
|-enditem|p1a: Fearless|Leftovers|[from] move: Knock Off|[of] p2a: Iron Treads
|
|upkeep
|turn|5
|inactive|oddishlover4 has 120 seconds left.
|
|t:|1781042521
|move|p2a: Iron Treads|Stealth Rock|p1a: Fearless
|-sidestart|p1: oddishlover4|move: Stealth Rock
|move|p1a: Fearless|Stealth Rock|p2a: Iron Treads
|-sidestart|p2: smithwick1|move: Stealth Rock
|
|upkeep
|turn|6
|inactive|oddishlover4 has 120 seconds left.
|
|t:|1781042539
|move|p2a: Iron Treads|Earthquake|p1a: Fearless
|-damage|p1a: Fearless|68/100
|move|p1a: Fearless|Rapid Spin|p2a: Iron Treads
|-resisted|p2a: Iron Treads
|-damage|p2a: Iron Treads|55/100
|-boost|p1a: Fearless|spe|1
|-sideend|p1: oddishlover4|Stealth Rock|[from] move: Rapid Spin|[of] p1a: Fearless
|
|upkeep
|turn|7
|
|t:|1781042548
|move|p2a: Iron Treads|Stealth Rock|p1a: Fearless
|-sidestart|p1: oddishlover4|move: Stealth Rock
|move|p1a: Fearless|Headlong Rush|p2a: Iron Treads
|-supereffective|p2a: Iron Treads
|-damage|p2a: Iron Treads|12/100
|-unboost|p1a: Fearless|def|1
|-unboost|p1a: Fearless|spd|1
|
|upkeep
|turn|8
|inactive|oddishlover4 has 120 seconds left.
|
|t:|1781042557
|move|p2a: Iron Treads|Rapid Spin|p1a: Fearless
|-damage|p1a: Fearless|55/100
|-boost|p2a: Iron Treads|spe|1
|-sideend|p2: smithwick1|Stealth Rock|[from] move: Rapid Spin|[of] p2a: Iron Treads
|move|p1a: Fearless|Rapid Spin|p2a: Iron Treads
|-resisted|p2a: Iron Treads
|-damage|p2a: Iron Treads|8/100
|-boost|p1a: Fearless|spe|1
|-sideend|p1: oddishlover4|Stealth Rock|[from] move: Rapid Spin|[of] p1a: Fearless
|
|-sideend|p2: smithwick1|move: Light Screen
|upkeep
|turn|9
|
|t:|1781042567
|move|p2a: Iron Treads|Earthquake|p1a: Fearless
|-damage|p1a: Fearless|16/100
|move|p1a: Fearless|Ice Spinner|p2a: Iron Treads
|-damage|p2a: Iron Treads|0 fnt
|faint|p2a: Iron Treads
|-end|p2a: Iron Treads|Quark Drive|[silent]
|
|-sideend|p2: smithwick1|Reflect
|upkeep
|
|t:|1781042572
|switch|p2a: Zamazenta|Zamazenta|62/100
|turn|10
|
|t:|1781042590
|move|p1a: Fearless|Headlong Rush|p2a: Zamazenta
|-crit|p2a: Zamazenta
|-damage|p2a: Zamazenta|0 fnt
|-unboost|p1a: Fearless|def|1
|-unboost|p1a: Fearless|spd|1
|faint|p2a: Zamazenta
|
|upkeep
|j| darkrat18
|c|☆smithwick1|Uff
|c|☆smithwick1|Gg
|j| nepturee
|
|t:|1781042603
|switch|p2a: Ogerpon|Ogerpon-Wellspring, F|100/100
|turn|11
|c|☆oddishlover4|rough crit :(
|
|t:|1781042620
|move|p1a: Fearless|Stealth Rock|p2a: Ogerpon
|-sidestart|p2: smithwick1|move: Stealth Rock
|move|p2a: Ogerpon|Swords Dance|p2a: Ogerpon
|-boost|p2a: Ogerpon|atk|2
|
|upkeep
|turn|12
|inactive|oddishlover4 has 120 seconds left.
|
|t:|1781042638
|move|p1a: Fearless|Headlong Rush|p2a: Ogerpon
|-resisted|p2a: Ogerpon
|-damage|p2a: Ogerpon|69/100
|-unboost|p1a: Fearless|def|1
|-unboost|p1a: Fearless|spd|1
|move|p2a: Ogerpon|Horn Leech|p1a: Fearless
|-supereffective|p1a: Fearless
|-crit|p1a: Fearless
|-damage|p1a: Fearless|0 fnt
|-heal|p2a: Ogerpon|80/100|[from] drain|[of] p1a: Fearless
|faint|p1a: Fearless
|-end|p1a: Fearless|Protosynthesis|[silent]
|
|upkeep
|inactive|oddishlover4 has 120 seconds left.
|
|t:|1781042655
|switch|p1a: Bluebeard's Wife|Dragonite, F|100/100
|turn|13
|
|t:|1781042672
|move|p2a: Ogerpon|Ivy Cudgel|p1a: Bluebeard's Wife|[anim] Ivy Cudgel Water
|-resisted|p1a: Bluebeard's Wife
|-damage|p1a: Bluebeard's Wife|74/100
|move|p1a: Bluebeard's Wife|Dragon Dance|p1a: Bluebeard's Wife
|-boost|p1a: Bluebeard's Wife|atk|1
|-boost|p1a: Bluebeard's Wife|spe|1
|
|upkeep
|turn|14
|
|t:|1781042678
|move|p1a: Bluebeard's Wife|Extreme Speed|p2a: Ogerpon
|-damage|p2a: Ogerpon|20/100
|move|p2a: Ogerpon|Ivy Cudgel|p1a: Bluebeard's Wife|[anim] Ivy Cudgel Water
|-resisted|p1a: Bluebeard's Wife
|-damage|p1a: Bluebeard's Wife|18/100
|
|upkeep
|turn|15
|
|t:|1781042682
|move|p1a: Bluebeard's Wife|Extreme Speed|p2a: Ogerpon
|-damage|p2a: Ogerpon|0 fnt
|faint|p2a: Ogerpon
|
|upkeep
|
|t:|1781042687
|switch|p2a: Pecharunt|Pecharunt|100/100
|-damage|p2a: Pecharunt|88/100|[from] Stealth Rock
|turn|16
|inactive|oddishlover4 has 120 seconds left.
|
|t:|1781042708
|switch|p1a: Celebration|Gholdengo|100/100
|move|p2a: Pecharunt|Malignant Chain|p1a: Celebration
|-immune|p1a: Celebration
|
|-heal|p2a: Pecharunt|94/100|[from] item: Leftovers
|upkeep
|turn|17
|inactive|oddishlover4 has 120 seconds left.
|
|t:|1781042725
|switch|p1a: Boompala|Kyurem, tera:Poison|100/100
|-ability|p1a: Boompala|Pressure
|move|p2a: Pecharunt|Shadow Ball|p1a: Boompala
|-damage|p1a: Boompala|84/100
|
|-heal|p2a: Pecharunt|99/100|[from] item: Leftovers
|upkeep
|turn|18
|
|t:|1781042743
|move|p2a: Pecharunt|Shadow Ball|p1a: Boompala
|-damage|p1a: Boompala|69/100
|move|p1a: Boompala|Earth Power|p2a: Pecharunt
|-supereffective|p2a: Pecharunt
|-damage|p2a: Pecharunt|35/100
|
|-heal|p2a: Pecharunt|41/100|[from] item: Leftovers
|upkeep
|turn|19
|
|t:|1781042761
|move|p2a: Pecharunt|Shadow Ball|p1a: Boompala
|-damage|p1a: Boompala|51/100
|move|p1a: Boompala|Earth Power|p2a: Pecharunt
|-supereffective|p2a: Pecharunt
|-damage|p2a: Pecharunt|0 fnt
|faint|p2a: Pecharunt
|
|upkeep
|
|t:|1781042766
|switch|p2a: Dragapult|Dragapult, M|100/100
|-damage|p2a: Dragapult|88/100|[from] Stealth Rock
|turn|20
|
|t:|1781042784
|switch|p2a: Kingambit|Kingambit, F|100/100
|-damage|p2a: Kingambit|94/100|[from] Stealth Rock
|-activate|p2a: Kingambit|ability: Supreme Overlord
|-start|p2a: Kingambit|fallen4|[silent]
|move|p1a: Boompala|Ice Beam|p2a: Kingambit
|-resisted|p2a: Kingambit
|-damage|p2a: Kingambit|66/100
|
|-heal|p2a: Kingambit|72/100|[from] item: Leftovers
|upkeep
|turn|21
|
|t:|1781042795
|move|p2a: Kingambit|Sucker Punch|p1a: Boompala
|-damage|p1a: Boompala|11/100
|move|p1a: Boompala|Body Press|p2a: Kingambit
|-supereffective|p2a: Kingambit
|-damage|p2a: Kingambit|0 fnt
|faint|p2a: Kingambit
|-end|p2a: Kingambit|fallen4|[silent]
|
|upkeep
|
|t:|1781042798
|switch|p2a: Dragapult|Dragapult, M|88/100
|-damage|p2a: Dragapult|76/100|[from] Stealth Rock
|turn|22
|
|t:|1781042816
|switch|p1a: Perfect Night|Darkrai|100/100
|move|p2a: Dragapult|Dragon Darts|p1a: Perfect Night
|-damage|p1a: Perfect Night|61/100
|-anim|p2a: Dragapult|Dragon Darts|p1a: Perfect Night
|-damage|p1a: Perfect Night|26/100
|
|-heal|p2a: Dragapult|82/100|[from] item: Leftovers
|upkeep
|turn|23
|l| S\Il!^ve>RjAY22=40
|
|t:|1781042827
|-terastallize|p2a: Dragapult|Dragon
|move|p1a: Perfect Night|Dark Pulse|p2a: Dragapult
|-damage|p2a: Dragapult|24/100
|move|p2a: Dragapult|Dragon Dance|p2a: Dragapult
|-boost|p2a: Dragapult|atk|1
|-boost|p2a: Dragapult|spe|1
|
|-heal|p2a: Dragapult|30/100|[from] item: Leftovers
|upkeep
|turn|24
|
|t:|1781042836
|move|p1a: Perfect Night|Dark Pulse|p2a: Dragapult
|-damage|p2a: Dragapult|0 fnt
|faint|p2a: Dragapult
|
|win|oddishlover4
|raw|oddishlover4's rating: 1705 &rarr; <strong>1727</strong><br />(+22 for winning)
|raw|smithwick1's rating: 1746 &rarr; <strong>1724</strong><br />(-22 for losing)
|c|☆oddishlover4|GG!
|c|☆smithwick1|Gg
|l|☆smithwick1
|player|p2|
|l|☆oddishlover4
|player|p1|
|l| Fat_Yogi
