|j|☆crust king kahn
|j|☆pastagirl !!
|t:|1780992742
|gametype|singles
|player|p1|crust king kahn|265|1517
|player|p2|pastagirl !!|elesa|1523
|gen|9
|tier|[Gen 9] OU
|rated|
|rule|HP Percentage Mod: HP is shown in percentages
|rule|Endless Battle Clause: Forcing endless battles is banned
|rule|Species Clause: Limit one of each Pokémon
|rule|OHKO Clause: OHKO moves are banned
|rule|Evasion Items Clause: Evasion items are banned
|rule|Evasion Moves Clause: Evasion moves are banned
|rule|Evasion Abilities Clause: Evasion abilities are banned
|rule|Sleep Moves Clause: Sleep-inducing moves are banned
|clearpoke
|poke|p1|Ogerpon-Cornerstone, F|
|poke|p1|Gliscor, F|
|poke|p1|Gholdengo|
|poke|p1|Weezing-Galar, M|
|poke|p1|Kyurem|
|poke|p1|Alomomola, F|
|poke|p2|Cresselia, F|
|poke|p2|Hatterene, F|
|poke|p2|Porygon2|
|poke|p2|Ursaluna, M|
|poke|p2|Iron Hands|
|poke|p2|Enamorus-Therian, F|
|teampreview
|inactive|Battle timer is ON: inactive players will automatically lose when time's up. (requested by pastagirl !!)
|
|t:|1780992763
|teamsize|p1|6
|teamsize|p2|6
|start
|switch|p1a: Gholdengo|Gholdengo|100/100
|switch|p2a: BLUE VELVET|Hatterene, F|100/100
|turn|1
|
|t:|1780992772
|switch|p2a: LOST HIGHWAY|Cresselia, F|100/100
|move|p1a: Gholdengo|Make It Rain|p2a: LOST HIGHWAY
|-damage|p2a: LOST HIGHWAY|38/100
|-unboost|p1a: Gholdengo|spa|1
|
|upkeep
|turn|2
|inactive|pastagirl !! has 120 seconds left.
|inactive|pastagirl !! has 90 seconds left.
|
|t:|1780992837
|switch|p2a: THE ELEPHANT MAN|Iron Hands|100/100
|move|p1a: Gholdengo|Make It Rain|p2a: THE ELEPHANT MAN
|-resisted|p2a: THE ELEPHANT MAN
|-damage|p2a: THE ELEPHANT MAN|72/100
|-unboost|p1a: Gholdengo|spa|1
|
|upkeep
|turn|3
|inactive|pastagirl !! has 90 seconds left.
|
|t:|1780992852
|switch|p1a: Weezing|Weezing-Galar, M|100/100
|-ability|p1a: Weezing|Neutralizing Gas
|move|p2a: THE ELEPHANT MAN|Earthquake|p1a: Weezing
|-supereffective|p1a: Weezing
|-damage|p1a: Weezing|30/100
|-damage|p2a: THE ELEPHANT MAN|62/100|[from] item: Life Orb
|
|-heal|p1a: Weezing|36/100|[from] item: Leftovers
|upkeep
|turn|4
|inactive|pastagirl !! has 90 seconds left.
|
|t:|1780992862
|-end|p1a: Weezing|ability: Neutralizing Gas
|switch|p1a: Gliscor|Gliscor, F|100/100
|-end|p2a: THE ELEPHANT MAN|Quark Drive|[silent]
|switch|p2a: LOST HIGHWAY|Cresselia, F|38/100
|
|-status|p1a: Gliscor|tox|[from] item: Toxic Orb
|upkeep
|turn|5
|
|t:|1780992866
|move|p1a: Gliscor|Knock Off|p2a: LOST HIGHWAY
|-supereffective|p2a: LOST HIGHWAY
|-damage|p2a: LOST HIGHWAY|15/100
|-enditem|p2a: LOST HIGHWAY|Mental Herb|[from] move: Knock Off|[of] p1a: Gliscor
|move|p2a: LOST HIGHWAY|Moonlight|p2a: LOST HIGHWAY
|-heal|p2a: LOST HIGHWAY|65/100
|
|upkeep
|turn|6
|
|t:|1780992873
|switch|p1a: Gholdengo|Gholdengo|100/100
|move|p2a: LOST HIGHWAY|Ice Beam|p1a: Gholdengo
|-resisted|p1a: Gholdengo
|-damage|p1a: Gholdengo|91/100
|
|upkeep
|turn|7
|
|t:|1780992885
|move|p1a: Gholdengo|Shadow Ball|p2a: LOST HIGHWAY
|-supereffective|p2a: LOST HIGHWAY
|-damage|p2a: LOST HIGHWAY|0 fnt
|faint|p2a: LOST HIGHWAY
|
|upkeep
|
|t:|1780992889
|switch|p2a: ERASERHEAD|Porygon2|100/100
|-ability|p2a: ERASERHEAD|Download|boost
|-boost|p2a: ERASERHEAD|spa|1
|turn|8
|
|t:|1780992893
|switch|p1a: Alomomola|Alomomola, F|100/100
|move|p2a: ERASERHEAD|Trick Room|p2a: ERASERHEAD
|-fieldstart|move: Trick Room|[of] p2a: ERASERHEAD
|
|upkeep
|turn|9
|
|t:|1780992898
|move|p2a: ERASERHEAD|Thunderbolt|p1a: Alomomola
|-supereffective|p1a: Alomomola
|-damage|p1a: Alomomola|57/100
|move|p1a: Alomomola|Flip Turn|p2a: ERASERHEAD
|-crit|p2a: ERASERHEAD
|-damage|p2a: ERASERHEAD|83/100
|
|t:|1780992906
|switch|p1a: Gliscor|Gliscor, F|100/100 tox|[from] Flip Turn
|
|upkeep
|turn|10
|
|t:|1780992909
|switch|p2a: WILD AT HEART|Ursaluna, M|100/100
|move|p1a: Gliscor|Protect||[still]
|-fail|p1a: Gliscor
|
|-status|p2a: WILD AT HEART|brn|[from] item: Flame Orb
|upkeep
|turn|11
|
|t:|1780992915
|move|p2a: WILD AT HEART|Swords Dance|p2a: WILD AT HEART
|-boost|p2a: WILD AT HEART|atk|2
|move|p1a: Gliscor|Earthquake|p2a: WILD AT HEART
|-damage|p2a: WILD AT HEART|75/100 brn
|
|-damage|p2a: WILD AT HEART|69/100 brn|[from] brn
|upkeep
|turn|12
|
|t:|1780992922
|move|p1a: Gliscor|Protect|p1a: Gliscor
|-singleturn|p1a: Gliscor|Protect
|move|p2a: WILD AT HEART|Facade|p1a: Gliscor
|-activate|p1a: Gliscor|move: Protect
|
|-damage|p2a: WILD AT HEART|63/100 brn|[from] brn
|-fieldend|move: Trick Room
|upkeep
|turn|13
|
|t:|1780992927
|switch|p1a: Weezing|Weezing-Galar, M|36/100
|-ability|p1a: Weezing|Neutralizing Gas
|move|p2a: WILD AT HEART|Fire Punch|p1a: Weezing
|-damage|p1a: Weezing|16/100
|
|-heal|p1a: Weezing|22/100|[from] item: Leftovers
|-damage|p2a: WILD AT HEART|57/100 brn|[from] brn
|upkeep
|turn|14
|
|t:|1780992938
|move|p1a: Weezing|Strange Steam|p2a: WILD AT HEART
|-damage|p2a: WILD AT HEART|35/100 brn
|move|p2a: WILD AT HEART|Facade|p1a: Weezing
|-crit|p1a: Weezing
|-damage|p1a: Weezing|0 fnt
|faint|p1a: Weezing
|-end|p1a: Weezing|ability: Neutralizing Gas
|
|-damage|p2a: WILD AT HEART|29/100 brn|[from] brn
|upkeep
|
|t:|1780992943
|switch|p1a: Kyurem|Kyurem|100/100
|-ability|p1a: Kyurem|Pressure
|turn|15
|
|t:|1780992959
|switch|p2a: BLUE VELVET|Hatterene, F|100/100
|move|p1a: Kyurem|Freeze-Dry|p2a: BLUE VELVET
|-crit|p2a: BLUE VELVET
|-damage|p2a: BLUE VELVET|41/100
|
|upkeep
|turn|16
|
|t:|1780992964
|-terastallize|p1a: Kyurem|Ice
|move|p1a: Kyurem|Freeze-Dry|p2a: BLUE VELVET
|-damage|p2a: BLUE VELVET|0 fnt
|faint|p2a: BLUE VELVET
|
|upkeep
|-message|pastagirl !! forfeited.
|
|win|crust king kahn
|raw|crust king kahn's rating: 1517 &rarr; <strong>1537</strong><br />(+20 for winning)
|raw|pastagirl !!'s rating: 1523 &rarr; <strong>1503</strong><br />(-20 for losing)
|l|☆pastagirl !!
|player|p2|
|l|☆crust king kahn
|player|p1|
