|j|☆talveznao
|j|☆btu100
|t:|1781302314
|gametype|singles
|player|p1|talveznao|evelyn|1578
|player|p2|btu100|benga|1599
|gen|9
|tier|[Gen 9] OU
|rated|
|rule|HP Percentage Mod: HP is shown in percentages
|rule|Endless Battle Clause: Forcing endless battles is banned
|rule|Species Clause: Limit one of each Pokémon
|rule|OHKO Clause: OHKO moves are banned
|rule|Evasion Items Clause: Evasion items are banned
|rule|Evasion Moves Clause: Evasion moves are banned
|rule|Evasion Abilities Clause: Evasion abilities are banned
|rule|Sleep Moves Clause: Sleep-inducing moves are banned
|clearpoke
|poke|p1|Iron Crown|
|poke|p1|Arcanine-Hisui, M|
|poke|p1|Corviknight, M|
|poke|p1|Alomomola, F|
|poke|p1|Gholdengo|
|poke|p1|Clefable, F|
|poke|p2|Alomomola, F|
|poke|p2|Meowscarada, M|
|poke|p2|Arcanine-Hisui, M|
|poke|p2|Hatterene, F|
|poke|p2|Corviknight, F|
|poke|p2|Ting-Lu|
|teampreview
|inactive|Battle timer is ON: inactive players will automatically lose when time's up. (requested by btu100)
|c|☆btu100|hf
|
|t:|1781302338
|teamsize|p1|6
|teamsize|p2|6
|start
|switch|p1a: Corviknight|Corviknight, M|100/100
|switch|p2a: Arcanine|Arcanine-Hisui, M, shiny|100/100
|-ability|p1a: Corviknight|Pressure
|turn|1
|
|t:|1781302346
|switch|p1a: Alomomola|Alomomola, F|100/100
|move|p2a: Arcanine|Head Smash|p1a: Alomomola|[miss]
|-miss|p2a: Arcanine|p1a: Alomomola
|
|upkeep
|turn|2
|
|t:|1781302364
|switch|p2a: Alomomola|Alomomola, F|100/100
|move|p1a: Alomomola|Flip Turn|p2a: Alomomola
|-resisted|p2a: Alomomola
|-damage|p2a: Alomomola|94/100
|
|t:|1781302368
|switch|p1a: Iron Crown|Iron Crown|100/100|[from] Flip Turn
|
|upkeep
|turn|3
|
|t:|1781302373
|move|p1a: Iron Crown|Psyshock|p2a: Alomomola
|-damage|p2a: Alomomola|48/100
|move|p2a: Alomomola|Mirror Coat|p1a: Iron Crown
|-damage|p1a: Iron Crown|0 fnt
|faint|p1a: Iron Crown
|-end|p1a: Iron Crown|Quark Drive|[silent]
|
|upkeep
|
|t:|1781302381
|switch|p1a: Gholdengo|Gholdengo|100/100
|-item|p1a: Gholdengo|Air Balloon
|turn|4
|
|t:|1781302389
|move|p1a: Gholdengo|Make It Rain|p2a: Alomomola
|-resisted|p2a: Alomomola
|-damage|p2a: Alomomola|36/100
|-unboost|p1a: Gholdengo|spa|1
|move|p2a: Alomomola|Flip Turn|p1a: Gholdengo
|-damage|p1a: Gholdengo|89/100
|-enditem|p1a: Gholdengo|Air Balloon
|
|t:|1781302396
|switch|p2a: Ting-Lu|Ting-Lu|100/100|[from] Flip Turn
|-ability|p2a: Ting-Lu|Vessel of Ruin
|
|upkeep
|turn|5
|
|t:|1781302400
|switch|p1a: Clefable|Clefable, F|100/100
|move|p2a: Ting-Lu|Stealth Rock|p1a: Clefable
|-sidestart|p1: talveznao|move: Stealth Rock
|
|upkeep
|turn|6
|
|t:|1781302404
|switch|p2a: Alomomola|Alomomola, F|69/100
|move|p1a: Clefable|Moonblast|p2a: Alomomola
|-damage|p2a: Alomomola|54/100
|
|upkeep
|turn|7
|
|t:|1781302407
|move|p1a: Clefable|Thunder Wave|p2a: Alomomola
|-status|p2a: Alomomola|par
|cant|p2a: Alomomola|par
|
|upkeep
|turn|8
|
|t:|1781302412
|move|p1a: Clefable|Stealth Rock|p2a: Alomomola
|-sidestart|p2: btu100|move: Stealth Rock
|move|p2a: Alomomola|Flip Turn|p1a: Clefable
|-damage|p1a: Clefable|88/100
|
|t:|1781302422
|switch|p2a: Hatterene|Hatterene, F, shiny|100/100|[from] Flip Turn
|-damage|p2a: Hatterene|88/100|[from] Stealth Rock
|
|-heal|p1a: Clefable|94/100|[from] item: Leftovers
|upkeep
|turn|9
|
|t:|1781302431
|switch|p1a: Gholdengo|Gholdengo|89/100
|-damage|p1a: Gholdengo|83/100|[from] Stealth Rock
|move|p2a: Hatterene|Nuzzle|p1a: Gholdengo
|-damage|p1a: Gholdengo|80/100
|-status|p1a: Gholdengo|par
|
|upkeep
|turn|10
|
|t:|1781302441
|switch|p2a: Alomomola|Alomomola, F|87/100 par
|-damage|p2a: Alomomola|75/100 par|[from] Stealth Rock
|move|p1a: Gholdengo|Make It Rain|p2a: Alomomola
|-resisted|p2a: Alomomola
|-crit|p2a: Alomomola
|-damage|p2a: Alomomola|55/100 par
|-unboost|p1a: Gholdengo|spa|1
|
|upkeep
|turn|11
|
|t:|1781302453
|switch|p1a: Alomomola|Alomomola, F|100/100
|-damage|p1a: Alomomola|88/100|[from] Stealth Rock
|move|p2a: Alomomola|Flip Turn|p1a: Alomomola
|-resisted|p1a: Alomomola
|-damage|p1a: Alomomola|82/100
|
|t:|1781302457
|switch|p2a: Hatterene|Hatterene, F, shiny|88/100|[from] Flip Turn
|-damage|p2a: Hatterene|76/100|[from] Stealth Rock
|
|upkeep
|turn|12
|
|t:|1781302464
|move|p1a: Alomomola|Flip Turn|p2a: Hatterene
|-damage|p2a: Hatterene|62/100
|-damage|p1a: Alomomola|65/100|[from] item: Rocky Helmet|[of] p2a: Hatterene
|
|t:|1781302466
|switch|p1a: Gholdengo|Gholdengo|80/100 par|[from] Flip Turn
|-damage|p1a: Gholdengo|74/100 par|[from] Stealth Rock
|move|p2a: Hatterene|Psychic Noise|p1a: Gholdengo
|-resisted|p1a: Gholdengo
|-damage|p1a: Gholdengo|58/100 par
|-start|p1a: Gholdengo|move: Heal Block
|
|upkeep
|turn|13
|
|t:|1781302473
|switch|p2a: Alomomola|Alomomola, F|89/100 par
|-damage|p2a: Alomomola|76/100 par|[from] Stealth Rock
|move|p1a: Gholdengo|Hex|p2a: Alomomola
|-damage|p2a: Alomomola|48/100 par
|
|-end|p1a: Gholdengo|move: Heal Block
|upkeep
|turn|14
|
|t:|1781302481
|move|p1a: Gholdengo|Hex|p2a: Alomomola
|-damage|p2a: Alomomola|22/100 par
|move|p2a: Alomomola|Mirror Coat|p1a: Gholdengo
|-damage|p1a: Gholdengo|0 fnt
|faint|p1a: Gholdengo
|
|upkeep
|
|t:|1781302485
|switch|p1a: Arcanine|Arcanine-Hisui, M|100/100
|-damage|p1a: Arcanine|76/100|[from] Stealth Rock
|turn|15
|
|t:|1781302488
|move|p1a: Arcanine|Head Smash|p2a: Alomomola
|-damage|p2a: Alomomola|0 fnt
|faint|p2a: Alomomola
|
|upkeep
|
|t:|1781302503
|switch|p2a: Corviknight|Corviknight, F, shiny|100/100
|-damage|p2a: Corviknight|88/100|[from] Stealth Rock
|-ability|p2a: Corviknight|Pressure
|turn|16
|
|t:|1781302512
|-terastallize|p1a: Arcanine|Rock
|move|p1a: Arcanine|Head Smash|p2a: Corviknight
|-damage|p2a: Corviknight|31/100
|-damage|p1a: Arcanine|59/100|[from] item: Rocky Helmet|[of] p2a: Corviknight
|move|p2a: Corviknight|U-turn|p1a: Arcanine
|-damage|p1a: Arcanine|42/100
|
|t:|1781302516
|switch|p2a: Meowscarada|Meowscarada, M, shiny|100/100|[from] U-turn
|-damage|p2a: Meowscarada|88/100|[from] Stealth Rock
|
|upkeep
|turn|17
|
|t:|1781302521
|switch|p1a: Corviknight|Corviknight, M|100/100
|-damage|p1a: Corviknight|88/100|[from] Stealth Rock
|-ability|p1a: Corviknight|Pressure
|move|p2a: Meowscarada|Knock Off|p1a: Corviknight
|-start|p2a: Meowscarada|typechange|Dark|[from] ability: Protean
|-damage|p1a: Corviknight|62/100
|-damage|p2a: Meowscarada|72/100|[from] item: Rocky Helmet|[of] p1a: Corviknight
|-enditem|p1a: Corviknight|Rocky Helmet|[from] move: Knock Off|[of] p2a: Meowscarada
|
|upkeep
|turn|18
|
|t:|1781302525
|switch|p2a: Corviknight|Corviknight, F, shiny|31/100
|-damage|p2a: Corviknight|19/100|[from] Stealth Rock
|-ability|p2a: Corviknight|Pressure
|move|p1a: Corviknight|U-turn|p2a: Corviknight
|-resisted|p2a: Corviknight
|-damage|p2a: Corviknight|17/100
|-damage|p1a: Corviknight|45/100|[from] item: Rocky Helmet|[of] p2a: Corviknight
|
|t:|1781302529
|switch|p1a: Arcanine|Arcanine-Hisui, M, tera:Rock|42/100|[from] U-turn
|-damage|p1a: Arcanine|30/100|[from] Stealth Rock
|
|upkeep
|turn|19
|
|t:|1781302537
|move|p1a: Arcanine|Flare Blitz|p2a: Corviknight
|-supereffective|p2a: Corviknight
|-damage|p2a: Corviknight|0 fnt
|-damage|p1a: Arcanine|13/100|[from] item: Rocky Helmet|[of] p2a: Corviknight
|faint|p2a: Corviknight
|
|upkeep
|
|t:|1781302541
|switch|p2a: Meowscarada|Meowscarada, M, shiny|72/100
|-damage|p2a: Meowscarada|60/100|[from] Stealth Rock
|turn|20
|
|t:|1781302547
|move|p2a: Meowscarada|U-turn|p1a: Arcanine
|-start|p2a: Meowscarada|typechange|Bug|[from] ability: Protean
|-damage|p1a: Arcanine|0 fnt
|faint|p1a: Arcanine
|-message|talveznao forfeited.
|
|win|btu100
|raw|talveznao's rating: 1578 &rarr; <strong>1559</strong><br />(-19 for losing)
|raw|btu100's rating: 1599 &rarr; <strong>1618</strong><br />(+19 for winning)
|l|☆btu100
|player|p2|
