|j|☆ghostoftheranch
|j|‽antonitaly
|t:|1781546967
|gametype|singles
|player|p1|ghostoftheranch|medium|1562
|player|p2|antonitaly|nate|1545
|gen|9
|tier|[Gen 9] OU
|rated|
|rule|HP Percentage Mod: HP is shown in percentages
|rule|Endless Battle Clause: Forcing endless battles is banned
|rule|Species Clause: Limit one of each Pokémon
|rule|OHKO Clause: OHKO moves are banned
|rule|Evasion Items Clause: Evasion items are banned
|rule|Evasion Moves Clause: Evasion moves are banned
|rule|Evasion Abilities Clause: Evasion abilities are banned
|rule|Sleep Moves Clause: Sleep-inducing moves are banned
|clearpoke
|poke|p1|Torkoal, M|
|poke|p1|Fezandipiti, M|
|poke|p1|Great Tusk|
|poke|p1|Cinderace, M|
|poke|p1|Mandibuzz, F|
|poke|p1|Volcanion|
|poke|p2|Darkrai|
|poke|p2|Kingambit, F|
|poke|p2|Ogerpon-Wellspring, F|
|poke|p2|Zamazenta-*|
|poke|p2|Glimmora, F|
|poke|p2|Iron Valiant|
|teampreview
|
|t:|1781546984
|teamsize|p1|6
|teamsize|p2|6
|start
|switch|p1a: Great Tusk|Great Tusk|100/100
|switch|p2a: Glimmora|Glimmora, F|100/100
|turn|1
|inactive|Battle timer is ON: inactive players will automatically lose when time's up. (requested by antonitaly)
|
|t:|1781546990
|switch|p2a: Zamazenta|Zamazenta|100/100
|-ability|p2a: Zamazenta|Dauntless Shield|boost
|-boost|p2a: Zamazenta|def|1
|move|p1a: Great Tusk|Headlong Rush|p2a: Zamazenta
|-damage|p2a: Zamazenta|66/100
|-unboost|p1a: Great Tusk|def|1
|-unboost|p1a: Great Tusk|spd|1
|
|-heal|p2a: Zamazenta|72/100|[from] item: Leftovers
|upkeep
|turn|2
|
|t:|1781547003
|-end|p1a: Great Tusk|Protosynthesis|[silent]
|switch|p1a: Torkoal|Torkoal, M|100/100
|-weather|SunnyDay|[from] ability: Drought|[of] p1a: Torkoal
|move|p2a: Zamazenta|Roar|p1a: Torkoal
|drag|p1a: Great Tusk|Great Tusk|100/100
|-activate|p1a: Great Tusk|ability: Protosynthesis
|-start|p1a: Great Tusk|protosynthesisatk
|
|-weather|SunnyDay|[upkeep]
|-heal|p2a: Zamazenta|78/100|[from] item: Leftovers
|upkeep
|turn|3
|
|t:|1781547031
|move|p1a: Great Tusk|Headlong Rush|p2a: Zamazenta
|-damage|p2a: Zamazenta|31/100
|-unboost|p1a: Great Tusk|def|1
|-unboost|p1a: Great Tusk|spd|1
|move|p2a: Zamazenta|Body Press|p1a: Great Tusk
|-damage|p1a: Great Tusk|43/100
|
|-weather|SunnyDay|[upkeep]
|-heal|p2a: Zamazenta|37/100|[from] item: Leftovers
|upkeep
|turn|4
|
|t:|1781547045
|switch|p2a: Ogerpon|Ogerpon-Wellspring, F|100/100
|move|p1a: Great Tusk|Headlong Rush|p2a: Ogerpon
|-resisted|p2a: Ogerpon
|-damage|p2a: Ogerpon|44/100
|-unboost|p1a: Great Tusk|def|1
|-unboost|p1a: Great Tusk|spd|1
|
|-weather|SunnyDay|[upkeep]
|upkeep
|turn|5
|
|t:|1781547055
|switch|p2a: Kingambit|Kingambit, F|100/100
|-item|p2a: Kingambit|Air Balloon
|move|p1a: Great Tusk|Headlong Rush|p2a: Kingambit
|-immune|p2a: Kingambit
|
|-weather|SunnyDay|[upkeep]
|upkeep
|turn|6
|
|t:|1781547066
|-end|p1a: Great Tusk|Protosynthesis|[silent]
|switch|p1a: Mandibuzz|Mandibuzz, F|100/100
|move|p2a: Kingambit|Swords Dance|p2a: Kingambit
|-boost|p2a: Kingambit|atk|2
|
|-weather|SunnyDay|[upkeep]
|upkeep
|turn|7
|
|t:|1781547072
|move|p1a: Mandibuzz|Foul Play|p2a: Kingambit
|-resisted|p2a: Kingambit
|-damage|p2a: Kingambit|62/100
|-enditem|p2a: Kingambit|Air Balloon
|move|p2a: Kingambit|Iron Head|p1a: Mandibuzz
|-damage|p1a: Mandibuzz|50/100
|-damage|p2a: Kingambit|45/100|[from] item: Rocky Helmet|[of] p1a: Mandibuzz
|
|-weather|SunnyDay|[upkeep]
|upkeep
|turn|8
|
|t:|1781547089
|move|p1a: Mandibuzz|Roost|p1a: Mandibuzz
|-heal|p1a: Mandibuzz|99/100
|-singleturn|p1a: Mandibuzz|move: Roost
|move|p2a: Kingambit|Iron Head|p1a: Mandibuzz
|-damage|p1a: Mandibuzz|42/100
|-damage|p2a: Kingambit|28/100|[from] item: Rocky Helmet|[of] p1a: Mandibuzz
|
|-weather|SunnyDay|[upkeep]
|upkeep
|turn|9
|
|t:|1781547103
|move|p1a: Mandibuzz|Roost|p1a: Mandibuzz
|-heal|p1a: Mandibuzz|92/100
|-singleturn|p1a: Mandibuzz|move: Roost
|move|p2a: Kingambit|Iron Head|p1a: Mandibuzz
|-damage|p1a: Mandibuzz|36/100
|-damage|p2a: Kingambit|12/100|[from] item: Rocky Helmet|[of] p1a: Mandibuzz
|
|-weather|none
|upkeep
|turn|10
|
|t:|1781547114
|move|p1a: Mandibuzz|Roost|p1a: Mandibuzz
|-heal|p1a: Mandibuzz|86/100
|-singleturn|p1a: Mandibuzz|move: Roost
|move|p2a: Kingambit|Iron Head|p1a: Mandibuzz
|-damage|p1a: Mandibuzz|33/100
|-damage|p2a: Kingambit|0 fnt|[from] item: Rocky Helmet|[of] p1a: Mandibuzz
|faint|p2a: Kingambit
|-end|p2a: Kingambit|fallenundefined|[silent]
|
|upkeep
|
|t:|1781547123
|switch|p2a: Darkrai|Darkrai|100/100
|turn|11
|
|t:|1781547134
|switch|p1a: Fezandipiti|Fezandipiti, M|100/100
|move|p2a: Darkrai|Ice Beam|p1a: Fezandipiti
|-damage|p1a: Fezandipiti|74/100
|
|-heal|p1a: Fezandipiti|80/100|[from] item: Leftovers
|upkeep
|turn|12
|
|t:|1781547148
|-terastallize|p2a: Darkrai|Poison
|move|p2a: Darkrai|Ice Beam|p1a: Fezandipiti
|-damage|p1a: Fezandipiti|54/100
|move|p1a: Fezandipiti|Moonblast|p2a: Darkrai
|-resisted|p2a: Darkrai
|-damage|p2a: Darkrai|78/100
|
|-heal|p1a: Fezandipiti|60/100|[from] item: Leftovers
|upkeep
|turn|13
|inactive|ghostoftheranch has 120 seconds left.
|inactive|ghostoftheranch has 90 seconds left.
|
|t:|1781547226
|move|p2a: Darkrai|Ice Beam|p1a: Fezandipiti
|-damage|p1a: Fezandipiti|38/100
|move|p1a: Fezandipiti|Heat Wave|p2a: Darkrai
|-damage|p2a: Darkrai|46/100
|
|-heal|p1a: Fezandipiti|44/100|[from] item: Leftovers
|upkeep
|turn|14
|
|t:|1781547245
|switch|p1a: Torkoal|Torkoal, M|100/100
|-weather|SunnyDay|[from] ability: Drought|[of] p1a: Torkoal
|move|p2a: Darkrai|Ice Beam|p1a: Torkoal
|-resisted|p1a: Torkoal
|-damage|p1a: Torkoal|79/100
|
|-weather|SunnyDay|[upkeep]
|upkeep
|turn|15
|
|t:|1781547254
|move|p2a: Darkrai|Sludge Bomb|p1a: Torkoal
|-damage|p1a: Torkoal|11/100
|move|p1a: Torkoal|Stealth Rock|p2a: Darkrai
|-sidestart|p2: antonitaly|move: Stealth Rock
|
|-weather|SunnyDay|[upkeep]
|upkeep
|turn|16
|inactive|ghostoftheranch has 60 seconds left.
|
|t:|1781547281
|switch|p1a: Volcanion|Volcanion|100/100
|move|p2a: Darkrai|Sludge Bomb|p1a: Volcanion
|-damage|p1a: Volcanion|47/100
|-status|p1a: Volcanion|psn
|
|-weather|SunnyDay|[upkeep]
|-damage|p1a: Volcanion|35/100 psn|[from] psn
|upkeep
|turn|17
|
|t:|1781547289
|move|p2a: Darkrai|Sludge Bomb|p1a: Volcanion
|-damage|p1a: Volcanion|0 fnt
|faint|p1a: Volcanion
|
|-weather|SunnyDay|[upkeep]
|upkeep
|
|t:|1781547296
|switch|p1a: Great Tusk|Great Tusk|43/100
|-activate|p1a: Great Tusk|ability: Protosynthesis
|-start|p1a: Great Tusk|protosynthesisatk
|turn|18
|
|t:|1781547307
|switch|p2a: Zamazenta|Zamazenta|37/100
|-damage|p2a: Zamazenta|31/100|[from] Stealth Rock
|move|p1a: Great Tusk|Headlong Rush|p2a: Zamazenta
|-damage|p2a: Zamazenta|0 fnt
|-unboost|p1a: Great Tusk|def|1
|-unboost|p1a: Great Tusk|spd|1
|faint|p2a: Zamazenta
|
|-weather|SunnyDay|[upkeep]
|upkeep
|
|t:|1781547316
|switch|p2a: Iron Valiant|Iron Valiant|100/100
|-damage|p2a: Iron Valiant|94/100|[from] Stealth Rock
|-enditem|p2a: Iron Valiant|Booster Energy
|-activate|p2a: Iron Valiant|ability: Quark Drive|[fromitem]
|-start|p2a: Iron Valiant|quarkdrivespe
|turn|19
|
|t:|1781547323
|-end|p1a: Great Tusk|Protosynthesis|[silent]
|switch|p1a: Fezandipiti|Fezandipiti, M|44/100
|move|p2a: Iron Valiant|Shadow Ball|p1a: Fezandipiti
|-damage|p1a: Fezandipiti|24/100
|
|-weather|SunnyDay|[upkeep]
|-heal|p1a: Fezandipiti|30/100|[from] item: Leftovers
|upkeep
|turn|20
|
|t:|1781547332
|move|p2a: Iron Valiant|Taunt|p1a: Fezandipiti
|-start|p1a: Fezandipiti|move: Taunt
|move|p1a: Fezandipiti|Moonblast|p2a: Iron Valiant
|-supereffective|p2a: Iron Valiant
|-damage|p2a: Iron Valiant|0 fnt
|faint|p2a: Iron Valiant
|-end|p2a: Iron Valiant|Quark Drive|[silent]
|
|-weather|SunnyDay|[upkeep]
|-heal|p1a: Fezandipiti|37/100|[from] item: Leftovers
|upkeep
|-message|antonitaly forfeited.
|
|win|ghostoftheranch
|raw|ghostoftheranch's rating: 1562 &rarr; <strong>1581</strong><br />(+19 for winning)
|raw|antonitaly's rating: 1545 &rarr; <strong>1526</strong><br />(-19 for losing)
|l|‽antonitaly
|player|p2|
