|j|☆Negative1stClass
|j|☆Morthill
|t:|1781258449
|gametype|singles
|player|p1|Negative1stClass|hilbert|1536
|player|p2|Morthill|lucas|1483
|gen|9
|tier|[Gen 9] OU
|rated|
|rule|HP Percentage Mod: HP is shown in percentages
|rule|Endless Battle Clause: Forcing endless battles is banned
|rule|Species Clause: Limit one of each Pokémon
|rule|OHKO Clause: OHKO moves are banned
|rule|Evasion Items Clause: Evasion items are banned
|rule|Evasion Moves Clause: Evasion moves are banned
|rule|Evasion Abilities Clause: Evasion abilities are banned
|rule|Sleep Moves Clause: Sleep-inducing moves are banned
|clearpoke
|poke|p1|Pelipper, M|
|poke|p1|Raging Bolt|
|poke|p1|Overqwil, M|
|poke|p1|Barraskewda, F|
|poke|p1|Iron Treads|
|poke|p1|Azelf|
|poke|p2|Heatran, M|
|poke|p2|Cetitan, M|
|poke|p2|Ninetales-Alola, M|
|poke|p2|Frosmoth, M|
|poke|p2|Kyurem|
|poke|p2|Avalugg, M|
|teampreview
|inactive|Battle timer is ON: inactive players will automatically lose when time's up. (requested by Morthill)
|
|t:|1781258459
|teamsize|p1|6
|teamsize|p2|6
|start
|switch|p1a: Iron Treads|Iron Treads|100/100
|switch|p2a: Kyurem|Kyurem|100/100
|-ability|p2a: Kyurem|Pressure
|-enditem|p1a: Iron Treads|Booster Energy
|-activate|p1a: Iron Treads|ability: Quark Drive|[fromitem]
|-start|p1a: Iron Treads|quarkdrivespe
|turn|1
|
|t:|1781258465
|move|p1a: Iron Treads|Steel Beam|p2a: Kyurem
|-supereffective|p2a: Kyurem
|-damage|p2a: Kyurem|0 fnt
|-damage|p1a: Iron Treads|50/100|[from] steelbeam
|faint|p2a: Kyurem
|
|upkeep
|
|t:|1781258473
|switch|p2a: Ninetales|Ninetales-Alola, M, shiny|100/100
|-weather|Snowscape|[from] ability: Snow Warning|[of] p2a: Ninetales
|turn|2
|
|t:|1781258476
|move|p1a: Iron Treads|Steel Beam|p2a: Ninetales
|-supereffective|p2a: Ninetales
|-damage|p2a: Ninetales|0 fnt
|-damage|p1a: Iron Treads|0 fnt|[from] steelbeam
|faint|p1a: Iron Treads
|-end|p1a: Iron Treads|Quark Drive|[silent]
|faint|p2a: Ninetales
|
|-weather|Snowscape|[upkeep]
|upkeep
|
|t:|1781258484
|switch|p2a: Cetitan|Cetitan, M, shiny|100/100
|switch|p1a: Pelipper|Pelipper, M|100/100
|-weather|RainDance|[from] ability: Drizzle|[of] p1a: Pelipper
|turn|3
|
|t:|1781258493
|switch|p2a: Frosmoth|Frosmoth, M, shiny|100/100
|move|p1a: Pelipper|U-turn|p2a: Frosmoth
|-damage|p2a: Frosmoth|80/100
|
|t:|1781258498
|switch|p1a: Barraskewda|Barraskewda, F|100/100|[from] U-turn
|
|-weather|RainDance|[upkeep]
|upkeep
|turn|4
|
|t:|1781258501
|-terastallize|p1a: Barraskewda|Water
|move|p1a: Barraskewda|Liquidation|p2a: Frosmoth
|-damage|p2a: Frosmoth|0 fnt
|faint|p2a: Frosmoth
|
|-weather|RainDance|[upkeep]
|upkeep
|
|t:|1781258504
|switch|p2a: Avalugg|Avalugg, M|100/100
|turn|5
|
|t:|1781258510
|switch|p1a: Azelf|Azelf|100/100
|move|p2a: Avalugg|Body Press|p1a: Azelf
|-resisted|p1a: Azelf
|-damage|p1a: Azelf|69/100
|
|-weather|RainDance|[upkeep]
|upkeep
|turn|6
|
|t:|1781258513
|switch|p2a: Heatran|Heatran, M|100/100
|move|p1a: Azelf|Taunt|p2a: Heatran
|-start|p2a: Heatran|move: Taunt
|
|-weather|RainDance|[upkeep]
|upkeep
|turn|7
|
|t:|1781258517
|switch|p1a: Overqwil|Overqwil, M|100/100
|move|p2a: Heatran|Magma Storm|p1a: Overqwil|[miss]
|-miss|p2a: Heatran|p1a: Overqwil
|
|-weather|RainDance|[upkeep]
|upkeep
|turn|8
|
|t:|1781258524
|move|p1a: Overqwil|Liquidation|p2a: Heatran
|-supereffective|p2a: Heatran
|-damage|p2a: Heatran|0 fnt
|faint|p2a: Heatran
|-damage|p1a: Overqwil|91/100|[from] item: Life Orb
|
|-weather|RainDance|[upkeep]
|upkeep
|
|t:|1781258527
|switch|p2a: Avalugg|Avalugg, M|100/100
|turn|9
|
|t:|1781258530
|move|p1a: Overqwil|Gunk Shot|p2a: Avalugg
|-damage|p2a: Avalugg|68/100
|-damage|p1a: Overqwil|81/100|[from] item: Life Orb
|move|p2a: Avalugg|Iron Defense|p2a: Avalugg
|-boost|p2a: Avalugg|def|2
|
|-weather|RainDance|[upkeep]
|upkeep
|turn|10
|
|t:|1781258533
|switch|p1a: Azelf|Azelf|69/100
|move|p2a: Avalugg|Body Press|p1a: Azelf
|-resisted|p1a: Azelf
|-damage|p1a: Azelf|3/100
|
|-weather|none
|upkeep
|turn|11
|
|t:|1781258538
|move|p1a: Azelf|Endeavor|p2a: Avalugg
|-damage|p2a: Avalugg|2/100
|-damage|p1a: Azelf|0 fnt|[from] item: Rocky Helmet|[of] p2a: Avalugg
|faint|p1a: Azelf
|move|p2a: Avalugg|Rapid Spin|p1: Azelf|[notarget]
|-fail|p2a: Avalugg
|
|upkeep
|
|t:|1781258545
|switch|p1a: Barraskewda|Barraskewda, F, tera:Water|100/100
|turn|12
|
|t:|1781258549
|move|p1a: Barraskewda|Aqua Jet|p2a: Avalugg
|-damage|p2a: Avalugg|0 fnt
|-damage|p1a: Barraskewda|84/100|[from] item: Rocky Helmet|[of] p2a: Avalugg
|faint|p2a: Avalugg
|
|upkeep
|
|t:|1781258551
|switch|p2a: Cetitan|Cetitan, M, shiny|100/100
|turn|13
|
|t:|1781258554
|switch|p1a: Pelipper|Pelipper, M|100/100
|-weather|RainDance|[from] ability: Drizzle|[of] p1a: Pelipper
|move|p2a: Cetitan|Superpower|p1a: Pelipper
|-resisted|p1a: Pelipper
|-damage|p1a: Pelipper|85/100
|-unboost|p2a: Cetitan|atk|1
|-unboost|p2a: Cetitan|def|1
|
|-weather|RainDance|[upkeep]
|upkeep
|turn|14
|
|t:|1781258557
|move|p2a: Cetitan|Belly Drum|p2a: Cetitan
|-damage|p2a: Cetitan|50/100
|-setboost|p2a: Cetitan|atk|6|[from] move: Belly Drum
|-enditem|p2a: Cetitan|Sitrus Berry|[eat]
|-heal|p2a: Cetitan|75/100|[from] item: Sitrus Berry
|move|p1a: Pelipper|U-turn|p2a: Cetitan
|-damage|p2a: Cetitan|63/100
|
|t:|1781258560
|switch|p1a: Barraskewda|Barraskewda, F, tera:Water|84/100|[from] U-turn
|
|-weather|RainDance|[upkeep]
|upkeep
|turn|15
|
|t:|1781258561
|move|p2a: Cetitan|Ice Shard|p1a: Barraskewda
|-resisted|p1a: Barraskewda
|-damage|p1a: Barraskewda|0 fnt
|faint|p1a: Barraskewda
|
|-weather|RainDance|[upkeep]
|upkeep
|
|t:|1781258565
|switch|p1a: Raging Bolt|Raging Bolt|100/100
|-enditem|p1a: Raging Bolt|Booster Energy
|-activate|p1a: Raging Bolt|ability: Protosynthesis|[fromitem]
|-start|p1a: Raging Bolt|protosynthesisspa
|turn|16
|
|t:|1781258572
|-terastallize|p2a: Cetitan|Electric
|move|p2a: Cetitan|Ice Shard|p1a: Raging Bolt
|-supereffective|p1a: Raging Bolt
|-damage|p1a: Raging Bolt|0 fnt
|faint|p1a: Raging Bolt
|-end|p1a: Raging Bolt|Protosynthesis|[silent]
|
|-weather|RainDance|[upkeep]
|upkeep
|
|t:|1781258579
|switch|p1a: Overqwil|Overqwil, M|81/100
|turn|17
|
|t:|1781258585
|move|p2a: Cetitan|Ice Shard|p1a: Overqwil
|-damage|p1a: Overqwil|0 fnt
|faint|p1a: Overqwil
|
|-weather|RainDance|[upkeep]
|upkeep
|
|t:|1781258588
|switch|p1a: Pelipper|Pelipper, M|85/100
|turn|18
|
|t:|1781258592
|move|p2a: Cetitan|Ice Shard|p1a: Pelipper
|-damage|p1a: Pelipper|22/100
|move|p1a: Pelipper|Weather Ball|p2a: Cetitan
|-damage|p2a: Cetitan|8/100
|
|-weather|RainDance|[upkeep]
|upkeep
|turn|19
|
|t:|1781258597
|move|p2a: Cetitan|Ice Shard|p1a: Pelipper
|-damage|p1a: Pelipper|0 fnt
|faint|p1a: Pelipper
|
|win|Morthill
|raw|Negative1stClass's rating: 1536 &rarr; <strong>1513</strong><br />(-23 for losing)
|raw|Morthill's rating: 1483 &rarr; <strong>1506</strong><br />(+23 for winning)
|l|☆Negative1stClass
|player|p1|
|l|☆Morthill
|player|p2|
