|j|☆Rextrox
|j|☆KurisuChestnutLab
|t:|1781158684
|gametype|singles
|player|p1|Rextrox|birdkeeper-gen4dp|1596
|player|p2|KurisuChestnutLab|may-contest|1535
|gen|9
|tier|[Gen 9] OU
|rated|
|rule|HP Percentage Mod: HP is shown in percentages
|rule|Endless Battle Clause: Forcing endless battles is banned
|rule|Species Clause: Limit one of each Pokémon
|rule|OHKO Clause: OHKO moves are banned
|rule|Evasion Items Clause: Evasion items are banned
|rule|Evasion Moves Clause: Evasion moves are banned
|rule|Evasion Abilities Clause: Evasion abilities are banned
|rule|Sleep Moves Clause: Sleep-inducing moves are banned
|clearpoke
|poke|p1|Eelektross, F|
|poke|p1|Deoxys-Speed|
|poke|p1|Iron Valiant|
|poke|p1|Pecharunt|
|poke|p1|Dragonite, M|
|poke|p1|Kingambit, F|
|poke|p2|Zamazenta-*|
|poke|p2|Zapdos|
|poke|p2|Garganacl, F|
|poke|p2|Clefable, M|
|poke|p2|Samurott-Hisui, M|
|poke|p2|Gholdengo|
|teampreview
|inactive|Battle timer is ON: inactive players will automatically lose when time's up. (requested by KurisuChestnutLab)
|
|t:|1781158693
|teamsize|p1|6
|teamsize|p2|6
|start
|switch|p1a: Deoxys|Deoxys-Speed|100/100
|switch|p2a: Garganacl|Garganacl, F|100/100
|-ability|p1a: Deoxys|Pressure
|turn|1
|
|t:|1781158700
|move|p1a: Deoxys|Reflect|p1a: Deoxys
|-sidestart|p1: Rextrox|Reflect
|move|p2a: Garganacl|Salt Cure|p1a: Deoxys
|-crit|p1a: Deoxys
|-damage|p1a: Deoxys|74/100
|-start|p1a: Deoxys|Salt Cure
|
|-damage|p1a: Deoxys|62/100|[from] Salt Cure
|upkeep
|turn|2
|
|t:|1781158707
|move|p1a: Deoxys|Taunt|p2a: Garganacl
|-start|p2a: Garganacl|move: Taunt
|cant|p2a: Garganacl|move: Taunt|Stealth Rock
|
|-damage|p1a: Deoxys|49/100|[from] Salt Cure
|upkeep
|turn|3
|
|t:|1781158711
|move|p1a: Deoxys|Stealth Rock|p2a: Garganacl
|-sidestart|p2: KurisuChestnutLab|move: Stealth Rock
|move|p2a: Garganacl|Salt Cure|p1a: Deoxys
|-damage|p1a: Deoxys|41/100
|
|-damage|p1a: Deoxys|29/100|[from] Salt Cure
|upkeep
|turn|4
|
|t:|1781158720
|switch|p1a: GG's|Eelektross, F|100/100
|move|p2a: Garganacl|Salt Cure|p1a: GG's
|-damage|p1a: GG's|93/100
|-start|p1a: GG's|Salt Cure
|
|-heal|p1a: GG's|99/100|[from] item: Leftovers
|-damage|p1a: GG's|87/100|[from] Salt Cure
|-end|p2a: Garganacl|move: Taunt
|upkeep
|turn|5
|
|t:|1781158724
|move|p1a: GG's|Coil|p1a: GG's
|-boost|p1a: GG's|atk|1
|-boost|p1a: GG's|def|1
|-boost|p1a: GG's|accuracy|1
|move|p2a: Garganacl|Stealth Rock|p1a: GG's
|-sidestart|p1: Rextrox|move: Stealth Rock
|
|-heal|p1a: GG's|93/100|[from] item: Leftovers
|-damage|p1a: GG's|81/100|[from] Salt Cure
|upkeep
|turn|6
|
|t:|1781158733
|switch|p2a: Clefable|Clefable, M|100/100
|move|p1a: GG's|Coil|p1a: GG's
|-boost|p1a: GG's|atk|1
|-boost|p1a: GG's|def|1
|-boost|p1a: GG's|accuracy|1
|
|-heal|p1a: GG's|87/100|[from] item: Leftovers
|-damage|p1a: GG's|75/100|[from] Salt Cure
|upkeep
|turn|7
|
|t:|1781158740
|move|p1a: GG's|Supercell Slam|p2a: Clefable
|-damage|p2a: Clefable|73/100
|move|p2a: Clefable|Moonblast|p1a: GG's
|-damage|p1a: GG's|48/100
|
|-heal|p1a: GG's|54/100|[from] item: Leftovers
|-damage|p1a: GG's|42/100|[from] Salt Cure
|upkeep
|turn|8
|
|t:|1781158747
|move|p1a: GG's|Supercell Slam|p2a: Clefable
|-damage|p2a: Clefable|43/100
|move|p2a: Clefable|Moonblast|p1a: GG's
|-damage|p1a: GG's|15/100
|
|-heal|p1a: GG's|21/100|[from] item: Leftovers
|-damage|p1a: GG's|9/100|[from] Salt Cure
|-sideend|p1: Rextrox|Reflect
|upkeep
|turn|9
|
|t:|1781158753
|move|p1a: GG's|Supercell Slam|p2a: Clefable
|-damage|p2a: Clefable|14/100
|move|p2a: Clefable|Moonlight|p2a: Clefable
|-heal|p2a: Clefable|64/100
|
|-heal|p1a: GG's|15/100|[from] item: Leftovers
|-damage|p1a: GG's|2/100|[from] Salt Cure
|upkeep
|turn|10
|
|t:|1781158759
|move|p1a: GG's|Supercell Slam|p2a: Clefable
|-damage|p2a: Clefable|36/100
|move|p2a: Clefable|Moonlight|p2a: Clefable
|-heal|p2a: Clefable|86/100
|
|-heal|p1a: GG's|9/100|[from] item: Leftovers
|-damage|p1a: GG's|0 fnt|[from] Salt Cure
|faint|p1a: GG's
|upkeep
|
|t:|1781158764
|switch|p1a: Pecharunt|Pecharunt|100/100
|turn|11
|
|t:|1781158770
|switch|p2a: Gholdengo|Gholdengo|100/100
|-damage|p2a: Gholdengo|94/100|[from] Stealth Rock
|move|p1a: Pecharunt|Nasty Plot|p1a: Pecharunt
|-boost|p1a: Pecharunt|spa|2
|
|upkeep
|turn|12
|
|t:|1781158775
|move|p2a: Gholdengo|Shadow Ball|p1a: Pecharunt
|-supereffective|p1a: Pecharunt
|-damage|p1a: Pecharunt|10/100
|move|p1a: Pecharunt|Shadow Ball|p2a: Gholdengo
|-supereffective|p2a: Gholdengo
|-damage|p2a: Gholdengo|0 fnt
|faint|p2a: Gholdengo
|
|upkeep
|
|t:|1781158779
|switch|p2a: Samurott|Samurott-Hisui, M|100/100
|-damage|p2a: Samurott|88/100|[from] Stealth Rock
|turn|13
|
|t:|1781158786
|move|p2a: Samurott|Razor Shell|p1a: Pecharunt
|-damage|p1a: Pecharunt|0 fnt
|faint|p1a: Pecharunt
|
|upkeep
|
|t:|1781158793
|switch|p1a: Dragonite|Dragonite, M|100/100
|turn|14
|
|t:|1781158801
|switch|p2a: Zamazenta|Zamazenta|100/100
|-damage|p2a: Zamazenta|94/100|[from] Stealth Rock
|-ability|p2a: Zamazenta|Dauntless Shield|boost
|-boost|p2a: Zamazenta|def|1
|move|p1a: Dragonite|Dragon Dance|p1a: Dragonite
|-boost|p1a: Dragonite|atk|1
|-boost|p1a: Dragonite|spe|1
|
|-heal|p2a: Zamazenta|100/100|[from] item: Leftovers
|upkeep
|turn|15
|
|t:|1781158807
|move|p2a: Zamazenta|Iron Defense|p2a: Zamazenta
|-boost|p2a: Zamazenta|def|2
|move|p1a: Dragonite|Earthquake|p2a: Zamazenta
|-damage|p2a: Zamazenta|82/100
|
|-heal|p2a: Zamazenta|88/100|[from] item: Leftovers
|upkeep
|turn|16
|
|t:|1781158813
|move|p2a: Zamazenta|Body Press|p1a: Dragonite
|-resisted|p1a: Dragonite
|-damage|p1a: Dragonite|79/100
|move|p1a: Dragonite|Earthquake|p2a: Zamazenta
|-damage|p2a: Zamazenta|69/100
|
|-heal|p2a: Zamazenta|75/100|[from] item: Leftovers
|upkeep
|turn|17
|
|t:|1781158820
|move|p2a: Zamazenta|Body Press|p1a: Dragonite
|-resisted|p1a: Dragonite
|-damage|p1a: Dragonite|39/100
|move|p1a: Dragonite|Roost|p1a: Dragonite
|-heal|p1a: Dragonite|89/100
|-singleturn|p1a: Dragonite|move: Roost
|
|-heal|p2a: Zamazenta|81/100|[from] item: Leftovers
|upkeep
|turn|18
|
|t:|1781158826
|move|p2a: Zamazenta|Iron Defense|p2a: Zamazenta
|-boost|p2a: Zamazenta|def|2
|move|p1a: Dragonite|Roost|p1a: Dragonite
|-heal|p1a: Dragonite|100/100
|-singleturn|p1a: Dragonite|move: Roost
|
|-heal|p2a: Zamazenta|87/100|[from] item: Leftovers
|upkeep
|turn|19
|
|t:|1781158831
|switch|p1a: Deoxys|Deoxys-Speed|29/100
|-damage|p1a: Deoxys|16/100|[from] Stealth Rock
|-ability|p1a: Deoxys|Pressure
|move|p2a: Zamazenta|Body Press|p1a: Deoxys
|-resisted|p1a: Deoxys
|-damage|p1a: Deoxys|0 fnt
|faint|p1a: Deoxys
|
|-heal|p2a: Zamazenta|94/100|[from] item: Leftovers
|upkeep
|
|t:|1781158839
|switch|p1a: Iron Valiant|Iron Valiant|100/100
|-damage|p1a: Iron Valiant|94/100|[from] Stealth Rock
|-enditem|p1a: Iron Valiant|Booster Energy
|-activate|p1a: Iron Valiant|ability: Quark Drive|[fromitem]
|-start|p1a: Iron Valiant|quarkdrivespe
|turn|20
|
|t:|1781158846
|-terastallize|p1a: Iron Valiant|Ghost
|-terastallize|p2a: Zamazenta|Fire
|move|p1a: Iron Valiant|Encore|p2a: Zamazenta
|-start|p2a: Zamazenta|Encore
|move|p2a: Zamazenta|Body Press|p1a: Iron Valiant
|-immune|p1a: Iron Valiant
|
|-heal|p2a: Zamazenta|99/100|[from] item: Leftovers
|upkeep
|turn|21
|
|t:|1781158853
|switch|p2a: Garganacl|Garganacl, F|100/100
|-damage|p2a: Garganacl|88/100|[from] Stealth Rock
|move|p1a: Iron Valiant|Calm Mind|p1a: Iron Valiant
|-boost|p1a: Iron Valiant|spa|1
|-boost|p1a: Iron Valiant|spd|1
|
|-heal|p2a: Garganacl|94/100|[from] item: Leftovers
|upkeep
|turn|22
|
|t:|1781158857
|move|p1a: Iron Valiant|Moonblast|p2a: Garganacl
|-damage|p2a: Garganacl|50/100
|-unboost|p2a: Garganacl|spa|1
|move|p2a: Garganacl|Salt Cure|p1a: Iron Valiant
|-damage|p1a: Iron Valiant|76/100
|-start|p1a: Iron Valiant|Salt Cure
|
|-heal|p2a: Garganacl|56/100|[from] item: Leftovers
|-damage|p1a: Iron Valiant|63/100|[from] Salt Cure
|upkeep
|turn|23
|
|t:|1781158862
|move|p1a: Iron Valiant|Moonblast|p2a: Garganacl
|-damage|p2a: Garganacl|9/100
|move|p2a: Garganacl|Recover|p2a: Garganacl
|-heal|p2a: Garganacl|59/100
|
|-heal|p2a: Garganacl|65/100|[from] item: Leftovers
|-damage|p1a: Iron Valiant|51/100|[from] Salt Cure
|upkeep
|turn|24
|
|t:|1781158869
|-end|p1a: Iron Valiant|Quark Drive|[silent]
|switch|p1a: Dragonite|Dragonite, M|100/100
|move|p2a: Garganacl|Recover|p2a: Garganacl
|-heal|p2a: Garganacl|100/100
|
|upkeep
|turn|25
|
|t:|1781158881
|move|p1a: Dragonite|Earthquake|p2a: Garganacl
|-supereffective|p2a: Garganacl
|-damage|p2a: Garganacl|50/100
|move|p2a: Garganacl|Salt Cure|p1a: Dragonite
|-supereffective|p1a: Dragonite
|-damage|p1a: Dragonite|85/100
|-start|p1a: Dragonite|Salt Cure
|
|-heal|p2a: Garganacl|57/100|[from] item: Leftovers
|-damage|p1a: Dragonite|72/100|[from] Salt Cure
|upkeep
|turn|26
|
|t:|1781158888
|move|p1a: Dragonite|Dragon Dance|p1a: Dragonite
|-boost|p1a: Dragonite|atk|1
|-boost|p1a: Dragonite|spe|1
|move|p2a: Garganacl|Recover|p2a: Garganacl
|-heal|p2a: Garganacl|100/100
|
|-damage|p1a: Dragonite|60/100|[from] Salt Cure
|upkeep
|turn|27
|
|t:|1781158894
|switch|p2a: Clefable|Clefable, M|86/100
|move|p1a: Dragonite|Dragon Dance|p1a: Dragonite
|-boost|p1a: Dragonite|atk|1
|-boost|p1a: Dragonite|spe|1
|
|-damage|p1a: Dragonite|48/100|[from] Salt Cure
|upkeep
|turn|28
|
|t:|1781158899
|move|p1a: Dragonite|Earthquake|p2a: Clefable
|-damage|p2a: Clefable|55/100
|move|p2a: Clefable|Moonblast|p1a: Dragonite
|-supereffective|p1a: Dragonite
|-damage|p1a: Dragonite|0 fnt
|faint|p1a: Dragonite
|
|upkeep
|
|t:|1781158901
|switch|p1a: Kingambit|Kingambit, F|100/100
|-damage|p1a: Kingambit|94/100|[from] Stealth Rock
|-activate|p1a: Kingambit|ability: Supreme Overlord
|-start|p1a: Kingambit|fallen4|[silent]
|turn|29
|
|t:|1781158907
|switch|p2a: Zamazenta|Zamazenta, tera:Fire|99/100
|-damage|p2a: Zamazenta|75/100|[from] Stealth Rock
|move|p1a: Kingambit|Swords Dance|p1a: Kingambit
|-boost|p1a: Kingambit|atk|2
|
|-heal|p2a: Zamazenta|81/100|[from] item: Leftovers
|upkeep
|turn|30
|
|t:|1781158914
|move|p1a: Kingambit|Sucker Punch||[still]
|-fail|p1a: Kingambit
|move|p2a: Zamazenta|Iron Defense|p2a: Zamazenta
|-boost|p2a: Zamazenta|def|2
|
|-heal|p2a: Zamazenta|87/100|[from] item: Leftovers
|upkeep
|turn|31
|
|t:|1781158918
|-end|p1a: Kingambit|fallen4|[silent]
|switch|p1a: Iron Valiant|Iron Valiant, tera:Ghost|51/100
|-damage|p1a: Iron Valiant|38/100|[from] Stealth Rock
|move|p2a: Zamazenta|Body Press|p1a: Iron Valiant
|-immune|p1a: Iron Valiant
|
|-heal|p2a: Zamazenta|93/100|[from] item: Leftovers
|upkeep
|turn|32
|j| J2icyy
|
|t:|1781158926
|move|p2a: Zamazenta|Crunch|p1a: Iron Valiant
|-supereffective|p1a: Iron Valiant
|-damage|p1a: Iron Valiant|0 fnt
|faint|p1a: Iron Valiant
|-end|p1a: Iron Valiant|Quark Drive|[silent]
|
|-heal|p2a: Zamazenta|99/100|[from] item: Leftovers
|upkeep
|
|t:|1781158929
|switch|p1a: Kingambit|Kingambit, F|94/100
|-damage|p1a: Kingambit|88/100|[from] Stealth Rock
|-activate|p1a: Kingambit|ability: Supreme Overlord
|-start|p1a: Kingambit|fallen5|[silent]
|turn|33
|
|t:|1781158934
|move|p2a: Zamazenta|Body Press|p1a: Kingambit
|-supereffective|p1a: Kingambit
|-damage|p1a: Kingambit|0 fnt
|faint|p1a: Kingambit
|-end|p1a: Kingambit|fallen5|[silent]
|
|win|KurisuChestnutLab
|raw|Rextrox's rating: 1596 &rarr; <strong>1574</strong><br />(-22 for losing)
|raw|KurisuChestnutLab's rating: 1561 &rarr; <strong>1583</strong><br />(+22 for winning)
