|j|☆POESIE CLANDESTINE
|j|☆OP Earthquakes
|t:|1781130937
|gametype|singles
|player|p1|POESIE CLANDESTINE|backpacker|1715
|player|p2|OP Earthquakes|giovanni-masters|1725
|gen|9
|tier|[Gen 9] OU
|rated|
|rule|HP Percentage Mod: HP is shown in percentages
|rule|Endless Battle Clause: Forcing endless battles is banned
|rule|Species Clause: Limit one of each Pokémon
|rule|OHKO Clause: OHKO moves are banned
|rule|Evasion Items Clause: Evasion items are banned
|rule|Evasion Moves Clause: Evasion moves are banned
|rule|Evasion Abilities Clause: Evasion abilities are banned
|rule|Sleep Moves Clause: Sleep-inducing moves are banned
|clearpoke
|poke|p1|Zamazenta-*|
|poke|p1|Serperior, M|
|poke|p1|Kyurem|
|poke|p1|Zapdos|
|poke|p1|Iron Treads|
|poke|p1|Umbreon, F|
|poke|p2|Tyranitar, M|
|poke|p2|Pawmot, F|
|poke|p2|Kyurem|
|poke|p2|Excadrill, M|
|poke|p2|Hawlucha, F|
|poke|p2|Zamazenta-*|
|teampreview
|inactive|Battle timer is ON: inactive players will automatically lose when time's up. (requested by OP Earthquakes)
|c|☆OP Earthquakes|this smells like d18l
|c|☆OP Earthquakes|lol
|c|☆OP Earthquakes|GLHF man
|c|☆POESIE CLANDESTINE|glhf
|inactive|POESIE CLANDESTINE has 120 seconds left.
|inactive|OP Earthquakes has 120 seconds left.
|c|☆POESIE CLANDESTINE|(like what?)
|c|☆OP Earthquakes|idk I lwk forgot
|j| kingjot
|
|t:|1781130990
|teamsize|p1|6
|teamsize|p2|6
|start
|switch|p1a: Zapdos|Zapdos|100/100
|switch|p2a: Toshiro|Kyurem, shiny|100/100
|-ability|p2a: Toshiro|Pressure
|turn|1
|l| kingjot
|
|t:|1781131010
|move|p1a: Zapdos|Volt Switch|p2a: Toshiro
|-resisted|p2a: Toshiro
|-damage|p2a: Toshiro|86/100
|inactive|POESIE CLANDESTINE has 120 seconds left.
|
|t:|1781131026
|switch|p1a: Umbreon|Umbreon, F|100/100|[from] Volt Switch
|move|p2a: Toshiro|Freeze-Dry|p1a: Umbreon
|-damage|p1a: Umbreon|81/100
|
|-heal|p1a: Umbreon|88/100|[from] item: Leftovers
|upkeep
|turn|2
|inactive|POESIE CLANDESTINE has 120 seconds left.
|
|t:|1781131038
|switch|p2a: The sandstorm|Tyranitar, M, shiny|100/100
|-weather|Sandstorm|[from] ability: Sand Stream|[of] p2a: The sandstorm
|move|p1a: Umbreon|Toxic|p2a: The sandstorm
|-status|p2a: The sandstorm|tox
|
|-weather|Sandstorm|[upkeep]
|-damage|p1a: Umbreon|81/100|[from] Sandstorm
|-heal|p1a: Umbreon|88/100|[from] item: Leftovers
|-damage|p2a: The sandstorm|94/100 tox|[from] psn
|upkeep
|turn|3
|j| BiscoitoXDBr
|
|t:|1781131047
|move|p1a: Umbreon|Wish|p1a: Umbreon
|move|p2a: The sandstorm|Stealth Rock|p1a: Umbreon
|-sidestart|p1: POESIE CLANDESTINE|move: Stealth Rock
|
|-weather|Sandstorm|[upkeep]
|-damage|p1a: Umbreon|81/100|[from] Sandstorm
|-heal|p1a: Umbreon|88/100|[from] item: Leftovers
|-damage|p2a: The sandstorm|82/100 tox|[from] psn
|upkeep
|turn|4
|inactive|POESIE CLANDESTINE has 120 seconds left.
|
|t:|1781131077
|switch|p1a: Iron Treads|Iron Treads|100/100
|-damage|p1a: Iron Treads|97/100|[from] Stealth Rock
|-enditem|p1a: Iron Treads|Booster Energy
|-activate|p1a: Iron Treads|ability: Quark Drive|[fromitem]
|-start|p1a: Iron Treads|quarkdrivespe
|move|p2a: The sandstorm|Roar|p1a: Iron Treads
|-end|p1a: Iron Treads|Quark Drive|[silent]
|drag|p1a: Zapdos|Zapdos|100/100
|-damage|p1a: Zapdos|76/100|[from] Stealth Rock
|
|-weather|Sandstorm|[upkeep]
|-damage|p1a: Zapdos|70/100|[from] Sandstorm
|-heal|p1a: Zapdos|100/100|[from] move: Wish|[wisher] Umbreon
|-damage|p2a: The sandstorm|64/100 tox|[from] psn
|upkeep
|turn|5
|c|☆OP Earthquakes|I see
|inactive|POESIE CLANDESTINE has 90 seconds left.
|
|t:|1781131103
|switch|p2a: OP|Excadrill, M|100/100
|move|p1a: Zapdos|Volt Switch|p2a: OP
|-immune|p2a: OP
|
|-weather|Sandstorm|[upkeep]
|-damage|p1a: Zapdos|94/100|[from] Sandstorm
|upkeep
|turn|6
|
|t:|1781131110
|switch|p1a: Zamazenta|Zamazenta|100/100
|-damage|p1a: Zamazenta|94/100|[from] Stealth Rock
|-ability|p1a: Zamazenta|Dauntless Shield|boost
|-boost|p1a: Zamazenta|def|1
|move|p2a: OP|Earthquake|p1a: Zamazenta
|-crit|p1a: Zamazenta
|-damage|p1a: Zamazenta|4/100
|
|-weather|Sandstorm|[upkeep]
|-damage|p1a: Zamazenta|0 fnt|[from] Sandstorm
|faint|p1a: Zamazenta
|upkeep
|c|☆OP Earthquakes|lol
|c|☆POESIE CLANDESTINE|jesus
|inactive|POESIE CLANDESTINE has 90 seconds left.
|c|☆OP Earthquakes|There was everything OP about that
|inactive|POESIE CLANDESTINE has 60 seconds left.
|
|t:|1781131162
|switch|p1a: Iron Treads|Iron Treads|97/100
|-damage|p1a: Iron Treads|94/100|[from] Stealth Rock
|turn|7
|
|t:|1781131177
|move|p2a: OP|Earthquake|p1a: Iron Treads
|-supereffective|p1a: Iron Treads
|-damage|p1a: Iron Treads|0 fnt
|faint|p1a: Iron Treads
|-end|p1a: Iron Treads|Quark Drive|[silent]
|
|-weather|Sandstorm|[upkeep]
|upkeep
|
|t:|1781131181
|switch|p1a: Serperior|Serperior, M|100/100
|-damage|p1a: Serperior|88/100|[from] Stealth Rock
|turn|8
|
|t:|1781131187
|switch|p2a: Itachi|Hawlucha, F, shiny|100/100
|-ability|p2a: Itachi|Mold Breaker
|move|p1a: Serperior|Glare|p2a: Itachi
|-status|p2a: Itachi|par
|
|-weather|Sandstorm|[upkeep]
|-damage|p1a: Serperior|82/100|[from] Sandstorm
|-damage|p2a: Itachi|94/100 par|[from] Sandstorm
|upkeep
|turn|9
|
|t:|1781131191
|switch|p1a: Zapdos|Zapdos|94/100
|-damage|p1a: Zapdos|70/100|[from] Stealth Rock
|move|p2a: Itachi|Brave Bird|p1a: Zapdos
|-resisted|p1a: Zapdos
|-damage|p1a: Zapdos|43/100
|-damage|p2a: Itachi|83/100 par|[from] Recoil
|
|-weather|none
|upkeep
|turn|10
|
|t:|1781131197
|switch|p2a: Toshiro|Kyurem, shiny|86/100
|-ability|p2a: Toshiro|Pressure
|move|p1a: Zapdos|Roost|p1a: Zapdos
|-heal|p1a: Zapdos|93/100
|-singleturn|p1a: Zapdos|move: Roost
|
|upkeep
|turn|11
|
|t:|1781131206
|switch|p1a: Umbreon|Umbreon, F|88/100
|-damage|p1a: Umbreon|75/100|[from] Stealth Rock
|switch|p2a: Zamazenta|Zamazenta|100/100
|-ability|p2a: Zamazenta|Dauntless Shield|boost
|-boost|p2a: Zamazenta|def|1
|
|-heal|p1a: Umbreon|81/100|[from] item: Leftovers
|upkeep
|turn|12
|inactive|POESIE CLANDESTINE has 90 seconds left.
|c|☆OP Earthquakes|I get it
|
|t:|1781131220
|-terastallize|p2a: Zamazenta|Fairy
|-terastallize|p1a: Umbreon|Water
|move|p2a: Zamazenta|Play Rough|p1a: Umbreon
|-damage|p1a: Umbreon|44/100
|move|p1a: Umbreon|Toxic|p2a: Zamazenta
|-status|p2a: Zamazenta|tox
|
|-heal|p1a: Umbreon|50/100|[from] item: Leftovers
|-damage|p2a: Zamazenta|94/100 tox|[from] psn
|upkeep
|turn|13
|inactive|POESIE CLANDESTINE has 90 seconds left.
|c|☆OP Earthquakes|huge
|
|t:|1781131229
|switch|p2a: Toshiro|Kyurem, shiny|86/100
|-ability|p2a: Toshiro|Pressure
|move|p1a: Umbreon|Wish|p1a: Umbreon
|
|-heal|p1a: Umbreon|57/100|[from] item: Leftovers
|upkeep
|turn|14
|
|t:|1781131233
|move|p1a: Umbreon|Protect|p1a: Umbreon
|-singleturn|p1a: Umbreon|Protect
|move|p2a: Toshiro|Freeze-Dry|p1a: Umbreon
|-activate|p1a: Umbreon|move: Protect
|
|-heal|p1a: Umbreon|100/100|[from] move: Wish|[wisher] Umbreon
|upkeep
|turn|15
|
|t:|1781131236
|move|p2a: Toshiro|Freeze-Dry|p1a: Umbreon
|-supereffective|p1a: Umbreon
|-damage|p1a: Umbreon|54/100
|move|p1a: Umbreon|Toxic|p2a: Toshiro
|-status|p2a: Toshiro|tox
|
|-heal|p1a: Umbreon|60/100|[from] item: Leftovers
|-damage|p2a: Toshiro|80/100 tox|[from] psn
|upkeep
|turn|16
|
|t:|1781131252
|move|p2a: Toshiro|Freeze-Dry|p1a: Umbreon
|-supereffective|p1a: Umbreon
|-damage|p1a: Umbreon|14/100
|move|p1a: Umbreon|Wish|p1a: Umbreon
|
|-heal|p1a: Umbreon|20/100|[from] item: Leftovers
|-damage|p2a: Toshiro|67/100 tox|[from] psn
|upkeep
|turn|17
|
|t:|1781131264
|switch|p2a: OP|Excadrill, M|100/100
|move|p1a: Umbreon|Protect||[still]
|-fail|p1a: Umbreon
|
|-heal|p1a: Umbreon|70/100|[from] move: Wish|[wisher] Umbreon
|-heal|p1a: Umbreon|76/100|[from] item: Leftovers
|upkeep
|turn|18
|inactive|POESIE CLANDESTINE has 120 seconds left.
|
|t:|1781131271
|move|p1a: Umbreon|Protect|p1a: Umbreon
|-singleturn|p1a: Umbreon|Protect
|move|p2a: OP|Earthquake|p1a: Umbreon
|-activate|p1a: Umbreon|move: Protect
|
|-heal|p1a: Umbreon|82/100|[from] item: Leftovers
|upkeep
|turn|19
|
|t:|1781131279
|switch|p2a: The sandstorm|Tyranitar, M, shiny|64/100 tox
|-weather|Sandstorm|[from] ability: Sand Stream|[of] p2a: The sandstorm
|move|p1a: Umbreon|Foul Play|p2a: The sandstorm
|-resisted|p2a: The sandstorm
|-damage|p2a: The sandstorm|52/100 tox
|
|-weather|Sandstorm|[upkeep]
|-damage|p1a: Umbreon|76/100|[from] Sandstorm
|-heal|p1a: Umbreon|82/100|[from] item: Leftovers
|-damage|p2a: The sandstorm|46/100 tox|[from] psn
|upkeep
|turn|20
|j| aredezz
|
|t:|1781131287
|switch|p2a: Toshiro|Kyurem, shiny|67/100 tox
|-ability|p2a: Toshiro|Pressure
|move|p1a: Umbreon|Wish|p1a: Umbreon
|
|-weather|Sandstorm|[upkeep]
|-damage|p2a: Toshiro|61/100 tox|[from] Sandstorm
|-damage|p1a: Umbreon|76/100|[from] Sandstorm
|-heal|p1a: Umbreon|82/100|[from] item: Leftovers
|-damage|p2a: Toshiro|55/100 tox|[from] psn
|upkeep
|turn|21
|
|t:|1781131301
|move|p2a: Toshiro|Freeze-Dry|p1a: Umbreon
|-supereffective|p1a: Umbreon
|-damage|p1a: Umbreon|31/100
|move|p1a: Umbreon|Foul Play|p2a: Toshiro
|-damage|p2a: Toshiro|25/100 tox
|
|-weather|Sandstorm|[upkeep]
|-damage|p2a: Toshiro|19/100 tox|[from] Sandstorm
|-damage|p1a: Umbreon|25/100|[from] Sandstorm
|-heal|p1a: Umbreon|75/100|[from] move: Wish|[wisher] Umbreon
|-heal|p1a: Umbreon|81/100|[from] item: Leftovers
|-damage|p2a: Toshiro|6/100 tox|[from] psn
|upkeep
|turn|22
|
|t:|1781131314
|move|p2a: Toshiro|Freeze-Dry|p1a: Umbreon
|-supereffective|p1a: Umbreon
|-damage|p1a: Umbreon|35/100
|move|p1a: Umbreon|Wish|p1a: Umbreon
|
|-weather|Sandstorm|[upkeep]
|-damage|p2a: Toshiro|0 fnt|[from] Sandstorm
|-damage|p1a: Umbreon|28/100|[from] Sandstorm
|faint|p2a: Toshiro
|-heal|p1a: Umbreon|35/100|[from] item: Leftovers
|upkeep
|
|t:|1781131328
|switch|p2a: The sandstorm|Tyranitar, M, shiny|46/100 tox
|turn|23
|
|t:|1781131332
|move|p1a: Umbreon|Protect|p1a: Umbreon
|-singleturn|p1a: Umbreon|Protect
|move|p2a: The sandstorm|Roar|p1a: Umbreon
|drag|p1a: Kyurem|Kyurem|100/100
|-ability|p1a: Kyurem|Pressure
|
|-weather|Sandstorm|[upkeep]
|-damage|p1a: Kyurem|94/100|[from] Sandstorm
|-heal|p1a: Kyurem|100/100|[from] move: Wish|[wisher] Umbreon
|-damage|p2a: The sandstorm|40/100 tox|[from] psn
|upkeep
|turn|24
|
|t:|1781131343
|switch|p2a: OP|Excadrill, M|100/100
|move|p1a: Kyurem|Substitute|p1a: Kyurem
|-start|p1a: Kyurem|Substitute
|-damage|p1a: Kyurem|76/100
|
|-weather|Sandstorm|[upkeep]
|-damage|p1a: Kyurem|70/100|[from] Sandstorm
|upkeep
|turn|25
|
|t:|1781131357
|switch|p2a: Zamazenta|Zamazenta, tera:Fairy|94/100 tox
|move|p1a: Kyurem|Earth Power|p2a: Zamazenta
|-damage|p2a: Zamazenta|66/100 tox
|
|-weather|Sandstorm|[upkeep]
|-damage|p2a: Zamazenta|60/100 tox|[from] Sandstorm
|-damage|p1a: Kyurem|63/100|[from] Sandstorm
|-damage|p2a: Zamazenta|54/100 tox|[from] psn
|upkeep
|turn|26
|
|t:|1781131363
|move|p2a: Zamazenta|Close Combat|p1a: Kyurem
|-supereffective|p1a: Kyurem
|-end|p1a: Kyurem|Substitute
|-unboost|p2a: Zamazenta|def|1
|-unboost|p2a: Zamazenta|spd|1
|move|p1a: Kyurem|Ice Beam|p2a: Zamazenta
|-damage|p2a: Zamazenta|0 fnt
|faint|p2a: Zamazenta
|
|-weather|none
|upkeep
|
|t:|1781131368
|switch|p2a: The sandstorm|Tyranitar, M, shiny|40/100 tox
|-weather|Sandstorm|[from] ability: Sand Stream|[of] p2a: The sandstorm
|turn|27
|
|t:|1781131382
|move|p1a: Kyurem|Substitute|p1a: Kyurem
|-start|p1a: Kyurem|Substitute
|-damage|p1a: Kyurem|39/100
|move|p2a: The sandstorm|Roar|p1a: Kyurem
|drag|p1a: Serperior|Serperior, M|82/100
|-damage|p1a: Serperior|70/100|[from] Stealth Rock
|
|-weather|Sandstorm|[upkeep]
|-damage|p1a: Serperior|63/100|[from] Sandstorm
|-damage|p2a: The sandstorm|34/100 tox|[from] psn
|upkeep
|turn|28
|
|t:|1781131391
|switch|p2a: Itachi|Hawlucha, F, shiny|83/100 par
|-ability|p2a: Itachi|Mold Breaker
|move|p1a: Serperior|Leech Seed|p2a: Itachi
|-start|p2a: Itachi|move: Leech Seed
|
|-weather|Sandstorm|[upkeep]
|-damage|p1a: Serperior|57/100|[from] Sandstorm
|-damage|p2a: Itachi|77/100 par|[from] Sandstorm
|-damage|p2a: Itachi|65/100 par|[from] Leech Seed|[of] p1a: Serperior
|-heal|p1a: Serperior|70/100|[silent]
|upkeep
|turn|29
|
|t:|1781131409
|switch|p1a: Zapdos|Zapdos|93/100
|-damage|p1a: Zapdos|68/100|[from] Stealth Rock
|move|p2a: Itachi|Encore||[still]
|-fail|p2a: Itachi
|
|-weather|Sandstorm|[upkeep]
|-damage|p1a: Zapdos|62/100|[from] Sandstorm
|-damage|p2a: Itachi|59/100 par|[from] Sandstorm
|-damage|p2a: Itachi|46/100 par|[from] Leech Seed|[of] p1a: Zapdos
|-heal|p1a: Zapdos|72/100|[silent]
|upkeep
|turn|30
|
|t:|1781131422
|move|p1a: Zapdos|Hurricane|p2a: Itachi
|-supereffective|p2a: Itachi
|-damage|p2a: Itachi|0 fnt
|faint|p2a: Itachi
|
|-weather|Sandstorm|[upkeep]
|-damage|p1a: Zapdos|66/100|[from] Sandstorm
|upkeep
|
|t:|1781131425
|switch|p2a: OP|Excadrill, M|100/100
|turn|31
|
|t:|1781131430
|move|p2a: OP|Rock Slide|p1a: Zapdos
|-supereffective|p1a: Zapdos
|-damage|p1a: Zapdos|0 fnt
|faint|p1a: Zapdos
|
|-weather|Sandstorm|[upkeep]
|upkeep
|
|t:|1781131440
|switch|p1a: Serperior|Serperior, M|70/100
|-damage|p1a: Serperior|58/100|[from] Stealth Rock
|turn|32
|
|t:|1781131450
|switch|p2a: Porunga|Pawmot, F|100/100
|move|p1a: Serperior|Glare|p2a: Porunga
|-immune|p2a: Porunga
|
|-weather|Sandstorm|[upkeep]
|-damage|p1a: Serperior|51/100|[from] Sandstorm
|-damage|p2a: Porunga|94/100|[from] Sandstorm
|upkeep
|turn|33
|
|t:|1781131459
|switch|p1a: Umbreon|Umbreon, F, tera:Water|35/100
|-damage|p1a: Umbreon|22/100|[from] Stealth Rock
|move|p2a: Porunga|Revival Blessing|p2a: Porunga
|-enditem|p2a: Porunga|Leppa Berry|[eat]
|-activate|p2a: Porunga|item: Leppa Berry|Revival Blessing|[consumed]
|
|t:|1781131465
|-heal|p2: Toshiro|50/100|[from] move: Revival Blessing
|
|-weather|Sandstorm|[upkeep]
|-damage|p2a: Porunga|88/100|[from] Sandstorm
|-damage|p1a: Umbreon|16/100|[from] Sandstorm
|-heal|p1a: Umbreon|22/100|[from] item: Leftovers
|upkeep
|turn|34
|
|t:|1781131471
|-singleturn|p2a: Porunga|move: Focus Punch
|move|p1a: Umbreon|Protect|p1a: Umbreon
|-singleturn|p1a: Umbreon|Protect
|move|p2a: Porunga|Focus Punch|p1a: Umbreon
|-activate|p1a: Umbreon|move: Protect
|
|-weather|none
|-heal|p1a: Umbreon|28/100|[from] item: Leftovers
|upkeep
|turn|35
|
|t:|1781131480
|switch|p2a: Toshiro|Kyurem, shiny|50/100
|-ability|p2a: Toshiro|Pressure
|move|p1a: Umbreon|Foul Play|p2a: Toshiro
|-damage|p2a: Toshiro|23/100
|
|-heal|p1a: Umbreon|34/100|[from] item: Leftovers
|upkeep
|turn|36
|
|t:|1781131487
|move|p1a: Umbreon|Protect|p1a: Umbreon
|-singleturn|p1a: Umbreon|Protect
|move|p2a: Toshiro|Freeze-Dry|p1a: Umbreon
|-activate|p1a: Umbreon|move: Protect
|
|-heal|p1a: Umbreon|40/100|[from] item: Leftovers
|upkeep
|turn|37
|inactive|POESIE CLANDESTINE has 120 seconds left.
|c|☆POESIE CLANDESTINE|gg
|
|t:|1781131523
|move|p1a: Umbreon|Protect|p1a: Umbreon
|-singleturn|p1a: Umbreon|Protect
|move|p2a: Toshiro|Freeze-Dry|p1a: Umbreon
|-activate|p1a: Umbreon|move: Protect
|
|-heal|p1a: Umbreon|46/100|[from] item: Leftovers
|upkeep
|turn|38
|inactive|POESIE CLANDESTINE has 120 seconds left.
|c|☆OP Earthquakes|gg fam
|l| aredezz
|
|t:|1781131537
|move|p2a: Toshiro|Freeze-Dry|p1a: Umbreon
|-supereffective|p1a: Umbreon
|-damage|p1a: Umbreon|0 fnt
|faint|p1a: Umbreon
|
|upkeep
|
|t:|1781131541
|switch|p1a: Serperior|Serperior, M|51/100
|-damage|p1a: Serperior|39/100|[from] Stealth Rock
|turn|39
|
|t:|1781131548
|switch|p2a: The sandstorm|Tyranitar, M, shiny|34/100 tox
|-weather|Sandstorm|[from] ability: Sand Stream|[of] p2a: The sandstorm
|move|p1a: Serperior|Leaf Storm|p2a: The sandstorm
|-supereffective|p2a: The sandstorm
|-damage|p2a: The sandstorm|0 fnt
|-boost|p1a: Serperior|spa|2
|faint|p2a: The sandstorm
|
|-weather|Sandstorm|[upkeep]
|-damage|p1a: Serperior|33/100|[from] Sandstorm
|upkeep
|
|t:|1781131550
|switch|p2a: OP|Excadrill, M|100/100
|turn|40
|
|t:|1781131552
|move|p2a: OP|Earthquake|p1a: Serperior
|-resisted|p1a: Serperior
|-damage|p1a: Serperior|0 fnt
|faint|p1a: Serperior
|
|-weather|Sandstorm|[upkeep]
|upkeep
|
|t:|1781131557
|switch|p1a: Kyurem|Kyurem|39/100
|-ability|p1a: Kyurem|Pressure
|turn|41
|
|t:|1781131559
|move|p2a: OP|Earthquake|p1a: Kyurem
|-damage|p1a: Kyurem|0 fnt
|faint|p1a: Kyurem
|
|win|OP Earthquakes
|raw|POESIE CLANDESTINE's rating: 1715 &rarr; <strong>1696</strong><br />(-19 for losing)
|raw|OP Earthquakes's rating: 1725 &rarr; <strong>1744</strong><br />(+19 for winning)
|l|☆POESIE CLANDESTINE
|player|p1|
|l|☆OP Earthquakes
|player|p2|
|l| BiscoitoXDBr
