|badge|p1|bronze|gen9ou|100-9
|uhtml|medal-msg|<div class="broadcast-blue">Curious what those medals under the avatar are? PS now has Ladder Seasons! For more information, check out the <a href="https://www.smogon.com/forums/threads/3740067/">thread on Smogon.</a></div>
|j|☆noob1877 test
|j|☆remove sun teams
|t:|1781194572
|gametype|singles
|player|p1|noob1877 test|1|1826
|player|p2|remove sun teams|miku-psychic|1756
|gen|9
|tier|[Gen 9] OU
|rated|
|rule|HP Percentage Mod: HP is shown in percentages
|rule|Endless Battle Clause: Forcing endless battles is banned
|rule|Species Clause: Limit one of each Pokémon
|rule|OHKO Clause: OHKO moves are banned
|rule|Evasion Items Clause: Evasion items are banned
|rule|Evasion Moves Clause: Evasion moves are banned
|rule|Evasion Abilities Clause: Evasion abilities are banned
|rule|Sleep Moves Clause: Sleep-inducing moves are banned
|clearpoke
|poke|p1|Araquanid, F|
|poke|p1|Hoopa-Unbound|
|poke|p1|Kingambit, M|
|poke|p1|Ceruledge, M|
|poke|p1|Gholdengo|
|poke|p1|Serperior, F|
|poke|p2|Hoopa-Unbound|
|poke|p2|Pecharunt|
|poke|p2|Landorus-Therian, M|
|poke|p2|Cinderace, M|
|poke|p2|Alomomola, M|
|poke|p2|Iron Valiant|
|teampreview
|
|t:|1781194588
|teamsize|p1|6
|teamsize|p2|6
|start
|switch|p1a: Araquanid|Araquanid, F|100/100
|switch|p2a: Calamity|Iron Valiant, shiny|100/100
|turn|1
|c|☆remove sun teams|hf
|inactive|Battle timer is ON: inactive players will automatically lose when time's up. (requested by remove sun teams)
|
|t:|1781194601
|move|p2a: Calamity|Moonblast|p1a: Araquanid
|-damage|p1a: Araquanid|46/100
|move|p1a: Araquanid|Sticky Web|p2a: Calamity
|-sidestart|p2: remove sun teams|move: Sticky Web
|
|upkeep
|turn|2
|
|t:|1781194617
|-end|p2a: Calamity|Quark Drive|[silent]
|switch|p2a: Liberacy|Cinderace, M, shiny|100/100
|switch|p1a: Ceruledge|Ceruledge, M|100/100
|-item|p1a: Ceruledge|Air Balloon
|
|upkeep
|turn|3
|
|t:|1781194631
|move|p2a: Liberacy|Court Change|p2a: Liberacy
|-start|p2a: Liberacy|typechange|Normal|[from] ability: Libero
|-swapsideconditions
|-activate|p2a: Liberacy|move: Court Change
|move|p1a: Ceruledge|Swords Dance|p1a: Ceruledge
|-boost|p1a: Ceruledge|atk|2
|
|upkeep
|turn|4
|
|t:|1781194648
|move|p2a: Liberacy|U-turn|p1a: Ceruledge
|-resisted|p1a: Ceruledge
|-damage|p1a: Ceruledge|93/100
|-ability|p1a: Ceruledge|Weak Armor|boost
|-unboost|p1a: Ceruledge|def|1
|-boost|p1a: Ceruledge|spe|2
|-enditem|p1a: Ceruledge|Air Balloon
|
|t:|1781194664
|switch|p2a: Pisces|Alomomola, M, shiny|100/100|[from] U-turn
|move|p1a: Ceruledge|Swords Dance|p1a: Ceruledge
|-boost|p1a: Ceruledge|atk|2
|
|upkeep
|turn|5
|
|t:|1781194678
|move|p1a: Ceruledge|Poltergeist|p2a: Pisces
|-activate|p2a: Pisces|move: Poltergeist|Assault Vest
|-damage|p2a: Pisces|0 fnt
|faint|p2a: Pisces
|
|upkeep
|inactive|remove sun teams has 120 seconds left.
|
|t:|1781194693
|switch|p2a: Liberacy|Cinderace, M, shiny|100/100
|turn|6
|inactive|remove sun teams has 120 seconds left.
|
|t:|1781194707
|move|p1a: Ceruledge|Shadow Sneak|p2a: Liberacy
|-damage|p2a: Liberacy|19/100
|move|p2a: Liberacy|Sucker Punch||[still]
|-fail|p2a: Liberacy
|
|upkeep
|turn|7
|inactive|remove sun teams has 120 seconds left.
|
|t:|1781194716
|switch|p2a: Calamity|Iron Valiant, shiny|100/100
|move|p1a: Ceruledge|Shadow Sneak|p2a: Calamity
|-damage|p2a: Calamity|27/100
|
|upkeep
|turn|8
|
|t:|1781194724
|-end|p2a: Calamity|Quark Drive|[silent]
|switch|p2a: Liberacy|Cinderace, M, shiny|19/100
|move|p1a: Ceruledge|Shadow Sneak|p2a: Liberacy
|-damage|p2a: Liberacy|0 fnt
|faint|p2a: Liberacy
|
|upkeep
|
|t:|1781194732
|switch|p2a: Overseer|Pecharunt|100/100
|turn|9
|
|t:|1781194741
|switch|p2a: Calamity|Iron Valiant, shiny|27/100
|move|p1a: Ceruledge|Poltergeist|p2a: Calamity
|-activate|p2a: Calamity|move: Poltergeist|Choice Specs
|-damage|p2a: Calamity|0 fnt
|faint|p2a: Calamity
|-end|p2a: Calamity|Quark Drive|[silent]
|
|upkeep
|
|t:|1781194749
|switch|p2a: Enten|Landorus-Therian, M, shiny|100/100
|-ability|p2a: Enten|Intimidate|boost
|-unboost|p1a: Ceruledge|atk|1
|turn|10
|
|t:|1781194756
|switch|p2a: Overseer|Pecharunt|100/100
|move|p1a: Ceruledge|Poltergeist|p2a: Overseer
|-activate|p2a: Overseer|move: Poltergeist|Heavy-Duty Boots
|-supereffective|p2a: Overseer
|-damage|p2a: Overseer|0 fnt
|faint|p2a: Overseer
|
|upkeep
|-message|remove sun teams forfeited.
|
|win|noob1877 test
|raw|noob1877 test's rating: 1826 &rarr; <strong>1842</strong><br />(+16 for winning)
|raw|remove sun teams's rating: 1756 &rarr; <strong>1740</strong><br />(-16 for losing)
|c|☆remove sun teams|gg
|l|☆remove sun teams
|player|p2|
|l|☆noob1877 test
|player|p1|
