|j|☆minhoto
|j|‽LT_Alt1
|t:|1780910194
|gametype|singles
|player|p1|minhoto|266|1601
|player|p2|LT_Alt1|265|1744
|gen|9
|tier|[Gen 9] OU
|rated|
|rule|HP Percentage Mod: HP is shown in percentages
|rule|Endless Battle Clause: Forcing endless battles is banned
|rule|Species Clause: Limit one of each Pokémon
|rule|OHKO Clause: OHKO moves are banned
|rule|Evasion Items Clause: Evasion items are banned
|rule|Evasion Moves Clause: Evasion moves are banned
|rule|Evasion Abilities Clause: Evasion abilities are banned
|rule|Sleep Moves Clause: Sleep-inducing moves are banned
|clearpoke
|poke|p1|Blissey, F|
|poke|p1|Corviknight, F|
|poke|p1|Cinderace, M|
|poke|p1|Dondozo, M|
|poke|p1|Slowking-Galar, M|
|poke|p1|Toxapex, M|
|poke|p2|Garganacl, F|
|poke|p2|Slowking-Galar, F|
|poke|p2|Kyurem|
|poke|p2|Weezing-Galar, F|
|poke|p2|Moltres|
|poke|p2|Iron Treads|
|teampreview
|inactive|Battle timer is ON: inactive players will automatically lose when time's up. (requested by minhoto)
|j| Wood Dragon
|n|‽LT_Alt1|ltalt1
|n|‽LT_Alt1|ltalt1
|inactive|LT_Alt1 has 120 seconds left.
|
|t:|1780910226
|teamsize|p1|6
|teamsize|p2|6
|start
|switch|p1a: Slowking|Slowking-Galar, M|100/100
|switch|p2a: Moltres|Moltres|100/100
|turn|1
|
|t:|1780910235
|move|p2a: Moltres|U-turn|p1a: Slowking
|-damage|p1a: Slowking|89/100
|
|t:|1780910239
|switch|p2a: Slowking|Slowking-Galar, F|100/100|[from] U-turn
|move|p1a: Slowking|Future Sight|p2a: Slowking
|-start|p1a: Slowking|move: Future Sight
|
|-heal|p1a: Slowking|95/100|[from] item: Black Sludge
|upkeep
|turn|2
|
|t:|1780910251
|move|p2a: Slowking|Future Sight|p1a: Slowking
|-start|p2a: Slowking|move: Future Sight
|-prepare|p1a: Slowking|Chilly Reception|[premajor]
|move|p1a: Slowking|Chilly Reception|p1a: Slowking
|-weather|Snowscape
|
|t:|1780910253
|switch|p1a: Cinderace|Cinderace, M|100/100|[from] Chilly Reception
|
|-weather|Snowscape|[upkeep]
|upkeep
|turn|3
|
|t:|1780910257
|switch|p2a: Moltres|Moltres|100/100
|move|p1a: Cinderace|U-turn|p2a: Moltres
|-start|p1a: Cinderace|typechange|Bug|[from] ability: Libero
|-resisted|p2a: Moltres
|-damage|p2a: Moltres|94/100
|-status|p1a: Cinderace|brn|[from] ability: Flame Body|[of] p2a: Moltres
|
|t:|1780910260
|switch|p1a: Slowking|Slowking-Galar, M|100/100|[from] U-turn
|
|-weather|Snowscape|[upkeep]
|-end|p2a: Moltres|move: Future Sight
|-damage|p2a: Moltres|55/100
|upkeep
|turn|4
|
|t:|1780910264
|move|p2a: Moltres|Will-O-Wisp|p1a: Slowking|[miss]
|-miss|p2a: Moltres|p1a: Slowking
|move|p1a: Slowking|Future Sight|p2a: Moltres
|-start|p1a: Slowking|move: Future Sight
|
|-weather|Snowscape|[upkeep]
|-end|p1a: Slowking|move: Future Sight
|-damage|p1a: Slowking|68/100
|-heal|p1a: Slowking|74/100|[from] item: Black Sludge
|upkeep
|turn|5
|
|t:|1780910266
|move|p2a: Moltres|Roost|p2a: Moltres
|-heal|p2a: Moltres|100/100
|-singleturn|p2a: Moltres|move: Roost
|-prepare|p1a: Slowking|Chilly Reception|[premajor]
|move|p1a: Slowking|Chilly Reception|p1a: Slowking
|
|t:|1780910269
|switch|p1a: Blissey|Blissey, F|100/100|[from] Chilly Reception
|
|-weather|Snowscape|[upkeep]
|upkeep
|turn|6
|
|t:|1780910272
|move|p2a: Moltres|U-turn|p1a: Blissey
|-damage|p1a: Blissey|66/100
|
|t:|1780910274
|switch|p2a: Slowking|Slowking-Galar, F|100/100|[from] U-turn
|move|p1a: Blissey|Trick|p2a: Slowking
|-activate|p1a: Blissey|move: Trick|[of] p2a: Slowking
|-item|p2a: Slowking|Choice Specs|[from] move: Trick
|-item|p1a: Blissey|Colbur Berry|[from] move: Trick
|
|-weather|none
|-end|p2a: Slowking|move: Future Sight
|-damage|p2a: Slowking|73/100
|upkeep
|turn|7
|
|t:|1780910281
|move|p1a: Blissey|Soft-Boiled|p1a: Blissey
|-heal|p1a: Blissey|100/100
|-prepare|p2a: Slowking|Chilly Reception|[premajor]
|move|p2a: Slowking|Chilly Reception|p2a: Slowking
|-weather|Snowscape
|
|t:|1780910292
|switch|p2a: Iron Treads|Iron Treads|100/100|[from] Chilly Reception
|
|-weather|Snowscape|[upkeep]
|upkeep
|turn|8
|
|t:|1780910297
|switch|p1a: Corviknight|Corviknight, F|100/100
|-ability|p1a: Corviknight|Pressure
|move|p2a: Iron Treads|Stealth Rock|p1a: Corviknight
|-sidestart|p1: minhoto|move: Stealth Rock
|
|-weather|Snowscape|[upkeep]
|upkeep
|turn|9
|
|t:|1780910299
|move|p2a: Iron Treads|Knock Off|p1a: Corviknight
|-damage|p1a: Corviknight|81/100
|-damage|p2a: Iron Treads|84/100|[from] item: Rocky Helmet|[of] p1a: Corviknight
|-enditem|p1a: Corviknight|Rocky Helmet|[from] move: Knock Off|[of] p2a: Iron Treads
|move|p1a: Corviknight|Defog|p2a: Iron Treads
|-unboost|p2a: Iron Treads|evasion|1
|-sideend|p1: minhoto|Stealth Rock|[from] move: Defog|[of] p1a: Corviknight
|
|-weather|Snowscape|[upkeep]
|-heal|p2a: Iron Treads|90/100|[from] item: Leftovers
|upkeep
|turn|10
|
|t:|1780910303
|-end|p2a: Iron Treads|Quark Drive|[silent]
|switch|p2a: Moltres|Moltres|100/100
|move|p1a: Corviknight|Defog|p2a: Moltres
|-unboost|p2a: Moltres|evasion|1
|
|-weather|Snowscape|[upkeep]
|upkeep
|turn|11
|
|t:|1780910307
|switch|p1a: Slowking|Slowking-Galar, M|100/100
|move|p2a: Moltres|Will-O-Wisp|p1a: Slowking
|-status|p1a: Slowking|brn
|
|-weather|none
|-damage|p1a: Slowking|94/100 brn|[from] brn
|upkeep
|turn|12
|
|t:|1780910310
|move|p2a: Moltres|U-turn|p1a: Slowking
|-damage|p1a: Slowking|82/100 brn
|
|t:|1780910312
|switch|p2a: Slowking|Slowking-Galar, F|100/100|[from] U-turn
|move|p1a: Slowking|Future Sight|p2a: Slowking
|-start|p1a: Slowking|move: Future Sight
|
|-heal|p1a: Slowking|89/100 brn|[from] item: Black Sludge
|-damage|p1a: Slowking|82/100 brn|[from] brn
|upkeep
|turn|13
|
|t:|1780910319
|-prepare|p1a: Slowking|Chilly Reception|[premajor]
|move|p1a: Slowking|Chilly Reception|p1a: Slowking
|-weather|Snowscape
|
|t:|1780910323
|switch|p1a: Corviknight|Corviknight, F|81/100|[from] Chilly Reception
|-ability|p1a: Corviknight|Pressure
|move|p2a: Slowking|Future Sight|p1a: Corviknight
|-start|p2a: Slowking|move: Future Sight
|
|-weather|Snowscape|[upkeep]
|upkeep
|turn|14
|
|t:|1780910332
|switch|p2a: Garganacl|Garganacl, F|100/100
|move|p1a: Corviknight|U-turn|p2a: Garganacl
|-damage|p2a: Garganacl|91/100
|
|t:|1780910335
|switch|p1a: Slowking|Slowking-Galar, M|100/100 brn|[from] U-turn
|
|-weather|Snowscape|[upkeep]
|-end|p2a: Garganacl|move: Future Sight
|-damage|p2a: Garganacl|59/100
|-heal|p2a: Garganacl|66/100|[from] item: Leftovers
|-damage|p1a: Slowking|94/100 brn|[from] brn
|upkeep
|turn|15
|
|t:|1780910338
|move|p2a: Garganacl|Salt Cure|p1a: Slowking
|-damage|p1a: Slowking|83/100 brn
|-start|p1a: Slowking|Salt Cure
|move|p1a: Slowking|Future Sight|p2a: Garganacl
|-start|p1a: Slowking|move: Future Sight
|
|-weather|Snowscape|[upkeep]
|-end|p1a: Slowking|move: Future Sight
|-damage|p1a: Slowking|52/100 brn
|-heal|p2a: Garganacl|72/100|[from] item: Leftovers
|-heal|p1a: Slowking|58/100 brn|[from] item: Black Sludge
|-damage|p1a: Slowking|52/100 brn|[from] brn
|-damage|p1a: Slowking|40/100 brn|[from] Salt Cure
|upkeep
|turn|16
|
|t:|1780910344
|switch|p2a: Weezing|Weezing-Galar, F|100/100
|-ability|p2a: Weezing|Neutralizing Gas
|-prepare|p1a: Slowking|Chilly Reception|[premajor]
|move|p1a: Slowking|Chilly Reception|p1a: Slowking
|
|t:|1780910351
|switch|p1a: Blissey|Blissey, F|100/100|[from] Chilly Reception
|
|-weather|Snowscape|[upkeep]
|upkeep
|turn|17
|
|t:|1780910356
|-end|p2a: Weezing|ability: Neutralizing Gas
|switch|p2a: Iron Treads|Iron Treads|90/100
|move|p1a: Blissey|Stealth Rock|p2a: Iron Treads
|-sidestart|p2: LT_Alt1|move: Stealth Rock
|
|-weather|none
|-end|p2a: Iron Treads|move: Future Sight
|-resisted|p2a: Iron Treads
|-damage|p2a: Iron Treads|66/100
|-heal|p2a: Iron Treads|72/100|[from] item: Leftovers
|upkeep
|turn|18
|
|t:|1780910359
|move|p2a: Iron Treads|Rapid Spin|p1a: Blissey
|-damage|p1a: Blissey|75/100
|-boost|p2a: Iron Treads|spe|1
|-sideend|p2: LT_Alt1|Stealth Rock|[from] move: Rapid Spin|[of] p2a: Iron Treads
|move|p1a: Blissey|Fire Blast|p2a: Iron Treads
|-supereffective|p2a: Iron Treads
|-damage|p2a: Iron Treads|0 fnt
|faint|p2a: Iron Treads
|-end|p2a: Iron Treads|Quark Drive|[silent]
|
|upkeep
|
|t:|1780910363
|switch|p2a: Kyurem|Kyurem|100/100
|-ability|p2a: Kyurem|Pressure
|turn|19
|
|t:|1780910371
|switch|p1a: Cinderace|Cinderace, M|100/100 brn
|move|p2a: Kyurem|Freeze-Dry|p1a: Cinderace
|-resisted|p1a: Cinderace
|-damage|p1a: Cinderace|69/100 brn
|
|-damage|p1a: Cinderace|63/100 brn|[from] brn
|upkeep
|turn|20
|
|t:|1780910379
|switch|p2a: Garganacl|Garganacl, F|72/100
|move|p1a: Cinderace|U-turn|p2a: Garganacl
|-start|p1a: Cinderace|typechange|Bug|[from] ability: Libero
|-damage|p2a: Garganacl|62/100
|
|t:|1780910381
|switch|p1a: Slowking|Slowking-Galar, M|40/100 brn|[from] U-turn
|
|-heal|p2a: Garganacl|68/100|[from] item: Leftovers
|-heal|p1a: Slowking|46/100 brn|[from] item: Black Sludge
|-damage|p1a: Slowking|40/100 brn|[from] brn
|upkeep
|turn|21
|
|t:|1780910383
|switch|p1a: Toxapex|Toxapex, M|100/100
|move|p2a: Garganacl|Salt Cure|p1a: Toxapex
|-damage|p1a: Toxapex|92/100
|-start|p1a: Toxapex|Salt Cure
|
|-heal|p2a: Garganacl|74/100|[from] item: Leftovers
|-damage|p1a: Toxapex|67/100|[from] Salt Cure
|upkeep
|turn|22
|
|t:|1780910386
|switch|p1a: Slowking|Slowking-Galar, M|73/100 brn
|move|p2a: Garganacl|Curse|p2a: Garganacl
|-unboost|p2a: Garganacl|spe|1
|-boost|p2a: Garganacl|atk|1
|-boost|p2a: Garganacl|def|1
|
|-heal|p2a: Garganacl|80/100|[from] item: Leftovers
|-heal|p1a: Slowking|79/100 brn|[from] item: Black Sludge
|-damage|p1a: Slowking|73/100 brn|[from] brn
|upkeep
|turn|23
|
|t:|1780910389
|move|p2a: Garganacl|Salt Cure|p1a: Slowking
|-damage|p1a: Slowking|55/100 brn
|-start|p1a: Slowking|Salt Cure
|move|p1a: Slowking|Trick|p2a: Garganacl
|-activate|p1a: Slowking|move: Trick|[of] p2a: Garganacl
|-item|p2a: Garganacl|Black Sludge|[from] move: Trick
|-item|p1a: Slowking|Leftovers|[from] move: Trick
|
|-damage|p2a: Garganacl|68/100|[from] item: Black Sludge
|-heal|p1a: Slowking|61/100 brn|[from] item: Leftovers
|-damage|p1a: Slowking|55/100 brn|[from] brn
|-damage|p1a: Slowking|42/100 brn|[from] Salt Cure
|upkeep
|turn|24
|
|t:|1780910392
|switch|p1a: Toxapex|Toxapex, M|99/100
|move|p2a: Garganacl|Curse|p2a: Garganacl
|-unboost|p2a: Garganacl|spe|1
|-boost|p2a: Garganacl|atk|1
|-boost|p2a: Garganacl|def|1
|
|-damage|p2a: Garganacl|55/100|[from] item: Black Sludge
|upkeep
|turn|25
|
|t:|1780910398
|move|p1a: Toxapex|Haze|p1a: Toxapex
|-clearallboost
|move|p2a: Garganacl|Recover|p2a: Garganacl
|-heal|p2a: Garganacl|100/100
|
|-damage|p2a: Garganacl|88/100|[from] item: Black Sludge
|upkeep
|turn|26
|
|t:|1780910401
|switch|p1a: Slowking|Slowking-Galar, M|76/100 brn
|move|p2a: Garganacl|Salt Cure|p1a: Slowking
|-damage|p1a: Slowking|63/100 brn
|-start|p1a: Slowking|Salt Cure
|
|-damage|p2a: Garganacl|76/100|[from] item: Black Sludge
|-heal|p1a: Slowking|69/100 brn|[from] item: Leftovers
|-damage|p1a: Slowking|63/100 brn|[from] brn
|-damage|p1a: Slowking|50/100 brn|[from] Salt Cure
|upkeep
|turn|27
|
|t:|1780910404
|switch|p1a: Toxapex|Toxapex, M|100/100
|move|p2a: Garganacl|Salt Cure|p1a: Toxapex
|-damage|p1a: Toxapex|91/100
|-start|p1a: Toxapex|Salt Cure
|
|-damage|p2a: Garganacl|63/100|[from] item: Black Sludge
|-damage|p1a: Toxapex|66/100|[from] Salt Cure
|upkeep
|turn|28
|
|t:|1780910409
|switch|p1a: Slowking|Slowking-Galar, M|83/100 brn
|move|p2a: Garganacl|Salt Cure|p1a: Slowking
|-crit|p1a: Slowking
|-damage|p1a: Slowking|67/100 brn
|-start|p1a: Slowking|Salt Cure
|
|-damage|p2a: Garganacl|51/100|[from] item: Black Sludge
|-heal|p1a: Slowking|73/100 brn|[from] item: Leftovers
|-damage|p1a: Slowking|67/100 brn|[from] brn
|-damage|p1a: Slowking|54/100 brn|[from] Salt Cure
|upkeep
|turn|29
|
|t:|1780910413
|switch|p2a: Weezing|Weezing-Galar, F|100/100
|-ability|p2a: Weezing|Neutralizing Gas
|switch|p1a: Toxapex|Toxapex, M|99/100
|
|upkeep
|turn|30
|
|t:|1780910417
|switch|p1a: Blissey|Blissey, F|75/100
|move|p2a: Weezing|Will-O-Wisp|p1a: Blissey|[miss]
|-miss|p2a: Weezing|p1a: Blissey
|
|upkeep
|turn|31
|
|t:|1780910419
|move|p2a: Weezing|Will-O-Wisp|p1a: Blissey
|-status|p1a: Blissey|brn
|move|p1a: Blissey|Stealth Rock|p2a: Weezing
|-sidestart|p2: LT_Alt1|move: Stealth Rock
|
|-damage|p1a: Blissey|69/100 brn|[from] brn
|upkeep
|turn|32
|
|t:|1780910424
|move|p2a: Weezing|Defog|p1a: Blissey
|-unboost|p1a: Blissey|evasion|1
|-sideend|p2: LT_Alt1|Stealth Rock|[from] move: Defog|[of] p2a: Weezing
|move|p1a: Blissey|Soft-Boiled|p1a: Blissey
|-heal|p1a: Blissey|100/100 brn
|
|-damage|p1a: Blissey|94/100 brn|[from] brn
|upkeep
|turn|33
|
|t:|1780910428
|move|p2a: Weezing|Will-O-Wisp|p1a: Blissey
|-fail|p1a: Blissey|brn
|move|p1a: Blissey|Stealth Rock|p2a: Weezing
|-sidestart|p2: LT_Alt1|move: Stealth Rock
|
|-damage|p1a: Blissey|88/100 brn|[from] brn
|upkeep
|turn|34
|
|t:|1780910430
|switch|p1a: Corviknight|Corviknight, F|81/100
|move|p2a: Weezing|Defog|p1a: Corviknight
|-unboost|p1a: Corviknight|evasion|1
|-sideend|p2: LT_Alt1|Stealth Rock|[from] move: Defog|[of] p2a: Weezing
|
|upkeep
|turn|35
|
|t:|1780910433
|switch|p1a: Blissey|Blissey, F|88/100 brn
|move|p2a: Weezing|Will-O-Wisp|p1a: Blissey
|-fail|p1a: Blissey|brn
|
|-damage|p1a: Blissey|82/100 brn|[from] brn
|upkeep
|turn|36
|
|t:|1780910435
|move|p2a: Weezing|Strange Steam|p1a: Blissey
|-damage|p1a: Blissey|72/100 brn
|move|p1a: Blissey|Stealth Rock|p2a: Weezing
|-sidestart|p2: LT_Alt1|move: Stealth Rock
|
|-damage|p1a: Blissey|66/100 brn|[from] brn
|upkeep
|turn|37
|
|t:|1780910442
|move|p2a: Weezing|Defog|p1a: Blissey
|-unboost|p1a: Blissey|evasion|1
|-sideend|p2: LT_Alt1|Stealth Rock|[from] move: Defog|[of] p2a: Weezing
|move|p1a: Blissey|Trick|p2a: Weezing
|-activate|p1a: Blissey|move: Trick|[of] p2a: Weezing
|-item|p2a: Weezing|Colbur Berry|[from] move: Trick
|-item|p1a: Blissey|Leftovers|[from] move: Trick
|
|-heal|p1a: Blissey|72/100 brn|[from] item: Leftovers
|-damage|p1a: Blissey|66/100 brn|[from] brn
|upkeep
|turn|38
|
|t:|1780910445
|move|p2a: Weezing|Strange Steam|p1a: Blissey
|-damage|p1a: Blissey|57/100 brn
|-start|p1a: Blissey|confusion
|-activate|p1a: Blissey|confusion
|move|p1a: Blissey|Stealth Rock|p2a: Weezing
|-sidestart|p2: LT_Alt1|move: Stealth Rock
|
|-heal|p1a: Blissey|63/100 brn|[from] item: Leftovers
|-damage|p1a: Blissey|57/100 brn|[from] brn
|upkeep
|turn|39
|
|t:|1780910447
|move|p2a: Weezing|Will-O-Wisp|p1a: Blissey
|-fail|p1a: Blissey|brn
|-activate|p1a: Blissey|confusion
|-damage|p1a: Blissey|55/100 brn|[from] confusion
|
|-heal|p1a: Blissey|61/100 brn|[from] item: Leftovers
|-damage|p1a: Blissey|55/100 brn|[from] brn
|upkeep
|turn|40
|
|t:|1780910456
|move|p2a: Weezing|Will-O-Wisp|p1a: Blissey
|-fail|p1a: Blissey|brn
|-end|p1a: Blissey|confusion
|move|p1a: Blissey|Soft-Boiled|p1a: Blissey
|-heal|p1a: Blissey|100/100 brn
|
|-damage|p1a: Blissey|94/100 brn|[from] brn
|upkeep
|turn|41
|
|t:|1780910461
|switch|p1a: Slowking|Slowking-Galar, M|54/100 brn
|move|p2a: Weezing|Will-O-Wisp|p1a: Slowking|[miss]
|-miss|p2a: Weezing|p1a: Slowking
|
|-heal|p1a: Slowking|60/100 brn|[from] item: Leftovers
|-damage|p1a: Slowking|54/100 brn|[from] brn
|upkeep
|turn|42
|
|t:|1780910464
|switch|p1a: Blissey|Blissey, F|94/100 brn
|move|p2a: Weezing|Defog|p1a: Blissey
|-unboost|p1a: Blissey|evasion|1
|-sideend|p2: LT_Alt1|Stealth Rock|[from] move: Defog|[of] p2a: Weezing
|
|-heal|p1a: Blissey|100/100 brn|[from] item: Leftovers
|-damage|p1a: Blissey|94/100 brn|[from] brn
|upkeep
|turn|43
|
|t:|1780910469
|move|p2a: Weezing|Strange Steam|p1a: Blissey
|-damage|p1a: Blissey|85/100 brn
|-start|p1a: Blissey|confusion
|-activate|p1a: Blissey|confusion
|move|p1a: Blissey|Stealth Rock|p2a: Weezing
|-sidestart|p2: LT_Alt1|move: Stealth Rock
|
|-heal|p1a: Blissey|91/100 brn|[from] item: Leftovers
|-damage|p1a: Blissey|85/100 brn|[from] brn
|upkeep
|turn|44
|
|t:|1780910473
|switch|p1a: Slowking|Slowking-Galar, M|54/100 brn
|move|p2a: Weezing|Defog|p1a: Slowking
|-unboost|p1a: Slowking|evasion|1
|-sideend|p2: LT_Alt1|Stealth Rock|[from] move: Defog|[of] p2a: Weezing
|
|-heal|p1a: Slowking|60/100 brn|[from] item: Leftovers
|-damage|p1a: Slowking|54/100 brn|[from] brn
|upkeep
|turn|45
|
|t:|1780910476
|-end|p2a: Weezing|ability: Neutralizing Gas
|switch|p2a: Slowking|Slowking-Galar, F|100/100
|switch|p1a: Blissey|Blissey, F|85/100 brn
|
|-heal|p1a: Blissey|91/100 brn|[from] item: Leftovers
|-damage|p1a: Blissey|85/100 brn|[from] brn
|upkeep
|turn|46
|
|t:|1780910480
|-curestatus|p1a: Blissey|brn|[from] ability: Natural Cure|[silent]
|switch|p1a: Slowking|Slowking-Galar, M|88/100 brn
|move|p2a: Slowking|Future Sight|p1a: Slowking
|-start|p2a: Slowking|move: Future Sight
|
|-heal|p1a: Slowking|94/100 brn|[from] item: Leftovers
|-damage|p1a: Slowking|88/100 brn|[from] brn
|upkeep
|turn|47
|
|t:|1780910484
|switch|p2a: Garganacl|Garganacl, F|51/100
|move|p1a: Slowking|Future Sight|p2a: Garganacl
|-start|p1a: Slowking|move: Future Sight
|
|-damage|p2a: Garganacl|39/100|[from] item: Black Sludge
|-heal|p1a: Slowking|94/100 brn|[from] item: Leftovers
|-damage|p1a: Slowking|88/100 brn|[from] brn
|upkeep
|turn|48
|
|t:|1780910486
|move|p2a: Garganacl|Recover|p2a: Garganacl
|-heal|p2a: Garganacl|89/100
|-prepare|p1a: Slowking|Chilly Reception|[premajor]
|move|p1a: Slowking|Chilly Reception|p1a: Slowking
|-weather|Snowscape
|
|t:|1780910491
|switch|p1a: Corviknight|Corviknight, F|81/100|[from] Chilly Reception
|-ability|p1a: Corviknight|Pressure
|
|-weather|Snowscape|[upkeep]
|-end|p1a: Corviknight|move: Future Sight
|-resisted|p1a: Corviknight
|-damage|p1a: Corviknight|64/100
|-damage|p2a: Garganacl|76/100|[from] item: Black Sludge
|upkeep
|turn|49
|
|t:|1780910494
|switch|p2a: Slowking|Slowking-Galar, F|100/100
|move|p1a: Corviknight|U-turn|p2a: Slowking
|-damage|p2a: Slowking|84/100
|
|t:|1780910496
|switch|p1a: Slowking|Slowking-Galar, M|100/100 brn|[from] U-turn
|
|-weather|Snowscape|[upkeep]
|-end|p2a: Slowking|move: Future Sight
|-damage|p2a: Slowking|59/100
|-damage|p1a: Slowking|94/100 brn|[from] brn
|upkeep
|turn|50
|
|t:|1780910501
|move|p1a: Slowking|Future Sight|p2a: Slowking
|-start|p1a: Slowking|move: Future Sight
|move|p2a: Slowking|Future Sight|p1a: Slowking
|-start|p2a: Slowking|move: Future Sight
|
|-weather|Snowscape|[upkeep]
|-heal|p1a: Slowking|100/100 brn|[from] item: Leftovers
|-damage|p1a: Slowking|94/100 brn|[from] brn
|upkeep
|turn|51
|
|t:|1780910505
|switch|p2a: Garganacl|Garganacl, F|76/100
|-prepare|p1a: Slowking|Chilly Reception|[premajor]
|move|p1a: Slowking|Chilly Reception|p1a: Slowking
|
|t:|1780910509
|switch|p1a: Corviknight|Corviknight, F|64/100|[from] Chilly Reception
|-ability|p1a: Corviknight|Pressure
|
|-weather|Snowscape|[upkeep]
|-damage|p2a: Garganacl|64/100|[from] item: Black Sludge
|upkeep
|turn|52
|
|t:|1780910511
|switch|p2a: Slowking|Slowking-Galar, F|92/100
|move|p1a: Corviknight|U-turn|p2a: Slowking
|-damage|p2a: Slowking|76/100
|
|t:|1780910513
|switch|p1a: Slowking|Slowking-Galar, M|100/100 brn|[from] U-turn
|
|-weather|none
|-end|p1a: Slowking|move: Future Sight
|-damage|p1a: Slowking|57/100 brn
|-end|p2a: Slowking|move: Future Sight
|-damage|p2a: Slowking|49/100
|-heal|p1a: Slowking|63/100 brn|[from] item: Leftovers
|-damage|p1a: Slowking|57/100 brn|[from] brn
|upkeep
|turn|53
|
|t:|1780910517
|switch|p1a: Corviknight|Corviknight, F|64/100
|-ability|p1a: Corviknight|Pressure
|move|p2a: Slowking|Future Sight|p1a: Corviknight
|-start|p2a: Slowking|move: Future Sight
|
|upkeep
|turn|54
|
|t:|1780910520
|switch|p2a: Moltres|Moltres|100/100
|move|p1a: Corviknight|U-turn|p2a: Moltres
|-resisted|p2a: Moltres
|-damage|p2a: Moltres|98/100
|
|t:|1780910522
|switch|p1a: Slowking|Slowking-Galar, M|90/100 brn|[from] U-turn
|
|-heal|p1a: Slowking|96/100 brn|[from] item: Leftovers
|-damage|p1a: Slowking|90/100 brn|[from] brn
|upkeep
|turn|55
|
|t:|1780910525
|move|p2a: Moltres|Flamethrower|p1a: Slowking
|-damage|p1a: Slowking|64/100 brn
|move|p1a: Slowking|Future Sight|p2a: Moltres
|-start|p1a: Slowking|move: Future Sight
|
|-end|p1a: Slowking|move: Future Sight
|-damage|p1a: Slowking|35/100 brn
|-heal|p1a: Slowking|41/100 brn|[from] item: Leftovers
|-damage|p1a: Slowking|35/100 brn|[from] brn
|upkeep
|turn|56
|
|t:|1780910530
|move|p2a: Moltres|U-turn|p1a: Slowking
|-damage|p1a: Slowking|23/100 brn
|
|t:|1780910532
|switch|p2a: Weezing|Weezing-Galar, F|100/100|[from] U-turn
|-ability|p2a: Weezing|Neutralizing Gas
|-prepare|p1a: Slowking|Chilly Reception|[premajor]
|move|p1a: Slowking|Chilly Reception|p1a: Slowking
|-weather|Snowscape
|
|t:|1780910537
|switch|p1a: Corviknight|Corviknight, F|64/100|[from] Chilly Reception
|
|-weather|Snowscape|[upkeep]
|upkeep
|turn|57
|
|t:|1780910542
|-end|p2a: Weezing|ability: Neutralizing Gas
|-ability|p1a: Corviknight|Pressure
|switch|p2a: Slowking|Slowking-Galar, F|82/100
|move|p1a: Corviknight|U-turn|p2a: Slowking
|-damage|p2a: Slowking|66/100
|
|t:|1780910546
|switch|p1a: Slowking|Slowking-Galar, M|23/100 brn|[from] U-turn
|
|-weather|Snowscape|[upkeep]
|-end|p2a: Slowking|move: Future Sight
|-damage|p2a: Slowking|39/100
|-heal|p1a: Slowking|29/100 brn|[from] item: Leftovers
|-damage|p1a: Slowking|23/100 brn|[from] brn
|upkeep
|turn|58
|
|t:|1780910549
|switch|p2a: Weezing|Weezing-Galar, F|100/100
|-ability|p2a: Weezing|Neutralizing Gas
|-prepare|p1a: Slowking|Chilly Reception|[premajor]
|move|p1a: Slowking|Chilly Reception|p1a: Slowking
|
|t:|1780910551
|switch|p1a: Corviknight|Corviknight, F|64/100|[from] Chilly Reception
|
|-weather|Snowscape|[upkeep]
|upkeep
|turn|59
|
|t:|1780910554
|switch|p1a: Blissey|Blissey, F|85/100
|move|p2a: Weezing|Will-O-Wisp|p1a: Blissey
|-status|p1a: Blissey|brn
|
|-weather|Snowscape|[upkeep]
|-heal|p1a: Blissey|91/100 brn|[from] item: Leftovers
|-damage|p1a: Blissey|85/100 brn|[from] brn
|upkeep
|turn|60
|
|t:|1780910560
|-end|p2a: Weezing|ability: Neutralizing Gas
|switch|p2a: Kyurem|Kyurem|100/100
|-ability|p2a: Kyurem|Pressure
|move|p1a: Blissey|Stealth Rock|p2a: Kyurem
|-sidestart|p2: LT_Alt1|move: Stealth Rock
|
|-weather|none
|-heal|p1a: Blissey|91/100 brn|[from] item: Leftovers
|-damage|p1a: Blissey|85/100 brn|[from] brn
|upkeep
|turn|61
|
|t:|1780910565
|move|p2a: Kyurem|Scale Shot|p1a: Blissey
|-damage|p1a: Blissey|63/100 brn
|-damage|p1a: Blissey|41/100 brn
|-damage|p1a: Blissey|19/100 brn
|-damage|p1a: Blissey|0 fnt
|faint|p1a: Blissey
|-hitcount|p1: Blissey|4
|-unboost|p2a: Kyurem|def|1
|-boost|p2a: Kyurem|spe|1
|
|upkeep
|
|t:|1780910568
|switch|p1a: Dondozo|Dondozo, M|100/100
|turn|62
|
|t:|1780910575
|switch|p1a: Cinderace|Cinderace, M|63/100 brn
|-terastallize|p2a: Kyurem|Ice
|move|p2a: Kyurem|Freeze-Dry|p1a: Cinderace
|-resisted|p1a: Cinderace
|-damage|p1a: Cinderace|24/100 brn
|
|-damage|p1a: Cinderace|18/100 brn|[from] brn
|upkeep
|turn|63
|
|t:|1780910581
|move|p2a: Kyurem|Freeze-Dry|p1a: Cinderace
|-resisted|p1a: Cinderace
|-damage|p1a: Cinderace|0 fnt
|faint|p1a: Cinderace
|
|upkeep
|
|t:|1780910582
|switch|p1a: Toxapex|Toxapex, M|99/100
|turn|64
|
|t:|1780910589
|-terastallize|p1a: Toxapex|Normal
|move|p2a: Kyurem|Freeze-Dry|p1a: Toxapex
|-damage|p1a: Toxapex|53/100
|move|p1a: Toxapex|Toxic|p2a: Kyurem
|-status|p2a: Kyurem|tox
|
|-damage|p2a: Kyurem|94/100 tox|[from] psn
|upkeep
|turn|65
|
|t:|1780910592
|switch|p1a: Corviknight|Corviknight, F|64/100
|-ability|p1a: Corviknight|Pressure
|move|p2a: Kyurem|Ice Beam|p1a: Corviknight
|-damage|p1a: Corviknight|11/100
|
|-damage|p2a: Kyurem|82/100 tox|[from] psn
|upkeep
|turn|66
|
|t:|1780910595
|switch|p1a: Toxapex|Toxapex, M, tera:Normal|87/100
|move|p2a: Kyurem|Ice Beam|p1a: Toxapex
|-damage|p1a: Toxapex|35/100
|
|-damage|p2a: Kyurem|64/100 tox|[from] psn
|upkeep
|turn|67
|
|t:|1780910598
|switch|p1a: Dondozo|Dondozo, M|100/100
|move|p2a: Kyurem|Freeze-Dry|p1a: Dondozo
|-supereffective|p1a: Dondozo
|-damage|p1a: Dondozo|19/100
|
|-heal|p1a: Dondozo|26/100|[from] item: Leftovers
|-damage|p2a: Kyurem|39/100 tox|[from] psn
|upkeep
|turn|68
|
|t:|1780910601
|switch|p1a: Toxapex|Toxapex, M, tera:Normal|68/100
|move|p2a: Kyurem|Ice Beam|p1a: Toxapex
|-damage|p1a: Toxapex|15/100
|
|-damage|p2a: Kyurem|8/100 tox|[from] psn
|upkeep
|turn|69
|
|t:|1780910604
|switch|p1a: Corviknight|Corviknight, F|11/100
|-ability|p1a: Corviknight|Pressure
|move|p2a: Kyurem|Freeze-Dry|p1a: Corviknight
|-damage|p1a: Corviknight|0 fnt
|faint|p1a: Corviknight
|
|-damage|p2a: Kyurem|0 fnt|[from] psn
|faint|p2a: Kyurem
|upkeep
|
|t:|1780910611
|switch|p2a: Weezing|Weezing-Galar, F|100/100
|switch|p1a: Slowking|Slowking-Galar, M|23/100 brn
|-ability|p2a: Weezing|Neutralizing Gas
|-damage|p2a: Weezing|88/100|[from] Stealth Rock
|turn|70
|
|t:|1780910614
|switch|p1a: Dondozo|Dondozo, M|26/100
|move|p2a: Weezing|Strange Steam|p1a: Dondozo
|-damage|p1a: Dondozo|6/100
|
|-heal|p1a: Dondozo|12/100|[from] item: Leftovers
|upkeep
|turn|71
|
|t:|1780910617
|move|p2a: Weezing|Strange Steam|p1a: Dondozo
|-damage|p1a: Dondozo|0 fnt
|faint|p1a: Dondozo
|
|upkeep
|
|t:|1780910619
|switch|p1a: Toxapex|Toxapex, M, tera:Normal|48/100
|turn|72
|
|t:|1780910622
|move|p2a: Weezing|Will-O-Wisp|p1a: Toxapex
|-status|p1a: Toxapex|brn
|move|p1a: Toxapex|Recover|p1a: Toxapex
|-heal|p1a: Toxapex|98/100 brn
|
|-damage|p1a: Toxapex|92/100 brn|[from] brn
|upkeep
|turn|73
|
|t:|1780910625
|switch|p1a: Slowking|Slowking-Galar, M|23/100 brn
|move|p2a: Weezing|Defog|p1a: Slowking
|-unboost|p1a: Slowking|evasion|1
|-sideend|p2: LT_Alt1|Stealth Rock|[from] move: Defog|[of] p2a: Weezing
|
|-heal|p1a: Slowking|29/100 brn|[from] item: Leftovers
|-damage|p1a: Slowking|23/100 brn|[from] brn
|upkeep
|turn|74
|-message|minhoto forfeited.
|
|win|LT_Alt1
|raw|minhoto's rating: 1601 &rarr; <strong>1589</strong><br />(-12 for losing)
|raw|LT_Alt1's rating: 1744 &rarr; <strong>1756</strong><br />(+12 for winning)
|n|‽LT_Alt1|ltalt1
|n|‽LT_Alt1|ltalt1
