|j|☆blah0blah1blah2
|j|☆lesbiancleric
|t:|1781267304
|gametype|singles
|player|p1|blah0blah1blah2|colress|1570
|player|p2|lesbiancleric|plasmagruntf|1512
|gen|9
|tier|[Gen 9] OU
|rated|
|rule|HP Percentage Mod: HP is shown in percentages
|rule|Endless Battle Clause: Forcing endless battles is banned
|rule|Species Clause: Limit one of each Pokémon
|rule|OHKO Clause: OHKO moves are banned
|rule|Evasion Items Clause: Evasion items are banned
|rule|Evasion Moves Clause: Evasion moves are banned
|rule|Evasion Abilities Clause: Evasion abilities are banned
|rule|Sleep Moves Clause: Sleep-inducing moves are banned
|clearpoke
|poke|p1|Regidrago|
|poke|p1|Iron Treads|
|poke|p1|Primarina, M|
|poke|p1|Scizor, M|
|poke|p1|Ogerpon, F|
|poke|p1|Moltres|
|poke|p2|Alomomola, F|
|poke|p2|Hydreigon, F|
|poke|p2|Garganacl, M|
|poke|p2|Samurott-Hisui, F|
|poke|p2|Great Tusk|
|poke|p2|Pecharunt|
|teampreview
|inactive|Battle timer is ON: inactive players will automatically lose when time's up. (requested by blah0blah1blah2)
|inactive|lesbiancleric also wants the timer to be on.
|
|t:|1781267322
|teamsize|p1|6
|teamsize|p2|6
|start
|switch|p1a: Scizor|Scizor, M|100/100
|switch|p2a: Pecharunt|Pecharunt|100/100
|turn|1
|
|t:|1781267326
|move|p2a: Pecharunt|Parting Shot|p1a: Scizor
|-unboost|p1a: Scizor|atk|1
|-unboost|p1a: Scizor|spa|1
|
|t:|1781267328
|switch|p2a: Alomomola|Alomomola, F|100/100|[from] Parting Shot
|move|p1a: Scizor|Knock Off|p2a: Alomomola
|-damage|p2a: Alomomola|82/100
|-damage|p1a: Scizor|84/100|[from] item: Rocky Helmet|[of] p2a: Alomomola
|-enditem|p2a: Alomomola|Rocky Helmet|[from] move: Knock Off|[of] p1a: Scizor
|
|upkeep
|turn|2
|
|t:|1781267339
|switch|p1a: Ogerpon|Ogerpon, F|100/100
|move|p2a: Alomomola|Flip Turn|p1a: Ogerpon
|-resisted|p1a: Ogerpon
|-damage|p1a: Ogerpon|90/100
|
|t:|1781267344
|switch|p2a: Pecharunt|Pecharunt|100/100|[from] Flip Turn
|
|upkeep
|turn|3
|
|t:|1781267350
|switch|p1a: Scizor|Scizor, M|84/100
|move|p2a: Pecharunt|Shadow Ball|p1a: Scizor
|-damage|p1a: Scizor|47/100
|
|upkeep
|turn|4
|
|t:|1781267355
|move|p2a: Pecharunt|Parting Shot|p1a: Scizor
|-unboost|p1a: Scizor|atk|1
|-unboost|p1a: Scizor|spa|1
|
|t:|1781267357
|switch|p2a: Alomomola|Alomomola, F|100/100|[from] Parting Shot
|move|p1a: Scizor|U-turn|p2a: Alomomola
|-damage|p2a: Alomomola|77/100
|
|t:|1781267362
|switch|p1a: Regidrago|Regidrago|100/100|[from] U-turn
|
|upkeep
|turn|5
|
|t:|1781267380
|move|p2a: Alomomola|Protect|p2a: Alomomola
|-singleturn|p2a: Alomomola|Protect
|move|p1a: Regidrago|Dragon Energy|p2a: Alomomola
|-activate|p2a: Alomomola|move: Protect
|
|upkeep
|turn|6
|
|t:|1781267385
|switch|p2a: Great Tusk|Great Tusk|100/100
|move|p1a: Regidrago|Dragon Energy|p2a: Great Tusk
|-damage|p2a: Great Tusk|0 fnt
|faint|p2a: Great Tusk
|-end|p2a: Great Tusk|Protosynthesis|[silent]
|
|upkeep
|
|t:|1781267387
|switch|p2a: Samurott|Samurott-Hisui, F|100/100
|turn|7
|
|t:|1781267409
|switch|p1a: Moltres|Moltres|100/100
|move|p2a: Samurott|Ceaseless Edge|p1a: Moltres|[miss]
|-miss|p2a: Samurott|p1a: Moltres
|
|upkeep
|turn|8
|
|t:|1781267413
|switch|p2a: Garganacl|Garganacl, M|100/100
|move|p1a: Moltres|Will-O-Wisp|p2a: Garganacl
|-immune|p2a: Garganacl|[from] ability: Purifying Salt
|
|upkeep
|turn|9
|
|t:|1781267431
|move|p1a: Moltres|U-turn|p2a: Garganacl
|-damage|p2a: Garganacl|91/100
|
|t:|1781267433
|switch|p1a: Ogerpon|Ogerpon, F|90/100|[from] U-turn
|move|p2a: Garganacl|Salt Cure|p1a: Ogerpon
|-damage|p1a: Ogerpon|71/100
|-start|p1a: Ogerpon|Salt Cure
|
|-heal|p2a: Garganacl|97/100|[from] item: Leftovers
|-damage|p1a: Ogerpon|58/100|[from] Salt Cure
|upkeep
|turn|10
|
|t:|1781267441
|move|p2a: Garganacl|Protect|p2a: Garganacl
|-singleturn|p2a: Garganacl|Protect
|move|p1a: Ogerpon|Swords Dance|p1a: Ogerpon
|-boost|p1a: Ogerpon|atk|2
|
|-heal|p2a: Garganacl|100/100|[from] item: Leftovers
|-damage|p1a: Ogerpon|46/100|[from] Salt Cure
|upkeep
|turn|11
|
|t:|1781267449
|switch|p2a: Pecharunt|Pecharunt|100/100
|move|p1a: Ogerpon|Ivy Cudgel|p2a: Pecharunt
|-resisted|p2a: Pecharunt
|-damage|p2a: Pecharunt|70/100
|
|-damage|p1a: Ogerpon|34/100|[from] Salt Cure
|upkeep
|turn|12
|
|t:|1781267453
|move|p1a: Ogerpon|Knock Off|p2a: Pecharunt
|-supereffective|p2a: Pecharunt
|-damage|p2a: Pecharunt|0 fnt
|-enditem|p2a: Pecharunt|Heavy-Duty Boots|[from] move: Knock Off|[of] p1a: Ogerpon
|faint|p2a: Pecharunt
|
|-damage|p1a: Ogerpon|22/100|[from] Salt Cure
|upkeep
|
|t:|1781267458
|switch|p2a: Samurott|Samurott-Hisui, F|100/100
|turn|13
|
|t:|1781267462
|move|p2a: Samurott|Ceaseless Edge|p1a: Ogerpon
|-damage|p1a: Ogerpon|0 fnt
|-sidestart|p1: blah0blah1blah2|Spikes
|faint|p1a: Ogerpon
|
|upkeep
|
|t:|1781267471
|switch|p1a: Primarina|Primarina, M|100/100
|-damage|p1a: Primarina|88/100|[from] Spikes
|turn|14
|
|t:|1781267481
|switch|p2a: Garganacl|Garganacl, M|100/100
|move|p1a: Primarina|Moonblast|p2a: Garganacl
|-damage|p2a: Garganacl|67/100
|
|-heal|p2a: Garganacl|74/100|[from] item: Leftovers
|upkeep
|turn|15
|
|t:|1781267486
|move|p1a: Primarina|Surf|p2a: Garganacl
|-supereffective|p2a: Garganacl
|-damage|p2a: Garganacl|2/100
|move|p2a: Garganacl|Salt Cure|p1a: Primarina
|-damage|p1a: Primarina|72/100
|-start|p1a: Primarina|Salt Cure
|
|-heal|p2a: Garganacl|8/100|[from] item: Leftovers
|-damage|p1a: Primarina|47/100|[from] Salt Cure
|upkeep
|turn|16
|
|t:|1781267491
|move|p2a: Garganacl|Protect|p2a: Garganacl
|-singleturn|p2a: Garganacl|Protect
|move|p1a: Primarina|Flip Turn|p2a: Garganacl
|-activate|p2a: Garganacl|move: Protect
|
|-heal|p2a: Garganacl|14/100|[from] item: Leftovers
|-damage|p1a: Primarina|22/100|[from] Salt Cure
|upkeep
|turn|17
|
|t:|1781267496
|switch|p2a: Alomomola|Alomomola, F|100/100
|move|p1a: Primarina|Moonblast|p2a: Alomomola
|-damage|p2a: Alomomola|40/100
|
|-damage|p1a: Primarina|0 fnt|[from] Salt Cure
|faint|p1a: Primarina
|upkeep
|
|t:|1781267504
|switch|p1a: Regidrago|Regidrago|100/100
|-damage|p1a: Regidrago|88/100|[from] Spikes
|turn|18
|
|t:|1781267521
|switch|p2a: Garganacl|Garganacl, M|14/100
|move|p1a: Regidrago|Dragon Energy|p2a: Garganacl
|-damage|p2a: Garganacl|0 fnt
|faint|p2a: Garganacl
|
|upkeep
|
|t:|1781267523
|switch|p2a: Samurott|Samurott-Hisui, F|100/100
|turn|19
|
|t:|1781267528
|switch|p1a: Moltres|Moltres|100/100
|move|p2a: Samurott|Ceaseless Edge|p1a: Moltres|[miss]
|-miss|p2a: Samurott|p1a: Moltres
|
|upkeep
|turn|20
|
|t:|1781267537
|switch|p2a: Alomomola|Alomomola, F|73/100
|move|p1a: Moltres|Will-O-Wisp|p2a: Alomomola
|-status|p2a: Alomomola|brn
|
|-damage|p2a: Alomomola|67/100 brn|[from] brn
|upkeep
|turn|21
|
|t:|1781267541
|move|p1a: Moltres|Flamethrower|p2a: Alomomola
|-resisted|p2a: Alomomola
|-damage|p2a: Alomomola|46/100 brn
|move|p2a: Alomomola|Flip Turn|p1a: Moltres
|-supereffective|p1a: Moltres
|-damage|p1a: Moltres|90/100
|
|t:|1781267546
|switch|p2a: Hydreigon|Hydreigon, F|100/100|[from] Flip Turn
|
|upkeep
|turn|22
|
|t:|1781267549
|move|p2a: Hydreigon|Surf|p1a: Moltres
|-supereffective|p1a: Moltres
|-damage|p1a: Moltres|0 fnt
|faint|p1a: Moltres
|
|upkeep
|
|t:|1781267557
|switch|p1a: Regidrago|Regidrago|88/100
|-damage|p1a: Regidrago|76/100|[from] Spikes
|turn|23
|
|t:|1781267561
|switch|p2a: Alomomola|Alomomola, F|79/100 brn
|move|p1a: Regidrago|Dragon Energy|p2a: Alomomola
|-damage|p2a: Alomomola|0 fnt
|faint|p2a: Alomomola
|
|upkeep
|
|t:|1781267562
|switch|p2a: Samurott|Samurott-Hisui, F|100/100
|turn|24
|
|t:|1781267569
|switch|p1a: Scizor|Scizor, M|47/100
|-damage|p1a: Scizor|35/100|[from] Spikes
|move|p2a: Samurott|Sacred Sword|p1a: Scizor
|-damage|p1a: Scizor|0 fnt
|faint|p1a: Scizor
|
|upkeep
|
|t:|1781267576
|switch|p1a: Iron Treads|Iron Treads|100/100
|-damage|p1a: Iron Treads|88/100|[from] Spikes
|turn|25
|
|t:|1781267581
|-terastallize|p1a: Iron Treads|Ghost
|move|p2a: Samurott|Sacred Sword|p1a: Iron Treads
|-immune|p1a: Iron Treads
|move|p1a: Iron Treads|Rapid Spin|p2a: Samurott
|-damage|p2a: Samurott|80/100
|-boost|p1a: Iron Treads|spe|1
|-sideend|p1: blah0blah1blah2|Spikes|[from] move: Rapid Spin|[of] p1a: Iron Treads
|
|upkeep
|turn|26
|
|t:|1781267587
|switch|p2a: Hydreigon|Hydreigon, F|100/100
|move|p1a: Iron Treads|Ice Spinner|p2a: Hydreigon
|-supereffective|p2a: Hydreigon
|-damage|p2a: Hydreigon|43/100
|
|upkeep
|turn|27
|
|t:|1781267591
|-terastallize|p2a: Hydreigon|Steel
|move|p1a: Iron Treads|Ice Spinner|p2a: Hydreigon
|-resisted|p2a: Hydreigon
|-damage|p2a: Hydreigon|29/100
|move|p2a: Hydreigon|Dark Pulse|p1a: Iron Treads
|-supereffective|p1a: Iron Treads
|-damage|p1a: Iron Treads|0 fnt
|faint|p1a: Iron Treads
|-end|p1a: Iron Treads|Quark Drive|[silent]
|
|upkeep
|
|t:|1781267594
|switch|p1a: Regidrago|Regidrago|76/100
|turn|28
|
|t:|1781267600
|move|p1a: Regidrago|Dragon Pulse|p2a: Hydreigon
|-resisted|p2a: Hydreigon
|-damage|p2a: Hydreigon|0 fnt
|faint|p2a: Hydreigon
|
|upkeep
|
|t:|1781267602
|switch|p2a: Samurott|Samurott-Hisui, F|80/100
|turn|29
|
|t:|1781267606
|move|p2a: Samurott|Sacred Sword|p1a: Regidrago
|-damage|p1a: Regidrago|29/100
|move|p1a: Regidrago|Dragon Pulse|p2a: Samurott
|-damage|p2a: Samurott|1/100
|
|upkeep
|turn|30
|
|t:|1781267611
|move|p2a: Samurott|Sacred Sword|p1a: Regidrago
|-crit|p1a: Regidrago
|-damage|p1a: Regidrago|0 fnt
|faint|p1a: Regidrago
|
|win|lesbiancleric
|raw|blah0blah1blah2's rating: 1570 &rarr; <strong>1547</strong><br />(-23 for losing)
|raw|lesbiancleric's rating: 1512 &rarr; <strong>1535</strong><br />(+23 for winning)
|l|☆lesbiancleric
|player|p2|
|l|☆blah0blah1blah2
|player|p1|
