|j|‽LT_Alt1
|j|☆rekjllj
|t:|1781330432
|gametype|singles
|player|p1|LT_Alt1|1|1805
|player|p2|rekjllj|169|1668
|gen|9
|tier|[Gen 9] OU
|rated|
|rule|HP Percentage Mod: HP is shown in percentages
|rule|Endless Battle Clause: Forcing endless battles is banned
|rule|Species Clause: Limit one of each Pokémon
|rule|OHKO Clause: OHKO moves are banned
|rule|Evasion Items Clause: Evasion items are banned
|rule|Evasion Moves Clause: Evasion moves are banned
|rule|Evasion Abilities Clause: Evasion abilities are banned
|rule|Sleep Moves Clause: Sleep-inducing moves are banned
|clearpoke
|poke|p1|Kyurem|
|poke|p1|Raging Bolt|
|poke|p1|Hatterene, F|
|poke|p1|Slowking-Galar, M|
|poke|p1|Ting-Lu|
|poke|p1|Corviknight, M|
|poke|p2|Walking Wake|
|poke|p2|Great Tusk|
|poke|p2|Ninetales, F|
|poke|p2|Cresselia, F|
|poke|p2|Zarude|
|poke|p2|Ceruledge, M|
|teampreview
|
|t:|1781330440
|teamsize|p1|6
|teamsize|p2|6
|start
|switch|p1a: Raging Bolt|Raging Bolt|100/100
|switch|p2a: Ceruledge|Ceruledge, M|100/100
|turn|1
|c|☆rekjllj|hf
|inactive|Battle timer is ON: inactive players will automatically lose when time's up. (requested by rekjllj)
|
|t:|1781330446
|switch|p2a: Great Tusk|Great Tusk|100/100
|move|p1a: Raging Bolt|Volt Switch|p2a: Great Tusk
|-immune|p2a: Great Tusk
|
|upkeep
|turn|2
|
|t:|1781330453
|move|p2a: Great Tusk|Close Combat|p1a: Raging Bolt
|-damage|p1a: Raging Bolt|37/100
|-unboost|p2a: Great Tusk|def|1
|-unboost|p2a: Great Tusk|spd|1
|move|p1a: Raging Bolt|Draco Meteor|p2a: Great Tusk
|-damage|p2a: Great Tusk|0 fnt
|-unboost|p1a: Raging Bolt|spa|2
|faint|p2a: Great Tusk
|-end|p2a: Great Tusk|Protosynthesis|[silent]
|
|upkeep
|
|t:|1781330459
|switch|p2a: Zarude|Zarude|100/100
|turn|3
|
|t:|1781330465
|move|p2a: Zarude|Swords Dance|p2a: Zarude
|-boost|p2a: Zarude|atk|2
|move|p1a: Raging Bolt|Volt Switch|p2a: Zarude
|-resisted|p2a: Zarude
|-damage|p2a: Zarude|91/100
|
|t:|1781330475
|-end|p1a: Raging Bolt|Protosynthesis|[silent]
|switch|p1a: Hatterene|Hatterene, F|100/100|[from] Volt Switch
|
|-heal|p2a: Zarude|97/100|[from] item: Leftovers
|upkeep
|turn|4
|
|t:|1781330481
|move|p2a: Zarude|Knock Off|p1a: Hatterene
|-crit|p1a: Hatterene
|-damage|p1a: Hatterene|0 fnt
|-enditem|p1a: Hatterene|Leftovers|[from] move: Knock Off|[of] p2a: Zarude
|faint|p1a: Hatterene
|
|-heal|p2a: Zarude|100/100|[from] item: Leftovers
|upkeep
|
|t:|1781330491
|switch|p1a: Ting-Lu|Ting-Lu|100/100
|-ability|p1a: Ting-Lu|Vessel of Ruin
|turn|5
|
|t:|1781330497
|move|p2a: Zarude|Power Whip|p1a: Ting-Lu
|-supereffective|p1a: Ting-Lu
|-damage|p1a: Ting-Lu|0 fnt
|faint|p1a: Ting-Lu
|
|upkeep
|
|t:|1781330500
|switch|p1a: Corviknight|Corviknight, M|100/100
|-ability|p1a: Corviknight|Pressure
|turn|6
|
|t:|1781330506
|move|p2a: Zarude|Swords Dance|p2a: Zarude
|-boost|p2a: Zarude|atk|2
|move|p1a: Corviknight|Iron Defense|p1a: Corviknight
|-boost|p1a: Corviknight|def|2
|
|upkeep
|turn|7
|
|t:|1781330511
|-terastallize|p2a: Zarude|Poison
|move|p2a: Zarude|Knock Off|p1a: Corviknight
|-damage|p1a: Corviknight|48/100
|-damage|p2a: Zarude|84/100|[from] item: Rocky Helmet|[of] p1a: Corviknight
|-enditem|p1a: Corviknight|Rocky Helmet|[from] move: Knock Off|[of] p2a: Zarude
|move|p1a: Corviknight|Body Press|p2a: Zarude
|-resisted|p2a: Zarude
|-damage|p2a: Zarude|62/100
|
|-heal|p2a: Zarude|68/100|[from] item: Leftovers
|upkeep
|turn|8
|
|t:|1781330520
|move|p2a: Zarude|Knock Off|p1a: Corviknight
|-damage|p1a: Corviknight|15/100
|move|p1a: Corviknight|Roost|p1a: Corviknight
|-heal|p1a: Corviknight|65/100
|-singleturn|p1a: Corviknight|move: Roost
|
|-heal|p2a: Zarude|75/100|[from] item: Leftovers
|upkeep
|turn|9
|
|t:|1781330525
|move|p2a: Zarude|Knock Off|p1a: Corviknight
|-damage|p1a: Corviknight|35/100
|move|p1a: Corviknight|Roost|p1a: Corviknight
|-heal|p1a: Corviknight|85/100
|-singleturn|p1a: Corviknight|move: Roost
|
|-heal|p2a: Zarude|81/100|[from] item: Leftovers
|upkeep
|turn|10
|
|t:|1781330529
|move|p2a: Zarude|Knock Off|p1a: Corviknight
|-damage|p1a: Corviknight|51/100
|move|p1a: Corviknight|Iron Defense|p1a: Corviknight
|-boost|p1a: Corviknight|def|2
|
|-heal|p2a: Zarude|87/100|[from] item: Leftovers
|upkeep
|turn|11
|
|t:|1781330533
|move|p2a: Zarude|Knock Off|p1a: Corviknight
|-damage|p1a: Corviknight|30/100
|move|p1a: Corviknight|Roost|p1a: Corviknight
|-heal|p1a: Corviknight|80/100
|-singleturn|p1a: Corviknight|move: Roost
|
|-heal|p2a: Zarude|93/100|[from] item: Leftovers
|upkeep
|turn|12
|
|t:|1781330538
|move|p2a: Zarude|Knock Off|p1a: Corviknight
|-damage|p1a: Corviknight|58/100
|move|p1a: Corviknight|Body Press|p2a: Zarude
|-resisted|p2a: Zarude
|-damage|p2a: Zarude|60/100
|
|-heal|p2a: Zarude|66/100|[from] item: Leftovers
|upkeep
|turn|13
|
|t:|1781330543
|move|p2a: Zarude|Knock Off|p1a: Corviknight
|-damage|p1a: Corviknight|36/100
|move|p1a: Corviknight|Roost|p1a: Corviknight
|-heal|p1a: Corviknight|86/100
|-singleturn|p1a: Corviknight|move: Roost
|
|-heal|p2a: Zarude|72/100|[from] item: Leftovers
|upkeep
|turn|14
|
|t:|1781330547
|move|p2a: Zarude|Swords Dance|p2a: Zarude
|-boost|p2a: Zarude|atk|2
|move|p1a: Corviknight|Iron Defense|p1a: Corviknight
|-boost|p1a: Corviknight|def|2
|
|-heal|p2a: Zarude|78/100|[from] item: Leftovers
|upkeep
|turn|15
|
|t:|1781330550
|switch|p2a: Ceruledge|Ceruledge, M|100/100
|move|p1a: Corviknight|Body Press|p2a: Ceruledge
|-immune|p2a: Ceruledge
|
|upkeep
|turn|16
|
|t:|1781330557
|switch|p1a: Kyurem|Kyurem|100/100
|-ability|p1a: Kyurem|Pressure
|move|p2a: Ceruledge|Swords Dance|p2a: Ceruledge
|-boost|p2a: Ceruledge|atk|2
|
|upkeep
|turn|17
|
|t:|1781330564
|move|p1a: Kyurem|Earth Power|p2a: Ceruledge
|-supereffective|p2a: Ceruledge
|-enditem|p2a: Ceruledge|Focus Sash
|-damage|p2a: Ceruledge|1/100
|move|p2a: Ceruledge|Bitter Blade|p1a: Kyurem
|-damage|p1a: Kyurem|8/100
|-heal|p2a: Ceruledge|63/100|[from] drain|[of] p1a: Kyurem
|
|upkeep
|turn|18
|
|t:|1781330571
|switch|p2a: Cresselia|Cresselia, F|100/100
|move|p1a: Kyurem|Earth Power|p2a: Cresselia
|-immune|p2a: Cresselia|[from] ability: Levitate
|
|upkeep
|turn|19
|
|t:|1781330592
|switch|p1a: Slowking|Slowking-Galar, M|100/100
|move|p2a: Cresselia|Psychic|p1a: Slowking
|-damage|p1a: Slowking|85/100
|
|upkeep
|turn|20
|inactive|LT_Alt1 has 120 seconds left.
|n|‽LT_Alt1|ltalt1
|n|‽LT_Alt1|ltalt1
|
|t:|1781330640
|switch|p2a: Zarude|Zarude, tera:Poison|78/100
|move|p1a: Slowking|Future Sight|p2a: Zarude
|-start|p1a: Slowking|move: Future Sight
|
|-heal|p2a: Zarude|84/100|[from] item: Leftovers
|upkeep
|turn|21
|
|t:|1781330649
|switch|p1a: Corviknight|Corviknight, M|86/100
|-ability|p1a: Corviknight|Pressure
|move|p2a: Zarude|Knock Off|p1a: Corviknight
|-damage|p1a: Corviknight|66/100
|
|-heal|p2a: Zarude|90/100|[from] item: Leftovers
|upkeep
|turn|22
|
|t:|1781330655
|switch|p1a: Slowking|Slowking-Galar, M|100/100
|move|p2a: Zarude|Swords Dance|p2a: Zarude
|-boost|p2a: Zarude|atk|2
|
|-end|p2a: Zarude|move: Future Sight
|-supereffective|p2a: Zarude
|-damage|p2a: Zarude|7/100
|-heal|p2a: Zarude|13/100|[from] item: Leftovers
|upkeep
|turn|23
|inactive|LT_Alt1 has 90 seconds left.
|j| Hakone Outbound
|
|t:|1781330685
|switch|p1a: Kyurem|Kyurem|8/100
|-ability|p1a: Kyurem|Pressure
|move|p2a: Zarude|Knock Off|p1a: Kyurem
|-damage|p1a: Kyurem|0 fnt
|-enditem|p1a: Kyurem|Choice Specs|[from] move: Knock Off|[of] p2a: Zarude
|faint|p1a: Kyurem
|
|-heal|p2a: Zarude|19/100|[from] item: Leftovers
|upkeep
|
|t:|1781330686
|switch|p1a: Raging Bolt|Raging Bolt|37/100
|turn|24
|
|t:|1781330692
|move|p1a: Raging Bolt|Thunderclap||[still]
|-fail|p1a: Raging Bolt
|move|p2a: Zarude|Synthesis|p2a: Zarude
|-heal|p2a: Zarude|69/100
|
|-heal|p2a: Zarude|75/100|[from] item: Leftovers
|upkeep
|turn|25
|
|t:|1781330696
|move|p2a: Zarude|Knock Off|p1a: Raging Bolt
|-damage|p1a: Raging Bolt|0 fnt
|-enditem|p1a: Raging Bolt|Assault Vest|[from] move: Knock Off|[of] p2a: Zarude
|faint|p1a: Raging Bolt
|-end|p1a: Raging Bolt|Protosynthesis|[silent]
|
|-heal|p2a: Zarude|81/100|[from] item: Leftovers
|upkeep
|
|t:|1781330698
|switch|p1a: Corviknight|Corviknight, M|66/100
|-ability|p1a: Corviknight|Pressure
|turn|26
|
|t:|1781330701
|move|p2a: Zarude|Swords Dance|p2a: Zarude
|-boost|p2a: Zarude|atk|2
|move|p1a: Corviknight|Iron Defense|p1a: Corviknight
|-boost|p1a: Corviknight|def|2
|
|-heal|p2a: Zarude|87/100|[from] item: Leftovers
|upkeep
|turn|27
|
|t:|1781330704
|move|p2a: Zarude|Knock Off|p1a: Corviknight
|-crit|p1a: Corviknight
|-damage|p1a: Corviknight|0 fnt
|faint|p1a: Corviknight
|
|-heal|p2a: Zarude|93/100|[from] item: Leftovers
|upkeep
|inactive|LT_Alt1 has 120 seconds left.
|inactive|LT_Alt1 has 90 seconds left.
|inactive|LT_Alt1 has 60 seconds left.
|inactive|LT_Alt1 has 30 seconds left.
|inactive|LT_Alt1 has 20 seconds left.
|inactive|LT_Alt1 has 15 seconds left.
|inactive|LT_Alt1 has 10 seconds left.
|inactive|LT_Alt1 has 5 seconds left.
|-message|LT_Alt1 lost due to inactivity.
|
|win|rekjllj
|raw|LT_Alt1's rating: 1805 &rarr; <strong>1777</strong><br />(-28 for losing)
|raw|rekjllj's rating: 1668 &rarr; <strong>1696</strong><br />(+28 for winning)
|c|☆rekjllj|gg
|l|☆rekjllj
|player|p2|
