|j|☆thelarpinglarper
|j|☆smoldracovish
|t:|1781421376
|gametype|singles
|player|p1|thelarpinglarper|sordward|1679
|player|p2|smoldracovish|266|1624
|gen|9
|tier|[Gen 9] OU
|rated|
|rule|HP Percentage Mod: HP is shown in percentages
|rule|Endless Battle Clause: Forcing endless battles is banned
|rule|Species Clause: Limit one of each Pokémon
|rule|OHKO Clause: OHKO moves are banned
|rule|Evasion Items Clause: Evasion items are banned
|rule|Evasion Moves Clause: Evasion moves are banned
|rule|Evasion Abilities Clause: Evasion abilities are banned
|rule|Sleep Moves Clause: Sleep-inducing moves are banned
|clearpoke
|poke|p1|Samurott-Hisui, M|
|poke|p1|Iron Treads|
|poke|p1|Iron Valiant|
|poke|p1|Rotom-Wash|
|poke|p1|Iron Moth|
|poke|p1|Pecharunt|
|poke|p2|Lokix, F|
|poke|p2|Cinderace, F|
|poke|p2|Great Tusk|
|poke|p2|Alomomola, F|
|poke|p2|Enamorus, F|
|poke|p2|Slowking-Galar, M|
|teampreview
|inactive|Battle timer is ON: inactive players will automatically lose when time's up. (requested by thelarpinglarper)
|j| Finkachu
|
|t:|1781421390
|teamsize|p1|6
|teamsize|p2|6
|start
|switch|p1a: Iron Moth|Iron Moth|100/100
|switch|p2a: Cinderace|Cinderace, F|100/100
|turn|1
|
|t:|1781421395
|move|p2a: Cinderace|U-turn|p1a: Iron Moth
|-resisted|p1a: Iron Moth
|-damage|p1a: Iron Moth|93/100
|
|t:|1781421397
|switch|p2a: Alomomola|Alomomola, F|100/100|[from] U-turn
|move|p1a: Iron Moth|U-turn|p2a: Alomomola
|-damage|p2a: Alomomola|92/100
|
|t:|1781421402
|-end|p1a: Iron Moth|Quark Drive|[silent]
|switch|p1a: Samurott|Samurott-Hisui, M|100/100|[from] U-turn
|
|upkeep
|turn|2
|
|t:|1781421406
|move|p1a: Samurott|Ceaseless Edge|p2a: Alomomola
|-damage|p2a: Alomomola|39/100
|-sidestart|p2: smoldracovish|Spikes
|move|p2a: Alomomola|Flip Turn|p1a: Samurott
|-resisted|p1a: Samurott
|-damage|p1a: Samurott|90/100
|
|t:|1781421415
|switch|p2a: Enamorus|Enamorus, F|100/100|[from] Flip Turn
|
|upkeep
|turn|3
|
|t:|1781421422
|switch|p1a: Rotom|Rotom-Wash|100/100
|move|p2a: Enamorus|Moonblast|p1a: Rotom
|-damage|p1a: Rotom|38/100
|-unboost|p1a: Rotom|spa|1
|
|upkeep
|turn|4
|
|t:|1781421429
|switch|p1a: Iron Moth|Iron Moth|93/100
|move|p2a: Enamorus|Moonblast|p1a: Iron Moth
|-resisted|p1a: Iron Moth
|-damage|p1a: Iron Moth|79/100
|
|upkeep
|turn|5
|
|t:|1781421435
|switch|p2a: Alomomola|Alomomola, F|72/100
|-damage|p2a: Alomomola|60/100|[from] Spikes
|move|p1a: Iron Moth|U-turn|p2a: Alomomola
|-damage|p2a: Alomomola|51/100
|
|t:|1781421437
|-end|p1a: Iron Moth|Quark Drive|[silent]
|switch|p1a: Rotom|Rotom-Wash|38/100|[from] U-turn
|
|upkeep
|turn|6
|
|t:|1781421441
|move|p1a: Rotom|Pain Split|p2a: Alomomola
|-sethp|p2a: Alomomola|36/100|[from] move: Pain Split|[silent]
|-sethp|p1a: Rotom|64/100|[from] move: Pain Split
|move|p2a: Alomomola|Flip Turn|p1a: Rotom
|-resisted|p1a: Rotom
|-damage|p1a: Rotom|57/100
|
|t:|1781421444
|switch|p2a: Slowking|Slowking-Galar, M|100/100|[from] Flip Turn
|-damage|p2a: Slowking|88/100|[from] Spikes
|
|upkeep
|turn|7
|
|t:|1781421448
|move|p1a: Rotom|Pain Split|p2a: Slowking
|-sethp|p2a: Slowking|66/100|[from] move: Pain Split|[silent]
|-sethp|p1a: Rotom|85/100|[from] move: Pain Split
|move|p2a: Slowking|Sludge Bomb|p1a: Rotom
|-damage|p1a: Rotom|52/100
|
|upkeep
|turn|8
|
|t:|1781421451
|move|p1a: Rotom|Volt Switch|p2a: Slowking
|-damage|p2a: Slowking|44/100
|
|t:|1781421452
|switch|p1a: Iron Moth|Iron Moth|79/100|[from] Volt Switch
|move|p2a: Slowking|Future Sight|p1a: Iron Moth
|-start|p2a: Slowking|move: Future Sight
|
|upkeep
|turn|9
|
|t:|1781421459
|switch|p2a: Alomomola|Alomomola, F|70/100
|-damage|p2a: Alomomola|57/100|[from] Spikes
|move|p1a: Iron Moth|Overheat|p2a: Alomomola
|-resisted|p2a: Alomomola
|-damage|p2a: Alomomola|27/100
|-unboost|p1a: Iron Moth|spa|2
|
|upkeep
|turn|10
|
|t:|1781421469
|-end|p1a: Iron Moth|Quark Drive|[silent]
|switch|p1a: Samurott|Samurott-Hisui, M|90/100
|move|p2a: Alomomola|Body Slam|p1a: Samurott
|-damage|p1a: Samurott|70/100
|
|-end|p1a: Samurott|move: Future Sight
|-immune|p1a: Samurott
|upkeep
|turn|11
|
|t:|1781421475
|switch|p2a: Great Tusk|Great Tusk|100/100
|-damage|p2a: Great Tusk|88/100|[from] Spikes
|move|p1a: Samurott|Razor Shell|p2a: Great Tusk
|-supereffective|p2a: Great Tusk
|-damage|p2a: Great Tusk|2/100
|-unboost|p2a: Great Tusk|def|1
|
|-heal|p2a: Great Tusk|8/100|[from] item: Leftovers
|upkeep
|turn|12
|
|t:|1781421484
|-end|p2a: Great Tusk|Protosynthesis|[silent]
|switch|p2a: Alomomola|Alomomola, F|61/100
|-damage|p2a: Alomomola|48/100|[from] Spikes
|move|p1a: Samurott|Razor Shell|p2a: Alomomola
|-resisted|p2a: Alomomola
|-damage|p2a: Alomomola|19/100
|-unboost|p2a: Alomomola|def|1
|
|upkeep
|turn|13
|
|t:|1781421497
|move|p1a: Samurott|Razor Shell|p2a: Alomomola
|-resisted|p2a: Alomomola
|-damage|p2a: Alomomola|0 fnt
|faint|p2a: Alomomola
|
|upkeep
|
|t:|1781421499
|switch|p2a: Enamorus|Enamorus, F|100/100
|turn|14
|
|t:|1781421505
|switch|p1a: Rotom|Rotom-Wash|52/100
|move|p2a: Enamorus|Earth Power|p1a: Rotom
|-immune|p1a: Rotom|[from] ability: Levitate
|
|upkeep
|turn|15
|
|t:|1781421511
|switch|p2a: Great Tusk|Great Tusk|8/100
|-damage|p2a: Great Tusk|0 fnt|[from] Spikes
|faint|p2a: Great Tusk
|-end|p2a: Great Tusk|Protosynthesis|[silent]
|move|p1a: Rotom|Volt Switch|p2: Great Tusk|[notarget]
|-fail|p1a: Rotom
|
|upkeep
|
|t:|1781421518
|switch|p2a: Enamorus|Enamorus, F|100/100
|turn|16
|
|t:|1781421524
|move|p2a: Enamorus|Earth Power|p1a: Rotom
|-immune|p1a: Rotom|[from] ability: Levitate
|move|p1a: Rotom|Volt Switch|p2a: Enamorus
|-supereffective|p2a: Enamorus
|-damage|p2a: Enamorus|29/100
|c|☆thelarpinglarper|?
|
|t:|1781421532
|switch|p1a: Samurott|Samurott-Hisui, M|70/100|[from] Volt Switch
|
|upkeep
|turn|17
|c|☆smoldracovish|Moonblast did 60
|inactive|smoldracovish has 120 seconds left.
|c|☆smoldracovish|I thought u would've hard switched to preserve
|
|t:|1781421592
|move|p1a: Samurott|Sucker Punch|p2a: Enamorus
|-resisted|p2a: Enamorus
|-damage|p2a: Enamorus|0 fnt
|faint|p2a: Enamorus
|
|upkeep
|
|t:|1781421600
|switch|p2a: Lokix|Lokix, F|100/100
|-damage|p2a: Lokix|88/100|[from] Spikes
|turn|18
|
|t:|1781421605
|switch|p1a: Iron Valiant|Iron Valiant|100/100
|move|p2a: Lokix|Leech Life|p1a: Iron Valiant
|-resisted|p1a: Iron Valiant
|-damage|p1a: Iron Valiant|65/100
|-heal|p2a: Lokix|100/100|[from] drain|[of] p1a: Iron Valiant
|
|upkeep
|turn|19
|
|t:|1781421611
|switch|p2a: Slowking|Slowking-Galar, M|77/100
|-damage|p2a: Slowking|65/100|[from] Spikes
|move|p1a: Iron Valiant|Knock Off|p2a: Slowking
|-supereffective|p2a: Slowking
|-damage|p2a: Slowking|6/100
|-enditem|p2a: Slowking|Shuca Berry|[from] move: Knock Off|[of] p1a: Iron Valiant
|-damage|p1a: Iron Valiant|55/100|[from] item: Life Orb
|
|upkeep
|turn|20
|inactive|smoldracovish has 120 seconds left.
|
|t:|1781421618
|move|p1a: Iron Valiant|Close Combat|p2a: Slowking
|-resisted|p2a: Slowking
|-damage|p2a: Slowking|0 fnt
|-unboost|p1a: Iron Valiant|def|1
|-unboost|p1a: Iron Valiant|spd|1
|faint|p2a: Slowking
|-damage|p1a: Iron Valiant|45/100|[from] item: Life Orb
|
|upkeep
|
|t:|1781421619
|switch|p2a: Cinderace|Cinderace, F|100/100
|turn|21
|
|t:|1781421624
|-end|p1a: Iron Valiant|Quark Drive|[silent]
|switch|p1a: Iron Moth|Iron Moth|79/100
|move|p2a: Cinderace|Pyro Ball|p1a: Iron Moth
|-resisted|p1a: Iron Moth
|-damage|p1a: Iron Moth|37/100
|
|upkeep
|turn|22
|
|t:|1781421633
|-end|p1a: Iron Moth|Quark Drive|[silent]
|switch|p1a: Pecharunt|Pecharunt|100/100
|move|p2a: Cinderace|Pyro Ball|p1a: Pecharunt
|-damage|p1a: Pecharunt|77/100
|
|upkeep
|turn|23
|
|t:|1781421637
|move|p2a: Cinderace|Court Change|p2a: Cinderace
|-swapsideconditions
|-activate|p2a: Cinderace|move: Court Change
|move|p1a: Pecharunt|Toxic|p2a: Cinderace
|-status|p2a: Cinderace|tox
|-start|p2a: Cinderace|confusion|[from] ability: Poison Puppeteer|[of] p1a: Pecharunt
|
|-damage|p2a: Cinderace|94/100 tox|[from] psn
|upkeep
|turn|24
|
|t:|1781421640
|-activate|p2a: Cinderace|confusion
|-damage|p2a: Cinderace|82/100 tox|[from] confusion
|move|p1a: Pecharunt|Toxic|p2a: Cinderace
|-fail|p2a: Cinderace|tox
|
|-damage|p2a: Cinderace|70/100 tox|[from] psn
|upkeep
|turn|25
|
|t:|1781421642
|-end|p2a: Cinderace|confusion
|move|p2a: Cinderace|U-turn|p1a: Pecharunt
|-resisted|p1a: Pecharunt
|-damage|p1a: Pecharunt|74/100
|
|t:|1781421645
|switch|p2a: Lokix|Lokix, F|100/100|[from] U-turn
|move|p1a: Pecharunt|Toxic|p2a: Lokix
|-status|p2a: Lokix|tox
|-start|p2a: Lokix|confusion|[from] ability: Poison Puppeteer|[of] p1a: Pecharunt
|
|-damage|p2a: Lokix|94/100 tox|[from] psn
|upkeep
|turn|26
|
|t:|1781421649
|switch|p1a: Iron Treads|Iron Treads|100/100
|-activate|p2a: Lokix|confusion
|-damage|p2a: Lokix|77/100 tox|[from] confusion
|
|-damage|p2a: Lokix|64/100 tox|[from] psn
|upkeep
|turn|27
|
|t:|1781421657
|move|p1a: Iron Treads|Earthquake|p2a: Lokix
|-resisted|p2a: Lokix
|-crit|p2a: Lokix
|-damage|p2a: Lokix|25/100 tox
|-end|p2a: Lokix|confusion
|move|p2a: Lokix|Leech Life|p1a: Iron Treads
|-resisted|p1a: Iron Treads
|-damage|p1a: Iron Treads|54/100
|-heal|p2a: Lokix|56/100 tox|[from] drain|[of] p1a: Iron Treads
|
|-damage|p2a: Lokix|37/100 tox|[from] psn
|upkeep
|turn|28
|
|t:|1781421666
|move|p1a: Iron Treads|Earthquake|p2a: Lokix
|-resisted|p2a: Lokix
|-damage|p2a: Lokix|11/100 tox
|move|p2a: Lokix|Leech Life|p1a: Iron Treads
|-resisted|p1a: Iron Treads
|-crit|p1a: Iron Treads
|-damage|p1a: Iron Treads|0 fnt
|-heal|p2a: Lokix|46/100 tox|[from] drain|[of] p1a: Iron Treads
|faint|p1a: Iron Treads
|-end|p1a: Iron Treads|Quark Drive|[silent]
|
|-damage|p2a: Lokix|21/100 tox|[from] psn
|upkeep
|
|t:|1781421670
|switch|p1a: Iron Valiant|Iron Valiant|45/100
|-damage|p1a: Iron Valiant|33/100|[from] Spikes
|turn|29
|
|t:|1781421677
|move|p1a: Iron Valiant|Close Combat|p2a: Lokix
|-damage|p2a: Lokix|0 fnt
|-unboost|p1a: Iron Valiant|def|1
|-unboost|p1a: Iron Valiant|spd|1
|faint|p2a: Lokix
|-damage|p1a: Iron Valiant|23/100|[from] item: Life Orb
|
|upkeep
|
|t:|1781421678
|switch|p2a: Cinderace|Cinderace, F|70/100 tox
|turn|30
|
|t:|1781421680
|move|p2a: Cinderace|Pyro Ball|p1a: Iron Valiant
|-damage|p1a: Iron Valiant|0 fnt
|faint|p1a: Iron Valiant
|-end|p1a: Iron Valiant|Quark Drive|[silent]
|
|-damage|p2a: Cinderace|64/100 tox|[from] psn
|upkeep
|
|t:|1781421682
|switch|p1a: Pecharunt|Pecharunt|74/100
|turn|31
|
|t:|1781421685
|move|p2a: Cinderace|Pyro Ball|p1a: Pecharunt|[miss]
|-miss|p2a: Cinderace|p1a: Pecharunt
|move|p1a: Pecharunt|Recover|p1a: Pecharunt
|-heal|p1a: Pecharunt|100/100
|
|-damage|p2a: Cinderace|52/100 tox|[from] psn
|upkeep
|turn|32
|
|t:|1781421687
|move|p2a: Cinderace|Pyro Ball|p1a: Pecharunt
|-damage|p1a: Pecharunt|80/100
|move|p1a: Pecharunt|Foul Play|p2a: Cinderace
|-damage|p2a: Cinderace|22/100 tox
|
|-damage|p2a: Cinderace|4/100 tox|[from] psn
|upkeep
|turn|33
|
|t:|1781421688
|move|p2a: Cinderace|Pyro Ball|p1a: Pecharunt
|-damage|p1a: Pecharunt|46/100
|move|p1a: Pecharunt|Recover|p1a: Pecharunt
|-heal|p1a: Pecharunt|96/100
|
|-damage|p2a: Cinderace|0 fnt|[from] psn
|faint|p2a: Cinderace
|
|win|thelarpinglarper
|raw|thelarpinglarper's rating: 1679 &rarr; <strong>1696</strong><br />(+17 for winning)
|raw|smoldracovish's rating: 1624 &rarr; <strong>1607</strong><br />(-17 for losing)
|l|☆smoldracovish
|player|p2|
|l|☆thelarpinglarper
|player|p1|
