|badge|p1|bronze|gen9ou|100-9
|uhtml|medal-msg|<div class="broadcast-blue">Curious what those medals under the avatar are? PS now has Ladder Seasons! For more information, check out the <a href="https://www.smogon.com/forums/threads/3740067/">thread on Smogon.</a></div>
|j|☆Auburn Hills
|j|☆healorant
|t:|1780929567
|gametype|singles
|player|p1|Auburn Hills|alder|1849
|player|p2|healorant|alder|1775
|gen|9
|tier|[Gen 9] OU
|rated|
|rule|HP Percentage Mod: HP is shown in percentages
|rule|Endless Battle Clause: Forcing endless battles is banned
|rule|Species Clause: Limit one of each Pokémon
|rule|OHKO Clause: OHKO moves are banned
|rule|Evasion Items Clause: Evasion items are banned
|rule|Evasion Moves Clause: Evasion moves are banned
|rule|Evasion Abilities Clause: Evasion abilities are banned
|rule|Sleep Moves Clause: Sleep-inducing moves are banned
|clearpoke
|poke|p1|Iron Moth|
|poke|p1|Umbreon, F|
|poke|p1|Garchomp, M|
|poke|p1|Glimmora, F|
|poke|p1|Gholdengo|
|poke|p1|Dragonite, M|
|poke|p2|Rillaboom, M|
|poke|p2|Landorus-Therian, M|
|poke|p2|Kingambit, M|
|poke|p2|Garganacl, F|
|poke|p2|Skeledirge, F|
|poke|p2|Dragapult, M|
|teampreview
|j| michealjackkson
|inactive|Battle timer is ON: inactive players will automatically lose when time's up. (requested by healorant)
|
|t:|1780929587
|teamsize|p1|6
|teamsize|p2|6
|start
|switch|p1a: Glimmora|Glimmora, F|100/100
|switch|p2a: Landorus|Landorus-Therian, M|100/100
|-ability|p2a: Landorus|Intimidate|boost
|-unboost|p1a: Glimmora|atk|1
|turn|1
|
|t:|1780929598
|move|p2a: Landorus|Earth Power|p1a: Glimmora
|-supereffective|p1a: Glimmora
|-enditem|p1a: Glimmora|Focus Sash
|-damage|p1a: Glimmora|1/100
|move|p1a: Glimmora|Stealth Rock|p2a: Landorus
|-sidestart|p2: healorant|move: Stealth Rock
|
|upkeep
|turn|2
|
|t:|1780929601
|move|p2a: Landorus|Stealth Rock|p1a: Glimmora
|-sidestart|p1: Auburn Hills|move: Stealth Rock
|move|p1a: Glimmora|Mortal Spin|p2a: Landorus
|-resisted|p2a: Landorus
|-damage|p2a: Landorus|99/100
|-status|p2a: Landorus|psn
|-damage|p1a: Glimmora|0 fnt|[from] item: Rocky Helmet|[of] p2a: Landorus
|faint|p1a: Glimmora
|
|-damage|p2a: Landorus|86/100 psn|[from] psn
|upkeep
|
|t:|1780929603
|switch|p1a: Elucid|Dragonite, M|100/100
|turn|3
|
|t:|1780929606
|move|p2a: Landorus|Taunt|p1a: Elucid
|-start|p1a: Elucid|move: Taunt
|move|p1a: Elucid|Ice Spinner|p2a: Landorus
|-supereffective|p2a: Landorus
|-damage|p2a: Landorus|0 fnt
|-damage|p1a: Elucid|84/100|[from] item: Rocky Helmet|[of] p2a: Landorus
|faint|p2a: Landorus
|
|upkeep
|
|t:|1780929618
|switch|p2a: Garganacl|Garganacl, F|100/100
|-damage|p2a: Garganacl|88/100|[from] Stealth Rock
|turn|4
|
|t:|1780929622
|-terastallize|p2a: Garganacl|Fairy
|move|p1a: Elucid|Earthquake|p2a: Garganacl
|-damage|p2a: Garganacl|64/100
|move|p2a: Garganacl|Curse|p2a: Garganacl
|-unboost|p2a: Garganacl|spe|1
|-boost|p2a: Garganacl|atk|1
|-boost|p2a: Garganacl|def|1
|
|-heal|p2a: Garganacl|70/100|[from] item: Leftovers
|upkeep
|turn|5
|
|t:|1780929626
|switch|p1a: Alvvays|Umbreon, F|100/100
|-damage|p1a: Alvvays|88/100|[from] Stealth Rock
|move|p2a: Garganacl|Salt Cure|p1a: Alvvays
|-damage|p1a: Alvvays|71/100
|-start|p1a: Alvvays|Salt Cure
|
|-heal|p1a: Alvvays|77/100|[from] item: Leftovers
|-heal|p2a: Garganacl|76/100|[from] item: Leftovers
|-damage|p1a: Alvvays|65/100|[from] Salt Cure
|upkeep
|turn|6
|
|t:|1780929631
|switch|p1a: Smino|Gholdengo|100/100
|-damage|p1a: Smino|94/100|[from] Stealth Rock
|move|p2a: Garganacl|Salt Cure|p1a: Smino
|-resisted|p1a: Smino
|-damage|p1a: Smino|85/100
|-start|p1a: Smino|Salt Cure
|
|-heal|p2a: Garganacl|82/100|[from] item: Leftovers
|-damage|p1a: Smino|60/100|[from] Salt Cure
|upkeep
|turn|7
|
|t:|1780929640
|switch|p2a: Kingambit|Kingambit, M|100/100
|-damage|p2a: Kingambit|94/100|[from] Stealth Rock
|-activate|p2a: Kingambit|ability: Supreme Overlord
|-start|p2a: Kingambit|fallen1|[silent]
|move|p1a: Smino|Trick|p2a: Kingambit
|-activate|p1a: Smino|move: Trick|[of] p2a: Kingambit
|-item|p2a: Kingambit|Choice Scarf|[from] move: Trick
|-item|p1a: Smino|Leftovers|[from] move: Trick
|
|-heal|p1a: Smino|66/100|[from] item: Leftovers
|-damage|p1a: Smino|41/100|[from] Salt Cure
|upkeep
|turn|8
|
|t:|1780929645
|-end|p2a: Kingambit|fallen1|[silent]
|switch|p2a: Garganacl|Garganacl, F, tera:Fairy|82/100
|-damage|p2a: Garganacl|70/100|[from] Stealth Rock
|switch|p1a: Alvvays|Umbreon, F|65/100
|-damage|p1a: Alvvays|52/100|[from] Stealth Rock
|
|-heal|p1a: Alvvays|59/100|[from] item: Leftovers
|-heal|p2a: Garganacl|76/100|[from] item: Leftovers
|upkeep
|turn|9
|
|t:|1780929648
|move|p1a: Alvvays|Wish|p1a: Alvvays
|move|p2a: Garganacl|Salt Cure|p1a: Alvvays
|-damage|p1a: Alvvays|48/100
|-start|p1a: Alvvays|Salt Cure
|
|-heal|p1a: Alvvays|54/100|[from] item: Leftovers
|-heal|p2a: Garganacl|82/100|[from] item: Leftovers
|-damage|p1a: Alvvays|41/100|[from] Salt Cure
|upkeep
|turn|10
|
|t:|1780929651
|switch|p1a: Smino|Gholdengo|41/100
|-damage|p1a: Smino|35/100|[from] Stealth Rock
|move|p2a: Garganacl|Salt Cure|p1a: Smino
|-resisted|p1a: Smino
|-damage|p1a: Smino|27/100
|-start|p1a: Smino|Salt Cure
|
|-heal|p1a: Smino|90/100|[from] move: Wish|[wisher] Alvvays
|-heal|p1a: Smino|96/100|[from] item: Leftovers
|-heal|p2a: Garganacl|89/100|[from] item: Leftovers
|-damage|p1a: Smino|71/100|[from] Salt Cure
|upkeep
|turn|11
|
|t:|1780929656
|switch|p1a: Alvvays|Umbreon, F|41/100
|-damage|p1a: Alvvays|29/100|[from] Stealth Rock
|switch|p2a: Kingambit|Kingambit, M|94/100
|-damage|p2a: Kingambit|88/100|[from] Stealth Rock
|-activate|p2a: Kingambit|ability: Supreme Overlord
|-start|p2a: Kingambit|fallen1|[silent]
|
|-heal|p1a: Alvvays|35/100|[from] item: Leftovers
|upkeep
|turn|12
|
|t:|1780929659
|move|p1a: Alvvays|Protect|p1a: Alvvays
|-singleturn|p1a: Alvvays|Protect
|move|p2a: Kingambit|Iron Head|p1a: Alvvays
|-activate|p1a: Alvvays|move: Protect
|
|-heal|p1a: Alvvays|41/100|[from] item: Leftovers
|upkeep
|turn|13
|
|t:|1780929675
|move|p1a: Alvvays|Protect||[still]
|-fail|p1a: Alvvays
|move|p2a: Kingambit|Iron Head|p1a: Alvvays
|-damage|p1a: Alvvays|0 fnt
|faint|p1a: Alvvays
|
|upkeep
|
|t:|1780929677
|switch|p1a: Rat Tally|Garchomp, M|100/100
|-damage|p1a: Rat Tally|94/100|[from] Stealth Rock
|turn|14
|
|t:|1780929682
|-end|p2a: Kingambit|fallen1|[silent]
|switch|p2a: Rillaboom|Rillaboom, M|100/100
|-damage|p2a: Rillaboom|88/100|[from] Stealth Rock
|-fieldstart|move: Grassy Terrain|[from] ability: Grassy Surge|[of] p2a: Rillaboom
|move|p1a: Rat Tally|Swords Dance|p1a: Rat Tally
|-boost|p1a: Rat Tally|atk|2
|
|-heal|p1a: Rat Tally|100/100|[from] Grassy Terrain
|-heal|p2a: Rillaboom|94/100|[from] Grassy Terrain
|upkeep
|turn|15
|
|t:|1780929689
|move|p1a: Rat Tally|Scale Shot|p2a: Rillaboom
|-damage|p2a: Rillaboom|70/100
|-damage|p2a: Rillaboom|43/100
|-damage|p2a: Rillaboom|18/100
|-damage|p2a: Rillaboom|0 fnt
|faint|p2a: Rillaboom
|-hitcount|p2: Rillaboom|4
|-unboost|p1a: Rat Tally|def|1
|-boost|p1a: Rat Tally|spe|1
|
|upkeep
|
|t:|1780929692
|switch|p2a: Garganacl|Garganacl, F, tera:Fairy|89/100
|-damage|p2a: Garganacl|76/100|[from] Stealth Rock
|turn|16
|
|t:|1780929698
|-terastallize|p1a: Rat Tally|Poison
|move|p1a: Rat Tally|Poison Jab|p2a: Garganacl
|-supereffective|p2a: Garganacl
|-damage|p2a: Garganacl|0 fnt
|faint|p2a: Garganacl
|
|upkeep
|
|t:|1780929701
|switch|p2a: Skeledirge|Skeledirge, F|100/100
|turn|17
|
|t:|1780929705
|switch|p1a: Smino|Gholdengo|71/100
|-damage|p1a: Smino|65/100|[from] Stealth Rock
|move|p2a: Skeledirge|Will-O-Wisp|p1a: Smino
|-immune|p1a: Smino|[from] ability: Good as Gold
|
|-heal|p1a: Smino|71/100|[from] Grassy Terrain
|-heal|p1a: Smino|77/100|[from] item: Leftovers
|upkeep
|turn|18
|
|t:|1780929707
|move|p1a: Smino|Shadow Ball|p2a: Skeledirge
|-supereffective|p2a: Skeledirge
|-damage|p2a: Skeledirge|42/100
|move|p2a: Skeledirge|Torch Song|p1a: Smino
|-supereffective|p1a: Smino
|-crit|p1a: Smino
|-damage|p1a: Smino|0 fnt
|-boost|p2a: Skeledirge|spa|1
|faint|p1a: Smino
|
|-heal|p2a: Skeledirge|48/100|[from] Grassy Terrain
|-fieldend|move: Grassy Terrain
|upkeep
|
|t:|1780929711
|switch|p1a: Rat Tally|Garchomp, M, tera:Poison|100/100
|-damage|p1a: Rat Tally|88/100|[from] Stealth Rock
|turn|19
|
|t:|1780929720
|switch|p2a: Dragapult|Dragapult, M|100/100
|-damage|p2a: Dragapult|88/100|[from] Stealth Rock
|move|p1a: Rat Tally|Earthquake|p2a: Dragapult
|-damage|p2a: Dragapult|23/100
|
|upkeep
|turn|20
|
|t:|1780929723
|switch|p1a: Elucid|Dragonite, M|84/100
|move|p2a: Dragapult|Draco Meteor|p1a: Elucid
|-supereffective|p1a: Elucid
|-damage|p1a: Elucid|0 fnt
|-unboost|p2a: Dragapult|spa|2
|faint|p1a: Elucid
|
|upkeep
|
|t:|1780929726
|switch|p1a: Carly Rae|Iron Moth|100/100
|-damage|p1a: Carly Rae|76/100|[from] Stealth Rock
|-enditem|p1a: Carly Rae|Booster Energy
|-activate|p1a: Carly Rae|ability: Quark Drive|[fromitem]
|-start|p1a: Carly Rae|quarkdrivespe
|turn|21
|
|t:|1780929732
|move|p1a: Carly Rae|Fiery Dance|p2a: Dragapult
|-resisted|p2a: Dragapult
|-damage|p2a: Dragapult|0 fnt
|-boost|p1a: Carly Rae|spa|1
|faint|p2a: Dragapult
|
|upkeep
|
|t:|1780929734
|switch|p2a: Skeledirge|Skeledirge, F|48/100
|turn|22
|
|t:|1780929739
|move|p1a: Carly Rae|Discharge|p2a: Skeledirge
|-damage|p2a: Skeledirge|29/100
|move|p2a: Skeledirge|Slack Off|p2a: Skeledirge
|-heal|p2a: Skeledirge|79/100
|
|upkeep
|turn|23
|
|t:|1780929743
|move|p1a: Carly Rae|Discharge|p2a: Skeledirge
|-damage|p2a: Skeledirge|60/100
|-status|p2a: Skeledirge|par
|cant|p2a: Skeledirge|par
|
|upkeep
|turn|24
|
|t:|1780929747
|move|p1a: Carly Rae|Discharge|p2a: Skeledirge
|-damage|p2a: Skeledirge|39/100 par
|move|p2a: Skeledirge|Slack Off|p2a: Skeledirge
|-heal|p2a: Skeledirge|89/100 par
|
|upkeep
|turn|25
|
|t:|1780929753
|-end|p1a: Carly Rae|Quark Drive|[silent]
|switch|p1a: Rat Tally|Garchomp, M, tera:Poison|88/100
|-damage|p1a: Rat Tally|76/100|[from] Stealth Rock
|move|p2a: Skeledirge|Torch Song|p1a: Rat Tally
|-damage|p1a: Rat Tally|38/100
|-boost|p2a: Skeledirge|spa|1
|
|upkeep
|turn|26
|
|t:|1780929758
|move|p1a: Rat Tally|Earthquake|p2a: Skeledirge
|-supereffective|p2a: Skeledirge
|-damage|p2a: Skeledirge|4/100 par
|move|p2a: Skeledirge|Torch Song|p1a: Rat Tally
|-crit|p1a: Rat Tally
|-damage|p1a: Rat Tally|0 fnt
|-boost|p2a: Skeledirge|spa|1
|faint|p1a: Rat Tally
|
|upkeep
|
|t:|1780929761
|switch|p1a: Carly Rae|Iron Moth|76/100
|-damage|p1a: Carly Rae|51/100|[from] Stealth Rock
|turn|27
|
|t:|1780929763
|move|p1a: Carly Rae|Fiery Dance|p2a: Skeledirge
|-resisted|p2a: Skeledirge
|-damage|p2a: Skeledirge|0 fnt
|-boost|p1a: Carly Rae|spa|1
|faint|p2a: Skeledirge
|
|upkeep
|
|t:|1780929765
|switch|p2a: Kingambit|Kingambit, M|88/100
|-damage|p2a: Kingambit|82/100|[from] Stealth Rock
|-activate|p2a: Kingambit|ability: Supreme Overlord
|-start|p2a: Kingambit|fallen5|[silent]
|turn|28
|
|t:|1780929767
|move|p1a: Carly Rae|Morning Sun|p1a: Carly Rae
|-heal|p1a: Carly Rae|100/100
|move|p2a: Kingambit|Kowtow Cleave|p1a: Carly Rae
|-damage|p1a: Carly Rae|2/100
|
|upkeep
|turn|29
|
|t:|1780929770
|move|p1a: Carly Rae|Fiery Dance|p2a: Kingambit
|-supereffective|p2a: Kingambit
|-damage|p2a: Kingambit|0 fnt
|faint|p2a: Kingambit
|-end|p2a: Kingambit|fallen5|[silent]
|
|win|Auburn Hills
|raw|Auburn Hills's rating: 1849 &rarr; <strong>1865</strong><br />(+16 for winning)
|raw|healorant's rating: 1775 &rarr; <strong>1759</strong><br />(-16 for losing)
|l|☆healorant
|player|p2|
|l| michealjackkson
