|j|☆kingofdondons
|j|☆KurisuChestnutOU
|t:|1781168510
|gametype|singles
|player|p1|kingofdondons|skyla|1646
|player|p2|KurisuChestnutOU|may-contest|1627
|gen|9
|tier|[Gen 9] OU
|rated|
|rule|HP Percentage Mod: HP is shown in percentages
|rule|Endless Battle Clause: Forcing endless battles is banned
|rule|Species Clause: Limit one of each Pokémon
|rule|OHKO Clause: OHKO moves are banned
|rule|Evasion Items Clause: Evasion items are banned
|rule|Evasion Moves Clause: Evasion moves are banned
|rule|Evasion Abilities Clause: Evasion abilities are banned
|rule|Sleep Moves Clause: Sleep-inducing moves are banned
|clearpoke
|poke|p1|Dragonite, M|
|poke|p1|Ting-Lu|
|poke|p1|Iron Moth|
|poke|p1|Iron Valiant|
|poke|p1|Kyurem|
|poke|p1|Gholdengo|
|poke|p2|Gliscor, M|
|poke|p2|Dondozo, F|
|poke|p2|Slowking-Galar, F|
|poke|p2|Gholdengo|
|poke|p2|Great Tusk|
|poke|p2|Kingambit, M|
|teampreview
|inactive|Battle timer is ON: inactive players will automatically lose when time's up. (requested by kingofdondons)
|
|t:|1781168517
|teamsize|p1|6
|teamsize|p2|6
|start
|switch|p1a: Ting-Lu|Ting-Lu|100/100
|switch|p2a: Gholdengo|Gholdengo|100/100
|-item|p2a: Gholdengo|Air Balloon
|-ability|p1a: Ting-Lu|Vessel of Ruin
|turn|1
|inactive|KurisuChestnutOU also wants the timer to be on.
|
|t:|1781168522
|move|p2a: Gholdengo|Nasty Plot|p2a: Gholdengo
|-boost|p2a: Gholdengo|spa|2
|move|p1a: Ting-Lu|Ruination|p2a: Gholdengo
|-damage|p2a: Gholdengo|51/100
|-enditem|p2a: Gholdengo|Air Balloon
|
|upkeep
|turn|2
|
|t:|1781168527
|move|p2a: Gholdengo|Make It Rain|p1a: Ting-Lu
|-damage|p1a: Ting-Lu|19/100
|-unboost|p2a: Gholdengo|spa|1
|move|p1a: Ting-Lu|Earthquake|p2a: Gholdengo
|-supereffective|p2a: Gholdengo
|-damage|p2a: Gholdengo|0 fnt
|faint|p2a: Gholdengo
|
|upkeep
|
|t:|1781168531
|switch|p2a: Gliscor|Gliscor, M|100/100
|turn|3
|
|t:|1781168536
|move|p2a: Gliscor|Spikes|p1a: Ting-Lu
|-sidestart|p1: kingofdondons|Spikes
|move|p1a: Ting-Lu|Stealth Rock|p2a: Gliscor
|-sidestart|p2: KurisuChestnutOU|move: Stealth Rock
|
|-status|p2a: Gliscor|tox|[from] item: Toxic Orb
|upkeep
|turn|4
|
|t:|1781168540
|switch|p1a: Kyurem|Kyurem|100/100
|-damage|p1a: Kyurem|88/100|[from] Spikes
|-ability|p1a: Kyurem|Pressure
|move|p2a: Gliscor|Spikes|p1a: Kyurem
|-sidestart|p1: kingofdondons|Spikes
|
|upkeep
|turn|5
|
|t:|1781168543
|move|p2a: Gliscor|Protect|p2a: Gliscor
|-singleturn|p2a: Gliscor|Protect
|move|p1a: Kyurem|Dragon Dance|p1a: Kyurem
|-boost|p1a: Kyurem|atk|1
|-boost|p1a: Kyurem|spe|1
|
|upkeep
|turn|6
|
|t:|1781168549
|switch|p2a: Kingambit|Kingambit, M|100/100
|-damage|p2a: Kingambit|94/100|[from] Stealth Rock
|-activate|p2a: Kingambit|ability: Supreme Overlord
|-start|p2a: Kingambit|fallen1|[silent]
|move|p1a: Kyurem|Icicle Spear|p2a: Kingambit
|-resisted|p2a: Kingambit
|-damage|p2a: Kingambit|86/100
|-resisted|p2a: Kingambit
|-damage|p2a: Kingambit|77/100
|-resisted|p2a: Kingambit
|-damage|p2a: Kingambit|67/100
|-resisted|p2a: Kingambit
|-damage|p2a: Kingambit|59/100
|-resisted|p2a: Kingambit
|-damage|p2a: Kingambit|49/100
|-hitcount|p2a: Kingambit|5
|
|-heal|p2a: Kingambit|55/100|[from] item: Leftovers
|upkeep
|turn|7
|
|t:|1781168554
|move|p1a: Kyurem|Body Press|p2a: Kingambit
|-supereffective|p2a: Kingambit
|-damage|p2a: Kingambit|0 fnt
|faint|p2a: Kingambit
|-end|p2a: Kingambit|fallen1|[silent]
|
|upkeep
|
|t:|1781168557
|switch|p2a: Great Tusk|Great Tusk|100/100
|turn|8
|
|t:|1781168569
|-terastallize|p2a: Great Tusk|Ice
|move|p1a: Kyurem|Icicle Spear|p2a: Great Tusk
|-resisted|p2a: Great Tusk
|-damage|p2a: Great Tusk|92/100
|-resisted|p2a: Great Tusk
|-damage|p2a: Great Tusk|85/100
|-resisted|p2a: Great Tusk
|-damage|p2a: Great Tusk|77/100
|-resisted|p2a: Great Tusk
|-damage|p2a: Great Tusk|70/100
|-resisted|p2a: Great Tusk
|-damage|p2a: Great Tusk|62/100
|-hitcount|p2a: Great Tusk|5
|move|p2a: Great Tusk|Rapid Spin|p1a: Kyurem
|-damage|p1a: Kyurem|72/100
|-boost|p2a: Great Tusk|spe|1
|-sideend|p2: KurisuChestnutOU|Stealth Rock|[from] move: Rapid Spin|[of] p2a: Great Tusk
|
|upkeep
|turn|9
|
|t:|1781168572
|move|p2a: Great Tusk|Ice Spinner|p1a: Kyurem
|-damage|p1a: Kyurem|31/100
|move|p1a: Kyurem|Scale Shot|p2a: Great Tusk
|-damage|p2a: Great Tusk|45/100
|-damage|p2a: Great Tusk|29/100
|-damage|p2a: Great Tusk|12/100
|-damage|p2a: Great Tusk|0 fnt
|faint|p2a: Great Tusk
|-end|p2a: Great Tusk|Protosynthesis|[silent]
|-hitcount|p2: Great Tusk|4
|-unboost|p1a: Kyurem|def|1
|-boost|p1a: Kyurem|spe|1
|
|upkeep
|
|t:|1781168576
|switch|p2a: Dondozo|Dondozo, F|100/100
|turn|10
|
|t:|1781168582
|switch|p1a: Ting-Lu|Ting-Lu|19/100
|-damage|p1a: Ting-Lu|3/100|[from] Spikes
|-ability|p1a: Ting-Lu|Vessel of Ruin
|move|p2a: Dondozo|Wave Crash|p1a: Ting-Lu
|-supereffective|p1a: Ting-Lu
|-damage|p1a: Ting-Lu|0 fnt
|-damage|p2a: Dondozo|84/100|[from] item: Rocky Helmet|[of] p1a: Ting-Lu
|faint|p1a: Ting-Lu
|-damage|p2a: Dondozo|83/100|[from] Recoil
|
|-heal|p2a: Dondozo|89/100|[from] item: Leftovers
|upkeep
|
|t:|1781168609
|switch|p1a: Gholdengo|Gholdengo|100/100
|-damage|p1a: Gholdengo|84/100|[from] Spikes
|turn|11
|
|t:|1781168618
|move|p1a: Gholdengo|Shadow Ball|p2a: Dondozo
|-damage|p2a: Dondozo|51/100
|-unboost|p2a: Dondozo|spd|1
|move|p2a: Dondozo|Wave Crash|p1a: Gholdengo
|-damage|p1a: Gholdengo|39/100
|-damage|p2a: Dondozo|42/100|[from] Recoil
|
|-heal|p2a: Dondozo|48/100|[from] item: Leftovers
|upkeep
|turn|12
|
|t:|1781168623
|switch|p2a: Slowking|Slowking-Galar, F|100/100
|move|p1a: Gholdengo|Shadow Ball|p2a: Slowking
|-supereffective|p2a: Slowking
|-damage|p2a: Slowking|67/100
|
|upkeep
|turn|13
|
|t:|1781168630
|move|p1a: Gholdengo|Shadow Ball|p2a: Slowking
|-supereffective|p2a: Slowking
|-damage|p2a: Slowking|32/100
|move|p2a: Slowking|Flamethrower|p1a: Gholdengo
|-supereffective|p1a: Gholdengo
|-damage|p1a: Gholdengo|0 fnt
|faint|p1a: Gholdengo
|
|upkeep
|
|t:|1781168646
|switch|p1a: Iron Valiant|Iron Valiant|100/100
|-damage|p1a: Iron Valiant|84/100|[from] Spikes
|-enditem|p1a: Iron Valiant|Booster Energy
|-activate|p1a: Iron Valiant|ability: Quark Drive|[fromitem]
|-start|p1a: Iron Valiant|quarkdrivespe
|turn|14
|
|t:|1781168653
|move|p1a: Iron Valiant|Knock Off|p2a: Slowking
|-supereffective|p2a: Slowking
|-damage|p2a: Slowking|0 fnt
|-enditem|p2a: Slowking|Assault Vest|[from] move: Knock Off|[of] p1a: Iron Valiant
|faint|p2a: Slowking
|
|upkeep
|
|t:|1781168657
|switch|p2a: Dondozo|Dondozo, F|48/100
|turn|15
|
|t:|1781168665
|move|p1a: Iron Valiant|Knock Off|p2a: Dondozo
|-damage|p2a: Dondozo|33/100
|-enditem|p2a: Dondozo|Leftovers|[from] move: Knock Off|[of] p1a: Iron Valiant
|move|p2a: Dondozo|Wave Crash|p1a: Iron Valiant
|-damage|p1a: Iron Valiant|29/100
|-damage|p2a: Dondozo|23/100|[from] Recoil
|
|upkeep
|turn|16
|
|t:|1781168670
|switch|p2a: Gliscor|Gliscor, M|100/100 tox
|move|p1a: Iron Valiant|Close Combat|p2a: Gliscor
|-resisted|p2a: Gliscor
|-damage|p2a: Gliscor|82/100 tox
|-unboost|p1a: Iron Valiant|def|1
|-unboost|p1a: Iron Valiant|spd|1
|
|-heal|p2a: Gliscor|95/100 tox|[from] ability: Poison Heal
|upkeep
|turn|17
|
|t:|1781168679
|move|p2a: Gliscor|Protect|p2a: Gliscor
|-singleturn|p2a: Gliscor|Protect
|move|p1a: Iron Valiant|Knock Off|p2a: Gliscor
|-activate|p2a: Gliscor|move: Protect
|
|-heal|p2a: Gliscor|100/100 tox|[from] ability: Poison Heal
|upkeep
|turn|18
|
|t:|1781168683
|move|p2a: Gliscor|Protect||[still]
|-fail|p2a: Gliscor
|move|p1a: Iron Valiant|Encore|p2a: Gliscor
|-start|p2a: Gliscor|Encore
|
|upkeep
|turn|19
|
|t:|1781168688
|move|p2a: Gliscor|Protect|p2a: Gliscor
|-singleturn|p2a: Gliscor|Protect
|move|p1a: Iron Valiant|Swords Dance|p1a: Iron Valiant
|-boost|p1a: Iron Valiant|atk|2
|
|upkeep
|turn|20
|
|t:|1781168691
|move|p2a: Gliscor|Protect|p2a: Gliscor
|-singleturn|p2a: Gliscor|Protect
|move|p1a: Iron Valiant|Swords Dance|p1a: Iron Valiant
|-boost|p1a: Iron Valiant|atk|2
|
|upkeep
|turn|21
|
|t:|1781168697
|switch|p2a: Dondozo|Dondozo, F|23/100
|move|p1a: Iron Valiant|Swords Dance|p1a: Iron Valiant
|-boost|p1a: Iron Valiant|atk|2
|
|upkeep
|turn|22
|
|t:|1781168700
|move|p1a: Iron Valiant|Close Combat|p2a: Dondozo
|-damage|p2a: Dondozo|0 fnt
|-unboost|p1a: Iron Valiant|def|1
|-unboost|p1a: Iron Valiant|spd|1
|faint|p2a: Dondozo
|
|upkeep
|
|t:|1781168704
|switch|p2a: Gliscor|Gliscor, M|100/100 tox
|turn|23
|
|t:|1781168709
|-terastallize|p1a: Iron Valiant|Dark
|move|p2a: Gliscor|Protect|p2a: Gliscor
|-singleturn|p2a: Gliscor|Protect
|move|p1a: Iron Valiant|Knock Off|p2a: Gliscor
|-activate|p2a: Gliscor|move: Protect
|
|upkeep
|turn|24
|
|t:|1781168712
|move|p2a: Gliscor|Protect|p2a: Gliscor
|-singleturn|p2a: Gliscor|Protect
|move|p1a: Iron Valiant|Knock Off|p2a: Gliscor
|-activate|p2a: Gliscor|move: Protect
|
|upkeep
|turn|25
|
|t:|1781168717
|move|p2a: Gliscor|Protect||[still]
|-fail|p2a: Gliscor
|move|p1a: Iron Valiant|Knock Off|p2a: Gliscor
|-damage|p2a: Gliscor|0 fnt
|-enditem|p2a: Gliscor|Toxic Orb|[from] move: Knock Off|[of] p1a: Iron Valiant
|faint|p2a: Gliscor
|
|win|kingofdondons
|raw|kingofdondons's rating: 1646 &rarr; <strong>1664</strong><br />(+18 for winning)
|raw|KurisuChestnutOU's rating: 1608 &rarr; <strong>1590</strong><br />(-18 for losing)
|l|☆KurisuChestnutOU
|player|p2|
