|j|‽1400s the fifth
|j|☆cenotaphs
|t:|1780920176
|gametype|singles
|player|p1|1400s the fifth|265|1497
|player|p2|cenotaphs|lady|1540
|gen|9
|tier|[Gen 9] OU
|rated|
|rule|HP Percentage Mod: HP is shown in percentages
|rule|Endless Battle Clause: Forcing endless battles is banned
|rule|Species Clause: Limit one of each Pokémon
|rule|OHKO Clause: OHKO moves are banned
|rule|Evasion Items Clause: Evasion items are banned
|rule|Evasion Moves Clause: Evasion moves are banned
|rule|Evasion Abilities Clause: Evasion abilities are banned
|rule|Sleep Moves Clause: Sleep-inducing moves are banned
|clearpoke
|poke|p1|Landorus-Therian, M|
|poke|p1|Great Tusk|
|poke|p1|Dragonite, F|
|poke|p1|Iron Moth|
|poke|p1|Ogerpon-Wellspring, F|
|poke|p1|Dragapult, F|
|poke|p2|Manaphy|
|poke|p2|Pelipper, F|
|poke|p2|Dragapult, M|
|poke|p2|Weezing-Galar, F|
|poke|p2|Kingambit, F|
|poke|p2|Raging Bolt|
|teampreview
|inactive|Battle timer is ON: inactive players will automatically lose when time's up. (requested by cenotaphs)
|
|t:|1780920205
|teamsize|p1|6
|teamsize|p2|6
|start
|switch|p1a: Landorus|Landorus-Therian, M|100/100
|switch|p2a: ≽^• ˕ • ྀི≼报酬|Weezing-Galar, F, shiny|100/100
|-ability|p2a: ≽^• ˕ • ྀི≼报酬|Neutralizing Gas
|turn|1
|
|t:|1780920209
|move|p1a: Landorus|Earthquake|p2a: ≽^• ˕ • ྀི≼报酬
|-supereffective|p2a: ≽^• ˕ • ྀི≼报酬
|-damage|p2a: ≽^• ˕ • ྀི≼报酬|19/100
|move|p2a: ≽^• ˕ • ྀི≼报酬|Will-O-Wisp|p1a: Landorus
|-status|p1a: Landorus|brn
|
|-damage|p1a: Landorus|94/100 brn|[from] brn
|upkeep
|turn|2
|
|t:|1780920222
|switch|p1a: Ogerpon|Ogerpon-Wellspring, F|100/100
|-end|p2a: ≽^• ˕ • ྀི≼报酬|ability: Neutralizing Gas
|switch|p2a: 种族的݁ ˖Ი𐑼⋆|Pelipper, F, shiny|100/100
|-weather|RainDance|[from] ability: Drizzle|[of] p2a: 种族的݁ ˖Ი𐑼⋆
|
|-weather|RainDance|[upkeep]
|upkeep
|turn|3
|
|t:|1780920230
|move|p1a: Ogerpon|Swords Dance|p1a: Ogerpon
|-boost|p1a: Ogerpon|atk|2
|move|p2a: 种族的݁ ˖Ი𐑼⋆|Hurricane|p1a: Ogerpon
|-supereffective|p1a: Ogerpon
|-damage|p1a: Ogerpon|0 fnt
|faint|p1a: Ogerpon
|
|-weather|RainDance|[upkeep]
|upkeep
|inactive|1400s the fifth has 120 seconds left.
|inactive|1400s the fifth has 90 seconds left.
|
|t:|1780920298
|switch|p1a: Great Tusk|Great Tusk|100/100
|-enditem|p1a: Great Tusk|Booster Energy
|-activate|p1a: Great Tusk|ability: Protosynthesis|[fromitem]
|-start|p1a: Great Tusk|protosynthesisatk
|turn|4
|inactive|1400s the fifth has 90 seconds left.
|
|t:|1780920316
|move|p1a: Great Tusk|Supercell Slam|p2a: 种族的݁ ˖Ი𐑼⋆
|-supereffective|p2a: 种族的݁ ˖Ი𐑼⋆
|-damage|p2a: 种族的݁ ˖Ი𐑼⋆|0 fnt
|faint|p2a: 种族的݁ ˖Ი𐑼⋆
|
|-weather|RainDance|[upkeep]
|upkeep
|
|t:|1780920321
|switch|p2a: ₍^. .^₎⟆遭受|Dragapult, M, shiny|100/100
|turn|5
|
|t:|1780920326
|-end|p1a: Great Tusk|Protosynthesis|[silent]
|switch|p1a: Landorus|Landorus-Therian, M|94/100 brn
|-ability|p1a: Landorus|Intimidate|boost
|-unboost|p2a: ₍^. .^₎⟆遭受|atk|1
|move|p2a: ₍^. .^₎⟆遭受|Will-O-Wisp|p1a: Landorus
|-fail|p1a: Landorus|brn
|
|-weather|RainDance|[upkeep]
|-damage|p1a: Landorus|88/100 brn|[from] brn
|upkeep
|turn|6
|
|t:|1780920332
|move|p1a: Landorus|Earthquake|p2a: ₍^. .^₎⟆遭受
|-damage|p2a: ₍^. .^₎⟆遭受|50/100
|move|p2a: ₍^. .^₎⟆遭受|Hex|p1a: Landorus
|-damage|p1a: Landorus|33/100 brn
|
|-weather|none
|-damage|p1a: Landorus|27/100 brn|[from] brn
|upkeep
|turn|7
|
|t:|1780920337
|switch|p2a: (˶˃ ᵕ ˂˶)爱，太|Manaphy, shiny|100/100
|move|p1a: Landorus|Earthquake|p2a: (˶˃ ᵕ ˂˶)爱，太
|-damage|p2a: (˶˃ ᵕ ˂˶)爱，太|74/100
|
|-heal|p2a: (˶˃ ᵕ ˂˶)爱，太|80/100|[from] item: Leftovers
|-damage|p1a: Landorus|21/100 brn|[from] brn
|upkeep
|turn|8
|inactive|1400s the fifth has 120 seconds left.
|
|t:|1780920344
|move|p1a: Landorus|Earthquake|p2a: (˶˃ ᵕ ˂˶)爱，太
|-damage|p2a: (˶˃ ᵕ ˂˶)爱，太|54/100
|move|p2a: (˶˃ ᵕ ˂˶)爱，太|Tail Glow|p2a: (˶˃ ᵕ ˂˶)爱，太
|-boost|p2a: (˶˃ ᵕ ˂˶)爱，太|spa|3
|
|-heal|p2a: (˶˃ ᵕ ˂˶)爱，太|60/100|[from] item: Leftovers
|-damage|p1a: Landorus|15/100 brn|[from] brn
|upkeep
|turn|9
|
|t:|1780920352
|move|p1a: Landorus|Earthquake|p2a: (˶˃ ᵕ ˂˶)爱，太
|-damage|p2a: (˶˃ ᵕ ˂˶)爱，太|36/100
|move|p2a: (˶˃ ᵕ ˂˶)爱，太|Scald|p1a: Landorus
|-supereffective|p1a: Landorus
|-damage|p1a: Landorus|0 fnt
|faint|p1a: Landorus
|
|-heal|p2a: (˶˃ ᵕ ˂˶)爱，太|42/100|[from] item: Leftovers
|upkeep
|inactive|1400s the fifth has 120 seconds left.
|
|t:|1780920375
|switch|p1a: Dragapult|Dragapult, F|100/100
|turn|10
|
|t:|1780920378
|move|p1a: Dragapult|Dragon Darts|p2a: (˶˃ ᵕ ˂˶)爱，太
|-damage|p2a: (˶˃ ᵕ ˂˶)爱，太|17/100
|-anim|p1a: Dragapult|Dragon Darts|p2a: (˶˃ ᵕ ˂˶)爱，太
|-crit|p2a: (˶˃ ᵕ ˂˶)爱，太
|-damage|p2a: (˶˃ ᵕ ˂˶)爱，太|0 fnt
|faint|p2a: (˶˃ ᵕ ˂˶)爱，太
|
|upkeep
|j| Ak444me
|
|t:|1780920391
|switch|p2a: 怨恨𐔌՞ ܸ.ˬ.ܸ՞𐦯|Raging Bolt|100/100
|-enditem|p2a: 怨恨𐔌՞ ܸ.ˬ.ܸ՞𐦯|Booster Energy
|-activate|p2a: 怨恨𐔌՞ ܸ.ˬ.ܸ՞𐦯|ability: Protosynthesis|[fromitem]
|-start|p2a: 怨恨𐔌՞ ܸ.ˬ.ܸ՞𐦯|protosynthesisspa
|turn|11
|l| Ak444me
|inactive|1400s the fifth has 120 seconds left.
|
|t:|1780920414
|-terastallize|p2a: 怨恨𐔌՞ ܸ.ˬ.ܸ՞𐦯|Fairy
|move|p1a: Dragapult|Dragon Dance|p1a: Dragapult
|-boost|p1a: Dragapult|atk|1
|-boost|p1a: Dragapult|spe|1
|move|p2a: 怨恨𐔌՞ ܸ.ˬ.ܸ՞𐦯|Dragon Pulse|p1a: Dragapult
|-supereffective|p1a: Dragapult
|-damage|p1a: Dragapult|0 fnt
|faint|p1a: Dragapult
|
|upkeep
|inactive|1400s the fifth has 120 seconds left.
|
|t:|1780920425
|switch|p1a: Iron Moth|Iron Moth|100/100
|turn|12
|
|t:|1780920429
|move|p2a: 怨恨𐔌՞ ܸ.ˬ.ܸ՞𐦯|Thunderclap|p1a: Iron Moth
|-damage|p1a: Iron Moth|45/100
|move|p1a: Iron Moth|Sludge Wave|p2a: 怨恨𐔌՞ ܸ.ˬ.ܸ՞𐦯
|-supereffective|p2a: 怨恨𐔌՞ ܸ.ˬ.ܸ՞𐦯
|-damage|p2a: 怨恨𐔌՞ ܸ.ˬ.ܸ՞𐦯|16/100
|
|upkeep
|turn|13
|
|t:|1780920444
|-end|p1a: Iron Moth|Quark Drive|[silent]
|switch|p1a: Dragonite|Dragonite, F, shiny|100/100
|move|p2a: 怨恨𐔌՞ ܸ.ˬ.ܸ՞𐦯|Thunderclap||[still]
|-fail|p2a: 怨恨𐔌՞ ܸ.ˬ.ܸ՞𐦯
|
|upkeep
|turn|14
|
|t:|1780920447
|-end|p2a: 怨恨𐔌՞ ܸ.ˬ.ܸ՞𐦯|Protosynthesis|[silent]
|switch|p2a: ₍^. .^₎⟆遭受|Dragapult, M, shiny|50/100
|move|p1a: Dragonite|Extreme Speed|p2a: ₍^. .^₎⟆遭受
|-immune|p2a: ₍^. .^₎⟆遭受
|
|upkeep
|turn|15
|
|t:|1780920453
|-terastallize|p1a: Dragonite|Normal
|move|p2a: ₍^. .^₎⟆遭受|Will-O-Wisp|p1a: Dragonite
|-status|p1a: Dragonite|brn
|move|p1a: Dragonite|Dragon Dance|p1a: Dragonite
|-boost|p1a: Dragonite|atk|1
|-boost|p1a: Dragonite|spe|1
|
|-damage|p1a: Dragonite|94/100 brn|[from] brn
|upkeep
|turn|16
|
|t:|1780920460
|switch|p2a: ≽^• ˕ • ྀི≼报酬|Weezing-Galar, F, shiny|19/100
|-ability|p2a: ≽^• ˕ • ྀི≼报酬|Neutralizing Gas
|move|p1a: Dragonite|Ice Spinner|p2a: ≽^• ˕ • ྀི≼报酬
|-damage|p2a: ≽^• ˕ • ྀི≼报酬|3/100
|
|-damage|p1a: Dragonite|88/100 brn|[from] brn
|upkeep
|turn|17
|
|t:|1780920463
|move|p1a: Dragonite|Extreme Speed|p2a: ≽^• ˕ • ྀི≼报酬
|-damage|p2a: ≽^• ˕ • ྀི≼报酬|0 fnt
|faint|p2a: ≽^• ˕ • ྀི≼报酬
|-end|p2a: ≽^• ˕ • ྀི≼报酬|ability: Neutralizing Gas
|
|-damage|p1a: Dragonite|82/100 brn|[from] brn
|upkeep
|
|t:|1780920469
|switch|p2a: 五十五十⋆. 𐙚 ˚|Kingambit, F, shiny|100/100
|-activate|p2a: 五十五十⋆. 𐙚 ˚|ability: Supreme Overlord
|-start|p2a: 五十五十⋆. 𐙚 ˚|fallen3|[silent]
|turn|18
|
|t:|1780920475
|switch|p1a: Great Tusk|Great Tusk|100/100
|move|p2a: 五十五十⋆. 𐙚 ˚|Iron Head|p1a: Great Tusk
|-damage|p1a: Great Tusk|54/100
|
|upkeep
|turn|19
|
|t:|1780920479
|move|p1a: Great Tusk|Earthquake|p2a: 五十五十⋆. 𐙚 ˚
|-supereffective|p2a: 五十五十⋆. 𐙚 ˚
|-damage|p2a: 五十五十⋆. 𐙚 ˚|0 fnt
|faint|p2a: 五十五十⋆. 𐙚 ˚
|-end|p2a: 五十五十⋆. 𐙚 ˚|fallen3|[silent]
|
|upkeep
|
|t:|1780920481
|switch|p2a: ₍^. .^₎⟆遭受|Dragapult, M, shiny|50/100
|turn|20
|
|t:|1780920483
|move|p2a: ₍^. .^₎⟆遭受|Dragon Darts|p1a: Great Tusk
|-damage|p1a: Great Tusk|34/100
|-anim|p2a: ₍^. .^₎⟆遭受|Dragon Darts|p1a: Great Tusk
|-damage|p1a: Great Tusk|17/100
|move|p1a: Great Tusk|Earthquake|p2a: ₍^. .^₎⟆遭受
|-damage|p2a: ₍^. .^₎⟆遭受|0 fnt
|faint|p2a: ₍^. .^₎⟆遭受
|
|upkeep
|-message|cenotaphs forfeited.
|
|win|1400s the fifth
|raw|1400s the fifth's rating: 1497 &rarr; <strong>1519</strong><br />(+22 for winning)
|raw|cenotaphs's rating: 1540 &rarr; <strong>1518</strong><br />(-22 for losing)
|l|☆cenotaphs
|player|p2|
|l|‽1400s the fifth
|player|p1|
