|j|☆qingyunxian
|j|☆Mysterious Soop
|t:|1781447584
|gametype|singles
|player|p1|qingyunxian|1|1627
|player|p2|Mysterious Soop|266|1657
|gen|9
|tier|[Gen 9] OU
|rated|
|rule|HP Percentage Mod: HP is shown in percentages
|rule|Endless Battle Clause: Forcing endless battles is banned
|rule|Species Clause: Limit one of each Pokémon
|rule|OHKO Clause: OHKO moves are banned
|rule|Evasion Items Clause: Evasion items are banned
|rule|Evasion Moves Clause: Evasion moves are banned
|rule|Evasion Abilities Clause: Evasion abilities are banned
|rule|Sleep Moves Clause: Sleep-inducing moves are banned
|clearpoke
|poke|p1|Ceruledge, F|
|poke|p1|Glimmora, F|
|poke|p1|Iron Valiant|
|poke|p1|Ogerpon-Wellspring, F|
|poke|p1|Minior|
|poke|p1|Garchomp, F|
|poke|p2|Excadrill, F|
|poke|p2|Tyranitar, F|
|poke|p2|Hydrapple, F|
|poke|p2|Gholdengo|
|poke|p2|Alomomola, M|
|poke|p2|Hatterene, F|
|teampreview
|j| chaky20
|inactive|Battle timer is ON: inactive players will automatically lose when time's up. (requested by qingyunxian)
|j| dragasoul
|
|t:|1781447612
|teamsize|p1|6
|teamsize|p2|6
|start
|switch|p1a: Glimmora|Glimmora, F|100/100
|switch|p2a: Gholdengo|Gholdengo|100/100
|turn|1
|
|t:|1781447618
|move|p2a: Gholdengo|Make It Rain|p1a: Glimmora
|-supereffective|p1a: Glimmora
|-enditem|p1a: Glimmora|Focus Sash
|-damage|p1a: Glimmora|1/100
|-unboost|p2a: Gholdengo|spa|1
|move|p1a: Glimmora|Stealth Rock|p2a: Gholdengo
|-sidestart|p2: Mysterious Soop|move: Stealth Rock
|
|upkeep
|turn|2
|j| Salvato1902V
|
|t:|1781447643
|switch|p1a: Ogerpon|Ogerpon-Wellspring, F|100/100
|move|p2a: Gholdengo|Make It Rain|p1a: Ogerpon
|-resisted|p1a: Ogerpon
|-damage|p1a: Ogerpon|74/100
|-unboost|p2a: Gholdengo|spa|1
|
|upkeep
|turn|3
|inactive|Mysterious Soop has 120 seconds left.
|
|t:|1781447664
|switch|p2a: Hydrapple|Hydrapple, F|100/100
|-damage|p2a: Hydrapple|88/100|[from] Stealth Rock
|move|p1a: Ogerpon|Swords Dance|p1a: Ogerpon
|-boost|p1a: Ogerpon|atk|2
|
|upkeep
|turn|4
|
|t:|1781447673
|-terastallize|p2a: Hydrapple|Steel
|move|p1a: Ogerpon|Play Rough|p2a: Hydrapple
|-resisted|p2a: Hydrapple
|-damage|p2a: Hydrapple|60/100
|move|p2a: Hydrapple|Draco Meteor|p1a: Ogerpon
|-damage|p1a: Ogerpon|0 fnt
|-unboost|p2a: Hydrapple|spa|2
|faint|p1a: Ogerpon
|
|upkeep
|l| Salvato1902V
|
|t:|1781447689
|switch|p1a: Garchomp|Garchomp, F|100/100
|turn|5
|
|t:|1781447697
|switch|p2a: Hatterene|Hatterene, F|100/100
|-damage|p2a: Hatterene|88/100|[from] Stealth Rock
|move|p1a: Garchomp|Earthquake|p2a: Hatterene
|-damage|p2a: Hatterene|35/100
|
|upkeep
|turn|6
|
|t:|1781447718
|switch|p2a: Alomomola|Alomomola, M|100/100
|-damage|p2a: Alomomola|88/100|[from] Stealth Rock
|move|p1a: Garchomp|Earthquake|p2a: Alomomola
|-damage|p2a: Alomomola|58/100
|
|upkeep
|turn|7
|
|t:|1781447727
|move|p1a: Garchomp|Swords Dance|p1a: Garchomp
|-boost|p1a: Garchomp|atk|2
|move|p2a: Alomomola|Scald|p1a: Garchomp
|-damage|p1a: Garchomp|87/100
|
|upkeep
|turn|8
|
|t:|1781447736
|move|p1a: Garchomp|Scale Shot|p2a: Alomomola|[miss]
|-miss|p1a: Garchomp|p2a: Alomomola
|move|p2a: Alomomola|Scald|p1a: Garchomp
|-damage|p1a: Garchomp|71/100
|
|upkeep
|turn|9
|
|t:|1781447750
|switch|p2a: Hatterene|Hatterene, F|35/100
|-damage|p2a: Hatterene|23/100|[from] Stealth Rock
|move|p1a: Garchomp|Scale Shot|p2a: Hatterene
|-immune|p2a: Hatterene
|
|upkeep
|turn|10
|l| chaky20
|
|t:|1781447772
|move|p1a: Garchomp|Earthquake|p2a: Hatterene
|-damage|p2a: Hatterene|0 fnt
|faint|p2a: Hatterene
|
|upkeep
|j| chaky20
|inactive|Mysterious Soop has 120 seconds left.
|
|t:|1781447799
|switch|p2a: Alomomola|Alomomola, M|91/100
|-damage|p2a: Alomomola|79/100|[from] Stealth Rock
|turn|11
|
|t:|1781447806
|move|p1a: Garchomp|Scale Shot|p2a: Alomomola
|-damage|p2a: Alomomola|64/100
|-damage|p2a: Alomomola|49/100
|-damage|p2a: Alomomola|34/100
|-damage|p2a: Alomomola|21/100
|-damage|p2a: Alomomola|6/100
|-hitcount|p2a: Alomomola|5
|-unboost|p1a: Garchomp|def|1
|-boost|p1a: Garchomp|spe|1
|move|p2a: Alomomola|Scald|p1a: Garchomp
|-damage|p1a: Garchomp|56/100
|-status|p1a: Garchomp|brn
|
|-damage|p1a: Garchomp|50/100 brn|[from] brn
|upkeep
|turn|12
|inactive|Mysterious Soop has 120 seconds left.
|
|t:|1781447828
|move|p2a: Alomomola|Protect|p2a: Alomomola
|-singleturn|p2a: Alomomola|Protect
|move|p1a: Garchomp|Scale Shot|p2a: Alomomola
|-activate|p2a: Alomomola|move: Protect
|
|-damage|p1a: Garchomp|43/100 brn|[from] brn
|upkeep
|turn|13
|
|t:|1781447837
|switch|p2a: Tyranitar|Tyranitar, F|100/100
|-damage|p2a: Tyranitar|88/100|[from] Stealth Rock
|-weather|Sandstorm|[from] ability: Sand Stream|[of] p2a: Tyranitar
|move|p1a: Garchomp|Scale Shot|p2a: Tyranitar
|-damage|p2a: Tyranitar|79/100
|-damage|p2a: Tyranitar|69/100
|-damage|p2a: Tyranitar|58/100
|-damage|p2a: Tyranitar|48/100
|-hitcount|p2a: Tyranitar|4
|-unboost|p1a: Garchomp|def|1
|-boost|p1a: Garchomp|spe|1
|
|-weather|Sandstorm|[upkeep]
|-damage|p1a: Garchomp|37/100 brn|[from] brn
|upkeep
|turn|14
|inactive|Mysterious Soop has 120 seconds left.
|
|t:|1781447853
|switch|p2a: Alomomola|Alomomola, M|39/100
|-damage|p2a: Alomomola|27/100|[from] Stealth Rock
|move|p1a: Garchomp|Earthquake|p2a: Alomomola
|-damage|p2a: Alomomola|1/100
|
|-weather|Sandstorm|[upkeep]
|-damage|p2a: Alomomola|0 fnt|[from] Sandstorm
|faint|p2a: Alomomola
|-damage|p1a: Garchomp|31/100 brn|[from] brn
|upkeep
|inactive|Mysterious Soop has 120 seconds left.
|
|t:|1781447859
|switch|p2a: Hydrapple|Hydrapple, F, tera:Steel|93/100
|-damage|p2a: Hydrapple|87/100|[from] Stealth Rock
|turn|15
|
|t:|1781447862
|move|p1a: Garchomp|Earthquake|p2a: Hydrapple
|-supereffective|p2a: Hydrapple
|-damage|p2a: Hydrapple|13/100
|move|p2a: Hydrapple|Giga Drain|p1a: Garchomp
|-damage|p1a: Garchomp|0 fnt
|-heal|p2a: Hydrapple|26/100|[from] drain|[of] p1a: Garchomp
|faint|p1a: Garchomp
|
|-weather|Sandstorm|[upkeep]
|upkeep
|
|t:|1781447875
|switch|p1a: Minior|Minior|100/100
|-formechange|p1a: Minior|Minior-Meteor||[from] ability: Shields Down
|turn|16
|inactive|Mysterious Soop has 120 seconds left.
|
|t:|1781447908
|move|p1a: Minior|Shell Smash|p1a: Minior
|-unboost|p1a: Minior|def|1
|-unboost|p1a: Minior|spd|1
|-boost|p1a: Minior|atk|2
|-boost|p1a: Minior|spa|2
|-boost|p1a: Minior|spe|2
|move|p2a: Hydrapple|Giga Drain|p1a: Minior
|-damage|p1a: Minior|32/100
|-heal|p2a: Hydrapple|52/100|[from] drain|[of] p1a: Minior
|
|-weather|Sandstorm|[upkeep]
|-formechange|p1a: Minior|Minior||[from] ability: Shields Down
|upkeep
|turn|17
|inactive|Mysterious Soop has 120 seconds left.
|
|t:|1781447931
|switch|p2a: Tyranitar|Tyranitar, F|48/100
|-damage|p2a: Tyranitar|36/100|[from] Stealth Rock
|move|p1a: Minior|Earth Power|p2a: Tyranitar
|-supereffective|p2a: Tyranitar
|-damage|p2a: Tyranitar|0 fnt
|faint|p2a: Tyranitar
|
|-weather|none
|upkeep
|
|t:|1781447947
|switch|p2a: Hydrapple|Hydrapple, F, tera:Steel|85/100
|-damage|p2a: Hydrapple|79/100|[from] Stealth Rock
|turn|18
|j| heheheha07
|
|t:|1781447960
|switch|p2a: Excadrill|Excadrill, F|100/100
|-damage|p2a: Excadrill|97/100|[from] Stealth Rock
|-terastallize|p1a: Minior|Ground
|move|p1a: Minior|Earth Power|p2a: Excadrill
|-supereffective|p2a: Excadrill
|-damage|p2a: Excadrill|0 fnt
|faint|p2a: Excadrill
|
|upkeep
|
|t:|1781447964
|switch|p2a: Hydrapple|Hydrapple, F, tera:Steel|100/100
|-damage|p2a: Hydrapple|94/100|[from] Stealth Rock
|turn|19
|
|t:|1781447969
|move|p1a: Minior|Earth Power|p2a: Hydrapple
|-supereffective|p2a: Hydrapple
|-crit|p2a: Hydrapple
|-damage|p2a: Hydrapple|0 fnt
|faint|p2a: Hydrapple
|
|upkeep
|-message|Mysterious Soop forfeited.
|
|win|qingyunxian
|raw|qingyunxian's rating: 1627 &rarr; <strong>1649</strong><br />(+22 for winning)
|raw|Mysterious Soop's rating: 1657 &rarr; <strong>1635</strong><br />(-22 for losing)
|l|☆Mysterious Soop
|player|p2|
|l|☆qingyunxian
|player|p1|
|l| chaky20
|l| dragasoul
