|j|☆barbordor
|j|☆zippitytippity
|t:|1781070312
|gametype|singles
|player|p1|barbordor|101|1536
|player|p2|zippitytippity|cynthia-masters4|1628
|gen|9
|tier|[Gen 9] OU
|rated|
|rule|HP Percentage Mod: HP is shown in percentages
|rule|Endless Battle Clause: Forcing endless battles is banned
|rule|Species Clause: Limit one of each Pokémon
|rule|OHKO Clause: OHKO moves are banned
|rule|Evasion Items Clause: Evasion items are banned
|rule|Evasion Moves Clause: Evasion moves are banned
|rule|Evasion Abilities Clause: Evasion abilities are banned
|rule|Sleep Moves Clause: Sleep-inducing moves are banned
|clearpoke
|poke|p1|Ceruledge, F|
|poke|p1|Breloom, M|
|poke|p1|Dragonite, M|
|poke|p1|Kingambit, M|
|poke|p1|Great Tusk|
|poke|p1|Weavile, M|
|poke|p2|Ursaluna, M|
|poke|p2|Cresselia, F|
|poke|p2|Iron Valiant|
|poke|p2|Hatterene, F|
|poke|p2|Keldeo-Resolute|
|poke|p2|Ogerpon, F|
|teampreview
|inactive|Battle timer is ON: inactive players will automatically lose when time's up. (requested by barbordor)
|
|t:|1781070345
|teamsize|p1|6
|teamsize|p2|6
|start
|switch|p1a: Weavile|Weavile, M|100/100
|switch|p2a: Keldeo|Keldeo-Resolute|100/100
|-ability|p1a: Weavile|Pressure
|turn|1
|j| AbrarS
|inactive|zippitytippity has 120 seconds left.
|
|t:|1781070379
|switch|p1a: Ceruledge|Ceruledge, F|100/100
|move|p2a: Keldeo|Surf|p1a: Ceruledge
|-supereffective|p1a: Ceruledge
|-enditem|p1a: Ceruledge|Focus Sash
|-damage|p1a: Ceruledge|1/100
|
|upkeep
|turn|2
|
|t:|1781070384
|move|p1a: Ceruledge|Shadow Sneak|p2a: Keldeo
|-damage|p2a: Keldeo|78/100
|move|p2a: Keldeo|Surf|p1a: Ceruledge
|-supereffective|p1a: Ceruledge
|-damage|p1a: Ceruledge|0 fnt
|faint|p1a: Ceruledge
|
|upkeep
|
|t:|1781070387
|switch|p1a: Breloom|Breloom, M|100/100
|turn|3
|
|t:|1781070390
|switch|p2a: Hatterene|Hatterene, F, shiny|100/100
|move|p1a: Breloom|Bullet Seed|p2a: Hatterene
|-damage|p2a: Hatterene|78/100
|-crit|p2a: Hatterene
|-damage|p2a: Hatterene|42/100
|-damage|p2a: Hatterene|16/100
|-damage|p2a: Hatterene|0 fnt
|faint|p2a: Hatterene
|-hitcount|p2: Hatterene|4
|
|upkeep
|l| AbrarS
|
|t:|1781070392
|switch|p2a: Ogerpon|Ogerpon, F|100/100
|turn|4
|
|t:|1781070400
|move|p2a: Ogerpon|U-turn|p1a: Breloom
|-damage|p1a: Breloom|49/100
|
|t:|1781070403
|switch|p2a: Cresselia|Cresselia, F, shiny|100/100|[from] U-turn
|move|p1a: Breloom|Bullet Seed|p2a: Cresselia
|-damage|p2a: Cresselia|88/100
|-damage|p2a: Cresselia|76/100
|-hitcount|p2a: Cresselia|2
|
|upkeep
|turn|5
|
|t:|1781070411
|move|p1a: Breloom|Bullet Seed|p2a: Cresselia
|-damage|p2a: Cresselia|63/100
|-damage|p2a: Cresselia|50/100
|-damage|p2a: Cresselia|38/100
|-damage|p2a: Cresselia|26/100
|-hitcount|p2a: Cresselia|4
|move|p2a: Cresselia|Trick Room|p2a: Cresselia
|-fieldstart|move: Trick Room|[of] p2a: Cresselia
|
|upkeep
|turn|6
|
|t:|1781070413
|move|p2a: Cresselia|Ice Beam|p1a: Breloom
|-supereffective|p1a: Breloom
|-damage|p1a: Breloom|0 fnt
|faint|p1a: Breloom
|
|upkeep
|
|t:|1781070418
|switch|p1a: Kingambit|Kingambit, M|100/100
|-activate|p1a: Kingambit|ability: Supreme Overlord
|-start|p1a: Kingambit|fallen2|[silent]
|-item|p1a: Kingambit|Air Balloon
|turn|7
|
|t:|1781070422
|switch|p2a: Ursaluna|Ursaluna, M, shiny|100/100
|move|p1a: Kingambit|Swords Dance|p1a: Kingambit
|-boost|p1a: Kingambit|atk|2
|
|-status|p2a: Ursaluna|brn|[from] item: Flame Orb
|upkeep
|turn|8
|
|t:|1781070426
|move|p1a: Kingambit|Sucker Punch|p2a: Ursaluna
|-crit|p2a: Ursaluna
|-damage|p2a: Ursaluna|0 fnt
|faint|p2a: Ursaluna
|
|upkeep
|
|t:|1781070435
|switch|p2a: Keldeo|Keldeo-Resolute|78/100
|turn|9
|
|t:|1781070444
|move|p1a: Kingambit|Kowtow Cleave|p2a: Keldeo
|-resisted|p2a: Keldeo
|-crit|p2a: Keldeo
|-damage|p2a: Keldeo|0 fnt
|faint|p2a: Keldeo
|
|-fieldend|move: Trick Room
|upkeep
|c|☆zippitytippity|woah
|
|t:|1781070452
|switch|p2a: Ogerpon|Ogerpon, F|100/100
|turn|10
|
|t:|1781070455
|switch|p2a: Iron Valiant|Iron Valiant|100/100
|-enditem|p2a: Iron Valiant|Booster Energy
|-activate|p2a: Iron Valiant|ability: Quark Drive|[fromitem]
|-start|p2a: Iron Valiant|quarkdrivespe
|move|p1a: Kingambit|Kowtow Cleave|p2a: Iron Valiant
|-resisted|p2a: Iron Valiant
|-damage|p2a: Iron Valiant|59/100
|
|upkeep
|turn|11
|
|t:|1781070461
|move|p2a: Iron Valiant|Close Combat|p1a: Kingambit
|-supereffective|p1a: Kingambit
|-damage|p1a: Kingambit|0 fnt
|-unboost|p2a: Iron Valiant|def|1
|-unboost|p2a: Iron Valiant|spd|1
|-enditem|p1a: Kingambit|Air Balloon
|faint|p1a: Kingambit
|-end|p1a: Kingambit|fallen2|[silent]
|
|upkeep
|
|t:|1781070468
|switch|p1a: Dragonite|Dragonite, M|100/100
|turn|12
|
|t:|1781070472
|-terastallize|p2a: Iron Valiant|Ghost
|move|p2a: Iron Valiant|Moonblast|p1a: Dragonite
|-supereffective|p1a: Dragonite
|-damage|p1a: Dragonite|48/100
|-unboost|p1a: Dragonite|spa|1
|move|p1a: Dragonite|Dragon Dance|p1a: Dragonite
|-boost|p1a: Dragonite|atk|1
|-boost|p1a: Dragonite|spe|1
|
|upkeep
|turn|13
|
|t:|1781070483
|move|p2a: Iron Valiant|Moonblast|p1a: Dragonite
|-supereffective|p1a: Dragonite
|-damage|p1a: Dragonite|0 fnt
|faint|p1a: Dragonite
|
|upkeep
|
|t:|1781070489
|switch|p1a: Weavile|Weavile, M|100/100
|-ability|p1a: Weavile|Pressure
|turn|14
|
|t:|1781070492
|move|p2a: Iron Valiant|Destiny Bond|p2a: Iron Valiant
|-singlemove|p2a: Iron Valiant|Destiny Bond
|move|p1a: Weavile|Triple Axel|p2a: Iron Valiant
|-damage|p2a: Iron Valiant|38/100
|-damage|p2a: Iron Valiant|0 fnt
|faint|p2a: Iron Valiant
|-activate|p2a: Iron Valiant|move: Destiny Bond
|-end|p2a: Iron Valiant|Quark Drive|[silent]
|faint|p1a: Weavile
|-hitcount|p2: Iron Valiant|2
|
|upkeep
|
|t:|1781070498
|switch|p1a: Great Tusk|Great Tusk|100/100
|switch|p2a: Ogerpon|Ogerpon, F|100/100
|-enditem|p1a: Great Tusk|Booster Energy
|-activate|p1a: Great Tusk|ability: Protosynthesis|[fromitem]
|-start|p1a: Great Tusk|protosynthesisatk
|turn|15
|
|t:|1781070505
|-terastallize|p1a: Great Tusk|Ground
|move|p2a: Ogerpon|U-turn|p1a: Great Tusk
|-damage|p1a: Great Tusk|75/100
|
|t:|1781070506
|switch|p2a: Cresselia|Cresselia, F, shiny|26/100|[from] U-turn
|move|p1a: Great Tusk|Rapid Spin|p2a: Cresselia
|-damage|p2a: Cresselia|12/100
|-boost|p1a: Great Tusk|spe|1
|-damage|p1a: Great Tusk|58/100|[from] item: Rocky Helmet|[of] p2a: Cresselia
|
|upkeep
|turn|16
|
|t:|1781070510
|move|p1a: Great Tusk|Rapid Spin|p2a: Cresselia
|-damage|p2a: Cresselia|0 fnt
|-boost|p1a: Great Tusk|spe|1
|-damage|p1a: Great Tusk|42/100|[from] item: Rocky Helmet|[of] p2a: Cresselia
|faint|p2a: Cresselia
|
|upkeep
|
|t:|1781070512
|switch|p2a: Ogerpon|Ogerpon, F|100/100
|turn|17
|
|t:|1781070514
|move|p1a: Great Tusk|Close Combat|p2a: Ogerpon
|-damage|p2a: Ogerpon|0 fnt
|-unboost|p1a: Great Tusk|def|1
|-unboost|p1a: Great Tusk|spd|1
|faint|p2a: Ogerpon
|
|win|barbordor
|raw|barbordor's rating: 1536 &rarr; <strong>1561</strong><br />(+25 for winning)
|raw|zippitytippity's rating: 1628 &rarr; <strong>1603</strong><br />(-25 for losing)
|l|☆zippitytippity
|player|p2|
|l|☆barbordor
|player|p1|
