|j|☆n1ghtzz33
|j|☆Mr.X&Y97
|t:|1781315166
|gametype|singles
|player|p1|n1ghtzz33|parasollady|1549
|player|p2|Mr.X&Y97|ingo|1628
|gen|9
|tier|[Gen 9] OU
|rated|
|rule|HP Percentage Mod: HP is shown in percentages
|rule|Endless Battle Clause: Forcing endless battles is banned
|rule|Species Clause: Limit one of each Pokémon
|rule|OHKO Clause: OHKO moves are banned
|rule|Evasion Items Clause: Evasion items are banned
|rule|Evasion Moves Clause: Evasion moves are banned
|rule|Evasion Abilities Clause: Evasion abilities are banned
|rule|Sleep Moves Clause: Sleep-inducing moves are banned
|clearpoke
|poke|p1|Corviknight, F|
|poke|p1|Clefable, F|
|poke|p1|Alomomola, M|
|poke|p1|Clodsire, F|
|poke|p1|Toxapex, F|
|poke|p1|Quagsire, F|
|poke|p2|Regieleki|
|poke|p2|Grafaiai, F|
|poke|p2|Corviknight, M|
|poke|p2|Alomomola, M|
|poke|p2|Gliscor, F|
|poke|p2|Zamazenta-*|
|teampreview
|inactive|Battle timer is ON: inactive players will automatically lose when time's up. (requested by Mr.X&Y97)
|inactive|n1ghtzz33 also wants the timer to be on.
|
|t:|1781315185
|teamsize|p1|6
|teamsize|p2|6
|start
|switch|p1a: Clefable|Clefable, F|100/100
|switch|p2a: Grafaiai|Grafaiai, F|100/100
|turn|1
|
|t:|1781315199
|move|p2a: Grafaiai|Toxic|p1a: Clefable
|-status|p1a: Clefable|tox
|move|p1a: Clefable|Knock Off|p2a: Grafaiai
|-damage|p2a: Grafaiai|75/100
|-enditem|p2a: Grafaiai|Ring Target|[from] move: Knock Off|[of] p1a: Clefable
|
|upkeep
|turn|2
|
|t:|1781315214
|move|p2a: Grafaiai|Switcheroo|p1a: Clefable
|-activate|p2a: Grafaiai|move: Trick|[of] p1a: Clefable
|-enditem|p1a: Clefable|Leftovers|[silent]|[from] move: Switcheroo
|-item|p2a: Grafaiai|Leftovers|[from] move: Switcheroo
|move|p1a: Clefable|Moonblast|p2a: Grafaiai
|-resisted|p2a: Grafaiai
|-damage|p2a: Grafaiai|53/100
|
|-heal|p2a: Grafaiai|59/100|[from] item: Leftovers
|upkeep
|turn|3
|
|t:|1781315229
|move|p2a: Grafaiai|Encore|p1a: Clefable
|-start|p1a: Clefable|Encore
|move|p1a: Clefable|Moonblast|p2a: Grafaiai
|-resisted|p2a: Grafaiai
|-damage|p2a: Grafaiai|36/100
|-unboost|p2a: Grafaiai|spa|1
|
|-heal|p2a: Grafaiai|42/100|[from] item: Leftovers
|upkeep
|turn|4
|
|t:|1781315237
|move|p2a: Grafaiai|U-turn|p1a: Clefable
|-resisted|p1a: Clefable
|-damage|p1a: Clefable|91/100 tox
|
|t:|1781315238
|switch|p2a: Alomomola|Alomomola, M|100/100|[from] U-turn
|move|p1a: Clefable|Moonblast|p2a: Alomomola
|-damage|p2a: Alomomola|85/100
|-unboost|p2a: Alomomola|spa|1
|
|upkeep
|turn|5
|
|t:|1781315254
|switch|p1a: Quagsire|Quagsire, F|100/100
|move|p2a: Alomomola|Flip Turn|p1a: Quagsire
|-damage|p1a: Quagsire|89/100
|
|t:|1781315274
|switch|p2a: Grafaiai|Grafaiai, F|42/100|[from] Flip Turn
|
|-heal|p2a: Grafaiai|48/100|[from] item: Leftovers
|upkeep
|turn|6
|
|t:|1781315281
|switch|p1a: Clodsire|Clodsire, F|100/100
|move|p2a: Grafaiai|Toxic|p1a: Clodsire
|-immune|p1a: Clodsire
|
|-heal|p2a: Grafaiai|54/100|[from] item: Leftovers
|upkeep
|turn|7
|
|t:|1781315288
|move|p2a: Grafaiai|U-turn|p1a: Clodsire
|-resisted|p1a: Clodsire
|-damage|p1a: Clodsire|92/100
|
|t:|1781315290
|switch|p2a: Corviknight|Corviknight, M|100/100|[from] U-turn
|-ability|p2a: Corviknight|Pressure
|move|p1a: Clodsire|Spikes|p2a: Corviknight
|-sidestart|p2: Mr.X&Y97|Spikes
|
|upkeep
|turn|8
|
|t:|1781315303
|move|p2a: Corviknight|Brave Bird|p1a: Clodsire
|-damage|p1a: Clodsire|53/100
|-damage|p2a: Corviknight|86/100|[from] Recoil
|move|p1a: Clodsire|Spikes|p2a: Corviknight
|-sidestart|p2: Mr.X&Y97|Spikes
|
|upkeep
|turn|9
|
|t:|1781315319
|move|p2a: Corviknight|Brave Bird|p1a: Clodsire
|-damage|p1a: Clodsire|15/100
|-damage|p2a: Corviknight|71/100|[from] Recoil
|move|p1a: Clodsire|Recover|p1a: Clodsire
|-heal|p1a: Clodsire|65/100
|
|upkeep
|turn|10
|
|t:|1781315334
|move|p2a: Corviknight|Defog|p1a: Clodsire
|-unboost|p1a: Clodsire|evasion|1
|-sideend|p2: Mr.X&Y97|Spikes|[from] move: Defog|[of] p2a: Corviknight
|move|p1a: Clodsire|Recover|p1a: Clodsire
|-heal|p1a: Clodsire|100/100
|
|upkeep
|turn|11
|
|t:|1781315347
|switch|p1a: Quagsire|Quagsire, F|89/100
|move|p2a: Corviknight|U-turn|p1a: Quagsire
|-damage|p1a: Quagsire|79/100
|
|t:|1781315349
|switch|p2a: Gliscor|Gliscor, F|100/100|[from] U-turn
|
|-status|p2a: Gliscor|tox|[from] item: Toxic Orb
|upkeep
|turn|12
|
|t:|1781315362
|move|p2a: Gliscor|Knock Off|p1a: Quagsire
|-damage|p1a: Quagsire|63/100
|-enditem|p1a: Quagsire|Heavy-Duty Boots|[from] move: Knock Off|[of] p2a: Gliscor
|move|p1a: Quagsire|Stealth Rock|p2a: Gliscor
|-sidestart|p2: Mr.X&Y97|move: Stealth Rock
|
|upkeep
|turn|13
|
|t:|1781315379
|switch|p2a: Grafaiai|Grafaiai, F|54/100
|-damage|p2a: Grafaiai|42/100|[from] Stealth Rock
|move|p1a: Quagsire|Recover|p1a: Quagsire
|-heal|p1a: Quagsire|100/100
|
|-heal|p2a: Grafaiai|48/100|[from] item: Leftovers
|upkeep
|turn|14
|
|t:|1781315388
|switch|p1a: Clefable|Clefable, F|91/100 tox
|move|p2a: Grafaiai|U-turn|p1a: Clefable
|-resisted|p1a: Clefable
|-damage|p1a: Clefable|83/100 tox
|
|t:|1781315401
|switch|p2a: Alomomola|Alomomola, M|100/100|[from] U-turn
|-damage|p2a: Alomomola|88/100|[from] Stealth Rock
|
|upkeep
|turn|15
|
|t:|1781315415
|move|p2a: Alomomola|Scald|p1a: Clefable
|-damage|p1a: Clefable|73/100 tox
|move|p1a: Clefable|Ice Beam|p2a: Alomomola
|-resisted|p2a: Alomomola
|-damage|p2a: Alomomola|83/100
|
|upkeep
|turn|16
|
|t:|1781315429
|move|p2a: Alomomola|Scald|p1a: Clefable
|-damage|p1a: Clefable|63/100 tox
|move|p1a: Clefable|Ice Beam|p2a: Alomomola
|-resisted|p2a: Alomomola
|-damage|p2a: Alomomola|78/100
|
|upkeep
|turn|17
|
|t:|1781315442
|move|p2a: Alomomola|Scald|p1a: Clefable
|-damage|p1a: Clefable|54/100 tox
|move|p1a: Clefable|Ice Beam|p2a: Alomomola
|-resisted|p2a: Alomomola
|-damage|p2a: Alomomola|73/100
|
|upkeep
|turn|18
|
|t:|1781315456
|switch|p2a: Grafaiai|Grafaiai, F|48/100
|-damage|p2a: Grafaiai|36/100|[from] Stealth Rock
|move|p1a: Clefable|Moonlight|p1a: Clefable
|-heal|p1a: Clefable|100/100 tox
|
|-heal|p2a: Grafaiai|42/100|[from] item: Leftovers
|upkeep
|turn|19
|
|t:|1781315463
|switch|p1a: Alomomola|Alomomola, M|100/100
|move|p2a: Grafaiai|Encore||[still]
|-fail|p2a: Grafaiai
|
|-heal|p2a: Grafaiai|48/100|[from] item: Leftovers
|upkeep
|turn|20
|
|t:|1781315470
|move|p2a: Grafaiai|Toxic|p1a: Alomomola
|-status|p1a: Alomomola|tox
|move|p1a: Alomomola|Flip Turn|p2a: Grafaiai
|-crit|p2a: Grafaiai
|-damage|p2a: Grafaiai|12/100
|
|t:|1781315478
|switch|p1a: Clefable|Clefable, F|100/100 tox|[from] Flip Turn
|
|-heal|p2a: Grafaiai|18/100|[from] item: Leftovers
|upkeep
|turn|21
|
|t:|1781315486
|move|p2a: Grafaiai|U-turn|p1a: Clefable
|-resisted|p1a: Clefable
|-damage|p1a: Clefable|91/100 tox
|
|t:|1781315488
|switch|p2a: Corviknight|Corviknight, M|71/100|[from] U-turn
|-damage|p2a: Corviknight|58/100|[from] Stealth Rock
|-ability|p2a: Corviknight|Pressure
|move|p1a: Clefable|Ice Beam|p2a: Corviknight
|-damage|p2a: Corviknight|36/100
|
|upkeep
|turn|22
|
|t:|1781315496
|move|p2a: Corviknight|Defog|p1a: Clefable
|-unboost|p1a: Clefable|evasion|1
|-sideend|p2: Mr.X&Y97|Stealth Rock|[from] move: Defog|[of] p2a: Corviknight
|move|p1a: Clefable|Ice Beam|p2a: Corviknight
|-damage|p2a: Corviknight|16/100
|
|upkeep
|turn|23
|
|t:|1781315504
|move|p2a: Corviknight|Roost|p2a: Corviknight
|-heal|p2a: Corviknight|66/100
|-singleturn|p2a: Corviknight|move: Roost
|move|p1a: Clefable|Ice Beam|p2a: Corviknight
|-resisted|p2a: Corviknight
|-damage|p2a: Corviknight|55/100
|
|upkeep
|turn|24
|
|t:|1781315511
|move|p2a: Corviknight|Roost|p2a: Corviknight
|-heal|p2a: Corviknight|100/100
|-singleturn|p2a: Corviknight|move: Roost
|move|p1a: Clefable|Ice Beam|p2a: Corviknight
|-resisted|p2a: Corviknight
|-damage|p2a: Corviknight|90/100
|
|upkeep
|turn|25
|
|t:|1781315519
|move|p2a: Corviknight|Brave Bird|p1a: Clefable
|-damage|p1a: Clefable|48/100 tox
|-damage|p2a: Corviknight|76/100|[from] Recoil
|move|p1a: Clefable|Moonblast|p2a: Corviknight
|-resisted|p2a: Corviknight
|-damage|p2a: Corviknight|60/100
|
|upkeep
|turn|26
|
|t:|1781315532
|-terastallize|p2a: Corviknight|Flying
|move|p2a: Corviknight|Brave Bird|p1a: Clefable
|-damage|p1a: Clefable|0 fnt
|faint|p1a: Clefable
|-damage|p2a: Corviknight|44/100|[from] Recoil
|
|upkeep
|
|t:|1781315540
|switch|p1a: Quagsire|Quagsire, F|100/100
|turn|27
|
|t:|1781315550
|move|p2a: Corviknight|U-turn|p1a: Quagsire
|-damage|p1a: Quagsire|90/100
|
|t:|1781315562
|switch|p2a: Gliscor|Gliscor, F|100/100 tox|[from] U-turn
|move|p1a: Quagsire|Toxic|p2a: Gliscor|[miss]
|-miss|p1a: Quagsire|p2a: Gliscor
|
|upkeep
|turn|28
|
|t:|1781315576
|move|p2a: Gliscor|Knock Off|p1a: Quagsire
|-damage|p1a: Quagsire|80/100
|move|p1a: Quagsire|Stealth Rock|p2a: Gliscor
|-sidestart|p2: Mr.X&Y97|move: Stealth Rock
|
|upkeep
|turn|29
|
|t:|1781315591
|switch|p1a: Clodsire|Clodsire, F|100/100
|move|p2a: Gliscor|Earthquake|p1a: Clodsire
|-supereffective|p1a: Clodsire
|-damage|p1a: Clodsire|34/100
|
|upkeep
|turn|30
|
|t:|1781315605
|switch|p1a: Quagsire|Quagsire, F|80/100
|move|p2a: Gliscor|Earthquake|p1a: Quagsire
|-damage|p1a: Quagsire|58/100
|
|upkeep
|turn|31
|
|t:|1781315627
|switch|p2a: Zamazenta|Zamazenta|100/100
|-damage|p2a: Zamazenta|94/100|[from] Stealth Rock
|-ability|p2a: Zamazenta|Dauntless Shield|boost
|-boost|p2a: Zamazenta|def|1
|move|p1a: Quagsire|Recover|p1a: Quagsire
|-heal|p1a: Quagsire|100/100
|
|upkeep
|turn|32
|
|t:|1781315641
|move|p2a: Zamazenta|Close Combat|p1a: Quagsire
|-damage|p1a: Quagsire|43/100
|-unboost|p2a: Zamazenta|def|1
|-unboost|p2a: Zamazenta|spd|1
|move|p1a: Quagsire|Counter|p2a: Zamazenta
|-damage|p2a: Zamazenta|0 fnt
|faint|p2a: Zamazenta
|
|upkeep
|
|t:|1781315653
|switch|p2a: Grafaiai|Grafaiai, F|18/100
|-damage|p2a: Grafaiai|6/100|[from] Stealth Rock
|turn|33
|
|t:|1781315660
|switch|p1a: Clodsire|Clodsire, F|34/100
|move|p2a: Grafaiai|Encore||[still]
|-fail|p2a: Grafaiai
|
|-heal|p2a: Grafaiai|12/100|[from] item: Leftovers
|upkeep
|turn|34
|
|t:|1781315672
|move|p2a: Grafaiai|U-turn|p1a: Clodsire
|-resisted|p1a: Clodsire
|-damage|p1a: Clodsire|25/100
|
|t:|1781315673
|switch|p2a: Gliscor|Gliscor, F|100/100 tox|[from] U-turn
|-damage|p2a: Gliscor|88/100 tox|[from] Stealth Rock
|move|p1a: Clodsire|Recover|p1a: Clodsire
|-heal|p1a: Clodsire|75/100
|
|-heal|p2a: Gliscor|100/100 tox|[from] ability: Poison Heal
|upkeep
|turn|35
|
|t:|1781315691
|switch|p1a: Alomomola|Alomomola, M|100/100 tox
|move|p2a: Gliscor|Earthquake|p1a: Alomomola
|-damage|p1a: Alomomola|79/100 tox
|
|-damage|p1a: Alomomola|73/100 tox|[from] psn
|upkeep
|turn|36
|
|t:|1781315714
|move|p2a: Gliscor|Swords Dance|p2a: Gliscor
|-boost|p2a: Gliscor|atk|2
|move|p1a: Alomomola|Wish|p1a: Alomomola
|
|-damage|p1a: Alomomola|60/100 tox|[from] psn
|upkeep
|turn|37
|
|t:|1781315721
|switch|p1a: Quagsire|Quagsire, F|43/100
|move|p2a: Gliscor|Earthquake|p1a: Quagsire
|-damage|p1a: Quagsire|19/100
|
|-heal|p1a: Quagsire|79/100|[from] move: Wish|[wisher] Alomomola
|upkeep
|turn|38
|
|t:|1781315735
|move|p2a: Gliscor|Swords Dance|p2a: Gliscor
|-boost|p2a: Gliscor|atk|2
|move|p1a: Quagsire|Recover|p1a: Quagsire
|-heal|p1a: Quagsire|100/100
|
|upkeep
|turn|39
|
|t:|1781315742
|move|p2a: Gliscor|Swords Dance|p2a: Gliscor
|-boost|p2a: Gliscor|atk|2
|move|p1a: Quagsire|Counter||[still]
|-fail|p1a: Quagsire
|
|upkeep
|turn|40
|
|t:|1781315749
|move|p2a: Gliscor|Knock Off|p1a: Quagsire
|-damage|p1a: Quagsire|91/100
|move|p1a: Quagsire|Counter|p2a: Gliscor
|-damage|p2a: Gliscor|79/100 tox
|
|-heal|p2a: Gliscor|92/100 tox|[from] ability: Poison Heal
|upkeep
|turn|41
|
|t:|1781315757
|move|p2a: Gliscor|Swords Dance|p2a: Gliscor
|-boost|p2a: Gliscor|atk|0
|move|p1a: Quagsire|Counter||[still]
|-fail|p1a: Quagsire
|
|-heal|p2a: Gliscor|100/100 tox|[from] ability: Poison Heal
|upkeep
|turn|42
|
|t:|1781315764
|move|p2a: Gliscor|Swords Dance|p2a: Gliscor
|-boost|p2a: Gliscor|atk|0
|move|p1a: Quagsire|Counter||[still]
|-fail|p1a: Quagsire
|
|upkeep
|turn|43
|
|t:|1781315771
|move|p2a: Gliscor|Swords Dance|p2a: Gliscor
|-boost|p2a: Gliscor|atk|0
|move|p1a: Quagsire|Counter||[still]
|-fail|p1a: Quagsire
|
|upkeep
|turn|44
|
|t:|1781315778
|move|p2a: Gliscor|Swords Dance|p2a: Gliscor
|-boost|p2a: Gliscor|atk|0
|move|p1a: Quagsire|Counter||[still]
|-fail|p1a: Quagsire
|
|upkeep
|turn|45
|
|t:|1781315784
|move|p2a: Gliscor|Swords Dance|p2a: Gliscor
|-boost|p2a: Gliscor|atk|0
|move|p1a: Quagsire|Counter||[still]
|-fail|p1a: Quagsire
|
|upkeep
|turn|46
|
|t:|1781315791
|move|p2a: Gliscor|Knock Off|p1a: Quagsire
|-damage|p1a: Quagsire|80/100
|move|p1a: Quagsire|Counter|p2a: Gliscor
|-damage|p2a: Gliscor|77/100 tox
|
|-heal|p2a: Gliscor|89/100 tox|[from] ability: Poison Heal
|upkeep
|turn|47
|
|t:|1781315799
|move|p2a: Gliscor|Knock Off|p1a: Quagsire
|-damage|p1a: Quagsire|71/100
|move|p1a: Quagsire|Counter|p2a: Gliscor
|-damage|p2a: Gliscor|68/100 tox
|
|-heal|p2a: Gliscor|81/100 tox|[from] ability: Poison Heal
|upkeep
|turn|48
|
|t:|1781315807
|move|p2a: Gliscor|Swords Dance|p2a: Gliscor
|-boost|p2a: Gliscor|atk|0
|move|p1a: Quagsire|Recover|p1a: Quagsire
|-heal|p1a: Quagsire|100/100
|
|-heal|p2a: Gliscor|93/100 tox|[from] ability: Poison Heal
|upkeep
|turn|49
|
|t:|1781315822
|move|p2a: Gliscor|Swords Dance|p2a: Gliscor
|-boost|p2a: Gliscor|atk|0
|move|p1a: Quagsire|Counter||[still]
|-fail|p1a: Quagsire
|
|-heal|p2a: Gliscor|100/100 tox|[from] ability: Poison Heal
|upkeep
|turn|50
|
|t:|1781315829
|move|p2a: Gliscor|Swords Dance|p2a: Gliscor
|-boost|p2a: Gliscor|atk|0
|move|p1a: Quagsire|Counter||[still]
|-fail|p1a: Quagsire
|
|upkeep
|turn|51
|
|t:|1781315836
|move|p2a: Gliscor|Swords Dance|p2a: Gliscor
|-boost|p2a: Gliscor|atk|0
|move|p1a: Quagsire|Counter||[still]
|-fail|p1a: Quagsire
|
|upkeep
|turn|52
|
|t:|1781315843
|move|p2a: Gliscor|Knock Off|p1a: Quagsire
|-damage|p1a: Quagsire|90/100
|move|p1a: Quagsire|Counter|p2a: Gliscor
|-damage|p2a: Gliscor|77/100 tox
|
|-heal|p2a: Gliscor|89/100 tox|[from] ability: Poison Heal
|upkeep
|turn|53
|
|t:|1781315851
|move|p2a: Gliscor|Knock Off|p1a: Quagsire
|-damage|p1a: Quagsire|81/100
|move|p1a: Quagsire|Counter|p2a: Gliscor
|-damage|p2a: Gliscor|69/100 tox
|
|-heal|p2a: Gliscor|81/100 tox|[from] ability: Poison Heal
|upkeep
|turn|54
|
|t:|1781315859
|move|p2a: Gliscor|Knock Off|p1a: Quagsire
|-damage|p1a: Quagsire|72/100
|move|p1a: Quagsire|Recover|p1a: Quagsire
|-heal|p1a: Quagsire|100/100
|
|-heal|p2a: Gliscor|94/100 tox|[from] ability: Poison Heal
|upkeep
|turn|55
|
|t:|1781315867
|move|p2a: Gliscor|Swords Dance|p2a: Gliscor
|-boost|p2a: Gliscor|atk|0
|move|p1a: Quagsire|Counter||[still]
|-fail|p1a: Quagsire
|
|-heal|p2a: Gliscor|100/100 tox|[from] ability: Poison Heal
|upkeep
|turn|56
|
|t:|1781315874
|move|p2a: Gliscor|Knock Off|p1a: Quagsire
|-crit|p1a: Quagsire
|-damage|p1a: Quagsire|86/100
|move|p1a: Quagsire|Counter|p2a: Gliscor
|-damage|p2a: Gliscor|69/100 tox
|
|-heal|p2a: Gliscor|81/100 tox|[from] ability: Poison Heal
|upkeep
|turn|57
|
|t:|1781315882
|move|p2a: Gliscor|Knock Off|p1a: Quagsire
|-damage|p1a: Quagsire|76/100
|move|p1a: Quagsire|Counter|p2a: Gliscor
|-damage|p2a: Gliscor|59/100 tox
|
|-heal|p2a: Gliscor|72/100 tox|[from] ability: Poison Heal
|upkeep
|turn|58
|
|t:|1781315890
|switch|p2a: Corviknight|Corviknight, M, tera:Flying|44/100
|-damage|p2a: Corviknight|19/100|[from] Stealth Rock
|-ability|p2a: Corviknight|Pressure
|move|p1a: Quagsire|Recover|p1a: Quagsire
|-heal|p1a: Quagsire|100/100
|
|upkeep
|turn|59
|
|t:|1781315908
|move|p2a: Corviknight|Roost|p2a: Corviknight
|-heal|p2a: Corviknight|69/100
|-hint|If a Terastallized Pokemon uses Roost, it remains Flying-type.
|move|p1a: Quagsire|Toxic|p2a: Corviknight
|-status|p2a: Corviknight|tox
|
|-damage|p2a: Corviknight|63/100 tox|[from] psn
|upkeep
|turn|60
|
|t:|1781315915
|switch|p1a: Alomomola|Alomomola, M|94/100 tox
|move|p2a: Corviknight|Roost|p2a: Corviknight
|-heal|p2a: Corviknight|100/100 tox
|-hint|If a Terastallized Pokemon uses Roost, it remains Flying-type.
|
|-damage|p2a: Corviknight|88/100 tox|[from] psn
|-damage|p1a: Alomomola|88/100 tox|[from] psn
|upkeep
|turn|61
|
|t:|1781315922
|move|p2a: Corviknight|Defog|p1a: Alomomola
|-unboost|p1a: Alomomola|evasion|1
|-sideend|p2: Mr.X&Y97|Stealth Rock|[from] move: Defog|[of] p2a: Corviknight
|move|p1a: Alomomola|Flip Turn|p2a: Corviknight
|-damage|p2a: Corviknight|78/100 tox
|-damage|p1a: Alomomola|71/100 tox|[from] item: Rocky Helmet|[of] p2a: Corviknight
|
|t:|1781315929
|switch|p1a: Quagsire|Quagsire, F|100/100|[from] Flip Turn
|
|-damage|p2a: Corviknight|59/100 tox|[from] psn
|upkeep
|turn|62
|
|t:|1781315936
|move|p2a: Corviknight|U-turn|p1a: Quagsire
|-damage|p1a: Quagsire|91/100
|
|t:|1781315938
|switch|p2a: Gliscor|Gliscor, F|72/100 tox|[from] U-turn
|move|p1a: Quagsire|Stealth Rock|p2a: Gliscor
|-sidestart|p2: Mr.X&Y97|move: Stealth Rock
|
|-heal|p2a: Gliscor|84/100 tox|[from] ability: Poison Heal
|upkeep
|turn|63
|
|t:|1781315945
|move|p2a: Gliscor|Swords Dance|p2a: Gliscor
|-boost|p2a: Gliscor|atk|2
|move|p1a: Quagsire|Recover|p1a: Quagsire
|-heal|p1a: Quagsire|100/100
|
|-heal|p2a: Gliscor|97/100 tox|[from] ability: Poison Heal
|upkeep
|turn|64
|
|t:|1781315952
|move|p2a: Gliscor|Swords Dance|p2a: Gliscor
|-boost|p2a: Gliscor|atk|2
|move|p1a: Quagsire|Toxic|p2a: Gliscor
|-fail|p2a: Gliscor|tox
|
|-heal|p2a: Gliscor|100/100 tox|[from] ability: Poison Heal
|upkeep
|turn|65
|
|t:|1781315959
|move|p2a: Gliscor|Swords Dance|p2a: Gliscor
|-boost|p2a: Gliscor|atk|2
|move|p1a: Quagsire|Counter||[still]
|-fail|p1a: Quagsire
|
|upkeep
|turn|66
|
|t:|1781315966
|move|p2a: Gliscor|Earthquake|p1a: Quagsire
|-damage|p1a: Quagsire|78/100
|move|p1a: Quagsire|Counter|p2a: Gliscor
|-damage|p2a: Gliscor|50/100 tox
|
|-heal|p2a: Gliscor|63/100 tox|[from] ability: Poison Heal
|upkeep
|turn|67
|
|t:|1781315974
|move|p2a: Gliscor|Knock Off|p1a: Quagsire
|-damage|p1a: Quagsire|68/100
|move|p1a: Quagsire|Counter|p2a: Gliscor
|-damage|p2a: Gliscor|39/100 tox
|
|-heal|p2a: Gliscor|52/100 tox|[from] ability: Poison Heal
|upkeep
|turn|68
|
|t:|1781315981
|move|p2a: Gliscor|Protect|p2a: Gliscor
|-singleturn|p2a: Gliscor|Protect
|move|p1a: Quagsire|Recover|p1a: Quagsire
|-heal|p1a: Quagsire|100/100
|
|-heal|p2a: Gliscor|64/100 tox|[from] ability: Poison Heal
|upkeep
|turn|69
|
|t:|1781315989
|move|p2a: Gliscor|Knock Off|p1a: Quagsire
|-damage|p1a: Quagsire|90/100
|move|p1a: Quagsire|Stealth Rock||[still]
|-fail|p1a: Quagsire
|
|-heal|p2a: Gliscor|77/100 tox|[from] ability: Poison Heal
|upkeep
|turn|70
|
|t:|1781315996
|move|p2a: Gliscor|Knock Off|p1a: Quagsire
|-damage|p1a: Quagsire|81/100
|move|p1a: Quagsire|Counter|p2a: Gliscor
|-damage|p2a: Gliscor|56/100 tox
|
|-heal|p2a: Gliscor|69/100 tox|[from] ability: Poison Heal
|upkeep
|turn|71
|
|t:|1781316004
|move|p2a: Gliscor|Earthquake|p1a: Quagsire
|-damage|p1a: Quagsire|59/100
|move|p1a: Quagsire|Counter|p2a: Gliscor
|-damage|p2a: Gliscor|20/100 tox
|
|-heal|p2a: Gliscor|33/100 tox|[from] ability: Poison Heal
|upkeep
|turn|72
|
|t:|1781316012
|move|p2a: Gliscor|Protect|p2a: Gliscor
|-singleturn|p2a: Gliscor|Protect
|move|p1a: Quagsire|Toxic|p2a: Gliscor
|-activate|p2a: Gliscor|move: Protect
|
|-heal|p2a: Gliscor|45/100 tox|[from] ability: Poison Heal
|upkeep
|turn|73
|
|t:|1781316019
|move|p2a: Gliscor|Knock Off|p1a: Quagsire
|-crit|p1a: Quagsire
|-damage|p1a: Quagsire|44/100
|move|p1a: Quagsire|Counter|p2a: Gliscor
|-damage|p2a: Gliscor|12/100 tox
|
|-heal|p2a: Gliscor|24/100 tox|[from] ability: Poison Heal
|upkeep
|turn|74
|
|t:|1781316027
|move|p2a: Gliscor|Protect|p2a: Gliscor
|-singleturn|p2a: Gliscor|Protect
|move|p1a: Quagsire|Counter||[still]
|-fail|p1a: Quagsire
|
|-heal|p2a: Gliscor|37/100 tox|[from] ability: Poison Heal
|upkeep
|turn|75
|
|t:|1781316034
|move|p2a: Gliscor|Swords Dance|p2a: Gliscor
|-boost|p2a: Gliscor|atk|0
|move|p1a: Quagsire|Toxic|p2a: Gliscor
|-fail|p2a: Gliscor|tox
|
|-heal|p2a: Gliscor|49/100 tox|[from] ability: Poison Heal
|upkeep
|turn|76
|
|t:|1781316041
|switch|p1a: Toxapex|Toxapex, F|100/100
|move|p2a: Gliscor|Knock Off|p1a: Toxapex
|-damage|p1a: Toxapex|53/100
|-enditem|p1a: Toxapex|Heavy-Duty Boots|[from] move: Knock Off|[of] p2a: Gliscor
|
|-heal|p2a: Gliscor|62/100 tox|[from] ability: Poison Heal
|upkeep
|turn|77
|
|t:|1781316049
|-terastallize|p1a: Toxapex|Grass
|move|p2a: Gliscor|Earthquake|p1a: Toxapex
|-resisted|p1a: Toxapex
|-damage|p1a: Toxapex|10/100
|move|p1a: Toxapex|Haze|p1a: Toxapex
|-clearallboost
|
|-heal|p2a: Gliscor|74/100 tox|[from] ability: Poison Heal
|upkeep
|turn|78
|
|t:|1781316058
|switch|p1a: Alomomola|Alomomola, M|100/100 tox
|move|p2a: Gliscor|Knock Off|p1a: Alomomola
|-damage|p1a: Alomomola|86/100 tox
|-enditem|p1a: Alomomola|Heavy-Duty Boots|[from] move: Knock Off|[of] p2a: Gliscor
|
|-heal|p2a: Gliscor|87/100 tox|[from] ability: Poison Heal
|-damage|p1a: Alomomola|80/100 tox|[from] psn
|upkeep
|turn|79
|
|t:|1781316065
|switch|p1a: Toxapex|Toxapex, F, tera:Grass|44/100
|move|p2a: Gliscor|Swords Dance|p2a: Gliscor
|-boost|p2a: Gliscor|atk|2
|
|-heal|p2a: Gliscor|99/100 tox|[from] ability: Poison Heal
|upkeep
|turn|80
|
|t:|1781316074
|move|p2a: Gliscor|Earthquake|p1a: Toxapex
|-resisted|p1a: Toxapex
|-damage|p1a: Toxapex|24/100
|move|p1a: Toxapex|Recover|p1a: Toxapex
|-heal|p1a: Toxapex|74/100
|
|-heal|p2a: Gliscor|100/100 tox|[from] ability: Poison Heal
|upkeep
|turn|81
|
|t:|1781316103
|switch|p2a: Grafaiai|Grafaiai, F|12/100
|-damage|p2a: Grafaiai|0 fnt|[from] Stealth Rock
|faint|p2a: Grafaiai
|move|p1a: Toxapex|Recover|p1a: Toxapex
|-heal|p1a: Toxapex|100/100
|
|upkeep
|
|t:|1781316108
|switch|p2a: Regieleki|Regieleki|100/100
|-damage|p2a: Regieleki|88/100|[from] Stealth Rock
|turn|82
|
|t:|1781316121
|move|p2a: Regieleki|Rapid Spin|p1a: Toxapex
|-crit|p1a: Toxapex
|-damage|p1a: Toxapex|91/100
|-boost|p2a: Regieleki|spe|1
|-sideend|p2: Mr.X&Y97|Stealth Rock|[from] move: Rapid Spin|[of] p2a: Regieleki
|move|p1a: Toxapex|Poison Jab|p2a: Regieleki
|-damage|p2a: Regieleki|53/100
|
|upkeep
|turn|83
|
|t:|1781316138
|switch|p2a: Alomomola|Alomomola, M|100/100
|switch|p1a: Alomomola|Alomomola, M|100/100 tox
|
|-damage|p1a: Alomomola|94/100 tox|[from] psn
|upkeep
|turn|84
|
|t:|1781316152
|move|p2a: Alomomola|Flip Turn|p1a: Alomomola
|-resisted|p1a: Alomomola
|-damage|p1a: Alomomola|89/100 tox
|
|t:|1781316154
|switch|p2a: Regieleki|Regieleki|53/100|[from] Flip Turn
|move|p1a: Alomomola|Wish|p1a: Alomomola
|
|-damage|p1a: Alomomola|77/100 tox|[from] psn
|upkeep
|turn|85
|
|t:|1781316167
|switch|p1a: Quagsire|Quagsire, F|44/100
|move|p2a: Regieleki|Swift|p1a: Quagsire
|-crit|p1a: Quagsire
|-damage|p1a: Quagsire|0 fnt
|faint|p1a: Quagsire
|
|upkeep
|
|t:|1781316181
|switch|p1a: Clodsire|Clodsire, F|75/100
|turn|86
|
|t:|1781316195
|switch|p2a: Gliscor|Gliscor, F|100/100 tox
|move|p1a: Clodsire|Recover|p1a: Clodsire
|-heal|p1a: Clodsire|100/100
|
|upkeep
|turn|87
|
|t:|1781316202
|switch|p1a: Toxapex|Toxapex, F, tera:Grass|100/100
|move|p2a: Gliscor|Swords Dance|p2a: Gliscor
|-boost|p2a: Gliscor|atk|2
|
|upkeep
|turn|88
|
|t:|1781316210
|switch|p2a: Corviknight|Corviknight, M, tera:Flying|59/100 tox
|-ability|p2a: Corviknight|Pressure
|move|p1a: Toxapex|Haze|p1a: Toxapex
|-clearallboost
|
|-damage|p2a: Corviknight|53/100 tox|[from] psn
|upkeep
|turn|89
|
|t:|1781316217
|move|p2a: Corviknight|Roost|p2a: Corviknight
|-heal|p2a: Corviknight|100/100 tox
|-hint|If a Terastallized Pokemon uses Roost, it remains Flying-type.
|move|p1a: Toxapex|Poison Jab|p2a: Corviknight
|-damage|p2a: Corviknight|89/100 tox
|-damage|p1a: Toxapex|84/100|[from] item: Rocky Helmet|[of] p2a: Corviknight
|
|-damage|p2a: Corviknight|76/100 tox|[from] psn
|upkeep
|turn|90
|
|t:|1781316224
|move|p2a: Corviknight|U-turn|p1a: Toxapex
|-supereffective|p1a: Toxapex
|-crit|p1a: Toxapex
|-damage|p1a: Toxapex|59/100
|
|t:|1781316228
|switch|p2a: Gliscor|Gliscor, F|100/100 tox|[from] U-turn
|move|p1a: Toxapex|Recover|p1a: Toxapex
|-heal|p1a: Toxapex|100/100
|
|upkeep
|turn|91
|
|t:|1781316235
|switch|p2a: Corviknight|Corviknight, M, tera:Flying|76/100 tox
|-ability|p2a: Corviknight|Pressure
|move|p1a: Toxapex|Haze|p1a: Toxapex
|-clearallboost
|
|-damage|p2a: Corviknight|70/100 tox|[from] psn
|upkeep
|turn|92
|
|t:|1781316242
|move|p2a: Corviknight|Brave Bird|p1a: Toxapex
|-supereffective|p1a: Toxapex
|-damage|p1a: Toxapex|45/100
|-damage|p2a: Corviknight|56/100 tox|[from] Recoil
|move|p1a: Toxapex|Recover|p1a: Toxapex
|-heal|p1a: Toxapex|95/100
|
|-damage|p2a: Corviknight|44/100 tox|[from] psn
|upkeep
|turn|93
|
|t:|1781316252
|move|p2a: Corviknight|U-turn|p1a: Toxapex
|-supereffective|p1a: Toxapex
|-damage|p1a: Toxapex|76/100
|
|t:|1781316256
|switch|p2a: Gliscor|Gliscor, F|100/100 tox|[from] U-turn
|move|p1a: Toxapex|Poison Jab|p2a: Gliscor
|-resisted|p2a: Gliscor
|-damage|p2a: Gliscor|93/100 tox
|
|-heal|p2a: Gliscor|100/100 tox|[from] ability: Poison Heal
|upkeep
|turn|94
|
|t:|1781316265
|move|p2a: Gliscor|Swords Dance|p2a: Gliscor
|-boost|p2a: Gliscor|atk|2
|move|p1a: Toxapex|Recover|p1a: Toxapex
|-heal|p1a: Toxapex|100/100
|
|upkeep
|turn|95
|
|t:|1781316272
|move|p2a: Gliscor|Knock Off|p1a: Toxapex
|-damage|p1a: Toxapex|83/100
|move|p1a: Toxapex|Haze|p1a: Toxapex
|-clearallboost
|
|upkeep
|turn|96
|
|t:|1781316279
|move|p2a: Gliscor|Swords Dance|p2a: Gliscor
|-boost|p2a: Gliscor|atk|2
|move|p1a: Toxapex|Recover|p1a: Toxapex
|-heal|p1a: Toxapex|100/100
|
|upkeep
|turn|97
|
|t:|1781316286
|move|p2a: Gliscor|Knock Off|p1a: Toxapex
|-damage|p1a: Toxapex|82/100
|move|p1a: Toxapex|Haze|p1a: Toxapex
|-clearallboost
|
|upkeep
|turn|98
|
|t:|1781316294
|move|p2a: Gliscor|Swords Dance|p2a: Gliscor
|-boost|p2a: Gliscor|atk|2
|move|p1a: Toxapex|Recover|p1a: Toxapex
|-heal|p1a: Toxapex|100/100
|
|upkeep
|turn|99
|
|t:|1781316301
|move|p2a: Gliscor|Knock Off|p1a: Toxapex
|-damage|p1a: Toxapex|83/100
|move|p1a: Toxapex|Haze|p1a: Toxapex
|-clearallboost
|
|upkeep
|turn|100
|
|t:|1781316313
|move|p2a: Gliscor|Swords Dance|p2a: Gliscor
|-boost|p2a: Gliscor|atk|2
|move|p1a: Toxapex|Haze|p1a: Toxapex
|-clearallboost
|
|upkeep
|turn|101
|
|t:|1781316325
|move|p2a: Gliscor|Knock Off|p1a: Toxapex
|-damage|p1a: Toxapex|74/100
|move|p1a: Toxapex|Haze|p1a: Toxapex
|-clearallboost
|
|upkeep
|turn|102
|
|t:|1781316336
|switch|p2a: Alomomola|Alomomola, M|100/100
|move|p1a: Toxapex|Haze|p1a: Toxapex
|-clearallboost
|
|upkeep
|turn|103
|
|t:|1781316350
|move|p2a: Alomomola|Scald|p1a: Toxapex
|-resisted|p1a: Toxapex
|-damage|p1a: Toxapex|68/100
|move|p1a: Toxapex|Recover|p1a: Toxapex
|-heal|p1a: Toxapex|100/100
|
|upkeep
|turn|104
|
|t:|1781316369
|move|p2a: Alomomola|Scald|p1a: Toxapex
|-resisted|p1a: Toxapex
|-damage|p1a: Toxapex|95/100
|-status|p1a: Toxapex|brn
|move|p1a: Toxapex|Toxic|p2a: Alomomola|[miss]
|-miss|p1a: Toxapex|p2a: Alomomola
|
|-damage|p1a: Toxapex|89/100 brn|[from] brn
|upkeep
|turn|105
|
|t:|1781316382
|move|p2a: Alomomola|Flip Turn|p1a: Toxapex
|-resisted|p1a: Toxapex
|-damage|p1a: Toxapex|83/100 brn
|
|t:|1781316384
|switch|p2a: Gliscor|Gliscor, F|100/100 tox|[from] Flip Turn
|move|p1a: Toxapex|Toxic|p2a: Gliscor
|-fail|p2a: Gliscor|tox
|
|-damage|p1a: Toxapex|77/100 brn|[from] brn
|upkeep
|turn|106
|
|t:|1781316391
|switch|p2a: Corviknight|Corviknight, M, tera:Flying|44/100 tox
|-ability|p2a: Corviknight|Pressure
|move|p1a: Toxapex|Haze|p1a: Toxapex
|-clearallboost
|
|-damage|p2a: Corviknight|38/100 tox|[from] psn
|-damage|p1a: Toxapex|71/100 brn|[from] brn
|upkeep
|turn|107
|
|t:|1781316398
|switch|p1a: Clodsire|Clodsire, F|100/100
|move|p2a: Corviknight|Roost|p2a: Corviknight
|-heal|p2a: Corviknight|88/100 tox
|-hint|If a Terastallized Pokemon uses Roost, it remains Flying-type.
|
|-damage|p2a: Corviknight|75/100 tox|[from] psn
|upkeep
|turn|108
|inactive|Mr.X&Y97 has 120 seconds left.
|
|t:|1781316428
|move|p2a: Corviknight|U-turn|p1a: Clodsire
|-resisted|p1a: Clodsire
|-damage|p1a: Clodsire|93/100
|
|t:|1781316430
|switch|p2a: Alomomola|Alomomola, M|100/100|[from] U-turn
|move|p1a: Clodsire|Spikes|p2a: Alomomola
|-sidestart|p2: Mr.X&Y97|Spikes
|
|upkeep
|turn|109
|
|t:|1781316443
|move|p2a: Alomomola|Scald|p1a: Clodsire
|-supereffective|p1a: Clodsire
|-damage|p1a: Clodsire|77/100
|move|p1a: Clodsire|Recover|p1a: Clodsire
|-heal|p1a: Clodsire|100/100
|
|upkeep
|turn|110
|
|t:|1781316457
|switch|p1a: Alomomola|Alomomola, M|100/100 tox
|move|p2a: Alomomola|Scald|p1a: Alomomola
|-resisted|p1a: Alomomola
|-damage|p1a: Alomomola|95/100 tox
|
|-damage|p1a: Alomomola|89/100 tox|[from] psn
|upkeep
|turn|111
|inactive|Mr.X&Y97 has 120 seconds left.
|
|t:|1781316473
|move|p1a: Alomomola|Flip Turn|p2a: Alomomola
|-resisted|p2a: Alomomola
|-damage|p2a: Alomomola|94/100
|inactive|n1ghtzz33 has 120 seconds left.
|
|t:|1781316487
|switch|p1a: Toxapex|Toxapex, F, tera:Grass|100/100 brn|[from] Flip Turn
|move|p2a: Alomomola|Flip Turn|p1a: Toxapex
|-resisted|p1a: Toxapex
|-damage|p1a: Toxapex|95/100 brn
|inactive|Mr.X&Y97 has 120 seconds left.
|
|t:|1781316495
|switch|p2a: Gliscor|Gliscor, F|100/100 tox|[from] Flip Turn
|
|-damage|p1a: Toxapex|89/100 brn|[from] brn
|upkeep
|turn|112
|inactive|Mr.X&Y97 has 120 seconds left.
|
|t:|1781316517
|switch|p2a: Corviknight|Corviknight, M, tera:Flying|75/100 tox
|-ability|p2a: Corviknight|Pressure
|move|p1a: Toxapex|Haze|p1a: Toxapex
|-clearallboost
|
|-damage|p2a: Corviknight|69/100 tox|[from] psn
|-damage|p1a: Toxapex|83/100 brn|[from] brn
|upkeep
|turn|113
|
|t:|1781316524
|switch|p1a: Clodsire|Clodsire, F|100/100
|move|p2a: Corviknight|Brave Bird|p1a: Clodsire
|-damage|p1a: Clodsire|45/100
|-damage|p2a: Corviknight|48/100 tox|[from] Recoil
|
|-damage|p2a: Corviknight|35/100 tox|[from] psn
|upkeep
|turn|114
|
|t:|1781316532
|switch|p1a: Alomomola|Alomomola, M|100/100 tox
|move|p2a: Corviknight|Roost|p2a: Corviknight
|-heal|p2a: Corviknight|85/100 tox
|-hint|If a Terastallized Pokemon uses Roost, it remains Flying-type.
|
|-damage|p2a: Corviknight|67/100 tox|[from] psn
|-damage|p1a: Alomomola|94/100 tox|[from] psn
|upkeep
|turn|115
|
|t:|1781316539
|move|p2a: Corviknight|U-turn|p1a: Alomomola
|-damage|p1a: Alomomola|84/100 tox
|
|t:|1781316541
|switch|p2a: Gliscor|Gliscor, F|100/100 tox|[from] U-turn
|move|p1a: Alomomola|Wish|p1a: Alomomola
|
|-damage|p1a: Alomomola|72/100 tox|[from] psn
|upkeep
|turn|116
|
|t:|1781316548
|move|p2a: Gliscor|Swords Dance|p2a: Gliscor
|-boost|p2a: Gliscor|atk|2
|move|p1a: Alomomola|Flip Turn|p2a: Gliscor
|-supereffective|p2a: Gliscor
|-damage|p2a: Gliscor|74/100 tox
|
|t:|1781316555
|switch|p1a: Clodsire|Clodsire, F|45/100|[from] Flip Turn
|
|-heal|p1a: Clodsire|96/100|[from] move: Wish|[wisher] Alomomola
|-heal|p2a: Gliscor|87/100 tox|[from] ability: Poison Heal
|upkeep
|turn|117
|
|t:|1781316562
|switch|p1a: Toxapex|Toxapex, F, tera:Grass|100/100 brn
|move|p2a: Gliscor|Swords Dance|p2a: Gliscor
|-boost|p2a: Gliscor|atk|2
|
|-heal|p2a: Gliscor|99/100 tox|[from] ability: Poison Heal
|-damage|p1a: Toxapex|95/100 brn|[from] brn
|upkeep
|turn|118
|
|t:|1781316569
|move|p2a: Gliscor|Knock Off|p1a: Toxapex
|-damage|p1a: Toxapex|67/100 brn
|move|p1a: Toxapex|Haze|p1a: Toxapex
|-clearallboost
|
|-heal|p2a: Gliscor|100/100 tox|[from] ability: Poison Heal
|-damage|p1a: Toxapex|61/100 brn|[from] brn
|upkeep
|turn|119
|
|t:|1781316577
|switch|p1a: Alomomola|Alomomola, M|100/100 tox
|move|p2a: Gliscor|Knock Off|p1a: Alomomola
|-damage|p1a: Alomomola|91/100 tox
|
|-damage|p1a: Alomomola|84/100 tox|[from] psn
|upkeep
|turn|120
|
|t:|1781316584
|move|p2a: Gliscor|Swords Dance|p2a: Gliscor
|-boost|p2a: Gliscor|atk|2
|move|p1a: Alomomola|Wish|p1a: Alomomola
|
|-damage|p1a: Alomomola|72/100 tox|[from] psn
|upkeep
|turn|121
|
|t:|1781316594
|switch|p1a: Toxapex|Toxapex, F, tera:Grass|94/100 brn
|move|p2a: Gliscor|Swords Dance|p2a: Gliscor
|-boost|p2a: Gliscor|atk|2
|
|-heal|p1a: Toxapex|100/100 brn|[from] move: Wish|[wisher] Alomomola
|-damage|p1a: Toxapex|95/100 brn|[from] brn
|upkeep
|turn|122
|
|t:|1781316601
|move|p2a: Gliscor|Knock Off|p1a: Toxapex
|-damage|p1a: Toxapex|70/100 brn
|move|p1a: Toxapex|Haze|p1a: Toxapex
|-clearallboost
|
|-damage|p1a: Toxapex|64/100 brn|[from] brn
|upkeep
|turn|123
|
|t:|1781316608
|switch|p1a: Corviknight|Corviknight, F|100/100
|-ability|p1a: Corviknight|Pressure
|move|p2a: Gliscor|Swords Dance|p2a: Gliscor
|-boost|p2a: Gliscor|atk|2
|
|upkeep
|turn|124
|
|t:|1781316615
|move|p2a: Gliscor|Knock Off|p1a: Corviknight
|-damage|p1a: Corviknight|73/100
|-enditem|p1a: Corviknight|Heavy-Duty Boots|[from] move: Knock Off|[of] p2a: Gliscor
|move|p1a: Corviknight|Iron Defense|p1a: Corviknight
|-boost|p1a: Corviknight|def|2
|
|upkeep
|turn|125
|
|t:|1781316629
|switch|p2a: Alomomola|Alomomola, M|100/100
|-damage|p2a: Alomomola|88/100|[from] Spikes
|move|p1a: Corviknight|Iron Defense|p1a: Corviknight
|-boost|p1a: Corviknight|def|2
|
|upkeep
|turn|126
|
|t:|1781316643
|move|p1a: Corviknight|Roost|p1a: Corviknight
|-heal|p1a: Corviknight|100/100
|-singleturn|p1a: Corviknight|move: Roost
|move|p2a: Alomomola|Flip Turn|p1a: Corviknight
|-damage|p1a: Corviknight|96/100
|
|t:|1781316645
|switch|p2a: Regieleki|Regieleki|53/100|[from] Flip Turn
|-damage|p2a: Regieleki|41/100|[from] Spikes
|
|upkeep
|turn|127
|
|t:|1781316659
|switch|p1a: Clodsire|Clodsire, F|96/100
|move|p2a: Regieleki|Thunderbolt|p1a: Clodsire
|-immune|p1a: Clodsire
|
|upkeep
|turn|128
|
|t:|1781316671
|switch|p2a: Corviknight|Corviknight, M, tera:Flying|67/100 tox
|-ability|p2a: Corviknight|Pressure
|move|p1a: Clodsire|Spikes|p2a: Corviknight
|-sidestart|p2: Mr.X&Y97|Spikes
|
|-damage|p2a: Corviknight|60/100 tox|[from] psn
|upkeep
|turn|129
|
|t:|1781316679
|move|p2a: Corviknight|Defog|p1a: Clodsire
|-unboost|p1a: Clodsire|evasion|1
|-sideend|p2: Mr.X&Y97|Spikes|[from] move: Defog|[of] p2a: Corviknight
|move|p1a: Clodsire|Recover|p1a: Clodsire
|-heal|p1a: Clodsire|100/100
|
|-damage|p2a: Corviknight|48/100 tox|[from] psn
|upkeep
|turn|130
|
|t:|1781316686
|move|p2a: Corviknight|Brave Bird|p1a: Clodsire
|-damage|p1a: Clodsire|50/100
|-damage|p2a: Corviknight|28/100 tox|[from] Recoil
|move|p1a: Clodsire|Spikes|p2a: Corviknight
|-sidestart|p2: Mr.X&Y97|Spikes
|
|-damage|p2a: Corviknight|10/100 tox|[from] psn
|upkeep
|turn|131
|
|t:|1781316694
|switch|p1a: Alomomola|Alomomola, M|100/100 tox
|move|p2a: Corviknight|U-turn|p1a: Alomomola
|-damage|p1a: Alomomola|91/100 tox
|
|t:|1781316710
|switch|p2a: Gliscor|Gliscor, F|100/100 tox|[from] U-turn
|
|-damage|p1a: Alomomola|85/100 tox|[from] psn
|upkeep
|turn|132
|
|t:|1781316717
|switch|p1a: Toxapex|Toxapex, F, tera:Grass|97/100 brn
|move|p2a: Gliscor|Swords Dance|p2a: Gliscor
|-boost|p2a: Gliscor|atk|2
|
|-damage|p1a: Toxapex|91/100 brn|[from] brn
|upkeep
|turn|133
|
|t:|1781316724
|switch|p2a: Regieleki|Regieleki|41/100
|-damage|p2a: Regieleki|29/100|[from] Spikes
|move|p1a: Toxapex|Haze|p1a: Toxapex
|-clearallboost
|
|-damage|p1a: Toxapex|85/100 brn|[from] brn
|upkeep
|turn|134
|
|t:|1781316731
|switch|p1a: Clodsire|Clodsire, F|50/100
|move|p2a: Regieleki|Swift|p1a: Clodsire
|-damage|p1a: Clodsire|35/100
|
|upkeep
|turn|135
|
|t:|1781316738
|switch|p2a: Corviknight|Corviknight, M, tera:Flying|10/100 tox
|-ability|p2a: Corviknight|Pressure
|move|p1a: Clodsire|Recover|p1a: Clodsire
|-heal|p1a: Clodsire|85/100
|
|-damage|p2a: Corviknight|3/100 tox|[from] psn
|upkeep
|turn|136
|
|t:|1781316750
|move|p2a: Corviknight|U-turn|p1a: Clodsire
|-resisted|p1a: Clodsire
|-damage|p1a: Clodsire|78/100
|
|t:|1781316753
|switch|p2a: Alomomola|Alomomola, M|100/100|[from] U-turn
|-damage|p2a: Alomomola|88/100|[from] Spikes
|move|p1a: Clodsire|Spikes|p2a: Alomomola
|-sidestart|p2: Mr.X&Y97|Spikes
|
|upkeep
|turn|137
|
|t:|1781316767
|move|p2a: Alomomola|Body Slam|p1a: Clodsire
|-damage|p1a: Clodsire|59/100
|move|p1a: Clodsire|Recover|p1a: Clodsire
|-heal|p1a: Clodsire|100/100
|
|upkeep
|turn|138
|
|t:|1781316774
|switch|p1a: Alomomola|Alomomola, M|100/100 tox
|move|p2a: Alomomola|Body Slam|p1a: Alomomola
|-damage|p1a: Alomomola|90/100 tox
|
|-damage|p1a: Alomomola|84/100 tox|[from] psn
|upkeep
|turn|139
|
|t:|1781316781
|switch|p1a: Toxapex|Toxapex, F, tera:Grass|100/100 brn
|move|p2a: Alomomola|Scald|p1a: Toxapex
|-resisted|p1a: Toxapex
|-damage|p1a: Toxapex|94/100 brn
|
|-damage|p1a: Toxapex|88/100 brn|[from] brn
|upkeep
|turn|140
|
|t:|1781316788
|switch|p1a: Alomomola|Alomomola, M|100/100 tox
|move|p2a: Alomomola|Flip Turn|p1a: Alomomola
|-resisted|p1a: Alomomola
|-damage|p1a: Alomomola|95/100 tox
|
|t:|1781316797
|switch|p2a: Gliscor|Gliscor, F|100/100 tox|[from] Flip Turn
|
|-damage|p1a: Alomomola|89/100 tox|[from] psn
|upkeep
|turn|141
|inactive|Mr.X&Y97 has 120 seconds left.
|
|t:|1781316834
|move|p2a: Gliscor|Protect|p2a: Gliscor
|-singleturn|p2a: Gliscor|Protect
|move|p1a: Alomomola|Flip Turn|p2a: Gliscor
|-activate|p2a: Gliscor|move: Protect
|
|-damage|p1a: Alomomola|77/100 tox|[from] psn
|upkeep
|turn|142
|
|t:|1781316853
|switch|p1a: Toxapex|Toxapex, F, tera:Grass|100/100 brn
|move|p2a: Gliscor|Protect||[still]
|-fail|p2a: Gliscor
|
|-damage|p1a: Toxapex|95/100 brn|[from] brn
|upkeep
|turn|143
|
|t:|1781316861
|switch|p2a: Alomomola|Alomomola, M|100/100
|-damage|p2a: Alomomola|84/100|[from] Spikes
|move|p1a: Toxapex|Haze|p1a: Toxapex
|-clearallboost
|
|-damage|p1a: Toxapex|89/100 brn|[from] brn
|upkeep
|turn|144
|
|t:|1781316868
|switch|p2a: Gliscor|Gliscor, F|100/100 tox
|switch|p1a: Corviknight|Corviknight, F|96/100
|-ability|p1a: Corviknight|Pressure
|
|upkeep
|turn|145
|
|t:|1781316875
|switch|p2a: Alomomola|Alomomola, M|100/100
|-damage|p2a: Alomomola|84/100|[from] Spikes
|move|p1a: Corviknight|Iron Defense|p1a: Corviknight
|-boost|p1a: Corviknight|def|2
|
|upkeep
|turn|146
|
|t:|1781316882
|switch|p2a: Gliscor|Gliscor, F|100/100 tox
|move|p1a: Corviknight|Iron Defense|p1a: Corviknight
|-boost|p1a: Corviknight|def|2
|
|upkeep
|turn|147
|
|t:|1781316889
|switch|p2a: Alomomola|Alomomola, M|100/100
|-damage|p2a: Alomomola|84/100|[from] Spikes
|move|p1a: Corviknight|Iron Defense|p1a: Corviknight
|-boost|p1a: Corviknight|def|2
|
|upkeep
|turn|148
|
|t:|1781316896
|move|p1a: Corviknight|Roost|p1a: Corviknight
|-heal|p1a: Corviknight|100/100
|-singleturn|p1a: Corviknight|move: Roost
|move|p2a: Alomomola|Scald|p1a: Corviknight
|-damage|p1a: Corviknight|87/100
|
|upkeep
|turn|149
|
|t:|1781316903
|move|p1a: Corviknight|Roost|p1a: Corviknight
|-heal|p1a: Corviknight|100/100
|-singleturn|p1a: Corviknight|move: Roost
|move|p2a: Alomomola|Scald|p1a: Corviknight
|-damage|p1a: Corviknight|87/100
|-status|p1a: Corviknight|brn
|
|-damage|p1a: Corviknight|81/100 brn|[from] brn
|upkeep
|turn|150
|
|t:|1781316910
|switch|p2a: Gliscor|Gliscor, F|100/100 tox
|move|p1a: Corviknight|Iron Defense|p1a: Corviknight
|-boost|p1a: Corviknight|def|0
|
|-damage|p1a: Corviknight|75/100 brn|[from] brn
|upkeep
|turn|151
|
|t:|1781316916
|switch|p2a: Alomomola|Alomomola, M|100/100
|-damage|p2a: Alomomola|84/100|[from] Spikes
|move|p1a: Corviknight|Roost|p1a: Corviknight
|-heal|p1a: Corviknight|100/100 brn
|-singleturn|p1a: Corviknight|move: Roost
|
|-damage|p1a: Corviknight|94/100 brn|[from] brn
|upkeep
|turn|152
|
|t:|1781316923
|switch|p1a: Toxapex|Toxapex, F, tera:Grass|100/100 brn
|switch|p2a: Gliscor|Gliscor, F|100/100 tox
|
|-damage|p1a: Toxapex|95/100 brn|[from] brn
|upkeep
|turn|153
|
|t:|1781316947
|move|p2a: Gliscor|Knock Off|p1a: Toxapex
|-damage|p1a: Toxapex|87/100 brn
|move|p1a: Toxapex|Haze|p1a: Toxapex
|-clearallboost
|
|-damage|p1a: Toxapex|81/100 brn|[from] brn
|upkeep
|turn|154
|
|t:|1781316955
|switch|p2a: Alomomola|Alomomola, M|100/100
|-damage|p2a: Alomomola|84/100|[from] Spikes
|switch|p1a: Alomomola|Alomomola, M|100/100 tox
|
|-damage|p1a: Alomomola|94/100 tox|[from] psn
|upkeep
|turn|155
|
|t:|1781316961
|switch|p1a: Toxapex|Toxapex, F, tera:Grass|100/100 brn
|switch|p2a: Gliscor|Gliscor, F|100/100 tox
|
|-damage|p1a: Toxapex|95/100 brn|[from] brn
|upkeep
|turn|156
|
|t:|1781316972
|switch|p2a: Alomomola|Alomomola, M|100/100
|-damage|p2a: Alomomola|84/100|[from] Spikes
|move|p1a: Toxapex|Haze|p1a: Toxapex
|-clearallboost
|
|-damage|p1a: Toxapex|89/100 brn|[from] brn
|upkeep
|turn|157
|
|t:|1781316979
|switch|p2a: Gliscor|Gliscor, F|100/100 tox
|switch|p1a: Alomomola|Alomomola, M|100/100 tox
|
|-damage|p1a: Alomomola|94/100 tox|[from] psn
|upkeep
|turn|158
|
|t:|1781316987
|switch|p2a: Alomomola|Alomomola, M|100/100
|-damage|p2a: Alomomola|84/100|[from] Spikes
|switch|p1a: Toxapex|Toxapex, F, tera:Grass|100/100 brn
|
|-damage|p1a: Toxapex|95/100 brn|[from] brn
|upkeep
|turn|159
|
|t:|1781316994
|switch|p2a: Gliscor|Gliscor, F|100/100 tox
|switch|p1a: Alomomola|Alomomola, M|100/100 tox
|
|-damage|p1a: Alomomola|94/100 tox|[from] psn
|upkeep
|turn|160
|
|t:|1781317001
|switch|p2a: Regieleki|Regieleki|29/100
|-damage|p2a: Regieleki|12/100|[from] Spikes
|switch|p1a: Toxapex|Toxapex, F, tera:Grass|100/100 brn
|
|-damage|p1a: Toxapex|95/100 brn|[from] brn
|upkeep
|turn|161
|
|t:|1781317008
|move|p2a: Regieleki|Rapid Spin|p1a: Toxapex
|-damage|p1a: Toxapex|88/100 brn
|-boost|p2a: Regieleki|spe|1
|-sideend|p2: Mr.X&Y97|Spikes|[from] move: Rapid Spin|[of] p2a: Regieleki
|move|p1a: Toxapex|Poison Jab|p2a: Regieleki
|-damage|p2a: Regieleki|0 fnt
|faint|p2a: Regieleki
|
|-damage|p1a: Toxapex|82/100 brn|[from] brn
|upkeep
|
|t:|1781317015
|switch|p2a: Gliscor|Gliscor, F|100/100 tox
|turn|162
|
|t:|1781317022
|switch|p2a: Alomomola|Alomomola, M|100/100
|switch|p1a: Alomomola|Alomomola, M|100/100 tox
|
|-damage|p1a: Alomomola|94/100 tox|[from] psn
|upkeep
|turn|163
|
|t:|1781317029
|switch|p2a: Gliscor|Gliscor, F|100/100 tox
|move|p1a: Alomomola|Flip Turn|p2a: Gliscor
|-supereffective|p2a: Gliscor
|-damage|p2a: Gliscor|73/100 tox
|
|t:|1781317036
|switch|p1a: Toxapex|Toxapex, F, tera:Grass|100/100 brn|[from] Flip Turn
|
|-heal|p2a: Gliscor|86/100 tox|[from] ability: Poison Heal
|-damage|p1a: Toxapex|95/100 brn|[from] brn
|upkeep
|turn|164
|
|t:|1781317044
|switch|p2a: Alomomola|Alomomola, M|100/100
|move|p1a: Toxapex|Haze|p1a: Toxapex
|-clearallboost
|
|-damage|p1a: Toxapex|89/100 brn|[from] brn
|upkeep
|turn|165
|
|t:|1781317051
|switch|p2a: Gliscor|Gliscor, F|86/100 tox
|switch|p1a: Alomomola|Alomomola, M|100/100 tox
|
|-heal|p2a: Gliscor|98/100 tox|[from] ability: Poison Heal
|-damage|p1a: Alomomola|94/100 tox|[from] psn
|upkeep
|turn|166
|
|t:|1781317058
|switch|p2a: Alomomola|Alomomola, M|100/100
|switch|p1a: Toxapex|Toxapex, F, tera:Grass|100/100 brn
|
|-damage|p1a: Toxapex|95/100 brn|[from] brn
|upkeep
|turn|167
|
|t:|1781317065
|switch|p2a: Gliscor|Gliscor, F|98/100 tox
|move|p1a: Toxapex|Toxic|p2a: Gliscor
|-fail|p2a: Gliscor|tox
|
|-heal|p2a: Gliscor|100/100 tox|[from] ability: Poison Heal
|-damage|p1a: Toxapex|89/100 brn|[from] brn
|upkeep
|turn|168
|
|t:|1781317072
|switch|p2a: Alomomola|Alomomola, M|100/100
|move|p1a: Toxapex|Haze|p1a: Toxapex
|-clearallboost
|
|-damage|p1a: Toxapex|83/100 brn|[from] brn
|upkeep
|turn|169
|
|t:|1781317079
|switch|p2a: Gliscor|Gliscor, F|100/100 tox
|switch|p1a: Alomomola|Alomomola, M|100/100 tox
|
|-damage|p1a: Alomomola|94/100 tox|[from] psn
|upkeep
|turn|170
|
|t:|1781317086
|switch|p2a: Alomomola|Alomomola, M|100/100
|switch|p1a: Toxapex|Toxapex, F, tera:Grass|100/100 brn
|
|-damage|p1a: Toxapex|95/100 brn|[from] brn
|upkeep
|turn|171
|
|t:|1781317093
|switch|p2a: Gliscor|Gliscor, F|100/100 tox
|switch|p1a: Alomomola|Alomomola, M|100/100 tox
|
|-damage|p1a: Alomomola|94/100 tox|[from] psn
|upkeep
|turn|172
|
|t:|1781317100
|switch|p2a: Alomomola|Alomomola, M|100/100
|move|p1a: Alomomola|Flip Turn|p2a: Alomomola
|-resisted|p2a: Alomomola
|-damage|p2a: Alomomola|94/100
|
|t:|1781317106
|switch|p1a: Toxapex|Toxapex, F, tera:Grass|100/100 brn|[from] Flip Turn
|
|-damage|p1a: Toxapex|95/100 brn|[from] brn
|upkeep
|turn|173
|
|t:|1781317114
|switch|p2a: Gliscor|Gliscor, F|100/100 tox
|move|p1a: Toxapex|Haze|p1a: Toxapex
|-clearallboost
|
|-damage|p1a: Toxapex|89/100 brn|[from] brn
|upkeep
|turn|174
|
|t:|1781317123
|switch|p2a: Alomomola|Alomomola, M|100/100
|move|p1a: Toxapex|Haze|p1a: Toxapex
|-clearallboost
|
|-damage|p1a: Toxapex|83/100 brn|[from] brn
|upkeep
|turn|175
|
|t:|1781317130
|switch|p2a: Gliscor|Gliscor, F|100/100 tox
|switch|p1a: Alomomola|Alomomola, M|100/100 tox
|
|-damage|p1a: Alomomola|94/100 tox|[from] psn
|upkeep
|turn|176
|
|t:|1781317137
|switch|p2a: Alomomola|Alomomola, M|100/100
|switch|p1a: Toxapex|Toxapex, F, tera:Grass|100/100 brn
|
|-damage|p1a: Toxapex|95/100 brn|[from] brn
|upkeep
|turn|177
|
|t:|1781317144
|switch|p2a: Gliscor|Gliscor, F|100/100 tox
|move|p1a: Toxapex|Poison Jab|p2a: Gliscor
|-resisted|p2a: Gliscor
|-damage|p2a: Gliscor|96/100 tox
|
|-heal|p2a: Gliscor|100/100 tox|[from] ability: Poison Heal
|-damage|p1a: Toxapex|89/100 brn|[from] brn
|upkeep
|turn|178
|
|t:|1781317151
|switch|p2a: Alomomola|Alomomola, M|100/100
|move|p1a: Toxapex|Haze|p1a: Toxapex
|-clearallboost
|
|-damage|p1a: Toxapex|83/100 brn|[from] brn
|upkeep
|turn|179
|
|t:|1781317158
|switch|p2a: Gliscor|Gliscor, F|100/100 tox
|switch|p1a: Alomomola|Alomomola, M|100/100 tox
|
|-damage|p1a: Alomomola|94/100 tox|[from] psn
|upkeep
|turn|180
|
|t:|1781317165
|switch|p2a: Alomomola|Alomomola, M|100/100
|move|p1a: Alomomola|Flip Turn|p2a: Alomomola
|-resisted|p2a: Alomomola
|-damage|p2a: Alomomola|94/100
|
|t:|1781317172
|switch|p1a: Toxapex|Toxapex, F, tera:Grass|100/100 brn|[from] Flip Turn
|
|-damage|p1a: Toxapex|95/100 brn|[from] brn
|upkeep
|turn|181
|
|t:|1781317179
|switch|p2a: Gliscor|Gliscor, F|100/100 tox
|move|p1a: Toxapex|Poison Jab|p2a: Gliscor
|-resisted|p2a: Gliscor
|-damage|p2a: Gliscor|97/100 tox
|
|-heal|p2a: Gliscor|100/100 tox|[from] ability: Poison Heal
|-damage|p1a: Toxapex|89/100 brn|[from] brn
|upkeep
|turn|182
|
|t:|1781317187
|switch|p2a: Alomomola|Alomomola, M|100/100
|move|p1a: Toxapex|Haze|p1a: Toxapex
|-clearallboost
|
|-damage|p1a: Toxapex|83/100 brn|[from] brn
|upkeep
|turn|183
|
|t:|1781317194
|switch|p2a: Gliscor|Gliscor, F|100/100 tox
|switch|p1a: Alomomola|Alomomola, M|100/100 tox
|
|-damage|p1a: Alomomola|94/100 tox|[from] psn
|upkeep
|turn|184
|
|t:|1781317201
|switch|p2a: Alomomola|Alomomola, M|100/100
|switch|p1a: Toxapex|Toxapex, F, tera:Grass|100/100 brn
|
|-damage|p1a: Toxapex|95/100 brn|[from] brn
|upkeep
|turn|185
|
|t:|1781317208
|switch|p2a: Gliscor|Gliscor, F|100/100 tox
|move|p1a: Toxapex|Poison Jab|p2a: Gliscor
|-resisted|p2a: Gliscor
|-crit|p2a: Gliscor
|-damage|p2a: Gliscor|95/100 tox
|
|-heal|p2a: Gliscor|100/100 tox|[from] ability: Poison Heal
|-damage|p1a: Toxapex|89/100 brn|[from] brn
|upkeep
|turn|186
|
|t:|1781317216
|switch|p2a: Alomomola|Alomomola, M|100/100
|move|p1a: Toxapex|Haze|p1a: Toxapex
|-clearallboost
|
|-damage|p1a: Toxapex|83/100 brn|[from] brn
|upkeep
|turn|187
|
|t:|1781317223
|switch|p2a: Gliscor|Gliscor, F|100/100 tox
|switch|p1a: Alomomola|Alomomola, M|100/100 tox
|
|-damage|p1a: Alomomola|94/100 tox|[from] psn
|upkeep
|turn|188
|
|t:|1781317230
|switch|p2a: Alomomola|Alomomola, M|100/100
|switch|p1a: Toxapex|Toxapex, F, tera:Grass|100/100 brn
|
|-damage|p1a: Toxapex|95/100 brn|[from] brn
|upkeep
|turn|189
|
|t:|1781317237
|switch|p2a: Gliscor|Gliscor, F|100/100 tox
|move|p1a: Toxapex|Toxic|p2a: Gliscor
|-fail|p2a: Gliscor|tox
|
|-damage|p1a: Toxapex|89/100 brn|[from] brn
|upkeep
|turn|190
|
|t:|1781317245
|move|p2a: Gliscor|Protect|p2a: Gliscor
|-singleturn|p2a: Gliscor|Protect
|move|p1a: Toxapex|Haze|p1a: Toxapex
|-clearallboost
|
|-damage|p1a: Toxapex|83/100 brn|[from] brn
|upkeep
|turn|191
|
|t:|1781317252
|switch|p2a: Alomomola|Alomomola, M|100/100
|move|p1a: Toxapex|Haze|p1a: Toxapex
|-clearallboost
|
|-damage|p1a: Toxapex|77/100 brn|[from] brn
|upkeep
|turn|192
|
|t:|1781317263
|switch|p1a: Alomomola|Alomomola, M|100/100 tox
|move|p2a: Alomomola|Body Slam|p1a: Alomomola
|-damage|p1a: Alomomola|91/100 tox
|
|-damage|p1a: Alomomola|85/100 tox|[from] psn
|upkeep
|turn|193
|
|t:|1781317270
|switch|p1a: Toxapex|Toxapex, F, tera:Grass|100/100 brn
|switch|p2a: Gliscor|Gliscor, F|100/100 tox
|
|-damage|p1a: Toxapex|95/100 brn|[from] brn
|upkeep
|turn|194
|
|t:|1781317277
|switch|p2a: Alomomola|Alomomola, M|100/100
|move|p1a: Toxapex|Haze|p1a: Toxapex
|-clearallboost
|
|-damage|p1a: Toxapex|89/100 brn|[from] brn
|upkeep
|turn|195
|
|t:|1781317284
|switch|p2a: Gliscor|Gliscor, F|100/100 tox
|switch|p1a: Alomomola|Alomomola, M|100/100 tox
|
|-damage|p1a: Alomomola|94/100 tox|[from] psn
|upkeep
|turn|196
|
|t:|1781317290
|switch|p2a: Alomomola|Alomomola, M|100/100
|switch|p1a: Toxapex|Toxapex, F, tera:Grass|100/100 brn
|
|-damage|p1a: Toxapex|95/100 brn|[from] brn
|upkeep
|turn|197
|
|t:|1781317297
|switch|p2a: Gliscor|Gliscor, F|100/100 tox
|move|p1a: Toxapex|Poison Jab|p2a: Gliscor
|-resisted|p2a: Gliscor
|-damage|p2a: Gliscor|97/100 tox
|
|-heal|p2a: Gliscor|100/100 tox|[from] ability: Poison Heal
|-damage|p1a: Toxapex|89/100 brn|[from] brn
|upkeep
|turn|198
|
|t:|1781317305
|switch|p2a: Alomomola|Alomomola, M|100/100
|move|p1a: Toxapex|Haze|p1a: Toxapex
|-clearallboost
|
|-damage|p1a: Toxapex|83/100 brn|[from] brn
|upkeep
|turn|199
|
|t:|1781317312
|switch|p2a: Gliscor|Gliscor, F|100/100 tox
|switch|p1a: Alomomola|Alomomola, M|100/100 tox
|
|-damage|p1a: Alomomola|94/100 tox|[from] psn
|upkeep
|turn|200
|
|t:|1781317319
|switch|p2a: Alomomola|Alomomola, M|100/100
|switch|p1a: Toxapex|Toxapex, F, tera:Grass|100/100 brn
|
|-damage|p1a: Toxapex|95/100 brn|[from] brn
|upkeep
|turn|201
|
|t:|1781317326
|switch|p2a: Gliscor|Gliscor, F|100/100 tox
|move|p1a: Toxapex|Haze|p1a: Toxapex
|-clearallboost
|
|-damage|p1a: Toxapex|89/100 brn|[from] brn
|upkeep
|turn|202
|
|t:|1781317333
|switch|p2a: Alomomola|Alomomola, M|100/100
|move|p1a: Toxapex|Haze|p1a: Toxapex
|-clearallboost
|
|-damage|p1a: Toxapex|83/100 brn|[from] brn
|upkeep
|turn|203
|
|t:|1781317340
|switch|p2a: Gliscor|Gliscor, F|100/100 tox
|switch|p1a: Alomomola|Alomomola, M|100/100 tox
|
|-damage|p1a: Alomomola|94/100 tox|[from] psn
|upkeep
|turn|204
|
|t:|1781317348
|switch|p2a: Alomomola|Alomomola, M|100/100
|move|p1a: Alomomola|Flip Turn|p2a: Alomomola
|-resisted|p2a: Alomomola
|-damage|p2a: Alomomola|94/100
|
|t:|1781317355
|switch|p1a: Toxapex|Toxapex, F, tera:Grass|100/100 brn|[from] Flip Turn
|
|-damage|p1a: Toxapex|95/100 brn|[from] brn
|upkeep
|turn|205
|
|t:|1781317361
|switch|p2a: Gliscor|Gliscor, F|100/100 tox
|move|p1a: Toxapex|Poison Jab|p2a: Gliscor
|-resisted|p2a: Gliscor
|-damage|p2a: Gliscor|97/100 tox
|
|-heal|p2a: Gliscor|100/100 tox|[from] ability: Poison Heal
|-damage|p1a: Toxapex|89/100 brn|[from] brn
|upkeep
|turn|206
|
|t:|1781317369
|switch|p2a: Alomomola|Alomomola, M|100/100
|move|p1a: Toxapex|Haze|p1a: Toxapex
|-clearallboost
|
|-damage|p1a: Toxapex|83/100 brn|[from] brn
|upkeep
|turn|207
|
|t:|1781317377
|switch|p1a: Alomomola|Alomomola, M|100/100 tox
|move|p2a: Alomomola|Flip Turn|p1a: Alomomola
|-resisted|p1a: Alomomola
|-damage|p1a: Alomomola|95/100 tox
|
|t:|1781317380
|switch|p2a: Corviknight|Corviknight, M, tera:Flying|3/100 tox|[from] Flip Turn
|-ability|p2a: Corviknight|Pressure
|
|-damage|p2a: Corviknight|0 fnt|[from] psn
|faint|p2a: Corviknight
|-damage|p1a: Alomomola|89/100 tox|[from] psn
|upkeep
|
|t:|1781317383
|switch|p2a: Gliscor|Gliscor, F|100/100 tox
|turn|208
|
|t:|1781317390
|switch|p2a: Alomomola|Alomomola, M|100/100
|move|p1a: Alomomola|Flip Turn|p2a: Alomomola
|-resisted|p2a: Alomomola
|-damage|p2a: Alomomola|95/100
|
|t:|1781317397
|switch|p1a: Toxapex|Toxapex, F, tera:Grass|100/100 brn|[from] Flip Turn
|
|-damage|p1a: Toxapex|95/100 brn|[from] brn
|upkeep
|turn|209
|
|t:|1781317404
|switch|p2a: Gliscor|Gliscor, F|100/100 tox
|switch|p1a: Alomomola|Alomomola, M|100/100 tox
|
|-damage|p1a: Alomomola|94/100 tox|[from] psn
|upkeep
|turn|210
|
|t:|1781317411
|switch|p2a: Alomomola|Alomomola, M|100/100
|switch|p1a: Toxapex|Toxapex, F, tera:Grass|100/100 brn
|
|-damage|p1a: Toxapex|95/100 brn|[from] brn
|upkeep
|turn|211
|inactive|n1ghtzz33 has 120 seconds left.
|
|t:|1781317417
|switch|p2a: Gliscor|Gliscor, F|100/100 tox
|switch|p1a: Alomomola|Alomomola, M|100/100 tox
|
|-damage|p1a: Alomomola|94/100 tox|[from] psn
|upkeep
|turn|212
|inactive|n1ghtzz33 has 120 seconds left.
|inactive|Mr.X&Y97 has 120 seconds left.
|
|t:|1781317448
|switch|p2a: Alomomola|Alomomola, M|100/100
|switch|p1a: Toxapex|Toxapex, F, tera:Grass|100/100 brn
|
|-damage|p1a: Toxapex|95/100 brn|[from] brn
|upkeep
|turn|213
|
|t:|1781317454
|switch|p2a: Gliscor|Gliscor, F|100/100 tox
|switch|p1a: Alomomola|Alomomola, M|100/100 tox
|
|-damage|p1a: Alomomola|94/100 tox|[from] psn
|upkeep
|turn|214
|
|t:|1781317461
|switch|p2a: Alomomola|Alomomola, M|100/100
|switch|p1a: Toxapex|Toxapex, F, tera:Grass|100/100 brn
|
|-damage|p1a: Toxapex|95/100 brn|[from] brn
|upkeep
|turn|215
|
|t:|1781317468
|switch|p2a: Gliscor|Gliscor, F|100/100 tox
|switch|p1a: Alomomola|Alomomola, M|100/100 tox
|
|-damage|p1a: Alomomola|94/100 tox|[from] psn
|upkeep
|turn|216
|
|t:|1781317475
|switch|p2a: Alomomola|Alomomola, M|100/100
|switch|p1a: Toxapex|Toxapex, F, tera:Grass|100/100 brn
|
|-damage|p1a: Toxapex|95/100 brn|[from] brn
|upkeep
|turn|217
|
|t:|1781317482
|switch|p2a: Gliscor|Gliscor, F|100/100 tox
|switch|p1a: Alomomola|Alomomola, M|100/100 tox
|
|-damage|p1a: Alomomola|94/100 tox|[from] psn
|upkeep
|turn|218
|
|t:|1781317489
|switch|p2a: Alomomola|Alomomola, M|100/100
|switch|p1a: Toxapex|Toxapex, F, tera:Grass|100/100 brn
|
|-damage|p1a: Toxapex|95/100 brn|[from] brn
|upkeep
|turn|219
|
|t:|1781317496
|switch|p2a: Gliscor|Gliscor, F|100/100 tox
|switch|p1a: Alomomola|Alomomola, M|100/100 tox
|
|-damage|p1a: Alomomola|94/100 tox|[from] psn
|upkeep
|turn|220
|
|t:|1781317503
|switch|p2a: Alomomola|Alomomola, M|100/100
|switch|p1a: Toxapex|Toxapex, F, tera:Grass|100/100 brn
|
|-damage|p1a: Toxapex|95/100 brn|[from] brn
|upkeep
|turn|221
|
|t:|1781317510
|switch|p2a: Gliscor|Gliscor, F|100/100 tox
|switch|p1a: Alomomola|Alomomola, M|100/100 tox
|
|-damage|p1a: Alomomola|94/100 tox|[from] psn
|upkeep
|turn|222
|
|t:|1781317517
|switch|p2a: Alomomola|Alomomola, M|100/100
|switch|p1a: Toxapex|Toxapex, F, tera:Grass|100/100 brn
|
|-damage|p1a: Toxapex|95/100 brn|[from] brn
|upkeep
|turn|223
|inactive|n1ghtzz33 has 90 seconds left.
|
|t:|1781317524
|switch|p2a: Gliscor|Gliscor, F|100/100 tox
|switch|p1a: Alomomola|Alomomola, M|100/100 tox
|
|-damage|p1a: Alomomola|94/100 tox|[from] psn
|upkeep
|turn|224
|inactive|n1ghtzz33 has 90 seconds left.
|
|t:|1781317531
|switch|p2a: Alomomola|Alomomola, M|100/100
|switch|p1a: Toxapex|Toxapex, F, tera:Grass|100/100 brn
|
|-damage|p1a: Toxapex|95/100 brn|[from] brn
|upkeep
|turn|225
|
|t:|1781317537
|switch|p2a: Gliscor|Gliscor, F|100/100 tox
|switch|p1a: Alomomola|Alomomola, M|100/100 tox
|
|-damage|p1a: Alomomola|94/100 tox|[from] psn
|upkeep
|turn|226
|
|t:|1781317544
|switch|p2a: Alomomola|Alomomola, M|100/100
|switch|p1a: Toxapex|Toxapex, F, tera:Grass|100/100 brn
|
|-damage|p1a: Toxapex|95/100 brn|[from] brn
|upkeep
|turn|227
|
|t:|1781317551
|switch|p2a: Gliscor|Gliscor, F|100/100 tox
|switch|p1a: Alomomola|Alomomola, M|100/100 tox
|
|-damage|p1a: Alomomola|94/100 tox|[from] psn
|upkeep
|turn|228
|
|t:|1781317558
|switch|p2a: Alomomola|Alomomola, M|100/100
|switch|p1a: Toxapex|Toxapex, F, tera:Grass|100/100 brn
|
|-damage|p1a: Toxapex|95/100 brn|[from] brn
|upkeep
|turn|229
|
|t:|1781317565
|switch|p2a: Gliscor|Gliscor, F|100/100 tox
|switch|p1a: Alomomola|Alomomola, M|100/100 tox
|
|-damage|p1a: Alomomola|94/100 tox|[from] psn
|upkeep
|turn|230
|
|t:|1781317572
|switch|p2a: Alomomola|Alomomola, M|100/100
|switch|p1a: Toxapex|Toxapex, F, tera:Grass|100/100 brn
|
|-damage|p1a: Toxapex|95/100 brn|[from] brn
|upkeep
|turn|231
|
|t:|1781317579
|switch|p2a: Gliscor|Gliscor, F|100/100 tox
|switch|p1a: Alomomola|Alomomola, M|100/100 tox
|
|-damage|p1a: Alomomola|94/100 tox|[from] psn
|upkeep
|turn|232
|
|t:|1781317586
|switch|p2a: Alomomola|Alomomola, M|100/100
|switch|p1a: Toxapex|Toxapex, F, tera:Grass|100/100 brn
|
|-damage|p1a: Toxapex|95/100 brn|[from] brn
|upkeep
|turn|233
|
|t:|1781317592
|switch|p2a: Gliscor|Gliscor, F|100/100 tox
|switch|p1a: Alomomola|Alomomola, M|100/100 tox
|
|-damage|p1a: Alomomola|94/100 tox|[from] psn
|upkeep
|turn|234
|
|t:|1781317599
|switch|p2a: Alomomola|Alomomola, M|100/100
|switch|p1a: Toxapex|Toxapex, F, tera:Grass|100/100 brn
|
|-damage|p1a: Toxapex|95/100 brn|[from] brn
|upkeep
|turn|235
|inactive|n1ghtzz33 has 60 seconds left.
|
|t:|1781317606
|switch|p2a: Gliscor|Gliscor, F|100/100 tox
|switch|p1a: Alomomola|Alomomola, M|100/100 tox
|
|-damage|p1a: Alomomola|94/100 tox|[from] psn
|upkeep
|turn|236
|inactive|n1ghtzz33 has 60 seconds left.
|
|t:|1781317613
|switch|p2a: Alomomola|Alomomola, M|100/100
|switch|p1a: Toxapex|Toxapex, F, tera:Grass|100/100 brn
|
|-damage|p1a: Toxapex|95/100 brn|[from] brn
|upkeep
|turn|237
|
|t:|1781317620
|switch|p2a: Gliscor|Gliscor, F|100/100 tox
|switch|p1a: Alomomola|Alomomola, M|100/100 tox
|
|-damage|p1a: Alomomola|94/100 tox|[from] psn
|upkeep
|turn|238
|
|t:|1781317627
|switch|p2a: Alomomola|Alomomola, M|100/100
|switch|p1a: Toxapex|Toxapex, F, tera:Grass|100/100 brn
|
|-damage|p1a: Toxapex|95/100 brn|[from] brn
|upkeep
|turn|239
|
|t:|1781317634
|switch|p2a: Gliscor|Gliscor, F|100/100 tox
|switch|p1a: Alomomola|Alomomola, M|100/100 tox
|
|-damage|p1a: Alomomola|94/100 tox|[from] psn
|upkeep
|turn|240
|
|t:|1781317641
|switch|p2a: Alomomola|Alomomola, M|100/100
|switch|p1a: Toxapex|Toxapex, F, tera:Grass|100/100 brn
|
|-damage|p1a: Toxapex|95/100 brn|[from] brn
|upkeep
|turn|241
|
|t:|1781317648
|switch|p2a: Gliscor|Gliscor, F|100/100 tox
|switch|p1a: Alomomola|Alomomola, M|100/100 tox
|
|-damage|p1a: Alomomola|94/100 tox|[from] psn
|upkeep
|turn|242
|
|t:|1781317655
|switch|p2a: Alomomola|Alomomola, M|100/100
|switch|p1a: Toxapex|Toxapex, F, tera:Grass|100/100 brn
|
|-damage|p1a: Toxapex|95/100 brn|[from] brn
|upkeep
|turn|243
|
|t:|1781317662
|switch|p2a: Gliscor|Gliscor, F|100/100 tox
|switch|p1a: Alomomola|Alomomola, M|100/100 tox
|
|-damage|p1a: Alomomola|94/100 tox|[from] psn
|upkeep
|turn|244
|l|☆Mr.X&Y97
|inactive|Mr.X&Y97 disconnected and has a minute to reconnect!
|player|p2|
|j|☆Mr.X&Y97
|inactive|Mr.X&Y97 reconnected and has 135 seconds left.
|player|p2|Mr.X&Y97|ingo|
|
|t:|1781317679
|switch|p2a: Alomomola|Alomomola, M|100/100
|switch|p1a: Toxapex|Toxapex, F, tera:Grass|100/100 brn
|
|-damage|p1a: Toxapex|95/100 brn|[from] brn
|upkeep
|turn|245
|
|t:|1781317690
|switch|p2a: Gliscor|Gliscor, F|100/100 tox
|switch|p1a: Alomomola|Alomomola, M|100/100 tox
|
|-damage|p1a: Alomomola|94/100 tox|[from] psn
|upkeep
|turn|246
|
|t:|1781317697
|switch|p2a: Alomomola|Alomomola, M|100/100
|switch|p1a: Toxapex|Toxapex, F, tera:Grass|100/100 brn
|
|-damage|p1a: Toxapex|95/100 brn|[from] brn
|upkeep
|turn|247
|inactive|n1ghtzz33 has 30 seconds left.
|inactive|Mr.X&Y97 has 120 seconds left.
|
|t:|1781317704
|switch|p2a: Gliscor|Gliscor, F|100/100 tox
|switch|p1a: Alomomola|Alomomola, M|100/100 tox
|
|-damage|p1a: Alomomola|94/100 tox|[from] psn
|upkeep
|turn|248
|inactive|n1ghtzz33 has 30 seconds left.
|inactive|Mr.X&Y97 has 120 seconds left.
|
|t:|1781317711
|switch|p2a: Alomomola|Alomomola, M|100/100
|switch|p1a: Toxapex|Toxapex, F, tera:Grass|100/100 brn
|
|-damage|p1a: Toxapex|95/100 brn|[from] brn
|upkeep
|turn|249
|inactive|n1ghtzz33 has 30 seconds left this turn.
|
|t:|1781317718
|switch|p2a: Gliscor|Gliscor, F|100/100 tox
|switch|p1a: Alomomola|Alomomola, M|100/100 tox
|
|-damage|p1a: Alomomola|94/100 tox|[from] psn
|upkeep
|turn|250
|inactive|n1ghtzz33 has 30 seconds left this turn.
|
|t:|1781317725
|switch|p2a: Alomomola|Alomomola, M|100/100
|switch|p1a: Toxapex|Toxapex, F, tera:Grass|100/100 brn
|
|-damage|p1a: Toxapex|95/100 brn|[from] brn
|upkeep
|turn|251
|inactive|n1ghtzz33 has 25 seconds left this turn.
|inactive|n1ghtzz33 has 20 seconds left.
|
|t:|1781317732
|switch|p2a: Gliscor|Gliscor, F|100/100 tox
|switch|p1a: Alomomola|Alomomola, M|100/100 tox
|
|-damage|p1a: Alomomola|94/100 tox|[from] psn
|upkeep
|turn|252
|inactive|n1ghtzz33 has 25 seconds left this turn.
|inactive|n1ghtzz33 has 20 seconds left.
|
|t:|1781317739
|switch|p2a: Alomomola|Alomomola, M|100/100
|switch|p1a: Toxapex|Toxapex, F, tera:Grass|100/100 brn
|
|-damage|p1a: Toxapex|95/100 brn|[from] brn
|upkeep
|turn|253
|inactive|n1ghtzz33 has 20 seconds left this turn.
|inactive|n1ghtzz33 has 15 seconds left.
|
|t:|1781317746
|switch|p2a: Gliscor|Gliscor, F|100/100 tox
|switch|p1a: Alomomola|Alomomola, M|100/100 tox
|
|-damage|p1a: Alomomola|94/100 tox|[from] psn
|upkeep
|turn|254
|inactive|n1ghtzz33 has 20 seconds left this turn.
|inactive|n1ghtzz33 has 15 seconds left.
|
|t:|1781317753
|switch|p2a: Alomomola|Alomomola, M|100/100
|switch|p1a: Toxapex|Toxapex, F, tera:Grass|100/100 brn
|
|-damage|p1a: Toxapex|95/100 brn|[from] brn
|upkeep
|turn|255
|inactive|n1ghtzz33 has 15 seconds left this turn.
|inactive|n1ghtzz33 has 10 seconds left.
|
|t:|1781317760
|switch|p2a: Gliscor|Gliscor, F|100/100 tox
|switch|p1a: Alomomola|Alomomola, M|100/100 tox
|
|-damage|p1a: Alomomola|94/100 tox|[from] psn
|upkeep
|turn|256
|inactive|n1ghtzz33 has 15 seconds left this turn.
|inactive|n1ghtzz33 has 10 seconds left.
|
|t:|1781317766
|switch|p2a: Alomomola|Alomomola, M|100/100
|switch|p1a: Toxapex|Toxapex, F, tera:Grass|100/100 brn
|
|-damage|p1a: Toxapex|95/100 brn|[from] brn
|upkeep
|turn|257
|inactive|n1ghtzz33 has 10 seconds left this turn.
|inactive|n1ghtzz33 has 5 seconds left.
|
|t:|1781317773
|switch|p2a: Gliscor|Gliscor, F|100/100 tox
|switch|p1a: Alomomola|Alomomola, M|100/100 tox
|
|-damage|p1a: Alomomola|94/100 tox|[from] psn
|upkeep
|turn|258
|inactive|n1ghtzz33 has 10 seconds left this turn.
|inactive|n1ghtzz33 has 5 seconds left.
|
|t:|1781317780
|switch|p2a: Alomomola|Alomomola, M|100/100
|switch|p1a: Toxapex|Toxapex, F, tera:Grass|100/100 brn
|
|-damage|p1a: Toxapex|95/100 brn|[from] brn
|upkeep
|turn|259
|inactive|n1ghtzz33 has 5 seconds left this turn.
|-message|n1ghtzz33 lost due to inactivity.
|
|win|Mr.X&Y97
|raw|n1ghtzz33's rating: 1549 &rarr; <strong>1533</strong><br />(-16 for losing)
|raw|Mr.X&amp;Y97's rating: 1628 &rarr; <strong>1644</strong><br />(+16 for winning)
|l|☆n1ghtzz33
|player|p1|
|l|☆Mr.X&Y97
|player|p2|
