|j|☆waha8
|j|☆guingil
|t:|1781258783
|gametype|singles
|player|p1|waha8|102|1653
|player|p2|guingil|265|1536
|gen|9
|tier|[Gen 9] OU
|rated|
|rule|HP Percentage Mod: HP is shown in percentages
|rule|Endless Battle Clause: Forcing endless battles is banned
|rule|Species Clause: Limit one of each Pokémon
|rule|OHKO Clause: OHKO moves are banned
|rule|Evasion Items Clause: Evasion items are banned
|rule|Evasion Moves Clause: Evasion moves are banned
|rule|Evasion Abilities Clause: Evasion abilities are banned
|rule|Sleep Moves Clause: Sleep-inducing moves are banned
|clearpoke
|poke|p1|Scizor, F|
|poke|p1|Indeedee, M|
|poke|p1|Kyurem|
|poke|p1|Cetitan, F|
|poke|p1|Ninetales-Alola, F|
|poke|p1|Iron Crown|
|poke|p2|Kyurem|
|poke|p2|Corviknight, F|
|poke|p2|Ting-Lu|
|poke|p2|Dondozo, M|
|poke|p2|Slowking-Galar, M|
|poke|p2|Cinderace, F|
|teampreview
|
|t:|1781258797
|teamsize|p1|6
|teamsize|p2|6
|start
|switch|p1a: DeeDee|Indeedee, M|100/100
|switch|p2a: Cinderace|Cinderace, F|100/100
|-fieldstart|move: Psychic Terrain|[from] ability: Psychic Surge|[of] p1a: DeeDee
|turn|1
|
|t:|1781258804
|switch|p1a: Mavis|Ninetales-Alola, F|100/100
|-weather|Snowscape|[from] ability: Snow Warning|[of] p1a: Mavis
|move|p2a: Cinderace|U-turn|p1a: Mavis
|-resisted|p1a: Mavis
|-damage|p1a: Mavis|91/100
|
|t:|1781258816
|switch|p2a: Slowking|Slowking-Galar, M|100/100|[from] U-turn
|
|-weather|Snowscape|[upkeep]
|upkeep
|turn|2
|
|t:|1781258821
|switch|p1a: SubZero|Kyurem|100/100
|-ability|p1a: SubZero|Pressure
|-prepare|p2a: Slowking|Chilly Reception|[premajor]
|move|p2a: Slowking|Chilly Reception|p2a: Slowking
|
|t:|1781258833
|switch|p2a: Corviknight|Corviknight, F|100/100|[from] Chilly Reception
|-ability|p2a: Corviknight|Pressure
|
|-weather|Snowscape|[upkeep]
|upkeep
|turn|3
|
|t:|1781258843
|move|p1a: SubZero|Dragon Dance|p1a: SubZero
|-boost|p1a: SubZero|atk|1
|-boost|p1a: SubZero|spe|1
|move|p2a: Corviknight|Brave Bird|p1a: SubZero
|-damage|p1a: SubZero|75/100
|-damage|p2a: Corviknight|92/100|[from] Recoil
|
|-weather|Snowscape|[upkeep]
|upkeep
|turn|4
|
|t:|1781258853
|switch|p2a: Dondozo|Dondozo, M|100/100
|-terastallize|p1a: SubZero|Ice
|move|p1a: SubZero|Icicle Spear|p2a: Dondozo
|-resisted|p2a: Dondozo
|-damage|p2a: Dondozo|95/100
|-resisted|p2a: Dondozo
|-damage|p2a: Dondozo|89/100
|-resisted|p2a: Dondozo
|-damage|p2a: Dondozo|83/100
|-resisted|p2a: Dondozo
|-damage|p2a: Dondozo|77/100
|-resisted|p2a: Dondozo
|-damage|p2a: Dondozo|71/100
|-hitcount|p2a: Dondozo|5
|
|-weather|Snowscape|[upkeep]
|-heal|p2a: Dondozo|77/100|[from] item: Leftovers
|upkeep
|turn|5
|
|t:|1781258869
|-terastallize|p2a: Dondozo|Dark
|move|p1a: SubZero|Dragon Dance|p1a: SubZero
|-boost|p1a: SubZero|atk|1
|-boost|p1a: SubZero|spe|1
|move|p2a: Dondozo|Body Press|p1a: SubZero
|-supereffective|p1a: SubZero
|-damage|p1a: SubZero|49/100
|
|-weather|Snowscape|[upkeep]
|-heal|p2a: Dondozo|84/100|[from] item: Leftovers
|upkeep
|turn|6
|
|t:|1781258879
|move|p1a: SubZero|Icicle Spear|p2a: Dondozo
|-damage|p2a: Dondozo|72/100
|-damage|p2a: Dondozo|60/100
|-damage|p2a: Dondozo|49/100
|-damage|p2a: Dondozo|36/100
|-damage|p2a: Dondozo|24/100
|-hitcount|p2a: Dondozo|5
|move|p2a: Dondozo|Curse|p2a: Dondozo
|-unboost|p2a: Dondozo|spe|1
|-boost|p2a: Dondozo|atk|1
|-boost|p2a: Dondozo|def|1
|
|-weather|Snowscape|[upkeep]
|-heal|p2a: Dondozo|30/100|[from] item: Leftovers
|upkeep
|turn|7
|
|t:|1781258892
|move|p1a: SubZero|Freeze-Dry|p2a: Dondozo
|-damage|p2a: Dondozo|3/100
|move|p2a: Dondozo|Rest|p2a: Dondozo
|-status|p2a: Dondozo|slp|[from] move: Rest
|-heal|p2a: Dondozo|100/100 slp|[silent]
|
|-weather|Snowscape|[upkeep]
|upkeep
|turn|8
|
|t:|1781258901
|move|p1a: SubZero|Icicle Spear|p2a: Dondozo
|-damage|p2a: Dondozo|93/100 slp
|-damage|p2a: Dondozo|85/100 slp
|-damage|p2a: Dondozo|77/100 slp
|-damage|p2a: Dondozo|69/100 slp
|-hitcount|p2a: Dondozo|4
|cant|p2a: Dondozo|slp
|
|-weather|none
|-heal|p2a: Dondozo|75/100 slp|[from] item: Leftovers
|-fieldend|move: Psychic Terrain
|upkeep
|turn|9
|
|t:|1781258911
|move|p1a: SubZero|Icicle Spear|p2a: Dondozo
|-damage|p2a: Dondozo|67/100 slp
|-damage|p2a: Dondozo|59/100 slp
|-damage|p2a: Dondozo|51/100 slp
|-damage|p2a: Dondozo|43/100 slp
|-hitcount|p2a: Dondozo|4
|cant|p2a: Dondozo|slp
|
|-heal|p2a: Dondozo|50/100 slp|[from] item: Leftovers
|upkeep
|turn|10
|
|t:|1781258921
|move|p1a: SubZero|Icicle Spear|p2a: Dondozo
|-damage|p2a: Dondozo|42/100 slp
|-crit|p2a: Dondozo
|-damage|p2a: Dondozo|23/100 slp
|-damage|p2a: Dondozo|15/100 slp
|-damage|p2a: Dondozo|6/100 slp
|-hitcount|p2a: Dondozo|4
|-curestatus|p2a: Dondozo|slp|[msg]
|move|p2a: Dondozo|Body Press|p1a: SubZero
|-supereffective|p1a: SubZero
|-damage|p1a: SubZero|0 fnt
|faint|p1a: SubZero
|
|-heal|p2a: Dondozo|12/100|[from] item: Leftovers
|upkeep
|c|☆guingil|whew
|
|t:|1781258935
|switch|p1a: Mavis|Ninetales-Alola, F|91/100
|-weather|Snowscape|[from] ability: Snow Warning|[of] p1a: Mavis
|turn|11
|c|☆guingil|got lucky
|
|t:|1781258940
|switch|p2a: Cinderace|Cinderace, F|100/100
|move|p1a: Mavis|Freeze-Dry|p2a: Cinderace
|-resisted|p2a: Cinderace
|-crit|p2a: Cinderace
|-damage|p2a: Cinderace|77/100
|
|-weather|Snowscape|[upkeep]
|upkeep
|turn|12
|
|t:|1781258952
|move|p2a: Cinderace|Pyro Ball|p1a: Mavis
|-supereffective|p1a: Mavis
|-damage|p1a: Mavis|0 fnt
|faint|p1a: Mavis
|
|-weather|Snowscape|[upkeep]
|upkeep
|
|t:|1781258956
|switch|p1a: Thing|Cetitan, F|100/100
|turn|13
|
|t:|1781258961
|move|p1a: Thing|Belly Drum|p1a: Thing
|-damage|p1a: Thing|50/100
|-setboost|p1a: Thing|atk|6|[from] move: Belly Drum
|-enditem|p1a: Thing|Sitrus Berry|[eat]
|-heal|p1a: Thing|75/100|[from] item: Sitrus Berry
|move|p2a: Cinderace|Will-O-Wisp|p1a: Thing
|-status|p1a: Thing|brn
|
|-weather|Snowscape|[upkeep]
|-damage|p1a: Thing|69/100 brn|[from] brn
|upkeep
|turn|14
|
|t:|1781258972
|switch|p2a: Corviknight|Corviknight, F|92/100
|-ability|p2a: Corviknight|Pressure
|move|p1a: Thing|Earthquake|p2a: Corviknight
|-immune|p2a: Corviknight
|
|-weather|Snowscape|[upkeep]
|-damage|p1a: Thing|63/100 brn|[from] brn
|upkeep
|turn|15
|
|t:|1781258986
|move|p1a: Thing|Icicle Spear|p2a: Corviknight
|-damage|p2a: Corviknight|77/100
|-damage|p2a: Corviknight|62/100
|-damage|p2a: Corviknight|47/100
|-hitcount|p2a: Corviknight|3
|move|p2a: Corviknight|Brave Bird|p1a: Thing
|-damage|p1a: Thing|40/100 brn
|-damage|p2a: Corviknight|38/100|[from] Recoil
|
|-weather|Snowscape|[upkeep]
|-damage|p1a: Thing|33/100 brn|[from] brn
|upkeep
|turn|16
|
|t:|1781259005
|move|p1a: Thing|Icicle Spear|p2a: Corviknight
|-damage|p2a: Corviknight|22/100
|-damage|p2a: Corviknight|6/100
|-damage|p2a: Corviknight|0 fnt
|faint|p2a: Corviknight
|-hitcount|p2: Corviknight|3
|
|-weather|Snowscape|[upkeep]
|-damage|p1a: Thing|27/100 brn|[from] brn
|upkeep
|
|t:|1781259017
|switch|p2a: Kyurem|Kyurem|100/100
|-ability|p2a: Kyurem|Pressure
|turn|17
|j| choispecs ironmoth
|j| Puyu paz
|inactive|Battle timer is ON: inactive players will automatically lose when time's up. (requested by guingil)
|
|t:|1781259054
|move|p2a: Kyurem|Protect|p2a: Kyurem
|-singleturn|p2a: Kyurem|Protect
|move|p1a: Thing|Icicle Spear|p2a: Kyurem
|-activate|p2a: Kyurem|move: Protect
|
|-weather|Snowscape|[upkeep]
|-damage|p1a: Thing|21/100 brn|[from] brn
|upkeep
|turn|18
|
|t:|1781259067
|move|p1a: Thing|Icicle Spear|p2a: Kyurem
|-damage|p2a: Kyurem|86/100
|-damage|p2a: Kyurem|71/100
|-damage|p2a: Kyurem|54/100
|-hitcount|p2a: Kyurem|3
|move|p2a: Kyurem|Earth Power|p1a: Thing
|-damage|p1a: Thing|0 fnt
|faint|p1a: Thing
|
|-weather|none
|-heal|p2a: Kyurem|61/100|[from] item: Leftovers
|upkeep
|
|t:|1781259077
|switch|p1a: DeeDee|Indeedee, M|100/100
|-fieldstart|move: Psychic Terrain|[from] ability: Psychic Surge|[of] p1a: DeeDee
|turn|19
|
|t:|1781259083
|move|p2a: Kyurem|Protect|p2a: Kyurem
|-singleturn|p2a: Kyurem|Protect
|move|p1a: DeeDee|Expanding Force|p2a: Kyurem
|-activate|p2a: Kyurem|move: Protect
|
|-heal|p2a: Kyurem|67/100|[from] item: Leftovers
|upkeep
|turn|20
|
|t:|1781259089
|switch|p2a: Ting-Lu|Ting-Lu|100/100
|-ability|p2a: Ting-Lu|Vessel of Ruin
|move|p1a: DeeDee|Dazzling Gleam|p2a: Ting-Lu
|-supereffective|p2a: Ting-Lu
|-damage|p2a: Ting-Lu|80/100
|
|-heal|p2a: Ting-Lu|86/100|[from] item: Leftovers
|upkeep
|turn|21
|
|t:|1781259098
|move|p1a: DeeDee|Dazzling Gleam|p2a: Ting-Lu
|-supereffective|p2a: Ting-Lu
|-damage|p2a: Ting-Lu|68/100
|move|p2a: Ting-Lu|Payback|p1a: DeeDee
|-supereffective|p1a: DeeDee
|-damage|p1a: DeeDee|0 fnt
|faint|p1a: DeeDee
|
|-heal|p2a: Ting-Lu|74/100|[from] item: Leftovers
|upkeep
|
|t:|1781259105
|switch|p1a: Scizor|Scizor, F|100/100
|turn|22
|
|t:|1781259109
|move|p1a: Scizor|Knock Off|p2a: Ting-Lu
|-resisted|p2a: Ting-Lu
|-damage|p2a: Ting-Lu|64/100
|-enditem|p2a: Ting-Lu|Leftovers|[from] move: Knock Off|[of] p1a: Scizor
|move|p2a: Ting-Lu|Earthquake|p1a: Scizor
|-damage|p1a: Scizor|61/100
|
|upkeep
|turn|23
|
|t:|1781259116
|move|p1a: Scizor|Swords Dance|p1a: Scizor
|-boost|p1a: Scizor|atk|2
|move|p2a: Ting-Lu|Earthquake|p1a: Scizor
|-damage|p1a: Scizor|24/100
|
|upkeep
|turn|24
|
|t:|1781259122
|move|p1a: Scizor|Knock Off|p2a: Ting-Lu
|-resisted|p2a: Ting-Lu
|-damage|p2a: Ting-Lu|51/100
|move|p2a: Ting-Lu|Earthquake|p1a: Scizor
|-damage|p1a: Scizor|0 fnt
|faint|p1a: Scizor
|
|upkeep
|
|t:|1781259128
|switch|p1a: Iron Crown|Iron Crown|100/100
|-enditem|p1a: Iron Crown|Booster Energy
|-activate|p1a: Iron Crown|ability: Quark Drive|[fromitem]
|-start|p1a: Iron Crown|quarkdrivespe
|turn|25
|
|t:|1781259135
|move|p1a: Iron Crown|Calm Mind|p1a: Iron Crown
|-boost|p1a: Iron Crown|spa|1
|-boost|p1a: Iron Crown|spd|1
|move|p2a: Ting-Lu|Payback|p1a: Iron Crown
|-supereffective|p1a: Iron Crown
|-damage|p1a: Iron Crown|22/100
|
|upkeep
|turn|26
|
|t:|1781259140
|move|p1a: Iron Crown|Tachyon Cutter|p2a: Ting-Lu
|-damage|p2a: Ting-Lu|36/100
|-damage|p2a: Ting-Lu|22/100
|-hitcount|p2a: Ting-Lu|2
|move|p2a: Ting-Lu|Payback|p1a: Iron Crown
|-supereffective|p1a: Iron Crown
|-damage|p1a: Iron Crown|0 fnt
|faint|p1a: Iron Crown
|-end|p1a: Iron Crown|Quark Drive|[silent]
|
|win|guingil
|raw|waha8's rating: 1653 &rarr; <strong>1627</strong><br />(-26 for losing)
|raw|guingil's rating: 1536 &rarr; <strong>1562</strong><br />(+26 for winning)
|c|☆waha8|gg
|c|☆guingil|gg
|l| Puyu paz
|l|☆waha8
|player|p1|
|l|☆guingil
|player|p2|
|l| choispecs ironmoth
