|j|☆Bigkyuza18
|j|☆deathprofessor21
|t:|1781323589
|gametype|singles
|player|p1|Bigkyuza18|265|1632
|player|p2|deathprofessor21|1|1550
|gen|9
|tier|[Gen 9] OU
|rated|
|rule|HP Percentage Mod: HP is shown in percentages
|rule|Endless Battle Clause: Forcing endless battles is banned
|rule|Species Clause: Limit one of each Pokémon
|rule|OHKO Clause: OHKO moves are banned
|rule|Evasion Items Clause: Evasion items are banned
|rule|Evasion Moves Clause: Evasion moves are banned
|rule|Evasion Abilities Clause: Evasion abilities are banned
|rule|Sleep Moves Clause: Sleep-inducing moves are banned
|clearpoke
|poke|p1|Tyranitar, F|
|poke|p1|Excadrill, F|
|poke|p1|Tornadus-Therian, M|
|poke|p1|Sinistcha|
|poke|p1|Toxapex, M|
|poke|p1|Tinkaton, F|
|poke|p2|Slowking-Galar, M|
|poke|p2|Hydrapple, F|
|poke|p2|Moltres|
|poke|p2|Raging Bolt|
|poke|p2|Dragapult, F|
|poke|p2|Meowscarada, F|
|teampreview
|inactive|Battle timer is ON: inactive players will automatically lose when time's up. (requested by deathprofessor21)
|
|t:|1781323614
|teamsize|p1|6
|teamsize|p2|6
|start
|switch|p1a: Tornadus|Tornadus-Therian, M|100/100
|switch|p2a: Slowking|Slowking-Galar, M|100/100
|turn|1
|
|t:|1781323621
|switch|p1a: Excadrill|Excadrill, F|100/100
|move|p2a: Slowking|Ice Beam|p1a: Excadrill
|-damage|p1a: Excadrill|63/100
|
|upkeep
|turn|2
|
|t:|1781323629
|move|p1a: Excadrill|Rock Blast|p2a: Slowking
|-damage|p2a: Slowking|90/100
|-damage|p2a: Slowking|80/100
|-crit|p2a: Slowking
|-damage|p2a: Slowking|63/100
|-damage|p2a: Slowking|52/100
|-hitcount|p2a: Slowking|4
|move|p2a: Slowking|Flamethrower|p1a: Excadrill
|-supereffective|p1a: Excadrill
|-damage|p1a: Excadrill|0 fnt
|faint|p1a: Excadrill
|
|upkeep
|
|t:|1781323633
|switch|p1a: Tyranitar|Tyranitar, F|100/100
|-weather|Sandstorm|[from] ability: Sand Stream|[of] p1a: Tyranitar
|turn|3
|
|t:|1781323654
|switch|p2a: Moltres|Moltres|100/100
|move|p1a: Tyranitar|Stone Edge|p2a: Moltres
|-supereffective|p2a: Moltres
|-crit|p2a: Moltres
|-damage|p2a: Moltres|0 fnt
|faint|p2a: Moltres
|
|-weather|Sandstorm|[upkeep]
|upkeep
|
|t:|1781323659
|switch|p2a: Meowscarada|Meowscarada, F|100/100
|turn|4
|
|t:|1781323662
|switch|p1a: Toxapex|Toxapex, M|100/100
|move|p2a: Meowscarada|U-turn|p1a: Toxapex
|-start|p2a: Meowscarada|typechange|Bug|[from] ability: Protean
|-resisted|p1a: Toxapex
|-damage|p1a: Toxapex|81/100
|-enditem|p1a: Toxapex|Eject Button
|
|t:|1781323666
|switch|p1a: Tornadus|Tornadus-Therian, M|100/100
|
|-weather|Sandstorm|[upkeep]
|-damage|p2a: Meowscarada|94/100|[from] Sandstorm
|-damage|p1a: Tornadus|94/100|[from] Sandstorm
|upkeep
|turn|5
|
|t:|1781323671
|move|p2a: Meowscarada|U-turn|p1a: Tornadus
|-resisted|p1a: Tornadus
|-damage|p1a: Tornadus|60/100
|
|t:|1781323674
|switch|p2a: Slowking|Slowking-Galar, M|85/100|[from] U-turn
|move|p1a: Tornadus|Bleakwind Storm|p2a: Slowking
|-damage|p2a: Slowking|49/100
|
|-weather|Sandstorm|[upkeep]
|-damage|p1a: Tornadus|54/100|[from] Sandstorm
|-damage|p2a: Slowking|43/100|[from] Sandstorm
|upkeep
|turn|6
|
|t:|1781323681
|switch|p1a: Tyranitar|Tyranitar, F|100/100
|move|p2a: Slowking|Sludge Bomb|p1a: Tyranitar
|-resisted|p1a: Tyranitar
|-damage|p1a: Tyranitar|86/100
|
|-weather|Sandstorm|[upkeep]
|-damage|p2a: Slowking|37/100|[from] Sandstorm
|upkeep
|turn|7
|
|t:|1781323685
|move|p1a: Tyranitar|Stone Edge|p2a: Slowking|[miss]
|-miss|p1a: Tyranitar|p2a: Slowking
|move|p2a: Slowking|Sludge Bomb|p1a: Tyranitar
|-resisted|p1a: Tyranitar
|-damage|p1a: Tyranitar|71/100
|
|-weather|none
|upkeep
|turn|8
|
|t:|1781323690
|move|p1a: Tyranitar|Stone Edge|p2a: Slowking
|-damage|p2a: Slowking|0 fnt
|faint|p2a: Slowking
|
|upkeep
|
|t:|1781323695
|switch|p2a: Meowscarada|Meowscarada, F|94/100
|turn|9
|
|t:|1781323699
|switch|p1a: Toxapex|Toxapex, M|100/100
|move|p2a: Meowscarada|U-turn|p1a: Toxapex
|-start|p2a: Meowscarada|typechange|Bug|[from] ability: Protean
|-resisted|p1a: Toxapex
|-damage|p1a: Toxapex|81/100
|
|t:|1781323702
|switch|p2a: Raging Bolt|Raging Bolt|100/100|[from] U-turn
|
|upkeep
|turn|10
|
|t:|1781323705
|move|p2a: Raging Bolt|Volt Switch|p1a: Toxapex
|-supereffective|p1a: Toxapex
|-damage|p1a: Toxapex|26/100
|
|t:|1781323708
|-end|p2a: Raging Bolt|Protosynthesis|[silent]
|switch|p2a: Meowscarada|Meowscarada, F|94/100|[from] Volt Switch
|move|p1a: Toxapex|Toxic Spikes|p2a: Meowscarada
|-sidestart|p2: deathprofessor21|move: Toxic Spikes
|
|upkeep
|turn|11
|
|t:|1781323717
|switch|p1a: Tinkaton|Tinkaton, F|100/100
|-ability|p1a: Tinkaton|Mold Breaker
|-item|p1a: Tinkaton|Air Balloon
|move|p2a: Meowscarada|Triple Axel|p1a: Tinkaton
|-start|p2a: Meowscarada|typechange|Ice|[from] ability: Protean
|-resisted|p1a: Tinkaton
|-damage|p1a: Tinkaton|92/100
|-enditem|p1a: Tinkaton|Air Balloon
|-resisted|p1a: Tinkaton
|-damage|p1a: Tinkaton|76/100
|-resisted|p1a: Tinkaton
|-damage|p1a: Tinkaton|53/100
|-hitcount|p1a: Tinkaton|3
|
|upkeep
|turn|12
|
|t:|1781323728
|switch|p2a: Raging Bolt|Raging Bolt|100/100
|-status|p2a: Raging Bolt|psn
|move|p1a: Tinkaton|Gigaton Hammer|p2a: Raging Bolt
|-resisted|p2a: Raging Bolt
|-damage|p2a: Raging Bolt|79/100 psn
|
|-damage|p2a: Raging Bolt|66/100 psn|[from] psn
|upkeep
|turn|13
|
|t:|1781323734
|move|p2a: Raging Bolt|Volt Switch|p1a: Tinkaton
|-damage|p1a: Tinkaton|14/100
|
|t:|1781323744
|-end|p2a: Raging Bolt|Protosynthesis|[silent]
|switch|p2a: Meowscarada|Meowscarada, F|94/100|[from] Volt Switch
|-status|p2a: Meowscarada|psn
|move|p1a: Tinkaton|Stealth Rock|p2a: Meowscarada
|-sidestart|p2: deathprofessor21|move: Stealth Rock
|
|-damage|p2a: Meowscarada|82/100 psn|[from] psn
|upkeep
|turn|14
|
|t:|1781323748
|move|p2a: Meowscarada|U-turn|p1a: Tinkaton
|-start|p2a: Meowscarada|typechange|Bug|[from] ability: Protean
|-resisted|p1a: Tinkaton
|-crit|p1a: Tinkaton
|-damage|p1a: Tinkaton|0 fnt
|faint|p1a: Tinkaton
|
|t:|1781323754
|switch|p2a: Raging Bolt|Raging Bolt|66/100 psn|[from] U-turn
|-damage|p2a: Raging Bolt|54/100 psn|[from] Stealth Rock
|
|-damage|p2a: Raging Bolt|42/100 psn|[from] psn
|upkeep
|
|t:|1781323756
|switch|p1a: Tyranitar|Tyranitar, F|71/100
|-weather|Sandstorm|[from] ability: Sand Stream|[of] p1a: Tyranitar
|turn|15
|
|t:|1781323760
|move|p2a: Raging Bolt|Volt Switch|p1a: Tyranitar
|-damage|p1a: Tyranitar|42/100
|
|t:|1781323762
|-end|p2a: Raging Bolt|Protosynthesis|[silent]
|switch|p2a: Hydrapple|Hydrapple, F|100/100|[from] Volt Switch
|-status|p2a: Hydrapple|psn
|-damage|p2a: Hydrapple|88/100 psn|[from] Stealth Rock
|move|p1a: Tyranitar|Knock Off|p2a: Hydrapple
|-damage|p2a: Hydrapple|20/100 psn
|-enditem|p2a: Hydrapple|Life Orb|[from] move: Knock Off|[of] p1a: Tyranitar
|
|-weather|Sandstorm|[upkeep]
|-damage|p2a: Hydrapple|14/100 psn|[from] Sandstorm
|-damage|p2a: Hydrapple|1/100 psn|[from] psn
|upkeep
|turn|16
|
|t:|1781323768
|move|p1a: Tyranitar|Knock Off|p2a: Hydrapple
|-damage|p2a: Hydrapple|0 fnt
|faint|p2a: Hydrapple
|
|-weather|Sandstorm|[upkeep]
|upkeep
|
|t:|1781323774
|switch|p2a: Meowscarada|Meowscarada, F|82/100 psn
|-damage|p2a: Meowscarada|70/100 psn|[from] Stealth Rock
|turn|17
|
|t:|1781323778
|switch|p1a: Toxapex|Toxapex, M|59/100
|move|p2a: Meowscarada|U-turn|p1a: Toxapex
|-start|p2a: Meowscarada|typechange|Bug|[from] ability: Protean
|-resisted|p1a: Toxapex
|-damage|p1a: Toxapex|41/100
|
|t:|1781323781
|switch|p2a: Raging Bolt|Raging Bolt|42/100 psn|[from] U-turn
|-damage|p2a: Raging Bolt|29/100 psn|[from] Stealth Rock
|
|-weather|Sandstorm|[upkeep]
|-damage|p2a: Raging Bolt|23/100 psn|[from] Sandstorm
|-damage|p1a: Toxapex|34/100|[from] Sandstorm
|-damage|p2a: Raging Bolt|11/100 psn|[from] psn
|upkeep
|turn|18
|
|t:|1781323785
|move|p2a: Raging Bolt|Volt Switch|p1a: Toxapex
|-supereffective|p1a: Toxapex
|-damage|p1a: Toxapex|0 fnt
|faint|p1a: Toxapex
|
|t:|1781323792
|-end|p2a: Raging Bolt|Protosynthesis|[silent]
|switch|p2a: Meowscarada|Meowscarada, F|70/100 psn|[from] Volt Switch
|-damage|p2a: Meowscarada|58/100 psn|[from] Stealth Rock
|
|-weather|Sandstorm|[upkeep]
|-damage|p2a: Meowscarada|52/100 psn|[from] Sandstorm
|-damage|p2a: Meowscarada|39/100 psn|[from] psn
|upkeep
|
|t:|1781323796
|switch|p1a: Sinistcha|Sinistcha|100/100
|turn|19
|
|t:|1781323799
|move|p2a: Meowscarada|Triple Axel|p1a: Sinistcha
|-start|p2a: Meowscarada|typechange|Ice|[from] ability: Protean
|-supereffective|p1a: Sinistcha
|-damage|p1a: Sinistcha|80/100
|-supereffective|p1a: Sinistcha
|-damage|p1a: Sinistcha|43/100
|-supereffective|p1a: Sinistcha
|-damage|p1a: Sinistcha|0 fnt
|faint|p1a: Sinistcha
|-hitcount|p1: Sinistcha|3
|
|-weather|none
|-damage|p2a: Meowscarada|27/100 psn|[from] psn
|upkeep
|
|t:|1781323805
|switch|p1a: Tyranitar|Tyranitar, F|42/100
|-weather|Sandstorm|[from] ability: Sand Stream|[of] p1a: Tyranitar
|turn|20
|
|t:|1781323807
|move|p2a: Meowscarada|Triple Axel|p1a: Tyranitar
|-damage|p1a: Tyranitar|28/100
|-damage|p1a: Tyranitar|1/100
|-damage|p1a: Tyranitar|0 fnt
|faint|p1a: Tyranitar
|-hitcount|p1: Tyranitar|3
|
|-weather|Sandstorm|[upkeep]
|-damage|p2a: Meowscarada|21/100 psn|[from] Sandstorm
|-damage|p2a: Meowscarada|9/100 psn|[from] psn
|upkeep
|-message|Bigkyuza18 forfeited.
|
|win|deathprofessor21
|raw|Bigkyuza18's rating: 1632 &rarr; <strong>1607</strong><br />(-25 for losing)
|raw|deathprofessor21's rating: 1550 &rarr; <strong>1575</strong><br />(+25 for winning)
|l|☆Bigkyuza18
|player|p1|
