|j|☆cachowcapow
|j|☆151htyrneh
|t:|1781430534
|gametype|singles
|player|p1|cachowcapow|2|1746
|player|p2|151htyrneh|skyla|1814
|gen|9
|tier|[Gen 9] OU
|rated|
|rule|HP Percentage Mod: HP is shown in percentages
|rule|Endless Battle Clause: Forcing endless battles is banned
|rule|Species Clause: Limit one of each Pokémon
|rule|OHKO Clause: OHKO moves are banned
|rule|Evasion Items Clause: Evasion items are banned
|rule|Evasion Moves Clause: Evasion moves are banned
|rule|Evasion Abilities Clause: Evasion abilities are banned
|rule|Sleep Moves Clause: Sleep-inducing moves are banned
|clearpoke
|poke|p1|Alomomola, M|
|poke|p1|Gardevoir, M|
|poke|p1|Scizor, M|
|poke|p1|Slither Wing|
|poke|p1|Mew|
|poke|p1|Meowscarada, M|
|poke|p2|Ninetales, F|
|poke|p2|Hatterene, F|
|poke|p2|Great Tusk|
|poke|p2|Walking Wake|
|poke|p2|Raging Bolt|
|poke|p2|Kingambit, M|
|teampreview
|inactive|Battle timer is ON: inactive players will automatically lose when time's up. (requested by 151htyrneh)
|
|t:|1781430544
|teamsize|p1|6
|teamsize|p2|6
|start
|switch|p1a: Meowscarada|Meowscarada, M|100/100
|switch|p2a: Ninetales|Ninetales, F|100/100
|-weather|SunnyDay|[from] ability: Drought|[of] p2a: Ninetales
|turn|1
|
|t:|1781430548
|switch|p2a: Hatterene|Hatterene, F|100/100
|move|p1a: Meowscarada|U-turn|p2a: Hatterene
|-start|p1a: Meowscarada|typechange|Bug|[from] ability: Protean
|-damage|p2a: Hatterene|69/100
|-enditem|p2a: Hatterene|Eject Button
|
|t:|1781430554
|switch|p2a: Raging Bolt|Raging Bolt|100/100
|-activate|p2a: Raging Bolt|ability: Protosynthesis
|-start|p2a: Raging Bolt|protosynthesisspa
|
|-weather|SunnyDay|[upkeep]
|upkeep
|turn|2
|
|t:|1781430560
|move|p1a: Meowscarada|U-turn|p2a: Raging Bolt
|-damage|p2a: Raging Bolt|80/100
|
|t:|1781430562
|switch|p1a: Scizor|Scizor, M|100/100|[from] U-turn
|move|p2a: Raging Bolt|Volt Switch|p1a: Scizor
|-damage|p1a: Scizor|35/100
|
|t:|1781430568
|-end|p2a: Raging Bolt|Protosynthesis|[silent]
|switch|p2a: Walking Wake|Walking Wake|100/100|[from] Volt Switch
|-activate|p2a: Walking Wake|ability: Protosynthesis
|-start|p2a: Walking Wake|protosynthesisspe
|
|-weather|SunnyDay|[upkeep]
|upkeep
|turn|3
|
|t:|1781430573
|switch|p1a: Alomomola|Alomomola, M|100/100
|move|p2a: Walking Wake|Hydro Steam|p1a: Alomomola
|-resisted|p1a: Alomomola
|-damage|p1a: Alomomola|59/100
|-damage|p2a: Walking Wake|91/100|[from] item: Life Orb
|
|-weather|SunnyDay|[upkeep]
|upkeep
|turn|4
|
|t:|1781430579
|switch|p1a: Gardevoir|Gardevoir, M, shiny|100/100
|move|p2a: Walking Wake|Hydro Steam|p1a: Gardevoir
|-damage|p1a: Gardevoir|14/100
|-damage|p2a: Walking Wake|81/100|[from] item: Life Orb
|
|-weather|SunnyDay|[upkeep]
|upkeep
|turn|5
|
|t:|1781430583
|move|p2a: Walking Wake|Hydro Steam|p1a: Gardevoir
|-damage|p1a: Gardevoir|0 fnt
|faint|p1a: Gardevoir
|-damage|p2a: Walking Wake|71/100|[from] item: Life Orb
|
|-weather|SunnyDay|[upkeep]
|upkeep
|j| sote og rare
|
|t:|1781430587
|switch|p1a: Mew|Mew, shiny|100/100
|turn|6
|
|t:|1781430590
|move|p2a: Walking Wake|Hydro Steam|p1a: Mew
|-damage|p1a: Mew|35/100
|-damage|p2a: Walking Wake|62/100|[from] item: Life Orb
|move|p1a: Mew|Agility|p1a: Mew
|-boost|p1a: Mew|spe|2
|
|-weather|SunnyDay|[upkeep]
|upkeep
|turn|7
|
|t:|1781430595
|-terastallize|p1a: Mew|Fairy
|move|p2a: Walking Wake|Hydro Steam|p1a: Mew
|-damage|p1a: Mew|0 fnt
|faint|p1a: Mew
|-damage|p2a: Walking Wake|52/100|[from] item: Life Orb
|
|-weather|SunnyDay|[upkeep]
|upkeep
|-message|cachowcapow forfeited.
|
|win|151htyrneh
|raw|cachowcapow's rating: 1746 &rarr; <strong>1730</strong><br />(-16 for losing)
|raw|151htyrneh's rating: 1814 &rarr; <strong>1830</strong><br />(+16 for winning)
|l|☆cachowcapow
|player|p1|
|j| Amuetur
|l| Amuetur
|j| Amuetur
|l| Amuetur
|l| sote og rare
