|j|☆IRON VALIANT
|j|☆LowEL0God
|t:|1781501155
|gametype|singles
|player|p1|IRON VALIANT|miku-water|1539
|player|p2|LowEL0God|265|1548
|gen|9
|tier|[Gen 9] OU
|rated|
|rule|HP Percentage Mod: HP is shown in percentages
|rule|Endless Battle Clause: Forcing endless battles is banned
|rule|Species Clause: Limit one of each Pokémon
|rule|OHKO Clause: OHKO moves are banned
|rule|Evasion Items Clause: Evasion items are banned
|rule|Evasion Moves Clause: Evasion moves are banned
|rule|Evasion Abilities Clause: Evasion abilities are banned
|rule|Sleep Moves Clause: Sleep-inducing moves are banned
|clearpoke
|poke|p1|Ting-Lu|
|poke|p1|Gliscor, M|
|poke|p1|Sinistcha-Masterpiece|
|poke|p1|Keldeo|
|poke|p1|Tinkaton, F|
|poke|p1|Dragonite, M|
|poke|p2|Pelipper, F|
|poke|p2|Raging Bolt|
|poke|p2|Overqwil, F|
|poke|p2|Barraskewda, M|
|poke|p2|Iron Treads|
|poke|p2|Kingambit, F|
|teampreview
|inactive|Battle timer is ON: inactive players will automatically lose when time's up. (requested by IRON VALIANT)
|c|☆LowEL0God|hf
|inactive|LowEL0God also wants the timer to be on.
|c|☆IRON VALIANT|u2
|
|t:|1781501162
|teamsize|p1|6
|teamsize|p2|6
|start
|switch|p1a: Tinkki Minaj|Tinkaton, F|100/100
|switch|p2a: Raging Bolt|Raging Bolt|100/100
|-ability|p1a: Tinkki Minaj|Mold Breaker
|-item|p1a: Tinkki Minaj|Air Balloon
|-enditem|p2a: Raging Bolt|Booster Energy
|-activate|p2a: Raging Bolt|ability: Protosynthesis|[fromitem]
|-start|p2a: Raging Bolt|protosynthesisspa
|turn|1
|
|t:|1781501166
|move|p1a: Tinkki Minaj|Stealth Rock|p2a: Raging Bolt
|-sidestart|p2: LowEL0God|move: Stealth Rock
|move|p2a: Raging Bolt|Thunder|p1a: Tinkki Minaj
|-damage|p1a: Tinkki Minaj|25/100
|-enditem|p1a: Tinkki Minaj|Air Balloon
|
|upkeep
|turn|2
|
|t:|1781501169
|move|p1a: Tinkki Minaj|Encore|p2a: Raging Bolt
|-start|p2a: Raging Bolt|Encore
|move|p2a: Raging Bolt|Thunder|p1a: Tinkki Minaj
|-damage|p1a: Tinkki Minaj|0 fnt
|faint|p1a: Tinkki Minaj
|
|upkeep
|
|t:|1781501178
|switch|p1a: Dance Armstrong|Gliscor, M|100/100
|turn|3
|
|t:|1781501179
|-end|p2a: Raging Bolt|Protosynthesis|[silent]
|switch|p2a: Pelipper|Pelipper, F|100/100
|-damage|p2a: Pelipper|76/100|[from] Stealth Rock
|-weather|RainDance|[from] ability: Drizzle|[of] p2a: Pelipper
|move|p1a: Dance Armstrong|Swords Dance|p1a: Dance Armstrong
|-boost|p1a: Dance Armstrong|atk|2
|
|-weather|RainDance|[upkeep]
|-status|p1a: Dance Armstrong|tox|[from] item: Toxic Orb
|upkeep
|turn|4
|
|t:|1781501182
|-terastallize|p1a: Dance Armstrong|Normal
|move|p1a: Dance Armstrong|Facade|p2a: Pelipper
|-damage|p2a: Pelipper|8/100
|move|p2a: Pelipper|Weather Ball|p1a: Dance Armstrong
|-damage|p1a: Dance Armstrong|41/100 tox
|
|-weather|RainDance|[upkeep]
|-heal|p1a: Dance Armstrong|53/100 tox|[from] ability: Poison Heal
|upkeep
|turn|5
|
|t:|1781501196
|move|p1a: Dance Armstrong|Facade|p2a: Pelipper
|-damage|p2a: Pelipper|0 fnt
|faint|p2a: Pelipper
|
|-weather|RainDance|[upkeep]
|-heal|p1a: Dance Armstrong|66/100 tox|[from] ability: Poison Heal
|upkeep
|
|t:|1781501197
|switch|p2a: Raging Bolt|Raging Bolt|100/100
|-damage|p2a: Raging Bolt|88/100|[from] Stealth Rock
|turn|6
|
|t:|1781501201
|move|p1a: Dance Armstrong|Protect|p1a: Dance Armstrong
|-singleturn|p1a: Dance Armstrong|Protect
|move|p2a: Raging Bolt|Weather Ball|p1a: Dance Armstrong
|-activate|p1a: Dance Armstrong|move: Protect
|
|-weather|RainDance|[upkeep]
|-heal|p1a: Dance Armstrong|78/100 tox|[from] ability: Poison Heal
|upkeep
|turn|7
|
|t:|1781501213
|switch|p1a: Tchavis Scott|Sinistcha-Masterpiece|100/100
|move|p2a: Raging Bolt|Thunder|p1a: Tchavis Scott
|-resisted|p1a: Tchavis Scott
|-damage|p1a: Tchavis Scott|62/100
|
|-weather|RainDance|[upkeep]
|upkeep
|turn|8
|
|t:|1781501218
|move|p2a: Raging Bolt|Draco Meteor|p1a: Tchavis Scott
|-damage|p1a: Tchavis Scott|0 fnt
|-unboost|p2a: Raging Bolt|spa|2
|faint|p1a: Tchavis Scott
|
|-weather|RainDance|[upkeep]
|upkeep
|
|t:|1781501221
|switch|p1a: Dance Armstrong|Gliscor, M, tera:Normal|78/100 tox
|turn|9
|
|t:|1781501222
|-end|p2a: Raging Bolt|Protosynthesis|[silent]
|switch|p2a: Kingambit|Kingambit, F|100/100
|-damage|p2a: Kingambit|94/100|[from] Stealth Rock
|-activate|p2a: Kingambit|ability: Supreme Overlord
|-start|p2a: Kingambit|fallen1|[silent]
|move|p1a: Dance Armstrong|Swords Dance|p1a: Dance Armstrong
|-boost|p1a: Dance Armstrong|atk|2
|
|-weather|RainDance|[upkeep]
|-heal|p2a: Kingambit|100/100|[from] item: Leftovers
|-heal|p1a: Dance Armstrong|91/100 tox|[from] ability: Poison Heal
|upkeep
|turn|10
|
|t:|1781501230
|switch|p1a: Jarhead|Ting-Lu|100/100
|-ability|p1a: Jarhead|Vessel of Ruin
|move|p2a: Kingambit|Swords Dance|p2a: Kingambit
|-boost|p2a: Kingambit|atk|2
|
|-weather|none
|upkeep
|turn|11
|
|t:|1781501232
|move|p2a: Kingambit|Iron Head|p1a: Jarhead
|-damage|p1a: Jarhead|45/100
|cant|p1a: Jarhead|flinch
|
|-heal|p1a: Jarhead|52/100|[from] item: Leftovers
|upkeep
|turn|12
|
|t:|1781501239
|move|p2a: Kingambit|Iron Head|p1a: Jarhead
|-damage|p1a: Jarhead|0 fnt
|faint|p1a: Jarhead
|
|upkeep
|
|t:|1781501242
|switch|p1a: My Little Pwny|Keldeo|100/100
|turn|13
|
|t:|1781501244
|-terastallize|p2a: Kingambit|Dark
|move|p1a: My Little Pwny|Vacuum Wave|p2a: Kingambit
|-supereffective|p2a: Kingambit
|-damage|p2a: Kingambit|57/100
|move|p2a: Kingambit|Sucker Punch||[still]
|-fail|p2a: Kingambit
|
|-heal|p2a: Kingambit|63/100|[from] item: Leftovers
|upkeep
|turn|14
|
|t:|1781501246
|move|p1a: My Little Pwny|Aura Sphere|p2a: Kingambit
|-supereffective|p2a: Kingambit
|-damage|p2a: Kingambit|0 fnt
|faint|p2a: Kingambit
|-end|p2a: Kingambit|fallen1|[silent]
|
|upkeep
|
|t:|1781501247
|switch|p2a: Raging Bolt|Raging Bolt|88/100
|-damage|p2a: Raging Bolt|76/100|[from] Stealth Rock
|turn|15
|
|t:|1781501257
|switch|p1a: Dance Armstrong|Gliscor, M, tera:Normal|91/100 tox
|move|p2a: Raging Bolt|Draco Meteor|p1a: Dance Armstrong
|-damage|p1a: Dance Armstrong|0 fnt
|-unboost|p2a: Raging Bolt|spa|2
|faint|p1a: Dance Armstrong
|
|upkeep
|
|t:|1781501264
|switch|p1a: Secret Service|Dragonite, M|100/100
|turn|16
|j| nivalys99
|
|t:|1781501265
|move|p2a: Raging Bolt|Thunderclap|p1a: Secret Service
|-damage|p1a: Secret Service|91/100
|move|p1a: Secret Service|Earthquake|p2a: Raging Bolt
|-supereffective|p2a: Raging Bolt
|-damage|p2a: Raging Bolt|8/100
|
|upkeep
|turn|17
|
|t:|1781501268
|move|p1a: Secret Service|Extreme Speed|p2a: Raging Bolt
|-damage|p2a: Raging Bolt|0 fnt
|faint|p2a: Raging Bolt
|-end|p2a: Raging Bolt|Protosynthesis|[silent]
|
|upkeep
|
|t:|1781501269
|switch|p2a: Overqwil|Overqwil, F|100/100
|-damage|p2a: Overqwil|88/100|[from] Stealth Rock
|turn|18
|
|t:|1781501271
|move|p2a: Overqwil|Gunk Shot|p1a: Secret Service
|-damage|p1a: Secret Service|18/100
|-damage|p2a: Overqwil|78/100|[from] item: Life Orb
|move|p1a: Secret Service|Earthquake|p2a: Overqwil
|-supereffective|p2a: Overqwil
|-damage|p2a: Overqwil|0 fnt
|faint|p2a: Overqwil
|
|upkeep
|
|t:|1781501272
|switch|p2a: Iron Treads|Iron Treads|100/100
|-damage|p2a: Iron Treads|97/100|[from] Stealth Rock
|-enditem|p2a: Iron Treads|Booster Energy
|-activate|p2a: Iron Treads|ability: Quark Drive|[fromitem]
|-start|p2a: Iron Treads|quarkdrivespe
|turn|19
|
|t:|1781501279
|move|p1a: Secret Service|Extreme Speed|p2a: Iron Treads
|-resisted|p2a: Iron Treads
|-damage|p2a: Iron Treads|83/100
|move|p2a: Iron Treads|Rapid Spin|p1a: Secret Service
|-damage|p1a: Secret Service|8/100
|-boost|p2a: Iron Treads|spe|1
|-sideend|p2: LowEL0God|Stealth Rock|[from] move: Rapid Spin|[of] p2a: Iron Treads
|
|upkeep
|turn|20
|
|t:|1781501285
|move|p1a: Secret Service|Extreme Speed|p2a: Iron Treads
|-resisted|p2a: Iron Treads
|-damage|p2a: Iron Treads|70/100
|move|p2a: Iron Treads|Rapid Spin|p1a: Secret Service
|-crit|p1a: Secret Service
|-damage|p1a: Secret Service|0 fnt
|-boost|p2a: Iron Treads|spe|1
|faint|p1a: Secret Service
|
|upkeep
|
|t:|1781501287
|switch|p1a: My Little Pwny|Keldeo|100/100
|turn|21
|
|t:|1781501294
|move|p2a: Iron Treads|Steel Beam|p1a: My Little Pwny
|-resisted|p1a: My Little Pwny
|-damage|p1a: My Little Pwny|66/100
|-damage|p2a: Iron Treads|20/100|[from] steelbeam
|move|p1a: My Little Pwny|Surf|p2a: Iron Treads
|-supereffective|p2a: Iron Treads
|-damage|p2a: Iron Treads|0 fnt
|faint|p2a: Iron Treads
|-end|p2a: Iron Treads|Quark Drive|[silent]
|
|upkeep
|
|t:|1781501295
|switch|p2a: Barraskewda|Barraskewda, M|100/100
|turn|22
|
|t:|1781501297
|move|p2a: Barraskewda|Close Combat|p1a: My Little Pwny
|-damage|p1a: My Little Pwny|0 fnt
|-unboost|p2a: Barraskewda|def|1
|-unboost|p2a: Barraskewda|spd|1
|faint|p1a: My Little Pwny
|
|win|LowEL0God
|raw|IRON VALIANT's rating: 1539 &rarr; <strong>1520</strong><br />(-19 for losing)
|raw|LowEL0God's rating: 1548 &rarr; <strong>1567</strong><br />(+19 for winning)
|l|☆IRON VALIANT
|player|p1|
|c|☆LowEL0God|gg
|l|☆LowEL0God
|player|p2|
