|j|☆suaiaj
|j|☆adil
|t:|1781183765
|gametype|singles
|player|p1|suaiaj|juan|1667
|player|p2|adil|2|1679
|gen|9
|tier|[Gen 9] OU
|rated|
|rule|HP Percentage Mod: HP is shown in percentages
|rule|Endless Battle Clause: Forcing endless battles is banned
|rule|Species Clause: Limit one of each Pokémon
|rule|OHKO Clause: OHKO moves are banned
|rule|Evasion Items Clause: Evasion items are banned
|rule|Evasion Moves Clause: Evasion moves are banned
|rule|Evasion Abilities Clause: Evasion abilities are banned
|rule|Sleep Moves Clause: Sleep-inducing moves are banned
|clearpoke
|poke|p1|Flygon, M|
|poke|p1|Klefki, F|
|poke|p1|Iron Moth|
|poke|p1|Azumarill, F|
|poke|p1|Kingambit, F|
|poke|p1|Raging Bolt|
|poke|p2|Kyurem|
|poke|p2|Corviknight, F|
|poke|p2|Ting-Lu|
|poke|p2|Slowking-Galar, M|
|poke|p2|Pecharunt|
|poke|p2|Cinderace, F|
|teampreview
|j| lpewodkw
|j| yuureisuisei
|
|t:|1781183819
|teamsize|p1|6
|teamsize|p2|6
|start
|switch|p1a: Azumarill|Azumarill, F|100/100
|switch|p2a: Kyurem|Kyurem|100/100
|-ability|p2a: Kyurem|Pressure
|turn|1
|
|t:|1781183828
|move|p2a: Kyurem|Substitute|p2a: Kyurem
|-start|p2a: Kyurem|Substitute
|-damage|p2a: Kyurem|75/100
|move|p1a: Azumarill|Play Rough|p2a: Kyurem
|-supereffective|p2a: Kyurem
|-end|p2a: Kyurem|Substitute
|
|-heal|p2a: Kyurem|82/100|[from] item: Leftovers
|upkeep
|turn|2
|
|t:|1781183832
|move|p2a: Kyurem|Protect|p2a: Kyurem
|-singleturn|p2a: Kyurem|Protect
|move|p1a: Azumarill|Play Rough|p2a: Kyurem
|-activate|p2a: Kyurem|move: Protect
|
|-heal|p2a: Kyurem|88/100|[from] item: Leftovers
|upkeep
|turn|3
|j| Jirachi0997
|
|t:|1781183854
|move|p2a: Kyurem|Substitute|p2a: Kyurem
|-start|p2a: Kyurem|Substitute
|-damage|p2a: Kyurem|63/100
|move|p1a: Azumarill|Play Rough|p2a: Kyurem
|-supereffective|p2a: Kyurem
|-end|p2a: Kyurem|Substitute
|
|-heal|p2a: Kyurem|69/100|[from] item: Leftovers
|upkeep
|turn|4
|
|t:|1781183861
|move|p2a: Kyurem|Protect|p2a: Kyurem
|-singleturn|p2a: Kyurem|Protect
|move|p1a: Azumarill|Play Rough|p2a: Kyurem
|-activate|p2a: Kyurem|move: Protect
|
|-heal|p2a: Kyurem|75/100|[from] item: Leftovers
|upkeep
|turn|5
|
|t:|1781183870
|move|p2a: Kyurem|Substitute|p2a: Kyurem
|-start|p2a: Kyurem|Substitute
|-damage|p2a: Kyurem|50/100
|move|p1a: Azumarill|Play Rough|p2a: Kyurem
|-supereffective|p2a: Kyurem
|-end|p2a: Kyurem|Substitute
|
|-heal|p2a: Kyurem|56/100|[from] item: Leftovers
|upkeep
|turn|6
|inactive|Battle timer is ON: inactive players will automatically lose when time's up. (requested by adil)
|
|t:|1781183887
|move|p2a: Kyurem|Substitute|p2a: Kyurem
|-start|p2a: Kyurem|Substitute
|-damage|p2a: Kyurem|31/100
|move|p1a: Azumarill|Play Rough|p2a: Kyurem
|-supereffective|p2a: Kyurem
|-end|p2a: Kyurem|Substitute
|
|-heal|p2a: Kyurem|38/100|[from] item: Leftovers
|upkeep
|turn|7
|
|t:|1781183893
|move|p2a: Kyurem|Protect|p2a: Kyurem
|-singleturn|p2a: Kyurem|Protect
|move|p1a: Azumarill|Play Rough|p2a: Kyurem
|-activate|p2a: Kyurem|move: Protect
|
|-heal|p2a: Kyurem|44/100|[from] item: Leftovers
|upkeep
|turn|8
|
|t:|1781183904
|switch|p2a: Corviknight|Corviknight, F|100/100
|-ability|p2a: Corviknight|Pressure
|move|p1a: Azumarill|Play Rough|p2a: Corviknight
|-resisted|p2a: Corviknight
|-damage|p2a: Corviknight|82/100
|
|-heal|p2a: Corviknight|88/100|[from] item: Leftovers
|upkeep
|turn|9
|
|t:|1781183914
|switch|p1a: Flygon|Flygon, M|100/100
|move|p2a: Corviknight|U-turn|p1a: Flygon
|-damage|p1a: Flygon|79/100
|inactive|adil has 120 seconds left.
|l| yuureisuisei
|
|t:|1781183952
|switch|p2a: Pecharunt|Pecharunt|100/100|[from] U-turn
|
|upkeep
|turn|10
|
|t:|1781183973
|move|p2a: Pecharunt|Parting Shot|p1a: Flygon
|-unboost|p1a: Flygon|atk|1
|-unboost|p1a: Flygon|spa|1
|
|t:|1781183979
|switch|p2a: Slowking|Slowking-Galar, M|100/100|[from] Parting Shot
|move|p1a: Flygon|Stealth Rock|p2a: Slowking
|-sidestart|p2: adil|move: Stealth Rock
|
|upkeep
|turn|11
|j| meteor36.0
|inactive|suaiaj has 120 seconds left.
|
|t:|1781184005
|switch|p1a: Klefki|Klefki, F|100/100
|-prepare|p2a: Slowking|Chilly Reception|[premajor]
|move|p2a: Slowking|Chilly Reception|p2a: Slowking
|-weather|Snowscape
|
|t:|1781184013
|switch|p2a: Ting-Lu|Ting-Lu|100/100|[from] Chilly Reception
|-damage|p2a: Ting-Lu|94/100|[from] Stealth Rock
|-ability|p2a: Ting-Lu|Vessel of Ruin
|
|-weather|Snowscape|[upkeep]
|-heal|p2a: Ting-Lu|100/100|[from] item: Leftovers
|upkeep
|turn|12
|
|t:|1781184021
|switch|p1a: Azumarill|Azumarill, F|100/100
|move|p2a: Ting-Lu|Earthquake|p1a: Azumarill
|-damage|p1a: Azumarill|61/100
|
|-weather|Snowscape|[upkeep]
|upkeep
|turn|13
|
|t:|1781184028
|switch|p2a: Corviknight|Corviknight, F|88/100
|-damage|p2a: Corviknight|76/100|[from] Stealth Rock
|-ability|p2a: Corviknight|Pressure
|move|p1a: Azumarill|Liquidation|p2a: Corviknight
|-damage|p2a: Corviknight|44/100
|
|-weather|Snowscape|[upkeep]
|-heal|p2a: Corviknight|50/100|[from] item: Leftovers
|upkeep
|turn|14
|
|t:|1781184036
|move|p2a: Corviknight|Roost|p2a: Corviknight
|-heal|p2a: Corviknight|99/100
|-singleturn|p2a: Corviknight|move: Roost
|move|p1a: Azumarill|Belly Drum|p1a: Azumarill
|-damage|p1a: Azumarill|11/100
|-setboost|p1a: Azumarill|atk|6|[from] move: Belly Drum
|-enditem|p1a: Azumarill|Sitrus Berry|[eat]
|-heal|p1a: Azumarill|36/100|[from] item: Sitrus Berry
|
|-weather|Snowscape|[upkeep]
|-heal|p2a: Corviknight|100/100|[from] item: Leftovers
|upkeep
|turn|15
|
|t:|1781184039
|move|p2a: Corviknight|Brave Bird|p1a: Azumarill
|-damage|p1a: Azumarill|2/100
|-damage|p2a: Corviknight|89/100|[from] Recoil
|move|p1a: Azumarill|Liquidation|p2a: Corviknight
|-damage|p2a: Corviknight|0 fnt
|faint|p2a: Corviknight
|
|-weather|none
|upkeep
|
|t:|1781184045
|switch|p2a: Pecharunt|Pecharunt|100/100
|turn|16
|
|t:|1781184049
|move|p1a: Azumarill|Aqua Jet|p2a: Pecharunt
|-damage|p2a: Pecharunt|39/100
|move|p2a: Pecharunt|Foul Play|p1a: Azumarill
|-resisted|p1a: Azumarill
|-damage|p1a: Azumarill|0 fnt
|faint|p1a: Azumarill
|
|upkeep
|
|t:|1781184059
|switch|p1a: Flygon|Flygon, M|79/100
|turn|17
|
|t:|1781184071
|move|p2a: Pecharunt|Parting Shot|p1a: Flygon
|-unboost|p1a: Flygon|atk|1
|-unboost|p1a: Flygon|spa|1
|
|t:|1781184072
|switch|p2a: Slowking|Slowking-Galar, M|100/100|[from] Parting Shot
|move|p1a: Flygon|Alluring Voice|p2a: Slowking
|-resisted|p2a: Slowking
|-damage|p2a: Slowking|96/100
|-enditem|p1a: Flygon|Throat Spray
|-boost|p1a: Flygon|spa|1|[from] item: Throat Spray
|
|upkeep
|turn|18
|
|t:|1781184077
|move|p1a: Flygon|Earth Power|p2a: Slowking
|-supereffective|p2a: Slowking
|-damage|p2a: Slowking|56/100
|-prepare|p2a: Slowking|Chilly Reception|[premajor]
|move|p2a: Slowking|Chilly Reception|p2a: Slowking
|-weather|Snowscape
|
|t:|1781184080
|switch|p2a: Pecharunt|Pecharunt|39/100|[from] Chilly Reception
|
|-weather|Snowscape|[upkeep]
|upkeep
|turn|19
|
|t:|1781184083
|move|p2a: Pecharunt|Parting Shot|p1a: Flygon
|-unboost|p1a: Flygon|atk|1
|-unboost|p1a: Flygon|spa|1
|
|t:|1781184084
|switch|p2a: Slowking|Slowking-Galar, M|89/100|[from] Parting Shot
|move|p1a: Flygon|Earth Power|p2a: Slowking
|-supereffective|p2a: Slowking
|-damage|p2a: Slowking|61/100
|
|-weather|Snowscape|[upkeep]
|upkeep
|turn|20
|
|t:|1781184094
|switch|p1a: Kingambit|Kingambit, F|100/100
|-activate|p1a: Kingambit|ability: Supreme Overlord
|-start|p1a: Kingambit|fallen1|[silent]
|-item|p1a: Kingambit|Air Balloon
|-prepare|p2a: Slowking|Chilly Reception|[premajor]
|move|p2a: Slowking|Chilly Reception|p2a: Slowking
|
|t:|1781184098
|switch|p2a: Cinderace|Cinderace, F|100/100|[from] Chilly Reception
|
|-weather|Snowscape|[upkeep]
|upkeep
|turn|21
|
|t:|1781184108
|-end|p1a: Kingambit|fallen1|[silent]
|switch|p1a: Iron Moth|Iron Moth, shiny|100/100
|move|p2a: Cinderace|Will-O-Wisp|p1a: Iron Moth
|-immune|p1a: Iron Moth
|
|-weather|Snowscape|[upkeep]
|upkeep
|turn|22
|l| meteor36.0
|
|t:|1781184116
|move|p2a: Cinderace|U-turn|p1a: Iron Moth
|-resisted|p1a: Iron Moth
|-damage|p1a: Iron Moth|93/100
|
|t:|1781184119
|switch|p2a: Slowking|Slowking-Galar, M|95/100|[from] U-turn
|move|p1a: Iron Moth|Meteor Beam||[still]
|-prepare|p1a: Iron Moth|Meteor Beam
|-boost|p1a: Iron Moth|spa|1
|-enditem|p1a: Iron Moth|Power Herb
|-anim|p1a: Iron Moth|Meteor Beam|p2a: Slowking
|-damage|p2a: Slowking|58/100
|
|-weather|none
|upkeep
|turn|23
|
|t:|1781184126
|move|p1a: Iron Moth|Fiery Dance|p2a: Slowking
|-damage|p2a: Slowking|25/100
|-boost|p1a: Iron Moth|spa|1
|-prepare|p2a: Slowking|Chilly Reception|[premajor]
|move|p2a: Slowking|Chilly Reception|p2a: Slowking
|-weather|Snowscape
|
|t:|1781184131
|switch|p2a: Ting-Lu|Ting-Lu|100/100|[from] Chilly Reception
|-damage|p2a: Ting-Lu|94/100|[from] Stealth Rock
|-ability|p2a: Ting-Lu|Vessel of Ruin
|
|-weather|Snowscape|[upkeep]
|-heal|p2a: Ting-Lu|100/100|[from] item: Leftovers
|upkeep
|turn|24
|l| Jirachi0997
|
|t:|1781184138
|-terastallize|p1a: Iron Moth|Ghost
|move|p1a: Iron Moth|Fiery Dance|p2a: Ting-Lu
|-damage|p2a: Ting-Lu|67/100
|-boost|p1a: Iron Moth|spa|1
|move|p2a: Ting-Lu|Whirlwind|p1a: Iron Moth
|-end|p1a: Iron Moth|Quark Drive|[silent]
|drag|p1a: Flygon|Flygon, M|79/100
|
|-weather|Snowscape|[upkeep]
|-heal|p2a: Ting-Lu|73/100|[from] item: Leftovers
|upkeep
|turn|25
|
|t:|1781184145
|move|p1a: Flygon|Alluring Voice|p2a: Ting-Lu
|-supereffective|p2a: Ting-Lu
|-damage|p2a: Ting-Lu|56/100
|move|p2a: Ting-Lu|Payback|p1a: Flygon
|-damage|p1a: Flygon|27/100
|
|-weather|Snowscape|[upkeep]
|-heal|p2a: Ting-Lu|62/100|[from] item: Leftovers
|upkeep
|turn|26
|
|t:|1781184152
|move|p1a: Flygon|Alluring Voice|p2a: Ting-Lu
|-supereffective|p2a: Ting-Lu
|-damage|p2a: Ting-Lu|43/100
|move|p2a: Ting-Lu|Payback|p1a: Flygon
|-damage|p1a: Flygon|0 fnt
|faint|p1a: Flygon
|
|-weather|Snowscape|[upkeep]
|-heal|p2a: Ting-Lu|49/100|[from] item: Leftovers
|upkeep
|
|t:|1781184157
|switch|p1a: Kingambit|Kingambit, F|100/100
|-activate|p1a: Kingambit|ability: Supreme Overlord
|-start|p1a: Kingambit|fallen2|[silent]
|-item|p1a: Kingambit|Air Balloon
|turn|27
|
|t:|1781184167
|switch|p2a: Pecharunt|Pecharunt|39/100
|move|p1a: Kingambit|Swords Dance|p1a: Kingambit
|-boost|p1a: Kingambit|atk|2
|
|-weather|none
|upkeep
|turn|28
|
|t:|1781184175
|move|p2a: Pecharunt|Foul Play|p1a: Kingambit
|-resisted|p1a: Kingambit
|-crit|p1a: Kingambit
|-damage|p1a: Kingambit|61/100
|-enditem|p1a: Kingambit|Air Balloon
|move|p1a: Kingambit|Swords Dance|p1a: Kingambit
|-boost|p1a: Kingambit|atk|2
|
|upkeep
|turn|29
|
|t:|1781184181
|move|p1a: Kingambit|Sucker Punch||[still]
|-fail|p1a: Kingambit
|move|p2a: Pecharunt|Recover|p2a: Pecharunt
|-heal|p2a: Pecharunt|89/100
|
|upkeep
|turn|30
|
|t:|1781184187
|move|p2a: Pecharunt|Parting Shot|p1a: Kingambit
|-unboost|p1a: Kingambit|atk|1
|-unboost|p1a: Kingambit|spa|1
|
|t:|1781184191
|switch|p2a: Slowking|Slowking-Galar, M|58/100|[from] Parting Shot
|move|p1a: Kingambit|Swords Dance|p1a: Kingambit
|-boost|p1a: Kingambit|atk|2
|
|upkeep
|turn|31
|j| meteor36.0
|
|t:|1781184202
|move|p1a: Kingambit|Iron Head|p2a: Slowking
|-damage|p2a: Slowking|0 fnt
|faint|p2a: Slowking
|
|upkeep
|inactive|adil has 120 seconds left.
|
|t:|1781184238
|switch|p2a: Pecharunt|Pecharunt|89/100
|turn|32
|
|t:|1781184249
|-terastallize|p2a: Pecharunt|Dark
|move|p1a: Kingambit|Sucker Punch|p2a: Pecharunt
|-resisted|p2a: Pecharunt
|-damage|p2a: Pecharunt|40/100
|move|p2a: Pecharunt|Foul Play|p1a: Kingambit
|-resisted|p1a: Kingambit
|-damage|p1a: Kingambit|0 fnt
|faint|p1a: Kingambit
|-end|p1a: Kingambit|fallen2|[silent]
|
|upkeep
|
|t:|1781184261
|switch|p1a: Iron Moth|Iron Moth, shiny, tera:Ghost|93/100
|turn|33
|
|t:|1781184269
|switch|p2a: Cinderace|Cinderace, F|100/100
|move|p1a: Iron Moth|Fiery Dance|p2a: Cinderace
|-resisted|p2a: Cinderace
|-damage|p2a: Cinderace|76/100
|
|upkeep
|turn|34
|
|t:|1781184279
|move|p2a: Cinderace|Pyro Ball|p1a: Iron Moth
|-damage|p1a: Iron Moth|22/100
|move|p1a: Iron Moth|Sludge Wave|p2a: Cinderace
|-damage|p2a: Cinderace|16/100
|
|upkeep
|turn|35
|
|t:|1781184286
|move|p2a: Cinderace|Pyro Ball|p1a: Iron Moth
|-damage|p1a: Iron Moth|0 fnt
|faint|p1a: Iron Moth
|-end|p1a: Iron Moth|Quark Drive|[silent]
|
|upkeep
|
|t:|1781184288
|switch|p1a: Klefki|Klefki, F|100/100
|turn|36
|
|t:|1781184296
|move|p1a: Klefki|Light Screen|p1a: Klefki
|-sidestart|p1: suaiaj|move: Light Screen
|move|p2a: Cinderace|Court Change|p2a: Cinderace
|-swapsideconditions
|-activate|p2a: Cinderace|move: Court Change
|
|upkeep
|turn|37
|
|t:|1781184308
|switch|p2a: Ting-Lu|Ting-Lu|49/100
|-ability|p2a: Ting-Lu|Vessel of Ruin
|move|p1a: Klefki|Reflect|p1a: Klefki
|-sidestart|p1: suaiaj|Reflect
|
|-heal|p2a: Ting-Lu|55/100|[from] item: Leftovers
|upkeep
|turn|38
|
|t:|1781184312
|move|p1a: Klefki|Spikes|p2a: Ting-Lu
|-sidestart|p2: adil|Spikes
|move|p2a: Ting-Lu|Earthquake|p1a: Klefki
|-supereffective|p1a: Klefki
|-damage|p1a: Klefki|62/100
|
|-heal|p2a: Ting-Lu|61/100|[from] item: Leftovers
|upkeep
|turn|39
|
|t:|1781184320
|move|p1a: Klefki|Spikes|p2a: Ting-Lu
|-sidestart|p2: adil|Spikes
|move|p2a: Ting-Lu|Rest|p2a: Ting-Lu
|-status|p2a: Ting-Lu|slp|[from] move: Rest
|-heal|p2a: Ting-Lu|100/100 slp|[silent]
|
|upkeep
|turn|40
|
|t:|1781184324
|move|p1a: Klefki|Spikes|p2a: Ting-Lu
|-sidestart|p2: adil|Spikes
|cant|p2a: Ting-Lu|slp
|
|upkeep
|turn|41
|
|t:|1781184332
|move|p1a: Klefki|Reflect||[still]
|-fail|p1a: Klefki
|cant|p2a: Ting-Lu|slp
|
|upkeep
|turn|42
|
|t:|1781184336
|switch|p1a: Raging Bolt|Raging Bolt|100/100
|-damage|p1a: Raging Bolt|88/100|[from] Stealth Rock
|-enditem|p1a: Raging Bolt|Booster Energy
|-activate|p1a: Raging Bolt|ability: Protosynthesis|[fromitem]
|-start|p1a: Raging Bolt|protosynthesisspa
|-curestatus|p2a: Ting-Lu|slp|[msg]
|move|p2a: Ting-Lu|Earthquake|p1a: Raging Bolt
|-supereffective|p1a: Raging Bolt
|-damage|p1a: Raging Bolt|59/100
|
|upkeep
|turn|43
|
|t:|1781184340
|move|p1a: Raging Bolt|Calm Mind|p1a: Raging Bolt
|-boost|p1a: Raging Bolt|spa|1
|-boost|p1a: Raging Bolt|spd|1
|move|p2a: Ting-Lu|Earthquake|p1a: Raging Bolt
|-supereffective|p1a: Raging Bolt
|-damage|p1a: Raging Bolt|30/100
|
|-sideend|p2: adil|move: Light Screen
|upkeep
|turn|44
|
|t:|1781184344
|move|p1a: Raging Bolt|Dragon Pulse|p2a: Ting-Lu
|-damage|p2a: Ting-Lu|59/100
|move|p2a: Ting-Lu|Earthquake|p1a: Raging Bolt
|-supereffective|p1a: Raging Bolt
|-damage|p1a: Raging Bolt|0 fnt
|faint|p1a: Raging Bolt
|-end|p1a: Raging Bolt|Protosynthesis|[silent]
|
|-heal|p2a: Ting-Lu|66/100|[from] item: Leftovers
|-sideend|p1: suaiaj|Reflect
|upkeep
|-message|suaiaj forfeited.
|
|win|adil
|raw|suaiaj's rating: 1667 &rarr; <strong>1648</strong><br />(-19 for losing)
|raw|adil's rating: 1679 &rarr; <strong>1698</strong><br />(+19 for winning)
|l| meteor36.0
|l|☆suaiaj
|player|p1|
|l| lpewodkw
