|j|☆biryanilover
|j|☆rekjllj
|t:|1781325688
|gametype|singles
|player|p1|biryanilover|1|1604
|player|p2|rekjllj|169|1748
|gen|9
|tier|[Gen 9] OU
|rated|
|rule|HP Percentage Mod: HP is shown in percentages
|rule|Endless Battle Clause: Forcing endless battles is banned
|rule|Species Clause: Limit one of each Pokémon
|rule|OHKO Clause: OHKO moves are banned
|rule|Evasion Items Clause: Evasion items are banned
|rule|Evasion Moves Clause: Evasion moves are banned
|rule|Evasion Abilities Clause: Evasion abilities are banned
|rule|Sleep Moves Clause: Sleep-inducing moves are banned
|clearpoke
|poke|p1|Rillaboom, F|
|poke|p1|Heatran, M|
|poke|p1|Walking Wake|
|poke|p1|Landorus-Therian, M|
|poke|p1|Zamazenta-*|
|poke|p1|Weezing-Galar, F|
|poke|p2|Iron Moth|
|poke|p2|Gliscor, M|
|poke|p2|Hatterene, F|
|poke|p2|Ogerpon-Wellspring, F|
|poke|p2|Raging Bolt|
|poke|p2|Zamazenta-*|
|teampreview
|inactive|Battle timer is ON: inactive players will automatically lose when time's up. (requested by biryanilover)
|
|t:|1781325696
|teamsize|p1|6
|teamsize|p2|6
|start
|switch|p1a: Walking Wake|Walking Wake|100/100
|switch|p2a: Zamazenta|Zamazenta|100/100
|-ability|p2a: Zamazenta|Dauntless Shield|boost
|-boost|p2a: Zamazenta|def|1
|turn|1
|c|☆rekjllj|hf
|inactive|rekjllj also wants the timer to be on.
|
|t:|1781325701
|move|p2a: Zamazenta|Light Screen|p2a: Zamazenta
|-sidestart|p2: rekjllj|move: Light Screen
|move|p1a: Walking Wake|Scald|p2a: Zamazenta
|-damage|p2a: Zamazenta|85/100
|
|upkeep
|turn|2
|
|t:|1781325708
|switch|p2a: Raging Bolt|Raging Bolt|100/100
|-enditem|p2a: Raging Bolt|Booster Energy
|-activate|p2a: Raging Bolt|ability: Protosynthesis|[fromitem]
|-start|p2a: Raging Bolt|protosynthesisspa
|move|p1a: Walking Wake|Knock Off|p2a: Raging Bolt
|-damage|p2a: Raging Bolt|89/100
|
|upkeep
|turn|3
|
|t:|1781325714
|move|p1a: Walking Wake|Substitute|p1a: Walking Wake
|-start|p1a: Walking Wake|Substitute
|-damage|p1a: Walking Wake|76/100
|move|p2a: Raging Bolt|Calm Mind|p2a: Raging Bolt
|-boost|p2a: Raging Bolt|spa|1
|-boost|p2a: Raging Bolt|spd|1
|
|-heal|p1a: Walking Wake|82/100|[from] item: Leftovers
|upkeep
|turn|4
|
|t:|1781325717
|move|p1a: Walking Wake|Dragon Pulse|p2a: Raging Bolt
|-supereffective|p2a: Raging Bolt
|-damage|p2a: Raging Bolt|64/100
|move|p2a: Raging Bolt|Thunderbolt|p1a: Walking Wake
|-end|p1a: Walking Wake|Substitute
|
|-heal|p1a: Walking Wake|88/100|[from] item: Leftovers
|upkeep
|turn|5
|
|t:|1781325721
|-end|p1a: Walking Wake|Protosynthesis|[silent]
|switch|p1a: Landorus|Landorus-Therian, M|100/100
|-ability|p1a: Landorus|Intimidate|boost
|-unboost|p2a: Raging Bolt|atk|1
|move|p2a: Raging Bolt|Thunderbolt|p1a: Landorus
|-immune|p1a: Landorus
|
|upkeep
|turn|6
|
|t:|1781325727
|move|p1a: Landorus|Stealth Rock|p2a: Raging Bolt
|-sidestart|p2: rekjllj|move: Stealth Rock
|move|p2a: Raging Bolt|Dragon Pulse|p1a: Landorus
|-damage|p1a: Landorus|0 fnt
|faint|p1a: Landorus
|
|upkeep
|
|t:|1781325734
|switch|p1a: Zamazenta|Zamazenta|100/100
|-ability|p1a: Zamazenta|Dauntless Shield|boost
|-boost|p1a: Zamazenta|def|1
|turn|7
|
|t:|1781325740
|move|p1a: Zamazenta|Close Combat|p2a: Raging Bolt
|-crit|p2a: Raging Bolt
|-damage|p2a: Raging Bolt|0 fnt
|-unboost|p1a: Zamazenta|def|1
|-unboost|p1a: Zamazenta|spd|1
|faint|p2a: Raging Bolt
|-end|p2a: Raging Bolt|Protosynthesis|[silent]
|-damage|p1a: Zamazenta|91/100|[from] item: Life Orb
|
|upkeep
|
|t:|1781325746
|switch|p2a: Zamazenta|Zamazenta|85/100
|-damage|p2a: Zamazenta|79/100|[from] Stealth Rock
|turn|8
|
|t:|1781325752
|switch|p1a: Weezing|Weezing-Galar, F|100/100
|-ability|p1a: Weezing|Neutralizing Gas
|move|p2a: Zamazenta|Reflect|p2a: Zamazenta
|-sidestart|p2: rekjllj|Reflect
|
|-sideend|p2: rekjllj|move: Light Screen
|upkeep
|turn|9
|
|t:|1781325757
|switch|p2a: Hatterene|Hatterene, F|100/100
|-damage|p2a: Hatterene|88/100|[from] Stealth Rock
|move|p1a: Weezing|Will-O-Wisp|p2a: Hatterene
|-status|p2a: Hatterene|brn
|
|-heal|p2a: Hatterene|94/100 brn|[from] item: Leftovers
|-damage|p2a: Hatterene|88/100 brn|[from] brn
|upkeep
|turn|10
|
|t:|1781325763
|-end|p1a: Weezing|ability: Neutralizing Gas
|switch|p1a: Heatran|Heatran, M|100/100
|move|p2a: Hatterene|Calm Mind|p2a: Hatterene
|-boost|p2a: Hatterene|spa|1
|-boost|p2a: Hatterene|spd|1
|
|-heal|p2a: Hatterene|94/100 brn|[from] item: Leftovers
|-damage|p2a: Hatterene|88/100 brn|[from] brn
|upkeep
|turn|11
|
|t:|1781325768
|-terastallize|p2a: Hatterene|Water
|move|p1a: Heatran|Magma Storm|p2a: Hatterene|[miss]
|-miss|p1a: Heatran|p2a: Hatterene
|move|p2a: Hatterene|Calm Mind|p2a: Hatterene
|-boost|p2a: Hatterene|spa|1
|-boost|p2a: Hatterene|spd|1
|
|-heal|p2a: Hatterene|94/100 brn|[from] item: Leftovers
|-damage|p2a: Hatterene|88/100 brn|[from] brn
|upkeep
|turn|12
|
|t:|1781325774
|move|p1a: Heatran|Magma Storm|p2a: Hatterene
|-resisted|p2a: Hatterene
|-damage|p2a: Hatterene|78/100 brn
|-activate|p2a: Hatterene|move: Magma Storm|[of] p1a: Heatran
|move|p2a: Hatterene|Calm Mind|p2a: Hatterene
|-boost|p2a: Hatterene|spa|1
|-boost|p2a: Hatterene|spd|1
|
|-heal|p2a: Hatterene|84/100 brn|[from] item: Leftovers
|-damage|p2a: Hatterene|78/100 brn|[from] brn
|-damage|p2a: Hatterene|66/100 brn|[from] move: Magma Storm|[partiallytrapped]
|upkeep
|turn|13
|
|t:|1781325780
|move|p1a: Heatran|Earth Power|p2a: Hatterene
|-damage|p2a: Hatterene|55/100 brn
|move|p2a: Hatterene|Stored Power|p1a: Heatran
|-resisted|p1a: Heatran
|-damage|p1a: Heatran|53/100
|
|-heal|p1a: Heatran|59/100|[from] item: Leftovers
|-heal|p2a: Hatterene|61/100 brn|[from] item: Leftovers
|-damage|p2a: Hatterene|55/100 brn|[from] brn
|-damage|p2a: Hatterene|43/100 brn|[from] move: Magma Storm|[partiallytrapped]
|upkeep
|turn|14
|
|t:|1781325787
|move|p1a: Heatran|Earth Power|p2a: Hatterene
|-damage|p2a: Hatterene|33/100 brn
|move|p2a: Hatterene|Stored Power|p1a: Heatran
|-resisted|p1a: Heatran
|-damage|p1a: Heatran|10/100
|
|-heal|p1a: Heatran|17/100|[from] item: Leftovers
|-heal|p2a: Hatterene|39/100 brn|[from] item: Leftovers
|-damage|p2a: Hatterene|33/100 brn|[from] brn
|-damage|p2a: Hatterene|20/100 brn|[from] move: Magma Storm|[partiallytrapped]
|upkeep
|turn|15
|
|t:|1781325793
|switch|p1a: Weezing|Weezing-Galar, F|100/100
|-ability|p1a: Weezing|Neutralizing Gas
|move|p2a: Hatterene|Stored Power|p1a: Weezing
|-supereffective|p1a: Weezing
|-damage|p1a: Weezing|0 fnt
|faint|p1a: Weezing
|-end|p1a: Weezing|ability: Neutralizing Gas
|
|-heal|p2a: Hatterene|26/100 brn|[from] item: Leftovers
|-damage|p2a: Hatterene|20/100 brn|[from] brn
|-end|p2a: Hatterene|Magma Storm|[partiallytrapped]|[silent]
|-sideend|p2: rekjllj|Reflect
|upkeep
|
|t:|1781325796
|switch|p1a: Zamazenta|Zamazenta|91/100
|turn|16
|
|t:|1781325802
|move|p1a: Zamazenta|Crunch|p2a: Hatterene
|-damage|p2a: Hatterene|0 fnt
|faint|p2a: Hatterene
|-damage|p1a: Zamazenta|81/100|[from] item: Life Orb
|
|upkeep
|
|t:|1781325808
|switch|p2a: Zamazenta|Zamazenta|79/100
|-damage|p2a: Zamazenta|73/100|[from] Stealth Rock
|turn|17
|
|t:|1781325813
|move|p1a: Zamazenta|Close Combat|p2a: Zamazenta
|-damage|p2a: Zamazenta|10/100
|-unboost|p1a: Zamazenta|def|1
|-unboost|p1a: Zamazenta|spd|1
|-damage|p1a: Zamazenta|71/100|[from] item: Life Orb
|move|p2a: Zamazenta|Reflect|p2a: Zamazenta
|-sidestart|p2: rekjllj|Reflect
|
|upkeep
|turn|18
|
|t:|1781325819
|move|p1a: Zamazenta|Close Combat|p2a: Zamazenta
|-damage|p2a: Zamazenta|0 fnt
|-unboost|p1a: Zamazenta|def|1
|-unboost|p1a: Zamazenta|spd|1
|faint|p2a: Zamazenta
|-damage|p1a: Zamazenta|61/100|[from] item: Life Orb
|
|upkeep
|
|t:|1781325825
|switch|p2a: Gliscor|Gliscor, M|100/100
|-damage|p2a: Gliscor|88/100|[from] Stealth Rock
|turn|19
|
|t:|1781325831
|switch|p1a: Walking Wake|Walking Wake|88/100
|move|p2a: Gliscor|Earthquake|p1a: Walking Wake
|-damage|p1a: Walking Wake|42/100
|
|-heal|p1a: Walking Wake|48/100|[from] item: Leftovers
|-status|p2a: Gliscor|tox|[from] item: Toxic Orb
|upkeep
|turn|20
|
|t:|1781325835
|move|p1a: Walking Wake|Scald|p2a: Gliscor
|-supereffective|p2a: Gliscor
|-damage|p2a: Gliscor|0 fnt
|faint|p2a: Gliscor
|
|-heal|p1a: Walking Wake|54/100|[from] item: Leftovers
|upkeep
|
|t:|1781325838
|switch|p2a: Ogerpon|Ogerpon-Wellspring, F|100/100
|-damage|p2a: Ogerpon|88/100|[from] Stealth Rock
|turn|21
|
|t:|1781325842
|move|p1a: Walking Wake|Dragon Pulse|p2a: Ogerpon
|-damage|p2a: Ogerpon|41/100
|move|p2a: Ogerpon|Ivy Cudgel|p1a: Walking Wake|[anim] Ivy Cudgel Water
|-resisted|p1a: Walking Wake
|-damage|p1a: Walking Wake|38/100
|
|-heal|p1a: Walking Wake|44/100|[from] item: Leftovers
|upkeep
|turn|22
|
|t:|1781325846
|switch|p2a: Iron Moth|Iron Moth|100/100
|-damage|p2a: Iron Moth|76/100|[from] Stealth Rock
|-enditem|p2a: Iron Moth|Booster Energy
|-activate|p2a: Iron Moth|ability: Quark Drive|[fromitem]
|-start|p2a: Iron Moth|quarkdrivespe
|move|p1a: Walking Wake|Dragon Pulse|p2a: Iron Moth
|-damage|p2a: Iron Moth|32/100
|
|-heal|p1a: Walking Wake|51/100|[from] item: Leftovers
|upkeep
|turn|23
|
|t:|1781325850
|-end|p1a: Walking Wake|Protosynthesis|[silent]
|switch|p1a: Heatran|Heatran, M|17/100
|move|p2a: Iron Moth|Sludge Wave|p1a: Heatran
|-immune|p1a: Heatran
|
|-heal|p1a: Heatran|23/100|[from] item: Leftovers
|upkeep
|turn|24
|
|t:|1781325855
|-end|p2a: Iron Moth|Quark Drive|[silent]
|switch|p2a: Ogerpon|Ogerpon-Wellspring, F|41/100
|-damage|p2a: Ogerpon|29/100|[from] Stealth Rock
|move|p1a: Heatran|Earth Power|p2a: Ogerpon
|-resisted|p2a: Ogerpon
|-damage|p2a: Ogerpon|13/100
|
|-heal|p1a: Heatran|29/100|[from] item: Leftovers
|-sideend|p2: rekjllj|Reflect
|upkeep
|turn|25
|
|t:|1781325861
|move|p2a: Ogerpon|Ivy Cudgel|p1a: Heatran|[anim] Ivy Cudgel Water
|-supereffective|p1a: Heatran
|-damage|p1a: Heatran|0 fnt
|faint|p1a: Heatran
|
|upkeep
|
|t:|1781325866
|switch|p1a: Walking Wake|Walking Wake|51/100
|turn|26
|
|t:|1781325869
|move|p1a: Walking Wake|Dragon Pulse|p2a: Ogerpon
|-damage|p2a: Ogerpon|0 fnt
|faint|p2a: Ogerpon
|
|-heal|p1a: Walking Wake|57/100|[from] item: Leftovers
|upkeep
|
|t:|1781325873
|switch|p2a: Iron Moth|Iron Moth|32/100
|-damage|p2a: Iron Moth|7/100|[from] Stealth Rock
|turn|27
|
|t:|1781325876
|-terastallize|p1a: Walking Wake|Steel
|move|p2a: Iron Moth|Sludge Wave|p1a: Walking Wake
|-immune|p1a: Walking Wake
|move|p1a: Walking Wake|Scald|p2a: Iron Moth
|-supereffective|p2a: Iron Moth
|-damage|p2a: Iron Moth|0 fnt
|faint|p2a: Iron Moth
|-end|p2a: Iron Moth|Quark Drive|[silent]
|
|win|biryanilover
|raw|biryanilover's rating: 1604 &rarr; <strong>1632</strong><br />(+28 for winning)
|raw|rekjllj's rating: 1748 &rarr; <strong>1720</strong><br />(-28 for losing)
|c|☆rekjllj|gg
|l|☆rekjllj
|player|p2|
|l|☆biryanilover
|player|p1|
