|j|☆sylvr7070
|j|☆barbordor
|t:|1781115170
|gametype|singles
|player|p1|sylvr7070|fairytalegirl|1570
|player|p2|barbordor|170|1552
|gen|9
|tier|[Gen 9] OU
|rated|
|rule|HP Percentage Mod: HP is shown in percentages
|rule|Endless Battle Clause: Forcing endless battles is banned
|rule|Species Clause: Limit one of each Pokémon
|rule|OHKO Clause: OHKO moves are banned
|rule|Evasion Items Clause: Evasion items are banned
|rule|Evasion Moves Clause: Evasion moves are banned
|rule|Evasion Abilities Clause: Evasion abilities are banned
|rule|Sleep Moves Clause: Sleep-inducing moves are banned
|clearpoke
|poke|p1|Hoopa-Unbound|
|poke|p1|Zamazenta-*|
|poke|p1|Iron Treads|
|poke|p1|Pecharunt|
|poke|p1|Primarina, M|
|poke|p1|Dragonite, M|
|poke|p2|Great Tusk|
|poke|p2|Pecharunt|
|poke|p2|Cinderace, M|
|poke|p2|Alomomola, F|
|poke|p2|Meowscarada, M|
|poke|p2|Sylveon, M|
|teampreview
|inactive|Battle timer is ON: inactive players will automatically lose when time's up. (requested by sylvr7070)
|inactive|barbordor also wants the timer to be on.
|
|t:|1781115185
|teamsize|p1|6
|teamsize|p2|6
|start
|switch|p1a: blonde... scary|Primarina, M, shiny|100/100
|switch|p2a: Sylveon|Sylveon, M|100/100
|turn|1
|j| switchblade0719
|
|t:|1781115189
|move|p2a: Sylveon|Hyper Voice|p1a: blonde... scary
|-damage|p1a: blonde... scary|51/100
|move|p1a: blonde... scary|Moonblast|p2a: Sylveon
|-damage|p2a: Sylveon|59/100
|-unboost|p2a: Sylveon|spa|1
|
|upkeep
|turn|2
|
|t:|1781115197
|switch|p1a: hateberry|Pecharunt|100/100
|move|p2a: Sylveon|Hyper Voice|p1a: hateberry
|-resisted|p1a: hateberry
|-damage|p1a: hateberry|67/100
|
|upkeep
|turn|3
|
|t:|1781115202
|switch|p2a: Alomomola|Alomomola, F, shiny|100/100
|move|p1a: hateberry|Parting Shot|p2a: Alomomola
|-unboost|p2a: Alomomola|atk|1
|-unboost|p2a: Alomomola|spa|1
|
|t:|1781115205
|switch|p1a: Hoopa-Band|Hoopa-Unbound|100/100|[from] Parting Shot
|
|upkeep
|turn|4
|
|t:|1781115211
|move|p1a: Hoopa-Band|Thunderbolt|p2a: Alomomola
|-supereffective|p2a: Alomomola
|-damage|p2a: Alomomola|36/100
|move|p2a: Alomomola|Flip Turn|p1a: Hoopa-Band
|-damage|p1a: Hoopa-Band|81/100
|
|t:|1781115217
|switch|p2a: Meowscarada|Meowscarada, M|100/100|[from] Flip Turn
|
|upkeep
|turn|5
|
|t:|1781115220
|switch|p1a: blonde... scary|Primarina, M, shiny|51/100
|move|p2a: Meowscarada|Knock Off|p1a: blonde... scary
|-start|p2a: Meowscarada|typechange|Dark|[from] ability: Protean
|-resisted|p1a: blonde... scary
|-damage|p1a: blonde... scary|11/100
|-enditem|p1a: blonde... scary|Assault Vest|[from] move: Knock Off|[of] p2a: Meowscarada
|
|upkeep
|turn|6
|
|t:|1781115224
|move|p2a: Meowscarada|Knock Off|p1a: blonde... scary
|-resisted|p1a: blonde... scary
|-damage|p1a: blonde... scary|0 fnt
|faint|p1a: blonde... scary
|
|upkeep
|
|t:|1781115234
|switch|p1a: indolence|Zamazenta|100/100
|-ability|p1a: indolence|Dauntless Shield|boost
|-boost|p1a: indolence|def|1
|turn|7
|
|t:|1781115238
|switch|p2a: Pecharunt|Pecharunt|100/100
|move|p1a: indolence|Crunch|p2a: Pecharunt
|-supereffective|p2a: Pecharunt
|-damage|p2a: Pecharunt|78/100
|
|upkeep
|turn|8
|
|t:|1781115240
|switch|p1a: spinpig|Iron Treads|100/100
|move|p2a: Pecharunt|Malignant Chain|p1a: spinpig
|-immune|p1a: spinpig
|
|upkeep
|turn|9
|
|t:|1781115247
|switch|p2a: Meowscarada|Meowscarada, M|100/100
|move|p1a: spinpig|Stealth Rock|p2a: Meowscarada
|-sidestart|p2: barbordor|move: Stealth Rock
|
|upkeep
|turn|10
|
|t:|1781115253
|move|p2a: Meowscarada|Flower Trick|p1a: spinpig
|-start|p2a: Meowscarada|typechange|Grass|[from] ability: Protean
|-crit|p1a: spinpig
|-damage|p1a: spinpig|39/100
|move|p1a: spinpig|Rapid Spin|p2a: Meowscarada
|-damage|p2a: Meowscarada|76/100
|-boost|p1a: spinpig|spe|1
|
|-heal|p1a: spinpig|45/100|[from] item: Leftovers
|upkeep
|turn|11
|
|t:|1781115258
|move|p1a: spinpig|Ice Spinner|p2a: Meowscarada
|-supereffective|p2a: Meowscarada
|-damage|p2a: Meowscarada|3/100
|move|p2a: Meowscarada|Flower Trick|p1a: spinpig
|-crit|p1a: spinpig
|-damage|p1a: spinpig|0 fnt
|faint|p1a: spinpig
|-end|p1a: spinpig|Quark Drive|[silent]
|
|upkeep
|
|t:|1781115263
|switch|p1a: dory go nighty|Dragonite, M|100/100
|turn|12
|
|t:|1781115269
|move|p1a: dory go nighty|Extreme Speed|p2a: Meowscarada
|-damage|p2a: Meowscarada|0 fnt
|faint|p2a: Meowscarada
|
|upkeep
|
|t:|1781115271
|switch|p2a: Great Tusk|Great Tusk|100/100
|-damage|p2a: Great Tusk|98/100|[from] Stealth Rock
|turn|13
|
|t:|1781115275
|switch|p1a: hateberry|Pecharunt|67/100
|move|p2a: Great Tusk|Knock Off|p1a: hateberry
|-supereffective|p1a: hateberry
|-damage|p1a: hateberry|22/100
|-enditem|p1a: hateberry|Heavy-Duty Boots|[from] move: Knock Off|[of] p2a: Great Tusk
|
|-heal|p2a: Great Tusk|100/100|[from] item: Leftovers
|upkeep
|turn|14
|
|t:|1781115281
|move|p1a: hateberry|Recover|p1a: hateberry
|-heal|p1a: hateberry|72/100
|move|p2a: Great Tusk|Knock Off|p1a: hateberry
|-supereffective|p1a: hateberry
|-damage|p1a: hateberry|45/100
|
|upkeep
|turn|15
|
|t:|1781115284
|move|p1a: hateberry|Recover|p1a: hateberry
|-heal|p1a: hateberry|95/100
|move|p2a: Great Tusk|Stealth Rock|p1a: hateberry
|-sidestart|p1: sylvr7070|move: Stealth Rock
|
|upkeep
|turn|16
|
|t:|1781115288
|-end|p2a: Great Tusk|Protosynthesis|[silent]
|switch|p2a: Pecharunt|Pecharunt|78/100
|move|p1a: hateberry|Malignant Chain|p2a: Pecharunt
|-resisted|p2a: Pecharunt
|-damage|p2a: Pecharunt|71/100
|
|upkeep
|turn|17
|
|t:|1781115293
|move|p1a: hateberry|Shadow Ball|p2a: Pecharunt
|-supereffective|p2a: Pecharunt
|-damage|p2a: Pecharunt|27/100
|move|p2a: Pecharunt|Recover|p2a: Pecharunt
|-heal|p2a: Pecharunt|77/100
|
|upkeep
|turn|18
|
|t:|1781115298
|move|p1a: hateberry|Shadow Ball|p2a: Pecharunt
|-supereffective|p2a: Pecharunt
|-damage|p2a: Pecharunt|35/100
|move|p2a: Pecharunt|Parting Shot|p1a: hateberry
|-unboost|p1a: hateberry|atk|1
|-unboost|p1a: hateberry|spa|1
|
|t:|1781115300
|switch|p2a: Alomomola|Alomomola, F, shiny|69/100|[from] Parting Shot
|-damage|p2a: Alomomola|57/100|[from] Stealth Rock
|
|upkeep
|turn|19
|
|t:|1781115303
|move|p1a: hateberry|Malignant Chain|p2a: Alomomola
|-damage|p2a: Alomomola|47/100
|-status|p2a: Alomomola|tox
|-start|p2a: Alomomola|confusion|[from] ability: Poison Puppeteer|[of] p1a: hateberry
|-activate|p2a: Alomomola|confusion
|move|p2a: Alomomola|Flip Turn|p1a: hateberry
|-damage|p1a: hateberry|86/100
|
|t:|1781115310
|switch|p2a: Pecharunt|Pecharunt|35/100|[from] Flip Turn
|
|upkeep
|turn|20
|
|t:|1781115315
|move|p1a: hateberry|Parting Shot|p2a: Pecharunt
|-unboost|p2a: Pecharunt|atk|1
|-unboost|p2a: Pecharunt|spa|1
|
|t:|1781115317
|switch|p1a: Hoopa-Band|Hoopa-Unbound|81/100|[from] Parting Shot
|-damage|p1a: Hoopa-Band|69/100|[from] Stealth Rock
|move|p2a: Pecharunt|Recover|p2a: Pecharunt
|-heal|p2a: Pecharunt|85/100
|
|upkeep
|turn|21
|
|t:|1781115323
|move|p1a: Hoopa-Band|Psychic|p2a: Pecharunt
|-supereffective|p2a: Pecharunt
|-damage|p2a: Pecharunt|0 fnt
|faint|p2a: Pecharunt
|
|upkeep
|
|t:|1781115326
|switch|p2a: Cinderace|Cinderace, M|100/100
|turn|22
|
|t:|1781115329
|switch|p1a: hateberry|Pecharunt|86/100
|-damage|p1a: hateberry|73/100|[from] Stealth Rock
|move|p2a: Cinderace|Will-O-Wisp|p1a: hateberry
|-status|p1a: hateberry|brn
|
|-damage|p1a: hateberry|67/100 brn|[from] brn
|upkeep
|turn|23
|
|t:|1781115341
|move|p2a: Cinderace|U-turn|p1a: hateberry
|-resisted|p1a: hateberry
|-damage|p1a: hateberry|65/100 brn
|
|t:|1781115343
|switch|p2a: Alomomola|Alomomola, F, shiny|80/100 tox|[from] U-turn
|-damage|p2a: Alomomola|68/100 tox|[from] Stealth Rock
|move|p1a: hateberry|Recover|p1a: hateberry
|-heal|p1a: hateberry|100/100 brn
|
|-damage|p2a: Alomomola|62/100 tox|[from] psn
|-damage|p1a: hateberry|95/100 brn|[from] brn
|upkeep
|turn|24
|
|t:|1781115349
|move|p1a: hateberry|Shadow Ball|p2a: Alomomola
|-damage|p2a: Alomomola|50/100 tox
|-unboost|p2a: Alomomola|spd|1
|move|p2a: Alomomola|Flip Turn|p1a: hateberry
|-damage|p1a: hateberry|85/100 brn
|
|t:|1781115352
|switch|p2a: Great Tusk|Great Tusk|100/100|[from] Flip Turn
|-damage|p2a: Great Tusk|98/100|[from] Stealth Rock
|
|-heal|p2a: Great Tusk|100/100|[from] item: Leftovers
|-damage|p1a: hateberry|79/100 brn|[from] brn
|upkeep
|turn|25
|
|t:|1781115356
|-end|p2a: Great Tusk|Protosynthesis|[silent]
|switch|p2a: Alomomola|Alomomola, F, shiny|83/100 tox
|-damage|p2a: Alomomola|70/100 tox|[from] Stealth Rock
|move|p1a: hateberry|Malignant Chain|p2a: Alomomola
|-damage|p2a: Alomomola|55/100 tox
|
|-damage|p2a: Alomomola|49/100 tox|[from] psn
|-damage|p1a: hateberry|73/100 brn|[from] brn
|upkeep
|turn|26
|
|t:|1781115359
|move|p1a: hateberry|Recover|p1a: hateberry
|-heal|p1a: hateberry|100/100 brn
|move|p2a: Alomomola|Mirror Coat||[still]
|-fail|p2a: Alomomola
|
|-damage|p2a: Alomomola|37/100 tox|[from] psn
|-damage|p1a: hateberry|95/100 brn|[from] brn
|upkeep
|turn|27
|
|t:|1781115363
|move|p1a: hateberry|Parting Shot|p2a: Alomomola
|-unboost|p2a: Alomomola|atk|1
|-unboost|p2a: Alomomola|spa|1
|
|t:|1781115364
|switch|p1a: Hoopa-Band|Hoopa-Unbound|69/100|[from] Parting Shot
|-damage|p1a: Hoopa-Band|57/100|[from] Stealth Rock
|move|p2a: Alomomola|Flip Turn|p1a: Hoopa-Band
|-damage|p1a: Hoopa-Band|38/100
|
|t:|1781115370
|switch|p2a: Cinderace|Cinderace, M|100/100|[from] Flip Turn
|
|upkeep
|turn|28
|
|t:|1781115373
|switch|p1a: hateberry|Pecharunt|95/100 brn
|-damage|p1a: hateberry|82/100 brn|[from] Stealth Rock
|move|p2a: Cinderace|Pyro Ball|p1a: hateberry
|-damage|p1a: hateberry|53/100 brn
|
|-damage|p1a: hateberry|47/100 brn|[from] brn
|upkeep
|turn|29
|
|t:|1781115379
|move|p2a: Cinderace|Pyro Ball|p1a: hateberry
|-damage|p1a: hateberry|17/100 brn
|move|p1a: hateberry|Parting Shot|p2a: Cinderace
|-unboost|p2a: Cinderace|atk|1
|-unboost|p2a: Cinderace|spa|1
|
|t:|1781115382
|switch|p1a: indolence|Zamazenta|100/100|[from] Parting Shot
|-damage|p1a: indolence|94/100|[from] Stealth Rock
|
|-heal|p1a: indolence|100/100|[from] item: Leftovers
|upkeep
|turn|30
|
|t:|1781115387
|switch|p2a: Great Tusk|Great Tusk|100/100
|-damage|p2a: Great Tusk|98/100|[from] Stealth Rock
|move|p1a: indolence|Iron Defense|p1a: indolence
|-boost|p1a: indolence|def|2
|
|-heal|p2a: Great Tusk|100/100|[from] item: Leftovers
|upkeep
|turn|31
|
|t:|1781115390
|move|p1a: indolence|Iron Defense|p1a: indolence
|-boost|p1a: indolence|def|2
|move|p2a: Great Tusk|Knock Off|p1a: indolence
|-resisted|p1a: indolence
|-damage|p1a: indolence|96/100
|-enditem|p1a: indolence|Leftovers|[from] move: Knock Off|[of] p2a: Great Tusk
|
|upkeep
|turn|32
|
|t:|1781115394
|move|p1a: indolence|Iron Defense|p1a: indolence
|-boost|p1a: indolence|def|2
|move|p2a: Great Tusk|Rapid Spin|p1a: indolence
|-damage|p1a: indolence|93/100
|-boost|p2a: Great Tusk|spe|1
|-sideend|p2: barbordor|Stealth Rock|[from] move: Rapid Spin|[of] p2a: Great Tusk
|
|upkeep
|turn|33
|
|t:|1781115407
|move|p2a: Great Tusk|Headlong Rush|p1a: indolence
|-damage|p1a: indolence|82/100
|-unboost|p2a: Great Tusk|def|1
|-unboost|p2a: Great Tusk|spd|1
|move|p1a: indolence|Body Press|p2a: Great Tusk
|-damage|p2a: Great Tusk|0 fnt
|faint|p2a: Great Tusk
|-end|p2a: Great Tusk|Protosynthesis|[silent]
|
|upkeep
|
|t:|1781115411
|switch|p2a: Cinderace|Cinderace, M|100/100
|turn|34
|-message|barbordor forfeited.
|
|win|sylvr7070
|raw|sylvr7070's rating: 1570 &rarr; <strong>1589</strong><br />(+19 for winning)
|raw|barbordor's rating: 1552 &rarr; <strong>1533</strong><br />(-19 for losing)
|l|☆barbordor
|player|p2|
|l|☆sylvr7070
|player|p1|
|l| switchblade0719
