|j|☆KurisuChestnutLab
|j|☆barbordor
|t:|1781173323
|gametype|singles
|player|p1|KurisuChestnutLab|may-contest|1478
|player|p2|barbordor|266|1553
|gen|9
|tier|[Gen 9] OU
|rated|
|rule|HP Percentage Mod: HP is shown in percentages
|rule|Endless Battle Clause: Forcing endless battles is banned
|rule|Species Clause: Limit one of each Pokémon
|rule|OHKO Clause: OHKO moves are banned
|rule|Evasion Items Clause: Evasion items are banned
|rule|Evasion Moves Clause: Evasion moves are banned
|rule|Evasion Abilities Clause: Evasion abilities are banned
|rule|Sleep Moves Clause: Sleep-inducing moves are banned
|clearpoke
|poke|p1|Zamazenta-*|
|poke|p1|Zapdos|
|poke|p1|Garganacl, F|
|poke|p1|Clefable, M|
|poke|p1|Samurott-Hisui, F|
|poke|p1|Gholdengo|
|poke|p2|Ceruledge, F|
|poke|p2|Breloom, M|
|poke|p2|Dragonite, F|
|poke|p2|Kingambit, M|
|poke|p2|Great Tusk|
|poke|p2|Weavile, M|
|teampreview
|inactive|Battle timer is ON: inactive players will automatically lose when time's up. (requested by barbordor)
|inactive|KurisuChestnutLab also wants the timer to be on.
|inactive|barbordor has 120 seconds left.
|
|t:|1781173363
|teamsize|p1|6
|teamsize|p2|6
|start
|switch|p1a: Zamazenta|Zamazenta|100/100
|switch|p2a: Weavile|Weavile, M|100/100
|-ability|p1a: Zamazenta|Dauntless Shield|boost
|-boost|p1a: Zamazenta|def|1
|-ability|p2a: Weavile|Pressure
|turn|1
|
|t:|1781173367
|switch|p2a: Ceruledge|Ceruledge, F|100/100
|move|p1a: Zamazenta|Iron Defense|p1a: Zamazenta
|-boost|p1a: Zamazenta|def|2
|
|upkeep
|turn|2
|
|t:|1781173370
|move|p1a: Zamazenta|Crunch|p2a: Ceruledge
|-supereffective|p2a: Ceruledge
|-damage|p2a: Ceruledge|40/100
|-ability|p2a: Ceruledge|Weak Armor|boost
|-unboost|p2a: Ceruledge|def|1
|-boost|p2a: Ceruledge|spe|2
|move|p2a: Ceruledge|Swords Dance|p2a: Ceruledge
|-boost|p2a: Ceruledge|atk|2
|
|upkeep
|turn|3
|
|t:|1781173375
|move|p2a: Ceruledge|Destiny Bond|p2a: Ceruledge
|-singlemove|p2a: Ceruledge|Destiny Bond
|move|p1a: Zamazenta|Crunch|p2a: Ceruledge
|-supereffective|p2a: Ceruledge
|-damage|p2a: Ceruledge|0 fnt
|faint|p2a: Ceruledge
|-activate|p2a: Ceruledge|move: Destiny Bond
|faint|p1a: Zamazenta
|
|upkeep
|
|t:|1781173379
|switch|p1a: Clefable|Clefable, M|100/100
|switch|p2a: Breloom|Breloom, M|100/100
|turn|4
|
|t:|1781173382
|switch|p1a: Gholdengo|Gholdengo|100/100
|move|p2a: Breloom|Bullet Seed|p1a: Gholdengo
|-resisted|p1a: Gholdengo
|-damage|p1a: Gholdengo|88/100
|-resisted|p1a: Gholdengo
|-damage|p1a: Gholdengo|77/100
|-resisted|p1a: Gholdengo
|-damage|p1a: Gholdengo|64/100
|-resisted|p1a: Gholdengo
|-damage|p1a: Gholdengo|51/100
|-hitcount|p1a: Gholdengo|4
|
|upkeep
|turn|5
|
|t:|1781173386
|move|p1a: Gholdengo|Dazzling Gleam|p2a: Breloom
|-supereffective|p2a: Breloom
|-enditem|p2a: Breloom|Focus Sash
|-damage|p2a: Breloom|1/100
|move|p2a: Breloom|Bulldoze|p1a: Gholdengo
|-supereffective|p1a: Gholdengo
|-damage|p1a: Gholdengo|0 fnt
|faint|p1a: Gholdengo
|
|upkeep
|
|t:|1781173390
|switch|p1a: Zapdos|Zapdos|100/100
|turn|6
|
|t:|1781173393
|move|p1a: Zapdos|Volt Switch|p2a: Breloom
|-resisted|p2a: Breloom
|-damage|p2a: Breloom|0 fnt
|faint|p2a: Breloom
|
|t:|1781173400
|switch|p1a: Clefable|Clefable, M|100/100|[from] Volt Switch
|
|upkeep
|
|t:|1781173404
|switch|p2a: Kingambit|Kingambit, M|100/100
|-activate|p2a: Kingambit|ability: Supreme Overlord
|-start|p2a: Kingambit|fallen2|[silent]
|-item|p2a: Kingambit|Air Balloon
|turn|7
|
|t:|1781173410
|move|p2a: Kingambit|Swords Dance|p2a: Kingambit
|-boost|p2a: Kingambit|atk|2
|move|p1a: Clefable|Moonblast|p2a: Kingambit
|-damage|p2a: Kingambit|68/100
|-enditem|p2a: Kingambit|Air Balloon
|
|upkeep
|turn|8
|
|t:|1781173414
|-terastallize|p1a: Clefable|Steel
|move|p2a: Kingambit|Kowtow Cleave|p1a: Clefable
|-damage|p1a: Clefable|59/100
|move|p1a: Clefable|Moonblast|p2a: Kingambit
|-damage|p2a: Kingambit|35/100
|
|upkeep
|turn|9
|
|t:|1781173419
|move|p2a: Kingambit|Kowtow Cleave|p1a: Clefable
|-damage|p1a: Clefable|12/100
|move|p1a: Clefable|Moonlight|p1a: Clefable
|-heal|p1a: Clefable|62/100
|
|upkeep
|turn|10
|
|t:|1781173423
|move|p2a: Kingambit|Low Kick|p1a: Clefable
|-supereffective|p1a: Clefable
|-damage|p1a: Clefable|22/100
|move|p1a: Clefable|Moonlight|p1a: Clefable
|-heal|p1a: Clefable|72/100
|
|upkeep
|turn|11
|
|t:|1781173431
|move|p2a: Kingambit|Kowtow Cleave|p1a: Clefable
|-damage|p1a: Clefable|23/100
|move|p1a: Clefable|Moonlight|p1a: Clefable
|-heal|p1a: Clefable|73/100
|
|upkeep
|turn|12
|
|t:|1781173439
|-end|p2a: Kingambit|fallen2|[silent]
|switch|p2a: Great Tusk|Great Tusk|100/100
|-enditem|p2a: Great Tusk|Booster Energy
|-activate|p2a: Great Tusk|ability: Protosynthesis|[fromitem]
|-start|p2a: Great Tusk|protosynthesisatk
|move|p1a: Clefable|Moonlight|p1a: Clefable
|-heal|p1a: Clefable|100/100
|
|upkeep
|turn|13
|
|t:|1781173444
|switch|p1a: Zapdos|Zapdos|100/100
|move|p2a: Great Tusk|Headlong Rush|p1a: Zapdos
|-immune|p1a: Zapdos
|
|upkeep
|turn|14
|
|t:|1781173452
|move|p2a: Great Tusk|Stealth Rock|p1a: Zapdos
|-sidestart|p1: KurisuChestnutLab|move: Stealth Rock
|move|p1a: Zapdos|Hurricane|p2a: Great Tusk
|-supereffective|p2a: Great Tusk
|-damage|p2a: Great Tusk|0 fnt
|faint|p2a: Great Tusk
|-end|p2a: Great Tusk|Protosynthesis|[silent]
|
|upkeep
|
|t:|1781173454
|switch|p2a: Weavile|Weavile, M|100/100
|-ability|p2a: Weavile|Pressure
|turn|15
|
|t:|1781173459
|switch|p1a: Clefable|Clefable, M, tera:Steel|100/100
|move|p2a: Weavile|Triple Axel|p1a: Clefable
|-resisted|p1a: Clefable
|-damage|p1a: Clefable|97/100
|-resisted|p1a: Clefable
|-damage|p1a: Clefable|90/100
|-resisted|p1a: Clefable
|-damage|p1a: Clefable|79/100
|-hitcount|p1a: Clefable|3
|
|upkeep
|turn|16
|
|t:|1781173465
|move|p2a: Weavile|Triple Axel|p1a: Clefable
|-resisted|p1a: Clefable
|-damage|p1a: Clefable|75/100
|-resisted|p1a: Clefable
|-damage|p1a: Clefable|68/100
|-hitcount|p1a: Clefable|2
|move|p1a: Clefable|Moonblast|p2a: Weavile
|-supereffective|p2a: Weavile
|-damage|p2a: Weavile|14/100
|
|upkeep
|turn|17
|
|t:|1781173469
|move|p2a: Weavile|Swords Dance|p2a: Weavile
|-boost|p2a: Weavile|atk|2
|move|p1a: Clefable|Moonlight|p1a: Clefable
|-heal|p1a: Clefable|100/100
|
|upkeep
|turn|18
|
|t:|1781173472
|move|p2a: Weavile|Beat Up|p1a: Clefable
|-damage|p1a: Clefable|94/100
|-damage|p1a: Clefable|87/100
|-damage|p1a: Clefable|80/100
|-hitcount|p1a: Clefable|3
|move|p1a: Clefable|Moonblast|p2a: Weavile
|-supereffective|p2a: Weavile
|-damage|p2a: Weavile|0 fnt
|faint|p2a: Weavile
|
|upkeep
|
|t:|1781173475
|switch|p2a: Kingambit|Kingambit, M|35/100
|-activate|p2a: Kingambit|ability: Supreme Overlord
|-start|p2a: Kingambit|fallen4|[silent]
|turn|19
|
|t:|1781173479
|move|p2a: Kingambit|Kowtow Cleave|p1a: Clefable
|-damage|p1a: Clefable|28/100
|move|p1a: Clefable|Thunder Wave|p2a: Kingambit
|-status|p2a: Kingambit|par
|
|upkeep
|turn|20
|
|t:|1781173484
|move|p1a: Clefable|Moonlight|p1a: Clefable
|-heal|p1a: Clefable|78/100
|cant|p2a: Kingambit|par
|
|upkeep
|turn|21
|
|t:|1781173491
|move|p1a: Clefable|Moonblast|p2a: Kingambit
|-damage|p2a: Kingambit|3/100 par
|cant|p2a: Kingambit|par
|
|upkeep
|turn|22
|
|t:|1781173498
|move|p2a: Kingambit|Sucker Punch||[still]
|-fail|p2a: Kingambit
|move|p1a: Clefable|Moonlight|p1a: Clefable
|-heal|p1a: Clefable|100/100
|
|upkeep
|turn|23
|-message|barbordor forfeited.
|
|win|KurisuChestnutLab
|raw|KurisuChestnutLab's rating: 1497 &rarr; <strong>1520</strong><br />(+23 for winning)
|raw|barbordor's rating: 1553 &rarr; <strong>1530</strong><br />(-23 for losing)
|l|☆barbordor
|player|p2|
