|j|☆Ma It's Over
|j|‽susik09
|t:|1781356459
|gametype|singles
|player|p1|Ma It's Over|266|1559
|player|p2|susik09|harlequin|1572
|gen|9
|tier|[Gen 9] OU
|rated|
|rule|HP Percentage Mod: HP is shown in percentages
|rule|Endless Battle Clause: Forcing endless battles is banned
|rule|Species Clause: Limit one of each Pokémon
|rule|OHKO Clause: OHKO moves are banned
|rule|Evasion Items Clause: Evasion items are banned
|rule|Evasion Moves Clause: Evasion moves are banned
|rule|Evasion Abilities Clause: Evasion abilities are banned
|rule|Sleep Moves Clause: Sleep-inducing moves are banned
|clearpoke
|poke|p1|Rillaboom, F|
|poke|p1|Ursaluna, M|
|poke|p1|Iron Treads|
|poke|p1|Kingambit, F|
|poke|p1|Alomomola, M|
|poke|p1|Dragapult, F|
|poke|p2|Raging Bolt|
|poke|p2|Rillaboom, F|
|poke|p2|Blissey, F|
|poke|p2|Moltres|
|poke|p2|Great Tusk|
|poke|p2|Garganacl, M|
|teampreview
|
|t:|1781356474
|teamsize|p1|6
|teamsize|p2|6
|start
|switch|p1a: Dragapult|Dragapult, F|100/100
|switch|p2a: Rillaboom|Rillaboom, F, shiny|100/100
|-fieldstart|move: Grassy Terrain|[from] ability: Grassy Surge|[of] p2a: Rillaboom
|turn|1
|
|t:|1781356501
|switch|p2a: Moltres|Moltres, shiny|100/100
|move|p1a: Dragapult|Draco Meteor|p2a: Moltres
|-damage|p2a: Moltres|18/100
|-unboost|p1a: Dragapult|spa|2
|
|upkeep
|turn|2
|
|t:|1781356506
|switch|p1a: Ursaluna|Ursaluna, M|100/100
|switch|p2a: Garganacl|Garganacl, M|100/100
|
|-status|p1a: Ursaluna|brn|[from] item: Flame Orb
|upkeep
|turn|3
|
|t:|1781356519
|-terastallize|p2a: Garganacl|Ghost
|move|p1a: Ursaluna|Headlong Rush|p2a: Garganacl
|-crit|p2a: Garganacl
|-damage|p2a: Garganacl|24/100
|-unboost|p1a: Ursaluna|def|1
|-unboost|p1a: Ursaluna|spd|1
|move|p2a: Garganacl|Salt Cure|p1a: Ursaluna
|-resisted|p1a: Ursaluna
|-damage|p1a: Ursaluna|92/100 brn
|-start|p1a: Ursaluna|Salt Cure
|
|-heal|p1a: Ursaluna|98/100 brn|[from] Grassy Terrain
|-heal|p2a: Garganacl|30/100|[from] Grassy Terrain
|-heal|p2a: Garganacl|36/100|[from] item: Leftovers
|-damage|p1a: Ursaluna|92/100 brn|[from] brn
|-damage|p1a: Ursaluna|79/100 brn|[from] Salt Cure
|upkeep
|turn|4
|
|t:|1781356561
|switch|p2a: Moltres|Moltres, shiny|18/100
|move|p1a: Ursaluna|Headlong Rush|p2a: Moltres
|-immune|p2a: Moltres
|
|-heal|p1a: Ursaluna|85/100 brn|[from] Grassy Terrain
|-damage|p1a: Ursaluna|79/100 brn|[from] brn
|-damage|p1a: Ursaluna|67/100 brn|[from] Salt Cure
|upkeep
|turn|5
|inactive|Battle timer is ON: inactive players will automatically lose when time's up. (requested by susik09)
|
|t:|1781356567
|switch|p1a: Alomomola|Alomomola, M|100/100
|move|p2a: Moltres|Roost|p2a: Moltres
|-heal|p2a: Moltres|68/100
|-singleturn|p2a: Moltres|move: Roost
|
|-heal|p2a: Moltres|74/100|[from] Grassy Terrain
|-fieldend|move: Grassy Terrain
|upkeep
|turn|6
|
|t:|1781356572
|move|p2a: Moltres|U-turn|p1a: Alomomola
|-damage|p1a: Alomomola|92/100
|
|t:|1781356576
|switch|p2a: Raging Bolt|Raging Bolt|100/100|[from] U-turn
|move|p1a: Alomomola|Flip Turn|p2a: Raging Bolt
|-resisted|p2a: Raging Bolt
|-damage|p2a: Raging Bolt|93/100
|
|t:|1781356579
|switch|p1a: Iron Treads|Iron Treads|100/100|[from] Flip Turn
|
|upkeep
|turn|7
|
|t:|1781356586
|-end|p2a: Raging Bolt|Protosynthesis|[silent]
|switch|p2a: Moltres|Moltres, shiny|74/100
|move|p1a: Iron Treads|High Horsepower|p2a: Moltres
|-immune|p2a: Moltres
|
|upkeep
|turn|8
|
|t:|1781356591
|-end|p1a: Iron Treads|Quark Drive|[silent]
|switch|p1a: Alomomola|Alomomola, M|100/100
|move|p2a: Moltres|U-turn|p1a: Alomomola
|-damage|p1a: Alomomola|91/100
|
|t:|1781356593
|switch|p2a: Garganacl|Garganacl, M, tera:Ghost|36/100|[from] U-turn
|
|-heal|p2a: Garganacl|43/100|[from] item: Leftovers
|upkeep
|turn|9
|
|t:|1781356599
|move|p1a: Alomomola|Wish|p1a: Alomomola
|move|p2a: Garganacl|Recover|p2a: Garganacl
|-heal|p2a: Garganacl|93/100
|
|-heal|p2a: Garganacl|99/100|[from] item: Leftovers
|upkeep
|turn|10
|
|t:|1781356609
|move|p1a: Alomomola|Flip Turn|p2a: Garganacl
|-damage|p2a: Garganacl|90/100
|
|t:|1781356612
|switch|p1a: Ursaluna|Ursaluna, M|67/100 brn|[from] Flip Turn
|move|p2a: Garganacl|Salt Cure|p1a: Ursaluna
|-resisted|p1a: Ursaluna
|-damage|p1a: Ursaluna|61/100 brn
|-start|p1a: Ursaluna|Salt Cure
|
|-heal|p1a: Ursaluna|100/100 brn|[from] move: Wish|[wisher] Alomomola
|-heal|p2a: Garganacl|97/100|[from] item: Leftovers
|-damage|p1a: Ursaluna|94/100 brn|[from] brn
|-damage|p1a: Ursaluna|82/100 brn|[from] Salt Cure
|upkeep
|turn|11
|
|t:|1781356632
|switch|p1a: Alomomola|Alomomola, M|100/100
|move|p2a: Garganacl|Protect||[still]
|-fail|p2a: Garganacl
|
|-heal|p2a: Garganacl|100/100|[from] item: Leftovers
|upkeep
|turn|12
|
|t:|1781356649
|move|p1a: Alomomola|Flip Turn|p2a: Garganacl
|-damage|p2a: Garganacl|92/100
|
|t:|1781356652
|switch|p1a: Rillaboom|Rillaboom, F|100/100|[from] Flip Turn
|-fieldstart|move: Grassy Terrain|[from] ability: Grassy Surge|[of] p1a: Rillaboom
|move|p2a: Garganacl|Salt Cure|p1a: Rillaboom
|-damage|p1a: Rillaboom|86/100
|-start|p1a: Rillaboom|Salt Cure
|
|-heal|p1a: Rillaboom|92/100|[from] Grassy Terrain
|-heal|p2a: Garganacl|98/100|[from] Grassy Terrain
|-heal|p2a: Garganacl|100/100|[from] item: Leftovers
|-damage|p1a: Rillaboom|79/100|[from] Salt Cure
|upkeep
|turn|13
|
|t:|1781356660
|switch|p2a: Moltres|Moltres, shiny|74/100
|move|p1a: Rillaboom|Knock Off|p2a: Moltres
|-damage|p2a: Moltres|40/100
|-status|p1a: Rillaboom|brn|[from] ability: Flame Body|[of] p2a: Moltres
|-enditem|p2a: Moltres|Heavy-Duty Boots|[from] move: Knock Off|[of] p1a: Rillaboom
|
|-heal|p1a: Rillaboom|86/100 brn|[from] Grassy Terrain
|-damage|p1a: Rillaboom|79/100 brn|[from] brn
|-damage|p1a: Rillaboom|67/100 brn|[from] Salt Cure
|upkeep
|turn|14
|
|t:|1781356668
|switch|p1a: Dragapult|Dragapult, F|100/100
|move|p2a: Moltres|Roost|p2a: Moltres
|-heal|p2a: Moltres|90/100
|-singleturn|p2a: Moltres|move: Roost
|
|-heal|p2a: Moltres|96/100|[from] Grassy Terrain
|upkeep
|turn|15
|
|t:|1781356673
|switch|p2a: Blissey|Blissey, F|100/100
|move|p1a: Dragapult|U-turn|p2a: Blissey
|-damage|p2a: Blissey|85/100
|
|t:|1781356677
|switch|p1a: Ursaluna|Ursaluna, M|82/100 brn|[from] U-turn
|
|-heal|p1a: Ursaluna|88/100 brn|[from] Grassy Terrain
|-heal|p2a: Blissey|91/100|[from] Grassy Terrain
|-heal|p2a: Blissey|97/100|[from] item: Leftovers
|-damage|p1a: Ursaluna|82/100 brn|[from] brn
|upkeep
|turn|16
|
|t:|1781356693
|switch|p2a: Moltres|Moltres, shiny|96/100
|move|p1a: Ursaluna|Swords Dance|p1a: Ursaluna
|-boost|p1a: Ursaluna|atk|2
|
|-heal|p1a: Ursaluna|88/100 brn|[from] Grassy Terrain
|-damage|p1a: Ursaluna|82/100 brn|[from] brn
|-fieldend|move: Grassy Terrain
|upkeep
|turn|17
|
|t:|1781356704
|move|p1a: Ursaluna|Facade|p2a: Moltres
|-damage|p2a: Moltres|0 fnt
|faint|p2a: Moltres
|
|-damage|p1a: Ursaluna|76/100 brn|[from] brn
|upkeep
|
|t:|1781356707
|switch|p2a: Rillaboom|Rillaboom, F, shiny|100/100
|-fieldstart|move: Grassy Terrain|[from] ability: Grassy Surge|[of] p2a: Rillaboom
|turn|18
|
|t:|1781356712
|switch|p1a: Rillaboom|Rillaboom, F|67/100 brn
|move|p2a: Rillaboom|Wood Hammer|p1a: Rillaboom
|-resisted|p1a: Rillaboom
|-damage|p1a: Rillaboom|0 fnt
|faint|p1a: Rillaboom
|-damage|p2a: Rillaboom|79/100|[from] Recoil
|
|-heal|p2a: Rillaboom|85/100|[from] Grassy Terrain
|upkeep
|
|t:|1781356727
|switch|p1a: Dragapult|Dragapult, F|100/100
|turn|19
|
|t:|1781356744
|switch|p2a: Blissey|Blissey, F|97/100
|move|p1a: Dragapult|U-turn|p2a: Blissey
|-damage|p2a: Blissey|80/100
|
|t:|1781356750
|switch|p1a: Ursaluna|Ursaluna, M|76/100 brn|[from] U-turn
|
|-heal|p1a: Ursaluna|82/100 brn|[from] Grassy Terrain
|-heal|p2a: Blissey|86/100|[from] Grassy Terrain
|-heal|p2a: Blissey|92/100|[from] item: Leftovers
|-damage|p1a: Ursaluna|76/100 brn|[from] brn
|upkeep
|turn|20
|
|t:|1781356757
|switch|p2a: Rillaboom|Rillaboom, F, shiny|85/100
|move|p1a: Ursaluna|Headlong Rush|p2a: Rillaboom
|-resisted|p2a: Rillaboom
|-damage|p2a: Rillaboom|28/100
|-unboost|p1a: Ursaluna|def|1
|-unboost|p1a: Ursaluna|spd|1
|
|-heal|p2a: Rillaboom|35/100|[from] Grassy Terrain
|-heal|p1a: Ursaluna|82/100 brn|[from] Grassy Terrain
|-damage|p1a: Ursaluna|76/100 brn|[from] brn
|upkeep
|turn|21
|
|t:|1781356764
|switch|p1a: Kingambit|Kingambit, F|100/100
|-activate|p1a: Kingambit|ability: Supreme Overlord
|-start|p1a: Kingambit|fallen1|[silent]
|-item|p1a: Kingambit|Air Balloon
|move|p2a: Rillaboom|Wood Hammer|p1a: Kingambit
|-resisted|p1a: Kingambit
|-damage|p1a: Kingambit|46/100
|-enditem|p1a: Kingambit|Air Balloon
|-damage|p2a: Rillaboom|17/100|[from] Recoil
|
|-heal|p2a: Rillaboom|23/100|[from] Grassy Terrain
|-heal|p1a: Kingambit|52/100|[from] Grassy Terrain
|upkeep
|turn|22
|
|t:|1781356772
|switch|p2a: Garganacl|Garganacl, M, tera:Ghost|100/100
|move|p1a: Kingambit|Sucker Punch||[still]
|-fail|p1a: Kingambit
|
|-heal|p1a: Kingambit|58/100|[from] Grassy Terrain
|-fieldend|move: Grassy Terrain
|upkeep
|turn|23
|
|t:|1781356776
|move|p1a: Kingambit|Kowtow Cleave|p2a: Garganacl
|-supereffective|p2a: Garganacl
|-damage|p2a: Garganacl|50/100
|move|p2a: Garganacl|Salt Cure|p1a: Kingambit
|-resisted|p1a: Kingambit
|-damage|p1a: Kingambit|52/100
|-start|p1a: Kingambit|Salt Cure
|
|-heal|p2a: Garganacl|56/100|[from] item: Leftovers
|-damage|p1a: Kingambit|27/100|[from] Salt Cure
|upkeep
|turn|24
|
|t:|1781356782
|-end|p1a: Kingambit|fallen1|[silent]
|switch|p1a: Alomomola|Alomomola, M|100/100
|move|p2a: Garganacl|Protect||[still]
|-fail|p2a: Garganacl
|
|-heal|p2a: Garganacl|62/100|[from] item: Leftovers
|upkeep
|turn|25
|
|t:|1781356785
|move|p1a: Alomomola|Wish|p1a: Alomomola
|move|p2a: Garganacl|Salt Cure|p1a: Alomomola
|-crit|p1a: Alomomola
|-damage|p1a: Alomomola|88/100
|-start|p1a: Alomomola|Salt Cure
|
|-heal|p2a: Garganacl|68/100|[from] item: Leftovers
|-damage|p1a: Alomomola|63/100|[from] Salt Cure
|upkeep
|turn|26
|
|t:|1781356788
|move|p1a: Alomomola|Flip Turn|p2a: Garganacl
|-damage|p2a: Garganacl|59/100
|inactive|Ma It's Over has 120 seconds left.
|
|t:|1781356823
|switch|p1a: Kingambit|Kingambit, F|27/100|[from] Flip Turn
|-activate|p1a: Kingambit|ability: Supreme Overlord
|-start|p1a: Kingambit|fallen1|[silent]
|move|p2a: Garganacl|Salt Cure|p1a: Kingambit
|-resisted|p1a: Kingambit
|-damage|p1a: Kingambit|21/100
|-start|p1a: Kingambit|Salt Cure
|
|-heal|p1a: Kingambit|91/100|[from] move: Wish|[wisher] Alomomola
|-heal|p2a: Garganacl|65/100|[from] item: Leftovers
|-damage|p1a: Kingambit|66/100|[from] Salt Cure
|upkeep
|turn|27
|
|t:|1781356832
|-end|p1a: Kingambit|fallen1|[silent]
|switch|p1a: Alomomola|Alomomola, M|96/100
|move|p2a: Garganacl|Recover|p2a: Garganacl
|-heal|p2a: Garganacl|100/100
|
|upkeep
|turn|28
|
|t:|1781356839
|move|p1a: Alomomola|Wish|p1a: Alomomola
|move|p2a: Garganacl|Stealth Rock|p1a: Alomomola
|-sidestart|p1: Ma It's Over|move: Stealth Rock
|
|upkeep
|turn|29
|
|t:|1781356843
|move|p1a: Alomomola|Flip Turn|p2a: Garganacl
|-damage|p2a: Garganacl|92/100
|
|t:|1781356846
|switch|p1a: Ursaluna|Ursaluna, M|76/100 brn|[from] Flip Turn
|-damage|p1a: Ursaluna|69/100 brn|[from] Stealth Rock
|move|p2a: Garganacl|Salt Cure|p1a: Ursaluna
|-resisted|p1a: Ursaluna
|-damage|p1a: Ursaluna|64/100 brn
|-start|p1a: Ursaluna|Salt Cure
|
|-heal|p1a: Ursaluna|100/100 brn|[from] move: Wish|[wisher] Alomomola
|-heal|p2a: Garganacl|98/100|[from] item: Leftovers
|-damage|p1a: Ursaluna|94/100 brn|[from] brn
|-damage|p1a: Ursaluna|82/100 brn|[from] Salt Cure
|upkeep
|turn|30
|
|t:|1781356863
|move|p2a: Garganacl|Protect|p2a: Garganacl
|-singleturn|p2a: Garganacl|Protect
|move|p1a: Ursaluna|Headlong Rush|p2a: Garganacl
|-activate|p2a: Garganacl|move: Protect
|
|-heal|p2a: Garganacl|100/100|[from] item: Leftovers
|-damage|p1a: Ursaluna|76/100 brn|[from] brn
|-damage|p1a: Ursaluna|63/100 brn|[from] Salt Cure
|upkeep
|turn|31
|
|t:|1781356867
|move|p1a: Ursaluna|Headlong Rush|p2a: Garganacl
|-damage|p2a: Garganacl|53/100
|-unboost|p1a: Ursaluna|def|1
|-unboost|p1a: Ursaluna|spd|1
|move|p2a: Garganacl|Salt Cure|p1a: Ursaluna
|-resisted|p1a: Ursaluna
|-damage|p1a: Ursaluna|55/100 brn
|
|-heal|p2a: Garganacl|59/100|[from] item: Leftovers
|-damage|p1a: Ursaluna|48/100 brn|[from] brn
|-damage|p1a: Ursaluna|36/100 brn|[from] Salt Cure
|upkeep
|turn|32
|
|t:|1781356872
|switch|p1a: Alomomola|Alomomola, M|100/100
|move|p2a: Garganacl|Recover|p2a: Garganacl
|-heal|p2a: Garganacl|100/100
|
|upkeep
|turn|33
|
|t:|1781356877
|switch|p2a: Rillaboom|Rillaboom, F, shiny|23/100
|-fieldstart|move: Grassy Terrain|[from] ability: Grassy Surge|[of] p2a: Rillaboom
|move|p1a: Alomomola|Wish|p1a: Alomomola
|
|-heal|p2a: Rillaboom|29/100|[from] Grassy Terrain
|upkeep
|turn|34
|
|t:|1781356883
|switch|p1a: Kingambit|Kingambit, F|66/100
|-damage|p1a: Kingambit|59/100|[from] Stealth Rock
|-activate|p1a: Kingambit|ability: Supreme Overlord
|-start|p1a: Kingambit|fallen1|[silent]
|move|p2a: Rillaboom|U-turn|p1a: Kingambit
|-damage|p1a: Kingambit|28/100
|
|t:|1781356887
|switch|p2a: Great Tusk|Great Tusk, shiny|100/100|[from] U-turn
|
|-heal|p1a: Kingambit|97/100|[from] move: Wish|[wisher] Alomomola
|-heal|p1a: Kingambit|100/100|[from] Grassy Terrain
|upkeep
|turn|35
|
|t:|1781356894
|-end|p1a: Kingambit|fallen1|[silent]
|switch|p1a: Alomomola|Alomomola, M|100/100
|move|p2a: Great Tusk|Close Combat|p1a: Alomomola
|-damage|p1a: Alomomola|66/100
|-unboost|p2a: Great Tusk|def|1
|-unboost|p2a: Great Tusk|spd|1
|
|-heal|p1a: Alomomola|72/100|[from] Grassy Terrain
|upkeep
|turn|36
|
|t:|1781356906
|-end|p2a: Great Tusk|Protosynthesis|[silent]
|switch|p2a: Raging Bolt|Raging Bolt|93/100
|move|p1a: Alomomola|Flip Turn|p2a: Raging Bolt
|-resisted|p2a: Raging Bolt
|-damage|p2a: Raging Bolt|85/100
|
|t:|1781356908
|switch|p1a: Iron Treads|Iron Treads|100/100|[from] Flip Turn
|-damage|p1a: Iron Treads|98/100|[from] Stealth Rock
|
|-heal|p1a: Iron Treads|100/100|[from] Grassy Terrain
|-heal|p2a: Raging Bolt|91/100|[from] Grassy Terrain
|upkeep
|turn|37
|
|t:|1781356937
|move|p1a: Iron Treads|Stealth Rock|p2a: Raging Bolt
|-sidestart|p2: susik09|move: Stealth Rock
|move|p2a: Raging Bolt|Draco Meteor|p1a: Iron Treads
|-resisted|p1a: Iron Treads
|-damage|p1a: Iron Treads|44/100
|-unboost|p2a: Raging Bolt|spa|2
|
|-heal|p1a: Iron Treads|50/100|[from] Grassy Terrain
|-heal|p1a: Iron Treads|56/100|[from] item: Leftovers
|-heal|p2a: Raging Bolt|97/100|[from] Grassy Terrain
|-fieldend|move: Grassy Terrain
|upkeep
|turn|38
|
|t:|1781356945
|-end|p2a: Raging Bolt|Protosynthesis|[silent]
|switch|p2a: Great Tusk|Great Tusk, shiny|100/100
|move|p1a: Iron Treads|Rapid Spin|p2a: Great Tusk
|-damage|p2a: Great Tusk|92/100
|-boost|p1a: Iron Treads|spe|1
|-sideend|p1: Ma It's Over|Stealth Rock|[from] move: Rapid Spin|[of] p1a: Iron Treads
|
|-heal|p1a: Iron Treads|62/100|[from] item: Leftovers
|upkeep
|turn|39
|
|t:|1781356950
|-end|p1a: Iron Treads|Quark Drive|[silent]
|switch|p1a: Alomomola|Alomomola, M|100/100
|move|p2a: Great Tusk|Headlong Rush|p1a: Alomomola
|-damage|p1a: Alomomola|60/100
|-unboost|p2a: Great Tusk|def|1
|-unboost|p2a: Great Tusk|spd|1
|
|upkeep
|turn|40
|
|t:|1781356956
|move|p2a: Great Tusk|Rapid Spin|p1a: Alomomola
|-damage|p1a: Alomomola|50/100
|-boost|p2a: Great Tusk|spe|1
|-sideend|p2: susik09|Stealth Rock|[from] move: Rapid Spin|[of] p2a: Great Tusk
|move|p1a: Alomomola|Flip Turn|p2a: Great Tusk
|-supereffective|p2a: Great Tusk
|-damage|p2a: Great Tusk|58/100
|
|t:|1781356962
|switch|p1a: Iron Treads|Iron Treads|62/100|[from] Flip Turn
|
|-heal|p1a: Iron Treads|68/100|[from] item: Leftovers
|upkeep
|turn|41
|
|t:|1781356967
|-end|p1a: Iron Treads|Quark Drive|[silent]
|switch|p1a: Alomomola|Alomomola, M|83/100
|move|p2a: Great Tusk|Close Combat|p1a: Alomomola
|-damage|p1a: Alomomola|47/100
|-unboost|p2a: Great Tusk|def|1
|-unboost|p2a: Great Tusk|spd|1
|
|upkeep
|turn|42
|
|t:|1781356974
|-end|p2a: Great Tusk|Protosynthesis|[silent]
|switch|p2a: Raging Bolt|Raging Bolt|97/100
|move|p1a: Alomomola|Flip Turn|p2a: Raging Bolt
|-resisted|p2a: Raging Bolt
|-damage|p2a: Raging Bolt|90/100
|
|t:|1781356976
|switch|p1a: Iron Treads|Iron Treads|68/100|[from] Flip Turn
|
|-heal|p1a: Iron Treads|74/100|[from] item: Leftovers
|upkeep
|turn|43
|
|t:|1781356982
|-end|p2a: Raging Bolt|Protosynthesis|[silent]
|switch|p2a: Rillaboom|Rillaboom, F, shiny|29/100
|-fieldstart|move: Grassy Terrain|[from] ability: Grassy Surge|[of] p2a: Rillaboom
|move|p1a: Iron Treads|High Horsepower|p2a: Rillaboom
|-resisted|p2a: Rillaboom
|-damage|p2a: Rillaboom|8/100
|
|-heal|p1a: Iron Treads|80/100|[from] Grassy Terrain
|-heal|p1a: Iron Treads|86/100|[from] item: Leftovers
|-heal|p2a: Rillaboom|14/100|[from] Grassy Terrain
|upkeep
|turn|44
|
|t:|1781356993
|move|p1a: Iron Treads|High Horsepower|p2a: Rillaboom
|-resisted|p2a: Rillaboom
|-damage|p2a: Rillaboom|0 fnt
|faint|p2a: Rillaboom
|
|-heal|p1a: Iron Treads|92/100|[from] Grassy Terrain
|-heal|p1a: Iron Treads|98/100|[from] item: Leftovers
|upkeep
|inactive|susik09 has 120 seconds left.
|-message|susik09 forfeited.
|
|win|Ma It's Over
|raw|Ma It&apos;s Over's rating: 1559 &rarr; <strong>1580</strong><br />(+21 for winning)
|raw|susik09's rating: 1572 &rarr; <strong>1551</strong><br />(-21 for losing)
|l|‽susik09
|player|p2|
|l|☆Ma It's Over
|player|p1|
