|j|☆Acastillo631
|j|☆Igoodnamename
|t:|1781186332
|gametype|singles
|player|p1|Acastillo631|silver|1612
|player|p2|Igoodnamename|winona|1658
|gen|9
|tier|[Gen 9] OU
|rated|
|rule|HP Percentage Mod: HP is shown in percentages
|rule|Endless Battle Clause: Forcing endless battles is banned
|rule|Species Clause: Limit one of each Pokémon
|rule|OHKO Clause: OHKO moves are banned
|rule|Evasion Items Clause: Evasion items are banned
|rule|Evasion Moves Clause: Evasion moves are banned
|rule|Evasion Abilities Clause: Evasion abilities are banned
|rule|Sleep Moves Clause: Sleep-inducing moves are banned
|clearpoke
|poke|p1|Iron Valiant|
|poke|p1|Sinistcha|
|poke|p1|Tyranitar, M|
|poke|p1|Klefki, M|
|poke|p1|Swampert, F|
|poke|p1|Talonflame, M|
|poke|p2|Gholdengo|
|poke|p2|Zamazenta-*|
|poke|p2|Moltres|
|poke|p2|Ting-Lu|
|poke|p2|Serperior, F|
|poke|p2|Kyurem|
|teampreview
|
|t:|1781186350
|teamsize|p1|6
|teamsize|p2|6
|start
|switch|p1a: Duff Mcwhalen|Swampert, F|100/100
|switch|p2a: Ting-Lu|Ting-Lu|100/100
|-ability|p2a: Ting-Lu|Vessel of Ruin
|turn|1
|inactive|Battle timer is ON: inactive players will automatically lose when time's up. (requested by Igoodnamename)
|
|t:|1781186353
|move|p1a: Duff Mcwhalen|Knock Off|p2a: Ting-Lu
|-resisted|p2a: Ting-Lu
|-damage|p2a: Ting-Lu|94/100
|-enditem|p2a: Ting-Lu|Leftovers|[from] move: Knock Off|[of] p1a: Duff Mcwhalen
|move|p2a: Ting-Lu|Stealth Rock|p1a: Duff Mcwhalen
|-sidestart|p1: Acastillo631|move: Stealth Rock
|
|upkeep
|turn|2
|
|t:|1781186355
|switch|p2a: Serperior|Serperior, F|100/100
|move|p1a: Duff Mcwhalen|Stealth Rock|p2a: Serperior
|-sidestart|p2: Igoodnamename|move: Stealth Rock
|
|upkeep
|turn|3
|
|t:|1781186364
|switch|p1a: Redips|Klefki, M|100/100
|-damage|p1a: Redips|95/100|[from] Stealth Rock
|move|p2a: Serperior|Knock Off|p1a: Redips
|-resisted|p1a: Redips
|-damage|p1a: Redips|87/100
|-damage|p2a: Serperior|84/100|[from] item: Rocky Helmet|[of] p1a: Redips
|-enditem|p1a: Redips|Rocky Helmet|[from] move: Knock Off|[of] p2a: Serperior
|
|upkeep
|turn|4
|
|t:|1781186370
|switch|p2a: Gholdengo|Gholdengo|100/100
|-damage|p2a: Gholdengo|94/100|[from] Stealth Rock
|move|p1a: Redips|Thunder Wave|p2a: Gholdengo
|-immune|p2a: Gholdengo|[from] ability: Good as Gold
|
|upkeep
|turn|5
|
|t:|1781186372
|switch|p1a: Duff Mcwhalen|Swampert, F|100/100
|-damage|p1a: Duff Mcwhalen|94/100|[from] Stealth Rock
|move|p2a: Gholdengo|Shadow Ball|p1a: Duff Mcwhalen
|-damage|p1a: Duff Mcwhalen|63/100
|-unboost|p1a: Duff Mcwhalen|spd|1
|
|-heal|p1a: Duff Mcwhalen|69/100|[from] item: Leftovers
|upkeep
|turn|6
|
|t:|1781186380
|move|p2a: Gholdengo|Shadow Ball|p1a: Duff Mcwhalen
|-damage|p1a: Duff Mcwhalen|23/100
|move|p1a: Duff Mcwhalen|Earthquake|p2a: Gholdengo
|-supereffective|p2a: Gholdengo
|-damage|p2a: Gholdengo|4/100
|
|-heal|p1a: Duff Mcwhalen|29/100|[from] item: Leftovers
|upkeep
|turn|7
|
|t:|1781186388
|switch|p1a: Eregion|Tyranitar, M|100/100
|-damage|p1a: Eregion|88/100|[from] Stealth Rock
|-weather|Sandstorm|[from] ability: Sand Stream|[of] p1a: Eregion
|move|p2a: Gholdengo|Make It Rain|p1a: Eregion
|-supereffective|p1a: Eregion
|-damage|p1a: Eregion|19/100
|-unboost|p2a: Gholdengo|spa|1
|
|-weather|Sandstorm|[upkeep]
|-heal|p1a: Eregion|25/100|[from] item: Leftovers
|upkeep
|turn|8
|
|t:|1781186394
|move|p2a: Gholdengo|Make It Rain|p1a: Eregion
|-supereffective|p1a: Eregion
|-damage|p1a: Eregion|0 fnt
|-unboost|p2a: Gholdengo|spa|1
|faint|p1a: Eregion
|
|-weather|Sandstorm|[upkeep]
|upkeep
|
|t:|1781186397
|switch|p1a: Talonflame|Talonflame, M|100/100
|turn|9
|inactive|Igoodnamename has 120 seconds left.
|inactive|Igoodnamename has 90 seconds left.
|
|t:|1781186478
|move|p1a: Talonflame|Flamethrower|p2a: Gholdengo
|-supereffective|p2a: Gholdengo
|-damage|p2a: Gholdengo|0 fnt
|faint|p2a: Gholdengo
|
|-weather|Sandstorm|[upkeep]
|-damage|p1a: Talonflame|94/100|[from] Sandstorm
|upkeep
|
|t:|1781186482
|switch|p2a: Kyurem|Kyurem|100/100
|-ability|p2a: Kyurem|Pressure
|turn|10
|
|t:|1781186501
|switch|p1a: Redips|Klefki, M|87/100
|-damage|p1a: Redips|81/100|[from] Stealth Rock
|move|p2a: Kyurem|Ice Beam|p1a: Redips
|-resisted|p1a: Redips
|-damage|p1a: Redips|53/100
|
|-weather|Sandstorm|[upkeep]
|-damage|p2a: Kyurem|94/100|[from] Sandstorm
|upkeep
|turn|11
|inactive|Igoodnamename has 90 seconds left.
|
|t:|1781186517
|-terastallize|p2a: Kyurem|Ground
|move|p1a: Redips|Magnet Rise|p1a: Redips
|-start|p1a: Redips|Magnet Rise
|move|p2a: Kyurem|Earth Power|p1a: Redips
|-immune|p1a: Redips
|
|-weather|none
|upkeep
|turn|12
|
|t:|1781186527
|move|p1a: Redips|Spikes|p2a: Kyurem
|-sidestart|p2: Igoodnamename|Spikes
|move|p2a: Kyurem|Substitute|p2a: Kyurem
|-start|p2a: Kyurem|Substitute
|-damage|p2a: Kyurem|69/100
|
|upkeep
|turn|13
|
|t:|1781186534
|switch|p1a: Sage Harpuia|Iron Valiant|100/100
|-damage|p1a: Sage Harpuia|94/100|[from] Stealth Rock
|-enditem|p1a: Sage Harpuia|Booster Energy
|-activate|p1a: Sage Harpuia|ability: Quark Drive|[fromitem]
|-start|p1a: Sage Harpuia|quarkdrivespe
|move|p2a: Kyurem|Ice Beam|p1a: Sage Harpuia
|-damage|p1a: Sage Harpuia|0 fnt
|faint|p1a: Sage Harpuia
|-end|p1a: Sage Harpuia|Quark Drive|[silent]
|
|upkeep
|-message|Acastillo631 forfeited.
|
|win|Igoodnamename
|raw|Acastillo631's rating: 1612 &rarr; <strong>1595</strong><br />(-17 for losing)
|raw|Igoodnamename's rating: 1673 &rarr; <strong>1690</strong><br />(+17 for winning)
|l|☆Acastillo631
|player|p1|
|l|☆Igoodnamename
|player|p2|
