|j|☆kooopooolooo
|j|☆KurisuChestnutLab
|t:|1781116018
|gametype|singles
|player|p1|kooopooolooo|170|1569
|player|p2|KurisuChestnutLab|may-contest|1518
|gen|9
|tier|[Gen 9] OU
|rated|
|rule|HP Percentage Mod: HP is shown in percentages
|rule|Endless Battle Clause: Forcing endless battles is banned
|rule|Species Clause: Limit one of each Pokémon
|rule|OHKO Clause: OHKO moves are banned
|rule|Evasion Items Clause: Evasion items are banned
|rule|Evasion Moves Clause: Evasion moves are banned
|rule|Evasion Abilities Clause: Evasion abilities are banned
|rule|Sleep Moves Clause: Sleep-inducing moves are banned
|clearpoke
|poke|p1|Darkrai|
|poke|p1|Deoxys-Speed|
|poke|p1|Salamence, M|
|poke|p1|Garchomp, F|
|poke|p1|Manaphy|
|poke|p1|Mew|
|poke|p2|Primarina, F|
|poke|p2|Hippowdon, M|
|poke|p2|Skarmory, M|
|poke|p2|Zapdos|
|poke|p2|Dragonite, F|
|poke|p2|Slowking, M|
|teampreview
|inactive|Battle timer is ON: inactive players will automatically lose when time's up. (requested by KurisuChestnutLab)
|
|t:|1781116048
|teamsize|p1|6
|teamsize|p2|6
|start
|switch|p1a: Deoxys|Deoxys-Speed|100/100
|switch|p2a: Primarina|Primarina, F|100/100
|-ability|p1a: Deoxys|Pressure
|turn|1
|
|t:|1781116053
|move|p1a: Deoxys|Light Screen|p1a: Deoxys
|-sidestart|p1: kooopooolooo|move: Light Screen
|move|p2a: Primarina|Moonblast|p1a: Deoxys
|-damage|p1a: Deoxys|66/100
|
|upkeep
|turn|2
|
|t:|1781116067
|move|p2a: Primarina|Moonblast|p1a: Deoxys
|-damage|p1a: Deoxys|31/100
|-unboost|p1a: Deoxys|spa|1
|move|p1a: Deoxys|Teleport|p1a: Deoxys
|
|t:|1781116070
|switch|p1a: Mew|Mew|100/100|[from] Teleport
|
|upkeep
|turn|3
|
|t:|1781116074
|move|p1a: Mew|Nasty Plot|p1a: Mew
|-boost|p1a: Mew|spa|2
|move|p2a: Primarina|Moonblast|p1a: Mew
|-damage|p1a: Mew|74/100
|
|-heal|p1a: Mew|80/100|[from] item: Leftovers
|upkeep
|turn|4
|
|t:|1781116078
|move|p1a: Mew|Psyshock|p2a: Primarina
|-damage|p2a: Primarina|22/100
|move|p2a: Primarina|Moonblast|p1a: Mew
|-crit|p1a: Mew
|-damage|p1a: Mew|0 fnt
|faint|p1a: Mew
|
|upkeep
|
|t:|1781116084
|switch|p1a: Manaphy|Manaphy|100/100
|turn|5
|
|t:|1781116088
|move|p1a: Manaphy|Tail Glow|p1a: Manaphy
|-boost|p1a: Manaphy|spa|3
|move|p2a: Primarina|Flip Turn|p1a: Manaphy
|-resisted|p1a: Manaphy
|-crit|p1a: Manaphy
|-damage|p1a: Manaphy|88/100
|
|t:|1781116091
|switch|p2a: Dragonite|Dragonite, F|100/100|[from] Flip Turn
|
|-heal|p1a: Manaphy|94/100|[from] item: Leftovers
|upkeep
|turn|6
|
|t:|1781116095
|-terastallize|p2a: Dragonite|Normal
|move|p2a: Dragonite|Extreme Speed|p1a: Manaphy
|-damage|p1a: Manaphy|43/100
|move|p1a: Manaphy|Ice Beam|p2a: Dragonite
|-damage|p2a: Dragonite|64/100
|
|-heal|p1a: Manaphy|50/100|[from] item: Leftovers
|upkeep
|turn|7
|
|t:|1781116102
|move|p2a: Dragonite|Extreme Speed|p1a: Manaphy
|-damage|p1a: Manaphy|2/100
|move|p1a: Manaphy|Surf|p2a: Dragonite
|-damage|p2a: Dragonite|0 fnt
|faint|p2a: Dragonite
|
|-heal|p1a: Manaphy|8/100|[from] item: Leftovers
|upkeep
|
|t:|1781116105
|switch|p2a: Slowking|Slowking, M|100/100
|turn|8
|
|t:|1781116108
|move|p1a: Manaphy|Alluring Voice|p2a: Slowking
|-damage|p2a: Slowking|66/100
|move|p2a: Slowking|Scald|p1a: Manaphy
|-resisted|p1a: Manaphy
|-damage|p1a: Manaphy|1/100
|
|-heal|p1a: Manaphy|7/100|[from] item: Leftovers
|-sideend|p1: kooopooolooo|move: Light Screen
|upkeep
|turn|9
|
|t:|1781116115
|move|p1a: Manaphy|Alluring Voice|p2a: Slowking
|-damage|p2a: Slowking|31/100
|move|p2a: Slowking|Slack Off|p2a: Slowking
|-heal|p2a: Slowking|81/100
|
|-heal|p1a: Manaphy|13/100|[from] item: Leftovers
|upkeep
|turn|10
|
|t:|1781116119
|move|p1a: Manaphy|Alluring Voice|p2a: Slowking
|-damage|p2a: Slowking|44/100
|move|p2a: Slowking|Future Sight|p1a: Manaphy
|-start|p2a: Slowking|move: Future Sight
|
|-heal|p1a: Manaphy|19/100|[from] item: Leftovers
|upkeep
|turn|11
|
|t:|1781116122
|switch|p2a: Primarina|Primarina, F|22/100
|move|p1a: Manaphy|Alluring Voice|p2a: Primarina
|-damage|p2a: Primarina|0 fnt
|faint|p2a: Primarina
|
|-heal|p1a: Manaphy|25/100|[from] item: Leftovers
|upkeep
|
|t:|1781116127
|switch|p2a: Slowking|Slowking, M|77/100
|turn|12
|
|t:|1781116130
|move|p1a: Manaphy|Alluring Voice|p2a: Slowking
|-damage|p2a: Slowking|43/100
|-prepare|p2a: Slowking|Chilly Reception|[premajor]
|move|p2a: Slowking|Chilly Reception|p2a: Slowking
|-weather|Snowscape
|
|t:|1781116135
|switch|p2a: Hippowdon|Hippowdon, M|100/100|[from] Chilly Reception
|-weather|Sandstorm|[from] ability: Sand Stream|[of] p2a: Hippowdon
|
|-weather|Sandstorm|[upkeep]
|-damage|p1a: Manaphy|19/100|[from] Sandstorm
|-end|p1a: Manaphy|move: Future Sight
|-damage|p1a: Manaphy|0 fnt
|faint|p1a: Manaphy
|upkeep
|
|t:|1781116141
|switch|p1a: Deoxys|Deoxys-Speed|31/100
|-ability|p1a: Deoxys|Pressure
|turn|13
|
|t:|1781116146
|move|p1a: Deoxys|Taunt|p2a: Hippowdon
|-start|p2a: Hippowdon|move: Taunt
|move|p2a: Hippowdon|Earthquake|p1a: Deoxys
|-damage|p1a: Deoxys|0 fnt
|faint|p1a: Deoxys
|
|-weather|Sandstorm|[upkeep]
|upkeep
|
|t:|1781116151
|switch|p1a: Darkrai|Darkrai|100/100
|turn|14
|
|t:|1781116154
|move|p1a: Darkrai|Nasty Plot|p1a: Darkrai
|-boost|p1a: Darkrai|spa|2
|move|p2a: Hippowdon|Earthquake|p1a: Darkrai
|-damage|p1a: Darkrai|54/100
|
|-weather|Sandstorm|[upkeep]
|-damage|p1a: Darkrai|48/100|[from] Sandstorm
|-heal|p1a: Darkrai|54/100|[from] item: Leftovers
|upkeep
|turn|15
|
|t:|1781116180
|move|p1a: Darkrai|Dark Pulse|p2a: Hippowdon
|-crit|p2a: Hippowdon
|-damage|p2a: Hippowdon|0 fnt
|faint|p2a: Hippowdon
|
|-weather|Sandstorm|[upkeep]
|-damage|p1a: Darkrai|48/100|[from] Sandstorm
|-heal|p1a: Darkrai|54/100|[from] item: Leftovers
|upkeep
|
|t:|1781116187
|switch|p2a: Zapdos|Zapdos|100/100
|turn|16
|
|t:|1781116194
|switch|p2a: Slowking|Slowking, M|76/100
|move|p1a: Darkrai|Dark Pulse|p2a: Slowking
|-supereffective|p2a: Slowking
|-damage|p2a: Slowking|0 fnt
|faint|p2a: Slowking
|
|-weather|none
|-heal|p1a: Darkrai|60/100|[from] item: Leftovers
|upkeep
|
|t:|1781116198
|switch|p2a: Skarmory|Skarmory, M|100/100
|turn|17
|
|t:|1781116205
|switch|p2a: Zapdos|Zapdos|100/100
|-terastallize|p1a: Darkrai|Poison
|move|p1a: Darkrai|Dark Pulse|p2a: Zapdos
|-damage|p2a: Zapdos|17/100
|
|-heal|p1a: Darkrai|66/100|[from] item: Leftovers
|upkeep
|turn|18
|
|t:|1781116209
|switch|p2a: Skarmory|Skarmory, M|100/100
|move|p1a: Darkrai|Dark Pulse|p2a: Skarmory
|-ability|p2a: Skarmory|Sturdy
|-damage|p2a: Skarmory|1/100
|
|-heal|p1a: Darkrai|72/100|[from] item: Leftovers
|-heal|p2a: Skarmory|7/100|[from] item: Leftovers
|upkeep
|turn|19
|
|t:|1781116214
|switch|p2a: Zapdos|Zapdos|17/100
|move|p1a: Darkrai|Dark Pulse|p2a: Zapdos
|-damage|p2a: Zapdos|0 fnt
|faint|p2a: Zapdos
|
|-heal|p1a: Darkrai|78/100|[from] item: Leftovers
|upkeep
|
|t:|1781116219
|switch|p2a: Skarmory|Skarmory, M|7/100
|turn|20
|
|t:|1781116224
|move|p1a: Darkrai|Dark Pulse|p2a: Skarmory
|-damage|p2a: Skarmory|0 fnt
|faint|p2a: Skarmory
|
|win|kooopooolooo
|raw|kooopooolooo's rating: 1569 &rarr; <strong>1586</strong><br />(+17 for winning)
|raw|KurisuChestnutLab's rating: 1518 &rarr; <strong>1501</strong><br />(-17 for losing)
