|j|☆KurisuChestnutOU
|j|☆jd2sleepy
|t:|1781091775
|gametype|singles
|player|p1|KurisuChestnutOU|2|1520
|player|p2|jd2sleepy|blackbelt-gen4dp|1526
|gen|9
|tier|[Gen 9] OU
|rated|
|rule|HP Percentage Mod: HP is shown in percentages
|rule|Endless Battle Clause: Forcing endless battles is banned
|rule|Species Clause: Limit one of each Pokémon
|rule|OHKO Clause: OHKO moves are banned
|rule|Evasion Items Clause: Evasion items are banned
|rule|Evasion Moves Clause: Evasion moves are banned
|rule|Evasion Abilities Clause: Evasion abilities are banned
|rule|Sleep Moves Clause: Sleep-inducing moves are banned
|clearpoke
|poke|p1|Ting-Lu|
|poke|p1|Corviknight, F|
|poke|p1|Clodsire, M|
|poke|p1|Moltres|
|poke|p1|Dragapult, F|
|poke|p1|Garganacl, F|
|poke|p2|Samurott-Hisui, F|
|poke|p2|Slowking-Galar, M|
|poke|p2|Thundurus-Therian, M|
|poke|p2|Great Tusk|
|poke|p2|Corviknight, M|
|poke|p2|Gholdengo|
|teampreview
|
|t:|1781091787
|teamsize|p1|6
|teamsize|p2|6
|start
|switch|p1a: Ting-Lu|Ting-Lu|100/100
|switch|p2a: Samurott|Samurott-Hisui, F|100/100
|-ability|p1a: Ting-Lu|Vessel of Ruin
|turn|1
|inactive|Battle timer is ON: inactive players will automatically lose when time's up. (requested by KurisuChestnutOU)
|
|t:|1781091793
|move|p2a: Samurott|Aqua Cutter|p1a: Ting-Lu
|-supereffective|p1a: Ting-Lu
|-crit|p1a: Ting-Lu
|-damage|p1a: Ting-Lu|28/100
|move|p1a: Ting-Lu|Ruination|p2a: Samurott
|-damage|p2a: Samurott|50/100
|
|-heal|p1a: Ting-Lu|34/100|[from] item: Leftovers
|upkeep
|turn|2
|
|t:|1781091801
|switch|p1a: Corviknight|Corviknight, F|100/100
|-ability|p1a: Corviknight|Pressure
|move|p2a: Samurott|Aqua Cutter|p1a: Corviknight
|-damage|p1a: Corviknight|69/100
|
|-heal|p1a: Corviknight|75/100|[from] item: Leftovers
|upkeep
|turn|3
|
|t:|1781091805
|switch|p2a: Slowking|Slowking-Galar, M|100/100
|move|p1a: Corviknight|Body Press|p2a: Slowking
|-resisted|p2a: Slowking
|-damage|p2a: Slowking|94/100
|
|-heal|p1a: Corviknight|81/100|[from] item: Leftovers
|upkeep
|turn|4
|
|t:|1781091812
|switch|p1a: Ting-Lu|Ting-Lu|34/100
|-ability|p1a: Ting-Lu|Vessel of Ruin
|-prepare|p2a: Slowking|Chilly Reception|[premajor]
|move|p2a: Slowking|Chilly Reception|p2a: Slowking
|-weather|Snowscape
|
|t:|1781091814
|switch|p2a: Samurott|Samurott-Hisui, F|50/100|[from] Chilly Reception
|
|-weather|Snowscape|[upkeep]
|-heal|p1a: Ting-Lu|40/100|[from] item: Leftovers
|upkeep
|turn|5
|
|t:|1781091818
|switch|p1a: Corviknight|Corviknight, F|81/100
|-ability|p1a: Corviknight|Pressure
|move|p2a: Samurott|Flip Turn|p1a: Corviknight
|-damage|p1a: Corviknight|64/100
|
|t:|1781091820
|switch|p2a: Thundurus|Thundurus-Therian, M|100/100|[from] Flip Turn
|
|-weather|Snowscape|[upkeep]
|-heal|p1a: Corviknight|70/100|[from] item: Leftovers
|upkeep
|turn|6
|
|t:|1781091825
|switch|p1a: Clodsire|Clodsire, M|100/100
|move|p2a: Thundurus|Knock Off|p1a: Clodsire
|-damage|p1a: Clodsire|75/100
|-enditem|p1a: Clodsire|Leftovers|[from] move: Knock Off|[of] p2a: Thundurus
|
|-weather|Snowscape|[upkeep]
|upkeep
|turn|7
|
|t:|1781091835
|switch|p2a: Slowking|Slowking-Galar, M|100/100
|move|p1a: Clodsire|Toxic|p2a: Slowking
|-immune|p2a: Slowking
|
|-weather|Snowscape|[upkeep]
|upkeep
|turn|8
|
|t:|1781091842
|move|p1a: Clodsire|Toxic|p2a: Slowking
|-immune|p2a: Slowking
|-prepare|p2a: Slowking|Chilly Reception|[premajor]
|move|p2a: Slowking|Chilly Reception|p2a: Slowking
|
|t:|1781091844
|switch|p2a: Great Tusk|Great Tusk|100/100|[from] Chilly Reception
|
|-weather|none
|upkeep
|turn|9
|
|t:|1781091849
|switch|p1a: Moltres|Moltres|100/100
|move|p2a: Great Tusk|Headlong Rush|p1a: Moltres
|-immune|p1a: Moltres
|
|upkeep
|turn|10
|
|t:|1781091853
|-end|p2a: Great Tusk|Protosynthesis|[silent]
|switch|p2a: Slowking|Slowking-Galar, M|100/100
|switch|p1a: Corviknight|Corviknight, F|70/100
|-ability|p1a: Corviknight|Pressure
|
|-heal|p1a: Corviknight|77/100|[from] item: Leftovers
|upkeep
|turn|11
|
|t:|1781091859
|move|p1a: Corviknight|Roost|p1a: Corviknight
|-heal|p1a: Corviknight|100/100
|-singleturn|p1a: Corviknight|move: Roost
|-prepare|p2a: Slowking|Chilly Reception|[premajor]
|move|p2a: Slowking|Chilly Reception|p2a: Slowking
|-weather|Snowscape
|
|t:|1781091861
|switch|p2a: Thundurus|Thundurus-Therian, M|100/100|[from] Chilly Reception
|
|-weather|Snowscape|[upkeep]
|upkeep
|turn|12
|
|t:|1781091868
|switch|p1a: Ting-Lu|Ting-Lu|40/100
|-ability|p1a: Ting-Lu|Vessel of Ruin
|move|p2a: Thundurus|Weather Ball|p1a: Ting-Lu
|-supereffective|p1a: Ting-Lu
|-damage|p1a: Ting-Lu|9/100
|
|-weather|Snowscape|[upkeep]
|-heal|p1a: Ting-Lu|15/100|[from] item: Leftovers
|upkeep
|turn|13
|
|t:|1781091873
|switch|p1a: Garganacl|Garganacl, F|100/100
|move|p2a: Thundurus|Weather Ball|p1a: Garganacl
|-crit|p1a: Garganacl
|-damage|p1a: Garganacl|63/100
|
|-weather|Snowscape|[upkeep]
|-heal|p1a: Garganacl|70/100|[from] item: Leftovers
|upkeep
|turn|14
|
|t:|1781091881
|move|p1a: Garganacl|Protect|p1a: Garganacl
|-singleturn|p1a: Garganacl|Protect
|move|p2a: Thundurus|Volt Switch|p1a: Garganacl
|-activate|p1a: Garganacl|move: Protect
|
|-weather|Snowscape|[upkeep]
|-heal|p1a: Garganacl|76/100|[from] item: Leftovers
|upkeep
|turn|15
|
|t:|1781091885
|move|p2a: Thundurus|Knock Off|p1a: Garganacl
|-damage|p1a: Garganacl|60/100
|-enditem|p1a: Garganacl|Leftovers|[from] move: Knock Off|[of] p2a: Thundurus
|move|p1a: Garganacl|Salt Cure|p2a: Thundurus
|-supereffective|p2a: Thundurus
|-damage|p2a: Thundurus|56/100
|-start|p2a: Thundurus|Salt Cure
|
|-weather|none
|-damage|p2a: Thundurus|43/100|[from] Salt Cure
|upkeep
|turn|16
|
|t:|1781091889
|switch|p2a: Slowking|Slowking-Galar, M|100/100
|move|p1a: Garganacl|Recover|p1a: Garganacl
|-heal|p1a: Garganacl|100/100
|
|upkeep
|turn|17
|
|t:|1781091893
|move|p1a: Garganacl|Salt Cure|p2a: Slowking
|-damage|p2a: Slowking|86/100
|-start|p2a: Slowking|Salt Cure
|move|p2a: Slowking|Future Sight|p1a: Garganacl
|-start|p2a: Slowking|move: Future Sight
|
|-damage|p2a: Slowking|74/100|[from] Salt Cure
|upkeep
|turn|18
|
|t:|1781091901
|move|p1a: Garganacl|Salt Cure|p2a: Slowking
|-damage|p2a: Slowking|59/100
|-prepare|p2a: Slowking|Chilly Reception|[premajor]
|move|p2a: Slowking|Chilly Reception|p2a: Slowking
|-weather|Snowscape
|
|t:|1781091912
|switch|p2a: Great Tusk|Great Tusk|100/100|[from] Chilly Reception
|
|-weather|Snowscape|[upkeep]
|upkeep
|turn|19
|
|t:|1781091919
|switch|p1a: Moltres|Moltres|100/100
|move|p2a: Great Tusk|Stealth Rock|p1a: Moltres
|-sidestart|p1: KurisuChestnutOU|move: Stealth Rock
|
|-weather|Snowscape|[upkeep]
|-end|p1a: Moltres|move: Future Sight
|-damage|p1a: Moltres|54/100
|upkeep
|turn|20
|
|t:|1781091923
|-end|p2a: Great Tusk|Protosynthesis|[silent]
|switch|p2a: Slowking|Slowking-Galar, M|92/100
|move|p1a: Moltres|Roost|p1a: Moltres
|-heal|p1a: Moltres|100/100
|-singleturn|p1a: Moltres|move: Roost
|
|-weather|Snowscape|[upkeep]
|upkeep
|turn|21
|
|t:|1781091930
|move|p1a: Moltres|Hurricane|p2a: Slowking|[miss]
|-miss|p1a: Moltres|p2a: Slowking
|-prepare|p2a: Slowking|Chilly Reception|[premajor]
|move|p2a: Slowking|Chilly Reception|p2a: Slowking
|
|t:|1781091932
|switch|p2a: Thundurus|Thundurus-Therian, M|43/100|[from] Chilly Reception
|
|-weather|Snowscape|[upkeep]
|upkeep
|turn|22
|
|t:|1781091938
|switch|p1a: Clodsire|Clodsire, M|75/100
|-damage|p1a: Clodsire|69/100|[from] Stealth Rock
|move|p2a: Thundurus|Volt Switch|p1a: Clodsire
|-immune|p1a: Clodsire
|
|-weather|none
|upkeep
|turn|23
|
|t:|1781091943
|switch|p2a: Slowking|Slowking-Galar, M|100/100
|move|p1a: Clodsire|Toxic|p2a: Slowking
|-immune|p2a: Slowking
|
|upkeep
|turn|24
|
|t:|1781091949
|move|p1a: Clodsire|Recover|p1a: Clodsire
|-heal|p1a: Clodsire|100/100
|-prepare|p2a: Slowking|Chilly Reception|[premajor]
|move|p2a: Slowking|Chilly Reception|p2a: Slowking
|-weather|Snowscape
|
|t:|1781091951
|switch|p2a: Great Tusk|Great Tusk|100/100|[from] Chilly Reception
|
|-weather|Snowscape|[upkeep]
|upkeep
|turn|25
|
|t:|1781091956
|switch|p1a: Moltres|Moltres|100/100
|move|p2a: Great Tusk|Headlong Rush|p1a: Moltres
|-immune|p1a: Moltres
|
|-weather|Snowscape|[upkeep]
|upkeep
|turn|26
|
|t:|1781091962
|-end|p2a: Great Tusk|Protosynthesis|[silent]
|switch|p2a: Slowking|Slowking-Galar, M|100/100
|move|p1a: Moltres|Flamethrower|p2a: Slowking
|-damage|p2a: Slowking|80/100
|
|-weather|Snowscape|[upkeep]
|upkeep
|turn|27
|
|t:|1781091969
|move|p1a: Moltres|Hurricane|p2a: Slowking
|-damage|p2a: Slowking|55/100
|move|p2a: Slowking|Future Sight|p1a: Moltres
|-start|p2a: Slowking|move: Future Sight
|
|-weather|Snowscape|[upkeep]
|upkeep
|turn|28
|
|t:|1781091975
|move|p1a: Moltres|U-turn|p2a: Slowking
|-damage|p2a: Slowking|40/100
|j| makz7x
|
|t:|1781091982
|switch|p1a: Ting-Lu|Ting-Lu|15/100|[from] U-turn
|-damage|p1a: Ting-Lu|9/100|[from] Stealth Rock
|-ability|p1a: Ting-Lu|Vessel of Ruin
|-prepare|p2a: Slowking|Chilly Reception|[premajor]
|move|p2a: Slowking|Chilly Reception|p2a: Slowking
|
|t:|1781091986
|switch|p2a: Samurott|Samurott-Hisui, F|50/100|[from] Chilly Reception
|
|-weather|none
|-heal|p1a: Ting-Lu|15/100|[from] item: Leftovers
|upkeep
|turn|29
|
|t:|1781091993
|switch|p1a: Corviknight|Corviknight, F|100/100
|-damage|p1a: Corviknight|88/100|[from] Stealth Rock
|-ability|p1a: Corviknight|Pressure
|move|p2a: Samurott|Aqua Cutter|p1a: Corviknight
|-damage|p1a: Corviknight|57/100
|
|-end|p1a: Corviknight|move: Future Sight
|-resisted|p1a: Corviknight
|-damage|p1a: Corviknight|38/100
|-heal|p1a: Corviknight|45/100|[from] item: Leftovers
|upkeep
|turn|30
|inactive|jd2sleepy has 120 seconds left.
|
|t:|1781092024
|switch|p2a: Slowking|Slowking-Galar, M|74/100
|move|p1a: Corviknight|Roost|p1a: Corviknight
|-heal|p1a: Corviknight|95/100
|-singleturn|p1a: Corviknight|move: Roost
|
|-heal|p1a: Corviknight|100/100|[from] item: Leftovers
|upkeep
|turn|31
|
|t:|1781092029
|switch|p1a: Moltres|Moltres|100/100
|move|p2a: Slowking|Future Sight|p1a: Moltres
|-start|p2a: Slowking|move: Future Sight
|
|upkeep
|turn|32
|
|t:|1781092034
|move|p1a: Moltres|Hurricane|p2a: Slowking
|-damage|p2a: Slowking|44/100
|-prepare|p2a: Slowking|Chilly Reception|[premajor]
|move|p2a: Slowking|Chilly Reception|p2a: Slowking
|-weather|Snowscape
|
|t:|1781092040
|switch|p2a: Thundurus|Thundurus-Therian, M|43/100|[from] Chilly Reception
|
|-weather|Snowscape|[upkeep]
|upkeep
|turn|33
|
|t:|1781092046
|switch|p1a: Ting-Lu|Ting-Lu|15/100
|-damage|p1a: Ting-Lu|9/100|[from] Stealth Rock
|-ability|p1a: Ting-Lu|Vessel of Ruin
|move|p2a: Thundurus|Knock Off|p1a: Ting-Lu
|-resisted|p1a: Ting-Lu
|-damage|p1a: Ting-Lu|3/100
|-enditem|p1a: Ting-Lu|Leftovers|[from] move: Knock Off|[of] p2a: Thundurus
|
|-weather|Snowscape|[upkeep]
|-end|p1a: Ting-Lu|move: Future Sight
|-immune|p1a: Ting-Lu
|upkeep
|turn|34
|
|t:|1781092049
|move|p2a: Thundurus|Weather Ball|p1a: Ting-Lu
|-supereffective|p1a: Ting-Lu
|-damage|p1a: Ting-Lu|0 fnt
|faint|p1a: Ting-Lu
|
|-weather|Snowscape|[upkeep]
|upkeep
|
|t:|1781092054
|switch|p1a: Dragapult|Dragapult, F|100/100
|turn|35
|
|t:|1781092060
|switch|p2a: Corviknight|Corviknight, M|100/100
|-ability|p2a: Corviknight|Pressure
|move|p1a: Dragapult|Shadow Ball|p2a: Corviknight
|-damage|p2a: Corviknight|69/100
|-unboost|p2a: Corviknight|spd|1
|
|-weather|Snowscape|[upkeep]
|-heal|p2a: Corviknight|75/100|[from] item: Leftovers
|upkeep
|turn|36
|
|t:|1781092066
|move|p1a: Dragapult|Shadow Ball|p2a: Corviknight
|-damage|p2a: Corviknight|22/100
|-unboost|p2a: Corviknight|spd|1
|move|p2a: Corviknight|U-turn|p1a: Dragapult
|-resisted|p1a: Dragapult
|-damage|p1a: Dragapult|90/100
|
|t:|1781092069
|switch|p2a: Samurott|Samurott-Hisui, F|50/100|[from] U-turn
|
|-weather|none
|upkeep
|turn|37
|
|t:|1781092075
|move|p2a: Samurott|Ceaseless Edge|p1a: Dragapult
|-supereffective|p1a: Dragapult
|-damage|p1a: Dragapult|0 fnt
|-sidestart|p1: KurisuChestnutOU|Spikes
|faint|p1a: Dragapult
|
|upkeep
|
|t:|1781092078
|switch|p1a: Moltres|Moltres|100/100
|turn|38
|
|t:|1781092082
|switch|p2a: Slowking|Slowking-Galar, M|78/100
|move|p1a: Moltres|Hurricane|p2a: Slowking
|-damage|p2a: Slowking|48/100
|
|upkeep
|turn|39
|
|t:|1781092088
|move|p1a: Moltres|Hurricane|p2a: Slowking|[miss]
|-miss|p1a: Moltres|p2a: Slowking
|-prepare|p2a: Slowking|Chilly Reception|[premajor]
|move|p2a: Slowking|Chilly Reception|p2a: Slowking
|-weather|Snowscape
|
|t:|1781092093
|switch|p2a: Thundurus|Thundurus-Therian, M|43/100|[from] Chilly Reception
|
|-weather|Snowscape|[upkeep]
|upkeep
|turn|40
|
|t:|1781092100
|switch|p1a: Clodsire|Clodsire, M|100/100
|-damage|p1a: Clodsire|94/100|[from] Stealth Rock
|-damage|p1a: Clodsire|82/100|[from] Spikes
|move|p2a: Thundurus|Volt Switch|p1a: Clodsire
|-immune|p1a: Clodsire
|
|-weather|Snowscape|[upkeep]
|upkeep
|turn|41
|
|t:|1781092105
|switch|p2a: Corviknight|Corviknight, M|22/100
|-ability|p2a: Corviknight|Pressure
|move|p1a: Clodsire|Recover|p1a: Clodsire
|-heal|p1a: Clodsire|100/100
|
|-weather|Snowscape|[upkeep]
|-heal|p2a: Corviknight|28/100|[from] item: Leftovers
|upkeep
|turn|42
|
|t:|1781092109
|switch|p1a: Moltres|Moltres|100/100
|move|p2a: Corviknight|Roost|p2a: Corviknight
|-heal|p2a: Corviknight|78/100
|-singleturn|p2a: Corviknight|move: Roost
|
|-weather|Snowscape|[upkeep]
|-heal|p2a: Corviknight|84/100|[from] item: Leftovers
|upkeep
|turn|43
|
|t:|1781092114
|switch|p2a: Slowking|Slowking-Galar, M|81/100
|move|p1a: Moltres|Hurricane|p2a: Slowking|[miss]
|-miss|p1a: Moltres|p2a: Slowking
|
|-weather|none
|upkeep
|turn|44
|
|t:|1781092119
|move|p1a: Moltres|Hurricane|p2a: Slowking
|-damage|p2a: Slowking|55/100
|move|p2a: Slowking|Future Sight|p1a: Moltres
|-start|p2a: Slowking|move: Future Sight
|
|upkeep
|turn|45
|
|t:|1781092124
|move|p1a: Moltres|Hurricane|p2a: Slowking|[miss]
|-miss|p1a: Moltres|p2a: Slowking
|-prepare|p2a: Slowking|Chilly Reception|[premajor]
|move|p2a: Slowking|Chilly Reception|p2a: Slowking
|-weather|Snowscape
|
|t:|1781092126
|switch|p2a: Thundurus|Thundurus-Therian, M|43/100|[from] Chilly Reception
|
|-weather|Snowscape|[upkeep]
|upkeep
|turn|46
|
|t:|1781092134
|switch|p1a: Clodsire|Clodsire, M|100/100
|-damage|p1a: Clodsire|94/100|[from] Stealth Rock
|-damage|p1a: Clodsire|82/100|[from] Spikes
|move|p2a: Thundurus|Knock Off|p1a: Clodsire
|-damage|p1a: Clodsire|66/100
|
|-weather|Snowscape|[upkeep]
|-end|p1a: Clodsire|move: Future Sight
|-supereffective|p1a: Clodsire
|-damage|p1a: Clodsire|16/100
|upkeep
|turn|47
|
|t:|1781092139
|move|p2a: Thundurus|Weather Ball|p1a: Clodsire
|-supereffective|p1a: Clodsire
|-damage|p1a: Clodsire|0 fnt
|faint|p1a: Clodsire
|
|-weather|Snowscape|[upkeep]
|upkeep
|
|t:|1781092145
|switch|p1a: Garganacl|Garganacl, F|100/100
|-damage|p1a: Garganacl|88/100|[from] Stealth Rock
|-damage|p1a: Garganacl|76/100|[from] Spikes
|turn|48
|
|t:|1781092149
|move|p2a: Thundurus|Volt Switch|p1a: Garganacl
|-damage|p1a: Garganacl|50/100
|
|t:|1781092151
|switch|p2a: Slowking|Slowking-Galar, M|88/100|[from] Volt Switch
|move|p1a: Garganacl|Salt Cure|p2a: Slowking
|-damage|p2a: Slowking|74/100
|-start|p2a: Slowking|Salt Cure
|
|-weather|Snowscape|[upkeep]
|-damage|p2a: Slowking|62/100|[from] Salt Cure
|upkeep
|turn|49
|
|t:|1781092156
|move|p1a: Garganacl|Recover|p1a: Garganacl
|-heal|p1a: Garganacl|99/100
|move|p2a: Slowking|Future Sight|p1a: Garganacl
|-start|p2a: Slowking|move: Future Sight
|
|-weather|none
|-damage|p2a: Slowking|49/100|[from] Salt Cure
|upkeep
|turn|50
|
|t:|1781092161
|move|p1a: Garganacl|Salt Cure|p2a: Slowking
|-damage|p2a: Slowking|34/100
|-prepare|p2a: Slowking|Chilly Reception|[premajor]
|move|p2a: Slowking|Chilly Reception|p2a: Slowking
|-weather|Snowscape
|
|t:|1781092167
|switch|p2a: Great Tusk|Great Tusk|100/100|[from] Chilly Reception
|
|-weather|Snowscape|[upkeep]
|upkeep
|turn|51
|
|t:|1781092173
|move|p2a: Great Tusk|Headlong Rush|p1a: Garganacl
|-supereffective|p1a: Garganacl
|-damage|p1a: Garganacl|15/100
|-unboost|p2a: Great Tusk|def|1
|-unboost|p2a: Great Tusk|spd|1
|move|p1a: Garganacl|Salt Cure|p2a: Great Tusk
|-resisted|p2a: Great Tusk
|-damage|p2a: Great Tusk|96/100
|-start|p2a: Great Tusk|Salt Cure
|
|-weather|Snowscape|[upkeep]
|-end|p1a: Garganacl|move: Future Sight
|-crit|p1a: Garganacl
|-damage|p1a: Garganacl|0 fnt
|faint|p1a: Garganacl
|-damage|p2a: Great Tusk|84/100|[from] Salt Cure
|upkeep
|
|t:|1781092182
|switch|p1a: Moltres|Moltres|100/100
|turn|52
|
|t:|1781092190
|-end|p2a: Great Tusk|Protosynthesis|[silent]
|switch|p2a: Slowking|Slowking-Galar, M|67/100
|move|p1a: Moltres|Flamethrower|p2a: Slowking
|-damage|p2a: Slowking|46/100
|
|-weather|Snowscape|[upkeep]
|upkeep
|turn|53
|
|t:|1781092196
|move|p1a: Moltres|Flamethrower|p2a: Slowking
|-damage|p2a: Slowking|25/100
|-prepare|p2a: Slowking|Chilly Reception|[premajor]
|move|p2a: Slowking|Chilly Reception|p2a: Slowking
|
|t:|1781092199
|switch|p2a: Thundurus|Thundurus-Therian, M|43/100|[from] Chilly Reception
|
|-weather|Snowscape|[upkeep]
|upkeep
|turn|54
|
|t:|1781092206
|-terastallize|p1a: Moltres|Grass
|move|p2a: Thundurus|Volt Switch|p1a: Moltres
|-resisted|p1a: Moltres
|-damage|p1a: Moltres|79/100
|
|t:|1781092209
|switch|p2a: Slowking|Slowking-Galar, M|58/100|[from] Volt Switch
|move|p1a: Moltres|Flamethrower|p2a: Slowking
|-damage|p2a: Slowking|37/100
|
|-weather|none
|upkeep
|turn|55
|
|t:|1781092218
|move|p1a: Moltres|Roost|p1a: Moltres
|-heal|p1a: Moltres|100/100
|-prepare|p2a: Slowking|Chilly Reception|[premajor]
|move|p2a: Slowking|Chilly Reception|p2a: Slowking
|-weather|Snowscape
|
|t:|1781092223
|switch|p2a: Samurott|Samurott-Hisui, F|50/100|[from] Chilly Reception
|
|-weather|Snowscape|[upkeep]
|upkeep
|turn|56
|
|t:|1781092231
|move|p2a: Samurott|Ceaseless Edge|p1a: Moltres
|-damage|p1a: Moltres|70/100
|-sidestart|p1: KurisuChestnutOU|Spikes
|move|p1a: Moltres|Flamethrower|p2a: Samurott
|-resisted|p2a: Samurott
|-damage|p2a: Samurott|23/100
|
|-weather|Snowscape|[upkeep]
|upkeep
|turn|57
|
|t:|1781092234
|move|p2a: Samurott|Ceaseless Edge|p1a: Moltres
|-damage|p1a: Moltres|40/100
|-sidestart|p1: KurisuChestnutOU|Spikes
|move|p1a: Moltres|Roost|p1a: Moltres
|-heal|p1a: Moltres|90/100
|
|-weather|Snowscape|[upkeep]
|upkeep
|turn|58
|
|t:|1781092238
|switch|p2a: Slowking|Slowking-Galar, M|70/100
|move|p1a: Moltres|Hurricane|p2a: Slowking
|-damage|p2a: Slowking|42/100
|-start|p2a: Slowking|confusion
|
|-weather|Snowscape|[upkeep]
|upkeep
|turn|59
|
|t:|1781092243
|switch|p2a: Samurott|Samurott-Hisui, F|23/100
|move|p1a: Moltres|Flamethrower|p2a: Samurott
|-resisted|p2a: Samurott
|-damage|p2a: Samurott|0 fnt
|faint|p2a: Samurott
|
|-weather|none
|upkeep
|
|t:|1781092245
|switch|p2a: Slowking|Slowking-Galar, M|75/100
|turn|60
|
|t:|1781092250
|move|p1a: Moltres|U-turn|p2a: Slowking
|-damage|p2a: Slowking|63/100
|
|t:|1781092257
|switch|p1a: Corviknight|Corviknight, F|100/100|[from] U-turn
|-damage|p1a: Corviknight|88/100|[from] Stealth Rock
|-ability|p1a: Corviknight|Pressure
|move|p2a: Slowking|Sludge Bomb|p1a: Corviknight
|-immune|p1a: Corviknight
|
|-heal|p1a: Corviknight|94/100|[from] item: Leftovers
|upkeep
|turn|61
|
|t:|1781092262
|switch|p1a: Moltres|Moltres, tera:Grass|90/100
|switch|p2a: Gholdengo|Gholdengo|100/100
|
|upkeep
|turn|62
|
|t:|1781092270
|switch|p2a: Slowking|Slowking-Galar, M|96/100
|move|p1a: Moltres|Flamethrower|p2a: Slowking
|-damage|p2a: Slowking|73/100
|
|upkeep
|turn|63
|
|t:|1781092274
|move|p1a: Moltres|U-turn|p2a: Slowking
|-damage|p2a: Slowking|60/100
|
|t:|1781092278
|switch|p1a: Corviknight|Corviknight, F|94/100|[from] U-turn
|-damage|p1a: Corviknight|82/100|[from] Stealth Rock
|-ability|p1a: Corviknight|Pressure
|-prepare|p2a: Slowking|Chilly Reception|[premajor]
|move|p2a: Slowking|Chilly Reception|p2a: Slowking
|-weather|Snowscape
|
|t:|1781092280
|switch|p2a: Thundurus|Thundurus-Therian, M|43/100|[from] Chilly Reception
|
|-weather|Snowscape|[upkeep]
|-heal|p1a: Corviknight|88/100|[from] item: Leftovers
|upkeep
|turn|64
|
|t:|1781092288
|-terastallize|p2a: Thundurus|Ice
|move|p2a: Thundurus|Weather Ball|p1a: Corviknight
|-damage|p1a: Corviknight|41/100
|move|p1a: Corviknight|Roost|p1a: Corviknight
|-heal|p1a: Corviknight|91/100
|-singleturn|p1a: Corviknight|move: Roost
|
|-weather|Snowscape|[upkeep]
|-heal|p1a: Corviknight|98/100|[from] item: Leftovers
|upkeep
|turn|65
|
|t:|1781092292
|move|p2a: Thundurus|Thunderbolt|p1a: Corviknight
|-supereffective|p1a: Corviknight
|-damage|p1a: Corviknight|6/100
|move|p1a: Corviknight|Body Press|p2a: Thundurus
|-supereffective|p2a: Thundurus
|-damage|p2a: Thundurus|0 fnt
|faint|p2a: Thundurus
|
|-weather|Snowscape|[upkeep]
|-heal|p1a: Corviknight|12/100|[from] item: Leftovers
|upkeep
|
|t:|1781092298
|switch|p2a: Gholdengo|Gholdengo|100/100
|turn|66
|
|t:|1781092303
|switch|p1a: Moltres|Moltres, tera:Grass|90/100
|move|p2a: Gholdengo|Shadow Ball|p1a: Moltres
|-damage|p1a: Moltres|52/100
|
|-weather|Snowscape|[upkeep]
|upkeep
|turn|67
|
|t:|1781092308
|move|p1a: Moltres|Roost|p1a: Moltres
|-heal|p1a: Moltres|100/100
|move|p2a: Gholdengo|Nasty Plot|p2a: Gholdengo
|-boost|p2a: Gholdengo|spa|2
|
|-weather|none
|upkeep
|turn|68
|
|t:|1781092312
|move|p1a: Moltres|Hurricane|p2a: Gholdengo|[miss]
|-miss|p1a: Moltres|p2a: Gholdengo
|move|p2a: Gholdengo|Shadow Ball|p1a: Moltres
|-damage|p1a: Moltres|29/100
|-unboost|p1a: Moltres|spd|1
|
|upkeep
|turn|69
|
|t:|1781092317
|move|p1a: Moltres|Hurricane|p2a: Gholdengo
|-resisted|p2a: Gholdengo
|-damage|p2a: Gholdengo|78/100
|move|p2a: Gholdengo|Shadow Ball|p1a: Moltres
|-damage|p1a: Moltres|0 fnt
|faint|p1a: Moltres
|
|upkeep
|
|t:|1781092324
|switch|p1a: Corviknight|Corviknight, F|12/100
|-damage|p1a: Corviknight|0 fnt|[from] Stealth Rock
|faint|p1a: Corviknight
|
|win|jd2sleepy
|raw|KurisuChestnutOU's rating: 1520 &rarr; <strong>1500</strong><br />(-20 for losing)
|raw|jd2sleepy's rating: 1526 &rarr; <strong>1546</strong><br />(+20 for winning)
