|j|☆Piecubed
|j|☆Lttstoredotcom
|t:|1781334054
|gametype|singles
|player|p1|Piecubed|170|1610
|player|p2|Lttstoredotcom|cynthia-gen7|1544
|gen|9
|tier|[Gen 9] OU
|rated|
|rule|HP Percentage Mod: HP is shown in percentages
|rule|Endless Battle Clause: Forcing endless battles is banned
|rule|Species Clause: Limit one of each Pokémon
|rule|OHKO Clause: OHKO moves are banned
|rule|Evasion Items Clause: Evasion items are banned
|rule|Evasion Moves Clause: Evasion moves are banned
|rule|Evasion Abilities Clause: Evasion abilities are banned
|rule|Sleep Moves Clause: Sleep-inducing moves are banned
|clearpoke
|poke|p1|Deoxys-Speed|
|poke|p1|Dragonite, F|
|poke|p1|Manaphy|
|poke|p1|Kommo-o, M|
|poke|p1|Glimmora, F|
|poke|p1|Iron Valiant|
|poke|p2|Dragapult, M|
|poke|p2|Gliscor, F|
|poke|p2|Ogerpon-Wellspring, F|
|poke|p2|Iron Crown|
|poke|p2|Ting-Lu|
|poke|p2|Kingambit, F|
|teampreview
|inactive|Battle timer is ON: inactive players will automatically lose when time's up. (requested by Piecubed)
|inactive|Lttstoredotcom also wants the timer to be on.
|j| testingrainteam1
|inactive|Lttstoredotcom has 120 seconds left.
|
|t:|1781334088
|teamsize|p1|6
|teamsize|p2|6
|start
|switch|p1a: Deoxys|Deoxys-Speed|100/100
|switch|p2a: Gliscor|Gliscor, F|100/100
|-ability|p1a: Deoxys|Pressure
|turn|1
|
|t:|1781334095
|move|p2a: Gliscor|Protect|p2a: Gliscor
|-singleturn|p2a: Gliscor|Protect
|move|p1a: Deoxys|Reflect|p1a: Deoxys
|-sidestart|p1: Piecubed|Reflect
|
|-status|p2a: Gliscor|tox|[from] item: Toxic Orb
|upkeep
|turn|2
|
|t:|1781334099
|move|p1a: Deoxys|Light Screen|p1a: Deoxys
|-sidestart|p1: Piecubed|move: Light Screen
|move|p2a: Gliscor|Toxic|p1a: Deoxys
|-status|p1a: Deoxys|tox
|
|-damage|p1a: Deoxys|95/100 tox|[from] psn
|upkeep
|turn|3
|
|t:|1781334105
|move|p2a: Gliscor|Toxic Spikes|p1a: Deoxys
|-sidestart|p1: Piecubed|move: Toxic Spikes
|move|p1a: Deoxys|Teleport|p1a: Deoxys
|
|t:|1781334116
|switch|p1a: Manaphy|Manaphy|100/100|[from] Teleport
|-status|p1a: Manaphy|psn
|
|-damage|p1a: Manaphy|88/100 psn|[from] psn
|upkeep
|turn|4
|l| testingrainteam1
|
|t:|1781334123
|switch|p2a: Ogerpon|Ogerpon-Wellspring, F|100/100
|move|p1a: Manaphy|Take Heart|p1a: Manaphy
|-boost|p1a: Manaphy|spa|1
|-boost|p1a: Manaphy|spd|1
|-curestatus|p1a: Manaphy|psn|[msg]
|
|-heal|p1a: Manaphy|94/100|[from] item: Leftovers
|upkeep
|turn|5
|
|t:|1781334130
|switch|p1a: Dragonite|Dragonite, F|100/100
|move|p2a: Ogerpon|Taunt|p1a: Dragonite
|-start|p1a: Dragonite|move: Taunt
|
|upkeep
|turn|6
|
|t:|1781334135
|move|p2a: Ogerpon|U-turn|p1a: Dragonite
|-resisted|p1a: Dragonite
|-damage|p1a: Dragonite|98/100
|
|t:|1781334138
|switch|p2a: Gliscor|Gliscor, F|100/100 tox|[from] U-turn
|move|p1a: Dragonite|Dragon Claw|p2a: Gliscor
|-crit|p2a: Gliscor
|-damage|p2a: Gliscor|56/100 tox
|
|-heal|p2a: Gliscor|68/100 tox|[from] ability: Poison Heal
|upkeep
|turn|7
|
|t:|1781334143
|switch|p1a: Glimmora|Glimmora, F|100/100
|-sideend|p1: Piecubed|move: Toxic Spikes|[of] p1a: Glimmora
|move|p2a: Gliscor|Toxic|p1a: Glimmora|[miss]
|-miss|p2a: Gliscor|p1a: Glimmora
|
|-heal|p2a: Gliscor|81/100 tox|[from] ability: Poison Heal
|upkeep
|turn|8
|
|t:|1781334155
|move|p1a: Glimmora|Meteor Beam||[still]
|-prepare|p1a: Glimmora|Meteor Beam
|-boost|p1a: Glimmora|spa|1
|-enditem|p1a: Glimmora|Power Herb
|-anim|p1a: Glimmora|Meteor Beam|p2a: Gliscor
|-damage|p2a: Gliscor|0 fnt
|faint|p2a: Gliscor
|
|-sideend|p1: Piecubed|Reflect
|upkeep
|
|t:|1781334165
|switch|p2a: Ting-Lu|Ting-Lu|100/100
|-ability|p2a: Ting-Lu|Vessel of Ruin
|turn|9
|
|t:|1781334174
|switch|p1a: Dragonite|Dragonite, F|98/100
|move|p2a: Ting-Lu|Earthquake|p1a: Dragonite
|-immune|p1a: Dragonite
|
|-sideend|p1: Piecubed|move: Light Screen
|upkeep
|turn|10
|
|t:|1781334178
|move|p1a: Dragonite|Dragon Dance|p1a: Dragonite
|-boost|p1a: Dragonite|atk|1
|-boost|p1a: Dragonite|spe|1
|move|p2a: Ting-Lu|Stealth Rock|p1a: Dragonite
|-sidestart|p1: Piecubed|move: Stealth Rock
|
|upkeep
|turn|11
|
|t:|1781334181
|move|p1a: Dragonite|Dragon Dance|p1a: Dragonite
|-boost|p1a: Dragonite|atk|1
|-boost|p1a: Dragonite|spe|1
|move|p2a: Ting-Lu|Ruination|p1a: Dragonite
|-damage|p1a: Dragonite|49/100
|
|upkeep
|turn|12
|
|t:|1781334190
|move|p1a: Dragonite|Roost|p1a: Dragonite
|-heal|p1a: Dragonite|99/100
|-singleturn|p1a: Dragonite|move: Roost
|move|p2a: Ting-Lu|Ruination|p1a: Dragonite
|-damage|p1a: Dragonite|50/100
|
|upkeep
|turn|13
|
|t:|1781334195
|move|p1a: Dragonite|Dragon Dance|p1a: Dragonite
|-boost|p1a: Dragonite|atk|1
|-boost|p1a: Dragonite|spe|1
|move|p2a: Ting-Lu|Earthquake|p1a: Dragonite
|-immune|p1a: Dragonite
|
|upkeep
|turn|14
|
|t:|1781334206
|move|p1a: Dragonite|Roost|p1a: Dragonite
|-heal|p1a: Dragonite|99/100
|-singleturn|p1a: Dragonite|move: Roost
|move|p2a: Ting-Lu|Ruination|p1a: Dragonite
|-damage|p1a: Dragonite|50/100
|
|upkeep
|turn|15
|
|t:|1781334215
|move|p1a: Dragonite|Dragon Dance|p1a: Dragonite
|-boost|p1a: Dragonite|atk|1
|-boost|p1a: Dragonite|spe|1
|move|p2a: Ting-Lu|Heavy Slam|p1a: Dragonite
|-damage|p1a: Dragonite|36/100
|
|upkeep
|turn|16
|
|t:|1781334223
|move|p1a: Dragonite|Roost|p1a: Dragonite
|-heal|p1a: Dragonite|86/100
|-singleturn|p1a: Dragonite|move: Roost
|move|p2a: Ting-Lu|Ruination|p1a: Dragonite
|-damage|p1a: Dragonite|44/100
|
|upkeep
|turn|17
|
|t:|1781334230
|switch|p2a: Kingambit|Kingambit, F|100/100
|-activate|p2a: Kingambit|ability: Supreme Overlord
|-start|p2a: Kingambit|fallen1|[silent]
|-item|p2a: Kingambit|Air Balloon
|move|p1a: Dragonite|Dragon Dance|p1a: Dragonite
|-boost|p1a: Dragonite|atk|1
|-boost|p1a: Dragonite|spe|1
|
|upkeep
|turn|18
|
|t:|1781334239
|move|p1a: Dragonite|Roost|p1a: Dragonite
|-heal|p1a: Dragonite|94/100
|-singleturn|p1a: Dragonite|move: Roost
|move|p2a: Kingambit|Kowtow Cleave|p1a: Dragonite
|-damage|p1a: Dragonite|57/100
|
|upkeep
|turn|19
|
|t:|1781334246
|move|p1a: Dragonite|Roost|p1a: Dragonite
|-heal|p1a: Dragonite|100/100
|-singleturn|p1a: Dragonite|move: Roost
|move|p2a: Kingambit|Swords Dance|p2a: Kingambit
|-boost|p2a: Kingambit|atk|2
|
|upkeep
|turn|20
|
|t:|1781334252
|-terastallize|p2a: Kingambit|Dark
|move|p1a: Dragonite|Fire Punch|p2a: Kingambit
|-damage|p2a: Kingambit|29/100
|-enditem|p2a: Kingambit|Air Balloon
|move|p2a: Kingambit|Kowtow Cleave|p1a: Dragonite
|-damage|p1a: Dragonite|53/100
|
|upkeep
|turn|21
|
|t:|1781334265
|move|p1a: Dragonite|Roost|p1a: Dragonite
|-heal|p1a: Dragonite|100/100
|-singleturn|p1a: Dragonite|move: Roost
|move|p2a: Kingambit|Kowtow Cleave|p1a: Dragonite
|-damage|p1a: Dragonite|52/100
|
|upkeep
|turn|22
|
|t:|1781334271
|move|p1a: Dragonite|Roost|p1a: Dragonite
|-heal|p1a: Dragonite|100/100
|-singleturn|p1a: Dragonite|move: Roost
|move|p2a: Kingambit|Kowtow Cleave|p1a: Dragonite
|-damage|p1a: Dragonite|49/100
|
|upkeep
|turn|23
|
|t:|1781334278
|move|p2a: Kingambit|Sucker Punch|p1a: Dragonite
|-damage|p1a: Dragonite|0 fnt
|faint|p1a: Dragonite
|
|upkeep
|
|t:|1781334281
|switch|p1a: Kommo-o|Kommo-o, M|100/100
|-damage|p1a: Kommo-o|94/100|[from] Stealth Rock
|turn|24
|
|t:|1781334285
|move|p1a: Kommo-o|Substitute|p1a: Kommo-o
|-start|p1a: Kommo-o|Substitute
|-damage|p1a: Kommo-o|69/100
|move|p2a: Kingambit|Low Kick|p1a: Kommo-o
|-end|p1a: Kommo-o|Substitute
|
|upkeep
|turn|25
|
|t:|1781334288
|move|p1a: Kommo-o|Drain Punch|p2a: Kingambit
|-supereffective|p2a: Kingambit
|-damage|p2a: Kingambit|0 fnt
|-heal|p1a: Kommo-o|86/100|[from] drain|[of] p2a: Kingambit
|faint|p2a: Kingambit
|-end|p2a: Kingambit|fallen1|[silent]
|
|upkeep
|
|t:|1781334300
|switch|p2a: Iron Crown|Iron Crown|100/100
|-enditem|p2a: Iron Crown|Booster Energy
|-activate|p2a: Iron Crown|ability: Quark Drive|[fromitem]
|-start|p2a: Iron Crown|quarkdrivespe
|turn|26
|
|t:|1781334314
|switch|p1a: Deoxys|Deoxys-Speed|95/100 tox
|-damage|p1a: Deoxys|82/100 tox|[from] Stealth Rock
|-ability|p1a: Deoxys|Pressure
|move|p2a: Iron Crown|Calm Mind|p2a: Iron Crown
|-boost|p2a: Iron Crown|spa|1
|-boost|p2a: Iron Crown|spd|1
|
|-damage|p1a: Deoxys|76/100 tox|[from] psn
|upkeep
|turn|27
|
|t:|1781334324
|move|p2a: Iron Crown|Calm Mind|p2a: Iron Crown
|-boost|p2a: Iron Crown|spa|1
|-boost|p2a: Iron Crown|spd|1
|move|p1a: Deoxys|Teleport|p1a: Deoxys
|
|t:|1781334326
|switch|p1a: Iron Valiant|Iron Valiant|100/100|[from] Teleport
|-damage|p1a: Iron Valiant|94/100|[from] Stealth Rock
|-enditem|p1a: Iron Valiant|Booster Energy
|-activate|p1a: Iron Valiant|ability: Quark Drive|[fromitem]
|-start|p1a: Iron Valiant|quarkdrivespe
|
|upkeep
|turn|28
|
|t:|1781334333
|-end|p2a: Iron Crown|Quark Drive|[silent]
|switch|p2a: Ting-Lu|Ting-Lu|100/100
|-ability|p2a: Ting-Lu|Vessel of Ruin
|move|p1a: Iron Valiant|Encore||[still]
|-fail|p1a: Iron Valiant
|
|upkeep
|turn|29
|
|t:|1781334338
|-end|p1a: Iron Valiant|Quark Drive|[silent]
|switch|p1a: Deoxys|Deoxys-Speed|76/100 tox
|-damage|p1a: Deoxys|64/100 tox|[from] Stealth Rock
|-ability|p1a: Deoxys|Pressure
|move|p2a: Ting-Lu|Heavy Slam|p1a: Deoxys
|-damage|p1a: Deoxys|28/100 tox
|
|-damage|p1a: Deoxys|22/100 tox|[from] psn
|upkeep
|turn|30
|
|t:|1781334347
|switch|p2a: Iron Crown|Iron Crown|100/100
|move|p1a: Deoxys|Reflect|p1a: Deoxys
|-sidestart|p1: Piecubed|Reflect
|
|-damage|p1a: Deoxys|10/100 tox|[from] psn
|upkeep
|turn|31
|
|t:|1781334356
|move|p1a: Deoxys|Light Screen|p1a: Deoxys
|-sidestart|p1: Piecubed|move: Light Screen
|move|p2a: Iron Crown|Calm Mind|p2a: Iron Crown
|-boost|p2a: Iron Crown|spa|1
|-boost|p2a: Iron Crown|spd|1
|
|-damage|p1a: Deoxys|0 fnt|[from] psn
|faint|p1a: Deoxys
|upkeep
|
|t:|1781334359
|switch|p1a: Iron Valiant|Iron Valiant|94/100
|-damage|p1a: Iron Valiant|88/100|[from] Stealth Rock
|turn|32
|
|t:|1781334373
|-end|p2a: Iron Crown|Quark Drive|[silent]
|switch|p2a: Dragapult|Dragapult, M|100/100
|move|p1a: Iron Valiant|Calm Mind|p1a: Iron Valiant
|-boost|p1a: Iron Valiant|spa|1
|-boost|p1a: Iron Valiant|spd|1
|
|upkeep
|turn|33
|
|t:|1781334378
|move|p2a: Dragapult|Will-O-Wisp|p1a: Iron Valiant
|-status|p1a: Iron Valiant|brn
|move|p1a: Iron Valiant|Moonblast|p2a: Dragapult
|-supereffective|p2a: Dragapult
|-damage|p2a: Dragapult|0 fnt
|faint|p2a: Dragapult
|
|-damage|p1a: Iron Valiant|82/100 brn|[from] brn
|upkeep
|
|t:|1781334386
|switch|p2a: Iron Crown|Iron Crown|100/100
|turn|34
|
|t:|1781334390
|-terastallize|p1a: Iron Valiant|Electric
|move|p1a: Iron Valiant|Thunderbolt|p2a: Iron Crown
|-damage|p2a: Iron Crown|36/100
|move|p2a: Iron Crown|Tachyon Cutter|p1a: Iron Valiant
|-resisted|p1a: Iron Valiant
|-crit|p1a: Iron Valiant
|-damage|p1a: Iron Valiant|48/100 brn
|-resisted|p1a: Iron Valiant
|-damage|p1a: Iron Valiant|41/100 brn
|-hitcount|p1a: Iron Valiant|2
|
|-damage|p1a: Iron Valiant|34/100 brn|[from] brn
|upkeep
|turn|35
|inactive|Lttstoredotcom has 120 seconds left.
|
|t:|1781334420
|-end|p2a: Iron Crown|Quark Drive|[silent]
|switch|p2a: Ting-Lu|Ting-Lu|100/100
|-ability|p2a: Ting-Lu|Vessel of Ruin
|move|p1a: Iron Valiant|Moonblast|p2a: Ting-Lu
|-supereffective|p2a: Ting-Lu
|-damage|p2a: Ting-Lu|27/100
|-unboost|p2a: Ting-Lu|spa|1
|
|-damage|p1a: Iron Valiant|28/100 brn|[from] brn
|upkeep
|turn|36
|
|t:|1781334428
|move|p1a: Iron Valiant|Moonblast|p2a: Ting-Lu
|-supereffective|p2a: Ting-Lu
|-damage|p2a: Ting-Lu|0 fnt
|faint|p2a: Ting-Lu
|
|-damage|p1a: Iron Valiant|22/100 brn|[from] brn
|upkeep
|
|t:|1781334432
|switch|p2a: Ogerpon|Ogerpon-Wellspring, F|100/100
|turn|37
|
|t:|1781334438
|move|p1a: Iron Valiant|Moonblast|p2a: Ogerpon
|-damage|p2a: Ogerpon|24/100
|-unboost|p2a: Ogerpon|spa|1
|move|p2a: Ogerpon|Ivy Cudgel|p1a: Iron Valiant|[anim] Ivy Cudgel Water
|-damage|p1a: Iron Valiant|0 fnt
|faint|p1a: Iron Valiant
|-end|p1a: Iron Valiant|Quark Drive|[silent]
|
|-sideend|p1: Piecubed|Reflect
|upkeep
|
|t:|1781334452
|switch|p1a: Kommo-o|Kommo-o, M|86/100
|-damage|p1a: Kommo-o|80/100|[from] Stealth Rock
|turn|38
|
|t:|1781334461
|move|p2a: Ogerpon|Taunt|p1a: Kommo-o
|-start|p1a: Kommo-o|move: Taunt
|move|p1a: Kommo-o|Drain Punch|p2a: Ogerpon
|-damage|p2a: Ogerpon|0 fnt
|-heal|p1a: Kommo-o|92/100|[from] drain|[of] p2a: Ogerpon
|faint|p2a: Ogerpon
|
|-sideend|p1: Piecubed|move: Light Screen
|upkeep
|
|t:|1781334466
|switch|p2a: Iron Crown|Iron Crown|36/100
|turn|39
|
|t:|1781334472
|move|p2a: Iron Crown|Calm Mind|p2a: Iron Crown
|-boost|p2a: Iron Crown|spa|1
|-boost|p2a: Iron Crown|spd|1
|move|p1a: Kommo-o|Shadow Claw|p2a: Iron Crown
|-supereffective|p2a: Iron Crown
|-crit|p2a: Iron Crown
|-damage|p2a: Iron Crown|0 fnt
|faint|p2a: Iron Crown
|-end|p2a: Iron Crown|Quark Drive|[silent]
|
|win|Piecubed
|raw|Piecubed's rating: 1610 &rarr; <strong>1626</strong><br />(+16 for winning)
|raw|Lttstoredotcom's rating: 1544 &rarr; <strong>1528</strong><br />(-16 for losing)
|l|☆Piecubed
|player|p1|
|l|☆Lttstoredotcom
|player|p2|
