|j|☆omari p
|j|☆sorry4usingstall
|t:|1781375153
|gametype|singles
|player|p1|omari p|pokemonrangerf|1663
|player|p2|sorry4usingstall|colress|1606
|gen|9
|tier|[Gen 9] OU
|rated|
|rule|HP Percentage Mod: HP is shown in percentages
|rule|Endless Battle Clause: Forcing endless battles is banned
|rule|Species Clause: Limit one of each Pokémon
|rule|OHKO Clause: OHKO moves are banned
|rule|Evasion Items Clause: Evasion items are banned
|rule|Evasion Moves Clause: Evasion moves are banned
|rule|Evasion Abilities Clause: Evasion abilities are banned
|rule|Sleep Moves Clause: Sleep-inducing moves are banned
|clearpoke
|poke|p1|Klefki, F|
|poke|p1|Keldeo-Resolute|
|poke|p1|Garchomp, M|
|poke|p1|Landorus-Therian, M|
|poke|p1|Iron Valiant|
|poke|p1|Cinderace, F|
|poke|p2|Clodsire, F|
|poke|p2|Dondozo, F|
|poke|p2|Alomomola, F|
|poke|p2|Talonflame, F|
|poke|p2|Toxapex, F|
|poke|p2|Blissey, F|
|teampreview
|
|t:|1781375165
|teamsize|p1|6
|teamsize|p2|6
|start
|switch|p1a: Garchomp|Garchomp, M|100/100
|switch|p2a: Keep Trying.|Toxapex, F|100/100
|turn|1
|inactive|Battle timer is ON: inactive players will automatically lose when time's up. (requested by omari p)
|inactive|sorry4usingstall has 120 seconds left.
|
|t:|1781375214
|move|p1a: Garchomp|Stealth Rock|p2a: Keep Trying.
|-sidestart|p2: sorry4usingstall|move: Stealth Rock
|move|p2a: Keep Trying.|Toxic|p1a: Garchomp
|-status|p1a: Garchomp|tox
|
|-damage|p1a: Garchomp|94/100 tox|[from] psn
|upkeep
|turn|2
|
|t:|1781375217
|switch|p2a: Try Harder.|Alomomola, F, shiny|100/100
|move|p1a: Garchomp|Dragon Tail|p2a: Try Harder.
|-damage|p2a: Try Harder.|83/100
|drag|p2a: Worth Trying.|Clodsire, F, shiny|100/100
|
|-damage|p1a: Garchomp|82/100 tox|[from] psn
|upkeep
|turn|3
|
|t:|1781375222
|switch|p1a: Klefki|Klefki, F|100/100
|switch|p2a: Try Harder.|Alomomola, F, shiny|100/100
|
|upkeep
|turn|4
|
|t:|1781375228
|switch|p2a: Worth Trying.|Clodsire, F, shiny|100/100
|move|p1a: Klefki|Thunder Wave|p2a: Worth Trying.
|-immune|p2a: Worth Trying.
|
|upkeep
|turn|5
|
|t:|1781375236
|move|p1a: Klefki|Spikes|p2a: Worth Trying.
|-sidestart|p2: sorry4usingstall|Spikes
|move|p2a: Worth Trying.|Bulldoze|p1a: Klefki
|-supereffective|p1a: Klefki
|-damage|p1a: Klefki|64/100
|-unboost|p1a: Klefki|spe|1
|
|-heal|p1a: Klefki|70/100|[from] item: Leftovers
|upkeep
|turn|6
|
|t:|1781375238
|move|p1a: Klefki|Spikes|p2a: Worth Trying.
|-sidestart|p2: sorry4usingstall|Spikes
|move|p2a: Worth Trying.|Bulldoze|p1a: Klefki
|-supereffective|p1a: Klefki
|-damage|p1a: Klefki|34/100
|-unboost|p1a: Klefki|spe|1
|
|-heal|p1a: Klefki|40/100|[from] item: Leftovers
|upkeep
|turn|7
|
|t:|1781375240
|move|p1a: Klefki|Magic Room|p1a: Klefki
|-fieldstart|move: Magic Room|[of] p1a: Klefki
|move|p2a: Worth Trying.|Bulldoze|p1a: Klefki
|-supereffective|p1a: Klefki
|-damage|p1a: Klefki|4/100
|-unboost|p1a: Klefki|spe|1
|
|upkeep
|turn|8
|
|t:|1781375246
|switch|p1a: Garchomp|Garchomp, M|82/100 tox
|move|p2a: Worth Trying.|Bulldoze|p1a: Garchomp
|-damage|p1a: Garchomp|70/100 tox
|-unboost|p1a: Garchomp|spe|1
|
|-damage|p1a: Garchomp|64/100 tox|[from] psn
|upkeep
|turn|9
|
|t:|1781375258
|switch|p2a: Try Harder.|Alomomola, F, shiny|100/100
|-damage|p2a: Try Harder.|88/100|[from] Stealth Rock
|-damage|p2a: Try Harder.|71/100|[from] Spikes
|move|p1a: Garchomp|Dragon Tail|p2a: Try Harder.|[miss]
|-miss|p1a: Garchomp|p2a: Try Harder.
|
|-damage|p1a: Garchomp|52/100 tox|[from] psn
|upkeep
|turn|10
|
|t:|1781375265
|move|p2a: Try Harder.|Wish|p2a: Try Harder.
|move|p1a: Garchomp|Dragon Tail|p2a: Try Harder.
|-damage|p2a: Try Harder.|56/100
|drag|p2a: You Tried.|Dondozo, F, shiny|100/100
|-damage|p2a: You Tried.|88/100|[from] Stealth Rock
|-damage|p2a: You Tried.|72/100|[from] Spikes
|
|-damage|p1a: Garchomp|33/100 tox|[from] psn
|upkeep
|turn|11
|
|t:|1781375277
|move|p2a: You Tried.|Rest|p2a: You Tried.
|-status|p2a: You Tried.|slp|[from] move: Rest
|-heal|p2a: You Tried.|100/100 slp|[silent]
|move|p1a: Garchomp|Dragon Tail|p2a: You Tried.
|-damage|p2a: You Tried.|88/100 slp
|drag|p2a: Worth Trying.|Clodsire, F, shiny|100/100
|-damage|p2a: Worth Trying.|94/100|[from] Stealth Rock
|-damage|p2a: Worth Trying.|78/100|[from] Spikes
|
|-heal|p2a: Worth Trying.|100/100|[from] move: Wish|[wisher] Try Harder.
|-damage|p1a: Garchomp|8/100 tox|[from] psn
|-fieldend|move: Magic Room|[of] p1: Klefki
|upkeep
|turn|12
|
|t:|1781375291
|switch|p1a: Landorus|Landorus-Therian, M|100/100
|-ability|p1a: Landorus|Intimidate|boost
|-unboost|p2a: Worth Trying.|atk|1
|switch|p2a: Try Harder.|Alomomola, F, shiny|89/100
|
|upkeep
|turn|13
|
|t:|1781375294
|move|p1a: Landorus|U-turn|p2a: Try Harder.
|-damage|p2a: Try Harder.|74/100
|
|t:|1781375297
|switch|p1a: Klefki|Klefki, F|4/100|[from] U-turn
|move|p2a: Try Harder.|Flip Turn|p1a: Klefki
|-damage|p1a: Klefki|0 fnt
|faint|p1a: Klefki
|
|t:|1781375303
|switch|p2a: Keep Trying.|Toxapex, F|100/100|[from] Flip Turn
|
|upkeep
|
|t:|1781375310
|switch|p1a: Garchomp|Garchomp, M|8/100 tox
|turn|14
|c|☆sorry4usingstall|i think i have played u before
|c|☆sorry4usingstall|or at least that ign rings a bell
|
|t:|1781375331
|switch|p2a: Try Harder.|Alomomola, F, shiny|100/100
|move|p1a: Garchomp|Earthquake|p2a: Try Harder.
|-damage|p2a: Try Harder.|72/100
|
|-damage|p1a: Garchomp|2/100 tox|[from] psn
|upkeep
|turn|15
|
|t:|1781375343
|move|p2a: Try Harder.|Wish|p2a: Try Harder.
|move|p1a: Garchomp|Dragon Tail|p2a: Try Harder.|[miss]
|-miss|p1a: Garchomp|p2a: Try Harder.
|
|-damage|p1a: Garchomp|0 fnt|[from] psn
|faint|p1a: Garchomp
|upkeep
|
|t:|1781375346
|switch|p1a: Iron Valiant|Iron Valiant|100/100
|-enditem|p1a: Iron Valiant|Booster Energy
|-activate|p1a: Iron Valiant|ability: Quark Drive|[fromitem]
|-start|p1a: Iron Valiant|quarkdrivespe
|turn|16
|
|t:|1781375351
|switch|p2a: Worth Trying.|Clodsire, F, shiny|100/100
|move|p1a: Iron Valiant|Knock Off|p2a: Worth Trying.
|-damage|p2a: Worth Trying.|69/100
|-enditem|p2a: Worth Trying.|Heavy-Duty Boots|[from] move: Knock Off|[of] p1a: Iron Valiant
|
|-heal|p2a: Worth Trying.|100/100|[from] move: Wish|[wisher] Try Harder.
|upkeep
|turn|17
|
|t:|1781375358
|-end|p1a: Iron Valiant|Quark Drive|[silent]
|switch|p1a: Landorus|Landorus-Therian, M|100/100
|-ability|p1a: Landorus|Intimidate|boost
|-unboost|p2a: Worth Trying.|atk|1
|move|p2a: Worth Trying.|Toxic|p1a: Landorus
|-status|p1a: Landorus|tox
|
|-damage|p1a: Landorus|95/100 tox|[from] psn
|upkeep
|turn|18
|
|t:|1781375361
|switch|p2a: Try Harder.|Alomomola, F, shiny|100/100
|move|p1a: Landorus|U-turn|p2a: Try Harder.
|-damage|p2a: Try Harder.|84/100
|
|t:|1781375364
|switch|p1a: Iron Valiant|Iron Valiant|100/100|[from] U-turn
|
|upkeep
|turn|19
|
|t:|1781375368
|move|p2a: Try Harder.|Protect|p2a: Try Harder.
|-singleturn|p2a: Try Harder.|Protect
|move|p1a: Iron Valiant|Knock Off|p2a: Try Harder.
|-activate|p2a: Try Harder.|move: Protect
|
|upkeep
|turn|20
|
|t:|1781375378
|move|p1a: Iron Valiant|Knock Off|p2a: Try Harder.
|-damage|p2a: Try Harder.|67/100
|-enditem|p2a: Try Harder.|Heavy-Duty Boots|[from] move: Knock Off|[of] p1a: Iron Valiant
|move|p2a: Try Harder.|Wish|p2a: Try Harder.
|
|upkeep
|turn|21
|
|t:|1781375383
|move|p1a: Iron Valiant|Moonblast|p2a: Try Harder.
|-damage|p2a: Try Harder.|26/100
|-unboost|p2a: Try Harder.|spa|1
|move|p2a: Try Harder.|Flip Turn|p1a: Iron Valiant
|-damage|p1a: Iron Valiant|78/100
|
|t:|1781375391
|switch|p2a: Nice Try.|Talonflame, F, shiny|100/100|[from] Flip Turn
|
|upkeep
|turn|22
|
|t:|1781375394
|move|p1a: Iron Valiant|Knock Off|p2a: Nice Try.
|-damage|p2a: Nice Try.|71/100
|-enditem|p2a: Nice Try.|Heavy-Duty Boots|[from] move: Knock Off|[of] p1a: Iron Valiant
|move|p2a: Nice Try.|Defog|p1a: Iron Valiant
|-unboost|p1a: Iron Valiant|evasion|1
|-sideend|p2: sorry4usingstall|Spikes|[from] move: Defog|[of] p2a: Nice Try.
|-sideend|p2: sorry4usingstall|Stealth Rock|[from] move: Defog|[of] p2a: Nice Try.
|
|upkeep
|turn|23
|
|t:|1781375404
|switch|p2a: Worth Trying.|Clodsire, F, shiny|100/100
|move|p1a: Iron Valiant|Shadow Ball|p2a: Worth Trying.
|-damage|p2a: Worth Trying.|87/100
|
|upkeep
|turn|24
|
|t:|1781375409
|-end|p1a: Iron Valiant|Quark Drive|[silent]
|switch|p1a: Keldeo|Keldeo-Resolute|100/100
|move|p2a: Worth Trying.|Gunk Shot|p1a: Keldeo
|-damage|p1a: Keldeo|66/100
|
|upkeep
|turn|25
|-message|omari p forfeited.
|
|win|sorry4usingstall
|raw|omari p's rating: 1663 &rarr; <strong>1640</strong><br />(-23 for losing)
|raw|sorry4usingstall's rating: 1606 &rarr; <strong>1629</strong><br />(+23 for winning)
|l|☆omari p
|player|p1|
|l|☆sorry4usingstall
|player|p2|
|j| kokosleeping
