|j|☆The median voter
|j|☆KurisuChestnutLab
|t:|1781127120
|gametype|singles
|player|p1|The median voter|scientist-gen4dp|1557
|player|p2|KurisuChestnutLab|may-contest|1559
|gen|9
|tier|[Gen 9] OU
|rated|
|rule|HP Percentage Mod: HP is shown in percentages
|rule|Endless Battle Clause: Forcing endless battles is banned
|rule|Species Clause: Limit one of each Pokémon
|rule|OHKO Clause: OHKO moves are banned
|rule|Evasion Items Clause: Evasion items are banned
|rule|Evasion Moves Clause: Evasion moves are banned
|rule|Evasion Abilities Clause: Evasion abilities are banned
|rule|Sleep Moves Clause: Sleep-inducing moves are banned
|clearpoke
|poke|p1|Zapdos|
|poke|p1|Great Tusk|
|poke|p1|Hoopa-Unbound|
|poke|p1|Alomomola, F|
|poke|p1|Scizor, M|
|poke|p1|Iron Valiant|
|poke|p2|Zamazenta-*|
|poke|p2|Zapdos|
|poke|p2|Garganacl, F|
|poke|p2|Clefable, F|
|poke|p2|Samurott-Hisui, M|
|poke|p2|Gholdengo|
|teampreview
|inactive|Battle timer is ON: inactive players will automatically lose when time's up. (requested by KurisuChestnutLab)
|
|t:|1781127127
|teamsize|p1|6
|teamsize|p2|6
|start
|switch|p1a: Preacher|Zapdos|100/100
|switch|p2a: Garganacl|Garganacl, F|100/100
|turn|1
|
|t:|1781127132
|move|p1a: Preacher|U-turn|p2a: Garganacl
|-damage|p2a: Garganacl|92/100
|
|t:|1781127136
|switch|p1a: Holy Envoy|Alomomola, F|100/100|[from] U-turn
|move|p2a: Garganacl|Salt Cure|p1a: Holy Envoy
|-damage|p1a: Holy Envoy|89/100
|-start|p1a: Holy Envoy|Salt Cure
|
|-heal|p2a: Garganacl|98/100|[from] item: Leftovers
|-damage|p1a: Holy Envoy|64/100|[from] Salt Cure
|upkeep
|turn|2
|
|t:|1781127144
|switch|p1a: The End of All|Hoopa-Unbound|100/100
|move|p2a: Garganacl|Stealth Rock|p1a: The End of All
|-sidestart|p1: The median voter|move: Stealth Rock
|
|-heal|p2a: Garganacl|100/100|[from] item: Leftovers
|upkeep
|turn|3
|
|t:|1781127148
|move|p1a: The End of All|Drain Punch|p2a: Garganacl
|-supereffective|p2a: Garganacl
|-damage|p2a: Garganacl|66/100
|move|p2a: Garganacl|Salt Cure|p1a: The End of All
|-damage|p1a: The End of All|81/100
|-start|p1a: The End of All|Salt Cure
|
|-heal|p2a: Garganacl|72/100|[from] item: Leftovers
|-damage|p1a: The End of All|68/100|[from] Salt Cure
|upkeep
|turn|4
|
|t:|1781127152
|move|p1a: The End of All|Hyperspace Fury|p2a: Garganacl
|-damage|p2a: Garganacl|37/100
|-unboost|p1a: The End of All|def|1
|move|p2a: Garganacl|Earthquake|p1a: The End of All
|-crit|p1a: The End of All
|-damage|p1a: The End of All|0 fnt
|faint|p1a: The End of All
|
|-heal|p2a: Garganacl|43/100|[from] item: Leftovers
|upkeep
|
|t:|1781127156
|switch|p1a: Experiment|Scizor, M|100/100
|-damage|p1a: Experiment|88/100|[from] Stealth Rock
|turn|5
|
|t:|1781127159
|switch|p2a: Zapdos|Zapdos|100/100
|move|p1a: Experiment|U-turn|p2a: Zapdos
|-resisted|p2a: Zapdos
|-damage|p2a: Zapdos|79/100
|
|t:|1781127165
|switch|p1a: Preacher|Zapdos|100/100|[from] U-turn
|
|upkeep
|turn|6
|
|t:|1781127169
|move|p2a: Zapdos|Roost|p2a: Zapdos
|-heal|p2a: Zapdos|100/100
|-singleturn|p2a: Zapdos|move: Roost
|move|p1a: Preacher|Discharge|p2a: Zapdos
|-resisted|p2a: Zapdos
|-damage|p2a: Zapdos|85/100
|
|upkeep
|turn|7
|
|t:|1781127174
|move|p2a: Zapdos|Volt Switch|p1a: Preacher
|-damage|p1a: Preacher|73/100
|
|t:|1781127179
|switch|p2a: Garganacl|Garganacl, F|43/100|[from] Volt Switch
|move|p1a: Preacher|Discharge|p2a: Garganacl
|-damage|p2a: Garganacl|21/100
|
|-heal|p2a: Garganacl|27/100|[from] item: Leftovers
|upkeep
|turn|8
|
|t:|1781127183
|move|p1a: Preacher|Discharge|p2a: Garganacl
|-damage|p2a: Garganacl|6/100
|move|p2a: Garganacl|Recover|p2a: Garganacl
|-heal|p2a: Garganacl|56/100
|
|-heal|p2a: Garganacl|62/100|[from] item: Leftovers
|upkeep
|turn|9
|
|t:|1781127190
|move|p1a: Preacher|U-turn|p2a: Garganacl
|-damage|p2a: Garganacl|52/100
|
|t:|1781127191
|switch|p1a: Templar|Great Tusk|100/100|[from] U-turn
|move|p2a: Garganacl|Recover|p2a: Garganacl
|-heal|p2a: Garganacl|100/100
|
|upkeep
|turn|10
|
|t:|1781127194
|switch|p2a: Zapdos|Zapdos|85/100
|move|p1a: Templar|Stealth Rock|p2a: Zapdos
|-sidestart|p2: KurisuChestnutLab|move: Stealth Rock
|
|upkeep
|turn|11
|
|t:|1781127201
|-end|p1a: Templar|Protosynthesis|[silent]
|switch|p1a: Holy Envoy|Alomomola, F|98/100
|-damage|p1a: Holy Envoy|85/100|[from] Stealth Rock
|move|p2a: Zapdos|Hurricane|p1a: Holy Envoy
|-damage|p1a: Holy Envoy|62/100
|
|upkeep
|turn|12
|
|t:|1781127208
|move|p2a: Zapdos|Volt Switch|p1a: Holy Envoy
|-supereffective|p1a: Holy Envoy
|-damage|p1a: Holy Envoy|31/100
|
|t:|1781127211
|switch|p2a: Clefable|Clefable, F|100/100|[from] Volt Switch
|move|p1a: Holy Envoy|Flip Turn|p2a: Clefable
|-damage|p2a: Clefable|88/100
|
|t:|1781127215
|switch|p1a: Experiment|Scizor, M|88/100|[from] Flip Turn
|-damage|p1a: Experiment|76/100|[from] Stealth Rock
|
|upkeep
|turn|13
|
|t:|1781127222
|switch|p2a: Zapdos|Zapdos|85/100
|move|p1a: Experiment|Knock Off|p2a: Zapdos
|-damage|p2a: Zapdos|45/100
|-status|p1a: Experiment|par|[from] ability: Static|[of] p2a: Zapdos
|-enditem|p2a: Zapdos|Heavy-Duty Boots|[from] move: Knock Off|[of] p1a: Experiment
|
|upkeep
|turn|14
|
|t:|1781127229
|switch|p1a: Holy Envoy|Alomomola, F|64/100
|-damage|p1a: Holy Envoy|52/100|[from] Stealth Rock
|move|p2a: Zapdos|Roost|p2a: Zapdos
|-heal|p2a: Zapdos|95/100
|-singleturn|p2a: Zapdos|move: Roost
|
|upkeep
|turn|15
|
|t:|1781127234
|move|p2a: Zapdos|Volt Switch|p1a: Holy Envoy
|-supereffective|p1a: Holy Envoy
|-damage|p1a: Holy Envoy|21/100
|
|t:|1781127241
|switch|p2a: Gholdengo|Gholdengo|100/100|[from] Volt Switch
|-damage|p2a: Gholdengo|94/100|[from] Stealth Rock
|move|p1a: Holy Envoy|Mirror Coat|p2a: Gholdengo
|-damage|p2a: Gholdengo|0 fnt
|faint|p2a: Gholdengo
|
|upkeep
|
|t:|1781127244
|switch|p2a: Samurott|Samurott-Hisui, M|100/100
|-damage|p2a: Samurott|88/100|[from] Stealth Rock
|turn|16
|j| blackgokuking
|
|t:|1781127248
|switch|p1a: Preacher|Zapdos|73/100
|move|p2a: Samurott|Razor Shell|p1a: Preacher
|-crit|p1a: Preacher
|-damage|p1a: Preacher|16/100
|
|upkeep
|turn|17
|
|t:|1781127255
|-terastallize|p1a: Preacher|Dragon
|move|p2a: Samurott|Razor Shell|p1a: Preacher
|-resisted|p1a: Preacher
|-damage|p1a: Preacher|0 fnt
|-status|p2a: Samurott|par|[from] ability: Static|[of] p1a: Preacher
|faint|p1a: Preacher
|
|upkeep
|j| Golem Rising
|
|t:|1781127260
|switch|p1a: Acolyte|Iron Valiant|100/100
|-damage|p1a: Acolyte|94/100|[from] Stealth Rock
|-enditem|p1a: Acolyte|Booster Energy
|-activate|p1a: Acolyte|ability: Quark Drive|[fromitem]
|-start|p1a: Acolyte|quarkdrivespe
|turn|18
|
|t:|1781127264
|switch|p2a: Clefable|Clefable, F|88/100
|move|p1a: Acolyte|Moonblast|p2a: Clefable
|-damage|p2a: Clefable|44/100
|
|upkeep
|turn|19
|
|t:|1781127267
|-terastallize|p2a: Clefable|Steel
|move|p1a: Acolyte|Calm Mind|p1a: Acolyte
|-boost|p1a: Acolyte|spa|1
|-boost|p1a: Acolyte|spd|1
|move|p2a: Clefable|Moonblast|p1a: Acolyte
|-supereffective|p1a: Acolyte
|-damage|p1a: Acolyte|0 fnt
|faint|p1a: Acolyte
|-end|p1a: Acolyte|Quark Drive|[silent]
|
|upkeep
|l| blackgokuking
|j| nepturee
|
|t:|1781127272
|switch|p1a: Templar|Great Tusk|100/100
|turn|20
|
|t:|1781127275
|switch|p2a: Zamazenta|Zamazenta|100/100
|-damage|p2a: Zamazenta|94/100|[from] Stealth Rock
|-ability|p2a: Zamazenta|Dauntless Shield|boost
|-boost|p2a: Zamazenta|def|1
|move|p1a: Templar|Ice Spinner|p2a: Zamazenta
|-damage|p2a: Zamazenta|80/100
|
|-heal|p2a: Zamazenta|86/100|[from] item: Leftovers
|upkeep
|turn|21
|
|t:|1781127279
|move|p2a: Zamazenta|Iron Defense|p2a: Zamazenta
|-boost|p2a: Zamazenta|def|2
|move|p1a: Templar|Stealth Rock||[still]
|-fail|p1a: Templar
|
|-heal|p2a: Zamazenta|92/100|[from] item: Leftovers
|upkeep
|turn|22
|-message|The median voter forfeited.
|
|win|KurisuChestnutLab
|raw|The median voter's rating: 1557 &rarr; <strong>1539</strong><br />(-18 for losing)
|raw|KurisuChestnutLab's rating: 1596 &rarr; <strong>1614</strong><br />(+18 for winning)
|l|☆The median voter
|player|p1|
