|j|☆lolcano46
|j|☆rizz of reko
|t:|1781565542
|gametype|singles
|player|p1|lolcano46|fisherman-gen4|1612
|player|p2|rizz of reko|cheren-gen5bw2|1594
|gen|9
|tier|[Gen 9] OU
|rated|
|rule|HP Percentage Mod: HP is shown in percentages
|rule|Endless Battle Clause: Forcing endless battles is banned
|rule|Species Clause: Limit one of each Pokémon
|rule|OHKO Clause: OHKO moves are banned
|rule|Evasion Items Clause: Evasion items are banned
|rule|Evasion Moves Clause: Evasion moves are banned
|rule|Evasion Abilities Clause: Evasion abilities are banned
|rule|Sleep Moves Clause: Sleep-inducing moves are banned
|clearpoke
|poke|p1|Azelf|
|poke|p1|Ogerpon-Wellspring, F|
|poke|p1|Scizor, F|
|poke|p1|Gengar, M|
|poke|p1|Raging Bolt|
|poke|p1|Cinderace, F|
|poke|p2|Dragonite, M|
|poke|p2|Great Tusk|
|poke|p2|Skeledirge, M|
|poke|p2|Iron Valiant|
|poke|p2|Ogerpon-Wellspring, F|
|poke|p2|Zapdos|
|teampreview
|inactive|Battle timer is ON: inactive players will automatically lose when time's up. (requested by lolcano46)
|
|t:|1781565554
|teamsize|p1|6
|teamsize|p2|6
|start
|switch|p1a: Gengar|Gengar, M|100/100
|switch|p2a: Skeledirge|Skeledirge, M, shiny|100/100
|turn|1
|
|t:|1781565566
|move|p1a: Gengar|Trick|p2a: Skeledirge
|-activate|p1a: Gengar|move: Trick|[of] p2a: Skeledirge
|-item|p2a: Skeledirge|Choice Scarf|[from] move: Trick
|-item|p1a: Gengar|Rocky Helmet|[from] move: Trick
|move|p2a: Skeledirge|Shadow Ball|p1a: Gengar
|-supereffective|p1a: Gengar
|-damage|p1a: Gengar|0 fnt
|faint|p1a: Gengar
|
|upkeep
|
|t:|1781565574
|switch|p1a: Scizor|Scizor, F|100/100
|turn|2
|
|t:|1781565588
|switch|p2a: Great Tusk|Great Tusk, shiny|100/100
|-enditem|p2a: Great Tusk|Booster Energy
|-activate|p2a: Great Tusk|ability: Protosynthesis|[fromitem]
|-start|p2a: Great Tusk|protosynthesisatk
|move|p1a: Scizor|Swords Dance|p1a: Scizor
|-boost|p1a: Scizor|atk|2
|
|upkeep
|turn|3
|
|t:|1781565595
|move|p1a: Scizor|Bullet Punch|p2a: Great Tusk
|-damage|p2a: Great Tusk|51/100
|move|p2a: Great Tusk|Headlong Rush|p1a: Scizor
|-damage|p1a: Scizor|0 fnt
|-unboost|p2a: Great Tusk|def|1
|-unboost|p2a: Great Tusk|spd|1
|faint|p1a: Scizor
|
|upkeep
|
|t:|1781565599
|switch|p1a: Azelf|Azelf|100/100
|turn|4
|
|t:|1781565607
|move|p1a: Azelf|Mystical Power|p2a: Great Tusk
|-supereffective|p2a: Great Tusk
|-damage|p2a: Great Tusk|0 fnt
|-boost|p1a: Azelf|spa|1
|faint|p2a: Great Tusk
|-end|p2a: Great Tusk|Protosynthesis|[silent]
|
|upkeep
|
|t:|1781565625
|switch|p2a: Zapdos|Zapdos, shiny|100/100
|turn|5
|
|t:|1781565632
|move|p1a: Azelf|Mystical Power|p2a: Zapdos|[miss]
|-miss|p1a: Azelf|p2a: Zapdos
|move|p2a: Zapdos|Thunder Wave|p1a: Azelf|[miss]
|-miss|p2a: Zapdos|p1a: Azelf
|
|upkeep
|turn|6
|
|t:|1781565641
|move|p1a: Azelf|Mystical Power|p2a: Zapdos
|-damage|p2a: Zapdos|45/100
|-boost|p1a: Azelf|spa|1
|move|p2a: Zapdos|Thunder Wave|p1a: Azelf
|-status|p1a: Azelf|par
|
|-heal|p2a: Zapdos|51/100|[from] item: Leftovers
|upkeep
|turn|7
|
|t:|1781565654
|move|p2a: Zapdos|Discharge|p1a: Azelf
|-damage|p1a: Azelf|43/100 par
|move|p1a: Azelf|Mystical Power|p2a: Zapdos|[miss]
|-miss|p1a: Azelf|p2a: Zapdos
|
|-heal|p2a: Zapdos|57/100|[from] item: Leftovers
|upkeep
|turn|8
|
|t:|1781565662
|move|p2a: Zapdos|Discharge|p1a: Azelf
|-damage|p1a: Azelf|0 fnt
|faint|p1a: Azelf
|
|-heal|p2a: Zapdos|63/100|[from] item: Leftovers
|upkeep
|
|t:|1781565664
|switch|p1a: Raging Bolt|Raging Bolt|100/100
|-enditem|p1a: Raging Bolt|Booster Energy
|-activate|p1a: Raging Bolt|ability: Protosynthesis|[fromitem]
|-start|p1a: Raging Bolt|protosynthesisspa
|turn|9
|
|t:|1781565670
|switch|p2a: Iron Valiant|Iron Valiant, shiny|100/100
|-enditem|p2a: Iron Valiant|Booster Energy
|-activate|p2a: Iron Valiant|ability: Quark Drive|[fromitem]
|-start|p2a: Iron Valiant|quarkdrivespe
|move|p1a: Raging Bolt|Thunderbolt|p2a: Iron Valiant
|-crit|p2a: Iron Valiant
|-damage|p2a: Iron Valiant|0 fnt
|faint|p2a: Iron Valiant
|-end|p2a: Iron Valiant|Quark Drive|[silent]
|
|upkeep
|
|t:|1781565687
|switch|p2a: Ogerpon|Ogerpon-Wellspring, F|100/100
|turn|10
|
|t:|1781565694
|move|p2a: Ogerpon|Play Rough|p1a: Raging Bolt
|-supereffective|p1a: Raging Bolt
|-damage|p1a: Raging Bolt|39/100
|move|p1a: Raging Bolt|Thunderbolt|p2a: Ogerpon
|-damage|p2a: Ogerpon|18/100
|
|upkeep
|turn|11
|
|t:|1781565700
|move|p1a: Raging Bolt|Thunderclap||[still]
|-fail|p1a: Raging Bolt
|move|p2a: Ogerpon|Swords Dance|p2a: Ogerpon
|-boost|p2a: Ogerpon|atk|2
|
|upkeep
|turn|12
|
|t:|1781565705
|move|p1a: Raging Bolt|Thunderclap|p2a: Ogerpon
|-damage|p2a: Ogerpon|0 fnt
|faint|p2a: Ogerpon
|
|upkeep
|
|t:|1781565713
|switch|p2a: Dragonite|Dragonite, M, shiny|100/100
|turn|13
|
|t:|1781565719
|move|p1a: Raging Bolt|Dragon Pulse|p2a: Dragonite
|-supereffective|p2a: Dragonite
|-damage|p2a: Dragonite|34/100
|move|p2a: Dragonite|Earthquake|p1a: Raging Bolt
|-supereffective|p1a: Raging Bolt
|-damage|p1a: Raging Bolt|0 fnt
|faint|p1a: Raging Bolt
|-end|p1a: Raging Bolt|Protosynthesis|[silent]
|
|-heal|p2a: Dragonite|40/100|[from] item: Leftovers
|upkeep
|
|t:|1781565724
|switch|p1a: Ogerpon|Ogerpon-Wellspring, F|100/100
|turn|14
|
|t:|1781565750
|move|p1a: Ogerpon|Play Rough|p2a: Dragonite
|-supereffective|p2a: Dragonite
|-damage|p2a: Dragonite|0 fnt
|faint|p2a: Dragonite
|
|upkeep
|
|t:|1781565756
|switch|p2a: Skeledirge|Skeledirge, M, shiny|100/100
|turn|15
|inactive|rizz of reko has 120 seconds left.
|
|t:|1781565774
|-terastallize|p1a: Ogerpon|Water
|detailschange|p1a: Ogerpon|Ogerpon-Wellspring-Tera, F, tera:Water
|-ability|p1a: Ogerpon|Embody Aspect (Wellspring)|boost
|-boost|p1a: Ogerpon|spd|1
|-terastallize|p2a: Skeledirge|Grass
|move|p1a: Ogerpon|Ivy Cudgel|p2a: Skeledirge|[anim] Ivy Cudgel Water
|-resisted|p2a: Skeledirge
|-damage|p2a: Skeledirge|76/100
|move|p2a: Skeledirge|Will-O-Wisp|p1a: Ogerpon|[miss]
|-miss|p2a: Skeledirge|p1a: Ogerpon
|
|upkeep
|turn|16
|inactive|rizz of reko has 120 seconds left.
|
|t:|1781565800
|switch|p1a: Cinderace|Cinderace, F|100/100
|move|p2a: Skeledirge|Will-O-Wisp|p1a: Cinderace
|-immune|p1a: Cinderace
|
|upkeep
|turn|17
|
|t:|1781565806
|move|p1a: Cinderace|Pyro Ball|p2a: Skeledirge
|-supereffective|p2a: Skeledirge
|-damage|p2a: Skeledirge|0 fnt
|faint|p2a: Skeledirge
|
|upkeep
|
|t:|1781565811
|switch|p2a: Zapdos|Zapdos, shiny|63/100
|turn|18
|inactive|rizz of reko has 120 seconds left.
|
|t:|1781565819
|move|p1a: Cinderace|Pyro Ball|p2a: Zapdos
|-damage|p2a: Zapdos|4/100
|move|p2a: Zapdos|Thunder Wave|p1a: Cinderace|[miss]
|-miss|p2a: Zapdos|p1a: Cinderace
|
|-heal|p2a: Zapdos|10/100|[from] item: Leftovers
|upkeep
|turn|19
|inactive|rizz of reko has 120 seconds left.
|inactive|rizz of reko has 90 seconds left.
|inactive|rizz of reko has 60 seconds left.
|j| lksdjglsdg
|l|☆rizz of reko
|inactive|rizz of reko disconnected and has a minute to reconnect!
|player|p2|
|inactive|rizz of reko has 30 seconds left.
|inactive|rizz of reko has 20 seconds left.
|inactive|rizz of reko has 15 seconds left.
|inactive|rizz of reko has 10 seconds left.
|inactive|rizz of reko has 5 seconds left.
|-message|rizz of reko lost due to inactivity.
|
|win|lolcano46
|raw|lolcano46's rating: 1612 &rarr; <strong>1631</strong><br />(+19 for winning)
|raw|rizz of reko's rating: 1594 &rarr; <strong>1575</strong><br />(-19 for losing)
|l| lksdjglsdg
|l|☆lolcano46
|player|p1|
