|j|☆Paper snakes
|j|☆sparky1218
|t:|1781533380
|gametype|singles
|player|p1|Paper snakes|fisher-gen8|1525
|player|p2|sparky1218|101|1599
|gen|9
|tier|[Gen 9] OU
|rated|
|rule|HP Percentage Mod: HP is shown in percentages
|rule|Endless Battle Clause: Forcing endless battles is banned
|rule|Species Clause: Limit one of each Pokémon
|rule|OHKO Clause: OHKO moves are banned
|rule|Evasion Items Clause: Evasion items are banned
|rule|Evasion Moves Clause: Evasion moves are banned
|rule|Evasion Abilities Clause: Evasion abilities are banned
|rule|Sleep Moves Clause: Sleep-inducing moves are banned
|clearpoke
|poke|p1|Flamigo, M|
|poke|p1|Reuniclus, F|
|poke|p1|Great Tusk|
|poke|p1|Scizor, F|
|poke|p1|Eelektross, M|
|poke|p1|Samurott-Hisui, F|
|poke|p2|Garganacl, M|
|poke|p2|Zapdos|
|poke|p2|Great Tusk|
|poke|p2|Tornadus-Therian, M|
|poke|p2|Primarina, M|
|poke|p2|Kingambit, F|
|teampreview
|inactive|Battle timer is ON: inactive players will automatically lose when time's up. (requested by sparky1218)
|
|t:|1781533393
|teamsize|p1|6
|teamsize|p2|6
|start
|switch|p1a: Eelektross|Eelektross, M|100/100
|switch|p2a: Zapdos|Zapdos|100/100
|turn|1
|
|t:|1781533401
|move|p2a: Zapdos|Volt Switch|p1a: Eelektross
|-resisted|p1a: Eelektross
|-damage|p1a: Eelektross|88/100
|
|t:|1781533411
|switch|p2a: Garganacl|Garganacl, M|100/100|[from] Volt Switch
|move|p1a: Eelektross|U-turn|p2a: Garganacl
|-damage|p2a: Garganacl|85/100
|
|t:|1781533413
|switch|p1a: Reuniclus|Reuniclus, F|100/100|[from] U-turn
|
|-heal|p2a: Garganacl|91/100|[from] item: Leftovers
|upkeep
|turn|2
|
|t:|1781533423
|move|p1a: Reuniclus|Future Sight|p2a: Garganacl
|-start|p1a: Reuniclus|move: Future Sight
|move|p2a: Garganacl|Salt Cure|p1a: Reuniclus
|-damage|p1a: Reuniclus|86/100
|-start|p1a: Reuniclus|Salt Cure
|
|-heal|p2a: Garganacl|97/100|[from] item: Leftovers
|-damage|p1a: Reuniclus|73/100|[from] Salt Cure
|upkeep
|turn|3
|
|t:|1781533435
|switch|p1a: Great Tusk|Great Tusk|100/100
|move|p2a: Garganacl|Stealth Rock|p1a: Great Tusk
|-sidestart|p1: Paper snakes|move: Stealth Rock
|
|-heal|p2a: Garganacl|100/100|[from] item: Leftovers
|upkeep
|turn|4
|
|t:|1781533452
|switch|p2a: Zapdos|Zapdos|100/100
|move|p1a: Great Tusk|Rapid Spin|p2a: Zapdos
|-damage|p2a: Zapdos|87/100
|-boost|p1a: Great Tusk|spe|1
|-sideend|p1: Paper snakes|Stealth Rock|[from] move: Rapid Spin|[of] p1a: Great Tusk
|
|-end|p2a: Zapdos|move: Future Sight
|-damage|p2a: Zapdos|37/100
|upkeep
|turn|5
|
|t:|1781533462
|move|p1a: Great Tusk|Stealth Rock|p2a: Zapdos
|-sidestart|p2: sparky1218|move: Stealth Rock
|move|p2a: Zapdos|Roost|p2a: Zapdos
|-heal|p2a: Zapdos|87/100
|-singleturn|p2a: Zapdos|move: Roost
|
|upkeep
|turn|6
|
|t:|1781533482
|-end|p1a: Great Tusk|Protosynthesis|[silent]
|switch|p1a: Reuniclus|Reuniclus, F|100/100
|move|p2a: Zapdos|Hurricane|p1a: Reuniclus|[miss]
|-miss|p2a: Zapdos|p1a: Reuniclus
|
|upkeep
|turn|7
|
|t:|1781533489
|move|p2a: Zapdos|Thunder Wave|p1a: Reuniclus
|-status|p1a: Reuniclus|par
|move|p1a: Reuniclus|Future Sight|p2a: Zapdos
|-start|p1a: Reuniclus|move: Future Sight
|
|upkeep
|turn|8
|
|t:|1781533506
|switch|p1a: Eelektross|Eelektross, M|88/100
|move|p2a: Zapdos|Hurricane|p1a: Eelektross
|-resisted|p1a: Eelektross
|-damage|p1a: Eelektross|70/100
|
|upkeep
|turn|9
|inactive|Paper snakes has 120 seconds left.
|
|t:|1781533535
|move|p2a: Zapdos|Roost|p2a: Zapdos
|-heal|p2a: Zapdos|100/100
|-singleturn|p2a: Zapdos|move: Roost
|move|p1a: Eelektross|Supercell Slam|p2a: Zapdos
|-resisted|p2a: Zapdos
|-damage|p2a: Zapdos|74/100
|
|-end|p2a: Zapdos|move: Future Sight
|-damage|p2a: Zapdos|25/100
|upkeep
|turn|10
|inactive|Paper snakes has 120 seconds left.
|
|t:|1781533548
|move|p2a: Zapdos|Roost|p2a: Zapdos
|-heal|p2a: Zapdos|75/100
|-singleturn|p2a: Zapdos|move: Roost
|move|p1a: Eelektross|U-turn|p2a: Zapdos
|-damage|p2a: Zapdos|51/100
|
|t:|1781533552
|switch|p1a: Reuniclus|Reuniclus, F|100/100 par|[from] U-turn
|
|upkeep
|turn|11
|
|t:|1781533557
|move|p2a: Zapdos|Roost|p2a: Zapdos
|-heal|p2a: Zapdos|100/100
|-singleturn|p2a: Zapdos|move: Roost
|move|p1a: Reuniclus|Future Sight|p2a: Zapdos
|-start|p1a: Reuniclus|move: Future Sight
|
|upkeep
|turn|12
|
|t:|1781533566
|switch|p1a: Eelektross|Eelektross, M|70/100
|move|p2a: Zapdos|Volt Switch|p1a: Eelektross
|-resisted|p1a: Eelektross
|-damage|p1a: Eelektross|57/100
|
|t:|1781533577
|switch|p2a: Garganacl|Garganacl, M|100/100|[from] Volt Switch
|-damage|p2a: Garganacl|88/100|[from] Stealth Rock
|
|-heal|p2a: Garganacl|94/100|[from] item: Leftovers
|upkeep
|turn|13
|
|t:|1781533601
|move|p1a: Eelektross|U-turn|p2a: Garganacl
|-damage|p2a: Garganacl|79/100
|
|t:|1781533603
|switch|p1a: Reuniclus|Reuniclus, F|100/100 par|[from] U-turn
|move|p2a: Garganacl|Recover|p2a: Garganacl
|-heal|p2a: Garganacl|100/100
|
|-end|p2a: Garganacl|move: Future Sight
|-damage|p2a: Garganacl|31/100
|-heal|p2a: Garganacl|37/100|[from] item: Leftovers
|upkeep
|turn|14
|inactive|Paper snakes has 120 seconds left.
|
|t:|1781533633
|move|p2a: Garganacl|Recover|p2a: Garganacl
|-heal|p2a: Garganacl|88/100
|move|p1a: Reuniclus|Focus Blast|p2a: Garganacl|[miss]
|-miss|p1a: Reuniclus|p2a: Garganacl
|
|-heal|p2a: Garganacl|94/100|[from] item: Leftovers
|upkeep
|turn|15
|inactive|Paper snakes has 120 seconds left.
|
|t:|1781533656
|switch|p2a: Primarina|Primarina, M|100/100
|-damage|p2a: Primarina|88/100|[from] Stealth Rock
|cant|p1a: Reuniclus|par
|
|upkeep
|turn|16
|inactive|Paper snakes has 120 seconds left.
|
|t:|1781533668
|switch|p1a: Eelektross|Eelektross, M|57/100
|move|p2a: Primarina|Surf|p1a: Eelektross
|-damage|p1a: Eelektross|14/100
|
|upkeep
|turn|17
|inactive|Paper snakes has 120 seconds left.
|
|t:|1781533683
|switch|p2a: Zapdos|Zapdos|100/100
|move|p1a: Eelektross|Supercell Slam|p2a: Zapdos
|-damage|p2a: Zapdos|45/100
|
|upkeep
|turn|18
|inactive|Paper snakes has 120 seconds left.
|
|t:|1781533690
|move|p2a: Zapdos|Roost|p2a: Zapdos
|-heal|p2a: Zapdos|96/100
|-singleturn|p2a: Zapdos|move: Roost
|move|p1a: Eelektross|U-turn|p2a: Zapdos
|-damage|p2a: Zapdos|72/100
|
|t:|1781533695
|switch|p1a: Reuniclus|Reuniclus, F|100/100 par|[from] U-turn
|
|upkeep
|turn|19
|
|t:|1781533703
|move|p2a: Zapdos|Roost|p2a: Zapdos
|-heal|p2a: Zapdos|100/100
|-singleturn|p2a: Zapdos|move: Roost
|move|p1a: Reuniclus|Future Sight|p2a: Zapdos
|-start|p1a: Reuniclus|move: Future Sight
|
|upkeep
|turn|20
|
|t:|1781533712
|switch|p1a: Eelektross|Eelektross, M|14/100
|move|p2a: Zapdos|Volt Switch|p1a: Eelektross
|-resisted|p1a: Eelektross
|-crit|p1a: Eelektross
|-damage|p1a: Eelektross|0 fnt
|faint|p1a: Eelektross
|
|t:|1781533721
|switch|p2a: Primarina|Primarina, M|88/100|[from] Volt Switch
|-damage|p2a: Primarina|76/100|[from] Stealth Rock
|
|upkeep
|
|t:|1781533729
|switch|p1a: Flamigo|Flamigo, M|100/100
|turn|21
|inactive|Paper snakes has 120 seconds left.
|inactive|Paper snakes has 90 seconds left.
|
|t:|1781533789
|move|p1a: Flamigo|Brave Bird|p2a: Primarina
|-damage|p2a: Primarina|17/100
|-damage|p1a: Flamigo|77/100|[from] Recoil
|move|p2a: Primarina|Draining Kiss|p1a: Flamigo
|-supereffective|p1a: Flamigo
|-damage|p1a: Flamigo|28/100
|-heal|p2a: Primarina|48/100|[from] drain|[of] p1a: Flamigo
|
|-end|p2a: Primarina|move: Future Sight
|-damage|p2a: Primarina|10/100
|upkeep
|turn|22
|inactive|Paper snakes has 90 seconds left.
|
|t:|1781533803
|switch|p2a: Zapdos|Zapdos|100/100
|move|p1a: Flamigo|U-turn|p2a: Zapdos
|-resisted|p2a: Zapdos
|-damage|p2a: Zapdos|91/100
|
|t:|1781533806
|switch|p1a: Reuniclus|Reuniclus, F|100/100 par|[from] U-turn
|
|upkeep
|turn|23
|
|t:|1781533815
|move|p2a: Zapdos|Hurricane|p1a: Reuniclus
|-damage|p1a: Reuniclus|55/100 par
|-start|p1a: Reuniclus|confusion
|-activate|p1a: Reuniclus|confusion
|-damage|p1a: Reuniclus|49/100 par|[from] confusion
|
|upkeep
|turn|24
|
|t:|1781533825
|move|p2a: Zapdos|Hurricane|p1a: Reuniclus|[miss]
|-miss|p2a: Zapdos|p1a: Reuniclus
|-activate|p1a: Reuniclus|confusion
|-damage|p1a: Reuniclus|44/100 par|[from] confusion
|
|upkeep
|turn|25
|
|t:|1781533832
|move|p2a: Zapdos|Hurricane|p1a: Reuniclus
|-damage|p1a: Reuniclus|0 fnt
|faint|p1a: Reuniclus
|
|upkeep
|-message|Paper snakes forfeited.
|
|win|sparky1218
|raw|Paper snakes's rating: 1525 &rarr; <strong>1509</strong><br />(-16 for losing)
|raw|sparky1218's rating: 1599 &rarr; <strong>1615</strong><br />(+16 for winning)
|l|☆Paper snakes
|player|p1|
|l|☆sparky1218
|player|p2|
