|j|☆tauros3
|j|‽v1n001
|t:|1781310289
|gametype|singles
|player|p1|tauros3|swimmer-gen4dp|1579
|player|p2|v1n001|266|1611
|gen|9
|tier|[Gen 9] OU
|rated|
|rule|HP Percentage Mod: HP is shown in percentages
|rule|Endless Battle Clause: Forcing endless battles is banned
|rule|Species Clause: Limit one of each Pokémon
|rule|OHKO Clause: OHKO moves are banned
|rule|Evasion Items Clause: Evasion items are banned
|rule|Evasion Moves Clause: Evasion moves are banned
|rule|Evasion Abilities Clause: Evasion abilities are banned
|rule|Sleep Moves Clause: Sleep-inducing moves are banned
|clearpoke
|poke|p1|Ninetales-Alola, F|
|poke|p1|Kyurem|
|poke|p1|Primeape, F|
|poke|p1|Ursaluna, F|
|poke|p1|Moltres-Galar|
|poke|p1|Hatterene, F|
|poke|p2|Raging Bolt|
|poke|p2|Alomomola, F|
|poke|p2|Ting-Lu|
|poke|p2|Weezing-Galar, F|
|poke|p2|Landorus-Therian, M|
|poke|p2|Ogerpon-Wellspring, F|
|teampreview
|inactive|Battle timer is ON: inactive players will automatically lose when time's up. (requested by v1n001)
|inactive|tauros3 also wants the timer to be on.
|
|t:|1781310301
|teamsize|p1|6
|teamsize|p2|6
|start
|switch|p1a: The Good Life|Ninetales-Alola, F|100/100
|switch|p2a: Raging Bolt|Raging Bolt|100/100
|-weather|Snowscape|[from] ability: Snow Warning|[of] p1a: The Good Life
|turn|1
|
|t:|1781310309
|move|p1a: The Good Life|Aurora Veil|p1a: The Good Life
|-sidestart|p1: tauros3|move: Aurora Veil
|move|p2a: Raging Bolt|Volt Switch|p1a: The Good Life
|-damage|p1a: The Good Life|68/100
|
|t:|1781310312
|-end|p2a: Raging Bolt|Protosynthesis|[silent]
|switch|p2a: Weezing|Weezing-Galar, F, shiny|100/100|[from] Volt Switch
|-ability|p2a: Weezing|Neutralizing Gas
|
|-weather|Snowscape|[upkeep]
|upkeep
|turn|2
|
|t:|1781310320
|switch|p1a: Why Bother?|Primeape, F|100/100
|move|p2a: Weezing|Defog|p1a: Why Bother?
|-unboost|p1a: Why Bother?|evasion|1
|-sideend|p1: tauros3|move: Aurora Veil
|
|-weather|Snowscape|[upkeep]
|upkeep
|turn|3
|
|t:|1781310325
|move|p1a: Why Bother?|Taunt|p2a: Weezing
|-start|p2a: Weezing|move: Taunt
|cant|p2a: Weezing|move: Taunt|Will-O-Wisp
|
|-weather|Snowscape|[upkeep]
|upkeep
|turn|4
|
|t:|1781310330
|-end|p2a: Weezing|ability: Neutralizing Gas
|switch|p2a: Raging Bolt|Raging Bolt|100/100
|move|p1a: Why Bother?|Bulk Up|p1a: Why Bother?
|-boost|p1a: Why Bother?|atk|1
|-boost|p1a: Why Bother?|def|1
|
|-weather|Snowscape|[upkeep]
|upkeep
|turn|5
|
|t:|1781310341
|move|p2a: Raging Bolt|Draco Meteor|p1a: Why Bother?
|-damage|p1a: Why Bother?|33/100
|-unboost|p2a: Raging Bolt|spa|2
|move|p1a: Why Bother?|Taunt|p2a: Raging Bolt
|-start|p2a: Raging Bolt|move: Taunt
|
|-weather|none
|upkeep
|turn|6
|
|t:|1781310350
|move|p2a: Raging Bolt|Draco Meteor|p1a: Why Bother?
|-damage|p1a: Why Bother?|0 fnt
|-unboost|p2a: Raging Bolt|spa|2
|faint|p1a: Why Bother?
|
|upkeep
|
|t:|1781310355
|switch|p1a: El Scorcho|Ursaluna, F|100/100
|turn|7
|
|t:|1781310358
|-end|p2a: Raging Bolt|Protosynthesis|[silent]
|switch|p2a: Landorus|Landorus-Therian, M, shiny|100/100
|-ability|p2a: Landorus|Intimidate|boost
|-unboost|p1a: El Scorcho|atk|1
|move|p1a: El Scorcho|Swords Dance|p1a: El Scorcho
|-boost|p1a: El Scorcho|atk|2
|
|-status|p1a: El Scorcho|brn|[from] item: Flame Orb
|upkeep
|turn|8
|
|t:|1781310361
|move|p2a: Landorus|U-turn|p1a: El Scorcho
|-damage|p1a: El Scorcho|80/100 brn
|
|t:|1781310367
|switch|p2a: Weezing|Weezing-Galar, F, shiny|100/100|[from] U-turn
|-ability|p2a: Weezing|Neutralizing Gas
|move|p1a: El Scorcho|Facade|p2a: Weezing
|-damage|p2a: Weezing|21/100
|
|-damage|p1a: El Scorcho|74/100 brn|[from] brn
|upkeep
|turn|9
|
|t:|1781310371
|move|p2a: Weezing|Pain Split|p1a: El Scorcho
|-sethp|p1a: El Scorcho|45/100 brn|[from] move: Pain Split|[silent]
|-sethp|p2a: Weezing|62/100|[from] move: Pain Split
|move|p1a: El Scorcho|Facade|p2a: Weezing
|-damage|p2a: Weezing|0 fnt
|faint|p2a: Weezing
|-end|p2a: Weezing|ability: Neutralizing Gas
|
|-damage|p1a: El Scorcho|39/100 brn|[from] brn
|upkeep
|
|t:|1781310379
|switch|p2a: Ogerpon|Ogerpon-Wellspring, F|100/100
|turn|10
|
|t:|1781310383
|move|p2a: Ogerpon|Ivy Cudgel|p1a: El Scorcho|[anim] Ivy Cudgel Water
|-supereffective|p1a: El Scorcho
|-damage|p1a: El Scorcho|0 fnt
|faint|p1a: El Scorcho
|
|upkeep
|
|t:|1781310386
|switch|p1a: The Good Life|Ninetales-Alola, F|68/100
|-weather|Snowscape|[from] ability: Snow Warning|[of] p1a: The Good Life
|turn|11
|
|t:|1781310395
|-terastallize|p2a: Ogerpon|Water
|detailschange|p2a: Ogerpon|Ogerpon-Wellspring-Tera, F, tera:Water
|-ability|p2a: Ogerpon|Embody Aspect (Wellspring)|boost
|-boost|p2a: Ogerpon|spd|1
|move|p2a: Ogerpon|Ivy Cudgel|p1a: The Good Life|[anim] Ivy Cudgel Water
|-damage|p1a: The Good Life|0 fnt
|faint|p1a: The Good Life
|
|-weather|Snowscape|[upkeep]
|upkeep
|
|t:|1781310403
|switch|p1a: Getchoo|Kyurem|100/100
|-ability|p1a: Getchoo|Pressure
|turn|12
|
|t:|1781310406
|move|p2a: Ogerpon|Knock Off|p1a: Getchoo
|-damage|p1a: Getchoo|72/100
|-enditem|p1a: Getchoo|Loaded Dice|[from] move: Knock Off|[of] p2a: Ogerpon
|move|p1a: Getchoo|Dragon Dance|p1a: Getchoo
|-boost|p1a: Getchoo|atk|1
|-boost|p1a: Getchoo|spe|1
|
|-weather|Snowscape|[upkeep]
|upkeep
|turn|13
|
|t:|1781310411
|move|p1a: Getchoo|Dragon Dance|p1a: Getchoo
|-boost|p1a: Getchoo|atk|1
|-boost|p1a: Getchoo|spe|1
|move|p2a: Ogerpon|Ivy Cudgel|p1a: Getchoo|[anim] Ivy Cudgel Water
|-resisted|p1a: Getchoo
|-crit|p1a: Getchoo
|-damage|p1a: Getchoo|29/100
|
|-weather|Snowscape|[upkeep]
|upkeep
|turn|14
|
|t:|1781310416
|move|p1a: Getchoo|Scale Shot|p2a: Ogerpon
|-damage|p2a: Ogerpon|60/100
|-damage|p2a: Ogerpon|25/100
|-hitcount|p2a: Ogerpon|2
|-unboost|p1a: Getchoo|def|1
|-boost|p1a: Getchoo|spe|1
|move|p2a: Ogerpon|Ivy Cudgel|p1a: Getchoo|[anim] Ivy Cudgel Water
|-resisted|p1a: Getchoo
|-damage|p1a: Getchoo|0 fnt
|faint|p1a: Getchoo
|
|-weather|Snowscape|[upkeep]
|upkeep
|-message|tauros3 forfeited.
|
|win|v1n001
|raw|tauros3's rating: 1579 &rarr; <strong>1561</strong><br />(-18 for losing)
|raw|v1n001's rating: 1611 &rarr; <strong>1629</strong><br />(+18 for winning)
|l|☆tauros3
|player|p1|
|l|‽v1n001
|player|p2|
