|j|☆n5v
|j|☆remove sun teams
|t:|1781207884
|gametype|singles
|player|p1|n5v|leon-masters|1727
|player|p2|remove sun teams|miku-psychic|1750
|gen|9
|tier|[Gen 9] OU
|rated|
|rule|HP Percentage Mod: HP is shown in percentages
|rule|Endless Battle Clause: Forcing endless battles is banned
|rule|Species Clause: Limit one of each Pokémon
|rule|OHKO Clause: OHKO moves are banned
|rule|Evasion Items Clause: Evasion items are banned
|rule|Evasion Moves Clause: Evasion moves are banned
|rule|Evasion Abilities Clause: Evasion abilities are banned
|rule|Sleep Moves Clause: Sleep-inducing moves are banned
|clearpoke
|poke|p1|Araquanid, F|
|poke|p1|Gholdengo|
|poke|p1|Iron Moth|
|poke|p1|Iron Valiant|
|poke|p1|Raging Bolt|
|poke|p1|Kingambit, F|
|poke|p2|Hoopa-Unbound|
|poke|p2|Pecharunt|
|poke|p2|Landorus-Therian, M|
|poke|p2|Cinderace, M|
|poke|p2|Alomomola, M|
|poke|p2|Iron Valiant|
|teampreview
|c|☆n5v|glhf
|j| Professor Rai
|inactive|Battle timer is ON: inactive players will automatically lose when time's up. (requested by n5v)
|
|t:|1781207899
|teamsize|p1|6
|teamsize|p2|6
|start
|switch|p1a: QUIL|Araquanid, F|100/100
|switch|p2a: Khaos|Hoopa-Unbound|100/100
|turn|1
|c|☆remove sun teams|hf
|inactive|remove sun teams also wants the timer to be on.
|
|t:|1781207913
|move|p2a: Khaos|Hyperspace Fury|p1a: QUIL
|-damage|p1a: QUIL|7/100
|-unboost|p2a: Khaos|def|1
|move|p1a: QUIL|Lunge|p2a: Khaos
|-supereffective|p2a: Khaos
|-damage|p2a: Khaos|0 fnt
|faint|p2a: Khaos
|
|upkeep
|c|☆remove sun teams|so like
|
|t:|1781207928
|switch|p2a: Pisces|Alomomola, M, shiny|100/100
|turn|2
|c|☆remove sun teams|nice 3c
|-enditem|p1a: QUIL|Custap Berry|[eat]
|-activate|p1a: QUIL|item: Custap Berry|[consumed]
|
|t:|1781207942
|move|p1a: QUIL|Endeavor|p2a: Pisces
|-damage|p2a: Pisces|4/100
|move|p2a: Pisces|Flip Turn|p1a: QUIL
|-resisted|p1a: QUIL
|-damage|p1a: QUIL|0 fnt
|faint|p1a: QUIL
|
|t:|1781207956
|switch|p2a: Enten|Landorus-Therian, M, shiny|100/100|[from] Flip Turn
|
|upkeep
|inactive|n5v has 120 seconds left.
|
|t:|1781207994
|switch|p1a: TREE?|Gholdengo|100/100
|-item|p1a: TREE?|Air Balloon
|turn|3
|
|t:|1781208007
|move|p2a: Enten|U-turn|p1a: TREE?
|-resisted|p1a: TREE?
|-damage|p1a: TREE?|93/100
|-enditem|p1a: TREE?|Air Balloon
|
|t:|1781208021
|switch|p2a: Liberacy|Cinderace, M, shiny|100/100|[from] U-turn
|move|p1a: TREE?|Shadow Ball|p2a: Liberacy
|-damage|p2a: Liberacy|42/100
|-unboost|p2a: Liberacy|spd|1
|
|upkeep
|turn|4
|
|t:|1781208036
|switch|p1a: DELI|Raging Bolt|100/100
|-enditem|p1a: DELI|Booster Energy
|-activate|p1a: DELI|ability: Protosynthesis|[fromitem]
|-start|p1a: DELI|protosynthesisspa
|move|p2a: Liberacy|Pyro Ball|p1a: DELI
|-resisted|p1a: DELI
|-damage|p1a: DELI|74/100
|
|upkeep
|turn|5
|
|t:|1781208052
|move|p2a: Liberacy|U-turn|p1a: DELI
|-start|p2a: Liberacy|typechange|Bug|[from] ability: Libero
|-damage|p1a: DELI|46/100
|inactive|remove sun teams has 120 seconds left.
|
|t:|1781208066
|switch|p2a: Enten|Landorus-Therian, M, shiny|100/100|[from] U-turn
|-ability|p2a: Enten|Intimidate|boost
|-unboost|p1a: DELI|atk|1
|move|p1a: DELI|Calm Mind|p1a: DELI
|-boost|p1a: DELI|spa|1
|-boost|p1a: DELI|spd|1
|
|upkeep
|turn|6
|inactive|remove sun teams has 120 seconds left.
|inactive|n5v has 120 seconds left.
|
|t:|1781208119
|-end|p1a: DELI|Protosynthesis|[silent]
|switch|p1a: SUPA|Kingambit, F|100/100
|-activate|p1a: SUPA|ability: Supreme Overlord
|-start|p1a: SUPA|fallen1|[silent]
|-item|p1a: SUPA|Air Balloon
|move|p2a: Enten|U-turn|p1a: SUPA
|-crit|p1a: SUPA
|-damage|p1a: SUPA|67/100
|-enditem|p1a: SUPA|Air Balloon
|inactive|remove sun teams has 120 seconds left.
|c|☆n5v|wp
|
|t:|1781208134
|switch|p2a: Pisces|Alomomola, M, shiny|38/100|[from] U-turn
|
|upkeep
|turn|7
|inactive|n5v has 90 seconds left.
|
|t:|1781208161
|move|p1a: SUPA|Swords Dance|p1a: SUPA
|-boost|p1a: SUPA|atk|2
|move|p2a: Pisces|Flip Turn|p1a: SUPA
|-damage|p1a: SUPA|52/100
|
|t:|1781208176
|switch|p2a: Calamity|Iron Valiant, shiny|100/100|[from] Flip Turn
|
|upkeep
|turn|8
|
|t:|1781208189
|-terastallize|p1a: SUPA|Ghost
|move|p2a: Calamity|Moonblast|p1a: SUPA
|-damage|p1a: SUPA|0 fnt
|faint|p1a: SUPA
|-end|p1a: SUPA|fallen1|[silent]
|
|upkeep
|c| Professor Rai|?
|inactive|n5v has 90 seconds left.
|c| Professor Rai|what was that
|c|☆n5v|roll
|c|☆n5v|to kill
|c|☆n5v|wait fck its specs
|c|☆n5v|im ass
|c|☆remove sun teams|i dont think
|
|t:|1781208212
|switch|p1a: CALA|Iron Moth|100/100
|-enditem|p1a: CALA|Booster Energy
|-activate|p1a: CALA|ability: Quark Drive|[fromitem]
|-start|p1a: CALA|quarkdrivespa
|turn|9
|c| Professor Rai|no booster usually means specs
|c|☆remove sun teams|that was a good roll
|c|☆n5v|it was 58% on booster
|
|t:|1781208232
|-end|p2a: Calamity|Quark Drive|[silent]
|switch|p2a: Pisces|Alomomola, M, shiny|71/100
|move|p1a: CALA|Fiery Dance|p2a: Pisces
|-resisted|p2a: Pisces
|-damage|p2a: Pisces|54/100
|-boost|p1a: CALA|spa|1
|
|upkeep
|turn|10
|c| Professor Rai|specs is 1.5x
|c| Professor Rai|booster is 1.3x
|c|☆n5v|Yeah ik
|
|t:|1781208246
|move|p1a: CALA|Sludge Wave|p2a: Pisces
|-damage|p2a: Pisces|0 fnt
|faint|p2a: Pisces
|
|upkeep
|c|☆n5v|I didnt take into account specs
|
|t:|1781208260
|switch|p2a: Enten|Landorus-Therian, M, shiny|100/100
|-ability|p2a: Enten|Intimidate|boost
|-unboost|p1a: CALA|atk|1
|turn|11
|c|☆remove sun teams|yea i agree
|inactive|n5v has 90 seconds left.
|c|☆n5v|I've seen this team so many times but ion have a paste sadly
|
|t:|1781208281
|move|p2a: Enten|Earthquake|p1a: CALA
|-supereffective|p1a: CALA
|-damage|p1a: CALA|0 fnt
|faint|p1a: CALA
|-end|p1a: CALA|Quark Drive|[silent]
|
|upkeep
|c|☆remove sun teams|thats interesting
|j| losts0ulsmc
|
|t:|1781208294
|switch|p1a: QUZZ|Iron Valiant|100/100
|-enditem|p1a: QUZZ|Booster Energy
|-activate|p1a: QUZZ|ability: Quark Drive|[fromitem]
|-start|p1a: QUZZ|quarkdrivespa
|turn|12
|n|☆remove sun teams|removesunteams
|
|t:|1781208307
|-terastallize|p2a: Enten|Ground
|move|p2a: Enten|Earthquake|p1a: QUZZ
|-damage|p1a: QUZZ|4/100
|move|p1a: QUZZ|Moonblast|p2a: Enten
|-damage|p2a: Enten|8/100
|-unboost|p2a: Enten|spa|1
|
|upkeep
|turn|13
|inactive|n5v has 90 seconds left.
|c|☆remove sun teams|ehhhh
|
|t:|1781208321
|move|p1a: QUZZ|Vacuum Wave|p2a: Enten
|-damage|p2a: Enten|0 fnt
|faint|p2a: Enten
|
|upkeep
|
|t:|1781208335
|switch|p2a: Liberacy|Cinderace, M, shiny|42/100
|turn|14
|
|t:|1781208348
|-end|p1a: QUZZ|Quark Drive|[silent]
|switch|p1a: DELI|Raging Bolt|46/100
|move|p2a: Liberacy|U-turn|p1a: DELI
|-start|p2a: Liberacy|typechange|Bug|[from] ability: Libero
|-damage|p1a: DELI|16/100
|
|t:|1781208361
|switch|p2a: Calamity|Iron Valiant, shiny|100/100|[from] U-turn
|
|upkeep
|turn|15
|
|t:|1781208374
|move|p1a: DELI|Thunderclap|p2a: Calamity
|-damage|p2a: Calamity|27/100
|move|p2a: Calamity|Shadow Ball|p1a: DELI
|-damage|p1a: DELI|0 fnt
|faint|p1a: DELI
|-end|p1a: DELI|Protosynthesis|[silent]
|
|upkeep
|c|☆n5v|ggs
|
|t:|1781208387
|switch|p1a: TREE?|Gholdengo|93/100
|turn|16
|
|t:|1781208392
|move|p2a: Calamity|Shadow Ball|p1a: TREE?
|-supereffective|p1a: TREE?
|-damage|p1a: TREE?|0 fnt
|faint|p1a: TREE?
|
|upkeep
|
|t:|1781208395
|switch|p1a: QUZZ|Iron Valiant|4/100
|turn|17
|
|t:|1781208397
|move|p1a: QUZZ|Vacuum Wave|p2a: Calamity
|-resisted|p2a: Calamity
|-damage|p2a: Calamity|10/100
|move|p2a: Calamity|Shadow Ball|p1a: QUZZ
|-damage|p1a: QUZZ|0 fnt
|faint|p1a: QUZZ
|-end|p1a: QUZZ|Quark Drive|[silent]
|
|win|remove sun teams
|raw|n5v's rating: 1727 &rarr; <strong>1708</strong><br />(-19 for losing)
|raw|remove sun teams's rating: 1750 &rarr; <strong>1769</strong><br />(+19 for winning)
|l| losts0ulsmc
|c|☆remove sun teams|gg
|l|☆n5v
|player|p1|
|l| Professor Rai
|c|☆remove sun teams|gg
