|j|☆power of sound
|j|☆Joltinjoe18
|t:|1781118991
|gametype|singles
|player|p1|power of sound|2|1722
|player|p2|Joltinjoe18|169|1748
|gen|9
|tier|[Gen 9] OU
|rated|
|rule|HP Percentage Mod: HP is shown in percentages
|rule|Endless Battle Clause: Forcing endless battles is banned
|rule|Species Clause: Limit one of each Pokémon
|rule|OHKO Clause: OHKO moves are banned
|rule|Evasion Items Clause: Evasion items are banned
|rule|Evasion Moves Clause: Evasion moves are banned
|rule|Evasion Abilities Clause: Evasion abilities are banned
|rule|Sleep Moves Clause: Sleep-inducing moves are banned
|clearpoke
|poke|p1|Gliscor, M|
|poke|p1|Blissey, F|
|poke|p1|Clodsire, M|
|poke|p1|Clefable, F|
|poke|p1|Pecharunt|
|poke|p1|Skarmory, F|
|poke|p2|Poliwrath, F|
|poke|p2|Politoed, M|
|poke|p2|Corviknight, M|
|poke|p2|Ting-Lu|
|poke|p2|Basculegion, M|
|poke|p2|Zapdos|
|teampreview
|j| silver jay#2240
|j| testingrainteam1
|j| unwashednuts
|
|t:|1781119019
|teamsize|p1|6
|teamsize|p2|6
|start
|switch|p1a: Blissey|Blissey, F|100/100
|switch|p2a: Frog Gaming|Politoed, M|100/100
|-weather|RainDance|[from] ability: Drizzle|[of] p2a: Frog Gaming
|turn|1
|l| testingrainteam1
|
|t:|1781119028
|switch|p2a: his cousin|Poliwrath, F|100/100
|move|p1a: Blissey|Stealth Rock|p2a: his cousin
|-sidestart|p2: Joltinjoe18|move: Stealth Rock
|
|-weather|RainDance|[upkeep]
|upkeep
|turn|2
|
|t:|1781119066
|switch|p1a: Pecharunt|Pecharunt|100/100
|move|p2a: his cousin|Bulk Up|p2a: his cousin
|-boost|p2a: his cousin|atk|1
|-boost|p2a: his cousin|def|1
|
|-weather|RainDance|[upkeep]
|upkeep
|turn|3
|c| silver jay#2240|100 tunrs over or under
|
|t:|1781119077
|move|p2a: his cousin|Earthquake|p1a: Pecharunt
|-supereffective|p1a: Pecharunt
|-damage|p1a: Pecharunt|40/100
|-damage|p2a: his cousin|91/100|[from] item: Life Orb
|move|p1a: Pecharunt|Toxic|p2a: his cousin
|-status|p2a: his cousin|tox
|-start|p2a: his cousin|confusion|[from] ability: Poison Puppeteer|[of] p1a: Pecharunt
|
|-weather|RainDance|[upkeep]
|-damage|p2a: his cousin|84/100 tox|[from] psn
|upkeep
|turn|4
|
|t:|1781119088
|-activate|p2a: his cousin|confusion
|move|p2a: his cousin|Liquidation|p1a: Pecharunt
|-damage|p1a: Pecharunt|0 fnt
|faint|p1a: Pecharunt
|-damage|p2a: his cousin|74/100 tox|[from] item: Life Orb
|
|-weather|RainDance|[upkeep]
|-damage|p2a: his cousin|62/100 tox|[from] psn
|upkeep
|
|t:|1781119096
|switch|p1a: Skarmory|Skarmory, F|100/100
|turn|5
|
|t:|1781119104
|switch|p2a: Corviknight|Corviknight, M|100/100
|-damage|p2a: Corviknight|88/100|[from] Stealth Rock
|-ability|p2a: Corviknight|Pressure
|move|p1a: Skarmory|Iron Defense|p1a: Skarmory
|-boost|p1a: Skarmory|def|2
|
|-weather|RainDance|[upkeep]
|-heal|p2a: Corviknight|94/100|[from] item: Leftovers
|upkeep
|turn|6
|
|t:|1781119109
|move|p1a: Skarmory|Spikes|p2a: Corviknight
|-sidestart|p2: Joltinjoe18|Spikes
|move|p2a: Corviknight|Defog|p1a: Skarmory
|-unboost|p1a: Skarmory|evasion|1
|-sideend|p2: Joltinjoe18|Spikes|[from] move: Defog|[of] p2a: Corviknight
|-sideend|p2: Joltinjoe18|Stealth Rock|[from] move: Defog|[of] p2a: Corviknight
|
|-weather|RainDance|[upkeep]
|-heal|p2a: Corviknight|99/100|[from] item: Leftovers
|upkeep
|turn|7
|
|t:|1781119112
|switch|p2a: Zapdos|Zapdos|100/100
|move|p1a: Skarmory|Spikes|p2a: Zapdos
|-sidestart|p2: Joltinjoe18|Spikes
|
|-weather|RainDance|[upkeep]
|upkeep
|turn|8
|
|t:|1781119116
|switch|p1a: Blissey|Blissey, F|100/100
|move|p2a: Zapdos|Volt Switch|p1a: Blissey
|-damage|p1a: Blissey|86/100
|
|t:|1781119120
|switch|p2a: Corviknight|Corviknight, M|99/100|[from] Volt Switch
|-ability|p2a: Corviknight|Pressure
|
|-weather|none
|-heal|p2a: Corviknight|100/100|[from] item: Leftovers
|upkeep
|turn|9
|
|t:|1781119123
|switch|p1a: Gliscor|Gliscor, M|100/100
|move|p2a: Corviknight|Defog|p1a: Gliscor
|-unboost|p1a: Gliscor|evasion|1
|-sideend|p2: Joltinjoe18|Spikes|[from] move: Defog|[of] p2a: Corviknight
|
|-status|p1a: Gliscor|tox|[from] item: Toxic Orb
|upkeep
|turn|10
|
|t:|1781119126
|move|p1a: Gliscor|Knock Off|p2a: Corviknight
|-damage|p2a: Corviknight|85/100
|-enditem|p2a: Corviknight|Leftovers|[from] move: Knock Off|[of] p1a: Gliscor
|move|p2a: Corviknight|U-turn|p1a: Gliscor
|-resisted|p1a: Gliscor
|-damage|p1a: Gliscor|95/100 tox
|
|t:|1781119129
|switch|p2a: Frog Gaming|Politoed, M|100/100|[from] U-turn
|-weather|RainDance|[from] ability: Drizzle|[of] p2a: Frog Gaming
|
|-weather|RainDance|[upkeep]
|-heal|p1a: Gliscor|100/100 tox|[from] ability: Poison Heal
|upkeep
|turn|11
|
|t:|1781119135
|switch|p2a: Basculegion|Basculegion, M|100/100
|move|p1a: Gliscor|Knock Off|p2a: Basculegion
|-supereffective|p2a: Basculegion
|-damage|p2a: Basculegion|51/100
|-enditem|p2a: Basculegion|Choice Band|[from] move: Knock Off|[of] p1a: Gliscor
|
|-weather|RainDance|[upkeep]
|upkeep
|turn|12
|
|t:|1781119143
|move|p1a: Gliscor|Protect|p1a: Gliscor
|-singleturn|p1a: Gliscor|Protect
|move|p2a: Basculegion|Flip Turn|p1a: Gliscor
|-activate|p1a: Gliscor|move: Protect
|
|-weather|RainDance|[upkeep]
|upkeep
|turn|13
|
|t:|1781119162
|-terastallize|p1a: Gliscor|Normal
|move|p2a: Basculegion|Flip Turn|p1a: Gliscor
|-damage|p1a: Gliscor|68/100 tox
|
|t:|1781119167
|switch|p2a: Zapdos|Zapdos|100/100|[from] Flip Turn
|move|p1a: Gliscor|Knock Off|p2a: Zapdos
|-damage|p2a: Zapdos|73/100
|-enditem|p2a: Zapdos|Choice Specs|[from] move: Knock Off|[of] p1a: Gliscor
|
|-weather|RainDance|[upkeep]
|-heal|p1a: Gliscor|80/100 tox|[from] ability: Poison Heal
|upkeep
|turn|14
|
|t:|1781119171
|move|p1a: Gliscor|Protect|p1a: Gliscor
|-singleturn|p1a: Gliscor|Protect
|move|p2a: Zapdos|Volt Switch|p1a: Gliscor
|-activate|p1a: Gliscor|move: Protect
|
|-weather|RainDance|[upkeep]
|-heal|p1a: Gliscor|93/100 tox|[from] ability: Poison Heal
|upkeep
|turn|15
|
|t:|1781119182
|move|p2a: Zapdos|Hurricane|p1a: Gliscor
|-damage|p1a: Gliscor|46/100 tox
|-start|p1a: Gliscor|confusion
|-activate|p1a: Gliscor|confusion
|move|p1a: Gliscor|Facade|p2a: Zapdos
|-damage|p2a: Zapdos|17/100
|
|-weather|RainDance|[upkeep]
|-heal|p1a: Gliscor|58/100 tox|[from] ability: Poison Heal
|upkeep
|turn|16
|
|t:|1781119193
|-activate|p1a: Gliscor|confusion
|move|p1a: Gliscor|Protect|p1a: Gliscor
|-singleturn|p1a: Gliscor|Protect
|move|p2a: Zapdos|Volt Switch|p1a: Gliscor
|-activate|p1a: Gliscor|move: Protect
|
|-weather|RainDance|[upkeep]
|-heal|p1a: Gliscor|71/100 tox|[from] ability: Poison Heal
|upkeep
|turn|17
|
|t:|1781119199
|switch|p1a: Clodsire|Clodsire, M|100/100
|move|p2a: Zapdos|Volt Switch|p1a: Clodsire
|-immune|p1a: Clodsire
|
|-weather|none
|upkeep
|turn|18
|
|t:|1781119206
|switch|p1a: Gliscor|Gliscor, M, tera:Normal|71/100 tox
|move|p2a: Zapdos|Volt Switch|p1a: Gliscor
|-damage|p1a: Gliscor|38/100 tox
|
|t:|1781119215
|switch|p2a: Frog Gaming|Politoed, M|100/100|[from] Volt Switch
|-weather|RainDance|[from] ability: Drizzle|[of] p2a: Frog Gaming
|
|-weather|RainDance|[upkeep]
|-heal|p1a: Gliscor|50/100 tox|[from] ability: Poison Heal
|upkeep
|turn|19
|
|t:|1781119221
|move|p2a: Frog Gaming|Surf|p1a: Gliscor
|-damage|p1a: Gliscor|7/100 tox
|move|p1a: Gliscor|Knock Off|p2a: Frog Gaming
|-damage|p2a: Frog Gaming|73/100
|-enditem|p2a: Frog Gaming|Damp Rock|[from] move: Knock Off|[of] p1a: Gliscor
|
|-weather|RainDance|[upkeep]
|-heal|p1a: Gliscor|20/100 tox|[from] ability: Poison Heal
|upkeep
|turn|20
|
|t:|1781119227
|move|p1a: Gliscor|Protect|p1a: Gliscor
|-singleturn|p1a: Gliscor|Protect
|move|p2a: Frog Gaming|Surf|p1a: Gliscor
|-activate|p1a: Gliscor|move: Protect
|
|-weather|RainDance|[upkeep]
|-heal|p1a: Gliscor|32/100 tox|[from] ability: Poison Heal
|upkeep
|turn|21
|
|t:|1781119232
|switch|p2a: Basculegion|Basculegion, M|51/100
|switch|p1a: Blissey|Blissey, F|86/100
|
|-weather|RainDance|[upkeep]
|upkeep
|turn|22
|
|t:|1781119235
|switch|p1a: Skarmory|Skarmory, F|100/100
|-terastallize|p2a: Basculegion|Water
|move|p2a: Basculegion|Flip Turn|p1a: Skarmory
|-damage|p1a: Skarmory|67/100
|-damage|p2a: Basculegion|34/100|[from] item: Rocky Helmet|[of] p1a: Skarmory
|
|t:|1781119243
|switch|p2a: Zapdos|Zapdos|17/100|[from] Flip Turn
|
|-weather|RainDance|[upkeep]
|upkeep
|turn|23
|
|t:|1781119248
|switch|p1a: Blissey|Blissey, F|86/100
|move|p2a: Zapdos|Volt Switch|p1a: Blissey
|-damage|p1a: Blissey|75/100
|
|t:|1781119250
|switch|p2a: Basculegion|Basculegion, M, tera:Water|34/100|[from] Volt Switch
|
|-weather|RainDance|[upkeep]
|upkeep
|turn|24
|
|t:|1781119253
|switch|p1a: Skarmory|Skarmory, F|67/100
|move|p2a: Basculegion|Flip Turn|p1a: Skarmory
|-damage|p1a: Skarmory|32/100
|-damage|p2a: Basculegion|18/100|[from] item: Rocky Helmet|[of] p1a: Skarmory
|
|t:|1781119255
|switch|p2a: Zapdos|Zapdos|17/100|[from] Flip Turn
|
|-weather|RainDance|[upkeep]
|upkeep
|turn|25
|
|t:|1781119258
|switch|p1a: Clodsire|Clodsire, M|100/100
|move|p2a: Zapdos|Volt Switch|p1a: Clodsire
|-immune|p1a: Clodsire
|
|-weather|none
|upkeep
|turn|26
|
|t:|1781119261
|switch|p2a: Frog Gaming|Politoed, M|73/100
|-weather|RainDance|[from] ability: Drizzle|[of] p2a: Frog Gaming
|move|p1a: Clodsire|Toxic|p2a: Frog Gaming
|-status|p2a: Frog Gaming|tox
|
|-weather|RainDance|[upkeep]
|-damage|p2a: Frog Gaming|67/100 tox|[from] psn
|upkeep
|turn|27
|
|t:|1781119265
|switch|p1a: Blissey|Blissey, F|75/100
|move|p2a: Frog Gaming|Surf|p1a: Blissey
|-damage|p1a: Blissey|58/100
|
|-weather|RainDance|[upkeep]
|-damage|p2a: Frog Gaming|54/100 tox|[from] psn
|upkeep
|turn|28
|
|t:|1781119270
|switch|p2a: Basculegion|Basculegion, M, tera:Water|18/100
|move|p1a: Blissey|Soft-Boiled|p1a: Blissey
|-heal|p1a: Blissey|100/100
|
|-weather|RainDance|[upkeep]
|upkeep
|turn|29
|l| silver jay#2240
|
|t:|1781119278
|move|p2a: Basculegion|Flip Turn|p1a: Blissey
|-damage|p1a: Blissey|39/100
|
|t:|1781119281
|switch|p2a: his cousin|Poliwrath, F|62/100 tox|[from] Flip Turn
|move|p1a: Blissey|Stealth Rock|p2a: his cousin
|-sidestart|p2: Joltinjoe18|move: Stealth Rock
|
|-weather|RainDance|[upkeep]
|-damage|p2a: his cousin|56/100 tox|[from] psn
|upkeep
|turn|30
|
|t:|1781119289
|switch|p1a: Skarmory|Skarmory, F|32/100
|move|p2a: his cousin|Liquidation|p1a: Skarmory
|-damage|p1a: Skarmory|0 fnt
|-damage|p2a: his cousin|39/100 tox|[from] item: Rocky Helmet|[of] p1a: Skarmory
|faint|p1a: Skarmory
|-damage|p2a: his cousin|29/100 tox|[from] item: Life Orb
|
|-weather|none
|-damage|p2a: his cousin|17/100 tox|[from] psn
|upkeep
|
|t:|1781119304
|switch|p1a: Gliscor|Gliscor, M, tera:Normal|32/100 tox
|turn|31
|
|t:|1781119310
|switch|p2a: Corviknight|Corviknight, M|85/100
|-damage|p2a: Corviknight|73/100|[from] Stealth Rock
|-ability|p2a: Corviknight|Pressure
|move|p1a: Gliscor|Swords Dance|p1a: Gliscor
|-boost|p1a: Gliscor|atk|2
|
|-heal|p1a: Gliscor|45/100 tox|[from] ability: Poison Heal
|upkeep
|turn|32
|
|t:|1781119317
|move|p1a: Gliscor|Swords Dance|p1a: Gliscor
|-boost|p1a: Gliscor|atk|2
|move|p2a: Corviknight|Defog|p1a: Gliscor
|-unboost|p1a: Gliscor|evasion|1
|-sideend|p2: Joltinjoe18|Stealth Rock|[from] move: Defog|[of] p2a: Corviknight
|
|-heal|p1a: Gliscor|57/100 tox|[from] ability: Poison Heal
|upkeep
|turn|33
|
|t:|1781119321
|move|p1a: Gliscor|Protect|p1a: Gliscor
|-singleturn|p1a: Gliscor|Protect
|move|p2a: Corviknight|U-turn|p1a: Gliscor
|-activate|p1a: Gliscor|move: Protect
|
|-heal|p1a: Gliscor|70/100 tox|[from] ability: Poison Heal
|upkeep
|turn|34
|
|t:|1781119325
|move|p1a: Gliscor|Facade|p2a: Corviknight
|-resisted|p2a: Corviknight
|-damage|p2a: Corviknight|22/100
|move|p2a: Corviknight|U-turn|p1a: Gliscor
|-damage|p1a: Gliscor|57/100 tox
|
|t:|1781119340
|switch|p2a: Ting-Lu|Ting-Lu|100/100|[from] U-turn
|-ability|p2a: Ting-Lu|Vessel of Ruin
|
|-heal|p1a: Gliscor|70/100 tox|[from] ability: Poison Heal
|upkeep
|turn|35
|
|t:|1781119344
|move|p1a: Gliscor|Facade|p2a: Ting-Lu
|-damage|p2a: Ting-Lu|27/100
|move|p2a: Ting-Lu|Whirlwind|p1a: Gliscor
|drag|p1a: Clefable|Clefable, F|100/100
|
|-heal|p2a: Ting-Lu|33/100|[from] item: Leftovers
|upkeep
|turn|36
|
|t:|1781119354
|move|p1a: Clefable|Moonblast|p2a: Ting-Lu
|-supereffective|p2a: Ting-Lu
|-damage|p2a: Ting-Lu|6/100
|move|p2a: Ting-Lu|Stealth Rock|p1a: Clefable
|-sidestart|p1: power of sound|move: Stealth Rock
|
|-heal|p2a: Ting-Lu|13/100|[from] item: Leftovers
|upkeep
|turn|37
|
|t:|1781119358
|move|p1a: Clefable|Moonblast|p2a: Ting-Lu
|-supereffective|p2a: Ting-Lu
|-damage|p2a: Ting-Lu|0 fnt
|faint|p2a: Ting-Lu
|
|upkeep
|
|t:|1781119362
|switch|p2a: Corviknight|Corviknight, M|22/100
|-ability|p2a: Corviknight|Pressure
|turn|38
|
|t:|1781119367
|move|p2a: Corviknight|Roost|p2a: Corviknight
|-heal|p2a: Corviknight|72/100
|-singleturn|p2a: Corviknight|move: Roost
|move|p1a: Clefable|Thunder Wave|p2a: Corviknight
|-status|p2a: Corviknight|par
|
|upkeep
|turn|39
|
|t:|1781119373
|switch|p1a: Gliscor|Gliscor, M, tera:Normal|70/100 tox
|-damage|p1a: Gliscor|57/100 tox|[from] Stealth Rock
|cant|p2a: Corviknight|par
|
|-heal|p1a: Gliscor|70/100 tox|[from] ability: Poison Heal
|upkeep
|turn|40
|
|t:|1781119377
|switch|p2a: Frog Gaming|Politoed, M|54/100 tox
|-weather|RainDance|[from] ability: Drizzle|[of] p2a: Frog Gaming
|move|p1a: Gliscor|Protect||[still]
|-fail|p1a: Gliscor
|
|-weather|RainDance|[upkeep]
|-damage|p2a: Frog Gaming|48/100 tox|[from] psn
|-heal|p1a: Gliscor|82/100 tox|[from] ability: Poison Heal
|upkeep
|turn|41
|
|t:|1781119380
|switch|p2a: Corviknight|Corviknight, M|72/100 par
|-ability|p2a: Corviknight|Pressure
|move|p1a: Gliscor|Protect||[still]
|-fail|p1a: Gliscor
|
|-weather|RainDance|[upkeep]
|-heal|p1a: Gliscor|95/100 tox|[from] ability: Poison Heal
|upkeep
|turn|42
|
|t:|1781119382
|move|p1a: Gliscor|Swords Dance|p1a: Gliscor
|-boost|p1a: Gliscor|atk|2
|move|p2a: Corviknight|U-turn|p1a: Gliscor
|-damage|p1a: Gliscor|83/100 tox
|
|t:|1781119388
|switch|p2a: Basculegion|Basculegion, M, tera:Water|18/100|[from] U-turn
|
|-weather|RainDance|[upkeep]
|-heal|p1a: Gliscor|96/100 tox|[from] ability: Poison Heal
|upkeep
|turn|43
|
|t:|1781119392
|move|p1a: Gliscor|Protect|p1a: Gliscor
|-singleturn|p1a: Gliscor|Protect
|move|p2a: Basculegion|Flip Turn|p1a: Gliscor
|-activate|p1a: Gliscor|move: Protect
|
|-weather|RainDance|[upkeep]
|-heal|p1a: Gliscor|100/100 tox|[from] ability: Poison Heal
|upkeep
|turn|44
|
|t:|1781119399
|move|p2a: Basculegion|Flip Turn|p1a: Gliscor
|-crit|p1a: Gliscor
|-damage|p1a: Gliscor|35/100 tox
|
|t:|1781119402
|switch|p2a: his cousin|Poliwrath, F|17/100 tox|[from] Flip Turn
|move|p1a: Gliscor|Facade|p2a: his cousin
|-damage|p2a: his cousin|0 fnt
|faint|p2a: his cousin
|
|-weather|none
|-heal|p1a: Gliscor|48/100 tox|[from] ability: Poison Heal
|upkeep
|
|t:|1781119408
|switch|p2a: Frog Gaming|Politoed, M|48/100 tox
|-weather|RainDance|[from] ability: Drizzle|[of] p2a: Frog Gaming
|turn|45
|
|t:|1781119411
|move|p1a: Gliscor|Protect|p1a: Gliscor
|-singleturn|p1a: Gliscor|Protect
|move|p2a: Frog Gaming|Focus Blast|p1a: Gliscor
|-activate|p1a: Gliscor|move: Protect
|
|-weather|RainDance|[upkeep]
|-damage|p2a: Frog Gaming|42/100 tox|[from] psn
|-heal|p1a: Gliscor|60/100 tox|[from] ability: Poison Heal
|upkeep
|turn|46
|
|t:|1781119416
|move|p2a: Frog Gaming|Focus Blast|p1a: Gliscor
|-supereffective|p1a: Gliscor
|-damage|p1a: Gliscor|9/100 tox
|move|p1a: Gliscor|Facade|p2a: Frog Gaming
|-damage|p2a: Frog Gaming|0 fnt
|faint|p2a: Frog Gaming
|
|-weather|RainDance|[upkeep]
|-heal|p1a: Gliscor|22/100 tox|[from] ability: Poison Heal
|upkeep
|
|t:|1781119419
|switch|p2a: Basculegion|Basculegion, M, tera:Water|18/100
|turn|47
|
|t:|1781119425
|move|p1a: Gliscor|Protect|p1a: Gliscor
|-singleturn|p1a: Gliscor|Protect
|move|p2a: Basculegion|Flip Turn|p1a: Gliscor
|-activate|p1a: Gliscor|move: Protect
|
|-weather|RainDance|[upkeep]
|-heal|p1a: Gliscor|34/100 tox|[from] ability: Poison Heal
|upkeep
|turn|48
|
|t:|1781119430
|switch|p1a: Clefable|Clefable, F|100/100
|move|p2a: Basculegion|Flip Turn|p1a: Clefable
|-crit|p1a: Clefable
|-damage|p1a: Clefable|33/100
|-damage|p2a: Basculegion|1/100|[from] item: Rocky Helmet|[of] p1a: Clefable
|
|t:|1781119433
|switch|p2a: Zapdos|Zapdos|17/100|[from] Flip Turn
|
|-weather|RainDance|[upkeep]
|upkeep
|turn|49
|-message|Joltinjoe18 forfeited.
|
|win|power of sound
|raw|power of sound's rating: 1722 &rarr; <strong>1743</strong><br />(+21 for winning)
|raw|Joltinjoe18's rating: 1748 &rarr; <strong>1727</strong><br />(-21 for losing)
|l|☆power of sound
|player|p1|
|l| unwashednuts
