|j|☆Dat boii fam
|j|☆Archerdadon
|t:|1781513168
|gametype|singles
|player|p1|Dat boii fam|li|1606
|player|p2|Archerdadon|marshal|1563
|gen|9
|tier|[Gen 9] OU
|rated|
|rule|HP Percentage Mod: HP is shown in percentages
|rule|Endless Battle Clause: Forcing endless battles is banned
|rule|Species Clause: Limit one of each Pokémon
|rule|OHKO Clause: OHKO moves are banned
|rule|Evasion Items Clause: Evasion items are banned
|rule|Evasion Moves Clause: Evasion moves are banned
|rule|Evasion Abilities Clause: Evasion abilities are banned
|rule|Sleep Moves Clause: Sleep-inducing moves are banned
|clearpoke
|poke|p1|Alomomola, F|
|poke|p1|Landorus-Therian, M|
|poke|p1|Zapdos|
|poke|p1|Tornadus-Therian, M|
|poke|p1|Scizor, F|
|poke|p1|Amoonguss, F|
|poke|p2|Dondozo, M|
|poke|p2|Great Tusk|
|poke|p2|Ting-Lu|
|poke|p2|Glimmora, M|
|poke|p2|Iron Valiant|
|poke|p2|Hydrapple, F|
|teampreview
|inactive|Battle timer is ON: inactive players will automatically lose when time's up. (requested by Dat boii fam)
|
|t:|1781513177
|teamsize|p1|6
|teamsize|p2|6
|start
|switch|p1a: Scizor|Scizor, F|100/100
|switch|p2a: Glimmora|Glimmora, M|100/100
|turn|1
|
|t:|1781513184
|move|p1a: Scizor|Bullet Punch|p2a: Glimmora
|-supereffective|p2a: Glimmora
|-damage|p2a: Glimmora|30/100
|-activate|p2a: Glimmora|ability: Toxic Debris
|-sidestart|p1: Dat boii fam|move: Toxic Spikes
|move|p2a: Glimmora|Power Gem|p1a: Scizor
|-damage|p1a: Scizor|64/100
|
|upkeep
|turn|2
|l|☆Archerdadon
|inactive|Archerdadon disconnected and has a minute to reconnect!
|player|p2|
|inactive|Archerdadon has 30 seconds to reconnect!
|inactive|Archerdadon has 20 seconds to reconnect!
|inactive|Archerdadon has 15 seconds to reconnect!
|inactive|Archerdadon has 10 seconds to reconnect!
|inactive|Archerdadon has 5 seconds to reconnect!
|j|☆Archerdadon
|inactive|Archerdadon reconnected and has 70 seconds left.
|player|p2|Archerdadon|marshal|
|
|t:|1781513268
|move|p2a: Glimmora|Power Gem|p1a: Scizor
|-damage|p1a: Scizor|30/100
|move|p1a: Scizor|Knock Off|p2a: Glimmora
|-damage|p2a: Glimmora|0 fnt
|-activate|p2a: Glimmora|ability: Toxic Debris
|-sidestart|p1: Dat boii fam|move: Toxic Spikes
|-enditem|p2a: Glimmora|Focus Sash|[from] move: Knock Off|[of] p1a: Scizor
|faint|p2a: Glimmora
|
|upkeep
|
|t:|1781513278
|switch|p2a: Great Tusk|Great Tusk|100/100
|turn|3
|
|t:|1781513281
|switch|p1a: Alomomola|Alomomola, F|100/100
|move|p2a: Great Tusk|Ice Spinner|p1a: Alomomola
|-resisted|p1a: Alomomola
|-damage|p1a: Alomomola|94/100
|
|upkeep
|turn|4
|
|t:|1781513287
|-end|p2a: Great Tusk|Protosynthesis|[silent]
|switch|p2a: Hydrapple|Hydrapple, F|100/100
|move|p1a: Alomomola|Wish|p1a: Alomomola
|
|upkeep
|turn|5
|inactive|Archerdadon has 90 seconds left.
|
|t:|1781513302
|switch|p1a: Scizor|Scizor, F|30/100
|move|p2a: Hydrapple|Nasty Plot|p2a: Hydrapple
|-boost|p2a: Hydrapple|spa|2
|
|-heal|p1a: Scizor|100/100|[from] move: Wish|[wisher] Alomomola
|upkeep
|turn|6
|inactive|Archerdadon has 90 seconds left.
|
|t:|1781513311
|-terastallize|p2a: Hydrapple|Poison
|move|p1a: Scizor|U-turn|p2a: Hydrapple
|-resisted|p2a: Hydrapple
|-damage|p2a: Hydrapple|92/100
|-damage|p1a: Scizor|84/100|[from] item: Rocky Helmet|[of] p2a: Hydrapple
|inactive|Dat boii fam has 120 seconds left.
|
|t:|1781513343
|switch|p1a: Alomomola|Alomomola, F|100/100|[from] U-turn
|move|p2a: Hydrapple|Earth Power|p1a: Alomomola
|-damage|p1a: Alomomola|50/100
|
|upkeep
|turn|7
|
|t:|1781513354
|move|p2a: Hydrapple|Giga Drain|p1a: Alomomola
|-supereffective|p1a: Alomomola
|-damage|p1a: Alomomola|0 fnt
|-heal|p2a: Hydrapple|100/100|[from] drain|[of] p1a: Alomomola
|faint|p1a: Alomomola
|
|upkeep
|
|t:|1781513359
|switch|p1a: Landorus|Landorus-Therian, M|100/100
|-ability|p1a: Landorus|Intimidate|boost
|-unboost|p2a: Hydrapple|atk|1
|turn|8
|inactive|Archerdadon has 90 seconds left.
|inactive|Archerdadon has 60 seconds left.
|
|t:|1781513414
|move|p1a: Landorus|Earthquake|p2a: Hydrapple
|-supereffective|p2a: Hydrapple
|-damage|p2a: Hydrapple|25/100
|move|p2a: Hydrapple|Giga Drain|p1a: Landorus
|-damage|p1a: Landorus|20/100
|-heal|p2a: Hydrapple|57/100|[from] drain|[of] p1a: Landorus
|
|upkeep
|turn|9
|
|t:|1781513421
|switch|p2a: Great Tusk|Great Tusk|100/100
|move|p1a: Landorus|Earthquake|p2a: Great Tusk
|-damage|p2a: Great Tusk|70/100
|
|upkeep
|turn|10
|
|t:|1781513426
|switch|p1a: Amoonguss|Amoonguss, F|100/100
|-sideend|p1: Dat boii fam|move: Toxic Spikes|[of] p1a: Amoonguss
|move|p2a: Great Tusk|Ice Spinner|p1a: Amoonguss
|-supereffective|p1a: Amoonguss
|-damage|p1a: Amoonguss|62/100
|-damage|p2a: Great Tusk|53/100|[from] item: Rocky Helmet|[of] p1a: Amoonguss
|
|upkeep
|turn|11
|
|t:|1781513435
|-end|p2a: Great Tusk|Protosynthesis|[silent]
|switch|p2a: Hydrapple|Hydrapple, F, tera:Poison|90/100
|move|p1a: Amoonguss|Giga Drain|p2a: Hydrapple
|-resisted|p2a: Hydrapple
|-crit|p2a: Hydrapple
|-damage|p2a: Hydrapple|73/100
|-heal|p1a: Amoonguss|71/100|[from] drain|[of] p2a: Hydrapple
|
|upkeep
|turn|12
|
|t:|1781513446
|switch|p1a: Tornadus|Tornadus-Therian, M|100/100
|move|p2a: Hydrapple|Fickle Beam|p1a: Tornadus
|-damage|p1a: Tornadus|60/100
|
|upkeep
|turn|13
|
|t:|1781513453
|move|p1a: Tornadus|Nasty Plot|p1a: Tornadus
|-boost|p1a: Tornadus|spa|2
|move|p2a: Hydrapple|Fickle Beam|p1a: Tornadus
|-damage|p1a: Tornadus|21/100
|
|upkeep
|turn|14
|
|t:|1781513460
|move|p1a: Tornadus|Bleakwind Storm|p2a: Hydrapple
|-damage|p2a: Hydrapple|0 fnt
|faint|p2a: Hydrapple
|
|upkeep
|
|t:|1781513463
|switch|p2a: Iron Valiant|Iron Valiant|100/100
|-enditem|p2a: Iron Valiant|Booster Energy
|-activate|p2a: Iron Valiant|ability: Quark Drive|[fromitem]
|-start|p2a: Iron Valiant|quarkdrivespe
|turn|15
|
|t:|1781513475
|switch|p1a: Amoonguss|Amoonguss, F|100/100
|move|p2a: Iron Valiant|Moonblast|p1a: Amoonguss
|-resisted|p1a: Amoonguss
|-damage|p1a: Amoonguss|78/100
|-unboost|p1a: Amoonguss|spa|1
|
|upkeep
|turn|16
|
|t:|1781513489
|move|p2a: Iron Valiant|Calm Mind|p2a: Iron Valiant
|-boost|p2a: Iron Valiant|spa|1
|-boost|p2a: Iron Valiant|spd|1
|move|p1a: Amoonguss|Sludge Bomb|p2a: Iron Valiant
|-supereffective|p2a: Iron Valiant
|-damage|p2a: Iron Valiant|60/100
|-status|p2a: Iron Valiant|psn
|
|-damage|p2a: Iron Valiant|48/100 psn|[from] psn
|upkeep
|turn|17
|
|t:|1781513500
|move|p2a: Iron Valiant|Shadow Ball|p1a: Amoonguss
|-damage|p1a: Amoonguss|42/100
|-unboost|p1a: Amoonguss|spd|1
|move|p1a: Amoonguss|Sludge Bomb|p2a: Iron Valiant
|-supereffective|p2a: Iron Valiant
|-damage|p2a: Iron Valiant|5/100 psn
|
|-damage|p2a: Iron Valiant|0 fnt|[from] psn
|faint|p2a: Iron Valiant
|-end|p2a: Iron Valiant|Quark Drive|[silent]
|upkeep
|-message|Archerdadon forfeited.
|
|win|Dat boii fam
|raw|Dat boii fam's rating: 1606 &rarr; <strong>1624</strong><br />(+18 for winning)
|raw|Archerdadon's rating: 1563 &rarr; <strong>1545</strong><br />(-18 for losing)
|l|☆Archerdadon
|player|p2|
|l|☆Dat boii fam
|player|p1|
