|j|☆juli<33
|j|☆icylikedecember
|t:|1781258548
|gametype|singles
|player|p1|juli<33|irida|1725
|player|p2|icylikedecember|smasher|1690
|gen|9
|tier|[Gen 9] OU
|rated|
|rule|HP Percentage Mod: HP is shown in percentages
|rule|Endless Battle Clause: Forcing endless battles is banned
|rule|Species Clause: Limit one of each Pokémon
|rule|OHKO Clause: OHKO moves are banned
|rule|Evasion Items Clause: Evasion items are banned
|rule|Evasion Moves Clause: Evasion moves are banned
|rule|Evasion Abilities Clause: Evasion abilities are banned
|rule|Sleep Moves Clause: Sleep-inducing moves are banned
|clearpoke
|poke|p1|Great Tusk|
|poke|p1|Slowking-Galar, M|
|poke|p1|Corviknight, F|
|poke|p1|Clefable, F|
|poke|p1|Samurott-Hisui, M|
|poke|p1|Dragapult, F|
|poke|p2|Corviknight, M|
|poke|p2|Slowking-Galar, M|
|poke|p2|Darkrai|
|poke|p2|Kyurem|
|poke|p2|Zamazenta-*|
|poke|p2|Crawdaunt, F|
|teampreview
|inactive|Battle timer is ON: inactive players will automatically lose when time's up. (requested by juli<33)
|j| TheSacredJackal⨕
|
|t:|1781258557
|teamsize|p1|6
|teamsize|p2|6
|start
|switch|p1a: Bull's-eye|Dragapult, F|100/100
|switch|p2a: Corviknight|Corviknight, M, shiny|100/100
|-ability|p2a: Corviknight|Pressure
|turn|1
|
|t:|1781258567
|move|p1a: Bull's-eye|Thunderbolt|p2a: Corviknight
|-supereffective|p2a: Corviknight
|-damage|p2a: Corviknight|31/100
|move|p2a: Corviknight|U-turn|p1a: Bull's-eye
|-resisted|p1a: Bull's-eye
|-damage|p1a: Bull's-eye|90/100
|
|t:|1781258574
|switch|p2a: Slowking|Slowking-Galar, M, shiny|100/100|[from] U-turn
|
|upkeep
|turn|2
|
|t:|1781258577
|switch|p1a: Alchemist|Slowking-Galar, M|100/100
|move|p2a: Slowking|Sludge Bomb|p1a: Alchemist
|-resisted|p1a: Alchemist
|-damage|p1a: Alchemist|91/100
|
|upkeep
|turn|3
|
|t:|1781258588
|switch|p1a: Jack|Samurott-Hisui, M|100/100
|switch|p2a: Crawdaunt|Crawdaunt, F|100/100
|
|upkeep
|turn|4
|j| choispecs ironmoth
|
|t:|1781258608
|move|p1a: Jack|Knock Off|p2a: Crawdaunt
|-resisted|p2a: Crawdaunt
|-damage|p2a: Crawdaunt|68/100
|-enditem|p2a: Crawdaunt|Choice Band|[from] move: Knock Off|[of] p1a: Jack
|move|p2a: Crawdaunt|Close Combat|p1a: Jack
|-supereffective|p1a: Jack
|-damage|p1a: Jack|0 fnt
|-unboost|p2a: Crawdaunt|def|1
|-unboost|p2a: Crawdaunt|spd|1
|faint|p1a: Jack
|
|upkeep
|
|t:|1781258617
|switch|p1a: Bull's-eye|Dragapult, F|90/100
|turn|5
|
|t:|1781258620
|switch|p2a: Slowking|Slowking-Galar, M, shiny|100/100
|move|p1a: Bull's-eye|U-turn|p2a: Slowking
|-damage|p2a: Slowking|84/100
|
|t:|1781258623
|switch|p1a: Loxodonta|Great Tusk|100/100|[from] U-turn
|
|upkeep
|turn|6
|
|t:|1781258627
|switch|p2a: Corviknight|Corviknight, M, shiny|31/100
|-ability|p2a: Corviknight|Pressure
|move|p1a: Loxodonta|Headlong Rush|p2a: Corviknight
|-immune|p2a: Corviknight
|
|upkeep
|turn|7
|
|t:|1781258629
|move|p1a: Loxodonta|Close Combat|p2a: Corviknight
|-damage|p2a: Corviknight|0 fnt
|-unboost|p1a: Loxodonta|def|1
|-unboost|p1a: Loxodonta|spd|1
|-damage|p1a: Loxodonta|84/100|[from] item: Rocky Helmet|[of] p2a: Corviknight
|faint|p2a: Corviknight
|
|-heal|p1a: Loxodonta|90/100|[from] item: Leftovers
|upkeep
|
|t:|1781258632
|switch|p2a: Kyurem|Kyurem|100/100
|-ability|p2a: Kyurem|Pressure
|turn|8
|
|t:|1781258636
|move|p2a: Kyurem|Ice Beam|p1a: Loxodonta
|-supereffective|p1a: Loxodonta
|-damage|p1a: Loxodonta|0 fnt
|faint|p1a: Loxodonta
|-end|p1a: Loxodonta|Protosynthesis|[silent]
|
|upkeep
|
|t:|1781258638
|switch|p1a: Alchemist|Slowking-Galar, M|100/100
|turn|9
|
|t:|1781258644
|switch|p2a: Crawdaunt|Crawdaunt, F|68/100
|switch|p1a: P!nk|Clefable, F|100/100
|
|upkeep
|turn|10
|
|t:|1781258648
|switch|p2a: Slowking|Slowking-Galar, M, shiny|100/100
|move|p1a: P!nk|Stealth Rock|p2a: Slowking
|-sidestart|p2: icylikedecember|move: Stealth Rock
|
|upkeep
|turn|11
|
|t:|1781258653
|move|p1a: P!nk|Knock Off|p2a: Slowking
|-supereffective|p2a: Slowking
|-damage|p2a: Slowking|69/100
|-enditem|p2a: Slowking|Assault Vest|[from] move: Knock Off|[of] p1a: P!nk
|move|p2a: Slowking|Sludge Bomb|p1a: P!nk
|-supereffective|p1a: P!nk
|-damage|p1a: P!nk|15/100
|
|-heal|p1a: P!nk|21/100|[from] item: Leftovers
|upkeep
|turn|12
|
|t:|1781258660
|move|p1a: P!nk|Moonlight|p1a: P!nk
|-heal|p1a: P!nk|71/100
|move|p2a: Slowking|Psyshock|p1a: P!nk
|-damage|p1a: P!nk|42/100
|
|-heal|p1a: P!nk|48/100|[from] item: Leftovers
|upkeep
|turn|13
|
|t:|1781258665
|move|p1a: P!nk|Knock Off|p2a: Slowking
|-supereffective|p2a: Slowking
|-damage|p2a: Slowking|49/100
|move|p2a: Slowking|Psyshock|p1a: P!nk
|-damage|p1a: P!nk|19/100
|
|-heal|p1a: P!nk|25/100|[from] item: Leftovers
|upkeep
|turn|14
|
|t:|1781258672
|switch|p1a: Voyageur|Corviknight, F|100/100
|-ability|p1a: Voyageur|Pressure
|move|p2a: Slowking|Sludge Bomb|p1a: Voyageur
|-immune|p1a: Voyageur
|
|upkeep
|turn|15
|j| Puyu paz
|
|t:|1781258687
|move|p1a: Voyageur|Brave Bird|p2a: Slowking
|-damage|p2a: Slowking|13/100
|-damage|p1a: Voyageur|89/100|[from] Recoil
|move|p2a: Slowking|Psyshock|p1a: Voyageur
|-resisted|p1a: Voyageur
|-damage|p1a: Voyageur|77/100
|
|upkeep
|turn|16
|
|t:|1781258703
|switch|p2a: Kyurem|Kyurem|100/100
|-damage|p2a: Kyurem|76/100|[from] Stealth Rock
|-ability|p2a: Kyurem|Pressure
|move|p1a: Voyageur|U-turn|p2a: Kyurem
|-damage|p2a: Kyurem|63/100
|
|t:|1781258707
|switch|p1a: Alchemist|Slowking-Galar, M|100/100|[from] U-turn
|
|upkeep
|turn|17
|
|t:|1781258718
|move|p2a: Kyurem|Ice Beam|p1a: Alchemist
|-crit|p1a: Alchemist
|-damage|p1a: Alchemist|46/100
|move|p1a: Alchemist|Sludge Bomb|p2a: Kyurem
|-damage|p2a: Kyurem|21/100
|-status|p2a: Kyurem|psn
|
|-damage|p2a: Kyurem|9/100 psn|[from] psn
|upkeep
|turn|18
|
|t:|1781258723
|move|p2a: Kyurem|Ice Beam|p1a: Alchemist
|-damage|p1a: Alchemist|10/100
|move|p1a: Alchemist|Psyshock|p2a: Kyurem
|-damage|p2a: Kyurem|0 fnt
|faint|p2a: Kyurem
|
|upkeep
|
|t:|1781258741
|switch|p2a: Darkrai|Darkrai|100/100
|-damage|p2a: Darkrai|88/100|[from] Stealth Rock
|turn|19
|
|t:|1781258744
|switch|p1a: P!nk|Clefable, F|25/100
|move|p2a: Darkrai|Dark Pulse|p1a: P!nk
|-resisted|p1a: P!nk
|-damage|p1a: P!nk|3/100
|
|-heal|p1a: P!nk|9/100|[from] item: Leftovers
|upkeep
|turn|20
|
|t:|1781258747
|move|p2a: Darkrai|Dark Pulse|p1a: P!nk
|-resisted|p1a: P!nk
|-damage|p1a: P!nk|0 fnt
|faint|p1a: P!nk
|
|upkeep
|
|t:|1781258755
|switch|p1a: Alchemist|Slowking-Galar, M|43/100
|turn|21
|
|t:|1781258759
|switch|p2a: Slowking|Slowking-Galar, M, shiny|47/100
|-damage|p2a: Slowking|34/100|[from] Stealth Rock
|-terastallize|p1a: Alchemist|Water
|move|p1a: Alchemist|Sludge Bomb|p2a: Slowking
|-resisted|p2a: Slowking
|-damage|p2a: Slowking|20/100
|
|upkeep
|turn|22
|
|t:|1781258773
|switch|p2a: Crawdaunt|Crawdaunt, F|68/100
|-damage|p2a: Crawdaunt|56/100|[from] Stealth Rock
|move|p1a: Alchemist|Psyshock|p2a: Crawdaunt
|-immune|p2a: Crawdaunt
|
|upkeep
|turn|23
|
|t:|1781258781
|switch|p1a: Voyageur|Corviknight, F|77/100
|-ability|p1a: Voyageur|Pressure
|move|p2a: Crawdaunt|Knock Off|p1a: Voyageur
|-damage|p1a: Voyageur|36/100
|-damage|p2a: Crawdaunt|39/100|[from] item: Rocky Helmet|[of] p1a: Voyageur
|-enditem|p1a: Voyageur|Rocky Helmet|[from] move: Knock Off|[of] p2a: Crawdaunt
|
|upkeep
|turn|24
|
|t:|1781258789
|switch|p2a: Slowking|Slowking-Galar, M, shiny|54/100
|-damage|p2a: Slowking|41/100|[from] Stealth Rock
|move|p1a: Voyageur|Roost|p1a: Voyageur
|-heal|p1a: Voyageur|86/100
|-singleturn|p1a: Voyageur|move: Roost
|
|upkeep
|turn|25
|
|t:|1781258794
|move|p1a: Voyageur|U-turn|p2a: Slowking
|-damage|p2a: Slowking|27/100
|
|t:|1781258795
|switch|p1a: Alchemist|Slowking-Galar, M, tera:Water|76/100|[from] U-turn
|move|p2a: Slowking|Flamethrower|p1a: Alchemist
|-resisted|p1a: Alchemist
|-damage|p1a: Alchemist|70/100
|
|upkeep
|turn|26
|
|t:|1781258806
|switch|p2a: Crawdaunt|Crawdaunt, F|39/100
|-damage|p2a: Crawdaunt|27/100|[from] Stealth Rock
|move|p1a: Alchemist|Sludge Bomb|p2a: Crawdaunt
|-damage|p2a: Crawdaunt|0 fnt
|faint|p2a: Crawdaunt
|
|upkeep
|
|t:|1781258829
|switch|p2a: Slowking|Slowking-Galar, M, shiny|60/100
|-damage|p2a: Slowking|48/100|[from] Stealth Rock
|turn|27
|
|t:|1781258832
|move|p1a: Alchemist|Psyshock|p2a: Slowking
|-damage|p2a: Slowking|10/100
|move|p2a: Slowking|Psyshock|p1a: Alchemist
|-damage|p1a: Alchemist|33/100
|
|upkeep
|turn|28
|
|t:|1781258847
|move|p1a: Alchemist|Sludge Bomb|p2a: Slowking
|-resisted|p2a: Slowking
|-crit|p2a: Slowking
|-damage|p2a: Slowking|0 fnt
|faint|p2a: Slowking
|
|upkeep
|
|t:|1781258863
|switch|p2a: Zamazenta|Zamazenta|100/100
|-damage|p2a: Zamazenta|94/100|[from] Stealth Rock
|-ability|p2a: Zamazenta|Dauntless Shield|boost
|-boost|p2a: Zamazenta|def|1
|turn|29
|
|t:|1781258865
|switch|p1a: Voyageur|Corviknight, F|86/100
|-ability|p1a: Voyageur|Pressure
|move|p2a: Zamazenta|Iron Defense|p2a: Zamazenta
|-boost|p2a: Zamazenta|def|2
|
|-heal|p2a: Zamazenta|100/100|[from] item: Leftovers
|upkeep
|turn|30
|
|t:|1781258874
|move|p2a: Zamazenta|Iron Defense|p2a: Zamazenta
|-boost|p2a: Zamazenta|def|2
|move|p1a: Voyageur|U-turn|p2a: Zamazenta
|-resisted|p2a: Zamazenta
|-damage|p2a: Zamazenta|99/100
|
|t:|1781258895
|switch|p1a: Bull's-eye|Dragapult, F|90/100|[from] U-turn
|
|-heal|p2a: Zamazenta|100/100|[from] item: Leftovers
|upkeep
|turn|31
|
|t:|1781258901
|-terastallize|p2a: Zamazenta|Fire
|move|p1a: Bull's-eye|Draco Meteor|p2a: Zamazenta
|-damage|p2a: Zamazenta|30/100
|-unboost|p1a: Bull's-eye|spa|2
|move|p2a: Zamazenta|Crunch|p1a: Bull's-eye
|-supereffective|p1a: Bull's-eye
|-damage|p1a: Bull's-eye|30/100
|
|-heal|p2a: Zamazenta|36/100|[from] item: Leftovers
|upkeep
|turn|32
|
|t:|1781258928
|switch|p1a: Voyageur|Corviknight, F|86/100
|-ability|p1a: Voyageur|Pressure
|move|p2a: Zamazenta|Crunch|p1a: Voyageur
|-damage|p1a: Voyageur|74/100
|
|-heal|p2a: Zamazenta|42/100|[from] item: Leftovers
|upkeep
|turn|33
|
|t:|1781258942
|move|p2a: Zamazenta|Crunch|p1a: Voyageur
|-damage|p1a: Voyageur|62/100
|move|p1a: Voyageur|U-turn|p2a: Zamazenta
|-resisted|p2a: Zamazenta
|-damage|p2a: Zamazenta|41/100
|
|t:|1781258944
|switch|p1a: Bull's-eye|Dragapult, F|30/100|[from] U-turn
|
|-heal|p2a: Zamazenta|47/100|[from] item: Leftovers
|upkeep
|turn|34
|
|t:|1781258954
|move|p1a: Bull's-eye|Draco Meteor|p2a: Zamazenta
|-damage|p2a: Zamazenta|0 fnt
|-unboost|p1a: Bull's-eye|spa|2
|faint|p2a: Zamazenta
|
|upkeep
|
|t:|1781258956
|switch|p2a: Darkrai|Darkrai|88/100
|-damage|p2a: Darkrai|76/100|[from] Stealth Rock
|turn|35
|
|t:|1781258960
|switch|p1a: Voyageur|Corviknight, F|62/100
|-ability|p1a: Voyageur|Pressure
|move|p2a: Darkrai|Dark Pulse|p1a: Voyageur
|-damage|p1a: Voyageur|16/100
|
|upkeep
|turn|36
|
|t:|1781258966
|switch|p1a: Alchemist|Slowking-Galar, M, tera:Water|67/100
|move|p2a: Darkrai|Dark Pulse|p1a: Alchemist
|-damage|p1a: Alchemist|46/100
|
|upkeep
|turn|37
|
|t:|1781258970
|switch|p1a: Voyageur|Corviknight, F|16/100
|-ability|p1a: Voyageur|Pressure
|move|p2a: Darkrai|Dark Pulse|p1a: Voyageur
|-damage|p1a: Voyageur|0 fnt
|faint|p1a: Voyageur
|
|upkeep
|
|t:|1781258972
|switch|p1a: Alchemist|Slowking-Galar, M, tera:Water|79/100
|turn|38
|
|t:|1781258975
|move|p2a: Darkrai|Dark Pulse|p1a: Alchemist
|-damage|p1a: Alchemist|58/100
|cant|p1a: Alchemist|flinch
|
|upkeep
|turn|39
|
|t:|1781258979
|move|p2a: Darkrai|Dark Pulse|p1a: Alchemist
|-damage|p1a: Alchemist|38/100
|cant|p1a: Alchemist|flinch
|
|upkeep
|turn|40
|
|t:|1781258983
|move|p2a: Darkrai|Dark Pulse|p1a: Alchemist
|-damage|p1a: Alchemist|17/100
|move|p1a: Alchemist|Sludge Bomb|p2a: Darkrai
|-damage|p2a: Darkrai|20/100
|
|upkeep
|turn|41
|
|t:|1781258986
|switch|p1a: Bull's-eye|Dragapult, F|30/100
|move|p2a: Darkrai|Dark Pulse|p1a: Bull's-eye
|-supereffective|p1a: Bull's-eye
|-damage|p1a: Bull's-eye|0 fnt
|faint|p1a: Bull's-eye
|
|upkeep
|
|t:|1781258988
|switch|p1a: Alchemist|Slowking-Galar, M, tera:Water|50/100
|turn|42
|
|t:|1781258989
|move|p2a: Darkrai|Dark Pulse|p1a: Alchemist
|-damage|p1a: Alchemist|29/100
|move|p1a: Alchemist|Sludge Bomb|p2a: Darkrai
|-damage|p2a: Darkrai|0 fnt
|faint|p2a: Darkrai
|
|win|juli<33
|raw|juli&lt;33's rating: 1725 &rarr; <strong>1743</strong><br />(+18 for winning)
|raw|icylikedecember's rating: 1690 &rarr; <strong>1672</strong><br />(-18 for losing)
|l|☆icylikedecember
|player|p2|
|l|☆juli<33
|player|p1|
|l| Puyu paz
|l| TheSacredJackal⨕
