|j|☆Pochopo13
|j|☆Esencia Enlazada
|t:|1780953105
|gametype|singles
|player|p1|Pochopo13|giovanni|1520
|player|p2|Esencia Enlazada|skyla|1520
|gen|9
|tier|[Gen 9] OU
|rated|
|rule|HP Percentage Mod: HP is shown in percentages
|rule|Endless Battle Clause: Forcing endless battles is banned
|rule|Species Clause: Limit one of each Pokémon
|rule|OHKO Clause: OHKO moves are banned
|rule|Evasion Items Clause: Evasion items are banned
|rule|Evasion Moves Clause: Evasion moves are banned
|rule|Evasion Abilities Clause: Evasion abilities are banned
|rule|Sleep Moves Clause: Sleep-inducing moves are banned
|clearpoke
|poke|p1|Gliscor, F|
|poke|p1|Ogerpon-Wellspring, F|
|poke|p1|Ting-Lu|
|poke|p1|Iron Crown|
|poke|p1|Dragapult, M|
|poke|p1|Kingambit, F|
|poke|p2|Haxorus, F|
|poke|p2|Landorus-Therian, M|
|poke|p2|Heatran, F|
|poke|p2|Toxapex, F|
|poke|p2|Dragapult, F|
|poke|p2|Great Tusk|
|teampreview
|inactive|Battle timer is ON: inactive players will automatically lose when time's up. (requested by Pochopo13)
|inactive|Esencia Enlazada also wants the timer to be on.
|
|t:|1780953126
|teamsize|p1|6
|teamsize|p2|6
|start
|switch|p1a: Ogerpon|Ogerpon-Wellspring, F|100/100
|switch|p2a: Great Tusk|Great Tusk|100/100
|turn|1
|
|t:|1780953132
|-end|p2a: Great Tusk|Protosynthesis|[silent]
|switch|p2a: Toxapex|Toxapex, F|100/100
|move|p1a: Ogerpon|U-turn|p2a: Toxapex
|-resisted|p2a: Toxapex
|-damage|p2a: Toxapex|92/100
|
|t:|1780953134
|switch|p1a: Gliscor|Gliscor, F, shiny|100/100|[from] U-turn
|
|-heal|p2a: Toxapex|98/100|[from] item: Black Sludge
|-status|p1a: Gliscor|tox|[from] item: Toxic Orb
|upkeep
|turn|2
|
|t:|1780953146
|switch|p2a: Landorus|Landorus-Therian, M|100/100
|-ability|p2a: Landorus|Intimidate|boost
|-unboost|p1a: Gliscor|atk|1
|move|p1a: Gliscor|Toxic Spikes|p2a: Landorus
|-sidestart|p2: Esencia Enlazada|move: Toxic Spikes
|
|upkeep
|turn|3
|
|t:|1780953155
|move|p1a: Gliscor|Protect|p1a: Gliscor
|-singleturn|p1a: Gliscor|Protect
|move|p2a: Landorus|Stealth Rock|p1a: Gliscor
|-sidestart|p1: Pochopo13|move: Stealth Rock
|
|upkeep
|turn|4
|
|t:|1780953159
|switch|p2a: Toxapex|Toxapex, F|100/100
|-sideend|p2: Esencia Enlazada|move: Toxic Spikes|[of] p2a: Toxapex
|move|p1a: Gliscor|Toxic|p2a: Toxapex
|-immune|p2a: Toxapex
|
|upkeep
|turn|5
|
|t:|1780953164
|move|p1a: Gliscor|Earthquake|p2a: Toxapex
|-supereffective|p2a: Toxapex
|-damage|p2a: Toxapex|75/100
|move|p2a: Toxapex|Surf|p1a: Gliscor
|-supereffective|p1a: Gliscor
|-damage|p1a: Gliscor|54/100 tox
|
|-heal|p2a: Toxapex|81/100|[from] item: Black Sludge
|-heal|p1a: Gliscor|67/100 tox|[from] ability: Poison Heal
|upkeep
|turn|6
|
|t:|1780953170
|move|p1a: Gliscor|Protect|p1a: Gliscor
|-singleturn|p1a: Gliscor|Protect
|move|p2a: Toxapex|Surf|p1a: Gliscor
|-activate|p1a: Gliscor|move: Protect
|
|-heal|p2a: Toxapex|87/100|[from] item: Black Sludge
|-heal|p1a: Gliscor|79/100 tox|[from] ability: Poison Heal
|upkeep
|turn|7
|
|t:|1780953172
|move|p1a: Gliscor|Toxic Spikes|p2a: Toxapex
|-sidestart|p2: Esencia Enlazada|move: Toxic Spikes
|move|p2a: Toxapex|Surf|p1a: Gliscor
|-supereffective|p1a: Gliscor
|-damage|p1a: Gliscor|34/100 tox
|
|-heal|p2a: Toxapex|94/100|[from] item: Black Sludge
|-heal|p1a: Gliscor|47/100 tox|[from] ability: Poison Heal
|upkeep
|turn|8
|
|t:|1780953175
|move|p1a: Gliscor|Protect|p1a: Gliscor
|-singleturn|p1a: Gliscor|Protect
|move|p2a: Toxapex|Surf|p1a: Gliscor
|-activate|p1a: Gliscor|move: Protect
|
|-heal|p2a: Toxapex|99/100|[from] item: Black Sludge
|-heal|p1a: Gliscor|59/100 tox|[from] ability: Poison Heal
|upkeep
|turn|9
|
|t:|1780953179
|switch|p1a: Ogerpon|Ogerpon-Wellspring, F|100/100
|-damage|p1a: Ogerpon|88/100|[from] Stealth Rock
|move|p2a: Toxapex|Surf|p1a: Ogerpon
|-heal|p1a: Ogerpon|100/100|[from] ability: Water Absorb|[of] p2a: Toxapex
|
|-heal|p2a: Toxapex|100/100|[from] item: Black Sludge
|upkeep
|turn|10
|
|t:|1780953185
|move|p1a: Ogerpon|Knock Off|p2a: Toxapex
|-crit|p2a: Toxapex
|-damage|p2a: Toxapex|66/100
|-enditem|p2a: Toxapex|Black Sludge|[from] move: Knock Off|[of] p1a: Ogerpon
|move|p2a: Toxapex|Toxic Spikes|p1a: Ogerpon
|-sidestart|p1: Pochopo13|move: Toxic Spikes
|
|upkeep
|turn|11
|
|t:|1780953191
|move|p1a: Ogerpon|U-turn|p2a: Toxapex
|-resisted|p2a: Toxapex
|-damage|p2a: Toxapex|58/100
|
|t:|1780953192
|switch|p1a: Ting-Lu|Ting-Lu|100/100|[from] U-turn
|-damage|p1a: Ting-Lu|94/100|[from] Stealth Rock
|-status|p1a: Ting-Lu|psn
|-ability|p1a: Ting-Lu|Vessel of Ruin
|move|p2a: Toxapex|Toxic Spikes|p1a: Ting-Lu
|-sidestart|p1: Pochopo13|move: Toxic Spikes
|
|-damage|p1a: Ting-Lu|82/100 psn|[from] psn
|upkeep
|turn|12
|
|t:|1780953199
|move|p1a: Ting-Lu|Stealth Rock|p2a: Toxapex
|-sidestart|p2: Esencia Enlazada|move: Stealth Rock
|move|p2a: Toxapex|Recover|p2a: Toxapex
|-heal|p2a: Toxapex|100/100
|
|-damage|p1a: Ting-Lu|69/100 psn|[from] psn
|upkeep
|turn|13
|
|t:|1780953206
|move|p1a: Ting-Lu|Taunt|p2a: Toxapex
|-start|p2a: Toxapex|move: Taunt
|move|p2a: Toxapex|Surf|p1a: Ting-Lu
|-supereffective|p1a: Ting-Lu
|-damage|p1a: Ting-Lu|45/100 psn
|
|-damage|p1a: Ting-Lu|32/100 psn|[from] psn
|upkeep
|turn|14
|
|t:|1780953209
|move|p1a: Ting-Lu|Ruination|p2a: Toxapex
|-damage|p2a: Toxapex|50/100
|move|p2a: Toxapex|Surf|p1a: Ting-Lu
|-supereffective|p1a: Ting-Lu
|-damage|p1a: Ting-Lu|9/100 psn
|
|-damage|p1a: Ting-Lu|0 fnt|[from] psn
|faint|p1a: Ting-Lu
|upkeep
|j| Puyu paz
|
|t:|1780953231
|switch|p1a: Dragapult|Dragapult, M, shiny|100/100
|turn|15
|
|t:|1780953248
|switch|p2a: Heatran|Heatran, F|100/100
|-damage|p2a: Heatran|88/100|[from] Stealth Rock
|move|p1a: Dragapult|Will-O-Wisp|p2a: Heatran
|-start|p2a: Heatran|ability: Flash Fire
|
|-heal|p2a: Heatran|94/100|[from] item: Leftovers
|upkeep
|turn|16
|
|t:|1780953254
|move|p1a: Dragapult|U-turn|p2a: Heatran
|-resisted|p2a: Heatran
|-damage|p2a: Heatran|89/100
|
|t:|1780953257
|switch|p1a: Ogerpon|Ogerpon-Wellspring, F|100/100|[from] U-turn
|-damage|p1a: Ogerpon|88/100|[from] Stealth Rock
|-status|p1a: Ogerpon|tox
|move|p2a: Heatran|Magma Storm|p1a: Ogerpon
|-crit|p1a: Ogerpon
|-damage|p1a: Ogerpon|0 fnt
|faint|p1a: Ogerpon
|
|-heal|p2a: Heatran|96/100|[from] item: Leftovers
|upkeep
|
|t:|1780953268
|switch|p1a: Gliscor|Gliscor, F, shiny|59/100 tox
|-damage|p1a: Gliscor|47/100 tox|[from] Stealth Rock
|turn|17
|inactive|Esencia Enlazada has 120 seconds left.
|
|t:|1780953301
|move|p2a: Heatran|Protect|p2a: Heatran
|-singleturn|p2a: Heatran|Protect
|move|p1a: Gliscor|Earthquake|p2a: Heatran
|-activate|p2a: Heatran|move: Protect
|
|-heal|p2a: Heatran|100/100|[from] item: Leftovers
|-heal|p1a: Gliscor|59/100 tox|[from] ability: Poison Heal
|upkeep
|turn|18
|inactive|Esencia Enlazada has 120 seconds left.
|
|t:|1780953314
|-end|p2a: Heatran|ability: Flash Fire|[silent]
|switch|p2a: Toxapex|Toxapex, F|84/100
|-sideend|p2: Esencia Enlazada|move: Toxic Spikes|[of] p2a: Toxapex
|-damage|p2a: Toxapex|71/100|[from] Stealth Rock
|move|p1a: Gliscor|Toxic|p2a: Toxapex
|-immune|p2a: Toxapex
|
|-heal|p1a: Gliscor|72/100 tox|[from] ability: Poison Heal
|upkeep
|turn|19
|
|t:|1780953321
|move|p1a: Gliscor|Protect|p1a: Gliscor
|-singleturn|p1a: Gliscor|Protect
|move|p2a: Toxapex|Recover|p2a: Toxapex
|-heal|p2a: Toxapex|100/100
|
|-heal|p1a: Gliscor|84/100 tox|[from] ability: Poison Heal
|upkeep
|turn|20
|
|t:|1780953323
|move|p1a: Gliscor|Earthquake|p2a: Toxapex
|-supereffective|p2a: Toxapex
|-damage|p2a: Toxapex|62/100
|move|p2a: Toxapex|Surf|p1a: Gliscor
|-supereffective|p1a: Gliscor
|-damage|p1a: Gliscor|37/100 tox
|
|-heal|p1a: Gliscor|49/100 tox|[from] ability: Poison Heal
|upkeep
|turn|21
|
|t:|1780953328
|move|p1a: Gliscor|Earthquake|p2a: Toxapex
|-supereffective|p2a: Toxapex
|-damage|p2a: Toxapex|23/100
|move|p2a: Toxapex|Recover|p2a: Toxapex
|-heal|p2a: Toxapex|73/100
|
|-heal|p1a: Gliscor|62/100 tox|[from] ability: Poison Heal
|upkeep
|turn|22
|
|t:|1780953331
|move|p1a: Gliscor|Earthquake|p2a: Toxapex
|-supereffective|p2a: Toxapex
|-damage|p2a: Toxapex|33/100
|move|p2a: Toxapex|Surf|p1a: Gliscor
|-supereffective|p1a: Gliscor
|-damage|p1a: Gliscor|14/100 tox
|
|-heal|p1a: Gliscor|26/100 tox|[from] ability: Poison Heal
|upkeep
|turn|23
|
|t:|1780953336
|switch|p2a: Landorus|Landorus-Therian, M|100/100
|-damage|p2a: Landorus|88/100|[from] Stealth Rock
|-ability|p2a: Landorus|Intimidate|boost
|-unboost|p1a: Gliscor|atk|1
|move|p1a: Gliscor|Earthquake|p2a: Landorus
|-immune|p2a: Landorus
|
|-heal|p1a: Gliscor|39/100 tox|[from] ability: Poison Heal
|upkeep
|turn|24
|
|t:|1780953345
|move|p1a: Gliscor|Protect|p1a: Gliscor
|-singleturn|p1a: Gliscor|Protect
|move|p2a: Landorus|U-turn|p1a: Gliscor
|-activate|p1a: Gliscor|move: Protect
|
|-heal|p1a: Gliscor|51/100 tox|[from] ability: Poison Heal
|upkeep
|turn|25
|
|t:|1780953349
|move|p1a: Gliscor|Earthquake|p2a: Landorus
|-immune|p2a: Landorus
|move|p2a: Landorus|U-turn|p1a: Gliscor
|-resisted|p1a: Gliscor
|-damage|p1a: Gliscor|44/100 tox
|
|t:|1780953355
|switch|p2a: Great Tusk|Great Tusk|100/100|[from] U-turn
|
|-heal|p1a: Gliscor|57/100 tox|[from] ability: Poison Heal
|upkeep
|turn|26
|
|t:|1780953357
|move|p1a: Gliscor|Toxic|p2a: Great Tusk
|-status|p2a: Great Tusk|tox
|move|p2a: Great Tusk|Ice Spinner|p1a: Gliscor
|-supereffective|p1a: Gliscor
|-damage|p1a: Gliscor|0 fnt
|faint|p1a: Gliscor
|
|-damage|p2a: Great Tusk|94/100 tox|[from] psn
|upkeep
|
|t:|1780953368
|switch|p1a: Iron Crown|Iron Crown|100/100
|-damage|p1a: Iron Crown|94/100|[from] Stealth Rock
|-enditem|p1a: Iron Crown|Booster Energy
|-activate|p1a: Iron Crown|ability: Quark Drive|[fromitem]
|-start|p1a: Iron Crown|quarkdrivespe
|turn|27
|
|t:|1780953372
|-end|p2a: Great Tusk|Protosynthesis|[silent]
|switch|p2a: Heatran|Heatran, F|100/100
|-damage|p2a: Heatran|88/100|[from] Stealth Rock
|-terastallize|p1a: Iron Crown|Fighting
|move|p1a: Iron Crown|Calm Mind|p1a: Iron Crown
|-boost|p1a: Iron Crown|spa|1
|-boost|p1a: Iron Crown|spd|1
|
|-heal|p2a: Heatran|94/100|[from] item: Leftovers
|upkeep
|turn|28
|
|t:|1780953381
|move|p1a: Iron Crown|Focus Blast|p2a: Heatran
|-supereffective|p2a: Heatran
|-damage|p2a: Heatran|0 fnt
|faint|p2a: Heatran
|
|upkeep
|inactive|Esencia Enlazada has 120 seconds left.
|
|t:|1780953418
|switch|p2a: Landorus|Landorus-Therian, M|88/100
|-damage|p2a: Landorus|76/100|[from] Stealth Rock
|-ability|p2a: Landorus|Intimidate|boost
|-unboost|p1a: Iron Crown|atk|1
|turn|29
|inactive|Esencia Enlazada has 120 seconds left.
|
|t:|1780953424
|move|p1a: Iron Crown|Tachyon Cutter|p2a: Landorus
|-damage|p2a: Landorus|44/100
|-damage|p2a: Landorus|10/100
|-hitcount|p2a: Landorus|2
|move|p2a: Landorus|Earthquake|p1a: Iron Crown
|-damage|p1a: Iron Crown|45/100
|
|upkeep
|turn|30
|
|t:|1780953432
|move|p1a: Iron Crown|Tachyon Cutter|p2a: Landorus
|-damage|p2a: Landorus|0 fnt
|faint|p2a: Landorus
|-hitcount|p2: Landorus|1
|
|upkeep
|inactive|Esencia Enlazada has 120 seconds left.
|inactive|Esencia Enlazada has 90 seconds left.
|
|t:|1780953482
|switch|p2a: Dragapult|Dragapult, F|100/100
|-damage|p2a: Dragapult|88/100|[from] Stealth Rock
|turn|31
|inactive|Esencia Enlazada has 90 seconds left.
|
|t:|1780953490
|move|p1a: Iron Crown|Tachyon Cutter|p2a: Dragapult
|-damage|p2a: Dragapult|40/100
|-damage|p2a: Dragapult|0 fnt
|faint|p2a: Dragapult
|-hitcount|p2: Dragapult|2
|
|upkeep
|inactive|Esencia Enlazada has 90 seconds left.
|
|t:|1780953513
|switch|p2a: Toxapex|Toxapex, F|67/100
|-damage|p2a: Toxapex|54/100|[from] Stealth Rock
|turn|32
|
|t:|1780953520
|-terastallize|p2a: Toxapex|Dark
|move|p1a: Iron Crown|Psychic|p2a: Toxapex
|-immune|p2a: Toxapex
|move|p2a: Toxapex|Haze|p2a: Toxapex
|-clearallboost
|
|upkeep
|turn|33
|
|t:|1780953530
|move|p1a: Iron Crown|Focus Blast|p2a: Toxapex
|-supereffective|p2a: Toxapex
|-damage|p2a: Toxapex|0 fnt
|faint|p2a: Toxapex
|
|upkeep
|
|t:|1780953534
|switch|p2a: Great Tusk|Great Tusk|94/100 tox
|turn|34
|
|t:|1780953538
|move|p1a: Iron Crown|Psychic|p2a: Great Tusk
|-supereffective|p2a: Great Tusk
|-damage|p2a: Great Tusk|0 fnt
|faint|p2a: Great Tusk
|-end|p2a: Great Tusk|Protosynthesis|[silent]
|
|upkeep
|
|t:|1780953541
|switch|p2a: Haxorus|Haxorus, F, shiny|100/100
|-damage|p2a: Haxorus|88/100|[from] Stealth Rock
|-ability|p2a: Haxorus|Mold Breaker
|turn|35
|
|t:|1780953549
|move|p1a: Iron Crown|Tachyon Cutter|p2a: Haxorus
|-damage|p2a: Haxorus|53/100
|-damage|p2a: Haxorus|15/100
|-hitcount|p2a: Haxorus|2
|move|p2a: Haxorus|Earthquake|p1a: Iron Crown
|-damage|p1a: Iron Crown|0 fnt
|faint|p1a: Iron Crown
|-end|p1a: Iron Crown|Quark Drive|[silent]
|
|upkeep
|
|t:|1780953554
|switch|p1a: Dragapult|Dragapult, M, shiny|100/100
|turn|36
|
|t:|1780953556
|move|p1a: Dragapult|Hex|p2a: Haxorus
|-damage|p2a: Haxorus|0 fnt
|faint|p2a: Haxorus
|
|win|Pochopo13
|raw|Pochopo13's rating: 1520 &rarr; <strong>1540</strong><br />(+20 for winning)
|raw|Esencia Enlazada's rating: 1520 &rarr; <strong>1500</strong><br />(-20 for losing)
|l|☆Pochopo13
|player|p1|
|l| Puyu paz
