|j|☆stevstacks
|j|☆KurisuChestnutOU
|t:|1781160097
|gametype|singles
|player|p1|stevstacks|266|1573
|player|p2|KurisuChestnutOU|may-contest|1540
|gen|9
|tier|[Gen 9] OU
|rated|
|rule|HP Percentage Mod: HP is shown in percentages
|rule|Endless Battle Clause: Forcing endless battles is banned
|rule|Species Clause: Limit one of each Pokémon
|rule|OHKO Clause: OHKO moves are banned
|rule|Evasion Items Clause: Evasion items are banned
|rule|Evasion Moves Clause: Evasion moves are banned
|rule|Evasion Abilities Clause: Evasion abilities are banned
|rule|Sleep Moves Clause: Sleep-inducing moves are banned
|clearpoke
|poke|p1|Torkoal, M|
|poke|p1|Corviknight, F|
|poke|p1|Walking Wake|
|poke|p1|Dragonite, F|
|poke|p1|Great Tusk|
|poke|p1|Raging Bolt|
|poke|p2|Gliscor, M|
|poke|p2|Dondozo, F|
|poke|p2|Slowking-Galar, M|
|poke|p2|Gholdengo|
|poke|p2|Great Tusk|
|poke|p2|Kingambit, M|
|teampreview
|inactive|Battle timer is ON: inactive players will automatically lose when time's up. (requested by stevstacks)
|inactive|KurisuChestnutOU also wants the timer to be on.
|
|t:|1781160108
|teamsize|p1|6
|teamsize|p2|6
|start
|switch|p1a: Great Tusk|Great Tusk, shiny|100/100
|switch|p2a: Slowking|Slowking-Galar, M|100/100
|turn|1
|
|t:|1781160114
|switch|p2a: Gholdengo|Gholdengo|100/100
|-item|p2a: Gholdengo|Air Balloon
|move|p1a: Great Tusk|Knock Off|p2a: Gholdengo
|-supereffective|p2a: Gholdengo
|-damage|p2a: Gholdengo|7/100
|-enditem|p2a: Gholdengo|Air Balloon
|-damage|p1a: Great Tusk|91/100|[from] item: Life Orb
|
|upkeep
|turn|2
|
|t:|1781160121
|move|p1a: Great Tusk|Knock Off|p2a: Gholdengo
|-supereffective|p2a: Gholdengo
|-damage|p2a: Gholdengo|0 fnt
|faint|p2a: Gholdengo
|-damage|p1a: Great Tusk|81/100|[from] item: Life Orb
|
|upkeep
|
|t:|1781160125
|switch|p2a: Great Tusk|Great Tusk|100/100
|turn|3
|
|t:|1781160136
|-end|p1a: Great Tusk|Protosynthesis|[silent]
|switch|p1a: Walking Wake|Walking Wake|100/100
|move|p2a: Great Tusk|Headlong Rush|p1a: Walking Wake
|-damage|p1a: Walking Wake|29/100
|-unboost|p2a: Great Tusk|def|1
|-unboost|p2a: Great Tusk|spd|1
|
|upkeep
|turn|4
|
|t:|1781160143
|-end|p2a: Great Tusk|Protosynthesis|[silent]
|switch|p2a: Slowking|Slowking-Galar, M|100/100
|move|p1a: Walking Wake|Flip Turn|p2a: Slowking
|-damage|p2a: Slowking|80/100
|
|t:|1781160145
|-end|p1a: Walking Wake|Protosynthesis|[silent]
|switch|p1a: Great Tusk|Great Tusk, shiny|81/100|[from] Flip Turn
|
|upkeep
|turn|5
|
|t:|1781160149
|switch|p2a: Gliscor|Gliscor, M|100/100
|move|p1a: Great Tusk|Headlong Rush|p2a: Gliscor
|-immune|p2a: Gliscor
|
|-status|p2a: Gliscor|tox|[from] item: Toxic Orb
|upkeep
|turn|6
|
|t:|1781160155
|-terastallize|p2a: Gliscor|Water
|move|p1a: Great Tusk|Ice Spinner|p2a: Gliscor
|-resisted|p2a: Gliscor
|-damage|p2a: Gliscor|89/100 tox
|-damage|p1a: Great Tusk|71/100|[from] item: Life Orb
|move|p2a: Gliscor|Spikes|p1a: Great Tusk
|-sidestart|p1: stevstacks|Spikes
|
|-heal|p2a: Gliscor|100/100 tox|[from] ability: Poison Heal
|upkeep
|turn|7
|
|t:|1781160160
|move|p1a: Great Tusk|Headlong Rush|p2a: Gliscor
|-damage|p2a: Gliscor|53/100 tox
|-unboost|p1a: Great Tusk|def|1
|-unboost|p1a: Great Tusk|spd|1
|-damage|p1a: Great Tusk|61/100|[from] item: Life Orb
|move|p2a: Gliscor|Earthquake|p1a: Great Tusk
|-damage|p1a: Great Tusk|23/100
|
|-heal|p2a: Gliscor|65/100 tox|[from] ability: Poison Heal
|upkeep
|turn|8
|
|t:|1781160164
|move|p2a: Gliscor|Protect|p2a: Gliscor
|-singleturn|p2a: Gliscor|Protect
|move|p1a: Great Tusk|Headlong Rush|p2a: Gliscor
|-activate|p2a: Gliscor|move: Protect
|
|-heal|p2a: Gliscor|78/100 tox|[from] ability: Poison Heal
|upkeep
|turn|9
|
|t:|1781160168
|move|p1a: Great Tusk|Headlong Rush|p2a: Gliscor
|-damage|p2a: Gliscor|30/100 tox
|-unboost|p1a: Great Tusk|def|1
|-unboost|p1a: Great Tusk|spd|1
|-damage|p1a: Great Tusk|13/100|[from] item: Life Orb
|move|p2a: Gliscor|Knock Off|p1a: Great Tusk
|-resisted|p1a: Great Tusk
|-crit|p1a: Great Tusk
|-damage|p1a: Great Tusk|0 fnt
|-enditem|p1a: Great Tusk|Life Orb|[from] move: Knock Off|[of] p2a: Gliscor
|faint|p1a: Great Tusk
|-end|p1a: Great Tusk|Protosynthesis|[silent]
|
|-heal|p2a: Gliscor|43/100 tox|[from] ability: Poison Heal
|upkeep
|
|t:|1781160175
|switch|p1a: Raging Bolt|Raging Bolt|100/100
|-damage|p1a: Raging Bolt|88/100|[from] Spikes
|turn|10
|
|t:|1781160179
|move|p2a: Gliscor|Protect|p2a: Gliscor
|-singleturn|p2a: Gliscor|Protect
|move|p1a: Raging Bolt|Draco Meteor|p2a: Gliscor
|-activate|p2a: Gliscor|move: Protect
|
|-heal|p2a: Gliscor|55/100 tox|[from] ability: Poison Heal
|upkeep
|turn|11
|
|t:|1781160183
|switch|p2a: Slowking|Slowking-Galar, M|100/100
|move|p1a: Raging Bolt|Draco Meteor|p2a: Slowking
|-damage|p2a: Slowking|71/100
|-unboost|p1a: Raging Bolt|spa|2
|
|upkeep
|turn|12
|
|t:|1781160190
|-end|p1a: Raging Bolt|Protosynthesis|[silent]
|switch|p1a: Corviknight|Corviknight, F, shiny|100/100
|-ability|p1a: Corviknight|Pressure
|move|p2a: Slowking|Future Sight|p1a: Corviknight
|-start|p2a: Slowking|move: Future Sight
|
|upkeep
|turn|13
|
|t:|1781160194
|switch|p2a: Gliscor|Gliscor, M, tera:Water|55/100 tox
|move|p1a: Corviknight|Defog|p2a: Gliscor
|-unboost|p2a: Gliscor|evasion|1
|-sideend|p1: stevstacks|Spikes|[from] move: Defog|[of] p1a: Corviknight
|
|-heal|p2a: Gliscor|68/100 tox|[from] ability: Poison Heal
|upkeep
|turn|14
|
|t:|1781160198
|move|p2a: Gliscor|Spikes|p1a: Corviknight
|-sidestart|p1: stevstacks|Spikes
|move|p1a: Corviknight|U-turn|p2a: Gliscor
|-damage|p2a: Gliscor|59/100 tox
|
|t:|1781160199
|switch|p1a: Dragonite|Dragonite, F, shiny|100/100|[from] U-turn
|
|-end|p1a: Dragonite|move: Future Sight
|-damage|p1a: Dragonite|76/100
|-heal|p2a: Gliscor|72/100 tox|[from] ability: Poison Heal
|upkeep
|turn|15
|
|t:|1781160203
|move|p1a: Dragonite|Encore|p2a: Gliscor
|-start|p2a: Gliscor|Encore
|move|p2a: Gliscor|Spikes|p1a: Dragonite
|-sidestart|p1: stevstacks|Spikes
|
|-heal|p2a: Gliscor|84/100 tox|[from] ability: Poison Heal
|upkeep
|turn|16
|
|t:|1781160218
|move|p1a: Dragonite|Dragon Dance|p1a: Dragonite
|-boost|p1a: Dragonite|atk|1
|-boost|p1a: Dragonite|spe|1
|move|p2a: Gliscor|Spikes|p1a: Dragonite
|-sidestart|p1: stevstacks|Spikes
|
|-heal|p2a: Gliscor|97/100 tox|[from] ability: Poison Heal
|upkeep
|turn|17
|
|t:|1781160224
|switch|p2a: Dondozo|Dondozo, F|100/100
|move|p1a: Dragonite|Scale Shot|p2a: Dondozo
|-damage|p2a: Dondozo|94/100
|-damage|p2a: Dondozo|88/100
|-damage|p2a: Dondozo|82/100
|-damage|p2a: Dondozo|75/100
|-hitcount|p2a: Dondozo|4
|-unboost|p1a: Dragonite|def|1
|-boost|p1a: Dragonite|spe|1
|
|-heal|p2a: Dondozo|82/100|[from] item: Leftovers
|upkeep
|turn|18
|
|t:|1781160233
|switch|p2a: Great Tusk|Great Tusk|100/100
|move|p1a: Dragonite|Scale Shot|p2a: Great Tusk
|-damage|p2a: Great Tusk|84/100
|-damage|p2a: Great Tusk|68/100
|-damage|p2a: Great Tusk|51/100
|-damage|p2a: Great Tusk|36/100
|-hitcount|p2a: Great Tusk|4
|-unboost|p1a: Dragonite|def|1
|-boost|p1a: Dragonite|spe|1
|
|upkeep
|turn|19
|
|t:|1781160241
|move|p1a: Dragonite|Scale Shot|p2a: Great Tusk
|-damage|p2a: Great Tusk|20/100
|-damage|p2a: Great Tusk|4/100
|-damage|p2a: Great Tusk|0 fnt
|faint|p2a: Great Tusk
|-end|p2a: Great Tusk|Protosynthesis|[silent]
|-hitcount|p2: Great Tusk|3
|-unboost|p1a: Dragonite|def|1
|-boost|p1a: Dragonite|spe|1
|
|upkeep
|
|t:|1781160245
|switch|p2a: Kingambit|Kingambit, M|100/100
|-activate|p2a: Kingambit|ability: Supreme Overlord
|-start|p2a: Kingambit|fallen2|[silent]
|turn|20
|
|t:|1781160252
|switch|p1a: Torkoal|Torkoal, M, shiny|100/100
|-damage|p1a: Torkoal|76/100|[from] Spikes
|-weather|SunnyDay|[from] ability: Drought|[of] p1a: Torkoal
|move|p2a: Kingambit|Swords Dance|p2a: Kingambit
|-boost|p2a: Kingambit|atk|2
|
|-weather|SunnyDay|[upkeep]
|upkeep
|turn|21
|
|t:|1781160257
|move|p2a: Kingambit|Sucker Punch|p1a: Torkoal
|-damage|p1a: Torkoal|0 fnt
|faint|p1a: Torkoal
|
|-weather|SunnyDay|[upkeep]
|upkeep
|
|t:|1781160258
|switch|p1a: Dragonite|Dragonite, F, shiny|76/100
|turn|22
|
|t:|1781160263
|move|p2a: Kingambit|Sucker Punch||[still]
|-fail|p2a: Kingambit
|move|p1a: Dragonite|Encore|p2a: Kingambit
|-start|p2a: Kingambit|Encore
|
|-weather|SunnyDay|[upkeep]
|upkeep
|turn|23
|
|t:|1781160267
|-end|p2a: Kingambit|fallen2|[silent]
|switch|p2a: Slowking|Slowking-Galar, M|100/100
|move|p1a: Dragonite|Scale Shot|p2a: Slowking
|-damage|p2a: Slowking|85/100
|-damage|p2a: Slowking|69/100
|-damage|p2a: Slowking|53/100
|-damage|p2a: Slowking|39/100
|-hitcount|p2a: Slowking|4
|-unboost|p1a: Dragonite|def|1
|-boost|p1a: Dragonite|spe|1
|
|-weather|SunnyDay|[upkeep]
|upkeep
|turn|24
|
|t:|1781160275
|switch|p2a: Gliscor|Gliscor, M, tera:Water|97/100 tox
|move|p1a: Dragonite|Scale Shot|p2a: Gliscor
|-damage|p2a: Gliscor|87/100 tox
|-damage|p2a: Gliscor|76/100 tox
|-damage|p2a: Gliscor|68/100 tox
|-damage|p2a: Gliscor|59/100 tox
|-damage|p2a: Gliscor|50/100 tox
|-hitcount|p2a: Gliscor|5
|-unboost|p1a: Dragonite|def|1
|-boost|p1a: Dragonite|spe|1
|
|-weather|SunnyDay|[upkeep]
|-heal|p2a: Gliscor|62/100 tox|[from] ability: Poison Heal
|upkeep
|turn|25
|
|t:|1781160281
|switch|p1a: Corviknight|Corviknight, F, shiny|100/100
|-ability|p1a: Corviknight|Pressure
|switch|p2a: Kingambit|Kingambit, M|100/100
|-activate|p2a: Kingambit|ability: Supreme Overlord
|-start|p2a: Kingambit|fallen2|[silent]
|
|-weather|SunnyDay|[upkeep]
|upkeep
|turn|26
|
|t:|1781160290
|move|p2a: Kingambit|Swords Dance|p2a: Kingambit
|-boost|p2a: Kingambit|atk|2
|move|p1a: Corviknight|Defog|p2a: Kingambit
|-unboost|p2a: Kingambit|evasion|1
|-sideend|p1: stevstacks|Spikes|[from] move: Defog|[of] p1a: Corviknight
|
|-weather|SunnyDay|[upkeep]
|upkeep
|turn|27
|
|t:|1781160295
|move|p2a: Kingambit|Low Kick|p1a: Corviknight
|-damage|p1a: Corviknight|39/100
|move|p1a: Corviknight|U-turn|p2a: Kingambit
|-crit|p2a: Kingambit
|-damage|p2a: Kingambit|83/100
|
|t:|1781160297
|switch|p1a: Walking Wake|Walking Wake|29/100|[from] U-turn
|-activate|p1a: Walking Wake|ability: Protosynthesis
|-start|p1a: Walking Wake|protosynthesisspe
|
|-weather|none
|-end|p1a: Walking Wake|Protosynthesis
|-heal|p2a: Kingambit|89/100|[from] item: Leftovers
|upkeep
|turn|28
|
|t:|1781160301
|move|p1a: Walking Wake|Flamethrower|p2a: Kingambit
|-supereffective|p2a: Kingambit
|-damage|p2a: Kingambit|17/100
|move|p2a: Kingambit|Low Kick|p1a: Walking Wake
|-damage|p1a: Walking Wake|0 fnt
|faint|p1a: Walking Wake
|-end|p1a: Walking Wake|Protosynthesis|[silent]
|
|-heal|p2a: Kingambit|23/100|[from] item: Leftovers
|upkeep
|
|t:|1781160303
|switch|p1a: Raging Bolt|Raging Bolt|88/100
|turn|29
|
|t:|1781160310
|move|p2a: Kingambit|Sucker Punch|p1a: Raging Bolt
|-damage|p1a: Raging Bolt|0 fnt
|faint|p1a: Raging Bolt
|-end|p1a: Raging Bolt|Protosynthesis|[silent]
|
|-heal|p2a: Kingambit|29/100|[from] item: Leftovers
|upkeep
|
|t:|1781160312
|switch|p1a: Dragonite|Dragonite, F, shiny|76/100
|turn|30
|
|t:|1781160318
|move|p1a: Dragonite|Dragon Dance|p1a: Dragonite
|-boost|p1a: Dragonite|atk|1
|-boost|p1a: Dragonite|spe|1
|move|p2a: Kingambit|Iron Head|p1a: Dragonite
|-damage|p1a: Dragonite|0 fnt
|faint|p1a: Dragonite
|
|-heal|p2a: Kingambit|35/100|[from] item: Leftovers
|upkeep
|-message|stevstacks forfeited.
|
|win|KurisuChestnutOU
|raw|stevstacks's rating: 1573 &rarr; <strong>1549</strong><br />(-24 for losing)
|raw|KurisuChestnutOU's rating: 1508 &rarr; <strong>1532</strong><br />(+24 for winning)
|l|☆stevstacks
|player|p1|
