|j|☆temporarylight
|j|☆PlashShlate
|t:|1781280922
|gametype|singles
|player|p1|temporarylight|jogger|1732
|player|p2|PlashShlate|shadowtriad|1698
|gen|9
|tier|[Gen 9] OU
|rated|
|rule|HP Percentage Mod: HP is shown in percentages
|rule|Endless Battle Clause: Forcing endless battles is banned
|rule|Species Clause: Limit one of each Pokémon
|rule|OHKO Clause: OHKO moves are banned
|rule|Evasion Items Clause: Evasion items are banned
|rule|Evasion Moves Clause: Evasion moves are banned
|rule|Evasion Abilities Clause: Evasion abilities are banned
|rule|Sleep Moves Clause: Sleep-inducing moves are banned
|clearpoke
|poke|p1|Heatran, F|
|poke|p1|Ogerpon-Wellspring, F|
|poke|p1|Great Tusk|
|poke|p1|Scizor, F|
|poke|p1|Cresselia, F|
|poke|p1|Dragapult, F|
|poke|p2|Landorus-Therian, M|
|poke|p2|Gholdengo|
|poke|p2|Rillaboom, M|
|poke|p2|Walking Wake|
|poke|p2|Volcanion|
|poke|p2|Zamazenta-*|
|teampreview
|inactive|Battle timer is ON: inactive players will automatically lose when time's up. (requested by PlashShlate)
|c|☆temporarylight|plashslate
|c|☆temporarylight|plashshlate
|c|☆PlashShlate|we dont talk abt the typo
|inactive|temporarylight has 120 seconds left.
|inactive|PlashShlate has 120 seconds left.
|
|t:|1781280955
|teamsize|p1|6
|teamsize|p2|6
|start
|switch|p1a: Dragapult|Dragapult, F|100/100
|switch|p2a: Rillaboom|Rillaboom, M|100/100
|-fieldstart|move: Grassy Terrain|[from] ability: Grassy Surge|[of] p2a: Rillaboom
|turn|1
|
|t:|1781280963
|move|p1a: Dragapult|U-turn|p2a: Rillaboom
|-supereffective|p2a: Rillaboom
|-crit|p2a: Rillaboom
|-damage|p2a: Rillaboom|38/100
|
|t:|1781280965
|switch|p1a: Heatran|Heatran, F|100/100|[from] U-turn
|-item|p1a: Heatran|Air Balloon
|move|p2a: Rillaboom|Knock Off|p1a: Heatran
|-damage|p1a: Heatran|60/100
|-enditem|p1a: Heatran|Air Balloon
|-damage|p2a: Rillaboom|28/100|[from] item: Life Orb
|
|-heal|p2a: Rillaboom|34/100|[from] Grassy Terrain
|-heal|p1a: Heatran|66/100|[from] Grassy Terrain
|upkeep
|turn|2
|
|t:|1781280973
|switch|p1a: Dragapult|Dragapult, F|100/100
|move|p2a: Rillaboom|High Horsepower|p1a: Dragapult
|-damage|p1a: Dragapult|41/100
|-damage|p2a: Rillaboom|24/100|[from] item: Life Orb
|
|-heal|p1a: Dragapult|47/100|[from] Grassy Terrain
|-heal|p2a: Rillaboom|30/100|[from] Grassy Terrain
|upkeep
|turn|3
|
|t:|1781280977
|move|p2a: Rillaboom|Grassy Glide|p1a: Dragapult
|-resisted|p1a: Dragapult
|-damage|p1a: Dragapult|10/100
|-damage|p2a: Rillaboom|21/100|[from] item: Life Orb
|move|p1a: Dragapult|U-turn|p2a: Rillaboom
|-supereffective|p2a: Rillaboom
|-crit|p2a: Rillaboom
|-damage|p2a: Rillaboom|0 fnt
|faint|p2a: Rillaboom
|
|t:|1781280987
|switch|p1a: Ogerpon|Ogerpon-Wellspring, F|100/100|[from] U-turn
|
|upkeep
|
|t:|1781280990
|switch|p2a: Volcanion|Volcanion|100/100
|turn|4
|
|t:|1781280993
|move|p1a: Ogerpon|Power Whip|p2a: Volcanion
|-crit|p2a: Volcanion
|-damage|p2a: Volcanion|0 fnt
|faint|p2a: Volcanion
|
|upkeep
|
|t:|1781281000
|switch|p2a: Gholdengo|Gholdengo|100/100
|-enditem|p2a: Gholdengo|Grassy Seed
|-boost|p2a: Gholdengo|def|1|[from] item: Grassy Seed
|turn|5
|c|☆temporarylight|yep
|
|t:|1781281013
|switch|p1a: Great Tusk|Great Tusk|100/100
|-enditem|p1a: Great Tusk|Booster Energy
|-activate|p1a: Great Tusk|ability: Protosynthesis|[fromitem]
|-start|p1a: Great Tusk|protosynthesisatk
|move|p2a: Gholdengo|Shadow Ball|p1a: Great Tusk
|-damage|p1a: Great Tusk|49/100
|
|-heal|p1a: Great Tusk|55/100|[from] Grassy Terrain
|-fieldend|move: Grassy Terrain
|upkeep
|turn|6
|
|t:|1781281018
|switch|p2a: Landorus|Landorus-Therian, M|100/100
|-ability|p2a: Landorus|Intimidate|boost
|-unboost|p1a: Great Tusk|atk|1
|move|p1a: Great Tusk|Headlong Rush|p2a: Landorus
|-immune|p2a: Landorus
|
|upkeep
|turn|7
|
|t:|1781281024
|move|p2a: Landorus|Earth Power|p1a: Great Tusk
|-crit|p1a: Great Tusk
|-damage|p1a: Great Tusk|0 fnt
|faint|p1a: Great Tusk
|-end|p1a: Great Tusk|Protosynthesis|[silent]
|
|upkeep
|
|t:|1781281027
|switch|p1a: Ogerpon|Ogerpon-Wellspring, F|100/100
|turn|8
|
|t:|1781281033
|switch|p2a: Zamazenta|Zamazenta|100/100
|-ability|p2a: Zamazenta|Dauntless Shield|boost
|-boost|p2a: Zamazenta|def|1
|move|p1a: Ogerpon|Ivy Cudgel|p2a: Zamazenta|[anim] Ivy Cudgel Water
|-crit|p2a: Zamazenta
|-damage|p2a: Zamazenta|16/100
|
|upkeep
|turn|9
|c|☆PlashShlate|man ur oger cant stop critting lol
|c|☆temporarylight|yep
|inactive|temporarylight has 120 seconds left.
|c|☆PlashShlate|wait you've crit 4/8 turns so far
|c|☆PlashShlate|ur the goat bro
|c|☆PlashShlate|good shit
|c|☆temporarylight|yep
|
|t:|1781281084
|switch|p1a: Dragapult|Dragapult, F|10/100
|move|p2a: Zamazenta|Close Combat|p1a: Dragapult
|-immune|p1a: Dragapult
|
|upkeep
|turn|10
|
|t:|1781281092
|move|p1a: Dragapult|Hex|p2a: Zamazenta
|-damage|p2a: Zamazenta|0 fnt
|faint|p2a: Zamazenta
|
|upkeep
|
|t:|1781281096
|switch|p2a: Walking Wake|Walking Wake|100/100
|-enditem|p2a: Walking Wake|Booster Energy
|-activate|p2a: Walking Wake|ability: Protosynthesis|[fromitem]
|-start|p2a: Walking Wake|protosynthesisspa
|turn|11
|inactive|temporarylight has 120 seconds left.
|
|t:|1781281104
|-terastallize|p2a: Walking Wake|Fairy
|move|p1a: Dragapult|Dragon Darts|p2a: Walking Wake
|-immune|p2a: Walking Wake
|move|p2a: Walking Wake|Agility|p2a: Walking Wake
|-boost|p2a: Walking Wake|spe|2
|
|upkeep
|turn|12
|
|t:|1781281111
|move|p2a: Walking Wake|Surf|p1a: Dragapult
|-resisted|p1a: Dragapult
|-damage|p1a: Dragapult|0 fnt
|faint|p1a: Dragapult
|
|upkeep
|inactive|temporarylight has 120 seconds left.
|c|☆PlashShlate|just come in w oger and crit cudgel bro
|c|☆PlashShlate|nothing to think abt
|inactive|temporarylight has 90 seconds left.
|j| Golem Rising
|
|t:|1781281163
|switch|p1a: Scizor|Scizor, F|100/100
|turn|13
|
|t:|1781281167
|move|p1a: Scizor|Bullet Punch|p2a: Walking Wake
|-supereffective|p2a: Walking Wake
|-damage|p2a: Walking Wake|15/100
|move|p2a: Walking Wake|Flamethrower|p1a: Scizor
|-supereffective|p1a: Scizor
|-damage|p1a: Scizor|0 fnt
|faint|p1a: Scizor
|
|upkeep
|inactive|temporarylight has 90 seconds left.
|c|☆temporarylight|oh ur right
|c|☆temporarylight|smart
|
|t:|1781281183
|switch|p1a: Cresselia|Cresselia, F|100/100
|turn|14
|
|t:|1781281189
|-terastallize|p1a: Cresselia|Fairy
|move|p2a: Walking Wake|Surf|p1a: Cresselia
|-damage|p1a: Cresselia|57/100
|move|p1a: Cresselia|Moonblast|p2a: Walking Wake
|-damage|p2a: Walking Wake|0 fnt
|faint|p2a: Walking Wake
|-end|p2a: Walking Wake|Protosynthesis|[silent]
|
|-heal|p1a: Cresselia|63/100|[from] item: Leftovers
|upkeep
|
|t:|1781281191
|switch|p2a: Gholdengo|Gholdengo|100/100
|turn|15
|
|t:|1781281200
|switch|p1a: Heatran|Heatran, F|66/100
|move|p2a: Gholdengo|Nasty Plot|p2a: Gholdengo
|-boost|p2a: Gholdengo|spa|2
|
|upkeep
|turn|16
|
|t:|1781281205
|move|p2a: Gholdengo|Shadow Ball|p1a: Heatran
|-damage|p1a: Heatran|17/100
|move|p1a: Heatran|Earth Power|p2a: Gholdengo
|-supereffective|p2a: Gholdengo
|-damage|p2a: Gholdengo|58/100
|
|upkeep
|turn|17
|
|t:|1781281212
|move|p2a: Gholdengo|Shadow Ball|p1a: Heatran
|-damage|p1a: Heatran|0 fnt
|faint|p1a: Heatran
|
|upkeep
|
|t:|1781281214
|switch|p1a: Ogerpon|Ogerpon-Wellspring, F|100/100
|turn|18
|
|t:|1781281217
|move|p1a: Ogerpon|Ivy Cudgel|p2a: Gholdengo|[anim] Ivy Cudgel Water
|-damage|p2a: Gholdengo|1/100
|move|p2a: Gholdengo|Shadow Ball|p1a: Ogerpon
|-damage|p1a: Ogerpon|15/100
|
|upkeep
|turn|19
|
|t:|1781281222
|move|p1a: Ogerpon|Ivy Cudgel|p2a: Gholdengo|[anim] Ivy Cudgel Water
|-damage|p2a: Gholdengo|0 fnt
|faint|p2a: Gholdengo
|
|upkeep
|
|t:|1781281223
|switch|p2a: Landorus|Landorus-Therian, M|100/100
|-ability|p2a: Landorus|Intimidate|boost
|-unboost|p1a: Ogerpon|atk|1
|turn|20
|
|t:|1781281225
|move|p1a: Ogerpon|Ivy Cudgel|p2a: Landorus|[anim] Ivy Cudgel Water
|-supereffective|p2a: Landorus
|-damage|p2a: Landorus|23/100
|move|p2a: Landorus|U-turn|p1a: Ogerpon
|-supereffective|p1a: Ogerpon
|-damage|p1a: Ogerpon|0 fnt
|faint|p1a: Ogerpon
|
|upkeep
|
|t:|1781281228
|switch|p1a: Cresselia|Cresselia, F, tera:Fairy|63/100
|turn|21
|c|☆PlashShlate|gg
|-message|PlashShlate forfeited.
|
|win|temporarylight
|raw|temporarylight's rating: 1732 &rarr; <strong>1750</strong><br />(+18 for winning)
|raw|PlashShlate's rating: 1698 &rarr; <strong>1680</strong><br />(-18 for losing)
|l|☆PlashShlate
|player|p2|
|c|☆temporarylight|gg
|l|☆temporarylight
|player|p1|
|l| Golem Rising
