|j|☆Liker of Mudkips
|j|☆lockheed shartin
|t:|1781583059
|gametype|singles
|player|p1|Liker of Mudkips|acetrainerf|1577
|player|p2|lockheed shartin|ruinmaniac|1602
|gen|9
|tier|[Gen 9] OU
|rated|
|rule|HP Percentage Mod: HP is shown in percentages
|rule|Endless Battle Clause: Forcing endless battles is banned
|rule|Species Clause: Limit one of each Pokémon
|rule|OHKO Clause: OHKO moves are banned
|rule|Evasion Items Clause: Evasion items are banned
|rule|Evasion Moves Clause: Evasion moves are banned
|rule|Evasion Abilities Clause: Evasion abilities are banned
|rule|Sleep Moves Clause: Sleep-inducing moves are banned
|clearpoke
|poke|p1|Dragapult, F|
|poke|p1|Ogerpon-Wellspring, F|
|poke|p1|Slowking-Galar, F|
|poke|p1|Great Tusk|
|poke|p1|Zapdos|
|poke|p1|Kingambit, M|
|poke|p2|Great Tusk|
|poke|p2|Ogerpon-Wellspring, F|
|poke|p2|Volcanion|
|poke|p2|Cresselia, F|
|poke|p2|Kingambit, F|
|poke|p2|Slowking-Galar, M|
|teampreview
|inactive|Battle timer is ON: inactive players will automatically lose when time's up. (requested by lockheed shartin)
|
|t:|1781583076
|teamsize|p1|6
|teamsize|p2|6
|start
|switch|p1a: Kos|Dragapult, F|100/100
|switch|p2a: Slowking|Slowking-Galar, M|100/100
|turn|1
|
|t:|1781583089
|move|p1a: Kos|U-turn|p2a: Slowking
|-damage|p2a: Slowking|81/100
|j| choispecs ironmoth
|
|t:|1781583094
|switch|p1a: Larxene|Zapdos|100/100|[from] U-turn
|move|p2a: Slowking|Thunder Wave|p1a: Larxene
|-immune|p1a: Larxene
|
|upkeep
|turn|2
|
|t:|1781583100
|move|p1a: Larxene|Hurricane|p2a: Slowking|[miss]
|-miss|p1a: Larxene|p2a: Slowking
|-prepare|p2a: Slowking|Chilly Reception|[premajor]
|move|p2a: Slowking|Chilly Reception|p2a: Slowking
|-weather|Snowscape
|
|t:|1781583125
|switch|p2a: Great Tusk|Great Tusk|100/100|[from] Chilly Reception
|
|-weather|Snowscape|[upkeep]
|upkeep
|turn|3
|
|t:|1781583130
|-end|p2a: Great Tusk|Protosynthesis|[silent]
|switch|p2a: Slowking|Slowking-Galar, M|100/100
|move|p1a: Larxene|Hurricane|p2a: Slowking
|-crit|p2a: Slowking
|-damage|p2a: Slowking|55/100
|
|-weather|Snowscape|[upkeep]
|upkeep
|turn|4
|
|t:|1781583137
|move|p1a: Larxene|Hurricane|p2a: Slowking
|-damage|p2a: Slowking|23/100
|-start|p2a: Slowking|confusion
|-prepare|p2a: Slowking|Chilly Reception|[premajor]
|-activate|p2a: Slowking|confusion
|-damage|p2a: Slowking|17/100|[from] confusion
|
|-weather|Snowscape|[upkeep]
|upkeep
|turn|5
|
|t:|1781583144
|switch|p2a: Kingambit|Kingambit, F|100/100
|move|p1a: Larxene|Hurricane|p2a: Kingambit|[miss]
|-miss|p1a: Larxene|p2a: Kingambit
|
|-weather|Snowscape|[upkeep]
|upkeep
|turn|6
|
|t:|1781583152
|-end|p2a: Kingambit|fallenundefined|[silent]
|switch|p2a: Slowking|Slowking-Galar, M|50/100
|move|p1a: Larxene|Heat Wave|p2a: Slowking
|-damage|p2a: Slowking|32/100
|
|-weather|none
|upkeep
|turn|7
|
|t:|1781583158
|switch|p2a: Kingambit|Kingambit, F|100/100
|move|p1a: Larxene|Hurricane|p2a: Kingambit
|-resisted|p2a: Kingambit
|-damage|p2a: Kingambit|75/100
|-start|p2a: Kingambit|confusion
|
|-heal|p2a: Kingambit|81/100|[from] item: Leftovers
|upkeep
|turn|8
|
|t:|1781583166
|-end|p2a: Kingambit|fallenundefined|[silent]
|switch|p2a: Slowking|Slowking-Galar, M|65/100
|move|p1a: Larxene|Hurricane|p2a: Slowking|[miss]
|-miss|p1a: Larxene|p2a: Slowking
|
|upkeep
|turn|9
|
|t:|1781583173
|move|p1a: Larxene|Volt Switch|p2a: Slowking
|-damage|p2a: Slowking|47/100
|
|t:|1781583177
|switch|p1a: Baku|Great Tusk|100/100|[from] Volt Switch
|-prepare|p2a: Slowking|Chilly Reception|[premajor]
|move|p2a: Slowking|Chilly Reception|p2a: Slowking
|-weather|Snowscape
|
|t:|1781583184
|switch|p2a: Ogerpon|Ogerpon-Wellspring, F|100/100|[from] Chilly Reception
|
|-weather|Snowscape|[upkeep]
|upkeep
|turn|10
|
|t:|1781583193
|-end|p1a: Baku|Protosynthesis|[silent]
|switch|p1a: Kos|Dragapult, F|100/100
|move|p2a: Ogerpon|Ivy Cudgel|p1a: Kos|[anim] Ivy Cudgel Water
|-resisted|p1a: Kos
|-damage|p1a: Kos|62/100
|
|-weather|Snowscape|[upkeep]
|upkeep
|turn|11
|
|t:|1781583202
|switch|p2a: Volcanion|Volcanion|100/100
|move|p1a: Kos|U-turn|p2a: Volcanion
|-resisted|p2a: Volcanion
|-damage|p2a: Volcanion|94/100
|
|t:|1781583209
|switch|p1a: Larxene|Zapdos|100/100|[from] U-turn
|
|-weather|Snowscape|[upkeep]
|upkeep
|turn|12
|
|t:|1781583213
|switch|p2a: Slowking|Slowking-Galar, M|80/100
|move|p1a: Larxene|Hurricane|p2a: Slowking|[miss]
|-miss|p1a: Larxene|p2a: Slowking
|
|-weather|Snowscape|[upkeep]
|upkeep
|turn|13
|
|t:|1781583221
|move|p1a: Larxene|Hurricane|p2a: Slowking
|-damage|p2a: Slowking|50/100
|-start|p2a: Slowking|confusion
|-activate|p2a: Slowking|confusion
|move|p2a: Slowking|Future Sight|p1a: Larxene
|-start|p2a: Slowking|move: Future Sight
|
|-weather|none
|upkeep
|turn|14
|
|t:|1781583228
|move|p1a: Larxene|Hurricane|p2a: Slowking
|-damage|p2a: Slowking|19/100
|-prepare|p2a: Slowking|Chilly Reception|[premajor]
|-activate|p2a: Slowking|confusion
|move|p2a: Slowking|Chilly Reception|p2a: Slowking
|-weather|Snowscape
|
|t:|1781583239
|switch|p2a: Ogerpon|Ogerpon-Wellspring, F|100/100|[from] Chilly Reception
|
|-weather|Snowscape|[upkeep]
|upkeep
|turn|15
|
|t:|1781583245
|switch|p2a: Slowking|Slowking-Galar, M|52/100
|move|p1a: Larxene|Hurricane|p2a: Slowking
|-damage|p2a: Slowking|21/100
|
|-weather|Snowscape|[upkeep]
|-end|p1a: Larxene|move: Future Sight
|-damage|p1a: Larxene|52/100
|upkeep
|turn|16
|
|t:|1781583256
|switch|p2a: Cresselia|Cresselia, F|100/100
|move|p1a: Larxene|Hurricane|p2a: Cresselia|[miss]
|-miss|p1a: Larxene|p2a: Cresselia
|
|-weather|Snowscape|[upkeep]
|upkeep
|turn|17
|j| pls game
|
|t:|1781583262
|switch|p2a: Slowking|Slowking-Galar, M|54/100
|move|p1a: Larxene|Roost|p1a: Larxene
|-heal|p1a: Larxene|100/100
|-singleturn|p1a: Larxene|move: Roost
|
|-weather|Snowscape|[upkeep]
|upkeep
|turn|18
|
|t:|1781583269
|move|p1a: Larxene|Hurricane|p2a: Slowking
|-damage|p2a: Slowking|23/100
|-start|p2a: Slowking|confusion
|-activate|p2a: Slowking|confusion
|move|p2a: Slowking|Sludge Bomb|p1a: Larxene
|-damage|p1a: Larxene|63/100
|
|-weather|none
|upkeep
|turn|19
|j| Shucklepilled
|
|t:|1781583278
|switch|p2a: Cresselia|Cresselia, F|100/100
|move|p1a: Larxene|Hurricane|p2a: Cresselia
|-damage|p2a: Cresselia|64/100
|
|upkeep
|turn|20
|
|t:|1781583287
|move|p1a: Larxene|Volt Switch|p2a: Cresselia
|-damage|p2a: Cresselia|42/100
|l| Shucklepilled
|
|t:|1781583292
|switch|p1a: Kos|Dragapult, F|62/100|[from] Volt Switch
|move|p2a: Cresselia|Moonlight|p2a: Cresselia
|-heal|p2a: Cresselia|92/100
|
|upkeep
|turn|21
|
|t:|1781583299
|move|p1a: Kos|U-turn|p2a: Cresselia
|-supereffective|p2a: Cresselia
|-damage|p2a: Cresselia|74/100
|
|t:|1781583302
|switch|p1a: Pants|Slowking-Galar, F|100/100|[from] U-turn
|move|p2a: Cresselia|Moonblast|p1a: Pants
|-resisted|p1a: Pants
|-damage|p1a: Pants|97/100
|
|upkeep
|turn|22
|
|t:|1781583309
|switch|p2a: Kingambit|Kingambit, F|81/100
|move|p1a: Pants|Flamethrower|p2a: Kingambit
|-supereffective|p2a: Kingambit
|-damage|p2a: Kingambit|34/100
|
|-heal|p2a: Kingambit|40/100|[from] item: Leftovers
|upkeep
|turn|23
|
|t:|1781583318
|switch|p1a: Baku|Great Tusk|100/100
|move|p2a: Kingambit|Kowtow Cleave|p1a: Baku
|-resisted|p1a: Baku
|-damage|p1a: Baku|81/100
|-damage|p2a: Kingambit|24/100|[from] item: Rocky Helmet|[of] p1a: Baku
|
|-heal|p2a: Kingambit|30/100|[from] item: Leftovers
|upkeep
|turn|24
|
|t:|1781583327
|-end|p2a: Kingambit|fallenundefined|[silent]
|switch|p2a: Ogerpon|Ogerpon-Wellspring, F|100/100
|move|p1a: Baku|Stealth Rock|p2a: Ogerpon
|-sidestart|p2: lockheed shartin|move: Stealth Rock
|
|upkeep
|turn|25
|
|t:|1781583339
|-end|p1a: Baku|Protosynthesis|[silent]
|switch|p1a: Kos|Dragapult, F|62/100
|move|p2a: Ogerpon|Play Rough|p1a: Kos
|-supereffective|p1a: Kos
|-damage|p1a: Kos|0 fnt
|faint|p1a: Kos
|
|upkeep
|
|t:|1781583348
|switch|p1a: Suika|Ogerpon-Wellspring, F|100/100
|turn|26
|
|t:|1781583358
|move|p1a: Suika|Power Whip|p2a: Ogerpon|[miss]
|-miss|p1a: Suika|p2a: Ogerpon
|move|p2a: Ogerpon|Power Whip|p1a: Suika
|-damage|p1a: Suika|0 fnt
|faint|p1a: Suika
|
|upkeep
|
|t:|1781583369
|switch|p1a: Larxene|Zapdos|63/100
|turn|27
|
|t:|1781583374
|switch|p2a: Slowking|Slowking-Galar, M|57/100
|move|p1a: Larxene|Roost|p1a: Larxene
|-heal|p1a: Larxene|100/100
|-singleturn|p1a: Larxene|move: Roost
|
|upkeep
|turn|28
|
|t:|1781583383
|move|p1a: Larxene|Hurricane|p2a: Slowking
|-damage|p2a: Slowking|24/100
|-start|p2a: Slowking|confusion
|-prepare|p2a: Slowking|Chilly Reception|[premajor]
|-activate|p2a: Slowking|confusion
|-damage|p2a: Slowking|17/100|[from] confusion
|
|upkeep
|turn|29
|
|t:|1781583390
|switch|p2a: Cresselia|Cresselia, F|74/100
|-damage|p2a: Cresselia|61/100|[from] Stealth Rock
|move|p1a: Larxene|Volt Switch|p2a: Cresselia
|-damage|p2a: Cresselia|41/100
|
|t:|1781583399
|switch|p1a: Nobunaga|Kingambit, M|100/100|[from] Volt Switch
|-activate|p1a: Nobunaga|ability: Supreme Overlord
|-start|p1a: Nobunaga|fallen2|[silent]
|-item|p1a: Nobunaga|Air Balloon
|
|upkeep
|turn|30
|
|t:|1781583406
|move|p2a: Cresselia|Moonblast|p1a: Nobunaga
|-damage|p1a: Nobunaga|80/100
|-enditem|p1a: Nobunaga|Air Balloon
|move|p1a: Nobunaga|Swords Dance|p1a: Nobunaga
|-boost|p1a: Nobunaga|atk|2
|
|upkeep
|turn|31
|
|t:|1781583415
|switch|p2a: Great Tusk|Great Tusk|100/100
|move|p1a: Nobunaga|Iron Head|p2a: Great Tusk
|-damage|p2a: Great Tusk|39/100
|
|upkeep
|turn|32
|
|t:|1781583425
|-end|p1a: Nobunaga|fallen2|[silent]
|switch|p1a: Larxene|Zapdos|100/100
|move|p2a: Great Tusk|Headlong Rush|p1a: Larxene
|-immune|p1a: Larxene
|
|upkeep
|turn|33
|
|t:|1781583432
|move|p1a: Larxene|Heat Wave|p2a: Great Tusk
|-damage|p2a: Great Tusk|0 fnt
|faint|p2a: Great Tusk
|-end|p2a: Great Tusk|Protosynthesis|[silent]
|
|upkeep
|
|t:|1781583437
|switch|p2a: Ogerpon|Ogerpon-Wellspring, F|100/100
|-damage|p2a: Ogerpon|88/100|[from] Stealth Rock
|turn|34
|
|t:|1781583442
|switch|p2a: Slowking|Slowking-Galar, M|50/100
|move|p1a: Larxene|Hurricane|p2a: Slowking
|-damage|p2a: Slowking|18/100
|
|upkeep
|turn|35
|
|t:|1781583449
|switch|p2a: Cresselia|Cresselia, F|41/100
|-damage|p2a: Cresselia|28/100|[from] Stealth Rock
|move|p1a: Larxene|Heat Wave|p2a: Cresselia
|-damage|p2a: Cresselia|9/100
|
|upkeep
|turn|36
|
|t:|1781583457
|move|p1a: Larxene|Volt Switch|p2a: Cresselia
|-damage|p2a: Cresselia|0 fnt
|faint|p2a: Cresselia
|
|t:|1781583466
|switch|p1a: Pants|Slowking-Galar, F|100/100|[from] Volt Switch
|
|upkeep
|
|t:|1781583471
|switch|p2a: Kingambit|Kingambit, F|30/100
|-damage|p2a: Kingambit|24/100|[from] Stealth Rock
|-activate|p2a: Kingambit|ability: Supreme Overlord
|-start|p2a: Kingambit|fallen2|[silent]
|turn|37
|
|t:|1781583477
|switch|p1a: Baku|Great Tusk|81/100
|move|p2a: Kingambit|Iron Head|p1a: Baku
|-damage|p1a: Baku|37/100
|-damage|p2a: Kingambit|7/100|[from] item: Rocky Helmet|[of] p1a: Baku
|
|-heal|p2a: Kingambit|13/100|[from] item: Leftovers
|upkeep
|turn|38
|
|t:|1781583491
|-end|p2a: Kingambit|fallen2|[silent]
|switch|p2a: Ogerpon|Ogerpon-Wellspring, F|88/100
|-damage|p2a: Ogerpon|76/100|[from] Stealth Rock
|move|p1a: Baku|Headlong Rush|p2a: Ogerpon
|-resisted|p2a: Ogerpon
|-damage|p2a: Ogerpon|37/100
|-unboost|p1a: Baku|def|1
|-unboost|p1a: Baku|spd|1
|
|upkeep
|turn|39
|j| Chooir
|
|t:|1781583510
|-end|p1a: Baku|Protosynthesis|[silent]
|switch|p1a: Pants|Slowking-Galar, F|100/100
|move|p2a: Ogerpon|Ivy Cudgel|p1a: Pants|[anim] Ivy Cudgel Water
|-damage|p1a: Pants|45/100
|
|upkeep
|turn|40
|
|t:|1781583517
|-terastallize|p1a: Pants|Water
|move|p2a: Ogerpon|Ivy Cudgel|p1a: Pants|[anim] Ivy Cudgel Water
|-resisted|p1a: Pants
|-damage|p1a: Pants|15/100
|move|p1a: Pants|Sludge Bomb|p2a: Ogerpon
|-supereffective|p2a: Ogerpon
|-damage|p2a: Ogerpon|0 fnt
|faint|p2a: Ogerpon
|
|upkeep
|
|t:|1781583529
|switch|p2a: Slowking|Slowking-Galar, M|52/100
|turn|41
|
|t:|1781583534
|move|p1a: Pants|Psyshock|p2a: Slowking
|-damage|p2a: Slowking|20/100
|-prepare|p2a: Slowking|Chilly Reception|[premajor]
|move|p2a: Slowking|Chilly Reception|p2a: Slowking
|-weather|Snowscape
|
|t:|1781583537
|switch|p2a: Volcanion|Volcanion|94/100|[from] Chilly Reception
|-damage|p2a: Volcanion|69/100|[from] Stealth Rock
|
|-weather|Snowscape|[upkeep]
|upkeep
|turn|42
|
|t:|1781583549
|move|p2a: Volcanion|Steam Eruption|p1a: Pants
|-resisted|p1a: Pants
|-damage|p1a: Pants|2/100
|-status|p1a: Pants|brn
|move|p1a: Pants|Sludge Bomb|p2a: Volcanion
|-damage|p2a: Volcanion|32/100
|
|-weather|Snowscape|[upkeep]
|-damage|p1a: Pants|0 fnt|[from] brn
|faint|p1a: Pants
|upkeep
|
|t:|1781583559
|switch|p1a: Baku|Great Tusk|37/100
|turn|43
|
|t:|1781583568
|move|p1a: Baku|Headlong Rush|p2a: Volcanion
|-supereffective|p2a: Volcanion
|-enditem|p2a: Volcanion|Shuca Berry|[eat]
|-enditem|p2a: Volcanion|Shuca Berry|[weaken]
|-damage|p2a: Volcanion|0 fnt
|-unboost|p1a: Baku|def|1
|-unboost|p1a: Baku|spd|1
|faint|p2a: Volcanion
|
|-weather|Snowscape|[upkeep]
|upkeep
|
|t:|1781583574
|switch|p2a: Slowking|Slowking-Galar, M|54/100
|turn|44
|
|t:|1781583582
|-terastallize|p2a: Slowking|Water
|move|p1a: Baku|Headlong Rush|p2a: Slowking
|-damage|p2a: Slowking|0 fnt
|-unboost|p1a: Baku|def|1
|-unboost|p1a: Baku|spd|1
|faint|p2a: Slowking
|
|-weather|Snowscape|[upkeep]
|upkeep
|-message|lockheed shartin forfeited.
|
|win|Liker of Mudkips
|raw|Liker of Mudkips's rating: 1577 &rarr; <strong>1598</strong><br />(+21 for winning)
|raw|lockheed shartin's rating: 1602 &rarr; <strong>1581</strong><br />(-21 for losing)
|l|☆lockheed shartin
|player|p2|
|l| pls game
|l|☆Liker of Mudkips
|player|p1|
|l| Chooir
|l| choispecs ironmoth
|j| Shucklepilled
|l| Shucklepilled
