|j|☆bsp1
|j|☆fantominus83
|t:|1781249118
|gametype|singles
|player|p1|bsp1|265|1666
|player|p2|fantominus83|grimsley|1665
|gen|9
|tier|[Gen 9] OU
|rated|
|rule|HP Percentage Mod: HP is shown in percentages
|rule|Endless Battle Clause: Forcing endless battles is banned
|rule|Species Clause: Limit one of each Pokémon
|rule|OHKO Clause: OHKO moves are banned
|rule|Evasion Items Clause: Evasion items are banned
|rule|Evasion Moves Clause: Evasion moves are banned
|rule|Evasion Abilities Clause: Evasion abilities are banned
|rule|Sleep Moves Clause: Sleep-inducing moves are banned
|clearpoke
|poke|p1|Walking Wake|
|poke|p1|Cresselia, F|
|poke|p1|Ninetales, M|
|poke|p1|Zarude|
|poke|p1|Ceruledge, M|
|poke|p1|Great Tusk|
|poke|p2|Iron Crown|
|poke|p2|Ninetales-Alola, M|
|poke|p2|Ceruledge, F|
|poke|p2|Great Tusk|
|poke|p2|Hatterene, F|
|poke|p2|Manaphy|
|teampreview
|
|t:|1781249136
|teamsize|p1|6
|teamsize|p2|6
|start
|switch|p1a: Ceruledge|Ceruledge, M|100/100
|switch|p2a: Manaphy|Manaphy|100/100
|turn|1
|
|t:|1781249150
|switch|p1a: Cresselia|Cresselia, F|100/100
|move|p2a: Manaphy|Substitute|p2a: Manaphy
|-start|p2a: Manaphy|Substitute
|-damage|p2a: Manaphy|76/100
|
|-heal|p2a: Manaphy|82/100|[from] item: Leftovers
|upkeep
|turn|2
|inactive|Battle timer is ON: inactive players will automatically lose when time's up. (requested by fantominus83)
|
|t:|1781249157
|switch|p1a: Ninetales|Ninetales, M|100/100
|-weather|SunnyDay|[from] ability: Drought|[of] p1a: Ninetales
|move|p2a: Manaphy|Tail Glow|p2a: Manaphy
|-boost|p2a: Manaphy|spa|3
|
|-weather|SunnyDay|[upkeep]
|-heal|p2a: Manaphy|88/100|[from] item: Leftovers
|upkeep
|turn|3
|
|t:|1781249161
|move|p2a: Manaphy|Surf|p1a: Ninetales
|-supereffective|p1a: Ninetales
|-damage|p1a: Ninetales|0 fnt
|faint|p1a: Ninetales
|
|-weather|SunnyDay|[upkeep]
|-heal|p2a: Manaphy|94/100|[from] item: Leftovers
|upkeep
|
|t:|1781249168
|switch|p1a: Walking Wake|Walking Wake|100/100
|-activate|p1a: Walking Wake|ability: Protosynthesis
|-start|p1a: Walking Wake|protosynthesisspe
|turn|4
|
|t:|1781249173
|move|p1a: Walking Wake|Hydro Steam|p2a: Manaphy
|-resisted|p2a: Manaphy
|-end|p2a: Manaphy|Substitute
|move|p2a: Manaphy|Alluring Voice|p1a: Walking Wake
|-supereffective|p1a: Walking Wake
|-damage|p1a: Walking Wake|0 fnt
|faint|p1a: Walking Wake
|-end|p1a: Walking Wake|Protosynthesis|[silent]
|
|-weather|SunnyDay|[upkeep]
|-heal|p2a: Manaphy|99/100|[from] item: Leftovers
|upkeep
|
|t:|1781249179
|switch|p1a: Zarude|Zarude|100/100
|turn|5
|
|t:|1781249186
|switch|p2a: Ninetales|Ninetales-Alola, M|100/100
|-weather|Snowscape|[from] ability: Snow Warning|[of] p2a: Ninetales
|-terastallize|p1a: Zarude|Poison
|move|p1a: Zarude|Power Whip|p2a: Ninetales
|-damage|p2a: Ninetales|56/100
|
|-weather|Snowscape|[upkeep]
|upkeep
|turn|6
|
|t:|1781249192
|move|p2a: Ninetales|Aurora Veil|p2a: Ninetales
|-sidestart|p2: fantominus83|move: Aurora Veil
|move|p1a: Zarude|Swords Dance|p1a: Zarude
|-boost|p1a: Zarude|atk|2
|
|-weather|Snowscape|[upkeep]
|upkeep
|turn|7
|
|t:|1781249198
|move|p2a: Ninetales|Encore|p1a: Zarude
|-start|p1a: Zarude|Encore
|move|p1a: Zarude|Swords Dance|p1a: Zarude
|-boost|p1a: Zarude|atk|2
|
|-weather|Snowscape|[upkeep]
|upkeep
|turn|8
|
|t:|1781249209
|switch|p2a: Great Tusk|Great Tusk|100/100
|-enditem|p2a: Great Tusk|Booster Energy
|-activate|p2a: Great Tusk|ability: Protosynthesis|[fromitem]
|-start|p2a: Great Tusk|protosynthesisspe
|switch|p1a: Cresselia|Cresselia, F|100/100
|
|-weather|Snowscape|[upkeep]
|upkeep
|turn|9
|
|t:|1781249214
|-end|p2a: Great Tusk|Protosynthesis|[silent]
|switch|p2a: Ceruledge|Ceruledge, F|100/100
|move|p1a: Cresselia|Psychic|p2a: Ceruledge
|-damage|p2a: Ceruledge|85/100
|-unboost|p2a: Ceruledge|spd|1
|
|-weather|none
|upkeep
|turn|10
|
|t:|1781249222
|switch|p1a: Zarude|Zarude, tera:Poison|100/100
|move|p2a: Ceruledge|Swords Dance|p2a: Ceruledge
|-boost|p2a: Ceruledge|atk|2
|
|upkeep
|turn|11
|
|t:|1781249229
|switch|p2a: Great Tusk|Great Tusk|100/100
|move|p1a: Zarude|Swords Dance|p1a: Zarude
|-boost|p1a: Zarude|atk|2
|
|upkeep
|turn|12
|
|t:|1781249234
|-end|p2a: Great Tusk|Protosynthesis|[silent]
|switch|p2a: Ceruledge|Ceruledge, F|85/100
|move|p1a: Zarude|Power Whip|p2a: Ceruledge
|-resisted|p2a: Ceruledge
|-damage|p2a: Ceruledge|43/100
|-ability|p2a: Ceruledge|Weak Armor|boost
|-unboost|p2a: Ceruledge|def|1
|-boost|p2a: Ceruledge|spe|2
|
|upkeep
|turn|13
|
|t:|1781249239
|move|p2a: Ceruledge|Poltergeist|p1a: Zarude
|-activate|p1a: Zarude|move: Poltergeist|Leftovers
|-damage|p1a: Zarude|30/100
|-damage|p2a: Ceruledge|33/100|[from] item: Life Orb
|move|p1a: Zarude|Knock Off|p2a: Ceruledge
|-supereffective|p2a: Ceruledge
|-damage|p2a: Ceruledge|0 fnt
|-enditem|p2a: Ceruledge|Life Orb|[from] move: Knock Off|[of] p1a: Zarude
|faint|p2a: Ceruledge
|
|-heal|p1a: Zarude|36/100|[from] item: Leftovers
|-sideend|p2: fantominus83|move: Aurora Veil
|upkeep
|
|t:|1781249254
|switch|p2a: Ninetales|Ninetales-Alola, M|56/100
|-weather|Snowscape|[from] ability: Snow Warning|[of] p2a: Ninetales
|turn|14
|
|t:|1781249258
|move|p2a: Ninetales|Aurora Veil|p2a: Ninetales
|-sidestart|p2: fantominus83|move: Aurora Veil
|move|p1a: Zarude|Power Whip|p2a: Ninetales
|-damage|p2a: Ninetales|8/100
|
|-weather|Snowscape|[upkeep]
|-heal|p1a: Zarude|42/100|[from] item: Leftovers
|upkeep
|turn|15
|
|t:|1781249267
|move|p2a: Ninetales|Freeze-Dry|p1a: Zarude
|-damage|p1a: Zarude|21/100
|move|p1a: Zarude|Knock Off|p2a: Ninetales
|-resisted|p2a: Ninetales
|-damage|p2a: Ninetales|0 fnt
|-enditem|p2a: Ninetales|Light Clay|[from] move: Knock Off|[of] p1a: Zarude
|faint|p2a: Ninetales
|
|-weather|Snowscape|[upkeep]
|-heal|p1a: Zarude|27/100|[from] item: Leftovers
|upkeep
|
|t:|1781249275
|switch|p2a: Iron Crown|Iron Crown|100/100
|turn|16
|
|t:|1781249281
|move|p1a: Zarude|Knock Off|p2a: Iron Crown
|-supereffective|p2a: Iron Crown
|-crit|p2a: Iron Crown
|-damage|p2a: Iron Crown|0 fnt
|-enditem|p2a: Iron Crown|Weakness Policy|[from] move: Knock Off|[of] p1a: Zarude
|faint|p2a: Iron Crown
|-end|p2a: Iron Crown|Quark Drive|[silent]
|
|-weather|Snowscape|[upkeep]
|-heal|p1a: Zarude|33/100|[from] item: Leftovers
|upkeep
|
|t:|1781249286
|switch|p2a: Hatterene|Hatterene, F|100/100
|turn|17
|j| Ferenc Liszt
|
|t:|1781249297
|move|p1a: Zarude|Power Whip|p2a: Hatterene
|-damage|p2a: Hatterene|53/100
|move|p2a: Hatterene|Psychic Noise|p1a: Zarude
|-supereffective|p1a: Zarude
|-damage|p1a: Zarude|0 fnt
|faint|p1a: Zarude
|
|-weather|Snowscape|[upkeep]
|-heal|p2a: Hatterene|59/100|[from] item: Leftovers
|upkeep
|inactive|bsp1 has 120 seconds left.
|j| yuureisuisei
|
|t:|1781249324
|switch|p1a: Ceruledge|Ceruledge, M|100/100
|turn|18
|
|t:|1781249328
|switch|p2a: Manaphy|Manaphy|99/100
|move|p1a: Ceruledge|Swords Dance|p1a: Ceruledge
|-boost|p1a: Ceruledge|atk|2
|
|-weather|none
|-heal|p2a: Manaphy|100/100|[from] item: Leftovers
|upkeep
|turn|19
|
|t:|1781249334
|move|p2a: Manaphy|Surf|p1a: Ceruledge
|-supereffective|p1a: Ceruledge
|-damage|p1a: Ceruledge|3/100
|move|p1a: Ceruledge|Poltergeist|p2a: Manaphy
|-activate|p2a: Manaphy|move: Poltergeist|Leftovers
|-damage|p2a: Manaphy|44/100
|
|-heal|p2a: Manaphy|51/100|[from] item: Leftovers
|upkeep
|turn|20
|
|t:|1781249345
|switch|p1a: Cresselia|Cresselia, F|100/100
|move|p2a: Manaphy|Surf|p1a: Cresselia
|-damage|p1a: Cresselia|80/100
|-enditem|p1a: Cresselia|Eject Button
|
|t:|1781249349
|switch|p1a: Great Tusk|Great Tusk|100/100
|
|-heal|p2a: Manaphy|57/100|[from] item: Leftovers
|upkeep
|turn|21
|
|t:|1781249355
|move|p2a: Manaphy|Surf|p1a: Great Tusk
|-supereffective|p1a: Great Tusk
|-damage|p1a: Great Tusk|18/100
|move|p1a: Great Tusk|Rapid Spin|p2a: Manaphy
|-damage|p2a: Manaphy|47/100
|-boost|p1a: Great Tusk|spe|1
|
|-heal|p2a: Manaphy|53/100|[from] item: Leftovers
|-sideend|p2: fantominus83|move: Aurora Veil
|upkeep
|turn|22
|
|t:|1781249361
|switch|p2a: Great Tusk|Great Tusk|100/100
|move|p1a: Great Tusk|Headlong Rush|p2a: Great Tusk
|-damage|p2a: Great Tusk|54/100
|-unboost|p1a: Great Tusk|def|1
|-unboost|p1a: Great Tusk|spd|1
|
|upkeep
|turn|23
|
|t:|1781249368
|move|p1a: Great Tusk|Headlong Rush|p2a: Great Tusk
|-damage|p2a: Great Tusk|9/100
|-unboost|p1a: Great Tusk|def|1
|-unboost|p1a: Great Tusk|spd|1
|move|p2a: Great Tusk|Ice Spinner|p1a: Great Tusk
|-supereffective|p1a: Great Tusk
|-damage|p1a: Great Tusk|0 fnt
|faint|p1a: Great Tusk
|-end|p1a: Great Tusk|Protosynthesis|[silent]
|
|upkeep
|
|t:|1781249373
|switch|p1a: Cresselia|Cresselia, F|80/100
|turn|24
|
|t:|1781249378
|-end|p2a: Great Tusk|Protosynthesis|[silent]
|switch|p2a: Hatterene|Hatterene, F|59/100
|move|p1a: Cresselia|Psychic|p2a: Hatterene
|-resisted|p2a: Hatterene
|-damage|p2a: Hatterene|46/100
|
|-heal|p2a: Hatterene|52/100|[from] item: Leftovers
|upkeep
|turn|25
|
|t:|1781249385
|move|p1a: Cresselia|Lunar Dance|p1a: Cresselia
|faint|p1a: Cresselia
|move|p2a: Hatterene|Draining Kiss|p1: Cresselia|[notarget]
|-fail|p2a: Hatterene
|
|-heal|p2a: Hatterene|58/100|[from] item: Leftovers
|upkeep
|
|t:|1781249391
|switch|p1a: Ceruledge|Ceruledge, M|3/100
|-heal|p1a: Ceruledge|100/100|[from] move: Lunar Dance
|turn|26
|
|t:|1781249396
|move|p1a: Ceruledge|Poltergeist|p2a: Hatterene
|-activate|p2a: Hatterene|move: Poltergeist|Leftovers
|-supereffective|p2a: Hatterene
|-damage|p2a: Hatterene|0 fnt
|faint|p2a: Hatterene
|
|upkeep
|
|t:|1781249401
|switch|p2a: Great Tusk|Great Tusk|9/100
|turn|27
|
|t:|1781249407
|move|p2a: Great Tusk|Headlong Rush|p1a: Ceruledge
|-supereffective|p1a: Ceruledge
|-enditem|p1a: Ceruledge|Focus Sash
|-damage|p1a: Ceruledge|1/100
|-unboost|p2a: Great Tusk|def|1
|-unboost|p2a: Great Tusk|spd|1
|-ability|p1a: Ceruledge|Weak Armor|boost
|-unboost|p1a: Ceruledge|def|1
|-boost|p1a: Ceruledge|spe|2
|move|p1a: Ceruledge|Swords Dance|p1a: Ceruledge
|-boost|p1a: Ceruledge|atk|2
|
|upkeep
|turn|28
|
|t:|1781249410
|move|p1a: Ceruledge|Bitter Blade|p2a: Great Tusk
|-damage|p2a: Great Tusk|0 fnt
|-heal|p1a: Ceruledge|7/100|[from] drain|[of] p2a: Great Tusk
|faint|p2a: Great Tusk
|-end|p2a: Great Tusk|Protosynthesis|[silent]
|
|upkeep
|
|t:|1781249412
|switch|p2a: Manaphy|Manaphy|53/100
|turn|29
|
|t:|1781249418
|move|p1a: Ceruledge|Close Combat|p2a: Manaphy
|-damage|p2a: Manaphy|0 fnt
|-unboost|p1a: Ceruledge|def|1
|-unboost|p1a: Ceruledge|spd|1
|faint|p2a: Manaphy
|
|win|bsp1
|raw|bsp1's rating: 1666 &rarr; <strong>1686</strong><br />(+20 for winning)
|raw|fantominus83's rating: 1665 &rarr; <strong>1645</strong><br />(-20 for losing)
|l| yuureisuisei
|l|☆fantominus83
|player|p2|
|l|☆bsp1
|player|p1|
