|j|☆LowEL0God
|j|☆Sushigengu
|t:|1781272992
|gametype|singles
|player|p1|LowEL0God|265|1617
|player|p2|Sushigengu|unknown|1593
|gen|9
|tier|[Gen 9] OU
|rated|
|rule|HP Percentage Mod: HP is shown in percentages
|rule|Endless Battle Clause: Forcing endless battles is banned
|rule|Species Clause: Limit one of each Pokémon
|rule|OHKO Clause: OHKO moves are banned
|rule|Evasion Items Clause: Evasion items are banned
|rule|Evasion Moves Clause: Evasion moves are banned
|rule|Evasion Abilities Clause: Evasion abilities are banned
|rule|Sleep Moves Clause: Sleep-inducing moves are banned
|clearpoke
|poke|p1|Pelipper, M|
|poke|p1|Raging Bolt|
|poke|p1|Overqwil, F|
|poke|p1|Barraskewda, F|
|poke|p1|Iron Treads|
|poke|p1|Kingambit, M|
|poke|p2|Kyurem|
|poke|p2|Slowking-Galar, F|
|poke|p2|Great Tusk|
|poke|p2|Cinderace, F|
|poke|p2|Tornadus-Therian, M|
|poke|p2|Corviknight, M|
|teampreview
|c|☆LowEL0God|hf
|inactive|Battle timer is ON: inactive players will automatically lose when time's up. (requested by LowEL0God)
|
|t:|1781272997
|teamsize|p1|6
|teamsize|p2|6
|start
|switch|p1a: Barraskewda|Barraskewda, F|100/100
|switch|p2a: Kyurem|Kyurem|100/100
|-ability|p2a: Kyurem|Pressure
|turn|1
|
|t:|1781273002
|switch|p1a: Kingambit|Kingambit, M|100/100
|switch|p2a: Slowking|Slowking-Galar, F|100/100
|
|upkeep
|turn|2
|
|t:|1781273012
|move|p1a: Kingambit|Swords Dance|p1a: Kingambit
|-boost|p1a: Kingambit|atk|2
|move|p2a: Slowking|Thunder Wave|p1a: Kingambit
|-status|p1a: Kingambit|par
|
|upkeep
|turn|3
|
|t:|1781273025
|switch|p2a: Great Tusk|Great Tusk|100/100
|move|p1a: Kingambit|Iron Head|p2a: Great Tusk
|-damage|p2a: Great Tusk|36/100
|
|upkeep
|turn|4
|
|t:|1781273031
|-end|p1a: Kingambit|fallenundefined|[silent]
|switch|p1a: Pelipper|Pelipper, M|100/100
|-weather|RainDance|[from] ability: Drizzle|[of] p1a: Pelipper
|move|p2a: Great Tusk|Close Combat|p1a: Pelipper
|-resisted|p1a: Pelipper
|-damage|p1a: Pelipper|74/100
|-unboost|p2a: Great Tusk|def|1
|-unboost|p2a: Great Tusk|spd|1
|
|-weather|RainDance|[upkeep]
|upkeep
|turn|5
|
|t:|1781273037
|-end|p2a: Great Tusk|Protosynthesis|[silent]
|switch|p2a: Slowking|Slowking-Galar, F|100/100
|move|p1a: Pelipper|Hurricane|p2a: Slowking
|-damage|p2a: Slowking|73/100
|-start|p2a: Slowking|confusion
|
|-weather|RainDance|[upkeep]
|upkeep
|turn|6
|
|t:|1781273039
|switch|p1a: Barraskewda|Barraskewda, F|100/100
|-prepare|p2a: Slowking|Chilly Reception|[premajor]
|-activate|p2a: Slowking|confusion
|move|p2a: Slowking|Chilly Reception|p2a: Slowking
|-weather|Snowscape
|
|t:|1781273051
|switch|p2a: Tornadus|Tornadus-Therian, M|100/100|[from] Chilly Reception
|
|-weather|Snowscape|[upkeep]
|upkeep
|turn|7
|
|t:|1781273055
|move|p2a: Tornadus|Knock Off|p1a: Barraskewda
|-damage|p1a: Barraskewda|59/100
|-enditem|p1a: Barraskewda|Choice Band|[from] move: Knock Off|[of] p2a: Tornadus
|move|p1a: Barraskewda|Liquidation|p2a: Tornadus
|-damage|p2a: Tornadus|51/100
|-unboost|p2a: Tornadus|def|1
|
|-weather|Snowscape|[upkeep]
|upkeep
|turn|8
|
|t:|1781273064
|move|p2a: Tornadus|Bleakwind Storm|p1a: Barraskewda
|-damage|p1a: Barraskewda|0 fnt
|faint|p1a: Barraskewda
|
|-weather|Snowscape|[upkeep]
|upkeep
|
|t:|1781273065
|switch|p1a: Overqwil|Overqwil, F|100/100
|turn|9
|
|t:|1781273070
|move|p2a: Tornadus|U-turn|p1a: Overqwil
|-damage|p1a: Overqwil|84/100
|
|t:|1781273075
|switch|p2a: Slowking|Slowking-Galar, F|100/100|[from] U-turn
|move|p1a: Overqwil|Swords Dance|p1a: Overqwil
|-boost|p1a: Overqwil|atk|2
|
|-weather|Snowscape|[upkeep]
|upkeep
|turn|10
|
|t:|1781273079
|move|p1a: Overqwil|Crunch|p2a: Slowking
|-supereffective|p2a: Slowking
|-crit|p2a: Slowking
|-enditem|p2a: Slowking|Colbur Berry|[eat]
|-enditem|p2a: Slowking|Colbur Berry|[weaken]
|-damage|p2a: Slowking|0 fnt
|faint|p2a: Slowking
|-damage|p1a: Overqwil|75/100|[from] item: Life Orb
|
|-weather|none
|upkeep
|
|t:|1781273088
|switch|p2a: Great Tusk|Great Tusk|36/100
|turn|11
|
|t:|1781273093
|switch|p1a: Pelipper|Pelipper, M|74/100
|-weather|RainDance|[from] ability: Drizzle|[of] p1a: Pelipper
|move|p2a: Great Tusk|Close Combat|p1a: Pelipper
|-resisted|p1a: Pelipper
|-damage|p1a: Pelipper|51/100
|-unboost|p2a: Great Tusk|def|1
|-unboost|p2a: Great Tusk|spd|1
|
|-weather|RainDance|[upkeep]
|upkeep
|turn|12
|
|t:|1781273098
|-end|p2a: Great Tusk|Protosynthesis|[silent]
|switch|p2a: Corviknight|Corviknight, M|100/100
|-ability|p2a: Corviknight|Pressure
|move|p1a: Pelipper|Roost|p1a: Pelipper
|-heal|p1a: Pelipper|100/100
|-singleturn|p1a: Pelipper|move: Roost
|
|-weather|RainDance|[upkeep]
|upkeep
|turn|13
|
|t:|1781273103
|switch|p2a: Tornadus|Tornadus-Therian, M|84/100
|move|p1a: Pelipper|Weather Ball|p2a: Tornadus
|-damage|p2a: Tornadus|53/100
|
|-weather|RainDance|[upkeep]
|upkeep
|turn|14
|
|t:|1781273109
|move|p2a: Tornadus|Bleakwind Storm|p1a: Pelipper
|-damage|p1a: Pelipper|49/100
|-unboost|p1a: Pelipper|spe|1
|move|p1a: Pelipper|Hurricane|p2a: Tornadus
|-damage|p2a: Tornadus|26/100
|
|-weather|RainDance|[upkeep]
|upkeep
|turn|15
|
|t:|1781273116
|move|p2a: Tornadus|Bleakwind Storm|p1a: Pelipper
|-damage|p1a: Pelipper|0 fnt
|faint|p1a: Pelipper
|
|-weather|RainDance|[upkeep]
|upkeep
|
|t:|1781273116
|switch|p1a: Overqwil|Overqwil, F|75/100
|turn|16
|
|t:|1781273124
|move|p1a: Overqwil|Swords Dance|p1a: Overqwil
|-boost|p1a: Overqwil|atk|2
|move|p2a: Tornadus|Bleakwind Storm|p1a: Overqwil
|-damage|p1a: Overqwil|22/100
|
|-weather|RainDance|[upkeep]
|upkeep
|turn|17
|
|t:|1781273136
|move|p1a: Overqwil|Crunch|p2a: Tornadus
|-damage|p2a: Tornadus|0 fnt
|faint|p2a: Tornadus
|-damage|p1a: Overqwil|12/100|[from] item: Life Orb
|
|-weather|RainDance|[upkeep]
|upkeep
|
|t:|1781273142
|switch|p2a: Corviknight|Corviknight, M|100/100
|-ability|p2a: Corviknight|Pressure
|turn|18
|
|t:|1781273146
|move|p1a: Overqwil|Crunch|p2a: Corviknight
|-damage|p2a: Corviknight|7/100
|-damage|p1a: Overqwil|2/100|[from] item: Life Orb
|move|p2a: Corviknight|Roost|p2a: Corviknight
|-heal|p2a: Corviknight|57/100
|-singleturn|p2a: Corviknight|move: Roost
|
|-weather|none
|-heal|p2a: Corviknight|63/100|[from] item: Leftovers
|upkeep
|turn|19
|
|t:|1781273160
|move|p1a: Overqwil|Crunch|p2a: Corviknight
|-damage|p2a: Corviknight|0 fnt
|faint|p2a: Corviknight
|-damage|p1a: Overqwil|0 fnt|[from] item: Life Orb
|faint|p1a: Overqwil
|
|upkeep
|
|t:|1781273163
|switch|p1a: Iron Treads|Iron Treads|100/100
|switch|p2a: Great Tusk|Great Tusk|36/100
|-enditem|p1a: Iron Treads|Booster Energy
|-activate|p1a: Iron Treads|ability: Quark Drive|[fromitem]
|-start|p1a: Iron Treads|quarkdrivespe
|turn|20
|
|t:|1781273170
|-end|p2a: Great Tusk|Protosynthesis|[silent]
|switch|p2a: Cinderace|Cinderace, F|100/100
|move|p1a: Iron Treads|Steel Beam|p2a: Cinderace|[miss]
|-miss|p1a: Iron Treads|p2a: Cinderace
|-damage|p1a: Iron Treads|50/100|[from] steelbeam
|
|upkeep
|turn|21
|
|t:|1781273177
|move|p1a: Iron Treads|Earth Power|p2a: Cinderace
|-supereffective|p2a: Cinderace
|-damage|p2a: Cinderace|14/100
|move|p2a: Cinderace|Pyro Ball|p1a: Iron Treads
|-supereffective|p1a: Iron Treads
|-damage|p1a: Iron Treads|0 fnt
|faint|p1a: Iron Treads
|-end|p1a: Iron Treads|Quark Drive|[silent]
|
|upkeep
|
|t:|1781273180
|switch|p1a: Kingambit|Kingambit, M|100/100 par
|-activate|p1a: Kingambit|ability: Supreme Overlord
|-start|p1a: Kingambit|fallen4|[silent]
|turn|22
|
|t:|1781273185
|move|p1a: Kingambit|Sucker Punch|p2a: Cinderace
|-damage|p2a: Cinderace|0 fnt
|faint|p2a: Cinderace
|
|upkeep
|
|t:|1781273187
|switch|p2a: Great Tusk|Great Tusk|36/100
|turn|23
|
|t:|1781273189
|-terastallize|p1a: Kingambit|Dark
|move|p2a: Great Tusk|Close Combat|p1a: Kingambit
|-supereffective|p1a: Kingambit
|-damage|p1a: Kingambit|1/100 par
|-unboost|p2a: Great Tusk|def|1
|-unboost|p2a: Great Tusk|spd|1
|cant|p1a: Kingambit|par
|
|-heal|p1a: Kingambit|7/100 par|[from] item: Leftovers
|upkeep
|turn|24
|
|t:|1781273194
|move|p1a: Kingambit|Sucker Punch|p2a: Great Tusk
|-resisted|p2a: Great Tusk
|-damage|p2a: Great Tusk|0 fnt
|faint|p2a: Great Tusk
|-end|p2a: Great Tusk|Protosynthesis|[silent]
|
|-heal|p1a: Kingambit|14/100 par|[from] item: Leftovers
|upkeep
|
|t:|1781273197
|switch|p2a: Kyurem|Kyurem|100/100
|-ability|p2a: Kyurem|Pressure
|turn|25
|
|t:|1781273201
|move|p1a: Kingambit|Sucker Punch|p2a: Kyurem
|-damage|p2a: Kyurem|29/100
|move|p2a: Kyurem|Ice Beam|p1a: Kingambit
|-damage|p1a: Kingambit|0 fnt
|faint|p1a: Kingambit
|-end|p1a: Kingambit|fallen4|[silent]
|
|upkeep
|
|t:|1781273202
|switch|p1a: Raging Bolt|Raging Bolt|100/100
|-enditem|p1a: Raging Bolt|Booster Energy
|-activate|p1a: Raging Bolt|ability: Protosynthesis|[fromitem]
|-start|p1a: Raging Bolt|protosynthesisspa
|turn|26
|
|t:|1781273205
|move|p1a: Raging Bolt|Thunderclap|p2a: Kyurem
|-resisted|p2a: Kyurem
|-damage|p2a: Kyurem|3/100
|move|p2a: Kyurem|Ice Beam|p1a: Raging Bolt
|-supereffective|p1a: Raging Bolt
|-damage|p1a: Raging Bolt|0 fnt
|faint|p1a: Raging Bolt
|-end|p1a: Raging Bolt|Protosynthesis|[silent]
|
|win|Sushigengu
|raw|LowEL0God's rating: 1617 &rarr; <strong>1596</strong><br />(-21 for losing)
|raw|Sushigengu's rating: 1593 &rarr; <strong>1614</strong><br />(+21 for winning)
|l|☆Sushigengu
|player|p2|
|c|☆LowEL0God|gg
|l|☆LowEL0God
|player|p1|
