|j|☆LowEL0God
|j|☆cachowcapow
|t:|1781520301
|gametype|singles
|player|p1|LowEL0God|265|1578
|player|p2|cachowcapow|101|1651
|gen|9
|tier|[Gen 9] OU
|rated|
|rule|HP Percentage Mod: HP is shown in percentages
|rule|Endless Battle Clause: Forcing endless battles is banned
|rule|Species Clause: Limit one of each Pokémon
|rule|OHKO Clause: OHKO moves are banned
|rule|Evasion Items Clause: Evasion items are banned
|rule|Evasion Moves Clause: Evasion moves are banned
|rule|Evasion Abilities Clause: Evasion abilities are banned
|rule|Sleep Moves Clause: Sleep-inducing moves are banned
|clearpoke
|poke|p1|Pelipper, M|
|poke|p1|Raging Bolt|
|poke|p1|Overqwil, M|
|poke|p1|Barraskewda, F|
|poke|p1|Iron Treads|
|poke|p1|Kingambit, M|
|poke|p2|Alomomola, M|
|poke|p2|Gardevoir, F|
|poke|p2|Scizor, M|
|poke|p2|Slither Wing|
|poke|p2|Mew|
|poke|p2|Meowscarada, F|
|teampreview
|c|☆LowEL0God|hf
|inactive|Battle timer is ON: inactive players will automatically lose when time's up. (requested by LowEL0God)
|
|t:|1781520308
|teamsize|p1|6
|teamsize|p2|6
|start
|switch|p1a: Pelipper|Pelipper, M|100/100
|switch|p2a: Mew|Mew, shiny|100/100
|-weather|RainDance|[from] ability: Drizzle|[of] p1a: Pelipper
|turn|1
|
|t:|1781520313
|move|p2a: Mew|Agility|p2a: Mew
|-boost|p2a: Mew|spe|2
|move|p1a: Pelipper|Weather Ball|p2a: Mew
|-damage|p2a: Mew|56/100
|
|-weather|RainDance|[upkeep]
|upkeep
|turn|2
|
|t:|1781520319
|move|p2a: Mew|Agility|p2a: Mew
|-boost|p2a: Mew|spe|2
|move|p1a: Pelipper|Weather Ball|p2a: Mew
|-damage|p2a: Mew|14/100
|
|-weather|RainDance|[upkeep]
|upkeep
|turn|3
|
|t:|1781520323
|move|p2a: Mew|Stored Power|p1a: Pelipper
|-damage|p1a: Pelipper|54/100
|move|p1a: Pelipper|Hurricane|p2a: Mew
|-damage|p2a: Mew|0 fnt
|faint|p2a: Mew
|
|-weather|RainDance|[upkeep]
|upkeep
|
|t:|1781520331
|switch|p2a: Gardevoir|Gardevoir, F, shiny|100/100
|-ability|p2a: Gardevoir|Drizzle|Trace|[from] ability: Trace|[of] p1a: Pelipper
|turn|4
|
|t:|1781520335
|switch|p1a: Kingambit|Kingambit, M|100/100
|move|p2a: Gardevoir|Moonblast|p1a: Kingambit
|-damage|p1a: Kingambit|19/100
|-unboost|p1a: Kingambit|spa|1
|
|-weather|RainDance|[upkeep]
|-heal|p1a: Kingambit|26/100|[from] item: Leftovers
|upkeep
|turn|5
|
|t:|1781520341
|switch|p2a: Alomomola|Alomomola, M|100/100
|move|p1a: Kingambit|Sucker Punch||[still]
|-fail|p1a: Kingambit
|
|-weather|RainDance|[upkeep]
|-heal|p1a: Kingambit|32/100|[from] item: Leftovers
|upkeep
|turn|6
|
|t:|1781520342
|-end|p1a: Kingambit|fallenundefined|[silent]
|switch|p1a: Raging Bolt|Raging Bolt|100/100
|-enditem|p1a: Raging Bolt|Booster Energy
|-activate|p1a: Raging Bolt|ability: Protosynthesis|[fromitem]
|-start|p1a: Raging Bolt|protosynthesisspa
|move|p2a: Alomomola|Flip Turn|p1a: Raging Bolt
|-resisted|p1a: Raging Bolt
|-damage|p1a: Raging Bolt|77/100
|
|t:|1781520345
|switch|p2a: Gardevoir|Gardevoir, F, shiny|100/100|[from] Flip Turn
|
|-weather|RainDance|[upkeep]
|upkeep
|turn|7
|
|t:|1781520346
|move|p1a: Raging Bolt|Thunderclap|p2a: Gardevoir
|-damage|p2a: Gardevoir|42/100
|move|p2a: Gardevoir|Moonblast|p1a: Raging Bolt
|-supereffective|p1a: Raging Bolt
|-damage|p1a: Raging Bolt|0 fnt
|faint|p1a: Raging Bolt
|-end|p1a: Raging Bolt|Protosynthesis|[silent]
|
|-weather|RainDance|[upkeep]
|upkeep
|
|t:|1781520347
|switch|p1a: Barraskewda|Barraskewda, F|100/100
|-ability|p2a: Gardevoir|Swift Swim|Trace|[from] ability: Trace|[of] p1a: Barraskewda
|turn|8
|
|t:|1781520350
|switch|p2a: Alomomola|Alomomola, M|100/100
|move|p1a: Barraskewda|Liquidation|p2a: Alomomola
|-resisted|p2a: Alomomola
|-damage|p2a: Alomomola|62/100
|
|-weather|none
|upkeep
|turn|9
|
|t:|1781520352
|move|p1a: Barraskewda|Liquidation|p2a: Alomomola
|-resisted|p2a: Alomomola
|-damage|p2a: Alomomola|33/100
|move|p2a: Alomomola|Flip Turn|p1a: Barraskewda
|-resisted|p1a: Barraskewda
|-damage|p1a: Barraskewda|65/100
|
|t:|1781520360
|switch|p2a: Meowscarada|Meowscarada, F|100/100|[from] Flip Turn
|
|upkeep
|turn|10
|
|t:|1781520366
|switch|p1a: Kingambit|Kingambit, M|32/100
|-activate|p1a: Kingambit|ability: Supreme Overlord
|-start|p1a: Kingambit|fallen1|[silent]
|move|p2a: Meowscarada|U-turn|p1a: Kingambit
|-start|p2a: Meowscarada|typechange|Bug|[from] ability: Protean
|-damage|p1a: Kingambit|16/100
|
|t:|1781520369
|switch|p2a: Alomomola|Alomomola, M|67/100|[from] U-turn
|
|-heal|p1a: Kingambit|22/100|[from] item: Leftovers
|upkeep
|turn|11
|
|t:|1781520370
|move|p2a: Alomomola|Flip Turn|p1a: Kingambit
|-damage|p1a: Kingambit|0 fnt
|faint|p1a: Kingambit
|-end|p1a: Kingambit|fallen1|[silent]
|
|t:|1781520380
|switch|p2a: Meowscarada|Meowscarada, F|100/100|[from] Flip Turn
|
|upkeep
|
|t:|1781520381
|switch|p1a: Overqwil|Overqwil, M|100/100
|turn|12
|
|t:|1781520387
|move|p2a: Meowscarada|Power Gem|p1a: Overqwil
|-start|p2a: Meowscarada|typechange|Rock|[from] ability: Protean
|-damage|p1a: Overqwil|27/100
|move|p1a: Overqwil|Swords Dance|p1a: Overqwil
|-boost|p1a: Overqwil|atk|2
|
|upkeep
|turn|13
|
|t:|1781520391
|move|p2a: Meowscarada|Power Gem|p1a: Overqwil
|-damage|p1a: Overqwil|0 fnt
|faint|p1a: Overqwil
|
|upkeep
|
|t:|1781520391
|switch|p1a: Barraskewda|Barraskewda, F|65/100
|turn|14
|
|t:|1781520394
|switch|p2a: Alomomola|Alomomola, M|99/100
|move|p1a: Barraskewda|Close Combat|p2a: Alomomola
|-damage|p2a: Alomomola|53/100
|-unboost|p1a: Barraskewda|def|1
|-unboost|p1a: Barraskewda|spd|1
|
|upkeep
|turn|15
|
|t:|1781520397
|switch|p2a: Slither Wing|Slither Wing|100/100
|move|p1a: Barraskewda|Close Combat|p2a: Slither Wing
|-resisted|p2a: Slither Wing
|-damage|p2a: Slither Wing|76/100
|-unboost|p1a: Barraskewda|def|1
|-unboost|p1a: Barraskewda|spd|1
|-damage|p1a: Barraskewda|48/100|[from] item: Rocky Helmet|[of] p2a: Slither Wing
|
|upkeep
|turn|16
|
|t:|1781520399
|switch|p1a: Pelipper|Pelipper, M|54/100
|-weather|RainDance|[from] ability: Drizzle|[of] p1a: Pelipper
|move|p2a: Slither Wing|U-turn|p1a: Pelipper
|-resisted|p1a: Pelipper
|-damage|p1a: Pelipper|43/100
|
|t:|1781520404
|-end|p2a: Slither Wing|Protosynthesis|[silent]
|switch|p2a: Gardevoir|Gardevoir, F, shiny|42/100|[from] U-turn
|-ability|p2a: Gardevoir|Drizzle|Trace|[from] ability: Trace|[of] p1a: Pelipper
|
|-weather|RainDance|[upkeep]
|upkeep
|turn|17
|
|t:|1781520409
|move|p2a: Gardevoir|Shadow Ball|p1a: Pelipper
|-damage|p1a: Pelipper|0 fnt
|faint|p1a: Pelipper
|
|-weather|RainDance|[upkeep]
|upkeep
|
|t:|1781520409
|switch|p1a: Barraskewda|Barraskewda, F|48/100
|turn|18
|
|t:|1781520415
|switch|p2a: Alomomola|Alomomola, M|86/100
|move|p1a: Barraskewda|Liquidation|p2a: Alomomola
|-resisted|p2a: Alomomola
|-damage|p2a: Alomomola|44/100
|
|-weather|RainDance|[upkeep]
|upkeep
|turn|19
|
|t:|1781520421
|switch|p2a: Slither Wing|Slither Wing|76/100
|move|p1a: Barraskewda|Liquidation|p2a: Slither Wing
|-damage|p2a: Slither Wing|0 fnt
|-damage|p1a: Barraskewda|31/100|[from] item: Rocky Helmet|[of] p2a: Slither Wing
|faint|p2a: Slither Wing
|-end|p2a: Slither Wing|Protosynthesis|[silent]
|
|-weather|RainDance|[upkeep]
|upkeep
|
|t:|1781520428
|switch|p2a: Alomomola|Alomomola, M|77/100
|turn|20
|
|t:|1781520430
|move|p1a: Barraskewda|Liquidation|p2a: Alomomola
|-resisted|p2a: Alomomola
|-damage|p2a: Alomomola|35/100
|move|p2a: Alomomola|Flip Turn|p1a: Barraskewda
|-resisted|p1a: Barraskewda
|-damage|p1a: Barraskewda|0 fnt
|faint|p1a: Barraskewda
|
|t:|1781520436
|switch|p2a: Meowscarada|Meowscarada, F|100/100|[from] Flip Turn
|
|-weather|RainDance|[upkeep]
|upkeep
|
|t:|1781520436
|switch|p1a: Iron Treads|Iron Treads|100/100
|-enditem|p1a: Iron Treads|Booster Energy
|-activate|p1a: Iron Treads|ability: Quark Drive|[fromitem]
|-start|p1a: Iron Treads|quarkdrivespe
|turn|21
|
|t:|1781520439
|move|p1a: Iron Treads|Stealth Rock|p2a: Meowscarada
|-sidestart|p2: cachowcapow|move: Stealth Rock
|move|p2a: Meowscarada|Grass Knot|p1a: Iron Treads
|-start|p2a: Meowscarada|typechange|Grass|[from] ability: Protean
|-damage|p1a: Iron Treads|12/100
|
|-weather|RainDance|[upkeep]
|upkeep
|turn|22
|
|t:|1781520441
|move|p1a: Iron Treads|Rapid Spin|p2a: Meowscarada
|-damage|p2a: Meowscarada|86/100
|-boost|p1a: Iron Treads|spe|1
|move|p2a: Meowscarada|Grass Knot|p1a: Iron Treads
|-damage|p1a: Iron Treads|0 fnt
|faint|p1a: Iron Treads
|-end|p1a: Iron Treads|Quark Drive|[silent]
|
|win|cachowcapow
|raw|LowEL0God's rating: 1578 &rarr; <strong>1563</strong><br />(-15 for losing)
|raw|cachowcapow's rating: 1667 &rarr; <strong>1682</strong><br />(+15 for winning)
|l|☆cachowcapow
|player|p2|
|c|☆LowEL0God|gg
|l|☆LowEL0God
|player|p1|
