|j|‽lt_alt1
|j|☆Mr Tpen
|t:|1780974278
|gametype|singles
|player|p1|lt_alt1|170|1714
|player|p2|Mr Tpen|2|1674
|gen|9
|tier|[Gen 9] OU
|rated|
|rule|HP Percentage Mod: HP is shown in percentages
|rule|Endless Battle Clause: Forcing endless battles is banned
|rule|Species Clause: Limit one of each Pokémon
|rule|OHKO Clause: OHKO moves are banned
|rule|Evasion Items Clause: Evasion items are banned
|rule|Evasion Moves Clause: Evasion moves are banned
|rule|Evasion Abilities Clause: Evasion abilities are banned
|rule|Sleep Moves Clause: Sleep-inducing moves are banned
|clearpoke
|poke|p1|Darkrai|
|poke|p1|Slowking-Galar, M|
|poke|p1|Gholdengo|
|poke|p1|Iron Treads|
|poke|p1|Raging Bolt|
|poke|p1|Gliscor, M|
|poke|p2|Clodsire, M|
|poke|p2|Toxapex, F|
|poke|p2|Corviknight, F|
|poke|p2|Dondozo, M|
|poke|p2|Clefable, F|
|poke|p2|Gliscor, F|
|teampreview
|inactive|Battle timer is ON: inactive players will automatically lose when time's up. (requested by Mr Tpen)
|
|t:|1780974288
|teamsize|p1|6
|teamsize|p2|6
|start
|switch|p1a: Darkrai|Darkrai|100/100
|switch|p2a: nothing new there|Gliscor, F|100/100
|turn|1
|
|t:|1780974295
|move|p2a: nothing new there|Protect|p2a: nothing new there
|-singleturn|p2a: nothing new there|Protect
|move|p1a: Darkrai|Nasty Plot|p1a: Darkrai
|-boost|p1a: Darkrai|spa|2
|
|-status|p2a: nothing new there|tox|[from] item: Toxic Orb
|upkeep
|turn|2
|
|t:|1780974300
|switch|p2a: did you calc that?|Clodsire, M|100/100
|move|p1a: Darkrai|Ice Beam|p2a: did you calc that?
|-supereffective|p2a: did you calc that?
|-damage|p2a: did you calc that?|69/100
|
|upkeep
|turn|3
|
|t:|1780974305
|switch|p1a: Gliscor|Gliscor, M|100/100
|move|p2a: did you calc that?|Recover|p2a: did you calc that?
|-heal|p2a: did you calc that?|100/100
|
|-status|p1a: Gliscor|tox|[from] item: Toxic Orb
|upkeep
|turn|4
|
|t:|1780974310
|switch|p2a: nothing new there|Gliscor, F|100/100 tox
|move|p1a: Gliscor|Spikes|p2a: nothing new there
|-sidestart|p2: Mr Tpen|Spikes
|
|upkeep
|turn|5
|
|t:|1780974312
|move|p2a: nothing new there|Substitute|p2a: nothing new there
|-start|p2a: nothing new there|Substitute
|-damage|p2a: nothing new there|75/100 tox
|move|p1a: Gliscor|Spikes|p2a: nothing new there
|-sidestart|p2: Mr Tpen|Spikes
|
|-heal|p2a: nothing new there|88/100 tox|[from] ability: Poison Heal
|upkeep
|turn|6
|
|t:|1780974315
|move|p2a: nothing new there|Knock Off|p1a: Gliscor
|-damage|p1a: Gliscor|83/100 tox
|-enditem|p1a: Gliscor|Toxic Orb|[from] move: Knock Off|[of] p2a: nothing new there
|move|p1a: Gliscor|Spikes|p2a: nothing new there
|-sidestart|p2: Mr Tpen|Spikes
|
|-heal|p2a: nothing new there|100/100 tox|[from] ability: Poison Heal
|-heal|p1a: Gliscor|96/100 tox|[from] ability: Poison Heal
|upkeep
|turn|7
|
|t:|1780974318
|move|p2a: nothing new there|Toxic|p1a: Gliscor|[miss]
|-miss|p2a: nothing new there|p1a: Gliscor
|move|p1a: Gliscor|Spikes||[still]
|-fail|p1a: Gliscor
|
|-heal|p1a: Gliscor|100/100 tox|[from] ability: Poison Heal
|upkeep
|turn|8
|
|t:|1780974321
|move|p2a: nothing new there|Knock Off|p1a: Gliscor
|-damage|p1a: Gliscor|91/100 tox
|move|p1a: Gliscor|Spikes||[still]
|-fail|p1a: Gliscor
|
|-heal|p1a: Gliscor|100/100 tox|[from] ability: Poison Heal
|upkeep
|turn|9
|
|t:|1780974327
|move|p2a: nothing new there|Knock Off|p1a: Gliscor
|-damage|p1a: Gliscor|89/100 tox
|move|p1a: Gliscor|Spikes||[still]
|-fail|p1a: Gliscor
|
|-heal|p1a: Gliscor|100/100 tox|[from] ability: Poison Heal
|upkeep
|turn|10
|
|t:|1780974331
|switch|p2a: per my last turn|Corviknight, F|100/100
|-ability|p2a: per my last turn|Pressure
|move|p1a: Gliscor|Spikes||[still]
|-fail|p1a: Gliscor
|
|upkeep
|turn|11
|
|t:|1780974336
|switch|p2a: nothing new there|Gliscor, F|100/100 tox
|move|p1a: Gliscor|Knock Off|p2a: nothing new there
|-damage|p2a: nothing new there|83/100 tox
|-enditem|p2a: nothing new there|Toxic Orb|[from] move: Knock Off|[of] p1a: Gliscor
|
|-heal|p2a: nothing new there|96/100 tox|[from] ability: Poison Heal
|upkeep
|turn|12
|
|t:|1780974342
|switch|p2a: per my last turn|Corviknight, F|100/100
|-ability|p2a: per my last turn|Pressure
|move|p1a: Gliscor|Knock Off|p2a: per my last turn
|-damage|p2a: per my last turn|82/100
|-enditem|p2a: per my last turn|Leftovers|[from] move: Knock Off|[of] p1a: Gliscor
|
|upkeep
|turn|13
|
|t:|1780974350
|switch|p1a: Slowking|Slowking-Galar, M|100/100
|move|p2a: per my last turn|Defog|p1a: Slowking
|-unboost|p1a: Slowking|evasion|1
|-sideend|p2: Mr Tpen|Spikes|[from] move: Defog|[of] p2a: per my last turn
|
|upkeep
|turn|14
|
|t:|1780974356
|move|p2a: per my last turn|Protect|p2a: per my last turn
|-singleturn|p2a: per my last turn|Protect
|move|p1a: Slowking|Future Sight|p2a: per my last turn
|-start|p1a: Slowking|move: Future Sight
|
|upkeep
|turn|15
|
|t:|1780974361
|move|p2a: per my last turn|Brave Bird|p1a: Slowking
|-damage|p1a: Slowking|69/100
|-damage|p2a: per my last turn|72/100|[from] Recoil
|-prepare|p1a: Slowking|Chilly Reception|[premajor]
|move|p1a: Slowking|Chilly Reception|p1a: Slowking
|-weather|Snowscape
|
|t:|1780974364
|switch|p1a: Raging Bolt|Raging Bolt|100/100|[from] Chilly Reception
|
|-weather|Snowscape|[upkeep]
|upkeep
|turn|16
|
|t:|1780974367
|move|p2a: per my last turn|Protect|p2a: per my last turn
|-singleturn|p2a: per my last turn|Protect
|move|p1a: Raging Bolt|Calm Mind|p1a: Raging Bolt
|-boost|p1a: Raging Bolt|spa|1
|-boost|p1a: Raging Bolt|spd|1
|
|-weather|Snowscape|[upkeep]
|-end|p2a: per my last turn|move: Future Sight
|-resisted|p2a: per my last turn
|-damage|p2a: per my last turn|57/100
|upkeep
|turn|17
|
|t:|1780974370
|switch|p2a: did you calc that?|Clodsire, M|100/100
|move|p1a: Raging Bolt|Draco Meteor|p2a: did you calc that?
|-damage|p2a: did you calc that?|63/100
|-unboost|p1a: Raging Bolt|spa|2
|
|-weather|Snowscape|[upkeep]
|upkeep
|turn|18
|
|t:|1780974377
|-end|p1a: Raging Bolt|Protosynthesis|[silent]
|switch|p1a: Gliscor|Gliscor, M|100/100 tox
|move|p2a: did you calc that?|Spikes|p1a: Gliscor
|-sidestart|p1: lt_alt1|Spikes
|
|-weather|Snowscape|[upkeep]
|upkeep
|turn|19
|
|t:|1780974383
|move|p1a: Gliscor|Spikes|p2a: did you calc that?
|-sidestart|p2: Mr Tpen|Spikes
|move|p2a: did you calc that?|Recover|p2a: did you calc that?
|-heal|p2a: did you calc that?|100/100
|
|-weather|none
|upkeep
|turn|20
|
|t:|1780974388
|switch|p2a: love this for you|Clefable, F|100/100
|move|p1a: Gliscor|Spikes|p2a: love this for you
|-sidestart|p2: Mr Tpen|Spikes
|
|upkeep
|turn|21
|
|t:|1780974390
|move|p1a: Gliscor|Knock Off|p2a: love this for you
|-resisted|p2a: love this for you
|-damage|p2a: love this for you|93/100
|move|p2a: love this for you|Stealth Rock|p1a: Gliscor
|-sidestart|p1: lt_alt1|move: Stealth Rock
|
|-damage|p1a: Gliscor|88/100 tox|[from] item: Sticky Barb
|upkeep
|turn|22
|
|t:|1780974397
|switch|p1a: Iron Treads|Iron Treads|100/100
|move|p2a: love this for you|Moonblast|p1a: Iron Treads
|-resisted|p1a: Iron Treads
|-damage|p1a: Iron Treads|83/100
|
|upkeep
|turn|23
|
|t:|1780974401
|-end|p1a: Iron Treads|Quark Drive|[silent]
|switch|p1a: Gliscor|Gliscor, M|88/100 tox
|-damage|p1a: Gliscor|76/100 tox|[from] Stealth Rock
|move|p2a: love this for you|Knock Off|p1a: Gliscor
|-damage|p1a: Gliscor|64/100 tox
|
|-heal|p1a: Gliscor|76/100 tox|[from] ability: Poison Heal
|upkeep
|turn|24
|
|t:|1780974406
|move|p1a: Gliscor|Knock Off|p2a: love this for you
|-resisted|p2a: love this for you
|-damage|p2a: love this for you|85/100
|move|p2a: love this for you|Moonblast|p1a: Gliscor
|-damage|p1a: Gliscor|48/100 tox
|
|-heal|p1a: Gliscor|60/100 tox|[from] ability: Poison Heal
|-damage|p1a: Gliscor|48/100 tox|[from] item: Sticky Barb
|upkeep
|turn|25
|
|t:|1780974409
|move|p1a: Gliscor|Protect|p1a: Gliscor
|-singleturn|p1a: Gliscor|Protect
|move|p2a: love this for you|Moonblast|p1a: Gliscor
|-activate|p1a: Gliscor|move: Protect
|
|-heal|p1a: Gliscor|60/100 tox|[from] ability: Poison Heal
|-damage|p1a: Gliscor|48/100 tox|[from] item: Sticky Barb
|upkeep
|turn|26
|
|t:|1780974418
|switch|p1a: Slowking|Slowking-Galar, M|100/100
|-damage|p1a: Slowking|88/100|[from] Spikes
|-damage|p1a: Slowking|76/100|[from] Stealth Rock
|move|p2a: love this for you|Moonblast|p1a: Slowking
|-resisted|p1a: Slowking
|-damage|p1a: Slowking|66/100
|
|-heal|p1a: Slowking|72/100|[from] item: Leftovers
|upkeep
|turn|27
|
|t:|1780974423
|move|p2a: love this for you|Knock Off|p1a: Slowking
|-supereffective|p1a: Slowking
|-damage|p1a: Slowking|42/100
|-enditem|p1a: Slowking|Leftovers|[from] move: Knock Off|[of] p2a: love this for you
|move|p1a: Slowking|Future Sight|p2a: love this for you
|-start|p1a: Slowking|move: Future Sight
|
|upkeep
|turn|28
|
|t:|1780974426
|switch|p2a: per my last turn|Corviknight, F|57/100
|-ability|p2a: per my last turn|Pressure
|-prepare|p1a: Slowking|Chilly Reception|[premajor]
|move|p1a: Slowking|Chilly Reception|p1a: Slowking
|-weather|Snowscape
|
|t:|1780974429
|switch|p1a: Iron Treads|Iron Treads|83/100|[from] Chilly Reception
|
|-weather|Snowscape|[upkeep]
|upkeep
|turn|29
|
|t:|1780974434
|move|p1a: Iron Treads|Rapid Spin|p2a: per my last turn
|-resisted|p2a: per my last turn
|-damage|p2a: per my last turn|51/100
|-boost|p1a: Iron Treads|spe|1
|-sideend|p1: lt_alt1|Spikes|[from] move: Rapid Spin|[of] p1a: Iron Treads
|-sideend|p1: lt_alt1|Stealth Rock|[from] move: Rapid Spin|[of] p1a: Iron Treads
|move|p2a: per my last turn|Roost|p2a: per my last turn
|-heal|p2a: per my last turn|100/100
|-singleturn|p2a: per my last turn|move: Roost
|
|-weather|Snowscape|[upkeep]
|-end|p2a: per my last turn|move: Future Sight
|-resisted|p2a: per my last turn
|-damage|p2a: per my last turn|86/100
|upkeep
|turn|30
|
|t:|1780974438
|-end|p1a: Iron Treads|Quark Drive|[silent]
|switch|p1a: Gholdengo|Gholdengo|100/100
|move|p2a: per my last turn|Defog|p1a: Gholdengo
|-immune|p1a: Gholdengo|[from] ability: Good as Gold
|
|-weather|Snowscape|[upkeep]
|upkeep
|turn|31
|
|t:|1780974444
|move|p2a: per my last turn|Protect|p2a: per my last turn
|-singleturn|p2a: per my last turn|Protect
|move|p1a: Gholdengo|Trick|p2a: per my last turn
|-activate|p2a: per my last turn|move: Protect
|
|-weather|Snowscape|[upkeep]
|upkeep
|turn|32
|
|t:|1780974448
|switch|p1a: Gliscor|Gliscor, M|48/100 tox
|switch|p2a: love this for you|Clefable, F|85/100
|
|-weather|none
|-heal|p1a: Gliscor|60/100 tox|[from] ability: Poison Heal
|-damage|p1a: Gliscor|48/100 tox|[from] item: Sticky Barb
|upkeep
|turn|33
|
|t:|1780974453
|switch|p1a: Slowking|Slowking-Galar, M|75/100
|move|p2a: love this for you|Stealth Rock|p1a: Slowking
|-sidestart|p1: lt_alt1|move: Stealth Rock
|
|upkeep
|turn|34
|
|t:|1780974457
|move|p2a: love this for you|Moonblast|p1a: Slowking
|-resisted|p1a: Slowking
|-damage|p1a: Slowking|66/100
|move|p1a: Slowking|Future Sight|p2a: love this for you
|-start|p1a: Slowking|move: Future Sight
|
|upkeep
|turn|35
|
|t:|1780974462
|switch|p2a: per my last turn|Corviknight, F|86/100
|-ability|p2a: per my last turn|Pressure
|-prepare|p1a: Slowking|Chilly Reception|[premajor]
|move|p1a: Slowking|Chilly Reception|p1a: Slowking
|-weather|Snowscape
|
|t:|1780974468
|switch|p1a: Raging Bolt|Raging Bolt|100/100|[from] Chilly Reception
|-damage|p1a: Raging Bolt|88/100|[from] Stealth Rock
|
|-weather|Snowscape|[upkeep]
|-heal|p1a: Raging Bolt|94/100|[from] item: Leftovers
|upkeep
|turn|36
|
|t:|1780974473
|move|p2a: per my last turn|Protect|p2a: per my last turn
|-singleturn|p2a: per my last turn|Protect
|move|p1a: Raging Bolt|Calm Mind|p1a: Raging Bolt
|-boost|p1a: Raging Bolt|spa|1
|-boost|p1a: Raging Bolt|spd|1
|
|-weather|Snowscape|[upkeep]
|-end|p2a: per my last turn|move: Future Sight
|-resisted|p2a: per my last turn
|-damage|p2a: per my last turn|70/100
|-heal|p1a: Raging Bolt|100/100|[from] item: Leftovers
|upkeep
|turn|37
|
|t:|1780974479
|switch|p2a: did you calc that?|Clodsire, M|100/100
|move|p1a: Raging Bolt|Draco Meteor|p2a: did you calc that?
|-damage|p2a: did you calc that?|59/100
|-unboost|p1a: Raging Bolt|spa|2
|
|-weather|Snowscape|[upkeep]
|upkeep
|turn|38
|
|t:|1780974484
|-end|p1a: Raging Bolt|Protosynthesis|[silent]
|switch|p1a: Iron Treads|Iron Treads|83/100
|move|p2a: did you calc that?|Recover|p2a: did you calc that?
|-heal|p2a: did you calc that?|100/100
|
|-weather|Snowscape|[upkeep]
|upkeep
|turn|39
|
|t:|1780974487
|move|p1a: Iron Treads|Earthquake|p2a: did you calc that?
|-supereffective|p2a: did you calc that?
|-damage|p2a: did you calc that?|14/100
|move|p2a: did you calc that?|Earthquake|p1a: Iron Treads
|-supereffective|p1a: Iron Treads
|-damage|p1a: Iron Treads|41/100
|
|-weather|none
|upkeep
|turn|40
|
|t:|1780974497
|switch|p2a: nothing new there|Gliscor, F|96/100 tox
|move|p1a: Iron Treads|Ice Spinner|p2a: nothing new there
|-supereffective|p2a: nothing new there
|-damage|p2a: nothing new there|30/100 tox
|
|-heal|p2a: nothing new there|42/100 tox|[from] ability: Poison Heal
|upkeep
|turn|41
|
|t:|1780974500
|move|p2a: nothing new there|Protect|p2a: nothing new there
|-singleturn|p2a: nothing new there|Protect
|move|p1a: Iron Treads|Ice Spinner|p2a: nothing new there
|-activate|p2a: nothing new there|move: Protect
|
|-heal|p2a: nothing new there|55/100 tox|[from] ability: Poison Heal
|upkeep
|turn|42
|
|t:|1780974507
|switch|p2a: per my last turn|Corviknight, F|70/100
|-ability|p2a: per my last turn|Pressure
|move|p1a: Iron Treads|Rapid Spin|p2a: per my last turn
|-resisted|p2a: per my last turn
|-damage|p2a: per my last turn|65/100
|-boost|p1a: Iron Treads|spe|1
|-sideend|p1: lt_alt1|Stealth Rock|[from] move: Rapid Spin|[of] p1a: Iron Treads
|
|upkeep
|turn|43
|
|t:|1780974512
|-end|p1a: Iron Treads|Quark Drive|[silent]
|switch|p1a: Gholdengo|Gholdengo|100/100
|move|p2a: per my last turn|Roost|p2a: per my last turn
|-heal|p2a: per my last turn|100/100
|-singleturn|p2a: per my last turn|move: Roost
|
|upkeep
|turn|44
|
|t:|1780974519
|move|p2a: per my last turn|Protect|p2a: per my last turn
|-singleturn|p2a: per my last turn|Protect
|move|p1a: Gholdengo|Shadow Ball|p2a: per my last turn
|-activate|p2a: per my last turn|move: Protect
|
|upkeep
|turn|45
|
|t:|1780974523
|move|p1a: Gholdengo|Shadow Ball|p2a: per my last turn
|-damage|p2a: per my last turn|70/100
|-unboost|p2a: per my last turn|spd|1
|move|p2a: per my last turn|Brave Bird|p1a: Gholdengo
|-resisted|p1a: Gholdengo
|-damage|p1a: Gholdengo|79/100
|-damage|p2a: per my last turn|65/100|[from] Recoil
|
|upkeep
|turn|46
|
|t:|1780974528
|move|p2a: per my last turn|Protect|p2a: per my last turn
|-singleturn|p2a: per my last turn|Protect
|move|p1a: Gholdengo|Shadow Ball|p2a: per my last turn
|-activate|p2a: per my last turn|move: Protect
|
|upkeep
|turn|47
|
|t:|1780974530
|switch|p2a: take your time|Toxapex, F|100/100
|-damage|p2a: take your time|84/100|[from] Spikes
|move|p1a: Gholdengo|Shadow Ball|p2a: take your time
|-damage|p2a: take your time|50/100
|
|-heal|p2a: take your time|56/100|[from] item: Leftovers
|upkeep
|turn|48
|
|t:|1780974534
|move|p1a: Gholdengo|Shadow Ball|p2a: take your time
|-damage|p2a: take your time|20/100
|move|p2a: take your time|Recover|p2a: take your time
|-heal|p2a: take your time|70/100
|
|-heal|p2a: take your time|76/100|[from] item: Leftovers
|upkeep
|turn|49
|
|t:|1780974540
|move|p1a: Gholdengo|Shadow Ball|p2a: take your time
|-damage|p2a: take your time|40/100
|move|p2a: take your time|Infestation|p1a: Gholdengo
|-resisted|p1a: Gholdengo
|-damage|p1a: Gholdengo|78/100
|-activate|p1a: Gholdengo|move: Infestation|[of] p2a: take your time
|
|-heal|p2a: take your time|46/100|[from] item: Leftovers
|-damage|p1a: Gholdengo|66/100|[from] move: Infestation|[partiallytrapped]
|upkeep
|turn|50
|
|t:|1780974544
|move|p1a: Gholdengo|Shadow Ball|p2a: take your time
|-damage|p2a: take your time|9/100
|move|p2a: take your time|Recover|p2a: take your time
|-heal|p2a: take your time|59/100
|
|-heal|p2a: take your time|66/100|[from] item: Leftovers
|-damage|p1a: Gholdengo|54/100|[from] move: Infestation|[partiallytrapped]
|upkeep
|turn|51
|
|t:|1780974548
|switch|p1a: Slowking|Slowking-Galar, M|99/100
|move|p2a: take your time|Recover|p2a: take your time
|-heal|p2a: take your time|100/100
|
|upkeep
|turn|52
|
|t:|1780974552
|move|p2a: take your time|Infestation|p1a: Slowking
|-damage|p1a: Slowking|97/100
|-activate|p1a: Slowking|move: Infestation|[of] p2a: take your time
|move|p1a: Slowking|Future Sight|p2a: take your time
|-start|p1a: Slowking|move: Future Sight
|
|-damage|p1a: Slowking|85/100|[from] move: Infestation|[partiallytrapped]
|upkeep
|turn|53
|
|t:|1780974556
|switch|p2a: per my last turn|Corviknight, F|65/100
|-ability|p2a: per my last turn|Pressure
|-prepare|p1a: Slowking|Chilly Reception|[premajor]
|move|p1a: Slowking|Chilly Reception|p1a: Slowking
|-weather|Snowscape
|
|t:|1780974562
|switch|p1a: Gholdengo|Gholdengo|54/100|[from] Chilly Reception
|
|-weather|Snowscape|[upkeep]
|upkeep
|turn|54
|
|t:|1780974570
|move|p2a: per my last turn|Protect|p2a: per my last turn
|-singleturn|p2a: per my last turn|Protect
|move|p1a: Gholdengo|Trick|p2a: per my last turn
|-activate|p2a: per my last turn|move: Protect
|
|-weather|Snowscape|[upkeep]
|-end|p2a: per my last turn|move: Future Sight
|-resisted|p2a: per my last turn
|-damage|p2a: per my last turn|49/100
|upkeep
|turn|55
|
|t:|1780974576
|switch|p2a: did you calc that?|Clodsire, M|14/100
|move|p1a: Gholdengo|Trick|p2a: did you calc that?
|-activate|p1a: Gholdengo|move: Trick|[of] p2a: did you calc that?
|-item|p2a: did you calc that?|Choice Scarf|[from] move: Trick
|-item|p1a: Gholdengo|Heavy-Duty Boots|[from] move: Trick
|
|-weather|Snowscape|[upkeep]
|upkeep
|turn|56
|
|t:|1780974580
|move|p1a: Gholdengo|Shadow Ball|p2a: did you calc that?
|-damage|p2a: did you calc that?|0 fnt
|faint|p2a: did you calc that?
|
|-weather|Snowscape|[upkeep]
|upkeep
|
|t:|1780974583
|switch|p2a: per my last turn|Corviknight, F|49/100
|-ability|p2a: per my last turn|Pressure
|turn|57
|
|t:|1780974588
|move|p1a: Gholdengo|Nasty Plot|p1a: Gholdengo
|-boost|p1a: Gholdengo|spa|2
|move|p2a: per my last turn|Roost|p2a: per my last turn
|-heal|p2a: per my last turn|99/100
|-singleturn|p2a: per my last turn|move: Roost
|
|-weather|none
|upkeep
|turn|58
|
|t:|1780974594
|move|p1a: Gholdengo|Nasty Plot|p1a: Gholdengo
|-boost|p1a: Gholdengo|spa|2
|move|p2a: per my last turn|Brave Bird|p1a: Gholdengo
|-resisted|p1a: Gholdengo
|-damage|p1a: Gholdengo|32/100
|-damage|p2a: per my last turn|93/100|[from] Recoil
|
|upkeep
|turn|59
|
|t:|1780974598
|move|p1a: Gholdengo|Shadow Ball|p2a: per my last turn
|-damage|p2a: per my last turn|13/100
|move|p2a: per my last turn|Brave Bird|p1a: Gholdengo
|-resisted|p1a: Gholdengo
|-damage|p1a: Gholdengo|13/100
|-damage|p2a: per my last turn|8/100|[from] Recoil
|
|upkeep
|turn|60
|
|t:|1780974603
|move|p1a: Gholdengo|Shadow Ball|p2a: per my last turn
|-damage|p2a: per my last turn|0 fnt
|faint|p2a: per my last turn
|
|upkeep
|
|t:|1780974605
|switch|p2a: nothing new there|Gliscor, F|55/100 tox
|turn|61
|
|t:|1780974613
|move|p2a: nothing new there|Substitute|p2a: nothing new there
|-start|p2a: nothing new there|Substitute
|-damage|p2a: nothing new there|30/100 tox
|move|p1a: Gholdengo|Make It Rain|p2a: nothing new there
|-end|p2a: nothing new there|Substitute
|-unboost|p1a: Gholdengo|spa|1
|
|-heal|p2a: nothing new there|42/100 tox|[from] ability: Poison Heal
|upkeep
|turn|62
|
|t:|1780974619
|switch|p1a: Slowking|Slowking-Galar, M|100/100
|move|p2a: nothing new there|Protect||[still]
|-fail|p2a: nothing new there
|
|-heal|p2a: nothing new there|55/100 tox|[from] ability: Poison Heal
|upkeep
|turn|63
|
|t:|1780974623
|move|p2a: nothing new there|Substitute|p2a: nothing new there
|-start|p2a: nothing new there|Substitute
|-damage|p2a: nothing new there|30/100 tox
|move|p1a: Slowking|Ice Beam|p2a: nothing new there
|-supereffective|p2a: nothing new there
|-end|p2a: nothing new there|Substitute
|
|-heal|p2a: nothing new there|42/100 tox|[from] ability: Poison Heal
|upkeep
|turn|64
|
|t:|1780974626
|move|p2a: nothing new there|Protect|p2a: nothing new there
|-singleturn|p2a: nothing new there|Protect
|move|p1a: Slowking|Ice Beam|p2a: nothing new there
|-activate|p2a: nothing new there|move: Protect
|
|-heal|p2a: nothing new there|55/100 tox|[from] ability: Poison Heal
|upkeep
|turn|65
|
|t:|1780974629
|-terastallize|p2a: nothing new there|Dark
|move|p2a: nothing new there|Knock Off|p1a: Slowking
|-supereffective|p1a: Slowking
|-damage|p1a: Slowking|61/100
|move|p1a: Slowking|Ice Beam|p2a: nothing new there
|-damage|p2a: nothing new there|25/100 tox
|
|-heal|p2a: nothing new there|37/100 tox|[from] ability: Poison Heal
|upkeep
|turn|66
|
|t:|1780974635
|move|p2a: nothing new there|Protect|p2a: nothing new there
|-singleturn|p2a: nothing new there|Protect
|-prepare|p1a: Slowking|Chilly Reception|[premajor]
|move|p1a: Slowking|Chilly Reception|p1a: Slowking
|-weather|Snowscape
|
|t:|1780974639
|switch|p1a: Darkrai|Darkrai|100/100|[from] Chilly Reception
|
|-weather|Snowscape|[upkeep]
|-heal|p2a: nothing new there|50/100 tox|[from] ability: Poison Heal
|upkeep
|turn|67
|
|t:|1780974644
|move|p1a: Darkrai|Focus Blast|p2a: nothing new there|[miss]
|-miss|p1a: Darkrai|p2a: nothing new there
|move|p2a: nothing new there|Toxic|p1a: Darkrai
|-status|p1a: Darkrai|tox
|
|-weather|Snowscape|[upkeep]
|-damage|p1a: Darkrai|95/100 tox|[from] psn
|-heal|p2a: nothing new there|62/100 tox|[from] ability: Poison Heal
|upkeep
|turn|68
|
|t:|1780974647
|move|p2a: nothing new there|Protect|p2a: nothing new there
|-singleturn|p2a: nothing new there|Protect
|move|p1a: Darkrai|Nasty Plot|p1a: Darkrai
|-boost|p1a: Darkrai|spa|2
|
|-weather|Snowscape|[upkeep]
|-heal|p1a: Darkrai|100/100 tox|[from] item: Leftovers
|-damage|p1a: Darkrai|89/100 tox|[from] psn
|-heal|p2a: nothing new there|75/100 tox|[from] ability: Poison Heal
|upkeep
|turn|69
|
|t:|1780974656
|move|p1a: Darkrai|Dark Pulse|p2a: nothing new there
|-resisted|p2a: nothing new there
|-damage|p2a: nothing new there|25/100 tox
|cant|p2a: nothing new there|flinch
|
|-weather|Snowscape|[upkeep]
|-heal|p1a: Darkrai|95/100 tox|[from] item: Leftovers
|-damage|p1a: Darkrai|77/100 tox|[from] psn
|-heal|p2a: nothing new there|38/100 tox|[from] ability: Poison Heal
|upkeep
|turn|70
|
|t:|1780974662
|move|p1a: Darkrai|Nasty Plot|p1a: Darkrai
|-boost|p1a: Darkrai|spa|2
|move|p2a: nothing new there|Substitute|p2a: nothing new there
|-start|p2a: nothing new there|Substitute
|-damage|p2a: nothing new there|13/100 tox
|
|-weather|none
|-heal|p1a: Darkrai|83/100 tox|[from] item: Leftovers
|-damage|p1a: Darkrai|59/100 tox|[from] psn
|-heal|p2a: nothing new there|25/100 tox|[from] ability: Poison Heal
|upkeep
|turn|71
|j| dalty dalty dalty
|
|t:|1780974669
|switch|p1a: Iron Treads|Iron Treads|41/100
|move|p2a: nothing new there|Protect||[still]
|-fail|p2a: nothing new there
|
|-heal|p2a: nothing new there|38/100 tox|[from] ability: Poison Heal
|upkeep
|turn|72
|
|t:|1780974681
|move|p2a: nothing new there|Protect|p2a: nothing new there
|-singleturn|p2a: nothing new there|Protect
|move|p1a: Iron Treads|Earthquake|p2a: nothing new there
|-activate|p2a: nothing new there|move: Protect
|
|-heal|p2a: nothing new there|50/100 tox|[from] ability: Poison Heal
|upkeep
|turn|73
|
|t:|1780974685
|move|p1a: Iron Treads|Earthquake|p2a: nothing new there
|-end|p2a: nothing new there|Substitute
|move|p2a: nothing new there|Knock Off|p1a: Iron Treads
|-damage|p1a: Iron Treads|18/100
|-enditem|p1a: Iron Treads|Heavy-Duty Boots|[from] move: Knock Off|[of] p2a: nothing new there
|
|-heal|p2a: nothing new there|63/100 tox|[from] ability: Poison Heal
|upkeep
|turn|74
|
|t:|1780974689
|move|p2a: nothing new there|Protect|p2a: nothing new there
|-singleturn|p2a: nothing new there|Protect
|move|p1a: Iron Treads|Earthquake|p2a: nothing new there
|-activate|p2a: nothing new there|move: Protect
|
|-heal|p2a: nothing new there|75/100 tox|[from] ability: Poison Heal
|upkeep
|turn|75
|
|t:|1780974693
|-end|p1a: Iron Treads|Quark Drive|[silent]
|switch|p1a: Gliscor|Gliscor, M|48/100 tox
|move|p2a: nothing new there|Substitute|p2a: nothing new there
|-start|p2a: nothing new there|Substitute
|-damage|p2a: nothing new there|50/100 tox
|
|-heal|p2a: nothing new there|63/100 tox|[from] ability: Poison Heal
|-heal|p1a: Gliscor|60/100 tox|[from] ability: Poison Heal
|-damage|p1a: Gliscor|48/100 tox|[from] item: Sticky Barb
|upkeep
|turn|76
|
|t:|1780974698
|move|p2a: nothing new there|Protect|p2a: nothing new there
|-singleturn|p2a: nothing new there|Protect
|move|p1a: Gliscor|Spikes|p2a: nothing new there
|-sidestart|p2: Mr Tpen|Spikes
|
|-heal|p2a: nothing new there|75/100 tox|[from] ability: Poison Heal
|-heal|p1a: Gliscor|60/100 tox|[from] ability: Poison Heal
|-damage|p1a: Gliscor|48/100 tox|[from] item: Sticky Barb
|upkeep
|turn|77
|
|t:|1780974704
|switch|p2a: love this for you|Clefable, F|85/100
|move|p1a: Gliscor|Knock Off|p2a: love this for you
|-resisted|p2a: love this for you
|-damage|p2a: love this for you|79/100
|
|-heal|p1a: Gliscor|60/100 tox|[from] ability: Poison Heal
|-damage|p1a: Gliscor|48/100 tox|[from] item: Sticky Barb
|upkeep
|turn|78
|
|t:|1780974708
|switch|p1a: Slowking|Slowking-Galar, M|94/100
|move|p2a: love this for you|Stealth Rock|p1a: Slowking
|-sidestart|p1: lt_alt1|move: Stealth Rock
|
|upkeep
|turn|79
|
|t:|1780974712
|switch|p2a: nothing new there|Gliscor, F, tera:Dark|75/100 tox
|-damage|p2a: nothing new there|50/100 tox|[from] Spikes
|move|p1a: Slowking|Future Sight|p2a: nothing new there
|-start|p1a: Slowking|move: Future Sight
|
|-heal|p2a: nothing new there|63/100 tox|[from] ability: Poison Heal
|upkeep
|turn|80
|
|t:|1780974715
|move|p2a: nothing new there|Substitute|p2a: nothing new there
|-start|p2a: nothing new there|Substitute
|-damage|p2a: nothing new there|38/100 tox
|move|p1a: Slowking|Ice Beam|p2a: nothing new there
|-end|p2a: nothing new there|Substitute
|
|-heal|p2a: nothing new there|50/100 tox|[from] ability: Poison Heal
|upkeep
|turn|81
|
|t:|1780974722
|move|p2a: nothing new there|Protect|p2a: nothing new there
|-singleturn|p2a: nothing new there|Protect
|move|p1a: Slowking|Ice Beam|p2a: nothing new there
|-activate|p2a: nothing new there|move: Protect
|
|-end|p2a: nothing new there|move: Future Sight
|-immune|p2a: nothing new there
|-heal|p2a: nothing new there|63/100 tox|[from] ability: Poison Heal
|upkeep
|turn|82
|
|t:|1780974731
|switch|p1a: Gliscor|Gliscor, M|48/100 tox
|-damage|p1a: Gliscor|35/100 tox|[from] Stealth Rock
|move|p2a: nothing new there|Substitute|p2a: nothing new there
|-start|p2a: nothing new there|Substitute
|-damage|p2a: nothing new there|38/100 tox
|
|-heal|p2a: nothing new there|50/100 tox|[from] ability: Poison Heal
|-heal|p1a: Gliscor|48/100 tox|[from] ability: Poison Heal
|-damage|p1a: Gliscor|35/100 tox|[from] item: Sticky Barb
|upkeep
|turn|83
|
|t:|1780974735
|move|p2a: nothing new there|Protect|p2a: nothing new there
|-singleturn|p2a: nothing new there|Protect
|move|p1a: Gliscor|Spikes||[still]
|-fail|p1a: Gliscor
|
|-heal|p2a: nothing new there|63/100 tox|[from] ability: Poison Heal
|-heal|p1a: Gliscor|48/100 tox|[from] ability: Poison Heal
|-damage|p1a: Gliscor|35/100 tox|[from] item: Sticky Barb
|upkeep
|turn|84
|
|t:|1780974738
|switch|p2a: love this for you|Clefable, F|79/100
|move|p1a: Gliscor|Spikes||[still]
|-fail|p1a: Gliscor
|
|-heal|p1a: Gliscor|48/100 tox|[from] ability: Poison Heal
|-damage|p1a: Gliscor|35/100 tox|[from] item: Sticky Barb
|upkeep
|turn|85
|
|t:|1780974748
|switch|p1a: Slowking|Slowking-Galar, M|100/100
|-damage|p1a: Slowking|88/100|[from] Stealth Rock
|move|p2a: love this for you|Moonblast|p1a: Slowking
|-resisted|p1a: Slowking
|-damage|p1a: Slowking|79/100
|
|upkeep
|turn|86
|
|t:|1780974753
|move|p2a: love this for you|Moonblast|p1a: Slowking
|-resisted|p1a: Slowking
|-damage|p1a: Slowking|70/100
|move|p1a: Slowking|Ice Beam|p2a: love this for you
|-damage|p2a: love this for you|58/100
|
|upkeep
|turn|87
|
|t:|1780974757
|move|p2a: love this for you|Moonlight|p2a: love this for you
|-heal|p2a: love this for you|100/100
|move|p1a: Slowking|Ice Beam|p2a: love this for you
|-damage|p2a: love this for you|79/100
|
|upkeep
|turn|88
|
|t:|1780974760
|move|p2a: love this for you|Moonblast|p1a: Slowking
|-resisted|p1a: Slowking
|-damage|p1a: Slowking|60/100
|move|p1a: Slowking|Ice Beam|p2a: love this for you
|-damage|p2a: love this for you|57/100
|
|upkeep
|turn|89
|
|t:|1780974762
|move|p2a: love this for you|Knock Off|p1a: Slowking
|-supereffective|p1a: Slowking
|-damage|p1a: Slowking|41/100
|move|p1a: Slowking|Ice Beam|p2a: love this for you
|-damage|p2a: love this for you|34/100
|
|upkeep
|turn|90
|
|t:|1780974766
|move|p2a: love this for you|Moonlight|p2a: love this for you
|-heal|p2a: love this for you|84/100
|move|p1a: Slowking|Thunder Wave|p2a: love this for you|[miss]
|-miss|p1a: Slowking|p2a: love this for you
|
|upkeep
|turn|91
|
|t:|1780974771
|move|p2a: love this for you|Moonblast|p1a: Slowking
|-resisted|p1a: Slowking
|-damage|p1a: Slowking|30/100
|-unboost|p1a: Slowking|spa|1
|move|p1a: Slowking|Ice Beam|p2a: love this for you
|-damage|p2a: love this for you|70/100
|
|upkeep
|turn|92
|
|t:|1780974777
|move|p2a: love this for you|Moonblast|p1a: Slowking
|-resisted|p1a: Slowking
|-damage|p1a: Slowking|20/100
|-prepare|p1a: Slowking|Chilly Reception|[premajor]
|move|p1a: Slowking|Chilly Reception|p1a: Slowking
|-weather|Snowscape
|
|t:|1780974786
|switch|p1a: Gholdengo|Gholdengo|13/100|[from] Chilly Reception
|
|-weather|Snowscape|[upkeep]
|upkeep
|turn|93
|
|t:|1780974793
|switch|p2a: take your time|Toxapex, F|100/100
|-damage|p2a: take your time|75/100|[from] Spikes
|move|p1a: Gholdengo|Make It Rain|p2a: take your time
|-resisted|p2a: take your time
|-crit|p2a: take your time
|-damage|p2a: take your time|35/100
|-unboost|p1a: Gholdengo|spa|1
|
|-weather|Snowscape|[upkeep]
|-heal|p2a: take your time|41/100|[from] item: Leftovers
|upkeep
|turn|94
|
|t:|1780974799
|switch|p1a: Slowking|Slowking-Galar, M|53/100
|-damage|p1a: Slowking|41/100|[from] Stealth Rock
|move|p2a: take your time|Infestation|p1a: Slowking
|-damage|p1a: Slowking|39/100
|-activate|p1a: Slowking|move: Infestation|[of] p2a: take your time
|
|-weather|Snowscape|[upkeep]
|-heal|p2a: take your time|48/100|[from] item: Leftovers
|-damage|p1a: Slowking|27/100|[from] move: Infestation|[partiallytrapped]
|upkeep
|turn|95
|
|t:|1780974804
|move|p2a: take your time|Infestation|p1a: Slowking
|-damage|p1a: Slowking|25/100
|-prepare|p1a: Slowking|Chilly Reception|[premajor]
|move|p1a: Slowking|Chilly Reception|p1a: Slowking
|
|t:|1780974810
|switch|p1a: Raging Bolt|Raging Bolt|100/100|[from] Chilly Reception
|-damage|p1a: Raging Bolt|88/100|[from] Stealth Rock
|
|-weather|Snowscape|[upkeep]
|-heal|p1a: Raging Bolt|94/100|[from] item: Leftovers
|-heal|p2a: take your time|54/100|[from] item: Leftovers
|upkeep
|turn|96
|
|t:|1780974819
|move|p1a: Raging Bolt|Thunderbolt|p2a: take your time
|-supereffective|p2a: take your time
|-damage|p2a: take your time|0 fnt
|faint|p2a: take your time
|
|-weather|none
|-heal|p1a: Raging Bolt|100/100|[from] item: Leftovers
|upkeep
|
|t:|1780974821
|switch|p2a: love this for you|Clefable, F|70/100
|turn|97
|
|t:|1780974825
|-end|p1a: Raging Bolt|Protosynthesis|[silent]
|switch|p1a: Slowking|Slowking-Galar, M|59/100
|-damage|p1a: Slowking|46/100|[from] Stealth Rock
|move|p2a: love this for you|Moonblast|p1a: Slowking
|-resisted|p1a: Slowking
|-damage|p1a: Slowking|36/100
|
|upkeep
|turn|98
|
|t:|1780974831
|move|p2a: love this for you|Knock Off|p1a: Slowking
|-supereffective|p1a: Slowking
|-damage|p1a: Slowking|19/100
|-prepare|p1a: Slowking|Chilly Reception|[premajor]
|move|p1a: Slowking|Chilly Reception|p1a: Slowking
|-weather|Snowscape
|
|t:|1780974837
|switch|p1a: Gholdengo|Gholdengo|13/100|[from] Chilly Reception
|
|-weather|Snowscape|[upkeep]
|upkeep
|turn|99
|
|t:|1780974843
|move|p1a: Gholdengo|Make It Rain|p2a: love this for you
|-supereffective|p2a: love this for you
|-damage|p2a: love this for you|0 fnt
|-unboost|p1a: Gholdengo|spa|1
|faint|p2a: love this for you
|
|-weather|Snowscape|[upkeep]
|upkeep
|
|t:|1780974852
|switch|p2a: nothing new there|Gliscor, F, tera:Dark|63/100 tox
|-damage|p2a: nothing new there|38/100 tox|[from] Spikes
|turn|100
|
|t:|1780974857
|switch|p1a: Iron Treads|Iron Treads|18/100
|-damage|p1a: Iron Treads|15/100|[from] Stealth Rock
|move|p2a: nothing new there|Substitute|p2a: nothing new there
|-start|p2a: nothing new there|Substitute
|-damage|p2a: nothing new there|13/100 tox
|
|-weather|Snowscape|[upkeep]
|-heal|p2a: nothing new there|25/100 tox|[from] ability: Poison Heal
|upkeep
|turn|101
|
|t:|1780974861
|move|p2a: nothing new there|Protect|p2a: nothing new there
|-singleturn|p2a: nothing new there|Protect
|move|p1a: Iron Treads|Rapid Spin|p2a: nothing new there
|-activate|p2a: nothing new there|move: Protect
|
|-weather|Snowscape|[upkeep]
|-heal|p2a: nothing new there|38/100 tox|[from] ability: Poison Heal
|upkeep
|turn|102
|
|t:|1780974864
|move|p1a: Iron Treads|Rapid Spin|p2a: nothing new there
|-activate|p2a: nothing new there|move: Substitute|[damage]
|-sideend|p1: lt_alt1|Stealth Rock|[from] move: Rapid Spin|[of] p1a: Iron Treads
|-boost|p1a: Iron Treads|spe|1
|move|p2a: nothing new there|Knock Off|p1a: Iron Treads
|-damage|p1a: Iron Treads|0 fnt
|faint|p1a: Iron Treads
|-end|p1a: Iron Treads|Quark Drive|[silent]
|
|-weather|none
|-heal|p2a: nothing new there|50/100 tox|[from] ability: Poison Heal
|upkeep
|
|t:|1780974867
|switch|p1a: Gliscor|Gliscor, M|35/100 tox
|turn|103
|
|t:|1780974872
|move|p2a: nothing new there|Protect|p2a: nothing new there
|-singleturn|p2a: nothing new there|Protect
|move|p1a: Gliscor|Knock Off|p2a: nothing new there
|-activate|p2a: nothing new there|move: Protect
|
|-heal|p2a: nothing new there|63/100 tox|[from] ability: Poison Heal
|-heal|p1a: Gliscor|48/100 tox|[from] ability: Poison Heal
|-damage|p1a: Gliscor|35/100 tox|[from] item: Sticky Barb
|upkeep
|turn|104
|
|t:|1780974877
|move|p2a: nothing new there|Substitute|p2a: nothing new there
|-fail|p2a: nothing new there|move: Substitute
|move|p1a: Gliscor|Knock Off|p2a: nothing new there
|-resisted|p2a: nothing new there
|-activate|p2a: nothing new there|move: Substitute|[damage]
|
|-heal|p2a: nothing new there|75/100 tox|[from] ability: Poison Heal
|-heal|p1a: Gliscor|48/100 tox|[from] ability: Poison Heal
|-damage|p1a: Gliscor|35/100 tox|[from] item: Sticky Barb
|upkeep
|turn|105
|
|t:|1780974880
|move|p2a: nothing new there|Toxic|p1a: Gliscor
|-fail|p1a: Gliscor|tox
|move|p1a: Gliscor|Knock Off|p2a: nothing new there
|-resisted|p2a: nothing new there
|-activate|p2a: nothing new there|move: Substitute|[damage]
|
|-heal|p2a: nothing new there|88/100 tox|[from] ability: Poison Heal
|-heal|p1a: Gliscor|48/100 tox|[from] ability: Poison Heal
|-damage|p1a: Gliscor|35/100 tox|[from] item: Sticky Barb
|upkeep
|turn|106
|
|t:|1780974899
|move|p2a: nothing new there|Toxic|p1a: Gliscor
|-fail|p1a: Gliscor|tox
|move|p1a: Gliscor|Knock Off|p2a: nothing new there
|-resisted|p2a: nothing new there
|-end|p2a: nothing new there|Substitute
|
|-heal|p2a: nothing new there|99/100 tox|[from] ability: Poison Heal
|-heal|p1a: Gliscor|48/100 tox|[from] ability: Poison Heal
|-damage|p1a: Gliscor|35/100 tox|[from] item: Sticky Barb
|upkeep
|turn|107
|
|t:|1780974903
|move|p2a: nothing new there|Substitute|p2a: nothing new there
|-start|p2a: nothing new there|Substitute
|-damage|p2a: nothing new there|75/100 tox
|move|p1a: Gliscor|Knock Off|p2a: nothing new there
|-resisted|p2a: nothing new there
|-activate|p2a: nothing new there|move: Substitute|[damage]
|
|-heal|p2a: nothing new there|88/100 tox|[from] ability: Poison Heal
|-heal|p1a: Gliscor|48/100 tox|[from] ability: Poison Heal
|-damage|p1a: Gliscor|35/100 tox|[from] item: Sticky Barb
|upkeep
|turn|108
|
|t:|1780974910
|move|p2a: nothing new there|Protect|p2a: nothing new there
|-singleturn|p2a: nothing new there|Protect
|move|p1a: Gliscor|Spikes||[still]
|-fail|p1a: Gliscor
|
|-heal|p2a: nothing new there|99/100 tox|[from] ability: Poison Heal
|-heal|p1a: Gliscor|48/100 tox|[from] ability: Poison Heal
|-damage|p1a: Gliscor|35/100 tox|[from] item: Sticky Barb
|upkeep
|turn|109
|
|t:|1780974913
|switch|p2a: keep trying|Dondozo, M|100/100
|-damage|p2a: keep trying|76/100|[from] Spikes
|move|p1a: Gliscor|Knock Off|p2a: keep trying
|-damage|p2a: keep trying|66/100
|-enditem|p2a: keep trying|Leftovers|[from] move: Knock Off|[of] p1a: Gliscor
|
|-heal|p1a: Gliscor|48/100 tox|[from] ability: Poison Heal
|-damage|p1a: Gliscor|35/100 tox|[from] item: Sticky Barb
|upkeep
|turn|110
|
|t:|1780974917
|switch|p1a: Raging Bolt|Raging Bolt|100/100
|move|p2a: keep trying|Crunch|p1a: Raging Bolt
|-damage|p1a: Raging Bolt|85/100
|-unboost|p1a: Raging Bolt|def|1
|
|-heal|p1a: Raging Bolt|92/100|[from] item: Leftovers
|upkeep
|turn|111
|
|t:|1780974920
|move|p1a: Raging Bolt|Thunderbolt|p2a: keep trying
|-supereffective|p2a: keep trying
|-damage|p2a: keep trying|0 fnt
|faint|p2a: keep trying
|
|-heal|p1a: Raging Bolt|98/100|[from] item: Leftovers
|upkeep
|
|t:|1780974922
|switch|p2a: nothing new there|Gliscor, F, tera:Dark|99/100 tox
|-damage|p2a: nothing new there|75/100 tox|[from] Spikes
|turn|112
|
|t:|1780974927
|-end|p1a: Raging Bolt|Protosynthesis|[silent]
|switch|p1a: Gliscor|Gliscor, M|35/100 tox
|move|p2a: nothing new there|Substitute|p2a: nothing new there
|-start|p2a: nothing new there|Substitute
|-damage|p2a: nothing new there|50/100 tox
|
|-heal|p2a: nothing new there|63/100 tox|[from] ability: Poison Heal
|-heal|p1a: Gliscor|48/100 tox|[from] ability: Poison Heal
|-damage|p1a: Gliscor|35/100 tox|[from] item: Sticky Barb
|upkeep
|turn|113
|-message|Mr Tpen forfeited.
|
|win|lt_alt1
|raw|lt_alt1's rating: 1714 &rarr; <strong>1731</strong><br />(+17 for winning)
|raw|Mr Tpen's rating: 1661 &rarr; <strong>1644</strong><br />(-17 for losing)
|l|☆Mr Tpen
|player|p2|
|l| dalty dalty dalty
