|j|☆myree
|j|☆meio_potato
|t:|1781376260
|gametype|singles
|player|p1|myree|benga|1603
|player|p2|meio_potato|hilda-wonderlauncher|1604
|gen|9
|tier|[Gen 9] OU
|rated|
|rule|HP Percentage Mod: HP is shown in percentages
|rule|Endless Battle Clause: Forcing endless battles is banned
|rule|Species Clause: Limit one of each Pokémon
|rule|OHKO Clause: OHKO moves are banned
|rule|Evasion Items Clause: Evasion items are banned
|rule|Evasion Moves Clause: Evasion moves are banned
|rule|Evasion Abilities Clause: Evasion abilities are banned
|rule|Sleep Moves Clause: Sleep-inducing moves are banned
|clearpoke
|poke|p1|Iron Valiant|
|poke|p1|Ogerpon-Cornerstone, F|
|poke|p1|Iron Treads|
|poke|p1|Fezandipiti, M|
|poke|p1|Samurott-Hisui, F|
|poke|p1|Goodra-Hisui, F|
|poke|p2|Latias, F|
|poke|p2|Polteageist|
|poke|p2|Zamazenta-*|
|poke|p2|Kingambit, M|
|poke|p2|Ogerpon-Wellspring, F|
|poke|p2|Iron Moth|
|teampreview
|inactive|Battle timer is ON: inactive players will automatically lose when time's up. (requested by meio_potato)
|
|t:|1781376275
|teamsize|p1|6
|teamsize|p2|6
|start
|switch|p1a: Iron Valiant|Iron Valiant|100/100
|switch|p2a: Ogerpon|Ogerpon-Wellspring, F|100/100
|turn|1
|
|t:|1781376294
|move|p1a: Iron Valiant|Moonblast|p2a: Ogerpon
|-damage|p2a: Ogerpon|46/100
|move|p2a: Ogerpon|Swords Dance|p2a: Ogerpon
|-boost|p2a: Ogerpon|atk|2
|
|upkeep
|turn|2
|
|t:|1781376298
|move|p1a: Iron Valiant|Moonblast|p2a: Ogerpon
|-damage|p2a: Ogerpon|0 fnt
|faint|p2a: Ogerpon
|
|upkeep
|
|t:|1781376307
|switch|p2a: Latias|Latias, F|100/100
|turn|3
|
|t:|1781376319
|move|p1a: Iron Valiant|Moonblast|p2a: Latias
|-supereffective|p2a: Latias
|-damage|p2a: Latias|19/100
|-unboost|p2a: Latias|spa|1
|-enditem|p2a: Latias|Weakness Policy
|-boost|p2a: Latias|atk|2|[from] item: Weakness Policy
|-boost|p2a: Latias|spa|2|[from] item: Weakness Policy
|move|p2a: Latias|Agility|p2a: Latias
|-boost|p2a: Latias|spe|2
|
|upkeep
|turn|4
|
|t:|1781376324
|-end|p1a: Iron Valiant|Quark Drive|[silent]
|switch|p1a: Samurott|Samurott-Hisui, F|100/100
|move|p2a: Latias|Draining Kiss|p1a: Samurott
|-supereffective|p1a: Samurott
|-damage|p1a: Samurott|66/100
|-heal|p2a: Latias|51/100|[from] drain|[of] p1a: Samurott
|
|upkeep
|turn|5
|
|t:|1781376334
|move|p2a: Latias|Draining Kiss|p1a: Samurott
|-supereffective|p1a: Samurott
|-damage|p1a: Samurott|29/100
|-heal|p2a: Latias|85/100|[from] drain|[of] p1a: Samurott
|move|p1a: Samurott|Ceaseless Edge|p2a: Latias
|-supereffective|p2a: Latias
|-damage|p2a: Latias|0 fnt
|-sidestart|p2: meio_potato|Spikes
|faint|p2a: Latias
|
|upkeep
|
|t:|1781376343
|switch|p2a: Zamazenta|Zamazenta|100/100
|-damage|p2a: Zamazenta|88/100|[from] Spikes
|-ability|p2a: Zamazenta|Dauntless Shield|boost
|-boost|p2a: Zamazenta|def|1
|turn|6
|
|t:|1781376351
|switch|p1a: fezanskibidi|Fezandipiti, M|100/100
|-item|p1a: fezanskibidi|Air Balloon
|move|p2a: Zamazenta|Iron Defense|p2a: Zamazenta
|-boost|p2a: Zamazenta|def|2
|
|-heal|p2a: Zamazenta|94/100|[from] item: Leftovers
|upkeep
|turn|7
|
|t:|1781376358
|move|p2a: Zamazenta|Body Press|p1a: fezanskibidi
|-resisted|p1a: fezanskibidi
|-damage|p1a: fezanskibidi|75/100
|-enditem|p1a: fezanskibidi|Air Balloon
|move|p1a: fezanskibidi|Moonblast|p2a: Zamazenta
|-supereffective|p2a: Zamazenta
|-damage|p2a: Zamazenta|29/100
|-unboost|p2a: Zamazenta|spa|1
|
|-heal|p2a: Zamazenta|35/100|[from] item: Leftovers
|upkeep
|turn|8
|
|t:|1781376363
|move|p2a: Zamazenta|Body Press|p1a: fezanskibidi
|-resisted|p1a: fezanskibidi
|-damage|p1a: fezanskibidi|52/100
|move|p1a: fezanskibidi|Moonblast|p2a: Zamazenta
|-supereffective|p2a: Zamazenta
|-damage|p2a: Zamazenta|0 fnt
|faint|p2a: Zamazenta
|
|upkeep
|
|t:|1781376365
|switch|p2a: Kingambit|Kingambit, M|100/100
|-damage|p2a: Kingambit|88/100|[from] Spikes
|turn|9
|
|t:|1781376376
|move|p1a: fezanskibidi|Heat Wave|p2a: Kingambit
|-supereffective|p2a: Kingambit
|-damage|p2a: Kingambit|56/100
|move|p2a: Kingambit|Iron Head|p1a: fezanskibidi
|-supereffective|p1a: fezanskibidi
|-damage|p1a: fezanskibidi|0 fnt
|faint|p1a: fezanskibidi
|
|upkeep
|
|t:|1781376393
|switch|p1a: best treadist|Iron Treads|100/100
|turn|10
|
|t:|1781376396
|move|p1a: best treadist|Earthquake|p2a: Kingambit
|-supereffective|p2a: Kingambit
|-damage|p2a: Kingambit|0 fnt
|faint|p2a: Kingambit
|
|upkeep
|
|t:|1781376399
|switch|p2a: Polteageist|Polteageist|100/100
|-damage|p2a: Polteageist|88/100|[from] Spikes
|turn|11
|
|t:|1781376403
|-terastallize|p2a: Polteageist|Grass
|move|p1a: best treadist|Earthquake|p2a: Polteageist
|-resisted|p2a: Polteageist
|-damage|p2a: Polteageist|45/100
|-ability|p2a: Polteageist|Weak Armor|boost
|-unboost|p2a: Polteageist|def|1
|-boost|p2a: Polteageist|spe|2
|move|p2a: Polteageist|Shell Smash|p2a: Polteageist
|-unboost|p2a: Polteageist|def|1
|-unboost|p2a: Polteageist|spd|1
|-boost|p2a: Polteageist|atk|2
|-boost|p2a: Polteageist|spa|2
|-boost|p2a: Polteageist|spe|2
|
|upkeep
|turn|12
|
|t:|1781376415
|move|p2a: Polteageist|Giga Drain|p1a: best treadist
|-damage|p1a: best treadist|0 fnt
|-heal|p2a: Polteageist|100/100|[from] drain|[of] p1a: best treadist
|faint|p1a: best treadist
|-end|p1a: best treadist|Quark Drive|[silent]
|
|upkeep
|
|t:|1781376423
|switch|p1a: Prof. Goo-D.|Goodra-Hisui, F|100/100
|turn|13
|
|t:|1781376430
|move|p2a: Polteageist|Shadow Ball|p1a: Prof. Goo-D.
|-crit|p1a: Prof. Goo-D.
|-damage|p1a: Prof. Goo-D.|32/100
|-unboost|p1a: Prof. Goo-D.|spd|1
|move|p1a: Prof. Goo-D.|Ice Beam|p2a: Polteageist
|-supereffective|p2a: Polteageist
|-damage|p2a: Polteageist|7/100
|
|upkeep
|turn|14
|
|t:|1781376435
|move|p2a: Polteageist|Shadow Ball|p1a: Prof. Goo-D.
|-damage|p1a: Prof. Goo-D.|0 fnt
|faint|p1a: Prof. Goo-D.
|
|upkeep
|
|t:|1781376436
|switch|p1a: Samurott|Samurott-Hisui, F|29/100
|turn|15
|
|t:|1781376450
|move|p1a: Samurott|Sucker Punch|p2a: Polteageist
|-damage|p2a: Polteageist|0 fnt
|faint|p2a: Polteageist
|
|upkeep
|
|t:|1781376451
|switch|p2a: Iron Moth|Iron Moth|100/100
|-damage|p2a: Iron Moth|88/100|[from] Spikes
|turn|16
|
|t:|1781376458
|move|p2a: Iron Moth|Energy Ball|p1a: Samurott
|-supereffective|p1a: Samurott
|-damage|p1a: Samurott|0 fnt
|faint|p1a: Samurott
|
|upkeep
|
|t:|1781376460
|switch|p1a: roxc-bree|Ogerpon-Cornerstone, F|100/100
|turn|17
|
|t:|1781376465
|move|p2a: Iron Moth|Sludge Wave|p1a: roxc-bree
|-damage|p1a: roxc-bree|51/100
|move|p1a: roxc-bree|Ivy Cudgel|p2a: Iron Moth|[anim] Ivy Cudgel Rock
|-supereffective|p2a: Iron Moth
|-crit|p2a: Iron Moth
|-damage|p2a: Iron Moth|0 fnt
|faint|p2a: Iron Moth
|-end|p2a: Iron Moth|Quark Drive|[silent]
|
|win|myree
|raw|myree's rating: 1603 &rarr; <strong>1623</strong><br />(+20 for winning)
|raw|meio_potato's rating: 1606 &rarr; <strong>1586</strong><br />(-20 for losing)
|l|☆meio_potato
|player|p2|
