|j|☆FP.//06
|j|☆Enigmatic Gale
|t:|1781069250
|gametype|singles
|player|p1|FP.//06|lucas|1593
|player|p2|Enigmatic Gale|juggler|1550
|gen|9
|tier|[Gen 9] OU
|rated|
|rule|HP Percentage Mod: HP is shown in percentages
|rule|Endless Battle Clause: Forcing endless battles is banned
|rule|Species Clause: Limit one of each Pokémon
|rule|OHKO Clause: OHKO moves are banned
|rule|Evasion Items Clause: Evasion items are banned
|rule|Evasion Moves Clause: Evasion moves are banned
|rule|Evasion Abilities Clause: Evasion abilities are banned
|rule|Sleep Moves Clause: Sleep-inducing moves are banned
|clearpoke
|poke|p1|Ogerpon, F|
|poke|p1|Samurott-Hisui, M|
|poke|p1|Blissey, F|
|poke|p1|Gliscor, F|
|poke|p1|Skarmory, F|
|poke|p1|Pecharunt|
|poke|p2|Dragonite, M|
|poke|p2|Hatterene, F|
|poke|p2|Kingambit, F|
|poke|p2|Moltres|
|poke|p2|Great Tusk|
|poke|p2|Zamazenta-*|
|teampreview
|inactive|Battle timer is ON: inactive players will automatically lose when time's up. (requested by FP.//06)
|
|t:|1781069280
|teamsize|p1|6
|teamsize|p2|6
|start
|switch|p1a: Skarmory|Skarmory, F|100/100
|switch|p2a: Hatterene|Hatterene, F|100/100
|turn|1
|
|t:|1781069305
|switch|p1a: Gliscor|Gliscor, F|100/100
|move|p2a: Hatterene|Psyshock|p1a: Gliscor
|-crit|p1a: Gliscor
|-damage|p1a: Gliscor|61/100
|
|-status|p1a: Gliscor|tox|[from] item: Toxic Orb
|upkeep
|turn|2
|
|t:|1781069320
|move|p1a: Gliscor|Protect|p1a: Gliscor
|-singleturn|p1a: Gliscor|Protect
|move|p2a: Hatterene|Calm Mind|p2a: Hatterene
|-boost|p2a: Hatterene|spa|1
|-boost|p2a: Hatterene|spd|1
|
|-heal|p1a: Gliscor|74/100 tox|[from] ability: Poison Heal
|upkeep
|turn|3
|inactive|Enigmatic Gale has 120 seconds left.
|
|t:|1781069336
|switch|p1a: Blissey|Blissey, F|100/100
|move|p2a: Hatterene|Psyshock|p1a: Blissey
|-damage|p1a: Blissey|42/100
|
|upkeep
|turn|4
|inactive|Enigmatic Gale has 120 seconds left.
|
|t:|1781069347
|-terastallize|p1a: Blissey|Dark
|move|p1a: Blissey|Soft-Boiled|p1a: Blissey
|-heal|p1a: Blissey|92/100
|move|p2a: Hatterene|Psyshock|p1a: Blissey
|-immune|p1a: Blissey
|
|upkeep
|turn|5
|inactive|Enigmatic Gale has 120 seconds left.
|
|t:|1781069377
|move|p1a: Blissey|Calm Mind|p1a: Blissey
|-boost|p1a: Blissey|spa|1
|-boost|p1a: Blissey|spd|1
|move|p2a: Hatterene|Draining Kiss|p1a: Blissey
|-supereffective|p1a: Blissey
|-damage|p1a: Blissey|79/100
|
|upkeep
|turn|6
|
|t:|1781069394
|switch|p2a: Kingambit|Kingambit, F|100/100
|move|p1a: Blissey|Seismic Toss|p2a: Kingambit
|-damage|p2a: Kingambit|75/100
|
|upkeep
|turn|7
|
|t:|1781069406
|switch|p1a: Skarmory|Skarmory, F|100/100
|move|p2a: Kingambit|Iron Head|p1a: Skarmory
|-resisted|p1a: Skarmory
|-damage|p1a: Skarmory|86/100
|-damage|p2a: Kingambit|59/100|[from] item: Rocky Helmet|[of] p1a: Skarmory
|
|upkeep
|turn|8
|
|t:|1781069416
|switch|p1a: Pecharunt|Pecharunt|100/100
|-end|p2a: Kingambit|fallenundefined|[silent]
|switch|p2a: Hatterene|Hatterene, F|100/100
|
|upkeep
|turn|9
|inactive|Enigmatic Gale has 90 seconds left.
|
|t:|1781069443
|move|p1a: Pecharunt|Shadow Ball|p2a: Hatterene
|-supereffective|p2a: Hatterene
|-damage|p2a: Hatterene|45/100
|-unboost|p2a: Hatterene|spd|1
|move|p2a: Hatterene|Mystical Fire|p1a: Pecharunt
|-damage|p1a: Pecharunt|77/100
|-unboost|p1a: Pecharunt|spa|1
|
|-heal|p2a: Hatterene|51/100|[from] item: Leftovers
|upkeep
|turn|10
|
|t:|1781069461
|switch|p2a: Kingambit|Kingambit, F|59/100
|move|p1a: Pecharunt|Parting Shot|p2a: Kingambit
|-unboost|p2a: Kingambit|atk|1
|-unboost|p2a: Kingambit|spa|1
|
|t:|1781069465
|switch|p1a: Skarmory|Skarmory, F|86/100|[from] Parting Shot
|
|upkeep
|turn|11
|
|t:|1781069470
|-end|p2a: Kingambit|fallenundefined|[silent]
|switch|p2a: Hatterene|Hatterene, F|51/100
|move|p1a: Skarmory|Stealth Rock|p2a: Hatterene
|move|p2a: Hatterene|Stealth Rock|p1a: Skarmory|[from] ability: Magic Bounce
|-sidestart|p1: FP.//06|move: Stealth Rock
|
|-heal|p2a: Hatterene|57/100|[from] item: Leftovers
|upkeep
|turn|12
|inactive|Enigmatic Gale has 90 seconds left.
|
|t:|1781069488
|switch|p1a: Pecharunt|Pecharunt|77/100
|move|p2a: Hatterene|Mystical Fire|p1a: Pecharunt
|-damage|p1a: Pecharunt|54/100
|-unboost|p1a: Pecharunt|spa|1
|
|-heal|p2a: Hatterene|63/100|[from] item: Leftovers
|upkeep
|turn|13
|
|t:|1781069497
|move|p1a: Pecharunt|Shadow Ball|p2a: Hatterene
|-supereffective|p2a: Hatterene
|-damage|p2a: Hatterene|28/100
|move|p2a: Hatterene|Psyshock|p1a: Pecharunt
|-supereffective|p1a: Pecharunt
|-damage|p1a: Pecharunt|24/100
|
|-heal|p2a: Hatterene|34/100|[from] item: Leftovers
|upkeep
|turn|14
|inactive|Enigmatic Gale has 90 seconds left.
|
|t:|1781069509
|move|p1a: Pecharunt|Recover|p1a: Pecharunt
|-heal|p1a: Pecharunt|74/100
|move|p2a: Hatterene|Psyshock|p1a: Pecharunt
|-supereffective|p1a: Pecharunt
|-damage|p1a: Pecharunt|40/100
|
|-heal|p2a: Hatterene|40/100|[from] item: Leftovers
|upkeep
|turn|15
|inactive|Enigmatic Gale has 90 seconds left.
|
|t:|1781069525
|switch|p2a: Moltres|Moltres|100/100
|move|p1a: Pecharunt|Recover|p1a: Pecharunt
|-heal|p1a: Pecharunt|90/100
|
|upkeep
|turn|16
|
|t:|1781069534
|switch|p2a: Hatterene|Hatterene, F|40/100
|move|p1a: Pecharunt|Toxic|p2a: Hatterene
|move|p2a: Hatterene|Toxic|p1a: Pecharunt|[from] ability: Magic Bounce
|-immune|p1a: Pecharunt
|
|-heal|p2a: Hatterene|46/100|[from] item: Leftovers
|upkeep
|turn|17
|inactive|Enigmatic Gale has 90 seconds left.
|
|t:|1781069564
|move|p1a: Pecharunt|Shadow Ball|p2a: Hatterene
|-supereffective|p2a: Hatterene
|-damage|p2a: Hatterene|10/100
|move|p2a: Hatterene|Mystical Fire|p1a: Pecharunt
|-damage|p1a: Pecharunt|69/100
|-unboost|p1a: Pecharunt|spa|1
|
|-heal|p2a: Hatterene|16/100|[from] item: Leftovers
|upkeep
|turn|18
|
|t:|1781069575
|switch|p2a: Kingambit|Kingambit, F|59/100
|move|p1a: Pecharunt|Parting Shot|p2a: Kingambit
|-unboost|p2a: Kingambit|atk|1
|-unboost|p2a: Kingambit|spa|1
|
|t:|1781069579
|switch|p1a: Samurott|Samurott-Hisui, M|100/100|[from] Parting Shot
|
|upkeep
|turn|19
|
|t:|1781069587
|-end|p2a: Kingambit|fallenundefined|[silent]
|switch|p2a: Great Tusk|Great Tusk|100/100
|move|p1a: Samurott|Ceaseless Edge|p2a: Great Tusk
|-resisted|p2a: Great Tusk
|-damage|p2a: Great Tusk|84/100
|-damage|p1a: Samurott|84/100|[from] item: Rocky Helmet|[of] p2a: Great Tusk
|-sidestart|p2: Enigmatic Gale|Spikes
|
|upkeep
|turn|20
|
|t:|1781069610
|move|p2a: Great Tusk|Rapid Spin|p1a: Samurott
|-damage|p1a: Samurott|63/100
|-boost|p2a: Great Tusk|spe|1
|-sideend|p2: Enigmatic Gale|Spikes|[from] move: Rapid Spin|[of] p2a: Great Tusk
|move|p1a: Samurott|Razor Shell|p2a: Great Tusk
|-supereffective|p2a: Great Tusk
|-damage|p2a: Great Tusk|8/100
|-damage|p1a: Samurott|47/100|[from] item: Rocky Helmet|[of] p2a: Great Tusk
|
|upkeep
|turn|21
|
|t:|1781069620
|switch|p1a: Skarmory|Skarmory, F|86/100
|-damage|p1a: Skarmory|74/100|[from] Stealth Rock
|move|p2a: Great Tusk|Headlong Rush|p1a: Skarmory
|-immune|p1a: Skarmory
|
|upkeep
|turn|22
|
|t:|1781069627
|-end|p2a: Great Tusk|Protosynthesis|[silent]
|switch|p2a: Hatterene|Hatterene, F|16/100
|switch|p1a: Samurott|Samurott-Hisui, M|47/100
|
|-heal|p2a: Hatterene|22/100|[from] item: Leftovers
|upkeep
|turn|23
|inactive|Enigmatic Gale has 60 seconds left.
|inactive|Enigmatic Gale has 30 seconds left.
|
|t:|1781069689
|switch|p2a: Great Tusk|Great Tusk|8/100
|move|p1a: Samurott|Ceaseless Edge|p2a: Great Tusk
|-resisted|p2a: Great Tusk
|-damage|p2a: Great Tusk|0 fnt
|-damage|p1a: Samurott|30/100|[from] item: Rocky Helmet|[of] p2a: Great Tusk
|-sidestart|p2: Enigmatic Gale|Spikes
|faint|p2a: Great Tusk
|-end|p2a: Great Tusk|Protosynthesis|[silent]
|
|upkeep
|inactive|Enigmatic Gale has 30 seconds left.
|
|t:|1781069699
|switch|p2a: Zamazenta|Zamazenta|100/100
|-damage|p2a: Zamazenta|88/100|[from] Spikes
|-ability|p2a: Zamazenta|Dauntless Shield|boost
|-boost|p2a: Zamazenta|def|1
|turn|24
|
|t:|1781069707
|switch|p1a: Skarmory|Skarmory, F|74/100
|-damage|p1a: Skarmory|62/100|[from] Stealth Rock
|move|p2a: Zamazenta|Heavy Slam|p1a: Skarmory
|-resisted|p1a: Skarmory
|-damage|p1a: Skarmory|54/100
|-damage|p2a: Zamazenta|72/100|[from] item: Rocky Helmet|[of] p1a: Skarmory
|
|-heal|p2a: Zamazenta|78/100|[from] item: Leftovers
|upkeep
|turn|25
|
|t:|1781069718
|move|p1a: Skarmory|Roost|p1a: Skarmory
|-heal|p1a: Skarmory|100/100
|-singleturn|p1a: Skarmory|move: Roost
|move|p2a: Zamazenta|Roar|p1a: Skarmory
|drag|p1a: Ogerpon|Ogerpon, F|100/100
|
|-heal|p2a: Zamazenta|84/100|[from] item: Leftovers
|upkeep
|turn|26
|
|t:|1781069732
|switch|p1a: Pecharunt|Pecharunt|69/100
|move|p2a: Zamazenta|Iron Defense|p2a: Zamazenta
|-boost|p2a: Zamazenta|def|2
|
|-heal|p2a: Zamazenta|90/100|[from] item: Leftovers
|upkeep
|turn|27
|
|t:|1781069743
|switch|p2a: Kingambit|Kingambit, F|59/100
|-damage|p2a: Kingambit|46/100|[from] Spikes
|-activate|p2a: Kingambit|ability: Supreme Overlord
|-start|p2a: Kingambit|fallen1|[silent]
|move|p1a: Pecharunt|Toxic|p2a: Kingambit
|-immune|p2a: Kingambit
|
|upkeep
|turn|28
|inactive|Enigmatic Gale has 30 seconds left.
|
|t:|1781069761
|-end|p2a: Kingambit|fallen1|[silent]
|switch|p2a: Dragonite|Dragonite, M|100/100
|move|p1a: Pecharunt|Parting Shot|p2a: Dragonite
|-unboost|p2a: Dragonite|atk|1
|-unboost|p2a: Dragonite|spa|1
|
|t:|1781069764
|switch|p1a: Skarmory|Skarmory, F|100/100|[from] Parting Shot
|-damage|p1a: Skarmory|88/100|[from] Stealth Rock
|
|upkeep
|turn|29
|
|t:|1781069773
|move|p2a: Dragonite|Dragon Dance|p2a: Dragonite
|-boost|p2a: Dragonite|atk|1
|-boost|p2a: Dragonite|spe|1
|move|p1a: Skarmory|Whirlwind|p2a: Dragonite
|drag|p2a: Zamazenta|Zamazenta|90/100
|-damage|p2a: Zamazenta|78/100|[from] Spikes
|
|-heal|p2a: Zamazenta|84/100|[from] item: Leftovers
|upkeep
|turn|30
|
|t:|1781069787
|move|p2a: Zamazenta|Iron Defense|p2a: Zamazenta
|-boost|p2a: Zamazenta|def|2
|move|p1a: Skarmory|Stealth Rock|p2a: Zamazenta
|-sidestart|p2: Enigmatic Gale|move: Stealth Rock
|
|-heal|p2a: Zamazenta|90/100|[from] item: Leftovers
|upkeep
|turn|31
|
|t:|1781069796
|switch|p1a: Pecharunt|Pecharunt|69/100
|move|p2a: Zamazenta|Body Press|p1a: Pecharunt
|-immune|p1a: Pecharunt
|
|-heal|p2a: Zamazenta|96/100|[from] item: Leftovers
|upkeep
|turn|32
|
|t:|1781069807
|move|p2a: Zamazenta|Heavy Slam|p1a: Pecharunt
|-crit|p1a: Pecharunt
|-damage|p1a: Pecharunt|45/100
|move|p1a: Pecharunt|Toxic|p2a: Zamazenta
|-status|p2a: Zamazenta|tox
|-start|p2a: Zamazenta|confusion|[from] ability: Poison Puppeteer|[of] p1a: Pecharunt
|
|-heal|p2a: Zamazenta|100/100 tox|[from] item: Leftovers
|-damage|p2a: Zamazenta|94/100 tox|[from] psn
|upkeep
|turn|33
|
|t:|1781069826
|-activate|p2a: Zamazenta|confusion
|-damage|p2a: Zamazenta|90/100 tox|[from] confusion
|move|p1a: Pecharunt|Recover|p1a: Pecharunt
|-heal|p1a: Pecharunt|95/100
|
|-heal|p2a: Zamazenta|97/100 tox|[from] item: Leftovers
|-damage|p2a: Zamazenta|84/100 tox|[from] psn
|upkeep
|turn|34
|-message|Enigmatic Gale forfeited.
|
|win|FP.//06
|raw|FP.&#x2f;&#x2f;06's rating: 1593 &rarr; <strong>1611</strong><br />(+18 for winning)
|raw|Enigmatic Gale's rating: 1550 &rarr; <strong>1532</strong><br />(-18 for losing)
|l|☆Enigmatic Gale
|player|p2|
|l|☆FP.//06
|player|p1|
