|j|☆sparky1218
|j|☆myree
|t:|1781282136
|gametype|singles
|player|p1|sparky1218|170|1504
|player|p2|myree|benga|1563
|gen|9
|tier|[Gen 9] OU
|rated|
|rule|HP Percentage Mod: HP is shown in percentages
|rule|Endless Battle Clause: Forcing endless battles is banned
|rule|Species Clause: Limit one of each Pokémon
|rule|OHKO Clause: OHKO moves are banned
|rule|Evasion Items Clause: Evasion items are banned
|rule|Evasion Moves Clause: Evasion moves are banned
|rule|Evasion Abilities Clause: Evasion abilities are banned
|rule|Sleep Moves Clause: Sleep-inducing moves are banned
|clearpoke
|poke|p1|Garganacl, F|
|poke|p1|Zapdos|
|poke|p1|Great Tusk|
|poke|p1|Tornadus-Therian, M|
|poke|p1|Primarina, F|
|poke|p1|Kingambit, F|
|poke|p2|Iron Valiant|
|poke|p2|Ogerpon-Cornerstone, F|
|poke|p2|Iron Treads|
|poke|p2|Fezandipiti, M|
|poke|p2|Samurott-Hisui, M|
|poke|p2|Goodra-Hisui, F|
|teampreview
|inactive|Battle timer is ON: inactive players will automatically lose when time's up. (requested by sparky1218)
|
|t:|1781282144
|teamsize|p1|6
|teamsize|p2|6
|start
|switch|p1a: Zapdos|Zapdos|100/100
|switch|p2a: best treadist|Iron Treads|100/100
|turn|1
|
|t:|1781282155
|switch|p1a: Garganacl|Garganacl, F|100/100
|move|p2a: best treadist|Ice Spinner|p1a: Garganacl
|-damage|p1a: Garganacl|85/100
|
|-heal|p1a: Garganacl|91/100|[from] item: Leftovers
|upkeep
|turn|2
|
|t:|1781282163
|move|p2a: best treadist|Earthquake|p1a: Garganacl
|-supereffective|p1a: Garganacl
|-damage|p1a: Garganacl|17/100
|move|p1a: Garganacl|Stealth Rock|p2a: best treadist
|-sidestart|p2: myree|move: Stealth Rock
|
|-heal|p1a: Garganacl|24/100|[from] item: Leftovers
|upkeep
|turn|3
|
|t:|1781282180
|-end|p2a: best treadist|Quark Drive|[silent]
|switch|p2a: Iron Valiant|Iron Valiant|100/100
|move|p1a: Garganacl|Protect||[still]
|-fail|p1a: Garganacl
|
|-heal|p1a: Garganacl|30/100|[from] item: Leftovers
|upkeep
|turn|4
|
|t:|1781282188
|switch|p1a: Zapdos|Zapdos|100/100
|move|p2a: Iron Valiant|Moonblast|p1a: Zapdos
|-damage|p1a: Zapdos|67/100
|
|upkeep
|turn|5
|
|t:|1781282200
|-end|p2a: Iron Valiant|Quark Drive|[silent]
|switch|p2a: best treadist|Iron Treads|100/100
|-damage|p2a: best treadist|97/100|[from] Stealth Rock
|move|p1a: Zapdos|Roost|p1a: Zapdos
|-heal|p1a: Zapdos|100/100
|-singleturn|p1a: Zapdos|move: Roost
|
|upkeep
|turn|6
|
|t:|1781282213
|switch|p1a: Primarina|Primarina, F|100/100
|move|p2a: best treadist|Rapid Spin|p1a: Primarina
|-damage|p1a: Primarina|81/100
|-boost|p2a: best treadist|spe|1
|-sideend|p2: myree|Stealth Rock|[from] move: Rapid Spin|[of] p2a: best treadist
|
|upkeep
|turn|7
|
|t:|1781282223
|-end|p2a: best treadist|Quark Drive|[silent]
|switch|p2a: Prof. Goo-D.|Goodra-Hisui, F|100/100
|move|p1a: Primarina|Surf|p2a: Prof. Goo-D.
|-resisted|p2a: Prof. Goo-D.
|-damage|p2a: Prof. Goo-D.|89/100
|
|upkeep
|turn|8
|
|t:|1781282233
|move|p1a: Primarina|Moonblast|p2a: Prof. Goo-D.
|-damage|p2a: Prof. Goo-D.|65/100
|move|p2a: Prof. Goo-D.|Knock Off|p1a: Primarina
|-resisted|p1a: Primarina
|-damage|p1a: Primarina|62/100
|-enditem|p1a: Primarina|Assault Vest|[from] move: Knock Off|[of] p2a: Prof. Goo-D.
|
|upkeep
|turn|9
|
|t:|1781282243
|move|p1a: Primarina|Draining Kiss|p2a: Prof. Goo-D.
|-damage|p2a: Prof. Goo-D.|51/100
|-heal|p1a: Primarina|72/100|[from] drain|[of] p2a: Prof. Goo-D.
|-ability|p2a: Prof. Goo-D.|Gooey
|-unboost|p1a: Primarina|spe|1
|move|p2a: Prof. Goo-D.|Thunderbolt|p1a: Primarina
|-supereffective|p1a: Primarina
|-damage|p1a: Primarina|33/100
|-status|p1a: Primarina|par
|
|upkeep
|turn|10
|
|t:|1781282258
|switch|p1a: Zapdos|Zapdos|100/100
|move|p2a: Prof. Goo-D.|Thunderbolt|p1a: Zapdos
|-damage|p1a: Zapdos|83/100
|
|upkeep
|turn|11
|
|t:|1781282265
|move|p1a: Zapdos|Roost|p1a: Zapdos
|-heal|p1a: Zapdos|100/100
|-singleturn|p1a: Zapdos|move: Roost
|move|p2a: Prof. Goo-D.|Ice Beam|p1a: Zapdos
|-damage|p1a: Zapdos|84/100
|
|upkeep
|turn|12
|
|t:|1781282272
|move|p1a: Zapdos|Thunder Wave|p2a: Prof. Goo-D.
|-status|p2a: Prof. Goo-D.|par
|move|p2a: Prof. Goo-D.|Ice Beam|p1a: Zapdos
|-supereffective|p1a: Zapdos
|-damage|p1a: Zapdos|49/100
|
|upkeep
|turn|13
|
|t:|1781282279
|switch|p2a: roxc-bree|Ogerpon-Cornerstone, F|100/100
|move|p1a: Zapdos|Roost|p1a: Zapdos
|-heal|p1a: Zapdos|99/100
|-singleturn|p1a: Zapdos|move: Roost
|
|upkeep
|turn|14
|
|t:|1781282288
|switch|p2a: best treadist|Iron Treads|97/100
|move|p1a: Zapdos|Thunder Wave|p2a: best treadist
|-immune|p2a: best treadist
|
|upkeep
|turn|15
|
|t:|1781282298
|switch|p1a: Primarina|Primarina, F|33/100 par
|move|p2a: best treadist|Ice Spinner|p1a: Primarina
|-resisted|p1a: Primarina
|-damage|p1a: Primarina|18/100 par
|
|upkeep
|turn|16
|
|t:|1781282308
|move|p2a: best treadist|Rapid Spin|p1a: Primarina
|-damage|p1a: Primarina|0 fnt
|-boost|p2a: best treadist|spe|1
|faint|p1a: Primarina
|
|upkeep
|
|t:|1781282313
|switch|p1a: Great Tusk|Great Tusk|100/100
|turn|17
|
|t:|1781282320
|-end|p2a: best treadist|Quark Drive|[silent]
|switch|p2a: fezanskibidi|Fezandipiti, M|100/100
|-item|p2a: fezanskibidi|Air Balloon
|move|p1a: Great Tusk|Headlong Rush|p2a: fezanskibidi
|-immune|p2a: fezanskibidi
|
|upkeep
|turn|18
|
|t:|1781282338
|-end|p1a: Great Tusk|Protosynthesis|[silent]
|switch|p1a: Zapdos|Zapdos|99/100
|move|p2a: fezanskibidi|Moonblast|p1a: Zapdos
|-damage|p1a: Zapdos|76/100
|-status|p1a: Zapdos|tox|[from] ability: Toxic Chain|[of] p2a: fezanskibidi
|
|-damage|p1a: Zapdos|70/100 tox|[from] psn
|upkeep
|turn|19
|
|t:|1781282351
|switch|p2a: best treadist|Iron Treads|97/100
|move|p1a: Zapdos|Hurricane|p2a: best treadist
|-resisted|p2a: best treadist
|-damage|p2a: best treadist|72/100
|
|-damage|p1a: Zapdos|58/100 tox|[from] psn
|upkeep
|turn|20
|
|t:|1781282358
|move|p2a: best treadist|Ice Spinner|p1a: Zapdos
|-supereffective|p1a: Zapdos
|-damage|p1a: Zapdos|0 fnt
|faint|p1a: Zapdos
|
|upkeep
|
|t:|1781282364
|switch|p1a: Great Tusk|Great Tusk|100/100
|turn|21
|
|t:|1781282379
|-end|p2a: best treadist|Quark Drive|[silent]
|switch|p2a: Prof. Goo-D.|Goodra-Hisui, F|51/100 par
|move|p1a: Great Tusk|Close Combat|p2a: Prof. Goo-D.
|-supereffective|p2a: Prof. Goo-D.
|-damage|p2a: Prof. Goo-D.|0 fnt
|-unboost|p1a: Great Tusk|def|1
|-unboost|p1a: Great Tusk|spd|1
|-ability|p2a: Prof. Goo-D.|Gooey
|-unboost|p1a: Great Tusk|spe|1
|faint|p2a: Prof. Goo-D.
|
|upkeep
|
|t:|1781282388
|switch|p2a: Iron Valiant|Iron Valiant|100/100
|turn|22
|
|t:|1781282391
|-end|p1a: Great Tusk|Protosynthesis|[silent]
|switch|p1a: Tornadus|Tornadus-Therian, M|100/100
|move|p2a: Iron Valiant|Moonblast|p1a: Tornadus
|-damage|p1a: Tornadus|54/100
|
|upkeep
|turn|23
|
|t:|1781282403
|-end|p2a: Iron Valiant|Quark Drive|[silent]
|switch|p2a: best treadist|Iron Treads|72/100
|move|p1a: Tornadus|Bleakwind Storm|p2a: best treadist
|-resisted|p2a: best treadist
|-damage|p2a: best treadist|50/100
|
|upkeep
|turn|24
|
|t:|1781282410
|move|p1a: Tornadus|Heat Wave|p2a: best treadist
|-supereffective|p2a: best treadist
|-damage|p2a: best treadist|0 fnt
|faint|p2a: best treadist
|-end|p2a: best treadist|Quark Drive|[silent]
|
|upkeep
|
|t:|1781282414
|switch|p2a: Samurott|Samurott-Hisui, M|100/100
|turn|25
|
|t:|1781282425
|move|p1a: Tornadus|U-turn|p2a: Samurott
|-supereffective|p2a: Samurott
|-damage|p2a: Samurott|69/100
|
|t:|1781282428
|switch|p1a: Kingambit|Kingambit, F|100/100|[from] U-turn
|-activate|p1a: Kingambit|ability: Supreme Overlord
|-start|p1a: Kingambit|fallen2|[silent]
|move|p2a: Samurott|Razor Shell|p1a: Kingambit
|-damage|p1a: Kingambit|56/100
|-unboost|p1a: Kingambit|def|1
|
|upkeep
|turn|26
|
|t:|1781282450
|move|p1a: Kingambit|Sucker Punch|p2a: Samurott
|-resisted|p2a: Samurott
|-damage|p2a: Samurott|35/100
|move|p2a: Samurott|Razor Shell|p1a: Kingambit
|-damage|p1a: Kingambit|0 fnt
|faint|p1a: Kingambit
|-end|p1a: Kingambit|fallen2|[silent]
|
|upkeep
|
|t:|1781282458
|switch|p1a: Great Tusk|Great Tusk|100/100
|turn|27
|
|t:|1781282478
|switch|p2a: Iron Valiant|Iron Valiant|100/100
|move|p1a: Great Tusk|Close Combat|p2a: Iron Valiant
|-resisted|p2a: Iron Valiant
|-damage|p2a: Iron Valiant|50/100
|-unboost|p1a: Great Tusk|def|1
|-unboost|p1a: Great Tusk|spd|1
|
|upkeep
|turn|28
|
|t:|1781282487
|-end|p1a: Great Tusk|Protosynthesis|[silent]
|switch|p1a: Tornadus|Tornadus-Therian, M|87/100
|move|p2a: Iron Valiant|Moonblast|p1a: Tornadus
|-damage|p1a: Tornadus|40/100
|
|upkeep
|turn|29
|inactive|myree has 120 seconds left.
|
|t:|1781282527
|-end|p2a: Iron Valiant|Quark Drive|[silent]
|switch|p2a: fezanskibidi|Fezandipiti, M|100/100
|-item|p2a: fezanskibidi|Air Balloon
|move|p1a: Tornadus|Bleakwind Storm|p2a: fezanskibidi
|-crit|p2a: fezanskibidi
|-damage|p2a: fezanskibidi|53/100
|-unboost|p2a: fezanskibidi|spe|1
|-enditem|p2a: fezanskibidi|Air Balloon
|
|upkeep
|turn|30
|
|t:|1781282544
|switch|p1a: Garganacl|Garganacl, F|30/100
|move|p2a: fezanskibidi|Moonblast|p1a: Garganacl
|-damage|p1a: Garganacl|6/100
|
|-heal|p1a: Garganacl|13/100|[from] item: Leftovers
|upkeep
|turn|31
|
|t:|1781282555
|move|p2a: fezanskibidi|Moonblast|p1a: Garganacl
|-damage|p1a: Garganacl|0 fnt
|faint|p1a: Garganacl
|
|upkeep
|
|t:|1781282559
|switch|p1a: Great Tusk|Great Tusk|100/100
|turn|32
|
|t:|1781282565
|-terastallize|p1a: Great Tusk|Ground
|move|p1a: Great Tusk|Headlong Rush|p2a: fezanskibidi
|-supereffective|p2a: fezanskibidi
|-damage|p2a: fezanskibidi|0 fnt
|-unboost|p1a: Great Tusk|def|1
|-unboost|p1a: Great Tusk|spd|1
|faint|p2a: fezanskibidi
|
|upkeep
|
|t:|1781282570
|switch|p2a: roxc-bree|Ogerpon-Cornerstone, F|100/100
|turn|33
|
|t:|1781282574
|-end|p1a: Great Tusk|Protosynthesis|[silent]
|switch|p1a: Tornadus|Tornadus-Therian, M|73/100
|move|p2a: roxc-bree|Horn Leech|p1a: Tornadus
|-resisted|p1a: Tornadus
|-damage|p1a: Tornadus|47/100
|
|upkeep
|turn|34
|
|t:|1781282592
|switch|p2a: Iron Valiant|Iron Valiant|50/100
|move|p1a: Tornadus|Bleakwind Storm|p2a: Iron Valiant
|-supereffective|p2a: Iron Valiant
|-damage|p2a: Iron Valiant|0 fnt
|faint|p2a: Iron Valiant
|-end|p2a: Iron Valiant|Quark Drive|[silent]
|
|upkeep
|
|t:|1781282594
|switch|p2a: Samurott|Samurott-Hisui, M|35/100
|turn|35
|
|t:|1781282602
|move|p2a: Samurott|Sucker Punch|p1a: Tornadus
|-damage|p1a: Tornadus|5/100
|move|p1a: Tornadus|U-turn|p2a: Samurott
|-supereffective|p2a: Samurott
|-damage|p2a: Samurott|5/100
|
|t:|1781282608
|switch|p1a: Great Tusk|Great Tusk, tera:Ground|100/100|[from] U-turn
|
|upkeep
|turn|36
|
|t:|1781282614
|move|p2a: Samurott|Sucker Punch|p1a: Great Tusk
|-damage|p1a: Great Tusk|74/100
|move|p1a: Great Tusk|Close Combat|p2a: Samurott
|-supereffective|p2a: Samurott
|-damage|p2a: Samurott|0 fnt
|-unboost|p1a: Great Tusk|def|1
|-unboost|p1a: Great Tusk|spd|1
|faint|p2a: Samurott
|
|upkeep
|
|t:|1781282618
|switch|p2a: roxc-bree|Ogerpon-Cornerstone, F|100/100
|turn|37
|
|t:|1781282646
|-terastallize|p2a: roxc-bree|Rock
|detailschange|p2a: roxc-bree|Ogerpon-Cornerstone-Tera, F, tera:Rock
|-ability|p2a: roxc-bree|Embody Aspect (Cornerstone)|boost
|-boost|p2a: roxc-bree|def|1
|move|p1a: Great Tusk|Close Combat|p2a: roxc-bree
|-supereffective|p2a: roxc-bree
|-damage|p2a: roxc-bree|0 fnt
|-unboost|p1a: Great Tusk|def|1
|-unboost|p1a: Great Tusk|spd|1
|faint|p2a: roxc-bree
|detailschange|p2: roxc-bree|Ogerpon-Cornerstone, F|[silent]
|
|win|sparky1218
|raw|sparky1218's rating: 1504 &rarr; <strong>1527</strong><br />(+23 for winning)
|raw|myree's rating: 1563 &rarr; <strong>1540</strong><br />(-23 for losing)
|c|☆sparky1218|ggs
|l|☆sparky1218
|player|p1|
