|j|☆toasterovens123
|j|☆NoobishTrainerJoe
|t:|1781424587
|gametype|singles
|player|p1|toasterovens123|volo|1562
|player|p2|NoobishTrainerJoe|1|1604
|gen|9
|tier|[Gen 9] OU
|rated|
|rule|HP Percentage Mod: HP is shown in percentages
|rule|Endless Battle Clause: Forcing endless battles is banned
|rule|Species Clause: Limit one of each Pokémon
|rule|OHKO Clause: OHKO moves are banned
|rule|Evasion Items Clause: Evasion items are banned
|rule|Evasion Moves Clause: Evasion moves are banned
|rule|Evasion Abilities Clause: Evasion abilities are banned
|rule|Sleep Moves Clause: Sleep-inducing moves are banned
|clearpoke
|poke|p1|Hatterene, F|
|poke|p1|Great Tusk|
|poke|p1|Tornadus-Therian, M|
|poke|p1|Kyurem|
|poke|p1|Slowking-Galar, F|
|poke|p1|Kingambit, F|
|poke|p2|Oricorio-Sensu, F|
|poke|p2|Ceruledge, F|
|poke|p2|Clefable, M|
|poke|p2|Samurott-Hisui, F|
|poke|p2|Ting-Lu|
|poke|p2|Corviknight, F|
|teampreview
|inactive|Battle timer is ON: inactive players will automatically lose when time's up. (requested by toasterovens123)
|
|t:|1781424608
|teamsize|p1|6
|teamsize|p2|6
|start
|switch|p1a: Kyurem|Kyurem|100/100
|switch|p2a: Clefable|Clefable, M|100/100
|-ability|p1a: Kyurem|Pressure
|turn|1
|
|t:|1781424613
|switch|p1a: Hatterene|Hatterene, F|100/100
|move|p2a: Clefable|Thunder Wave|p1a: Hatterene
|move|p1a: Hatterene|Thunder Wave|p2a: Clefable|[from] ability: Magic Bounce|[miss]
|-miss|p1a: Hatterene|p2a: Clefable
|
|upkeep
|turn|2
|
|t:|1781424630
|move|p2a: Clefable|Knock Off|p1a: Hatterene
|-damage|p1a: Hatterene|89/100
|-damage|p2a: Clefable|84/100|[from] item: Rocky Helmet|[of] p1a: Hatterene
|-enditem|p1a: Hatterene|Rocky Helmet|[from] move: Knock Off|[of] p2a: Clefable
|move|p1a: Hatterene|Nuzzle|p2a: Clefable
|-damage|p2a: Clefable|81/100
|-status|p2a: Clefable|par
|
|upkeep
|turn|3
|
|t:|1781424641
|move|p1a: Hatterene|Psychic Noise|p2a: Clefable
|-damage|p2a: Clefable|49/100 par
|-start|p2a: Clefable|move: Heal Block
|move|p2a: Clefable|Moonblast|p1a: Hatterene
|-damage|p1a: Hatterene|55/100
|
|upkeep
|turn|4
|
|t:|1781424648
|switch|p2a: Ceruledge|Ceruledge, F|100/100
|move|p1a: Hatterene|Draining Kiss|p2a: Ceruledge
|-resisted|p2a: Ceruledge
|-damage|p2a: Ceruledge|88/100
|-heal|p1a: Hatterene|64/100|[from] drain|[of] p2a: Ceruledge
|
|upkeep
|turn|5
|
|t:|1781424666
|switch|p2a: Ting-Lu|Ting-Lu|100/100
|-ability|p2a: Ting-Lu|Vessel of Ruin
|switch|p1a: Great Tusk|Great Tusk|100/100
|
|upkeep
|turn|6
|
|t:|1781424672
|move|p1a: Great Tusk|Ice Spinner|p2a: Ting-Lu
|-supereffective|p2a: Ting-Lu
|-damage|p2a: Ting-Lu|70/100
|move|p2a: Ting-Lu|Ruination|p1a: Great Tusk
|-damage|p1a: Great Tusk|51/100
|
|-heal|p2a: Ting-Lu|76/100|[from] item: Leftovers
|upkeep
|turn|7
|
|t:|1781424678
|move|p1a: Great Tusk|Stealth Rock|p2a: Ting-Lu
|-sidestart|p2: NoobishTrainerJoe|move: Stealth Rock
|move|p2a: Ting-Lu|Stealth Rock|p1a: Great Tusk
|-sidestart|p1: toasterovens123|move: Stealth Rock
|
|-heal|p2a: Ting-Lu|82/100|[from] item: Leftovers
|upkeep
|turn|8
|
|t:|1781424684
|move|p1a: Great Tusk|Rapid Spin|p2a: Ting-Lu
|-damage|p2a: Ting-Lu|73/100
|-boost|p1a: Great Tusk|spe|1
|-sideend|p1: toasterovens123|Stealth Rock|[from] move: Rapid Spin|[of] p1a: Great Tusk
|move|p2a: Ting-Lu|Earthquake|p1a: Great Tusk
|-damage|p1a: Great Tusk|23/100
|
|-heal|p2a: Ting-Lu|79/100|[from] item: Leftovers
|upkeep
|turn|9
|inactive|toasterovens123 has 120 seconds left.
|
|t:|1781424715
|-end|p1a: Great Tusk|Protosynthesis|[silent]
|switch|p1a: Hatterene|Hatterene, F|64/100
|switch|p2a: Corviknight|Corviknight, F|100/100
|-damage|p2a: Corviknight|88/100|[from] Stealth Rock
|-ability|p2a: Corviknight|Pressure
|
|upkeep
|turn|10
|inactive|toasterovens123 has 120 seconds left.
|
|t:|1781424728
|move|p2a: Corviknight|Defog|p1a: Hatterene
|move|p1a: Hatterene|Defog|p2a: Corviknight|[from] ability: Magic Bounce
|-unboost|p2a: Corviknight|evasion|1
|-sideend|p2: NoobishTrainerJoe|Stealth Rock|[from] move: Defog|[of] p1a: Hatterene
|move|p1a: Hatterene|Nuzzle|p2a: Corviknight
|-supereffective|p2a: Corviknight
|-damage|p2a: Corviknight|83/100
|-status|p2a: Corviknight|par
|-damage|p1a: Hatterene|47/100|[from] item: Rocky Helmet|[of] p2a: Corviknight
|
|upkeep
|turn|11
|inactive|toasterovens123 has 120 seconds left.
|
|t:|1781424738
|move|p1a: Hatterene|Pain Split|p2a: Corviknight
|-sethp|p2a: Corviknight|60/100 par|[from] move: Pain Split|[silent]
|-sethp|p1a: Hatterene|76/100|[from] move: Pain Split
|move|p2a: Corviknight|U-turn|p1a: Hatterene
|-damage|p1a: Hatterene|65/100
|
|t:|1781424745
|switch|p2a: Ceruledge|Ceruledge, F|88/100|[from] U-turn
|
|upkeep
|turn|12
|inactive|toasterovens123 has 120 seconds left.
|
|t:|1781424784
|switch|p2a: Ting-Lu|Ting-Lu|79/100
|-ability|p2a: Ting-Lu|Vessel of Ruin
|move|p1a: Hatterene|Nuzzle|p2a: Ting-Lu
|-immune|p2a: Ting-Lu
|
|-heal|p2a: Ting-Lu|85/100|[from] item: Leftovers
|upkeep
|turn|13
|
|t:|1781424797
|move|p2a: Ting-Lu|Earthquake|p1a: Hatterene
|-damage|p1a: Hatterene|32/100
|move|p1a: Hatterene|Draining Kiss|p2a: Ting-Lu
|-supereffective|p2a: Ting-Lu
|-damage|p2a: Ting-Lu|65/100
|-heal|p1a: Hatterene|57/100|[from] drain|[of] p2a: Ting-Lu
|
|-heal|p2a: Ting-Lu|71/100|[from] item: Leftovers
|upkeep
|turn|14
|
|t:|1781424814
|switch|p2a: Clefable|Clefable, M|49/100 par
|switch|p1a: Tornadus|Tornadus-Therian, M|100/100
|
|upkeep
|turn|15
|
|t:|1781424824
|move|p1a: Tornadus|U-turn|p2a: Clefable
|-resisted|p2a: Clefable
|-damage|p2a: Clefable|44/100 par
|
|t:|1781424833
|switch|p1a: Slowking|Slowking-Galar, F|100/100|[from] U-turn
|move|p2a: Clefable|Moonlight|p2a: Clefable
|-heal|p2a: Clefable|94/100 par
|
|upkeep
|turn|16
|inactive|toasterovens123 has 120 seconds left.
|
|t:|1781424851
|move|p2a: Clefable|Knock Off|p1a: Slowking
|-supereffective|p1a: Slowking
|-damage|p1a: Slowking|79/100
|-enditem|p1a: Slowking|Black Sludge|[from] move: Knock Off|[of] p2a: Clefable
|move|p1a: Slowking|Sludge Bomb|p2a: Clefable
|-supereffective|p2a: Clefable
|-damage|p2a: Clefable|27/100 par
|
|upkeep
|turn|17
|inactive|toasterovens123 has 120 seconds left.
|
|t:|1781424863
|cant|p2a: Clefable|par
|move|p1a: Slowking|Sludge Bomb|p2a: Clefable
|-supereffective|p2a: Clefable
|-damage|p2a: Clefable|0 fnt
|faint|p2a: Clefable
|
|upkeep
|
|t:|1781424867
|switch|p2a: Samurott|Samurott-Hisui, F|100/100
|turn|18
|inactive|toasterovens123 has 120 seconds left.
|
|t:|1781424890
|switch|p1a: Hatterene|Hatterene, F|57/100
|move|p2a: Samurott|Ceaseless Edge|p1a: Hatterene
|-damage|p1a: Hatterene|23/100
|-sidestart|p1: toasterovens123|Spikes
|
|upkeep
|turn|19
|
|t:|1781424893
|move|p2a: Samurott|Ceaseless Edge|p1a: Hatterene
|-damage|p1a: Hatterene|0 fnt
|-sidestart|p1: toasterovens123|Spikes
|faint|p1a: Hatterene
|
|upkeep
|inactive|toasterovens123 has 120 seconds left.
|
|t:|1781424898
|switch|p1a: Kyurem|Kyurem|100/100
|-damage|p1a: Kyurem|84/100|[from] Spikes
|-ability|p1a: Kyurem|Pressure
|turn|20
|inactive|toasterovens123 has 120 seconds left.
|
|t:|1781424913
|move|p1a: Kyurem|Freeze-Dry|p2a: Samurott
|-supereffective|p2a: Samurott
|-damage|p2a: Samurott|15/100
|move|p2a: Samurott|Ceaseless Edge|p1a: Kyurem
|-damage|p1a: Kyurem|46/100
|-sidestart|p1: toasterovens123|Spikes
|
|upkeep
|turn|21
|
|t:|1781424920
|move|p2a: Samurott|Sucker Punch|p1a: Kyurem
|-damage|p1a: Kyurem|19/100
|move|p1a: Kyurem|Freeze-Dry|p2a: Samurott
|-supereffective|p2a: Samurott
|-damage|p2a: Samurott|0 fnt
|faint|p2a: Samurott
|
|upkeep
|
|t:|1781424927
|switch|p2a: Ceruledge|Ceruledge, F|88/100
|turn|22
|
|t:|1781424941
|move|p1a: Kyurem|Freeze-Dry|p2a: Ceruledge
|-resisted|p2a: Ceruledge
|-damage|p2a: Ceruledge|57/100
|move|p2a: Ceruledge|Bitter Blade|p1a: Kyurem
|-damage|p1a: Kyurem|0 fnt
|-heal|p2a: Ceruledge|70/100|[from] drain|[of] p1a: Kyurem
|faint|p1a: Kyurem
|
|upkeep
|
|t:|1781424955
|switch|p1a: Kingambit|Kingambit, F|100/100
|-damage|p1a: Kingambit|76/100|[from] Spikes
|-activate|p1a: Kingambit|ability: Supreme Overlord
|-start|p1a: Kingambit|fallen2|[silent]
|turn|23
|
|t:|1781424967
|switch|p2a: Ting-Lu|Ting-Lu|71/100
|-ability|p2a: Ting-Lu|Vessel of Ruin
|move|p1a: Kingambit|Sucker Punch||[still]
|-fail|p1a: Kingambit
|
|-heal|p1a: Kingambit|82/100|[from] item: Leftovers
|-heal|p2a: Ting-Lu|77/100|[from] item: Leftovers
|upkeep
|turn|24
|
|t:|1781424979
|-end|p1a: Kingambit|fallen2|[silent]
|switch|p1a: Tornadus|Tornadus-Therian, M|100/100
|move|p2a: Ting-Lu|Stealth Rock|p1a: Tornadus
|-sidestart|p1: toasterovens123|move: Stealth Rock
|
|-heal|p2a: Ting-Lu|84/100|[from] item: Leftovers
|upkeep
|turn|25
|inactive|toasterovens123 has 120 seconds left.
|
|t:|1781425002
|move|p1a: Tornadus|Bleakwind Storm|p2a: Ting-Lu
|-damage|p2a: Ting-Lu|67/100
|move|p2a: Ting-Lu|Ruination|p1a: Tornadus
|-damage|p1a: Tornadus|51/100
|
|-heal|p2a: Ting-Lu|73/100|[from] item: Leftovers
|upkeep
|turn|26
|
|t:|1781425007
|switch|p2a: Corviknight|Corviknight, F|60/100 par
|-ability|p2a: Corviknight|Pressure
|move|p1a: Tornadus|Knock Off|p2a: Corviknight
|-damage|p2a: Corviknight|48/100 par
|-damage|p1a: Tornadus|34/100|[from] item: Rocky Helmet|[of] p2a: Corviknight
|-enditem|p2a: Corviknight|Rocky Helmet|[from] move: Knock Off|[of] p1a: Tornadus
|
|upkeep
|turn|27
|
|t:|1781425016
|move|p1a: Tornadus|Heat Wave|p2a: Corviknight
|-supereffective|p2a: Corviknight
|-damage|p2a: Corviknight|5/100 par
|move|p2a: Corviknight|U-turn|p1a: Tornadus
|-resisted|p1a: Tornadus
|-damage|p1a: Tornadus|26/100
|
|t:|1781425022
|switch|p2a: Ceruledge|Ceruledge, F|70/100|[from] U-turn
|
|upkeep
|turn|28
|
|t:|1781425034
|switch|p1a: Great Tusk|Great Tusk|23/100
|-damage|p1a: Great Tusk|0 fnt|[from] Spikes
|faint|p1a: Great Tusk
|-end|p1a: Great Tusk|Protosynthesis|[silent]
|move|p2a: Ceruledge|Bitter Blade|p1: Great Tusk|[notarget]
|-fail|p2a: Ceruledge
|
|upkeep
|inactive|toasterovens123 has 120 seconds left.
|
|t:|1781425080
|switch|p1a: Kingambit|Kingambit, F|82/100
|-damage|p1a: Kingambit|57/100|[from] Spikes
|-damage|p1a: Kingambit|51/100|[from] Stealth Rock
|-activate|p1a: Kingambit|ability: Supreme Overlord
|-start|p1a: Kingambit|fallen3|[silent]
|turn|29
|
|t:|1781425101
|switch|p2a: Ting-Lu|Ting-Lu|73/100
|-ability|p2a: Ting-Lu|Vessel of Ruin
|move|p1a: Kingambit|Swords Dance|p1a: Kingambit
|-boost|p1a: Kingambit|atk|2
|
|-heal|p1a: Kingambit|57/100|[from] item: Leftovers
|-heal|p2a: Ting-Lu|79/100|[from] item: Leftovers
|upkeep
|turn|30
|
|t:|1781425110
|move|p1a: Kingambit|Iron Head|p2a: Ting-Lu
|-damage|p2a: Ting-Lu|11/100
|move|p2a: Ting-Lu|Whirlwind|p1a: Kingambit
|-end|p1a: Kingambit|fallen3|[silent]
|drag|p1a: Tornadus|Tornadus-Therian, M|59/100
|-damage|p1a: Tornadus|35/100|[from] Stealth Rock
|
|-heal|p2a: Ting-Lu|17/100|[from] item: Leftovers
|upkeep
|turn|31
|
|t:|1781425127
|switch|p2a: Corviknight|Corviknight, F|5/100 par
|-ability|p2a: Corviknight|Pressure
|move|p1a: Tornadus|Bleakwind Storm|p2a: Corviknight
|-resisted|p2a: Corviknight
|-damage|p2a: Corviknight|0 fnt
|faint|p2a: Corviknight
|
|upkeep
|
|t:|1781425134
|switch|p2a: Ceruledge|Ceruledge, F|70/100
|turn|32
|
|t:|1781425139
|move|p1a: Tornadus|Bleakwind Storm|p2a: Ceruledge
|-damage|p2a: Ceruledge|24/100
|move|p2a: Ceruledge|Bitter Blade|p1a: Tornadus
|-damage|p1a: Tornadus|0 fnt
|-heal|p2a: Ceruledge|44/100|[from] drain|[of] p1a: Tornadus
|faint|p1a: Tornadus
|
|upkeep
|j| Cek1987
|
|t:|1781425155
|switch|p1a: Kingambit|Kingambit, F|57/100
|-damage|p1a: Kingambit|32/100|[from] Spikes
|-damage|p1a: Kingambit|26/100|[from] Stealth Rock
|-activate|p1a: Kingambit|ability: Supreme Overlord
|-start|p1a: Kingambit|fallen4|[silent]
|turn|33
|
|t:|1781425159
|move|p2a: Ceruledge|Shadow Sneak|p1a: Kingambit
|-resisted|p1a: Kingambit
|-crit|p1a: Kingambit
|-damage|p1a: Kingambit|15/100
|move|p1a: Kingambit|Sucker Punch||[still]
|-fail|p1a: Kingambit
|
|-heal|p1a: Kingambit|22/100|[from] item: Leftovers
|upkeep
|turn|34
|
|t:|1781425166
|move|p2a: Ceruledge|Endure|p2a: Ceruledge
|-singleturn|p2a: Ceruledge|move: Endure
|move|p1a: Kingambit|Sucker Punch||[still]
|-fail|p1a: Kingambit
|
|-heal|p1a: Kingambit|28/100|[from] item: Leftovers
|upkeep
|turn|35
|
|t:|1781425171
|move|p2a: Ceruledge|Shadow Sneak|p1a: Kingambit
|-resisted|p1a: Kingambit
|-damage|p1a: Kingambit|20/100
|move|p1a: Kingambit|Sucker Punch||[still]
|-fail|p1a: Kingambit
|
|-heal|p1a: Kingambit|27/100|[from] item: Leftovers
|upkeep
|turn|36
|
|t:|1781425175
|move|p2a: Ceruledge|Endure|p2a: Ceruledge
|-singleturn|p2a: Ceruledge|move: Endure
|move|p1a: Kingambit|Sucker Punch||[still]
|-fail|p1a: Kingambit
|
|-heal|p1a: Kingambit|33/100|[from] item: Leftovers
|upkeep
|turn|37
|
|t:|1781425180
|move|p1a: Kingambit|Sucker Punch|p2a: Ceruledge
|-supereffective|p2a: Ceruledge
|-damage|p2a: Ceruledge|0 fnt
|faint|p2a: Ceruledge
|
|-heal|p1a: Kingambit|39/100|[from] item: Leftovers
|upkeep
|
|t:|1781425183
|switch|p2a: Oricorio|Oricorio-Sensu, F|100/100
|turn|38
|
|t:|1781425199
|-terastallize|p2a: Oricorio|Fighting
|move|p2a: Oricorio|Quiver Dance|p2a: Oricorio
|-boost|p2a: Oricorio|spa|1
|-boost|p2a: Oricorio|spd|1
|-boost|p2a: Oricorio|spe|1
|move|p1a: Kingambit|Kowtow Cleave|p2a: Oricorio
|-resisted|p2a: Oricorio
|-damage|p2a: Oricorio|71/100
|
|-heal|p1a: Kingambit|45/100|[from] item: Leftovers
|upkeep
|turn|39
|
|t:|1781425211
|-terastallize|p1a: Kingambit|Ghost
|move|p2a: Oricorio|Revelation Dance|p1a: Kingambit
|-immune|p1a: Kingambit
|move|p1a: Kingambit|Iron Head|p2a: Oricorio
|-damage|p2a: Oricorio|17/100
|
|-heal|p1a: Kingambit|51/100|[from] item: Leftovers
|upkeep
|turn|40
|
|t:|1781425225
|move|p1a: Kingambit|Sucker Punch||[still]
|-fail|p1a: Kingambit
|move|p2a: Oricorio|Roost|p2a: Oricorio
|-heal|p2a: Oricorio|67/100
|
|-heal|p1a: Kingambit|58/100|[from] item: Leftovers
|upkeep
|turn|41
|
|t:|1781425229
|move|p2a: Oricorio|Hurricane|p1a: Kingambit
|-damage|p1a: Kingambit|5/100
|move|p1a: Kingambit|Iron Head|p2a: Oricorio
|-damage|p2a: Oricorio|5/100
|
|-heal|p1a: Kingambit|11/100|[from] item: Leftovers
|upkeep
|turn|42
|
|t:|1781425237
|move|p2a: Oricorio|Hurricane|p1a: Kingambit|[miss]
|-miss|p2a: Oricorio|p1a: Kingambit
|move|p1a: Kingambit|Iron Head|p2a: Oricorio
|-damage|p2a: Oricorio|0 fnt
|faint|p2a: Oricorio
|
|-heal|p1a: Kingambit|17/100|[from] item: Leftovers
|upkeep
|c|☆NoobishTrainerJoe|Wow
|-message|NoobishTrainerJoe forfeited.
|
|win|toasterovens123
|raw|toasterovens123's rating: 1562 &rarr; <strong>1584</strong><br />(+22 for winning)
|raw|NoobishTrainerJoe's rating: 1604 &rarr; <strong>1582</strong><br />(-22 for losing)
|l|☆NoobishTrainerJoe
|player|p2|
|c|☆toasterovens123|kingambit my favourite skill
|l|☆toasterovens123
|player|p1|
|l| Cek1987
