|j|☆overheat xyz
|j|☆bluntsmoker3000
|t:|1781364519
|gametype|singles
|player|p1|overheat xyz|2|1677
|player|p2|bluntsmoker3000|bugcatcher-gen4dp|1677
|gen|9
|tier|[Gen 9] OU
|rated|
|rule|HP Percentage Mod: HP is shown in percentages
|rule|Endless Battle Clause: Forcing endless battles is banned
|rule|Species Clause: Limit one of each Pokémon
|rule|OHKO Clause: OHKO moves are banned
|rule|Evasion Items Clause: Evasion items are banned
|rule|Evasion Moves Clause: Evasion moves are banned
|rule|Evasion Abilities Clause: Evasion abilities are banned
|rule|Sleep Moves Clause: Sleep-inducing moves are banned
|clearpoke
|poke|p1|Dragapult, M|
|poke|p1|Samurott-Hisui, M|
|poke|p1|Rillaboom, F|
|poke|p1|Slowking-Galar, F|
|poke|p1|Kingambit, M|
|poke|p1|Corviknight, F|
|poke|p2|Ting-Lu|
|poke|p2|Scizor, M|
|poke|p2|Tornadus-Therian, M|
|poke|p2|Raging Bolt|
|poke|p2|Alomomola, M|
|poke|p2|Hatterene, F|
|teampreview
|inactive|Battle timer is ON: inactive players will automatically lose when time's up. (requested by bluntsmoker3000)
|
|t:|1781364528
|teamsize|p1|6
|teamsize|p2|6
|start
|switch|p1a: Rillaboom|Rillaboom, F|100/100
|switch|p2a: Hatterene|Hatterene, F|100/100
|-fieldstart|move: Grassy Terrain|[from] ability: Grassy Surge|[of] p1a: Rillaboom
|turn|1
|
|t:|1781364540
|move|p1a: Rillaboom|U-turn|p2a: Hatterene
|-damage|p2a: Hatterene|65/100
|-damage|p1a: Rillaboom|84/100|[from] item: Rocky Helmet|[of] p2a: Hatterene
|
|t:|1781364545
|switch|p1a: Slowking|Slowking-Galar, F|100/100|[from] U-turn
|move|p2a: Hatterene|Nuzzle|p1a: Slowking
|-damage|p1a: Slowking|96/100
|-status|p1a: Slowking|par
|
|-heal|p2a: Hatterene|71/100|[from] Grassy Terrain
|-heal|p1a: Slowking|100/100 par|[from] Grassy Terrain
|upkeep
|turn|2
|
|t:|1781364550
|switch|p2a: Ting-Lu|Ting-Lu|100/100
|-ability|p2a: Ting-Lu|Vessel of Ruin
|move|p1a: Slowking|Fire Blast|p2a: Ting-Lu
|-damage|p2a: Ting-Lu|85/100
|-status|p2a: Ting-Lu|brn
|
|-heal|p2a: Ting-Lu|91/100 brn|[from] Grassy Terrain
|-heal|p2a: Ting-Lu|98/100 brn|[from] item: Leftovers
|-damage|p2a: Ting-Lu|91/100 brn|[from] brn
|upkeep
|turn|3
|
|t:|1781364566
|switch|p1a: Rillaboom|Rillaboom, F|84/100
|move|p2a: Ting-Lu|Stealth Rock|p1a: Rillaboom
|-sidestart|p1: overheat xyz|move: Stealth Rock
|
|-heal|p1a: Rillaboom|90/100|[from] Grassy Terrain
|-heal|p2a: Ting-Lu|98/100 brn|[from] Grassy Terrain
|-heal|p2a: Ting-Lu|100/100 brn|[from] item: Leftovers
|-damage|p2a: Ting-Lu|94/100 brn|[from] brn
|upkeep
|turn|4
|
|t:|1781364577
|switch|p2a: Scizor|Scizor, M|100/100
|move|p1a: Rillaboom|Knock Off|p2a: Scizor
|-damage|p2a: Scizor|41/100
|-enditem|p2a: Scizor|Heavy-Duty Boots|[from] move: Knock Off|[of] p1a: Rillaboom
|
|-heal|p1a: Rillaboom|96/100|[from] Grassy Terrain
|-heal|p2a: Scizor|47/100|[from] Grassy Terrain
|upkeep
|turn|5
|
|t:|1781364585
|switch|p1a: Corviknight|Corviknight, F|100/100
|-damage|p1a: Corviknight|88/100|[from] Stealth Rock
|-ability|p1a: Corviknight|Pressure
|move|p2a: Scizor|Knock Off|p1a: Corviknight
|-damage|p1a: Corviknight|66/100
|-damage|p2a: Scizor|31/100|[from] item: Rocky Helmet|[of] p1a: Corviknight
|-enditem|p1a: Corviknight|Rocky Helmet|[from] move: Knock Off|[of] p2a: Scizor
|
|-heal|p2a: Scizor|37/100|[from] Grassy Terrain
|-fieldend|move: Grassy Terrain
|upkeep
|turn|6
|
|t:|1781364589
|move|p2a: Scizor|U-turn|p1a: Corviknight
|-resisted|p1a: Corviknight
|-damage|p1a: Corviknight|60/100
|
|t:|1781364591
|switch|p2a: Tornadus|Tornadus-Therian, M|100/100|[from] U-turn
|move|p1a: Corviknight|Defog|p2a: Tornadus
|-unboost|p2a: Tornadus|evasion|1
|-sideend|p1: overheat xyz|Stealth Rock|[from] move: Defog|[of] p1a: Corviknight
|
|upkeep
|turn|7
|
|t:|1781364596
|move|p2a: Tornadus|Nasty Plot|p2a: Tornadus
|-boost|p2a: Tornadus|spa|2
|move|p1a: Corviknight|Roost|p1a: Corviknight
|-heal|p1a: Corviknight|100/100
|-singleturn|p1a: Corviknight|move: Roost
|
|upkeep
|turn|8
|
|t:|1781364601
|switch|p1a: Slowking|Slowking-Galar, F|100/100 par
|move|p2a: Tornadus|Heat Wave|p1a: Slowking
|-crit|p1a: Slowking
|-damage|p1a: Slowking|44/100 par
|-damage|p2a: Tornadus|91/100|[from] item: Life Orb
|
|upkeep
|turn|9
|
|t:|1781364611
|move|p2a: Tornadus|Bleakwind Storm|p1a: Slowking
|-damage|p1a: Slowking|0 fnt
|faint|p1a: Slowking
|-damage|p2a: Tornadus|81/100|[from] item: Life Orb
|
|upkeep
|
|t:|1781364620
|switch|p1a: Dragapult|Dragapult, M|100/100
|turn|10
|
|t:|1781364625
|switch|p2a: Ting-Lu|Ting-Lu|94/100 brn
|-ability|p2a: Ting-Lu|Vessel of Ruin
|move|p1a: Dragapult|Draco Meteor|p2a: Ting-Lu
|-damage|p2a: Ting-Lu|58/100 brn
|-unboost|p1a: Dragapult|spa|2
|
|-heal|p2a: Ting-Lu|65/100 brn|[from] item: Leftovers
|-damage|p2a: Ting-Lu|58/100 brn|[from] brn
|upkeep
|turn|11
|
|t:|1781364631
|switch|p1a: Rillaboom|Rillaboom, F|96/100
|-fieldstart|move: Grassy Terrain|[from] ability: Grassy Surge|[of] p1a: Rillaboom
|move|p2a: Ting-Lu|Stealth Rock|p1a: Rillaboom
|-sidestart|p1: overheat xyz|move: Stealth Rock
|
|-heal|p1a: Rillaboom|100/100|[from] Grassy Terrain
|-heal|p2a: Ting-Lu|65/100 brn|[from] Grassy Terrain
|-heal|p2a: Ting-Lu|71/100 brn|[from] item: Leftovers
|-damage|p2a: Ting-Lu|65/100 brn|[from] brn
|upkeep
|turn|12
|
|t:|1781364647
|switch|p2a: Tornadus|Tornadus-Therian, M|100/100
|move|p1a: Rillaboom|Wood Hammer|p2a: Tornadus
|-resisted|p2a: Tornadus
|-damage|p2a: Tornadus|5/100
|-damage|p1a: Rillaboom|73/100|[from] Recoil
|
|-heal|p1a: Rillaboom|79/100|[from] Grassy Terrain
|upkeep
|turn|13
|
|t:|1781364655
|switch|p2a: Raging Bolt|Raging Bolt|100/100
|-enditem|p2a: Raging Bolt|Booster Energy
|-activate|p2a: Raging Bolt|ability: Protosynthesis|[fromitem]
|-start|p2a: Raging Bolt|protosynthesisspa
|switch|p1a: Samurott|Samurott-Hisui, M|100/100
|-damage|p1a: Samurott|88/100|[from] Stealth Rock
|
|-heal|p1a: Samurott|94/100|[from] Grassy Terrain
|upkeep
|turn|14
|
|t:|1781364660
|move|p1a: Samurott|Ceaseless Edge|p2a: Raging Bolt
|-damage|p2a: Raging Bolt|61/100
|-sidestart|p2: bluntsmoker3000|Spikes
|move|p2a: Raging Bolt|Thunderbolt|p1a: Samurott
|-supereffective|p1a: Samurott
|-damage|p1a: Samurott|0 fnt
|faint|p1a: Samurott
|
|-heal|p2a: Raging Bolt|67/100|[from] Grassy Terrain
|upkeep
|
|t:|1781364685
|switch|p1a: Kingambit|Kingambit, M|100/100
|-damage|p1a: Kingambit|94/100|[from] Stealth Rock
|-activate|p1a: Kingambit|ability: Supreme Overlord
|-start|p1a: Kingambit|fallen2|[silent]
|turn|15
|
|t:|1781364689
|move|p2a: Raging Bolt|Thunderbolt|p1a: Kingambit
|-damage|p1a: Kingambit|23/100
|move|p1a: Kingambit|Kowtow Cleave|p2a: Raging Bolt
|-damage|p2a: Raging Bolt|14/100
|
|-heal|p2a: Raging Bolt|20/100|[from] Grassy Terrain
|-heal|p1a: Kingambit|30/100|[from] Grassy Terrain
|-heal|p1a: Kingambit|36/100|[from] item: Leftovers
|-fieldend|move: Grassy Terrain
|upkeep
|turn|16
|
|t:|1781364696
|-end|p1a: Kingambit|fallen2|[silent]
|switch|p1a: Rillaboom|Rillaboom, F|79/100
|-damage|p1a: Rillaboom|67/100|[from] Stealth Rock
|-fieldstart|move: Grassy Terrain|[from] ability: Grassy Surge|[of] p1a: Rillaboom
|move|p2a: Raging Bolt|Thunderclap||[still]
|-fail|p2a: Raging Bolt
|
|-heal|p1a: Rillaboom|73/100|[from] Grassy Terrain
|-heal|p2a: Raging Bolt|26/100|[from] Grassy Terrain
|upkeep
|turn|17
|
|t:|1781364710
|-terastallize|p1a: Rillaboom|Grass
|move|p1a: Rillaboom|Grassy Glide|p2a: Raging Bolt
|-resisted|p2a: Raging Bolt
|-damage|p2a: Raging Bolt|0 fnt
|faint|p2a: Raging Bolt
|-end|p2a: Raging Bolt|Protosynthesis|[silent]
|
|-heal|p1a: Rillaboom|79/100|[from] Grassy Terrain
|upkeep
|
|t:|1781364721
|switch|p2a: Hatterene|Hatterene, F|71/100
|-damage|p2a: Hatterene|59/100|[from] Spikes
|turn|18
|
|t:|1781364728
|-terastallize|p2a: Hatterene|Grass
|move|p1a: Rillaboom|Grassy Glide|p2a: Hatterene
|-resisted|p2a: Hatterene
|-damage|p2a: Hatterene|26/100
|-damage|p1a: Rillaboom|63/100|[from] item: Rocky Helmet|[of] p2a: Hatterene
|move|p2a: Hatterene|Draining Kiss|p1a: Rillaboom
|-damage|p1a: Rillaboom|30/100
|-heal|p2a: Hatterene|52/100|[from] drain|[of] p1a: Rillaboom
|
|-heal|p1a: Rillaboom|36/100|[from] Grassy Terrain
|-heal|p2a: Hatterene|58/100|[from] Grassy Terrain
|upkeep
|turn|19
|
|t:|1781364739
|switch|p1a: Corviknight|Corviknight, F|100/100
|-damage|p1a: Corviknight|88/100|[from] Stealth Rock
|-ability|p1a: Corviknight|Pressure
|move|p2a: Hatterene|Nuzzle|p1a: Corviknight
|-supereffective|p1a: Corviknight
|-damage|p1a: Corviknight|83/100
|-status|p1a: Corviknight|par
|
|-heal|p2a: Hatterene|64/100|[from] Grassy Terrain
|upkeep
|turn|20
|
|t:|1781364746
|switch|p2a: Alomomola|Alomomola, M|100/100
|switch|p1a: Dragapult|Dragapult, M|100/100
|-damage|p1a: Dragapult|88/100|[from] Stealth Rock
|
|-heal|p1a: Dragapult|94/100|[from] Grassy Terrain
|-fieldend|move: Grassy Terrain
|upkeep
|turn|21
|
|t:|1781364765
|move|p1a: Dragapult|U-turn|p2a: Alomomola
|-damage|p2a: Alomomola|91/100
|
|t:|1781364770
|switch|p1a: Rillaboom|Rillaboom, F, tera:Grass|36/100|[from] U-turn
|-damage|p1a: Rillaboom|24/100|[from] Stealth Rock
|-fieldstart|move: Grassy Terrain|[from] ability: Grassy Surge|[of] p1a: Rillaboom
|move|p2a: Alomomola|Wish|p2a: Alomomola
|
|-heal|p1a: Rillaboom|30/100|[from] Grassy Terrain
|-heal|p2a: Alomomola|98/100|[from] Grassy Terrain
|upkeep
|turn|22
|
|t:|1781364778
|move|p2a: Alomomola|Protect|p2a: Alomomola
|-singleturn|p2a: Alomomola|Protect
|move|p1a: Rillaboom|Wood Hammer|p2a: Alomomola
|-activate|p2a: Alomomola|move: Protect
|
|-heal|p2a: Alomomola|100/100|[from] move: Wish|[wisher] Alomomola
|-heal|p1a: Rillaboom|36/100|[from] Grassy Terrain
|upkeep
|turn|23
|
|t:|1781364787
|switch|p2a: Hatterene|Hatterene, F, tera:Grass|64/100
|-damage|p2a: Hatterene|52/100|[from] Spikes
|move|p1a: Rillaboom|Wood Hammer|p2a: Hatterene
|-resisted|p2a: Hatterene
|-damage|p2a: Hatterene|0 fnt
|-damage|p1a: Rillaboom|20/100|[from] item: Rocky Helmet|[of] p2a: Hatterene
|faint|p2a: Hatterene
|-damage|p1a: Rillaboom|4/100|[from] Recoil
|
|-heal|p1a: Rillaboom|10/100|[from] Grassy Terrain
|upkeep
|
|t:|1781364790
|switch|p2a: Scizor|Scizor, M|37/100
|-damage|p2a: Scizor|25/100|[from] Spikes
|turn|24
|
|t:|1781364797
|switch|p1a: Corviknight|Corviknight, F|83/100 par
|-damage|p1a: Corviknight|70/100 par|[from] Stealth Rock
|-ability|p1a: Corviknight|Pressure
|move|p2a: Scizor|U-turn|p1a: Corviknight
|-resisted|p1a: Corviknight
|-damage|p1a: Corviknight|64/100 par
|
|t:|1781364800
|switch|p2a: Tornadus|Tornadus-Therian, M|38/100|[from] U-turn
|
|upkeep
|turn|25
|
|t:|1781364803
|move|p2a: Tornadus|Heat Wave|p1a: Corviknight
|-supereffective|p1a: Corviknight
|-damage|p1a: Corviknight|0 fnt
|faint|p1a: Corviknight
|-damage|p2a: Tornadus|29/100|[from] item: Life Orb
|
|-fieldend|move: Grassy Terrain
|upkeep
|
|t:|1781364810
|switch|p1a: Dragapult|Dragapult, M|94/100
|-damage|p1a: Dragapult|82/100|[from] Stealth Rock
|turn|26
|
|t:|1781364835
|switch|p2a: Ting-Lu|Ting-Lu|65/100 brn
|-damage|p2a: Ting-Lu|52/100 brn|[from] Spikes
|-ability|p2a: Ting-Lu|Vessel of Ruin
|move|p1a: Dragapult|U-turn|p2a: Ting-Lu
|-supereffective|p2a: Ting-Lu
|-damage|p2a: Ting-Lu|35/100 brn
|
|t:|1781364843
|switch|p1a: Kingambit|Kingambit, M|36/100|[from] U-turn
|-damage|p1a: Kingambit|30/100|[from] Stealth Rock
|-activate|p1a: Kingambit|ability: Supreme Overlord
|-start|p1a: Kingambit|fallen3|[silent]
|
|-heal|p1a: Kingambit|36/100|[from] item: Leftovers
|-heal|p2a: Ting-Lu|41/100 brn|[from] item: Leftovers
|-damage|p2a: Ting-Lu|35/100 brn|[from] brn
|upkeep
|turn|27
|
|t:|1781364848
|move|p1a: Kingambit|Iron Head|p2a: Ting-Lu
|-damage|p2a: Ting-Lu|0 fnt
|faint|p2a: Ting-Lu
|
|-heal|p1a: Kingambit|42/100|[from] item: Leftovers
|upkeep
|
|t:|1781364851
|switch|p2a: Alomomola|Alomomola, M|100/100
|turn|28
|
|t:|1781364862
|move|p1a: Kingambit|Swords Dance|p1a: Kingambit
|-boost|p1a: Kingambit|atk|2
|move|p2a: Alomomola|Scald|p1a: Kingambit
|-damage|p1a: Kingambit|28/100
|
|-heal|p1a: Kingambit|35/100|[from] item: Leftovers
|upkeep
|turn|29
|
|t:|1781364870
|move|p1a: Kingambit|Swords Dance|p1a: Kingambit
|-boost|p1a: Kingambit|atk|2
|move|p2a: Alomomola|Scald|p1a: Kingambit
|-damage|p1a: Kingambit|21/100
|-status|p1a: Kingambit|brn
|
|-heal|p1a: Kingambit|27/100 brn|[from] item: Leftovers
|-damage|p1a: Kingambit|21/100 brn|[from] brn
|upkeep
|turn|30
|
|t:|1781364878
|move|p1a: Kingambit|Kowtow Cleave|p2a: Alomomola
|-damage|p2a: Alomomola|48/100
|move|p2a: Alomomola|Scald|p1a: Kingambit
|-damage|p1a: Kingambit|8/100 brn
|
|-heal|p1a: Kingambit|14/100 brn|[from] item: Leftovers
|-damage|p1a: Kingambit|8/100 brn|[from] brn
|upkeep
|turn|31
|
|t:|1781364884
|move|p1a: Kingambit|Kowtow Cleave|p2a: Alomomola
|-damage|p2a: Alomomola|0 fnt
|faint|p2a: Alomomola
|
|-heal|p1a: Kingambit|14/100 brn|[from] item: Leftovers
|-damage|p1a: Kingambit|8/100 brn|[from] brn
|upkeep
|
|t:|1781364887
|switch|p2a: Scizor|Scizor, M|25/100
|-damage|p2a: Scizor|12/100|[from] Spikes
|turn|32
|
|t:|1781364902
|-end|p1a: Kingambit|fallen3|[silent]
|switch|p1a: Rillaboom|Rillaboom, F, tera:Grass|10/100
|-damage|p1a: Rillaboom|0 fnt|[from] Stealth Rock
|faint|p1a: Rillaboom
|move|p2a: Scizor|Bullet Punch|p1: Rillaboom|[notarget]
|-fail|p2a: Scizor
|
|upkeep
|
|t:|1781364904
|switch|p1a: Dragapult|Dragapult, M|82/100
|-damage|p1a: Dragapult|70/100|[from] Stealth Rock
|turn|33
|
|t:|1781364924
|move|p2a: Scizor|Bullet Punch|p1a: Dragapult
|-damage|p1a: Dragapult|24/100
|move|p1a: Dragapult|Shadow Ball|p2a: Scizor
|-damage|p2a: Scizor|0 fnt
|faint|p2a: Scizor
|
|upkeep
|
|t:|1781364926
|switch|p2a: Tornadus|Tornadus-Therian, M|62/100
|turn|34
|
|t:|1781364939
|switch|p1a: Kingambit|Kingambit, M|8/100 brn
|-damage|p1a: Kingambit|1/100 brn|[from] Stealth Rock
|-activate|p1a: Kingambit|ability: Supreme Overlord
|-start|p1a: Kingambit|fallen4|[silent]
|move|p2a: Tornadus|Heat Wave|p1a: Kingambit|[miss]
|-miss|p2a: Tornadus|p1a: Kingambit
|
|-heal|p1a: Kingambit|8/100 brn|[from] item: Leftovers
|-damage|p1a: Kingambit|1/100 brn|[from] brn
|upkeep
|turn|35
|
|t:|1781364951
|move|p1a: Kingambit|Sucker Punch|p2a: Tornadus
|-damage|p2a: Tornadus|19/100
|move|p2a: Tornadus|Grass Knot|p1a: Kingambit
|-resisted|p1a: Kingambit
|-damage|p1a: Kingambit|0 fnt
|faint|p1a: Kingambit
|-end|p1a: Kingambit|fallen4|[silent]
|-damage|p2a: Tornadus|9/100|[from] item: Life Orb
|
|upkeep
|
|t:|1781364957
|switch|p1a: Dragapult|Dragapult, M|24/100
|-damage|p1a: Dragapult|12/100|[from] Stealth Rock
|turn|36
|
|t:|1781364961
|move|p1a: Dragapult|Shadow Ball|p2a: Tornadus
|-damage|p2a: Tornadus|0 fnt
|faint|p2a: Tornadus
|
|win|overheat xyz
|raw|overheat xyz's rating: 1677 &rarr; <strong>1697</strong><br />(+20 for winning)
|raw|bluntsmoker3000's rating: 1677 &rarr; <strong>1657</strong><br />(-20 for losing)
|l|☆bluntsmoker3000
|player|p2|
|l|☆overheat xyz
|player|p1|
