|j|☆wubbybubbyjr
|j|‽lt_alt1
|t:|1780989015
|gametype|singles
|player|p1|wubbybubbyjr|preschooler|1791
|player|p2|lt_alt1|170|1715
|gen|9
|tier|[Gen 9] OU
|rated|
|rule|HP Percentage Mod: HP is shown in percentages
|rule|Endless Battle Clause: Forcing endless battles is banned
|rule|Species Clause: Limit one of each Pokémon
|rule|OHKO Clause: OHKO moves are banned
|rule|Evasion Items Clause: Evasion items are banned
|rule|Evasion Moves Clause: Evasion moves are banned
|rule|Evasion Abilities Clause: Evasion abilities are banned
|rule|Sleep Moves Clause: Sleep-inducing moves are banned
|clearpoke
|poke|p1|Araquanid, F|
|poke|p1|Darkrai|
|poke|p1|Iron Treads|
|poke|p1|Dragonite, F|
|poke|p1|Gholdengo|
|poke|p1|Tornadus-Therian, M|
|poke|p2|Darkrai|
|poke|p2|Slowking-Galar, F|
|poke|p2|Gholdengo|
|poke|p2|Iron Treads|
|poke|p2|Raging Bolt|
|poke|p2|Gliscor, M|
|teampreview
|inactive|Battle timer is ON: inactive players will automatically lose when time's up. (requested by wubbybubbyjr)
|
|t:|1780989031
|teamsize|p1|6
|teamsize|p2|6
|start
|switch|p1a: big nid|Araquanid, F|100/100
|switch|p2a: Gholdengo|Gholdengo|100/100
|turn|1
|j| mawaruru
|j| hattybatty304
|
|t:|1780989052
|move|p2a: Gholdengo|Trick|p1a: big nid
|-activate|p2a: Gholdengo|move: Trick|[of] p1a: big nid
|-item|p1a: big nid|Choice Scarf|[from] move: Trick
|-item|p2a: Gholdengo|Custap Berry|[from] move: Trick
|move|p1a: big nid|Sticky Web|p2a: Gholdengo
|-sidestart|p2: lt_alt1|move: Sticky Web
|
|upkeep
|turn|2
|
|t:|1780989059
|switch|p1a: the reaper|Darkrai|100/100
|move|p2a: Gholdengo|Nasty Plot|p2a: Gholdengo
|-boost|p2a: Gholdengo|spa|2
|
|upkeep
|turn|3
|
|t:|1780989065
|-terastallize|p2a: Gholdengo|Fairy
|move|p1a: the reaper|Dark Pulse|p2a: Gholdengo
|-resisted|p2a: Gholdengo
|-damage|p2a: Gholdengo|64/100
|move|p2a: Gholdengo|Make It Rain|p1a: the reaper
|-damage|p1a: the reaper|0 fnt
|-unboost|p2a: Gholdengo|spa|1
|faint|p1a: the reaper
|
|upkeep
|
|t:|1780989079
|switch|p1a: bird jesus|Tornadus-Therian, M|100/100
|turn|4
|
|t:|1780989086
|move|p1a: bird jesus|Bleakwind Storm|p2a: Gholdengo|[miss]
|-miss|p1a: bird jesus|p2a: Gholdengo
|move|p2a: Gholdengo|Make It Rain|p1a: bird jesus
|-damage|p1a: bird jesus|0 fnt
|-unboost|p2a: Gholdengo|spa|1
|faint|p1a: bird jesus
|
|upkeep
|inactive|wubbybubbyjr has 120 seconds left.
|
|t:|1780989116
|switch|p1a: dumbo|Iron Treads|100/100
|turn|5
|
|t:|1780989125
|move|p1a: dumbo|Stealth Rock|p2a: Gholdengo
|-sidestart|p2: lt_alt1|move: Stealth Rock
|move|p2a: Gholdengo|Nasty Plot|p2a: Gholdengo
|-boost|p2a: Gholdengo|spa|2
|
|upkeep
|turn|6
|
|t:|1780989137
|move|p1a: dumbo|Earthquake|p2a: Gholdengo
|-damage|p2a: Gholdengo|6/100
|move|p2a: Gholdengo|Shadow Ball|p1a: dumbo
|-damage|p1a: dumbo|0 fnt
|faint|p1a: dumbo
|-end|p1a: dumbo|Quark Drive|[silent]
|
|upkeep
|
|t:|1780989140
|switch|p1a: barney|Dragonite, F|100/100
|turn|7
|-enditem|p2a: Gholdengo|Custap Berry|[eat]
|-activate|p2a: Gholdengo|item: Custap Berry|[consumed]
|
|t:|1780989147
|move|p1a: barney|Extreme Speed|p2a: Gholdengo
|-damage|p2a: Gholdengo|0 fnt
|faint|p2a: Gholdengo
|
|upkeep
|
|t:|1780989152
|switch|p2a: Iron Treads|Iron Treads|100/100
|turn|8
|
|t:|1780989160
|switch|p1a: da golden boi|Gholdengo|100/100
|move|p2a: Iron Treads|Rock Tomb|p1a: da golden boi
|-resisted|p1a: da golden boi
|-damage|p1a: da golden boi|92/100
|-unboost|p1a: da golden boi|spe|1
|
|upkeep
|turn|9
|
|t:|1780989177
|-end|p2a: Iron Treads|Quark Drive|[silent]
|switch|p2a: Gliscor|Gliscor, M|100/100
|-damage|p2a: Gliscor|88/100|[from] Stealth Rock
|switch|p1a: big nid|Araquanid, F|100/100
|
|-status|p2a: Gliscor|tox|[from] item: Toxic Orb
|upkeep
|turn|10
|
|t:|1780989184
|move|p2a: Gliscor|Protect|p2a: Gliscor
|-singleturn|p2a: Gliscor|Protect
|move|p1a: big nid|Surf|p2a: Gliscor
|-activate|p2a: Gliscor|move: Protect
|
|-heal|p2a: Gliscor|100/100 tox|[from] ability: Poison Heal
|upkeep
|turn|11
|l| mawaruru
|
|t:|1780989198
|switch|p2a: Raging Bolt|Raging Bolt|100/100
|-activate|p2a: Raging Bolt|move: Sticky Web
|-unboost|p2a: Raging Bolt|spe|1
|-damage|p2a: Raging Bolt|88/100|[from] Stealth Rock
|move|p1a: big nid|Surf|p2a: Raging Bolt
|-resisted|p2a: Raging Bolt
|-damage|p2a: Raging Bolt|64/100
|
|-heal|p2a: Raging Bolt|70/100|[from] item: Leftovers
|upkeep
|turn|12
|
|t:|1780989206
|move|p2a: Raging Bolt|Thunderbolt|p1a: big nid
|-supereffective|p1a: big nid
|-damage|p1a: big nid|24/100
|move|p1a: big nid|Surf|p2a: Raging Bolt
|-resisted|p2a: Raging Bolt
|-damage|p2a: Raging Bolt|48/100
|
|-heal|p2a: Raging Bolt|54/100|[from] item: Leftovers
|upkeep
|turn|13
|
|t:|1780989213
|move|p2a: Raging Bolt|Thunderbolt|p1a: big nid
|-supereffective|p1a: big nid
|-damage|p1a: big nid|0 fnt
|faint|p1a: big nid
|
|-heal|p2a: Raging Bolt|60/100|[from] item: Leftovers
|upkeep
|
|t:|1780989219
|switch|p1a: da golden boi|Gholdengo|92/100
|turn|14
|
|t:|1780989223
|move|p1a: da golden boi|Nasty Plot|p1a: da golden boi
|-boost|p1a: da golden boi|spa|2
|move|p2a: Raging Bolt|Thunderbolt|p1a: da golden boi
|-damage|p1a: da golden boi|38/100
|
|-heal|p2a: Raging Bolt|66/100|[from] item: Leftovers
|upkeep
|turn|15
|
|t:|1780989242
|move|p1a: da golden boi|Shadow Ball|p2a: Raging Bolt
|-damage|p2a: Raging Bolt|0 fnt
|faint|p2a: Raging Bolt
|-end|p2a: Raging Bolt|Protosynthesis|[silent]
|
|upkeep
|
|t:|1780989245
|switch|p2a: Iron Treads|Iron Treads|100/100
|turn|16
|
|t:|1780989248
|move|p2a: Iron Treads|Earthquake|p1a: da golden boi
|-supereffective|p1a: da golden boi
|-damage|p1a: da golden boi|0 fnt
|faint|p1a: da golden boi
|
|upkeep
|
|t:|1780989250
|switch|p1a: barney|Dragonite, F|100/100
|turn|17
|
|t:|1780989256
|move|p2a: Iron Treads|Rapid Spin|p1a: barney
|-damage|p1a: barney|94/100
|-boost|p2a: Iron Treads|spe|1
|-sideend|p2: lt_alt1|Stealth Rock|[from] move: Rapid Spin|[of] p2a: Iron Treads
|-sideend|p2: lt_alt1|Sticky Web|[from] move: Rapid Spin|[of] p2a: Iron Treads
|move|p1a: barney|Ice Spinner|p2a: Iron Treads
|-damage|p2a: Iron Treads|62/100
|
|upkeep
|turn|18
|c|☆wubbybubbyjr|crazy bad start ig
|c|☆wubbybubbyjr|gg
|-message|wubbybubbyjr forfeited.
|
|win|lt_alt1
|raw|wubbybubbyjr's rating: 1791 &rarr; <strong>1767</strong><br />(-24 for losing)
|raw|lt_alt1's rating: 1715 &rarr; <strong>1739</strong><br />(+24 for winning)
|l|☆wubbybubbyjr
|player|p1|
|l| hattybatty304
