|j|☆Glimpse Man
|j|‽rrbrru
|t:|1781586992
|gametype|singles
|player|p1|Glimpse Man|#wcor2025canada|1539
|player|p2|rrbrru|101|1592
|gen|9
|tier|[Gen 9] OU
|rated|
|rule|HP Percentage Mod: HP is shown in percentages
|rule|Endless Battle Clause: Forcing endless battles is banned
|rule|Species Clause: Limit one of each Pokémon
|rule|OHKO Clause: OHKO moves are banned
|rule|Evasion Items Clause: Evasion items are banned
|rule|Evasion Moves Clause: Evasion moves are banned
|rule|Evasion Abilities Clause: Evasion abilities are banned
|rule|Sleep Moves Clause: Sleep-inducing moves are banned
|clearpoke
|poke|p1|Great Tusk|
|poke|p1|Samurott-Hisui, F|
|poke|p1|Gholdengo|
|poke|p1|Zamazenta-*|
|poke|p1|Iron Valiant|
|poke|p1|Talonflame, M|
|poke|p2|Tyranitar, M|
|poke|p2|Excadrill, M|
|poke|p2|Hydrapple, F|
|poke|p2|Tornadus-Therian, M|
|poke|p2|Alomomola, F|
|poke|p2|Houndstone, F|
|teampreview
|inactive|Battle timer is ON: inactive players will automatically lose when time's up. (requested by Glimpse Man)
|
|t:|1781586997
|teamsize|p1|6
|teamsize|p2|6
|start
|switch|p1a: Talonflame|Talonflame, M|100/100
|switch|p2a: Tyranitar|Tyranitar, M|100/100
|-weather|Sandstorm|[from] ability: Sand Stream|[of] p2a: Tyranitar
|turn|1
|
|t:|1781587002
|move|p1a: Talonflame|Will-O-Wisp|p2a: Tyranitar
|-status|p2a: Tyranitar|brn
|move|p2a: Tyranitar|Stealth Rock|p1a: Talonflame
|-sidestart|p1: Glimpse Man|move: Stealth Rock
|
|-weather|Sandstorm|[upkeep]
|-damage|p1a: Talonflame|94/100|[from] Sandstorm
|-damage|p2a: Tyranitar|94/100 brn|[from] brn
|upkeep
|turn|2
|
|t:|1781587004
|move|p1a: Talonflame|U-turn|p2a: Tyranitar
|-supereffective|p2a: Tyranitar
|-damage|p2a: Tyranitar|66/100 brn
|
|t:|1781587006
|switch|p1a: Samurott|Samurott-Hisui, F|100/100|[from] U-turn
|-damage|p1a: Samurott|88/100|[from] Stealth Rock
|move|p2a: Tyranitar|Knock Off|p1a: Samurott
|-resisted|p1a: Samurott
|-damage|p1a: Samurott|74/100
|-enditem|p1a: Samurott|Assault Vest|[from] move: Knock Off|[of] p2a: Tyranitar
|
|-weather|Sandstorm|[upkeep]
|-damage|p1a: Samurott|67/100|[from] Sandstorm
|-heal|p2a: Tyranitar|72/100 brn|[from] item: Leftovers
|-damage|p2a: Tyranitar|66/100 brn|[from] brn
|upkeep
|turn|3
|
|t:|1781587011
|switch|p2a: Hydrapple|Hydrapple, F|100/100
|move|p1a: Samurott|Razor Shell|p2a: Hydrapple
|-resisted|p2a: Hydrapple
|-damage|p2a: Hydrapple|91/100
|
|-weather|Sandstorm|[upkeep]
|-damage|p1a: Samurott|61/100|[from] Sandstorm
|-damage|p2a: Hydrapple|85/100|[from] Sandstorm
|upkeep
|turn|4
|
|t:|1781587013
|move|p1a: Samurott|Ceaseless Edge|p2a: Hydrapple
|-damage|p2a: Hydrapple|49/100
|-sidestart|p2: rrbrru|Spikes
|move|p2a: Hydrapple|Giga Drain|p1a: Samurott
|-supereffective|p1a: Samurott
|-damage|p1a: Samurott|0 fnt
|-heal|p2a: Hydrapple|72/100|[from] drain|[of] p1a: Samurott
|faint|p1a: Samurott
|
|-weather|Sandstorm|[upkeep]
|-damage|p2a: Hydrapple|66/100|[from] Sandstorm
|upkeep
|
|t:|1781587018
|switch|p1a: Great Tusk|Great Tusk|100/100
|turn|5
|
|t:|1781587022
|switch|p2a: Houndstone|Houndstone, F|100/100
|-damage|p2a: Houndstone|88/100|[from] Spikes
|move|p1a: Great Tusk|Rapid Spin|p2a: Houndstone
|-immune|p2a: Houndstone
|
|-weather|none
|upkeep
|turn|6
|
|t:|1781587031
|-end|p1a: Great Tusk|Protosynthesis|[silent]
|switch|p1a: Talonflame|Talonflame, M|94/100
|move|p2a: Houndstone|Will-O-Wisp|p1a: Talonflame
|-immune|p1a: Talonflame
|
|upkeep
|turn|7
|
|t:|1781587034
|switch|p2a: Tyranitar|Tyranitar, M|66/100 brn
|-damage|p2a: Tyranitar|54/100 brn|[from] Spikes
|-weather|Sandstorm|[from] ability: Sand Stream|[of] p2a: Tyranitar
|move|p1a: Talonflame|U-turn|p2a: Tyranitar
|-supereffective|p2a: Tyranitar
|-damage|p2a: Tyranitar|26/100 brn
|
|t:|1781587036
|switch|p1a: Great Tusk|Great Tusk|100/100|[from] U-turn
|
|-weather|Sandstorm|[upkeep]
|-heal|p2a: Tyranitar|32/100 brn|[from] item: Leftovers
|-damage|p2a: Tyranitar|26/100 brn|[from] brn
|upkeep
|turn|8
|
|t:|1781587038
|switch|p2a: Houndstone|Houndstone, F|88/100
|-damage|p2a: Houndstone|76/100|[from] Spikes
|move|p1a: Great Tusk|Stealth Rock|p2a: Houndstone
|-sidestart|p2: rrbrru|move: Stealth Rock
|
|-weather|Sandstorm|[upkeep]
|upkeep
|turn|9
|
|t:|1781587042
|-end|p1a: Great Tusk|Protosynthesis|[silent]
|switch|p1a: Talonflame|Talonflame, M|94/100
|move|p2a: Houndstone|Trick|p1a: Talonflame
|-activate|p2a: Houndstone|move: Trick|[of] p1a: Talonflame
|-item|p1a: Talonflame|Choice Band|[from] move: Trick
|-item|p2a: Houndstone|Heavy-Duty Boots|[from] move: Trick
|
|-weather|Sandstorm|[upkeep]
|-damage|p1a: Talonflame|88/100|[from] Sandstorm
|upkeep
|turn|10
|
|t:|1781587047
|move|p2a: Houndstone|Poltergeist|p1a: Talonflame
|-activate|p1a: Talonflame|move: Poltergeist|Choice Band
|-damage|p1a: Talonflame|11/100
|move|p1a: Talonflame|Temper Flare|p2a: Houndstone
|-damage|p2a: Houndstone|23/100
|
|-weather|Sandstorm|[upkeep]
|-damage|p1a: Talonflame|5/100|[from] Sandstorm
|upkeep
|turn|11
|
|t:|1781587051
|move|p2a: Houndstone|Poltergeist|p1a: Talonflame
|-activate|p1a: Talonflame|move: Poltergeist|Choice Band
|-damage|p1a: Talonflame|0 fnt
|faint|p1a: Talonflame
|
|-weather|none
|upkeep
|
|t:|1781587055
|switch|p1a: Zamazenta|Zamazenta|100/100
|-damage|p1a: Zamazenta|94/100|[from] Stealth Rock
|-ability|p1a: Zamazenta|Dauntless Shield|boost
|-boost|p1a: Zamazenta|def|1
|turn|12
|
|t:|1781587069
|move|p1a: Zamazenta|Crunch|p2a: Houndstone
|-supereffective|p2a: Houndstone
|-damage|p2a: Houndstone|0 fnt
|faint|p2a: Houndstone
|
|-heal|p1a: Zamazenta|100/100|[from] item: Leftovers
|upkeep
|
|t:|1781587073
|switch|p2a: Hydrapple|Hydrapple, F|99/100
|-damage|p2a: Hydrapple|87/100|[from] Spikes
|-damage|p2a: Hydrapple|75/100|[from] Stealth Rock
|turn|13
|
|t:|1781587080
|move|p1a: Zamazenta|Iron Defense|p1a: Zamazenta
|-boost|p1a: Zamazenta|def|2
|move|p2a: Hydrapple|Nasty Plot|p2a: Hydrapple
|-boost|p2a: Hydrapple|spa|2
|
|upkeep
|turn|14
|
|t:|1781587082
|move|p1a: Zamazenta|Body Press|p2a: Hydrapple
|-damage|p2a: Hydrapple|24/100
|move|p2a: Hydrapple|Draco Meteor|p1a: Zamazenta
|-damage|p1a: Zamazenta|0 fnt
|-unboost|p2a: Hydrapple|spa|2
|faint|p1a: Zamazenta
|-enditem|p2a: Hydrapple|Eject Pack
|
|t:|1781587088
|switch|p2a: Tyranitar|Tyranitar, M|26/100 brn
|-damage|p2a: Tyranitar|13/100 brn|[from] Spikes
|-damage|p2a: Tyranitar|1/100 brn|[from] Stealth Rock
|-weather|Sandstorm|[from] ability: Sand Stream|[of] p2a: Tyranitar
|
|-weather|Sandstorm|[upkeep]
|-heal|p2a: Tyranitar|7/100 brn|[from] item: Leftovers
|-damage|p2a: Tyranitar|1/100 brn|[from] brn
|upkeep
|
|t:|1781587091
|switch|p1a: Great Tusk|Great Tusk|100/100
|turn|15
|
|t:|1781587099
|move|p1a: Great Tusk|Rapid Spin|p2a: Tyranitar
|-resisted|p2a: Tyranitar
|-damage|p2a: Tyranitar|0 fnt
|-boost|p1a: Great Tusk|spe|1
|-sideend|p1: Glimpse Man|Stealth Rock|[from] move: Rapid Spin|[of] p1a: Great Tusk
|faint|p2a: Tyranitar
|
|-weather|Sandstorm|[upkeep]
|upkeep
|
|t:|1781587102
|switch|p2a: Tornadus|Tornadus-Therian, M|100/100
|turn|16
|
|t:|1781587116
|-terastallize|p1a: Great Tusk|Electric
|move|p1a: Great Tusk|Rapid Spin|p2a: Tornadus
|-damage|p2a: Tornadus|79/100
|-boost|p1a: Great Tusk|spe|1
|move|p2a: Tornadus|Bleakwind Storm|p1a: Great Tusk
|-resisted|p1a: Great Tusk
|-damage|p1a: Great Tusk|74/100
|
|-weather|Sandstorm|[upkeep]
|-damage|p1a: Great Tusk|67/100|[from] Sandstorm
|-damage|p2a: Tornadus|73/100|[from] Sandstorm
|upkeep
|turn|17
|
|t:|1781587132
|move|p1a: Great Tusk|Rapid Spin|p2a: Tornadus
|-damage|p2a: Tornadus|55/100
|-boost|p1a: Great Tusk|spe|1
|move|p2a: Tornadus|U-turn|p1a: Great Tusk
|-damage|p1a: Great Tusk|57/100
|
|t:|1781587135
|switch|p2a: Alomomola|Alomomola, F|100/100|[from] U-turn
|
|-weather|Sandstorm|[upkeep]
|-damage|p1a: Great Tusk|51/100|[from] Sandstorm
|-damage|p2a: Alomomola|94/100|[from] Sandstorm
|upkeep
|turn|18
|
|t:|1781587140
|move|p1a: Great Tusk|Headlong Rush|p2a: Alomomola
|-damage|p2a: Alomomola|55/100
|-unboost|p1a: Great Tusk|def|1
|-unboost|p1a: Great Tusk|spd|1
|move|p2a: Alomomola|Scald|p1a: Great Tusk
|-damage|p1a: Great Tusk|20/100
|
|-weather|none
|upkeep
|turn|19
|
|t:|1781587145
|move|p1a: Great Tusk|Headlong Rush|p2a: Alomomola
|-damage|p2a: Alomomola|19/100
|-unboost|p1a: Great Tusk|def|1
|-unboost|p1a: Great Tusk|spd|1
|move|p2a: Alomomola|Flip Turn|p1a: Great Tusk
|-damage|p1a: Great Tusk|0 fnt
|faint|p1a: Great Tusk
|-end|p1a: Great Tusk|Protosynthesis|[silent]
|
|t:|1781587155
|switch|p2a: Tornadus|Tornadus-Therian, M|88/100|[from] Flip Turn
|
|upkeep
|
|t:|1781587157
|switch|p1a: Gholdengo|Gholdengo|100/100
|-item|p1a: Gholdengo|Air Balloon
|turn|20
|
|t:|1781587160
|move|p2a: Tornadus|Knock Off|p1a: Gholdengo
|-supereffective|p1a: Gholdengo
|-damage|p1a: Gholdengo|59/100
|-enditem|p1a: Gholdengo|Air Balloon
|move|p1a: Gholdengo|Shadow Ball|p2a: Tornadus
|-damage|p2a: Tornadus|38/100
|
|upkeep
|turn|21
|
|t:|1781587165
|move|p2a: Tornadus|U-turn|p1a: Gholdengo
|-resisted|p1a: Gholdengo
|-damage|p1a: Gholdengo|54/100
|
|t:|1781587168
|switch|p2a: Alomomola|Alomomola, F|52/100|[from] U-turn
|move|p1a: Gholdengo|Shadow Ball|p2a: Alomomola
|-damage|p2a: Alomomola|9/100
|
|upkeep
|turn|22
|
|t:|1781587171
|move|p1a: Gholdengo|Shadow Ball|p2a: Alomomola
|-damage|p2a: Alomomola|0 fnt
|faint|p2a: Alomomola
|
|upkeep
|
|t:|1781587174
|switch|p2a: Excadrill|Excadrill, M|100/100
|-damage|p2a: Excadrill|88/100|[from] Spikes
|-damage|p2a: Excadrill|85/100|[from] Stealth Rock
|turn|23
|
|t:|1781587176
|move|p2a: Excadrill|Earthquake|p1a: Gholdengo
|-supereffective|p1a: Gholdengo
|-damage|p1a: Gholdengo|0 fnt
|faint|p1a: Gholdengo
|
|-heal|p2a: Excadrill|91/100|[from] item: Leftovers
|upkeep
|
|t:|1781587177
|switch|p1a: Iron Valiant|Iron Valiant|100/100
|-enditem|p1a: Iron Valiant|Booster Energy
|-activate|p1a: Iron Valiant|ability: Quark Drive|[fromitem]
|-start|p1a: Iron Valiant|quarkdrivespe
|turn|24
|
|t:|1781587191
|-terastallize|p2a: Excadrill|Ground
|move|p1a: Iron Valiant|Close Combat|p2a: Excadrill
|-damage|p2a: Excadrill|5/100
|-unboost|p1a: Iron Valiant|def|1
|-unboost|p1a: Iron Valiant|spd|1
|move|p2a: Excadrill|Earthquake|p1a: Iron Valiant
|-damage|p1a: Iron Valiant|0 fnt
|faint|p1a: Iron Valiant
|-end|p1a: Iron Valiant|Quark Drive|[silent]
|
|win|rrbrru
|raw|Glimpse Man's rating: 1539 &rarr; <strong>1522</strong><br />(-17 for losing)
|raw|rrbrru's rating: 1592 &rarr; <strong>1609</strong><br />(+17 for winning)
|l|☆Glimpse Man
|player|p1|
|j|☆Glimpse Man
|player|p1|Glimpse Man|#wcor2025canada|
|l|☆Glimpse Man
|player|p1|
|l|‽rrbrru
|player|p2|
