|j|☆Glimpse Man
|j|☆cumtd
|t:|1781586545
|gametype|singles
|player|p1|Glimpse Man|#wcor2025canada|1579
|player|p2|cumtd|blue|1635
|gen|9
|tier|[Gen 9] OU
|rated|
|rule|HP Percentage Mod: HP is shown in percentages
|rule|Endless Battle Clause: Forcing endless battles is banned
|rule|Species Clause: Limit one of each Pokémon
|rule|OHKO Clause: OHKO moves are banned
|rule|Evasion Items Clause: Evasion items are banned
|rule|Evasion Moves Clause: Evasion moves are banned
|rule|Evasion Abilities Clause: Evasion abilities are banned
|rule|Sleep Moves Clause: Sleep-inducing moves are banned
|clearpoke
|poke|p1|Great Tusk|
|poke|p1|Samurott-Hisui, F|
|poke|p1|Gholdengo|
|poke|p1|Zamazenta-*|
|poke|p1|Iron Valiant|
|poke|p1|Talonflame, F|
|poke|p2|Darkrai|
|poke|p2|Garchomp, F|
|poke|p2|Alomomola, M|
|poke|p2|Corviknight, F|
|poke|p2|Weezing-Galar, M|
|poke|p2|Ogerpon, F|
|teampreview
|inactive|Battle timer is ON: inactive players will automatically lose when time's up. (requested by Glimpse Man)
|
|t:|1781586560
|teamsize|p1|6
|teamsize|p2|6
|start
|switch|p1a: Talonflame|Talonflame, F|100/100
|switch|p2a: Ogerpon|Ogerpon, F|100/100
|turn|1
|
|t:|1781586576
|switch|p2a: Alomomola|Alomomola, M|100/100
|move|p1a: Talonflame|U-turn|p2a: Alomomola
|-damage|p2a: Alomomola|88/100
|
|t:|1781586579
|switch|p1a: Samurott|Samurott-Hisui, F|100/100|[from] U-turn
|
|upkeep
|turn|2
|
|t:|1781586585
|switch|p2a: Weezing|Weezing-Galar, M|100/100
|-ability|p2a: Weezing|Neutralizing Gas
|move|p1a: Samurott|Ceaseless Edge|p2a: Weezing
|-resisted|p2a: Weezing
|-damage|p2a: Weezing|90/100
|-sidestart|p2: cumtd|Spikes
|
|-heal|p2a: Weezing|96/100|[from] item: Leftovers
|upkeep
|turn|3
|
|t:|1781586596
|switch|p1a: Talonflame|Talonflame, F|100/100
|move|p2a: Weezing|Will-O-Wisp|p1a: Talonflame
|-immune|p1a: Talonflame
|
|-heal|p2a: Weezing|100/100|[from] item: Leftovers
|upkeep
|turn|4
|
|t:|1781586602
|move|p1a: Talonflame|Will-O-Wisp|p2a: Weezing|[miss]
|-miss|p1a: Talonflame|p2a: Weezing
|move|p2a: Weezing|Defog|p1a: Talonflame
|-unboost|p1a: Talonflame|evasion|1
|-sideend|p2: cumtd|Spikes|[from] move: Defog|[of] p2a: Weezing
|
|upkeep
|turn|5
|
|t:|1781586605
|-end|p2a: Weezing|ability: Neutralizing Gas
|switch|p2a: Alomomola|Alomomola, M|100/100
|move|p1a: Talonflame|Temper Flare|p2a: Alomomola
|-resisted|p2a: Alomomola
|-damage|p2a: Alomomola|80/100
|
|upkeep
|turn|6
|
|t:|1781586616
|move|p1a: Talonflame|Will-O-Wisp|p2a: Alomomola
|-status|p2a: Alomomola|brn
|move|p2a: Alomomola|Flip Turn|p1a: Talonflame
|-supereffective|p1a: Talonflame
|-damage|p1a: Talonflame|74/100
|
|t:|1781586634
|switch|p2a: Darkrai|Darkrai|100/100|[from] Flip Turn
|
|upkeep
|turn|7
|
|t:|1781586639
|move|p1a: Talonflame|U-turn|p2a: Darkrai
|-supereffective|p2a: Darkrai
|-damage|p2a: Darkrai|54/100
|
|t:|1781586640
|switch|p1a: Samurott|Samurott-Hisui, F|100/100|[from] U-turn
|move|p2a: Darkrai|Dark Pulse|p1a: Samurott
|-resisted|p1a: Samurott
|-damage|p1a: Samurott|75/100
|
|upkeep
|turn|8
|
|t:|1781586646
|switch|p2a: Weezing|Weezing-Galar, M|100/100
|-ability|p2a: Weezing|Neutralizing Gas
|move|p1a: Samurott|Razor Shell|p2a: Weezing
|-damage|p2a: Weezing|73/100
|-unboost|p2a: Weezing|def|1
|
|-heal|p2a: Weezing|79/100|[from] item: Leftovers
|upkeep
|turn|9
|
|t:|1781586649
|-end|p2a: Weezing|ability: Neutralizing Gas
|switch|p2a: Garchomp|Garchomp, F|100/100
|move|p1a: Samurott|Razor Shell|p2a: Garchomp
|-damage|p2a: Garchomp|63/100
|-damage|p1a: Samurott|62/100|[from] ability: Rough Skin|[of] p2a: Garchomp
|-damage|p1a: Samurott|46/100|[from] item: Rocky Helmet|[of] p2a: Garchomp
|
|upkeep
|turn|10
|
|t:|1781586656
|switch|p1a: Talonflame|Talonflame, F|74/100
|move|p2a: Garchomp|Stealth Rock|p1a: Talonflame
|-sidestart|p1: Glimpse Man|move: Stealth Rock
|
|upkeep
|turn|11
|
|t:|1781586661
|move|p1a: Talonflame|Defog|p2a: Garchomp
|-unboost|p2a: Garchomp|evasion|1
|-sideend|p1: Glimpse Man|Stealth Rock|[from] move: Defog|[of] p1a: Talonflame
|move|p2a: Garchomp|Dragon Tail|p1a: Talonflame
|-damage|p1a: Talonflame|35/100
|-status|p2a: Garchomp|brn|[from] ability: Flame Body|[of] p1a: Talonflame
|drag|p1a: Iron Valiant|Iron Valiant|100/100
|-enditem|p1a: Iron Valiant|Booster Energy
|-activate|p1a: Iron Valiant|ability: Quark Drive|[fromitem]
|-start|p1a: Iron Valiant|quarkdrivespe
|
|-damage|p2a: Garchomp|57/100 brn|[from] brn
|upkeep
|turn|12
|
|t:|1781586668
|switch|p2a: Alomomola|Alomomola, M|100/100 brn
|move|p1a: Iron Valiant|Ice Punch|p2a: Alomomola
|-resisted|p2a: Alomomola
|-damage|p2a: Alomomola|90/100 brn
|
|-damage|p2a: Alomomola|84/100 brn|[from] brn
|upkeep
|turn|13
|
|t:|1781586670
|move|p1a: Iron Valiant|Swords Dance|p1a: Iron Valiant
|-boost|p1a: Iron Valiant|atk|2
|move|p2a: Alomomola|Flip Turn|p1a: Iron Valiant
|-damage|p1a: Iron Valiant|90/100
|
|t:|1781586681
|switch|p2a: Corviknight|Corviknight, F|100/100|[from] Flip Turn
|-ability|p2a: Corviknight|Pressure
|
|upkeep
|turn|14
|
|t:|1781586685
|move|p1a: Iron Valiant|Close Combat|p2a: Corviknight
|-damage|p2a: Corviknight|7/100
|-unboost|p1a: Iron Valiant|def|1
|-unboost|p1a: Iron Valiant|spd|1
|move|p2a: Corviknight|Brave Bird|p1a: Iron Valiant
|-supereffective|p1a: Iron Valiant
|-damage|p1a: Iron Valiant|0 fnt
|faint|p1a: Iron Valiant
|-end|p1a: Iron Valiant|Quark Drive|[silent]
|-damage|p2a: Corviknight|0 fnt|[from] Recoil
|faint|p2a: Corviknight
|
|upkeep
|
|t:|1781586697
|switch|p1a: Samurott|Samurott-Hisui, F|46/100
|switch|p2a: Ogerpon|Ogerpon, F|100/100
|turn|15
|
|t:|1781586704
|move|p1a: Samurott|Sucker Punch|p2a: Ogerpon
|-damage|p2a: Ogerpon|57/100
|move|p2a: Ogerpon|Ivy Cudgel|p1a: Samurott
|-supereffective|p1a: Samurott
|-damage|p1a: Samurott|0 fnt
|faint|p1a: Samurott
|
|upkeep
|
|t:|1781586713
|switch|p1a: Talonflame|Talonflame, F|35/100
|turn|16
|
|t:|1781586718
|switch|p2a: Garchomp|Garchomp, F|57/100 brn
|move|p1a: Talonflame|U-turn|p2a: Garchomp
|-damage|p2a: Garchomp|46/100 brn
|-damage|p1a: Talonflame|22/100|[from] ability: Rough Skin|[of] p2a: Garchomp
|-damage|p1a: Talonflame|6/100|[from] item: Rocky Helmet|[of] p2a: Garchomp
|
|t:|1781586724
|switch|p1a: Great Tusk|Great Tusk|100/100|[from] U-turn
|
|-damage|p2a: Garchomp|40/100 brn|[from] brn
|upkeep
|turn|17
|
|t:|1781586728
|move|p1a: Great Tusk|Headlong Rush|p2a: Garchomp
|-damage|p2a: Garchomp|3/100 brn
|-unboost|p1a: Great Tusk|def|1
|-unboost|p1a: Great Tusk|spd|1
|-damage|p1a: Great Tusk|88/100|[from] ability: Rough Skin|[of] p2a: Garchomp
|-damage|p1a: Great Tusk|71/100|[from] item: Rocky Helmet|[of] p2a: Garchomp
|move|p2a: Garchomp|Stealth Rock|p1a: Great Tusk
|-sidestart|p1: Glimpse Man|move: Stealth Rock
|
|-damage|p2a: Garchomp|0 fnt|[from] brn
|faint|p2a: Garchomp
|upkeep
|
|t:|1781586733
|switch|p2a: Ogerpon|Ogerpon, F|57/100
|turn|18
|
|t:|1781586741
|-end|p1a: Great Tusk|Protosynthesis|[silent]
|switch|p1a: Talonflame|Talonflame, F|6/100
|move|p2a: Ogerpon|Ivy Cudgel|p1a: Talonflame
|-resisted|p1a: Talonflame
|-damage|p1a: Talonflame|0 fnt
|faint|p1a: Talonflame
|
|upkeep
|
|t:|1781586747
|switch|p1a: Gholdengo|Gholdengo|100/100
|-damage|p1a: Gholdengo|94/100|[from] Stealth Rock
|-item|p1a: Gholdengo|Air Balloon
|turn|19
|
|t:|1781586754
|switch|p2a: Alomomola|Alomomola, M|100/100 brn
|switch|p1a: Great Tusk|Great Tusk|71/100
|
|-damage|p2a: Alomomola|94/100 brn|[from] brn
|upkeep
|turn|20
|
|t:|1781586759
|move|p1a: Great Tusk|Rapid Spin|p2a: Alomomola
|-damage|p2a: Alomomola|81/100 brn
|-boost|p1a: Great Tusk|spe|1
|-sideend|p1: Glimpse Man|Stealth Rock|[from] move: Rapid Spin|[of] p1a: Great Tusk
|move|p2a: Alomomola|Flip Turn|p1a: Great Tusk
|-supereffective|p1a: Great Tusk
|-damage|p1a: Great Tusk|60/100
|
|t:|1781586762
|switch|p2a: Ogerpon|Ogerpon, F|57/100|[from] Flip Turn
|
|upkeep
|turn|21
|
|t:|1781586764
|-terastallize|p2a: Ogerpon|Grass
|detailschange|p2a: Ogerpon|Ogerpon-Teal-Tera, F, tera:Grass
|-ability|p2a: Ogerpon|Embody Aspect (Teal)|boost
|-boost|p2a: Ogerpon|spe|1
|move|p2a: Ogerpon|Ivy Cudgel|p1a: Great Tusk
|-supereffective|p1a: Great Tusk
|-damage|p1a: Great Tusk|0 fnt
|faint|p1a: Great Tusk
|-end|p1a: Great Tusk|Protosynthesis|[silent]
|
|upkeep
|
|t:|1781586770
|switch|p1a: Gholdengo|Gholdengo|94/100
|-item|p1a: Gholdengo|Air Balloon
|turn|22
|
|t:|1781586772
|switch|p2a: Alomomola|Alomomola, M|100/100 brn
|move|p1a: Gholdengo|Shadow Ball|p2a: Alomomola
|-damage|p2a: Alomomola|79/100 brn
|
|-damage|p2a: Alomomola|73/100 brn|[from] brn
|upkeep
|turn|23
|
|t:|1781586779
|move|p1a: Gholdengo|Shadow Ball|p2a: Alomomola
|-damage|p2a: Alomomola|50/100 brn
|move|p2a: Alomomola|Flip Turn|p1a: Gholdengo
|-damage|p1a: Gholdengo|85/100
|-enditem|p1a: Gholdengo|Air Balloon
|
|t:|1781586782
|switch|p2a: Darkrai|Darkrai|54/100|[from] Flip Turn
|
|upkeep
|turn|24
|
|t:|1781586784
|switch|p1a: Zamazenta|Zamazenta|100/100
|-ability|p1a: Zamazenta|Dauntless Shield|boost
|-boost|p1a: Zamazenta|def|1
|move|p2a: Darkrai|Dark Pulse|p1a: Zamazenta
|-resisted|p1a: Zamazenta
|-damage|p1a: Zamazenta|70/100
|
|-heal|p1a: Zamazenta|76/100|[from] item: Leftovers
|upkeep
|turn|25
|
|t:|1781586788
|switch|p1a: Gholdengo|Gholdengo|85/100
|switch|p2a: Weezing|Weezing-Galar, M|79/100
|-ability|p2a: Weezing|Neutralizing Gas
|
|-heal|p2a: Weezing|85/100|[from] item: Leftovers
|upkeep
|turn|26
|
|t:|1781586790
|-end|p2a: Weezing|ability: Neutralizing Gas
|switch|p2a: Alomomola|Alomomola, M|83/100 brn
|move|p1a: Gholdengo|Shadow Ball|p2a: Alomomola
|-damage|p2a: Alomomola|61/100 brn
|
|-damage|p2a: Alomomola|54/100 brn|[from] brn
|upkeep
|turn|27
|
|t:|1781586796
|move|p1a: Gholdengo|Shadow Ball|p2a: Alomomola
|-damage|p2a: Alomomola|33/100 brn
|move|p2a: Alomomola|Flip Turn|p1a: Gholdengo
|-damage|p1a: Gholdengo|75/100
|
|t:|1781586798
|switch|p2a: Darkrai|Darkrai|54/100|[from] Flip Turn
|
|upkeep
|turn|28
|
|t:|1781586802
|move|p2a: Darkrai|Dark Pulse|p1a: Gholdengo
|-supereffective|p1a: Gholdengo
|-damage|p1a: Gholdengo|0 fnt
|faint|p1a: Gholdengo
|
|upkeep
|-message|Glimpse Man forfeited.
|
|win|cumtd
|raw|Glimpse Man's rating: 1579 &rarr; <strong>1562</strong><br />(-17 for losing)
|raw|cumtd's rating: 1635 &rarr; <strong>1652</strong><br />(+17 for winning)
|l|☆Glimpse Man
|player|p1|
|l|☆cumtd
|player|p2|
