|j|☆Verbalseduction
|j|☆tb poke
|t:|1781525944
|gametype|singles
|player|p1|Verbalseduction|169|1657
|player|p2|tb poke|169|1693
|gen|9
|tier|[Gen 9] OU
|rated|
|rule|HP Percentage Mod: HP is shown in percentages
|rule|Endless Battle Clause: Forcing endless battles is banned
|rule|Species Clause: Limit one of each Pokémon
|rule|OHKO Clause: OHKO moves are banned
|rule|Evasion Items Clause: Evasion items are banned
|rule|Evasion Moves Clause: Evasion moves are banned
|rule|Evasion Abilities Clause: Evasion abilities are banned
|rule|Sleep Moves Clause: Sleep-inducing moves are banned
|clearpoke
|poke|p1|Dondozo, M|
|poke|p1|Corviknight, M|
|poke|p1|Blissey, F|
|poke|p1|Gliscor, M|
|poke|p1|Toxapex, F|
|poke|p1|Weezing-Galar, F|
|poke|p2|Zamazenta-*|
|poke|p2|Iron Treads|
|poke|p2|Pecharunt|
|poke|p2|Tornadus-Therian, M|
|poke|p2|Hatterene, F|
|poke|p2|Alomomola, F|
|teampreview
|inactive|Battle timer is ON: inactive players will automatically lose when time's up. (requested by Verbalseduction)
|
|t:|1781525993
|teamsize|p1|6
|teamsize|p2|6
|start
|switch|p1a: Gliscor|Gliscor, M|100/100
|switch|p2a: Hatterene|Hatterene, F|100/100
|turn|1
|
|t:|1781526003
|move|p1a: Gliscor|Protect|p1a: Gliscor
|-singleturn|p1a: Gliscor|Protect
|move|p2a: Hatterene|Psychic Noise|p1a: Gliscor
|-activate|p1a: Gliscor|move: Protect
|
|-status|p1a: Gliscor|tox|[from] item: Toxic Orb
|upkeep
|turn|2
|
|t:|1781526008
|move|p1a: Gliscor|Knock Off|p2a: Hatterene
|-damage|p2a: Hatterene|84/100
|-damage|p1a: Gliscor|84/100 tox|[from] item: Rocky Helmet|[of] p2a: Hatterene
|-enditem|p2a: Hatterene|Rocky Helmet|[from] move: Knock Off|[of] p1a: Gliscor
|move|p2a: Hatterene|Psychic Noise|p1a: Gliscor
|-damage|p1a: Gliscor|56/100 tox
|-start|p1a: Gliscor|move: Heal Block
|
|upkeep
|turn|3
|j| Remioche
|
|t:|1781526017
|move|p1a: Gliscor|Protect|p1a: Gliscor
|-singleturn|p1a: Gliscor|Protect
|move|p2a: Hatterene|Psychic Noise|p1a: Gliscor
|-activate|p1a: Gliscor|move: Protect
|
|-end|p1a: Gliscor|move: Heal Block
|upkeep
|turn|4
|
|t:|1781526026
|switch|p1a: Blissey|Blissey, F|100/100
|move|p2a: Hatterene|Psychic Noise|p1a: Blissey
|-damage|p1a: Blissey|90/100
|-start|p1a: Blissey|move: Heal Block
|
|upkeep
|turn|5
|
|t:|1781526043
|move|p1a: Blissey|Shadow Ball|p2a: Hatterene
|-supereffective|p2a: Hatterene
|-damage|p2a: Hatterene|53/100
|-unboost|p2a: Hatterene|spd|1
|move|p2a: Hatterene|Psychic Noise|p1a: Blissey
|-damage|p1a: Blissey|80/100
|
|-end|p1a: Blissey|move: Heal Block
|upkeep
|turn|6
|
|t:|1781526052
|switch|p2a: Alomomola|Alomomola, F|100/100
|move|p1a: Blissey|Shadow Ball|p2a: Alomomola
|-damage|p2a: Alomomola|93/100
|
|-heal|p1a: Blissey|86/100|[from] item: Leftovers
|upkeep
|turn|7
|
|t:|1781526057
|move|p1a: Blissey|Calm Mind|p1a: Blissey
|-boost|p1a: Blissey|spa|1
|-boost|p1a: Blissey|spd|1
|move|p2a: Alomomola|Play Rough|p1a: Blissey
|-damage|p1a: Blissey|69/100
|
|-heal|p1a: Blissey|75/100|[from] item: Leftovers
|upkeep
|turn|8
|
|t:|1781526060
|move|p1a: Blissey|Stealth Rock|p2a: Alomomola
|-sidestart|p2: tb poke|move: Stealth Rock
|move|p2a: Alomomola|Play Rough|p1a: Blissey
|-damage|p1a: Blissey|58/100
|
|-heal|p1a: Blissey|64/100|[from] item: Leftovers
|upkeep
|turn|9
|
|t:|1781526062
|move|p1a: Blissey|Soft-Boiled|p1a: Blissey
|-heal|p1a: Blissey|100/100
|move|p2a: Alomomola|Play Rough|p1a: Blissey|[miss]
|-miss|p2a: Alomomola|p1a: Blissey
|
|upkeep
|turn|10
|
|t:|1781526067
|switch|p1a: Toxapex|Toxapex, F|100/100
|move|p2a: Alomomola|Play Rough|p1a: Toxapex
|-resisted|p1a: Toxapex
|-damage|p1a: Toxapex|94/100
|
|upkeep
|turn|11
|
|t:|1781526075
|move|p2a: Alomomola|Flip Turn|p1a: Toxapex
|-resisted|p1a: Toxapex
|-damage|p1a: Toxapex|87/100
|
|t:|1781526077
|switch|p2a: Iron Treads|Iron Treads|100/100|[from] Flip Turn
|-damage|p2a: Iron Treads|97/100|[from] Stealth Rock
|-item|p2a: Iron Treads|Air Balloon
|move|p1a: Toxapex|Toxic|p2a: Iron Treads
|-immune|p2a: Iron Treads
|
|upkeep
|turn|12
|
|t:|1781526085
|switch|p1a: Corviknight|Corviknight, M|100/100
|-ability|p1a: Corviknight|Pressure
|move|p2a: Iron Treads|Knock Off|p1a: Corviknight
|-damage|p1a: Corviknight|80/100
|-damage|p2a: Iron Treads|81/100|[from] item: Rocky Helmet|[of] p1a: Corviknight
|-enditem|p1a: Corviknight|Rocky Helmet|[from] move: Knock Off|[of] p2a: Iron Treads
|
|upkeep
|turn|13
|
|t:|1781526090
|-end|p2a: Iron Treads|Quark Drive|[silent]
|switch|p2a: Hatterene|Hatterene, F|53/100
|-damage|p2a: Hatterene|41/100|[from] Stealth Rock
|move|p1a: Corviknight|Body Press|p2a: Hatterene
|-resisted|p2a: Hatterene
|-crit|p2a: Hatterene
|-damage|p2a: Hatterene|32/100
|
|upkeep
|turn|14
|
|t:|1781526098
|switch|p1a: Blissey|Blissey, F|100/100
|move|p2a: Hatterene|Pain Split|p1a: Blissey
|-sethp|p1a: Blissey|58/100|[from] move: Pain Split|[silent]
|-sethp|p2a: Hatterene|100/100|[from] move: Pain Split
|
|-heal|p1a: Blissey|64/100|[from] item: Leftovers
|upkeep
|turn|15
|
|t:|1781526107
|switch|p2a: Alomomola|Alomomola, F|100/100
|-damage|p2a: Alomomola|88/100|[from] Stealth Rock
|move|p1a: Blissey|Calm Mind|p1a: Blissey
|-boost|p1a: Blissey|spa|1
|-boost|p1a: Blissey|spd|1
|
|-heal|p1a: Blissey|70/100|[from] item: Leftovers
|upkeep
|turn|16
|
|t:|1781526112
|move|p1a: Blissey|Shadow Ball|p2a: Alomomola
|-damage|p2a: Alomomola|77/100
|move|p2a: Alomomola|Play Rough|p1a: Blissey|[miss]
|-miss|p2a: Alomomola|p1a: Blissey
|
|-heal|p1a: Blissey|77/100|[from] item: Leftovers
|upkeep
|turn|17
|
|t:|1781526118
|switch|p1a: Gliscor|Gliscor, M|56/100 tox
|move|p2a: Alomomola|Play Rough|p1a: Gliscor
|-damage|p1a: Gliscor|42/100 tox
|
|-heal|p1a: Gliscor|54/100 tox|[from] ability: Poison Heal
|upkeep
|turn|18
|j| 1017chy
|
|t:|1781526125
|move|p1a: Gliscor|Knock Off|p2a: Alomomola
|-damage|p2a: Alomomola|61/100
|-enditem|p2a: Alomomola|Assault Vest|[from] move: Knock Off|[of] p1a: Gliscor
|move|p2a: Alomomola|Flip Turn|p1a: Gliscor
|-supereffective|p1a: Gliscor
|-damage|p1a: Gliscor|28/100 tox
|
|t:|1781526128
|switch|p2a: Iron Treads|Iron Treads|81/100|[from] Flip Turn
|-damage|p2a: Iron Treads|78/100|[from] Stealth Rock
|-item|p2a: Iron Treads|Air Balloon
|
|-heal|p1a: Gliscor|41/100 tox|[from] ability: Poison Heal
|upkeep
|turn|19
|
|t:|1781526136
|move|p1a: Gliscor|Protect|p1a: Gliscor
|-singleturn|p1a: Gliscor|Protect
|move|p2a: Iron Treads|Stealth Rock|p1a: Gliscor
|-sidestart|p1: Verbalseduction|move: Stealth Rock
|
|-heal|p1a: Gliscor|53/100 tox|[from] ability: Poison Heal
|upkeep
|turn|20
|
|t:|1781526148
|-end|p2a: Iron Treads|Quark Drive|[silent]
|switch|p2a: Hatterene|Hatterene, F|100/100
|-damage|p2a: Hatterene|88/100|[from] Stealth Rock
|switch|p1a: Corviknight|Corviknight, M|80/100
|-damage|p1a: Corviknight|68/100|[from] Stealth Rock
|-ability|p1a: Corviknight|Pressure
|
|upkeep
|turn|21
|
|t:|1781526154
|move|p1a: Corviknight|Defog|p2a: Hatterene
|move|p2a: Hatterene|Defog|p1a: Corviknight|[from] ability: Magic Bounce
|-unboost|p1a: Corviknight|evasion|1
|-sideend|p1: Verbalseduction|Stealth Rock|[from] move: Defog|[of] p2a: Hatterene
|-sideend|p2: tb poke|Stealth Rock|[from] move: Defog|[of] p2a: Hatterene
|move|p2a: Hatterene|Nuzzle|p1a: Corviknight
|-supereffective|p1a: Corviknight
|-damage|p1a: Corviknight|64/100
|-status|p1a: Corviknight|par
|
|upkeep
|turn|22
|
|t:|1781526160
|switch|p1a: Blissey|Blissey, F|77/100
|move|p2a: Hatterene|Psychic Noise|p1a: Blissey
|-damage|p1a: Blissey|67/100
|-start|p1a: Blissey|move: Heal Block
|
|upkeep
|turn|23
|
|t:|1781526165
|switch|p2a: Alomomola|Alomomola, F|95/100
|move|p1a: Blissey|Shadow Ball|p2a: Alomomola
|-damage|p2a: Alomomola|84/100
|
|-end|p1a: Blissey|move: Heal Block
|upkeep
|turn|24
|
|t:|1781526174
|switch|p1a: Weezing|Weezing-Galar, F|100/100
|-ability|p1a: Weezing|Neutralizing Gas
|move|p2a: Alomomola|Play Rough|p1a: Weezing
|-resisted|p1a: Weezing
|-damage|p1a: Weezing|95/100
|
|upkeep
|turn|25
|
|t:|1781526180
|move|p1a: Weezing|Will-O-Wisp|p2a: Alomomola|[miss]
|-miss|p1a: Weezing|p2a: Alomomola
|move|p2a: Alomomola|Flip Turn|p1a: Weezing
|-damage|p1a: Weezing|83/100
|
|t:|1781526188
|switch|p2a: Tornadus|Tornadus-Therian, M|100/100|[from] Flip Turn
|
|upkeep
|turn|26
|
|t:|1781526193
|-end|p1a: Weezing|ability: Neutralizing Gas
|switch|p1a: Toxapex|Toxapex, F|100/100
|move|p2a: Tornadus|Nasty Plot|p2a: Tornadus
|-boost|p2a: Tornadus|spa|2
|
|upkeep
|turn|27
|
|t:|1781526197
|move|p2a: Tornadus|Bleakwind Storm|p1a: Toxapex|[miss]
|-miss|p2a: Tornadus|p1a: Toxapex
|move|p1a: Toxapex|Haze|p1a: Toxapex
|-clearallboost
|
|upkeep
|turn|28
|
|t:|1781526202
|switch|p2a: Iron Treads|Iron Treads|78/100
|-item|p2a: Iron Treads|Air Balloon
|move|p1a: Toxapex|Toxic Spikes|p2a: Iron Treads
|-sidestart|p2: tb poke|move: Toxic Spikes
|
|upkeep
|turn|29
|
|t:|1781526206
|switch|p1a: Corviknight|Corviknight, M|64/100 par
|-ability|p1a: Corviknight|Pressure
|move|p2a: Iron Treads|Stealth Rock|p1a: Corviknight
|-sidestart|p1: Verbalseduction|move: Stealth Rock
|
|upkeep
|turn|30
|
|t:|1781526210
|-end|p2a: Iron Treads|Quark Drive|[silent]
|switch|p2a: Alomomola|Alomomola, F|84/100
|-status|p2a: Alomomola|psn
|move|p1a: Corviknight|Roost|p1a: Corviknight
|-heal|p1a: Corviknight|100/100 par
|-singleturn|p1a: Corviknight|move: Roost
|
|-damage|p2a: Alomomola|72/100 psn|[from] psn
|upkeep
|turn|31
|
|t:|1781526214
|switch|p1a: Toxapex|Toxapex, F|100/100
|move|p2a: Alomomola|Flip Turn|p1a: Toxapex
|-resisted|p1a: Toxapex
|-damage|p1a: Toxapex|94/100
|
|t:|1781526219
|switch|p2a: Tornadus|Tornadus-Therian, M|100/100|[from] Flip Turn
|
|upkeep
|turn|32
|j| choispecs ironmoth
|
|t:|1781526222
|move|p2a: Tornadus|Nasty Plot|p2a: Tornadus
|-boost|p2a: Tornadus|spa|2
|move|p1a: Toxapex|Toxic|p2a: Tornadus
|-status|p2a: Tornadus|tox
|
|-damage|p2a: Tornadus|94/100 tox|[from] psn
|upkeep
|turn|33
|
|t:|1781526224
|move|p2a: Tornadus|Bleakwind Storm|p1a: Toxapex
|-crit|p1a: Toxapex
|-damage|p1a: Toxapex|0 fnt
|faint|p1a: Toxapex
|-damage|p2a: Tornadus|85/100 tox|[from] item: Life Orb
|
|-damage|p2a: Tornadus|73/100 tox|[from] psn
|upkeep
|
|t:|1781526232
|switch|p1a: Blissey|Blissey, F|67/100
|-damage|p1a: Blissey|54/100|[from] Stealth Rock
|turn|34
|
|t:|1781526235
|move|p2a: Tornadus|Bleakwind Storm|p1a: Blissey
|-damage|p1a: Blissey|20/100
|-unboost|p1a: Blissey|spe|1
|-damage|p2a: Tornadus|63/100 tox|[from] item: Life Orb
|move|p1a: Blissey|Calm Mind|p1a: Blissey
|-boost|p1a: Blissey|spa|1
|-boost|p1a: Blissey|spd|1
|
|-heal|p1a: Blissey|26/100|[from] item: Leftovers
|-damage|p2a: Tornadus|45/100 tox|[from] psn
|upkeep
|turn|35
|
|t:|1781526242
|move|p2a: Tornadus|Bleakwind Storm|p1a: Blissey
|-damage|p1a: Blissey|1/100
|-damage|p2a: Tornadus|35/100 tox|[from] item: Life Orb
|move|p1a: Blissey|Soft-Boiled|p1a: Blissey
|-heal|p1a: Blissey|51/100
|
|-heal|p1a: Blissey|58/100|[from] item: Leftovers
|-damage|p2a: Tornadus|11/100 tox|[from] psn
|upkeep
|turn|36
|
|t:|1781526252
|switch|p2a: Iron Treads|Iron Treads|78/100
|-item|p2a: Iron Treads|Air Balloon
|move|p1a: Blissey|Soft-Boiled|p1a: Blissey
|-heal|p1a: Blissey|100/100
|
|upkeep
|turn|37
|
|t:|1781526256
|switch|p1a: Corviknight|Corviknight, M|100/100 par
|-damage|p1a: Corviknight|88/100 par|[from] Stealth Rock
|-ability|p1a: Corviknight|Pressure
|move|p2a: Iron Treads|Knock Off|p1a: Corviknight
|-damage|p1a: Corviknight|74/100 par
|
|upkeep
|turn|38
|
|t:|1781526262
|-end|p2a: Iron Treads|Quark Drive|[silent]
|switch|p2a: Alomomola|Alomomola, F|100/100 psn
|move|p1a: Corviknight|Defog|p2a: Alomomola
|-unboost|p2a: Alomomola|evasion|1
|-sideend|p2: tb poke|Toxic Spikes|[from] move: Defog|[of] p1a: Corviknight
|-sideend|p1: Verbalseduction|Stealth Rock|[from] move: Defog|[of] p1a: Corviknight
|
|-damage|p2a: Alomomola|88/100 psn|[from] psn
|upkeep
|turn|39
|
|t:|1781526270
|switch|p1a: Gliscor|Gliscor, M|53/100 tox
|move|p2a: Alomomola|Flip Turn|p1a: Gliscor
|-supereffective|p1a: Gliscor
|-damage|p1a: Gliscor|27/100 tox
|
|t:|1781526278
|switch|p2a: Hatterene|Hatterene, F|88/100|[from] Flip Turn
|
|-heal|p1a: Gliscor|39/100 tox|[from] ability: Poison Heal
|upkeep
|turn|40
|
|t:|1781526283
|move|p1a: Gliscor|Protect|p1a: Gliscor
|-singleturn|p1a: Gliscor|Protect
|move|p2a: Hatterene|Psychic Noise|p1a: Gliscor
|-activate|p1a: Gliscor|move: Protect
|
|-heal|p1a: Gliscor|52/100 tox|[from] ability: Poison Heal
|upkeep
|turn|41
|
|t:|1781526289
|switch|p1a: Blissey|Blissey, F|100/100
|move|p2a: Hatterene|Draining Kiss|p1a: Blissey
|-damage|p1a: Blissey|94/100
|-heal|p2a: Hatterene|99/100|[from] drain|[of] p1a: Blissey
|
|-heal|p1a: Blissey|99/100|[from] item: Leftovers
|upkeep
|turn|42
|
|t:|1781526295
|move|p1a: Blissey|Calm Mind|p1a: Blissey
|-boost|p1a: Blissey|spa|1
|-boost|p1a: Blissey|spd|1
|move|p2a: Hatterene|Psychic Noise|p1a: Blissey
|-damage|p1a: Blissey|93/100
|-start|p1a: Blissey|move: Heal Block
|
|upkeep
|turn|43
|
|t:|1781526306
|switch|p2a: Alomomola|Alomomola, F|100/100 psn
|move|p1a: Blissey|Calm Mind|p1a: Blissey
|-boost|p1a: Blissey|spa|1
|-boost|p1a: Blissey|spd|1
|
|-damage|p2a: Alomomola|88/100 psn|[from] psn
|-end|p1a: Blissey|move: Heal Block
|upkeep
|turn|44
|
|t:|1781526309
|move|p1a: Blissey|Calm Mind|p1a: Blissey
|-boost|p1a: Blissey|spa|1
|-boost|p1a: Blissey|spd|1
|move|p2a: Alomomola|Play Rough|p1a: Blissey
|-damage|p1a: Blissey|77/100
|
|-heal|p1a: Blissey|83/100|[from] item: Leftovers
|-damage|p2a: Alomomola|76/100 psn|[from] psn
|upkeep
|turn|45
|
|t:|1781526311
|move|p1a: Blissey|Calm Mind|p1a: Blissey
|-boost|p1a: Blissey|spa|1
|-boost|p1a: Blissey|spd|1
|move|p2a: Alomomola|Play Rough|p1a: Blissey
|-damage|p1a: Blissey|65/100
|
|-heal|p1a: Blissey|71/100|[from] item: Leftovers
|-damage|p2a: Alomomola|63/100 psn|[from] psn
|upkeep
|turn|46
|
|t:|1781526314
|move|p1a: Blissey|Calm Mind|p1a: Blissey
|-boost|p1a: Blissey|spa|1
|-boost|p1a: Blissey|spd|1
|move|p2a: Alomomola|Play Rough|p1a: Blissey
|-damage|p1a: Blissey|54/100
|
|-heal|p1a: Blissey|60/100|[from] item: Leftovers
|-damage|p2a: Alomomola|51/100 psn|[from] psn
|upkeep
|turn|47
|
|t:|1781526317
|move|p1a: Blissey|Shadow Ball|p2a: Alomomola
|-crit|p2a: Alomomola
|-damage|p2a: Alomomola|0 fnt
|faint|p2a: Alomomola
|
|-heal|p1a: Blissey|66/100|[from] item: Leftovers
|upkeep
|
|t:|1781526324
|switch|p2a: Tornadus|Tornadus-Therian, M|44/100 tox
|turn|48
|
|t:|1781526328
|switch|p2a: Zamazenta|Zamazenta|100/100
|-ability|p2a: Zamazenta|Dauntless Shield|boost
|-boost|p2a: Zamazenta|def|1
|move|p1a: Blissey|Shadow Ball|p2a: Zamazenta
|-damage|p2a: Zamazenta|52/100
|
|-heal|p2a: Zamazenta|58/100|[from] item: Leftovers
|-heal|p1a: Blissey|72/100|[from] item: Leftovers
|upkeep
|turn|49
|
|t:|1781526335
|switch|p1a: Dondozo|Dondozo, M|100/100
|move|p2a: Zamazenta|Body Press|p1a: Dondozo
|-damage|p1a: Dondozo|82/100
|
|-heal|p2a: Zamazenta|64/100|[from] item: Leftovers
|-heal|p1a: Dondozo|88/100|[from] item: Leftovers
|upkeep
|turn|50
|
|t:|1781526341
|switch|p2a: Pecharunt|Pecharunt|100/100
|move|p1a: Dondozo|Avalanche|p2a: Pecharunt
|-damage|p2a: Pecharunt|94/100
|
|-heal|p1a: Dondozo|94/100|[from] item: Leftovers
|upkeep
|turn|51
|
|t:|1781526346
|switch|p1a: Gliscor|Gliscor, M|52/100 tox
|move|p2a: Pecharunt|Malignant Chain|p1a: Gliscor
|-resisted|p1a: Gliscor
|-damage|p1a: Gliscor|38/100 tox
|
|-heal|p1a: Gliscor|50/100 tox|[from] ability: Poison Heal
|upkeep
|turn|52
|
|t:|1781526356
|move|p1a: Gliscor|Knock Off|p2a: Pecharunt
|-supereffective|p2a: Pecharunt
|-damage|p2a: Pecharunt|75/100
|-enditem|p2a: Pecharunt|Heavy-Duty Boots|[from] move: Knock Off|[of] p1a: Gliscor
|move|p2a: Pecharunt|Shadow Ball|p1a: Gliscor
|-damage|p1a: Gliscor|28/100 tox
|
|-heal|p1a: Gliscor|40/100 tox|[from] ability: Poison Heal
|upkeep
|turn|53
|j| wuxinshushu1
|
|t:|1781526364
|switch|p2a: Tornadus|Tornadus-Therian, M|77/100 tox
|move|p1a: Gliscor|Protect||[still]
|-fail|p1a: Gliscor
|
|-damage|p2a: Tornadus|71/100 tox|[from] psn
|-heal|p1a: Gliscor|53/100 tox|[from] ability: Poison Heal
|upkeep
|turn|54
|
|t:|1781526368
|move|p1a: Gliscor|Protect|p1a: Gliscor
|-singleturn|p1a: Gliscor|Protect
|move|p2a: Tornadus|Nasty Plot|p2a: Tornadus
|-boost|p2a: Tornadus|spa|2
|
|-damage|p2a: Tornadus|59/100 tox|[from] psn
|-heal|p1a: Gliscor|65/100 tox|[from] ability: Poison Heal
|upkeep
|turn|55
|
|t:|1781526371
|switch|p1a: Blissey|Blissey, F|72/100
|move|p2a: Tornadus|Bleakwind Storm|p1a: Blissey
|-damage|p1a: Blissey|34/100
|-unboost|p1a: Blissey|spe|1
|-damage|p2a: Tornadus|50/100 tox|[from] item: Life Orb
|
|-heal|p1a: Blissey|40/100|[from] item: Leftovers
|-damage|p2a: Tornadus|32/100 tox|[from] psn
|upkeep
|turn|56
|
|t:|1781526381
|move|p2a: Tornadus|Bleakwind Storm|p1a: Blissey
|-damage|p1a: Blissey|6/100
|-unboost|p1a: Blissey|spe|1
|-damage|p2a: Tornadus|22/100 tox|[from] item: Life Orb
|move|p1a: Blissey|Soft-Boiled|p1a: Blissey
|-heal|p1a: Blissey|56/100
|
|-heal|p1a: Blissey|62/100|[from] item: Leftovers
|-damage|p2a: Tornadus|0 fnt|[from] psn
|faint|p2a: Tornadus
|upkeep
|
|t:|1781526391
|switch|p2a: Zamazenta|Zamazenta|64/100
|turn|57
|
|t:|1781526395
|switch|p1a: Weezing|Weezing-Galar, F|83/100
|-ability|p1a: Weezing|Neutralizing Gas
|move|p2a: Zamazenta|Body Press|p1a: Weezing
|-resisted|p1a: Weezing
|-damage|p1a: Weezing|77/100
|
|-heal|p2a: Zamazenta|70/100|[from] item: Leftovers
|upkeep
|turn|58
|
|t:|1781526400
|-terastallize|p2a: Zamazenta|Steel
|move|p2a: Zamazenta|Heavy Slam|p1a: Weezing
|-supereffective|p1a: Weezing
|-damage|p1a: Weezing|12/100
|move|p1a: Weezing|Will-O-Wisp|p2a: Zamazenta
|-status|p2a: Zamazenta|brn
|
|-heal|p2a: Zamazenta|76/100 brn|[from] item: Leftovers
|-damage|p2a: Zamazenta|70/100 brn|[from] brn
|upkeep
|turn|59
|
|t:|1781526408
|-end|p1a: Weezing|ability: Neutralizing Gas
|switch|p1a: Gliscor|Gliscor, M|65/100 tox
|move|p2a: Zamazenta|Heavy Slam|p1a: Gliscor
|-damage|p1a: Gliscor|50/100 tox
|
|-heal|p2a: Zamazenta|76/100 brn|[from] item: Leftovers
|-heal|p1a: Gliscor|62/100 tox|[from] ability: Poison Heal
|-damage|p2a: Zamazenta|70/100 brn|[from] brn
|upkeep
|turn|60
|
|t:|1781526411
|switch|p2a: Hatterene|Hatterene, F|99/100
|move|p1a: Gliscor|Knock Off|p2a: Hatterene
|-damage|p2a: Hatterene|86/100
|
|-heal|p1a: Gliscor|75/100 tox|[from] ability: Poison Heal
|upkeep
|turn|61
|
|t:|1781526415
|move|p1a: Gliscor|Protect|p1a: Gliscor
|-singleturn|p1a: Gliscor|Protect
|move|p2a: Hatterene|Psychic Noise|p1a: Gliscor
|-activate|p1a: Gliscor|move: Protect
|
|-heal|p1a: Gliscor|87/100 tox|[from] ability: Poison Heal
|upkeep
|turn|62
|
|t:|1781526423
|switch|p1a: Corviknight|Corviknight, M|74/100 par
|-ability|p1a: Corviknight|Pressure
|move|p2a: Hatterene|Nuzzle|p1a: Corviknight
|-supereffective|p1a: Corviknight
|-damage|p1a: Corviknight|70/100 par
|
|upkeep
|turn|63
|
|t:|1781526427
|switch|p1a: Gliscor|Gliscor, M|87/100 tox
|move|p2a: Hatterene|Psychic Noise|p1a: Gliscor
|-damage|p1a: Gliscor|60/100 tox
|-start|p1a: Gliscor|move: Heal Block
|
|upkeep
|turn|64
|
|t:|1781526435
|move|p1a: Gliscor|Protect|p1a: Gliscor
|-singleturn|p1a: Gliscor|Protect
|move|p2a: Hatterene|Nuzzle|p1a: Gliscor
|-activate|p1a: Gliscor|move: Protect
|
|-end|p1a: Gliscor|move: Heal Block
|upkeep
|turn|65
|
|t:|1781526439
|switch|p1a: Corviknight|Corviknight, M|70/100 par
|-ability|p1a: Corviknight|Pressure
|move|p2a: Hatterene|Draining Kiss|p1a: Corviknight
|-resisted|p1a: Corviknight
|-damage|p1a: Corviknight|57/100 par
|-heal|p2a: Hatterene|97/100|[from] drain|[of] p1a: Corviknight
|
|upkeep
|turn|66
|
|t:|1781526444
|move|p2a: Hatterene|Draining Kiss|p1a: Corviknight
|-resisted|p1a: Corviknight
|-damage|p1a: Corviknight|46/100 par
|-heal|p2a: Hatterene|100/100|[from] drain|[of] p1a: Corviknight
|move|p1a: Corviknight|Roost|p1a: Corviknight
|-heal|p1a: Corviknight|96/100 par
|-singleturn|p1a: Corviknight|move: Roost
|
|upkeep
|turn|67
|
|t:|1781526453
|move|p2a: Hatterene|Draining Kiss|p1a: Corviknight
|-resisted|p1a: Corviknight
|-damage|p1a: Corviknight|84/100 par
|cant|p1a: Corviknight|par
|
|upkeep
|turn|68
|
|t:|1781526459
|switch|p2a: Pecharunt|Pecharunt|75/100
|cant|p1a: Corviknight|par
|
|upkeep
|turn|69
|
|t:|1781526474
|switch|p1a: Gliscor|Gliscor, M|60/100 tox
|move|p2a: Pecharunt|Shadow Ball|p1a: Gliscor
|-damage|p1a: Gliscor|38/100 tox
|
|-heal|p1a: Gliscor|50/100 tox|[from] ability: Poison Heal
|upkeep
|turn|70
|l| Remioche
|
|t:|1781526484
|switch|p2a: Iron Treads|Iron Treads|78/100
|-item|p2a: Iron Treads|Air Balloon
|move|p1a: Gliscor|Knock Off|p2a: Iron Treads
|-damage|p2a: Iron Treads|58/100
|-enditem|p2a: Iron Treads|Air Balloon
|
|-heal|p1a: Gliscor|63/100 tox|[from] ability: Poison Heal
|upkeep
|turn|71
|l| choispecs ironmoth
|
|t:|1781526490
|switch|p1a: Corviknight|Corviknight, M|84/100 par
|-ability|p1a: Corviknight|Pressure
|move|p2a: Iron Treads|Stealth Rock|p1a: Corviknight
|-sidestart|p1: Verbalseduction|move: Stealth Rock
|
|upkeep
|turn|72
|
|t:|1781526493
|-end|p2a: Iron Treads|Quark Drive|[silent]
|switch|p2a: Zamazenta|Zamazenta, tera:Steel|70/100 brn
|move|p1a: Corviknight|Defog|p2a: Zamazenta
|-unboost|p2a: Zamazenta|evasion|1
|-sideend|p1: Verbalseduction|Stealth Rock|[from] move: Defog|[of] p1a: Corviknight
|
|-heal|p2a: Zamazenta|76/100 brn|[from] item: Leftovers
|-damage|p2a: Zamazenta|70/100 brn|[from] brn
|upkeep
|turn|73
|
|t:|1781526498
|move|p2a: Zamazenta|Iron Defense|p2a: Zamazenta
|-boost|p2a: Zamazenta|def|2
|move|p1a: Corviknight|Body Press|p2a: Zamazenta
|-supereffective|p2a: Zamazenta
|-damage|p2a: Zamazenta|48/100 brn
|
|-heal|p2a: Zamazenta|54/100 brn|[from] item: Leftovers
|-damage|p2a: Zamazenta|48/100 brn|[from] brn
|upkeep
|turn|74
|
|t:|1781526503
|switch|p1a: Dondozo|Dondozo, M|94/100
|move|p2a: Zamazenta|Iron Defense|p2a: Zamazenta
|-boost|p2a: Zamazenta|def|2
|
|-heal|p2a: Zamazenta|54/100 brn|[from] item: Leftovers
|-heal|p1a: Dondozo|100/100|[from] item: Leftovers
|-damage|p2a: Zamazenta|48/100 brn|[from] brn
|upkeep
|turn|75
|
|t:|1781526508
|move|p2a: Zamazenta|Body Press|p1a: Dondozo
|-damage|p1a: Dondozo|92/100
|move|p1a: Dondozo|Body Press|p2a: Zamazenta
|-supereffective|p2a: Zamazenta
|-damage|p2a: Zamazenta|9/100 brn
|
|-heal|p2a: Zamazenta|15/100 brn|[from] item: Leftovers
|-heal|p1a: Dondozo|98/100|[from] item: Leftovers
|-damage|p2a: Zamazenta|9/100 brn|[from] brn
|upkeep
|turn|76
|j| choispecs ironmoth
|
|t:|1781526524
|move|p2a: Zamazenta|Body Press|p1a: Dondozo
|-damage|p1a: Dondozo|90/100
|move|p1a: Dondozo|Body Press|p2a: Zamazenta
|-supereffective|p2a: Zamazenta
|-damage|p2a: Zamazenta|0 fnt
|faint|p2a: Zamazenta
|
|-heal|p1a: Dondozo|96/100|[from] item: Leftovers
|upkeep
|inactive|tb poke has 120 seconds left.
|-message|tb poke forfeited.
|
|win|Verbalseduction
|raw|Verbalseduction's rating: 1657 &rarr; <strong>1679</strong><br />(+22 for winning)
|raw|tb poke's rating: 1693 &rarr; <strong>1671</strong><br />(-22 for losing)
|l|☆tb poke
|player|p2|
|l|☆Verbalseduction
|player|p1|
|l| 1017chy
