|j|☆KurisuChestnutOU
|j|☆stevstacks
|t:|1781142817
|gametype|singles
|player|p1|KurisuChestnutOU|may-contest|1536
|player|p2|stevstacks|102|1602
|gen|9
|tier|[Gen 9] OU
|rated|
|rule|HP Percentage Mod: HP is shown in percentages
|rule|Endless Battle Clause: Forcing endless battles is banned
|rule|Species Clause: Limit one of each Pokémon
|rule|OHKO Clause: OHKO moves are banned
|rule|Evasion Items Clause: Evasion items are banned
|rule|Evasion Moves Clause: Evasion moves are banned
|rule|Evasion Abilities Clause: Evasion abilities are banned
|rule|Sleep Moves Clause: Sleep-inducing moves are banned
|clearpoke
|poke|p1|Zamazenta-*|
|poke|p1|Zapdos|
|poke|p1|Garganacl, F|
|poke|p1|Clefable, M|
|poke|p1|Samurott-Hisui, M|
|poke|p1|Gholdengo|
|poke|p2|Torkoal, F|
|poke|p2|Corviknight, M|
|poke|p2|Walking Wake|
|poke|p2|Dragonite, M|
|poke|p2|Great Tusk|
|poke|p2|Raging Bolt|
|teampreview
|inactive|Battle timer is ON: inactive players will automatically lose when time's up. (requested by stevstacks)
|inactive|KurisuChestnutOU also wants the timer to be on.
|
|t:|1781142834
|teamsize|p1|6
|teamsize|p2|6
|start
|switch|p1a: Garganacl|Garganacl, F|100/100
|switch|p2a: Raging Bolt|Raging Bolt|100/100
|turn|1
|
|t:|1781142849
|move|p2a: Raging Bolt|Volt Switch|p1a: Garganacl
|-damage|p1a: Garganacl|75/100
|
|t:|1781142851
|-end|p2a: Raging Bolt|Protosynthesis|[silent]
|switch|p2a: Great Tusk|Great Tusk, shiny|100/100|[from] Volt Switch
|move|p1a: Garganacl|Stealth Rock|p2a: Great Tusk
|-sidestart|p2: stevstacks|move: Stealth Rock
|
|-heal|p1a: Garganacl|81/100|[from] item: Leftovers
|upkeep
|turn|2
|
|t:|1781142863
|switch|p1a: Zapdos|Zapdos|100/100
|move|p2a: Great Tusk|Knock Off|p1a: Zapdos
|-damage|p1a: Zapdos|67/100
|-enditem|p1a: Zapdos|Heavy-Duty Boots|[from] move: Knock Off|[of] p2a: Great Tusk
|-damage|p2a: Great Tusk|91/100|[from] item: Life Orb
|
|upkeep
|turn|3
|
|t:|1781142868
|move|p2a: Great Tusk|Ice Spinner|p1a: Zapdos
|-supereffective|p1a: Zapdos
|-damage|p1a: Zapdos|18/100
|-status|p2a: Great Tusk|par|[from] ability: Static|[of] p1a: Zapdos
|-damage|p2a: Great Tusk|81/100 par|[from] item: Life Orb
|move|p1a: Zapdos|Hurricane|p2a: Great Tusk|[miss]
|-miss|p1a: Zapdos|p2a: Great Tusk
|
|upkeep
|turn|4
|
|t:|1781142876
|move|p1a: Zapdos|Hurricane|p2a: Great Tusk|[miss]
|-miss|p1a: Zapdos|p2a: Great Tusk
|move|p2a: Great Tusk|Headlong Rush|p1a: Zapdos
|-immune|p1a: Zapdos
|
|upkeep
|turn|5
|
|t:|1781142879
|move|p1a: Zapdos|Roost|p1a: Zapdos
|-heal|p1a: Zapdos|68/100
|-singleturn|p1a: Zapdos|move: Roost
|move|p2a: Great Tusk|Headlong Rush|p1a: Zapdos
|-supereffective|p1a: Zapdos
|-damage|p1a: Zapdos|0 fnt
|-unboost|p2a: Great Tusk|def|1
|-unboost|p2a: Great Tusk|spd|1
|faint|p1a: Zapdos
|-damage|p2a: Great Tusk|71/100 par|[from] item: Life Orb
|
|upkeep
|
|t:|1781142884
|switch|p1a: Samurott|Samurott-Hisui, M|100/100
|turn|6
|
|t:|1781142891
|switch|p1a: Zamazenta|Zamazenta|100/100
|-ability|p1a: Zamazenta|Dauntless Shield|boost
|-boost|p1a: Zamazenta|def|1
|move|p2a: Great Tusk|Close Combat|p1a: Zamazenta
|-damage|p1a: Zamazenta|54/100
|-unboost|p2a: Great Tusk|def|1
|-unboost|p2a: Great Tusk|spd|1
|-damage|p2a: Great Tusk|61/100 par|[from] item: Life Orb
|
|-heal|p1a: Zamazenta|61/100|[from] item: Leftovers
|upkeep
|turn|7
|
|t:|1781142895
|-end|p2a: Great Tusk|Protosynthesis|[silent]
|switch|p2a: Torkoal|Torkoal, F, shiny|100/100
|-damage|p2a: Torkoal|76/100|[from] Stealth Rock
|-weather|SunnyDay|[from] ability: Drought|[of] p2a: Torkoal
|move|p1a: Zamazenta|Body Press|p2a: Torkoal
|-damage|p2a: Torkoal|42/100
|
|-weather|SunnyDay|[upkeep]
|-heal|p1a: Zamazenta|67/100|[from] item: Leftovers
|upkeep
|turn|8
|
|t:|1781142902
|switch|p2a: Walking Wake|Walking Wake|100/100
|-damage|p2a: Walking Wake|88/100|[from] Stealth Rock
|-activate|p2a: Walking Wake|ability: Protosynthesis
|-start|p2a: Walking Wake|protosynthesisspe
|move|p1a: Zamazenta|Body Press|p2a: Walking Wake
|-damage|p2a: Walking Wake|40/100
|
|-weather|SunnyDay|[upkeep]
|-heal|p1a: Zamazenta|73/100|[from] item: Leftovers
|upkeep
|turn|9
|
|t:|1781142910
|move|p2a: Walking Wake|Hydro Steam|p1a: Zamazenta
|-damage|p1a: Zamazenta|20/100
|move|p1a: Zamazenta|Body Press|p2a: Walking Wake
|-damage|p2a: Walking Wake|0 fnt
|faint|p2a: Walking Wake
|-end|p2a: Walking Wake|Protosynthesis|[silent]
|
|-weather|SunnyDay|[upkeep]
|-heal|p1a: Zamazenta|26/100|[from] item: Leftovers
|upkeep
|
|t:|1781142915
|switch|p2a: Raging Bolt|Raging Bolt|100/100
|-damage|p2a: Raging Bolt|88/100|[from] Stealth Rock
|-activate|p2a: Raging Bolt|ability: Protosynthesis
|-start|p2a: Raging Bolt|protosynthesisspa
|turn|10
|
|t:|1781142920
|move|p1a: Zamazenta|Body Press|p2a: Raging Bolt
|-damage|p2a: Raging Bolt|45/100
|move|p2a: Raging Bolt|Thunderbolt|p1a: Zamazenta
|-damage|p1a: Zamazenta|0 fnt
|faint|p1a: Zamazenta
|
|-weather|SunnyDay|[upkeep]
|upkeep
|
|t:|1781142925
|switch|p1a: Gholdengo|Gholdengo|100/100
|turn|11
|
|t:|1781142928
|move|p1a: Gholdengo|Dazzling Gleam|p2a: Raging Bolt
|-supereffective|p2a: Raging Bolt
|-damage|p2a: Raging Bolt|0 fnt
|faint|p2a: Raging Bolt
|-end|p2a: Raging Bolt|Protosynthesis|[silent]
|
|-weather|SunnyDay|[upkeep]
|upkeep
|
|t:|1781142936
|switch|p2a: Corviknight|Corviknight, M, shiny|100/100
|-damage|p2a: Corviknight|88/100|[from] Stealth Rock
|-ability|p2a: Corviknight|Pressure
|turn|12
|
|t:|1781142942
|switch|p1a: Clefable|Clefable, M|100/100
|move|p2a: Corviknight|Defog|p1a: Clefable
|-unboost|p1a: Clefable|evasion|1
|-sideend|p2: stevstacks|Stealth Rock|[from] move: Defog|[of] p2a: Corviknight
|
|-weather|SunnyDay|[upkeep]
|-heal|p2a: Corviknight|94/100|[from] item: Leftovers
|upkeep
|turn|13
|
|t:|1781142946
|move|p2a: Corviknight|Brave Bird|p1a: Clefable
|-damage|p1a: Clefable|73/100
|-damage|p2a: Corviknight|85/100|[from] Recoil
|move|p1a: Clefable|Moonblast|p2a: Corviknight
|-resisted|p2a: Corviknight
|-damage|p2a: Corviknight|74/100
|-unboost|p2a: Corviknight|spa|1
|
|-weather|SunnyDay|[upkeep]
|-heal|p2a: Corviknight|80/100|[from] item: Leftovers
|upkeep
|turn|14
|
|t:|1781142950
|move|p2a: Corviknight|Brave Bird|p1a: Clefable
|-damage|p1a: Clefable|47/100
|-damage|p2a: Corviknight|72/100|[from] Recoil
|move|p1a: Clefable|Moonlight|p1a: Clefable
|-heal|p1a: Clefable|100/100
|
|-weather|none
|-heal|p2a: Corviknight|78/100|[from] item: Leftovers
|upkeep
|turn|15
|l|☆stevstacks
|inactive|stevstacks disconnected and has a minute to reconnect!
|player|p2|
|inactive|stevstacks has 30 seconds to reconnect!
|inactive|stevstacks has 20 seconds to reconnect!
|inactive|stevstacks has 15 seconds to reconnect!
|inactive|stevstacks has 10 seconds to reconnect!
|inactive|stevstacks has 5 seconds to reconnect!
|-message|stevstacks lost due to inactivity.
|
|win|KurisuChestnutOU
|raw|KurisuChestnutOU's rating: 1496 &rarr; <strong>1522</strong><br />(+26 for winning)
|raw|stevstacks's rating: 1602 &rarr; <strong>1576</strong><br />(-26 for losing)
