|j|‽zozotown
|j|☆isaac_gam3r
|t:|1781265767
|gametype|singles
|player|p1|zozotown|101|1744
|player|p2|isaac_gam3r|acetrainer-gen4dp|1786
|gen|9
|tier|[Gen 9] OU
|rated|
|rule|HP Percentage Mod: HP is shown in percentages
|rule|Endless Battle Clause: Forcing endless battles is banned
|rule|Species Clause: Limit one of each Pokémon
|rule|OHKO Clause: OHKO moves are banned
|rule|Evasion Items Clause: Evasion items are banned
|rule|Evasion Moves Clause: Evasion moves are banned
|rule|Evasion Abilities Clause: Evasion abilities are banned
|rule|Sleep Moves Clause: Sleep-inducing moves are banned
|clearpoke
|poke|p1|Clodsire, F|
|poke|p1|Alomomola, F|
|poke|p1|Hydrapple, M|
|poke|p1|Meowscarada, M|
|poke|p1|Primarina, F|
|poke|p1|Weezing-Galar, F|
|poke|p2|Primarina, F|
|poke|p2|Raging Bolt|
|poke|p2|Heatran, M|
|poke|p2|Weezing-Galar, M|
|poke|p2|Garchomp, M|
|poke|p2|Weavile, M|
|teampreview
|inactive|Battle timer is ON: inactive players will automatically lose when time's up. (requested by zozotown)
|
|t:|1781265783
|teamsize|p1|6
|teamsize|p2|6
|start
|switch|p1a: Meowscarada|Meowscarada, M|100/100
|switch|p2a: Weavile|Weavile, M|100/100
|-ability|p2a: Weavile|Pressure
|turn|1
|
|t:|1781265791
|switch|p2a: Weezing|Weezing-Galar, M, shiny|100/100
|switch|p1a: Alomomola|Alomomola, F|100/100
|
|upkeep
|turn|2
|inactive|zozotown has 120 seconds left.
|
|t:|1781265821
|switch|p1a: Clodsire|Clodsire, F|100/100
|move|p2a: Weezing|Will-O-Wisp|p1a: Clodsire
|-status|p1a: Clodsire|brn
|
|-damage|p1a: Clodsire|94/100 brn|[from] brn
|upkeep
|turn|3
|inactive|zozotown has 120 seconds left.
|
|t:|1781265833
|move|p2a: Weezing|Strange Steam|p1a: Clodsire
|-resisted|p1a: Clodsire
|-damage|p1a: Clodsire|86/100 brn
|move|p1a: Clodsire|Poison Jab|p2a: Weezing
|-damage|p2a: Weezing|94/100
|
|-heal|p2a: Weezing|99/100|[from] item: Black Sludge
|-heal|p1a: Clodsire|92/100 brn|[from] item: Leftovers
|-damage|p1a: Clodsire|86/100 brn|[from] brn
|upkeep
|turn|4
|inactive|zozotown has 120 seconds left.
|
|t:|1781265844
|move|p2a: Weezing|Strange Steam|p1a: Clodsire
|-resisted|p1a: Clodsire
|-damage|p1a: Clodsire|77/100 brn
|move|p1a: Clodsire|Curse|p1a: Clodsire
|-unboost|p1a: Clodsire|spe|1
|-boost|p1a: Clodsire|atk|1
|-boost|p1a: Clodsire|def|1
|
|-heal|p2a: Weezing|100/100|[from] item: Black Sludge
|-heal|p1a: Clodsire|83/100 brn|[from] item: Leftovers
|-damage|p1a: Clodsire|77/100 brn|[from] brn
|upkeep
|turn|5
|
|t:|1781265849
|move|p2a: Weezing|Strange Steam|p1a: Clodsire
|-resisted|p1a: Clodsire
|-damage|p1a: Clodsire|68/100 brn
|move|p1a: Clodsire|Curse|p1a: Clodsire
|-unboost|p1a: Clodsire|spe|1
|-boost|p1a: Clodsire|atk|1
|-boost|p1a: Clodsire|def|1
|
|-heal|p1a: Clodsire|75/100 brn|[from] item: Leftovers
|-damage|p1a: Clodsire|68/100 brn|[from] brn
|upkeep
|turn|6
|
|t:|1781265852
|move|p2a: Weezing|Strange Steam|p1a: Clodsire
|-resisted|p1a: Clodsire
|-damage|p1a: Clodsire|59/100 brn
|-start|p1a: Clodsire|confusion
|-activate|p1a: Clodsire|confusion
|move|p1a: Clodsire|Recover|p1a: Clodsire
|-heal|p1a: Clodsire|100/100 brn
|
|-damage|p1a: Clodsire|94/100 brn|[from] brn
|upkeep
|turn|7
|
|t:|1781265855
|move|p2a: Weezing|Strange Steam|p1a: Clodsire
|-resisted|p1a: Clodsire
|-damage|p1a: Clodsire|86/100 brn
|-activate|p1a: Clodsire|confusion
|move|p1a: Clodsire|Curse|p1a: Clodsire
|-unboost|p1a: Clodsire|spe|1
|-boost|p1a: Clodsire|atk|1
|-boost|p1a: Clodsire|def|1
|
|-heal|p1a: Clodsire|92/100 brn|[from] item: Leftovers
|-damage|p1a: Clodsire|86/100 brn|[from] brn
|upkeep
|turn|8
|
|t:|1781265859
|move|p2a: Weezing|Strange Steam|p1a: Clodsire
|-resisted|p1a: Clodsire
|-damage|p1a: Clodsire|78/100 brn
|-activate|p1a: Clodsire|confusion
|-damage|p1a: Clodsire|72/100 brn|[from] confusion
|
|-heal|p1a: Clodsire|78/100 brn|[from] item: Leftovers
|-damage|p1a: Clodsire|72/100 brn|[from] brn
|upkeep
|turn|9
|
|t:|1781265863
|move|p2a: Weezing|Strange Steam|p1a: Clodsire
|-resisted|p1a: Clodsire
|-damage|p1a: Clodsire|63/100 brn
|-end|p1a: Clodsire|confusion
|move|p1a: Clodsire|Curse|p1a: Clodsire
|-unboost|p1a: Clodsire|spe|1
|-boost|p1a: Clodsire|atk|1
|-boost|p1a: Clodsire|def|1
|
|-heal|p1a: Clodsire|69/100 brn|[from] item: Leftovers
|-damage|p1a: Clodsire|63/100 brn|[from] brn
|upkeep
|turn|10
|
|t:|1781265882
|move|p2a: Weezing|Strange Steam|p1a: Clodsire
|-resisted|p1a: Clodsire
|-crit|p1a: Clodsire
|-damage|p1a: Clodsire|50/100 brn
|-start|p1a: Clodsire|confusion
|-activate|p1a: Clodsire|confusion
|move|p1a: Clodsire|Recover|p1a: Clodsire
|-heal|p1a: Clodsire|100/100 brn
|
|-damage|p1a: Clodsire|94/100 brn|[from] brn
|upkeep
|turn|11
|
|t:|1781265893
|move|p2a: Weezing|Strange Steam|p1a: Clodsire
|-resisted|p1a: Clodsire
|-damage|p1a: Clodsire|85/100 brn
|-activate|p1a: Clodsire|confusion
|move|p1a: Clodsire|Curse|p1a: Clodsire
|-unboost|p1a: Clodsire|spe|1
|-boost|p1a: Clodsire|atk|1
|-boost|p1a: Clodsire|def|1
|
|-heal|p1a: Clodsire|92/100 brn|[from] item: Leftovers
|-damage|p1a: Clodsire|85/100 brn|[from] brn
|upkeep
|turn|12
|
|t:|1781265905
|move|p2a: Weezing|Strange Steam|p1a: Clodsire|[miss]
|-miss|p2a: Weezing|p1a: Clodsire
|-activate|p1a: Clodsire|confusion
|move|p1a: Clodsire|Curse|p1a: Clodsire
|-unboost|p1a: Clodsire|spe|1
|-boost|p1a: Clodsire|atk|1
|-boost|p1a: Clodsire|def|1
|
|-heal|p1a: Clodsire|92/100 brn|[from] item: Leftovers
|-damage|p1a: Clodsire|85/100 brn|[from] brn
|upkeep
|turn|13
|
|t:|1781265911
|move|p2a: Weezing|Will-O-Wisp|p1a: Clodsire
|-fail|p1a: Clodsire|brn
|-activate|p1a: Clodsire|confusion
|move|p1a: Clodsire|Earthquake|p2a: Weezing
|-immune|p2a: Weezing|[from] ability: Levitate
|
|-heal|p1a: Clodsire|92/100 brn|[from] item: Leftovers
|-damage|p1a: Clodsire|85/100 brn|[from] brn
|upkeep
|turn|14
|c|☆isaac_gam3r|There is no confusion...
|
|t:|1781265930
|move|p2a: Weezing|Strange Steam|p1a: Clodsire|[miss]
|-miss|p2a: Weezing|p1a: Clodsire
|-end|p1a: Clodsire|confusion
|move|p1a: Clodsire|Poison Jab|p2a: Weezing
|-damage|p2a: Weezing|71/100
|
|-heal|p2a: Weezing|77/100|[from] item: Black Sludge
|-heal|p1a: Clodsire|92/100 brn|[from] item: Leftovers
|-damage|p1a: Clodsire|85/100 brn|[from] brn
|upkeep
|turn|15
|
|t:|1781265935
|move|p2a: Weezing|Will-O-Wisp|p1a: Clodsire
|-fail|p1a: Clodsire|brn
|move|p1a: Clodsire|Poison Jab|p2a: Weezing
|-damage|p2a: Weezing|49/100
|
|-heal|p2a: Weezing|55/100|[from] item: Black Sludge
|-heal|p1a: Clodsire|92/100 brn|[from] item: Leftovers
|-damage|p1a: Clodsire|85/100 brn|[from] brn
|upkeep
|turn|16
|
|t:|1781265952
|move|p2a: Weezing|Defog|p1a: Clodsire
|-unboost|p1a: Clodsire|evasion|1
|move|p1a: Clodsire|Poison Jab|p2a: Weezing
|-damage|p2a: Weezing|28/100
|
|-heal|p2a: Weezing|34/100|[from] item: Black Sludge
|-heal|p1a: Clodsire|92/100 brn|[from] item: Leftovers
|-damage|p1a: Clodsire|85/100 brn|[from] brn
|upkeep
|turn|17
|
|t:|1781265958
|move|p2a: Weezing|Pain Split|p1a: Clodsire
|-sethp|p1a: Clodsire|56/100 brn|[from] move: Pain Split|[silent]
|-sethp|p2a: Weezing|72/100|[from] move: Pain Split
|move|p1a: Clodsire|Poison Jab|p2a: Weezing
|-damage|p2a: Weezing|45/100
|
|-heal|p2a: Weezing|51/100|[from] item: Black Sludge
|-heal|p1a: Clodsire|62/100 brn|[from] item: Leftovers
|-damage|p1a: Clodsire|56/100 brn|[from] brn
|upkeep
|turn|18
|
|t:|1781265963
|move|p2a: Weezing|Strange Steam|p1a: Clodsire
|-resisted|p1a: Clodsire
|-damage|p1a: Clodsire|47/100 brn
|move|p1a: Clodsire|Recover|p1a: Clodsire
|-heal|p1a: Clodsire|97/100 brn
|
|-heal|p2a: Weezing|57/100|[from] item: Black Sludge
|-heal|p1a: Clodsire|100/100 brn|[from] item: Leftovers
|-damage|p1a: Clodsire|94/100 brn|[from] brn
|upkeep
|turn|19
|
|t:|1781265973
|move|p2a: Weezing|Strange Steam|p1a: Clodsire
|-resisted|p1a: Clodsire
|-damage|p1a: Clodsire|86/100 brn
|move|p1a: Clodsire|Poison Jab|p2a: Weezing
|-damage|p2a: Weezing|30/100
|
|-heal|p2a: Weezing|36/100|[from] item: Black Sludge
|-heal|p1a: Clodsire|92/100 brn|[from] item: Leftovers
|-damage|p1a: Clodsire|86/100 brn|[from] brn
|upkeep
|turn|20
|
|t:|1781265976
|move|p2a: Weezing|Strange Steam|p1a: Clodsire
|-resisted|p1a: Clodsire
|-damage|p1a: Clodsire|78/100 brn
|move|p1a: Clodsire|Poison Jab|p2a: Weezing
|-damage|p2a: Weezing|10/100
|
|-heal|p2a: Weezing|16/100|[from] item: Black Sludge
|-heal|p1a: Clodsire|84/100 brn|[from] item: Leftovers
|-damage|p1a: Clodsire|78/100 brn|[from] brn
|upkeep
|turn|21
|
|t:|1781265979
|move|p2a: Weezing|Pain Split|p1a: Clodsire
|-sethp|p1a: Clodsire|45/100 brn|[from] move: Pain Split|[silent]
|-sethp|p2a: Weezing|59/100|[from] move: Pain Split
|move|p1a: Clodsire|Poison Jab|p2a: Weezing
|-damage|p2a: Weezing|33/100
|
|-heal|p2a: Weezing|39/100|[from] item: Black Sludge
|-heal|p1a: Clodsire|51/100 brn|[from] item: Leftovers
|-damage|p1a: Clodsire|45/100 brn|[from] brn
|upkeep
|turn|22
|
|t:|1781265982
|switch|p2a: Heatran|Heatran, M|100/100
|move|p1a: Clodsire|Poison Jab|p2a: Heatran
|-immune|p2a: Heatran
|
|-heal|p1a: Clodsire|51/100 brn|[from] item: Leftovers
|-damage|p1a: Clodsire|45/100 brn|[from] brn
|upkeep
|turn|23
|
|t:|1781265985
|move|p2a: Heatran|Earth Power|p1a: Clodsire
|-supereffective|p1a: Clodsire
|-damage|p1a: Clodsire|7/100 brn
|move|p1a: Clodsire|Recover|p1a: Clodsire
|-heal|p1a: Clodsire|57/100 brn
|
|-heal|p1a: Clodsire|63/100 brn|[from] item: Leftovers
|-damage|p1a: Clodsire|57/100 brn|[from] brn
|upkeep
|turn|24
|
|t:|1781265989
|switch|p2a: Weezing|Weezing-Galar, M, shiny|39/100
|move|p1a: Clodsire|Earthquake|p2a: Weezing
|-immune|p2a: Weezing|[from] ability: Levitate
|
|-heal|p2a: Weezing|45/100|[from] item: Black Sludge
|-heal|p1a: Clodsire|63/100 brn|[from] item: Leftovers
|-damage|p1a: Clodsire|57/100 brn|[from] brn
|upkeep
|turn|25
|
|t:|1781265993
|move|p2a: Weezing|Strange Steam|p1a: Clodsire
|-resisted|p1a: Clodsire
|-damage|p1a: Clodsire|48/100 brn
|move|p1a: Clodsire|Poison Jab|p2a: Weezing
|-damage|p2a: Weezing|18/100
|
|-heal|p2a: Weezing|24/100|[from] item: Black Sludge
|-heal|p1a: Clodsire|54/100 brn|[from] item: Leftovers
|-damage|p1a: Clodsire|48/100 brn|[from] brn
|upkeep
|turn|26
|
|t:|1781266000
|move|p2a: Weezing|Pain Split|p1a: Clodsire
|-sethp|p1a: Clodsire|33/100 brn|[from] move: Pain Split|[silent]
|-sethp|p2a: Weezing|43/100|[from] move: Pain Split
|move|p1a: Clodsire|Earthquake|p2a: Weezing
|-immune|p2a: Weezing|[from] ability: Levitate
|
|-heal|p2a: Weezing|49/100|[from] item: Black Sludge
|-heal|p1a: Clodsire|39/100 brn|[from] item: Leftovers
|-damage|p1a: Clodsire|33/100 brn|[from] brn
|upkeep
|turn|27
|
|t:|1781266004
|switch|p2a: Heatran|Heatran, M|100/100
|move|p1a: Clodsire|Recover|p1a: Clodsire
|-heal|p1a: Clodsire|83/100 brn
|
|-heal|p1a: Clodsire|89/100 brn|[from] item: Leftovers
|-damage|p1a: Clodsire|83/100 brn|[from] brn
|upkeep
|turn|28
|
|t:|1781266008
|switch|p2a: Weezing|Weezing-Galar, M, shiny|49/100
|move|p1a: Clodsire|Earthquake|p2a: Weezing
|-immune|p2a: Weezing|[from] ability: Levitate
|
|-heal|p2a: Weezing|55/100|[from] item: Black Sludge
|-heal|p1a: Clodsire|89/100 brn|[from] item: Leftovers
|-damage|p1a: Clodsire|83/100 brn|[from] brn
|upkeep
|turn|29
|
|t:|1781266011
|move|p2a: Weezing|Strange Steam|p1a: Clodsire
|-resisted|p1a: Clodsire
|-crit|p1a: Clodsire
|-damage|p1a: Clodsire|70/100 brn
|move|p1a: Clodsire|Poison Jab|p2a: Weezing
|-damage|p2a: Weezing|28/100
|
|-heal|p2a: Weezing|34/100|[from] item: Black Sludge
|-heal|p1a: Clodsire|76/100 brn|[from] item: Leftovers
|-damage|p1a: Clodsire|70/100 brn|[from] brn
|upkeep
|turn|30
|
|t:|1781266016
|move|p2a: Weezing|Pain Split|p1a: Clodsire
|-sethp|p1a: Clodsire|48/100 brn|[from] move: Pain Split|[silent]
|-sethp|p2a: Weezing|62/100|[from] move: Pain Split
|move|p1a: Clodsire|Poison Jab|p2a: Weezing
|-damage|p2a: Weezing|34/100
|
|-heal|p2a: Weezing|40/100|[from] item: Black Sludge
|-heal|p1a: Clodsire|54/100 brn|[from] item: Leftovers
|-damage|p1a: Clodsire|48/100 brn|[from] brn
|upkeep
|turn|31
|
|t:|1781266022
|move|p2a: Weezing|Defog|p1a: Clodsire
|-unboost|p1a: Clodsire|evasion|1
|move|p1a: Clodsire|Earthquake|p2a: Weezing
|-immune|p2a: Weezing|[from] ability: Levitate
|
|-heal|p2a: Weezing|46/100|[from] item: Black Sludge
|-heal|p1a: Clodsire|54/100 brn|[from] item: Leftovers
|-damage|p1a: Clodsire|48/100 brn|[from] brn
|upkeep
|turn|32
|
|t:|1781266028
|move|p2a: Weezing|Defog|p1a: Clodsire
|-unboost|p1a: Clodsire|evasion|1
|move|p1a: Clodsire|Poison Jab|p2a: Weezing
|-damage|p2a: Weezing|19/100
|
|-heal|p2a: Weezing|25/100|[from] item: Black Sludge
|-heal|p1a: Clodsire|54/100 brn|[from] item: Leftovers
|-damage|p1a: Clodsire|48/100 brn|[from] brn
|upkeep
|turn|33
|
|t:|1781266035
|move|p2a: Weezing|Will-O-Wisp|p1a: Clodsire
|-fail|p1a: Clodsire|brn
|move|p1a: Clodsire|Recover|p1a: Clodsire
|-heal|p1a: Clodsire|98/100 brn
|
|-heal|p2a: Weezing|31/100|[from] item: Black Sludge
|-heal|p1a: Clodsire|100/100 brn|[from] item: Leftovers
|-damage|p1a: Clodsire|94/100 brn|[from] brn
|upkeep
|turn|34
|
|t:|1781266039
|move|p2a: Weezing|Pain Split|p1a: Clodsire
|-sethp|p1a: Clodsire|59/100 brn|[from] move: Pain Split|[silent]
|-sethp|p2a: Weezing|77/100|[from] move: Pain Split
|move|p1a: Clodsire|Poison Jab|p2a: Weezing
|-damage|p2a: Weezing|46/100
|
|-heal|p2a: Weezing|52/100|[from] item: Black Sludge
|-heal|p1a: Clodsire|65/100 brn|[from] item: Leftovers
|-damage|p1a: Clodsire|59/100 brn|[from] brn
|upkeep
|turn|35
|
|t:|1781266044
|move|p2a: Weezing|Will-O-Wisp|p1a: Clodsire
|-fail|p1a: Clodsire|brn
|move|p1a: Clodsire|Earthquake|p2a: Weezing
|-immune|p2a: Weezing|[from] ability: Levitate
|
|-heal|p2a: Weezing|58/100|[from] item: Black Sludge
|-heal|p1a: Clodsire|65/100 brn|[from] item: Leftovers
|-damage|p1a: Clodsire|59/100 brn|[from] brn
|upkeep
|turn|36
|
|t:|1781266048
|move|p2a: Weezing|Will-O-Wisp|p1a: Clodsire
|-fail|p1a: Clodsire|brn
|move|p1a: Clodsire|Poison Jab|p2a: Weezing
|-damage|p2a: Weezing|29/100
|
|-heal|p2a: Weezing|35/100|[from] item: Black Sludge
|-heal|p1a: Clodsire|65/100 brn|[from] item: Leftovers
|-damage|p1a: Clodsire|59/100 brn|[from] brn
|upkeep
|turn|37
|
|t:|1781266053
|move|p2a: Weezing|Will-O-Wisp|p1a: Clodsire
|-fail|p1a: Clodsire|brn
|move|p1a: Clodsire|Poison Jab|p2a: Weezing
|-damage|p2a: Weezing|5/100
|
|-heal|p2a: Weezing|11/100|[from] item: Black Sludge
|-heal|p1a: Clodsire|65/100 brn|[from] item: Leftovers
|-damage|p1a: Clodsire|59/100 brn|[from] brn
|upkeep
|turn|38
|
|t:|1781266064
|move|p2a: Weezing|Pain Split|p1a: Clodsire
|-sethp|p1a: Clodsire|34/100 brn|[from] move: Pain Split|[silent]
|-sethp|p2a: Weezing|44/100|[from] move: Pain Split
|move|p1a: Clodsire|Curse|p1a: Clodsire
|
|-heal|p2a: Weezing|50/100|[from] item: Black Sludge
|-heal|p1a: Clodsire|40/100 brn|[from] item: Leftovers
|-damage|p1a: Clodsire|34/100 brn|[from] brn
|upkeep
|turn|39
|
|t:|1781266068
|move|p2a: Weezing|Defog|p1a: Clodsire
|-unboost|p1a: Clodsire|evasion|1
|move|p1a: Clodsire|Poison Jab|p2a: Weezing
|-damage|p2a: Weezing|22/100
|
|-heal|p2a: Weezing|28/100|[from] item: Black Sludge
|-heal|p1a: Clodsire|40/100 brn|[from] item: Leftovers
|-damage|p1a: Clodsire|34/100 brn|[from] brn
|upkeep
|turn|40
|
|t:|1781266071
|move|p2a: Weezing|Defog|p1a: Clodsire
|-unboost|p1a: Clodsire|evasion|1
|move|p1a: Clodsire|Earthquake|p2a: Weezing
|-immune|p2a: Weezing|[from] ability: Levitate
|
|-heal|p2a: Weezing|34/100|[from] item: Black Sludge
|-heal|p1a: Clodsire|40/100 brn|[from] item: Leftovers
|-damage|p1a: Clodsire|34/100 brn|[from] brn
|upkeep
|turn|41
|
|t:|1781266078
|switch|p2a: Heatran|Heatran, M|100/100
|move|p1a: Clodsire|Poison Jab|p2a: Heatran
|-immune|p2a: Heatran
|
|-heal|p1a: Clodsire|40/100 brn|[from] item: Leftovers
|-damage|p1a: Clodsire|34/100 brn|[from] brn
|upkeep
|turn|42
|
|t:|1781266080
|move|p2a: Heatran|Earth Power|p1a: Clodsire
|-supereffective|p1a: Clodsire
|-damage|p1a: Clodsire|0 fnt
|faint|p1a: Clodsire
|
|upkeep
|
|t:|1781266089
|switch|p1a: Meowscarada|Meowscarada, M|100/100
|turn|43
|
|t:|1781266092
|switch|p2a: Weezing|Weezing-Galar, M, shiny|34/100
|move|p1a: Meowscarada|Low Kick|p2a: Weezing
|-start|p1a: Meowscarada|typechange|Fighting|[from] ability: Protean
|-resisted|p2a: Weezing
|-damage|p2a: Weezing|30/100
|
|-heal|p2a: Weezing|36/100|[from] item: Black Sludge
|upkeep
|turn|44
|
|t:|1781266109
|switch|p1a: Hydrapple|Hydrapple, M|100/100
|move|p2a: Weezing|Will-O-Wisp|p1a: Hydrapple
|-status|p1a: Hydrapple|brn
|
|-heal|p2a: Weezing|42/100|[from] item: Black Sludge
|-damage|p1a: Hydrapple|94/100 brn|[from] brn
|upkeep
|turn|45
|
|t:|1781266115
|move|p2a: Weezing|Pain Split|p1a: Hydrapple
|-sethp|p1a: Hydrapple|64/100 brn|[from] move: Pain Split|[silent]
|-sethp|p2a: Weezing|80/100|[from] move: Pain Split
|move|p1a: Hydrapple|Leaf Storm|p2a: Weezing
|-resisted|p2a: Weezing
|-damage|p2a: Weezing|16/100
|-unboost|p1a: Hydrapple|spa|2
|
|-heal|p2a: Weezing|22/100|[from] item: Black Sludge
|-damage|p1a: Hydrapple|58/100 brn|[from] brn
|upkeep
|turn|46
|
|t:|1781266121
|switch|p2a: Primarina|Primarina, F, shiny|100/100
|switch|p1a: Alomomola|Alomomola, F|100/100
|
|upkeep
|turn|47
|
|t:|1781266124
|move|p2a: Primarina|Calm Mind|p2a: Primarina
|-boost|p2a: Primarina|spa|1
|-boost|p2a: Primarina|spd|1
|move|p1a: Alomomola|Flip Turn|p2a: Primarina
|-resisted|p2a: Primarina
|-damage|p2a: Primarina|91/100
|
|t:|1781266129
|switch|p1a: Hydrapple|Hydrapple, M|91/100 brn|[from] Flip Turn
|
|-heal|p2a: Primarina|97/100|[from] item: Leftovers
|-damage|p1a: Hydrapple|85/100 brn|[from] brn
|upkeep
|turn|48
|
|t:|1781266133
|-terastallize|p1a: Hydrapple|Steel
|move|p2a: Primarina|Draining Kiss|p1a: Hydrapple
|-resisted|p1a: Hydrapple
|-damage|p1a: Hydrapple|67/100 brn
|-heal|p2a: Primarina|100/100|[from] drain|[of] p1a: Hydrapple
|move|p1a: Hydrapple|Leaf Storm|p2a: Primarina
|-supereffective|p2a: Primarina
|-damage|p2a: Primarina|0 fnt
|-unboost|p1a: Hydrapple|spa|2
|faint|p2a: Primarina
|
|-damage|p1a: Hydrapple|61/100 brn|[from] brn
|upkeep
|
|t:|1781266136
|switch|p2a: Raging Bolt|Raging Bolt|100/100
|turn|49
|
|t:|1781266144
|switch|p1a: Meowscarada|Meowscarada, M|100/100
|move|p2a: Raging Bolt|Calm Mind|p2a: Raging Bolt
|-boost|p2a: Raging Bolt|spa|1
|-boost|p2a: Raging Bolt|spd|1
|
|upkeep
|turn|50
|
|t:|1781266151
|-terastallize|p2a: Raging Bolt|Fairy
|move|p1a: Meowscarada|Triple Axel|p2a: Raging Bolt
|-start|p1a: Meowscarada|typechange|Ice|[from] ability: Protean
|-damage|p2a: Raging Bolt|90/100
|-damage|p2a: Raging Bolt|68/100
|-damage|p2a: Raging Bolt|34/100
|-hitcount|p2a: Raging Bolt|3
|move|p2a: Raging Bolt|Dragon Pulse|p1a: Meowscarada
|-damage|p1a: Meowscarada|0 fnt
|faint|p1a: Meowscarada
|
|-heal|p2a: Raging Bolt|40/100|[from] item: Leftovers
|upkeep
|
|t:|1781266171
|switch|p1a: Weezing|Weezing-Galar, F|100/100
|-ability|p1a: Weezing|Neutralizing Gas
|turn|51
|-message|zozotown forfeited.
|
|win|isaac_gam3r
|raw|zozotown's rating: 1744 &rarr; <strong>1726</strong><br />(-18 for losing)
|raw|isaac_gam3r's rating: 1786 &rarr; <strong>1804</strong><br />(+18 for winning)
|l|‽zozotown
|player|p1|
|l|☆isaac_gam3r
|player|p2|
