|j|☆alxiz⏣⏑⏣
|j|☆bopy1234a
|t:|1781593663
|gametype|singles
|player|p1|alxiz⏣⏑⏣|miku-fire|1560
|player|p2|bopy1234a|palmer|1520
|gen|9
|tier|[Gen 9] OU
|rated|
|rule|HP Percentage Mod: HP is shown in percentages
|rule|Endless Battle Clause: Forcing endless battles is banned
|rule|Species Clause: Limit one of each Pokémon
|rule|OHKO Clause: OHKO moves are banned
|rule|Evasion Items Clause: Evasion items are banned
|rule|Evasion Moves Clause: Evasion moves are banned
|rule|Evasion Abilities Clause: Evasion abilities are banned
|rule|Sleep Moves Clause: Sleep-inducing moves are banned
|clearpoke
|poke|p1|Heatran, M|
|poke|p1|Ogerpon-Wellspring, F|
|poke|p1|Great Tusk|
|poke|p1|Kingambit, M|
|poke|p1|Cresselia, F|
|poke|p1|Dragapult, M|
|poke|p2|Slowking, F|
|poke|p2|Kingambit, F|
|poke|p2|Iron Treads|
|poke|p2|Ogerpon-Wellspring, F|
|poke|p2|Dragonite, M|
|poke|p2|Zapdos|
|teampreview
|inactive|Battle timer is ON: inactive players will automatically lose when time's up. (requested by alxiz⏣⏑⏣)
|c|☆alxiz⏣⏑⏣|hf
|
|t:|1781593684
|teamsize|p1|6
|teamsize|p2|6
|start
|switch|p1a: Ogerpon|Ogerpon-Wellspring, F|100/100
|switch|p2a: Iron Treads|Iron Treads|100/100
|turn|1
|
|t:|1781593694
|-end|p2a: Iron Treads|Quark Drive|[silent]
|switch|p2a: Zapdos|Zapdos|100/100
|move|p1a: Ogerpon|Ivy Cudgel|p2a: Zapdos|[anim] Ivy Cudgel Water
|-damage|p2a: Zapdos|56/100
|
|upkeep
|turn|2
|
|t:|1781593708
|move|p1a: Ogerpon|Ivy Cudgel|p2a: Zapdos|[anim] Ivy Cudgel Water
|-damage|p2a: Zapdos|12/100
|move|p2a: Zapdos|Roost|p2a: Zapdos
|-heal|p2a: Zapdos|62/100
|-singleturn|p2a: Zapdos|move: Roost
|
|upkeep
|turn|3
|
|t:|1781593737
|move|p1a: Ogerpon|Ivy Cudgel|p2a: Zapdos|[anim] Ivy Cudgel Water
|-damage|p2a: Zapdos|15/100
|move|p2a: Zapdos|U-turn|p1a: Ogerpon
|-supereffective|p1a: Ogerpon
|-damage|p1a: Ogerpon|64/100
|inactive|bopy1234a has 120 seconds left.
|inactive|bopy1234a has 90 seconds left.
|
|t:|1781593784
|switch|p2a: Kingambit|Kingambit, F|100/100|[from] U-turn
|
|upkeep
|turn|4
|inactive|bopy1234a has 90 seconds left.
|
|t:|1781593792
|move|p1a: Ogerpon|Ivy Cudgel|p2a: Kingambit|[anim] Ivy Cudgel Water
|-damage|p2a: Kingambit|55/100
|move|p2a: Kingambit|Low Kick|p1a: Ogerpon
|-damage|p1a: Ogerpon|33/100
|
|upkeep
|turn|5
|
|t:|1781593800
|move|p2a: Kingambit|Sucker Punch|p1a: Ogerpon
|-damage|p1a: Ogerpon|0 fnt
|faint|p1a: Ogerpon
|
|upkeep
|
|t:|1781593802
|switch|p1a: Heatran|Heatran, M|100/100
|-item|p1a: Heatran|Air Balloon
|turn|6
|
|t:|1781593814
|-end|p2a: Kingambit|fallenundefined|[silent]
|switch|p2a: Slowking|Slowking, F|100/100
|move|p1a: Heatran|Magma Storm|p2a: Slowking
|-resisted|p2a: Slowking
|-damage|p2a: Slowking|87/100
|-activate|p2a: Slowking|move: Magma Storm|[of] p1a: Heatran
|
|-damage|p2a: Slowking|75/100|[from] move: Magma Storm|[partiallytrapped]
|upkeep
|turn|7
|
|t:|1781593821
|move|p1a: Heatran|Stealth Rock|p2a: Slowking
|-sidestart|p2: bopy1234a|move: Stealth Rock
|move|p2a: Slowking|Scald|p1a: Heatran
|-supereffective|p1a: Heatran
|-damage|p1a: Heatran|64/100
|-enditem|p1a: Heatran|Air Balloon
|
|-damage|p2a: Slowking|62/100|[from] move: Magma Storm|[partiallytrapped]
|upkeep
|turn|8
|
|t:|1781593832
|move|p1a: Heatran|Earth Power|p2a: Slowking
|-crit|p2a: Slowking
|-damage|p2a: Slowking|40/100
|-prepare|p2a: Slowking|Chilly Reception|[premajor]
|move|p2a: Slowking|Chilly Reception|p2a: Slowking
|-weather|Snowscape
|
|t:|1781593836
|switch|p2a: Iron Treads|Iron Treads|100/100|[from] Chilly Reception
|-damage|p2a: Iron Treads|98/100|[from] Stealth Rock
|
|-weather|Snowscape|[upkeep]
|-heal|p2a: Iron Treads|100/100|[from] item: Leftovers
|upkeep
|turn|9
|
|t:|1781593843
|move|p2a: Iron Treads|Earthquake|p1a: Heatran
|-supereffective|p1a: Heatran
|-damage|p1a: Heatran|0 fnt
|faint|p1a: Heatran
|
|-weather|Snowscape|[upkeep]
|upkeep
|
|t:|1781593857
|switch|p1a: Great Tusk|Great Tusk|100/100
|-enditem|p1a: Great Tusk|Booster Energy
|-activate|p1a: Great Tusk|ability: Protosynthesis|[fromitem]
|-start|p1a: Great Tusk|protosynthesisatk
|turn|10
|inactive|bopy1234a has 120 seconds left.
|
|t:|1781593870
|-end|p2a: Iron Treads|Quark Drive|[silent]
|switch|p2a: Zapdos|Zapdos|15/100
|move|p1a: Great Tusk|Rapid Spin|p2a: Zapdos
|-damage|p2a: Zapdos|0 fnt
|-boost|p1a: Great Tusk|spe|1
|faint|p2a: Zapdos
|
|-weather|Snowscape|[upkeep]
|upkeep
|inactive|bopy1234a has 120 seconds left.
|
|t:|1781593889
|switch|p2a: Slowking|Slowking, F|73/100
|-damage|p2a: Slowking|61/100|[from] Stealth Rock
|turn|11
|
|t:|1781593894
|move|p1a: Great Tusk|Headlong Rush|p2a: Slowking
|-damage|p2a: Slowking|0 fnt
|-unboost|p1a: Great Tusk|def|1
|-unboost|p1a: Great Tusk|spd|1
|-damage|p1a: Great Tusk|84/100|[from] item: Rocky Helmet|[of] p2a: Slowking
|faint|p2a: Slowking
|
|-weather|Snowscape|[upkeep]
|upkeep
|
|t:|1781593906
|switch|p2a: Dragonite|Dragonite, M|100/100
|turn|12
|inactive|bopy1234a has 90 seconds left.
|inactive|bopy1234a has 60 seconds left.
|
|t:|1781593971
|-terastallize|p2a: Dragonite|Normal
|move|p1a: Great Tusk|Ice Spinner|p2a: Dragonite
|-damage|p2a: Dragonite|80/100
|move|p2a: Dragonite|Ice Spinner|p1a: Great Tusk
|-supereffective|p1a: Great Tusk
|-damage|p1a: Great Tusk|27/100
|
|-weather|none
|upkeep
|turn|13
|
|t:|1781593978
|move|p2a: Dragonite|Extreme Speed|p1a: Great Tusk
|-damage|p1a: Great Tusk|0 fnt
|faint|p1a: Great Tusk
|-end|p1a: Great Tusk|Protosynthesis|[silent]
|
|upkeep
|
|t:|1781593984
|switch|p1a: Dragapult|Dragapult, M|100/100
|turn|14
|
|t:|1781593987
|switch|p2a: Iron Treads|Iron Treads|100/100
|-damage|p2a: Iron Treads|98/100|[from] Stealth Rock
|move|p1a: Dragapult|Will-O-Wisp|p2a: Iron Treads
|-status|p2a: Iron Treads|brn
|
|-heal|p2a: Iron Treads|100/100 brn|[from] item: Leftovers
|-damage|p2a: Iron Treads|94/100 brn|[from] brn
|upkeep
|turn|15
|
|t:|1781593999
|move|p1a: Dragapult|Hex|p2a: Iron Treads
|-damage|p2a: Iron Treads|37/100 brn
|move|p2a: Iron Treads|Ice Spinner|p1a: Dragapult
|-supereffective|p1a: Dragapult
|-damage|p1a: Dragapult|71/100
|
|-heal|p2a: Iron Treads|43/100 brn|[from] item: Leftovers
|-damage|p2a: Iron Treads|37/100 brn|[from] brn
|upkeep
|turn|16
|
|t:|1781594005
|move|p1a: Dragapult|Hex|p2a: Iron Treads
|-damage|p2a: Iron Treads|0 fnt
|faint|p2a: Iron Treads
|-end|p2a: Iron Treads|Quark Drive|[silent]
|
|upkeep
|
|t:|1781594008
|switch|p2a: Kingambit|Kingambit, F|55/100
|-damage|p2a: Kingambit|49/100|[from] Stealth Rock
|-activate|p2a: Kingambit|ability: Supreme Overlord
|-start|p2a: Kingambit|fallen3|[silent]
|turn|17
|
|t:|1781594013
|move|p1a: Dragapult|Will-O-Wisp|p2a: Kingambit|[miss]
|-miss|p1a: Dragapult|p2a: Kingambit
|move|p2a: Kingambit|Kowtow Cleave|p1a: Dragapult
|-supereffective|p1a: Dragapult
|-damage|p1a: Dragapult|0 fnt
|faint|p1a: Dragapult
|
|upkeep
|
|t:|1781594024
|switch|p1a: Cresselia|Cresselia, F|100/100
|turn|18
|inactive|bopy1234a has 90 seconds left.
|
|t:|1781594053
|-end|p2a: Kingambit|fallen3|[silent]
|switch|p2a: Ogerpon|Ogerpon-Wellspring, F|100/100
|-damage|p2a: Ogerpon|88/100|[from] Stealth Rock
|-terastallize|p1a: Cresselia|Fairy
|move|p1a: Cresselia|Calm Mind|p1a: Cresselia
|-boost|p1a: Cresselia|spa|1
|-boost|p1a: Cresselia|spd|1
|
|upkeep
|turn|19
|
|t:|1781594058
|switch|p1a: Kingambit|Kingambit, M|100/100
|-activate|p1a: Kingambit|ability: Supreme Overlord
|-start|p1a: Kingambit|fallen4|[silent]
|move|p2a: Ogerpon|Swords Dance|p2a: Ogerpon
|-boost|p2a: Ogerpon|atk|2
|
|upkeep
|turn|20
|
|t:|1781594067
|move|p2a: Ogerpon|Ivy Cudgel|p1a: Kingambit|[anim] Ivy Cudgel Water
|-damage|p1a: Kingambit|12/100
|move|p1a: Kingambit|Kowtow Cleave|p2a: Ogerpon
|-damage|p2a: Ogerpon|0 fnt
|faint|p2a: Ogerpon
|
|upkeep
|
|t:|1781594083
|switch|p2a: Dragonite|Dragonite, M, tera:Normal|80/100
|turn|21
|
|t:|1781594086
|move|p2a: Dragonite|Extreme Speed|p1a: Kingambit
|-resisted|p1a: Kingambit
|-damage|p1a: Kingambit|0 fnt
|faint|p1a: Kingambit
|-end|p1a: Kingambit|fallen4|[silent]
|
|upkeep
|
|t:|1781594090
|switch|p1a: Cresselia|Cresselia, F, tera:Fairy|100/100
|turn|22
|
|t:|1781594103
|move|p2a: Dragonite|Dragon Dance|p2a: Dragonite
|-boost|p2a: Dragonite|atk|1
|-boost|p2a: Dragonite|spe|1
|move|p1a: Cresselia|Calm Mind|p1a: Cresselia
|-boost|p1a: Cresselia|spa|1
|-boost|p1a: Cresselia|spd|1
|
|upkeep
|turn|23
|
|t:|1781594108
|move|p2a: Dragonite|Dragon Dance|p2a: Dragonite
|-boost|p2a: Dragonite|atk|1
|-boost|p2a: Dragonite|spe|1
|move|p1a: Cresselia|Moonblast|p2a: Dragonite
|-damage|p2a: Dragonite|29/100
|-unboost|p2a: Dragonite|spa|1
|
|upkeep
|turn|24
|inactive|bopy1234a has 120 seconds left.
|
|t:|1781594117
|move|p2a: Dragonite|Extreme Speed|p1a: Cresselia
|-damage|p1a: Cresselia|38/100
|move|p1a: Cresselia|Moonblast|p2a: Dragonite
|-damage|p2a: Dragonite|0 fnt
|faint|p2a: Dragonite
|
|-heal|p1a: Cresselia|44/100|[from] item: Leftovers
|upkeep
|
|t:|1781594121
|switch|p2a: Kingambit|Kingambit, F|49/100
|-damage|p2a: Kingambit|42/100|[from] Stealth Rock
|-activate|p2a: Kingambit|ability: Supreme Overlord
|-start|p2a: Kingambit|fallen5|[silent]
|turn|25
|inactive|bopy1234a has 120 seconds left.
|inactive|bopy1234a has 90 seconds left.
|
|t:|1781594177
|move|p1a: Cresselia|Lunar Blessing|p1a: Cresselia
|-heal|p1a: Cresselia|69/100
|move|p2a: Kingambit|Kowtow Cleave|p1a: Cresselia
|-resisted|p1a: Cresselia
|-damage|p1a: Cresselia|36/100
|
|-heal|p1a: Cresselia|42/100|[from] item: Leftovers
|upkeep
|turn|26
|
|t:|1781594188
|move|p1a: Cresselia|Moonblast|p2a: Kingambit
|-crit|p2a: Kingambit
|-damage|p2a: Kingambit|0 fnt
|faint|p2a: Kingambit
|-end|p2a: Kingambit|fallen5|[silent]
|
|win|alxiz⏣⏑⏣
|raw|alxiz⏣⏑⏣'s rating: 1560 &rarr; <strong>1578</strong><br />(+18 for winning)
|raw|bopy1234a's rating: 1520 &rarr; <strong>1502</strong><br />(-18 for losing)
|l|☆bopy1234a
|player|p2|
