|j|☆BlackStar150520
|j|‽Ausar489
|t:|1781345309
|gametype|singles
|player|p1|BlackStar150520|unknown|1736
|player|p2|Ausar489|lucas-gen4pt|1605
|gen|9
|tier|[Gen 9] OU
|rated|
|rule|HP Percentage Mod: HP is shown in percentages
|rule|Endless Battle Clause: Forcing endless battles is banned
|rule|Species Clause: Limit one of each Pokémon
|rule|OHKO Clause: OHKO moves are banned
|rule|Evasion Items Clause: Evasion items are banned
|rule|Evasion Moves Clause: Evasion moves are banned
|rule|Evasion Abilities Clause: Evasion abilities are banned
|rule|Sleep Moves Clause: Sleep-inducing moves are banned
|clearpoke
|poke|p1|Great Tusk|
|poke|p1|Samurott-Hisui, F|
|poke|p1|Dragapult, F|
|poke|p1|Raging Bolt|
|poke|p1|Kingambit, M|
|poke|p1|Heatran, M|
|poke|p2|Ceruledge, M|
|poke|p2|Torkoal, F|
|poke|p2|Great Tusk|
|poke|p2|Walking Wake|
|poke|p2|Venusaur, M|
|poke|p2|Hatterene, F|
|teampreview
|inactive|Battle timer is ON: inactive players will automatically lose when time's up. (requested by BlackStar150520)
|inactive|Ausar489 also wants the timer to be on.
|
|t:|1781345318
|teamsize|p1|6
|teamsize|p2|6
|start
|switch|p1a: Zanpakuto|Samurott-Hisui, F|100/100
|switch|p2a: Torkoal|Torkoal, F|100/100
|-weather|SunnyDay|[from] ability: Drought|[of] p2a: Torkoal
|turn|1
|
|t:|1781345323
|switch|p2a: Hatterene|Hatterene, F|100/100
|move|p1a: Zanpakuto|Ceaseless Edge|p2a: Hatterene
|-damage|p2a: Hatterene|64/100
|-sidestart|p2: Ausar489|Spikes
|-enditem|p2a: Hatterene|Eject Button
|
|t:|1781345327
|switch|p2a: Great Tusk|Great Tusk|100/100
|-damage|p2a: Great Tusk|88/100|[from] Spikes
|-activate|p2a: Great Tusk|ability: Protosynthesis
|-start|p2a: Great Tusk|protosynthesisatk
|
|-weather|SunnyDay|[upkeep]
|upkeep
|turn|2
|
|t:|1781345337
|switch|p1a: Mega Donphan|Great Tusk|100/100
|-activate|p1a: Mega Donphan|ability: Protosynthesis
|-start|p1a: Mega Donphan|protosynthesisatk
|move|p2a: Great Tusk|Rapid Spin|p1a: Mega Donphan
|-damage|p1a: Mega Donphan|84/100
|-boost|p2a: Great Tusk|spe|1
|-sideend|p2: Ausar489|Spikes|[from] move: Rapid Spin|[of] p2a: Great Tusk
|
|-weather|SunnyDay|[upkeep]
|upkeep
|turn|3
|
|t:|1781345344
|move|p2a: Great Tusk|Ice Spinner|p1a: Mega Donphan
|-supereffective|p1a: Mega Donphan
|-damage|p1a: Mega Donphan|27/100
|move|p1a: Mega Donphan|Rapid Spin|p2a: Great Tusk
|-damage|p2a: Great Tusk|72/100
|-boost|p1a: Mega Donphan|spe|1
|
|-weather|SunnyDay|[upkeep]
|upkeep
|turn|4
|
|t:|1781345354
|move|p1a: Mega Donphan|Stealth Rock|p2a: Great Tusk
|-sidestart|p2: Ausar489|move: Stealth Rock
|move|p2a: Great Tusk|Rapid Spin|p1a: Mega Donphan
|-damage|p1a: Mega Donphan|9/100
|-boost|p2a: Great Tusk|spe|1
|-sideend|p2: Ausar489|Stealth Rock|[from] move: Rapid Spin|[of] p2a: Great Tusk
|
|-weather|SunnyDay|[upkeep]
|upkeep
|turn|5
|
|t:|1781345360
|move|p2a: Great Tusk|Ice Spinner|p1a: Mega Donphan
|-supereffective|p1a: Mega Donphan
|-damage|p1a: Mega Donphan|0 fnt
|faint|p1a: Mega Donphan
|-end|p1a: Mega Donphan|Protosynthesis|[silent]
|
|-weather|SunnyDay|[upkeep]
|upkeep
|
|t:|1781345389
|switch|p1a: ❤️‍🔥|Heatran, M, shiny|100/100
|turn|6
|
|t:|1781345405
|move|p1a: ❤️‍🔥|Protect|p1a: ❤️‍🔥
|-singleturn|p1a: ❤️‍🔥|Protect
|move|p2a: Great Tusk|Headlong Rush|p1a: ❤️‍🔥
|-activate|p1a: ❤️‍🔥|move: Protect
|
|-weather|SunnyDay|[upkeep]
|upkeep
|turn|7
|
|t:|1781345410
|-terastallize|p1a: ❤️‍🔥|Bug
|move|p2a: Great Tusk|Headlong Rush|p1a: ❤️‍🔥
|-resisted|p1a: ❤️‍🔥
|-damage|p1a: ❤️‍🔥|65/100
|-unboost|p2a: Great Tusk|def|1
|-unboost|p2a: Great Tusk|spd|1
|move|p1a: ❤️‍🔥|Magma Storm|p2a: Great Tusk
|-damage|p2a: Great Tusk|0 fnt
|faint|p2a: Great Tusk
|-end|p2a: Great Tusk|Protosynthesis|[silent]
|
|-weather|SunnyDay|[upkeep]
|-heal|p1a: ❤️‍🔥|71/100|[from] item: Leftovers
|upkeep
|
|t:|1781345420
|switch|p2a: Walking Wake|Walking Wake|100/100
|-activate|p2a: Walking Wake|ability: Protosynthesis
|-start|p2a: Walking Wake|protosynthesisspe
|turn|8
|
|t:|1781345426
|move|p1a: ❤️‍🔥|Protect|p1a: ❤️‍🔥
|-singleturn|p1a: ❤️‍🔥|Protect
|move|p2a: Walking Wake|Hydro Steam|p1a: ❤️‍🔥
|-activate|p1a: ❤️‍🔥|move: Protect
|
|-weather|none
|-end|p2a: Walking Wake|Protosynthesis
|-heal|p1a: ❤️‍🔥|77/100|[from] item: Leftovers
|upkeep
|turn|9
|
|t:|1781345431
|-end|p2a: Walking Wake|Protosynthesis|[silent]
|switch|p2a: Hatterene|Hatterene, F|64/100
|switch|p1a: Zanpakuto|Samurott-Hisui, F|100/100
|
|upkeep
|turn|10
|
|t:|1781345435
|move|p1a: Zanpakuto|Ceaseless Edge|p2a: Hatterene
|-damage|p2a: Hatterene|28/100
|-sidestart|p2: Ausar489|Spikes
|move|p2a: Hatterene|Healing Wish|p2a: Hatterene
|faint|p2a: Hatterene
|
|upkeep
|
|t:|1781345439
|switch|p2a: Torkoal|Torkoal, F|100/100
|-damage|p2a: Torkoal|88/100|[from] Spikes
|-weather|SunnyDay|[from] ability: Drought|[of] p2a: Torkoal
|turn|11
|
|t:|1781345441
|switch|p1a: DraGhost|Dragapult, F|100/100
|move|p2a: Torkoal|Rapid Spin|p1a: DraGhost
|-immune|p1a: DraGhost
|
|-weather|SunnyDay|[upkeep]
|upkeep
|turn|12
|
|t:|1781345449
|switch|p2a: Venusaur|Venusaur, M|100/100
|-damage|p2a: Venusaur|88/100|[from] Spikes
|move|p1a: DraGhost|Substitute|p1a: DraGhost
|-start|p1a: DraGhost|Substitute
|-damage|p1a: DraGhost|76/100
|
|-weather|SunnyDay|[upkeep]
|-heal|p1a: DraGhost|82/100|[from] item: Leftovers
|upkeep
|turn|13
|
|t:|1781345455
|move|p2a: Venusaur|Giga Drain|p1a: DraGhost
|-resisted|p1a: DraGhost
|-end|p1a: DraGhost|Substitute
|-heal|p2a: Venusaur|100/100|[from] drain|[of] p1a: DraGhost
|-damage|p2a: Venusaur|91/100|[from] item: Life Orb
|move|p1a: DraGhost|Thunder Wave|p2a: Venusaur
|-status|p2a: Venusaur|par
|
|-weather|SunnyDay|[upkeep]
|-heal|p1a: DraGhost|88/100|[from] item: Leftovers
|upkeep
|turn|14
|
|t:|1781345466
|move|p1a: DraGhost|Hex|p2a: Venusaur
|-damage|p2a: Venusaur|21/100 par
|move|p2a: Venusaur|Sludge Bomb|p1a: DraGhost
|-resisted|p1a: DraGhost
|-damage|p1a: DraGhost|52/100
|-damage|p2a: Venusaur|11/100 par|[from] item: Life Orb
|
|-weather|SunnyDay|[upkeep]
|-heal|p1a: DraGhost|58/100|[from] item: Leftovers
|upkeep
|turn|15
|
|t:|1781345472
|move|p1a: DraGhost|Hex|p2a: Venusaur
|-damage|p2a: Venusaur|0 fnt
|faint|p2a: Venusaur
|
|-weather|SunnyDay|[upkeep]
|-heal|p1a: DraGhost|64/100|[from] item: Leftovers
|upkeep
|
|t:|1781345483
|switch|p2a: Walking Wake|Walking Wake|100/100
|-damage|p2a: Walking Wake|88/100|[from] Spikes
|-activate|p2a: Walking Wake|ability: Protosynthesis
|-start|p2a: Walking Wake|protosynthesisspe
|turn|16
|
|t:|1781345492
|switch|p1a: Sosuke Aizen🗡️|Kingambit, M, shiny|100/100
|-activate|p1a: Sosuke Aizen🗡️|ability: Supreme Overlord
|-start|p1a: Sosuke Aizen🗡️|fallen1|[silent]
|-terastallize|p2a: Walking Wake|Water
|move|p2a: Walking Wake|Hydro Steam|p1a: Sosuke Aizen🗡️
|-damage|p1a: Sosuke Aizen🗡️|0 fnt
|faint|p1a: Sosuke Aizen🗡️
|-end|p1a: Sosuke Aizen🗡️|fallen1|[silent]
|
|-weather|SunnyDay|[upkeep]
|upkeep
|
|t:|1781345499
|switch|p1a: ⚡️|Raging Bolt|100/100
|-activate|p1a: ⚡️|ability: Protosynthesis
|-start|p1a: ⚡️|protosynthesisspa
|turn|17
|
|t:|1781345503
|-end|p2a: Walking Wake|Protosynthesis|[silent]
|switch|p2a: Ceruledge|Ceruledge, M|100/100
|-damage|p2a: Ceruledge|88/100|[from] Spikes
|move|p1a: ⚡️|Thunderbolt|p2a: Ceruledge
|-damage|p2a: Ceruledge|10/100
|
|-weather|SunnyDay|[upkeep]
|upkeep
|turn|18
|
|t:|1781345511
|-end|p1a: ⚡️|Protosynthesis|[silent]
|switch|p1a: Zanpakuto|Samurott-Hisui, F|100/100
|move|p2a: Ceruledge|Shadow Sneak|p1a: Zanpakuto
|-resisted|p1a: Zanpakuto
|-damage|p1a: Zanpakuto|87/100
|
|-weather|none
|upkeep
|turn|19
|
|t:|1781345515
|switch|p2a: Torkoal|Torkoal, F|88/100
|-heal|p2a: Torkoal|100/100|[from] move: Healing Wish
|-damage|p2a: Torkoal|88/100|[from] Spikes
|-weather|SunnyDay|[from] ability: Drought|[of] p2a: Torkoal
|move|p1a: Zanpakuto|Flip Turn|p2a: Torkoal
|-supereffective|p2a: Torkoal
|-damage|p2a: Torkoal|65/100
|
|t:|1781345517
|switch|p1a: ⚡️|Raging Bolt|100/100|[from] Flip Turn
|-activate|p1a: ⚡️|ability: Protosynthesis
|-start|p1a: ⚡️|protosynthesisspa
|
|-weather|SunnyDay|[upkeep]
|upkeep
|turn|20
|
|t:|1781345521
|move|p1a: ⚡️|Thunderbolt|p2a: Torkoal
|-damage|p2a: Torkoal|0 fnt
|faint|p2a: Torkoal
|
|-weather|SunnyDay|[upkeep]
|upkeep
|
|t:|1781345527
|switch|p2a: Walking Wake|Walking Wake, tera:Water|88/100
|-damage|p2a: Walking Wake|76/100|[from] Spikes
|-activate|p2a: Walking Wake|ability: Protosynthesis
|-start|p2a: Walking Wake|protosynthesisspe
|turn|21
|-message|Ausar489 forfeited.
|
|win|BlackStar150520
|raw|BlackStar150520's rating: 1736 &rarr; <strong>1749</strong><br />(+13 for winning)
|raw|Ausar489's rating: 1605 &rarr; <strong>1592</strong><br />(-13 for losing)
|l|‽Ausar489
|player|p2|
|l|☆BlackStar150520
|player|p1|
