|j|☆bsp1
|j|☆fifodrummer
|t:|1781078697
|gametype|singles
|player|p1|bsp1|266|1671
|player|p2|fifodrummer|pokemaniac|1546
|gen|9
|tier|[Gen 9] OU
|rated|
|rule|HP Percentage Mod: HP is shown in percentages
|rule|Endless Battle Clause: Forcing endless battles is banned
|rule|Species Clause: Limit one of each Pokémon
|rule|OHKO Clause: OHKO moves are banned
|rule|Evasion Items Clause: Evasion items are banned
|rule|Evasion Moves Clause: Evasion moves are banned
|rule|Evasion Abilities Clause: Evasion abilities are banned
|rule|Sleep Moves Clause: Sleep-inducing moves are banned
|clearpoke
|poke|p1|Walking Wake|
|poke|p1|Cresselia, F|
|poke|p1|Ninetales, M|
|poke|p1|Zarude|
|poke|p1|Ceruledge, M|
|poke|p1|Great Tusk|
|poke|p2|Pelipper, M|
|poke|p2|Raging Bolt|
|poke|p2|Overqwil, M|
|poke|p2|Ogerpon-Wellspring, F|
|poke|p2|Scizor, M|
|poke|p2|Kingdra, F|
|teampreview
|inactive|Battle timer is ON: inactive players will automatically lose when time's up. (requested by fifodrummer)
|
|t:|1781078729
|teamsize|p1|6
|teamsize|p2|6
|start
|switch|p1a: Great Tusk|Great Tusk|100/100
|switch|p2a: High AF|Raging Bolt|100/100
|turn|1
|
|t:|1781078736
|move|p2a: High AF|Dragon Pulse|p1a: Great Tusk
|-damage|p1a: Great Tusk|56/100
|move|p1a: Great Tusk|Headlong Rush|p2a: High AF
|-supereffective|p2a: High AF
|-damage|p2a: High AF|0 fnt
|-unboost|p1a: Great Tusk|def|1
|-unboost|p1a: Great Tusk|spd|1
|faint|p2a: High AF
|-end|p2a: High AF|Protosynthesis|[silent]
|
|upkeep
|
|t:|1781078745
|switch|p2a: The Mask|Ogerpon-Wellspring, F|100/100
|turn|2
|
|t:|1781078750
|-end|p1a: Great Tusk|Protosynthesis|[silent]
|switch|p1a: Ninetales|Ninetales, M|100/100
|-weather|SunnyDay|[from] ability: Drought|[of] p1a: Ninetales
|move|p2a: The Mask|Swords Dance|p2a: The Mask
|-boost|p2a: The Mask|atk|2
|
|-weather|SunnyDay|[upkeep]
|upkeep
|turn|3
|
|t:|1781078767
|switch|p1a: Walking Wake|Walking Wake|100/100
|-activate|p1a: Walking Wake|ability: Protosynthesis
|-start|p1a: Walking Wake|protosynthesisspe
|-terastallize|p2a: The Mask|Water
|detailschange|p2a: The Mask|Ogerpon-Wellspring-Tera, F, tera:Water
|-ability|p2a: The Mask|Embody Aspect (Wellspring)|boost
|-boost|p2a: The Mask|spd|1
|move|p2a: The Mask|Ivy Cudgel|p1a: Walking Wake|[anim] Ivy Cudgel Water
|-resisted|p1a: Walking Wake
|-damage|p1a: Walking Wake|78/100
|
|-weather|SunnyDay|[upkeep]
|upkeep
|turn|4
|inactive|bsp1 has 120 seconds left.
|j| ILoveGardevoirRah
|
|t:|1781078798
|move|p1a: Walking Wake|Draco Meteor|p2a: The Mask
|-damage|p2a: The Mask|47/100
|-unboost|p1a: Walking Wake|spa|2
|move|p2a: The Mask|Horn Leech|p1a: Walking Wake
|-damage|p1a: Walking Wake|0 fnt
|-heal|p2a: The Mask|91/100|[from] drain|[of] p1a: Walking Wake
|faint|p1a: Walking Wake
|-end|p1a: Walking Wake|Protosynthesis|[silent]
|
|-weather|SunnyDay|[upkeep]
|upkeep
|
|t:|1781078811
|switch|p1a: Zarude|Zarude|100/100
|turn|5
|j| hattybatty304
|
|t:|1781078815
|move|p2a: The Mask|Ivy Cudgel|p1a: Zarude|[anim] Ivy Cudgel Water
|-resisted|p1a: Zarude
|-damage|p1a: Zarude|63/100
|move|p1a: Zarude|Power Whip|p2a: The Mask
|-supereffective|p2a: The Mask
|-damage|p2a: The Mask|0 fnt
|faint|p2a: The Mask
|detailschange|p2: The Mask|Ogerpon-Wellspring, F|[silent]
|
|-weather|SunnyDay|[upkeep]
|-heal|p1a: Zarude|69/100|[from] item: Leftovers
|upkeep
|
|t:|1781078826
|switch|p2a: Spike|Overqwil, M, shiny|100/100
|turn|6
|
|t:|1781078833
|switch|p1a: Great Tusk|Great Tusk|56/100
|-activate|p1a: Great Tusk|ability: Protosynthesis
|-start|p1a: Great Tusk|protosynthesisatk
|move|p2a: Spike|Fell Stinger|p1a: Great Tusk
|-resisted|p1a: Great Tusk
|-damage|p1a: Great Tusk|48/100
|-damage|p2a: Spike|91/100|[from] item: Life Orb
|
|-weather|SunnyDay|[upkeep]
|upkeep
|turn|7
|
|t:|1781078847
|switch|p2a: Nigel|Pelipper, M|100/100
|-weather|RainDance|[from] ability: Drizzle|[of] p2a: Nigel
|-end|p1a: Great Tusk|Protosynthesis
|move|p1a: Great Tusk|Close Combat|p2a: Nigel
|-resisted|p2a: Nigel
|-damage|p2a: Nigel|64/100
|-unboost|p1a: Great Tusk|def|1
|-unboost|p1a: Great Tusk|spd|1
|
|-weather|RainDance|[upkeep]
|upkeep
|turn|8
|
|t:|1781078858
|-end|p1a: Great Tusk|Protosynthesis|[silent]
|switch|p1a: Ninetales|Ninetales, M|100/100
|-weather|SunnyDay|[from] ability: Drought|[of] p1a: Ninetales
|move|p2a: Nigel|Surf|p1a: Ninetales
|-supereffective|p1a: Ninetales
|-damage|p1a: Ninetales|73/100
|
|-weather|SunnyDay|[upkeep]
|upkeep
|turn|9
|
|t:|1781078869
|switch|p1a: Zarude|Zarude|69/100
|move|p2a: Nigel|U-turn|p1a: Zarude
|-supereffective|p1a: Zarude
|-damage|p1a: Zarude|35/100
|
|t:|1781078874
|switch|p2a: Iron Claw|Scizor, M, shiny|100/100|[from] U-turn
|
|-weather|SunnyDay|[upkeep]
|-heal|p1a: Zarude|41/100|[from] item: Leftovers
|upkeep
|turn|10
|
|t:|1781078890
|-terastallize|p1a: Zarude|Poison
|move|p1a: Zarude|Synthesis|p1a: Zarude
|-heal|p1a: Zarude|100/100
|move|p2a: Iron Claw|Swords Dance|p2a: Iron Claw
|-boost|p2a: Iron Claw|atk|2
|
|-weather|SunnyDay|[upkeep]
|upkeep
|turn|11
|
|t:|1781078899
|move|p1a: Zarude|Knock Off|p2a: Iron Claw
|-damage|p2a: Iron Claw|50/100
|-enditem|p2a: Iron Claw|Heavy-Duty Boots|[from] move: Knock Off|[of] p1a: Zarude
|move|p2a: Iron Claw|Dual Wingbeat|p1a: Zarude
|-damage|p1a: Zarude|60/100
|-damage|p1a: Zarude|18/100
|-hitcount|p1a: Zarude|2
|
|-weather|SunnyDay|[upkeep]
|-heal|p1a: Zarude|24/100|[from] item: Leftovers
|upkeep
|turn|12
|
|t:|1781078920
|move|p2a: Iron Claw|Bullet Punch|p1a: Zarude
|-damage|p1a: Zarude|0 fnt
|faint|p1a: Zarude
|
|-weather|SunnyDay|[upkeep]
|upkeep
|
|t:|1781078922
|switch|p1a: Ninetales|Ninetales, M|73/100
|turn|13
|
|t:|1781078928
|move|p2a: Iron Claw|Bullet Punch|p1a: Ninetales
|-resisted|p1a: Ninetales
|-damage|p1a: Ninetales|26/100
|move|p1a: Ninetales|Overheat|p2a: Iron Claw
|-supereffective|p2a: Iron Claw
|-damage|p2a: Iron Claw|0 fnt
|-unboost|p1a: Ninetales|spa|2
|faint|p2a: Iron Claw
|
|-weather|SunnyDay|[upkeep]
|upkeep
|
|t:|1781078939
|switch|p2a: Nigel|Pelipper, M|64/100
|-weather|RainDance|[from] ability: Drizzle|[of] p2a: Nigel
|turn|14
|
|t:|1781078943
|switch|p1a: Cresselia|Cresselia, F|100/100
|move|p2a: Nigel|U-turn|p1a: Cresselia
|-supereffective|p1a: Cresselia
|-damage|p1a: Cresselia|91/100
|-enditem|p1a: Cresselia|Eject Button
|
|t:|1781078950
|switch|p1a: Ninetales|Ninetales, M|26/100
|-weather|SunnyDay|[from] ability: Drought|[of] p1a: Ninetales
|
|-weather|SunnyDay|[upkeep]
|upkeep
|turn|15
|
|t:|1781078960
|switch|p1a: Great Tusk|Great Tusk|48/100
|-activate|p1a: Great Tusk|ability: Protosynthesis
|-start|p1a: Great Tusk|protosynthesisatk
|move|p2a: Nigel|Surf|p1a: Great Tusk
|-supereffective|p1a: Great Tusk
|-damage|p1a: Great Tusk|22/100
|
|-weather|SunnyDay|[upkeep]
|upkeep
|turn|16
|
|t:|1781078972
|move|p1a: Great Tusk|Close Combat|p2a: Nigel
|-resisted|p2a: Nigel
|-damage|p2a: Nigel|21/100
|-unboost|p1a: Great Tusk|def|1
|-unboost|p1a: Great Tusk|spd|1
|move|p2a: Nigel|Surf|p1a: Great Tusk
|-supereffective|p1a: Great Tusk
|-damage|p1a: Great Tusk|0 fnt
|faint|p1a: Great Tusk
|-end|p1a: Great Tusk|Protosynthesis|[silent]
|
|-weather|SunnyDay|[upkeep]
|upkeep
|
|t:|1781078983
|switch|p1a: Ceruledge|Ceruledge, M|100/100
|turn|17
|
|t:|1781078988
|switch|p2a: I'm a Dragon!?|Kingdra, F|100/100
|move|p1a: Ceruledge|Bitter Blade|p2a: I'm a Dragon!?
|-resisted|p2a: I'm a Dragon!?
|-damage|p2a: I'm a Dragon!?|78/100
|
|-weather|SunnyDay|[upkeep]
|upkeep
|turn|18
|
|t:|1781078999
|switch|p1a: Cresselia|Cresselia, F|91/100
|move|p2a: I'm a Dragon!?|Dragon Pulse|p1a: Cresselia
|-damage|p1a: Cresselia|60/100
|
|-weather|SunnyDay|[upkeep]
|upkeep
|turn|19
|
|t:|1781079009
|move|p2a: I'm a Dragon!?|Dragon Pulse|p1a: Cresselia
|-damage|p1a: Cresselia|30/100
|move|p1a: Cresselia|Thunder Wave|p2a: I'm a Dragon!?
|-status|p2a: I'm a Dragon!?|par
|
|-weather|SunnyDay|[upkeep]
|upkeep
|turn|20
|
|t:|1781079020
|move|p1a: Cresselia|Psychic|p2a: I'm a Dragon!?
|-damage|p2a: I'm a Dragon!?|49/100 par
|cant|p2a: I'm a Dragon!?|par
|
|-weather|SunnyDay|[upkeep]
|upkeep
|turn|21
|
|t:|1781079040
|move|p1a: Cresselia|Psychic|p2a: I'm a Dragon!?
|-damage|p2a: I'm a Dragon!?|17/100 par
|cant|p2a: I'm a Dragon!?|par
|
|-weather|none
|upkeep
|turn|22
|
|t:|1781079048
|switch|p2a: Nigel|Pelipper, M|21/100
|-weather|RainDance|[from] ability: Drizzle|[of] p2a: Nigel
|move|p1a: Cresselia|Psychic|p2a: Nigel
|-damage|p2a: Nigel|0 fnt
|faint|p2a: Nigel
|
|-weather|RainDance|[upkeep]
|upkeep
|l| ILoveGardevoirRah
|
|t:|1781079058
|switch|p2a: Spike|Overqwil, M, shiny|91/100
|turn|23
|
|t:|1781079063
|switch|p1a: Ninetales|Ninetales, M|26/100
|-weather|SunnyDay|[from] ability: Drought|[of] p1a: Ninetales
|move|p2a: Spike|Crunch|p1a: Ninetales
|-damage|p1a: Ninetales|0 fnt
|faint|p1a: Ninetales
|-damage|p2a: Spike|81/100|[from] item: Life Orb
|
|-weather|SunnyDay|[upkeep]
|upkeep
|
|t:|1781079070
|switch|p1a: Ceruledge|Ceruledge, M|100/100
|turn|24
|
|t:|1781079078
|move|p1a: Ceruledge|Bitter Blade|p2a: Spike
|-damage|p2a: Spike|0 fnt
|faint|p2a: Spike
|
|-weather|SunnyDay|[upkeep]
|upkeep
|
|t:|1781079084
|switch|p2a: I'm a Dragon!?|Kingdra, F|17/100 par
|turn|25
|
|t:|1781079089
|move|p1a: Ceruledge|Close Combat|p2a: I'm a Dragon!?
|-damage|p2a: I'm a Dragon!?|0 fnt
|-unboost|p1a: Ceruledge|def|1
|-unboost|p1a: Ceruledge|spd|1
|faint|p2a: I'm a Dragon!?
|
|win|bsp1
|raw|bsp1's rating: 1671 &rarr; <strong>1684</strong><br />(+13 for winning)
|raw|fifodrummer's rating: 1546 &rarr; <strong>1533</strong><br />(-13 for losing)
|l|☆bsp1
|player|p1|
|c|☆fifodrummer|Gg
|l| hattybatty304
