|j|☆salazzle stan
|j|☆bluntsmoker3000
|t:|1781371956
|gametype|singles
|player|p1|salazzle stan|ninjaboy|1562
|player|p2|bluntsmoker3000|bugcatcher-gen4dp|1604
|gen|9
|tier|[Gen 9] OU
|rated|
|rule|HP Percentage Mod: HP is shown in percentages
|rule|Endless Battle Clause: Forcing endless battles is banned
|rule|Species Clause: Limit one of each Pokémon
|rule|OHKO Clause: OHKO moves are banned
|rule|Evasion Items Clause: Evasion items are banned
|rule|Evasion Moves Clause: Evasion moves are banned
|rule|Evasion Abilities Clause: Evasion abilities are banned
|rule|Sleep Moves Clause: Sleep-inducing moves are banned
|clearpoke
|poke|p1|Deoxys-Speed|
|poke|p1|Kyurem|
|poke|p1|Hydreigon, F|
|poke|p1|Thundurus, M|
|poke|p1|Arcanine, M|
|poke|p1|Regieleki|
|poke|p2|Ting-Lu|
|poke|p2|Scizor, M|
|poke|p2|Tornadus-Therian, M|
|poke|p2|Raging Bolt|
|poke|p2|Alomomola, M|
|poke|p2|Hatterene, F|
|teampreview
|inactive|Battle timer is ON: inactive players will automatically lose when time's up. (requested by bluntsmoker3000)
|
|t:|1781371968
|teamsize|p1|6
|teamsize|p2|6
|start
|switch|p1a: Thundurus|Thundurus, M|100/100
|switch|p2a: Scizor|Scizor, M|100/100
|turn|1
|
|t:|1781371984
|switch|p2a: Ting-Lu|Ting-Lu|100/100
|-ability|p2a: Ting-Lu|Vessel of Ruin
|move|p1a: Thundurus|Thunderbolt|p2a: Ting-Lu
|-immune|p2a: Ting-Lu
|
|upkeep
|turn|2
|
|t:|1781371990
|move|p1a: Thundurus|Grass Knot|p2a: Ting-Lu
|-supereffective|p2a: Ting-Lu
|-damage|p2a: Ting-Lu|67/100
|move|p2a: Ting-Lu|Stealth Rock|p1a: Thundurus
|-sidestart|p1: salazzle stan|move: Stealth Rock
|
|-heal|p2a: Ting-Lu|74/100|[from] item: Leftovers
|upkeep
|turn|3
|
|t:|1781371997
|switch|p2a: Raging Bolt|Raging Bolt|100/100
|-enditem|p2a: Raging Bolt|Booster Energy
|-activate|p2a: Raging Bolt|ability: Protosynthesis|[fromitem]
|-start|p2a: Raging Bolt|protosynthesisspa
|move|p1a: Thundurus|Grass Knot|p2a: Raging Bolt
|-resisted|p2a: Raging Bolt
|-damage|p2a: Raging Bolt|82/100
|
|upkeep
|turn|4
|
|t:|1781372004
|move|p1a: Thundurus|Taunt|p2a: Raging Bolt
|-start|p2a: Raging Bolt|move: Taunt
|move|p2a: Raging Bolt|Thunderbolt|p1a: Thundurus
|-damage|p1a: Thundurus|0 fnt
|faint|p1a: Thundurus
|
|upkeep
|
|t:|1781372010
|switch|p1a: Kyurem|Kyurem|100/100
|-damage|p1a: Kyurem|76/100|[from] Stealth Rock
|-ability|p1a: Kyurem|Pressure
|turn|5
|
|t:|1781372017
|-end|p2a: Raging Bolt|Protosynthesis|[silent]
|switch|p2a: Scizor|Scizor, M|100/100
|move|p1a: Kyurem|Icicle Spear|p2a: Scizor
|-resisted|p2a: Scizor
|-damage|p2a: Scizor|94/100
|-resisted|p2a: Scizor
|-damage|p2a: Scizor|88/100
|-resisted|p2a: Scizor
|-damage|p2a: Scizor|82/100
|-hitcount|p2a: Scizor|3
|
|-heal|p1a: Kyurem|82/100|[from] item: Leftovers
|upkeep
|turn|6
|
|t:|1781372031
|switch|p1a: Arcanine|Arcanine, M|100/100
|-damage|p1a: Arcanine|76/100|[from] Stealth Rock
|-ability|p1a: Arcanine|Intimidate|boost
|-unboost|p2a: Scizor|atk|1
|move|p2a: Scizor|Bullet Punch|p1a: Arcanine
|-resisted|p1a: Arcanine
|-damage|p1a: Arcanine|64/100
|
|-heal|p1a: Arcanine|70/100|[from] item: Leftovers
|upkeep
|turn|7
|
|t:|1781372040
|switch|p2a: Alomomola|Alomomola, M|100/100
|move|p1a: Arcanine|Will-O-Wisp|p2a: Alomomola
|-status|p2a: Alomomola|brn
|
|-heal|p1a: Arcanine|76/100|[from] item: Leftovers
|-damage|p2a: Alomomola|94/100 brn|[from] brn
|upkeep
|turn|8
|
|t:|1781372051
|switch|p1a: Regieleki|Regieleki|100/100
|move|p2a: Alomomola|Flip Turn|p1a: Regieleki
|-damage|p1a: Regieleki|84/100
|
|t:|1781372059
|switch|p2a: Ting-Lu|Ting-Lu|74/100|[from] Flip Turn
|-ability|p2a: Ting-Lu|Vessel of Ruin
|
|-heal|p2a: Ting-Lu|80/100|[from] item: Leftovers
|upkeep
|turn|9
|
|t:|1781372065
|move|p1a: Regieleki|Rapid Spin|p2a: Ting-Lu
|-damage|p2a: Ting-Lu|74/100
|-boost|p1a: Regieleki|spe|1
|-sideend|p1: salazzle stan|Stealth Rock|[from] move: Rapid Spin|[of] p1a: Regieleki
|move|p2a: Ting-Lu|Earthquake|p1a: Regieleki
|-supereffective|p1a: Regieleki
|-damage|p1a: Regieleki|0 fnt
|faint|p1a: Regieleki
|
|-heal|p2a: Ting-Lu|80/100|[from] item: Leftovers
|upkeep
|
|t:|1781372075
|switch|p1a: Kyurem|Kyurem|82/100
|-ability|p1a: Kyurem|Pressure
|turn|10
|
|t:|1781372080
|switch|p2a: Scizor|Scizor, M|82/100
|move|p1a: Kyurem|Icicle Spear|p2a: Scizor
|-resisted|p2a: Scizor
|-damage|p2a: Scizor|75/100
|-resisted|p2a: Scizor
|-damage|p2a: Scizor|69/100
|-hitcount|p2a: Scizor|2
|
|-heal|p1a: Kyurem|88/100|[from] item: Leftovers
|upkeep
|turn|11
|
|t:|1781372088
|move|p1a: Kyurem|Icicle Spear|p2a: Scizor
|-resisted|p2a: Scizor
|-damage|p2a: Scizor|64/100
|-resisted|p2a: Scizor
|-damage|p2a: Scizor|57/100
|-hitcount|p2a: Scizor|2
|move|p2a: Scizor|U-turn|p1a: Kyurem
|-damage|p1a: Kyurem|57/100
|
|t:|1781372091
|switch|p2a: Tornadus|Tornadus-Therian, M|100/100|[from] U-turn
|
|-heal|p1a: Kyurem|63/100|[from] item: Leftovers
|upkeep
|turn|12
|
|t:|1781372099
|-terastallize|p2a: Tornadus|Flying
|move|p2a: Tornadus|Bleakwind Storm|p1a: Kyurem
|-damage|p1a: Kyurem|0 fnt
|faint|p1a: Kyurem
|-damage|p2a: Tornadus|91/100|[from] item: Life Orb
|
|upkeep
|
|t:|1781372105
|switch|p1a: Hydreigon|Hydreigon, F|100/100
|turn|13
|
|t:|1781372110
|switch|p2a: Ting-Lu|Ting-Lu|80/100
|-ability|p2a: Ting-Lu|Vessel of Ruin
|move|p1a: Hydreigon|Dark Pulse|p2a: Ting-Lu
|-resisted|p2a: Ting-Lu
|-damage|p2a: Ting-Lu|73/100
|
|-heal|p2a: Ting-Lu|79/100|[from] item: Leftovers
|upkeep
|turn|14
|
|t:|1781372118
|move|p1a: Hydreigon|Stealth Rock|p2a: Ting-Lu
|-sidestart|p2: bluntsmoker3000|move: Stealth Rock
|move|p2a: Ting-Lu|Stealth Rock|p1a: Hydreigon
|-sidestart|p1: salazzle stan|move: Stealth Rock
|
|-heal|p2a: Ting-Lu|85/100|[from] item: Leftovers
|upkeep
|turn|15
|
|t:|1781372123
|move|p1a: Hydreigon|Taunt|p2a: Ting-Lu
|-start|p2a: Ting-Lu|move: Taunt
|move|p2a: Ting-Lu|Ruination|p1a: Hydreigon
|-damage|p1a: Hydreigon|51/100
|
|-heal|p2a: Ting-Lu|91/100|[from] item: Leftovers
|upkeep
|turn|16
|
|t:|1781372130
|move|p2a: Ting-Lu|Ruination|p1a: Hydreigon
|-damage|p1a: Hydreigon|26/100
|move|p1a: Hydreigon|Roar|p2a: Ting-Lu
|drag|p2a: Alomomola|Alomomola, M|100/100 brn
|
|-damage|p2a: Alomomola|94/100 brn|[from] brn
|upkeep
|turn|17
|
|t:|1781372138
|move|p1a: Hydreigon|Taunt|p2a: Alomomola
|-start|p2a: Alomomola|move: Taunt
|move|p2a: Alomomola|Flip Turn|p1a: Hydreigon
|-resisted|p1a: Hydreigon
|-damage|p1a: Hydreigon|21/100
|
|t:|1781372145
|switch|p2a: Tornadus|Tornadus-Therian, M, tera:Flying|100/100|[from] Flip Turn
|-damage|p2a: Tornadus|76/100|[from] Stealth Rock
|
|upkeep
|turn|18
|
|t:|1781372150
|move|p2a: Tornadus|Bleakwind Storm|p1a: Hydreigon
|-damage|p1a: Hydreigon|0 fnt
|faint|p1a: Hydreigon
|-damage|p2a: Tornadus|66/100|[from] item: Life Orb
|
|upkeep
|
|t:|1781372155
|switch|p1a: Arcanine|Arcanine, M|76/100
|-damage|p1a: Arcanine|51/100|[from] Stealth Rock
|-ability|p1a: Arcanine|Intimidate|boost
|-unboost|p2a: Tornadus|atk|1
|turn|19
|
|t:|1781372161
|move|p1a: Arcanine|Extreme Speed|p2a: Tornadus
|-damage|p2a: Tornadus|31/100
|move|p2a: Tornadus|Bleakwind Storm|p1a: Arcanine
|-damage|p1a: Arcanine|0 fnt
|faint|p1a: Arcanine
|-damage|p2a: Tornadus|21/100|[from] item: Life Orb
|
|upkeep
|
|t:|1781372168
|switch|p1a: Deoxys|Deoxys-Speed|100/100
|-damage|p1a: Deoxys|88/100|[from] Stealth Rock
|-ability|p1a: Deoxys|Pressure
|turn|20
|
|t:|1781372173
|move|p1a: Deoxys|Cosmic Power|p1a: Deoxys
|-boost|p1a: Deoxys|def|1
|-boost|p1a: Deoxys|spd|1
|move|p2a: Tornadus|Bleakwind Storm|p1a: Deoxys
|-damage|p1a: Deoxys|25/100
|-damage|p2a: Tornadus|12/100|[from] item: Life Orb
|
|upkeep
|turn|21
|
|t:|1781372181
|move|p1a: Deoxys|Stored Power|p2a: Tornadus
|-damage|p2a: Tornadus|0 fnt
|faint|p2a: Tornadus
|
|upkeep
|
|t:|1781372183
|switch|p2a: Scizor|Scizor, M|57/100
|turn|22
|
|t:|1781372186
|move|p2a: Scizor|Bullet Punch|p1a: Deoxys
|-damage|p1a: Deoxys|4/100
|move|p1a: Deoxys|Recover|p1a: Deoxys
|-heal|p1a: Deoxys|54/100
|
|upkeep
|turn|23
|
|t:|1781372194
|move|p1a: Deoxys|Cosmic Power|p1a: Deoxys
|-boost|p1a: Deoxys|def|1
|-boost|p1a: Deoxys|spd|1
|move|p2a: Scizor|Knock Off|p1a: Deoxys
|-supereffective|p1a: Deoxys
|-damage|p1a: Deoxys|19/100
|-enditem|p1a: Deoxys|Weakness Policy
|-boost|p1a: Deoxys|atk|2|[from] item: Weakness Policy
|-boost|p1a: Deoxys|spa|2|[from] item: Weakness Policy
|
|upkeep
|turn|24
|
|t:|1781372203
|move|p1a: Deoxys|Stored Power|p2a: Scizor
|-resisted|p2a: Scizor
|-damage|p2a: Scizor|0 fnt
|faint|p2a: Scizor
|
|upkeep
|
|t:|1781372205
|switch|p2a: Ting-Lu|Ting-Lu|91/100
|-damage|p2a: Ting-Lu|85/100|[from] Stealth Rock
|-ability|p2a: Ting-Lu|Vessel of Ruin
|turn|25
|
|t:|1781372211
|move|p1a: Deoxys|Recover|p1a: Deoxys
|-heal|p1a: Deoxys|69/100
|move|p2a: Ting-Lu|Earthquake|p1a: Deoxys
|-damage|p1a: Deoxys|51/100
|
|-heal|p2a: Ting-Lu|91/100|[from] item: Leftovers
|upkeep
|turn|26
|
|t:|1781372217
|move|p1a: Deoxys|Recover|p1a: Deoxys
|-heal|p1a: Deoxys|100/100
|move|p2a: Ting-Lu|Earthquake|p1a: Deoxys
|-damage|p1a: Deoxys|84/100
|
|-heal|p2a: Ting-Lu|98/100|[from] item: Leftovers
|upkeep
|turn|27
|
|t:|1781372225
|move|p1a: Deoxys|Cosmic Power|p1a: Deoxys
|-boost|p1a: Deoxys|def|1
|-boost|p1a: Deoxys|spd|1
|move|p2a: Ting-Lu|Ruination|p1a: Deoxys
|-damage|p1a: Deoxys|42/100
|
|-heal|p2a: Ting-Lu|100/100|[from] item: Leftovers
|upkeep
|turn|28
|
|t:|1781372234
|move|p1a: Deoxys|Recover|p1a: Deoxys
|-heal|p1a: Deoxys|92/100
|move|p2a: Ting-Lu|Ruination|p1a: Deoxys
|-damage|p1a: Deoxys|47/100
|
|upkeep
|turn|29
|
|t:|1781372240
|move|p1a: Deoxys|Cosmic Power|p1a: Deoxys
|-boost|p1a: Deoxys|def|1
|-boost|p1a: Deoxys|spd|1
|move|p2a: Ting-Lu|Ruination|p1a: Deoxys
|-damage|p1a: Deoxys|24/100
|
|upkeep
|turn|30
|
|t:|1781372246
|move|p1a: Deoxys|Recover|p1a: Deoxys
|-heal|p1a: Deoxys|74/100
|move|p2a: Ting-Lu|Ruination|p1a: Deoxys
|-damage|p1a: Deoxys|37/100
|
|upkeep
|turn|31
|
|t:|1781372253
|move|p1a: Deoxys|Recover|p1a: Deoxys
|-heal|p1a: Deoxys|87/100
|move|p2a: Ting-Lu|Earthquake|p1a: Deoxys
|-damage|p1a: Deoxys|75/100
|
|upkeep
|turn|32
|
|t:|1781372258
|move|p1a: Deoxys|Cosmic Power|p1a: Deoxys
|-boost|p1a: Deoxys|def|1
|-boost|p1a: Deoxys|spd|1
|move|p2a: Ting-Lu|Ruination|p1a: Deoxys
|-damage|p1a: Deoxys|38/100
|
|upkeep
|turn|33
|
|t:|1781372264
|move|p1a: Deoxys|Cosmic Power|p1a: Deoxys
|-boost|p1a: Deoxys|def|1
|-boost|p1a: Deoxys|spd|1
|move|p2a: Ting-Lu|Ruination|p1a: Deoxys
|-damage|p1a: Deoxys|19/100
|
|upkeep
|turn|34
|
|t:|1781372271
|move|p1a: Deoxys|Recover|p1a: Deoxys
|-heal|p1a: Deoxys|69/100
|move|p2a: Ting-Lu|Earthquake|p1a: Deoxys
|-damage|p1a: Deoxys|59/100
|
|upkeep
|turn|35
|
|t:|1781372277
|move|p1a: Deoxys|Cosmic Power|p1a: Deoxys
|-boost|p1a: Deoxys|def|0
|-boost|p1a: Deoxys|spd|0
|move|p2a: Ting-Lu|Earthquake|p1a: Deoxys
|-damage|p1a: Deoxys|50/100
|
|upkeep
|turn|36
|
|t:|1781372284
|move|p1a: Deoxys|Taunt|p2a: Ting-Lu
|-start|p2a: Ting-Lu|move: Taunt
|move|p2a: Ting-Lu|Earthquake|p1a: Deoxys
|-damage|p1a: Deoxys|41/100
|
|upkeep
|turn|37
|
|t:|1781372289
|move|p1a: Deoxys|Cosmic Power|p1a: Deoxys
|-boost|p1a: Deoxys|def|0
|-boost|p1a: Deoxys|spd|0
|move|p2a: Ting-Lu|Earthquake|p1a: Deoxys
|-crit|p1a: Deoxys
|-damage|p1a: Deoxys|0 fnt
|faint|p1a: Deoxys
|
|win|bluntsmoker3000
|raw|salazzle stan's rating: 1562 &rarr; <strong>1544</strong><br />(-18 for losing)
|raw|bluntsmoker3000's rating: 1604 &rarr; <strong>1622</strong><br />(+18 for winning)
|l|☆salazzle stan
|player|p1|
|l|☆bluntsmoker3000
|player|p2|
