|badge|p1|bronze|gen9ou|100-9
|uhtml|medal-msg|<div class="broadcast-blue">Curious what those medals under the avatar are? PS now has Ladder Seasons! For more information, check out the <a href="https://www.smogon.com/forums/threads/3740067/">thread on Smogon.</a></div>
|j|☆bingbong441
|j|☆Johnny tots
|t:|1781198512
|gametype|singles
|player|p1|bingbong441|pokemaniac|1865
|player|p2|Johnny tots|170|1816
|gen|9
|tier|[Gen 9] OU
|rated|
|rule|HP Percentage Mod: HP is shown in percentages
|rule|Endless Battle Clause: Forcing endless battles is banned
|rule|Species Clause: Limit one of each Pokémon
|rule|OHKO Clause: OHKO moves are banned
|rule|Evasion Items Clause: Evasion items are banned
|rule|Evasion Moves Clause: Evasion moves are banned
|rule|Evasion Abilities Clause: Evasion abilities are banned
|rule|Sleep Moves Clause: Sleep-inducing moves are banned
|clearpoke
|poke|p1|Rillaboom, M|
|poke|p1|Alomomola, F|
|poke|p1|Cinderace, F|
|poke|p1|Hoopa-Unbound|
|poke|p1|Fezandipiti, M|
|poke|p1|Zamazenta-*|
|poke|p2|Klefki, F|
|poke|p2|Manaphy|
|poke|p2|Kyurem|
|poke|p2|Cinderace, M|
|poke|p2|Iron Valiant|
|poke|p2|Clefable, F|
|teampreview
|inactive|Battle timer is ON: inactive players will automatically lose when time's up. (requested by Johnny tots)
|
|t:|1781198523
|teamsize|p1|6
|teamsize|p2|6
|start
|switch|p1a: Cinderace|Cinderace, F|100/100
|switch|p2a: Klefki|Klefki, F|100/100
|turn|1
|
|t:|1781198534
|move|p2a: Klefki|Reflect|p2a: Klefki
|-sidestart|p2: Johnny tots|Reflect
|move|p1a: Cinderace|Pyro Ball|p2a: Klefki
|-supereffective|p2a: Klefki
|-damage|p2a: Klefki|51/100
|
|upkeep
|turn|2
|
|t:|1781198544
|move|p2a: Klefki|Thunder Wave|p1a: Cinderace
|-status|p1a: Cinderace|par
|move|p1a: Cinderace|Pyro Ball|p2a: Klefki
|-supereffective|p2a: Klefki
|-damage|p2a: Klefki|7/100
|-status|p2a: Klefki|brn
|
|-damage|p2a: Klefki|1/100 brn|[from] brn
|upkeep
|turn|3
|
|t:|1781198554
|switch|p2a: Cinderace|Cinderace, M|100/100
|move|p1a: Cinderace|Court Change|p1a: Cinderace
|-start|p1a: Cinderace|typechange|Normal|[from] ability: Libero
|-swapsideconditions
|-activate|p1a: Cinderace|move: Court Change
|
|upkeep
|turn|4
|
|t:|1781198566
|switch|p1a: Alomomola|Alomomola, F|100/100
|move|p2a: Cinderace|Swords Dance|p2a: Cinderace
|-boost|p2a: Cinderace|atk|2
|
|upkeep
|turn|5
|
|t:|1781198586
|move|p2a: Cinderace|Court Change|p2a: Cinderace
|-swapsideconditions
|-activate|p2a: Cinderace|move: Court Change
|move|p1a: Alomomola|Flip Turn|p2a: Cinderace
|-supereffective|p2a: Cinderace
|-damage|p2a: Cinderace|79/100
|inactive|bingbong441 has 120 seconds left.
|
|t:|1781198620
|switch|p1a: Fezandipiti|Fezandipiti, M|100/100|[from] Flip Turn
|
|upkeep
|turn|6
|
|t:|1781198624
|switch|p1a: Alomomola|Alomomola, F|100/100
|move|p2a: Cinderace|Pyro Ball|p1a: Alomomola
|-resisted|p1a: Alomomola
|-damage|p1a: Alomomola|70/100
|-status|p1a: Alomomola|brn
|
|-damage|p1a: Alomomola|64/100 brn|[from] brn
|upkeep
|turn|7
|inactive|bingbong441 has 120 seconds left.
|
|t:|1781198635
|move|p2a: Cinderace|Swords Dance|p2a: Cinderace
|-boost|p2a: Cinderace|atk|2
|move|p1a: Alomomola|Tickle|p2a: Cinderace
|-unboost|p2a: Cinderace|atk|1
|-unboost|p2a: Cinderace|def|1
|
|-damage|p1a: Alomomola|57/100 brn|[from] brn
|upkeep
|turn|8
|
|t:|1781198644
|move|p1a: Alomomola|Protect|p1a: Alomomola
|-singleturn|p1a: Alomomola|Protect
|move|p2a: Cinderace|Pyro Ball|p1a: Alomomola
|-activate|p1a: Alomomola|move: Protect
|
|-damage|p1a: Alomomola|51/100 brn|[from] brn
|-sideend|p2: Johnny tots|Reflect
|upkeep
|turn|9
|
|t:|1781198649
|move|p2a: Cinderace|Pyro Ball|p1a: Alomomola
|-resisted|p1a: Alomomola
|-damage|p1a: Alomomola|15/100 brn
|move|p1a: Alomomola|Flip Turn|p2a: Cinderace
|-supereffective|p2a: Cinderace
|-damage|p2a: Cinderace|46/100
|
|t:|1781198656
|switch|p1a: Rillaboom|Rillaboom, M|100/100|[from] Flip Turn
|-fieldstart|move: Grassy Terrain|[from] ability: Grassy Surge|[of] p1a: Rillaboom
|
|-heal|p2a: Cinderace|52/100|[from] Grassy Terrain
|upkeep
|turn|10
|
|t:|1781198663
|switch|p2a: Kyurem|Kyurem|100/100
|-ability|p2a: Kyurem|Pressure
|-terastallize|p1a: Rillaboom|Grass
|move|p1a: Rillaboom|Grassy Glide|p2a: Kyurem
|-resisted|p2a: Kyurem
|-damage|p2a: Kyurem|63/100
|
|-heal|p2a: Kyurem|69/100|[from] Grassy Terrain
|upkeep
|turn|11
|
|t:|1781198669
|switch|p2a: Cinderace|Cinderace, M|52/100
|switch|p1a: Fezandipiti|Fezandipiti, M|100/100
|
|-heal|p2a: Cinderace|58/100|[from] Grassy Terrain
|upkeep
|turn|12
|
|t:|1781198673
|switch|p1a: Alomomola|Alomomola, F|48/100 brn
|move|p2a: Cinderace|Swords Dance|p2a: Cinderace
|-boost|p2a: Cinderace|atk|2
|
|-heal|p2a: Cinderace|64/100|[from] Grassy Terrain
|-heal|p1a: Alomomola|54/100 brn|[from] Grassy Terrain
|-damage|p1a: Alomomola|48/100 brn|[from] brn
|upkeep
|turn|13
|
|t:|1781198686
|move|p2a: Cinderace|Pyro Ball|p1a: Alomomola
|-resisted|p1a: Alomomola
|-damage|p1a: Alomomola|19/100 brn
|move|p1a: Alomomola|Flip Turn|p2a: Cinderace
|-supereffective|p2a: Cinderace
|-damage|p2a: Cinderace|41/100
|
|t:|1781198702
|switch|p1a: Zamazenta|Zamazenta|100/100|[from] Flip Turn
|-ability|p1a: Zamazenta|Dauntless Shield|boost
|-boost|p1a: Zamazenta|def|1
|
|-heal|p2a: Cinderace|47/100|[from] Grassy Terrain
|-fieldend|move: Grassy Terrain
|upkeep
|turn|14
|inactive|bingbong441 has 120 seconds left.
|
|t:|1781198736
|switch|p1a: Rillaboom|Rillaboom, M, tera:Grass|100/100
|-fieldstart|move: Grassy Terrain|[from] ability: Grassy Surge|[of] p1a: Rillaboom
|switch|p2a: Clefable|Clefable, F|100/100
|
|upkeep
|turn|15
|
|t:|1781198745
|move|p1a: Rillaboom|Wood Hammer|p2a: Clefable
|-damage|p2a: Clefable|0 fnt
|faint|p2a: Clefable
|-damage|p1a: Rillaboom|65/100|[from] Recoil
|
|-heal|p1a: Rillaboom|71/100|[from] Grassy Terrain
|upkeep
|
|t:|1781198752
|switch|p2a: Klefki|Klefki, F|1/100 brn
|turn|16
|
|t:|1781198758
|switch|p1a: Alomomola|Alomomola, F|52/100 brn
|move|p2a: Klefki|Reflect|p2a: Klefki
|-sidestart|p2: Johnny tots|Reflect
|
|-heal|p2a: Klefki|7/100 brn|[from] Grassy Terrain
|-heal|p1a: Alomomola|58/100 brn|[from] Grassy Terrain
|-damage|p2a: Klefki|1/100 brn|[from] brn
|-damage|p1a: Alomomola|52/100 brn|[from] brn
|upkeep
|turn|17
|
|t:|1781198772
|switch|p2a: Manaphy|Manaphy|100/100
|move|p1a: Alomomola|Flip Turn|p2a: Manaphy
|-resisted|p2a: Manaphy
|-damage|p2a: Manaphy|99/100
|
|t:|1781198781
|switch|p1a: Hoopa|Hoopa-Unbound|100/100|[from] Flip Turn
|
|-heal|p2a: Manaphy|100/100|[from] Grassy Terrain
|upkeep
|turn|18
|
|t:|1781198801
|switch|p2a: Iron Valiant|Iron Valiant|100/100
|-enditem|p2a: Iron Valiant|Booster Energy
|-activate|p2a: Iron Valiant|ability: Quark Drive|[fromitem]
|-start|p2a: Iron Valiant|quarkdrivespe
|move|p1a: Hoopa|Thunderbolt|p2a: Iron Valiant
|-damage|p2a: Iron Valiant|30/100
|
|-heal|p2a: Iron Valiant|36/100|[from] Grassy Terrain
|-fieldend|move: Grassy Terrain
|upkeep
|turn|19
|
|t:|1781198806
|switch|p1a: Fezandipiti|Fezandipiti, M|100/100
|move|p2a: Iron Valiant|Moonblast|p1a: Fezandipiti
|-resisted|p1a: Fezandipiti
|-damage|p1a: Fezandipiti|88/100
|
|upkeep
|turn|20
|
|t:|1781198816
|move|p2a: Iron Valiant|Psyshock|p1a: Fezandipiti
|-supereffective|p1a: Fezandipiti
|-damage|p1a: Fezandipiti|35/100
|move|p1a: Fezandipiti|Beat Up|p2a: Iron Valiant
|-resisted|p2a: Iron Valiant
|-damage|p2a: Iron Valiant|35/100
|-resisted|p2a: Iron Valiant
|-damage|p2a: Iron Valiant|35/100
|-status|p2a: Iron Valiant|tox|[from] ability: Toxic Chain|[of] p1a: Fezandipiti
|-resisted|p2a: Iron Valiant
|-damage|p2a: Iron Valiant|34/100 tox
|-resisted|p2a: Iron Valiant
|-damage|p2a: Iron Valiant|34/100 tox
|-hitcount|p2a: Iron Valiant|4
|
|-damage|p2a: Iron Valiant|28/100 tox|[from] psn
|upkeep
|turn|21
|
|t:|1781198839
|move|p2a: Iron Valiant|Calm Mind|p2a: Iron Valiant
|-boost|p2a: Iron Valiant|spa|1
|-boost|p2a: Iron Valiant|spd|1
|move|p1a: Fezandipiti|Roost|p1a: Fezandipiti
|-heal|p1a: Fezandipiti|85/100
|-singleturn|p1a: Fezandipiti|move: Roost
|
|-damage|p2a: Iron Valiant|15/100 tox|[from] psn
|upkeep
|turn|22
|
|t:|1781198847
|move|p2a: Iron Valiant|Moonblast|p1a: Fezandipiti
|-resisted|p1a: Fezandipiti
|-damage|p1a: Fezandipiti|63/100
|-unboost|p1a: Fezandipiti|spa|1
|move|p1a: Fezandipiti|Roost|p1a: Fezandipiti
|-heal|p1a: Fezandipiti|100/100
|-singleturn|p1a: Fezandipiti|move: Roost
|
|-damage|p2a: Iron Valiant|0 fnt|[from] psn
|faint|p2a: Iron Valiant
|-end|p2a: Iron Valiant|Quark Drive|[silent]
|upkeep
|
|t:|1781198855
|switch|p2a: Cinderace|Cinderace, M|47/100
|turn|23
|
|t:|1781198863
|move|p2a: Cinderace|Swords Dance|p2a: Cinderace
|-boost|p2a: Cinderace|atk|2
|move|p1a: Fezandipiti|U-turn|p2a: Cinderace
|-resisted|p2a: Cinderace
|-damage|p2a: Cinderace|42/100
|
|t:|1781198866
|switch|p1a: Alomomola|Alomomola, F|86/100 brn|[from] U-turn
|
|-damage|p1a: Alomomola|79/100 brn|[from] brn
|-sideend|p2: Johnny tots|Reflect
|upkeep
|turn|24
|
|t:|1781198870
|move|p2a: Cinderace|Pyro Ball|p1a: Alomomola
|-resisted|p1a: Alomomola
|-crit|p1a: Alomomola
|-damage|p1a: Alomomola|33/100 brn
|move|p1a: Alomomola|Flip Turn|p2a: Cinderace
|-supereffective|p2a: Cinderace
|-damage|p2a: Cinderace|17/100
|
|t:|1781198873
|switch|p1a: Rillaboom|Rillaboom, M, tera:Grass|71/100|[from] Flip Turn
|-fieldstart|move: Grassy Terrain|[from] ability: Grassy Surge|[of] p1a: Rillaboom
|
|-heal|p2a: Cinderace|23/100|[from] Grassy Terrain
|-heal|p1a: Rillaboom|77/100|[from] Grassy Terrain
|upkeep
|turn|25
|
|t:|1781198876
|move|p2a: Cinderace|Sucker Punch|p1a: Rillaboom
|-damage|p1a: Rillaboom|27/100
|move|p1a: Rillaboom|Grassy Glide|p2a: Cinderace
|-resisted|p2a: Cinderace
|-damage|p2a: Cinderace|0 fnt
|faint|p2a: Cinderace
|
|-heal|p1a: Rillaboom|34/100|[from] Grassy Terrain
|upkeep
|
|t:|1781198881
|switch|p2a: Kyurem|Kyurem|69/100
|-ability|p2a: Kyurem|Pressure
|turn|26
|
|t:|1781198885
|switch|p1a: Fezandipiti|Fezandipiti, M|100/100
|move|p2a: Kyurem|Scale Shot|p1a: Fezandipiti
|-immune|p1a: Fezandipiti
|
|-heal|p2a: Kyurem|75/100|[from] Grassy Terrain
|upkeep
|turn|27
|
|t:|1781198891
|move|p2a: Kyurem|Dragon Dance|p2a: Kyurem
|-boost|p2a: Kyurem|atk|1
|-boost|p2a: Kyurem|spe|1
|move|p1a: Fezandipiti|Beat Up|p2a: Kyurem
|-damage|p2a: Kyurem|72/100
|-damage|p2a: Kyurem|68/100
|-status|p2a: Kyurem|tox|[from] ability: Toxic Chain|[of] p1a: Fezandipiti
|-damage|p2a: Kyurem|64/100 tox
|-damage|p2a: Kyurem|60/100 tox
|-hitcount|p2a: Kyurem|4
|
|-heal|p2a: Kyurem|67/100 tox|[from] Grassy Terrain
|-damage|p2a: Kyurem|60/100 tox|[from] psn
|upkeep
|turn|28
|
|t:|1781198899
|switch|p1a: Alomomola|Alomomola, F|67/100 brn
|move|p2a: Kyurem|Icicle Spear|p1a: Alomomola
|-resisted|p1a: Alomomola
|-damage|p1a: Alomomola|61/100 brn
|-resisted|p1a: Alomomola
|-damage|p1a: Alomomola|55/100 brn
|-resisted|p1a: Alomomola
|-damage|p1a: Alomomola|49/100 brn
|-resisted|p1a: Alomomola
|-damage|p1a: Alomomola|44/100 brn
|-resisted|p1a: Alomomola
|-damage|p1a: Alomomola|38/100 brn
|-hitcount|p1a: Alomomola|5
|
|-heal|p2a: Kyurem|67/100 tox|[from] Grassy Terrain
|-heal|p1a: Alomomola|44/100 brn|[from] Grassy Terrain
|-damage|p2a: Kyurem|54/100 tox|[from] psn
|-damage|p1a: Alomomola|38/100 brn|[from] brn
|-fieldend|move: Grassy Terrain
|upkeep
|turn|29
|
|t:|1781198910
|move|p2a: Kyurem|Dragon Dance|p2a: Kyurem
|-boost|p2a: Kyurem|atk|1
|-boost|p2a: Kyurem|spe|1
|move|p1a: Alomomola|Wish|p1a: Alomomola
|
|-damage|p2a: Kyurem|36/100 tox|[from] psn
|-damage|p1a: Alomomola|32/100 brn|[from] brn
|upkeep
|turn|30
|
|t:|1781198915
|move|p1a: Alomomola|Protect|p1a: Alomomola
|-singleturn|p1a: Alomomola|Protect
|move|p2a: Kyurem|Icicle Spear|p1a: Alomomola
|-activate|p1a: Alomomola|move: Protect
|
|-heal|p1a: Alomomola|82/100 brn|[from] move: Wish|[wisher] Alomomola
|-damage|p2a: Kyurem|11/100 tox|[from] psn
|-damage|p1a: Alomomola|76/100 brn|[from] brn
|upkeep
|turn|31
|
|t:|1781198920
|move|p1a: Alomomola|Protect||[still]
|-fail|p1a: Alomomola
|move|p2a: Kyurem|Icicle Spear|p1a: Alomomola
|-resisted|p1a: Alomomola
|-damage|p1a: Alomomola|68/100 brn
|-resisted|p1a: Alomomola
|-damage|p1a: Alomomola|61/100 brn
|-resisted|p1a: Alomomola
|-damage|p1a: Alomomola|53/100 brn
|-resisted|p1a: Alomomola
|-damage|p1a: Alomomola|46/100 brn
|-hitcount|p1a: Alomomola|4
|
|-damage|p2a: Kyurem|0 fnt|[from] psn
|faint|p2a: Kyurem
|-damage|p1a: Alomomola|39/100 brn|[from] brn
|upkeep
|
|t:|1781198923
|switch|p2a: Manaphy|Manaphy|100/100
|turn|32
|
|t:|1781198930
|move|p2a: Manaphy|Take Heart|p2a: Manaphy
|-boost|p2a: Manaphy|spa|1
|-boost|p2a: Manaphy|spd|1
|move|p1a: Alomomola|Flip Turn|p2a: Manaphy
|-resisted|p2a: Manaphy
|-damage|p2a: Manaphy|97/100
|
|t:|1781198937
|switch|p1a: Hoopa|Hoopa-Unbound|100/100|[from] Flip Turn
|
|-heal|p2a: Manaphy|100/100|[from] item: Leftovers
|upkeep
|turn|33
|
|t:|1781198942
|-terastallize|p2a: Manaphy|Grass
|move|p2a: Manaphy|Acid Armor|p2a: Manaphy
|-boost|p2a: Manaphy|def|2
|move|p1a: Hoopa|Knock Off|p2a: Manaphy
|-damage|p2a: Manaphy|77/100
|-enditem|p2a: Manaphy|Leftovers|[from] move: Knock Off|[of] p1a: Hoopa
|
|upkeep
|turn|34
|
|t:|1781198952
|move|p2a: Manaphy|Scald|p1a: Hoopa
|-damage|p1a: Hoopa|70/100
|move|p1a: Hoopa|Psychic Noise|p2a: Manaphy
|-damage|p2a: Manaphy|47/100
|-start|p2a: Manaphy|move: Heal Block
|
|upkeep
|turn|35
|
|t:|1781198960
|move|p2a: Manaphy|Scald|p1a: Hoopa
|-damage|p1a: Hoopa|40/100
|move|p1a: Hoopa|Psychic Noise|p2a: Manaphy
|-damage|p2a: Manaphy|17/100
|
|-end|p2a: Manaphy|move: Heal Block
|upkeep
|turn|36
|
|t:|1781198964
|move|p2a: Manaphy|Scald|p1a: Hoopa
|-damage|p1a: Hoopa|12/100
|move|p1a: Hoopa|Psychic Noise|p2a: Manaphy
|-damage|p2a: Manaphy|0 fnt
|faint|p2a: Manaphy
|
|upkeep
|c|☆bingbong441|gg
|
|t:|1781198968
|switch|p2a: Klefki|Klefki, F|1/100 brn
|turn|37
|c|☆Johnny tots|Gg
|-message|Johnny tots forfeited.
|
|win|bingbong441
|raw|bingbong441's rating: 1865 &rarr; <strong>1882</strong><br />(+17 for winning)
|raw|Johnny tots's rating: 1816 &rarr; <strong>1799</strong><br />(-17 for losing)
|l|☆Johnny tots
|player|p2|
|l|☆bingbong441
|player|p1|
