|j|☆jd2sleepy
|j|☆22dt
|t:|1781376933
|gametype|singles
|player|p1|jd2sleepy|blackbelt-gen4dp|1584
|player|p2|22dt|170|1630
|gen|9
|tier|[Gen 9] OU
|rated|
|rule|HP Percentage Mod: HP is shown in percentages
|rule|Endless Battle Clause: Forcing endless battles is banned
|rule|Species Clause: Limit one of each Pokémon
|rule|OHKO Clause: OHKO moves are banned
|rule|Evasion Items Clause: Evasion items are banned
|rule|Evasion Moves Clause: Evasion moves are banned
|rule|Evasion Abilities Clause: Evasion abilities are banned
|rule|Sleep Moves Clause: Sleep-inducing moves are banned
|clearpoke
|poke|p1|Pelipper, F|
|poke|p1|Crawdaunt, M|
|poke|p1|Iron Treads|
|poke|p1|Raging Bolt|
|poke|p1|Talonflame, F|
|poke|p1|Scizor, M|
|poke|p2|Samurott-Hisui, M|
|poke|p2|Ceruledge, M|
|poke|p2|Zamazenta-*|
|poke|p2|Dragonite, F|
|poke|p2|Zapdos|
|poke|p2|Kingambit, M|
|teampreview
|inactive|Battle timer is ON: inactive players will automatically lose when time's up. (requested by 22dt)
|
|t:|1781376938
|teamsize|p1|6
|teamsize|p2|6
|start
|switch|p1a: Drizzy|Pelipper, F|100/100
|switch|p2a: Samurott|Samurott-Hisui, M|100/100
|-weather|RainDance|[from] ability: Drizzle|[of] p1a: Drizzy
|turn|1
|
|t:|1781376941
|move|p2a: Samurott|Ceaseless Edge|p1a: Drizzy
|-damage|p1a: Drizzy|67/100
|-sidestart|p1: jd2sleepy|Spikes
|move|p1a: Drizzy|U-turn|p2a: Samurott
|-supereffective|p2a: Samurott
|-damage|p2a: Samurott|76/100
|
|t:|1781376943
|switch|p1a: Usain Bolt|Raging Bolt|100/100|[from] U-turn
|-damage|p1a: Usain Bolt|88/100|[from] Spikes
|-enditem|p1a: Usain Bolt|Booster Energy
|-activate|p1a: Usain Bolt|ability: Protosynthesis|[fromitem]
|-start|p1a: Usain Bolt|protosynthesisspa
|
|-weather|RainDance|[upkeep]
|upkeep
|turn|2
|
|t:|1781376948
|move|p2a: Samurott|Sucker Punch|p1a: Usain Bolt
|-damage|p1a: Usain Bolt|60/100
|move|p1a: Usain Bolt|Thunder|p2a: Samurott
|-supereffective|p2a: Samurott
|-damage|p2a: Samurott|0 fnt
|faint|p2a: Samurott
|
|-weather|RainDance|[upkeep]
|upkeep
|inactive|22dt has 120 seconds left.
|
|t:|1781376984
|switch|p2a: Kingambit|Kingambit, M, shiny|100/100
|turn|3
|
|t:|1781376989
|move|p1a: Usain Bolt|Thunder|p2a: Kingambit
|-damage|p2a: Kingambit|22/100
|move|p2a: Kingambit|Kowtow Cleave|p1a: Usain Bolt
|-damage|p1a: Usain Bolt|11/100
|
|-weather|RainDance|[upkeep]
|-heal|p2a: Kingambit|28/100|[from] item: Leftovers
|upkeep
|turn|4
|
|t:|1781376992
|move|p2a: Kingambit|Sucker Punch|p1a: Usain Bolt
|-damage|p1a: Usain Bolt|0 fnt
|faint|p1a: Usain Bolt
|-end|p1a: Usain Bolt|Protosynthesis|[silent]
|
|-weather|RainDance|[upkeep]
|-heal|p2a: Kingambit|34/100|[from] item: Leftovers
|upkeep
|
|t:|1781377001
|switch|p1a: カラマツ|Crawdaunt, M|100/100
|-damage|p1a: カラマツ|88/100|[from] Spikes
|turn|5
|
|t:|1781377014
|move|p2a: Kingambit|Sucker Punch|p1a: カラマツ
|-resisted|p1a: カラマツ
|-damage|p1a: カラマツ|58/100
|move|p1a: カラマツ|Crabhammer|p2a: Kingambit|[miss]
|-miss|p1a: カラマツ|p2a: Kingambit
|
|-weather|RainDance|[upkeep]
|-heal|p2a: Kingambit|40/100|[from] item: Leftovers
|upkeep
|turn|6
|c|☆22dt|ouch
|
|t:|1781377023
|move|p2a: Kingambit|Sucker Punch||[still]
|-fail|p2a: Kingambit
|move|p1a: カラマツ|Dragon Dance|p1a: カラマツ
|-boost|p1a: カラマツ|atk|1
|-boost|p1a: カラマツ|spe|1
|
|-weather|RainDance|[upkeep]
|-heal|p2a: Kingambit|47/100|[from] item: Leftovers
|upkeep
|turn|7
|
|t:|1781377030
|move|p2a: Kingambit|Sucker Punch|p1a: カラマツ
|-resisted|p1a: カラマツ
|-damage|p1a: カラマツ|27/100
|move|p1a: カラマツ|Crabhammer|p2a: Kingambit
|-damage|p2a: Kingambit|0 fnt
|faint|p2a: Kingambit
|-damage|p1a: カラマツ|17/100|[from] item: Life Orb
|
|-weather|RainDance|[upkeep]
|upkeep
|j| Shucklepilled
|
|t:|1781377040
|switch|p2a: Zapdos|Zapdos|100/100
|turn|8
|
|t:|1781377046
|move|p1a: カラマツ|Aqua Jet|p2a: Zapdos
|-damage|p2a: Zapdos|2/100
|-damage|p1a: カラマツ|8/100|[from] item: Life Orb
|move|p2a: Zapdos|Hurricane|p1a: カラマツ
|-damage|p1a: カラマツ|0 fnt
|faint|p1a: カラマツ
|
|-weather|none
|upkeep
|
|t:|1781377056
|switch|p1a: Tready Way|Iron Treads, shiny|100/100
|-damage|p1a: Tready Way|88/100|[from] Spikes
|-enditem|p1a: Tready Way|Booster Energy
|-activate|p1a: Tready Way|ability: Quark Drive|[fromitem]
|-start|p1a: Tready Way|quarkdrivespe
|turn|9
|
|t:|1781377063
|switch|p2a: Ceruledge|Ceruledge, M|100/100
|move|p1a: Tready Way|Knock Off|p2a: Ceruledge
|-supereffective|p2a: Ceruledge
|-damage|p2a: Ceruledge|19/100
|-ability|p2a: Ceruledge|Weak Armor|boost
|-unboost|p2a: Ceruledge|def|1
|-boost|p2a: Ceruledge|spe|2
|-enditem|p2a: Ceruledge|Focus Sash|[from] move: Knock Off|[of] p1a: Tready Way
|
|upkeep
|turn|10
|
|t:|1781377072
|move|p2a: Ceruledge|Bitter Blade|p1a: Tready Way
|-supereffective|p1a: Tready Way
|-damage|p1a: Tready Way|0 fnt
|-heal|p2a: Ceruledge|68/100|[from] drain|[of] p1a: Tready Way
|faint|p1a: Tready Way
|-end|p1a: Tready Way|Quark Drive|[silent]
|
|upkeep
|j| Prwellz
|
|t:|1781377077
|switch|p1a: Drizzy|Pelipper, F|67/100
|-weather|RainDance|[from] ability: Drizzle|[of] p1a: Drizzy
|turn|11
|
|t:|1781377084
|move|p2a: Ceruledge|Poltergeist|p1a: Drizzy
|-activate|p1a: Drizzy|move: Poltergeist|Damp Rock
|-damage|p1a: Drizzy|25/100
|move|p1a: Drizzy|Surf|p2a: Ceruledge
|-supereffective|p2a: Ceruledge
|-damage|p2a: Ceruledge|0 fnt
|faint|p2a: Ceruledge
|
|-weather|RainDance|[upkeep]
|upkeep
|
|t:|1781377090
|switch|p2a: Zapdos|Zapdos|2/100
|turn|12
|
|t:|1781377095
|move|p2a: Zapdos|Volt Switch|p1a: Drizzy
|-supereffective|p1a: Drizzy
|-damage|p1a: Drizzy|0 fnt
|faint|p1a: Drizzy
|
|t:|1781377105
|switch|p2a: Zamazenta|Zamazenta|100/100|[from] Volt Switch
|-ability|p2a: Zamazenta|Dauntless Shield|boost
|-boost|p2a: Zamazenta|def|1
|
|-weather|RainDance|[upkeep]
|upkeep
|
|t:|1781377109
|switch|p1a: LikeAMoth2AFlame|Talonflame, F|100/100
|turn|13
|
|t:|1781377113
|-terastallize|p2a: Zamazenta|Dark
|move|p1a: LikeAMoth2AFlame|Hurricane|p2a: Zamazenta
|-damage|p2a: Zamazenta|45/100
|move|p2a: Zamazenta|Stone Edge|p1a: LikeAMoth2AFlame
|-supereffective|p1a: LikeAMoth2AFlame
|-damage|p1a: LikeAMoth2AFlame|0 fnt
|faint|p1a: LikeAMoth2AFlame
|
|-weather|RainDance|[upkeep]
|upkeep
|
|t:|1781377117
|switch|p1a: Caesar Zepili|Scizor, M|100/100
|-damage|p1a: Caesar Zepili|88/100|[from] Spikes
|turn|14
|
|t:|1781377130
|move|p2a: Zamazenta|Close Combat|p1a: Caesar Zepili
|-damage|p1a: Caesar Zepili|25/100
|-unboost|p2a: Zamazenta|def|1
|-unboost|p2a: Zamazenta|spd|1
|move|p1a: Caesar Zepili|Swords Dance|p1a: Caesar Zepili
|-boost|p1a: Caesar Zepili|atk|2
|
|-weather|RainDance|[upkeep]
|upkeep
|turn|15
|
|t:|1781377136
|move|p1a: Caesar Zepili|Bullet Punch|p2a: Zamazenta
|-damage|p2a: Zamazenta|0 fnt
|faint|p2a: Zamazenta
|
|-weather|RainDance|[upkeep]
|upkeep
|
|t:|1781377143
|switch|p2a: Zapdos|Zapdos|2/100
|turn|16
|
|t:|1781377145
|move|p1a: Caesar Zepili|Bullet Punch|p2a: Zapdos
|-resisted|p2a: Zapdos
|-damage|p2a: Zapdos|0 fnt
|-status|p1a: Caesar Zepili|par|[from] ability: Static|[of] p2a: Zapdos
|faint|p2a: Zapdos
|
|-weather|RainDance|[upkeep]
|upkeep
|
|t:|1781377147
|switch|p2a: Dragonite|Dragonite, F, shiny|100/100
|turn|17
|l| Shucklepilled
|
|t:|1781377150
|-terastallize|p1a: Caesar Zepili|Steel
|move|p1a: Caesar Zepili|Bullet Punch|p2a: Dragonite
|-crit|p2a: Dragonite
|-damage|p2a: Dragonite|2/100
|move|p2a: Dragonite|Earthquake|p1a: Caesar Zepili
|-supereffective|p1a: Caesar Zepili
|-damage|p1a: Caesar Zepili|0 fnt
|faint|p1a: Caesar Zepili
|
|win|22dt
|raw|jd2sleepy's rating: 1584 &rarr; <strong>1567</strong><br />(-17 for losing)
|raw|22dt's rating: 1630 &rarr; <strong>1647</strong><br />(+17 for winning)
|c|☆22dt|ggs
|c|☆22dt|close
|l|☆jd2sleepy
|player|p1|
|l|☆22dt
|player|p2|
|l| Prwellz
|j| Prwellz
|l| Prwellz
