|j|☆Dragonair bot
|j|☆kuraiyagare
|t:|1781395687
|gametype|singles
|player|p1|Dragonair bot|parasollady|1579
|player|p2|kuraiyagare|pokemonranger-gen4|1525
|gen|9
|tier|[Gen 9] OU
|rated|
|rule|HP Percentage Mod: HP is shown in percentages
|rule|Endless Battle Clause: Forcing endless battles is banned
|rule|Species Clause: Limit one of each Pokémon
|rule|OHKO Clause: OHKO moves are banned
|rule|Evasion Items Clause: Evasion items are banned
|rule|Evasion Moves Clause: Evasion moves are banned
|rule|Evasion Abilities Clause: Evasion abilities are banned
|rule|Sleep Moves Clause: Sleep-inducing moves are banned
|clearpoke
|poke|p1|Weezing-Galar, F|
|poke|p1|Gliscor, F|
|poke|p1|Blissey, F|
|poke|p1|Corviknight, F|
|poke|p1|Dondozo, F|
|poke|p1|Toxapex, M|
|poke|p2|Breloom, F|
|poke|p2|Gardevoir, F|
|poke|p2|Talonflame, M|
|poke|p2|Magnezone|
|poke|p2|Bastiodon, M|
|poke|p2|Drifblim, F|
|teampreview
|inactive|Battle timer is ON: inactive players will automatically lose when time's up. (requested by Dragonair bot)
|
|t:|1781395701
|teamsize|p1|6
|teamsize|p2|6
|start
|switch|p1a: Weezing|Weezing-Galar, F|100/100
|switch|p2a: Gardenia|Gardevoir, F|100/100
|-ability|p1a: Weezing|Neutralizing Gas
|turn|1
|
|t:|1781395706
|-end|p1a: Weezing|ability: Neutralizing Gas
|switch|p1a: Toxapex|Toxapex, M|100/100
|-ability|p2a: Gardenia|Regenerator|Trace|[from] ability: Trace|[of] p1a: Toxapex
|move|p2a: Gardenia|Psyshock|p1a: Toxapex
|-supereffective|p1a: Toxapex
|-damage|p1a: Toxapex|40/100
|
|upkeep
|turn|2
|j| Squilliam2g
|
|t:|1781395712
|switch|p2a: hax = skill|Magnezone|100/100
|switch|p1a: Corviknight|Corviknight, F|100/100
|-ability|p1a: Corviknight|Pressure
|
|upkeep
|turn|3
|
|t:|1781395721
|move|p1a: Corviknight|Body Press|p2a: hax = skill
|-supereffective|p2a: hax = skill
|-damage|p2a: hax = skill|56/100
|move|p2a: hax = skill|Flash Cannon|p1a: Corviknight
|-resisted|p1a: Corviknight
|-damage|p1a: Corviknight|78/100
|
|-heal|p1a: Corviknight|84/100|[from] item: Leftovers
|upkeep
|turn|4
|
|t:|1781395728
|move|p1a: Corviknight|Body Press|p2a: hax = skill
|-supereffective|p2a: hax = skill
|-damage|p2a: hax = skill|10/100
|move|p2a: hax = skill|Thunderbolt|p1a: Corviknight
|-supereffective|p1a: Corviknight
|-damage|p1a: Corviknight|0 fnt
|faint|p1a: Corviknight
|
|upkeep
|
|t:|1781395734
|switch|p1a: Gliscor|Gliscor, F|100/100
|turn|5
|
|t:|1781395739
|switch|p2a: drifflim|Drifblim, F|100/100
|move|p1a: Gliscor|Knock Off|p2a: drifflim
|-supereffective|p2a: drifflim
|-damage|p2a: drifflim|46/100
|-enditem|p2a: drifflim|Weakness Policy
|-boost|p2a: drifflim|atk|2|[from] item: Weakness Policy
|-boost|p2a: drifflim|spa|2|[from] item: Weakness Policy
|
|-status|p1a: Gliscor|tox|[from] item: Toxic Orb
|upkeep
|turn|6
|
|t:|1781395744
|switch|p1a: Toxapex|Toxapex, M|74/100
|move|p2a: drifflim|Calm Mind|p2a: drifflim
|-boost|p2a: drifflim|spa|1
|-boost|p2a: drifflim|spd|1
|
|upkeep
|turn|7
|
|t:|1781395768
|move|p2a: drifflim|Thunderbolt|p1a: Toxapex
|-supereffective|p1a: Toxapex
|-damage|p1a: Toxapex|0 fnt
|faint|p1a: Toxapex
|
|upkeep
|
|t:|1781395771
|switch|p1a: Blissey|Blissey, F|100/100
|turn|8
|
|t:|1781395775
|-terastallize|p1a: Blissey|Steel
|move|p2a: drifflim|Thunderbolt|p1a: Blissey
|-damage|p1a: Blissey|81/100
|move|p1a: Blissey|Calm Mind|p1a: Blissey
|-boost|p1a: Blissey|spa|1
|-boost|p1a: Blissey|spd|1
|
|-heal|p1a: Blissey|87/100|[from] item: Leftovers
|upkeep
|turn|9
|
|t:|1781395788
|switch|p2a: hax = skill|Magnezone|10/100
|move|p1a: Blissey|Calm Mind|p1a: Blissey
|-boost|p1a: Blissey|spa|1
|-boost|p1a: Blissey|spd|1
|
|-heal|p1a: Blissey|93/100|[from] item: Leftovers
|upkeep
|turn|10
|-enditem|p2a: hax = skill|Custap Berry|[eat]
|-activate|p2a: hax = skill|item: Custap Berry|[consumed]
|
|t:|1781395799
|move|p2a: hax = skill|Body Press|p1a: Blissey
|-supereffective|p1a: Blissey
|-damage|p1a: Blissey|50/100
|move|p1a: Blissey|Seismic Toss|p2a: hax = skill
|-damage|p2a: hax = skill|0 fnt
|faint|p2a: hax = skill
|
|-heal|p1a: Blissey|57/100|[from] item: Leftovers
|upkeep
|
|t:|1781395811
|switch|p2a: Vatra|Talonflame, M|100/100
|turn|11
|
|t:|1781395815
|move|p2a: Vatra|Flare Blitz|p1a: Blissey
|-supereffective|p1a: Blissey
|-damage|p1a: Blissey|0 fnt
|faint|p1a: Blissey
|-damage|p2a: Vatra|59/100|[from] Recoil
|
|upkeep
|
|t:|1781395819
|switch|p1a: Gliscor|Gliscor, F|100/100 tox
|turn|12
|
|t:|1781395825
|move|p2a: Vatra|Flare Blitz|p1a: Gliscor
|-damage|p1a: Gliscor|62/100 tox
|-damage|p2a: Vatra|44/100|[from] Recoil
|move|p1a: Gliscor|Swords Dance|p1a: Gliscor
|-boost|p1a: Gliscor|atk|2
|
|-heal|p1a: Gliscor|75/100 tox|[from] ability: Poison Heal
|upkeep
|turn|13
|
|t:|1781395829
|move|p2a: Vatra|Flare Blitz|p1a: Gliscor
|-damage|p1a: Gliscor|39/100 tox
|-damage|p2a: Vatra|30/100|[from] Recoil
|move|p1a: Gliscor|Swords Dance|p1a: Gliscor
|-boost|p1a: Gliscor|atk|2
|
|-heal|p1a: Gliscor|52/100 tox|[from] ability: Poison Heal
|upkeep
|turn|14
|
|t:|1781395831
|move|p1a: Gliscor|Protect|p1a: Gliscor
|-singleturn|p1a: Gliscor|Protect
|move|p2a: Vatra|Flare Blitz|p1a: Gliscor
|-activate|p1a: Gliscor|move: Protect
|
|-heal|p1a: Gliscor|64/100 tox|[from] ability: Poison Heal
|upkeep
|turn|15
|
|t:|1781395836
|move|p2a: Vatra|Flare Blitz|p1a: Gliscor
|-damage|p1a: Gliscor|29/100 tox
|-damage|p2a: Vatra|16/100|[from] Recoil
|move|p1a: Gliscor|Knock Off|p2a: Vatra
|-damage|p2a: Vatra|0 fnt
|-enditem|p2a: Vatra|Heavy-Duty Boots|[from] move: Knock Off|[of] p1a: Gliscor
|faint|p2a: Vatra
|
|-heal|p1a: Gliscor|41/100 tox|[from] ability: Poison Heal
|upkeep
|
|t:|1781395847
|switch|p2a: Drastenie|Breloom, F|100/100
|turn|16
|
|t:|1781395856
|move|p1a: Gliscor|Protect|p1a: Gliscor
|-singleturn|p1a: Gliscor|Protect
|move|p2a: Drastenie|Bullet Seed|p1a: Gliscor
|-activate|p1a: Gliscor|move: Protect
|
|-heal|p1a: Gliscor|54/100 tox|[from] ability: Poison Heal
|upkeep
|turn|17
|
|t:|1781395859
|switch|p1a: Weezing|Weezing-Galar, F|100/100
|-ability|p1a: Weezing|Neutralizing Gas
|move|p2a: Drastenie|Bullet Seed|p1a: Weezing
|-resisted|p1a: Weezing
|-damage|p1a: Weezing|96/100
|-resisted|p1a: Weezing
|-damage|p1a: Weezing|91/100
|-hitcount|p1a: Weezing|2
|
|upkeep
|turn|18
|
|t:|1781395863
|switch|p2a: Bastiodon|Bastiodon, M|100/100
|move|p1a: Weezing|Will-O-Wisp|p2a: Bastiodon|[miss]
|-miss|p1a: Weezing|p2a: Bastiodon
|
|upkeep
|turn|19
|
|t:|1781395870
|move|p1a: Weezing|Toxic Spikes|p2a: Bastiodon
|-sidestart|p2: kuraiyagare|move: Toxic Spikes
|move|p2a: Bastiodon|Stealth Rock|p1a: Weezing
|-sidestart|p1: Dragonair bot|move: Stealth Rock
|
|upkeep
|turn|20
|
|t:|1781395878
|move|p1a: Weezing|Will-O-Wisp|p2a: Bastiodon
|-status|p2a: Bastiodon|brn
|move|p2a: Bastiodon|Roar|p1a: Weezing
|-end|p1a: Weezing|ability: Neutralizing Gas
|drag|p1a: Dondozo|Dondozo, F|100/100
|-damage|p1a: Dondozo|88/100|[from] Stealth Rock
|
|-heal|p1a: Dondozo|94/100|[from] item: Leftovers
|-damage|p2a: Bastiodon|94/100 brn|[from] brn
|upkeep
|turn|21
|
|t:|1781395885
|move|p1a: Dondozo|Waterfall|p2a: Bastiodon
|-supereffective|p2a: Bastiodon
|-damage|p2a: Bastiodon|62/100 brn
|move|p2a: Bastiodon|Metal Burst|p1a: Dondozo
|-damage|p1a: Dondozo|63/100
|
|-heal|p1a: Dondozo|69/100|[from] item: Leftovers
|-damage|p2a: Bastiodon|56/100 brn|[from] brn
|upkeep
|turn|22
|
|t:|1781395892
|move|p1a: Dondozo|Waterfall|p2a: Bastiodon
|-supereffective|p2a: Bastiodon
|-damage|p2a: Bastiodon|26/100 brn
|move|p2a: Bastiodon|Rest|p2a: Bastiodon
|-status|p2a: Bastiodon|slp|[from] move: Rest
|-heal|p2a: Bastiodon|100/100 slp|[silent]
|-enditem|p2a: Bastiodon|Chesto Berry|[eat]
|-curestatus|p2a: Bastiodon|slp|[msg]
|
|-heal|p1a: Dondozo|76/100|[from] item: Leftovers
|upkeep
|turn|23
|
|t:|1781395905
|move|p1a: Dondozo|Curse|p1a: Dondozo
|-unboost|p1a: Dondozo|spe|1
|-boost|p1a: Dondozo|atk|1
|-boost|p1a: Dondozo|def|1
|move|p2a: Bastiodon|Roar|p1a: Dondozo
|drag|p1a: Weezing|Weezing-Galar, F|91/100
|-ability|p1a: Weezing|Neutralizing Gas
|
|upkeep
|turn|24
|
|t:|1781395911
|move|p1a: Weezing|Will-O-Wisp|p2a: Bastiodon
|-status|p2a: Bastiodon|brn
|move|p2a: Bastiodon|Roar|p1a: Weezing
|-end|p1a: Weezing|ability: Neutralizing Gas
|drag|p1a: Dondozo|Dondozo, F|76/100
|-damage|p1a: Dondozo|63/100|[from] Stealth Rock
|
|-heal|p1a: Dondozo|69/100|[from] item: Leftovers
|-damage|p2a: Bastiodon|94/100 brn|[from] brn
|upkeep
|turn|25
|
|t:|1781395917
|switch|p1a: Weezing|Weezing-Galar, F|91/100
|-ability|p1a: Weezing|Neutralizing Gas
|move|p2a: Bastiodon|Metal Burst||[still]
|-fail|p2a: Bastiodon
|
|-damage|p2a: Bastiodon|88/100 brn|[from] brn
|upkeep
|turn|26
|
|t:|1781395920
|move|p1a: Weezing|Toxic Spikes|p2a: Bastiodon
|-sidestart|p2: kuraiyagare|move: Toxic Spikes
|move|p2a: Bastiodon|Roar|p1a: Weezing
|-end|p1a: Weezing|ability: Neutralizing Gas
|drag|p1a: Gliscor|Gliscor, F|54/100 tox
|-damage|p1a: Gliscor|41/100 tox|[from] Stealth Rock
|
|-heal|p1a: Gliscor|54/100 tox|[from] ability: Poison Heal
|-damage|p2a: Bastiodon|82/100 brn|[from] brn
|upkeep
|turn|27
|
|t:|1781395929
|move|p1a: Gliscor|Earthquake|p2a: Bastiodon
|-supereffective|p2a: Bastiodon
|-damage|p2a: Bastiodon|14/100 brn
|move|p2a: Bastiodon|Metal Burst|p1a: Gliscor
|-damage|p1a: Gliscor|0 fnt
|faint|p1a: Gliscor
|
|-damage|p2a: Bastiodon|8/100 brn|[from] brn
|upkeep
|
|t:|1781395935
|switch|p1a: Dondozo|Dondozo, F|69/100
|-damage|p1a: Dondozo|57/100|[from] Stealth Rock
|turn|28
|
|t:|1781395939
|move|p1a: Dondozo|Rest|p1a: Dondozo
|-status|p1a: Dondozo|slp|[from] move: Rest
|-heal|p1a: Dondozo|100/100 slp|[silent]
|move|p2a: Bastiodon|Rest|p2a: Bastiodon
|-status|p2a: Bastiodon|slp|[from] move: Rest
|-heal|p2a: Bastiodon|100/100 slp|[silent]
|
|upkeep
|turn|29
|
|t:|1781395950
|cant|p1a: Dondozo|slp
|move|p1a: Dondozo|Sleep Talk|p1a: Dondozo
|move|p1a: Dondozo|Curse|p1a: Dondozo|[from] move: Sleep Talk
|-unboost|p1a: Dondozo|spe|1
|-boost|p1a: Dondozo|atk|1
|-boost|p1a: Dondozo|def|1
|cant|p2a: Bastiodon|slp
|
|upkeep
|turn|30
|
|t:|1781395967
|cant|p2a: Bastiodon|slp
|cant|p1a: Dondozo|slp
|move|p1a: Dondozo|Sleep Talk|p1a: Dondozo
|move|p1a: Dondozo|Waterfall|p2a: Bastiodon|[from] move: Sleep Talk
|-supereffective|p2a: Bastiodon
|-damage|p2a: Bastiodon|56/100 slp
|
|upkeep
|turn|31
|
|t:|1781395974
|-curestatus|p1a: Dondozo|slp|[msg]
|move|p1a: Dondozo|Waterfall|p2a: Bastiodon
|-supereffective|p2a: Bastiodon
|-damage|p2a: Bastiodon|13/100 slp
|-curestatus|p2a: Bastiodon|slp|[msg]
|move|p2a: Bastiodon|Roar|p1a: Dondozo
|drag|p1a: Weezing|Weezing-Galar, F|91/100
|-ability|p1a: Weezing|Neutralizing Gas
|
|upkeep
|turn|32
|
|t:|1781395979
|move|p1a: Weezing|Will-O-Wisp|p2a: Bastiodon
|-status|p2a: Bastiodon|brn
|move|p2a: Bastiodon|Rest|p2a: Bastiodon
|-status|p2a: Bastiodon|slp|[from] move: Rest
|-heal|p2a: Bastiodon|100/100 slp|[silent]
|
|upkeep
|turn|33
|
|t:|1781395982
|move|p1a: Weezing|Defog|p2a: Bastiodon
|-unboost|p2a: Bastiodon|evasion|1
|-sideend|p2: kuraiyagare|Toxic Spikes|[from] move: Defog|[of] p1a: Weezing
|-sideend|p1: Dragonair bot|Stealth Rock|[from] move: Defog|[of] p1a: Weezing
|cant|p2a: Bastiodon|slp
|
|upkeep
|turn|34
|
|t:|1781395987
|switch|p2a: Gardenia|Gardevoir, F|100/100
|move|p1a: Weezing|Toxic Spikes|p2a: Gardenia
|-sidestart|p2: kuraiyagare|move: Toxic Spikes
|
|upkeep
|turn|35
|-message|Dragonair bot forfeited.
|
|win|kuraiyagare
|raw|Dragonair bot's rating: 1579 &rarr; <strong>1556</strong><br />(-23 for losing)
|raw|kuraiyagare's rating: 1525 &rarr; <strong>1548</strong><br />(+23 for winning)
|l|☆Dragonair bot
|player|p1|
|l|☆kuraiyagare
|player|p2|
|l| Squilliam2g
