|j|☆KurisuChestnutLab
|j|☆li dream
|t:|1781089148
|gametype|singles
|player|p1|KurisuChestnutLab|may-contest|1476
|player|p2|li dream|cynthia|1633
|gen|9
|tier|[Gen 9] OU
|rated|
|rule|HP Percentage Mod: HP is shown in percentages
|rule|Endless Battle Clause: Forcing endless battles is banned
|rule|Species Clause: Limit one of each Pokémon
|rule|OHKO Clause: OHKO moves are banned
|rule|Evasion Items Clause: Evasion items are banned
|rule|Evasion Moves Clause: Evasion moves are banned
|rule|Evasion Abilities Clause: Evasion abilities are banned
|rule|Sleep Moves Clause: Sleep-inducing moves are banned
|clearpoke
|poke|p1|Primarina, F|
|poke|p1|Hippowdon, F|
|poke|p1|Skarmory, F|
|poke|p1|Zapdos|
|poke|p1|Dragonite, M|
|poke|p1|Slowking, F|
|poke|p2|Manaphy|
|poke|p2|Gliscor, F|
|poke|p2|Hatterene, F|
|poke|p2|Ogerpon-Wellspring, F|
|poke|p2|Raging Bolt|
|poke|p2|Zamazenta-*|
|teampreview
|inactive|Battle timer is ON: inactive players will automatically lose when time's up. (requested by li dream)
|inactive|KurisuChestnutLab also wants the timer to be on.
|
|t:|1781089163
|teamsize|p1|6
|teamsize|p2|6
|start
|switch|p1a: Dragonite|Dragonite, M|100/100
|switch|p2a: Ogerpon|Ogerpon-Wellspring, F|100/100
|turn|1
|
|t:|1781089168
|switch|p2a: Zamazenta|Zamazenta|100/100
|-ability|p2a: Zamazenta|Dauntless Shield|boost
|-boost|p2a: Zamazenta|def|1
|move|p1a: Dragonite|Dragon Dance|p1a: Dragonite
|-boost|p1a: Dragonite|atk|1
|-boost|p1a: Dragonite|spe|1
|
|upkeep
|turn|2
|
|t:|1781089172
|move|p2a: Zamazenta|Reflect|p2a: Zamazenta
|-sidestart|p2: li dream|Reflect
|move|p1a: Dragonite|Dragon Dance|p1a: Dragonite
|-boost|p1a: Dragonite|atk|1
|-boost|p1a: Dragonite|spe|1
|
|upkeep
|turn|3
|
|t:|1781089181
|move|p1a: Dragonite|Dragon Dance|p1a: Dragonite
|-boost|p1a: Dragonite|atk|1
|-boost|p1a: Dragonite|spe|1
|move|p2a: Zamazenta|Ice Fang|p1a: Dragonite|[miss]
|-miss|p2a: Zamazenta|p1a: Dragonite
|
|upkeep
|turn|4
|
|t:|1781089187
|move|p1a: Dragonite|Earthquake|p2a: Zamazenta
|-damage|p2a: Zamazenta|73/100
|move|p2a: Zamazenta|Ice Fang|p1a: Dragonite
|-supereffective|p1a: Dragonite
|-damage|p1a: Dragonite|61/100
|
|upkeep
|turn|5
|
|t:|1781089200
|move|p1a: Dragonite|Roost|p1a: Dragonite
|-heal|p1a: Dragonite|100/100
|-singleturn|p1a: Dragonite|move: Roost
|move|p2a: Zamazenta|Ice Fang|p1a: Dragonite
|-supereffective|p1a: Dragonite
|-damage|p1a: Dragonite|81/100
|
|upkeep
|turn|6
|
|t:|1781089205
|-terastallize|p1a: Dragonite|Normal
|move|p1a: Dragonite|Extreme Speed|p2a: Zamazenta
|-damage|p2a: Zamazenta|41/100
|move|p2a: Zamazenta|Ice Fang|p1a: Dragonite
|-damage|p1a: Dragonite|61/100
|
|upkeep
|turn|7
|
|t:|1781089212
|move|p1a: Dragonite|Roost|p1a: Dragonite
|-heal|p1a: Dragonite|100/100
|move|p2a: Zamazenta|Close Combat|p1a: Dragonite
|-supereffective|p1a: Dragonite
|-damage|p1a: Dragonite|48/100
|-unboost|p2a: Zamazenta|def|1
|-unboost|p2a: Zamazenta|spd|1
|
|upkeep
|turn|8
|
|t:|1781089220
|move|p1a: Dragonite|Extreme Speed|p2a: Zamazenta
|-damage|p2a: Zamazenta|0 fnt
|faint|p2a: Zamazenta
|
|upkeep
|
|t:|1781089232
|switch|p2a: Ogerpon|Ogerpon-Wellspring, F|100/100
|turn|9
|
|t:|1781089238
|move|p1a: Dragonite|Roost|p1a: Dragonite
|-heal|p1a: Dragonite|99/100
|move|p2a: Ogerpon|Ivy Cudgel|p1a: Dragonite|[anim] Ivy Cudgel Water
|-damage|p1a: Dragonite|30/100
|
|-sideend|p2: li dream|Reflect
|upkeep
|turn|10
|
|t:|1781089262
|move|p1a: Dragonite|Extreme Speed|p2a: Ogerpon
|-damage|p2a: Ogerpon|0 fnt
|faint|p2a: Ogerpon
|
|upkeep
|
|t:|1781089268
|switch|p2a: Hatterene|Hatterene, F|100/100
|turn|11
|
|t:|1781089275
|move|p1a: Dragonite|Roost|p1a: Dragonite
|-heal|p1a: Dragonite|80/100
|move|p2a: Hatterene|Draining Kiss|p1a: Dragonite
|-damage|p1a: Dragonite|55/100
|
|upkeep
|turn|12
|
|t:|1781089282
|move|p1a: Dragonite|Extreme Speed|p2a: Hatterene
|-damage|p2a: Hatterene|10/100
|move|p2a: Hatterene|Draining Kiss|p1a: Dragonite
|-damage|p1a: Dragonite|32/100
|-heal|p2a: Hatterene|27/100|[from] drain|[of] p1a: Dragonite
|
|-heal|p2a: Hatterene|33/100|[from] item: Leftovers
|upkeep
|turn|13
|
|t:|1781089289
|move|p1a: Dragonite|Roost|p1a: Dragonite
|-heal|p1a: Dragonite|83/100
|move|p2a: Hatterene|Draining Kiss|p1a: Dragonite
|-damage|p1a: Dragonite|57/100
|-heal|p2a: Hatterene|52/100|[from] drain|[of] p1a: Dragonite
|
|-heal|p2a: Hatterene|58/100|[from] item: Leftovers
|upkeep
|turn|14
|
|t:|1781089296
|move|p1a: Dragonite|Extreme Speed|p2a: Hatterene
|-damage|p2a: Hatterene|0 fnt
|faint|p2a: Hatterene
|
|upkeep
|
|t:|1781089301
|switch|p2a: Gliscor|Gliscor, F|100/100
|turn|15
|
|t:|1781089312
|move|p1a: Dragonite|Dragon Dance|p1a: Dragonite
|-boost|p1a: Dragonite|atk|1
|-boost|p1a: Dragonite|spe|1
|move|p2a: Gliscor|Swords Dance|p2a: Gliscor
|-boost|p2a: Gliscor|atk|2
|
|-status|p2a: Gliscor|tox|[from] item: Toxic Orb
|upkeep
|turn|16
|
|t:|1781089320
|move|p1a: Dragonite|Extreme Speed|p2a: Gliscor
|-damage|p2a: Gliscor|0 fnt
|faint|p2a: Gliscor
|
|upkeep
|
|t:|1781089324
|switch|p2a: Raging Bolt|Raging Bolt|100/100
|-enditem|p2a: Raging Bolt|Booster Energy
|-activate|p2a: Raging Bolt|ability: Protosynthesis|[fromitem]
|-start|p2a: Raging Bolt|protosynthesisspa
|turn|17
|
|t:|1781089336
|move|p1a: Dragonite|Extreme Speed|p2a: Raging Bolt
|-damage|p2a: Raging Bolt|0 fnt
|faint|p2a: Raging Bolt
|-end|p2a: Raging Bolt|Protosynthesis|[silent]
|
|upkeep
|
|t:|1781089338
|switch|p2a: Manaphy|Manaphy|100/100
|turn|18
|
|t:|1781089343
|move|p1a: Dragonite|Extreme Speed|p2a: Manaphy
|-damage|p2a: Manaphy|0 fnt
|faint|p2a: Manaphy
|
|win|KurisuChestnutLab
|raw|KurisuChestnutLab's rating: 1473 &rarr; <strong>1502</strong><br />(+29 for winning)
|raw|li dream's rating: 1633 &rarr; <strong>1604</strong><br />(-29 for losing)
|l|☆li dream
|player|p2|
