|j|☆levi6969
|j|☆yoribori
|t:|1781572743
|gametype|singles
|player|p1|levi6969|265|1524
|player|p2|yoribori|iris-gen5bw2|1503
|gen|9
|tier|[Gen 9] OU
|rated|
|rule|HP Percentage Mod: HP is shown in percentages
|rule|Endless Battle Clause: Forcing endless battles is banned
|rule|Species Clause: Limit one of each Pokémon
|rule|OHKO Clause: OHKO moves are banned
|rule|Evasion Items Clause: Evasion items are banned
|rule|Evasion Moves Clause: Evasion moves are banned
|rule|Evasion Abilities Clause: Evasion abilities are banned
|rule|Sleep Moves Clause: Sleep-inducing moves are banned
|clearpoke
|poke|p1|Crawdaunt, M|
|poke|p1|Weezing-Galar, M|
|poke|p1|Landorus-Therian, M|
|poke|p1|Dragapult, F|
|poke|p1|Heatran, F|
|poke|p1|Gallade, M|
|poke|p2|Glimmora, M|
|poke|p2|Landorus-Therian, M|
|poke|p2|Darkrai|
|poke|p2|Sinistcha|
|poke|p2|Samurott-Hisui, F|
|poke|p2|Gholdengo|
|teampreview
|inactive|Battle timer is ON: inactive players will automatically lose when time's up. (requested by yoribori)
|
|t:|1781572771
|teamsize|p1|6
|teamsize|p2|6
|start
|switch|p1a: Dragapult|Dragapult, F|100/100
|switch|p2a: Samurott|Samurott-Hisui, F|100/100
|turn|1
|
|t:|1781572775
|move|p1a: Dragapult|U-turn|p2a: Samurott
|-supereffective|p2a: Samurott
|-damage|p2a: Samurott|32/100
|
|t:|1781572782
|switch|p1a: Landorus|Landorus-Therian, M|100/100|[from] U-turn
|-ability|p1a: Landorus|Intimidate|boost
|-unboost|p2a: Samurott|atk|1
|move|p2a: Samurott|Ceaseless Edge|p1a: Landorus
|-damage|p1a: Landorus|74/100
|-damage|p2a: Samurott|15/100|[from] item: Rocky Helmet|[of] p1a: Landorus
|-sidestart|p1: levi6969|Spikes
|
|upkeep
|turn|2
|
|t:|1781572790
|switch|p2a: Sinistcha|Sinistcha|100/100
|move|p1a: Landorus|U-turn|p2a: Sinistcha
|-damage|p2a: Sinistcha|87/100
|c|☆yoribori|we rlly got cb pult w out tblast
|c|☆yoribori|is this astonish
|
|t:|1781572808
|switch|p1a: Heatran|Heatran, F|100/100|[from] U-turn
|-damage|p1a: Heatran|88/100|[from] Spikes
|
|-heal|p1a: Heatran|94/100|[from] item: Leftovers
|upkeep
|turn|3
|
|t:|1781572813
|switch|p2a: Glimmora|Glimmora, M|100/100
|move|p1a: Heatran|Magma Storm|p2a: Glimmora
|-resisted|p2a: Glimmora
|-damage|p2a: Glimmora|73/100
|-activate|p2a: Glimmora|move: Magma Storm|[of] p1a: Heatran
|-enditem|p2a: Glimmora|Red Card|[of] p1a: Heatran
|drag|p1a: Landorus|Landorus-Therian, M|74/100
|-ability|p1a: Landorus|Intimidate|boost
|-unboost|p2a: Glimmora|atk|1
|
|-end|p2a: Glimmora|Magma Storm|[partiallytrapped]|[silent]
|upkeep
|turn|4
|
|t:|1781572823
|switch|p1a: Dragapult|Dragapult, F|100/100
|-damage|p1a: Dragapult|88/100|[from] Spikes
|switch|p2a: Landorus|Landorus-Therian, M|100/100
|-ability|p2a: Landorus|Intimidate|boost
|-fail|p1a: Dragapult|unboost|[from] ability: Clear Body|[of] p1a: Dragapult
|
|upkeep
|turn|5
|
|t:|1781572830
|-terastallize|p1a: Dragapult|Dragon
|move|p2a: Landorus|Earthquake|p1a: Dragapult
|-damage|p1a: Dragapult|11/100
|move|p1a: Dragapult|Dragon Darts|p2a: Landorus
|-damage|p2a: Landorus|45/100
|-anim|p1a: Dragapult|Dragon Darts|p2a: Landorus
|-damage|p2a: Landorus|0 fnt
|faint|p2a: Landorus
|
|upkeep
|
|t:|1781572836
|switch|p2a: Samurott|Samurott-Hisui, F|15/100
|turn|6
|
|t:|1781572840
|switch|p1a: Weezing|Weezing-Galar, M|100/100
|-ability|p1a: Weezing|Neutralizing Gas
|-damage|p1a: Weezing|88/100|[from] Spikes
|move|p2a: Samurott|Ceaseless Edge|p1a: Weezing
|-resisted|p1a: Weezing
|-damage|p1a: Weezing|78/100
|-damage|p2a: Samurott|0 fnt|[from] item: Rocky Helmet|[of] p1a: Weezing
|faint|p2a: Samurott
|
|upkeep
|
|t:|1781572844
|switch|p2a: Gholdengo|Gholdengo|100/100
|-item|p2a: Gholdengo|Air Balloon
|turn|7
|
|t:|1781572847
|-end|p1a: Weezing|ability: Neutralizing Gas
|switch|p1a: Heatran|Heatran, F|94/100
|-damage|p1a: Heatran|82/100|[from] Spikes
|move|p2a: Gholdengo|Shadow Ball|p1a: Heatran
|-crit|p1a: Heatran
|-damage|p1a: Heatran|38/100
|
|-heal|p1a: Heatran|44/100|[from] item: Leftovers
|upkeep
|turn|8
|
|t:|1781572857
|move|p2a: Gholdengo|Focus Blast|p1a: Heatran
|-supereffective|p1a: Heatran
|-damage|p1a: Heatran|0 fnt
|faint|p1a: Heatran
|
|upkeep
|
|t:|1781572864
|switch|p1a: Gallade|Gallade, M|100/100
|-damage|p1a: Gallade|88/100|[from] Spikes
|turn|9
|
|t:|1781572868
|switch|p2a: Glimmora|Glimmora, M|73/100
|move|p1a: Gallade|Night Slash|p2a: Glimmora
|-damage|p2a: Glimmora|29/100
|-activate|p2a: Glimmora|ability: Toxic Debris
|-sidestart|p1: levi6969|move: Toxic Spikes
|
|upkeep
|turn|10
|
|t:|1781572875
|move|p2a: Glimmora|Stealth Rock|p1a: Gallade
|-sidestart|p1: levi6969|move: Stealth Rock
|move|p1a: Gallade|Psycho Cut|p2a: Glimmora
|-supereffective|p2a: Glimmora
|-damage|p2a: Glimmora|0 fnt
|-activate|p2a: Glimmora|ability: Toxic Debris
|-sidestart|p1: levi6969|move: Toxic Spikes
|faint|p2a: Glimmora
|
|upkeep
|
|t:|1781572889
|switch|p2a: Gholdengo|Gholdengo|100/100
|-item|p2a: Gholdengo|Air Balloon
|turn|11
|
|t:|1781572903
|move|p2a: Gholdengo|Shadow Ball|p1a: Gallade
|-supereffective|p1a: Gallade
|-damage|p1a: Gallade|30/100
|-unboost|p1a: Gallade|spd|1
|move|p1a: Gallade|Psycho Cut|p2a: Gholdengo
|-resisted|p2a: Gholdengo
|-crit|p2a: Gholdengo
|-damage|p2a: Gholdengo|48/100
|-enditem|p2a: Gholdengo|Air Balloon
|
|upkeep
|turn|12
|
|t:|1781572910
|move|p1a: Gallade|Shadow Sneak|p2a: Gholdengo
|-supereffective|p2a: Gholdengo
|-damage|p2a: Gholdengo|13/100
|move|p2a: Gholdengo|Shadow Ball|p1a: Gallade
|-supereffective|p1a: Gallade
|-damage|p1a: Gallade|0 fnt
|faint|p1a: Gallade
|
|upkeep
|
|t:|1781572918
|switch|p1a: Weezing|Weezing-Galar, M|78/100
|-ability|p1a: Weezing|Neutralizing Gas
|-damage|p1a: Weezing|66/100|[from] Spikes
|-sideend|p1: levi6969|move: Toxic Spikes|[of] p1a: Weezing
|-damage|p1a: Weezing|53/100|[from] Stealth Rock
|turn|13
|
|t:|1781572927
|move|p2a: Gholdengo|Make It Rain|p1a: Weezing
|-supereffective|p1a: Weezing
|-damage|p1a: Weezing|0 fnt
|-unboost|p2a: Gholdengo|spa|1
|faint|p1a: Weezing
|-end|p1a: Weezing|ability: Neutralizing Gas
|
|upkeep
|-message|levi6969 forfeited.
|
|win|yoribori
|raw|levi6969's rating: 1524 &rarr; <strong>1503</strong><br />(-21 for losing)
|raw|yoribori's rating: 1503 &rarr; <strong>1524</strong><br />(+21 for winning)
|l|☆levi6969
|player|p1|
