|j|☆levi6969
|j|☆CoolMeDownB
|t:|1781589716
|gametype|singles
|player|p1|levi6969|101|1527
|player|p2|CoolMeDownB|crasherwake|1650
|gen|9
|tier|[Gen 9] OU
|rated|
|rule|HP Percentage Mod: HP is shown in percentages
|rule|Endless Battle Clause: Forcing endless battles is banned
|rule|Species Clause: Limit one of each Pokémon
|rule|OHKO Clause: OHKO moves are banned
|rule|Evasion Items Clause: Evasion items are banned
|rule|Evasion Moves Clause: Evasion moves are banned
|rule|Evasion Abilities Clause: Evasion abilities are banned
|rule|Sleep Moves Clause: Sleep-inducing moves are banned
|clearpoke
|poke|p1|Hoopa-Unbound|
|poke|p1|Pecharunt|
|poke|p1|Landorus-Therian, M|
|poke|p1|Cinderace, M|
|poke|p1|Alomomola, M|
|poke|p1|Iron Valiant|
|poke|p2|Samurott-Hisui, F|
|poke|p2|Pelipper, F|
|poke|p2|Basculegion-F, F|
|poke|p2|Great Tusk|
|poke|p2|Kingambit, F|
|poke|p2|Slowking-Galar, M|
|teampreview
|c|☆CoolMeDownB|gl
|
|t:|1781589731
|teamsize|p1|6
|teamsize|p2|6
|start
|switch|p1a: Iron Valiant|Iron Valiant, shiny|100/100
|switch|p2a: best mon|Samurott-Hisui, F, shiny|100/100
|turn|1
|inactive|Battle timer is ON: inactive players will automatically lose when time's up. (requested by levi6969)
|
|t:|1781589736
|switch|p2a: big head|Slowking-Galar, M, shiny|100/100
|move|p1a: Iron Valiant|Moonblast|p2a: big head
|-resisted|p2a: big head
|-damage|p2a: big head|85/100
|
|upkeep
|turn|2
|
|t:|1781589742
|-end|p1a: Iron Valiant|Quark Drive|[silent]
|switch|p1a: Pecharunt|Pecharunt|100/100
|move|p2a: big head|Sludge Bomb|p1a: Pecharunt
|-resisted|p1a: Pecharunt
|-damage|p1a: Pecharunt|93/100
|
|upkeep
|turn|3
|
|t:|1781589745
|move|p1a: Pecharunt|Parting Shot|p2a: big head
|-unboost|p2a: big head|atk|1
|-unboost|p2a: big head|spa|1
|
|t:|1781589749
|switch|p1a: Iron Valiant|Iron Valiant, shiny|100/100|[from] Parting Shot
|move|p2a: big head|Future Sight|p1a: Iron Valiant
|-start|p2a: big head|move: Future Sight
|
|upkeep
|turn|4
|
|t:|1781589756
|-end|p1a: Iron Valiant|Quark Drive|[silent]
|switch|p1a: Alomomola|Alomomola, M, shiny|100/100
|move|p2a: big head|Sludge Bomb|p1a: Alomomola
|-damage|p1a: Alomomola|89/100
|
|upkeep
|turn|5
|
|t:|1781589761
|move|p1a: Alomomola|Flip Turn|p2a: big head
|-damage|p2a: big head|70/100
|
|t:|1781589764
|switch|p1a: Hoopa|Hoopa-Unbound|100/100|[from] Flip Turn
|move|p2a: big head|Sludge Bomb|p1a: Hoopa
|-damage|p1a: Hoopa|79/100
|
|-end|p1a: Hoopa|move: Future Sight
|-immune|p1a: Hoopa
|upkeep
|turn|6
|
|t:|1781589775
|switch|p2a: best mon|Samurott-Hisui, F, shiny|100/100
|move|p1a: Hoopa|Knock Off|p2a: best mon
|-resisted|p2a: best mon
|-crit|p2a: best mon
|-damage|p2a: best mon|45/100
|-damage|p1a: Hoopa|63/100|[from] item: Rocky Helmet|[of] p2a: best mon
|-enditem|p2a: best mon|Rocky Helmet|[from] move: Knock Off|[of] p1a: Hoopa
|
|upkeep
|turn|7
|
|t:|1781589785
|switch|p1a: Landorus|Landorus-Therian, M, shiny|100/100
|-ability|p1a: Landorus|Intimidate|boost
|-unboost|p2a: best mon|atk|1
|move|p2a: best mon|Razor Shell|p1a: Landorus
|-supereffective|p1a: Landorus
|-damage|p1a: Landorus|37/100
|
|upkeep
|turn|8
|
|t:|1781589791
|move|p1a: Landorus|U-turn|p2a: best mon
|-supereffective|p2a: best mon
|-damage|p2a: best mon|5/100
|
|t:|1781589797
|switch|p1a: Alomomola|Alomomola, M, shiny|100/100|[from] U-turn
|move|p2a: best mon|Rest|p2a: best mon
|-status|p2a: best mon|slp|[from] move: Rest
|-heal|p2a: best mon|100/100 slp|[silent]
|
|upkeep
|turn|9
|
|t:|1781589805
|cant|p2a: best mon|slp
|move|p2a: best mon|Sleep Talk|p2a: best mon
|move|p2a: best mon|Ceaseless Edge|p1a: Alomomola|[from] move: Sleep Talk
|-damage|p1a: Alomomola|83/100
|-sidestart|p1: levi6969|Spikes
|move|p1a: Alomomola|Flip Turn|p2a: best mon
|-resisted|p2a: best mon
|-damage|p2a: best mon|94/100 slp
|
|t:|1781589808
|switch|p1a: Cinderace|Cinderace, M, shiny|100/100|[from] Flip Turn
|
|upkeep
|turn|10
|
|t:|1781589819
|move|p1a: Cinderace|Court Change|p1a: Cinderace
|-start|p1a: Cinderace|typechange|Normal|[from] ability: Libero
|-swapsideconditions
|-activate|p1a: Cinderace|move: Court Change
|cant|p2a: best mon|slp
|move|p2a: best mon|Sleep Talk|p2a: best mon
|move|p2a: best mon|Ceaseless Edge|p1a: Cinderace|[from] move: Sleep Talk|[miss]
|-miss|p2a: best mon|p1a: Cinderace
|
|upkeep
|turn|11
|
|t:|1781589826
|move|p1a: Cinderace|U-turn|p2a: best mon
|-supereffective|p2a: best mon
|-damage|p2a: best mon|59/100 slp
|
|t:|1781589832
|switch|p1a: Iron Valiant|Iron Valiant, shiny|100/100|[from] U-turn
|-curestatus|p2a: best mon|slp|[msg]
|move|p2a: best mon|Ceaseless Edge|p1a: Iron Valiant|[miss]
|-miss|p2a: best mon|p1a: Iron Valiant
|
|upkeep
|turn|12
|
|t:|1781589838
|switch|p2a: big head|Slowking-Galar, M, shiny|100/100
|-damage|p2a: big head|88/100|[from] Spikes
|move|p1a: Iron Valiant|Moonblast|p2a: big head
|-resisted|p2a: big head
|-damage|p2a: big head|73/100
|
|upkeep
|turn|13
|
|t:|1781589844
|-end|p1a: Iron Valiant|Quark Drive|[silent]
|switch|p1a: Hoopa|Hoopa-Unbound|63/100
|move|p2a: big head|Sludge Bomb|p1a: Hoopa
|-damage|p1a: Hoopa|32/100
|
|upkeep
|turn|14
|
|t:|1781589852
|switch|p2a: best mon|Samurott-Hisui, F, shiny|59/100
|-damage|p2a: best mon|46/100|[from] Spikes
|move|p1a: Hoopa|Hyperspace Fury|p2a: best mon
|-resisted|p2a: best mon
|-damage|p2a: best mon|5/100
|-unboost|p1a: Hoopa|def|1
|
|upkeep
|turn|15
|
|t:|1781589858
|switch|p1a: Alomomola|Alomomola, M, shiny|100/100
|move|p2a: best mon|Rest|p2a: best mon
|-status|p2a: best mon|slp|[from] move: Rest
|-heal|p2a: best mon|100/100 slp|[silent]
|
|upkeep
|turn|16
|
|t:|1781589861
|cant|p2a: best mon|slp
|move|p2a: best mon|Sleep Talk|p2a: best mon
|move|p2a: best mon|Rest||[from] move: Sleep Talk|[still]
|-fail|p2a: best mon
|move|p1a: Alomomola|Flip Turn|p2a: best mon
|-resisted|p2a: best mon
|-damage|p2a: best mon|94/100 slp
|
|t:|1781589872
|switch|p1a: Iron Valiant|Iron Valiant, shiny|100/100|[from] Flip Turn
|
|upkeep
|turn|17
|
|t:|1781589876
|switch|p2a: big head|Slowking-Galar, M, shiny|100/100
|-damage|p2a: big head|88/100|[from] Spikes
|move|p1a: Iron Valiant|Moonblast|p2a: big head
|-resisted|p2a: big head
|-damage|p2a: big head|72/100
|
|upkeep
|turn|18
|
|t:|1781589880
|-end|p1a: Iron Valiant|Quark Drive|[silent]
|switch|p1a: Alomomola|Alomomola, M, shiny|100/100
|move|p2a: big head|Sludge Bomb|p1a: Alomomola
|-damage|p1a: Alomomola|81/100
|
|upkeep
|turn|19
|
|t:|1781589884
|move|p1a: Alomomola|Flip Turn|p2a: big head
|-damage|p2a: big head|57/100
|
|t:|1781589887
|switch|p1a: Pecharunt|Pecharunt|93/100|[from] Flip Turn
|move|p2a: big head|Future Sight|p1a: Pecharunt
|-start|p2a: big head|move: Future Sight
|
|upkeep
|turn|20
|
|t:|1781589893
|move|p1a: Pecharunt|Malignant Chain|p2a: big head
|-resisted|p2a: big head
|-damage|p2a: big head|51/100
|move|p2a: big head|Sludge Bomb|p1a: Pecharunt
|-resisted|p1a: Pecharunt
|-crit|p1a: Pecharunt
|-damage|p1a: Pecharunt|79/100
|
|upkeep
|turn|21
|
|t:|1781589897
|move|p1a: Pecharunt|Malignant Chain|p2a: big head
|-resisted|p2a: big head
|-damage|p2a: big head|44/100
|move|p2a: big head|Sludge Bomb|p1a: Pecharunt
|-resisted|p1a: Pecharunt
|-crit|p1a: Pecharunt
|-damage|p1a: Pecharunt|67/100
|
|-end|p1a: Pecharunt|move: Future Sight
|-supereffective|p1a: Pecharunt
|-damage|p1a: Pecharunt|0 fnt
|faint|p1a: Pecharunt
|upkeep
|
|t:|1781589906
|switch|p1a: Landorus|Landorus-Therian, M, shiny|37/100
|-ability|p1a: Landorus|Intimidate|boost
|-unboost|p2a: big head|atk|1
|turn|22
|
|t:|1781589911
|switch|p2a: big guy|Great Tusk, shiny|100/100
|-damage|p2a: big guy|88/100|[from] Spikes
|move|p1a: Landorus|Stone Edge|p2a: big guy|[miss]
|-miss|p1a: Landorus|p2a: big guy
|
|upkeep
|turn|23
|
|t:|1781589915
|switch|p1a: Alomomola|Alomomola, M, shiny|100/100
|move|p2a: big guy|Rapid Spin|p1a: Alomomola
|-damage|p1a: Alomomola|88/100
|-boost|p2a: big guy|spe|1
|-sideend|p2: CoolMeDownB|Spikes|[from] move: Rapid Spin|[of] p2a: big guy
|
|upkeep
|turn|24
|-message|levi6969 forfeited.
|
|win|CoolMeDownB
|raw|levi6969's rating: 1527 &rarr; <strong>1514</strong><br />(-13 for losing)
|raw|CoolMeDownB's rating: 1650 &rarr; <strong>1663</strong><br />(+13 for winning)
|l|☆levi6969
|player|p1|
|c|☆CoolMeDownB|gg
|l|☆CoolMeDownB
|player|p2|
