|j|☆fifodrummer
|j|☆KurisuChestnutOU
|t:|1781160554
|gametype|singles
|player|p1|fifodrummer|pokemaniac|1537
|player|p2|KurisuChestnutOU|may-contest|1515
|gen|9
|tier|[Gen 9] OU
|rated|
|rule|HP Percentage Mod: HP is shown in percentages
|rule|Endless Battle Clause: Forcing endless battles is banned
|rule|Species Clause: Limit one of each Pokémon
|rule|OHKO Clause: OHKO moves are banned
|rule|Evasion Items Clause: Evasion items are banned
|rule|Evasion Moves Clause: Evasion moves are banned
|rule|Evasion Abilities Clause: Evasion abilities are banned
|rule|Sleep Moves Clause: Sleep-inducing moves are banned
|clearpoke
|poke|p1|Crawdaunt, M|
|poke|p1|Krookodile, M|
|poke|p1|Goodra-Hisui, F|
|poke|p1|Haxorus, M|
|poke|p1|Espeon, F|
|poke|p1|Corviknight, F|
|poke|p2|Hawlucha, F|
|poke|p2|Samurott-Hisui, F|
|poke|p2|Rillaboom, F|
|poke|p2|Gholdengo|
|poke|p2|Kyurem|
|poke|p2|Landorus-Therian, M|
|teampreview
|inactive|Battle timer is ON: inactive players will automatically lose when time's up. (requested by fifodrummer)
|
|t:|1781160560
|teamsize|p1|6
|teamsize|p2|6
|start
|switch|p1a: Bubba Gump|Crawdaunt, M|100/100
|switch|p2a: Kyurem|Kyurem|100/100
|-ability|p2a: Kyurem|Pressure
|turn|1
|inactive|KurisuChestnutOU also wants the timer to be on.
|
|t:|1781160568
|move|p2a: Kyurem|Focus Blast|p1a: Bubba Gump
|-supereffective|p1a: Bubba Gump
|-enditem|p1a: Bubba Gump|Focus Sash
|-damage|p1a: Bubba Gump|1/100
|move|p1a: Bubba Gump|Endeavor|p2a: Kyurem
|-damage|p2a: Kyurem|1/100
|
|upkeep
|turn|2
|
|t:|1781160577
|move|p2a: Kyurem|Ice Beam|p1a: Bubba Gump
|-resisted|p1a: Bubba Gump
|-damage|p1a: Bubba Gump|0 fnt
|faint|p1a: Bubba Gump
|
|upkeep
|
|t:|1781160585
|switch|p1a: Bio Hazard|Espeon, F, shiny|100/100
|turn|3
|
|t:|1781160593
|move|p1a: Bio Hazard|Alluring Voice|p2a: Kyurem
|-supereffective|p2a: Kyurem
|-damage|p2a: Kyurem|0 fnt
|faint|p2a: Kyurem
|
|upkeep
|
|t:|1781160603
|switch|p2a: Samurott|Samurott-Hisui, F|100/100
|turn|4
|
|t:|1781160610
|-terastallize|p1a: Bio Hazard|Fairy
|move|p1a: Bio Hazard|Alluring Voice|p2a: Samurott
|-supereffective|p2a: Samurott
|-damage|p2a: Samurott|45/100
|move|p2a: Samurott|Ceaseless Edge|p1a: Bio Hazard
|-resisted|p1a: Bio Hazard
|-damage|p1a: Bio Hazard|61/100
|-sidestart|p1: fifodrummer|Spikes
|
|-heal|p1a: Bio Hazard|67/100|[from] item: Leftovers
|upkeep
|turn|5
|
|t:|1781160621
|switch|p2a: Gholdengo|Gholdengo|100/100
|move|p1a: Bio Hazard|Alluring Voice|p2a: Gholdengo
|-resisted|p2a: Gholdengo
|-damage|p2a: Gholdengo|74/100
|
|-heal|p1a: Bio Hazard|73/100|[from] item: Leftovers
|upkeep
|turn|6
|
|t:|1781160630
|switch|p1a: 鉄の竜|Goodra-Hisui, F|100/100
|-damage|p1a: 鉄の竜|88/100|[from] Spikes
|move|p2a: Gholdengo|Shadow Ball|p1a: 鉄の竜
|-damage|p1a: 鉄の竜|67/100
|
|upkeep
|turn|7
|
|t:|1781160637
|switch|p2a: Samurott|Samurott-Hisui, F|45/100
|move|p1a: 鉄の竜|Thunderbolt|p2a: Samurott
|-supereffective|p2a: Samurott
|-damage|p2a: Samurott|6/100
|
|upkeep
|turn|8
|
|t:|1781160645
|move|p2a: Samurott|Ceaseless Edge|p1a: 鉄の竜
|-damage|p1a: 鉄の竜|33/100
|-ability|p1a: 鉄の竜|Gooey
|-unboost|p2a: Samurott|spe|1
|-sidestart|p1: fifodrummer|Spikes
|move|p1a: 鉄の竜|Surf|p2a: Samurott
|-resisted|p2a: Samurott
|-damage|p2a: Samurott|0 fnt
|faint|p2a: Samurott
|
|upkeep
|
|t:|1781160649
|switch|p2a: Rillaboom|Rillaboom, F|100/100
|-fieldstart|move: Grassy Terrain|[from] ability: Grassy Surge|[of] p2a: Rillaboom
|turn|9
|
|t:|1781160660
|switch|p1a: Mrs Raven|Corviknight, F, shiny|100/100
|move|p2a: Rillaboom|Knock Off|p1a: Mrs Raven
|-damage|p1a: Mrs Raven|72/100
|-damage|p2a: Rillaboom|84/100|[from] item: Rocky Helmet|[of] p1a: Mrs Raven
|-enditem|p1a: Mrs Raven|Rocky Helmet|[from] move: Knock Off|[of] p2a: Rillaboom
|
|-heal|p2a: Rillaboom|90/100|[from] Grassy Terrain
|upkeep
|turn|10
|
|t:|1781160669
|switch|p2a: Gholdengo|Gholdengo|74/100
|move|p1a: Mrs Raven|Defog|p2a: Gholdengo
|-immune|p2a: Gholdengo|[from] ability: Good as Gold
|
|-heal|p2a: Gholdengo|80/100|[from] Grassy Terrain
|upkeep
|turn|11
|
|t:|1781160680
|switch|p1a: The Lone Ranger|Krookodile, M, shiny|100/100
|-damage|p1a: The Lone Ranger|84/100|[from] Spikes
|move|p2a: Gholdengo|Shadow Ball|p1a: The Lone Ranger
|-resisted|p1a: The Lone Ranger
|-damage|p1a: The Lone Ranger|56/100
|
|-heal|p2a: Gholdengo|86/100|[from] Grassy Terrain
|-heal|p1a: The Lone Ranger|62/100|[from] Grassy Terrain
|upkeep
|turn|12
|
|t:|1781160690
|switch|p2a: Hawlucha|Hawlucha, F|100/100
|-enditem|p2a: Hawlucha|Grassy Seed
|-boost|p2a: Hawlucha|def|1|[from] item: Grassy Seed
|move|p1a: The Lone Ranger|Knock Off|p2a: Hawlucha
|-resisted|p2a: Hawlucha
|-damage|p2a: Hawlucha|85/100
|
|-heal|p1a: The Lone Ranger|68/100|[from] Grassy Terrain
|upkeep
|turn|13
|
|t:|1781160701
|switch|p1a: Mrs Raven|Corviknight, F, shiny|72/100
|move|p2a: Hawlucha|Swords Dance|p2a: Hawlucha
|-boost|p2a: Hawlucha|atk|2
|
|-fieldend|move: Grassy Terrain
|upkeep
|turn|14
|
|t:|1781160708
|move|p2a: Hawlucha|Low Kick|p1a: Mrs Raven
|-damage|p1a: Mrs Raven|16/100
|move|p1a: Mrs Raven|Brave Bird|p2a: Hawlucha
|-supereffective|p2a: Hawlucha
|-damage|p2a: Hawlucha|16/100
|-damage|p1a: Mrs Raven|0 fnt|[from] Recoil
|faint|p1a: Mrs Raven
|
|upkeep
|
|t:|1781160721
|switch|p1a: Bio Hazard|Espeon, F, shiny, tera:Fairy|73/100
|-damage|p1a: Bio Hazard|56/100|[from] Spikes
|turn|15
|
|t:|1781160725
|move|p2a: Hawlucha|Acrobatics|p1a: Bio Hazard
|-damage|p1a: Bio Hazard|0 fnt
|faint|p1a: Bio Hazard
|
|upkeep
|
|t:|1781160730
|switch|p1a: 鉄の竜|Goodra-Hisui, F|33/100
|-damage|p1a: 鉄の竜|16/100|[from] Spikes
|turn|16
|
|t:|1781160736
|move|p2a: Hawlucha|Low Kick|p1a: 鉄の竜
|-supereffective|p1a: 鉄の竜
|-damage|p1a: 鉄の竜|0 fnt
|-ability|p1a: 鉄の竜|Gooey
|-unboost|p2a: Hawlucha|spe|1
|faint|p1a: 鉄の竜
|
|upkeep
|
|t:|1781160743
|switch|p1a: The Lone Ranger|Krookodile, M, shiny|68/100
|-damage|p1a: The Lone Ranger|52/100|[from] Spikes
|turn|17
|
|t:|1781160748
|move|p1a: The Lone Ranger|Knock Off|p2a: Hawlucha
|-resisted|p2a: Hawlucha
|-damage|p2a: Hawlucha|3/100
|move|p2a: Hawlucha|Acrobatics|p1a: The Lone Ranger
|-damage|p1a: The Lone Ranger|0 fnt
|faint|p1a: The Lone Ranger
|
|upkeep
|
|t:|1781160756
|switch|p1a: AXE Bodyspray|Haxorus, M, shiny|100/100
|-damage|p1a: AXE Bodyspray|84/100|[from] Spikes
|-ability|p1a: AXE Bodyspray|Mold Breaker
|turn|18
|
|t:|1781160761
|-terastallize|p2a: Hawlucha|Steel
|move|p2a: Hawlucha|Low Kick|p1a: AXE Bodyspray
|-damage|p1a: AXE Bodyspray|0 fnt
|faint|p1a: AXE Bodyspray
|
|win|KurisuChestnutOU
|raw|fifodrummer's rating: 1537 &rarr; <strong>1516</strong><br />(-21 for losing)
|raw|KurisuChestnutOU's rating: 1520 &rarr; <strong>1541</strong><br />(+21 for winning)
|l|☆KurisuChestnutOU
|player|p2|
|c|☆fifodrummer|Ggs
|l|☆fifodrummer
|player|p1|
