|j|☆deathprofessor21
|j|☆lord shiddenfards
|t:|1781262501
|gametype|singles
|player|p1|deathprofessor21|101|1598
|player|p2|lord shiddenfards|blaine|1687
|gen|9
|tier|[Gen 9] OU
|rated|
|rule|HP Percentage Mod: HP is shown in percentages
|rule|Endless Battle Clause: Forcing endless battles is banned
|rule|Species Clause: Limit one of each Pokémon
|rule|OHKO Clause: OHKO moves are banned
|rule|Evasion Items Clause: Evasion items are banned
|rule|Evasion Moves Clause: Evasion moves are banned
|rule|Evasion Abilities Clause: Evasion abilities are banned
|rule|Sleep Moves Clause: Sleep-inducing moves are banned
|clearpoke
|poke|p1|Slowking-Galar, F|
|poke|p1|Hydrapple, M|
|poke|p1|Moltres|
|poke|p1|Raging Bolt|
|poke|p1|Weezing-Galar, F|
|poke|p1|Meowscarada, M|
|poke|p2|Ninetales, M|
|poke|p2|Great Tusk|
|poke|p2|Slither Wing|
|poke|p2|Alomomola, F|
|poke|p2|Iron Moth|
|poke|p2|Raging Bolt|
|teampreview
|inactive|Battle timer is ON: inactive players will automatically lose when time's up. (requested by deathprofessor21)
|
|t:|1781262516
|teamsize|p1|6
|teamsize|p2|6
|start
|switch|p1a: Raging Bolt|Raging Bolt|100/100
|switch|p2a: Slither Wing|Slither Wing|100/100
|turn|1
|
|t:|1781262521
|move|p1a: Raging Bolt|Draco Meteor|p2a: Slither Wing
|-damage|p2a: Slither Wing|16/100
|-unboost|p1a: Raging Bolt|spa|2
|move|p2a: Slither Wing|Earthquake|p1a: Raging Bolt
|-supereffective|p1a: Raging Bolt
|-damage|p1a: Raging Bolt|0 fnt
|faint|p1a: Raging Bolt
|-end|p1a: Raging Bolt|Protosynthesis|[silent]
|
|upkeep
|
|t:|1781262528
|switch|p1a: Meowscarada|Meowscarada, M|100/100
|turn|2
|j| Puyu paz
|l| Puyu paz
|
|t:|1781262536
|-end|p2a: Slither Wing|Protosynthesis|[silent]
|switch|p2a: Raging Bolt|Raging Bolt|100/100
|move|p1a: Meowscarada|U-turn|p2a: Raging Bolt
|-start|p1a: Meowscarada|typechange|Bug|[from] ability: Protean
|-damage|p2a: Raging Bolt|61/100
|
|t:|1781262545
|switch|p1a: Slowking|Slowking-Galar, F|100/100|[from] U-turn
|
|upkeep
|turn|3
|
|t:|1781262552
|move|p2a: Raging Bolt|Volt Switch|p1a: Slowking
|-damage|p1a: Slowking|78/100
|
|t:|1781262556
|-end|p2a: Raging Bolt|Protosynthesis|[silent]
|switch|p2a: Alomomola|Alomomola, F|100/100|[from] Volt Switch
|move|p1a: Slowking|Ice Beam|p2a: Alomomola
|-resisted|p2a: Alomomola
|-damage|p2a: Alomomola|88/100
|-enditem|p2a: Alomomola|Eject Button
|
|t:|1781262563
|switch|p2a: Slither Wing|Slither Wing|16/100
|
|upkeep
|turn|4
|
|t:|1781262569
|-end|p2a: Slither Wing|Protosynthesis|[silent]
|switch|p2a: Raging Bolt|Raging Bolt|61/100
|switch|p1a: Moltres|Moltres|100/100
|
|upkeep
|turn|5
|
|t:|1781262574
|switch|p1a: Hydrapple|Hydrapple, M|100/100
|move|p2a: Raging Bolt|Volt Switch|p1a: Hydrapple
|-resisted|p1a: Hydrapple
|-damage|p1a: Hydrapple|90/100
|
|t:|1781262576
|-end|p2a: Raging Bolt|Protosynthesis|[silent]
|switch|p2a: Ninetales|Ninetales, M|100/100|[from] Volt Switch
|-weather|SunnyDay|[from] ability: Drought|[of] p2a: Ninetales
|
|-weather|SunnyDay|[upkeep]
|upkeep
|turn|6
|
|t:|1781262581
|move|p2a: Ninetales|Overheat|p1a: Hydrapple|[miss]
|-miss|p2a: Ninetales|p1a: Hydrapple
|move|p1a: Hydrapple|Fickle Beam|p2a: Ninetales
|-damage|p2a: Ninetales|37/100
|-damage|p1a: Hydrapple|80/100|[from] item: Life Orb
|
|-weather|SunnyDay|[upkeep]
|upkeep
|turn|7
|
|t:|1781262586
|move|p2a: Ninetales|Overheat|p1a: Hydrapple
|-damage|p1a: Hydrapple|0 fnt
|-unboost|p2a: Ninetales|spa|2
|faint|p1a: Hydrapple
|
|-weather|SunnyDay|[upkeep]
|upkeep
|
|t:|1781262593
|switch|p1a: Meowscarada|Meowscarada, M|100/100
|turn|8
|j| yuureisuisei
|
|t:|1781262608
|move|p1a: Meowscarada|Flower Trick|p2a: Ninetales
|-start|p1a: Meowscarada|typechange|Grass|[from] ability: Protean
|-resisted|p2a: Ninetales
|-crit|p2a: Ninetales
|-damage|p2a: Ninetales|0 fnt
|faint|p2a: Ninetales
|
|-weather|SunnyDay|[upkeep]
|upkeep
|
|t:|1781262616
|switch|p2a: Raging Bolt|Raging Bolt|61/100
|-activate|p2a: Raging Bolt|ability: Protosynthesis
|-start|p2a: Raging Bolt|protosynthesisspa
|turn|9
|
|t:|1781262620
|switch|p1a: Slowking|Slowking-Galar, F|100/100
|move|p2a: Raging Bolt|Weather Ball|p1a: Slowking
|-damage|p1a: Slowking|59/100
|
|-weather|none
|-end|p2a: Raging Bolt|Protosynthesis
|upkeep
|turn|10
|
|t:|1781262623
|move|p2a: Raging Bolt|Volt Switch|p1a: Slowking
|-damage|p1a: Slowking|37/100
|
|t:|1781262629
|-end|p2a: Raging Bolt|Protosynthesis|[silent]
|switch|p2a: Alomomola|Alomomola, F|100/100|[from] Volt Switch
|move|p1a: Slowking|Sludge Bomb|p2a: Alomomola
|-damage|p2a: Alomomola|62/100
|-status|p2a: Alomomola|psn
|
|-damage|p2a: Alomomola|50/100 psn|[from] psn
|upkeep
|turn|11
|j| Mega Delibird X
|
|t:|1781262635
|switch|p1a: Weezing|Weezing-Galar, F|100/100
|move|p2a: Alomomola|Wish|p2a: Alomomola
|
|-damage|p2a: Alomomola|38/100 psn|[from] psn
|upkeep
|turn|12
|
|t:|1781262644
|move|p2a: Alomomola|Flip Turn|p1a: Weezing
|-damage|p1a: Weezing|88/100
|
|t:|1781262650
|switch|p2a: Raging Bolt|Raging Bolt|61/100|[from] Flip Turn
|move|p1a: Weezing|Strange Steam|p2a: Raging Bolt
|-supereffective|p2a: Raging Bolt
|-damage|p2a: Raging Bolt|29/100
|
|-heal|p2a: Raging Bolt|82/100|[from] move: Wish|[wisher] Alomomola
|-heal|p1a: Weezing|94/100|[from] item: Leftovers
|upkeep
|turn|13
|
|t:|1781262658
|move|p2a: Raging Bolt|Volt Switch|p1a: Weezing
|-damage|p1a: Weezing|40/100
|
|t:|1781262668
|-end|p2a: Raging Bolt|Protosynthesis|[silent]
|switch|p2a: Iron Moth|Iron Moth|100/100|[from] Volt Switch
|-enditem|p2a: Iron Moth|Booster Energy
|-activate|p2a: Iron Moth|ability: Quark Drive|[fromitem]
|-start|p2a: Iron Moth|quarkdrivespe
|move|p1a: Weezing|Strange Steam|p2a: Iron Moth
|-resisted|p2a: Iron Moth
|-damage|p2a: Iron Moth|94/100
|
|-heal|p1a: Weezing|46/100|[from] item: Leftovers
|upkeep
|turn|14
|
|t:|1781262675
|switch|p1a: Moltres|Moltres|100/100
|move|p2a: Iron Moth|Fiery Dance|p1a: Moltres
|-resisted|p1a: Moltres
|-damage|p1a: Moltres|86/100
|-boost|p2a: Iron Moth|spa|1
|
|upkeep
|turn|15
|
|t:|1781262679
|move|p2a: Iron Moth|Fiery Dance|p1a: Moltres
|-resisted|p1a: Moltres
|-damage|p1a: Moltres|63/100
|move|p1a: Moltres|Roar|p2a: Iron Moth
|-end|p2a: Iron Moth|Quark Drive|[silent]
|drag|p2a: Alomomola|Alomomola, F|71/100 psn
|
|-damage|p2a: Alomomola|58/100 psn|[from] psn
|upkeep
|turn|16
|
|t:|1781262691
|move|p1a: Moltres|U-turn|p2a: Alomomola
|-damage|p2a: Alomomola|49/100 psn
|
|t:|1781262692
|switch|p1a: Slowking|Slowking-Galar, F|71/100|[from] U-turn
|move|p2a: Alomomola|Wish|p2a: Alomomola
|
|-damage|p2a: Alomomola|36/100 psn|[from] psn
|upkeep
|turn|17
|
|t:|1781262699
|move|p2a: Alomomola|Flip Turn|p1a: Slowking
|-damage|p1a: Slowking|53/100
|
|t:|1781262703
|switch|p2a: Raging Bolt|Raging Bolt|82/100|[from] Flip Turn
|move|p1a: Slowking|Psychic Noise|p2a: Raging Bolt
|-damage|p2a: Raging Bolt|62/100
|-start|p2a: Raging Bolt|move: Heal Block
|
|upkeep
|turn|18
|
|t:|1781262713
|move|p2a: Raging Bolt|Draco Meteor|p1a: Slowking
|-damage|p1a: Slowking|12/100
|-unboost|p2a: Raging Bolt|spa|2
|move|p1a: Slowking|Psychic Noise|p2a: Raging Bolt
|-damage|p2a: Raging Bolt|42/100
|
|-end|p2a: Raging Bolt|move: Heal Block
|upkeep
|turn|19
|
|t:|1781262717
|switch|p1a: Weezing|Weezing-Galar, F|46/100
|move|p2a: Raging Bolt|Volt Switch|p1a: Weezing
|-damage|p1a: Weezing|18/100
|
|t:|1781262721
|-end|p2a: Raging Bolt|Protosynthesis|[silent]
|switch|p2a: Iron Moth|Iron Moth|94/100|[from] Volt Switch
|
|-heal|p1a: Weezing|24/100|[from] item: Leftovers
|upkeep
|turn|20
|
|t:|1781262726
|switch|p1a: Moltres|Moltres|63/100
|move|p2a: Iron Moth|Fiery Dance|p1a: Moltres
|-resisted|p1a: Moltres
|-damage|p1a: Moltres|48/100
|-boost|p2a: Iron Moth|spa|1
|
|upkeep
|turn|21
|
|t:|1781262729
|move|p2a: Iron Moth|Sludge Wave|p1a: Moltres
|-damage|p1a: Moltres|0 fnt
|faint|p1a: Moltres
|
|upkeep
|
|t:|1781262731
|switch|p1a: Meowscarada|Meowscarada, M|100/100
|turn|22
|
|t:|1781262737
|move|p1a: Meowscarada|U-turn|p2a: Iron Moth
|-start|p1a: Meowscarada|typechange|Bug|[from] ability: Protean
|-resisted|p2a: Iron Moth
|-damage|p2a: Iron Moth|73/100
|
|t:|1781262741
|switch|p1a: Weezing|Weezing-Galar, F|24/100|[from] U-turn
|move|p2a: Iron Moth|Fiery Dance|p1a: Weezing
|-damage|p1a: Weezing|0 fnt
|-boost|p2a: Iron Moth|spa|1
|faint|p1a: Weezing
|
|upkeep
|
|t:|1781262747
|switch|p1a: Meowscarada|Meowscarada, M|100/100
|turn|23
|j| HonchkrowLover27
|
|t:|1781262753
|move|p1a: Meowscarada|Knock Off|p2a: Iron Moth
|-start|p1a: Meowscarada|typechange|Dark|[from] ability: Protean
|-damage|p2a: Iron Moth|0 fnt
|faint|p2a: Iron Moth
|-end|p2a: Iron Moth|Quark Drive|[silent]
|
|upkeep
|
|t:|1781262761
|switch|p2a: Slither Wing|Slither Wing|16/100
|turn|24
|
|t:|1781262765
|move|p2a: Slither Wing|First Impression|p1a: Meowscarada
|-supereffective|p1a: Meowscarada
|-damage|p1a: Meowscarada|0 fnt
|faint|p1a: Meowscarada
|
|upkeep
|
|t:|1781262767
|switch|p1a: Slowking|Slowking-Galar, F|46/100
|turn|25
|l| HonchkrowLover27
|
|t:|1781262771
|-end|p2a: Slither Wing|Protosynthesis|[silent]
|switch|p2a: Alomomola|Alomomola, F|69/100 psn
|move|p1a: Slowking|Psychic Noise|p2a: Alomomola
|-damage|p2a: Alomomola|39/100 psn
|-start|p2a: Alomomola|move: Heal Block
|
|-damage|p2a: Alomomola|26/100 psn|[from] psn
|upkeep
|turn|26
|
|t:|1781262775
|move|p2a: Alomomola|Flip Turn|p1a: Slowking
|-damage|p1a: Slowking|30/100
|
|t:|1781262779
|switch|p2a: Raging Bolt|Raging Bolt|42/100|[from] Flip Turn
|move|p1a: Slowking|Sludge Bomb|p2a: Raging Bolt
|-damage|p2a: Raging Bolt|16/100
|-status|p2a: Raging Bolt|psn
|
|-damage|p2a: Raging Bolt|4/100 psn|[from] psn
|upkeep
|turn|27
|j| darkrat18
|
|t:|1781262782
|move|p2a: Raging Bolt|Volt Switch|p1a: Slowking
|-damage|p1a: Slowking|7/100
|
|t:|1781262787
|-end|p2a: Raging Bolt|Protosynthesis|[silent]
|switch|p2a: Alomomola|Alomomola, F|60/100 psn|[from] Volt Switch
|move|p1a: Slowking|Psychic Noise|p2a: Alomomola
|-damage|p2a: Alomomola|28/100 psn
|-start|p2a: Alomomola|move: Heal Block
|
|-damage|p2a: Alomomola|16/100 psn|[from] psn
|upkeep
|turn|28
|
|t:|1781262791
|move|p2a: Alomomola|Flip Turn|p1a: Slowking
|-damage|p1a: Slowking|0 fnt
|faint|p1a: Slowking
|
|win|lord shiddenfards
|raw|deathprofessor21's rating: 1598 &rarr; <strong>1583</strong><br />(-15 for losing)
|raw|lord shiddenfards's rating: 1687 &rarr; <strong>1702</strong><br />(+15 for winning)
|l|☆lord shiddenfards
|player|p2|
|l| yuureisuisei
|l| Mega Delibird X
