|j|☆kingofdondons
|j|☆PepeNike
|t:|1781042712
|gametype|singles
|player|p1|kingofdondons|skyla|1579
|player|p2|PepeNike|101|1566
|gen|9
|tier|[Gen 9] OU
|rated|
|rule|HP Percentage Mod: HP is shown in percentages
|rule|Endless Battle Clause: Forcing endless battles is banned
|rule|Species Clause: Limit one of each Pokémon
|rule|OHKO Clause: OHKO moves are banned
|rule|Evasion Items Clause: Evasion items are banned
|rule|Evasion Moves Clause: Evasion moves are banned
|rule|Evasion Abilities Clause: Evasion abilities are banned
|rule|Sleep Moves Clause: Sleep-inducing moves are banned
|clearpoke
|poke|p1|Dragonite, M|
|poke|p1|Ting-Lu|
|poke|p1|Iron Moth|
|poke|p1|Iron Valiant|
|poke|p1|Kyurem|
|poke|p1|Gholdengo|
|poke|p2|Kleavor, F|
|poke|p2|Samurott-Hisui, F|
|poke|p2|Gholdengo|
|poke|p2|Ceruledge, M|
|poke|p2|Greninja-*, M|
|poke|p2|Dragapult, M|
|teampreview
|inactive|Battle timer is ON: inactive players will automatically lose when time's up. (requested by kingofdondons)
|inactive|PepeNike also wants the timer to be on.
|inactive|kingofdondons has 120 seconds left.
|
|t:|1781042755
|teamsize|p1|6
|teamsize|p2|6
|start
|switch|p1a: Kyurem|Kyurem|100/100
|switch|p2a: Kleavor|Kleavor, F|100/100
|-ability|p1a: Kyurem|Pressure
|turn|1
|
|t:|1781042760
|switch|p1a: Ting-Lu|Ting-Lu|100/100
|-ability|p1a: Ting-Lu|Vessel of Ruin
|move|p2a: Kleavor|Stone Axe|p1a: Ting-Lu
|-resisted|p1a: Ting-Lu
|-damage|p1a: Ting-Lu|83/100
|-damage|p2a: Kleavor|84/100|[from] item: Rocky Helmet|[of] p1a: Ting-Lu
|-sidestart|p1: kingofdondons|move: Stealth Rock
|
|upkeep
|turn|2
|
|t:|1781042766
|switch|p2a: Samurott|Samurott-Hisui, F|100/100
|move|p1a: Ting-Lu|Earthquake|p2a: Samurott
|-damage|p2a: Samurott|56/100
|
|upkeep
|turn|3
|
|t:|1781042776
|move|p1a: Ting-Lu|Stealth Rock|p2a: Samurott
|-sidestart|p2: PepeNike|move: Stealth Rock
|move|p2a: Samurott|Ceaseless Edge|p1a: Ting-Lu
|-resisted|p1a: Ting-Lu
|-damage|p1a: Ting-Lu|68/100
|-damage|p2a: Samurott|40/100|[from] item: Rocky Helmet|[of] p1a: Ting-Lu
|-sidestart|p1: kingofdondons|Spikes
|
|upkeep
|turn|4
|
|t:|1781042781
|move|p1a: Ting-Lu|Earthquake|p2a: Samurott
|-damage|p2a: Samurott|1/100
|move|p2a: Samurott|Ceaseless Edge|p1a: Ting-Lu
|-resisted|p1a: Ting-Lu
|-damage|p1a: Ting-Lu|53/100
|-damage|p2a: Samurott|0 fnt|[from] item: Rocky Helmet|[of] p1a: Ting-Lu
|faint|p2a: Samurott
|
|upkeep
|
|t:|1781042787
|switch|p2a: Kleavor|Kleavor, F|84/100
|-damage|p2a: Kleavor|59/100|[from] Stealth Rock
|turn|5
|
|t:|1781042789
|move|p2a: Kleavor|Close Combat|p1a: Ting-Lu
|-supereffective|p1a: Ting-Lu
|-damage|p1a: Ting-Lu|1/100
|-unboost|p2a: Kleavor|def|1
|-unboost|p2a: Kleavor|spd|1
|-damage|p2a: Kleavor|43/100|[from] item: Rocky Helmet|[of] p1a: Ting-Lu
|move|p1a: Ting-Lu|Earthquake|p2a: Kleavor
|-damage|p2a: Kleavor|0 fnt
|faint|p2a: Kleavor
|
|upkeep
|
|t:|1781042799
|switch|p2a: Greninja|Greninja, M|100/100
|-damage|p2a: Greninja|88/100|[from] Stealth Rock
|turn|6
|
|t:|1781042802
|move|p2a: Greninja|Dark Pulse|p1a: Ting-Lu
|-resisted|p1a: Ting-Lu
|-damage|p1a: Ting-Lu|0 fnt
|faint|p1a: Ting-Lu
|-ability|p2a: Greninja|Battle Bond|boost
|-boost|p2a: Greninja|atk|1
|-boost|p2a: Greninja|spa|1
|-boost|p2a: Greninja|spe|1
|-activate|p2a: Greninja|ability: Battle Bond
|-damage|p2a: Greninja|78/100|[from] item: Life Orb
|
|upkeep
|inactive|kingofdondons has 120 seconds left.
|
|t:|1781042838
|switch|p1a: Dragonite|Dragonite, M|100/100
|turn|7
|
|t:|1781042844
|-terastallize|p1a: Dragonite|Normal
|move|p1a: Dragonite|Extreme Speed|p2a: Greninja
|-damage|p2a: Greninja|1/100
|move|p2a: Greninja|Ice Beam|p1a: Dragonite
|-damage|p1a: Dragonite|69/100
|-damage|p2a: Greninja|0 fnt|[from] item: Life Orb
|faint|p2a: Greninja
|
|upkeep
|inactive|PepeNike has 120 seconds left.
|inactive|PepeNike has 90 seconds left.
|inactive|PepeNike has 60 seconds left.
|
|t:|1781042946
|switch|p2a: Ceruledge|Ceruledge, M|100/100
|-damage|p2a: Ceruledge|76/100|[from] Stealth Rock
|turn|8
|
|t:|1781042949
|-terastallize|p2a: Ceruledge|Flying
|move|p2a: Ceruledge|Swords Dance|p2a: Ceruledge
|-boost|p2a: Ceruledge|atk|2
|move|p1a: Dragonite|Earthquake|p2a: Ceruledge
|-immune|p2a: Ceruledge
|
|upkeep
|turn|9
|inactive|PepeNike has 60 seconds left.
|
|t:|1781042978
|move|p1a: Dragonite|Extreme Speed|p2a: Ceruledge
|-damage|p2a: Ceruledge|11/100
|-ability|p2a: Ceruledge|Weak Armor|boost
|-unboost|p2a: Ceruledge|def|1
|-boost|p2a: Ceruledge|spe|2
|move|p2a: Ceruledge|Bitter Blade|p1a: Dragonite
|-damage|p1a: Dragonite|0 fnt
|-heal|p2a: Ceruledge|49/100|[from] drain|[of] p1a: Dragonite
|faint|p1a: Dragonite
|
|upkeep
|inactive|kingofdondons has 120 seconds left.
|
|t:|1781043015
|switch|p1a: Iron Moth|Iron Moth|100/100
|-damage|p1a: Iron Moth|76/100|[from] Stealth Rock
|-damage|p1a: Iron Moth|63/100|[from] Spikes
|-enditem|p1a: Iron Moth|Booster Energy
|-activate|p1a: Iron Moth|ability: Quark Drive|[fromitem]
|-start|p1a: Iron Moth|quarkdrivespe
|turn|10
|
|t:|1781043026
|move|p2a: Ceruledge|Bitter Blade|p1a: Iron Moth
|-resisted|p1a: Iron Moth
|-damage|p1a: Iron Moth|0 fnt
|-heal|p2a: Ceruledge|82/100|[from] drain|[of] p1a: Iron Moth
|faint|p1a: Iron Moth
|-end|p1a: Iron Moth|Quark Drive|[silent]
|
|upkeep
|-message|kingofdondons forfeited.
|
|win|PepeNike
|raw|kingofdondons's rating: 1579 &rarr; <strong>1558</strong><br />(-21 for losing)
|raw|PepeNike's rating: 1566 &rarr; <strong>1587</strong><br />(+21 for winning)
|l|☆kingofdondons
|player|p1|
|l|☆PepeNike
|player|p2|
