|j|☆hawkins0
|j|☆Yellowishnesses
|t:|1781527488
|gametype|singles
|player|p1|hawkins0|266|1582
|player|p2|Yellowishnesses|evelyn|1601
|gen|9
|tier|[Gen 9] OU
|rated|
|rule|HP Percentage Mod: HP is shown in percentages
|rule|Endless Battle Clause: Forcing endless battles is banned
|rule|Species Clause: Limit one of each Pokémon
|rule|OHKO Clause: OHKO moves are banned
|rule|Evasion Items Clause: Evasion items are banned
|rule|Evasion Moves Clause: Evasion moves are banned
|rule|Evasion Abilities Clause: Evasion abilities are banned
|rule|Sleep Moves Clause: Sleep-inducing moves are banned
|clearpoke
|poke|p1|Hoopa-Unbound|
|poke|p1|Pecharunt|
|poke|p1|Landorus-Therian, M|
|poke|p1|Cinderace, M|
|poke|p1|Alomomola, M|
|poke|p1|Iron Valiant|
|poke|p2|Blissey, F|
|poke|p2|Ogerpon-Wellspring, F|
|poke|p2|Alomomola, M|
|poke|p2|Lokix, F|
|poke|p2|Weezing-Galar, M|
|poke|p2|Cinderace, F|
|teampreview
|
|t:|1781527492
|teamsize|p1|6
|teamsize|p2|6
|start
|switch|p1a: Enten|Landorus-Therian, M, shiny|100/100
|switch|p2a: Debye3.34E-30CM|Lokix, F|100/100
|-ability|p1a: Enten|Intimidate|boost
|-unboost|p2a: Debye3.34E-30CM|atk|1
|turn|1
|inactive|Battle timer is ON: inactive players will automatically lose when time's up. (requested by Yellowishnesses)
|
|t:|1781527499
|move|p1a: Enten|U-turn|p2a: Debye3.34E-30CM
|-supereffective|p2a: Debye3.34E-30CM
|-damage|p2a: Debye3.34E-30CM|17/100
|
|t:|1781527508
|switch|p1a: Overseer|Pecharunt|100/100|[from] U-turn
|move|p2a: Debye3.34E-30CM|U-turn|p1a: Overseer
|-resisted|p1a: Overseer
|-damage|p1a: Overseer|93/100
|
|t:|1781527528
|switch|p2a: Rydberg2.18E-18J|Blissey, F|100/100|[from] U-turn
|
|upkeep
|turn|2
|
|t:|1781527533
|move|p1a: Overseer|Parting Shot|p2a: Rydberg2.18E-18J
|-unboost|p2a: Rydberg2.18E-18J|atk|1
|-unboost|p2a: Rydberg2.18E-18J|spa|1
|
|t:|1781527536
|switch|p1a: Enten|Landorus-Therian, M, shiny|100/100|[from] Parting Shot
|-ability|p1a: Enten|Intimidate|boost
|-unboost|p2a: Rydberg2.18E-18J|atk|1
|move|p2a: Rydberg2.18E-18J|Thunder Wave|p1a: Enten
|-immune|p1a: Enten
|
|upkeep
|turn|3
|
|t:|1781527539
|switch|p2a: Torr133.322Pa|Alomomola, M|100/100
|move|p1a: Enten|U-turn|p2a: Torr133.322Pa
|-damage|p2a: Torr133.322Pa|85/100
|-damage|p1a: Enten|84/100|[from] item: Rocky Helmet|[of] p2a: Torr133.322Pa
|
|t:|1781527543
|switch|p1a: Calamity|Iron Valiant, shiny|100/100|[from] U-turn
|
|upkeep
|turn|4
|
|t:|1781527547
|-terastallize|p1a: Calamity|Fairy
|move|p1a: Calamity|Moonblast|p2a: Torr133.322Pa
|-damage|p2a: Torr133.322Pa|0 fnt
|faint|p2a: Torr133.322Pa
|
|upkeep
|
|t:|1781527559
|switch|p2a: Boltz1.381E-23J/K|Cinderace, F|100/100
|turn|5
|
|t:|1781527571
|-end|p1a: Calamity|Quark Drive|[silent]
|switch|p1a: Pisces|Alomomola, M, shiny|100/100
|move|p2a: Boltz1.381E-23J/K|U-turn|p1a: Pisces
|-start|p2a: Boltz1.381E-23J/K|typechange|Bug|[from] ability: Libero
|-damage|p1a: Pisces|79/100
|
|t:|1781527578
|switch|p2a: Debye3.34E-30CM|Lokix, F|17/100|[from] U-turn
|
|upkeep
|turn|6
|
|t:|1781527591
|move|p2a: Debye3.34E-30CM|Leech Life|p1a: Pisces
|-damage|p1a: Pisces|38/100
|-heal|p2a: Debye3.34E-30CM|56/100|[from] drain|[of] p1a: Pisces
|move|p1a: Pisces|Flip Turn|p2a: Debye3.34E-30CM
|-damage|p2a: Debye3.34E-30CM|29/100
|
|t:|1781527604
|switch|p1a: Enten|Landorus-Therian, M, shiny|84/100|[from] Flip Turn
|-ability|p1a: Enten|Intimidate|boost
|-unboost|p2a: Debye3.34E-30CM|atk|1
|
|upkeep
|turn|7
|
|t:|1781527617
|move|p1a: Enten|U-turn|p2a: Debye3.34E-30CM
|-supereffective|p2a: Debye3.34E-30CM
|-damage|p2a: Debye3.34E-30CM|0 fnt
|faint|p2a: Debye3.34E-30CM
|
|t:|1781527625
|switch|p1a: Calamity|Iron Valiant, shiny, tera:Fairy|100/100|[from] U-turn
|
|upkeep
|
|t:|1781527630
|switch|p2a: Coulomb1.602E-19|Ogerpon-Wellspring, F|100/100
|turn|8
|
|t:|1781527636
|-terastallize|p2a: Coulomb1.602E-19|Water
|detailschange|p2a: Coulomb1.602E-19|Ogerpon-Wellspring-Tera, F, tera:Water
|-ability|p2a: Coulomb1.602E-19|Embody Aspect (Wellspring)|boost
|-boost|p2a: Coulomb1.602E-19|spd|1
|move|p1a: Calamity|Moonblast|p2a: Coulomb1.602E-19
|-damage|p2a: Coulomb1.602E-19|32/100
|move|p2a: Coulomb1.602E-19|Trailblaze|p1a: Calamity
|-damage|p1a: Calamity|59/100
|-boost|p2a: Coulomb1.602E-19|spe|1
|
|upkeep
|turn|9
|
|t:|1781527655
|-end|p1a: Calamity|Quark Drive|[silent]
|switch|p1a: Liberacy|Cinderace, M, shiny|100/100
|move|p2a: Coulomb1.602E-19|Ivy Cudgel|p1a: Liberacy|[anim] Ivy Cudgel Water
|-supereffective|p1a: Liberacy
|-crit|p1a: Liberacy
|-damage|p1a: Liberacy|0 fnt
|faint|p1a: Liberacy
|
|upkeep
|
|t:|1781527657
|switch|p1a: Enten|Landorus-Therian, M, shiny|84/100
|-ability|p1a: Enten|Intimidate|boost
|-unboost|p2a: Coulomb1.602E-19|atk|1
|turn|10
|
|t:|1781527659
|move|p2a: Coulomb1.602E-19|Ivy Cudgel|p1a: Enten|[anim] Ivy Cudgel Water
|-supereffective|p1a: Enten
|-damage|p1a: Enten|0 fnt
|faint|p1a: Enten
|
|upkeep
|
|t:|1781527669
|switch|p1a: Overseer|Pecharunt|93/100
|turn|11
|
|t:|1781527690
|move|p2a: Coulomb1.602E-19|Knock Off|p1a: Overseer
|-supereffective|p1a: Overseer
|-damage|p1a: Overseer|69/100
|-enditem|p1a: Overseer|Heavy-Duty Boots|[from] move: Knock Off|[of] p2a: Coulomb1.602E-19
|move|p1a: Overseer|Malignant Chain|p2a: Coulomb1.602E-19
|-damage|p2a: Coulomb1.602E-19|8/100
|-status|p2a: Coulomb1.602E-19|tox
|-start|p2a: Coulomb1.602E-19|confusion|[from] ability: Poison Puppeteer|[of] p1a: Overseer
|
|-damage|p2a: Coulomb1.602E-19|2/100 tox|[from] psn
|upkeep
|turn|12
|
|t:|1781527713
|switch|p2a: Rydberg2.18E-18J|Blissey, F|100/100
|move|p1a: Overseer|Recover|p1a: Overseer
|-heal|p1a: Overseer|100/100
|
|upkeep
|turn|13
|
|t:|1781527717
|move|p1a: Overseer|Malignant Chain|p2a: Rydberg2.18E-18J
|-damage|p2a: Rydberg2.18E-18J|92/100
|-status|p2a: Rydberg2.18E-18J|tox
|-start|p2a: Rydberg2.18E-18J|confusion|[from] ability: Poison Puppeteer|[of] p1a: Overseer
|-activate|p2a: Rydberg2.18E-18J|confusion
|-damage|p2a: Rydberg2.18E-18J|91/100 tox|[from] confusion
|
|-damage|p2a: Rydberg2.18E-18J|84/100 tox|[from] psn
|upkeep
|turn|14
|
|t:|1781527725
|switch|p1a: Pisces|Alomomola, M, shiny|71/100
|-activate|p2a: Rydberg2.18E-18J|confusion
|move|p2a: Rydberg2.18E-18J|Thunder Wave|p1a: Pisces
|-status|p1a: Pisces|par
|
|-damage|p2a: Rydberg2.18E-18J|72/100 tox|[from] psn
|upkeep
|turn|15
|
|t:|1781527728
|-activate|p2a: Rydberg2.18E-18J|confusion
|-damage|p2a: Rydberg2.18E-18J|71/100 tox|[from] confusion
|move|p1a: Pisces|Flip Turn|p2a: Rydberg2.18E-18J
|-damage|p2a: Rydberg2.18E-18J|54/100 tox
|
|t:|1781527733
|switch|p1a: Overseer|Pecharunt|100/100|[from] Flip Turn
|
|-damage|p2a: Rydberg2.18E-18J|36/100 tox|[from] psn
|upkeep
|turn|16
|
|t:|1781527736
|move|p1a: Overseer|Parting Shot|p2a: Rydberg2.18E-18J
|-unboost|p2a: Rydberg2.18E-18J|atk|1
|-unboost|p2a: Rydberg2.18E-18J|spa|1
|
|t:|1781527738
|switch|p1a: Pisces|Alomomola, M, shiny|100/100 par|[from] Parting Shot
|-end|p2a: Rydberg2.18E-18J|confusion
|move|p2a: Rydberg2.18E-18J|Heal Bell|p2a: Rydberg2.18E-18J
|-activate|p2a: Rydberg2.18E-18J|move: Heal Bell
|-curestatus|p2a: Rydberg2.18E-18J|tox|[msg]
|-curestatus|p2: Coulomb1.602E-19|tox|[msg]
|
|upkeep
|turn|17
|
|t:|1781527743
|move|p2a: Rydberg2.18E-18J|Soft-Boiled|p2a: Rydberg2.18E-18J
|-heal|p2a: Rydberg2.18E-18J|86/100
|move|p1a: Pisces|Flip Turn|p2a: Rydberg2.18E-18J
|-damage|p2a: Rydberg2.18E-18J|68/100
|inactive|hawkins0 has 120 seconds left.
|
|t:|1781527777
|switch|p1a: Khaos|Hoopa-Unbound|100/100|[from] Flip Turn
|
|upkeep
|turn|18
|
|t:|1781527780
|move|p1a: Khaos|Drain Punch|p2a: Rydberg2.18E-18J
|-supereffective|p2a: Rydberg2.18E-18J
|-damage|p2a: Rydberg2.18E-18J|0 fnt
|faint|p2a: Rydberg2.18E-18J
|
|upkeep
|
|t:|1781527789
|switch|p2a: Coulomb1.602E-19|Ogerpon-Wellspring-Tera, F, tera:Water|2/100
|-ability|p2a: Coulomb1.602E-19|Embody Aspect (Wellspring)|boost
|-boost|p2a: Coulomb1.602E-19|spd|1
|turn|19
|
|t:|1781527802
|switch|p1a: Overseer|Pecharunt|100/100
|move|p2a: Coulomb1.602E-19|Ivy Cudgel|p1a: Overseer|[anim] Ivy Cudgel Water
|-damage|p1a: Overseer|61/100
|
|upkeep
|turn|20
|
|t:|1781527824
|switch|p1a: Pisces|Alomomola, M, shiny|100/100 par
|move|p2a: Coulomb1.602E-19|Ivy Cudgel|p1a: Pisces|[anim] Ivy Cudgel Water
|-resisted|p1a: Pisces
|-damage|p1a: Pisces|70/100 par
|
|upkeep
|turn|21
|
|t:|1781527832
|switch|p2a: Dalton1.661E-25g|Weezing-Galar, M|100/100
|-ability|p2a: Dalton1.661E-25g|Neutralizing Gas
|move|p1a: Pisces|Aqua Jet|p2a: Dalton1.661E-25g
|-damage|p2a: Dalton1.661E-25g|92/100
|
|-heal|p2a: Dalton1.661E-25g|98/100|[from] item: Leftovers
|upkeep
|turn|22
|
|t:|1781527841
|move|p2a: Dalton1.661E-25g|Will-O-Wisp|p1a: Pisces|[miss]
|-miss|p2a: Dalton1.661E-25g|p1a: Pisces
|move|p1a: Pisces|Flip Turn|p2a: Dalton1.661E-25g
|-damage|p2a: Dalton1.661E-25g|84/100
|
|t:|1781527844
|switch|p1a: Overseer|Pecharunt|61/100|[from] Flip Turn
|
|-heal|p2a: Dalton1.661E-25g|90/100|[from] item: Leftovers
|upkeep
|turn|23
|
|t:|1781527846
|move|p1a: Overseer|Malignant Chain|p2a: Dalton1.661E-25g
|-damage|p2a: Dalton1.661E-25g|57/100
|move|p2a: Dalton1.661E-25g|Will-O-Wisp|p1a: Overseer
|-status|p1a: Overseer|brn
|
|-heal|p2a: Dalton1.661E-25g|63/100|[from] item: Leftovers
|-damage|p1a: Overseer|55/100 brn|[from] brn
|upkeep
|turn|24
|
|t:|1781527853
|-end|p2a: Dalton1.661E-25g|ability: Neutralizing Gas
|switch|p2a: Coulomb1.602E-19|Ogerpon-Wellspring-Tera, F, tera:Water|2/100
|-ability|p2a: Coulomb1.602E-19|Embody Aspect (Wellspring)|boost
|-boost|p2a: Coulomb1.602E-19|spd|1
|move|p1a: Overseer|Recover|p1a: Overseer
|-heal|p1a: Overseer|100/100 brn
|
|-damage|p1a: Overseer|94/100 brn|[from] brn
|upkeep
|turn|25
|inactive|hawkins0 has 120 seconds left.
|
|t:|1781527889
|move|p2a: Coulomb1.602E-19|Encore|p1a: Overseer
|-start|p1a: Overseer|Encore
|move|p1a: Overseer|Recover|p1a: Overseer
|-heal|p1a: Overseer|100/100 brn
|
|-damage|p1a: Overseer|94/100 brn|[from] brn
|upkeep
|turn|26
|
|t:|1781527895
|switch|p1a: Pisces|Alomomola, M, shiny|70/100 par
|move|p2a: Coulomb1.602E-19|Ivy Cudgel|p1a: Pisces|[anim] Ivy Cudgel Water
|-resisted|p1a: Pisces
|-damage|p1a: Pisces|40/100 par
|
|upkeep
|turn|27
|inactive|hawkins0 has 120 seconds left.
|
|t:|1781527923
|switch|p2a: Dalton1.661E-25g|Weezing-Galar, M|63/100
|-ability|p2a: Dalton1.661E-25g|Neutralizing Gas
|cant|p1a: Pisces|par
|
|-heal|p2a: Dalton1.661E-25g|69/100|[from] item: Leftovers
|upkeep
|turn|28
|
|t:|1781527936
|move|p2a: Dalton1.661E-25g|Strange Steam|p1a: Pisces
|-damage|p1a: Pisces|25/100 par
|move|p1a: Pisces|Flip Turn|p2a: Dalton1.661E-25g
|-damage|p2a: Dalton1.661E-25g|55/100
|
|t:|1781527944
|switch|p1a: Khaos|Hoopa-Unbound|100/100|[from] Flip Turn
|
|-heal|p2a: Dalton1.661E-25g|61/100|[from] item: Leftovers
|upkeep
|turn|29
|
|t:|1781527952
|move|p1a: Khaos|Zen Headbutt|p2a: Dalton1.661E-25g
|-supereffective|p2a: Dalton1.661E-25g
|-damage|p2a: Dalton1.661E-25g|0 fnt
|faint|p2a: Dalton1.661E-25g
|-end|p2a: Dalton1.661E-25g|ability: Neutralizing Gas
|
|upkeep
|
|t:|1781527956
|switch|p2a: Coulomb1.602E-19|Ogerpon-Wellspring-Tera, F, tera:Water|2/100
|-ability|p2a: Coulomb1.602E-19|Embody Aspect (Wellspring)|boost
|-boost|p2a: Coulomb1.602E-19|spd|1
|turn|30
|
|t:|1781527959
|move|p2a: Coulomb1.602E-19|Ivy Cudgel|p1a: Khaos|[anim] Ivy Cudgel Water
|-crit|p1a: Khaos
|-damage|p1a: Khaos|0 fnt
|faint|p1a: Khaos
|
|upkeep
|
|t:|1781527966
|switch|p1a: Calamity|Iron Valiant, shiny, tera:Fairy|59/100
|turn|31
|
|t:|1781527976
|move|p1a: Calamity|Moonblast|p2a: Coulomb1.602E-19
|-damage|p2a: Coulomb1.602E-19|0 fnt
|faint|p2a: Coulomb1.602E-19
|detailschange|p2: Coulomb1.602E-19|Ogerpon-Wellspring, F|[silent]
|
|upkeep
|
|t:|1781527977
|switch|p2a: Boltz1.381E-23J/K|Cinderace, F|100/100
|turn|32
|
|t:|1781527981
|-end|p1a: Calamity|Quark Drive|[silent]
|switch|p1a: Pisces|Alomomola, M, shiny|25/100 par
|move|p2a: Boltz1.381E-23J/K|Pyro Ball|p1a: Pisces
|-resisted|p1a: Pisces
|-damage|p1a: Pisces|6/100 par
|
|upkeep
|turn|33
|
|t:|1781527987
|move|p1a: Pisces|Aqua Jet|p2a: Boltz1.381E-23J/K
|-supereffective|p2a: Boltz1.381E-23J/K
|-damage|p2a: Boltz1.381E-23J/K|68/100
|move|p2a: Boltz1.381E-23J/K|Pyro Ball|p1a: Pisces
|-resisted|p1a: Pisces
|-damage|p1a: Pisces|0 fnt
|faint|p1a: Pisces
|
|upkeep
|
|t:|1781527989
|switch|p1a: Calamity|Iron Valiant, shiny, tera:Fairy|59/100
|turn|34
|
|t:|1781527993
|move|p1a: Calamity|Vacuum Wave|p2a: Boltz1.381E-23J/K
|-damage|p2a: Boltz1.381E-23J/K|23/100
|move|p2a: Boltz1.381E-23J/K|Pyro Ball|p1a: Calamity
|-damage|p1a: Calamity|0 fnt
|faint|p1a: Calamity
|-end|p1a: Calamity|Quark Drive|[silent]
|
|upkeep
|
|t:|1781527994
|switch|p1a: Overseer|Pecharunt|94/100 brn
|turn|35
|
|t:|1781528000
|move|p2a: Boltz1.381E-23J/K|Pyro Ball|p1a: Overseer
|-damage|p1a: Overseer|68/100 brn
|move|p1a: Overseer|Malignant Chain|p2a: Boltz1.381E-23J/K
|-damage|p2a: Boltz1.381E-23J/K|0 fnt
|faint|p2a: Boltz1.381E-23J/K
|
|win|hawkins0
|raw|hawkins0's rating: 1582 &rarr; <strong>1603</strong><br />(+21 for winning)
|raw|Yellowishnesses's rating: 1601 &rarr; <strong>1580</strong><br />(-21 for losing)
|l|☆hawkins0
|player|p1|
|l|☆Yellowishnesses
|player|p2|
