|j|☆Udiggwhatimsayin
|j|☆GreninjaMyFav
|t:|1781060871
|gametype|singles
|player|p1|Udiggwhatimsayin|fantina|1586
|player|p2|GreninjaMyFav|skyla|1673
|gen|9
|tier|[Gen 9] OU
|rated|
|rule|HP Percentage Mod: HP is shown in percentages
|rule|Endless Battle Clause: Forcing endless battles is banned
|rule|Species Clause: Limit one of each Pokémon
|rule|OHKO Clause: OHKO moves are banned
|rule|Evasion Items Clause: Evasion items are banned
|rule|Evasion Moves Clause: Evasion moves are banned
|rule|Evasion Abilities Clause: Evasion abilities are banned
|rule|Sleep Moves Clause: Sleep-inducing moves are banned
|clearpoke
|poke|p1|Skarmory, F|
|poke|p1|Ting-Lu|
|poke|p1|Slowking-Galar, M|
|poke|p1|Iron Valiant|
|poke|p1|Dragapult, M|
|poke|p1|Cinderace, F|
|poke|p2|Greninja-*, M|
|poke|p2|Raging Bolt|
|poke|p2|Kingambit, F|
|poke|p2|Great Tusk|
|poke|p2|Slowking-Galar, F|
|poke|p2|Corviknight, M|
|teampreview
|inactive|Battle timer is ON: inactive players will automatically lose when time's up. (requested by Udiggwhatimsayin)
|j| dilf huntr
|
|t:|1781060888
|teamsize|p1|6
|teamsize|p2|6
|start
|switch|p1a: Ting-Lu|Ting-Lu|100/100
|switch|p2a: Greninja|Greninja, M|100/100
|-ability|p1a: Ting-Lu|Vessel of Ruin
|turn|1
|
|t:|1781060893
|switch|p1a: Slowking|Slowking-Galar, M|100/100
|move|p2a: Greninja|Ice Beam|p1a: Slowking
|-start|p2a: Greninja|typechange|Ice|[from] ability: Protean
|-damage|p1a: Slowking|60/100
|
|upkeep
|turn|2
|
|t:|1781060900
|switch|p2a: Kingambit|Kingambit, F|100/100
|-prepare|p1a: Slowking|Chilly Reception|[premajor]
|move|p1a: Slowking|Chilly Reception|p1a: Slowking
|-weather|Snowscape
|
|t:|1781060908
|switch|p1a: Cinderace|Cinderace, F|100/100|[from] Chilly Reception
|
|-weather|Snowscape|[upkeep]
|upkeep
|turn|3
|
|t:|1781060915
|-end|p2a: Kingambit|fallenundefined|[silent]
|switch|p2a: Raging Bolt|Raging Bolt|100/100
|move|p1a: Cinderace|Gunk Shot|p2a: Raging Bolt
|-start|p1a: Cinderace|typechange|Poison|[from] ability: Libero
|-damage|p2a: Raging Bolt|44/100
|
|-weather|Snowscape|[upkeep]
|upkeep
|turn|4
|
|t:|1781060922
|switch|p1a: Ting-Lu|Ting-Lu|100/100
|-ability|p1a: Ting-Lu|Vessel of Ruin
|move|p2a: Raging Bolt|Thunderclap||[still]
|-fail|p2a: Raging Bolt
|
|-weather|Snowscape|[upkeep]
|upkeep
|turn|5
|j| have we gone
|
|t:|1781060927
|-end|p2a: Raging Bolt|Protosynthesis|[silent]
|switch|p2a: Corviknight|Corviknight, M|100/100
|-ability|p2a: Corviknight|Pressure
|move|p1a: Ting-Lu|Spikes|p2a: Corviknight
|-sidestart|p2: GreninjaMyFav|Spikes
|
|-weather|Snowscape|[upkeep]
|upkeep
|turn|6
|
|t:|1781060935
|move|p2a: Corviknight|Defog|p1a: Ting-Lu
|-unboost|p1a: Ting-Lu|evasion|1
|-sideend|p2: GreninjaMyFav|Spikes|[from] move: Defog|[of] p2a: Corviknight
|move|p1a: Ting-Lu|Ruination|p2a: Corviknight
|-damage|p2a: Corviknight|51/100
|
|-weather|none
|upkeep
|turn|7
|j| iraniantech
|inactive|Udiggwhatimsayin has 120 seconds left.
|
|t:|1781060969
|switch|p1a: Dragapult|Dragapult, M|100/100
|move|p2a: Corviknight|U-turn|p1a: Dragapult
|-resisted|p1a: Dragapult
|-damage|p1a: Dragapult|90/100
|
|t:|1781060973
|switch|p2a: Slowking|Slowking-Galar, F|100/100|[from] U-turn
|
|upkeep
|turn|8
|
|t:|1781060976
|move|p1a: Dragapult|U-turn|p2a: Slowking
|-damage|p2a: Slowking|81/100
|
|t:|1781060978
|switch|p1a: Ting-Lu|Ting-Lu|100/100|[from] U-turn
|-ability|p1a: Ting-Lu|Vessel of Ruin
|-prepare|p2a: Slowking|Chilly Reception|[premajor]
|move|p2a: Slowking|Chilly Reception|p2a: Slowking
|-weather|Snowscape
|
|t:|1781060980
|switch|p2a: Greninja|Greninja, M|100/100|[from] Chilly Reception
|
|-weather|Snowscape|[upkeep]
|upkeep
|turn|9
|
|t:|1781060984
|switch|p1a: Slowking|Slowking-Galar, M|93/100
|move|p2a: Greninja|Hydro Pump|p1a: Slowking
|-start|p2a: Greninja|typechange|Water|[from] ability: Protean
|-damage|p1a: Slowking|38/100
|
|-weather|Snowscape|[upkeep]
|upkeep
|turn|10
|
|t:|1781061011
|switch|p1a: Dragapult|Dragapult, M|90/100
|move|p2a: Greninja|Hydro Pump|p1a: Dragapult
|-resisted|p1a: Dragapult
|-damage|p1a: Dragapult|40/100
|
|-weather|Snowscape|[upkeep]
|upkeep
|turn|11
|
|t:|1781061019
|switch|p2a: Slowking|Slowking-Galar, F|100/100
|move|p1a: Dragapult|Dragon Darts|p2a: Slowking
|-damage|p2a: Slowking|81/100
|-anim|p1a: Dragapult|Dragon Darts|p2a: Slowking
|-damage|p2a: Slowking|60/100
|
|-weather|Snowscape|[upkeep]
|upkeep
|turn|12
|
|t:|1781061028
|move|p1a: Dragapult|U-turn|p2a: Slowking
|-crit|p2a: Slowking
|-damage|p2a: Slowking|29/100
|
|t:|1781061034
|switch|p1a: Slowking|Slowking-Galar, M|71/100|[from] U-turn
|-prepare|p2a: Slowking|Chilly Reception|[premajor]
|move|p2a: Slowking|Chilly Reception|p2a: Slowking
|
|t:|1781061041
|switch|p2a: Great Tusk|Great Tusk|100/100|[from] Chilly Reception
|
|-weather|none
|upkeep
|turn|13
|
|t:|1781061045
|-end|p2a: Great Tusk|Protosynthesis|[silent]
|switch|p2a: Greninja|Greninja, M|100/100
|switch|p1a: Skarmory|Skarmory, F|100/100
|
|upkeep
|turn|14
|
|t:|1781061050
|switch|p1a: Slowking|Slowking-Galar, M|100/100
|move|p2a: Greninja|Ice Beam|p1a: Slowking
|-start|p2a: Greninja|typechange|Ice|[from] ability: Protean
|-damage|p1a: Slowking|55/100
|
|upkeep
|turn|15
|
|t:|1781061056
|move|p2a: Greninja|Ice Beam|p1a: Slowking
|-damage|p1a: Slowking|11/100
|-prepare|p1a: Slowking|Chilly Reception|[premajor]
|move|p1a: Slowking|Chilly Reception|p1a: Slowking
|-weather|Snowscape
|
|t:|1781061060
|switch|p1a: Cinderace|Cinderace, F|100/100|[from] Chilly Reception
|
|-weather|Snowscape|[upkeep]
|upkeep
|turn|16
|
|t:|1781061071
|switch|p2a: Raging Bolt|Raging Bolt|44/100
|move|p1a: Cinderace|Low Kick|p2a: Raging Bolt
|-start|p1a: Cinderace|typechange|Fighting|[from] ability: Libero
|-damage|p2a: Raging Bolt|0 fnt
|faint|p2a: Raging Bolt
|-end|p2a: Raging Bolt|Protosynthesis|[silent]
|
|-weather|Snowscape|[upkeep]
|upkeep
|
|t:|1781061077
|switch|p2a: Greninja|Greninja, M|100/100
|turn|17
|inactive|Udiggwhatimsayin has 120 seconds left.
|
|t:|1781061129
|switch|p1a: Dragapult|Dragapult, M|40/100
|move|p2a: Greninja|Ice Beam|p1a: Dragapult
|-start|p2a: Greninja|typechange|Ice|[from] ability: Protean
|-supereffective|p1a: Dragapult
|-damage|p1a: Dragapult|0 fnt
|faint|p1a: Dragapult
|
|-weather|Snowscape|[upkeep]
|upkeep
|
|t:|1781061136
|switch|p1a: Cinderace|Cinderace, F|100/100
|turn|18
|
|t:|1781061146
|switch|p2a: Corviknight|Corviknight, M|51/100
|-ability|p2a: Corviknight|Pressure
|move|p1a: Cinderace|Pyro Ball|p2a: Corviknight
|-supereffective|p2a: Corviknight
|-damage|p2a: Corviknight|0 fnt
|faint|p2a: Corviknight
|
|-weather|Snowscape|[upkeep]
|upkeep
|
|t:|1781061148
|switch|p2a: Greninja|Greninja, M|100/100
|turn|19
|inactive|Udiggwhatimsayin has 120 seconds left.
|
|t:|1781061153
|switch|p1a: Slowking|Slowking-Galar, M|44/100
|move|p2a: Greninja|Hydro Pump|p1a: Slowking
|-start|p2a: Greninja|typechange|Water|[from] ability: Protean
|-damage|p1a: Slowking|0 fnt
|faint|p1a: Slowking
|
|-weather|none
|upkeep
|inactive|Udiggwhatimsayin has 120 seconds left.
|
|t:|1781061163
|switch|p1a: Ting-Lu|Ting-Lu|100/100
|-ability|p1a: Ting-Lu|Vessel of Ruin
|turn|20
|
|t:|1781061172
|switch|p2a: Great Tusk|Great Tusk|100/100
|-terastallize|p1a: Ting-Lu|Water
|move|p1a: Ting-Lu|Earthquake|p2a: Great Tusk
|-damage|p2a: Great Tusk|74/100
|
|upkeep
|turn|21
|
|t:|1781061177
|move|p2a: Great Tusk|Stealth Rock|p1a: Ting-Lu
|-sidestart|p1: Udiggwhatimsayin|move: Stealth Rock
|move|p1a: Ting-Lu|Spikes|p2a: Great Tusk
|-sidestart|p2: GreninjaMyFav|Spikes
|
|upkeep
|turn|22
|
|t:|1781061180
|switch|p1a: Skarmory|Skarmory, F|100/100
|-damage|p1a: Skarmory|88/100|[from] Stealth Rock
|move|p2a: Great Tusk|Rapid Spin|p1a: Skarmory
|-resisted|p1a: Skarmory
|-damage|p1a: Skarmory|83/100
|-boost|p2a: Great Tusk|spe|1
|-damage|p2a: Great Tusk|57/100|[from] item: Rocky Helmet|[of] p1a: Skarmory
|-sideend|p2: GreninjaMyFav|Spikes|[from] move: Rapid Spin|[of] p2a: Great Tusk
|
|upkeep
|turn|23
|
|t:|1781061183
|-end|p2a: Great Tusk|Protosynthesis|[silent]
|switch|p2a: Greninja|Greninja, M|100/100
|move|p1a: Skarmory|Stealth Rock|p2a: Greninja
|-sidestart|p2: GreninjaMyFav|move: Stealth Rock
|
|upkeep
|turn|24
|
|t:|1781061190
|move|p2a: Greninja|Grass Knot|p1a: Skarmory
|-start|p2a: Greninja|typechange|Grass|[from] ability: Protean
|-resisted|p1a: Skarmory
|-damage|p1a: Skarmory|64/100
|-damage|p2a: Greninja|84/100|[from] item: Rocky Helmet|[of] p1a: Skarmory
|move|p1a: Skarmory|Roost|p1a: Skarmory
|-heal|p1a: Skarmory|100/100
|-singleturn|p1a: Skarmory|move: Roost
|
|upkeep
|turn|25
|
|t:|1781061194
|switch|p2a: Slowking|Slowking-Galar, F|62/100
|move|p1a: Skarmory|Whirlwind|p2a: Slowking
|drag|p2a: Kingambit|Kingambit, F|100/100
|-damage|p2a: Kingambit|94/100|[from] Stealth Rock
|-activate|p2a: Kingambit|ability: Supreme Overlord
|-start|p2a: Kingambit|fallen2|[silent]
|
|upkeep
|turn|26
|
|t:|1781061199
|-end|p2a: Kingambit|fallen2|[silent]
|switch|p2a: Slowking|Slowking-Galar, F|95/100
|move|p1a: Skarmory|Whirlwind|p2a: Slowking
|drag|p2a: Greninja|Greninja, M|84/100
|-damage|p2a: Greninja|72/100|[from] Stealth Rock
|
|upkeep
|turn|27
|
|t:|1781061204
|switch|p1a: Ting-Lu|Ting-Lu, tera:Water|100/100
|-damage|p1a: Ting-Lu|88/100|[from] Stealth Rock
|-ability|p1a: Ting-Lu|Vessel of Ruin
|move|p2a: Greninja|Ice Beam|p1a: Ting-Lu
|-start|p2a: Greninja|typechange|Ice|[from] ability: Protean
|-resisted|p1a: Ting-Lu
|-crit|p1a: Ting-Lu
|-damage|p1a: Ting-Lu|69/100
|
|-heal|p1a: Ting-Lu|76/100|[from] item: Leftovers
|upkeep
|turn|28
|
|t:|1781061213
|switch|p2a: Great Tusk|Great Tusk|57/100
|move|p1a: Ting-Lu|Earthquake|p2a: Great Tusk
|-damage|p2a: Great Tusk|28/100
|
|-heal|p1a: Ting-Lu|82/100|[from] item: Leftovers
|upkeep
|turn|29
|
|t:|1781061219
|switch|p1a: Skarmory|Skarmory, F|100/100
|-damage|p1a: Skarmory|88/100|[from] Stealth Rock
|move|p2a: Great Tusk|Rapid Spin|p1a: Skarmory
|-resisted|p1a: Skarmory
|-damage|p1a: Skarmory|83/100
|-boost|p2a: Great Tusk|spe|1
|-damage|p2a: Great Tusk|11/100|[from] item: Rocky Helmet|[of] p1a: Skarmory
|-sideend|p2: GreninjaMyFav|Stealth Rock|[from] move: Rapid Spin|[of] p2a: Great Tusk
|
|upkeep
|turn|30
|
|t:|1781061222
|-end|p2a: Great Tusk|Protosynthesis|[silent]
|switch|p2a: Slowking|Slowking-Galar, F|100/100
|move|p1a: Skarmory|Stealth Rock|p2a: Slowking
|-sidestart|p2: GreninjaMyFav|move: Stealth Rock
|
|upkeep
|turn|31
|
|t:|1781061227
|move|p2a: Slowking|Thunder Wave|p1a: Skarmory
|-status|p1a: Skarmory|par
|move|p1a: Skarmory|Whirlwind|p2a: Slowking
|drag|p2a: Kingambit|Kingambit, F|94/100
|-damage|p2a: Kingambit|88/100|[from] Stealth Rock
|-activate|p2a: Kingambit|ability: Supreme Overlord
|-start|p2a: Kingambit|fallen2|[silent]
|
|upkeep
|turn|32
|
|t:|1781061230
|move|p2a: Kingambit|Swords Dance|p2a: Kingambit
|-boost|p2a: Kingambit|atk|2
|move|p1a: Skarmory|Whirlwind|p2a: Kingambit
|-end|p2a: Kingambit|fallen2|[silent]
|drag|p2a: Great Tusk|Great Tusk|11/100
|
|upkeep
|turn|33
|
|t:|1781061236
|-end|p2a: Great Tusk|Protosynthesis|[silent]
|switch|p2a: Kingambit|Kingambit, F|88/100
|-damage|p2a: Kingambit|82/100|[from] Stealth Rock
|-activate|p2a: Kingambit|ability: Supreme Overlord
|-start|p2a: Kingambit|fallen2|[silent]
|move|p1a: Skarmory|Stealth Rock||[still]
|-fail|p1a: Skarmory
|
|upkeep
|turn|34
|
|t:|1781061238
|move|p2a: Kingambit|Swords Dance|p2a: Kingambit
|-boost|p2a: Kingambit|atk|2
|move|p1a: Skarmory|Whirlwind|p2a: Kingambit
|-end|p2a: Kingambit|fallen2|[silent]
|drag|p2a: Great Tusk|Great Tusk|11/100
|
|upkeep
|turn|35
|
|t:|1781061243
|-end|p2a: Great Tusk|Protosynthesis|[silent]
|switch|p2a: Kingambit|Kingambit, F|82/100
|-damage|p2a: Kingambit|76/100|[from] Stealth Rock
|-activate|p2a: Kingambit|ability: Supreme Overlord
|-start|p2a: Kingambit|fallen2|[silent]
|move|p1a: Skarmory|Whirlwind|p2a: Kingambit
|-end|p2a: Kingambit|fallen2|[silent]
|drag|p2a: Great Tusk|Great Tusk|11/100
|
|upkeep
|turn|36
|
|t:|1781061248
|-end|p2a: Great Tusk|Protosynthesis|[silent]
|switch|p2a: Kingambit|Kingambit, F|76/100
|-damage|p2a: Kingambit|70/100|[from] Stealth Rock
|-activate|p2a: Kingambit|ability: Supreme Overlord
|-start|p2a: Kingambit|fallen2|[silent]
|cant|p1a: Skarmory|par
|
|upkeep
|turn|37
|
|t:|1781061255
|-terastallize|p2a: Kingambit|Dark
|move|p2a: Kingambit|Kowtow Cleave|p1a: Skarmory
|-damage|p1a: Skarmory|26/100 par
|-damage|p2a: Kingambit|53/100|[from] item: Rocky Helmet|[of] p1a: Skarmory
|cant|p1a: Skarmory|par
|
|upkeep
|turn|38
|
|t:|1781061263
|move|p2a: Kingambit|Kowtow Cleave|p1a: Skarmory
|-damage|p1a: Skarmory|0 fnt
|-damage|p2a: Kingambit|36/100|[from] item: Rocky Helmet|[of] p1a: Skarmory
|faint|p1a: Skarmory
|
|upkeep
|
|t:|1781061271
|switch|p1a: Iron Valiant|Iron Valiant, shiny|100/100
|-damage|p1a: Iron Valiant|94/100|[from] Stealth Rock
|turn|39
|
|t:|1781061277
|-end|p2a: Kingambit|fallen2|[silent]
|switch|p2a: Great Tusk|Great Tusk|11/100
|move|p1a: Iron Valiant|Moonblast|p2a: Great Tusk
|-supereffective|p2a: Great Tusk
|-damage|p2a: Great Tusk|0 fnt
|faint|p2a: Great Tusk
|-end|p2a: Great Tusk|Protosynthesis|[silent]
|
|upkeep
|
|t:|1781061280
|switch|p2a: Slowking|Slowking-Galar, F|100/100
|turn|40
|
|t:|1781061283
|-end|p1a: Iron Valiant|Quark Drive|[silent]
|switch|p1a: Ting-Lu|Ting-Lu, tera:Water|82/100
|-damage|p1a: Ting-Lu|69/100|[from] Stealth Rock
|-ability|p1a: Ting-Lu|Vessel of Ruin
|-prepare|p2a: Slowking|Chilly Reception|[premajor]
|move|p2a: Slowking|Chilly Reception|p2a: Slowking
|-weather|Snowscape
|
|t:|1781061285
|switch|p2a: Greninja|Greninja, M|72/100|[from] Chilly Reception
|-damage|p2a: Greninja|59/100|[from] Stealth Rock
|
|-weather|Snowscape|[upkeep]
|-heal|p1a: Ting-Lu|76/100|[from] item: Leftovers
|upkeep
|turn|41
|
|t:|1781061293
|switch|p1a: Cinderace|Cinderace, F|100/100
|move|p2a: Greninja|Grass Knot|p1a: Cinderace
|-start|p2a: Greninja|typechange|Grass|[from] ability: Protean
|-resisted|p1a: Cinderace
|-damage|p1a: Cinderace|73/100
|
|-weather|Snowscape|[upkeep]
|upkeep
|turn|42
|
|t:|1781061300
|switch|p2a: Slowking|Slowking-Galar, F|100/100
|move|p1a: Cinderace|Pyro Ball|p2a: Slowking
|-damage|p2a: Slowking|45/100
|
|-weather|Snowscape|[upkeep]
|upkeep
|turn|43
|
|t:|1781061303
|switch|p2a: Greninja|Greninja, M|59/100
|-damage|p2a: Greninja|47/100|[from] Stealth Rock
|move|p1a: Cinderace|Pyro Ball|p2a: Greninja
|-resisted|p2a: Greninja
|-damage|p2a: Greninja|0 fnt
|faint|p2a: Greninja
|
|-weather|Snowscape|[upkeep]
|upkeep
|l| have we gone
|-message|GreninjaMyFav forfeited.
|
|win|Udiggwhatimsayin
|raw|Udiggwhatimsayin's rating: 1586 &rarr; <strong>1611</strong><br />(+25 for winning)
|raw|GreninjaMyFav's rating: 1673 &rarr; <strong>1648</strong><br />(-25 for losing)
|l|☆GreninjaMyFav
|player|p2|
|l|☆Udiggwhatimsayin
|player|p1|
