|j|☆Aaapinhen02
|j|☆alxiz⏣⏑⏣
|t:|1781592016
|gametype|singles
|player|p1|Aaapinhen02|marlon|1549
|player|p2|alxiz⏣⏑⏣|miku-fire|1562
|gen|9
|tier|[Gen 9] OU
|rated|
|rule|HP Percentage Mod: HP is shown in percentages
|rule|Endless Battle Clause: Forcing endless battles is banned
|rule|Species Clause: Limit one of each Pokémon
|rule|OHKO Clause: OHKO moves are banned
|rule|Evasion Items Clause: Evasion items are banned
|rule|Evasion Moves Clause: Evasion moves are banned
|rule|Evasion Abilities Clause: Evasion abilities are banned
|rule|Sleep Moves Clause: Sleep-inducing moves are banned
|clearpoke
|poke|p1|Pelipper, M|
|poke|p1|Tornadus-Therian, M|
|poke|p1|Iron Treads|
|poke|p1|Decidueye-Hisui, M|
|poke|p1|Barraskewda, M|
|poke|p1|Raging Bolt|
|poke|p2|Heatran, M|
|poke|p2|Ogerpon-Wellspring, F|
|poke|p2|Great Tusk|
|poke|p2|Kingambit, F|
|poke|p2|Cresselia, F|
|poke|p2|Dragapult, M|
|teampreview
|inactive|Battle timer is ON: inactive players will automatically lose when time's up. (requested by alxiz⏣⏑⏣)
|j| ceo o wo chien
|
|t:|1781592046
|teamsize|p1|6
|teamsize|p2|6
|start
|switch|p1a: 雨过不知龙去处，一池草色万蛙鸣|Pelipper, M|100/100
|switch|p2a: Dragapult|Dragapult, M|100/100
|-weather|RainDance|[from] ability: Drizzle|[of] p1a: 雨过不知龙去处，一池草色万蛙鸣
|turn|1
|c|☆alxiz⏣⏑⏣|"After the rain, no one knows where the dragon has gone; across the pond, lush green grass sways and ten thousand frogs are croaking."
|inactive|alxiz⏣⏑⏣ has 120 seconds left.
|c|☆alxiz⏣⏑⏣|hype
|
|t:|1781592081
|switch|p1a: 入水淬锋疑电闪，临崖发刃有星池|Iron Treads|100/100
|move|p2a: Dragapult|Will-O-Wisp|p1a: 入水淬锋疑电闪，临崖发刃有星池
|-status|p1a: 入水淬锋疑电闪，临崖发刃有星池|brn
|
|-weather|RainDance|[upkeep]
|-damage|p1a: 入水淬锋疑电闪，临崖发刃有星池|94/100 brn|[from] brn
|upkeep
|turn|2
|j| hattybatty304
|inactive|alxiz⏣⏑⏣ has 120 seconds left.
|
|t:|1781592095
|move|p2a: Dragapult|Hex|p1a: 入水淬锋疑电闪，临崖发刃有星池
|-damage|p1a: 入水淬锋疑电闪，临崖发刃有星池|50/100 brn
|move|p1a: 入水淬锋疑电闪，临崖发刃有星池|Knock Off|p2a: Dragapult
|-supereffective|p2a: Dragapult
|-damage|p2a: Dragapult|66/100
|-enditem|p2a: Dragapult|Heavy-Duty Boots|[from] move: Knock Off|[of] p1a: 入水淬锋疑电闪，临崖发刃有星池
|
|-weather|RainDance|[upkeep]
|-heal|p1a: 入水淬锋疑电闪，临崖发刃有星池|56/100 brn|[from] item: Leftovers
|-damage|p1a: 入水淬锋疑电闪，临崖发刃有星池|50/100 brn|[from] brn
|upkeep
|turn|3
|
|t:|1781592105
|move|p2a: Dragapult|Hex|p1a: 入水淬锋疑电闪，临崖发刃有星池
|-damage|p1a: 入水淬锋疑电闪，临崖发刃有星池|1/100 brn
|move|p1a: 入水淬锋疑电闪，临崖发刃有星池|Stealth Rock|p2a: Dragapult
|-sidestart|p2: alxiz⏣⏑⏣|move: Stealth Rock
|
|-weather|RainDance|[upkeep]
|-heal|p1a: 入水淬锋疑电闪，临崖发刃有星池|7/100 brn|[from] item: Leftovers
|-damage|p1a: 入水淬锋疑电闪，临崖发刃有星池|1/100 brn|[from] brn
|upkeep
|turn|4
|
|t:|1781592112
|move|p2a: Dragapult|Dragon Darts|p1a: 入水淬锋疑电闪，临崖发刃有星池
|-resisted|p1a: 入水淬锋疑电闪，临崖发刃有星池
|-damage|p1a: 入水淬锋疑电闪，临崖发刃有星池|0 fnt
|faint|p1a: 入水淬锋疑电闪，临崖发刃有星池
|-end|p1a: 入水淬锋疑电闪，临崖发刃有星池|Quark Drive|[silent]
|
|-weather|RainDance|[upkeep]
|upkeep
|
|t:|1781592117
|switch|p1a: 急湍甚箭，猛浪若奔|Barraskewda, M|100/100
|turn|5
|inactive|alxiz⏣⏑⏣ has 120 seconds left.
|c|☆alxiz⏣⏑⏣|"The rapids flow faster than arrows, and the fierce waves rush like wild horses".
|j| Concept Everything
|j| pls game
|
|t:|1781592171
|-terastallize|p1a: 急湍甚箭，猛浪若奔|Water
|move|p1a: 急湍甚箭，猛浪若奔|Liquidation|p2a: Dragapult
|-resisted|p2a: Dragapult
|-damage|p2a: Dragapult|0 fnt
|faint|p2a: Dragapult
|-damage|p1a: 急湍甚箭，猛浪若奔|91/100|[from] item: Life Orb
|
|-weather|RainDance|[upkeep]
|upkeep
|inactive|alxiz⏣⏑⏣ has 90 seconds left.
|
|t:|1781592182
|switch|p2a: Kingambit|Kingambit, F|100/100
|-damage|p2a: Kingambit|94/100|[from] Stealth Rock
|-activate|p2a: Kingambit|ability: Supreme Overlord
|-start|p2a: Kingambit|fallen1|[silent]
|turn|6
|
|t:|1781592187
|switch|p1a: 落红不是无情物，化作春泥更护花|Decidueye-Hisui, M|100/100
|-end|p2a: Kingambit|fallen1|[silent]
|switch|p2a: Heatran|Heatran, M|100/100
|-damage|p2a: Heatran|88/100|[from] Stealth Rock
|-item|p2a: Heatran|Air Balloon
|
|-weather|RainDance|[upkeep]
|upkeep
|turn|7
|
|t:|1781592201
|switch|p1a: 电闪金光夸五色，雷鸣巨吼动千山|Raging Bolt|100/100
|move|p2a: Heatran|Will-O-Wisp|p1a: 电闪金光夸五色，雷鸣巨吼动千山
|-status|p1a: 电闪金光夸五色，雷鸣巨吼动千山|brn
|
|-weather|RainDance|[upkeep]
|-damage|p1a: 电闪金光夸五色，雷鸣巨吼动千山|94/100 brn|[from] brn
|upkeep
|turn|8
|
|t:|1781592209
|move|p1a: 电闪金光夸五色，雷鸣巨吼动千山|Weather Ball|p2a: Heatran
|-supereffective|p2a: Heatran
|-damage|p2a: Heatran|18/100
|-enditem|p2a: Heatran|Air Balloon
|move|p2a: Heatran|Earth Power|p1a: 电闪金光夸五色，雷鸣巨吼动千山
|-supereffective|p1a: 电闪金光夸五色，雷鸣巨吼动千山
|-damage|p1a: 电闪金光夸五色，雷鸣巨吼动千山|63/100 brn
|
|-weather|none
|-damage|p1a: 电闪金光夸五色，雷鸣巨吼动千山|57/100 brn|[from] brn
|upkeep
|turn|9
|
|t:|1781592223
|-end|p1a: 电闪金光夸五色，雷鸣巨吼动千山|Protosynthesis|[silent]
|switch|p1a: 雨过不知龙去处，一池草色万蛙鸣|Pelipper, M|100/100
|-weather|RainDance|[from] ability: Drizzle|[of] p1a: 雨过不知龙去处，一池草色万蛙鸣
|move|p2a: Heatran|Stealth Rock|p1a: 雨过不知龙去处，一池草色万蛙鸣
|-sidestart|p1: Aaapinhen02|move: Stealth Rock
|
|-weather|RainDance|[upkeep]
|upkeep
|turn|10
|
|t:|1781592231
|move|p2a: Heatran|Will-O-Wisp|p1a: 雨过不知龙去处，一池草色万蛙鸣
|-status|p1a: 雨过不知龙去处，一池草色万蛙鸣|brn
|move|p1a: 雨过不知龙去处，一池草色万蛙鸣|U-turn|p2a: Heatran
|-resisted|p2a: Heatran
|-damage|p2a: Heatran|17/100
|
|t:|1781592240
|switch|p1a: 大鹏一日同风起，扶摇直上九万里|Tornadus-Therian, M|100/100|[from] U-turn
|-damage|p1a: 大鹏一日同风起，扶摇直上九万里|76/100|[from] Stealth Rock
|
|-weather|RainDance|[upkeep]
|upkeep
|turn|11
|
|t:|1781592249
|switch|p2a: Kingambit|Kingambit, F|94/100
|-damage|p2a: Kingambit|88/100|[from] Stealth Rock
|-activate|p2a: Kingambit|ability: Supreme Overlord
|-start|p2a: Kingambit|fallen1|[silent]
|move|p1a: 大鹏一日同风起，扶摇直上九万里|Hurricane|p2a: Kingambit
|-resisted|p2a: Kingambit
|-damage|p2a: Kingambit|49/100
|
|-weather|RainDance|[upkeep]
|upkeep
|turn|12
|
|t:|1781592260
|switch|p1a: 落红不是无情物，化作春泥更护花|Decidueye-Hisui, M|100/100
|-damage|p1a: 落红不是无情物，化作春泥更护花|94/100|[from] Stealth Rock
|move|p2a: Kingambit|Iron Head|p1a: 落红不是无情物，化作春泥更护花
|-damage|p1a: 落红不是无情物，化作春泥更护花|58/100
|-damage|p2a: Kingambit|32/100|[from] item: Rocky Helmet|[of] p1a: 落红不是无情物，化作春泥更护花
|
|-weather|RainDance|[upkeep]
|upkeep
|turn|13
|
|t:|1781592273
|-end|p2a: Kingambit|fallen1|[silent]
|switch|p2a: Cresselia|Cresselia, F|100/100
|-damage|p2a: Cresselia|88/100|[from] Stealth Rock
|move|p1a: 落红不是无情物，化作春泥更护花|U-turn|p2a: Cresselia
|-supereffective|p2a: Cresselia
|-damage|p2a: Cresselia|62/100
|
|t:|1781592284
|switch|p1a: 急湍甚箭，猛浪若奔|Barraskewda, M, tera:Water|91/100|[from] U-turn
|-damage|p1a: 急湍甚箭，猛浪若奔|78/100|[from] Stealth Rock
|
|-weather|RainDance|[upkeep]
|-heal|p2a: Cresselia|68/100|[from] item: Leftovers
|upkeep
|turn|14
|
|t:|1781592292
|switch|p2a: Heatran|Heatran, M|17/100
|-damage|p2a: Heatran|5/100|[from] Stealth Rock
|move|p1a: 急湍甚箭，猛浪若奔|Close Combat|p2a: Heatran
|-supereffective|p2a: Heatran
|-damage|p2a: Heatran|0 fnt
|-unboost|p1a: 急湍甚箭，猛浪若奔|def|1
|-unboost|p1a: 急湍甚箭，猛浪若奔|spd|1
|faint|p2a: Heatran
|-damage|p1a: 急湍甚箭，猛浪若奔|69/100|[from] item: Life Orb
|
|-weather|RainDance|[upkeep]
|upkeep
|
|t:|1781592302
|switch|p2a: Kingambit|Kingambit, F|32/100
|-damage|p2a: Kingambit|26/100|[from] Stealth Rock
|-activate|p2a: Kingambit|ability: Supreme Overlord
|-start|p2a: Kingambit|fallen2|[silent]
|turn|15
|
|t:|1781592308
|-end|p2a: Kingambit|fallen2|[silent]
|switch|p2a: Ogerpon|Ogerpon-Wellspring, F|100/100
|-damage|p2a: Ogerpon|88/100|[from] Stealth Rock
|move|p1a: 急湍甚箭，猛浪若奔|Aqua Jet|p2a: Ogerpon
|-heal|p2a: Ogerpon|100/100|[from] ability: Water Absorb|[of] p1a: 急湍甚箭，猛浪若奔
|
|-weather|RainDance|[upkeep]
|upkeep
|turn|16
|
|t:|1781592318
|switch|p1a: 落红不是无情物，化作春泥更护花|Decidueye-Hisui, M|58/100
|-damage|p1a: 落红不是无情物，化作春泥更护花|52/100|[from] Stealth Rock
|move|p2a: Ogerpon|Ivy Cudgel|p1a: 落红不是无情物，化作春泥更护花|[anim] Ivy Cudgel Water
|-resisted|p1a: 落红不是无情物，化作春泥更护花
|-crit|p1a: 落红不是无情物，化作春泥更护花
|-damage|p1a: 落红不是无情物，化作春泥更护花|0 fnt
|faint|p1a: 落红不是无情物，化作春泥更护花
|
|-weather|none
|upkeep
|
|t:|1781592331
|switch|p1a: 雨过不知龙去处，一池草色万蛙鸣|Pelipper, M|100/100 brn
|-damage|p1a: 雨过不知龙去处，一池草色万蛙鸣|76/100 brn|[from] Stealth Rock
|-weather|RainDance|[from] ability: Drizzle|[of] p1a: 雨过不知龙去处，一池草色万蛙鸣
|turn|17
|
|t:|1781592338
|switch|p2a: Great Tusk|Great Tusk|100/100
|-damage|p2a: Great Tusk|97/100|[from] Stealth Rock
|-enditem|p2a: Great Tusk|Booster Energy
|-activate|p2a: Great Tusk|ability: Protosynthesis|[fromitem]
|-start|p2a: Great Tusk|protosynthesisatk
|move|p1a: 雨过不知龙去处，一池草色万蛙鸣|U-turn|p2a: Great Tusk
|-resisted|p2a: Great Tusk
|-damage|p2a: Great Tusk|96/100
|
|t:|1781592351
|switch|p1a: 大鹏一日同风起，扶摇直上九万里|Tornadus-Therian, M|100/100|[from] U-turn
|-damage|p1a: 大鹏一日同风起，扶摇直上九万里|76/100|[from] Stealth Rock
|
|-weather|RainDance|[upkeep]
|upkeep
|turn|18
|
|t:|1781592358
|move|p1a: 大鹏一日同风起，扶摇直上九万里|Weather Ball|p2a: Great Tusk
|-supereffective|p2a: Great Tusk
|-damage|p2a: Great Tusk|0 fnt
|faint|p2a: Great Tusk
|-end|p2a: Great Tusk|Protosynthesis|[silent]
|
|-weather|RainDance|[upkeep]
|upkeep
|
|t:|1781592368
|switch|p2a: Ogerpon|Ogerpon-Wellspring, F|100/100
|-damage|p2a: Ogerpon|88/100|[from] Stealth Rock
|turn|19
|
|t:|1781592372
|switch|p1a: 电闪金光夸五色，雷鸣巨吼动千山|Raging Bolt|57/100 brn
|-damage|p1a: 电闪金光夸五色，雷鸣巨吼动千山|45/100 brn|[from] Stealth Rock
|move|p2a: Ogerpon|Ivy Cudgel|p1a: 电闪金光夸五色，雷鸣巨吼动千山|[anim] Ivy Cudgel Water
|-resisted|p1a: 电闪金光夸五色，雷鸣巨吼动千山
|-damage|p1a: 电闪金光夸五色，雷鸣巨吼动千山|0 fnt
|faint|p1a: 电闪金光夸五色，雷鸣巨吼动千山
|-end|p1a: 电闪金光夸五色，雷鸣巨吼动千山|Protosynthesis|[silent]
|
|-weather|RainDance|[upkeep]
|upkeep
|
|t:|1781592381
|switch|p1a: 大鹏一日同风起，扶摇直上九万里|Tornadus-Therian, M|100/100
|-damage|p1a: 大鹏一日同风起，扶摇直上九万里|76/100|[from] Stealth Rock
|turn|20
|
|t:|1781592388
|switch|p2a: Cresselia|Cresselia, F|68/100
|-damage|p2a: Cresselia|55/100|[from] Stealth Rock
|move|p1a: 大鹏一日同风起，扶摇直上九万里|Hurricane|p2a: Cresselia
|-damage|p2a: Cresselia|4/100
|
|-weather|RainDance|[upkeep]
|-heal|p2a: Cresselia|10/100|[from] item: Leftovers
|upkeep
|turn|21
|
|t:|1781592396
|move|p1a: 大鹏一日同风起，扶摇直上九万里|Hurricane|p2a: Cresselia
|-damage|p2a: Cresselia|0 fnt
|faint|p2a: Cresselia
|
|-weather|RainDance|[upkeep]
|upkeep
|
|t:|1781592399
|switch|p2a: Kingambit|Kingambit, F|26/100
|-damage|p2a: Kingambit|20/100|[from] Stealth Rock
|-activate|p2a: Kingambit|ability: Supreme Overlord
|-start|p2a: Kingambit|fallen4|[silent]
|turn|22
|
|t:|1781592408
|move|p2a: Kingambit|Sucker Punch|p1a: 大鹏一日同风起，扶摇直上九万里
|-damage|p1a: 大鹏一日同风起，扶摇直上九万里|0 fnt
|faint|p1a: 大鹏一日同风起，扶摇直上九万里
|
|-weather|RainDance|[upkeep]
|upkeep
|
|t:|1781592413
|switch|p1a: 急湍甚箭，猛浪若奔|Barraskewda, M, tera:Water|69/100
|-damage|p1a: 急湍甚箭，猛浪若奔|56/100|[from] Stealth Rock
|turn|23
|
|t:|1781592417
|-terastallize|p2a: Kingambit|Ghost
|move|p1a: 急湍甚箭，猛浪若奔|Aqua Jet|p2a: Kingambit
|-damage|p2a: Kingambit|0 fnt
|faint|p2a: Kingambit
|-end|p2a: Kingambit|fallen4|[silent]
|-damage|p1a: 急湍甚箭，猛浪若奔|47/100|[from] item: Life Orb
|
|-weather|RainDance|[upkeep]
|upkeep
|
|t:|1781592421
|switch|p2a: Ogerpon|Ogerpon-Wellspring, F|88/100
|-damage|p2a: Ogerpon|76/100|[from] Stealth Rock
|turn|24
|
|t:|1781592427
|move|p1a: 急湍甚箭，猛浪若奔|Close Combat|p2a: Ogerpon
|-damage|p2a: Ogerpon|0 fnt
|-unboost|p1a: 急湍甚箭，猛浪若奔|def|1
|-unboost|p1a: 急湍甚箭，猛浪若奔|spd|1
|faint|p2a: Ogerpon
|-damage|p1a: 急湍甚箭，猛浪若奔|37/100|[from] item: Life Orb
|
|win|Aaapinhen02
|raw|Aaapinhen02's rating: 1549 &rarr; <strong>1570</strong><br />(+21 for winning)
|raw|alxiz⏣⏑⏣'s rating: 1562 &rarr; <strong>1541</strong><br />(-21 for losing)
|c|☆alxiz⏣⏑⏣|ggwp
|l| hattybatty304
|l|☆alxiz⏣⏑⏣
|player|p2|
|l|☆Aaapinhen02
|player|p1|
|l| Concept Everything
|l| pls game
