|j|☆samohi0
|j|☆Glimpse Man
|t:|1781215255
|gametype|singles
|player|p1|samohi0|hoopster|1688
|player|p2|Glimpse Man|acetrainer-gen4dp|1621
|gen|9
|tier|[Gen 9] OU
|rated|
|rule|HP Percentage Mod: HP is shown in percentages
|rule|Endless Battle Clause: Forcing endless battles is banned
|rule|Species Clause: Limit one of each Pokémon
|rule|OHKO Clause: OHKO moves are banned
|rule|Evasion Items Clause: Evasion items are banned
|rule|Evasion Moves Clause: Evasion moves are banned
|rule|Evasion Abilities Clause: Evasion abilities are banned
|rule|Sleep Moves Clause: Sleep-inducing moves are banned
|clearpoke
|poke|p1|Dragapult, M|
|poke|p1|Lokix, M|
|poke|p1|Alomomola, F|
|poke|p1|Great Tusk|
|poke|p1|Enamorus, F|
|poke|p1|Iron Crown|
|poke|p2|Great Tusk|
|poke|p2|Samurott-Hisui, M|
|poke|p2|Gholdengo|
|poke|p2|Zamazenta-*|
|poke|p2|Iron Valiant|
|poke|p2|Talonflame, F|
|teampreview
|inactive|Battle timer is ON: inactive players will automatically lose when time's up. (requested by Glimpse Man)
|
|t:|1781215267
|teamsize|p1|6
|teamsize|p2|6
|start
|switch|p1a: Iron Crown|Iron Crown|100/100
|switch|p2a: Samurott|Samurott-Hisui, M|100/100
|turn|1
|
|t:|1781215270
|move|p1a: Iron Crown|Volt Switch|p2a: Samurott
|-supereffective|p2a: Samurott
|-damage|p2a: Samurott|56/100
|
|t:|1781215272
|-end|p1a: Iron Crown|Quark Drive|[silent]
|switch|p1a: Lokix|Lokix, M|100/100|[from] Volt Switch
|move|p2a: Samurott|Ceaseless Edge|p1a: Lokix
|-resisted|p1a: Lokix
|-crit|p1a: Lokix
|-damage|p1a: Lokix|54/100
|-sidestart|p1: samohi0|Spikes
|
|upkeep
|turn|2
|
|t:|1781215275
|switch|p2a: Talonflame|Talonflame, F|100/100
|move|p1a: Lokix|U-turn|p2a: Talonflame
|-resisted|p2a: Talonflame
|-damage|p2a: Talonflame|74/100
|
|t:|1781215283
|switch|p1a: Dragapult|Dragapult, M|100/100|[from] U-turn
|-damage|p1a: Dragapult|88/100|[from] Spikes
|
|upkeep
|turn|3
|
|t:|1781215286
|switch|p2a: Samurott|Samurott-Hisui, M|56/100
|move|p1a: Dragapult|Dragon Darts|p2a: Samurott
|-damage|p2a: Samurott|10/100
|-anim|p1a: Dragapult|Dragon Darts|p2a: Samurott
|-damage|p2a: Samurott|0 fnt
|faint|p2a: Samurott
|
|upkeep
|
|t:|1781215299
|switch|p2a: Iron Valiant|Iron Valiant|100/100
|-enditem|p2a: Iron Valiant|Booster Energy
|-activate|p2a: Iron Valiant|ability: Quark Drive|[fromitem]
|-start|p2a: Iron Valiant|quarkdrivespe
|turn|4
|inactive|samohi0 has 120 seconds left.
|
|t:|1781215332
|switch|p1a: Alomomola|Alomomola, F|100/100
|-damage|p1a: Alomomola|88/100|[from] Spikes
|move|p2a: Iron Valiant|Swords Dance|p2a: Iron Valiant
|-boost|p2a: Iron Valiant|atk|2
|
|upkeep
|turn|5
|
|t:|1781215342
|move|p2a: Iron Valiant|Close Combat|p1a: Alomomola
|-damage|p1a: Alomomola|6/100
|-unboost|p2a: Iron Valiant|def|1
|-unboost|p2a: Iron Valiant|spd|1
|move|p1a: Alomomola|Scald|p2a: Iron Valiant
|-damage|p2a: Iron Valiant|65/100
|-status|p2a: Iron Valiant|brn
|
|-damage|p2a: Iron Valiant|59/100 brn|[from] brn
|upkeep
|turn|6
|
|t:|1781215352
|switch|p1a: Iron Crown|Iron Crown|100/100
|-damage|p1a: Iron Crown|88/100|[from] Spikes
|move|p2a: Iron Valiant|Knock Off|p1a: Iron Crown
|-supereffective|p1a: Iron Crown
|-damage|p1a: Iron Crown|17/100
|-enditem|p1a: Iron Crown|Choice Specs|[from] move: Knock Off|[of] p2a: Iron Valiant
|
|-damage|p2a: Iron Valiant|53/100 brn|[from] brn
|upkeep
|turn|7
|
|t:|1781215356
|-end|p1a: Iron Crown|Quark Drive|[silent]
|switch|p1a: Alomomola|Alomomola, F|39/100
|-damage|p1a: Alomomola|27/100|[from] Spikes
|move|p2a: Iron Valiant|Close Combat|p1a: Alomomola
|-damage|p1a: Alomomola|0 fnt
|-unboost|p2a: Iron Valiant|def|1
|-unboost|p2a: Iron Valiant|spd|1
|faint|p1a: Alomomola
|
|-damage|p2a: Iron Valiant|47/100 brn|[from] brn
|upkeep
|
|t:|1781215359
|switch|p1a: Lokix|Lokix, M|54/100
|-damage|p1a: Lokix|42/100|[from] Spikes
|turn|8
|
|t:|1781215361
|-end|p2a: Iron Valiant|Quark Drive|[silent]
|switch|p2a: Talonflame|Talonflame, F|74/100
|move|p1a: Lokix|First Impression|p2a: Talonflame
|-resisted|p2a: Talonflame
|-damage|p2a: Talonflame|36/100
|-status|p1a: Lokix|brn|[from] ability: Flame Body|[of] p2a: Talonflame
|
|-damage|p1a: Lokix|36/100 brn|[from] brn
|upkeep
|turn|9
|
|t:|1781215366
|switch|p1a: Iron Crown|Iron Crown|17/100
|-damage|p1a: Iron Crown|4/100|[from] Spikes
|move|p2a: Talonflame|U-turn|p1a: Iron Crown
|-damage|p1a: Iron Crown|0 fnt
|faint|p1a: Iron Crown
|-end|p1a: Iron Crown|Quark Drive|[silent]
|
|t:|1781215373
|switch|p2a: Iron Valiant|Iron Valiant|47/100 brn|[from] U-turn
|
|-damage|p2a: Iron Valiant|40/100 brn|[from] brn
|upkeep
|
|t:|1781215377
|switch|p1a: Enamorus|Enamorus, F|100/100
|turn|10
|
|t:|1781215379
|move|p1a: Enamorus|Moonblast|p2a: Iron Valiant
|-supereffective|p2a: Iron Valiant
|-damage|p2a: Iron Valiant|0 fnt
|faint|p2a: Iron Valiant
|-end|p2a: Iron Valiant|Quark Drive|[silent]
|
|upkeep
|
|t:|1781215381
|switch|p2a: Gholdengo|Gholdengo|100/100
|-item|p2a: Gholdengo|Air Balloon
|turn|11
|
|t:|1781215387
|switch|p1a: Dragapult|Dragapult, M|88/100
|-damage|p1a: Dragapult|76/100|[from] Spikes
|move|p2a: Gholdengo|Make It Rain|p1a: Dragapult
|-damage|p1a: Dragapult|0 fnt
|-unboost|p2a: Gholdengo|spa|1
|faint|p1a: Dragapult
|
|upkeep
|
|t:|1781215398
|switch|p1a: Great Tusk|Great Tusk|100/100
|turn|12
|
|t:|1781215400
|switch|p2a: Talonflame|Talonflame, F|36/100
|move|p1a: Great Tusk|Ice Spinner|p2a: Talonflame
|-damage|p2a: Talonflame|5/100
|
|upkeep
|turn|13
|
|t:|1781215404
|move|p2a: Talonflame|Will-O-Wisp|p1a: Great Tusk
|-status|p1a: Great Tusk|brn
|move|p1a: Great Tusk|Rapid Spin|p2a: Talonflame
|-damage|p2a: Talonflame|0 fnt
|-boost|p1a: Great Tusk|spe|1
|-sideend|p1: samohi0|Spikes|[from] move: Rapid Spin|[of] p1a: Great Tusk
|faint|p2a: Talonflame
|
|-damage|p1a: Great Tusk|94/100 brn|[from] brn
|upkeep
|
|t:|1781215407
|switch|p2a: Great Tusk|Great Tusk|100/100
|turn|14
|
|t:|1781215411
|-end|p1a: Great Tusk|Protosynthesis|[silent]
|switch|p1a: Enamorus|Enamorus, F|100/100
|move|p2a: Great Tusk|Rapid Spin|p1a: Enamorus
|-damage|p1a: Enamorus|71/100
|-boost|p2a: Great Tusk|spe|1
|
|upkeep
|turn|15
|
|t:|1781215419
|-terastallize|p2a: Great Tusk|Electric
|move|p1a: Enamorus|Moonblast|p2a: Great Tusk
|-damage|p2a: Great Tusk|25/100
|move|p2a: Great Tusk|Rapid Spin|p1a: Enamorus
|-damage|p1a: Enamorus|44/100
|-boost|p2a: Great Tusk|spe|1
|
|-heal|p2a: Great Tusk|31/100|[from] item: Leftovers
|upkeep
|turn|16
|
|t:|1781215424
|switch|p1a: Great Tusk|Great Tusk|94/100 brn
|move|p2a: Great Tusk|Ice Spinner|p1a: Great Tusk
|-supereffective|p1a: Great Tusk
|-damage|p1a: Great Tusk|55/100 brn
|
|-heal|p2a: Great Tusk|37/100|[from] item: Leftovers
|-damage|p1a: Great Tusk|49/100 brn|[from] brn
|upkeep
|turn|17
|
|t:|1781215430
|move|p2a: Great Tusk|Bulk Up|p2a: Great Tusk
|-boost|p2a: Great Tusk|atk|1
|-boost|p2a: Great Tusk|def|1
|move|p1a: Great Tusk|Headlong Rush|p2a: Great Tusk
|-supereffective|p2a: Great Tusk
|-damage|p2a: Great Tusk|7/100
|-unboost|p1a: Great Tusk|def|1
|-unboost|p1a: Great Tusk|spd|1
|
|-heal|p2a: Great Tusk|13/100|[from] item: Leftovers
|-damage|p1a: Great Tusk|43/100 brn|[from] brn
|upkeep
|turn|18
|
|t:|1781215432
|move|p2a: Great Tusk|Ice Spinner|p1a: Great Tusk
|-supereffective|p1a: Great Tusk
|-damage|p1a: Great Tusk|0 fnt
|faint|p1a: Great Tusk
|-end|p1a: Great Tusk|Protosynthesis|[silent]
|
|-heal|p2a: Great Tusk|20/100|[from] item: Leftovers
|upkeep
|
|t:|1781215434
|switch|p1a: Lokix|Lokix, M|36/100 brn
|turn|19
|
|t:|1781215436
|move|p1a: Lokix|First Impression|p2a: Great Tusk
|-damage|p2a: Great Tusk|5/100
|move|p2a: Great Tusk|Ice Spinner|p1a: Lokix
|-damage|p1a: Lokix|0 fnt
|faint|p1a: Lokix
|
|-heal|p2a: Great Tusk|11/100|[from] item: Leftovers
|upkeep
|
|t:|1781215438
|switch|p1a: Enamorus|Enamorus, F|44/100
|turn|20
|
|t:|1781215440
|move|p2a: Great Tusk|Ice Spinner|p1a: Enamorus
|-supereffective|p1a: Enamorus
|-damage|p1a: Enamorus|0 fnt
|faint|p1a: Enamorus
|
|win|Glimpse Man
|raw|samohi0's rating: 1715 &rarr; <strong>1690</strong><br />(-25 for losing)
|raw|Glimpse Man's rating: 1621 &rarr; <strong>1646</strong><br />(+25 for winning)
|l|☆samohi0
|player|p1|
|l|☆Glimpse Man
|player|p2|
|j|☆Glimpse Man
|player|p2|Glimpse Man|acetrainer-gen4dp|
