|badge|p1|bronze|gen9ou|100-9
|uhtml|medal-msg|<div class="broadcast-blue">Curious what those medals under the avatar are? PS now has Ladder Seasons! For more information, check out the <a href="https://www.smogon.com/forums/threads/3740067/">thread on Smogon.</a></div>
|j|☆Ctannn
|j|☆temporarylight
|t:|1781575898
|gametype|singles
|player|p1|Ctannn|265|1840
|player|p2|temporarylight|jogger|1777
|gen|9
|tier|[Gen 9] OU
|rated|
|rule|HP Percentage Mod: HP is shown in percentages
|rule|Endless Battle Clause: Forcing endless battles is banned
|rule|Species Clause: Limit one of each Pokémon
|rule|OHKO Clause: OHKO moves are banned
|rule|Evasion Items Clause: Evasion items are banned
|rule|Evasion Moves Clause: Evasion moves are banned
|rule|Evasion Abilities Clause: Evasion abilities are banned
|rule|Sleep Moves Clause: Sleep-inducing moves are banned
|clearpoke
|poke|p1|Rillaboom, F|
|poke|p1|Garganacl, F|
|poke|p1|Cinderace, M|
|poke|p1|Raging Bolt|
|poke|p1|Slowking-Galar, M|
|poke|p1|Landorus-Therian, M|
|poke|p2|Great Tusk|
|poke|p2|Volcanion|
|poke|p2|Clefable, F|
|poke|p2|Zapdos-Galar|
|poke|p2|Raging Bolt|
|poke|p2|Wo-Chien|
|teampreview
|inactive|Battle timer is ON: inactive players will automatically lose when time's up. (requested by Ctannn)
|j| kanaete onegai
|
|t:|1781575917
|teamsize|p1|6
|teamsize|p2|6
|start
|switch|p1a: Slowking|Slowking-Galar, M|100/100
|switch|p2a: Zapdos|Zapdos-Galar|100/100
|turn|1
|
|t:|1781575928
|move|p2a: Zapdos|U-turn|p1a: Slowking
|-damage|p1a: Slowking|80/100
|-damage|p2a: Zapdos|84/100|[from] item: Rocky Helmet|[of] p1a: Slowking
|
|t:|1781575932
|switch|p2a: Great Tusk|Great Tusk|100/100|[from] U-turn
|move|p1a: Slowking|Psychic|p2a: Great Tusk
|-supereffective|p2a: Great Tusk
|-damage|p2a: Great Tusk|34/100
|
|upkeep
|turn|2
|j| jfhdjdjdnfjdd
|
|t:|1781575938
|switch|p1a: Landorus|Landorus-Therian, M|100/100
|-ability|p1a: Landorus|Intimidate|boost
|-unboost|p2a: Great Tusk|atk|1
|move|p2a: Great Tusk|Knock Off|p1a: Landorus
|-damage|p1a: Landorus|82/100
|-damage|p2a: Great Tusk|18/100|[from] item: Rocky Helmet|[of] p1a: Landorus
|-enditem|p1a: Landorus|Rocky Helmet|[from] move: Knock Off|[of] p2a: Great Tusk
|
|upkeep
|turn|3
|
|t:|1781575943
|-end|p2a: Great Tusk|Protosynthesis|[silent]
|switch|p2a: Clefable|Clefable, F|100/100
|move|p1a: Landorus|U-turn|p2a: Clefable
|-resisted|p2a: Clefable
|-damage|p2a: Clefable|92/100
|
|t:|1781575946
|switch|p1a: Slowking|Slowking-Galar, M|100/100|[from] U-turn
|
|-heal|p2a: Clefable|98/100|[from] item: Leftovers
|upkeep
|turn|4
|
|t:|1781575961
|switch|p2a: Great Tusk|Great Tusk|18/100
|move|p1a: Slowking|Future Sight|p2a: Great Tusk
|-start|p1a: Slowking|move: Future Sight
|
|upkeep
|turn|5
|
|t:|1781575969
|-end|p2a: Great Tusk|Protosynthesis|[silent]
|switch|p2a: Wo-Chien|Wo-Chien|100/100
|-ability|p2a: Wo-Chien|Tablets of Ruin
|move|p1a: Slowking|Psychic|p2a: Wo-Chien
|-immune|p2a: Wo-Chien
|
|upkeep
|turn|6
|
|t:|1781575974
|switch|p1a: Landorus|Landorus-Therian, M|82/100
|-ability|p1a: Landorus|Intimidate|boost
|-unboost|p2a: Wo-Chien|atk|1
|move|p2a: Wo-Chien|Protect||[still]
|-fail|p2a: Wo-Chien
|
|-end|p2a: Wo-Chien|move: Future Sight
|-immune|p2a: Wo-Chien
|upkeep
|turn|7
|
|t:|1781575979
|move|p2a: Wo-Chien|Leech Seed|p1a: Landorus
|-start|p1a: Landorus|move: Leech Seed
|move|p1a: Landorus|U-turn|p2a: Wo-Chien
|-supereffective|p2a: Wo-Chien
|-damage|p2a: Wo-Chien|56/100
|
|t:|1781575982
|switch|p1a: Cinderace|Cinderace, M|100/100|[from] U-turn
|
|-heal|p2a: Wo-Chien|62/100|[from] item: Leftovers
|upkeep
|turn|8
|
|t:|1781575987
|switch|p2a: Volcanion|Volcanion|100/100
|move|p1a: Cinderace|U-turn|p2a: Volcanion
|-start|p1a: Cinderace|typechange|Bug|[from] ability: Libero
|-resisted|p2a: Volcanion
|-damage|p2a: Volcanion|84/100
|
|t:|1781575992
|switch|p1a: Raging Bolt|Raging Bolt|100/100|[from] U-turn
|
|upkeep
|turn|9
|
|t:|1781576001
|switch|p2a: Clefable|Clefable, F|98/100
|move|p1a: Raging Bolt|Thunderbolt|p2a: Clefable
|-damage|p2a: Clefable|44/100
|
|-heal|p2a: Clefable|50/100|[from] item: Leftovers
|upkeep
|turn|10
|
|t:|1781576008
|move|p1a: Raging Bolt|Thunderbolt|p2a: Clefable
|-damage|p2a: Clefable|1/100
|move|p2a: Clefable|Moonlight|p2a: Clefable
|-heal|p2a: Clefable|51/100
|
|-heal|p2a: Clefable|57/100|[from] item: Leftovers
|upkeep
|turn|11
|
|t:|1781576011
|switch|p2a: Great Tusk|Great Tusk|18/100
|move|p1a: Raging Bolt|Volt Switch|p2a: Great Tusk
|-immune|p2a: Great Tusk
|
|upkeep
|turn|12
|
|t:|1781576015
|-end|p1a: Raging Bolt|Protosynthesis|[silent]
|switch|p1a: Slowking|Slowking-Galar, M|100/100
|move|p2a: Great Tusk|Close Combat|p1a: Slowking
|-resisted|p1a: Slowking
|-damage|p1a: Slowking|87/100
|-unboost|p2a: Great Tusk|def|1
|-unboost|p2a: Great Tusk|spd|1
|-damage|p2a: Great Tusk|1/100|[from] item: Rocky Helmet|[of] p1a: Slowking
|
|upkeep
|turn|13
|
|t:|1781576025
|switch|p1a: Landorus|Landorus-Therian, M|82/100
|-ability|p1a: Landorus|Intimidate|boost
|-unboost|p2a: Great Tusk|atk|1
|move|p2a: Great Tusk|Headlong Rush|p1a: Landorus
|-immune|p1a: Landorus
|
|upkeep
|turn|14
|
|t:|1781576030
|-end|p2a: Great Tusk|Protosynthesis|[silent]
|switch|p2a: Zapdos|Zapdos-Galar|84/100
|move|p1a: Landorus|Stealth Rock|p2a: Zapdos
|-sidestart|p2: temporarylight|move: Stealth Rock
|
|upkeep
|turn|15
|
|t:|1781576035
|switch|p1a: Slowking|Slowking-Galar, M|100/100
|move|p2a: Zapdos|Brave Bird|p1a: Slowking
|-damage|p1a: Slowking|50/100
|-damage|p2a: Zapdos|67/100|[from] item: Rocky Helmet|[of] p1a: Slowking
|-damage|p2a: Zapdos|47/100|[from] Recoil
|
|upkeep
|turn|16
|
|t:|1781576039
|switch|p1a: Garganacl|Garganacl, F|100/100
|move|p2a: Zapdos|Brave Bird|p1a: Garganacl
|-resisted|p1a: Garganacl
|-damage|p1a: Garganacl|77/100
|-damage|p2a: Zapdos|37/100|[from] Recoil
|
|-heal|p1a: Garganacl|83/100|[from] item: Leftovers
|upkeep
|turn|17
|
|t:|1781576042
|switch|p2a: Clefable|Clefable, F|57/100
|move|p1a: Garganacl|Protect||[still]
|-fail|p1a: Garganacl
|
|-heal|p2a: Clefable|63/100|[from] item: Leftovers
|-heal|p1a: Garganacl|89/100|[from] item: Leftovers
|upkeep
|turn|18
|
|t:|1781576046
|switch|p1a: Slowking|Slowking-Galar, M|83/100
|move|p2a: Clefable|Stealth Rock|p1a: Slowking
|-sidestart|p1: Ctannn|move: Stealth Rock
|
|-heal|p2a: Clefable|69/100|[from] item: Leftovers
|upkeep
|turn|19
|
|t:|1781576054
|move|p2a: Clefable|Healing Wish|p2a: Clefable
|faint|p2a: Clefable
|move|p1a: Slowking|Future Sight|p2: Clefable
|-start|p1a: Slowking|move: Future Sight
|
|upkeep
|c| kanaete onegai|never thought about putting a helmet on a glowking,kinda like it
|
|t:|1781576060
|switch|p2a: Great Tusk|Great Tusk|1/100
|-heal|p2a: Great Tusk|100/100|[from] move: Healing Wish
|-damage|p2a: Great Tusk|98/100|[from] Stealth Rock
|turn|20
|
|t:|1781576072
|-terastallize|p1a: Slowking|Fairy
|move|p2a: Great Tusk|Headlong Rush|p1a: Slowking
|-damage|p1a: Slowking|31/100
|-unboost|p2a: Great Tusk|def|1
|-unboost|p2a: Great Tusk|spd|1
|-damage|p2a: Great Tusk|81/100|[from] item: Rocky Helmet|[of] p1a: Slowking
|move|p1a: Slowking|Psychic|p2a: Great Tusk
|-supereffective|p2a: Great Tusk
|-damage|p2a: Great Tusk|0 fnt
|faint|p2a: Great Tusk
|-end|p2a: Great Tusk|Protosynthesis|[silent]
|
|upkeep
|
|t:|1781576078
|switch|p2a: Wo-Chien|Wo-Chien|62/100
|-damage|p2a: Wo-Chien|49/100|[from] Stealth Rock
|-ability|p2a: Wo-Chien|Tablets of Ruin
|turn|21
|
|t:|1781576084
|move|p2a: Wo-Chien|Leech Seed|p1a: Slowking
|-start|p1a: Slowking|move: Leech Seed
|-prepare|p1a: Slowking|Chilly Reception|[premajor]
|move|p1a: Slowking|Chilly Reception|p1a: Slowking
|-weather|Snowscape
|
|t:|1781576087
|switch|p1a: Landorus|Landorus-Therian, M|82/100|[from] Chilly Reception
|-damage|p1a: Landorus|69/100|[from] Stealth Rock
|-ability|p1a: Landorus|Intimidate|boost
|-unboost|p2a: Wo-Chien|atk|1
|
|-weather|Snowscape|[upkeep]
|-end|p2a: Wo-Chien|move: Future Sight
|-immune|p2a: Wo-Chien
|-heal|p2a: Wo-Chien|56/100|[from] item: Leftovers
|upkeep
|turn|22
|
|t:|1781576093
|move|p2a: Wo-Chien|Protect|p2a: Wo-Chien
|-singleturn|p2a: Wo-Chien|Protect
|move|p1a: Landorus|U-turn|p2a: Wo-Chien
|-activate|p2a: Wo-Chien|move: Protect
|
|-weather|Snowscape|[upkeep]
|-heal|p2a: Wo-Chien|62/100|[from] item: Leftovers
|upkeep
|turn|23
|
|t:|1781576097
|move|p2a: Wo-Chien|Foul Play|p1a: Landorus
|-damage|p1a: Landorus|40/100
|move|p1a: Landorus|Weather Ball|p2a: Wo-Chien
|-supereffective|p2a: Wo-Chien
|-damage|p2a: Wo-Chien|28/100
|
|-weather|Snowscape|[upkeep]
|-heal|p2a: Wo-Chien|34/100|[from] item: Leftovers
|upkeep
|turn|24
|
|t:|1781576103
|move|p2a: Wo-Chien|Protect|p2a: Wo-Chien
|-singleturn|p2a: Wo-Chien|Protect
|move|p1a: Landorus|U-turn|p2a: Wo-Chien
|-activate|p2a: Wo-Chien|move: Protect
|
|-weather|Snowscape|[upkeep]
|-heal|p2a: Wo-Chien|40/100|[from] item: Leftovers
|upkeep
|turn|25
|
|t:|1781576107
|move|p2a: Wo-Chien|Foul Play|p1a: Landorus
|-crit|p1a: Landorus
|-damage|p1a: Landorus|0 fnt
|faint|p1a: Landorus
|
|-weather|none
|-heal|p2a: Wo-Chien|46/100|[from] item: Leftovers
|upkeep
|
|t:|1781576110
|switch|p1a: Cinderace|Cinderace, M|100/100
|turn|26
|c|☆temporarylight|mb
|
|t:|1781576125
|move|p2a: Wo-Chien|Protect|p2a: Wo-Chien
|-singleturn|p2a: Wo-Chien|Protect
|move|p1a: Cinderace|U-turn|p2a: Wo-Chien
|-start|p1a: Cinderace|typechange|Bug|[from] ability: Libero
|-activate|p2a: Wo-Chien|move: Protect
|
|-heal|p2a: Wo-Chien|52/100|[from] item: Leftovers
|upkeep
|turn|27
|
|t:|1781576140
|switch|p2a: Zapdos|Zapdos-Galar|37/100
|-damage|p2a: Zapdos|24/100|[from] Stealth Rock
|move|p1a: Cinderace|U-turn|p2a: Zapdos
|-resisted|p2a: Zapdos
|-damage|p2a: Zapdos|15/100
|
|t:|1781576145
|switch|p1a: Raging Bolt|Raging Bolt|100/100|[from] U-turn
|
|upkeep
|turn|28
|
|t:|1781576149
|move|p1a: Raging Bolt|Thunderclap|p2a: Zapdos
|-supereffective|p2a: Zapdos
|-damage|p2a: Zapdos|0 fnt
|faint|p2a: Zapdos
|
|upkeep
|
|t:|1781576154
|switch|p2a: Wo-Chien|Wo-Chien|52/100
|-damage|p2a: Wo-Chien|40/100|[from] Stealth Rock
|-ability|p2a: Wo-Chien|Tablets of Ruin
|turn|29
|
|t:|1781576159
|move|p1a: Raging Bolt|Volt Switch|p2a: Wo-Chien
|-resisted|p2a: Wo-Chien
|-damage|p2a: Wo-Chien|25/100
|
|t:|1781576162
|-end|p1a: Raging Bolt|Protosynthesis|[silent]
|switch|p1a: Slowking|Slowking-Galar, M, tera:Fairy|65/100|[from] Volt Switch
|-damage|p1a: Slowking|52/100|[from] Stealth Rock
|move|p2a: Wo-Chien|Leech Seed|p1a: Slowking
|-start|p1a: Slowking|move: Leech Seed
|
|-heal|p2a: Wo-Chien|32/100|[from] item: Leftovers
|-damage|p1a: Slowking|40/100|[from] Leech Seed|[of] p2a: Wo-Chien
|-heal|p2a: Wo-Chien|45/100|[silent]
|upkeep
|turn|30
|
|t:|1781576166
|move|p2a: Wo-Chien|Protect|p2a: Wo-Chien
|-singleturn|p2a: Wo-Chien|Protect
|-prepare|p1a: Slowking|Chilly Reception|[premajor]
|move|p1a: Slowking|Chilly Reception|p1a: Slowking
|-weather|Snowscape
|
|t:|1781576169
|switch|p1a: Cinderace|Cinderace, M|100/100|[from] Chilly Reception
|
|-weather|Snowscape|[upkeep]
|-heal|p2a: Wo-Chien|51/100|[from] item: Leftovers
|upkeep
|turn|31
|
|t:|1781576174
|move|p1a: Cinderace|U-turn|p2a: Wo-Chien
|-start|p1a: Cinderace|typechange|Bug|[from] ability: Libero
|-supereffective|p2a: Wo-Chien
|-damage|p2a: Wo-Chien|0 fnt
|faint|p2a: Wo-Chien
|
|t:|1781576189
|switch|p1a: Raging Bolt|Raging Bolt|100/100|[from] U-turn
|
|-weather|Snowscape|[upkeep]
|upkeep
|
|t:|1781576196
|switch|p2a: Raging Bolt|Raging Bolt|100/100
|-damage|p2a: Raging Bolt|88/100|[from] Stealth Rock
|turn|32
|
|t:|1781576208
|-terastallize|p2a: Raging Bolt|Bug
|move|p2a: Raging Bolt|Calm Mind|p2a: Raging Bolt
|-boost|p2a: Raging Bolt|spa|1
|-boost|p2a: Raging Bolt|spd|1
|move|p1a: Raging Bolt|Volt Switch|p2a: Raging Bolt
|-damage|p2a: Raging Bolt|62/100
|
|t:|1781576212
|-end|p1a: Raging Bolt|Protosynthesis|[silent]
|switch|p1a: Cinderace|Cinderace, M|100/100|[from] Volt Switch
|
|-weather|Snowscape|[upkeep]
|-heal|p2a: Raging Bolt|68/100|[from] item: Leftovers
|upkeep
|turn|33
|
|t:|1781576215
|move|p2a: Raging Bolt|Thunderclap|p1a: Cinderace
|-damage|p1a: Cinderace|14/100
|move|p1a: Cinderace|Pyro Ball|p2a: Raging Bolt
|-supereffective|p2a: Raging Bolt
|-damage|p2a: Raging Bolt|0 fnt
|faint|p2a: Raging Bolt
|-end|p2a: Raging Bolt|Protosynthesis|[silent]
|
|-weather|Snowscape|[upkeep]
|upkeep
|
|t:|1781576217
|switch|p2a: Volcanion|Volcanion|84/100
|-damage|p2a: Volcanion|59/100|[from] Stealth Rock
|turn|34
|
|t:|1781576218
|move|p1a: Cinderace|High Jump Kick|p2a: Volcanion
|-start|p1a: Cinderace|typechange|Fighting|[from] ability: Libero
|-damage|p2a: Volcanion|3/100
|move|p2a: Volcanion|Steam Eruption|p1a: Cinderace|[miss]
|-miss|p2a: Volcanion|p1a: Cinderace
|
|-weather|none
|upkeep
|turn|35
|
|t:|1781576221
|move|p1a: Cinderace|U-turn|p2a: Volcanion
|-resisted|p2a: Volcanion
|-damage|p2a: Volcanion|0 fnt
|faint|p2a: Volcanion
|
|win|Ctannn
|raw|Ctannn's rating: 1840 &rarr; <strong>1856</strong><br />(+16 for winning)
|raw|temporarylight's rating: 1777 &rarr; <strong>1761</strong><br />(-16 for losing)
|l|☆temporarylight
|player|p2|
|l|☆Ctannn
|player|p1|
|l| jfhdjdjdnfjdd
