|j|☆hyp4roffender
|j|☆kadu99
|t:|1780902101
|gametype|singles
|player|p1|hyp4roffender|265|1613
|player|p2|kadu99|policeman-gen4|1684
|gen|9
|tier|[Gen 9] OU
|rated|
|rule|HP Percentage Mod: HP is shown in percentages
|rule|Endless Battle Clause: Forcing endless battles is banned
|rule|Species Clause: Limit one of each Pokémon
|rule|OHKO Clause: OHKO moves are banned
|rule|Evasion Items Clause: Evasion items are banned
|rule|Evasion Moves Clause: Evasion moves are banned
|rule|Evasion Abilities Clause: Evasion abilities are banned
|rule|Sleep Moves Clause: Sleep-inducing moves are banned
|clearpoke
|poke|p1|Dragonite, F|
|poke|p1|Samurott-Hisui, F|
|poke|p1|Gholdengo|
|poke|p1|Pecharunt|
|poke|p1|Walking Wake|
|poke|p1|Ting-Lu|
|poke|p2|Volcanion|
|poke|p2|Corviknight, M|
|poke|p2|Zamazenta-*|
|poke|p2|Rillaboom, F|
|poke|p2|Gliscor, F|
|poke|p2|Slowking-Galar, M|
|teampreview
|inactive|Battle timer is ON: inactive players will automatically lose when time's up. (requested by kadu99)
|inactive|hyp4roffender has 120 seconds left.
|
|t:|1780902149
|teamsize|p1|6
|teamsize|p2|6
|start
|switch|p1a: Walking Wake|Walking Wake|100/100
|switch|p2a: Rillaboom|Rillaboom, F|100/100
|-fieldstart|move: Grassy Terrain|[from] ability: Grassy Surge|[of] p2a: Rillaboom
|turn|1
|
|t:|1780902162
|switch|p2a: Slowking|Slowking-Galar, M|100/100
|move|p1a: Walking Wake|Flip Turn|p2a: Slowking
|-damage|p2a: Slowking|83/100
|
|t:|1780902168
|-end|p1a: Walking Wake|Protosynthesis|[silent]
|switch|p1a: Ting-Lu|Ting-Lu|100/100|[from] Flip Turn
|-ability|p1a: Ting-Lu|Vessel of Ruin
|
|-heal|p2a: Slowking|89/100|[from] Grassy Terrain
|upkeep
|turn|2
|
|t:|1780902174
|switch|p2a: Gliscor|Gliscor, F|100/100
|move|p1a: Ting-Lu|Stealth Rock|p2a: Gliscor
|-sidestart|p2: kadu99|move: Stealth Rock
|
|-status|p2a: Gliscor|tox|[from] item: Toxic Orb
|upkeep
|turn|3
|
|t:|1780902185
|switch|p1a: Samurott|Samurott-Hisui, F|100/100
|move|p2a: Gliscor|Toxic|p1a: Samurott
|-status|p1a: Samurott|tox
|
|-damage|p1a: Samurott|94/100 tox|[from] psn
|upkeep
|turn|4
|
|t:|1780902190
|switch|p2a: Corviknight|Corviknight, M|100/100
|-damage|p2a: Corviknight|88/100|[from] Stealth Rock
|-ability|p2a: Corviknight|Pressure
|move|p1a: Samurott|Ceaseless Edge|p2a: Corviknight
|-damage|p2a: Corviknight|64/100
|-damage|p1a: Samurott|78/100 tox|[from] item: Rocky Helmet|[of] p2a: Corviknight
|-sidestart|p2: kadu99|Spikes
|
|-heal|p1a: Samurott|84/100 tox|[from] Grassy Terrain
|-damage|p1a: Samurott|72/100 tox|[from] psn
|upkeep
|turn|5
|
|t:|1780902198
|switch|p1a: Gholdengo|Gholdengo|100/100
|move|p2a: Corviknight|Roost|p2a: Corviknight
|-heal|p2a: Corviknight|100/100
|-singleturn|p2a: Corviknight|move: Roost
|
|-fieldend|move: Grassy Terrain
|upkeep
|turn|6
|
|t:|1780902218
|move|p1a: Gholdengo|Trick|p2a: Corviknight
|-activate|p1a: Gholdengo|move: Trick|[of] p2a: Corviknight
|-item|p2a: Corviknight|Choice Scarf|[from] move: Trick
|-item|p1a: Gholdengo|Rocky Helmet|[from] move: Trick
|move|p2a: Corviknight|U-turn|p1a: Gholdengo
|-resisted|p1a: Gholdengo
|-damage|p1a: Gholdengo|97/100
|-damage|p2a: Corviknight|84/100|[from] item: Rocky Helmet|[of] p1a: Gholdengo
|inactive|kadu99 has 120 seconds left.
|
|t:|1780902238
|switch|p2a: Gliscor|Gliscor, F|100/100 tox|[from] U-turn
|-damage|p2a: Gliscor|88/100 tox|[from] Stealth Rock
|
|-heal|p2a: Gliscor|100/100 tox|[from] ability: Poison Heal
|upkeep
|turn|7
|
|t:|1780902267
|switch|p1a: Samurott|Samurott-Hisui, F|72/100 tox
|move|p2a: Gliscor|Knock Off|p1a: Samurott
|-resisted|p1a: Samurott
|-damage|p1a: Samurott|60/100 tox
|-enditem|p1a: Samurott|Assault Vest|[from] move: Knock Off|[of] p2a: Gliscor
|
|-damage|p1a: Samurott|54/100 tox|[from] psn
|upkeep
|turn|8
|
|t:|1780902275
|move|p2a: Gliscor|Protect|p2a: Gliscor
|-singleturn|p2a: Gliscor|Protect
|move|p1a: Samurott|Ceaseless Edge|p2a: Gliscor
|-activate|p2a: Gliscor|move: Protect
|
|-damage|p1a: Samurott|42/100 tox|[from] psn
|upkeep
|turn|9
|
|t:|1780902283
|switch|p2a: Corviknight|Corviknight, M|84/100
|-damage|p2a: Corviknight|72/100|[from] Stealth Rock
|-ability|p2a: Corviknight|Pressure
|move|p1a: Samurott|Ceaseless Edge|p2a: Corviknight
|-damage|p2a: Corviknight|49/100
|-sidestart|p2: kadu99|Spikes
|
|-damage|p1a: Samurott|24/100 tox|[from] psn
|upkeep
|turn|10
|
|t:|1780902291
|switch|p1a: Gholdengo|Gholdengo|97/100
|move|p2a: Corviknight|Roost|p2a: Corviknight
|-heal|p2a: Corviknight|99/100
|-singleturn|p2a: Corviknight|move: Roost
|
|upkeep
|turn|11
|
|t:|1780902295
|switch|p2a: Gliscor|Gliscor, F|100/100 tox
|-damage|p2a: Gliscor|88/100 tox|[from] Stealth Rock
|move|p1a: Gholdengo|Shadow Ball|p2a: Gliscor
|-damage|p2a: Gliscor|50/100 tox
|
|-heal|p2a: Gliscor|63/100 tox|[from] ability: Poison Heal
|upkeep
|turn|12
|
|t:|1780902310
|move|p2a: Gliscor|Protect|p2a: Gliscor
|-singleturn|p2a: Gliscor|Protect
|move|p1a: Gholdengo|Make It Rain|p2a: Gliscor
|-activate|p2a: Gliscor|move: Protect
|
|-heal|p2a: Gliscor|75/100 tox|[from] ability: Poison Heal
|upkeep
|turn|13
|
|t:|1780902327
|switch|p1a: Samurott|Samurott-Hisui, F|24/100 tox
|move|p2a: Gliscor|Knock Off|p1a: Samurott
|-resisted|p1a: Samurott
|-damage|p1a: Samurott|16/100 tox
|
|-heal|p2a: Gliscor|88/100 tox|[from] ability: Poison Heal
|-damage|p1a: Samurott|10/100 tox|[from] psn
|upkeep
|turn|14
|
|t:|1780902337
|move|p2a: Gliscor|Protect|p2a: Gliscor
|-singleturn|p2a: Gliscor|Protect
|move|p1a: Samurott|Flip Turn|p2a: Gliscor
|-activate|p2a: Gliscor|move: Protect
|
|-heal|p2a: Gliscor|100/100 tox|[from] ability: Poison Heal
|-damage|p1a: Samurott|0 fnt|[from] psn
|faint|p1a: Samurott
|upkeep
|
|t:|1780902343
|switch|p1a: Walking Wake|Walking Wake|100/100
|turn|15
|
|t:|1780902362
|switch|p2a: Slowking|Slowking-Galar, M|100/100
|-damage|p2a: Slowking|88/100|[from] Stealth Rock
|-damage|p2a: Slowking|72/100|[from] Spikes
|move|p1a: Walking Wake|Surf|p2a: Slowking
|-damage|p2a: Slowking|48/100
|
|upkeep
|turn|16
|
|t:|1780902376
|move|p1a: Walking Wake|Flip Turn|p2a: Slowking
|-damage|p2a: Slowking|31/100
|
|t:|1780902381
|-end|p1a: Walking Wake|Protosynthesis|[silent]
|switch|p1a: Gholdengo|Gholdengo|97/100|[from] Flip Turn
|move|p2a: Slowking|Sludge Bomb|p1a: Gholdengo
|-immune|p1a: Gholdengo
|
|upkeep
|turn|17
|j| KIRAXX200
|
|t:|1780902391
|switch|p2a: Gliscor|Gliscor, F|100/100 tox
|-damage|p2a: Gliscor|88/100 tox|[from] Stealth Rock
|move|p1a: Gholdengo|Make It Rain|p2a: Gliscor
|-damage|p2a: Gliscor|35/100 tox
|-unboost|p1a: Gholdengo|spa|1
|
|-heal|p2a: Gliscor|47/100 tox|[from] ability: Poison Heal
|upkeep
|turn|18
|
|t:|1780902397
|switch|p1a: Walking Wake|Walking Wake|100/100
|move|p2a: Gliscor|Stealth Rock|p1a: Walking Wake
|-sidestart|p1: hyp4roffender|move: Stealth Rock
|
|-heal|p2a: Gliscor|60/100 tox|[from] ability: Poison Heal
|upkeep
|turn|19
|
|t:|1780902403
|move|p2a: Gliscor|Protect|p2a: Gliscor
|-singleturn|p2a: Gliscor|Protect
|move|p1a: Walking Wake|Surf|p2a: Gliscor
|-activate|p2a: Gliscor|move: Protect
|
|-heal|p2a: Gliscor|72/100 tox|[from] ability: Poison Heal
|upkeep
|turn|20
|
|t:|1780902429
|switch|p2a: Slowking|Slowking-Galar, M|64/100
|-damage|p2a: Slowking|52/100|[from] Stealth Rock
|-damage|p2a: Slowking|35/100|[from] Spikes
|move|p1a: Walking Wake|Surf|p2a: Slowking
|-damage|p2a: Slowking|13/100
|
|upkeep
|turn|21
|j| feizaA
|inactive|kadu99 has 120 seconds left.
|
|t:|1780902457
|switch|p2a: Zamazenta|Zamazenta|100/100
|-damage|p2a: Zamazenta|94/100|[from] Stealth Rock
|-damage|p2a: Zamazenta|78/100|[from] Spikes
|-ability|p2a: Zamazenta|Dauntless Shield|boost
|-boost|p2a: Zamazenta|def|1
|move|p1a: Walking Wake|Surf|p2a: Zamazenta
|-damage|p2a: Zamazenta|44/100
|
|-heal|p2a: Zamazenta|50/100|[from] item: Leftovers
|upkeep
|turn|22
|
|t:|1780902465
|move|p2a: Zamazenta|Body Press|p1a: Walking Wake
|-damage|p1a: Walking Wake|49/100
|move|p1a: Walking Wake|Draco Meteor|p2a: Zamazenta|[miss]
|-miss|p1a: Walking Wake|p2a: Zamazenta
|
|-heal|p2a: Zamazenta|56/100|[from] item: Leftovers
|upkeep
|turn|23
|
|t:|1780902476
|-end|p1a: Walking Wake|Protosynthesis|[silent]
|switch|p1a: Gholdengo|Gholdengo|97/100
|-damage|p1a: Gholdengo|91/100|[from] Stealth Rock
|move|p2a: Zamazenta|Body Press|p1a: Gholdengo
|-immune|p1a: Gholdengo
|
|-heal|p2a: Zamazenta|62/100|[from] item: Leftovers
|upkeep
|turn|24
|
|t:|1780902489
|switch|p2a: Gliscor|Gliscor, F|72/100 tox
|-damage|p2a: Gliscor|60/100 tox|[from] Stealth Rock
|move|p1a: Gholdengo|Make It Rain|p2a: Gliscor
|-damage|p2a: Gliscor|3/100 tox
|-unboost|p1a: Gholdengo|spa|1
|
|-heal|p2a: Gliscor|15/100 tox|[from] ability: Poison Heal
|upkeep
|turn|25
|
|t:|1780902505
|move|p1a: Gholdengo|Make It Rain|p2a: Gliscor
|-damage|p2a: Gliscor|0 fnt
|-unboost|p1a: Gholdengo|spa|1
|faint|p2a: Gliscor
|
|upkeep
|inactive|kadu99 has 120 seconds left.
|
|t:|1780902534
|switch|p2a: Zamazenta|Zamazenta|62/100
|-damage|p2a: Zamazenta|56/100|[from] Stealth Rock
|-damage|p2a: Zamazenta|39/100|[from] Spikes
|turn|26
|
|t:|1780902549
|move|p2a: Zamazenta|Crunch|p1a: Gholdengo
|-supereffective|p1a: Gholdengo
|-crit|p1a: Gholdengo
|-damage|p1a: Gholdengo|15/100
|-damage|p2a: Zamazenta|23/100|[from] item: Rocky Helmet|[of] p1a: Gholdengo
|move|p1a: Gholdengo|Shadow Ball|p2a: Zamazenta
|-damage|p2a: Zamazenta|6/100
|
|-heal|p2a: Zamazenta|12/100|[from] item: Leftovers
|upkeep
|turn|27
|
|t:|1780902571
|switch|p1a: Dragonite|Dragonite, F|100/100
|move|p2a: Zamazenta|Crunch|p1a: Dragonite
|-damage|p1a: Dragonite|91/100
|
|-heal|p2a: Zamazenta|18/100|[from] item: Leftovers
|upkeep
|turn|28
|inactive|kadu99 has 120 seconds left.
|
|t:|1780902583
|switch|p2a: Corviknight|Corviknight, M|99/100
|-damage|p2a: Corviknight|87/100|[from] Stealth Rock
|-ability|p2a: Corviknight|Pressure
|move|p1a: Dragonite|Extreme Speed|p2a: Corviknight
|-resisted|p2a: Corviknight
|-damage|p2a: Corviknight|79/100
|
|upkeep
|turn|29
|inactive|kadu99 has 120 seconds left.
|
|t:|1780902596
|switch|p1a: Gholdengo|Gholdengo|15/100
|-damage|p1a: Gholdengo|9/100|[from] Stealth Rock
|move|p2a: Corviknight|U-turn|p1a: Gholdengo
|-resisted|p1a: Gholdengo
|-damage|p1a: Gholdengo|5/100
|-damage|p2a: Corviknight|62/100|[from] item: Rocky Helmet|[of] p1a: Gholdengo
|
|t:|1780902599
|switch|p2a: Rillaboom|Rillaboom, F|100/100|[from] U-turn
|-damage|p2a: Rillaboom|88/100|[from] Stealth Rock
|-damage|p2a: Rillaboom|72/100|[from] Spikes
|-fieldstart|move: Grassy Terrain|[from] ability: Grassy Surge|[of] p2a: Rillaboom
|
|-heal|p2a: Rillaboom|78/100|[from] Grassy Terrain
|-heal|p1a: Gholdengo|11/100|[from] Grassy Terrain
|upkeep
|turn|30
|inactive|kadu99 has 120 seconds left.
|
|t:|1780902611
|move|p2a: Rillaboom|Knock Off|p1a: Gholdengo
|-supereffective|p1a: Gholdengo
|-damage|p1a: Gholdengo|0 fnt
|-damage|p2a: Rillaboom|61/100|[from] item: Rocky Helmet|[of] p1a: Gholdengo
|-enditem|p1a: Gholdengo|Rocky Helmet|[from] move: Knock Off|[of] p2a: Rillaboom
|faint|p1a: Gholdengo
|
|-heal|p2a: Rillaboom|68/100|[from] Grassy Terrain
|upkeep
|l|☆hyp4roffender
|inactive|hyp4roffender disconnected and has a minute to reconnect!
|player|p1|
|j|☆hyp4roffender
|inactive|hyp4roffender reconnected and has 130 seconds left.
|player|p1|hyp4roffender|265|
|inactive|hyp4roffender has 120 seconds left.
|
|t:|1780902645
|switch|p1a: Ting-Lu|Ting-Lu|100/100
|-damage|p1a: Ting-Lu|94/100|[from] Stealth Rock
|-ability|p1a: Ting-Lu|Vessel of Ruin
|turn|31
|
|t:|1780902649
|switch|p2a: Corviknight|Corviknight, M|62/100
|-damage|p2a: Corviknight|50/100|[from] Stealth Rock
|-ability|p2a: Corviknight|Pressure
|move|p1a: Ting-Lu|Ruination|p2a: Corviknight|[miss]
|-miss|p1a: Ting-Lu|p2a: Corviknight
|
|-heal|p1a: Ting-Lu|100/100|[from] Grassy Terrain
|upkeep
|turn|32
|
|t:|1780902656
|switch|p1a: Pecharunt|Pecharunt|100/100
|move|p2a: Corviknight|Defog|p1a: Pecharunt
|-unboost|p1a: Pecharunt|evasion|1
|-sideend|p1: hyp4roffender|Stealth Rock|[from] move: Defog|[of] p2a: Corviknight
|-sideend|p2: kadu99|Spikes|[from] move: Defog|[of] p2a: Corviknight
|-sideend|p2: kadu99|Stealth Rock|[from] move: Defog|[of] p2a: Corviknight
|-fieldend|move: Grassy Terrain
|
|upkeep
|turn|33
|
|t:|1780902661
|switch|p2a: Slowking|Slowking-Galar, M|46/100
|move|p1a: Pecharunt|Nasty Plot|p1a: Pecharunt
|-boost|p1a: Pecharunt|spa|2
|
|upkeep
|turn|34
|
|t:|1780902671
|-terastallize|p2a: Slowking|Dark
|move|p1a: Pecharunt|Shadow Ball|p2a: Slowking
|-resisted|p2a: Slowking
|-damage|p2a: Slowking|34/100
|move|p2a: Slowking|Psychic Noise|p1a: Pecharunt
|-supereffective|p1a: Pecharunt
|-damage|p1a: Pecharunt|29/100
|-start|p1a: Pecharunt|move: Heal Block
|
|upkeep
|turn|35
|
|t:|1780902695
|switch|p2a: Corviknight|Corviknight, M|50/100
|-ability|p2a: Corviknight|Pressure
|move|p1a: Pecharunt|Malignant Chain|p2a: Corviknight
|-immune|p2a: Corviknight
|
|-end|p1a: Pecharunt|move: Heal Block
|upkeep
|turn|36
|
|t:|1780902707
|switch|p2a: Slowking|Slowking-Galar, M, tera:Dark|67/100
|move|p1a: Pecharunt|Recover|p1a: Pecharunt
|-heal|p1a: Pecharunt|79/100
|
|upkeep
|turn|37
|
|t:|1780902727
|-terastallize|p1a: Pecharunt|Water
|move|p1a: Pecharunt|Malignant Chain|p2a: Slowking
|-damage|p2a: Slowking|37/100
|move|p2a: Slowking|Psychic Noise|p1a: Pecharunt
|-damage|p1a: Pecharunt|42/100
|-start|p1a: Pecharunt|move: Heal Block
|
|upkeep
|turn|38
|
|t:|1780902735
|move|p1a: Pecharunt|Malignant Chain|p2a: Slowking
|-damage|p2a: Slowking|5/100
|-status|p2a: Slowking|tox
|-start|p2a: Slowking|confusion|[from] ability: Poison Puppeteer|[of] p1a: Pecharunt
|-activate|p2a: Slowking|confusion
|move|p2a: Slowking|Sludge Bomb|p1a: Pecharunt
|-damage|p1a: Pecharunt|1/100
|
|-damage|p2a: Slowking|0 fnt|[from] psn
|faint|p2a: Slowking
|-end|p1a: Pecharunt|move: Heal Block
|upkeep
|
|t:|1780902743
|switch|p2a: Zamazenta|Zamazenta|18/100
|turn|39
|
|t:|1780902751
|move|p2a: Zamazenta|Body Press|p1a: Pecharunt
|-damage|p1a: Pecharunt|0 fnt
|faint|p1a: Pecharunt
|
|-heal|p2a: Zamazenta|24/100|[from] item: Leftovers
|upkeep
|
|t:|1780902772
|switch|p1a: Walking Wake|Walking Wake|49/100
|turn|40
|
|t:|1780902786
|switch|p2a: Corviknight|Corviknight, M|50/100
|-ability|p2a: Corviknight|Pressure
|move|p1a: Walking Wake|Draco Meteor|p2a: Corviknight
|-resisted|p2a: Corviknight
|-damage|p2a: Corviknight|16/100
|-unboost|p1a: Walking Wake|spa|2
|
|upkeep
|turn|41
|
|t:|1780902801
|move|p1a: Walking Wake|Knock Off|p2a: Corviknight
|-damage|p2a: Corviknight|5/100
|-enditem|p2a: Corviknight|Choice Scarf|[from] move: Knock Off|[of] p1a: Walking Wake
|move|p2a: Corviknight|U-turn|p1a: Walking Wake
|-damage|p1a: Walking Wake|34/100
|
|t:|1780902822
|switch|p2a: Zamazenta|Zamazenta|24/100|[from] U-turn
|
|-heal|p2a: Zamazenta|31/100|[from] item: Leftovers
|upkeep
|turn|42
|
|t:|1780902829
|-end|p1a: Walking Wake|Protosynthesis|[silent]
|switch|p1a: Dragonite|Dragonite, F|91/100
|move|p2a: Zamazenta|Body Press|p1a: Dragonite
|-resisted|p1a: Dragonite
|-damage|p1a: Dragonite|76/100
|
|-heal|p2a: Zamazenta|37/100|[from] item: Leftovers
|upkeep
|turn|43
|-message|hyp4roffender forfeited.
|
|win|kadu99
|raw|hyp4roffender's rating: 1613 &rarr; <strong>1597</strong><br />(-16 for losing)
|raw|kadu99's rating: 1684 &rarr; <strong>1700</strong><br />(+16 for winning)
|l|☆hyp4roffender
|player|p1|
