|j|☆ORAS_appreciater
|j|☆LoseToRU?
|t:|1781326425
|gametype|singles
|player|p1|ORAS_appreciater|ethan|1606
|player|p2|LoseToRU?|giovanni-gen1|1644
|gen|9
|tier|[Gen 9] OU
|rated|
|rule|HP Percentage Mod: HP is shown in percentages
|rule|Endless Battle Clause: Forcing endless battles is banned
|rule|Species Clause: Limit one of each Pokémon
|rule|OHKO Clause: OHKO moves are banned
|rule|Evasion Items Clause: Evasion items are banned
|rule|Evasion Moves Clause: Evasion moves are banned
|rule|Evasion Abilities Clause: Evasion abilities are banned
|rule|Sleep Moves Clause: Sleep-inducing moves are banned
|clearpoke
|poke|p1|Hydreigon, F|
|poke|p1|Landorus-Therian, M|
|poke|p1|Gholdengo|
|poke|p1|Zamazenta-*|
|poke|p1|Great Tusk|
|poke|p1|Primarina, M|
|poke|p2|Iron Jugulis|
|poke|p2|Thundurus, M|
|poke|p2|Azumarill, M|
|poke|p2|Zamazenta-*|
|poke|p2|Cloyster, F|
|poke|p2|Iron Valiant|
|teampreview
|inactive|Battle timer is ON: inactive players will automatically lose when time's up. (requested by ORAS_appreciater)
|
|t:|1781326451
|teamsize|p1|6
|teamsize|p2|6
|start
|switch|p1a: Landorus|Landorus-Therian, M|100/100
|switch|p2a: Iron Valiant|Iron Valiant|100/100
|-ability|p1a: Landorus|Intimidate|boost
|-unboost|p2a: Iron Valiant|atk|1
|-enditem|p2a: Iron Valiant|Booster Energy
|-activate|p2a: Iron Valiant|ability: Quark Drive|[fromitem]
|-start|p2a: Iron Valiant|quarkdrivespe
|turn|1
|
|t:|1781326458
|move|p2a: Iron Valiant|Taunt|p1a: Landorus
|-start|p1a: Landorus|move: Taunt
|move|p1a: Landorus|U-turn|p2a: Iron Valiant
|-resisted|p2a: Iron Valiant
|-damage|p2a: Iron Valiant|93/100
|
|t:|1781326469
|switch|p1a: Primarina|Primarina, M|100/100|[from] U-turn
|
|upkeep
|turn|2
|
|t:|1781326487
|move|p2a: Iron Valiant|Destiny Bond|p2a: Iron Valiant
|-singlemove|p2a: Iron Valiant|Destiny Bond
|move|p1a: Primarina|Moonblast|p2a: Iron Valiant
|-supereffective|p2a: Iron Valiant
|-damage|p2a: Iron Valiant|0 fnt
|faint|p2a: Iron Valiant
|-activate|p2a: Iron Valiant|move: Destiny Bond
|-end|p2a: Iron Valiant|Quark Drive|[silent]
|faint|p1a: Primarina
|
|upkeep
|
|t:|1781326505
|switch|p2a: Iron Jugulis|Iron Jugulis|100/100
|switch|p1a: Hydreigon|Hydreigon, F|100/100
|-enditem|p2a: Iron Jugulis|Booster Energy
|-activate|p2a: Iron Jugulis|ability: Quark Drive|[fromitem]
|-start|p2a: Iron Jugulis|quarkdrivespe
|turn|3
|j| MiDash15
|
|t:|1781326521
|move|p2a: Iron Jugulis|Hurricane|p1a: Hydreigon
|-damage|p1a: Hydreigon|34/100
|move|p1a: Hydreigon|Draco Meteor|p2a: Iron Jugulis
|-crit|p2a: Iron Jugulis
|-damage|p2a: Iron Jugulis|0 fnt
|-unboost|p1a: Hydreigon|spa|2
|faint|p2a: Iron Jugulis
|-end|p2a: Iron Jugulis|Quark Drive|[silent]
|
|upkeep
|l| MiDash15
|inactive|LoseToRU? has 120 seconds left.
|
|t:|1781326542
|switch|p2a: Azumarill|Azumarill, M, shiny|100/100
|turn|4
|
|t:|1781326546
|switch|p1a: Gholdengo|Gholdengo|100/100
|move|p2a: Azumarill|Knock Off|p1a: Gholdengo
|-supereffective|p1a: Gholdengo
|-damage|p1a: Gholdengo|50/100
|-enditem|p1a: Gholdengo|Covert Cloak|[from] move: Knock Off|[of] p2a: Azumarill
|
|upkeep
|turn|5
|
|t:|1781326551
|move|p1a: Gholdengo|Nasty Plot|p1a: Gholdengo
|-boost|p1a: Gholdengo|spa|2
|move|p2a: Azumarill|Liquidation|p1a: Gholdengo
|-damage|p1a: Gholdengo|15/100
|-unboost|p1a: Gholdengo|def|1
|
|upkeep
|turn|6
|j| arturohdez
|
|t:|1781326567
|move|p2a: Azumarill|Aqua Jet|p1a: Gholdengo
|-damage|p1a: Gholdengo|0 fnt
|faint|p1a: Gholdengo
|
|upkeep
|j| MiDash15
|
|t:|1781326580
|switch|p1a: Hydreigon|Hydreigon, F|34/100
|turn|7
|l| MiDash15
|
|t:|1781326606
|move|p1a: Hydreigon|Earth Power|p2a: Azumarill
|-damage|p2a: Azumarill|72/100
|-unboost|p2a: Azumarill|spd|1
|move|p2a: Azumarill|Liquidation|p1a: Hydreigon
|-resisted|p1a: Hydreigon
|-damage|p1a: Hydreigon|4/100
|-unboost|p1a: Hydreigon|def|1
|
|upkeep
|turn|8
|
|t:|1781326616
|switch|p1a: Zamazenta|Zamazenta|100/100
|-ability|p1a: Zamazenta|Dauntless Shield|boost
|-boost|p1a: Zamazenta|def|1
|move|p2a: Azumarill|Aqua Jet|p1a: Zamazenta
|-damage|p1a: Zamazenta|88/100
|
|upkeep
|turn|9
|c|☆LoseToRU?|bro u just sack there ngl
|
|t:|1781326630
|move|p1a: Zamazenta|Iron Defense|p1a: Zamazenta
|-boost|p1a: Zamazenta|def|2
|move|p2a: Azumarill|Play Rough|p1a: Zamazenta
|-supereffective|p1a: Zamazenta
|-damage|p1a: Zamazenta|56/100
|
|upkeep
|turn|10
|
|t:|1781326636
|move|p1a: Zamazenta|Body Press|p2a: Azumarill
|-resisted|p2a: Azumarill
|-damage|p2a: Azumarill|28/100
|move|p2a: Azumarill|Play Rough|p1a: Zamazenta
|-supereffective|p1a: Zamazenta
|-damage|p1a: Zamazenta|22/100
|
|upkeep
|turn|11
|
|t:|1781326641
|move|p2a: Azumarill|Aqua Jet|p1a: Zamazenta
|-damage|p1a: Zamazenta|14/100
|move|p1a: Zamazenta|Body Press|p2a: Azumarill
|-resisted|p2a: Azumarill
|-damage|p2a: Azumarill|0 fnt
|faint|p2a: Azumarill
|
|upkeep
|
|t:|1781326652
|switch|p2a: Thundurus|Thundurus, M|100/100
|turn|12
|
|t:|1781326657
|move|p1a: Zamazenta|Rest|p1a: Zamazenta
|-status|p1a: Zamazenta|slp|[from] move: Rest
|-heal|p1a: Zamazenta|100/100 slp|[silent]
|-enditem|p1a: Zamazenta|Chesto Berry|[eat]
|-curestatus|p1a: Zamazenta|slp|[msg]
|move|p2a: Thundurus|Thunderbolt|p1a: Zamazenta
|-damage|p1a: Zamazenta|62/100
|
|upkeep
|turn|13
|
|t:|1781326663
|move|p2a: Thundurus|Thunder Wave|p1a: Zamazenta
|-status|p1a: Zamazenta|par
|move|p1a: Zamazenta|Body Press|p2a: Thundurus
|-resisted|p2a: Thundurus
|-damage|p2a: Thundurus|39/100
|
|upkeep
|turn|14
|
|t:|1781326668
|move|p2a: Thundurus|Thunderbolt|p1a: Zamazenta
|-damage|p1a: Zamazenta|28/100 par
|move|p1a: Zamazenta|Body Press|p2a: Thundurus
|-resisted|p2a: Thundurus
|-damage|p2a: Thundurus|0 fnt
|faint|p2a: Thundurus
|
|upkeep
|
|t:|1781326675
|switch|p2a: Cloyster|Cloyster, F|100/100
|turn|15
|
|t:|1781326681
|move|p2a: Cloyster|Shell Smash|p2a: Cloyster
|-unboost|p2a: Cloyster|def|1
|-unboost|p2a: Cloyster|spd|1
|-boost|p2a: Cloyster|atk|2
|-boost|p2a: Cloyster|spa|2
|-boost|p2a: Cloyster|spe|2
|move|p1a: Zamazenta|Rest|p1a: Zamazenta
|-status|p1a: Zamazenta|slp|[from] move: Rest
|-heal|p1a: Zamazenta|100/100 slp|[silent]
|
|upkeep
|turn|16
|j| ANGEL ENGINE
|
|t:|1781326688
|move|p2a: Cloyster|Shell Smash|p2a: Cloyster
|-unboost|p2a: Cloyster|def|1
|-unboost|p2a: Cloyster|spd|1
|-boost|p2a: Cloyster|atk|2
|-boost|p2a: Cloyster|spa|2
|-boost|p2a: Cloyster|spe|2
|cant|p1a: Zamazenta|slp
|
|upkeep
|turn|17
|
|t:|1781326695
|move|p2a: Cloyster|Icicle Spear|p1a: Zamazenta
|-damage|p1a: Zamazenta|91/100 slp
|-damage|p1a: Zamazenta|81/100 slp
|-damage|p1a: Zamazenta|70/100 slp
|-damage|p1a: Zamazenta|60/100 slp
|-damage|p1a: Zamazenta|49/100 slp
|-hitcount|p1a: Zamazenta|5
|cant|p1a: Zamazenta|slp
|
|upkeep
|turn|18
|
|t:|1781326699
|move|p2a: Cloyster|Icicle Spear|p1a: Zamazenta
|-damage|p1a: Zamazenta|38/100 slp
|-damage|p1a: Zamazenta|28/100 slp
|-damage|p1a: Zamazenta|18/100 slp
|-damage|p1a: Zamazenta|8/100 slp
|-damage|p1a: Zamazenta|0 fnt
|faint|p1a: Zamazenta
|-hitcount|p1: Zamazenta|5
|
|upkeep
|
|t:|1781326702
|switch|p1a: Landorus|Landorus-Therian, M|100/100
|-ability|p1a: Landorus|Intimidate|boost
|-unboost|p2a: Cloyster|atk|1
|turn|19
|
|t:|1781326707
|move|p2a: Cloyster|Icicle Spear|p1a: Landorus
|-supereffective|p1a: Landorus
|-damage|p1a: Landorus|0 fnt
|faint|p1a: Landorus
|-hitcount|p1: Landorus|1
|
|upkeep
|-message|ORAS_appreciater forfeited.
|
|win|LoseToRU?
|raw|ORAS_appreciater's rating: 1606 &rarr; <strong>1588</strong><br />(-18 for losing)
|raw|LoseToRU?'s rating: 1644 &rarr; <strong>1662</strong><br />(+18 for winning)
|l|☆ORAS_appreciater
|player|p1|
|c|☆LoseToRU?|gg
|l|☆LoseToRU?
|player|p2|
|j| mak7xr
|l| ANGEL ENGINE
|l| mak7xr
