|j|☆blah0blah1blah2
|j|☆The Pokemon Place
|t:|1781542847
|gametype|singles
|player|p1|blah0blah1blah2|colress|1580
|player|p2|The Pokemon Place|2|1599
|gen|9
|tier|[Gen 9] OU
|rated|
|rule|HP Percentage Mod: HP is shown in percentages
|rule|Endless Battle Clause: Forcing endless battles is banned
|rule|Species Clause: Limit one of each Pokémon
|rule|OHKO Clause: OHKO moves are banned
|rule|Evasion Items Clause: Evasion items are banned
|rule|Evasion Moves Clause: Evasion moves are banned
|rule|Evasion Abilities Clause: Evasion abilities are banned
|rule|Sleep Moves Clause: Sleep-inducing moves are banned
|clearpoke
|poke|p1|Regidrago|
|poke|p1|Iron Treads|
|poke|p1|Scizor, M|
|poke|p1|Moltres|
|poke|p1|Ogerpon-Wellspring, F|
|poke|p1|Primarina, F|
|poke|p2|Garganacl, M|
|poke|p2|Hatterene, F|
|poke|p2|Iron Treads|
|poke|p2|Tornadus-Therian, M|
|poke|p2|Zamazenta-*|
|poke|p2|Kyurem|
|teampreview
|inactive|Battle timer is ON: inactive players will automatically lose when time's up. (requested by blah0blah1blah2)
|
|t:|1781542863
|teamsize|p1|6
|teamsize|p2|6
|start
|switch|p1a: Iron Treads|Iron Treads|100/100
|switch|p2a: Kyurem|Kyurem|100/100
|-ability|p2a: Kyurem|Pressure
|turn|1
|
|t:|1781542886
|-end|p1a: Iron Treads|Quark Drive|[silent]
|switch|p1a: Primarina|Primarina, F|100/100
|move|p2a: Kyurem|Earth Power|p1a: Primarina
|-damage|p1a: Primarina|83/100
|
|upkeep
|turn|2
|
|t:|1781542898
|move|p2a: Kyurem|Protect|p2a: Kyurem
|-singleturn|p2a: Kyurem|Protect
|move|p1a: Primarina|Draining Kiss|p2a: Kyurem
|-activate|p2a: Kyurem|move: Protect
|
|upkeep
|turn|3
|
|t:|1781542900
|move|p2a: Kyurem|Freeze-Dry|p1a: Primarina
|-supereffective|p1a: Primarina
|-damage|p1a: Primarina|43/100
|move|p1a: Primarina|Moonblast|p2a: Kyurem
|-supereffective|p2a: Kyurem
|-damage|p2a: Kyurem|1/100
|
|-heal|p2a: Kyurem|7/100|[from] item: Leftovers
|upkeep
|turn|4
|
|t:|1781542909
|move|p2a: Kyurem|Freeze-Dry|p1a: Primarina
|-supereffective|p1a: Primarina
|-damage|p1a: Primarina|0 fnt
|faint|p1a: Primarina
|
|-heal|p2a: Kyurem|13/100|[from] item: Leftovers
|upkeep
|
|t:|1781542918
|switch|p1a: Ogerpon|Ogerpon-Wellspring, F|100/100
|turn|5
|
|t:|1781542921
|move|p2a: Kyurem|Protect|p2a: Kyurem
|-singleturn|p2a: Kyurem|Protect
|move|p1a: Ogerpon|Trailblaze|p2a: Kyurem
|-activate|p2a: Kyurem|move: Protect
|
|-heal|p2a: Kyurem|19/100|[from] item: Leftovers
|upkeep
|turn|6
|
|t:|1781542930
|switch|p2a: Hatterene|Hatterene, F|100/100
|move|p1a: Ogerpon|Knock Off|p2a: Hatterene
|-damage|p2a: Hatterene|63/100
|-damage|p1a: Ogerpon|84/100|[from] item: Rocky Helmet|[of] p2a: Hatterene
|-enditem|p2a: Hatterene|Rocky Helmet|[from] move: Knock Off|[of] p1a: Ogerpon
|
|upkeep
|turn|7
|
|t:|1781542936
|switch|p1a: Iron Treads|Iron Treads|100/100
|move|p2a: Hatterene|Nuzzle|p1a: Iron Treads
|-immune|p1a: Iron Treads
|
|upkeep
|turn|8
|
|t:|1781542945
|move|p1a: Iron Treads|Rapid Spin|p2a: Hatterene
|-damage|p2a: Hatterene|50/100
|-boost|p1a: Iron Treads|spe|1
|move|p2a: Hatterene|Pain Split|p1a: Iron Treads
|-sethp|p1a: Iron Treads|75/100|[from] move: Pain Split|[silent]
|-sethp|p2a: Hatterene|76/100|[from] move: Pain Split
|
|upkeep
|turn|9
|
|t:|1781542956
|move|p1a: Iron Treads|Earthquake|p2a: Hatterene
|-damage|p2a: Hatterene|38/100
|move|p2a: Hatterene|Pain Split|p1a: Iron Treads
|-sethp|p1a: Iron Treads|56/100|[from] move: Pain Split|[silent]
|-sethp|p2a: Hatterene|57/100|[from] move: Pain Split
|
|upkeep
|turn|10
|
|t:|1781542965
|switch|p2a: Kyurem|Kyurem|19/100
|-ability|p2a: Kyurem|Pressure
|move|p1a: Iron Treads|Ice Spinner|p2a: Kyurem
|-damage|p2a: Kyurem|0 fnt
|faint|p2a: Kyurem
|
|upkeep
|
|t:|1781542974
|switch|p2a: Tornadus|Tornadus-Therian, M|100/100
|turn|11
|
|t:|1781542977
|move|p1a: Iron Treads|Ice Spinner|p2a: Tornadus
|-supereffective|p2a: Tornadus
|-damage|p2a: Tornadus|26/100
|move|p2a: Tornadus|Focus Blast|p1a: Iron Treads
|-supereffective|p1a: Iron Treads
|-damage|p1a: Iron Treads|0 fnt
|faint|p1a: Iron Treads
|-end|p1a: Iron Treads|Quark Drive|[silent]
|-damage|p2a: Tornadus|16/100|[from] item: Life Orb
|
|upkeep
|
|t:|1781542989
|switch|p1a: Scizor|Scizor, M|100/100
|turn|12
|
|t:|1781542991
|switch|p2a: Iron Treads|Iron Treads|100/100
|move|p1a: Scizor|Bullet Punch|p2a: Iron Treads
|-resisted|p2a: Iron Treads
|-damage|p2a: Iron Treads|80/100
|
|-heal|p2a: Iron Treads|86/100|[from] item: Leftovers
|upkeep
|turn|13
|
|t:|1781542994
|switch|p1a: Moltres|Moltres|100/100
|move|p2a: Iron Treads|Stealth Rock|p1a: Moltres
|-sidestart|p1: blah0blah1blah2|move: Stealth Rock
|
|-heal|p2a: Iron Treads|92/100|[from] item: Leftovers
|upkeep
|turn|14
|
|t:|1781542999
|-end|p2a: Iron Treads|Quark Drive|[silent]
|switch|p2a: Garganacl|Garganacl, M|100/100
|move|p1a: Moltres|Will-O-Wisp|p2a: Garganacl
|-immune|p2a: Garganacl|[from] ability: Purifying Salt
|
|upkeep
|turn|15
|
|t:|1781543006
|move|p1a: Moltres|U-turn|p2a: Garganacl
|-damage|p2a: Garganacl|90/100
|
|t:|1781543010
|switch|p1a: Scizor|Scizor, M|100/100|[from] U-turn
|-damage|p1a: Scizor|88/100|[from] Stealth Rock
|move|p2a: Garganacl|Salt Cure|p1a: Scizor
|-damage|p1a: Scizor|71/100
|-start|p1a: Scizor|Salt Cure
|
|-heal|p2a: Garganacl|96/100|[from] item: Leftovers
|-damage|p1a: Scizor|46/100|[from] Salt Cure
|upkeep
|turn|16
|
|t:|1781543018
|switch|p2a: Iron Treads|Iron Treads|92/100
|move|p1a: Scizor|Close Combat|p2a: Iron Treads
|-supereffective|p2a: Iron Treads
|-damage|p2a: Iron Treads|0 fnt
|-unboost|p1a: Scizor|def|1
|-unboost|p1a: Scizor|spd|1
|faint|p2a: Iron Treads
|-end|p2a: Iron Treads|Quark Drive|[silent]
|
|-damage|p1a: Scizor|21/100|[from] Salt Cure
|upkeep
|
|t:|1781543025
|switch|p2a: Tornadus|Tornadus-Therian, M|49/100
|turn|17
|
|t:|1781543029
|move|p2a: Tornadus|Nasty Plot|p2a: Tornadus
|-boost|p2a: Tornadus|spa|2
|move|p1a: Scizor|Close Combat|p2a: Tornadus
|-resisted|p2a: Tornadus
|-damage|p2a: Tornadus|0 fnt
|-unboost|p1a: Scizor|def|1
|-unboost|p1a: Scizor|spd|1
|faint|p2a: Tornadus
|
|-damage|p1a: Scizor|0 fnt|[from] Salt Cure
|faint|p1a: Scizor
|upkeep
|
|t:|1781543046
|switch|p2a: Hatterene|Hatterene, F|57/100
|switch|p1a: Regidrago|Regidrago|100/100
|-damage|p1a: Regidrago|88/100|[from] Stealth Rock
|turn|18
|
|t:|1781543060
|switch|p1a: Moltres|Moltres|100/100
|move|p2a: Hatterene|Nuzzle|p1a: Moltres
|-supereffective|p1a: Moltres
|-damage|p1a: Moltres|95/100
|-status|p1a: Moltres|par
|
|upkeep
|turn|19
|
|t:|1781543066
|move|p1a: Moltres|U-turn|p2a: Hatterene
|-damage|p2a: Hatterene|45/100
|
|t:|1781543073
|switch|p1a: Regidrago|Regidrago|88/100|[from] U-turn
|-damage|p1a: Regidrago|76/100|[from] Stealth Rock
|move|p2a: Hatterene|Pain Split|p1a: Regidrago
|-sethp|p1a: Regidrago|51/100|[from] move: Pain Split|[silent]
|-sethp|p2a: Hatterene|87/100|[from] move: Pain Split
|
|upkeep
|turn|20
|
|t:|1781543077
|move|p1a: Regidrago|Earth Power|p2a: Hatterene
|-damage|p2a: Hatterene|58/100
|move|p2a: Hatterene|Psychic Noise|p1a: Regidrago
|-damage|p1a: Regidrago|16/100
|-start|p1a: Regidrago|move: Heal Block
|
|upkeep
|turn|21
|
|t:|1781543082
|move|p1a: Regidrago|Earth Power|p2a: Hatterene
|-damage|p2a: Hatterene|30/100
|move|p2a: Hatterene|Psychic Noise|p1a: Regidrago
|-damage|p1a: Regidrago|0 fnt
|faint|p1a: Regidrago
|
|upkeep
|
|t:|1781543102
|switch|p1a: Moltres|Moltres|95/100 par
|turn|22
|
|t:|1781543104
|move|p1a: Moltres|Flamethrower|p2a: Hatterene
|-damage|p2a: Hatterene|0 fnt
|faint|p2a: Hatterene
|
|upkeep
|
|t:|1781543107
|switch|p2a: Garganacl|Garganacl, M|96/100
|turn|23
|
|t:|1781543111
|move|p1a: Moltres|Flamethrower|p2a: Garganacl
|-resisted|p2a: Garganacl
|-damage|p2a: Garganacl|85/100
|move|p2a: Garganacl|Curse|p2a: Garganacl
|-unboost|p2a: Garganacl|spe|1
|-boost|p2a: Garganacl|atk|1
|-boost|p2a: Garganacl|def|1
|
|-heal|p2a: Garganacl|91/100|[from] item: Leftovers
|upkeep
|turn|24
|
|t:|1781543115
|move|p1a: Moltres|Flamethrower|p2a: Garganacl
|-resisted|p2a: Garganacl
|-damage|p2a: Garganacl|79/100
|move|p2a: Garganacl|Salt Cure|p1a: Moltres
|-supereffective|p1a: Moltres
|-damage|p1a: Moltres|39/100 par
|-start|p1a: Moltres|Salt Cure
|
|-heal|p2a: Garganacl|85/100|[from] item: Leftovers
|-damage|p1a: Moltres|26/100 par|[from] Salt Cure
|upkeep
|turn|25
|
|t:|1781543119
|move|p1a: Moltres|Flamethrower|p2a: Garganacl
|-resisted|p2a: Garganacl
|-damage|p2a: Garganacl|74/100
|move|p2a: Garganacl|Curse|p2a: Garganacl
|-unboost|p2a: Garganacl|spe|1
|-boost|p2a: Garganacl|atk|1
|-boost|p2a: Garganacl|def|1
|
|-heal|p2a: Garganacl|80/100|[from] item: Leftovers
|-damage|p1a: Moltres|14/100 par|[from] Salt Cure
|upkeep
|turn|26
|
|t:|1781543123
|move|p1a: Moltres|Flamethrower|p2a: Garganacl
|-resisted|p2a: Garganacl
|-damage|p2a: Garganacl|68/100
|move|p2a: Garganacl|Recover|p2a: Garganacl
|-heal|p2a: Garganacl|100/100
|
|-damage|p1a: Moltres|1/100 par|[from] Salt Cure
|upkeep
|turn|27
|
|t:|1781543126
|move|p1a: Moltres|Flamethrower|p2a: Garganacl
|-resisted|p2a: Garganacl
|-damage|p2a: Garganacl|89/100
|move|p2a: Garganacl|Salt Cure|p1a: Moltres
|-supereffective|p1a: Moltres
|-damage|p1a: Moltres|0 fnt
|faint|p1a: Moltres
|
|-heal|p2a: Garganacl|95/100|[from] item: Leftovers
|upkeep
|
|t:|1781543129
|switch|p1a: Ogerpon|Ogerpon-Wellspring, F|84/100
|-damage|p1a: Ogerpon|72/100|[from] Stealth Rock
|turn|28
|
|t:|1781543136
|move|p1a: Ogerpon|Swords Dance|p1a: Ogerpon
|-boost|p1a: Ogerpon|atk|2
|move|p2a: Garganacl|Salt Cure|p1a: Ogerpon
|-damage|p1a: Ogerpon|37/100
|-start|p1a: Ogerpon|Salt Cure
|
|-heal|p2a: Garganacl|100/100|[from] item: Leftovers
|-damage|p1a: Ogerpon|12/100|[from] Salt Cure
|upkeep
|turn|29
|
|t:|1781543141
|-terastallize|p1a: Ogerpon|Water
|detailschange|p1a: Ogerpon|Ogerpon-Wellspring-Tera, F, tera:Water
|-ability|p1a: Ogerpon|Embody Aspect (Wellspring)|boost
|-boost|p1a: Ogerpon|spd|1
|-terastallize|p2a: Garganacl|Water
|move|p1a: Ogerpon|Ivy Cudgel|p2a: Garganacl|[anim] Ivy Cudgel Water
|-resisted|p2a: Garganacl
|-damage|p2a: Garganacl|72/100
|move|p2a: Garganacl|Salt Cure|p1a: Ogerpon
|-damage|p1a: Ogerpon|0 fnt
|faint|p1a: Ogerpon
|detailschange|p1: Ogerpon|Ogerpon-Wellspring, F|[silent]
|
|win|The Pokemon Place
|raw|blah0blah1blah2's rating: 1580 &rarr; <strong>1561</strong><br />(-19 for losing)
|raw|The Pokemon Place's rating: 1599 &rarr; <strong>1618</strong><br />(+19 for winning)
|l|☆The Pokemon Place
|player|p2|
|l|☆blah0blah1blah2
|player|p1|
