|j|☆newgensbetter
|j|☆drop a baby
|t:|1781323975
|gametype|singles
|player|p1|newgensbetter|unknownf|1736
|player|p2|drop a baby|chase|1749
|gen|9
|tier|[Gen 9] OU
|rated|
|rule|HP Percentage Mod: HP is shown in percentages
|rule|Endless Battle Clause: Forcing endless battles is banned
|rule|Species Clause: Limit one of each Pokémon
|rule|OHKO Clause: OHKO moves are banned
|rule|Evasion Items Clause: Evasion items are banned
|rule|Evasion Moves Clause: Evasion moves are banned
|rule|Evasion Abilities Clause: Evasion abilities are banned
|rule|Sleep Moves Clause: Sleep-inducing moves are banned
|clearpoke
|poke|p1|Gholdengo|
|poke|p1|Dragonite, M|
|poke|p1|Raging Bolt|
|poke|p1|Great Tusk|
|poke|p1|Iron Valiant|
|poke|p1|Ting-Lu|
|poke|p2|Darkrai|
|poke|p2|Deoxys-Speed|
|poke|p2|Raging Bolt|
|poke|p2|Kingambit, M|
|poke|p2|Iron Valiant|
|poke|p2|Great Tusk|
|teampreview
|c|☆drop a baby|Hf bigger bro
|
|t:|1781323988
|teamsize|p1|6
|teamsize|p2|6
|start
|switch|p1a: Great Neck|Raging Bolt|100/100
|switch|p2a: IMU|Darkrai|100/100
|turn|1
|
|t:|1781323994
|move|p2a: IMU|Ice Beam|p1a: Great Neck
|-supereffective|p1a: Great Neck
|-damage|p1a: Great Neck|39/100
|move|p1a: Great Neck|Volt Switch|p2a: IMU
|-damage|p2a: IMU|21/100
|
|t:|1781323999
|-end|p1a: Great Neck|Protosynthesis|[silent]
|switch|p1a: Dragonite|Dragonite, M|100/100|[from] Volt Switch
|
|upkeep
|turn|2
|
|t:|1781324003
|move|p1a: Dragonite|Extreme Speed|p2a: IMU
|-damage|p2a: IMU|0 fnt
|faint|p2a: IMU
|
|upkeep
|
|t:|1781324004
|switch|p2a: BROTD|Great Tusk, shiny|100/100
|-enditem|p2a: BROTD|Booster Energy
|-activate|p2a: BROTD|ability: Protosynthesis|[fromitem]
|-start|p2a: BROTD|protosynthesisspe
|turn|3
|c|☆newgensbetter|u 2
|inactive|Battle timer is ON: inactive players will automatically lose when time's up. (requested by drop a baby)
|
|t:|1781324013
|switch|p1a: Great Tusk|Great Tusk|100/100
|move|p2a: BROTD|Bulk Up|p2a: BROTD
|-boost|p2a: BROTD|atk|1
|-boost|p2a: BROTD|def|1
|
|upkeep
|turn|4
|
|t:|1781324018
|move|p2a: BROTD|Bulk Up|p2a: BROTD
|-boost|p2a: BROTD|atk|1
|-boost|p2a: BROTD|def|1
|move|p1a: Great Tusk|Rapid Spin|p2a: BROTD
|-damage|p2a: BROTD|96/100
|-boost|p1a: Great Tusk|spe|1
|
|upkeep
|turn|5
|
|t:|1781324024
|-end|p1a: Great Tusk|Protosynthesis|[silent]
|switch|p1a: Iron Valiant|Iron Valiant|100/100
|-enditem|p1a: Iron Valiant|Booster Energy
|-activate|p1a: Iron Valiant|ability: Quark Drive|[fromitem]
|-start|p1a: Iron Valiant|quarkdrivespe
|move|p2a: BROTD|Headlong Rush|p1a: Iron Valiant
|-damage|p1a: Iron Valiant|0 fnt
|-unboost|p2a: BROTD|def|1
|-unboost|p2a: BROTD|spd|1
|faint|p1a: Iron Valiant
|-end|p1a: Iron Valiant|Quark Drive|[silent]
|
|upkeep
|
|t:|1781324030
|switch|p1a: Great Tusk|Great Tusk|100/100
|turn|6
|
|t:|1781324031
|move|p2a: BROTD|Bulk Up|p2a: BROTD
|-boost|p2a: BROTD|atk|1
|-boost|p2a: BROTD|def|1
|move|p1a: Great Tusk|Ice Spinner|p2a: BROTD
|-supereffective|p2a: BROTD
|-damage|p2a: BROTD|81/100
|
|upkeep
|turn|7
|
|t:|1781324034
|move|p2a: BROTD|Bulk Up|p2a: BROTD
|-boost|p2a: BROTD|atk|1
|-boost|p2a: BROTD|def|1
|move|p1a: Great Tusk|Rapid Spin|p2a: BROTD
|-damage|p2a: BROTD|78/100
|-boost|p1a: Great Tusk|spe|1
|
|upkeep
|turn|8
|
|t:|1781324037
|move|p2a: BROTD|Bulk Up|p2a: BROTD
|-boost|p2a: BROTD|atk|1
|-boost|p2a: BROTD|def|1
|move|p1a: Great Tusk|Ice Spinner|p2a: BROTD
|-supereffective|p2a: BROTD
|-damage|p2a: BROTD|68/100
|
|upkeep
|turn|9
|
|t:|1781324039
|move|p2a: BROTD|Bulk Up|p2a: BROTD
|-boost|p2a: BROTD|atk|1
|-boost|p2a: BROTD|def|1
|move|p1a: Great Tusk|Ice Spinner|p2a: BROTD
|-supereffective|p2a: BROTD
|-damage|p2a: BROTD|60/100
|
|upkeep
|turn|10
|
|t:|1781324041
|move|p2a: BROTD|Headlong Rush|p1a: Great Tusk
|-damage|p1a: Great Tusk|0 fnt
|-unboost|p2a: BROTD|def|1
|-unboost|p2a: BROTD|spd|1
|-damage|p2a: BROTD|43/100|[from] item: Rocky Helmet|[of] p1a: Great Tusk
|faint|p1a: Great Tusk
|-end|p1a: Great Tusk|Protosynthesis|[silent]
|
|upkeep
|
|t:|1781324046
|switch|p1a: Gholdengo|Gholdengo|100/100
|turn|11
|
|t:|1781324048
|switch|p1a: Dragonite|Dragonite, M|100/100
|move|p2a: BROTD|Headlong Rush|p1a: Dragonite
|-immune|p1a: Dragonite
|
|upkeep
|turn|12
|
|t:|1781324051
|move|p1a: Dragonite|Extreme Speed|p2a: BROTD
|-damage|p2a: BROTD|36/100
|move|p2a: BROTD|Head Smash|p1a: Dragonite
|-supereffective|p1a: Dragonite
|-damage|p1a: Dragonite|0 fnt
|faint|p1a: Dragonite
|-damage|p2a: BROTD|0 fnt|[from] Recoil
|faint|p2a: BROTD
|-end|p2a: BROTD|Protosynthesis|[silent]
|
|upkeep
|
|t:|1781324063
|switch|p2a: Speedy Gonzales|Deoxys-Speed, shiny|100/100
|switch|p1a: Great Neck|Raging Bolt|39/100
|-ability|p2a: Speedy Gonzales|Pressure
|turn|13
|l|☆drop a baby
|inactive|drop a baby disconnected and has a minute to reconnect!
|player|p2|
|j|☆drop a baby
|inactive|drop a baby reconnected and has 140 seconds left.
|player|p2|drop a baby|chase|
|
|t:|1781324077
|move|p2a: Speedy Gonzales|Psycho Boost|p1a: Great Neck
|-damage|p1a: Great Neck|0 fnt
|-unboost|p2a: Speedy Gonzales|spa|2
|faint|p1a: Great Neck
|-end|p1a: Great Neck|Protosynthesis|[silent]
|-damage|p2a: Speedy Gonzales|91/100|[from] item: Life Orb
|
|upkeep
|
|t:|1781324083
|switch|p1a: Gholdengo|Gholdengo|100/100
|turn|14
|
|t:|1781324085
|move|p2a: Speedy Gonzales|Stealth Rock|p1a: Gholdengo
|-sidestart|p1: newgensbetter|move: Stealth Rock
|move|p1a: Gholdengo|Shadow Ball|p2a: Speedy Gonzales
|-supereffective|p2a: Speedy Gonzales
|-damage|p2a: Speedy Gonzales|0 fnt
|faint|p2a: Speedy Gonzales
|
|upkeep
|
|t:|1781324091
|switch|p2a: Mihawk|Kingambit, M|100/100
|-activate|p2a: Mihawk|ability: Supreme Overlord
|-start|p2a: Mihawk|fallen3|[silent]
|turn|15
|
|t:|1781324095
|switch|p1a: Ting-Lu|Ting-Lu|100/100
|-damage|p1a: Ting-Lu|94/100|[from] Stealth Rock
|-ability|p1a: Ting-Lu|Vessel of Ruin
|move|p2a: Mihawk|Iron Head|p1a: Ting-Lu
|-damage|p1a: Ting-Lu|65/100
|
|-heal|p1a: Ting-Lu|71/100|[from] item: Leftovers
|upkeep
|turn|16
|
|t:|1781324099
|-end|p2a: Mihawk|fallen3|[silent]
|switch|p2a: 🎭|Iron Valiant, shiny|100/100
|-enditem|p2a: 🎭|Booster Energy
|-activate|p2a: 🎭|ability: Quark Drive|[fromitem]
|-start|p2a: 🎭|quarkdrivespe
|move|p1a: Ting-Lu|Earthquake|p2a: 🎭
|-damage|p2a: 🎭|48/100
|
|-heal|p1a: Ting-Lu|78/100|[from] item: Leftovers
|upkeep
|turn|17
|
|t:|1781324102
|switch|p1a: Gholdengo|Gholdengo|100/100
|-damage|p1a: Gholdengo|94/100|[from] Stealth Rock
|move|p2a: 🎭|Shadow Ball|p1a: Gholdengo
|-supereffective|p1a: Gholdengo
|-damage|p1a: Gholdengo|37/100
|
|upkeep
|turn|18
|
|t:|1781324107
|switch|p1a: Ting-Lu|Ting-Lu|78/100
|-damage|p1a: Ting-Lu|71/100|[from] Stealth Rock
|-ability|p1a: Ting-Lu|Vessel of Ruin
|move|p2a: 🎭|Shadow Ball|p1a: Ting-Lu
|-resisted|p1a: Ting-Lu
|-damage|p1a: Ting-Lu|65/100
|-unboost|p1a: Ting-Lu|spd|1
|
|-heal|p1a: Ting-Lu|71/100|[from] item: Leftovers
|upkeep
|turn|19
|
|t:|1781324110
|move|p2a: 🎭|Moonblast|p1a: Ting-Lu
|-supereffective|p1a: Ting-Lu
|-damage|p1a: Ting-Lu|4/100
|move|p1a: Ting-Lu|Earthquake|p2a: 🎭
|-crit|p2a: 🎭
|-damage|p2a: 🎭|0 fnt
|faint|p2a: 🎭
|-end|p2a: 🎭|Quark Drive|[silent]
|
|-heal|p1a: Ting-Lu|10/100|[from] item: Leftovers
|upkeep
|
|t:|1781324117
|switch|p2a: Hito no mi Model⚡️|Raging Bolt|100/100
|-enditem|p2a: Hito no mi Model⚡️|Booster Energy
|-activate|p2a: Hito no mi Model⚡️|ability: Protosynthesis|[fromitem]
|-start|p2a: Hito no mi Model⚡️|protosynthesisspa
|turn|20
|
|t:|1781324122
|move|p2a: Hito no mi Model⚡️|Dragon Pulse|p1a: Ting-Lu
|-damage|p1a: Ting-Lu|0 fnt
|faint|p1a: Ting-Lu
|
|upkeep
|
|t:|1781324126
|switch|p1a: Gholdengo|Gholdengo|37/100
|-damage|p1a: Gholdengo|31/100|[from] Stealth Rock
|turn|21
|
|t:|1781324128
|move|p1a: Gholdengo|Shadow Ball|p2a: Hito no mi Model⚡️
|-damage|p2a: Hito no mi Model⚡️|35/100
|move|p2a: Hito no mi Model⚡️|Thunderbolt|p1a: Gholdengo
|-damage|p1a: Gholdengo|0 fnt
|faint|p1a: Gholdengo
|
|win|drop a baby
|raw|newgensbetter's rating: 1736 &rarr; <strong>1717</strong><br />(-19 for losing)
|raw|drop a baby's rating: 1749 &rarr; <strong>1768</strong><br />(+19 for winning)
|l|☆newgensbetter
|player|p1|
|l|☆drop a baby
|player|p2|
