|j|☆Mysterious Soop
|j|☆soboredqwa
|t:|1780988402
|gametype|singles
|player|p1|Mysterious Soop|266|1551
|player|p2|soboredqwa|wallace|1577
|gen|9
|tier|[Gen 9] OU
|rated|
|rule|HP Percentage Mod: HP is shown in percentages
|rule|Endless Battle Clause: Forcing endless battles is banned
|rule|Species Clause: Limit one of each Pokémon
|rule|OHKO Clause: OHKO moves are banned
|rule|Evasion Items Clause: Evasion items are banned
|rule|Evasion Moves Clause: Evasion moves are banned
|rule|Evasion Abilities Clause: Evasion abilities are banned
|rule|Sleep Moves Clause: Sleep-inducing moves are banned
|clearpoke
|poke|p1|Excadrill, M|
|poke|p1|Tyranitar, F|
|poke|p1|Hydrapple, M|
|poke|p1|Gholdengo|
|poke|p1|Alomomola, M|
|poke|p1|Hatterene, F|
|poke|p2|Iron Moth|
|poke|p2|Gliscor, F|
|poke|p2|Hatterene, F|
|poke|p2|Ogerpon-Wellspring, F|
|poke|p2|Raging Bolt|
|poke|p2|Zamazenta-*|
|teampreview
|inactive|Battle timer is ON: inactive players will automatically lose when time's up. (requested by soboredqwa)
|
|t:|1780988413
|teamsize|p1|6
|teamsize|p2|6
|start
|switch|p1a: Tyranitar|Tyranitar, F|100/100
|switch|p2a: Zamazenta|Zamazenta|100/100
|-ability|p2a: Zamazenta|Dauntless Shield|boost
|-boost|p2a: Zamazenta|def|1
|-weather|Sandstorm|[from] ability: Sand Stream|[of] p1a: Tyranitar
|turn|1
|
|t:|1780988420
|switch|p1a: Alomomola|Alomomola, M|100/100
|move|p2a: Zamazenta|Reflect|p2a: Zamazenta
|-sidestart|p2: soboredqwa|Reflect
|
|-weather|Sandstorm|[upkeep]
|-damage|p2a: Zamazenta|94/100|[from] Sandstorm
|-damage|p1a: Alomomola|94/100|[from] Sandstorm
|upkeep
|turn|2
|
|t:|1780988425
|move|p2a: Zamazenta|Light Screen|p2a: Zamazenta
|-sidestart|p2: soboredqwa|move: Light Screen
|move|p1a: Alomomola|Scald|p2a: Zamazenta
|-damage|p2a: Zamazenta|89/100
|
|-weather|Sandstorm|[upkeep]
|-damage|p2a: Zamazenta|83/100|[from] Sandstorm
|-damage|p1a: Alomomola|88/100|[from] Sandstorm
|upkeep
|turn|3
|
|t:|1780988436
|switch|p2a: Hatterene|Hatterene, F|100/100
|move|p1a: Alomomola|Flip Turn|p2a: Hatterene
|-damage|p2a: Hatterene|94/100
|
|t:|1780988450
|switch|p1a: Hatterene|Hatterene, F|100/100|[from] Flip Turn
|
|-weather|Sandstorm|[upkeep]
|-damage|p1a: Hatterene|95/100|[from] Sandstorm
|-damage|p2a: Hatterene|88/100|[from] Sandstorm
|-heal|p2a: Hatterene|94/100|[from] item: Leftovers
|upkeep
|turn|4
|
|t:|1780988461
|move|p2a: Hatterene|Calm Mind|p2a: Hatterene
|-boost|p2a: Hatterene|spa|1
|-boost|p2a: Hatterene|spd|1
|move|p1a: Hatterene|Nuzzle|p2a: Hatterene
|-damage|p2a: Hatterene|93/100
|-status|p2a: Hatterene|par
|
|-weather|Sandstorm|[upkeep]
|-damage|p1a: Hatterene|89/100|[from] Sandstorm
|-damage|p2a: Hatterene|87/100 par|[from] Sandstorm
|-heal|p2a: Hatterene|93/100 par|[from] item: Leftovers
|upkeep
|turn|5
|
|t:|1780988471
|switch|p1a: Excadrill|Excadrill, M|100/100
|cant|p2a: Hatterene|par
|
|-weather|none
|-heal|p2a: Hatterene|99/100 par|[from] item: Leftovers
|upkeep
|turn|6
|
|t:|1780988477
|move|p1a: Excadrill|Rapid Spin|p2a: Hatterene
|-damage|p2a: Hatterene|90/100 par
|-boost|p1a: Excadrill|spe|1
|move|p2a: Hatterene|Mystical Fire|p1a: Excadrill
|-supereffective|p1a: Excadrill
|-crit|p1a: Excadrill
|-damage|p1a: Excadrill|0 fnt
|faint|p1a: Excadrill
|
|-heal|p2a: Hatterene|96/100 par|[from] item: Leftovers
|upkeep
|
|t:|1780988488
|switch|p1a: Gholdengo|Gholdengo|100/100
|-item|p1a: Gholdengo|Air Balloon
|turn|7
|
|t:|1780988497
|switch|p1a: Alomomola|Alomomola, M|100/100
|move|p2a: Hatterene|Mystical Fire|p1a: Alomomola
|-resisted|p1a: Alomomola
|-damage|p1a: Alomomola|79/100
|-unboost|p1a: Alomomola|spa|1
|
|-heal|p2a: Hatterene|100/100 par|[from] item: Leftovers
|upkeep
|turn|8
|
|t:|1780988505
|move|p1a: Alomomola|Flip Turn|p2a: Hatterene
|-damage|p2a: Hatterene|93/100 par
|
|t:|1780988509
|switch|p1a: Tyranitar|Tyranitar, F|100/100|[from] Flip Turn
|-weather|Sandstorm|[from] ability: Sand Stream|[of] p1a: Tyranitar
|cant|p2a: Hatterene|par
|
|-weather|Sandstorm|[upkeep]
|-damage|p2a: Hatterene|87/100 par|[from] Sandstorm
|-heal|p2a: Hatterene|93/100 par|[from] item: Leftovers
|-sideend|p2: soboredqwa|Reflect
|upkeep
|turn|9
|
|t:|1780988515
|move|p1a: Tyranitar|Knock Off|p2a: Hatterene
|-damage|p2a: Hatterene|24/100 par
|-enditem|p2a: Hatterene|Leftovers|[from] move: Knock Off|[of] p1a: Tyranitar
|move|p2a: Hatterene|Draining Kiss|p1a: Tyranitar
|-supereffective|p1a: Tyranitar
|-damage|p1a: Tyranitar|64/100
|-heal|p2a: Hatterene|59/100 par|[from] drain|[of] p1a: Tyranitar
|
|-weather|Sandstorm|[upkeep]
|-damage|p2a: Hatterene|53/100 par|[from] Sandstorm
|-sideend|p2: soboredqwa|move: Light Screen
|upkeep
|turn|10
|
|t:|1780988521
|move|p1a: Tyranitar|Knock Off|p2a: Hatterene
|-damage|p2a: Hatterene|4/100 par
|move|p2a: Hatterene|Draining Kiss|p1a: Tyranitar
|-supereffective|p1a: Tyranitar
|-damage|p1a: Tyranitar|27/100
|-heal|p2a: Hatterene|40/100 par|[from] drain|[of] p1a: Tyranitar
|
|-weather|Sandstorm|[upkeep]
|-damage|p2a: Hatterene|34/100 par|[from] Sandstorm
|upkeep
|turn|11
|
|t:|1780988526
|move|p1a: Tyranitar|Knock Off|p2a: Hatterene
|-damage|p2a: Hatterene|0 fnt
|faint|p2a: Hatterene
|
|-weather|Sandstorm|[upkeep]
|upkeep
|
|t:|1780988540
|switch|p2a: Gliscor|Gliscor, F|100/100
|turn|12
|
|t:|1780988551
|switch|p1a: Alomomola|Alomomola, M|100/100
|move|p2a: Gliscor|Earthquake|p1a: Alomomola
|-damage|p1a: Alomomola|76/100
|
|-weather|none
|-status|p2a: Gliscor|tox|[from] item: Toxic Orb
|upkeep
|turn|13
|
|t:|1780988556
|move|p2a: Gliscor|Swords Dance|p2a: Gliscor
|-boost|p2a: Gliscor|atk|2
|move|p1a: Alomomola|Wish|p1a: Alomomola
|
|upkeep
|turn|14
|
|t:|1780988564
|move|p2a: Gliscor|Agility|p2a: Gliscor
|-boost|p2a: Gliscor|spe|2
|move|p1a: Alomomola|Flip Turn|p2a: Gliscor
|-supereffective|p2a: Gliscor
|-damage|p2a: Gliscor|72/100 tox
|
|t:|1780988568
|switch|p1a: Tyranitar|Tyranitar, F|27/100|[from] Flip Turn
|-weather|Sandstorm|[from] ability: Sand Stream|[of] p1a: Tyranitar
|
|-weather|Sandstorm|[upkeep]
|-heal|p1a: Tyranitar|93/100|[from] move: Wish|[wisher] Alomomola
|-heal|p2a: Gliscor|84/100 tox|[from] ability: Poison Heal
|upkeep
|turn|15
|
|t:|1780988576
|switch|p1a: Gholdengo|Gholdengo|100/100
|-item|p1a: Gholdengo|Air Balloon
|move|p2a: Gliscor|Earthquake|p1a: Gholdengo
|-immune|p1a: Gholdengo
|
|-weather|Sandstorm|[upkeep]
|-heal|p2a: Gliscor|96/100 tox|[from] ability: Poison Heal
|upkeep
|turn|16
|
|t:|1780988590
|switch|p2a: Ogerpon|Ogerpon-Wellspring, F|100/100
|move|p1a: Gholdengo|Shadow Ball|p2a: Ogerpon
|-damage|p2a: Ogerpon|51/100
|-unboost|p2a: Ogerpon|spd|1
|
|-weather|Sandstorm|[upkeep]
|-damage|p2a: Ogerpon|45/100|[from] Sandstorm
|upkeep
|turn|17
|
|t:|1780988600
|switch|p2a: Iron Moth|Iron Moth|100/100
|-enditem|p2a: Iron Moth|Booster Energy
|-activate|p2a: Iron Moth|ability: Quark Drive|[fromitem]
|-start|p2a: Iron Moth|quarkdrivespe
|switch|p1a: Hydrapple|Hydrapple, M|100/100
|
|-weather|Sandstorm|[upkeep]
|-damage|p2a: Iron Moth|94/100|[from] Sandstorm
|-damage|p1a: Hydrapple|94/100|[from] Sandstorm
|upkeep
|turn|18
|
|t:|1780988610
|switch|p1a: Tyranitar|Tyranitar, F|93/100
|move|p2a: Iron Moth|Sludge Wave|p1a: Tyranitar
|-resisted|p1a: Tyranitar
|-damage|p1a: Tyranitar|80/100
|
|-weather|none
|upkeep
|turn|19
|
|t:|1780988626
|-end|p2a: Iron Moth|Quark Drive|[silent]
|switch|p2a: Ogerpon|Ogerpon-Wellspring, F|45/100
|switch|p1a: Hatterene|Hatterene, F|89/100
|
|upkeep
|turn|20
|
|t:|1780988633
|move|p2a: Ogerpon|Ivy Cudgel|p1a: Hatterene|[anim] Ivy Cudgel Water
|-damage|p1a: Hatterene|12/100
|move|p1a: Hatterene|Psyshock|p2a: Ogerpon
|-damage|p2a: Ogerpon|0 fnt
|faint|p2a: Ogerpon
|
|upkeep
|
|t:|1780988648
|switch|p2a: Raging Bolt|Raging Bolt|100/100
|-enditem|p2a: Raging Bolt|Booster Energy
|-activate|p2a: Raging Bolt|ability: Protosynthesis|[fromitem]
|-start|p2a: Raging Bolt|protosynthesisspa
|turn|21
|
|t:|1780988653
|move|p2a: Raging Bolt|Thunderbolt|p1a: Hatterene
|-damage|p1a: Hatterene|0 fnt
|faint|p1a: Hatterene
|
|upkeep
|
|t:|1780988659
|switch|p1a: Tyranitar|Tyranitar, F|80/100
|-weather|Sandstorm|[from] ability: Sand Stream|[of] p1a: Tyranitar
|turn|22
|
|t:|1780988675
|move|p2a: Raging Bolt|Thunderbolt|p1a: Tyranitar
|-damage|p1a: Tyranitar|42/100
|move|p1a: Tyranitar|Earthquake|p2a: Raging Bolt
|-supereffective|p2a: Raging Bolt
|-damage|p2a: Raging Bolt|0 fnt
|faint|p2a: Raging Bolt
|-end|p2a: Raging Bolt|Protosynthesis|[silent]
|
|-weather|Sandstorm|[upkeep]
|upkeep
|
|t:|1780988681
|switch|p2a: Zamazenta|Zamazenta|83/100
|turn|23
|
|t:|1780988690
|switch|p1a: Alomomola|Alomomola, M|100/100
|move|p2a: Zamazenta|Reflect|p2a: Zamazenta
|-sidestart|p2: soboredqwa|Reflect
|
|-weather|Sandstorm|[upkeep]
|-damage|p2a: Zamazenta|77/100|[from] Sandstorm
|-damage|p1a: Alomomola|94/100|[from] Sandstorm
|upkeep
|turn|24
|
|t:|1780988720
|move|p2a: Zamazenta|Light Screen|p2a: Zamazenta
|-sidestart|p2: soboredqwa|move: Light Screen
|move|p1a: Alomomola|Wish|p1a: Alomomola
|
|-weather|Sandstorm|[upkeep]
|-damage|p2a: Zamazenta|71/100|[from] Sandstorm
|-damage|p1a: Alomomola|88/100|[from] Sandstorm
|upkeep
|turn|25
|
|t:|1780988736
|move|p2a: Zamazenta|Close Combat|p1a: Alomomola
|-damage|p1a: Alomomola|61/100
|-unboost|p2a: Zamazenta|def|1
|-unboost|p2a: Zamazenta|spd|1
|-damage|p2a: Zamazenta|54/100|[from] item: Rocky Helmet|[of] p1a: Alomomola
|move|p1a: Alomomola|Flip Turn|p2a: Zamazenta
|-damage|p2a: Zamazenta|45/100
|
|t:|1780988742
|switch|p1a: Tyranitar|Tyranitar, F|42/100|[from] Flip Turn
|
|-weather|Sandstorm|[upkeep]
|-damage|p2a: Zamazenta|39/100|[from] Sandstorm
|-heal|p1a: Tyranitar|100/100|[from] move: Wish|[wisher] Alomomola
|upkeep
|turn|26
|
|t:|1780988746
|switch|p2a: Iron Moth|Iron Moth|94/100
|switch|p1a: Alomomola|Alomomola, M|94/100
|
|-weather|none
|upkeep
|turn|27
|
|t:|1780988750
|move|p1a: Alomomola|Flip Turn|p2a: Iron Moth
|-supereffective|p2a: Iron Moth
|-damage|p2a: Iron Moth|68/100
|
|t:|1780988758
|switch|p1a: Tyranitar|Tyranitar, F|100/100|[from] Flip Turn
|-weather|Sandstorm|[from] ability: Sand Stream|[of] p1a: Tyranitar
|move|p2a: Iron Moth|Whirlwind|p1a: Tyranitar
|drag|p1a: Gholdengo|Gholdengo|100/100
|-item|p1a: Gholdengo|Air Balloon
|
|-weather|Sandstorm|[upkeep]
|-damage|p2a: Iron Moth|62/100|[from] Sandstorm
|upkeep
|turn|28
|
|t:|1780988779
|switch|p1a: Tyranitar|Tyranitar, F|100/100
|move|p2a: Iron Moth|Fiery Dance|p1a: Tyranitar
|-resisted|p1a: Tyranitar
|-damage|p1a: Tyranitar|89/100
|
|-weather|Sandstorm|[upkeep]
|-damage|p2a: Iron Moth|56/100|[from] Sandstorm
|upkeep
|turn|29
|
|t:|1780988792
|-end|p2a: Iron Moth|Quark Drive|[silent]
|switch|p2a: Zamazenta|Zamazenta|39/100
|move|p1a: Tyranitar|Earthquake|p2a: Zamazenta
|-damage|p2a: Zamazenta|16/100
|
|-weather|Sandstorm|[upkeep]
|-damage|p2a: Zamazenta|10/100|[from] Sandstorm
|upkeep
|turn|30
|
|t:|1780988799
|switch|p1a: Alomomola|Alomomola, M|100/100
|move|p2a: Zamazenta|Close Combat|p1a: Alomomola
|-damage|p1a: Alomomola|76/100
|-unboost|p2a: Zamazenta|def|1
|-unboost|p2a: Zamazenta|spd|1
|-damage|p2a: Zamazenta|0 fnt|[from] item: Rocky Helmet|[of] p1a: Alomomola
|faint|p2a: Zamazenta
|
|-weather|Sandstorm|[upkeep]
|-damage|p1a: Alomomola|69/100|[from] Sandstorm
|-sideend|p2: soboredqwa|Reflect
|upkeep
|-message|soboredqwa forfeited.
|
|win|Mysterious Soop
|raw|Mysterious Soop's rating: 1551 &rarr; <strong>1574</strong><br />(+23 for winning)
|raw|soboredqwa's rating: 1595 &rarr; <strong>1572</strong><br />(-23 for losing)
|l|☆soboredqwa
|player|p2|
|c|☆Mysterious Soop|ggs
|l|☆Mysterious Soop
|player|p1|
