|j|☆KnightKnaveSpy
|j|☆ftaochaphet
|t:|1781157887
|gametype|singles
|player|p1|KnightKnaveSpy|101|1677
|player|p2|ftaochaphet|1|1624
|gen|9
|tier|[Gen 9] OU
|rated|
|rule|HP Percentage Mod: HP is shown in percentages
|rule|Endless Battle Clause: Forcing endless battles is banned
|rule|Species Clause: Limit one of each Pokémon
|rule|OHKO Clause: OHKO moves are banned
|rule|Evasion Items Clause: Evasion items are banned
|rule|Evasion Moves Clause: Evasion moves are banned
|rule|Evasion Abilities Clause: Evasion abilities are banned
|rule|Sleep Moves Clause: Sleep-inducing moves are banned
|clearpoke
|poke|p1|Samurott-Hisui, F|
|poke|p1|Blaziken, M|
|poke|p1|Kingambit, F|
|poke|p1|Raging Bolt|
|poke|p1|Ogerpon-Wellspring, F|
|poke|p1|Greninja-*, M|
|poke|p2|Enamorus, F|
|poke|p2|Samurott-Hisui, F|
|poke|p2|Gholdengo|
|poke|p2|Great Tusk|
|poke|p2|Kingambit, M|
|poke|p2|Alomomola, M|
|teampreview
|inactive|Battle timer is ON: inactive players will automatically lose when time's up. (requested by KnightKnaveSpy)
|inactive|ftaochaphet has 120 seconds left.
|inactive|ftaochaphet has 90 seconds left.
|inactive|ftaochaphet has 60 seconds left.
|j| pokemonlover-834
|l| pokemonlover-834
|inactive|ftaochaphet has 30 seconds left.
|inactive|ftaochaphet has 20 seconds left.
|inactive|ftaochaphet has 15 seconds left.
|inactive|ftaochaphet has 10 seconds left.
|inactive|ftaochaphet has 5 seconds left.
|
|t:|1781158040
|teamsize|p1|6
|teamsize|p2|6
|start
|switch|p1a: Samurott|Samurott-Hisui, F|100/100
|switch|p2a: Samurott|Samurott-Hisui, F|100/100
|turn|1
|
|t:|1781158045
|move|p1a: Samurott|Ceaseless Edge|p2a: Samurott
|-resisted|p2a: Samurott
|-damage|p2a: Samurott|78/100
|-sidestart|p2: ftaochaphet|Spikes
|move|p2a: Samurott|Ceaseless Edge|p1a: Samurott|[miss]
|-miss|p2a: Samurott|p1a: Samurott
|
|upkeep
|turn|2
|
|t:|1781158050
|move|p1a: Samurott|Ceaseless Edge|p2a: Samurott
|-resisted|p2a: Samurott
|-damage|p2a: Samurott|56/100
|-sidestart|p2: ftaochaphet|Spikes
|move|p2a: Samurott|Ceaseless Edge|p1a: Samurott
|-resisted|p1a: Samurott
|-damage|p1a: Samurott|74/100
|-sidestart|p1: KnightKnaveSpy|Spikes
|
|upkeep
|turn|3
|
|t:|1781158056
|move|p1a: Samurott|Ceaseless Edge|p2a: Samurott
|-resisted|p2a: Samurott
|-damage|p2a: Samurott|32/100
|-sidestart|p2: ftaochaphet|Spikes
|move|p2a: Samurott|Ceaseless Edge|p1a: Samurott
|-resisted|p1a: Samurott
|-damage|p1a: Samurott|45/100
|-sidestart|p1: KnightKnaveSpy|Spikes
|
|upkeep
|turn|4
|
|t:|1781158062
|move|p1a: Samurott|Aqua Cutter|p2a: Samurott
|-resisted|p2a: Samurott
|-damage|p2a: Samurott|8/100
|move|p2a: Samurott|Ceaseless Edge|p1a: Samurott
|-resisted|p1a: Samurott
|-damage|p1a: Samurott|17/100
|-sidestart|p1: KnightKnaveSpy|Spikes
|
|upkeep
|turn|5
|
|t:|1781158069
|switch|p2a: Alomomola|Alomomola, M|100/100
|move|p1a: Samurott|Aqua Jet|p2a: Alomomola
|-resisted|p2a: Alomomola
|-damage|p2a: Alomomola|95/100
|
|upkeep
|turn|6
|
|t:|1781158075
|switch|p1a: Ogerpon|Ogerpon-Wellspring, F|100/100
|-damage|p1a: Ogerpon|76/100|[from] Spikes
|move|p2a: Alomomola|Wish|p2a: Alomomola
|
|upkeep
|turn|7
|
|t:|1781158080
|switch|p2a: Samurott|Samurott-Hisui, F|8/100
|-damage|p2a: Samurott|0 fnt|[from] Spikes
|faint|p2a: Samurott
|move|p1a: Ogerpon|Horn Leech|p2: Samurott|[notarget]
|-fail|p1a: Ogerpon
|
|upkeep
|
|t:|1781158085
|switch|p2a: Enamorus|Enamorus, F|100/100
|turn|8
|
|t:|1781158088
|switch|p1a: Samurott|Samurott-Hisui, F|17/100
|-damage|p1a: Samurott|0 fnt|[from] Spikes
|faint|p1a: Samurott
|-terastallize|p2a: Enamorus|Fairy
|move|p2a: Enamorus|Moonblast|p1: Samurott|[notarget]
|-fail|p2a: Enamorus
|
|upkeep
|
|t:|1781158104
|switch|p1a: Kingambit|Kingambit, F|100/100
|-damage|p1a: Kingambit|75/100|[from] Spikes
|-activate|p1a: Kingambit|ability: Supreme Overlord
|-start|p1a: Kingambit|fallen1|[silent]
|turn|9
|
|t:|1781158108
|move|p2a: Enamorus|Moonblast|p1a: Kingambit
|-damage|p1a: Kingambit|4/100
|-unboost|p1a: Kingambit|spa|1
|move|p1a: Kingambit|Iron Head|p2a: Enamorus
|-supereffective|p2a: Enamorus
|-crit|p2a: Enamorus
|-damage|p2a: Enamorus|0 fnt
|faint|p2a: Enamorus
|
|upkeep
|
|t:|1781158113
|switch|p2a: Great Tusk|Great Tusk|100/100
|turn|10
|
|t:|1781158127
|-terastallize|p1a: Kingambit|Ghost
|move|p2a: Great Tusk|Rapid Spin|p1a: Kingambit
|-immune|p1a: Kingambit
|move|p1a: Kingambit|Iron Head|p2a: Great Tusk
|-damage|p2a: Great Tusk|62/100
|
|upkeep
|turn|11
|
|t:|1781158131
|move|p1a: Kingambit|Sucker Punch|p2a: Great Tusk
|-resisted|p2a: Great Tusk
|-damage|p2a: Great Tusk|43/100
|move|p2a: Great Tusk|Ice Spinner|p1a: Kingambit
|-damage|p1a: Kingambit|0 fnt
|faint|p1a: Kingambit
|-end|p1a: Kingambit|fallen1|[silent]
|
|upkeep
|
|t:|1781158134
|switch|p1a: Ogerpon|Ogerpon-Wellspring, F|76/100
|-damage|p1a: Ogerpon|51/100|[from] Spikes
|turn|12
|
|t:|1781158138
|-end|p2a: Great Tusk|Protosynthesis|[silent]
|switch|p2a: Gholdengo|Gholdengo|100/100
|-damage|p2a: Gholdengo|76/100|[from] Spikes
|move|p1a: Ogerpon|Horn Leech|p2a: Gholdengo
|-resisted|p2a: Gholdengo
|-damage|p2a: Gholdengo|60/100
|-heal|p1a: Ogerpon|61/100|[from] drain|[of] p2a: Gholdengo
|
|upkeep
|turn|13
|
|t:|1781158142
|move|p1a: Ogerpon|U-turn|p2a: Gholdengo
|-resisted|p2a: Gholdengo
|-damage|p2a: Gholdengo|56/100
|
|t:|1781158143
|switch|p1a: Greninja|Greninja, M|100/100|[from] U-turn
|move|p2a: Gholdengo|Recover|p2a: Gholdengo
|-heal|p2a: Gholdengo|100/100
|
|upkeep
|turn|14
|
|t:|1781158148
|switch|p1a: Raging Bolt|Raging Bolt|100/100
|-item|p1a: Raging Bolt|Air Balloon
|switch|p2a: Alomomola|Alomomola, M|100/100
|
|upkeep
|turn|15
|
|t:|1781158150
|move|p1a: Raging Bolt|Volt Switch|p2a: Alomomola
|-supereffective|p2a: Alomomola
|-damage|p2a: Alomomola|0 fnt
|faint|p2a: Alomomola
|
|t:|1781158157
|-end|p1a: Raging Bolt|Protosynthesis|[silent]
|switch|p1a: Greninja|Greninja, M|100/100|[from] Volt Switch
|
|upkeep
|-message|ftaochaphet forfeited.
|
|win|KnightKnaveSpy
|raw|KnightKnaveSpy's rating: 1677 &rarr; <strong>1694</strong><br />(+17 for winning)
|raw|ftaochaphet's rating: 1624 &rarr; <strong>1607</strong><br />(-17 for losing)
|l|☆ftaochaphet
|player|p2|
|l|☆KnightKnaveSpy
|player|p1|
