|j|☆Liaoa
|j|☆KurisuChestnutLab
|t:|1781156630
|gametype|singles
|player|p1|Liaoa|bellelba|1577
|player|p2|KurisuChestnutLab|may-contest|1569
|gen|9
|tier|[Gen 9] OU
|rated|
|rule|HP Percentage Mod: HP is shown in percentages
|rule|Endless Battle Clause: Forcing endless battles is banned
|rule|Species Clause: Limit one of each Pokémon
|rule|OHKO Clause: OHKO moves are banned
|rule|Evasion Items Clause: Evasion items are banned
|rule|Evasion Moves Clause: Evasion moves are banned
|rule|Evasion Abilities Clause: Evasion abilities are banned
|rule|Sleep Moves Clause: Sleep-inducing moves are banned
|clearpoke
|poke|p1|Clefable, M|
|poke|p1|Dondozo, F|
|poke|p1|Alomomola, F|
|poke|p1|Ting-Lu|
|poke|p1|Skeledirge, M|
|poke|p1|Corviknight, F|
|poke|p2|Zamazenta-*|
|poke|p2|Zapdos|
|poke|p2|Garganacl, M|
|poke|p2|Clefable, F|
|poke|p2|Samurott-Hisui, F|
|poke|p2|Gholdengo|
|teampreview
|inactive|Battle timer is ON: inactive players will automatically lose when time's up. (requested by Liaoa)
|inactive|KurisuChestnutLab also wants the timer to be on.
|
|t:|1781156638
|teamsize|p1|6
|teamsize|p2|6
|start
|switch|p1a: Clefable|Clefable, M|100/100
|switch|p2a: Garganacl|Garganacl, M|100/100
|turn|1
|
|t:|1781156645
|move|p1a: Clefable|Trick|p2a: Garganacl
|-activate|p1a: Clefable|move: Trick|[of] p2a: Garganacl
|-item|p2a: Garganacl|Choice Scarf|[from] move: Trick
|-item|p1a: Clefable|Leftovers|[from] move: Trick
|move|p2a: Garganacl|Salt Cure|p1a: Clefable
|-damage|p1a: Clefable|82/100
|-start|p1a: Clefable|Salt Cure
|
|-heal|p1a: Clefable|88/100|[from] item: Leftovers
|upkeep
|turn|2
|
|t:|1781156652
|move|p1a: Clefable|Flamethrower|p2a: Garganacl
|-resisted|p2a: Garganacl
|-damage|p2a: Garganacl|93/100
|move|p2a: Garganacl|Salt Cure|p1a: Clefable
|-damage|p1a: Clefable|68/100
|
|-heal|p1a: Clefable|74/100|[from] item: Leftovers
|upkeep
|turn|3
|
|t:|1781156656
|move|p1a: Clefable|Moonblast|p2a: Garganacl
|-damage|p2a: Garganacl|65/100
|-unboost|p2a: Garganacl|spa|1
|move|p2a: Garganacl|Salt Cure|p1a: Clefable
|-damage|p1a: Clefable|54/100
|
|-heal|p1a: Clefable|60/100|[from] item: Leftovers
|upkeep
|turn|4
|
|t:|1781156660
|switch|p2a: Gholdengo|Gholdengo|100/100
|move|p1a: Clefable|Moonblast|p2a: Gholdengo
|-resisted|p2a: Gholdengo
|-damage|p2a: Gholdengo|76/100
|
|-heal|p1a: Clefable|66/100|[from] item: Leftovers
|upkeep
|turn|5
|
|t:|1781156667
|switch|p1a: Ting-Lu|Ting-Lu|100/100
|-ability|p1a: Ting-Lu|Vessel of Ruin
|move|p2a: Gholdengo|Make It Rain|p1a: Ting-Lu
|-damage|p1a: Ting-Lu|61/100
|-unboost|p2a: Gholdengo|spa|1
|
|upkeep
|turn|6
|
|t:|1781156671
|switch|p2a: Samurott|Samurott-Hisui, F|100/100
|move|p1a: Ting-Lu|Stealth Rock|p2a: Samurott
|-sidestart|p2: KurisuChestnutLab|move: Stealth Rock
|
|upkeep
|turn|7
|
|t:|1781156675
|move|p2a: Samurott|Razor Shell|p1a: Ting-Lu
|-supereffective|p1a: Ting-Lu
|-damage|p1a: Ting-Lu|1/100
|move|p1a: Ting-Lu|Earthquake|p2a: Samurott
|-damage|p2a: Samurott|36/100
|
|upkeep
|turn|8
|-enditem|p1a: Ting-Lu|Custap Berry|[eat]
|-activate|p1a: Ting-Lu|item: Custap Berry|[consumed]
|
|t:|1781156679
|move|p1a: Ting-Lu|Earthquake|p2a: Samurott
|-damage|p2a: Samurott|0 fnt
|faint|p2a: Samurott
|
|upkeep
|
|t:|1781156683
|switch|p2a: Garganacl|Garganacl, M|65/100
|-damage|p2a: Garganacl|53/100|[from] Stealth Rock
|turn|9
|
|t:|1781156690
|move|p2a: Garganacl|Salt Cure|p1a: Ting-Lu
|-resisted|p1a: Ting-Lu
|-damage|p1a: Ting-Lu|0 fnt
|faint|p1a: Ting-Lu
|
|upkeep
|
|t:|1781156693
|switch|p1a: Alomomola|Alomomola, F|100/100
|turn|10
|
|t:|1781156700
|switch|p2a: Zapdos|Zapdos|100/100
|move|p1a: Alomomola|Flip Turn|p2a: Zapdos
|-damage|p2a: Zapdos|77/100
|
|t:|1781156704
|switch|p1a: Skeledirge|Skeledirge, M|100/100|[from] Flip Turn
|
|upkeep
|turn|11
|
|t:|1781156712
|move|p1a: Skeledirge|Torch Song|p2a: Zapdos
|-damage|p2a: Zapdos|39/100
|-boost|p1a: Skeledirge|spa|1
|move|p2a: Zapdos|Volt Switch|p1a: Skeledirge
|-damage|p1a: Skeledirge|62/100
|
|t:|1781156716
|switch|p2a: Gholdengo|Gholdengo|76/100|[from] Volt Switch
|-damage|p2a: Gholdengo|70/100|[from] Stealth Rock
|
|upkeep
|turn|12
|
|t:|1781156720
|switch|p1a: Alomomola|Alomomola, F|100/100
|move|p2a: Gholdengo|Shadow Ball|p1a: Alomomola
|-damage|p1a: Alomomola|54/100
|
|upkeep
|turn|13
|
|t:|1781156724
|move|p2a: Gholdengo|Shadow Ball|p1a: Alomomola
|-damage|p1a: Alomomola|8/100
|move|p1a: Alomomola|Flip Turn|p2a: Gholdengo
|-damage|p2a: Gholdengo|30/100
|
|t:|1781156732
|switch|p1a: Clefable|Clefable, M|66/100|[from] Flip Turn
|
|-heal|p1a: Clefable|72/100|[from] item: Leftovers
|upkeep
|turn|14
|
|t:|1781156738
|move|p2a: Gholdengo|Shadow Ball|p1a: Clefable
|-damage|p1a: Clefable|21/100
|move|p1a: Clefable|Flamethrower|p2a: Gholdengo
|-supereffective|p2a: Gholdengo
|-damage|p2a: Gholdengo|0 fnt
|faint|p2a: Gholdengo
|
|-heal|p1a: Clefable|27/100|[from] item: Leftovers
|upkeep
|
|t:|1781156741
|switch|p2a: Zapdos|Zapdos|39/100
|turn|15
|
|t:|1781156746
|move|p2a: Zapdos|Discharge|p1a: Clefable
|-damage|p1a: Clefable|0 fnt
|faint|p1a: Clefable
|
|upkeep
|
|t:|1781156749
|switch|p1a: Skeledirge|Skeledirge, M|62/100
|turn|16
|
|t:|1781156757
|move|p1a: Skeledirge|Torch Song|p2a: Zapdos
|-damage|p2a: Zapdos|5/100
|-boost|p1a: Skeledirge|spa|1
|move|p2a: Zapdos|Volt Switch|p1a: Skeledirge
|-damage|p1a: Skeledirge|25/100
|
|t:|1781156761
|switch|p2a: Zamazenta|Zamazenta|100/100|[from] Volt Switch
|-damage|p2a: Zamazenta|94/100|[from] Stealth Rock
|-ability|p2a: Zamazenta|Dauntless Shield|boost
|-boost|p2a: Zamazenta|def|1
|
|-heal|p2a: Zamazenta|100/100|[from] item: Leftovers
|upkeep
|turn|17
|
|t:|1781156767
|switch|p1a: Corviknight|Corviknight, F|100/100
|move|p2a: Zamazenta|Roar|p1a: Corviknight
|drag|p1a: Skeledirge|Skeledirge, M|25/100
|
|upkeep
|turn|18
|
|t:|1781156771
|switch|p1a: Corviknight|Corviknight, F|100/100
|move|p2a: Zamazenta|Crunch|p1a: Corviknight
|-damage|p1a: Corviknight|78/100
|-ability|p1a: Corviknight|Mirror Armor
|-unboost|p2a: Zamazenta|def|1
|
|upkeep
|turn|19
|
|t:|1781156779
|move|p2a: Zamazenta|Iron Defense|p2a: Zamazenta
|-boost|p2a: Zamazenta|def|2
|move|p1a: Corviknight|Brave Bird|p2a: Zamazenta
|-supereffective|p2a: Zamazenta
|-damage|p2a: Zamazenta|62/100
|-damage|p1a: Corviknight|63/100|[from] Recoil
|
|-heal|p2a: Zamazenta|68/100|[from] item: Leftovers
|upkeep
|turn|20
|
|t:|1781156786
|switch|p1a: Dondozo|Dondozo, F|100/100
|move|p2a: Zamazenta|Iron Defense|p2a: Zamazenta
|-boost|p2a: Zamazenta|def|2
|
|-heal|p2a: Zamazenta|74/100|[from] item: Leftovers
|upkeep
|turn|21
|
|t:|1781156790
|move|p1a: Dondozo|Body Slam|p2a: Zamazenta
|-crit|p2a: Zamazenta
|-damage|p2a: Zamazenta|30/100
|move|p2a: Zamazenta|Roar|p1a: Dondozo
|drag|p1a: Corviknight|Corviknight, F|63/100
|
|-heal|p2a: Zamazenta|36/100|[from] item: Leftovers
|upkeep
|turn|22
|
|t:|1781156795
|switch|p2a: Zapdos|Zapdos|5/100
|switch|p1a: Dondozo|Dondozo, F|100/100
|
|upkeep
|turn|23
|
|t:|1781156806
|switch|p1a: Skeledirge|Skeledirge, M|25/100
|move|p2a: Zapdos|Roost|p2a: Zapdos
|-heal|p2a: Zapdos|55/100
|-singleturn|p2a: Zapdos|move: Roost
|
|upkeep
|turn|24
|
|t:|1781156811
|move|p1a: Skeledirge|Torch Song|p2a: Zapdos
|-damage|p2a: Zapdos|17/100
|-boost|p1a: Skeledirge|spa|1
|move|p2a: Zapdos|Discharge|p1a: Skeledirge
|-damage|p1a: Skeledirge|0 fnt
|faint|p1a: Skeledirge
|
|upkeep
|
|t:|1781156817
|switch|p1a: Corviknight|Corviknight, F|63/100
|turn|25
|
|t:|1781156823
|move|p1a: Corviknight|Brave Bird|p2a: Zapdos
|-resisted|p2a: Zapdos
|-damage|p2a: Zapdos|0 fnt
|-status|p1a: Corviknight|par|[from] ability: Static|[of] p2a: Zapdos
|faint|p2a: Zapdos
|-damage|p1a: Corviknight|57/100 par|[from] Recoil
|
|upkeep
|
|t:|1781156829
|switch|p2a: Garganacl|Garganacl, M|53/100
|-damage|p2a: Garganacl|40/100|[from] Stealth Rock
|turn|26
|
|t:|1781156834
|move|p1a: Corviknight|Brave Bird|p2a: Garganacl
|-resisted|p2a: Garganacl
|-damage|p2a: Garganacl|24/100
|-damage|p1a: Corviknight|50/100 par|[from] Recoil
|move|p2a: Garganacl|Salt Cure|p1a: Corviknight
|-damage|p1a: Corviknight|37/100 par
|-start|p1a: Corviknight|Salt Cure
|
|-damage|p1a: Corviknight|12/100 par|[from] Salt Cure
|upkeep
|turn|27
|
|t:|1781156838
|cant|p1a: Corviknight|par
|move|p2a: Garganacl|Salt Cure|p1a: Corviknight
|-damage|p1a: Corviknight|0 fnt
|faint|p1a: Corviknight
|
|upkeep
|
|t:|1781156841
|switch|p1a: Alomomola|Alomomola, F|41/100
|turn|28
|
|t:|1781156847
|-terastallize|p2a: Garganacl|Water
|move|p1a: Alomomola|Flip Turn|p2a: Garganacl
|-resisted|p2a: Garganacl
|-damage|p2a: Garganacl|13/100
|
|t:|1781156850
|switch|p1a: Dondozo|Dondozo, F|100/100|[from] Flip Turn
|move|p2a: Garganacl|Salt Cure|p1a: Dondozo
|-damage|p1a: Dondozo|93/100
|-start|p1a: Dondozo|Salt Cure
|
|-damage|p1a: Dondozo|68/100|[from] Salt Cure
|upkeep
|turn|29
|
|t:|1781156859
|move|p2a: Garganacl|Salt Cure|p1a: Dondozo
|-damage|p1a: Dondozo|60/100
|move|p1a: Dondozo|Body Slam|p2a: Garganacl
|-damage|p2a: Garganacl|0 fnt
|faint|p2a: Garganacl
|
|-damage|p1a: Dondozo|35/100|[from] Salt Cure
|upkeep
|
|t:|1781156862
|switch|p2a: Zamazenta|Zamazenta|36/100
|-damage|p2a: Zamazenta|30/100|[from] Stealth Rock
|turn|30
|
|t:|1781156868
|move|p2a: Zamazenta|Body Press|p1a: Dondozo
|-damage|p1a: Dondozo|15/100
|move|p1a: Dondozo|Body Slam|p2a: Zamazenta
|-damage|p2a: Zamazenta|0 fnt
|faint|p2a: Zamazenta
|
|-damage|p1a: Dondozo|0 fnt|[from] Salt Cure
|faint|p1a: Dondozo
|upkeep
|
|t:|1781156873
|switch|p2a: Clefable|Clefable, F|100/100
|switch|p1a: Alomomola|Alomomola, F|74/100
|turn|31
|
|t:|1781156878
|move|p1a: Alomomola|Body Slam|p2a: Clefable
|-damage|p2a: Clefable|76/100
|move|p2a: Clefable|Knock Off|p1a: Alomomola
|-damage|p1a: Alomomola|63/100
|-enditem|p1a: Alomomola|Choice Band|[from] move: Knock Off|[of] p2a: Clefable
|
|upkeep
|turn|32
|
|t:|1781156885
|move|p1a: Alomomola|Body Slam|p2a: Clefable
|-damage|p2a: Clefable|58/100
|move|p2a: Clefable|Moonblast|p1a: Alomomola
|-damage|p1a: Alomomola|26/100
|
|upkeep
|turn|33
|
|t:|1781156889
|move|p1a: Alomomola|Body Slam|p2a: Clefable
|-damage|p2a: Clefable|40/100
|move|p2a: Clefable|Moonblast|p1a: Alomomola
|-damage|p1a: Alomomola|0 fnt
|faint|p1a: Alomomola
|
|win|KurisuChestnutLab
|raw|Liaoa's rating: 1577 &rarr; <strong>1554</strong><br />(-23 for losing)
|raw|KurisuChestnutLab's rating: 1526 &rarr; <strong>1549</strong><br />(+23 for winning)
