|badge|p2|bronze|gen9ou|100-9
|uhtml|medal-msg|<div class="broadcast-blue">Curious what those medals under the avatar are? PS now has Ladder Seasons! For more information, check out the <a href="https://www.smogon.com/forums/threads/3740067/">thread on Smogon.</a></div>
|j|☆noob1877
|j|☆bingbong441
|t:|1780971451
|gametype|singles
|player|p1|noob1877|2|1782
|player|p2|bingbong441|pokemaniac|1812
|gen|9
|tier|[Gen 9] OU
|rated|
|rule|HP Percentage Mod: HP is shown in percentages
|rule|Endless Battle Clause: Forcing endless battles is banned
|rule|Species Clause: Limit one of each Pokémon
|rule|OHKO Clause: OHKO moves are banned
|rule|Evasion Items Clause: Evasion items are banned
|rule|Evasion Moves Clause: Evasion moves are banned
|rule|Evasion Abilities Clause: Evasion abilities are banned
|rule|Sleep Moves Clause: Sleep-inducing moves are banned
|clearpoke
|poke|p1|Ceruledge, F|
|poke|p1|Grimmsnarl, M|
|poke|p1|Ogerpon-Wellspring, F|
|poke|p1|Glimmora, F|
|poke|p1|Deoxys-Speed|
|poke|p1|Zapdos-Galar|
|poke|p2|Rillaboom, M|
|poke|p2|Alomomola, F|
|poke|p2|Cinderace, F|
|poke|p2|Hoopa-Unbound|
|poke|p2|Fezandipiti, M|
|poke|p2|Pawmot, M|
|teampreview
|
|t:|1780971465
|teamsize|p1|6
|teamsize|p2|6
|start
|switch|p1a: Ceruledge|Ceruledge, F|100/100
|switch|p2a: Hoopa|Hoopa-Unbound|100/100
|turn|1
|
|t:|1780971475
|switch|p1a: Grimmsnarl|Grimmsnarl, M|100/100
|switch|p2a: Fezandipiti|Fezandipiti, M|100/100
|
|upkeep
|turn|2
|
|t:|1780971483
|move|p1a: Grimmsnarl|Reflect|p1a: Grimmsnarl
|-sidestart|p1: noob1877|Reflect
|move|p2a: Fezandipiti|U-turn|p1a: Grimmsnarl
|-damage|p1a: Grimmsnarl|91/100
|-status|p1a: Grimmsnarl|tox|[from] ability: Toxic Chain|[of] p2a: Fezandipiti
|
|t:|1780971513
|switch|p2a: Cinderace|Cinderace, F|100/100|[from] U-turn
|
|-damage|p1a: Grimmsnarl|85/100 tox|[from] psn
|upkeep
|turn|3
|
|t:|1780971519
|move|p1a: Grimmsnarl|Parting Shot|p2a: Cinderace
|-unboost|p2a: Cinderace|atk|1
|-unboost|p2a: Cinderace|spa|1
|
|t:|1780971520
|switch|p1a: Glimmora|Glimmora, F|100/100|[from] Parting Shot
|move|p2a: Cinderace|Pyro Ball|p1a: Glimmora
|-resisted|p1a: Glimmora
|-damage|p1a: Glimmora|89/100
|-status|p1a: Glimmora|brn
|-activate|p1a: Glimmora|ability: Toxic Debris
|-sidestart|p2: bingbong441|move: Toxic Spikes
|
|-damage|p1a: Glimmora|83/100 brn|[from] brn
|upkeep
|turn|4
|
|t:|1780971533
|move|p2a: Cinderace|U-turn|p1a: Glimmora
|-start|p2a: Cinderace|typechange|Bug|[from] ability: Libero
|-resisted|p1a: Glimmora
|-damage|p1a: Glimmora|76/100 brn
|-activate|p1a: Glimmora|ability: Toxic Debris
|-sidestart|p2: bingbong441|move: Toxic Spikes
|
|t:|1780971539
|switch|p2a: Fezandipiti|Fezandipiti, M|100/100|[from] U-turn
|-sideend|p2: bingbong441|move: Toxic Spikes|[of] p2a: Fezandipiti
|move|p1a: Glimmora|Meteor Beam||[still]
|-prepare|p1a: Glimmora|Meteor Beam
|-boost|p1a: Glimmora|spa|1
|-enditem|p1a: Glimmora|Power Herb
|-anim|p1a: Glimmora|Meteor Beam|p2a: Fezandipiti
|-damage|p2a: Fezandipiti|50/100
|
|-damage|p1a: Glimmora|70/100 brn|[from] brn
|upkeep
|turn|5
|j| biscoitotroll
|
|t:|1780971581
|switch|p2a: Hoopa|Hoopa-Unbound|100/100
|move|p1a: Glimmora|Earth Power|p2a: Hoopa
|-damage|p2a: Hoopa|75/100
|
|-damage|p1a: Glimmora|64/100 brn|[from] brn
|upkeep
|turn|6
|
|t:|1780971594
|switch|p1a: Grimmsnarl|Grimmsnarl, M|85/100 tox
|move|p2a: Hoopa|Psychic Noise|p1a: Grimmsnarl
|-immune|p1a: Grimmsnarl
|
|-damage|p1a: Grimmsnarl|79/100 tox|[from] psn
|upkeep
|turn|7
|
|t:|1780971606
|switch|p2a: Fezandipiti|Fezandipiti, M|50/100
|move|p1a: Grimmsnarl|Parting Shot|p2a: Fezandipiti
|-unboost|p2a: Fezandipiti|atk|1
|-unboost|p2a: Fezandipiti|spa|1
|
|t:|1780971615
|switch|p1a: Ogerpon|Ogerpon-Wellspring, F|100/100|[from] Parting Shot
|
|upkeep
|turn|8
|
|t:|1780971628
|switch|p2a: Rillaboom|Rillaboom, M|100/100
|-fieldstart|move: Grassy Terrain|[from] ability: Grassy Surge|[of] p2a: Rillaboom
|move|p1a: Ogerpon|Knock Off|p2a: Rillaboom
|-damage|p2a: Rillaboom|64/100
|-enditem|p2a: Rillaboom|Choice Band|[from] move: Knock Off|[of] p1a: Ogerpon
|
|-heal|p2a: Rillaboom|70/100|[from] Grassy Terrain
|upkeep
|turn|9
|
|t:|1780971649
|switch|p1a: Zapdos|Zapdos-Galar|100/100
|switch|p2a: Fezandipiti|Fezandipiti, M|50/100
|
|-heal|p2a: Fezandipiti|56/100|[from] Grassy Terrain
|-sideend|p1: noob1877|Reflect
|upkeep
|turn|10
|
|t:|1780971662
|switch|p2a: Alomomola|Alomomola, F|100/100
|move|p1a: Zapdos|Bulk Up|p1a: Zapdos
|-boost|p1a: Zapdos|atk|1
|-boost|p1a: Zapdos|def|1
|
|upkeep
|turn|11
|
|t:|1780971666
|move|p1a: Zapdos|Bulk Up|p1a: Zapdos
|-boost|p1a: Zapdos|atk|1
|-boost|p1a: Zapdos|def|1
|move|p2a: Alomomola|Tickle|p1a: Zapdos
|-unboost|p1a: Zapdos|atk|1
|-ability|p1a: Zapdos|Defiant|boost
|-boost|p1a: Zapdos|atk|2
|-unboost|p1a: Zapdos|def|1
|-ability|p1a: Zapdos|Defiant|boost
|-boost|p1a: Zapdos|atk|2
|
|upkeep
|turn|12
|
|t:|1780971673
|move|p1a: Zapdos|Thunderous Kick|p2a: Alomomola
|-damage|p2a: Alomomola|20/100
|-unboost|p2a: Alomomola|def|1
|-damage|p1a: Zapdos|84/100|[from] item: Rocky Helmet|[of] p2a: Alomomola
|move|p2a: Alomomola|Flip Turn|p1a: Zapdos
|-damage|p1a: Zapdos|71/100
|
|t:|1780971679
|switch|p2a: Pawmot|Pawmot, M|100/100|[from] Flip Turn
|
|-fieldend|move: Grassy Terrain
|upkeep
|turn|13
|
|t:|1780971699
|-terastallize|p1a: Zapdos|Electric
|move|p2a: Pawmot|Encore|p1a: Zapdos
|-start|p1a: Zapdos|Encore
|move|p1a: Zapdos|Thunderous Kick|p2a: Pawmot
|-damage|p2a: Pawmot|0 fnt
|faint|p2a: Pawmot
|
|upkeep
|c|☆bingbong441|lol. it's not electric type
|
|t:|1780971728
|switch|p2a: Cinderace|Cinderace, F|100/100
|turn|14
|
|t:|1780971731
|move|p2a: Cinderace|Pyro Ball|p1a: Zapdos|[miss]
|-miss|p2a: Cinderace|p1a: Zapdos
|move|p1a: Zapdos|Thunderous Kick|p2a: Cinderace
|-damage|p2a: Cinderace|0 fnt
|faint|p2a: Cinderace
|
|upkeep
|
|t:|1780971734
|switch|p2a: Rillaboom|Rillaboom, M|70/100
|-fieldstart|move: Grassy Terrain|[from] ability: Grassy Surge|[of] p2a: Rillaboom
|turn|15
|
|t:|1780971736
|-terastallize|p2a: Rillaboom|Grass
|move|p2a: Rillaboom|Grassy Glide|p1a: Zapdos
|-damage|p1a: Zapdos|28/100
|move|p1a: Zapdos|Thunderous Kick|p2a: Rillaboom
|-damage|p2a: Rillaboom|0 fnt
|faint|p2a: Rillaboom
|
|-heal|p1a: Zapdos|35/100|[from] Grassy Terrain
|-end|p1a: Zapdos|Encore
|upkeep
|c|☆bingbong441|gg
|c|☆noob1877|gg
|-message|bingbong441 forfeited.
|
|win|noob1877
|raw|noob1877's rating: 1782 &rarr; <strong>1804</strong><br />(+22 for winning)
|raw|bingbong441's rating: 1812 &rarr; <strong>1790</strong><br />(-22 for losing)
|l|☆bingbong441
|player|p2|
|l| biscoitotroll
|l|☆noob1877
|player|p1|
