|j|☆justicicle
|j|☆winslowyoudog
|t:|1781490769
|gametype|singles
|player|p1|justicicle|wattson|1547
|player|p2|winslowyoudog|265|1591
|gen|9
|tier|[Gen 9] OU
|rated|
|rule|HP Percentage Mod: HP is shown in percentages
|rule|Endless Battle Clause: Forcing endless battles is banned
|rule|Species Clause: Limit one of each Pokémon
|rule|OHKO Clause: OHKO moves are banned
|rule|Evasion Items Clause: Evasion items are banned
|rule|Evasion Moves Clause: Evasion moves are banned
|rule|Evasion Abilities Clause: Evasion abilities are banned
|rule|Sleep Moves Clause: Sleep-inducing moves are banned
|clearpoke
|poke|p1|Ogerpon, F|
|poke|p1|Gastrodon-East, M|
|poke|p1|Primarina, M|
|poke|p1|Iron Treads|
|poke|p1|Gholdengo|
|poke|p1|Latios, M|
|poke|p2|Quaquaval, M|
|poke|p2|Pecharunt|
|poke|p2|Raging Bolt|
|poke|p2|Iron Treads|
|poke|p2|Dragonite, F|
|poke|p2|Alomomola, M|
|teampreview
|inactive|Battle timer is ON: inactive players will automatically lose when time's up. (requested by justicicle)
|
|t:|1781490782
|teamsize|p1|6
|teamsize|p2|6
|start
|switch|p1a: Gastrodon-Teal|Gastrodon-East, M, shiny|100/100
|switch|p2a: Pecharunt|Pecharunt|100/100
|turn|1
|
|t:|1781490785
|move|p2a: Pecharunt|Malignant Chain|p1a: Gastrodon-Teal
|-resisted|p1a: Gastrodon-Teal
|-damage|p1a: Gastrodon-Teal|84/100
|-status|p1a: Gastrodon-Teal|tox
|-start|p1a: Gastrodon-Teal|confusion|[from] ability: Poison Puppeteer|[of] p2a: Pecharunt
|-activate|p1a: Gastrodon-Teal|confusion
|move|p1a: Gastrodon-Teal|Stealth Rock|p2a: Pecharunt
|-sidestart|p2: winslowyoudog|move: Stealth Rock
|
|-heal|p1a: Gastrodon-Teal|90/100 tox|[from] item: Leftovers
|-damage|p1a: Gastrodon-Teal|84/100 tox|[from] psn
|upkeep
|turn|2
|
|t:|1781490790
|switch|p1a: Ogerpon-Teal|Ogerpon, F|100/100
|move|p2a: Pecharunt|Parting Shot|p1a: Ogerpon-Teal
|-unboost|p1a: Ogerpon-Teal|atk|1
|-ability|p1a: Ogerpon-Teal|Defiant|boost
|-boost|p1a: Ogerpon-Teal|atk|2
|-unboost|p1a: Ogerpon-Teal|spa|1
|-ability|p1a: Ogerpon-Teal|Defiant|boost
|-boost|p1a: Ogerpon-Teal|atk|2
|
|t:|1781490794
|switch|p2a: Dragonite|Dragonite, F|100/100|[from] Parting Shot
|
|upkeep
|turn|3
|
|t:|1781490800
|move|p2a: Dragonite|Extreme Speed|p1a: Ogerpon-Teal
|-damage|p1a: Ogerpon-Teal|61/100
|move|p1a: Ogerpon-Teal|Knock Off|p2a: Dragonite
|-damage|p2a: Dragonite|57/100
|-enditem|p2a: Dragonite|Heavy-Duty Boots|[from] move: Knock Off|[of] p1a: Ogerpon-Teal
|
|upkeep
|turn|4
|
|t:|1781490807
|-terastallize|p2a: Dragonite|Normal
|move|p2a: Dragonite|Extreme Speed|p1a: Ogerpon-Teal
|-damage|p1a: Ogerpon-Teal|0 fnt
|faint|p1a: Ogerpon-Teal
|
|upkeep
|
|t:|1781490812
|switch|p1a: Latios-Teal|Latios, M, shiny|100/100
|turn|5
|
|t:|1781490819
|switch|p2a: Iron Treads|Iron Treads|100/100
|-damage|p2a: Iron Treads|97/100|[from] Stealth Rock
|-terastallize|p1a: Latios-Teal|Steel
|move|p1a: Latios-Teal|Calm Mind|p1a: Latios-Teal
|-boost|p1a: Latios-Teal|spa|1
|-boost|p1a: Latios-Teal|spd|1
|
|-heal|p2a: Iron Treads|100/100|[from] item: Leftovers
|upkeep
|turn|6
|
|t:|1781490825
|move|p1a: Latios-Teal|Calm Mind|p1a: Latios-Teal
|-boost|p1a: Latios-Teal|spa|1
|-boost|p1a: Latios-Teal|spd|1
|move|p2a: Iron Treads|Knock Off|p1a: Latios-Teal
|-damage|p1a: Latios-Teal|60/100
|-enditem|p1a: Latios-Teal|Soul Dew|[from] move: Knock Off|[of] p2a: Iron Treads
|
|upkeep
|turn|7
|
|t:|1781490832
|-end|p2a: Iron Treads|Quark Drive|[silent]
|switch|p2a: Raging Bolt|Raging Bolt|100/100
|-damage|p2a: Raging Bolt|88/100|[from] Stealth Rock
|move|p1a: Latios-Teal|Recover|p1a: Latios-Teal
|-heal|p1a: Latios-Teal|100/100
|
|upkeep
|turn|8
|
|t:|1781490839
|move|p1a: Latios-Teal|Calm Mind|p1a: Latios-Teal
|-boost|p1a: Latios-Teal|spa|1
|-boost|p1a: Latios-Teal|spd|1
|move|p2a: Raging Bolt|Thunderbolt|p1a: Latios-Teal
|-damage|p1a: Latios-Teal|68/100
|
|upkeep
|turn|9
|
|t:|1781490842
|move|p1a: Latios-Teal|Calm Mind|p1a: Latios-Teal
|-boost|p1a: Latios-Teal|spa|1
|-boost|p1a: Latios-Teal|spd|1
|move|p2a: Raging Bolt|Thunderbolt|p1a: Latios-Teal
|-damage|p1a: Latios-Teal|41/100
|
|upkeep
|turn|10
|
|t:|1781490844
|move|p1a: Latios-Teal|Recover|p1a: Latios-Teal
|-heal|p1a: Latios-Teal|91/100
|move|p2a: Raging Bolt|Thunderbolt|p1a: Latios-Teal
|-damage|p1a: Latios-Teal|62/100
|
|upkeep
|turn|11
|
|t:|1781490847
|move|p1a: Latios-Teal|Psychic Noise|p2a: Raging Bolt
|-damage|p2a: Raging Bolt|0 fnt
|faint|p2a: Raging Bolt
|-end|p2a: Raging Bolt|Protosynthesis|[silent]
|
|upkeep
|
|t:|1781490858
|switch|p2a: Alomomola|Alomomola, M|100/100
|-damage|p2a: Alomomola|88/100|[from] Stealth Rock
|turn|12
|
|t:|1781490861
|move|p1a: Latios-Teal|Recover|p1a: Latios-Teal
|-heal|p1a: Latios-Teal|100/100
|move|p2a: Alomomola|Mirror Coat||[still]
|-fail|p2a: Alomomola
|
|upkeep
|turn|13
|
|t:|1781490864
|move|p1a: Latios-Teal|Calm Mind|p1a: Latios-Teal
|-boost|p1a: Latios-Teal|spa|1
|-boost|p1a: Latios-Teal|spd|1
|move|p2a: Alomomola|Scald|p1a: Latios-Teal
|-damage|p1a: Latios-Teal|96/100
|
|upkeep
|turn|14
|
|t:|1781490865
|move|p1a: Latios-Teal|Calm Mind|p1a: Latios-Teal
|-boost|p1a: Latios-Teal|spa|1
|-boost|p1a: Latios-Teal|spd|1
|move|p2a: Alomomola|Scald|p1a: Latios-Teal
|-damage|p1a: Latios-Teal|92/100
|-status|p1a: Latios-Teal|brn
|
|-damage|p1a: Latios-Teal|86/100 brn|[from] brn
|upkeep
|turn|15
|
|t:|1781490869
|move|p1a: Latios-Teal|Draco Meteor|p2a: Alomomola
|-damage|p2a: Alomomola|0 fnt
|-unboost|p1a: Latios-Teal|spa|2
|faint|p2a: Alomomola
|
|-damage|p1a: Latios-Teal|80/100 brn|[from] brn
|upkeep
|
|t:|1781490874
|switch|p2a: Dragonite|Dragonite, F, tera:Normal|57/100
|-damage|p2a: Dragonite|45/100|[from] Stealth Rock
|turn|16
|
|t:|1781490876
|move|p2a: Dragonite|Extreme Speed|p1a: Latios-Teal
|-resisted|p1a: Latios-Teal
|-damage|p1a: Latios-Teal|46/100 brn
|move|p1a: Latios-Teal|Psychic Noise|p2a: Dragonite
|-damage|p2a: Dragonite|0 fnt
|faint|p2a: Dragonite
|
|-damage|p1a: Latios-Teal|40/100 brn|[from] brn
|upkeep
|-message|winslowyoudog forfeited.
|
|win|justicicle
|raw|justicicle's rating: 1547 &rarr; <strong>1570</strong><br />(+23 for winning)
|raw|winslowyoudog's rating: 1591 &rarr; <strong>1568</strong><br />(-23 for losing)
|l|☆winslowyoudog
|player|p2|
|l|☆justicicle
|player|p1|
