|j|☆2001civic
|j|☆Capidaxter
|t:|1780932430
|gametype|singles
|player|p1|2001civic|1|1692
|player|p2|Capidaxter|acetrainer-gen4dp|1691
|gen|9
|tier|[Gen 9] OU
|rated|
|rule|HP Percentage Mod: HP is shown in percentages
|rule|Endless Battle Clause: Forcing endless battles is banned
|rule|Species Clause: Limit one of each Pokémon
|rule|OHKO Clause: OHKO moves are banned
|rule|Evasion Items Clause: Evasion items are banned
|rule|Evasion Moves Clause: Evasion moves are banned
|rule|Evasion Abilities Clause: Evasion abilities are banned
|rule|Sleep Moves Clause: Sleep-inducing moves are banned
|clearpoke
|poke|p1|Torkoal, F|
|poke|p1|Great Tusk|
|poke|p1|Walking Wake|
|poke|p1|Kingambit, M|
|poke|p1|Slither Wing|
|poke|p1|Venusaur, M|
|poke|p2|Ting-Lu|
|poke|p2|Glimmora, M|
|poke|p2|Gholdengo|
|poke|p2|Iron Valiant|
|poke|p2|Ogerpon-Wellspring, F|
|poke|p2|Dragonite, F|
|teampreview
|j| michealjackkson
|inactive|Battle timer is ON: inactive players will automatically lose when time's up. (requested by Capidaxter)
|inactive|Capidaxter has 120 seconds left.
|j| MushTown
|
|t:|1780932565
|teamsize|p1|6
|teamsize|p2|6
|start
|switch|p1a: Torkoal|Torkoal, F|100/100
|switch|p2a: Ting-Lu|Ting-Lu|100/100
|-ability|p2a: Ting-Lu|Vessel of Ruin
|-weather|SunnyDay|[from] ability: Drought|[of] p1a: Torkoal
|turn|1
|
|t:|1780932589
|switch|p1a: Slither Wing|Slither Wing|100/100
|-activate|p1a: Slither Wing|ability: Protosynthesis
|-start|p1a: Slither Wing|protosynthesisatk
|move|p2a: Ting-Lu|Ruination|p1a: Slither Wing
|-damage|p1a: Slither Wing|51/100
|
|-weather|SunnyDay|[upkeep]
|upkeep
|turn|2
|
|t:|1780932599
|switch|p2a: Glimmora|Glimmora, M|100/100
|move|p1a: Slither Wing|U-turn|p2a: Glimmora
|-resisted|p2a: Glimmora
|-damage|p2a: Glimmora|73/100
|-activate|p2a: Glimmora|ability: Toxic Debris
|-sidestart|p1: 2001civic|move: Toxic Spikes
|-enditem|p2a: Glimmora|Red Card|[of] p1a: Slither Wing
|-end|p1a: Slither Wing|Protosynthesis|[silent]
|drag|p1a: Venusaur|Venusaur, M|100/100
|-sideend|p1: 2001civic|move: Toxic Spikes|[of] p1a: Venusaur
|
|-weather|SunnyDay|[upkeep]
|upkeep
|turn|3
|inactive|Capidaxter has 120 seconds left.
|
|t:|1780932639
|switch|p2a: Dragonite|Dragonite, F|100/100
|move|p1a: Venusaur|Growth|p1a: Venusaur
|-boost|p1a: Venusaur|atk|2
|-boost|p1a: Venusaur|spa|2
|
|-weather|SunnyDay|[upkeep]
|upkeep
|turn|4
|
|t:|1780932654
|move|p1a: Venusaur|Sludge Bomb|p2a: Dragonite
|-damage|p2a: Dragonite|39/100
|-damage|p1a: Venusaur|91/100|[from] item: Life Orb
|move|p2a: Dragonite|Fire Punch|p1a: Venusaur
|-supereffective|p1a: Venusaur
|-crit|p1a: Venusaur
|-damage|p1a: Venusaur|0 fnt
|faint|p1a: Venusaur
|
|-weather|SunnyDay|[upkeep]
|upkeep
|l| michealjackkson
|j| michealjackkson
|
|t:|1780932672
|switch|p1a: Slither Wing|Slither Wing|51/100
|-activate|p1a: Slither Wing|ability: Protosynthesis
|-start|p1a: Slither Wing|protosynthesisatk
|turn|5
|
|t:|1780932700
|switch|p2a: Gholdengo|Gholdengo|100/100
|-item|p2a: Gholdengo|Air Balloon
|move|p1a: Slither Wing|Close Combat|p2a: Gholdengo
|-immune|p2a: Gholdengo
|
|-weather|SunnyDay|[upkeep]
|upkeep
|turn|6
|
|t:|1780932721
|-end|p1a: Slither Wing|Protosynthesis|[silent]
|switch|p1a: Kingambit|Kingambit, M|100/100
|-activate|p1a: Kingambit|ability: Supreme Overlord
|-start|p1a: Kingambit|fallen1|[silent]
|switch|p2a: Glimmora|Glimmora, M|73/100
|
|-weather|SunnyDay|[upkeep]
|upkeep
|turn|7
|
|t:|1780932732
|move|p2a: Glimmora|Earth Power|p1a: Kingambit
|-supereffective|p1a: Kingambit
|-damage|p1a: Kingambit|52/100
|move|p1a: Kingambit|Iron Head|p2a: Glimmora
|-supereffective|p2a: Glimmora
|-damage|p2a: Glimmora|0 fnt
|-activate|p2a: Glimmora|ability: Toxic Debris
|-sidestart|p1: 2001civic|move: Toxic Spikes
|faint|p2a: Glimmora
|
|-weather|SunnyDay|[upkeep]
|-heal|p1a: Kingambit|58/100|[from] item: Leftovers
|upkeep
|
|t:|1780932739
|switch|p2a: Ting-Lu|Ting-Lu|100/100
|-ability|p2a: Ting-Lu|Vessel of Ruin
|turn|8
|
|t:|1780932750
|move|p1a: Kingambit|Iron Head|p2a: Ting-Lu
|-damage|p2a: Ting-Lu|79/100
|move|p2a: Ting-Lu|Earthquake|p1a: Kingambit
|-supereffective|p1a: Kingambit
|-damage|p1a: Kingambit|7/100
|
|-weather|none
|-heal|p1a: Kingambit|13/100|[from] item: Leftovers
|upkeep
|turn|9
|
|t:|1780932756
|move|p1a: Kingambit|Iron Head|p2a: Ting-Lu
|-damage|p2a: Ting-Lu|57/100
|move|p2a: Ting-Lu|Spikes|p1a: Kingambit
|-sidestart|p1: 2001civic|Spikes
|
|-heal|p1a: Kingambit|19/100|[from] item: Leftovers
|upkeep
|turn|10
|
|t:|1780932769
|move|p1a: Kingambit|Iron Head|p2a: Ting-Lu
|-damage|p2a: Ting-Lu|34/100
|move|p2a: Ting-Lu|Spikes|p1a: Kingambit
|-sidestart|p1: 2001civic|Spikes
|
|-heal|p1a: Kingambit|26/100|[from] item: Leftovers
|upkeep
|turn|11
|j| Ryaanng
|
|t:|1780932773
|move|p1a: Kingambit|Iron Head|p2a: Ting-Lu
|-damage|p2a: Ting-Lu|11/100
|move|p2a: Ting-Lu|Earthquake|p1a: Kingambit
|-supereffective|p1a: Kingambit
|-damage|p1a: Kingambit|0 fnt
|faint|p1a: Kingambit
|-end|p1a: Kingambit|fallen1|[silent]
|
|upkeep
|
|t:|1780932778
|switch|p1a: Great Tusk|Great Tusk|100/100
|-status|p1a: Great Tusk|psn
|-damage|p1a: Great Tusk|84/100 psn|[from] Spikes
|turn|12
|
|t:|1780932782
|switch|p2a: Gholdengo|Gholdengo|100/100
|-item|p2a: Gholdengo|Air Balloon
|move|p1a: Great Tusk|Ice Spinner|p2a: Gholdengo
|-resisted|p2a: Gholdengo
|-damage|p2a: Gholdengo|90/100
|-enditem|p2a: Gholdengo|Air Balloon
|
|-heal|p1a: Great Tusk|90/100 psn|[from] item: Leftovers
|-damage|p1a: Great Tusk|78/100 psn|[from] psn
|upkeep
|turn|13
|l| Ryaanng
|
|t:|1780932798
|switch|p2a: Ting-Lu|Ting-Lu|11/100
|-ability|p2a: Ting-Lu|Vessel of Ruin
|move|p1a: Great Tusk|Earthquake|p2a: Ting-Lu
|-damage|p2a: Ting-Lu|0 fnt
|faint|p2a: Ting-Lu
|
|-heal|p1a: Great Tusk|84/100 psn|[from] item: Leftovers
|-damage|p1a: Great Tusk|71/100 psn|[from] psn
|upkeep
|
|t:|1780932802
|switch|p2a: Ogerpon|Ogerpon-Wellspring, F|100/100
|turn|14
|
|t:|1780932823
|-terastallize|p1a: Great Tusk|Poison
|move|p2a: Ogerpon|Ivy Cudgel|p1a: Great Tusk|[anim] Ivy Cudgel Water
|-damage|p1a: Great Tusk|36/100 psn
|move|p1a: Great Tusk|Rapid Spin|p2a: Ogerpon
|-damage|p2a: Ogerpon|81/100
|-boost|p1a: Great Tusk|spe|1
|-sideend|p1: 2001civic|Spikes|[from] move: Rapid Spin|[of] p1a: Great Tusk
|-sideend|p1: 2001civic|Toxic Spikes|[from] move: Rapid Spin|[of] p1a: Great Tusk
|
|-heal|p1a: Great Tusk|42/100 psn|[from] item: Leftovers
|-damage|p1a: Great Tusk|30/100 psn|[from] psn
|upkeep
|turn|15
|
|t:|1780932834
|-end|p1a: Great Tusk|Protosynthesis|[silent]
|switch|p1a: Torkoal|Torkoal, F|100/100
|-weather|SunnyDay|[from] ability: Drought|[of] p1a: Torkoal
|move|p2a: Ogerpon|Ivy Cudgel|p1a: Torkoal|[anim] Ivy Cudgel Water
|-supereffective|p1a: Torkoal
|-damage|p1a: Torkoal|67/100
|
|-weather|SunnyDay|[upkeep]
|upkeep
|turn|16
|
|t:|1780932843
|switch|p1a: Walking Wake|Walking Wake|100/100
|-activate|p1a: Walking Wake|ability: Protosynthesis
|-start|p1a: Walking Wake|protosynthesisspe
|move|p2a: Ogerpon|Ivy Cudgel|p1a: Walking Wake|[anim] Ivy Cudgel Water
|-resisted|p1a: Walking Wake
|-damage|p1a: Walking Wake|93/100
|
|-weather|SunnyDay|[upkeep]
|upkeep
|turn|17
|
|t:|1780932851
|move|p1a: Walking Wake|Weather Ball|p2a: Ogerpon
|-damage|p2a: Ogerpon|0 fnt
|faint|p2a: Ogerpon
|
|-weather|SunnyDay|[upkeep]
|upkeep
|
|t:|1780932871
|switch|p2a: Iron Valiant|Iron Valiant|100/100
|-enditem|p2a: Iron Valiant|Booster Energy
|-activate|p2a: Iron Valiant|ability: Quark Drive|[fromitem]
|-start|p2a: Iron Valiant|quarkdrivespe
|turn|18
|
|t:|1780932876
|-end|p1a: Walking Wake|Protosynthesis|[silent]
|switch|p1a: Great Tusk|Great Tusk, tera:Poison|30/100 psn
|-activate|p1a: Great Tusk|ability: Protosynthesis
|-start|p1a: Great Tusk|protosynthesisspe
|move|p2a: Iron Valiant|Moonblast|p1a: Great Tusk
|-resisted|p1a: Great Tusk
|-damage|p1a: Great Tusk|2/100 psn
|-unboost|p1a: Great Tusk|spa|1
|
|-weather|SunnyDay|[upkeep]
|-heal|p1a: Great Tusk|8/100 psn|[from] item: Leftovers
|-damage|p1a: Great Tusk|0 fnt|[from] psn
|faint|p1a: Great Tusk
|-end|p1a: Great Tusk|Protosynthesis|[silent]
|upkeep
|
|t:|1780932879
|switch|p1a: Torkoal|Torkoal, F|67/100
|turn|19
|
|t:|1780932900
|move|p2a: Iron Valiant|Thunderbolt|p1a: Torkoal
|-damage|p1a: Torkoal|26/100
|move|p1a: Torkoal|Lava Plume|p2a: Iron Valiant
|-damage|p2a: Iron Valiant|31/100
|
|-weather|SunnyDay|[upkeep]
|upkeep
|turn|20
|
|t:|1780932915
|switch|p1a: Slither Wing|Slither Wing|51/100
|-activate|p1a: Slither Wing|ability: Protosynthesis
|-start|p1a: Slither Wing|protosynthesisatk
|move|p2a: Iron Valiant|Thunderbolt|p1a: Slither Wing
|-damage|p1a: Slither Wing|21/100
|
|-weather|SunnyDay|[upkeep]
|upkeep
|turn|21
|
|t:|1780932921
|-end|p2a: Iron Valiant|Quark Drive|[silent]
|switch|p2a: Gholdengo|Gholdengo|90/100
|move|p1a: Slither Wing|First Impression|p2a: Gholdengo
|-resisted|p2a: Gholdengo
|-damage|p2a: Gholdengo|67/100
|
|-weather|SunnyDay|[upkeep]
|upkeep
|turn|22
|
|t:|1780932925
|-end|p1a: Slither Wing|Protosynthesis|[silent]
|switch|p1a: Walking Wake|Walking Wake|93/100
|-activate|p1a: Walking Wake|ability: Protosynthesis
|-start|p1a: Walking Wake|protosynthesisspe
|move|p2a: Gholdengo|Shadow Ball|p1a: Walking Wake
|-damage|p1a: Walking Wake|43/100
|-unboost|p1a: Walking Wake|spd|1
|
|-weather|none
|-end|p1a: Walking Wake|Protosynthesis
|upkeep
|turn|23
|
|t:|1780932931
|-end|p1a: Walking Wake|Protosynthesis|[silent]
|switch|p1a: Torkoal|Torkoal, F|26/100
|-weather|SunnyDay|[from] ability: Drought|[of] p1a: Torkoal
|switch|p2a: Dragonite|Dragonite, F|39/100
|
|-weather|SunnyDay|[upkeep]
|upkeep
|turn|24
|
|t:|1780932937
|move|p2a: Dragonite|Dragon Claw|p1a: Torkoal
|-damage|p1a: Torkoal|0 fnt
|faint|p1a: Torkoal
|
|-weather|SunnyDay|[upkeep]
|upkeep
|
|t:|1780932939
|switch|p1a: Walking Wake|Walking Wake|43/100
|-activate|p1a: Walking Wake|ability: Protosynthesis
|-start|p1a: Walking Wake|protosynthesisspe
|turn|25
|
|t:|1780932951
|move|p2a: Dragonite|Extreme Speed|p1a: Walking Wake
|-damage|p1a: Walking Wake|7/100
|move|p1a: Walking Wake|Hydro Steam|p2a: Dragonite
|-resisted|p2a: Dragonite
|-damage|p2a: Dragonite|0 fnt
|faint|p2a: Dragonite
|
|-weather|SunnyDay|[upkeep]
|upkeep
|
|t:|1780932956
|switch|p2a: Gholdengo|Gholdengo|67/100
|turn|26
|
|t:|1780932960
|move|p1a: Walking Wake|Hydro Steam|p2a: Gholdengo
|-damage|p2a: Gholdengo|0 fnt
|faint|p2a: Gholdengo
|
|-weather|SunnyDay|[upkeep]
|upkeep
|-message|Capidaxter forfeited.
|
|win|2001civic
|raw|2001civic's rating: 1692 &rarr; <strong>1712</strong><br />(+20 for winning)
|raw|Capidaxter's rating: 1691 &rarr; <strong>1671</strong><br />(-20 for losing)
|l|☆Capidaxter
|player|p2|
|l| MushTown
|l|☆2001civic
|player|p1|
