|j|☆suminkwak249
|j|☆employment devil
|t:|1781032634
|gametype|singles
|player|p1|suminkwak249|shadowtriad|1594
|player|p2|employment devil|lusamine-nihilego|1678
|gen|9
|tier|[Gen 9] OU
|rated|
|rule|HP Percentage Mod: HP is shown in percentages
|rule|Endless Battle Clause: Forcing endless battles is banned
|rule|Species Clause: Limit one of each Pokémon
|rule|OHKO Clause: OHKO moves are banned
|rule|Evasion Items Clause: Evasion items are banned
|rule|Evasion Moves Clause: Evasion moves are banned
|rule|Evasion Abilities Clause: Evasion abilities are banned
|rule|Sleep Moves Clause: Sleep-inducing moves are banned
|clearpoke
|poke|p1|Torkoal, M|
|poke|p1|Walking Wake|
|poke|p1|Iron Treads|
|poke|p1|Raging Bolt|
|poke|p1|Ceruledge, M|
|poke|p1|Espeon, F|
|poke|p2|Torkoal, F|
|poke|p2|Raging Bolt|
|poke|p2|Walking Wake|
|poke|p2|Great Tusk|
|poke|p2|Hatterene, F|
|poke|p2|Slither Wing|
|teampreview
|c|☆employment devil|hf
|
|t:|1781032647
|teamsize|p1|6
|teamsize|p2|6
|start
|switch|p1a: Walking Wake|Walking Wake|100/100
|switch|p2a: Waking Bad|Walking Wake|100/100
|turn|1
|
|t:|1781032651
|-end|p2a: Waking Bad|Protosynthesis|[silent]
|switch|p2a: Gyatt in the hat|Hatterene, F, shiny|100/100
|-terastallize|p1a: Walking Wake|Fairy
|move|p1a: Walking Wake|Draco Meteor|p2a: Gyatt in the hat
|-immune|p2a: Gyatt in the hat
|
|upkeep
|turn|2
|
|t:|1781032659
|-end|p1a: Walking Wake|Protosynthesis|[silent]
|switch|p1a: Torkoal|Torkoal, M|100/100
|-weather|SunnyDay|[from] ability: Drought|[of] p1a: Torkoal
|move|p2a: Gyatt in the hat|Psychic Noise|p1a: Torkoal
|-damage|p1a: Torkoal|60/100
|-start|p1a: Torkoal|move: Heal Block
|
|-weather|SunnyDay|[upkeep]
|upkeep
|turn|3
|
|t:|1781032670
|switch|p1a: Iron Treads|Iron Treads|100/100
|-item|p1a: Iron Treads|Air Balloon
|move|p2a: Gyatt in the hat|Psychic Noise|p1a: Iron Treads
|-resisted|p1a: Iron Treads
|-damage|p1a: Iron Treads|80/100
|-start|p1a: Iron Treads|move: Heal Block
|-enditem|p1a: Iron Treads|Air Balloon
|
|-weather|SunnyDay|[upkeep]
|upkeep
|turn|4
|
|t:|1781032681
|move|p1a: Iron Treads|Earthquake|p2a: Gyatt in the hat
|-damage|p2a: Gyatt in the hat|67/100
|-enditem|p2a: Gyatt in the hat|Eject Button
|
|t:|1781032686
|switch|p2a: Waking Bad|Walking Wake|100/100
|-activate|p2a: Waking Bad|ability: Protosynthesis
|-start|p2a: Waking Bad|protosynthesisspe
|
|-weather|SunnyDay|[upkeep]
|-end|p1a: Iron Treads|move: Heal Block
|upkeep
|turn|5
|
|t:|1781032694
|-end|p1a: Iron Treads|Quark Drive|[silent]
|switch|p1a: Espeon|Espeon, F|100/100
|move|p2a: Waking Bad|Hydro Steam|p1a: Espeon
|-damage|p1a: Espeon|0 fnt
|faint|p1a: Espeon
|
|-weather|SunnyDay|[upkeep]
|upkeep
|
|t:|1781032700
|switch|p1a: Walking Wake|Walking Wake, tera:Fairy|100/100
|-activate|p1a: Walking Wake|ability: Protosynthesis
|-start|p1a: Walking Wake|protosynthesisspe
|turn|6
|
|t:|1781032704
|-terastallize|p2a: Waking Bad|Fairy
|move|p1a: Walking Wake|Hydro Steam|p2a: Waking Bad
|-crit|p2a: Waking Bad
|-damage|p2a: Waking Bad|0 fnt
|faint|p2a: Waking Bad
|-end|p2a: Waking Bad|Protosynthesis|[silent]
|
|-weather|SunnyDay|[upkeep]
|upkeep
|c|☆employment devil|dang wp
|
|t:|1781032717
|switch|p2a: RagingStormZoner|Raging Bolt|100/100
|-activate|p2a: RagingStormZoner|ability: Protosynthesis
|-start|p2a: RagingStormZoner|protosynthesisspa
|turn|7
|
|t:|1781032722
|-end|p1a: Walking Wake|Protosynthesis|[silent]
|switch|p1a: Iron Treads|Iron Treads|80/100
|move|p2a: RagingStormZoner|Weather Ball|p1a: Iron Treads
|-supereffective|p1a: Iron Treads
|-damage|p1a: Iron Treads|0 fnt
|faint|p1a: Iron Treads
|-end|p1a: Iron Treads|Quark Drive|[silent]
|
|-weather|SunnyDay|[upkeep]
|upkeep
|
|t:|1781032729
|switch|p1a: Raging Bolt|Raging Bolt|100/100
|-activate|p1a: Raging Bolt|ability: Protosynthesis
|-start|p1a: Raging Bolt|protosynthesisspa
|turn|8
|
|t:|1781032739
|-end|p2a: RagingStormZoner|Protosynthesis|[silent]
|switch|p2a: name censored|Great Tusk, shiny|100/100
|-activate|p2a: name censored|ability: Protosynthesis
|-start|p2a: name censored|protosynthesisatk
|move|p1a: Raging Bolt|Dragon Pulse|p2a: name censored
|-damage|p2a: name censored|36/100
|-damage|p1a: Raging Bolt|91/100|[from] item: Life Orb
|
|-weather|SunnyDay|[upkeep]
|upkeep
|turn|9
|
|t:|1781032743
|-end|p1a: Raging Bolt|Protosynthesis|[silent]
|switch|p1a: Torkoal|Torkoal, M|60/100
|move|p2a: name censored|Headlong Rush|p1a: Torkoal
|-supereffective|p1a: Torkoal
|-damage|p1a: Torkoal|0 fnt
|-unboost|p2a: name censored|def|1
|-unboost|p2a: name censored|spd|1
|faint|p1a: Torkoal
|
|-weather|none
|-end|p2a: name censored|Protosynthesis
|upkeep
|
|t:|1781032746
|switch|p1a: Walking Wake|Walking Wake, tera:Fairy|100/100
|turn|10
|
|t:|1781032757
|-end|p2a: name censored|Protosynthesis|[silent]
|switch|p2a: Dangerous flaps|Slither Wing, shiny|100/100
|move|p1a: Walking Wake|Flip Turn|p2a: Dangerous flaps
|-damage|p2a: Dangerous flaps|87/100
|-damage|p1a: Walking Wake|84/100|[from] item: Rocky Helmet|[of] p2a: Dangerous flaps
|
|t:|1781032760
|-end|p1a: Walking Wake|Protosynthesis|[silent]
|switch|p1a: Ceruledge|Ceruledge, M|100/100|[from] Flip Turn
|
|upkeep
|turn|11
|
|t:|1781032771
|-end|p2a: Dangerous flaps|Protosynthesis|[silent]
|switch|p2a: RagingStormZoner|Raging Bolt|100/100
|move|p1a: Ceruledge|Swords Dance|p1a: Ceruledge
|-boost|p1a: Ceruledge|atk|2
|
|upkeep
|turn|12
|
|t:|1781032789
|-end|p2a: RagingStormZoner|Protosynthesis|[silent]
|switch|p2a: Dangerous flaps|Slither Wing, shiny|87/100
|move|p1a: Ceruledge|Close Combat|p2a: Dangerous flaps
|-resisted|p2a: Dangerous flaps
|-damage|p2a: Dangerous flaps|51/100
|-unboost|p1a: Ceruledge|def|1
|-unboost|p1a: Ceruledge|spd|1
|-damage|p1a: Ceruledge|84/100|[from] item: Rocky Helmet|[of] p2a: Dangerous flaps
|
|upkeep
|turn|13
|
|t:|1781032802
|move|p1a: Ceruledge|Bitter Blade|p2a: Dangerous flaps
|-supereffective|p2a: Dangerous flaps
|-damage|p2a: Dangerous flaps|0 fnt
|-heal|p1a: Ceruledge|100/100|[from] drain|[of] p2a: Dangerous flaps
|-damage|p1a: Ceruledge|84/100|[from] item: Rocky Helmet|[of] p2a: Dangerous flaps
|faint|p2a: Dangerous flaps
|-end|p2a: Dangerous flaps|Protosynthesis|[silent]
|
|upkeep
|
|t:|1781032806
|switch|p2a: RagingStormZoner|Raging Bolt|100/100
|turn|14
|
|t:|1781032810
|move|p2a: RagingStormZoner|Thunderclap|p1a: Ceruledge
|-damage|p1a: Ceruledge|0 fnt
|faint|p1a: Ceruledge
|
|upkeep
|
|t:|1781032813
|switch|p1a: Walking Wake|Walking Wake, tera:Fairy|84/100
|turn|15
|
|t:|1781032822
|-end|p2a: RagingStormZoner|Protosynthesis|[silent]
|switch|p2a: 10 packs deep|Torkoal, F, shiny|100/100
|-weather|SunnyDay|[from] ability: Drought|[of] p2a: 10 packs deep
|-activate|p1a: Walking Wake|ability: Protosynthesis
|-start|p1a: Walking Wake|protosynthesisspe
|move|p1a: Walking Wake|Draco Meteor|p2a: 10 packs deep
|-damage|p2a: 10 packs deep|0 fnt
|-unboost|p1a: Walking Wake|spa|2
|faint|p2a: 10 packs deep
|
|-weather|SunnyDay|[upkeep]
|upkeep
|
|t:|1781032831
|switch|p2a: Gyatt in the hat|Hatterene, F, shiny|67/100
|turn|16
|
|t:|1781032848
|-end|p1a: Walking Wake|Protosynthesis|[silent]
|switch|p1a: Raging Bolt|Raging Bolt|91/100
|-activate|p1a: Raging Bolt|ability: Protosynthesis
|-start|p1a: Raging Bolt|protosynthesisspa
|move|p2a: Gyatt in the hat|Dazzling Gleam|p1a: Raging Bolt
|-supereffective|p1a: Raging Bolt
|-damage|p1a: Raging Bolt|25/100
|
|-weather|SunnyDay|[upkeep]
|upkeep
|turn|17
|
|t:|1781032858
|move|p1a: Raging Bolt|Weather Ball|p2a: Gyatt in the hat
|-damage|p2a: Gyatt in the hat|0 fnt
|faint|p2a: Gyatt in the hat
|-damage|p1a: Raging Bolt|15/100|[from] item: Life Orb
|
|-weather|SunnyDay|[upkeep]
|upkeep
|
|t:|1781032860
|switch|p2a: name censored|Great Tusk, shiny|36/100
|-activate|p2a: name censored|ability: Protosynthesis
|-start|p2a: name censored|protosynthesisatk
|turn|18
|
|t:|1781032879
|move|p1a: Raging Bolt|Dragon Pulse|p2a: name censored
|-crit|p2a: name censored
|-damage|p2a: name censored|0 fnt
|faint|p2a: name censored
|-end|p2a: name censored|Protosynthesis|[silent]
|-damage|p1a: Raging Bolt|5/100|[from] item: Life Orb
|
|-weather|SunnyDay|[upkeep]
|upkeep
|
|t:|1781032882
|switch|p2a: RagingStormZoner|Raging Bolt|100/100
|-activate|p2a: RagingStormZoner|ability: Protosynthesis
|-start|p2a: RagingStormZoner|protosynthesisspa
|turn|19
|
|t:|1781032896
|move|p1a: Raging Bolt|Dragon Pulse|p2a: RagingStormZoner
|-supereffective|p2a: RagingStormZoner
|-damage|p2a: RagingStormZoner|0 fnt
|faint|p2a: RagingStormZoner
|-end|p2a: RagingStormZoner|Protosynthesis|[silent]
|-damage|p1a: Raging Bolt|0 fnt|[from] item: Life Orb
|faint|p1a: Raging Bolt
|-end|p1a: Raging Bolt|Protosynthesis|[silent]
|
|win|suminkwak249
|raw|suminkwak249's rating: 1594 &rarr; <strong>1619</strong><br />(+25 for winning)
|raw|employment devil's rating: 1678 &rarr; <strong>1653</strong><br />(-25 for losing)
|c|☆employment devil|gg
|l|☆suminkwak249
|player|p1|
|l|☆employment devil
|player|p2|
