|j|☆zg4h11
|j|☆m5322
|t:|1781247799
|gametype|singles
|player|p1|zg4h11|1|1568
|player|p2|m5322|1|1498
|gen|9
|tier|[Gen 9] OU
|rated|
|rule|HP Percentage Mod: HP is shown in percentages
|rule|Endless Battle Clause: Forcing endless battles is banned
|rule|Species Clause: Limit one of each Pokémon
|rule|OHKO Clause: OHKO moves are banned
|rule|Evasion Items Clause: Evasion items are banned
|rule|Evasion Moves Clause: Evasion moves are banned
|rule|Evasion Abilities Clause: Evasion abilities are banned
|rule|Sleep Moves Clause: Sleep-inducing moves are banned
|clearpoke
|poke|p1|Tyranitar, M|
|poke|p1|Excadrill, M|
|poke|p1|Iron Valiant|
|poke|p1|Dragapult, M|
|poke|p1|Zapdos|
|poke|p1|Hatterene, F|
|poke|p2|Deoxys-Speed|
|poke|p2|Ceruledge, M|
|poke|p2|Zamazenta-*|
|poke|p2|Ogerpon-Wellspring, F|
|poke|p2|Glimmora, F|
|poke|p2|Moltres-Galar|
|teampreview
|inactive|Battle timer is ON: inactive players will automatically lose when time's up. (requested by m5322)
|
|t:|1781247821
|teamsize|p1|6
|teamsize|p2|6
|start
|switch|p1a: Tyranitar|Tyranitar, M, shiny|100/100
|switch|p2a: Glimmora|Glimmora, F|100/100
|-weather|Sandstorm|[from] ability: Sand Stream|[of] p1a: Tyranitar
|turn|1
|inactive|zg4h11 has 120 seconds left.
|
|t:|1781247861
|move|p2a: Glimmora|Stealth Rock|p1a: Tyranitar
|-sidestart|p1: zg4h11|move: Stealth Rock
|move|p1a: Tyranitar|Stealth Rock|p2a: Glimmora
|-sidestart|p2: m5322|move: Stealth Rock
|
|-weather|Sandstorm|[upkeep]
|upkeep
|turn|2
|
|t:|1781247866
|move|p2a: Glimmora|Mortal Spin|p1a: Tyranitar
|-resisted|p1a: Tyranitar
|-damage|p1a: Tyranitar|98/100
|-status|p1a: Tyranitar|psn
|-sideend|p2: m5322|Stealth Rock|[from] move: Mortal Spin|[of] p2a: Glimmora
|move|p1a: Tyranitar|Knock Off|p2a: Glimmora
|-damage|p2a: Glimmora|35/100
|-activate|p2a: Glimmora|ability: Toxic Debris
|-sidestart|p1: zg4h11|move: Toxic Spikes
|-enditem|p2a: Glimmora|Power Herb|[from] move: Knock Off|[of] p1a: Tyranitar
|
|-weather|Sandstorm|[upkeep]
|-damage|p1a: Tyranitar|86/100 psn|[from] psn
|upkeep
|turn|3
|inactive|zg4h11 has 120 seconds left.
|
|t:|1781247882
|move|p2a: Glimmora|Earth Power|p1a: Tyranitar
|-supereffective|p1a: Tyranitar
|-damage|p1a: Tyranitar|44/100 psn
|move|p1a: Tyranitar|Stealth Rock|p2a: Glimmora
|-sidestart|p2: m5322|move: Stealth Rock
|
|-weather|Sandstorm|[upkeep]
|-damage|p1a: Tyranitar|32/100 psn|[from] psn
|upkeep
|turn|4
|
|t:|1781247889
|switch|p1a: Excadrill|Excadrill, M, shiny|100/100
|-damage|p1a: Excadrill|97/100|[from] Stealth Rock
|move|p2a: Glimmora|Earth Power|p1a: Excadrill
|-supereffective|p1a: Excadrill
|-damage|p1a: Excadrill|18/100
|
|-weather|Sandstorm|[upkeep]
|-heal|p1a: Excadrill|24/100|[from] item: Leftovers
|upkeep
|turn|5
|inactive|zg4h11 has 120 seconds left.
|
|t:|1781247899
|switch|p2a: Moltres|Moltres-Galar|100/100
|-damage|p2a: Moltres|75/100|[from] Stealth Rock
|move|p1a: Excadrill|Earthquake|p2a: Moltres
|-immune|p2a: Moltres
|
|-weather|Sandstorm|[upkeep]
|-damage|p2a: Moltres|69/100|[from] Sandstorm
|-heal|p1a: Excadrill|30/100|[from] item: Leftovers
|upkeep
|turn|6
|inactive|zg4h11 has 120 seconds left.
|
|t:|1781247909
|move|p1a: Excadrill|Rapid Spin|p2a: Moltres
|-damage|p2a: Moltres|46/100
|-boost|p1a: Excadrill|spe|1
|-sideend|p1: zg4h11|Toxic Spikes|[from] move: Rapid Spin|[of] p1a: Excadrill
|-sideend|p1: zg4h11|Stealth Rock|[from] move: Rapid Spin|[of] p1a: Excadrill
|-ability|p2a: Moltres|Berserk|boost
|-boost|p2a: Moltres|spa|1
|-enditem|p2a: Moltres|Sitrus Berry|[eat]
|-heal|p2a: Moltres|71/100|[from] item: Sitrus Berry
|move|p2a: Moltres|Agility|p2a: Moltres
|-boost|p2a: Moltres|spe|2
|
|-weather|Sandstorm|[upkeep]
|-damage|p2a: Moltres|65/100|[from] Sandstorm
|-heal|p1a: Excadrill|36/100|[from] item: Leftovers
|upkeep
|turn|7
|inactive|zg4h11 has 120 seconds left.
|
|t:|1781247923
|move|p1a: Excadrill|Rock Slide|p2a: Moltres
|-supereffective|p2a: Moltres
|-damage|p2a: Moltres|0 fnt
|faint|p2a: Moltres
|
|-weather|Sandstorm|[upkeep]
|-heal|p1a: Excadrill|42/100|[from] item: Leftovers
|upkeep
|
|t:|1781247929
|switch|p2a: Ogerpon|Ogerpon-Wellspring, F|100/100
|-damage|p2a: Ogerpon|88/100|[from] Stealth Rock
|turn|8
|
|t:|1781247939
|switch|p1a: Hatterene|Hatterene, F|100/100
|move|p2a: Ogerpon|Ivy Cudgel|p1a: Hatterene|[anim] Ivy Cudgel Water
|-damage|p1a: Hatterene|46/100
|
|-weather|none
|upkeep
|turn|9
|
|t:|1781247947
|move|p2a: Ogerpon|Ivy Cudgel|p1a: Hatterene|[anim] Ivy Cudgel Water
|-damage|p1a: Hatterene|0 fnt
|faint|p1a: Hatterene
|
|upkeep
|
|t:|1781247953
|switch|p1a: Dragapult|Dragapult, M|100/100
|turn|10
|
|t:|1781247968
|move|p1a: Dragapult|Will-O-Wisp|p2a: Ogerpon
|-status|p2a: Ogerpon|brn
|move|p2a: Ogerpon|Play Rough|p1a: Dragapult
|-supereffective|p1a: Dragapult
|-damage|p1a: Dragapult|43/100
|
|-damage|p2a: Ogerpon|82/100 brn|[from] brn
|upkeep
|turn|11
|
|t:|1781247976
|move|p1a: Dragapult|U-turn|p2a: Ogerpon
|-supereffective|p2a: Ogerpon
|-damage|p2a: Ogerpon|29/100 brn
|
|t:|1781247984
|switch|p1a: Zapdos|Zapdos|100/100|[from] U-turn
|move|p2a: Ogerpon|Play Rough|p1a: Zapdos
|-damage|p1a: Zapdos|82/100
|
|-damage|p2a: Ogerpon|23/100 brn|[from] brn
|upkeep
|turn|12
|
|t:|1781247992
|move|p2a: Ogerpon|Ivy Cudgel|p1a: Zapdos|[anim] Ivy Cudgel Water
|-damage|p1a: Zapdos|49/100
|move|p1a: Zapdos|Volt Switch|p2a: Ogerpon
|-damage|p2a: Ogerpon|0 fnt
|faint|p2a: Ogerpon
|
|t:|1781247999
|switch|p1a: Tyranitar|Tyranitar, M, shiny|32/100 psn|[from] Volt Switch
|-weather|Sandstorm|[from] ability: Sand Stream|[of] p1a: Tyranitar
|
|-weather|Sandstorm|[upkeep]
|-damage|p1a: Tyranitar|20/100 psn|[from] psn
|upkeep
|
|t:|1781248007
|switch|p2a: Glimmora|Glimmora, F|35/100
|-damage|p2a: Glimmora|23/100|[from] Stealth Rock
|turn|13
|
|t:|1781248025
|move|p2a: Glimmora|Earth Power|p1a: Tyranitar
|-supereffective|p1a: Tyranitar
|-damage|p1a: Tyranitar|0 fnt
|faint|p1a: Tyranitar
|
|-weather|Sandstorm|[upkeep]
|upkeep
|
|t:|1781248030
|switch|p1a: Excadrill|Excadrill, M, shiny|42/100
|turn|14
|
|t:|1781248038
|move|p1a: Excadrill|Earthquake|p2a: Glimmora
|-supereffective|p2a: Glimmora
|-damage|p2a: Glimmora|0 fnt
|-activate|p2a: Glimmora|ability: Toxic Debris
|-sidestart|p1: zg4h11|move: Toxic Spikes
|faint|p2a: Glimmora
|
|-weather|Sandstorm|[upkeep]
|-heal|p1a: Excadrill|48/100|[from] item: Leftovers
|upkeep
|
|t:|1781248045
|switch|p2a: Zamazenta|Zamazenta|100/100
|-damage|p2a: Zamazenta|94/100|[from] Stealth Rock
|-ability|p2a: Zamazenta|Dauntless Shield|boost
|-boost|p2a: Zamazenta|def|1
|turn|15
|
|t:|1781248051
|switch|p1a: Zapdos|Zapdos|49/100
|move|p2a: Zamazenta|Substitute|p2a: Zamazenta
|-start|p2a: Zamazenta|Substitute
|-damage|p2a: Zamazenta|69/100
|
|-weather|Sandstorm|[upkeep]
|-damage|p2a: Zamazenta|63/100|[from] Sandstorm
|-damage|p1a: Zapdos|43/100|[from] Sandstorm
|-heal|p2a: Zamazenta|69/100|[from] item: Leftovers
|upkeep
|turn|16
|
|t:|1781248061
|move|p2a: Zamazenta|Iron Defense|p2a: Zamazenta
|-boost|p2a: Zamazenta|def|2
|move|p1a: Zapdos|Hurricane|p2a: Zamazenta|[miss]
|-miss|p1a: Zapdos|p2a: Zamazenta
|
|-weather|Sandstorm|[upkeep]
|-damage|p2a: Zamazenta|63/100|[from] Sandstorm
|-damage|p1a: Zapdos|36/100|[from] Sandstorm
|-heal|p2a: Zamazenta|69/100|[from] item: Leftovers
|upkeep
|turn|17
|
|t:|1781248071
|move|p2a: Zamazenta|Body Press|p1a: Zapdos
|-resisted|p1a: Zapdos
|-damage|p1a: Zapdos|0 fnt
|-status|p2a: Zamazenta|par|[from] ability: Static|[of] p1a: Zapdos
|faint|p1a: Zapdos
|
|-weather|Sandstorm|[upkeep]
|-damage|p2a: Zamazenta|63/100 par|[from] Sandstorm
|-heal|p2a: Zamazenta|69/100 par|[from] item: Leftovers
|upkeep
|
|t:|1781248080
|switch|p1a: Dragapult|Dragapult, M|43/100
|turn|18
|
|t:|1781248083
|move|p1a: Dragapult|Hex|p2a: Zamazenta
|-end|p2a: Zamazenta|Substitute
|move|p2a: Zamazenta|Heavy Slam|p1a: Dragapult
|-damage|p1a: Dragapult|4/100
|
|-weather|Sandstorm|[upkeep]
|-damage|p1a: Dragapult|0 fnt|[from] Sandstorm
|-damage|p2a: Zamazenta|63/100 par|[from] Sandstorm
|faint|p1a: Dragapult
|-heal|p2a: Zamazenta|69/100 par|[from] item: Leftovers
|upkeep
|
|t:|1781248093
|switch|p1a: Iron Valiant|Iron Valiant, shiny|100/100
|-status|p1a: Iron Valiant|psn
|turn|19
|
|t:|1781248098
|move|p1a: Iron Valiant|Moonblast|p2a: Zamazenta
|-supereffective|p2a: Zamazenta
|-damage|p2a: Zamazenta|0 fnt
|faint|p2a: Zamazenta
|
|-weather|none
|-damage|p1a: Iron Valiant|88/100 psn|[from] psn
|upkeep
|
|t:|1781248104
|switch|p2a: Deoxys|Deoxys-Speed|100/100
|-damage|p2a: Deoxys|88/100|[from] Stealth Rock
|-ability|p2a: Deoxys|Pressure
|turn|20
|
|t:|1781248111
|-end|p1a: Iron Valiant|Quark Drive|[silent]
|switch|p1a: Excadrill|Excadrill, M, shiny|48/100
|move|p2a: Deoxys|Light Screen|p2a: Deoxys
|-sidestart|p2: m5322|move: Light Screen
|
|-heal|p1a: Excadrill|54/100|[from] item: Leftovers
|upkeep
|turn|21
|
|t:|1781248129
|move|p2a: Deoxys|Reflect|p2a: Deoxys
|-sidestart|p2: m5322|Reflect
|move|p1a: Excadrill|Substitute|p1a: Excadrill
|-start|p1a: Excadrill|Substitute
|-damage|p1a: Excadrill|29/100
|
|-heal|p1a: Excadrill|35/100|[from] item: Leftovers
|upkeep
|turn|22
|
|t:|1781248135
|move|p2a: Deoxys|Psycho Boost|p1a: Excadrill
|-resisted|p1a: Excadrill
|-crit|p1a: Excadrill
|-end|p1a: Excadrill|Substitute
|-unboost|p2a: Deoxys|spa|2
|move|p1a: Excadrill|Rapid Spin|p2a: Deoxys
|-crit|p2a: Deoxys
|-damage|p2a: Deoxys|49/100
|-boost|p1a: Excadrill|spe|1
|-sideend|p1: zg4h11|Toxic Spikes|[from] move: Rapid Spin|[of] p1a: Excadrill
|
|-heal|p1a: Excadrill|41/100|[from] item: Leftovers
|upkeep
|turn|23
|
|t:|1781248146
|move|p2a: Deoxys|Taunt|p1a: Excadrill
|-start|p1a: Excadrill|move: Taunt
|cant|p1a: Excadrill|move: Taunt|Substitute
|
|-heal|p1a: Excadrill|48/100|[from] item: Leftovers
|upkeep
|turn|24
|
|t:|1781248154
|switch|p2a: Ceruledge|Ceruledge, M|100/100
|-damage|p2a: Ceruledge|76/100|[from] Stealth Rock
|move|p1a: Excadrill|Rapid Spin|p2a: Ceruledge
|-immune|p2a: Ceruledge
|
|-heal|p1a: Excadrill|54/100|[from] item: Leftovers
|upkeep
|turn|25
|
|t:|1781248166
|-terastallize|p1a: Excadrill|Ground
|-terastallize|p2a: Ceruledge|Ghost
|move|p1a: Excadrill|Earthquake|p2a: Ceruledge
|-damage|p2a: Ceruledge|24/100
|-ability|p2a: Ceruledge|Weak Armor|boost
|-unboost|p2a: Ceruledge|def|1
|-boost|p2a: Ceruledge|spe|2
|move|p2a: Ceruledge|Bitter Blade|p1a: Excadrill
|-damage|p1a: Excadrill|0 fnt
|-heal|p2a: Ceruledge|54/100|[from] drain|[of] p1a: Excadrill
|faint|p1a: Excadrill
|-damage|p2a: Ceruledge|45/100|[from] item: Life Orb
|
|upkeep
|
|t:|1781248179
|switch|p1a: Iron Valiant|Iron Valiant, shiny|88/100 psn
|turn|26
|
|t:|1781248184
|move|p2a: Ceruledge|Bitter Blade|p1a: Iron Valiant
|-damage|p1a: Iron Valiant|5/100 psn
|-heal|p2a: Ceruledge|82/100|[from] drain|[of] p1a: Iron Valiant
|-damage|p2a: Ceruledge|73/100|[from] item: Life Orb
|move|p1a: Iron Valiant|Shadow Ball|p2a: Ceruledge
|-supereffective|p2a: Ceruledge
|-damage|p2a: Ceruledge|28/100
|-unboost|p2a: Ceruledge|spd|1
|
|-damage|p1a: Iron Valiant|0 fnt|[from] psn
|faint|p1a: Iron Valiant
|-end|p1a: Iron Valiant|Quark Drive|[silent]
|
|win|m5322
|raw|zg4h11's rating: 1568 &rarr; <strong>1544</strong><br />(-24 for losing)
|raw|m5322's rating: 1498 &rarr; <strong>1522</strong><br />(+24 for winning)
|l|☆zg4h11
|player|p1|
|l|☆m5322
|player|p2|
