|j|☆Rextrox
|j|☆amiruae
|t:|1781157795
|gametype|singles
|player|p1|Rextrox|birdkeeper-gen4dp|1574
|player|p2|amiruae|palmer|1627
|gen|9
|tier|[Gen 9] OU
|rated|
|rule|HP Percentage Mod: HP is shown in percentages
|rule|Endless Battle Clause: Forcing endless battles is banned
|rule|Species Clause: Limit one of each Pokémon
|rule|OHKO Clause: OHKO moves are banned
|rule|Evasion Items Clause: Evasion items are banned
|rule|Evasion Moves Clause: Evasion moves are banned
|rule|Evasion Abilities Clause: Evasion abilities are banned
|rule|Sleep Moves Clause: Sleep-inducing moves are banned
|clearpoke
|poke|p1|Eelektross, F|
|poke|p1|Deoxys-Speed|
|poke|p1|Iron Valiant|
|poke|p1|Pecharunt|
|poke|p1|Dragonite, M|
|poke|p1|Kingambit, M|
|poke|p2|Gholdengo|
|poke|p2|Armarouge, M|
|poke|p2|Iron Hands|
|poke|p2|Zapdos|
|poke|p2|Raging Bolt|
|poke|p2|Jirachi|
|teampreview
|inactive|Battle timer is ON: inactive players will automatically lose when time's up. (requested by amiruae)
|
|t:|1781157821
|teamsize|p1|6
|teamsize|p2|6
|start
|switch|p1a: Deoxys|Deoxys-Speed|100/100
|switch|p2a: Jirachi|Jirachi|100/100
|-ability|p1a: Deoxys|Pressure
|turn|1
|
|t:|1781157829
|move|p1a: Deoxys|Reflect|p1a: Deoxys
|-sidestart|p1: Rextrox|Reflect
|move|p2a: Jirachi|Reflect|p2a: Jirachi
|-sidestart|p2: amiruae|Reflect
|
|upkeep
|turn|2
|
|t:|1781157834
|move|p1a: Deoxys|Taunt|p2a: Jirachi
|-start|p2a: Jirachi|move: Taunt
|cant|p2a: Jirachi|move: Taunt|Light Screen
|
|upkeep
|turn|3
|
|t:|1781157838
|move|p1a: Deoxys|Stealth Rock|p2a: Jirachi
|-sidestart|p2: amiruae|move: Stealth Rock
|move|p2a: Jirachi|U-turn|p1a: Deoxys
|-supereffective|p1a: Deoxys
|-damage|p1a: Deoxys|75/100
|
|t:|1781157848
|switch|p2a: Gholdengo|Gholdengo|100/100|[from] U-turn
|-damage|p2a: Gholdengo|94/100|[from] Stealth Rock
|
|upkeep
|turn|4
|
|t:|1781157852
|move|p1a: Deoxys|Light Screen|p1a: Deoxys
|-sidestart|p1: Rextrox|move: Light Screen
|move|p2a: Gholdengo|Shadow Ball|p1a: Deoxys
|-supereffective|p1a: Deoxys
|-damage|p1a: Deoxys|0 fnt
|faint|p1a: Deoxys
|
|upkeep
|
|t:|1781157860
|switch|p1a: Pecharunt|Pecharunt|100/100
|turn|5
|
|t:|1781157866
|move|p1a: Pecharunt|Nasty Plot|p1a: Pecharunt
|-boost|p1a: Pecharunt|spa|2
|move|p2a: Gholdengo|Shadow Ball|p1a: Pecharunt
|-supereffective|p1a: Pecharunt
|-damage|p1a: Pecharunt|31/100
|
|upkeep
|turn|6
|
|t:|1781157875
|move|p1a: Pecharunt|Shadow Ball|p2a: Gholdengo
|-supereffective|p2a: Gholdengo
|-damage|p2a: Gholdengo|0 fnt
|faint|p2a: Gholdengo
|
|upkeep
|
|t:|1781157886
|switch|p2a: Armarouge|Armarouge, M|100/100
|-damage|p2a: Armarouge|76/100|[from] Stealth Rock
|turn|7
|
|t:|1781157897
|move|p1a: Pecharunt|Recover|p1a: Pecharunt
|-heal|p1a: Pecharunt|81/100
|move|p2a: Armarouge|Psyshock|p1a: Pecharunt
|-supereffective|p1a: Pecharunt
|-damage|p1a: Pecharunt|54/100
|
|upkeep
|turn|8
|
|t:|1781157920
|switch|p2a: Zapdos|Zapdos|100/100
|move|p1a: Pecharunt|Recover|p1a: Pecharunt
|-heal|p1a: Pecharunt|100/100
|
|-sideend|p1: Rextrox|Reflect
|-sideend|p2: amiruae|Reflect
|upkeep
|turn|9
|
|t:|1781157925
|move|p1a: Pecharunt|Malignant Chain|p2a: Zapdos
|-damage|p2a: Zapdos|37/100
|move|p2a: Zapdos|Thunderbolt|p1a: Pecharunt
|-damage|p1a: Pecharunt|77/100
|
|upkeep
|turn|10
|
|t:|1781157933
|move|p1a: Pecharunt|Malignant Chain|p2a: Zapdos
|-damage|p2a: Zapdos|0 fnt
|faint|p2a: Zapdos
|
|upkeep
|inactive|amiruae has 120 seconds left.
|
|t:|1781157974
|switch|p2a: Raging Bolt|Raging Bolt|100/100
|-damage|p2a: Raging Bolt|88/100|[from] Stealth Rock
|-enditem|p2a: Raging Bolt|Booster Energy
|-activate|p2a: Raging Bolt|ability: Protosynthesis|[fromitem]
|-start|p2a: Raging Bolt|protosynthesisspa
|turn|11
|
|t:|1781157999
|move|p1a: Pecharunt|Malignant Chain|p2a: Raging Bolt
|-damage|p2a: Raging Bolt|29/100
|move|p2a: Raging Bolt|Calm Mind|p2a: Raging Bolt
|-boost|p2a: Raging Bolt|spa|1
|-boost|p2a: Raging Bolt|spd|1
|
|-sideend|p1: Rextrox|move: Light Screen
|upkeep
|turn|12
|
|t:|1781158004
|move|p2a: Raging Bolt|Thunderclap|p1a: Pecharunt
|-damage|p1a: Pecharunt|0 fnt
|faint|p1a: Pecharunt
|
|upkeep
|
|t:|1781158009
|switch|p1a: Iron Valiant|Iron Valiant|100/100
|-enditem|p1a: Iron Valiant|Booster Energy
|-activate|p1a: Iron Valiant|ability: Quark Drive|[fromitem]
|-start|p1a: Iron Valiant|quarkdrivespe
|turn|13
|
|t:|1781158014
|move|p1a: Iron Valiant|Encore|p2a: Raging Bolt
|-start|p2a: Raging Bolt|Encore
|move|p2a: Raging Bolt|Thunderclap||[still]
|-fail|p2a: Raging Bolt
|
|upkeep
|turn|14
|
|t:|1781158017
|move|p2a: Raging Bolt|Thunderclap||[still]
|-fail|p2a: Raging Bolt
|move|p1a: Iron Valiant|Calm Mind|p1a: Iron Valiant
|-boost|p1a: Iron Valiant|spa|1
|-boost|p1a: Iron Valiant|spd|1
|
|upkeep
|turn|15
|
|t:|1781158020
|move|p2a: Raging Bolt|Thunderclap||[still]
|-fail|p2a: Raging Bolt
|move|p1a: Iron Valiant|Calm Mind|p1a: Iron Valiant
|-boost|p1a: Iron Valiant|spa|1
|-boost|p1a: Iron Valiant|spd|1
|
|-end|p2a: Raging Bolt|Encore
|upkeep
|turn|16
|
|t:|1781158024
|-end|p2a: Raging Bolt|Protosynthesis|[silent]
|switch|p2a: Jirachi|Jirachi|100/100
|-damage|p2a: Jirachi|94/100|[from] Stealth Rock
|move|p1a: Iron Valiant|Encore||[still]
|-fail|p1a: Iron Valiant
|
|upkeep
|turn|17
|
|t:|1781158030
|-terastallize|p1a: Iron Valiant|Ghost
|move|p1a: Iron Valiant|Shadow Ball|p2a: Jirachi
|-supereffective|p2a: Jirachi
|-damage|p2a: Jirachi|0 fnt
|faint|p2a: Jirachi
|
|upkeep
|
|t:|1781158057
|switch|p2a: Armarouge|Armarouge, M|76/100
|-damage|p2a: Armarouge|51/100|[from] Stealth Rock
|turn|18
|
|t:|1781158061
|move|p2a: Armarouge|Endure|p2a: Armarouge
|-singleturn|p2a: Armarouge|move: Endure
|move|p1a: Iron Valiant|Shadow Ball|p2a: Armarouge
|-supereffective|p2a: Armarouge
|-activate|p2a: Armarouge|move: Endure
|-damage|p2a: Armarouge|1/100
|-enditem|p2a: Armarouge|Weakness Policy
|-boost|p2a: Armarouge|atk|2|[from] item: Weakness Policy
|-boost|p2a: Armarouge|spa|2|[from] item: Weakness Policy
|
|upkeep
|turn|19
|
|t:|1781158069
|move|p1a: Iron Valiant|Shadow Ball|p2a: Armarouge
|-supereffective|p2a: Armarouge
|-damage|p2a: Armarouge|0 fnt
|faint|p2a: Armarouge
|
|upkeep
|
|t:|1781158071
|switch|p2a: Raging Bolt|Raging Bolt|29/100
|-damage|p2a: Raging Bolt|17/100|[from] Stealth Rock
|turn|20
|-message|amiruae forfeited.
|
|win|Rextrox
|raw|Rextrox's rating: 1574 &rarr; <strong>1597</strong><br />(+23 for winning)
|raw|amiruae's rating: 1627 &rarr; <strong>1604</strong><br />(-23 for losing)
|l|☆amiruae
|player|p2|
|l|☆Rextrox
|player|p1|
