|j|☆chihuahuafan
|j|☆myree
|t:|1781470075
|gametype|singles
|player|p1|chihuahuafan|cynthia|1580
|player|p2|myree|benga|1596
|gen|9
|tier|[Gen 9] OU
|rated|
|rule|HP Percentage Mod: HP is shown in percentages
|rule|Endless Battle Clause: Forcing endless battles is banned
|rule|Species Clause: Limit one of each Pokémon
|rule|OHKO Clause: OHKO moves are banned
|rule|Evasion Items Clause: Evasion items are banned
|rule|Evasion Moves Clause: Evasion moves are banned
|rule|Evasion Abilities Clause: Evasion abilities are banned
|rule|Sleep Moves Clause: Sleep-inducing moves are banned
|clearpoke
|poke|p1|Great Tusk|
|poke|p1|Walking Wake|
|poke|p1|Torkoal, M|
|poke|p1|Kingambit, M|
|poke|p1|Raging Bolt|
|poke|p1|Ogerpon-Wellspring, F|
|poke|p2|Tinkaton, F|
|poke|p2|Gholdengo|
|poke|p2|Glimmora, F|
|poke|p2|Wo-Chien|
|poke|p2|Slither Wing|
|poke|p2|Okidogi, M|
|teampreview
|j| testingrainteam1
|inactive|Battle timer is ON: inactive players will automatically lose when time's up. (requested by chihuahuafan)
|
|t:|1781470080
|teamsize|p1|6
|teamsize|p2|6
|start
|switch|p1a: Envy|Walking Wake|100/100
|switch|p2a: Glimmora|Glimmora, F|100/100
|turn|1
|
|t:|1781470084
|move|p2a: Glimmora|Spiky Shield|p2a: Glimmora
|-singleturn|p2a: Glimmora|move: Protect
|move|p1a: Envy|Hydro Steam|p2a: Glimmora
|-activate|p2a: Glimmora|move: Protect
|
|upkeep
|turn|2
|
|t:|1781470088
|switch|p2a: meethewoo|Wo-Chien|100/100
|-ability|p2a: meethewoo|Tablets of Ruin
|move|p1a: Envy|Hydro Steam|p2a: meethewoo
|-resisted|p2a: meethewoo
|-crit|p2a: meethewoo
|-damage|p2a: meethewoo|78/100
|
|-heal|p2a: meethewoo|84/100|[from] item: Leftovers
|upkeep
|turn|3
|
|t:|1781470094
|-end|p1a: Envy|Protosynthesis|[silent]
|switch|p1a: Groudon but better|Torkoal, M|100/100
|-weather|SunnyDay|[from] ability: Drought|[of] p1a: Groudon but better
|move|p2a: meethewoo|Ruination|p1a: Groudon but better
|-damage|p1a: Groudon but better|51/100
|
|-weather|SunnyDay|[upkeep]
|-heal|p2a: meethewoo|90/100|[from] item: Leftovers
|upkeep
|turn|4
|
|t:|1781470100
|switch|p2a: Glimmora|Glimmora, F|100/100
|move|p1a: Groudon but better|Stealth Rock|p2a: Glimmora
|-sidestart|p2: myree|move: Stealth Rock
|
|-weather|SunnyDay|[upkeep]
|upkeep
|turn|5
|l| testingrainteam1
|
|t:|1781470107
|switch|p1a: Envy|Walking Wake|100/100
|-activate|p1a: Envy|ability: Protosynthesis
|-start|p1a: Envy|protosynthesisspe
|move|p2a: Glimmora|Earth Power|p1a: Envy
|-damage|p1a: Envy|67/100
|
|-weather|SunnyDay|[upkeep]
|upkeep
|turn|6
|j| iraniantech
|
|t:|1781470111
|move|p2a: Glimmora|Spiky Shield|p2a: Glimmora
|-singleturn|p2a: Glimmora|move: Protect
|move|p1a: Envy|Hydro Steam|p2a: Glimmora
|-activate|p2a: Glimmora|move: Protect
|
|-weather|SunnyDay|[upkeep]
|upkeep
|turn|7
|l| iraniantech
|
|t:|1781470123
|-end|p1a: Envy|Protosynthesis|[silent]
|switch|p1a: Great Lando T-usk|Great Tusk|100/100
|-activate|p1a: Great Lando T-usk|ability: Protosynthesis
|-start|p1a: Great Lando T-usk|protosynthesisatk
|switch|p2a: meethewoo|Wo-Chien|90/100
|-damage|p2a: meethewoo|78/100|[from] Stealth Rock
|-ability|p2a: meethewoo|Tablets of Ruin
|
|-weather|SunnyDay|[upkeep]
|-heal|p2a: meethewoo|84/100|[from] item: Leftovers
|upkeep
|turn|8
|
|t:|1781470128
|move|p2a: meethewoo|Protect|p2a: meethewoo
|-singleturn|p2a: meethewoo|Protect
|move|p1a: Great Lando T-usk|Close Combat|p2a: meethewoo
|-activate|p2a: meethewoo|move: Protect
|
|-weather|SunnyDay|[upkeep]
|-heal|p2a: meethewoo|90/100|[from] item: Leftovers
|upkeep
|turn|9
|
|t:|1781470138
|switch|p2a: chef pzn.|Okidogi, M|100/100
|-damage|p2a: chef pzn.|94/100|[from] Stealth Rock
|move|p1a: Great Lando T-usk|Ice Spinner|p2a: chef pzn.
|-damage|p2a: chef pzn.|72/100
|
|-weather|SunnyDay|[upkeep]
|-heal|p2a: chef pzn.|79/100|[from] item: Leftovers
|upkeep
|turn|10
|
|t:|1781470145
|switch|p2a: ms. giving|Tinkaton, F|100/100
|-damage|p2a: ms. giving|94/100|[from] Stealth Rock
|-item|p2a: ms. giving|Air Balloon
|move|p1a: Great Lando T-usk|Headlong Rush|p2a: ms. giving
|-immune|p2a: ms. giving
|
|-weather|none
|-end|p1a: Great Lando T-usk|Protosynthesis
|upkeep
|turn|11
|
|t:|1781470155
|move|p2a: ms. giving|Stealth Rock|p1a: Great Lando T-usk
|-sidestart|p1: chihuahuafan|move: Stealth Rock
|move|p1a: Great Lando T-usk|Rapid Spin|p2a: ms. giving
|-resisted|p2a: ms. giving
|-damage|p2a: ms. giving|84/100
|-boost|p1a: Great Lando T-usk|spe|1
|-enditem|p2a: ms. giving|Air Balloon
|-sideend|p1: chihuahuafan|Stealth Rock|[from] move: Rapid Spin|[of] p1a: Great Lando T-usk
|-enditem|p1a: Great Lando T-usk|Eject Pack|[silent]|[from] ability: Pickpocket|[of] p1a: Great Lando T-usk
|-item|p2a: ms. giving|Eject Pack|[from] ability: Pickpocket|[of] p1a: Great Lando T-usk
|
|upkeep
|turn|12
|
|t:|1781470164
|-terastallize|p2a: ms. giving|Flying
|move|p1a: Great Lando T-usk|Headlong Rush|p2a: ms. giving
|-immune|p2a: ms. giving
|move|p2a: ms. giving|Encore|p1a: Great Lando T-usk
|-start|p1a: Great Lando T-usk|Encore
|
|upkeep
|turn|13
|
|t:|1781470178
|switch|p2a: Glimmora|Glimmora, F|100/100
|-damage|p2a: Glimmora|88/100|[from] Stealth Rock
|move|p1a: Great Lando T-usk|Headlong Rush|p2a: Glimmora
|-supereffective|p2a: Glimmora
|-damage|p2a: Glimmora|0 fnt
|-unboost|p1a: Great Lando T-usk|def|1
|-unboost|p1a: Great Lando T-usk|spd|1
|-damage|p1a: Great Lando T-usk|84/100|[from] item: Rocky Helmet|[of] p2a: Glimmora
|-activate|p2a: Glimmora|ability: Toxic Debris
|-sidestart|p1: chihuahuafan|move: Toxic Spikes
|faint|p2a: Glimmora
|
|upkeep
|
|t:|1781470182
|switch|p2a: MF ghoolm|Gholdengo|100/100
|-damage|p2a: MF ghoolm|94/100|[from] Stealth Rock
|-item|p2a: MF ghoolm|Air Balloon
|turn|14
|
|t:|1781470187
|-end|p1a: Great Lando T-usk|Protosynthesis|[silent]
|switch|p1a: Bisharp but mega|Kingambit, M|100/100
|move|p2a: MF ghoolm|Shadow Ball|p1a: Bisharp but mega
|-resisted|p1a: Bisharp but mega
|-crit|p1a: Bisharp but mega
|-damage|p1a: Bisharp but mega|68/100
|-unboost|p1a: Bisharp but mega|spd|1
|
|-heal|p1a: Bisharp but mega|74/100|[from] item: Leftovers
|upkeep
|turn|15
|
|t:|1781470192
|switch|p2a: chef pzn.|Okidogi, M|79/100
|-damage|p2a: chef pzn.|72/100|[from] Stealth Rock
|move|p1a: Bisharp but mega|Iron Head|p2a: chef pzn.
|-damage|p2a: chef pzn.|42/100
|
|-heal|p2a: chef pzn.|49/100|[from] item: Leftovers
|-heal|p1a: Bisharp but mega|80/100|[from] item: Leftovers
|upkeep
|turn|16
|
|t:|1781470196
|-end|p1a: Bisharp but mega|fallenundefined|[silent]
|switch|p1a: Groudon but better|Torkoal, M|51/100
|-status|p1a: Groudon but better|psn
|-weather|SunnyDay|[from] ability: Drought|[of] p1a: Groudon but better
|move|p2a: chef pzn.|High Horsepower|p1a: Groudon but better
|-supereffective|p1a: Groudon but better
|-damage|p1a: Groudon but better|19/100 psn
|
|-weather|SunnyDay|[upkeep]
|-heal|p2a: chef pzn.|55/100|[from] item: Leftovers
|-damage|p1a: Groudon but better|6/100 psn|[from] psn
|upkeep
|turn|17
|
|t:|1781470201
|move|p2a: chef pzn.|High Horsepower|p1a: Groudon but better
|-supereffective|p1a: Groudon but better
|-damage|p1a: Groudon but better|0 fnt
|faint|p1a: Groudon but better
|
|-weather|SunnyDay|[upkeep]
|-heal|p2a: chef pzn.|61/100|[from] item: Leftovers
|upkeep
|
|t:|1781470203
|switch|p1a: Great Lando T-usk|Great Tusk|84/100
|-status|p1a: Great Lando T-usk|psn
|-activate|p1a: Great Lando T-usk|ability: Protosynthesis
|-start|p1a: Great Lando T-usk|protosynthesisatk
|turn|18
|
|t:|1781470217
|switch|p2a: st. jay g. saturn|Slither Wing|100/100
|-activate|p2a: st. jay g. saturn|ability: Protosynthesis
|-start|p2a: st. jay g. saturn|protosynthesisatk
|move|p1a: Great Lando T-usk|Ice Spinner|p2a: st. jay g. saturn
|-damage|p2a: st. jay g. saturn|65/100
|
|-weather|SunnyDay|[upkeep]
|-damage|p1a: Great Lando T-usk|72/100 psn|[from] psn
|upkeep
|turn|19
|
|t:|1781470226
|-end|p2a: st. jay g. saturn|Protosynthesis|[silent]
|switch|p2a: MF ghoolm|Gholdengo|94/100
|-damage|p2a: MF ghoolm|88/100|[from] Stealth Rock
|-item|p2a: MF ghoolm|Air Balloon
|move|p1a: Great Lando T-usk|Rapid Spin|p2a: MF ghoolm
|-immune|p2a: MF ghoolm
|
|-weather|SunnyDay|[upkeep]
|-damage|p1a: Great Lando T-usk|59/100 psn|[from] psn
|upkeep
|turn|20
|
|t:|1781470234
|move|p1a: Great Lando T-usk|Ice Spinner|p2a: MF ghoolm
|-resisted|p2a: MF ghoolm
|-damage|p2a: MF ghoolm|73/100
|-enditem|p2a: MF ghoolm|Air Balloon
|move|p2a: MF ghoolm|Make It Rain|p1a: Great Lando T-usk
|-damage|p1a: Great Lando T-usk|0 fnt
|-unboost|p2a: MF ghoolm|spa|1
|faint|p1a: Great Lando T-usk
|-end|p1a: Great Lando T-usk|Protosynthesis|[silent]
|
|-weather|SunnyDay|[upkeep]
|upkeep
|
|t:|1781470238
|switch|p1a: Bisharp but mega|Kingambit, M|80/100
|-activate|p1a: Bisharp but mega|ability: Supreme Overlord
|-start|p1a: Bisharp but mega|fallen2|[silent]
|turn|21
|
|t:|1781470246
|switch|p2a: st. jay g. saturn|Slither Wing|65/100
|-activate|p2a: st. jay g. saturn|ability: Protosynthesis
|-start|p2a: st. jay g. saturn|protosynthesisatk
|move|p1a: Bisharp but mega|Swords Dance|p1a: Bisharp but mega
|-boost|p1a: Bisharp but mega|atk|2
|
|-weather|SunnyDay|[upkeep]
|-heal|p1a: Bisharp but mega|86/100|[from] item: Leftovers
|upkeep
|turn|22
|
|t:|1781470253
|-terastallize|p1a: Bisharp but mega|Flying
|move|p2a: st. jay g. saturn|Close Combat|p1a: Bisharp but mega
|-resisted|p1a: Bisharp but mega
|-damage|p1a: Bisharp but mega|52/100
|-unboost|p2a: st. jay g. saturn|def|1
|-unboost|p2a: st. jay g. saturn|spd|1
|move|p1a: Bisharp but mega|Iron Head|p2a: st. jay g. saturn
|-damage|p2a: st. jay g. saturn|0 fnt
|faint|p2a: st. jay g. saturn
|-end|p2a: st. jay g. saturn|Protosynthesis|[silent]
|
|-weather|SunnyDay|[upkeep]
|-heal|p1a: Bisharp but mega|59/100|[from] item: Leftovers
|upkeep
|
|t:|1781470260
|switch|p2a: chef pzn.|Okidogi, M|61/100
|-damage|p2a: chef pzn.|55/100|[from] Stealth Rock
|turn|23
|
|t:|1781470272
|move|p2a: chef pzn.|Ice Punch|p1a: Bisharp but mega
|-supereffective|p1a: Bisharp but mega
|-damage|p1a: Bisharp but mega|24/100
|move|p1a: Bisharp but mega|Iron Head|p2a: chef pzn.
|-damage|p2a: chef pzn.|0 fnt
|faint|p2a: chef pzn.
|
|-weather|none
|-heal|p1a: Bisharp but mega|30/100|[from] item: Leftovers
|upkeep
|
|t:|1781470280
|switch|p2a: ms. giving|Tinkaton, F, tera:Flying|84/100
|-damage|p2a: ms. giving|59/100|[from] Stealth Rock
|turn|24
|
|t:|1781470290
|move|p2a: ms. giving|Gigaton Hammer|p1a: Bisharp but mega
|-damage|p1a: Bisharp but mega|0 fnt
|faint|p1a: Bisharp but mega
|-end|p1a: Bisharp but mega|fallen2|[silent]
|
|upkeep
|
|t:|1781470302
|switch|p1a: Envy|Walking Wake|67/100
|-status|p1a: Envy|psn
|turn|25
|
|t:|1781470310
|move|p1a: Envy|Flamethrower|p2a: ms. giving
|-damage|p2a: ms. giving|21/100
|move|p2a: ms. giving|Stealth Rock|p1a: Envy
|-sidestart|p1: chihuahuafan|move: Stealth Rock
|
|-damage|p1a: Envy|55/100 psn|[from] psn
|upkeep
|turn|26
|
|t:|1781470317
|move|p1a: Envy|Flamethrower|p2a: ms. giving
|-damage|p2a: ms. giving|0 fnt
|faint|p2a: ms. giving
|
|-damage|p1a: Envy|43/100 psn|[from] psn
|upkeep
|
|t:|1781470320
|switch|p2a: meethewoo|Wo-Chien|90/100
|-damage|p2a: meethewoo|78/100|[from] Stealth Rock
|-ability|p2a: meethewoo|Tablets of Ruin
|turn|27
|inactive|chihuahuafan has 120 seconds left.
|
|t:|1781470355
|move|p2a: meethewoo|Protect|p2a: meethewoo
|-singleturn|p2a: meethewoo|Protect
|move|p1a: Envy|Flamethrower|p2a: meethewoo
|-activate|p2a: meethewoo|move: Protect
|
|-heal|p2a: meethewoo|84/100|[from] item: Leftovers
|-damage|p1a: Envy|30/100 psn|[from] psn
|upkeep
|turn|28
|
|t:|1781470366
|move|p1a: Envy|Flamethrower|p2a: meethewoo
|-supereffective|p2a: meethewoo
|-damage|p2a: meethewoo|31/100
|move|p2a: meethewoo|Leech Seed|p1a: Envy
|-start|p1a: Envy|move: Leech Seed
|
|-heal|p2a: meethewoo|37/100|[from] item: Leftovers
|-damage|p1a: Envy|18/100 psn|[from] Leech Seed|[of] p2a: meethewoo
|-heal|p2a: meethewoo|48/100|[silent]
|-damage|p1a: Envy|6/100 psn|[from] psn
|upkeep
|turn|29
|
|t:|1781470372
|move|p2a: meethewoo|Protect|p2a: meethewoo
|-singleturn|p2a: meethewoo|Protect
|move|p1a: Envy|Flamethrower|p2a: meethewoo
|-activate|p2a: meethewoo|move: Protect
|
|-heal|p2a: meethewoo|55/100|[from] item: Leftovers
|-damage|p1a: Envy|0 fnt|[from] Leech Seed|[of] p2a: meethewoo
|-heal|p2a: meethewoo|59/100|[silent]
|faint|p1a: Envy
|-end|p1a: Envy|Protosynthesis|[silent]
|upkeep
|
|t:|1781470377
|switch|p1a: Zero Dawn|Raging Bolt|100/100
|-status|p1a: Zero Dawn|psn
|-damage|p1a: Zero Dawn|88/100 psn|[from] Stealth Rock
|turn|30
|
|t:|1781470385
|move|p1a: Zero Dawn|Substitute|p1a: Zero Dawn
|-start|p1a: Zero Dawn|Substitute
|-damage|p1a: Zero Dawn|63/100 psn
|move|p2a: meethewoo|Leech Seed||[still]
|-fail|p2a: meethewoo
|
|-heal|p1a: Zero Dawn|69/100 psn|[from] item: Leftovers
|-heal|p2a: meethewoo|65/100|[from] item: Leftovers
|-damage|p1a: Zero Dawn|57/100 psn|[from] psn
|upkeep
|turn|31
|
|t:|1781470399
|move|p1a: Zero Dawn|Calm Mind|p1a: Zero Dawn
|-boost|p1a: Zero Dawn|spa|1
|-boost|p1a: Zero Dawn|spd|1
|move|p2a: meethewoo|Ruination|p1a: Zero Dawn
|-end|p1a: Zero Dawn|Substitute
|
|-heal|p1a: Zero Dawn|63/100 psn|[from] item: Leftovers
|-heal|p2a: meethewoo|71/100|[from] item: Leftovers
|-damage|p1a: Zero Dawn|51/100 psn|[from] psn
|upkeep
|turn|32
|
|t:|1781470413
|move|p1a: Zero Dawn|Dragon Pulse|p2a: meethewoo
|-damage|p2a: meethewoo|34/100
|move|p2a: meethewoo|Leech Seed|p1a: Zero Dawn
|-start|p1a: Zero Dawn|move: Leech Seed
|
|-heal|p1a: Zero Dawn|57/100 psn|[from] item: Leftovers
|-heal|p2a: meethewoo|40/100|[from] item: Leftovers
|-damage|p1a: Zero Dawn|45/100 psn|[from] Leech Seed|[of] p2a: meethewoo
|-heal|p2a: meethewoo|55/100|[silent]
|-damage|p1a: Zero Dawn|32/100 psn|[from] psn
|upkeep
|turn|33
|
|t:|1781470423
|move|p2a: meethewoo|Protect|p2a: meethewoo
|-singleturn|p2a: meethewoo|Protect
|move|p1a: Zero Dawn|Calm Mind|p1a: Zero Dawn
|-boost|p1a: Zero Dawn|spa|1
|-boost|p1a: Zero Dawn|spd|1
|
|-heal|p1a: Zero Dawn|39/100 psn|[from] item: Leftovers
|-heal|p2a: meethewoo|61/100|[from] item: Leftovers
|-damage|p1a: Zero Dawn|26/100 psn|[from] Leech Seed|[of] p2a: meethewoo
|-heal|p2a: meethewoo|76/100|[silent]
|-damage|p1a: Zero Dawn|14/100 psn|[from] psn
|upkeep
|turn|34
|
|t:|1781470428
|switch|p2a: MF ghoolm|Gholdengo|73/100
|-damage|p2a: MF ghoolm|67/100|[from] Stealth Rock
|move|p1a: Zero Dawn|Dragon Pulse|p2a: MF ghoolm
|-resisted|p2a: MF ghoolm
|-damage|p2a: MF ghoolm|27/100
|
|-heal|p1a: Zero Dawn|20/100 psn|[from] item: Leftovers
|-damage|p1a: Zero Dawn|8/100 psn|[from] Leech Seed|[of] p2a: MF ghoolm
|-heal|p2a: MF ghoolm|42/100|[silent]
|-damage|p1a: Zero Dawn|0 fnt|[from] psn
|faint|p1a: Zero Dawn
|-end|p1a: Zero Dawn|Protosynthesis|[silent]
|upkeep
|
|t:|1781470430
|switch|p1a: I hate this shit|Ogerpon-Wellspring, F|100/100
|-status|p1a: I hate this shit|psn
|-damage|p1a: I hate this shit|88/100 psn|[from] Stealth Rock
|turn|35
|
|t:|1781470437
|move|p1a: I hate this shit|Ivy Cudgel|p2a: MF ghoolm|[anim] Ivy Cudgel Water
|-damage|p2a: MF ghoolm|0 fnt
|faint|p2a: MF ghoolm
|
|-damage|p1a: I hate this shit|76/100 psn|[from] psn
|upkeep
|
|t:|1781470439
|switch|p2a: meethewoo|Wo-Chien|76/100
|-damage|p2a: meethewoo|64/100|[from] Stealth Rock
|-ability|p2a: meethewoo|Tablets of Ruin
|turn|36
|
|t:|1781470441
|move|p1a: I hate this shit|Swords Dance|p1a: I hate this shit
|-boost|p1a: I hate this shit|atk|2
|move|p2a: meethewoo|Ruination|p1a: I hate this shit
|-damage|p1a: I hate this shit|38/100 psn
|
|-heal|p2a: meethewoo|70/100|[from] item: Leftovers
|-damage|p1a: I hate this shit|26/100 psn|[from] psn
|upkeep
|turn|37
|
|t:|1781470448
|move|p1a: I hate this shit|Swords Dance|p1a: I hate this shit
|-boost|p1a: I hate this shit|atk|2
|move|p2a: meethewoo|Ruination|p1a: I hate this shit
|-damage|p1a: I hate this shit|13/100 psn
|
|-heal|p2a: meethewoo|76/100|[from] item: Leftovers
|-damage|p1a: I hate this shit|1/100 psn|[from] psn
|upkeep
|turn|38
|
|t:|1781470450
|move|p2a: meethewoo|Protect|p2a: meethewoo
|-singleturn|p2a: meethewoo|Protect
|move|p1a: I hate this shit|Ivy Cudgel|p2a: meethewoo|[anim] Ivy Cudgel Water
|-activate|p2a: meethewoo|move: Protect
|
|-heal|p2a: meethewoo|83/100|[from] item: Leftovers
|-damage|p1a: I hate this shit|0 fnt|[from] psn
|faint|p1a: I hate this shit
|
|win|myree
|raw|chihuahuafan's rating: 1580 &rarr; <strong>1561</strong><br />(-19 for losing)
|raw|myree's rating: 1596 &rarr; <strong>1615</strong><br />(+19 for winning)
|l|☆chihuahuafan
|player|p1|
