|j|☆Seltzergod
|j|☆Roseofrosarade
|t:|1781385778
|gametype|singles
|player|p1|Seltzergod|flannery|1640
|player|p2|Roseofrosarade|1|1680
|gen|9
|tier|[Gen 9] OU
|rated|
|rule|HP Percentage Mod: HP is shown in percentages
|rule|Endless Battle Clause: Forcing endless battles is banned
|rule|Species Clause: Limit one of each Pokémon
|rule|OHKO Clause: OHKO moves are banned
|rule|Evasion Items Clause: Evasion items are banned
|rule|Evasion Moves Clause: Evasion moves are banned
|rule|Evasion Abilities Clause: Evasion abilities are banned
|rule|Sleep Moves Clause: Sleep-inducing moves are banned
|clearpoke
|poke|p1|Toxtricity, F|
|poke|p1|Alomomola, F|
|poke|p1|Dragapult, M|
|poke|p1|Corviknight, M|
|poke|p1|Iron Valiant|
|poke|p1|Ting-Lu|
|poke|p2|Garchomp, F|
|poke|p2|Alomomola, M|
|poke|p2|Gholdengo|
|poke|p2|Zamazenta-*|
|poke|p2|Clefable, F|
|poke|p2|Tornadus-Therian, M|
|teampreview
|
|t:|1781385786
|teamsize|p1|6
|teamsize|p2|6
|start
|switch|p1a: Wano|Dragapult, M|100/100
|switch|p2a: Alomomola|Alomomola, M|100/100
|turn|1
|inactive|Battle timer is ON: inactive players will automatically lose when time's up. (requested by Seltzergod)
|
|t:|1781385791
|switch|p2a: Clefable|Clefable, F|100/100
|move|p1a: Wano|U-turn|p2a: Clefable
|-resisted|p2a: Clefable
|-damage|p2a: Clefable|94/100
|
|t:|1781385796
|switch|p1a: Punk Hazard|Toxtricity, F|100/100|[from] U-turn
|
|-heal|p2a: Clefable|99/100|[from] item: Leftovers
|upkeep
|turn|2
|
|t:|1781385807
|move|p1a: Punk Hazard|Overdrive|p2a: Clefable
|-damage|p2a: Clefable|36/100
|move|p2a: Clefable|Knock Off|p1a: Punk Hazard
|-damage|p1a: Punk Hazard|83/100
|-enditem|p1a: Punk Hazard|Choice Specs|[from] move: Knock Off|[of] p2a: Clefable
|
|-heal|p2a: Clefable|42/100|[from] item: Leftovers
|upkeep
|turn|3
|
|t:|1781385819
|switch|p2a: Gholdengo|Gholdengo|100/100
|move|p1a: Punk Hazard|Boomburst|p2a: Gholdengo
|-immune|p2a: Gholdengo
|
|upkeep
|turn|4
|
|t:|1781385826
|switch|p2a: Clefable|Clefable, F|42/100
|move|p1a: Punk Hazard|Volt Switch|p2a: Clefable
|-damage|p2a: Clefable|13/100
|
|t:|1781385830
|switch|p1a: Wano|Dragapult, M|100/100|[from] Volt Switch
|
|-heal|p2a: Clefable|19/100|[from] item: Leftovers
|upkeep
|turn|5
|
|t:|1781385835
|switch|p2a: Tornadus|Tornadus-Therian, M|100/100
|move|p1a: Wano|Shadow Ball|p2a: Tornadus
|-damage|p2a: Tornadus|47/100
|
|upkeep
|turn|6
|
|t:|1781385844
|-terastallize|p2a: Tornadus|Dark
|move|p1a: Wano|Shadow Ball|p2a: Tornadus
|-resisted|p2a: Tornadus
|-damage|p2a: Tornadus|19/100
|move|p2a: Tornadus|Knock Off|p1a: Wano
|-supereffective|p1a: Wano
|-damage|p1a: Wano|24/100
|-enditem|p1a: Wano|Choice Specs|[from] move: Knock Off|[of] p2a: Tornadus
|
|upkeep
|turn|7
|
|t:|1781385854
|switch|p2a: Alomomola|Alomomola, M|100/100
|move|p1a: Wano|U-turn|p2a: Alomomola
|-damage|p2a: Alomomola|92/100
|
|t:|1781385856
|switch|p1a: Punk Hazard|Toxtricity, F|83/100|[from] U-turn
|
|upkeep
|turn|8
|
|t:|1781385866
|switch|p2a: Garchomp|Garchomp, F|100/100
|move|p1a: Punk Hazard|Boomburst|p2a: Garchomp
|-damage|p2a: Garchomp|46/100
|
|upkeep
|turn|9
|
|t:|1781385871
|switch|p1a: Skypiea|Corviknight, M|100/100
|-ability|p1a: Skypiea|Pressure
|move|p2a: Garchomp|Earthquake|p1a: Skypiea
|-immune|p1a: Skypiea
|
|upkeep
|turn|10
|
|t:|1781385875
|move|p2a: Garchomp|Stealth Rock|p1a: Skypiea
|-sidestart|p1: Seltzergod|move: Stealth Rock
|move|p1a: Skypiea|U-turn|p2a: Garchomp
|-damage|p2a: Garchomp|37/100
|-damage|p1a: Skypiea|88/100|[from] ability: Rough Skin|[of] p2a: Garchomp
|
|t:|1781385882
|switch|p1a: Whole Cake|Iron Valiant|100/100|[from] U-turn
|-damage|p1a: Whole Cake|94/100|[from] Stealth Rock
|
|upkeep
|turn|11
|
|t:|1781385892
|switch|p2a: Clefable|Clefable, F|19/100
|move|p1a: Whole Cake|Spirit Break|p2a: Clefable
|-damage|p2a: Clefable|0 fnt
|faint|p2a: Clefable
|
|upkeep
|
|t:|1781385897
|switch|p2a: Gholdengo|Gholdengo|100/100
|turn|12
|
|t:|1781385911
|-end|p1a: Whole Cake|Quark Drive|[silent]
|switch|p1a: Skypiea|Corviknight, M|88/100
|-damage|p1a: Skypiea|75/100|[from] Stealth Rock
|-ability|p1a: Skypiea|Pressure
|move|p2a: Gholdengo|Make It Rain|p1a: Skypiea
|-resisted|p1a: Skypiea
|-damage|p1a: Skypiea|52/100
|-unboost|p2a: Gholdengo|spa|1
|
|-heal|p1a: Skypiea|59/100|[from] item: Leftovers
|upkeep
|turn|13
|
|t:|1781385915
|switch|p2a: Tornadus|Tornadus-Therian, M, tera:Dark|52/100
|move|p1a: Skypiea|Roost|p1a: Skypiea
|-heal|p1a: Skypiea|100/100
|-singleturn|p1a: Skypiea|move: Roost
|
|upkeep
|turn|14
|
|t:|1781385920
|move|p2a: Tornadus|U-turn|p1a: Skypiea
|-resisted|p1a: Skypiea
|-damage|p1a: Skypiea|97/100
|
|t:|1781385923
|switch|p2a: Gholdengo|Gholdengo|100/100|[from] U-turn
|move|p1a: Skypiea|Defog|p2a: Gholdengo
|-immune|p2a: Gholdengo|[from] ability: Good as Gold
|
|-heal|p1a: Skypiea|100/100|[from] item: Leftovers
|upkeep
|turn|15
|
|t:|1781385933
|move|p2a: Gholdengo|Shadow Ball|p1a: Skypiea
|-damage|p1a: Skypiea|69/100
|move|p1a: Skypiea|U-turn|p2a: Gholdengo
|-resisted|p2a: Gholdengo
|-damage|p2a: Gholdengo|97/100
|
|t:|1781385939
|switch|p1a: Drum|Ting-Lu|100/100|[from] U-turn
|-damage|p1a: Drum|94/100|[from] Stealth Rock
|-ability|p1a: Drum|Vessel of Ruin
|
|upkeep
|turn|16
|j| absolutenaab
|
|t:|1781385942
|switch|p2a: Alomomola|Alomomola, M|100/100
|move|p1a: Drum|Earthquake|p2a: Alomomola
|-damage|p2a: Alomomola|80/100
|
|upkeep
|turn|17
|
|t:|1781385948
|switch|p1a: Fishman|Alomomola, F|100/100
|-damage|p1a: Fishman|88/100|[from] Stealth Rock
|move|p2a: Alomomola|Wish|p2a: Alomomola
|
|upkeep
|turn|18
|
|t:|1781385951
|move|p1a: Fishman|Flip Turn|p2a: Alomomola
|-resisted|p2a: Alomomola
|-damage|p2a: Alomomola|75/100
|
|t:|1781385958
|switch|p1a: Drum|Ting-Lu|94/100|[from] Flip Turn
|-damage|p1a: Drum|88/100|[from] Stealth Rock
|-ability|p1a: Drum|Vessel of Ruin
|move|p2a: Alomomola|Flip Turn|p1a: Drum
|-supereffective|p1a: Drum
|-damage|p1a: Drum|71/100
|-enditem|p1a: Drum|Red Card|[of] p2a: Alomomola
|drag|p2a: Gholdengo|Gholdengo|97/100
|
|-heal|p2a: Gholdengo|100/100|[from] move: Wish|[wisher] Alomomola
|upkeep
|turn|19
|
|t:|1781385965
|switch|p2a: Alomomola|Alomomola, M|100/100
|move|p1a: Drum|Ruination|p2a: Alomomola
|-damage|p2a: Alomomola|50/100
|
|upkeep
|turn|20
|
|t:|1781385970
|move|p2a: Alomomola|Wish|p2a: Alomomola
|move|p1a: Drum|Stealth Rock|p2a: Alomomola
|-sidestart|p2: Roseofrosarade|move: Stealth Rock
|
|upkeep
|turn|21
|
|t:|1781385972
|move|p2a: Alomomola|Flip Turn|p1a: Drum
|-supereffective|p1a: Drum
|-damage|p1a: Drum|51/100
|
|t:|1781385976
|switch|p2a: Tornadus|Tornadus-Therian, M, tera:Dark|86/100|[from] Flip Turn
|move|p1a: Drum|Whirlwind|p2a: Tornadus
|drag|p2a: Gholdengo|Gholdengo|100/100
|-damage|p2a: Gholdengo|94/100|[from] Stealth Rock
|
|-heal|p2a: Gholdengo|100/100|[from] move: Wish|[wisher] Alomomola
|upkeep
|turn|22
|
|t:|1781385987
|switch|p2a: Alomomola|Alomomola, M|84/100
|move|p1a: Drum|Ruination|p2a: Alomomola
|-damage|p2a: Alomomola|42/100
|
|upkeep
|turn|23
|
|t:|1781385991
|move|p2a: Alomomola|Flip Turn|p1a: Drum
|-supereffective|p1a: Drum
|-damage|p1a: Drum|35/100
|
|t:|1781385993
|switch|p2a: Tornadus|Tornadus-Therian, M, tera:Dark|100/100|[from] Flip Turn
|move|p1a: Drum|Ruination|p2a: Tornadus
|-damage|p2a: Tornadus|50/100
|
|upkeep
|turn|24
|
|t:|1781385998
|switch|p1a: Fishman|Alomomola, F|100/100
|-damage|p1a: Fishman|88/100|[from] Stealth Rock
|move|p2a: Tornadus|U-turn|p1a: Fishman
|-damage|p1a: Fishman|80/100
|
|t:|1781386001
|switch|p2a: Alomomola|Alomomola, M|76/100|[from] U-turn
|
|upkeep
|turn|25
|
|t:|1781386005
|move|p1a: Fishman|Flip Turn|p2a: Alomomola
|-resisted|p2a: Alomomola
|-damage|p2a: Alomomola|71/100
|
|t:|1781386008
|switch|p1a: Punk Hazard|Toxtricity, F|83/100|[from] Flip Turn
|-damage|p1a: Punk Hazard|70/100|[from] Stealth Rock
|move|p2a: Alomomola|Wish|p2a: Alomomola
|
|upkeep
|turn|26
|
|t:|1781386015
|switch|p2a: Gholdengo|Gholdengo|100/100
|-damage|p2a: Gholdengo|94/100|[from] Stealth Rock
|move|p1a: Punk Hazard|Boomburst|p2a: Gholdengo
|-immune|p2a: Gholdengo
|
|-heal|p2a: Gholdengo|100/100|[from] move: Wish|[wisher] Alomomola
|upkeep
|turn|27
|
|t:|1781386023
|switch|p2a: Alomomola|Alomomola, M|100/100
|switch|p1a: Fishman|Alomomola, F|100/100
|-damage|p1a: Fishman|88/100|[from] Stealth Rock
|
|upkeep
|turn|28
|
|t:|1781386028
|move|p2a: Alomomola|Wish|p2a: Alomomola
|move|p1a: Fishman|Flip Turn|p2a: Alomomola
|-resisted|p2a: Alomomola
|-damage|p2a: Alomomola|96/100
|
|t:|1781386038
|switch|p1a: Punk Hazard|Toxtricity, F|70/100|[from] Flip Turn
|-damage|p1a: Punk Hazard|58/100|[from] Stealth Rock
|
|upkeep
|turn|29
|
|t:|1781386041
|switch|p2a: Garchomp|Garchomp, F|37/100
|move|p1a: Punk Hazard|Boomburst|p2a: Garchomp
|-damage|p2a: Garchomp|0 fnt
|faint|p2a: Garchomp
|
|upkeep
|
|t:|1781386048
|switch|p2a: Gholdengo|Gholdengo|100/100
|-damage|p2a: Gholdengo|94/100|[from] Stealth Rock
|turn|30
|
|t:|1781386052
|switch|p1a: Fishman|Alomomola, F|100/100
|-damage|p1a: Fishman|88/100|[from] Stealth Rock
|move|p2a: Gholdengo|Shadow Ball|p1a: Fishman
|-damage|p1a: Fishman|60/100
|-unboost|p1a: Fishman|spd|1
|
|upkeep
|turn|31
|
|t:|1781386055
|move|p2a: Gholdengo|Shadow Ball|p1a: Fishman
|-damage|p1a: Fishman|24/100
|move|p1a: Fishman|Flip Turn|p2a: Gholdengo
|-crit|p2a: Gholdengo
|-damage|p2a: Gholdengo|68/100
|
|t:|1781386065
|switch|p1a: Whole Cake|Iron Valiant|94/100|[from] Flip Turn
|-damage|p1a: Whole Cake|88/100|[from] Stealth Rock
|
|upkeep
|turn|32
|
|t:|1781386071
|move|p2a: Gholdengo|Shadow Ball|p1a: Whole Cake
|-damage|p1a: Whole Cake|17/100
|-unboost|p1a: Whole Cake|spd|1
|move|p1a: Whole Cake|Knock Off|p2a: Gholdengo
|-supereffective|p2a: Gholdengo
|-damage|p2a: Gholdengo|0 fnt
|-enditem|p2a: Gholdengo|Choice Scarf|[from] move: Knock Off|[of] p1a: Whole Cake
|faint|p2a: Gholdengo
|
|upkeep
|
|t:|1781386078
|switch|p2a: Alomomola|Alomomola, M|100/100
|turn|33
|
|t:|1781386081
|move|p1a: Whole Cake|Knock Off|p2a: Alomomola
|-damage|p2a: Alomomola|73/100
|-enditem|p2a: Alomomola|Heavy-Duty Boots|[from] move: Knock Off|[of] p1a: Whole Cake
|move|p2a: Alomomola|Flip Turn|p1a: Whole Cake
|-damage|p1a: Whole Cake|0 fnt
|faint|p1a: Whole Cake
|-end|p1a: Whole Cake|Quark Drive|[silent]
|
|t:|1781386090
|switch|p2a: Tornadus|Tornadus-Therian, M, tera:Dark|84/100|[from] Flip Turn
|
|upkeep
|
|t:|1781386093
|switch|p1a: Skypiea|Corviknight, M|69/100
|-damage|p1a: Skypiea|57/100|[from] Stealth Rock
|-ability|p1a: Skypiea|Pressure
|turn|34
|
|t:|1781386096
|move|p2a: Tornadus|Heat Wave|p1a: Skypiea
|-supereffective|p1a: Skypiea
|-damage|p1a: Skypiea|25/100
|move|p1a: Skypiea|Defog|p2a: Tornadus
|-unboost|p2a: Tornadus|evasion|1
|-sideend|p2: Roseofrosarade|Stealth Rock|[from] move: Defog|[of] p1a: Skypiea
|-sideend|p1: Seltzergod|Stealth Rock|[from] move: Defog|[of] p1a: Skypiea
|
|-heal|p1a: Skypiea|32/100|[from] item: Leftovers
|upkeep
|turn|35
|
|t:|1781386101
|switch|p1a: Drum|Ting-Lu|35/100
|-ability|p1a: Drum|Vessel of Ruin
|move|p2a: Tornadus|Knock Off|p1a: Drum
|-resisted|p1a: Drum
|-damage|p1a: Drum|30/100
|
|upkeep
|turn|36
|
|t:|1781386107
|move|p2a: Tornadus|U-turn|p1a: Drum
|-supereffective|p1a: Drum
|-damage|p1a: Drum|14/100
|
|t:|1781386110
|switch|p2a: Zamazenta|Zamazenta|100/100|[from] U-turn
|-ability|p2a: Zamazenta|Dauntless Shield|boost
|-boost|p2a: Zamazenta|def|1
|move|p1a: Drum|Earthquake|p2a: Zamazenta
|-damage|p2a: Zamazenta|76/100
|
|upkeep
|turn|37
|
|t:|1781386112
|move|p2a: Zamazenta|Close Combat|p1a: Drum
|-supereffective|p1a: Drum
|-damage|p1a: Drum|0 fnt
|-unboost|p2a: Zamazenta|def|1
|-unboost|p2a: Zamazenta|spd|1
|faint|p1a: Drum
|
|upkeep
|
|t:|1781386115
|switch|p1a: Wano|Dragapult, M|24/100
|turn|38
|
|t:|1781386119
|switch|p2a: Tornadus|Tornadus-Therian, M, tera:Dark|100/100
|move|p1a: Wano|Draco Meteor|p2a: Tornadus
|-damage|p2a: Tornadus|42/100
|-unboost|p1a: Wano|spa|2
|
|upkeep
|turn|39
|
|t:|1781386124
|move|p1a: Wano|U-turn|p2a: Tornadus
|-supereffective|p2a: Tornadus
|-damage|p2a: Tornadus|2/100
|
|t:|1781386127
|switch|p1a: Fishman|Alomomola, F|57/100|[from] U-turn
|move|p2a: Tornadus|Knock Off|p1a: Fishman
|-damage|p1a: Fishman|39/100
|-enditem|p1a: Fishman|Assault Vest|[from] move: Knock Off|[of] p2a: Tornadus
|
|upkeep
|turn|40
|
|t:|1781386135
|switch|p2a: Alomomola|Alomomola, M|100/100
|move|p1a: Fishman|Flip Turn|p2a: Alomomola
|-resisted|p2a: Alomomola
|-damage|p2a: Alomomola|96/100
|
|t:|1781386136
|switch|p1a: Punk Hazard|Toxtricity, F|58/100|[from] Flip Turn
|
|upkeep
|turn|41
|
|t:|1781386143
|move|p1a: Punk Hazard|Overdrive|p2a: Alomomola
|-supereffective|p2a: Alomomola
|-damage|p2a: Alomomola|0 fnt
|faint|p2a: Alomomola
|
|upkeep
|
|t:|1781386147
|switch|p2a: Zamazenta|Zamazenta|76/100
|turn|42
|
|t:|1781386150
|move|p2a: Zamazenta|Crunch|p1a: Punk Hazard
|-damage|p1a: Punk Hazard|18/100
|move|p1a: Punk Hazard|Boomburst|p2a: Zamazenta
|-damage|p2a: Zamazenta|19/100
|
|upkeep
|turn|43
|
|t:|1781386153
|move|p2a: Zamazenta|Crunch|p1a: Punk Hazard
|-damage|p1a: Punk Hazard|0 fnt
|faint|p1a: Punk Hazard
|
|upkeep
|
|t:|1781386155
|switch|p1a: Wano|Dragapult, M|24/100
|turn|44
|
|t:|1781386161
|move|p1a: Wano|Flamethrower|p2a: Zamazenta
|-damage|p2a: Zamazenta|0 fnt
|faint|p2a: Zamazenta
|
|upkeep
|
|t:|1781386163
|switch|p2a: Tornadus|Tornadus-Therian, M, tera:Dark|36/100
|turn|45
|
|t:|1781386166
|move|p1a: Wano|Draco Meteor|p2a: Tornadus
|-damage|p2a: Tornadus|0 fnt
|-unboost|p1a: Wano|spa|2
|faint|p2a: Tornadus
|
|win|Seltzergod
|raw|Seltzergod's rating: 1640 &rarr; <strong>1662</strong><br />(+22 for winning)
|raw|Roseofrosarade's rating: 1680 &rarr; <strong>1658</strong><br />(-22 for losing)
|l|☆Roseofrosarade
|player|p2|
|l|☆Seltzergod
|player|p1|
