|j|☆Davetron3030
|j|☆pepinoloko
|t:|1780959287
|gametype|singles
|player|p1|Davetron3030|dancer|1546
|player|p2|pepinoloko|byron|1602
|gen|9
|tier|[Gen 9] OU
|rated|
|rule|HP Percentage Mod: HP is shown in percentages
|rule|Endless Battle Clause: Forcing endless battles is banned
|rule|Species Clause: Limit one of each Pokémon
|rule|OHKO Clause: OHKO moves are banned
|rule|Evasion Items Clause: Evasion items are banned
|rule|Evasion Moves Clause: Evasion moves are banned
|rule|Evasion Abilities Clause: Evasion abilities are banned
|rule|Sleep Moves Clause: Sleep-inducing moves are banned
|clearpoke
|poke|p1|Garchomp, F|
|poke|p1|Gholdengo|
|poke|p1|Iron Crown|
|poke|p1|Iron Valiant|
|poke|p1|Samurott-Hisui, M|
|poke|p1|Zapdos-Galar|
|poke|p2|Zoroark-Hisui, F|
|poke|p2|Cinderace, M|
|poke|p2|Araquanid, M|
|poke|p2|Breloom, F|
|poke|p2|Hydrapple, F|
|poke|p2|Grimmsnarl, M|
|teampreview
|
|t:|1780959304
|teamsize|p1|6
|teamsize|p2|6
|start
|switch|p1a: Samurott|Samurott-Hisui, M|100/100
|switch|p2a: Love has a name|Grimmsnarl, M|100/100
|turn|1
|
|t:|1780959311
|switch|p2a: Hydrapple|Hydrapple, F|100/100
|move|p1a: Samurott|Taunt|p2a: Hydrapple
|-start|p2a: Hydrapple|move: Taunt
|
|upkeep
|turn|2
|
|t:|1780959317
|move|p1a: Samurott|Ceaseless Edge|p2a: Hydrapple
|-damage|p2a: Hydrapple|78/100
|-damage|p1a: Samurott|84/100|[from] item: Rocky Helmet|[of] p2a: Hydrapple
|-sidestart|p2: pepinoloko|Spikes
|move|p2a: Hydrapple|Giga Drain|p1a: Samurott
|-supereffective|p1a: Samurott
|-damage|p1a: Samurott|0 fnt
|-heal|p2a: Hydrapple|100/100|[from] drain|[of] p1a: Samurott
|faint|p1a: Samurott
|
|upkeep
|inactive|Battle timer is ON: inactive players will automatically lose when time's up. (requested by pepinoloko)
|
|t:|1780959328
|switch|p1a: Iron Valiant|Iron Valiant|100/100
|turn|3
|
|t:|1780959332
|switch|p2a: U-Turn from sin|Cinderace, M|100/100
|move|p1a: Iron Valiant|Moonblast|p2a: U-Turn from sin
|-resisted|p2a: U-Turn from sin
|-damage|p2a: U-Turn from sin|53/100
|-unboost|p2a: U-Turn from sin|spa|1
|
|upkeep
|turn|4
|
|t:|1780959340
|move|p2a: U-Turn from sin|Pyro Ball|p1a: Iron Valiant
|-crit|p1a: Iron Valiant
|-damage|p1a: Iron Valiant|0 fnt
|faint|p1a: Iron Valiant
|-end|p1a: Iron Valiant|Quark Drive|[silent]
|
|upkeep
|
|t:|1780959345
|switch|p1a: Zapdos|Zapdos-Galar|100/100
|turn|5
|
|t:|1780959348
|switch|p2a: Love has a name|Grimmsnarl, M|100/100
|-damage|p2a: Love has a name|88/100|[from] Spikes
|move|p1a: Zapdos|Brave Bird|p2a: Love has a name
|-damage|p2a: Love has a name|26/100
|-damage|p1a: Zapdos|76/100|[from] Recoil
|
|upkeep
|turn|6
|
|t:|1780959356
|move|p2a: Love has a name|Thunder Wave|p1a: Zapdos
|-status|p1a: Zapdos|par
|cant|p1a: Zapdos|par
|
|upkeep
|turn|7
|
|t:|1780959370
|move|p2a: Love has a name|Thunder Wave|p1a: Zapdos
|-fail|p1a: Zapdos|par
|cant|p1a: Zapdos|par
|
|upkeep
|turn|8
|
|t:|1780959376
|move|p2a: Love has a name|Thunder Wave|p1a: Zapdos
|-fail|p1a: Zapdos|par
|move|p1a: Zapdos|Brave Bird|p2a: Love has a name
|-damage|p2a: Love has a name|0 fnt
|faint|p2a: Love has a name
|-damage|p1a: Zapdos|66/100 par|[from] Recoil
|
|upkeep
|
|t:|1780959379
|switch|p2a: U-Turn from sin|Cinderace, M|53/100
|turn|9
|
|t:|1780959387
|move|p2a: U-Turn from sin|Pyro Ball|p1a: Zapdos|[miss]
|-miss|p2a: U-Turn from sin|p1a: Zapdos
|move|p1a: Zapdos|Brave Bird|p2a: U-Turn from sin
|-damage|p2a: U-Turn from sin|0 fnt
|faint|p2a: U-Turn from sin
|-damage|p1a: Zapdos|50/100 par|[from] Recoil
|
|upkeep
|
|t:|1780959403
|switch|p2a: Breloom|Breloom, F|100/100
|-damage|p2a: Breloom|88/100|[from] Spikes
|turn|10
|
|t:|1780959408
|move|p2a: Breloom|Shadow Ball|p1a: Zapdos
|-damage|p1a: Zapdos|0 fnt
|faint|p1a: Zapdos
|
|upkeep
|
|t:|1780959417
|switch|p1a: Garchomp|Garchomp, F|100/100
|turn|11
|
|t:|1780959421
|switch|p2a: Hydrapple|Hydrapple, F|100/100
|-damage|p2a: Hydrapple|88/100|[from] Spikes
|move|p1a: Garchomp|Dragon Tail|p2a: Hydrapple
|-supereffective|p2a: Hydrapple
|-damage|p2a: Hydrapple|61/100
|-damage|p1a: Garchomp|84/100|[from] item: Rocky Helmet|[of] p2a: Hydrapple
|drag|p2a: Araquanid|Araquanid, M|100/100
|-damage|p2a: Araquanid|88/100|[from] Spikes
|
|-heal|p2a: Araquanid|94/100|[from] item: Leftovers
|upkeep
|turn|12
|
|t:|1780959435
|move|p1a: Garchomp|Stealth Rock|p2a: Araquanid
|-sidestart|p2: pepinoloko|move: Stealth Rock
|move|p2a: Araquanid|Sticky Web|p1a: Garchomp
|-sidestart|p1: Davetron3030|move: Sticky Web
|
|-heal|p2a: Araquanid|100/100|[from] item: Leftovers
|upkeep
|turn|13
|
|t:|1780959441
|switch|p2a: Hydrapple|Hydrapple, F|94/100
|-damage|p2a: Hydrapple|82/100|[from] Spikes
|-damage|p2a: Hydrapple|69/100|[from] Stealth Rock
|move|p1a: Garchomp|Stone Edge|p2a: Hydrapple
|-damage|p2a: Hydrapple|54/100
|
|upkeep
|turn|14
|
|t:|1780959450
|switch|p1a: Iron Crown|Iron Crown|100/100
|-activate|p1a: Iron Crown|move: Sticky Web
|-unboost|p1a: Iron Crown|spe|1
|move|p2a: Hydrapple|Giga Drain|p1a: Iron Crown
|-resisted|p1a: Iron Crown
|-damage|p1a: Iron Crown|91/100
|-heal|p2a: Hydrapple|58/100|[from] drain|[of] p1a: Iron Crown
|
|upkeep
|turn|15
|
|t:|1780959459
|switch|p2a: Araquanid|Araquanid, M|100/100
|-damage|p2a: Araquanid|88/100|[from] Spikes
|-damage|p2a: Araquanid|63/100|[from] Stealth Rock
|move|p1a: Iron Crown|Tachyon Cutter|p2a: Araquanid
|-resisted|p2a: Araquanid
|-damage|p2a: Araquanid|56/100
|-resisted|p2a: Araquanid
|-damage|p2a: Araquanid|49/100
|-hitcount|p2a: Araquanid|2
|
|-heal|p2a: Araquanid|55/100|[from] item: Leftovers
|upkeep
|turn|16
|
|t:|1780959471
|move|p1a: Iron Crown|Volt Switch|p2a: Araquanid
|-supereffective|p2a: Araquanid
|-damage|p2a: Araquanid|28/100
|
|t:|1780959475
|-end|p1a: Iron Crown|Quark Drive|[silent]
|switch|p1a: Garchomp|Garchomp, F|84/100|[from] Volt Switch
|-activate|p1a: Garchomp|move: Sticky Web
|-unboost|p1a: Garchomp|spe|1
|move|p2a: Araquanid|Liquidation|p1a: Garchomp
|-damage|p1a: Garchomp|51/100
|-damage|p2a: Araquanid|15/100|[from] ability: Rough Skin|[of] p1a: Garchomp
|-damage|p2a: Araquanid|0 fnt|[from] item: Rocky Helmet|[of] p1a: Garchomp
|faint|p2a: Araquanid
|
|upkeep
|
|t:|1780959486
|switch|p2a: Hydrapple|Hydrapple, F|91/100
|-damage|p2a: Hydrapple|79/100|[from] Spikes
|-damage|p2a: Hydrapple|67/100|[from] Stealth Rock
|turn|17
|
|t:|1780959492
|move|p2a: Hydrapple|Earth Power|p1a: Garchomp
|-damage|p1a: Garchomp|30/100
|move|p1a: Garchomp|Dragon Tail|p2a: Hydrapple
|-supereffective|p2a: Hydrapple
|-damage|p2a: Hydrapple|39/100
|-damage|p1a: Garchomp|13/100|[from] item: Rocky Helmet|[of] p2a: Hydrapple
|drag|p2a: Breloom|Breloom, F|100/100
|-damage|p2a: Breloom|88/100|[from] Spikes
|-damage|p2a: Breloom|82/100|[from] Stealth Rock
|
|upkeep
|turn|18
|
|t:|1780959505
|switch|p1a: Gholdengo|Gholdengo|100/100
|-activate|p1a: Gholdengo|move: Sticky Web
|-unboost|p1a: Gholdengo|spe|1
|move|p2a: Breloom|Bullet Seed|p1a: Gholdengo
|-resisted|p1a: Gholdengo
|-damage|p1a: Gholdengo|91/100
|-resisted|p1a: Gholdengo
|-damage|p1a: Gholdengo|83/100
|-resisted|p1a: Gholdengo
|-damage|p1a: Gholdengo|74/100
|-hitcount|p1a: Gholdengo|3
|-damage|p2a: Breloom|72/100|[from] item: Life Orb
|
|-heal|p1a: Gholdengo|80/100|[from] item: Leftovers
|upkeep
|turn|19
|
|t:|1780959518
|move|p2a: Breloom|Rock Tomb|p1a: Gholdengo
|-resisted|p1a: Gholdengo
|-damage|p1a: Gholdengo|65/100
|-unboost|p1a: Gholdengo|spe|1
|-damage|p2a: Breloom|62/100|[from] item: Life Orb
|move|p1a: Gholdengo|Thunder Wave|p2a: Breloom
|-status|p2a: Breloom|par
|
|-heal|p1a: Gholdengo|71/100|[from] item: Leftovers
|upkeep
|turn|20
|
|t:|1780959535
|cant|p2a: Breloom|par
|move|p1a: Gholdengo|Recover|p1a: Gholdengo
|-heal|p1a: Gholdengo|100/100
|
|upkeep
|turn|21
|
|t:|1780959541
|move|p2a: Breloom|Bullet Seed|p1a: Gholdengo
|-resisted|p1a: Gholdengo
|-damage|p1a: Gholdengo|92/100
|-resisted|p1a: Gholdengo
|-damage|p1a: Gholdengo|83/100
|-resisted|p1a: Gholdengo
|-damage|p1a: Gholdengo|75/100
|-resisted|p1a: Gholdengo
|-damage|p1a: Gholdengo|66/100
|-resisted|p1a: Gholdengo
|-damage|p1a: Gholdengo|57/100
|-hitcount|p1a: Gholdengo|5
|-damage|p2a: Breloom|52/100 par|[from] item: Life Orb
|move|p1a: Gholdengo|Hex|p2a: Breloom
|-damage|p2a: Breloom|0 fnt
|faint|p2a: Breloom
|
|-heal|p1a: Gholdengo|63/100|[from] item: Leftovers
|upkeep
|
|t:|1780959544
|switch|p2a: Hydrapple|Hydrapple, F|88/100
|-damage|p2a: Hydrapple|76/100|[from] Spikes
|-damage|p2a: Hydrapple|63/100|[from] Stealth Rock
|turn|22
|
|t:|1780959562
|switch|p1a: Garchomp|Garchomp, F|13/100
|-activate|p1a: Garchomp|move: Sticky Web
|-unboost|p1a: Garchomp|spe|1
|move|p2a: Hydrapple|Shadow Ball|p1a: Garchomp
|-crit|p1a: Garchomp
|-damage|p1a: Garchomp|0 fnt
|faint|p1a: Garchomp
|
|upkeep
|
|t:|1780959571
|switch|p1a: Iron Crown|Iron Crown|91/100
|-activate|p1a: Iron Crown|move: Sticky Web
|-unboost|p1a: Iron Crown|spe|1
|turn|23
|
|t:|1780959580
|switch|p2a: Hydrapple|Hydrapple, F|72/100
|-damage|p2a: Hydrapple|60/100|[from] Spikes
|-damage|p2a: Hydrapple|47/100|[from] Stealth Rock
|-terastallize|p1a: Iron Crown|Water
|move|p1a: Iron Crown|Tachyon Cutter|p2a: Hydrapple
|-damage|p2a: Hydrapple|23/100
|-damage|p2a: Hydrapple|0 fnt
|faint|p2a: Hydrapple
|-hitcount|p2: Hydrapple|2
|
|upkeep
|
|t:|1780959583
|switch|p2a: The end is nigh|Zoroark-Hisui, F|63/100
|-damage|p2a: The end is nigh|51/100|[from] Spikes
|-damage|p2a: The end is nigh|39/100|[from] Stealth Rock
|turn|24
|
|t:|1780959599
|move|p2a: The end is nigh|Shadow Ball|p1a: Iron Crown
|-damage|p1a: Iron Crown|54/100
|move|p1a: Iron Crown|Tachyon Cutter|p2a: The end is nigh
|-damage|p2a: The end is nigh|0 fnt
|faint|p2a: The end is nigh
|-hitcount|p2: The end is nigh|1
|
|win|Davetron3030
|raw|Davetron3030's rating: 1546 &rarr; <strong>1569</strong><br />(+23 for winning)
|raw|pepinoloko's rating: 1602 &rarr; <strong>1579</strong><br />(-23 for losing)
|l|☆pepinoloko
|player|p2|
|l|☆Davetron3030
|player|p1|
