|j|☆Prwellz
|j|☆Dat boii fam
|t:|1780928846
|gametype|singles
|player|p1|Prwellz|brock|1672
|player|p2|Dat boii fam|li|1721
|gen|9
|tier|[Gen 9] OU
|rated|
|rule|HP Percentage Mod: HP is shown in percentages
|rule|Endless Battle Clause: Forcing endless battles is banned
|rule|Species Clause: Limit one of each Pokémon
|rule|OHKO Clause: OHKO moves are banned
|rule|Evasion Items Clause: Evasion items are banned
|rule|Evasion Moves Clause: Evasion moves are banned
|rule|Evasion Abilities Clause: Evasion abilities are banned
|rule|Sleep Moves Clause: Sleep-inducing moves are banned
|clearpoke
|poke|p1|Kyurem|
|poke|p1|Iron Treads|
|poke|p1|Tornadus-Therian, M|
|poke|p1|Ceruledge, M|
|poke|p1|Iron Valiant|
|poke|p1|Zamazenta-*|
|poke|p2|Alomomola, M|
|poke|p2|Landorus-Therian, M|
|poke|p2|Zapdos|
|poke|p2|Tornadus-Therian, M|
|poke|p2|Scizor, F|
|poke|p2|Amoonguss, F|
|teampreview
|inactive|Battle timer is ON: inactive players will automatically lose when time's up. (requested by Prwellz)
|
|t:|1780928859
|teamsize|p1|6
|teamsize|p2|6
|start
|switch|p1a: Iron Treads|Iron Treads|100/100
|switch|p2a: Landorus|Landorus-Therian, M|100/100
|-ability|p2a: Landorus|Intimidate|boost
|-unboost|p1a: Iron Treads|atk|1
|-item|p1a: Iron Treads|Air Balloon
|turn|1
|
|t:|1780928871
|move|p2a: Landorus|U-turn|p1a: Iron Treads
|-resisted|p1a: Iron Treads
|-damage|p1a: Iron Treads|88/100
|-enditem|p1a: Iron Treads|Air Balloon
|
|t:|1780928879
|switch|p2a: Amoonguss|Amoonguss, F|100/100|[from] U-turn
|move|p1a: Iron Treads|Stealth Rock|p2a: Amoonguss
|-sidestart|p2: Dat boii fam|move: Stealth Rock
|
|upkeep
|turn|2
|
|t:|1780928885
|-end|p1a: Iron Treads|Quark Drive|[silent]
|switch|p1a: Tornadus|Tornadus-Therian, M|100/100
|move|p2a: Amoonguss|Stun Spore|p1a: Tornadus|[miss]
|-miss|p2a: Amoonguss|p1a: Tornadus
|
|upkeep
|turn|3
|
|t:|1780928893
|switch|p2a: Alomomola|Alomomola, M|100/100
|move|p1a: Tornadus|Knock Off|p2a: Alomomola
|-damage|p2a: Alomomola|89/100
|-enditem|p2a: Alomomola|Heavy-Duty Boots|[from] move: Knock Off|[of] p1a: Tornadus
|
|upkeep
|turn|4
|
|t:|1780928900
|move|p1a: Tornadus|Bleakwind Storm|p2a: Alomomola
|-damage|p2a: Alomomola|54/100
|move|p2a: Alomomola|Flip Turn|p1a: Tornadus
|-damage|p1a: Tornadus|80/100
|
|t:|1780928905
|switch|p2a: Zapdos|Zapdos|100/100|[from] Flip Turn
|
|upkeep
|turn|5
|
|t:|1780928909
|move|p1a: Tornadus|Knock Off|p2a: Zapdos
|-damage|p2a: Zapdos|80/100
|-enditem|p2a: Zapdos|Heavy-Duty Boots|[from] move: Knock Off|[of] p1a: Tornadus
|move|p2a: Zapdos|Discharge|p1a: Tornadus
|-supereffective|p1a: Tornadus
|-damage|p1a: Tornadus|0 fnt
|faint|p1a: Tornadus
|
|upkeep
|
|t:|1780928927
|switch|p1a: Kyurem|Kyurem|100/100
|-ability|p1a: Kyurem|Pressure
|turn|6
|
|t:|1780928932
|switch|p2a: Scizor|Scizor, F|100/100
|move|p1a: Kyurem|Scale Shot|p2a: Scizor
|-resisted|p2a: Scizor
|-damage|p2a: Scizor|94/100
|-resisted|p2a: Scizor
|-damage|p2a: Scizor|87/100
|-resisted|p2a: Scizor
|-damage|p2a: Scizor|80/100
|-resisted|p2a: Scizor
|-damage|p2a: Scizor|74/100
|-resisted|p2a: Scizor
|-crit|p2a: Scizor
|-damage|p2a: Scizor|63/100
|-hitcount|p2a: Scizor|5
|-unboost|p1a: Kyurem|def|1
|-boost|p1a: Kyurem|spe|1
|
|upkeep
|turn|7
|
|t:|1780928947
|move|p1a: Kyurem|Scale Shot|p2a: Scizor|[miss]
|-miss|p1a: Kyurem|p2a: Scizor
|move|p2a: Scizor|Knock Off|p1a: Kyurem
|-damage|p1a: Kyurem|54/100
|-enditem|p1a: Kyurem|Loaded Dice|[from] move: Knock Off|[of] p2a: Scizor
|
|upkeep
|turn|8
|
|t:|1780928954
|move|p2a: Scizor|Bullet Punch|p1a: Kyurem
|-supereffective|p1a: Kyurem
|-damage|p1a: Kyurem|0 fnt
|faint|p1a: Kyurem
|
|upkeep
|
|t:|1780928956
|switch|p1a: Ceruledge|Ceruledge, M|100/100
|turn|9
|
|t:|1780928959
|move|p1a: Ceruledge|Bitter Blade|p2a: Scizor
|-supereffective|p2a: Scizor
|-damage|p2a: Scizor|0 fnt
|faint|p2a: Scizor
|
|upkeep
|
|t:|1780928966
|switch|p2a: Zapdos|Zapdos|80/100
|-damage|p2a: Zapdos|55/100|[from] Stealth Rock
|turn|10
|
|t:|1780928969
|switch|p1a: Iron Treads|Iron Treads|88/100
|move|p2a: Zapdos|Discharge|p1a: Iron Treads
|-immune|p1a: Iron Treads
|
|upkeep
|turn|11
|
|t:|1780928975
|move|p1a: Iron Treads|Ice Spinner|p2a: Zapdos
|-supereffective|p2a: Zapdos
|-damage|p2a: Zapdos|9/100
|move|p2a: Zapdos|Roost|p2a: Zapdos
|-heal|p2a: Zapdos|59/100
|-singleturn|p2a: Zapdos|move: Roost
|
|upkeep
|turn|12
|
|t:|1780928983
|move|p1a: Iron Treads|Ice Spinner|p2a: Zapdos
|-supereffective|p2a: Zapdos
|-damage|p2a: Zapdos|11/100
|move|p2a: Zapdos|Roost|p2a: Zapdos
|-heal|p2a: Zapdos|61/100
|-singleturn|p2a: Zapdos|move: Roost
|
|upkeep
|turn|13
|
|t:|1780928990
|move|p1a: Iron Treads|Ice Spinner|p2a: Zapdos
|-supereffective|p2a: Zapdos
|-damage|p2a: Zapdos|16/100
|move|p2a: Zapdos|Roost|p2a: Zapdos
|-heal|p2a: Zapdos|66/100
|-singleturn|p2a: Zapdos|move: Roost
|
|upkeep
|turn|14
|
|t:|1780928997
|move|p1a: Iron Treads|Ice Spinner|p2a: Zapdos
|-supereffective|p2a: Zapdos
|-damage|p2a: Zapdos|25/100
|move|p2a: Zapdos|Roost|p2a: Zapdos
|-heal|p2a: Zapdos|75/100
|-singleturn|p2a: Zapdos|move: Roost
|
|upkeep
|turn|15
|
|t:|1780929004
|move|p1a: Iron Treads|Ice Spinner|p2a: Zapdos
|-supereffective|p2a: Zapdos
|-damage|p2a: Zapdos|33/100
|move|p2a: Zapdos|Roost|p2a: Zapdos
|-heal|p2a: Zapdos|83/100
|-singleturn|p2a: Zapdos|move: Roost
|
|upkeep
|turn|16
|
|t:|1780929010
|move|p1a: Iron Treads|Ice Spinner|p2a: Zapdos
|-supereffective|p2a: Zapdos
|-damage|p2a: Zapdos|38/100
|-status|p1a: Iron Treads|par|[from] ability: Static|[of] p2a: Zapdos
|move|p2a: Zapdos|Heat Wave|p1a: Iron Treads
|-supereffective|p1a: Iron Treads
|-damage|p1a: Iron Treads|0 fnt
|faint|p1a: Iron Treads
|-end|p1a: Iron Treads|Quark Drive|[silent]
|
|upkeep
|
|t:|1780929018
|switch|p1a: Iron Valiant|Iron Valiant|100/100
|-enditem|p1a: Iron Valiant|Booster Energy
|-activate|p1a: Iron Valiant|ability: Quark Drive|[fromitem]
|-start|p1a: Iron Valiant|quarkdrivespe
|turn|17
|
|t:|1780929025
|move|p1a: Iron Valiant|Thunderbolt|p2a: Zapdos
|-damage|p2a: Zapdos|10/100
|move|p2a: Zapdos|Discharge|p1a: Iron Valiant
|-damage|p1a: Iron Valiant|30/100
|
|upkeep
|turn|18
|
|t:|1780929031
|move|p1a: Iron Valiant|Moonblast|p2a: Zapdos
|-damage|p2a: Zapdos|0 fnt
|faint|p2a: Zapdos
|
|upkeep
|
|t:|1780929036
|switch|p2a: Amoonguss|Amoonguss, F|100/100
|-damage|p2a: Amoonguss|88/100|[from] Stealth Rock
|turn|19
|
|t:|1780929044
|move|p1a: Iron Valiant|Moonblast|p2a: Amoonguss
|-resisted|p2a: Amoonguss
|-damage|p2a: Amoonguss|65/100
|-unboost|p2a: Amoonguss|spa|1
|move|p2a: Amoonguss|Sludge Bomb|p1a: Iron Valiant
|-supereffective|p1a: Iron Valiant
|-damage|p1a: Iron Valiant|0 fnt
|faint|p1a: Iron Valiant
|-end|p1a: Iron Valiant|Quark Drive|[silent]
|
|upkeep
|
|t:|1780929046
|switch|p1a: Ceruledge|Ceruledge, M|100/100
|turn|20
|
|t:|1780929056
|-terastallize|p2a: Amoonguss|Water
|move|p1a: Ceruledge|Bitter Blade|p2a: Amoonguss
|-resisted|p2a: Amoonguss
|-damage|p2a: Amoonguss|47/100
|-damage|p1a: Ceruledge|84/100|[from] item: Rocky Helmet|[of] p2a: Amoonguss
|move|p2a: Amoonguss|Toxic|p1a: Ceruledge
|-status|p1a: Ceruledge|tox
|
|-damage|p1a: Ceruledge|78/100 tox|[from] psn
|upkeep
|turn|21
|
|t:|1780929065
|switch|p2a: Alomomola|Alomomola, M|87/100
|-damage|p2a: Alomomola|75/100|[from] Stealth Rock
|move|p1a: Ceruledge|Swords Dance|p1a: Ceruledge
|-boost|p1a: Ceruledge|atk|2
|
|-damage|p1a: Ceruledge|65/100 tox|[from] psn
|upkeep
|turn|22
|
|t:|1780929077
|move|p2a: Alomomola|Protect|p2a: Alomomola
|-singleturn|p2a: Alomomola|Protect
|move|p1a: Ceruledge|Close Combat|p2a: Alomomola
|-activate|p2a: Alomomola|move: Protect
|
|-damage|p1a: Ceruledge|47/100 tox|[from] psn
|upkeep
|turn|23
|
|t:|1780929084
|move|p1a: Ceruledge|Close Combat|p2a: Alomomola
|-damage|p2a: Alomomola|24/100
|-unboost|p1a: Ceruledge|def|1
|-unboost|p1a: Ceruledge|spd|1
|move|p2a: Alomomola|Wish|p2a: Alomomola
|
|-damage|p1a: Ceruledge|22/100 tox|[from] psn
|upkeep
|turn|24
|
|t:|1780929091
|move|p2a: Alomomola|Protect|p2a: Alomomola
|-singleturn|p2a: Alomomola|Protect
|move|p1a: Ceruledge|Swords Dance|p1a: Ceruledge
|-boost|p1a: Ceruledge|atk|2
|
|-heal|p2a: Alomomola|74/100|[from] move: Wish|[wisher] Alomomola
|-damage|p1a: Ceruledge|0 fnt|[from] psn
|faint|p1a: Ceruledge
|upkeep
|
|t:|1780929093
|switch|p1a: Zamazenta|Zamazenta|100/100
|-ability|p1a: Zamazenta|Dauntless Shield|boost
|-boost|p1a: Zamazenta|def|1
|turn|25
|
|t:|1780929103
|move|p1a: Zamazenta|Iron Defense|p1a: Zamazenta
|-boost|p1a: Zamazenta|def|2
|move|p2a: Alomomola|Flip Turn|p1a: Zamazenta
|-damage|p1a: Zamazenta|95/100
|
|t:|1780929108
|switch|p2a: Amoonguss|Amoonguss, F, tera:Water|81/100|[from] Flip Turn
|-damage|p2a: Amoonguss|68/100|[from] Stealth Rock
|
|upkeep
|turn|26
|
|t:|1780929113
|move|p1a: Zamazenta|Iron Defense|p1a: Zamazenta
|-boost|p1a: Zamazenta|def|2
|move|p2a: Amoonguss|Toxic|p1a: Zamazenta|[miss]
|-miss|p2a: Amoonguss|p1a: Zamazenta
|
|upkeep
|turn|27
|
|t:|1780929118
|move|p1a: Zamazenta|Iron Defense|p1a: Zamazenta
|-boost|p1a: Zamazenta|def|1
|move|p2a: Amoonguss|Toxic|p1a: Zamazenta|[miss]
|-miss|p2a: Amoonguss|p1a: Zamazenta
|
|upkeep
|turn|28
|
|t:|1780929123
|move|p1a: Zamazenta|Body Press|p2a: Amoonguss
|-damage|p2a: Amoonguss|0 fnt
|-damage|p1a: Zamazenta|78/100|[from] item: Rocky Helmet|[of] p2a: Amoonguss
|faint|p2a: Amoonguss
|
|upkeep
|
|t:|1780929129
|switch|p2a: Landorus|Landorus-Therian, M|100/100
|-damage|p2a: Landorus|88/100|[from] Stealth Rock
|-ability|p2a: Landorus|Intimidate|boost
|-unboost|p1a: Zamazenta|atk|1
|turn|29
|
|t:|1780929136
|move|p2a: Landorus|Earthquake|p1a: Zamazenta
|-damage|p1a: Zamazenta|66/100
|move|p1a: Zamazenta|Body Press|p2a: Landorus
|-resisted|p2a: Landorus
|-crit|p2a: Landorus
|-damage|p2a: Landorus|0 fnt
|faint|p2a: Landorus
|
|upkeep
|
|t:|1780929144
|switch|p2a: Alomomola|Alomomola, M|100/100
|-damage|p2a: Alomomola|88/100|[from] Stealth Rock
|turn|30
|
|t:|1780929149
|move|p1a: Zamazenta|Body Press|p2a: Alomomola
|-damage|p2a: Alomomola|1/100
|move|p2a: Alomomola|Alluring Voice|p1a: Zamazenta
|-supereffective|p1a: Zamazenta
|-crit|p1a: Zamazenta
|-damage|p1a: Zamazenta|43/100
|
|upkeep
|turn|31
|
|t:|1780929155
|move|p1a: Zamazenta|Rest|p1a: Zamazenta
|-status|p1a: Zamazenta|slp|[from] move: Rest
|-heal|p1a: Zamazenta|100/100 slp|[silent]
|-enditem|p1a: Zamazenta|Chesto Berry|[eat]
|-curestatus|p1a: Zamazenta|slp|[msg]
|move|p2a: Alomomola|Alluring Voice|p1a: Zamazenta
|-supereffective|p1a: Zamazenta
|-damage|p1a: Zamazenta|83/100
|
|upkeep
|turn|32
|
|t:|1780929163
|move|p1a: Zamazenta|Body Press|p2a: Alomomola
|-damage|p2a: Alomomola|0 fnt
|faint|p2a: Alomomola
|
|upkeep
|
|t:|1780929168
|switch|p2a: Tornadus|Tornadus-Therian, M|100/100
|turn|33
|
|t:|1780929171
|-terastallize|p1a: Zamazenta|Fire
|move|p1a: Zamazenta|Body Press|p2a: Tornadus
|-resisted|p2a: Tornadus
|-damage|p2a: Tornadus|13/100
|move|p2a: Tornadus|Bleakwind Storm|p1a: Zamazenta
|-damage|p1a: Zamazenta|44/100
|
|upkeep
|turn|34
|
|t:|1780929178
|move|p1a: Zamazenta|Body Press|p2a: Tornadus
|-resisted|p2a: Tornadus
|-damage|p2a: Tornadus|0 fnt
|faint|p2a: Tornadus
|
|win|Prwellz
|raw|Prwellz's rating: 1672 &rarr; <strong>1695</strong><br />(+23 for winning)
|raw|Dat boii fam's rating: 1721 &rarr; <strong>1698</strong><br />(-23 for losing)
|l|☆Prwellz
|player|p1|
|l|☆Dat boii fam
|player|p2|
