|j|☆Udiggwhatimsayin
|j|☆overheat xyz
|t:|1781403794
|gametype|singles
|player|p1|Udiggwhatimsayin|fantina|1705
|player|p2|overheat xyz|101|1733
|gen|9
|tier|[Gen 9] OU
|rated|
|rule|HP Percentage Mod: HP is shown in percentages
|rule|Endless Battle Clause: Forcing endless battles is banned
|rule|Species Clause: Limit one of each Pokémon
|rule|OHKO Clause: OHKO moves are banned
|rule|Evasion Items Clause: Evasion items are banned
|rule|Evasion Moves Clause: Evasion moves are banned
|rule|Evasion Abilities Clause: Evasion abilities are banned
|rule|Sleep Moves Clause: Sleep-inducing moves are banned
|clearpoke
|poke|p1|Ogerpon, F|
|poke|p1|Zamazenta-*|
|poke|p1|Alomomola, F|
|poke|p1|Cinderace, F|
|poke|p1|Kyurem|
|poke|p1|Iron Treads|
|poke|p2|Dragapult, M|
|poke|p2|Samurott-Hisui, M|
|poke|p2|Rillaboom, F|
|poke|p2|Slowking-Galar, M|
|poke|p2|Kingambit, M|
|poke|p2|Corviknight, M|
|teampreview
|inactive|Battle timer is ON: inactive players will automatically lose when time's up. (requested by Udiggwhatimsayin)
|
|t:|1781403821
|teamsize|p1|6
|teamsize|p2|6
|start
|switch|p1a: Cinderace|Cinderace, F|100/100
|switch|p2a: Dragapult|Dragapult, M|100/100
|turn|1
|
|t:|1781403829
|switch|p2a: Samurott|Samurott-Hisui, M|100/100
|switch|p1a: Alomomola|Alomomola, F|100/100
|
|upkeep
|turn|2
|inactive|Udiggwhatimsayin has 120 seconds left.
|
|t:|1781403877
|move|p2a: Samurott|Knock Off|p1a: Alomomola
|-damage|p1a: Alomomola|68/100
|-enditem|p1a: Alomomola|Assault Vest|[from] move: Knock Off|[of] p2a: Samurott
|move|p1a: Alomomola|Play Rough|p2a: Samurott
|-supereffective|p2a: Samurott
|-damage|p2a: Samurott|57/100
|
|upkeep
|turn|3
|
|t:|1781403887
|switch|p2a: Slowking|Slowking-Galar, M|100/100
|move|p1a: Alomomola|Flip Turn|p2a: Slowking
|-damage|p2a: Slowking|83/100
|
|t:|1781403891
|switch|p1a: Iron Treads|Iron Treads|100/100|[from] Flip Turn
|
|upkeep
|turn|4
|
|t:|1781403902
|move|p1a: Iron Treads|Knock Off|p2a: Slowking
|-supereffective|p2a: Slowking
|-damage|p2a: Slowking|24/100
|-enditem|p2a: Slowking|Assault Vest|[from] move: Knock Off|[of] p1a: Iron Treads
|move|p2a: Slowking|Fire Blast|p1a: Iron Treads|[miss]
|-miss|p2a: Slowking|p1a: Iron Treads
|
|upkeep
|turn|5
|
|t:|1781403911
|-end|p1a: Iron Treads|Quark Drive|[silent]
|switch|p1a: Cinderace|Cinderace, F|100/100
|move|p2a: Slowking|Fire Blast|p1a: Cinderace
|-resisted|p1a: Cinderace
|-damage|p1a: Cinderace|74/100
|
|upkeep
|turn|6
|
|t:|1781403931
|switch|p2a: Dragapult|Dragapult, M|100/100
|move|p1a: Cinderace|U-turn|p2a: Dragapult
|-start|p1a: Cinderace|typechange|Bug|[from] ability: Libero
|-resisted|p2a: Dragapult
|-damage|p2a: Dragapult|79/100
|
|t:|1781403951
|switch|p1a: Alomomola|Alomomola, F|100/100|[from] U-turn
|
|upkeep
|turn|7
|inactive|Udiggwhatimsayin has 120 seconds left.
|inactive|Udiggwhatimsayin has 90 seconds left.
|
|t:|1781404003
|move|p2a: Dragapult|U-turn|p1a: Alomomola
|-damage|p1a: Alomomola|87/100
|inactive|overheat xyz has 120 seconds left.
|
|t:|1781404031
|switch|p2a: Rillaboom|Rillaboom, F|100/100|[from] U-turn
|-fieldstart|move: Grassy Terrain|[from] ability: Grassy Surge|[of] p2a: Rillaboom
|move|p1a: Alomomola|Play Rough|p2a: Rillaboom
|-damage|p2a: Rillaboom|82/100
|
|-heal|p2a: Rillaboom|88/100|[from] Grassy Terrain
|-heal|p1a: Alomomola|93/100|[from] Grassy Terrain
|upkeep
|turn|8
|inactive|overheat xyz has 120 seconds left.
|inactive|Udiggwhatimsayin has 90 seconds left.
|inactive|Udiggwhatimsayin has 60 seconds left.
|inactive|Udiggwhatimsayin has 30 seconds left.
|
|t:|1781404111
|switch|p1a: Kyurem|Kyurem|100/100
|-ability|p1a: Kyurem|Pressure
|move|p2a: Rillaboom|Wood Hammer|p1a: Kyurem
|-resisted|p1a: Kyurem
|-damage|p1a: Kyurem|37/100
|-damage|p2a: Rillaboom|64/100|[from] Recoil
|
|-heal|p1a: Kyurem|43/100|[from] Grassy Terrain
|-heal|p1a: Kyurem|49/100|[from] item: Leftovers
|-heal|p2a: Rillaboom|70/100|[from] Grassy Terrain
|upkeep
|turn|9
|
|t:|1781404122
|switch|p2a: Kingambit|Kingambit, M|100/100
|move|p1a: Kyurem|Freeze-Dry|p2a: Kingambit
|-resisted|p2a: Kingambit
|-damage|p2a: Kingambit|83/100
|
|-heal|p1a: Kyurem|55/100|[from] Grassy Terrain
|-heal|p1a: Kyurem|62/100|[from] item: Leftovers
|-heal|p2a: Kingambit|89/100|[from] Grassy Terrain
|-heal|p2a: Kingambit|95/100|[from] item: Leftovers
|upkeep
|turn|10
|
|t:|1781404133
|switch|p1a: Zamazenta|Zamazenta|100/100
|-ability|p1a: Zamazenta|Dauntless Shield|boost
|-boost|p1a: Zamazenta|def|1
|move|p2a: Kingambit|Iron Head|p1a: Zamazenta
|-damage|p1a: Zamazenta|79/100
|
|-heal|p1a: Zamazenta|85/100|[from] Grassy Terrain
|-heal|p1a: Zamazenta|91/100|[from] item: Leftovers
|-heal|p2a: Kingambit|100/100|[from] Grassy Terrain
|upkeep
|turn|11
|
|t:|1781404148
|-end|p2a: Kingambit|fallenundefined|[silent]
|switch|p2a: Corviknight|Corviknight, M|100/100
|-ability|p2a: Corviknight|Pressure
|move|p1a: Zamazenta|Crunch|p2a: Corviknight
|-damage|p2a: Corviknight|87/100
|-unboost|p2a: Corviknight|def|1
|-damage|p1a: Zamazenta|75/100|[from] item: Rocky Helmet|[of] p2a: Corviknight
|
|-heal|p1a: Zamazenta|81/100|[from] Grassy Terrain
|-heal|p1a: Zamazenta|87/100|[from] item: Leftovers
|-fieldend|move: Grassy Terrain
|upkeep
|turn|12
|
|t:|1781404157
|switch|p2a: Slowking|Slowking-Galar, M|57/100
|move|p1a: Zamazenta|Iron Defense|p1a: Zamazenta
|-boost|p1a: Zamazenta|def|2
|
|-heal|p1a: Zamazenta|93/100|[from] item: Leftovers
|upkeep
|turn|13
|
|t:|1781404170
|-terastallize|p1a: Zamazenta|Dark
|-terastallize|p2a: Slowking|Fairy
|move|p1a: Zamazenta|Crunch|p2a: Slowking
|-resisted|p2a: Slowking
|-damage|p2a: Slowking|41/100
|move|p2a: Slowking|Psychic Noise|p1a: Zamazenta
|-immune|p1a: Zamazenta
|
|-heal|p1a: Zamazenta|99/100|[from] item: Leftovers
|upkeep
|turn|14
|inactive|Udiggwhatimsayin has 60 seconds left.
|l|☆overheat xyz
|inactive|overheat xyz disconnected and has a minute to reconnect!
|player|p2|
|j|☆overheat xyz
|inactive|overheat xyz reconnected and has 80 seconds left.
|player|p2|overheat xyz|101|
|inactive|overheat xyz has 60 seconds left.
|
|t:|1781404226
|switch|p2a: Corviknight|Corviknight, M|87/100
|-ability|p2a: Corviknight|Pressure
|move|p1a: Zamazenta|Body Press|p2a: Corviknight
|-damage|p2a: Corviknight|37/100
|-damage|p1a: Zamazenta|83/100|[from] item: Rocky Helmet|[of] p2a: Corviknight
|
|-heal|p1a: Zamazenta|89/100|[from] item: Leftovers
|upkeep
|turn|15
|inactive|overheat xyz has 60 seconds left.
|
|t:|1781404239
|move|p1a: Zamazenta|Body Press|p2a: Corviknight
|-damage|p2a: Corviknight|0 fnt
|-damage|p1a: Zamazenta|73/100|[from] item: Rocky Helmet|[of] p2a: Corviknight
|faint|p2a: Corviknight
|
|-heal|p1a: Zamazenta|79/100|[from] item: Leftovers
|upkeep
|inactive|overheat xyz has 60 seconds left.
|
|t:|1781404256
|switch|p2a: Dragapult|Dragapult, M|79/100
|turn|16
|
|t:|1781404261
|switch|p1a: Alomomola|Alomomola, F|100/100
|move|p2a: Dragapult|Draco Meteor|p1a: Alomomola
|-damage|p1a: Alomomola|39/100
|-unboost|p2a: Dragapult|spa|2
|
|upkeep
|turn|17
|inactive|overheat xyz has 60 seconds left.
|
|t:|1781404284
|switch|p2a: Slowking|Slowking-Galar, M, tera:Fairy|75/100
|move|p1a: Alomomola|Flip Turn|p2a: Slowking
|-damage|p2a: Slowking|59/100
|
|t:|1781404291
|switch|p1a: Ogerpon|Ogerpon, F|100/100|[from] Flip Turn
|
|upkeep
|turn|18
|inactive|overheat xyz has 60 seconds left.
|
|t:|1781404309
|move|p1a: Ogerpon|Ivy Cudgel|p2a: Slowking
|-damage|p2a: Slowking|0 fnt
|faint|p2a: Slowking
|
|upkeep
|j| Partynparadise
|l|☆overheat xyz
|inactive|overheat xyz disconnected and has a minute to reconnect!
|player|p2|
|inactive|overheat xyz has 30 seconds left.
|j| cambonius
|l| cambonius
|inactive|overheat xyz has 20 seconds left.
|inactive|overheat xyz has 15 seconds left.
|inactive|overheat xyz has 10 seconds left.
|inactive|overheat xyz has 5 seconds left.
|-message|overheat xyz lost due to inactivity.
|
|win|Udiggwhatimsayin
|raw|Udiggwhatimsayin's rating: 1705 &rarr; <strong>1727</strong><br />(+22 for winning)
|raw|overheat xyz's rating: 1733 &rarr; <strong>1711</strong><br />(-22 for losing)
