|j|☆BlackStar150520
|j|☆suprya
|t:|1780896380
|gametype|singles
|player|p1|BlackStar150520|unknown|1565
|player|p2|suprya|clown|1672
|gen|9
|tier|[Gen 9] OU
|rated|
|rule|HP Percentage Mod: HP is shown in percentages
|rule|Endless Battle Clause: Forcing endless battles is banned
|rule|Species Clause: Limit one of each Pokémon
|rule|OHKO Clause: OHKO moves are banned
|rule|Evasion Items Clause: Evasion items are banned
|rule|Evasion Moves Clause: Evasion moves are banned
|rule|Evasion Abilities Clause: Evasion abilities are banned
|rule|Sleep Moves Clause: Sleep-inducing moves are banned
|clearpoke
|poke|p1|Raging Bolt|
|poke|p1|Great Tusk|
|poke|p1|Kyurem|
|poke|p1|Ogerpon-Wellspring, F|
|poke|p1|Kingambit, M|
|poke|p1|Deoxys-Defense|
|poke|p2|Landorus-Therian, M|
|poke|p2|Overqwil, M|
|poke|p2|Tauros-Paldea-Aqua, M|
|poke|p2|Salamence, F|
|poke|p2|Gholdengo|
|poke|p2|Slowking-Galar, M|
|teampreview
|inactive|Battle timer is ON: inactive players will automatically lose when time's up. (requested by suprya)
|inactive|BlackStar150520 also wants the timer to be on.
|inactive|suprya has 120 seconds left.
|inactive|suprya has 90 seconds left.
|inactive|suprya has 60 seconds left.
|
|t:|1780896472
|teamsize|p1|6
|teamsize|p2|6
|start
|switch|p1a: Kyurem|Kyurem, shiny|100/100
|switch|p2a: Overqwil|Overqwil, M|100/100
|-ability|p1a: Kyurem|Pressure
|-ability|p2a: Overqwil|Intimidate|boost
|-unboost|p1a: Kyurem|atk|1
|turn|1
|
|t:|1780896479
|switch|p2a: Slowking|Slowking-Galar, M|100/100
|move|p1a: Kyurem|Substitute|p1a: Kyurem
|-start|p1a: Kyurem|Substitute
|-damage|p1a: Kyurem|75/100
|
|-heal|p1a: Kyurem|82/100|[from] item: Leftovers
|upkeep
|turn|2
|
|t:|1780896486
|move|p1a: Kyurem|Earth Power|p2a: Slowking
|-supereffective|p2a: Slowking
|-damage|p2a: Slowking|63/100
|move|p2a: Slowking|Sludge Bomb|p1a: Kyurem
|-crit|p1a: Kyurem
|-end|p1a: Kyurem|Substitute
|
|-heal|p1a: Kyurem|88/100|[from] item: Leftovers
|upkeep
|turn|3
|
|t:|1780896496
|switch|p1a: Mega Donphan|Great Tusk|100/100
|-prepare|p2a: Slowking|Chilly Reception|[premajor]
|move|p2a: Slowking|Chilly Reception|p2a: Slowking
|-weather|Snowscape
|
|t:|1780896502
|switch|p2a: Tauros|Tauros-Paldea-Aqua, M|100/100|[from] Chilly Reception
|-ability|p2a: Tauros|Intimidate|boost
|-unboost|p1a: Mega Donphan|atk|1
|
|-weather|Snowscape|[upkeep]
|upkeep
|turn|4
|
|t:|1780896519
|move|p2a: Tauros|Close Combat|p1a: Mega Donphan
|-damage|p1a: Mega Donphan|59/100
|-unboost|p2a: Tauros|def|1
|-unboost|p2a: Tauros|spd|1
|move|p1a: Mega Donphan|Stealth Rock|p2a: Tauros
|-sidestart|p2: suprya|move: Stealth Rock
|
|-weather|Snowscape|[upkeep]
|upkeep
|turn|5
|
|t:|1780896528
|-end|p1a: Mega Donphan|Protosynthesis|[silent]
|switch|p1a: Deoxys|Deoxys-Defense, shiny|100/100
|-ability|p1a: Deoxys|Pressure
|move|p2a: Tauros|Raging Bull|p1a: Deoxys
|-damage|p1a: Deoxys|68/100
|
|-weather|Snowscape|[upkeep]
|-heal|p1a: Deoxys|74/100|[from] item: Leftovers
|upkeep
|turn|6
|
|t:|1780896535
|switch|p2a: Slowking|Slowking-Galar, M|97/100
|switch|p1a: Mega Donphan|Great Tusk|59/100
|
|-weather|Snowscape|[upkeep]
|upkeep
|turn|7
|
|t:|1780896544
|switch|p2a: Landorus|Landorus-Therian, M|100/100
|-damage|p2a: Landorus|88/100|[from] Stealth Rock
|-ability|p2a: Landorus|Intimidate|boost
|-unboost|p1a: Mega Donphan|atk|1
|move|p1a: Mega Donphan|Ice Spinner|p2a: Landorus
|-supereffective|p2a: Landorus
|-damage|p2a: Landorus|14/100
|-damage|p1a: Mega Donphan|43/100|[from] item: Rocky Helmet|[of] p2a: Landorus
|
|-weather|none
|upkeep
|turn|8
|
|t:|1780896551
|move|p2a: Landorus|Earth Power|p1a: Mega Donphan
|-damage|p1a: Mega Donphan|0 fnt
|faint|p1a: Mega Donphan
|-end|p1a: Mega Donphan|Protosynthesis|[silent]
|
|upkeep
|
|t:|1780896557
|switch|p1a: 🎭|Ogerpon-Wellspring, F|100/100
|turn|9
|
|t:|1780896561
|switch|p2a: Salamence|Salamence, F|100/100
|-ability|p2a: Salamence|Intimidate|boost
|-unboost|p1a: 🎭|atk|1
|move|p1a: 🎭|Ivy Cudgel|p2a: Salamence|[anim] Ivy Cudgel Water
|-resisted|p2a: Salamence
|-crit|p2a: Salamence
|-damage|p2a: Salamence|69/100
|
|upkeep
|turn|10
|
|t:|1780896565
|move|p1a: 🎭|Knock Off|p2a: Salamence
|-damage|p2a: Salamence|51/100
|-enditem|p2a: Salamence|Heavy-Duty Boots|[from] move: Knock Off|[of] p1a: 🎭
|move|p2a: Salamence|Roost|p2a: Salamence
|-heal|p2a: Salamence|100/100
|-singleturn|p2a: Salamence|move: Roost
|
|upkeep
|turn|11
|
|t:|1780896573
|move|p1a: 🎭|Encore|p2a: Salamence
|-start|p2a: Salamence|Encore
|move|p2a: Salamence|Roost||[still]
|-fail|p2a: Salamence|heal
|
|upkeep
|turn|12
|
|t:|1780896578
|switch|p1a: Kyurem|Kyurem, shiny|88/100
|-ability|p1a: Kyurem|Pressure
|switch|p2a: Overqwil|Overqwil, M|100/100
|-ability|p2a: Overqwil|Intimidate|boost
|-unboost|p1a: Kyurem|atk|1
|
|-heal|p1a: Kyurem|94/100|[from] item: Leftovers
|upkeep
|turn|13
|
|t:|1780896592
|switch|p1a: Aizen🗡️|Kingambit, M, shiny|100/100
|-activate|p1a: Aizen🗡️|ability: Supreme Overlord
|-start|p1a: Aizen🗡️|fallen1|[silent]
|move|p2a: Overqwil|Gunk Shot|p1a: Aizen🗡️
|-immune|p1a: Aizen🗡️
|
|upkeep
|turn|14
|
|t:|1780896600
|move|p2a: Overqwil|Spikes|p1a: Aizen🗡️
|-sidestart|p1: BlackStar150520|Spikes
|move|p1a: Aizen🗡️|Iron Head|p2a: Overqwil
|-damage|p2a: Overqwil|67/100
|
|upkeep
|turn|15
|
|t:|1780896608
|switch|p2a: Tauros|Tauros-Paldea-Aqua, M|100/100
|-damage|p2a: Tauros|95/100|[from] Stealth Rock
|-ability|p2a: Tauros|Intimidate|boost
|-unboost|p1a: Aizen🗡️|atk|1
|move|p1a: Aizen🗡️|Swords Dance|p1a: Aizen🗡️
|-boost|p1a: Aizen🗡️|atk|2
|
|upkeep
|turn|16
|
|t:|1780896618
|-end|p1a: Aizen🗡️|fallen1|[silent]
|switch|p1a: Deoxys|Deoxys-Defense, shiny|74/100
|-damage|p1a: Deoxys|62/100|[from] Spikes
|-ability|p1a: Deoxys|Pressure
|move|p2a: Tauros|Close Combat|p1a: Deoxys
|-resisted|p1a: Deoxys
|-damage|p1a: Deoxys|40/100
|-unboost|p2a: Tauros|def|1
|-unboost|p2a: Tauros|spd|1
|
|-heal|p1a: Deoxys|46/100|[from] item: Leftovers
|upkeep
|turn|17
|
|t:|1780896624
|switch|p2a: Slowking|Slowking-Galar, M|100/100
|move|p1a: Deoxys|Recover|p1a: Deoxys
|-heal|p1a: Deoxys|96/100
|
|-heal|p1a: Deoxys|100/100|[from] item: Leftovers
|upkeep
|turn|18
|
|t:|1780896629
|move|p1a: Deoxys|Substitute|p1a: Deoxys
|-start|p1a: Deoxys|Substitute
|-damage|p1a: Deoxys|75/100
|move|p2a: Slowking|Thunder Wave||[still]
|-fail|p2a: Slowking
|
|-heal|p1a: Deoxys|82/100|[from] item: Leftovers
|upkeep
|turn|19
|
|t:|1780896632
|move|p1a: Deoxys|Night Shade|p2a: Slowking
|-damage|p2a: Slowking|75/100
|move|p2a: Slowking|Sludge Bomb|p1a: Deoxys
|-activate|p1a: Deoxys|move: Substitute|[damage]
|
|-heal|p1a: Deoxys|88/100|[from] item: Leftovers
|upkeep
|turn|20
|
|t:|1780896636
|move|p1a: Deoxys|Protect|p1a: Deoxys
|-singleturn|p1a: Deoxys|Protect
|move|p2a: Slowking|Sludge Bomb|p1a: Deoxys
|-activate|p1a: Deoxys|move: Protect
|
|-heal|p1a: Deoxys|94/100|[from] item: Leftovers
|upkeep
|turn|21
|
|t:|1780896640
|move|p1a: Deoxys|Night Shade|p2a: Slowking
|-damage|p2a: Slowking|50/100
|move|p2a: Slowking|Sludge Bomb|p1a: Deoxys
|-end|p1a: Deoxys|Substitute
|
|-heal|p1a: Deoxys|100/100|[from] item: Leftovers
|upkeep
|turn|22
|
|t:|1780896643
|move|p1a: Deoxys|Substitute|p1a: Deoxys
|-start|p1a: Deoxys|Substitute
|-damage|p1a: Deoxys|75/100
|-prepare|p2a: Slowking|Chilly Reception|[premajor]
|move|p2a: Slowking|Chilly Reception|p2a: Slowking
|-weather|Snowscape
|inactive|suprya has 120 seconds left.
|
|t:|1780896675
|switch|p2a: Gholdengo|Gholdengo|100/100|[from] Chilly Reception
|-damage|p2a: Gholdengo|94/100|[from] Stealth Rock
|-item|p2a: Gholdengo|Air Balloon
|
|-weather|Snowscape|[upkeep]
|-heal|p1a: Deoxys|82/100|[from] item: Leftovers
|upkeep
|turn|23
|
|t:|1780896684
|move|p1a: Deoxys|Protect|p1a: Deoxys
|-singleturn|p1a: Deoxys|Protect
|move|p2a: Gholdengo|Nasty Plot|p2a: Gholdengo
|-boost|p2a: Gholdengo|spa|2
|
|-weather|Snowscape|[upkeep]
|-heal|p1a: Deoxys|88/100|[from] item: Leftovers
|upkeep
|turn|24
|
|t:|1780896687
|move|p1a: Deoxys|Night Shade|p2a: Gholdengo
|-damage|p2a: Gholdengo|68/100
|-enditem|p2a: Gholdengo|Air Balloon
|move|p2a: Gholdengo|Shadow Ball|p1a: Deoxys
|-supereffective|p1a: Deoxys
|-end|p1a: Deoxys|Substitute
|
|-weather|Snowscape|[upkeep]
|-heal|p1a: Deoxys|94/100|[from] item: Leftovers
|upkeep
|turn|25
|
|t:|1780896695
|move|p1a: Deoxys|Protect|p1a: Deoxys
|-singleturn|p1a: Deoxys|Protect
|move|p2a: Gholdengo|Shadow Ball|p1a: Deoxys
|-activate|p1a: Deoxys|move: Protect
|
|-weather|Snowscape|[upkeep]
|-heal|p1a: Deoxys|100/100|[from] item: Leftovers
|upkeep
|turn|26
|
|t:|1780896702
|move|p1a: Deoxys|Substitute|p1a: Deoxys
|-start|p1a: Deoxys|Substitute
|-damage|p1a: Deoxys|75/100
|move|p2a: Gholdengo|Shadow Ball|p1a: Deoxys
|-supereffective|p1a: Deoxys
|-end|p1a: Deoxys|Substitute
|
|-weather|none
|-heal|p1a: Deoxys|82/100|[from] item: Leftovers
|upkeep
|turn|27
|
|t:|1780896711
|move|p1a: Deoxys|Substitute|p1a: Deoxys
|-start|p1a: Deoxys|Substitute
|-damage|p1a: Deoxys|57/100
|move|p2a: Gholdengo|Recover|p2a: Gholdengo
|-heal|p2a: Gholdengo|100/100
|
|-heal|p1a: Deoxys|63/100|[from] item: Leftovers
|upkeep
|turn|28
|
|t:|1780896716
|move|p1a: Deoxys|Protect|p1a: Deoxys
|-singleturn|p1a: Deoxys|Protect
|move|p2a: Gholdengo|Nasty Plot|p2a: Gholdengo
|-boost|p2a: Gholdengo|spa|2
|
|-heal|p1a: Deoxys|69/100|[from] item: Leftovers
|upkeep
|turn|29
|
|t:|1780896719
|move|p1a: Deoxys|Night Shade|p2a: Gholdengo
|-damage|p2a: Gholdengo|74/100
|move|p2a: Gholdengo|Shadow Ball|p1a: Deoxys
|-supereffective|p1a: Deoxys
|-end|p1a: Deoxys|Substitute
|
|-heal|p1a: Deoxys|75/100|[from] item: Leftovers
|upkeep
|turn|30
|
|t:|1780896726
|move|p1a: Deoxys|Protect|p1a: Deoxys
|-singleturn|p1a: Deoxys|Protect
|move|p2a: Gholdengo|Shadow Ball|p1a: Deoxys
|-activate|p1a: Deoxys|move: Protect
|
|-heal|p1a: Deoxys|82/100|[from] item: Leftovers
|upkeep
|turn|31
|
|t:|1780896729
|move|p1a: Deoxys|Substitute|p1a: Deoxys
|-start|p1a: Deoxys|Substitute
|-damage|p1a: Deoxys|57/100
|move|p2a: Gholdengo|Shadow Ball|p1a: Deoxys
|-supereffective|p1a: Deoxys
|-end|p1a: Deoxys|Substitute
|
|-heal|p1a: Deoxys|63/100|[from] item: Leftovers
|upkeep
|turn|32
|
|t:|1780896735
|move|p1a: Deoxys|Substitute|p1a: Deoxys
|-start|p1a: Deoxys|Substitute
|-damage|p1a: Deoxys|38/100
|move|p2a: Gholdengo|Shadow Ball|p1a: Deoxys
|-supereffective|p1a: Deoxys
|-end|p1a: Deoxys|Substitute
|
|-heal|p1a: Deoxys|44/100|[from] item: Leftovers
|upkeep
|turn|33
|
|t:|1780896743
|move|p1a: Deoxys|Substitute|p1a: Deoxys
|-start|p1a: Deoxys|Substitute
|-damage|p1a: Deoxys|19/100
|move|p2a: Gholdengo|Shadow Ball|p1a: Deoxys
|-supereffective|p1a: Deoxys
|-end|p1a: Deoxys|Substitute
|
|-heal|p1a: Deoxys|25/100|[from] item: Leftovers
|upkeep
|turn|34
|
|t:|1780896748
|move|p1a: Deoxys|Protect|p1a: Deoxys
|-singleturn|p1a: Deoxys|Protect
|move|p2a: Gholdengo|Nasty Plot|p2a: Gholdengo
|-boost|p2a: Gholdengo|spa|2
|
|-heal|p1a: Deoxys|32/100|[from] item: Leftovers
|upkeep
|turn|35
|
|t:|1780896753
|move|p1a: Deoxys|Substitute|p1a: Deoxys
|-start|p1a: Deoxys|Substitute
|-damage|p1a: Deoxys|7/100
|move|p2a: Gholdengo|Shadow Ball|p1a: Deoxys
|-supereffective|p1a: Deoxys
|-end|p1a: Deoxys|Substitute
|
|-heal|p1a: Deoxys|13/100|[from] item: Leftovers
|upkeep
|turn|36
|
|t:|1780896761
|move|p1a: Deoxys|Night Shade|p2a: Gholdengo
|-damage|p2a: Gholdengo|48/100
|move|p2a: Gholdengo|Recover|p2a: Gholdengo
|-heal|p2a: Gholdengo|98/100
|
|-heal|p1a: Deoxys|19/100|[from] item: Leftovers
|upkeep
|turn|37
|
|t:|1780896772
|move|p1a: Deoxys|Protect|p1a: Deoxys
|-singleturn|p1a: Deoxys|Protect
|move|p2a: Gholdengo|Shadow Ball|p1a: Deoxys
|-activate|p1a: Deoxys|move: Protect
|
|-heal|p1a: Deoxys|25/100|[from] item: Leftovers
|upkeep
|turn|38
|
|t:|1780896780
|move|p1a: Deoxys|Substitute|p1a: Deoxys
|-fail|p1a: Deoxys|move: Substitute|[weak]
|move|p2a: Gholdengo|Shadow Ball|p1a: Deoxys
|-supereffective|p1a: Deoxys
|-damage|p1a: Deoxys|0 fnt
|faint|p1a: Deoxys
|
|upkeep
|
|t:|1780896793
|switch|p1a: Aizen🗡️|Kingambit, M, shiny|100/100
|-damage|p1a: Aizen🗡️|88/100|[from] Spikes
|-activate|p1a: Aizen🗡️|ability: Supreme Overlord
|-start|p1a: Aizen🗡️|fallen2|[silent]
|turn|39
|
|t:|1780896799
|-terastallize|p2a: Gholdengo|Fairy
|move|p1a: Aizen🗡️|Sucker Punch|p2a: Gholdengo
|-resisted|p2a: Gholdengo
|-damage|p2a: Gholdengo|80/100
|move|p2a: Gholdengo|Make It Rain|p1a: Aizen🗡️
|-resisted|p1a: Aizen🗡️
|-damage|p1a: Aizen🗡️|0 fnt
|-unboost|p2a: Gholdengo|spa|1
|faint|p1a: Aizen🗡️
|-end|p1a: Aizen🗡️|fallen2|[silent]
|
|upkeep
|
|t:|1780896806
|switch|p1a: 🎭|Ogerpon-Wellspring, F|100/100
|-damage|p1a: 🎭|88/100|[from] Spikes
|turn|40
|
|t:|1780896810
|move|p1a: 🎭|Ivy Cudgel|p2a: Gholdengo|[anim] Ivy Cudgel Water
|-damage|p2a: Gholdengo|36/100
|move|p2a: Gholdengo|Shadow Ball|p1a: 🎭
|-damage|p1a: 🎭|0 fnt
|faint|p1a: 🎭
|
|upkeep
|
|t:|1780896814
|switch|p1a: Kyurem|Kyurem, shiny|94/100
|-damage|p1a: Kyurem|81/100|[from] Spikes
|-ability|p1a: Kyurem|Pressure
|turn|41
|
|t:|1780896834
|move|p1a: Kyurem|Flash Cannon|p2a: Gholdengo
|-supereffective|p2a: Gholdengo
|-damage|p2a: Gholdengo|0 fnt
|faint|p2a: Gholdengo
|
|-heal|p1a: Kyurem|87/100|[from] item: Leftovers
|upkeep
|
|t:|1780896836
|switch|p2a: Tauros|Tauros-Paldea-Aqua, M|95/100
|-damage|p2a: Tauros|89/100|[from] Stealth Rock
|-ability|p2a: Tauros|Intimidate|boost
|-unboost|p1a: Kyurem|atk|1
|turn|42
|j| rexa2
|
|t:|1780896845
|move|p2a: Tauros|Close Combat|p1a: Kyurem
|-supereffective|p1a: Kyurem
|-damage|p1a: Kyurem|0 fnt
|-unboost|p2a: Tauros|def|1
|-unboost|p2a: Tauros|spd|1
|faint|p1a: Kyurem
|
|upkeep
|
|t:|1780896847
|switch|p1a: ⚡️|Raging Bolt|100/100
|-damage|p1a: ⚡️|88/100|[from] Spikes
|turn|43
|
|t:|1780896858
|move|p1a: ⚡️|Thunderclap|p2a: Tauros
|-supereffective|p2a: Tauros
|-damage|p2a: Tauros|0 fnt
|faint|p2a: Tauros
|
|-heal|p1a: ⚡️|94/100|[from] item: Leftovers
|upkeep
|
|t:|1780896871
|switch|p2a: Landorus|Landorus-Therian, M|14/100
|-damage|p2a: Landorus|2/100|[from] Stealth Rock
|-ability|p2a: Landorus|Intimidate|boost
|-unboost|p1a: ⚡️|atk|1
|turn|44
|j| crust king kahn
|
|t:|1780896887
|-terastallize|p1a: ⚡️|Bug
|move|p2a: Landorus|Taunt|p1a: ⚡️
|-start|p1a: ⚡️|move: Taunt
|cant|p1a: ⚡️|move: Taunt|Calm Mind
|
|-heal|p1a: ⚡️|99/100|[from] item: Leftovers
|upkeep
|turn|45
|
|t:|1780896909
|move|p2a: Landorus|Earth Power|p1a: ⚡️
|-resisted|p1a: ⚡️
|-damage|p1a: ⚡️|85/100
|move|p1a: ⚡️|Dragon Pulse|p2a: Landorus
|-damage|p2a: Landorus|0 fnt
|faint|p2a: Landorus
|
|-heal|p1a: ⚡️|91/100|[from] item: Leftovers
|upkeep
|
|t:|1780896915
|switch|p2a: Slowking|Slowking-Galar, M|83/100
|turn|46
|inactive|BlackStar150520 has 120 seconds left.
|
|t:|1780896946
|move|p1a: ⚡️|Thunderbolt|p2a: Slowking
|-damage|p2a: Slowking|50/100
|move|p2a: Slowking|Sludge Bomb|p1a: ⚡️
|-damage|p1a: ⚡️|61/100
|
|-heal|p1a: ⚡️|67/100|[from] item: Leftovers
|-end|p1a: ⚡️|move: Taunt
|upkeep
|turn|47
|
|t:|1780896952
|move|p1a: ⚡️|Calm Mind|p1a: ⚡️
|-boost|p1a: ⚡️|spa|1
|-boost|p1a: ⚡️|spd|1
|move|p2a: Slowking|Sludge Bomb|p1a: ⚡️
|-damage|p1a: ⚡️|44/100
|
|-heal|p1a: ⚡️|50/100|[from] item: Leftovers
|upkeep
|turn|48
|
|t:|1780896964
|move|p1a: ⚡️|Calm Mind|p1a: ⚡️
|-boost|p1a: ⚡️|spa|1
|-boost|p1a: ⚡️|spd|1
|move|p2a: Slowking|Sludge Bomb|p1a: ⚡️
|-damage|p1a: ⚡️|35/100
|-status|p1a: ⚡️|psn
|
|-heal|p1a: ⚡️|41/100 psn|[from] item: Leftovers
|-damage|p1a: ⚡️|29/100 psn|[from] psn
|upkeep
|turn|49
|
|t:|1780896969
|switch|p2a: Overqwil|Overqwil, M|67/100
|-ability|p2a: Overqwil|Intimidate|boost
|-unboost|p1a: ⚡️|atk|1
|move|p1a: ⚡️|Thunderbolt|p2a: Overqwil
|-damage|p2a: Overqwil|0 fnt
|faint|p2a: Overqwil
|
|-heal|p1a: ⚡️|35/100 psn|[from] item: Leftovers
|-damage|p1a: ⚡️|22/100 psn|[from] psn
|upkeep
|
|t:|1780896974
|switch|p2a: Salamence|Salamence, F|100/100
|-damage|p2a: Salamence|76/100|[from] Stealth Rock
|-ability|p2a: Salamence|Intimidate|boost
|-unboost|p1a: ⚡️|atk|1
|turn|50
|
|t:|1780896981
|move|p1a: ⚡️|Thunderclap|p2a: Salamence
|-damage|p2a: Salamence|0 fnt
|faint|p2a: Salamence
|
|-heal|p1a: ⚡️|29/100 psn|[from] item: Leftovers
|-damage|p1a: ⚡️|16/100 psn|[from] psn
|upkeep
|
|t:|1780896984
|switch|p2a: Slowking|Slowking-Galar, M|83/100
|turn|51
|
|t:|1780896990
|move|p1a: ⚡️|Thunderbolt|p2a: Slowking
|-damage|p2a: Slowking|22/100
|move|p2a: Slowking|Sludge Bomb|p1a: ⚡️
|-damage|p1a: ⚡️|1/100 psn
|
|-heal|p1a: ⚡️|7/100 psn|[from] item: Leftovers
|-damage|p1a: ⚡️|0 fnt|[from] psn
|faint|p1a: ⚡️
|-end|p1a: ⚡️|Protosynthesis|[silent]
|
|win|suprya
|raw|BlackStar150520's rating: 1565 &rarr; <strong>1551</strong><br />(-14 for losing)
|raw|suprya's rating: 1672 &rarr; <strong>1686</strong><br />(+14 for winning)
|l|☆BlackStar150520
|player|p1|
|l|☆suprya
|player|p2|
|l| crust king kahn
|l| rexa2
