|j|☆Sashannarcy
|j|☆barbordor
|t:|1781072600
|gametype|singles
|player|p1|Sashannarcy|unknownf|1538
|player|p2|barbordor|101|1586
|gen|9
|tier|[Gen 9] OU
|rated|
|rule|HP Percentage Mod: HP is shown in percentages
|rule|Endless Battle Clause: Forcing endless battles is banned
|rule|Species Clause: Limit one of each Pokémon
|rule|OHKO Clause: OHKO moves are banned
|rule|Evasion Items Clause: Evasion items are banned
|rule|Evasion Moves Clause: Evasion moves are banned
|rule|Evasion Abilities Clause: Evasion abilities are banned
|rule|Sleep Moves Clause: Sleep-inducing moves are banned
|clearpoke
|poke|p1|Komala, F|
|poke|p1|Blissey, F|
|poke|p1|Dondozo, M|
|poke|p1|Gliscor, F|
|poke|p1|Clefable, M|
|poke|p1|Toxapex, F|
|poke|p2|Ceruledge, F|
|poke|p2|Breloom, M|
|poke|p2|Dragonite, M|
|poke|p2|Kingambit, F|
|poke|p2|Great Tusk|
|poke|p2|Weavile, F|
|teampreview
|inactive|Battle timer is ON: inactive players will automatically lose when time's up. (requested by barbordor)
|
|t:|1781072616
|teamsize|p1|6
|teamsize|p2|6
|start
|switch|p1a: Gliscor|Gliscor, F|100/100
|switch|p2a: Weavile|Weavile, F|100/100
|-ability|p2a: Weavile|Pressure
|turn|1
|
|t:|1781072621
|move|p1a: Gliscor|Protect|p1a: Gliscor
|-singleturn|p1a: Gliscor|Protect
|move|p2a: Weavile|Swords Dance|p2a: Weavile
|-boost|p2a: Weavile|atk|2
|
|-status|p1a: Gliscor|tox|[from] item: Toxic Orb
|upkeep
|turn|2
|
|t:|1781072627
|-terastallize|p2a: Weavile|Dark
|move|p2a: Weavile|Beat Up|p1a: Gliscor
|-damage|p1a: Gliscor|87/100 tox
|-damage|p1a: Gliscor|73/100 tox
|-damage|p1a: Gliscor|60/100 tox
|-damage|p1a: Gliscor|45/100 tox
|-damage|p1a: Gliscor|31/100 tox
|-damage|p1a: Gliscor|16/100 tox
|-hitcount|p1a: Gliscor|6
|move|p1a: Gliscor|Toxic|p2a: Weavile
|-status|p2a: Weavile|tox
|
|-damage|p2a: Weavile|94/100 tox|[from] psn
|-heal|p1a: Gliscor|29/100 tox|[from] ability: Poison Heal
|upkeep
|turn|3
|
|t:|1781072642
|move|p1a: Gliscor|Protect|p1a: Gliscor
|-singleturn|p1a: Gliscor|Protect
|move|p2a: Weavile|Beat Up|p1a: Gliscor
|-activate|p1a: Gliscor|move: Protect
|
|-damage|p2a: Weavile|82/100 tox|[from] psn
|-heal|p1a: Gliscor|41/100 tox|[from] ability: Poison Heal
|upkeep
|turn|4
|
|t:|1781072649
|switch|p1a: Blissey|Blissey, F|100/100
|move|p2a: Weavile|Beat Up|p1a: Blissey
|-damage|p1a: Blissey|71/100
|-damage|p1a: Blissey|36/100
|-damage|p1a: Blissey|3/100
|-damage|p1a: Blissey|0 fnt
|faint|p1a: Blissey
|-hitcount|p1: Blissey|4
|
|-damage|p2a: Weavile|64/100 tox|[from] psn
|upkeep
|
|t:|1781072652
|switch|p1a: Dondozo|Dondozo, M|100/100
|turn|5
|
|t:|1781072654
|move|p2a: Weavile|Beat Up|p1a: Dondozo
|-damage|p1a: Dondozo|95/100
|-damage|p1a: Dondozo|90/100
|-damage|p1a: Dondozo|84/100
|-damage|p1a: Dondozo|78/100
|-damage|p1a: Dondozo|72/100
|-damage|p1a: Dondozo|67/100
|-hitcount|p1a: Dondozo|6
|move|p1a: Dondozo|Curse|p1a: Dondozo
|-unboost|p1a: Dondozo|spe|1
|-boost|p1a: Dondozo|atk|1
|-boost|p1a: Dondozo|def|1
|
|-damage|p2a: Weavile|40/100 tox|[from] psn
|upkeep
|turn|6
|
|t:|1781072658
|move|p2a: Weavile|Beat Up|p1a: Dondozo
|-damage|p1a: Dondozo|63/100
|-damage|p1a: Dondozo|59/100
|-damage|p1a: Dondozo|55/100
|-damage|p1a: Dondozo|51/100
|-damage|p1a: Dondozo|47/100
|-damage|p1a: Dondozo|44/100
|-hitcount|p1a: Dondozo|6
|move|p1a: Dondozo|Curse|p1a: Dondozo
|-unboost|p1a: Dondozo|spe|1
|-boost|p1a: Dondozo|atk|1
|-boost|p1a: Dondozo|def|1
|
|-damage|p2a: Weavile|10/100 tox|[from] psn
|upkeep
|turn|7
|
|t:|1781072662
|move|p2a: Weavile|Beat Up|p1a: Dondozo
|-damage|p1a: Dondozo|41/100
|-damage|p1a: Dondozo|38/100
|-damage|p1a: Dondozo|35/100
|-damage|p1a: Dondozo|33/100
|-damage|p1a: Dondozo|29/100
|-damage|p1a: Dondozo|27/100
|-hitcount|p1a: Dondozo|6
|move|p1a: Dondozo|Rest|p1a: Dondozo
|-status|p1a: Dondozo|slp|[from] move: Rest
|-heal|p1a: Dondozo|100/100 slp|[silent]
|
|-damage|p2a: Weavile|0 fnt|[from] psn
|faint|p2a: Weavile
|upkeep
|
|t:|1781072665
|switch|p2a: Dragonite|Dragonite, M|100/100
|turn|8
|
|t:|1781072670
|move|p2a: Dragonite|Encore|p1a: Dondozo
|-start|p1a: Dondozo|Encore
|cant|p1a: Dondozo|slp
|
|upkeep
|turn|9
|
|t:|1781072674
|move|p2a: Dragonite|Dragon Dance|p2a: Dragonite
|-boost|p2a: Dragonite|atk|1
|-boost|p2a: Dragonite|spe|1
|cant|p1a: Dondozo|slp
|
|upkeep
|turn|10
|
|t:|1781072677
|switch|p1a: Toxapex|Toxapex, F|100/100
|move|p2a: Dragonite|Dragon Dance|p2a: Dragonite
|-boost|p2a: Dragonite|atk|1
|-boost|p2a: Dragonite|spe|1
|
|upkeep
|turn|11
|
|t:|1781072680
|-terastallize|p1a: Toxapex|Ghost
|move|p2a: Dragonite|Extreme Speed|p1a: Toxapex
|-immune|p1a: Toxapex
|move|p1a: Toxapex|Toxic|p2a: Dragonite
|-status|p2a: Dragonite|tox
|
|-damage|p2a: Dragonite|94/100 tox|[from] psn
|upkeep
|turn|12
|
|t:|1781072686
|switch|p1a: Gliscor|Gliscor, F|41/100 tox
|move|p2a: Dragonite|Encore||[still]
|-fail|p2a: Dragonite
|
|-damage|p2a: Dragonite|82/100 tox|[from] psn
|-heal|p1a: Gliscor|54/100 tox|[from] ability: Poison Heal
|upkeep
|turn|13
|
|t:|1781072691
|move|p1a: Gliscor|Protect|p1a: Gliscor
|-singleturn|p1a: Gliscor|Protect
|move|p2a: Dragonite|Fire Punch|p1a: Gliscor
|-activate|p1a: Gliscor|move: Protect
|
|-damage|p2a: Dragonite|63/100 tox|[from] psn
|-heal|p1a: Gliscor|66/100 tox|[from] ability: Poison Heal
|upkeep
|turn|14
|
|t:|1781072699
|switch|p1a: Dondozo|Dondozo, M|100/100 slp
|move|p2a: Dragonite|Fire Punch|p1a: Dondozo
|-resisted|p1a: Dondozo
|-damage|p1a: Dondozo|95/100 slp
|
|-damage|p2a: Dragonite|39/100 tox|[from] psn
|upkeep
|turn|15
|
|t:|1781072704
|switch|p2a: Breloom|Breloom, M|100/100
|switch|p1a: Toxapex|Toxapex, F, tera:Ghost|100/100
|
|upkeep
|turn|16
|
|t:|1781072709
|switch|p2a: Kingambit|Kingambit, F|100/100
|-activate|p2a: Kingambit|ability: Supreme Overlord
|-start|p2a: Kingambit|fallen1|[silent]
|-item|p2a: Kingambit|Air Balloon
|move|p1a: Toxapex|Toxic|p2a: Kingambit
|-immune|p2a: Kingambit
|
|upkeep
|turn|17
|
|t:|1781072716
|switch|p1a: Dondozo|Dondozo, M|95/100 slp
|move|p2a: Kingambit|Kowtow Cleave|p1a: Dondozo
|-damage|p1a: Dondozo|70/100 slp
|
|upkeep
|turn|18
|
|t:|1781072722
|-end|p2a: Kingambit|fallen1|[silent]
|switch|p2a: Breloom|Breloom, M|100/100
|-curestatus|p1a: Dondozo|slp|[msg]
|move|p1a: Dondozo|Sleep Talk||[still]
|-fail|p1a: Dondozo
|
|upkeep
|turn|19
|
|t:|1781072726
|switch|p1a: Toxapex|Toxapex, F, tera:Ghost|100/100
|move|p2a: Breloom|Bullet Seed|p1a: Toxapex
|-damage|p1a: Toxapex|88/100
|-damage|p1a: Toxapex|73/100
|-damage|p1a: Toxapex|59/100
|-damage|p1a: Toxapex|46/100
|-hitcount|p1a: Toxapex|4
|
|upkeep
|turn|20
|-message|Sashannarcy forfeited.
|
|win|barbordor
|raw|Sashannarcy's rating: 1538 &rarr; <strong>1521</strong><br />(-17 for losing)
|raw|barbordor's rating: 1586 &rarr; <strong>1603</strong><br />(+17 for winning)
|l|☆Sashannarcy
|player|p1|
|l|☆barbordor
|player|p2|
