|badge|p2|bronze|gen9ubers|100-9
|uhtml|medal-msg|<div class="broadcast-blue">Curious what those medals under the avatar are? PS now has Ladder Seasons! For more information, check out the <a href="https://www.smogon.com/forums/threads/3740067/">thread on Smogon.</a></div>
|j|☆diav
|j|☆goodnightnite
|t:|1780910515
|gametype|singles
|player|p1|diav|flannery|1627
|player|p2|goodnightnite|miku-water|1690
|gen|9
|tier|[Gen 9] OU
|rated|
|rule|HP Percentage Mod: HP is shown in percentages
|rule|Endless Battle Clause: Forcing endless battles is banned
|rule|Species Clause: Limit one of each Pokémon
|rule|OHKO Clause: OHKO moves are banned
|rule|Evasion Items Clause: Evasion items are banned
|rule|Evasion Moves Clause: Evasion moves are banned
|rule|Evasion Abilities Clause: Evasion abilities are banned
|rule|Sleep Moves Clause: Sleep-inducing moves are banned
|clearpoke
|poke|p1|Deoxys-Speed|
|poke|p1|Kommo-o, F|
|poke|p1|Iron Crown|
|poke|p1|Great Tusk|
|poke|p1|Latias, F|
|poke|p1|Scizor, M|
|poke|p2|Primarina, M|
|poke|p2|Zamazenta-*|
|poke|p2|Gholdengo|
|poke|p2|Rillaboom, M|
|poke|p2|Glimmora, M|
|poke|p2|Hydreigon, M|
|teampreview
|inactive|Battle timer is ON: inactive players will automatically lose when time's up. (requested by diav)
|inactive|goodnightnite also wants the timer to be on.
|inactive|goodnightnite has 120 seconds left.
|
|t:|1780910547
|teamsize|p1|6
|teamsize|p2|6
|start
|switch|p1a: Justice|Iron Crown|100/100
|switch|p2a: Celestine|Primarina, M, shiny|100/100
|-enditem|p1a: Justice|Booster Energy
|-activate|p1a: Justice|ability: Quark Drive|[fromitem]
|-start|p1a: Justice|quarkdrivespe
|turn|1
|
|t:|1780910552
|move|p1a: Justice|Calm Mind|p1a: Justice
|-boost|p1a: Justice|spa|1
|-boost|p1a: Justice|spd|1
|move|p2a: Celestine|Flip Turn|p1a: Justice
|-damage|p1a: Justice|86/100
|
|t:|1780910556
|switch|p2a: Kong|Rillaboom, M, shiny|100/100|[from] Flip Turn
|-fieldstart|move: Grassy Terrain|[from] ability: Grassy Surge|[of] p2a: Kong
|
|-heal|p1a: Justice|92/100|[from] Grassy Terrain
|upkeep
|turn|2
|
|t:|1780910569
|move|p1a: Justice|Tachyon Cutter|p2a: Kong
|-damage|p2a: Kong|53/100
|-damage|p2a: Kong|10/100
|-hitcount|p2a: Kong|2
|move|p2a: Kong|High Horsepower|p1a: Justice
|-supereffective|p1a: Justice
|-damage|p1a: Justice|6/100
|-damage|p2a: Kong|0 fnt|[from] item: Life Orb
|faint|p2a: Kong
|
|-heal|p1a: Justice|12/100|[from] Grassy Terrain
|upkeep
|
|t:|1780910579
|switch|p2a: Celestine|Primarina, M, shiny|100/100
|turn|3
|
|t:|1780910581
|move|p1a: Justice|Psyshock|p2a: Celestine
|-damage|p2a: Celestine|41/100
|move|p2a: Celestine|Flip Turn|p1a: Justice
|-crit|p1a: Justice
|-damage|p1a: Justice|0 fnt
|faint|p1a: Justice
|-end|p1a: Justice|Quark Drive|[silent]
|
|t:|1780910586
|switch|p2a: Hybrid|Hydreigon, M, shiny|100/100|[from] Flip Turn
|
|upkeep
|
|t:|1780910592
|switch|p1a: bug|Scizor, M|100/100
|turn|4
|
|t:|1780910597
|switch|p2a: Spirit Rush|Gholdengo, shiny|100/100
|-enditem|p2a: Spirit Rush|Grassy Seed
|-boost|p2a: Spirit Rush|def|1|[from] item: Grassy Seed
|move|p1a: bug|Swords Dance|p1a: bug
|-boost|p1a: bug|atk|2
|
|upkeep
|turn|5
|j| choispecs ironmoth
|
|t:|1780910607
|move|p2a: Spirit Rush|Shadow Ball|p1a: bug
|-damage|p1a: bug|60/100
|move|p1a: bug|Knock Off|p2a: Spirit Rush
|-supereffective|p2a: Spirit Rush
|-damage|p2a: Spirit Rush|35/100
|
|-heal|p2a: Spirit Rush|41/100|[from] Grassy Terrain
|-heal|p1a: bug|66/100|[from] Grassy Terrain
|-heal|p1a: bug|72/100|[from] item: Leftovers
|-fieldend|move: Grassy Terrain
|upkeep
|turn|6
|
|t:|1780910613
|move|p1a: bug|Bullet Punch|p2a: Spirit Rush
|-resisted|p2a: Spirit Rush
|-damage|p2a: Spirit Rush|20/100
|move|p2a: Spirit Rush|Recover|p2a: Spirit Rush
|-heal|p2a: Spirit Rush|71/100
|
|-heal|p1a: bug|78/100|[from] item: Leftovers
|upkeep
|turn|7
|
|t:|1780910616
|move|p2a: Spirit Rush|Shadow Ball|p1a: bug
|-damage|p1a: bug|36/100
|move|p1a: bug|Knock Off|p2a: Spirit Rush
|-supereffective|p2a: Spirit Rush
|-damage|p2a: Spirit Rush|7/100
|
|-heal|p1a: bug|42/100|[from] item: Leftovers
|upkeep
|turn|8
|
|t:|1780910621
|move|p1a: bug|Bullet Punch|p2a: Spirit Rush
|-resisted|p2a: Spirit Rush
|-damage|p2a: Spirit Rush|0 fnt
|faint|p2a: Spirit Rush
|
|-heal|p1a: bug|48/100|[from] item: Leftovers
|upkeep
|
|t:|1780910628
|switch|p2a: Hybrid|Hydreigon, M, shiny|100/100
|turn|9
|
|t:|1780910631
|move|p1a: bug|Bullet Punch|p2a: Hybrid
|-damage|p2a: Hybrid|17/100
|move|p2a: Hybrid|Dark Pulse|p1a: bug
|-damage|p1a: bug|0 fnt
|faint|p1a: bug
|
|upkeep
|
|t:|1780910643
|switch|p1a: Soul|Kommo-o, F|100/100
|turn|10
|
|t:|1780910646
|move|p2a: Hybrid|Dark Pulse|p1a: Soul
|-resisted|p1a: Soul
|-damage|p1a: Soul|66/100
|cant|p1a: Soul|flinch
|
|upkeep
|turn|11
|
|t:|1780910651
|move|p2a: Hybrid|Dark Pulse|p1a: Soul
|-resisted|p1a: Soul
|-damage|p1a: Soul|34/100
|cant|p1a: Soul|flinch
|
|upkeep
|turn|12
|
|t:|1780910656
|move|p2a: Hybrid|Dark Pulse|p1a: Soul
|-resisted|p1a: Soul
|-crit|p1a: Soul
|-damage|p1a: Soul|0 fnt
|faint|p1a: Soul
|
|upkeep
|c|☆diav|ok bro sure
|
|t:|1780910671
|switch|p1a: Love|Latias, F|100/100
|turn|13
|
|t:|1780910674
|-terastallize|p1a: Love|Fairy
|move|p2a: Hybrid|Dark Pulse|p1a: Love
|-resisted|p1a: Love
|-damage|p1a: Love|77/100
|move|p1a: Love|Agility|p1a: Love
|-boost|p1a: Love|spe|2
|
|-heal|p1a: Love|83/100|[from] item: Leftovers
|upkeep
|turn|14
|
|t:|1780910679
|switch|p2a: Bullet|Glimmora, M, shiny|100/100
|move|p1a: Love|Calm Mind|p1a: Love
|-boost|p1a: Love|spa|1
|-boost|p1a: Love|spd|1
|
|-heal|p1a: Love|89/100|[from] item: Leftovers
|upkeep
|turn|15
|
|t:|1780910685
|move|p1a: Love|Stored Power|p2a: Bullet
|-supereffective|p2a: Bullet
|-damage|p2a: Bullet|0 fnt
|faint|p2a: Bullet
|
|-heal|p1a: Love|95/100|[from] item: Leftovers
|upkeep
|
|t:|1780910691
|switch|p2a: Hybrid|Hydreigon, M, shiny|17/100
|turn|16
|
|t:|1780910696
|move|p1a: Love|Draining Kiss|p2a: Hybrid
|-supereffective|p2a: Hybrid
|-damage|p2a: Hybrid|0 fnt
|-heal|p1a: Love|100/100|[from] drain|[of] p2a: Hybrid
|faint|p2a: Hybrid
|
|upkeep
|
|t:|1780910703
|switch|p2a: Trojan|Zamazenta, shiny|100/100
|-ability|p2a: Trojan|Dauntless Shield|boost
|-boost|p2a: Trojan|def|1
|turn|17
|
|t:|1780910710
|-terastallize|p2a: Trojan|Electric
|move|p1a: Love|Draining Kiss|p2a: Trojan
|-damage|p2a: Trojan|77/100
|move|p2a: Trojan|Iron Defense|p2a: Trojan
|-boost|p2a: Trojan|def|2
|
|-heal|p2a: Trojan|83/100|[from] item: Leftovers
|upkeep
|turn|18
|
|t:|1780910717
|move|p1a: Love|Stored Power|p2a: Trojan
|-damage|p2a: Trojan|45/100
|move|p2a: Trojan|Iron Defense|p2a: Trojan
|-boost|p2a: Trojan|def|2
|
|-heal|p2a: Trojan|51/100|[from] item: Leftovers
|upkeep
|turn|19
|
|t:|1780910720
|move|p1a: Love|Stored Power|p2a: Trojan
|-damage|p2a: Trojan|13/100
|move|p2a: Trojan|Body Press|p1a: Love
|-resisted|p1a: Love
|-damage|p1a: Love|60/100
|
|-heal|p1a: Love|66/100|[from] item: Leftovers
|-heal|p2a: Trojan|19/100|[from] item: Leftovers
|upkeep
|turn|20
|-message|goodnightnite forfeited.
|
|win|diav
|raw|diav's rating: 1627 &rarr; <strong>1651</strong><br />(+24 for winning)
|raw|goodnightnite's rating: 1690 &rarr; <strong>1666</strong><br />(-24 for losing)
|l|☆goodnightnite
|player|p2|
|l|☆diav
|player|p1|
