|badge|p1|bronze|gen9randombattle|100-9
|uhtml|medal-msg|<div class="broadcast-blue">Curious what those medals under the avatar are? PS now has Ladder Seasons! For more information, check out the <a href="https://www.smogon.com/forums/threads/3740067/">thread on Smogon.</a></div>
|badge|p2|bronze|gen9ou|100-9
|uhtml|medal-msg|<div class="broadcast-blue">Curious what those medals under the avatar are? PS now has Ladder Seasons! For more information, check out the <a href="https://www.smogon.com/forums/threads/3740067/">thread on Smogon.</a></div>
|j|‽LT_Alt1
|j|‽elsadm27
|t:|1781407512
|gametype|singles
|player|p1|LT_Alt1|170|1715
|player|p2|elsadm27|leaf-masters2|1816
|gen|9
|tier|[Gen 9] OU
|rated|
|rule|HP Percentage Mod: HP is shown in percentages
|rule|Endless Battle Clause: Forcing endless battles is banned
|rule|Species Clause: Limit one of each Pokémon
|rule|OHKO Clause: OHKO moves are banned
|rule|Evasion Items Clause: Evasion items are banned
|rule|Evasion Moves Clause: Evasion moves are banned
|rule|Evasion Abilities Clause: Evasion abilities are banned
|rule|Sleep Moves Clause: Sleep-inducing moves are banned
|clearpoke
|poke|p1|Kyurem|
|poke|p1|Raging Bolt|
|poke|p1|Hatterene, F|
|poke|p1|Slowking-Galar, M|
|poke|p1|Ting-Lu|
|poke|p1|Corviknight, F|
|poke|p2|Cresselia, F|
|poke|p2|Kingambit, F|
|poke|p2|Garchomp, F|
|poke|p2|Primarina, M|
|poke|p2|Walking Wake|
|poke|p2|Zamazenta-*|
|teampreview
|
|t:|1781407522
|teamsize|p1|6
|teamsize|p2|6
|start
|switch|p1a: Raging Bolt|Raging Bolt|100/100
|switch|p2a: Primarina|Primarina, M|100/100
|turn|1
|
|t:|1781407530
|switch|p2a: Garchomp|Garchomp, F|100/100
|move|p1a: Raging Bolt|Volt Switch|p2a: Garchomp
|-immune|p2a: Garchomp
|
|upkeep
|turn|2
|
|t:|1781407535
|move|p2a: Garchomp|Earthquake|p1a: Raging Bolt
|-supereffective|p1a: Raging Bolt
|-damage|p1a: Raging Bolt|33/100
|move|p1a: Raging Bolt|Draco Meteor|p2a: Garchomp
|-supereffective|p2a: Garchomp
|-damage|p2a: Garchomp|0 fnt
|-unboost|p1a: Raging Bolt|spa|2
|faint|p2a: Garchomp
|
|upkeep
|
|t:|1781407543
|switch|p2a: Primarina|Primarina, M|100/100
|turn|3
|
|t:|1781407548
|move|p1a: Raging Bolt|Volt Switch|p2a: Primarina
|-supereffective|p2a: Primarina
|-damage|p2a: Primarina|74/100
|
|t:|1781407565
|-end|p1a: Raging Bolt|Protosynthesis|[silent]
|switch|p1a: Slowking|Slowking-Galar, M|100/100|[from] Volt Switch
|move|p2a: Primarina|Surf|p1a: Slowking
|-damage|p1a: Slowking|65/100
|
|upkeep
|turn|4
|
|t:|1781407575
|switch|p1a: Raging Bolt|Raging Bolt|33/100
|move|p2a: Primarina|Surf|p1a: Raging Bolt
|-resisted|p1a: Raging Bolt
|-damage|p1a: Raging Bolt|17/100
|
|upkeep
|turn|5
|
|t:|1781407587
|move|p1a: Raging Bolt|Volt Switch|p2a: Primarina
|-supereffective|p2a: Primarina
|-damage|p2a: Primarina|16/100
|
|t:|1781407591
|-end|p1a: Raging Bolt|Protosynthesis|[silent]
|switch|p1a: Slowking|Slowking-Galar, M|98/100|[from] Volt Switch
|move|p2a: Primarina|Draining Kiss|p1a: Slowking
|-resisted|p1a: Slowking
|-damage|p1a: Slowking|90/100
|-heal|p2a: Primarina|24/100|[from] drain|[of] p1a: Slowking
|
|upkeep
|turn|6
|inactive|Battle timer is ON: inactive players will automatically lose when time's up. (requested by elsadm27)
|
|t:|1781407596
|switch|p2a: Kingambit|Kingambit, F|100/100
|-activate|p2a: Kingambit|ability: Supreme Overlord
|-start|p2a: Kingambit|fallen1|[silent]
|move|p1a: Slowking|Sludge Bomb|p2a: Kingambit
|-immune|p2a: Kingambit
|
|upkeep
|turn|7
|
|t:|1781407600
|move|p2a: Kingambit|Kowtow Cleave|p1a: Slowking
|-supereffective|p1a: Slowking
|-damage|p1a: Slowking|0 fnt
|faint|p1a: Slowking
|
|upkeep
|
|t:|1781407604
|switch|p1a: Corviknight|Corviknight, F|100/100
|-ability|p1a: Corviknight|Pressure
|turn|8
|
|t:|1781407609
|-end|p2a: Kingambit|fallen1|[silent]
|switch|p2a: Walking Wake|Walking Wake|100/100
|move|p1a: Corviknight|Body Press|p2a: Walking Wake
|-damage|p2a: Walking Wake|75/100
|
|upkeep
|turn|9
|
|t:|1781407614
|switch|p1a: Raging Bolt|Raging Bolt|17/100
|move|p2a: Walking Wake|Surf|p1a: Raging Bolt
|-resisted|p1a: Raging Bolt
|-damage|p1a: Raging Bolt|4/100
|
|upkeep
|turn|10
|
|t:|1781407626
|-end|p2a: Walking Wake|Protosynthesis|[silent]
|switch|p2a: Zamazenta|Zamazenta|100/100
|-ability|p2a: Zamazenta|Dauntless Shield|boost
|-boost|p2a: Zamazenta|def|1
|move|p1a: Raging Bolt|Thunderclap||[still]
|-fail|p1a: Raging Bolt
|
|upkeep
|turn|11
|
|t:|1781407635
|-end|p1a: Raging Bolt|Protosynthesis|[silent]
|switch|p1a: Hatterene|Hatterene, F|100/100
|move|p2a: Zamazenta|Heavy Slam|p1a: Hatterene
|-supereffective|p1a: Hatterene
|-damage|p1a: Hatterene|38/100
|
|-heal|p1a: Hatterene|44/100|[from] item: Leftovers
|upkeep
|turn|12
|
|t:|1781407651
|move|p2a: Zamazenta|Iron Defense|p2a: Zamazenta
|-boost|p2a: Zamazenta|def|2
|move|p1a: Hatterene|Pain Split|p2a: Zamazenta
|-sethp|p2a: Zamazenta|68/100|[from] move: Pain Split|[silent]
|-sethp|p1a: Hatterene|82/100|[from] move: Pain Split
|
|-heal|p2a: Zamazenta|75/100|[from] item: Leftovers
|-heal|p1a: Hatterene|88/100|[from] item: Leftovers
|upkeep
|turn|13
|j| goodnightnite
|
|t:|1781407670
|-terastallize|p2a: Zamazenta|Electric
|move|p2a: Zamazenta|Heavy Slam|p1a: Hatterene
|-supereffective|p1a: Hatterene
|-damage|p1a: Hatterene|19/100
|move|p1a: Hatterene|Nuzzle|p2a: Zamazenta
|-resisted|p2a: Zamazenta
|-damage|p2a: Zamazenta|74/100
|
|-heal|p2a: Zamazenta|80/100|[from] item: Leftovers
|-heal|p1a: Hatterene|25/100|[from] item: Leftovers
|upkeep
|turn|14
|inactive|LT_Alt1 has 120 seconds left.
|
|t:|1781407698
|move|p2a: Zamazenta|Heavy Slam|p1a: Hatterene
|-supereffective|p1a: Hatterene
|-damage|p1a: Hatterene|0 fnt
|faint|p1a: Hatterene
|
|-heal|p2a: Zamazenta|86/100|[from] item: Leftovers
|upkeep
|
|t:|1781407701
|switch|p1a: Ting-Lu|Ting-Lu|100/100
|-ability|p1a: Ting-Lu|Vessel of Ruin
|turn|15
|
|t:|1781407709
|-terastallize|p1a: Ting-Lu|Ghost
|move|p2a: Zamazenta|Body Press|p1a: Ting-Lu
|-immune|p1a: Ting-Lu
|move|p1a: Ting-Lu|Spikes|p2a: Zamazenta
|-sidestart|p2: elsadm27|Spikes
|
|-heal|p2a: Zamazenta|92/100|[from] item: Leftovers
|upkeep
|turn|16
|
|t:|1781407715
|move|p2a: Zamazenta|Crunch|p1a: Ting-Lu
|-supereffective|p1a: Ting-Lu
|-damage|p1a: Ting-Lu|76/100
|move|p1a: Ting-Lu|Spikes|p2a: Zamazenta
|-sidestart|p2: elsadm27|Spikes
|
|-heal|p2a: Zamazenta|98/100|[from] item: Leftovers
|-heal|p1a: Ting-Lu|83/100|[from] item: Leftovers
|upkeep
|turn|17
|
|t:|1781407720
|move|p2a: Zamazenta|Crunch|p1a: Ting-Lu
|-supereffective|p1a: Ting-Lu
|-damage|p1a: Ting-Lu|61/100
|move|p1a: Ting-Lu|Spikes|p2a: Zamazenta
|-sidestart|p2: elsadm27|Spikes
|
|-heal|p2a: Zamazenta|100/100|[from] item: Leftovers
|-heal|p1a: Ting-Lu|67/100|[from] item: Leftovers
|upkeep
|turn|18
|
|t:|1781407725
|switch|p2a: Primarina|Primarina, M|24/100
|-damage|p2a: Primarina|0 fnt|[from] Spikes
|faint|p2a: Primarina
|move|p1a: Ting-Lu|Ruination|p2: Primarina|[notarget]
|-fail|p1a: Ting-Lu
|
|-heal|p1a: Ting-Lu|73/100|[from] item: Leftovers
|upkeep
|
|t:|1781407729
|switch|p2a: Walking Wake|Walking Wake|75/100
|turn|19
|
|t:|1781407736
|move|p2a: Walking Wake|Knock Off|p1a: Ting-Lu
|-supereffective|p1a: Ting-Lu
|-damage|p1a: Ting-Lu|55/100
|-enditem|p1a: Ting-Lu|Leftovers|[from] move: Knock Off|[of] p2a: Walking Wake
|move|p1a: Ting-Lu|Earthquake|p2a: Walking Wake
|-damage|p2a: Walking Wake|36/100
|
|upkeep
|turn|20
|j| choispecs ironmoth
|
|t:|1781407743
|move|p2a: Walking Wake|Surf|p1a: Ting-Lu
|-damage|p1a: Ting-Lu|33/100
|move|p1a: Ting-Lu|Earthquake|p2a: Walking Wake
|-damage|p2a: Walking Wake|0 fnt
|faint|p2a: Walking Wake
|-end|p2a: Walking Wake|Protosynthesis|[silent]
|
|upkeep
|
|t:|1781407748
|switch|p2a: Kingambit|Kingambit, F|100/100
|-damage|p2a: Kingambit|76/100|[from] Spikes
|-activate|p2a: Kingambit|ability: Supreme Overlord
|-start|p2a: Kingambit|fallen3|[silent]
|turn|21
|
|t:|1781407758
|move|p2a: Kingambit|Kowtow Cleave|p1a: Ting-Lu
|-supereffective|p1a: Ting-Lu
|-damage|p1a: Ting-Lu|0 fnt
|faint|p1a: Ting-Lu
|
|-heal|p2a: Kingambit|82/100|[from] item: Leftovers
|upkeep
|
|t:|1781407763
|switch|p1a: Corviknight|Corviknight, F|100/100
|-ability|p1a: Corviknight|Pressure
|turn|22
|
|t:|1781407766
|-end|p2a: Kingambit|fallen3|[silent]
|switch|p2a: Zamazenta|Zamazenta, tera:Electric|100/100
|-damage|p2a: Zamazenta|76/100|[from] Spikes
|move|p1a: Corviknight|Iron Defense|p1a: Corviknight
|-boost|p1a: Corviknight|def|2
|
|-heal|p2a: Zamazenta|82/100|[from] item: Leftovers
|upkeep
|turn|23
|
|t:|1781407770
|move|p2a: Zamazenta|Iron Defense|p2a: Zamazenta
|-boost|p2a: Zamazenta|def|2
|move|p1a: Corviknight|Iron Defense|p1a: Corviknight
|-boost|p1a: Corviknight|def|2
|
|-heal|p2a: Zamazenta|88/100|[from] item: Leftovers
|upkeep
|turn|24
|
|t:|1781407773
|move|p2a: Zamazenta|Iron Defense|p2a: Zamazenta
|-boost|p2a: Zamazenta|def|2
|move|p1a: Corviknight|Iron Defense|p1a: Corviknight
|-boost|p1a: Corviknight|def|2
|
|-heal|p2a: Zamazenta|94/100|[from] item: Leftovers
|upkeep
|turn|25
|
|t:|1781407777
|move|p2a: Zamazenta|Iron Defense|p2a: Zamazenta
|-boost|p2a: Zamazenta|def|2
|move|p1a: Corviknight|Body Press|p2a: Zamazenta
|-damage|p2a: Zamazenta|75/100
|
|-heal|p2a: Zamazenta|81/100|[from] item: Leftovers
|upkeep
|turn|26
|
|t:|1781407779
|move|p2a: Zamazenta|Body Press|p1a: Corviknight
|-damage|p1a: Corviknight|75/100
|-damage|p2a: Zamazenta|64/100|[from] item: Rocky Helmet|[of] p1a: Corviknight
|move|p1a: Corviknight|Body Press|p2a: Zamazenta
|-damage|p2a: Zamazenta|45/100
|
|-heal|p2a: Zamazenta|52/100|[from] item: Leftovers
|upkeep
|turn|27
|
|t:|1781407784
|move|p2a: Zamazenta|Iron Defense|p2a: Zamazenta
|-boost|p2a: Zamazenta|def|0
|move|p1a: Corviknight|Body Press|p2a: Zamazenta
|-damage|p2a: Zamazenta|34/100
|
|-heal|p2a: Zamazenta|40/100|[from] item: Leftovers
|upkeep
|turn|28
|
|t:|1781407787
|move|p2a: Zamazenta|Body Press|p1a: Corviknight
|-damage|p1a: Corviknight|52/100
|-damage|p2a: Zamazenta|24/100|[from] item: Rocky Helmet|[of] p1a: Corviknight
|move|p1a: Corviknight|Body Press|p2a: Zamazenta
|-damage|p2a: Zamazenta|6/100
|
|-heal|p2a: Zamazenta|12/100|[from] item: Leftovers
|upkeep
|turn|29
|
|t:|1781407791
|move|p2a: Zamazenta|Body Press|p1a: Corviknight
|-damage|p1a: Corviknight|28/100
|-damage|p2a: Zamazenta|0 fnt|[from] item: Rocky Helmet|[of] p1a: Corviknight
|faint|p2a: Zamazenta
|move|p1a: Corviknight|Roost|p1a: Corviknight
|-heal|p1a: Corviknight|78/100
|-singleturn|p1a: Corviknight|move: Roost
|
|upkeep
|
|t:|1781407792
|switch|p2a: Cresselia|Cresselia, F|100/100
|turn|30
|
|t:|1781407797
|move|p2a: Cresselia|Calm Mind|p2a: Cresselia
|-boost|p2a: Cresselia|spa|1
|-boost|p2a: Cresselia|spd|1
|move|p1a: Corviknight|Body Press|p2a: Cresselia
|-resisted|p2a: Cresselia
|-damage|p2a: Cresselia|78/100
|
|upkeep
|turn|31
|
|t:|1781407800
|move|p2a: Cresselia|Calm Mind|p2a: Cresselia
|-boost|p2a: Cresselia|spa|1
|-boost|p2a: Cresselia|spd|1
|move|p1a: Corviknight|Body Press|p2a: Cresselia
|-resisted|p2a: Cresselia
|-damage|p2a: Cresselia|55/100
|
|upkeep
|turn|32
|
|t:|1781407804
|move|p2a: Cresselia|Calm Mind|p2a: Cresselia
|-boost|p2a: Cresselia|spa|1
|-boost|p2a: Cresselia|spd|1
|move|p1a: Corviknight|Body Press|p2a: Cresselia
|-resisted|p2a: Cresselia
|-damage|p2a: Cresselia|32/100
|
|upkeep
|turn|33
|
|t:|1781407809
|move|p2a: Cresselia|Moonlight|p2a: Cresselia
|-heal|p2a: Cresselia|82/100
|move|p1a: Corviknight|Body Press|p2a: Cresselia
|-resisted|p2a: Cresselia
|-damage|p2a: Cresselia|58/100
|
|upkeep
|turn|34
|
|t:|1781407814
|move|p2a: Cresselia|Calm Mind|p2a: Cresselia
|-boost|p2a: Cresselia|spa|1
|-boost|p2a: Cresselia|spd|1
|move|p1a: Corviknight|Body Press|p2a: Cresselia
|-resisted|p2a: Cresselia
|-damage|p2a: Cresselia|32/100
|
|upkeep
|turn|35
|
|t:|1781407818
|move|p2a: Cresselia|Moonlight|p2a: Cresselia
|-heal|p2a: Cresselia|82/100
|move|p1a: Corviknight|Body Press|p2a: Cresselia
|-resisted|p2a: Cresselia
|-damage|p2a: Cresselia|57/100
|
|upkeep
|turn|36
|
|t:|1781407823
|move|p2a: Cresselia|Calm Mind|p2a: Cresselia
|-boost|p2a: Cresselia|spa|1
|-boost|p2a: Cresselia|spd|1
|move|p1a: Corviknight|Body Press|p2a: Cresselia
|-resisted|p2a: Cresselia
|-damage|p2a: Cresselia|35/100
|
|upkeep
|turn|37
|-message|LT_Alt1 forfeited.
|
|win|elsadm27
|raw|LT_Alt1's rating: 1715 &rarr; <strong>1701</strong><br />(-14 for losing)
|raw|elsadm27's rating: 1816 &rarr; <strong>1830</strong><br />(+14 for winning)
|l|‽LT_Alt1
|player|p1|
|l| goodnightnite
|l|‽elsadm27
|player|p2|
