|j|☆winslowyoudog
|j|☆Snurke
|t:|1781404845
|gametype|singles
|player|p1|winslowyoudog|170|1632
|player|p2|Snurke|265|1600
|gen|9
|tier|[Gen 9] OU
|rated|
|rule|HP Percentage Mod: HP is shown in percentages
|rule|Endless Battle Clause: Forcing endless battles is banned
|rule|Species Clause: Limit one of each Pokémon
|rule|OHKO Clause: OHKO moves are banned
|rule|Evasion Items Clause: Evasion items are banned
|rule|Evasion Moves Clause: Evasion moves are banned
|rule|Evasion Abilities Clause: Evasion abilities are banned
|rule|Sleep Moves Clause: Sleep-inducing moves are banned
|clearpoke
|poke|p1|Quaquaval, M|
|poke|p1|Pecharunt|
|poke|p1|Raging Bolt|
|poke|p1|Iron Treads|
|poke|p1|Dragonite, F|
|poke|p1|Alomomola, F|
|poke|p2|Cinderace, M|
|poke|p2|Torkoal, M|
|poke|p2|Walking Wake|
|poke|p2|Enamorus, F|
|poke|p2|Slither Wing|
|poke|p2|Great Tusk|
|teampreview
|
|t:|1781404884
|teamsize|p1|6
|teamsize|p2|6
|start
|switch|p1a: Raging Bolt|Raging Bolt|100/100
|switch|p2a: Torkoal|Torkoal, M, shiny|100/100
|-weather|SunnyDay|[from] ability: Drought|[of] p2a: Torkoal
|-activate|p1a: Raging Bolt|ability: Protosynthesis
|-start|p1a: Raging Bolt|protosynthesisspa
|turn|1
|inactive|Battle timer is ON: inactive players will automatically lose when time's up. (requested by Snurke)
|
|t:|1781404891
|switch|p2a: Slither Wing|Slither Wing, shiny|100/100
|-activate|p2a: Slither Wing|ability: Protosynthesis
|-start|p2a: Slither Wing|protosynthesisatk
|move|p1a: Raging Bolt|Thunderbolt|p2a: Slither Wing
|-damage|p2a: Slither Wing|22/100
|
|-weather|SunnyDay|[upkeep]
|upkeep
|turn|2
|c|☆Snurke|jesus
|
|t:|1781404904
|-end|p2a: Slither Wing|Protosynthesis|[silent]
|switch|p2a: Great Tusk|Great Tusk|100/100
|-activate|p2a: Great Tusk|ability: Protosynthesis
|-start|p2a: Great Tusk|protosynthesisatk
|-end|p1a: Raging Bolt|Protosynthesis|[silent]
|switch|p1a: Pecharunt|Pecharunt|100/100
|
|-weather|SunnyDay|[upkeep]
|upkeep
|turn|3
|
|t:|1781404919
|move|p2a: Great Tusk|Knock Off|p1a: Pecharunt
|-supereffective|p1a: Pecharunt
|-damage|p1a: Pecharunt|57/100
|-damage|p2a: Great Tusk|84/100|[from] item: Rocky Helmet|[of] p1a: Pecharunt
|-enditem|p1a: Pecharunt|Rocky Helmet|[from] move: Knock Off|[of] p2a: Great Tusk
|move|p1a: Pecharunt|Malignant Chain|p2a: Great Tusk
|-resisted|p2a: Great Tusk
|-damage|p2a: Great Tusk|62/100
|-status|p2a: Great Tusk|tox
|-start|p2a: Great Tusk|confusion|[from] ability: Poison Puppeteer|[of] p1a: Pecharunt
|
|-weather|SunnyDay|[upkeep]
|-damage|p2a: Great Tusk|56/100 tox|[from] psn
|upkeep
|turn|4
|
|t:|1781404931
|switch|p1a: Dragonite|Dragonite, F|100/100
|-activate|p2a: Great Tusk|confusion
|-damage|p2a: Great Tusk|46/100 tox|[from] confusion
|
|-weather|SunnyDay|[upkeep]
|-damage|p2a: Great Tusk|33/100 tox|[from] psn
|upkeep
|turn|5
|
|t:|1781404943
|-end|p2a: Great Tusk|Protosynthesis|[silent]
|switch|p2a: Enamorus|Enamorus, F|100/100
|switch|p1a: Quaquaval|Quaquaval, M|100/100
|
|-weather|SunnyDay|[upkeep]
|upkeep
|turn|6
|
|t:|1781404957
|switch|p1a: Alomomola|Alomomola, F|100/100
|move|p2a: Enamorus|Moonblast|p1a: Alomomola
|-damage|p1a: Alomomola|75/100
|
|-weather|SunnyDay|[upkeep]
|upkeep
|turn|7
|
|t:|1781404977
|switch|p2a: Slither Wing|Slither Wing, shiny|22/100
|-activate|p2a: Slither Wing|ability: Protosynthesis
|-start|p2a: Slither Wing|protosynthesisatk
|move|p1a: Alomomola|Flip Turn|p2a: Slither Wing
|-damage|p2a: Slither Wing|11/100
|
|t:|1781404990
|switch|p1a: Pecharunt|Pecharunt|57/100|[from] Flip Turn
|
|-weather|SunnyDay|[upkeep]
|upkeep
|turn|8
|
|t:|1781404997
|move|p2a: Slither Wing|U-turn|p1a: Pecharunt
|-resisted|p1a: Pecharunt
|-damage|p1a: Pecharunt|51/100
|
|t:|1781405007
|-end|p2a: Slither Wing|Protosynthesis|[silent]
|switch|p2a: Cinderace|Cinderace, M, shiny|100/100|[from] U-turn
|move|p1a: Pecharunt|Recover|p1a: Pecharunt
|-heal|p1a: Pecharunt|100/100
|
|-weather|none
|upkeep
|turn|9
|
|t:|1781405011
|move|p2a: Cinderace|U-turn|p1a: Pecharunt
|-start|p2a: Cinderace|typechange|Bug|[from] ability: Libero
|-resisted|p1a: Pecharunt
|-damage|p1a: Pecharunt|95/100
|
|t:|1781405014
|switch|p2a: Torkoal|Torkoal, M, shiny|100/100|[from] U-turn
|-weather|SunnyDay|[from] ability: Drought|[of] p2a: Torkoal
|move|p1a: Pecharunt|Malignant Chain|p2a: Torkoal
|-damage|p2a: Torkoal|73/100
|-status|p2a: Torkoal|tox
|-start|p2a: Torkoal|confusion|[from] ability: Poison Puppeteer|[of] p1a: Pecharunt
|
|-weather|SunnyDay|[upkeep]
|-damage|p2a: Torkoal|66/100 tox|[from] psn
|upkeep
|turn|10
|
|t:|1781405020
|move|p1a: Pecharunt|Parting Shot|p2a: Torkoal
|-unboost|p2a: Torkoal|atk|1
|-unboost|p2a: Torkoal|spa|1
|
|t:|1781405024
|switch|p1a: Alomomola|Alomomola, F|100/100|[from] Parting Shot
|-activate|p2a: Torkoal|confusion
|move|p2a: Torkoal|Stealth Rock|p1a: Alomomola
|-sidestart|p1: winslowyoudog|move: Stealth Rock
|
|-weather|SunnyDay|[upkeep]
|-damage|p2a: Torkoal|54/100 tox|[from] psn
|upkeep
|turn|11
|
|t:|1781405035
|move|p1a: Alomomola|Scald|p2a: Torkoal
|-supereffective|p2a: Torkoal
|-damage|p2a: Torkoal|40/100 tox
|-activate|p2a: Torkoal|confusion
|move|p2a: Torkoal|Rest|p2a: Torkoal
|-status|p2a: Torkoal|slp|[from] move: Rest
|-heal|p2a: Torkoal|100/100 slp|[silent]
|
|-weather|SunnyDay|[upkeep]
|upkeep
|turn|12
|inactive|Snurke has 120 seconds left.
|
|t:|1781405075
|switch|p2a: Walking Wake|Walking Wake|100/100
|-activate|p2a: Walking Wake|ability: Protosynthesis
|-start|p2a: Walking Wake|protosynthesisspe
|move|p1a: Alomomola|Flip Turn|p2a: Walking Wake
|-resisted|p2a: Walking Wake
|-damage|p2a: Walking Wake|98/100
|
|t:|1781405085
|switch|p1a: Iron Treads|Iron Treads|100/100|[from] Flip Turn
|-damage|p1a: Iron Treads|97/100|[from] Stealth Rock
|
|-weather|SunnyDay|[upkeep]
|-heal|p1a: Iron Treads|100/100|[from] item: Leftovers
|upkeep
|turn|13
|inactive|Snurke has 120 seconds left.
|
|t:|1781405097
|-end|p1a: Iron Treads|Quark Drive|[silent]
|switch|p1a: Alomomola|Alomomola, F|100/100
|-damage|p1a: Alomomola|88/100|[from] Stealth Rock
|move|p2a: Walking Wake|Hydro Steam|p1a: Alomomola
|-resisted|p1a: Alomomola
|-damage|p1a: Alomomola|66/100
|
|-weather|SunnyDay|[upkeep]
|upkeep
|turn|14
|inactive|Snurke has 120 seconds left.
|
|t:|1781405113
|-end|p2a: Walking Wake|Protosynthesis|[silent]
|switch|p2a: Cinderace|Cinderace, M, shiny|100/100
|move|p1a: Alomomola|Flip Turn|p2a: Cinderace
|-supereffective|p2a: Cinderace
|-damage|p2a: Cinderace|77/100
|
|t:|1781405118
|switch|p1a: Quaquaval|Quaquaval, M|100/100|[from] Flip Turn
|-damage|p1a: Quaquaval|94/100|[from] Stealth Rock
|
|-weather|SunnyDay|[upkeep]
|-heal|p1a: Quaquaval|100/100|[from] item: Leftovers
|upkeep
|turn|15
|inactive|Snurke has 120 seconds left.
|
|t:|1781405143
|move|p2a: Cinderace|U-turn|p1a: Quaquaval
|-start|p2a: Cinderace|typechange|Bug|[from] ability: Libero
|-resisted|p1a: Quaquaval
|-damage|p1a: Quaquaval|70/100
|
|t:|1781405145
|switch|p2a: Walking Wake|Walking Wake|98/100|[from] U-turn
|-activate|p2a: Walking Wake|ability: Protosynthesis
|-start|p2a: Walking Wake|protosynthesisspe
|move|p1a: Quaquaval|Aqua Step|p2a: Walking Wake
|-resisted|p2a: Walking Wake
|-damage|p2a: Walking Wake|94/100
|-boost|p1a: Quaquaval|spe|1
|
|-weather|SunnyDay|[upkeep]
|-heal|p1a: Quaquaval|76/100|[from] item: Leftovers
|upkeep
|turn|16
|
|t:|1781405154
|move|p2a: Walking Wake|Draco Meteor|p1a: Quaquaval
|-damage|p1a: Quaquaval|0 fnt
|-unboost|p2a: Walking Wake|spa|2
|faint|p1a: Quaquaval
|
|-weather|none
|-end|p2a: Walking Wake|Protosynthesis
|upkeep
|
|t:|1781405165
|switch|p1a: Dragonite|Dragonite, F|100/100
|turn|17
|inactive|Snurke has 120 seconds left.
|
|t:|1781405180
|-end|p2a: Walking Wake|Protosynthesis|[silent]
|switch|p2a: Enamorus|Enamorus, F|100/100
|move|p1a: Dragonite|Dragon Dance|p1a: Dragonite
|-boost|p1a: Dragonite|atk|1
|-boost|p1a: Dragonite|spe|1
|
|upkeep
|turn|18
|inactive|Snurke has 120 seconds left.
|
|t:|1781405188
|-terastallize|p1a: Dragonite|Normal
|move|p1a: Dragonite|Extreme Speed|p2a: Enamorus
|-damage|p2a: Enamorus|0 fnt
|faint|p2a: Enamorus
|
|upkeep
|inactive|Snurke has 120 seconds left.
|
|t:|1781405197
|switch|p2a: Slither Wing|Slither Wing, shiny|11/100
|turn|19
|
|t:|1781405200
|move|p1a: Dragonite|Extreme Speed|p2a: Slither Wing
|-damage|p2a: Slither Wing|0 fnt
|faint|p2a: Slither Wing
|-end|p2a: Slither Wing|Protosynthesis|[silent]
|
|upkeep
|
|t:|1781405201
|switch|p2a: Torkoal|Torkoal, M, shiny|100/100 slp
|-weather|SunnyDay|[from] ability: Drought|[of] p2a: Torkoal
|turn|20
|
|t:|1781405207
|switch|p2a: Great Tusk|Great Tusk|33/100 tox
|-activate|p2a: Great Tusk|ability: Protosynthesis
|-start|p2a: Great Tusk|protosynthesisatk
|move|p1a: Dragonite|Earthquake|p2a: Great Tusk
|-damage|p2a: Great Tusk|0 fnt
|faint|p2a: Great Tusk
|-end|p2a: Great Tusk|Protosynthesis|[silent]
|
|-weather|SunnyDay|[upkeep]
|upkeep
|
|t:|1781405211
|switch|p2a: Walking Wake|Walking Wake|94/100
|-activate|p2a: Walking Wake|ability: Protosynthesis
|-start|p2a: Walking Wake|protosynthesisspe
|turn|21
|
|t:|1781405216
|move|p1a: Dragonite|Extreme Speed|p2a: Walking Wake
|-damage|p2a: Walking Wake|15/100
|move|p2a: Walking Wake|Hydro Steam|p1a: Dragonite
|-damage|p1a: Dragonite|54/100
|
|-weather|SunnyDay|[upkeep]
|upkeep
|turn|22
|-message|Snurke forfeited.
|
|win|winslowyoudog
|raw|winslowyoudog's rating: 1632 &rarr; <strong>1650</strong><br />(+18 for winning)
|raw|Snurke's rating: 1600 &rarr; <strong>1582</strong><br />(-18 for losing)
|l|☆Snurke
|player|p2|
|l|☆winslowyoudog
|player|p1|
