|j|☆youngfootsoldier
|j|☆Lamperi0n
|t:|1781294708
|gametype|singles
|player|p1|youngfootsoldier|cyrus|1533
|player|p2|Lamperi0n|will|1526
|gen|9
|tier|[Gen 9] OU
|rated|
|rule|HP Percentage Mod: HP is shown in percentages
|rule|Endless Battle Clause: Forcing endless battles is banned
|rule|Species Clause: Limit one of each Pokémon
|rule|OHKO Clause: OHKO moves are banned
|rule|Evasion Items Clause: Evasion items are banned
|rule|Evasion Moves Clause: Evasion moves are banned
|rule|Evasion Abilities Clause: Evasion abilities are banned
|rule|Sleep Moves Clause: Sleep-inducing moves are banned
|clearpoke
|poke|p1|Regieleki|
|poke|p1|Raging Bolt|
|poke|p1|Overqwil, M|
|poke|p1|Greninja-*, M|
|poke|p1|Pelipper, M|
|poke|p1|Iron Treads|
|poke|p2|Chansey, F|
|poke|p2|Iron Treads|
|poke|p2|Kyurem|
|poke|p2|Mandibuzz, F|
|poke|p2|Dondozo, F|
|poke|p2|Gholdengo|
|teampreview
|inactive|Battle timer is ON: inactive players will automatically lose when time's up. (requested by youngfootsoldier)
|
|t:|1781294716
|teamsize|p1|6
|teamsize|p2|6
|start
|switch|p1a: Iron Treads|Iron Treads|100/100
|switch|p2a: Kyurem|Kyurem|100/100
|-ability|p2a: Kyurem|Pressure
|-enditem|p1a: Iron Treads|Booster Energy
|-activate|p1a: Iron Treads|ability: Quark Drive|[fromitem]
|-start|p1a: Iron Treads|quarkdrivespe
|turn|1
|
|t:|1781294725
|move|p2a: Kyurem|Protect|p2a: Kyurem
|-singleturn|p2a: Kyurem|Protect
|move|p1a: Iron Treads|Stealth Rock|p2a: Kyurem
|-sidestart|p2: Lamperi0n|move: Stealth Rock
|
|upkeep
|turn|2
|
|t:|1781294730
|switch|p2a: Mandibuzz|Mandibuzz, F|100/100
|move|p1a: Iron Treads|Steel Beam|p2a: Mandibuzz
|-damage|p2a: Mandibuzz|62/100
|-damage|p1a: Iron Treads|50/100|[from] steelbeam
|
|upkeep
|turn|3
|
|t:|1781294736
|move|p1a: Iron Treads|Steel Beam|p2a: Mandibuzz
|-damage|p2a: Mandibuzz|23/100
|-damage|p1a: Iron Treads|0 fnt|[from] steelbeam
|faint|p1a: Iron Treads
|-end|p1a: Iron Treads|Quark Drive|[silent]
|move|p2a: Mandibuzz|Roost|p2a: Mandibuzz
|-heal|p2a: Mandibuzz|73/100
|-singleturn|p2a: Mandibuzz|move: Roost
|
|upkeep
|
|t:|1781294740
|switch|p1a: Regieleki|Regieleki|100/100
|turn|4
|
|t:|1781294743
|switch|p1a: Pelipper|Pelipper, M|100/100
|-weather|RainDance|[from] ability: Drizzle|[of] p1a: Pelipper
|switch|p2a: Iron Treads|Iron Treads|100/100
|-damage|p2a: Iron Treads|97/100|[from] Stealth Rock
|
|-weather|RainDance|[upkeep]
|upkeep
|turn|5
|
|t:|1781294751
|-end|p2a: Iron Treads|Quark Drive|[silent]
|switch|p2a: Mandibuzz|Mandibuzz, F|73/100
|move|p1a: Pelipper|Weather Ball|p2a: Mandibuzz
|-damage|p2a: Mandibuzz|15/100
|
|-weather|RainDance|[upkeep]
|upkeep
|turn|6
|
|t:|1781294756
|switch|p2a: Chansey|Chansey, F|100/100
|-damage|p2a: Chansey|88/100|[from] Stealth Rock
|move|p1a: Pelipper|Weather Ball|p2a: Chansey
|-damage|p2a: Chansey|67/100
|
|-weather|RainDance|[upkeep]
|upkeep
|turn|7
|
|t:|1781294760
|move|p1a: Pelipper|Knock Off|p2a: Chansey
|-damage|p2a: Chansey|59/100
|-enditem|p2a: Chansey|Eviolite|[from] move: Knock Off|[of] p1a: Pelipper
|move|p2a: Chansey|Soft-Boiled|p2a: Chansey
|-heal|p2a: Chansey|100/100
|
|-weather|RainDance|[upkeep]
|upkeep
|turn|8
|
|t:|1781294763
|move|p1a: Pelipper|U-turn|p2a: Chansey
|-damage|p2a: Chansey|91/100
|
|t:|1781294765
|switch|p1a: Overqwil|Overqwil, M|100/100|[from] U-turn
|move|p2a: Chansey|Seismic Toss|p1a: Overqwil
|-damage|p1a: Overqwil|68/100
|
|-weather|RainDance|[upkeep]
|upkeep
|turn|9
|
|t:|1781294772
|move|p1a: Overqwil|Crunch|p2a: Chansey
|-damage|p2a: Chansey|36/100
|-damage|p1a: Overqwil|58/100|[from] item: Life Orb
|move|p2a: Chansey|Thunder Wave|p1a: Overqwil
|-status|p1a: Overqwil|par
|
|-weather|RainDance|[upkeep]
|upkeep
|turn|10
|
|t:|1781294783
|move|p1a: Overqwil|Crunch|p2a: Chansey
|-damage|p2a: Chansey|0 fnt
|faint|p2a: Chansey
|-damage|p1a: Overqwil|48/100 par|[from] item: Life Orb
|
|-weather|RainDance|[upkeep]
|upkeep
|
|t:|1781294785
|switch|p2a: Iron Treads|Iron Treads|97/100
|-damage|p2a: Iron Treads|94/100|[from] Stealth Rock
|turn|11
|
|t:|1781294791
|move|p2a: Iron Treads|Rapid Spin|p1a: Overqwil
|-damage|p1a: Overqwil|34/100 par
|-boost|p2a: Iron Treads|spe|1
|-sideend|p2: Lamperi0n|Stealth Rock|[from] move: Rapid Spin|[of] p2a: Iron Treads
|move|p1a: Overqwil|Liquidation|p2a: Iron Treads
|-supereffective|p2a: Iron Treads
|-damage|p2a: Iron Treads|10/100
|-damage|p1a: Overqwil|24/100 par|[from] item: Life Orb
|
|-weather|none
|upkeep
|turn|12
|
|t:|1781294797
|move|p2a: Iron Treads|Earthquake|p1a: Overqwil
|-supereffective|p1a: Overqwil
|-damage|p1a: Overqwil|0 fnt
|faint|p1a: Overqwil
|
|upkeep
|
|t:|1781294804
|switch|p1a: Pelipper|Pelipper, M|100/100
|-weather|RainDance|[from] ability: Drizzle|[of] p1a: Pelipper
|turn|13
|
|t:|1781294813
|move|p2a: Iron Treads|Stealth Rock|p1a: Pelipper
|-sidestart|p1: youngfootsoldier|move: Stealth Rock
|move|p1a: Pelipper|Hurricane|p2a: Iron Treads
|-resisted|p2a: Iron Treads
|-damage|p2a: Iron Treads|0 fnt
|faint|p2a: Iron Treads
|-end|p2a: Iron Treads|Quark Drive|[silent]
|
|-weather|RainDance|[upkeep]
|upkeep
|
|t:|1781294815
|switch|p2a: Kyurem|Kyurem|100/100
|-ability|p2a: Kyurem|Pressure
|turn|14
|
|t:|1781294825
|move|p2a: Kyurem|Protect|p2a: Kyurem
|-singleturn|p2a: Kyurem|Protect
|move|p1a: Pelipper|Hurricane|p2a: Kyurem
|-activate|p2a: Kyurem|move: Protect
|
|-weather|RainDance|[upkeep]
|upkeep
|turn|15
|
|t:|1781294829
|move|p2a: Kyurem|Substitute|p2a: Kyurem
|-start|p2a: Kyurem|Substitute
|-damage|p2a: Kyurem|75/100
|move|p1a: Pelipper|U-turn|p2a: Kyurem
|-activate|p2a: Kyurem|move: Substitute|[damage]
|
|t:|1781294832
|switch|p1a: Greninja|Greninja, M|100/100|[from] U-turn
|-damage|p1a: Greninja|88/100|[from] Stealth Rock
|
|-weather|RainDance|[upkeep]
|-heal|p2a: Kyurem|82/100|[from] item: Leftovers
|upkeep
|turn|16
|
|t:|1781294834
|move|p2a: Kyurem|Protect|p2a: Kyurem
|-singleturn|p2a: Kyurem|Protect
|move|p1a: Greninja|Dark Pulse|p2a: Kyurem
|-activate|p2a: Kyurem|move: Protect
|
|-weather|RainDance|[upkeep]
|-heal|p2a: Kyurem|88/100|[from] item: Leftovers
|upkeep
|turn|17
|
|t:|1781294837
|move|p1a: Greninja|Dark Pulse|p2a: Kyurem
|-end|p2a: Kyurem|Substitute
|-damage|p1a: Greninja|78/100|[from] item: Life Orb
|move|p2a: Kyurem|Freeze-Dry|p1a: Greninja
|-supereffective|p1a: Greninja
|-crit|p1a: Greninja
|-damage|p1a: Greninja|0 fnt
|faint|p1a: Greninja
|
|-weather|RainDance|[upkeep]
|-heal|p2a: Kyurem|94/100|[from] item: Leftovers
|upkeep
|
|t:|1781294841
|switch|p1a: Raging Bolt|Raging Bolt|100/100
|-damage|p1a: Raging Bolt|88/100|[from] Stealth Rock
|-enditem|p1a: Raging Bolt|Booster Energy
|-activate|p1a: Raging Bolt|ability: Protosynthesis|[fromitem]
|-start|p1a: Raging Bolt|protosynthesisspa
|turn|18
|
|t:|1781294846
|-terastallize|p2a: Kyurem|Ground
|move|p2a: Kyurem|Earth Power|p1a: Raging Bolt
|-supereffective|p1a: Raging Bolt
|-damage|p1a: Raging Bolt|18/100
|-unboost|p1a: Raging Bolt|spd|1
|move|p1a: Raging Bolt|Dragon Pulse|p2a: Kyurem
|-damage|p2a: Kyurem|37/100
|
|-weather|RainDance|[upkeep]
|-heal|p2a: Kyurem|44/100|[from] item: Leftovers
|upkeep
|turn|19
|
|t:|1781294855
|move|p2a: Kyurem|Freeze-Dry|p1a: Raging Bolt
|-supereffective|p1a: Raging Bolt
|-damage|p1a: Raging Bolt|0 fnt
|faint|p1a: Raging Bolt
|-end|p1a: Raging Bolt|Protosynthesis|[silent]
|
|-weather|RainDance|[upkeep]
|-heal|p2a: Kyurem|50/100|[from] item: Leftovers
|upkeep
|
|t:|1781294856
|switch|p1a: Regieleki|Regieleki|100/100
|-damage|p1a: Regieleki|88/100|[from] Stealth Rock
|turn|20
|
|t:|1781294860
|move|p2a: Kyurem|Protect|p2a: Kyurem
|-singleturn|p2a: Kyurem|Protect
|move|p1a: Regieleki|Swift|p2a: Kyurem
|-activate|p2a: Kyurem|move: Protect
|
|-weather|none
|-heal|p2a: Kyurem|56/100|[from] item: Leftovers
|upkeep
|turn|21
|
|t:|1781294864
|switch|p2a: Gholdengo|Gholdengo|100/100
|-item|p2a: Gholdengo|Air Balloon
|-terastallize|p1a: Regieleki|Normal
|move|p1a: Regieleki|Swift|p2a: Gholdengo
|-immune|p2a: Gholdengo
|
|upkeep
|turn|22
|-message|youngfootsoldier forfeited.
|
|win|Lamperi0n
|raw|youngfootsoldier's rating: 1533 &rarr; <strong>1513</strong><br />(-20 for losing)
|raw|Lamperi0n's rating: 1526 &rarr; <strong>1546</strong><br />(+20 for winning)
|l|☆youngfootsoldier
|player|p1|
