|j|‽FrostBite13yes
|j|☆zama stupid dog
|t:|1781287654
|gametype|singles
|player|p1|FrostBite13yes|102|1504
|player|p2|zama stupid dog|lucas-gen4pt|1621
|gen|9
|tier|[Gen 9] OU
|rated|
|rule|HP Percentage Mod: HP is shown in percentages
|rule|Endless Battle Clause: Forcing endless battles is banned
|rule|Species Clause: Limit one of each Pokémon
|rule|OHKO Clause: OHKO moves are banned
|rule|Evasion Items Clause: Evasion items are banned
|rule|Evasion Moves Clause: Evasion moves are banned
|rule|Evasion Abilities Clause: Evasion abilities are banned
|rule|Sleep Moves Clause: Sleep-inducing moves are banned
|clearpoke
|poke|p1|Pelipper, L99, F|
|poke|p1|Toxicroak, M|
|poke|p1|Iron Treads|
|poke|p1|Basculegion, M|
|poke|p1|Zapdos|
|poke|p1|Primarina, F|
|poke|p2|Glimmora, F|
|poke|p2|Gholdengo|
|poke|p2|Zamazenta-*|
|poke|p2|Garchomp, M|
|poke|p2|Great Tusk|
|poke|p2|Hatterene, F|
|teampreview
|inactive|Battle timer is ON: inactive players will automatically lose when time's up. (requested by zama stupid dog)
|
|t:|1781287672
|teamsize|p1|6
|teamsize|p2|6
|start
|switch|p1a: Pelipper|Pelipper, L99, F, shiny|100/100
|switch|p2a: Hatterene|Hatterene, F|100/100
|-weather|RainDance|[from] ability: Drizzle|[of] p1a: Pelipper
|turn|1
|
|t:|1781287677
|move|p1a: Pelipper|Surf|p2a: Hatterene
|-damage|p2a: Hatterene|73/100
|move|p2a: Hatterene|Nuzzle|p1a: Pelipper
|-supereffective|p1a: Pelipper
|-damage|p1a: Pelipper|85/100
|-status|p1a: Pelipper|par
|
|-weather|RainDance|[upkeep]
|upkeep
|turn|2
|
|t:|1781287682
|move|p2a: Hatterene|Draining Kiss|p1a: Pelipper
|-damage|p1a: Pelipper|58/100 par
|-heal|p2a: Hatterene|94/100|[from] drain|[of] p1a: Pelipper
|move|p1a: Pelipper|U-turn|p2a: Hatterene
|-damage|p2a: Hatterene|83/100
|
|t:|1781287688
|switch|p1a: Basculegion|Basculegion, M|100/100|[from] U-turn
|
|-weather|RainDance|[upkeep]
|upkeep
|turn|3
|
|t:|1781287700
|move|p1a: Basculegion|Wave Crash|p2a: Hatterene
|-damage|p2a: Hatterene|0 fnt
|faint|p2a: Hatterene
|-damage|p1a: Basculegion|78/100|[from] Recoil
|
|-weather|RainDance|[upkeep]
|upkeep
|
|t:|1781287704
|switch|p2a: Glimmora|Glimmora, F|100/100
|turn|4
|
|t:|1781287709
|move|p1a: Basculegion|Wave Crash|p2a: Glimmora
|-supereffective|p2a: Glimmora
|-enditem|p2a: Glimmora|Focus Sash
|-damage|p2a: Glimmora|1/100
|-activate|p2a: Glimmora|ability: Toxic Debris
|-sidestart|p1: FrostBite13yes|move: Toxic Spikes
|-damage|p1a: Basculegion|52/100|[from] Recoil
|move|p2a: Glimmora|Stealth Rock|p1a: Basculegion
|-sidestart|p1: FrostBite13yes|move: Stealth Rock
|
|-weather|RainDance|[upkeep]
|upkeep
|turn|5
|
|t:|1781287712
|move|p1a: Basculegion|Wave Crash|p2a: Glimmora
|-supereffective|p2a: Glimmora
|-damage|p2a: Glimmora|0 fnt
|-activate|p2a: Glimmora|ability: Toxic Debris
|-sidestart|p1: FrostBite13yes|move: Toxic Spikes
|faint|p2a: Glimmora
|-damage|p1a: Basculegion|51/100|[from] Recoil
|
|-weather|RainDance|[upkeep]
|upkeep
|
|t:|1781287715
|switch|p2a: Zamazenta|Zamazenta|100/100
|-ability|p2a: Zamazenta|Dauntless Shield|boost
|-boost|p2a: Zamazenta|def|1
|turn|6
|
|t:|1781287719
|move|p1a: Basculegion|Wave Crash|p2a: Zamazenta
|-damage|p2a: Zamazenta|13/100
|-damage|p1a: Basculegion|27/100|[from] Recoil
|move|p2a: Zamazenta|Crunch|p1a: Basculegion
|-supereffective|p1a: Basculegion
|-damage|p1a: Basculegion|0 fnt
|faint|p1a: Basculegion
|-damage|p2a: Zamazenta|4/100|[from] item: Life Orb
|
|-weather|RainDance|[upkeep]
|upkeep
|
|t:|1781287723
|switch|p1a: Toxicroak|Toxicroak, M|100/100
|-sideend|p1: FrostBite13yes|move: Toxic Spikes|[of] p1a: Toxicroak
|-damage|p1a: Toxicroak|94/100|[from] Stealth Rock
|turn|7
|
|t:|1781287731
|move|p2a: Zamazenta|Close Combat|p1a: Toxicroak
|-resisted|p1a: Toxicroak
|-damage|p1a: Toxicroak|53/100
|-unboost|p2a: Zamazenta|def|1
|-unboost|p2a: Zamazenta|spd|1
|-damage|p2a: Zamazenta|0 fnt|[from] item: Life Orb
|faint|p2a: Zamazenta
|move|p1a: Toxicroak|Close Combat|p2: Zamazenta|[notarget]
|-fail|p1a: Toxicroak
|
|-weather|RainDance|[upkeep]
|-heal|p1a: Toxicroak|65/100|[from] ability: Dry Skin
|upkeep
|
|t:|1781287737
|switch|p2a: Great Tusk|Great Tusk|100/100
|-enditem|p2a: Great Tusk|Booster Energy
|-activate|p2a: Great Tusk|ability: Protosynthesis|[fromitem]
|-start|p2a: Great Tusk|protosynthesisatk
|turn|8
|
|t:|1781287754
|move|p2a: Great Tusk|Headlong Rush|p1a: Toxicroak
|-supereffective|p1a: Toxicroak
|-damage|p1a: Toxicroak|0 fnt
|-unboost|p2a: Great Tusk|def|1
|-unboost|p2a: Great Tusk|spd|1
|faint|p1a: Toxicroak
|
|-weather|none
|upkeep
|
|t:|1781287760
|switch|p1a: Pelipper|Pelipper, L99, F, shiny|58/100 par
|-damage|p1a: Pelipper|33/100 par|[from] Stealth Rock
|-weather|RainDance|[from] ability: Drizzle|[of] p1a: Pelipper
|turn|9
|
|t:|1781287764
|move|p2a: Great Tusk|Ice Spinner|p1a: Pelipper
|-damage|p1a: Pelipper|0 fnt
|faint|p1a: Pelipper
|
|-weather|RainDance|[upkeep]
|upkeep
|
|t:|1781287769
|switch|p1a: Zapdos|Zapdos|100/100
|-damage|p1a: Zapdos|76/100|[from] Stealth Rock
|turn|10
|
|t:|1781287773
|move|p1a: Zapdos|Weather Ball|p2a: Great Tusk
|-supereffective|p2a: Great Tusk
|-damage|p2a: Great Tusk|0 fnt
|faint|p2a: Great Tusk
|-end|p2a: Great Tusk|Protosynthesis|[silent]
|-damage|p1a: Zapdos|66/100|[from] item: Life Orb
|
|-weather|RainDance|[upkeep]
|upkeep
|
|t:|1781287777
|switch|p2a: Gholdengo|Gholdengo|100/100
|-item|p2a: Gholdengo|Air Balloon
|turn|11
|
|t:|1781287781
|move|p1a: Zapdos|Thunder|p2a: Gholdengo
|-crit|p2a: Gholdengo
|-damage|p2a: Gholdengo|0 fnt
|-enditem|p2a: Gholdengo|Air Balloon
|faint|p2a: Gholdengo
|-damage|p1a: Zapdos|56/100|[from] item: Life Orb
|
|-weather|RainDance|[upkeep]
|upkeep
|
|t:|1781287784
|switch|p2a: Garchomp|Garchomp, M|100/100
|turn|12
|
|t:|1781287790
|move|p2a: Garchomp|Swords Dance|p2a: Garchomp
|-boost|p2a: Garchomp|atk|2
|move|p1a: Zapdos|Hurricane|p2a: Garchomp
|-damage|p2a: Garchomp|23/100
|-damage|p1a: Zapdos|46/100|[from] item: Life Orb
|
|-weather|RainDance|[upkeep]
|upkeep
|turn|13
|
|t:|1781287795
|move|p2a: Garchomp|Scale Shot|p1a: Zapdos
|-damage|p1a: Zapdos|14/100
|-damage|p1a: Zapdos|0 fnt
|faint|p1a: Zapdos
|-hitcount|p1: Zapdos|2
|-unboost|p2a: Garchomp|def|1
|-boost|p2a: Garchomp|spe|1
|
|-weather|RainDance|[upkeep]
|upkeep
|
|t:|1781287798
|switch|p1a: Primarina|Primarina, F|100/100
|-damage|p1a: Primarina|88/100|[from] Stealth Rock
|turn|14
|
|t:|1781287801
|-terastallize|p1a: Primarina|Grass
|move|p2a: Garchomp|Earthquake|p1a: Primarina
|-resisted|p1a: Primarina
|-damage|p1a: Primarina|18/100
|move|p1a: Primarina|Surf|p2a: Garchomp
|-damage|p2a: Garchomp|0 fnt
|faint|p2a: Garchomp
|
|win|FrostBite13yes
|raw|FrostBite13yes's rating: 1504 &rarr; <strong>1530</strong><br />(+26 for winning)
|raw|zama stupid dog's rating: 1621 &rarr; <strong>1595</strong><br />(-26 for losing)
|l|☆zama stupid dog
|player|p2|
|l|‽FrostBite13yes
|player|p1|
