|j|☆Brassendaer
|j|☆plsbringregi
|t:|1781015283
|gametype|singles
|player|p1|Brassendaer|policeman-gen4|1566
|player|p2|plsbringregi|101|1609
|gen|9
|tier|[Gen 9] OU
|rated|
|rule|HP Percentage Mod: HP is shown in percentages
|rule|Endless Battle Clause: Forcing endless battles is banned
|rule|Species Clause: Limit one of each Pokémon
|rule|OHKO Clause: OHKO moves are banned
|rule|Evasion Items Clause: Evasion items are banned
|rule|Evasion Moves Clause: Evasion moves are banned
|rule|Evasion Abilities Clause: Evasion abilities are banned
|rule|Sleep Moves Clause: Sleep-inducing moves are banned
|clearpoke
|poke|p1|Clefable, M|
|poke|p1|Mandibuzz, F|
|poke|p1|Tyranitar, M|
|poke|p1|Metagross|
|poke|p1|Greninja-*, M|
|poke|p1|Zamazenta-*|
|poke|p2|Walking Wake|
|poke|p2|Glimmora, F|
|poke|p2|Gliscor, M|
|poke|p2|Gholdengo|
|poke|p2|Moltres|
|poke|p2|Iron Valiant|
|teampreview
|inactive|Battle timer is ON: inactive players will automatically lose when time's up. (requested by Brassendaer)
|
|t:|1781015302
|teamsize|p1|6
|teamsize|p2|6
|start
|switch|p1a: Greninja|Greninja, M|100/100
|switch|p2a: Glimmora|Glimmora, F|100/100
|turn|1
|
|t:|1781015312
|move|p1a: Greninja|Extrasensory|p2a: Glimmora
|-start|p1a: Greninja|typechange|Psychic|[from] ability: Protean
|-supereffective|p2a: Glimmora
|-enditem|p2a: Glimmora|Focus Sash
|-damage|p2a: Glimmora|1/100
|-damage|p1a: Greninja|91/100|[from] item: Life Orb
|move|p2a: Glimmora|Power Gem|p1a: Greninja
|-damage|p1a: Greninja|21/100
|
|upkeep
|turn|2
|
|t:|1781015323
|move|p1a: Greninja|Surf|p2a: Glimmora
|-supereffective|p2a: Glimmora
|-damage|p2a: Glimmora|0 fnt
|faint|p2a: Glimmora
|-damage|p1a: Greninja|11/100|[from] item: Life Orb
|
|upkeep
|
|t:|1781015325
|switch|p2a: Gholdengo|Gholdengo|100/100
|turn|3
|
|t:|1781015329
|move|p2a: Gholdengo|Make It Rain|p1a: Greninja
|-damage|p1a: Greninja|0 fnt
|-unboost|p2a: Gholdengo|spa|1
|faint|p1a: Greninja
|
|upkeep
|
|t:|1781015340
|switch|p1a: Metagross|Metagross|100/100
|turn|4
|
|t:|1781015343
|switch|p2a: Moltres|Moltres|100/100
|move|p1a: Metagross|Stealth Rock|p2a: Moltres
|-sidestart|p2: plsbringregi|move: Stealth Rock
|
|upkeep
|turn|5
|
|t:|1781015349
|switch|p1a: Clefable|Clefable, M, shiny|100/100
|move|p2a: Moltres|U-turn|p1a: Clefable
|-resisted|p1a: Clefable
|-damage|p1a: Clefable|93/100
|
|t:|1781015352
|switch|p2a: Gholdengo|Gholdengo|100/100|[from] U-turn
|-damage|p2a: Gholdengo|94/100|[from] Stealth Rock
|
|-heal|p1a: Clefable|99/100|[from] item: Leftovers
|upkeep
|turn|6
|
|t:|1781015355
|move|p1a: Clefable|Protect|p1a: Clefable
|-singleturn|p1a: Clefable|Protect
|move|p2a: Gholdengo|Shadow Ball|p1a: Clefable
|-activate|p1a: Clefable|move: Protect
|
|-heal|p1a: Clefable|100/100|[from] item: Leftovers
|upkeep
|turn|7
|
|t:|1781015362
|switch|p1a: Tyranitar|Tyranitar, M|100/100
|-weather|Sandstorm|[from] ability: Sand Stream|[of] p1a: Tyranitar
|move|p2a: Gholdengo|Shadow Ball|p1a: Tyranitar
|-resisted|p1a: Tyranitar
|-damage|p1a: Tyranitar|85/100
|-unboost|p1a: Tyranitar|spd|1
|
|-weather|Sandstorm|[upkeep]
|upkeep
|turn|8
|
|t:|1781015367
|switch|p2a: Iron Valiant|Iron Valiant|100/100
|-damage|p2a: Iron Valiant|94/100|[from] Stealth Rock
|-enditem|p2a: Iron Valiant|Booster Energy
|-activate|p2a: Iron Valiant|ability: Quark Drive|[fromitem]
|-start|p2a: Iron Valiant|quarkdrivespe
|move|p1a: Tyranitar|Knock Off|p2a: Iron Valiant
|-resisted|p2a: Iron Valiant
|-damage|p2a: Iron Valiant|76/100
|
|-weather|Sandstorm|[upkeep]
|-damage|p2a: Iron Valiant|70/100|[from] Sandstorm
|upkeep
|turn|9
|
|t:|1781015375
|-end|p2a: Iron Valiant|Quark Drive|[silent]
|switch|p2a: Gliscor|Gliscor, M|100/100
|-damage|p2a: Gliscor|88/100|[from] Stealth Rock
|switch|p1a: Metagross|Metagross|100/100
|
|-weather|Sandstorm|[upkeep]
|-status|p2a: Gliscor|tox|[from] item: Toxic Orb
|upkeep
|turn|10
|
|t:|1781015379
|move|p2a: Gliscor|Protect|p2a: Gliscor
|-singleturn|p2a: Gliscor|Protect
|move|p1a: Metagross|Heavy Slam|p2a: Gliscor
|-activate|p2a: Gliscor|move: Protect
|
|-weather|Sandstorm|[upkeep]
|-heal|p2a: Gliscor|100/100 tox|[from] ability: Poison Heal
|upkeep
|turn|11
|
|t:|1781015381
|move|p2a: Gliscor|Spikes|p1a: Metagross
|-sidestart|p1: Brassendaer|Spikes
|move|p1a: Metagross|Heavy Slam|p2a: Gliscor
|-damage|p2a: Gliscor|48/100 tox
|
|-weather|none
|-heal|p2a: Gliscor|60/100 tox|[from] ability: Poison Heal
|upkeep
|turn|12
|
|t:|1781015385
|move|p2a: Gliscor|Protect|p2a: Gliscor
|-singleturn|p2a: Gliscor|Protect
|move|p1a: Metagross|Heavy Slam|p2a: Gliscor
|-activate|p2a: Gliscor|move: Protect
|
|-heal|p2a: Gliscor|73/100 tox|[from] ability: Poison Heal
|upkeep
|turn|13
|
|t:|1781015389
|move|p2a: Gliscor|Earthquake|p1a: Metagross
|-supereffective|p1a: Metagross
|-damage|p1a: Metagross|54/100
|move|p1a: Metagross|Heavy Slam|p2a: Gliscor
|-damage|p2a: Gliscor|20/100 tox
|
|-heal|p2a: Gliscor|32/100 tox|[from] ability: Poison Heal
|upkeep
|turn|14
|
|t:|1781015397
|move|p2a: Gliscor|Protect|p2a: Gliscor
|-singleturn|p2a: Gliscor|Protect
|move|p1a: Metagross|Heavy Slam|p2a: Gliscor
|-activate|p2a: Gliscor|move: Protect
|
|-heal|p2a: Gliscor|45/100 tox|[from] ability: Poison Heal
|upkeep
|turn|15
|
|t:|1781015399
|switch|p2a: Moltres|Moltres|100/100
|move|p1a: Metagross|Heavy Slam|p2a: Moltres
|-resisted|p2a: Moltres
|-damage|p2a: Moltres|78/100
|
|upkeep
|turn|16
|
|t:|1781015404
|switch|p1a: Clefable|Clefable, M, shiny|100/100
|move|p2a: Moltres|U-turn|p1a: Clefable
|-resisted|p1a: Clefable
|-damage|p1a: Clefable|92/100
|
|t:|1781015409
|switch|p2a: Gholdengo|Gholdengo|94/100|[from] U-turn
|-damage|p2a: Gholdengo|88/100|[from] Stealth Rock
|
|-heal|p1a: Clefable|98/100|[from] item: Leftovers
|upkeep
|turn|17
|
|t:|1781015423
|move|p1a: Clefable|Protect|p1a: Clefable
|-singleturn|p1a: Clefable|Protect
|move|p2a: Gholdengo|Shadow Ball|p1a: Clefable
|-activate|p1a: Clefable|move: Protect
|
|-heal|p1a: Clefable|100/100|[from] item: Leftovers
|upkeep
|turn|18
|
|t:|1781015448
|switch|p2a: Iron Valiant|Iron Valiant|70/100
|-damage|p2a: Iron Valiant|64/100|[from] Stealth Rock
|move|p1a: Clefable|Wish|p1a: Clefable
|
|upkeep
|turn|19
|
|t:|1781015452
|move|p2a: Iron Valiant|Encore|p1a: Clefable
|-start|p1a: Clefable|Encore
|move|p1a: Clefable|Wish||[still]
|-fail|p1a: Clefable
|
|upkeep
|turn|20
|
|t:|1781015457
|switch|p1a: Metagross|Metagross|54/100
|-damage|p1a: Metagross|42/100|[from] Spikes
|move|p2a: Iron Valiant|Moonblast|p1a: Metagross
|-resisted|p1a: Metagross
|-damage|p1a: Metagross|18/100
|
|upkeep
|turn|21
|
|t:|1781015464
|-end|p2a: Iron Valiant|Quark Drive|[silent]
|switch|p2a: Gholdengo|Gholdengo|88/100
|-damage|p2a: Gholdengo|82/100|[from] Stealth Rock
|move|p1a: Metagross|Bullet Punch|p2a: Gholdengo
|-resisted|p2a: Gholdengo
|-damage|p2a: Gholdengo|70/100
|
|upkeep
|turn|22
|
|t:|1781015472
|move|p1a: Metagross|Bullet Punch|p2a: Gholdengo
|-resisted|p2a: Gholdengo
|-damage|p2a: Gholdengo|57/100
|move|p2a: Gholdengo|Shadow Ball|p1a: Metagross
|-supereffective|p1a: Metagross
|-damage|p1a: Metagross|0 fnt
|faint|p1a: Metagross
|
|upkeep
|
|t:|1781015477
|switch|p1a: Tyranitar|Tyranitar, M|85/100
|-damage|p1a: Tyranitar|73/100|[from] Spikes
|-weather|Sandstorm|[from] ability: Sand Stream|[of] p1a: Tyranitar
|turn|23
|
|t:|1781015483
|switch|p2a: Iron Valiant|Iron Valiant|64/100
|-damage|p2a: Iron Valiant|58/100|[from] Stealth Rock
|move|p1a: Tyranitar|Knock Off|p2a: Iron Valiant
|-resisted|p2a: Iron Valiant
|-damage|p2a: Iron Valiant|41/100
|
|-weather|Sandstorm|[upkeep]
|-damage|p2a: Iron Valiant|34/100|[from] Sandstorm
|upkeep
|turn|24
|
|t:|1781015492
|-end|p2a: Iron Valiant|Quark Drive|[silent]
|switch|p2a: Gholdengo|Gholdengo|57/100
|-damage|p2a: Gholdengo|51/100|[from] Stealth Rock
|switch|p1a: Clefable|Clefable, M, shiny|100/100
|
|-weather|Sandstorm|[upkeep]
|upkeep
|turn|25
|
|t:|1781015494
|move|p1a: Clefable|Protect|p1a: Clefable
|-singleturn|p1a: Clefable|Protect
|move|p2a: Gholdengo|Make It Rain|p1a: Clefable
|-activate|p1a: Clefable|move: Protect
|
|-weather|Sandstorm|[upkeep]
|upkeep
|turn|26
|
|t:|1781015498
|-terastallize|p1a: Clefable|Water
|move|p2a: Gholdengo|Make It Rain|p1a: Clefable
|-resisted|p1a: Clefable
|-damage|p1a: Clefable|80/100
|-unboost|p2a: Gholdengo|spa|1
|move|p1a: Clefable|Wish|p1a: Clefable
|
|-weather|Sandstorm|[upkeep]
|-heal|p1a: Clefable|86/100|[from] item: Leftovers
|upkeep
|turn|27
|
|t:|1781015507
|switch|p2a: Moltres|Moltres|78/100
|move|p1a: Clefable|Moonblast|p2a: Moltres
|-resisted|p2a: Moltres
|-damage|p2a: Moltres|62/100
|
|-weather|none
|-heal|p1a: Clefable|100/100|[from] move: Wish|[wisher] Clefable
|upkeep
|turn|28
|
|t:|1781015511
|move|p2a: Moltres|Roost|p2a: Moltres
|-heal|p2a: Moltres|100/100
|-singleturn|p2a: Moltres|move: Roost
|move|p1a: Clefable|Thunder Wave|p2a: Moltres
|-status|p2a: Moltres|par
|
|upkeep
|turn|29
|
|t:|1781015517
|move|p1a: Clefable|Wish|p1a: Clefable
|move|p2a: Moltres|U-turn|p1a: Clefable
|-damage|p1a: Clefable|85/100
|
|t:|1781015521
|switch|p2a: Gholdengo|Gholdengo|51/100|[from] U-turn
|-damage|p2a: Gholdengo|45/100|[from] Stealth Rock
|
|-heal|p1a: Clefable|91/100|[from] item: Leftovers
|upkeep
|turn|30
|
|t:|1781015526
|move|p1a: Clefable|Protect|p1a: Clefable
|-singleturn|p1a: Clefable|Protect
|move|p2a: Gholdengo|Trick|p1a: Clefable
|-activate|p1a: Clefable|move: Protect
|
|-heal|p1a: Clefable|100/100|[from] move: Wish|[wisher] Clefable
|upkeep
|turn|31
|
|t:|1781015532
|switch|p2a: Walking Wake|Walking Wake|100/100
|switch|p1a: Tyranitar|Tyranitar, M|73/100
|-damage|p1a: Tyranitar|61/100|[from] Spikes
|-weather|Sandstorm|[from] ability: Sand Stream|[of] p1a: Tyranitar
|
|-weather|Sandstorm|[upkeep]
|-damage|p2a: Walking Wake|94/100|[from] Sandstorm
|upkeep
|turn|32
|
|t:|1781015546
|switch|p1a: Clefable|Clefable, M, shiny, tera:Water|100/100
|move|p2a: Walking Wake|Flip Turn|p1a: Clefable
|-resisted|p1a: Clefable
|-damage|p1a: Clefable|92/100
|
|t:|1781015550
|-end|p2a: Walking Wake|Protosynthesis|[silent]
|switch|p2a: Gholdengo|Gholdengo|45/100|[from] Flip Turn
|-damage|p2a: Gholdengo|39/100|[from] Stealth Rock
|
|-weather|Sandstorm|[upkeep]
|-heal|p1a: Clefable|98/100|[from] item: Leftovers
|upkeep
|turn|33
|
|t:|1781015556
|move|p1a: Clefable|Protect|p1a: Clefable
|-singleturn|p1a: Clefable|Protect
|move|p2a: Gholdengo|Trick|p1a: Clefable
|-activate|p1a: Clefable|move: Protect
|
|-weather|Sandstorm|[upkeep]
|-heal|p1a: Clefable|100/100|[from] item: Leftovers
|upkeep
|turn|34
|inactive|plsbringregi has 120 seconds left.
|
|t:|1781015604
|switch|p2a: Iron Valiant|Iron Valiant|34/100
|-damage|p2a: Iron Valiant|28/100|[from] Stealth Rock
|switch|p1a: Tyranitar|Tyranitar, M|61/100
|-damage|p1a: Tyranitar|48/100|[from] Spikes
|
|-weather|Sandstorm|[upkeep]
|-damage|p2a: Iron Valiant|22/100|[from] Sandstorm
|upkeep
|turn|35
|
|t:|1781015614
|switch|p1a: Mandibuzz|Mandibuzz, F|100/100
|move|p2a: Iron Valiant|Moonblast|p1a: Mandibuzz
|-supereffective|p1a: Mandibuzz
|-damage|p1a: Mandibuzz|18/100
|-unboost|p1a: Mandibuzz|spa|1
|
|-weather|none
|upkeep
|turn|36
|inactive|plsbringregi has 120 seconds left.
|
|t:|1781015625
|move|p2a: Iron Valiant|Moonblast|p1a: Mandibuzz
|-supereffective|p1a: Mandibuzz
|-damage|p1a: Mandibuzz|0 fnt
|faint|p1a: Mandibuzz
|
|upkeep
|
|t:|1781015631
|switch|p1a: Clefable|Clefable, M, shiny, tera:Water|100/100
|turn|37
|
|t:|1781015636
|-end|p2a: Iron Valiant|Quark Drive|[silent]
|switch|p2a: Moltres|Moltres|100/100 par
|move|p1a: Clefable|Moonblast|p2a: Moltres
|-resisted|p2a: Moltres
|-damage|p2a: Moltres|84/100 par
|-unboost|p2a: Moltres|spa|1
|
|upkeep
|turn|38
|
|t:|1781015651
|move|p1a: Clefable|Wish|p1a: Clefable
|move|p2a: Moltres|U-turn|p1a: Clefable
|-damage|p1a: Clefable|84/100
|
|t:|1781015654
|switch|p2a: Iron Valiant|Iron Valiant|22/100|[from] U-turn
|-damage|p2a: Iron Valiant|16/100|[from] Stealth Rock
|
|-heal|p1a: Clefable|90/100|[from] item: Leftovers
|upkeep
|turn|39
|inactive|plsbringregi has 120 seconds left.
|
|t:|1781015684
|switch|p1a: Tyranitar|Tyranitar, M|48/100
|-damage|p1a: Tyranitar|36/100|[from] Spikes
|-weather|Sandstorm|[from] ability: Sand Stream|[of] p1a: Tyranitar
|move|p2a: Iron Valiant|Encore||[still]
|-fail|p2a: Iron Valiant
|
|-weather|Sandstorm|[upkeep]
|-damage|p2a: Iron Valiant|9/100|[from] Sandstorm
|-heal|p1a: Tyranitar|94/100|[from] move: Wish|[wisher] Clefable
|upkeep
|turn|40
|
|t:|1781015693
|switch|p1a: Clefable|Clefable, M, shiny, tera:Water|90/100
|move|p2a: Iron Valiant|Close Combat|p1a: Clefable
|-damage|p1a: Clefable|29/100
|-unboost|p2a: Iron Valiant|def|1
|-unboost|p2a: Iron Valiant|spd|1
|
|-weather|Sandstorm|[upkeep]
|-damage|p2a: Iron Valiant|3/100|[from] Sandstorm
|-heal|p1a: Clefable|35/100|[from] item: Leftovers
|upkeep
|turn|41
|
|t:|1781015703
|move|p1a: Clefable|Protect|p1a: Clefable
|-singleturn|p1a: Clefable|Protect
|move|p2a: Iron Valiant|Close Combat|p1a: Clefable
|-activate|p1a: Clefable|move: Protect
|
|-weather|Sandstorm|[upkeep]
|-damage|p2a: Iron Valiant|0 fnt|[from] Sandstorm
|faint|p2a: Iron Valiant
|-end|p2a: Iron Valiant|Quark Drive|[silent]
|-heal|p1a: Clefable|41/100|[from] item: Leftovers
|upkeep
|
|t:|1781015704
|switch|p2a: Gholdengo|Gholdengo|39/100
|-damage|p2a: Gholdengo|33/100|[from] Stealth Rock
|turn|42
|inactive|Brassendaer has 120 seconds left.
|
|t:|1781015737
|switch|p1a: Tyranitar|Tyranitar, M|94/100
|-damage|p1a: Tyranitar|81/100|[from] Spikes
|move|p2a: Gholdengo|Trick|p1a: Tyranitar
|-activate|p2a: Gholdengo|move: Trick|[of] p1a: Tyranitar
|-item|p1a: Tyranitar|Choice Scarf|[from] move: Trick
|-item|p2a: Gholdengo|Choice Band|[from] move: Trick
|
|-weather|Sandstorm|[upkeep]
|upkeep
|turn|43
|inactive|Brassendaer has 120 seconds left.
|
|t:|1781015765
|-terastallize|p2a: Gholdengo|Fighting
|move|p1a: Tyranitar|Knock Off|p2a: Gholdengo
|-resisted|p2a: Gholdengo
|-damage|p2a: Gholdengo|2/100
|-enditem|p2a: Gholdengo|Choice Band|[from] move: Knock Off|[of] p1a: Tyranitar
|move|p2a: Gholdengo|Focus Blast|p1a: Tyranitar|[miss]
|-miss|p2a: Gholdengo|p1a: Tyranitar
|
|-weather|none
|upkeep
|turn|44
|inactive|Brassendaer has 120 seconds left.
|
|t:|1781015778
|move|p1a: Tyranitar|Knock Off|p2a: Gholdengo
|-resisted|p2a: Gholdengo
|-damage|p2a: Gholdengo|0 fnt
|faint|p2a: Gholdengo
|
|upkeep
|
|t:|1781015779
|switch|p2a: Gliscor|Gliscor, M|45/100 tox
|-damage|p2a: Gliscor|32/100 tox|[from] Stealth Rock
|turn|45
|
|t:|1781015784
|move|p2a: Gliscor|Protect|p2a: Gliscor
|-singleturn|p2a: Gliscor|Protect
|move|p1a: Tyranitar|Knock Off|p2a: Gliscor
|-activate|p2a: Gliscor|move: Protect
|
|-heal|p2a: Gliscor|45/100 tox|[from] ability: Poison Heal
|upkeep
|turn|46
|
|t:|1781015788
|move|p1a: Tyranitar|Knock Off|p2a: Gliscor
|-damage|p2a: Gliscor|1/100 tox
|-enditem|p2a: Gliscor|Toxic Orb|[from] move: Knock Off|[of] p1a: Tyranitar
|move|p2a: Gliscor|Toxic|p1a: Tyranitar
|-status|p1a: Tyranitar|tox
|
|-damage|p1a: Tyranitar|75/100 tox|[from] psn
|-heal|p2a: Gliscor|13/100 tox|[from] ability: Poison Heal
|upkeep
|turn|47
|
|t:|1781015793
|move|p2a: Gliscor|Protect|p2a: Gliscor
|-singleturn|p2a: Gliscor|Protect
|move|p1a: Tyranitar|Knock Off|p2a: Gliscor
|-activate|p2a: Gliscor|move: Protect
|
|-damage|p1a: Tyranitar|63/100 tox|[from] psn
|-heal|p2a: Gliscor|26/100 tox|[from] ability: Poison Heal
|upkeep
|turn|48
|
|t:|1781015796
|move|p1a: Tyranitar|Knock Off|p2a: Gliscor
|-damage|p2a: Gliscor|0 fnt
|faint|p2a: Gliscor
|
|-damage|p1a: Tyranitar|44/100 tox|[from] psn
|upkeep
|
|t:|1781015799
|switch|p2a: Walking Wake|Walking Wake|94/100
|turn|49
|
|t:|1781015813
|move|p2a: Walking Wake|Surf|p1a: Tyranitar
|-supereffective|p1a: Tyranitar
|-damage|p1a: Tyranitar|0 fnt
|faint|p1a: Tyranitar
|
|upkeep
|
|t:|1781015815
|switch|p1a: Clefable|Clefable, M, shiny, tera:Water|41/100
|turn|50
|
|t:|1781015818
|move|p1a: Clefable|Protect|p1a: Clefable
|-singleturn|p1a: Clefable|Protect
|move|p2a: Walking Wake|Draco Meteor|p1a: Clefable
|-activate|p1a: Clefable|move: Protect
|
|-heal|p1a: Clefable|47/100|[from] item: Leftovers
|upkeep
|turn|51
|
|t:|1781015829
|move|p2a: Walking Wake|Draco Meteor|p1a: Clefable
|-damage|p1a: Clefable|0 fnt
|-unboost|p2a: Walking Wake|spa|2
|faint|p1a: Clefable
|
|upkeep
|
|t:|1781015832
|switch|p1a: Zamazenta|Zamazenta|100/100
|-damage|p1a: Zamazenta|88/100|[from] Spikes
|-ability|p1a: Zamazenta|Dauntless Shield|boost
|-boost|p1a: Zamazenta|def|1
|turn|52
|
|t:|1781015836
|-end|p2a: Walking Wake|Protosynthesis|[silent]
|switch|p2a: Moltres|Moltres|84/100 par
|move|p1a: Zamazenta|Iron Defense|p1a: Zamazenta
|-boost|p1a: Zamazenta|def|2
|
|upkeep
|turn|53
|
|t:|1781015840
|move|p1a: Zamazenta|Iron Defense|p1a: Zamazenta
|-boost|p1a: Zamazenta|def|2
|move|p2a: Moltres|Flamethrower|p1a: Zamazenta
|-damage|p1a: Zamazenta|58/100
|
|upkeep
|turn|54
|
|t:|1781015843
|move|p1a: Zamazenta|Iron Defense|p1a: Zamazenta
|-boost|p1a: Zamazenta|def|1
|move|p2a: Moltres|Flamethrower|p1a: Zamazenta
|-damage|p1a: Zamazenta|27/100
|
|upkeep
|turn|55
|
|t:|1781015847
|move|p1a: Zamazenta|Rest|p1a: Zamazenta
|-status|p1a: Zamazenta|slp|[from] move: Rest
|-heal|p1a: Zamazenta|100/100 slp|[silent]
|-enditem|p1a: Zamazenta|Chesto Berry|[eat]
|-curestatus|p1a: Zamazenta|slp|[msg]
|move|p2a: Moltres|Flamethrower|p1a: Zamazenta
|-damage|p1a: Zamazenta|73/100
|-status|p1a: Zamazenta|brn
|
|-damage|p1a: Zamazenta|67/100 brn|[from] brn
|upkeep
|turn|56
|
|t:|1781015851
|move|p1a: Zamazenta|Body Press|p2a: Moltres
|-resisted|p2a: Moltres
|-damage|p2a: Moltres|62/100 par
|move|p2a: Moltres|Flamethrower|p1a: Zamazenta
|-damage|p1a: Zamazenta|37/100 brn
|
|-damage|p1a: Zamazenta|31/100 brn|[from] brn
|upkeep
|turn|57
|
|t:|1781015858
|move|p1a: Zamazenta|Body Press|p2a: Moltres
|-resisted|p2a: Moltres
|-damage|p2a: Moltres|40/100 par
|cant|p2a: Moltres|par
|
|-damage|p1a: Zamazenta|25/100 brn|[from] brn
|upkeep
|turn|58
|
|t:|1781015862
|move|p1a: Zamazenta|Rest|p1a: Zamazenta
|-status|p1a: Zamazenta|slp|[from] move: Rest
|-heal|p1a: Zamazenta|100/100 slp|[silent]
|move|p2a: Moltres|Flamethrower|p1a: Zamazenta
|-damage|p1a: Zamazenta|69/100 slp
|
|upkeep
|turn|59
|
|t:|1781015867
|cant|p1a: Zamazenta|slp
|move|p2a: Moltres|Roost|p2a: Moltres
|-heal|p2a: Moltres|90/100 par
|-singleturn|p2a: Moltres|move: Roost
|
|upkeep
|turn|60
|
|t:|1781015870
|cant|p1a: Zamazenta|slp
|move|p2a: Moltres|Flamethrower|p1a: Zamazenta
|-damage|p1a: Zamazenta|38/100 slp
|
|upkeep
|turn|61
|
|t:|1781015874
|-curestatus|p1a: Zamazenta|slp|[msg]
|move|p1a: Zamazenta|Body Press|p2a: Moltres
|-resisted|p2a: Moltres
|-damage|p2a: Moltres|47/100 par
|move|p2a: Moltres|Flamethrower|p1a: Zamazenta
|-damage|p1a: Zamazenta|10/100
|-status|p1a: Zamazenta|brn
|
|-damage|p1a: Zamazenta|4/100 brn|[from] brn
|upkeep
|turn|62
|
|t:|1781015883
|move|p1a: Zamazenta|Rest|p1a: Zamazenta
|-status|p1a: Zamazenta|slp|[from] move: Rest
|-heal|p1a: Zamazenta|100/100 slp|[silent]
|move|p2a: Moltres|Flamethrower|p1a: Zamazenta
|-damage|p1a: Zamazenta|72/100 slp
|
|upkeep
|turn|63
|
|t:|1781015888
|cant|p1a: Zamazenta|slp
|move|p2a: Moltres|Flamethrower|p1a: Zamazenta
|-damage|p1a: Zamazenta|45/100 slp
|
|upkeep
|turn|64
|
|t:|1781015892
|cant|p1a: Zamazenta|slp
|move|p2a: Moltres|Flamethrower|p1a: Zamazenta
|-damage|p1a: Zamazenta|15/100 slp
|
|upkeep
|turn|65
|
|t:|1781015895
|-curestatus|p1a: Zamazenta|slp|[msg]
|move|p1a: Zamazenta|Rest|p1a: Zamazenta
|-status|p1a: Zamazenta|slp|[from] move: Rest
|-heal|p1a: Zamazenta|100/100 slp|[silent]
|cant|p2a: Moltres|par
|
|upkeep
|turn|66
|
|t:|1781015902
|cant|p1a: Zamazenta|slp
|cant|p2a: Moltres|par
|
|upkeep
|turn|67
|
|t:|1781015905
|cant|p1a: Zamazenta|slp
|cant|p2a: Moltres|par
|
|upkeep
|turn|68
|
|t:|1781015907
|-curestatus|p1a: Zamazenta|slp|[msg]
|move|p1a: Zamazenta|Body Press|p2a: Moltres
|-resisted|p2a: Moltres
|-damage|p2a: Moltres|3/100 par
|move|p2a: Moltres|Roost|p2a: Moltres
|-heal|p2a: Moltres|53/100 par
|-singleturn|p2a: Moltres|move: Roost
|
|upkeep
|turn|69
|
|t:|1781015912
|move|p1a: Zamazenta|Body Press|p2a: Moltres
|-resisted|p2a: Moltres
|-damage|p2a: Moltres|5/100 par
|cant|p2a: Moltres|par
|
|upkeep
|turn|70
|-message|plsbringregi forfeited.
|
|win|Brassendaer
|raw|Brassendaer's rating: 1566 &rarr; <strong>1588</strong><br />(+22 for winning)
|raw|plsbringregi's rating: 1609 &rarr; <strong>1587</strong><br />(-22 for losing)
|l|☆plsbringregi
|player|p2|
|l|☆Brassendaer
|player|p1|
|j| tdgrdrgdgrz
|l| tdgrdrgdgrz
