|j|☆Thecannonites
|j|☆Glimpse Man
|t:|1781236453
|gametype|singles
|player|p1|Thecannonites|n|1534
|player|p2|Glimpse Man|acetrainer-gen4dp|1583
|gen|9
|tier|[Gen 9] OU
|rated|
|rule|HP Percentage Mod: HP is shown in percentages
|rule|Endless Battle Clause: Forcing endless battles is banned
|rule|Species Clause: Limit one of each Pokémon
|rule|OHKO Clause: OHKO moves are banned
|rule|Evasion Items Clause: Evasion items are banned
|rule|Evasion Moves Clause: Evasion moves are banned
|rule|Evasion Abilities Clause: Evasion abilities are banned
|rule|Sleep Moves Clause: Sleep-inducing moves are banned
|clearpoke
|poke|p1|Grimmsnarl, M|
|poke|p1|Blastoise, M|
|poke|p1|Hatterene, F|
|poke|p1|Iron Crown|
|poke|p1|Great Tusk|
|poke|p1|Ceruledge, M|
|poke|p2|Great Tusk|
|poke|p2|Samurott-Hisui, M|
|poke|p2|Gholdengo|
|poke|p2|Zamazenta-*|
|poke|p2|Iron Valiant|
|poke|p2|Talonflame, F|
|teampreview
|inactive|Battle timer is ON: inactive players will automatically lose when time's up. (requested by Glimpse Man)
|inactive|Thecannonites also wants the timer to be on.
|
|t:|1781236461
|teamsize|p1|6
|teamsize|p2|6
|start
|switch|p1a: Grimmsnarl|Grimmsnarl, M|100/100
|switch|p2a: Samurott|Samurott-Hisui, M|100/100
|turn|1
|
|t:|1781236466
|move|p2a: Samurott|Knock Off|p1a: Grimmsnarl
|-resisted|p1a: Grimmsnarl
|-damage|p1a: Grimmsnarl|88/100
|-enditem|p1a: Grimmsnarl|Light Clay|[from] move: Knock Off|[of] p2a: Samurott
|move|p1a: Grimmsnarl|Low Kick|p2a: Samurott
|-supereffective|p2a: Samurott
|-damage|p2a: Samurott|43/100
|
|upkeep
|turn|2
|j| Kisaragi Station
|
|t:|1781236474
|switch|p2a: Talonflame|Talonflame, F|100/100
|move|p1a: Grimmsnarl|Reflect|p1a: Grimmsnarl
|-sidestart|p1: Thecannonites|Reflect
|
|upkeep
|turn|3
|
|t:|1781236479
|move|p1a: Grimmsnarl|Taunt|p2a: Talonflame
|-start|p2a: Talonflame|move: Taunt
|cant|p2a: Talonflame|move: Taunt|Will-O-Wisp
|
|upkeep
|turn|4
|
|t:|1781236483
|move|p1a: Grimmsnarl|Light Screen|p1a: Grimmsnarl
|-sidestart|p1: Thecannonites|move: Light Screen
|move|p2a: Talonflame|U-turn|p1a: Grimmsnarl
|-damage|p1a: Grimmsnarl|80/100
|
|t:|1781236494
|switch|p2a: Gholdengo|Gholdengo|100/100|[from] U-turn
|-item|p2a: Gholdengo|Air Balloon
|
|upkeep
|turn|5
|
|t:|1781236500
|switch|p1a: Ceruledge|Ceruledge, M|100/100
|move|p2a: Gholdengo|Shadow Ball|p1a: Ceruledge
|-supereffective|p1a: Ceruledge
|-damage|p1a: Ceruledge|43/100
|
|upkeep
|turn|6
|
|t:|1781236508
|switch|p2a: Samurott|Samurott-Hisui, M|43/100
|move|p1a: Ceruledge|Bitter Blade|p2a: Samurott
|-resisted|p2a: Samurott
|-damage|p2a: Samurott|4/100
|-heal|p1a: Ceruledge|66/100|[from] drain|[of] p2a: Samurott
|-damage|p1a: Ceruledge|56/100|[from] item: Life Orb
|
|-sideend|p1: Thecannonites|Reflect
|upkeep
|turn|7
|
|t:|1781236519
|move|p2a: Samurott|Sucker Punch|p1a: Ceruledge
|-supereffective|p1a: Ceruledge
|-damage|p1a: Ceruledge|0 fnt
|faint|p1a: Ceruledge
|
|upkeep
|
|t:|1781236527
|switch|p1a: Great Tusk|Great Tusk|100/100
|-enditem|p1a: Great Tusk|Booster Energy
|-activate|p1a: Great Tusk|ability: Protosynthesis|[fromitem]
|-start|p1a: Great Tusk|protosynthesisspe
|turn|8
|
|t:|1781236533
|switch|p2a: Talonflame|Talonflame, F|100/100
|move|p1a: Great Tusk|Bulk Up|p1a: Great Tusk
|-boost|p1a: Great Tusk|atk|1
|-boost|p1a: Great Tusk|def|1
|
|-sideend|p1: Thecannonites|move: Light Screen
|upkeep
|turn|9
|
|t:|1781236540
|-end|p1a: Great Tusk|Protosynthesis|[silent]
|switch|p1a: Grimmsnarl|Grimmsnarl, M|80/100
|move|p2a: Talonflame|Will-O-Wisp|p1a: Grimmsnarl|[miss]
|-miss|p2a: Talonflame|p1a: Grimmsnarl
|
|upkeep
|turn|10
|
|t:|1781236547
|move|p1a: Grimmsnarl|Reflect|p1a: Grimmsnarl
|-sidestart|p1: Thecannonites|Reflect
|move|p2a: Talonflame|Taunt|p1a: Grimmsnarl
|-start|p1a: Grimmsnarl|move: Taunt
|
|upkeep
|turn|11
|
|t:|1781236553
|switch|p1a: Blastoise|Blastoise, M|100/100
|move|p2a: Talonflame|U-turn|p1a: Blastoise
|-damage|p1a: Blastoise|93/100
|j| heheheha07
|
|t:|1781236560
|switch|p2a: Gholdengo|Gholdengo|100/100|[from] U-turn
|-item|p2a: Gholdengo|Air Balloon
|
|upkeep
|turn|12
|
|t:|1781236564
|move|p1a: Blastoise|Shell Smash|p1a: Blastoise
|-unboost|p1a: Blastoise|def|1
|-unboost|p1a: Blastoise|spd|1
|-boost|p1a: Blastoise|atk|2
|-boost|p1a: Blastoise|spa|2
|-boost|p1a: Blastoise|spe|2
|-enditem|p1a: Blastoise|White Herb
|-clearnegativeboost|p1a: Blastoise|[silent]
|move|p2a: Gholdengo|Shadow Ball|p1a: Blastoise
|-damage|p1a: Blastoise|37/100
|
|upkeep
|turn|13
|
|t:|1781236575
|switch|p2a: Samurott|Samurott-Hisui, M|4/100
|move|p1a: Blastoise|Surf|p2a: Samurott
|-resisted|p2a: Samurott
|-damage|p2a: Samurott|0 fnt
|faint|p2a: Samurott
|
|upkeep
|
|t:|1781236600
|switch|p2a: Iron Valiant|Iron Valiant|100/100
|-enditem|p2a: Iron Valiant|Booster Energy
|-activate|p2a: Iron Valiant|ability: Quark Drive|[fromitem]
|-start|p2a: Iron Valiant|quarkdrivespe
|turn|14
|
|t:|1781236606
|move|p1a: Blastoise|Surf|p2a: Iron Valiant
|-damage|p2a: Iron Valiant|0 fnt
|faint|p2a: Iron Valiant
|-end|p2a: Iron Valiant|Quark Drive|[silent]
|
|-sideend|p1: Thecannonites|Reflect
|upkeep
|
|t:|1781236621
|switch|p2a: Gholdengo|Gholdengo|100/100
|-item|p2a: Gholdengo|Air Balloon
|turn|15
|
|t:|1781236626
|-terastallize|p2a: Gholdengo|Water
|move|p1a: Blastoise|Surf|p2a: Gholdengo
|-resisted|p2a: Gholdengo
|-damage|p2a: Gholdengo|62/100
|-enditem|p2a: Gholdengo|Air Balloon
|move|p2a: Gholdengo|Shadow Ball|p1a: Blastoise
|-damage|p1a: Blastoise|0 fnt
|faint|p1a: Blastoise
|
|upkeep
|
|t:|1781236639
|switch|p1a: Grimmsnarl|Grimmsnarl, M|80/100
|turn|16
|
|t:|1781236643
|move|p1a: Grimmsnarl|Light Screen|p1a: Grimmsnarl
|-sidestart|p1: Thecannonites|move: Light Screen
|move|p2a: Gholdengo|Make It Rain|p1a: Grimmsnarl
|-supereffective|p1a: Grimmsnarl
|-damage|p1a: Grimmsnarl|17/100
|-unboost|p2a: Gholdengo|spa|1
|
|upkeep
|turn|17
|l| heheheha07
|
|t:|1781236650
|switch|p2a: Talonflame|Talonflame, F|100/100
|move|p1a: Grimmsnarl|Reflect|p1a: Grimmsnarl
|-sidestart|p1: Thecannonites|Reflect
|
|upkeep
|turn|18
|
|t:|1781236655
|move|p1a: Grimmsnarl|Taunt|p2a: Talonflame
|-start|p2a: Talonflame|move: Taunt
|cant|p2a: Talonflame|move: Taunt|Defog
|
|upkeep
|turn|19
|
|t:|1781236660
|switch|p1a: Iron Crown|Iron Crown|100/100
|-enditem|p1a: Iron Crown|Booster Energy
|-activate|p1a: Iron Crown|ability: Quark Drive|[fromitem]
|-start|p1a: Iron Crown|quarkdrivespa
|move|p2a: Talonflame|U-turn|p1a: Iron Crown
|-damage|p1a: Iron Crown|94/100
|
|t:|1781236673
|switch|p2a: Gholdengo|Gholdengo, tera:Water|62/100|[from] U-turn
|
|upkeep
|turn|20
|
|t:|1781236677
|move|p1a: Iron Crown|Agility|p1a: Iron Crown
|-boost|p1a: Iron Crown|spe|2
|move|p2a: Gholdengo|Shadow Ball|p1a: Iron Crown
|-supereffective|p1a: Iron Crown
|-damage|p1a: Iron Crown|48/100
|
|-sideend|p1: Thecannonites|move: Light Screen
|upkeep
|turn|21
|
|t:|1781236687
|-terastallize|p1a: Iron Crown|Fighting
|move|p1a: Iron Crown|Calm Mind|p1a: Iron Crown
|-boost|p1a: Iron Crown|spa|1
|-boost|p1a: Iron Crown|spd|1
|move|p2a: Gholdengo|Shadow Ball|p1a: Iron Crown
|-damage|p1a: Iron Crown|16/100
|
|-sideend|p1: Thecannonites|Reflect
|upkeep
|turn|22
|
|t:|1781236699
|move|p1a: Iron Crown|Stored Power|p2a: Gholdengo
|-damage|p2a: Gholdengo|0 fnt
|faint|p2a: Gholdengo
|
|upkeep
|
|t:|1781236704
|switch|p2a: Zamazenta|Zamazenta|100/100
|-ability|p2a: Zamazenta|Dauntless Shield|boost
|-boost|p2a: Zamazenta|def|1
|turn|23
|
|t:|1781236709
|move|p1a: Iron Crown|Stored Power|p2a: Zamazenta
|-supereffective|p2a: Zamazenta
|-damage|p2a: Zamazenta|0 fnt
|faint|p2a: Zamazenta
|
|upkeep
|
|t:|1781236710
|switch|p2a: Great Tusk|Great Tusk|100/100
|turn|24
|-message|Glimpse Man forfeited.
|
|win|Thecannonites
|raw|Thecannonites's rating: 1534 &rarr; <strong>1557</strong><br />(+23 for winning)
|raw|Glimpse Man's rating: 1583 &rarr; <strong>1560</strong><br />(-23 for losing)
|l|☆Glimpse Man
|player|p2|
