|j|☆KurisuChestnutLab
|j|☆Rj yoip
|t:|1781125898
|gametype|singles
|player|p1|KurisuChestnutLab|may-contest|1552
|player|p2|Rj yoip|caitlin-masters|1625
|gen|9
|tier|[Gen 9] OU
|rated|
|rule|HP Percentage Mod: HP is shown in percentages
|rule|Endless Battle Clause: Forcing endless battles is banned
|rule|Species Clause: Limit one of each Pokémon
|rule|OHKO Clause: OHKO moves are banned
|rule|Evasion Items Clause: Evasion items are banned
|rule|Evasion Moves Clause: Evasion moves are banned
|rule|Evasion Abilities Clause: Evasion abilities are banned
|rule|Sleep Moves Clause: Sleep-inducing moves are banned
|clearpoke
|poke|p1|Zamazenta-*|
|poke|p1|Zapdos|
|poke|p1|Garganacl, F|
|poke|p1|Clefable, F|
|poke|p1|Samurott-Hisui, F|
|poke|p1|Gholdengo|
|poke|p2|Tyranitar, M|
|poke|p2|Hydrapple, F|
|poke|p2|Enamorus, F|
|poke|p2|Garganacl, F|
|poke|p2|Excadrill, F|
|poke|p2|Alomomola, F|
|teampreview
|
|t:|1781125903
|teamsize|p1|6
|teamsize|p2|6
|start
|switch|p1a: Zamazenta|Zamazenta|100/100
|switch|p2a: Alomomola|Alomomola, F|100/100
|-ability|p1a: Zamazenta|Dauntless Shield|boost
|-boost|p1a: Zamazenta|def|1
|turn|1
|inactive|Battle timer is ON: inactive players will automatically lose when time's up. (requested by KurisuChestnutLab)
|
|t:|1781125907
|move|p2a: Alomomola|Scald|p1a: Zamazenta
|-crit|p1a: Zamazenta
|-damage|p1a: Zamazenta|85/100
|-status|p1a: Zamazenta|brn
|move|p1a: Zamazenta|Roar|p2a: Alomomola
|drag|p2a: Excadrill|Excadrill, F|100/100
|
|-heal|p1a: Zamazenta|91/100 brn|[from] item: Leftovers
|-damage|p1a: Zamazenta|85/100 brn|[from] brn
|upkeep
|turn|2
|
|t:|1781125912
|switch|p2a: Hydrapple|Hydrapple, F|100/100
|move|p1a: Zamazenta|Body Press|p2a: Hydrapple
|-damage|p2a: Hydrapple|87/100
|-damage|p1a: Zamazenta|68/100 brn|[from] item: Rocky Helmet|[of] p2a: Hydrapple
|
|-heal|p1a: Zamazenta|74/100 brn|[from] item: Leftovers
|-damage|p1a: Zamazenta|68/100 brn|[from] brn
|upkeep
|turn|3
|
|t:|1781125916
|switch|p1a: Zapdos|Zapdos|100/100
|switch|p2a: Alomomola|Alomomola, F|100/100
|
|upkeep
|turn|4
|
|t:|1781125921
|move|p1a: Zapdos|Hurricane|p2a: Alomomola
|-damage|p2a: Alomomola|74/100
|move|p2a: Alomomola|Flip Turn|p1a: Zapdos
|-damage|p1a: Zapdos|89/100
|
|t:|1781125924
|switch|p2a: Tyranitar|Tyranitar, M|100/100|[from] Flip Turn
|-weather|Sandstorm|[from] ability: Sand Stream|[of] p2a: Tyranitar
|
|-weather|Sandstorm|[upkeep]
|-damage|p1a: Zapdos|83/100|[from] Sandstorm
|upkeep
|turn|5
|
|t:|1781125928
|move|p1a: Zapdos|Volt Switch|p2a: Tyranitar
|-damage|p2a: Tyranitar|82/100
|
|t:|1781125935
|switch|p1a: Zamazenta|Zamazenta|68/100 brn|[from] Volt Switch
|move|p2a: Tyranitar|Stone Edge|p1a: Zamazenta|[miss]
|-miss|p2a: Tyranitar|p1a: Zamazenta
|
|-weather|Sandstorm|[upkeep]
|-damage|p1a: Zamazenta|62/100 brn|[from] Sandstorm
|-heal|p1a: Zamazenta|68/100 brn|[from] item: Leftovers
|-damage|p1a: Zamazenta|62/100 brn|[from] brn
|upkeep
|turn|6
|
|t:|1781125943
|switch|p1a: Gholdengo|Gholdengo|100/100
|switch|p2a: Hydrapple|Hydrapple, F|100/100
|
|-weather|Sandstorm|[upkeep]
|-damage|p2a: Hydrapple|94/100|[from] Sandstorm
|upkeep
|turn|7
|
|t:|1781125948
|switch|p1a: Zapdos|Zapdos|83/100
|switch|p2a: Garganacl|Garganacl, F|100/100
|
|-weather|Sandstorm|[upkeep]
|-damage|p1a: Zapdos|77/100|[from] Sandstorm
|upkeep
|turn|8
|
|t:|1781125952
|move|p1a: Zapdos|Roost|p1a: Zapdos
|-heal|p1a: Zapdos|100/100
|-singleturn|p1a: Zapdos|move: Roost
|move|p2a: Garganacl|Salt Cure|p1a: Zapdos
|-damage|p1a: Zapdos|90/100
|-start|p1a: Zapdos|Salt Cure
|
|-weather|none
|-damage|p1a: Zapdos|78/100|[from] Salt Cure
|upkeep
|turn|9
|
|t:|1781125960
|move|p1a: Zapdos|Volt Switch|p2a: Garganacl
|-damage|p2a: Garganacl|79/100
|
|t:|1781125967
|switch|p1a: Garganacl|Garganacl, F|100/100|[from] Volt Switch
|move|p2a: Garganacl|Stealth Rock|p1a: Garganacl
|-sidestart|p1: KurisuChestnutLab|move: Stealth Rock
|
|-heal|p2a: Garganacl|85/100|[from] item: Leftovers
|upkeep
|turn|10
|
|t:|1781125971
|move|p2a: Garganacl|Salt Cure|p1a: Garganacl
|-damage|p1a: Garganacl|92/100
|-start|p1a: Garganacl|Salt Cure
|move|p1a: Garganacl|Stealth Rock|p2a: Garganacl
|-sidestart|p2: Rj yoip|move: Stealth Rock
|
|-heal|p1a: Garganacl|98/100|[from] item: Leftovers
|-heal|p2a: Garganacl|91/100|[from] item: Leftovers
|-damage|p1a: Garganacl|86/100|[from] Salt Cure
|upkeep
|turn|11
|
|t:|1781125975
|move|p1a: Garganacl|Salt Cure|p2a: Garganacl
|-damage|p2a: Garganacl|81/100
|-start|p2a: Garganacl|Salt Cure
|move|p2a: Garganacl|Salt Cure|p1a: Garganacl
|-damage|p1a: Garganacl|77/100
|
|-heal|p2a: Garganacl|87/100|[from] item: Leftovers
|-heal|p1a: Garganacl|83/100|[from] item: Leftovers
|-damage|p1a: Garganacl|71/100|[from] Salt Cure
|-damage|p2a: Garganacl|75/100|[from] Salt Cure
|upkeep
|turn|12
|
|t:|1781125983
|switch|p2a: Excadrill|Excadrill, F|100/100
|-damage|p2a: Excadrill|97/100|[from] Stealth Rock
|move|p1a: Garganacl|Recover|p1a: Garganacl
|-heal|p1a: Garganacl|100/100
|
|-heal|p2a: Excadrill|100/100|[from] item: Leftovers
|-damage|p1a: Garganacl|88/100|[from] Salt Cure
|upkeep
|turn|13
|
|t:|1781125988
|move|p2a: Excadrill|Substitute|p2a: Excadrill
|-start|p2a: Excadrill|Substitute
|-damage|p2a: Excadrill|76/100
|move|p1a: Garganacl|Earthquake|p2a: Excadrill
|-supereffective|p2a: Excadrill
|-end|p2a: Excadrill|Substitute
|
|-heal|p2a: Excadrill|82/100|[from] item: Leftovers
|-heal|p1a: Garganacl|94/100|[from] item: Leftovers
|-damage|p1a: Garganacl|82/100|[from] Salt Cure
|upkeep
|turn|14
|
|t:|1781125993
|-terastallize|p1a: Garganacl|Water
|move|p2a: Excadrill|Substitute|p2a: Excadrill
|-start|p2a: Excadrill|Substitute
|-damage|p2a: Excadrill|57/100
|move|p1a: Garganacl|Earthquake|p2a: Excadrill
|-supereffective|p2a: Excadrill
|-end|p2a: Excadrill|Substitute
|
|-heal|p2a: Excadrill|63/100|[from] item: Leftovers
|-heal|p1a: Garganacl|88/100|[from] item: Leftovers
|-damage|p1a: Garganacl|63/100|[from] Salt Cure
|upkeep
|turn|15
|
|t:|1781125996
|move|p2a: Excadrill|Substitute|p2a: Excadrill
|-start|p2a: Excadrill|Substitute
|-damage|p2a: Excadrill|38/100
|move|p1a: Garganacl|Earthquake|p2a: Excadrill
|-supereffective|p2a: Excadrill
|-end|p2a: Excadrill|Substitute
|
|-heal|p2a: Excadrill|44/100|[from] item: Leftovers
|-heal|p1a: Garganacl|69/100|[from] item: Leftovers
|-damage|p1a: Garganacl|44/100|[from] Salt Cure
|upkeep
|turn|16
|c|☆Rj yoip|Bro…
|
|t:|1781126002
|move|p2a: Excadrill|Substitute|p2a: Excadrill
|-start|p2a: Excadrill|Substitute
|-damage|p2a: Excadrill|19/100
|move|p1a: Garganacl|Recover|p1a: Garganacl
|-heal|p1a: Garganacl|94/100
|
|-heal|p2a: Excadrill|25/100|[from] item: Leftovers
|-heal|p1a: Garganacl|100/100|[from] item: Leftovers
|-damage|p1a: Garganacl|75/100|[from] Salt Cure
|upkeep
|turn|17
|
|t:|1781126005
|move|p2a: Excadrill|Rapid Spin|p1a: Garganacl
|-damage|p1a: Garganacl|64/100
|-boost|p2a: Excadrill|spe|1
|-sideend|p2: Rj yoip|Stealth Rock|[from] move: Rapid Spin|[of] p2a: Excadrill
|move|p1a: Garganacl|Salt Cure|p2a: Excadrill
|-resisted|p2a: Excadrill
|-activate|p2a: Excadrill|move: Substitute|[damage]
|
|-heal|p2a: Excadrill|31/100|[from] item: Leftovers
|-heal|p1a: Garganacl|70/100|[from] item: Leftovers
|-damage|p1a: Garganacl|45/100|[from] Salt Cure
|upkeep
|turn|18
|
|t:|1781126010
|move|p2a: Excadrill|Earthquake|p1a: Garganacl
|-crit|p1a: Garganacl
|-damage|p1a: Garganacl|0 fnt
|faint|p1a: Garganacl
|
|-heal|p2a: Excadrill|37/100|[from] item: Leftovers
|upkeep
|
|t:|1781126014
|switch|p1a: Zamazenta|Zamazenta|62/100 brn
|-damage|p1a: Zamazenta|56/100 brn|[from] Stealth Rock
|turn|19
|
|t:|1781126017
|move|p2a: Excadrill|Earthquake|p1a: Zamazenta
|-damage|p1a: Zamazenta|17/100 brn
|move|p1a: Zamazenta|Roar|p2a: Excadrill
|drag|p2a: Garganacl|Garganacl, F|75/100
|
|-heal|p1a: Zamazenta|23/100 brn|[from] item: Leftovers
|-heal|p2a: Garganacl|81/100|[from] item: Leftovers
|-damage|p1a: Zamazenta|17/100 brn|[from] brn
|upkeep
|turn|20
|
|t:|1781126021
|switch|p1a: Zapdos|Zapdos|78/100
|switch|p2a: Hydrapple|Hydrapple, F|100/100
|
|upkeep
|turn|21
|
|t:|1781126025
|switch|p2a: Garganacl|Garganacl, F|81/100
|move|p1a: Zapdos|Hurricane|p2a: Garganacl
|-resisted|p2a: Garganacl
|-damage|p2a: Garganacl|66/100
|
|-heal|p2a: Garganacl|72/100|[from] item: Leftovers
|upkeep
|turn|22
|
|t:|1781126033
|move|p1a: Zapdos|Roost|p1a: Zapdos
|-heal|p1a: Zapdos|100/100
|-singleturn|p1a: Zapdos|move: Roost
|move|p2a: Garganacl|Salt Cure|p1a: Zapdos
|-damage|p1a: Zapdos|91/100
|-start|p1a: Zapdos|Salt Cure
|
|-heal|p2a: Garganacl|79/100|[from] item: Leftovers
|-damage|p1a: Zapdos|79/100|[from] Salt Cure
|upkeep
|turn|23
|
|t:|1781126040
|move|p1a: Zapdos|Volt Switch|p2a: Garganacl
|-damage|p2a: Garganacl|58/100
|
|t:|1781126046
|switch|p1a: Samurott|Samurott-Hisui, F|100/100|[from] Volt Switch
|-damage|p1a: Samurott|88/100|[from] Stealth Rock
|move|p2a: Garganacl|Salt Cure|p1a: Samurott
|-crit|p1a: Samurott
|-damage|p1a: Samurott|61/100
|-start|p1a: Samurott|Salt Cure
|
|-heal|p2a: Garganacl|64/100|[from] item: Leftovers
|-damage|p1a: Samurott|36/100|[from] Salt Cure
|upkeep
|turn|24
|
|t:|1781126050
|switch|p1a: Zapdos|Zapdos|79/100
|move|p2a: Garganacl|Protect||[still]
|-fail|p2a: Garganacl
|
|-heal|p2a: Garganacl|70/100|[from] item: Leftovers
|upkeep
|turn|25
|
|t:|1781126056
|move|p1a: Zapdos|Roost|p1a: Zapdos
|-heal|p1a: Zapdos|100/100
|-singleturn|p1a: Zapdos|move: Roost
|move|p2a: Garganacl|Salt Cure|p1a: Zapdos
|-damage|p1a: Zapdos|91/100
|-start|p1a: Zapdos|Salt Cure
|
|-heal|p2a: Garganacl|76/100|[from] item: Leftovers
|-damage|p1a: Zapdos|79/100|[from] Salt Cure
|upkeep
|turn|26
|
|t:|1781126064
|move|p1a: Zapdos|Volt Switch|p2a: Garganacl
|-crit|p2a: Garganacl
|-damage|p2a: Garganacl|47/100
|
|t:|1781126067
|switch|p1a: Samurott|Samurott-Hisui, F|36/100|[from] Volt Switch
|-damage|p1a: Samurott|23/100|[from] Stealth Rock
|move|p2a: Garganacl|Salt Cure|p1a: Samurott
|-damage|p1a: Samurott|5/100
|-start|p1a: Samurott|Salt Cure
|
|-heal|p2a: Garganacl|53/100|[from] item: Leftovers
|-damage|p1a: Samurott|0 fnt|[from] Salt Cure
|faint|p1a: Samurott
|upkeep
|
|t:|1781126074
|switch|p1a: Gholdengo|Gholdengo|100/100
|-damage|p1a: Gholdengo|94/100|[from] Stealth Rock
|turn|27
|
|t:|1781126081
|move|p2a: Garganacl|Protect|p2a: Garganacl
|-singleturn|p2a: Garganacl|Protect
|move|p1a: Gholdengo|Make It Rain|p2a: Garganacl
|-activate|p2a: Garganacl|move: Protect
|
|-heal|p2a: Garganacl|59/100|[from] item: Leftovers
|upkeep
|turn|28
|
|t:|1781126088
|switch|p1a: Zapdos|Zapdos|79/100
|-terastallize|p2a: Garganacl|Electric
|move|p2a: Garganacl|Recover|p2a: Garganacl
|-heal|p2a: Garganacl|100/100
|
|upkeep
|turn|29
|
|t:|1781126091
|move|p1a: Zapdos|Roost|p1a: Zapdos
|-heal|p1a: Zapdos|100/100
|-singleturn|p1a: Zapdos|move: Roost
|move|p2a: Garganacl|Salt Cure|p1a: Zapdos
|-damage|p1a: Zapdos|91/100
|-start|p1a: Zapdos|Salt Cure
|
|-damage|p1a: Zapdos|79/100|[from] Salt Cure
|upkeep
|turn|30
|
|t:|1781126095
|move|p1a: Zapdos|Roost|p1a: Zapdos
|-heal|p1a: Zapdos|100/100
|-singleturn|p1a: Zapdos|move: Roost
|move|p2a: Garganacl|Salt Cure|p1a: Zapdos
|-damage|p1a: Zapdos|91/100
|
|-damage|p1a: Zapdos|79/100|[from] Salt Cure
|upkeep
|turn|31
|
|t:|1781126100
|move|p1a: Zapdos|Roost|p1a: Zapdos
|-heal|p1a: Zapdos|100/100
|-singleturn|p1a: Zapdos|move: Roost
|move|p2a: Garganacl|Salt Cure|p1a: Zapdos
|-damage|p1a: Zapdos|90/100
|
|-damage|p1a: Zapdos|78/100|[from] Salt Cure
|upkeep
|turn|32
|
|t:|1781126122
|move|p1a: Zapdos|Roost|p1a: Zapdos
|-heal|p1a: Zapdos|100/100
|-singleturn|p1a: Zapdos|move: Roost
|move|p2a: Garganacl|Salt Cure|p1a: Zapdos
|-damage|p1a: Zapdos|90/100
|
|-damage|p1a: Zapdos|77/100|[from] Salt Cure
|upkeep
|turn|33
|
|t:|1781126127
|move|p1a: Zapdos|Hurricane|p2a: Garganacl
|-resisted|p2a: Garganacl
|-damage|p2a: Garganacl|84/100
|-start|p2a: Garganacl|confusion
|-activate|p2a: Garganacl|confusion
|move|p2a: Garganacl|Salt Cure|p1a: Zapdos
|-supereffective|p1a: Zapdos
|-damage|p1a: Zapdos|58/100
|
|-heal|p2a: Garganacl|90/100|[from] item: Leftovers
|-damage|p1a: Zapdos|46/100|[from] Salt Cure
|upkeep
|turn|34
|
|t:|1781126135
|move|p1a: Zapdos|Roost|p1a: Zapdos
|-heal|p1a: Zapdos|96/100
|-singleturn|p1a: Zapdos|move: Roost
|-end|p2a: Garganacl|confusion
|move|p2a: Garganacl|Salt Cure|p1a: Zapdos
|-damage|p1a: Zapdos|86/100
|
|-heal|p2a: Garganacl|97/100|[from] item: Leftovers
|-damage|p1a: Zapdos|73/100|[from] Salt Cure
|upkeep
|turn|35
|
|t:|1781126156
|move|p2a: Garganacl|Protect|p2a: Garganacl
|-singleturn|p2a: Garganacl|Protect
|move|p1a: Zapdos|Volt Switch|p2a: Garganacl
|-activate|p2a: Garganacl|move: Protect
|
|-heal|p2a: Garganacl|100/100|[from] item: Leftovers
|-damage|p1a: Zapdos|61/100|[from] Salt Cure
|upkeep
|turn|36
|
|t:|1781126163
|move|p1a: Zapdos|Volt Switch|p2a: Garganacl
|-resisted|p2a: Garganacl
|-damage|p2a: Garganacl|90/100
|
|t:|1781126168
|switch|p1a: Zamazenta|Zamazenta|17/100 brn|[from] Volt Switch
|-damage|p1a: Zamazenta|11/100 brn|[from] Stealth Rock
|move|p2a: Garganacl|Salt Cure|p1a: Zamazenta
|-resisted|p1a: Zamazenta
|-damage|p1a: Zamazenta|5/100 brn
|-start|p1a: Zamazenta|Salt Cure
|
|-heal|p1a: Zamazenta|11/100 brn|[from] item: Leftovers
|-heal|p2a: Garganacl|97/100|[from] item: Leftovers
|-damage|p1a: Zamazenta|5/100 brn|[from] brn
|-damage|p1a: Zamazenta|0 fnt|[from] Salt Cure
|faint|p1a: Zamazenta
|upkeep
|
|t:|1781126175
|switch|p1a: Clefable|Clefable, F|100/100
|turn|37
|
|t:|1781126196
|switch|p2a: Tyranitar|Tyranitar, M|82/100
|-weather|Sandstorm|[from] ability: Sand Stream|[of] p2a: Tyranitar
|move|p1a: Clefable|Knock Off|p2a: Tyranitar
|-resisted|p2a: Tyranitar
|-damage|p2a: Tyranitar|74/100
|-enditem|p2a: Tyranitar|Choice Band|[from] move: Knock Off|[of] p1a: Clefable
|
|-weather|Sandstorm|[upkeep]
|-damage|p1a: Clefable|94/100|[from] Sandstorm
|upkeep
|turn|38
|
|t:|1781126203
|move|p2a: Tyranitar|Knock Off|p1a: Clefable
|-resisted|p1a: Clefable
|-damage|p1a: Clefable|72/100
|-enditem|p1a: Clefable|Heavy-Duty Boots|[from] move: Knock Off|[of] p2a: Tyranitar
|move|p1a: Clefable|Moonblast|p2a: Tyranitar
|-supereffective|p2a: Tyranitar
|-damage|p2a: Tyranitar|32/100
|-unboost|p2a: Tyranitar|spa|1
|
|-weather|Sandstorm|[upkeep]
|-damage|p1a: Clefable|66/100|[from] Sandstorm
|upkeep
|turn|39
|
|t:|1781126207
|move|p2a: Tyranitar|Stone Edge|p1a: Clefable
|-damage|p1a: Clefable|24/100
|move|p1a: Clefable|Moonblast|p2a: Tyranitar
|-supereffective|p2a: Tyranitar
|-damage|p2a: Tyranitar|0 fnt
|faint|p2a: Tyranitar
|
|-weather|Sandstorm|[upkeep]
|-damage|p1a: Clefable|18/100|[from] Sandstorm
|upkeep
|
|t:|1781126213
|switch|p2a: Excadrill|Excadrill, F|37/100
|turn|40
|
|t:|1781126217
|move|p2a: Excadrill|Earthquake|p1a: Clefable
|-damage|p1a: Clefable|0 fnt
|faint|p1a: Clefable
|
|-weather|Sandstorm|[upkeep]
|-heal|p2a: Excadrill|43/100|[from] item: Leftovers
|upkeep
|
|t:|1781126221
|switch|p1a: Zapdos|Zapdos|61/100
|turn|41
|
|t:|1781126226
|move|p2a: Excadrill|Rock Slide|p1a: Zapdos
|-supereffective|p1a: Zapdos
|-damage|p1a: Zapdos|25/100
|cant|p1a: Zapdos|flinch
|
|-weather|none
|-heal|p2a: Excadrill|50/100|[from] item: Leftovers
|upkeep
|turn|42
|
|t:|1781126233
|switch|p1a: Gholdengo|Gholdengo|94/100
|-damage|p1a: Gholdengo|88/100|[from] Stealth Rock
|move|p2a: Excadrill|Rock Slide|p1a: Gholdengo
|-resisted|p1a: Gholdengo
|-damage|p1a: Gholdengo|74/100
|
|-heal|p2a: Excadrill|56/100|[from] item: Leftovers
|upkeep
|turn|43
|
|t:|1781126236
|switch|p1a: Zapdos|Zapdos|25/100
|switch|p2a: Garganacl|Garganacl, F, tera:Electric|97/100
|
|-heal|p2a: Garganacl|100/100|[from] item: Leftovers
|upkeep
|turn|44
|
|t:|1781126241
|move|p1a: Zapdos|Hurricane|p2a: Garganacl|[miss]
|-miss|p1a: Zapdos|p2a: Garganacl
|move|p2a: Garganacl|Salt Cure|p1a: Zapdos
|-supereffective|p1a: Zapdos
|-damage|p1a: Zapdos|3/100
|-start|p1a: Zapdos|Salt Cure
|
|-damage|p1a: Zapdos|0 fnt|[from] Salt Cure
|faint|p1a: Zapdos
|upkeep
|
|t:|1781126248
|switch|p1a: Gholdengo|Gholdengo|74/100
|-damage|p1a: Gholdengo|68/100|[from] Stealth Rock
|turn|45
|
|t:|1781126255
|move|p1a: Gholdengo|Shadow Ball|p2a: Garganacl
|-damage|p2a: Garganacl|86/100
|move|p2a: Garganacl|Salt Cure|p1a: Gholdengo
|-resisted|p1a: Gholdengo
|-damage|p1a: Gholdengo|60/100
|-start|p1a: Gholdengo|Salt Cure
|
|-heal|p2a: Garganacl|92/100|[from] item: Leftovers
|-damage|p1a: Gholdengo|35/100|[from] Salt Cure
|upkeep
|turn|46
|
|t:|1781126275
|move|p1a: Gholdengo|Shadow Ball|p2a: Garganacl
|-damage|p2a: Garganacl|78/100
|-unboost|p2a: Garganacl|spd|1
|move|p2a: Garganacl|Salt Cure|p1a: Gholdengo
|-resisted|p1a: Gholdengo
|-crit|p1a: Gholdengo
|-damage|p1a: Gholdengo|24/100
|
|-heal|p2a: Garganacl|84/100|[from] item: Leftovers
|-damage|p1a: Gholdengo|0 fnt|[from] Salt Cure
|faint|p1a: Gholdengo
|
|win|Rj yoip
|raw|KurisuChestnutLab's rating: 1554 &rarr; <strong>1539</strong><br />(-15 for losing)
|raw|Rj yoip's rating: 1646 &rarr; <strong>1661</strong><br />(+15 for winning)
