|j|☆kooopooolooo
|j|☆Prwellz
|t:|1781099796
|gametype|singles
|player|p1|kooopooolooo|266|1630
|player|p2|Prwellz|brock|1603
|gen|9
|tier|[Gen 9] OU
|rated|
|rule|HP Percentage Mod: HP is shown in percentages
|rule|Endless Battle Clause: Forcing endless battles is banned
|rule|Species Clause: Limit one of each Pokémon
|rule|OHKO Clause: OHKO moves are banned
|rule|Evasion Items Clause: Evasion items are banned
|rule|Evasion Moves Clause: Evasion moves are banned
|rule|Evasion Abilities Clause: Evasion abilities are banned
|rule|Sleep Moves Clause: Sleep-inducing moves are banned
|clearpoke
|poke|p1|Tyranitar, M|
|poke|p1|Azelf|
|poke|p1|Latias, F|
|poke|p1|Metagross|
|poke|p1|Gliscor, M|
|poke|p1|Dragonite, M|
|poke|p2|Iron Hands|
|poke|p2|Darkrai|
|poke|p2|Corviknight, M|
|poke|p2|Metagross|
|poke|p2|Iron Valiant|
|poke|p2|Moltres|
|teampreview
|inactive|Battle timer is ON: inactive players will automatically lose when time's up. (requested by Prwellz)
|
|t:|1781099804
|teamsize|p1|6
|teamsize|p2|6
|start
|switch|p1a: Azelf|Azelf|100/100
|switch|p2a: Metagross|Metagross|100/100
|turn|1
|
|t:|1781099808
|move|p1a: Azelf|Stealth Rock|p2a: Metagross
|-sidestart|p2: Prwellz|move: Stealth Rock
|move|p2a: Metagross|Knock Off|p1a: Azelf
|-supereffective|p1a: Azelf
|-enditem|p1a: Azelf|Focus Sash
|-damage|p1a: Azelf|1/100
|
|upkeep
|turn|2
|
|t:|1781099811
|move|p2a: Metagross|Bullet Punch|p1a: Azelf
|-damage|p1a: Azelf|0 fnt
|faint|p1a: Azelf
|
|upkeep
|
|t:|1781099819
|switch|p1a: Gliscor|Gliscor, M|100/100
|turn|3
|
|t:|1781099825
|switch|p2a: Corviknight|Corviknight, M|100/100
|-damage|p2a: Corviknight|88/100|[from] Stealth Rock
|-ability|p2a: Corviknight|Pressure
|move|p1a: Gliscor|Swords Dance|p1a: Gliscor
|-boost|p1a: Gliscor|atk|2
|
|-status|p1a: Gliscor|tox|[from] item: Toxic Orb
|upkeep
|turn|4
|
|t:|1781099828
|move|p1a: Gliscor|Swords Dance|p1a: Gliscor
|-boost|p1a: Gliscor|atk|2
|move|p2a: Corviknight|Defog|p1a: Gliscor
|-unboost|p1a: Gliscor|evasion|1
|-sideend|p2: Prwellz|Stealth Rock|[from] move: Defog|[of] p2a: Corviknight
|
|upkeep
|turn|5
|
|t:|1781099832
|move|p1a: Gliscor|Swords Dance|p1a: Gliscor
|-boost|p1a: Gliscor|atk|2
|move|p2a: Corviknight|U-turn|p1a: Gliscor
|-resisted|p1a: Gliscor
|-damage|p1a: Gliscor|95/100 tox
|
|t:|1781099838
|switch|p2a: Darkrai|Darkrai|100/100|[from] U-turn
|
|-heal|p1a: Gliscor|100/100 tox|[from] ability: Poison Heal
|upkeep
|turn|6
|
|t:|1781099843
|-terastallize|p1a: Gliscor|Normal
|move|p2a: Darkrai|Trick|p1a: Gliscor
|-activate|p2a: Darkrai|move: Trick|[of] p1a: Gliscor
|-item|p1a: Gliscor|Choice Specs|[from] move: Trick
|-item|p2a: Darkrai|Toxic Orb|[from] move: Trick
|move|p1a: Gliscor|Agility|p1a: Gliscor
|-boost|p1a: Gliscor|spe|2
|
|-status|p2a: Darkrai|tox|[from] item: Toxic Orb
|upkeep
|turn|7
|
|t:|1781099852
|move|p1a: Gliscor|Agility|p1a: Gliscor
|-boost|p1a: Gliscor|spe|2
|move|p2a: Darkrai|Focus Blast|p1a: Gliscor
|-supereffective|p1a: Gliscor
|-damage|p1a: Gliscor|20/100 tox
|
|-heal|p1a: Gliscor|33/100 tox|[from] ability: Poison Heal
|-damage|p2a: Darkrai|94/100 tox|[from] psn
|upkeep
|turn|8
|
|t:|1781099861
|move|p1a: Gliscor|Agility|p1a: Gliscor
|-boost|p1a: Gliscor|spe|2
|move|p2a: Darkrai|Dark Pulse|p1a: Gliscor
|-damage|p1a: Gliscor|0 fnt
|faint|p1a: Gliscor
|
|-damage|p2a: Darkrai|82/100 tox|[from] psn
|upkeep
|
|t:|1781099870
|switch|p1a: Latias|Latias, F|100/100
|turn|9
|
|t:|1781099873
|switch|p1a: Metagross|Metagross|100/100
|move|p2a: Darkrai|Trick|p1a: Metagross
|-activate|p2a: Darkrai|move: Trick|[of] p1a: Metagross
|-item|p1a: Metagross|Toxic Orb|[from] move: Trick
|-item|p2a: Darkrai|Life Orb|[from] move: Trick
|
|-damage|p2a: Darkrai|64/100 tox|[from] psn
|upkeep
|turn|10
|
|t:|1781099879
|move|p2a: Darkrai|Dark Pulse|p1a: Metagross
|-supereffective|p1a: Metagross
|-damage|p1a: Metagross|0 fnt
|faint|p1a: Metagross
|-damage|p2a: Darkrai|54/100 tox|[from] item: Life Orb
|
|-damage|p2a: Darkrai|30/100 tox|[from] psn
|upkeep
|
|t:|1781099881
|switch|p1a: Dragonite|Dragonite, M|100/100
|turn|11
|
|t:|1781099885
|switch|p2a: Moltres|Moltres|100/100
|move|p1a: Dragonite|Dragon Dance|p1a: Dragonite
|-boost|p1a: Dragonite|atk|1
|-boost|p1a: Dragonite|spe|1
|
|upkeep
|turn|12
|
|t:|1781099889
|move|p1a: Dragonite|Dragon Claw|p2a: Moltres
|-damage|p2a: Moltres|29/100
|move|p2a: Moltres|Will-O-Wisp|p1a: Dragonite
|-status|p1a: Dragonite|brn
|
|-damage|p1a: Dragonite|94/100 brn|[from] brn
|upkeep
|turn|13
|
|t:|1781099893
|move|p1a: Dragonite|Dragon Dance|p1a: Dragonite
|-boost|p1a: Dragonite|atk|1
|-boost|p1a: Dragonite|spe|1
|move|p2a: Moltres|Roost|p2a: Moltres
|-heal|p2a: Moltres|80/100
|-singleturn|p2a: Moltres|move: Roost
|
|-damage|p1a: Dragonite|88/100 brn|[from] brn
|upkeep
|turn|14
|
|t:|1781099895
|move|p1a: Dragonite|Dragon Claw|p2a: Moltres
|-damage|p2a: Moltres|38/100
|move|p2a: Moltres|Roar|p1a: Dragonite
|drag|p1a: Tyranitar|Tyranitar, M|100/100
|-weather|Sandstorm|[from] ability: Sand Stream|[of] p1a: Tyranitar
|
|-weather|Sandstorm|[upkeep]
|-damage|p2a: Moltres|31/100|[from] Sandstorm
|upkeep
|turn|15
|
|t:|1781099902
|move|p1a: Tyranitar|Dragon Dance|p1a: Tyranitar
|-boost|p1a: Tyranitar|atk|1
|-boost|p1a: Tyranitar|spe|1
|move|p2a: Moltres|Will-O-Wisp|p1a: Tyranitar
|-status|p1a: Tyranitar|brn
|
|-weather|Sandstorm|[upkeep]
|-damage|p2a: Moltres|25/100|[from] Sandstorm
|-damage|p1a: Tyranitar|94/100 brn|[from] brn
|upkeep
|turn|16
|
|t:|1781099905
|move|p1a: Tyranitar|Stone Edge|p2a: Moltres|[miss]
|-miss|p1a: Tyranitar|p2a: Moltres
|move|p2a: Moltres|Roost|p2a: Moltres
|-heal|p2a: Moltres|76/100
|-singleturn|p2a: Moltres|move: Roost
|
|-weather|Sandstorm|[upkeep]
|-damage|p2a: Moltres|70/100|[from] Sandstorm
|-damage|p1a: Tyranitar|88/100 brn|[from] brn
|upkeep
|turn|17
|
|t:|1781099907
|move|p1a: Tyranitar|Knock Off|p2a: Moltres
|-damage|p2a: Moltres|31/100
|-enditem|p2a: Moltres|Heavy-Duty Boots|[from] move: Knock Off|[of] p1a: Tyranitar
|move|p2a: Moltres|Roar|p1a: Tyranitar
|drag|p1a: Dragonite|Dragonite, M|88/100 brn
|
|-weather|Sandstorm|[upkeep]
|-damage|p1a: Dragonite|82/100 brn|[from] Sandstorm
|-damage|p2a: Moltres|25/100|[from] Sandstorm
|-damage|p1a: Dragonite|76/100 brn|[from] brn
|upkeep
|turn|18
|-message|kooopooolooo forfeited.
|
|win|Prwellz
|raw|kooopooolooo's rating: 1630 &rarr; <strong>1608</strong><br />(-22 for losing)
|raw|Prwellz's rating: 1603 &rarr; <strong>1625</strong><br />(+22 for winning)
|l|☆kooopooolooo
|player|p1|
|l|☆Prwellz
|player|p2|
