|j|☆Smitherz107
|j|☆phreshoatmeal
|t:|1781416743
|gametype|singles
|player|p1|Smitherz107|wallace|1556
|player|p2|phreshoatmeal|169|1543
|gen|9
|tier|[Gen 9] OU
|rated|
|rule|HP Percentage Mod: HP is shown in percentages
|rule|Endless Battle Clause: Forcing endless battles is banned
|rule|Species Clause: Limit one of each Pokémon
|rule|OHKO Clause: OHKO moves are banned
|rule|Evasion Items Clause: Evasion items are banned
|rule|Evasion Moves Clause: Evasion moves are banned
|rule|Evasion Abilities Clause: Evasion abilities are banned
|rule|Sleep Moves Clause: Sleep-inducing moves are banned
|clearpoke
|poke|p1|Rillaboom, F|
|poke|p1|Alomomola, M|
|poke|p1|Ninetales-Alola, M|
|poke|p1|Great Tusk|
|poke|p1|Latias, F|
|poke|p1|Heatran, F|
|poke|p2|Tyranitar, M|
|poke|p2|Excadrill, M|
|poke|p2|Hatterene, F|
|poke|p2|Hippowdon, M|
|poke|p2|Amoonguss, M|
|poke|p2|Iron Valiant|
|teampreview
|
|t:|1781416768
|teamsize|p1|6
|teamsize|p2|6
|start
|switch|p1a: Rillaboom|Rillaboom, F|100/100
|switch|p2a: Iron Valiant|Iron Valiant|100/100
|-fieldstart|move: Grassy Terrain|[from] ability: Grassy Surge|[of] p1a: Rillaboom
|turn|1
|
|t:|1781416775
|-end|p2a: Iron Valiant|Quark Drive|[silent]
|switch|p2a: Amoonguss|Amoonguss, M|100/100
|move|p1a: Rillaboom|Wood Hammer|p2a: Amoonguss
|-resisted|p2a: Amoonguss
|-damage|p2a: Amoonguss|84/100
|-damage|p1a: Rillaboom|95/100|[from] Recoil
|-enditem|p2a: Amoonguss|Eject Button
|
|t:|1781416823
|switch|p2a: Iron Valiant|Iron Valiant|100/100
|
|-heal|p1a: Rillaboom|100/100|[from] Grassy Terrain
|upkeep
|turn|2
|
|t:|1781416831
|-end|p2a: Iron Valiant|Quark Drive|[silent]
|switch|p2a: Amoonguss|Amoonguss, M|100/100
|move|p1a: Rillaboom|Wood Hammer|p2a: Amoonguss
|-resisted|p2a: Amoonguss
|-damage|p2a: Amoonguss|85/100
|-damage|p1a: Rillaboom|95/100|[from] Recoil
|
|-heal|p1a: Rillaboom|100/100|[from] Grassy Terrain
|-heal|p2a: Amoonguss|91/100|[from] Grassy Terrain
|upkeep
|turn|3
|j| Cek1987
|
|t:|1781416840
|move|p1a: Rillaboom|U-turn|p2a: Amoonguss
|-damage|p2a: Amoonguss|72/100
|
|t:|1781416842
|switch|p1a: Heatran|Heatran, F|100/100|[from] U-turn
|move|p2a: Amoonguss|Stun Spore|p1a: Heatran
|-status|p1a: Heatran|par
|
|-heal|p2a: Amoonguss|78/100|[from] Grassy Terrain
|upkeep
|turn|4
|
|t:|1781416849
|switch|p2a: Hatterene|Hatterene, F|100/100
|cant|p1a: Heatran|par
|
|upkeep
|turn|5
|
|t:|1781416873
|cant|p1a: Heatran|par
|move|p2a: Hatterene|Future Sight|p1a: Heatran
|-start|p2a: Hatterene|move: Future Sight
|
|-fieldend|move: Grassy Terrain
|upkeep
|turn|6
|
|t:|1781416893
|cant|p1a: Heatran|par
|move|p2a: Hatterene|Gravity|p2a: Hatterene
|-fieldstart|move: Gravity
|
|upkeep
|turn|7
|
|t:|1781416905
|switch|p2a: Tyranitar|Tyranitar, M|100/100
|-weather|Sandstorm|[from] ability: Sand Stream|[of] p2a: Tyranitar
|move|p1a: Heatran|Lava Plume|p2a: Tyranitar
|-resisted|p2a: Tyranitar
|-damage|p2a: Tyranitar|94/100
|-status|p2a: Tyranitar|brn
|-enditem|p2a: Tyranitar|Eject Button
|
|t:|1781416916
|switch|p2a: Excadrill|Excadrill, M|100/100
|
|-weather|Sandstorm|[upkeep]
|-end|p1a: Heatran|move: Future Sight
|-resisted|p1a: Heatran
|-damage|p1a: Heatran|83/100 par
|-heal|p1a: Heatran|89/100 par|[from] item: Leftovers
|upkeep
|turn|8
|
|t:|1781416940
|switch|p1a: Alomomola|Alomomola, M|100/100
|move|p2a: Excadrill|Poison Jab|p1a: Alomomola
|-damage|p1a: Alomomola|74/100
|-status|p1a: Alomomola|psn
|-damage|p2a: Excadrill|84/100|[from] item: Rocky Helmet|[of] p1a: Alomomola
|
|-weather|Sandstorm|[upkeep]
|-damage|p1a: Alomomola|68/100 psn|[from] Sandstorm
|-damage|p1a: Alomomola|56/100 psn|[from] psn
|upkeep
|turn|9
|
|t:|1781416967
|switch|p2a: Hippowdon|Hippowdon, M|100/100
|move|p1a: Alomomola|Flip Turn|p2a: Hippowdon
|-supereffective|p2a: Hippowdon
|-damage|p2a: Hippowdon|83/100
|-enditem|p2a: Hippowdon|Eject Button
|
|t:|1781416975
|switch|p2a: Iron Valiant|Iron Valiant|100/100
|
|-weather|Sandstorm|[upkeep]
|-damage|p2a: Iron Valiant|94/100|[from] Sandstorm
|-damage|p1a: Alomomola|50/100 psn|[from] Sandstorm
|-damage|p1a: Alomomola|37/100 psn|[from] psn
|upkeep
|turn|10
|
|t:|1781416992
|switch|p1a: Rillaboom|Rillaboom, F|100/100
|-fieldstart|move: Grassy Terrain|[from] ability: Grassy Surge|[of] p1a: Rillaboom
|move|p2a: Iron Valiant|Thunderbolt|p1a: Rillaboom
|-resisted|p1a: Rillaboom
|-damage|p1a: Rillaboom|86/100
|-status|p1a: Rillaboom|par
|-damage|p2a: Iron Valiant|85/100|[from] item: Life Orb
|
|-weather|Sandstorm|[upkeep]
|-damage|p2a: Iron Valiant|78/100|[from] Sandstorm
|-damage|p1a: Rillaboom|80/100 par|[from] Sandstorm
|-heal|p2a: Iron Valiant|85/100|[from] Grassy Terrain
|-heal|p1a: Rillaboom|86/100 par|[from] Grassy Terrain
|-fieldend|move: Gravity
|upkeep
|turn|11
|
|t:|1781417003
|move|p2a: Iron Valiant|Moonblast|p1a: Rillaboom
|-damage|p1a: Rillaboom|42/100 par
|-damage|p2a: Iron Valiant|75/100|[from] item: Life Orb
|move|p1a: Rillaboom|U-turn|p2a: Iron Valiant
|-resisted|p2a: Iron Valiant
|-damage|p2a: Iron Valiant|67/100
|
|t:|1781417007
|switch|p1a: Ninetales|Ninetales-Alola, M|100/100|[from] U-turn
|-weather|Snowscape|[from] ability: Snow Warning|[of] p1a: Ninetales
|
|-weather|Snowscape|[upkeep]
|-heal|p2a: Iron Valiant|73/100|[from] Grassy Terrain
|upkeep
|turn|12
|
|t:|1781417010
|-end|p2a: Iron Valiant|Quark Drive|[silent]
|switch|p2a: Tyranitar|Tyranitar, M|94/100 brn
|-weather|Sandstorm|[from] ability: Sand Stream|[of] p2a: Tyranitar
|move|p1a: Ninetales|Moonblast|p2a: Tyranitar
|-supereffective|p2a: Tyranitar
|-crit|p2a: Tyranitar
|-damage|p2a: Tyranitar|52/100 brn
|
|-weather|Sandstorm|[upkeep]
|-damage|p1a: Ninetales|95/100|[from] Sandstorm
|-heal|p1a: Ninetales|100/100|[from] Grassy Terrain
|-heal|p2a: Tyranitar|58/100 brn|[from] Grassy Terrain
|-damage|p2a: Tyranitar|52/100 brn|[from] brn
|upkeep
|turn|13
|
|t:|1781417021
|switch|p1a: Alomomola|Alomomola, M|71/100 psn
|switch|p2a: Excadrill|Excadrill, M|84/100
|
|-weather|Sandstorm|[upkeep]
|-damage|p1a: Alomomola|65/100 psn|[from] Sandstorm
|-heal|p2a: Excadrill|90/100|[from] Grassy Terrain
|-heal|p1a: Alomomola|71/100 psn|[from] Grassy Terrain
|-damage|p1a: Alomomola|58/100 psn|[from] psn
|upkeep
|turn|14
|l| Cek1987
|
|t:|1781417029
|switch|p2a: Amoonguss|Amoonguss, M|100/100
|move|p1a: Alomomola|Flip Turn|p2a: Amoonguss
|-resisted|p2a: Amoonguss
|-damage|p2a: Amoonguss|95/100
|
|t:|1781417035
|switch|p1a: Ninetales|Ninetales-Alola, M|100/100|[from] Flip Turn
|-weather|Snowscape|[from] ability: Snow Warning|[of] p1a: Ninetales
|
|-weather|Snowscape|[upkeep]
|-heal|p2a: Amoonguss|100/100|[from] Grassy Terrain
|-fieldend|move: Grassy Terrain
|upkeep
|turn|15
|inactive|Battle timer is ON: inactive players will automatically lose when time's up. (requested by Smitherz107)
|inactive|phreshoatmeal has 120 seconds left.
|inactive|phreshoatmeal has 90 seconds left.
|inactive|phreshoatmeal has 60 seconds left.
|inactive|phreshoatmeal has 30 seconds left.
|inactive|phreshoatmeal has 20 seconds left.
|inactive|phreshoatmeal has 15 seconds left.
|inactive|phreshoatmeal has 10 seconds left.
|inactive|phreshoatmeal has 5 seconds left.
|-message|phreshoatmeal lost due to inactivity.
|
|win|Smitherz107
|raw|Smitherz107's rating: 1556 &rarr; <strong>1575</strong><br />(+19 for winning)
|raw|phreshoatmeal's rating: 1543 &rarr; <strong>1524</strong><br />(-19 for losing)
|l|☆Smitherz107
|player|p1|
