|j|☆drop a baby
|j|☆Steez Ibanez
|t:|1781197547
|gametype|singles
|player|p1|drop a baby|chase|1679
|player|p2|Steez Ibanez|willow-casual|1690
|gen|9
|tier|[Gen 9] OU
|rated|
|rule|HP Percentage Mod: HP is shown in percentages
|rule|Endless Battle Clause: Forcing endless battles is banned
|rule|Species Clause: Limit one of each Pokémon
|rule|OHKO Clause: OHKO moves are banned
|rule|Evasion Items Clause: Evasion items are banned
|rule|Evasion Moves Clause: Evasion moves are banned
|rule|Evasion Abilities Clause: Evasion abilities are banned
|rule|Sleep Moves Clause: Sleep-inducing moves are banned
|clearpoke
|poke|p1|Darkrai|
|poke|p1|Deoxys-Speed|
|poke|p1|Raging Bolt|
|poke|p1|Kingambit, M|
|poke|p1|Iron Valiant|
|poke|p1|Great Tusk|
|poke|p2|Enamorus, F|
|poke|p2|Deoxys-Speed|
|poke|p2|Rillaboom, M|
|poke|p2|Kingambit, M|
|poke|p2|Blaziken, F|
|poke|p2|Raging Bolt|
|teampreview
|
|t:|1781197552
|teamsize|p1|6
|teamsize|p2|6
|start
|switch|p1a: Speedy Gonzales|Deoxys-Speed, shiny|100/100
|switch|p2a: Deoxys|Deoxys-Speed|100/100
|-ability|p1a: Speedy Gonzales|Pressure
|-ability|p2a: Deoxys|Pressure
|turn|1
|inactive|Battle timer is ON: inactive players will automatically lose when time's up. (requested by drop a baby)
|c|☆drop a baby|Hf bigger bro
|
|t:|1781197567
|move|p1a: Speedy Gonzales|Taunt|p2a: Deoxys
|-start|p2a: Deoxys|move: Taunt
|cant|p2a: Deoxys|move: Taunt|Stealth Rock
|
|upkeep
|turn|2
|
|t:|1781197575
|switch|p2a: Rillaboom|Rillaboom, M|100/100
|-fieldstart|move: Grassy Terrain|[from] ability: Grassy Surge|[of] p2a: Rillaboom
|move|p1a: Speedy Gonzales|Stealth Rock|p2a: Rillaboom
|-sidestart|p2: Steez Ibanez|move: Stealth Rock
|
|upkeep
|turn|3
|
|t:|1781197577
|move|p1a: Speedy Gonzales|Psycho Boost|p2a: Rillaboom
|-damage|p2a: Rillaboom|0 fnt
|-unboost|p1a: Speedy Gonzales|spa|2
|faint|p2a: Rillaboom
|-damage|p1a: Speedy Gonzales|91/100|[from] item: Life Orb
|
|-heal|p1a: Speedy Gonzales|97/100|[from] Grassy Terrain
|upkeep
|
|t:|1781197585
|switch|p2a: Raging Bolt|Raging Bolt|100/100
|-damage|p2a: Raging Bolt|88/100|[from] Stealth Rock
|-enditem|p2a: Raging Bolt|Booster Energy
|-activate|p2a: Raging Bolt|ability: Protosynthesis|[fromitem]
|-start|p2a: Raging Bolt|protosynthesisspa
|turn|4
|
|t:|1781197590
|move|p1a: Speedy Gonzales|Taunt|p2a: Raging Bolt
|-start|p2a: Raging Bolt|move: Taunt
|move|p2a: Raging Bolt|Thunderbolt|p1a: Speedy Gonzales
|-damage|p1a: Speedy Gonzales|0 fnt
|faint|p1a: Speedy Gonzales
|
|-heal|p2a: Raging Bolt|94/100|[from] Grassy Terrain
|upkeep
|
|t:|1781197595
|switch|p1a: BROTD|Great Tusk, shiny|100/100
|-enditem|p1a: BROTD|Booster Energy
|-activate|p1a: BROTD|ability: Protosynthesis|[fromitem]
|-start|p1a: BROTD|protosynthesisspe
|turn|5
|
|t:|1781197604
|-terastallize|p2a: Raging Bolt|Ghost
|move|p1a: BROTD|Headlong Rush|p2a: Raging Bolt
|-damage|p2a: Raging Bolt|46/100
|-unboost|p1a: BROTD|def|1
|-unboost|p1a: BROTD|spd|1
|move|p2a: Raging Bolt|Dragon Pulse|p1a: BROTD
|-damage|p1a: BROTD|0 fnt
|faint|p1a: BROTD
|-end|p1a: BROTD|Protosynthesis|[silent]
|
|-heal|p2a: Raging Bolt|52/100|[from] Grassy Terrain
|upkeep
|
|t:|1781197614
|switch|p1a: IMU|Darkrai|100/100
|turn|6
|
|t:|1781197628
|move|p2a: Raging Bolt|Thunderclap||[still]
|-fail|p2a: Raging Bolt
|move|p1a: IMU|Nasty Plot|p1a: IMU
|-boost|p1a: IMU|spa|2
|
|-heal|p2a: Raging Bolt|58/100|[from] Grassy Terrain
|-end|p2a: Raging Bolt|move: Taunt
|-fieldend|move: Grassy Terrain
|upkeep
|turn|7
|
|t:|1781197632
|move|p2a: Raging Bolt|Thunderclap|p1a: IMU
|-damage|p1a: IMU|31/100
|move|p1a: IMU|Dark Pulse|p2a: Raging Bolt
|-supereffective|p2a: Raging Bolt
|-damage|p2a: Raging Bolt|0 fnt
|faint|p2a: Raging Bolt
|-end|p2a: Raging Bolt|Protosynthesis|[silent]
|
|upkeep
|
|t:|1781197642
|switch|p2a: Blaziken|Blaziken, F|100/100
|-damage|p2a: Blaziken|88/100|[from] Stealth Rock
|turn|8
|
|t:|1781197646
|move|p2a: Blaziken|Protect|p2a: Blaziken
|-singleturn|p2a: Blaziken|Protect
|move|p1a: IMU|Sludge Bomb|p2a: Blaziken
|-activate|p2a: Blaziken|move: Protect
|
|-ability|p2a: Blaziken|Speed Boost|boost
|-boost|p2a: Blaziken|spe|1
|upkeep
|turn|9
|
|t:|1781197658
|move|p2a: Blaziken|Flare Blitz|p1a: IMU
|-damage|p1a: IMU|0 fnt
|faint|p1a: IMU
|-damage|p2a: Blaziken|79/100|[from] Recoil
|-damage|p2a: Blaziken|69/100|[from] item: Life Orb
|
|-ability|p2a: Blaziken|Speed Boost|boost
|-boost|p2a: Blaziken|spe|1
|upkeep
|
|t:|1781197673
|switch|p1a: Hito no mi Model⚡️|Raging Bolt|100/100
|-enditem|p1a: Hito no mi Model⚡️|Booster Energy
|-activate|p1a: Hito no mi Model⚡️|ability: Protosynthesis|[fromitem]
|-start|p1a: Hito no mi Model⚡️|protosynthesisspa
|turn|10
|
|t:|1781197678
|move|p1a: Hito no mi Model⚡️|Thunderclap|p2a: Blaziken
|-damage|p2a: Blaziken|0 fnt
|faint|p2a: Blaziken
|
|upkeep
|
|t:|1781197682
|switch|p2a: Deoxys|Deoxys-Speed|100/100
|-damage|p2a: Deoxys|88/100|[from] Stealth Rock
|-ability|p2a: Deoxys|Pressure
|turn|11
|
|t:|1781197685
|move|p2a: Deoxys|Psycho Boost|p1a: Hito no mi Model⚡️
|-damage|p1a: Hito no mi Model⚡️|54/100
|-unboost|p2a: Deoxys|spa|2
|move|p1a: Hito no mi Model⚡️|Thunderbolt|p2a: Deoxys
|-damage|p2a: Deoxys|0 fnt
|faint|p2a: Deoxys
|
|upkeep
|
|t:|1781197692
|switch|p2a: Enamorus|Enamorus, F|100/100
|-damage|p2a: Enamorus|76/100|[from] Stealth Rock
|turn|12
|
|t:|1781197695
|move|p1a: Hito no mi Model⚡️|Thunderclap|p2a: Enamorus
|-supereffective|p2a: Enamorus
|-damage|p2a: Enamorus|0 fnt
|faint|p2a: Enamorus
|
|upkeep
|
|t:|1781197696
|switch|p2a: Kingambit|Kingambit, M|100/100
|-damage|p2a: Kingambit|94/100|[from] Stealth Rock
|-activate|p2a: Kingambit|ability: Supreme Overlord
|-start|p2a: Kingambit|fallen5|[silent]
|turn|13
|
|t:|1781197698
|move|p1a: Hito no mi Model⚡️|Thunderclap||[still]
|-fail|p1a: Hito no mi Model⚡️
|move|p2a: Kingambit|Swords Dance|p2a: Kingambit
|-boost|p2a: Kingambit|atk|2
|
|-heal|p2a: Kingambit|100/100|[from] item: Leftovers
|upkeep
|turn|14
|
|t:|1781197704
|move|p1a: Hito no mi Model⚡️|Thunderclap|p2a: Kingambit
|-damage|p2a: Kingambit|38/100
|move|p2a: Kingambit|Sucker Punch||[still]
|-fail|p2a: Kingambit
|
|-heal|p2a: Kingambit|44/100|[from] item: Leftovers
|upkeep
|turn|15
|
|t:|1781197707
|move|p1a: Hito no mi Model⚡️|Thunderclap|p2a: Kingambit
|-damage|p2a: Kingambit|0 fnt
|faint|p2a: Kingambit
|-end|p2a: Kingambit|fallen5|[silent]
|
|win|drop a baby
|raw|drop a baby's rating: 1679 &rarr; <strong>1700</strong><br />(+21 for winning)
|raw|Steez Ibanez's rating: 1690 &rarr; <strong>1669</strong><br />(-21 for losing)
|l|☆Steez Ibanez
|player|p2|
|l|☆drop a baby
|player|p1|
