|j|☆erhai
|j|☆BlackStar150520
|t:|1781206248
|gametype|singles
|player|p1|erhai|1|1681
|player|p2|BlackStar150520|unknown|1682
|gen|9
|tier|[Gen 9] OU
|rated|
|rule|HP Percentage Mod: HP is shown in percentages
|rule|Endless Battle Clause: Forcing endless battles is banned
|rule|Species Clause: Limit one of each Pokémon
|rule|OHKO Clause: OHKO moves are banned
|rule|Evasion Items Clause: Evasion items are banned
|rule|Evasion Moves Clause: Evasion moves are banned
|rule|Evasion Abilities Clause: Evasion abilities are banned
|rule|Sleep Moves Clause: Sleep-inducing moves are banned
|clearpoke
|poke|p1|Iron Jugulis|
|poke|p1|Ogerpon, F|
|poke|p1|Scizor, F|
|poke|p1|Latios, M|
|poke|p1|Manaphy|
|poke|p1|Sandy Shocks|
|poke|p2|Raging Bolt|
|poke|p2|Kingambit, M|
|poke|p2|Iron Moth|
|poke|p2|Ogerpon-Wellspring, F|
|poke|p2|Scizor, F|
|poke|p2|Great Tusk|
|teampreview
|inactive|Battle timer is ON: inactive players will automatically lose when time's up. (requested by BlackStar150520)
|
|t:|1781206257
|teamsize|p1|6
|teamsize|p2|6
|start
|switch|p1a: Iron Jugulis|Iron Jugulis|100/100
|switch|p2a: Red Lightning|Scizor, F|100/100
|-enditem|p1a: Iron Jugulis|Booster Energy
|-activate|p1a: Iron Jugulis|ability: Quark Drive|[fromitem]
|-start|p1a: Iron Jugulis|quarkdrivespe
|turn|1
|
|t:|1781206268
|switch|p2a: ⚡️|Raging Bolt|100/100
|move|p1a: Iron Jugulis|Dark Pulse|p2a: ⚡️
|-damage|p2a: ⚡️|64/100
|
|-heal|p2a: ⚡️|70/100|[from] item: Leftovers
|upkeep
|turn|2
|
|t:|1781206276
|move|p2a: ⚡️|Thunderclap|p1a: Iron Jugulis
|-supereffective|p1a: Iron Jugulis
|-damage|p1a: Iron Jugulis|1/100
|move|p1a: Iron Jugulis|Earth Power|p2a: ⚡️
|-supereffective|p2a: ⚡️
|-damage|p2a: ⚡️|7/100
|
|-heal|p2a: ⚡️|13/100|[from] item: Leftovers
|upkeep
|turn|3
|
|t:|1781206282
|-end|p2a: ⚡️|Protosynthesis|[silent]
|switch|p2a: Red Lightning|Scizor, F|100/100
|move|p1a: Iron Jugulis|Earth Power|p2a: Red Lightning
|-damage|p2a: Red Lightning|58/100
|
|upkeep
|turn|4
|
|t:|1781206286
|move|p2a: Red Lightning|Bullet Punch|p1a: Iron Jugulis
|-damage|p1a: Iron Jugulis|0 fnt
|faint|p1a: Iron Jugulis
|-end|p1a: Iron Jugulis|Quark Drive|[silent]
|
|upkeep
|
|t:|1781206297
|switch|p1a: Sandy Shocks|Sandy Shocks|100/100
|-enditem|p1a: Sandy Shocks|Booster Energy
|-activate|p1a: Sandy Shocks|ability: Protosynthesis|[fromitem]
|-start|p1a: Sandy Shocks|protosynthesisspe
|turn|5
|
|t:|1781206302
|move|p2a: Red Lightning|Bullet Punch|p1a: Sandy Shocks
|-resisted|p1a: Sandy Shocks
|-damage|p1a: Sandy Shocks|71/100
|move|p1a: Sandy Shocks|Stealth Rock|p2a: Red Lightning
|-sidestart|p2: BlackStar150520|move: Stealth Rock
|
|upkeep
|turn|6
|
|t:|1781206311
|move|p2a: Red Lightning|Bullet Punch|p1a: Sandy Shocks
|-resisted|p1a: Sandy Shocks
|-damage|p1a: Sandy Shocks|41/100
|move|p1a: Sandy Shocks|Spikes|p2a: Red Lightning
|-sidestart|p2: BlackStar150520|Spikes
|
|upkeep
|turn|7
|
|t:|1781206313
|move|p2a: Red Lightning|Bullet Punch|p1a: Sandy Shocks
|-resisted|p1a: Sandy Shocks
|-damage|p1a: Sandy Shocks|12/100
|move|p1a: Sandy Shocks|Earth Power|p2a: Red Lightning
|-damage|p2a: Red Lightning|2/100
|
|upkeep
|turn|8
|
|t:|1781206316
|move|p2a: Red Lightning|Bullet Punch|p1a: Sandy Shocks
|-resisted|p1a: Sandy Shocks
|-damage|p1a: Sandy Shocks|0 fnt
|faint|p1a: Sandy Shocks
|-end|p1a: Sandy Shocks|Protosynthesis|[silent]
|
|upkeep
|
|t:|1781206320
|switch|p1a: Scizor|Scizor, F, shiny|100/100
|turn|9
|
|t:|1781206326
|move|p2a: Red Lightning|Bullet Punch|p1a: Scizor
|-resisted|p1a: Scizor
|-damage|p1a: Scizor|72/100
|move|p1a: Scizor|Bullet Punch|p2a: Red Lightning
|-resisted|p2a: Red Lightning
|-damage|p2a: Red Lightning|0 fnt
|faint|p2a: Red Lightning
|
|upkeep
|
|t:|1781206329
|switch|p2a: Mega Donphan|Great Tusk|100/100
|turn|10
|
|t:|1781206333
|move|p2a: Mega Donphan|Rapid Spin|p1a: Scizor
|-resisted|p1a: Scizor
|-damage|p1a: Scizor|63/100
|-boost|p2a: Mega Donphan|spe|1
|-sideend|p2: BlackStar150520|Spikes|[from] move: Rapid Spin|[of] p2a: Mega Donphan
|-sideend|p2: BlackStar150520|Stealth Rock|[from] move: Rapid Spin|[of] p2a: Mega Donphan
|move|p1a: Scizor|Swords Dance|p1a: Scizor
|-boost|p1a: Scizor|atk|2
|
|upkeep
|turn|11
|
|t:|1781206342
|move|p1a: Scizor|Bullet Punch|p2a: Mega Donphan
|-damage|p2a: Mega Donphan|41/100
|move|p2a: Mega Donphan|Headlong Rush|p1a: Scizor
|-damage|p1a: Scizor|0 fnt
|-unboost|p2a: Mega Donphan|def|1
|-unboost|p2a: Mega Donphan|spd|1
|faint|p1a: Scizor
|
|upkeep
|
|t:|1781206346
|switch|p1a: Latios|Latios, M, shiny|100/100
|turn|12
|
|t:|1781206356
|move|p2a: Mega Donphan|Ice Spinner|p1a: Latios
|-supereffective|p1a: Latios
|-damage|p1a: Latios|52/100
|-enditem|p1a: Latios|Weakness Policy
|-boost|p1a: Latios|atk|2|[from] item: Weakness Policy
|-boost|p1a: Latios|spa|2|[from] item: Weakness Policy
|move|p1a: Latios|Agility|p1a: Latios
|-boost|p1a: Latios|spe|2
|
|upkeep
|turn|13
|
|t:|1781206370
|move|p1a: Latios|Stored Power|p2a: Mega Donphan
|-supereffective|p2a: Mega Donphan
|-crit|p2a: Mega Donphan
|-damage|p2a: Mega Donphan|0 fnt
|faint|p2a: Mega Donphan
|-end|p2a: Mega Donphan|Protosynthesis|[silent]
|
|upkeep
|
|t:|1781206372
|switch|p2a: Aizen🗡️|Kingambit, M, shiny|100/100
|-activate|p2a: Aizen🗡️|ability: Supreme Overlord
|-start|p2a: Aizen🗡️|fallen2|[silent]
|turn|14
|
|t:|1781206379
|-terastallize|p1a: Latios|Fighting
|move|p2a: Aizen🗡️|Sucker Punch|p1a: Latios
|-resisted|p1a: Latios
|-damage|p1a: Latios|28/100
|move|p1a: Latios|Aura Sphere|p2a: Aizen🗡️
|-supereffective|p2a: Aizen🗡️
|-damage|p2a: Aizen🗡️|0 fnt
|faint|p2a: Aizen🗡️
|-end|p2a: Aizen🗡️|fallen2|[silent]
|
|upkeep
|
|t:|1781206385
|switch|p2a: ⚡️|Raging Bolt|13/100
|turn|15
|
|t:|1781206393
|move|p2a: ⚡️|Thunderclap|p1a: Latios
|-damage|p1a: Latios|0 fnt
|faint|p1a: Latios
|
|-heal|p2a: ⚡️|19/100|[from] item: Leftovers
|upkeep
|
|t:|1781206395
|switch|p1a: Ogerpon|Ogerpon, F|100/100
|turn|16
|j| frenchflamingotwo
|
|t:|1781206403
|move|p1a: Ogerpon|Encore|p2a: ⚡️
|-start|p2a: ⚡️|Encore
|move|p2a: ⚡️|Thunderclap||[still]
|-fail|p2a: ⚡️
|
|-heal|p2a: ⚡️|25/100|[from] item: Leftovers
|upkeep
|turn|17
|
|t:|1781206409
|-end|p2a: ⚡️|Protosynthesis|[silent]
|switch|p2a: 🎭|Ogerpon-Wellspring, F|100/100
|move|p1a: Ogerpon|Swords Dance|p1a: Ogerpon
|-boost|p1a: Ogerpon|atk|2
|
|upkeep
|turn|18
|
|t:|1781206411
|move|p1a: Ogerpon|Ivy Cudgel|p2a: 🎭
|-damage|p2a: 🎭|0 fnt
|faint|p2a: 🎭
|
|upkeep
|
|t:|1781206413
|switch|p2a: Robo Rona|Iron Moth|100/100
|-enditem|p2a: Robo Rona|Booster Energy
|-activate|p2a: Robo Rona|ability: Quark Drive|[fromitem]
|-start|p2a: Robo Rona|quarkdrivespe
|turn|19
|
|t:|1781206416
|move|p2a: Robo Rona|Sludge Wave|p1a: Ogerpon
|-supereffective|p1a: Ogerpon
|-damage|p1a: Ogerpon|0 fnt
|faint|p1a: Ogerpon
|
|upkeep
|
|t:|1781206419
|switch|p1a: Manaphy|Manaphy, shiny|100/100
|turn|20
|
|t:|1781206428
|move|p2a: Robo Rona|Sludge Wave|p1a: Manaphy
|-damage|p1a: Manaphy|53/100
|move|p1a: Manaphy|Surf|p2a: Robo Rona
|-supereffective|p2a: Robo Rona
|-damage|p2a: Robo Rona|31/100
|
|upkeep
|turn|21
|
|t:|1781206431
|move|p2a: Robo Rona|Sludge Wave|p1a: Manaphy
|-damage|p1a: Manaphy|1/100
|move|p1a: Manaphy|Surf|p2a: Robo Rona
|-supereffective|p2a: Robo Rona
|-damage|p2a: Robo Rona|0 fnt
|faint|p2a: Robo Rona
|-end|p2a: Robo Rona|Quark Drive|[silent]
|
|upkeep
|
|t:|1781206433
|switch|p2a: ⚡️|Raging Bolt|25/100
|turn|22
|
|t:|1781206436
|move|p2a: ⚡️|Thunderclap||[still]
|-fail|p2a: ⚡️
|move|p1a: Manaphy|Tail Glow|p1a: Manaphy
|-boost|p1a: Manaphy|spa|3
|
|-heal|p2a: ⚡️|31/100|[from] item: Leftovers
|upkeep
|turn|23
|
|t:|1781206439
|move|p2a: ⚡️|Thunderclap||[still]
|-fail|p2a: ⚡️
|move|p1a: Manaphy|Tail Glow|p1a: Manaphy
|-boost|p1a: Manaphy|spa|3
|
|-heal|p2a: ⚡️|37/100|[from] item: Leftovers
|upkeep
|turn|24
|l| frenchflamingotwo
|
|t:|1781206442
|move|p2a: ⚡️|Thunderclap||[still]
|-fail|p2a: ⚡️
|move|p1a: Manaphy|Tail Glow|p1a: Manaphy
|-boost|p1a: Manaphy|spa|0
|
|-heal|p2a: ⚡️|44/100|[from] item: Leftovers
|upkeep
|turn|25
|
|t:|1781206444
|move|p1a: Manaphy|Tail Glow|p1a: Manaphy
|-boost|p1a: Manaphy|spa|0
|move|p2a: ⚡️|Thunderbolt|p1a: Manaphy
|-supereffective|p1a: Manaphy
|-damage|p1a: Manaphy|0 fnt
|faint|p1a: Manaphy
|
|win|BlackStar150520
|raw|erhai's rating: 1681 &rarr; <strong>1661</strong><br />(-20 for losing)
|raw|BlackStar150520's rating: 1682 &rarr; <strong>1702</strong><br />(+20 for winning)
|l|☆erhai
|player|p1|
|l|☆BlackStar150520
|player|p2|
