|j|☆xXb1llyXx
|j|☆PieCubed^3
|t:|1781416457
|gametype|singles
|player|p1|xXb1llyXx|mom-unova|1549
|player|p2|PieCubed^3|hilda-wonderlauncher|1502
|gen|9
|tier|[Gen 9] OU
|rated|
|rule|HP Percentage Mod: HP is shown in percentages
|rule|Endless Battle Clause: Forcing endless battles is banned
|rule|Species Clause: Limit one of each Pokémon
|rule|OHKO Clause: OHKO moves are banned
|rule|Evasion Items Clause: Evasion items are banned
|rule|Evasion Moves Clause: Evasion moves are banned
|rule|Evasion Abilities Clause: Evasion abilities are banned
|rule|Sleep Moves Clause: Sleep-inducing moves are banned
|clearpoke
|poke|p1|Gholdengo|
|poke|p1|Zapdos|
|poke|p1|Meowscarada, F|
|poke|p1|Ting-Lu|
|poke|p1|Slowking-Galar, F|
|poke|p1|Zamazenta-*|
|poke|p2|Ting-Lu|
|poke|p2|Pecharunt|
|poke|p2|Samurott-Hisui, F|
|poke|p2|Moltres|
|poke|p2|Ogerpon, F|
|poke|p2|Scizor, F|
|teampreview
|
|t:|1781416461
|teamsize|p1|6
|teamsize|p2|6
|start
|switch|p1a: Meowscarada|Meowscarada, F|100/100
|switch|p2a: Samurott|Samurott-Hisui, F|100/100
|turn|1
|inactive|Battle timer is ON: inactive players will automatically lose when time's up. (requested by PieCubed^3)
|
|t:|1781416466
|switch|p2a: Moltres|Moltres|100/100
|move|p1a: Meowscarada|Knock Off|p2a: Moltres
|-start|p1a: Meowscarada|typechange|Dark|[from] ability: Protean
|-damage|p2a: Moltres|71/100
|-enditem|p2a: Moltres|Heavy-Duty Boots|[from] move: Knock Off|[of] p1a: Meowscarada
|
|upkeep
|turn|2
|
|t:|1781416472
|switch|p1a: Ting-Lu|Ting-Lu|100/100
|-ability|p1a: Ting-Lu|Vessel of Ruin
|move|p2a: Moltres|U-turn|p1a: Ting-Lu
|-supereffective|p1a: Ting-Lu
|-damage|p1a: Ting-Lu|84/100
|
|t:|1781416482
|switch|p2a: Samurott|Samurott-Hisui, F|100/100|[from] U-turn
|
|-heal|p1a: Ting-Lu|90/100|[from] item: Leftovers
|upkeep
|turn|3
|
|t:|1781416489
|switch|p1a: Zamazenta|Zamazenta|100/100
|-ability|p1a: Zamazenta|Dauntless Shield|boost
|-boost|p1a: Zamazenta|def|1
|move|p2a: Samurott|Ceaseless Edge|p1a: Zamazenta
|-resisted|p1a: Zamazenta
|-damage|p1a: Zamazenta|88/100
|-sidestart|p1: xXb1llyXx|Spikes
|
|upkeep
|turn|4
|
|t:|1781416495
|switch|p2a: Pecharunt|Pecharunt|100/100
|move|p1a: Zamazenta|Close Combat|p2a: Pecharunt
|-immune|p2a: Pecharunt
|
|upkeep
|turn|5
|
|t:|1781416517
|switch|p1a: Gholdengo|Gholdengo|100/100
|-item|p1a: Gholdengo|Air Balloon
|move|p2a: Pecharunt|Parting Shot|p1a: Gholdengo
|-immune|p1a: Gholdengo|[from] ability: Good as Gold
|
|upkeep
|turn|6
|
|t:|1781416527
|switch|p2a: Ting-Lu|Ting-Lu|100/100
|-ability|p2a: Ting-Lu|Vessel of Ruin
|move|p1a: Gholdengo|Make It Rain|p2a: Ting-Lu
|-damage|p2a: Ting-Lu|80/100
|-unboost|p1a: Gholdengo|spa|1
|
|-heal|p2a: Ting-Lu|87/100|[from] item: Leftovers
|upkeep
|turn|7
|
|t:|1781416546
|switch|p1a: Ting-Lu|Ting-Lu|90/100
|-damage|p1a: Ting-Lu|78/100|[from] Spikes
|-ability|p1a: Ting-Lu|Vessel of Ruin
|move|p2a: Ting-Lu|Stealth Rock|p1a: Ting-Lu
|-sidestart|p1: xXb1llyXx|move: Stealth Rock
|
|-heal|p1a: Ting-Lu|84/100|[from] item: Leftovers
|-heal|p2a: Ting-Lu|93/100|[from] item: Leftovers
|upkeep
|turn|8
|
|t:|1781416550
|move|p1a: Ting-Lu|Stealth Rock|p2a: Ting-Lu
|-sidestart|p2: PieCubed^3|move: Stealth Rock
|move|p2a: Ting-Lu|Whirlwind|p1a: Ting-Lu
|drag|p1a: Zapdos|Zapdos|100/100
|
|-heal|p2a: Ting-Lu|99/100|[from] item: Leftovers
|upkeep
|turn|9
|
|t:|1781416556
|move|p1a: Zapdos|Hurricane|p2a: Ting-Lu|[miss]
|-miss|p1a: Zapdos|p2a: Ting-Lu
|move|p2a: Ting-Lu|Ruination|p1a: Zapdos
|-damage|p1a: Zapdos|51/100
|
|-heal|p2a: Ting-Lu|100/100|[from] item: Leftovers
|upkeep
|turn|10
|
|t:|1781416559
|move|p1a: Zapdos|Hurricane|p2a: Ting-Lu
|-damage|p2a: Ting-Lu|81/100
|move|p2a: Ting-Lu|Whirlwind|p1a: Zapdos
|drag|p1a: Meowscarada|Meowscarada, F|100/100
|
|-heal|p2a: Ting-Lu|87/100|[from] item: Leftovers
|upkeep
|turn|11
|
|t:|1781416570
|switch|p2a: Ogerpon|Ogerpon, F|100/100
|-damage|p2a: Ogerpon|88/100|[from] Stealth Rock
|move|p1a: Meowscarada|Knock Off|p2a: Ogerpon
|-start|p1a: Meowscarada|typechange|Dark|[from] ability: Protean
|-damage|p2a: Ogerpon|34/100
|-enditem|p2a: Ogerpon|Choice Band|[from] move: Knock Off|[of] p1a: Meowscarada
|
|upkeep
|turn|12
|
|t:|1781416578
|-terastallize|p2a: Ogerpon|Grass
|detailschange|p2a: Ogerpon|Ogerpon-Teal-Tera, F, tera:Grass
|-ability|p2a: Ogerpon|Embody Aspect (Teal)|boost
|-boost|p2a: Ogerpon|spe|1
|move|p2a: Ogerpon|Ivy Cudgel|p1a: Meowscarada
|-damage|p1a: Meowscarada|0 fnt
|faint|p1a: Meowscarada
|
|upkeep
|
|t:|1781416589
|switch|p1a: Zamazenta|Zamazenta|88/100
|turn|13
|
|t:|1781416605
|switch|p2a: Pecharunt|Pecharunt|100/100
|move|p1a: Zamazenta|Crunch|p2a: Pecharunt
|-supereffective|p2a: Pecharunt
|-damage|p2a: Pecharunt|77/100
|
|upkeep
|turn|14
|
|t:|1781416612
|switch|p1a: Slowking|Slowking-Galar, F|100/100
|move|p2a: Pecharunt|Foul Play|p1a: Slowking
|-supereffective|p1a: Slowking
|-damage|p1a: Slowking|73/100
|
|upkeep
|turn|15
|
|t:|1781416619
|move|p2a: Pecharunt|Parting Shot|p1a: Slowking
|-unboost|p1a: Slowking|atk|1
|-unboost|p1a: Slowking|spa|1
|
|t:|1781416625
|switch|p2a: Samurott|Samurott-Hisui, F|100/100|[from] Parting Shot
|-damage|p2a: Samurott|88/100|[from] Stealth Rock
|move|p1a: Slowking|Future Sight|p2a: Samurott
|-start|p1a: Slowking|move: Future Sight
|
|upkeep
|turn|16
|
|t:|1781416636
|switch|p1a: Zamazenta|Zamazenta|88/100
|move|p2a: Samurott|Ceaseless Edge|p1a: Zamazenta
|-resisted|p1a: Zamazenta
|-damage|p1a: Zamazenta|68/100
|-sidestart|p1: xXb1llyXx|Spikes
|
|upkeep
|turn|17
|
|t:|1781416642
|switch|p2a: Moltres|Moltres|71/100
|-damage|p2a: Moltres|21/100|[from] Stealth Rock
|move|p1a: Zamazenta|Close Combat|p2a: Moltres
|-resisted|p2a: Moltres
|-damage|p2a: Moltres|2/100
|-unboost|p1a: Zamazenta|def|1
|-unboost|p1a: Zamazenta|spd|1
|-status|p1a: Zamazenta|brn|[from] ability: Flame Body|[of] p2a: Moltres
|
|-end|p2a: Moltres|move: Future Sight
|-damage|p2a: Moltres|0 fnt
|faint|p2a: Moltres
|-damage|p1a: Zamazenta|62/100 brn|[from] brn
|upkeep
|
|t:|1781416646
|switch|p2a: Ogerpon|Ogerpon-Teal-Tera, F, tera:Grass|34/100
|-damage|p2a: Ogerpon|22/100|[from] Stealth Rock
|-ability|p2a: Ogerpon|Embody Aspect (Teal)|boost
|-boost|p2a: Ogerpon|spe|1
|turn|18
|
|t:|1781416649
|move|p2a: Ogerpon|Ivy Cudgel|p1a: Zamazenta
|-damage|p1a: Zamazenta|0 fnt
|faint|p1a: Zamazenta
|
|upkeep
|
|t:|1781416658
|switch|p1a: Slowking|Slowking-Galar, F|100/100
|turn|19
|
|t:|1781416663
|move|p2a: Ogerpon|U-turn|p1a: Slowking
|-damage|p1a: Slowking|77/100
|
|t:|1781416668
|switch|p2a: Scizor|Scizor, F|100/100|[from] U-turn
|-damage|p2a: Scizor|88/100|[from] Stealth Rock
|move|p1a: Slowking|Ice Beam|p2a: Scizor
|-resisted|p2a: Scizor
|-damage|p2a: Scizor|75/100
|
|-heal|p2a: Scizor|81/100|[from] item: Leftovers
|upkeep
|turn|20
|
|t:|1781416675
|switch|p1a: Zapdos|Zapdos|51/100
|move|p2a: Scizor|Knock Off|p1a: Zapdos
|-damage|p1a: Zapdos|26/100
|-enditem|p1a: Zapdos|Heavy-Duty Boots|[from] move: Knock Off|[of] p2a: Scizor
|
|-heal|p2a: Scizor|87/100|[from] item: Leftovers
|upkeep
|turn|21
|
|t:|1781416682
|switch|p2a: Ting-Lu|Ting-Lu|87/100
|-damage|p2a: Ting-Lu|81/100|[from] Stealth Rock
|-ability|p2a: Ting-Lu|Vessel of Ruin
|move|p1a: Zapdos|Roost|p1a: Zapdos
|-heal|p1a: Zapdos|76/100
|-singleturn|p1a: Zapdos|move: Roost
|
|-heal|p2a: Ting-Lu|87/100|[from] item: Leftovers
|upkeep
|turn|22
|
|t:|1781416689
|move|p1a: Zapdos|Hurricane|p2a: Ting-Lu
|-damage|p2a: Ting-Lu|69/100
|-start|p2a: Ting-Lu|confusion
|-activate|p2a: Ting-Lu|confusion
|move|p2a: Ting-Lu|Ruination|p1a: Zapdos
|-damage|p1a: Zapdos|38/100
|
|-heal|p2a: Ting-Lu|75/100|[from] item: Leftovers
|upkeep
|turn|23
|
|t:|1781416701
|move|p1a: Zapdos|Roost|p1a: Zapdos
|-heal|p1a: Zapdos|88/100
|-singleturn|p1a: Zapdos|move: Roost
|-activate|p2a: Ting-Lu|confusion
|move|p2a: Ting-Lu|Whirlwind|p1a: Zapdos
|drag|p1a: Gholdengo|Gholdengo|100/100
|-damage|p1a: Gholdengo|94/100|[from] Stealth Rock
|-item|p1a: Gholdengo|Air Balloon
|
|-heal|p2a: Ting-Lu|81/100|[from] item: Leftovers
|upkeep
|turn|24
|
|t:|1781416712
|switch|p1a: Slowking|Slowking-Galar, F|100/100
|-activate|p2a: Ting-Lu|confusion
|move|p2a: Ting-Lu|Ruination|p1a: Slowking
|-damage|p1a: Slowking|50/100
|
|-heal|p2a: Ting-Lu|87/100|[from] item: Leftovers
|upkeep
|turn|25
|
|t:|1781416720
|-end|p2a: Ting-Lu|confusion
|move|p2a: Ting-Lu|Earthquake|p1a: Slowking
|-supereffective|p1a: Slowking
|-damage|p1a: Slowking|0 fnt
|faint|p1a: Slowking
|
|-heal|p2a: Ting-Lu|93/100|[from] item: Leftovers
|upkeep
|-message|xXb1llyXx forfeited.
|
|win|PieCubed^3
|raw|xXb1llyXx's rating: 1549 &rarr; <strong>1526</strong><br />(-23 for losing)
|raw|PieCubed^3's rating: 1502 &rarr; <strong>1525</strong><br />(+23 for winning)
|l|☆xXb1llyXx
|player|p1|
|l|☆PieCubed^3
|player|p2|
