|j|☆Ceruledge bot
|j|☆XianTwa
|t:|1781420046
|gametype|singles
|player|p1|Ceruledge bot|aromalady|1621
|player|p2|XianTwa|dawn|1646
|gen|9
|tier|[Gen 9] OU
|rated|
|rule|HP Percentage Mod: HP is shown in percentages
|rule|Endless Battle Clause: Forcing endless battles is banned
|rule|Species Clause: Limit one of each Pokémon
|rule|OHKO Clause: OHKO moves are banned
|rule|Evasion Items Clause: Evasion items are banned
|rule|Evasion Moves Clause: Evasion moves are banned
|rule|Evasion Abilities Clause: Evasion abilities are banned
|rule|Sleep Moves Clause: Sleep-inducing moves are banned
|clearpoke
|poke|p1|Dondozo, F|
|poke|p1|Blissey, F|
|poke|p1|Corviknight, M|
|poke|p1|Weezing-Galar, M|
|poke|p1|Gliscor, F|
|poke|p1|Toxapex, M|
|poke|p2|Araquanid, F|
|poke|p2|Enamorus, F|
|poke|p2|Great Tusk|
|poke|p2|Gholdengo|
|poke|p2|Iron Moth|
|poke|p2|Quaquaval, F|
|teampreview
|inactive|Battle timer is ON: inactive players will automatically lose when time's up. (requested by XianTwa)
|inactive|Ceruledge bot also wants the timer to be on.
|j| anhuoc
|
|t:|1781420071
|teamsize|p1|6
|teamsize|p2|6
|start
|switch|p1a: Toxapex|Toxapex, M|100/100
|switch|p2a: Araquanid|Araquanid, F|100/100
|turn|1
|l| anhuoc
|
|t:|1781420090
|switch|p2a: Gholdengo|Gholdengo|100/100
|-item|p2a: Gholdengo|Air Balloon
|move|p1a: Toxapex|Toxic Spikes|p2a: Gholdengo
|-sidestart|p2: XianTwa|move: Toxic Spikes
|
|upkeep
|turn|2
|
|t:|1781420097
|move|p2a: Gholdengo|Nasty Plot|p2a: Gholdengo
|-boost|p2a: Gholdengo|spa|2
|move|p1a: Toxapex|Haze|p1a: Toxapex
|-clearallboost
|
|upkeep
|turn|3
|
|t:|1781420102
|move|p2a: Gholdengo|Nasty Plot|p2a: Gholdengo
|-boost|p2a: Gholdengo|spa|2
|move|p1a: Toxapex|Toxic Spikes|p2a: Gholdengo
|-sidestart|p2: XianTwa|move: Toxic Spikes
|
|upkeep
|turn|4
|
|t:|1781420106
|move|p2a: Gholdengo|Shadow Ball|p1a: Toxapex
|-damage|p1a: Toxapex|36/100
|move|p1a: Toxapex|Haze|p1a: Toxapex
|-clearallboost
|
|-heal|p1a: Toxapex|43/100|[from] item: Leftovers
|upkeep
|turn|5
|
|t:|1781420110
|switch|p1a: Blissey|Blissey, F|100/100
|move|p2a: Gholdengo|Nasty Plot|p2a: Gholdengo
|-boost|p2a: Gholdengo|spa|2
|
|upkeep
|turn|6
|
|t:|1781420113
|move|p2a: Gholdengo|Nasty Plot|p2a: Gholdengo
|-boost|p2a: Gholdengo|spa|2
|move|p1a: Blissey|Calm Mind|p1a: Blissey
|-boost|p1a: Blissey|spa|1
|-boost|p1a: Blissey|spd|1
|
|upkeep
|turn|7
|
|t:|1781420120
|-terastallize|p1a: Blissey|Dark
|move|p2a: Gholdengo|Make It Rain|p1a: Blissey
|-damage|p1a: Blissey|55/100
|-unboost|p2a: Gholdengo|spa|1
|move|p1a: Blissey|Calm Mind|p1a: Blissey
|-boost|p1a: Blissey|spa|1
|-boost|p1a: Blissey|spd|1
|
|-heal|p1a: Blissey|61/100|[from] item: Leftovers
|upkeep
|turn|8
|
|t:|1781420130
|move|p2a: Gholdengo|Nasty Plot|p2a: Gholdengo
|-boost|p2a: Gholdengo|spa|2
|move|p1a: Blissey|Calm Mind|p1a: Blissey
|-boost|p1a: Blissey|spa|1
|-boost|p1a: Blissey|spd|1
|
|-heal|p1a: Blissey|68/100|[from] item: Leftovers
|upkeep
|turn|9
|
|t:|1781420135
|switch|p2a: Quaquaval|Quaquaval, F|100/100
|-status|p2a: Quaquaval|tox
|move|p1a: Blissey|Calm Mind|p1a: Blissey
|-boost|p1a: Blissey|spa|1
|-boost|p1a: Blissey|spd|1
|
|-heal|p1a: Blissey|74/100|[from] item: Leftovers
|-damage|p2a: Quaquaval|94/100 tox|[from] psn
|upkeep
|turn|10
|
|t:|1781420140
|switch|p1a: Toxapex|Toxapex, M|76/100
|move|p2a: Quaquaval|Close Combat|p1a: Toxapex
|-resisted|p1a: Toxapex
|-damage|p1a: Toxapex|49/100
|-unboost|p2a: Quaquaval|def|1
|-unboost|p2a: Quaquaval|spd|1
|
|-heal|p1a: Toxapex|55/100|[from] item: Leftovers
|-damage|p2a: Quaquaval|82/100 tox|[from] psn
|upkeep
|turn|11
|
|t:|1781420146
|switch|p2a: Gholdengo|Gholdengo|100/100
|-item|p2a: Gholdengo|Air Balloon
|move|p1a: Toxapex|Recover|p1a: Toxapex
|-heal|p1a: Toxapex|100/100
|
|upkeep
|turn|12
|
|t:|1781420149
|switch|p1a: Blissey|Blissey, F, tera:Dark|74/100
|move|p2a: Gholdengo|Nasty Plot|p2a: Gholdengo
|-boost|p2a: Gholdengo|spa|2
|
|-heal|p1a: Blissey|80/100|[from] item: Leftovers
|upkeep
|turn|13
|
|t:|1781420154
|move|p2a: Gholdengo|Nasty Plot|p2a: Gholdengo
|-boost|p2a: Gholdengo|spa|2
|move|p1a: Blissey|Calm Mind|p1a: Blissey
|-boost|p1a: Blissey|spa|1
|-boost|p1a: Blissey|spd|1
|
|-heal|p1a: Blissey|86/100|[from] item: Leftovers
|upkeep
|turn|14
|
|t:|1781420158
|move|p2a: Gholdengo|Dazzling Gleam|p1a: Blissey
|-supereffective|p1a: Blissey
|-damage|p1a: Blissey|49/100
|move|p1a: Blissey|Calm Mind|p1a: Blissey
|-boost|p1a: Blissey|spa|1
|-boost|p1a: Blissey|spd|1
|
|-heal|p1a: Blissey|56/100|[from] item: Leftovers
|upkeep
|turn|15
|
|t:|1781420164
|move|p2a: Gholdengo|Nasty Plot|p2a: Gholdengo
|-boost|p2a: Gholdengo|spa|2
|move|p1a: Blissey|Soft-Boiled|p1a: Blissey
|-heal|p1a: Blissey|100/100
|
|upkeep
|turn|16
|
|t:|1781420169
|move|p2a: Gholdengo|Dazzling Gleam|p1a: Blissey
|-supereffective|p1a: Blissey
|-damage|p1a: Blissey|65/100
|move|p1a: Blissey|Calm Mind|p1a: Blissey
|-boost|p1a: Blissey|spa|1
|-boost|p1a: Blissey|spd|1
|
|-heal|p1a: Blissey|71/100|[from] item: Leftovers
|upkeep
|turn|17
|
|t:|1781420171
|switch|p2a: Quaquaval|Quaquaval, F|82/100 tox
|move|p1a: Blissey|Calm Mind|p1a: Blissey
|-boost|p1a: Blissey|spa|1
|-boost|p1a: Blissey|spd|1
|
|-heal|p1a: Blissey|77/100|[from] item: Leftovers
|-damage|p2a: Quaquaval|76/100 tox|[from] psn
|upkeep
|turn|18
|
|t:|1781420193
|switch|p1a: Gliscor|Gliscor, F|100/100
|move|p2a: Quaquaval|Close Combat|p1a: Gliscor
|-resisted|p1a: Gliscor
|-damage|p1a: Gliscor|76/100
|-unboost|p2a: Quaquaval|def|1
|-unboost|p2a: Quaquaval|spd|1
|
|-damage|p2a: Quaquaval|64/100 tox|[from] psn
|-status|p1a: Gliscor|tox|[from] item: Toxic Orb
|upkeep
|turn|19
|
|t:|1781420199
|move|p1a: Gliscor|Protect|p1a: Gliscor
|-singleturn|p1a: Gliscor|Protect
|move|p2a: Quaquaval|Triple Axel|p1a: Gliscor
|-activate|p1a: Gliscor|move: Protect
|
|-damage|p2a: Quaquaval|46/100 tox|[from] psn
|-heal|p1a: Gliscor|88/100 tox|[from] ability: Poison Heal
|upkeep
|turn|20
|
|t:|1781420205
|switch|p2a: Great Tusk|Great Tusk|100/100
|-status|p2a: Great Tusk|tox
|-enditem|p2a: Great Tusk|Booster Energy
|-activate|p2a: Great Tusk|ability: Protosynthesis|[fromitem]
|-start|p2a: Great Tusk|protosynthesisatk
|switch|p1a: Toxapex|Toxapex, M|100/100
|
|-damage|p2a: Great Tusk|94/100 tox|[from] psn
|upkeep
|turn|21
|
|t:|1781420210
|switch|p1a: Corviknight|Corviknight, M|100/100
|-ability|p1a: Corviknight|Pressure
|move|p2a: Great Tusk|Rapid Spin|p1a: Corviknight
|-resisted|p1a: Corviknight
|-damage|p1a: Corviknight|94/100
|-boost|p2a: Great Tusk|spe|1
|-sideend|p2: XianTwa|Toxic Spikes|[from] move: Rapid Spin|[of] p2a: Great Tusk
|
|-heal|p1a: Corviknight|100/100|[from] item: Leftovers
|-damage|p2a: Great Tusk|82/100 tox|[from] psn
|upkeep
|turn|22
|
|t:|1781420217
|-end|p2a: Great Tusk|Protosynthesis|[silent]
|switch|p2a: Iron Moth|Iron Moth|100/100
|-enditem|p2a: Iron Moth|Booster Energy
|-activate|p2a: Iron Moth|ability: Quark Drive|[fromitem]
|-start|p2a: Iron Moth|quarkdrivespa
|move|p1a: Corviknight|Iron Defense|p1a: Corviknight
|-boost|p1a: Corviknight|def|2
|
|upkeep
|turn|23
|
|t:|1781420222
|switch|p1a: Toxapex|Toxapex, M|100/100
|move|p2a: Iron Moth|Fiery Dance|p1a: Toxapex
|-resisted|p1a: Toxapex
|-damage|p1a: Toxapex|82/100
|-boost|p2a: Iron Moth|spa|1
|
|-heal|p1a: Toxapex|88/100|[from] item: Leftovers
|upkeep
|turn|24
|
|t:|1781420231
|move|p2a: Iron Moth|Energy Ball|p1a: Toxapex
|-damage|p1a: Toxapex|51/100
|move|p1a: Toxapex|Haze|p1a: Toxapex
|-clearallboost
|
|-heal|p1a: Toxapex|57/100|[from] item: Leftovers
|upkeep
|turn|25
|
|t:|1781420241
|move|p2a: Iron Moth|Fiery Dance|p1a: Toxapex
|-resisted|p1a: Toxapex
|-damage|p1a: Toxapex|39/100
|move|p1a: Toxapex|Recover|p1a: Toxapex
|-heal|p1a: Toxapex|89/100
|
|-heal|p1a: Toxapex|96/100|[from] item: Leftovers
|upkeep
|turn|26
|
|t:|1781420253
|-end|p2a: Iron Moth|Quark Drive|[silent]
|switch|p2a: Great Tusk|Great Tusk|82/100 tox
|move|p1a: Toxapex|Toxic Spikes|p2a: Great Tusk
|-sidestart|p2: XianTwa|move: Toxic Spikes
|
|-heal|p1a: Toxapex|100/100|[from] item: Leftovers
|-damage|p2a: Great Tusk|76/100 tox|[from] psn
|upkeep
|turn|27
|
|t:|1781420256
|-end|p2a: Great Tusk|Protosynthesis|[silent]
|switch|p2a: Iron Moth|Iron Moth|100/100
|-sideend|p2: XianTwa|move: Toxic Spikes|[of] p2a: Iron Moth
|switch|p1a: Corviknight|Corviknight, M|100/100
|-ability|p1a: Corviknight|Pressure
|
|upkeep
|turn|28
|
|t:|1781420268
|-end|p2a: Iron Moth|Quark Drive|[silent]
|switch|p2a: Enamorus|Enamorus, F|100/100
|switch|p1a: Gliscor|Gliscor, F|88/100 tox
|
|-heal|p1a: Gliscor|100/100 tox|[from] ability: Poison Heal
|upkeep
|turn|29
|
|t:|1781420275
|switch|p2a: Quaquaval|Quaquaval, F|46/100 tox
|move|p1a: Gliscor|Knock Off|p2a: Quaquaval
|-resisted|p2a: Quaquaval
|-damage|p2a: Quaquaval|32/100 tox
|-enditem|p2a: Quaquaval|Assault Vest|[from] move: Knock Off|[of] p1a: Gliscor
|
|-damage|p2a: Quaquaval|26/100 tox|[from] psn
|upkeep
|turn|30
|
|t:|1781420286
|switch|p1a: Corviknight|Corviknight, M|100/100
|-ability|p1a: Corviknight|Pressure
|move|p2a: Quaquaval|Triple Axel|p1a: Corviknight
|-damage|p1a: Corviknight|96/100
|-hitcount|p1a: Corviknight|1
|
|-heal|p1a: Corviknight|100/100|[from] item: Leftovers
|-damage|p2a: Quaquaval|14/100 tox|[from] psn
|upkeep
|turn|31
|
|t:|1781420290
|switch|p2a: Gholdengo|Gholdengo|100/100
|-item|p2a: Gholdengo|Air Balloon
|move|p1a: Corviknight|Iron Defense|p1a: Corviknight
|-boost|p1a: Corviknight|def|2
|
|upkeep
|turn|32
|
|t:|1781420296
|switch|p1a: Blissey|Blissey, F, tera:Dark|77/100
|move|p2a: Gholdengo|Nasty Plot|p2a: Gholdengo
|-boost|p2a: Gholdengo|spa|2
|
|-heal|p1a: Blissey|83/100|[from] item: Leftovers
|upkeep
|turn|33
|
|t:|1781420300
|move|p2a: Gholdengo|Dazzling Gleam|p1a: Blissey
|-supereffective|p1a: Blissey
|-crit|p1a: Blissey
|-damage|p1a: Blissey|24/100
|move|p1a: Blissey|Calm Mind|p1a: Blissey
|-boost|p1a: Blissey|spa|1
|-boost|p1a: Blissey|spd|1
|
|-heal|p1a: Blissey|31/100|[from] item: Leftovers
|upkeep
|turn|34
|
|t:|1781420306
|move|p2a: Gholdengo|Dazzling Gleam|p1a: Blissey
|-supereffective|p1a: Blissey
|-damage|p1a: Blissey|4/100
|move|p1a: Blissey|Soft-Boiled|p1a: Blissey
|-heal|p1a: Blissey|54/100
|
|-heal|p1a: Blissey|60/100|[from] item: Leftovers
|upkeep
|turn|35
|
|t:|1781420316
|move|p2a: Gholdengo|Nasty Plot|p2a: Gholdengo
|-boost|p2a: Gholdengo|spa|2
|move|p1a: Blissey|Calm Mind|p1a: Blissey
|-boost|p1a: Blissey|spa|1
|-boost|p1a: Blissey|spd|1
|
|-heal|p1a: Blissey|67/100|[from] item: Leftovers
|upkeep
|turn|36
|
|t:|1781420319
|move|p2a: Gholdengo|Dazzling Gleam|p1a: Blissey
|-supereffective|p1a: Blissey
|-damage|p1a: Blissey|37/100
|move|p1a: Blissey|Soft-Boiled|p1a: Blissey
|-heal|p1a: Blissey|87/100
|
|-heal|p1a: Blissey|93/100|[from] item: Leftovers
|upkeep
|turn|37
|
|t:|1781420323
|move|p2a: Gholdengo|Dazzling Gleam|p1a: Blissey
|-supereffective|p1a: Blissey
|-damage|p1a: Blissey|67/100
|move|p1a: Blissey|Calm Mind|p1a: Blissey
|-boost|p1a: Blissey|spa|1
|-boost|p1a: Blissey|spd|1
|
|-heal|p1a: Blissey|73/100|[from] item: Leftovers
|upkeep
|turn|38
|
|t:|1781420325
|move|p2a: Gholdengo|Dazzling Gleam|p1a: Blissey
|-supereffective|p1a: Blissey
|-damage|p1a: Blissey|48/100
|move|p1a: Blissey|Calm Mind|p1a: Blissey
|-boost|p1a: Blissey|spa|1
|-boost|p1a: Blissey|spd|1
|
|-heal|p1a: Blissey|54/100|[from] item: Leftovers
|upkeep
|turn|39
|
|t:|1781420327
|switch|p2a: Quaquaval|Quaquaval, F|14/100 tox
|move|p1a: Blissey|Calm Mind|p1a: Blissey
|-boost|p1a: Blissey|spa|1
|-boost|p1a: Blissey|spd|1
|
|-heal|p1a: Blissey|60/100|[from] item: Leftovers
|-damage|p2a: Quaquaval|8/100 tox|[from] psn
|upkeep
|turn|40
|
|t:|1781420332
|switch|p1a: Toxapex|Toxapex, M|100/100
|move|p2a: Quaquaval|Close Combat|p1a: Toxapex
|-resisted|p1a: Toxapex
|-damage|p1a: Toxapex|75/100
|-unboost|p2a: Quaquaval|def|1
|-unboost|p2a: Quaquaval|spd|1
|
|-heal|p1a: Toxapex|81/100|[from] item: Leftovers
|-damage|p2a: Quaquaval|0 fnt|[from] psn
|faint|p2a: Quaquaval
|upkeep
|
|t:|1781420336
|switch|p2a: Enamorus|Enamorus, F|100/100
|turn|41
|
|t:|1781420338
|move|p2a: Enamorus|Substitute|p2a: Enamorus
|-start|p2a: Enamorus|Substitute
|-damage|p2a: Enamorus|76/100
|move|p1a: Toxapex|Toxic||[still]
|-fail|p1a: Toxapex
|
|-heal|p1a: Toxapex|87/100|[from] item: Leftovers
|upkeep
|turn|42
|
|t:|1781420343
|move|p2a: Enamorus|Earth Power|p1a: Toxapex
|-supereffective|p1a: Toxapex
|-damage|p1a: Toxapex|33/100
|-unboost|p1a: Toxapex|spd|1
|-damage|p2a: Enamorus|66/100|[from] item: Life Orb
|move|p1a: Toxapex|Haze|p1a: Toxapex
|-clearallboost
|
|-heal|p1a: Toxapex|40/100|[from] item: Leftovers
|upkeep
|turn|43
|
|t:|1781420354
|switch|p1a: Gliscor|Gliscor, F|100/100 tox
|move|p2a: Enamorus|Earth Power|p1a: Gliscor
|-immune|p1a: Gliscor
|
|upkeep
|turn|44
|
|t:|1781420367
|switch|p1a: Blissey|Blissey, F, tera:Dark|60/100
|move|p2a: Enamorus|Moonblast|p1a: Blissey
|-supereffective|p1a: Blissey
|-crit|p1a: Blissey
|-damage|p1a: Blissey|0 fnt
|faint|p1a: Blissey
|-damage|p2a: Enamorus|56/100|[from] item: Life Orb
|
|upkeep
|-message|Ceruledge bot forfeited.
|
|win|XianTwa
|raw|Ceruledge bot's rating: 1621 &rarr; <strong>1602</strong><br />(-19 for losing)
|raw|XianTwa's rating: 1646 &rarr; <strong>1665</strong><br />(+19 for winning)
|l|☆Ceruledge bot
|player|p1|
|l|☆XianTwa
|player|p2|
