|j|☆Klopple
|j|☆bingbong441
|t:|1781010896
|gametype|singles
|player|p1|Klopple|sailor|1698
|player|p2|bingbong441|pokemaniac|1780
|gen|9
|tier|[Gen 9] OU
|rated|
|rule|HP Percentage Mod: HP is shown in percentages
|rule|Endless Battle Clause: Forcing endless battles is banned
|rule|Species Clause: Limit one of each Pokémon
|rule|OHKO Clause: OHKO moves are banned
|rule|Evasion Items Clause: Evasion items are banned
|rule|Evasion Moves Clause: Evasion moves are banned
|rule|Evasion Abilities Clause: Evasion abilities are banned
|rule|Sleep Moves Clause: Sleep-inducing moves are banned
|clearpoke
|poke|p1|Arboliva, F|
|poke|p1|Gliscor, F|
|poke|p1|Iron Crown|
|poke|p1|Zamazenta-*|
|poke|p1|Hatterene, F|
|poke|p1|Dragonite, F|
|poke|p2|Rillaboom, M|
|poke|p2|Alomomola, F|
|poke|p2|Cinderace, F|
|poke|p2|Hoopa-Unbound|
|poke|p2|Fezandipiti, M|
|poke|p2|Zamazenta-*|
|teampreview
|j| Agathina
|
|t:|1781010922
|teamsize|p1|6
|teamsize|p2|6
|start
|switch|p1a: Gliscor|Gliscor, F|100/100
|switch|p2a: Rillaboom|Rillaboom, M|100/100
|-fieldstart|move: Grassy Terrain|[from] ability: Grassy Surge|[of] p2a: Rillaboom
|turn|1
|
|t:|1781010930
|-terastallize|p2a: Rillaboom|Grass
|move|p1a: Gliscor|Protect|p1a: Gliscor
|-singleturn|p1a: Gliscor|Protect
|move|p2a: Rillaboom|Wood Hammer|p1a: Gliscor
|-activate|p1a: Gliscor|move: Protect
|
|-status|p1a: Gliscor|tox|[from] item: Toxic Orb
|upkeep
|turn|2
|
|t:|1781010939
|switch|p1a: Dragonite|Dragonite, F|100/100
|move|p2a: Rillaboom|Wood Hammer|p1a: Dragonite
|-resisted|p1a: Dragonite
|-damage|p1a: Dragonite|81/100
|-damage|p2a: Rillaboom|94/100|[from] Recoil
|
|-heal|p2a: Rillaboom|99/100|[from] Grassy Terrain
|upkeep
|turn|3
|
|t:|1781010948
|switch|p2a: Alomomola|Alomomola, F|100/100
|move|p1a: Dragonite|Roost|p1a: Dragonite
|-heal|p1a: Dragonite|100/100
|-singleturn|p1a: Dragonite|move: Roost
|
|upkeep
|turn|4
|j| Shimeon91
|
|t:|1781010973
|switch|p1a: Arboliva|Arboliva, F|100/100
|move|p2a: Alomomola|Flip Turn|p1a: Arboliva
|-resisted|p1a: Arboliva
|-damage|p1a: Arboliva|92/100
|
|t:|1781011015
|switch|p2a: Hoopa|Hoopa-Unbound|100/100|[from] Flip Turn
|
|-heal|p1a: Arboliva|98/100|[from] Grassy Terrain
|upkeep
|turn|5
|inactive|Battle timer is ON: inactive players will automatically lose when time's up. (requested by Klopple)
|j| just-jaype
|l| just-jaype
|
|t:|1781011035
|move|p1a: Arboliva|Endure|p1a: Arboliva
|-singleturn|p1a: Arboliva|move: Endure
|move|p2a: Hoopa|Knock Off|p1a: Arboliva
|-damage|p1a: Arboliva|49/100
|-enditem|p1a: Arboliva|Custap Berry|[from] move: Knock Off|[of] p2a: Hoopa
|
|-heal|p1a: Arboliva|55/100|[from] Grassy Terrain
|-fieldend|move: Grassy Terrain
|upkeep
|turn|6
|j| just-jaype
|l| just-jaype
|inactive|bingbong441 has 120 seconds left.
|
|t:|1781011067
|move|p2a: Hoopa|Psychic Noise|p1a: Arboliva
|-damage|p1a: Arboliva|14/100
|-start|p1a: Arboliva|move: Heal Block
|move|p1a: Arboliva|Alluring Voice|p2a: Hoopa
|-supereffective|p2a: Hoopa
|-damage|p2a: Hoopa|69/100
|
|upkeep
|turn|7
|inactive|bingbong441 has 120 seconds left.
|
|t:|1781011084
|switch|p1a: Hatterene|Hatterene, F|100/100
|move|p2a: Hoopa|Knock Off|p1a: Hatterene
|-damage|p1a: Hatterene|55/100
|-damage|p2a: Hoopa|53/100|[from] item: Rocky Helmet|[of] p1a: Hatterene
|-enditem|p1a: Hatterene|Rocky Helmet|[from] move: Knock Off|[of] p2a: Hoopa
|
|upkeep
|turn|8
|inactive|bingbong441 has 120 seconds left.
|
|t:|1781011100
|move|p2a: Hoopa|Psychic Noise|p1a: Hatterene
|-resisted|p1a: Hatterene
|-damage|p1a: Hatterene|32/100
|-start|p1a: Hatterene|move: Heal Block
|move|p1a: Hatterene|Nuzzle|p2a: Hoopa
|-damage|p2a: Hoopa|49/100
|-status|p2a: Hoopa|par
|
|upkeep
|turn|9
|
|t:|1781011118
|switch|p1a: Arboliva|Arboliva, F|14/100
|move|p2a: Hoopa|Thunderbolt|p1a: Arboliva
|-resisted|p1a: Arboliva
|-damage|p1a: Arboliva|0 fnt
|faint|p1a: Arboliva
|
|upkeep
|
|t:|1781011128
|switch|p1a: Gliscor|Gliscor, F|100/100 tox
|turn|10
|inactive|bingbong441 has 120 seconds left.
|
|t:|1781011139
|switch|p2a: Alomomola|Alomomola, F|100/100
|move|p1a: Gliscor|Stealth Rock|p2a: Alomomola
|-sidestart|p2: bingbong441|move: Stealth Rock
|
|upkeep
|turn|11
|inactive|bingbong441 has 120 seconds left.
|
|t:|1781011151
|move|p1a: Gliscor|Knock Off|p2a: Alomomola
|-damage|p2a: Alomomola|90/100
|-damage|p1a: Gliscor|84/100 tox|[from] item: Rocky Helmet|[of] p2a: Alomomola
|-enditem|p2a: Alomomola|Rocky Helmet|[from] move: Knock Off|[of] p1a: Gliscor
|move|p2a: Alomomola|Flip Turn|p1a: Gliscor
|-supereffective|p1a: Gliscor
|-damage|p1a: Gliscor|60/100 tox
|
|t:|1781011157
|switch|p2a: Rillaboom|Rillaboom, M, tera:Grass|99/100|[from] Flip Turn
|-damage|p2a: Rillaboom|87/100|[from] Stealth Rock
|-fieldstart|move: Grassy Terrain|[from] ability: Grassy Surge|[of] p2a: Rillaboom
|
|-heal|p2a: Rillaboom|93/100|[from] Grassy Terrain
|-heal|p1a: Gliscor|73/100 tox|[from] ability: Poison Heal
|upkeep
|turn|12
|
|t:|1781011162
|move|p1a: Gliscor|Protect|p1a: Gliscor
|-singleturn|p1a: Gliscor|Protect
|move|p2a: Rillaboom|Wood Hammer|p1a: Gliscor
|-activate|p1a: Gliscor|move: Protect
|
|-heal|p2a: Rillaboom|99/100|[from] Grassy Terrain
|-heal|p1a: Gliscor|85/100 tox|[from] ability: Poison Heal
|upkeep
|turn|13
|
|t:|1781011168
|switch|p1a: Dragonite|Dragonite, F|100/100
|move|p2a: Rillaboom|Wood Hammer|p1a: Dragonite
|-resisted|p1a: Dragonite
|-damage|p1a: Dragonite|79/100
|-damage|p2a: Rillaboom|92/100|[from] Recoil
|
|-heal|p2a: Rillaboom|98/100|[from] Grassy Terrain
|upkeep
|turn|14
|
|t:|1781011182
|switch|p2a: Alomomola|Alomomola, F|100/100
|-damage|p2a: Alomomola|88/100|[from] Stealth Rock
|move|p1a: Dragonite|Roost|p1a: Dragonite
|-heal|p1a: Dragonite|100/100
|-singleturn|p1a: Dragonite|move: Roost
|
|-heal|p2a: Alomomola|94/100|[from] Grassy Terrain
|upkeep
|turn|15
|
|t:|1781011187
|switch|p1a: Hatterene|Hatterene, F|32/100
|move|p2a: Alomomola|Wish|p2a: Alomomola
|
|-heal|p2a: Alomomola|100/100|[from] Grassy Terrain
|-heal|p1a: Hatterene|38/100|[from] Grassy Terrain
|-fieldend|move: Grassy Terrain
|upkeep
|turn|16
|
|t:|1781011199
|move|p2a: Alomomola|Flip Turn|p1a: Hatterene
|-damage|p1a: Hatterene|24/100
|
|t:|1781011202
|switch|p2a: Hoopa|Hoopa-Unbound|49/100 par|[from] Flip Turn
|-damage|p2a: Hoopa|36/100 par|[from] Stealth Rock
|move|p1a: Hatterene|Pain Split|p2a: Hoopa
|-sethp|p2a: Hoopa|29/100 par|[from] move: Pain Split|[silent]
|-sethp|p1a: Hatterene|33/100|[from] move: Pain Split
|
|-heal|p2a: Hoopa|100/100 par|[from] move: Wish|[wisher] Alomomola
|upkeep
|turn|17
|
|t:|1781011218
|switch|p1a: Gliscor|Gliscor, F|85/100 tox
|move|p2a: Hoopa|Thunderbolt|p1a: Gliscor
|-immune|p1a: Gliscor
|
|-heal|p1a: Gliscor|98/100 tox|[from] ability: Poison Heal
|upkeep
|turn|18
|
|t:|1781011229
|switch|p1a: Hatterene|Hatterene, F|33/100
|switch|p2a: Alomomola|Alomomola, F|100/100
|-damage|p2a: Alomomola|88/100|[from] Stealth Rock
|
|upkeep
|turn|19
|
|t:|1781011246
|switch|p2a: Fezandipiti|Fezandipiti, M|100/100
|move|p1a: Hatterene|Pain Split|p2a: Fezandipiti
|-sethp|p2a: Fezandipiti|64/100|[from] move: Pain Split|[silent]
|-sethp|p1a: Hatterene|76/100|[from] move: Pain Split
|
|upkeep
|turn|20
|
|t:|1781011261
|switch|p1a: Iron Crown|Iron Crown|100/100
|move|p2a: Fezandipiti|U-turn|p1a: Iron Crown
|-damage|p1a: Iron Crown|86/100
|inactive|bingbong441 has 120 seconds left.
|
|t:|1781011278
|switch|p2a: Hoopa|Hoopa-Unbound|100/100 par|[from] U-turn
|-damage|p2a: Hoopa|88/100 par|[from] Stealth Rock
|
|upkeep
|turn|21
|
|t:|1781011283
|move|p1a: Iron Crown|Volt Switch|p2a: Hoopa
|-damage|p2a: Hoopa|77/100 par
|
|t:|1781011288
|-end|p1a: Iron Crown|Quark Drive|[silent]
|switch|p1a: Gliscor|Gliscor, F|98/100 tox|[from] Volt Switch
|move|p2a: Hoopa|Knock Off|p1a: Gliscor
|-damage|p1a: Gliscor|58/100 tox
|-enditem|p1a: Gliscor|Toxic Orb|[from] move: Knock Off|[of] p2a: Hoopa
|
|-heal|p1a: Gliscor|71/100 tox|[from] ability: Poison Heal
|upkeep
|turn|22
|
|t:|1781011299
|switch|p2a: Alomomola|Alomomola, F|100/100
|-damage|p2a: Alomomola|88/100|[from] Stealth Rock
|move|p1a: Gliscor|Earthquake|p2a: Alomomola
|-damage|p2a: Alomomola|72/100
|
|-heal|p1a: Gliscor|83/100 tox|[from] ability: Poison Heal
|upkeep
|turn|23
|
|t:|1781011307
|switch|p1a: Hatterene|Hatterene, F|76/100
|move|p2a: Alomomola|Flip Turn|p1a: Hatterene
|-damage|p1a: Hatterene|62/100
|
|t:|1781011309
|switch|p2a: Cinderace|Cinderace, F|100/100|[from] Flip Turn
|
|upkeep
|turn|24
|j| SilverDE
|l| SilverDE
|
|t:|1781011327
|move|p2a: Cinderace|Court Change|p2a: Cinderace
|-start|p2a: Cinderace|typechange|Normal|[from] ability: Libero
|-swapsideconditions
|-activate|p2a: Cinderace|move: Court Change
|move|p1a: Hatterene|Nuzzle|p2a: Cinderace
|-damage|p2a: Cinderace|95/100
|-status|p2a: Cinderace|par
|
|upkeep
|turn|25
|
|t:|1781011337
|move|p2a: Cinderace|U-turn|p1a: Hatterene
|-damage|p1a: Hatterene|44/100
|
|t:|1781011340
|switch|p2a: Fezandipiti|Fezandipiti, M|64/100|[from] U-turn
|move|p1a: Hatterene|Draining Kiss|p2a: Fezandipiti
|-resisted|p2a: Fezandipiti
|-damage|p2a: Fezandipiti|57/100
|-heal|p1a: Hatterene|50/100|[from] drain|[of] p2a: Fezandipiti
|
|upkeep
|turn|26
|
|t:|1781011352
|move|p2a: Fezandipiti|U-turn|p1a: Hatterene
|-damage|p1a: Hatterene|38/100
|-status|p1a: Hatterene|tox|[from] ability: Toxic Chain|[of] p2a: Fezandipiti
|
|t:|1781011367
|switch|p2a: Cinderace|Cinderace, F|95/100 par|[from] U-turn
|move|p1a: Hatterene|Psychic Noise|p2a: Cinderace
|-damage|p2a: Cinderace|46/100 par
|-start|p2a: Cinderace|move: Heal Block
|
|-damage|p1a: Hatterene|32/100 tox|[from] psn
|upkeep
|turn|27
|
|t:|1781011376
|switch|p1a: Gliscor|Gliscor, F|83/100 tox
|-damage|p1a: Gliscor|71/100 tox|[from] Stealth Rock
|move|p2a: Cinderace|Pyro Ball|p1a: Gliscor|[miss]
|-miss|p2a: Cinderace|p1a: Gliscor
|
|-heal|p1a: Gliscor|83/100 tox|[from] ability: Poison Heal
|-end|p2a: Cinderace|move: Heal Block
|upkeep
|turn|28
|j| kanitanku
|inactive|bingbong441 has 120 seconds left.
|
|t:|1781011408
|switch|p2a: Rillaboom|Rillaboom, M, tera:Grass|98/100
|-fieldstart|move: Grassy Terrain|[from] ability: Grassy Surge|[of] p2a: Rillaboom
|move|p1a: Gliscor|Stealth Rock|p2a: Rillaboom
|-sidestart|p2: bingbong441|move: Stealth Rock
|
|-heal|p2a: Rillaboom|100/100|[from] Grassy Terrain
|-heal|p1a: Gliscor|96/100 tox|[from] ability: Poison Heal
|upkeep
|turn|29
|inactive|bingbong441 has 120 seconds left.
|
|t:|1781011444
|switch|p2a: Hoopa|Hoopa-Unbound|77/100 par
|-damage|p2a: Hoopa|65/100 par|[from] Stealth Rock
|move|p1a: Gliscor|Protect||[still]
|-fail|p1a: Gliscor
|
|-heal|p2a: Hoopa|71/100 par|[from] Grassy Terrain
|-heal|p1a: Gliscor|100/100 tox|[from] ability: Poison Heal
|upkeep
|turn|30
|
|t:|1781011457
|move|p1a: Gliscor|Knock Off|p2a: Hoopa
|-damage|p2a: Hoopa|49/100 par
|-enditem|p2a: Hoopa|Assault Vest|[from] move: Knock Off|[of] p1a: Gliscor
|cant|p2a: Hoopa|par
|
|-heal|p2a: Hoopa|55/100 par|[from] Grassy Terrain
|upkeep
|turn|31
|
|t:|1781011468
|move|p1a: Gliscor|Protect|p1a: Gliscor
|-singleturn|p1a: Gliscor|Protect
|move|p2a: Hoopa|Psychic Noise|p1a: Gliscor
|-activate|p1a: Gliscor|move: Protect
|
|-heal|p2a: Hoopa|61/100 par|[from] Grassy Terrain
|upkeep
|turn|32
|
|t:|1781011477
|move|p1a: Gliscor|Earthquake|p2a: Hoopa
|-damage|p2a: Hoopa|43/100 par
|move|p2a: Hoopa|Psychic Noise|p1a: Gliscor
|-damage|p1a: Gliscor|56/100 tox
|-start|p1a: Gliscor|move: Heal Block
|
|-heal|p2a: Hoopa|49/100 par|[from] Grassy Terrain
|-fieldend|move: Grassy Terrain
|upkeep
|turn|33
|
|t:|1781011492
|switch|p1a: Dragonite|Dragonite, F|100/100
|switch|p2a: Rillaboom|Rillaboom, M, tera:Grass|100/100
|-damage|p2a: Rillaboom|88/100|[from] Stealth Rock
|-fieldstart|move: Grassy Terrain|[from] ability: Grassy Surge|[of] p2a: Rillaboom
|
|-heal|p2a: Rillaboom|94/100|[from] Grassy Terrain
|upkeep
|turn|34
|
|t:|1781011502
|move|p1a: Dragonite|Extreme Speed|p2a: Rillaboom
|-damage|p2a: Rillaboom|61/100
|move|p2a: Rillaboom|Knock Off|p1a: Dragonite
|-crit|p1a: Dragonite
|-damage|p1a: Dragonite|64/100
|-enditem|p1a: Dragonite|Heavy-Duty Boots|[from] move: Knock Off|[of] p2a: Rillaboom
|
|-heal|p2a: Rillaboom|67/100|[from] Grassy Terrain
|upkeep
|turn|35
|
|t:|1781011516
|switch|p2a: Alomomola|Alomomola, F|100/100
|-damage|p2a: Alomomola|88/100|[from] Stealth Rock
|move|p1a: Dragonite|Dragon Tail|p2a: Alomomola
|-damage|p2a: Alomomola|70/100
|drag|p2a: Fezandipiti|Fezandipiti, M|57/100
|
|-heal|p2a: Fezandipiti|63/100|[from] Grassy Terrain
|upkeep
|turn|36
|
|t:|1781011529
|switch|p1a: Iron Crown|Iron Crown|86/100
|-damage|p1a: Iron Crown|80/100|[from] Stealth Rock
|move|p2a: Fezandipiti|U-turn|p1a: Iron Crown
|-damage|p1a: Iron Crown|63/100
|
|t:|1781011541
|switch|p2a: Hoopa|Hoopa-Unbound|49/100 par|[from] U-turn
|-damage|p2a: Hoopa|37/100 par|[from] Stealth Rock
|
|-heal|p1a: Iron Crown|70/100|[from] Grassy Terrain
|-heal|p2a: Hoopa|43/100 par|[from] Grassy Terrain
|upkeep
|turn|37
|
|t:|1781011553
|move|p1a: Iron Crown|Volt Switch|p2a: Hoopa
|-damage|p2a: Hoopa|24/100 par
|
|t:|1781011562
|-end|p1a: Iron Crown|Quark Drive|[silent]
|switch|p1a: Gliscor|Gliscor, F|56/100 tox|[from] Volt Switch
|-damage|p1a: Gliscor|44/100 tox|[from] Stealth Rock
|move|p2a: Hoopa|Knock Off|p1a: Gliscor
|-damage|p1a: Gliscor|17/100 tox
|
|-heal|p2a: Hoopa|30/100 par|[from] Grassy Terrain
|-heal|p1a: Gliscor|30/100 tox|[from] ability: Poison Heal
|-fieldend|move: Grassy Terrain
|upkeep
|turn|38
|
|t:|1781011583
|switch|p2a: Zamazenta|Zamazenta|100/100
|-damage|p2a: Zamazenta|94/100|[from] Stealth Rock
|-ability|p2a: Zamazenta|Dauntless Shield|boost
|-boost|p2a: Zamazenta|def|1
|move|p1a: Gliscor|Earthquake|p2a: Zamazenta
|-damage|p2a: Zamazenta|80/100
|
|-heal|p2a: Zamazenta|86/100|[from] item: Leftovers
|-heal|p1a: Gliscor|42/100 tox|[from] ability: Poison Heal
|upkeep
|turn|39
|inactive|bingbong441 has 90 seconds left.
|
|t:|1781011608
|switch|p1a: Dragonite|Dragonite, F|64/100
|-damage|p1a: Dragonite|39/100|[from] Stealth Rock
|move|p2a: Zamazenta|Crunch|p1a: Dragonite
|-damage|p1a: Dragonite|19/100
|
|-heal|p2a: Zamazenta|92/100|[from] item: Leftovers
|upkeep
|turn|40
|inactive|bingbong441 has 90 seconds left.
|
|t:|1781011620
|move|p2a: Zamazenta|Crunch|p1a: Dragonite
|-damage|p1a: Dragonite|0 fnt
|faint|p1a: Dragonite
|
|-heal|p2a: Zamazenta|98/100|[from] item: Leftovers
|upkeep
|inactive|Klopple has 120 seconds left.
|
|t:|1781011646
|switch|p1a: Hatterene|Hatterene, F|32/100 tox
|-damage|p1a: Hatterene|19/100 tox|[from] Stealth Rock
|turn|41
|inactive|Klopple has 120 seconds left.
|j| Fat_Yogi
|inactive|bingbong441 has 90 seconds left.
|
|t:|1781011671
|switch|p2a: Hoopa|Hoopa-Unbound|30/100 par
|-damage|p2a: Hoopa|18/100 par|[from] Stealth Rock
|move|p1a: Hatterene|Pain Split|p2a: Hoopa
|-sethp|p2a: Hoopa|18/100 par|[from] move: Pain Split|[silent]
|-sethp|p1a: Hatterene|20/100 tox|[from] move: Pain Split
|
|-damage|p1a: Hatterene|14/100 tox|[from] psn
|upkeep
|turn|42
|inactive|bingbong441 has 90 seconds left.
|
|t:|1781011683
|move|p1a: Hatterene|Draining Kiss|p2a: Hoopa
|-supereffective|p2a: Hoopa
|-damage|p2a: Hoopa|0 fnt
|-heal|p1a: Hatterene|29/100 tox|[from] drain|[of] p2a: Hoopa
|faint|p2a: Hoopa
|
|-damage|p1a: Hatterene|17/100 tox|[from] psn
|upkeep
|
|t:|1781011699
|switch|p2a: Rillaboom|Rillaboom, M, tera:Grass|67/100
|-damage|p2a: Rillaboom|55/100|[from] Stealth Rock
|-fieldstart|move: Grassy Terrain|[from] ability: Grassy Surge|[of] p2a: Rillaboom
|turn|43
|
|t:|1781011714
|move|p2a: Rillaboom|Wood Hammer|p1a: Hatterene
|-damage|p1a: Hatterene|0 fnt
|faint|p1a: Hatterene
|-damage|p2a: Rillaboom|50/100|[from] Recoil
|
|-heal|p2a: Rillaboom|56/100|[from] Grassy Terrain
|upkeep
|
|t:|1781011722
|switch|p1a: Iron Crown|Iron Crown|70/100
|-damage|p1a: Iron Crown|63/100|[from] Stealth Rock
|turn|44
|inactive|bingbong441 has 90 seconds left.
|
|t:|1781011731
|switch|p2a: Cinderace|Cinderace, F|46/100 par
|move|p1a: Iron Crown|Tachyon Cutter|p2a: Cinderace
|-resisted|p2a: Cinderace
|-damage|p2a: Cinderace|29/100 par
|-resisted|p2a: Cinderace
|-damage|p2a: Cinderace|10/100 par
|-hitcount|p2a: Cinderace|2
|
|-heal|p1a: Iron Crown|70/100|[from] Grassy Terrain
|-heal|p2a: Cinderace|16/100 par|[from] Grassy Terrain
|upkeep
|turn|45
|inactive|Klopple has 120 seconds left.
|inactive|bingbong441 has 90 seconds left.
|
|t:|1781011750
|move|p2a: Cinderace|Sucker Punch|p1a: Iron Crown
|-start|p2a: Cinderace|typechange|Dark|[from] ability: Libero
|-supereffective|p1a: Iron Crown
|-damage|p1a: Iron Crown|2/100
|move|p1a: Iron Crown|Tachyon Cutter|p2a: Cinderace
|-damage|p2a: Cinderace|0 fnt
|faint|p2a: Cinderace
|-hitcount|p2: Cinderace|1
|
|-heal|p1a: Iron Crown|8/100|[from] Grassy Terrain
|upkeep
|inactive|bingbong441 has 90 seconds left.
|l| Shimeon91
|
|t:|1781011768
|switch|p2a: Rillaboom|Rillaboom, M, tera:Grass|56/100
|-damage|p2a: Rillaboom|44/100|[from] Stealth Rock
|turn|46
|inactive|Klopple has 120 seconds left.
|
|t:|1781011794
|move|p2a: Rillaboom|Grassy Glide|p1a: Iron Crown
|-resisted|p1a: Iron Crown
|-damage|p1a: Iron Crown|0 fnt
|faint|p1a: Iron Crown
|-end|p1a: Iron Crown|Quark Drive|[silent]
|
|-heal|p2a: Rillaboom|50/100|[from] Grassy Terrain
|upkeep
|j| iol22
|
|t:|1781011802
|switch|p1a: Zamazenta|Zamazenta|100/100
|-damage|p1a: Zamazenta|94/100|[from] Stealth Rock
|-ability|p1a: Zamazenta|Dauntless Shield|boost
|-boost|p1a: Zamazenta|def|1
|turn|47
|
|t:|1781011821
|switch|p1a: Gliscor|Gliscor, F|42/100 tox
|-damage|p1a: Gliscor|30/100 tox|[from] Stealth Rock
|switch|p2a: Fezandipiti|Fezandipiti, M|63/100
|
|-heal|p2a: Fezandipiti|69/100|[from] Grassy Terrain
|-heal|p1a: Gliscor|42/100 tox|[from] ability: Poison Heal
|-fieldend|move: Grassy Terrain
|upkeep
|turn|48
|
|t:|1781011835
|switch|p2a: Alomomola|Alomomola, F|100/100
|-damage|p2a: Alomomola|88/100|[from] Stealth Rock
|move|p1a: Gliscor|Knock Off|p2a: Alomomola
|-damage|p2a: Alomomola|81/100
|
|-heal|p1a: Gliscor|55/100 tox|[from] ability: Poison Heal
|upkeep
|turn|49
|
|t:|1781011841
|move|p1a: Gliscor|Protect|p1a: Gliscor
|-singleturn|p1a: Gliscor|Protect
|move|p2a: Alomomola|Flip Turn|p1a: Gliscor
|-activate|p1a: Gliscor|move: Protect
|
|-heal|p1a: Gliscor|67/100 tox|[from] ability: Poison Heal
|upkeep
|turn|50
|
|t:|1781011853
|move|p1a: Gliscor|Earthquake|p2a: Alomomola
|-damage|p2a: Alomomola|62/100
|move|p2a: Alomomola|Flip Turn|p1a: Gliscor
|-supereffective|p1a: Gliscor
|-damage|p1a: Gliscor|42/100 tox
|l| iol22
|
|t:|1781011855
|switch|p2a: Zamazenta|Zamazenta|98/100|[from] Flip Turn
|-damage|p2a: Zamazenta|92/100|[from] Stealth Rock
|
|-heal|p2a: Zamazenta|98/100|[from] item: Leftovers
|-heal|p1a: Gliscor|54/100 tox|[from] ability: Poison Heal
|upkeep
|turn|51
|
|t:|1781011871
|switch|p1a: Zamazenta|Zamazenta|94/100
|-damage|p1a: Zamazenta|88/100|[from] Stealth Rock
|move|p2a: Zamazenta|Substitute|p2a: Zamazenta
|-start|p2a: Zamazenta|Substitute
|-damage|p2a: Zamazenta|73/100
|
|-heal|p2a: Zamazenta|79/100|[from] item: Leftovers
|upkeep
|turn|52
|
|t:|1781011881
|-terastallize|p1a: Zamazenta|Fighting
|move|p1a: Zamazenta|Close Combat|p2a: Zamazenta
|-crit|p2a: Zamazenta
|-end|p2a: Zamazenta|Substitute
|-unboost|p1a: Zamazenta|def|1
|-unboost|p1a: Zamazenta|spd|1
|move|p2a: Zamazenta|Iron Defense|p2a: Zamazenta
|-boost|p2a: Zamazenta|def|2
|
|-heal|p2a: Zamazenta|86/100|[from] item: Leftovers
|upkeep
|turn|53
|
|t:|1781011891
|move|p1a: Zamazenta|Close Combat|p2a: Zamazenta
|-damage|p2a: Zamazenta|53/100
|-unboost|p1a: Zamazenta|def|1
|-unboost|p1a: Zamazenta|spd|1
|move|p2a: Zamazenta|Iron Defense|p2a: Zamazenta
|-boost|p2a: Zamazenta|def|2
|
|-heal|p2a: Zamazenta|59/100|[from] item: Leftovers
|upkeep
|turn|54
|
|t:|1781011898
|move|p1a: Zamazenta|Close Combat|p2a: Zamazenta
|-damage|p2a: Zamazenta|39/100
|-unboost|p1a: Zamazenta|def|1
|-unboost|p1a: Zamazenta|spd|1
|move|p2a: Zamazenta|Body Press|p1a: Zamazenta
|-damage|p1a: Zamazenta|0 fnt
|faint|p1a: Zamazenta
|
|-heal|p2a: Zamazenta|45/100|[from] item: Leftovers
|upkeep
|c|☆bingbong441|gg
|
|t:|1781011904
|switch|p1a: Gliscor|Gliscor, F|54/100 tox
|-damage|p1a: Gliscor|42/100 tox|[from] Stealth Rock
|turn|55
|
|t:|1781011908
|move|p2a: Zamazenta|Body Press|p1a: Gliscor
|-resisted|p1a: Gliscor
|-damage|p1a: Gliscor|4/100 tox
|move|p1a: Gliscor|Earthquake|p2a: Zamazenta
|-damage|p2a: Zamazenta|36/100
|
|-heal|p2a: Zamazenta|43/100|[from] item: Leftovers
|-heal|p1a: Gliscor|16/100 tox|[from] ability: Poison Heal
|upkeep
|turn|56
|-message|Klopple forfeited.
|
|win|bingbong441
|raw|Klopple's rating: 1698 &rarr; <strong>1683</strong><br />(-15 for losing)
|raw|bingbong441's rating: 1780 &rarr; <strong>1795</strong><br />(+15 for winning)
|l|☆Klopple
|player|p1|
|l|☆bingbong441
|player|p2|
|l| Fat_Yogi
|j| Shimeon91
|l| kanitanku
|l| Shimeon91
|j| kanitanku
|l| kanitanku
