|j|☆dia-sre
|j|☆wubbybubbyjr
|t:|1781140548
|gametype|singles
|player|p1|dia-sre|169|1691
|player|p2|wubbybubbyjr|preschooler|1708
|gen|9
|tier|[Gen 9] OU
|rated|
|rule|HP Percentage Mod: HP is shown in percentages
|rule|Endless Battle Clause: Forcing endless battles is banned
|rule|Species Clause: Limit one of each Pokémon
|rule|OHKO Clause: OHKO moves are banned
|rule|Evasion Items Clause: Evasion items are banned
|rule|Evasion Moves Clause: Evasion moves are banned
|rule|Evasion Abilities Clause: Evasion abilities are banned
|rule|Sleep Moves Clause: Sleep-inducing moves are banned
|clearpoke
|poke|p1|Gholdengo|
|poke|p1|Rillaboom, M|
|poke|p1|Iron Valiant|
|poke|p1|Weezing-Galar, M|
|poke|p1|Hatterene, F|
|poke|p1|Mamoswine, M|
|poke|p2|Darkrai|
|poke|p2|Deoxys-Speed|
|poke|p2|Gholdengo|
|poke|p2|Great Tusk|
|poke|p2|Ogerpon-Wellspring, F|
|poke|p2|Dragonite, M|
|teampreview
|inactive|Battle timer is ON: inactive players will automatically lose when time's up. (requested by wubbybubbyjr)
|
|t:|1781140570
|teamsize|p1|6
|teamsize|p2|6
|start
|switch|p1a: Mamoswine|Mamoswine, M|100/100
|switch|p2a: Sheister|Darkrai|100/100
|turn|1
|
|t:|1781140575
|move|p2a: Sheister|Dark Pulse|p1a: Mamoswine
|-damage|p1a: Mamoswine|50/100
|cant|p1a: Mamoswine|flinch
|
|upkeep
|turn|2
|
|t:|1781140579
|move|p2a: Sheister|Dark Pulse|p1a: Mamoswine
|-damage|p1a: Mamoswine|1/100
|move|p1a: Mamoswine|Avalanche|p2a: Sheister
|-damage|p2a: Sheister|16/100
|
|upkeep
|turn|3
|
|t:|1781140588
|switch|p2a: Golden Child|Gholdengo|100/100
|move|p1a: Mamoswine|Ice Shard|p2a: Golden Child
|-resisted|p2a: Golden Child
|-damage|p2a: Golden Child|87/100
|
|upkeep
|turn|4
|
|t:|1781140592
|move|p1a: Mamoswine|Ice Shard|p2a: Golden Child
|-resisted|p2a: Golden Child
|-damage|p2a: Golden Child|74/100
|move|p2a: Golden Child|Shadow Ball|p1a: Mamoswine
|-crit|p1a: Mamoswine
|-damage|p1a: Mamoswine|0 fnt
|faint|p1a: Mamoswine
|
|upkeep
|
|t:|1781140605
|switch|p1a: Rillaboom|Rillaboom, M|100/100
|-fieldstart|move: Grassy Terrain|[from] ability: Grassy Surge|[of] p1a: Rillaboom
|turn|5
|
|t:|1781140612
|switch|p2a: Lightning Mcqueen|Deoxys-Speed|100/100
|-ability|p2a: Lightning Mcqueen|Pressure
|move|p1a: Rillaboom|Knock Off|p2a: Lightning Mcqueen
|-supereffective|p2a: Lightning Mcqueen
|-enditem|p2a: Lightning Mcqueen|Focus Sash
|-damage|p2a: Lightning Mcqueen|1/100
|
|-heal|p2a: Lightning Mcqueen|7/100|[from] Grassy Terrain
|upkeep
|turn|6
|
|t:|1781140622
|move|p2a: Lightning Mcqueen|Psycho Boost|p1a: Rillaboom
|-damage|p1a: Rillaboom|25/100
|-unboost|p2a: Lightning Mcqueen|spa|2
|move|p1a: Rillaboom|Knock Off|p2a: Lightning Mcqueen
|-supereffective|p2a: Lightning Mcqueen
|-damage|p2a: Lightning Mcqueen|0 fnt
|faint|p2a: Lightning Mcqueen
|
|-heal|p1a: Rillaboom|31/100|[from] Grassy Terrain
|upkeep
|
|t:|1781140628
|switch|p2a: Golden Child|Gholdengo|74/100
|turn|7
|
|t:|1781140637
|move|p2a: Golden Child|Shadow Ball|p1a: Rillaboom
|-damage|p1a: Rillaboom|0 fnt
|faint|p1a: Rillaboom
|
|-heal|p2a: Golden Child|80/100|[from] Grassy Terrain
|upkeep
|
|t:|1781140639
|switch|p1a: Iron Valiant|Iron Valiant|100/100
|turn|8
|
|t:|1781140655
|switch|p2a: Sheister|Darkrai|16/100
|move|p1a: Iron Valiant|Moonblast|p2a: Sheister
|-supereffective|p2a: Sheister
|-damage|p2a: Sheister|0 fnt
|faint|p2a: Sheister
|
|upkeep
|
|t:|1781140659
|switch|p2a: Golden Child|Gholdengo|80/100
|turn|9
|
|t:|1781140664
|-end|p1a: Iron Valiant|Quark Drive|[silent]
|switch|p1a: Hatterene|Hatterene, F|100/100
|move|p2a: Golden Child|Shadow Ball|p1a: Hatterene
|-supereffective|p1a: Hatterene
|-damage|p1a: Hatterene|6/100
|-unboost|p1a: Hatterene|spd|1
|
|-heal|p2a: Golden Child|86/100|[from] Grassy Terrain
|-heal|p1a: Hatterene|12/100|[from] Grassy Terrain
|-fieldend|move: Grassy Terrain
|upkeep
|turn|10
|-enditem|p1a: Hatterene|Custap Berry|[eat]
|-activate|p1a: Hatterene|item: Custap Berry|[consumed]
|
|t:|1781140668
|move|p1a: Hatterene|Mystical Fire|p2a: Golden Child
|-supereffective|p2a: Golden Child
|-damage|p2a: Golden Child|16/100
|-unboost|p2a: Golden Child|spa|1
|move|p2a: Golden Child|Shadow Ball|p1a: Hatterene
|-supereffective|p1a: Hatterene
|-damage|p1a: Hatterene|0 fnt
|faint|p1a: Hatterene
|
|upkeep
|
|t:|1781140676
|switch|p1a: Iron Valiant|Iron Valiant|100/100
|turn|11
|
|t:|1781140683
|switch|p2a: Capone|Ogerpon-Wellspring, F|100/100
|move|p1a: Iron Valiant|Moonblast|p2a: Capone
|-damage|p2a: Capone|25/100
|-unboost|p2a: Capone|spa|1
|
|upkeep
|turn|12
|
|t:|1781140685
|move|p1a: Iron Valiant|Moonblast|p2a: Capone
|-damage|p2a: Capone|0 fnt
|faint|p2a: Capone
|
|upkeep
|
|t:|1781140687
|switch|p2a: Golden Child|Gholdengo|16/100
|turn|13
|
|t:|1781140692
|-end|p1a: Iron Valiant|Quark Drive|[silent]
|switch|p1a: Gholdengo|Gholdengo|100/100
|-terastallize|p2a: Golden Child|Ghost
|move|p2a: Golden Child|Shadow Ball|p1a: Gholdengo
|-supereffective|p1a: Gholdengo
|-damage|p1a: Gholdengo|0 fnt
|faint|p1a: Gholdengo
|
|upkeep
|
|t:|1781140696
|switch|p1a: Iron Valiant|Iron Valiant|100/100
|turn|14
|
|t:|1781140698
|move|p2a: Golden Child|Shadow Ball|p1a: Iron Valiant
|-damage|p1a: Iron Valiant|7/100
|move|p1a: Iron Valiant|Moonblast|p2a: Golden Child
|-damage|p2a: Golden Child|0 fnt
|faint|p2a: Golden Child
|
|upkeep
|
|t:|1781140702
|switch|p2a: Xonks|Dragonite, M|100/100
|turn|15
|
|t:|1781140708
|move|p1a: Iron Valiant|Moonblast|p2a: Xonks
|-supereffective|p2a: Xonks
|-damage|p2a: Xonks|22/100
|-unboost|p2a: Xonks|spa|1
|move|p2a: Xonks|Earthquake|p1a: Iron Valiant
|-damage|p1a: Iron Valiant|0 fnt
|faint|p1a: Iron Valiant
|-end|p1a: Iron Valiant|Quark Drive|[silent]
|
|upkeep
|
|t:|1781140710
|switch|p1a: Weezing|Weezing-Galar, M|100/100
|turn|16
|
|t:|1781140712
|move|p2a: Xonks|Earthquake|p1a: Weezing
|-immune|p1a: Weezing|[from] ability: Levitate
|move|p1a: Weezing|Strange Steam|p2a: Xonks
|-supereffective|p2a: Xonks
|-damage|p2a: Xonks|0 fnt
|faint|p2a: Xonks
|
|upkeep
|
|t:|1781140717
|switch|p2a: Big Slappa|Great Tusk|100/100
|turn|17
|c|☆wubbybubbyjr|ahh dayummm
|c|☆wubbybubbyjr|i havent seen levitate weezing in a hot minute
|c|☆wubbybubbyjr|gg
|-message|wubbybubbyjr forfeited.
|
|win|dia-sre
|raw|dia-sre's rating: 1691 &rarr; <strong>1712</strong><br />(+21 for winning)
|raw|wubbybubbyjr's rating: 1708 &rarr; <strong>1687</strong><br />(-21 for losing)
|l|☆wubbybubbyjr
|player|p2|
|c|☆dia-sre|ggs yea
|l|☆dia-sre
|player|p1|
