|j|☆LlamaRat
|j|☆18dabloons
|t:|1781199183
|gametype|singles
|player|p1|LlamaRat|169|1672
|player|p2|18dabloons|caitlin|1716
|gen|9
|tier|[Gen 9] OU
|rated|
|rule|HP Percentage Mod: HP is shown in percentages
|rule|Endless Battle Clause: Forcing endless battles is banned
|rule|Species Clause: Limit one of each Pokémon
|rule|OHKO Clause: OHKO moves are banned
|rule|Evasion Items Clause: Evasion items are banned
|rule|Evasion Moves Clause: Evasion moves are banned
|rule|Evasion Abilities Clause: Evasion abilities are banned
|rule|Sleep Moves Clause: Sleep-inducing moves are banned
|clearpoke
|poke|p1|Weavile, M|
|poke|p1|Iron Treads|
|poke|p1|Kommo-o, F|
|poke|p1|Ogerpon-Wellspring, F|
|poke|p1|Kyurem|
|poke|p1|Revavroom, M|
|poke|p2|Ursaluna, F|
|poke|p2|Rillaboom, M|
|poke|p2|Iron Moth|
|poke|p2|Serperior, F|
|poke|p2|Primarina, M|
|poke|p2|Great Tusk|
|teampreview
|inactive|Battle timer is ON: inactive players will automatically lose when time's up. (requested by LlamaRat)
|inactive|LlamaRat has 120 seconds left.
|l|☆18dabloons
|inactive|18dabloons disconnected and has a minute to reconnect!
|player|p2|
|j|☆18dabloons
|inactive|18dabloons reconnected.
|player|p2|18dabloons|caitlin|
|inactive|LlamaRat has 90 seconds left.
|
|t:|1781199305
|teamsize|p1|6
|teamsize|p2|6
|start
|switch|p1a: Iron Treads|Iron Treads|100/100
|switch|p2a: Primarina|Primarina, M|100/100
|-enditem|p1a: Iron Treads|Booster Energy
|-activate|p1a: Iron Treads|ability: Quark Drive|[fromitem]
|-start|p1a: Iron Treads|quarkdrivespe
|turn|1
|
|t:|1781199312
|move|p1a: Iron Treads|Stealth Rock|p2a: Primarina
|-sidestart|p2: 18dabloons|move: Stealth Rock
|move|p2a: Primarina|Surf|p1a: Iron Treads
|-supereffective|p1a: Iron Treads
|-damage|p1a: Iron Treads|0 fnt
|faint|p1a: Iron Treads
|-end|p1a: Iron Treads|Quark Drive|[silent]
|
|upkeep
|inactive|LlamaRat has 120 seconds left.
|
|t:|1781199349
|switch|p1a: Ogerpon|Ogerpon-Wellspring, F|100/100
|turn|2
|
|t:|1781199352
|switch|p2a: Rillaboom|Rillaboom, M|100/100
|-fieldstart|move: Grassy Terrain|[from] ability: Grassy Surge|[of] p2a: Rillaboom
|move|p1a: Ogerpon|Horn Leech|p2a: Rillaboom
|-resisted|p2a: Rillaboom
|-damage|p2a: Rillaboom|73/100
|
|-heal|p2a: Rillaboom|79/100|[from] Grassy Terrain
|upkeep
|turn|3
|
|t:|1781199362
|switch|p1a: Revavroom|Revavroom, M|100/100
|-item|p1a: Revavroom|Air Balloon
|move|p2a: Rillaboom|U-turn|p1a: Revavroom
|-resisted|p1a: Revavroom
|-damage|p1a: Revavroom|93/100
|-enditem|p1a: Revavroom|Air Balloon
|
|t:|1781199373
|switch|p2a: Ursaluna|Ursaluna, F|100/100|[from] U-turn
|-damage|p2a: Ursaluna|94/100|[from] Stealth Rock
|
|-heal|p1a: Revavroom|99/100|[from] Grassy Terrain
|-heal|p2a: Ursaluna|100/100|[from] Grassy Terrain
|-status|p2a: Ursaluna|brn|[from] item: Flame Orb
|upkeep
|turn|4
|
|t:|1781199400
|move|p1a: Revavroom|High Horsepower|p2a: Ursaluna
|-damage|p2a: Ursaluna|74/100 brn
|move|p2a: Ursaluna|Headlong Rush|p1a: Revavroom
|-supereffective|p1a: Revavroom
|-damage|p1a: Revavroom|0 fnt
|-unboost|p2a: Ursaluna|def|1
|-unboost|p2a: Ursaluna|spd|1
|faint|p1a: Revavroom
|
|-heal|p2a: Ursaluna|80/100 brn|[from] Grassy Terrain
|-damage|p2a: Ursaluna|74/100 brn|[from] brn
|upkeep
|
|t:|1781199405
|switch|p1a: Ogerpon|Ogerpon-Wellspring, F|100/100
|turn|5
|
|t:|1781199411
|switch|p2a: Serperior|Serperior, F|100/100
|-damage|p2a: Serperior|88/100|[from] Stealth Rock
|move|p1a: Ogerpon|Ivy Cudgel|p2a: Serperior|[anim] Ivy Cudgel Water
|-resisted|p2a: Serperior
|-damage|p2a: Serperior|54/100
|
|-heal|p2a: Serperior|61/100|[from] Grassy Terrain
|-heal|p2a: Serperior|67/100|[from] item: Leftovers
|upkeep
|turn|6
|
|t:|1781199415
|move|p1a: Ogerpon|Ivy Cudgel|p2a: Serperior|[anim] Ivy Cudgel Water
|-resisted|p2a: Serperior
|-damage|p2a: Serperior|29/100
|move|p2a: Serperior|Glare|p1a: Ogerpon
|-status|p1a: Ogerpon|par
|
|-heal|p2a: Serperior|36/100|[from] Grassy Terrain
|-heal|p2a: Serperior|42/100|[from] item: Leftovers
|-fieldend|move: Grassy Terrain
|upkeep
|turn|7
|
|t:|1781199430
|move|p2a: Serperior|Leaf Storm|p1a: Ogerpon
|-damage|p1a: Ogerpon|37/100 par
|-boost|p2a: Serperior|spa|2
|move|p1a: Ogerpon|Encore|p2a: Serperior
|-start|p2a: Serperior|Encore
|
|-heal|p2a: Serperior|48/100|[from] item: Leftovers
|upkeep
|turn|8
|inactive|LlamaRat has 120 seconds left.
|
|t:|1781199479
|move|p2a: Serperior|Leaf Storm|p1a: Ogerpon
|-damage|p1a: Ogerpon|0 fnt
|-boost|p2a: Serperior|spa|2
|faint|p1a: Ogerpon
|
|-heal|p2a: Serperior|54/100|[from] item: Leftovers
|upkeep
|
|t:|1781199482
|switch|p1a: Weavile|Weavile, M|100/100
|-ability|p1a: Weavile|Pressure
|turn|9
|
|t:|1781199490
|move|p1a: Weavile|Ice Shard|p2a: Serperior
|-supereffective|p2a: Serperior
|-damage|p2a: Serperior|0 fnt
|faint|p2a: Serperior
|-damage|p1a: Weavile|91/100|[from] item: Life Orb
|
|upkeep
|
|t:|1781199503
|switch|p2a: Primarina|Primarina, M|100/100
|-damage|p2a: Primarina|88/100|[from] Stealth Rock
|turn|10
|inactive|LlamaRat has 120 seconds left.
|inactive|LlamaRat has 90 seconds left.
|
|t:|1781199571
|move|p1a: Weavile|Knock Off|p2a: Primarina
|-resisted|p2a: Primarina
|-damage|p2a: Primarina|39/100
|-enditem|p2a: Primarina|Assault Vest|[from] move: Knock Off|[of] p1a: Weavile
|-damage|p1a: Weavile|81/100|[from] item: Life Orb
|move|p2a: Primarina|Moonblast|p1a: Weavile
|-supereffective|p1a: Weavile
|-damage|p1a: Weavile|0 fnt
|faint|p1a: Weavile
|
|upkeep
|
|t:|1781199578
|switch|p1a: Kyurem|Kyurem|100/100
|-ability|p1a: Kyurem|Pressure
|turn|11
|
|t:|1781199605
|move|p1a: Kyurem|Icicle Spear|p2a: Primarina
|-resisted|p2a: Primarina
|-crit|p2a: Primarina
|-damage|p2a: Primarina|26/100
|-resisted|p2a: Primarina
|-damage|p2a: Primarina|17/100
|-resisted|p2a: Primarina
|-damage|p2a: Primarina|8/100
|-resisted|p2a: Primarina
|-damage|p2a: Primarina|0 fnt
|faint|p2a: Primarina
|-hitcount|p2: Primarina|4
|
|upkeep
|inactive|18dabloons has 120 seconds left.
|
|t:|1781199618
|switch|p2a: Ursaluna|Ursaluna, F|74/100 brn
|-damage|p2a: Ursaluna|68/100 brn|[from] Stealth Rock
|turn|12
|inactive|LlamaRat has 60 seconds left.
|
|t:|1781199648
|-terastallize|p2a: Ursaluna|Fairy
|move|p1a: Kyurem|Icicle Spear|p2a: Ursaluna
|-damage|p2a: Ursaluna|58/100 brn
|-damage|p2a: Ursaluna|48/100 brn
|-damage|p2a: Ursaluna|37/100 brn
|-damage|p2a: Ursaluna|28/100 brn
|-damage|p2a: Ursaluna|17/100 brn
|-hitcount|p2a: Ursaluna|5
|move|p2a: Ursaluna|Facade|p1a: Kyurem
|-damage|p1a: Kyurem|0 fnt
|faint|p1a: Kyurem
|
|-damage|p2a: Ursaluna|11/100 brn|[from] brn
|upkeep
|inactive|LlamaRat has 60 seconds left.
|
|t:|1781199659
|switch|p1a: Kommo-o|Kommo-o, F|100/100
|turn|13
|
|t:|1781199662
|move|p1a: Kommo-o|Boomburst|p2a: Ursaluna
|-damage|p2a: Ursaluna|0 fnt
|faint|p2a: Ursaluna
|-enditem|p1a: Kommo-o|Throat Spray
|-boost|p1a: Kommo-o|spa|1|[from] item: Throat Spray
|
|upkeep
|
|t:|1781199677
|switch|p2a: Iron Moth|Iron Moth|100/100
|-damage|p2a: Iron Moth|76/100|[from] Stealth Rock
|turn|14
|inactive|LlamaRat has 60 seconds left.
|j| gen 9 is trash man
|inactive|LlamaRat has 30 seconds left.
|inactive|LlamaRat has 20 seconds left.
|inactive|LlamaRat has 15 seconds left.
|inactive|LlamaRat has 10 seconds left.
|inactive|LlamaRat has 5 seconds left.
|-message|LlamaRat lost due to inactivity.
|
|win|18dabloons
|raw|LlamaRat's rating: 1672 &rarr; <strong>1655</strong><br />(-17 for losing)
|raw|18dabloons's rating: 1716 &rarr; <strong>1733</strong><br />(+17 for winning)
|l|☆18dabloons
|player|p2|
|l|☆LlamaRat
|player|p1|
|l| gen 9 is trash man
