|j|☆bigballs01
|j|☆salazzle stan
|t:|1781553476
|gametype|singles
|player|p1|bigballs01|swimmer-gen4dp|1585
|player|p2|salazzle stan|ninjaboy|1568
|gen|9
|tier|[Gen 9] OU
|rated|
|rule|HP Percentage Mod: HP is shown in percentages
|rule|Endless Battle Clause: Forcing endless battles is banned
|rule|Species Clause: Limit one of each Pokémon
|rule|OHKO Clause: OHKO moves are banned
|rule|Evasion Items Clause: Evasion items are banned
|rule|Evasion Moves Clause: Evasion moves are banned
|rule|Evasion Abilities Clause: Evasion abilities are banned
|rule|Sleep Moves Clause: Sleep-inducing moves are banned
|clearpoke
|poke|p1|Hatterene, F|
|poke|p1|Great Tusk|
|poke|p1|Tornadus-Therian, M|
|poke|p1|Kyurem|
|poke|p1|Slowking-Galar, M|
|poke|p1|Kingambit, M|
|poke|p2|Cinderace, F|
|poke|p2|Samurott-Hisui, F|
|poke|p2|Thundurus, M|
|poke|p2|Mimikyu, F|
|poke|p2|Ninetales-Alola, F|
|poke|p2|Deoxys-Speed|
|teampreview
|inactive|Battle timer is ON: inactive players will automatically lose when time's up. (requested by bigballs01)
|
|t:|1781553493
|teamsize|p1|6
|teamsize|p2|6
|start
|switch|p1a: Kyurem|Kyurem|100/100
|switch|p2a: Samurott|Samurott-Hisui, F|100/100
|-ability|p1a: Kyurem|Pressure
|turn|1
|
|t:|1781553503
|move|p1a: Kyurem|Freeze-Dry|p2a: Samurott
|-supereffective|p2a: Samurott
|-enditem|p2a: Samurott|Focus Sash
|-damage|p2a: Samurott|1/100
|move|p2a: Samurott|Ceaseless Edge|p1a: Kyurem
|-damage|p1a: Kyurem|59/100
|-sidestart|p1: bigballs01|Spikes
|
|upkeep
|turn|2
|
|t:|1781553511
|move|p1a: Kyurem|Freeze-Dry|p2a: Samurott
|-supereffective|p2a: Samurott
|-damage|p2a: Samurott|0 fnt
|faint|p2a: Samurott
|
|upkeep
|
|t:|1781553517
|switch|p2a: Cinderace|Cinderace, F|100/100
|turn|3
|
|t:|1781553542
|switch|p1a: Great Tusk|Great Tusk|100/100
|-damage|p1a: Great Tusk|88/100|[from] Spikes
|move|p2a: Cinderace|Swords Dance|p2a: Cinderace
|-start|p2a: Cinderace|typechange|Normal|[from] ability: Libero
|-boost|p2a: Cinderace|atk|2
|
|upkeep
|turn|4
|j| KenlyKajiro
|l| KenlyKajiro
|inactive|bigballs01 has 120 seconds left.
|
|t:|1781553574
|-end|p1a: Great Tusk|Protosynthesis|[silent]
|switch|p1a: Hatterene|Hatterene, F|100/100
|-damage|p1a: Hatterene|88/100|[from] Spikes
|move|p2a: Cinderace|Double-Edge|p1a: Hatterene
|-enditem|p2a: Cinderace|Normal Gem|[from] gem
|-damage|p1a: Hatterene|0 fnt
|-damage|p2a: Cinderace|84/100|[from] item: Rocky Helmet|[of] p1a: Hatterene
|faint|p1a: Hatterene
|-damage|p2a: Cinderace|53/100|[from] Recoil
|
|upkeep
|
|t:|1781553583
|switch|p1a: Tornadus|Tornadus-Therian, M|100/100
|turn|5
|
|t:|1781553594
|move|p1a: Tornadus|U-turn|p2a: Cinderace
|-damage|p2a: Cinderace|31/100
|
|t:|1781553597
|switch|p1a: Great Tusk|Great Tusk|88/100|[from] U-turn
|-damage|p1a: Great Tusk|76/100|[from] Spikes
|move|p2a: Cinderace|Acrobatics|p1a: Great Tusk
|-supereffective|p1a: Great Tusk
|-damage|p1a: Great Tusk|0 fnt
|-damage|p2a: Cinderace|14/100|[from] item: Rocky Helmet|[of] p1a: Great Tusk
|faint|p1a: Great Tusk
|-end|p1a: Great Tusk|Protosynthesis|[silent]
|
|upkeep
|
|t:|1781553601
|switch|p1a: Tornadus|Tornadus-Therian, M|100/100
|turn|6
|
|t:|1781553608
|move|p1a: Tornadus|U-turn|p2a: Cinderace
|-damage|p2a: Cinderace|0 fnt
|faint|p2a: Cinderace
|
|t:|1781553615
|switch|p1a: Kingambit|Kingambit, M|100/100|[from] U-turn
|-damage|p1a: Kingambit|88/100|[from] Spikes
|-activate|p1a: Kingambit|ability: Supreme Overlord
|-start|p1a: Kingambit|fallen2|[silent]
|
|-heal|p1a: Kingambit|94/100|[from] item: Leftovers
|upkeep
|
|t:|1781553622
|switch|p2a: Thundurus|Thundurus, M|100/100
|turn|7
|
|t:|1781553630
|-end|p1a: Kingambit|fallen2|[silent]
|switch|p1a: Tornadus|Tornadus-Therian, M|100/100
|move|p2a: Thundurus|Thunderbolt|p1a: Tornadus
|-supereffective|p1a: Tornadus
|-crit|p1a: Tornadus
|-damage|p1a: Tornadus|11/100
|
|upkeep
|turn|8
|
|t:|1781553636
|move|p2a: Thundurus|Thunder Wave|p1a: Tornadus
|-status|p1a: Tornadus|par
|move|p1a: Tornadus|Knock Off|p2a: Thundurus
|-damage|p2a: Thundurus|70/100
|-damage|p1a: Tornadus|0 fnt|[from] item: Rocky Helmet|[of] p2a: Thundurus
|faint|p1a: Tornadus
|
|upkeep
|
|t:|1781553648
|switch|p1a: Kyurem|Kyurem|59/100
|-damage|p1a: Kyurem|47/100|[from] Spikes
|-ability|p1a: Kyurem|Pressure
|turn|9
|
|t:|1781553653
|move|p2a: Thundurus|Thunder Wave|p1a: Kyurem
|-status|p1a: Kyurem|par
|move|p1a: Kyurem|Ice Beam|p2a: Thundurus
|-supereffective|p2a: Thundurus
|-damage|p2a: Thundurus|0 fnt
|faint|p2a: Thundurus
|
|upkeep
|
|t:|1781553659
|switch|p2a: Ninetales|Ninetales-Alola, F|100/100
|-weather|Snowscape|[from] ability: Snow Warning|[of] p2a: Ninetales
|turn|10
|
|t:|1781553665
|switch|p1a: Slowking|Slowking-Galar, M|100/100
|-damage|p1a: Slowking|88/100|[from] Spikes
|move|p2a: Ninetales|Moonblast|p1a: Slowking
|-resisted|p1a: Slowking
|-damage|p1a: Slowking|76/100
|
|-weather|Snowscape|[upkeep]
|-heal|p1a: Slowking|82/100|[from] item: Black Sludge
|upkeep
|turn|11
|
|t:|1781553682
|move|p2a: Ninetales|Aurora Veil|p2a: Ninetales
|-sidestart|p2: salazzle stan|move: Aurora Veil
|move|p1a: Slowking|Future Sight|p2a: Ninetales
|-start|p1a: Slowking|move: Future Sight
|
|-weather|Snowscape|[upkeep]
|-heal|p1a: Slowking|88/100|[from] item: Black Sludge
|upkeep
|turn|12
|
|t:|1781553686
|move|p2a: Ninetales|Encore|p1a: Slowking
|-start|p1a: Slowking|Encore
|move|p1a: Slowking|Future Sight||[still]
|-fail|p1a: Slowking
|
|-weather|Snowscape|[upkeep]
|-heal|p1a: Slowking|94/100|[from] item: Black Sludge
|upkeep
|turn|13
|
|t:|1781553692
|switch|p2a: Deoxys|Deoxys-Speed|100/100
|-ability|p2a: Deoxys|Pressure
|switch|p1a: Kyurem|Kyurem|47/100 par
|-damage|p1a: Kyurem|35/100 par|[from] Spikes
|-ability|p1a: Kyurem|Pressure
|
|-weather|Snowscape|[upkeep]
|-end|p2a: Deoxys|move: Future Sight
|-resisted|p2a: Deoxys
|-damage|p2a: Deoxys|86/100
|upkeep
|turn|14
|
|t:|1781553703
|move|p2a: Deoxys|Cosmic Power|p2a: Deoxys
|-boost|p2a: Deoxys|def|1
|-boost|p2a: Deoxys|spd|1
|move|p1a: Kyurem|Ice Beam|p2a: Deoxys
|-damage|p2a: Deoxys|59/100
|
|-weather|none
|upkeep
|turn|15
|
|t:|1781553710
|move|p2a: Deoxys|Cosmic Power|p2a: Deoxys
|-boost|p2a: Deoxys|def|1
|-boost|p2a: Deoxys|spd|1
|cant|p1a: Kyurem|par
|
|upkeep
|turn|16
|
|t:|1781553715
|move|p2a: Deoxys|Recover|p2a: Deoxys
|-heal|p2a: Deoxys|100/100
|move|p1a: Kyurem|Ice Beam|p2a: Deoxys
|-damage|p2a: Deoxys|80/100
|
|upkeep
|turn|17
|
|t:|1781553720
|move|p2a: Deoxys|Cosmic Power|p2a: Deoxys
|-boost|p2a: Deoxys|def|1
|-boost|p2a: Deoxys|spd|1
|cant|p1a: Kyurem|par
|
|upkeep
|turn|18
|
|t:|1781553725
|switch|p1a: Kingambit|Kingambit, M|94/100
|-damage|p1a: Kingambit|82/100|[from] Spikes
|-activate|p1a: Kingambit|ability: Supreme Overlord
|-start|p1a: Kingambit|fallen3|[silent]
|move|p2a: Deoxys|Cosmic Power|p2a: Deoxys
|-boost|p2a: Deoxys|def|1
|-boost|p2a: Deoxys|spd|1
|
|-heal|p1a: Kingambit|88/100|[from] item: Leftovers
|-sideend|p2: salazzle stan|move: Aurora Veil
|upkeep
|turn|19
|
|t:|1781553735
|move|p2a: Deoxys|Taunt|p1a: Kingambit
|-start|p1a: Kingambit|move: Taunt
|move|p1a: Kingambit|Kowtow Cleave|p2a: Deoxys
|-supereffective|p2a: Deoxys
|-damage|p2a: Deoxys|39/100
|-enditem|p2a: Deoxys|Weakness Policy
|-boost|p2a: Deoxys|atk|2|[from] item: Weakness Policy
|-boost|p2a: Deoxys|spa|2|[from] item: Weakness Policy
|
|-heal|p1a: Kingambit|94/100|[from] item: Leftovers
|upkeep
|turn|20
|
|t:|1781553744
|move|p2a: Deoxys|Recover|p2a: Deoxys
|-heal|p2a: Deoxys|90/100
|move|p1a: Kingambit|Kowtow Cleave|p2a: Deoxys
|-supereffective|p2a: Deoxys
|-damage|p2a: Deoxys|45/100
|
|-heal|p1a: Kingambit|100/100|[from] item: Leftovers
|upkeep
|turn|21
|
|t:|1781553760
|-end|p1a: Kingambit|fallen3|[silent]
|switch|p1a: Kyurem|Kyurem|35/100 par
|-damage|p1a: Kyurem|22/100 par|[from] Spikes
|-ability|p1a: Kyurem|Pressure
|move|p2a: Deoxys|Cosmic Power|p2a: Deoxys
|-boost|p2a: Deoxys|def|1
|-boost|p2a: Deoxys|spd|1
|
|upkeep
|turn|22
|
|t:|1781553768
|move|p2a: Deoxys|Stored Power|p1a: Kyurem
|-damage|p1a: Kyurem|0 fnt
|faint|p1a: Kyurem
|
|upkeep
|
|t:|1781553771
|switch|p1a: Kingambit|Kingambit, M|100/100
|-damage|p1a: Kingambit|88/100|[from] Spikes
|-activate|p1a: Kingambit|ability: Supreme Overlord
|-start|p1a: Kingambit|fallen4|[silent]
|turn|23
|
|t:|1781553777
|move|p2a: Deoxys|Recover|p2a: Deoxys
|-heal|p2a: Deoxys|96/100
|move|p1a: Kingambit|Kowtow Cleave|p2a: Deoxys
|-supereffective|p2a: Deoxys
|-damage|p2a: Deoxys|56/100
|
|-heal|p1a: Kingambit|94/100|[from] item: Leftovers
|upkeep
|turn|24
|
|t:|1781553784
|move|p2a: Deoxys|Taunt|p1a: Kingambit
|-start|p1a: Kingambit|move: Taunt
|cant|p1a: Kingambit|move: Taunt|Swords Dance
|
|-heal|p1a: Kingambit|100/100|[from] item: Leftovers
|upkeep
|turn|25
|
|t:|1781553789
|move|p2a: Deoxys|Cosmic Power|p2a: Deoxys
|-boost|p2a: Deoxys|def|1
|-boost|p2a: Deoxys|spd|1
|move|p1a: Kingambit|Iron Head|p2a: Deoxys
|-damage|p2a: Deoxys|41/100
|
|upkeep
|turn|26
|
|t:|1781553795
|move|p2a: Deoxys|Recover|p2a: Deoxys
|-heal|p2a: Deoxys|91/100
|move|p1a: Kingambit|Iron Head|p2a: Deoxys
|-damage|p2a: Deoxys|74/100
|
|-end|p1a: Kingambit|move: Taunt
|upkeep
|turn|27
|
|t:|1781553802
|move|p2a: Deoxys|Taunt|p1a: Kingambit
|-start|p1a: Kingambit|move: Taunt
|cant|p1a: Kingambit|move: Taunt|Swords Dance
|
|upkeep
|turn|28
|
|t:|1781553807
|move|p2a: Deoxys|Cosmic Power|p2a: Deoxys
|-boost|p2a: Deoxys|def|0
|-boost|p2a: Deoxys|spd|0
|move|p1a: Kingambit|Iron Head|p2a: Deoxys
|-damage|p2a: Deoxys|58/100
|
|upkeep
|turn|29
|
|t:|1781553813
|-end|p1a: Kingambit|fallen4|[silent]
|switch|p1a: Slowking|Slowking-Galar, M|100/100
|-damage|p1a: Slowking|88/100|[from] Spikes
|move|p2a: Deoxys|Recover|p2a: Deoxys
|-heal|p2a: Deoxys|100/100
|
|-heal|p1a: Slowking|94/100|[from] item: Black Sludge
|upkeep
|turn|30
|
|t:|1781553820
|switch|p1a: Kingambit|Kingambit, M|100/100
|-damage|p1a: Kingambit|88/100|[from] Spikes
|-activate|p1a: Kingambit|ability: Supreme Overlord
|-start|p1a: Kingambit|fallen4|[silent]
|move|p2a: Deoxys|Stored Power|p1a: Kingambit
|-immune|p1a: Kingambit
|
|-heal|p1a: Kingambit|94/100|[from] item: Leftovers
|upkeep
|turn|31
|
|t:|1781553829
|move|p2a: Deoxys|Taunt|p1a: Kingambit
|-start|p1a: Kingambit|move: Taunt
|move|p1a: Kingambit|Kowtow Cleave|p2a: Deoxys
|-supereffective|p2a: Deoxys
|-damage|p2a: Deoxys|65/100
|
|-heal|p1a: Kingambit|100/100|[from] item: Leftovers
|upkeep
|turn|32
|
|t:|1781553836
|move|p2a: Deoxys|Cosmic Power|p2a: Deoxys
|-boost|p2a: Deoxys|def|0
|-boost|p2a: Deoxys|spd|0
|move|p1a: Kingambit|Iron Head|p2a: Deoxys
|-damage|p2a: Deoxys|50/100
|
|upkeep
|turn|33
|
|t:|1781553842
|move|p2a: Deoxys|Recover|p2a: Deoxys
|-heal|p2a: Deoxys|99/100
|move|p1a: Kingambit|Kowtow Cleave|p2a: Deoxys
|-supereffective|p2a: Deoxys
|-damage|p2a: Deoxys|68/100
|
|-end|p1a: Kingambit|move: Taunt
|upkeep
|turn|34
|
|t:|1781553850
|move|p2a: Deoxys|Taunt|p1a: Kingambit
|-start|p1a: Kingambit|move: Taunt
|cant|p1a: Kingambit|move: Taunt|Swords Dance
|
|upkeep
|turn|35
|
|t:|1781553856
|-end|p1a: Kingambit|fallen4|[silent]
|switch|p1a: Slowking|Slowking-Galar, M|100/100
|-damage|p1a: Slowking|88/100|[from] Spikes
|move|p2a: Deoxys|Cosmic Power|p2a: Deoxys
|-boost|p2a: Deoxys|def|0
|-boost|p2a: Deoxys|spd|0
|
|-heal|p1a: Slowking|94/100|[from] item: Black Sludge
|upkeep
|turn|36
|
|t:|1781553863
|switch|p1a: Kingambit|Kingambit, M|100/100
|-damage|p1a: Kingambit|88/100|[from] Spikes
|-activate|p1a: Kingambit|ability: Supreme Overlord
|-start|p1a: Kingambit|fallen4|[silent]
|move|p2a: Deoxys|Stored Power|p1a: Kingambit
|-immune|p1a: Kingambit
|
|-heal|p1a: Kingambit|94/100|[from] item: Leftovers
|upkeep
|turn|37
|
|t:|1781553873
|-end|p1a: Kingambit|fallen4|[silent]
|switch|p1a: Slowking|Slowking-Galar, M|100/100
|-damage|p1a: Slowking|88/100|[from] Spikes
|move|p2a: Deoxys|Taunt|p1a: Slowking
|-start|p1a: Slowking|move: Taunt
|
|-heal|p1a: Slowking|94/100|[from] item: Black Sludge
|upkeep
|turn|38
|
|t:|1781553880
|switch|p1a: Kingambit|Kingambit, M|94/100
|-damage|p1a: Kingambit|82/100|[from] Spikes
|-activate|p1a: Kingambit|ability: Supreme Overlord
|-start|p1a: Kingambit|fallen4|[silent]
|move|p2a: Deoxys|Stored Power|p1a: Kingambit
|-immune|p1a: Kingambit
|
|-heal|p1a: Kingambit|88/100|[from] item: Leftovers
|upkeep
|turn|39
|
|t:|1781553890
|move|p2a: Deoxys|Taunt|p1a: Kingambit
|-start|p1a: Kingambit|move: Taunt
|move|p1a: Kingambit|Iron Head|p2a: Deoxys
|-damage|p2a: Deoxys|53/100
|
|-heal|p1a: Kingambit|94/100|[from] item: Leftovers
|upkeep
|turn|40
|
|t:|1781553896
|move|p2a: Deoxys|Recover|p2a: Deoxys
|-heal|p2a: Deoxys|100/100
|move|p1a: Kingambit|Iron Head|p2a: Deoxys
|-damage|p2a: Deoxys|84/100
|
|-heal|p1a: Kingambit|100/100|[from] item: Leftovers
|upkeep
|turn|41
|
|t:|1781553904
|move|p2a: Deoxys|Cosmic Power|p2a: Deoxys
|-boost|p2a: Deoxys|def|0
|-boost|p2a: Deoxys|spd|0
|move|p1a: Kingambit|Iron Head|p2a: Deoxys
|-damage|p2a: Deoxys|69/100
|
|-end|p1a: Kingambit|move: Taunt
|upkeep
|turn|42
|
|t:|1781553911
|-end|p1a: Kingambit|fallen4|[silent]
|switch|p1a: Slowking|Slowking-Galar, M|100/100
|-damage|p1a: Slowking|88/100|[from] Spikes
|move|p2a: Deoxys|Taunt|p1a: Slowking
|-start|p1a: Slowking|move: Taunt
|
|-heal|p1a: Slowking|94/100|[from] item: Black Sludge
|upkeep
|turn|43
|
|t:|1781553918
|switch|p1a: Kingambit|Kingambit, M|100/100
|-damage|p1a: Kingambit|88/100|[from] Spikes
|-activate|p1a: Kingambit|ability: Supreme Overlord
|-start|p1a: Kingambit|fallen4|[silent]
|move|p2a: Deoxys|Stored Power|p1a: Kingambit
|-immune|p1a: Kingambit
|
|-heal|p1a: Kingambit|94/100|[from] item: Leftovers
|upkeep
|turn|44
|
|t:|1781553928
|move|p2a: Deoxys|Taunt|p1a: Kingambit
|-start|p1a: Kingambit|move: Taunt
|move|p1a: Kingambit|Kowtow Cleave|p2a: Deoxys
|-supereffective|p2a: Deoxys
|-damage|p2a: Deoxys|33/100
|
|-heal|p1a: Kingambit|100/100|[from] item: Leftovers
|upkeep
|turn|45
|
|t:|1781553936
|-end|p1a: Kingambit|fallen4|[silent]
|switch|p1a: Slowking|Slowking-Galar, M|100/100
|-damage|p1a: Slowking|88/100|[from] Spikes
|move|p2a: Deoxys|Recover|p2a: Deoxys
|-heal|p2a: Deoxys|83/100
|
|-heal|p1a: Slowking|94/100|[from] item: Black Sludge
|upkeep
|turn|46
|
|t:|1781553943
|switch|p1a: Kingambit|Kingambit, M|100/100
|-damage|p1a: Kingambit|88/100|[from] Spikes
|-activate|p1a: Kingambit|ability: Supreme Overlord
|-start|p1a: Kingambit|fallen4|[silent]
|move|p2a: Deoxys|Stored Power|p1a: Kingambit
|-immune|p1a: Kingambit
|
|-heal|p1a: Kingambit|94/100|[from] item: Leftovers
|upkeep
|turn|47
|
|t:|1781553957
|move|p2a: Deoxys|Taunt|p1a: Kingambit
|-start|p1a: Kingambit|move: Taunt
|move|p1a: Kingambit|Kowtow Cleave|p2a: Deoxys
|-supereffective|p2a: Deoxys
|-damage|p2a: Deoxys|50/100
|
|-heal|p1a: Kingambit|100/100|[from] item: Leftovers
|upkeep
|turn|48
|
|t:|1781553966
|move|p2a: Deoxys|Stored Power|p1a: Kingambit
|-immune|p1a: Kingambit
|move|p1a: Kingambit|Kowtow Cleave|p2a: Deoxys
|-supereffective|p2a: Deoxys
|-damage|p2a: Deoxys|14/100
|
|upkeep
|turn|49
|
|t:|1781553975
|move|p2a: Deoxys|Stored Power|p1a: Kingambit
|-immune|p1a: Kingambit
|move|p1a: Kingambit|Iron Head|p2a: Deoxys
|-damage|p2a: Deoxys|0 fnt
|faint|p2a: Deoxys
|
|-end|p1a: Kingambit|move: Taunt
|upkeep
|
|t:|1781553982
|switch|p2a: Ninetales|Ninetales-Alola, F|100/100
|-weather|Snowscape|[from] ability: Snow Warning|[of] p2a: Ninetales
|turn|50
|
|t:|1781553989
|move|p2a: Ninetales|Aurora Veil|p2a: Ninetales
|-sidestart|p2: salazzle stan|move: Aurora Veil
|move|p1a: Kingambit|Iron Head|p2a: Ninetales
|-supereffective|p2a: Ninetales
|-damage|p2a: Ninetales|0 fnt
|faint|p2a: Ninetales
|
|-weather|Snowscape|[upkeep]
|upkeep
|
|t:|1781553995
|switch|p2a: Mimikyu|Mimikyu, F|100/100
|turn|51
|
|t:|1781553999
|move|p2a: Mimikyu|Drain Punch|p1a: Kingambit
|-supereffective|p1a: Kingambit
|-damage|p1a: Kingambit|40/100
|move|p1a: Kingambit|Iron Head|p2a: Mimikyu
|-activate|p2a: Mimikyu|ability: Disguise
|-damage|p2a: Mimikyu|100/100
|detailschange|p2a: Mimikyu|Mimikyu-Busted, F
|-damage|p2a: Mimikyu|88/100|[from] pokemon: Mimikyu-Busted
|-enditem|p2a: Mimikyu|Red Card|[of] p1a: Kingambit
|-end|p1a: Kingambit|fallen4|[silent]
|drag|p1a: Slowking|Slowking-Galar, M|100/100
|-damage|p1a: Slowking|88/100|[from] Spikes
|
|-weather|Snowscape|[upkeep]
|-heal|p1a: Slowking|94/100|[from] item: Black Sludge
|upkeep
|turn|52
|
|t:|1781554020
|move|p2a: Mimikyu|Swords Dance|p2a: Mimikyu
|-boost|p2a: Mimikyu|atk|2
|move|p1a: Slowking|Trick|p2a: Mimikyu
|-activate|p1a: Slowking|move: Trick|[of] p2a: Mimikyu
|-item|p2a: Mimikyu|Black Sludge|[from] move: Trick
|-enditem|p1a: Slowking|Black Sludge|[silent]|[from] move: Trick
|
|-weather|Snowscape|[upkeep]
|-damage|p2a: Mimikyu|76/100|[from] item: Black Sludge
|upkeep
|turn|53
|
|t:|1781554028
|move|p2a: Mimikyu|Shadow Claw|p1a: Slowking
|-supereffective|p1a: Slowking
|-damage|p1a: Slowking|13/100
|move|p1a: Slowking|Sludge Bomb|p2a: Mimikyu
|-damage|p2a: Mimikyu|53/100
|-status|p2a: Mimikyu|psn
|
|-weather|Snowscape|[upkeep]
|-damage|p2a: Mimikyu|40/100 psn|[from] item: Black Sludge
|-damage|p2a: Mimikyu|28/100 psn|[from] psn
|upkeep
|turn|54
|
|t:|1781554037
|move|p2a: Mimikyu|Drain Punch|p1a: Slowking
|-resisted|p1a: Slowking
|-damage|p1a: Slowking|6/100
|-heal|p2a: Mimikyu|34/100 psn|[from] drain|[of] p1a: Slowking
|-prepare|p1a: Slowking|Chilly Reception|[premajor]
|move|p1a: Slowking|Chilly Reception|p1a: Slowking
|-message|salazzle stan forfeited.
|
|win|bigballs01
|raw|bigballs01's rating: 1585 &rarr; <strong>1604</strong><br />(+19 for winning)
|raw|salazzle stan's rating: 1568 &rarr; <strong>1549</strong><br />(-19 for losing)
|l|☆salazzle stan
|player|p2|
|c|☆bigballs01|bot
|l|☆bigballs01
|player|p1|
