|j|☆waybuloo
|j|☆ChillLanturnYT
|t:|1781170795
|gametype|singles
|player|p1|waybuloo|erika-gen1rb|1542
|player|p2|ChillLanturnYT|palmer|1529
|gen|9
|tier|[Gen 9] OU
|rated|
|rule|HP Percentage Mod: HP is shown in percentages
|rule|Endless Battle Clause: Forcing endless battles is banned
|rule|Species Clause: Limit one of each Pokémon
|rule|OHKO Clause: OHKO moves are banned
|rule|Evasion Items Clause: Evasion items are banned
|rule|Evasion Moves Clause: Evasion moves are banned
|rule|Evasion Abilities Clause: Evasion abilities are banned
|rule|Sleep Moves Clause: Sleep-inducing moves are banned
|clearpoke
|poke|p1|Tyranitar, M|
|poke|p1|Excadrill, F|
|poke|p1|Iron Valiant|
|poke|p1|Moltres|
|poke|p1|Chesnaught, M|
|poke|p1|Kingambit, M|
|poke|p2|Magnezone|
|poke|p2|Rillaboom, M|
|poke|p2|Primarina, F|
|poke|p2|Bronzong|
|poke|p2|Hoopa-Unbound|
|poke|p2|Great Tusk|
|teampreview
|inactive|Battle timer is ON: inactive players will automatically lose when time's up. (requested by ChillLanturnYT)
|j| Mega Delibird X
|
|t:|1781170804
|teamsize|p1|6
|teamsize|p2|6
|start
|switch|p1a: Moltres|Moltres|100/100
|switch|p2a: Hoopa|Hoopa-Unbound|100/100
|turn|1
|
|t:|1781170807
|move|p2a: Hoopa|Hyperspace Fury|p1a: Moltres
|-damage|p1a: Moltres|17/100
|-unboost|p2a: Hoopa|def|1
|move|p1a: Moltres|U-turn|p2a: Hoopa
|-supereffective|p2a: Hoopa
|-damage|p2a: Hoopa|0 fnt
|faint|p2a: Hoopa
|
|t:|1781170816
|switch|p1a: Chesnaught|Chesnaught, M|100/100|[from] U-turn
|
|upkeep
|
|t:|1781170822
|switch|p2a: Bronzong|Bronzong|100/100
|turn|2
|
|t:|1781170828
|switch|p1a: Moltres|Moltres|17/100
|move|p2a: Bronzong|Psychic Noise|p1a: Moltres
|-damage|p1a: Moltres|2/100
|-start|p1a: Moltres|move: Heal Block
|
|upkeep
|turn|3
|
|t:|1781170839
|move|p1a: Moltres|U-turn|p2a: Bronzong
|-damage|p2a: Bronzong|88/100
|
|t:|1781170856
|switch|p1a: Tyranitar|Tyranitar, M|100/100|[from] U-turn
|-weather|Sandstorm|[from] ability: Sand Stream|[of] p1a: Tyranitar
|move|p2a: Bronzong|Iron Head|p1a: Tyranitar
|-supereffective|p1a: Tyranitar
|-damage|p1a: Tyranitar|52/100
|
|-weather|Sandstorm|[upkeep]
|-heal|p2a: Bronzong|95/100|[from] item: Leftovers
|upkeep
|turn|4
|
|t:|1781170864
|move|p1a: Tyranitar|Stealth Rock|p2a: Bronzong
|-sidestart|p2: ChillLanturnYT|move: Stealth Rock
|move|p2a: Bronzong|Body Press|p1a: Tyranitar
|-supereffective|p1a: Tyranitar
|-damage|p1a: Tyranitar|0 fnt
|faint|p1a: Tyranitar
|
|-weather|Sandstorm|[upkeep]
|-heal|p2a: Bronzong|100/100|[from] item: Leftovers
|upkeep
|
|t:|1781170873
|switch|p1a: Moltres|Moltres|2/100
|turn|5
|
|t:|1781170878
|move|p1a: Moltres|Flamethrower|p2a: Bronzong
|-supereffective|p2a: Bronzong
|-damage|p2a: Bronzong|51/100
|move|p2a: Bronzong|Stealth Rock|p1a: Moltres
|-sidestart|p1: waybuloo|move: Stealth Rock
|
|-weather|Sandstorm|[upkeep]
|-damage|p1a: Moltres|0 fnt|[from] Sandstorm
|faint|p1a: Moltres
|-heal|p2a: Bronzong|57/100|[from] item: Leftovers
|upkeep
|
|t:|1781170884
|switch|p1a: Kingambit|Kingambit, M|100/100
|-damage|p1a: Kingambit|94/100|[from] Stealth Rock
|-activate|p1a: Kingambit|ability: Supreme Overlord
|-start|p1a: Kingambit|fallen2|[silent]
|turn|6
|
|t:|1781170888
|switch|p2a: Great Tusk|Great Tusk|100/100
|move|p1a: Kingambit|Kowtow Cleave|p2a: Great Tusk
|-resisted|p2a: Great Tusk
|-damage|p2a: Great Tusk|78/100
|
|-weather|Sandstorm|[upkeep]
|-heal|p1a: Kingambit|100/100|[from] item: Leftovers
|upkeep
|turn|7
|
|t:|1781170893
|-end|p1a: Kingambit|fallen2|[silent]
|switch|p1a: Chesnaught|Chesnaught, M|100/100
|-damage|p1a: Chesnaught|94/100|[from] Stealth Rock
|move|p2a: Great Tusk|Rapid Spin|p1a: Chesnaught
|-damage|p1a: Chesnaught|84/100
|-boost|p2a: Great Tusk|spe|1
|-damage|p2a: Great Tusk|62/100|[from] item: Rocky Helmet|[of] p1a: Chesnaught
|-sideend|p2: ChillLanturnYT|Stealth Rock|[from] move: Rapid Spin|[of] p2a: Great Tusk
|
|-weather|Sandstorm|[upkeep]
|-damage|p1a: Chesnaught|78/100|[from] Sandstorm
|upkeep
|turn|8
|
|t:|1781170897
|move|p2a: Great Tusk|Ice Spinner|p1a: Chesnaught
|-supereffective|p1a: Chesnaught
|-crit|p1a: Chesnaught
|-damage|p1a: Chesnaught|34/100
|-damage|p2a: Great Tusk|45/100|[from] item: Rocky Helmet|[of] p1a: Chesnaught
|move|p1a: Chesnaught|Iron Defense|p1a: Chesnaught
|-boost|p1a: Chesnaught|def|2
|
|-weather|Sandstorm|[upkeep]
|-damage|p1a: Chesnaught|28/100|[from] Sandstorm
|upkeep
|turn|9
|
|t:|1781170902
|-end|p2a: Great Tusk|Protosynthesis|[silent]
|switch|p2a: Bronzong|Bronzong|57/100
|move|p1a: Chesnaught|Synthesis|p1a: Chesnaught
|-heal|p1a: Chesnaught|53/100
|
|-weather|Sandstorm|[upkeep]
|-damage|p1a: Chesnaught|47/100|[from] Sandstorm
|-heal|p2a: Bronzong|63/100|[from] item: Leftovers
|upkeep
|turn|10
|
|t:|1781170904
|move|p1a: Chesnaught|Knock Off|p2a: Bronzong
|-supereffective|p2a: Bronzong
|-damage|p2a: Bronzong|22/100
|-enditem|p2a: Bronzong|Leftovers|[from] move: Knock Off|[of] p1a: Chesnaught
|move|p2a: Bronzong|Psychic Noise|p1a: Chesnaught
|-supereffective|p1a: Chesnaught
|-damage|p1a: Chesnaught|0 fnt
|faint|p1a: Chesnaught
|
|-weather|none
|upkeep
|
|t:|1781170908
|switch|p1a: Iron Valiant|Iron Valiant|100/100
|-damage|p1a: Iron Valiant|94/100|[from] Stealth Rock
|turn|11
|
|t:|1781170919
|-terastallize|p1a: Iron Valiant|Fairy
|move|p1a: Iron Valiant|Moonblast|p2a: Bronzong
|-resisted|p2a: Bronzong
|-damage|p2a: Bronzong|0 fnt
|faint|p2a: Bronzong
|
|upkeep
|
|t:|1781170925
|switch|p2a: Magnezone|Magnezone|100/100
|turn|12
|
|t:|1781170934
|-end|p1a: Iron Valiant|Quark Drive|[silent]
|switch|p1a: Excadrill|Excadrill, F|100/100
|-damage|p1a: Excadrill|97/100|[from] Stealth Rock
|-item|p1a: Excadrill|Air Balloon
|switch|p2a: Rillaboom|Rillaboom, M|100/100
|-fieldstart|move: Grassy Terrain|[from] ability: Grassy Surge|[of] p2a: Rillaboom
|
|upkeep
|turn|13
|
|t:|1781170943
|move|p2a: Rillaboom|Wood Hammer|p1a: Excadrill
|-damage|p1a: Excadrill|0 fnt
|-enditem|p1a: Excadrill|Air Balloon
|faint|p1a: Excadrill
|-damage|p2a: Rillaboom|66/100|[from] Recoil
|
|-heal|p2a: Rillaboom|73/100|[from] Grassy Terrain
|upkeep
|
|t:|1781170949
|switch|p1a: Iron Valiant|Iron Valiant, tera:Fairy|94/100
|-damage|p1a: Iron Valiant|82/100|[from] Stealth Rock
|turn|14
|
|t:|1781170951
|move|p1a: Iron Valiant|Moonblast|p2a: Rillaboom
|-damage|p2a: Rillaboom|0 fnt
|faint|p2a: Rillaboom
|
|-heal|p1a: Iron Valiant|88/100|[from] Grassy Terrain
|upkeep
|
|t:|1781170954
|switch|p2a: Magnezone|Magnezone|100/100
|turn|15
|
|t:|1781170956
|move|p1a: Iron Valiant|Moonblast|p2a: Magnezone
|-resisted|p2a: Magnezone
|-damage|p2a: Magnezone|49/100
|move|p2a: Magnezone|Iron Defense|p2a: Magnezone
|-boost|p2a: Magnezone|def|2
|
|-heal|p1a: Iron Valiant|94/100|[from] Grassy Terrain
|-heal|p2a: Magnezone|55/100|[from] Grassy Terrain
|-heal|p2a: Magnezone|61/100|[from] item: Leftovers
|upkeep
|turn|16
|
|t:|1781170962
|move|p1a: Iron Valiant|Moonblast|p2a: Magnezone
|-resisted|p2a: Magnezone
|-damage|p2a: Magnezone|9/100
|move|p2a: Magnezone|Flash Cannon|p1a: Iron Valiant
|-supereffective|p1a: Iron Valiant
|-damage|p1a: Iron Valiant|0 fnt
|faint|p1a: Iron Valiant
|-end|p1a: Iron Valiant|Quark Drive|[silent]
|
|-heal|p2a: Magnezone|15/100|[from] Grassy Terrain
|-heal|p2a: Magnezone|21/100|[from] item: Leftovers
|-fieldend|move: Grassy Terrain
|upkeep
|
|t:|1781170965
|switch|p1a: Kingambit|Kingambit, M|100/100
|-damage|p1a: Kingambit|94/100|[from] Stealth Rock
|-activate|p1a: Kingambit|ability: Supreme Overlord
|-start|p1a: Kingambit|fallen5|[silent]
|turn|17
|
|t:|1781170969
|move|p2a: Magnezone|Body Press|p1a: Kingambit
|-supereffective|p1a: Kingambit
|-damage|p1a: Kingambit|0 fnt
|faint|p1a: Kingambit
|-end|p1a: Kingambit|fallen5|[silent]
|
|win|ChillLanturnYT
|raw|waybuloo's rating: 1542 &rarr; <strong>1521</strong><br />(-21 for losing)
|raw|ChillLanturnYT's rating: 1529 &rarr; <strong>1550</strong><br />(+21 for winning)
|l|☆waybuloo
|player|p1|
|c|☆ChillLanturnYT|gg
|c|☆ChillLanturnYT|Weird game xD
|l| Mega Delibird X
|l|☆ChillLanturnYT
|player|p2|
