|j|☆Liker of Mudkips
|j|☆Acastillo631
|t:|1781132033
|gametype|singles
|player|p1|Liker of Mudkips|acetrainerf|1579
|player|p2|Acastillo631|silver|1573
|gen|9
|tier|[Gen 9] OU
|rated|
|rule|HP Percentage Mod: HP is shown in percentages
|rule|Endless Battle Clause: Forcing endless battles is banned
|rule|Species Clause: Limit one of each Pokémon
|rule|OHKO Clause: OHKO moves are banned
|rule|Evasion Items Clause: Evasion items are banned
|rule|Evasion Moves Clause: Evasion moves are banned
|rule|Evasion Abilities Clause: Evasion abilities are banned
|rule|Sleep Moves Clause: Sleep-inducing moves are banned
|clearpoke
|poke|p1|Dragapult, F|
|poke|p1|Ogerpon-Wellspring, F|
|poke|p1|Slowking-Galar, M|
|poke|p1|Great Tusk|
|poke|p1|Zapdos|
|poke|p1|Kingambit, M|
|poke|p2|Iron Valiant|
|poke|p2|Sinistcha|
|poke|p2|Tyranitar, F|
|poke|p2|Klefki, F|
|poke|p2|Swampert, M|
|poke|p2|Talonflame, F|
|teampreview
|c|☆Liker of Mudkips|GASP
|c|☆Liker of Mudkips|U HAZ MUDKIP
|
|t:|1781132053
|teamsize|p1|6
|teamsize|p2|6
|start
|switch|p1a: Suika|Ogerpon-Wellspring, F|100/100
|switch|p2a: Redips|Klefki, F|100/100
|turn|1
|
|t:|1781132059
|switch|p1a: Larxene|Zapdos|100/100
|move|p2a: Redips|Thunder Wave|p1a: Larxene
|-immune|p1a: Larxene
|
|upkeep
|turn|2
|inactive|Battle timer is ON: inactive players will automatically lose when time's up. (requested by Liker of Mudkips)
|
|t:|1781132070
|move|p2a: Redips|Spikes|p1a: Larxene
|-sidestart|p1: Liker of Mudkips|Spikes
|move|p1a: Larxene|Volt Switch|p2a: Redips
|-damage|p2a: Redips|63/100
|
|t:|1781132078
|switch|p1a: Nobunaga|Kingambit, M|100/100|[from] Volt Switch
|-item|p1a: Nobunaga|Air Balloon
|
|upkeep
|turn|3
|
|t:|1781132099
|switch|p2a: Talonflame|Talonflame, F|100/100
|move|p1a: Nobunaga|Iron Head|p2a: Talonflame
|-resisted|p2a: Talonflame
|-damage|p2a: Talonflame|71/100
|-status|p1a: Nobunaga|brn|[from] ability: Flame Body|[of] p2a: Talonflame
|
|-damage|p1a: Nobunaga|94/100 brn|[from] brn
|upkeep
|turn|4
|
|t:|1781132108
|move|p2a: Talonflame|Flamethrower|p1a: Nobunaga
|-supereffective|p1a: Nobunaga
|-damage|p1a: Nobunaga|34/100 brn
|-enditem|p1a: Nobunaga|Air Balloon
|move|p1a: Nobunaga|Swords Dance|p1a: Nobunaga
|-boost|p1a: Nobunaga|atk|2
|
|-damage|p1a: Nobunaga|28/100 brn|[from] brn
|upkeep
|turn|5
|
|t:|1781132117
|move|p2a: Talonflame|Roost|p2a: Talonflame
|-heal|p2a: Talonflame|100/100
|-singleturn|p2a: Talonflame|move: Roost
|move|p1a: Nobunaga|Swords Dance|p1a: Nobunaga
|-boost|p1a: Nobunaga|atk|2
|
|-damage|p1a: Nobunaga|22/100 brn|[from] brn
|upkeep
|turn|6
|
|t:|1781132125
|move|p1a: Nobunaga|Sucker Punch|p2a: Talonflame
|-damage|p2a: Talonflame|22/100
|move|p2a: Talonflame|Flamethrower|p1a: Nobunaga
|-supereffective|p1a: Nobunaga
|-damage|p1a: Nobunaga|0 fnt
|faint|p1a: Nobunaga
|-end|p1a: Nobunaga|fallenundefined|[silent]
|
|upkeep
|
|t:|1781132133
|switch|p1a: Kos|Dragapult, F|100/100
|-damage|p1a: Kos|88/100|[from] Spikes
|turn|7
|
|t:|1781132139
|switch|p2a: Eregion|Tyranitar, F|100/100
|-weather|Sandstorm|[from] ability: Sand Stream|[of] p2a: Eregion
|move|p1a: Kos|Shadow Ball|p2a: Eregion
|-resisted|p2a: Eregion
|-damage|p2a: Eregion|91/100
|-unboost|p2a: Eregion|spd|1
|
|-weather|Sandstorm|[upkeep]
|-damage|p1a: Kos|82/100|[from] Sandstorm
|-heal|p2a: Eregion|97/100|[from] item: Leftovers
|upkeep
|turn|8
|
|t:|1781132152
|switch|p1a: Suika|Ogerpon-Wellspring, F|100/100
|-damage|p1a: Suika|88/100|[from] Spikes
|move|p2a: Eregion|Ice Beam|p1a: Suika
|-damage|p1a: Suika|63/100
|
|-weather|Sandstorm|[upkeep]
|-damage|p1a: Suika|57/100|[from] Sandstorm
|-heal|p2a: Eregion|100/100|[from] item: Leftovers
|upkeep
|turn|9
|
|t:|1781132161
|switch|p2a: Wire Sponge|Sinistcha|100/100
|move|p1a: Suika|Ivy Cudgel|p2a: Wire Sponge|[anim] Ivy Cudgel Water
|-resisted|p2a: Wire Sponge
|-damage|p2a: Wire Sponge|80/100
|
|-weather|Sandstorm|[upkeep]
|-damage|p1a: Suika|51/100|[from] Sandstorm
|-damage|p2a: Wire Sponge|74/100|[from] Sandstorm
|upkeep
|turn|10
|c|☆Liker of Mudkips|hey
|c|☆Liker of Mudkips|I get that reference
|
|t:|1781132183
|move|p1a: Suika|U-turn|p2a: Wire Sponge
|-damage|p2a: Wire Sponge|54/100
|
|t:|1781132188
|switch|p1a: Pants|Slowking-Galar, M|100/100|[from] U-turn
|-damage|p1a: Pants|88/100|[from] Spikes
|move|p2a: Wire Sponge|Strength Sap|p1a: Pants
|-unboost|p1a: Pants|atk|1
|-heal|p2a: Wire Sponge|89/100
|
|-weather|Sandstorm|[upkeep]
|-damage|p2a: Wire Sponge|83/100|[from] Sandstorm
|-damage|p1a: Pants|82/100|[from] Sandstorm
|upkeep
|turn|11
|
|t:|1781132199
|switch|p2a: Duff Mcwhalen|Swampert, M|100/100
|move|p1a: Pants|Flamethrower|p2a: Duff Mcwhalen
|-resisted|p2a: Duff Mcwhalen
|-damage|p2a: Duff Mcwhalen|93/100
|
|-weather|none
|-heal|p2a: Duff Mcwhalen|99/100|[from] item: Leftovers
|upkeep
|turn|12
|c|☆Liker of Mudkips|the MMX refs
|
|t:|1781132216
|switch|p1a: Larxene|Zapdos|100/100
|move|p2a: Duff Mcwhalen|Stealth Rock|p1a: Larxene
|-sidestart|p1: Liker of Mudkips|move: Stealth Rock
|
|-heal|p2a: Duff Mcwhalen|100/100|[from] item: Leftovers
|upkeep
|turn|13
|
|t:|1781132237
|move|p1a: Larxene|Hurricane|p2a: Duff Mcwhalen
|-damage|p2a: Duff Mcwhalen|65/100
|move|p2a: Duff Mcwhalen|Knock Off|p1a: Larxene
|-damage|p1a: Larxene|70/100
|-enditem|p1a: Larxene|Heavy-Duty Boots|[from] move: Knock Off|[of] p2a: Duff Mcwhalen
|
|-heal|p2a: Duff Mcwhalen|71/100|[from] item: Leftovers
|upkeep
|turn|14
|
|t:|1781132248
|move|p1a: Larxene|Hurricane|p2a: Duff Mcwhalen
|-damage|p2a: Duff Mcwhalen|36/100
|move|p2a: Duff Mcwhalen|Flip Turn|p1a: Larxene
|-damage|p1a: Larxene|44/100
|
|t:|1781132252
|switch|p2a: Eregion|Tyranitar, F|100/100|[from] Flip Turn
|-weather|Sandstorm|[from] ability: Sand Stream|[of] p2a: Eregion
|
|-weather|Sandstorm|[upkeep]
|-damage|p1a: Larxene|38/100|[from] Sandstorm
|upkeep
|turn|15
|
|t:|1781132263
|move|p1a: Larxene|Volt Switch|p2a: Eregion
|-damage|p2a: Eregion|86/100
|
|t:|1781132269
|switch|p1a: Suika|Ogerpon-Wellspring, F|51/100|[from] Volt Switch
|-damage|p1a: Suika|39/100|[from] Spikes
|-damage|p1a: Suika|27/100|[from] Stealth Rock
|move|p2a: Eregion|Roar|p1a: Suika
|drag|p1a: Baku|Great Tusk|100/100
|-damage|p1a: Baku|88/100|[from] Spikes
|-damage|p1a: Baku|85/100|[from] Stealth Rock
|
|-weather|Sandstorm|[upkeep]
|-heal|p2a: Eregion|92/100|[from] item: Leftovers
|upkeep
|turn|16
|
|t:|1781132293
|move|p1a: Baku|Stealth Rock|p2a: Eregion
|-sidestart|p2: Acastillo631|move: Stealth Rock
|move|p2a: Eregion|Ice Beam|p1a: Baku
|-supereffective|p1a: Baku
|-damage|p1a: Baku|30/100
|
|-weather|Sandstorm|[upkeep]
|-heal|p2a: Eregion|99/100|[from] item: Leftovers
|upkeep
|turn|17
|
|t:|1781132301
|move|p1a: Baku|Rapid Spin|p2a: Eregion
|-resisted|p2a: Eregion
|-damage|p2a: Eregion|92/100
|-boost|p1a: Baku|spe|1
|-sideend|p1: Liker of Mudkips|Spikes|[from] move: Rapid Spin|[of] p1a: Baku
|-sideend|p1: Liker of Mudkips|Stealth Rock|[from] move: Rapid Spin|[of] p1a: Baku
|move|p2a: Eregion|Ice Beam|p1a: Baku
|-supereffective|p1a: Baku
|-damage|p1a: Baku|0 fnt
|faint|p1a: Baku
|-end|p1a: Baku|Protosynthesis|[silent]
|
|-weather|Sandstorm|[upkeep]
|-heal|p2a: Eregion|98/100|[from] item: Leftovers
|upkeep
|
|t:|1781132315
|switch|p1a: Suika|Ogerpon-Wellspring, F|27/100
|turn|18
|
|t:|1781132338
|switch|p2a: Duff Mcwhalen|Swampert, M|36/100
|-damage|p2a: Duff Mcwhalen|29/100|[from] Stealth Rock
|move|p1a: Suika|Ivy Cudgel|p2a: Duff Mcwhalen|[anim] Ivy Cudgel Water
|-damage|p2a: Duff Mcwhalen|0 fnt
|faint|p2a: Duff Mcwhalen
|
|-weather|none
|upkeep
|
|t:|1781132345
|switch|p2a: Talonflame|Talonflame, F|22/100
|turn|19
|
|t:|1781132352
|move|p2a: Talonflame|Flamethrower|p1a: Suika
|-damage|p1a: Suika|0 fnt
|faint|p1a: Suika
|
|upkeep
|
|t:|1781132359
|switch|p1a: Kos|Dragapult, F|82/100
|turn|20
|
|t:|1781132366
|move|p1a: Kos|Shadow Ball|p2a: Talonflame
|-damage|p2a: Talonflame|0 fnt
|faint|p2a: Talonflame
|
|upkeep
|
|t:|1781132370
|switch|p2a: Eregion|Tyranitar, F|98/100
|-damage|p2a: Eregion|86/100|[from] Stealth Rock
|-weather|Sandstorm|[from] ability: Sand Stream|[of] p2a: Eregion
|turn|21
|c|☆Liker of Mudkips|Why not Storm Eagle on Talonflame?
|
|t:|1781132389
|switch|p1a: Larxene|Zapdos|38/100
|move|p2a: Eregion|Ice Beam|p1a: Larxene
|-supereffective|p1a: Larxene
|-damage|p1a: Larxene|0 fnt
|faint|p1a: Larxene
|
|-weather|Sandstorm|[upkeep]
|-heal|p2a: Eregion|92/100|[from] item: Leftovers
|upkeep
|c|☆Liker of Mudkips|yeah I'm dead
|c|☆Liker of Mudkips|gg
|-message|Liker of Mudkips forfeited.
|
|win|Acastillo631
|raw|Liker of Mudkips's rating: 1579 &rarr; <strong>1559</strong><br />(-20 for losing)
|raw|Acastillo631's rating: 1573 &rarr; <strong>1593</strong><br />(+20 for winning)
|l|☆Liker of Mudkips
|player|p1|
|l|☆Acastillo631
|player|p2|
