|j|☆KurisuChestnutOU
|j|☆carciox
|t:|1781160272
|gametype|singles
|player|p1|KurisuChestnutOU|may-contest|1479
|player|p2|carciox|2|1521
|gen|9
|tier|[Gen 9] OU
|rated|
|rule|HP Percentage Mod: HP is shown in percentages
|rule|Endless Battle Clause: Forcing endless battles is banned
|rule|Species Clause: Limit one of each Pokémon
|rule|OHKO Clause: OHKO moves are banned
|rule|Evasion Items Clause: Evasion items are banned
|rule|Evasion Moves Clause: Evasion moves are banned
|rule|Evasion Abilities Clause: Evasion abilities are banned
|rule|Sleep Moves Clause: Sleep-inducing moves are banned
|clearpoke
|poke|p1|Zamazenta-*|
|poke|p1|Zapdos|
|poke|p1|Garganacl, F|
|poke|p1|Clefable, F|
|poke|p1|Samurott-Hisui, M|
|poke|p1|Gholdengo|
|poke|p2|Kingambit, F|
|poke|p2|Cinderace, F|
|poke|p2|Landorus-Therian, M|
|poke|p2|Iron Valiant|
|poke|p2|Kyurem|
|poke|p2|Slowking-Galar, M|
|teampreview
|inactive|Battle timer is ON: inactive players will automatically lose when time's up. (requested by carciox)
|
|t:|1781160278
|teamsize|p1|6
|teamsize|p2|6
|start
|switch|p1a: Garganacl|Garganacl, F|100/100
|switch|p2a: Nyarlatotep|Cinderace, F, shiny|100/100
|turn|1
|inactive|KurisuChestnutOU also wants the timer to be on.
|
|t:|1781160288
|move|p2a: Nyarlatotep|U-turn|p1a: Garganacl
|-damage|p1a: Garganacl|89/100
|
|t:|1781160290
|switch|p2a: Yog Sototh|Slowking-Galar, M, shiny|100/100|[from] U-turn
|move|p1a: Garganacl|Salt Cure|p2a: Yog Sototh
|-damage|p2a: Yog Sototh|86/100
|-start|p2a: Yog Sototh|Salt Cure
|
|-heal|p1a: Garganacl|95/100|[from] item: Leftovers
|-damage|p2a: Yog Sototh|74/100|[from] Salt Cure
|upkeep
|turn|2
|
|t:|1781160301
|move|p1a: Garganacl|Stealth Rock|p2a: Yog Sototh
|-sidestart|p2: carciox|move: Stealth Rock
|move|p2a: Yog Sototh|Psychic Noise|p1a: Garganacl
|-damage|p1a: Garganacl|77/100
|-start|p1a: Garganacl|move: Heal Block
|
|-damage|p2a: Yog Sototh|61/100|[from] Salt Cure
|upkeep
|turn|3
|
|t:|1781160310
|move|p1a: Garganacl|Salt Cure|p2a: Yog Sototh
|-crit|p2a: Yog Sototh
|-damage|p2a: Yog Sototh|39/100
|-prepare|p2a: Yog Sototh|Chilly Reception|[premajor]
|move|p2a: Yog Sototh|Chilly Reception|p2a: Yog Sototh
|-weather|Snowscape
|
|t:|1781160322
|switch|p2a: The Lord of Sorrow|Kingambit, F|100/100|[from] Chilly Reception
|-damage|p2a: The Lord of Sorrow|94/100|[from] Stealth Rock
|
|-weather|Snowscape|[upkeep]
|-heal|p2a: The Lord of Sorrow|100/100|[from] item: Leftovers
|-end|p1a: Garganacl|move: Heal Block
|upkeep
|turn|4
|
|t:|1781160332
|switch|p1a: Zamazenta|Zamazenta|100/100
|-ability|p1a: Zamazenta|Dauntless Shield|boost
|-boost|p1a: Zamazenta|def|1
|move|p2a: The Lord of Sorrow|Iron Head|p1a: Zamazenta
|-damage|p1a: Zamazenta|75/100
|
|-weather|Snowscape|[upkeep]
|-heal|p1a: Zamazenta|82/100|[from] item: Leftovers
|upkeep
|turn|5
|
|t:|1781160342
|-end|p2a: The Lord of Sorrow|fallenundefined|[silent]
|switch|p2a: Yog Sototh|Slowking-Galar, M, shiny|73/100
|move|p1a: Zamazenta|Iron Defense|p1a: Zamazenta
|-boost|p1a: Zamazenta|def|2
|
|-weather|Snowscape|[upkeep]
|-heal|p1a: Zamazenta|88/100|[from] item: Leftovers
|upkeep
|turn|6
|
|t:|1781160351
|move|p1a: Zamazenta|Crunch|p2a: Yog Sototh
|-supereffective|p2a: Yog Sototh
|-damage|p2a: Yog Sototh|32/100
|move|p2a: Yog Sototh|Psychic Noise|p1a: Zamazenta
|-supereffective|p1a: Zamazenta
|-damage|p1a: Zamazenta|48/100
|-start|p1a: Zamazenta|move: Heal Block
|
|-weather|Snowscape|[upkeep]
|upkeep
|turn|7
|
|t:|1781160362
|switch|p2a: Zinzalouk|Landorus-Therian, M, shiny|100/100
|-damage|p2a: Zinzalouk|88/100|[from] Stealth Rock
|-ability|p2a: Zinzalouk|Intimidate|boost
|-unboost|p1a: Zamazenta|atk|1
|move|p1a: Zamazenta|Roar|p2a: Zinzalouk
|drag|p2a: Axiom of Potency|Kyurem, shiny|100/100
|-damage|p2a: Axiom of Potency|76/100|[from] Stealth Rock
|-ability|p2a: Axiom of Potency|Pressure
|
|-weather|none
|-heal|p2a: Axiom of Potency|82/100|[from] item: Leftovers
|-end|p1a: Zamazenta|move: Heal Block
|upkeep
|turn|8
|
|t:|1781160378
|move|p2a: Axiom of Potency|Protect|p2a: Axiom of Potency
|-singleturn|p2a: Axiom of Potency|Protect
|move|p1a: Zamazenta|Body Press|p2a: Axiom of Potency
|-activate|p2a: Axiom of Potency|move: Protect
|
|-heal|p1a: Zamazenta|54/100|[from] item: Leftovers
|-heal|p2a: Axiom of Potency|88/100|[from] item: Leftovers
|upkeep
|turn|9
|
|t:|1781160387
|move|p1a: Zamazenta|Body Press|p2a: Axiom of Potency
|-supereffective|p2a: Axiom of Potency
|-damage|p2a: Axiom of Potency|0 fnt
|faint|p2a: Axiom of Potency
|
|-heal|p1a: Zamazenta|60/100|[from] item: Leftovers
|upkeep
|
|t:|1781160395
|switch|p2a: Zinzalouk|Landorus-Therian, M, shiny|88/100
|-damage|p2a: Zinzalouk|76/100|[from] Stealth Rock
|-ability|p2a: Zinzalouk|Intimidate|boost
|-unboost|p1a: Zamazenta|atk|1
|turn|10
|
|t:|1781160403
|move|p1a: Zamazenta|Body Press|p2a: Zinzalouk
|-resisted|p2a: Zinzalouk
|-damage|p2a: Zinzalouk|38/100
|-damage|p1a: Zamazenta|44/100|[from] item: Rocky Helmet|[of] p2a: Zinzalouk
|move|p2a: Zinzalouk|Taunt|p1a: Zamazenta
|-start|p1a: Zamazenta|move: Taunt
|
|-heal|p1a: Zamazenta|50/100|[from] item: Leftovers
|upkeep
|turn|11
|
|t:|1781160413
|move|p1a: Zamazenta|Body Press|p2a: Zinzalouk
|-resisted|p2a: Zinzalouk
|-damage|p2a: Zinzalouk|5/100
|-damage|p1a: Zamazenta|33/100|[from] item: Rocky Helmet|[of] p2a: Zinzalouk
|move|p2a: Zinzalouk|Earthquake|p1a: Zamazenta
|-damage|p1a: Zamazenta|17/100
|
|-heal|p1a: Zamazenta|23/100|[from] item: Leftovers
|upkeep
|turn|12
|
|t:|1781160424
|move|p1a: Zamazenta|Crunch|p2a: Zinzalouk
|-damage|p2a: Zinzalouk|0 fnt
|-damage|p1a: Zamazenta|6/100|[from] item: Rocky Helmet|[of] p2a: Zinzalouk
|faint|p2a: Zinzalouk
|
|-heal|p1a: Zamazenta|13/100|[from] item: Leftovers
|upkeep
|
|t:|1781160432
|switch|p2a: Yog Sototh|Slowking-Galar, M, shiny|65/100
|turn|13
|
|t:|1781160436
|move|p1a: Zamazenta|Body Press|p2a: Yog Sototh
|-resisted|p2a: Yog Sototh
|-damage|p2a: Yog Sototh|45/100
|move|p2a: Yog Sototh|Sludge Bomb|p1a: Zamazenta
|-damage|p1a: Zamazenta|0 fnt
|faint|p1a: Zamazenta
|
|upkeep
|
|t:|1781160439
|switch|p1a: Garganacl|Garganacl, F|77/100
|turn|14
|
|t:|1781160447
|move|p1a: Garganacl|Salt Cure|p2a: Yog Sototh
|-damage|p2a: Yog Sototh|30/100
|-start|p2a: Yog Sototh|Salt Cure
|move|p2a: Yog Sototh|Psychic Noise|p1a: Garganacl
|-damage|p1a: Garganacl|59/100
|-start|p1a: Garganacl|move: Heal Block
|
|-damage|p2a: Yog Sototh|18/100|[from] Salt Cure
|upkeep
|turn|15
|
|t:|1781160461
|move|p1a: Garganacl|Salt Cure|p2a: Yog Sototh
|-crit|p2a: Yog Sototh
|-damage|p2a: Yog Sototh|0 fnt
|faint|p2a: Yog Sototh
|
|-end|p1a: Garganacl|move: Heal Block
|upkeep
|c|☆carciox|So idiotic
|c|☆carciox|This makes me wish desire perform abomination
|c|☆carciox|Carve my own eyes
|
|t:|1781160483
|switch|p2a: The Lord of Sorrow|Kingambit, F|100/100
|-damage|p2a: The Lord of Sorrow|94/100|[from] Stealth Rock
|-activate|p2a: The Lord of Sorrow|ability: Supreme Overlord
|-start|p2a: The Lord of Sorrow|fallen3|[silent]
|turn|16
|
|t:|1781160489
|-terastallize|p1a: Garganacl|Water
|move|p2a: The Lord of Sorrow|Swords Dance|p2a: The Lord of Sorrow
|-boost|p2a: The Lord of Sorrow|atk|2
|move|p1a: Garganacl|Salt Cure|p2a: The Lord of Sorrow
|-resisted|p2a: The Lord of Sorrow
|-damage|p2a: The Lord of Sorrow|89/100
|-start|p2a: The Lord of Sorrow|Salt Cure
|
|-heal|p2a: The Lord of Sorrow|96/100|[from] item: Leftovers
|-heal|p1a: Garganacl|65/100|[from] item: Leftovers
|-damage|p2a: The Lord of Sorrow|71/100|[from] Salt Cure
|upkeep
|turn|17
|
|t:|1781160502
|switch|p1a: Clefable|Clefable, F|100/100
|move|p2a: The Lord of Sorrow|Swords Dance|p2a: The Lord of Sorrow
|-boost|p2a: The Lord of Sorrow|atk|2
|
|-heal|p2a: The Lord of Sorrow|77/100|[from] item: Leftovers
|-damage|p2a: The Lord of Sorrow|52/100|[from] Salt Cure
|upkeep
|turn|18
|
|t:|1781160512
|move|p2a: The Lord of Sorrow|Iron Head|p1a: Clefable
|-supereffective|p1a: Clefable
|-damage|p1a: Clefable|4/100
|cant|p1a: Clefable|flinch
|
|-heal|p2a: The Lord of Sorrow|58/100|[from] item: Leftovers
|-damage|p2a: The Lord of Sorrow|33/100|[from] Salt Cure
|upkeep
|turn|19
|
|t:|1781160521
|move|p2a: The Lord of Sorrow|Kowtow Cleave|p1a: Clefable
|-resisted|p1a: Clefable
|-damage|p1a: Clefable|0 fnt
|faint|p1a: Clefable
|
|-heal|p2a: The Lord of Sorrow|40/100|[from] item: Leftovers
|-damage|p2a: The Lord of Sorrow|15/100|[from] Salt Cure
|upkeep
|
|t:|1781160525
|switch|p1a: Samurott|Samurott-Hisui, M|100/100
|turn|20
|
|t:|1781160533
|move|p1a: Samurott|Sucker Punch|p2a: The Lord of Sorrow
|-resisted|p2a: The Lord of Sorrow
|-damage|p2a: The Lord of Sorrow|2/100
|move|p2a: The Lord of Sorrow|Sucker Punch||[still]
|-fail|p2a: The Lord of Sorrow
|
|-heal|p2a: The Lord of Sorrow|8/100|[from] item: Leftovers
|-damage|p2a: The Lord of Sorrow|0 fnt|[from] Salt Cure
|faint|p2a: The Lord of Sorrow
|-end|p2a: The Lord of Sorrow|fallen3|[silent]
|upkeep
|
|t:|1781160544
|switch|p2a: Nyarlatotep|Cinderace, F, shiny|100/100
|turn|21
|
|t:|1781160548
|switch|p1a: Garganacl|Garganacl, F, tera:Water|65/100
|move|p2a: Nyarlatotep|Court Change|p2a: Nyarlatotep
|-swapsideconditions
|-activate|p2a: Nyarlatotep|move: Court Change
|
|-heal|p1a: Garganacl|71/100|[from] item: Leftovers
|upkeep
|turn|22
|
|t:|1781160562
|move|p2a: Nyarlatotep|U-turn|p1a: Garganacl
|-damage|p1a: Garganacl|58/100
|
|t:|1781160564
|switch|p2a: Succulence|Iron Valiant|100/100|[from] U-turn
|-enditem|p2a: Succulence|Booster Energy
|-activate|p2a: Succulence|ability: Quark Drive|[fromitem]
|-start|p2a: Succulence|quarkdrivespe
|move|p1a: Garganacl|Salt Cure|p2a: Succulence
|-resisted|p2a: Succulence
|-damage|p2a: Succulence|92/100
|-start|p2a: Succulence|Salt Cure
|
|-heal|p1a: Garganacl|64/100|[from] item: Leftovers
|-damage|p2a: Succulence|80/100|[from] Salt Cure
|upkeep
|turn|23
|
|t:|1781160582
|move|p2a: Succulence|Calm Mind|p2a: Succulence
|-boost|p2a: Succulence|spa|1
|-boost|p2a: Succulence|spd|1
|move|p1a: Garganacl|Recover|p1a: Garganacl
|-heal|p1a: Garganacl|100/100
|
|-damage|p2a: Succulence|67/100|[from] Salt Cure
|upkeep
|turn|24
|
|t:|1781160592
|move|p2a: Succulence|Encore|p1a: Garganacl
|-start|p1a: Garganacl|Encore
|move|p1a: Garganacl|Recover||[still]
|-fail|p1a: Garganacl|heal
|
|-damage|p2a: Succulence|55/100|[from] Salt Cure
|upkeep
|turn|25
|
|t:|1781160600
|switch|p1a: Samurott|Samurott-Hisui, M|100/100
|-damage|p1a: Samurott|88/100|[from] Stealth Rock
|move|p2a: Succulence|Moonblast|p1a: Samurott
|-supereffective|p1a: Samurott
|-damage|p1a: Samurott|0 fnt
|faint|p1a: Samurott
|
|-damage|p2a: Succulence|42/100|[from] Salt Cure
|upkeep
|
|t:|1781160606
|switch|p1a: Gholdengo|Gholdengo|100/100
|-damage|p1a: Gholdengo|94/100|[from] Stealth Rock
|turn|26
|
|t:|1781160614
|-terastallize|p2a: Succulence|Ghost
|move|p2a: Succulence|Shadow Ball|p1a: Gholdengo
|-supereffective|p1a: Gholdengo
|-damage|p1a: Gholdengo|0 fnt
|faint|p1a: Gholdengo
|
|-damage|p2a: Succulence|30/100|[from] Salt Cure
|upkeep
|
|t:|1781160619
|switch|p1a: Garganacl|Garganacl, F, tera:Water|100/100
|-damage|p1a: Garganacl|88/100|[from] Stealth Rock
|turn|27
|
|t:|1781160629
|move|p2a: Succulence|Moonblast|p1a: Garganacl
|-damage|p1a: Garganacl|46/100
|move|p1a: Garganacl|Salt Cure|p2a: Succulence
|-damage|p2a: Succulence|11/100
|
|-heal|p1a: Garganacl|52/100|[from] item: Leftovers
|-damage|p2a: Succulence|0 fnt|[from] Salt Cure
|faint|p2a: Succulence
|-end|p2a: Succulence|Quark Drive|[silent]
|upkeep
|
|t:|1781160640
|switch|p2a: Nyarlatotep|Cinderace, F, shiny|100/100
|turn|28
|
|t:|1781160661
|move|p2a: Nyarlatotep|Pyro Ball|p1a: Garganacl
|-resisted|p1a: Garganacl
|-damage|p1a: Garganacl|36/100
|move|p1a: Garganacl|Salt Cure|p2a: Nyarlatotep
|-supereffective|p2a: Nyarlatotep
|-damage|p2a: Nyarlatotep|65/100
|-start|p2a: Nyarlatotep|Salt Cure
|
|-heal|p1a: Garganacl|43/100|[from] item: Leftovers
|-damage|p2a: Nyarlatotep|53/100|[from] Salt Cure
|upkeep
|turn|29
|
|t:|1781160671
|move|p2a: Nyarlatotep|Pyro Ball|p1a: Garganacl|[miss]
|-miss|p2a: Nyarlatotep|p1a: Garganacl
|move|p1a: Garganacl|Earthquake|p2a: Nyarlatotep
|-supereffective|p2a: Nyarlatotep
|-damage|p2a: Nyarlatotep|0 fnt
|faint|p2a: Nyarlatotep
|
|win|KurisuChestnutOU
|raw|KurisuChestnutOU's rating: 1499 &rarr; <strong>1520</strong><br />(+21 for winning)
|raw|carciox's rating: 1521 &rarr; <strong>1500</strong><br />(-21 for losing)
