|j|☆LowEL0God
|j|‽roxty
|t:|1781444620
|gametype|singles
|player|p1|LowEL0God|265|1699
|player|p2|roxty|170|1717
|gen|9
|tier|[Gen 9] OU
|rated|
|rule|HP Percentage Mod: HP is shown in percentages
|rule|Endless Battle Clause: Forcing endless battles is banned
|rule|Species Clause: Limit one of each Pokémon
|rule|OHKO Clause: OHKO moves are banned
|rule|Evasion Items Clause: Evasion items are banned
|rule|Evasion Moves Clause: Evasion moves are banned
|rule|Evasion Abilities Clause: Evasion abilities are banned
|rule|Sleep Moves Clause: Sleep-inducing moves are banned
|clearpoke
|poke|p1|Pelipper, F|
|poke|p1|Raging Bolt|
|poke|p1|Overqwil, M|
|poke|p1|Barraskewda, M|
|poke|p1|Iron Treads|
|poke|p1|Kingambit, M|
|poke|p2|Gliscor, F|
|poke|p2|Blissey, F|
|poke|p2|Clefable, F|
|poke|p2|Toxapex, F|
|poke|p2|Dondozo, F|
|poke|p2|Corviknight, M|
|teampreview
|inactive|Battle timer is ON: inactive players will automatically lose when time's up. (requested by roxty)
|c|☆LowEL0God|hf
|inactive|LowEL0God also wants the timer to be on.
|
|t:|1781444635
|teamsize|p1|6
|teamsize|p2|6
|start
|switch|p1a: Kingambit|Kingambit, M|100/100
|switch|p2a: Gliscor|Gliscor, F, shiny|100/100
|turn|1
|
|t:|1781444639
|move|p2a: Gliscor|Spikes|p1a: Kingambit
|-sidestart|p1: LowEL0God|Spikes
|move|p1a: Kingambit|Swords Dance|p1a: Kingambit
|-boost|p1a: Kingambit|atk|2
|
|-status|p2a: Gliscor|tox|[from] item: Toxic Orb
|upkeep
|turn|2
|
|t:|1781444643
|move|p2a: Gliscor|Knock Off|p1a: Kingambit
|-resisted|p1a: Kingambit
|-damage|p1a: Kingambit|94/100
|-enditem|p1a: Kingambit|Leftovers|[from] move: Knock Off|[of] p2a: Gliscor
|move|p1a: Kingambit|Kowtow Cleave|p2a: Gliscor
|-damage|p2a: Gliscor|17/100 tox
|
|-heal|p2a: Gliscor|29/100 tox|[from] ability: Poison Heal
|upkeep
|turn|3
|
|t:|1781444646
|move|p2a: Gliscor|Protect|p2a: Gliscor
|-singleturn|p2a: Gliscor|Protect
|move|p1a: Kingambit|Kowtow Cleave|p2a: Gliscor
|-activate|p2a: Gliscor|move: Protect
|
|-heal|p2a: Gliscor|42/100 tox|[from] ability: Poison Heal
|upkeep
|turn|4
|
|t:|1781444649
|switch|p2a: Clefable|Clefable, F|100/100
|move|p1a: Kingambit|Kowtow Cleave|p2a: Clefable
|-resisted|p2a: Clefable
|-damage|p2a: Clefable|61/100
|
|-damage|p1a: Kingambit|82/100|[from] item: Sticky Barb
|upkeep
|turn|5
|
|t:|1781444651
|switch|p2a: Dondozo|Dondozo, F, shiny|100/100
|move|p1a: Kingambit|Iron Head|p2a: Dondozo
|-resisted|p2a: Dondozo
|-damage|p2a: Dondozo|90/100
|
|-damage|p1a: Kingambit|69/100|[from] item: Sticky Barb
|upkeep
|turn|6
|
|t:|1781444655
|move|p1a: Kingambit|Iron Head|p2a: Dondozo
|-resisted|p2a: Dondozo
|-damage|p2a: Dondozo|79/100
|move|p2a: Dondozo|Body Press|p1a: Kingambit
|-supereffective|p1a: Kingambit
|-damage|p1a: Kingambit|0 fnt
|faint|p1a: Kingambit
|-end|p1a: Kingambit|fallenundefined|[silent]
|
|upkeep
|
|t:|1781444656
|switch|p1a: Pelipper|Pelipper, F|100/100
|-weather|RainDance|[from] ability: Drizzle|[of] p1a: Pelipper
|turn|7
|
|t:|1781444660
|switch|p2a: Toxapex|Toxapex, F, shiny|100/100
|move|p1a: Pelipper|Hurricane|p2a: Toxapex
|-damage|p2a: Toxapex|79/100
|
|-weather|RainDance|[upkeep]
|upkeep
|turn|8
|
|t:|1781444663
|switch|p2a: Gliscor|Gliscor, F, shiny|42/100 tox
|move|p1a: Pelipper|Hurricane|p2a: Gliscor
|-damage|p2a: Gliscor|1/100 tox
|-start|p2a: Gliscor|confusion
|
|-weather|RainDance|[upkeep]
|-heal|p2a: Gliscor|13/100 tox|[from] ability: Poison Heal
|upkeep
|turn|9
|
|t:|1781444666
|switch|p2a: Blissey|Blissey, F|100/100
|move|p1a: Pelipper|Weather Ball|p2a: Blissey
|-damage|p2a: Blissey|84/100
|
|-weather|RainDance|[upkeep]
|upkeep
|turn|10
|
|t:|1781444668
|switch|p1a: Barraskewda|Barraskewda, M|100/100
|-damage|p1a: Barraskewda|88/100|[from] Spikes
|move|p2a: Blissey|Seismic Toss|p1a: Barraskewda
|-damage|p1a: Barraskewda|50/100
|
|-weather|RainDance|[upkeep]
|upkeep
|turn|11
|
|t:|1781444671
|switch|p2a: Toxapex|Toxapex, F, shiny|100/100
|move|p1a: Barraskewda|Liquidation|p2a: Toxapex
|-resisted|p2a: Toxapex
|-damage|p2a: Toxapex|63/100
|
|-weather|RainDance|[upkeep]
|upkeep
|turn|12
|
|t:|1781444674
|move|p1a: Barraskewda|Liquidation|p2a: Toxapex
|-resisted|p2a: Toxapex
|-damage|p2a: Toxapex|18/100
|-unboost|p2a: Toxapex|def|1
|move|p2a: Toxapex|Recover|p2a: Toxapex
|-heal|p2a: Toxapex|68/100
|
|-weather|RainDance|[upkeep]
|upkeep
|turn|13
|
|t:|1781444691
|move|p1a: Barraskewda|Liquidation|p2a: Toxapex
|-resisted|p2a: Toxapex
|-damage|p2a: Toxapex|5/100
|-unboost|p2a: Toxapex|def|1
|move|p2a: Toxapex|Toxic|p1a: Barraskewda
|-status|p1a: Barraskewda|tox
|
|-weather|RainDance|[upkeep]
|-damage|p1a: Barraskewda|44/100 tox|[from] psn
|upkeep
|turn|14
|
|t:|1781444695
|switch|p2a: Dondozo|Dondozo, F, shiny|79/100
|move|p1a: Barraskewda|Liquidation|p2a: Dondozo
|-resisted|p2a: Dondozo
|-damage|p2a: Dondozo|57/100
|
|-weather|none
|-damage|p1a: Barraskewda|32/100 tox|[from] psn
|upkeep
|turn|15
|
|t:|1781444701
|move|p1a: Barraskewda|Liquidation|p2a: Dondozo
|-resisted|p2a: Dondozo
|-damage|p2a: Dondozo|42/100
|move|p2a: Dondozo|Rest|p2a: Dondozo
|-status|p2a: Dondozo|slp|[from] move: Rest
|-heal|p2a: Dondozo|100/100 slp|[silent]
|
|-damage|p1a: Barraskewda|14/100 tox|[from] psn
|upkeep
|turn|16
|
|t:|1781444705
|move|p1a: Barraskewda|Liquidation|p2a: Dondozo
|-resisted|p2a: Dondozo
|-damage|p2a: Dondozo|84/100 slp
|-unboost|p2a: Dondozo|def|1
|cant|p2a: Dondozo|slp
|move|p2a: Dondozo|Sleep Talk|p2a: Dondozo
|move|p2a: Dondozo|Avalanche|p1a: Barraskewda|[from] move: Sleep Talk
|-resisted|p1a: Barraskewda
|-damage|p1a: Barraskewda|0 fnt
|faint|p1a: Barraskewda
|
|upkeep
|
|t:|1781444705
|switch|p1a: Overqwil|Overqwil, M|100/100
|-damage|p1a: Overqwil|88/100|[from] Spikes
|turn|17
|
|t:|1781444710
|switch|p2a: Toxapex|Toxapex, F, shiny|39/100
|move|p1a: Overqwil|Swords Dance|p1a: Overqwil
|-boost|p1a: Overqwil|atk|2
|
|upkeep
|turn|18
|
|t:|1781444712
|move|p1a: Overqwil|Crunch|p2a: Toxapex
|-damage|p2a: Toxapex|0 fnt
|faint|p2a: Toxapex
|-damage|p1a: Overqwil|78/100|[from] item: Life Orb
|
|upkeep
|
|t:|1781444714
|switch|p2a: Dondozo|Dondozo, F, shiny|84/100 slp
|turn|19
|
|t:|1781444715
|move|p1a: Overqwil|Swords Dance|p1a: Overqwil
|-boost|p1a: Overqwil|atk|2
|cant|p2a: Dondozo|slp
|move|p2a: Dondozo|Sleep Talk|p2a: Dondozo
|move|p2a: Dondozo|Rest||[from] move: Sleep Talk|[still]
|-fail|p2a: Dondozo
|
|upkeep
|turn|20
|
|t:|1781444718
|move|p1a: Overqwil|Gunk Shot|p2a: Dondozo
|-damage|p2a: Dondozo|50/100 slp
|-damage|p1a: Overqwil|69/100|[from] item: Life Orb
|-curestatus|p2a: Dondozo|slp|[msg]
|move|p2a: Dondozo|Body Press|p1a: Overqwil
|-damage|p1a: Overqwil|36/100
|
|upkeep
|turn|21
|
|t:|1781444722
|move|p1a: Overqwil|Gunk Shot|p2a: Dondozo|[miss]
|-miss|p1a: Overqwil|p2a: Dondozo
|move|p2a: Dondozo|Rest|p2a: Dondozo
|-status|p2a: Dondozo|slp|[from] move: Rest
|-heal|p2a: Dondozo|100/100 slp|[silent]
|
|upkeep
|turn|22
|
|t:|1781444724
|move|p1a: Overqwil|Gunk Shot|p2a: Dondozo
|-damage|p2a: Dondozo|65/100 slp
|-damage|p1a: Overqwil|26/100|[from] item: Life Orb
|cant|p2a: Dondozo|slp
|move|p2a: Dondozo|Sleep Talk|p2a: Dondozo
|move|p2a: Dondozo|Body Press|p1a: Overqwil|[from] move: Sleep Talk
|-damage|p1a: Overqwil|0 fnt
|faint|p1a: Overqwil
|
|upkeep
|
|t:|1781444724
|switch|p1a: Pelipper|Pelipper, F|100/100
|-weather|RainDance|[from] ability: Drizzle|[of] p1a: Pelipper
|turn|23
|
|t:|1781444726
|switch|p2a: Blissey|Blissey, F|84/100
|move|p1a: Pelipper|Hurricane|p2a: Blissey
|-damage|p2a: Blissey|73/100
|-start|p2a: Blissey|confusion
|
|-weather|RainDance|[upkeep]
|upkeep
|turn|24
|
|t:|1781444728
|move|p1a: Pelipper|Weather Ball|p2a: Blissey
|-damage|p2a: Blissey|58/100
|-activate|p2a: Blissey|confusion
|move|p2a: Blissey|Seismic Toss|p1a: Pelipper
|-damage|p1a: Pelipper|70/100
|
|-weather|RainDance|[upkeep]
|upkeep
|turn|25
|
|t:|1781444731
|move|p1a: Pelipper|Roost|p1a: Pelipper
|-heal|p1a: Pelipper|100/100
|-singleturn|p1a: Pelipper|move: Roost
|-activate|p2a: Blissey|confusion
|move|p2a: Blissey|Soft-Boiled|p2a: Blissey
|-heal|p2a: Blissey|100/100
|
|-weather|RainDance|[upkeep]
|upkeep
|turn|26
|
|t:|1781444739
|move|p1a: Pelipper|Weather Ball|p2a: Blissey
|-damage|p2a: Blissey|86/100
|-activate|p2a: Blissey|confusion
|-damage|p2a: Blissey|85/100|[from] confusion
|
|-weather|RainDance|[upkeep]
|upkeep
|turn|27
|
|t:|1781444740
|move|p1a: Pelipper|Weather Ball|p2a: Blissey
|-damage|p2a: Blissey|71/100
|-end|p2a: Blissey|confusion
|move|p2a: Blissey|Seismic Toss|p1a: Pelipper
|-damage|p1a: Pelipper|70/100
|
|-weather|RainDance|[upkeep]
|upkeep
|turn|28
|
|t:|1781444743
|move|p1a: Pelipper|Roost|p1a: Pelipper
|-heal|p1a: Pelipper|100/100
|-singleturn|p1a: Pelipper|move: Roost
|move|p2a: Blissey|Seismic Toss|p1a: Pelipper
|-damage|p1a: Pelipper|70/100
|
|-weather|RainDance|[upkeep]
|upkeep
|turn|29
|
|t:|1781444744
|move|p1a: Pelipper|Roost|p1a: Pelipper
|-heal|p1a: Pelipper|100/100
|-singleturn|p1a: Pelipper|move: Roost
|move|p2a: Blissey|Seismic Toss|p1a: Pelipper
|-damage|p1a: Pelipper|70/100
|
|-weather|RainDance|[upkeep]
|upkeep
|turn|30
|
|t:|1781444750
|move|p1a: Pelipper|Roost|p1a: Pelipper
|-heal|p1a: Pelipper|100/100
|-singleturn|p1a: Pelipper|move: Roost
|move|p2a: Blissey|Seismic Toss|p1a: Pelipper
|-damage|p1a: Pelipper|70/100
|
|-weather|none
|upkeep
|turn|31
|
|t:|1781444751
|move|p1a: Pelipper|Roost|p1a: Pelipper
|-heal|p1a: Pelipper|100/100
|-singleturn|p1a: Pelipper|move: Roost
|move|p2a: Blissey|Seismic Toss|p1a: Pelipper
|-damage|p1a: Pelipper|70/100
|
|upkeep
|turn|32
|
|t:|1781444753
|move|p1a: Pelipper|Roost|p1a: Pelipper
|-heal|p1a: Pelipper|100/100
|-singleturn|p1a: Pelipper|move: Roost
|move|p2a: Blissey|Seismic Toss|p1a: Pelipper
|-damage|p1a: Pelipper|70/100
|
|upkeep
|turn|33
|
|t:|1781444754
|move|p1a: Pelipper|Roost|p1a: Pelipper
|-heal|p1a: Pelipper|100/100
|-singleturn|p1a: Pelipper|move: Roost
|move|p2a: Blissey|Seismic Toss|p1a: Pelipper
|-damage|p1a: Pelipper|70/100
|
|upkeep
|turn|34
|
|t:|1781444755
|move|p1a: Pelipper|Roost|p1a: Pelipper
|-heal|p1a: Pelipper|100/100
|-singleturn|p1a: Pelipper|move: Roost
|move|p2a: Blissey|Seismic Toss|p1a: Pelipper
|-damage|p1a: Pelipper|70/100
|
|upkeep
|turn|35
|
|t:|1781444756
|move|p1a: Pelipper|Hurricane|p2a: Blissey
|-damage|p2a: Blissey|60/100
|-start|p2a: Blissey|confusion
|-activate|p2a: Blissey|confusion
|move|p2a: Blissey|Seismic Toss|p1a: Pelipper
|-damage|p1a: Pelipper|39/100
|
|upkeep
|turn|36
|
|t:|1781444759
|move|p1a: Pelipper|Hurricane|p2a: Blissey
|-damage|p2a: Blissey|49/100
|-end|p2a: Blissey|confusion
|move|p2a: Blissey|Soft-Boiled|p2a: Blissey
|-heal|p2a: Blissey|99/100
|
|upkeep
|turn|37
|
|t:|1781444760
|move|p1a: Pelipper|Hurricane|p2a: Blissey
|-damage|p2a: Blissey|89/100
|move|p2a: Blissey|Seismic Toss|p1a: Pelipper
|-damage|p1a: Pelipper|8/100
|
|upkeep
|turn|38
|
|t:|1781444761
|switch|p1a: Iron Treads|Iron Treads|100/100
|-damage|p1a: Iron Treads|88/100|[from] Spikes
|-enditem|p1a: Iron Treads|Booster Energy
|-activate|p1a: Iron Treads|ability: Quark Drive|[fromitem]
|-start|p1a: Iron Treads|quarkdrivespe
|move|p2a: Blissey|Seismic Toss|p1a: Iron Treads
|-damage|p1a: Iron Treads|57/100
|
|upkeep
|turn|39
|
|t:|1781444765
|switch|p2a: Clefable|Clefable, F|61/100
|move|p1a: Iron Treads|Rapid Spin|p2a: Clefable
|-damage|p2a: Clefable|53/100
|-boost|p1a: Iron Treads|spe|1
|-sideend|p1: LowEL0God|Spikes|[from] move: Rapid Spin|[of] p1a: Iron Treads
|
|upkeep
|turn|40
|
|t:|1781444767
|move|p1a: Iron Treads|Stealth Rock|p2a: Clefable
|-sidestart|p2: roxty|move: Stealth Rock
|move|p2a: Clefable|Moonlight|p2a: Clefable
|-heal|p2a: Clefable|100/100
|
|upkeep
|turn|41
|
|t:|1781444769
|move|p1a: Iron Treads|Earth Power|p2a: Clefable
|-damage|p2a: Clefable|70/100
|move|p2a: Clefable|Stealth Rock|p1a: Iron Treads
|-sidestart|p1: LowEL0God|move: Stealth Rock
|
|upkeep
|turn|42
|
|t:|1781444771
|move|p1a: Iron Treads|Rapid Spin|p2a: Clefable
|-damage|p2a: Clefable|62/100
|-boost|p1a: Iron Treads|spe|1
|-sideend|p1: LowEL0God|Stealth Rock|[from] move: Rapid Spin|[of] p1a: Iron Treads
|move|p2a: Clefable|Moonblast|p1a: Iron Treads
|-resisted|p1a: Iron Treads
|-damage|p1a: Iron Treads|36/100
|-unboost|p1a: Iron Treads|spa|1
|
|upkeep
|turn|43
|
|t:|1781444773
|move|p1a: Iron Treads|Earth Power|p2a: Clefable
|-damage|p2a: Clefable|39/100
|move|p2a: Clefable|Moonlight|p2a: Clefable
|-heal|p2a: Clefable|89/100
|
|upkeep
|turn|44
|
|t:|1781444774
|move|p1a: Iron Treads|Earth Power|p2a: Clefable
|-damage|p2a: Clefable|65/100
|-unboost|p2a: Clefable|spd|1
|move|p2a: Clefable|Stealth Rock|p1a: Iron Treads
|-sidestart|p1: LowEL0God|move: Stealth Rock
|
|upkeep
|turn|45
|
|t:|1781444776
|move|p1a: Iron Treads|Rapid Spin|p2a: Clefable
|-damage|p2a: Clefable|57/100
|-boost|p1a: Iron Treads|spe|1
|-sideend|p1: LowEL0God|Stealth Rock|[from] move: Rapid Spin|[of] p1a: Iron Treads
|move|p2a: Clefable|Moonlight|p2a: Clefable
|-heal|p2a: Clefable|100/100
|
|upkeep
|turn|46
|
|t:|1781444779
|move|p1a: Iron Treads|Rapid Spin|p2a: Clefable
|-damage|p2a: Clefable|93/100
|-boost|p1a: Iron Treads|spe|1
|move|p2a: Clefable|Stealth Rock|p1a: Iron Treads
|-sidestart|p1: LowEL0God|move: Stealth Rock
|
|upkeep
|turn|47
|
|t:|1781444781
|move|p1a: Iron Treads|Rapid Spin|p2a: Clefable
|-damage|p2a: Clefable|86/100
|-boost|p1a: Iron Treads|spe|1
|-sideend|p1: LowEL0God|Stealth Rock|[from] move: Rapid Spin|[of] p1a: Iron Treads
|move|p2a: Clefable|Moonblast|p1a: Iron Treads
|-resisted|p1a: Iron Treads
|-damage|p1a: Iron Treads|13/100
|
|upkeep
|turn|48
|
|t:|1781444783
|move|p1a: Iron Treads|Earth Power|p2a: Clefable
|-damage|p2a: Clefable|52/100
|move|p2a: Clefable|Stealth Rock|p1a: Iron Treads
|-sidestart|p1: LowEL0God|move: Stealth Rock
|
|upkeep
|turn|49
|
|t:|1781444785
|move|p1a: Iron Treads|Rapid Spin|p2a: Clefable
|-damage|p2a: Clefable|44/100
|-boost|p1a: Iron Treads|spe|1
|-sideend|p1: LowEL0God|Stealth Rock|[from] move: Rapid Spin|[of] p1a: Iron Treads
|move|p2a: Clefable|Moonblast|p1a: Iron Treads
|-resisted|p1a: Iron Treads
|-damage|p1a: Iron Treads|0 fnt
|faint|p1a: Iron Treads
|-end|p1a: Iron Treads|Quark Drive|[silent]
|
|upkeep
|
|t:|1781444786
|switch|p1a: Pelipper|Pelipper, F|8/100
|-weather|RainDance|[from] ability: Drizzle|[of] p1a: Pelipper
|turn|50
|
|t:|1781444788
|move|p2a: Clefable|Stealth Rock|p1a: Pelipper
|-sidestart|p1: LowEL0God|move: Stealth Rock
|move|p1a: Pelipper|Hurricane|p2a: Clefable
|-damage|p2a: Clefable|0 fnt
|faint|p2a: Clefable
|
|-weather|RainDance|[upkeep]
|upkeep
|
|t:|1781444794
|switch|p2a: Gliscor|Gliscor, F, shiny|13/100 tox
|-damage|p2a: Gliscor|1/100 tox|[from] Stealth Rock
|turn|51
|
|t:|1781444799
|move|p2a: Gliscor|Knock Off|p1a: Pelipper
|-damage|p1a: Pelipper|0 fnt
|-enditem|p1a: Pelipper|Damp Rock|[from] move: Knock Off|[of] p2a: Gliscor
|faint|p1a: Pelipper
|
|-weather|RainDance|[upkeep]
|-heal|p2a: Gliscor|13/100 tox|[from] ability: Poison Heal
|upkeep
|
|t:|1781444800
|switch|p1a: Raging Bolt|Raging Bolt|100/100
|-damage|p1a: Raging Bolt|88/100|[from] Stealth Rock
|-enditem|p1a: Raging Bolt|Booster Energy
|-activate|p1a: Raging Bolt|ability: Protosynthesis|[fromitem]
|-start|p1a: Raging Bolt|protosynthesisspa
|turn|52
|
|t:|1781444807
|-terastallize|p1a: Raging Bolt|Fairy
|move|p2a: Gliscor|Toxic|p1a: Raging Bolt
|-status|p1a: Raging Bolt|tox
|move|p1a: Raging Bolt|Weather Ball|p2a: Gliscor
|-supereffective|p2a: Gliscor
|-damage|p2a: Gliscor|0 fnt
|faint|p2a: Gliscor
|
|-weather|RainDance|[upkeep]
|-damage|p1a: Raging Bolt|82/100 tox|[from] psn
|upkeep
|
|t:|1781444812
|switch|p2a: Blissey|Blissey, F|89/100
|turn|53
|
|t:|1781444814
|move|p1a: Raging Bolt|Thunder|p2a: Blissey
|-damage|p2a: Blissey|62/100
|-status|p2a: Blissey|par
|move|p2a: Blissey|Calm Mind|p2a: Blissey
|-boost|p2a: Blissey|spa|1
|-boost|p2a: Blissey|spd|1
|
|-weather|RainDance|[upkeep]
|-damage|p1a: Raging Bolt|70/100 tox|[from] psn
|upkeep
|turn|54
|j| Squilliam2g
|
|t:|1781444818
|move|p1a: Raging Bolt|Thunderclap||[still]
|-fail|p1a: Raging Bolt
|move|p2a: Blissey|Soft-Boiled|p2a: Blissey
|-heal|p2a: Blissey|100/100 par
|
|-weather|RainDance|[upkeep]
|-damage|p1a: Raging Bolt|51/100 tox|[from] psn
|upkeep
|turn|55
|
|t:|1781444820
|move|p1a: Raging Bolt|Thunderclap||[still]
|-fail|p1a: Raging Bolt
|move|p2a: Blissey|Calm Mind|p2a: Blissey
|-boost|p2a: Blissey|spa|1
|-boost|p2a: Blissey|spd|1
|
|-weather|RainDance|[upkeep]
|-damage|p1a: Raging Bolt|27/100 tox|[from] psn
|upkeep
|turn|56
|
|t:|1781444821
|move|p1a: Raging Bolt|Thunder|p2a: Blissey
|-damage|p2a: Blissey|88/100 par
|move|p2a: Blissey|Calm Mind|p2a: Blissey
|-boost|p2a: Blissey|spa|1
|-boost|p2a: Blissey|spd|1
|
|-weather|RainDance|[upkeep]
|-damage|p1a: Raging Bolt|0 fnt|[from] psn
|faint|p1a: Raging Bolt
|-end|p1a: Raging Bolt|Protosynthesis|[silent]
|
|win|roxty
|raw|LowEL0God's rating: 1699 &rarr; <strong>1680</strong><br />(-19 for losing)
|raw|roxty's rating: 1717 &rarr; <strong>1736</strong><br />(+19 for winning)
|c|☆LowEL0God|gg
|l|☆LowEL0God
|player|p1|
|l|‽roxty
|player|p2|
|l| Squilliam2g
