|j|‽Cte plays
|j|☆KurisuChestnutOU
|t:|1781161585
|gametype|singles
|player|p1|Cte plays|brendan|1509
|player|p2|KurisuChestnutOU|may-contest|1569
|gen|9
|tier|[Gen 9] OU
|rated|
|rule|HP Percentage Mod: HP is shown in percentages
|rule|Endless Battle Clause: Forcing endless battles is banned
|rule|Species Clause: Limit one of each Pokémon
|rule|OHKO Clause: OHKO moves are banned
|rule|Evasion Items Clause: Evasion items are banned
|rule|Evasion Moves Clause: Evasion moves are banned
|rule|Evasion Abilities Clause: Evasion abilities are banned
|rule|Sleep Moves Clause: Sleep-inducing moves are banned
|clearpoke
|poke|p1|Scizor, M|
|poke|p1|Kyurem|
|poke|p1|Primarina, F|
|poke|p1|Cinderace, F|
|poke|p1|Zapdos|
|poke|p1|Iron Valiant|
|poke|p2|Kingambit, F|
|poke|p2|Kommo-o, F|
|poke|p2|Iron Valiant|
|poke|p2|Kyurem|
|poke|p2|Iron Treads|
|poke|p2|Iron Crown|
|teampreview
|inactive|Battle timer is ON: inactive players will automatically lose when time's up. (requested by KurisuChestnutOU)
|
|t:|1781161608
|teamsize|p1|6
|teamsize|p2|6
|start
|switch|p1a: Cinderace|Cinderace, F|100/100
|switch|p2a: Iron Crown|Iron Crown|100/100
|-enditem|p2a: Iron Crown|Booster Energy
|-activate|p2a: Iron Crown|ability: Quark Drive|[fromitem]
|-start|p2a: Iron Crown|quarkdrivespe
|turn|1
|
|t:|1781161617
|-end|p2a: Iron Crown|Quark Drive|[silent]
|switch|p2a: Kommo-o|Kommo-o, F|100/100
|move|p1a: Cinderace|Pyro Ball|p2a: Kommo-o|[miss]
|-miss|p1a: Cinderace|p2a: Kommo-o
|
|upkeep
|turn|2
|
|t:|1781161624
|move|p1a: Cinderace|Taunt|p2a: Kommo-o
|-start|p1a: Cinderace|typechange|Dark|[from] ability: Libero
|-start|p2a: Kommo-o|move: Taunt
|cant|p2a: Kommo-o|move: Taunt|Clangorous Soul
|
|upkeep
|turn|3
|
|t:|1781161631
|move|p1a: Cinderace|U-turn|p2a: Kommo-o
|-resisted|p2a: Kommo-o
|-damage|p2a: Kommo-o|91/100
|j| caffineoverdosed
|
|t:|1781161634
|switch|p1a: Zapdos|Zapdos|100/100|[from] U-turn
|move|p2a: Kommo-o|Drain Punch|p1a: Zapdos
|-resisted|p1a: Zapdos
|-damage|p1a: Zapdos|88/100
|-heal|p2a: Kommo-o|97/100|[from] drain|[of] p1a: Zapdos
|
|-heal|p2a: Kommo-o|100/100|[from] item: Leftovers
|upkeep
|turn|4
|
|t:|1781161646
|switch|p2a: Iron Treads|Iron Treads|100/100
|-enditem|p2a: Iron Treads|Booster Energy
|-activate|p2a: Iron Treads|ability: Quark Drive|[fromitem]
|-start|p2a: Iron Treads|quarkdrivespe
|move|p1a: Zapdos|Heat Wave|p2a: Iron Treads
|-supereffective|p2a: Iron Treads
|-damage|p2a: Iron Treads|23/100
|
|upkeep
|turn|5
|
|t:|1781161654
|move|p2a: Iron Treads|Endeavor|p1a: Zapdos
|-damage|p1a: Zapdos|26/100
|move|p1a: Zapdos|Heat Wave|p2a: Iron Treads|[miss]
|-miss|p1a: Zapdos|p2a: Iron Treads
|
|upkeep
|turn|6
|
|t:|1781161661
|move|p2a: Iron Treads|Stealth Rock|p1a: Zapdos
|-sidestart|p1: Cte plays|move: Stealth Rock
|move|p1a: Zapdos|Roost|p1a: Zapdos
|-heal|p1a: Zapdos|76/100
|-singleturn|p1a: Zapdos|move: Roost
|
|upkeep
|turn|7
|
|t:|1781161669
|move|p2a: Iron Treads|Endeavor|p1a: Zapdos
|-damage|p1a: Zapdos|26/100
|-status|p2a: Iron Treads|par|[from] ability: Static|[of] p1a: Zapdos
|move|p1a: Zapdos|Heat Wave|p2a: Iron Treads
|-supereffective|p2a: Iron Treads
|-damage|p2a: Iron Treads|0 fnt
|faint|p2a: Iron Treads
|-end|p2a: Iron Treads|Quark Drive|[silent]
|
|upkeep
|
|t:|1781161674
|switch|p2a: Iron Crown|Iron Crown|100/100
|turn|8
|
|t:|1781161691
|move|p2a: Iron Crown|Psychic Noise|p1a: Zapdos
|-damage|p1a: Zapdos|0 fnt
|faint|p1a: Zapdos
|
|upkeep
|
|t:|1781161700
|switch|p1a: Cinderace|Cinderace, F|100/100
|turn|9
|
|t:|1781161704
|-end|p2a: Iron Crown|Quark Drive|[silent]
|switch|p2a: Kommo-o|Kommo-o, F|100/100
|move|p1a: Cinderace|Court Change|p1a: Cinderace
|-start|p1a: Cinderace|typechange|Normal|[from] ability: Libero
|-swapsideconditions
|-activate|p1a: Cinderace|move: Court Change
|
|upkeep
|turn|10
|
|t:|1781161711
|move|p1a: Cinderace|U-turn|p2a: Kommo-o
|-resisted|p2a: Kommo-o
|-damage|p2a: Kommo-o|92/100
|
|t:|1781161725
|switch|p1a: Primarina|Primarina, F|100/100|[from] U-turn
|move|p2a: Kommo-o|Drain Punch|p1a: Primarina
|-resisted|p1a: Primarina
|-damage|p1a: Primarina|83/100
|-heal|p2a: Kommo-o|99/100|[from] drain|[of] p1a: Primarina
|
|-heal|p2a: Kommo-o|100/100|[from] item: Leftovers
|upkeep
|turn|11
|
|t:|1781161744
|switch|p2a: Iron Crown|Iron Crown|100/100
|-damage|p2a: Iron Crown|94/100|[from] Stealth Rock
|move|p1a: Primarina|Moonblast|p2a: Iron Crown
|-resisted|p2a: Iron Crown
|-damage|p2a: Iron Crown|73/100
|
|upkeep
|turn|12
|
|t:|1781161752
|move|p2a: Iron Crown|Calm Mind|p2a: Iron Crown
|-boost|p2a: Iron Crown|spa|1
|-boost|p2a: Iron Crown|spd|1
|move|p1a: Primarina|Flip Turn|p2a: Iron Crown
|-damage|p2a: Iron Crown|59/100
|
|t:|1781161758
|switch|p1a: Cinderace|Cinderace, F|100/100|[from] Flip Turn
|
|upkeep
|turn|13
|
|t:|1781161763
|-end|p2a: Iron Crown|Quark Drive|[silent]
|switch|p2a: Kommo-o|Kommo-o, F|100/100
|-damage|p2a: Kommo-o|94/100|[from] Stealth Rock
|move|p1a: Cinderace|U-turn|p2a: Kommo-o
|-start|p1a: Cinderace|typechange|Bug|[from] ability: Libero
|-resisted|p2a: Kommo-o
|-damage|p2a: Kommo-o|81/100
|
|t:|1781161773
|switch|p1a: Primarina|Primarina, F|83/100|[from] U-turn
|
|-heal|p2a: Kommo-o|87/100|[from] item: Leftovers
|upkeep
|turn|14
|
|t:|1781161780
|move|p2a: Kommo-o|Drain Punch|p1a: Primarina
|-resisted|p1a: Primarina
|-damage|p1a: Primarina|62/100
|-heal|p2a: Kommo-o|97/100|[from] drain|[of] p1a: Primarina
|move|p1a: Primarina|Psychic Noise|p2a: Kommo-o
|-immune|p2a: Kommo-o|[from] ability: Soundproof
|
|-heal|p2a: Kommo-o|100/100|[from] item: Leftovers
|upkeep
|turn|15
|
|t:|1781161791
|switch|p2a: Kingambit|Kingambit, F|100/100
|-damage|p2a: Kingambit|94/100|[from] Stealth Rock
|-activate|p2a: Kingambit|ability: Supreme Overlord
|-start|p2a: Kingambit|fallen1|[silent]
|move|p1a: Primarina|Moonblast|p2a: Kingambit
|-damage|p2a: Kingambit|39/100
|
|-heal|p2a: Kingambit|45/100|[from] item: Leftovers
|upkeep
|turn|16
|
|t:|1781161802
|move|p1a: Primarina|Moonblast|p2a: Kingambit
|-damage|p2a: Kingambit|0 fnt
|faint|p2a: Kingambit
|-end|p2a: Kingambit|fallen1|[silent]
|
|upkeep
|
|t:|1781161808
|switch|p2a: Iron Crown|Iron Crown|59/100
|-damage|p2a: Iron Crown|53/100|[from] Stealth Rock
|turn|17
|
|t:|1781161819
|switch|p1a: Cinderace|Cinderace, F|100/100
|move|p2a: Iron Crown|Tachyon Cutter|p1a: Cinderace
|-resisted|p1a: Cinderace
|-damage|p1a: Cinderace|82/100
|-resisted|p1a: Cinderace
|-damage|p1a: Cinderace|65/100
|-hitcount|p1a: Cinderace|2
|
|upkeep
|turn|18
|
|t:|1781161828
|move|p1a: Cinderace|U-turn|p2a: Iron Crown
|-start|p1a: Cinderace|typechange|Bug|[from] ability: Libero
|-damage|p2a: Iron Crown|20/100
|inactive|Cte plays has 120 seconds left.
|
|t:|1781161863
|switch|p1a: Kyurem|Kyurem|100/100|[from] U-turn
|-ability|p1a: Kyurem|Pressure
|move|p2a: Iron Crown|Psychic Noise|p1a: Kyurem
|-damage|p1a: Kyurem|66/100
|-start|p1a: Kyurem|move: Heal Block
|
|upkeep
|turn|19
|inactive|Cte plays has 120 seconds left.
|
|t:|1781161874
|move|p2a: Iron Crown|Tachyon Cutter|p1a: Kyurem
|-supereffective|p1a: Kyurem
|-damage|p1a: Kyurem|19/100
|-supereffective|p1a: Kyurem
|-damage|p1a: Kyurem|0 fnt
|faint|p1a: Kyurem
|-hitcount|p1: Kyurem|2
|
|upkeep
|inactive|Cte plays has 120 seconds left.
|
|t:|1781161882
|switch|p1a: Cinderace|Cinderace, F|65/100
|turn|20
|
|t:|1781161885
|move|p1a: Cinderace|U-turn|p2a: Iron Crown
|-start|p1a: Cinderace|typechange|Bug|[from] ability: Libero
|-damage|p2a: Iron Crown|0 fnt
|faint|p2a: Iron Crown
|-end|p2a: Iron Crown|Quark Drive|[silent]
|
|t:|1781161897
|switch|p1a: Scizor|Scizor, M|100/100|[from] U-turn
|
|upkeep
|
|t:|1781161901
|switch|p2a: Iron Valiant|Iron Valiant|100/100
|-damage|p2a: Iron Valiant|94/100|[from] Stealth Rock
|-enditem|p2a: Iron Valiant|Booster Energy
|-activate|p2a: Iron Valiant|ability: Quark Drive|[fromitem]
|-start|p2a: Iron Valiant|quarkdrivespe
|turn|21
|
|t:|1781161907
|move|p2a: Iron Valiant|Calm Mind|p2a: Iron Valiant
|-boost|p2a: Iron Valiant|spa|1
|-boost|p2a: Iron Valiant|spd|1
|move|p1a: Scizor|Swords Dance|p1a: Scizor
|-boost|p1a: Scizor|atk|2
|
|upkeep
|turn|22
|
|t:|1781161914
|move|p1a: Scizor|Bullet Punch|p2a: Iron Valiant
|-supereffective|p2a: Iron Valiant
|-damage|p2a: Iron Valiant|0 fnt
|faint|p2a: Iron Valiant
|-end|p2a: Iron Valiant|Quark Drive|[silent]
|
|upkeep
|l| caffineoverdosed
|
|t:|1781161918
|switch|p2a: Kommo-o|Kommo-o, F|100/100
|-damage|p2a: Kommo-o|94/100|[from] Stealth Rock
|turn|23
|
|t:|1781161925
|move|p1a: Scizor|Bullet Punch|p2a: Kommo-o
|-damage|p2a: Kommo-o|44/100
|move|p2a: Kommo-o|Drain Punch|p1a: Scizor
|-damage|p1a: Scizor|67/100
|-heal|p2a: Kommo-o|58/100|[from] drain|[of] p1a: Scizor
|
|-heal|p2a: Kommo-o|64/100|[from] item: Leftovers
|upkeep
|turn|24
|
|t:|1781161935
|move|p1a: Scizor|Bullet Punch|p2a: Kommo-o
|-damage|p2a: Kommo-o|6/100
|move|p2a: Kommo-o|Drain Punch|p1a: Scizor
|-damage|p1a: Scizor|36/100
|-heal|p2a: Kommo-o|20/100|[from] drain|[of] p1a: Scizor
|
|-heal|p2a: Kommo-o|26/100|[from] item: Leftovers
|upkeep
|turn|25
|
|t:|1781161944
|move|p1a: Scizor|Bullet Punch|p2a: Kommo-o
|-damage|p2a: Kommo-o|0 fnt
|faint|p2a: Kommo-o
|
|upkeep
|
|t:|1781161948
|switch|p2a: Kyurem|Kyurem|100/100
|-damage|p2a: Kyurem|76/100|[from] Stealth Rock
|-ability|p2a: Kyurem|Pressure
|turn|26
|
|t:|1781161954
|-terastallize|p2a: Kyurem|Ground
|move|p1a: Scizor|Bullet Punch|p2a: Kyurem
|-damage|p2a: Kyurem|14/100
|move|p2a: Kyurem|Scale Shot|p1a: Scizor
|-resisted|p1a: Scizor
|-damage|p1a: Scizor|30/100
|-resisted|p1a: Scizor
|-damage|p1a: Scizor|23/100
|-resisted|p1a: Scizor
|-damage|p1a: Scizor|16/100
|-resisted|p1a: Scizor
|-damage|p1a: Scizor|9/100
|-hitcount|p1a: Scizor|4
|-unboost|p2a: Kyurem|def|1
|-boost|p2a: Kyurem|spe|1
|
|upkeep
|turn|27
|
|t:|1781161969
|move|p1a: Scizor|Bullet Punch|p2a: Kyurem
|-damage|p2a: Kyurem|0 fnt
|faint|p2a: Kyurem
|
|win|Cte plays
|raw|Cte plays's rating: 1509 &rarr; <strong>1530</strong><br />(+21 for winning)
|raw|KurisuChestnutOU's rating: 1532 &rarr; <strong>1511</strong><br />(-21 for losing)
