|j|☆Supa Dupa Hoopa
|j|☆m5322
|t:|1781073943
|gametype|singles
|player|p1|Supa Dupa Hoopa|102|1550
|player|p2|m5322|266|1542
|gen|9
|tier|[Gen 9] OU
|rated|
|rule|HP Percentage Mod: HP is shown in percentages
|rule|Endless Battle Clause: Forcing endless battles is banned
|rule|Species Clause: Limit one of each Pokémon
|rule|OHKO Clause: OHKO moves are banned
|rule|Evasion Items Clause: Evasion items are banned
|rule|Evasion Moves Clause: Evasion moves are banned
|rule|Evasion Abilities Clause: Evasion abilities are banned
|rule|Sleep Moves Clause: Sleep-inducing moves are banned
|clearpoke
|poke|p1|Serperior, F|
|poke|p1|Cinderace, M|
|poke|p1|Corviknight, F|
|poke|p1|Clodsire, F|
|poke|p1|Ditto|
|poke|p1|Toxtricity-Low-Key, F|
|poke|p2|Weezing-Galar, M|
|poke|p2|Alomomola, M|
|poke|p2|Iron Treads|
|poke|p2|Tornadus-Therian, M|
|poke|p2|Zamazenta-*|
|poke|p2|Lokix, M|
|teampreview
|inactive|Battle timer is ON: inactive players will automatically lose when time's up. (requested by m5322)
|
|t:|1781073955
|teamsize|p1|6
|teamsize|p2|6
|start
|switch|p1a: Skarmory-M|Corviknight, F|100/100
|switch|p2a: Lokix|Lokix, M|100/100
|-ability|p1a: Skarmory-M|Pressure
|turn|1
|
|t:|1781073964
|move|p2a: Lokix|U-turn|p1a: Skarmory-M
|-resisted|p1a: Skarmory-M
|-damage|p1a: Skarmory-M|85/100
|
|t:|1781073967
|switch|p2a: Tornadus|Tornadus-Therian, M|100/100|[from] U-turn
|move|p1a: Skarmory-M|U-turn|p2a: Tornadus
|-resisted|p2a: Tornadus
|-damage|p2a: Tornadus|92/100
|
|t:|1781073975
|switch|p1a: ANOTHER ONE|Toxtricity-Low-Key, F|100/100|[from] U-turn
|
|upkeep
|turn|2
|
|t:|1781073985
|switch|p2a: Iron Treads|Iron Treads|100/100
|move|p1a: ANOTHER ONE|Boomburst|p2a: Iron Treads
|-resisted|p2a: Iron Treads
|-damage|p2a: Iron Treads|53/100
|
|-heal|p2a: Iron Treads|59/100|[from] item: Leftovers
|upkeep
|turn|3
|
|t:|1781073993
|switch|p1a: Skarmory-M|Corviknight, F|85/100
|-ability|p1a: Skarmory-M|Pressure
|move|p2a: Iron Treads|Stealth Rock|p1a: Skarmory-M
|-sidestart|p1: Supa Dupa Hoopa|move: Stealth Rock
|
|-heal|p2a: Iron Treads|65/100|[from] item: Leftovers
|-heal|p1a: Skarmory-M|91/100|[from] item: Leftovers
|upkeep
|turn|4
|
|t:|1781074010
|-end|p2a: Iron Treads|Quark Drive|[silent]
|switch|p2a: Weezing|Weezing-Galar, M|100/100
|-ability|p2a: Weezing|Neutralizing Gas
|move|p1a: Skarmory-M|U-turn|p2a: Weezing
|-resisted|p2a: Weezing
|-damage|p2a: Weezing|98/100
|
|t:|1781074017
|switch|p1a: ANOTHER ONE|Toxtricity-Low-Key, F|100/100|[from] U-turn
|-damage|p1a: ANOTHER ONE|88/100|[from] Stealth Rock
|
|-heal|p2a: Weezing|100/100|[from] item: Leftovers
|upkeep
|turn|5
|
|t:|1781074025
|move|p2a: Weezing|Protect|p2a: Weezing
|-singleturn|p2a: Weezing|Protect
|move|p1a: ANOTHER ONE|Boomburst|p2a: Weezing
|-activate|p2a: Weezing|move: Protect
|
|upkeep
|turn|6
|
|t:|1781074039
|-end|p2a: Weezing|ability: Neutralizing Gas
|switch|p2a: Tornadus|Tornadus-Therian, M|100/100
|move|p1a: ANOTHER ONE|Boomburst|p2a: Tornadus
|-damage|p2a: Tornadus|41/100
|
|upkeep
|turn|7
|
|t:|1781074054
|move|p2a: Tornadus|U-turn|p1a: ANOTHER ONE
|-resisted|p1a: ANOTHER ONE
|-damage|p1a: ANOTHER ONE|77/100
|
|t:|1781074057
|switch|p2a: Iron Treads|Iron Treads|65/100|[from] U-turn
|move|p1a: ANOTHER ONE|Boomburst|p2a: Iron Treads
|-resisted|p2a: Iron Treads
|-damage|p2a: Iron Treads|20/100
|
|-heal|p2a: Iron Treads|26/100|[from] item: Leftovers
|upkeep
|turn|8
|
|t:|1781074066
|-end|p2a: Iron Treads|Quark Drive|[silent]
|switch|p2a: Tornadus|Tornadus-Therian, M|74/100
|switch|p1a: Skarmory-M|Corviknight, F|91/100
|-damage|p1a: Skarmory-M|79/100|[from] Stealth Rock
|-ability|p1a: Skarmory-M|Pressure
|
|-heal|p1a: Skarmory-M|85/100|[from] item: Leftovers
|upkeep
|turn|9
|
|t:|1781074077
|move|p2a: Tornadus|Knock Off|p1a: Skarmory-M
|-damage|p1a: Skarmory-M|74/100
|-enditem|p1a: Skarmory-M|Leftovers|[from] move: Knock Off|[of] p2a: Tornadus
|move|p1a: Skarmory-M|U-turn|p2a: Tornadus
|-resisted|p2a: Tornadus
|-damage|p2a: Tornadus|66/100
|
|t:|1781074093
|switch|p1a: CinderMiss|Cinderace, M|100/100|[from] U-turn
|
|upkeep
|turn|10
|
|t:|1781074100
|switch|p1a: Clodsire|Clodsire, F|100/100
|-damage|p1a: Clodsire|94/100|[from] Stealth Rock
|move|p2a: Tornadus|U-turn|p1a: Clodsire
|-resisted|p1a: Clodsire
|-damage|p1a: Clodsire|86/100
|
|t:|1781074108
|switch|p2a: Lokix|Lokix, M|100/100|[from] U-turn
|
|-heal|p1a: Clodsire|92/100|[from] item: Leftovers
|upkeep
|turn|11
|
|t:|1781074114
|move|p2a: Lokix|Knock Off|p1a: Clodsire
|-damage|p1a: Clodsire|18/100
|-enditem|p1a: Clodsire|Leftovers|[from] move: Knock Off|[of] p2a: Lokix
|move|p1a: Clodsire|Toxic|p2a: Lokix
|-status|p2a: Lokix|tox
|
|-damage|p2a: Lokix|94/100 tox|[from] psn
|upkeep
|turn|12
|-message|Supa Dupa Hoopa forfeited.
|
|win|m5322
|raw|Supa Dupa Hoopa's rating: 1550 &rarr; <strong>1530</strong><br />(-20 for losing)
|raw|m5322's rating: 1542 &rarr; <strong>1562</strong><br />(+20 for winning)
|l|☆Supa Dupa Hoopa
|player|p1|
