|j|☆ghbasdgasd
|j|☆NebulaTrainer
|t:|1781393060
|gametype|singles
|player|p1|ghbasdgasd|1|1572
|player|p2|NebulaTrainer|cynthia-gen4|1562
|gen|9
|tier|[Gen 9] OU
|rated|
|rule|HP Percentage Mod: HP is shown in percentages
|rule|Endless Battle Clause: Forcing endless battles is banned
|rule|Species Clause: Limit one of each Pokémon
|rule|OHKO Clause: OHKO moves are banned
|rule|Evasion Items Clause: Evasion items are banned
|rule|Evasion Moves Clause: Evasion moves are banned
|rule|Evasion Abilities Clause: Evasion abilities are banned
|rule|Sleep Moves Clause: Sleep-inducing moves are banned
|clearpoke
|poke|p1|Darkrai|
|poke|p1|Garchomp, F|
|poke|p1|Alomomola, M|
|poke|p1|Corviknight, M|
|poke|p1|Weezing-Galar, F|
|poke|p1|Ogerpon, F|
|poke|p2|Clodsire, M|
|poke|p2|Dondozo, F|
|poke|p2|Corviknight, M|
|poke|p2|Blissey, F|
|poke|p2|Toxapex, M|
|poke|p2|Gliscor, F|
|teampreview
|
|t:|1781393087
|teamsize|p1|6
|teamsize|p2|6
|start
|switch|p1a: Darkrai|Darkrai|100/100
|switch|p2a: Gliscor|Gliscor, F|100/100
|turn|1
|
|t:|1781393093
|move|p2a: Gliscor|Protect|p2a: Gliscor
|-singleturn|p2a: Gliscor|Protect
|move|p1a: Darkrai|Ice Beam|p2a: Gliscor
|-activate|p2a: Gliscor|move: Protect
|
|-status|p2a: Gliscor|tox|[from] item: Toxic Orb
|upkeep
|turn|2
|
|t:|1781393102
|switch|p1a: Garchomp|Garchomp, F|100/100
|switch|p2a: Blissey|Blissey, F|100/100
|
|upkeep
|turn|3
|
|t:|1781393111
|switch|p2a: Corviknight|Corviknight, M|100/100
|-ability|p2a: Corviknight|Pressure
|move|p1a: Garchomp|Stealth Rock|p2a: Corviknight
|-sidestart|p2: NebulaTrainer|move: Stealth Rock
|
|upkeep
|turn|4
|
|t:|1781393127
|switch|p1a: Weezing|Weezing-Galar, F|100/100
|-ability|p1a: Weezing|Neutralizing Gas
|move|p2a: Corviknight|Defog|p1a: Weezing
|-unboost|p1a: Weezing|evasion|1
|-sideend|p2: NebulaTrainer|Stealth Rock|[from] move: Defog|[of] p2a: Corviknight
|
|upkeep
|turn|5
|
|t:|1781393135
|switch|p2a: Blissey|Blissey, F|100/100
|move|p1a: Weezing|Will-O-Wisp|p2a: Blissey
|-status|p2a: Blissey|brn
|
|-damage|p2a: Blissey|94/100 brn|[from] brn
|upkeep
|turn|6
|inactive|Battle timer is ON: inactive players will automatically lose when time's up. (requested by ghbasdgasd)
|
|t:|1781393144
|move|p1a: Weezing|Sludge Bomb|p2a: Blissey
|-damage|p2a: Blissey|85/100 brn
|move|p2a: Blissey|Seismic Toss|p1a: Weezing
|-damage|p1a: Weezing|70/100
|
|-heal|p1a: Weezing|76/100|[from] item: Leftovers
|-damage|p2a: Blissey|79/100 brn|[from] brn
|upkeep
|turn|7
|
|t:|1781393154
|switch|p2a: Toxapex|Toxapex, M|100/100
|move|p1a: Weezing|Sludge Bomb|p2a: Toxapex
|-resisted|p2a: Toxapex
|-damage|p2a: Toxapex|89/100
|
|-heal|p1a: Weezing|82/100|[from] item: Leftovers
|-heal|p2a: Toxapex|96/100|[from] item: Black Sludge
|upkeep
|turn|8
|
|t:|1781393163
|switch|p2a: Blissey|Blissey, F|79/100 brn
|move|p1a: Weezing|Will-O-Wisp|p2a: Blissey
|-fail|p2a: Blissey|brn
|
|-heal|p1a: Weezing|88/100|[from] item: Leftovers
|-damage|p2a: Blissey|73/100 brn|[from] brn
|upkeep
|turn|9
|
|t:|1781393173
|move|p1a: Weezing|Sludge Bomb|p2a: Blissey
|-damage|p2a: Blissey|63/100 brn
|move|p2a: Blissey|Seismic Toss|p1a: Weezing
|-damage|p1a: Weezing|58/100
|
|-heal|p1a: Weezing|64/100|[from] item: Leftovers
|-damage|p2a: Blissey|57/100 brn|[from] brn
|upkeep
|turn|10
|
|t:|1781393183
|-end|p1a: Weezing|ability: Neutralizing Gas
|switch|p1a: Ogerpon|Ogerpon, F|100/100
|move|p2a: Blissey|Soft-Boiled|p2a: Blissey
|-heal|p2a: Blissey|100/100 brn
|
|-damage|p2a: Blissey|94/100 brn|[from] brn
|upkeep
|turn|11
|
|t:|1781393192
|-curestatus|p2a: Blissey|brn|[from] ability: Natural Cure|[silent]
|switch|p2a: Corviknight|Corviknight, M|100/100
|-ability|p2a: Corviknight|Pressure
|move|p1a: Ogerpon|Knock Off|p2a: Corviknight
|-damage|p2a: Corviknight|80/100
|-enditem|p2a: Corviknight|Leftovers|[from] move: Knock Off|[of] p1a: Ogerpon
|
|upkeep
|turn|12
|
|t:|1781393206
|switch|p1a: Weezing|Weezing-Galar, F|64/100
|-ability|p1a: Weezing|Neutralizing Gas
|move|p2a: Corviknight|U-turn|p1a: Weezing
|-resisted|p1a: Weezing
|-damage|p1a: Weezing|62/100
|
|t:|1781393227
|switch|p2a: Gliscor|Gliscor, F|100/100 tox|[from] U-turn
|
|-heal|p1a: Weezing|68/100|[from] item: Leftovers
|-damage|p2a: Gliscor|94/100 tox|[from] psn
|upkeep
|turn|13
|
|t:|1781393237
|-end|p1a: Weezing|ability: Neutralizing Gas
|switch|p1a: Corviknight|Corviknight, M|100/100
|-ability|p1a: Corviknight|Pressure
|move|p2a: Gliscor|Knock Off|p1a: Corviknight
|-damage|p1a: Corviknight|84/100
|-enditem|p1a: Corviknight|Leftovers|[from] move: Knock Off|[of] p2a: Gliscor
|
|-heal|p2a: Gliscor|100/100 tox|[from] ability: Poison Heal
|upkeep
|turn|14
|
|t:|1781393251
|move|p2a: Gliscor|Spikes|p1a: Corviknight
|-sidestart|p1: ghbasdgasd|Spikes
|move|p1a: Corviknight|U-turn|p2a: Gliscor
|-resisted|p2a: Gliscor
|-damage|p2a: Gliscor|95/100 tox
|
|t:|1781393253
|switch|p1a: Darkrai|Darkrai|100/100|[from] U-turn
|-damage|p1a: Darkrai|88/100|[from] Spikes
|
|-heal|p2a: Gliscor|100/100 tox|[from] ability: Poison Heal
|upkeep
|turn|15
|
|t:|1781393264
|switch|p2a: Blissey|Blissey, F|94/100
|move|p1a: Darkrai|Trick|p2a: Blissey
|-activate|p1a: Darkrai|move: Trick|[of] p2a: Blissey
|-item|p2a: Blissey|Choice Specs|[from] move: Trick
|-item|p1a: Darkrai|Heavy-Duty Boots|[from] move: Trick
|
|upkeep
|turn|16
|
|t:|1781393274
|switch|p1a: Weezing|Weezing-Galar, F|68/100
|-ability|p1a: Weezing|Neutralizing Gas
|-damage|p1a: Weezing|56/100|[from] Spikes
|switch|p2a: Clodsire|Clodsire, M|100/100
|
|-heal|p1a: Weezing|62/100|[from] item: Leftovers
|upkeep
|turn|17
|inactive|NebulaTrainer has 120 seconds left.
|inactive|NebulaTrainer has 90 seconds left.
|c|☆ghbasdgasd|zzzzz
|inactive|NebulaTrainer has 60 seconds left.
|inactive|NebulaTrainer has 30 seconds left.
|inactive|NebulaTrainer has 20 seconds left.
|inactive|NebulaTrainer has 15 seconds left.
|inactive|NebulaTrainer has 10 seconds left.
|inactive|NebulaTrainer has 5 seconds left.
|-message|NebulaTrainer lost due to inactivity.
|
|win|ghbasdgasd
|raw|ghbasdgasd's rating: 1572 &rarr; <strong>1591</strong><br />(+19 for winning)
|raw|NebulaTrainer's rating: 1562 &rarr; <strong>1543</strong><br />(-19 for losing)
