|j|☆PepeNike
|j|☆portobellomushroom
|t:|1781220020
|gametype|singles
|player|p1|PepeNike|2|1569
|player|p2|portobellomushroom|turo-ai|1633
|gen|9
|tier|[Gen 9] OU
|rated|
|rule|HP Percentage Mod: HP is shown in percentages
|rule|Endless Battle Clause: Forcing endless battles is banned
|rule|Species Clause: Limit one of each Pokémon
|rule|OHKO Clause: OHKO moves are banned
|rule|Evasion Items Clause: Evasion items are banned
|rule|Evasion Moves Clause: Evasion moves are banned
|rule|Evasion Abilities Clause: Evasion abilities are banned
|rule|Sleep Moves Clause: Sleep-inducing moves are banned
|clearpoke
|poke|p1|Kleavor, M|
|poke|p1|Samurott-Hisui, F|
|poke|p1|Gholdengo|
|poke|p1|Ceruledge, F|
|poke|p1|Greninja-*, M|
|poke|p1|Dragapult, F|
|poke|p2|Glimmora, F|
|poke|p2|Polteageist|
|poke|p2|Deoxys-Speed|
|poke|p2|Great Tusk|
|poke|p2|Dragonite, F|
|poke|p2|Iron Valiant|
|teampreview
|inactive|Battle timer is ON: inactive players will automatically lose when time's up. (requested by portobellomushroom)
|inactive|PepeNike also wants the timer to be on.
|
|t:|1781220034
|teamsize|p1|6
|teamsize|p2|6
|start
|switch|p1a: Kleavor|Kleavor, M|100/100
|switch|p2a: glim glam|Glimmora, F|100/100
|turn|1
|
|t:|1781220040
|move|p2a: glim glam|Power Gem|p1a: Kleavor
|-supereffective|p1a: Kleavor
|-enditem|p1a: Kleavor|Focus Sash
|-damage|p1a: Kleavor|1/100
|move|p1a: Kleavor|Stone Axe|p2a: glim glam
|-damage|p2a: glim glam|36/100
|-activate|p2a: glim glam|ability: Toxic Debris
|-sidestart|p1: PepeNike|move: Toxic Spikes
|-sidestart|p2: portobellomushroom|move: Stealth Rock
|
|upkeep
|turn|2
|
|t:|1781220052
|move|p2a: glim glam|Mortal Spin|p1a: Kleavor
|-resisted|p1a: Kleavor
|-damage|p1a: Kleavor|0 fnt
|-sideend|p2: portobellomushroom|Stealth Rock|[from] move: Mortal Spin|[of] p2a: glim glam
|faint|p1a: Kleavor
|
|upkeep
|
|t:|1781220060
|switch|p1a: Greninja|Greninja, M|100/100
|-status|p1a: Greninja|psn
|turn|3
|
|t:|1781220069
|move|p1a: Greninja|Dark Pulse|p2a: glim glam
|-damage|p2a: glim glam|0 fnt
|faint|p2a: glim glam
|-ability|p1a: Greninja|Battle Bond|boost
|-boost|p1a: Greninja|atk|1
|-boost|p1a: Greninja|spa|1
|-boost|p1a: Greninja|spe|1
|-activate|p1a: Greninja|ability: Battle Bond
|-damage|p1a: Greninja|91/100 psn|[from] item: Life Orb
|
|-damage|p1a: Greninja|78/100 psn|[from] psn
|upkeep
|
|t:|1781220084
|switch|p2a: Dnite|Dragonite, F|100/100
|turn|4
|
|t:|1781220088
|move|p1a: Greninja|Ice Beam|p2a: Dnite
|-supereffective|p2a: Dnite
|-damage|p2a: Dnite|0 fnt
|faint|p2a: Dnite
|-damage|p1a: Greninja|69/100 psn|[from] item: Life Orb
|
|-damage|p1a: Greninja|56/100 psn|[from] psn
|upkeep
|
|t:|1781220093
|switch|p2a: drank|Polteageist|100/100
|turn|5
|
|t:|1781220100
|move|p1a: Greninja|Dark Pulse|p2a: drank
|-supereffective|p2a: drank
|-enditem|p2a: drank|Focus Sash
|-damage|p2a: drank|1/100
|-damage|p1a: Greninja|46/100 psn|[from] item: Life Orb
|cant|p2a: drank|flinch
|
|-damage|p1a: Greninja|34/100 psn|[from] psn
|upkeep
|turn|6
|
|t:|1781220108
|move|p1a: Greninja|Surf|p2a: drank
|-damage|p2a: drank|0 fnt
|faint|p2a: drank
|-damage|p1a: Greninja|24/100 psn|[from] item: Life Orb
|
|-damage|p1a: Greninja|12/100 psn|[from] psn
|upkeep
|
|t:|1781220116
|switch|p2a: liting mcgoo|Deoxys-Speed|100/100
|-ability|p2a: liting mcgoo|Pressure
|turn|7
|j| TheSacredJackal⨕
|
|t:|1781220137
|move|p1a: Greninja|Water Shuriken|p2a: liting mcgoo
|-damage|p2a: liting mcgoo|80/100
|-damage|p2a: liting mcgoo|56/100
|-hitcount|p2a: liting mcgoo|2
|-damage|p1a: Greninja|2/100 psn|[from] item: Life Orb
|move|p2a: liting mcgoo|Shadow Ball|p1a: Greninja
|-resisted|p1a: Greninja
|-damage|p1a: Greninja|0 fnt
|faint|p1a: Greninja
|-damage|p2a: liting mcgoo|46/100|[from] item: Life Orb
|
|upkeep
|inactive|PepeNike has 120 seconds left.
|
|t:|1781220167
|switch|p1a: Samurott|Samurott-Hisui, F|100/100
|-status|p1a: Samurott|psn
|turn|8
|
|t:|1781220171
|move|p1a: Samurott|Sucker Punch|p2a: liting mcgoo
|-supereffective|p2a: liting mcgoo
|-damage|p2a: liting mcgoo|0 fnt
|faint|p2a: liting mcgoo
|
|-damage|p1a: Samurott|88/100 psn|[from] psn
|upkeep
|
|t:|1781220174
|switch|p2a: which set?|Iron Valiant|100/100
|-enditem|p2a: which set?|Booster Energy
|-activate|p2a: which set?|ability: Quark Drive|[fromitem]
|-start|p2a: which set?|quarkdrivespe
|turn|9
|
|t:|1781220183
|move|p2a: which set?|Swords Dance|p2a: which set?
|-boost|p2a: which set?|atk|2
|move|p1a: Samurott|Aqua Cutter|p2a: which set?
|-damage|p2a: which set?|36/100
|
|-damage|p1a: Samurott|76/100 psn|[from] psn
|upkeep
|turn|10
|
|t:|1781220194
|move|p1a: Samurott|Sucker Punch|p2a: which set?
|-resisted|p2a: which set?
|-damage|p2a: which set?|22/100
|move|p2a: which set?|Close Combat|p1a: Samurott
|-supereffective|p1a: Samurott
|-damage|p1a: Samurott|0 fnt
|-unboost|p2a: which set?|def|1
|-unboost|p2a: which set?|spd|1
|faint|p1a: Samurott
|
|upkeep
|
|t:|1781220198
|switch|p1a: Ceruledge|Ceruledge, F|100/100
|-status|p1a: Ceruledge|psn
|turn|11
|
|t:|1781220202
|move|p1a: Ceruledge|Shadow Sneak|p2a: which set?
|-damage|p2a: which set?|0 fnt
|faint|p2a: which set?
|-end|p2a: which set?|Quark Drive|[silent]
|
|-damage|p1a: Ceruledge|88/100 psn|[from] psn
|upkeep
|
|t:|1781220204
|switch|p2a: great donphan|Great Tusk|100/100
|-enditem|p2a: great donphan|Booster Energy
|-activate|p2a: great donphan|ability: Protosynthesis|[fromitem]
|-start|p2a: great donphan|protosynthesisspe
|turn|12
|j| Mega Delibird X
|inactive|PepeNike has 120 seconds left.
|
|t:|1781220235
|move|p2a: great donphan|Bulk Up|p2a: great donphan
|-boost|p2a: great donphan|atk|1
|-boost|p2a: great donphan|def|1
|move|p1a: Ceruledge|Bitter Blade|p2a: great donphan
|-damage|p2a: great donphan|78/100
|-heal|p1a: Ceruledge|100/100 psn|[from] drain|[of] p2a: great donphan
|
|-damage|p1a: Ceruledge|88/100 psn|[from] psn
|upkeep
|turn|13
|
|t:|1781220241
|move|p2a: great donphan|Headlong Rush|p1a: Ceruledge
|-supereffective|p1a: Ceruledge
|-damage|p1a: Ceruledge|0 fnt
|-unboost|p2a: great donphan|def|1
|-unboost|p2a: great donphan|spd|1
|faint|p1a: Ceruledge
|
|upkeep
|
|t:|1781220243
|switch|p1a: Gholdengo|Gholdengo|100/100
|-item|p1a: Gholdengo|Air Balloon
|turn|14
|
|t:|1781220246
|move|p2a: great donphan|Stone Edge|p1a: Gholdengo|[miss]
|-miss|p2a: great donphan|p1a: Gholdengo
|move|p1a: Gholdengo|Make It Rain|p2a: great donphan
|-damage|p2a: great donphan|0 fnt
|-unboost|p1a: Gholdengo|spa|1
|faint|p2a: great donphan
|-end|p2a: great donphan|Protosynthesis|[silent]
|
|win|PepeNike
|raw|PepeNike's rating: 1569 &rarr; <strong>1593</strong><br />(+24 for winning)
|raw|portobellomushroom's rating: 1633 &rarr; <strong>1609</strong><br />(-24 for losing)
|l|☆portobellomushroom
|player|p2|
|l| TheSacredJackal⨕
|l|☆PepeNike
|player|p1|
|l| Mega Delibird X
