|j|☆Nachoboroooo
|j|☆lizholmes
|t:|1781593070
|gametype|singles
|player|p1|Nachoboroooo|169|1498
|player|p2|lizholmes|baker|1551
|gen|9
|tier|[Gen 9] OU
|rated|
|rule|HP Percentage Mod: HP is shown in percentages
|rule|Endless Battle Clause: Forcing endless battles is banned
|rule|Species Clause: Limit one of each Pokémon
|rule|OHKO Clause: OHKO moves are banned
|rule|Evasion Items Clause: Evasion items are banned
|rule|Evasion Moves Clause: Evasion moves are banned
|rule|Evasion Abilities Clause: Evasion abilities are banned
|rule|Sleep Moves Clause: Sleep-inducing moves are banned
|clearpoke
|poke|p1|Rillaboom, F|
|poke|p1|Raging Bolt|
|poke|p1|Great Tusk|
|poke|p1|Samurott-Hisui, F|
|poke|p1|Enamorus, F|
|poke|p1|Gholdengo|
|poke|p2|Gholdengo|
|poke|p2|Iron Treads|
|poke|p2|Moltres|
|poke|p2|Zamazenta-*|
|poke|p2|Samurott-Hisui, M|
|poke|p2|Garganacl, M|
|teampreview
|inactive|Battle timer is ON: inactive players will automatically lose when time's up. (requested by lizholmes)
|
|t:|1781593101
|teamsize|p1|6
|teamsize|p2|6
|start
|switch|p1a: Rillaboom|Rillaboom, F|100/100
|switch|p2a: Samurott|Samurott-Hisui, M|100/100
|-fieldstart|move: Grassy Terrain|[from] ability: Grassy Surge|[of] p1a: Rillaboom
|turn|1
|inactive|lizholmes has 120 seconds left.
|inactive|lizholmes has 90 seconds left.
|inactive|lizholmes has 60 seconds left.
|inactive|lizholmes has 30 seconds left.
|inactive|lizholmes has 20 seconds left.
|inactive|lizholmes has 15 seconds left.
|inactive|lizholmes has 10 seconds left.
|
|t:|1781593243
|switch|p2a: Moltres|Moltres|100/100
|move|p1a: Rillaboom|U-turn|p2a: Moltres
|-resisted|p2a: Moltres
|-damage|p2a: Moltres|94/100
|
|t:|1781593249
|switch|p1a: Raging Bolt|Raging Bolt|100/100|[from] U-turn
|
|upkeep
|turn|2
|inactive|lizholmes has 25 seconds left this turn.
|
|t:|1781593253
|switch|p2a: Iron Treads|Iron Treads|100/100
|move|p1a: Raging Bolt|Draco Meteor|p2a: Iron Treads
|-resisted|p2a: Iron Treads
|-damage|p2a: Iron Treads|34/100
|-unboost|p1a: Raging Bolt|spa|2
|
|-heal|p2a: Iron Treads|40/100|[from] Grassy Terrain
|upkeep
|turn|3
|inactive|lizholmes has 30 seconds left.
|
|t:|1781593268
|-end|p1a: Raging Bolt|Protosynthesis|[silent]
|switch|p1a: Great Tusk|Great Tusk|100/100
|move|p2a: Iron Treads|Stealth Rock|p1a: Great Tusk
|-sidestart|p1: Nachoboroooo|move: Stealth Rock
|
|-heal|p2a: Iron Treads|46/100|[from] Grassy Terrain
|upkeep
|turn|4
|
|t:|1781593276
|-end|p2a: Iron Treads|Quark Drive|[silent]
|switch|p2a: Moltres|Moltres|94/100
|move|p1a: Great Tusk|Stealth Rock|p2a: Moltres
|-sidestart|p2: lizholmes|move: Stealth Rock
|
|upkeep
|turn|5
|
|t:|1781593289
|-end|p1a: Great Tusk|Protosynthesis|[silent]
|switch|p1a: Raging Bolt|Raging Bolt|100/100
|-damage|p1a: Raging Bolt|88/100|[from] Stealth Rock
|move|p2a: Moltres|Flamethrower|p1a: Raging Bolt
|-resisted|p1a: Raging Bolt
|-damage|p1a: Raging Bolt|71/100
|
|-heal|p1a: Raging Bolt|77/100|[from] Grassy Terrain
|-fieldend|move: Grassy Terrain
|upkeep
|turn|6
|
|t:|1781593300
|switch|p2a: Garganacl|Garganacl, M|100/100
|-damage|p2a: Garganacl|88/100|[from] Stealth Rock
|move|p1a: Raging Bolt|Draco Meteor|p2a: Garganacl
|-damage|p2a: Garganacl|6/100
|-unboost|p1a: Raging Bolt|spa|2
|
|-heal|p2a: Garganacl|12/100|[from] item: Leftovers
|upkeep
|turn|7
|
|t:|1781593308
|switch|p2a: Iron Treads|Iron Treads|46/100
|-damage|p2a: Iron Treads|43/100|[from] Stealth Rock
|move|p1a: Raging Bolt|Draco Meteor|p2a: Iron Treads
|-resisted|p2a: Iron Treads
|-damage|p2a: Iron Treads|11/100
|-unboost|p1a: Raging Bolt|spa|2
|
|upkeep
|turn|8
|inactive|lizholmes has 60 seconds left.
|
|t:|1781593319
|-end|p1a: Raging Bolt|Protosynthesis|[silent]
|switch|p1a: Great Tusk|Great Tusk|100/100
|-damage|p1a: Great Tusk|98/100|[from] Stealth Rock
|move|p2a: Iron Treads|Knock Off|p1a: Great Tusk
|-resisted|p1a: Great Tusk
|-damage|p1a: Great Tusk|87/100
|-damage|p2a: Iron Treads|0 fnt|[from] item: Rocky Helmet|[of] p1a: Great Tusk
|faint|p2a: Iron Treads
|-end|p2a: Iron Treads|Quark Drive|[silent]
|
|upkeep
|
|t:|1781593328
|switch|p2a: Gholdengo|Gholdengo|100/100
|-damage|p2a: Gholdengo|94/100|[from] Stealth Rock
|-item|p2a: Gholdengo|Air Balloon
|turn|9
|
|t:|1781593333
|-end|p1a: Great Tusk|Protosynthesis|[silent]
|switch|p1a: Samurott|Samurott-Hisui, F|100/100
|-damage|p1a: Samurott|88/100|[from] Stealth Rock
|move|p2a: Gholdengo|Make It Rain|p1a: Samurott
|-resisted|p1a: Samurott
|-damage|p1a: Samurott|56/100
|-unboost|p2a: Gholdengo|spa|1
|
|upkeep
|turn|10
|
|t:|1781593340
|switch|p2a: Zamazenta|Zamazenta|100/100
|-damage|p2a: Zamazenta|94/100|[from] Stealth Rock
|-ability|p2a: Zamazenta|Dauntless Shield|boost
|-boost|p2a: Zamazenta|def|1
|move|p1a: Samurott|Ceaseless Edge|p2a: Zamazenta
|-resisted|p2a: Zamazenta
|-damage|p2a: Zamazenta|78/100
|-sidestart|p2: lizholmes|Spikes
|
|upkeep
|turn|11
|
|t:|1781593351
|switch|p1a: Great Tusk|Great Tusk|87/100
|-damage|p1a: Great Tusk|84/100|[from] Stealth Rock
|move|p2a: Zamazenta|Close Combat|p1a: Great Tusk
|-damage|p1a: Great Tusk|42/100
|-unboost|p2a: Zamazenta|def|1
|-unboost|p2a: Zamazenta|spd|1
|-damage|p2a: Zamazenta|61/100|[from] item: Rocky Helmet|[of] p1a: Great Tusk
|
|upkeep
|turn|12
|
|t:|1781593358
|move|p2a: Zamazenta|Close Combat|p1a: Great Tusk
|-damage|p1a: Great Tusk|0 fnt
|-unboost|p2a: Zamazenta|def|1
|-unboost|p2a: Zamazenta|spd|1
|-damage|p2a: Zamazenta|44/100|[from] item: Rocky Helmet|[of] p1a: Great Tusk
|faint|p1a: Great Tusk
|-end|p1a: Great Tusk|Protosynthesis|[silent]
|
|upkeep
|
|t:|1781593374
|switch|p1a: Enamorus|Enamorus, F|100/100
|-damage|p1a: Enamorus|76/100|[from] Stealth Rock
|turn|13
|
|t:|1781593377
|move|p1a: Enamorus|Moonblast|p2a: Zamazenta
|-supereffective|p2a: Zamazenta
|-damage|p2a: Zamazenta|0 fnt
|faint|p2a: Zamazenta
|
|upkeep
|
|t:|1781593380
|switch|p2a: Moltres|Moltres|94/100
|turn|14
|
|t:|1781593385
|switch|p1a: Raging Bolt|Raging Bolt|77/100
|-damage|p1a: Raging Bolt|64/100|[from] Stealth Rock
|move|p2a: Moltres|Flamethrower|p1a: Raging Bolt
|-resisted|p1a: Raging Bolt
|-damage|p1a: Raging Bolt|47/100
|
|upkeep
|turn|15
|
|t:|1781593394
|switch|p2a: Garganacl|Garganacl, M|12/100
|-damage|p2a: Garganacl|0 fnt|[from] Stealth Rock
|faint|p2a: Garganacl
|move|p1a: Raging Bolt|Volt Switch|p2: Garganacl|[notarget]
|-fail|p1a: Raging Bolt
|
|upkeep
|
|t:|1781593397
|switch|p2a: Samurott|Samurott-Hisui, M|100/100
|-damage|p2a: Samurott|88/100|[from] Stealth Rock
|-damage|p2a: Samurott|76/100|[from] Spikes
|turn|16
|
|t:|1781593404
|move|p2a: Samurott|Ceaseless Edge|p1a: Raging Bolt|[miss]
|-miss|p2a: Samurott|p1a: Raging Bolt
|move|p1a: Raging Bolt|Volt Switch|p2a: Samurott
|-supereffective|p2a: Samurott
|-damage|p2a: Samurott|0 fnt
|faint|p2a: Samurott
|-message|lizholmes forfeited.
|
|win|Nachoboroooo
|raw|Nachoboroooo's rating: 1498 &rarr; <strong>1521</strong><br />(+23 for winning)
|raw|lizholmes's rating: 1551 &rarr; <strong>1528</strong><br />(-23 for losing)
|l|☆lizholmes
|player|p2|
|l|☆Nachoboroooo
|player|p1|
