|j|‽LT_Alt1
|j|☆icylikedecember
|t:|1781167380
|gametype|singles
|player|p1|LT_Alt1|266|1714
|player|p2|icylikedecember|smasher|1716
|gen|9
|tier|[Gen 9] OU
|rated|
|rule|HP Percentage Mod: HP is shown in percentages
|rule|Endless Battle Clause: Forcing endless battles is banned
|rule|Species Clause: Limit one of each Pokémon
|rule|OHKO Clause: OHKO moves are banned
|rule|Evasion Items Clause: Evasion items are banned
|rule|Evasion Moves Clause: Evasion moves are banned
|rule|Evasion Abilities Clause: Evasion abilities are banned
|rule|Sleep Moves Clause: Sleep-inducing moves are banned
|clearpoke
|poke|p1|Kyurem|
|poke|p1|Raging Bolt|
|poke|p1|Hatterene, F|
|poke|p1|Slowking-Galar, F|
|poke|p1|Ting-Lu|
|poke|p1|Corviknight, M|
|poke|p2|Corviknight, M|
|poke|p2|Slowking-Galar, M|
|poke|p2|Darkrai|
|poke|p2|Kyurem|
|poke|p2|Zamazenta-*|
|poke|p2|Samurott-Hisui, M|
|teampreview
|inactive|Battle timer is ON: inactive players will automatically lose when time's up. (requested by icylikedecember)
|
|t:|1781167393
|teamsize|p1|6
|teamsize|p2|6
|start
|switch|p1a: Raging Bolt|Raging Bolt|100/100
|switch|p2a: Slowking|Slowking-Galar, M, shiny|100/100
|turn|1
|
|t:|1781167399
|move|p1a: Raging Bolt|Volt Switch|p2a: Slowking
|-damage|p2a: Slowking|80/100
|
|t:|1781167405
|-end|p1a: Raging Bolt|Protosynthesis|[silent]
|switch|p1a: Slowking|Slowking-Galar, F|100/100|[from] Volt Switch
|move|p2a: Slowking|Psyshock|p1a: Slowking
|-damage|p1a: Slowking|65/100
|
|upkeep
|turn|2
|
|t:|1781167417
|move|p2a: Slowking|Psyshock|p1a: Slowking
|-damage|p1a: Slowking|31/100
|-prepare|p1a: Slowking|Chilly Reception|[premajor]
|move|p1a: Slowking|Chilly Reception|p1a: Slowking
|-weather|Snowscape
|j| yuureisuisei
|l| yuureisuisei
|
|t:|1781167428
|switch|p1a: Raging Bolt|Raging Bolt|100/100|[from] Chilly Reception
|
|-weather|Snowscape|[upkeep]
|upkeep
|turn|3
|
|t:|1781167438
|move|p1a: Raging Bolt|Volt Switch|p2a: Slowking
|-damage|p2a: Slowking|60/100
|
|t:|1781167452
|-end|p1a: Raging Bolt|Protosynthesis|[silent]
|switch|p1a: Slowking|Slowking-Galar, F|64/100|[from] Volt Switch
|move|p2a: Slowking|Ice Beam|p1a: Slowking
|-damage|p1a: Slowking|45/100
|-status|p1a: Slowking|frz
|
|-weather|Snowscape|[upkeep]
|upkeep
|turn|4
|j| PTfls
|inactive|LT_Alt1 has 120 seconds left.
|n|‽LT_Alt1|ltalt1
|n|‽LT_Alt1|ltalt1
|
|t:|1781167491
|switch|p2a: Samurott|Samurott-Hisui, M|100/100
|switch|p1a: Ting-Lu|Ting-Lu|100/100
|-ability|p1a: Ting-Lu|Vessel of Ruin
|
|-weather|Snowscape|[upkeep]
|upkeep
|turn|5
|
|t:|1781167496
|move|p2a: Samurott|Razor Shell|p1a: Ting-Lu
|-supereffective|p1a: Ting-Lu
|-damage|p1a: Ting-Lu|50/100
|-unboost|p1a: Ting-Lu|def|1
|move|p1a: Ting-Lu|Ruination|p2a: Samurott
|-damage|p2a: Samurott|51/100
|
|-weather|Snowscape|[upkeep]
|-heal|p1a: Ting-Lu|56/100|[from] item: Leftovers
|upkeep
|turn|6
|
|t:|1781167502
|switch|p1a: Corviknight|Corviknight, M|100/100
|-ability|p1a: Corviknight|Pressure
|move|p2a: Samurott|Razor Shell|p1a: Corviknight
|-damage|p1a: Corviknight|66/100
|-unboost|p1a: Corviknight|def|1
|-damage|p2a: Samurott|34/100|[from] item: Rocky Helmet|[of] p1a: Corviknight
|
|-weather|none
|upkeep
|turn|7
|
|t:|1781167510
|switch|p2a: Corviknight|Corviknight, M, shiny|100/100
|-ability|p2a: Corviknight|Pressure
|move|p1a: Corviknight|Roost|p1a: Corviknight
|-heal|p1a: Corviknight|100/100
|-singleturn|p1a: Corviknight|move: Roost
|
|upkeep
|turn|8
|
|t:|1781167513
|switch|p1a: Slowking|Slowking-Galar, F|78/100 frz
|move|p2a: Corviknight|U-turn|p1a: Slowking
|-damage|p1a: Slowking|65/100 frz
|
|t:|1781167521
|switch|p2a: Darkrai|Darkrai|100/100|[from] U-turn
|
|upkeep
|turn|9
|
|t:|1781167526
|switch|p1a: Hatterene|Hatterene, F|100/100
|move|p2a: Darkrai|Dark Pulse|p1a: Hatterene
|-damage|p1a: Hatterene|60/100
|
|-heal|p1a: Hatterene|66/100|[from] item: Leftovers
|upkeep
|turn|10
|
|t:|1781167533
|-terastallize|p2a: Darkrai|Poison
|move|p2a: Darkrai|Sludge Bomb|p1a: Hatterene
|-supereffective|p1a: Hatterene
|-damage|p1a: Hatterene|0 fnt
|faint|p1a: Hatterene
|
|upkeep
|
|t:|1781167538
|switch|p1a: Raging Bolt|Raging Bolt|100/100
|turn|11
|
|t:|1781167540
|move|p2a: Darkrai|Ice Beam|p1a: Raging Bolt
|-supereffective|p1a: Raging Bolt
|-damage|p1a: Raging Bolt|54/100
|move|p1a: Raging Bolt|Thunderbolt|p2a: Darkrai
|-damage|p2a: Darkrai|38/100
|
|upkeep
|turn|12
|
|t:|1781167545
|switch|p2a: Slowking|Slowking-Galar, M, shiny|93/100
|move|p1a: Raging Bolt|Volt Switch|p2a: Slowking
|-damage|p2a: Slowking|72/100
|
|t:|1781167550
|-end|p1a: Raging Bolt|Protosynthesis|[silent]
|switch|p1a: Corviknight|Corviknight, M|100/100|[from] Volt Switch
|-ability|p1a: Corviknight|Pressure
|
|upkeep
|turn|13
|
|t:|1781167552
|switch|p1a: Slowking|Slowking-Galar, F|98/100 frz
|move|p2a: Slowking|Flamethrower|p1a: Slowking
|-damage|p1a: Slowking|79/100 frz
|-curestatus|p1a: Slowking|frz|[msg]
|
|upkeep
|turn|14
|
|t:|1781167558
|move|p2a: Slowking|Psyshock|p1a: Slowking
|-damage|p1a: Slowking|48/100
|move|p1a: Slowking|Future Sight|p2a: Slowking
|-start|p1a: Slowking|move: Future Sight
|
|upkeep
|turn|15
|
|t:|1781167562
|move|p2a: Slowking|Ice Beam|p1a: Slowking
|-damage|p1a: Slowking|30/100
|-prepare|p1a: Slowking|Chilly Reception|[premajor]
|move|p1a: Slowking|Chilly Reception|p1a: Slowking
|-weather|Snowscape
|
|t:|1781167567
|switch|p1a: Kyurem|Kyurem|100/100|[from] Chilly Reception
|-ability|p1a: Kyurem|Pressure
|
|-weather|Snowscape|[upkeep]
|upkeep
|turn|16
|
|t:|1781167572
|-terastallize|p1a: Kyurem|Ice
|move|p1a: Kyurem|Blizzard|p2a: Slowking
|-damage|p2a: Slowking|17/100
|move|p2a: Slowking|Sludge Bomb|p1a: Kyurem
|-damage|p1a: Kyurem|62/100
|
|-weather|Snowscape|[upkeep]
|-end|p2a: Slowking|move: Future Sight
|-damage|p2a: Slowking|0 fnt
|faint|p2a: Slowking
|upkeep
|
|t:|1781167586
|switch|p2a: Samurott|Samurott-Hisui, M|34/100
|turn|17
|
|t:|1781167590
|move|p2a: Samurott|Knock Off|p1a: Kyurem
|-damage|p1a: Kyurem|36/100
|-enditem|p1a: Kyurem|Choice Specs|[from] move: Knock Off|[of] p2a: Samurott
|move|p1a: Kyurem|Blizzard|p2a: Samurott
|-resisted|p2a: Samurott
|-damage|p2a: Samurott|0 fnt
|faint|p2a: Samurott
|
|-weather|Snowscape|[upkeep]
|upkeep
|
|t:|1781167599
|switch|p2a: Darkrai|Darkrai, tera:Poison|38/100
|turn|18
|
|t:|1781167605
|switch|p1a: Ting-Lu|Ting-Lu|56/100
|-ability|p1a: Ting-Lu|Vessel of Ruin
|move|p2a: Darkrai|Focus Blast|p1a: Ting-Lu|[miss]
|-miss|p2a: Darkrai|p1a: Ting-Lu
|
|-weather|Snowscape|[upkeep]
|-heal|p1a: Ting-Lu|62/100|[from] item: Leftovers
|upkeep
|turn|19
|
|t:|1781167612
|switch|p2a: Kyurem|Kyurem|100/100
|-ability|p2a: Kyurem|Pressure
|move|p1a: Ting-Lu|Earthquake|p2a: Kyurem
|-damage|p2a: Kyurem|76/100
|
|-weather|none
|-heal|p1a: Ting-Lu|69/100|[from] item: Leftovers
|upkeep
|turn|20
|
|t:|1781167626
|switch|p1a: Kyurem|Kyurem, tera:Ice|36/100
|-ability|p1a: Kyurem|Pressure
|move|p2a: Kyurem|Ice Beam|p1a: Kyurem
|-resisted|p1a: Kyurem
|-damage|p1a: Kyurem|15/100
|
|upkeep
|turn|21
|
|t:|1781167631
|move|p1a: Kyurem|Draco Meteor|p2a: Kyurem
|-supereffective|p2a: Kyurem
|-damage|p2a: Kyurem|0 fnt
|-unboost|p1a: Kyurem|spa|2
|faint|p2a: Kyurem
|
|upkeep
|
|t:|1781167634
|switch|p2a: Darkrai|Darkrai, tera:Poison|38/100
|turn|22
|
|t:|1781167642
|switch|p1a: Slowking|Slowking-Galar, F|63/100
|move|p2a: Darkrai|Focus Blast|p1a: Slowking|[miss]
|-miss|p2a: Darkrai|p1a: Slowking
|
|upkeep
|turn|23
|
|t:|1781167650
|switch|p1a: Ting-Lu|Ting-Lu|69/100
|-ability|p1a: Ting-Lu|Vessel of Ruin
|move|p2a: Darkrai|Dark Pulse|p1a: Ting-Lu
|-resisted|p1a: Ting-Lu
|-damage|p1a: Ting-Lu|59/100
|
|-heal|p1a: Ting-Lu|65/100|[from] item: Leftovers
|upkeep
|turn|24
|
|t:|1781167657
|switch|p2a: Zamazenta|Zamazenta|100/100
|-ability|p2a: Zamazenta|Dauntless Shield|boost
|-boost|p2a: Zamazenta|def|1
|move|p1a: Ting-Lu|Earthquake|p2a: Zamazenta
|-damage|p2a: Zamazenta|82/100
|
|-heal|p2a: Zamazenta|88/100|[from] item: Leftovers
|-heal|p1a: Ting-Lu|72/100|[from] item: Leftovers
|upkeep
|turn|25
|
|t:|1781167663
|switch|p1a: Corviknight|Corviknight, M|100/100
|-ability|p1a: Corviknight|Pressure
|move|p2a: Zamazenta|Iron Defense|p2a: Zamazenta
|-boost|p2a: Zamazenta|def|2
|
|-heal|p2a: Zamazenta|94/100|[from] item: Leftovers
|upkeep
|turn|26
|
|t:|1781167671
|move|p2a: Zamazenta|Body Press|p1a: Corviknight
|-damage|p1a: Corviknight|42/100
|-damage|p2a: Zamazenta|78/100|[from] item: Rocky Helmet|[of] p1a: Corviknight
|move|p1a: Corviknight|Iron Defense|p1a: Corviknight
|-boost|p1a: Corviknight|def|2
|
|-heal|p2a: Zamazenta|84/100|[from] item: Leftovers
|upkeep
|turn|27
|
|t:|1781167678
|move|p1a: Corviknight|Roost|p1a: Corviknight
|-heal|p1a: Corviknight|92/100
|-singleturn|p1a: Corviknight|move: Roost
|move|p2a: Zamazenta|Roar|p1a: Corviknight
|drag|p1a: Slowking|Slowking-Galar, F|96/100
|
|-heal|p2a: Zamazenta|90/100|[from] item: Leftovers
|upkeep
|turn|28
|
|t:|1781167682
|move|p2a: Zamazenta|Crunch|p1a: Slowking
|-supereffective|p1a: Slowking
|-damage|p1a: Slowking|59/100
|move|p1a: Slowking|Future Sight|p2a: Zamazenta
|-start|p1a: Slowking|move: Future Sight
|
|-heal|p2a: Zamazenta|96/100|[from] item: Leftovers
|upkeep
|turn|29
|
|t:|1781167689
|switch|p1a: Corviknight|Corviknight, M|92/100
|-ability|p1a: Corviknight|Pressure
|move|p2a: Zamazenta|Crunch|p1a: Corviknight
|-damage|p1a: Corviknight|78/100
|-unboost|p1a: Corviknight|def|1
|-damage|p2a: Zamazenta|80/100|[from] item: Rocky Helmet|[of] p1a: Corviknight
|
|-heal|p2a: Zamazenta|86/100|[from] item: Leftovers
|upkeep
|turn|30
|
|t:|1781167695
|switch|p2a: Corviknight|Corviknight, M, shiny|100/100
|-ability|p2a: Corviknight|Pressure
|switch|p1a: Slowking|Slowking-Galar, F|92/100
|
|-end|p2a: Corviknight|move: Future Sight
|-resisted|p2a: Corviknight
|-damage|p2a: Corviknight|78/100
|upkeep
|turn|31
|
|t:|1781167701
|move|p2a: Corviknight|Brave Bird|p1a: Slowking
|-damage|p1a: Slowking|61/100
|-damage|p2a: Corviknight|68/100|[from] Recoil
|move|p1a: Slowking|Flamethrower|p2a: Corviknight
|-supereffective|p2a: Corviknight
|-damage|p2a: Corviknight|28/100
|
|upkeep
|turn|32
|-message|icylikedecember forfeited.
|
|win|LT_Alt1
|raw|LT_Alt1's rating: 1689 &rarr; <strong>1711</strong><br />(+22 for winning)
|raw|icylikedecember's rating: 1716 &rarr; <strong>1694</strong><br />(-22 for losing)
|l|☆icylikedecember
|player|p2|
|l| PTfls
|j| PTfls
|l| PTfls
