|j|☆shumnky yeat
|j|☆KurisuChestnutOU
|t:|1781137357
|gametype|singles
|player|p1|shumnky yeat|preschooler|1617
|player|p2|KurisuChestnutOU|may-contest|1563
|gen|9
|tier|[Gen 9] OU
|rated|
|rule|HP Percentage Mod: HP is shown in percentages
|rule|Endless Battle Clause: Forcing endless battles is banned
|rule|Species Clause: Limit one of each Pokémon
|rule|OHKO Clause: OHKO moves are banned
|rule|Evasion Items Clause: Evasion items are banned
|rule|Evasion Moves Clause: Evasion moves are banned
|rule|Evasion Abilities Clause: Evasion abilities are banned
|rule|Sleep Moves Clause: Sleep-inducing moves are banned
|clearpoke
|poke|p1|Dragapult, F|
|poke|p1|Ogerpon-Wellspring, F|
|poke|p1|Corviknight, F|
|poke|p1|Cinderace, F|
|poke|p1|Ting-Lu|
|poke|p1|Slowking-Galar, M|
|poke|p2|Hawlucha, F|
|poke|p2|Samurott-Hisui, F|
|poke|p2|Rillaboom, F|
|poke|p2|Gholdengo|
|poke|p2|Kyurem|
|poke|p2|Landorus-Therian, M|
|teampreview
|inactive|Battle timer is ON: inactive players will automatically lose when time's up. (requested by KurisuChestnutOU)
|
|t:|1781137373
|teamsize|p1|6
|teamsize|p2|6
|start
|switch|p1a: Corviknight|Corviknight, F, shiny|100/100
|switch|p2a: Gholdengo|Gholdengo|100/100
|-ability|p1a: Corviknight|Pressure
|turn|1
|
|t:|1781137377
|switch|p2a: Rillaboom|Rillaboom, F|100/100
|-fieldstart|move: Grassy Terrain|[from] ability: Grassy Surge|[of] p2a: Rillaboom
|move|p1a: Corviknight|U-turn|p2a: Rillaboom
|-supereffective|p2a: Rillaboom
|-damage|p2a: Rillaboom|69/100
|
|t:|1781137381
|switch|p1a: Cinderace|Cinderace, F|100/100|[from] U-turn
|
|-heal|p2a: Rillaboom|75/100|[from] Grassy Terrain
|upkeep
|turn|2
|
|t:|1781137389
|-terastallize|p2a: Rillaboom|Fire
|move|p1a: Cinderace|U-turn|p2a: Rillaboom
|-start|p1a: Cinderace|typechange|Bug|[from] ability: Libero
|-resisted|p2a: Rillaboom
|-damage|p2a: Rillaboom|58/100
|
|t:|1781137398
|switch|p1a: Corviknight|Corviknight, F, shiny|100/100|[from] U-turn
|-ability|p1a: Corviknight|Pressure
|move|p2a: Rillaboom|Knock Off|p1a: Corviknight
|-damage|p1a: Corviknight|81/100
|-damage|p2a: Rillaboom|42/100|[from] item: Rocky Helmet|[of] p1a: Corviknight
|-enditem|p1a: Corviknight|Rocky Helmet|[from] move: Knock Off|[of] p2a: Rillaboom
|
|-heal|p2a: Rillaboom|48/100|[from] Grassy Terrain
|upkeep
|turn|3
|
|t:|1781137407
|move|p2a: Rillaboom|Swords Dance|p2a: Rillaboom
|-boost|p2a: Rillaboom|atk|2
|move|p1a: Corviknight|U-turn|p2a: Rillaboom
|-resisted|p2a: Rillaboom
|-damage|p2a: Rillaboom|41/100
|
|t:|1781137431
|switch|p1a: Dragapult|Dragapult, F|100/100|[from] U-turn
|
|-heal|p2a: Rillaboom|47/100|[from] Grassy Terrain
|upkeep
|turn|4
|
|t:|1781137436
|move|p2a: Rillaboom|Grassy Glide|p1a: Dragapult
|-resisted|p1a: Dragapult
|-damage|p1a: Dragapult|47/100
|move|p1a: Dragapult|Shadow Ball|p2a: Rillaboom
|-damage|p2a: Rillaboom|0 fnt
|faint|p2a: Rillaboom
|
|-heal|p1a: Dragapult|53/100|[from] Grassy Terrain
|upkeep
|
|t:|1781137441
|switch|p2a: Kyurem|Kyurem|100/100
|-ability|p2a: Kyurem|Pressure
|turn|5
|
|t:|1781137448
|switch|p1a: Cinderace|Cinderace, F|100/100
|move|p2a: Kyurem|Ice Beam|p1a: Cinderace
|-resisted|p1a: Cinderace
|-damage|p1a: Cinderace|67/100
|
|-heal|p1a: Cinderace|73/100|[from] Grassy Terrain
|-fieldend|move: Grassy Terrain
|upkeep
|turn|6
|
|t:|1781137452
|move|p1a: Cinderace|U-turn|p2a: Kyurem
|-start|p1a: Cinderace|typechange|Bug|[from] ability: Libero
|-damage|p2a: Kyurem|66/100
|
|t:|1781137457
|switch|p1a: Corviknight|Corviknight, F, shiny|81/100|[from] U-turn
|-ability|p1a: Corviknight|Pressure
|move|p2a: Kyurem|Ice Beam|p1a: Corviknight
|-damage|p1a: Corviknight|38/100
|
|upkeep
|turn|7
|
|t:|1781137465
|switch|p1a: Slowking|Slowking-Galar, M|100/100
|move|p2a: Kyurem|Ice Beam|p1a: Slowking
|-damage|p1a: Slowking|75/100
|
|upkeep
|turn|8
|
|t:|1781137469
|move|p2a: Kyurem|Earth Power|p1a: Slowking
|-supereffective|p1a: Slowking
|-damage|p1a: Slowking|37/100
|move|p1a: Slowking|Sludge Bomb|p2a: Kyurem
|-damage|p2a: Kyurem|46/100
|
|upkeep
|turn|9
|
|t:|1781137477
|move|p2a: Kyurem|Ice Beam|p1a: Slowking
|-damage|p1a: Slowking|8/100
|move|p1a: Slowking|Sludge Bomb|p2a: Kyurem
|-damage|p2a: Kyurem|25/100
|-status|p2a: Kyurem|psn
|
|-damage|p2a: Kyurem|13/100 psn|[from] psn
|upkeep
|turn|10
|
|t:|1781137484
|switch|p1a: Cinderace|Cinderace, F|73/100
|move|p2a: Kyurem|Ice Beam|p1a: Cinderace
|-resisted|p1a: Cinderace
|-damage|p1a: Cinderace|39/100
|
|-damage|p2a: Kyurem|0 fnt|[from] psn
|faint|p2a: Kyurem
|upkeep
|
|t:|1781137489
|switch|p2a: Samurott|Samurott-Hisui, F|100/100
|turn|11
|
|t:|1781137495
|switch|p1a: Corviknight|Corviknight, F, shiny|38/100
|-ability|p1a: Corviknight|Pressure
|move|p2a: Samurott|Sucker Punch||[still]
|-fail|p2a: Samurott
|
|upkeep
|turn|12
|
|t:|1781137499
|move|p2a: Samurott|Flip Turn|p1a: Corviknight
|-damage|p1a: Corviknight|22/100
|
|t:|1781137506
|switch|p2a: Gholdengo|Gholdengo|100/100|[from] Flip Turn
|move|p1a: Corviknight|Roost|p1a: Corviknight
|-heal|p1a: Corviknight|72/100
|-singleturn|p1a: Corviknight|move: Roost
|
|upkeep
|turn|13
|
|t:|1781137510
|move|p2a: Gholdengo|Shadow Ball|p1a: Corviknight
|-damage|p1a: Corviknight|31/100
|move|p1a: Corviknight|U-turn|p2a: Gholdengo
|-resisted|p2a: Gholdengo
|-damage|p2a: Gholdengo|97/100
|
|t:|1781137523
|switch|p1a: Dragapult|Dragapult, F|53/100|[from] U-turn
|
|upkeep
|turn|14
|
|t:|1781137526
|switch|p2a: Hawlucha|Hawlucha, F|100/100
|move|p1a: Dragapult|U-turn|p2a: Hawlucha
|-resisted|p2a: Hawlucha
|-damage|p2a: Hawlucha|95/100
|
|t:|1781137538
|switch|p1a: Slowking|Slowking-Galar, M|41/100|[from] U-turn
|
|upkeep
|turn|15
|
|t:|1781137545
|switch|p2a: Gholdengo|Gholdengo|97/100
|move|p1a: Slowking|Future Sight|p2a: Gholdengo
|-start|p1a: Slowking|move: Future Sight
|
|upkeep
|turn|16
|
|t:|1781137550
|switch|p2a: Samurott|Samurott-Hisui, F|100/100
|switch|p1a: Ting-Lu|Ting-Lu|100/100
|-ability|p1a: Ting-Lu|Vessel of Ruin
|
|upkeep
|turn|17
|
|t:|1781137557
|move|p2a: Samurott|Knock Off|p1a: Ting-Lu
|-resisted|p1a: Ting-Lu
|-damage|p1a: Ting-Lu|89/100
|-enditem|p1a: Ting-Lu|Leftovers|[from] move: Knock Off|[of] p2a: Samurott
|move|p1a: Ting-Lu|Whirlwind|p2a: Samurott
|drag|p2a: Landorus|Landorus-Therian, M|100/100
|-ability|p2a: Landorus|Intimidate|boost
|-unboost|p1a: Ting-Lu|atk|1
|
|-end|p2a: Landorus|move: Future Sight
|-damage|p2a: Landorus|64/100
|upkeep
|turn|18
|
|t:|1781137568
|switch|p1a: Corviknight|Corviknight, F, shiny|31/100
|-ability|p1a: Corviknight|Pressure
|move|p2a: Landorus|Stealth Rock|p1a: Corviknight
|-sidestart|p1: shumnky yeat|move: Stealth Rock
|
|upkeep
|turn|19
|
|t:|1781137573
|move|p2a: Landorus|Taunt|p1a: Corviknight
|-start|p1a: Corviknight|move: Taunt
|cant|p1a: Corviknight|move: Taunt|Roost
|
|upkeep
|turn|20
|
|t:|1781137579
|move|p2a: Landorus|U-turn|p1a: Corviknight
|-resisted|p1a: Corviknight
|-damage|p1a: Corviknight|28/100
|
|t:|1781137584
|switch|p2a: Gholdengo|Gholdengo|97/100|[from] U-turn
|move|p1a: Corviknight|U-turn|p2a: Gholdengo
|-resisted|p2a: Gholdengo
|-damage|p2a: Gholdengo|93/100
|
|t:|1781137586
|switch|p1a: Cinderace|Cinderace, F|39/100|[from] U-turn
|
|upkeep
|turn|21
|
|t:|1781137589
|switch|p2a: Hawlucha|Hawlucha, F|95/100
|move|p1a: Cinderace|Court Change|p1a: Cinderace
|-start|p1a: Cinderace|typechange|Normal|[from] ability: Libero
|-swapsideconditions
|-activate|p1a: Cinderace|move: Court Change
|
|upkeep
|turn|22
|
|t:|1781137606
|move|p1a: Cinderace|Pyro Ball|p2a: Hawlucha
|-damage|p2a: Hawlucha|48/100
|move|p2a: Hawlucha|Acrobatics|p1a: Cinderace
|-damage|p1a: Cinderace|0 fnt
|faint|p1a: Cinderace
|
|upkeep
|
|t:|1781137614
|switch|p1a: Dragapult|Dragapult, F|53/100
|turn|23
|
|t:|1781137621
|move|p1a: Dragapult|Shadow Ball|p2a: Hawlucha
|-damage|p2a: Hawlucha|0 fnt
|faint|p2a: Hawlucha
|
|upkeep
|
|t:|1781137624
|switch|p2a: Gholdengo|Gholdengo|93/100
|-damage|p2a: Gholdengo|87/100|[from] Stealth Rock
|turn|24
|
|t:|1781137631
|switch|p2a: Samurott|Samurott-Hisui, F|100/100
|-damage|p2a: Samurott|88/100|[from] Stealth Rock
|move|p1a: Dragapult|Shadow Ball|p2a: Samurott
|-resisted|p2a: Samurott
|-damage|p2a: Samurott|71/100
|
|upkeep
|turn|25
|
|t:|1781137641
|switch|p1a: Corviknight|Corviknight, F, shiny|28/100
|-ability|p1a: Corviknight|Pressure
|move|p2a: Samurott|Ceaseless Edge|p1a: Corviknight
|-damage|p1a: Corviknight|6/100
|-sidestart|p1: shumnky yeat|Spikes
|
|upkeep
|turn|26
|
|t:|1781137647
|move|p2a: Samurott|Ceaseless Edge|p1a: Corviknight
|-damage|p1a: Corviknight|0 fnt
|-sidestart|p1: shumnky yeat|Spikes
|faint|p1a: Corviknight
|
|upkeep
|
|t:|1781137663
|switch|p1a: Ogerpon|Ogerpon-Wellspring, F|100/100
|-damage|p1a: Ogerpon|84/100|[from] Spikes
|turn|27
|
|t:|1781137672
|switch|p2a: Gholdengo|Gholdengo|87/100
|-damage|p2a: Gholdengo|80/100|[from] Stealth Rock
|move|p1a: Ogerpon|Power Whip|p2a: Gholdengo
|-resisted|p2a: Gholdengo
|-damage|p2a: Gholdengo|39/100
|
|upkeep
|turn|28
|
|t:|1781137678
|move|p2a: Gholdengo|Shadow Ball|p1a: Ogerpon
|-damage|p1a: Ogerpon|32/100
|move|p1a: Ogerpon|Ivy Cudgel|p2a: Gholdengo|[anim] Ivy Cudgel Water
|-damage|p2a: Gholdengo|0 fnt
|faint|p2a: Gholdengo
|
|upkeep
|
|t:|1781137683
|switch|p2a: Samurott|Samurott-Hisui, F|71/100
|-damage|p2a: Samurott|58/100|[from] Stealth Rock
|turn|29
|
|t:|1781137693
|move|p2a: Samurott|Sucker Punch||[still]
|-fail|p2a: Samurott
|move|p1a: Ogerpon|Encore|p2a: Samurott
|-start|p2a: Samurott|Encore
|
|upkeep
|turn|30
|
|t:|1781137720
|switch|p1a: Ting-Lu|Ting-Lu|89/100
|-damage|p1a: Ting-Lu|72/100|[from] Spikes
|-ability|p1a: Ting-Lu|Vessel of Ruin
|move|p2a: Samurott|Sucker Punch||[still]
|-fail|p2a: Samurott
|
|upkeep
|turn|31
|
|t:|1781137725
|move|p2a: Samurott|Sucker Punch|p1a: Ting-Lu
|-resisted|p1a: Ting-Lu
|-damage|p1a: Ting-Lu|64/100
|move|p1a: Ting-Lu|Ruination|p2a: Samurott
|-damage|p2a: Samurott|29/100
|
|upkeep
|turn|32
|
|t:|1781137730
|switch|p2a: Landorus|Landorus-Therian, M|64/100
|-damage|p2a: Landorus|52/100|[from] Stealth Rock
|-ability|p2a: Landorus|Intimidate|boost
|-unboost|p1a: Ting-Lu|atk|1
|move|p1a: Ting-Lu|Earthquake|p2a: Landorus
|-immune|p2a: Landorus
|
|upkeep
|turn|33
|
|t:|1781137734
|switch|p2a: Samurott|Samurott-Hisui, F|29/100
|-damage|p2a: Samurott|17/100|[from] Stealth Rock
|move|p1a: Ting-Lu|Whirlwind|p2a: Samurott
|drag|p2a: Landorus|Landorus-Therian, M|52/100
|-damage|p2a: Landorus|39/100|[from] Stealth Rock
|-ability|p2a: Landorus|Intimidate|boost
|-unboost|p1a: Ting-Lu|atk|1
|
|upkeep
|turn|34
|
|t:|1781137741
|move|p2a: Landorus|Stealth Rock|p1a: Ting-Lu
|-sidestart|p1: shumnky yeat|move: Stealth Rock
|move|p1a: Ting-Lu|Whirlwind|p2a: Landorus
|drag|p2a: Samurott|Samurott-Hisui, F|17/100
|-damage|p2a: Samurott|4/100|[from] Stealth Rock
|
|upkeep
|turn|35
|
|t:|1781137745
|move|p2a: Samurott|Flip Turn|p1a: Ting-Lu
|-supereffective|p1a: Ting-Lu
|-damage|p1a: Ting-Lu|38/100
|
|t:|1781137752
|switch|p2a: Landorus|Landorus-Therian, M|39/100|[from] Flip Turn
|-damage|p2a: Landorus|27/100|[from] Stealth Rock
|-ability|p2a: Landorus|Intimidate|boost
|-unboost|p1a: Ting-Lu|atk|1
|move|p1a: Ting-Lu|Whirlwind|p2a: Landorus
|drag|p2a: Samurott|Samurott-Hisui, F|4/100
|-damage|p2a: Samurott|0 fnt|[from] Stealth Rock
|faint|p2a: Samurott
|
|upkeep
|
|t:|1781137759
|switch|p2a: Landorus|Landorus-Therian, M|27/100
|-damage|p2a: Landorus|15/100|[from] Stealth Rock
|-ability|p2a: Landorus|Intimidate|boost
|-unboost|p1a: Ting-Lu|atk|1
|turn|36
|
|t:|1781137766
|move|p2a: Landorus|Earth Power|p1a: Ting-Lu
|-damage|p1a: Ting-Lu|23/100
|move|p1a: Ting-Lu|Ruination|p2a: Landorus
|-damage|p2a: Landorus|8/100
|
|upkeep
|turn|37
|
|t:|1781137772
|move|p2a: Landorus|Earth Power|p1a: Ting-Lu
|-damage|p1a: Ting-Lu|9/100
|move|p1a: Ting-Lu|Ruination|p2a: Landorus
|-damage|p2a: Landorus|4/100
|
|upkeep
|turn|38
|
|t:|1781137776
|move|p2a: Landorus|Earth Power|p1a: Ting-Lu
|-damage|p1a: Ting-Lu|0 fnt
|faint|p1a: Ting-Lu
|
|upkeep
|
|t:|1781137779
|switch|p1a: Dragapult|Dragapult, F|53/100
|-damage|p1a: Dragapult|36/100|[from] Spikes
|-damage|p1a: Dragapult|24/100|[from] Stealth Rock
|turn|39
|
|t:|1781137785
|-terastallize|p1a: Dragapult|Ghost
|move|p1a: Dragapult|Shadow Ball|p2a: Landorus
|-damage|p2a: Landorus|0 fnt
|faint|p2a: Landorus
|
|win|shumnky yeat
|raw|shumnky yeat's rating: 1617 &rarr; <strong>1636</strong><br />(+19 for winning)
|raw|KurisuChestnutOU's rating: 1598 &rarr; <strong>1579</strong><br />(-19 for losing)
|c|☆shumnky yeat|gg
