|j|☆Verbalseduction
|j|☆LowEL0God
|t:|1781515997
|gametype|singles
|player|p1|Verbalseduction|169|1641
|player|p2|LowEL0God|265|1621
|gen|9
|tier|[Gen 9] OU
|rated|
|rule|HP Percentage Mod: HP is shown in percentages
|rule|Endless Battle Clause: Forcing endless battles is banned
|rule|Species Clause: Limit one of each Pokémon
|rule|OHKO Clause: OHKO moves are banned
|rule|Evasion Items Clause: Evasion items are banned
|rule|Evasion Moves Clause: Evasion moves are banned
|rule|Evasion Abilities Clause: Evasion abilities are banned
|rule|Sleep Moves Clause: Sleep-inducing moves are banned
|clearpoke
|poke|p1|Dondozo, F|
|poke|p1|Corviknight, F|
|poke|p1|Blissey, F|
|poke|p1|Gliscor, F|
|poke|p1|Toxapex, F|
|poke|p1|Weezing-Galar, F|
|poke|p2|Pelipper, M|
|poke|p2|Raging Bolt|
|poke|p2|Overqwil, F|
|poke|p2|Barraskewda, M|
|poke|p2|Iron Treads|
|poke|p2|Kingambit, M|
|teampreview
|c|☆LowEL0God|hf
|inactive|Battle timer is ON: inactive players will automatically lose when time's up. (requested by LowEL0God)
|
|t:|1781516005
|teamsize|p1|6
|teamsize|p2|6
|start
|switch|p1a: Weezing|Weezing-Galar, F|100/100
|switch|p2a: Barraskewda|Barraskewda, M|100/100
|-ability|p1a: Weezing|Neutralizing Gas
|turn|1
|
|t:|1781516010
|move|p2a: Barraskewda|Flip Turn|p1a: Weezing
|-damage|p1a: Weezing|70/100
|
|t:|1781516012
|switch|p2a: Iron Treads|Iron Treads|100/100|[from] Flip Turn
|move|p1a: Weezing|Will-O-Wisp|p2a: Iron Treads
|-status|p2a: Iron Treads|brn
|
|-damage|p2a: Iron Treads|94/100 brn|[from] brn
|upkeep
|turn|2
|
|t:|1781516019
|-end|p1a: Weezing|ability: Neutralizing Gas
|switch|p1a: Corviknight|Corviknight, F|100/100
|-enditem|p2a: Iron Treads|Booster Energy
|-activate|p2a: Iron Treads|ability: Quark Drive|[fromitem]
|-start|p2a: Iron Treads|quarkdrivespe
|-ability|p1a: Corviknight|Pressure
|move|p2a: Iron Treads|Stealth Rock|p1a: Corviknight
|-sidestart|p1: Verbalseduction|move: Stealth Rock
|
|-damage|p2a: Iron Treads|88/100 brn|[from] brn
|upkeep
|turn|3
|
|t:|1781516024
|-end|p2a: Iron Treads|Quark Drive|[silent]
|switch|p2a: Pelipper|Pelipper, M|100/100
|-weather|RainDance|[from] ability: Drizzle|[of] p2a: Pelipper
|move|p1a: Corviknight|Defog|p2a: Pelipper
|-unboost|p2a: Pelipper|evasion|1
|-sideend|p1: Verbalseduction|Stealth Rock|[from] move: Defog|[of] p1a: Corviknight
|
|-weather|RainDance|[upkeep]
|upkeep
|turn|4
|
|t:|1781516028
|switch|p1a: Toxapex|Toxapex, F|100/100
|move|p2a: Pelipper|Weather Ball|p1a: Toxapex
|-resisted|p1a: Toxapex
|-damage|p1a: Toxapex|86/100
|
|-weather|RainDance|[upkeep]
|upkeep
|turn|5
|
|t:|1781516038
|switch|p2a: Kingambit|Kingambit, M|100/100
|switch|p1a: Gliscor|Gliscor, F|100/100
|
|-weather|RainDance|[upkeep]
|-status|p1a: Gliscor|tox|[from] item: Toxic Orb
|upkeep
|turn|6
|
|t:|1781516042
|switch|p1a: Corviknight|Corviknight, F|100/100
|-ability|p1a: Corviknight|Pressure
|move|p2a: Kingambit|Swords Dance|p2a: Kingambit
|-boost|p2a: Kingambit|atk|2
|
|-weather|RainDance|[upkeep]
|upkeep
|turn|7
|
|t:|1781516044
|-terastallize|p2a: Kingambit|Dark
|move|p1a: Corviknight|Body Press|p2a: Kingambit
|-supereffective|p2a: Kingambit
|-damage|p2a: Kingambit|62/100
|move|p2a: Kingambit|Kowtow Cleave|p1a: Corviknight
|-damage|p1a: Corviknight|21/100
|-damage|p2a: Kingambit|45/100|[from] item: Rocky Helmet|[of] p1a: Corviknight
|
|-weather|RainDance|[upkeep]
|-heal|p2a: Kingambit|51/100|[from] item: Leftovers
|upkeep
|turn|8
|
|t:|1781516062
|move|p2a: Kingambit|Sucker Punch|p1a: Corviknight
|-damage|p1a: Corviknight|0 fnt
|-damage|p2a: Kingambit|35/100|[from] item: Rocky Helmet|[of] p1a: Corviknight
|faint|p1a: Corviknight
|
|-weather|RainDance|[upkeep]
|-heal|p2a: Kingambit|41/100|[from] item: Leftovers
|upkeep
|
|t:|1781516066
|switch|p1a: Dondozo|Dondozo, F|100/100
|turn|9
|
|t:|1781516069
|move|p2a: Kingambit|Kowtow Cleave|p1a: Dondozo
|-damage|p1a: Dondozo|68/100
|move|p1a: Dondozo|Body Press|p2a: Kingambit
|-supereffective|p2a: Kingambit
|-damage|p2a: Kingambit|2/100
|
|-weather|RainDance|[upkeep]
|-heal|p2a: Kingambit|8/100|[from] item: Leftovers
|-heal|p1a: Dondozo|74/100|[from] item: Leftovers
|upkeep
|turn|10
|
|t:|1781516074
|move|p2a: Kingambit|Kowtow Cleave|p1a: Dondozo
|-damage|p1a: Dondozo|44/100
|move|p1a: Dondozo|Body Press|p2a: Kingambit
|-supereffective|p2a: Kingambit
|-damage|p2a: Kingambit|0 fnt
|faint|p2a: Kingambit
|-end|p2a: Kingambit|fallenundefined|[silent]
|
|-weather|none
|-heal|p1a: Dondozo|50/100|[from] item: Leftovers
|upkeep
|
|t:|1781516075
|switch|p2a: Pelipper|Pelipper, M|100/100
|-weather|RainDance|[from] ability: Drizzle|[of] p2a: Pelipper
|turn|11
|
|t:|1781516080
|switch|p1a: Blissey|Blissey, F|100/100
|move|p2a: Pelipper|Hurricane|p1a: Blissey
|-damage|p1a: Blissey|89/100
|-start|p1a: Blissey|confusion
|
|-weather|RainDance|[upkeep]
|-heal|p1a: Blissey|96/100|[from] item: Leftovers
|upkeep
|turn|12
|
|t:|1781516086
|switch|p2a: Barraskewda|Barraskewda, M|100/100
|-activate|p1a: Blissey|confusion
|move|p1a: Blissey|Stealth Rock|p2a: Barraskewda
|-sidestart|p2: LowEL0God|move: Stealth Rock
|
|-weather|RainDance|[upkeep]
|-heal|p1a: Blissey|100/100|[from] item: Leftovers
|upkeep
|turn|13
|
|t:|1781516093
|switch|p1a: Toxapex|Toxapex, F|100/100
|move|p2a: Barraskewda|Liquidation|p1a: Toxapex
|-resisted|p1a: Toxapex
|-damage|p1a: Toxapex|59/100
|-unboost|p1a: Toxapex|def|1
|
|-weather|RainDance|[upkeep]
|upkeep
|turn|14
|
|t:|1781516101
|switch|p1a: Dondozo|Dondozo, F|50/100
|move|p2a: Barraskewda|Liquidation|p1a: Dondozo
|-resisted|p1a: Dondozo
|-damage|p1a: Dondozo|25/100
|
|-weather|RainDance|[upkeep]
|-heal|p1a: Dondozo|31/100|[from] item: Leftovers
|upkeep
|turn|15
|
|t:|1781516104
|move|p2a: Barraskewda|Liquidation|p1a: Dondozo
|-resisted|p1a: Dondozo
|-damage|p1a: Dondozo|9/100
|move|p1a: Dondozo|Rest|p1a: Dondozo
|-status|p1a: Dondozo|slp|[from] move: Rest
|-heal|p1a: Dondozo|100/100 slp|[silent]
|
|-weather|RainDance|[upkeep]
|upkeep
|turn|16
|
|t:|1781516111
|switch|p1a: Toxapex|Toxapex, F|93/100
|move|p2a: Barraskewda|Liquidation|p1a: Toxapex
|-resisted|p1a: Toxapex
|-damage|p1a: Toxapex|49/100
|
|-weather|RainDance|[upkeep]
|upkeep
|turn|17
|
|t:|1781516114
|switch|p1a: Dondozo|Dondozo, F|100/100 slp
|move|p2a: Barraskewda|Liquidation|p1a: Dondozo
|-resisted|p1a: Dondozo
|-damage|p1a: Dondozo|76/100 slp
|
|-weather|RainDance|[upkeep]
|-heal|p1a: Dondozo|82/100 slp|[from] item: Leftovers
|upkeep
|turn|18
|
|t:|1781516116
|move|p2a: Barraskewda|Liquidation|p1a: Dondozo
|-resisted|p1a: Dondozo
|-damage|p1a: Dondozo|60/100 slp
|cant|p1a: Dondozo|slp
|move|p1a: Dondozo|Sleep Talk|p1a: Dondozo
|move|p1a: Dondozo|Body Press|p2a: Barraskewda|[from] move: Sleep Talk
|-damage|p2a: Barraskewda|41/100
|
|-weather|none
|-heal|p1a: Dondozo|67/100 slp|[from] item: Leftovers
|upkeep
|turn|19
|
|t:|1781516121
|move|p2a: Barraskewda|Liquidation|p1a: Dondozo
|-resisted|p1a: Dondozo
|-damage|p1a: Dondozo|52/100 slp
|cant|p1a: Dondozo|slp
|move|p1a: Dondozo|Sleep Talk|p1a: Dondozo
|move|p1a: Dondozo|Avalanche|p2a: Barraskewda|[from] move: Sleep Talk
|-resisted|p2a: Barraskewda
|-damage|p2a: Barraskewda|12/100
|
|-heal|p1a: Dondozo|58/100 slp|[from] item: Leftovers
|upkeep
|turn|20
|
|t:|1781516125
|move|p2a: Barraskewda|Liquidation|p1a: Dondozo
|-resisted|p1a: Dondozo
|-damage|p1a: Dondozo|44/100 slp
|-curestatus|p1a: Dondozo|slp|[msg]
|move|p1a: Dondozo|Rest|p1a: Dondozo
|-status|p1a: Dondozo|slp|[from] move: Rest
|-heal|p1a: Dondozo|100/100 slp|[silent]
|
|upkeep
|turn|21
|
|t:|1781516130
|switch|p1a: Toxapex|Toxapex, F|82/100
|move|p2a: Barraskewda|Liquidation|p1a: Toxapex
|-resisted|p1a: Toxapex
|-damage|p1a: Toxapex|56/100
|
|upkeep
|turn|22
|
|t:|1781516133
|move|p2a: Barraskewda|Liquidation|p1a: Toxapex
|-resisted|p1a: Toxapex
|-damage|p1a: Toxapex|30/100
|-unboost|p1a: Toxapex|def|1
|move|p1a: Toxapex|Recover|p1a: Toxapex
|-heal|p1a: Toxapex|80/100
|
|upkeep
|turn|23
|
|t:|1781516138
|switch|p1a: Dondozo|Dondozo, F|100/100 slp
|move|p2a: Barraskewda|Liquidation|p1a: Dondozo
|-resisted|p1a: Dondozo
|-damage|p1a: Dondozo|86/100 slp
|
|-heal|p1a: Dondozo|92/100 slp|[from] item: Leftovers
|upkeep
|turn|24
|
|t:|1781516144
|switch|p1a: Toxapex|Toxapex, F|100/100
|move|p2a: Barraskewda|Liquidation|p1a: Toxapex
|-resisted|p1a: Toxapex
|-damage|p1a: Toxapex|72/100
|
|upkeep
|turn|25
|
|t:|1781516146
|move|p2a: Barraskewda|Liquidation|p1a: Toxapex
|-resisted|p1a: Toxapex
|-damage|p1a: Toxapex|47/100
|move|p1a: Toxapex|Toxic Spikes|p2a: Barraskewda
|-sidestart|p2: LowEL0God|move: Toxic Spikes
|
|upkeep
|turn|26
|
|t:|1781516149
|move|p2a: Barraskewda|Liquidation|p1a: Toxapex
|-resisted|p1a: Toxapex
|-crit|p1a: Toxapex
|-damage|p1a: Toxapex|5/100
|move|p1a: Toxapex|Recover|p1a: Toxapex
|-heal|p1a: Toxapex|56/100
|
|upkeep
|turn|27
|
|t:|1781516154
|move|p2a: Barraskewda|Liquidation|p1a: Toxapex
|-resisted|p1a: Toxapex
|-damage|p1a: Toxapex|27/100
|-unboost|p1a: Toxapex|def|1
|move|p1a: Toxapex|Recover|p1a: Toxapex
|-heal|p1a: Toxapex|77/100
|
|upkeep
|turn|28
|
|t:|1781516158
|switch|p1a: Dondozo|Dondozo, F|92/100 slp
|move|p2a: Barraskewda|Liquidation|p1a: Dondozo
|-resisted|p1a: Dondozo
|-damage|p1a: Dondozo|77/100 slp
|
|-heal|p1a: Dondozo|83/100 slp|[from] item: Leftovers
|upkeep
|turn|29
|
|t:|1781516161
|switch|p2a: Iron Treads|Iron Treads|88/100 brn
|-damage|p2a: Iron Treads|85/100 brn|[from] Stealth Rock
|cant|p1a: Dondozo|slp
|move|p1a: Dondozo|Sleep Talk|p1a: Dondozo
|move|p1a: Dondozo|Rest||[from] move: Sleep Talk|[still]
|-fail|p1a: Dondozo
|
|-heal|p1a: Dondozo|89/100 slp|[from] item: Leftovers
|-damage|p2a: Iron Treads|79/100 brn|[from] brn
|upkeep
|turn|30
|
|t:|1781516168
|move|p2a: Iron Treads|Rapid Spin|p1a: Dondozo
|-damage|p1a: Dondozo|87/100 slp
|-boost|p2a: Iron Treads|spe|1
|-sideend|p2: LowEL0God|Toxic Spikes|[from] move: Rapid Spin|[of] p2a: Iron Treads
|-sideend|p2: LowEL0God|Stealth Rock|[from] move: Rapid Spin|[of] p2a: Iron Treads
|cant|p1a: Dondozo|slp
|move|p1a: Dondozo|Sleep Talk|p1a: Dondozo
|move|p1a: Dondozo|Body Press|p2a: Iron Treads|[from] move: Sleep Talk
|-supereffective|p2a: Iron Treads
|-damage|p2a: Iron Treads|24/100 brn
|
|-heal|p1a: Dondozo|93/100 slp|[from] item: Leftovers
|-damage|p2a: Iron Treads|18/100 brn|[from] brn
|upkeep
|turn|31
|
|t:|1781516181
|switch|p1a: Gliscor|Gliscor, F|100/100 tox
|move|p2a: Iron Treads|Stealth Rock|p1a: Gliscor
|-sidestart|p1: Verbalseduction|move: Stealth Rock
|
|-damage|p2a: Iron Treads|11/100 brn|[from] brn
|upkeep
|turn|32
|
|t:|1781516184
|move|p2a: Iron Treads|Steel Beam|p1a: Gliscor
|-damage|p1a: Gliscor|53/100 tox
|-damage|p2a: Iron Treads|0 fnt|[from] steelbeam
|faint|p2a: Iron Treads
|-end|p2a: Iron Treads|Quark Drive|[silent]
|move|p1a: Gliscor|Spikes|p2: Iron Treads
|-sidestart|p2: LowEL0God|Spikes
|
|-heal|p1a: Gliscor|66/100 tox|[from] ability: Poison Heal
|upkeep
|
|t:|1781516186
|switch|p2a: Pelipper|Pelipper, M|100/100
|-weather|RainDance|[from] ability: Drizzle|[of] p2a: Pelipper
|turn|33
|
|t:|1781516196
|move|p1a: Gliscor|Protect|p1a: Gliscor
|-singleturn|p1a: Gliscor|Protect
|move|p2a: Pelipper|Weather Ball|p1a: Gliscor
|-activate|p1a: Gliscor|move: Protect
|
|-weather|RainDance|[upkeep]
|-heal|p1a: Gliscor|78/100 tox|[from] ability: Poison Heal
|upkeep
|turn|34
|
|t:|1781516200
|-terastallize|p1a: Gliscor|Water
|move|p1a: Gliscor|Toxic|p2a: Pelipper
|-status|p2a: Pelipper|tox
|move|p2a: Pelipper|Weather Ball|p1a: Gliscor
|-resisted|p1a: Gliscor
|-damage|p1a: Gliscor|58/100 tox
|
|-weather|RainDance|[upkeep]
|-heal|p1a: Gliscor|71/100 tox|[from] ability: Poison Heal
|-damage|p2a: Pelipper|94/100 tox|[from] psn
|upkeep
|turn|35
|
|t:|1781516211
|switch|p2a: Overqwil|Overqwil, F|100/100
|-damage|p2a: Overqwil|88/100|[from] Spikes
|move|p1a: Gliscor|Knock Off|p2a: Overqwil
|-resisted|p2a: Overqwil
|-damage|p2a: Overqwil|75/100
|-enditem|p2a: Overqwil|Life Orb|[from] move: Knock Off|[of] p1a: Gliscor
|
|-weather|RainDance|[upkeep]
|-heal|p1a: Gliscor|83/100 tox|[from] ability: Poison Heal
|upkeep
|turn|36
|j| gooprey
|
|t:|1781516222
|move|p2a: Overqwil|Swords Dance|p2a: Overqwil
|-boost|p2a: Overqwil|atk|2
|move|p1a: Gliscor|Spikes|p2a: Overqwil
|-sidestart|p2: LowEL0God|Spikes
|
|-weather|RainDance|[upkeep]
|-heal|p1a: Gliscor|96/100 tox|[from] ability: Poison Heal
|upkeep
|turn|37
|
|t:|1781516227
|move|p1a: Gliscor|Protect|p1a: Gliscor
|-singleturn|p1a: Gliscor|Protect
|move|p2a: Overqwil|Crunch|p1a: Gliscor
|-activate|p1a: Gliscor|move: Protect
|
|-weather|RainDance|[upkeep]
|-heal|p1a: Gliscor|100/100 tox|[from] ability: Poison Heal
|upkeep
|turn|38
|
|t:|1781516232
|switch|p1a: Dondozo|Dondozo, F|93/100 slp
|-damage|p1a: Dondozo|81/100 slp|[from] Stealth Rock
|move|p2a: Overqwil|Gunk Shot|p1a: Dondozo
|-damage|p1a: Dondozo|54/100 slp
|
|-weather|RainDance|[upkeep]
|-heal|p1a: Dondozo|60/100 slp|[from] item: Leftovers
|upkeep
|turn|39
|
|t:|1781516237
|switch|p2a: Raging Bolt|Raging Bolt|100/100
|-damage|p2a: Raging Bolt|84/100|[from] Spikes
|-enditem|p2a: Raging Bolt|Booster Energy
|-activate|p2a: Raging Bolt|ability: Protosynthesis|[fromitem]
|-start|p2a: Raging Bolt|protosynthesisspa
|-curestatus|p1a: Dondozo|slp|[msg]
|move|p1a: Dondozo|Rest|p1a: Dondozo
|-status|p1a: Dondozo|slp|[from] move: Rest
|-heal|p1a: Dondozo|100/100 slp|[silent]
|
|-weather|RainDance|[upkeep]
|upkeep
|turn|40
|
|t:|1781516242
|switch|p1a: Blissey|Blissey, F|100/100
|-damage|p1a: Blissey|88/100|[from] Stealth Rock
|move|p2a: Raging Bolt|Thunder|p1a: Blissey
|-damage|p1a: Blissey|63/100
|
|-weather|none
|-heal|p1a: Blissey|69/100|[from] item: Leftovers
|upkeep
|turn|41
|
|t:|1781516249
|-end|p2a: Raging Bolt|Protosynthesis|[silent]
|switch|p2a: Overqwil|Overqwil, F|75/100
|-damage|p2a: Overqwil|59/100|[from] Spikes
|move|p1a: Blissey|Soft-Boiled|p1a: Blissey
|-heal|p1a: Blissey|100/100
|
|upkeep
|turn|42
|
|t:|1781516252
|switch|p1a: Dondozo|Dondozo, F|100/100 slp
|-damage|p1a: Dondozo|88/100 slp|[from] Stealth Rock
|move|p2a: Overqwil|Swords Dance|p2a: Overqwil
|-boost|p2a: Overqwil|atk|2
|
|-heal|p1a: Dondozo|94/100 slp|[from] item: Leftovers
|upkeep
|turn|43
|
|t:|1781516254
|move|p2a: Overqwil|Gunk Shot|p1a: Dondozo
|-damage|p1a: Dondozo|68/100 slp
|cant|p1a: Dondozo|slp
|move|p1a: Dondozo|Sleep Talk|p1a: Dondozo
|move|p1a: Dondozo|Avalanche|p2a: Overqwil|[from] move: Sleep Talk
|-damage|p2a: Overqwil|28/100
|
|-heal|p1a: Dondozo|75/100 slp|[from] item: Leftovers
|upkeep
|turn|44
|
|t:|1781516258
|move|p2a: Overqwil|Crunch|p1a: Dondozo
|-damage|p1a: Dondozo|55/100 slp
|cant|p1a: Dondozo|slp
|move|p1a: Dondozo|Sleep Talk|p1a: Dondozo
|move|p1a: Dondozo|Body Press|p2a: Overqwil|[from] move: Sleep Talk
|-damage|p2a: Overqwil|0 fnt
|faint|p2a: Overqwil
|
|-heal|p1a: Dondozo|61/100 slp|[from] item: Leftovers
|upkeep
|
|t:|1781516258
|switch|p2a: Pelipper|Pelipper, M|94/100 tox
|-weather|RainDance|[from] ability: Drizzle|[of] p2a: Pelipper
|turn|45
|l| gooprey
|
|t:|1781516270
|switch|p1a: Toxapex|Toxapex, F|100/100
|move|p2a: Pelipper|Hurricane|p1a: Toxapex
|-damage|p1a: Toxapex|76/100
|-start|p1a: Toxapex|confusion
|
|-weather|RainDance|[upkeep]
|-damage|p2a: Pelipper|88/100 tox|[from] psn
|upkeep
|turn|46
|
|t:|1781516276
|switch|p2a: Raging Bolt|Raging Bolt|84/100
|-damage|p2a: Raging Bolt|67/100|[from] Spikes
|-activate|p1a: Toxapex|confusion
|move|p1a: Toxapex|Toxic Spikes|p2a: Raging Bolt
|-sidestart|p2: LowEL0God|move: Toxic Spikes
|
|-weather|RainDance|[upkeep]
|upkeep
|turn|47
|
|t:|1781516279
|move|p2a: Raging Bolt|Thunder|p1a: Toxapex
|-supereffective|p1a: Toxapex
|-damage|p1a: Toxapex|0 fnt
|faint|p1a: Toxapex
|
|-weather|RainDance|[upkeep]
|upkeep
|
|t:|1781516281
|switch|p1a: Blissey|Blissey, F|100/100
|-damage|p1a: Blissey|88/100|[from] Stealth Rock
|turn|48
|
|t:|1781516289
|move|p2a: Raging Bolt|Thunder|p1a: Blissey
|-damage|p1a: Blissey|69/100
|move|p1a: Blissey|Calm Mind|p1a: Blissey
|-boost|p1a: Blissey|spa|1
|-boost|p1a: Blissey|spd|1
|
|-weather|RainDance|[upkeep]
|-heal|p1a: Blissey|75/100|[from] item: Leftovers
|upkeep
|turn|49
|
|t:|1781516291
|move|p2a: Raging Bolt|Thunder|p1a: Blissey
|-damage|p1a: Blissey|61/100
|move|p1a: Blissey|Shadow Ball|p2a: Raging Bolt
|-damage|p2a: Raging Bolt|48/100
|
|-weather|RainDance|[upkeep]
|-heal|p1a: Blissey|67/100|[from] item: Leftovers
|upkeep
|turn|50
|
|t:|1781516293
|move|p2a: Raging Bolt|Thunder|p1a: Blissey
|-damage|p1a: Blissey|53/100
|move|p1a: Blissey|Shadow Ball|p2a: Raging Bolt
|-damage|p2a: Raging Bolt|29/100
|
|-weather|RainDance|[upkeep]
|-heal|p1a: Blissey|59/100|[from] item: Leftovers
|upkeep
|turn|51
|
|t:|1781516297
|move|p2a: Raging Bolt|Thunder|p1a: Blissey
|-damage|p1a: Blissey|45/100
|move|p1a: Blissey|Shadow Ball|p2a: Raging Bolt
|-damage|p2a: Raging Bolt|9/100
|
|-weather|RainDance|[upkeep]
|-heal|p1a: Blissey|52/100|[from] item: Leftovers
|upkeep
|turn|52
|
|t:|1781516300
|move|p2a: Raging Bolt|Thunder|p1a: Blissey
|-damage|p1a: Blissey|38/100
|-status|p1a: Blissey|par
|move|p1a: Blissey|Shadow Ball|p2a: Raging Bolt
|-damage|p2a: Raging Bolt|0 fnt
|faint|p2a: Raging Bolt
|-end|p2a: Raging Bolt|Protosynthesis|[silent]
|
|-weather|none
|-heal|p1a: Blissey|44/100 par|[from] item: Leftovers
|upkeep
|
|t:|1781516301
|switch|p2a: Pelipper|Pelipper, M|88/100 tox
|-weather|RainDance|[from] ability: Drizzle|[of] p2a: Pelipper
|turn|53
|
|t:|1781516304
|move|p2a: Pelipper|Hurricane|p1a: Blissey
|-damage|p1a: Blissey|37/100 par
|move|p1a: Blissey|Soft-Boiled|p1a: Blissey
|-heal|p1a: Blissey|87/100 par
|
|-weather|RainDance|[upkeep]
|-heal|p1a: Blissey|93/100 par|[from] item: Leftovers
|-damage|p2a: Pelipper|82/100 tox|[from] psn
|upkeep
|turn|54
|
|t:|1781516307
|move|p2a: Pelipper|Roost|p2a: Pelipper
|-heal|p2a: Pelipper|100/100 tox
|-singleturn|p2a: Pelipper|move: Roost
|cant|p1a: Blissey|par
|
|-weather|RainDance|[upkeep]
|-heal|p1a: Blissey|99/100 par|[from] item: Leftovers
|-damage|p2a: Pelipper|88/100 tox|[from] psn
|upkeep
|turn|55
|
|t:|1781516310
|move|p2a: Pelipper|U-turn|p1a: Blissey
|-damage|p1a: Blissey|89/100 par
|
|t:|1781516311
|switch|p2a: Barraskewda|Barraskewda, M|12/100|[from] U-turn
|-damage|p2a: Barraskewda|0 fnt|[from] Spikes
|faint|p2a: Barraskewda
|move|p1a: Blissey|Shadow Ball|p2: Barraskewda|[notarget]
|-fail|p1a: Blissey
|
|-weather|RainDance|[upkeep]
|-heal|p1a: Blissey|95/100 par|[from] item: Leftovers
|upkeep
|
|t:|1781516312
|switch|p2a: Pelipper|Pelipper, M|88/100 tox
|turn|56
|
|t:|1781516315
|move|p2a: Pelipper|Hurricane|p1a: Blissey
|-damage|p1a: Blissey|88/100 par
|-start|p1a: Blissey|confusion
|-activate|p1a: Blissey|confusion
|move|p1a: Blissey|Shadow Ball|p2a: Pelipper
|-damage|p2a: Pelipper|57/100 tox
|-unboost|p2a: Pelipper|spd|1
|
|-weather|RainDance|[upkeep]
|-heal|p1a: Blissey|94/100 par|[from] item: Leftovers
|-damage|p2a: Pelipper|51/100 tox|[from] psn
|upkeep
|turn|57
|
|t:|1781516318
|move|p2a: Pelipper|Roost|p2a: Pelipper
|-heal|p2a: Pelipper|100/100 tox
|-singleturn|p2a: Pelipper|move: Roost
|-end|p1a: Blissey|confusion
|move|p1a: Blissey|Shadow Ball|p2a: Pelipper
|-damage|p2a: Pelipper|52/100 tox
|
|-weather|RainDance|[upkeep]
|-heal|p1a: Blissey|99/100 par|[from] item: Leftovers
|-damage|p2a: Pelipper|39/100 tox|[from] psn
|upkeep
|turn|58
|
|t:|1781516321
|move|p2a: Pelipper|Roost|p2a: Pelipper
|-heal|p2a: Pelipper|89/100 tox
|-singleturn|p2a: Pelipper|move: Roost
|move|p1a: Blissey|Shadow Ball|p2a: Pelipper
|-damage|p2a: Pelipper|44/100 tox
|
|-weather|RainDance|[upkeep]
|-heal|p1a: Blissey|100/100 par|[from] item: Leftovers
|-damage|p2a: Pelipper|25/100 tox|[from] psn
|upkeep
|turn|59
|
|t:|1781516323
|move|p2a: Pelipper|Roost|p2a: Pelipper
|-heal|p2a: Pelipper|75/100 tox
|-singleturn|p2a: Pelipper|move: Roost
|move|p1a: Blissey|Shadow Ball|p2a: Pelipper
|-damage|p2a: Pelipper|27/100 tox
|
|-weather|RainDance|[upkeep]
|-damage|p2a: Pelipper|2/100 tox|[from] psn
|upkeep
|turn|60
|
|t:|1781516325
|move|p2a: Pelipper|Roost|p2a: Pelipper
|-heal|p2a: Pelipper|52/100 tox
|-singleturn|p2a: Pelipper|move: Roost
|move|p1a: Blissey|Shadow Ball|p2a: Pelipper
|-damage|p2a: Pelipper|5/100 tox
|
|-weather|none
|-damage|p2a: Pelipper|0 fnt|[from] psn
|faint|p2a: Pelipper
|
|win|Verbalseduction
|raw|Verbalseduction's rating: 1641 &rarr; <strong>1660</strong><br />(+19 for winning)
|raw|LowEL0God's rating: 1621 &rarr; <strong>1602</strong><br />(-19 for losing)
|l|☆Verbalseduction
|player|p1|
|c|☆LowEL0God|gg
|l|☆LowEL0God
|player|p2|
