|j|☆my2005
|j|☆n5v
|t:|1781461784
|gametype|singles
|player|p1|my2005|169|1673
|player|p2|n5v|leon-masters|1614
|gen|9
|tier|[Gen 9] OU
|rated|
|rule|HP Percentage Mod: HP is shown in percentages
|rule|Endless Battle Clause: Forcing endless battles is banned
|rule|Species Clause: Limit one of each Pokémon
|rule|OHKO Clause: OHKO moves are banned
|rule|Evasion Items Clause: Evasion items are banned
|rule|Evasion Moves Clause: Evasion moves are banned
|rule|Evasion Abilities Clause: Evasion abilities are banned
|rule|Sleep Moves Clause: Sleep-inducing moves are banned
|clearpoke
|poke|p1|Slowking-Galar, M|
|poke|p1|Whimsicott, M|
|poke|p1|Kyurem|
|poke|p1|Cinderace, F|
|poke|p1|Alomomola, F|
|poke|p1|Gliscor, M|
|poke|p2|Raging Bolt|
|poke|p2|Enamorus, F|
|poke|p2|Rillaboom, F|
|poke|p2|Kingambit, M|
|poke|p2|Great Tusk|
|poke|p2|Slowking-Galar, M|
|teampreview
|c|☆n5v|glhf
|inactive|Battle timer is ON: inactive players will automatically lose when time's up. (requested by my2005)
|
|t:|1781461795
|teamsize|p1|6
|teamsize|p2|6
|start
|switch|p1a: Kyurem|Kyurem|100/100
|switch|p2a: goobing bolt|Raging Bolt|100/100
|-ability|p1a: Kyurem|Pressure
|turn|1
|
|t:|1781461803
|switch|p1a: Whimsicott|Whimsicott, M|100/100
|-end|p2a: goobing bolt|Protosynthesis|[silent]
|switch|p2a: wake not walking|Slowking-Galar, M, shiny|100/100
|
|upkeep
|turn|2
|
|t:|1781461807
|move|p1a: Whimsicott|U-turn|p2a: wake not walking
|-damage|p2a: wake not walking|89/100
|
|t:|1781461810
|switch|p1a: Slowking|Slowking-Galar, M|100/100|[from] U-turn
|move|p2a: wake not walking|Sludge Bomb|p1a: Slowking
|-resisted|p1a: Slowking
|-damage|p1a: Slowking|89/100
|
|upkeep
|turn|3
|
|t:|1781461815
|move|p2a: wake not walking|Psyshock|p1a: Slowking
|-damage|p1a: Slowking|55/100
|move|p1a: Slowking|Flamethrower|p2a: wake not walking
|-damage|p2a: wake not walking|76/100
|
|upkeep
|turn|4
|
|t:|1781461829
|move|p2a: wake not walking|Ice Beam|p1a: Slowking
|-damage|p1a: Slowking|39/100
|move|p1a: Slowking|Psychic Noise|p2a: wake not walking
|-damage|p2a: wake not walking|60/100
|-start|p2a: wake not walking|move: Heal Block
|
|upkeep
|turn|5
|
|t:|1781461834
|switch|p1a: Gliscor|Gliscor, M|100/100
|move|p2a: wake not walking|Psyshock|p1a: Gliscor
|-damage|p1a: Gliscor|69/100
|
|-end|p2a: wake not walking|move: Heal Block
|-status|p1a: Gliscor|tox|[from] item: Toxic Orb
|upkeep
|turn|6
|
|t:|1781461837
|switch|p2a: diddy kong|Rillaboom, F, shiny|100/100
|-fieldstart|move: Grassy Terrain|[from] ability: Grassy Surge|[of] p2a: diddy kong
|move|p1a: Gliscor|Earthquake|p2a: diddy kong
|-resisted|p2a: diddy kong
|-damage|p2a: diddy kong|87/100
|
|-heal|p2a: diddy kong|93/100|[from] Grassy Terrain
|-heal|p1a: Gliscor|81/100 tox|[from] ability: Poison Heal
|upkeep
|turn|7
|
|t:|1781461845
|switch|p1a: Kyurem|Kyurem|100/100
|-ability|p1a: Kyurem|Pressure
|move|p2a: diddy kong|U-turn|p1a: Kyurem
|-damage|p1a: Kyurem|70/100
|-damage|p2a: diddy kong|83/100|[from] item: Life Orb
|
|t:|1781461850
|switch|p2a: gay alladin|Enamorus, F|100/100|[from] U-turn
|
|-heal|p1a: Kyurem|76/100|[from] Grassy Terrain
|-heal|p1a: Kyurem|82/100|[from] item: Leftovers
|upkeep
|turn|8
|
|t:|1781461852
|move|p1a: Kyurem|Protect|p1a: Kyurem
|-singleturn|p1a: Kyurem|Protect
|move|p2a: gay alladin|Moonblast|p1a: Kyurem
|-activate|p1a: Kyurem|move: Protect
|
|-heal|p1a: Kyurem|88/100|[from] Grassy Terrain
|-heal|p1a: Kyurem|94/100|[from] item: Leftovers
|upkeep
|turn|9
|
|t:|1781461856
|switch|p1a: Slowking|Slowking-Galar, M|72/100
|move|p2a: gay alladin|Moonblast|p1a: Slowking
|-resisted|p1a: Slowking
|-damage|p1a: Slowking|56/100
|
|-heal|p1a: Slowking|63/100|[from] Grassy Terrain
|upkeep
|turn|10
|
|t:|1781461862
|switch|p2a: goobing bolt|Raging Bolt|100/100
|move|p1a: Slowking|Psychic Noise|p2a: goobing bolt
|-damage|p2a: goobing bolt|67/100
|-start|p2a: goobing bolt|move: Heal Block
|
|-heal|p1a: Slowking|69/100|[from] Grassy Terrain
|-fieldend|move: Grassy Terrain
|upkeep
|turn|11
|
|t:|1781461867
|switch|p1a: Whimsicott|Whimsicott, M|100/100
|move|p2a: goobing bolt|Draco Meteor|p1a: Whimsicott
|-immune|p1a: Whimsicott
|
|-end|p2a: goobing bolt|move: Heal Block
|upkeep
|turn|12
|
|t:|1781461872
|-end|p2a: goobing bolt|Protosynthesis|[silent]
|switch|p2a: wake not walking|Slowking-Galar, M, shiny|93/100
|move|p1a: Whimsicott|U-turn|p2a: wake not walking
|-damage|p2a: wake not walking|81/100
|inactive|my2005 has 120 seconds left.
|
|t:|1781461910
|switch|p1a: Gliscor|Gliscor, M|81/100 tox|[from] U-turn
|
|-heal|p1a: Gliscor|93/100 tox|[from] ability: Poison Heal
|upkeep
|turn|13
|inactive|my2005 has 120 seconds left.
|
|t:|1781461923
|-terastallize|p1a: Gliscor|Normal
|move|p1a: Gliscor|Swords Dance|p1a: Gliscor
|-boost|p1a: Gliscor|atk|2
|move|p2a: wake not walking|Ice Beam|p1a: Gliscor
|-damage|p1a: Gliscor|58/100 tox
|
|-heal|p1a: Gliscor|70/100 tox|[from] ability: Poison Heal
|upkeep
|turn|14
|inactive|n5v has 120 seconds left.
|
|t:|1781461964
|move|p1a: Gliscor|Facade|p2a: wake not walking
|-damage|p2a: wake not walking|0 fnt
|faint|p2a: wake not walking
|
|-heal|p1a: Gliscor|82/100 tox|[from] ability: Poison Heal
|upkeep
|
|t:|1781461985
|switch|p2a: cheap tusk|Great Tusk, shiny|100/100
|turn|15
|
|t:|1781461989
|switch|p1a: Alomomola|Alomomola, F|100/100
|move|p2a: cheap tusk|Headlong Rush|p1a: Alomomola
|-damage|p1a: Alomomola|70/100
|-unboost|p2a: cheap tusk|def|1
|-unboost|p2a: cheap tusk|spd|1
|-damage|p2a: cheap tusk|84/100|[from] item: Rocky Helmet|[of] p1a: Alomomola
|
|upkeep
|turn|16
|
|t:|1781461991
|move|p2a: cheap tusk|Stealth Rock|p1a: Alomomola
|-sidestart|p1: my2005|move: Stealth Rock
|move|p1a: Alomomola|Flip Turn|p2a: cheap tusk
|-supereffective|p2a: cheap tusk
|-damage|p2a: cheap tusk|50/100
|
|t:|1781462002
|switch|p1a: Kyurem|Kyurem|94/100|[from] Flip Turn
|-damage|p1a: Kyurem|69/100|[from] Stealth Rock
|-ability|p1a: Kyurem|Pressure
|
|-heal|p1a: Kyurem|75/100|[from] item: Leftovers
|upkeep
|turn|17
|
|t:|1781462009
|-end|p2a: cheap tusk|Protosynthesis|[silent]
|switch|p2a: neededaghostresist|Kingambit, M, shiny|100/100
|-activate|p2a: neededaghostresist|ability: Supreme Overlord
|-start|p2a: neededaghostresist|fallen1|[silent]
|move|p1a: Kyurem|Freeze-Dry|p2a: neededaghostresist
|-resisted|p2a: neededaghostresist
|-damage|p2a: neededaghostresist|81/100
|
|-heal|p1a: Kyurem|81/100|[from] item: Leftovers
|-heal|p2a: neededaghostresist|87/100|[from] item: Leftovers
|upkeep
|turn|18
|
|t:|1781462014
|move|p1a: Kyurem|Earth Power|p2a: neededaghostresist
|-supereffective|p2a: neededaghostresist
|-damage|p2a: neededaghostresist|21/100
|move|p2a: neededaghostresist|Iron Head|p1a: Kyurem
|-supereffective|p1a: Kyurem
|-damage|p1a: Kyurem|0 fnt
|faint|p1a: Kyurem
|
|-heal|p2a: neededaghostresist|27/100|[from] item: Leftovers
|upkeep
|
|t:|1781462018
|switch|p1a: Cinderace|Cinderace, F|100/100
|turn|19
|
|t:|1781462025
|-end|p2a: neededaghostresist|fallen1|[silent]
|switch|p2a: goobing bolt|Raging Bolt|67/100
|move|p1a: Cinderace|Pyro Ball|p2a: goobing bolt
|-resisted|p2a: goobing bolt
|-damage|p2a: goobing bolt|41/100
|
|upkeep
|turn|20
|
|t:|1781462034
|move|p1a: Cinderace|U-turn|p2a: goobing bolt
|-start|p1a: Cinderace|typechange|Bug|[from] ability: Libero
|-damage|p2a: goobing bolt|8/100
|
|t:|1781462038
|switch|p1a: Whimsicott|Whimsicott, M|100/100|[from] U-turn
|-damage|p1a: Whimsicott|88/100|[from] Stealth Rock
|move|p2a: goobing bolt|Volt Switch|p1a: Whimsicott
|-resisted|p1a: Whimsicott
|-damage|p1a: Whimsicott|45/100
|
|t:|1781462053
|-end|p2a: goobing bolt|Protosynthesis|[silent]
|switch|p2a: gay alladin|Enamorus, F|100/100|[from] Volt Switch
|
|-heal|p1a: Whimsicott|51/100|[from] item: Leftovers
|upkeep
|turn|21
|
|t:|1781462074
|switch|p2a: diddy kong|Rillaboom, F, shiny|83/100
|-fieldstart|move: Grassy Terrain|[from] ability: Grassy Surge|[of] p2a: diddy kong
|switch|p1a: Slowking|Slowking-Galar, M|100/100
|-damage|p1a: Slowking|88/100|[from] Stealth Rock
|
|-heal|p2a: diddy kong|89/100|[from] Grassy Terrain
|-heal|p1a: Slowking|94/100|[from] Grassy Terrain
|upkeep
|turn|22
|
|t:|1781462093
|switch|p2a: gay alladin|Enamorus, F|100/100
|switch|p1a: Whimsicott|Whimsicott, M|51/100
|-damage|p1a: Whimsicott|39/100|[from] Stealth Rock
|
|-heal|p1a: Whimsicott|45/100|[from] Grassy Terrain
|-heal|p1a: Whimsicott|51/100|[from] item: Leftovers
|upkeep
|turn|23
|
|t:|1781462107
|switch|p1a: Slowking|Slowking-Galar, M|100/100
|-damage|p1a: Slowking|88/100|[from] Stealth Rock
|move|p2a: gay alladin|Healing Wish|p2a: gay alladin
|faint|p2a: gay alladin
|
|-heal|p1a: Slowking|94/100|[from] Grassy Terrain
|upkeep
|
|t:|1781462115
|switch|p2a: goobing bolt|Raging Bolt|8/100
|-heal|p2a: goobing bolt|100/100|[from] move: Healing Wish
|turn|24
|
|t:|1781462120
|move|p2a: goobing bolt|Thunderbolt|p1a: Slowking
|-damage|p1a: Slowking|48/100
|move|p1a: Slowking|Ice Beam|p2a: goobing bolt
|-supereffective|p2a: goobing bolt
|-damage|p2a: goobing bolt|45/100
|
|-heal|p2a: goobing bolt|51/100|[from] Grassy Terrain
|-heal|p1a: Slowking|55/100|[from] Grassy Terrain
|upkeep
|turn|25
|
|t:|1781462126
|-end|p2a: goobing bolt|Protosynthesis|[silent]
|switch|p2a: neededaghostresist|Kingambit, M, shiny|27/100
|-activate|p2a: neededaghostresist|ability: Supreme Overlord
|-start|p2a: neededaghostresist|fallen2|[silent]
|move|p1a: Slowking|Ice Beam|p2a: neededaghostresist
|-resisted|p2a: neededaghostresist
|-crit|p2a: neededaghostresist
|-damage|p2a: neededaghostresist|0 fnt
|faint|p2a: neededaghostresist
|-end|p2a: neededaghostresist|fallen2|[silent]
|
|-heal|p1a: Slowking|61/100|[from] Grassy Terrain
|-fieldend|move: Grassy Terrain
|upkeep
|
|t:|1781462133
|switch|p2a: diddy kong|Rillaboom, F, shiny|89/100
|-fieldstart|move: Grassy Terrain|[from] ability: Grassy Surge|[of] p2a: diddy kong
|turn|26
|
|t:|1781462144
|switch|p1a: Whimsicott|Whimsicott, M|51/100
|-damage|p1a: Whimsicott|39/100|[from] Stealth Rock
|move|p2a: diddy kong|Knock Off|p1a: Whimsicott
|-resisted|p1a: Whimsicott
|-damage|p1a: Whimsicott|18/100
|-enditem|p1a: Whimsicott|Leftovers|[from] move: Knock Off|[of] p2a: diddy kong
|-damage|p2a: diddy kong|79/100|[from] item: Life Orb
|
|-heal|p2a: diddy kong|86/100|[from] Grassy Terrain
|-heal|p1a: Whimsicott|24/100|[from] Grassy Terrain
|upkeep
|turn|27
|
|t:|1781462156
|move|p2a: diddy kong|Swords Dance|p2a: diddy kong
|-boost|p2a: diddy kong|atk|2
|move|p1a: Whimsicott|U-turn|p2a: diddy kong
|-supereffective|p2a: diddy kong
|-damage|p2a: diddy kong|59/100
|
|t:|1781462161
|switch|p1a: Cinderace|Cinderace, F|100/100|[from] U-turn
|
|-heal|p2a: diddy kong|65/100|[from] Grassy Terrain
|upkeep
|turn|28
|
|t:|1781462167
|-terastallize|p2a: diddy kong|Dark
|move|p1a: Cinderace|Pyro Ball|p2a: diddy kong
|-damage|p2a: diddy kong|0 fnt
|faint|p2a: diddy kong
|
|upkeep
|c|☆n5v|bruh
|
|t:|1781462182
|switch|p2a: goobing bolt|Raging Bolt|51/100
|turn|29
|
|t:|1781462187
|move|p1a: Cinderace|U-turn|p2a: goobing bolt
|-start|p1a: Cinderace|typechange|Bug|[from] ability: Libero
|-damage|p2a: goobing bolt|23/100
|
|t:|1781462192
|switch|p1a: Whimsicott|Whimsicott, M|24/100|[from] U-turn
|-damage|p1a: Whimsicott|12/100|[from] Stealth Rock
|move|p2a: goobing bolt|Thunderbolt|p1a: Whimsicott
|-resisted|p1a: Whimsicott
|-damage|p1a: Whimsicott|0 fnt
|faint|p1a: Whimsicott
|
|-heal|p2a: goobing bolt|29/100|[from] Grassy Terrain
|upkeep
|c|☆n5v|ggs man
|
|t:|1781462204
|switch|p1a: Gliscor|Gliscor, M, tera:Normal|82/100 tox
|-damage|p1a: Gliscor|70/100 tox|[from] Stealth Rock
|turn|30
|
|t:|1781462207
|move|p2a: goobing bolt|Thunderbolt|p1a: Gliscor
|-damage|p1a: Gliscor|0 fnt
|faint|p1a: Gliscor
|
|-heal|p2a: goobing bolt|35/100|[from] Grassy Terrain
|-fieldend|move: Grassy Terrain
|upkeep
|
|t:|1781462210
|switch|p1a: Slowking|Slowking-Galar, M|94/100
|-damage|p1a: Slowking|82/100|[from] Stealth Rock
|turn|31
|
|t:|1781462212
|-end|p2a: goobing bolt|Protosynthesis|[silent]
|switch|p2a: cheap tusk|Great Tusk, shiny|50/100
|move|p1a: Slowking|Ice Beam|p2a: cheap tusk
|-supereffective|p2a: cheap tusk
|-damage|p2a: cheap tusk|0 fnt
|faint|p2a: cheap tusk
|-end|p2a: cheap tusk|Protosynthesis|[silent]
|
|upkeep
|
|t:|1781462214
|switch|p2a: goobing bolt|Raging Bolt|35/100
|turn|32
|-message|n5v forfeited.
|
|win|my2005
|raw|my2005's rating: 1673 &rarr; <strong>1690</strong><br />(+17 for winning)
|raw|n5v's rating: 1614 &rarr; <strong>1597</strong><br />(-17 for losing)
|l|☆n5v
|player|p2|
|l|☆my2005
|player|p1|
