|j|☆kennojex
|j|☆pls game
|t:|1781240166
|gametype|singles
|player|p1|kennojex|lucas|1628
|player|p2|pls game|cynthia-masters4|1577
|gen|9
|tier|[Gen 9] OU
|rated|
|rule|HP Percentage Mod: HP is shown in percentages
|rule|Endless Battle Clause: Forcing endless battles is banned
|rule|Species Clause: Limit one of each Pokémon
|rule|OHKO Clause: OHKO moves are banned
|rule|Evasion Items Clause: Evasion items are banned
|rule|Evasion Moves Clause: Evasion moves are banned
|rule|Evasion Abilities Clause: Evasion abilities are banned
|rule|Sleep Moves Clause: Sleep-inducing moves are banned
|clearpoke
|poke|p1|Grimmsnarl, M|
|poke|p1|Garganacl, M|
|poke|p1|Manaphy|
|poke|p1|Latias, F|
|poke|p1|Corviknight, M|
|poke|p1|Kommo-o, M|
|poke|p2|Slowking-Galar, M|
|poke|p2|Great Tusk|
|poke|p2|Kyurem|
|poke|p2|Kingambit, M|
|poke|p2|Cinderace, M|
|poke|p2|Zapdos|
|teampreview
|inactive|Battle timer is ON: inactive players will automatically lose when time's up. (requested by pls game)
|inactive|pls game has 120 seconds left.
|j| hugo_pkmn
|
|t:|1781240202
|teamsize|p1|6
|teamsize|p2|6
|start
|switch|p1a: Grimmsnarl|Grimmsnarl, M|100/100
|switch|p2a: Kingambit|Kingambit, M|100/100
|turn|1
|
|t:|1781240211
|switch|p1a: Kommo-o|Kommo-o, M|100/100
|move|p2a: Kingambit|Swords Dance|p2a: Kingambit
|-boost|p2a: Kingambit|atk|2
|
|upkeep
|turn|2
|
|t:|1781240220
|move|p1a: Kommo-o|Drain Punch|p2a: Kingambit
|-supereffective|p2a: Kingambit
|-crit|p2a: Kingambit
|-damage|p2a: Kingambit|0 fnt
|faint|p2a: Kingambit
|-end|p2a: Kingambit|fallenundefined|[silent]
|
|upkeep
|
|t:|1781240228
|switch|p2a: Zapdos|Zapdos, shiny|100/100
|turn|3
|
|t:|1781240232
|switch|p1a: Grimmsnarl|Grimmsnarl, M|100/100
|move|p2a: Zapdos|Volt Switch|p1a: Grimmsnarl
|-damage|p1a: Grimmsnarl|78/100
|
|t:|1781240248
|switch|p2a: Kyurem|Kyurem|100/100|[from] Volt Switch
|-ability|p2a: Kyurem|Pressure
|
|upkeep
|turn|4
|inactive|kennojex has 120 seconds left.
|
|t:|1781240287
|move|p1a: Grimmsnarl|Light Screen|p1a: Grimmsnarl
|-sidestart|p1: kennojex|move: Light Screen
|move|p2a: Kyurem|Ice Beam|p1a: Grimmsnarl
|-damage|p1a: Grimmsnarl|53/100
|
|upkeep
|turn|5
|
|t:|1781240304
|move|p2a: Kyurem|Ice Beam|p1a: Grimmsnarl
|-damage|p1a: Grimmsnarl|27/100
|move|p1a: Grimmsnarl|Spirit Break|p2a: Kyurem
|-supereffective|p2a: Kyurem
|-damage|p2a: Kyurem|42/100
|-unboost|p2a: Kyurem|spa|1
|
|upkeep
|turn|6
|
|t:|1781240313
|switch|p2a: Cinderace|Cinderace, M|100/100
|move|p1a: Grimmsnarl|Reflect|p1a: Grimmsnarl
|-sidestart|p1: kennojex|Reflect
|
|upkeep
|turn|7
|
|t:|1781240316
|move|p2a: Cinderace|U-turn|p1a: Grimmsnarl
|-damage|p1a: Grimmsnarl|15/100
|
|t:|1781240318
|switch|p2a: Zapdos|Zapdos, shiny|100/100|[from] U-turn
|move|p1a: Grimmsnarl|Spirit Break|p2a: Zapdos
|-damage|p2a: Zapdos|79/100
|-unboost|p2a: Zapdos|spa|1
|-status|p1a: Grimmsnarl|par|[from] ability: Static|[of] p2a: Zapdos
|
|upkeep
|turn|8
|
|t:|1781240326
|move|p1a: Grimmsnarl|Parting Shot|p2a: Zapdos
|-unboost|p2a: Zapdos|atk|1
|-unboost|p2a: Zapdos|spa|1
|
|t:|1781240330
|switch|p1a: Garganacl|Garganacl, M|100/100|[from] Parting Shot
|move|p2a: Zapdos|Hurricane|p1a: Garganacl|[miss]
|-miss|p2a: Zapdos|p1a: Garganacl
|
|upkeep
|turn|9
|
|t:|1781240333
|move|p2a: Zapdos|Volt Switch|p1a: Garganacl
|-damage|p1a: Garganacl|96/100
|
|t:|1781240336
|switch|p2a: Cinderace|Cinderace, M|100/100|[from] Volt Switch
|move|p1a: Garganacl|Salt Cure|p2a: Cinderace
|-supereffective|p2a: Cinderace
|-damage|p2a: Cinderace|69/100
|-start|p2a: Cinderace|Salt Cure
|
|-heal|p1a: Garganacl|100/100|[from] item: Leftovers
|-damage|p2a: Cinderace|56/100|[from] Salt Cure
|upkeep
|turn|10
|
|t:|1781240340
|move|p2a: Cinderace|Court Change|p2a: Cinderace
|-swapsideconditions
|-activate|p2a: Cinderace|move: Court Change
|move|p1a: Garganacl|Curse|p1a: Garganacl
|-unboost|p1a: Garganacl|spe|1
|-boost|p1a: Garganacl|atk|1
|-boost|p1a: Garganacl|def|1
|
|-damage|p2a: Cinderace|44/100|[from] Salt Cure
|upkeep
|turn|11
|
|t:|1781240351
|move|p2a: Cinderace|U-turn|p1a: Garganacl
|-damage|p1a: Garganacl|91/100
|
|t:|1781240352
|switch|p2a: Slowking|Slowking-Galar, M|100/100|[from] U-turn
|move|p1a: Garganacl|Salt Cure|p2a: Slowking
|-damage|p2a: Slowking|91/100
|-start|p2a: Slowking|Salt Cure
|
|-heal|p1a: Garganacl|97/100|[from] item: Leftovers
|-damage|p2a: Slowking|79/100|[from] Salt Cure
|-sideend|p2: pls game|move: Light Screen
|upkeep
|turn|12
|
|t:|1781240355
|move|p1a: Garganacl|Curse|p1a: Garganacl
|-unboost|p1a: Garganacl|spe|1
|-boost|p1a: Garganacl|atk|1
|-boost|p1a: Garganacl|def|1
|-prepare|p2a: Slowking|Chilly Reception|[premajor]
|move|p2a: Slowking|Chilly Reception|p2a: Slowking
|-weather|Snowscape
|
|t:|1781240365
|switch|p2a: Kyurem|Kyurem|42/100|[from] Chilly Reception
|-ability|p2a: Kyurem|Pressure
|
|-weather|Snowscape|[upkeep]
|-heal|p1a: Garganacl|100/100|[from] item: Leftovers
|upkeep
|turn|13
|
|t:|1781240393
|move|p2a: Kyurem|Earth Power|p1a: Garganacl
|-supereffective|p1a: Garganacl
|-damage|p1a: Garganacl|44/100
|move|p1a: Garganacl|Recover|p1a: Garganacl
|-heal|p1a: Garganacl|94/100
|
|-weather|Snowscape|[upkeep]
|-heal|p1a: Garganacl|99/100|[from] item: Leftovers
|-sideend|p2: pls game|Reflect
|upkeep
|turn|14
|
|t:|1781240404
|move|p2a: Kyurem|Earth Power|p1a: Garganacl
|-supereffective|p1a: Garganacl
|-damage|p1a: Garganacl|42/100
|-unboost|p1a: Garganacl|spd|1
|move|p1a: Garganacl|Body Press|p2a: Kyurem
|-supereffective|p2a: Kyurem
|-damage|p2a: Kyurem|0 fnt
|faint|p2a: Kyurem
|
|-weather|Snowscape|[upkeep]
|-heal|p1a: Garganacl|49/100|[from] item: Leftovers
|upkeep
|-message|pls game forfeited.
|
|win|kennojex
|raw|kennojex's rating: 1628 &rarr; <strong>1645</strong><br />(+17 for winning)
|raw|pls game's rating: 1577 &rarr; <strong>1560</strong><br />(-17 for losing)
|l|☆pls game
|player|p2|
|l|☆kennojex
|player|p1|
|l| hugo_pkmn
