|j|☆Ausar489
|j|☆la5495
|t:|1781071585
|gametype|singles
|player|p1|Ausar489|lucas-gen4pt|1656
|player|p2|la5495|bugcatcher-gen4dp|1620
|gen|9
|tier|[Gen 9] OU
|rated|
|rule|HP Percentage Mod: HP is shown in percentages
|rule|Endless Battle Clause: Forcing endless battles is banned
|rule|Species Clause: Limit one of each Pokémon
|rule|OHKO Clause: OHKO moves are banned
|rule|Evasion Items Clause: Evasion items are banned
|rule|Evasion Moves Clause: Evasion moves are banned
|rule|Evasion Abilities Clause: Evasion abilities are banned
|rule|Sleep Moves Clause: Sleep-inducing moves are banned
|clearpoke
|poke|p1|Weezing-Galar, F|
|poke|p1|Alomomola, F|
|poke|p1|Iron Treads|
|poke|p1|Tornadus-Therian, M|
|poke|p1|Zamazenta-*|
|poke|p1|Lokix, F|
|poke|p2|Ogerpon-Wellspring, F|
|poke|p2|Pecharunt|
|poke|p2|Great Tusk|
|poke|p2|Iron Crown|
|poke|p2|Landorus-Therian, M|
|poke|p2|Samurott-Hisui, F|
|teampreview
|inactive|Battle timer is ON: inactive players will automatically lose when time's up. (requested by Ausar489)
|inactive|la5495 also wants the timer to be on.
|
|t:|1781071593
|teamsize|p1|6
|teamsize|p2|6
|start
|switch|p1a: Lokix|Lokix, F|100/100
|switch|p2a: Ogerpon|Ogerpon-Wellspring, F|100/100
|turn|1
|
|t:|1781071597
|switch|p2a: Pecharunt|Pecharunt|100/100
|move|p1a: Lokix|U-turn|p2a: Pecharunt
|-resisted|p2a: Pecharunt
|-damage|p2a: Pecharunt|90/100
|-damage|p1a: Lokix|84/100|[from] item: Rocky Helmet|[of] p2a: Pecharunt
|
|t:|1781071612
|switch|p1a: Tornadus|Tornadus-Therian, M|100/100|[from] U-turn
|
|upkeep
|turn|2
|
|t:|1781071629
|move|p1a: Tornadus|Knock Off|p2a: Pecharunt
|-supereffective|p2a: Pecharunt
|-damage|p2a: Pecharunt|72/100
|-damage|p1a: Tornadus|84/100|[from] item: Rocky Helmet|[of] p2a: Pecharunt
|-enditem|p2a: Pecharunt|Rocky Helmet|[from] move: Knock Off|[of] p1a: Tornadus
|move|p2a: Pecharunt|Malignant Chain|p1a: Tornadus
|-damage|p1a: Tornadus|61/100
|-status|p1a: Tornadus|tox
|-start|p1a: Tornadus|confusion|[from] ability: Poison Puppeteer|[of] p2a: Pecharunt
|
|-damage|p1a: Tornadus|55/100 tox|[from] psn
|upkeep
|turn|3
|
|t:|1781071642
|switch|p1a: Iron Treads|Iron Treads|100/100
|switch|p2a: Iron Crown|Iron Crown|100/100
|
|upkeep
|turn|4
|
|t:|1781071650
|-end|p2a: Iron Crown|Quark Drive|[silent]
|switch|p2a: Landorus|Landorus-Therian, M|100/100
|-ability|p2a: Landorus|Intimidate|boost
|-unboost|p1a: Iron Treads|atk|1
|move|p1a: Iron Treads|Earthquake|p2a: Landorus
|-immune|p2a: Landorus
|
|upkeep
|turn|5
|j| splat__t3r
|j| AbrarS
|
|t:|1781071661
|move|p2a: Landorus|U-turn|p1a: Iron Treads
|-resisted|p1a: Iron Treads
|-damage|p1a: Iron Treads|89/100
|
|t:|1781071665
|switch|p2a: Great Tusk|Great Tusk|100/100|[from] U-turn
|-enditem|p2a: Great Tusk|Booster Energy
|-activate|p2a: Great Tusk|ability: Protosynthesis|[fromitem]
|-start|p2a: Great Tusk|protosynthesisspe
|move|p1a: Iron Treads|Ice Spinner|p2a: Great Tusk
|-supereffective|p2a: Great Tusk
|-damage|p2a: Great Tusk|83/100
|
|-heal|p1a: Iron Treads|95/100|[from] item: Leftovers
|upkeep
|turn|6
|l| AbrarS
|
|t:|1781071675
|-end|p1a: Iron Treads|Quark Drive|[silent]
|switch|p1a: Tornadus|Tornadus-Therian, M|89/100 tox
|move|p2a: Great Tusk|Headlong Rush|p1a: Tornadus
|-immune|p1a: Tornadus
|
|-damage|p1a: Tornadus|82/100 tox|[from] psn
|upkeep
|turn|7
|
|t:|1781071685
|-end|p2a: Great Tusk|Protosynthesis|[silent]
|switch|p2a: Samurott|Samurott-Hisui, F|100/100
|move|p1a: Tornadus|Bleakwind Storm|p2a: Samurott
|-damage|p2a: Samurott|65/100
|-unboost|p2a: Samurott|spe|1
|
|-damage|p1a: Tornadus|70/100 tox|[from] psn
|upkeep
|turn|8
|
|t:|1781071696
|move|p1a: Tornadus|U-turn|p2a: Samurott
|-supereffective|p2a: Samurott
|-damage|p2a: Samurott|30/100
|
|t:|1781071703
|switch|p1a: Weezing|Weezing-Galar, F|100/100|[from] U-turn
|-ability|p1a: Weezing|Neutralizing Gas
|move|p2a: Samurott|Ceaseless Edge|p1a: Weezing|[miss]
|-miss|p2a: Samurott|p1a: Weezing
|
|upkeep
|turn|9
|
|t:|1781071713
|move|p2a: Samurott|Smart Strike|p1a: Weezing
|-supereffective|p1a: Weezing
|-damage|p1a: Weezing|70/100
|move|p1a: Weezing|Toxic|p2a: Samurott
|-status|p2a: Samurott|tox
|
|-heal|p1a: Weezing|76/100|[from] item: Leftovers
|-damage|p2a: Samurott|24/100 tox|[from] psn
|upkeep
|turn|10
|
|t:|1781071724
|move|p2a: Samurott|Ceaseless Edge|p1a: Weezing
|-resisted|p1a: Weezing
|-damage|p1a: Weezing|66/100
|-sidestart|p1: Ausar489|Spikes
|move|p1a: Weezing|Defog|p2a: Samurott
|-unboost|p2a: Samurott|evasion|1
|-sideend|p1: Ausar489|Spikes|[from] move: Defog|[of] p1a: Weezing
|
|-heal|p1a: Weezing|72/100|[from] item: Leftovers
|-damage|p2a: Samurott|12/100 tox|[from] psn
|upkeep
|turn|11
|
|t:|1781071734
|move|p2a: Samurott|Smart Strike|p1a: Weezing
|-supereffective|p1a: Weezing
|-damage|p1a: Weezing|42/100
|move|p1a: Weezing|Defog|p2a: Samurott
|-unboost|p2a: Samurott|evasion|1
|
|-heal|p1a: Weezing|48/100|[from] item: Leftovers
|-damage|p2a: Samurott|0 fnt|[from] psn
|faint|p2a: Samurott
|upkeep
|
|t:|1781071741
|switch|p2a: Iron Crown|Iron Crown|100/100
|turn|12
|
|t:|1781071756
|-end|p1a: Weezing|ability: Neutralizing Gas
|switch|p1a: Tornadus|Tornadus-Therian, M|100/100 tox
|move|p2a: Iron Crown|Focus Blast|p1a: Tornadus
|-resisted|p1a: Tornadus
|-damage|p1a: Tornadus|81/100 tox
|
|-damage|p1a: Tornadus|75/100 tox|[from] psn
|upkeep
|turn|13
|
|t:|1781071767
|-end|p2a: Iron Crown|Quark Drive|[silent]
|switch|p2a: Landorus|Landorus-Therian, M|100/100
|-ability|p2a: Landorus|Intimidate|boost
|-unboost|p1a: Tornadus|atk|1
|move|p1a: Tornadus|Knock Off|p2a: Landorus
|-damage|p2a: Landorus|85/100
|-enditem|p2a: Landorus|Choice Scarf|[from] move: Knock Off|[of] p1a: Tornadus
|
|-damage|p1a: Tornadus|63/100 tox|[from] psn
|upkeep
|turn|14
|
|t:|1781071777
|move|p1a: Tornadus|Bleakwind Storm|p2a: Landorus|[miss]
|-miss|p1a: Tornadus|p2a: Landorus
|move|p2a: Landorus|Stealth Rock|p1a: Tornadus
|-sidestart|p1: Ausar489|move: Stealth Rock
|
|-damage|p1a: Tornadus|45/100 tox|[from] psn
|upkeep
|turn|15
|
|t:|1781071786
|switch|p2a: Iron Crown|Iron Crown|100/100
|move|p1a: Tornadus|U-turn|p2a: Iron Crown
|-damage|p2a: Iron Crown|90/100
|
|t:|1781071796
|switch|p1a: Zamazenta|Zamazenta|100/100|[from] U-turn
|-damage|p1a: Zamazenta|94/100|[from] Stealth Rock
|-ability|p1a: Zamazenta|Dauntless Shield|boost
|-boost|p1a: Zamazenta|def|1
|
|upkeep
|turn|16
|
|t:|1781071810
|-terastallize|p1a: Zamazenta|Dark
|move|p1a: Zamazenta|Crunch|p2a: Iron Crown
|-supereffective|p2a: Iron Crown
|-damage|p2a: Iron Crown|0 fnt
|faint|p2a: Iron Crown
|-end|p2a: Iron Crown|Quark Drive|[silent]
|
|upkeep
|
|t:|1781071819
|switch|p2a: Pecharunt|Pecharunt|72/100
|turn|17
|
|t:|1781071822
|move|p1a: Zamazenta|Crunch|p2a: Pecharunt
|-supereffective|p2a: Pecharunt
|-damage|p2a: Pecharunt|10/100
|move|p2a: Pecharunt|Malignant Chain|p1a: Zamazenta
|-damage|p1a: Zamazenta|66/100
|
|upkeep
|turn|18
|
|t:|1781071831
|switch|p2a: Landorus|Landorus-Therian, M|85/100
|-ability|p2a: Landorus|Intimidate|boost
|-unboost|p1a: Zamazenta|atk|1
|move|p1a: Zamazenta|Crunch|p2a: Landorus
|-damage|p2a: Landorus|36/100
|
|upkeep
|turn|19
|
|t:|1781071837
|move|p1a: Zamazenta|Crunch|p2a: Landorus
|-damage|p2a: Landorus|0 fnt
|faint|p2a: Landorus
|
|upkeep
|l| splat__t3r
|
|t:|1781071844
|switch|p2a: Great Tusk|Great Tusk|83/100
|turn|20
|
|t:|1781071854
|switch|p1a: Tornadus|Tornadus-Therian, M|78/100 tox
|-damage|p1a: Tornadus|53/100 tox|[from] Stealth Rock
|move|p2a: Great Tusk|Headlong Rush|p1a: Tornadus
|-immune|p1a: Tornadus
|
|-damage|p1a: Tornadus|47/100 tox|[from] psn
|upkeep
|turn|21
|
|t:|1781071861
|-end|p2a: Great Tusk|Protosynthesis|[silent]
|switch|p2a: Pecharunt|Pecharunt|10/100
|move|p1a: Tornadus|Bleakwind Storm|p2a: Pecharunt
|-damage|p2a: Pecharunt|0 fnt
|faint|p2a: Pecharunt
|
|-damage|p1a: Tornadus|35/100 tox|[from] psn
|upkeep
|
|t:|1781071863
|switch|p2a: Ogerpon|Ogerpon-Wellspring, F|100/100
|turn|22
|
|t:|1781071869
|-terastallize|p2a: Ogerpon|Water
|detailschange|p2a: Ogerpon|Ogerpon-Wellspring-Tera, F, tera:Water
|-ability|p2a: Ogerpon|Embody Aspect (Wellspring)|boost
|-boost|p2a: Ogerpon|spd|1
|move|p1a: Tornadus|U-turn|p2a: Ogerpon
|-damage|p2a: Ogerpon|88/100
|
|t:|1781071875
|switch|p1a: Alomomola|Alomomola, F|100/100|[from] U-turn
|-damage|p1a: Alomomola|88/100|[from] Stealth Rock
|move|p2a: Ogerpon|Trailblaze|p1a: Alomomola
|-supereffective|p1a: Alomomola
|-damage|p1a: Alomomola|55/100
|-boost|p2a: Ogerpon|spe|1
|-damage|p2a: Ogerpon|72/100|[from] item: Rocky Helmet|[of] p1a: Alomomola
|
|upkeep
|turn|23
|
|t:|1781071879
|move|p2a: Ogerpon|Swords Dance|p2a: Ogerpon
|-boost|p2a: Ogerpon|atk|2
|move|p1a: Alomomola|Flip Turn|p2a: Ogerpon
|-resisted|p2a: Ogerpon
|-damage|p2a: Ogerpon|65/100
|
|t:|1781071884
|switch|p1a: Lokix|Lokix, F|84/100|[from] Flip Turn
|-damage|p1a: Lokix|59/100|[from] Stealth Rock
|
|upkeep
|turn|24
|
|t:|1781071893
|move|p1a: Lokix|First Impression|p2a: Ogerpon
|-damage|p2a: Ogerpon|1/100
|move|p2a: Ogerpon|Synthesis|p2a: Ogerpon
|-heal|p2a: Ogerpon|51/100
|
|upkeep
|turn|25
|
|t:|1781071906
|switch|p1a: Tornadus|Tornadus-Therian, M|68/100 tox
|-damage|p1a: Tornadus|43/100 tox|[from] Stealth Rock
|move|p2a: Ogerpon|Synthesis|p2a: Ogerpon
|-heal|p2a: Ogerpon|100/100
|
|-damage|p1a: Tornadus|37/100 tox|[from] psn
|upkeep
|turn|26
|
|t:|1781071914
|move|p2a: Ogerpon|Ivy Cudgel|p1a: Tornadus|[anim] Ivy Cudgel Water
|-damage|p1a: Tornadus|0 fnt
|faint|p1a: Tornadus
|
|upkeep
|
|t:|1781071920
|switch|p1a: Alomomola|Alomomola, F|88/100
|-damage|p1a: Alomomola|76/100|[from] Stealth Rock
|turn|27
|
|t:|1781071922
|move|p2a: Ogerpon|Swords Dance|p2a: Ogerpon
|-boost|p2a: Ogerpon|atk|2
|move|p1a: Alomomola|Tickle|p2a: Ogerpon
|-unboost|p2a: Ogerpon|atk|1
|-unboost|p2a: Ogerpon|def|1
|
|upkeep
|turn|28
|
|t:|1781071927
|move|p2a: Ogerpon|Trailblaze|p1a: Alomomola
|-supereffective|p1a: Alomomola
|-damage|p1a: Alomomola|0 fnt
|-boost|p2a: Ogerpon|spe|1
|-damage|p2a: Ogerpon|84/100|[from] item: Rocky Helmet|[of] p1a: Alomomola
|faint|p1a: Alomomola
|
|upkeep
|
|t:|1781071933
|switch|p1a: Lokix|Lokix, F|59/100
|-damage|p1a: Lokix|34/100|[from] Stealth Rock
|turn|29
|
|t:|1781071945
|switch|p2a: Great Tusk|Great Tusk|83/100
|move|p1a: Lokix|First Impression|p2a: Great Tusk
|-resisted|p2a: Great Tusk
|-damage|p2a: Great Tusk|42/100
|
|upkeep
|turn|30
|
|t:|1781071951
|switch|p1a: Weezing|Weezing-Galar, F|48/100
|-ability|p1a: Weezing|Neutralizing Gas
|-damage|p1a: Weezing|36/100|[from] Stealth Rock
|move|p2a: Great Tusk|Close Combat|p1a: Weezing
|-resisted|p1a: Weezing
|-damage|p1a: Weezing|28/100
|-unboost|p2a: Great Tusk|def|1
|-unboost|p2a: Great Tusk|spd|1
|
|-heal|p1a: Weezing|34/100|[from] item: Leftovers
|upkeep
|turn|31
|
|t:|1781071958
|move|p2a: Great Tusk|Headlong Rush|p1a: Weezing
|-supereffective|p1a: Weezing
|-damage|p1a: Weezing|0 fnt
|-unboost|p2a: Great Tusk|def|1
|-unboost|p2a: Great Tusk|spd|1
|faint|p1a: Weezing
|-end|p1a: Weezing|ability: Neutralizing Gas
|
|upkeep
|
|t:|1781071966
|switch|p1a: Zamazenta|Zamazenta, tera:Dark|66/100
|-damage|p1a: Zamazenta|54/100|[from] Stealth Rock
|turn|32
|
|t:|1781071968
|move|p1a: Zamazenta|Close Combat|p2a: Great Tusk
|-damage|p2a: Great Tusk|0 fnt
|-unboost|p1a: Zamazenta|def|1
|-unboost|p1a: Zamazenta|spd|1
|faint|p2a: Great Tusk
|-end|p2a: Great Tusk|Protosynthesis|[silent]
|
|upkeep
|
|t:|1781071969
|switch|p2a: Ogerpon|Ogerpon-Wellspring-Tera, F, tera:Water|84/100
|-ability|p2a: Ogerpon|Embody Aspect (Wellspring)|boost
|-boost|p2a: Ogerpon|spd|1
|turn|33
|
|t:|1781071974
|move|p1a: Zamazenta|Close Combat|p2a: Ogerpon
|-damage|p2a: Ogerpon|0 fnt
|-unboost|p1a: Zamazenta|def|1
|-unboost|p1a: Zamazenta|spd|1
|faint|p2a: Ogerpon
|detailschange|p2: Ogerpon|Ogerpon-Wellspring, F|[silent]
|
|win|Ausar489
|raw|Ausar489's rating: 1656 &rarr; <strong>1674</strong><br />(+18 for winning)
|raw|la5495's rating: 1620 &rarr; <strong>1602</strong><br />(-18 for losing)
|l|☆la5495
|player|p2|
