|j|☆MonsieurLouis
|j|☆Ryan's World
|t:|1781418865
|gametype|singles
|player|p1|MonsieurLouis|janitor|1607
|player|p2|Ryan's World|266|1534
|gen|9
|tier|[Gen 9] OU
|rated|
|rule|HP Percentage Mod: HP is shown in percentages
|rule|Endless Battle Clause: Forcing endless battles is banned
|rule|Species Clause: Limit one of each Pokémon
|rule|OHKO Clause: OHKO moves are banned
|rule|Evasion Items Clause: Evasion items are banned
|rule|Evasion Moves Clause: Evasion moves are banned
|rule|Evasion Abilities Clause: Evasion abilities are banned
|rule|Sleep Moves Clause: Sleep-inducing moves are banned
|clearpoke
|poke|p1|Torkoal, M|
|poke|p1|Raging Bolt|
|poke|p1|Walking Wake|
|poke|p1|Ceruledge, F|
|poke|p1|Kingambit, M|
|poke|p1|Hatterene, F|
|poke|p2|Ceruledge, M|
|poke|p2|Deoxys-Speed|
|poke|p2|Slowking-Galar, M|
|poke|p2|Grimmsnarl, M|
|poke|p2|Kyurem|
|poke|p2|Great Tusk|
|teampreview
|inactive|Battle timer is ON: inactive players will automatically lose when time's up. (requested by Ryan's World)
|
|t:|1781418876
|teamsize|p1|6
|teamsize|p2|6
|start
|switch|p1a: Torkoal|Torkoal, M|100/100
|switch|p2a: Great Tusk|Great Tusk|100/100
|-weather|SunnyDay|[from] ability: Drought|[of] p1a: Torkoal
|-activate|p2a: Great Tusk|ability: Protosynthesis
|-start|p2a: Great Tusk|protosynthesisatk
|turn|1
|
|t:|1781418882
|-terastallize|p1a: Torkoal|Flying
|move|p2a: Great Tusk|Headlong Rush|p1a: Torkoal
|-immune|p1a: Torkoal
|move|p1a: Torkoal|Burning Jealousy|p2a: Great Tusk
|-damage|p2a: Great Tusk|54/100
|
|-weather|SunnyDay|[upkeep]
|upkeep
|turn|2
|
|t:|1781418893
|-end|p2a: Great Tusk|Protosynthesis|[silent]
|switch|p2a: Ceruledge|Ceruledge, M|100/100
|move|p1a: Torkoal|Burning Jealousy|p2a: Ceruledge
|-resisted|p2a: Ceruledge
|-damage|p2a: Ceruledge|81/100
|
|-weather|SunnyDay|[upkeep]
|upkeep
|turn|3
|
|t:|1781418896
|move|p2a: Ceruledge|Swords Dance|p2a: Ceruledge
|-boost|p2a: Ceruledge|atk|2
|move|p1a: Torkoal|Stealth Rock|p2a: Ceruledge
|-sidestart|p2: Ryan's World|move: Stealth Rock
|
|-weather|SunnyDay|[upkeep]
|upkeep
|turn|4
|
|t:|1781418900
|switch|p1a: Ceruledge|Ceruledge, F|100/100
|move|p2a: Ceruledge|Bitter Blade|p1a: Ceruledge
|-resisted|p1a: Ceruledge
|-enditem|p1a: Ceruledge|Focus Sash
|-damage|p1a: Ceruledge|1/100
|-heal|p2a: Ceruledge|100/100|[from] drain|[of] p1a: Ceruledge
|-ability|p1a: Ceruledge|Weak Armor|boost
|-unboost|p1a: Ceruledge|def|1
|-boost|p1a: Ceruledge|spe|2
|-damage|p2a: Ceruledge|91/100|[from] item: Life Orb
|
|-weather|SunnyDay|[upkeep]
|upkeep
|turn|5
|
|t:|1781418906
|move|p1a: Ceruledge|Shadow Sneak|p2a: Ceruledge
|-supereffective|p2a: Ceruledge
|-damage|p2a: Ceruledge|37/100
|-ability|p2a: Ceruledge|Weak Armor|boost
|-unboost|p2a: Ceruledge|def|1
|-boost|p2a: Ceruledge|spe|2
|move|p2a: Ceruledge|Shadow Sneak|p1a: Ceruledge
|-supereffective|p1a: Ceruledge
|-damage|p1a: Ceruledge|0 fnt
|faint|p1a: Ceruledge
|-damage|p2a: Ceruledge|27/100|[from] item: Life Orb
|
|-weather|SunnyDay|[upkeep]
|upkeep
|
|t:|1781418909
|switch|p1a: Walking Wake|Walking Wake|100/100
|-activate|p1a: Walking Wake|ability: Protosynthesis
|-start|p1a: Walking Wake|protosynthesisspe
|turn|6
|
|t:|1781418912
|move|p2a: Ceruledge|Close Combat|p1a: Walking Wake
|-damage|p1a: Walking Wake|0 fnt
|-unboost|p2a: Ceruledge|def|1
|-unboost|p2a: Ceruledge|spd|1
|faint|p1a: Walking Wake
|-end|p1a: Walking Wake|Protosynthesis|[silent]
|-damage|p2a: Ceruledge|17/100|[from] item: Life Orb
|
|-weather|SunnyDay|[upkeep]
|upkeep
|
|t:|1781418916
|switch|p1a: Kingambit|Kingambit, M|100/100
|-activate|p1a: Kingambit|ability: Supreme Overlord
|-start|p1a: Kingambit|fallen2|[silent]
|turn|7
|
|t:|1781418921
|move|p1a: Kingambit|Sucker Punch|p2a: Ceruledge
|-supereffective|p2a: Ceruledge
|-damage|p2a: Ceruledge|0 fnt
|faint|p2a: Ceruledge
|
|-weather|SunnyDay|[upkeep]
|upkeep
|
|t:|1781418924
|switch|p2a: Great Tusk|Great Tusk|54/100
|-damage|p2a: Great Tusk|51/100|[from] Stealth Rock
|-activate|p2a: Great Tusk|ability: Protosynthesis
|-start|p2a: Great Tusk|protosynthesisatk
|turn|8
|
|t:|1781418928
|move|p2a: Great Tusk|Headlong Rush|p1a: Kingambit
|-supereffective|p1a: Kingambit
|-damage|p1a: Kingambit|0 fnt
|-unboost|p2a: Great Tusk|def|1
|-unboost|p2a: Great Tusk|spd|1
|faint|p1a: Kingambit
|-end|p1a: Kingambit|fallen2|[silent]
|
|-weather|none
|-end|p2a: Great Tusk|Protosynthesis
|upkeep
|-enditem|p2a: Great Tusk|Booster Energy
|-activate|p2a: Great Tusk|ability: Protosynthesis|[fromitem]
|-start|p2a: Great Tusk|protosynthesisatk
|
|t:|1781418931
|switch|p1a: Torkoal|Torkoal, M, tera:Flying|100/100
|-weather|SunnyDay|[from] ability: Drought|[of] p1a: Torkoal
|turn|9
|
|t:|1781418933
|move|p2a: Great Tusk|Rapid Spin|p1a: Torkoal
|-damage|p1a: Torkoal|85/100
|-boost|p2a: Great Tusk|spe|1
|-sideend|p2: Ryan's World|Stealth Rock|[from] move: Rapid Spin|[of] p2a: Great Tusk
|move|p1a: Torkoal|Burning Jealousy|p2a: Great Tusk
|-damage|p2a: Great Tusk|0 fnt
|faint|p2a: Great Tusk
|-end|p2a: Great Tusk|Protosynthesis|[silent]
|
|-weather|SunnyDay|[upkeep]
|upkeep
|
|t:|1781418937
|switch|p2a: Kyurem|Kyurem|100/100
|-ability|p2a: Kyurem|Pressure
|turn|10
|
|t:|1781418942
|switch|p1a: Hatterene|Hatterene, F|100/100
|move|p2a: Kyurem|Freeze-Dry|p1a: Hatterene
|-damage|p1a: Hatterene|65/100
|-enditem|p1a: Hatterene|Eject Button
|
|t:|1781418943
|switch|p1a: Raging Bolt|Raging Bolt|100/100
|-activate|p1a: Raging Bolt|ability: Protosynthesis
|-start|p1a: Raging Bolt|protosynthesisspa
|
|-weather|SunnyDay|[upkeep]
|upkeep
|turn|11
|-message|MonsieurLouis forfeited.
|
|win|Ryan's World
|raw|MonsieurLouis's rating: 1607 &rarr; <strong>1583</strong><br />(-24 for losing)
|raw|Ryan&apos;s World's rating: 1534 &rarr; <strong>1558</strong><br />(+24 for winning)
|l|☆MonsieurLouis
|player|p1|
|l|☆Ryan's World
|player|p2|
