|j|☆Negative1stClass
|j|☆serpico XD
|t:|1781344319
|gametype|singles
|player|p1|Negative1stClass|hilbert|1565
|player|p2|serpico XD|blue|1588
|gen|9
|tier|[Gen 9] OU
|rated|
|rule|HP Percentage Mod: HP is shown in percentages
|rule|Endless Battle Clause: Forcing endless battles is banned
|rule|Species Clause: Limit one of each Pokémon
|rule|OHKO Clause: OHKO moves are banned
|rule|Evasion Items Clause: Evasion items are banned
|rule|Evasion Moves Clause: Evasion moves are banned
|rule|Evasion Abilities Clause: Evasion abilities are banned
|rule|Sleep Moves Clause: Sleep-inducing moves are banned
|clearpoke
|poke|p1|Pelipper, M|
|poke|p1|Raging Bolt|
|poke|p1|Overqwil, F|
|poke|p1|Barraskewda, F|
|poke|p1|Iron Treads|
|poke|p1|Azelf|
|poke|p2|Dragapult, F|
|poke|p2|Zamazenta-*|
|poke|p2|Iron Valiant|
|poke|p2|Gholdengo|
|poke|p2|Corviknight, F|
|poke|p2|Ogerpon-Wellspring, F|
|teampreview
|inactive|Battle timer is ON: inactive players will automatically lose when time's up. (requested by Negative1stClass)
|c|☆serpico XD|glhf
|c|☆Negative1stClass|ty u2
|
|t:|1781344339
|teamsize|p1|6
|teamsize|p2|6
|start
|switch|p1a: Pelipper|Pelipper, M|100/100
|switch|p2a: Dragapult|Dragapult, F, shiny|100/100
|-weather|RainDance|[from] ability: Drizzle|[of] p1a: Pelipper
|turn|1
|
|t:|1781344345
|switch|p1a: Iron Treads|Iron Treads|100/100
|-enditem|p1a: Iron Treads|Booster Energy
|-activate|p1a: Iron Treads|ability: Quark Drive|[fromitem]
|-start|p1a: Iron Treads|quarkdrivespe
|move|p2a: Dragapult|Shadow Ball|p1a: Iron Treads
|-damage|p1a: Iron Treads|21/100
|
|-weather|RainDance|[upkeep]
|upkeep
|turn|2
|
|t:|1781344348
|move|p1a: Iron Treads|Stealth Rock|p2a: Dragapult
|-sidestart|p2: serpico XD|move: Stealth Rock
|move|p2a: Dragapult|Shadow Ball|p1a: Iron Treads
|-damage|p1a: Iron Treads|0 fnt
|faint|p1a: Iron Treads
|-end|p1a: Iron Treads|Quark Drive|[silent]
|
|-weather|RainDance|[upkeep]
|upkeep
|
|t:|1781344352
|switch|p1a: Overqwil|Overqwil, F|100/100
|turn|3
|
|t:|1781344354
|switch|p2a: Corviknight|Corviknight, F, shiny|100/100
|-damage|p2a: Corviknight|88/100|[from] Stealth Rock
|move|p1a: Overqwil|Swords Dance|p1a: Overqwil
|-boost|p1a: Overqwil|atk|2
|
|-weather|RainDance|[upkeep]
|upkeep
|turn|4
|
|t:|1781344358
|move|p1a: Overqwil|Liquidation|p2a: Corviknight
|-damage|p2a: Corviknight|23/100
|-damage|p1a: Overqwil|84/100|[from] item: Rocky Helmet|[of] p2a: Corviknight
|-damage|p1a: Overqwil|74/100|[from] item: Life Orb
|move|p2a: Corviknight|Defog|p1a: Overqwil
|-unboost|p1a: Overqwil|evasion|1
|-sideend|p2: serpico XD|Stealth Rock|[from] move: Defog|[of] p2a: Corviknight
|
|-weather|RainDance|[upkeep]
|upkeep
|turn|5
|
|t:|1781344368
|move|p1a: Overqwil|Crunch|p2a: Corviknight
|-crit|p2a: Corviknight
|-damage|p2a: Corviknight|0 fnt
|-damage|p1a: Overqwil|57/100|[from] item: Rocky Helmet|[of] p2a: Corviknight
|faint|p2a: Corviknight
|-damage|p1a: Overqwil|48/100|[from] item: Life Orb
|
|-weather|RainDance|[upkeep]
|upkeep
|
|t:|1781344373
|switch|p2a: Zamazenta|Zamazenta|100/100
|-ability|p2a: Zamazenta|Dauntless Shield|boost
|-boost|p2a: Zamazenta|def|1
|turn|6
|
|t:|1781344376
|switch|p1a: Pelipper|Pelipper, M|100/100
|move|p2a: Zamazenta|Body Press|p1a: Pelipper
|-resisted|p1a: Pelipper
|-damage|p1a: Pelipper|83/100
|
|-weather|RainDance|[upkeep]
|upkeep
|turn|7
|
|t:|1781344381
|switch|p2a: Gholdengo|Gholdengo|100/100
|move|p1a: Pelipper|Hurricane|p2a: Gholdengo
|-resisted|p2a: Gholdengo
|-damage|p2a: Gholdengo|78/100
|
|-weather|RainDance|[upkeep]
|upkeep
|turn|8
|
|t:|1781344390
|switch|p1a: Raging Bolt|Raging Bolt|100/100
|-enditem|p1a: Raging Bolt|Booster Energy
|-activate|p1a: Raging Bolt|ability: Protosynthesis|[fromitem]
|-start|p1a: Raging Bolt|protosynthesisspa
|move|p2a: Gholdengo|Shadow Ball|p1a: Raging Bolt
|-damage|p1a: Raging Bolt|63/100
|
|-weather|none
|upkeep
|turn|9
|
|t:|1781344393
|move|p2a: Gholdengo|Shadow Ball|p1a: Raging Bolt
|-damage|p1a: Raging Bolt|26/100
|move|p1a: Raging Bolt|Thunder|p2a: Gholdengo
|-damage|p2a: Gholdengo|0 fnt
|faint|p2a: Gholdengo
|
|upkeep
|
|t:|1781344403
|switch|p2a: Zamazenta|Zamazenta|100/100
|turn|10
|
|t:|1781344408
|move|p2a: Zamazenta|Substitute|p2a: Zamazenta
|-start|p2a: Zamazenta|Substitute
|-damage|p2a: Zamazenta|76/100
|move|p1a: Raging Bolt|Draco Meteor|p2a: Zamazenta
|-end|p2a: Zamazenta|Substitute
|-unboost|p1a: Raging Bolt|spa|2
|
|-heal|p2a: Zamazenta|82/100|[from] item: Leftovers
|upkeep
|turn|11
|
|t:|1781344415
|switch|p2a: Dragapult|Dragapult, F, shiny|100/100
|-end|p1a: Raging Bolt|Protosynthesis|[silent]
|switch|p1a: Pelipper|Pelipper, M|83/100
|-weather|RainDance|[from] ability: Drizzle|[of] p1a: Pelipper
|
|-weather|RainDance|[upkeep]
|upkeep
|turn|12
|
|t:|1781344423
|switch|p1a: Raging Bolt|Raging Bolt|26/100
|move|p2a: Dragapult|Shadow Ball|p1a: Raging Bolt
|-damage|p1a: Raging Bolt|0 fnt
|faint|p1a: Raging Bolt
|-end|p1a: Raging Bolt|Protosynthesis|[silent]
|
|-weather|RainDance|[upkeep]
|upkeep
|
|t:|1781344428
|switch|p1a: Overqwil|Overqwil, F|48/100
|turn|13
|
|t:|1781344435
|switch|p1a: Pelipper|Pelipper, M|83/100
|switch|p2a: Zamazenta|Zamazenta|82/100
|
|-weather|RainDance|[upkeep]
|-heal|p2a: Zamazenta|88/100|[from] item: Leftovers
|upkeep
|turn|14
|
|t:|1781344438
|switch|p2a: Dragapult|Dragapult, F, shiny|100/100
|move|p1a: Pelipper|Hurricane|p2a: Dragapult
|-damage|p2a: Dragapult|55/100
|
|-weather|RainDance|[upkeep]
|upkeep
|turn|15
|
|t:|1781344441
|move|p2a: Dragapult|Thunderbolt|p1a: Pelipper
|-supereffective|p1a: Pelipper
|-damage|p1a: Pelipper|0 fnt
|faint|p1a: Pelipper
|
|-weather|RainDance|[upkeep]
|upkeep
|
|t:|1781344445
|switch|p1a: Azelf|Azelf|100/100
|turn|16
|
|t:|1781344449
|move|p2a: Dragapult|Thunderbolt|p1a: Azelf
|-damage|p1a: Azelf|43/100
|move|p1a: Azelf|Dazzling Gleam|p2a: Dragapult
|-supereffective|p2a: Dragapult
|-damage|p2a: Dragapult|0 fnt
|faint|p2a: Dragapult
|
|-weather|RainDance|[upkeep]
|upkeep
|
|t:|1781344454
|switch|p2a: Zamazenta|Zamazenta|88/100
|turn|17
|
|t:|1781344458
|-terastallize|p1a: Azelf|Ghost
|move|p2a: Zamazenta|Crunch|p1a: Azelf
|-supereffective|p1a: Azelf
|-damage|p1a: Azelf|0 fnt
|faint|p1a: Azelf
|
|-weather|RainDance|[upkeep]
|-heal|p2a: Zamazenta|94/100|[from] item: Leftovers
|upkeep
|
|t:|1781344462
|switch|p1a: Barraskewda|Barraskewda, F|100/100
|turn|18
|
|t:|1781344466
|move|p1a: Barraskewda|Close Combat|p2a: Zamazenta
|-damage|p2a: Zamazenta|45/100
|-unboost|p1a: Barraskewda|def|1
|-unboost|p1a: Barraskewda|spd|1
|move|p2a: Zamazenta|Body Press|p1a: Barraskewda
|-crit|p1a: Barraskewda
|-damage|p1a: Barraskewda|0 fnt
|faint|p1a: Barraskewda
|
|-weather|none
|-heal|p2a: Zamazenta|51/100|[from] item: Leftovers
|upkeep
|
|t:|1781344468
|switch|p1a: Overqwil|Overqwil, F|48/100
|turn|19
|
|t:|1781344470
|move|p2a: Zamazenta|Body Press|p1a: Overqwil
|-damage|p1a: Overqwil|12/100
|move|p1a: Overqwil|Gunk Shot|p2a: Zamazenta
|-damage|p2a: Zamazenta|0 fnt
|faint|p2a: Zamazenta
|-damage|p1a: Overqwil|2/100|[from] item: Life Orb
|
|upkeep
|
|t:|1781344473
|switch|p2a: Ogerpon|Ogerpon-Wellspring, F|100/100
|turn|20
|
|t:|1781344475
|move|p2a: Ogerpon|Ivy Cudgel|p1a: Overqwil|[anim] Ivy Cudgel Water
|-damage|p1a: Overqwil|0 fnt
|faint|p1a: Overqwil
|
|win|serpico XD
|raw|Negative1stClass's rating: 1565 &rarr; <strong>1546</strong><br />(-19 for losing)
|raw|serpico XD's rating: 1588 &rarr; <strong>1607</strong><br />(+19 for winning)
|l|☆Negative1stClass
|player|p1|
|c|☆serpico XD|gg wp
|l|☆serpico XD
|player|p2|
