|j|☆danmoses
|j|☆cachowcapow
|t:|1781520235
|gametype|singles
|player|p1|danmoses|whitney|1577
|player|p2|cachowcapow|101|1651
|gen|9
|tier|[Gen 9] OU
|rated|
|rule|HP Percentage Mod: HP is shown in percentages
|rule|Endless Battle Clause: Forcing endless battles is banned
|rule|Species Clause: Limit one of each Pokémon
|rule|OHKO Clause: OHKO moves are banned
|rule|Evasion Items Clause: Evasion items are banned
|rule|Evasion Moves Clause: Evasion moves are banned
|rule|Evasion Abilities Clause: Evasion abilities are banned
|rule|Sleep Moves Clause: Sleep-inducing moves are banned
|clearpoke
|poke|p1|Hatterene, F|
|poke|p1|Great Tusk|
|poke|p1|Tornadus-Therian, M|
|poke|p1|Kyurem|
|poke|p1|Slowking-Galar, M|
|poke|p1|Kingambit, M|
|poke|p2|Alomomola, F|
|poke|p2|Gardevoir, F|
|poke|p2|Scizor, M|
|poke|p2|Slither Wing|
|poke|p2|Mew|
|poke|p2|Meowscarada, M|
|teampreview
|inactive|Battle timer is ON: inactive players will automatically lose when time's up. (requested by danmoses)
|
|t:|1781520247
|teamsize|p1|6
|teamsize|p2|6
|start
|switch|p1a: Tornadus|Tornadus-Therian, M|100/100
|switch|p2a: Mew|Mew, shiny|100/100
|turn|1
|
|t:|1781520253
|move|p1a: Tornadus|Knock Off|p2a: Mew
|-supereffective|p2a: Mew
|-damage|p2a: Mew|78/100
|-enditem|p2a: Mew|Weakness Policy
|-boost|p2a: Mew|atk|2|[from] item: Weakness Policy
|-boost|p2a: Mew|spa|2|[from] item: Weakness Policy
|move|p2a: Mew|Agility|p2a: Mew
|-boost|p2a: Mew|spe|2
|
|upkeep
|turn|2
|
|t:|1781520264
|move|p2a: Mew|Calm Mind|p2a: Mew
|-boost|p2a: Mew|spa|1
|-boost|p2a: Mew|spd|1
|move|p1a: Tornadus|Bleakwind Storm|p2a: Mew
|-damage|p2a: Mew|58/100
|
|upkeep
|turn|3
|
|t:|1781520270
|switch|p1a: Hatterene|Hatterene, F|100/100
|move|p2a: Mew|Calm Mind|p2a: Mew
|-boost|p2a: Mew|spa|1
|-boost|p2a: Mew|spd|1
|
|upkeep
|turn|4
|
|t:|1781520276
|move|p2a: Mew|Stored Power|p1a: Hatterene
|-resisted|p1a: Hatterene
|-damage|p1a: Hatterene|0 fnt
|faint|p1a: Hatterene
|
|upkeep
|
|t:|1781520291
|switch|p1a: Kingambit|Kingambit, M|100/100
|-activate|p1a: Kingambit|ability: Supreme Overlord
|-start|p1a: Kingambit|fallen1|[silent]
|turn|5
|
|t:|1781520296
|-terastallize|p2a: Mew|Fairy
|move|p2a: Mew|Draining Kiss|p1a: Kingambit
|-damage|p1a: Kingambit|41/100
|-heal|p2a: Mew|100/100|[from] drain|[of] p1a: Kingambit
|move|p1a: Kingambit|Kowtow Cleave|p2a: Mew
|-resisted|p2a: Mew
|-damage|p2a: Mew|83/100
|
|-heal|p1a: Kingambit|47/100|[from] item: Leftovers
|upkeep
|turn|6
|
|t:|1781520307
|-end|p1a: Kingambit|fallen1|[silent]
|switch|p1a: Slowking|Slowking-Galar, M|100/100
|move|p2a: Mew|Draining Kiss|p1a: Slowking
|-resisted|p1a: Slowking
|-damage|p1a: Slowking|78/100
|-heal|p2a: Mew|99/100|[from] drain|[of] p1a: Slowking
|
|-heal|p1a: Slowking|84/100|[from] item: Black Sludge
|upkeep
|turn|7
|inactive|cachowcapow has 120 seconds left.
|inactive|cachowcapow has 90 seconds left.
|
|t:|1781520373
|move|p2a: Mew|Stored Power|p1a: Slowking
|-damage|p1a: Slowking|0 fnt
|faint|p1a: Slowking
|
|upkeep
|inactive|danmoses has 120 seconds left.
|-message|danmoses forfeited.
|
|win|cachowcapow
|raw|danmoses's rating: 1577 &rarr; <strong>1561</strong><br />(-16 for losing)
|raw|cachowcapow's rating: 1651 &rarr; <strong>1667</strong><br />(+16 for winning)
|l|☆danmoses
|player|p1|
|l|☆cachowcapow
|player|p2|
