|j|☆cachowcapow
|j|☆vegancrosfit
|t:|1781526447
|gametype|singles
|player|p1|cachowcapow|101|1620
|player|p2|vegancrosfit|cyclist-gen4|1622
|gen|9
|tier|[Gen 9] OU
|rated|
|rule|HP Percentage Mod: HP is shown in percentages
|rule|Endless Battle Clause: Forcing endless battles is banned
|rule|Species Clause: Limit one of each Pokémon
|rule|OHKO Clause: OHKO moves are banned
|rule|Evasion Items Clause: Evasion items are banned
|rule|Evasion Moves Clause: Evasion moves are banned
|rule|Evasion Abilities Clause: Evasion abilities are banned
|rule|Sleep Moves Clause: Sleep-inducing moves are banned
|clearpoke
|poke|p1|Pikachu, M|
|poke|p1|Alomomola, F|
|poke|p1|Iron Valiant|
|poke|p1|Slither Wing|
|poke|p1|Iron Treads|
|poke|p1|Ogerpon-Wellspring, F|
|poke|p2|Pelipper, F|
|poke|p2|Barraskewda, F|
|poke|p2|Ogerpon-Wellspring, F|
|poke|p2|Scizor, F|
|poke|p2|Tornadus-Therian, M|
|poke|p2|Raging Bolt|
|teampreview
|
|t:|1781526457
|teamsize|p1|6
|teamsize|p2|6
|start
|switch|p1a: Pikachu|Pikachu, M|100/100
|switch|p2a: Pelipper|Pelipper, F|100/100
|-weather|RainDance|[from] ability: Drizzle|[of] p2a: Pelipper
|turn|1
|
|t:|1781526461
|switch|p2a: Raging Bolt|Raging Bolt|100/100
|move|p1a: Pikachu|Volt Switch|p2a: Raging Bolt
|-resisted|p2a: Raging Bolt
|-damage|p2a: Raging Bolt|92/100
|inactive|Battle timer is ON: inactive players will automatically lose when time's up. (requested by vegancrosfit)
|
|t:|1781526485
|switch|p1a: Iron Treads|Iron Treads|100/100|[from] Volt Switch
|
|-weather|RainDance|[upkeep]
|upkeep
|turn|2
|
|t:|1781526488
|move|p1a: Iron Treads|Volt Switch|p2a: Raging Bolt
|-resisted|p2a: Raging Bolt
|-damage|p2a: Raging Bolt|89/100
|
|t:|1781526490
|-end|p1a: Iron Treads|Quark Drive|[silent]
|switch|p1a: Ogerpon|Ogerpon-Wellspring, F|100/100|[from] Volt Switch
|move|p2a: Raging Bolt|Weather Ball|p1a: Ogerpon
|-immune|p1a: Ogerpon|[from] ability: Water Absorb
|
|-weather|RainDance|[upkeep]
|upkeep
|turn|3
|
|t:|1781526494
|move|p1a: Ogerpon|U-turn|p2a: Raging Bolt
|-damage|p2a: Raging Bolt|65/100
|
|t:|1781526496
|switch|p1a: Pikachu|Pikachu, M|100/100|[from] U-turn
|move|p2a: Raging Bolt|Thunder|p1a: Pikachu
|-ability|p1a: Pikachu|Lightning Rod|boost
|-boost|p1a: Pikachu|spa|1
|
|-weather|RainDance|[upkeep]
|upkeep
|turn|4
|
|t:|1781526504
|move|p1a: Pikachu|Alluring Voice|p2a: Raging Bolt
|-supereffective|p2a: Raging Bolt
|-damage|p2a: Raging Bolt|0 fnt
|faint|p2a: Raging Bolt
|-end|p2a: Raging Bolt|Protosynthesis|[silent]
|
|-weather|RainDance|[upkeep]
|upkeep
|
|t:|1781526510
|switch|p2a: Barraskewda|Barraskewda, F|100/100
|turn|5
|
|t:|1781526525
|switch|p1a: Alomomola|Alomomola, F|100/100
|move|p2a: Barraskewda|Close Combat|p1a: Alomomola
|-damage|p1a: Alomomola|51/100
|-unboost|p2a: Barraskewda|def|1
|-unboost|p2a: Barraskewda|spd|1
|
|-weather|RainDance|[upkeep]
|upkeep
|turn|6
|
|t:|1781526530
|switch|p2a: Ogerpon|Ogerpon-Wellspring, F|100/100
|switch|p1a: Slither Wing|Slither Wing|100/100
|
|-weather|RainDance|[upkeep]
|upkeep
|turn|7
|
|t:|1781526535
|switch|p2a: Scizor|Scizor, F|100/100
|move|p1a: Slither Wing|U-turn|p2a: Scizor
|-resisted|p2a: Scizor
|-damage|p2a: Scizor|86/100
|inactive|cachowcapow has 120 seconds left.
|
|t:|1781526576
|-end|p1a: Slither Wing|Protosynthesis|[silent]
|switch|p1a: Pikachu|Pikachu, M|100/100|[from] U-turn
|
|-weather|RainDance|[upkeep]
|upkeep
|turn|8
|
|t:|1781526581
|move|p1a: Pikachu|Volt Switch|p2a: Scizor
|-damage|p2a: Scizor|34/100
|-enditem|p2a: Scizor|Sitrus Berry|[eat]
|-heal|p2a: Scizor|59/100|[from] item: Sitrus Berry
|
|t:|1781526586
|switch|p1a: Slither Wing|Slither Wing|100/100|[from] Volt Switch
|move|p2a: Scizor|U-turn|p1a: Slither Wing
|-resisted|p1a: Slither Wing
|-damage|p1a: Slither Wing|86/100
|-damage|p2a: Scizor|42/100|[from] item: Rocky Helmet|[of] p1a: Slither Wing
|
|t:|1781526592
|switch|p2a: Tornadus|Tornadus-Therian, M|100/100|[from] U-turn
|
|-weather|none
|upkeep
|turn|9
|inactive|cachowcapow has 120 seconds left.
|
|t:|1781526615
|-end|p1a: Slither Wing|Protosynthesis|[silent]
|switch|p1a: Alomomola|Alomomola, F|85/100
|move|p2a: Tornadus|U-turn|p1a: Alomomola
|-damage|p1a: Alomomola|75/100
|
|t:|1781526630
|switch|p2a: Ogerpon|Ogerpon-Wellspring, F|100/100|[from] U-turn
|
|upkeep
|turn|10
|inactive|cachowcapow has 120 seconds left.
|
|t:|1781526667
|switch|p1a: Slither Wing|Slither Wing|86/100
|move|p2a: Ogerpon|Ivy Cudgel|p1a: Slither Wing|[anim] Ivy Cudgel Water
|-damage|p1a: Slither Wing|40/100
|
|upkeep
|turn|11
|
|t:|1781526673
|switch|p2a: Pelipper|Pelipper, F|100/100
|-weather|RainDance|[from] ability: Drizzle|[of] p2a: Pelipper
|move|p1a: Slither Wing|U-turn|p2a: Pelipper
|-resisted|p2a: Pelipper
|-damage|p2a: Pelipper|89/100
|
|t:|1781526679
|-end|p1a: Slither Wing|Protosynthesis|[silent]
|switch|p1a: Pikachu|Pikachu, M|100/100|[from] U-turn
|
|-weather|RainDance|[upkeep]
|upkeep
|turn|12
|
|t:|1781526686
|-terastallize|p2a: Pelipper|Ground
|move|p1a: Pikachu|Thunderbolt|p2a: Pelipper
|-immune|p2a: Pelipper
|move|p2a: Pelipper|Hurricane|p1a: Pikachu
|-resisted|p1a: Pikachu
|-damage|p1a: Pikachu|50/100
|
|-weather|RainDance|[upkeep]
|upkeep
|turn|13
|j| 1017chy
|
|t:|1781526695
|switch|p1a: Alomomola|Alomomola, F|100/100
|switch|p2a: Ogerpon|Ogerpon-Wellspring, F|100/100
|
|-weather|RainDance|[upkeep]
|upkeep
|turn|14
|
|t:|1781526701
|switch|p1a: Slither Wing|Slither Wing|40/100
|move|p2a: Ogerpon|Horn Leech|p1a: Slither Wing
|-resisted|p1a: Slither Wing
|-damage|p1a: Slither Wing|22/100
|-damage|p2a: Ogerpon|84/100|[from] item: Rocky Helmet|[of] p1a: Slither Wing
|
|-weather|RainDance|[upkeep]
|upkeep
|turn|15
|
|t:|1781526708
|switch|p2a: Scizor|Scizor, F|42/100
|move|p1a: Slither Wing|First Impression|p2a: Scizor
|-resisted|p2a: Scizor
|-damage|p2a: Scizor|21/100
|
|-weather|RainDance|[upkeep]
|upkeep
|turn|16
|
|t:|1781526713
|move|p2a: Scizor|U-turn|p1a: Slither Wing
|-resisted|p1a: Slither Wing
|-damage|p1a: Slither Wing|7/100
|-damage|p2a: Scizor|5/100|[from] item: Rocky Helmet|[of] p1a: Slither Wing
|
|t:|1781526717
|switch|p2a: Tornadus|Tornadus-Therian, M|100/100|[from] U-turn
|move|p1a: Slither Wing|Morning Sun|p1a: Slither Wing
|-heal|p1a: Slither Wing|32/100
|
|-weather|RainDance|[upkeep]
|upkeep
|turn|17
|
|t:|1781526724
|move|p2a: Tornadus|Weather Ball|p1a: Slither Wing
|-damage|p1a: Slither Wing|1/100
|move|p1a: Slither Wing|U-turn|p2a: Tornadus
|-resisted|p2a: Tornadus
|-damage|p2a: Tornadus|82/100
|
|t:|1781526730
|-end|p1a: Slither Wing|Protosynthesis|[silent]
|switch|p1a: Alomomola|Alomomola, F|100/100|[from] U-turn
|
|-weather|RainDance|[upkeep]
|upkeep
|turn|18
|
|t:|1781526733
|move|p2a: Tornadus|U-turn|p1a: Alomomola
|-damage|p1a: Alomomola|90/100
|
|t:|1781526735
|switch|p2a: Ogerpon|Ogerpon-Wellspring, F|84/100|[from] U-turn
|move|p1a: Alomomola|Body Slam|p2a: Ogerpon
|-crit|p2a: Ogerpon
|-damage|p2a: Ogerpon|55/100
|
|-weather|none
|upkeep
|turn|19
|
|t:|1781526753
|move|p2a: Ogerpon|Horn Leech|p1a: Alomomola
|-supereffective|p1a: Alomomola
|-damage|p1a: Alomomola|27/100
|-heal|p2a: Ogerpon|100/100|[from] drain|[of] p1a: Alomomola
|move|p1a: Alomomola|Body Slam|p2a: Ogerpon
|-damage|p2a: Ogerpon|81/100
|
|upkeep
|turn|20
|
|t:|1781526762
|switch|p1a: Slither Wing|Slither Wing|1/100
|move|p2a: Ogerpon|Horn Leech|p1a: Slither Wing
|-resisted|p1a: Slither Wing
|-damage|p1a: Slither Wing|0 fnt
|-heal|p2a: Ogerpon|82/100|[from] drain|[of] p1a: Slither Wing
|-damage|p2a: Ogerpon|65/100|[from] item: Rocky Helmet|[of] p1a: Slither Wing
|faint|p1a: Slither Wing
|-end|p1a: Slither Wing|Protosynthesis|[silent]
|
|upkeep
|
|t:|1781526769
|switch|p1a: Iron Valiant|Iron Valiant|100/100
|turn|21
|
|t:|1781526778
|switch|p2a: Tornadus|Tornadus-Therian, M|100/100
|move|p1a: Iron Valiant|Close Combat|p2a: Tornadus
|-resisted|p2a: Tornadus
|-damage|p2a: Tornadus|52/100
|-unboost|p1a: Iron Valiant|def|1
|-unboost|p1a: Iron Valiant|spd|1
|
|upkeep
|turn|22
|
|t:|1781526784
|-end|p1a: Iron Valiant|Quark Drive|[silent]
|switch|p1a: Alomomola|Alomomola, F|60/100
|move|p2a: Tornadus|U-turn|p1a: Alomomola
|-damage|p1a: Alomomola|49/100
|
|t:|1781526790
|switch|p2a: Pelipper|Pelipper, F, tera:Ground|89/100|[from] U-turn
|-weather|RainDance|[from] ability: Drizzle|[of] p2a: Pelipper
|
|-weather|RainDance|[upkeep]
|upkeep
|turn|23
|l| 1017chy
|inactive|cachowcapow has 120 seconds left.
|
|t:|1781526823
|switch|p2a: Ogerpon|Ogerpon-Wellspring, F|65/100
|move|p1a: Alomomola|Flip Turn|p2a: Ogerpon
|-heal|p2a: Ogerpon|90/100|[from] ability: Water Absorb|[of] p1a: Alomomola
|
|-weather|RainDance|[upkeep]
|upkeep
|turn|24
|
|t:|1781526833
|switch|p1a: Iron Valiant|Iron Valiant|100/100
|move|p2a: Ogerpon|Horn Leech|p1a: Iron Valiant
|-damage|p1a: Iron Valiant|43/100
|-heal|p2a: Ogerpon|100/100|[from] drain|[of] p1a: Iron Valiant
|
|-weather|RainDance|[upkeep]
|upkeep
|turn|25
|
|t:|1781526843
|move|p1a: Iron Valiant|Ice Punch|p2a: Ogerpon
|-damage|p2a: Ogerpon|47/100
|move|p2a: Ogerpon|Horn Leech|p1a: Iron Valiant
|-damage|p1a: Iron Valiant|0 fnt
|-heal|p2a: Ogerpon|68/100|[from] drain|[of] p1a: Iron Valiant
|faint|p1a: Iron Valiant
|-end|p1a: Iron Valiant|Quark Drive|[silent]
|
|-weather|RainDance|[upkeep]
|upkeep
|
|t:|1781526847
|switch|p1a: Ogerpon|Ogerpon-Wellspring, F|100/100
|turn|26
|
|t:|1781526854
|switch|p2a: Scizor|Scizor, F|5/100
|move|p1a: Ogerpon|U-turn|p2a: Scizor
|-resisted|p2a: Scizor
|-damage|p2a: Scizor|0 fnt
|faint|p2a: Scizor
|
|t:|1781526864
|switch|p1a: Alomomola|Alomomola, F|82/100|[from] U-turn
|
|-weather|RainDance|[upkeep]
|upkeep
|
|t:|1781526868
|switch|p2a: Ogerpon|Ogerpon-Wellspring, F|68/100
|turn|27
|
|t:|1781526872
|-terastallize|p1a: Alomomola|Normal
|move|p2a: Ogerpon|Horn Leech|p1a: Alomomola
|-damage|p1a: Alomomola|48/100
|-heal|p2a: Ogerpon|98/100|[from] drain|[of] p1a: Alomomola
|move|p1a: Alomomola|Body Slam|p2a: Ogerpon
|-damage|p2a: Ogerpon|70/100
|
|-weather|RainDance|[upkeep]
|upkeep
|turn|28
|
|t:|1781526882
|switch|p1a: Ogerpon|Ogerpon-Wellspring, F|100/100
|move|p2a: Ogerpon|Superpower|p1a: Ogerpon
|-damage|p1a: Ogerpon|38/100
|-unboost|p2a: Ogerpon|atk|1
|-unboost|p2a: Ogerpon|def|1
|
|-weather|RainDance|[upkeep]
|upkeep
|turn|29
|
|t:|1781526888
|switch|p2a: Tornadus|Tornadus-Therian, M|85/100
|move|p1a: Ogerpon|U-turn|p2a: Tornadus
|-resisted|p2a: Tornadus
|-damage|p2a: Tornadus|69/100
|j| 1017chy
|
|t:|1781526892
|switch|p1a: Alomomola|Alomomola, F, tera:Normal|81/100|[from] U-turn
|
|-weather|none
|upkeep
|turn|30
|
|t:|1781526896
|move|p2a: Tornadus|U-turn|p1a: Alomomola
|-damage|p1a: Alomomola|70/100
|
|t:|1781526899
|switch|p2a: Pelipper|Pelipper, F, tera:Ground|89/100|[from] U-turn
|-weather|RainDance|[from] ability: Drizzle|[of] p2a: Pelipper
|move|p1a: Alomomola|Flip Turn|p2a: Pelipper
|-supereffective|p2a: Pelipper
|-damage|p2a: Pelipper|52/100
|
|t:|1781526902
|switch|p1a: Ogerpon|Ogerpon-Wellspring, F|38/100|[from] Flip Turn
|
|-weather|RainDance|[upkeep]
|upkeep
|turn|31
|
|t:|1781526909
|move|p1a: Ogerpon|U-turn|p2a: Pelipper
|-damage|p2a: Pelipper|29/100
|
|t:|1781526911
|switch|p1a: Alomomola|Alomomola, F, tera:Normal|100/100|[from] U-turn
|move|p2a: Pelipper|Hurricane|p1a: Alomomola
|-damage|p1a: Alomomola|83/100
|
|-weather|RainDance|[upkeep]
|upkeep
|turn|32
|
|t:|1781526916
|move|p1a: Alomomola|Body Slam|p2a: Pelipper
|-damage|p2a: Pelipper|12/100
|-status|p2a: Pelipper|par
|move|p2a: Pelipper|Feather Dance|p1a: Alomomola
|-unboost|p1a: Alomomola|atk|2
|
|-weather|RainDance|[upkeep]
|upkeep
|turn|33
|
|t:|1781526923
|switch|p2a: Ogerpon|Ogerpon-Wellspring, F|70/100
|move|p1a: Alomomola|Icy Wind|p2a: Ogerpon
|-damage|p2a: Ogerpon|63/100
|-unboost|p2a: Ogerpon|spe|1
|
|-weather|RainDance|[upkeep]
|upkeep
|turn|34
|
|t:|1781526932
|switch|p1a: Iron Treads|Iron Treads|100/100
|move|p2a: Ogerpon|Horn Leech|p1a: Iron Treads
|-damage|p1a: Iron Treads|57/100
|-heal|p2a: Ogerpon|87/100|[from] drain|[of] p1a: Iron Treads
|
|-weather|RainDance|[upkeep]
|upkeep
|turn|35
|
|t:|1781526937
|switch|p2a: Tornadus|Tornadus-Therian, M|100/100
|move|p1a: Iron Treads|Earth Power|p2a: Tornadus
|-immune|p2a: Tornadus
|
|-weather|RainDance|[upkeep]
|upkeep
|turn|36
|
|t:|1781526941
|-end|p1a: Iron Treads|Quark Drive|[silent]
|switch|p1a: Ogerpon|Ogerpon-Wellspring, F|38/100
|move|p2a: Tornadus|Weather Ball|p1a: Ogerpon
|-heal|p1a: Ogerpon|63/100|[from] ability: Water Absorb|[of] p2a: Tornadus
|
|-weather|RainDance|[upkeep]
|upkeep
|turn|37
|
|t:|1781526944
|switch|p1a: Alomomola|Alomomola, F, tera:Normal|100/100
|move|p2a: Tornadus|Hurricane|p1a: Alomomola
|-damage|p1a: Alomomola|81/100
|
|-weather|none
|upkeep
|turn|38
|
|t:|1781526951
|move|p2a: Tornadus|U-turn|p1a: Alomomola
|-damage|p1a: Alomomola|71/100
|
|t:|1781526953
|switch|p2a: Pelipper|Pelipper, F, tera:Ground|12/100 par|[from] U-turn
|-weather|RainDance|[from] ability: Drizzle|[of] p2a: Pelipper
|move|p1a: Alomomola|Body Slam|p2a: Pelipper
|-damage|p2a: Pelipper|0 fnt
|faint|p2a: Pelipper
|
|-weather|RainDance|[upkeep]
|upkeep
|
|t:|1781526955
|switch|p2a: Ogerpon|Ogerpon-Wellspring, F|87/100
|turn|39
|
|t:|1781526962
|move|p2a: Ogerpon|Superpower|p1a: Alomomola
|-supereffective|p1a: Alomomola
|-damage|p1a: Alomomola|3/100
|-unboost|p2a: Ogerpon|atk|1
|-unboost|p2a: Ogerpon|def|1
|move|p1a: Alomomola|Body Slam|p2a: Ogerpon
|-damage|p2a: Ogerpon|41/100
|
|-weather|RainDance|[upkeep]
|upkeep
|turn|40
|
|t:|1781526966
|switch|p1a: Iron Treads|Iron Treads|57/100
|move|p2a: Ogerpon|Horn Leech|p1a: Iron Treads
|-damage|p1a: Iron Treads|29/100
|-heal|p2a: Ogerpon|56/100|[from] drain|[of] p1a: Iron Treads
|
|-weather|RainDance|[upkeep]
|upkeep
|turn|41
|
|t:|1781526975
|-end|p1a: Iron Treads|Quark Drive|[silent]
|switch|p1a: Ogerpon|Ogerpon-Wellspring, F|63/100
|move|p2a: Ogerpon|Superpower|p1a: Ogerpon
|-damage|p1a: Ogerpon|22/100
|-unboost|p2a: Ogerpon|atk|1
|-unboost|p2a: Ogerpon|def|1
|
|-weather|RainDance|[upkeep]
|upkeep
|turn|42
|
|t:|1781526981
|switch|p2a: Tornadus|Tornadus-Therian, M|100/100
|move|p1a: Ogerpon|U-turn|p2a: Tornadus
|-resisted|p2a: Tornadus
|-crit|p2a: Tornadus
|-damage|p2a: Tornadus|75/100
|
|t:|1781526985
|switch|p1a: Alomomola|Alomomola, F, tera:Normal|36/100|[from] U-turn
|
|-weather|RainDance|[upkeep]
|upkeep
|turn|43
|
|t:|1781526990
|move|p2a: Tornadus|Hurricane|p1a: Alomomola
|-damage|p1a: Alomomola|15/100
|move|p1a: Alomomola|Mirror Coat|p2a: Tornadus
|-damage|p2a: Tornadus|12/100
|
|-weather|RainDance|[upkeep]
|upkeep
|turn|44
|
|t:|1781526996
|move|p2a: Tornadus|Hurricane|p1a: Alomomola
|-damage|p1a: Alomomola|0 fnt
|faint|p1a: Alomomola
|
|-weather|RainDance|[upkeep]
|upkeep
|
|t:|1781527003
|switch|p1a: Iron Treads|Iron Treads|29/100
|turn|45
|
|t:|1781527006
|move|p1a: Iron Treads|Volt Switch|p2a: Tornadus
|-supereffective|p2a: Tornadus
|-damage|p2a: Tornadus|0 fnt
|faint|p2a: Tornadus
|
|t:|1781527010
|-end|p1a: Iron Treads|Quark Drive|[silent]
|switch|p1a: Pikachu|Pikachu, M|50/100|[from] Volt Switch
|
|-weather|none
|upkeep
|j| Renzomane
|
|t:|1781527013
|switch|p2a: Ogerpon|Ogerpon-Wellspring, F|56/100
|turn|46
|
|t:|1781527016
|switch|p1a: Iron Treads|Iron Treads|29/100
|move|p2a: Ogerpon|Horn Leech|p1a: Iron Treads
|-damage|p1a: Iron Treads|0 fnt
|-heal|p2a: Ogerpon|71/100|[from] drain|[of] p1a: Iron Treads
|faint|p1a: Iron Treads
|-end|p1a: Iron Treads|Quark Drive|[silent]
|
|upkeep
|
|t:|1781527018
|switch|p1a: Ogerpon|Ogerpon-Wellspring, F|22/100
|turn|47
|c| Renzomane|ou shi
|
|t:|1781527021
|move|p1a: Ogerpon|Synthesis|p1a: Ogerpon
|-heal|p1a: Ogerpon|72/100
|move|p2a: Ogerpon|Horn Leech|p1a: Ogerpon
|-damage|p1a: Ogerpon|13/100
|-heal|p2a: Ogerpon|100/100|[from] drain|[of] p1a: Ogerpon
|
|upkeep
|turn|48
|
|t:|1781527026
|move|p1a: Ogerpon|Synthesis|p1a: Ogerpon
|-heal|p1a: Ogerpon|63/100
|move|p2a: Ogerpon|Horn Leech|p1a: Ogerpon
|-crit|p1a: Ogerpon
|-damage|p1a: Ogerpon|0 fnt
|faint|p1a: Ogerpon
|
|upkeep
|-message|cachowcapow forfeited.
|
|win|vegancrosfit
|raw|cachowcapow's rating: 1565 &rarr; <strong>1548</strong><br />(-17 for losing)
|raw|vegancrosfit's rating: 1622 &rarr; <strong>1639</strong><br />(+17 for winning)
|l|☆cachowcapow
|player|p1|
|l|☆vegancrosfit
|player|p2|
|l| Renzomane
|l| 1017chy
