|j|☆Rextrox
|j|☆KurisuChestnutOU
|t:|1781160528
|gametype|singles
|player|p1|Rextrox|birdkeeper-gen4dp|1548
|player|p2|KurisuChestnutOU|may-contest|1515
|gen|9
|tier|[Gen 9] OU
|rated|
|rule|HP Percentage Mod: HP is shown in percentages
|rule|Endless Battle Clause: Forcing endless battles is banned
|rule|Species Clause: Limit one of each Pokémon
|rule|OHKO Clause: OHKO moves are banned
|rule|Evasion Items Clause: Evasion items are banned
|rule|Evasion Moves Clause: Evasion moves are banned
|rule|Evasion Abilities Clause: Evasion abilities are banned
|rule|Sleep Moves Clause: Sleep-inducing moves are banned
|clearpoke
|poke|p1|Eelektross, F|
|poke|p1|Deoxys-Speed|
|poke|p1|Iron Valiant|
|poke|p1|Pecharunt|
|poke|p1|Dragonite, F|
|poke|p1|Kingambit, M|
|poke|p2|Zamazenta-*|
|poke|p2|Zapdos|
|poke|p2|Garganacl, M|
|poke|p2|Clefable, M|
|poke|p2|Samurott-Hisui, F|
|poke|p2|Gholdengo|
|teampreview
|inactive|Battle timer is ON: inactive players will automatically lose when time's up. (requested by KurisuChestnutOU)
|
|t:|1781160553
|teamsize|p1|6
|teamsize|p2|6
|start
|switch|p1a: Dragonite|Dragonite, F|100/100
|switch|p2a: Garganacl|Garganacl, M|100/100
|turn|1
|
|t:|1781160557
|move|p1a: Dragonite|Dragon Dance|p1a: Dragonite
|-boost|p1a: Dragonite|atk|1
|-boost|p1a: Dragonite|spe|1
|move|p2a: Garganacl|Stealth Rock|p1a: Dragonite
|-sidestart|p1: Rextrox|move: Stealth Rock
|
|upkeep
|turn|2
|
|t:|1781160563
|move|p1a: Dragonite|Earthquake|p2a: Garganacl
|-supereffective|p2a: Garganacl
|-damage|p2a: Garganacl|20/100
|move|p2a: Garganacl|Salt Cure|p1a: Dragonite
|-supereffective|p1a: Dragonite
|-damage|p1a: Dragonite|85/100
|-start|p1a: Dragonite|Salt Cure
|
|-heal|p2a: Garganacl|26/100|[from] item: Leftovers
|-damage|p1a: Dragonite|72/100|[from] Salt Cure
|upkeep
|turn|3
|
|t:|1781160571
|switch|p2a: Clefable|Clefable, M|100/100
|move|p1a: Dragonite|Roost|p1a: Dragonite
|-heal|p1a: Dragonite|100/100
|-singleturn|p1a: Dragonite|move: Roost
|
|-damage|p1a: Dragonite|88/100|[from] Salt Cure
|upkeep
|turn|4
|
|t:|1781160574
|switch|p1a: Pecharunt|Pecharunt|100/100
|move|p2a: Clefable|Knock Off|p1a: Pecharunt
|-supereffective|p1a: Pecharunt
|-damage|p1a: Pecharunt|84/100
|-enditem|p1a: Pecharunt|Heavy-Duty Boots|[from] move: Knock Off|[of] p2a: Clefable
|
|upkeep
|turn|5
|
|t:|1781160583
|switch|p2a: Gholdengo|Gholdengo|100/100
|move|p1a: Pecharunt|Shadow Ball|p2a: Gholdengo
|-supereffective|p2a: Gholdengo
|-damage|p2a: Gholdengo|45/100
|
|upkeep
|turn|6
|
|t:|1781160593
|switch|p1a: Kingambit|Kingambit, M|100/100
|-damage|p1a: Kingambit|94/100|[from] Stealth Rock
|move|p2a: Gholdengo|Shadow Ball|p1a: Kingambit
|-resisted|p1a: Kingambit
|-damage|p1a: Kingambit|73/100
|-unboost|p1a: Kingambit|spd|1
|
|upkeep
|turn|7
|
|t:|1781160600
|move|p2a: Gholdengo|Shadow Ball|p1a: Kingambit
|-resisted|p1a: Kingambit
|-damage|p1a: Kingambit|40/100
|move|p1a: Kingambit|Iron Head|p2a: Gholdengo
|-resisted|p2a: Gholdengo
|-damage|p2a: Gholdengo|17/100
|
|upkeep
|turn|8
|
|t:|1781160608
|move|p1a: Kingambit|Sucker Punch|p2a: Gholdengo
|-supereffective|p2a: Gholdengo
|-damage|p2a: Gholdengo|0 fnt
|faint|p2a: Gholdengo
|
|upkeep
|
|t:|1781160613
|switch|p2a: Samurott|Samurott-Hisui, F|100/100
|turn|9
|
|t:|1781160617
|move|p1a: Kingambit|Sucker Punch|p2a: Samurott
|-resisted|p2a: Samurott
|-damage|p2a: Samurott|76/100
|move|p2a: Samurott|Ceaseless Edge|p1a: Kingambit
|-resisted|p1a: Kingambit
|-damage|p1a: Kingambit|24/100
|-sidestart|p1: Rextrox|Spikes
|
|upkeep
|turn|10
|
|t:|1781160625
|move|p1a: Kingambit|Sucker Punch|p2a: Samurott
|-resisted|p2a: Samurott
|-damage|p2a: Samurott|48/100
|move|p2a: Samurott|Ceaseless Edge|p1a: Kingambit
|-resisted|p1a: Kingambit
|-damage|p1a: Kingambit|8/100
|-sidestart|p1: Rextrox|Spikes
|
|upkeep
|turn|11
|
|t:|1781160629
|move|p1a: Kingambit|Sucker Punch|p2a: Samurott
|-resisted|p2a: Samurott
|-damage|p2a: Samurott|21/100
|move|p2a: Samurott|Ceaseless Edge|p1a: Kingambit
|-resisted|p1a: Kingambit
|-damage|p1a: Kingambit|0 fnt
|-sidestart|p1: Rextrox|Spikes
|faint|p1a: Kingambit
|-end|p1a: Kingambit|fallenundefined|[silent]
|
|upkeep
|
|t:|1781160637
|switch|p1a: Deoxys|Deoxys-Speed|100/100
|-damage|p1a: Deoxys|88/100|[from] Stealth Rock
|-damage|p1a: Deoxys|64/100|[from] Spikes
|-ability|p1a: Deoxys|Pressure
|turn|12
|
|t:|1781160641
|move|p1a: Deoxys|Stealth Rock|p2a: Samurott
|-sidestart|p2: KurisuChestnutOU|move: Stealth Rock
|move|p2a: Samurott|Ceaseless Edge|p1a: Deoxys
|-supereffective|p1a: Deoxys
|-damage|p1a: Deoxys|0 fnt
|faint|p1a: Deoxys
|
|upkeep
|
|t:|1781160650
|switch|p1a: Iron Valiant|Iron Valiant|100/100
|-damage|p1a: Iron Valiant|94/100|[from] Stealth Rock
|-damage|p1a: Iron Valiant|69/100|[from] Spikes
|-enditem|p1a: Iron Valiant|Booster Energy
|-activate|p1a: Iron Valiant|ability: Quark Drive|[fromitem]
|-start|p1a: Iron Valiant|quarkdrivespe
|turn|13
|
|t:|1781160654
|switch|p2a: Zamazenta|Zamazenta|100/100
|-damage|p2a: Zamazenta|94/100|[from] Stealth Rock
|-ability|p2a: Zamazenta|Dauntless Shield|boost
|-boost|p2a: Zamazenta|def|1
|move|p1a: Iron Valiant|Calm Mind|p1a: Iron Valiant
|-boost|p1a: Iron Valiant|spa|1
|-boost|p1a: Iron Valiant|spd|1
|
|-heal|p2a: Zamazenta|100/100|[from] item: Leftovers
|upkeep
|turn|14
|
|t:|1781160663
|-terastallize|p2a: Zamazenta|Fire
|move|p1a: Iron Valiant|Moonblast|p2a: Zamazenta
|-resisted|p2a: Zamazenta
|-damage|p2a: Zamazenta|72/100
|-unboost|p2a: Zamazenta|spa|1
|move|p2a: Zamazenta|Roar|p1a: Iron Valiant
|-end|p1a: Iron Valiant|Quark Drive|[silent]
|drag|p1a: GG's|Eelektross, F|100/100
|-damage|p1a: GG's|88/100|[from] Stealth Rock
|
|-heal|p2a: Zamazenta|78/100|[from] item: Leftovers
|-heal|p1a: GG's|94/100|[from] item: Leftovers
|upkeep
|turn|15
|
|t:|1781160671
|move|p2a: Zamazenta|Body Press|p1a: GG's
|-damage|p1a: GG's|44/100
|move|p1a: GG's|Dragon Tail|p2a: Zamazenta
|-damage|p2a: Zamazenta|69/100
|drag|p2a: Zapdos|Zapdos|100/100
|
|-heal|p1a: GG's|50/100|[from] item: Leftovers
|upkeep
|turn|16
|
|t:|1781160679
|move|p2a: Zapdos|Volt Switch|p1a: GG's
|-resisted|p1a: GG's
|-damage|p1a: GG's|37/100
|
|t:|1781160683
|switch|p2a: Clefable|Clefable, M|100/100|[from] Volt Switch
|move|p1a: GG's|Supercell Slam|p2a: Clefable
|-damage|p2a: Clefable|68/100
|
|-heal|p1a: GG's|44/100|[from] item: Leftovers
|upkeep
|turn|17
|
|t:|1781160693
|move|p1a: GG's|Supercell Slam|p2a: Clefable
|-damage|p2a: Clefable|38/100
|move|p2a: Clefable|Knock Off|p1a: GG's
|-damage|p1a: GG's|28/100
|-enditem|p1a: GG's|Leftovers|[from] move: Knock Off|[of] p2a: Clefable
|
|upkeep
|turn|18
|
|t:|1781160700
|move|p1a: GG's|Supercell Slam|p2a: Clefable
|-damage|p2a: Clefable|8/100
|move|p2a: Clefable|Moonlight|p2a: Clefable
|-heal|p2a: Clefable|58/100
|
|upkeep
|turn|19
|
|t:|1781160706
|move|p1a: GG's|Supercell Slam|p2a: Clefable
|-damage|p2a: Clefable|31/100
|move|p2a: Clefable|Moonlight|p2a: Clefable
|-heal|p2a: Clefable|81/100
|
|upkeep
|turn|20
|
|t:|1781160710
|move|p1a: GG's|Supercell Slam|p2a: Clefable
|-damage|p2a: Clefable|51/100
|move|p2a: Clefable|Moonlight|p2a: Clefable
|-heal|p2a: Clefable|100/100
|
|upkeep
|turn|21
|
|t:|1781160715
|move|p1a: GG's|Supercell Slam|p2a: Clefable
|-damage|p2a: Clefable|71/100
|move|p2a: Clefable|Moonblast|p1a: GG's
|-damage|p1a: GG's|0 fnt
|faint|p1a: GG's
|
|upkeep
|
|t:|1781160724
|switch|p1a: Pecharunt|Pecharunt|84/100
|-damage|p1a: Pecharunt|71/100|[from] Stealth Rock
|-damage|p1a: Pecharunt|46/100|[from] Spikes
|turn|22
|
|t:|1781160730
|switch|p2a: Samurott|Samurott-Hisui, F|21/100
|-damage|p2a: Samurott|9/100|[from] Stealth Rock
|move|p1a: Pecharunt|Recover|p1a: Pecharunt
|-heal|p1a: Pecharunt|96/100
|
|upkeep
|turn|23
|
|t:|1781160736
|switch|p1a: Iron Valiant|Iron Valiant|69/100
|-damage|p1a: Iron Valiant|63/100|[from] Stealth Rock
|-damage|p1a: Iron Valiant|38/100|[from] Spikes
|move|p2a: Samurott|Ceaseless Edge|p1a: Iron Valiant
|-resisted|p1a: Iron Valiant
|-damage|p1a: Iron Valiant|23/100
|
|upkeep
|turn|24
|
|t:|1781160745
|move|p2a: Samurott|Ceaseless Edge|p1a: Iron Valiant|[miss]
|-miss|p2a: Samurott|p1a: Iron Valiant
|move|p1a: Iron Valiant|Moonblast|p2a: Samurott
|-supereffective|p2a: Samurott
|-damage|p2a: Samurott|0 fnt
|faint|p2a: Samurott
|
|upkeep
|
|t:|1781160753
|switch|p2a: Zamazenta|Zamazenta, tera:Fire|69/100
|-damage|p2a: Zamazenta|44/100|[from] Stealth Rock
|turn|25
|
|t:|1781160758
|move|p2a: Zamazenta|Iron Defense|p2a: Zamazenta
|-boost|p2a: Zamazenta|def|2
|move|p1a: Iron Valiant|Shadow Ball|p2a: Zamazenta
|-damage|p2a: Zamazenta|23/100
|
|-heal|p2a: Zamazenta|29/100|[from] item: Leftovers
|upkeep
|turn|26
|
|t:|1781160762
|move|p2a: Zamazenta|Body Press|p1a: Iron Valiant
|-resisted|p1a: Iron Valiant
|-damage|p1a: Iron Valiant|0 fnt
|faint|p1a: Iron Valiant
|-end|p1a: Iron Valiant|Quark Drive|[silent]
|
|-heal|p2a: Zamazenta|36/100|[from] item: Leftovers
|upkeep
|
|t:|1781160767
|switch|p1a: Pecharunt|Pecharunt|96/100
|-damage|p1a: Pecharunt|84/100|[from] Stealth Rock
|-damage|p1a: Pecharunt|59/100|[from] Spikes
|turn|27
|
|t:|1781160772
|move|p1a: Pecharunt|Recover|p1a: Pecharunt
|-heal|p1a: Pecharunt|100/100
|move|p2a: Zamazenta|Roar|p1a: Pecharunt
|drag|p1a: Dragonite|Dragonite, F|88/100
|
|-heal|p2a: Zamazenta|42/100|[from] item: Leftovers
|upkeep
|turn|28
|
|t:|1781160776
|move|p2a: Zamazenta|Iron Defense|p2a: Zamazenta
|-boost|p2a: Zamazenta|def|2
|move|p1a: Dragonite|Earthquake|p2a: Zamazenta
|-supereffective|p2a: Zamazenta
|-damage|p2a: Zamazenta|21/100
|
|-heal|p2a: Zamazenta|27/100|[from] item: Leftovers
|upkeep
|turn|29
|
|t:|1781160779
|move|p2a: Zamazenta|Body Press|p1a: Dragonite
|-resisted|p1a: Dragonite
|-damage|p1a: Dragonite|35/100
|move|p1a: Dragonite|Earthquake|p2a: Zamazenta
|-supereffective|p2a: Zamazenta
|-damage|p2a: Zamazenta|7/100
|
|-heal|p2a: Zamazenta|13/100|[from] item: Leftovers
|upkeep
|turn|30
|
|t:|1781160788
|move|p1a: Dragonite|Extreme Speed|p2a: Zamazenta
|-damage|p2a: Zamazenta|5/100
|move|p2a: Zamazenta|Body Press|p1a: Dragonite
|-resisted|p1a: Dragonite
|-damage|p1a: Dragonite|0 fnt
|faint|p1a: Dragonite
|
|-heal|p2a: Zamazenta|11/100|[from] item: Leftovers
|upkeep
|
|t:|1781160792
|switch|p1a: Pecharunt|Pecharunt|100/100
|-damage|p1a: Pecharunt|88/100|[from] Stealth Rock
|-damage|p1a: Pecharunt|63/100|[from] Spikes
|turn|31
|
|t:|1781160797
|switch|p2a: Garganacl|Garganacl, M|26/100
|-damage|p2a: Garganacl|14/100|[from] Stealth Rock
|move|p1a: Pecharunt|Recover|p1a: Pecharunt
|-heal|p1a: Pecharunt|100/100
|
|-heal|p2a: Garganacl|20/100|[from] item: Leftovers
|upkeep
|turn|32
|
|t:|1781160821
|move|p1a: Pecharunt|Malignant Chain|p2a: Garganacl
|-resisted|p2a: Garganacl
|-damage|p2a: Garganacl|9/100
|move|p2a: Garganacl|Recover|p2a: Garganacl
|-heal|p2a: Garganacl|59/100
|
|-heal|p2a: Garganacl|65/100|[from] item: Leftovers
|upkeep
|turn|33
|
|t:|1781160826
|move|p1a: Pecharunt|Malignant Chain|p2a: Garganacl
|-resisted|p2a: Garganacl
|-damage|p2a: Garganacl|54/100
|move|p2a: Garganacl|Salt Cure|p1a: Pecharunt
|-damage|p1a: Pecharunt|92/100
|-start|p1a: Pecharunt|Salt Cure
|
|-heal|p2a: Garganacl|60/100|[from] item: Leftovers
|-damage|p1a: Pecharunt|80/100|[from] Salt Cure
|upkeep
|turn|34
|
|t:|1781160830
|move|p1a: Pecharunt|Malignant Chain|p2a: Garganacl
|-resisted|p2a: Garganacl
|-damage|p2a: Garganacl|50/100
|move|p2a: Garganacl|Recover|p2a: Garganacl
|-heal|p2a: Garganacl|99/100
|
|-heal|p2a: Garganacl|100/100|[from] item: Leftovers
|-damage|p1a: Pecharunt|68/100|[from] Salt Cure
|upkeep
|turn|35
|
|t:|1781160834
|switch|p2a: Zapdos|Zapdos|100/100
|move|p1a: Pecharunt|Malignant Chain|p2a: Zapdos
|-damage|p2a: Zapdos|70/100
|-status|p2a: Zapdos|tox
|-start|p2a: Zapdos|confusion|[from] ability: Poison Puppeteer|[of] p1a: Pecharunt
|
|-damage|p2a: Zapdos|64/100 tox|[from] psn
|-damage|p1a: Pecharunt|55/100|[from] Salt Cure
|upkeep
|turn|36
|
|t:|1781160841
|switch|p2a: Zamazenta|Zamazenta, tera:Fire|11/100
|-damage|p2a: Zamazenta|0 fnt|[from] Stealth Rock
|faint|p2a: Zamazenta
|move|p1a: Pecharunt|Recover|p1a: Pecharunt
|-heal|p1a: Pecharunt|100/100
|
|-damage|p1a: Pecharunt|88/100|[from] Salt Cure
|upkeep
|
|t:|1781160847
|switch|p2a: Zapdos|Zapdos|64/100 tox
|turn|37
|
|t:|1781160854
|move|p1a: Pecharunt|Nasty Plot|p1a: Pecharunt
|-boost|p1a: Pecharunt|spa|2
|move|p2a: Zapdos|Hurricane|p1a: Pecharunt
|-damage|p1a: Pecharunt|44/100
|
|-damage|p2a: Zapdos|58/100 tox|[from] psn
|-damage|p1a: Pecharunt|31/100|[from] Salt Cure
|upkeep
|turn|38
|
|t:|1781160858
|move|p1a: Pecharunt|Recover|p1a: Pecharunt
|-heal|p1a: Pecharunt|81/100
|move|p2a: Zapdos|Discharge|p1a: Pecharunt
|-damage|p1a: Pecharunt|50/100
|-status|p1a: Pecharunt|par
|
|-damage|p2a: Zapdos|46/100 tox|[from] psn
|-damage|p1a: Pecharunt|37/100 par|[from] Salt Cure
|upkeep
|turn|39
|
|t:|1781160863
|move|p2a: Zapdos|Discharge|p1a: Pecharunt
|-damage|p1a: Pecharunt|6/100 par
|cant|p1a: Pecharunt|par
|
|-damage|p2a: Zapdos|28/100 tox|[from] psn
|-damage|p1a: Pecharunt|0 fnt|[from] Salt Cure
|faint|p1a: Pecharunt
|
|win|KurisuChestnutOU
|raw|Rextrox's rating: 1548 &rarr; <strong>1528</strong><br />(-20 for losing)
|raw|KurisuChestnutOU's rating: 1541 &rarr; <strong>1561</strong><br />(+20 for winning)
