|j|☆teamskullenoxa
|j|☆Acastillo631
|t:|1781357652
|gametype|singles
|player|p1|teamskullenoxa|169|1540
|player|p2|Acastillo631|silver|1619
|gen|9
|tier|[Gen 9] OU
|rated|
|rule|HP Percentage Mod: HP is shown in percentages
|rule|Endless Battle Clause: Forcing endless battles is banned
|rule|Species Clause: Limit one of each Pokémon
|rule|OHKO Clause: OHKO moves are banned
|rule|Evasion Items Clause: Evasion items are banned
|rule|Evasion Moves Clause: Evasion moves are banned
|rule|Evasion Abilities Clause: Evasion abilities are banned
|rule|Sleep Moves Clause: Sleep-inducing moves are banned
|clearpoke
|poke|p1|Pelipper, F|
|poke|p1|Hatterene, F|
|poke|p1|Iron Treads|
|poke|p1|Toxicroak, F|
|poke|p1|Barraskewda, F|
|poke|p1|Zapdos|
|poke|p2|Iron Valiant|
|poke|p2|Sinistcha|
|poke|p2|Tyranitar, M|
|poke|p2|Klefki, M|
|poke|p2|Swampert, M|
|poke|p2|Talonflame, M|
|teampreview
|inactive|Battle timer is ON: inactive players will automatically lose when time's up. (requested by teamskullenoxa)
|
|t:|1781357677
|teamsize|p1|6
|teamsize|p2|6
|start
|switch|p1a: Pelipper|Pelipper, F|100/100
|switch|p2a: Duff Mcwhalen|Swampert, M|100/100
|-weather|RainDance|[from] ability: Drizzle|[of] p1a: Pelipper
|turn|1
|
|t:|1781357687
|switch|p1a: Hatterene|Hatterene, F|100/100
|move|p2a: Duff Mcwhalen|Knock Off|p1a: Hatterene
|-damage|p1a: Hatterene|80/100
|-enditem|p1a: Hatterene|Eject Button|[from] move: Knock Off|[of] p2a: Duff Mcwhalen
|
|-weather|RainDance|[upkeep]
|upkeep
|turn|2
|
|t:|1781357692
|switch|p1a: Barraskewda|Barraskewda, F|100/100
|move|p2a: Duff Mcwhalen|Flip Turn|p1a: Barraskewda
|-resisted|p1a: Barraskewda
|-damage|p1a: Barraskewda|66/100
|
|t:|1781357701
|switch|p2a: Eregion|Tyranitar, M|100/100|[from] Flip Turn
|-weather|Sandstorm|[from] ability: Sand Stream|[of] p2a: Eregion
|
|-weather|Sandstorm|[upkeep]
|-damage|p1a: Barraskewda|60/100|[from] Sandstorm
|upkeep
|turn|3
|
|t:|1781357709
|switch|p2a: Redips|Klefki, M|100/100
|move|p1a: Barraskewda|Liquidation|p2a: Redips
|-damage|p2a: Redips|44/100
|-damage|p1a: Barraskewda|44/100|[from] item: Rocky Helmet|[of] p2a: Redips
|
|-weather|Sandstorm|[upkeep]
|-damage|p1a: Barraskewda|38/100|[from] Sandstorm
|upkeep
|turn|4
|
|t:|1781357724
|switch|p1a: Iron Treads|Iron Treads|100/100
|move|p2a: Redips|Dazzling Gleam|p1a: Iron Treads
|-resisted|p1a: Iron Treads
|-damage|p1a: Iron Treads|92/100
|
|-weather|Sandstorm|[upkeep]
|-heal|p1a: Iron Treads|98/100|[from] item: Leftovers
|upkeep
|turn|5
|
|t:|1781357732
|switch|p2a: Wire Sponge|Sinistcha|100/100
|move|p1a: Iron Treads|Stealth Rock|p2a: Wire Sponge
|-sidestart|p2: Acastillo631|move: Stealth Rock
|
|-weather|Sandstorm|[upkeep]
|-damage|p2a: Wire Sponge|94/100|[from] Sandstorm
|-heal|p1a: Iron Treads|100/100|[from] item: Leftovers
|upkeep
|turn|6
|
|t:|1781357737
|-end|p1a: Iron Treads|Quark Drive|[silent]
|switch|p1a: Pelipper|Pelipper, F|100/100
|-weather|RainDance|[from] ability: Drizzle|[of] p1a: Pelipper
|move|p2a: Wire Sponge|Matcha Gotcha|p1a: Pelipper
|-damage|p1a: Pelipper|70/100
|-heal|p2a: Wire Sponge|100/100|[from] drain|[of] p1a: Pelipper
|
|-weather|RainDance|[upkeep]
|upkeep
|turn|7
|
|t:|1781357766
|switch|p2a: Duff Mcwhalen|Swampert, M|100/100
|-damage|p2a: Duff Mcwhalen|94/100|[from] Stealth Rock
|move|p1a: Pelipper|U-turn|p2a: Duff Mcwhalen
|-damage|p2a: Duff Mcwhalen|85/100
|
|t:|1781357776
|switch|p1a: Barraskewda|Barraskewda, F|38/100|[from] U-turn
|
|-weather|RainDance|[upkeep]
|-heal|p2a: Duff Mcwhalen|91/100|[from] item: Leftovers
|upkeep
|turn|8
|inactive|Acastillo631 has 120 seconds left.
|
|t:|1781357809
|switch|p2a: Redips|Klefki, M|44/100
|-damage|p2a: Redips|38/100|[from] Stealth Rock
|-terastallize|p1a: Barraskewda|Water
|move|p1a: Barraskewda|Liquidation|p2a: Redips
|-damage|p2a: Redips|0 fnt
|-damage|p1a: Barraskewda|21/100|[from] item: Rocky Helmet|[of] p2a: Redips
|faint|p2a: Redips
|
|-weather|RainDance|[upkeep]
|upkeep
|inactive|Acastillo631 has 90 seconds left.
|inactive|Acastillo631 has 60 seconds left.
|
|t:|1781357871
|switch|p2a: Wire Sponge|Sinistcha|100/100
|turn|9
|
|t:|1781357877
|switch|p1a: Zapdos|Zapdos|100/100
|move|p2a: Wire Sponge|Shadow Ball|p1a: Zapdos
|-damage|p1a: Zapdos|66/100
|
|-weather|RainDance|[upkeep]
|upkeep
|turn|10
|inactive|Acastillo631 has 60 seconds left.
|
|t:|1781357903
|switch|p2a: Duff Mcwhalen|Swampert, M|91/100
|-damage|p2a: Duff Mcwhalen|85/100|[from] Stealth Rock
|move|p1a: Zapdos|Volt Switch|p2a: Duff Mcwhalen
|-immune|p2a: Duff Mcwhalen
|
|-weather|RainDance|[upkeep]
|-heal|p2a: Duff Mcwhalen|91/100|[from] item: Leftovers
|upkeep
|turn|11
|
|t:|1781357917
|switch|p1a: Hatterene|Hatterene, F|80/100
|move|p2a: Duff Mcwhalen|Stealth Rock|p1a: Hatterene
|move|p1a: Hatterene|Stealth Rock||[from] ability: Magic Bounce|[still]
|-fail|p1a: Hatterene
|
|-weather|RainDance|[upkeep]
|-heal|p2a: Duff Mcwhalen|98/100|[from] item: Leftovers
|upkeep
|turn|12
|
|t:|1781357922
|move|p2a: Duff Mcwhalen|Flip Turn|p1a: Hatterene
|-damage|p1a: Hatterene|48/100
|
|t:|1781357925
|switch|p2a: Eregion|Tyranitar, M|100/100|[from] Flip Turn
|-damage|p2a: Eregion|88/100|[from] Stealth Rock
|-weather|Sandstorm|[from] ability: Sand Stream|[of] p2a: Eregion
|move|p1a: Hatterene|Psychic Noise|p2a: Eregion
|-immune|p2a: Eregion
|
|-weather|Sandstorm|[upkeep]
|-damage|p1a: Hatterene|42/100|[from] Sandstorm
|-heal|p2a: Eregion|94/100|[from] item: Leftovers
|upkeep
|turn|13
|
|t:|1781357937
|switch|p2a: Talonflame|Talonflame, M|100/100
|switch|p1a: Toxicroak|Toxicroak, F|100/100
|
|-weather|Sandstorm|[upkeep]
|-damage|p2a: Talonflame|94/100|[from] Sandstorm
|-damage|p1a: Toxicroak|94/100|[from] Sandstorm
|upkeep
|turn|14
|
|t:|1781357942
|switch|p1a: Pelipper|Pelipper, F|70/100
|-weather|RainDance|[from] ability: Drizzle|[of] p1a: Pelipper
|move|p2a: Talonflame|Will-O-Wisp|p1a: Pelipper|[miss]
|-miss|p2a: Talonflame|p1a: Pelipper
|
|-weather|RainDance|[upkeep]
|upkeep
|turn|15
|inactive|Acastillo631 has 90 seconds left.
|
|t:|1781357956
|switch|p2a: Eregion|Tyranitar, M|94/100
|-damage|p2a: Eregion|82/100|[from] Stealth Rock
|-weather|Sandstorm|[from] ability: Sand Stream|[of] p2a: Eregion
|move|p1a: Pelipper|U-turn|p2a: Eregion
|-supereffective|p2a: Eregion
|-damage|p2a: Eregion|69/100
|
|t:|1781357964
|switch|p1a: Toxicroak|Toxicroak, F|94/100|[from] U-turn
|
|-weather|Sandstorm|[upkeep]
|-damage|p1a: Toxicroak|88/100|[from] Sandstorm
|-heal|p2a: Eregion|75/100|[from] item: Leftovers
|upkeep
|turn|16
|
|t:|1781357971
|switch|p2a: Talonflame|Talonflame, M|94/100
|move|p1a: Toxicroak|Knock Off|p2a: Talonflame
|-damage|p2a: Talonflame|65/100
|-enditem|p2a: Talonflame|Heavy-Duty Boots|[from] move: Knock Off|[of] p1a: Toxicroak
|
|-weather|Sandstorm|[upkeep]
|-damage|p2a: Talonflame|59/100|[from] Sandstorm
|-damage|p1a: Toxicroak|82/100|[from] Sandstorm
|upkeep
|turn|17
|
|t:|1781357984
|switch|p1a: Iron Treads|Iron Treads|100/100
|move|p2a: Talonflame|Defog|p1a: Iron Treads
|-unboost|p1a: Iron Treads|evasion|1
|-sideend|p2: Acastillo631|Stealth Rock|[from] move: Defog|[of] p2a: Talonflame
|
|-weather|Sandstorm|[upkeep]
|-damage|p2a: Talonflame|53/100|[from] Sandstorm
|upkeep
|turn|18
|
|t:|1781357991
|move|p2a: Talonflame|Will-O-Wisp|p1a: Iron Treads
|-status|p1a: Iron Treads|brn
|move|p1a: Iron Treads|Stealth Rock|p2a: Talonflame
|-sidestart|p2: Acastillo631|move: Stealth Rock
|
|-weather|Sandstorm|[upkeep]
|-damage|p2a: Talonflame|47/100|[from] Sandstorm
|-damage|p1a: Iron Treads|94/100 brn|[from] brn
|upkeep
|turn|19
|
|t:|1781357995
|move|p2a: Talonflame|Defog|p1a: Iron Treads
|-unboost|p1a: Iron Treads|evasion|1
|-sideend|p2: Acastillo631|Stealth Rock|[from] move: Defog|[of] p2a: Talonflame
|move|p1a: Iron Treads|Volt Switch|p2a: Talonflame
|-supereffective|p2a: Talonflame
|-damage|p2a: Talonflame|19/100
|
|t:|1781358007
|-end|p1a: Iron Treads|Quark Drive|[silent]
|switch|p1a: Pelipper|Pelipper, F|70/100|[from] Volt Switch
|-weather|RainDance|[from] ability: Drizzle|[of] p1a: Pelipper
|
|-weather|RainDance|[upkeep]
|upkeep
|turn|20
|
|t:|1781358015
|switch|p2a: Duff Mcwhalen|Swampert, M|98/100
|move|p1a: Pelipper|Weather Ball|p2a: Duff Mcwhalen
|-damage|p2a: Duff Mcwhalen|65/100
|
|-weather|RainDance|[upkeep]
|-heal|p2a: Duff Mcwhalen|71/100|[from] item: Leftovers
|upkeep
|turn|21
|inactive|Acastillo631 has 120 seconds left.
|inactive|teamskullenoxa has 120 seconds left.
|
|t:|1781358045
|switch|p1a: Hatterene|Hatterene, F|42/100
|move|p2a: Duff Mcwhalen|Flip Turn|p1a: Hatterene
|-damage|p1a: Hatterene|9/100
|
|t:|1781358051
|switch|p2a: Eregion|Tyranitar, M|75/100|[from] Flip Turn
|-weather|Sandstorm|[from] ability: Sand Stream|[of] p2a: Eregion
|
|-weather|Sandstorm|[upkeep]
|-damage|p1a: Hatterene|3/100|[from] Sandstorm
|-heal|p2a: Eregion|81/100|[from] item: Leftovers
|upkeep
|turn|22
|inactive|Acastillo631 has 120 seconds left.
|
|t:|1781358083
|switch|p1a: Toxicroak|Toxicroak, F|82/100
|move|p2a: Eregion|Knock Off|p1a: Toxicroak
|-resisted|p1a: Toxicroak
|-damage|p1a: Toxicroak|61/100
|-damage|p2a: Eregion|64/100|[from] item: Rocky Helmet|[of] p1a: Toxicroak
|-enditem|p1a: Toxicroak|Rocky Helmet|[from] move: Knock Off|[of] p2a: Eregion
|
|-weather|Sandstorm|[upkeep]
|-damage|p1a: Toxicroak|55/100|[from] Sandstorm
|-heal|p2a: Eregion|71/100|[from] item: Leftovers
|upkeep
|turn|23
|inactive|teamskullenoxa has 120 seconds left.
|
|t:|1781358107
|switch|p2a: Talonflame|Talonflame, M|19/100
|move|p1a: Toxicroak|Drain Punch|p2a: Talonflame
|-resisted|p2a: Talonflame
|-damage|p2a: Talonflame|2/100
|-heal|p1a: Toxicroak|63/100|[from] drain|[of] p2a: Talonflame
|-status|p1a: Toxicroak|brn|[from] ability: Flame Body|[of] p2a: Talonflame
|
|-weather|Sandstorm|[upkeep]
|-damage|p2a: Talonflame|0 fnt|[from] Sandstorm
|-damage|p1a: Toxicroak|57/100 brn|[from] Sandstorm
|faint|p2a: Talonflame
|-damage|p1a: Toxicroak|51/100 brn|[from] brn
|upkeep
|inactive|Acastillo631 has 90 seconds left.
|
|t:|1781358127
|switch|p2a: Duff Mcwhalen|Swampert, M|71/100
|turn|24
|inactive|teamskullenoxa has 120 seconds left.
|inactive|teamskullenoxa has 90 seconds left.
|
|t:|1781358187
|move|p1a: Toxicroak|Toxic|p2a: Duff Mcwhalen
|-status|p2a: Duff Mcwhalen|tox
|move|p2a: Duff Mcwhalen|Earthquake|p1a: Toxicroak
|-supereffective|p1a: Toxicroak
|-damage|p1a: Toxicroak|0 fnt
|faint|p1a: Toxicroak
|
|-weather|Sandstorm|[upkeep]
|-heal|p2a: Duff Mcwhalen|77/100 tox|[from] item: Leftovers
|-damage|p2a: Duff Mcwhalen|71/100 tox|[from] psn
|upkeep
|
|t:|1781358197
|switch|p1a: Barraskewda|Barraskewda, F, tera:Water|21/100
|turn|25
|
|t:|1781358204
|switch|p2a: Wire Sponge|Sinistcha|100/100
|move|p1a: Barraskewda|Flip Turn|p2a: Wire Sponge
|-resisted|p2a: Wire Sponge
|-damage|p2a: Wire Sponge|77/100
|
|t:|1781358213
|switch|p1a: Zapdos|Zapdos|66/100|[from] Flip Turn
|
|-weather|none
|upkeep
|turn|26
|inactive|teamskullenoxa has 90 seconds left.
|inactive|Acastillo631 has 120 seconds left.
|
|t:|1781358239
|switch|p2a: Eregion|Tyranitar, M|71/100
|-weather|Sandstorm|[from] ability: Sand Stream|[of] p2a: Eregion
|move|p1a: Zapdos|Hurricane|p2a: Eregion
|-resisted|p2a: Eregion
|-damage|p2a: Eregion|52/100
|-start|p2a: Eregion|confusion
|
|-weather|Sandstorm|[upkeep]
|-damage|p1a: Zapdos|60/100|[from] Sandstorm
|-heal|p2a: Eregion|58/100|[from] item: Leftovers
|upkeep
|turn|27
|inactive|Acastillo631 has 90 seconds left.
|inactive|Acastillo631 has 60 seconds left.
|
|t:|1781358301
|switch|p1a: Hatterene|Hatterene, F|3/100
|-activate|p2a: Eregion|confusion
|move|p2a: Eregion|Knock Off|p1a: Hatterene
|-damage|p1a: Hatterene|0 fnt
|faint|p1a: Hatterene
|
|-weather|Sandstorm|[upkeep]
|-heal|p2a: Eregion|65/100|[from] item: Leftovers
|upkeep
|inactive|teamskullenoxa has 60 seconds left.
|
|t:|1781358344
|switch|p1a: Barraskewda|Barraskewda, F, tera:Water|21/100
|turn|28
|inactive|Acastillo631 has 60 seconds left.
|
|t:|1781358351
|switch|p2a: Duff Mcwhalen|Swampert, M|71/100 tox
|move|p1a: Barraskewda|Flip Turn|p2a: Duff Mcwhalen
|-damage|p2a: Duff Mcwhalen|7/100 tox
|inactive|teamskullenoxa has 30 seconds left.
|inactive|teamskullenoxa has 20 seconds left.
|inactive|teamskullenoxa has 15 seconds left.
|inactive|teamskullenoxa has 10 seconds left.
|
|t:|1781358405
|switch|p1a: Iron Treads|Iron Treads|94/100 brn|[from] Flip Turn
|
|-weather|Sandstorm|[upkeep]
|-heal|p1a: Iron Treads|100/100 brn|[from] item: Leftovers
|-heal|p2a: Duff Mcwhalen|13/100 tox|[from] item: Leftovers
|-damage|p2a: Duff Mcwhalen|7/100 tox|[from] psn
|-damage|p1a: Iron Treads|94/100 brn|[from] brn
|upkeep
|turn|29
|inactive|teamskullenoxa has 20 seconds left this turn.
|inactive|teamskullenoxa has 15 seconds left.
|inactive|teamskullenoxa has 10 seconds left.
|inactive|teamskullenoxa has 5 seconds left.
|
|t:|1781358421
|move|p1a: Iron Treads|Rapid Spin|p2a: Duff Mcwhalen
|-damage|p2a: Duff Mcwhalen|1/100 tox
|-boost|p1a: Iron Treads|spe|1
|move|p2a: Duff Mcwhalen|Stealth Rock|p1a: Iron Treads
|-sidestart|p1: teamskullenoxa|move: Stealth Rock
|
|-weather|Sandstorm|[upkeep]
|-heal|p1a: Iron Treads|100/100 brn|[from] item: Leftovers
|-heal|p2a: Duff Mcwhalen|8/100 tox|[from] item: Leftovers
|-damage|p2a: Duff Mcwhalen|0 fnt|[from] psn
|faint|p2a: Duff Mcwhalen
|-damage|p1a: Iron Treads|94/100 brn|[from] brn
|upkeep
|
|t:|1781358433
|switch|p2a: Wire Sponge|Sinistcha|77/100
|turn|30
|inactive|teamskullenoxa has 20 seconds left this turn.
|inactive|teamskullenoxa has 15 seconds left.
|inactive|teamskullenoxa has 10 seconds left.
|inactive|teamskullenoxa has 5 seconds left.
|
|t:|1781358448
|move|p1a: Iron Treads|Volt Switch|p2a: Wire Sponge
|-resisted|p2a: Wire Sponge
|-damage|p2a: Wire Sponge|70/100
|inactive|teamskullenoxa has 10 seconds left this turn.
|
|t:|1781358451
|-end|p1a: Iron Treads|Quark Drive|[silent]
|switch|p1a: Pelipper|Pelipper, F|70/100|[from] Volt Switch
|-damage|p1a: Pelipper|45/100|[from] Stealth Rock
|-weather|RainDance|[from] ability: Drizzle|[of] p1a: Pelipper
|move|p2a: Wire Sponge|Strength Sap|p1a: Pelipper
|-unboost|p1a: Pelipper|atk|1
|-heal|p2a: Wire Sponge|100/100
|
|-weather|RainDance|[upkeep]
|upkeep
|turn|31
|inactive|teamskullenoxa has 20 seconds left this turn.
|inactive|teamskullenoxa has 15 seconds left.
|inactive|teamskullenoxa has 10 seconds left.
|
|t:|1781358464
|switch|p2a: Eregion|Tyranitar, M|65/100
|-weather|Sandstorm|[from] ability: Sand Stream|[of] p2a: Eregion
|move|p1a: Pelipper|Roost|p1a: Pelipper
|-heal|p1a: Pelipper|95/100
|-singleturn|p1a: Pelipper|move: Roost
|
|-weather|Sandstorm|[upkeep]
|-damage|p1a: Pelipper|89/100|[from] Sandstorm
|-heal|p2a: Eregion|71/100|[from] item: Leftovers
|upkeep
|turn|32
|inactive|teamskullenoxa has 20 seconds left this turn.
|
|t:|1781358469
|move|p2a: Eregion|Knock Off|p1a: Pelipper
|-damage|p1a: Pelipper|45/100
|-enditem|p1a: Pelipper|Damp Rock|[from] move: Knock Off|[of] p2a: Eregion
|move|p1a: Pelipper|U-turn|p2a: Eregion
|-supereffective|p2a: Eregion
|-crit|p2a: Eregion
|-damage|p2a: Eregion|50/100
|inactive|teamskullenoxa has 25 seconds left this turn.
|
|t:|1781358474
|switch|p1a: Iron Treads|Iron Treads|94/100 brn|[from] U-turn
|-damage|p1a: Iron Treads|92/100 brn|[from] Stealth Rock
|
|-weather|Sandstorm|[upkeep]
|-heal|p1a: Iron Treads|98/100 brn|[from] item: Leftovers
|-heal|p2a: Eregion|56/100|[from] item: Leftovers
|-damage|p1a: Iron Treads|92/100 brn|[from] brn
|upkeep
|turn|33
|inactive|teamskullenoxa has 30 seconds left.
|
|t:|1781358480
|switch|p2a: Wire Sponge|Sinistcha|100/100
|move|p1a: Iron Treads|Earthquake|p2a: Wire Sponge
|-resisted|p2a: Wire Sponge
|-damage|p2a: Wire Sponge|94/100
|
|-weather|Sandstorm|[upkeep]
|-damage|p2a: Wire Sponge|88/100|[from] Sandstorm
|-heal|p1a: Iron Treads|98/100 brn|[from] item: Leftovers
|-damage|p1a: Iron Treads|92/100 brn|[from] brn
|upkeep
|turn|34
|
|t:|1781358483
|move|p1a: Iron Treads|Stealth Rock|p2a: Wire Sponge
|-sidestart|p2: Acastillo631|move: Stealth Rock
|move|p2a: Wire Sponge|Matcha Gotcha|p1a: Iron Treads
|-damage|p1a: Iron Treads|67/100 brn
|-heal|p2a: Wire Sponge|100/100|[from] drain|[of] p1a: Iron Treads
|
|-weather|Sandstorm|[upkeep]
|-damage|p2a: Wire Sponge|94/100|[from] Sandstorm
|-heal|p1a: Iron Treads|73/100 brn|[from] item: Leftovers
|-damage|p1a: Iron Treads|67/100 brn|[from] brn
|upkeep
|turn|35
|inactive|Acastillo631 has 120 seconds left.
|
|t:|1781358491
|move|p1a: Iron Treads|Earthquake|p2a: Wire Sponge
|-resisted|p2a: Wire Sponge
|-damage|p2a: Wire Sponge|88/100
|move|p2a: Wire Sponge|Shadow Ball|p1a: Iron Treads
|-damage|p1a: Iron Treads|40/100 brn
|
|-weather|none
|-heal|p1a: Iron Treads|46/100 brn|[from] item: Leftovers
|-damage|p1a: Iron Treads|40/100 brn|[from] brn
|upkeep
|turn|36
|
|t:|1781358496
|move|p1a: Iron Treads|Volt Switch|p2a: Wire Sponge
|-resisted|p2a: Wire Sponge
|-damage|p2a: Wire Sponge|81/100
|inactive|teamskullenoxa has 60 seconds left.
|
|t:|1781358502
|-end|p1a: Iron Treads|Quark Drive|[silent]
|switch|p1a: Pelipper|Pelipper, F|45/100|[from] Volt Switch
|-damage|p1a: Pelipper|20/100|[from] Stealth Rock
|-weather|RainDance|[from] ability: Drizzle|[of] p1a: Pelipper
|move|p2a: Wire Sponge|Matcha Gotcha|p1a: Pelipper|[miss]
|-miss|p2a: Wire Sponge|p1a: Pelipper
|
|-weather|RainDance|[upkeep]
|upkeep
|turn|37
|
|t:|1781358510
|move|p2a: Wire Sponge|Shadow Ball|p1a: Pelipper
|-damage|p1a: Pelipper|0 fnt
|faint|p1a: Pelipper
|
|-weather|RainDance|[upkeep]
|upkeep
|
|t:|1781358514
|switch|p1a: Zapdos|Zapdos|60/100
|-damage|p1a: Zapdos|35/100|[from] Stealth Rock
|turn|38
|inactive|Acastillo631 has 120 seconds left.
|
|t:|1781358547
|switch|p2a: Eregion|Tyranitar, M|56/100
|-damage|p2a: Eregion|43/100|[from] Stealth Rock
|-weather|Sandstorm|[from] ability: Sand Stream|[of] p2a: Eregion
|move|p1a: Zapdos|Hurricane|p2a: Eregion|[miss]
|-miss|p1a: Zapdos|p2a: Eregion
|
|-weather|Sandstorm|[upkeep]
|-damage|p1a: Zapdos|29/100|[from] Sandstorm
|-heal|p2a: Eregion|50/100|[from] item: Leftovers
|upkeep
|turn|39
|
|t:|1781358562
|move|p1a: Zapdos|Hurricane|p2a: Eregion
|-resisted|p2a: Eregion
|-damage|p2a: Eregion|32/100
|move|p2a: Eregion|Knock Off|p1a: Zapdos
|-damage|p1a: Zapdos|0 fnt
|-enditem|p1a: Zapdos|Choice Specs|[from] move: Knock Off|[of] p2a: Eregion
|faint|p1a: Zapdos
|
|-weather|Sandstorm|[upkeep]
|-heal|p2a: Eregion|38/100|[from] item: Leftovers
|upkeep
|-message|teamskullenoxa forfeited.
|
|win|Acastillo631
|raw|teamskullenoxa's rating: 1540 &rarr; <strong>1524</strong><br />(-16 for losing)
|raw|Acastillo631's rating: 1619 &rarr; <strong>1635</strong><br />(+16 for winning)
|l|☆teamskullenoxa
|player|p1|
|l|☆Acastillo631
|player|p2|
