|badge|p1|bronze|gen9ou|100-9
|uhtml|medal-msg|<div class="broadcast-blue">Curious what those medals under the avatar are? PS now has Ladder Seasons! For more information, check out the <a href="https://www.smogon.com/forums/threads/3740067/">thread on Smogon.</a></div>
|j|☆AnonymousJon
|j|☆isaac_gam3r
|t:|1781459800
|gametype|singles
|player|p1|AnonymousJon|workerice|1738
|player|p2|isaac_gam3r|acetrainer-gen4dp|1711
|gen|9
|tier|[Gen 9] OU
|rated|
|rule|HP Percentage Mod: HP is shown in percentages
|rule|Endless Battle Clause: Forcing endless battles is banned
|rule|Species Clause: Limit one of each Pokémon
|rule|OHKO Clause: OHKO moves are banned
|rule|Evasion Items Clause: Evasion items are banned
|rule|Evasion Moves Clause: Evasion moves are banned
|rule|Evasion Abilities Clause: Evasion abilities are banned
|rule|Sleep Moves Clause: Sleep-inducing moves are banned
|clearpoke
|poke|p1|Great Tusk|
|poke|p1|Ogerpon-Cornerstone, F|
|poke|p1|Rillaboom, F|
|poke|p1|Tyranitar, F|
|poke|p1|Corviknight, F|
|poke|p1|Dragapult, M|
|poke|p2|Primarina, F|
|poke|p2|Raging Bolt|
|poke|p2|Heatran, M|
|poke|p2|Weezing-Galar, M|
|poke|p2|Garchomp, M|
|poke|p2|Weavile, M|
|teampreview
|inactive|Battle timer is ON: inactive players will automatically lose when time's up. (requested by AnonymousJon)
|
|t:|1781459819
|teamsize|p1|6
|teamsize|p2|6
|start
|switch|p1a: Tyranitar|Tyranitar, F|100/100
|switch|p2a: Weezing|Weezing-Galar, M, shiny|100/100
|-weather|Sandstorm|[from] ability: Sand Stream|[of] p1a: Tyranitar
|turn|1
|
|t:|1781459829
|move|p1a: Tyranitar|Knock Off|p2a: Weezing
|-resisted|p2a: Weezing
|-damage|p2a: Weezing|86/100
|-enditem|p2a: Weezing|Black Sludge|[from] move: Knock Off|[of] p1a: Tyranitar
|move|p2a: Weezing|Will-O-Wisp|p1a: Tyranitar
|-status|p1a: Tyranitar|brn
|
|-weather|Sandstorm|[upkeep]
|-damage|p2a: Weezing|80/100|[from] Sandstorm
|-damage|p1a: Tyranitar|94/100 brn|[from] brn
|upkeep
|turn|2
|
|t:|1781459831
|move|p1a: Tyranitar|Stealth Rock|p2a: Weezing
|-sidestart|p2: isaac_gam3r|move: Stealth Rock
|move|p2a: Weezing|Strange Steam|p1a: Tyranitar
|-supereffective|p1a: Tyranitar
|-damage|p1a: Tyranitar|72/100 brn
|
|-weather|Sandstorm|[upkeep]
|-damage|p2a: Weezing|74/100|[from] Sandstorm
|-heal|p1a: Tyranitar|78/100 brn|[from] item: Leftovers
|-damage|p1a: Tyranitar|72/100 brn|[from] brn
|upkeep
|turn|3
|
|t:|1781459842
|switch|p1a: Dragapult|Dragapult, M|100/100
|move|p2a: Weezing|Defog|p1a: Dragapult
|-fail|p1a: Dragapult|unboost|[from] ability: Clear Body|[of] p1a: Dragapult
|-sideend|p2: isaac_gam3r|Stealth Rock|[from] move: Defog|[of] p2a: Weezing
|
|-weather|Sandstorm|[upkeep]
|-damage|p1a: Dragapult|94/100|[from] Sandstorm
|-damage|p2a: Weezing|68/100|[from] Sandstorm
|-heal|p1a: Dragapult|100/100|[from] item: Leftovers
|upkeep
|turn|4
|
|t:|1781459846
|switch|p2a: Heatran|Heatran, M|100/100
|move|p1a: Dragapult|Substitute|p1a: Dragapult
|-start|p1a: Dragapult|Substitute
|-damage|p1a: Dragapult|76/100
|
|-weather|Sandstorm|[upkeep]
|-damage|p1a: Dragapult|69/100|[from] Sandstorm
|-heal|p1a: Dragapult|76/100|[from] item: Leftovers
|upkeep
|turn|5
|
|t:|1781459854
|move|p1a: Dragapult|Hex|p2a: Heatran
|-damage|p2a: Heatran|85/100
|move|p2a: Heatran|Flash Cannon|p1a: Dragapult
|-end|p1a: Dragapult|Substitute
|
|-weather|none
|-heal|p1a: Dragapult|82/100|[from] item: Leftovers
|upkeep
|turn|6
|
|t:|1781459857
|switch|p1a: Great Tusk|Great Tusk|100/100
|move|p2a: Heatran|Flash Cannon|p1a: Great Tusk
|-damage|p1a: Great Tusk|72/100
|
|upkeep
|turn|7
|
|t:|1781459867
|-end|p1a: Great Tusk|Protosynthesis|[silent]
|switch|p1a: Tyranitar|Tyranitar, F|72/100 brn
|-weather|Sandstorm|[from] ability: Sand Stream|[of] p1a: Tyranitar
|switch|p2a: Weezing|Weezing-Galar, M, shiny|68/100
|
|-weather|Sandstorm|[upkeep]
|-damage|p2a: Weezing|62/100|[from] Sandstorm
|-heal|p1a: Tyranitar|78/100 brn|[from] item: Leftovers
|-damage|p1a: Tyranitar|72/100 brn|[from] brn
|upkeep
|turn|8
|
|t:|1781459869
|move|p1a: Tyranitar|Stealth Rock|p2a: Weezing
|-sidestart|p2: isaac_gam3r|move: Stealth Rock
|move|p2a: Weezing|Pain Split|p1a: Tyranitar
|-sethp|p1a: Tyranitar|62/100 brn|[from] move: Pain Split|[silent]
|-sethp|p2a: Weezing|74/100|[from] move: Pain Split
|
|-weather|Sandstorm|[upkeep]
|-damage|p2a: Weezing|68/100|[from] Sandstorm
|-heal|p1a: Tyranitar|68/100 brn|[from] item: Leftovers
|-damage|p1a: Tyranitar|62/100 brn|[from] brn
|upkeep
|turn|9
|
|t:|1781459887
|switch|p1a: Ogerpon|Ogerpon-Cornerstone, F|100/100
|move|p2a: Weezing|Defog|p1a: Ogerpon
|-unboost|p1a: Ogerpon|evasion|1
|-sideend|p2: isaac_gam3r|Stealth Rock|[from] move: Defog|[of] p2a: Weezing
|
|-weather|Sandstorm|[upkeep]
|-damage|p2a: Weezing|62/100|[from] Sandstorm
|upkeep
|turn|10
|
|t:|1781459890
|-terastallize|p1a: Ogerpon|Rock
|detailschange|p1a: Ogerpon|Ogerpon-Cornerstone-Tera, F, tera:Rock
|-ability|p1a: Ogerpon|Embody Aspect (Cornerstone)|boost
|-boost|p1a: Ogerpon|def|1
|move|p1a: Ogerpon|Ivy Cudgel|p2a: Weezing|[anim] Ivy Cudgel Rock
|-damage|p2a: Weezing|15/100
|move|p2a: Weezing|Will-O-Wisp|p1a: Ogerpon
|-status|p1a: Ogerpon|brn
|
|-weather|Sandstorm|[upkeep]
|-damage|p2a: Weezing|9/100|[from] Sandstorm
|-damage|p1a: Ogerpon|94/100 brn|[from] brn
|upkeep
|turn|11
|
|t:|1781459892
|move|p1a: Ogerpon|Swords Dance|p1a: Ogerpon
|-boost|p1a: Ogerpon|atk|2
|move|p2a: Weezing|Pain Split|p1a: Ogerpon
|-sethp|p1a: Ogerpon|52/100 brn|[from] move: Pain Split|[silent]
|-sethp|p2a: Weezing|47/100|[from] move: Pain Split
|
|-weather|none
|-damage|p1a: Ogerpon|46/100 brn|[from] brn
|upkeep
|turn|12
|
|t:|1781459894
|move|p1a: Ogerpon|Ivy Cudgel|p2a: Weezing|[anim] Ivy Cudgel Rock
|-crit|p2a: Weezing
|-damage|p2a: Weezing|0 fnt
|faint|p2a: Weezing
|
|-damage|p1a: Ogerpon|39/100 brn|[from] brn
|upkeep
|
|t:|1781459900
|switch|p2a: Garchomp|Garchomp, M|100/100
|turn|13
|
|t:|1781459901
|switch|p1a: Corviknight|Corviknight, F|100/100
|-ability|p1a: Corviknight|Pressure
|move|p2a: Garchomp|Earthquake|p1a: Corviknight
|-immune|p1a: Corviknight
|
|upkeep
|turn|14
|
|t:|1781459905
|switch|p2a: Heatran|Heatran, M|85/100
|move|p1a: Corviknight|U-turn|p2a: Heatran
|-resisted|p2a: Heatran
|-crit|p2a: Heatran
|-damage|p2a: Heatran|81/100
|
|t:|1781459908
|switch|p1a: Tyranitar|Tyranitar, F|62/100 brn|[from] U-turn
|-weather|Sandstorm|[from] ability: Sand Stream|[of] p1a: Tyranitar
|
|-weather|Sandstorm|[upkeep]
|-heal|p1a: Tyranitar|68/100 brn|[from] item: Leftovers
|-damage|p1a: Tyranitar|62/100 brn|[from] brn
|upkeep
|turn|15
|
|t:|1781459910
|move|p2a: Heatran|Flash Cannon|p1a: Tyranitar
|-supereffective|p1a: Tyranitar
|-damage|p1a: Tyranitar|25/100 brn
|move|p1a: Tyranitar|Stealth Rock|p2a: Heatran
|-sidestart|p2: isaac_gam3r|move: Stealth Rock
|
|-weather|Sandstorm|[upkeep]
|-heal|p1a: Tyranitar|31/100 brn|[from] item: Leftovers
|-damage|p1a: Tyranitar|25/100 brn|[from] brn
|upkeep
|turn|16
|
|t:|1781459914
|switch|p1a: Great Tusk|Great Tusk|72/100
|move|p2a: Heatran|Flash Cannon|p1a: Great Tusk
|-damage|p1a: Great Tusk|42/100
|
|-weather|Sandstorm|[upkeep]
|upkeep
|turn|17
|
|t:|1781459917
|-terastallize|p2a: Heatran|Flying
|move|p1a: Great Tusk|Headlong Rush|p2a: Heatran
|-immune|p2a: Heatran
|move|p2a: Heatran|Lava Plume|p1a: Great Tusk
|-damage|p1a: Great Tusk|12/100
|
|-weather|Sandstorm|[upkeep]
|-damage|p2a: Heatran|75/100|[from] Sandstorm
|upkeep
|turn|18
|
|t:|1781459922
|move|p1a: Great Tusk|Ice Spinner|p2a: Heatran
|-supereffective|p2a: Heatran
|-damage|p2a: Heatran|28/100
|move|p2a: Heatran|Flash Cannon|p1a: Great Tusk
|-damage|p1a: Great Tusk|0 fnt
|faint|p1a: Great Tusk
|-end|p1a: Great Tusk|Protosynthesis|[silent]
|
|-weather|none
|upkeep
|
|t:|1781459924
|switch|p1a: Ogerpon|Ogerpon-Cornerstone-Tera, F, tera:Rock|39/100 brn
|-ability|p1a: Ogerpon|Embody Aspect (Cornerstone)|boost
|-boost|p1a: Ogerpon|def|1
|turn|19
|
|t:|1781459927
|move|p1a: Ogerpon|Ivy Cudgel|p2a: Heatran|[anim] Ivy Cudgel Rock
|-supereffective|p2a: Heatran
|-damage|p2a: Heatran|0 fnt
|faint|p2a: Heatran
|
|-damage|p1a: Ogerpon|33/100 brn|[from] brn
|upkeep
|
|t:|1781459929
|switch|p2a: Raging Bolt|Raging Bolt|100/100
|-damage|p2a: Raging Bolt|88/100|[from] Stealth Rock
|turn|20
|
|t:|1781459932
|move|p1a: Ogerpon|Ivy Cudgel|p2a: Raging Bolt|[anim] Ivy Cudgel Rock
|-damage|p2a: Raging Bolt|54/100
|move|p2a: Raging Bolt|Calm Mind|p2a: Raging Bolt
|-boost|p2a: Raging Bolt|spa|1
|-boost|p2a: Raging Bolt|spd|1
|
|-heal|p2a: Raging Bolt|60/100|[from] item: Leftovers
|-damage|p1a: Ogerpon|27/100 brn|[from] brn
|upkeep
|turn|21
|
|t:|1781459936
|switch|p1a: Tyranitar|Tyranitar, F|25/100 brn
|-weather|Sandstorm|[from] ability: Sand Stream|[of] p1a: Tyranitar
|move|p2a: Raging Bolt|Thunderclap||[still]
|-fail|p2a: Raging Bolt
|
|-weather|Sandstorm|[upkeep]
|-damage|p2a: Raging Bolt|54/100|[from] Sandstorm
|-heal|p2a: Raging Bolt|60/100|[from] item: Leftovers
|-heal|p1a: Tyranitar|31/100 brn|[from] item: Leftovers
|-damage|p1a: Tyranitar|25/100 brn|[from] brn
|upkeep
|turn|22
|
|t:|1781459941
|move|p2a: Raging Bolt|Thunderbolt|p1a: Tyranitar
|-damage|p1a: Tyranitar|0 fnt
|faint|p1a: Tyranitar
|
|-weather|Sandstorm|[upkeep]
|-damage|p2a: Raging Bolt|54/100|[from] Sandstorm
|-heal|p2a: Raging Bolt|60/100|[from] item: Leftovers
|upkeep
|
|t:|1781459942
|switch|p1a: Dragapult|Dragapult, M|82/100
|turn|23
|
|t:|1781459944
|move|p1a: Dragapult|Dragon Darts|p2a: Raging Bolt
|-supereffective|p2a: Raging Bolt
|-damage|p2a: Raging Bolt|25/100
|-anim|p1a: Dragapult|Dragon Darts|p2a: Raging Bolt
|-supereffective|p2a: Raging Bolt
|-damage|p2a: Raging Bolt|0 fnt
|faint|p2a: Raging Bolt
|-end|p2a: Raging Bolt|Protosynthesis|[silent]
|
|-weather|Sandstorm|[upkeep]
|-damage|p1a: Dragapult|76/100|[from] Sandstorm
|-heal|p1a: Dragapult|82/100|[from] item: Leftovers
|upkeep
|
|t:|1781459947
|switch|p2a: Primarina|Primarina, F, shiny|100/100
|-damage|p2a: Primarina|88/100|[from] Stealth Rock
|turn|24
|
|t:|1781459955
|switch|p1a: Ogerpon|Ogerpon-Cornerstone-Tera, F, tera:Rock|27/100 brn
|-ability|p1a: Ogerpon|Embody Aspect (Cornerstone)|boost
|-boost|p1a: Ogerpon|def|1
|move|p2a: Primarina|Draining Kiss|p1a: Ogerpon
|-damage|p1a: Ogerpon|5/100 brn
|-heal|p2a: Primarina|100/100|[from] drain|[of] p1a: Ogerpon
|
|-weather|Sandstorm|[upkeep]
|-damage|p2a: Primarina|94/100|[from] Sandstorm
|-heal|p2a: Primarina|100/100|[from] item: Leftovers
|-damage|p1a: Ogerpon|0 fnt|[from] brn
|faint|p1a: Ogerpon
|detailschange|p1: Ogerpon|Ogerpon-Cornerstone, F|[silent]
|upkeep
|
|t:|1781459957
|switch|p1a: Rillaboom|Rillaboom, F|100/100
|-fieldstart|move: Grassy Terrain|[from] ability: Grassy Surge|[of] p1a: Rillaboom
|turn|25
|
|t:|1781459959
|switch|p2a: Garchomp|Garchomp, M|100/100
|-damage|p2a: Garchomp|94/100|[from] Stealth Rock
|move|p1a: Rillaboom|Grassy Glide|p2a: Garchomp
|-damage|p2a: Garchomp|39/100
|-damage|p1a: Rillaboom|88/100|[from] ability: Rough Skin|[of] p2a: Garchomp
|
|-weather|none
|-heal|p2a: Garchomp|45/100|[from] Grassy Terrain
|-heal|p1a: Rillaboom|94/100|[from] Grassy Terrain
|upkeep
|turn|26
|
|t:|1781459961
|move|p1a: Rillaboom|Grassy Glide|p2a: Garchomp
|-damage|p2a: Garchomp|0 fnt
|-damage|p1a: Rillaboom|82/100|[from] ability: Rough Skin|[of] p2a: Garchomp
|faint|p2a: Garchomp
|
|-heal|p1a: Rillaboom|88/100|[from] Grassy Terrain
|upkeep
|
|t:|1781459964
|switch|p2a: Weavile|Weavile, M, shiny|100/100
|-damage|p2a: Weavile|76/100|[from] Stealth Rock
|-ability|p2a: Weavile|Pressure
|turn|27
|
|t:|1781459975
|switch|p2a: Primarina|Primarina, F, shiny|100/100
|-damage|p2a: Primarina|88/100|[from] Stealth Rock
|switch|p1a: Corviknight|Corviknight, F|100/100
|-ability|p1a: Corviknight|Pressure
|
|-heal|p2a: Primarina|94/100|[from] Grassy Terrain
|-heal|p2a: Primarina|99/100|[from] item: Leftovers
|upkeep
|turn|28
|
|t:|1781459980
|switch|p1a: Dragapult|Dragapult, M|82/100
|move|p2a: Primarina|Calm Mind|p2a: Primarina
|-boost|p2a: Primarina|spa|1
|-boost|p2a: Primarina|spd|1
|
|-heal|p1a: Dragapult|88/100|[from] Grassy Terrain
|-heal|p1a: Dragapult|94/100|[from] item: Leftovers
|-heal|p2a: Primarina|100/100|[from] Grassy Terrain
|upkeep
|turn|29
|
|t:|1781459984
|move|p1a: Dragapult|Will-O-Wisp|p2a: Primarina|[miss]
|-miss|p1a: Dragapult|p2a: Primarina
|move|p2a: Primarina|Draining Kiss|p1a: Dragapult
|-supereffective|p1a: Dragapult
|-damage|p1a: Dragapult|0 fnt
|faint|p1a: Dragapult
|
|-fieldend|move: Grassy Terrain
|upkeep
|
|t:|1781459985
|switch|p1a: Rillaboom|Rillaboom, F|88/100
|-fieldstart|move: Grassy Terrain|[from] ability: Grassy Surge|[of] p1a: Rillaboom
|turn|30
|
|t:|1781459987
|move|p2a: Primarina|Protect|p2a: Primarina
|-singleturn|p2a: Primarina|Protect
|move|p1a: Rillaboom|Grassy Glide|p2a: Primarina
|-activate|p2a: Primarina|move: Protect
|
|-heal|p1a: Rillaboom|94/100|[from] Grassy Terrain
|upkeep
|turn|31
|
|t:|1781459990
|move|p1a: Rillaboom|Grassy Glide|p2a: Primarina
|-supereffective|p2a: Primarina
|-damage|p2a: Primarina|0 fnt
|faint|p2a: Primarina
|
|-heal|p1a: Rillaboom|100/100|[from] Grassy Terrain
|upkeep
|-message|isaac_gam3r forfeited.
|
|win|AnonymousJon
|raw|AnonymousJon's rating: 1738 &rarr; <strong>1758</strong><br />(+20 for winning)
|raw|isaac_gam3r's rating: 1735 &rarr; <strong>1715</strong><br />(-20 for losing)
|l|☆isaac_gam3r
|player|p2|
|l|☆AnonymousJon
|player|p1|
