|j|☆The median voter
|j|☆KurisuChestnutOU
|t:|1781123869
|gametype|singles
|player|p1|The median voter|scientist-gen4dp|1554
|player|p2|KurisuChestnutOU|may-contest|1534
|gen|9
|tier|[Gen 9] OU
|rated|
|rule|HP Percentage Mod: HP is shown in percentages
|rule|Endless Battle Clause: Forcing endless battles is banned
|rule|Species Clause: Limit one of each Pokémon
|rule|OHKO Clause: OHKO moves are banned
|rule|Evasion Items Clause: Evasion items are banned
|rule|Evasion Moves Clause: Evasion moves are banned
|rule|Evasion Abilities Clause: Evasion abilities are banned
|rule|Sleep Moves Clause: Sleep-inducing moves are banned
|clearpoke
|poke|p1|Zapdos|
|poke|p1|Great Tusk|
|poke|p1|Hoopa-Unbound|
|poke|p1|Alomomola, M|
|poke|p1|Scizor, M|
|poke|p1|Iron Valiant|
|poke|p2|Ting-Lu|
|poke|p2|Corviknight, F|
|poke|p2|Clodsire, F|
|poke|p2|Moltres|
|poke|p2|Dragapult, F|
|poke|p2|Garganacl, M|
|teampreview
|inactive|Battle timer is ON: inactive players will automatically lose when time's up. (requested by KurisuChestnutOU)
|j| singles player 99
|c| singles player 99|GLHF
|inactive|The median voter has 120 seconds left.
|
|t:|1781123908
|teamsize|p1|6
|teamsize|p2|6
|start
|switch|p1a: Holy Envoy|Alomomola, M|100/100
|switch|p2a: Ting-Lu|Ting-Lu|100/100
|-ability|p2a: Ting-Lu|Vessel of Ruin
|turn|1
|c| singles player 99|@the median voter
|c| singles player 99|GLHF
|
|t:|1781123915
|move|p2a: Ting-Lu|Ruination|p1a: Holy Envoy
|-damage|p1a: Holy Envoy|50/100
|move|p1a: Holy Envoy|Flip Turn|p2a: Ting-Lu
|-supereffective|p2a: Ting-Lu
|-damage|p2a: Ting-Lu|83/100
|
|t:|1781123917
|switch|p1a: Experiment|Scizor, M|100/100|[from] Flip Turn
|
|-heal|p2a: Ting-Lu|89/100|[from] item: Leftovers
|upkeep
|turn|2
|
|t:|1781123926
|-terastallize|p2a: Ting-Lu|Poison
|move|p1a: Experiment|Knock Off|p2a: Ting-Lu
|-damage|p2a: Ting-Lu|58/100
|-enditem|p2a: Ting-Lu|Leftovers|[from] move: Knock Off|[of] p1a: Experiment
|move|p2a: Ting-Lu|Stealth Rock|p1a: Experiment
|-sidestart|p1: The median voter|move: Stealth Rock
|
|upkeep
|turn|3
|c| singles player 99|@KurisuChestnutOU GLHF
|
|t:|1781123933
|switch|p1a: Templar|Great Tusk|100/100
|move|p2a: Ting-Lu|Ruination|p1a: Templar
|-damage|p1a: Templar|51/100
|
|upkeep
|turn|4
|
|t:|1781123942
|switch|p2a: Moltres|Moltres|100/100
|move|p1a: Templar|Stealth Rock|p2a: Moltres
|-sidestart|p2: KurisuChestnutOU|move: Stealth Rock
|
|upkeep
|turn|5
|c| singles player 99|molt on the spin
|c| singles player 99|OK
|
|t:|1781123946
|-end|p1a: Templar|Protosynthesis|[silent]
|switch|p1a: Preacher|Zapdos|100/100
|move|p2a: Moltres|Flamethrower|p1a: Preacher
|-damage|p1a: Preacher|64/100
|
|upkeep
|turn|6
|
|t:|1781123951
|switch|p2a: Garganacl|Garganacl, M|100/100
|-damage|p2a: Garganacl|88/100|[from] Stealth Rock
|move|p1a: Preacher|U-turn|p2a: Garganacl
|-damage|p2a: Garganacl|80/100
|
|t:|1781123954
|switch|p1a: Experiment|Scizor, M|100/100|[from] U-turn
|-damage|p1a: Experiment|88/100|[from] Stealth Rock
|
|-heal|p2a: Garganacl|86/100|[from] item: Leftovers
|upkeep
|turn|7
|
|t:|1781123960
|move|p2a: Garganacl|Protect|p2a: Garganacl
|-singleturn|p2a: Garganacl|Protect
|move|p1a: Experiment|Knock Off|p2a: Garganacl
|-activate|p2a: Garganacl|move: Protect
|
|-heal|p2a: Garganacl|92/100|[from] item: Leftovers
|upkeep
|turn|8
|
|t:|1781123964
|move|p1a: Experiment|Knock Off|p2a: Garganacl
|-crit|p2a: Garganacl
|-damage|p2a: Garganacl|36/100
|-enditem|p2a: Garganacl|Leftovers|[from] move: Knock Off|[of] p1a: Experiment
|move|p2a: Garganacl|Salt Cure|p1a: Experiment
|-damage|p1a: Experiment|75/100
|-start|p1a: Experiment|Salt Cure
|
|-damage|p1a: Experiment|50/100|[from] Salt Cure
|upkeep
|turn|9
|
|t:|1781123972
|switch|p1a: The End of All|Hoopa-Unbound|100/100
|-damage|p1a: The End of All|88/100|[from] Stealth Rock
|move|p2a: Garganacl|Recover|p2a: Garganacl
|-heal|p2a: Garganacl|86/100
|
|upkeep
|turn|10
|
|t:|1781123977
|move|p1a: The End of All|Psychic Noise|p2a: Garganacl
|-damage|p2a: Garganacl|52/100
|-start|p2a: Garganacl|move: Heal Block
|move|p2a: Garganacl|Salt Cure|p1a: The End of All
|-damage|p1a: The End of All|67/100
|-start|p1a: The End of All|Salt Cure
|
|-damage|p1a: The End of All|54/100|[from] Salt Cure
|upkeep
|turn|11
|
|t:|1781123981
|move|p1a: The End of All|Thunderbolt|p2a: Garganacl
|-damage|p2a: Garganacl|25/100
|move|p2a: Garganacl|Salt Cure|p1a: The End of All
|-damage|p1a: The End of All|35/100
|
|-damage|p1a: The End of All|22/100|[from] Salt Cure
|-end|p2a: Garganacl|move: Heal Block
|upkeep
|turn|12
|
|t:|1781123985
|move|p2a: Garganacl|Protect|p2a: Garganacl
|-singleturn|p2a: Garganacl|Protect
|move|p1a: The End of All|Hyperspace Fury|p2a: Garganacl
|-activate|p2a: Garganacl|move: Hyperspace Fury|[broken]
|-damage|p2a: Garganacl|0 fnt
|-unboost|p1a: The End of All|def|1
|faint|p2a: Garganacl
|
|-damage|p1a: The End of All|10/100|[from] Salt Cure
|upkeep
|
|t:|1781123988
|switch|p2a: Dragapult|Dragapult, F|100/100
|turn|13
|l| singles player 99
|
|t:|1781123994
|switch|p1a: Holy Envoy|Alomomola, M|84/100
|-damage|p1a: Holy Envoy|71/100|[from] Stealth Rock
|move|p2a: Dragapult|Shadow Ball|p1a: Holy Envoy
|-damage|p1a: Holy Envoy|56/100
|
|upkeep
|turn|14
|
|t:|1781124001
|move|p2a: Dragapult|Shadow Ball|p1a: Holy Envoy
|-damage|p1a: Holy Envoy|39/100
|move|p1a: Holy Envoy|Flip Turn|p2a: Dragapult
|-resisted|p2a: Dragapult
|-damage|p2a: Dragapult|89/100
|
|t:|1781124007
|switch|p1a: Acolyte|Iron Valiant|100/100|[from] Flip Turn
|-damage|p1a: Acolyte|94/100|[from] Stealth Rock
|-enditem|p1a: Acolyte|Booster Energy
|-activate|p1a: Acolyte|ability: Quark Drive|[fromitem]
|-start|p1a: Acolyte|quarkdrivespe
|
|upkeep
|turn|15
|
|t:|1781124011
|switch|p2a: Moltres|Moltres|100/100
|move|p1a: Acolyte|Moonblast|p2a: Moltres
|-resisted|p2a: Moltres
|-damage|p2a: Moltres|75/100
|-unboost|p2a: Moltres|spa|1
|
|upkeep
|turn|16
|
|t:|1781124016
|move|p1a: Acolyte|Calm Mind|p1a: Acolyte
|-boost|p1a: Acolyte|spa|1
|-boost|p1a: Acolyte|spd|1
|move|p2a: Moltres|Roost|p2a: Moltres
|-heal|p2a: Moltres|100/100
|-singleturn|p2a: Moltres|move: Roost
|
|upkeep
|turn|17
|
|t:|1781124021
|move|p1a: Acolyte|Shadow Ball|p2a: Moltres
|-damage|p2a: Moltres|64/100
|move|p2a: Moltres|Hurricane|p1a: Acolyte|[miss]
|-miss|p2a: Moltres|p1a: Acolyte
|
|upkeep
|turn|18
|
|t:|1781124029
|-terastallize|p1a: Acolyte|Ghost
|move|p1a: Acolyte|Shadow Ball|p2a: Moltres
|-damage|p2a: Moltres|6/100
|-unboost|p2a: Moltres|spd|1
|move|p2a: Moltres|Roost|p2a: Moltres
|-heal|p2a: Moltres|56/100
|-singleturn|p2a: Moltres|move: Roost
|
|upkeep
|turn|19
|
|t:|1781124036
|switch|p2a: Clodsire|Clodsire, F|100/100
|-damage|p2a: Clodsire|94/100|[from] Stealth Rock
|move|p1a: Acolyte|Encore||[still]
|-fail|p1a: Acolyte
|
|-heal|p2a: Clodsire|100/100|[from] item: Leftovers
|upkeep
|turn|20
|
|t:|1781124044
|move|p1a: Acolyte|Shadow Ball|p2a: Clodsire
|-damage|p2a: Clodsire|79/100
|-unboost|p2a: Clodsire|spd|1
|move|p2a: Clodsire|Toxic|p1a: Acolyte
|-status|p1a: Acolyte|tox
|
|-heal|p2a: Clodsire|85/100|[from] item: Leftovers
|-damage|p1a: Acolyte|88/100 tox|[from] psn
|upkeep
|turn|21
|
|t:|1781124050
|move|p1a: Acolyte|Shadow Ball|p2a: Clodsire
|-damage|p2a: Clodsire|52/100
|move|p2a: Clodsire|Earthquake|p1a: Acolyte
|-damage|p1a: Acolyte|52/100 tox
|
|-heal|p2a: Clodsire|58/100|[from] item: Leftovers
|-damage|p1a: Acolyte|39/100 tox|[from] psn
|upkeep
|turn|22
|
|t:|1781124055
|-end|p1a: Acolyte|Quark Drive|[silent]
|switch|p1a: The End of All|Hoopa-Unbound|10/100
|-damage|p1a: The End of All|0 fnt|[from] Stealth Rock
|faint|p1a: The End of All
|move|p2a: Clodsire|Recover|p2a: Clodsire
|-heal|p2a: Clodsire|100/100
|
|upkeep
|
|t:|1781124059
|switch|p1a: Templar|Great Tusk|51/100
|turn|23
|
|t:|1781124063
|-end|p1a: Templar|Protosynthesis|[silent]
|switch|p1a: Preacher|Zapdos|64/100
|switch|p2a: Moltres|Moltres|56/100
|
|upkeep
|turn|24
|
|t:|1781124068
|switch|p2a: Clodsire|Clodsire, F|100/100
|-damage|p2a: Clodsire|94/100|[from] Stealth Rock
|move|p1a: Preacher|U-turn|p2a: Clodsire
|-resisted|p2a: Clodsire
|-damage|p2a: Clodsire|87/100
|
|t:|1781124071
|switch|p1a: Templar|Great Tusk|51/100|[from] U-turn
|
|-heal|p2a: Clodsire|93/100|[from] item: Leftovers
|upkeep
|turn|25
|
|t:|1781124078
|-end|p1a: Templar|Protosynthesis|[silent]
|switch|p1a: Preacher|Zapdos|64/100
|switch|p2a: Moltres|Moltres|56/100
|
|upkeep
|turn|26
|
|t:|1781124082
|switch|p2a: Clodsire|Clodsire, F|93/100
|-damage|p2a: Clodsire|87/100|[from] Stealth Rock
|move|p1a: Preacher|Discharge|p2a: Clodsire
|-immune|p2a: Clodsire
|
|-heal|p2a: Clodsire|93/100|[from] item: Leftovers
|upkeep
|turn|27
|
|t:|1781124088
|move|p1a: Preacher|U-turn|p2a: Clodsire
|-resisted|p2a: Clodsire
|-damage|p2a: Clodsire|86/100
|
|t:|1781124093
|switch|p1a: Templar|Great Tusk|51/100|[from] U-turn
|move|p2a: Clodsire|Toxic|p1a: Templar
|-status|p1a: Templar|tox
|
|-heal|p2a: Clodsire|93/100|[from] item: Leftovers
|-damage|p1a: Templar|44/100 tox|[from] psn
|upkeep
|turn|28
|
|t:|1781124100
|-end|p1a: Templar|Protosynthesis|[silent]
|switch|p1a: Holy Envoy|Alomomola, M|73/100
|-damage|p1a: Holy Envoy|60/100|[from] Stealth Rock
|switch|p2a: Moltres|Moltres|56/100
|
|upkeep
|turn|29
|
|t:|1781124107
|move|p2a: Moltres|Roost|p2a: Moltres
|-heal|p2a: Moltres|100/100
|-singleturn|p2a: Moltres|move: Roost
|move|p1a: Holy Envoy|Scald|p2a: Moltres
|-supereffective|p2a: Moltres
|-damage|p2a: Moltres|72/100
|
|upkeep
|turn|30
|
|t:|1781124111
|move|p2a: Moltres|Roost|p2a: Moltres
|-heal|p2a: Moltres|100/100
|-singleturn|p2a: Moltres|move: Roost
|move|p1a: Holy Envoy|Scald|p2a: Moltres
|-supereffective|p2a: Moltres
|-damage|p2a: Moltres|71/100
|
|upkeep
|turn|31
|
|t:|1781124116
|move|p2a: Moltres|Roost|p2a: Moltres
|-heal|p2a: Moltres|100/100
|-singleturn|p2a: Moltres|move: Roost
|move|p1a: Holy Envoy|Scald|p2a: Moltres
|-supereffective|p2a: Moltres
|-damage|p2a: Moltres|71/100
|
|upkeep
|turn|32
|
|t:|1781124123
|move|p2a: Moltres|Roost|p2a: Moltres
|-heal|p2a: Moltres|100/100
|-singleturn|p2a: Moltres|move: Roost
|move|p1a: Holy Envoy|Scald|p2a: Moltres
|-supereffective|p2a: Moltres
|-damage|p2a: Moltres|71/100
|
|upkeep
|turn|33
|
|t:|1781124127
|move|p2a: Moltres|Roost|p2a: Moltres
|-heal|p2a: Moltres|100/100
|-singleturn|p2a: Moltres|move: Roost
|move|p1a: Holy Envoy|Scald|p2a: Moltres
|-supereffective|p2a: Moltres
|-crit|p2a: Moltres
|-damage|p2a: Moltres|61/100
|
|upkeep
|turn|34
|
|t:|1781124130
|move|p2a: Moltres|Roost|p2a: Moltres
|-heal|p2a: Moltres|100/100
|-singleturn|p2a: Moltres|move: Roost
|move|p1a: Holy Envoy|Scald|p2a: Moltres
|-supereffective|p2a: Moltres
|-damage|p2a: Moltres|75/100
|
|upkeep
|turn|35
|
|t:|1781124137
|move|p2a: Moltres|Hurricane|p1a: Holy Envoy
|-damage|p1a: Holy Envoy|39/100
|move|p1a: Holy Envoy|Scald|p2a: Moltres
|-supereffective|p2a: Moltres
|-damage|p2a: Moltres|49/100
|
|upkeep
|turn|36
|
|t:|1781124149
|move|p2a: Moltres|U-turn|p1a: Holy Envoy
|-damage|p1a: Holy Envoy|30/100
|
|t:|1781124152
|switch|p2a: Ting-Lu|Ting-Lu, tera:Poison|58/100|[from] U-turn
|-damage|p2a: Ting-Lu|46/100|[from] Stealth Rock
|-ability|p2a: Ting-Lu|Vessel of Ruin
|move|p1a: Holy Envoy|Scald|p2a: Ting-Lu
|-damage|p2a: Ting-Lu|40/100
|
|upkeep
|turn|37
|
|t:|1781124161
|move|p2a: Ting-Lu|Ruination|p1a: Holy Envoy
|-damage|p1a: Holy Envoy|15/100
|move|p1a: Holy Envoy|Flip Turn|p2a: Ting-Lu
|-damage|p2a: Ting-Lu|31/100
|
|t:|1781124168
|switch|p1a: Preacher|Zapdos|64/100|[from] Flip Turn
|
|upkeep
|turn|38
|
|t:|1781124174
|move|p1a: Preacher|U-turn|p2a: Ting-Lu
|-resisted|p2a: Ting-Lu
|-damage|p2a: Ting-Lu|28/100
|
|t:|1781124177
|switch|p1a: Holy Envoy|Alomomola, M|48/100|[from] U-turn
|-damage|p1a: Holy Envoy|36/100|[from] Stealth Rock
|move|p2a: Ting-Lu|Ruination|p1a: Holy Envoy
|-damage|p1a: Holy Envoy|18/100
|
|upkeep
|turn|39
|
|t:|1781124181
|switch|p1a: Preacher|Zapdos|64/100
|move|p2a: Ting-Lu|Ruination|p1a: Preacher
|-damage|p1a: Preacher|32/100
|
|upkeep
|turn|40
|
|t:|1781124185
|move|p1a: Preacher|Discharge|p2a: Ting-Lu
|-damage|p2a: Ting-Lu|14/100
|move|p2a: Ting-Lu|Ruination|p1a: Preacher|[miss]
|-miss|p2a: Ting-Lu|p1a: Preacher
|
|upkeep
|turn|41
|
|t:|1781124191
|move|p1a: Preacher|Discharge|p2a: Ting-Lu
|-damage|p2a: Ting-Lu|0 fnt
|faint|p2a: Ting-Lu
|
|upkeep
|
|t:|1781124204
|switch|p2a: Dragapult|Dragapult, F|89/100
|turn|42
|
|t:|1781124213
|switch|p1a: Acolyte|Iron Valiant, tera:Ghost|39/100 tox
|-damage|p1a: Acolyte|27/100 tox|[from] Stealth Rock
|move|p2a: Dragapult|Shadow Ball|p1a: Acolyte
|-supereffective|p1a: Acolyte
|-damage|p1a: Acolyte|0 fnt
|faint|p1a: Acolyte
|-end|p1a: Acolyte|Quark Drive|[silent]
|
|upkeep
|
|t:|1781124218
|switch|p1a: Holy Envoy|Alomomola, M|52/100
|-damage|p1a: Holy Envoy|39/100|[from] Stealth Rock
|turn|43
|
|t:|1781124241
|move|p2a: Dragapult|Shadow Ball|p1a: Holy Envoy
|-damage|p1a: Holy Envoy|23/100
|-unboost|p1a: Holy Envoy|spd|1
|move|p1a: Holy Envoy|Flip Turn|p2a: Dragapult
|-resisted|p2a: Dragapult
|-damage|p2a: Dragapult|77/100
|
|t:|1781124245
|switch|p1a: Preacher|Zapdos|32/100|[from] Flip Turn
|
|upkeep
|turn|44
|
|t:|1781124250
|switch|p1a: Holy Envoy|Alomomola, M|56/100
|-damage|p1a: Holy Envoy|44/100|[from] Stealth Rock
|move|p2a: Dragapult|Shadow Ball|p1a: Holy Envoy
|-damage|p1a: Holy Envoy|28/100
|
|upkeep
|turn|45
|
|t:|1781124257
|move|p2a: Dragapult|Shadow Ball|p1a: Holy Envoy
|-damage|p1a: Holy Envoy|11/100
|move|p1a: Holy Envoy|Mirror Coat|p2a: Dragapult
|-damage|p2a: Dragapult|18/100
|
|upkeep
|turn|46
|
|t:|1781124274
|switch|p1a: Templar|Great Tusk|44/100 tox
|move|p2a: Dragapult|Shadow Ball|p1a: Templar
|-damage|p1a: Templar|0 fnt
|faint|p1a: Templar
|-end|p1a: Templar|Protosynthesis|[silent]
|
|upkeep
|
|t:|1781124275
|switch|p1a: Holy Envoy|Alomomola, M|44/100
|-damage|p1a: Holy Envoy|32/100|[from] Stealth Rock
|turn|47
|
|t:|1781124282
|move|p2a: Dragapult|U-turn|p1a: Holy Envoy
|-damage|p1a: Holy Envoy|21/100
|
|t:|1781124286
|switch|p2a: Moltres|Moltres|49/100|[from] U-turn
|move|p1a: Holy Envoy|Flip Turn|p2a: Moltres
|-supereffective|p2a: Moltres
|-damage|p2a: Moltres|27/100
|-status|p1a: Holy Envoy|brn|[from] ability: Flame Body|[of] p2a: Moltres
|
|t:|1781124289
|switch|p1a: Preacher|Zapdos|32/100|[from] Flip Turn
|
|upkeep
|turn|48
|
|t:|1781124295
|move|p1a: Preacher|Roost|p1a: Preacher
|-heal|p1a: Preacher|82/100
|-singleturn|p1a: Preacher|move: Roost
|move|p2a: Moltres|U-turn|p1a: Preacher
|-damage|p1a: Preacher|73/100
|-status|p2a: Moltres|par|[from] ability: Static|[of] p1a: Preacher
|
|t:|1781124299
|switch|p2a: Clodsire|Clodsire, F|93/100|[from] U-turn
|-damage|p2a: Clodsire|86/100|[from] Stealth Rock
|
|-heal|p2a: Clodsire|93/100|[from] item: Leftovers
|upkeep
|turn|49
|
|t:|1781124304
|move|p1a: Preacher|U-turn|p2a: Clodsire
|-resisted|p2a: Clodsire
|-damage|p2a: Clodsire|86/100
|
|t:|1781124306
|switch|p1a: Experiment|Scizor, M|50/100|[from] U-turn
|-damage|p1a: Experiment|38/100|[from] Stealth Rock
|move|p2a: Clodsire|Toxic|p1a: Experiment
|-immune|p1a: Experiment
|
|-heal|p2a: Clodsire|92/100|[from] item: Leftovers
|upkeep
|turn|50
|
|t:|1781124309
|switch|p2a: Moltres|Moltres|27/100 par
|move|p1a: Experiment|U-turn|p2a: Moltres
|-resisted|p2a: Moltres
|-damage|p2a: Moltres|17/100 par
|
|t:|1781124312
|switch|p1a: Preacher|Zapdos|73/100|[from] U-turn
|
|upkeep
|turn|51
|
|t:|1781124317
|switch|p2a: Clodsire|Clodsire, F|92/100
|-damage|p2a: Clodsire|86/100|[from] Stealth Rock
|move|p1a: Preacher|Hurricane|p2a: Clodsire|[miss]
|-miss|p1a: Preacher|p2a: Clodsire
|
|-heal|p2a: Clodsire|92/100|[from] item: Leftovers
|upkeep
|turn|52
|
|t:|1781124322
|move|p1a: Preacher|Hurricane|p2a: Clodsire
|-damage|p2a: Clodsire|67/100
|move|p2a: Clodsire|Toxic|p1a: Preacher
|-status|p1a: Preacher|tox
|
|-heal|p2a: Clodsire|74/100|[from] item: Leftovers
|-damage|p1a: Preacher|67/100 tox|[from] psn
|upkeep
|turn|53
|
|t:|1781124329
|move|p1a: Preacher|U-turn|p2a: Clodsire
|-resisted|p2a: Clodsire
|-damage|p2a: Clodsire|66/100
|
|t:|1781124330
|switch|p1a: Experiment|Scizor, M|38/100|[from] U-turn
|-damage|p1a: Experiment|26/100|[from] Stealth Rock
|move|p2a: Clodsire|Recover|p2a: Clodsire
|-heal|p2a: Clodsire|100/100
|
|upkeep
|turn|54
|
|t:|1781124338
|move|p1a: Experiment|Bullet Punch|p2a: Clodsire
|-damage|p2a: Clodsire|47/100
|move|p2a: Clodsire|Earthquake|p1a: Experiment
|-damage|p1a: Experiment|0 fnt
|faint|p1a: Experiment
|
|-heal|p2a: Clodsire|54/100|[from] item: Leftovers
|upkeep
|-message|The median voter forfeited.
|
|win|KurisuChestnutOU
|raw|The median voter's rating: 1554 &rarr; <strong>1533</strong><br />(-21 for losing)
|raw|KurisuChestnutOU's rating: 1531 &rarr; <strong>1552</strong><br />(+21 for winning)
