|j|☆Clummsyyy
|j|☆teamskullenoxa
|t:|1781223978
|gametype|singles
|player|p1|Clummsyyy|170|1585
|player|p2|teamskullenoxa|2|1520
|gen|9
|tier|[Gen 9] OU
|rated|
|rule|HP Percentage Mod: HP is shown in percentages
|rule|Endless Battle Clause: Forcing endless battles is banned
|rule|Species Clause: Limit one of each Pokémon
|rule|OHKO Clause: OHKO moves are banned
|rule|Evasion Items Clause: Evasion items are banned
|rule|Evasion Moves Clause: Evasion moves are banned
|rule|Evasion Abilities Clause: Evasion abilities are banned
|rule|Sleep Moves Clause: Sleep-inducing moves are banned
|clearpoke
|poke|p1|Kyurem|
|poke|p1|Corviknight, M|
|poke|p1|Ting-Lu|
|poke|p1|Dondozo, F|
|poke|p1|Slowking-Galar, M|
|poke|p1|Cinderace, M|
|poke|p2|Pelipper, F|
|poke|p2|Hatterene, F|
|poke|p2|Iron Treads|
|poke|p2|Toxicroak, F|
|poke|p2|Barraskewda, F|
|poke|p2|Zapdos|
|teampreview
|inactive|Battle timer is ON: inactive players will automatically lose when time's up. (requested by teamskullenoxa)
|
|t:|1781223998
|teamsize|p1|6
|teamsize|p2|6
|start
|switch|p1a: Kyurem|Kyurem|100/100
|switch|p2a: Pelipper|Pelipper, F|100/100
|-ability|p1a: Kyurem|Pressure
|-weather|RainDance|[from] ability: Drizzle|[of] p2a: Pelipper
|turn|1
|inactive|Clummsyyy has 120 seconds left.
|
|t:|1781224030
|switch|p2a: Iron Treads|Iron Treads|100/100
|move|p1a: Kyurem|Substitute|p1a: Kyurem
|-start|p1a: Kyurem|Substitute
|-damage|p1a: Kyurem|75/100
|
|-weather|RainDance|[upkeep]
|-heal|p1a: Kyurem|82/100|[from] item: Leftovers
|upkeep
|turn|2
|inactive|Clummsyyy has 120 seconds left.
|
|t:|1781224041
|move|p1a: Kyurem|Protect|p1a: Kyurem
|-singleturn|p1a: Kyurem|Protect
|move|p2a: Iron Treads|Earthquake|p1a: Kyurem
|-activate|p1a: Kyurem|move: Protect
|
|-weather|RainDance|[upkeep]
|-heal|p1a: Kyurem|88/100|[from] item: Leftovers
|upkeep
|turn|3
|
|t:|1781224046
|move|p1a: Kyurem|Earth Power|p2a: Iron Treads
|-supereffective|p2a: Iron Treads
|-damage|p2a: Iron Treads|54/100
|move|p2a: Iron Treads|Volt Switch|p1a: Kyurem
|-resisted|p1a: Kyurem
|-activate|p1a: Kyurem|move: Substitute|[damage]
|
|t:|1781224052
|-end|p2a: Iron Treads|Quark Drive|[silent]
|switch|p2a: Barraskewda|Barraskewda, F|100/100|[from] Volt Switch
|
|-weather|RainDance|[upkeep]
|-heal|p1a: Kyurem|94/100|[from] item: Leftovers
|upkeep
|turn|4
|
|t:|1781224057
|move|p1a: Kyurem|Protect|p1a: Kyurem
|-singleturn|p1a: Kyurem|Protect
|move|p2a: Barraskewda|Flip Turn|p1a: Kyurem
|-activate|p1a: Kyurem|move: Protect
|
|-weather|RainDance|[upkeep]
|-heal|p1a: Kyurem|99/100|[from] item: Leftovers
|upkeep
|turn|5
|
|t:|1781224078
|move|p2a: Barraskewda|Flip Turn|p1a: Kyurem
|-resisted|p1a: Kyurem
|-end|p1a: Kyurem|Substitute
|
|t:|1781224080
|switch|p2a: Hatterene|Hatterene, F|100/100|[from] Flip Turn
|move|p1a: Kyurem|Freeze-Dry|p2a: Hatterene
|-crit|p2a: Hatterene
|-damage|p2a: Hatterene|40/100
|-enditem|p2a: Hatterene|Eject Button
|
|t:|1781224085
|switch|p2a: Barraskewda|Barraskewda, F|100/100
|
|-weather|RainDance|[upkeep]
|-heal|p1a: Kyurem|100/100|[from] item: Leftovers
|upkeep
|turn|6
|
|t:|1781224090
|move|p1a: Kyurem|Protect|p1a: Kyurem
|-singleturn|p1a: Kyurem|Protect
|move|p2a: Barraskewda|Close Combat|p1a: Kyurem
|-activate|p1a: Kyurem|move: Protect
|
|-weather|RainDance|[upkeep]
|upkeep
|turn|7
|
|t:|1781224116
|switch|p2a: Iron Treads|Iron Treads|54/100
|switch|p1a: Dondozo|Dondozo, F|100/100
|
|-weather|RainDance|[upkeep]
|-heal|p2a: Iron Treads|60/100|[from] item: Leftovers
|upkeep
|turn|8
|
|t:|1781224122
|move|p2a: Iron Treads|Volt Switch|p1a: Dondozo
|-supereffective|p1a: Dondozo
|-damage|p1a: Dondozo|81/100
|
|t:|1781224126
|-end|p2a: Iron Treads|Quark Drive|[silent]
|switch|p2a: Toxicroak|Toxicroak, F|100/100|[from] Volt Switch
|move|p1a: Dondozo|Waterfall|p2a: Toxicroak
|-immune|p2a: Toxicroak|[from] ability: Dry Skin
|
|-weather|none
|-heal|p1a: Dondozo|87/100|[from] item: Leftovers
|upkeep
|turn|9
|inactive|Clummsyyy has 120 seconds left.
|
|t:|1781224159
|switch|p1a: Corviknight|Corviknight, M|100/100
|-ability|p1a: Corviknight|Pressure
|move|p2a: Toxicroak|Knock Off|p1a: Corviknight
|-damage|p1a: Corviknight|87/100
|-damage|p2a: Toxicroak|84/100|[from] item: Rocky Helmet|[of] p1a: Corviknight
|-enditem|p1a: Corviknight|Rocky Helmet|[from] move: Knock Off|[of] p2a: Toxicroak
|
|upkeep
|turn|10
|inactive|Clummsyyy has 120 seconds left.
|
|t:|1781224176
|switch|p2a: Zapdos|Zapdos|100/100
|move|p1a: Corviknight|U-turn|p2a: Zapdos
|-resisted|p2a: Zapdos
|-damage|p2a: Zapdos|91/100
|
|t:|1781224196
|switch|p1a: Kyurem|Kyurem|100/100|[from] U-turn
|-ability|p1a: Kyurem|Pressure
|
|upkeep
|turn|11
|
|t:|1781224214
|move|p2a: Zapdos|Volt Switch|p1a: Kyurem
|-resisted|p1a: Kyurem
|-damage|p1a: Kyurem|76/100
|
|t:|1781224221
|switch|p2a: Hatterene|Hatterene, F|40/100|[from] Volt Switch
|move|p1a: Kyurem|Freeze-Dry|p2a: Hatterene
|-damage|p2a: Hatterene|5/100
|-status|p2a: Hatterene|frz
|
|-heal|p1a: Kyurem|82/100|[from] item: Leftovers
|upkeep
|turn|12
|inactive|Clummsyyy has 120 seconds left.
|
|t:|1781224229
|move|p1a: Kyurem|Substitute|p1a: Kyurem
|-start|p1a: Kyurem|Substitute
|-damage|p1a: Kyurem|57/100
|cant|p2a: Hatterene|frz
|
|-heal|p1a: Kyurem|64/100|[from] item: Leftovers
|upkeep
|turn|13
|
|t:|1781224243
|switch|p2a: Iron Treads|Iron Treads|60/100
|move|p1a: Kyurem|Freeze-Dry|p2a: Iron Treads
|-damage|p2a: Iron Treads|32/100
|
|-heal|p1a: Kyurem|70/100|[from] item: Leftovers
|-heal|p2a: Iron Treads|38/100|[from] item: Leftovers
|upkeep
|turn|14
|
|t:|1781224249
|-end|p2a: Iron Treads|Quark Drive|[silent]
|switch|p2a: Pelipper|Pelipper, F|100/100
|-weather|RainDance|[from] ability: Drizzle|[of] p2a: Pelipper
|move|p1a: Kyurem|Earth Power|p2a: Pelipper
|-immune|p2a: Pelipper
|
|-weather|RainDance|[upkeep]
|-heal|p1a: Kyurem|76/100|[from] item: Leftovers
|upkeep
|turn|15
|
|t:|1781224254
|switch|p2a: Hatterene|Hatterene, F|5/100 frz
|move|p1a: Kyurem|Freeze-Dry|p2a: Hatterene
|-damage|p2a: Hatterene|0 fnt
|faint|p2a: Hatterene
|
|-weather|RainDance|[upkeep]
|-heal|p1a: Kyurem|82/100|[from] item: Leftovers
|upkeep
|
|t:|1781224279
|switch|p2a: Toxicroak|Toxicroak, F|84/100
|turn|16
|
|t:|1781224292
|move|p1a: Kyurem|Earth Power|p2a: Toxicroak
|-supereffective|p2a: Toxicroak
|-damage|p2a: Toxicroak|8/100
|move|p2a: Toxicroak|Drain Punch|p1a: Kyurem
|-supereffective|p1a: Kyurem
|-end|p1a: Kyurem|Substitute
|-heal|p2a: Toxicroak|22/100|[from] drain|[of] p1a: Kyurem
|
|-weather|RainDance|[upkeep]
|-heal|p2a: Toxicroak|34/100|[from] ability: Dry Skin
|-heal|p1a: Kyurem|88/100|[from] item: Leftovers
|upkeep
|turn|17
|
|t:|1781224312
|switch|p2a: Iron Treads|Iron Treads|38/100
|move|p1a: Kyurem|Freeze-Dry|p2a: Iron Treads
|-damage|p2a: Iron Treads|10/100
|
|-weather|RainDance|[upkeep]
|-heal|p1a: Kyurem|95/100|[from] item: Leftovers
|-heal|p2a: Iron Treads|16/100|[from] item: Leftovers
|upkeep
|turn|18
|
|t:|1781224319
|move|p1a: Kyurem|Freeze-Dry|p2a: Iron Treads
|-damage|p2a: Iron Treads|0 fnt
|faint|p2a: Iron Treads
|-end|p2a: Iron Treads|Quark Drive|[silent]
|
|-weather|RainDance|[upkeep]
|-heal|p1a: Kyurem|100/100|[from] item: Leftovers
|upkeep
|
|t:|1781224321
|switch|p2a: Zapdos|Zapdos|91/100
|turn|19
|
|t:|1781224331
|-terastallize|p2a: Zapdos|Flying
|move|p1a: Kyurem|Protect|p1a: Kyurem
|-singleturn|p1a: Kyurem|Protect
|move|p2a: Zapdos|Hurricane|p1a: Kyurem
|-activate|p1a: Kyurem|move: Protect
|
|-weather|RainDance|[upkeep]
|upkeep
|turn|20
|inactive|Clummsyyy has 120 seconds left.
|
|t:|1781224369
|switch|p1a: Slowking|Slowking-Galar, M|100/100
|move|p2a: Zapdos|Hurricane|p1a: Slowking
|-damage|p1a: Slowking|31/100
|
|-weather|RainDance|[upkeep]
|upkeep
|turn|21
|inactive|Clummsyyy has 120 seconds left.
|
|t:|1781224386
|switch|p1a: Ting-Lu|Ting-Lu|100/100
|-ability|p1a: Ting-Lu|Vessel of Ruin
|move|p2a: Zapdos|Hurricane|p1a: Ting-Lu
|-damage|p1a: Ting-Lu|53/100
|
|-weather|none
|-heal|p1a: Ting-Lu|59/100|[from] item: Leftovers
|upkeep
|turn|22
|
|t:|1781224401
|switch|p1a: Kyurem|Kyurem|100/100
|-ability|p1a: Kyurem|Pressure
|move|p2a: Zapdos|Hurricane|p1a: Kyurem|[miss]
|-miss|p2a: Zapdos|p1a: Kyurem
|
|upkeep
|turn|23
|
|t:|1781224410
|move|p2a: Zapdos|Hurricane|p1a: Kyurem|[miss]
|-miss|p2a: Zapdos|p1a: Kyurem
|move|p1a: Kyurem|Freeze-Dry|p2a: Zapdos
|-supereffective|p2a: Zapdos
|-damage|p2a: Zapdos|2/100
|
|upkeep
|turn|24
|
|t:|1781224415
|move|p2a: Zapdos|Hurricane|p1a: Kyurem
|-damage|p1a: Kyurem|0 fnt
|faint|p1a: Kyurem
|
|upkeep
|
|t:|1781224418
|switch|p1a: Cinderace|Cinderace, M|100/100
|turn|25
|
|t:|1781224421
|switch|p2a: Pelipper|Pelipper, F|100/100
|-weather|RainDance|[from] ability: Drizzle|[of] p2a: Pelipper
|move|p1a: Cinderace|U-turn|p2a: Pelipper
|-resisted|p2a: Pelipper
|-damage|p2a: Pelipper|90/100
|inactive|Clummsyyy has 120 seconds left.
|
|t:|1781224461
|switch|p1a: Slowking|Slowking-Galar, M|65/100|[from] U-turn
|
|-weather|RainDance|[upkeep]
|upkeep
|turn|26
|
|t:|1781224468
|move|p2a: Pelipper|U-turn|p1a: Slowking
|-damage|p1a: Slowking|55/100
|
|t:|1781224477
|switch|p2a: Toxicroak|Toxicroak, F|34/100|[from] U-turn
|move|p1a: Slowking|Future Sight|p2a: Toxicroak
|-start|p1a: Slowking|move: Future Sight
|
|-weather|RainDance|[upkeep]
|-heal|p2a: Toxicroak|47/100|[from] ability: Dry Skin
|upkeep
|turn|27
|
|t:|1781224482
|switch|p1a: Corviknight|Corviknight, M|87/100
|-ability|p1a: Corviknight|Pressure
|move|p2a: Toxicroak|Knock Off|p1a: Corviknight
|-damage|p1a: Corviknight|78/100
|
|-weather|RainDance|[upkeep]
|-heal|p2a: Toxicroak|59/100|[from] ability: Dry Skin
|upkeep
|turn|28
|
|t:|1781224490
|switch|p2a: Pelipper|Pelipper, F|90/100
|move|p1a: Corviknight|Brave Bird|p2a: Pelipper
|-damage|p2a: Pelipper|48/100
|-damage|p1a: Corviknight|67/100|[from] Recoil
|
|-weather|RainDance|[upkeep]
|-end|p2a: Pelipper|move: Future Sight
|-damage|p2a: Pelipper|5/100
|upkeep
|turn|29
|
|t:|1781224507
|move|p1a: Corviknight|U-turn|p2a: Pelipper
|-resisted|p2a: Pelipper
|-damage|p2a: Pelipper|0 fnt
|faint|p2a: Pelipper
|inactive|Clummsyyy has 120 seconds left.
|
|t:|1781224518
|switch|p1a: Ting-Lu|Ting-Lu|59/100|[from] U-turn
|-ability|p1a: Ting-Lu|Vessel of Ruin
|
|-weather|RainDance|[upkeep]
|-heal|p1a: Ting-Lu|65/100|[from] item: Leftovers
|upkeep
|
|t:|1781224520
|switch|p2a: Barraskewda|Barraskewda, F|100/100
|turn|30
|inactive|Clummsyyy has 120 seconds left.
|
|t:|1781224554
|move|p2a: Barraskewda|Flip Turn|p1a: Ting-Lu
|-supereffective|p1a: Ting-Lu
|-crit|p1a: Ting-Lu
|-damage|p1a: Ting-Lu|0 fnt
|faint|p1a: Ting-Lu
|
|t:|1781224578
|switch|p2a: Zapdos|Zapdos, tera:Flying|2/100|[from] Flip Turn
|
|-weather|RainDance|[upkeep]
|upkeep
|inactive|Clummsyyy has 90 seconds left.
|
|t:|1781224605
|switch|p1a: Cinderace|Cinderace, M|100/100
|turn|31
|inactive|Clummsyyy has 90 seconds left.
|
|t:|1781224627
|switch|p2a: Barraskewda|Barraskewda, F|100/100
|move|p1a: Cinderace|U-turn|p2a: Barraskewda
|-damage|p2a: Barraskewda|65/100
|inactive|Clummsyyy has 60 seconds left.
|
|t:|1781224655
|switch|p1a: Dondozo|Dondozo, F|87/100|[from] U-turn
|
|-weather|RainDance|[upkeep]
|-heal|p1a: Dondozo|93/100|[from] item: Leftovers
|upkeep
|turn|32
|
|t:|1781224663
|move|p2a: Barraskewda|Flip Turn|p1a: Dondozo
|-resisted|p1a: Dondozo
|-crit|p1a: Dondozo
|-damage|p1a: Dondozo|68/100
|
|t:|1781224666
|switch|p2a: Toxicroak|Toxicroak, F|59/100|[from] Flip Turn
|move|p1a: Dondozo|Body Press|p2a: Toxicroak
|-resisted|p2a: Toxicroak
|-crit|p2a: Toxicroak
|-damage|p2a: Toxicroak|39/100
|-damage|p1a: Dondozo|51/100|[from] item: Rocky Helmet|[of] p2a: Toxicroak
|
|-weather|none
|-heal|p1a: Dondozo|58/100|[from] item: Leftovers
|upkeep
|turn|33
|inactive|Clummsyyy has 60 seconds left.
|
|t:|1781224700
|move|p2a: Toxicroak|Encore|p1a: Dondozo
|-start|p1a: Dondozo|Encore
|move|p1a: Dondozo|Body Press|p2a: Toxicroak
|-resisted|p2a: Toxicroak
|-damage|p2a: Toxicroak|26/100
|-damage|p1a: Dondozo|41/100|[from] item: Rocky Helmet|[of] p2a: Toxicroak
|
|-heal|p1a: Dondozo|47/100|[from] item: Leftovers
|upkeep
|turn|34
|
|t:|1781224726
|switch|p2a: Barraskewda|Barraskewda, F|65/100
|switch|p1a: Corviknight|Corviknight, M|67/100
|-ability|p1a: Corviknight|Pressure
|
|upkeep
|turn|35
|
|t:|1781224732
|move|p2a: Barraskewda|Liquidation|p1a: Corviknight
|-damage|p1a: Corviknight|25/100
|move|p1a: Corviknight|Brave Bird|p2a: Barraskewda
|-damage|p2a: Barraskewda|0 fnt
|faint|p2a: Barraskewda
|-damage|p1a: Corviknight|11/100|[from] Recoil
|
|upkeep
|
|t:|1781224745
|switch|p2a: Zapdos|Zapdos, tera:Flying|2/100
|turn|36
|
|t:|1781224774
|move|p2a: Zapdos|Volt Switch|p1a: Corviknight
|-supereffective|p1a: Corviknight
|-crit|p1a: Corviknight
|-damage|p1a: Corviknight|0 fnt
|faint|p1a: Corviknight
|
|t:|1781224776
|switch|p2a: Toxicroak|Toxicroak, F|26/100|[from] Volt Switch
|
|upkeep
|
|t:|1781224798
|switch|p1a: Slowking|Slowking-Galar, M|88/100
|turn|37
|
|t:|1781224807
|-terastallize|p1a: Slowking|Water
|move|p2a: Toxicroak|Knock Off|p1a: Slowking
|-damage|p1a: Slowking|63/100
|-enditem|p1a: Slowking|Heavy-Duty Boots|[from] move: Knock Off|[of] p2a: Toxicroak
|move|p1a: Slowking|Future Sight|p2a: Toxicroak
|-start|p1a: Slowking|move: Future Sight
|
|upkeep
|turn|38
|-message|teamskullenoxa forfeited.
|
|win|Clummsyyy
|raw|Clummsyyy's rating: 1585 &rarr; <strong>1601</strong><br />(+16 for winning)
|raw|teamskullenoxa's rating: 1520 &rarr; <strong>1504</strong><br />(-16 for losing)
|l|☆teamskullenoxa
|player|p2|
