|j|☆KurisuChestnutOU
|j|☆M0onStarr
|t:|1781162156
|gametype|singles
|player|p1|KurisuChestnutOU|may-contest|1532
|player|p2|M0onStarr|266|1545
|gen|9
|tier|[Gen 9] OU
|rated|
|rule|HP Percentage Mod: HP is shown in percentages
|rule|Endless Battle Clause: Forcing endless battles is banned
|rule|Species Clause: Limit one of each Pokémon
|rule|OHKO Clause: OHKO moves are banned
|rule|Evasion Items Clause: Evasion items are banned
|rule|Evasion Moves Clause: Evasion moves are banned
|rule|Evasion Abilities Clause: Evasion abilities are banned
|rule|Sleep Moves Clause: Sleep-inducing moves are banned
|clearpoke
|poke|p1|Zamazenta-*|
|poke|p1|Zapdos|
|poke|p1|Garganacl, M|
|poke|p1|Clefable, M|
|poke|p1|Samurott-Hisui, M|
|poke|p1|Gholdengo|
|poke|p2|Klefki, F|
|poke|p2|Regieleki|
|poke|p2|Raging Bolt|
|poke|p2|Ceruledge, M|
|poke|p2|Iron Crown|
|poke|p2|Great Tusk|
|teampreview
|inactive|Battle timer is ON: inactive players will automatically lose when time's up. (requested by KurisuChestnutOU)
|
|t:|1781162168
|teamsize|p1|6
|teamsize|p2|6
|start
|switch|p1a: Garganacl|Garganacl, M|100/100
|switch|p2a: Regieleki|Regieleki|100/100
|turn|1
|
|t:|1781162183
|move|p2a: Regieleki|Thunderbolt|p1a: Garganacl
|-damage|p1a: Garganacl|51/100
|move|p1a: Garganacl|Stealth Rock|p2a: Regieleki
|-sidestart|p2: M0onStarr|move: Stealth Rock
|
|-heal|p1a: Garganacl|58/100|[from] item: Leftovers
|upkeep
|turn|2
|
|t:|1781162188
|switch|p2a: Great Tusk|Great Tusk|100/100
|move|p1a: Garganacl|Earthquake|p2a: Great Tusk
|-damage|p2a: Great Tusk|84/100
|
|-heal|p1a: Garganacl|64/100|[from] item: Leftovers
|upkeep
|turn|3
|
|t:|1781162193
|switch|p1a: Zapdos|Zapdos|100/100
|move|p2a: Great Tusk|Rapid Spin|p1a: Zapdos
|-damage|p1a: Zapdos|87/100
|-boost|p2a: Great Tusk|spe|1
|-sideend|p2: M0onStarr|Stealth Rock|[from] move: Rapid Spin|[of] p2a: Great Tusk
|
|upkeep
|turn|4
|
|t:|1781162199
|-end|p2a: Great Tusk|Protosynthesis|[silent]
|switch|p2a: Raging Bolt|Raging Bolt|100/100
|-enditem|p2a: Raging Bolt|Booster Energy
|-activate|p2a: Raging Bolt|ability: Protosynthesis|[fromitem]
|-start|p2a: Raging Bolt|protosynthesisspa
|switch|p1a: Zamazenta|Zamazenta|100/100
|-ability|p1a: Zamazenta|Dauntless Shield|boost
|-boost|p1a: Zamazenta|def|1
|
|upkeep
|turn|5
|
|t:|1781162205
|move|p1a: Zamazenta|Body Press|p2a: Raging Bolt
|-crit|p2a: Raging Bolt
|-damage|p2a: Raging Bolt|37/100
|move|p2a: Raging Bolt|Thunderbolt|p1a: Zamazenta
|-damage|p1a: Zamazenta|48/100
|
|-heal|p1a: Zamazenta|54/100|[from] item: Leftovers
|upkeep
|turn|6
|
|t:|1781162210
|move|p1a: Zamazenta|Body Press|p2a: Raging Bolt
|-damage|p2a: Raging Bolt|0 fnt
|faint|p2a: Raging Bolt
|-end|p2a: Raging Bolt|Protosynthesis|[silent]
|
|-heal|p1a: Zamazenta|60/100|[from] item: Leftovers
|upkeep
|
|t:|1781162235
|switch|p2a: Klefki|Klefki, F|100/100
|turn|7
|
|t:|1781162240
|move|p2a: Klefki|Spikes|p1a: Zamazenta
|-sidestart|p1: KurisuChestnutOU|Spikes
|move|p1a: Zamazenta|Body Press|p2a: Klefki
|-damage|p2a: Klefki|61/100
|
|-heal|p1a: Zamazenta|66/100|[from] item: Leftovers
|upkeep
|turn|8
|
|t:|1781162250
|move|p2a: Klefki|Spikes|p1a: Zamazenta
|-sidestart|p1: KurisuChestnutOU|Spikes
|move|p1a: Zamazenta|Body Press|p2a: Klefki
|-damage|p2a: Klefki|21/100
|
|-heal|p1a: Zamazenta|73/100|[from] item: Leftovers
|upkeep
|turn|9
|
|t:|1781162257
|move|p2a: Klefki|Thunder Wave|p1a: Zamazenta
|-status|p1a: Zamazenta|par
|move|p1a: Zamazenta|Iron Defense|p1a: Zamazenta
|-boost|p1a: Zamazenta|def|2
|
|-heal|p1a: Zamazenta|79/100 par|[from] item: Leftovers
|upkeep
|turn|10
|
|t:|1781162262
|switch|p1a: Samurott|Samurott-Hisui, M|100/100
|-damage|p1a: Samurott|84/100|[from] Spikes
|move|p2a: Klefki|Spikes|p1a: Samurott
|-sidestart|p1: KurisuChestnutOU|Spikes
|
|upkeep
|turn|11
|
|t:|1781162267
|move|p2a: Klefki|Thunder Wave|p1a: Samurott
|-hint|Since gen 7, Dark is immune to Prankster moves.
|-immune|p1a: Samurott
|move|p1a: Samurott|Ceaseless Edge|p2a: Klefki
|-resisted|p2a: Klefki
|-damage|p2a: Klefki|4/100
|-sidestart|p2: M0onStarr|Spikes
|
|upkeep
|turn|12
|
|t:|1781162276
|move|p2a: Klefki|Switcheroo|p1a: Samurott
|-hint|Since gen 7, Dark is immune to Prankster moves.
|-immune|p1a: Samurott
|move|p1a: Samurott|Ceaseless Edge|p2a: Klefki
|-resisted|p2a: Klefki
|-damage|p2a: Klefki|0 fnt
|-sidestart|p2: M0onStarr|Spikes
|faint|p2a: Klefki
|
|upkeep
|
|t:|1781162290
|switch|p2a: Regieleki|Regieleki|100/100
|-damage|p2a: Regieleki|84/100|[from] Spikes
|turn|13
|
|t:|1781162294
|switch|p1a: Zamazenta|Zamazenta|79/100 par
|-damage|p1a: Zamazenta|54/100 par|[from] Spikes
|move|p2a: Regieleki|Thunderbolt|p1a: Zamazenta
|-damage|p1a: Zamazenta|0 fnt
|faint|p1a: Zamazenta
|
|upkeep
|
|t:|1781162299
|switch|p1a: Samurott|Samurott-Hisui, M|84/100
|-damage|p1a: Samurott|59/100|[from] Spikes
|turn|14
|
|t:|1781162307
|switch|p2a: Great Tusk|Great Tusk|84/100
|-terastallize|p1a: Samurott|Dark
|move|p1a: Samurott|Sucker Punch||[still]
|-fail|p1a: Samurott
|
|upkeep
|turn|15
|
|t:|1781162314
|switch|p1a: Zapdos|Zapdos|87/100
|move|p2a: Great Tusk|Rapid Spin|p1a: Zapdos
|-damage|p1a: Zapdos|75/100
|-boost|p2a: Great Tusk|spe|1
|-sideend|p2: M0onStarr|Spikes|[from] move: Rapid Spin|[of] p2a: Great Tusk
|
|upkeep
|turn|16
|
|t:|1781162318
|move|p2a: Great Tusk|Stealth Rock|p1a: Zapdos
|-sidestart|p1: KurisuChestnutOU|move: Stealth Rock
|move|p1a: Zapdos|Roost|p1a: Zapdos
|-heal|p1a: Zapdos|100/100
|-singleturn|p1a: Zapdos|move: Roost
|
|upkeep
|turn|17
|
|t:|1781162333
|-end|p2a: Great Tusk|Protosynthesis|[silent]
|switch|p2a: Ceruledge|Ceruledge, M|100/100
|move|p1a: Zapdos|Hurricane|p2a: Ceruledge
|-damage|p2a: Ceruledge|50/100
|
|upkeep
|turn|18
|
|t:|1781162337
|move|p2a: Ceruledge|Bitter Blade|p1a: Zapdos
|-damage|p1a: Zapdos|66/100
|-heal|p2a: Ceruledge|72/100|[from] drain|[of] p1a: Zapdos
|move|p1a: Zapdos|Volt Switch|p2a: Ceruledge
|-damage|p2a: Ceruledge|35/100
|
|t:|1781162341
|switch|p1a: Samurott|Samurott-Hisui, M, tera:Dark|59/100|[from] Volt Switch
|-damage|p1a: Samurott|34/100|[from] Spikes
|-damage|p1a: Samurott|22/100|[from] Stealth Rock
|
|upkeep
|turn|19
|
|t:|1781162348
|move|p2a: Ceruledge|Shadow Sneak|p1a: Samurott
|-resisted|p1a: Samurott
|-damage|p1a: Samurott|10/100
|move|p1a: Samurott|Ceaseless Edge|p2a: Ceruledge
|-supereffective|p2a: Ceruledge
|-damage|p2a: Ceruledge|0 fnt
|-sidestart|p2: M0onStarr|Spikes
|faint|p2a: Ceruledge
|
|upkeep
|
|t:|1781162355
|switch|p2a: Great Tusk|Great Tusk|84/100
|turn|20
|
|t:|1781162363
|switch|p1a: Gholdengo|Gholdengo|100/100
|-damage|p1a: Gholdengo|76/100|[from] Spikes
|-damage|p1a: Gholdengo|70/100|[from] Stealth Rock
|move|p2a: Great Tusk|Ice Spinner|p1a: Gholdengo
|-resisted|p1a: Gholdengo
|-damage|p1a: Gholdengo|53/100
|
|upkeep
|turn|21
|
|t:|1781162369
|move|p1a: Gholdengo|Shadow Ball|p2a: Great Tusk
|-damage|p2a: Great Tusk|20/100
|move|p2a: Great Tusk|Headlong Rush|p1a: Gholdengo
|-supereffective|p1a: Gholdengo
|-damage|p1a: Gholdengo|0 fnt
|-unboost|p2a: Great Tusk|def|1
|-unboost|p2a: Great Tusk|spd|1
|faint|p1a: Gholdengo
|
|upkeep
|
|t:|1781162379
|switch|p1a: Clefable|Clefable, M|100/100
|turn|22
|
|t:|1781162387
|switch|p1a: Samurott|Samurott-Hisui, M, tera:Dark|10/100
|-damage|p1a: Samurott|0 fnt|[from] Spikes
|faint|p1a: Samurott
|move|p2a: Great Tusk|Headlong Rush|p1: Samurott|[notarget]
|-fail|p2a: Great Tusk
|
|upkeep
|
|t:|1781162393
|switch|p1a: Zapdos|Zapdos|66/100
|turn|23
|
|t:|1781162398
|move|p2a: Great Tusk|Ice Spinner|p1a: Zapdos
|-supereffective|p1a: Zapdos
|-damage|p1a: Zapdos|25/100
|-status|p2a: Great Tusk|par|[from] ability: Static|[of] p1a: Zapdos
|move|p1a: Zapdos|Roost|p1a: Zapdos
|-heal|p1a: Zapdos|75/100
|-singleturn|p1a: Zapdos|move: Roost
|
|upkeep
|turn|24
|
|t:|1781162404
|move|p1a: Zapdos|Roost|p1a: Zapdos
|-heal|p1a: Zapdos|100/100
|-singleturn|p1a: Zapdos|move: Roost
|move|p2a: Great Tusk|Rapid Spin|p1a: Zapdos
|-damage|p1a: Zapdos|87/100
|-boost|p2a: Great Tusk|spe|1
|-sideend|p2: M0onStarr|Spikes|[from] move: Rapid Spin|[of] p2a: Great Tusk
|
|upkeep
|turn|25
|
|t:|1781162410
|move|p1a: Zapdos|Hurricane|p2a: Great Tusk
|-supereffective|p2a: Great Tusk
|-damage|p2a: Great Tusk|0 fnt
|faint|p2a: Great Tusk
|-end|p2a: Great Tusk|Protosynthesis|[silent]
|
|upkeep
|
|t:|1781162415
|switch|p2a: Regieleki|Regieleki|84/100
|turn|26
|
|t:|1781162423
|-terastallize|p2a: Regieleki|Electric
|move|p2a: Regieleki|Thunderbolt|p1a: Zapdos
|-damage|p1a: Zapdos|0 fnt
|faint|p1a: Zapdos
|
|upkeep
|
|t:|1781162426
|switch|p1a: Clefable|Clefable, M|100/100
|turn|27
|
|t:|1781162430
|move|p2a: Regieleki|Thunderbolt|p1a: Clefable
|-damage|p1a: Clefable|6/100
|move|p1a: Clefable|Moonblast|p2a: Regieleki
|-damage|p2a: Regieleki|21/100
|
|upkeep
|turn|28
|
|t:|1781162438
|move|p2a: Regieleki|Thunderbolt|p1a: Clefable
|-damage|p1a: Clefable|0 fnt
|faint|p1a: Clefable
|
|upkeep
|
|t:|1781162441
|switch|p1a: Garganacl|Garganacl, M|64/100
|-damage|p1a: Garganacl|39/100|[from] Spikes
|-damage|p1a: Garganacl|26/100|[from] Stealth Rock
|turn|29
|
|t:|1781162448
|move|p2a: Regieleki|Thunderbolt|p1a: Garganacl
|-damage|p1a: Garganacl|0 fnt
|faint|p1a: Garganacl
|
|win|M0onStarr
|raw|KurisuChestnutOU's rating: 1542 &rarr; <strong>1522</strong><br />(-20 for losing)
|raw|M0onStarr's rating: 1545 &rarr; <strong>1565</strong><br />(+20 for winning)
|l|☆KurisuChestnutOU
|player|p1|
|l|☆M0onStarr
|player|p2|
