|j|☆Paper snakes
|j|☆ur doggo
|t:|1781525421
|gametype|singles
|player|p1|Paper snakes|266|1480
|player|p2|ur doggo|102|1541
|gen|9
|tier|[Gen 9] OU
|rated|
|rule|HP Percentage Mod: HP is shown in percentages
|rule|Endless Battle Clause: Forcing endless battles is banned
|rule|Species Clause: Limit one of each Pokémon
|rule|OHKO Clause: OHKO moves are banned
|rule|Evasion Items Clause: Evasion items are banned
|rule|Evasion Moves Clause: Evasion moves are banned
|rule|Evasion Abilities Clause: Evasion abilities are banned
|rule|Sleep Moves Clause: Sleep-inducing moves are banned
|clearpoke
|poke|p1|Flamigo, F|
|poke|p1|Reuniclus, M|
|poke|p1|Great Tusk|
|poke|p1|Scizor, F|
|poke|p1|Eelektross, F|
|poke|p1|Samurott-Hisui, F|
|poke|p2|Latios, M|
|poke|p2|Darkrai|
|poke|p2|Pecharunt|
|poke|p2|Ting-Lu|
|poke|p2|Corviknight, M|
|poke|p2|Dragonite, F|
|teampreview
|
|t:|1781525448
|teamsize|p1|6
|teamsize|p2|6
|start
|switch|p1a: Reuniclus|Reuniclus, M|100/100
|switch|p2a: Corviknight|Corviknight, M|100/100
|-ability|p2a: Corviknight|Pressure
|turn|1
|
|t:|1781525455
|move|p2a: Corviknight|U-turn|p1a: Reuniclus
|-supereffective|p1a: Reuniclus
|-damage|p1a: Reuniclus|70/100
|
|t:|1781525460
|switch|p2a: Ting-Lu|Ting-Lu|100/100|[from] U-turn
|-ability|p2a: Ting-Lu|Vessel of Ruin
|move|p1a: Reuniclus|Future Sight|p2a: Ting-Lu
|-start|p1a: Reuniclus|move: Future Sight
|
|upkeep
|turn|2
|
|t:|1781525475
|switch|p1a: Eelektross|Eelektross, F|100/100
|move|p2a: Ting-Lu|Stealth Rock|p1a: Eelektross
|-sidestart|p1: Paper snakes|move: Stealth Rock
|
|upkeep
|turn|3
|
|t:|1781525487
|move|p1a: Eelektross|Close Combat|p2a: Ting-Lu
|-supereffective|p2a: Ting-Lu
|-damage|p2a: Ting-Lu|57/100
|-unboost|p1a: Eelektross|def|1
|-unboost|p1a: Eelektross|spd|1
|move|p2a: Ting-Lu|Spikes|p1a: Eelektross
|-sidestart|p1: Paper snakes|Spikes
|
|-end|p2a: Ting-Lu|move: Future Sight
|-immune|p2a: Ting-Lu
|-heal|p2a: Ting-Lu|63/100|[from] item: Leftovers
|upkeep
|turn|4
|
|t:|1781525518
|switch|p2a: Pecharunt|Pecharunt|100/100
|move|p1a: Eelektross|U-turn|p2a: Pecharunt
|-resisted|p2a: Pecharunt
|-damage|p2a: Pecharunt|97/100
|
|t:|1781525524
|switch|p1a: Reuniclus|Reuniclus, M|100/100|[from] U-turn
|-damage|p1a: Reuniclus|88/100|[from] Stealth Rock
|-damage|p1a: Reuniclus|76/100|[from] Spikes
|
|upkeep
|turn|5
|
|t:|1781525537
|switch|p2a: Ting-Lu|Ting-Lu|63/100
|-ability|p2a: Ting-Lu|Vessel of Ruin
|move|p1a: Reuniclus|Future Sight|p2a: Ting-Lu
|-start|p1a: Reuniclus|move: Future Sight
|
|-heal|p2a: Ting-Lu|69/100|[from] item: Leftovers
|upkeep
|turn|6
|
|t:|1781525550
|switch|p1a: Eelektross|Eelektross, F|100/100
|-damage|p1a: Eelektross|88/100|[from] Stealth Rock
|move|p2a: Ting-Lu|Spikes|p1a: Eelektross
|-sidestart|p1: Paper snakes|Spikes
|
|-heal|p2a: Ting-Lu|75/100|[from] item: Leftovers
|upkeep
|turn|7
|
|t:|1781525556
|move|p1a: Eelektross|Close Combat|p2a: Ting-Lu
|-supereffective|p2a: Ting-Lu
|-damage|p2a: Ting-Lu|28/100
|-unboost|p1a: Eelektross|def|1
|-unboost|p1a: Eelektross|spd|1
|move|p2a: Ting-Lu|Ruination|p1a: Eelektross
|-damage|p1a: Eelektross|44/100
|
|-end|p2a: Ting-Lu|move: Future Sight
|-immune|p2a: Ting-Lu
|-heal|p2a: Ting-Lu|34/100|[from] item: Leftovers
|upkeep
|turn|8
|
|t:|1781525563
|switch|p2a: Pecharunt|Pecharunt|97/100
|move|p1a: Eelektross|U-turn|p2a: Pecharunt
|-resisted|p2a: Pecharunt
|-damage|p2a: Pecharunt|93/100
|
|t:|1781525568
|switch|p1a: Reuniclus|Reuniclus, M|100/100|[from] U-turn
|-damage|p1a: Reuniclus|88/100|[from] Stealth Rock
|-damage|p1a: Reuniclus|72/100|[from] Spikes
|
|upkeep
|turn|9
|
|t:|1781525573
|move|p2a: Pecharunt|Malignant Chain|p1a: Reuniclus
|-damage|p1a: Reuniclus|44/100
|move|p1a: Reuniclus|Psychic Noise|p2a: Pecharunt
|-supereffective|p2a: Pecharunt
|-damage|p2a: Pecharunt|0 fnt
|faint|p2a: Pecharunt
|
|upkeep
|
|t:|1781525578
|switch|p2a: Darkrai|Darkrai|100/100
|turn|10
|
|t:|1781525583
|switch|p1a: Flamigo|Flamigo, F|100/100
|-damage|p1a: Flamigo|88/100|[from] Stealth Rock
|move|p2a: Darkrai|Knock Off|p1a: Flamigo
|-resisted|p1a: Flamigo
|-damage|p1a: Flamigo|67/100
|-enditem|p1a: Flamigo|Assault Vest|[from] move: Knock Off|[of] p2a: Darkrai
|
|upkeep
|turn|11
|
|t:|1781525594
|move|p2a: Darkrai|Ice Beam|p1a: Flamigo
|-supereffective|p1a: Flamigo
|-damage|p1a: Flamigo|0 fnt
|faint|p1a: Flamigo
|
|upkeep
|
|t:|1781525600
|switch|p1a: Scizor|Scizor, F|100/100
|-damage|p1a: Scizor|88/100|[from] Stealth Rock
|-damage|p1a: Scizor|72/100|[from] Spikes
|turn|12
|
|t:|1781525603
|switch|p2a: Corviknight|Corviknight, M|100/100
|-ability|p2a: Corviknight|Pressure
|move|p1a: Scizor|Defog|p2a: Corviknight
|-unboost|p2a: Corviknight|evasion|1
|-sideend|p1: Paper snakes|Spikes|[from] move: Defog|[of] p1a: Scizor
|-sideend|p1: Paper snakes|Stealth Rock|[from] move: Defog|[of] p1a: Scizor
|
|upkeep
|turn|13
|
|t:|1781525621
|switch|p1a: Samurott|Samurott-Hisui, F|100/100
|move|p2a: Corviknight|U-turn|p1a: Samurott
|-supereffective|p1a: Samurott
|-damage|p1a: Samurott|66/100
|
|t:|1781525628
|switch|p2a: Darkrai|Darkrai|100/100|[from] U-turn
|
|upkeep
|turn|14
|
|t:|1781525649
|move|p1a: Samurott|Sacred Sword|p2a: Darkrai
|-supereffective|p2a: Darkrai
|-damage|p2a: Darkrai|0 fnt
|faint|p2a: Darkrai
|
|upkeep
|
|t:|1781525656
|switch|p2a: Latios|Latios, M|100/100
|turn|15
|
|t:|1781525662
|switch|p1a: Scizor|Scizor, F|72/100
|move|p2a: Latios|Aura Sphere|p1a: Scizor
|-damage|p1a: Scizor|39/100
|
|upkeep
|turn|16
|
|t:|1781525674
|switch|p2a: Corviknight|Corviknight, M|100/100
|-ability|p2a: Corviknight|Pressure
|move|p1a: Scizor|U-turn|p2a: Corviknight
|-resisted|p2a: Corviknight
|-damage|p2a: Corviknight|88/100
|
|t:|1781525681
|switch|p1a: Reuniclus|Reuniclus, M|78/100|[from] U-turn
|
|-heal|p2a: Corviknight|94/100|[from] item: Leftovers
|upkeep
|turn|17
|
|t:|1781525698
|move|p2a: Corviknight|U-turn|p1a: Reuniclus
|-supereffective|p1a: Reuniclus
|-damage|p1a: Reuniclus|47/100
|
|t:|1781525701
|switch|p2a: Ting-Lu|Ting-Lu|34/100|[from] U-turn
|-ability|p2a: Ting-Lu|Vessel of Ruin
|move|p1a: Reuniclus|Future Sight|p2a: Ting-Lu
|-start|p1a: Reuniclus|move: Future Sight
|
|-heal|p2a: Ting-Lu|40/100|[from] item: Leftovers
|upkeep
|turn|18
|
|t:|1781525709
|switch|p1a: Eelektross|Eelektross, F|44/100
|move|p2a: Ting-Lu|Stealth Rock|p1a: Eelektross
|-sidestart|p1: Paper snakes|move: Stealth Rock
|
|-heal|p2a: Ting-Lu|46/100|[from] item: Leftovers
|upkeep
|turn|19
|
|t:|1781525720
|move|p1a: Eelektross|U-turn|p2a: Ting-Lu
|-supereffective|p2a: Ting-Lu
|-damage|p2a: Ting-Lu|20/100
|
|t:|1781525723
|switch|p1a: Great Tusk|Great Tusk|100/100|[from] U-turn
|-damage|p1a: Great Tusk|97/100|[from] Stealth Rock
|move|p2a: Ting-Lu|Spikes|p1a: Great Tusk
|-sidestart|p1: Paper snakes|Spikes
|
|-end|p2a: Ting-Lu|move: Future Sight
|-immune|p2a: Ting-Lu
|-heal|p2a: Ting-Lu|26/100|[from] item: Leftovers
|upkeep
|turn|20
|
|t:|1781525742
|switch|p2a: Corviknight|Corviknight, M|94/100
|-ability|p2a: Corviknight|Pressure
|move|p1a: Great Tusk|Rapid Spin|p2a: Corviknight
|-resisted|p2a: Corviknight
|-damage|p2a: Corviknight|88/100
|-boost|p1a: Great Tusk|spe|1
|-sideend|p1: Paper snakes|Spikes|[from] move: Rapid Spin|[of] p1a: Great Tusk
|-sideend|p1: Paper snakes|Stealth Rock|[from] move: Rapid Spin|[of] p1a: Great Tusk
|
|-heal|p2a: Corviknight|94/100|[from] item: Leftovers
|upkeep
|turn|21
|
|t:|1781525752
|move|p1a: Great Tusk|Stealth Rock|p2a: Corviknight
|-sidestart|p2: ur doggo|move: Stealth Rock
|move|p2a: Corviknight|Brave Bird|p1a: Great Tusk
|-supereffective|p1a: Great Tusk
|-damage|p1a: Great Tusk|58/100
|-damage|p2a: Corviknight|78/100|[from] item: Rocky Helmet|[of] p1a: Great Tusk
|-damage|p2a: Corviknight|65/100|[from] Recoil
|
|-heal|p2a: Corviknight|71/100|[from] item: Leftovers
|upkeep
|turn|22
|
|t:|1781525767
|-end|p1a: Great Tusk|Protosynthesis|[silent]
|switch|p1a: Reuniclus|Reuniclus, M|81/100
|move|p2a: Corviknight|Bulk Up|p2a: Corviknight
|-boost|p2a: Corviknight|atk|1
|-boost|p2a: Corviknight|def|1
|
|-heal|p2a: Corviknight|77/100|[from] item: Leftovers
|upkeep
|turn|23
|
|t:|1781525819
|move|p2a: Corviknight|Brave Bird|p1a: Reuniclus
|-damage|p1a: Reuniclus|23/100
|-damage|p2a: Corviknight|57/100|[from] Recoil
|move|p1a: Reuniclus|Future Sight|p2a: Corviknight
|-start|p1a: Reuniclus|move: Future Sight
|
|-heal|p2a: Corviknight|63/100|[from] item: Leftovers
|upkeep
|turn|24
|
|t:|1781525827
|switch|p1a: Eelektross|Eelektross, F|44/100
|move|p2a: Corviknight|Brave Bird|p1a: Eelektross
|-resisted|p1a: Eelektross
|-damage|p1a: Eelektross|10/100
|-damage|p2a: Corviknight|54/100|[from] Recoil
|
|-heal|p2a: Corviknight|60/100|[from] item: Leftovers
|upkeep
|turn|25
|
|t:|1781525844
|switch|p2a: Ting-Lu|Ting-Lu|26/100
|-damage|p2a: Ting-Lu|20/100|[from] Stealth Rock
|-ability|p2a: Ting-Lu|Vessel of Ruin
|move|p1a: Eelektross|Close Combat|p2a: Ting-Lu
|-supereffective|p2a: Ting-Lu
|-damage|p2a: Ting-Lu|0 fnt
|-unboost|p1a: Eelektross|def|1
|-unboost|p1a: Eelektross|spd|1
|faint|p2a: Ting-Lu
|
|-hint|Future Sight did not hit because the target is fainted.
|upkeep
|
|t:|1781525848
|switch|p2a: Latios|Latios, M|100/100
|-damage|p2a: Latios|88/100|[from] Stealth Rock
|turn|26
|
|t:|1781525897
|move|p2a: Latios|Aura Sphere|p1a: Eelektross
|-damage|p1a: Eelektross|0 fnt
|faint|p1a: Eelektross
|
|upkeep
|inactive|Battle timer is ON: inactive players will automatically lose when time's up. (requested by ur doggo)
|
|t:|1781525920
|switch|p1a: Scizor|Scizor, F|39/100
|turn|27
|
|t:|1781525945
|switch|p2a: Corviknight|Corviknight, M|60/100
|-damage|p2a: Corviknight|48/100|[from] Stealth Rock
|-ability|p2a: Corviknight|Pressure
|move|p1a: Scizor|Knock Off|p2a: Corviknight
|-damage|p2a: Corviknight|0 fnt
|-enditem|p2a: Corviknight|Leftovers|[from] move: Knock Off|[of] p1a: Scizor
|faint|p2a: Corviknight
|
|upkeep
|
|t:|1781525952
|switch|p2a: Dragonite|Dragonite, F|100/100
|turn|28
|
|t:|1781525960
|switch|p1a: Great Tusk|Great Tusk|58/100
|move|p2a: Dragonite|Low Kick|p1a: Great Tusk
|-damage|p1a: Great Tusk|35/100
|-damage|p2a: Dragonite|84/100|[from] item: Rocky Helmet|[of] p1a: Great Tusk
|
|upkeep
|turn|29
|-message|ur doggo forfeited.
|
|win|Paper snakes
|raw|Paper snakes's rating: 1480 &rarr; <strong>1503</strong><br />(+23 for winning)
|raw|ur doggo's rating: 1541 &rarr; <strong>1518</strong><br />(-23 for losing)
|l|☆ur doggo
|player|p2|
