|j|☆Galarian Blades
|j|‽LT_Alt1
|t:|1781175239
|gametype|singles
|player|p1|Galarian Blades|#capplxiwutangclants|1746
|player|p2|LT_Alt1|266|1675
|gen|9
|tier|[Gen 9] OU
|rated|
|rule|HP Percentage Mod: HP is shown in percentages
|rule|Endless Battle Clause: Forcing endless battles is banned
|rule|Species Clause: Limit one of each Pokémon
|rule|OHKO Clause: OHKO moves are banned
|rule|Evasion Items Clause: Evasion items are banned
|rule|Evasion Moves Clause: Evasion moves are banned
|rule|Evasion Abilities Clause: Evasion abilities are banned
|rule|Sleep Moves Clause: Sleep-inducing moves are banned
|clearpoke
|poke|p1|Zamazenta-*|
|poke|p1|Dragonite, F|
|poke|p1|Kyurem|
|poke|p1|Hatterene, F|
|poke|p1|Kingambit, M|
|poke|p1|Landorus-Therian, M|
|poke|p2|Kyurem|
|poke|p2|Raging Bolt|
|poke|p2|Hatterene, F|
|poke|p2|Slowking-Galar, M|
|poke|p2|Ting-Lu|
|poke|p2|Corviknight, F|
|teampreview
|inactive|Battle timer is ON: inactive players will automatically lose when time's up. (requested by Galarian Blades)
|
|t:|1781175252
|teamsize|p1|6
|teamsize|p2|6
|start
|switch|p1a: Kyurem|Kyurem|100/100
|switch|p2a: Kyurem|Kyurem|100/100
|-ability|p2a: Kyurem|Pressure
|-ability|p1a: Kyurem|Pressure
|turn|1
|
|t:|1781175259
|switch|p2a: Slowking|Slowking-Galar, M|100/100
|switch|p1a: Hatterene|Hatterene, F|100/100
|
|upkeep
|turn|2
|
|t:|1781175264
|switch|p1a: Kingambit|Kingambit, M|100/100
|move|p2a: Slowking|Sludge Bomb|p1a: Kingambit
|-immune|p1a: Kingambit
|
|upkeep
|turn|3
|
|t:|1781175277
|move|p1a: Kingambit|Swords Dance|p1a: Kingambit
|-boost|p1a: Kingambit|atk|2
|move|p2a: Slowking|Flamethrower|p1a: Kingambit
|-supereffective|p1a: Kingambit
|-damage|p1a: Kingambit|54/100
|
|-heal|p1a: Kingambit|61/100|[from] item: Leftovers
|upkeep
|turn|4
|
|t:|1781175288
|switch|p2a: Ting-Lu|Ting-Lu|100/100
|-ability|p2a: Ting-Lu|Vessel of Ruin
|move|p1a: Kingambit|Iron Head|p2a: Ting-Lu
|-damage|p2a: Ting-Lu|51/100
|
|-heal|p1a: Kingambit|67/100|[from] item: Leftovers
|-heal|p2a: Ting-Lu|58/100|[from] item: Leftovers
|upkeep
|turn|5
|
|t:|1781175297
|switch|p2a: Corviknight|Corviknight, F|100/100
|-ability|p2a: Corviknight|Pressure
|move|p1a: Kingambit|Low Kick|p2a: Corviknight
|-damage|p2a: Corviknight|58/100
|-damage|p1a: Kingambit|50/100|[from] item: Rocky Helmet|[of] p2a: Corviknight
|
|-heal|p1a: Kingambit|57/100|[from] item: Leftovers
|upkeep
|turn|6
|
|t:|1781175305
|-end|p1a: Kingambit|fallenundefined|[silent]
|switch|p1a: Landorus|Landorus-Therian, M|100/100
|-ability|p1a: Landorus|Intimidate|boost
|-unboost|p2a: Corviknight|atk|1
|move|p2a: Corviknight|Body Press|p1a: Landorus
|-resisted|p1a: Landorus
|-damage|p1a: Landorus|92/100
|-damage|p2a: Corviknight|41/100|[from] item: Rocky Helmet|[of] p1a: Landorus
|
|upkeep
|turn|7
|
|t:|1781175309
|switch|p2a: Hatterene|Hatterene, F|100/100
|move|p1a: Landorus|Smack Down|p2a: Hatterene
|-damage|p2a: Hatterene|87/100
|
|-heal|p2a: Hatterene|93/100|[from] item: Leftovers
|upkeep
|turn|8
|
|t:|1781175320
|switch|p2a: Corviknight|Corviknight, F|41/100
|-ability|p2a: Corviknight|Pressure
|move|p1a: Landorus|Sandsear Storm|p2a: Corviknight
|-immune|p2a: Corviknight
|
|upkeep
|turn|9
|
|t:|1781175322
|move|p1a: Landorus|Smack Down|p2a: Corviknight
|-damage|p2a: Corviknight|31/100
|-start|p2a: Corviknight|Smack Down
|move|p2a: Corviknight|Roost|p2a: Corviknight
|-heal|p2a: Corviknight|81/100
|-singleturn|p2a: Corviknight|move: Roost
|
|upkeep
|turn|10
|
|t:|1781175328
|switch|p2a: Ting-Lu|Ting-Lu|58/100
|-ability|p2a: Ting-Lu|Vessel of Ruin
|move|p1a: Landorus|Sandsear Storm|p2a: Ting-Lu
|-damage|p2a: Ting-Lu|40/100
|
|-heal|p2a: Ting-Lu|46/100|[from] item: Leftovers
|upkeep
|turn|11
|
|t:|1781175337
|move|p1a: Landorus|U-turn|p2a: Ting-Lu
|-supereffective|p2a: Ting-Lu
|-damage|p2a: Ting-Lu|26/100
|
|t:|1781175339
|switch|p1a: Hatterene|Hatterene, F|100/100|[from] U-turn
|move|p2a: Ting-Lu|Ruination|p1a: Hatterene
|-damage|p1a: Hatterene|51/100
|
|-heal|p2a: Ting-Lu|33/100|[from] item: Leftovers
|upkeep
|turn|12
|
|t:|1781175352
|switch|p1a: Kyurem|Kyurem|100/100
|-ability|p1a: Kyurem|Pressure
|move|p2a: Ting-Lu|Ruination|p1a: Kyurem
|-damage|p1a: Kyurem|51/100
|
|-heal|p2a: Ting-Lu|39/100|[from] item: Leftovers
|upkeep
|turn|13
|
|t:|1781175356
|switch|p2a: Slowking|Slowking-Galar, M|100/100
|move|p1a: Kyurem|Ice Beam|p2a: Slowking
|-damage|p2a: Slowking|67/100
|-status|p2a: Slowking|frz
|
|upkeep
|turn|14
|
|t:|1781175362
|move|p1a: Kyurem|Earth Power|p2a: Slowking
|-supereffective|p2a: Slowking
|-enditem|p2a: Slowking|Shuca Berry|[eat]
|-enditem|p2a: Slowking|Shuca Berry|[weaken]
|-damage|p2a: Slowking|47/100 frz
|-prepare|p2a: Slowking|Chilly Reception|[premajor]
|cant|p2a: Slowking|frz
|
|upkeep
|turn|15
|
|t:|1781175365
|switch|p2a: Hatterene|Hatterene, F|93/100
|move|p1a: Kyurem|Earth Power|p2a: Hatterene
|-damage|p2a: Hatterene|65/100
|
|-heal|p2a: Hatterene|71/100|[from] item: Leftovers
|upkeep
|turn|16
|
|t:|1781175376
|-terastallize|p1a: Kyurem|Steel
|move|p1a: Kyurem|Flash Cannon|p2a: Hatterene
|-supereffective|p2a: Hatterene
|-damage|p2a: Hatterene|0 fnt
|faint|p2a: Hatterene
|
|upkeep
|
|t:|1781175383
|switch|p2a: Kyurem|Kyurem|100/100
|-ability|p2a: Kyurem|Pressure
|turn|17
|
|t:|1781175390
|switch|p1a: Landorus|Landorus-Therian, M|92/100
|-ability|p1a: Landorus|Intimidate|boost
|-unboost|p2a: Kyurem|atk|1
|move|p2a: Kyurem|Earth Power|p1a: Landorus
|-immune|p1a: Landorus
|
|upkeep
|turn|18
|
|t:|1781175394
|switch|p2a: Corviknight|Corviknight, F|81/100
|-ability|p2a: Corviknight|Pressure
|move|p1a: Landorus|Stealth Rock|p2a: Corviknight
|-sidestart|p2: LT_Alt1|move: Stealth Rock
|
|upkeep
|turn|19
|
|t:|1781175399
|move|p1a: Landorus|Smack Down|p2a: Corviknight
|-damage|p2a: Corviknight|72/100
|-start|p2a: Corviknight|Smack Down
|move|p2a: Corviknight|Defog|p1a: Landorus
|-unboost|p1a: Landorus|evasion|1
|-sideend|p2: LT_Alt1|Stealth Rock|[from] move: Defog|[of] p2a: Corviknight
|
|upkeep
|turn|20
|
|t:|1781175403
|switch|p2a: Ting-Lu|Ting-Lu|39/100
|-ability|p2a: Ting-Lu|Vessel of Ruin
|move|p1a: Landorus|Stealth Rock|p2a: Ting-Lu
|-sidestart|p2: LT_Alt1|move: Stealth Rock
|
|-heal|p2a: Ting-Lu|45/100|[from] item: Leftovers
|upkeep
|turn|21
|
|t:|1781175409
|move|p1a: Landorus|U-turn|p2a: Ting-Lu
|-supereffective|p2a: Ting-Lu
|-damage|p2a: Ting-Lu|26/100
|
|t:|1781175411
|switch|p1a: Hatterene|Hatterene, F|51/100|[from] U-turn
|move|p2a: Ting-Lu|Ruination|p1a: Hatterene
|-damage|p1a: Hatterene|26/100
|
|-heal|p2a: Ting-Lu|32/100|[from] item: Leftovers
|upkeep
|turn|22
|
|t:|1781175415
|switch|p1a: Kyurem|Kyurem, tera:Steel|51/100
|-ability|p1a: Kyurem|Pressure
|move|p2a: Ting-Lu|Earthquake|p1a: Kyurem
|-supereffective|p1a: Kyurem
|-damage|p1a: Kyurem|0 fnt
|faint|p1a: Kyurem
|
|-heal|p2a: Ting-Lu|38/100|[from] item: Leftovers
|upkeep
|
|t:|1781175420
|switch|p1a: Zamazenta|Zamazenta|100/100
|-ability|p1a: Zamazenta|Dauntless Shield|boost
|-boost|p1a: Zamazenta|def|1
|turn|23
|
|t:|1781175427
|move|p1a: Zamazenta|Close Combat|p2a: Ting-Lu
|-supereffective|p2a: Ting-Lu
|-damage|p2a: Ting-Lu|0 fnt
|-unboost|p1a: Zamazenta|def|1
|-unboost|p1a: Zamazenta|spd|1
|faint|p2a: Ting-Lu
|-damage|p1a: Zamazenta|91/100|[from] item: Life Orb
|
|upkeep
|
|t:|1781175435
|switch|p2a: Raging Bolt|Raging Bolt|100/100
|-damage|p2a: Raging Bolt|88/100|[from] Stealth Rock
|turn|24
|
|t:|1781175440
|move|p1a: Zamazenta|Close Combat|p2a: Raging Bolt
|-damage|p2a: Raging Bolt|23/100
|-unboost|p1a: Zamazenta|def|1
|-unboost|p1a: Zamazenta|spd|1
|-damage|p1a: Zamazenta|81/100|[from] item: Life Orb
|move|p2a: Raging Bolt|Draco Meteor|p1a: Zamazenta|[miss]
|-miss|p2a: Raging Bolt|p1a: Zamazenta
|
|upkeep
|turn|25
|
|t:|1781175452
|switch|p1a: Kingambit|Kingambit, M|57/100
|-activate|p1a: Kingambit|ability: Supreme Overlord
|-start|p1a: Kingambit|fallen1|[silent]
|move|p2a: Raging Bolt|Thunderclap||[still]
|-fail|p2a: Raging Bolt
|
|-heal|p1a: Kingambit|63/100|[from] item: Leftovers
|upkeep
|turn|26
|
|t:|1781175457
|move|p2a: Raging Bolt|Thunderbolt|p1a: Kingambit
|-damage|p1a: Kingambit|5/100
|move|p1a: Kingambit|Low Kick|p2a: Raging Bolt
|-damage|p2a: Raging Bolt|0 fnt
|faint|p2a: Raging Bolt
|-end|p2a: Raging Bolt|Protosynthesis|[silent]
|
|-heal|p1a: Kingambit|11/100|[from] item: Leftovers
|upkeep
|
|t:|1781175460
|switch|p2a: Corviknight|Corviknight, F|72/100
|-damage|p2a: Corviknight|59/100|[from] Stealth Rock
|-ability|p2a: Corviknight|Pressure
|turn|27
|
|t:|1781175468
|-end|p1a: Kingambit|fallen1|[silent]
|switch|p1a: Landorus|Landorus-Therian, M|92/100
|-ability|p1a: Landorus|Intimidate|boost
|-unboost|p2a: Corviknight|atk|1
|move|p2a: Corviknight|Roost|p2a: Corviknight
|-heal|p2a: Corviknight|100/100
|-singleturn|p2a: Corviknight|move: Roost
|
|upkeep
|turn|28
|
|t:|1781175471
|move|p1a: Landorus|Smack Down|p2a: Corviknight
|-damage|p2a: Corviknight|91/100
|-start|p2a: Corviknight|Smack Down
|move|p2a: Corviknight|Defog|p1a: Landorus
|-unboost|p1a: Landorus|evasion|1
|-sideend|p2: LT_Alt1|Stealth Rock|[from] move: Defog|[of] p2a: Corviknight
|
|upkeep
|turn|29
|
|t:|1781175474
|switch|p2a: Kyurem|Kyurem|100/100
|-ability|p2a: Kyurem|Pressure
|move|p1a: Landorus|Sandsear Storm|p2a: Kyurem
|-damage|p2a: Kyurem|66/100
|
|upkeep
|turn|30
|
|t:|1781175480
|switch|p1a: Kingambit|Kingambit, M|11/100
|-activate|p1a: Kingambit|ability: Supreme Overlord
|-start|p1a: Kingambit|fallen1|[silent]
|move|p2a: Kyurem|Freeze-Dry|p1a: Kingambit
|-resisted|p1a: Kingambit
|-damage|p1a: Kingambit|0 fnt
|faint|p1a: Kingambit
|-end|p1a: Kingambit|fallen1|[silent]
|
|upkeep
|
|t:|1781175490
|switch|p1a: Hatterene|Hatterene, F|26/100
|turn|31
|
|t:|1781175500
|move|p2a: Kyurem|Freeze-Dry|p1a: Hatterene
|-damage|p1a: Hatterene|0 fnt
|faint|p1a: Hatterene
|
|upkeep
|
|t:|1781175506
|switch|p1a: Zamazenta|Zamazenta|81/100
|turn|32
|
|t:|1781175509
|switch|p2a: Slowking|Slowking-Galar, M|80/100 frz
|move|p1a: Zamazenta|Close Combat|p2a: Slowking
|-resisted|p2a: Slowking
|-damage|p2a: Slowking|64/100 frz
|-unboost|p1a: Zamazenta|def|1
|-unboost|p1a: Zamazenta|spd|1
|-damage|p1a: Zamazenta|71/100|[from] item: Life Orb
|
|upkeep
|turn|33
|
|t:|1781175525
|move|p1a: Zamazenta|Crunch|p2a: Slowking
|-supereffective|p2a: Slowking
|-damage|p2a: Slowking|0 fnt
|faint|p2a: Slowking
|-damage|p1a: Zamazenta|61/100|[from] item: Life Orb
|
|upkeep
|
|t:|1781175530
|switch|p2a: Corviknight|Corviknight, F|91/100
|-ability|p2a: Corviknight|Pressure
|turn|34
|
|t:|1781175533
|switch|p1a: Landorus|Landorus-Therian, M|92/100
|-ability|p1a: Landorus|Intimidate|boost
|-unboost|p2a: Corviknight|atk|1
|move|p2a: Corviknight|Iron Defense|p2a: Corviknight
|-boost|p2a: Corviknight|def|2
|
|upkeep
|turn|35
|
|t:|1781175535
|switch|p2a: Kyurem|Kyurem|66/100
|-ability|p2a: Kyurem|Pressure
|move|p1a: Landorus|Stealth Rock|p2a: Kyurem
|-sidestart|p2: LT_Alt1|move: Stealth Rock
|
|upkeep
|turn|36
|
|t:|1781175559
|switch|p1a: Dragonite|Dragonite, F|100/100
|move|p2a: Kyurem|Blizzard|p1a: Dragonite
|-supereffective|p1a: Dragonite
|-damage|p1a: Dragonite|0 fnt
|faint|p1a: Dragonite
|
|upkeep
|
|t:|1781175562
|switch|p1a: Zamazenta|Zamazenta|61/100
|turn|37
|
|t:|1781175565
|move|p1a: Zamazenta|Close Combat|p2a: Kyurem
|-supereffective|p2a: Kyurem
|-damage|p2a: Kyurem|0 fnt
|-unboost|p1a: Zamazenta|def|1
|-unboost|p1a: Zamazenta|spd|1
|faint|p2a: Kyurem
|-damage|p1a: Zamazenta|51/100|[from] item: Life Orb
|
|upkeep
|
|t:|1781175567
|switch|p2a: Corviknight|Corviknight, F|91/100
|-damage|p2a: Corviknight|78/100|[from] Stealth Rock
|-ability|p2a: Corviknight|Pressure
|turn|38
|
|t:|1781175576
|switch|p1a: Landorus|Landorus-Therian, M|92/100
|-ability|p1a: Landorus|Intimidate|boost
|-unboost|p2a: Corviknight|atk|1
|move|p2a: Corviknight|Iron Defense|p2a: Corviknight
|-boost|p2a: Corviknight|def|2
|
|upkeep
|turn|39
|
|t:|1781175581
|move|p1a: Landorus|Smack Down|p2a: Corviknight
|-damage|p2a: Corviknight|73/100
|-start|p2a: Corviknight|Smack Down
|move|p2a: Corviknight|Iron Defense|p2a: Corviknight
|-boost|p2a: Corviknight|def|2
|
|upkeep
|turn|40
|
|t:|1781175584
|-terastallize|p2a: Corviknight|Dragon
|move|p1a: Landorus|Sandsear Storm|p2a: Corviknight
|-damage|p2a: Corviknight|38/100
|move|p2a: Corviknight|Roost|p2a: Corviknight
|-heal|p2a: Corviknight|88/100
|
|upkeep
|turn|41
|
|t:|1781175592
|move|p1a: Landorus|Sandsear Storm|p2a: Corviknight
|-damage|p2a: Corviknight|51/100
|move|p2a: Corviknight|Iron Defense|p2a: Corviknight
|-boost|p2a: Corviknight|def|2
|
|upkeep
|turn|42
|
|t:|1781175599
|move|p1a: Landorus|Sandsear Storm|p2a: Corviknight
|-damage|p2a: Corviknight|16/100
|move|p2a: Corviknight|Roost|p2a: Corviknight
|-heal|p2a: Corviknight|66/100
|
|upkeep
|turn|43
|
|t:|1781175603
|move|p1a: Landorus|Sandsear Storm|p2a: Corviknight
|-damage|p2a: Corviknight|34/100
|move|p2a: Corviknight|Roost|p2a: Corviknight
|-heal|p2a: Corviknight|84/100
|
|upkeep
|turn|44
|
|t:|1781175610
|move|p1a: Landorus|Sandsear Storm|p2a: Corviknight
|-damage|p2a: Corviknight|48/100
|move|p2a: Corviknight|Roost|p2a: Corviknight
|-heal|p2a: Corviknight|98/100
|
|upkeep
|turn|45
|
|t:|1781175618
|move|p1a: Landorus|Sandsear Storm|p2a: Corviknight|[miss]
|-miss|p1a: Landorus|p2a: Corviknight
|move|p2a: Corviknight|Roost|p2a: Corviknight
|-heal|p2a: Corviknight|100/100
|
|upkeep
|turn|46
|
|t:|1781175624
|move|p1a: Landorus|Smack Down|p2a: Corviknight
|-crit|p2a: Corviknight
|-damage|p2a: Corviknight|86/100
|move|p2a: Corviknight|Body Press|p1a: Landorus
|-resisted|p1a: Landorus
|-damage|p1a: Landorus|53/100
|-damage|p2a: Corviknight|70/100|[from] item: Rocky Helmet|[of] p1a: Landorus
|
|upkeep
|turn|47
|
|t:|1781175632
|move|p1a: Landorus|Smack Down|p2a: Corviknight
|-damage|p2a: Corviknight|67/100
|move|p2a: Corviknight|Body Press|p1a: Landorus
|-resisted|p1a: Landorus
|-damage|p1a: Landorus|19/100
|-damage|p2a: Corviknight|51/100|[from] item: Rocky Helmet|[of] p1a: Landorus
|
|upkeep
|turn|48
|
|t:|1781175635
|move|p1a: Landorus|Smack Down|p2a: Corviknight
|-damage|p2a: Corviknight|48/100
|move|p2a: Corviknight|Roost|p2a: Corviknight
|-heal|p2a: Corviknight|98/100
|
|upkeep
|turn|49
|
|t:|1781175639
|move|p1a: Landorus|Smack Down|p2a: Corviknight
|-damage|p2a: Corviknight|95/100
|move|p2a: Corviknight|Body Press|p1a: Landorus
|-resisted|p1a: Landorus
|-damage|p1a: Landorus|0 fnt
|-damage|p2a: Corviknight|79/100|[from] item: Rocky Helmet|[of] p1a: Landorus
|faint|p1a: Landorus
|
|upkeep
|
|t:|1781175642
|switch|p1a: Zamazenta|Zamazenta|51/100
|turn|50
|
|t:|1781175647
|move|p1a: Zamazenta|Stone Edge|p2a: Corviknight
|-damage|p2a: Corviknight|71/100
|-damage|p1a: Zamazenta|41/100|[from] item: Life Orb
|move|p2a: Corviknight|Body Press|p1a: Zamazenta
|-damage|p1a: Zamazenta|0 fnt
|faint|p1a: Zamazenta
|
|win|LT_Alt1
|raw|Galarian Blades's rating: 1746 &rarr; <strong>1721</strong><br />(-25 for losing)
|raw|LT_Alt1's rating: 1650 &rarr; <strong>1675</strong><br />(+25 for winning)
|c|☆Galarian Blades|gg
|l|☆Galarian Blades
|player|p1|
