|j|☆rockeater9000
|j|☆Greavard Squad
|t:|1780891948
|gametype|singles
|player|p1|rockeater9000|1|1645
|player|p2|Greavard Squad|picnicker|1612
|gen|9
|tier|[Gen 9] OU
|rated|
|rule|HP Percentage Mod: HP is shown in percentages
|rule|Endless Battle Clause: Forcing endless battles is banned
|rule|Species Clause: Limit one of each Pokémon
|rule|OHKO Clause: OHKO moves are banned
|rule|Evasion Items Clause: Evasion items are banned
|rule|Evasion Moves Clause: Evasion moves are banned
|rule|Evasion Abilities Clause: Evasion abilities are banned
|rule|Sleep Moves Clause: Sleep-inducing moves are banned
|clearpoke
|poke|p1|Greninja-*, M|
|poke|p1|Glimmora, F|
|poke|p1|Garchomp, F|
|poke|p1|Iron Valiant|
|poke|p1|Kingambit, F|
|poke|p1|Ceruledge, M|
|poke|p2|Great Tusk|
|poke|p2|Heatran, M|
|poke|p2|Weavile, M|
|poke|p2|Primarina, M|
|poke|p2|Ogerpon, F|
|poke|p2|Pecharunt|
|teampreview
|
|t:|1780891962
|teamsize|p1|6
|teamsize|p2|6
|start
|switch|p1a: Iron Valiant|Iron Valiant|100/100
|switch|p2a: Weavile|Weavile, M|100/100
|-ability|p2a: Weavile|Pressure
|-enditem|p1a: Iron Valiant|Booster Energy
|-activate|p1a: Iron Valiant|ability: Quark Drive|[fromitem]
|-start|p1a: Iron Valiant|quarkdrivespe
|turn|1
|
|t:|1780891967
|switch|p2a: Primarina|Primarina, M, shiny|100/100
|move|p1a: Iron Valiant|Moonblast|p2a: Primarina
|-damage|p2a: Primarina|77/100
|
|upkeep
|turn|2
|
|t:|1780891975
|move|p1a: Iron Valiant|Knock Off|p2a: Primarina
|-resisted|p2a: Primarina
|-damage|p2a: Primarina|60/100
|-enditem|p2a: Primarina|Assault Vest|[from] move: Knock Off|[of] p1a: Iron Valiant
|move|p2a: Primarina|Moonblast|p1a: Iron Valiant
|-supereffective|p1a: Iron Valiant
|-damage|p1a: Iron Valiant|0 fnt
|faint|p1a: Iron Valiant
|-end|p1a: Iron Valiant|Quark Drive|[silent]
|
|upkeep
|inactive|Battle timer is ON: inactive players will automatically lose when time's up. (requested by rockeater9000)
|
|t:|1780891983
|switch|p1a: Kingambit|Kingambit, F|100/100
|-activate|p1a: Kingambit|ability: Supreme Overlord
|-start|p1a: Kingambit|fallen1|[silent]
|turn|3
|
|t:|1780891986
|switch|p2a: Great Tusk|Great Tusk, shiny|100/100
|move|p1a: Kingambit|Iron Head|p2a: Great Tusk
|-damage|p2a: Great Tusk|65/100
|
|upkeep
|turn|4
|
|t:|1780892003
|-end|p1a: Kingambit|fallen1|[silent]
|switch|p1a: Ceruledge|Ceruledge, M|100/100
|-item|p1a: Ceruledge|Air Balloon
|move|p2a: Great Tusk|Headlong Rush|p1a: Ceruledge
|-immune|p1a: Ceruledge
|
|upkeep
|turn|5
|
|t:|1780892010
|-end|p2a: Great Tusk|Protosynthesis|[silent]
|switch|p2a: Primarina|Primarina, M, shiny|60/100
|move|p1a: Ceruledge|Swords Dance|p1a: Ceruledge
|-boost|p1a: Ceruledge|atk|2
|
|upkeep
|turn|6
|
|t:|1780892019
|-terastallize|p1a: Ceruledge|Ghost
|move|p1a: Ceruledge|Shadow Sneak|p2a: Primarina
|-damage|p2a: Primarina|0 fnt
|faint|p2a: Primarina
|
|upkeep
|
|t:|1780892023
|switch|p2a: Weavile|Weavile, M|100/100
|-ability|p2a: Weavile|Pressure
|turn|7
|
|t:|1780892040
|switch|p1a: Glimmora|Glimmora, F|100/100
|move|p2a: Weavile|Knock Off|p1a: Glimmora
|-damage|p1a: Glimmora|19/100
|-activate|p1a: Glimmora|ability: Toxic Debris
|-sidestart|p2: Greavard Squad|move: Toxic Spikes
|-enditem|p1a: Glimmora|Power Herb|[from] move: Knock Off|[of] p2a: Weavile
|
|upkeep
|turn|8
|
|t:|1780892047
|move|p2a: Weavile|Knock Off|p1a: Glimmora
|-damage|p1a: Glimmora|0 fnt
|-activate|p1a: Glimmora|ability: Toxic Debris
|-sidestart|p2: Greavard Squad|move: Toxic Spikes
|faint|p1a: Glimmora
|
|upkeep
|
|t:|1780892051
|switch|p1a: Kingambit|Kingambit, F|100/100
|-activate|p1a: Kingambit|ability: Supreme Overlord
|-start|p1a: Kingambit|fallen2|[silent]
|turn|9
|
|t:|1780892055
|switch|p2a: Great Tusk|Great Tusk, shiny|65/100
|move|p1a: Kingambit|Iron Head|p2a: Great Tusk
|-crit|p2a: Great Tusk
|-damage|p2a: Great Tusk|0 fnt
|faint|p2a: Great Tusk
|-end|p2a: Great Tusk|Protosynthesis|[silent]
|
|upkeep
|
|t:|1780892060
|switch|p2a: Pecharunt|Pecharunt|100/100
|-sideend|p2: Greavard Squad|move: Toxic Spikes|[of] p2a: Pecharunt
|turn|10
|
|t:|1780892063
|move|p2a: Pecharunt|Parting Shot|p1a: Kingambit
|-unboost|p1a: Kingambit|atk|1
|-unboost|p1a: Kingambit|spa|1
|
|t:|1780892068
|switch|p2a: Heatran|Heatran, M|100/100|[from] Parting Shot
|-item|p2a: Heatran|Air Balloon
|move|p1a: Kingambit|Kowtow Cleave|p2a: Heatran
|-damage|p2a: Heatran|55/100
|-enditem|p2a: Heatran|Air Balloon
|
|upkeep
|turn|11
|
|t:|1780892073
|-end|p1a: Kingambit|fallen2|[silent]
|switch|p1a: Greninja|Greninja, M|100/100
|move|p2a: Heatran|Magma Storm|p1a: Greninja|[miss]
|-miss|p2a: Heatran|p1a: Greninja
|
|upkeep
|turn|12
|
|t:|1780892077
|switch|p2a: Ogerpon|Ogerpon, F|100/100
|move|p1a: Greninja|Water Shuriken|p2a: Ogerpon
|-resisted|p2a: Ogerpon
|-damage|p2a: Ogerpon|97/100
|-resisted|p2a: Ogerpon
|-damage|p2a: Ogerpon|93/100
|-hitcount|p2a: Ogerpon|2
|
|upkeep
|turn|13
|
|t:|1780892083
|switch|p1a: Garchomp|Garchomp, F|100/100
|-terastallize|p2a: Ogerpon|Grass
|detailschange|p2a: Ogerpon|Ogerpon-Teal-Tera, F, tera:Grass
|-ability|p2a: Ogerpon|Embody Aspect (Teal)|boost
|-boost|p2a: Ogerpon|spe|1
|move|p2a: Ogerpon|Ivy Cudgel|p1a: Garchomp
|-damage|p1a: Garchomp|0 fnt
|faint|p1a: Garchomp
|
|upkeep
|
|t:|1780892089
|switch|p1a: Ceruledge|Ceruledge, M, tera:Ghost|100/100
|-item|p1a: Ceruledge|Air Balloon
|turn|14
|
|t:|1780892092
|move|p2a: Ogerpon|Ivy Cudgel|p1a: Ceruledge
|-crit|p1a: Ceruledge
|-damage|p1a: Ceruledge|0 fnt
|-enditem|p1a: Ceruledge|Air Balloon
|faint|p1a: Ceruledge
|
|upkeep
|
|t:|1780892098
|switch|p1a: Kingambit|Kingambit, F|100/100
|-activate|p1a: Kingambit|ability: Supreme Overlord
|-start|p1a: Kingambit|fallen4|[silent]
|turn|15
|
|t:|1780892101
|switch|p2a: Heatran|Heatran, M|55/100
|move|p1a: Kingambit|Kowtow Cleave|p2a: Heatran
|-damage|p2a: Heatran|0 fnt
|faint|p2a: Heatran
|
|upkeep
|
|t:|1780892104
|switch|p2a: Weavile|Weavile, M|100/100
|-ability|p2a: Weavile|Pressure
|turn|16
|
|t:|1780892107
|-end|p1a: Kingambit|fallen4|[silent]
|switch|p1a: Greninja|Greninja, M|100/100
|move|p2a: Weavile|Low Kick|p1a: Greninja
|-supereffective|p1a: Greninja
|-damage|p1a: Greninja|3/100
|-enditem|p1a: Greninja|Petaya Berry|[eat]
|-boost|p1a: Greninja|spa|1|[from] item: Petaya Berry
|
|upkeep
|turn|17
|
|t:|1780892113
|move|p1a: Greninja|Water Shuriken|p2a: Weavile
|-damage|p2a: Weavile|87/100
|-damage|p2a: Weavile|74/100
|-damage|p2a: Weavile|59/100
|-hitcount|p2a: Weavile|3
|move|p2a: Weavile|Low Kick|p1a: Greninja
|-supereffective|p1a: Greninja
|-damage|p1a: Greninja|0 fnt
|faint|p1a: Greninja
|
|upkeep
|
|t:|1780892114
|switch|p1a: Kingambit|Kingambit, F|100/100
|-activate|p1a: Kingambit|ability: Supreme Overlord
|-start|p1a: Kingambit|fallen5|[silent]
|turn|18
|
|t:|1780892117
|move|p1a: Kingambit|Sucker Punch|p2a: Weavile
|-resisted|p2a: Weavile
|-damage|p2a: Weavile|0 fnt
|faint|p2a: Weavile
|
|upkeep
|
|t:|1780892120
|switch|p2a: Pecharunt|Pecharunt|100/100
|turn|19
|
|t:|1780892123
|move|p2a: Pecharunt|Parting Shot|p1a: Kingambit
|-unboost|p1a: Kingambit|atk|1
|-unboost|p1a: Kingambit|spa|1
|
|t:|1780892124
|switch|p2a: Ogerpon|Ogerpon-Teal-Tera, F, tera:Grass|93/100|[from] Parting Shot
|-ability|p2a: Ogerpon|Embody Aspect (Teal)|boost
|-boost|p2a: Ogerpon|spe|1
|move|p1a: Kingambit|Swords Dance|p1a: Kingambit
|-boost|p1a: Kingambit|atk|2
|
|upkeep
|turn|20
|
|t:|1780892127
|move|p1a: Kingambit|Sucker Punch|p2a: Ogerpon
|-damage|p2a: Ogerpon|0 fnt
|faint|p2a: Ogerpon
|detailschange|p2: Ogerpon|Ogerpon, F|[silent]
|
|upkeep
|-message|Greavard Squad forfeited.
|
|win|rockeater9000
|raw|rockeater9000's rating: 1627 &rarr; <strong>1646</strong><br />(+19 for winning)
|raw|Greavard Squad's rating: 1612 &rarr; <strong>1593</strong><br />(-19 for losing)
|l|☆Greavard Squad
|player|p2|
|l|☆rockeater9000
|player|p1|
