|j|☆StarDio
|j|☆winslowyoudog
|t:|1781500320
|gametype|singles
|player|p1|StarDio|265|1661
|player|p2|winslowyoudog|265|1581
|gen|9
|tier|[Gen 9] OU
|rated|
|rule|HP Percentage Mod: HP is shown in percentages
|rule|Endless Battle Clause: Forcing endless battles is banned
|rule|Species Clause: Limit one of each Pokémon
|rule|OHKO Clause: OHKO moves are banned
|rule|Evasion Items Clause: Evasion items are banned
|rule|Evasion Moves Clause: Evasion moves are banned
|rule|Evasion Abilities Clause: Evasion abilities are banned
|rule|Sleep Moves Clause: Sleep-inducing moves are banned
|clearpoke
|poke|p1|Hoopa-Unbound|
|poke|p1|Pecharunt|
|poke|p1|Landorus-Therian, M|
|poke|p1|Cinderace, M|
|poke|p1|Alomomola, M|
|poke|p1|Iron Valiant|
|poke|p2|Quaquaval, M|
|poke|p2|Pecharunt|
|poke|p2|Raging Bolt|
|poke|p2|Iron Treads|
|poke|p2|Dragonite, F|
|poke|p2|Samurott-Hisui, F|
|teampreview
|inactive|Battle timer is ON: inactive players will automatically lose when time's up. (requested by StarDio)
|
|t:|1781500329
|teamsize|p1|6
|teamsize|p2|6
|start
|switch|p1a: Enten|Landorus-Therian, M, shiny|100/100
|switch|p2a: Samurott|Samurott-Hisui, F|100/100
|-ability|p1a: Enten|Intimidate|boost
|-unboost|p2a: Samurott|atk|1
|turn|1
|
|t:|1781500332
|move|p1a: Enten|U-turn|p2a: Samurott
|-supereffective|p2a: Samurott
|-damage|p2a: Samurott|38/100
|
|t:|1781500335
|switch|p1a: Calamity|Iron Valiant, shiny|100/100|[from] U-turn
|move|p2a: Samurott|Razor Shell|p1a: Calamity
|-damage|p1a: Calamity|59/100
|-unboost|p1a: Calamity|def|1
|
|upkeep
|turn|2
|
|t:|1781500339
|move|p1a: Calamity|Vacuum Wave|p2a: Samurott
|-supereffective|p2a: Samurott
|-damage|p2a: Samurott|0 fnt
|faint|p2a: Samurott
|
|upkeep
|
|t:|1781500345
|switch|p2a: Quaquaval|Quaquaval, M|100/100
|turn|3
|
|t:|1781500350
|-end|p1a: Calamity|Quark Drive|[silent]
|switch|p1a: Overseer|Pecharunt|100/100
|move|p2a: Quaquaval|Bulk Up|p2a: Quaquaval
|-boost|p2a: Quaquaval|atk|1
|-boost|p2a: Quaquaval|def|1
|
|upkeep
|turn|4
|
|t:|1781500353
|-terastallize|p2a: Quaquaval|Poison
|move|p2a: Quaquaval|Aqua Step|p1a: Overseer
|-damage|p1a: Overseer|79/100
|-boost|p2a: Quaquaval|spe|1
|move|p1a: Overseer|Malignant Chain|p2a: Quaquaval
|-resisted|p2a: Quaquaval
|-damage|p2a: Quaquaval|85/100
|
|-heal|p2a: Quaquaval|91/100|[from] item: Leftovers
|upkeep
|turn|5
|
|t:|1781500366
|move|p2a: Quaquaval|Aqua Step|p1a: Overseer
|-damage|p1a: Overseer|56/100
|-boost|p2a: Quaquaval|spe|1
|move|p1a: Overseer|Parting Shot|p2a: Quaquaval
|-unboost|p2a: Quaquaval|atk|1
|-unboost|p2a: Quaquaval|spa|1
|
|t:|1781500370
|switch|p1a: Enten|Landorus-Therian, M, shiny|100/100|[from] Parting Shot
|-ability|p1a: Enten|Intimidate|boost
|-unboost|p2a: Quaquaval|atk|1
|
|-heal|p2a: Quaquaval|98/100|[from] item: Leftovers
|upkeep
|turn|6
|
|t:|1781500375
|move|p2a: Quaquaval|Bulk Up|p2a: Quaquaval
|-boost|p2a: Quaquaval|atk|1
|-boost|p2a: Quaquaval|def|1
|move|p1a: Enten|Earthquake|p2a: Quaquaval
|-supereffective|p2a: Quaquaval
|-damage|p2a: Quaquaval|32/100
|
|-heal|p2a: Quaquaval|38/100|[from] item: Leftovers
|upkeep
|turn|7
|
|t:|1781500386
|switch|p1a: Pisces|Alomomola, M, shiny|100/100
|move|p2a: Quaquaval|Roost|p2a: Quaquaval
|-heal|p2a: Quaquaval|88/100
|
|-heal|p2a: Quaquaval|94/100|[from] item: Leftovers
|upkeep
|turn|8
|
|t:|1781500390
|move|p2a: Quaquaval|Bulk Up|p2a: Quaquaval
|-boost|p2a: Quaquaval|atk|1
|-boost|p2a: Quaquaval|def|1
|move|p1a: Pisces|Body Slam|p2a: Quaquaval
|-damage|p2a: Quaquaval|88/100
|-status|p2a: Quaquaval|par
|
|-heal|p2a: Quaquaval|94/100 par|[from] item: Leftovers
|upkeep
|turn|9
|
|t:|1781500405
|switch|p1a: Overseer|Pecharunt|56/100
|cant|p2a: Quaquaval|par
|
|-heal|p2a: Quaquaval|99/100 par|[from] item: Leftovers
|upkeep
|turn|10
|
|t:|1781500409
|move|p2a: Quaquaval|Bulk Up|p2a: Quaquaval
|-boost|p2a: Quaquaval|atk|1
|-boost|p2a: Quaquaval|def|1
|move|p1a: Overseer|Recover|p1a: Overseer
|-heal|p1a: Overseer|100/100
|
|-heal|p2a: Quaquaval|100/100 par|[from] item: Leftovers
|upkeep
|turn|11
|
|t:|1781500412
|move|p2a: Quaquaval|Bulk Up|p2a: Quaquaval
|-boost|p2a: Quaquaval|atk|1
|-boost|p2a: Quaquaval|def|1
|move|p1a: Overseer|Parting Shot|p2a: Quaquaval
|-unboost|p2a: Quaquaval|atk|1
|-unboost|p2a: Quaquaval|spa|1
|
|t:|1781500414
|switch|p1a: Enten|Landorus-Therian, M, shiny|100/100|[from] Parting Shot
|-ability|p1a: Enten|Intimidate|boost
|-unboost|p2a: Quaquaval|atk|1
|
|upkeep
|turn|12
|
|t:|1781500422
|move|p1a: Enten|Earthquake|p2a: Quaquaval
|-supereffective|p2a: Quaquaval
|-damage|p2a: Quaquaval|66/100 par
|move|p2a: Quaquaval|Aqua Step|p1a: Enten
|-supereffective|p1a: Enten
|-damage|p1a: Enten|0 fnt
|-boost|p2a: Quaquaval|spe|1
|faint|p1a: Enten
|-ability|p2a: Quaquaval|Moxie|boost
|-boost|p2a: Quaquaval|atk|1
|
|-heal|p2a: Quaquaval|72/100 par|[from] item: Leftovers
|upkeep
|
|t:|1781500433
|switch|p1a: Khaos|Hoopa-Unbound|100/100
|turn|13
|
|t:|1781500437
|move|p2a: Quaquaval|Aqua Step|p1a: Khaos
|-damage|p1a: Khaos|3/100
|-boost|p2a: Quaquaval|spe|1
|move|p1a: Khaos|Zen Headbutt|p2a: Quaquaval
|-supereffective|p2a: Quaquaval
|-damage|p2a: Quaquaval|18/100 par
|
|-heal|p2a: Quaquaval|24/100 par|[from] item: Leftovers
|upkeep
|turn|14
|
|t:|1781500441
|move|p2a: Quaquaval|Aqua Step|p1a: Khaos
|-damage|p1a: Khaos|0 fnt
|-boost|p2a: Quaquaval|spe|1
|faint|p1a: Khaos
|-ability|p2a: Quaquaval|Moxie|boost
|-boost|p2a: Quaquaval|atk|1
|
|-heal|p2a: Quaquaval|31/100 par|[from] item: Leftovers
|upkeep
|
|t:|1781500460
|switch|p1a: Calamity|Iron Valiant, shiny|59/100
|turn|15
|
|t:|1781500464
|cant|p2a: Quaquaval|par
|move|p1a: Calamity|Moonblast|p2a: Quaquaval
|-resisted|p2a: Quaquaval
|-damage|p2a: Quaquaval|0 fnt
|faint|p2a: Quaquaval
|
|upkeep
|
|t:|1781500472
|switch|p2a: Iron Treads|Iron Treads|100/100
|turn|16
|
|t:|1781500476
|-end|p1a: Calamity|Quark Drive|[silent]
|switch|p1a: Pisces|Alomomola, M, shiny|100/100
|move|p2a: Iron Treads|Knock Off|p1a: Pisces
|-damage|p1a: Pisces|81/100
|-enditem|p1a: Pisces|Assault Vest|[from] move: Knock Off|[of] p2a: Iron Treads
|
|upkeep
|turn|17
|
|t:|1781500481
|-end|p2a: Iron Treads|Quark Drive|[silent]
|switch|p2a: Raging Bolt|Raging Bolt|100/100
|move|p1a: Pisces|Flip Turn|p2a: Raging Bolt
|-resisted|p2a: Raging Bolt
|-damage|p2a: Raging Bolt|93/100
|
|t:|1781500486
|switch|p1a: Calamity|Iron Valiant, shiny|59/100|[from] Flip Turn
|
|upkeep
|turn|18
|
|t:|1781500490
|move|p2a: Raging Bolt|Thunderclap|p1a: Calamity
|-damage|p1a: Calamity|0 fnt
|faint|p1a: Calamity
|-end|p1a: Calamity|Quark Drive|[silent]
|
|upkeep
|
|t:|1781500493
|switch|p1a: Overseer|Pecharunt|100/100
|turn|19
|
|t:|1781500495
|-end|p2a: Raging Bolt|Protosynthesis|[silent]
|switch|p2a: Iron Treads|Iron Treads|100/100
|move|p1a: Overseer|Malignant Chain|p2a: Iron Treads
|-immune|p2a: Iron Treads
|
|upkeep
|turn|20
|
|t:|1781500499
|switch|p1a: Pisces|Alomomola, M, shiny|100/100
|move|p2a: Iron Treads|Earthquake|p1a: Pisces
|-damage|p1a: Pisces|66/100
|
|upkeep
|turn|21
|
|t:|1781500502
|-end|p2a: Iron Treads|Quark Drive|[silent]
|switch|p2a: Raging Bolt|Raging Bolt|93/100
|move|p1a: Pisces|Flip Turn|p2a: Raging Bolt
|-resisted|p2a: Raging Bolt
|-damage|p2a: Raging Bolt|85/100
|
|t:|1781500504
|switch|p1a: Liberacy|Cinderace, M, shiny|100/100|[from] Flip Turn
|
|upkeep
|turn|22
|
|t:|1781500509
|move|p1a: Liberacy|U-turn|p2a: Raging Bolt
|-start|p1a: Liberacy|typechange|Bug|[from] ability: Libero
|-damage|p2a: Raging Bolt|55/100
|
|t:|1781500511
|switch|p1a: Pisces|Alomomola, M, shiny|99/100|[from] U-turn
|move|p2a: Raging Bolt|Thunderbolt|p1a: Pisces
|-supereffective|p1a: Pisces
|-damage|p1a: Pisces|0 fnt
|faint|p1a: Pisces
|
|upkeep
|-message|StarDio forfeited.
|
|win|winslowyoudog
|raw|StarDio's rating: 1661 &rarr; <strong>1636</strong><br />(-25 for losing)
|raw|winslowyoudog's rating: 1581 &rarr; <strong>1606</strong><br />(+25 for winning)
|l|☆StarDio
|player|p1|
|l|☆winslowyoudog
|player|p2|
