|j|☆Palm X
|j|☆dia-sre
|t:|1781114467
|gametype|singles
|player|p1|Palm X|caitlin|1646
|player|p2|dia-sre|2|1782
|gen|9
|tier|[Gen 9] OU
|rated|
|rule|HP Percentage Mod: HP is shown in percentages
|rule|Endless Battle Clause: Forcing endless battles is banned
|rule|Species Clause: Limit one of each Pokémon
|rule|OHKO Clause: OHKO moves are banned
|rule|Evasion Items Clause: Evasion items are banned
|rule|Evasion Moves Clause: Evasion moves are banned
|rule|Evasion Abilities Clause: Evasion abilities are banned
|rule|Sleep Moves Clause: Sleep-inducing moves are banned
|clearpoke
|poke|p1|Dragapult, F|
|poke|p1|Zamazenta-*|
|poke|p1|Slowking-Galar, F|
|poke|p1|Moltres|
|poke|p1|Ting-Lu|
|poke|p1|Weezing-Galar, F|
|poke|p2|Azumarill, F|
|poke|p2|Dragapult, F|
|poke|p2|Garchomp, M|
|poke|p2|Weezing-Galar, F|
|poke|p2|Gholdengo|
|poke|p2|Enamorus, F|
|teampreview
|inactive|Battle timer is ON: inactive players will automatically lose when time's up. (requested by Palm X)
|
|t:|1781114495
|teamsize|p1|6
|teamsize|p2|6
|start
|switch|p1a: BoySlowDown😭😂✌️|Slowking-Galar, F, shiny|100/100
|switch|p2a: Dragapult|Dragapult, F|100/100
|turn|1
|
|t:|1781114501
|-terastallize|p2a: Dragapult|Dragon
|move|p2a: Dragapult|Dragon Darts|p1a: BoySlowDown😭😂✌️
|-damage|p1a: BoySlowDown😭😂✌️|43/100
|-anim|p2a: Dragapult|Dragon Darts|p1a: BoySlowDown😭😂✌️
|-damage|p1a: BoySlowDown😭😂✌️|0 fnt
|faint|p1a: BoySlowDown😭😂✌️
|
|upkeep
|
|t:|1781114509
|switch|p1a: Perc Nowitzki|Weezing-Galar, F|100/100
|-ability|p1a: Perc Nowitzki|Neutralizing Gas
|turn|2
|
|t:|1781114539
|switch|p2a: Gholdengo|Gholdengo|100/100
|move|p1a: Perc Nowitzki|Will-O-Wisp|p2a: Gholdengo
|-status|p2a: Gholdengo|brn
|
|-damage|p2a: Gholdengo|94/100 brn|[from] brn
|upkeep
|turn|3
|
|t:|1781114548
|-end|p1a: Perc Nowitzki|ability: Neutralizing Gas
|switch|p1a: LuLu on dat BUTT|Ting-Lu|100/100
|-ability|p1a: LuLu on dat BUTT|Vessel of Ruin
|move|p2a: Gholdengo|Make It Rain|p1a: LuLu on dat BUTT
|-damage|p1a: LuLu on dat BUTT|73/100
|-unboost|p2a: Gholdengo|spa|1
|
|-heal|p1a: LuLu on dat BUTT|79/100|[from] item: Leftovers
|-damage|p2a: Gholdengo|88/100 brn|[from] brn
|upkeep
|turn|4
|
|t:|1781114552
|switch|p2a: Dragapult|Dragapult, F, tera:Dragon|100/100
|move|p1a: LuLu on dat BUTT|Ruination|p2a: Dragapult
|-damage|p2a: Dragapult|51/100
|
|-heal|p1a: LuLu on dat BUTT|85/100|[from] item: Leftovers
|upkeep
|turn|5
|
|t:|1781114555
|switch|p1a: NoDominicanPapi|Moltres, shiny|100/100
|move|p2a: Dragapult|U-turn|p1a: NoDominicanPapi
|-resisted|p1a: NoDominicanPapi
|-damage|p1a: NoDominicanPapi|94/100
|-status|p2a: Dragapult|brn|[from] ability: Flame Body|[of] p1a: NoDominicanPapi
|
|t:|1781114559
|switch|p2a: Garchomp|Garchomp, M|100/100|[from] U-turn
|
|upkeep
|turn|6
|
|t:|1781114564
|move|p2a: Garchomp|Stealth Rock|p1a: NoDominicanPapi
|-sidestart|p1: Palm X|move: Stealth Rock
|move|p1a: NoDominicanPapi|Will-O-Wisp|p2a: Garchomp
|-status|p2a: Garchomp|brn
|
|-damage|p2a: Garchomp|94/100 brn|[from] brn
|upkeep
|turn|7
|
|t:|1781114571
|switch|p1a: Perc Nowitzki|Weezing-Galar, F|100/100
|-ability|p1a: Perc Nowitzki|Neutralizing Gas
|move|p2a: Garchomp|Spikes|p1a: Perc Nowitzki
|-sidestart|p1: Palm X|Spikes
|
|-damage|p2a: Garchomp|88/100 brn|[from] brn
|upkeep
|turn|8
|
|t:|1781114575
|move|p2a: Garchomp|Earthquake|p1a: Perc Nowitzki
|-supereffective|p1a: Perc Nowitzki
|-damage|p1a: Perc Nowitzki|70/100
|move|p1a: Perc Nowitzki|Strange Steam|p2a: Garchomp
|-supereffective|p2a: Garchomp
|-damage|p2a: Garchomp|41/100 brn
|
|-damage|p2a: Garchomp|35/100 brn|[from] brn
|upkeep
|turn|9
|
|t:|1781114582
|move|p2a: Garchomp|Earthquake|p1a: Perc Nowitzki
|-supereffective|p1a: Perc Nowitzki
|-damage|p1a: Perc Nowitzki|40/100
|move|p1a: Perc Nowitzki|Defog|p2a: Garchomp
|-unboost|p2a: Garchomp|evasion|1
|-sideend|p1: Palm X|Spikes|[from] move: Defog|[of] p1a: Perc Nowitzki
|-sideend|p1: Palm X|Stealth Rock|[from] move: Defog|[of] p1a: Perc Nowitzki
|
|-damage|p2a: Garchomp|29/100 brn|[from] brn
|upkeep
|turn|10
|
|t:|1781114585
|move|p2a: Garchomp|Stealth Rock|p1a: Perc Nowitzki
|-sidestart|p1: Palm X|move: Stealth Rock
|move|p1a: Perc Nowitzki|Strange Steam|p2a: Garchomp
|-supereffective|p2a: Garchomp
|-damage|p2a: Garchomp|0 fnt
|faint|p2a: Garchomp
|
|upkeep
|
|t:|1781114589
|switch|p2a: Enamorus|Enamorus, F|100/100
|turn|11
|
|t:|1781114595
|-end|p1a: Perc Nowitzki|ability: Neutralizing Gas
|switch|p1a: NoDominicanPapi|Moltres, shiny|94/100
|move|p2a: Enamorus|Calm Mind|p2a: Enamorus
|-boost|p2a: Enamorus|spa|1
|-boost|p2a: Enamorus|spd|1
|
|upkeep
|turn|12
|
|t:|1781114598
|move|p2a: Enamorus|Calm Mind|p2a: Enamorus
|-boost|p2a: Enamorus|spa|1
|-boost|p2a: Enamorus|spd|1
|move|p1a: NoDominicanPapi|Hurricane|p2a: Enamorus
|-damage|p2a: Enamorus|67/100
|
|upkeep
|turn|13
|
|t:|1781114601
|move|p2a: Enamorus|Calm Mind|p2a: Enamorus
|-boost|p2a: Enamorus|spa|1
|-boost|p2a: Enamorus|spd|1
|move|p1a: NoDominicanPapi|Hurricane|p2a: Enamorus|[miss]
|-miss|p1a: NoDominicanPapi|p2a: Enamorus
|
|upkeep
|turn|14
|
|t:|1781114604
|switch|p1a: LuLu on dat BUTT|Ting-Lu|85/100
|-damage|p1a: LuLu on dat BUTT|79/100|[from] Stealth Rock
|-ability|p1a: LuLu on dat BUTT|Vessel of Ruin
|move|p2a: Enamorus|Moonblast|p1a: LuLu on dat BUTT
|-supereffective|p1a: LuLu on dat BUTT
|-damage|p1a: LuLu on dat BUTT|0 fnt
|faint|p1a: LuLu on dat BUTT
|
|upkeep
|
|t:|1781114612
|switch|p1a: BillionsMustIDef|Zamazenta|100/100
|-damage|p1a: BillionsMustIDef|94/100|[from] Stealth Rock
|-ability|p1a: BillionsMustIDef|Dauntless Shield|boost
|-boost|p1a: BillionsMustIDef|def|1
|turn|15
|
|t:|1781114619
|switch|p2a: Dragapult|Dragapult, F, tera:Dragon|51/100 brn
|move|p1a: BillionsMustIDef|Stone Edge|p2a: Dragapult
|-damage|p2a: Dragapult|10/100 brn
|
|-heal|p1a: BillionsMustIDef|100/100|[from] item: Leftovers
|-damage|p2a: Dragapult|4/100 brn|[from] brn
|upkeep
|turn|16
|
|t:|1781114626
|switch|p1a: NoDominicanPapi|Moltres, shiny|94/100
|move|p2a: Dragapult|U-turn|p1a: NoDominicanPapi
|-resisted|p1a: NoDominicanPapi
|-damage|p1a: NoDominicanPapi|91/100
|
|t:|1781114637
|switch|p2a: Azumarill|Azumarill, F|100/100|[from] U-turn
|
|upkeep
|turn|17
|
|t:|1781114639
|move|p1a: NoDominicanPapi|Will-O-Wisp|p2a: Azumarill
|-status|p2a: Azumarill|brn
|move|p2a: Azumarill|Knock Off|p1a: NoDominicanPapi
|-damage|p1a: NoDominicanPapi|76/100
|-enditem|p1a: NoDominicanPapi|Heavy-Duty Boots|[from] move: Knock Off|[of] p2a: Azumarill
|
|-damage|p2a: Azumarill|94/100 brn|[from] brn
|upkeep
|turn|18
|
|t:|1781114644
|switch|p2a: Dragapult|Dragapult, F, tera:Dragon|4/100 brn
|move|p1a: NoDominicanPapi|Hurricane|p2a: Dragapult
|-damage|p2a: Dragapult|0 fnt
|faint|p2a: Dragapult
|
|upkeep
|
|t:|1781114651
|switch|p2a: Gholdengo|Gholdengo|88/100 brn
|turn|19
|
|t:|1781114654
|move|p2a: Gholdengo|Thunderbolt|p1a: NoDominicanPapi
|-supereffective|p1a: NoDominicanPapi
|-damage|p1a: NoDominicanPapi|13/100
|move|p1a: NoDominicanPapi|Flamethrower|p2a: Gholdengo
|-supereffective|p2a: Gholdengo
|-damage|p2a: Gholdengo|0 fnt
|faint|p2a: Gholdengo
|
|upkeep
|
|t:|1781114658
|switch|p2a: Enamorus|Enamorus, F|67/100
|turn|20
|
|t:|1781114661
|move|p2a: Enamorus|Moonblast|p1a: NoDominicanPapi
|-resisted|p1a: NoDominicanPapi
|-damage|p1a: NoDominicanPapi|0 fnt
|faint|p1a: NoDominicanPapi
|
|upkeep
|
|t:|1781114663
|switch|p1a: BillionsMustIDef|Zamazenta|100/100
|-damage|p1a: BillionsMustIDef|94/100|[from] Stealth Rock
|turn|21
|
|t:|1781114666
|switch|p1a: Dragoonette|Dragapult, F, shiny|100/100
|switch|p2a: Weezing|Weezing-Galar, F|100/100
|
|upkeep
|turn|22
|
|t:|1781114680
|switch|p2a: Azumarill|Azumarill, F|94/100 brn
|move|p1a: Dragoonette|Thunder Wave||[still]
|-fail|p1a: Dragoonette
|
|-damage|p2a: Azumarill|88/100 brn|[from] brn
|upkeep
|turn|23
|
|t:|1781114684
|move|p1a: Dragoonette|U-turn|p2a: Azumarill
|-resisted|p2a: Azumarill
|-damage|p2a: Azumarill|76/100 brn
|
|t:|1781114687
|switch|p1a: Perc Nowitzki|Weezing-Galar, F|40/100|[from] U-turn
|-ability|p1a: Perc Nowitzki|Neutralizing Gas
|move|p2a: Azumarill|Knock Off|p1a: Perc Nowitzki
|-resisted|p1a: Perc Nowitzki
|-damage|p1a: Perc Nowitzki|37/100
|-enditem|p1a: Perc Nowitzki|Heavy-Duty Boots|[from] move: Knock Off|[of] p2a: Azumarill
|
|-damage|p2a: Azumarill|70/100 brn|[from] brn
|upkeep
|turn|24
|
|t:|1781114692
|switch|p2a: Enamorus|Enamorus, F|67/100
|move|p1a: Perc Nowitzki|Pain Split|p2a: Enamorus
|-sethp|p2a: Enamorus|55/100|[from] move: Pain Split|[silent]
|-sethp|p1a: Perc Nowitzki|48/100|[from] move: Pain Split
|
|upkeep
|turn|25
|
|t:|1781114702
|move|p2a: Enamorus|Earth Power|p1a: Perc Nowitzki
|-supereffective|p1a: Perc Nowitzki
|-damage|p1a: Perc Nowitzki|0 fnt
|faint|p1a: Perc Nowitzki
|-end|p1a: Perc Nowitzki|ability: Neutralizing Gas
|
|upkeep
|
|t:|1781114708
|switch|p1a: BillionsMustIDef|Zamazenta|94/100
|-damage|p1a: BillionsMustIDef|88/100|[from] Stealth Rock
|turn|26
|
|t:|1781114716
|move|p1a: BillionsMustIDef|Stone Edge|p2a: Enamorus
|-supereffective|p2a: Enamorus
|-damage|p2a: Enamorus|0 fnt
|faint|p2a: Enamorus
|
|-heal|p1a: BillionsMustIDef|94/100|[from] item: Leftovers
|upkeep
|
|t:|1781114718
|switch|p2a: Weezing|Weezing-Galar, F|100/100
|turn|27
|
|t:|1781114724
|switch|p1a: Dragoonette|Dragapult, F, shiny|100/100
|move|p2a: Weezing|Strange Steam|p1a: Dragoonette
|-supereffective|p1a: Dragoonette
|-damage|p1a: Dragoonette|17/100
|
|upkeep
|turn|28
|
|t:|1781114728
|switch|p2a: Azumarill|Azumarill, F|70/100 brn
|move|p1a: Dragoonette|Hex|p2a: Azumarill
|-crit|p2a: Azumarill
|-damage|p2a: Azumarill|20/100 brn
|
|-damage|p2a: Azumarill|14/100 brn|[from] brn
|upkeep
|turn|29
|
|t:|1781114734
|move|p2a: Azumarill|Aqua Jet|p1a: Dragoonette
|-resisted|p1a: Dragoonette
|-damage|p1a: Dragoonette|8/100
|move|p1a: Dragoonette|Hex|p2a: Azumarill
|-damage|p2a: Azumarill|0 fnt
|faint|p2a: Azumarill
|
|upkeep
|
|t:|1781114736
|switch|p2a: Weezing|Weezing-Galar, F|100/100
|turn|30
|
|t:|1781114738
|move|p1a: Dragoonette|Hex|p2a: Weezing
|-damage|p2a: Weezing|61/100
|move|p2a: Weezing|Strange Steam|p1a: Dragoonette
|-supereffective|p1a: Dragoonette
|-damage|p1a: Dragoonette|0 fnt
|faint|p1a: Dragoonette
|
|upkeep
|
|t:|1781114741
|switch|p1a: BillionsMustIDef|Zamazenta|94/100
|-damage|p1a: BillionsMustIDef|88/100|[from] Stealth Rock
|turn|31
|
|t:|1781114747
|-terastallize|p1a: BillionsMustIDef|Fire
|move|p1a: BillionsMustIDef|Stone Edge|p2a: Weezing
|-damage|p2a: Weezing|37/100
|move|p2a: Weezing|Will-O-Wisp|p1a: BillionsMustIDef
|-immune|p1a: BillionsMustIDef
|
|-heal|p1a: BillionsMustIDef|94/100|[from] item: Leftovers
|upkeep
|turn|32
|
|t:|1781114752
|move|p1a: BillionsMustIDef|Stone Edge|p2a: Weezing
|-damage|p2a: Weezing|15/100
|move|p2a: Weezing|Strange Steam|p1a: BillionsMustIDef
|-resisted|p1a: BillionsMustIDef
|-damage|p1a: BillionsMustIDef|84/100
|
|-heal|p1a: BillionsMustIDef|90/100|[from] item: Leftovers
|upkeep
|turn|33
|-enditem|p2a: Weezing|Custap Berry|[eat]
|-activate|p2a: Weezing|item: Custap Berry|[consumed]
|
|t:|1781114755
|move|p2a: Weezing|Strange Steam|p1a: BillionsMustIDef|[miss]
|-miss|p2a: Weezing|p1a: BillionsMustIDef
|move|p1a: BillionsMustIDef|Stone Edge|p2a: Weezing
|-damage|p2a: Weezing|0 fnt
|faint|p2a: Weezing
|
|win|Palm X
|raw|Palm X's rating: 1646 &rarr; <strong>1673</strong><br />(+27 for winning)
|raw|dia-sre's rating: 1782 &rarr; <strong>1755</strong><br />(-27 for losing)
|l|☆dia-sre
|player|p2|
