|j|☆OceanicGamer
|j|☆Mkpol
|t:|1781301384
|gametype|singles
|player|p1|OceanicGamer|#agwliiikyogres|1577
|player|p2|Mkpol|266|1519
|gen|9
|tier|[Gen 9] OU
|rated|
|rule|HP Percentage Mod: HP is shown in percentages
|rule|Endless Battle Clause: Forcing endless battles is banned
|rule|Species Clause: Limit one of each Pokémon
|rule|OHKO Clause: OHKO moves are banned
|rule|Evasion Items Clause: Evasion items are banned
|rule|Evasion Moves Clause: Evasion moves are banned
|rule|Evasion Abilities Clause: Evasion abilities are banned
|rule|Sleep Moves Clause: Sleep-inducing moves are banned
|clearpoke
|poke|p1|Kingambit, M|
|poke|p1|Iron Valiant|
|poke|p1|Pecharunt|
|poke|p1|Deoxys-Speed|
|poke|p1|Great Tusk|
|poke|p1|Kyurem|
|poke|p2|Regieleki|
|poke|p2|Corviknight, F|
|poke|p2|Zamazenta-*|
|poke|p2|Grafaiai, F|
|poke|p2|Alomomola, M|
|poke|p2|Gliscor, F|
|teampreview
|inactive|Battle timer is ON: inactive players will automatically lose when time's up. (requested by OceanicGamer)
|
|t:|1781301396
|teamsize|p1|6
|teamsize|p2|6
|start
|switch|p1a: Deoxys|Deoxys-Speed|100/100
|switch|p2a: Regieleki|Regieleki|100/100
|-ability|p1a: Deoxys|Pressure
|turn|1
|
|t:|1781301401
|move|p1a: Deoxys|Stealth Rock|p2a: Regieleki
|-sidestart|p2: Mkpol|move: Stealth Rock
|move|p2a: Regieleki|Volt Switch|p1a: Deoxys
|-damage|p1a: Deoxys|23/100
|
|t:|1781301407
|switch|p2a: Gliscor|Gliscor, F|100/100|[from] Volt Switch
|-damage|p2a: Gliscor|88/100|[from] Stealth Rock
|
|-status|p2a: Gliscor|tox|[from] item: Toxic Orb
|upkeep
|turn|2
|
|t:|1781301414
|move|p1a: Deoxys|Skill Swap|p2a: Gliscor
|-activate|p1a: Deoxys|Skill Swap|Poison Heal|Pressure|[of] p2a: Gliscor
|-ability|p2a: Gliscor|Pressure
|move|p2a: Gliscor|Knock Off|p1a: Deoxys
|-supereffective|p1a: Deoxys
|-enditem|p1a: Deoxys|Colbur Berry|[eat]
|-enditem|p1a: Deoxys|Colbur Berry|[weaken]
|-damage|p1a: Deoxys|0 fnt
|faint|p1a: Deoxys
|
|-damage|p2a: Gliscor|82/100 tox|[from] psn
|upkeep
|
|t:|1781301429
|switch|p1a: Kyurem|Kyurem|100/100
|-ability|p1a: Kyurem|Pressure
|turn|3
|
|t:|1781301434
|switch|p2a: Alomomola|Alomomola, M|100/100
|-damage|p2a: Alomomola|88/100|[from] Stealth Rock
|move|p1a: Kyurem|Dragon Dance|p1a: Kyurem
|-boost|p1a: Kyurem|atk|1
|-boost|p1a: Kyurem|spe|1
|
|upkeep
|turn|4
|
|t:|1781301454
|-terastallize|p2a: Alomomola|Fairy
|move|p1a: Kyurem|Freeze-Dry|p2a: Alomomola
|-damage|p2a: Alomomola|71/100
|move|p2a: Alomomola|Play Rough|p1a: Kyurem
|-supereffective|p1a: Kyurem
|-damage|p1a: Kyurem|58/100
|
|upkeep
|turn|5
|
|t:|1781301466
|move|p1a: Kyurem|Icicle Spear|p2a: Alomomola
|-damage|p2a: Alomomola|58/100
|-damage|p2a: Alomomola|45/100
|-damage|p2a: Alomomola|30/100
|-damage|p2a: Alomomola|16/100
|-damage|p2a: Alomomola|2/100
|-hitcount|p2a: Alomomola|5
|move|p2a: Alomomola|Play Rough|p1a: Kyurem
|-supereffective|p1a: Kyurem
|-crit|p1a: Kyurem
|-damage|p1a: Kyurem|0 fnt
|faint|p1a: Kyurem
|
|upkeep
|c|☆OceanicGamer|rip
|c|☆Mkpol|Sry
|
|t:|1781301492
|switch|p1a: Kingambit|Kingambit, M|100/100
|-activate|p1a: Kingambit|ability: Supreme Overlord
|-start|p1a: Kingambit|fallen2|[silent]
|turn|6
|
|t:|1781301498
|move|p1a: Kingambit|Iron Head|p2a: Alomomola
|-supereffective|p2a: Alomomola
|-damage|p2a: Alomomola|0 fnt
|faint|p2a: Alomomola
|
|upkeep
|
|t:|1781301506
|switch|p2a: Gliscor|Gliscor, F|82/100 tox
|-damage|p2a: Gliscor|69/100 tox|[from] Stealth Rock
|turn|7
|
|t:|1781301520
|-end|p1a: Kingambit|fallen2|[silent]
|switch|p1a: Pecharunt|Pecharunt|100/100
|-item|p1a: Pecharunt|Air Balloon
|move|p2a: Gliscor|Protect||[still]
|-fail|p2a: Gliscor
|
|-heal|p2a: Gliscor|82/100 tox|[from] ability: Poison Heal
|upkeep
|turn|8
|
|t:|1781301528
|move|p2a: Gliscor|Protect|p2a: Gliscor
|-singleturn|p2a: Gliscor|Protect
|move|p1a: Pecharunt|Nasty Plot|p1a: Pecharunt
|-boost|p1a: Pecharunt|spa|2
|
|-heal|p2a: Gliscor|94/100 tox|[from] ability: Poison Heal
|upkeep
|turn|9
|
|t:|1781301534
|move|p1a: Pecharunt|Shadow Ball|p2a: Gliscor
|-damage|p2a: Gliscor|44/100 tox
|move|p2a: Gliscor|Knock Off|p1a: Pecharunt
|-supereffective|p1a: Pecharunt
|-damage|p1a: Pecharunt|72/100
|-enditem|p1a: Pecharunt|Air Balloon
|
|-heal|p2a: Gliscor|56/100 tox|[from] ability: Poison Heal
|upkeep
|turn|10
|
|t:|1781301545
|move|p1a: Pecharunt|Shadow Ball|p2a: Gliscor
|-damage|p2a: Gliscor|4/100 tox
|move|p2a: Gliscor|Earthquake|p1a: Pecharunt
|-supereffective|p1a: Pecharunt
|-damage|p1a: Pecharunt|32/100
|
|-heal|p2a: Gliscor|17/100 tox|[from] ability: Poison Heal
|upkeep
|turn|11
|
|t:|1781301559
|move|p2a: Gliscor|Protect|p2a: Gliscor
|-singleturn|p2a: Gliscor|Protect
|move|p1a: Pecharunt|Malignant Chain|p2a: Gliscor
|-activate|p2a: Gliscor|move: Protect
|
|-heal|p2a: Gliscor|29/100 tox|[from] ability: Poison Heal
|upkeep
|turn|12
|
|t:|1781301565
|move|p1a: Pecharunt|Shadow Ball|p2a: Gliscor
|-damage|p2a: Gliscor|0 fnt
|faint|p2a: Gliscor
|
|upkeep
|
|t:|1781301568
|switch|p2a: Regieleki|Regieleki|100/100
|-damage|p2a: Regieleki|88/100|[from] Stealth Rock
|turn|13
|
|t:|1781301577
|move|p2a: Regieleki|Volt Switch|p1a: Pecharunt
|-damage|p1a: Pecharunt|0 fnt
|faint|p1a: Pecharunt
|
|t:|1781301586
|switch|p2a: Grafaiai|Grafaiai, F|100/100|[from] Volt Switch
|-damage|p2a: Grafaiai|88/100|[from] Stealth Rock
|
|upkeep
|
|t:|1781301590
|switch|p1a: Kingambit|Kingambit, M|100/100
|-activate|p1a: Kingambit|ability: Supreme Overlord
|-start|p1a: Kingambit|fallen3|[silent]
|turn|14
|
|t:|1781301603
|move|p2a: Grafaiai|Switcheroo|p1a: Kingambit
|-hint|Since gen 7, Dark is immune to Prankster moves.
|-immune|p1a: Kingambit
|move|p1a: Kingambit|Iron Head|p2a: Grafaiai
|-damage|p2a: Grafaiai|0 fnt
|faint|p2a: Grafaiai
|
|upkeep
|
|t:|1781301611
|switch|p2a: Zamazenta|Zamazenta|100/100
|-damage|p2a: Zamazenta|94/100|[from] Stealth Rock
|-ability|p2a: Zamazenta|Dauntless Shield|boost
|-boost|p2a: Zamazenta|def|1
|turn|15
|
|t:|1781301613
|-end|p1a: Kingambit|fallen3|[silent]
|switch|p1a: Iron Valiant|Iron Valiant|100/100
|-enditem|p1a: Iron Valiant|Booster Energy
|-activate|p1a: Iron Valiant|ability: Quark Drive|[fromitem]
|-start|p1a: Iron Valiant|quarkdrivespe
|move|p2a: Zamazenta|Close Combat|p1a: Iron Valiant
|-resisted|p1a: Iron Valiant
|-damage|p1a: Iron Valiant|48/100
|-unboost|p2a: Zamazenta|def|1
|-unboost|p2a: Zamazenta|spd|1
|
|upkeep
|turn|16
|
|t:|1781301622
|switch|p2a: Corviknight|Corviknight, F|100/100
|-damage|p2a: Corviknight|88/100|[from] Stealth Rock
|move|p1a: Iron Valiant|Moonblast|p2a: Corviknight
|-resisted|p2a: Corviknight
|-damage|p2a: Corviknight|64/100
|
|upkeep
|turn|17
|
|t:|1781301636
|move|p1a: Iron Valiant|Thunderbolt|p2a: Corviknight
|-supereffective|p2a: Corviknight
|-damage|p2a: Corviknight|3/100
|move|p2a: Corviknight|Roost|p2a: Corviknight
|-heal|p2a: Corviknight|53/100
|-singleturn|p2a: Corviknight|move: Roost
|
|upkeep
|turn|18
|inactive|Mkpol has 120 seconds left.
|
|t:|1781301666
|switch|p2a: Regieleki|Regieleki|88/100
|-damage|p2a: Regieleki|76/100|[from] Stealth Rock
|move|p1a: Iron Valiant|Thunderbolt|p2a: Regieleki
|-resisted|p2a: Regieleki
|-damage|p2a: Regieleki|48/100
|
|upkeep
|turn|19
|
|t:|1781301675
|move|p1a: Iron Valiant|Moonblast|p2a: Regieleki
|-crit|p2a: Regieleki
|-damage|p2a: Regieleki|0 fnt
|faint|p2a: Regieleki
|
|upkeep
|c|☆OceanicGamer|gg
|
|t:|1781301681
|switch|p2a: Zamazenta|Zamazenta|94/100
|-damage|p2a: Zamazenta|88/100|[from] Stealth Rock
|turn|20
|
|t:|1781301685
|move|p1a: Iron Valiant|Moonblast|p2a: Zamazenta
|-supereffective|p2a: Zamazenta
|-damage|p2a: Zamazenta|0 fnt
|faint|p2a: Zamazenta
|
|upkeep
|
|t:|1781301687
|switch|p2a: Corviknight|Corviknight, F|53/100
|-damage|p2a: Corviknight|41/100|[from] Stealth Rock
|turn|21
|
|t:|1781301690
|move|p1a: Iron Valiant|Thunderbolt|p2a: Corviknight
|-supereffective|p2a: Corviknight
|-damage|p2a: Corviknight|0 fnt
|faint|p2a: Corviknight
|
|win|OceanicGamer
|raw|OceanicGamer's rating: 1577 &rarr; <strong>1594</strong><br />(+17 for winning)
|raw|Mkpol's rating: 1519 &rarr; <strong>1502</strong><br />(-17 for losing)
|l|☆Mkpol
|player|p2|
