|j|☆n-busuis
|j|☆COLFOFLOW
|t:|1780912263
|gametype|singles
|player|p1|n-busuis|preschoolerf|1559
|player|p2|COLFOFLOW|volkner|1640
|gen|9
|tier|[Gen 9] OU
|rated|
|rule|HP Percentage Mod: HP is shown in percentages
|rule|Endless Battle Clause: Forcing endless battles is banned
|rule|Species Clause: Limit one of each Pokémon
|rule|OHKO Clause: OHKO moves are banned
|rule|Evasion Items Clause: Evasion items are banned
|rule|Evasion Moves Clause: Evasion moves are banned
|rule|Evasion Abilities Clause: Evasion abilities are banned
|rule|Sleep Moves Clause: Sleep-inducing moves are banned
|clearpoke
|poke|p1|Zapdos|
|poke|p1|Pelipper, M|
|poke|p1|Zamazenta-*|
|poke|p1|Iron Treads|
|poke|p1|Basculegion, M|
|poke|p1|Araquanid, M|
|poke|p2|Darkrai|
|poke|p2|Clodsire, F|
|poke|p2|Suicune|
|poke|p2|Lokix, M|
|poke|p2|Pecharunt|
|poke|p2|Corviknight, F|
|teampreview
|
|t:|1780912277
|teamsize|p1|6
|teamsize|p2|6
|start
|switch|p1a: Araquanid|Araquanid, M|100/100
|switch|p2a: Darkrai|Darkrai|100/100
|turn|1
|
|t:|1780912297
|move|p2a: Darkrai|Dark Pulse|p1a: Araquanid
|-damage|p1a: Araquanid|53/100
|-enditem|p1a: Araquanid|Red Card|[of] p2a: Darkrai
|drag|p2a: Lokix|Lokix, M|100/100
|move|p1a: Araquanid|Sticky Web|p2a: Lokix
|-sidestart|p2: COLFOFLOW|move: Sticky Web
|
|upkeep
|turn|2
|
|t:|1780912313
|move|p2a: Lokix|U-turn|p1a: Araquanid
|-damage|p1a: Araquanid|5/100
|
|t:|1780912316
|switch|p2a: Corviknight|Corviknight, F|100/100|[from] U-turn
|-ability|p2a: Corviknight|Pressure
|move|p1a: Araquanid|Leech Life|p2a: Corviknight
|-resisted|p2a: Corviknight
|-damage|p2a: Corviknight|96/100
|-heal|p1a: Araquanid|7/100|[from] drain|[of] p2a: Corviknight
|-damage|p1a: Araquanid|0 fnt|[from] item: Rocky Helmet|[of] p2a: Corviknight
|faint|p1a: Araquanid
|
|upkeep
|
|t:|1780912332
|switch|p1a: Zapdos|Zapdos|100/100
|turn|3
|
|t:|1780912337
|switch|p2a: Clodsire|Clodsire, F|100/100
|-activate|p2a: Clodsire|move: Sticky Web
|-unboost|p2a: Clodsire|spe|1
|move|p1a: Zapdos|Hurricane|p2a: Clodsire
|-damage|p2a: Clodsire|56/100
|
|-heal|p2a: Clodsire|62/100|[from] item: Black Sludge
|upkeep
|turn|4
|
|t:|1780912345
|-terastallize|p1a: Zapdos|Flying
|move|p1a: Zapdos|Hurricane|p2a: Clodsire
|-damage|p2a: Clodsire|5/100
|move|p2a: Clodsire|Stealth Rock|p1a: Zapdos
|-sidestart|p1: n-busuis|move: Stealth Rock
|
|-heal|p2a: Clodsire|11/100|[from] item: Black Sludge
|upkeep
|turn|5
|
|t:|1780912353
|move|p1a: Zapdos|Hurricane|p2a: Clodsire
|-damage|p2a: Clodsire|0 fnt
|faint|p2a: Clodsire
|
|upkeep
|
|t:|1780912363
|switch|p2a: Darkrai|Darkrai|100/100
|-activate|p2a: Darkrai|move: Sticky Web
|-unboost|p2a: Darkrai|spe|1
|turn|6
|
|t:|1780912374
|switch|p1a: Iron Treads|Iron Treads|100/100
|-damage|p1a: Iron Treads|97/100|[from] Stealth Rock
|move|p2a: Darkrai|Ice Beam|p1a: Iron Treads
|-damage|p1a: Iron Treads|48/100
|-enditem|p1a: Iron Treads|Eject Button
|
|t:|1780912386
|-end|p1a: Iron Treads|Quark Drive|[silent]
|switch|p1a: Pelipper|Pelipper, M|100/100
|-damage|p1a: Pelipper|76/100|[from] Stealth Rock
|-weather|RainDance|[from] ability: Drizzle|[of] p1a: Pelipper
|
|-weather|RainDance|[upkeep]
|upkeep
|turn|7
|
|t:|1780912399
|switch|p2a: Corviknight|Corviknight, F|96/100
|-ability|p2a: Corviknight|Pressure
|move|p1a: Pelipper|U-turn|p2a: Corviknight
|-resisted|p2a: Corviknight
|-damage|p2a: Corviknight|95/100
|-damage|p1a: Pelipper|59/100|[from] item: Rocky Helmet|[of] p2a: Corviknight
|
|t:|1780912405
|switch|p1a: Zapdos|Zapdos, tera:Flying|100/100|[from] U-turn
|-damage|p1a: Zapdos|76/100|[from] Stealth Rock
|
|-weather|RainDance|[upkeep]
|upkeep
|turn|8
|
|t:|1780912410
|move|p1a: Zapdos|Thunder|p2a: Corviknight
|-supereffective|p2a: Corviknight
|-damage|p2a: Corviknight|0 fnt
|faint|p2a: Corviknight
|
|-weather|RainDance|[upkeep]
|upkeep
|
|t:|1780912412
|switch|p2a: Darkrai|Darkrai|100/100
|-activate|p2a: Darkrai|move: Sticky Web
|-unboost|p2a: Darkrai|spe|1
|turn|9
|
|t:|1780912419
|move|p1a: Zapdos|Thunder|p2a: Darkrai
|-damage|p2a: Darkrai|0 fnt
|faint|p2a: Darkrai
|
|-weather|RainDance|[upkeep]
|upkeep
|
|t:|1780912431
|switch|p2a: Lokix|Lokix, M|100/100
|-activate|p2a: Lokix|move: Sticky Web
|-unboost|p2a: Lokix|spe|1
|turn|10
|inactive|Battle timer is ON: inactive players will automatically lose when time's up. (requested by COLFOFLOW)
|
|t:|1780912440
|switch|p1a: Iron Treads|Iron Treads|48/100
|-damage|p1a: Iron Treads|45/100|[from] Stealth Rock
|-terastallize|p2a: Lokix|Bug
|move|p2a: Lokix|First Impression|p1a: Iron Treads
|-resisted|p1a: Iron Treads
|-damage|p1a: Iron Treads|0 fnt
|faint|p1a: Iron Treads
|-end|p1a: Iron Treads|Quark Drive|[silent]
|
|-weather|RainDance|[upkeep]
|upkeep
|
|t:|1780912450
|switch|p1a: Zapdos|Zapdos, tera:Flying|76/100
|-damage|p1a: Zapdos|51/100|[from] Stealth Rock
|turn|11
|
|t:|1780912457
|switch|p2a: Suicune|Suicune|100/100
|-activate|p2a: Suicune|move: Sticky Web
|-unboost|p2a: Suicune|spe|1
|-ability|p2a: Suicune|Pressure
|move|p1a: Zapdos|Hurricane|p2a: Suicune
|-damage|p2a: Suicune|21/100
|
|-weather|RainDance|[upkeep]
|-heal|p2a: Suicune|27/100|[from] item: Leftovers
|upkeep
|turn|12
|
|t:|1780912465
|move|p1a: Zapdos|Hurricane|p2a: Suicune
|-damage|p2a: Suicune|0 fnt
|faint|p2a: Suicune
|
|-weather|RainDance|[upkeep]
|upkeep
|
|t:|1780912468
|switch|p2a: Lokix|Lokix, M, tera:Bug|100/100
|-activate|p2a: Lokix|move: Sticky Web
|-unboost|p2a: Lokix|spe|1
|turn|13
|
|t:|1780912474
|switch|p1a: Zamazenta|Zamazenta|100/100
|-damage|p1a: Zamazenta|94/100|[from] Stealth Rock
|-ability|p1a: Zamazenta|Dauntless Shield|boost
|-boost|p1a: Zamazenta|def|1
|move|p2a: Lokix|U-turn|p1a: Zamazenta
|-resisted|p1a: Zamazenta
|-damage|p1a: Zamazenta|60/100
|-enditem|p1a: Zamazenta|Red Card|[of] p2a: Lokix
|drag|p2a: Pecharunt|Pecharunt|100/100
|-activate|p2a: Pecharunt|move: Sticky Web
|-unboost|p2a: Pecharunt|spe|1
|
|-weather|none
|upkeep
|turn|14
|
|t:|1780912488
|switch|p1a: Pelipper|Pelipper, M|59/100
|-damage|p1a: Pelipper|35/100|[from] Stealth Rock
|-weather|RainDance|[from] ability: Drizzle|[of] p1a: Pelipper
|move|p2a: Pecharunt|Malignant Chain|p1a: Pelipper
|-damage|p1a: Pelipper|3/100
|-status|p1a: Pelipper|tox
|-start|p1a: Pelipper|confusion|[from] ability: Poison Puppeteer|[of] p2a: Pecharunt
|
|-weather|RainDance|[upkeep]
|-damage|p1a: Pelipper|0 fnt|[from] psn
|faint|p1a: Pelipper
|upkeep
|
|t:|1780912497
|switch|p1a: Zapdos|Zapdos, tera:Flying|51/100
|-damage|p1a: Zapdos|26/100|[from] Stealth Rock
|turn|15
|
|t:|1780912507
|move|p1a: Zapdos|Hurricane|p2a: Pecharunt
|-damage|p2a: Pecharunt|0 fnt
|faint|p2a: Pecharunt
|
|-weather|RainDance|[upkeep]
|upkeep
|-message|COLFOFLOW forfeited.
|
|win|n-busuis
|raw|n-busuis's rating: 1559 &rarr; <strong>1584</strong><br />(+25 for winning)
|raw|COLFOFLOW's rating: 1640 &rarr; <strong>1615</strong><br />(-25 for losing)
|l|☆COLFOFLOW
|player|p2|
|l|☆n-busuis
|player|p1|
