|badge|p1|bronze|gen9randombattle|100-9
|badge|p1|bronze|gen9ubers|100-9
|uhtml|medal-msg|<div class="broadcast-blue">Curious what those medals under the avatar are? PS now has Ladder Seasons! For more information, check out the <a href="https://www.smogon.com/forums/threads/3740067/">thread on Smogon.</a></div>
|j|☆oddishlover4
|j|☆bfrhnnlfhroh
|t:|1781029416
|gametype|singles
|player|p1|oddishlover4|acetrainerf|1713
|player|p2|bfrhnnlfhroh|266|1668
|gen|9
|tier|[Gen 9] OU
|rated|
|rule|HP Percentage Mod: HP is shown in percentages
|rule|Endless Battle Clause: Forcing endless battles is banned
|rule|Species Clause: Limit one of each Pokémon
|rule|OHKO Clause: OHKO moves are banned
|rule|Evasion Items Clause: Evasion items are banned
|rule|Evasion Moves Clause: Evasion moves are banned
|rule|Evasion Abilities Clause: Evasion abilities are banned
|rule|Sleep Moves Clause: Sleep-inducing moves are banned
|clearpoke
|poke|p1|Kyurem|
|poke|p1|Hatterene, F|
|poke|p1|Darkrai|
|poke|p1|Great Tusk|
|poke|p1|Dragonite, F|
|poke|p1|Gholdengo|
|poke|p2|Walking Wake|
|poke|p2|Great Tusk|
|poke|p2|Ninetales, F|
|poke|p2|Cinderace, F|
|poke|p2|Raging Bolt|
|poke|p2|Glimmora, M|
|teampreview
|
|t:|1781029434
|teamsize|p1|6
|teamsize|p2|6
|start
|switch|p1a: Kyurem|Kyurem|100/100
|switch|p2a: fast strong|Walking Wake|100/100
|-ability|p1a: Kyurem|Pressure
|turn|1
|c|☆oddishlover4|gl/hf!
|inactive|Battle timer is ON: inactive players will automatically lose when time's up. (requested by oddishlover4)
|
|t:|1781029452
|-terastallize|p1a: Kyurem|Poison
|move|p2a: fast strong|Flip Turn|p1a: Kyurem
|-damage|p1a: Kyurem|90/100
|
|t:|1781029465
|-end|p2a: fast strong|Protosynthesis|[silent]
|switch|p2a: good|Ninetales, F|100/100|[from] Flip Turn
|-weather|SunnyDay|[from] ability: Drought|[of] p2a: good
|move|p1a: Kyurem|Freeze-Dry|p2a: good
|-resisted|p2a: good
|-damage|p2a: good|82/100
|
|-weather|SunnyDay|[upkeep]
|upkeep
|turn|2
|
|t:|1781029483
|move|p2a: good|Encore|p1a: Kyurem
|-start|p1a: Kyurem|Encore
|move|p1a: Kyurem|Freeze-Dry|p2a: good
|-resisted|p2a: good
|-damage|p2a: good|64/100
|
|-weather|SunnyDay|[upkeep]
|upkeep
|turn|3
|
|t:|1781029500
|switch|p2a: Cinderace|Cinderace, F|100/100
|move|p1a: Kyurem|Freeze-Dry|p2a: Cinderace
|-resisted|p2a: Cinderace
|-damage|p2a: Cinderace|72/100
|
|-weather|SunnyDay|[upkeep]
|upkeep
|turn|4
|
|t:|1781029518
|switch|p1a: Great Tusk|Great Tusk|100/100
|-activate|p1a: Great Tusk|ability: Protosynthesis
|-start|p1a: Great Tusk|protosynthesisdef
|-terastallize|p2a: Cinderace|Fire
|move|p2a: Cinderace|Pyro Ball|p1a: Great Tusk
|-damage|p1a: Great Tusk|27/100
|
|-weather|SunnyDay|[upkeep]
|-heal|p1a: Great Tusk|33/100|[from] item: Leftovers
|upkeep
|turn|5
|inactive|oddishlover4 has 120 seconds left.
|
|t:|1781029536
|move|p2a: Cinderace|Pyro Ball|p1a: Great Tusk
|-damage|p1a: Great Tusk|0 fnt
|faint|p1a: Great Tusk
|-end|p1a: Great Tusk|Protosynthesis|[silent]
|
|-weather|SunnyDay|[upkeep]
|upkeep
|inactive|oddishlover4 has 120 seconds left.
|
|t:|1781029553
|switch|p1a: Dragonite|Dragonite, F|100/100
|turn|6
|
|t:|1781029571
|switch|p2a: Glimmora|Glimmora, M|100/100
|move|p1a: Dragonite|Extreme Speed|p2a: Glimmora
|-resisted|p2a: Glimmora
|-damage|p2a: Glimmora|83/100
|-activate|p2a: Glimmora|ability: Toxic Debris
|-sidestart|p1: oddishlover4|move: Toxic Spikes
|
|-weather|SunnyDay|[upkeep]
|upkeep
|turn|7
|j| Ferb
|
|t:|1781029589
|switch|p1a: Kyurem|Kyurem, tera:Poison|90/100
|-sideend|p1: oddishlover4|move: Toxic Spikes|[of] p1a: Kyurem
|-ability|p1a: Kyurem|Pressure
|move|p2a: Glimmora|Mortal Spin|p1a: Kyurem
|-resisted|p1a: Kyurem
|-damage|p1a: Kyurem|88/100
|
|-weather|SunnyDay|[upkeep]
|upkeep
|turn|8
|
|t:|1781029607
|switch|p2a: fast strong|Walking Wake|100/100
|-activate|p2a: fast strong|ability: Protosynthesis
|-start|p2a: fast strong|protosynthesisspe
|move|p1a: Kyurem|Earth Power|p2a: fast strong
|-damage|p2a: fast strong|60/100
|
|-weather|none
|-end|p2a: fast strong|Protosynthesis
|upkeep
|turn|9
|inactive|oddishlover4 has 90 seconds left.
|
|t:|1781029624
|move|p2a: fast strong|Draco Meteor|p1a: Kyurem
|-damage|p1a: Kyurem|27/100
|-unboost|p2a: fast strong|spa|2
|move|p1a: Kyurem|Earth Power|p2a: fast strong
|-damage|p2a: fast strong|23/100
|
|upkeep
|turn|10
|inactive|oddishlover4 has 90 seconds left.
|
|t:|1781029642
|switch|p1a: Hatterene|Hatterene, F|100/100
|move|p2a: fast strong|Draco Meteor|p1a: Hatterene
|-immune|p1a: Hatterene
|
|upkeep
|turn|11
|inactive|oddishlover4 has 90 seconds left.
|
|t:|1781029659
|-end|p2a: fast strong|Protosynthesis|[silent]
|switch|p2a: Cinderace|Cinderace, F, tera:Fire|72/100
|move|p1a: Hatterene|Psychic Noise|p2a: Cinderace
|-damage|p2a: Cinderace|23/100
|-start|p2a: Cinderace|move: Heal Block
|
|upkeep
|turn|12
|
|t:|1781029677
|switch|p1a: Kyurem|Kyurem, tera:Poison|27/100
|-ability|p1a: Kyurem|Pressure
|move|p2a: Cinderace|U-turn|p1a: Kyurem
|-resisted|p1a: Kyurem
|-damage|p1a: Kyurem|15/100
|
|t:|1781029688
|switch|p2a: fast strong|Walking Wake|23/100|[from] U-turn
|
|upkeep
|turn|13
|inactive|bfrhnnlfhroh has 120 seconds left.
|
|t:|1781029738
|move|p2a: fast strong|Flip Turn|p1a: Kyurem
|-damage|p1a: Kyurem|5/100
|
|t:|1781029741
|-end|p2a: fast strong|Protosynthesis|[silent]
|switch|p2a: good|Ninetales, F|64/100|[from] Flip Turn
|-weather|SunnyDay|[from] ability: Drought|[of] p2a: good
|move|p1a: Kyurem|Ice Beam|p2a: good
|-resisted|p2a: good
|-damage|p2a: good|42/100
|
|-weather|SunnyDay|[upkeep]
|upkeep
|turn|14
|
|t:|1781029759
|switch|p1a: Dragonite|Dragonite, F|100/100
|move|p2a: good|Weather Ball|p1a: Dragonite
|-resisted|p1a: Dragonite
|-damage|p1a: Dragonite|91/100
|
|-weather|SunnyDay|[upkeep]
|upkeep
|turn|15
|inactive|bfrhnnlfhroh has 120 seconds left.
|
|t:|1781029776
|switch|p2a: Glimmora|Glimmora, M|83/100
|switch|p1a: Kyurem|Kyurem, tera:Poison|5/100
|-ability|p1a: Kyurem|Pressure
|
|-weather|SunnyDay|[upkeep]
|upkeep
|turn|16
|inactive|bfrhnnlfhroh has 120 seconds left.
|
|t:|1781029793
|switch|p2a: fast strong|Walking Wake|23/100
|-activate|p2a: fast strong|ability: Protosynthesis
|-start|p2a: fast strong|protosynthesisspe
|switch|p1a: Gholdengo|Gholdengo|100/100
|-item|p1a: Gholdengo|Air Balloon
|
|-weather|SunnyDay|[upkeep]
|upkeep
|turn|17
|inactive|bfrhnnlfhroh has 120 seconds left.
|inactive|oddishlover4 has 60 seconds left.
|
|t:|1781029811
|switch|p1a: Kyurem|Kyurem, tera:Poison|5/100
|-ability|p1a: Kyurem|Pressure
|move|p2a: fast strong|Flamethrower|p1a: Kyurem
|-damage|p1a: Kyurem|0 fnt
|faint|p1a: Kyurem
|
|-weather|SunnyDay|[upkeep]
|upkeep
|inactive|oddishlover4 has 60 seconds left.
|
|t:|1781029819
|switch|p1a: Darkrai|Darkrai|100/100
|turn|18
|
|t:|1781029828
|move|p1a: Darkrai|Ice Beam|p2a: fast strong
|-damage|p2a: fast strong|0 fnt
|faint|p2a: fast strong
|-end|p2a: fast strong|Protosynthesis|[silent]
|
|-weather|SunnyDay|[upkeep]
|upkeep
|inactive|bfrhnnlfhroh has 120 seconds left.
|
|t:|1781029858
|switch|p2a: Glimmora|Glimmora, M|83/100
|turn|19
|inactive|bfrhnnlfhroh has 120 seconds left.
|
|t:|1781029875
|move|p1a: Darkrai|Ice Beam|p2a: Glimmora
|-damage|p2a: Glimmora|41/100
|move|p2a: Glimmora|Mortal Spin|p1a: Darkrai
|-damage|p1a: Darkrai|92/100
|-status|p1a: Darkrai|psn
|
|-weather|SunnyDay|[upkeep]
|-damage|p1a: Darkrai|80/100 psn|[from] psn
|upkeep
|turn|20
|inactive|bfrhnnlfhroh has 120 seconds left.
|inactive|oddishlover4 has 60 seconds left.
|
|t:|1781029899
|switch|p2a: Raging Bolt|Raging Bolt|100/100
|-activate|p2a: Raging Bolt|ability: Protosynthesis
|-start|p2a: Raging Bolt|protosynthesisspa
|move|p1a: Darkrai|Ice Beam|p2a: Raging Bolt
|-supereffective|p2a: Raging Bolt
|-crit|p2a: Raging Bolt
|-damage|p2a: Raging Bolt|26/100
|
|-weather|none
|-end|p2a: Raging Bolt|Protosynthesis
|-damage|p1a: Darkrai|67/100 psn|[from] psn
|upkeep
|turn|21
|inactive|oddishlover4 has 60 seconds left.
|l| Ferb
|
|t:|1781029916
|switch|p1a: Dragonite|Dragonite, F|91/100
|move|p2a: Raging Bolt|Thunderclap||[still]
|-fail|p2a: Raging Bolt
|
|upkeep
|turn|22
|inactive|oddishlover4 has 60 seconds left.
|
|t:|1781029934
|-end|p2a: Raging Bolt|Protosynthesis|[silent]
|switch|p2a: fast|Great Tusk|100/100
|move|p1a: Dragonite|Roost|p1a: Dragonite
|-heal|p1a: Dragonite|100/100
|-singleturn|p1a: Dragonite|move: Roost
|
|upkeep
|turn|23
|
|t:|1781029951
|switch|p1a: Hatterene|Hatterene, F|100/100
|move|p2a: fast|Ice Spinner|p1a: Hatterene
|-damage|p1a: Hatterene|82/100
|-damage|p2a: fast|84/100|[from] item: Rocky Helmet|[of] p1a: Hatterene
|
|-heal|p2a: fast|90/100|[from] item: Leftovers
|upkeep
|turn|24
|
|t:|1781029961
|-end|p2a: fast|Protosynthesis|[silent]
|switch|p2a: good|Ninetales, F|42/100
|-weather|SunnyDay|[from] ability: Drought|[of] p2a: good
|move|p1a: Hatterene|Psychic Noise|p2a: good
|-damage|p2a: good|8/100
|-start|p2a: good|move: Heal Block
|
|-weather|SunnyDay|[upkeep]
|upkeep
|turn|25
|
|t:|1781029982
|switch|p1a: Dragonite|Dragonite, F|100/100
|move|p2a: good|Weather Ball|p1a: Dragonite
|-resisted|p1a: Dragonite
|-damage|p1a: Dragonite|91/100
|
|-weather|SunnyDay|[upkeep]
|-end|p2a: good|move: Heal Block
|upkeep
|turn|26
|inactive|oddishlover4 has 60 seconds left.
|
|t:|1781029991
|switch|p2a: Glimmora|Glimmora, M|41/100
|move|p1a: Dragonite|Extreme Speed|p2a: Glimmora
|-resisted|p2a: Glimmora
|-damage|p2a: Glimmora|24/100
|-activate|p2a: Glimmora|ability: Toxic Debris
|-sidestart|p1: oddishlover4|move: Toxic Spikes
|
|-weather|SunnyDay|[upkeep]
|upkeep
|turn|27
|inactive|oddishlover4 has 60 seconds left.
|
|t:|1781030011
|move|p2a: Glimmora|Mortal Spin|p1a: Dragonite
|-damage|p1a: Dragonite|86/100
|-status|p1a: Dragonite|psn
|move|p1a: Dragonite|Dragon Dance|p1a: Dragonite
|-boost|p1a: Dragonite|atk|1
|-boost|p1a: Dragonite|spe|1
|
|-weather|SunnyDay|[upkeep]
|-damage|p1a: Dragonite|73/100 psn|[from] psn
|upkeep
|turn|28
|inactive|oddishlover4 has 60 seconds left.
|
|t:|1781030028
|switch|p2a: fast|Great Tusk|90/100
|-activate|p2a: fast|ability: Protosynthesis
|-start|p2a: fast|protosynthesisspe
|move|p1a: Dragonite|Fire Punch|p2a: fast
|-damage|p2a: fast|55/100
|
|-weather|SunnyDay|[upkeep]
|-heal|p2a: fast|61/100|[from] item: Leftovers
|-damage|p1a: Dragonite|61/100 psn|[from] psn
|upkeep
|turn|29
|
|t:|1781030045
|switch|p1a: Hatterene|Hatterene, F|82/100
|-status|p1a: Hatterene|psn
|move|p2a: fast|Ice Spinner|p1a: Hatterene
|-damage|p1a: Hatterene|64/100 psn
|-damage|p2a: fast|45/100|[from] item: Rocky Helmet|[of] p1a: Hatterene
|
|-weather|SunnyDay|[upkeep]
|-heal|p2a: fast|51/100|[from] item: Leftovers
|-damage|p1a: Hatterene|52/100 psn|[from] psn
|upkeep
|turn|30
|
|t:|1781030060
|-end|p2a: fast|Protosynthesis|[silent]
|switch|p2a: Glimmora|Glimmora, M|24/100
|move|p1a: Hatterene|Psychic Noise|p2a: Glimmora
|-supereffective|p2a: Glimmora
|-damage|p2a: Glimmora|0 fnt
|faint|p2a: Glimmora
|
|-weather|SunnyDay|[upkeep]
|-damage|p1a: Hatterene|39/100 psn|[from] psn
|upkeep
|inactive|bfrhnnlfhroh has 90 seconds left.
|
|t:|1781030089
|switch|p2a: Raging Bolt|Raging Bolt|26/100
|-activate|p2a: Raging Bolt|ability: Protosynthesis
|-start|p2a: Raging Bolt|protosynthesisspa
|turn|31
|inactive|oddishlover4 has 60 seconds left.
|
|t:|1781030097
|move|p2a: Raging Bolt|Weather Ball|p1a: Hatterene
|-damage|p1a: Hatterene|0 fnt
|faint|p1a: Hatterene
|-damage|p2a: Raging Bolt|17/100|[from] item: Life Orb
|
|-weather|none
|-end|p2a: Raging Bolt|Protosynthesis
|upkeep
|inactive|oddishlover4 has 60 seconds left.
|
|t:|1781030115
|switch|p1a: Dragonite|Dragonite, F|61/100 psn
|turn|32
|
|t:|1781030132
|switch|p1a: Darkrai|Darkrai|67/100 psn
|-end|p2a: Raging Bolt|Protosynthesis|[silent]
|switch|p2a: fast|Great Tusk|51/100
|
|-heal|p2a: fast|57/100|[from] item: Leftovers
|-damage|p1a: Darkrai|55/100 psn|[from] psn
|upkeep
|turn|33
|inactive|bfrhnnlfhroh has 90 seconds left.
|
|t:|1781030170
|-end|p2a: fast|Protosynthesis|[silent]
|switch|p2a: good|Ninetales, F|8/100
|-weather|SunnyDay|[from] ability: Drought|[of] p2a: good
|move|p1a: Darkrai|Ice Beam|p2a: good
|-resisted|p2a: good
|-damage|p2a: good|0 fnt
|faint|p2a: good
|
|-weather|SunnyDay|[upkeep]
|-damage|p1a: Darkrai|42/100 psn|[from] psn
|upkeep
|
|t:|1781030184
|switch|p2a: Raging Bolt|Raging Bolt|17/100
|-activate|p2a: Raging Bolt|ability: Protosynthesis
|-start|p2a: Raging Bolt|protosynthesisspa
|turn|34
|inactive|oddishlover4 has 60 seconds left.
|
|t:|1781030196
|move|p2a: Raging Bolt|Thunderclap|p1a: Darkrai
|-damage|p1a: Darkrai|0 fnt
|faint|p1a: Darkrai
|-damage|p2a: Raging Bolt|7/100|[from] item: Life Orb
|
|-weather|SunnyDay|[upkeep]
|upkeep
|inactive|oddishlover4 has 60 seconds left.
|
|t:|1781030205
|switch|p1a: Gholdengo|Gholdengo|100/100
|-item|p1a: Gholdengo|Air Balloon
|turn|35
|inactive|oddishlover4 has 60 seconds left.
|
|t:|1781030224
|move|p1a: Gholdengo|Hex|p2a: Raging Bolt
|-damage|p2a: Raging Bolt|0 fnt
|faint|p2a: Raging Bolt
|-end|p2a: Raging Bolt|Protosynthesis|[silent]
|
|-weather|SunnyDay|[upkeep]
|upkeep
|
|t:|1781030229
|switch|p2a: Cinderace|Cinderace, F, tera:Fire|23/100
|turn|36
|inactive|bfrhnnlfhroh has 90 seconds left.
|
|t:|1781030237
|move|p2a: Cinderace|Pyro Ball|p1a: Gholdengo
|-supereffective|p1a: Gholdengo
|-damage|p1a: Gholdengo|0 fnt
|-enditem|p1a: Gholdengo|Air Balloon
|faint|p1a: Gholdengo
|
|-weather|SunnyDay|[upkeep]
|upkeep
|
|t:|1781030239
|switch|p1a: Dragonite|Dragonite, F|61/100 psn
|turn|37
|
|t:|1781030245
|move|p1a: Dragonite|Extreme Speed|p2a: Cinderace
|-damage|p2a: Cinderace|0 fnt
|faint|p2a: Cinderace
|
|-weather|SunnyDay|[upkeep]
|-damage|p1a: Dragonite|48/100 psn|[from] psn
|upkeep
|
|t:|1781030251
|switch|p2a: fast|Great Tusk|57/100
|-activate|p2a: fast|ability: Protosynthesis
|-start|p2a: fast|protosynthesisspe
|turn|38
|
|t:|1781030256
|move|p2a: fast|Ice Spinner|p1a: Dragonite
|-supereffective|p1a: Dragonite
|-damage|p1a: Dragonite|0 fnt
|faint|p1a: Dragonite
|
|win|bfrhnnlfhroh
|raw|oddishlover4's rating: 1713 &rarr; <strong>1690</strong><br />(-23 for losing)
|raw|bfrhnnlfhroh's rating: 1668 &rarr; <strong>1691</strong><br />(+23 for winning)
|l|☆oddishlover4
|player|p1|
|l|☆bfrhnnlfhroh
|player|p2|
