|j|☆Mawile442
|j|☆Trainer #39
|t:|1781369723
|gametype|singles
|player|p1|Mawile442|170|1679
|player|p2|Trainer #39|bugsy|1759
|gen|9
|tier|[Gen 9] OU
|rated|
|rule|HP Percentage Mod: HP is shown in percentages
|rule|Endless Battle Clause: Forcing endless battles is banned
|rule|Species Clause: Limit one of each Pokémon
|rule|OHKO Clause: OHKO moves are banned
|rule|Evasion Items Clause: Evasion items are banned
|rule|Evasion Moves Clause: Evasion moves are banned
|rule|Evasion Abilities Clause: Evasion abilities are banned
|rule|Sleep Moves Clause: Sleep-inducing moves are banned
|clearpoke
|poke|p1|Sandy Shocks|
|poke|p1|Scizor, F|
|poke|p1|Manaphy|
|poke|p1|Latios, M|
|poke|p1|Ogerpon, F|
|poke|p1|Iron Jugulis|
|poke|p2|Blissey, F|
|poke|p2|Corviknight, M|
|poke|p2|Dondozo, M|
|poke|p2|Gliscor, M|
|poke|p2|Clefable, M|
|poke|p2|Slowking-Galar, M|
|teampreview
|inactive|Battle timer is ON: inactive players will automatically lose when time's up. (requested by Mawile442)
|
|t:|1781369734
|teamsize|p1|6
|teamsize|p2|6
|start
|switch|p1a: Manaphy|Manaphy, shiny|100/100
|switch|p2a: Free Palestine|Gliscor, M|100/100
|turn|1
|
|t:|1781369738
|move|p2a: Free Palestine|Protect|p2a: Free Palestine
|-singleturn|p2a: Free Palestine|Protect
|move|p1a: Manaphy|Ice Beam|p2a: Free Palestine
|-activate|p2a: Free Palestine|move: Protect
|
|-status|p2a: Free Palestine|tox|[from] item: Toxic Orb
|upkeep
|turn|2
|
|t:|1781369741
|switch|p2a: Free Lebanon|Clefable, M|100/100
|move|p1a: Manaphy|Tail Glow|p1a: Manaphy
|-boost|p1a: Manaphy|spa|3
|
|upkeep
|turn|3
|
|t:|1781369744
|move|p1a: Manaphy|Surf|p2a: Free Lebanon
|-damage|p2a: Free Lebanon|73/100
|move|p2a: Free Lebanon|Knock Off|p1a: Manaphy
|-damage|p1a: Manaphy|84/100
|-enditem|p1a: Manaphy|Sitrus Berry|[from] move: Knock Off|[of] p2a: Free Lebanon
|
|upkeep
|turn|4
|
|t:|1781369748
|switch|p1a: Scizor|Scizor, F|100/100
|move|p2a: Free Lebanon|Wish|p2a: Free Lebanon
|
|upkeep
|turn|5
|
|t:|1781369752
|switch|p1a: Sandy Shocks|Sandy Shocks, shiny|100/100
|-enditem|p1a: Sandy Shocks|Booster Energy
|-activate|p1a: Sandy Shocks|ability: Protosynthesis|[fromitem]
|-start|p1a: Sandy Shocks|protosynthesisspe
|move|p2a: Free Lebanon|Protect||[still]
|-fail|p2a: Free Lebanon
|
|-heal|p2a: Free Lebanon|100/100|[from] move: Wish|[wisher] Free Lebanon
|upkeep
|turn|6
|
|t:|1781369756
|move|p1a: Sandy Shocks|Stealth Rock|p2a: Free Lebanon
|-sidestart|p2: Trainer #39|move: Stealth Rock
|move|p2a: Free Lebanon|Moonblast|p1a: Sandy Shocks
|-damage|p1a: Sandy Shocks|61/100
|-unboost|p1a: Sandy Shocks|spa|1
|
|upkeep
|turn|7
|
|t:|1781369759
|move|p1a: Sandy Shocks|Spikes|p2a: Free Lebanon
|-sidestart|p2: Trainer #39|Spikes
|move|p2a: Free Lebanon|Wish|p2a: Free Lebanon
|
|upkeep
|turn|8
|
|t:|1781369762
|move|p1a: Sandy Shocks|Spikes|p2a: Free Lebanon
|-sidestart|p2: Trainer #39|Spikes
|move|p2a: Free Lebanon|Moonblast|p1a: Sandy Shocks
|-damage|p1a: Sandy Shocks|25/100
|-unboost|p1a: Sandy Shocks|spa|1
|
|upkeep
|turn|9
|
|t:|1781369766
|move|p1a: Sandy Shocks|Spikes|p2a: Free Lebanon
|-sidestart|p2: Trainer #39|Spikes
|move|p2a: Free Lebanon|Moonblast|p1a: Sandy Shocks
|-damage|p1a: Sandy Shocks|0 fnt
|faint|p1a: Sandy Shocks
|-end|p1a: Sandy Shocks|Protosynthesis|[silent]
|
|upkeep
|
|t:|1781369770
|switch|p1a: Ogerpon|Ogerpon, F|100/100
|turn|10
|
|t:|1781369778
|switch|p2a: Trump is low IQ|Corviknight, M|100/100
|-damage|p2a: Trump is low IQ|88/100|[from] Stealth Rock
|-ability|p2a: Trump is low IQ|Pressure
|move|p1a: Ogerpon|Knock Off|p2a: Trump is low IQ
|-damage|p2a: Trump is low IQ|69/100
|-damage|p1a: Ogerpon|84/100|[from] item: Rocky Helmet|[of] p2a: Trump is low IQ
|-enditem|p2a: Trump is low IQ|Rocky Helmet|[from] move: Knock Off|[of] p1a: Ogerpon
|
|upkeep
|turn|11
|
|t:|1781369781
|move|p1a: Ogerpon|Swords Dance|p1a: Ogerpon
|-boost|p1a: Ogerpon|atk|2
|move|p2a: Trump is low IQ|Defog|p1a: Ogerpon
|-unboost|p1a: Ogerpon|evasion|1
|-ability|p1a: Ogerpon|Defiant|boost
|-boost|p1a: Ogerpon|atk|2
|-sideend|p2: Trainer #39|Spikes|[from] move: Defog|[of] p2a: Trump is low IQ
|-sideend|p2: Trainer #39|Stealth Rock|[from] move: Defog|[of] p2a: Trump is low IQ
|
|upkeep
|turn|12
|
|t:|1781369787
|move|p1a: Ogerpon|Low Kick|p2a: Trump is low IQ
|-crit|p2a: Trump is low IQ
|-damage|p2a: Trump is low IQ|1/100
|move|p2a: Trump is low IQ|Brave Bird|p1a: Ogerpon
|-supereffective|p1a: Ogerpon
|-damage|p1a: Ogerpon|0 fnt
|faint|p1a: Ogerpon
|-damage|p2a: Trump is low IQ|0 fnt|[from] Recoil
|faint|p2a: Trump is low IQ
|
|upkeep
|
|t:|1781369803
|switch|p1a: Latios|Latios, M, shiny|100/100
|switch|p2a: Free Lebanon|Clefable, M|100/100
|turn|13
|
|t:|1781369807
|move|p1a: Latios|Calm Mind|p1a: Latios
|-boost|p1a: Latios|spa|1
|-boost|p1a: Latios|spd|1
|move|p2a: Free Lebanon|Moonblast|p1a: Latios
|-supereffective|p1a: Latios
|-damage|p1a: Latios|44/100
|-enditem|p1a: Latios|Weakness Policy
|-boost|p1a: Latios|atk|2|[from] item: Weakness Policy
|-boost|p1a: Latios|spa|2|[from] item: Weakness Policy
|
|upkeep
|turn|14
|
|t:|1781369813
|move|p1a: Latios|Stored Power|p2a: Free Lebanon
|-damage|p2a: Free Lebanon|56/100
|move|p2a: Free Lebanon|Moonblast|p1a: Latios
|-supereffective|p1a: Latios
|-crit|p1a: Latios
|-damage|p1a: Latios|0 fnt
|faint|p1a: Latios
|
|upkeep
|-message|Mawile442 forfeited.
|
|win|Trainer #39
|raw|Mawile442's rating: 1679 &rarr; <strong>1664</strong><br />(-15 for losing)
|raw|Trainer #39's rating: 1759 &rarr; <strong>1774</strong><br />(+15 for winning)
|l|☆Mawile442
|player|p1|
|l|☆Trainer #39
|player|p2|
