|j|☆xp180
|j|☆Latin Playboy
|t:|1781173430
|gametype|singles
|player|p1|xp180|2|1634
|player|p2|Latin Playboy|preschooler|1611
|gen|9
|tier|[Gen 9] OU
|rated|
|rule|HP Percentage Mod: HP is shown in percentages
|rule|Endless Battle Clause: Forcing endless battles is banned
|rule|Species Clause: Limit one of each Pokémon
|rule|OHKO Clause: OHKO moves are banned
|rule|Evasion Items Clause: Evasion items are banned
|rule|Evasion Moves Clause: Evasion moves are banned
|rule|Evasion Abilities Clause: Evasion abilities are banned
|rule|Sleep Moves Clause: Sleep-inducing moves are banned
|clearpoke
|poke|p1|Araquanid, M|
|poke|p1|Gholdengo|
|poke|p1|Raging Bolt|
|poke|p1|Iron Valiant|
|poke|p1|Ceruledge, F|
|poke|p1|Deoxys-Speed|
|poke|p2|Kyurem|
|poke|p2|Azumarill, M|
|poke|p2|Rillaboom, F|
|poke|p2|Gliscor, F|
|poke|p2|Deoxys-Speed|
|poke|p2|Great Tusk|
|teampreview
|inactive|Battle timer is ON: inactive players will automatically lose when time's up. (requested by Latin Playboy)
|
|t:|1781173461
|teamsize|p1|6
|teamsize|p2|6
|start
|switch|p1a: Araquanid|Araquanid, M|100/100
|switch|p2a: Rillaboom|Rillaboom, F|100/100
|-fieldstart|move: Grassy Terrain|[from] ability: Grassy Surge|[of] p2a: Rillaboom
|turn|1
|
|t:|1781173487
|move|p2a: Rillaboom|Grassy Glide|p1a: Araquanid
|-damage|p1a: Araquanid|37/100
|move|p1a: Araquanid|Sticky Web|p2a: Rillaboom
|-sidestart|p2: Latin Playboy|move: Sticky Web
|
|-heal|p1a: Araquanid|44/100|[from] Grassy Terrain
|upkeep
|turn|2
|
|t:|1781173494
|switch|p1a: Ceruledge|Ceruledge, F|100/100
|move|p2a: Rillaboom|Grassy Glide|p1a: Ceruledge
|-resisted|p1a: Ceruledge
|-damage|p1a: Ceruledge|60/100
|-ability|p1a: Ceruledge|Weak Armor|boost
|-unboost|p1a: Ceruledge|def|1
|-boost|p1a: Ceruledge|spe|2
|
|-heal|p1a: Ceruledge|66/100|[from] Grassy Terrain
|upkeep
|turn|3
|
|t:|1781173517
|-terastallize|p2a: Rillaboom|Grass
|move|p2a: Rillaboom|Grassy Glide|p1a: Ceruledge
|-resisted|p1a: Ceruledge
|-damage|p1a: Ceruledge|0 fnt
|faint|p1a: Ceruledge
|
|upkeep
|
|t:|1781173533
|switch|p1a: Raging Bolt|Raging Bolt|100/100
|-enditem|p1a: Raging Bolt|Booster Energy
|-activate|p1a: Raging Bolt|ability: Protosynthesis|[fromitem]
|-start|p1a: Raging Bolt|protosynthesisspa
|turn|4
|inactive|Latin Playboy has 120 seconds left.
|
|t:|1781173557
|switch|p2a: Gliscor|Gliscor, F|100/100
|move|p1a: Raging Bolt|Dragon Pulse|p2a: Gliscor
|-damage|p2a: Gliscor|51/100
|
|-status|p2a: Gliscor|tox|[from] item: Toxic Orb
|upkeep
|turn|5
|inactive|Latin Playboy has 120 seconds left.
|
|t:|1781173579
|-end|p1a: Raging Bolt|Protosynthesis|[silent]
|switch|p1a: Gholdengo|Gholdengo|100/100
|-item|p1a: Gholdengo|Air Balloon
|move|p2a: Gliscor|Toxic|p1a: Gholdengo
|-immune|p1a: Gholdengo|[from] ability: Good as Gold
|
|-heal|p2a: Gliscor|63/100 tox|[from] ability: Poison Heal
|-fieldend|move: Grassy Terrain
|upkeep
|turn|6
|inactive|Latin Playboy has 120 seconds left.
|inactive|Latin Playboy has 90 seconds left.
|
|t:|1781173615
|switch|p2a: Azumarill|Azumarill, M|100/100
|-activate|p2a: Azumarill|move: Sticky Web
|-unboost|p2a: Azumarill|spe|1
|move|p1a: Gholdengo|Nasty Plot|p1a: Gholdengo
|-boost|p1a: Gholdengo|spa|2
|
|upkeep
|turn|7
|
|t:|1781173623
|move|p1a: Gholdengo|Make It Rain|p2a: Azumarill
|-damage|p2a: Azumarill|16/100
|-unboost|p1a: Gholdengo|spa|1
|move|p2a: Azumarill|Knock Off|p1a: Gholdengo
|-supereffective|p1a: Gholdengo
|-damage|p1a: Gholdengo|31/100
|-enditem|p1a: Gholdengo|Air Balloon
|
|upkeep
|turn|8
|
|t:|1781173633
|move|p1a: Gholdengo|Shadow Ball|p2a: Azumarill
|-damage|p2a: Azumarill|0 fnt
|faint|p2a: Azumarill
|
|upkeep
|inactive|Latin Playboy has 90 seconds left.
|
|t:|1781173649
|switch|p2a: Rillaboom|Rillaboom, F, tera:Grass|100/100
|-activate|p2a: Rillaboom|move: Sticky Web
|-unboost|p2a: Rillaboom|spe|1
|-fieldstart|move: Grassy Terrain|[from] ability: Grassy Surge|[of] p2a: Rillaboom
|turn|9
|
|t:|1781173654
|move|p2a: Rillaboom|Grassy Glide|p1a: Gholdengo
|-resisted|p1a: Gholdengo
|-damage|p1a: Gholdengo|0 fnt
|faint|p1a: Gholdengo
|
|upkeep
|
|t:|1781173664
|switch|p1a: Raging Bolt|Raging Bolt|100/100
|turn|10
|
|t:|1781173671
|switch|p2a: Gliscor|Gliscor, F|63/100 tox
|move|p1a: Raging Bolt|Dragon Pulse|p2a: Gliscor
|-damage|p2a: Gliscor|24/100 tox
|
|-heal|p2a: Gliscor|37/100 tox|[from] ability: Poison Heal
|upkeep
|turn|11
|
|t:|1781173692
|move|p1a: Raging Bolt|Calm Mind|p1a: Raging Bolt
|-boost|p1a: Raging Bolt|spa|1
|-boost|p1a: Raging Bolt|spd|1
|move|p2a: Gliscor|Stealth Rock|p1a: Raging Bolt
|-sidestart|p1: xp180|move: Stealth Rock
|
|-heal|p2a: Gliscor|49/100 tox|[from] ability: Poison Heal
|upkeep
|turn|12
|inactive|Latin Playboy has 90 seconds left.
|
|t:|1781173726
|move|p2a: Gliscor|Protect|p2a: Gliscor
|-singleturn|p2a: Gliscor|Protect
|move|p1a: Raging Bolt|Dragon Pulse|p2a: Gliscor
|-activate|p2a: Gliscor|move: Protect
|
|-heal|p2a: Gliscor|62/100 tox|[from] ability: Poison Heal
|upkeep
|turn|13
|
|t:|1781173730
|move|p1a: Raging Bolt|Calm Mind|p1a: Raging Bolt
|-boost|p1a: Raging Bolt|spa|1
|-boost|p1a: Raging Bolt|spd|1
|move|p2a: Gliscor|Toxic|p1a: Raging Bolt|[miss]
|-miss|p2a: Gliscor|p1a: Raging Bolt
|
|-heal|p2a: Gliscor|74/100 tox|[from] ability: Poison Heal
|-fieldend|move: Grassy Terrain
|upkeep
|turn|14
|
|t:|1781173734
|move|p1a: Raging Bolt|Dragon Pulse|p2a: Gliscor
|-damage|p2a: Gliscor|2/100 tox
|move|p2a: Gliscor|Toxic|p1a: Raging Bolt
|-status|p1a: Raging Bolt|tox
|
|-damage|p1a: Raging Bolt|94/100 tox|[from] psn
|-heal|p2a: Gliscor|14/100 tox|[from] ability: Poison Heal
|upkeep
|turn|15
|
|t:|1781173743
|move|p1a: Raging Bolt|Calm Mind|p1a: Raging Bolt
|-boost|p1a: Raging Bolt|spa|1
|-boost|p1a: Raging Bolt|spd|1
|move|p2a: Gliscor|Earthquake|p1a: Raging Bolt
|-supereffective|p1a: Raging Bolt
|-damage|p1a: Raging Bolt|28/100 tox
|
|-damage|p1a: Raging Bolt|16/100 tox|[from] psn
|-heal|p2a: Gliscor|26/100 tox|[from] ability: Poison Heal
|upkeep
|turn|16
|
|t:|1781173746
|move|p2a: Gliscor|Protect|p2a: Gliscor
|-singleturn|p2a: Gliscor|Protect
|move|p1a: Raging Bolt|Dragon Pulse|p2a: Gliscor
|-activate|p2a: Gliscor|move: Protect
|
|-damage|p1a: Raging Bolt|0 fnt|[from] psn
|faint|p1a: Raging Bolt
|-end|p1a: Raging Bolt|Protosynthesis|[silent]
|-heal|p2a: Gliscor|39/100 tox|[from] ability: Poison Heal
|upkeep
|
|t:|1781173749
|switch|p1a: Iron Valiant|Iron Valiant|100/100
|-damage|p1a: Iron Valiant|94/100|[from] Stealth Rock
|-enditem|p1a: Iron Valiant|Booster Energy
|-activate|p1a: Iron Valiant|ability: Quark Drive|[fromitem]
|-start|p1a: Iron Valiant|quarkdrivespa
|turn|17
|inactive|Latin Playboy has 120 seconds left.
|
|t:|1781173770
|move|p1a: Iron Valiant|Moonblast|p2a: Gliscor
|-damage|p2a: Gliscor|0 fnt
|faint|p2a: Gliscor
|
|upkeep
|
|t:|1781173775
|switch|p2a: Rillaboom|Rillaboom, F, tera:Grass|100/100
|-activate|p2a: Rillaboom|move: Sticky Web
|-unboost|p2a: Rillaboom|spe|1
|-fieldstart|move: Grassy Terrain|[from] ability: Grassy Surge|[of] p2a: Rillaboom
|turn|18
|
|t:|1781173782
|-end|p1a: Iron Valiant|Quark Drive|[silent]
|switch|p1a: Araquanid|Araquanid, M|44/100
|-damage|p1a: Araquanid|19/100|[from] Stealth Rock
|move|p2a: Rillaboom|Grassy Glide|p1a: Araquanid
|-damage|p1a: Araquanid|0 fnt
|faint|p1a: Araquanid
|
|upkeep
|
|t:|1781173784
|switch|p1a: Deoxys|Deoxys-Speed|100/100
|-damage|p1a: Deoxys|88/100|[from] Stealth Rock
|-ability|p1a: Deoxys|Pressure
|turn|19
|
|t:|1781173797
|switch|p2a: Great Tusk|Great Tusk|100/100
|move|p1a: Deoxys|Ice Beam|p2a: Great Tusk
|-supereffective|p2a: Great Tusk
|-damage|p2a: Great Tusk|1/100
|-damage|p1a: Deoxys|79/100|[from] item: Life Orb
|
|-heal|p1a: Deoxys|85/100|[from] Grassy Terrain
|-heal|p2a: Great Tusk|7/100|[from] Grassy Terrain
|upkeep
|turn|20
|
|t:|1781173803
|move|p1a: Deoxys|Ice Beam|p2a: Great Tusk
|-supereffective|p2a: Great Tusk
|-damage|p2a: Great Tusk|0 fnt
|faint|p2a: Great Tusk
|-end|p2a: Great Tusk|Protosynthesis|[silent]
|-damage|p1a: Deoxys|75/100|[from] item: Life Orb
|
|-heal|p1a: Deoxys|81/100|[from] Grassy Terrain
|upkeep
|
|t:|1781173813
|switch|p2a: Rillaboom|Rillaboom, F, tera:Grass|100/100
|-activate|p2a: Rillaboom|move: Sticky Web
|-unboost|p2a: Rillaboom|spe|1
|turn|21
|
|t:|1781173817
|move|p2a: Rillaboom|Grassy Glide|p1a: Deoxys
|-damage|p1a: Deoxys|0 fnt
|faint|p1a: Deoxys
|
|upkeep
|
|t:|1781173820
|switch|p1a: Iron Valiant|Iron Valiant|94/100
|-damage|p1a: Iron Valiant|88/100|[from] Stealth Rock
|turn|22
|
|t:|1781173826
|move|p2a: Rillaboom|Grassy Glide|p1a: Iron Valiant
|-damage|p1a: Iron Valiant|0 fnt
|faint|p1a: Iron Valiant
|-end|p1a: Iron Valiant|Quark Drive|[silent]
|
|win|Latin Playboy
|raw|xp180's rating: 1634 &rarr; <strong>1613</strong><br />(-21 for losing)
|raw|Latin Playboy's rating: 1611 &rarr; <strong>1632</strong><br />(+21 for winning)
|l|☆xp180
|player|p1|
|l|☆Latin Playboy
|player|p2|
