|badge|p2|bronze|gen9ubers|100-9
|uhtml|medal-msg|<div class="broadcast-blue">Curious what those medals under the avatar are? PS now has Ladder Seasons! For more information, check out the <a href="https://www.smogon.com/forums/threads/3740067/">thread on Smogon.</a></div>
|j|☆LowEL0God
|j|☆Zerotti
|t:|1781589662
|gametype|singles
|player|p1|LowEL0God|265|1597
|player|p2|Zerotti|#dwcopiv|1684
|gen|9
|tier|[Gen 9] OU
|rated|
|rule|HP Percentage Mod: HP is shown in percentages
|rule|Endless Battle Clause: Forcing endless battles is banned
|rule|Species Clause: Limit one of each Pokémon
|rule|OHKO Clause: OHKO moves are banned
|rule|Evasion Items Clause: Evasion items are banned
|rule|Evasion Moves Clause: Evasion moves are banned
|rule|Evasion Abilities Clause: Evasion abilities are banned
|rule|Sleep Moves Clause: Sleep-inducing moves are banned
|clearpoke
|poke|p1|Pelipper, M|
|poke|p1|Raging Bolt|
|poke|p1|Overqwil, M|
|poke|p1|Barraskewda, M|
|poke|p1|Iron Treads|
|poke|p1|Kingambit, F|
|poke|p2|Okidogi, M|
|poke|p2|Ogerpon, F|
|poke|p2|Raging Bolt|
|poke|p2|Iron Treads|
|poke|p2|Pecharunt|
|poke|p2|Ting-Lu|
|teampreview
|inactive|Battle timer is ON: inactive players will automatically lose when time's up. (requested by Zerotti)
|c|☆LowEL0God|hf
|inactive|LowEL0God also wants the timer to be on.
|
|t:|1781589689
|teamsize|p1|6
|teamsize|p2|6
|start
|switch|p1a: Kingambit|Kingambit, F|100/100
|switch|p2a: Raging Bolt|Raging Bolt|100/100
|turn|1
|
|t:|1781589693
|-end|p2a: Raging Bolt|Protosynthesis|[silent]
|switch|p2a: Okidogi|Okidogi, M|100/100
|move|p1a: Kingambit|Swords Dance|p1a: Kingambit
|-boost|p1a: Kingambit|atk|2
|
|upkeep
|turn|2
|
|t:|1781589697
|-terastallize|p1a: Kingambit|Dark
|move|p2a: Okidogi|Bulk Up|p2a: Okidogi
|-boost|p2a: Okidogi|atk|1
|-boost|p2a: Okidogi|def|1
|move|p1a: Kingambit|Iron Head|p2a: Okidogi
|-damage|p2a: Okidogi|47/100
|
|-heal|p2a: Okidogi|53/100|[from] item: Leftovers
|upkeep
|turn|3
|
|t:|1781589704
|-end|p1a: Kingambit|fallenundefined|[silent]
|switch|p1a: Pelipper|Pelipper, M|100/100
|-weather|RainDance|[from] ability: Drizzle|[of] p1a: Pelipper
|move|p2a: Okidogi|Drain Punch|p1a: Pelipper
|-resisted|p1a: Pelipper
|-crit|p1a: Pelipper
|-damage|p1a: Pelipper|75/100
|-heal|p2a: Okidogi|64/100|[from] drain|[of] p1a: Pelipper
|
|-weather|RainDance|[upkeep]
|-heal|p2a: Okidogi|70/100|[from] item: Leftovers
|upkeep
|turn|4
|
|t:|1781589714
|switch|p2a: Raging Bolt|Raging Bolt|100/100
|move|p1a: Pelipper|Hurricane|p2a: Raging Bolt
|-resisted|p2a: Raging Bolt
|-damage|p2a: Raging Bolt|84/100
|
|-weather|RainDance|[upkeep]
|upkeep
|turn|5
|
|t:|1781589724
|-end|p2a: Raging Bolt|Protosynthesis|[silent]
|switch|p2a: Ogerpon|Ogerpon, F|100/100
|switch|p1a: Iron Treads|Iron Treads|100/100
|-enditem|p1a: Iron Treads|Booster Energy
|-activate|p1a: Iron Treads|ability: Quark Drive|[fromitem]
|-start|p1a: Iron Treads|quarkdrivespe
|
|-weather|RainDance|[upkeep]
|upkeep
|turn|6
|
|t:|1781589730
|move|p1a: Iron Treads|Stealth Rock|p2a: Ogerpon
|-sidestart|p2: Zerotti|move: Stealth Rock
|move|p2a: Ogerpon|Ivy Cudgel|p1a: Iron Treads
|-damage|p1a: Iron Treads|54/100
|
|-weather|RainDance|[upkeep]
|upkeep
|turn|7
|
|t:|1781589734
|-end|p1a: Iron Treads|Quark Drive|[silent]
|switch|p1a: Kingambit|Kingambit, F, tera:Dark|100/100
|move|p2a: Ogerpon|Ivy Cudgel|p1a: Kingambit
|-damage|p1a: Kingambit|64/100
|
|-weather|RainDance|[upkeep]
|-heal|p1a: Kingambit|70/100|[from] item: Leftovers
|upkeep
|turn|8
|
|t:|1781589742
|move|p2a: Ogerpon|U-turn|p1a: Kingambit
|-supereffective|p1a: Kingambit
|-damage|p1a: Kingambit|34/100
|
|t:|1781589747
|switch|p2a: Okidogi|Okidogi, M|70/100|[from] U-turn
|-damage|p2a: Okidogi|64/100|[from] Stealth Rock
|move|p1a: Kingambit|Swords Dance|p1a: Kingambit
|-boost|p1a: Kingambit|atk|2
|
|-weather|RainDance|[upkeep]
|-heal|p2a: Okidogi|70/100|[from] item: Leftovers
|-heal|p1a: Kingambit|40/100|[from] item: Leftovers
|upkeep
|turn|9
|
|t:|1781589749
|-end|p1a: Kingambit|fallenundefined|[silent]
|switch|p1a: Pelipper|Pelipper, M|75/100
|move|p2a: Okidogi|Drain Punch|p1a: Pelipper
|-resisted|p1a: Pelipper
|-damage|p1a: Pelipper|63/100
|-heal|p2a: Okidogi|75/100|[from] drain|[of] p1a: Pelipper
|
|-weather|RainDance|[upkeep]
|-heal|p2a: Okidogi|81/100|[from] item: Leftovers
|upkeep
|turn|10
|
|t:|1781589754
|switch|p2a: Raging Bolt|Raging Bolt|84/100
|move|p1a: Pelipper|Hurricane|p2a: Raging Bolt
|-resisted|p2a: Raging Bolt
|-damage|p2a: Raging Bolt|68/100
|-start|p2a: Raging Bolt|confusion
|
|-weather|none
|upkeep
|turn|11
|
|t:|1781589761
|-end|p2a: Raging Bolt|Protosynthesis|[silent]
|switch|p2a: Ting-Lu|Ting-Lu|100/100
|-damage|p2a: Ting-Lu|94/100|[from] Stealth Rock
|-ability|p2a: Ting-Lu|Vessel of Ruin
|switch|p1a: Iron Treads|Iron Treads|54/100
|
|-heal|p2a: Ting-Lu|100/100|[from] item: Leftovers
|upkeep
|turn|12
|
|t:|1781589765
|-end|p1a: Iron Treads|Quark Drive|[silent]
|switch|p1a: Pelipper|Pelipper, M|63/100
|-weather|RainDance|[from] ability: Drizzle|[of] p1a: Pelipper
|move|p2a: Ting-Lu|Spikes|p1a: Pelipper
|-sidestart|p1: LowEL0God|Spikes
|
|-weather|RainDance|[upkeep]
|upkeep
|turn|13
|
|t:|1781589773
|move|p2a: Ting-Lu|Spikes|p1a: Pelipper
|-sidestart|p1: LowEL0God|Spikes
|move|p1a: Pelipper|Weather Ball|p2a: Ting-Lu
|-supereffective|p2a: Ting-Lu
|-damage|p2a: Ting-Lu|61/100
|
|-weather|RainDance|[upkeep]
|-heal|p2a: Ting-Lu|67/100|[from] item: Leftovers
|upkeep
|turn|14
|
|t:|1781589777
|switch|p2a: Raging Bolt|Raging Bolt|68/100
|move|p1a: Pelipper|Weather Ball|p2a: Raging Bolt
|-resisted|p2a: Raging Bolt
|-damage|p2a: Raging Bolt|42/100
|
|-weather|RainDance|[upkeep]
|upkeep
|turn|15
|
|t:|1781589781
|switch|p1a: Iron Treads|Iron Treads|54/100
|-damage|p1a: Iron Treads|37/100|[from] Spikes
|move|p2a: Raging Bolt|Dragon Pulse|p1a: Iron Treads
|-resisted|p1a: Iron Treads
|-damage|p1a: Iron Treads|2/100
|
|-weather|RainDance|[upkeep]
|upkeep
|turn|16
|
|t:|1781589787
|-end|p2a: Raging Bolt|Protosynthesis|[silent]
|switch|p2a: Pecharunt|Pecharunt|100/100
|move|p1a: Iron Treads|Earth Power|p2a: Pecharunt
|-supereffective|p2a: Pecharunt
|-damage|p2a: Pecharunt|29/100
|
|-weather|RainDance|[upkeep]
|upkeep
|turn|17
|
|t:|1781589791
|move|p1a: Iron Treads|Earth Power|p2a: Pecharunt
|-supereffective|p2a: Pecharunt
|-damage|p2a: Pecharunt|0 fnt
|faint|p2a: Pecharunt
|
|-weather|RainDance|[upkeep]
|upkeep
|
|t:|1781589794
|switch|p2a: Ogerpon|Ogerpon, F|100/100
|turn|18
|
|t:|1781589798
|move|p2a: Ogerpon|Knock Off|p1a: Iron Treads
|-damage|p1a: Iron Treads|0 fnt
|faint|p1a: Iron Treads
|-end|p1a: Iron Treads|Quark Drive|[silent]
|
|-weather|RainDance|[upkeep]
|upkeep
|
|t:|1781589799
|switch|p1a: Overqwil|Overqwil, M|100/100
|-damage|p1a: Overqwil|84/100|[from] Spikes
|turn|19
|
|t:|1781589817
|switch|p2a: Ting-Lu|Ting-Lu|67/100
|-damage|p2a: Ting-Lu|61/100|[from] Stealth Rock
|-ability|p2a: Ting-Lu|Vessel of Ruin
|move|p1a: Overqwil|Gunk Shot|p2a: Ting-Lu
|-resisted|p2a: Ting-Lu
|-damage|p2a: Ting-Lu|40/100
|-damage|p1a: Overqwil|74/100|[from] item: Life Orb
|
|-weather|none
|-heal|p2a: Ting-Lu|46/100|[from] item: Leftovers
|upkeep
|turn|20
|
|t:|1781589825
|switch|p1a: Pelipper|Pelipper, M|63/100
|-weather|RainDance|[from] ability: Drizzle|[of] p1a: Pelipper
|switch|p2a: Ogerpon|Ogerpon, F|100/100
|
|-weather|RainDance|[upkeep]
|upkeep
|turn|21
|
|t:|1781589839
|move|p2a: Ogerpon|Ivy Cudgel|p1a: Pelipper
|-damage|p1a: Pelipper|23/100
|move|p1a: Pelipper|Hurricane|p2a: Ogerpon
|-supereffective|p2a: Ogerpon
|-damage|p2a: Ogerpon|11/100
|-start|p2a: Ogerpon|confusion
|
|-weather|RainDance|[upkeep]
|upkeep
|turn|22
|
|t:|1781589844
|-activate|p2a: Ogerpon|confusion
|-damage|p2a: Ogerpon|0 fnt|[from] confusion
|faint|p2a: Ogerpon
|move|p1a: Pelipper|Roost|p1a: Pelipper
|-heal|p1a: Pelipper|74/100
|-singleturn|p1a: Pelipper|move: Roost
|
|-weather|RainDance|[upkeep]
|upkeep
|
|t:|1781589848
|switch|p2a: Raging Bolt|Raging Bolt|42/100
|turn|23
|
|t:|1781589853
|switch|p1a: Kingambit|Kingambit, F, tera:Dark|40/100
|-damage|p1a: Kingambit|24/100|[from] Spikes
|-activate|p1a: Kingambit|ability: Supreme Overlord
|-start|p1a: Kingambit|fallen1|[silent]
|move|p2a: Raging Bolt|Dragon Pulse|p1a: Kingambit
|-damage|p1a: Kingambit|0 fnt
|faint|p1a: Kingambit
|-end|p1a: Kingambit|fallen1|[silent]
|
|-weather|RainDance|[upkeep]
|upkeep
|
|t:|1781589854
|switch|p1a: Barraskewda|Barraskewda, M|100/100
|-damage|p1a: Barraskewda|84/100|[from] Spikes
|turn|24
|
|t:|1781589858
|move|p1a: Barraskewda|Aqua Jet|p2a: Raging Bolt
|-resisted|p2a: Raging Bolt
|-damage|p2a: Raging Bolt|19/100
|move|p2a: Raging Bolt|Thunderclap||[still]
|-fail|p2a: Raging Bolt
|
|-weather|RainDance|[upkeep]
|upkeep
|turn|25
|
|t:|1781589862
|move|p1a: Barraskewda|Aqua Jet|p2a: Raging Bolt
|-resisted|p2a: Raging Bolt
|-damage|p2a: Raging Bolt|0 fnt
|faint|p2a: Raging Bolt
|-end|p2a: Raging Bolt|Protosynthesis|[silent]
|
|-weather|RainDance|[upkeep]
|upkeep
|
|t:|1781589870
|switch|p2a: Okidogi|Okidogi, M|81/100
|-damage|p2a: Okidogi|75/100|[from] Stealth Rock
|turn|26
|
|t:|1781589872
|switch|p1a: Pelipper|Pelipper, M|74/100
|-terastallize|p2a: Okidogi|Water
|move|p2a: Okidogi|Bulk Up|p2a: Okidogi
|-boost|p2a: Okidogi|atk|1
|-boost|p2a: Okidogi|def|1
|
|-weather|RainDance|[upkeep]
|-heal|p2a: Okidogi|81/100|[from] item: Leftovers
|upkeep
|turn|27
|
|t:|1781589879
|move|p2a: Okidogi|Poison Jab|p1a: Pelipper
|-damage|p1a: Pelipper|33/100
|move|p1a: Pelipper|Hurricane|p2a: Okidogi
|-damage|p2a: Okidogi|51/100
|
|-weather|none
|-heal|p2a: Okidogi|57/100|[from] item: Leftovers
|upkeep
|turn|28
|
|t:|1781589889
|switch|p1a: Raging Bolt|Raging Bolt|100/100
|-damage|p1a: Raging Bolt|84/100|[from] Spikes
|-enditem|p1a: Raging Bolt|Booster Energy
|-activate|p1a: Raging Bolt|ability: Protosynthesis|[fromitem]
|-start|p1a: Raging Bolt|protosynthesisspa
|move|p2a: Okidogi|Bulk Up|p2a: Okidogi
|-boost|p2a: Okidogi|atk|1
|-boost|p2a: Okidogi|def|1
|
|-heal|p2a: Okidogi|63/100|[from] item: Leftovers
|upkeep
|turn|29
|
|t:|1781589894
|switch|p2a: Iron Treads|Iron Treads|100/100
|-damage|p2a: Iron Treads|97/100|[from] Stealth Rock
|-item|p2a: Iron Treads|Air Balloon
|move|p1a: Raging Bolt|Thunderclap||[still]
|-fail|p1a: Raging Bolt
|
|upkeep
|turn|30
|
|t:|1781589900
|-end|p1a: Raging Bolt|Protosynthesis|[silent]
|switch|p1a: Pelipper|Pelipper, M|33/100
|-weather|RainDance|[from] ability: Drizzle|[of] p1a: Pelipper
|move|p2a: Iron Treads|Stealth Rock|p1a: Pelipper
|-sidestart|p1: LowEL0God|move: Stealth Rock
|
|-weather|RainDance|[upkeep]
|upkeep
|turn|31
|
|t:|1781589906
|-end|p2a: Iron Treads|Quark Drive|[silent]
|switch|p2a: Okidogi|Okidogi, M, tera:Water|63/100
|-damage|p2a: Okidogi|51/100|[from] Stealth Rock
|move|p1a: Pelipper|Weather Ball|p2a: Okidogi
|-resisted|p2a: Okidogi
|-damage|p2a: Okidogi|33/100
|
|-weather|RainDance|[upkeep]
|-heal|p2a: Okidogi|39/100|[from] item: Leftovers
|upkeep
|turn|32
|
|t:|1781589913
|move|p2a: Okidogi|Poison Jab|p1a: Pelipper
|-damage|p1a: Pelipper|8/100
|-status|p1a: Pelipper|psn
|move|p1a: Pelipper|Roost|p1a: Pelipper
|-heal|p1a: Pelipper|58/100 psn
|-singleturn|p1a: Pelipper|move: Roost
|
|-weather|RainDance|[upkeep]
|-heal|p2a: Okidogi|45/100|[from] item: Leftovers
|-damage|p1a: Pelipper|46/100 psn|[from] psn
|upkeep
|turn|33
|
|t:|1781589923
|switch|p2a: Ting-Lu|Ting-Lu|46/100
|-damage|p2a: Ting-Lu|40/100|[from] Stealth Rock
|-ability|p2a: Ting-Lu|Vessel of Ruin
|move|p1a: Pelipper|Roost|p1a: Pelipper
|-heal|p1a: Pelipper|96/100 psn
|-singleturn|p1a: Pelipper|move: Roost
|
|-weather|RainDance|[upkeep]
|-heal|p2a: Ting-Lu|46/100|[from] item: Leftovers
|-damage|p1a: Pelipper|84/100 psn|[from] psn
|upkeep
|turn|34
|
|t:|1781589929
|move|p2a: Ting-Lu|Ruination|p1a: Pelipper
|-damage|p1a: Pelipper|42/100 psn
|move|p1a: Pelipper|Weather Ball|p2a: Ting-Lu
|-supereffective|p2a: Ting-Lu
|-damage|p2a: Ting-Lu|7/100
|
|-weather|RainDance|[upkeep]
|-heal|p2a: Ting-Lu|13/100|[from] item: Leftovers
|-damage|p1a: Pelipper|30/100 psn|[from] psn
|upkeep
|turn|35
|
|t:|1781589937
|move|p2a: Ting-Lu|Earthquake|p1a: Pelipper
|-immune|p1a: Pelipper
|move|p1a: Pelipper|Roost|p1a: Pelipper
|-heal|p1a: Pelipper|80/100 psn
|-singleturn|p1a: Pelipper|move: Roost
|
|-weather|RainDance|[upkeep]
|-heal|p2a: Ting-Lu|19/100|[from] item: Leftovers
|-damage|p1a: Pelipper|68/100 psn|[from] psn
|upkeep
|turn|36
|
|t:|1781589940
|move|p2a: Ting-Lu|Ruination|p1a: Pelipper
|-damage|p1a: Pelipper|34/100 psn
|move|p1a: Pelipper|Weather Ball|p2a: Ting-Lu
|-supereffective|p2a: Ting-Lu
|-damage|p2a: Ting-Lu|0 fnt
|faint|p2a: Ting-Lu
|
|-weather|RainDance|[upkeep]
|-damage|p1a: Pelipper|22/100 psn|[from] psn
|upkeep
|
|t:|1781589950
|switch|p2a: Okidogi|Okidogi, M, tera:Water|45/100
|-damage|p2a: Okidogi|33/100|[from] Stealth Rock
|turn|37
|
|t:|1781589954
|move|p2a: Okidogi|Poison Jab|p1a: Pelipper
|-damage|p1a: Pelipper|0 fnt
|faint|p1a: Pelipper
|
|-weather|none
|-heal|p2a: Okidogi|39/100|[from] item: Leftovers
|upkeep
|
|t:|1781589955
|switch|p1a: Barraskewda|Barraskewda, M|84/100
|-damage|p1a: Barraskewda|67/100|[from] Spikes
|-damage|p1a: Barraskewda|55/100|[from] Stealth Rock
|turn|38
|
|t:|1781589958
|move|p1a: Barraskewda|Close Combat|p2a: Okidogi
|-damage|p2a: Okidogi|0 fnt
|-unboost|p1a: Barraskewda|def|1
|-unboost|p1a: Barraskewda|spd|1
|faint|p2a: Okidogi
|
|upkeep
|
|t:|1781589960
|switch|p2a: Iron Treads|Iron Treads|97/100
|-damage|p2a: Iron Treads|94/100|[from] Stealth Rock
|-item|p2a: Iron Treads|Air Balloon
|turn|39
|
|t:|1781589962
|move|p1a: Barraskewda|Close Combat|p2a: Iron Treads
|-supereffective|p2a: Iron Treads
|-damage|p2a: Iron Treads|0 fnt
|-unboost|p1a: Barraskewda|def|1
|-unboost|p1a: Barraskewda|spd|1
|-enditem|p2a: Iron Treads|Air Balloon
|faint|p2a: Iron Treads
|-end|p2a: Iron Treads|Quark Drive|[silent]
|
|win|LowEL0God
|raw|LowEL0God's rating: 1597 &rarr; <strong>1622</strong><br />(+25 for winning)
|raw|Zerotti's rating: 1684 &rarr; <strong>1659</strong><br />(-25 for losing)
|c|☆LowEL0God|gg
|l|☆LowEL0God
|player|p1|
