|j|☆hat40
|j|‽LT_Alt1
|t:|1781231333
|gametype|singles
|player|p1|hat40|170|1627
|player|p2|LT_Alt1|102|1715
|gen|9
|tier|[Gen 9] OU
|rated|
|rule|HP Percentage Mod: HP is shown in percentages
|rule|Endless Battle Clause: Forcing endless battles is banned
|rule|Species Clause: Limit one of each Pokémon
|rule|OHKO Clause: OHKO moves are banned
|rule|Evasion Items Clause: Evasion items are banned
|rule|Evasion Moves Clause: Evasion moves are banned
|rule|Evasion Abilities Clause: Evasion abilities are banned
|rule|Sleep Moves Clause: Sleep-inducing moves are banned
|clearpoke
|poke|p1|Pelipper, M|
|poke|p1|Manaphy|
|poke|p1|Bruxish, F|
|poke|p1|Overqwil, F|
|poke|p1|Iron Treads|
|poke|p1|Raging Bolt|
|poke|p2|Kyurem|
|poke|p2|Raging Bolt|
|poke|p2|Hatterene, F|
|poke|p2|Slowking-Galar, F|
|poke|p2|Ting-Lu|
|poke|p2|Corviknight, M|
|teampreview
|j| MushTown
|
|t:|1781231353
|teamsize|p1|6
|teamsize|p2|6
|start
|switch|p1a: Iron Treads|Iron Treads|100/100
|switch|p2a: Slowking|Slowking-Galar, F|100/100
|-enditem|p1a: Iron Treads|Booster Energy
|-activate|p1a: Iron Treads|ability: Quark Drive|[fromitem]
|-start|p1a: Iron Treads|quarkdrivespe
|turn|1
|
|t:|1781231356
|move|p1a: Iron Treads|Stealth Rock|p2a: Slowking
|-sidestart|p2: LT_Alt1|move: Stealth Rock
|move|p2a: Slowking|Flamethrower|p1a: Iron Treads
|-supereffective|p1a: Iron Treads
|-damage|p1a: Iron Treads|60/100
|
|upkeep
|turn|2
|
|t:|1781231365
|move|p1a: Iron Treads|Knock Off|p2a: Slowking
|-supereffective|p2a: Slowking
|-damage|p2a: Slowking|59/100
|-enditem|p2a: Slowking|Shuca Berry|[from] move: Knock Off|[of] p1a: Iron Treads
|move|p2a: Slowking|Flamethrower|p1a: Iron Treads
|-supereffective|p1a: Iron Treads
|-damage|p1a: Iron Treads|15/100
|-status|p1a: Iron Treads|brn
|
|-damage|p1a: Iron Treads|8/100 brn|[from] brn
|upkeep
|turn|3
|
|t:|1781231385
|switch|p2a: Corviknight|Corviknight, M|100/100
|-damage|p2a: Corviknight|88/100|[from] Stealth Rock
|-ability|p2a: Corviknight|Pressure
|move|p1a: Iron Treads|Earthquake|p2a: Corviknight
|-immune|p2a: Corviknight
|
|-damage|p1a: Iron Treads|2/100 brn|[from] brn
|upkeep
|turn|4
|
|t:|1781231401
|move|p1a: Iron Treads|Knock Off|p2a: Corviknight
|-damage|p2a: Corviknight|80/100
|-damage|p1a: Iron Treads|0 fnt|[from] item: Rocky Helmet|[of] p2a: Corviknight
|faint|p1a: Iron Treads
|-end|p1a: Iron Treads|Quark Drive|[silent]
|move|p2a: Corviknight|Defog|p1: Iron Treads|[notarget]
|-fail|p2a: Corviknight
|
|upkeep
|
|t:|1781231418
|switch|p1a: Pelipper|Pelipper, M|100/100
|-weather|RainDance|[from] ability: Drizzle|[of] p1a: Pelipper
|turn|5
|
|t:|1781231421
|move|p2a: Corviknight|Defog|p1a: Pelipper
|-unboost|p1a: Pelipper|evasion|1
|-sideend|p2: LT_Alt1|Stealth Rock|[from] move: Defog|[of] p2a: Corviknight
|move|p1a: Pelipper|Weather Ball|p2a: Corviknight
|-damage|p2a: Corviknight|34/100
|
|-weather|RainDance|[upkeep]
|upkeep
|turn|6
|
|t:|1781231431
|move|p2a: Corviknight|Roost|p2a: Corviknight
|-heal|p2a: Corviknight|84/100
|-singleturn|p2a: Corviknight|move: Roost
|move|p1a: Pelipper|U-turn|p2a: Corviknight
|-resisted|p2a: Corviknight
|-damage|p2a: Corviknight|82/100
|-damage|p1a: Pelipper|84/100|[from] item: Rocky Helmet|[of] p2a: Corviknight
|
|t:|1781231433
|switch|p1a: Raging Bolt|Raging Bolt|100/100|[from] U-turn
|-enditem|p1a: Raging Bolt|Booster Energy
|-activate|p1a: Raging Bolt|ability: Protosynthesis|[fromitem]
|-start|p1a: Raging Bolt|protosynthesisspa
|
|-weather|RainDance|[upkeep]
|upkeep
|turn|7
|
|t:|1781231445
|switch|p2a: Slowking|Slowking-Galar, F|93/100
|move|p1a: Raging Bolt|Weather Ball|p2a: Slowking
|-damage|p2a: Slowking|44/100
|
|-weather|RainDance|[upkeep]
|upkeep
|turn|8
|
|t:|1781231451
|switch|p2a: Raging Bolt|Raging Bolt|100/100
|move|p1a: Raging Bolt|Weather Ball|p2a: Raging Bolt
|-resisted|p2a: Raging Bolt
|-damage|p2a: Raging Bolt|79/100
|
|-weather|RainDance|[upkeep]
|upkeep
|turn|9
|
|t:|1781231456
|-end|p2a: Raging Bolt|Protosynthesis|[silent]
|switch|p2a: Hatterene|Hatterene, F|100/100
|-terastallize|p1a: Raging Bolt|Fairy
|move|p1a: Raging Bolt|Dragon Pulse|p2a: Hatterene
|-immune|p2a: Hatterene
|
|-weather|RainDance|[upkeep]
|upkeep
|turn|10
|
|t:|1781231459
|move|p1a: Raging Bolt|Thunderbolt|p2a: Hatterene
|-damage|p2a: Hatterene|39/100
|move|p2a: Hatterene|Nuzzle|p1a: Raging Bolt
|-damage|p1a: Raging Bolt|98/100
|-status|p1a: Raging Bolt|par
|
|-weather|RainDance|[upkeep]
|-heal|p2a: Hatterene|45/100|[from] item: Leftovers
|upkeep
|turn|11
|
|t:|1781231468
|move|p1a: Raging Bolt|Weather Ball|p2a: Hatterene
|-damage|p2a: Hatterene|0 fnt
|faint|p2a: Hatterene
|
|-weather|RainDance|[upkeep]
|upkeep
|
|t:|1781231488
|switch|p2a: Slowking|Slowking-Galar, F|77/100
|turn|12
|j| longliverock
|
|t:|1781231492
|switch|p2a: Ting-Lu|Ting-Lu|100/100
|-ability|p2a: Ting-Lu|Vessel of Ruin
|cant|p1a: Raging Bolt|par
|
|-weather|none
|upkeep
|turn|13
|
|t:|1781231498
|-end|p1a: Raging Bolt|Protosynthesis|[silent]
|switch|p1a: Pelipper|Pelipper, M|84/100
|-weather|RainDance|[from] ability: Drizzle|[of] p1a: Pelipper
|move|p2a: Ting-Lu|Spikes|p1a: Pelipper
|-sidestart|p1: hat40|Spikes
|
|-weather|RainDance|[upkeep]
|upkeep
|turn|14
|
|t:|1781231502
|move|p1a: Pelipper|U-turn|p2a: Ting-Lu
|-supereffective|p2a: Ting-Lu
|-damage|p2a: Ting-Lu|92/100
|
|t:|1781231506
|switch|p1a: Overqwil|Overqwil, F|100/100|[from] U-turn
|-damage|p1a: Overqwil|88/100|[from] Spikes
|move|p2a: Ting-Lu|Spikes|p1a: Overqwil
|-sidestart|p1: hat40|Spikes
|
|-weather|RainDance|[upkeep]
|-heal|p2a: Ting-Lu|98/100|[from] item: Leftovers
|upkeep
|turn|15
|l| longliverock
|
|t:|1781231513
|move|p1a: Overqwil|Swords Dance|p1a: Overqwil
|-boost|p1a: Overqwil|atk|2
|move|p2a: Ting-Lu|Earthquake|p1a: Overqwil
|-supereffective|p1a: Overqwil
|-damage|p1a: Overqwil|9/100
|
|-weather|RainDance|[upkeep]
|-heal|p2a: Ting-Lu|100/100|[from] item: Leftovers
|upkeep
|turn|16
|
|t:|1781231517
|switch|p2a: Corviknight|Corviknight, M|82/100
|-ability|p2a: Corviknight|Pressure
|move|p1a: Overqwil|Liquidation|p2a: Corviknight
|-damage|p2a: Corviknight|8/100
|-damage|p1a: Overqwil|0 fnt|[from] item: Rocky Helmet|[of] p2a: Corviknight
|faint|p1a: Overqwil
|
|-weather|RainDance|[upkeep]
|upkeep
|
|t:|1781231523
|switch|p1a: Bruxish|Bruxish, F|100/100
|-damage|p1a: Bruxish|84/100|[from] Spikes
|turn|17
|
|t:|1781231528
|move|p1a: Bruxish|Wave Crash|p2a: Corviknight
|-damage|p2a: Corviknight|0 fnt
|-damage|p1a: Bruxish|67/100|[from] item: Rocky Helmet|[of] p2a: Corviknight
|faint|p2a: Corviknight
|-damage|p1a: Bruxish|64/100|[from] Recoil
|
|-weather|RainDance|[upkeep]
|upkeep
|
|t:|1781231536
|switch|p2a: Raging Bolt|Raging Bolt|79/100
|turn|18
|
|t:|1781231543
|switch|p1a: Raging Bolt|Raging Bolt, tera:Fairy|98/100 par
|-damage|p1a: Raging Bolt|81/100 par|[from] Spikes
|move|p2a: Raging Bolt|Thunderclap||[still]
|-fail|p2a: Raging Bolt
|
|-weather|RainDance|[upkeep]
|upkeep
|turn|19
|
|t:|1781231550
|move|p2a: Raging Bolt|Volt Switch|p1a: Raging Bolt
|-damage|p1a: Raging Bolt|47/100 par
|
|t:|1781231555
|-end|p2a: Raging Bolt|Protosynthesis|[silent]
|switch|p2a: Ting-Lu|Ting-Lu|100/100|[from] Volt Switch
|-ability|p2a: Ting-Lu|Vessel of Ruin
|move|p1a: Raging Bolt|Dragon Pulse|p2a: Ting-Lu
|-damage|p2a: Ting-Lu|78/100
|
|-weather|RainDance|[upkeep]
|-heal|p2a: Ting-Lu|84/100|[from] item: Leftovers
|upkeep
|turn|20
|
|t:|1781231566
|move|p2a: Ting-Lu|Spikes|p1a: Raging Bolt
|-sidestart|p1: hat40|Spikes
|move|p1a: Raging Bolt|Weather Ball|p2a: Ting-Lu
|-supereffective|p2a: Ting-Lu
|-damage|p2a: Ting-Lu|29/100
|
|-weather|none
|-heal|p2a: Ting-Lu|35/100|[from] item: Leftovers
|upkeep
|turn|21
|
|t:|1781231575
|move|p1a: Raging Bolt|Dragon Pulse|p2a: Ting-Lu
|-damage|p2a: Ting-Lu|10/100
|move|p2a: Ting-Lu|Whirlwind|p1a: Raging Bolt
|-end|p1a: Raging Bolt|Protosynthesis|[silent]
|drag|p1a: Pelipper|Pelipper, M|84/100
|-weather|RainDance|[from] ability: Drizzle|[of] p1a: Pelipper
|
|-weather|RainDance|[upkeep]
|-heal|p2a: Ting-Lu|16/100|[from] item: Leftovers
|upkeep
|turn|22
|
|t:|1781231580
|move|p1a: Pelipper|Weather Ball|p2a: Ting-Lu
|-supereffective|p2a: Ting-Lu
|-damage|p2a: Ting-Lu|0 fnt
|faint|p2a: Ting-Lu
|
|-weather|RainDance|[upkeep]
|upkeep
|
|t:|1781231585
|switch|p2a: Slowking|Slowking-Galar, F|100/100
|turn|23
|
|t:|1781231588
|move|p1a: Pelipper|Weather Ball|p2a: Slowking
|-damage|p2a: Slowking|69/100
|-prepare|p2a: Slowking|Chilly Reception|[premajor]
|move|p2a: Slowking|Chilly Reception|p2a: Slowking
|-weather|Snowscape
|
|t:|1781231594
|switch|p2a: Raging Bolt|Raging Bolt|79/100|[from] Chilly Reception
|
|-weather|Snowscape|[upkeep]
|upkeep
|turn|24
|
|t:|1781231599
|move|p2a: Raging Bolt|Thunderbolt|p1a: Pelipper
|-supereffective|p1a: Pelipper
|-damage|p1a: Pelipper|0 fnt
|faint|p1a: Pelipper
|
|-weather|Snowscape|[upkeep]
|upkeep
|
|t:|1781231603
|switch|p1a: Manaphy|Manaphy|100/100
|-damage|p1a: Manaphy|76/100|[from] Spikes
|turn|25
|
|t:|1781231606
|move|p1a: Manaphy|Ice Beam|p2a: Raging Bolt
|-supereffective|p2a: Raging Bolt
|-damage|p2a: Raging Bolt|48/100
|move|p2a: Raging Bolt|Thunderbolt|p1a: Manaphy
|-supereffective|p1a: Manaphy
|-damage|p1a: Manaphy|0 fnt
|faint|p1a: Manaphy
|
|-weather|Snowscape|[upkeep]
|upkeep
|-message|hat40 forfeited.
|
|win|LT_Alt1
|raw|hat40's rating: 1627 &rarr; <strong>1612</strong><br />(-15 for losing)
|raw|LT_Alt1's rating: 1715 &rarr; <strong>1730</strong><br />(+15 for winning)
|l|☆hat40
|player|p1|
|l| MushTown
