|j|☆samohi0
|j|☆phreshoatmeal
|t:|1781500973
|gametype|singles
|player|p1|samohi0|101|1661
|player|p2|phreshoatmeal|265|1771
|gen|9
|tier|[Gen 9] OU
|rated|
|rule|HP Percentage Mod: HP is shown in percentages
|rule|Endless Battle Clause: Forcing endless battles is banned
|rule|Species Clause: Limit one of each Pokémon
|rule|OHKO Clause: OHKO moves are banned
|rule|Evasion Items Clause: Evasion items are banned
|rule|Evasion Moves Clause: Evasion moves are banned
|rule|Evasion Abilities Clause: Evasion abilities are banned
|rule|Sleep Moves Clause: Sleep-inducing moves are banned
|clearpoke
|poke|p1|Lokix, M|
|poke|p1|Iron Valiant|
|poke|p1|Alomomola, L99, M|
|poke|p1|Mandibuzz, F|
|poke|p1|Great Tusk|
|poke|p1|Gholdengo|
|poke|p2|Tyranitar, F|
|poke|p2|Excadrill, M|
|poke|p2|Hatterene, F|
|poke|p2|Iron Valiant|
|poke|p2|Amoonguss, M|
|poke|p2|Alomomola, M|
|teampreview
|inactive|Battle timer is ON: inactive players will automatically lose when time's up. (requested by samohi0)
|
|t:|1781501005
|teamsize|p1|6
|teamsize|p2|6
|start
|switch|p1a: Shining Agito|Lokix, M, shiny|100/100
|switch|p2a: Tyranitar|Tyranitar, F|100/100
|-weather|Sandstorm|[from] ability: Sand Stream|[of] p2a: Tyranitar
|turn|1
|
|t:|1781501026
|switch|p2a: Alomomola|Alomomola, M|100/100
|move|p1a: Shining Agito|U-turn|p2a: Alomomola
|-damage|p2a: Alomomola|69/100
|-enditem|p2a: Alomomola|Eject Button
|inactive|phreshoatmeal has 120 seconds left.
|
|t:|1781501044
|switch|p2a: Iron Valiant|Iron Valiant|100/100
|
|-weather|Sandstorm|[upkeep]
|-damage|p2a: Iron Valiant|94/100|[from] Sandstorm
|-damage|p1a: Shining Agito|94/100|[from] Sandstorm
|upkeep
|turn|2
|
|t:|1781501052
|switch|p1a: Tetsuya Sawaki|Alomomola, L99, M|100/100
|move|p2a: Iron Valiant|Knock Off|p1a: Tetsuya Sawaki
|-damage|p1a: Tetsuya Sawaki|74/100
|-enditem|p1a: Tetsuya Sawaki|Assault Vest|[from] move: Knock Off|[of] p2a: Iron Valiant
|-damage|p2a: Iron Valiant|85/100|[from] item: Life Orb
|
|-weather|Sandstorm|[upkeep]
|-damage|p2a: Iron Valiant|78/100|[from] Sandstorm
|-damage|p1a: Tetsuya Sawaki|68/100|[from] Sandstorm
|upkeep
|turn|3
|
|t:|1781501060
|move|p2a: Iron Valiant|Thunderbolt|p1a: Tetsuya Sawaki
|-supereffective|p1a: Tetsuya Sawaki
|-damage|p1a: Tetsuya Sawaki|7/100
|-damage|p2a: Iron Valiant|69/100|[from] item: Life Orb
|move|p1a: Tetsuya Sawaki|Flip Turn|p2a: Iron Valiant
|-damage|p2a: Iron Valiant|49/100
|
|t:|1781501067
|switch|p1a: MACHINE TORNADER|Gholdengo|100/100|[from] Flip Turn
|
|-weather|Sandstorm|[upkeep]
|-damage|p2a: Iron Valiant|43/100|[from] Sandstorm
|upkeep
|turn|4
|
|t:|1781501080
|-end|p2a: Iron Valiant|Quark Drive|[silent]
|switch|p2a: Alomomola|Alomomola, M|100/100
|move|p1a: MACHINE TORNADER|Shadow Ball|p2a: Alomomola
|-damage|p2a: Alomomola|60/100
|-unboost|p2a: Alomomola|spd|1
|
|-weather|Sandstorm|[upkeep]
|-damage|p2a: Alomomola|53/100|[from] Sandstorm
|upkeep
|turn|5
|j| choicebanditsgxp
|
|t:|1781501088
|switch|p2a: Tyranitar|Tyranitar, F|100/100
|move|p1a: MACHINE TORNADER|Shadow Ball|p2a: Tyranitar
|-resisted|p2a: Tyranitar
|-damage|p2a: Tyranitar|92/100
|
|-weather|Sandstorm|[upkeep]
|upkeep
|turn|6
|
|t:|1781501102
|switch|p1a: G3-X|Iron Valiant, shiny|100/100
|move|p2a: Tyranitar|Ice Beam|p1a: G3-X
|-damage|p1a: G3-X|67/100
|
|-weather|Sandstorm|[upkeep]
|-damage|p1a: G3-X|61/100|[from] Sandstorm
|upkeep
|turn|7
|
|t:|1781501106
|switch|p2a: Amoonguss|Amoonguss, M|100/100
|move|p1a: G3-X|Moonblast|p2a: Amoonguss
|-resisted|p2a: Amoonguss
|-damage|p2a: Amoonguss|69/100
|-unboost|p2a: Amoonguss|spa|1
|-enditem|p2a: Amoonguss|Eject Button
|
|t:|1781501111
|switch|p2a: Excadrill|Excadrill, M|100/100
|
|-weather|Sandstorm|[upkeep]
|-damage|p1a: G3-X|55/100|[from] Sandstorm
|upkeep
|turn|8
|
|t:|1781501119
|-end|p1a: G3-X|Quark Drive|[silent]
|switch|p1a: Overlord|Mandibuzz, F|100/100
|move|p2a: Excadrill|Iron Head|p1a: Overlord
|-damage|p1a: Overlord|61/100
|
|-weather|none
|upkeep
|turn|9
|
|t:|1781501123
|move|p2a: Excadrill|Iron Head|p1a: Overlord
|-damage|p1a: Overlord|19/100
|move|p1a: Overlord|Foul Play|p2a: Excadrill
|-damage|p2a: Excadrill|16/100
|
|upkeep
|turn|10
|
|t:|1781501140
|switch|p1a: MACHINE TORNADER|Gholdengo|100/100
|move|p2a: Excadrill|Iron Head|p1a: MACHINE TORNADER
|-resisted|p1a: MACHINE TORNADER
|-damage|p1a: MACHINE TORNADER|63/100
|
|upkeep
|turn|11
|
|t:|1781501148
|switch|p2a: Tyranitar|Tyranitar, F|92/100
|-weather|Sandstorm|[from] ability: Sand Stream|[of] p2a: Tyranitar
|move|p1a: MACHINE TORNADER|Make It Rain|p2a: Tyranitar
|-supereffective|p2a: Tyranitar
|-damage|p2a: Tyranitar|40/100
|-unboost|p1a: MACHINE TORNADER|spa|1
|
|-weather|Sandstorm|[upkeep]
|upkeep
|turn|12
|
|t:|1781501163
|switch|p1a: Tetsuya Sawaki|Alomomola, L99, M|40/100
|switch|p2a: Alomomola|Alomomola, M|87/100
|
|-weather|Sandstorm|[upkeep]
|-damage|p2a: Alomomola|81/100|[from] Sandstorm
|-damage|p1a: Tetsuya Sawaki|34/100|[from] Sandstorm
|upkeep
|turn|13
|
|t:|1781501169
|move|p2a: Alomomola|Flip Turn|p1a: Tetsuya Sawaki
|-resisted|p1a: Tetsuya Sawaki
|-damage|p1a: Tetsuya Sawaki|29/100
|
|t:|1781501176
|switch|p2a: Amoonguss|Amoonguss, M|100/100|[from] Flip Turn
|move|p1a: Tetsuya Sawaki|Flip Turn|p2a: Amoonguss
|-resisted|p2a: Amoonguss
|-damage|p2a: Amoonguss|95/100
|
|t:|1781501183
|switch|p1a: MACHINE TORNADER|Gholdengo|63/100|[from] Flip Turn
|
|-weather|Sandstorm|[upkeep]
|-damage|p2a: Amoonguss|89/100|[from] Sandstorm
|upkeep
|turn|14
|l| choicebanditsgxp
|
|t:|1781501191
|switch|p2a: Alomomola|Alomomola, M|100/100
|move|p1a: MACHINE TORNADER|Trick|p2a: Alomomola
|-activate|p1a: MACHINE TORNADER|move: Trick|[of] p2a: Alomomola
|-item|p2a: Alomomola|Choice Scarf|[from] move: Trick
|-enditem|p1a: MACHINE TORNADER|Choice Scarf|[silent]|[from] move: Trick
|
|-weather|Sandstorm|[upkeep]
|-damage|p2a: Alomomola|94/100|[from] Sandstorm
|upkeep
|turn|15
|
|t:|1781501205
|move|p1a: MACHINE TORNADER|Shadow Ball|p2a: Alomomola
|-damage|p2a: Alomomola|58/100
|move|p2a: Alomomola|Flip Turn|p1a: MACHINE TORNADER
|-damage|p1a: MACHINE TORNADER|44/100
|
|t:|1781501214
|switch|p2a: Excadrill|Excadrill, M|16/100|[from] Flip Turn
|
|-weather|Sandstorm|[upkeep]
|upkeep
|turn|16
|
|t:|1781501230
|switch|p1a: Tetsuya Sawaki|Alomomola, L99, M|62/100
|move|p2a: Excadrill|Iron Head|p1a: Tetsuya Sawaki
|-resisted|p1a: Tetsuya Sawaki
|-damage|p1a: Tetsuya Sawaki|38/100
|
|-weather|Sandstorm|[upkeep]
|-damage|p1a: Tetsuya Sawaki|31/100|[from] Sandstorm
|upkeep
|turn|17
|
|t:|1781501238
|switch|p2a: Hatterene|Hatterene, F|100/100
|move|p1a: Tetsuya Sawaki|Flip Turn|p2a: Hatterene
|-damage|p2a: Hatterene|88/100
|
|t:|1781501243
|switch|p1a: MACHINE TORNADER|Gholdengo|44/100|[from] Flip Turn
|
|-weather|Sandstorm|[upkeep]
|-damage|p2a: Hatterene|82/100|[from] Sandstorm
|-heal|p2a: Hatterene|88/100|[from] item: Leftovers
|upkeep
|turn|18
|
|t:|1781501246
|switch|p2a: Alomomola|Alomomola, M|92/100
|move|p1a: MACHINE TORNADER|Nasty Plot|p1a: MACHINE TORNADER
|-boost|p1a: MACHINE TORNADER|spa|2
|
|-weather|none
|upkeep
|turn|19
|
|t:|1781501259
|move|p1a: MACHINE TORNADER|Shadow Ball|p2a: Alomomola
|-damage|p2a: Alomomola|17/100
|move|p2a: Alomomola|Flip Turn|p1a: MACHINE TORNADER
|-damage|p1a: MACHINE TORNADER|25/100
|
|t:|1781501264
|switch|p2a: Iron Valiant|Iron Valiant|43/100|[from] Flip Turn
|
|upkeep
|turn|20
|
|t:|1781501278
|switch|p1a: Overlord|Mandibuzz, F|19/100
|move|p2a: Iron Valiant|Moonblast|p1a: Overlord
|-supereffective|p1a: Overlord
|-damage|p1a: Overlord|0 fnt
|faint|p1a: Overlord
|-damage|p2a: Iron Valiant|33/100|[from] item: Life Orb
|
|upkeep
|
|t:|1781501281
|switch|p1a: Shining Agito|Lokix, M, shiny|94/100
|turn|21
|
|t:|1781501293
|-end|p2a: Iron Valiant|Quark Drive|[silent]
|switch|p2a: Amoonguss|Amoonguss, M|100/100
|move|p1a: Shining Agito|First Impression|p2a: Amoonguss
|-damage|p2a: Amoonguss|54/100
|
|upkeep
|turn|22
|
|t:|1781501311
|switch|p1a: MACHINE TORNADER|Gholdengo|25/100
|switch|p2a: Iron Valiant|Iron Valiant|33/100
|
|upkeep
|turn|23
|
|t:|1781501319
|switch|p1a: Tetsuya Sawaki|Alomomola, L99, M|65/100
|move|p2a: Iron Valiant|Moonblast|p1a: Tetsuya Sawaki
|-damage|p1a: Tetsuya Sawaki|15/100
|-unboost|p1a: Tetsuya Sawaki|spa|1
|-damage|p2a: Iron Valiant|23/100|[from] item: Life Orb
|
|upkeep
|turn|24
|
|t:|1781501327
|move|p2a: Iron Valiant|Drain Punch|p1a: Tetsuya Sawaki
|-damage|p1a: Tetsuya Sawaki|0 fnt
|-heal|p2a: Iron Valiant|35/100|[from] drain|[of] p1a: Tetsuya Sawaki
|faint|p1a: Tetsuya Sawaki
|-damage|p2a: Iron Valiant|25/100|[from] item: Life Orb
|
|upkeep
|
|t:|1781501331
|switch|p1a: Shining Agito|Lokix, M, shiny|94/100
|turn|25
|
|t:|1781501344
|-end|p2a: Iron Valiant|Quark Drive|[silent]
|switch|p2a: Amoonguss|Amoonguss, M|87/100
|move|p1a: Shining Agito|U-turn|p2a: Amoonguss
|-damage|p2a: Amoonguss|52/100
|
|t:|1781501353
|switch|p1a: MACHINE TORNADER|Gholdengo|25/100|[from] U-turn
|
|upkeep
|turn|26
|
|t:|1781501373
|switch|p2a: Tyranitar|Tyranitar, F|40/100
|-weather|Sandstorm|[from] ability: Sand Stream|[of] p2a: Tyranitar
|move|p1a: MACHINE TORNADER|Shadow Ball|p2a: Tyranitar
|-resisted|p2a: Tyranitar
|-damage|p2a: Tyranitar|32/100
|
|-weather|Sandstorm|[upkeep]
|upkeep
|turn|27
|
|t:|1781501388
|move|p1a: MACHINE TORNADER|Nasty Plot|p1a: MACHINE TORNADER
|-boost|p1a: MACHINE TORNADER|spa|2
|move|p2a: Tyranitar|Ice Beam|p1a: MACHINE TORNADER
|-resisted|p1a: MACHINE TORNADER
|-damage|p1a: MACHINE TORNADER|14/100
|
|-weather|Sandstorm|[upkeep]
|upkeep
|turn|28
|
|t:|1781501395
|move|p1a: MACHINE TORNADER|Make It Rain|p2a: Tyranitar
|-supereffective|p2a: Tyranitar
|-damage|p2a: Tyranitar|0 fnt
|-unboost|p1a: MACHINE TORNADER|spa|1
|faint|p2a: Tyranitar
|
|-weather|Sandstorm|[upkeep]
|upkeep
|
|t:|1781501398
|switch|p2a: Excadrill|Excadrill, M|16/100
|turn|29
|
|t:|1781501406
|move|p2a: Excadrill|Earthquake|p1a: MACHINE TORNADER
|-supereffective|p1a: MACHINE TORNADER
|-damage|p1a: MACHINE TORNADER|0 fnt
|faint|p1a: MACHINE TORNADER
|
|-weather|Sandstorm|[upkeep]
|upkeep
|
|t:|1781501408
|switch|p1a: Shining Agito|Lokix, M, shiny|94/100
|turn|30
|
|t:|1781501420
|move|p2a: Excadrill|Earthquake|p1a: Shining Agito
|-resisted|p1a: Shining Agito
|-damage|p1a: Shining Agito|33/100
|move|p1a: Shining Agito|U-turn|p2a: Excadrill
|-resisted|p2a: Excadrill
|-damage|p2a: Excadrill|0 fnt
|faint|p2a: Excadrill
|
|t:|1781501424
|switch|p1a: Gills Exceed|Great Tusk|100/100|[from] U-turn
|
|-weather|Sandstorm|[upkeep]
|upkeep
|
|t:|1781501428
|switch|p2a: Hatterene|Hatterene, F|88/100
|turn|31
|
|t:|1781501434
|move|p1a: Gills Exceed|Headlong Rush|p2a: Hatterene
|-damage|p2a: Hatterene|35/100
|-unboost|p1a: Gills Exceed|def|1
|-unboost|p1a: Gills Exceed|spd|1
|move|p2a: Hatterene|Draining Kiss|p1a: Gills Exceed
|-supereffective|p1a: Gills Exceed
|-damage|p1a: Gills Exceed|3/100
|-heal|p2a: Hatterene|100/100|[from] drain|[of] p1a: Gills Exceed
|
|-weather|Sandstorm|[upkeep]
|-damage|p2a: Hatterene|95/100|[from] Sandstorm
|-heal|p2a: Hatterene|100/100|[from] item: Leftovers
|upkeep
|turn|32
|
|t:|1781501455
|move|p1a: Gills Exceed|Headlong Rush|p2a: Hatterene
|-damage|p2a: Hatterene|50/100
|-unboost|p1a: Gills Exceed|def|1
|-unboost|p1a: Gills Exceed|spd|1
|move|p2a: Hatterene|Future Sight|p1a: Gills Exceed
|-start|p2a: Hatterene|move: Future Sight
|
|-weather|Sandstorm|[upkeep]
|-damage|p2a: Hatterene|45/100|[from] Sandstorm
|-heal|p2a: Hatterene|50/100|[from] item: Leftovers
|upkeep
|turn|33
|
|t:|1781501463
|move|p1a: Gills Exceed|Headlong Rush|p2a: Hatterene
|-crit|p2a: Hatterene
|-damage|p2a: Hatterene|0 fnt
|-unboost|p1a: Gills Exceed|def|1
|-unboost|p1a: Gills Exceed|spd|1
|faint|p2a: Hatterene
|
|-weather|none
|upkeep
|
|t:|1781501475
|switch|p2a: Alomomola|Alomomola, M|51/100
|turn|34
|
|t:|1781501482
|move|p2a: Alomomola|Aqua Jet|p1a: Gills Exceed
|-supereffective|p1a: Gills Exceed
|-damage|p1a: Gills Exceed|0 fnt
|faint|p1a: Gills Exceed
|-end|p1a: Gills Exceed|Protosynthesis|[silent]
|
|-hint|Future Sight did not hit because the target is fainted.
|upkeep
|
|t:|1781501485
|switch|p1a: G3-X|Iron Valiant, shiny|55/100
|turn|35
|
|t:|1781501492
|switch|p2a: Amoonguss|Amoonguss, M|85/100
|move|p1a: G3-X|Moonblast|p2a: Amoonguss
|-resisted|p2a: Amoonguss
|-damage|p2a: Amoonguss|54/100
|
|upkeep
|turn|36
|
|t:|1781501507
|-terastallize|p1a: G3-X|Fairy
|move|p1a: G3-X|Moonblast|p2a: Amoonguss
|-resisted|p2a: Amoonguss
|-damage|p2a: Amoonguss|8/100
|move|p2a: Amoonguss|Clear Smog|p1a: G3-X
|-supereffective|p1a: G3-X
|-crit|p1a: G3-X
|-damage|p1a: G3-X|0 fnt
|-clearboost|p1a: G3-X
|faint|p1a: G3-X
|-end|p1a: G3-X|Quark Drive|[silent]
|
|upkeep
|j| isaac_gam3r
|
|t:|1781501512
|switch|p1a: Shining Agito|Lokix, M, shiny|33/100
|turn|37
|
|t:|1781501521
|move|p1a: Shining Agito|Leech Life|p2a: Amoonguss
|-damage|p2a: Amoonguss|0 fnt
|-heal|p1a: Shining Agito|39/100|[from] drain|[of] p2a: Amoonguss
|faint|p2a: Amoonguss
|
|upkeep
|
|t:|1781501523
|switch|p2a: Iron Valiant|Iron Valiant|25/100
|turn|38
|
|t:|1781501527
|move|p2a: Iron Valiant|Moonblast|p1a: Shining Agito
|-supereffective|p1a: Shining Agito
|-damage|p1a: Shining Agito|0 fnt
|faint|p1a: Shining Agito
|-damage|p2a: Iron Valiant|16/100|[from] item: Life Orb
|
|win|phreshoatmeal
|raw|samohi0's rating: 1661 &rarr; <strong>1647</strong><br />(-14 for losing)
|raw|phreshoatmeal's rating: 1771 &rarr; <strong>1785</strong><br />(+14 for winning)
|l|☆samohi0
|player|p1|
|l|☆phreshoatmeal
|player|p2|
