|j|☆SWAGGER_W2F
|j|☆rekjllj
|t:|1781338463
|gametype|singles
|player|p1|SWAGGER_W2F|266|1486
|player|p2|rekjllj|169|1701
|gen|9
|tier|[Gen 9] OU
|rated|
|rule|HP Percentage Mod: HP is shown in percentages
|rule|Endless Battle Clause: Forcing endless battles is banned
|rule|Species Clause: Limit one of each Pokémon
|rule|OHKO Clause: OHKO moves are banned
|rule|Evasion Items Clause: Evasion items are banned
|rule|Evasion Moves Clause: Evasion moves are banned
|rule|Evasion Abilities Clause: Evasion abilities are banned
|rule|Sleep Moves Clause: Sleep-inducing moves are banned
|clearpoke
|poke|p1|Ceruledge, F|
|poke|p1|Scizor, F|
|poke|p1|Raging Bolt|
|poke|p1|Primarina, F|
|poke|p1|Mandibuzz, F|
|poke|p1|Great Tusk|
|poke|p2|Kingambit, F|
|poke|p2|Kommo-o, F|
|poke|p2|Iron Valiant|
|poke|p2|Kyurem|
|poke|p2|Iron Treads|
|poke|p2|Iron Crown|
|teampreview
|c|☆rekjllj|hf
|inactive|Battle timer is ON: inactive players will automatically lose when time's up. (requested by rekjllj)
|
|t:|1781338477
|teamsize|p1|6
|teamsize|p2|6
|start
|switch|p1a: Ceruledge|Ceruledge, F|100/100
|switch|p2a: Iron Crown|Iron Crown|100/100
|-enditem|p2a: Iron Crown|Booster Energy
|-activate|p2a: Iron Crown|ability: Quark Drive|[fromitem]
|-start|p2a: Iron Crown|quarkdrivespe
|turn|1
|
|t:|1781338485
|move|p2a: Iron Crown|Psychic Noise|p1a: Ceruledge
|-damage|p1a: Ceruledge|78/100
|-start|p1a: Ceruledge|move: Heal Block
|cant|p1a: Ceruledge|move: Heal Block|Bitter Blade
|
|upkeep
|turn|2
|
|t:|1781338493
|move|p1a: Ceruledge|Shadow Sneak|p2a: Iron Crown
|-supereffective|p2a: Iron Crown
|-damage|p2a: Iron Crown|57/100
|move|p2a: Iron Crown|Calm Mind|p2a: Iron Crown
|-boost|p2a: Iron Crown|spa|1
|-boost|p2a: Iron Crown|spd|1
|
|-end|p1a: Ceruledge|move: Heal Block
|upkeep
|turn|3
|
|t:|1781338502
|move|p1a: Ceruledge|Shadow Sneak|p2a: Iron Crown
|-supereffective|p2a: Iron Crown
|-damage|p2a: Iron Crown|10/100
|move|p2a: Iron Crown|Psychic Noise|p1a: Ceruledge
|-damage|p1a: Ceruledge|41/100
|-start|p1a: Ceruledge|move: Heal Block
|
|upkeep
|turn|4
|
|t:|1781338510
|move|p1a: Ceruledge|Shadow Sneak|p2a: Iron Crown
|-supereffective|p2a: Iron Crown
|-damage|p2a: Iron Crown|0 fnt
|faint|p2a: Iron Crown
|-end|p2a: Iron Crown|Quark Drive|[silent]
|
|-end|p1a: Ceruledge|move: Heal Block
|upkeep
|
|t:|1781338516
|switch|p2a: Kommo-o|Kommo-o, F|100/100
|turn|5
|
|t:|1781338521
|move|p2a: Kommo-o|Clangorous Soul|p2a: Kommo-o
|-boost|p2a: Kommo-o|atk|1
|-boost|p2a: Kommo-o|def|1
|-boost|p2a: Kommo-o|spa|1
|-boost|p2a: Kommo-o|spd|1
|-boost|p2a: Kommo-o|spe|1
|-damage|p2a: Kommo-o|68/100
|move|p1a: Ceruledge|Poltergeist|p2a: Kommo-o
|-activate|p2a: Kommo-o|move: Poltergeist|Leftovers
|-damage|p2a: Kommo-o|37/100
|
|-heal|p2a: Kommo-o|44/100|[from] item: Leftovers
|upkeep
|turn|6
|
|t:|1781338540
|move|p2a: Kommo-o|Shadow Claw|p1a: Ceruledge
|-supereffective|p1a: Ceruledge
|-damage|p1a: Ceruledge|0 fnt
|faint|p1a: Ceruledge
|
|-heal|p2a: Kommo-o|50/100|[from] item: Leftovers
|upkeep
|
|t:|1781338548
|switch|p1a: Primarina|Primarina, F|100/100
|turn|7
|
|t:|1781338553
|-terastallize|p2a: Kommo-o|Ghost
|move|p2a: Kommo-o|Shadow Claw|p1a: Primarina
|-damage|p1a: Primarina|68/100
|move|p1a: Primarina|Draining Kiss|p2a: Kommo-o
|-damage|p2a: Kommo-o|37/100
|-heal|p1a: Primarina|78/100|[from] drain|[of] p2a: Kommo-o
|
|-heal|p2a: Kommo-o|43/100|[from] item: Leftovers
|-heal|p1a: Primarina|84/100|[from] item: Leftovers
|upkeep
|turn|8
|
|t:|1781338565
|move|p2a: Kommo-o|Drain Punch|p1a: Primarina
|-resisted|p1a: Primarina
|-crit|p1a: Primarina
|-damage|p1a: Primarina|60/100
|-heal|p2a: Kommo-o|56/100|[from] drain|[of] p1a: Primarina
|move|p1a: Primarina|Calm Mind|p1a: Primarina
|-boost|p1a: Primarina|spa|1
|-boost|p1a: Primarina|spd|1
|
|-heal|p2a: Kommo-o|62/100|[from] item: Leftovers
|-heal|p1a: Primarina|66/100|[from] item: Leftovers
|upkeep
|turn|9
|
|t:|1781338576
|move|p2a: Kommo-o|Shadow Claw|p1a: Primarina
|-damage|p1a: Primarina|35/100
|move|p1a: Primarina|Psychic Noise|p2a: Kommo-o
|-immune|p2a: Kommo-o|[from] ability: Soundproof
|
|-heal|p2a: Kommo-o|68/100|[from] item: Leftovers
|-heal|p1a: Primarina|41/100|[from] item: Leftovers
|upkeep
|turn|10
|
|t:|1781338586
|move|p2a: Kommo-o|Drain Punch|p1a: Primarina
|-resisted|p1a: Primarina
|-damage|p1a: Primarina|25/100
|-heal|p2a: Kommo-o|77/100|[from] drain|[of] p1a: Primarina
|move|p1a: Primarina|Draining Kiss|p2a: Kommo-o
|-damage|p2a: Kommo-o|56/100
|-heal|p1a: Primarina|40/100|[from] drain|[of] p2a: Kommo-o
|
|-heal|p2a: Kommo-o|63/100|[from] item: Leftovers
|-heal|p1a: Primarina|46/100|[from] item: Leftovers
|upkeep
|turn|11
|
|t:|1781338598
|move|p2a: Kommo-o|Drain Punch|p1a: Primarina
|-resisted|p1a: Primarina
|-damage|p1a: Primarina|28/100
|-heal|p2a: Kommo-o|72/100|[from] drain|[of] p1a: Primarina
|move|p1a: Primarina|Draining Kiss|p2a: Kommo-o
|-damage|p2a: Kommo-o|52/100
|-heal|p1a: Primarina|43/100|[from] drain|[of] p2a: Kommo-o
|
|-heal|p2a: Kommo-o|58/100|[from] item: Leftovers
|-heal|p1a: Primarina|49/100|[from] item: Leftovers
|upkeep
|turn|12
|
|t:|1781338609
|move|p2a: Kommo-o|Drain Punch|p1a: Primarina
|-resisted|p1a: Primarina
|-damage|p1a: Primarina|31/100
|-heal|p2a: Kommo-o|67/100|[from] drain|[of] p1a: Primarina
|move|p1a: Primarina|Draining Kiss|p2a: Kommo-o
|-damage|p2a: Kommo-o|47/100
|-heal|p1a: Primarina|46/100|[from] drain|[of] p2a: Kommo-o
|
|-heal|p2a: Kommo-o|53/100|[from] item: Leftovers
|-heal|p1a: Primarina|52/100|[from] item: Leftovers
|upkeep
|turn|13
|
|t:|1781338621
|move|p2a: Kommo-o|Drain Punch|p1a: Primarina
|-resisted|p1a: Primarina
|-damage|p1a: Primarina|33/100
|-heal|p2a: Kommo-o|63/100|[from] drain|[of] p1a: Primarina
|move|p1a: Primarina|Draining Kiss|p2a: Kommo-o
|-crit|p2a: Kommo-o
|-damage|p2a: Kommo-o|16/100
|-heal|p1a: Primarina|67/100|[from] drain|[of] p2a: Kommo-o
|
|-heal|p2a: Kommo-o|22/100|[from] item: Leftovers
|-heal|p1a: Primarina|73/100|[from] item: Leftovers
|upkeep
|turn|14
|
|t:|1781338633
|move|p2a: Kommo-o|Shadow Claw|p1a: Primarina
|-damage|p1a: Primarina|41/100
|move|p1a: Primarina|Calm Mind|p1a: Primarina
|-boost|p1a: Primarina|spa|1
|-boost|p1a: Primarina|spd|1
|
|-heal|p2a: Kommo-o|28/100|[from] item: Leftovers
|-heal|p1a: Primarina|47/100|[from] item: Leftovers
|upkeep
|turn|15
|
|t:|1781338642
|move|p2a: Kommo-o|Shadow Claw|p1a: Primarina
|-crit|p1a: Primarina
|-damage|p1a: Primarina|0 fnt
|faint|p1a: Primarina
|
|-heal|p2a: Kommo-o|35/100|[from] item: Leftovers
|upkeep
|
|t:|1781338651
|switch|p1a: Scizor|Scizor, F|100/100
|turn|16
|
|t:|1781338657
|-terastallize|p1a: Scizor|Steel
|move|p1a: Scizor|Bullet Punch|p2a: Kommo-o
|-damage|p2a: Kommo-o|0 fnt
|faint|p2a: Kommo-o
|
|upkeep
|
|t:|1781338664
|switch|p2a: Kingambit|Kingambit, F|100/100
|-activate|p2a: Kingambit|ability: Supreme Overlord
|-start|p2a: Kingambit|fallen2|[silent]
|turn|17
|
|t:|1781338670
|switch|p1a: Great Tusk|Great Tusk|100/100
|move|p2a: Kingambit|Low Kick|p1a: Great Tusk
|-damage|p1a: Great Tusk|60/100
|
|upkeep
|turn|18
|
|t:|1781338676
|-end|p2a: Kingambit|fallen2|[silent]
|switch|p2a: Iron Valiant|Iron Valiant|100/100
|-enditem|p2a: Iron Valiant|Booster Energy
|-activate|p2a: Iron Valiant|ability: Quark Drive|[fromitem]
|-start|p2a: Iron Valiant|quarkdrivespe
|move|p1a: Great Tusk|Headlong Rush|p2a: Iron Valiant
|-damage|p2a: Iron Valiant|12/100
|-unboost|p1a: Great Tusk|def|1
|-unboost|p1a: Great Tusk|spd|1
|
|upkeep
|turn|19
|
|t:|1781338688
|-end|p1a: Great Tusk|Protosynthesis|[silent]
|switch|p1a: Mandibuzz|Mandibuzz, F|100/100
|move|p2a: Iron Valiant|Focus Blast|p1a: Mandibuzz|[miss]
|-miss|p2a: Iron Valiant|p1a: Mandibuzz
|
|upkeep
|turn|20
|
|t:|1781338697
|move|p2a: Iron Valiant|Focus Blast|p1a: Mandibuzz
|-damage|p1a: Mandibuzz|54/100
|move|p1a: Mandibuzz|U-turn|p2a: Iron Valiant
|-resisted|p2a: Iron Valiant
|-damage|p2a: Iron Valiant|9/100
|
|t:|1781338703
|switch|p1a: Scizor|Scizor, F, tera:Steel|100/100|[from] U-turn
|
|upkeep
|turn|21
|
|t:|1781338709
|move|p1a: Scizor|Bullet Punch|p2a: Iron Valiant
|-supereffective|p2a: Iron Valiant
|-damage|p2a: Iron Valiant|0 fnt
|faint|p2a: Iron Valiant
|-end|p2a: Iron Valiant|Quark Drive|[silent]
|
|upkeep
|
|t:|1781338715
|switch|p2a: Kingambit|Kingambit, F|100/100
|-activate|p2a: Kingambit|ability: Supreme Overlord
|-start|p2a: Kingambit|fallen3|[silent]
|turn|22
|
|t:|1781338720
|switch|p1a: Mandibuzz|Mandibuzz, F|54/100
|move|p2a: Kingambit|Low Kick|p1a: Mandibuzz
|-damage|p1a: Mandibuzz|36/100
|
|upkeep
|turn|23
|
|t:|1781338727
|move|p1a: Mandibuzz|Roost|p1a: Mandibuzz
|-heal|p1a: Mandibuzz|86/100
|-singleturn|p1a: Mandibuzz|move: Roost
|move|p2a: Kingambit|Iron Head|p1a: Mandibuzz
|-damage|p1a: Mandibuzz|52/100
|
|upkeep
|turn|24
|
|t:|1781338735
|move|p1a: Mandibuzz|Roost|p1a: Mandibuzz
|-heal|p1a: Mandibuzz|100/100
|-singleturn|p1a: Mandibuzz|move: Roost
|move|p2a: Kingambit|Low Kick|p1a: Mandibuzz
|-supereffective|p1a: Mandibuzz
|-damage|p1a: Mandibuzz|66/100
|
|upkeep
|turn|25
|
|t:|1781338748
|move|p1a: Mandibuzz|U-turn|p2a: Kingambit
|-damage|p2a: Kingambit|90/100
|
|t:|1781338756
|switch|p1a: Raging Bolt|Raging Bolt|100/100|[from] U-turn
|move|p2a: Kingambit|Low Kick|p1a: Raging Bolt
|-damage|p1a: Raging Bolt|41/100
|
|-heal|p2a: Kingambit|96/100|[from] item: Leftovers
|upkeep
|turn|26
|
|t:|1781338767
|move|p1a: Raging Bolt|Thunderclap|p2a: Kingambit
|-damage|p2a: Kingambit|20/100
|move|p2a: Kingambit|Sucker Punch||[still]
|-fail|p2a: Kingambit
|
|-heal|p2a: Kingambit|26/100|[from] item: Leftovers
|upkeep
|turn|27
|
|t:|1781338775
|move|p1a: Raging Bolt|Thunderclap||[still]
|-fail|p1a: Raging Bolt
|move|p2a: Kingambit|Swords Dance|p2a: Kingambit
|-boost|p2a: Kingambit|atk|2
|
|-heal|p2a: Kingambit|32/100|[from] item: Leftovers
|upkeep
|turn|28
|
|t:|1781338783
|move|p1a: Raging Bolt|Thunderclap||[still]
|-fail|p1a: Raging Bolt
|move|p2a: Kingambit|Swords Dance|p2a: Kingambit
|-boost|p2a: Kingambit|atk|2
|
|-heal|p2a: Kingambit|38/100|[from] item: Leftovers
|upkeep
|turn|29
|
|t:|1781338791
|-end|p1a: Raging Bolt|Protosynthesis|[silent]
|switch|p1a: Mandibuzz|Mandibuzz, F|66/100
|move|p2a: Kingambit|Swords Dance|p2a: Kingambit
|-boost|p2a: Kingambit|atk|2
|
|-heal|p2a: Kingambit|44/100|[from] item: Leftovers
|upkeep
|turn|30
|
|t:|1781338800
|move|p2a: Kingambit|Sucker Punch|p1a: Mandibuzz
|-resisted|p1a: Mandibuzz
|-damage|p1a: Mandibuzz|4/100
|move|p1a: Mandibuzz|Foul Play|p2a: Kingambit
|-resisted|p2a: Kingambit
|-damage|p2a: Kingambit|0 fnt
|faint|p2a: Kingambit
|-end|p2a: Kingambit|fallen3|[silent]
|
|upkeep
|
|t:|1781338804
|switch|p2a: Kyurem|Kyurem|100/100
|-ability|p2a: Kyurem|Pressure
|turn|31
|
|t:|1781338811
|move|p2a: Kyurem|Icicle Spear|p1a: Mandibuzz
|-supereffective|p1a: Mandibuzz
|-damage|p1a: Mandibuzz|0 fnt
|faint|p1a: Mandibuzz
|-hitcount|p1: Mandibuzz|1
|
|upkeep
|
|t:|1781338817
|switch|p1a: Scizor|Scizor, F, tera:Steel|100/100
|turn|32
|
|t:|1781338822
|switch|p2a: Iron Treads|Iron Treads|100/100
|-enditem|p2a: Iron Treads|Booster Energy
|-activate|p2a: Iron Treads|ability: Quark Drive|[fromitem]
|-start|p2a: Iron Treads|quarkdrivespe
|move|p1a: Scizor|Close Combat|p2a: Iron Treads
|-supereffective|p2a: Iron Treads
|-damage|p2a: Iron Treads|6/100
|-unboost|p1a: Scizor|def|1
|-unboost|p1a: Scizor|spd|1
|
|upkeep
|turn|33
|
|t:|1781338833
|switch|p1a: Raging Bolt|Raging Bolt|41/100
|move|p2a: Iron Treads|Rapid Spin|p1a: Raging Bolt
|-damage|p1a: Raging Bolt|29/100
|-boost|p2a: Iron Treads|spe|1
|
|upkeep
|turn|34
|
|t:|1781338840
|move|p2a: Iron Treads|Rapid Spin|p1a: Raging Bolt
|-damage|p1a: Raging Bolt|18/100
|-boost|p2a: Iron Treads|spe|1
|move|p1a: Raging Bolt|Draco Meteor|p2a: Iron Treads
|-resisted|p2a: Iron Treads
|-damage|p2a: Iron Treads|0 fnt
|-unboost|p1a: Raging Bolt|spa|2
|faint|p2a: Iron Treads
|-end|p2a: Iron Treads|Quark Drive|[silent]
|
|upkeep
|
|t:|1781338845
|switch|p2a: Kyurem|Kyurem|100/100
|-ability|p2a: Kyurem|Pressure
|turn|35
|
|t:|1781338853
|move|p2a: Kyurem|Scale Shot|p1a: Raging Bolt
|-supereffective|p1a: Raging Bolt
|-damage|p1a: Raging Bolt|0 fnt
|faint|p1a: Raging Bolt
|-end|p1a: Raging Bolt|Protosynthesis|[silent]
|-hitcount|p1: Raging Bolt|1
|-unboost|p2a: Kyurem|def|1
|-boost|p2a: Kyurem|spe|1
|
|upkeep
|
|t:|1781338862
|switch|p1a: Scizor|Scizor, F, tera:Steel|100/100
|turn|36
|
|t:|1781338867
|move|p1a: Scizor|Bullet Punch|p2a: Kyurem
|-supereffective|p2a: Kyurem
|-damage|p2a: Kyurem|0 fnt
|faint|p2a: Kyurem
|
|win|SWAGGER_W2F
|raw|SWAGGER_W2F's rating: 1486 &rarr; <strong>1517</strong><br />(+31 for winning)
|raw|rekjllj's rating: 1701 &rarr; <strong>1670</strong><br />(-31 for losing)
|c|☆rekjllj|gg
