|badge|p2|bronze|gen9ubers|100-9
|uhtml|medal-msg|<div class="broadcast-blue">Curious what those medals under the avatar are? PS now has Ladder Seasons! For more information, check out the <a href="https://www.smogon.com/forums/threads/3740067/">thread on Smogon.</a></div>
|j|☆ChillLanturnYT
|j|☆alexander90281
|t:|1781209056
|gametype|singles
|player|p1|ChillLanturnYT|brycenman|1550
|player|p2|alexander90281|tateandliza-gen3|1602
|gen|9
|tier|[Gen 9] OU
|rated|
|rule|HP Percentage Mod: HP is shown in percentages
|rule|Endless Battle Clause: Forcing endless battles is banned
|rule|Species Clause: Limit one of each Pokémon
|rule|OHKO Clause: OHKO moves are banned
|rule|Evasion Items Clause: Evasion items are banned
|rule|Evasion Moves Clause: Evasion moves are banned
|rule|Evasion Abilities Clause: Evasion abilities are banned
|rule|Sleep Moves Clause: Sleep-inducing moves are banned
|clearpoke
|poke|p1|Magnezone|
|poke|p1|Rillaboom, M|
|poke|p1|Primarina, F|
|poke|p1|Bronzong|
|poke|p1|Hoopa-Unbound|
|poke|p1|Great Tusk|
|poke|p2|Mimikyu, M|
|poke|p2|Hatterene, F|
|poke|p2|Ursaluna, M|
|poke|p2|Kyurem|
|poke|p2|Kingambit, F|
|poke|p2|Raging Bolt|
|teampreview
|inactive|Battle timer is ON: inactive players will automatically lose when time's up. (requested by ChillLanturnYT)
|
|t:|1781209067
|teamsize|p1|6
|teamsize|p2|6
|start
|switch|p1a: Magnezone|Magnezone|100/100
|switch|p2a: Hatterene|Hatterene, F|100/100
|turn|1
|
|t:|1781209071
|move|p1a: Magnezone|Flash Cannon|p2a: Hatterene
|-supereffective|p2a: Hatterene
|-damage|p2a: Hatterene|8/100
|move|p2a: Hatterene|Trick Room|p2a: Hatterene
|-fieldstart|move: Trick Room|[of] p2a: Hatterene
|
|upkeep
|turn|2
|
|t:|1781209078
|move|p2a: Hatterene|Mystical Fire|p1a: Magnezone
|-supereffective|p1a: Magnezone
|-damage|p1a: Magnezone|30/100
|-unboost|p1a: Magnezone|spa|1
|move|p1a: Magnezone|Iron Defense|p1a: Magnezone
|-boost|p1a: Magnezone|def|2
|
|-heal|p1a: Magnezone|36/100|[from] item: Leftovers
|upkeep
|turn|3
|
|t:|1781209087
|switch|p1a: Primarina|Primarina, F|100/100
|move|p2a: Hatterene|Mystical Fire|p1a: Primarina
|-resisted|p1a: Primarina
|-damage|p1a: Primarina|90/100
|-unboost|p1a: Primarina|spa|1
|
|-heal|p1a: Primarina|96/100|[from] item: Leftovers
|upkeep
|turn|4
|
|t:|1781209092
|move|p2a: Hatterene|Psychic Noise|p1a: Primarina
|-damage|p1a: Primarina|60/100
|-start|p1a: Primarina|move: Heal Block
|move|p1a: Primarina|Substitute|p1a: Primarina
|-start|p1a: Primarina|Substitute
|-damage|p1a: Primarina|35/100
|
|upkeep
|turn|5
|
|t:|1781209097
|move|p2a: Hatterene|Psychic Noise|p1a: Primarina
|-damage|p1a: Primarina|5/100
|move|p1a: Primarina|Surf|p2a: Hatterene
|-damage|p2a: Hatterene|0 fnt
|faint|p2a: Hatterene
|
|-end|p1a: Primarina|move: Heal Block
|-fieldend|move: Trick Room
|upkeep
|
|t:|1781209100
|switch|p2a: Kyurem|Kyurem|100/100
|-ability|p2a: Kyurem|Pressure
|turn|6
|
|t:|1781209102
|move|p2a: Kyurem|Icicle Spear|p1a: Primarina
|-resisted|p1a: Primarina
|-activate|p1a: Primarina|move: Substitute|[damage]
|-resisted|p1a: Primarina
|-activate|p1a: Primarina|move: Substitute|[damage]
|-resisted|p1a: Primarina
|-activate|p1a: Primarina|move: Substitute|[damage]
|-resisted|p1a: Primarina
|-activate|p1a: Primarina|move: Substitute|[damage]
|-hitcount|p1a: Primarina|4
|move|p1a: Primarina|Draining Kiss|p2a: Kyurem
|-supereffective|p2a: Kyurem
|-damage|p2a: Kyurem|71/100
|-heal|p1a: Primarina|29/100|[from] drain|[of] p2a: Kyurem
|
|-heal|p1a: Primarina|35/100|[from] item: Leftovers
|upkeep
|turn|7
|
|t:|1781209114
|switch|p2a: Mimikyu|Mimikyu, M|100/100
|move|p1a: Primarina|Draining Kiss|p2a: Mimikyu
|-activate|p2a: Mimikyu|ability: Disguise
|-damage|p2a: Mimikyu|100/100
|detailschange|p2a: Mimikyu|Mimikyu-Busted, M
|-damage|p2a: Mimikyu|88/100|[from] pokemon: Mimikyu-Busted
|
|-heal|p1a: Primarina|41/100|[from] item: Leftovers
|upkeep
|turn|8
|
|t:|1781209119
|move|p1a: Primarina|Surf|p2a: Mimikyu
|-damage|p2a: Mimikyu|63/100
|move|p2a: Mimikyu|Trick Room|p2a: Mimikyu
|-fieldstart|move: Trick Room|[of] p2a: Mimikyu
|
|-heal|p1a: Primarina|47/100|[from] item: Leftovers
|upkeep
|turn|9
|
|t:|1781209122
|move|p1a: Primarina|Draining Kiss|p2a: Mimikyu
|-damage|p2a: Mimikyu|49/100
|-heal|p1a: Primarina|56/100|[from] drain|[of] p2a: Mimikyu
|move|p2a: Mimikyu|Curse|p1a: Primarina
|-start|p1a: Primarina|Curse|[of] p2a: Mimikyu
|-damage|p2a: Mimikyu|0 fnt
|faint|p2a: Mimikyu
|
|-heal|p1a: Primarina|62/100|[from] item: Leftovers
|-damage|p1a: Primarina|37/100|[from] Curse
|upkeep
|
|t:|1781209131
|switch|p2a: Raging Bolt|Raging Bolt|100/100
|-enditem|p2a: Raging Bolt|Booster Energy
|-activate|p2a: Raging Bolt|ability: Protosynthesis|[fromitem]
|-start|p2a: Raging Bolt|protosynthesisspa
|turn|10
|
|t:|1781209138
|switch|p1a: Bronzong|Bronzong|100/100
|move|p2a: Raging Bolt|Calm Mind|p2a: Raging Bolt
|-boost|p2a: Raging Bolt|spa|1
|-boost|p2a: Raging Bolt|spd|1
|
|upkeep
|turn|11
|
|t:|1781209156
|move|p1a: Bronzong|Stealth Rock|p2a: Raging Bolt
|-sidestart|p2: alexander90281|move: Stealth Rock
|move|p2a: Raging Bolt|Thunderbolt|p1a: Bronzong
|-damage|p1a: Bronzong|34/100
|
|-heal|p1a: Bronzong|40/100|[from] item: Leftovers
|upkeep
|turn|12
|
|t:|1781209161
|move|p2a: Raging Bolt|Thunderclap||[still]
|-fail|p2a: Raging Bolt
|move|p1a: Bronzong|Stealth Rock||[still]
|-fail|p1a: Bronzong
|
|-heal|p1a: Bronzong|46/100|[from] item: Leftovers
|-fieldend|move: Trick Room
|upkeep
|turn|13
|
|t:|1781209169
|move|p2a: Raging Bolt|Thunderbolt|p1a: Bronzong
|-damage|p1a: Bronzong|0 fnt
|faint|p1a: Bronzong
|
|upkeep
|
|t:|1781209171
|switch|p1a: Great Tusk|Great Tusk|100/100
|turn|14
|
|t:|1781209180
|-end|p1a: Great Tusk|Protosynthesis|[silent]
|switch|p1a: Primarina|Primarina, F|37/100
|-terastallize|p2a: Raging Bolt|Flying
|move|p2a: Raging Bolt|Dragon Pulse|p1a: Primarina
|-immune|p1a: Primarina
|
|-heal|p1a: Primarina|43/100|[from] item: Leftovers
|upkeep
|turn|15
|
|t:|1781209195
|move|p2a: Raging Bolt|Thunderbolt|p1a: Primarina
|-supereffective|p1a: Primarina
|-damage|p1a: Primarina|0 fnt
|faint|p1a: Primarina
|
|upkeep
|
|t:|1781209199
|switch|p1a: Magnezone|Magnezone|36/100
|turn|16
|
|t:|1781209209
|move|p2a: Raging Bolt|Thunderclap|p1a: Magnezone
|-resisted|p1a: Magnezone
|-damage|p1a: Magnezone|0 fnt
|faint|p1a: Magnezone
|
|upkeep
|
|t:|1781209214
|switch|p1a: Hoopa|Hoopa-Unbound|100/100
|turn|17
|
|t:|1781209223
|move|p1a: Hoopa|Hyperspace Fury|p2a: Raging Bolt
|-damage|p2a: Raging Bolt|25/100
|-unboost|p1a: Hoopa|def|1
|move|p2a: Raging Bolt|Thunderbolt|p1a: Hoopa
|-damage|p1a: Hoopa|13/100
|
|upkeep
|turn|18
|
|t:|1781209228
|switch|p1a: Rillaboom|Rillaboom, M|100/100
|-fieldstart|move: Grassy Terrain|[from] ability: Grassy Surge|[of] p1a: Rillaboom
|move|p2a: Raging Bolt|Dragon Pulse|p1a: Rillaboom
|-damage|p1a: Rillaboom|0 fnt
|faint|p1a: Rillaboom
|
|upkeep
|
|t:|1781209231
|switch|p1a: Great Tusk|Great Tusk|100/100
|turn|19
|
|t:|1781209235
|move|p1a: Great Tusk|Ice Spinner|p2a: Raging Bolt
|-supereffective|p2a: Raging Bolt
|-damage|p2a: Raging Bolt|0 fnt
|-fieldend|move: Grassy Terrain
|faint|p2a: Raging Bolt
|-end|p2a: Raging Bolt|Protosynthesis|[silent]
|
|upkeep
|
|t:|1781209237
|switch|p2a: Kyurem|Kyurem|71/100
|-damage|p2a: Kyurem|46/100|[from] Stealth Rock
|-ability|p2a: Kyurem|Pressure
|turn|20
|
|t:|1781209242
|-terastallize|p1a: Great Tusk|Fire
|move|p2a: Kyurem|Icicle Spear|p1a: Great Tusk
|-resisted|p1a: Great Tusk
|-damage|p1a: Great Tusk|97/100
|-resisted|p1a: Great Tusk
|-damage|p1a: Great Tusk|93/100
|-resisted|p1a: Great Tusk
|-crit|p1a: Great Tusk
|-damage|p1a: Great Tusk|87/100
|-resisted|p1a: Great Tusk
|-damage|p1a: Great Tusk|82/100
|-resisted|p1a: Great Tusk
|-damage|p1a: Great Tusk|78/100
|-hitcount|p1a: Great Tusk|5
|move|p1a: Great Tusk|Rapid Spin|p2a: Kyurem
|-damage|p2a: Kyurem|29/100
|-boost|p1a: Great Tusk|spe|1
|
|upkeep
|turn|21
|
|t:|1781209262
|move|p1a: Great Tusk|Ice Spinner|p2a: Kyurem
|-damage|p2a: Kyurem|4/100
|move|p2a: Kyurem|Earth Power|p1a: Great Tusk
|-supereffective|p1a: Great Tusk
|-damage|p1a: Great Tusk|0 fnt
|faint|p1a: Great Tusk
|-end|p1a: Great Tusk|Protosynthesis|[silent]
|
|upkeep
|-message|ChillLanturnYT forfeited.
|
|win|alexander90281
|raw|ChillLanturnYT's rating: 1550 &rarr; <strong>1533</strong><br />(-17 for losing)
|raw|alexander90281's rating: 1602 &rarr; <strong>1619</strong><br />(+17 for winning)
|l|☆ChillLanturnYT
|player|p1|
|l|☆alexander90281
|player|p2|
