|j|☆MKUtopias
|j|☆temporarylight
|t:|1781275572
|gametype|singles
|player|p1|MKUtopias|clair-gen2|1585
|player|p2|temporarylight|jogger|1632
|gen|9
|tier|[Gen 9] OU
|rated|
|rule|HP Percentage Mod: HP is shown in percentages
|rule|Endless Battle Clause: Forcing endless battles is banned
|rule|Species Clause: Limit one of each Pokémon
|rule|OHKO Clause: OHKO moves are banned
|rule|Evasion Items Clause: Evasion items are banned
|rule|Evasion Moves Clause: Evasion moves are banned
|rule|Evasion Abilities Clause: Evasion abilities are banned
|rule|Sleep Moves Clause: Sleep-inducing moves are banned
|clearpoke
|poke|p1|Ceruledge, M|
|poke|p1|Zamazenta-*|
|poke|p1|Kyurem|
|poke|p1|Iron Treads|
|poke|p1|Hatterene, F|
|poke|p1|Dragonite, F|
|poke|p2|Heatran, M|
|poke|p2|Ogerpon-Wellspring, F|
|poke|p2|Great Tusk|
|poke|p2|Scizor, M|
|poke|p2|Cresselia, F|
|poke|p2|Dragapult, M|
|teampreview
|inactive|Battle timer is ON: inactive players will automatically lose when time's up. (requested by MKUtopias)
|
|t:|1781275596
|teamsize|p1|6
|teamsize|p2|6
|start
|switch|p1a: Kyurem|Kyurem, shiny|100/100
|switch|p2a: Dragapult|Dragapult, M|100/100
|-ability|p1a: Kyurem|Pressure
|turn|1
|inactive|MKUtopias has 120 seconds left.
|inactive|MKUtopias has 90 seconds left.
|
|t:|1781275661
|switch|p2a: Scizor|Scizor, M|100/100
|switch|p1a: Iron Treads|Iron Treads|100/100
|
|upkeep
|turn|2
|
|t:|1781275671
|move|p1a: Iron Treads|Knock Off|p2a: Scizor
|-damage|p2a: Scizor|66/100
|-enditem|p2a: Scizor|Metal Coat|[from] move: Knock Off|[of] p1a: Iron Treads
|move|p2a: Scizor|Close Combat|p1a: Iron Treads
|-supereffective|p1a: Iron Treads
|-damage|p1a: Iron Treads|18/100
|-unboost|p2a: Scizor|def|1
|-unboost|p2a: Scizor|spd|1
|
|-heal|p1a: Iron Treads|24/100|[from] item: Leftovers
|upkeep
|turn|3
|inactive|MKUtopias has 90 seconds left.
|
|t:|1781275702
|switch|p2a: Heatran|Heatran, M|100/100
|-item|p2a: Heatran|Air Balloon
|move|p1a: Iron Treads|Stealth Rock|p2a: Heatran
|-sidestart|p2: temporarylight|move: Stealth Rock
|
|-heal|p1a: Iron Treads|30/100|[from] item: Leftovers
|upkeep
|turn|4
|
|t:|1781275708
|move|p1a: Iron Treads|Rapid Spin|p2a: Heatran
|-resisted|p2a: Heatran
|-damage|p2a: Heatran|94/100
|-boost|p1a: Iron Treads|spe|1
|-status|p1a: Iron Treads|brn|[from] ability: Flame Body|[of] p2a: Heatran
|-enditem|p2a: Heatran|Air Balloon
|move|p2a: Heatran|Earth Power|p1a: Iron Treads
|-supereffective|p1a: Iron Treads
|-damage|p1a: Iron Treads|0 fnt
|faint|p1a: Iron Treads
|-end|p1a: Iron Treads|Quark Drive|[silent]
|
|upkeep
|inactive|MKUtopias has 90 seconds left.
|
|t:|1781275724
|switch|p1a: Ceruledge|Ceruledge, M|100/100
|turn|5
|
|t:|1781275735
|-terastallize|p1a: Ceruledge|Bug
|move|p1a: Ceruledge|Bulk Up|p1a: Ceruledge
|-boost|p1a: Ceruledge|atk|1
|-boost|p1a: Ceruledge|def|1
|move|p2a: Heatran|Earth Power|p1a: Ceruledge
|-resisted|p1a: Ceruledge
|-damage|p1a: Ceruledge|90/100
|
|upkeep
|turn|6
|inactive|MKUtopias has 90 seconds left.
|inactive|temporarylight has 120 seconds left.
|c|☆temporarylight|:(
|inactive|MKUtopias has 60 seconds left.
|
|t:|1781275782
|switch|p2a: Ogerpon|Ogerpon-Wellspring, F|100/100
|-damage|p2a: Ogerpon|88/100|[from] Stealth Rock
|move|p1a: Ceruledge|Bulk Up|p1a: Ceruledge
|-boost|p1a: Ceruledge|atk|1
|-boost|p1a: Ceruledge|def|1
|
|upkeep
|turn|7
|
|t:|1781275787
|move|p2a: Ogerpon|Taunt|p1a: Ceruledge
|-start|p1a: Ceruledge|move: Taunt
|move|p1a: Ceruledge|Bitter Blade|p2a: Ogerpon
|-damage|p2a: Ogerpon|0 fnt
|-heal|p1a: Ceruledge|100/100|[from] drain|[of] p2a: Ogerpon
|faint|p2a: Ogerpon
|-damage|p1a: Ceruledge|91/100|[from] item: Life Orb
|
|upkeep
|
|t:|1781275794
|switch|p2a: Great Tusk|Great Tusk|100/100
|-damage|p2a: Great Tusk|98/100|[from] Stealth Rock
|-enditem|p2a: Great Tusk|Booster Energy
|-activate|p2a: Great Tusk|ability: Protosynthesis|[fromitem]
|-start|p2a: Great Tusk|protosynthesisspe
|turn|8
|
|t:|1781275798
|move|p2a: Great Tusk|Bulk Up|p2a: Great Tusk
|-boost|p2a: Great Tusk|atk|1
|-boost|p2a: Great Tusk|def|1
|move|p1a: Ceruledge|Bitter Blade|p2a: Great Tusk
|-damage|p2a: Great Tusk|53/100
|-heal|p1a: Ceruledge|100/100|[from] drain|[of] p2a: Great Tusk
|-damage|p1a: Ceruledge|91/100|[from] item: Life Orb
|
|upkeep
|turn|9
|
|t:|1781275804
|move|p2a: Great Tusk|Ice Spinner|p1a: Ceruledge
|-damage|p1a: Ceruledge|71/100
|move|p1a: Ceruledge|Bitter Blade|p2a: Great Tusk
|-damage|p2a: Great Tusk|14/100
|-heal|p1a: Ceruledge|96/100|[from] drain|[of] p2a: Great Tusk
|-damage|p1a: Ceruledge|86/100|[from] item: Life Orb
|
|-end|p1a: Ceruledge|move: Taunt
|upkeep
|turn|10
|
|t:|1781275806
|move|p1a: Ceruledge|Shadow Sneak|p2a: Great Tusk
|-damage|p2a: Great Tusk|0 fnt
|faint|p2a: Great Tusk
|-end|p2a: Great Tusk|Protosynthesis|[silent]
|-damage|p1a: Ceruledge|76/100|[from] item: Life Orb
|
|upkeep
|
|t:|1781275811
|switch|p2a: Dragapult|Dragapult, M|100/100
|turn|11
|
|t:|1781275816
|move|p2a: Dragapult|Hex|p1a: Ceruledge
|-crit|p1a: Ceruledge
|-damage|p1a: Ceruledge|45/100
|move|p1a: Ceruledge|Bitter Blade|p2a: Dragapult
|-resisted|p2a: Dragapult
|-damage|p2a: Dragapult|30/100
|-heal|p1a: Ceruledge|77/100|[from] drain|[of] p2a: Dragapult
|-damage|p1a: Ceruledge|67/100|[from] item: Life Orb
|
|upkeep
|turn|12
|
|t:|1781275820
|move|p1a: Ceruledge|Shadow Sneak|p2a: Dragapult
|-supereffective|p2a: Dragapult
|-damage|p2a: Dragapult|0 fnt
|faint|p2a: Dragapult
|-damage|p1a: Ceruledge|57/100|[from] item: Life Orb
|
|upkeep
|
|t:|1781275825
|switch|p2a: Scizor|Scizor, M|66/100
|-damage|p2a: Scizor|54/100|[from] Stealth Rock
|turn|13
|
|t:|1781275829
|-terastallize|p2a: Scizor|Steel
|move|p2a: Scizor|Bullet Punch|p1a: Ceruledge
|-damage|p1a: Ceruledge|32/100
|move|p1a: Ceruledge|Bitter Blade|p2a: Scizor
|-supereffective|p2a: Scizor
|-damage|p2a: Scizor|0 fnt
|-heal|p1a: Ceruledge|56/100|[from] drain|[of] p2a: Scizor
|faint|p2a: Scizor
|-damage|p1a: Ceruledge|46/100|[from] item: Life Orb
|
|upkeep
|
|t:|1781275834
|switch|p2a: Heatran|Heatran, M|94/100
|-damage|p2a: Heatran|82/100|[from] Stealth Rock
|turn|14
|
|t:|1781275835
|move|p1a: Ceruledge|Close Combat|p2a: Heatran
|-supereffective|p2a: Heatran
|-crit|p2a: Heatran
|-damage|p2a: Heatran|0 fnt
|-unboost|p1a: Ceruledge|def|1
|-unboost|p1a: Ceruledge|spd|1
|faint|p2a: Heatran
|-damage|p1a: Ceruledge|36/100|[from] item: Life Orb
|
|upkeep
|
|t:|1781275839
|switch|p2a: Cresselia|Cresselia, F|100/100
|-damage|p2a: Cresselia|88/100|[from] Stealth Rock
|turn|15
|
|t:|1781275844
|move|p2a: Cresselia|Moonblast|p1a: Ceruledge
|-damage|p1a: Ceruledge|13/100
|-unboost|p1a: Ceruledge|spa|1
|move|p1a: Ceruledge|Bitter Blade|p2a: Cresselia
|-damage|p2a: Cresselia|17/100
|-heal|p1a: Ceruledge|57/100|[from] drain|[of] p2a: Cresselia
|-damage|p1a: Ceruledge|47/100|[from] item: Life Orb
|
|-heal|p2a: Cresselia|23/100|[from] item: Leftovers
|upkeep
|turn|16
|
|t:|1781275847
|move|p1a: Ceruledge|Shadow Sneak|p2a: Cresselia
|-supereffective|p2a: Cresselia
|-damage|p2a: Cresselia|0 fnt
|faint|p2a: Cresselia
|-damage|p1a: Ceruledge|37/100|[from] item: Life Orb
|
|win|MKUtopias
|raw|MKUtopias's rating: 1585 &rarr; <strong>1608</strong><br />(+23 for winning)
|raw|temporarylight's rating: 1632 &rarr; <strong>1609</strong><br />(-23 for losing)
|c|☆temporarylight|gg
