|j|☆Bigkyuza18
|j|☆tokiwakano
|t:|1781153812
|gametype|singles
|player|p1|Bigkyuza18|266|1674
|player|p2|tokiwakano|acetrainerf|1771
|gen|9
|tier|[Gen 9] OU
|rated|
|rule|HP Percentage Mod: HP is shown in percentages
|rule|Endless Battle Clause: Forcing endless battles is banned
|rule|Species Clause: Limit one of each Pokémon
|rule|OHKO Clause: OHKO moves are banned
|rule|Evasion Items Clause: Evasion items are banned
|rule|Evasion Moves Clause: Evasion moves are banned
|rule|Evasion Abilities Clause: Evasion abilities are banned
|rule|Sleep Moves Clause: Sleep-inducing moves are banned
|clearpoke
|poke|p1|Pecharunt|
|poke|p1|Gholdengo|
|poke|p1|Ting-Lu|
|poke|p1|Dragonite, F|
|poke|p1|Walking Wake|
|poke|p1|Zamazenta-*|
|poke|p2|Excadrill, M|
|poke|p2|Tyranitar, M|
|poke|p2|Enamorus, F|
|poke|p2|Hydrapple, M|
|poke|p2|Alomomola, M|
|poke|p2|Garganacl, M|
|teampreview
|inactive|Battle timer is ON: inactive players will automatically lose when time's up. (requested by tokiwakano)
|
|t:|1781153822
|teamsize|p1|6
|teamsize|p2|6
|start
|switch|p1a: Zamazenta|Zamazenta|100/100
|switch|p2a: Alomomola|Alomomola, M|100/100
|-ability|p1a: Zamazenta|Dauntless Shield|boost
|-boost|p1a: Zamazenta|def|1
|turn|1
|j| CHRIS (CYAN)
|
|t:|1781153827
|switch|p1a: Walking Wake|Walking Wake|100/100
|move|p2a: Alomomola|Scald|p1a: Walking Wake
|-resisted|p1a: Walking Wake
|-damage|p1a: Walking Wake|97/100
|-status|p1a: Walking Wake|brn
|
|-damage|p1a: Walking Wake|90/100 brn|[from] brn
|upkeep
|turn|2
|
|t:|1781153834
|move|p1a: Walking Wake|Knock Off|p2a: Alomomola
|-damage|p2a: Alomomola|94/100
|-enditem|p2a: Alomomola|Assault Vest|[from] move: Knock Off|[of] p1a: Walking Wake
|move|p2a: Alomomola|Flip Turn|p1a: Walking Wake
|-resisted|p1a: Walking Wake
|-damage|p1a: Walking Wake|86/100 brn
|
|t:|1781153836
|switch|p2a: Enamorus|Enamorus, F|100/100|[from] Flip Turn
|
|-damage|p1a: Walking Wake|80/100 brn|[from] brn
|upkeep
|turn|3
|
|t:|1781153843
|-end|p1a: Walking Wake|Protosynthesis|[silent]
|switch|p1a: Gholdengo|Gholdengo|100/100
|move|p2a: Enamorus|Moonblast|p1a: Gholdengo
|-resisted|p1a: Gholdengo
|-damage|p1a: Gholdengo|71/100
|
|upkeep
|turn|4
|
|t:|1781153847
|switch|p2a: Alomomola|Alomomola, M|100/100
|move|p1a: Gholdengo|Trick|p2a: Alomomola
|-activate|p1a: Gholdengo|move: Trick|[of] p2a: Alomomola
|-item|p2a: Alomomola|Choice Scarf|[from] move: Trick
|-enditem|p1a: Gholdengo|Choice Scarf|[silent]|[from] move: Trick
|
|upkeep
|turn|5
|
|t:|1781153853
|move|p1a: Gholdengo|Recover|p1a: Gholdengo
|-heal|p1a: Gholdengo|100/100
|move|p2a: Alomomola|Flip Turn|p1a: Gholdengo
|-damage|p1a: Gholdengo|83/100
|
|t:|1781153857
|switch|p2a: Excadrill|Excadrill, M|100/100|[from] Flip Turn
|
|upkeep
|turn|6
|
|t:|1781153860
|switch|p1a: Ting-Lu|Ting-Lu|100/100
|-ability|p1a: Ting-Lu|Vessel of Ruin
|move|p2a: Excadrill|Earthquake|p1a: Ting-Lu
|-damage|p1a: Ting-Lu|74/100
|
|upkeep
|turn|7
|
|t:|1781153867
|switch|p2a: Hydrapple|Hydrapple, M|100/100
|move|p1a: Ting-Lu|Stealth Rock|p2a: Hydrapple
|-sidestart|p2: tokiwakano|move: Stealth Rock
|
|upkeep
|turn|8
|
|t:|1781153873
|switch|p1a: Gholdengo|Gholdengo|83/100
|move|p2a: Hydrapple|Giga Drain|p1a: Gholdengo
|-resisted|p1a: Gholdengo
|-damage|p1a: Gholdengo|65/100
|
|upkeep
|turn|9
|
|t:|1781153877
|move|p1a: Gholdengo|Trick|p2a: Hydrapple
|-activate|p1a: Gholdengo|move: Trick|[of] p2a: Hydrapple
|-enditem|p2a: Hydrapple|Rocky Helmet|[silent]|[from] move: Trick
|-item|p1a: Gholdengo|Rocky Helmet|[from] move: Trick
|move|p2a: Hydrapple|Earth Power|p1a: Gholdengo
|-supereffective|p1a: Gholdengo
|-damage|p1a: Gholdengo|6/100
|
|upkeep
|turn|10
|
|t:|1781153885
|move|p1a: Gholdengo|Recover|p1a: Gholdengo
|-heal|p1a: Gholdengo|56/100
|move|p2a: Hydrapple|Earth Power|p1a: Gholdengo
|-supereffective|p1a: Gholdengo
|-damage|p1a: Gholdengo|3/100
|
|upkeep
|turn|11
|
|t:|1781153890
|move|p1a: Gholdengo|Make It Rain|p2a: Hydrapple
|-damage|p2a: Hydrapple|42/100
|-unboost|p1a: Gholdengo|spa|1
|move|p2a: Hydrapple|Earth Power|p1a: Gholdengo
|-supereffective|p1a: Gholdengo
|-damage|p1a: Gholdengo|0 fnt
|faint|p1a: Gholdengo
|
|upkeep
|
|t:|1781153895
|switch|p1a: Walking Wake|Walking Wake|80/100 brn
|turn|12
|
|t:|1781153899
|switch|p2a: Alomomola|Alomomola, M|100/100
|-damage|p2a: Alomomola|88/100|[from] Stealth Rock
|move|p1a: Walking Wake|Flip Turn|p2a: Alomomola
|-resisted|p2a: Alomomola
|-damage|p2a: Alomomola|86/100
|
|t:|1781153902
|-end|p1a: Walking Wake|Protosynthesis|[silent]
|switch|p1a: Pecharunt|Pecharunt|100/100|[from] Flip Turn
|
|upkeep
|turn|13
|
|t:|1781153907
|switch|p2a: Garganacl|Garganacl, M|100/100
|-damage|p2a: Garganacl|88/100|[from] Stealth Rock
|move|p1a: Pecharunt|Malignant Chain|p2a: Garganacl
|-resisted|p2a: Garganacl
|-damage|p2a: Garganacl|78/100
|
|-heal|p2a: Garganacl|84/100|[from] item: Leftovers
|upkeep
|turn|14
|
|t:|1781153914
|move|p1a: Pecharunt|Nasty Plot|p1a: Pecharunt
|-boost|p1a: Pecharunt|spa|2
|move|p2a: Garganacl|Salt Cure|p1a: Pecharunt
|-damage|p1a: Pecharunt|93/100
|-start|p1a: Pecharunt|Salt Cure
|
|-heal|p2a: Garganacl|90/100|[from] item: Leftovers
|-damage|p1a: Pecharunt|80/100|[from] Salt Cure
|upkeep
|turn|15
|
|t:|1781153921
|move|p1a: Pecharunt|Nasty Plot|p1a: Pecharunt
|-boost|p1a: Pecharunt|spa|2
|move|p2a: Garganacl|Stealth Rock|p1a: Pecharunt
|-sidestart|p1: Bigkyuza18|move: Stealth Rock
|
|-heal|p2a: Garganacl|96/100|[from] item: Leftovers
|-damage|p1a: Pecharunt|68/100|[from] Salt Cure
|upkeep
|turn|16
|
|t:|1781153924
|switch|p2a: Tyranitar|Tyranitar, M|100/100
|-damage|p2a: Tyranitar|88/100|[from] Stealth Rock
|-weather|Sandstorm|[from] ability: Sand Stream|[of] p2a: Tyranitar
|move|p1a: Pecharunt|Nasty Plot|p1a: Pecharunt
|-boost|p1a: Pecharunt|spa|2
|
|-weather|Sandstorm|[upkeep]
|-damage|p1a: Pecharunt|62/100|[from] Sandstorm
|-damage|p1a: Pecharunt|49/100|[from] Salt Cure
|upkeep
|turn|17
|
|t:|1781153929
|move|p1a: Pecharunt|Malignant Chain|p2a: Tyranitar
|-resisted|p2a: Tyranitar
|-damage|p2a: Tyranitar|44/100
|-status|p2a: Tyranitar|tox
|-start|p2a: Tyranitar|confusion|[from] ability: Poison Puppeteer|[of] p1a: Pecharunt
|-activate|p2a: Tyranitar|confusion
|-damage|p2a: Tyranitar|31/100 tox|[from] confusion
|
|-weather|Sandstorm|[upkeep]
|-damage|p1a: Pecharunt|43/100|[from] Sandstorm
|-damage|p2a: Tyranitar|25/100 tox|[from] psn
|-damage|p1a: Pecharunt|31/100|[from] Salt Cure
|upkeep
|turn|18
|
|t:|1781153940
|move|p1a: Pecharunt|Shadow Ball|p2a: Tyranitar
|-resisted|p2a: Tyranitar
|-damage|p2a: Tyranitar|0 fnt
|faint|p2a: Tyranitar
|
|-weather|Sandstorm|[upkeep]
|-damage|p1a: Pecharunt|25/100|[from] Sandstorm
|-damage|p1a: Pecharunt|12/100|[from] Salt Cure
|upkeep
|
|t:|1781153943
|switch|p2a: Excadrill|Excadrill, M|100/100
|-damage|p2a: Excadrill|97/100|[from] Stealth Rock
|turn|19
|
|t:|1781153946
|switch|p1a: Ting-Lu|Ting-Lu|74/100
|-damage|p1a: Ting-Lu|67/100|[from] Stealth Rock
|-ability|p1a: Ting-Lu|Vessel of Ruin
|move|p2a: Excadrill|Earthquake|p1a: Ting-Lu
|-damage|p1a: Ting-Lu|39/100
|
|-weather|Sandstorm|[upkeep]
|-heal|p2a: Excadrill|100/100|[from] item: Leftovers
|upkeep
|turn|20
|
|t:|1781153953
|switch|p2a: Alomomola|Alomomola, M|100/100
|-damage|p2a: Alomomola|88/100|[from] Stealth Rock
|-terastallize|p1a: Ting-Lu|Ghost
|move|p1a: Ting-Lu|Ruination|p2a: Alomomola
|-damage|p2a: Alomomola|44/100
|
|-weather|none
|upkeep
|turn|21
|j| br0kedpoke
|
|t:|1781153962
|move|p2a: Alomomola|Flip Turn|p1a: Ting-Lu
|-damage|p1a: Ting-Lu|31/100
|-damage|p2a: Alomomola|28/100|[from] item: Rocky Helmet|[of] p1a: Ting-Lu
|
|t:|1781153965
|switch|p2a: Hydrapple|Hydrapple, M|75/100|[from] Flip Turn
|-damage|p2a: Hydrapple|63/100|[from] Stealth Rock
|move|p1a: Ting-Lu|Spikes|p2a: Hydrapple
|-sidestart|p2: tokiwakano|Spikes
|
|upkeep
|turn|22
|l| br0kedpoke
|
|t:|1781153973
|switch|p1a: Walking Wake|Walking Wake|80/100 brn
|move|p2a: Hydrapple|Giga Drain|p1a: Walking Wake
|-damage|p1a: Walking Wake|42/100 brn
|-heal|p2a: Hydrapple|78/100|[from] drain|[of] p1a: Walking Wake
|
|-damage|p1a: Walking Wake|35/100 brn|[from] brn
|upkeep
|turn|23
|
|t:|1781153980
|switch|p2a: Alomomola|Alomomola, M|61/100
|-damage|p2a: Alomomola|49/100|[from] Stealth Rock
|-damage|p2a: Alomomola|36/100|[from] Spikes
|move|p1a: Walking Wake|Draco Meteor|p2a: Alomomola
|-damage|p2a: Alomomola|0 fnt
|-unboost|p1a: Walking Wake|spa|2
|faint|p2a: Alomomola
|
|-damage|p1a: Walking Wake|29/100 brn|[from] brn
|upkeep
|
|t:|1781153995
|switch|p2a: Enamorus|Enamorus, F|100/100
|-damage|p2a: Enamorus|76/100|[from] Stealth Rock
|turn|24
|
|t:|1781154001
|move|p2a: Enamorus|Moonblast|p1a: Walking Wake
|-supereffective|p1a: Walking Wake
|-damage|p1a: Walking Wake|0 fnt
|faint|p1a: Walking Wake
|-end|p1a: Walking Wake|Protosynthesis|[silent]
|
|upkeep
|
|t:|1781154005
|switch|p1a: Zamazenta|Zamazenta|100/100
|-damage|p1a: Zamazenta|94/100|[from] Stealth Rock
|turn|25
|
|t:|1781154009
|-terastallize|p2a: Enamorus|Fairy
|move|p1a: Zamazenta|Heavy Slam|p2a: Enamorus
|-supereffective|p2a: Enamorus
|-damage|p2a: Enamorus|0 fnt
|faint|p2a: Enamorus
|
|upkeep
|
|t:|1781154013
|switch|p2a: Excadrill|Excadrill, M|100/100
|-damage|p2a: Excadrill|97/100|[from] Stealth Rock
|-damage|p2a: Excadrill|85/100|[from] Spikes
|turn|26
|
|t:|1781154018
|switch|p1a: Ting-Lu|Ting-Lu, tera:Ghost|31/100
|-damage|p1a: Ting-Lu|18/100|[from] Stealth Rock
|-ability|p1a: Ting-Lu|Vessel of Ruin
|move|p2a: Excadrill|Substitute|p2a: Excadrill
|-start|p2a: Excadrill|Substitute
|-damage|p2a: Excadrill|60/100
|
|-heal|p2a: Excadrill|66/100|[from] item: Leftovers
|upkeep
|turn|27
|
|t:|1781154023
|move|p2a: Excadrill|Earthquake|p1a: Ting-Lu
|-damage|p1a: Ting-Lu|0 fnt
|faint|p1a: Ting-Lu
|
|-heal|p2a: Excadrill|72/100|[from] item: Leftovers
|upkeep
|
|t:|1781154028
|switch|p1a: Pecharunt|Pecharunt|12/100
|turn|28
|
|t:|1781154033
|move|p1a: Pecharunt|Shadow Ball|p2a: Excadrill
|-end|p2a: Excadrill|Substitute
|move|p2a: Excadrill|Iron Head|p1a: Pecharunt
|-damage|p1a: Pecharunt|0 fnt
|faint|p1a: Pecharunt
|
|-heal|p2a: Excadrill|78/100|[from] item: Leftovers
|upkeep
|
|t:|1781154035
|switch|p1a: Zamazenta|Zamazenta|94/100
|-damage|p1a: Zamazenta|88/100|[from] Stealth Rock
|turn|29
|
|t:|1781154039
|switch|p2a: Hydrapple|Hydrapple, M|100/100
|-damage|p2a: Hydrapple|88/100|[from] Stealth Rock
|-damage|p2a: Hydrapple|76/100|[from] Spikes
|move|p1a: Zamazenta|Close Combat|p2a: Hydrapple
|-damage|p2a: Hydrapple|37/100
|-unboost|p1a: Zamazenta|def|1
|-unboost|p1a: Zamazenta|spd|1
|
|upkeep
|turn|30
|
|t:|1781154047
|move|p1a: Zamazenta|Close Combat|p2a: Hydrapple
|-damage|p2a: Hydrapple|2/100
|-unboost|p1a: Zamazenta|def|1
|-unboost|p1a: Zamazenta|spd|1
|move|p2a: Hydrapple|Giga Drain|p1a: Zamazenta
|-damage|p1a: Zamazenta|32/100
|-heal|p2a: Hydrapple|24/100|[from] drain|[of] p1a: Zamazenta
|
|upkeep
|turn|31
|
|t:|1781154064
|switch|p2a: Excadrill|Excadrill, M|78/100
|-damage|p2a: Excadrill|75/100|[from] Stealth Rock
|-damage|p2a: Excadrill|63/100|[from] Spikes
|move|p1a: Zamazenta|Close Combat|p2a: Excadrill
|-supereffective|p2a: Excadrill
|-damage|p2a: Excadrill|0 fnt
|-unboost|p1a: Zamazenta|def|1
|-unboost|p1a: Zamazenta|spd|1
|faint|p2a: Excadrill
|
|upkeep
|
|t:|1781154072
|switch|p2a: Garganacl|Garganacl, M|96/100
|-damage|p2a: Garganacl|84/100|[from] Stealth Rock
|-damage|p2a: Garganacl|71/100|[from] Spikes
|turn|32
|
|t:|1781154077
|move|p2a: Garganacl|Protect|p2a: Garganacl
|-singleturn|p2a: Garganacl|Protect
|move|p1a: Zamazenta|Close Combat|p2a: Garganacl
|-activate|p2a: Garganacl|move: Protect
|
|-heal|p2a: Garganacl|78/100|[from] item: Leftovers
|upkeep
|turn|33
|
|t:|1781154082
|move|p1a: Zamazenta|Close Combat|p2a: Garganacl
|-supereffective|p2a: Garganacl
|-damage|p2a: Garganacl|0 fnt
|-unboost|p1a: Zamazenta|def|1
|-unboost|p1a: Zamazenta|spd|1
|faint|p2a: Garganacl
|
|upkeep
|-message|tokiwakano forfeited.
|
|win|Bigkyuza18
|raw|Bigkyuza18's rating: 1674 &rarr; <strong>1699</strong><br />(+25 for winning)
|raw|tokiwakano's rating: 1771 &rarr; <strong>1746</strong><br />(-25 for losing)
|l|☆tokiwakano
|player|p2|
|l|☆Bigkyuza18
|player|p1|
