|j|☆Dat boii fam
|j|☆tuanquewang
|t:|1781003244
|gametype|singles
|player|p1|Dat boii fam|li|1722
|player|p2|tuanquewang|backersf|1702
|gen|9
|tier|[Gen 9] OU
|rated|
|rule|HP Percentage Mod: HP is shown in percentages
|rule|Endless Battle Clause: Forcing endless battles is banned
|rule|Species Clause: Limit one of each Pokémon
|rule|OHKO Clause: OHKO moves are banned
|rule|Evasion Items Clause: Evasion items are banned
|rule|Evasion Moves Clause: Evasion moves are banned
|rule|Evasion Abilities Clause: Evasion abilities are banned
|rule|Sleep Moves Clause: Sleep-inducing moves are banned
|clearpoke
|poke|p1|Alomomola, F|
|poke|p1|Landorus-Therian, M|
|poke|p1|Zapdos|
|poke|p1|Tornadus-Therian, M|
|poke|p1|Scizor, M|
|poke|p1|Amoonguss, F|
|poke|p2|Slowking-Galar, M|
|poke|p2|Hydrapple, F|
|poke|p2|Cinderace, M|
|poke|p2|Alomomola, F|
|poke|p2|Mamoswine, M|
|poke|p2|Gholdengo|
|teampreview
|inactive|Battle timer is ON: inactive players will automatically lose when time's up. (requested by tuanquewang)
|
|t:|1781003253
|teamsize|p1|6
|teamsize|p2|6
|start
|switch|p1a: Landorus|Landorus-Therian, M|100/100
|switch|p2a: Mamoswine|Mamoswine, M|100/100
|-ability|p1a: Landorus|Intimidate|boost
|-unboost|p2a: Mamoswine|atk|1
|turn|1
|j| lord shiddenfards
|
|t:|1781003260
|move|p1a: Landorus|U-turn|p2a: Mamoswine
|-damage|p2a: Mamoswine|74/100
|
|t:|1781003263
|switch|p1a: Alomomola|Alomomola, F|100/100|[from] U-turn
|move|p2a: Mamoswine|Earthquake|p1a: Alomomola
|-damage|p1a: Alomomola|65/100
|
|upkeep
|turn|2
|
|t:|1781003271
|switch|p2a: Alomomola|Alomomola, F|100/100
|move|p1a: Alomomola|Flip Turn|p2a: Alomomola
|-resisted|p2a: Alomomola
|-damage|p2a: Alomomola|96/100
|
|t:|1781003278
|switch|p1a: Zapdos|Zapdos|100/100|[from] Flip Turn
|
|-heal|p2a: Alomomola|100/100|[from] item: Leftovers
|upkeep
|turn|3
|
|t:|1781003284
|switch|p2a: Slowking|Slowking-Galar, M|100/100
|move|p1a: Zapdos|Heat Wave|p2a: Slowking
|-damage|p2a: Slowking|80/100
|
|-heal|p2a: Slowking|87/100|[from] item: Black Sludge
|upkeep
|turn|4
|
|t:|1781003314
|move|p1a: Zapdos|Hurricane|p2a: Slowking
|-damage|p2a: Slowking|50/100
|-start|p2a: Slowking|confusion
|-prepare|p2a: Slowking|Chilly Reception|[premajor]
|-activate|p2a: Slowking|confusion
|move|p2a: Slowking|Chilly Reception|p2a: Slowking
|-weather|Snowscape
|
|t:|1781003323
|switch|p2a: Mamoswine|Mamoswine, M|74/100|[from] Chilly Reception
|
|-weather|Snowscape|[upkeep]
|upkeep
|turn|5
|
|t:|1781003330
|switch|p1a: Alomomola|Alomomola, F|99/100
|switch|p2a: Slowking|Slowking-Galar, M|83/100
|
|-weather|Snowscape|[upkeep]
|-heal|p2a: Slowking|89/100|[from] item: Black Sludge
|upkeep
|turn|6
|
|t:|1781003338
|move|p1a: Alomomola|Flip Turn|p2a: Slowking
|-damage|p2a: Slowking|73/100
|
|t:|1781003341
|switch|p1a: Scizor|Scizor, M|100/100|[from] Flip Turn
|move|p2a: Slowking|Trick|p1a: Scizor
|-activate|p2a: Slowking|move: Trick|[of] p1a: Scizor
|-item|p1a: Scizor|Black Sludge|[from] move: Trick
|-item|p2a: Slowking|Heavy-Duty Boots|[from] move: Trick
|
|-weather|Snowscape|[upkeep]
|-damage|p1a: Scizor|88/100|[from] item: Black Sludge
|upkeep
|turn|7
|
|t:|1781003349
|switch|p2a: Alomomola|Alomomola, F|100/100
|move|p1a: Scizor|Knock Off|p2a: Alomomola
|-damage|p2a: Alomomola|84/100
|-enditem|p2a: Alomomola|Leftovers|[from] move: Knock Off|[of] p1a: Scizor
|
|-weather|Snowscape|[upkeep]
|-damage|p1a: Scizor|76/100|[from] item: Black Sludge
|upkeep
|turn|8
|
|t:|1781003357
|move|p1a: Scizor|U-turn|p2a: Alomomola
|-damage|p2a: Alomomola|67/100
|
|t:|1781003359
|switch|p1a: Zapdos|Zapdos|100/100|[from] U-turn
|move|p2a: Alomomola|Wish|p2a: Alomomola
|
|-weather|none
|upkeep
|turn|9
|
|t:|1781003367
|switch|p2a: Slowking|Slowking-Galar, M|100/100
|move|p1a: Zapdos|Hurricane|p2a: Slowking
|-damage|p2a: Slowking|64/100
|-start|p2a: Slowking|confusion
|
|-heal|p2a: Slowking|100/100|[from] move: Wish|[wisher] Alomomola
|upkeep
|turn|10
|
|t:|1781003375
|move|p1a: Zapdos|Discharge|p2a: Slowking
|-damage|p2a: Slowking|77/100
|-activate|p2a: Slowking|confusion
|-damage|p2a: Slowking|71/100|[from] confusion
|
|upkeep
|turn|11
|
|t:|1781003383
|move|p1a: Zapdos|Discharge|p2a: Slowking
|-damage|p2a: Slowking|45/100
|-activate|p2a: Slowking|confusion
|move|p2a: Slowking|Toxic|p1a: Zapdos
|-status|p1a: Zapdos|tox
|
|-damage|p1a: Zapdos|94/100 tox|[from] psn
|upkeep
|turn|12
|
|t:|1781003391
|move|p1a: Zapdos|Hurricane|p2a: Slowking|[miss]
|-miss|p1a: Zapdos|p2a: Slowking
|-prepare|p2a: Slowking|Chilly Reception|[premajor]
|-end|p2a: Slowking|confusion
|move|p2a: Slowking|Chilly Reception|p2a: Slowking
|-weather|Snowscape
|
|t:|1781003401
|switch|p2a: Alomomola|Alomomola, F|99/100|[from] Chilly Reception
|
|-weather|Snowscape|[upkeep]
|-damage|p1a: Zapdos|82/100 tox|[from] psn
|upkeep
|turn|13
|
|t:|1781003406
|move|p2a: Alomomola|Protect|p2a: Alomomola
|-singleturn|p2a: Alomomola|Protect
|move|p1a: Zapdos|Discharge|p2a: Alomomola
|-activate|p2a: Alomomola|move: Protect
|
|-weather|Snowscape|[upkeep]
|-damage|p1a: Zapdos|63/100 tox|[from] psn
|upkeep
|turn|14
|
|t:|1781003413
|switch|p1a: Landorus|Landorus-Therian, M|100/100
|-ability|p1a: Landorus|Intimidate|boost
|-unboost|p2a: Alomomola|atk|1
|switch|p2a: Slowking|Slowking-Galar, M|78/100
|
|-weather|Snowscape|[upkeep]
|upkeep
|turn|15
|
|t:|1781003421
|switch|p2a: Alomomola|Alomomola, F|100/100
|move|p1a: Landorus|Earthquake|p2a: Alomomola
|-damage|p2a: Alomomola|68/100
|
|-weather|Snowscape|[upkeep]
|upkeep
|turn|16
|
|t:|1781003429
|switch|p1a: Amoonguss|Amoonguss, F|100/100
|switch|p2a: Hydrapple|Hydrapple, F, shiny|100/100
|
|-weather|none
|upkeep
|turn|17
|
|t:|1781003435
|move|p2a: Hydrapple|Draco Meteor|p1a: Amoonguss
|-damage|p1a: Amoonguss|5/100
|-unboost|p2a: Hydrapple|spa|2
|move|p1a: Amoonguss|Stun Spore|p2a: Hydrapple
|-immune|p2a: Hydrapple
|
|upkeep
|turn|18
|
|t:|1781003447
|switch|p2a: Slowking|Slowking-Galar, M|100/100
|switch|p1a: Scizor|Scizor, M|76/100
|
|-damage|p1a: Scizor|63/100|[from] item: Black Sludge
|upkeep
|turn|19
|
|t:|1781003455
|switch|p2a: Alomomola|Alomomola, F|100/100
|move|p1a: Scizor|U-turn|p2a: Alomomola
|-damage|p2a: Alomomola|84/100
|j| gidhavwkfvihtr
|
|t:|1781003460
|switch|p1a: Tornadus|Tornadus-Therian, M|100/100|[from] U-turn
|
|upkeep
|turn|20
|
|t:|1781003464
|move|p1a: Tornadus|Nasty Plot|p1a: Tornadus
|-boost|p1a: Tornadus|spa|2
|move|p2a: Alomomola|Flip Turn|p1a: Tornadus
|-damage|p1a: Tornadus|80/100
|
|t:|1781003467
|switch|p2a: Gholdengo|Gholdengo, shiny|100/100|[from] Flip Turn
|
|upkeep
|turn|21
|
|t:|1781003471
|move|p2a: Gholdengo|Make It Rain|p1a: Tornadus
|-damage|p1a: Tornadus|0 fnt
|-unboost|p2a: Gholdengo|spa|1
|faint|p1a: Tornadus
|
|upkeep
|-message|Dat boii fam forfeited.
|
|win|tuanquewang
|raw|Dat boii fam's rating: 1722 &rarr; <strong>1701</strong><br />(-21 for losing)
|raw|tuanquewang's rating: 1702 &rarr; <strong>1723</strong><br />(+21 for winning)
|l|☆Dat boii fam
|player|p1|
|l|☆tuanquewang
|player|p2|
|l| lord shiddenfards
|l| gidhavwkfvihtr
|j| gidhavwkfvihtr
|l| gidhavwkfvihtr
