|j|☆angel engine
|j|☆Joegirl
|t:|1781529418
|gametype|singles
|player|p1|angel engine|dawn|1526
|player|p2|Joegirl|2|1568
|gen|9
|tier|[Gen 9] OU
|rated|
|rule|HP Percentage Mod: HP is shown in percentages
|rule|Endless Battle Clause: Forcing endless battles is banned
|rule|Species Clause: Limit one of each Pokémon
|rule|OHKO Clause: OHKO moves are banned
|rule|Evasion Items Clause: Evasion items are banned
|rule|Evasion Moves Clause: Evasion moves are banned
|rule|Evasion Abilities Clause: Evasion abilities are banned
|rule|Sleep Moves Clause: Sleep-inducing moves are banned
|clearpoke
|poke|p1|Latios, M|
|poke|p1|Dragapult, F|
|poke|p1|Landorus-Therian, M|
|poke|p1|Iron Crown|
|poke|p1|Volcanion|
|poke|p1|Maushold|
|poke|p2|Cresselia, F|
|poke|p2|Walking Wake|
|poke|p2|Torkoal, M|
|poke|p2|Raging Bolt|
|poke|p2|Rillaboom, M|
|poke|p2|Ceruledge, F|
|teampreview
|inactive|Battle timer is ON: inactive players will automatically lose when time's up. (requested by angel engine)
|j| peeekapeee
|
|t:|1781529434
|teamsize|p1|6
|teamsize|p2|6
|start
|switch|p1a: Landorus|Landorus-Therian, M|100/100
|switch|p2a: Torkoal|Torkoal, M|100/100
|-ability|p1a: Landorus|Intimidate|boost
|-unboost|p2a: Torkoal|atk|1
|-weather|SunnyDay|[from] ability: Drought|[of] p2a: Torkoal
|turn|1
|
|t:|1781529453
|switch|p2a: Rillaboom|Rillaboom, M|100/100
|-fieldstart|move: Grassy Terrain|[from] ability: Grassy Surge|[of] p2a: Rillaboom
|move|p1a: Landorus|Taunt|p2a: Rillaboom
|-start|p2a: Rillaboom|move: Taunt
|
|-weather|SunnyDay|[upkeep]
|upkeep
|turn|2
|
|t:|1781529459
|move|p1a: Landorus|Fling|p2a: Rillaboom
|-damage|p2a: Rillaboom|89/100
|-status|p2a: Rillaboom|par
|-enditem|p1a: Landorus|Light Ball|[from] move: Fling
|move|p2a: Rillaboom|Knock Off|p1a: Landorus
|-damage|p1a: Landorus|69/100
|
|-weather|SunnyDay|[upkeep]
|-heal|p2a: Rillaboom|96/100 par|[from] Grassy Terrain
|upkeep
|turn|3
|
|t:|1781529470
|switch|p2a: Walking Wake|Walking Wake|100/100
|-activate|p2a: Walking Wake|ability: Protosynthesis
|-start|p2a: Walking Wake|protosynthesisspe
|move|p1a: Landorus|Stealth Rock|p2a: Walking Wake
|-sidestart|p2: Joegirl|move: Stealth Rock
|
|-weather|SunnyDay|[upkeep]
|upkeep
|turn|4
|
|t:|1781529475
|switch|p1a: Volcanion|Volcanion|100/100
|move|p2a: Walking Wake|Dragon Pulse|p1a: Volcanion
|-damage|p1a: Volcanion|14/100
|
|-weather|SunnyDay|[upkeep]
|-heal|p1a: Volcanion|20/100|[from] Grassy Terrain
|upkeep
|turn|5
|
|t:|1781529481
|move|p2a: Walking Wake|Dragon Pulse|p1a: Volcanion
|-damage|p1a: Volcanion|0 fnt
|faint|p1a: Volcanion
|
|-weather|SunnyDay|[upkeep]
|-fieldend|move: Grassy Terrain
|upkeep
|
|t:|1781529483
|switch|p1a: Dragapult|Dragapult, F|100/100
|turn|6
|
|t:|1781529486
|move|p2a: Walking Wake|Dragon Pulse|p1a: Dragapult
|-supereffective|p1a: Dragapult
|-enditem|p1a: Dragapult|Focus Sash
|-damage|p1a: Dragapult|1/100
|move|p1a: Dragapult|Thunder Wave|p2a: Walking Wake
|-status|p2a: Walking Wake|par
|
|-weather|SunnyDay|[upkeep]
|upkeep
|turn|7
|
|t:|1781529491
|move|p1a: Dragapult|Dragon Darts|p2a: Walking Wake
|-supereffective|p2a: Walking Wake
|-damage|p2a: Walking Wake|57/100 par
|-anim|p1a: Dragapult|Dragon Darts|p2a: Walking Wake
|-supereffective|p2a: Walking Wake
|-damage|p2a: Walking Wake|11/100 par
|move|p2a: Walking Wake|Dragon Pulse|p1a: Dragapult
|-supereffective|p1a: Dragapult
|-damage|p1a: Dragapult|0 fnt
|faint|p1a: Dragapult
|
|-weather|SunnyDay|[upkeep]
|upkeep
|
|t:|1781529503
|switch|p1a: Landorus|Landorus-Therian, M|69/100
|-ability|p1a: Landorus|Intimidate|boost
|-unboost|p2a: Walking Wake|atk|1
|turn|8
|
|t:|1781529506
|move|p1a: Landorus|Earthquake|p2a: Walking Wake
|-crit|p2a: Walking Wake
|-damage|p2a: Walking Wake|0 fnt
|faint|p2a: Walking Wake
|-end|p2a: Walking Wake|Protosynthesis|[silent]
|
|-weather|none
|upkeep
|
|t:|1781529510
|switch|p2a: Torkoal|Torkoal, M|100/100
|-damage|p2a: Torkoal|75/100|[from] Stealth Rock
|-weather|SunnyDay|[from] ability: Drought|[of] p2a: Torkoal
|turn|9
|
|t:|1781529513
|switch|p2a: Rillaboom|Rillaboom, M|96/100 par
|-damage|p2a: Rillaboom|83/100 par|[from] Stealth Rock
|-fieldstart|move: Grassy Terrain|[from] ability: Grassy Surge|[of] p2a: Rillaboom
|move|p1a: Landorus|Taunt|p2a: Rillaboom
|-start|p2a: Rillaboom|move: Taunt
|
|-weather|SunnyDay|[upkeep]
|-heal|p2a: Rillaboom|89/100 par|[from] Grassy Terrain
|upkeep
|turn|10
|
|t:|1781529521
|move|p1a: Landorus|Earthquake|p2a: Rillaboom
|-resisted|p2a: Rillaboom
|-damage|p2a: Rillaboom|75/100 par
|move|p2a: Rillaboom|Wood Hammer|p1a: Landorus
|-damage|p1a: Landorus|0 fnt
|faint|p1a: Landorus
|-damage|p2a: Rillaboom|50/100 par|[from] Recoil
|
|-weather|SunnyDay|[upkeep]
|-heal|p2a: Rillaboom|56/100 par|[from] Grassy Terrain
|upkeep
|
|t:|1781529532
|switch|p1a: Iron Crown|Iron Crown|100/100
|-enditem|p1a: Iron Crown|Booster Energy
|-activate|p1a: Iron Crown|ability: Quark Drive|[fromitem]
|-start|p1a: Iron Crown|quarkdrivespe
|turn|11
|
|t:|1781529536
|move|p1a: Iron Crown|Tachyon Cutter|p2a: Rillaboom
|-damage|p2a: Rillaboom|22/100 par
|-damage|p2a: Rillaboom|0 fnt
|faint|p2a: Rillaboom
|-hitcount|p2: Rillaboom|2
|
|-weather|SunnyDay|[upkeep]
|upkeep
|
|t:|1781529540
|switch|p2a: Ceruledge|Ceruledge, F|100/100
|-damage|p2a: Ceruledge|76/100|[from] Stealth Rock
|-item|p2a: Ceruledge|Air Balloon
|turn|12
|
|t:|1781529554
|move|p1a: Iron Crown|Psychic Noise|p2a: Ceruledge
|-damage|p2a: Ceruledge|33/100
|-start|p2a: Ceruledge|move: Heal Block
|-enditem|p2a: Ceruledge|Air Balloon
|cant|p2a: Ceruledge|move: Heal Block|Bitter Blade
|
|-weather|SunnyDay|[upkeep]
|upkeep
|turn|13
|
|t:|1781529562
|-terastallize|p1a: Iron Crown|Fighting
|move|p2a: Ceruledge|Shadow Sneak|p1a: Iron Crown
|-damage|p1a: Iron Crown|79/100
|move|p1a: Iron Crown|Calm Mind|p1a: Iron Crown
|-boost|p1a: Iron Crown|spa|1
|-boost|p1a: Iron Crown|spd|1
|
|-weather|SunnyDay|[upkeep]
|-heal|p1a: Iron Crown|85/100|[from] Grassy Terrain
|-end|p2a: Ceruledge|move: Heal Block
|-fieldend|move: Grassy Terrain
|upkeep
|turn|14
|
|t:|1781529570
|move|p2a: Ceruledge|Shadow Sneak|p1a: Iron Crown
|-damage|p1a: Iron Crown|62/100
|move|p1a: Iron Crown|Psychic Noise|p2a: Ceruledge
|-damage|p2a: Ceruledge|0 fnt
|faint|p2a: Ceruledge
|
|-weather|SunnyDay|[upkeep]
|upkeep
|
|t:|1781529578
|switch|p2a: Raging Bolt|Raging Bolt|100/100
|-damage|p2a: Raging Bolt|88/100|[from] Stealth Rock
|-activate|p2a: Raging Bolt|ability: Protosynthesis
|-start|p2a: Raging Bolt|protosynthesisspa
|turn|15
|
|t:|1781529580
|move|p1a: Iron Crown|Psychic Noise|p2a: Raging Bolt
|-damage|p2a: Raging Bolt|48/100
|-start|p2a: Raging Bolt|move: Heal Block
|move|p2a: Raging Bolt|Thunderbolt|p1a: Iron Crown
|-damage|p1a: Iron Crown|3/100
|
|-weather|SunnyDay|[upkeep]
|upkeep
|turn|16
|
|t:|1781529584
|move|p1a: Iron Crown|Calm Mind|p1a: Iron Crown
|-boost|p1a: Iron Crown|spa|1
|-boost|p1a: Iron Crown|spd|1
|move|p2a: Raging Bolt|Thunderbolt|p1a: Iron Crown
|-damage|p1a: Iron Crown|0 fnt
|faint|p1a: Iron Crown
|-end|p1a: Iron Crown|Quark Drive|[silent]
|
|-weather|none
|-end|p2a: Raging Bolt|Protosynthesis
|-end|p2a: Raging Bolt|move: Heal Block
|upkeep
|
|t:|1781529587
|switch|p1a: Latios|Latios, M|100/100
|turn|17
|
|t:|1781529592
|-end|p2a: Raging Bolt|Protosynthesis|[silent]
|switch|p2a: Torkoal|Torkoal, M|75/100
|-damage|p2a: Torkoal|50/100|[from] Stealth Rock
|-weather|SunnyDay|[from] ability: Drought|[of] p2a: Torkoal
|move|p1a: Latios|Earthquake|p2a: Torkoal
|-supereffective|p2a: Torkoal
|-damage|p2a: Torkoal|0 fnt
|faint|p2a: Torkoal
|-damage|p1a: Latios|91/100|[from] item: Life Orb
|
|-weather|SunnyDay|[upkeep]
|upkeep
|
|t:|1781529596
|switch|p2a: Cresselia|Cresselia, F|100/100
|-damage|p2a: Cresselia|88/100|[from] Stealth Rock
|turn|18
|
|t:|1781529606
|switch|p1a: Maushold|Maushold|100/100
|move|p2a: Cresselia|Moonblast|p1a: Maushold
|-damage|p1a: Maushold|74/100
|
|-weather|SunnyDay|[upkeep]
|upkeep
|turn|19
|
|t:|1781529610
|move|p1a: Maushold|Encore|p2a: Cresselia
|-start|p2a: Cresselia|Encore
|move|p2a: Cresselia|Moonblast|p1a: Maushold
|-damage|p1a: Maushold|49/100
|-unboost|p1a: Maushold|spa|1
|
|-weather|SunnyDay|[upkeep]
|upkeep
|turn|20
|
|t:|1781529613
|move|p1a: Maushold|Tidy Up|p1a: Maushold
|-sideend|p2: Joegirl|Stealth Rock
|-activate|p1a: Maushold|move: Tidy Up
|-boost|p1a: Maushold|atk|1
|-boost|p1a: Maushold|spe|1
|move|p2a: Cresselia|Moonblast|p1a: Maushold
|-damage|p1a: Maushold|23/100
|
|-weather|SunnyDay|[upkeep]
|upkeep
|turn|21
|
|t:|1781529615
|move|p1a: Maushold|Population Bomb|p2a: Cresselia
|-damage|p2a: Cresselia|80/100
|-damage|p2a: Cresselia|71/100
|-damage|p2a: Cresselia|63/100
|-damage|p2a: Cresselia|54/100
|-damage|p2a: Cresselia|46/100
|-damage|p2a: Cresselia|37/100
|-damage|p2a: Cresselia|29/100
|-damage|p2a: Cresselia|21/100
|-damage|p2a: Cresselia|12/100
|-damage|p2a: Cresselia|4/100
|-hitcount|p2a: Cresselia|10
|move|p2a: Cresselia|Moonblast|p1a: Maushold
|-damage|p1a: Maushold|0 fnt
|faint|p1a: Maushold
|
|-weather|SunnyDay|[upkeep]
|-end|p2a: Cresselia|Encore
|upkeep
|
|t:|1781529618
|switch|p1a: Latios|Latios, M|91/100
|turn|22
|
|t:|1781529628
|move|p1a: Latios|Psychic Noise|p2a: Cresselia
|-resisted|p2a: Cresselia
|-crit|p2a: Cresselia
|-damage|p2a: Cresselia|0 fnt
|faint|p2a: Cresselia
|-damage|p1a: Latios|81/100|[from] item: Life Orb
|
|-weather|SunnyDay|[upkeep]
|upkeep
|
|t:|1781529631
|switch|p2a: Raging Bolt|Raging Bolt|48/100
|-activate|p2a: Raging Bolt|ability: Protosynthesis
|-start|p2a: Raging Bolt|protosynthesisspa
|turn|23
|
|t:|1781529637
|move|p1a: Latios|Earthquake|p2a: Raging Bolt
|-supereffective|p2a: Raging Bolt
|-damage|p2a: Raging Bolt|0 fnt
|faint|p2a: Raging Bolt
|-end|p2a: Raging Bolt|Protosynthesis|[silent]
|-damage|p1a: Latios|71/100|[from] item: Life Orb
|
|win|angel engine
|raw|angel engine's rating: 1526 &rarr; <strong>1548</strong><br />(+22 for winning)
|raw|Joegirl's rating: 1568 &rarr; <strong>1546</strong><br />(-22 for losing)
|l|☆angel engine
|player|p1|
|c| peeekapeee|Yes calm
|l| peeekapeee
