|j|☆barbordor
|j|‽cte plays
|t:|1781381193
|gametype|singles
|player|p1|barbordor|1|1561
|player|p2|cte plays|brendan|1628
|gen|9
|tier|[Gen 9] OU
|rated|
|rule|HP Percentage Mod: HP is shown in percentages
|rule|Endless Battle Clause: Forcing endless battles is banned
|rule|Species Clause: Limit one of each Pokémon
|rule|OHKO Clause: OHKO moves are banned
|rule|Evasion Items Clause: Evasion items are banned
|rule|Evasion Moves Clause: Evasion moves are banned
|rule|Evasion Abilities Clause: Evasion abilities are banned
|rule|Sleep Moves Clause: Sleep-inducing moves are banned
|clearpoke
|poke|p1|Great Tusk|
|poke|p1|Pecharunt|
|poke|p1|Cinderace, M|
|poke|p1|Alomomola, M|
|poke|p1|Meowscarada, M|
|poke|p1|Sylveon, M|
|poke|p2|Scizor, F|
|poke|p2|Kyurem|
|poke|p2|Cinderace, F|
|poke|p2|Primarina, F|
|poke|p2|Zapdos|
|poke|p2|Iron Valiant|
|teampreview
|inactive|Battle timer is ON: inactive players will automatically lose when time's up. (requested by barbordor)
|inactive|barbordor has 120 seconds left.
|inactive|barbordor has 90 seconds left.
|
|t:|1781381271
|teamsize|p1|6
|teamsize|p2|6
|start
|switch|p1a: Cinderace|Cinderace, M|100/100
|switch|p2a: Cinderace|Cinderace, F, shiny|100/100
|turn|1
|
|t:|1781381284
|move|p2a: Cinderace|U-turn|p1a: Cinderace
|-resisted|p1a: Cinderace
|-damage|p1a: Cinderace|86/100
|
|t:|1781381288
|switch|p2a: Primarina|Primarina, F, shiny|100/100|[from] U-turn
|move|p1a: Cinderace|Pyro Ball|p2a: Primarina
|-resisted|p2a: Primarina
|-damage|p2a: Primarina|65/100
|
|upkeep
|turn|2
|
|t:|1781381298
|move|p1a: Cinderace|U-turn|p2a: Primarina
|-resisted|p2a: Primarina
|-damage|p2a: Primarina|53/100
|
|t:|1781381300
|switch|p1a: Alomomola|Alomomola, M, shiny|100/100|[from] U-turn
|move|p2a: Primarina|Flip Turn|p1a: Alomomola
|-resisted|p1a: Alomomola
|-damage|p1a: Alomomola|96/100
|
|t:|1781381308
|switch|p2a: Zapdos|Zapdos, shiny|100/100|[from] Flip Turn
|
|upkeep
|turn|3
|
|t:|1781381315
|move|p2a: Zapdos|Volt Switch|p1a: Alomomola
|-supereffective|p1a: Alomomola
|-damage|p1a: Alomomola|58/100
|
|t:|1781381320
|switch|p2a: Primarina|Primarina, F, shiny|53/100|[from] Volt Switch
|move|p1a: Alomomola|Mirror Coat|p2a: Primarina
|-damage|p2a: Primarina|0 fnt
|faint|p2a: Primarina
|
|upkeep
|
|t:|1781381333
|switch|p2a: Scizor|Scizor, F, shiny|100/100
|turn|4
|
|t:|1781381338
|move|p2a: Scizor|Swords Dance|p2a: Scizor
|-boost|p2a: Scizor|atk|2
|move|p1a: Alomomola|Flip Turn|p2a: Scizor
|-damage|p2a: Scizor|81/100
|
|t:|1781381341
|switch|p1a: Cinderace|Cinderace, M|86/100|[from] Flip Turn
|
|upkeep
|turn|5
|
|t:|1781381349
|-terastallize|p2a: Scizor|Fire
|move|p1a: Cinderace|Will-O-Wisp|p2a: Scizor
|-immune|p2a: Scizor
|move|p2a: Scizor|Knock Off|p1a: Cinderace
|-damage|p1a: Cinderace|0 fnt
|-enditem|p1a: Cinderace|Heavy-Duty Boots|[from] move: Knock Off|[of] p2a: Scizor
|faint|p1a: Cinderace
|
|upkeep
|
|t:|1781381352
|switch|p1a: Pecharunt|Pecharunt|100/100
|turn|6
|
|t:|1781381362
|-terastallize|p1a: Pecharunt|Dark
|move|p1a: Pecharunt|Foul Play|p2a: Scizor
|-damage|p2a: Scizor|0 fnt
|faint|p2a: Scizor
|
|upkeep
|
|t:|1781381371
|switch|p2a: Kyurem|Kyurem, shiny|100/100
|-ability|p2a: Kyurem|Pressure
|turn|7
|
|t:|1781381376
|move|p2a: Kyurem|Dragon Dance|p2a: Kyurem
|-boost|p2a: Kyurem|atk|1
|-boost|p2a: Kyurem|spe|1
|move|p1a: Pecharunt|Parting Shot|p2a: Kyurem
|-unboost|p2a: Kyurem|atk|1
|-unboost|p2a: Kyurem|spa|1
|
|t:|1781381379
|switch|p1a: Sylveon|Sylveon, M|100/100|[from] Parting Shot
|
|upkeep
|turn|8
|
|t:|1781381392
|switch|p2a: Cinderace|Cinderace, F, shiny|100/100
|move|p1a: Sylveon|Hyper Voice|p2a: Cinderace
|-resisted|p2a: Cinderace
|-damage|p2a: Cinderace|37/100
|
|upkeep
|turn|9
|
|t:|1781381400
|move|p2a: Cinderace|Pyro Ball|p1a: Sylveon
|-damage|p1a: Sylveon|18/100
|move|p1a: Sylveon|Hyper Voice|p2a: Cinderace
|-resisted|p2a: Cinderace
|-damage|p2a: Cinderace|0 fnt
|faint|p2a: Cinderace
|
|upkeep
|
|t:|1781381412
|switch|p2a: Kyurem|Kyurem, shiny|100/100
|-ability|p2a: Kyurem|Pressure
|turn|10
|
|t:|1781381418
|move|p2a: Kyurem|Icicle Spear|p1a: Sylveon
|-damage|p1a: Sylveon|0 fnt
|faint|p1a: Sylveon
|-hitcount|p1: Sylveon|1
|
|upkeep
|
|t:|1781381423
|switch|p1a: Pecharunt|Pecharunt, tera:Dark|100/100
|turn|11
|
|t:|1781381427
|switch|p2a: Zapdos|Zapdos, shiny|100/100
|move|p1a: Pecharunt|Foul Play|p2a: Zapdos
|-damage|p2a: Zapdos|81/100
|
|upkeep
|turn|12
|
|t:|1781381440
|move|p2a: Zapdos|Hurricane|p1a: Pecharunt
|-damage|p1a: Pecharunt|44/100
|move|p1a: Pecharunt|Parting Shot|p2a: Zapdos
|-unboost|p2a: Zapdos|atk|1
|-unboost|p2a: Zapdos|spa|1
|
|t:|1781381443
|switch|p1a: Meowscarada|Meowscarada, M|100/100|[from] Parting Shot
|
|upkeep
|turn|13
|
|t:|1781381450
|move|p1a: Meowscarada|Triple Axel|p2a: Zapdos
|-start|p1a: Meowscarada|typechange|Ice|[from] ability: Protean
|-supereffective|p2a: Zapdos
|-damage|p2a: Zapdos|56/100
|-supereffective|p2a: Zapdos
|-damage|p2a: Zapdos|4/100
|-supereffective|p2a: Zapdos
|-damage|p2a: Zapdos|0 fnt
|faint|p2a: Zapdos
|-hitcount|p2: Zapdos|3
|
|upkeep
|
|t:|1781381461
|switch|p2a: Kyurem|Kyurem, shiny|100/100
|-ability|p2a: Kyurem|Pressure
|turn|14
|
|t:|1781381465
|move|p1a: Meowscarada|Triple Axel|p2a: Kyurem
|-damage|p2a: Kyurem|86/100
|-damage|p2a: Kyurem|59/100
|-damage|p2a: Kyurem|19/100
|-hitcount|p2a: Kyurem|3
|move|p2a: Kyurem|Dragon Dance|p2a: Kyurem
|-boost|p2a: Kyurem|atk|1
|-boost|p2a: Kyurem|spe|1
|
|upkeep
|turn|15
|
|t:|1781381478
|move|p2a: Kyurem|Scale Shot|p1a: Meowscarada
|-damage|p1a: Meowscarada|72/100
|-damage|p1a: Meowscarada|40/100
|-damage|p1a: Meowscarada|10/100
|-damage|p1a: Meowscarada|0 fnt
|faint|p1a: Meowscarada
|-hitcount|p1: Meowscarada|4
|-unboost|p2a: Kyurem|def|1
|-boost|p2a: Kyurem|spe|1
|
|upkeep
|
|t:|1781381482
|switch|p1a: Alomomola|Alomomola, M, shiny|91/100
|turn|16
|
|t:|1781381492
|switch|p1a: Pecharunt|Pecharunt, tera:Dark|44/100
|move|p2a: Kyurem|Scale Shot|p1a: Pecharunt
|-damage|p1a: Pecharunt|35/100
|-damage|p1a: Pecharunt|26/100
|-damage|p1a: Pecharunt|17/100
|-damage|p1a: Pecharunt|8/100
|-hitcount|p1a: Pecharunt|4
|-unboost|p2a: Kyurem|def|1
|-boost|p2a: Kyurem|spe|1
|
|upkeep
|turn|17
|
|t:|1781381505
|move|p2a: Kyurem|Icicle Spear|p1a: Pecharunt
|-damage|p1a: Pecharunt|0 fnt
|faint|p1a: Pecharunt
|-hitcount|p1: Pecharunt|1
|
|upkeep
|
|t:|1781381507
|switch|p1a: Alomomola|Alomomola, M, shiny|100/100
|turn|18
|
|t:|1781381512
|move|p1a: Alomomola|Aqua Jet|p2a: Kyurem
|-resisted|p2a: Kyurem
|-damage|p2a: Kyurem|9/100
|move|p2a: Kyurem|Scale Shot|p1a: Alomomola
|-damage|p1a: Alomomola|87/100
|-damage|p1a: Alomomola|74/100
|-damage|p1a: Alomomola|61/100
|-damage|p1a: Alomomola|48/100
|-damage|p1a: Alomomola|35/100
|-hitcount|p1a: Alomomola|5
|-unboost|p2a: Kyurem|def|1
|-boost|p2a: Kyurem|spe|1
|
|upkeep
|turn|19
|
|t:|1781381527
|move|p1a: Alomomola|Aqua Jet|p2a: Kyurem
|-resisted|p2a: Kyurem
|-damage|p2a: Kyurem|0 fnt
|faint|p2a: Kyurem
|
|upkeep
|
|t:|1781381532
|switch|p2a: Iron Valiant|Iron Valiant, shiny|100/100
|-enditem|p2a: Iron Valiant|Booster Energy
|-activate|p2a: Iron Valiant|ability: Quark Drive|[fromitem]
|-start|p2a: Iron Valiant|quarkdrivespe
|turn|20
|
|t:|1781381537
|switch|p1a: Great Tusk|Great Tusk|100/100
|move|p2a: Iron Valiant|Calm Mind|p2a: Iron Valiant
|-boost|p2a: Iron Valiant|spa|1
|-boost|p2a: Iron Valiant|spd|1
|
|upkeep
|turn|21
|
|t:|1781381544
|move|p2a: Iron Valiant|Moonblast|p1a: Great Tusk
|-supereffective|p1a: Great Tusk
|-damage|p1a: Great Tusk|0 fnt
|faint|p1a: Great Tusk
|-end|p1a: Great Tusk|Protosynthesis|[silent]
|
|upkeep
|
|t:|1781381546
|switch|p1a: Alomomola|Alomomola, M, shiny|68/100
|turn|22
|
|t:|1781381552
|move|p2a: Iron Valiant|Calm Mind|p2a: Iron Valiant
|-boost|p2a: Iron Valiant|spa|1
|-boost|p2a: Iron Valiant|spd|1
|move|p1a: Alomomola|Ice Beam|p2a: Iron Valiant
|-damage|p2a: Iron Valiant|92/100
|
|upkeep
|turn|23
|
|t:|1781381562
|move|p2a: Iron Valiant|Encore|p1a: Alomomola
|-start|p1a: Alomomola|Encore
|move|p1a: Alomomola|Ice Beam|p2a: Iron Valiant
|-damage|p2a: Iron Valiant|83/100
|
|upkeep
|turn|24
|
|t:|1781381569
|move|p2a: Iron Valiant|Moonblast|p1a: Alomomola
|-damage|p1a: Alomomola|19/100
|-unboost|p1a: Alomomola|spa|1
|move|p1a: Alomomola|Ice Beam|p2a: Iron Valiant
|-damage|p2a: Iron Valiant|77/100
|
|upkeep
|turn|25
|-message|barbordor forfeited.
|
|win|cte plays
|raw|barbordor's rating: 1561 &rarr; <strong>1545</strong><br />(-16 for losing)
|raw|cte plays's rating: 1628 &rarr; <strong>1644</strong><br />(+16 for winning)
|l|☆barbordor
|player|p1|
