|j|☆KurisuChestnutOU
|j|☆icylikedecember
|t:|1781167710
|gametype|singles
|player|p1|KurisuChestnutOU|may-contest|1671
|player|p2|icylikedecember|smasher|1694
|gen|9
|tier|[Gen 9] OU
|rated|
|rule|HP Percentage Mod: HP is shown in percentages
|rule|Endless Battle Clause: Forcing endless battles is banned
|rule|Species Clause: Limit one of each Pokémon
|rule|OHKO Clause: OHKO moves are banned
|rule|Evasion Items Clause: Evasion items are banned
|rule|Evasion Moves Clause: Evasion moves are banned
|rule|Evasion Abilities Clause: Evasion abilities are banned
|rule|Sleep Moves Clause: Sleep-inducing moves are banned
|clearpoke
|poke|p1|Zamazenta-*|
|poke|p1|Zapdos|
|poke|p1|Garganacl, F|
|poke|p1|Clefable, F|
|poke|p1|Samurott-Hisui, F|
|poke|p1|Gholdengo|
|poke|p2|Corviknight, F|
|poke|p2|Slowking-Galar, M|
|poke|p2|Darkrai|
|poke|p2|Kyurem|
|poke|p2|Zamazenta-*|
|poke|p2|Samurott-Hisui, F|
|teampreview
|
|t:|1781167715
|teamsize|p1|6
|teamsize|p2|6
|start
|switch|p1a: Zamazenta|Zamazenta|100/100
|switch|p2a: Corviknight|Corviknight, F, shiny|100/100
|-ability|p1a: Zamazenta|Dauntless Shield|boost
|-boost|p1a: Zamazenta|def|1
|-ability|p2a: Corviknight|Pressure
|turn|1
|inactive|Battle timer is ON: inactive players will automatically lose when time's up. (requested by KurisuChestnutOU)
|
|t:|1781167723
|move|p1a: Zamazenta|Iron Defense|p1a: Zamazenta
|-boost|p1a: Zamazenta|def|2
|move|p2a: Corviknight|Defog|p1a: Zamazenta
|-unboost|p1a: Zamazenta|evasion|1
|
|upkeep
|turn|2
|
|t:|1781167727
|move|p2a: Corviknight|U-turn|p1a: Zamazenta
|-resisted|p1a: Zamazenta
|-damage|p1a: Zamazenta|98/100
|
|t:|1781167734
|switch|p2a: Slowking|Slowking-Galar, M, shiny|100/100|[from] U-turn
|move|p1a: Zamazenta|Roar|p2a: Slowking
|drag|p2a: Corviknight|Corviknight, F, shiny|100/100
|-ability|p2a: Corviknight|Pressure
|
|-heal|p1a: Zamazenta|100/100|[from] item: Leftovers
|upkeep
|turn|3
|
|t:|1781167739
|switch|p2a: Zamazenta|Zamazenta|100/100
|-ability|p2a: Zamazenta|Dauntless Shield|boost
|-boost|p2a: Zamazenta|def|1
|move|p1a: Zamazenta|Body Press|p2a: Zamazenta
|-damage|p2a: Zamazenta|62/100
|
|-heal|p2a: Zamazenta|68/100|[from] item: Leftovers
|upkeep
|turn|4
|
|t:|1781167742
|move|p1a: Zamazenta|Body Press|p2a: Zamazenta
|-damage|p2a: Zamazenta|29/100
|move|p2a: Zamazenta|Roar|p1a: Zamazenta
|drag|p1a: Samurott|Samurott-Hisui, F|100/100
|
|-heal|p2a: Zamazenta|35/100|[from] item: Leftovers
|upkeep
|turn|5
|
|t:|1781167753
|switch|p1a: Clefable|Clefable, F|100/100
|move|p2a: Zamazenta|Crunch|p1a: Clefable
|-resisted|p1a: Clefable
|-damage|p1a: Clefable|93/100
|
|-heal|p2a: Zamazenta|41/100|[from] item: Leftovers
|upkeep
|turn|6
|
|t:|1781167761
|switch|p2a: Slowking|Slowking-Galar, M, shiny|100/100
|move|p1a: Clefable|Moonblast|p2a: Slowking
|-resisted|p2a: Slowking
|-damage|p2a: Slowking|93/100
|
|upkeep
|turn|7
|
|t:|1781167765
|switch|p1a: Gholdengo|Gholdengo|100/100
|move|p2a: Slowking|Sludge Bomb|p1a: Gholdengo
|-immune|p1a: Gholdengo
|
|upkeep
|turn|8
|
|t:|1781167772
|move|p1a: Gholdengo|Shadow Ball|p2a: Slowking
|-supereffective|p2a: Slowking
|-damage|p2a: Slowking|54/100
|move|p2a: Slowking|Flamethrower|p1a: Gholdengo
|-supereffective|p1a: Gholdengo
|-damage|p1a: Gholdengo|29/100
|
|upkeep
|turn|9
|
|t:|1781167779
|switch|p2a: Samurott|Samurott-Hisui, F|100/100
|move|p1a: Gholdengo|Shadow Ball|p2a: Samurott
|-resisted|p2a: Samurott
|-damage|p2a: Samurott|69/100
|
|upkeep
|turn|10
|
|t:|1781167784
|switch|p1a: Zamazenta|Zamazenta|100/100
|move|p2a: Samurott|Razor Shell|p1a: Zamazenta
|-damage|p1a: Zamazenta|63/100
|-unboost|p1a: Zamazenta|def|1
|
|-heal|p1a: Zamazenta|69/100|[from] item: Leftovers
|upkeep
|turn|11
|
|t:|1781167797
|switch|p2a: Corviknight|Corviknight, F, shiny|100/100
|-ability|p2a: Corviknight|Pressure
|switch|p1a: Samurott|Samurott-Hisui, F|100/100
|
|upkeep
|turn|12
|
|t:|1781167802
|move|p1a: Samurott|Ceaseless Edge|p2a: Corviknight
|-damage|p2a: Corviknight|72/100
|-damage|p1a: Samurott|84/100|[from] item: Rocky Helmet|[of] p2a: Corviknight
|-sidestart|p2: icylikedecember|Spikes
|move|p2a: Corviknight|Brave Bird|p1a: Samurott
|-damage|p1a: Samurott|38/100
|-damage|p2a: Corviknight|60/100|[from] Recoil
|
|upkeep
|turn|13
|
|t:|1781167809
|move|p1a: Samurott|Ceaseless Edge|p2a: Corviknight
|-damage|p2a: Corviknight|32/100
|-damage|p1a: Samurott|21/100|[from] item: Rocky Helmet|[of] p2a: Corviknight
|-sidestart|p2: icylikedecember|Spikes
|move|p2a: Corviknight|Roost|p2a: Corviknight
|-heal|p2a: Corviknight|82/100
|-singleturn|p2a: Corviknight|move: Roost
|
|upkeep
|turn|14
|
|t:|1781167815
|switch|p1a: Gholdengo|Gholdengo|29/100
|move|p2a: Corviknight|U-turn|p1a: Gholdengo
|-resisted|p1a: Gholdengo
|-damage|p1a: Gholdengo|26/100
|
|t:|1781167818
|switch|p2a: Samurott|Samurott-Hisui, F|69/100|[from] U-turn
|-damage|p2a: Samurott|53/100|[from] Spikes
|
|upkeep
|turn|15
|
|t:|1781167824
|switch|p1a: Zamazenta|Zamazenta|69/100
|move|p2a: Samurott|Razor Shell|p1a: Zamazenta
|-damage|p1a: Zamazenta|30/100
|-unboost|p1a: Zamazenta|def|1
|
|-heal|p1a: Zamazenta|36/100|[from] item: Leftovers
|upkeep
|turn|16
|
|t:|1781167830
|switch|p1a: Zapdos|Zapdos|100/100
|move|p2a: Samurott|Razor Shell|p1a: Zapdos
|-damage|p1a: Zapdos|64/100
|-unboost|p1a: Zapdos|def|1
|
|upkeep
|turn|17
|
|t:|1781167844
|-terastallize|p2a: Samurott|Water
|move|p2a: Samurott|Razor Shell|p1a: Zapdos
|-damage|p1a: Zapdos|0 fnt
|faint|p1a: Zapdos
|
|upkeep
|
|t:|1781167850
|switch|p1a: Gholdengo|Gholdengo|26/100
|turn|18
|
|t:|1781167854
|move|p2a: Samurott|Razor Shell|p1a: Gholdengo
|-crit|p1a: Gholdengo
|-damage|p1a: Gholdengo|0 fnt
|faint|p1a: Gholdengo
|
|upkeep
|
|t:|1781167859
|switch|p1a: Garganacl|Garganacl, F|100/100
|turn|19
|
|t:|1781167863
|-terastallize|p1a: Garganacl|Water
|move|p2a: Samurott|Razor Shell|p1a: Garganacl
|-resisted|p1a: Garganacl
|-damage|p1a: Garganacl|77/100
|move|p1a: Garganacl|Salt Cure|p2a: Samurott
|-damage|p2a: Samurott|34/100
|-start|p2a: Samurott|Salt Cure
|
|-heal|p1a: Garganacl|84/100|[from] item: Leftovers
|-damage|p2a: Samurott|9/100|[from] Salt Cure
|upkeep
|turn|20
|
|t:|1781167870
|switch|p2a: Corviknight|Corviknight, F, shiny|82/100
|-ability|p2a: Corviknight|Pressure
|move|p1a: Garganacl|Salt Cure|p2a: Corviknight
|-damage|p2a: Corviknight|73/100
|-start|p2a: Corviknight|Salt Cure
|
|-heal|p1a: Garganacl|90/100|[from] item: Leftovers
|-damage|p2a: Corviknight|48/100|[from] Salt Cure
|upkeep
|turn|21
|
|t:|1781167875
|move|p2a: Corviknight|Defog|p1a: Garganacl
|-unboost|p1a: Garganacl|evasion|1
|-sideend|p2: icylikedecember|Spikes|[from] move: Defog|[of] p2a: Corviknight
|move|p1a: Garganacl|Stealth Rock|p2a: Corviknight
|-sidestart|p2: icylikedecember|move: Stealth Rock
|
|-heal|p1a: Garganacl|96/100|[from] item: Leftovers
|-damage|p2a: Corviknight|24/100|[from] Salt Cure
|upkeep
|turn|22
|
|t:|1781167880
|move|p2a: Corviknight|Roost|p2a: Corviknight
|-heal|p2a: Corviknight|74/100
|-singleturn|p2a: Corviknight|move: Roost
|move|p1a: Garganacl|Stealth Rock||[still]
|-fail|p1a: Garganacl
|
|-heal|p1a: Garganacl|100/100|[from] item: Leftovers
|-damage|p2a: Corviknight|49/100|[from] Salt Cure
|upkeep
|turn|23
|
|t:|1781167882
|move|p2a: Corviknight|Defog|p1a: Garganacl
|-unboost|p1a: Garganacl|evasion|1
|-sideend|p2: icylikedecember|Stealth Rock|[from] move: Defog|[of] p2a: Corviknight
|move|p1a: Garganacl|Stealth Rock|p2a: Corviknight
|-sidestart|p2: icylikedecember|move: Stealth Rock
|
|-damage|p2a: Corviknight|24/100|[from] Salt Cure
|upkeep
|turn|24
|
|t:|1781167888
|move|p2a: Corviknight|Roost|p2a: Corviknight
|-heal|p2a: Corviknight|74/100
|-singleturn|p2a: Corviknight|move: Roost
|move|p1a: Garganacl|Stealth Rock||[still]
|-fail|p1a: Garganacl
|
|-damage|p2a: Corviknight|49/100|[from] Salt Cure
|upkeep
|turn|25
|
|t:|1781167894
|move|p2a: Corviknight|Defog|p1a: Garganacl
|-unboost|p1a: Garganacl|evasion|1
|-sideend|p2: icylikedecember|Stealth Rock|[from] move: Defog|[of] p2a: Corviknight
|move|p1a: Garganacl|Stealth Rock|p2a: Corviknight
|-sidestart|p2: icylikedecember|move: Stealth Rock
|
|-damage|p2a: Corviknight|25/100|[from] Salt Cure
|upkeep
|turn|26
|
|t:|1781167900
|move|p2a: Corviknight|Roost|p2a: Corviknight
|-heal|p2a: Corviknight|75/100
|-singleturn|p2a: Corviknight|move: Roost
|move|p1a: Garganacl|Stealth Rock||[still]
|-fail|p1a: Garganacl
|
|-damage|p2a: Corviknight|50/100|[from] Salt Cure
|upkeep
|turn|27
|
|t:|1781167906
|move|p2a: Corviknight|Defog|p1a: Garganacl
|-unboost|p1a: Garganacl|evasion|1
|-sideend|p2: icylikedecember|Stealth Rock|[from] move: Defog|[of] p2a: Corviknight
|move|p1a: Garganacl|Stealth Rock|p2a: Corviknight
|-sidestart|p2: icylikedecember|move: Stealth Rock
|
|-damage|p2a: Corviknight|25/100|[from] Salt Cure
|upkeep
|turn|28
|
|t:|1781167912
|move|p2a: Corviknight|Roost|p2a: Corviknight
|-heal|p2a: Corviknight|75/100
|-singleturn|p2a: Corviknight|move: Roost
|move|p1a: Garganacl|Stealth Rock||[still]
|-fail|p1a: Garganacl
|
|-damage|p2a: Corviknight|50/100|[from] Salt Cure
|upkeep
|turn|29
|j| ibibi57
|
|t:|1781167920
|move|p2a: Corviknight|Defog|p1a: Garganacl
|-unboost|p1a: Garganacl|evasion|1
|-sideend|p2: icylikedecember|Stealth Rock|[from] move: Defog|[of] p2a: Corviknight
|move|p1a: Garganacl|Stealth Rock|p2a: Corviknight
|-sidestart|p2: icylikedecember|move: Stealth Rock
|
|-damage|p2a: Corviknight|26/100|[from] Salt Cure
|upkeep
|turn|30
|
|t:|1781167927
|move|p2a: Corviknight|Roost|p2a: Corviknight
|-heal|p2a: Corviknight|76/100
|-singleturn|p2a: Corviknight|move: Roost
|move|p1a: Garganacl|Stealth Rock||[still]
|-fail|p1a: Garganacl
|
|-damage|p2a: Corviknight|51/100|[from] Salt Cure
|upkeep
|turn|31
|
|t:|1781167933
|move|p2a: Corviknight|Defog|p1a: Garganacl
|-unboost|p1a: Garganacl|evasion|1
|-sideend|p2: icylikedecember|Stealth Rock|[from] move: Defog|[of] p2a: Corviknight
|move|p1a: Garganacl|Stealth Rock|p2a: Corviknight
|-sidestart|p2: icylikedecember|move: Stealth Rock
|
|-damage|p2a: Corviknight|26/100|[from] Salt Cure
|upkeep
|turn|32
|
|t:|1781167939
|move|p2a: Corviknight|Roost|p2a: Corviknight
|-heal|p2a: Corviknight|76/100
|-singleturn|p2a: Corviknight|move: Roost
|move|p1a: Garganacl|Stealth Rock||[still]
|-fail|p1a: Garganacl
|
|-damage|p2a: Corviknight|51/100|[from] Salt Cure
|upkeep
|turn|33
|
|t:|1781167944
|move|p2a: Corviknight|Defog|p1a: Garganacl
|-unboost|p1a: Garganacl|evasion|0
|-sideend|p2: icylikedecember|Stealth Rock|[from] move: Defog|[of] p2a: Corviknight
|move|p1a: Garganacl|Stealth Rock|p2a: Corviknight
|-sidestart|p2: icylikedecember|move: Stealth Rock
|
|-damage|p2a: Corviknight|27/100|[from] Salt Cure
|upkeep
|turn|34
|
|t:|1781167951
|move|p2a: Corviknight|Defog|p1a: Garganacl
|-unboost|p1a: Garganacl|evasion|0
|-sideend|p2: icylikedecember|Stealth Rock|[from] move: Defog|[of] p2a: Corviknight
|move|p1a: Garganacl|Stealth Rock|p2a: Corviknight
|-sidestart|p2: icylikedecember|move: Stealth Rock
|
|-damage|p2a: Corviknight|2/100|[from] Salt Cure
|upkeep
|turn|35
|
|t:|1781167956
|move|p2a: Corviknight|Roost|p2a: Corviknight
|-heal|p2a: Corviknight|52/100
|-singleturn|p2a: Corviknight|move: Roost
|move|p1a: Garganacl|Stealth Rock||[still]
|-fail|p1a: Garganacl
|
|-damage|p2a: Corviknight|27/100|[from] Salt Cure
|upkeep
|turn|36
|
|t:|1781167961
|switch|p1a: Samurott|Samurott-Hisui, F|21/100
|move|p2a: Corviknight|Defog|p1a: Samurott
|-unboost|p1a: Samurott|evasion|1
|-sideend|p2: icylikedecember|Stealth Rock|[from] move: Defog|[of] p2a: Corviknight
|
|-damage|p2a: Corviknight|2/100|[from] Salt Cure
|upkeep
|turn|37
|
|t:|1781167964
|move|p1a: Samurott|Ceaseless Edge|p2a: Corviknight
|-damage|p2a: Corviknight|0 fnt
|-damage|p1a: Samurott|5/100|[from] item: Rocky Helmet|[of] p2a: Corviknight
|-sidestart|p2: icylikedecember|Spikes
|faint|p2a: Corviknight
|
|upkeep
|
|t:|1781167978
|switch|p2a: Kyurem|Kyurem|100/100
|-ability|p2a: Kyurem|Pressure
|turn|38
|
|t:|1781167982
|move|p1a: Samurott|Ceaseless Edge|p2a: Kyurem
|-damage|p2a: Kyurem|60/100
|-sidestart|p2: icylikedecember|Spikes
|move|p2a: Kyurem|Ice Beam|p1a: Samurott
|-resisted|p1a: Samurott
|-damage|p1a: Samurott|0 fnt
|faint|p1a: Samurott
|
|upkeep
|
|t:|1781167987
|switch|p1a: Zamazenta|Zamazenta|36/100
|turn|39
|
|t:|1781167992
|switch|p2a: Samurott|Samurott-Hisui, F, tera:Water|9/100
|-damage|p2a: Samurott|0 fnt|[from] Spikes
|faint|p2a: Samurott
|move|p1a: Zamazenta|Body Press|p2: Samurott|[notarget]
|-fail|p1a: Zamazenta
|
|-heal|p1a: Zamazenta|42/100|[from] item: Leftovers
|upkeep
|
|t:|1781167998
|switch|p2a: Slowking|Slowking-Galar, M, shiny|88/100
|-damage|p2a: Slowking|71/100|[from] Spikes
|turn|40
|
|t:|1781168003
|switch|p1a: Garganacl|Garganacl, F, tera:Water|100/100
|move|p2a: Slowking|Sludge Bomb|p1a: Garganacl
|-damage|p1a: Garganacl|72/100
|
|-heal|p1a: Garganacl|78/100|[from] item: Leftovers
|upkeep
|turn|41
|
|t:|1781168022
|switch|p2a: Kyurem|Kyurem|60/100
|-ability|p2a: Kyurem|Pressure
|move|p1a: Garganacl|Earthquake|p2a: Kyurem
|-damage|p2a: Kyurem|39/100
|
|-heal|p1a: Garganacl|85/100|[from] item: Leftovers
|upkeep
|turn|42
|
|t:|1781168026
|move|p2a: Kyurem|Freeze-Dry|p1a: Garganacl
|-supereffective|p1a: Garganacl
|-damage|p1a: Garganacl|35/100
|move|p1a: Garganacl|Recover|p1a: Garganacl
|-heal|p1a: Garganacl|85/100
|
|-heal|p1a: Garganacl|91/100|[from] item: Leftovers
|upkeep
|turn|43
|
|t:|1781168030
|move|p2a: Kyurem|Freeze-Dry|p1a: Garganacl
|-supereffective|p1a: Garganacl
|-damage|p1a: Garganacl|46/100
|move|p1a: Garganacl|Salt Cure|p2a: Kyurem
|-supereffective|p2a: Kyurem
|-damage|p2a: Kyurem|11/100
|-start|p2a: Kyurem|Salt Cure
|
|-heal|p1a: Garganacl|52/100|[from] item: Leftovers
|-damage|p2a: Kyurem|0 fnt|[from] Salt Cure
|faint|p2a: Kyurem
|upkeep
|
|t:|1781168040
|switch|p2a: Darkrai|Darkrai|100/100
|-damage|p2a: Darkrai|84/100|[from] Spikes
|turn|44
|j| dtybb
|
|t:|1781168043
|move|p2a: Darkrai|Dark Pulse|p1a: Garganacl
|-damage|p1a: Garganacl|24/100
|move|p1a: Garganacl|Recover|p1a: Garganacl
|-heal|p1a: Garganacl|74/100
|
|-heal|p1a: Garganacl|80/100|[from] item: Leftovers
|upkeep
|turn|45
|
|t:|1781168050
|switch|p1a: Zamazenta|Zamazenta|42/100
|move|p2a: Darkrai|Dark Pulse|p1a: Zamazenta
|-resisted|p1a: Zamazenta
|-damage|p1a: Zamazenta|27/100
|
|-heal|p1a: Zamazenta|33/100|[from] item: Leftovers
|upkeep
|turn|46
|
|t:|1781168057
|switch|p2a: Slowking|Slowking-Galar, M, shiny|100/100
|-damage|p2a: Slowking|84/100|[from] Spikes
|move|p1a: Zamazenta|Body Press|p2a: Slowking
|-resisted|p2a: Slowking
|-damage|p2a: Slowking|76/100
|
|-heal|p1a: Zamazenta|39/100|[from] item: Leftovers
|upkeep
|turn|47
|
|t:|1781168061
|move|p1a: Zamazenta|Crunch|p2a: Slowking
|-supereffective|p2a: Slowking
|-damage|p2a: Slowking|34/100
|move|p2a: Slowking|Sludge Bomb|p1a: Zamazenta
|-damage|p1a: Zamazenta|8/100
|-status|p1a: Zamazenta|psn
|
|-heal|p1a: Zamazenta|15/100 psn|[from] item: Leftovers
|-damage|p1a: Zamazenta|2/100 psn|[from] psn
|upkeep
|turn|48
|
|t:|1781168068
|switch|p2a: Zamazenta|Zamazenta|41/100
|-damage|p2a: Zamazenta|25/100|[from] Spikes
|move|p1a: Zamazenta|Body Press|p2a: Zamazenta
|-damage|p2a: Zamazenta|3/100
|
|-heal|p1a: Zamazenta|8/100 psn|[from] item: Leftovers
|-heal|p2a: Zamazenta|10/100|[from] item: Leftovers
|-damage|p1a: Zamazenta|0 fnt|[from] psn
|faint|p1a: Zamazenta
|upkeep
|
|t:|1781168072
|switch|p1a: Garganacl|Garganacl, F, tera:Water|80/100
|turn|49
|
|t:|1781168078
|move|p2a: Zamazenta|Body Press|p1a: Garganacl
|-damage|p1a: Garganacl|59/100
|move|p1a: Garganacl|Stealth Rock|p2a: Zamazenta
|-sidestart|p2: icylikedecember|move: Stealth Rock
|
|-heal|p2a: Zamazenta|16/100|[from] item: Leftovers
|-heal|p1a: Garganacl|65/100|[from] item: Leftovers
|upkeep
|turn|50
|
|t:|1781168083
|move|p2a: Zamazenta|Iron Defense|p2a: Zamazenta
|-boost|p2a: Zamazenta|def|2
|move|p1a: Garganacl|Salt Cure|p2a: Zamazenta
|-resisted|p2a: Zamazenta
|-damage|p2a: Zamazenta|13/100
|-start|p2a: Zamazenta|Salt Cure
|
|-heal|p2a: Zamazenta|19/100|[from] item: Leftovers
|-heal|p1a: Garganacl|72/100|[from] item: Leftovers
|-damage|p2a: Zamazenta|7/100|[from] Salt Cure
|upkeep
|turn|51
|
|t:|1781168089
|move|p2a: Zamazenta|Body Press|p1a: Garganacl
|-damage|p1a: Garganacl|26/100
|move|p1a: Garganacl|Recover|p1a: Garganacl
|-heal|p1a: Garganacl|76/100
|
|-heal|p2a: Zamazenta|13/100|[from] item: Leftovers
|-heal|p1a: Garganacl|82/100|[from] item: Leftovers
|-damage|p2a: Zamazenta|1/100|[from] Salt Cure
|upkeep
|turn|52
|
|t:|1781168093
|move|p2a: Zamazenta|Body Press|p1a: Garganacl
|-damage|p1a: Garganacl|35/100
|move|p1a: Garganacl|Recover|p1a: Garganacl
|-heal|p1a: Garganacl|85/100
|
|-heal|p2a: Zamazenta|7/100|[from] item: Leftovers
|-heal|p1a: Garganacl|91/100|[from] item: Leftovers
|-damage|p2a: Zamazenta|0 fnt|[from] Salt Cure
|faint|p2a: Zamazenta
|upkeep
|
|t:|1781168104
|switch|p2a: Slowking|Slowking-Galar, M, shiny|67/100
|-damage|p2a: Slowking|51/100|[from] Spikes
|-damage|p2a: Slowking|38/100|[from] Stealth Rock
|turn|53
|
|t:|1781168111
|move|p1a: Garganacl|Earthquake|p2a: Slowking
|-supereffective|p2a: Slowking
|-damage|p2a: Slowking|0 fnt
|faint|p2a: Slowking
|
|-heal|p1a: Garganacl|97/100|[from] item: Leftovers
|upkeep
|
|t:|1781168113
|switch|p2a: Darkrai|Darkrai|84/100
|-damage|p2a: Darkrai|68/100|[from] Spikes
|-damage|p2a: Darkrai|55/100|[from] Stealth Rock
|turn|54
|
|t:|1781168116
|move|p2a: Darkrai|Dark Pulse|p1a: Garganacl
|-damage|p1a: Garganacl|69/100
|move|p1a: Garganacl|Salt Cure|p2a: Darkrai
|-damage|p2a: Darkrai|35/100
|-start|p2a: Darkrai|Salt Cure
|
|-heal|p1a: Garganacl|75/100|[from] item: Leftovers
|-damage|p2a: Darkrai|23/100|[from] Salt Cure
|upkeep
|turn|55
|
|t:|1781168120
|move|p2a: Darkrai|Dark Pulse|p1a: Garganacl
|-damage|p1a: Garganacl|48/100
|move|p1a: Garganacl|Salt Cure|p2a: Darkrai
|-damage|p2a: Darkrai|4/100
|
|-heal|p1a: Garganacl|54/100|[from] item: Leftovers
|-damage|p2a: Darkrai|0 fnt|[from] Salt Cure
|faint|p2a: Darkrai
|
|win|KurisuChestnutOU
|raw|KurisuChestnutOU's rating: 1637 &rarr; <strong>1660</strong><br />(+23 for winning)
|raw|icylikedecember's rating: 1694 &rarr; <strong>1671</strong><br />(-23 for losing)
|l|☆KurisuChestnutOU
|player|p1|
|l|☆icylikedecember
|player|p2|
