|j|☆kai cyan
|j|☆n-busuis
|t:|1780967123
|gametype|singles
|player|p1|kai cyan|102|1597
|player|p2|n-busuis|preschoolerf|1546
|gen|9
|tier|[Gen 9] OU
|rated|
|rule|HP Percentage Mod: HP is shown in percentages
|rule|Endless Battle Clause: Forcing endless battles is banned
|rule|Species Clause: Limit one of each Pokémon
|rule|OHKO Clause: OHKO moves are banned
|rule|Evasion Items Clause: Evasion items are banned
|rule|Evasion Moves Clause: Evasion moves are banned
|rule|Evasion Abilities Clause: Evasion abilities are banned
|rule|Sleep Moves Clause: Sleep-inducing moves are banned
|clearpoke
|poke|p1|Darkrai|
|poke|p1|Great Tusk|
|poke|p1|Raging Bolt|
|poke|p1|Tyranitar, F|
|poke|p1|Ogerpon, F|
|poke|p1|Corviknight, M|
|poke|p2|Mienshao, F|
|poke|p2|Blissey, F|
|poke|p2|Gengar, M|
|poke|p2|Slowbro, F|
|poke|p2|Krookodile, F|
|poke|p2|Talonflame, F|
|teampreview
|inactive|Battle timer is ON: inactive players will automatically lose when time's up. (requested by kai cyan)
|inactive|kai cyan has 120 seconds left.
|
|t:|1780967159
|teamsize|p1|6
|teamsize|p2|6
|start
|switch|p1a: Corviknight|Corviknight, M|100/100
|switch|p2a: Mienshao|Mienshao, F|100/100
|turn|1
|
|t:|1780967168
|move|p2a: Mienshao|U-turn|p1a: Corviknight
|-resisted|p1a: Corviknight
|-damage|p1a: Corviknight|96/100
|-damage|p2a: Mienshao|84/100|[from] item: Rocky Helmet|[of] p1a: Corviknight
|
|t:|1780967176
|switch|p2a: Slowbro|Slowbro, F|100/100|[from] U-turn
|move|p1a: Corviknight|U-turn|p2a: Slowbro
|-supereffective|p2a: Slowbro
|-damage|p2a: Slowbro|84/100
|
|t:|1780967183
|switch|p1a: Raging Bolt|Raging Bolt|100/100|[from] U-turn
|
|upkeep
|turn|2
|
|t:|1780967190
|switch|p2a: Blissey|Blissey, F|100/100
|move|p1a: Raging Bolt|Dragon Pulse|p2a: Blissey
|-damage|p2a: Blissey|85/100
|
|upkeep
|turn|3
|
|t:|1780967198
|-end|p1a: Raging Bolt|Protosynthesis|[silent]
|switch|p1a: Corviknight|Corviknight, M|96/100
|move|p2a: Blissey|Stealth Rock|p1a: Corviknight
|-sidestart|p1: kai cyan|move: Stealth Rock
|
|upkeep
|turn|4
|
|t:|1780967203
|move|p2a: Blissey|Thunder Wave|p1a: Corviknight
|-status|p1a: Corviknight|par
|move|p1a: Corviknight|Body Press|p2a: Blissey
|-supereffective|p2a: Blissey
|-damage|p2a: Blissey|31/100
|
|upkeep
|turn|5
|
|t:|1780967212
|move|p2a: Blissey|Soft-Boiled|p2a: Blissey
|-heal|p2a: Blissey|81/100
|move|p1a: Corviknight|Body Press|p2a: Blissey
|-supereffective|p2a: Blissey
|-damage|p2a: Blissey|26/100
|
|upkeep
|turn|6
|
|t:|1780967217
|move|p2a: Blissey|Soft-Boiled|p2a: Blissey
|-heal|p2a: Blissey|76/100
|move|p1a: Corviknight|Body Press|p2a: Blissey
|-supereffective|p2a: Blissey
|-damage|p2a: Blissey|26/100
|
|upkeep
|turn|7
|
|t:|1780967223
|move|p2a: Blissey|Soft-Boiled|p2a: Blissey
|-heal|p2a: Blissey|76/100
|move|p1a: Corviknight|Body Press|p2a: Blissey
|-supereffective|p2a: Blissey
|-damage|p2a: Blissey|17/100
|
|upkeep
|turn|8
|
|t:|1780967228
|move|p2a: Blissey|Soft-Boiled|p2a: Blissey
|-heal|p2a: Blissey|67/100
|cant|p1a: Corviknight|par
|
|upkeep
|turn|9
|
|t:|1780967234
|switch|p2a: Gengar|Gengar, M|100/100
|move|p1a: Corviknight|Body Press|p2a: Gengar
|-immune|p2a: Gengar
|
|upkeep
|turn|10
|
|t:|1780967240
|move|p2a: Gengar|Focus Blast|p1a: Corviknight
|-damage|p1a: Corviknight|33/100 par
|move|p1a: Corviknight|U-turn|p2a: Gengar
|-resisted|p2a: Gengar
|-damage|p2a: Gengar|93/100
|
|t:|1780967252
|switch|p1a: Great Tusk|Great Tusk|100/100|[from] U-turn
|-damage|p1a: Great Tusk|98/100|[from] Stealth Rock
|-enditem|p1a: Great Tusk|Booster Energy
|-activate|p1a: Great Tusk|ability: Protosynthesis|[fromitem]
|-start|p1a: Great Tusk|protosynthesisatk
|
|upkeep
|turn|11
|
|t:|1780967265
|switch|p2a: Talonflame|Talonflame, F|100/100
|move|p1a: Great Tusk|Knock Off|p2a: Talonflame
|-damage|p2a: Talonflame|52/100
|-status|p1a: Great Tusk|brn|[from] ability: Flame Body|[of] p2a: Talonflame
|-enditem|p2a: Talonflame|Heavy-Duty Boots|[from] move: Knock Off|[of] p1a: Great Tusk
|
|-damage|p1a: Great Tusk|91/100 brn|[from] brn
|upkeep
|turn|12
|
|t:|1780967276
|move|p2a: Talonflame|Roost|p2a: Talonflame
|-heal|p2a: Talonflame|100/100
|-singleturn|p2a: Talonflame|move: Roost
|move|p1a: Great Tusk|Ice Spinner|p2a: Talonflame
|-resisted|p2a: Talonflame
|-damage|p2a: Talonflame|91/100
|
|-damage|p1a: Great Tusk|85/100 brn|[from] brn
|upkeep
|turn|13
|
|t:|1780967283
|move|p2a: Talonflame|Fire Blast|p1a: Great Tusk
|-damage|p1a: Great Tusk|44/100 brn
|move|p1a: Great Tusk|Headlong Rush|p2a: Talonflame
|-immune|p2a: Talonflame
|
|-damage|p1a: Great Tusk|38/100 brn|[from] brn
|upkeep
|turn|14
|
|t:|1780967290
|-end|p1a: Great Tusk|Protosynthesis|[silent]
|switch|p1a: Tyranitar|Tyranitar, F|100/100
|-damage|p1a: Tyranitar|88/100|[from] Stealth Rock
|-weather|Sandstorm|[from] ability: Sand Stream|[of] p1a: Tyranitar
|move|p2a: Talonflame|Fire Blast|p1a: Tyranitar
|-resisted|p1a: Tyranitar
|-damage|p1a: Tyranitar|81/100
|
|-weather|Sandstorm|[upkeep]
|-damage|p2a: Talonflame|85/100|[from] Sandstorm
|-heal|p1a: Tyranitar|87/100|[from] item: Leftovers
|upkeep
|turn|15
|
|t:|1780967299
|move|p2a: Talonflame|U-turn|p1a: Tyranitar
|-supereffective|p1a: Tyranitar
|-damage|p1a: Tyranitar|67/100
|
|t:|1780967303
|switch|p2a: Krookodile|Krookodile, F|100/100|[from] U-turn
|-ability|p2a: Krookodile|Intimidate|boost
|-unboost|p1a: Tyranitar|atk|1
|move|p1a: Tyranitar|Knock Off|p2a: Krookodile
|-resisted|p2a: Krookodile
|-damage|p2a: Krookodile|82/100
|-enditem|p2a: Krookodile|Choice Band|[from] move: Knock Off|[of] p1a: Tyranitar
|
|-weather|Sandstorm|[upkeep]
|-heal|p1a: Tyranitar|73/100|[from] item: Leftovers
|upkeep
|turn|16
|
|t:|1780967313
|switch|p1a: Great Tusk|Great Tusk|38/100 brn
|-damage|p1a: Great Tusk|35/100 brn|[from] Stealth Rock
|move|p2a: Krookodile|Knock Off|p1a: Great Tusk
|-resisted|p1a: Great Tusk
|-damage|p1a: Great Tusk|23/100 brn
|
|-weather|Sandstorm|[upkeep]
|-damage|p1a: Great Tusk|17/100 brn|[from] brn
|upkeep
|turn|17
|
|t:|1780967327
|switch|p2a: Talonflame|Talonflame, F|85/100
|move|p1a: Great Tusk|Close Combat|p2a: Talonflame
|-resisted|p2a: Talonflame
|-damage|p2a: Talonflame|68/100
|-unboost|p1a: Great Tusk|def|1
|-unboost|p1a: Great Tusk|spd|1
|
|-weather|Sandstorm|[upkeep]
|-damage|p2a: Talonflame|62/100|[from] Sandstorm
|-damage|p1a: Great Tusk|11/100 brn|[from] brn
|upkeep
|turn|18
|
|t:|1780967335
|move|p2a: Talonflame|U-turn|p1a: Great Tusk
|-resisted|p1a: Great Tusk
|-damage|p1a: Great Tusk|4/100 brn
|
|t:|1780967344
|switch|p2a: Mienshao|Mienshao, F|100/100|[from] U-turn
|move|p1a: Great Tusk|Headlong Rush|p2a: Mienshao
|-damage|p2a: Mienshao|37/100
|-unboost|p1a: Great Tusk|def|1
|-unboost|p1a: Great Tusk|spd|1
|
|-weather|none
|-damage|p1a: Great Tusk|0 fnt|[from] brn
|faint|p1a: Great Tusk
|-end|p1a: Great Tusk|Protosynthesis|[silent]
|upkeep
|
|t:|1780967369
|switch|p1a: Ogerpon|Ogerpon, F|100/100
|-damage|p1a: Ogerpon|88/100|[from] Stealth Rock
|turn|19
|
|t:|1780967380
|move|p2a: Mienshao|U-turn|p1a: Ogerpon
|-supereffective|p1a: Ogerpon
|-damage|p1a: Ogerpon|18/100
|
|t:|1780967384
|switch|p2a: Talonflame|Talonflame, F|62/100|[from] U-turn
|move|p1a: Ogerpon|Swords Dance|p1a: Ogerpon
|-boost|p1a: Ogerpon|atk|2
|
|upkeep
|turn|20
|
|t:|1780967392
|move|p2a: Talonflame|U-turn|p1a: Ogerpon
|-supereffective|p1a: Ogerpon
|-damage|p1a: Ogerpon|0 fnt
|faint|p1a: Ogerpon
|
|t:|1780967395
|switch|p2a: Mienshao|Mienshao, F|70/100|[from] U-turn
|
|upkeep
|
|t:|1780967403
|switch|p1a: Raging Bolt|Raging Bolt|100/100
|-damage|p1a: Raging Bolt|88/100|[from] Stealth Rock
|turn|21
|
|t:|1780967408
|move|p2a: Mienshao|U-turn|p1a: Raging Bolt
|-damage|p1a: Raging Bolt|68/100
|
|t:|1780967411
|switch|p2a: Blissey|Blissey, F|67/100|[from] U-turn
|move|p1a: Raging Bolt|Calm Mind|p1a: Raging Bolt
|-boost|p1a: Raging Bolt|spa|1
|-boost|p1a: Raging Bolt|spd|1
|
|-heal|p1a: Raging Bolt|75/100|[from] item: Leftovers
|upkeep
|turn|22
|
|t:|1780967419
|move|p1a: Raging Bolt|Calm Mind|p1a: Raging Bolt
|-boost|p1a: Raging Bolt|spa|1
|-boost|p1a: Raging Bolt|spd|1
|move|p2a: Blissey|Seismic Toss|p1a: Raging Bolt
|-damage|p1a: Raging Bolt|52/100
|
|-heal|p1a: Raging Bolt|59/100|[from] item: Leftovers
|upkeep
|turn|23
|
|t:|1780967428
|move|p1a: Raging Bolt|Calm Mind|p1a: Raging Bolt
|-boost|p1a: Raging Bolt|spa|1
|-boost|p1a: Raging Bolt|spd|1
|move|p2a: Blissey|Seismic Toss|p1a: Raging Bolt
|-damage|p1a: Raging Bolt|37/100
|
|-heal|p1a: Raging Bolt|43/100|[from] item: Leftovers
|upkeep
|turn|24
|
|t:|1780967436
|move|p1a: Raging Bolt|Thunderbolt|p2a: Blissey
|-damage|p2a: Blissey|27/100
|move|p2a: Blissey|Seismic Toss|p1a: Raging Bolt
|-damage|p1a: Raging Bolt|21/100
|
|-heal|p1a: Raging Bolt|27/100|[from] item: Leftovers
|upkeep
|turn|25
|
|t:|1780967442
|move|p1a: Raging Bolt|Thunderbolt|p2a: Blissey
|-damage|p2a: Blissey|0 fnt
|faint|p2a: Blissey
|
|-heal|p1a: Raging Bolt|33/100|[from] item: Leftovers
|upkeep
|
|t:|1780967447
|switch|p2a: Krookodile|Krookodile, F|82/100
|-ability|p2a: Krookodile|Intimidate|boost
|-unboost|p1a: Raging Bolt|atk|1
|turn|26
|
|t:|1780967454
|-end|p1a: Raging Bolt|Protosynthesis|[silent]
|switch|p1a: Corviknight|Corviknight, M|33/100 par
|-damage|p1a: Corviknight|21/100 par|[from] Stealth Rock
|move|p2a: Krookodile|Knock Off|p1a: Corviknight
|-damage|p1a: Corviknight|0 fnt
|-damage|p2a: Krookodile|65/100|[from] item: Rocky Helmet|[of] p1a: Corviknight
|-enditem|p1a: Corviknight|Rocky Helmet|[from] move: Knock Off|[of] p2a: Krookodile
|faint|p1a: Corviknight
|
|upkeep
|
|t:|1780967458
|switch|p1a: Darkrai|Darkrai|100/100
|-damage|p1a: Darkrai|88/100|[from] Stealth Rock
|turn|27
|
|t:|1780967468
|switch|p2a: Talonflame|Talonflame, F|62/100
|move|p1a: Darkrai|Dark Pulse|p2a: Talonflame
|-damage|p2a: Talonflame|0 fnt
|faint|p2a: Talonflame
|
|upkeep
|
|t:|1780967475
|switch|p2a: Mienshao|Mienshao, F|100/100
|turn|28
|
|t:|1780967479
|switch|p1a: Tyranitar|Tyranitar, F|73/100
|-damage|p1a: Tyranitar|61/100|[from] Stealth Rock
|-weather|Sandstorm|[from] ability: Sand Stream|[of] p1a: Tyranitar
|move|p2a: Mienshao|Close Combat|p1a: Tyranitar
|-supereffective|p1a: Tyranitar
|-damage|p1a: Tyranitar|0 fnt
|-unboost|p2a: Mienshao|def|1
|-unboost|p2a: Mienshao|spd|1
|faint|p1a: Tyranitar
|
|-weather|Sandstorm|[upkeep]
|-damage|p2a: Mienshao|95/100|[from] Sandstorm
|upkeep
|
|t:|1780967483
|switch|p1a: Raging Bolt|Raging Bolt|33/100
|-damage|p1a: Raging Bolt|21/100|[from] Stealth Rock
|turn|29
|
|t:|1780967487
|move|p1a: Raging Bolt|Thunderclap|p2a: Mienshao
|-damage|p2a: Mienshao|0 fnt
|faint|p2a: Mienshao
|
|-weather|Sandstorm|[upkeep]
|-damage|p1a: Raging Bolt|15/100|[from] Sandstorm
|-heal|p1a: Raging Bolt|21/100|[from] item: Leftovers
|upkeep
|
|t:|1780967490
|switch|p2a: Krookodile|Krookodile, F|65/100
|-ability|p2a: Krookodile|Intimidate|boost
|-unboost|p1a: Raging Bolt|atk|1
|turn|30
|
|t:|1780967495
|move|p2a: Krookodile|Knock Off|p1a: Raging Bolt
|-damage|p1a: Raging Bolt|0 fnt
|-enditem|p1a: Raging Bolt|Leftovers|[from] move: Knock Off|[of] p2a: Krookodile
|faint|p1a: Raging Bolt
|-end|p1a: Raging Bolt|Protosynthesis|[silent]
|
|-weather|Sandstorm|[upkeep]
|upkeep
|
|t:|1780967497
|switch|p1a: Darkrai|Darkrai|88/100
|-damage|p1a: Darkrai|76/100|[from] Stealth Rock
|turn|31
|
|t:|1780967504
|move|p1a: Darkrai|Dark Pulse|p2a: Krookodile
|-resisted|p2a: Krookodile
|-damage|p2a: Krookodile|26/100
|move|p2a: Krookodile|Earthquake|p1a: Darkrai
|-damage|p1a: Darkrai|0 fnt
|faint|p1a: Darkrai
|
|win|n-busuis
|raw|kai cyan's rating: 1597 &rarr; <strong>1574</strong><br />(-23 for losing)
|raw|n-busuis's rating: 1546 &rarr; <strong>1569</strong><br />(+23 for winning)
|l|☆kai cyan
|player|p1|
|l|☆n-busuis
|player|p2|
