|badge|p1|bronze|gen9ou|100-9
|badge|p1|silver|gen9pu|30-9
|uhtml|medal-msg|<div class="broadcast-blue">Curious what those medals under the avatar are? PS now has Ladder Seasons! For more information, check out the <a href="https://www.smogon.com/forums/threads/3740067/">thread on Smogon.</a></div>
|j|☆ceo o wo chien
|j|☆SincereSarje
|t:|1781159330
|gametype|singles
|player|p1|ceo o wo chien|fisherman-gen4|1783
|player|p2|SincereSarje|morty|1692
|gen|9
|tier|[Gen 9] OU
|rated|
|rule|HP Percentage Mod: HP is shown in percentages
|rule|Endless Battle Clause: Forcing endless battles is banned
|rule|Species Clause: Limit one of each Pokémon
|rule|OHKO Clause: OHKO moves are banned
|rule|Evasion Items Clause: Evasion items are banned
|rule|Evasion Moves Clause: Evasion moves are banned
|rule|Evasion Abilities Clause: Evasion abilities are banned
|rule|Sleep Moves Clause: Sleep-inducing moves are banned
|clearpoke
|poke|p1|Wo-Chien|
|poke|p1|Walking Wake|
|poke|p1|Great Tusk|
|poke|p1|Ninetales, M|
|poke|p1|Cresselia, F|
|poke|p1|Ceruledge, M|
|poke|p2|Weavile, F|
|poke|p2|Pecharunt|
|poke|p2|Ting-Lu|
|poke|p2|Walking Wake|
|poke|p2|Gholdengo|
|poke|p2|Gliscor, M|
|teampreview
|inactive|Battle timer is ON: inactive players will automatically lose when time's up. (requested by SincereSarje)
|inactive|ceo o wo chien also wants the timer to be on.
|c|☆ceo o wo chien|hf
|c|☆SincereSarje|u2
|
|t:|1781159359
|teamsize|p1|6
|teamsize|p2|6
|start
|switch|p1a: Ninetales|Ninetales, M|100/100
|switch|p2a: Gliscor|Gliscor, M|100/100
|-weather|SunnyDay|[from] ability: Drought|[of] p1a: Ninetales
|turn|1
|
|t:|1781159366
|switch|p1a: Great Tusk|Great Tusk|100/100
|-activate|p1a: Great Tusk|ability: Protosynthesis
|-start|p1a: Great Tusk|protosynthesisatk
|move|p2a: Gliscor|Protect||[still]
|-fail|p2a: Gliscor
|
|-weather|SunnyDay|[upkeep]
|-status|p2a: Gliscor|tox|[from] item: Toxic Orb
|upkeep
|turn|2
|
|t:|1781159375
|switch|p2a: Pecharunt|Pecharunt|100/100
|move|p1a: Great Tusk|Ice Spinner|p2a: Pecharunt
|-damage|p2a: Pecharunt|78/100
|
|-weather|SunnyDay|[upkeep]
|upkeep
|turn|3
|
|t:|1781159380
|move|p2a: Pecharunt|Parting Shot|p1a: Great Tusk
|-unboost|p1a: Great Tusk|atk|1
|-unboost|p1a: Great Tusk|spa|1
|
|t:|1781159382
|switch|p2a: Gliscor|Gliscor, M|100/100 tox|[from] Parting Shot
|move|p1a: Great Tusk|Ice Spinner|p2a: Gliscor
|-supereffective|p2a: Gliscor
|-damage|p2a: Gliscor|19/100 tox
|
|-weather|SunnyDay|[upkeep]
|-heal|p2a: Gliscor|31/100 tox|[from] ability: Poison Heal
|upkeep
|turn|4
|
|t:|1781159399
|move|p2a: Gliscor|Protect|p2a: Gliscor
|-singleturn|p2a: Gliscor|Protect
|move|p1a: Great Tusk|Rapid Spin|p2a: Gliscor
|-activate|p2a: Gliscor|move: Protect
|
|-weather|SunnyDay|[upkeep]
|-heal|p2a: Gliscor|44/100 tox|[from] ability: Poison Heal
|upkeep
|turn|5
|
|t:|1781159416
|move|p1a: Great Tusk|Ice Spinner|p2a: Gliscor
|-supereffective|p2a: Gliscor
|-damage|p2a: Gliscor|0 fnt
|faint|p2a: Gliscor
|
|-weather|SunnyDay|[upkeep]
|upkeep
|
|t:|1781159424
|switch|p2a: Pecharunt|Pecharunt|78/100
|turn|6
|
|t:|1781159431
|-end|p1a: Great Tusk|Protosynthesis|[silent]
|switch|p1a: Cresselia|Cresselia, F|100/100
|move|p2a: Pecharunt|Malignant Chain|p1a: Cresselia
|-damage|p1a: Cresselia|80/100
|-status|p1a: Cresselia|tox
|-start|p1a: Cresselia|confusion|[from] ability: Poison Puppeteer|[of] p2a: Pecharunt
|-enditem|p1a: Cresselia|Eject Button
|
|t:|1781159433
|switch|p1a: Walking Wake|Walking Wake|100/100
|-activate|p1a: Walking Wake|ability: Protosynthesis
|-start|p1a: Walking Wake|protosynthesisspe
|
|-weather|SunnyDay|[upkeep]
|upkeep
|turn|7
|
|t:|1781159457
|switch|p2a: Ting-Lu|Ting-Lu|100/100
|-ability|p2a: Ting-Lu|Vessel of Ruin
|move|p1a: Walking Wake|Hydro Steam|p2a: Ting-Lu
|-supereffective|p2a: Ting-Lu
|-damage|p2a: Ting-Lu|41/100
|
|-weather|SunnyDay|[upkeep]
|upkeep
|turn|8
|
|t:|1781159467
|switch|p2a: Walking Wake|Walking Wake|100/100
|-activate|p2a: Walking Wake|ability: Protosynthesis
|-start|p2a: Walking Wake|protosynthesisspe
|move|p1a: Walking Wake|Flip Turn|p2a: Walking Wake
|-resisted|p2a: Walking Wake
|-damage|p2a: Walking Wake|98/100
|
|t:|1781159471
|-end|p1a: Walking Wake|Protosynthesis|[silent]
|switch|p1a: Cresselia|Cresselia, F|80/100 tox|[from] Flip Turn
|
|-weather|none
|-end|p2a: Walking Wake|Protosynthesis
|-damage|p1a: Cresselia|74/100 tox|[from] psn
|upkeep
|turn|9
|
|t:|1781159478
|move|p2a: Walking Wake|Flip Turn|p1a: Cresselia
|-damage|p1a: Cresselia|65/100 tox
|
|t:|1781159480
|-end|p2a: Walking Wake|Protosynthesis|[silent]
|switch|p2a: Ting-Lu|Ting-Lu|41/100|[from] Flip Turn
|-ability|p2a: Ting-Lu|Vessel of Ruin
|move|p1a: Cresselia|Thunder Wave|p2a: Ting-Lu
|-immune|p2a: Ting-Lu
|
|-damage|p1a: Cresselia|53/100 tox|[from] psn
|upkeep
|turn|10
|
|t:|1781159487
|switch|p1a: Ninetales|Ninetales, M|100/100
|-weather|SunnyDay|[from] ability: Drought|[of] p1a: Ninetales
|move|p2a: Ting-Lu|Stealth Rock|p1a: Ninetales
|-sidestart|p1: ceo o wo chien|move: Stealth Rock
|
|-weather|SunnyDay|[upkeep]
|upkeep
|turn|11
|
|t:|1781159496
|switch|p2a: Walking Wake|Walking Wake|98/100
|-activate|p2a: Walking Wake|ability: Protosynthesis
|-start|p2a: Walking Wake|protosynthesisspe
|move|p1a: Ninetales|Will-O-Wisp|p2a: Walking Wake
|-status|p2a: Walking Wake|brn
|
|-weather|SunnyDay|[upkeep]
|-damage|p2a: Walking Wake|92/100 brn|[from] brn
|upkeep
|turn|12
|
|t:|1781159506
|switch|p1a: Cresselia|Cresselia, F|53/100 tox
|-damage|p1a: Cresselia|41/100 tox|[from] Stealth Rock
|move|p2a: Walking Wake|Knock Off|p1a: Cresselia
|-supereffective|p1a: Cresselia
|-damage|p1a: Cresselia|34/100 tox
|
|-weather|SunnyDay|[upkeep]
|-damage|p1a: Cresselia|28/100 tox|[from] psn
|-damage|p2a: Walking Wake|86/100 brn|[from] brn
|upkeep
|turn|13
|
|t:|1781159523
|move|p2a: Walking Wake|Draco Meteor|p1a: Cresselia
|-damage|p1a: Cresselia|0 fnt
|-unboost|p2a: Walking Wake|spa|2
|faint|p1a: Cresselia
|
|-weather|SunnyDay|[upkeep]
|-damage|p2a: Walking Wake|80/100 brn|[from] brn
|upkeep
|
|t:|1781159527
|switch|p1a: Wo-Chien|Wo-Chien|100/100
|-damage|p1a: Wo-Chien|88/100|[from] Stealth Rock
|-ability|p1a: Wo-Chien|Tablets of Ruin
|turn|14
|
|t:|1781159531
|move|p2a: Walking Wake|Flip Turn|p1a: Wo-Chien
|-resisted|p1a: Wo-Chien
|-crit|p1a: Wo-Chien
|-damage|p1a: Wo-Chien|86/100
|
|t:|1781159534
|-end|p2a: Walking Wake|Protosynthesis|[silent]
|switch|p2a: Ting-Lu|Ting-Lu|41/100|[from] Flip Turn
|-ability|p2a: Ting-Lu|Vessel of Ruin
|move|p1a: Wo-Chien|Growth|p1a: Wo-Chien
|-boost|p1a: Wo-Chien|atk|2
|-boost|p1a: Wo-Chien|spa|2
|
|-weather|SunnyDay|[upkeep]
|upkeep
|turn|15
|
|t:|1781159543
|move|p1a: Wo-Chien|Trailblaze|p2a: Ting-Lu
|-supereffective|p2a: Ting-Lu
|-damage|p2a: Ting-Lu|0 fnt
|-boost|p1a: Wo-Chien|spe|1
|-damage|p1a: Wo-Chien|70/100|[from] item: Rocky Helmet|[of] p2a: Ting-Lu
|faint|p2a: Ting-Lu
|-damage|p1a: Wo-Chien|60/100|[from] item: Life Orb
|
|-weather|SunnyDay|[upkeep]
|upkeep
|j| kanaete onegai
|
|t:|1781159565
|switch|p2a: Pecharunt|Pecharunt|78/100
|turn|16
|c| kanaete onegai|boosting wo chien,what in the technology
|c|☆SincereSarje|It’s working 😭
|inactive|ceo o wo chien has 120 seconds left.
|c|☆ceo o wo chien|wo-chien corps is making some heat
|c| kanaete onegai|those are some groundbreaking devellopments
|
|t:|1781159615
|-terastallize|p2a: Pecharunt|Water
|move|p1a: Wo-Chien|Giga Drain|p2a: Pecharunt
|-supereffective|p2a: Pecharunt
|-damage|p2a: Pecharunt|0 fnt
|-heal|p1a: Wo-Chien|100/100|[from] drain|[of] p2a: Pecharunt
|faint|p2a: Pecharunt
|-damage|p1a: Wo-Chien|91/100|[from] item: Life Orb
|
|-weather|SunnyDay|[upkeep]
|upkeep
|c|☆SincereSarje|People don’t know how to deal with problems they’ve never had experience with
|inactive|SincereSarje has 120 seconds left.
|
|t:|1781159648
|switch|p2a: Gholdengo|Gholdengo|100/100
|turn|17
|inactive|SincereSarje has 120 seconds left.
|
|t:|1781159665
|-terastallize|p1a: Wo-Chien|Fire
|move|p2a: Gholdengo|Focus Blast|p1a: Wo-Chien
|-damage|p1a: Wo-Chien|47/100
|move|p1a: Wo-Chien|Knock Off|p2a: Gholdengo
|-supereffective|p2a: Gholdengo
|-damage|p2a: Gholdengo|0 fnt
|-enditem|p2a: Gholdengo|Choice Scarf|[from] move: Knock Off|[of] p1a: Wo-Chien
|faint|p2a: Gholdengo
|-damage|p1a: Wo-Chien|37/100|[from] item: Life Orb
|
|-weather|none
|upkeep
|
|t:|1781159675
|switch|p2a: Walking Wake|Walking Wake|80/100 brn
|turn|18
|
|t:|1781159678
|move|p1a: Wo-Chien|Giga Drain|p2a: Walking Wake
|-damage|p2a: Walking Wake|0 fnt
|-heal|p1a: Wo-Chien|81/100|[from] drain|[of] p2a: Walking Wake
|faint|p2a: Walking Wake
|-end|p2a: Walking Wake|Protosynthesis|[silent]
|-damage|p1a: Wo-Chien|71/100|[from] item: Life Orb
|
|upkeep
|
|t:|1781159684
|switch|p2a: Weavile|Weavile, F|100/100
|-ability|p2a: Weavile|Pressure
|turn|19
|
|t:|1781159689
|move|p1a: Wo-Chien|Giga Drain|p2a: Weavile
|-damage|p2a: Weavile|5/100
|-heal|p1a: Wo-Chien|100/100|[from] drain|[of] p2a: Weavile
|-damage|p1a: Wo-Chien|91/100|[from] item: Life Orb
|move|p2a: Weavile|Knock Off|p1a: Wo-Chien
|-damage|p1a: Wo-Chien|54/100
|-enditem|p1a: Wo-Chien|Life Orb|[from] move: Knock Off|[of] p2a: Weavile
|
|upkeep
|turn|20
|c|☆SincereSarje|Yeah it’s quite brutal mu
|c| kanaete onegai|sheist
|c|☆SincereSarje|But innovative
|
|t:|1781159711
|move|p2a: Weavile|Ice Shard|p1a: Wo-Chien
|-resisted|p1a: Wo-Chien
|-damage|p1a: Wo-Chien|45/100
|move|p1a: Wo-Chien|Trailblaze|p2a: Weavile
|-damage|p2a: Weavile|0 fnt
|-boost|p1a: Wo-Chien|spe|1
|faint|p2a: Weavile
|
|win|ceo o wo chien
|raw|ceo o wo chien's rating: 1783 &rarr; <strong>1797</strong><br />(+14 for winning)
|raw|SincereSarje's rating: 1675 &rarr; <strong>1661</strong><br />(-14 for losing)
|c|☆SincereSarje|gg
|c|☆ceo o wo chien|gg
|l|☆ceo o wo chien
|player|p1|
