|j|☆erhai
|j|☆spudcutter
|t:|1781451160
|gametype|singles
|player|p1|erhai|266|1720
|player|p2|spudcutter|ghetsis-gen5bw|1669
|gen|9
|tier|[Gen 9] OU
|rated|
|rule|HP Percentage Mod: HP is shown in percentages
|rule|Endless Battle Clause: Forcing endless battles is banned
|rule|Species Clause: Limit one of each Pokémon
|rule|OHKO Clause: OHKO moves are banned
|rule|Evasion Items Clause: Evasion items are banned
|rule|Evasion Moves Clause: Evasion moves are banned
|rule|Evasion Abilities Clause: Evasion abilities are banned
|rule|Sleep Moves Clause: Sleep-inducing moves are banned
|clearpoke
|poke|p1|Iron Jugulis|
|poke|p1|Ogerpon, F|
|poke|p1|Scizor, F|
|poke|p1|Latios, M|
|poke|p1|Manaphy|
|poke|p1|Sandy Shocks|
|poke|p2|Tyranitar, M|
|poke|p2|Deoxys-Speed|
|poke|p2|Slowking-Galar, F|
|poke|p2|Great Tusk|
|poke|p2|Raging Bolt|
|poke|p2|Dondozo, M|
|teampreview
|inactive|Battle timer is ON: inactive players will automatically lose when time's up. (requested by spudcutter)
|
|t:|1781451176
|teamsize|p1|6
|teamsize|p2|6
|start
|switch|p1a: Iron Jugulis|Iron Jugulis|100/100
|switch|p2a: Great Tusk|Great Tusk|100/100
|-enditem|p1a: Iron Jugulis|Booster Energy
|-activate|p1a: Iron Jugulis|ability: Quark Drive|[fromitem]
|-start|p1a: Iron Jugulis|quarkdrivespe
|turn|1
|
|t:|1781451178
|-end|p2a: Great Tusk|Protosynthesis|[silent]
|switch|p2a: Tyranitar|Tyranitar, M|100/100
|-weather|Sandstorm|[from] ability: Sand Stream|[of] p2a: Tyranitar
|move|p1a: Iron Jugulis|Hurricane|p2a: Tyranitar
|-resisted|p2a: Tyranitar
|-damage|p2a: Tyranitar|91/100
|
|-weather|Sandstorm|[upkeep]
|-damage|p1a: Iron Jugulis|94/100|[from] Sandstorm
|upkeep
|turn|2
|
|t:|1781451193
|move|p1a: Iron Jugulis|Earth Power|p2a: Tyranitar
|-supereffective|p2a: Tyranitar
|-damage|p2a: Tyranitar|69/100
|move|p2a: Tyranitar|Stone Edge|p1a: Iron Jugulis
|-supereffective|p1a: Iron Jugulis
|-damage|p1a: Iron Jugulis|0 fnt
|faint|p1a: Iron Jugulis
|-end|p1a: Iron Jugulis|Quark Drive|[silent]
|
|-weather|Sandstorm|[upkeep]
|upkeep
|
|t:|1781451200
|switch|p1a: Scizor|Scizor, F, shiny|100/100
|turn|3
|
|t:|1781451203
|switch|p2a: Great Tusk|Great Tusk|100/100
|move|p1a: Scizor|Swords Dance|p1a: Scizor
|-boost|p1a: Scizor|atk|2
|
|-weather|Sandstorm|[upkeep]
|upkeep
|turn|4
|
|t:|1781451207
|move|p2a: Great Tusk|Stealth Rock|p1a: Scizor
|-sidestart|p1: erhai|move: Stealth Rock
|move|p1a: Scizor|Swords Dance|p1a: Scizor
|-boost|p1a: Scizor|atk|2
|
|-weather|Sandstorm|[upkeep]
|upkeep
|turn|5
|
|t:|1781451215
|-end|p2a: Great Tusk|Protosynthesis|[silent]
|switch|p2a: Dondozo|Dondozo, M|100/100
|move|p1a: Scizor|Bullet Punch|p2a: Dondozo
|-resisted|p2a: Dondozo
|-damage|p2a: Dondozo|92/100
|-damage|p1a: Scizor|84/100|[from] item: Rocky Helmet|[of] p2a: Dondozo
|
|-weather|none
|upkeep
|turn|6
|
|t:|1781451218
|move|p1a: Scizor|Knock Off|p2a: Dondozo
|-damage|p2a: Dondozo|76/100
|-damage|p1a: Scizor|67/100|[from] item: Rocky Helmet|[of] p2a: Dondozo
|-enditem|p2a: Dondozo|Rocky Helmet|[from] move: Knock Off|[of] p1a: Scizor
|move|p2a: Dondozo|Waterfall|p1a: Scizor
|-damage|p1a: Scizor|39/100
|
|upkeep
|turn|7
|
|t:|1781451224
|move|p1a: Scizor|Close Combat|p2a: Dondozo
|-damage|p2a: Dondozo|57/100
|-unboost|p1a: Scizor|def|1
|-unboost|p1a: Scizor|spd|1
|move|p2a: Dondozo|Waterfall|p1a: Scizor
|-damage|p1a: Scizor|9/100
|
|upkeep
|turn|8
|
|t:|1781451229
|move|p1a: Scizor|Close Combat|p2a: Dondozo
|-damage|p2a: Dondozo|34/100
|-unboost|p1a: Scizor|def|1
|-unboost|p1a: Scizor|spd|1
|move|p2a: Dondozo|Waterfall|p1a: Scizor
|-damage|p1a: Scizor|0 fnt
|faint|p1a: Scizor
|
|upkeep
|
|t:|1781451238
|switch|p1a: Sandy Shocks|Sandy Shocks|100/100
|-damage|p1a: Sandy Shocks|94/100|[from] Stealth Rock
|-enditem|p1a: Sandy Shocks|Booster Energy
|-activate|p1a: Sandy Shocks|ability: Protosynthesis|[fromitem]
|-start|p1a: Sandy Shocks|protosynthesisspe
|turn|9
|
|t:|1781451242
|switch|p2a: Tyranitar|Tyranitar, M|69/100
|-weather|Sandstorm|[from] ability: Sand Stream|[of] p2a: Tyranitar
|move|p1a: Sandy Shocks|Stealth Rock|p2a: Tyranitar
|-sidestart|p2: spudcutter|move: Stealth Rock
|
|-weather|Sandstorm|[upkeep]
|upkeep
|turn|10
|
|t:|1781451244
|move|p1a: Sandy Shocks|Earth Power|p2a: Tyranitar
|-supereffective|p2a: Tyranitar
|-damage|p2a: Tyranitar|38/100
|move|p2a: Tyranitar|Knock Off|p1a: Sandy Shocks
|-damage|p1a: Sandy Shocks|54/100
|
|-weather|Sandstorm|[upkeep]
|upkeep
|turn|11
|
|t:|1781451248
|move|p1a: Sandy Shocks|Earth Power|p2a: Tyranitar
|-supereffective|p2a: Tyranitar
|-damage|p2a: Tyranitar|5/100
|move|p2a: Tyranitar|Knock Off|p1a: Sandy Shocks
|-damage|p1a: Sandy Shocks|15/100
|
|-weather|Sandstorm|[upkeep]
|upkeep
|turn|12
|
|t:|1781451256
|move|p1a: Sandy Shocks|Earth Power|p2a: Tyranitar
|-supereffective|p2a: Tyranitar
|-damage|p2a: Tyranitar|0 fnt
|faint|p2a: Tyranitar
|
|-weather|Sandstorm|[upkeep]
|upkeep
|
|t:|1781451258
|switch|p2a: Deoxys|Deoxys-Speed|100/100
|-damage|p2a: Deoxys|88/100|[from] Stealth Rock
|-ability|p2a: Deoxys|Pressure
|turn|13
|
|t:|1781451262
|move|p2a: Deoxys|Ice Beam|p1a: Sandy Shocks
|-supereffective|p1a: Sandy Shocks
|-damage|p1a: Sandy Shocks|0 fnt
|faint|p1a: Sandy Shocks
|-end|p1a: Sandy Shocks|Protosynthesis|[silent]
|-damage|p2a: Deoxys|78/100|[from] item: Life Orb
|
|-weather|none
|upkeep
|
|t:|1781451267
|switch|p1a: Latios|Latios, M, shiny|100/100
|-damage|p1a: Latios|88/100|[from] Stealth Rock
|turn|14
|
|t:|1781451272
|move|p2a: Deoxys|Knock Off|p1a: Latios
|-supereffective|p1a: Latios
|-crit|p1a: Latios
|-damage|p1a: Latios|0 fnt
|-enditem|p1a: Latios|Weakness Policy|[from] move: Knock Off|[of] p2a: Deoxys
|faint|p1a: Latios
|-damage|p2a: Deoxys|68/100|[from] item: Life Orb
|
|upkeep
|c|☆erhai|66
|
|t:|1781451289
|switch|p1a: Manaphy|Manaphy, shiny|100/100
|-damage|p1a: Manaphy|88/100|[from] Stealth Rock
|turn|15
|
|t:|1781451292
|move|p2a: Deoxys|Knock Off|p1a: Manaphy
|-crit|p1a: Manaphy
|-damage|p1a: Manaphy|32/100
|-enditem|p1a: Manaphy|Rindo Berry|[from] move: Knock Off|[of] p2a: Deoxys
|-damage|p2a: Deoxys|58/100|[from] item: Life Orb
|move|p1a: Manaphy|Surf|p2a: Deoxys
|-damage|p2a: Deoxys|0 fnt
|faint|p2a: Deoxys
|
|upkeep
|
|t:|1781451297
|switch|p2a: Raging Bolt|Raging Bolt|100/100
|-damage|p2a: Raging Bolt|88/100|[from] Stealth Rock
|turn|16
|c|☆erhai|要点脸吧
|c|☆erhai|两次ct来
|
|t:|1781451307
|move|p1a: Manaphy|Ice Beam|p2a: Raging Bolt
|-supereffective|p2a: Raging Bolt
|-damage|p2a: Raging Bolt|46/100
|move|p2a: Raging Bolt|Dragon Pulse|p1a: Manaphy
|-damage|p1a: Manaphy|0 fnt
|faint|p1a: Manaphy
|
|-heal|p2a: Raging Bolt|52/100|[from] item: Leftovers
|upkeep
|
|t:|1781451310
|switch|p1a: Ogerpon|Ogerpon, F|100/100
|-damage|p1a: Ogerpon|88/100|[from] Stealth Rock
|turn|17
|
|t:|1781451313
|move|p1a: Ogerpon|Swords Dance|p1a: Ogerpon
|-boost|p1a: Ogerpon|atk|2
|move|p2a: Raging Bolt|Dragon Pulse|p1a: Ogerpon
|-damage|p1a: Ogerpon|27/100
|
|-heal|p2a: Raging Bolt|58/100|[from] item: Leftovers
|upkeep
|turn|18
|
|t:|1781451320
|move|p2a: Raging Bolt|Thunderclap||[still]
|-fail|p2a: Raging Bolt
|move|p1a: Ogerpon|Encore|p2a: Raging Bolt
|-start|p2a: Raging Bolt|Encore
|
|-heal|p2a: Raging Bolt|64/100|[from] item: Leftovers
|upkeep
|turn|19
|
|t:|1781451323
|move|p2a: Raging Bolt|Thunderclap||[still]
|-fail|p2a: Raging Bolt
|move|p1a: Ogerpon|Swords Dance|p1a: Ogerpon
|-boost|p1a: Ogerpon|atk|2
|
|-heal|p2a: Raging Bolt|71/100|[from] item: Leftovers
|upkeep
|turn|20
|
|t:|1781451326
|move|p2a: Raging Bolt|Thunderclap||[still]
|-fail|p2a: Raging Bolt
|move|p1a: Ogerpon|Swords Dance|p1a: Ogerpon
|-boost|p1a: Ogerpon|atk|2
|
|-heal|p2a: Raging Bolt|77/100|[from] item: Leftovers
|upkeep
|turn|21
|
|t:|1781451328
|-end|p2a: Raging Bolt|Protosynthesis|[silent]
|switch|p2a: Slowking|Slowking-Galar, F|100/100
|-damage|p2a: Slowking|88/100|[from] Stealth Rock
|move|p1a: Ogerpon|Swords Dance|p1a: Ogerpon
|-boost|p1a: Ogerpon|atk|0
|
|upkeep
|turn|22
|
|t:|1781451331
|-terastallize|p1a: Ogerpon|Grass
|detailschange|p1a: Ogerpon|Ogerpon-Teal-Tera, F, tera:Grass
|-ability|p1a: Ogerpon|Embody Aspect (Teal)|boost
|-boost|p1a: Ogerpon|spe|1
|move|p1a: Ogerpon|Ivy Cudgel|p2a: Slowking
|-resisted|p2a: Slowking
|-crit|p2a: Slowking
|-damage|p2a: Slowking|0 fnt
|faint|p2a: Slowking
|
|upkeep
|
|t:|1781451334
|switch|p2a: Dondozo|Dondozo, M|34/100
|-damage|p2a: Dondozo|22/100|[from] Stealth Rock
|turn|23
|
|t:|1781451336
|-terastallize|p2a: Dondozo|Dragon
|move|p1a: Ogerpon|Ivy Cudgel|p2a: Dondozo
|-resisted|p2a: Dondozo
|-damage|p2a: Dondozo|8/100
|move|p2a: Dondozo|Rest|p2a: Dondozo
|-status|p2a: Dondozo|slp|[from] move: Rest
|-heal|p2a: Dondozo|100/100 slp|[silent]
|
|upkeep
|turn|24
|
|t:|1781451348
|move|p1a: Ogerpon|Ivy Cudgel|p2a: Dondozo
|-resisted|p2a: Dondozo
|-crit|p2a: Dondozo
|-damage|p2a: Dondozo|80/100 slp
|cant|p2a: Dondozo|slp
|move|p2a: Dondozo|Sleep Talk|p2a: Dondozo
|move|p2a: Dondozo|Curse|p2a: Dondozo|[from] move: Sleep Talk
|-unboost|p2a: Dondozo|spe|1
|-boost|p2a: Dondozo|atk|1
|-boost|p2a: Dondozo|def|1
|
|upkeep
|turn|25
|
|t:|1781451351
|move|p1a: Ogerpon|Ivy Cudgel|p2a: Dondozo
|-resisted|p2a: Dondozo
|-crit|p2a: Dondozo
|-damage|p2a: Dondozo|58/100 slp
|cant|p2a: Dondozo|slp
|move|p2a: Dondozo|Sleep Talk|p2a: Dondozo
|move|p2a: Dondozo|Waterfall|p1a: Ogerpon|[from] move: Sleep Talk
|-resisted|p1a: Ogerpon
|-damage|p1a: Ogerpon|0 fnt
|faint|p1a: Ogerpon
|detailschange|p1: Ogerpon|Ogerpon, F|[silent]
|
|win|spudcutter
|raw|erhai's rating: 1720 &rarr; <strong>1697</strong><br />(-23 for losing)
|raw|spudcutter's rating: 1669 &rarr; <strong>1692</strong><br />(+23 for winning)
|l|☆erhai
|player|p1|
|l|☆spudcutter
|player|p2|
