|j|☆GintamaXXOO
|j|☆Palm X
|t:|1780893408
|gametype|singles
|player|p1|GintamaXXOO|magmagruntf|1521
|player|p2|Palm X|caitlin|1633
|gen|9
|tier|[Gen 9] OU
|rated|
|rule|HP Percentage Mod: HP is shown in percentages
|rule|Endless Battle Clause: Forcing endless battles is banned
|rule|Species Clause: Limit one of each Pokémon
|rule|OHKO Clause: OHKO moves are banned
|rule|Evasion Items Clause: Evasion items are banned
|rule|Evasion Moves Clause: Evasion moves are banned
|rule|Evasion Abilities Clause: Evasion abilities are banned
|rule|Sleep Moves Clause: Sleep-inducing moves are banned
|clearpoke
|poke|p1|Slither Wing|
|poke|p1|Ninetales, M|
|poke|p1|Walking Wake|
|poke|p1|Iron Moth|
|poke|p1|Hatterene, F|
|poke|p1|Blaziken, F|
|poke|p2|Great Tusk|
|poke|p2|Slowking-Galar, F|
|poke|p2|Cinderace, F|
|poke|p2|Kyurem|
|poke|p2|Enamorus, F|
|poke|p2|Kingambit, M|
|teampreview
|inactive|Battle timer is ON: inactive players will automatically lose when time's up. (requested by Palm X)
|j| kanaete onegai
|
|t:|1780893425
|teamsize|p1|6
|teamsize|p2|6
|start
|switch|p1a: Beru|Slither Wing, shiny|100/100
|switch|p2a: Slowking|Slowking-Galar, F|100/100
|turn|1
|
|t:|1780893431
|move|p1a: Beru|Earthquake|p2a: Slowking
|-supereffective|p2a: Slowking
|-damage|p2a: Slowking|0 fnt
|faint|p2a: Slowking
|
|upkeep
|
|t:|1780893437
|switch|p2a: Cinderace|Cinderace, F|100/100
|turn|2
|
|t:|1780893444
|-end|p1a: Beru|Protosynthesis|[silent]
|switch|p1a: Aruarian|Ninetales, M, shiny|100/100
|-weather|SunnyDay|[from] ability: Drought|[of] p1a: Aruarian
|move|p2a: Cinderace|U-turn|p1a: Aruarian
|-resisted|p1a: Aruarian
|-damage|p1a: Aruarian|88/100
|
|t:|1780893449
|switch|p2a: Enamorus|Enamorus, F|100/100|[from] U-turn
|
|-weather|SunnyDay|[upkeep]
|upkeep
|turn|3
|
|t:|1780893459
|switch|p1a: Covet&Lust|Hatterene, F, shiny|100/100
|move|p2a: Enamorus|Earth Power|p1a: Covet&Lust
|-damage|p1a: Covet&Lust|65/100
|-enditem|p1a: Covet&Lust|Eject Button
|
|t:|1780893465
|switch|p1a: Beru|Slither Wing, shiny|100/100
|-activate|p1a: Beru|ability: Protosynthesis
|-start|p1a: Beru|protosynthesisatk
|
|-weather|SunnyDay|[upkeep]
|upkeep
|turn|4
|
|t:|1780893477
|switch|p2a: Cinderace|Cinderace, F|100/100
|move|p1a: Beru|U-turn|p2a: Cinderace
|-resisted|p2a: Cinderace
|-damage|p2a: Cinderace|56/100
|
|t:|1780893491
|-end|p1a: Beru|Protosynthesis|[silent]
|switch|p1a: Renewal|Walking Wake|100/100|[from] U-turn
|-activate|p1a: Renewal|ability: Protosynthesis
|-start|p1a: Renewal|protosynthesisspe
|
|-weather|SunnyDay|[upkeep]
|upkeep
|turn|5
|
|t:|1780893496
|move|p1a: Renewal|Hydro Steam|p2a: Cinderace
|-supereffective|p2a: Cinderace
|-damage|p2a: Cinderace|0 fnt
|faint|p2a: Cinderace
|
|-weather|SunnyDay|[upkeep]
|upkeep
|
|t:|1780893498
|switch|p2a: Kyurem|Kyurem|100/100
|-ability|p2a: Kyurem|Pressure
|turn|6
|inactive|GintamaXXOO has 120 seconds left.
|
|t:|1780893531
|-end|p1a: Renewal|Protosynthesis|[silent]
|switch|p1a: Covet&Lust|Hatterene, F, shiny|65/100
|move|p2a: Kyurem|Protect||[still]
|-fail|p2a: Kyurem
|
|-weather|SunnyDay|[upkeep]
|upkeep
|turn|7
|
|t:|1780893538
|switch|p2a: Kingambit|Kingambit, M|100/100
|-activate|p2a: Kingambit|ability: Supreme Overlord
|-start|p2a: Kingambit|fallen2|[silent]
|move|p1a: Covet&Lust|Nuzzle|p2a: Kingambit
|-damage|p2a: Kingambit|98/100
|-status|p2a: Kingambit|par
|
|-weather|SunnyDay|[upkeep]
|-heal|p2a: Kingambit|100/100 par|[from] item: Leftovers
|upkeep
|turn|8
|
|t:|1780893546
|switch|p1a: Beru|Slither Wing, shiny|100/100
|-activate|p1a: Beru|ability: Protosynthesis
|-start|p1a: Beru|protosynthesisatk
|cant|p2a: Kingambit|par
|
|-weather|SunnyDay|[upkeep]
|upkeep
|turn|9
|
|t:|1780893556
|-end|p2a: Kingambit|fallen2|[silent]
|switch|p2a: Enamorus|Enamorus, F|100/100
|move|p1a: Beru|Close Combat|p2a: Enamorus
|-resisted|p2a: Enamorus
|-damage|p2a: Enamorus|50/100
|-unboost|p1a: Beru|def|1
|-unboost|p1a: Beru|spd|1
|
|-weather|none
|-end|p1a: Beru|Protosynthesis
|upkeep
|turn|10
|
|t:|1780893566
|-end|p1a: Beru|Protosynthesis|[silent]
|switch|p1a: Covet&Lust|Hatterene, F, shiny|65/100
|move|p2a: Enamorus|Earth Power|p1a: Covet&Lust
|-damage|p1a: Covet&Lust|31/100
|
|upkeep
|turn|11
|
|t:|1780893571
|switch|p1a: Beru|Slither Wing, shiny|100/100
|move|p2a: Enamorus|Earth Power|p1a: Beru
|-resisted|p1a: Beru
|-damage|p1a: Beru|83/100
|
|upkeep
|turn|12
|
|t:|1780893575
|move|p2a: Enamorus|Earth Power|p1a: Beru
|-resisted|p1a: Beru
|-damage|p1a: Beru|68/100
|move|p1a: Beru|U-turn|p2a: Enamorus
|-resisted|p2a: Enamorus
|-damage|p2a: Enamorus|24/100
|
|t:|1780893597
|-end|p1a: Beru|Protosynthesis|[silent]
|switch|p1a: Aruarian|Ninetales, M, shiny|88/100|[from] U-turn
|-weather|SunnyDay|[from] ability: Drought|[of] p1a: Aruarian
|
|-weather|SunnyDay|[upkeep]
|upkeep
|turn|13
|
|t:|1780893601
|switch|p2a: Kyurem|Kyurem|100/100
|-ability|p2a: Kyurem|Pressure
|switch|p1a: Covet&Lust|Hatterene, F, shiny|31/100
|
|-weather|SunnyDay|[upkeep]
|upkeep
|turn|14
|
|t:|1780893604
|move|p2a: Kyurem|Freeze-Dry|p1a: Covet&Lust
|-damage|p1a: Covet&Lust|0 fnt
|faint|p1a: Covet&Lust
|
|-weather|SunnyDay|[upkeep]
|upkeep
|
|t:|1780893630
|switch|p1a: Beru|Slither Wing, shiny|68/100
|-activate|p1a: Beru|ability: Protosynthesis
|-start|p1a: Beru|protosynthesisatk
|turn|15
|
|t:|1780893634
|move|p2a: Kyurem|Protect|p2a: Kyurem
|-singleturn|p2a: Kyurem|Protect
|move|p1a: Beru|Close Combat|p2a: Kyurem
|-activate|p2a: Kyurem|move: Protect
|
|-weather|SunnyDay|[upkeep]
|upkeep
|turn|16
|
|t:|1780893658
|switch|p2a: Great Tusk|Great Tusk|100/100
|-activate|p2a: Great Tusk|ability: Protosynthesis
|-start|p2a: Great Tusk|protosynthesisdef
|move|p1a: Beru|Close Combat|p2a: Great Tusk
|-damage|p2a: Great Tusk|46/100
|-unboost|p1a: Beru|def|1
|-unboost|p1a: Beru|spd|1
|
|-weather|SunnyDay|[upkeep]
|-heal|p2a: Great Tusk|52/100|[from] item: Leftovers
|upkeep
|turn|17
|
|t:|1780893667
|move|p1a: Beru|Close Combat|p2a: Great Tusk
|-damage|p2a: Great Tusk|0 fnt
|-unboost|p1a: Beru|def|1
|-unboost|p1a: Beru|spd|1
|faint|p2a: Great Tusk
|-end|p2a: Great Tusk|Protosynthesis|[silent]
|
|-weather|SunnyDay|[upkeep]
|upkeep
|
|t:|1780893673
|switch|p2a: Enamorus|Enamorus, F|24/100
|turn|18
|
|t:|1780893685
|move|p2a: Enamorus|Earth Power|p1a: Beru
|-resisted|p1a: Beru
|-damage|p1a: Beru|38/100
|move|p1a: Beru|Close Combat|p2a: Enamorus
|-resisted|p2a: Enamorus
|-damage|p2a: Enamorus|0 fnt
|-unboost|p1a: Beru|def|1
|-unboost|p1a: Beru|spd|1
|faint|p2a: Enamorus
|
|-weather|SunnyDay|[upkeep]
|upkeep
|
|t:|1780893689
|switch|p2a: Kyurem|Kyurem|100/100
|-ability|p2a: Kyurem|Pressure
|turn|19
|inactive|GintamaXXOO has 120 seconds left.
|
|t:|1780893726
|move|p2a: Kyurem|Substitute|p2a: Kyurem
|-start|p2a: Kyurem|Substitute
|-damage|p2a: Kyurem|75/100
|move|p1a: Beru|Close Combat|p2a: Kyurem
|-supereffective|p2a: Kyurem
|-end|p2a: Kyurem|Substitute
|-unboost|p1a: Beru|def|1
|-unboost|p1a: Beru|spd|1
|
|-weather|none
|-end|p1a: Beru|Protosynthesis
|-heal|p2a: Kyurem|82/100|[from] item: Leftovers
|upkeep
|turn|20
|
|t:|1780893735
|-end|p1a: Beru|Protosynthesis|[silent]
|switch|p1a: Aruarian|Ninetales, M, shiny|88/100
|-weather|SunnyDay|[from] ability: Drought|[of] p1a: Aruarian
|move|p2a: Kyurem|Earth Power|p1a: Aruarian
|-supereffective|p1a: Aruarian
|-damage|p1a: Aruarian|24/100
|
|-weather|SunnyDay|[upkeep]
|-heal|p2a: Kyurem|88/100|[from] item: Leftovers
|upkeep
|turn|21
|
|t:|1780893744
|move|p2a: Kyurem|Protect|p2a: Kyurem
|-singleturn|p2a: Kyurem|Protect
|move|p1a: Aruarian|Healing Wish|p1a: Aruarian
|faint|p1a: Aruarian
|
|-weather|SunnyDay|[upkeep]
|-heal|p2a: Kyurem|94/100|[from] item: Leftovers
|upkeep
|
|t:|1780893755
|switch|p1a: Sizzlin' Hot Wings|Blaziken, F, shiny|100/100
|turn|22
|
|t:|1780893766
|-terastallize|p2a: Kyurem|Ground
|move|p1a: Sizzlin' Hot Wings|Protect|p1a: Sizzlin' Hot Wings
|-singleturn|p1a: Sizzlin' Hot Wings|Protect
|move|p2a: Kyurem|Substitute|p2a: Kyurem
|-start|p2a: Kyurem|Substitute
|-damage|p2a: Kyurem|69/100
|
|-weather|SunnyDay|[upkeep]
|-heal|p2a: Kyurem|75/100|[from] item: Leftovers
|-ability|p1a: Sizzlin' Hot Wings|Speed Boost|boost
|-boost|p1a: Sizzlin' Hot Wings|spe|1
|upkeep
|turn|23
|
|t:|1780893788
|-terastallize|p1a: Sizzlin' Hot Wings|Fighting
|move|p1a: Sizzlin' Hot Wings|Close Combat|p2a: Kyurem
|-end|p2a: Kyurem|Substitute
|-unboost|p1a: Sizzlin' Hot Wings|def|1
|-unboost|p1a: Sizzlin' Hot Wings|spd|1
|-damage|p1a: Sizzlin' Hot Wings|91/100|[from] item: Life Orb
|move|p2a: Kyurem|Earth Power|p1a: Sizzlin' Hot Wings
|-damage|p1a: Sizzlin' Hot Wings|0 fnt
|faint|p1a: Sizzlin' Hot Wings
|
|-weather|SunnyDay|[upkeep]
|-heal|p2a: Kyurem|81/100|[from] item: Leftovers
|upkeep
|inactive|GintamaXXOO has 120 seconds left.
|
|t:|1780893801
|switch|p1a: Renewal|Walking Wake|100/100
|-activate|p1a: Renewal|ability: Protosynthesis
|-start|p1a: Renewal|protosynthesisspe
|turn|24
|
|t:|1780893804
|move|p2a: Kyurem|Protect|p2a: Kyurem
|-singleturn|p2a: Kyurem|Protect
|move|p1a: Renewal|Hydro Steam|p2a: Kyurem
|-activate|p2a: Kyurem|move: Protect
|
|-weather|SunnyDay|[upkeep]
|-heal|p2a: Kyurem|87/100|[from] item: Leftovers
|upkeep
|turn|25
|inactive|GintamaXXOO has 120 seconds left.
|
|t:|1780893826
|switch|p2a: Kingambit|Kingambit, M|100/100 par
|-activate|p2a: Kingambit|ability: Supreme Overlord
|-start|p2a: Kingambit|fallen4|[silent]
|move|p1a: Renewal|Hydro Steam|p2a: Kingambit
|-damage|p2a: Kingambit|18/100 par
|
|-weather|SunnyDay|[upkeep]
|-heal|p2a: Kingambit|24/100 par|[from] item: Leftovers
|upkeep
|turn|26
|
|t:|1780893832
|cant|p2a: Kingambit|par
|move|p1a: Renewal|Hydro Steam|p2a: Kingambit
|-damage|p2a: Kingambit|0 fnt
|faint|p2a: Kingambit
|-end|p2a: Kingambit|fallen4|[silent]
|
|-weather|SunnyDay|[upkeep]
|upkeep
|
|t:|1780893835
|switch|p2a: Kyurem|Kyurem, tera:Ground|87/100
|-ability|p2a: Kyurem|Pressure
|turn|27
|
|t:|1780893845
|move|p2a: Kyurem|Protect|p2a: Kyurem
|-singleturn|p2a: Kyurem|Protect
|move|p1a: Renewal|Hydro Steam|p2a: Kyurem
|-activate|p2a: Kyurem|move: Protect
|
|-weather|none
|-end|p1a: Renewal|Protosynthesis
|-heal|p2a: Kyurem|93/100|[from] item: Leftovers
|upkeep
|turn|28
|
|t:|1780893860
|move|p1a: Renewal|Hydro Steam|p2a: Kyurem
|-supereffective|p2a: Kyurem
|-damage|p2a: Kyurem|0 fnt
|faint|p2a: Kyurem
|
|win|GintamaXXOO
|raw|GintamaXXOO's rating: 1498 &rarr; <strong>1525</strong><br />(+27 for winning)
|raw|Palm X's rating: 1633 &rarr; <strong>1606</strong><br />(-27 for losing)
|l|☆Palm X
|player|p2|
|l|☆GintamaXXOO
|player|p1|
