|j|☆LowEL0God
|j|☆jd2sleepy
|t:|1781095527
|gametype|singles
|player|p1|LowEL0God|265|1583
|player|p2|jd2sleepy|blackbelt-gen4dp|1627
|gen|9
|tier|[Gen 9] OU
|rated|
|rule|HP Percentage Mod: HP is shown in percentages
|rule|Endless Battle Clause: Forcing endless battles is banned
|rule|Species Clause: Limit one of each Pokémon
|rule|OHKO Clause: OHKO moves are banned
|rule|Evasion Items Clause: Evasion items are banned
|rule|Evasion Moves Clause: Evasion moves are banned
|rule|Evasion Abilities Clause: Evasion abilities are banned
|rule|Sleep Moves Clause: Sleep-inducing moves are banned
|clearpoke
|poke|p1|Pelipper, F|
|poke|p1|Torkoal, F|
|poke|p1|Walking Wake|
|poke|p1|Kyurem|
|poke|p1|Ninetales-Alola, M|
|poke|p1|Ogerpon-Wellspring, F|
|poke|p2|Vigoroth, M|
|poke|p2|Slowking-Galar, F|
|poke|p2|Corviknight, M|
|poke|p2|Ting-Lu|
|poke|p2|Great Tusk|
|poke|p2|Gholdengo|
|teampreview
|c|☆LowEL0God|hf
|inactive|Battle timer is ON: inactive players will automatically lose when time's up. (requested by LowEL0God)
|
|t:|1781095535
|teamsize|p1|6
|teamsize|p2|6
|start
|switch|p1a: Ninetales|Ninetales-Alola, M|100/100
|switch|p2a: Say it ain't Slo|Slowking-Galar, F|100/100
|-weather|Snowscape|[from] ability: Snow Warning|[of] p1a: Ninetales
|turn|1
|
|t:|1781095538
|move|p1a: Ninetales|Aurora Veil|p1a: Ninetales
|-sidestart|p1: LowEL0God|move: Aurora Veil
|move|p2a: Say it ain't Slo|Sludge Bomb|p1a: Ninetales
|-supereffective|p1a: Ninetales
|-damage|p1a: Ninetales|67/100
|
|-weather|Snowscape|[upkeep]
|upkeep
|turn|2
|
|t:|1781095541
|switch|p1a: Kyurem|Kyurem|100/100
|-ability|p1a: Kyurem|Pressure
|move|p2a: Say it ain't Slo|Sludge Bomb|p1a: Kyurem
|-damage|p1a: Kyurem|86/100
|
|-weather|Snowscape|[upkeep]
|upkeep
|turn|3
|
|t:|1781095551
|move|p1a: Kyurem|Dragon Dance|p1a: Kyurem
|-boost|p1a: Kyurem|atk|1
|-boost|p1a: Kyurem|spe|1
|-prepare|p2a: Say it ain't Slo|Chilly Reception|[premajor]
|move|p2a: Say it ain't Slo|Chilly Reception|p2a: Say it ain't Slo
|
|t:|1781095557
|switch|p2a: Dengos Domain|Gholdengo|100/100|[from] Chilly Reception
|
|-weather|Snowscape|[upkeep]
|upkeep
|turn|4
|
|t:|1781095568
|move|p1a: Kyurem|Earth Power|p2a: Dengos Domain
|-supereffective|p2a: Dengos Domain
|-damage|p2a: Dengos Domain|48/100
|move|p2a: Dengos Domain|Dazzling Gleam|p1a: Kyurem
|-supereffective|p1a: Kyurem
|-damage|p1a: Kyurem|63/100
|
|-weather|Snowscape|[upkeep]
|upkeep
|turn|5
|
|t:|1781095572
|move|p1a: Kyurem|Icicle Spear|p2a: Dengos Domain
|-resisted|p2a: Dengos Domain
|-damage|p2a: Dengos Domain|40/100
|-resisted|p2a: Dengos Domain
|-damage|p2a: Dengos Domain|33/100
|-resisted|p2a: Dengos Domain
|-damage|p2a: Dengos Domain|24/100
|-resisted|p2a: Dengos Domain
|-damage|p2a: Dengos Domain|17/100
|-resisted|p2a: Dengos Domain
|-damage|p2a: Dengos Domain|9/100
|-hitcount|p2a: Dengos Domain|5
|move|p2a: Dengos Domain|Dazzling Gleam|p1a: Kyurem
|-supereffective|p1a: Kyurem
|-damage|p1a: Kyurem|40/100
|
|-weather|Snowscape|[upkeep]
|-sideend|p1: LowEL0God|move: Aurora Veil
|upkeep
|turn|6
|
|t:|1781095574
|move|p1a: Kyurem|Icicle Spear|p2a: Dengos Domain
|-resisted|p2a: Dengos Domain
|-damage|p2a: Dengos Domain|1/100
|-resisted|p2a: Dengos Domain
|-damage|p2a: Dengos Domain|0 fnt
|faint|p2a: Dengos Domain
|-hitcount|p2: Dengos Domain|2
|
|-weather|Snowscape|[upkeep]
|upkeep
|
|t:|1781095586
|switch|p2a: JD|Vigoroth, M|100/100
|turn|7
|
|t:|1781095602
|move|p1a: Kyurem|Icicle Spear|p2a: JD
|-damage|p2a: JD|83/100
|-damage|p2a: JD|66/100
|-hitcount|p2a: JD|2
|move|p2a: JD|Knock Off|p1a: Kyurem
|-damage|p1a: Kyurem|27/100
|-enditem|p1a: Kyurem|Never-Melt Ice|[from] move: Knock Off|[of] p2a: JD
|
|-weather|Snowscape|[upkeep]
|upkeep
|turn|8
|
|t:|1781095606
|move|p1a: Kyurem|Icicle Spear|p2a: JD
|-damage|p2a: JD|53/100
|-damage|p2a: JD|38/100
|-damage|p2a: JD|24/100
|-hitcount|p2a: JD|3
|move|p2a: JD|Slack Off|p2a: JD
|-heal|p2a: JD|74/100
|
|-weather|none
|upkeep
|turn|9
|
|t:|1781095608
|move|p1a: Kyurem|Icicle Spear|p2a: JD
|-damage|p2a: JD|59/100
|-damage|p2a: JD|45/100
|-damage|p2a: JD|31/100
|-hitcount|p2a: JD|3
|move|p2a: JD|Bulk Up|p2a: JD
|-boost|p2a: JD|atk|1
|-boost|p2a: JD|def|1
|
|upkeep
|turn|10
|
|t:|1781095610
|-terastallize|p1a: Kyurem|Ice
|move|p1a: Kyurem|Icicle Spear|p2a: JD
|-damage|p2a: JD|19/100
|-crit|p2a: JD
|-damage|p2a: JD|0 fnt
|faint|p2a: JD
|-hitcount|p2: JD|2
|
|upkeep
|
|t:|1781095613
|switch|p2a: Say it ain't Slo|Slowking-Galar, F|100/100
|turn|11
|
|t:|1781095614
|move|p1a: Kyurem|Icicle Spear|p2a: Say it ain't Slo
|-crit|p2a: Say it ain't Slo
|-damage|p2a: Say it ain't Slo|61/100
|-damage|p2a: Say it ain't Slo|34/100
|-damage|p2a: Say it ain't Slo|10/100
|-hitcount|p2a: Say it ain't Slo|3
|move|p2a: Say it ain't Slo|Sludge Bomb|p1a: Kyurem
|-damage|p1a: Kyurem|0 fnt
|faint|p1a: Kyurem
|
|upkeep
|
|t:|1781095616
|switch|p1a: Hurricane Spam|Pelipper, F, shiny|100/100
|-weather|RainDance|[from] ability: Drizzle|[of] p1a: Hurricane Spam
|turn|12
|
|t:|1781095632
|switch|p2a: Lulu|Ting-Lu|100/100
|-ability|p2a: Lulu|Vessel of Ruin
|move|p1a: Hurricane Spam|Weather Ball|p2a: Lulu
|-supereffective|p2a: Lulu
|-damage|p2a: Lulu|17/100
|
|-weather|RainDance|[upkeep]
|-heal|p2a: Lulu|23/100|[from] item: Leftovers
|upkeep
|turn|13
|
|t:|1781095635
|move|p1a: Hurricane Spam|Weather Ball|p2a: Lulu
|-supereffective|p2a: Lulu
|-damage|p2a: Lulu|0 fnt
|faint|p2a: Lulu
|
|-weather|RainDance|[upkeep]
|upkeep
|
|t:|1781095638
|switch|p2a: Say it ain't Slo|Slowking-Galar, F|43/100
|turn|14
|
|t:|1781095641
|-terastallize|p2a: Say it ain't Slo|Water
|move|p1a: Hurricane Spam|Weather Ball|p2a: Say it ain't Slo
|-resisted|p2a: Say it ain't Slo
|-damage|p2a: Say it ain't Slo|13/100
|-prepare|p2a: Say it ain't Slo|Chilly Reception|[premajor]
|move|p2a: Say it ain't Slo|Chilly Reception|p2a: Say it ain't Slo
|-weather|Snowscape
|
|t:|1781095643
|switch|p2a: Tusk The Great|Great Tusk|100/100|[from] Chilly Reception
|
|-weather|Snowscape|[upkeep]
|upkeep
|turn|15
|
|t:|1781095644
|-end|p2a: Tusk The Great|Protosynthesis|[silent]
|switch|p2a: Say it ain't Slo|Slowking-Galar, F, tera:Water|46/100
|switch|p1a: Ninetales|Ninetales-Alola, M|67/100
|
|-weather|Snowscape|[upkeep]
|upkeep
|turn|16
|
|t:|1781095646
|move|p1a: Ninetales|Aurora Veil|p1a: Ninetales
|-sidestart|p1: LowEL0God|move: Aurora Veil
|-prepare|p2a: Say it ain't Slo|Chilly Reception|[premajor]
|move|p2a: Say it ain't Slo|Chilly Reception|p2a: Say it ain't Slo
|
|t:|1781095648
|switch|p2a: Corvette Corvette|Corviknight, M|100/100|[from] Chilly Reception
|-ability|p2a: Corvette Corvette|Pressure
|
|-weather|Snowscape|[upkeep]
|upkeep
|turn|17
|
|t:|1781095650
|switch|p1a: Hurricane Spam|Pelipper, F, shiny|100/100
|-weather|RainDance|[from] ability: Drizzle|[of] p1a: Hurricane Spam
|move|p2a: Corvette Corvette|Roost||[still]
|-fail|p2a: Corvette Corvette|heal
|
|-weather|RainDance|[upkeep]
|upkeep
|turn|18
|
|t:|1781095655
|move|p2a: Corvette Corvette|Defog|p1a: Hurricane Spam
|-unboost|p1a: Hurricane Spam|evasion|1
|-sideend|p1: LowEL0God|move: Aurora Veil
|move|p1a: Hurricane Spam|Hurricane|p2a: Corvette Corvette
|-resisted|p2a: Corvette Corvette
|-damage|p2a: Corvette Corvette|65/100
|
|-weather|RainDance|[upkeep]
|upkeep
|turn|19
|
|t:|1781095658
|move|p2a: Corvette Corvette|Roost|p2a: Corvette Corvette
|-heal|p2a: Corvette Corvette|100/100
|-singleturn|p2a: Corvette Corvette|move: Roost
|move|p1a: Hurricane Spam|Hurricane|p2a: Corvette Corvette
|-resisted|p2a: Corvette Corvette
|-damage|p2a: Corvette Corvette|65/100
|
|-weather|RainDance|[upkeep]
|upkeep
|turn|20
|
|t:|1781095660
|move|p2a: Corvette Corvette|Roost|p2a: Corvette Corvette
|-heal|p2a: Corvette Corvette|100/100
|-singleturn|p2a: Corvette Corvette|move: Roost
|move|p1a: Hurricane Spam|Hurricane|p2a: Corvette Corvette
|-resisted|p2a: Corvette Corvette
|-damage|p2a: Corvette Corvette|66/100
|-start|p2a: Corvette Corvette|confusion
|
|-weather|RainDance|[upkeep]
|upkeep
|turn|21
|
|t:|1781095664
|-activate|p2a: Corvette Corvette|confusion
|-damage|p2a: Corvette Corvette|61/100|[from] confusion
|move|p1a: Hurricane Spam|Hurricane|p2a: Corvette Corvette
|-resisted|p2a: Corvette Corvette
|-damage|p2a: Corvette Corvette|25/100
|
|-weather|none
|upkeep
|turn|22
|
|t:|1781095666
|switch|p1a: Ninetales|Ninetales-Alola, M|67/100
|-weather|Snowscape|[from] ability: Snow Warning|[of] p1a: Ninetales
|-activate|p2a: Corvette Corvette|confusion
|move|p2a: Corvette Corvette|Roost|p2a: Corvette Corvette
|-heal|p2a: Corvette Corvette|75/100
|-singleturn|p2a: Corvette Corvette|move: Roost
|
|-weather|Snowscape|[upkeep]
|upkeep
|turn|23
|
|t:|1781095669
|switch|p2a: Say it ain't Slo|Slowking-Galar, F, tera:Water|79/100
|move|p1a: Ninetales|Aurora Veil|p1a: Ninetales
|-sidestart|p1: LowEL0God|move: Aurora Veil
|
|-weather|Snowscape|[upkeep]
|upkeep
|turn|24
|
|t:|1781095670
|switch|p1a: Hurricane Spam|Pelipper, F, shiny|100/100
|-weather|RainDance|[from] ability: Drizzle|[of] p1a: Hurricane Spam
|move|p2a: Say it ain't Slo|Sludge Bomb|p1a: Hurricane Spam
|-damage|p1a: Hurricane Spam|77/100
|
|-weather|RainDance|[upkeep]
|upkeep
|turn|25
|
|t:|1781095673
|move|p1a: Hurricane Spam|Hurricane|p2a: Say it ain't Slo
|-damage|p2a: Say it ain't Slo|33/100
|-prepare|p2a: Say it ain't Slo|Chilly Reception|[premajor]
|move|p2a: Say it ain't Slo|Chilly Reception|p2a: Say it ain't Slo
|-weather|Snowscape
|
|t:|1781095674
|switch|p2a: Corvette Corvette|Corviknight, M|75/100|[from] Chilly Reception
|-ability|p2a: Corvette Corvette|Pressure
|
|-weather|Snowscape|[upkeep]
|upkeep
|turn|26
|
|t:|1781095677
|move|p2a: Corvette Corvette|Roost|p2a: Corvette Corvette
|-heal|p2a: Corvette Corvette|100/100
|-singleturn|p2a: Corvette Corvette|move: Roost
|move|p1a: Hurricane Spam|Hurricane|p2a: Corvette Corvette
|-resisted|p2a: Corvette Corvette
|-damage|p2a: Corvette Corvette|63/100
|
|-weather|Snowscape|[upkeep]
|upkeep
|turn|27
|
|t:|1781095678
|move|p2a: Corvette Corvette|U-turn|p1a: Hurricane Spam
|-resisted|p1a: Hurricane Spam
|-damage|p1a: Hurricane Spam|74/100
|
|t:|1781095679
|switch|p2a: Say it ain't Slo|Slowking-Galar, F, tera:Water|66/100|[from] U-turn
|move|p1a: Hurricane Spam|Hurricane|p2a: Say it ain't Slo
|-damage|p2a: Say it ain't Slo|25/100
|
|-weather|Snowscape|[upkeep]
|-sideend|p1: LowEL0God|move: Aurora Veil
|upkeep
|turn|28
|
|t:|1781095681
|switch|p2a: Corvette Corvette|Corviknight, M|63/100
|-ability|p2a: Corvette Corvette|Pressure
|move|p1a: Hurricane Spam|Hurricane|p2a: Corvette Corvette
|-resisted|p2a: Corvette Corvette
|-damage|p2a: Corvette Corvette|28/100
|
|-weather|Snowscape|[upkeep]
|upkeep
|turn|29
|
|t:|1781095682
|switch|p1a: Walking Wake|Walking Wake|100/100
|move|p2a: Corvette Corvette|Roost|p2a: Corvette Corvette
|-heal|p2a: Corvette Corvette|78/100
|-singleturn|p2a: Corvette Corvette|move: Roost
|
|-weather|none
|upkeep
|turn|30
|
|t:|1781095686
|switch|p2a: Say it ain't Slo|Slowking-Galar, F, tera:Water|58/100
|move|p1a: Walking Wake|Flamethrower|p2a: Say it ain't Slo
|-resisted|p2a: Say it ain't Slo
|-damage|p2a: Say it ain't Slo|44/100
|
|upkeep
|turn|31
|
|t:|1781095688
|-end|p1a: Walking Wake|Protosynthesis|[silent]
|switch|p1a: Hurricane Spam|Pelipper, F, shiny|74/100
|-weather|RainDance|[from] ability: Drizzle|[of] p1a: Hurricane Spam
|-prepare|p2a: Say it ain't Slo|Chilly Reception|[premajor]
|move|p2a: Say it ain't Slo|Chilly Reception|p2a: Say it ain't Slo
|-weather|Snowscape
|
|t:|1781095691
|switch|p2a: Corvette Corvette|Corviknight, M|78/100|[from] Chilly Reception
|-ability|p2a: Corvette Corvette|Pressure
|
|-weather|Snowscape|[upkeep]
|upkeep
|turn|32
|
|t:|1781095692
|switch|p2a: Say it ain't Slo|Slowking-Galar, F, tera:Water|77/100
|switch|p1a: Ninetales|Ninetales-Alola, M|67/100
|
|-weather|Snowscape|[upkeep]
|upkeep
|turn|33
|
|t:|1781095694
|move|p1a: Ninetales|Aurora Veil|p1a: Ninetales
|-sidestart|p1: LowEL0God|move: Aurora Veil
|move|p2a: Say it ain't Slo|Sludge Bomb|p1a: Ninetales
|-supereffective|p1a: Ninetales
|-damage|p1a: Ninetales|31/100
|
|-weather|Snowscape|[upkeep]
|upkeep
|turn|34
|
|t:|1781095695
|move|p1a: Ninetales|Freeze-Dry|p2a: Say it ain't Slo
|-supereffective|p2a: Say it ain't Slo
|-damage|p2a: Say it ain't Slo|51/100
|move|p2a: Say it ain't Slo|Sludge Bomb|p1a: Ninetales
|-supereffective|p1a: Ninetales
|-damage|p1a: Ninetales|0 fnt
|faint|p1a: Ninetales
|
|-weather|Snowscape|[upkeep]
|upkeep
|
|t:|1781095696
|switch|p1a: Ogerpon|Ogerpon-Wellspring, F|100/100
|turn|35
|
|t:|1781095699
|switch|p2a: Corvette Corvette|Corviknight, M|78/100
|-ability|p2a: Corvette Corvette|Pressure
|move|p1a: Ogerpon|Swords Dance|p1a: Ogerpon
|-boost|p1a: Ogerpon|atk|2
|
|-weather|none
|upkeep
|turn|36
|
|t:|1781095706
|move|p1a: Ogerpon|Ivy Cudgel|p2a: Corvette Corvette|[anim] Ivy Cudgel Water
|-damage|p2a: Corvette Corvette|9/100
|move|p2a: Corvette Corvette|Brave Bird|p1a: Ogerpon
|-supereffective|p1a: Ogerpon
|-damage|p1a: Ogerpon|50/100
|-damage|p2a: Corvette Corvette|0 fnt|[from] Recoil
|faint|p2a: Corvette Corvette
|
|upkeep
|-message|jd2sleepy forfeited.
|
|win|LowEL0God
|raw|LowEL0God's rating: 1583 &rarr; <strong>1606</strong><br />(+23 for winning)
|raw|jd2sleepy's rating: 1627 &rarr; <strong>1604</strong><br />(-23 for losing)
|l|☆jd2sleepy
|player|p2|
|c|☆LowEL0God|gg
|l|☆LowEL0God
|player|p1|
