|j|☆jd2sleepy
|j|☆cachowcapow
|t:|1781094647
|gametype|singles
|player|p1|jd2sleepy|blackbelt-gen4dp|1591
|player|p2|cachowcapow|265|1635
|gen|9
|tier|[Gen 9] OU
|rated|
|rule|HP Percentage Mod: HP is shown in percentages
|rule|Endless Battle Clause: Forcing endless battles is banned
|rule|Species Clause: Limit one of each Pokémon
|rule|OHKO Clause: OHKO moves are banned
|rule|Evasion Items Clause: Evasion items are banned
|rule|Evasion Moves Clause: Evasion moves are banned
|rule|Evasion Abilities Clause: Evasion abilities are banned
|rule|Sleep Moves Clause: Sleep-inducing moves are banned
|clearpoke
|poke|p1|Vigoroth, M|
|poke|p1|Slowking-Galar, F|
|poke|p1|Corviknight, M|
|poke|p1|Ting-Lu|
|poke|p1|Great Tusk|
|poke|p1|Gholdengo|
|poke|p2|Gardevoir, M|
|poke|p2|Gliscor, F|
|poke|p2|Slowking-Galar, F|
|poke|p2|Cinderace, M|
|poke|p2|Alomomola, F|
|poke|p2|Meowscarada, F|
|teampreview
|
|t:|1781094657
|teamsize|p1|6
|teamsize|p2|6
|start
|switch|p1a: Corvette Corvette|Corviknight, M|100/100
|switch|p2a: Gardevoir|Gardevoir, M|100/100
|-ability|p2a: Gardevoir|Pressure|Trace|[from] ability: Trace|[of] p1a: Corvette Corvette
|-ability|p2a: Gardevoir|Pressure
|-ability|p1a: Corvette Corvette|Pressure
|turn|1
|
|t:|1781094666
|switch|p1a: Say it ain't Slo|Slowking-Galar, F|100/100
|move|p2a: Gardevoir|Shadow Ball|p1a: Say it ain't Slo
|-supereffective|p1a: Say it ain't Slo
|-damage|p1a: Say it ain't Slo|45/100
|
|upkeep
|turn|2
|
|t:|1781094670
|switch|p2a: Gliscor|Gliscor, F|100/100
|switch|p1a: JD|Vigoroth, M|100/100
|
|-status|p2a: Gliscor|tox|[from] item: Toxic Orb
|upkeep
|turn|3
|
|t:|1781094708
|switch|p1a: Corvette Corvette|Corviknight, M|100/100
|-ability|p1a: Corvette Corvette|Pressure
|move|p2a: Gliscor|Toxic|p1a: Corvette Corvette
|-immune|p1a: Corvette Corvette
|
|upkeep
|turn|4
|
|t:|1781094711
|move|p2a: Gliscor|Knock Off|p1a: Corvette Corvette
|-damage|p1a: Corvette Corvette|88/100
|-damage|p2a: Gliscor|84/100 tox|[from] item: Rocky Helmet|[of] p1a: Corvette Corvette
|-enditem|p1a: Corvette Corvette|Rocky Helmet|[from] move: Knock Off|[of] p2a: Gliscor
|move|p1a: Corvette Corvette|U-turn|p2a: Gliscor
|-resisted|p2a: Gliscor
|-damage|p2a: Gliscor|80/100 tox
|j| kanaete onegai
|
|t:|1781094722
|switch|p1a: Dengos Domain|Gholdengo|100/100|[from] U-turn
|
|-heal|p2a: Gliscor|92/100 tox|[from] ability: Poison Heal
|upkeep
|turn|5
|
|t:|1781094742
|move|p2a: Gliscor|Knock Off|p1a: Dengos Domain
|-supereffective|p1a: Dengos Domain
|-damage|p1a: Dengos Domain|72/100
|-enditem|p1a: Dengos Domain|Ability Shield|[from] move: Knock Off|[of] p2a: Gliscor
|move|p1a: Dengos Domain|Nasty Plot|p1a: Dengos Domain
|-boost|p1a: Dengos Domain|spa|2
|
|-heal|p2a: Gliscor|100/100 tox|[from] ability: Poison Heal
|upkeep
|turn|6
|
|t:|1781094747
|switch|p2a: Alomomola|Alomomola, F|100/100
|move|p1a: Dengos Domain|Recover|p1a: Dengos Domain
|-heal|p1a: Dengos Domain|100/100
|
|upkeep
|turn|7
|
|t:|1781094749
|move|p1a: Dengos Domain|Nasty Plot|p1a: Dengos Domain
|-boost|p1a: Dengos Domain|spa|2
|move|p2a: Alomomola|Flip Turn|p1a: Dengos Domain
|-damage|p1a: Dengos Domain|88/100
|
|t:|1781094753
|switch|p2a: Cinderace|Cinderace, M|100/100|[from] Flip Turn
|
|upkeep
|turn|8
|
|t:|1781094760
|move|p2a: Cinderace|Pyro Ball|p1a: Dengos Domain
|-supereffective|p1a: Dengos Domain
|-damage|p1a: Dengos Domain|10/100
|move|p1a: Dengos Domain|Shadow Ball|p2a: Cinderace
|-damage|p2a: Cinderace|0 fnt
|faint|p2a: Cinderace
|
|upkeep
|
|t:|1781094763
|switch|p2a: Meowscarada|Meowscarada, F|100/100
|turn|9
|
|t:|1781094765
|switch|p1a: Corvette Corvette|Corviknight, M|88/100
|-ability|p1a: Corvette Corvette|Pressure
|move|p2a: Meowscarada|Knock Off|p1a: Corvette Corvette
|-start|p2a: Meowscarada|typechange|Dark|[from] ability: Protean
|-damage|p1a: Corvette Corvette|70/100
|
|upkeep
|turn|10
|
|t:|1781094772
|switch|p2a: Gardevoir|Gardevoir, M|100/100
|-ability|p2a: Gardevoir|Pressure|Trace|[from] ability: Trace|[of] p1a: Corvette Corvette
|-ability|p2a: Gardevoir|Pressure
|move|p1a: Corvette Corvette|U-turn|p2a: Gardevoir
|-damage|p2a: Gardevoir|75/100
|
|t:|1781094782
|switch|p1a: Say it ain't Slo|Slowking-Galar, F|78/100|[from] U-turn
|
|upkeep
|turn|11
|
|t:|1781094795
|switch|p2a: Slowking|Slowking-Galar, F|100/100
|-prepare|p1a: Say it ain't Slo|Chilly Reception|[premajor]
|move|p1a: Say it ain't Slo|Chilly Reception|p1a: Say it ain't Slo
|-weather|Snowscape
|
|t:|1781094800
|switch|p1a: Tusk The Great|Great Tusk|100/100|[from] Chilly Reception
|
|-weather|Snowscape|[upkeep]
|upkeep
|turn|12
|
|t:|1781094835
|switch|p2a: Alomomola|Alomomola, F|100/100
|move|p1a: Tusk The Great|Stealth Rock|p2a: Alomomola
|-sidestart|p2: cachowcapow|move: Stealth Rock
|
|-weather|Snowscape|[upkeep]
|upkeep
|turn|13
|
|t:|1781094842
|-end|p1a: Tusk The Great|Protosynthesis|[silent]
|switch|p1a: Say it ain't Slo|Slowking-Galar, F|100/100
|move|p2a: Alomomola|Scald|p1a: Say it ain't Slo
|-damage|p1a: Say it ain't Slo|92/100
|-status|p1a: Say it ain't Slo|brn
|
|-weather|Snowscape|[upkeep]
|-damage|p1a: Say it ain't Slo|86/100 brn|[from] brn
|upkeep
|turn|14
|
|t:|1781094889
|move|p2a: Alomomola|Flip Turn|p1a: Say it ain't Slo
|-damage|p1a: Say it ain't Slo|68/100 brn
|
|t:|1781094891
|switch|p2a: Slowking|Slowking-Galar, F|100/100|[from] Flip Turn
|-prepare|p1a: Say it ain't Slo|Chilly Reception|[premajor]
|move|p1a: Say it ain't Slo|Chilly Reception|p1a: Say it ain't Slo
|
|t:|1781094894
|switch|p1a: Lulu|Ting-Lu|100/100|[from] Chilly Reception
|-ability|p1a: Lulu|Vessel of Ruin
|
|-weather|Snowscape|[upkeep]
|upkeep
|turn|15
|
|t:|1781094897
|switch|p2a: Gliscor|Gliscor, F|100/100 tox
|-damage|p2a: Gliscor|88/100 tox|[from] Stealth Rock
|move|p1a: Lulu|Spikes|p2a: Gliscor
|-sidestart|p2: cachowcapow|Spikes
|
|-weather|none
|-heal|p2a: Gliscor|100/100 tox|[from] ability: Poison Heal
|upkeep
|turn|16
|
|t:|1781094900
|switch|p2a: Gardevoir|Gardevoir, M|75/100
|-damage|p2a: Gardevoir|62/100|[from] Stealth Rock
|-damage|p2a: Gardevoir|50/100|[from] Spikes
|-ability|p2a: Gardevoir|Vessel of Ruin|Trace|[from] ability: Trace|[of] p1a: Lulu
|-ability|p2a: Gardevoir|Vessel of Ruin
|switch|p1a: Corvette Corvette|Corviknight, M|70/100
|-ability|p1a: Corvette Corvette|Pressure
|
|upkeep
|turn|17
|
|t:|1781094905
|move|p2a: Gardevoir|Moonblast|p1a: Corvette Corvette
|-resisted|p1a: Corvette Corvette
|-damage|p1a: Corvette Corvette|34/100
|move|p1a: Corvette Corvette|Roost|p1a: Corvette Corvette
|-heal|p1a: Corvette Corvette|84/100
|-singleturn|p1a: Corvette Corvette|move: Roost
|
|upkeep
|turn|18
|
|t:|1781094909
|move|p2a: Gardevoir|Moonblast|p1a: Corvette Corvette
|-resisted|p1a: Corvette Corvette
|-damage|p1a: Corvette Corvette|49/100
|move|p1a: Corvette Corvette|U-turn|p2a: Gardevoir
|-damage|p2a: Gardevoir|25/100
|
|t:|1781094911
|switch|p1a: Say it ain't Slo|Slowking-Galar, F|100/100 brn|[from] U-turn
|
|-damage|p1a: Say it ain't Slo|94/100 brn|[from] brn
|upkeep
|turn|19
|
|t:|1781094919
|switch|p2a: Alomomola|Alomomola, F|100/100
|move|p1a: Say it ain't Slo|Sludge Bomb|p2a: Alomomola
|-damage|p2a: Alomomola|74/100
|
|-damage|p1a: Say it ain't Slo|88/100 brn|[from] brn
|upkeep
|turn|20
|-message|cachowcapow forfeited.
|
|win|jd2sleepy
|raw|jd2sleepy's rating: 1591 &rarr; <strong>1612</strong><br />(+21 for winning)
|raw|cachowcapow's rating: 1614 &rarr; <strong>1593</strong><br />(-21 for losing)
|l|☆cachowcapow
|player|p2|
