|j|☆KurisuChestnutLab
|j|☆Slashutu
|t:|1781124295
|gametype|singles
|player|p1|KurisuChestnutLab|may-contest|1602
|player|p2|Slashutu|169|1566
|gen|9
|tier|[Gen 9] OU
|rated|
|rule|HP Percentage Mod: HP is shown in percentages
|rule|Endless Battle Clause: Forcing endless battles is banned
|rule|Species Clause: Limit one of each Pokémon
|rule|OHKO Clause: OHKO moves are banned
|rule|Evasion Items Clause: Evasion items are banned
|rule|Evasion Moves Clause: Evasion moves are banned
|rule|Evasion Abilities Clause: Evasion abilities are banned
|rule|Sleep Moves Clause: Sleep-inducing moves are banned
|clearpoke
|poke|p1|Zamazenta-*|
|poke|p1|Zapdos|
|poke|p1|Garganacl, F|
|poke|p1|Clefable, M|
|poke|p1|Samurott-Hisui, M|
|poke|p1|Gholdengo|
|poke|p2|Ting-Lu|
|poke|p2|Gliscor, M|
|poke|p2|Sinistcha-Masterpiece|
|poke|p2|Keldeo|
|poke|p2|Tinkaton, F|
|poke|p2|Dragonite, F|
|teampreview
|inactive|Battle timer is ON: inactive players will automatically lose when time's up. (requested by KurisuChestnutLab)
|
|t:|1781124319
|teamsize|p1|6
|teamsize|p2|6
|start
|switch|p1a: Zamazenta|Zamazenta|100/100
|switch|p2a: Tinkki Minaj|Tinkaton, F|100/100
|-ability|p1a: Zamazenta|Dauntless Shield|boost
|-boost|p1a: Zamazenta|def|1
|-ability|p2a: Tinkki Minaj|Mold Breaker
|-item|p2a: Tinkki Minaj|Air Balloon
|turn|1
|
|t:|1781124323
|move|p1a: Zamazenta|Iron Defense|p1a: Zamazenta
|-boost|p1a: Zamazenta|def|2
|move|p2a: Tinkki Minaj|Thunder Wave|p1a: Zamazenta
|-status|p1a: Zamazenta|par
|
|upkeep
|turn|2
|
|t:|1781124329
|move|p2a: Tinkki Minaj|Encore|p1a: Zamazenta
|-start|p1a: Zamazenta|Encore
|move|p1a: Zamazenta|Iron Defense|p1a: Zamazenta
|-boost|p1a: Zamazenta|def|2
|
|upkeep
|turn|3
|
|t:|1781124333
|switch|p1a: Samurott|Samurott-Hisui, M|100/100
|move|p2a: Tinkki Minaj|Stealth Rock|p1a: Samurott
|-sidestart|p1: KurisuChestnutLab|move: Stealth Rock
|
|upkeep
|turn|4
|
|t:|1781124338
|switch|p1a: Garganacl|Garganacl, F|100/100
|-damage|p1a: Garganacl|88/100|[from] Stealth Rock
|move|p2a: Tinkki Minaj|Thunder Wave|p1a: Garganacl
|-status|p1a: Garganacl|par
|
|-heal|p1a: Garganacl|94/100 par|[from] item: Leftovers
|upkeep
|turn|5
|
|t:|1781124345
|move|p2a: Tinkki Minaj|Gigaton Hammer|p1a: Garganacl
|-supereffective|p1a: Garganacl
|-damage|p1a: Garganacl|39/100 par
|cant|p1a: Garganacl|par
|
|-heal|p1a: Garganacl|45/100 par|[from] item: Leftovers
|upkeep
|turn|6
|j| Arvayne
|
|t:|1781124352
|switch|p2a: Dance Armstrong|Gliscor, M|100/100
|move|p1a: Garganacl|Stealth Rock|p2a: Dance Armstrong
|-sidestart|p2: Slashutu|move: Stealth Rock
|
|-heal|p1a: Garganacl|51/100 par|[from] item: Leftovers
|-status|p2a: Dance Armstrong|tox|[from] item: Toxic Orb
|upkeep
|turn|7
|
|t:|1781124360
|move|p2a: Dance Armstrong|Swords Dance|p2a: Dance Armstrong
|-boost|p2a: Dance Armstrong|atk|2
|move|p1a: Garganacl|Recover|p1a: Garganacl
|-heal|p1a: Garganacl|100/100 par
|
|upkeep
|turn|8
|l| Arvayne
|
|t:|1781124364
|switch|p1a: Samurott|Samurott-Hisui, M|100/100
|-damage|p1a: Samurott|88/100|[from] Stealth Rock
|move|p2a: Dance Armstrong|Knock Off|p1a: Samurott
|-resisted|p1a: Samurott
|-damage|p1a: Samurott|59/100
|-enditem|p1a: Samurott|Choice Scarf|[from] move: Knock Off|[of] p2a: Dance Armstrong
|
|upkeep
|turn|9
|
|t:|1781124374
|move|p2a: Dance Armstrong|Facade|p1a: Samurott
|-damage|p1a: Samurott|0 fnt
|faint|p1a: Samurott
|
|upkeep
|
|t:|1781124379
|switch|p1a: Zamazenta|Zamazenta|100/100 par
|-damage|p1a: Zamazenta|94/100 par|[from] Stealth Rock
|turn|10
|
|t:|1781124383
|switch|p1a: Clefable|Clefable, M|100/100
|move|p2a: Dance Armstrong|Facade|p1a: Clefable
|-damage|p1a: Clefable|78/100
|
|upkeep
|turn|11
|
|t:|1781124397
|move|p2a: Dance Armstrong|Knock Off|p1a: Clefable
|-resisted|p1a: Clefable
|-damage|p1a: Clefable|70/100
|-enditem|p1a: Clefable|Heavy-Duty Boots|[from] move: Knock Off|[of] p2a: Dance Armstrong
|move|p1a: Clefable|Moonblast|p2a: Dance Armstrong
|-damage|p2a: Dance Armstrong|60/100 tox
|
|-heal|p2a: Dance Armstrong|73/100 tox|[from] ability: Poison Heal
|upkeep
|turn|12
|
|t:|1781124404
|move|p2a: Dance Armstrong|Protect|p2a: Dance Armstrong
|-singleturn|p2a: Dance Armstrong|Protect
|move|p1a: Clefable|Moonblast|p2a: Dance Armstrong
|-activate|p2a: Dance Armstrong|move: Protect
|
|-heal|p2a: Dance Armstrong|85/100 tox|[from] ability: Poison Heal
|upkeep
|turn|13
|
|t:|1781124410
|switch|p2a: Tinkki Minaj|Tinkaton, F|100/100
|-damage|p2a: Tinkki Minaj|94/100|[from] Stealth Rock
|-ability|p2a: Tinkki Minaj|Mold Breaker
|-item|p2a: Tinkki Minaj|Air Balloon
|move|p1a: Clefable|Moonblast|p2a: Tinkki Minaj
|-resisted|p2a: Tinkki Minaj
|-damage|p2a: Tinkki Minaj|81/100
|-enditem|p2a: Tinkki Minaj|Air Balloon
|
|upkeep
|turn|14
|
|t:|1781124415
|switch|p1a: Zamazenta|Zamazenta|94/100 par
|-damage|p1a: Zamazenta|88/100 par|[from] Stealth Rock
|move|p2a: Tinkki Minaj|Gigaton Hammer|p1a: Zamazenta
|-damage|p1a: Zamazenta|55/100 par
|
|-heal|p1a: Zamazenta|61/100 par|[from] item: Leftovers
|upkeep
|turn|15
|
|t:|1781124421
|switch|p2a: Dance Armstrong|Gliscor, M|85/100 tox
|-damage|p2a: Dance Armstrong|73/100 tox|[from] Stealth Rock
|move|p1a: Zamazenta|Iron Defense|p1a: Zamazenta
|-boost|p1a: Zamazenta|def|2
|
|-heal|p1a: Zamazenta|67/100 par|[from] item: Leftovers
|-heal|p2a: Dance Armstrong|85/100 tox|[from] ability: Poison Heal
|upkeep
|turn|16
|
|t:|1781124428
|move|p2a: Dance Armstrong|Knock Off|p1a: Zamazenta
|-resisted|p1a: Zamazenta
|-damage|p1a: Zamazenta|63/100 par
|-enditem|p1a: Zamazenta|Leftovers|[from] move: Knock Off|[of] p2a: Dance Armstrong
|cant|p1a: Zamazenta|par
|
|-heal|p2a: Dance Armstrong|98/100 tox|[from] ability: Poison Heal
|upkeep
|turn|17
|
|t:|1781124437
|switch|p2a: Tchavis Scott|Sinistcha-Masterpiece|100/100
|move|p1a: Zamazenta|Iron Defense|p1a: Zamazenta
|-boost|p1a: Zamazenta|def|2
|
|upkeep
|turn|18
|
|t:|1781124444
|move|p2a: Tchavis Scott|Shadow Ball|p1a: Zamazenta
|-damage|p1a: Zamazenta|39/100 par
|move|p1a: Zamazenta|Roar|p2a: Tchavis Scott
|drag|p2a: Jarhead|Ting-Lu|100/100
|-damage|p2a: Jarhead|94/100|[from] Stealth Rock
|-ability|p2a: Jarhead|Vessel of Ruin
|
|-heal|p2a: Jarhead|100/100|[from] item: Leftovers
|upkeep
|turn|19
|
|t:|1781124454
|switch|p2a: Tchavis Scott|Sinistcha-Masterpiece|100/100
|move|p1a: Zamazenta|Roar|p2a: Tchavis Scott
|drag|p2a: My Little Pwny|Keldeo|100/100
|
|upkeep
|turn|20
|
|t:|1781124462
|switch|p2a: Tchavis Scott|Sinistcha-Masterpiece|100/100
|move|p1a: Zamazenta|Body Press|p2a: Tchavis Scott
|-immune|p2a: Tchavis Scott
|
|upkeep
|turn|21
|
|t:|1781124467
|move|p2a: Tchavis Scott|Shadow Ball|p1a: Zamazenta
|-damage|p1a: Zamazenta|15/100 par
|move|p1a: Zamazenta|Roar|p2a: Tchavis Scott
|drag|p2a: Dance Armstrong|Gliscor, M|98/100 tox
|-damage|p2a: Dance Armstrong|85/100 tox|[from] Stealth Rock
|
|-heal|p2a: Dance Armstrong|98/100 tox|[from] ability: Poison Heal
|upkeep
|turn|22
|
|t:|1781124473
|move|p2a: Dance Armstrong|Swords Dance|p2a: Dance Armstrong
|-boost|p2a: Dance Armstrong|atk|2
|move|p1a: Zamazenta|Roar|p2a: Dance Armstrong
|drag|p2a: Secret Service|Dragonite, F|100/100
|
|upkeep
|turn|23
|
|t:|1781124480
|switch|p2a: Tchavis Scott|Sinistcha-Masterpiece|100/100
|move|p1a: Zamazenta|Body Press|p2a: Tchavis Scott
|-immune|p2a: Tchavis Scott
|
|upkeep
|turn|24
|
|t:|1781124486
|move|p2a: Tchavis Scott|Shadow Ball|p1a: Zamazenta
|-damage|p1a: Zamazenta|0 fnt
|faint|p1a: Zamazenta
|
|upkeep
|
|t:|1781124492
|switch|p1a: Clefable|Clefable, M|70/100
|-damage|p1a: Clefable|57/100|[from] Stealth Rock
|turn|25
|
|t:|1781124498
|switch|p2a: Tinkki Minaj|Tinkaton, F|81/100
|-damage|p2a: Tinkki Minaj|74/100|[from] Stealth Rock
|-ability|p2a: Tinkki Minaj|Mold Breaker
|move|p1a: Clefable|Moonlight|p1a: Clefable
|-heal|p1a: Clefable|100/100
|
|upkeep
|turn|26
|
|t:|1781124507
|move|p2a: Tinkki Minaj|Thunder Wave|p1a: Clefable
|-status|p1a: Clefable|par
|move|p1a: Clefable|Thunder Wave|p2a: Tinkki Minaj
|-status|p2a: Tinkki Minaj|par
|
|upkeep
|turn|27
|
|t:|1781124512
|move|p2a: Tinkki Minaj|Gigaton Hammer|p1a: Clefable
|-supereffective|p1a: Clefable
|-damage|p1a: Clefable|37/100 par
|move|p1a: Clefable|Moonblast|p2a: Tinkki Minaj
|-resisted|p2a: Tinkki Minaj
|-damage|p2a: Tinkki Minaj|61/100 par
|-unboost|p2a: Tinkki Minaj|spa|1
|
|upkeep
|turn|28
|
|t:|1781124522
|move|p2a: Tinkki Minaj|Encore|p1a: Clefable
|-start|p1a: Clefable|Encore
|cant|p1a: Clefable|par
|
|upkeep
|turn|29
|
|t:|1781124528
|move|p2a: Tinkki Minaj|Gigaton Hammer|p1a: Clefable
|-supereffective|p1a: Clefable
|-damage|p1a: Clefable|0 fnt
|faint|p1a: Clefable
|
|upkeep
|
|t:|1781124530
|switch|p1a: Garganacl|Garganacl, F|100/100 par
|-damage|p1a: Garganacl|88/100 par|[from] Stealth Rock
|turn|30
|
|t:|1781124540
|switch|p2a: My Little Pwny|Keldeo|100/100
|cant|p1a: Garganacl|par
|
|-heal|p1a: Garganacl|94/100 par|[from] item: Leftovers
|upkeep
|turn|31
|
|t:|1781124560
|move|p2a: My Little Pwny|Surf|p1a: Garganacl
|-supereffective|p1a: Garganacl
|-damage|p1a: Garganacl|30/100 par
|cant|p1a: Garganacl|par
|
|-heal|p1a: Garganacl|37/100 par|[from] item: Leftovers
|upkeep
|turn|32
|
|t:|1781124581
|-terastallize|p1a: Garganacl|Water
|move|p2a: My Little Pwny|Surf|p1a: Garganacl
|-resisted|p1a: Garganacl
|-damage|p1a: Garganacl|22/100 par
|cant|p1a: Garganacl|par
|
|-heal|p1a: Garganacl|28/100 par|[from] item: Leftovers
|upkeep
|turn|33
|
|t:|1781124588
|move|p2a: My Little Pwny|Aura Sphere|p1a: Garganacl
|-damage|p1a: Garganacl|2/100 par
|cant|p1a: Garganacl|par
|
|-heal|p1a: Garganacl|8/100 par|[from] item: Leftovers
|upkeep
|turn|34
|
|t:|1781124593
|move|p2a: My Little Pwny|Surf|p1a: Garganacl
|-resisted|p1a: Garganacl
|-damage|p1a: Garganacl|0 fnt
|faint|p1a: Garganacl
|
|upkeep
|
|t:|1781124597
|switch|p1a: Zapdos|Zapdos|100/100
|turn|35
|
|t:|1781124602
|switch|p2a: Jarhead|Ting-Lu|100/100
|-damage|p2a: Jarhead|94/100|[from] Stealth Rock
|-ability|p2a: Jarhead|Vessel of Ruin
|move|p1a: Zapdos|Hurricane|p2a: Jarhead
|-damage|p2a: Jarhead|76/100
|
|-heal|p2a: Jarhead|82/100|[from] item: Leftovers
|upkeep
|turn|36
|
|t:|1781124612
|move|p1a: Zapdos|Hurricane|p2a: Jarhead|[miss]
|-miss|p1a: Zapdos|p2a: Jarhead
|move|p2a: Jarhead|Spikes|p1a: Zapdos
|-sidestart|p1: KurisuChestnutLab|Spikes
|
|-heal|p2a: Jarhead|88/100|[from] item: Leftovers
|upkeep
|turn|37
|
|t:|1781124618
|move|p1a: Zapdos|Hurricane|p2a: Jarhead|[miss]
|-miss|p1a: Zapdos|p2a: Jarhead
|move|p2a: Jarhead|Ruination|p1a: Zapdos
|-damage|p1a: Zapdos|51/100
|
|-heal|p2a: Jarhead|95/100|[from] item: Leftovers
|upkeep
|turn|38
|
|t:|1781124623
|move|p1a: Zapdos|Roost|p1a: Zapdos
|-heal|p1a: Zapdos|100/100
|-singleturn|p1a: Zapdos|move: Roost
|move|p2a: Jarhead|Spikes|p1a: Zapdos
|-sidestart|p1: KurisuChestnutLab|Spikes
|
|-heal|p2a: Jarhead|100/100|[from] item: Leftovers
|upkeep
|turn|39
|
|t:|1781124629
|move|p1a: Zapdos|Hurricane|p2a: Jarhead|[miss]
|-miss|p1a: Zapdos|p2a: Jarhead
|move|p2a: Jarhead|Ruination|p1a: Zapdos|[miss]
|-miss|p2a: Jarhead|p1a: Zapdos
|
|upkeep
|turn|40
|
|t:|1781124632
|move|p1a: Zapdos|Hurricane|p2a: Jarhead
|-damage|p2a: Jarhead|81/100
|move|p2a: Jarhead|Ruination|p1a: Zapdos
|-damage|p1a: Zapdos|51/100
|
|-heal|p2a: Jarhead|87/100|[from] item: Leftovers
|upkeep
|turn|41
|
|t:|1781124639
|move|p1a: Zapdos|Roost|p1a: Zapdos
|-heal|p1a: Zapdos|100/100
|-singleturn|p1a: Zapdos|move: Roost
|move|p2a: Jarhead|Earthquake|p1a: Zapdos
|-supereffective|p1a: Zapdos
|-damage|p1a: Zapdos|42/100
|
|-heal|p2a: Jarhead|93/100|[from] item: Leftovers
|upkeep
|turn|42
|
|t:|1781124646
|move|p1a: Zapdos|Roost|p1a: Zapdos
|-heal|p1a: Zapdos|92/100
|-singleturn|p1a: Zapdos|move: Roost
|move|p2a: Jarhead|Ruination|p1a: Zapdos
|-damage|p1a: Zapdos|46/100
|
|-heal|p2a: Jarhead|99/100|[from] item: Leftovers
|upkeep
|turn|43
|
|t:|1781124655
|move|p1a: Zapdos|Roost|p1a: Zapdos
|-heal|p1a: Zapdos|97/100
|-singleturn|p1a: Zapdos|move: Roost
|move|p2a: Jarhead|Ruination|p1a: Zapdos
|-damage|p1a: Zapdos|49/100
|
|-heal|p2a: Jarhead|100/100|[from] item: Leftovers
|upkeep
|turn|44
|
|t:|1781124662
|move|p1a: Zapdos|Roost|p1a: Zapdos
|-heal|p1a: Zapdos|99/100
|-singleturn|p1a: Zapdos|move: Roost
|move|p2a: Jarhead|Ruination|p1a: Zapdos
|-damage|p1a: Zapdos|50/100
|
|upkeep
|turn|45
|
|t:|1781124670
|move|p1a: Zapdos|Roost|p1a: Zapdos
|-heal|p1a: Zapdos|99/100
|-singleturn|p1a: Zapdos|move: Roost
|move|p2a: Jarhead|Spikes|p1a: Zapdos
|-sidestart|p1: KurisuChestnutLab|Spikes
|
|upkeep
|turn|46
|
|t:|1781124681
|move|p1a: Zapdos|Hurricane|p2a: Jarhead|[miss]
|-miss|p1a: Zapdos|p2a: Jarhead
|move|p2a: Jarhead|Ruination|p1a: Zapdos|[miss]
|-miss|p2a: Jarhead|p1a: Zapdos
|
|upkeep
|turn|47
|
|t:|1781124687
|move|p1a: Zapdos|Hurricane|p2a: Jarhead|[miss]
|-miss|p1a: Zapdos|p2a: Jarhead
|move|p2a: Jarhead|Ruination|p1a: Zapdos|[miss]
|-miss|p2a: Jarhead|p1a: Zapdos
|
|upkeep
|turn|48
|
|t:|1781124693
|move|p1a: Zapdos|Hurricane|p2a: Jarhead
|-damage|p2a: Jarhead|82/100
|-start|p2a: Jarhead|confusion
|-activate|p2a: Jarhead|confusion
|move|p2a: Jarhead|Ruination|p1a: Zapdos|[miss]
|-miss|p2a: Jarhead|p1a: Zapdos
|
|-heal|p2a: Jarhead|88/100|[from] item: Leftovers
|upkeep
|turn|49
|
|t:|1781124702
|move|p1a: Zapdos|Hurricane|p2a: Jarhead|[miss]
|-miss|p1a: Zapdos|p2a: Jarhead
|-activate|p2a: Jarhead|confusion
|move|p2a: Jarhead|Ruination|p1a: Zapdos
|-damage|p1a: Zapdos|50/100
|
|-heal|p2a: Jarhead|94/100|[from] item: Leftovers
|upkeep
|turn|50
|
|t:|1781124708
|move|p1a: Zapdos|Hurricane|p2a: Jarhead
|-damage|p2a: Jarhead|77/100
|-activate|p2a: Jarhead|confusion
|move|p2a: Jarhead|Whirlwind|p1a: Zapdos
|drag|p1a: Gholdengo|Gholdengo|100/100
|-damage|p1a: Gholdengo|94/100|[from] Stealth Rock
|-damage|p1a: Gholdengo|70/100|[from] Spikes
|
|-heal|p2a: Jarhead|83/100|[from] item: Leftovers
|upkeep
|turn|51
|
|t:|1781124716
|move|p1a: Gholdengo|Shadow Ball|p2a: Jarhead
|-resisted|p2a: Jarhead
|-crit|p2a: Jarhead
|-damage|p2a: Jarhead|69/100
|-unboost|p2a: Jarhead|spd|1
|-activate|p2a: Jarhead|confusion
|-damage|p2a: Jarhead|63/100|[from] confusion
|
|-heal|p2a: Jarhead|69/100|[from] item: Leftovers
|upkeep
|turn|52
|
|t:|1781124723
|switch|p1a: Zapdos|Zapdos|50/100
|-end|p2a: Jarhead|confusion
|move|p2a: Jarhead|Earthquake|p1a: Zapdos
|-immune|p1a: Zapdos
|
|-heal|p2a: Jarhead|75/100|[from] item: Leftovers
|upkeep
|turn|53
|
|t:|1781124732
|move|p1a: Zapdos|Roost|p1a: Zapdos
|-heal|p1a: Zapdos|99/100
|-singleturn|p1a: Zapdos|move: Roost
|move|p2a: Jarhead|Ruination|p1a: Zapdos
|-damage|p1a: Zapdos|50/100
|
|-heal|p2a: Jarhead|81/100|[from] item: Leftovers
|upkeep
|turn|54
|
|t:|1781124746
|move|p1a: Zapdos|Hurricane|p2a: Jarhead|[miss]
|-miss|p1a: Zapdos|p2a: Jarhead
|move|p2a: Jarhead|Whirlwind|p1a: Zapdos
|drag|p1a: Gholdengo|Gholdengo|70/100
|-damage|p1a: Gholdengo|64/100|[from] Stealth Rock
|-damage|p1a: Gholdengo|39/100|[from] Spikes
|
|-heal|p2a: Jarhead|87/100|[from] item: Leftovers
|upkeep
|turn|55
|
|t:|1781124752
|move|p1a: Gholdengo|Shadow Ball|p2a: Jarhead
|-resisted|p2a: Jarhead
|-damage|p2a: Jarhead|75/100
|-unboost|p2a: Jarhead|spd|1
|move|p2a: Jarhead|Earthquake|p1a: Gholdengo
|-supereffective|p1a: Gholdengo
|-damage|p1a: Gholdengo|0 fnt
|faint|p1a: Gholdengo
|
|-heal|p2a: Jarhead|81/100|[from] item: Leftovers
|upkeep
|
|t:|1781124758
|switch|p1a: Zapdos|Zapdos|50/100
|turn|56
|
|t:|1781124768
|switch|p2a: Dance Armstrong|Gliscor, M|98/100 tox
|-damage|p2a: Dance Armstrong|85/100 tox|[from] Stealth Rock
|move|p1a: Zapdos|Hurricane|p2a: Dance Armstrong
|-damage|p2a: Dance Armstrong|32/100 tox
|
|-heal|p2a: Dance Armstrong|45/100 tox|[from] ability: Poison Heal
|upkeep
|turn|57
|
|t:|1781124775
|-terastallize|p2a: Dance Armstrong|Normal
|move|p2a: Dance Armstrong|Facade|p1a: Zapdos
|-damage|p1a: Zapdos|19/100
|move|p1a: Zapdos|Roost|p1a: Zapdos
|-heal|p1a: Zapdos|69/100
|-singleturn|p1a: Zapdos|move: Roost
|
|-heal|p2a: Dance Armstrong|57/100 tox|[from] ability: Poison Heal
|upkeep
|turn|58
|
|t:|1781124786
|move|p2a: Dance Armstrong|Swords Dance|p2a: Dance Armstrong
|-boost|p2a: Dance Armstrong|atk|2
|move|p1a: Zapdos|Hurricane|p2a: Dance Armstrong|[miss]
|-miss|p1a: Zapdos|p2a: Dance Armstrong
|
|-heal|p2a: Dance Armstrong|70/100 tox|[from] ability: Poison Heal
|upkeep
|turn|59
|
|t:|1781124791
|move|p2a: Dance Armstrong|Facade|p1a: Zapdos
|-damage|p1a: Zapdos|0 fnt
|faint|p1a: Zapdos
|
|win|Slashutu
|raw|KurisuChestnutLab's rating: 1582 &rarr; <strong>1561</strong><br />(-21 for losing)
|raw|Slashutu's rating: 1566 &rarr; <strong>1587</strong><br />(+21 for winning)
