|j|‽susik09
|j|☆KurisuChestnutLab
|t:|1781178051
|gametype|singles
|player|p1|susik09|harlequin|1546
|player|p2|KurisuChestnutLab|may-contest|1601
|gen|9
|tier|[Gen 9] OU
|rated|
|rule|HP Percentage Mod: HP is shown in percentages
|rule|Endless Battle Clause: Forcing endless battles is banned
|rule|Species Clause: Limit one of each Pokémon
|rule|OHKO Clause: OHKO moves are banned
|rule|Evasion Items Clause: Evasion items are banned
|rule|Evasion Moves Clause: Evasion moves are banned
|rule|Evasion Abilities Clause: Evasion abilities are banned
|rule|Sleep Moves Clause: Sleep-inducing moves are banned
|clearpoke
|poke|p1|Raging Bolt|
|poke|p1|Rillaboom, M|
|poke|p1|Blissey, F|
|poke|p1|Moltres|
|poke|p1|Great Tusk|
|poke|p1|Garganacl, M|
|poke|p2|Primarina, M|
|poke|p2|Hippowdon, F|
|poke|p2|Skarmory, M|
|poke|p2|Zapdos|
|poke|p2|Dragonite, M|
|poke|p2|Slowking, F|
|teampreview
|
|t:|1781178055
|teamsize|p1|6
|teamsize|p2|6
|start
|switch|p1a: Rillaboom|Rillaboom, M, shiny|100/100
|switch|p2a: Hippowdon|Hippowdon, F|100/100
|-fieldstart|move: Grassy Terrain|[from] ability: Grassy Surge|[of] p1a: Rillaboom
|-weather|Sandstorm|[from] ability: Sand Stream|[of] p2a: Hippowdon
|turn|1
|inactive|Battle timer is ON: inactive players will automatically lose when time's up. (requested by KurisuChestnutLab)
|
|t:|1781178062
|switch|p1a: Garganacl|Garganacl, M|100/100
|move|p2a: Hippowdon|Stealth Rock|p1a: Garganacl
|-sidestart|p1: susik09|move: Stealth Rock
|
|-weather|Sandstorm|[upkeep]
|upkeep
|turn|2
|
|t:|1781178067
|switch|p2a: Slowking|Slowking, F|100/100
|move|p1a: Garganacl|Salt Cure|p2a: Slowking
|-damage|p2a: Slowking|85/100
|-start|p2a: Slowking|Salt Cure
|
|-weather|Sandstorm|[upkeep]
|-damage|p2a: Slowking|79/100|[from] Sandstorm
|-heal|p2a: Slowking|85/100|[from] Grassy Terrain
|-damage|p2a: Slowking|60/100|[from] Salt Cure
|upkeep
|turn|3
|
|t:|1781178072
|move|p1a: Garganacl|Stealth Rock|p2a: Slowking
|-sidestart|p2: KurisuChestnutLab|move: Stealth Rock
|-prepare|p2a: Slowking|Chilly Reception|[premajor]
|move|p2a: Slowking|Chilly Reception|p2a: Slowking
|-weather|Snowscape
|
|t:|1781178075
|switch|p2a: Primarina|Primarina, M|100/100|[from] Chilly Reception
|-damage|p2a: Primarina|88/100|[from] Stealth Rock
|
|-weather|Snowscape|[upkeep]
|-heal|p2a: Primarina|94/100|[from] Grassy Terrain
|upkeep
|turn|4
|
|t:|1781178089
|switch|p1a: Raging Bolt|Raging Bolt|100/100
|-damage|p1a: Raging Bolt|88/100|[from] Stealth Rock
|move|p2a: Primarina|Surf|p1a: Raging Bolt
|-resisted|p1a: Raging Bolt
|-damage|p1a: Raging Bolt|62/100
|
|-weather|Snowscape|[upkeep]
|-heal|p1a: Raging Bolt|69/100|[from] Grassy Terrain
|-heal|p2a: Primarina|99/100|[from] Grassy Terrain
|upkeep
|turn|5
|
|t:|1781178095
|move|p1a: Raging Bolt|Draco Meteor|p2a: Primarina
|-immune|p2a: Primarina
|move|p2a: Primarina|Moonblast|p1a: Raging Bolt
|-supereffective|p1a: Raging Bolt
|-crit|p1a: Raging Bolt
|-damage|p1a: Raging Bolt|0 fnt
|faint|p1a: Raging Bolt
|-end|p1a: Raging Bolt|Protosynthesis|[silent]
|
|-weather|Snowscape|[upkeep]
|-heal|p2a: Primarina|100/100|[from] Grassy Terrain
|-fieldend|move: Grassy Terrain
|upkeep
|
|t:|1781178102
|switch|p1a: Rillaboom|Rillaboom, M, shiny|100/100
|-damage|p1a: Rillaboom|88/100|[from] Stealth Rock
|-fieldstart|move: Grassy Terrain|[from] ability: Grassy Surge|[of] p1a: Rillaboom
|turn|6
|
|t:|1781178106
|switch|p2a: Zapdos|Zapdos|100/100
|move|p1a: Rillaboom|Wood Hammer|p2a: Zapdos
|-resisted|p2a: Zapdos
|-damage|p2a: Zapdos|55/100
|-damage|p1a: Rillaboom|71/100|[from] Recoil
|
|-weather|Snowscape|[upkeep]
|-heal|p1a: Rillaboom|78/100|[from] Grassy Terrain
|upkeep
|turn|7
|
|t:|1781178114
|switch|p1a: Great Tusk|Great Tusk, shiny|100/100
|move|p2a: Zapdos|Hurricane|p1a: Great Tusk
|-supereffective|p1a: Great Tusk
|-damage|p1a: Great Tusk|0 fnt
|faint|p1a: Great Tusk
|-end|p1a: Great Tusk|Protosynthesis|[silent]
|
|-weather|none
|upkeep
|
|t:|1781178118
|switch|p1a: Garganacl|Garganacl, M|100/100
|-damage|p1a: Garganacl|88/100|[from] Stealth Rock
|turn|8
|
|t:|1781178125
|move|p2a: Zapdos|Roost|p2a: Zapdos
|-heal|p2a: Zapdos|100/100
|-singleturn|p2a: Zapdos|move: Roost
|move|p1a: Garganacl|Salt Cure|p2a: Zapdos
|-crit|p2a: Zapdos
|-damage|p2a: Zapdos|84/100
|-start|p2a: Zapdos|Salt Cure
|
|-heal|p2a: Zapdos|90/100|[from] Grassy Terrain
|-heal|p1a: Garganacl|94/100|[from] Grassy Terrain
|-heal|p1a: Garganacl|100/100|[from] item: Leftovers
|-damage|p2a: Zapdos|78/100|[from] Salt Cure
|upkeep
|turn|9
|
|t:|1781178132
|move|p2a: Zapdos|Roost|p2a: Zapdos
|-heal|p2a: Zapdos|100/100
|-singleturn|p2a: Zapdos|move: Roost
|move|p1a: Garganacl|Salt Cure|p2a: Zapdos
|-damage|p2a: Zapdos|90/100
|
|-heal|p2a: Zapdos|96/100|[from] Grassy Terrain
|-damage|p2a: Zapdos|83/100|[from] Salt Cure
|upkeep
|turn|10
|
|t:|1781178136
|switch|p2a: Slowking|Slowking, F|93/100
|move|p1a: Garganacl|Salt Cure|p2a: Slowking
|-damage|p2a: Slowking|78/100
|-start|p2a: Slowking|Salt Cure
|
|-heal|p2a: Slowking|84/100|[from] Grassy Terrain
|-damage|p2a: Slowking|59/100|[from] Salt Cure
|-fieldend|move: Grassy Terrain
|upkeep
|turn|11
|
|t:|1781178142
|move|p1a: Garganacl|Protect|p1a: Garganacl
|-singleturn|p1a: Garganacl|Protect
|-prepare|p2a: Slowking|Chilly Reception|[premajor]
|move|p2a: Slowking|Chilly Reception|p2a: Slowking
|-weather|Snowscape
|
|t:|1781178148
|switch|p2a: Dragonite|Dragonite, M|100/100|[from] Chilly Reception
|
|-weather|Snowscape|[upkeep]
|upkeep
|turn|12
|
|t:|1781178152
|move|p2a: Dragonite|Dragon Dance|p2a: Dragonite
|-boost|p2a: Dragonite|atk|1
|-boost|p2a: Dragonite|spe|1
|move|p1a: Garganacl|Salt Cure|p2a: Dragonite
|-supereffective|p2a: Dragonite
|-damage|p2a: Dragonite|85/100
|-start|p2a: Dragonite|Salt Cure
|
|-weather|Snowscape|[upkeep]
|-damage|p2a: Dragonite|72/100|[from] Salt Cure
|upkeep
|turn|13
|
|t:|1781178156
|move|p1a: Garganacl|Protect|p1a: Garganacl
|-singleturn|p1a: Garganacl|Protect
|move|p2a: Dragonite|Dragon Dance|p2a: Dragonite
|-boost|p2a: Dragonite|atk|1
|-boost|p2a: Dragonite|spe|1
|
|-weather|Snowscape|[upkeep]
|-damage|p2a: Dragonite|60/100|[from] Salt Cure
|upkeep
|turn|14
|
|t:|1781178159
|-terastallize|p1a: Garganacl|Ghost
|move|p2a: Dragonite|Extreme Speed|p1a: Garganacl
|-immune|p1a: Garganacl
|move|p1a: Garganacl|Salt Cure|p2a: Dragonite
|-supereffective|p2a: Dragonite
|-damage|p2a: Dragonite|30/100
|
|-weather|Snowscape|[upkeep]
|-damage|p2a: Dragonite|17/100|[from] Salt Cure
|upkeep
|turn|15
|
|t:|1781178165
|move|p1a: Garganacl|Protect|p1a: Garganacl
|-singleturn|p1a: Garganacl|Protect
|move|p2a: Dragonite|Roost|p2a: Dragonite
|-heal|p2a: Dragonite|67/100
|-singleturn|p2a: Dragonite|move: Roost
|
|-weather|none
|-damage|p2a: Dragonite|55/100|[from] Salt Cure
|upkeep
|turn|16
|
|t:|1781178168
|move|p2a: Dragonite|Roost|p2a: Dragonite
|-heal|p2a: Dragonite|100/100
|-singleturn|p2a: Dragonite|move: Roost
|move|p1a: Garganacl|Salt Cure|p2a: Dragonite
|-damage|p2a: Dragonite|93/100
|
|-damage|p2a: Dragonite|81/100|[from] Salt Cure
|upkeep
|turn|17
|
|t:|1781178172
|move|p2a: Dragonite|Dragon Dance|p2a: Dragonite
|-boost|p2a: Dragonite|atk|1
|-boost|p2a: Dragonite|spe|1
|move|p1a: Garganacl|Salt Cure|p2a: Dragonite
|-supereffective|p2a: Dragonite
|-crit|p2a: Dragonite
|-damage|p2a: Dragonite|32/100
|
|-damage|p2a: Dragonite|19/100|[from] Salt Cure
|upkeep
|turn|18
|
|t:|1781178178
|move|p2a: Dragonite|Roost|p2a: Dragonite
|-heal|p2a: Dragonite|70/100
|-singleturn|p2a: Dragonite|move: Roost
|move|p1a: Garganacl|Salt Cure|p2a: Dragonite
|-damage|p2a: Dragonite|54/100
|
|-damage|p2a: Dragonite|42/100|[from] Salt Cure
|upkeep
|turn|19
|
|t:|1781178183
|move|p2a: Dragonite|Roost|p2a: Dragonite
|-heal|p2a: Dragonite|92/100
|-singleturn|p2a: Dragonite|move: Roost
|move|p1a: Garganacl|Salt Cure|p2a: Dragonite
|-damage|p2a: Dragonite|75/100
|
|-damage|p2a: Dragonite|63/100|[from] Salt Cure
|upkeep
|turn|20
|
|t:|1781178188
|move|p1a: Garganacl|Protect|p1a: Garganacl
|-singleturn|p1a: Garganacl|Protect
|move|p2a: Dragonite|Dragon Dance|p2a: Dragonite
|-boost|p2a: Dragonite|atk|1
|-boost|p2a: Dragonite|spe|1
|
|-damage|p2a: Dragonite|50/100|[from] Salt Cure
|upkeep
|turn|21
|
|t:|1781178194
|move|p2a: Dragonite|Roost|p2a: Dragonite
|-heal|p2a: Dragonite|100/100
|-singleturn|p2a: Dragonite|move: Roost
|move|p1a: Garganacl|Salt Cure|p2a: Dragonite
|-damage|p2a: Dragonite|93/100
|
|-damage|p2a: Dragonite|80/100|[from] Salt Cure
|upkeep
|turn|22
|
|t:|1781178202
|move|p1a: Garganacl|Protect|p1a: Garganacl
|-singleturn|p1a: Garganacl|Protect
|move|p2a: Dragonite|Roost|p2a: Dragonite
|-heal|p2a: Dragonite|100/100
|-singleturn|p2a: Dragonite|move: Roost
|
|-damage|p2a: Dragonite|88/100|[from] Salt Cure
|upkeep
|turn|23
|
|t:|1781178210
|move|p2a: Dragonite|Earthquake|p1a: Garganacl
|-damage|p1a: Garganacl|38/100
|move|p1a: Garganacl|Salt Cure|p2a: Dragonite
|-supereffective|p2a: Dragonite
|-damage|p2a: Dragonite|57/100
|
|-heal|p1a: Garganacl|45/100|[from] item: Leftovers
|-damage|p2a: Dragonite|44/100|[from] Salt Cure
|upkeep
|turn|24
|
|t:|1781178218
|move|p1a: Garganacl|Protect|p1a: Garganacl
|-singleturn|p1a: Garganacl|Protect
|move|p2a: Dragonite|Earthquake|p1a: Garganacl
|-activate|p1a: Garganacl|move: Protect
|
|-heal|p1a: Garganacl|51/100|[from] item: Leftovers
|-damage|p2a: Dragonite|32/100|[from] Salt Cure
|upkeep
|turn|25
|
|t:|1781178223
|switch|p1a: Moltres|Moltres, shiny|100/100
|move|p2a: Dragonite|Roost|p2a: Dragonite
|-heal|p2a: Dragonite|82/100
|-singleturn|p2a: Dragonite|move: Roost
|
|-damage|p2a: Dragonite|70/100|[from] Salt Cure
|upkeep
|turn|26
|
|t:|1781178233
|-terastallize|p2a: Dragonite|Normal
|move|p2a: Dragonite|Extreme Speed|p1a: Moltres
|-damage|p1a: Moltres|5/100
|-status|p2a: Dragonite|brn|[from] ability: Flame Body|[of] p1a: Moltres
|move|p1a: Moltres|Roost|p1a: Moltres
|-heal|p1a: Moltres|55/100
|-singleturn|p1a: Moltres|move: Roost
|
|-damage|p2a: Dragonite|63/100 brn|[from] brn
|-damage|p2a: Dragonite|51/100 brn|[from] Salt Cure
|upkeep
|turn|27
|
|t:|1781178237
|switch|p1a: Garganacl|Garganacl, M, tera:Ghost|51/100
|-damage|p1a: Garganacl|38/100|[from] Stealth Rock
|move|p2a: Dragonite|Extreme Speed|p1a: Garganacl
|-immune|p1a: Garganacl
|
|-heal|p1a: Garganacl|45/100|[from] item: Leftovers
|-damage|p2a: Dragonite|45/100 brn|[from] brn
|-damage|p2a: Dragonite|32/100 brn|[from] Salt Cure
|upkeep
|turn|28
|
|t:|1781178243
|move|p2a: Dragonite|Roost|p2a: Dragonite
|-heal|p2a: Dragonite|83/100 brn
|move|p1a: Garganacl|Recover|p1a: Garganacl
|-heal|p1a: Garganacl|95/100
|
|-heal|p1a: Garganacl|100/100|[from] item: Leftovers
|-damage|p2a: Dragonite|76/100 brn|[from] brn
|-damage|p2a: Dragonite|64/100 brn|[from] Salt Cure
|upkeep
|turn|29
|
|t:|1781178246
|move|p2a: Dragonite|Earthquake|p1a: Garganacl
|-damage|p1a: Garganacl|69/100
|move|p1a: Garganacl|Salt Cure|p2a: Dragonite
|-damage|p2a: Dragonite|50/100 brn
|
|-heal|p1a: Garganacl|75/100|[from] item: Leftovers
|-damage|p2a: Dragonite|44/100 brn|[from] brn
|-damage|p2a: Dragonite|31/100 brn|[from] Salt Cure
|upkeep
|turn|30
|
|t:|1781178254
|move|p2a: Dragonite|Earthquake|p1a: Garganacl
|-damage|p1a: Garganacl|45/100
|move|p1a: Garganacl|Stealth Rock||[still]
|-fail|p1a: Garganacl
|
|-heal|p1a: Garganacl|51/100|[from] item: Leftovers
|-damage|p2a: Dragonite|25/100 brn|[from] brn
|-damage|p2a: Dragonite|13/100 brn|[from] Salt Cure
|upkeep
|turn|31
|
|t:|1781178260
|switch|p2a: Zapdos|Zapdos|83/100
|move|p1a: Garganacl|Protect||[still]
|-fail|p1a: Garganacl
|
|-heal|p1a: Garganacl|57/100|[from] item: Leftovers
|upkeep
|turn|32
|
|t:|1781178265
|move|p2a: Zapdos|Hurricane|p1a: Garganacl|[miss]
|-miss|p2a: Zapdos|p1a: Garganacl
|move|p1a: Garganacl|Recover|p1a: Garganacl
|-heal|p1a: Garganacl|100/100
|
|upkeep
|turn|33
|
|t:|1781178270
|move|p2a: Zapdos|Hurricane|p1a: Garganacl
|-damage|p1a: Garganacl|62/100
|-start|p1a: Garganacl|confusion
|-activate|p1a: Garganacl|confusion
|-damage|p1a: Garganacl|57/100|[from] confusion
|
|-heal|p1a: Garganacl|63/100|[from] item: Leftovers
|upkeep
|turn|34
|
|t:|1781178288
|move|p2a: Zapdos|Hurricane|p1a: Garganacl
|-damage|p1a: Garganacl|19/100
|-activate|p1a: Garganacl|confusion
|-damage|p1a: Garganacl|14/100|[from] confusion
|
|-heal|p1a: Garganacl|20/100|[from] item: Leftovers
|upkeep
|turn|35
|
|t:|1781178293
|-activate|p1a: Garganacl|confusion
|move|p1a: Garganacl|Protect|p1a: Garganacl
|-singleturn|p1a: Garganacl|Protect
|move|p2a: Zapdos|Volt Switch|p1a: Garganacl
|-activate|p1a: Garganacl|move: Protect
|
|-heal|p1a: Garganacl|26/100|[from] item: Leftovers
|upkeep
|turn|36
|
|t:|1781178300
|move|p2a: Zapdos|Hurricane|p1a: Garganacl
|-damage|p1a: Garganacl|0 fnt
|faint|p1a: Garganacl
|
|upkeep
|-message|susik09 forfeited.
|
|win|KurisuChestnutLab
|raw|susik09's rating: 1546 &rarr; <strong>1529</strong><br />(-17 for losing)
|raw|KurisuChestnutLab's rating: 1601 &rarr; <strong>1618</strong><br />(+17 for winning)
|l|‽susik09
|player|p1|
