|j|☆CassiusAuBellossom
|j|☆Archerdadon
|t:|1781543491
|gametype|singles
|player|p1|CassiusAuBellossom|102|1529
|player|p2|Archerdadon|marshal|1553
|gen|9
|tier|[Gen 9] OU
|rated|
|rule|HP Percentage Mod: HP is shown in percentages
|rule|Endless Battle Clause: Forcing endless battles is banned
|rule|Species Clause: Limit one of each Pokémon
|rule|OHKO Clause: OHKO moves are banned
|rule|Evasion Items Clause: Evasion items are banned
|rule|Evasion Moves Clause: Evasion moves are banned
|rule|Evasion Abilities Clause: Evasion abilities are banned
|rule|Sleep Moves Clause: Sleep-inducing moves are banned
|clearpoke
|poke|p1|Pelipper, M|
|poke|p1|Beartic, M|
|poke|p1|Barraskewda, F|
|poke|p1|Zapdos|
|poke|p1|Quaquaval, F|
|poke|p1|Goodra-Hisui, M|
|poke|p2|Dondozo, F|
|poke|p2|Great Tusk|
|poke|p2|Ting-Lu|
|poke|p2|Glimmora, M|
|poke|p2|Primarina, M|
|poke|p2|Hydrapple, M|
|teampreview
|
|t:|1781543498
|teamsize|p1|6
|teamsize|p2|6
|start
|switch|p1a: Armin|Pelipper, M|100/100
|switch|p2a: Glimmora|Glimmora, M|100/100
|-weather|RainDance|[from] ability: Drizzle|[of] p1a: Armin
|turn|1
|inactive|Battle timer is ON: inactive players will automatically lose when time's up. (requested by CassiusAuBellossom)
|
|t:|1781543505
|switch|p1a: Mikasa|Quaquaval, F|100/100
|move|p2a: Glimmora|Power Gem|p1a: Mikasa
|-resisted|p1a: Mikasa
|-damage|p1a: Mikasa|74/100
|
|-weather|RainDance|[upkeep]
|upkeep
|turn|2
|
|t:|1781543518
|move|p2a: Glimmora|Dazzling Gleam|p1a: Mikasa
|-supereffective|p1a: Mikasa
|-damage|p1a: Mikasa|0 fnt
|faint|p1a: Mikasa
|
|-weather|RainDance|[upkeep]
|upkeep
|
|t:|1781543526
|switch|p1a: Zeke|Zapdos|100/100
|turn|3
|
|t:|1781543530
|move|p1a: Zeke|Weather Ball|p2a: Glimmora
|-supereffective|p2a: Glimmora
|-enditem|p2a: Glimmora|Focus Sash
|-damage|p2a: Glimmora|1/100
|move|p2a: Glimmora|Power Gem|p1a: Zeke
|-supereffective|p1a: Zeke
|-damage|p1a: Zeke|40/100
|
|-weather|RainDance|[upkeep]
|upkeep
|turn|4
|
|t:|1781543539
|move|p1a: Zeke|Weather Ball|p2a: Glimmora
|-supereffective|p2a: Glimmora
|-damage|p2a: Glimmora|0 fnt
|faint|p2a: Glimmora
|
|-weather|RainDance|[upkeep]
|upkeep
|
|t:|1781543545
|switch|p2a: Primarina|Primarina, M|100/100
|turn|5
|
|t:|1781543555
|move|p1a: Zeke|Thunder|p2a: Primarina
|-supereffective|p2a: Primarina
|-damage|p2a: Primarina|40/100
|move|p2a: Primarina|Surf|p1a: Zeke
|-damage|p1a: Zeke|0 fnt
|faint|p1a: Zeke
|
|-weather|RainDance|[upkeep]
|upkeep
|
|t:|1781543568
|switch|p1a: Eren|Beartic, M|100/100
|turn|6
|
|t:|1781543574
|switch|p2a: Dondozo|Dondozo, F|100/100
|-terastallize|p1a: Eren|Grass
|move|p1a: Eren|Trailblaze|p2a: Dondozo
|-supereffective|p2a: Dondozo
|-damage|p2a: Dondozo|69/100
|-boost|p1a: Eren|spe|1
|
|-weather|RainDance|[upkeep]
|-heal|p2a: Dondozo|75/100|[from] item: Leftovers
|upkeep
|turn|7
|
|t:|1781543586
|move|p1a: Eren|Trailblaze|p2a: Dondozo
|-supereffective|p2a: Dondozo
|-damage|p2a: Dondozo|46/100
|-boost|p1a: Eren|spe|1
|move|p2a: Dondozo|Curse|p2a: Dondozo
|-unboost|p2a: Dondozo|spe|1
|-boost|p2a: Dondozo|atk|1
|-boost|p2a: Dondozo|def|1
|
|-weather|RainDance|[upkeep]
|-heal|p2a: Dondozo|52/100|[from] item: Leftovers
|upkeep
|turn|8
|
|t:|1781543599
|move|p1a: Eren|Trailblaze|p2a: Dondozo
|-supereffective|p2a: Dondozo
|-damage|p2a: Dondozo|31/100
|-boost|p1a: Eren|spe|1
|move|p2a: Dondozo|Waterfall|p1a: Eren
|-resisted|p1a: Eren
|-damage|p1a: Eren|61/100
|
|-weather|none
|-heal|p2a: Dondozo|37/100|[from] item: Leftovers
|upkeep
|turn|9
|
|t:|1781543610
|switch|p1a: Pieck|Goodra-Hisui, M|100/100
|move|p2a: Dondozo|Rest|p2a: Dondozo
|-status|p2a: Dondozo|slp|[from] move: Rest
|-heal|p2a: Dondozo|100/100 slp|[silent]
|
|upkeep
|turn|10
|
|t:|1781543618
|switch|p2a: Ting-Lu|Ting-Lu|100/100
|-ability|p2a: Ting-Lu|Vessel of Ruin
|move|p1a: Pieck|Draco Meteor|p2a: Ting-Lu
|-damage|p2a: Ting-Lu|75/100
|-unboost|p1a: Pieck|spa|2
|-enditem|p1a: Pieck|Eject Pack
|
|t:|1781543629
|switch|p1a: Armin|Pelipper, M|100/100
|-weather|RainDance|[from] ability: Drizzle|[of] p1a: Armin
|
|-weather|RainDance|[upkeep]
|-heal|p2a: Ting-Lu|81/100|[from] item: Leftovers
|upkeep
|turn|11
|
|t:|1781543636
|move|p2a: Ting-Lu|Stealth Rock|p1a: Armin
|-sidestart|p1: CassiusAuBellossom|move: Stealth Rock
|move|p1a: Armin|U-turn|p2a: Ting-Lu
|-supereffective|p2a: Ting-Lu
|-damage|p2a: Ting-Lu|72/100
|
|t:|1781543644
|switch|p1a: Eren|Beartic, M, tera:Grass|61/100|[from] U-turn
|-damage|p1a: Eren|48/100|[from] Stealth Rock
|
|-weather|RainDance|[upkeep]
|-heal|p2a: Ting-Lu|78/100|[from] item: Leftovers
|upkeep
|turn|12
|
|t:|1781543656
|switch|p2a: Primarina|Primarina, M|40/100
|move|p1a: Eren|Icicle Spear|p2a: Primarina
|-resisted|p2a: Primarina
|-damage|p2a: Primarina|31/100
|-resisted|p2a: Primarina
|-damage|p2a: Primarina|22/100
|-resisted|p2a: Primarina
|-damage|p2a: Primarina|13/100
|-resisted|p2a: Primarina
|-damage|p2a: Primarina|4/100
|-resisted|p2a: Primarina
|-damage|p2a: Primarina|0 fnt
|faint|p2a: Primarina
|-hitcount|p2: Primarina|5
|
|-weather|RainDance|[upkeep]
|upkeep
|
|t:|1781543664
|switch|p2a: Great Tusk|Great Tusk|100/100
|turn|13
|inactive|CassiusAuBellossom has 120 seconds left.
|
|t:|1781543704
|move|p1a: Eren|Icicle Spear|p2a: Great Tusk
|-supereffective|p2a: Great Tusk
|-damage|p2a: Great Tusk|85/100
|-supereffective|p2a: Great Tusk
|-damage|p2a: Great Tusk|70/100
|-supereffective|p2a: Great Tusk
|-damage|p2a: Great Tusk|53/100
|-supereffective|p2a: Great Tusk
|-damage|p2a: Great Tusk|38/100
|-hitcount|p2a: Great Tusk|4
|move|p2a: Great Tusk|Ice Spinner|p1a: Eren
|-supereffective|p1a: Eren
|-damage|p1a: Eren|0 fnt
|faint|p1a: Eren
|
|-weather|RainDance|[upkeep]
|upkeep
|l|☆Archerdadon
|inactive|Archerdadon disconnected and has a minute to reconnect!
|player|p2|
|
|t:|1781543718
|switch|p1a: Levi|Barraskewda, F|100/100
|-damage|p1a: Levi|88/100|[from] Stealth Rock
|turn|14
|j|☆Archerdadon
|inactive|Archerdadon reconnected and has 145 seconds left.
|player|p2|Archerdadon|marshal|
|
|t:|1781543729
|-end|p2a: Great Tusk|Protosynthesis|[silent]
|switch|p2a: Hydrapple|Hydrapple, M|100/100
|move|p1a: Levi|Flip Turn|p2a: Hydrapple
|-resisted|p2a: Hydrapple
|-damage|p2a: Hydrapple|92/100
|-damage|p1a: Levi|72/100|[from] item: Rocky Helmet|[of] p2a: Hydrapple
|
|t:|1781543736
|switch|p1a: Pieck|Goodra-Hisui, M|100/100|[from] Flip Turn
|-damage|p1a: Pieck|94/100|[from] Stealth Rock
|
|-weather|RainDance|[upkeep]
|upkeep
|turn|15
|inactive|CassiusAuBellossom has 120 seconds left.
|
|t:|1781543744
|switch|p2a: Great Tusk|Great Tusk|38/100
|move|p1a: Pieck|Surf|p2a: Great Tusk
|-supereffective|p2a: Great Tusk
|-damage|p2a: Great Tusk|0 fnt
|faint|p2a: Great Tusk
|-end|p2a: Great Tusk|Protosynthesis|[silent]
|
|-weather|RainDance|[upkeep]
|upkeep
|
|t:|1781543748
|switch|p2a: Ting-Lu|Ting-Lu|78/100
|-ability|p2a: Ting-Lu|Vessel of Ruin
|turn|16
|
|t:|1781543759
|switch|p1a: Armin|Pelipper, M|100/100
|-damage|p1a: Armin|75/100|[from] Stealth Rock
|-terastallize|p2a: Ting-Lu|Ghost
|move|p2a: Ting-Lu|Earthquake|p1a: Armin
|-immune|p1a: Armin
|
|-weather|RainDance|[upkeep]
|-heal|p2a: Ting-Lu|84/100|[from] item: Leftovers
|upkeep
|turn|17
|
|t:|1781543770
|move|p2a: Ting-Lu|Payback|p1a: Armin
|-damage|p1a: Armin|60/100
|move|p1a: Armin|Hurricane|p2a: Ting-Lu
|-damage|p2a: Ting-Lu|68/100
|
|-weather|none
|-heal|p2a: Ting-Lu|75/100|[from] item: Leftovers
|upkeep
|turn|18
|
|t:|1781543783
|move|p2a: Ting-Lu|Payback|p1a: Armin
|-damage|p1a: Armin|46/100
|move|p1a: Armin|Ice Beam|p2a: Ting-Lu
|-damage|p2a: Ting-Lu|66/100
|
|-heal|p2a: Ting-Lu|73/100|[from] item: Leftovers
|upkeep
|turn|19
|
|t:|1781543791
|move|p2a: Ting-Lu|Earthquake|p1a: Armin
|-immune|p1a: Armin
|move|p1a: Armin|Roost|p1a: Armin
|-heal|p1a: Armin|96/100
|-singleturn|p1a: Armin|move: Roost
|
|-heal|p2a: Ting-Lu|79/100|[from] item: Leftovers
|upkeep
|turn|20
|
|t:|1781543800
|move|p2a: Ting-Lu|Payback|p1a: Armin
|-damage|p1a: Armin|82/100
|move|p1a: Armin|U-turn|p2a: Ting-Lu
|-resisted|p2a: Ting-Lu
|-damage|p2a: Ting-Lu|76/100
|
|t:|1781543805
|switch|p1a: Levi|Barraskewda, F|72/100|[from] U-turn
|-damage|p1a: Levi|60/100|[from] Stealth Rock
|
|-heal|p2a: Ting-Lu|83/100|[from] item: Leftovers
|upkeep
|turn|21
|
|t:|1781543813
|switch|p2a: Hydrapple|Hydrapple, M|100/100
|move|p1a: Levi|Liquidation|p2a: Hydrapple
|-resisted|p2a: Hydrapple
|-damage|p2a: Hydrapple|93/100
|-unboost|p2a: Hydrapple|def|1
|-damage|p1a: Levi|43/100|[from] item: Rocky Helmet|[of] p2a: Hydrapple
|
|upkeep
|turn|22
|
|t:|1781543822
|switch|p1a: Pieck|Goodra-Hisui, M|94/100
|-damage|p1a: Pieck|88/100|[from] Stealth Rock
|move|p2a: Hydrapple|Fickle Beam|p1a: Pieck|[anim] Fickle Beam All Out
|-activate|p2a: Hydrapple|move: Fickle Beam
|-damage|p1a: Pieck|49/100
|
|upkeep
|turn|23
|
|t:|1781543832
|switch|p2a: Ting-Lu|Ting-Lu, tera:Ghost|83/100
|-ability|p2a: Ting-Lu|Vessel of Ruin
|move|p1a: Pieck|Draco Meteor|p2a: Ting-Lu
|-damage|p2a: Ting-Lu|53/100
|-unboost|p1a: Pieck|spa|2
|
|-heal|p2a: Ting-Lu|59/100|[from] item: Leftovers
|upkeep
|turn|24
|
|t:|1781543846
|switch|p1a: Armin|Pelipper, M|82/100
|-damage|p1a: Armin|57/100|[from] Stealth Rock
|-weather|RainDance|[from] ability: Drizzle|[of] p1a: Armin
|move|p2a: Ting-Lu|Payback|p1a: Armin
|-crit|p1a: Armin
|-damage|p1a: Armin|36/100
|
|-weather|RainDance|[upkeep]
|-heal|p2a: Ting-Lu|65/100|[from] item: Leftovers
|upkeep
|turn|25
|
|t:|1781543857
|move|p2a: Ting-Lu|Payback|p1a: Armin
|-damage|p1a: Armin|21/100
|move|p1a: Armin|Hurricane|p2a: Ting-Lu
|-crit|p2a: Ting-Lu
|-damage|p2a: Ting-Lu|42/100
|
|-weather|RainDance|[upkeep]
|-heal|p2a: Ting-Lu|48/100|[from] item: Leftovers
|upkeep
|turn|26
|
|t:|1781543865
|move|p2a: Ting-Lu|Payback|p1a: Armin
|-damage|p1a: Armin|8/100
|move|p1a: Armin|Roost|p1a: Armin
|-heal|p1a: Armin|58/100
|-singleturn|p1a: Armin|move: Roost
|
|-weather|RainDance|[upkeep]
|-heal|p2a: Ting-Lu|54/100|[from] item: Leftovers
|upkeep
|turn|27
|
|t:|1781543874
|move|p2a: Ting-Lu|Payback|p1a: Armin
|-damage|p1a: Armin|45/100
|move|p1a: Armin|Hurricane|p2a: Ting-Lu
|-damage|p2a: Ting-Lu|40/100
|
|-weather|RainDance|[upkeep]
|-heal|p2a: Ting-Lu|46/100|[from] item: Leftovers
|upkeep
|turn|28
|
|t:|1781543882
|move|p2a: Ting-Lu|Rest|p2a: Ting-Lu
|-status|p2a: Ting-Lu|slp|[from] move: Rest
|-heal|p2a: Ting-Lu|100/100 slp|[silent]
|move|p1a: Armin|Hurricane|p2a: Ting-Lu
|-damage|p2a: Ting-Lu|85/100 slp
|
|-weather|RainDance|[upkeep]
|-heal|p2a: Ting-Lu|91/100 slp|[from] item: Leftovers
|upkeep
|turn|29
|
|t:|1781543900
|cant|p2a: Ting-Lu|slp
|move|p1a: Armin|U-turn|p2a: Ting-Lu
|-resisted|p2a: Ting-Lu
|-damage|p2a: Ting-Lu|88/100 slp
|l|☆Archerdadon
|inactive|Archerdadon disconnected and has a minute to reconnect!
|player|p2|
|
|t:|1781543904
|switch|p1a: Levi|Barraskewda, F|43/100|[from] U-turn
|-damage|p1a: Levi|31/100|[from] Stealth Rock
|
|-weather|RainDance|[upkeep]
|-heal|p2a: Ting-Lu|95/100 slp|[from] item: Leftovers
|upkeep
|turn|30
|j|☆Archerdadon
|inactive|Archerdadon reconnected and has 145 seconds left.
|player|p2|Archerdadon|marshal|
|
|t:|1781543914
|switch|p2a: Hydrapple|Hydrapple, M|100/100
|move|p1a: Levi|Flip Turn|p2a: Hydrapple
|-resisted|p2a: Hydrapple
|-damage|p2a: Hydrapple|93/100
|-damage|p1a: Levi|15/100|[from] item: Rocky Helmet|[of] p2a: Hydrapple
|
|t:|1781543922
|switch|p1a: Pieck|Goodra-Hisui, M|49/100|[from] Flip Turn
|-damage|p1a: Pieck|43/100|[from] Stealth Rock
|
|-weather|RainDance|[upkeep]
|upkeep
|turn|31
|
|t:|1781543934
|switch|p2a: Ting-Lu|Ting-Lu, tera:Ghost|95/100 slp
|-ability|p2a: Ting-Lu|Vessel of Ruin
|move|p1a: Pieck|Draco Meteor|p2a: Ting-Lu
|-damage|p2a: Ting-Lu|68/100 slp
|-unboost|p1a: Pieck|spa|2
|
|-weather|none
|-heal|p2a: Ting-Lu|74/100 slp|[from] item: Leftovers
|upkeep
|turn|32
|
|t:|1781543947
|switch|p1a: Armin|Pelipper, M|45/100
|-damage|p1a: Armin|20/100|[from] Stealth Rock
|-weather|RainDance|[from] ability: Drizzle|[of] p1a: Armin
|cant|p2a: Ting-Lu|slp
|
|-weather|RainDance|[upkeep]
|-heal|p2a: Ting-Lu|80/100 slp|[from] item: Leftovers
|upkeep
|turn|33
|
|t:|1781543957
|-curestatus|p2a: Ting-Lu|slp|[msg]
|move|p2a: Ting-Lu|Payback|p1a: Armin
|-damage|p1a: Armin|7/100
|move|p1a: Armin|Roost|p1a: Armin
|-heal|p1a: Armin|57/100
|-singleturn|p1a: Armin|move: Roost
|
|-weather|RainDance|[upkeep]
|-heal|p2a: Ting-Lu|86/100|[from] item: Leftovers
|upkeep
|turn|34
|
|t:|1781543969
|move|p2a: Ting-Lu|Payback|p1a: Armin
|-damage|p1a: Armin|42/100
|move|p1a: Armin|Ice Beam|p2a: Ting-Lu
|-damage|p2a: Ting-Lu|79/100
|
|-weather|RainDance|[upkeep]
|-heal|p2a: Ting-Lu|85/100|[from] item: Leftovers
|upkeep
|turn|35
|
|t:|1781543977
|move|p2a: Ting-Lu|Payback|p1a: Armin
|-damage|p1a: Armin|28/100
|move|p1a: Armin|Ice Beam|p2a: Ting-Lu
|-damage|p2a: Ting-Lu|76/100
|
|-weather|RainDance|[upkeep]
|-heal|p2a: Ting-Lu|82/100|[from] item: Leftovers
|upkeep
|turn|36
|
|t:|1781543987
|move|p2a: Ting-Lu|Stealth Rock||[still]
|-fail|p2a: Ting-Lu
|move|p1a: Armin|Roost|p1a: Armin
|-heal|p1a: Armin|78/100
|-singleturn|p1a: Armin|move: Roost
|
|-weather|RainDance|[upkeep]
|-heal|p2a: Ting-Lu|88/100|[from] item: Leftovers
|upkeep
|turn|37
|
|t:|1781543996
|move|p2a: Ting-Lu|Stealth Rock||[still]
|-fail|p2a: Ting-Lu
|move|p1a: Armin|Ice Beam|p2a: Ting-Lu
|-damage|p2a: Ting-Lu|80/100
|
|-weather|RainDance|[upkeep]
|-heal|p2a: Ting-Lu|86/100|[from] item: Leftovers
|upkeep
|turn|38
|
|t:|1781544009
|move|p2a: Ting-Lu|Rest|p2a: Ting-Lu
|-status|p2a: Ting-Lu|slp|[from] move: Rest
|-heal|p2a: Ting-Lu|100/100 slp|[silent]
|move|p1a: Armin|Ice Beam|p2a: Ting-Lu
|-damage|p2a: Ting-Lu|92/100 slp
|
|-weather|RainDance|[upkeep]
|-heal|p2a: Ting-Lu|98/100 slp|[from] item: Leftovers
|upkeep
|turn|39
|
|t:|1781544024
|cant|p2a: Ting-Lu|slp
|move|p1a: Armin|Hurricane|p2a: Ting-Lu
|-damage|p2a: Ting-Lu|83/100 slp
|
|-weather|none
|-heal|p2a: Ting-Lu|89/100 slp|[from] item: Leftovers
|upkeep
|turn|40
|
|t:|1781544034
|cant|p2a: Ting-Lu|slp
|move|p1a: Armin|Hurricane|p2a: Ting-Lu
|-damage|p2a: Ting-Lu|74/100 slp
|
|-heal|p2a: Ting-Lu|80/100 slp|[from] item: Leftovers
|upkeep
|turn|41
|
|t:|1781544042
|-curestatus|p2a: Ting-Lu|slp|[msg]
|move|p2a: Ting-Lu|Stealth Rock||[still]
|-fail|p2a: Ting-Lu
|move|p1a: Armin|Hurricane|p2a: Ting-Lu|[miss]
|-miss|p1a: Armin|p2a: Ting-Lu
|
|-heal|p2a: Ting-Lu|86/100|[from] item: Leftovers
|upkeep
|turn|42
|
|t:|1781544052
|move|p2a: Ting-Lu|Stealth Rock||[still]
|-fail|p2a: Ting-Lu
|move|p1a: Armin|Ice Beam|p2a: Ting-Lu
|-damage|p2a: Ting-Lu|78/100
|
|-heal|p2a: Ting-Lu|84/100|[from] item: Leftovers
|upkeep
|turn|43
|
|t:|1781544060
|move|p2a: Ting-Lu|Stealth Rock||[still]
|-fail|p2a: Ting-Lu
|move|p1a: Armin|Ice Beam|p2a: Ting-Lu
|-damage|p2a: Ting-Lu|75/100
|
|-heal|p2a: Ting-Lu|81/100|[from] item: Leftovers
|upkeep
|turn|44
|
|t:|1781544067
|move|p2a: Ting-Lu|Stealth Rock||[still]
|-fail|p2a: Ting-Lu
|move|p1a: Armin|Ice Beam|p2a: Ting-Lu
|-damage|p2a: Ting-Lu|74/100
|
|-heal|p2a: Ting-Lu|80/100|[from] item: Leftovers
|upkeep
|turn|45
|
|t:|1781544075
|move|p2a: Ting-Lu|Stealth Rock||[still]
|-fail|p2a: Ting-Lu
|move|p1a: Armin|Ice Beam|p2a: Ting-Lu
|-damage|p2a: Ting-Lu|72/100
|
|-heal|p2a: Ting-Lu|78/100|[from] item: Leftovers
|upkeep
|turn|46
|
|t:|1781544082
|move|p2a: Ting-Lu|Stealth Rock||[still]
|-fail|p2a: Ting-Lu
|move|p1a: Armin|Ice Beam|p2a: Ting-Lu
|-damage|p2a: Ting-Lu|70/100
|
|-heal|p2a: Ting-Lu|76/100|[from] item: Leftovers
|upkeep
|turn|47
|
|t:|1781544090
|move|p2a: Ting-Lu|Stealth Rock||[still]
|-fail|p2a: Ting-Lu
|move|p1a: Armin|Ice Beam|p2a: Ting-Lu
|-damage|p2a: Ting-Lu|68/100
|
|-heal|p2a: Ting-Lu|74/100|[from] item: Leftovers
|upkeep
|turn|48
|
|t:|1781544098
|move|p2a: Ting-Lu|Stealth Rock||[still]
|-fail|p2a: Ting-Lu
|move|p1a: Armin|Ice Beam|p2a: Ting-Lu
|-damage|p2a: Ting-Lu|66/100
|
|-heal|p2a: Ting-Lu|73/100|[from] item: Leftovers
|upkeep
|turn|49
|
|t:|1781544106
|switch|p2a: Dondozo|Dondozo, F|100/100 slp
|move|p1a: Armin|Ice Beam|p2a: Dondozo
|-resisted|p2a: Dondozo
|-damage|p2a: Dondozo|92/100 slp
|
|-heal|p2a: Dondozo|98/100 slp|[from] item: Leftovers
|upkeep
|turn|50
|
|t:|1781544115
|switch|p2a: Ting-Lu|Ting-Lu, tera:Ghost|73/100
|-ability|p2a: Ting-Lu|Vessel of Ruin
|move|p1a: Armin|U-turn|p2a: Ting-Lu
|-resisted|p2a: Ting-Lu
|-damage|p2a: Ting-Lu|70/100
|
|t:|1781544121
|switch|p1a: Pieck|Goodra-Hisui, M|43/100|[from] U-turn
|-damage|p1a: Pieck|37/100|[from] Stealth Rock
|
|-heal|p2a: Ting-Lu|76/100|[from] item: Leftovers
|upkeep
|turn|51
|
|t:|1781544128
|switch|p1a: Armin|Pelipper, M|78/100
|-damage|p1a: Armin|53/100|[from] Stealth Rock
|-weather|RainDance|[from] ability: Drizzle|[of] p1a: Armin
|move|p2a: Ting-Lu|Earthquake|p1a: Armin
|-immune|p1a: Armin
|
|-weather|RainDance|[upkeep]
|-heal|p2a: Ting-Lu|82/100|[from] item: Leftovers
|upkeep
|turn|52
|
|t:|1781544139
|move|p2a: Ting-Lu|Payback|p1a: Armin
|-damage|p1a: Armin|39/100
|move|p1a: Armin|Ice Beam|p2a: Ting-Lu
|-damage|p2a: Ting-Lu|75/100
|
|-weather|RainDance|[upkeep]
|-heal|p2a: Ting-Lu|81/100|[from] item: Leftovers
|upkeep
|turn|53
|
|t:|1781544148
|move|p2a: Ting-Lu|Payback|p1a: Armin
|-damage|p1a: Armin|25/100
|move|p1a: Armin|Ice Beam|p2a: Ting-Lu
|-damage|p2a: Ting-Lu|73/100
|
|-weather|RainDance|[upkeep]
|-heal|p2a: Ting-Lu|79/100|[from] item: Leftovers
|upkeep
|turn|54
|
|t:|1781544156
|move|p2a: Ting-Lu|Payback|p1a: Armin
|-damage|p1a: Armin|10/100
|move|p1a: Armin|Ice Beam|p2a: Ting-Lu
|-damage|p2a: Ting-Lu|70/100
|
|-weather|RainDance|[upkeep]
|-heal|p2a: Ting-Lu|77/100|[from] item: Leftovers
|upkeep
|turn|55
|-message|CassiusAuBellossom forfeited.
|
|win|Archerdadon
|raw|CassiusAuBellossom's rating: 1529 &rarr; <strong>1510</strong><br />(-19 for losing)
|raw|Archerdadon's rating: 1553 &rarr; <strong>1572</strong><br />(+19 for winning)
|l|☆CassiusAuBellossom
|player|p1|
|l|☆Archerdadon
|player|p2|
