|j|☆I'm evil and spicy
|j|☆BugCatcherWeevil
|t:|1781075570
|gametype|singles
|player|p1|I'm evil and spicy|266|1537
|player|p2|BugCatcherWeevil|266|1594
|gen|9
|tier|[Gen 9] OU
|rated|
|rule|HP Percentage Mod: HP is shown in percentages
|rule|Endless Battle Clause: Forcing endless battles is banned
|rule|Species Clause: Limit one of each Pokémon
|rule|OHKO Clause: OHKO moves are banned
|rule|Evasion Items Clause: Evasion items are banned
|rule|Evasion Moves Clause: Evasion moves are banned
|rule|Evasion Abilities Clause: Evasion abilities are banned
|rule|Sleep Moves Clause: Sleep-inducing moves are banned
|clearpoke
|poke|p1|Iron Valiant|
|poke|p1|Ninetales-Alola, F|
|poke|p1|Raging Bolt|
|poke|p1|Great Tusk|
|poke|p1|Ogerpon-Wellspring, F|
|poke|p1|Gholdengo|
|poke|p2|Weavile, M|
|poke|p2|Moltres|
|poke|p2|Hoopa-Unbound|
|poke|p2|Enamorus, F|
|poke|p2|Iron Treads|
|poke|p2|Zamazenta-*|
|teampreview
|
|t:|1781075584
|teamsize|p1|6
|teamsize|p2|6
|start
|switch|p1a: Ninetales|Ninetales-Alola, F|100/100
|switch|p2a: Enamorus|Enamorus, F|100/100
|-weather|Snowscape|[from] ability: Snow Warning|[of] p1a: Ninetales
|turn|1
|j| ILoveGardevoirRah
|
|t:|1781075592
|move|p2a: Enamorus|Mystical Fire|p1a: Ninetales
|-supereffective|p1a: Ninetales
|-damage|p1a: Ninetales|48/100
|-unboost|p1a: Ninetales|spa|1
|move|p1a: Ninetales|Aurora Veil|p1a: Ninetales
|-sidestart|p1: I'm evil and spicy|move: Aurora Veil
|
|-weather|Snowscape|[upkeep]
|upkeep
|turn|2
|
|t:|1781075605
|switch|p1a: Ogerpon|Ogerpon-Wellspring, F|100/100
|move|p2a: Enamorus|Mystical Fire|p1a: Ogerpon
|-damage|p1a: Ogerpon|84/100
|-unboost|p1a: Ogerpon|spa|1
|
|-weather|Snowscape|[upkeep]
|upkeep
|turn|3
|c| ILoveGardevoirRah|hello, friend!
|
|t:|1781075614
|switch|p2a: Zamazenta|Zamazenta|100/100
|-ability|p2a: Zamazenta|Dauntless Shield|boost
|-boost|p2a: Zamazenta|def|1
|move|p1a: Ogerpon|Swords Dance|p1a: Ogerpon
|-boost|p1a: Ogerpon|atk|2
|
|-weather|Snowscape|[upkeep]
|upkeep
|turn|4
|
|t:|1781075619
|move|p1a: Ogerpon|Ivy Cudgel|p2a: Zamazenta|[anim] Ivy Cudgel Water
|-damage|p2a: Zamazenta|35/100
|move|p2a: Zamazenta|Roar|p1a: Ogerpon
|drag|p1a: Ninetales|Ninetales-Alola, F|48/100
|
|-weather|Snowscape|[upkeep]
|-heal|p2a: Zamazenta|41/100|[from] item: Leftovers
|upkeep
|turn|5
|
|t:|1781075631
|switch|p1a: Gholdengo|Gholdengo|100/100
|move|p2a: Zamazenta|Stone Edge|p1a: Gholdengo|[miss]
|-miss|p2a: Zamazenta|p1a: Gholdengo
|
|-weather|none
|-heal|p2a: Zamazenta|47/100|[from] item: Leftovers
|upkeep
|turn|6
|
|t:|1781075640
|switch|p2a: Hoopa|Hoopa-Unbound|100/100
|move|p1a: Gholdengo|Nasty Plot|p1a: Gholdengo
|-boost|p1a: Gholdengo|spa|2
|
|upkeep
|turn|7
|
|t:|1781075649
|move|p1a: Gholdengo|Make It Rain|p2a: Hoopa
|-damage|p2a: Hoopa|16/100
|-unboost|p1a: Gholdengo|spa|1
|move|p2a: Hoopa|Knock Off|p1a: Gholdengo
|-supereffective|p1a: Gholdengo
|-damage|p1a: Gholdengo|47/100
|-enditem|p1a: Gholdengo|Metal Coat|[from] move: Knock Off|[of] p2a: Hoopa
|
|upkeep
|turn|8
|
|t:|1781075660
|switch|p2a: Iron Treads|Iron Treads|100/100
|move|p1a: Gholdengo|Shadow Ball|p2a: Iron Treads
|-damage|p2a: Iron Treads|0 fnt
|faint|p2a: Iron Treads
|-end|p2a: Iron Treads|Quark Drive|[silent]
|
|-sideend|p1: I'm evil and spicy|move: Aurora Veil
|upkeep
|
|t:|1781075669
|switch|p2a: Weavile|Weavile, M|100/100
|-ability|p2a: Weavile|Pressure
|turn|9
|
|t:|1781075679
|move|p2a: Weavile|Beat Up|p1a: Gholdengo
|-supereffective|p1a: Gholdengo
|-damage|p1a: Gholdengo|20/100
|-supereffective|p1a: Gholdengo
|-damage|p1a: Gholdengo|0 fnt
|faint|p1a: Gholdengo
|-hitcount|p1: Gholdengo|2
|
|upkeep
|
|t:|1781075700
|switch|p1a: Ninetales|Ninetales-Alola, F|48/100
|-weather|Snowscape|[from] ability: Snow Warning|[of] p1a: Ninetales
|turn|10
|
|t:|1781075704
|-terastallize|p2a: Weavile|Dark
|move|p2a: Weavile|Beat Up|p1a: Ninetales
|-resisted|p1a: Ninetales
|-crit|p1a: Ninetales
|-damage|p1a: Ninetales|38/100
|-resisted|p1a: Ninetales
|-damage|p1a: Ninetales|32/100
|-resisted|p1a: Ninetales
|-damage|p1a: Ninetales|25/100
|-resisted|p1a: Ninetales
|-damage|p1a: Ninetales|16/100
|-resisted|p1a: Ninetales
|-damage|p1a: Ninetales|10/100
|-hitcount|p1a: Ninetales|5
|move|p1a: Ninetales|Aurora Veil|p1a: Ninetales
|-sidestart|p1: I'm evil and spicy|move: Aurora Veil
|
|-weather|Snowscape|[upkeep]
|upkeep
|turn|11
|
|t:|1781075723
|switch|p1a: Iron Valiant|Iron Valiant|100/100
|-enditem|p1a: Iron Valiant|Booster Energy
|-activate|p1a: Iron Valiant|ability: Quark Drive|[fromitem]
|-start|p1a: Iron Valiant|quarkdrivespe
|move|p2a: Weavile|Beat Up|p1a: Iron Valiant
|-resisted|p1a: Iron Valiant
|-damage|p1a: Iron Valiant|98/100
|-resisted|p1a: Iron Valiant
|-damage|p1a: Iron Valiant|95/100
|-resisted|p1a: Iron Valiant
|-damage|p1a: Iron Valiant|93/100
|-resisted|p1a: Iron Valiant
|-damage|p1a: Iron Valiant|89/100
|-resisted|p1a: Iron Valiant
|-damage|p1a: Iron Valiant|87/100
|-hitcount|p1a: Iron Valiant|5
|
|-weather|Snowscape|[upkeep]
|upkeep
|turn|12
|
|t:|1781075737
|switch|p2a: Moltres|Moltres|100/100
|move|p1a: Iron Valiant|Calm Mind|p1a: Iron Valiant
|-boost|p1a: Iron Valiant|spa|1
|-boost|p1a: Iron Valiant|spd|1
|
|-weather|Snowscape|[upkeep]
|upkeep
|turn|13
|
|t:|1781075749
|move|p1a: Iron Valiant|Shadow Ball|p2a: Moltres
|-damage|p2a: Moltres|58/100
|move|p2a: Moltres|Will-O-Wisp|p1a: Iron Valiant|[miss]
|-miss|p2a: Moltres|p1a: Iron Valiant
|
|-weather|Snowscape|[upkeep]
|upkeep
|turn|14
|
|t:|1781075769
|move|p1a: Iron Valiant|Calm Mind|p1a: Iron Valiant
|-boost|p1a: Iron Valiant|spa|1
|-boost|p1a: Iron Valiant|spd|1
|move|p2a: Moltres|Flamethrower|p1a: Iron Valiant
|-damage|p1a: Iron Valiant|71/100
|
|-weather|none
|upkeep
|turn|15
|c| ILoveGardevoirRah|doesn't Ival clean?
|
|t:|1781075786
|move|p1a: Iron Valiant|Shadow Ball|p2a: Moltres
|-damage|p2a: Moltres|9/100
|-unboost|p2a: Moltres|spd|1
|move|p2a: Moltres|Flamethrower|p1a: Iron Valiant
|-damage|p1a: Iron Valiant|54/100
|
|upkeep
|turn|16
|
|t:|1781075796
|move|p1a: Iron Valiant|Shadow Ball|p2a: Moltres
|-damage|p2a: Moltres|0 fnt
|faint|p2a: Moltres
|
|upkeep
|
|t:|1781075810
|switch|p2a: Hoopa|Hoopa-Unbound|16/100
|turn|17
|
|t:|1781075820
|move|p1a: Iron Valiant|Moonblast|p2a: Hoopa
|-supereffective|p2a: Hoopa
|-damage|p2a: Hoopa|0 fnt
|faint|p2a: Hoopa
|
|-sideend|p1: I'm evil and spicy|move: Aurora Veil
|upkeep
|
|t:|1781075828
|switch|p2a: Weavile|Weavile, M, tera:Dark|100/100
|-ability|p2a: Weavile|Pressure
|turn|18
|
|t:|1781075832
|move|p2a: Weavile|Ice Shard|p1a: Iron Valiant
|-damage|p1a: Iron Valiant|13/100
|move|p1a: Iron Valiant|Moonblast|p2a: Weavile
|-supereffective|p2a: Weavile
|-damage|p2a: Weavile|0 fnt
|faint|p2a: Weavile
|
|upkeep
|-message|BugCatcherWeevil forfeited.
|
|win|I'm evil and spicy
|raw|I&apos;m evil and spicy's rating: 1537 &rarr; <strong>1560</strong><br />(+23 for winning)
|raw|BugCatcherWeevil's rating: 1594 &rarr; <strong>1571</strong><br />(-23 for losing)
|l|☆BugCatcherWeevil
|player|p2|
|c| ILoveGardevoirRah|unknown
|c| ILoveGardevoirRah|what's up?
|c|☆I'm evil and spicy|I'm doing well, thanks
|c|☆I'm evil and spicy|I haven't played in a bit
|c| ILoveGardevoirRah|hahaha
|c| ILoveGardevoirRah|I'm sure you know who this is
|c|☆I'm evil and spicy|Yeah kek
|l| ILoveGardevoirRah
|l|☆I'm evil and spicy
|player|p1|
