|j|☆veronyl
|j|‽antonitaly
|t:|1781545200
|gametype|singles
|player|p1|veronyl|palmer|1529
|player|p2|antonitaly|nate|1531
|gen|9
|tier|[Gen 9] OU
|rated|
|rule|HP Percentage Mod: HP is shown in percentages
|rule|Endless Battle Clause: Forcing endless battles is banned
|rule|Species Clause: Limit one of each Pokémon
|rule|OHKO Clause: OHKO moves are banned
|rule|Evasion Items Clause: Evasion items are banned
|rule|Evasion Moves Clause: Evasion moves are banned
|rule|Evasion Abilities Clause: Evasion abilities are banned
|rule|Sleep Moves Clause: Sleep-inducing moves are banned
|clearpoke
|poke|p1|Glaceon, F|
|poke|p1|Ninetales-Alola, F|
|poke|p1|Basculegion-F, F|
|poke|p1|Ogerpon-Wellspring, F|
|poke|p1|Iron Treads|
|poke|p1|Weavile, F|
|poke|p2|Darkrai|
|poke|p2|Kingambit, F|
|poke|p2|Ogerpon-Wellspring, F|
|poke|p2|Zamazenta-*|
|poke|p2|Glimmora, F|
|poke|p2|Iron Valiant|
|teampreview
|inactive|Battle timer is ON: inactive players will automatically lose when time's up. (requested by veronyl)
|
|t:|1781545206
|teamsize|p1|6
|teamsize|p2|6
|start
|switch|p1a: Basculegion|Basculegion-F, F|100/100
|switch|p2a: Darkrai|Darkrai|100/100
|turn|1
|
|t:|1781545211
|move|p1a: Basculegion|Flip Turn|p2a: Darkrai
|-damage|p2a: Darkrai|70/100
|
|t:|1781545214
|switch|p1a: Weavile|Weavile, F|100/100|[from] Flip Turn
|-ability|p1a: Weavile|Pressure
|move|p2a: Darkrai|Dark Pulse|p1a: Weavile
|-resisted|p1a: Weavile
|-damage|p1a: Weavile|72/100
|
|upkeep
|turn|2
|
|t:|1781545224
|switch|p1a: Basculegion|Basculegion-F, F|100/100
|switch|p2a: Zamazenta|Zamazenta|100/100
|-ability|p2a: Zamazenta|Dauntless Shield|boost
|-boost|p2a: Zamazenta|def|1
|
|upkeep
|turn|3
|
|t:|1781545232
|move|p1a: Basculegion|Surf|p2a: Zamazenta
|-damage|p2a: Zamazenta|54/100
|move|p2a: Zamazenta|Crunch|p1a: Basculegion
|-supereffective|p1a: Basculegion
|-damage|p1a: Basculegion|37/100
|
|-heal|p2a: Zamazenta|60/100|[from] item: Leftovers
|upkeep
|turn|4
|
|t:|1781545240
|move|p1a: Basculegion|Surf|p2a: Zamazenta
|-damage|p2a: Zamazenta|13/100
|move|p2a: Zamazenta|Crunch|p1a: Basculegion
|-supereffective|p1a: Basculegion
|-damage|p1a: Basculegion|0 fnt
|faint|p1a: Basculegion
|
|-heal|p2a: Zamazenta|19/100|[from] item: Leftovers
|upkeep
|
|t:|1781545245
|switch|p1a: Ogerpon|Ogerpon-Wellspring, F|100/100
|turn|5
|
|t:|1781545250
|move|p2a: Zamazenta|Body Press|p1a: Ogerpon
|-damage|p1a: Ogerpon|29/100
|move|p1a: Ogerpon|Horn Leech|p2a: Zamazenta
|-damage|p2a: Zamazenta|0 fnt
|-heal|p1a: Ogerpon|40/100|[from] drain|[of] p2a: Zamazenta
|faint|p2a: Zamazenta
|
|upkeep
|
|t:|1781545259
|switch|p2a: Darkrai|Darkrai|70/100
|turn|6
|
|t:|1781545264
|switch|p1a: Iron Treads|Iron Treads|100/100
|move|p2a: Darkrai|Sludge Bomb|p1a: Iron Treads
|-immune|p1a: Iron Treads
|
|upkeep
|turn|7
|
|t:|1781545270
|move|p2a: Darkrai|Focus Blast|p1a: Iron Treads|[miss]
|-miss|p2a: Darkrai|p1a: Iron Treads
|move|p1a: Iron Treads|Earthquake|p2a: Darkrai
|-damage|p2a: Darkrai|0 fnt
|faint|p2a: Darkrai
|
|upkeep
|
|t:|1781545278
|switch|p2a: Ogerpon|Ogerpon-Wellspring, F|100/100
|turn|8
|
|t:|1781545282
|-end|p1a: Iron Treads|Quark Drive|[silent]
|switch|p1a: Ogerpon|Ogerpon-Wellspring, F|40/100
|move|p2a: Ogerpon|Low Kick|p1a: Ogerpon
|-damage|p1a: Ogerpon|8/100
|
|upkeep
|turn|9
|
|t:|1781545288
|move|p2a: Ogerpon|Horn Leech|p1a: Ogerpon
|-damage|p1a: Ogerpon|0 fnt
|faint|p1a: Ogerpon
|
|upkeep
|
|t:|1781545291
|switch|p1a: Ninetales|Ninetales-Alola, F|100/100
|-weather|Snowscape|[from] ability: Snow Warning|[of] p1a: Ninetales
|turn|10
|
|t:|1781545301
|-terastallize|p2a: Ogerpon|Water
|detailschange|p2a: Ogerpon|Ogerpon-Wellspring-Tera, F, tera:Water
|-ability|p2a: Ogerpon|Embody Aspect (Wellspring)|boost
|-boost|p2a: Ogerpon|spd|1
|move|p2a: Ogerpon|Ivy Cudgel|p1a: Ninetales|[anim] Ivy Cudgel Water
|-damage|p1a: Ninetales|34/100
|move|p1a: Ninetales|Aurora Veil|p1a: Ninetales
|-sidestart|p1: veronyl|move: Aurora Veil
|
|-weather|Snowscape|[upkeep]
|upkeep
|turn|11
|
|t:|1781545310
|move|p2a: Ogerpon|Ivy Cudgel|p1a: Ninetales|[anim] Ivy Cudgel Water
|-crit|p1a: Ninetales
|-damage|p1a: Ninetales|0 fnt
|faint|p1a: Ninetales
|
|-weather|Snowscape|[upkeep]
|upkeep
|
|t:|1781545312
|switch|p1a: Glaceon|Glaceon, F|100/100
|turn|12
|
|t:|1781545321
|move|p2a: Ogerpon|Low Kick|p1a: Glaceon
|-supereffective|p1a: Glaceon
|-damage|p1a: Glaceon|85/100
|move|p1a: Glaceon|Freeze-Dry|p2a: Ogerpon
|-supereffective|p2a: Ogerpon
|-damage|p2a: Ogerpon|9/100
|
|-weather|Snowscape|[upkeep]
|-heal|p1a: Glaceon|91/100|[from] ability: Ice Body
|upkeep
|turn|13
|
|t:|1781545331
|switch|p2a: Glimmora|Glimmora, F|100/100
|move|p1a: Glaceon|Freeze-Dry|p2a: Glimmora
|-damage|p2a: Glimmora|15/100
|-status|p2a: Glimmora|frz
|-enditem|p2a: Glimmora|Red Card|[of] p1a: Glaceon
|drag|p1a: Weavile|Weavile, F|72/100
|-ability|p1a: Weavile|Pressure
|
|-weather|Snowscape|[upkeep]
|upkeep
|turn|14
|
|t:|1781545342
|move|p1a: Weavile|Triple Axel|p2a: Glimmora
|-damage|p2a: Glimmora|2/100 frz
|-activate|p2a: Glimmora|ability: Toxic Debris
|-sidestart|p1: veronyl|move: Toxic Spikes
|-damage|p2a: Glimmora|0 fnt
|-activate|p2a: Glimmora|ability: Toxic Debris
|-sidestart|p1: veronyl|move: Toxic Spikes
|faint|p2a: Glimmora
|-hitcount|p2: Glimmora|2
|
|-weather|none
|upkeep
|
|t:|1781545353
|switch|p2a: Iron Valiant|Iron Valiant|100/100
|-enditem|p2a: Iron Valiant|Booster Energy
|-activate|p2a: Iron Valiant|ability: Quark Drive|[fromitem]
|-start|p2a: Iron Valiant|quarkdrivespe
|turn|15
|
|t:|1781545363
|switch|p1a: Iron Treads|Iron Treads|100/100
|move|p2a: Iron Valiant|Moonblast|p1a: Iron Treads
|-resisted|p1a: Iron Treads
|-damage|p1a: Iron Treads|89/100
|
|upkeep
|turn|16
|
|t:|1781545371
|move|p2a: Iron Valiant|Vacuum Wave|p1a: Iron Treads
|-supereffective|p1a: Iron Treads
|-damage|p1a: Iron Treads|69/100
|move|p1a: Iron Treads|Heavy Slam|p2a: Iron Valiant
|-supereffective|p2a: Iron Valiant
|-damage|p2a: Iron Valiant|0 fnt
|faint|p2a: Iron Valiant
|-end|p2a: Iron Valiant|Quark Drive|[silent]
|
|upkeep
|
|t:|1781545378
|switch|p2a: Ogerpon|Ogerpon-Wellspring-Tera, F, tera:Water|9/100
|-ability|p2a: Ogerpon|Embody Aspect (Wellspring)|boost
|-boost|p2a: Ogerpon|spd|1
|turn|17
|
|t:|1781545385
|move|p2a: Ogerpon|Horn Leech|p1a: Iron Treads
|-damage|p1a: Iron Treads|50/100
|-heal|p2a: Ogerpon|19/100|[from] drain|[of] p1a: Iron Treads
|move|p1a: Iron Treads|Rapid Spin|p2a: Ogerpon
|-damage|p2a: Ogerpon|0 fnt
|-boost|p1a: Iron Treads|spe|1
|-sideend|p1: veronyl|Toxic Spikes|[from] move: Rapid Spin|[of] p1a: Iron Treads
|faint|p2a: Ogerpon
|detailschange|p2: Ogerpon|Ogerpon-Wellspring, F|[silent]
|
|-sideend|p1: veronyl|move: Aurora Veil
|upkeep
|
|t:|1781545395
|switch|p2a: Kingambit|Kingambit, F|100/100
|-activate|p2a: Kingambit|ability: Supreme Overlord
|-start|p2a: Kingambit|fallen5|[silent]
|-item|p2a: Kingambit|Air Balloon
|turn|18
|
|t:|1781545401
|move|p1a: Iron Treads|Ice Spinner|p2a: Kingambit
|-resisted|p2a: Kingambit
|-damage|p2a: Kingambit|91/100
|-enditem|p2a: Kingambit|Air Balloon
|move|p2a: Kingambit|Kowtow Cleave|p1a: Iron Treads
|-damage|p1a: Iron Treads|0 fnt
|faint|p1a: Iron Treads
|-end|p1a: Iron Treads|Quark Drive|[silent]
|
|upkeep
|
|t:|1781545403
|switch|p1a: Weavile|Weavile, F|72/100
|-ability|p1a: Weavile|Pressure
|turn|19
|
|t:|1781545412
|move|p1a: Weavile|Low Kick|p2a: Kingambit
|-supereffective|p2a: Kingambit
|-damage|p2a: Kingambit|1/100
|move|p2a: Kingambit|Iron Head|p1a: Weavile
|-supereffective|p1a: Weavile
|-damage|p1a: Weavile|0 fnt
|faint|p1a: Weavile
|
|upkeep
|
|t:|1781545416
|switch|p1a: Glaceon|Glaceon, F|91/100
|turn|20
|
|t:|1781545421
|move|p2a: Kingambit|Sucker Punch|p1a: Glaceon
|-damage|p1a: Glaceon|31/100
|move|p1a: Glaceon|Alluring Voice|p2a: Kingambit
|-damage|p2a: Kingambit|0 fnt
|faint|p2a: Kingambit
|-end|p2a: Kingambit|fallen5|[silent]
|
|win|veronyl
|raw|veronyl's rating: 1529 &rarr; <strong>1549</strong><br />(+20 for winning)
|raw|antonitaly's rating: 1531 &rarr; <strong>1511</strong><br />(-20 for losing)
|l|‽antonitaly
|player|p2|
|l|☆veronyl
|player|p1|
