|j|☆Zapppy_Bird
|j|☆waybuloo
|t:|1781202291
|gametype|singles
|player|p1|Zapppy_Bird|n|1565
|player|p2|waybuloo|erika-gen1rb|1522
|gen|9
|tier|[Gen 9] OU
|rated|
|rule|HP Percentage Mod: HP is shown in percentages
|rule|Endless Battle Clause: Forcing endless battles is banned
|rule|Species Clause: Limit one of each Pokémon
|rule|OHKO Clause: OHKO moves are banned
|rule|Evasion Items Clause: Evasion items are banned
|rule|Evasion Moves Clause: Evasion moves are banned
|rule|Evasion Abilities Clause: Evasion abilities are banned
|rule|Sleep Moves Clause: Sleep-inducing moves are banned
|clearpoke
|poke|p1|Chandelure, M|
|poke|p1|Ogerpon-Wellspring, F|
|poke|p1|Corviknight, F|
|poke|p1|Zamazenta-*|
|poke|p1|Weezing-Galar, F|
|poke|p1|Ting-Lu|
|poke|p2|Tyranitar, M|
|poke|p2|Excadrill, M|
|poke|p2|Iron Valiant|
|poke|p2|Moltres|
|poke|p2|Chesnaught, F|
|poke|p2|Kingambit, M|
|teampreview
|inactive|Battle timer is ON: inactive players will automatically lose when time's up. (requested by Zapppy_Bird)
|
|t:|1781202310
|teamsize|p1|6
|teamsize|p2|6
|start
|switch|p1a: Weezing|Weezing-Galar, F|100/100
|switch|p2a: Iron Valiant|Iron Valiant|100/100
|-ability|p1a: Weezing|Neutralizing Gas
|turn|1
|
|t:|1781202317
|-end|p2a: Iron Valiant|Quark Drive|[silent]
|switch|p2a: Moltres|Moltres|100/100
|move|p1a: Weezing|Will-O-Wisp|p2a: Moltres
|-immune|p2a: Moltres
|
|upkeep
|turn|2
|
|t:|1781202319
|-end|p1a: Weezing|ability: Neutralizing Gas
|switch|p1a: Chandelure|Chandelure, M|100/100
|move|p2a: Moltres|U-turn|p1a: Chandelure
|-resisted|p1a: Chandelure
|-damage|p1a: Chandelure|95/100
|
|t:|1781202325
|switch|p2a: Iron Valiant|Iron Valiant|100/100|[from] U-turn
|
|upkeep
|turn|3
|
|t:|1781202331
|move|p2a: Iron Valiant|Knock Off|p1a: Chandelure
|-supereffective|p1a: Chandelure
|-damage|p1a: Chandelure|0 fnt
|-enditem|p1a: Chandelure|Choice Specs|[from] move: Knock Off|[of] p2a: Iron Valiant
|faint|p1a: Chandelure
|
|upkeep
|
|t:|1781202335
|switch|p1a: Weezing|Weezing-Galar, F|100/100
|-ability|p1a: Weezing|Neutralizing Gas
|turn|4
|
|t:|1781202361
|-end|p2a: Iron Valiant|Quark Drive|[silent]
|switch|p2a: Moltres|Moltres|100/100
|move|p1a: Weezing|Sludge Bomb|p2a: Moltres
|-damage|p2a: Moltres|82/100
|
|upkeep
|turn|5
|
|t:|1781202368
|move|p2a: Moltres|Flamethrower|p1a: Weezing
|-damage|p1a: Weezing|47/100
|move|p1a: Weezing|Sludge Bomb|p2a: Moltres
|-damage|p2a: Moltres|62/100
|
|upkeep
|turn|6
|
|t:|1781202386
|-end|p1a: Weezing|ability: Neutralizing Gas
|switch|p1a: Ting-Lu|Ting-Lu|100/100
|-ability|p1a: Ting-Lu|Vessel of Ruin
|move|p2a: Moltres|Flamethrower|p1a: Ting-Lu
|-damage|p1a: Ting-Lu|85/100
|-status|p1a: Ting-Lu|brn
|
|-heal|p1a: Ting-Lu|91/100 brn|[from] item: Leftovers
|-damage|p1a: Ting-Lu|85/100 brn|[from] brn
|upkeep
|turn|7
|
|t:|1781202392
|move|p2a: Moltres|U-turn|p1a: Ting-Lu
|-supereffective|p1a: Ting-Lu
|-damage|p1a: Ting-Lu|70/100 brn
|inactive|waybuloo has 120 seconds left.
|
|t:|1781202421
|switch|p2a: Iron Valiant|Iron Valiant|100/100|[from] U-turn
|move|p1a: Ting-Lu|Stealth Rock|p2a: Iron Valiant
|-sidestart|p2: waybuloo|move: Stealth Rock
|
|-heal|p1a: Ting-Lu|76/100 brn|[from] item: Leftovers
|-damage|p1a: Ting-Lu|70/100 brn|[from] brn
|upkeep
|turn|8
|
|t:|1781202430
|move|p2a: Iron Valiant|Trick|p1a: Ting-Lu
|-activate|p2a: Iron Valiant|move: Trick|[of] p1a: Ting-Lu
|-item|p1a: Ting-Lu|Choice Band|[from] move: Trick
|-item|p2a: Iron Valiant|Leftovers|[from] move: Trick
|move|p1a: Ting-Lu|Ruination|p2a: Iron Valiant|[miss]
|-miss|p1a: Ting-Lu|p2a: Iron Valiant
|
|-damage|p1a: Ting-Lu|64/100 brn|[from] brn
|upkeep
|turn|9
|inactive|waybuloo has 120 seconds left.
|
|t:|1781202478
|switch|p1a: Weezing|Weezing-Galar, F|47/100
|-ability|p1a: Weezing|Neutralizing Gas
|move|p2a: Iron Valiant|Close Combat|p1a: Weezing
|-resisted|p1a: Weezing
|-damage|p1a: Weezing|38/100
|-unboost|p2a: Iron Valiant|def|1
|-unboost|p2a: Iron Valiant|spd|1
|
|upkeep
|turn|10
|
|t:|1781202487
|-end|p2a: Iron Valiant|Quark Drive|[silent]
|switch|p2a: Moltres|Moltres|62/100
|move|p1a: Weezing|Pain Split|p2a: Moltres
|-sethp|p2a: Moltres|47/100|[from] move: Pain Split|[silent]
|-sethp|p1a: Weezing|54/100|[from] move: Pain Split
|
|upkeep
|turn|11
|
|t:|1781202494
|-end|p1a: Weezing|ability: Neutralizing Gas
|switch|p1a: Ting-Lu|Ting-Lu|64/100 brn
|-ability|p1a: Ting-Lu|Vessel of Ruin
|move|p2a: Moltres|Roost|p2a: Moltres
|-heal|p2a: Moltres|98/100
|-singleturn|p2a: Moltres|move: Roost
|
|-damage|p1a: Ting-Lu|58/100 brn|[from] brn
|upkeep
|turn|12
|
|t:|1781202506
|move|p2a: Moltres|Flamethrower|p1a: Ting-Lu
|-damage|p1a: Ting-Lu|41/100 brn
|move|p1a: Ting-Lu|Earthquake|p2a: Moltres
|-immune|p2a: Moltres
|
|-damage|p1a: Ting-Lu|35/100 brn|[from] brn
|upkeep
|turn|13
|
|t:|1781202512
|move|p2a: Moltres|Flamethrower|p1a: Ting-Lu
|-damage|p1a: Ting-Lu|20/100 brn
|move|p1a: Ting-Lu|Earthquake|p2a: Moltres
|-immune|p2a: Moltres
|
|-damage|p1a: Ting-Lu|14/100 brn|[from] brn
|upkeep
|turn|14
|
|t:|1781202514
|move|p2a: Moltres|Flamethrower|p1a: Ting-Lu
|-crit|p1a: Ting-Lu
|-damage|p1a: Ting-Lu|0 fnt
|faint|p1a: Ting-Lu
|
|upkeep
|
|t:|1781202518
|switch|p1a: Ogerpon|Ogerpon-Wellspring, F|100/100
|turn|15
|
|t:|1781202522
|move|p1a: Ogerpon|Swords Dance|p1a: Ogerpon
|-boost|p1a: Ogerpon|atk|2
|move|p2a: Moltres|U-turn|p1a: Ogerpon
|-supereffective|p1a: Ogerpon
|-damage|p1a: Ogerpon|65/100
|
|t:|1781202524
|switch|p2a: Chesnaught|Chesnaught, F|100/100|[from] U-turn
|-damage|p2a: Chesnaught|94/100|[from] Stealth Rock
|
|upkeep
|turn|16
|
|t:|1781202528
|move|p1a: Ogerpon|U-turn|p2a: Chesnaught
|-damage|p2a: Chesnaught|63/100
|-damage|p1a: Ogerpon|48/100|[from] item: Rocky Helmet|[of] p2a: Chesnaught
|
|t:|1781202532
|switch|p1a: Weezing|Weezing-Galar, F|54/100|[from] U-turn
|-ability|p1a: Weezing|Neutralizing Gas
|move|p2a: Chesnaught|Body Press|p1a: Weezing
|-resisted|p1a: Weezing
|-damage|p1a: Weezing|47/100
|
|upkeep
|turn|17
|
|t:|1781202542
|switch|p2a: Tyranitar|Tyranitar, M|100/100
|-damage|p2a: Tyranitar|88/100|[from] Stealth Rock
|move|p1a: Weezing|Strange Steam|p2a: Tyranitar
|-supereffective|p2a: Tyranitar
|-damage|p2a: Tyranitar|37/100
|
|upkeep
|turn|18
|
|t:|1781202549
|move|p2a: Tyranitar|Stealth Rock|p1a: Weezing
|-sidestart|p1: Zapppy_Bird|move: Stealth Rock
|move|p1a: Weezing|Strange Steam|p2a: Tyranitar
|-supereffective|p2a: Tyranitar
|-damage|p2a: Tyranitar|0 fnt
|faint|p2a: Tyranitar
|
|upkeep
|
|t:|1781202553
|switch|p2a: Excadrill|Excadrill, M|100/100
|-damage|p2a: Excadrill|97/100|[from] Stealth Rock
|-item|p2a: Excadrill|Air Balloon
|turn|19
|
|t:|1781202564
|move|p2a: Excadrill|Earthquake|p1a: Weezing
|-supereffective|p1a: Weezing
|-damage|p1a: Weezing|0 fnt
|faint|p1a: Weezing
|-end|p1a: Weezing|ability: Neutralizing Gas
|
|upkeep
|
|t:|1781202570
|switch|p1a: Ogerpon|Ogerpon-Wellspring, F|48/100
|-damage|p1a: Ogerpon|36/100|[from] Stealth Rock
|turn|20
|
|t:|1781202577
|-terastallize|p2a: Excadrill|Ghost
|move|p1a: Ogerpon|Ivy Cudgel|p2a: Excadrill|[anim] Ivy Cudgel Water
|-crit|p2a: Excadrill
|-damage|p2a: Excadrill|0 fnt
|-enditem|p2a: Excadrill|Air Balloon
|faint|p2a: Excadrill
|
|upkeep
|
|t:|1781202582
|switch|p2a: Chesnaught|Chesnaught, F|63/100
|-damage|p2a: Chesnaught|57/100|[from] Stealth Rock
|turn|21
|
|t:|1781202587
|switch|p1a: Corviknight|Corviknight, F|100/100
|-damage|p1a: Corviknight|88/100|[from] Stealth Rock
|-ability|p1a: Corviknight|Pressure
|move|p2a: Chesnaught|Synthesis|p2a: Chesnaught
|-heal|p2a: Chesnaught|100/100
|
|upkeep
|turn|22
|
|t:|1781202598
|switch|p2a: Moltres|Moltres|98/100
|move|p1a: Corviknight|Defog|p2a: Moltres
|-unboost|p2a: Moltres|evasion|1
|-sideend|p2: waybuloo|Stealth Rock|[from] move: Defog|[of] p1a: Corviknight
|-sideend|p1: Zapppy_Bird|Stealth Rock|[from] move: Defog|[of] p1a: Corviknight
|
|upkeep
|turn|23
|
|t:|1781202610
|-terastallize|p1a: Corviknight|Dragon
|move|p2a: Moltres|Flamethrower|p1a: Corviknight
|-resisted|p1a: Corviknight
|-damage|p1a: Corviknight|70/100
|move|p1a: Corviknight|U-turn|p2a: Moltres
|-resisted|p2a: Moltres
|-damage|p2a: Moltres|94/100
|
|t:|1781202616
|switch|p1a: Ogerpon|Ogerpon-Wellspring, F|36/100|[from] U-turn
|
|upkeep
|turn|24
|
|t:|1781202624
|move|p1a: Ogerpon|Ivy Cudgel|p2a: Moltres|[anim] Ivy Cudgel Water
|-supereffective|p2a: Moltres
|-damage|p2a: Moltres|0 fnt
|faint|p2a: Moltres
|
|upkeep
|
|t:|1781202630
|switch|p2a: Chesnaught|Chesnaught, F|100/100
|turn|25
|
|t:|1781202633
|switch|p1a: Corviknight|Corviknight, F, tera:Dragon|70/100
|-ability|p1a: Corviknight|Pressure
|move|p2a: Chesnaught|Body Press|p1a: Corviknight
|-damage|p1a: Corviknight|43/100
|-damage|p2a: Chesnaught|84/100|[from] item: Rocky Helmet|[of] p1a: Corviknight
|
|upkeep
|turn|26
|
|t:|1781202640
|switch|p2a: Kingambit|Kingambit, M|100/100
|-activate|p2a: Kingambit|ability: Supreme Overlord
|-start|p2a: Kingambit|fallen3|[silent]
|move|p1a: Corviknight|Roost|p1a: Corviknight
|-heal|p1a: Corviknight|93/100
|
|upkeep
|turn|27
|
|t:|1781202647
|move|p2a: Kingambit|Kowtow Cleave|p1a: Corviknight
|-damage|p1a: Corviknight|56/100
|-damage|p2a: Kingambit|84/100|[from] item: Rocky Helmet|[of] p1a: Corviknight
|move|p1a: Corviknight|U-turn|p2a: Kingambit
|-damage|p2a: Kingambit|72/100
|
|t:|1781202653
|switch|p1a: Zamazenta|Zamazenta|100/100|[from] U-turn
|-ability|p1a: Zamazenta|Dauntless Shield|boost
|-boost|p1a: Zamazenta|def|1
|
|-heal|p2a: Kingambit|78/100|[from] item: Leftovers
|upkeep
|turn|28
|
|t:|1781202665
|-end|p2a: Kingambit|fallen3|[silent]
|switch|p2a: Chesnaught|Chesnaught, F|84/100
|move|p1a: Zamazenta|Iron Defense|p1a: Zamazenta
|-boost|p1a: Zamazenta|def|2
|
|upkeep
|turn|29
|
|t:|1781202668
|move|p1a: Zamazenta|Iron Defense|p1a: Zamazenta
|-boost|p1a: Zamazenta|def|2
|move|p2a: Chesnaught|Iron Defense|p2a: Chesnaught
|-boost|p2a: Chesnaught|def|2
|
|upkeep
|turn|30
|
|t:|1781202673
|move|p1a: Zamazenta|Body Press|p2a: Chesnaught
|-damage|p2a: Chesnaught|52/100
|-damage|p1a: Zamazenta|84/100|[from] item: Rocky Helmet|[of] p2a: Chesnaught
|move|p2a: Chesnaught|Synthesis|p2a: Chesnaught
|-heal|p2a: Chesnaught|100/100
|
|-heal|p1a: Zamazenta|90/100|[from] item: Leftovers
|upkeep
|turn|31
|
|t:|1781202676
|move|p1a: Zamazenta|Body Press|p2a: Chesnaught
|-damage|p2a: Chesnaught|71/100
|-damage|p1a: Zamazenta|73/100|[from] item: Rocky Helmet|[of] p2a: Chesnaught
|move|p2a: Chesnaught|Knock Off|p1a: Zamazenta
|-resisted|p1a: Zamazenta
|-damage|p1a: Zamazenta|70/100
|-enditem|p1a: Zamazenta|Leftovers|[from] move: Knock Off|[of] p2a: Chesnaught
|
|upkeep
|turn|32
|
|t:|1781202678
|switch|p1a: Corviknight|Corviknight, F, tera:Dragon|56/100
|-ability|p1a: Corviknight|Pressure
|move|p2a: Chesnaught|Synthesis|p2a: Chesnaught
|-heal|p2a: Chesnaught|100/100
|
|upkeep
|turn|33
|
|t:|1781202682
|move|p1a: Corviknight|Brave Bird|p2a: Chesnaught
|-supereffective|p2a: Chesnaught
|-damage|p2a: Chesnaught|56/100
|-damage|p1a: Corviknight|39/100|[from] item: Rocky Helmet|[of] p2a: Chesnaught
|-damage|p1a: Corviknight|25/100|[from] Recoil
|move|p2a: Chesnaught|Iron Defense|p2a: Chesnaught
|-boost|p2a: Chesnaught|def|2
|
|upkeep
|turn|34
|
|t:|1781202686
|move|p1a: Corviknight|Brave Bird|p2a: Chesnaught
|-supereffective|p2a: Chesnaught
|-damage|p2a: Chesnaught|30/100
|-damage|p1a: Corviknight|9/100|[from] item: Rocky Helmet|[of] p2a: Chesnaught
|-damage|p1a: Corviknight|0 fnt|[from] Recoil
|faint|p1a: Corviknight
|move|p2a: Chesnaught|Synthesis|p2a: Chesnaught
|-heal|p2a: Chesnaught|80/100
|
|upkeep
|-message|Zapppy_Bird forfeited.
|
|win|waybuloo
|raw|Zapppy_Bird's rating: 1565 &rarr; <strong>1541</strong><br />(-24 for losing)
|raw|waybuloo's rating: 1500 &rarr; <strong>1524</strong><br />(+24 for winning)
|l|☆Zapppy_Bird
|player|p1|
|l|☆waybuloo
|player|p2|
