|j|☆Kogasscarf
|j|☆sawquarete
|t:|1781496344
|gametype|singles
|player|p1|Kogasscarf|koga|1616
|player|p2|sawquarete|li|1594
|gen|9
|tier|[Gen 9] OU
|rated|
|rule|HP Percentage Mod: HP is shown in percentages
|rule|Endless Battle Clause: Forcing endless battles is banned
|rule|Species Clause: Limit one of each Pokémon
|rule|OHKO Clause: OHKO moves are banned
|rule|Evasion Items Clause: Evasion items are banned
|rule|Evasion Moves Clause: Evasion moves are banned
|rule|Evasion Abilities Clause: Evasion abilities are banned
|rule|Sleep Moves Clause: Sleep-inducing moves are banned
|clearpoke
|poke|p1|Iron Hands|
|poke|p1|Latios, M|
|poke|p1|Kingambit, M|
|poke|p1|Iron Moth|
|poke|p1|Great Tusk|
|poke|p1|Grimmsnarl, M|
|poke|p2|Great Tusk|
|poke|p2|Kingambit, M|
|poke|p2|Gholdengo|
|poke|p2|Ting-Lu|
|poke|p2|Alomomola, F|
|poke|p2|Zamazenta-*|
|teampreview
|
|t:|1781496350
|teamsize|p1|6
|teamsize|p2|6
|start
|switch|p1a: Grimmsnarl|Grimmsnarl, M|100/100
|switch|p2a: Gholdengo|Gholdengo|100/100
|-item|p2a: Gholdengo|Air Balloon
|turn|1
|inactive|Battle timer is ON: inactive players will automatically lose when time's up. (requested by Kogasscarf)
|
|t:|1781496359
|move|p1a: Grimmsnarl|Light Screen|p1a: Grimmsnarl
|-sidestart|p1: Kogasscarf|move: Light Screen
|move|p2a: Gholdengo|Thunder Wave|p1a: Grimmsnarl
|-status|p1a: Grimmsnarl|par
|
|upkeep
|turn|2
|
|t:|1781496367
|switch|p2a: Ting-Lu|Ting-Lu|100/100
|-ability|p2a: Ting-Lu|Vessel of Ruin
|switch|p1a: Iron Hands|Iron Hands|100/100
|
|upkeep
|turn|3
|
|t:|1781496377
|move|p1a: Iron Hands|Swords Dance|p1a: Iron Hands
|-boost|p1a: Iron Hands|atk|2
|move|p2a: Ting-Lu|Ruination|p1a: Iron Hands
|-damage|p1a: Iron Hands|51/100
|
|upkeep
|turn|4
|
|t:|1781496397
|switch|p2a: Zamazenta|Zamazenta|100/100
|-ability|p2a: Zamazenta|Dauntless Shield|boost
|-boost|p2a: Zamazenta|def|1
|move|p1a: Iron Hands|Drain Punch|p2a: Zamazenta
|-damage|p2a: Zamazenta|53/100
|-heal|p1a: Iron Hands|71/100|[from] drain|[of] p2a: Zamazenta
|
|-heal|p2a: Zamazenta|60/100|[from] item: Leftovers
|upkeep
|turn|5
|
|t:|1781496408
|move|p2a: Zamazenta|Iron Defense|p2a: Zamazenta
|-boost|p2a: Zamazenta|def|2
|move|p1a: Iron Hands|Thunder Punch|p2a: Zamazenta
|-damage|p2a: Zamazenta|29/100
|
|-heal|p2a: Zamazenta|36/100|[from] item: Leftovers
|upkeep
|turn|6
|
|t:|1781496412
|move|p2a: Zamazenta|Body Press|p1a: Iron Hands
|-damage|p1a: Iron Hands|9/100
|move|p1a: Iron Hands|Drain Punch|p2a: Zamazenta
|-damage|p2a: Zamazenta|7/100
|-heal|p1a: Iron Hands|21/100|[from] drain|[of] p2a: Zamazenta
|
|-heal|p2a: Zamazenta|13/100|[from] item: Leftovers
|upkeep
|turn|7
|
|t:|1781496417
|move|p2a: Zamazenta|Body Press|p1a: Iron Hands
|-damage|p1a: Iron Hands|0 fnt
|faint|p1a: Iron Hands
|-end|p1a: Iron Hands|Quark Drive|[silent]
|
|-heal|p2a: Zamazenta|19/100|[from] item: Leftovers
|upkeep
|
|t:|1781496420
|switch|p1a: Iron Moth|Iron Moth|100/100
|-enditem|p1a: Iron Moth|Booster Energy
|-activate|p1a: Iron Moth|ability: Quark Drive|[fromitem]
|-start|p1a: Iron Moth|quarkdrivespe
|turn|8
|
|t:|1781496427
|-terastallize|p2a: Zamazenta|Fire
|move|p1a: Iron Moth|Energy Ball|p2a: Zamazenta
|-resisted|p2a: Zamazenta
|-damage|p2a: Zamazenta|7/100
|move|p2a: Zamazenta|Roar|p1a: Iron Moth
|-end|p1a: Iron Moth|Quark Drive|[silent]
|drag|p1a: Great Tusk|Great Tusk|100/100
|
|-heal|p2a: Zamazenta|14/100|[from] item: Leftovers
|-sideend|p1: Kogasscarf|move: Light Screen
|upkeep
|turn|9
|
|t:|1781496439
|move|p2a: Zamazenta|Body Press|p1a: Great Tusk
|-damage|p1a: Great Tusk|37/100
|move|p1a: Great Tusk|Rapid Spin|p2a: Zamazenta
|-damage|p2a: Zamazenta|9/100
|-boost|p1a: Great Tusk|spe|1
|
|-heal|p2a: Zamazenta|15/100|[from] item: Leftovers
|upkeep
|turn|10
|
|t:|1781496452
|switch|p2a: Gholdengo|Gholdengo|100/100
|-item|p2a: Gholdengo|Air Balloon
|move|p1a: Great Tusk|Earthquake|p2a: Gholdengo
|-immune|p2a: Gholdengo
|
|upkeep
|turn|11
|
|t:|1781496458
|move|p1a: Great Tusk|Ice Spinner|p2a: Gholdengo
|-resisted|p2a: Gholdengo
|-damage|p2a: Gholdengo|91/100
|-enditem|p2a: Gholdengo|Air Balloon
|move|p2a: Gholdengo|Thunder Wave|p1a: Great Tusk
|-immune|p1a: Great Tusk
|
|upkeep
|turn|12
|
|t:|1781496464
|switch|p2a: Alomomola|Alomomola, F|100/100
|move|p1a: Great Tusk|Earthquake|p2a: Alomomola
|-crit|p2a: Alomomola
|-damage|p2a: Alomomola|35/100
|
|upkeep
|turn|13
|
|t:|1781496472
|switch|p2a: Ting-Lu|Ting-Lu|100/100
|-ability|p2a: Ting-Lu|Vessel of Ruin
|move|p1a: Great Tusk|Earthquake|p2a: Ting-Lu
|-damage|p2a: Ting-Lu|73/100
|
|-heal|p2a: Ting-Lu|79/100|[from] item: Leftovers
|upkeep
|turn|14
|
|t:|1781496475
|move|p1a: Great Tusk|Stealth Rock|p2a: Ting-Lu
|-sidestart|p2: sawquarete|move: Stealth Rock
|move|p2a: Ting-Lu|Earthquake|p1a: Great Tusk
|-damage|p1a: Great Tusk|9/100
|
|-heal|p2a: Ting-Lu|86/100|[from] item: Leftovers
|upkeep
|turn|15
|
|t:|1781496483
|move|p1a: Great Tusk|Ice Spinner|p2a: Ting-Lu
|-supereffective|p2a: Ting-Lu
|-damage|p2a: Ting-Lu|56/100
|move|p2a: Ting-Lu|Earthquake|p1a: Great Tusk
|-damage|p1a: Great Tusk|0 fnt
|faint|p1a: Great Tusk
|-end|p1a: Great Tusk|Protosynthesis|[silent]
|
|-heal|p2a: Ting-Lu|62/100|[from] item: Leftovers
|upkeep
|
|t:|1781496486
|switch|p1a: Grimmsnarl|Grimmsnarl, M|100/100 par
|turn|16
|
|t:|1781496489
|move|p1a: Grimmsnarl|Reflect|p1a: Grimmsnarl
|-sidestart|p1: Kogasscarf|Reflect
|move|p2a: Ting-Lu|Stealth Rock|p1a: Grimmsnarl
|-sidestart|p1: Kogasscarf|move: Stealth Rock
|
|-heal|p2a: Ting-Lu|68/100|[from] item: Leftovers
|upkeep
|turn|17
|
|t:|1781496495
|move|p1a: Grimmsnarl|Light Screen|p1a: Grimmsnarl
|-sidestart|p1: Kogasscarf|move: Light Screen
|move|p2a: Ting-Lu|Ruination|p1a: Grimmsnarl
|-damage|p1a: Grimmsnarl|50/100 par
|
|-heal|p2a: Ting-Lu|75/100|[from] item: Leftovers
|upkeep
|turn|18
|
|t:|1781496498
|move|p2a: Ting-Lu|Ruination|p1a: Grimmsnarl
|-damage|p1a: Grimmsnarl|26/100 par
|move|p1a: Grimmsnarl|Spirit Break|p2a: Ting-Lu
|-supereffective|p2a: Ting-Lu
|-damage|p2a: Ting-Lu|40/100
|-unboost|p2a: Ting-Lu|spa|1
|
|-heal|p2a: Ting-Lu|46/100|[from] item: Leftovers
|upkeep
|turn|19
|
|t:|1781496501
|move|p2a: Ting-Lu|Ruination|p1a: Grimmsnarl
|-damage|p1a: Grimmsnarl|13/100 par
|cant|p1a: Grimmsnarl|par
|
|-heal|p2a: Ting-Lu|52/100|[from] item: Leftovers
|upkeep
|turn|20
|
|t:|1781496507
|move|p2a: Ting-Lu|Earthquake|p1a: Grimmsnarl
|-damage|p1a: Grimmsnarl|0 fnt
|faint|p1a: Grimmsnarl
|
|-heal|p2a: Ting-Lu|58/100|[from] item: Leftovers
|upkeep
|
|t:|1781496511
|switch|p1a: Latios|Latios, M|100/100
|-damage|p1a: Latios|88/100|[from] Stealth Rock
|turn|21
|
|t:|1781496514
|move|p1a: Latios|Agility|p1a: Latios
|-boost|p1a: Latios|spe|2
|move|p2a: Ting-Lu|Whirlwind|p1a: Latios
|drag|p1a: Iron Moth|Iron Moth|100/100
|-damage|p1a: Iron Moth|76/100|[from] Stealth Rock
|
|-heal|p2a: Ting-Lu|65/100|[from] item: Leftovers
|upkeep
|turn|22
|
|t:|1781496521
|move|p1a: Iron Moth|Energy Ball|p2a: Ting-Lu
|-supereffective|p2a: Ting-Lu
|-damage|p2a: Ting-Lu|41/100
|move|p2a: Ting-Lu|Whirlwind|p1a: Iron Moth
|-end|p1a: Iron Moth|Quark Drive|[silent]
|drag|p1a: Latios|Latios, M|88/100
|-damage|p1a: Latios|75/100|[from] Stealth Rock
|
|-heal|p2a: Ting-Lu|47/100|[from] item: Leftovers
|upkeep
|turn|23
|
|t:|1781496524
|move|p1a: Latios|Aura Sphere|p2a: Ting-Lu
|-supereffective|p2a: Ting-Lu
|-damage|p2a: Ting-Lu|21/100
|move|p2a: Ting-Lu|Whirlwind|p1a: Latios
|drag|p1a: Iron Moth|Iron Moth|76/100
|-damage|p1a: Iron Moth|51/100|[from] Stealth Rock
|
|-heal|p2a: Ting-Lu|28/100|[from] item: Leftovers
|-sideend|p1: Kogasscarf|Reflect
|upkeep
|turn|24
|
|t:|1781496529
|move|p1a: Iron Moth|Energy Ball|p2a: Ting-Lu
|-supereffective|p2a: Ting-Lu
|-damage|p2a: Ting-Lu|3/100
|move|p2a: Ting-Lu|Earthquake|p1a: Iron Moth
|-supereffective|p1a: Iron Moth
|-damage|p1a: Iron Moth|0 fnt
|faint|p1a: Iron Moth
|-end|p1a: Iron Moth|Quark Drive|[silent]
|
|-heal|p2a: Ting-Lu|9/100|[from] item: Leftovers
|-sideend|p1: Kogasscarf|move: Light Screen
|upkeep
|
|t:|1781496537
|switch|p1a: Kingambit|Kingambit, M|100/100
|-damage|p1a: Kingambit|94/100|[from] Stealth Rock
|-activate|p1a: Kingambit|ability: Supreme Overlord
|-start|p1a: Kingambit|fallen4|[silent]
|turn|25
|
|t:|1781496547
|move|p1a: Kingambit|Kowtow Cleave|p2a: Ting-Lu
|-resisted|p2a: Ting-Lu
|-damage|p2a: Ting-Lu|0 fnt
|faint|p2a: Ting-Lu
|
|upkeep
|
|t:|1781496550
|switch|p2a: Gholdengo|Gholdengo|91/100
|-damage|p2a: Gholdengo|85/100|[from] Stealth Rock
|turn|26
|
|t:|1781496553
|move|p2a: Gholdengo|Thunder Wave|p1a: Kingambit
|-status|p1a: Kingambit|par
|move|p1a: Kingambit|Kowtow Cleave|p2a: Gholdengo
|-supereffective|p2a: Gholdengo
|-damage|p2a: Gholdengo|0 fnt
|faint|p2a: Gholdengo
|
|upkeep
|
|t:|1781496559
|switch|p2a: Great Tusk|Great Tusk|100/100
|turn|27
|
|t:|1781496565
|-end|p1a: Kingambit|fallen4|[silent]
|switch|p1a: Latios|Latios, M|75/100
|-damage|p1a: Latios|63/100|[from] Stealth Rock
|move|p2a: Great Tusk|Rapid Spin|p1a: Latios
|-damage|p1a: Latios|41/100
|-boost|p2a: Great Tusk|spe|1
|-sideend|p2: sawquarete|Stealth Rock|[from] move: Rapid Spin|[of] p2a: Great Tusk
|
|upkeep
|turn|28
|
|t:|1781496573
|move|p2a: Great Tusk|Head Smash|p1a: Latios
|-damage|p1a: Latios|0 fnt
|faint|p1a: Latios
|-damage|p2a: Great Tusk|83/100|[from] Recoil
|
|upkeep
|
|t:|1781496575
|switch|p1a: Kingambit|Kingambit, M|94/100 par
|-damage|p1a: Kingambit|88/100 par|[from] Stealth Rock
|-activate|p1a: Kingambit|ability: Supreme Overlord
|-start|p1a: Kingambit|fallen5|[silent]
|turn|29
|
|t:|1781496580
|-terastallize|p1a: Kingambit|Flying
|move|p2a: Great Tusk|Headlong Rush|p1a: Kingambit
|-immune|p1a: Kingambit
|cant|p1a: Kingambit|par
|
|upkeep
|turn|30
|
|t:|1781496586
|move|p2a: Great Tusk|Head Smash|p1a: Kingambit|[miss]
|-miss|p2a: Great Tusk|p1a: Kingambit
|move|p1a: Kingambit|Iron Head|p2a: Great Tusk
|-damage|p2a: Great Tusk|33/100
|
|upkeep
|turn|31
|
|t:|1781496591
|move|p1a: Kingambit|Sucker Punch|p2a: Great Tusk
|-resisted|p2a: Great Tusk
|-damage|p2a: Great Tusk|8/100
|move|p2a: Great Tusk|Head Smash|p1a: Kingambit
|-supereffective|p1a: Kingambit
|-damage|p1a: Kingambit|12/100 par
|-damage|p2a: Great Tusk|0 fnt|[from] Recoil
|faint|p2a: Great Tusk
|-end|p2a: Great Tusk|Protosynthesis|[silent]
|
|upkeep
|
|t:|1781496595
|switch|p2a: Kingambit|Kingambit, M|100/100
|-activate|p2a: Kingambit|ability: Supreme Overlord
|-start|p2a: Kingambit|fallen3|[silent]
|turn|32
|
|t:|1781496599
|move|p2a: Kingambit|Kowtow Cleave|p1a: Kingambit
|-damage|p1a: Kingambit|0 fnt
|faint|p1a: Kingambit
|-end|p1a: Kingambit|fallen5|[silent]
|
|win|sawquarete
|raw|Kogasscarf's rating: 1616 &rarr; <strong>1595</strong><br />(-21 for losing)
|raw|sawquarete's rating: 1594 &rarr; <strong>1615</strong><br />(+21 for winning)
|l|☆Kogasscarf
|player|p1|
|l|☆sawquarete
|player|p2|
