|j|☆KurisuChestnutOU
|j|☆billythekid95
|t:|1781176358
|gametype|singles
|player|p1|KurisuChestnutOU|may-contest|1478
|player|p2|billythekid95|265|1544
|gen|9
|tier|[Gen 9] OU
|rated|
|rule|HP Percentage Mod: HP is shown in percentages
|rule|Endless Battle Clause: Forcing endless battles is banned
|rule|Species Clause: Limit one of each Pokémon
|rule|OHKO Clause: OHKO moves are banned
|rule|Evasion Items Clause: Evasion items are banned
|rule|Evasion Moves Clause: Evasion moves are banned
|rule|Evasion Abilities Clause: Evasion abilities are banned
|rule|Sleep Moves Clause: Sleep-inducing moves are banned
|clearpoke
|poke|p1|Gliscor, M|
|poke|p1|Dondozo, F|
|poke|p1|Slowking-Galar, F|
|poke|p1|Gholdengo|
|poke|p1|Great Tusk|
|poke|p1|Kingambit, M|
|poke|p2|Walking Wake|
|poke|p2|Ribombee, M|
|poke|p2|Gholdengo|
|poke|p2|Torkoal, M|
|poke|p2|Great Tusk|
|poke|p2|Ceruledge, F|
|teampreview
|inactive|Battle timer is ON: inactive players will automatically lose when time's up. (requested by KurisuChestnutOU)
|
|t:|1781176385
|teamsize|p1|6
|teamsize|p2|6
|start
|switch|p1a: Gliscor|Gliscor, M|100/100
|switch|p2a: Ribombee|Ribombee, M|100/100
|turn|1
|
|t:|1781176393
|move|p2a: Ribombee|Stun Spore|p1a: Gliscor
|-status|p1a: Gliscor|par
|move|p1a: Gliscor|Spikes|p2a: Ribombee
|-sidestart|p2: billythekid95|Spikes
|
|upkeep
|turn|2
|
|t:|1781176398
|move|p2a: Ribombee|Sticky Web|p1a: Gliscor
|-sidestart|p1: KurisuChestnutOU|move: Sticky Web
|move|p1a: Gliscor|Spikes|p2a: Ribombee
|-sidestart|p2: billythekid95|Spikes
|
|upkeep
|turn|3
|
|t:|1781176404
|switch|p1a: Gholdengo|Gholdengo|100/100
|-item|p1a: Gholdengo|Air Balloon
|move|p2a: Ribombee|Moonblast|p1a: Gholdengo
|-resisted|p1a: Gholdengo
|-damage|p1a: Gholdengo|77/100
|-enditem|p1a: Gholdengo|Air Balloon
|
|upkeep
|turn|4
|inactive|billythekid95 has 120 seconds left.
|
|t:|1781176455
|switch|p2a: Great Tusk|Great Tusk|100/100
|-damage|p2a: Great Tusk|84/100|[from] Spikes
|move|p1a: Gholdengo|Shadow Ball|p2a: Great Tusk
|-damage|p2a: Great Tusk|59/100
|
|upkeep
|turn|5
|
|t:|1781176463
|move|p1a: Gholdengo|Make It Rain|p2a: Great Tusk
|-damage|p2a: Great Tusk|26/100
|-unboost|p1a: Gholdengo|spa|1
|move|p2a: Great Tusk|Earthquake|p1a: Gholdengo
|-supereffective|p1a: Gholdengo
|-damage|p1a: Gholdengo|0 fnt
|faint|p1a: Gholdengo
|
|upkeep
|
|t:|1781176468
|switch|p1a: Great Tusk|Great Tusk|100/100
|turn|6
|
|t:|1781176475
|move|p1a: Great Tusk|Headlong Rush|p2a: Great Tusk
|-damage|p2a: Great Tusk|0 fnt
|-unboost|p1a: Great Tusk|def|1
|-unboost|p1a: Great Tusk|spd|1
|faint|p2a: Great Tusk
|-end|p2a: Great Tusk|Protosynthesis|[silent]
|
|upkeep
|
|t:|1781176483
|switch|p2a: Walking Wake|Walking Wake|100/100
|-damage|p2a: Walking Wake|84/100|[from] Spikes
|turn|7
|
|t:|1781176490
|-end|p1a: Great Tusk|Protosynthesis|[silent]
|switch|p1a: Slowking|Slowking-Galar, F|100/100
|-activate|p1a: Slowking|move: Sticky Web
|-unboost|p1a: Slowking|spe|1
|move|p2a: Walking Wake|Hydro Steam|p1a: Slowking
|-damage|p1a: Slowking|72/100
|
|upkeep
|turn|8
|
|t:|1781176498
|-end|p2a: Walking Wake|Protosynthesis|[silent]
|switch|p2a: Torkoal|Torkoal, M|100/100
|-damage|p2a: Torkoal|84/100|[from] Spikes
|-weather|SunnyDay|[from] ability: Drought|[of] p2a: Torkoal
|move|p1a: Slowking|Sludge Bomb|p2a: Torkoal
|-damage|p2a: Torkoal|55/100
|
|-weather|SunnyDay|[upkeep]
|upkeep
|turn|9
|
|t:|1781176506
|switch|p1a: Great Tusk|Great Tusk|100/100
|-activate|p1a: Great Tusk|ability: Protosynthesis
|-start|p1a: Great Tusk|protosynthesisatk
|move|p2a: Torkoal|Rapid Spin|p1a: Great Tusk
|-damage|p1a: Great Tusk|94/100
|-boost|p2a: Torkoal|spe|1
|-sideend|p2: billythekid95|Spikes|[from] move: Rapid Spin|[of] p2a: Torkoal
|
|-weather|SunnyDay|[upkeep]
|upkeep
|turn|10
|
|t:|1781176521
|switch|p2a: Ceruledge|Ceruledge, F|100/100
|move|p1a: Great Tusk|Rapid Spin|p2a: Ceruledge
|-immune|p2a: Ceruledge
|
|-weather|SunnyDay|[upkeep]
|upkeep
|turn|11
|
|t:|1781176527
|move|p1a: Great Tusk|Knock Off|p2a: Ceruledge
|-supereffective|p2a: Ceruledge
|-enditem|p2a: Ceruledge|Focus Sash
|-damage|p2a: Ceruledge|1/100
|-ability|p2a: Ceruledge|Weak Armor|boost
|-unboost|p2a: Ceruledge|def|1
|-boost|p2a: Ceruledge|spe|2
|move|p2a: Ceruledge|Bitter Blade|p1a: Great Tusk
|-damage|p1a: Great Tusk|47/100
|-heal|p2a: Ceruledge|31/100|[from] drain|[of] p1a: Great Tusk
|
|-weather|SunnyDay|[upkeep]
|upkeep
|turn|12
|
|t:|1781176538
|-end|p1a: Great Tusk|Protosynthesis|[silent]
|switch|p1a: Dondozo|Dondozo, F|100/100
|-activate|p1a: Dondozo|move: Sticky Web
|-unboost|p1a: Dondozo|spe|1
|move|p2a: Ceruledge|Bitter Blade|p1a: Dondozo
|-resisted|p1a: Dondozo
|-damage|p1a: Dondozo|85/100
|-heal|p2a: Ceruledge|44/100|[from] drain|[of] p1a: Dondozo
|
|-weather|SunnyDay|[upkeep]
|-heal|p1a: Dondozo|91/100|[from] item: Leftovers
|upkeep
|turn|13
|
|t:|1781176548
|switch|p2a: Walking Wake|Walking Wake|84/100
|-activate|p2a: Walking Wake|ability: Protosynthesis
|-start|p2a: Walking Wake|protosynthesisspa
|move|p1a: Dondozo|Wave Crash|p2a: Walking Wake
|-resisted|p2a: Walking Wake
|-damage|p2a: Walking Wake|78/100
|-damage|p1a: Dondozo|89/100|[from] Recoil
|
|-weather|SunnyDay|[upkeep]
|-heal|p1a: Dondozo|96/100|[from] item: Leftovers
|upkeep
|turn|14
|
|t:|1781176559
|switch|p1a: Slowking|Slowking-Galar, F|100/100
|-activate|p1a: Slowking|move: Sticky Web
|-unboost|p1a: Slowking|spe|1
|move|p2a: Walking Wake|Dragon Pulse|p1a: Slowking
|-damage|p1a: Slowking|64/100
|
|-weather|SunnyDay|[upkeep]
|upkeep
|turn|15
|
|t:|1781176567
|-end|p2a: Walking Wake|Protosynthesis|[silent]
|switch|p2a: Gholdengo|Gholdengo|100/100
|move|p1a: Slowking|Sludge Bomb|p2a: Gholdengo
|-immune|p2a: Gholdengo
|
|-weather|none
|upkeep
|turn|16
|
|t:|1781176574
|move|p2a: Gholdengo|Shadow Ball|p1a: Slowking
|-supereffective|p1a: Slowking
|-damage|p1a: Slowking|29/100
|move|p1a: Slowking|Flamethrower|p2a: Gholdengo
|-supereffective|p2a: Gholdengo
|-damage|p2a: Gholdengo|47/100
|
|upkeep
|turn|17
|
|t:|1781176580
|switch|p1a: Kingambit|Kingambit, M|100/100
|-activate|p1a: Kingambit|move: Sticky Web
|-unboost|p1a: Kingambit|spe|1
|-activate|p1a: Kingambit|ability: Supreme Overlord
|-start|p1a: Kingambit|fallen1|[silent]
|move|p2a: Gholdengo|Shadow Ball|p1a: Kingambit
|-resisted|p1a: Kingambit
|-damage|p1a: Kingambit|77/100
|
|-heal|p1a: Kingambit|83/100|[from] item: Leftovers
|upkeep
|turn|18
|
|t:|1781176593
|switch|p2a: Torkoal|Torkoal, M|55/100
|-weather|SunnyDay|[from] ability: Drought|[of] p2a: Torkoal
|move|p1a: Kingambit|Swords Dance|p1a: Kingambit
|-boost|p1a: Kingambit|atk|2
|
|-weather|SunnyDay|[upkeep]
|-heal|p1a: Kingambit|89/100|[from] item: Leftovers
|upkeep
|turn|19
|
|t:|1781176601
|move|p1a: Kingambit|Iron Head|p2a: Torkoal
|-resisted|p2a: Torkoal
|-damage|p2a: Torkoal|17/100
|move|p2a: Torkoal|Lava Plume|p1a: Kingambit
|-supereffective|p1a: Kingambit
|-damage|p1a: Kingambit|10/100
|
|-weather|SunnyDay|[upkeep]
|-heal|p1a: Kingambit|16/100|[from] item: Leftovers
|upkeep
|turn|20
|
|t:|1781176615
|switch|p2a: Ceruledge|Ceruledge, F|44/100
|move|p1a: Kingambit|Iron Head|p2a: Ceruledge
|-resisted|p2a: Ceruledge
|-damage|p2a: Ceruledge|0 fnt
|faint|p2a: Ceruledge
|
|-weather|SunnyDay|[upkeep]
|-heal|p1a: Kingambit|22/100|[from] item: Leftovers
|upkeep
|
|t:|1781176622
|switch|p2a: Ribombee|Ribombee, M|100/100
|turn|21
|
|t:|1781176626
|move|p1a: Kingambit|Sucker Punch|p2a: Ribombee
|-resisted|p2a: Ribombee
|-damage|p2a: Ribombee|15/100
|move|p2a: Ribombee|Moonblast|p1a: Kingambit
|-damage|p1a: Kingambit|0 fnt
|faint|p1a: Kingambit
|-end|p1a: Kingambit|fallen1|[silent]
|
|-weather|SunnyDay|[upkeep]
|upkeep
|
|t:|1781176634
|switch|p1a: Slowking|Slowking-Galar, F|62/100
|-activate|p1a: Slowking|move: Sticky Web
|-unboost|p1a: Slowking|spe|1
|turn|22
|
|t:|1781176639
|move|p2a: Ribombee|Stun Spore|p1a: Slowking
|-status|p1a: Slowking|par
|cant|p1a: Slowking|par
|
|-weather|SunnyDay|[upkeep]
|upkeep
|turn|23
|
|t:|1781176645
|move|p2a: Ribombee|Skill Swap|p1a: Slowking
|-activate|p2a: Ribombee|Skill Swap|Regenerator|Shield Dust|[of] p1a: Slowking
|move|p1a: Slowking|Future Sight|p2a: Ribombee
|-start|p1a: Slowking|move: Future Sight
|
|-weather|SunnyDay|[upkeep]
|upkeep
|turn|24
|
|t:|1781176651
|move|p2a: Ribombee|Moonblast|p1a: Slowking
|-resisted|p1a: Slowking
|-damage|p1a: Slowking|54/100 par
|move|p1a: Slowking|Psyshock|p2a: Ribombee
|-damage|p2a: Ribombee|0 fnt
|faint|p2a: Ribombee
|
|-weather|SunnyDay|[upkeep]
|upkeep
|
|t:|1781176667
|switch|p2a: Walking Wake|Walking Wake|78/100
|-activate|p2a: Walking Wake|ability: Protosynthesis
|-start|p2a: Walking Wake|protosynthesisspa
|turn|25
|
|t:|1781176674
|move|p2a: Walking Wake|Hydro Steam|p1a: Slowking
|-damage|p1a: Slowking|0 fnt
|faint|p1a: Slowking
|
|-weather|none
|-end|p2a: Walking Wake|Protosynthesis
|-end|p2a: Walking Wake|move: Future Sight
|-damage|p2a: Walking Wake|27/100
|upkeep
|
|t:|1781176680
|switch|p1a: Dondozo|Dondozo, F|96/100
|-activate|p1a: Dondozo|move: Sticky Web
|-unboost|p1a: Dondozo|spe|1
|turn|26
|
|t:|1781176687
|-end|p2a: Walking Wake|Protosynthesis|[silent]
|switch|p2a: Torkoal|Torkoal, M|17/100
|-weather|SunnyDay|[from] ability: Drought|[of] p2a: Torkoal
|move|p1a: Dondozo|Body Press|p2a: Torkoal
|-damage|p2a: Torkoal|0 fnt
|faint|p2a: Torkoal
|
|-weather|SunnyDay|[upkeep]
|-heal|p1a: Dondozo|100/100|[from] item: Leftovers
|upkeep
|
|t:|1781176697
|switch|p2a: Walking Wake|Walking Wake|27/100
|-activate|p2a: Walking Wake|ability: Protosynthesis
|-start|p2a: Walking Wake|protosynthesisspa
|turn|27
|
|t:|1781176703
|move|p2a: Walking Wake|Dragon Pulse|p1a: Dondozo
|-damage|p1a: Dondozo|11/100
|move|p1a: Dondozo|Rest|p1a: Dondozo
|-status|p1a: Dondozo|slp|[from] move: Rest
|-heal|p1a: Dondozo|100/100 slp|[silent]
|
|-weather|SunnyDay|[upkeep]
|upkeep
|turn|28
|
|t:|1781176710
|move|p2a: Walking Wake|Dragon Pulse|p1a: Dondozo
|-damage|p1a: Dondozo|5/100 slp
|cant|p1a: Dondozo|slp
|move|p1a: Dondozo|Sleep Talk|p1a: Dondozo
|move|p1a: Dondozo|Rest||[from] move: Sleep Talk|[still]
|-fail|p1a: Dondozo
|
|-weather|SunnyDay|[upkeep]
|-heal|p1a: Dondozo|11/100 slp|[from] item: Leftovers
|upkeep
|turn|29
|
|t:|1781176719
|-terastallize|p1a: Dondozo|Dragon
|move|p2a: Walking Wake|Dragon Pulse|p1a: Dondozo
|-supereffective|p1a: Dondozo
|-damage|p1a: Dondozo|0 fnt
|faint|p1a: Dondozo
|
|-weather|SunnyDay|[upkeep]
|upkeep
|
|t:|1781176722
|switch|p1a: Gliscor|Gliscor, M|100/100 par
|turn|30
|
|t:|1781176727
|move|p1a: Gliscor|Protect|p1a: Gliscor
|-singleturn|p1a: Gliscor|Protect
|move|p2a: Walking Wake|Dragon Pulse|p1a: Gliscor
|-activate|p1a: Gliscor|move: Protect
|
|-weather|SunnyDay|[upkeep]
|upkeep
|turn|31
|
|t:|1781176738
|move|p1a: Gliscor|Protect||[still]
|-fail|p1a: Gliscor
|move|p2a: Walking Wake|Dragon Pulse|p1a: Gliscor
|-damage|p1a: Gliscor|0 fnt
|faint|p1a: Gliscor
|
|-weather|SunnyDay|[upkeep]
|upkeep
|
|t:|1781176744
|switch|p1a: Great Tusk|Great Tusk|47/100
|-activate|p1a: Great Tusk|ability: Protosynthesis
|-start|p1a: Great Tusk|protosynthesisatk
|turn|32
|
|t:|1781176748
|move|p2a: Walking Wake|Dragon Pulse|p1a: Great Tusk
|-damage|p1a: Great Tusk|0 fnt
|faint|p1a: Great Tusk
|-end|p1a: Great Tusk|Protosynthesis|[silent]
|
|win|billythekid95
|raw|KurisuChestnutOU's rating: 1521 &rarr; <strong>1502</strong><br />(-19 for losing)
|raw|billythekid95's rating: 1544 &rarr; <strong>1563</strong><br />(+19 for winning)
