|j|☆kennojex
|j|☆dooozdzdz
|t:|1781562184
|gametype|singles
|player|p1|kennojex|lucas|1658
|player|p2|dooozdzdz|thorton|1686
|gen|9
|tier|[Gen 9] OU
|rated|
|rule|HP Percentage Mod: HP is shown in percentages
|rule|Endless Battle Clause: Forcing endless battles is banned
|rule|Species Clause: Limit one of each Pokémon
|rule|OHKO Clause: OHKO moves are banned
|rule|Evasion Items Clause: Evasion items are banned
|rule|Evasion Moves Clause: Evasion moves are banned
|rule|Evasion Abilities Clause: Evasion abilities are banned
|rule|Sleep Moves Clause: Sleep-inducing moves are banned
|clearpoke
|poke|p1|Zapdos-Galar|
|poke|p1|Blissey, F|
|poke|p1|Darkrai|
|poke|p1|Gliscor, F|
|poke|p1|Skarmory, F|
|poke|p1|Pecharunt|
|poke|p2|Cinderace, F|
|poke|p2|Zamazenta-*|
|poke|p2|Enamorus-Therian, F|
|poke|p2|Cloyster, M|
|poke|p2|Blissey, F|
|poke|p2|Ogerpon-Wellspring, F|
|teampreview
|
|t:|1781562210
|teamsize|p1|6
|teamsize|p2|6
|start
|switch|p1a: Da Kicker|Zapdos-Galar|100/100
|switch|p2a: Cloyster|Cloyster, M|100/100
|turn|1
|
|t:|1781562247
|move|p1a: Da Kicker|U-turn|p2a: Cloyster
|-damage|p2a: Cloyster|68/100
|
|t:|1781562278
|switch|p1a: Skarmory|Skarmory, F|100/100|[from] U-turn
|move|p2a: Cloyster|Shell Smash|p2a: Cloyster
|-unboost|p2a: Cloyster|def|1
|-unboost|p2a: Cloyster|spd|1
|-boost|p2a: Cloyster|atk|2
|-boost|p2a: Cloyster|spa|2
|-boost|p2a: Cloyster|spe|2
|
|upkeep
|turn|2
|
|t:|1781562283
|move|p2a: Cloyster|Icicle Spear|p1a: Skarmory
|-crit|p1a: Skarmory
|-damage|p1a: Skarmory|81/100
|-damage|p1a: Skarmory|67/100
|-damage|p1a: Skarmory|53/100
|-damage|p1a: Skarmory|40/100
|-damage|p1a: Skarmory|25/100
|-hitcount|p1a: Skarmory|5
|move|p1a: Skarmory|Whirlwind|p2a: Cloyster
|drag|p2a: Zodiac|Zamazenta|100/100
|-ability|p2a: Zodiac|Dauntless Shield|boost
|-boost|p2a: Zodiac|def|1
|
|upkeep
|turn|3
|
|t:|1781562294
|switch|p1a: Pecharunt|Pecharunt|100/100
|-item|p1a: Pecharunt|Air Balloon
|move|p2a: Zodiac|Body Press|p1a: Pecharunt
|-immune|p1a: Pecharunt
|
|upkeep
|turn|4
|
|t:|1781562299
|switch|p2a: Blissey|Blissey, F|100/100
|move|p1a: Pecharunt|Parting Shot|p2a: Blissey
|-unboost|p2a: Blissey|atk|1
|-unboost|p2a: Blissey|spa|1
|
|t:|1781562301
|switch|p1a: Da Kicker|Zapdos-Galar|100/100|[from] Parting Shot
|
|upkeep
|turn|5
|
|t:|1781562305
|switch|p2a: Enamorus|Enamorus-Therian, F|100/100
|move|p1a: Da Kicker|Knock Off|p2a: Enamorus
|-resisted|p2a: Enamorus
|-damage|p2a: Enamorus|85/100
|-enditem|p2a: Enamorus|Leftovers|[from] move: Knock Off|[of] p1a: Da Kicker
|
|upkeep
|turn|6
|
|t:|1781562313
|switch|p1a: Blissey|Blissey, F|100/100
|move|p2a: Enamorus|Earth Power|p1a: Blissey
|-damage|p1a: Blissey|93/100
|
|upkeep
|turn|7
|
|t:|1781562317
|switch|p2a: Cloyster|Cloyster, M|68/100
|move|p1a: Blissey|Thunder Wave|p2a: Cloyster
|-status|p2a: Cloyster|par
|
|upkeep
|turn|8
|
|t:|1781562325
|switch|p1a: Pecharunt|Pecharunt|100/100
|-item|p1a: Pecharunt|Air Balloon
|move|p2a: Cloyster|Icicle Spear|p1a: Pecharunt
|-damage|p1a: Pecharunt|94/100
|-enditem|p1a: Pecharunt|Air Balloon
|-damage|p1a: Pecharunt|88/100
|-damage|p1a: Pecharunt|81/100
|-damage|p1a: Pecharunt|75/100
|-damage|p1a: Pecharunt|68/100
|-hitcount|p1a: Pecharunt|5
|
|upkeep
|turn|9
|
|t:|1781562330
|switch|p2a: Blissey|Blissey, F|100/100
|move|p1a: Pecharunt|Malignant Chain|p2a: Blissey
|-damage|p2a: Blissey|90/100
|
|upkeep
|turn|10
|
|t:|1781562334
|move|p1a: Pecharunt|Parting Shot|p2a: Blissey
|-unboost|p2a: Blissey|atk|1
|-unboost|p2a: Blissey|spa|1
|
|t:|1781562336
|switch|p1a: Gliscor|Gliscor, F|100/100|[from] Parting Shot
|move|p2a: Blissey|Calm Mind|p2a: Blissey
|-boost|p2a: Blissey|spa|1
|-boost|p2a: Blissey|spd|1
|
|-status|p1a: Gliscor|tox|[from] item: Toxic Orb
|upkeep
|turn|11
|
|t:|1781562340
|move|p1a: Gliscor|Knock Off|p2a: Blissey
|-damage|p2a: Blissey|69/100
|-enditem|p2a: Blissey|Heavy-Duty Boots|[from] move: Knock Off|[of] p1a: Gliscor
|move|p2a: Blissey|Ice Beam|p1a: Gliscor
|-supereffective|p1a: Gliscor
|-damage|p1a: Gliscor|35/100 tox
|
|-heal|p1a: Gliscor|47/100 tox|[from] ability: Poison Heal
|upkeep
|turn|12
|
|t:|1781562346
|switch|p1a: Blissey|Blissey, F|93/100
|move|p2a: Blissey|Soft-Boiled|p2a: Blissey
|-heal|p2a: Blissey|100/100
|
|upkeep
|turn|13
|
|t:|1781562348
|move|p1a: Blissey|Thunder Wave|p2a: Blissey
|-status|p2a: Blissey|par
|cant|p2a: Blissey|par
|
|upkeep
|turn|14
|
|t:|1781562352
|move|p1a: Blissey|Stealth Rock|p2a: Blissey
|-sidestart|p2: dooozdzdz|move: Stealth Rock
|move|p2a: Blissey|Calm Mind|p2a: Blissey
|-boost|p2a: Blissey|spa|1
|-boost|p2a: Blissey|spd|1
|
|upkeep
|turn|15
|
|t:|1781562354
|move|p1a: Blissey|Seismic Toss|p2a: Blissey
|-damage|p2a: Blissey|86/100 par
|move|p2a: Blissey|Calm Mind|p2a: Blissey
|-boost|p2a: Blissey|spa|1
|-boost|p2a: Blissey|spd|1
|
|upkeep
|turn|16
|
|t:|1781562358
|switch|p1a: Da Kicker|Zapdos-Galar|100/100
|cant|p2a: Blissey|par
|
|upkeep
|turn|17
|
|t:|1781562363
|-curestatus|p2a: Blissey|par|[from] ability: Natural Cure|[silent]
|switch|p2a: Enamorus|Enamorus-Therian, F|85/100
|-damage|p2a: Enamorus|60/100|[from] Stealth Rock
|move|p1a: Da Kicker|Brave Bird|p2a: Enamorus
|-damage|p2a: Enamorus|5/100
|-damage|p1a: Da Kicker|81/100|[from] Recoil
|
|upkeep
|turn|18
|
|t:|1781562369
|move|p1a: Da Kicker|Brave Bird|p2a: Enamorus
|-damage|p2a: Enamorus|0 fnt
|faint|p2a: Enamorus
|-damage|p1a: Da Kicker|79/100|[from] Recoil
|
|upkeep
|
|t:|1781562383
|switch|p2a: Op|Cinderace, F|100/100
|turn|19
|
|t:|1781562388
|-terastallize|p2a: Op|Fire
|move|p2a: Op|Pyro Ball|p1a: Da Kicker
|-damage|p1a: Da Kicker|0 fnt
|faint|p1a: Da Kicker
|
|upkeep
|
|t:|1781562397
|switch|p1a: Darkrai|Darkrai|100/100
|turn|20
|
|t:|1781562401
|switch|p2a: Blissey|Blissey, F|86/100
|-damage|p2a: Blissey|74/100|[from] Stealth Rock
|move|p1a: Darkrai|Dark Pulse|p2a: Blissey
|-crit|p2a: Blissey
|-damage|p2a: Blissey|51/100
|
|upkeep
|turn|21
|
|t:|1781562406
|switch|p1a: Skarmory|Skarmory, F|25/100
|move|p2a: Blissey|Soft-Boiled|p2a: Blissey
|-heal|p2a: Blissey|100/100
|
|upkeep
|turn|22
|
|t:|1781562411
|move|p1a: Skarmory|Roost|p1a: Skarmory
|-heal|p1a: Skarmory|75/100
|-singleturn|p1a: Skarmory|move: Roost
|move|p2a: Blissey|Calm Mind|p2a: Blissey
|-boost|p2a: Blissey|spa|1
|-boost|p2a: Blissey|spd|1
|
|upkeep
|turn|23
|
|t:|1781562414
|move|p1a: Skarmory|Body Press|p2a: Blissey
|-supereffective|p2a: Blissey
|-damage|p2a: Blissey|45/100
|move|p2a: Blissey|Thunderbolt|p1a: Skarmory
|-supereffective|p1a: Skarmory
|-damage|p1a: Skarmory|12/100
|
|upkeep
|turn|24
|
|t:|1781562419
|switch|p2a: Op|Cinderace, F, tera:Fire|100/100
|move|p1a: Skarmory|Roost|p1a: Skarmory
|-heal|p1a: Skarmory|62/100
|-singleturn|p1a: Skarmory|move: Roost
|
|upkeep
|turn|25
|
|t:|1781562447
|switch|p1a: Gliscor|Gliscor, F|47/100 tox
|move|p2a: Op|Pyro Ball|p1a: Gliscor
|-crit|p1a: Gliscor
|-damage|p1a: Gliscor|0 fnt
|faint|p1a: Gliscor
|
|upkeep
|
|t:|1781562449
|switch|p1a: Darkrai|Darkrai|100/100
|turn|26
|
|t:|1781562465
|switch|p2a: Cloyster|Cloyster, M|68/100 par
|-damage|p2a: Cloyster|43/100 par|[from] Stealth Rock
|move|p1a: Darkrai|Dark Pulse|p2a: Cloyster
|-damage|p2a: Cloyster|0 fnt
|faint|p2a: Cloyster
|
|upkeep
|
|t:|1781562468
|switch|p2a: Blissey|Blissey, F|45/100
|-damage|p2a: Blissey|33/100|[from] Stealth Rock
|turn|27
|
|t:|1781562471
|move|p1a: Darkrai|Dark Pulse|p2a: Blissey
|-damage|p2a: Blissey|19/100
|cant|p2a: Blissey|flinch
|
|upkeep
|turn|28
|
|t:|1781562479
|move|p1a: Darkrai|Dark Pulse|p2a: Blissey
|-crit|p2a: Blissey
|-damage|p2a: Blissey|0 fnt
|faint|p2a: Blissey
|
|upkeep
|
|t:|1781562486
|switch|p2a: Ogerpon|Ogerpon-Wellspring, F|100/100
|-damage|p2a: Ogerpon|88/100|[from] Stealth Rock
|turn|29
|
|t:|1781562490
|move|p1a: Darkrai|Will-O-Wisp|p2a: Ogerpon
|-status|p2a: Ogerpon|brn
|move|p2a: Ogerpon|Ivy Cudgel|p1a: Darkrai|[anim] Ivy Cudgel Water
|-damage|p1a: Darkrai|60/100
|
|-damage|p2a: Ogerpon|82/100 brn|[from] brn
|upkeep
|turn|30
|
|t:|1781562493
|move|p1a: Darkrai|Sludge Bomb|p2a: Ogerpon
|-supereffective|p2a: Ogerpon
|-damage|p2a: Ogerpon|12/100 brn
|move|p2a: Ogerpon|Ivy Cudgel|p1a: Darkrai|[anim] Ivy Cudgel Water
|-crit|p1a: Darkrai
|-damage|p1a: Darkrai|0 fnt
|faint|p1a: Darkrai
|
|-damage|p2a: Ogerpon|6/100 brn|[from] brn
|upkeep
|
|t:|1781562499
|switch|p1a: Pecharunt|Pecharunt|68/100
|turn|31
|
|t:|1781562502
|move|p2a: Ogerpon|Ivy Cudgel|p1a: Pecharunt|[anim] Ivy Cudgel Water
|-damage|p1a: Pecharunt|50/100
|move|p1a: Pecharunt|Recover|p1a: Pecharunt
|-heal|p1a: Pecharunt|100/100
|
|-damage|p2a: Ogerpon|0 fnt|[from] brn
|faint|p2a: Ogerpon
|upkeep
|
|t:|1781562505
|switch|p2a: Op|Cinderace, F, tera:Fire|100/100
|turn|32
|
|t:|1781562510
|move|p2a: Op|Pyro Ball|p1a: Pecharunt
|-damage|p1a: Pecharunt|52/100
|move|p1a: Pecharunt|Malignant Chain|p2a: Op
|-damage|p2a: Op|55/100
|
|upkeep
|turn|33
|
|t:|1781562515
|move|p2a: Op|Pyro Ball|p1a: Pecharunt|[miss]
|-miss|p2a: Op|p1a: Pecharunt
|move|p1a: Pecharunt|Recover|p1a: Pecharunt
|-heal|p1a: Pecharunt|100/100
|
|upkeep
|turn|34
|
|t:|1781562519
|move|p2a: Op|Pyro Ball|p1a: Pecharunt
|-damage|p1a: Pecharunt|53/100
|-status|p1a: Pecharunt|brn
|move|p1a: Pecharunt|Malignant Chain|p2a: Op
|-damage|p2a: Op|12/100
|-status|p2a: Op|tox
|-start|p2a: Op|confusion|[from] ability: Poison Puppeteer|[of] p1a: Pecharunt
|
|-damage|p2a: Op|6/100 tox|[from] psn
|-damage|p1a: Pecharunt|47/100 brn|[from] brn
|upkeep
|turn|35
|
|t:|1781562527
|switch|p1a: Blissey|Blissey, F|93/100
|-activate|p2a: Op|confusion
|-damage|p2a: Op|0 fnt|[from] confusion
|faint|p2a: Op
|
|upkeep
|
|t:|1781562529
|switch|p2a: Zodiac|Zamazenta|100/100
|-damage|p2a: Zodiac|94/100|[from] Stealth Rock
|turn|36
|
|t:|1781562532
|switch|p1a: Pecharunt|Pecharunt|47/100 brn
|move|p2a: Zodiac|Iron Defense|p2a: Zodiac
|-boost|p2a: Zodiac|def|2
|
|-heal|p2a: Zodiac|100/100|[from] item: Leftovers
|-damage|p1a: Pecharunt|41/100 brn|[from] brn
|upkeep
|turn|37
|
|t:|1781562534
|move|p2a: Zodiac|Crunch|p1a: Pecharunt
|-supereffective|p1a: Pecharunt
|-damage|p1a: Pecharunt|13/100 brn
|move|p1a: Pecharunt|Recover|p1a: Pecharunt
|-heal|p1a: Pecharunt|63/100 brn
|
|-damage|p1a: Pecharunt|57/100 brn|[from] brn
|upkeep
|turn|38
|
|t:|1781562537
|move|p2a: Zodiac|Crunch|p1a: Pecharunt
|-supereffective|p1a: Pecharunt
|-damage|p1a: Pecharunt|30/100 brn
|move|p1a: Pecharunt|Malignant Chain|p2a: Zodiac
|-damage|p2a: Zodiac|74/100
|-status|p2a: Zodiac|tox
|-start|p2a: Zodiac|confusion|[from] ability: Poison Puppeteer|[of] p1a: Pecharunt
|
|-heal|p2a: Zodiac|80/100 tox|[from] item: Leftovers
|-damage|p2a: Zodiac|74/100 tox|[from] psn
|-damage|p1a: Pecharunt|24/100 brn|[from] brn
|upkeep
|turn|39
|
|t:|1781562541
|-activate|p2a: Zodiac|confusion
|-damage|p2a: Zodiac|69/100 tox|[from] confusion
|move|p1a: Pecharunt|Recover|p1a: Pecharunt
|-heal|p1a: Pecharunt|74/100 brn
|
|-heal|p2a: Zodiac|75/100 tox|[from] item: Leftovers
|-damage|p2a: Zodiac|63/100 tox|[from] psn
|-damage|p1a: Pecharunt|68/100 brn|[from] brn
|upkeep
|turn|40
|
|t:|1781562543
|-activate|p2a: Zodiac|confusion
|move|p2a: Zodiac|Crunch|p1a: Pecharunt
|-supereffective|p1a: Pecharunt
|-damage|p1a: Pecharunt|42/100 brn
|move|p1a: Pecharunt|Shadow Ball|p2a: Zodiac
|-damage|p2a: Zodiac|43/100 tox
|
|-heal|p2a: Zodiac|49/100 tox|[from] item: Leftovers
|-damage|p2a: Zodiac|31/100 tox|[from] psn
|-damage|p1a: Pecharunt|36/100 brn|[from] brn
|upkeep
|turn|41
|c|☆kennojex|gg
|-message|dooozdzdz forfeited.
|
|win|kennojex
|raw|kennojex's rating: 1658 &rarr; <strong>1680</strong><br />(+22 for winning)
|raw|dooozdzdz's rating: 1686 &rarr; <strong>1664</strong><br />(-22 for losing)
|l|☆dooozdzdz
|player|p2|
|l|☆kennojex
|player|p1|
