|j|☆SofteLocke
|j|☆DiceyRice
|t:|1781504478
|gametype|singles
|player|p1|SofteLocke|265|1550
|player|p2|DiceyRice|miku-ghost|1613
|gen|9
|tier|[Gen 9] OU
|rated|
|rule|HP Percentage Mod: HP is shown in percentages
|rule|Endless Battle Clause: Forcing endless battles is banned
|rule|Species Clause: Limit one of each Pokémon
|rule|OHKO Clause: OHKO moves are banned
|rule|Evasion Items Clause: Evasion items are banned
|rule|Evasion Moves Clause: Evasion moves are banned
|rule|Evasion Abilities Clause: Evasion abilities are banned
|rule|Sleep Moves Clause: Sleep-inducing moves are banned
|clearpoke
|poke|p1|Clefable, M|
|poke|p1|Gholdengo|
|poke|p1|Gliscor, M|
|poke|p1|Zamazenta-*|
|poke|p1|Samurott-Hisui, F|
|poke|p1|Dragonite, F|
|poke|p2|Meowscarada, M|
|poke|p2|Pecharunt|
|poke|p2|Enamorus, F|
|poke|p2|Iron Treads|
|poke|p2|Skarmory, F|
|poke|p2|Slowking, F|
|teampreview
|
|t:|1781504505
|teamsize|p1|6
|teamsize|p2|6
|start
|switch|p1a: Clefable|Clefable, M|100/100
|switch|p2a: Meowscarada|Meowscarada, M|100/100
|turn|1
|
|t:|1781504519
|move|p2a: Meowscarada|U-turn|p1a: Clefable
|-start|p2a: Meowscarada|typechange|Bug|[from] ability: Protean
|-resisted|p1a: Clefable
|-damage|p1a: Clefable|83/100
|-damage|p2a: Meowscarada|84/100|[from] item: Rocky Helmet|[of] p1a: Clefable
|
|t:|1781504524
|switch|p2a: Iron Treads|Iron Treads|100/100|[from] U-turn
|move|p1a: Clefable|Stealth Rock|p2a: Iron Treads
|-sidestart|p2: DiceyRice|move: Stealth Rock
|
|upkeep
|turn|2
|
|t:|1781504528
|move|p2a: Iron Treads|Knock Off|p1a: Clefable
|-resisted|p1a: Clefable
|-crit|p1a: Clefable
|-damage|p1a: Clefable|70/100
|-damage|p2a: Iron Treads|84/100|[from] item: Rocky Helmet|[of] p1a: Clefable
|-enditem|p1a: Clefable|Rocky Helmet|[from] move: Knock Off|[of] p2a: Iron Treads
|move|p1a: Clefable|Knock Off|p2a: Iron Treads
|-damage|p2a: Iron Treads|73/100
|-enditem|p2a: Iron Treads|Leftovers|[from] move: Knock Off|[of] p1a: Clefable
|
|upkeep
|turn|3
|
|t:|1781504539
|switch|p1a: Gholdengo|Gholdengo|100/100
|move|p2a: Iron Treads|Stealth Rock|p1a: Gholdengo
|-sidestart|p1: SofteLocke|move: Stealth Rock
|
|upkeep
|turn|4
|
|t:|1781504543
|move|p1a: Gholdengo|Shadow Ball|p2a: Iron Treads
|-damage|p2a: Iron Treads|40/100
|move|p2a: Iron Treads|Earthquake|p1a: Gholdengo
|-supereffective|p1a: Gholdengo
|-damage|p1a: Gholdengo|14/100
|
|upkeep
|turn|5
|
|t:|1781504558
|-terastallize|p1a: Gholdengo|Ghost
|move|p1a: Gholdengo|Shadow Ball|p2a: Iron Treads
|-damage|p2a: Iron Treads|0 fnt
|faint|p2a: Iron Treads
|-end|p2a: Iron Treads|Quark Drive|[silent]
|
|upkeep
|
|t:|1781504571
|switch|p2a: Enamorus|Enamorus, F|100/100
|-damage|p2a: Enamorus|76/100|[from] Stealth Rock
|turn|6
|
|t:|1781504578
|move|p2a: Enamorus|Moonblast|p1a: Gholdengo
|-damage|p1a: Gholdengo|0 fnt
|faint|p1a: Gholdengo
|
|upkeep
|
|t:|1781504580
|switch|p1a: Gliscor|Gliscor, M|100/100
|-damage|p1a: Gliscor|88/100|[from] Stealth Rock
|turn|7
|
|t:|1781504589
|switch|p2a: Skarmory|Skarmory, F|100/100
|-damage|p2a: Skarmory|88/100|[from] Stealth Rock
|move|p1a: Gliscor|Knock Off|p2a: Skarmory
|-damage|p2a: Skarmory|76/100
|-enditem|p2a: Skarmory|Covert Cloak|[from] move: Knock Off|[of] p1a: Gliscor
|
|-status|p1a: Gliscor|tox|[from] item: Toxic Orb
|upkeep
|turn|8
|
|t:|1781504602
|switch|p1a: Clefable|Clefable, M|70/100
|move|p2a: Skarmory|Spikes|p1a: Clefable
|-sidestart|p1: SofteLocke|Spikes
|
|upkeep
|turn|9
|
|t:|1781504607
|move|p2a: Skarmory|Spikes|p1a: Clefable
|-sidestart|p1: SofteLocke|Spikes
|move|p1a: Clefable|Moonblast|p2a: Skarmory
|-resisted|p2a: Skarmory
|-damage|p2a: Skarmory|56/100
|
|upkeep
|turn|10
|
|t:|1781504608
|move|p2a: Skarmory|Spikes|p1a: Clefable
|-sidestart|p1: SofteLocke|Spikes
|move|p1a: Clefable|Moonblast|p2a: Skarmory
|-resisted|p2a: Skarmory
|-damage|p2a: Skarmory|34/100
|
|upkeep
|turn|11
|
|t:|1781504616
|move|p2a: Skarmory|Roost|p2a: Skarmory
|-heal|p2a: Skarmory|85/100
|-singleturn|p2a: Skarmory|move: Roost
|move|p1a: Clefable|Moonblast|p2a: Skarmory
|-resisted|p2a: Skarmory
|-damage|p2a: Skarmory|65/100
|
|upkeep
|turn|12
|
|t:|1781504618
|move|p2a: Skarmory|Iron Defense|p2a: Skarmory
|-boost|p2a: Skarmory|def|2
|move|p1a: Clefable|Moonblast|p2a: Skarmory
|-resisted|p2a: Skarmory
|-damage|p2a: Skarmory|43/100
|
|upkeep
|turn|13
|
|t:|1781504619
|move|p2a: Skarmory|Roost|p2a: Skarmory
|-heal|p2a: Skarmory|93/100
|-singleturn|p2a: Skarmory|move: Roost
|move|p1a: Clefable|Moonblast|p2a: Skarmory
|-resisted|p2a: Skarmory
|-damage|p2a: Skarmory|73/100
|-unboost|p2a: Skarmory|spa|1
|
|upkeep
|turn|14
|
|t:|1781504621
|move|p2a: Skarmory|Iron Defense|p2a: Skarmory
|-boost|p2a: Skarmory|def|2
|move|p1a: Clefable|Moonblast|p2a: Skarmory
|-resisted|p2a: Skarmory
|-damage|p2a: Skarmory|50/100
|
|upkeep
|turn|15
|
|t:|1781504623
|move|p2a: Skarmory|Roost|p2a: Skarmory
|-heal|p2a: Skarmory|100/100
|-singleturn|p2a: Skarmory|move: Roost
|move|p1a: Clefable|Moonblast|p2a: Skarmory
|-resisted|p2a: Skarmory
|-damage|p2a: Skarmory|78/100
|
|upkeep
|turn|16
|
|t:|1781504624
|move|p2a: Skarmory|Iron Defense|p2a: Skarmory
|-boost|p2a: Skarmory|def|2
|move|p1a: Clefable|Moonblast|p2a: Skarmory
|-resisted|p2a: Skarmory
|-damage|p2a: Skarmory|57/100
|
|upkeep
|turn|17
|
|t:|1781504626
|move|p2a: Skarmory|Body Press|p1a: Clefable
|-resisted|p1a: Clefable
|-damage|p1a: Clefable|21/100
|move|p1a: Clefable|Moonblast|p2a: Skarmory
|-resisted|p2a: Skarmory
|-damage|p2a: Skarmory|37/100
|
|upkeep
|turn|18
|
|t:|1781504629
|move|p2a: Skarmory|Body Press|p1a: Clefable
|-resisted|p1a: Clefable
|-damage|p1a: Clefable|0 fnt
|faint|p1a: Clefable
|
|upkeep
|
|t:|1781504633
|switch|p1a: Zamazenta|Zamazenta|100/100
|-damage|p1a: Zamazenta|94/100|[from] Stealth Rock
|-damage|p1a: Zamazenta|69/100|[from] Spikes
|-ability|p1a: Zamazenta|Dauntless Shield|boost
|-boost|p1a: Zamazenta|def|1
|turn|19
|-message|SofteLocke forfeited.
|
|win|DiceyRice
|raw|SofteLocke's rating: 1550 &rarr; <strong>1534</strong><br />(-16 for losing)
|raw|DiceyRice's rating: 1613 &rarr; <strong>1629</strong><br />(+16 for winning)
|l|☆SofteLocke
|player|p1|
|l|☆DiceyRice
|player|p2|
