|j|☆n5v
|j|☆greatestwarriors
|t:|1781018456
|gametype|singles
|player|p1|n5v|leon-masters|1531
|player|p2|greatestwarriors|jogger|1520
|gen|9
|tier|[Gen 9] OU
|rated|
|rule|HP Percentage Mod: HP is shown in percentages
|rule|Endless Battle Clause: Forcing endless battles is banned
|rule|Species Clause: Limit one of each Pokémon
|rule|OHKO Clause: OHKO moves are banned
|rule|Evasion Items Clause: Evasion items are banned
|rule|Evasion Moves Clause: Evasion moves are banned
|rule|Evasion Abilities Clause: Evasion abilities are banned
|rule|Sleep Moves Clause: Sleep-inducing moves are banned
|clearpoke
|poke|p1|Raging Bolt|
|poke|p1|Iron Crown|
|poke|p1|Rillaboom, M|
|poke|p1|Enamorus, F|
|poke|p1|Great Tusk|
|poke|p1|Kingambit, F|
|poke|p2|Zamazenta-*|
|poke|p2|Primarina, F|
|poke|p2|Ogerpon-Wellspring, F|
|poke|p2|Iron Treads|
|poke|p2|Scizor, F|
|poke|p2|Darkrai|
|teampreview
|c|☆n5v|glhf
|inactive|Battle timer is ON: inactive players will automatically lose when time's up. (requested by greatestwarriors)
|c|☆greatestwarriors|u2 bro
|c|☆greatestwarriors|go knicks
|c|☆n5v|Hell yeah
|
|t:|1781018478
|teamsize|p1|6
|teamsize|p2|6
|start
|switch|p1a: diddy kong|Rillaboom, M|100/100
|switch|p2a: Iron Treads|Iron Treads|100/100
|-item|p2a: Iron Treads|Air Balloon
|-fieldstart|move: Grassy Terrain|[from] ability: Grassy Surge|[of] p1a: diddy kong
|turn|1
|c|☆n5v|knicks in 6
|
|t:|1781018489
|move|p2a: Iron Treads|Stealth Rock|p1a: diddy kong
|-sidestart|p1: n5v|move: Stealth Rock
|move|p1a: diddy kong|Low Kick|p2a: Iron Treads
|-supereffective|p2a: Iron Treads
|-damage|p2a: Iron Treads|37/100
|-enditem|p2a: Iron Treads|Air Balloon
|
|-heal|p2a: Iron Treads|43/100|[from] Grassy Terrain
|upkeep
|turn|2
|
|t:|1781018507
|-end|p2a: Iron Treads|Quark Drive|[silent]
|switch|p2a: Zamazenta|Zamazenta|100/100
|-ability|p2a: Zamazenta|Dauntless Shield|boost
|-boost|p2a: Zamazenta|def|1
|move|p1a: diddy kong|U-turn|p2a: Zamazenta
|-resisted|p2a: Zamazenta
|-damage|p2a: Zamazenta|94/100
|inactive|n5v has 120 seconds left.
|
|t:|1781018559
|switch|p1a: le-tachyon|Iron Crown|100/100|[from] U-turn
|-damage|p1a: le-tachyon|94/100|[from] Stealth Rock
|
|-heal|p2a: Zamazenta|99/100|[from] Grassy Terrain
|-heal|p2a: Zamazenta|100/100|[from] item: Leftovers
|-heal|p1a: le-tachyon|100/100|[from] Grassy Terrain
|upkeep
|turn|3
|
|t:|1781018587
|move|p2a: Zamazenta|Body Press|p1a: le-tachyon
|-damage|p1a: le-tachyon|59/100
|move|p1a: le-tachyon|Psychic Noise|p2a: Zamazenta
|-supereffective|p2a: Zamazenta
|-damage|p2a: Zamazenta|53/100
|-start|p2a: Zamazenta|move: Heal Block
|
|-heal|p1a: le-tachyon|65/100|[from] Grassy Terrain
|upkeep
|turn|4
|inactive|n5v has 120 seconds left.
|
|t:|1781018599
|switch|p2a: Darkrai|Darkrai|100/100
|move|p1a: le-tachyon|Psychic Noise|p2a: Darkrai
|-immune|p2a: Darkrai
|
|-heal|p1a: le-tachyon|72/100|[from] Grassy Terrain
|upkeep
|turn|5
|inactive|n5v has 120 seconds left.
|
|t:|1781018606
|move|p2a: Darkrai|Dark Pulse|p1a: le-tachyon
|-supereffective|p1a: le-tachyon
|-damage|p1a: le-tachyon|9/100
|move|p1a: le-tachyon|Focus Blast|p2a: Darkrai
|-supereffective|p2a: Darkrai
|-damage|p2a: Darkrai|17/100
|
|-heal|p2a: Darkrai|23/100|[from] Grassy Terrain
|-heal|p1a: le-tachyon|15/100|[from] Grassy Terrain
|-fieldend|move: Grassy Terrain
|upkeep
|turn|6
|inactive|n5v has 120 seconds left.
|
|t:|1781018629
|-end|p1a: le-tachyon|Quark Drive|[silent]
|switch|p1a: neededaghostresist|Kingambit, F|100/100
|-damage|p1a: neededaghostresist|94/100|[from] Stealth Rock
|move|p2a: Darkrai|Ice Beam|p1a: neededaghostresist
|-resisted|p1a: neededaghostresist
|-damage|p1a: neededaghostresist|78/100
|
|-heal|p1a: neededaghostresist|84/100|[from] item: Leftovers
|upkeep
|turn|7
|
|t:|1781018641
|switch|p2a: Zamazenta|Zamazenta|53/100
|-end|p1a: neededaghostresist|fallenundefined|[silent]
|switch|p1a: diddy kong|Rillaboom, M|100/100
|-damage|p1a: diddy kong|88/100|[from] Stealth Rock
|-fieldstart|move: Grassy Terrain|[from] ability: Grassy Surge|[of] p1a: diddy kong
|
|-heal|p2a: Zamazenta|59/100|[from] Grassy Terrain
|-heal|p2a: Zamazenta|65/100|[from] item: Leftovers
|-heal|p1a: diddy kong|94/100|[from] Grassy Terrain
|upkeep
|turn|8
|
|t:|1781018667
|move|p2a: Zamazenta|Body Press|p1a: diddy kong
|-damage|p1a: diddy kong|60/100
|-damage|p2a: Zamazenta|48/100|[from] item: Rocky Helmet|[of] p1a: diddy kong
|move|p1a: diddy kong|Knock Off|p2a: Zamazenta
|-resisted|p2a: Zamazenta
|-damage|p2a: Zamazenta|36/100
|-enditem|p2a: Zamazenta|Leftovers|[from] move: Knock Off|[of] p1a: diddy kong
|
|-heal|p2a: Zamazenta|42/100|[from] Grassy Terrain
|-heal|p1a: diddy kong|67/100|[from] Grassy Terrain
|upkeep
|turn|9
|
|t:|1781018673
|switch|p1a: cheap tusk|Great Tusk|100/100
|move|p2a: Zamazenta|Body Press|p1a: cheap tusk
|-damage|p1a: cheap tusk|80/100
|
|-heal|p2a: Zamazenta|48/100|[from] Grassy Terrain
|-heal|p1a: cheap tusk|86/100|[from] Grassy Terrain
|upkeep
|turn|10
|
|t:|1781018678
|move|p1a: cheap tusk|Rapid Spin|p2a: Zamazenta
|-damage|p2a: Zamazenta|38/100
|-boost|p1a: cheap tusk|spe|1
|-sideend|p1: n5v|Stealth Rock|[from] move: Rapid Spin|[of] p1a: cheap tusk
|move|p2a: Zamazenta|Roar|p1a: cheap tusk
|-end|p1a: cheap tusk|Protosynthesis|[silent]
|drag|p1a: le-tachyon|Iron Crown|15/100
|
|-heal|p2a: Zamazenta|44/100|[from] Grassy Terrain
|-heal|p1a: le-tachyon|22/100|[from] Grassy Terrain
|upkeep
|turn|11
|
|t:|1781018685
|-end|p1a: le-tachyon|Quark Drive|[silent]
|switch|p1a: gay alladin|Enamorus, F|100/100
|move|p2a: Zamazenta|Crunch|p1a: gay alladin
|-resisted|p1a: gay alladin
|-damage|p1a: gay alladin|83/100
|
|-heal|p2a: Zamazenta|50/100|[from] Grassy Terrain
|-fieldend|move: Grassy Terrain
|upkeep
|turn|12
|
|t:|1781018690
|switch|p2a: Primarina|Primarina, F|100/100
|move|p1a: gay alladin|Moonblast|p2a: Primarina
|-damage|p2a: Primarina|63/100
|
|upkeep
|turn|13
|
|t:|1781018709
|switch|p1a: diddy kong|Rillaboom, M|67/100
|-fieldstart|move: Grassy Terrain|[from] ability: Grassy Surge|[of] p1a: diddy kong
|move|p2a: Primarina|Surf|p1a: diddy kong
|-resisted|p1a: diddy kong
|-damage|p1a: diddy kong|36/100
|
|-heal|p1a: diddy kong|42/100|[from] Grassy Terrain
|-heal|p2a: Primarina|69/100|[from] Grassy Terrain
|upkeep
|turn|14
|
|t:|1781018717
|switch|p2a: Scizor|Scizor, F, shiny|100/100
|move|p1a: diddy kong|Grassy Glide|p2a: Scizor
|-resisted|p2a: Scizor
|-damage|p2a: Scizor|90/100
|
|-heal|p1a: diddy kong|48/100|[from] Grassy Terrain
|-heal|p2a: Scizor|96/100|[from] Grassy Terrain
|upkeep
|turn|15
|
|t:|1781018730
|switch|p1a: goobing bolt|Raging Bolt|100/100
|move|p2a: Scizor|U-turn|p1a: goobing bolt
|-damage|p1a: goobing bolt|41/100
|inactive|greatestwarriors has 120 seconds left.
|
|t:|1781018762
|switch|p2a: Iron Treads|Iron Treads|43/100|[from] U-turn
|
|-heal|p2a: Iron Treads|49/100|[from] Grassy Terrain
|-heal|p1a: goobing bolt|47/100|[from] Grassy Terrain
|upkeep
|turn|16
|
|t:|1781018772
|-end|p1a: goobing bolt|Protosynthesis|[silent]
|switch|p1a: gay alladin|Enamorus, F|83/100
|move|p2a: Iron Treads|Stealth Rock|p1a: gay alladin
|-sidestart|p1: n5v|move: Stealth Rock
|
|-heal|p2a: Iron Treads|56/100|[from] Grassy Terrain
|upkeep
|turn|17
|inactive|greatestwarriors has 120 seconds left.
|
|t:|1781018803
|move|p1a: gay alladin|Moonblast|p2a: Iron Treads
|-resisted|p2a: Iron Treads
|-damage|p2a: Iron Treads|21/100
|move|p2a: Iron Treads|Volt Switch|p1a: gay alladin
|-supereffective|p1a: gay alladin
|-damage|p1a: gay alladin|52/100
|
|t:|1781018811
|-end|p2a: Iron Treads|Quark Drive|[silent]
|switch|p2a: Scizor|Scizor, F, shiny|96/100|[from] Volt Switch
|
|-heal|p2a: Scizor|100/100|[from] Grassy Terrain
|-fieldend|move: Grassy Terrain
|upkeep
|turn|18
|
|t:|1781018818
|switch|p1a: cheap tusk|Great Tusk|86/100
|move|p2a: Scizor|U-turn|p1a: cheap tusk
|-resisted|p1a: cheap tusk
|-damage|p1a: cheap tusk|67/100
|
|t:|1781018826
|switch|p2a: Ogerpon|Ogerpon-Wellspring, F|100/100|[from] U-turn
|
|upkeep
|turn|19
|
|t:|1781018832
|-terastallize|p1a: cheap tusk|Grass
|move|p2a: Ogerpon|Horn Leech|p1a: cheap tusk
|-resisted|p1a: cheap tusk
|-damage|p1a: cheap tusk|53/100
|move|p1a: cheap tusk|Rapid Spin|p2a: Ogerpon
|-damage|p2a: Ogerpon|82/100
|-boost|p1a: cheap tusk|spe|1
|-sideend|p1: n5v|Stealth Rock|[from] move: Rapid Spin|[of] p1a: cheap tusk
|
|upkeep
|turn|20
|
|t:|1781018841
|move|p1a: cheap tusk|Ice Spinner|p2a: Ogerpon
|-damage|p2a: Ogerpon|50/100
|move|p2a: Ogerpon|Knock Off|p1a: cheap tusk
|-damage|p1a: cheap tusk|29/100
|-enditem|p1a: cheap tusk|Heavy-Duty Boots|[from] move: Knock Off|[of] p2a: Ogerpon
|
|upkeep
|turn|21
|
|t:|1781018855
|-end|p1a: cheap tusk|Protosynthesis|[silent]
|switch|p1a: le-tachyon|Iron Crown|22/100
|switch|p2a: Scizor|Scizor, F, shiny|100/100
|
|upkeep
|turn|22
|inactive|greatestwarriors has 120 seconds left.
|
|t:|1781018888
|move|p2a: Scizor|Bullet Punch|p1a: le-tachyon
|-resisted|p1a: le-tachyon
|-damage|p1a: le-tachyon|0 fnt
|faint|p1a: le-tachyon
|-end|p1a: le-tachyon|Quark Drive|[silent]
|
|upkeep
|
|t:|1781018909
|switch|p1a: neededaghostresist|Kingambit, F|84/100
|-activate|p1a: neededaghostresist|ability: Supreme Overlord
|-start|p1a: neededaghostresist|fallen1|[silent]
|turn|23
|
|t:|1781018921
|switch|p2a: Zamazenta|Zamazenta|50/100
|move|p1a: neededaghostresist|Iron Head|p2a: Zamazenta
|-damage|p2a: Zamazenta|13/100
|
|-heal|p1a: neededaghostresist|90/100|[from] item: Leftovers
|upkeep
|turn|24
|
|t:|1781018928
|move|p1a: neededaghostresist|Sucker Punch|p2a: Zamazenta
|-resisted|p2a: Zamazenta
|-damage|p2a: Zamazenta|0 fnt
|faint|p2a: Zamazenta
|
|-heal|p1a: neededaghostresist|96/100|[from] item: Leftovers
|upkeep
|
|t:|1781018931
|switch|p2a: Iron Treads|Iron Treads|21/100
|turn|25
|
|t:|1781018935
|move|p1a: neededaghostresist|Sucker Punch||[still]
|-fail|p1a: neededaghostresist
|move|p2a: Iron Treads|Stealth Rock|p1a: neededaghostresist
|-sidestart|p1: n5v|move: Stealth Rock
|
|-heal|p1a: neededaghostresist|100/100|[from] item: Leftovers
|upkeep
|turn|26
|
|t:|1781018941
|move|p2a: Iron Treads|Earthquake|p1a: neededaghostresist
|-supereffective|p1a: neededaghostresist
|-damage|p1a: neededaghostresist|42/100
|move|p1a: neededaghostresist|Swords Dance|p1a: neededaghostresist
|-boost|p1a: neededaghostresist|atk|2
|
|-heal|p1a: neededaghostresist|48/100|[from] item: Leftovers
|upkeep
|turn|27
|
|t:|1781018951
|move|p1a: neededaghostresist|Sucker Punch|p2a: Iron Treads
|-damage|p2a: Iron Treads|0 fnt
|faint|p2a: Iron Treads
|-end|p2a: Iron Treads|Quark Drive|[silent]
|
|-heal|p1a: neededaghostresist|55/100|[from] item: Leftovers
|upkeep
|
|t:|1781018953
|switch|p2a: Primarina|Primarina, F|69/100
|turn|28
|
|t:|1781018961
|-end|p1a: neededaghostresist|fallen1|[silent]
|switch|p1a: diddy kong|Rillaboom, M|48/100
|-damage|p1a: diddy kong|36/100|[from] Stealth Rock
|-fieldstart|move: Grassy Terrain|[from] ability: Grassy Surge|[of] p1a: diddy kong
|move|p2a: Primarina|Surf|p1a: diddy kong
|-resisted|p1a: diddy kong
|-damage|p1a: diddy kong|8/100
|
|-heal|p1a: diddy kong|14/100|[from] Grassy Terrain
|-heal|p2a: Primarina|75/100|[from] Grassy Terrain
|upkeep
|turn|29
|
|t:|1781018970
|switch|p1a: neededaghostresist|Kingambit, F|55/100
|-damage|p1a: neededaghostresist|48/100|[from] Stealth Rock
|-activate|p1a: neededaghostresist|ability: Supreme Overlord
|-start|p1a: neededaghostresist|fallen1|[silent]
|switch|p2a: Scizor|Scizor, F, shiny|100/100
|
|-heal|p1a: neededaghostresist|55/100|[from] Grassy Terrain
|-heal|p1a: neededaghostresist|61/100|[from] item: Leftovers
|upkeep
|turn|30
|
|t:|1781018976
|move|p1a: neededaghostresist|Sucker Punch|p2a: Scizor
|-damage|p2a: Scizor|49/100
|move|p2a: Scizor|Close Combat|p1a: neededaghostresist
|-supereffective|p1a: neededaghostresist
|-damage|p1a: neededaghostresist|0 fnt
|-unboost|p2a: Scizor|def|1
|-unboost|p2a: Scizor|spd|1
|faint|p1a: neededaghostresist
|-end|p1a: neededaghostresist|fallen1|[silent]
|
|-heal|p2a: Scizor|55/100|[from] Grassy Terrain
|upkeep
|
|t:|1781018979
|switch|p1a: gay alladin|Enamorus, F|52/100
|-damage|p1a: gay alladin|27/100|[from] Stealth Rock
|turn|31
|
|t:|1781019004
|switch|p1a: diddy kong|Rillaboom, M|14/100
|-damage|p1a: diddy kong|2/100|[from] Stealth Rock
|switch|p2a: Darkrai|Darkrai|23/100
|
|-heal|p2a: Darkrai|29/100|[from] Grassy Terrain
|-heal|p1a: diddy kong|8/100|[from] Grassy Terrain
|upkeep
|turn|32
|
|t:|1781019015
|move|p1a: diddy kong|Grassy Glide|p2a: Darkrai
|-damage|p2a: Darkrai|0 fnt
|faint|p2a: Darkrai
|
|-heal|p1a: diddy kong|14/100|[from] Grassy Terrain
|-fieldend|move: Grassy Terrain
|upkeep
|
|t:|1781019018
|switch|p2a: Scizor|Scizor, F, shiny|55/100
|turn|33
|
|t:|1781019029
|move|p2a: Scizor|Bullet Punch|p1a: diddy kong
|-damage|p1a: diddy kong|0 fnt
|-damage|p2a: Scizor|39/100|[from] item: Rocky Helmet|[of] p1a: diddy kong
|faint|p1a: diddy kong
|
|upkeep
|
|t:|1781019031
|switch|p1a: goobing bolt|Raging Bolt|47/100
|-damage|p1a: goobing bolt|35/100|[from] Stealth Rock
|turn|34
|
|t:|1781019059
|switch|p2a: Primarina|Primarina, F|75/100
|move|p1a: goobing bolt|Thunderbolt|p2a: Primarina
|-supereffective|p2a: Primarina
|-damage|p2a: Primarina|0 fnt
|faint|p2a: Primarina
|
|upkeep
|
|t:|1781019064
|switch|p2a: Ogerpon|Ogerpon-Wellspring, F|50/100
|turn|35
|
|t:|1781019071
|-end|p1a: goobing bolt|Protosynthesis|[silent]
|switch|p1a: cheap tusk|Great Tusk, tera:Grass|29/100
|-damage|p1a: cheap tusk|17/100|[from] Stealth Rock
|move|p2a: Ogerpon|Knock Off|p1a: cheap tusk
|-damage|p1a: cheap tusk|0 fnt
|faint|p1a: cheap tusk
|-end|p1a: cheap tusk|Protosynthesis|[silent]
|
|upkeep
|
|t:|1781019072
|switch|p1a: gay alladin|Enamorus, F|27/100
|-damage|p1a: gay alladin|2/100|[from] Stealth Rock
|turn|36
|
|t:|1781019078
|move|p1a: gay alladin|Healing Wish|p1a: gay alladin
|faint|p1a: gay alladin
|move|p2a: Ogerpon|Horn Leech|p1: gay alladin|[notarget]
|-fail|p2a: Ogerpon
|
|upkeep
|
|t:|1781019079
|switch|p1a: goobing bolt|Raging Bolt|35/100
|-heal|p1a: goobing bolt|100/100|[from] move: Healing Wish
|-damage|p1a: goobing bolt|88/100|[from] Stealth Rock
|turn|37
|
|t:|1781019102
|move|p2a: Ogerpon|Knock Off|p1a: goobing bolt
|-damage|p1a: goobing bolt|50/100
|-enditem|p1a: goobing bolt|Choice Specs|[from] move: Knock Off|[of] p2a: Ogerpon
|move|p1a: goobing bolt|Thunderbolt|p2a: Ogerpon
|-damage|p2a: Ogerpon|0 fnt
|faint|p2a: Ogerpon
|
|upkeep
|
|t:|1781019110
|switch|p2a: Scizor|Scizor, F, shiny|39/100
|turn|38
|
|t:|1781019113
|-terastallize|p2a: Scizor|Steel
|move|p1a: goobing bolt|Thunderclap|p2a: Scizor
|-damage|p2a: Scizor|0 fnt
|faint|p2a: Scizor
|
|win|n5v
|raw|n5v's rating: 1531 &rarr; <strong>1550</strong><br />(+19 for winning)
|raw|greatestwarriors's rating: 1520 &rarr; <strong>1501</strong><br />(-19 for losing)
|c|☆n5v|gg
