|j|☆dior on ice
|j|☆Ryzuqi
|t:|1780917339
|gametype|singles
|player|p1|dior on ice|swimmerf|1539
|player|p2|Ryzuqi|101|1493
|gen|9
|tier|[Gen 9] OU
|rated|
|rule|HP Percentage Mod: HP is shown in percentages
|rule|Endless Battle Clause: Forcing endless battles is banned
|rule|Species Clause: Limit one of each Pokémon
|rule|OHKO Clause: OHKO moves are banned
|rule|Evasion Items Clause: Evasion items are banned
|rule|Evasion Moves Clause: Evasion moves are banned
|rule|Evasion Abilities Clause: Evasion abilities are banned
|rule|Sleep Moves Clause: Sleep-inducing moves are banned
|clearpoke
|poke|p1|Araquanid, F|
|poke|p1|Raging Bolt|
|poke|p1|Iron Moth|
|poke|p1|Great Tusk|
|poke|p1|Gholdengo|
|poke|p1|Kingambit, F|
|poke|p2|Enamorus, F|
|poke|p2|Ursaluna, F|
|poke|p2|Volcanion|
|poke|p2|Hatterene, F|
|poke|p2|Diancie|
|poke|p2|Cresselia, F|
|teampreview
|inactive|Battle timer is ON: inactive players will automatically lose when time's up. (requested by dior on ice)
|
|t:|1780917351
|teamsize|p1|6
|teamsize|p2|6
|start
|switch|p1a: Iron Moth|Iron Moth, shiny|100/100
|switch|p2a: Volcanion|Volcanion|100/100
|turn|1
|
|t:|1780917356
|move|p1a: Iron Moth|Sludge Wave|p2a: Volcanion
|-damage|p2a: Volcanion|29/100
|-status|p2a: Volcanion|psn
|-damage|p1a: Iron Moth|91/100|[from] item: Life Orb
|move|p2a: Volcanion|Steam Eruption|p1a: Iron Moth
|-supereffective|p1a: Iron Moth
|-damage|p1a: Iron Moth|0 fnt
|faint|p1a: Iron Moth
|-end|p1a: Iron Moth|Quark Drive|[silent]
|
|-damage|p2a: Volcanion|17/100 psn|[from] psn
|upkeep
|
|t:|1780917358
|switch|p1a: Araquanid|Araquanid, F, shiny|100/100
|turn|2
|
|t:|1780917361
|switch|p2a: Hatterene|Hatterene, F|100/100
|move|p1a: Araquanid|Sticky Web|p2a: Hatterene
|move|p2a: Hatterene|Sticky Web|p1a: Araquanid|[from] ability: Magic Bounce
|-sidestart|p1: dior on ice|move: Sticky Web
|
|upkeep
|turn|3
|
|t:|1780917368
|move|p1a: Araquanid|Liquidation|p2a: Hatterene
|-damage|p2a: Hatterene|55/100
|move|p2a: Hatterene|Psychic Noise|p1a: Araquanid
|-damage|p1a: Araquanid|73/100
|-start|p1a: Araquanid|move: Heal Block
|
|upkeep
|turn|4
|
|t:|1780917397
|move|p1a: Araquanid|Liquidation|p2a: Hatterene
|-damage|p2a: Hatterene|6/100
|-unboost|p2a: Hatterene|def|1
|move|p2a: Hatterene|Trick Room|p2a: Hatterene
|-fieldstart|move: Trick Room|[of] p2a: Hatterene
|
|-end|p1a: Araquanid|move: Heal Block
|upkeep
|turn|5
|
|t:|1780917403
|move|p2a: Hatterene|Healing Wish|p2a: Hatterene
|faint|p2a: Hatterene
|move|p1a: Araquanid|Liquidation|p2: Hatterene|[notarget]
|-fail|p1a: Araquanid
|
|upkeep
|
|t:|1780917406
|switch|p2a: Volcanion|Volcanion|17/100 psn
|-heal|p2a: Volcanion|100/100|[from] move: Healing Wish
|turn|6
|
|t:|1780917423
|switch|p2a: Cresselia|Cresselia, F|100/100
|move|p1a: Araquanid|Sticky Web|p2a: Cresselia
|-sidestart|p2: Ryzuqi|move: Sticky Web
|
|upkeep
|turn|7
|
|t:|1780917441
|move|p1a: Araquanid|Liquidation|p2a: Cresselia
|-damage|p2a: Cresselia|72/100
|move|p2a: Cresselia|Reflect|p2a: Cresselia
|-sidestart|p2: Ryzuqi|Reflect
|
|upkeep
|turn|8
|
|t:|1780917446
|switch|p2a: Enamorus|Enamorus, F|100/100
|-enditem|p2a: Enamorus|Room Service
|-boost|p2a: Enamorus|spe|1|[from] item: Room Service
|move|p1a: Araquanid|Liquidation|p2a: Enamorus
|-damage|p2a: Enamorus|62/100
|
|-fieldend|move: Trick Room
|upkeep
|turn|9
|
|t:|1780917454
|move|p2a: Enamorus|Superpower|p1a: Araquanid
|-resisted|p1a: Araquanid
|-damage|p1a: Araquanid|56/100
|-boost|p2a: Enamorus|atk|1
|-boost|p2a: Enamorus|def|1
|move|p1a: Araquanid|Liquidation|p2a: Enamorus
|-damage|p2a: Enamorus|38/100
|
|upkeep
|turn|10
|
|t:|1780917461
|move|p2a: Enamorus|Superpower|p1a: Araquanid
|-resisted|p1a: Araquanid
|-damage|p1a: Araquanid|29/100
|-boost|p2a: Enamorus|atk|1
|-boost|p2a: Enamorus|def|1
|move|p1a: Araquanid|Liquidation|p2a: Enamorus
|-damage|p2a: Enamorus|17/100
|-boost|p2a: Enamorus|def|1
|
|upkeep
|turn|11
|
|t:|1780917464
|move|p2a: Enamorus|Play Rough|p1a: Araquanid
|-damage|p1a: Araquanid|0 fnt
|faint|p1a: Araquanid
|
|-sideend|p2: Ryzuqi|Reflect
|upkeep
|
|t:|1780917467
|switch|p1a: Gholdengo|Gholdengo, shiny|100/100
|-item|p1a: Gholdengo|Air Balloon
|turn|12
|
|t:|1780917475
|move|p2a: Enamorus|Play Rough|p1a: Gholdengo
|-resisted|p1a: Gholdengo
|-damage|p1a: Gholdengo|54/100
|-enditem|p1a: Gholdengo|Air Balloon
|move|p1a: Gholdengo|Shadow Ball|p2a: Enamorus
|-damage|p2a: Enamorus|0 fnt
|faint|p2a: Enamorus
|
|upkeep
|
|t:|1780917487
|switch|p2a: Volcanion|Volcanion|100/100
|-activate|p2a: Volcanion|move: Sticky Web
|-unboost|p2a: Volcanion|spe|1
|turn|13
|
|t:|1780917490
|move|p1a: Gholdengo|Shadow Ball|p2a: Volcanion
|-damage|p2a: Volcanion|54/100
|-unboost|p2a: Volcanion|spd|1
|move|p2a: Volcanion|Flamethrower|p1a: Gholdengo
|-supereffective|p1a: Gholdengo
|-damage|p1a: Gholdengo|0 fnt
|faint|p1a: Gholdengo
|
|upkeep
|
|t:|1780917495
|switch|p1a: Great Tusk|Great Tusk, shiny|100/100
|-activate|p1a: Great Tusk|move: Sticky Web
|-unboost|p1a: Great Tusk|spe|1
|-enditem|p1a: Great Tusk|Booster Energy
|-activate|p1a: Great Tusk|ability: Protosynthesis|[fromitem]
|-start|p1a: Great Tusk|protosynthesisatk
|turn|14
|
|t:|1780917506
|switch|p2a: Cresselia|Cresselia, F|72/100
|move|p1a: Great Tusk|Rapid Spin|p2a: Cresselia
|-damage|p2a: Cresselia|56/100
|-boost|p1a: Great Tusk|spe|1
|-sideend|p1: dior on ice|Sticky Web|[from] move: Rapid Spin|[of] p1a: Great Tusk
|
|upkeep
|turn|15
|
|t:|1780917515
|-end|p1a: Great Tusk|Protosynthesis|[silent]
|switch|p1a: Raging Bolt|Raging Bolt|100/100
|move|p2a: Cresselia|Trick Room|p2a: Cresselia
|-fieldstart|move: Trick Room|[of] p2a: Cresselia
|
|upkeep
|turn|16
|
|t:|1780917519
|switch|p2a: Ursaluna|Ursaluna, F|100/100
|-activate|p2a: Ursaluna|move: Sticky Web
|-unboost|p2a: Ursaluna|spe|1
|move|p1a: Raging Bolt|Calm Mind|p1a: Raging Bolt
|-boost|p1a: Raging Bolt|spa|1
|-boost|p1a: Raging Bolt|spd|1
|
|-status|p2a: Ursaluna|brn|[from] item: Flame Orb
|upkeep
|turn|17
|
|t:|1780917524
|-terastallize|p1a: Raging Bolt|Ghost
|move|p2a: Ursaluna|Headlong Rush|p1a: Raging Bolt
|-damage|p1a: Raging Bolt|2/100
|-unboost|p2a: Ursaluna|def|1
|-unboost|p2a: Ursaluna|spd|1
|move|p1a: Raging Bolt|Dragon Pulse|p2a: Ursaluna
|-damage|p2a: Ursaluna|0 fnt
|faint|p2a: Ursaluna
|
|upkeep
|
|t:|1780917547
|switch|p2a: Diancie|Diancie|100/100
|-activate|p2a: Diancie|move: Sticky Web
|-fail|p2a: Diancie|unboost|[from] ability: Clear Body|[of] p2a: Diancie
|turn|18
|
|t:|1780917552
|move|p1a: Raging Bolt|Thunderclap|p2a: Diancie
|-damage|p2a: Diancie|49/100
|move|p2a: Diancie|Moonblast|p1a: Raging Bolt
|-damage|p1a: Raging Bolt|0 fnt
|faint|p1a: Raging Bolt
|-end|p1a: Raging Bolt|Protosynthesis|[silent]
|
|upkeep
|
|t:|1780917556
|switch|p1a: Great Tusk|Great Tusk, shiny|100/100
|turn|19
|
|t:|1780917559
|move|p2a: Diancie|Moonblast|p1a: Great Tusk
|-supereffective|p1a: Great Tusk
|-damage|p1a: Great Tusk|0 fnt
|faint|p1a: Great Tusk
|-end|p1a: Great Tusk|Protosynthesis|[silent]
|
|-fieldend|move: Trick Room
|upkeep
|
|t:|1780917561
|switch|p1a: Kingambit|Kingambit, F, shiny|100/100
|-activate|p1a: Kingambit|ability: Supreme Overlord
|-start|p1a: Kingambit|fallen5|[silent]
|turn|20
|
|t:|1780917563
|move|p1a: Kingambit|Iron Head|p2a: Diancie
|-supereffective|p2a: Diancie
|-damage|p2a: Diancie|0 fnt
|faint|p2a: Diancie
|
|upkeep
|
|t:|1780917574
|switch|p2a: Cresselia|Cresselia, F|56/100
|turn|21
|
|t:|1780917584
|move|p1a: Kingambit|Swords Dance|p1a: Kingambit
|-boost|p1a: Kingambit|atk|2
|move|p2a: Cresselia|Reflect|p2a: Cresselia
|-sidestart|p2: Ryzuqi|Reflect
|
|upkeep
|turn|22
|
|t:|1780917590
|move|p1a: Kingambit|Swords Dance|p1a: Kingambit
|-boost|p1a: Kingambit|atk|2
|move|p2a: Cresselia|Trick Room|p2a: Cresselia
|-fieldstart|move: Trick Room|[of] p2a: Cresselia
|
|upkeep
|turn|23
|
|t:|1780917596
|move|p2a: Cresselia|Lunar Dance|p2a: Cresselia
|faint|p2a: Cresselia
|move|p1a: Kingambit|Swords Dance|p1a: Kingambit
|-boost|p1a: Kingambit|atk|2
|
|upkeep
|
|t:|1780917598
|switch|p2a: Volcanion|Volcanion|54/100
|-heal|p2a: Volcanion|100/100|[from] move: Lunar Dance
|-activate|p2a: Volcanion|move: Sticky Web
|-unboost|p2a: Volcanion|spe|1
|turn|24
|
|t:|1780917610
|move|p1a: Kingambit|Sucker Punch|p2a: Volcanion
|-damage|p2a: Volcanion|17/100
|move|p2a: Volcanion|Flamethrower|p1a: Kingambit
|-supereffective|p1a: Kingambit
|-damage|p1a: Kingambit|0 fnt
|faint|p1a: Kingambit
|-end|p1a: Kingambit|fallen5|[silent]
|
|win|Ryzuqi
|raw|dior on ice's rating: 1539 &rarr; <strong>1516</strong><br />(-23 for losing)
|raw|Ryzuqi's rating: 1493 &rarr; <strong>1516</strong><br />(+23 for winning)
|l|☆dior on ice
|player|p1|
|l|☆Ryzuqi
|player|p2|
