|j|☆post spring
|j|☆KurisuChestnutLab
|t:|1781143175
|gametype|singles
|player|p1|post spring|lady-gen4|1606
|player|p2|KurisuChestnutLab|may-contest|1569
|gen|9
|tier|[Gen 9] OU
|rated|
|rule|HP Percentage Mod: HP is shown in percentages
|rule|Endless Battle Clause: Forcing endless battles is banned
|rule|Species Clause: Limit one of each Pokémon
|rule|OHKO Clause: OHKO moves are banned
|rule|Evasion Items Clause: Evasion items are banned
|rule|Evasion Moves Clause: Evasion moves are banned
|rule|Evasion Abilities Clause: Evasion abilities are banned
|rule|Sleep Moves Clause: Sleep-inducing moves are banned
|clearpoke
|poke|p1|Ribombee, F|
|poke|p1|Raging Bolt|
|poke|p1|Gholdengo|
|poke|p1|Enamorus, F|
|poke|p1|Iron Moth|
|poke|p1|Kingambit, F|
|poke|p2|Primarina, M|
|poke|p2|Hippowdon, M|
|poke|p2|Skarmory, F|
|poke|p2|Zapdos|
|poke|p2|Dragonite, M|
|poke|p2|Slowking, F|
|teampreview
|inactive|Battle timer is ON: inactive players will automatically lose when time's up. (requested by post spring)
|inactive|KurisuChestnutLab also wants the timer to be on.
|inactive|post spring has 120 seconds left.
|
|t:|1781143220
|teamsize|p1|6
|teamsize|p2|6
|start
|switch|p1a: Ribombee|Ribombee, F|100/100
|switch|p2a: Zapdos|Zapdos|100/100
|turn|1
|
|t:|1781143233
|move|p1a: Ribombee|Sticky Web|p2a: Zapdos
|-sidestart|p2: KurisuChestnutLab|move: Sticky Web
|move|p2a: Zapdos|Volt Switch|p1a: Ribombee
|-damage|p1a: Ribombee|53/100
|
|t:|1781143238
|switch|p2a: Primarina|Primarina, M|100/100|[from] Volt Switch
|-activate|p2a: Primarina|move: Sticky Web
|-unboost|p2a: Primarina|spe|1
|
|upkeep
|turn|2
|
|t:|1781143245
|move|p1a: Ribombee|Stun Spore|p2a: Primarina
|-status|p2a: Primarina|par
|cant|p2a: Primarina|par
|
|upkeep
|turn|3
|
|t:|1781143249
|move|p1a: Ribombee|Moonblast|p2a: Primarina
|-damage|p2a: Primarina|78/100 par
|-unboost|p2a: Primarina|spa|1
|cant|p2a: Primarina|par
|
|upkeep
|turn|4
|
|t:|1781143256
|move|p1a: Ribombee|Moonblast|p2a: Primarina
|-damage|p2a: Primarina|55/100 par
|move|p2a: Primarina|Flip Turn|p1a: Ribombee
|-damage|p1a: Ribombee|28/100
|
|t:|1781143259
|switch|p2a: Dragonite|Dragonite, M|100/100|[from] Flip Turn
|
|upkeep
|turn|5
|
|t:|1781143275
|switch|p2a: Zapdos|Zapdos|100/100
|move|p1a: Ribombee|Moonblast|p2a: Zapdos
|-damage|p2a: Zapdos|60/100
|-unboost|p2a: Zapdos|spa|1
|
|upkeep
|turn|6
|
|t:|1781143279
|move|p1a: Ribombee|Psychic Noise|p2a: Zapdos
|-damage|p2a: Zapdos|38/100
|-start|p2a: Zapdos|move: Heal Block
|move|p2a: Zapdos|Volt Switch|p1a: Ribombee
|-damage|p1a: Ribombee|0 fnt
|faint|p1a: Ribombee
|
|t:|1781143283
|switch|p2a: Primarina|Primarina, M|55/100 par|[from] Volt Switch
|-activate|p2a: Primarina|move: Sticky Web
|-unboost|p2a: Primarina|spe|1
|
|upkeep
|
|t:|1781143287
|switch|p1a: Iron Moth|Iron Moth|100/100
|-enditem|p1a: Iron Moth|Booster Energy
|-activate|p1a: Iron Moth|ability: Quark Drive|[fromitem]
|-start|p1a: Iron Moth|quarkdrivespa
|turn|7
|
|t:|1781143290
|move|p1a: Iron Moth|Substitute|p1a: Iron Moth
|-start|p1a: Iron Moth|Substitute
|-damage|p1a: Iron Moth|76/100
|cant|p2a: Primarina|par
|
|upkeep
|turn|8
|
|t:|1781143296
|-terastallize|p2a: Primarina|Poison
|move|p1a: Iron Moth|Sludge Wave|p2a: Primarina
|-resisted|p2a: Primarina
|-damage|p2a: Primarina|36/100 par
|move|p2a: Primarina|Flip Turn|p1a: Iron Moth
|-supereffective|p1a: Iron Moth
|-end|p1a: Iron Moth|Substitute
|
|t:|1781143302
|switch|p2a: Dragonite|Dragonite, M|100/100|[from] Flip Turn
|
|upkeep
|turn|9
|
|t:|1781143305
|move|p1a: Iron Moth|Sludge Wave|p2a: Dragonite
|-damage|p2a: Dragonite|66/100
|move|p2a: Dragonite|Dragon Dance|p2a: Dragonite
|-boost|p2a: Dragonite|atk|1
|-boost|p2a: Dragonite|spe|1
|
|upkeep
|turn|10
|
|t:|1781143309
|switch|p2a: Zapdos|Zapdos|38/100
|move|p1a: Iron Moth|Sludge Wave|p2a: Zapdos
|-damage|p2a: Zapdos|0 fnt
|faint|p2a: Zapdos
|
|upkeep
|j| catgirlreiuji
|
|t:|1781143313
|switch|p2a: Primarina|Primarina, M, tera:Poison|36/100 par
|-activate|p2a: Primarina|move: Sticky Web
|-unboost|p2a: Primarina|spe|1
|turn|11
|
|t:|1781143317
|move|p1a: Iron Moth|Fiery Dance|p2a: Primarina
|-damage|p2a: Primarina|4/100 par
|-boost|p1a: Iron Moth|spa|1
|move|p2a: Primarina|Surf|p1a: Iron Moth
|-supereffective|p1a: Iron Moth
|-damage|p1a: Iron Moth|0 fnt
|faint|p1a: Iron Moth
|-end|p1a: Iron Moth|Quark Drive|[silent]
|
|upkeep
|
|t:|1781143323
|switch|p1a: Enamorus|Enamorus, F|100/100
|turn|12
|
|t:|1781143327
|move|p1a: Enamorus|Moonblast|p2a: Primarina
|-resisted|p2a: Primarina
|-damage|p2a: Primarina|0 fnt
|faint|p2a: Primarina
|
|upkeep
|
|t:|1781143333
|switch|p2a: Slowking|Slowking, F|100/100
|turn|13
|
|t:|1781143344
|move|p1a: Enamorus|Moonblast|p2a: Slowking
|-damage|p2a: Slowking|53/100
|-unboost|p2a: Slowking|spa|1
|move|p2a: Slowking|Slack Off|p2a: Slowking
|-heal|p2a: Slowking|100/100
|
|upkeep
|turn|14
|
|t:|1781143349
|move|p1a: Enamorus|Moonblast|p2a: Slowking
|-damage|p2a: Slowking|56/100
|-unboost|p2a: Slowking|spa|1
|move|p2a: Slowking|Slack Off|p2a: Slowking
|-heal|p2a: Slowking|100/100
|
|upkeep
|turn|15
|
|t:|1781143353
|move|p1a: Enamorus|Moonblast|p2a: Slowking
|-damage|p2a: Slowking|54/100
|-unboost|p2a: Slowking|spa|1
|move|p2a: Slowking|Scald|p1a: Enamorus
|-damage|p1a: Enamorus|83/100
|
|upkeep
|turn|16
|
|t:|1781143360
|-terastallize|p1a: Enamorus|Fairy
|move|p1a: Enamorus|Moonblast|p2a: Slowking
|-damage|p2a: Slowking|0 fnt
|faint|p2a: Slowking
|
|upkeep
|
|t:|1781143368
|switch|p2a: Skarmory|Skarmory, F|100/100
|turn|17
|
|t:|1781143373
|move|p1a: Enamorus|Moonblast|p2a: Skarmory
|-resisted|p2a: Skarmory
|-damage|p2a: Skarmory|35/100
|-unboost|p2a: Skarmory|spa|1
|move|p2a: Skarmory|Roost|p2a: Skarmory
|-heal|p2a: Skarmory|85/100
|-singleturn|p2a: Skarmory|move: Roost
|
|-heal|p2a: Skarmory|91/100|[from] item: Leftovers
|upkeep
|turn|18
|
|t:|1781143376
|move|p1a: Enamorus|Moonblast|p2a: Skarmory
|-resisted|p2a: Skarmory
|-damage|p2a: Skarmory|27/100
|move|p2a: Skarmory|Iron Head|p1a: Enamorus
|-supereffective|p1a: Enamorus
|-damage|p1a: Enamorus|7/100
|
|-heal|p2a: Skarmory|33/100|[from] item: Leftovers
|upkeep
|turn|19
|
|t:|1781143380
|move|p1a: Enamorus|Moonblast|p2a: Skarmory
|-resisted|p2a: Skarmory
|-damage|p2a: Skarmory|0 fnt
|faint|p2a: Skarmory
|
|upkeep
|
|t:|1781143384
|switch|p2a: Dragonite|Dragonite, M|66/100
|turn|20
|
|t:|1781143387
|move|p2a: Dragonite|Extreme Speed|p1a: Enamorus
|-crit|p1a: Enamorus
|-damage|p1a: Enamorus|0 fnt
|faint|p1a: Enamorus
|
|upkeep
|
|t:|1781143389
|switch|p1a: Raging Bolt|Raging Bolt|100/100
|-enditem|p1a: Raging Bolt|Booster Energy
|-activate|p1a: Raging Bolt|ability: Protosynthesis|[fromitem]
|-start|p1a: Raging Bolt|protosynthesisspa
|turn|21
|
|t:|1781143393
|move|p2a: Dragonite|Roost|p2a: Dragonite
|-heal|p2a: Dragonite|100/100
|-singleturn|p2a: Dragonite|move: Roost
|move|p1a: Raging Bolt|Dragon Pulse|p2a: Dragonite
|-supereffective|p2a: Dragonite
|-damage|p2a: Dragonite|27/100
|
|upkeep
|turn|22
|
|t:|1781143397
|move|p2a: Dragonite|Roost|p2a: Dragonite
|-heal|p2a: Dragonite|77/100
|-singleturn|p2a: Dragonite|move: Roost
|move|p1a: Raging Bolt|Dragon Pulse|p2a: Dragonite
|-supereffective|p2a: Dragonite
|-damage|p2a: Dragonite|0 fnt
|faint|p2a: Dragonite
|
|upkeep
|
|t:|1781143400
|switch|p2a: Hippowdon|Hippowdon, M|100/100
|-activate|p2a: Hippowdon|move: Sticky Web
|-unboost|p2a: Hippowdon|spe|1
|-weather|Sandstorm|[from] ability: Sand Stream|[of] p2a: Hippowdon
|turn|23
|
|t:|1781143403
|move|p1a: Raging Bolt|Dragon Pulse|p2a: Hippowdon
|-damage|p2a: Hippowdon|35/100
|move|p2a: Hippowdon|Whirlwind|p1a: Raging Bolt
|-end|p1a: Raging Bolt|Protosynthesis|[silent]
|drag|p1a: Gholdengo|Gholdengo|100/100
|-item|p1a: Gholdengo|Air Balloon
|
|-weather|Sandstorm|[upkeep]
|-heal|p2a: Hippowdon|41/100|[from] item: Leftovers
|upkeep
|turn|24
|
|t:|1781143410
|move|p1a: Gholdengo|Make It Rain|p2a: Hippowdon
|-damage|p2a: Hippowdon|0 fnt
|-unboost|p1a: Gholdengo|spa|1
|faint|p2a: Hippowdon
|
|win|post spring
|raw|post spring's rating: 1606 &rarr; <strong>1623</strong><br />(+17 for winning)
|raw|KurisuChestnutLab's rating: 1549 &rarr; <strong>1532</strong><br />(-17 for losing)
|l|☆post spring
|player|p1|
