|j|☆LowEL0God
|j|☆billythekid95
|t:|1781096233
|gametype|singles
|player|p1|LowEL0God|265|1533
|player|p2|billythekid95|1|1512
|gen|9
|tier|[Gen 9] OU
|rated|
|rule|HP Percentage Mod: HP is shown in percentages
|rule|Endless Battle Clause: Forcing endless battles is banned
|rule|Species Clause: Limit one of each Pokémon
|rule|OHKO Clause: OHKO moves are banned
|rule|Evasion Items Clause: Evasion items are banned
|rule|Evasion Moves Clause: Evasion moves are banned
|rule|Evasion Abilities Clause: Evasion abilities are banned
|rule|Sleep Moves Clause: Sleep-inducing moves are banned
|clearpoke
|poke|p1|Pelipper, M|
|poke|p1|Torkoal, M|
|poke|p1|Walking Wake|
|poke|p1|Kyurem|
|poke|p1|Ninetales-Alola, F|
|poke|p1|Ogerpon-Wellspring, F|
|poke|p2|Okidogi, M|
|poke|p2|Kingambit, F|
|poke|p2|Ninetales-Alola, M|
|poke|p2|Regieleki|
|poke|p2|Latias, F|
|poke|p2|Landorus-Therian, M|
|teampreview
|c|☆LowEL0God|hf
|inactive|Battle timer is ON: inactive players will automatically lose when time's up. (requested by LowEL0God)
|inactive|billythekid95 has 120 seconds left.
|
|t:|1781096287
|teamsize|p1|6
|teamsize|p2|6
|start
|switch|p1a: Ninetales|Ninetales-Alola, F|100/100
|switch|p2a: Landorus|Landorus-Therian, M|100/100
|-weather|Snowscape|[from] ability: Snow Warning|[of] p1a: Ninetales
|-ability|p2a: Landorus|Intimidate|boost
|-unboost|p1a: Ninetales|atk|1
|turn|1
|
|t:|1781096295
|move|p1a: Ninetales|Aurora Veil|p1a: Ninetales
|-sidestart|p1: LowEL0God|move: Aurora Veil
|move|p2a: Landorus|Stealth Rock|p1a: Ninetales
|-sidestart|p1: LowEL0God|move: Stealth Rock
|
|-weather|Snowscape|[upkeep]
|upkeep
|turn|2
|
|t:|1781096301
|switch|p1a: Ogerpon|Ogerpon-Wellspring, F|100/100
|-damage|p1a: Ogerpon|88/100|[from] Stealth Rock
|switch|p2a: Ninetales|Ninetales-Alola, M|100/100
|
|-weather|Snowscape|[upkeep]
|upkeep
|turn|3
|
|t:|1781096308
|move|p1a: Ogerpon|Ivy Cudgel|p2a: Ninetales|[anim] Ivy Cudgel Water
|-damage|p2a: Ninetales|53/100
|move|p2a: Ninetales|Aurora Veil|p2a: Ninetales
|-sidestart|p2: billythekid95|move: Aurora Veil
|
|-weather|Snowscape|[upkeep]
|upkeep
|turn|4
|
|t:|1781096314
|move|p1a: Ogerpon|Swords Dance|p1a: Ogerpon
|-boost|p1a: Ogerpon|atk|2
|move|p2a: Ninetales|Freeze-Dry|p1a: Ogerpon
|-supereffective|p1a: Ogerpon
|-damage|p1a: Ogerpon|38/100
|
|-weather|Snowscape|[upkeep]
|upkeep
|turn|5
|
|t:|1781096338
|switch|p2a: Landorus|Landorus-Therian, M|100/100
|-ability|p2a: Landorus|Intimidate|boost
|-unboost|p1a: Ogerpon|atk|1
|move|p1a: Ogerpon|Horn Leech|p2a: Landorus
|-damage|p2a: Landorus|66/100
|-heal|p1a: Ogerpon|60/100|[from] drain|[of] p2a: Landorus
|-damage|p1a: Ogerpon|44/100|[from] item: Rocky Helmet|[of] p2a: Landorus
|
|-weather|Snowscape|[upkeep]
|-sideend|p1: LowEL0God|move: Aurora Veil
|upkeep
|turn|6
|
|t:|1781096348
|move|p1a: Ogerpon|Ivy Cudgel|p2a: Landorus|[anim] Ivy Cudgel Water
|-supereffective|p2a: Landorus
|-damage|p2a: Landorus|0 fnt
|faint|p2a: Landorus
|
|-weather|Snowscape|[upkeep]
|upkeep
|
|t:|1781096354
|switch|p2a: Regieleki|Regieleki|100/100
|turn|7
|
|t:|1781096357
|switch|p1a: Ninetales|Ninetales-Alola, F|100/100
|-damage|p1a: Ninetales|76/100|[from] Stealth Rock
|move|p2a: Regieleki|Thunderbolt|p1a: Ninetales
|-damage|p1a: Ninetales|22/100
|
|-weather|Snowscape|[upkeep]
|upkeep
|turn|8
|
|t:|1781096364
|switch|p1a: Kyurem|Kyurem|100/100
|-damage|p1a: Kyurem|76/100|[from] Stealth Rock
|-ability|p1a: Kyurem|Pressure
|move|p2a: Regieleki|Thunderbolt|p1a: Kyurem
|-resisted|p1a: Kyurem
|-damage|p1a: Kyurem|48/100
|
|-weather|none
|upkeep
|turn|9
|
|t:|1781096373
|move|p2a: Regieleki|Thunderbolt|p1a: Kyurem
|-resisted|p1a: Kyurem
|-damage|p1a: Kyurem|22/100
|move|p1a: Kyurem|Earth Power|p2a: Regieleki
|-supereffective|p2a: Regieleki
|-damage|p2a: Regieleki|45/100
|
|upkeep
|turn|10
|
|t:|1781096379
|move|p2a: Regieleki|Thunderbolt|p1a: Kyurem
|-resisted|p1a: Kyurem
|-damage|p1a: Kyurem|0 fnt
|faint|p1a: Kyurem
|
|-sideend|p2: billythekid95|move: Aurora Veil
|upkeep
|
|t:|1781096379
|switch|p1a: Walking Wake|Walking Wake|100/100
|-damage|p1a: Walking Wake|88/100|[from] Stealth Rock
|turn|11
|
|t:|1781096387
|move|p2a: Regieleki|Thunder Wave|p1a: Walking Wake
|-status|p1a: Walking Wake|par
|move|p1a: Walking Wake|Flamethrower|p2a: Regieleki
|-damage|p2a: Regieleki|0 fnt
|faint|p2a: Regieleki
|
|upkeep
|
|t:|1781096396
|switch|p2a: Ninetales|Ninetales-Alola, M|53/100
|-weather|Snowscape|[from] ability: Snow Warning|[of] p2a: Ninetales
|turn|12
|
|t:|1781096400
|-end|p1a: Walking Wake|Protosynthesis|[silent]
|switch|p1a: Torkoal|Torkoal, M|100/100
|-damage|p1a: Torkoal|76/100|[from] Stealth Rock
|-weather|SunnyDay|[from] ability: Drought|[of] p1a: Torkoal
|move|p2a: Ninetales|Aurora Veil||[still]
|-fail|p2a: Ninetales
|
|-weather|SunnyDay|[upkeep]
|upkeep
|turn|13
|
|t:|1781096422
|switch|p2a: Kingambit|Kingambit, F|100/100
|-activate|p2a: Kingambit|ability: Supreme Overlord
|-start|p2a: Kingambit|fallen2|[silent]
|move|p1a: Torkoal|Rapid Spin|p2a: Kingambit
|-resisted|p2a: Kingambit
|-damage|p2a: Kingambit|97/100
|-boost|p1a: Torkoal|spe|1
|-sideend|p1: LowEL0God|Stealth Rock|[from] move: Rapid Spin|[of] p1a: Torkoal
|
|-weather|SunnyDay|[upkeep]
|upkeep
|turn|14
|
|t:|1781096431
|move|p2a: Kingambit|Swords Dance|p2a: Kingambit
|-boost|p2a: Kingambit|atk|2
|move|p1a: Torkoal|Lava Plume|p2a: Kingambit
|-supereffective|p2a: Kingambit
|-damage|p2a: Kingambit|29/100
|
|-weather|SunnyDay|[upkeep]
|upkeep
|turn|15
|
|t:|1781096438
|move|p2a: Kingambit|Kowtow Cleave|p1a: Torkoal
|-damage|p1a: Torkoal|5/100
|move|p1a: Torkoal|Lava Plume|p2a: Kingambit
|-supereffective|p2a: Kingambit
|-damage|p2a: Kingambit|0 fnt
|faint|p2a: Kingambit
|-end|p2a: Kingambit|fallen2|[silent]
|
|-weather|SunnyDay|[upkeep]
|upkeep
|
|t:|1781096446
|switch|p2a: Ninetales|Ninetales-Alola, M|53/100
|-weather|Snowscape|[from] ability: Snow Warning|[of] p2a: Ninetales
|turn|16
|
|t:|1781096450
|switch|p1a: Ninetales|Ninetales-Alola, F|22/100
|move|p2a: Ninetales|Aurora Veil|p2a: Ninetales
|-sidestart|p2: billythekid95|move: Aurora Veil
|
|-weather|Snowscape|[upkeep]
|upkeep
|turn|17
|
|t:|1781096455
|move|p2a: Ninetales|Moonblast|p1a: Ninetales
|-damage|p1a: Ninetales|0 fnt
|faint|p1a: Ninetales
|
|-weather|Snowscape|[upkeep]
|upkeep
|
|t:|1781096455
|switch|p1a: Ogerpon|Ogerpon-Wellspring, F|44/100
|turn|18
|
|t:|1781096461
|move|p1a: Ogerpon|Ivy Cudgel|p2a: Ninetales|[anim] Ivy Cudgel Water
|-damage|p2a: Ninetales|27/100
|move|p2a: Ninetales|Freeze-Dry|p1a: Ogerpon
|-supereffective|p1a: Ogerpon
|-damage|p1a: Ogerpon|0 fnt
|faint|p1a: Ogerpon
|
|-weather|Snowscape|[upkeep]
|upkeep
|
|t:|1781096462
|switch|p1a: Torkoal|Torkoal, M|5/100
|-weather|SunnyDay|[from] ability: Drought|[of] p1a: Torkoal
|turn|19
|
|t:|1781096471
|move|p2a: Ninetales|Moonblast|p1a: Torkoal
|-resisted|p1a: Torkoal
|-damage|p1a: Torkoal|0 fnt
|faint|p1a: Torkoal
|
|-weather|SunnyDay|[upkeep]
|upkeep
|
|t:|1781096472
|switch|p1a: Hurricane Spam|Pelipper, M, shiny|100/100
|-weather|RainDance|[from] ability: Drizzle|[of] p1a: Hurricane Spam
|turn|20
|
|t:|1781096479
|-terastallize|p1a: Hurricane Spam|Water
|move|p2a: Ninetales|Freeze-Dry|p1a: Hurricane Spam
|-supereffective|p1a: Hurricane Spam
|-damage|p1a: Hurricane Spam|35/100
|move|p1a: Hurricane Spam|Hurricane|p2a: Ninetales
|-damage|p2a: Ninetales|0 fnt
|faint|p2a: Ninetales
|
|-weather|RainDance|[upkeep]
|upkeep
|
|t:|1781096493
|switch|p2a: Latias|Latias, F|100/100
|turn|21
|
|t:|1781096496
|move|p2a: Latias|Calm Mind|p2a: Latias
|-boost|p2a: Latias|spa|1
|-boost|p2a: Latias|spd|1
|move|p1a: Hurricane Spam|Hurricane|p2a: Latias
|-damage|p2a: Latias|83/100
|
|-weather|RainDance|[upkeep]
|-heal|p2a: Latias|89/100|[from] item: Leftovers
|upkeep
|turn|22
|
|t:|1781096504
|move|p2a: Latias|Stored Power|p1a: Hurricane Spam
|-damage|p1a: Hurricane Spam|0 fnt
|faint|p1a: Hurricane Spam
|
|-weather|RainDance|[upkeep]
|-heal|p2a: Latias|95/100|[from] item: Leftovers
|upkeep
|
|t:|1781096505
|switch|p1a: Walking Wake|Walking Wake|88/100 par
|turn|23
|
|t:|1781096512
|move|p2a: Latias|Draining Kiss|p1a: Walking Wake
|-supereffective|p1a: Walking Wake
|-damage|p1a: Walking Wake|47/100 par
|-heal|p2a: Latias|100/100|[from] drain|[of] p1a: Walking Wake
|move|p1a: Walking Wake|Flamethrower|p2a: Latias
|-resisted|p2a: Latias
|-damage|p2a: Latias|98/100
|
|-weather|RainDance|[upkeep]
|-heal|p2a: Latias|100/100|[from] item: Leftovers
|-sideend|p2: billythekid95|move: Aurora Veil
|upkeep
|turn|24
|
|t:|1781096522
|-terastallize|p2a: Latias|Fairy
|move|p2a: Latias|Draining Kiss|p1a: Walking Wake
|-supereffective|p1a: Walking Wake
|-damage|p1a: Walking Wake|0 fnt
|faint|p1a: Walking Wake
|-end|p1a: Walking Wake|Protosynthesis|[silent]
|
|win|billythekid95
|raw|LowEL0God's rating: 1533 &rarr; <strong>1512</strong><br />(-21 for losing)
|raw|billythekid95's rating: 1512 &rarr; <strong>1533</strong><br />(+21 for winning)
|l|☆billythekid95
|player|p2|
|c|☆LowEL0God|gg
|l|☆LowEL0God
|player|p1|
