|j|☆waha8
|j|☆Snurke
|t:|1781071831
|gametype|singles
|player|p1|waha8|101|1561
|player|p2|Snurke|265|1508
|gen|9
|tier|[Gen 9] OU
|rated|
|rule|HP Percentage Mod: HP is shown in percentages
|rule|Endless Battle Clause: Forcing endless battles is banned
|rule|Species Clause: Limit one of each Pokémon
|rule|OHKO Clause: OHKO moves are banned
|rule|Evasion Items Clause: Evasion items are banned
|rule|Evasion Moves Clause: Evasion moves are banned
|rule|Evasion Abilities Clause: Evasion abilities are banned
|rule|Sleep Moves Clause: Sleep-inducing moves are banned
|clearpoke
|poke|p1|Hydreigon, M|
|poke|p1|Scizor, F|
|poke|p1|Indeedee, M|
|poke|p1|Kyurem|
|poke|p1|Cetitan, M|
|poke|p1|Ninetales-Alola, F|
|poke|p2|Cinderace, F|
|poke|p2|Torkoal, M|
|poke|p2|Walking Wake|
|poke|p2|Ribombee, M|
|poke|p2|Raging Bolt|
|poke|p2|Great Tusk|
|teampreview
|
|t:|1781071853
|teamsize|p1|6
|teamsize|p2|6
|start
|switch|p1a: Scizor|Scizor, F|100/100
|switch|p2a: Torkoal|Torkoal, M, shiny|100/100
|-weather|SunnyDay|[from] ability: Drought|[of] p2a: Torkoal
|turn|1
|
|t:|1781071864
|switch|p1a: DeeDee|Indeedee, M|100/100
|-fieldstart|move: Psychic Terrain|[from] ability: Psychic Surge|[of] p1a: DeeDee
|move|p2a: Torkoal|Stealth Rock|p1a: DeeDee
|-sidestart|p1: waha8|move: Stealth Rock
|
|-weather|SunnyDay|[upkeep]
|upkeep
|turn|2
|
|t:|1781071887
|switch|p2a: Raging Bolt|Raging Bolt|100/100
|-activate|p2a: Raging Bolt|ability: Protosynthesis
|-start|p2a: Raging Bolt|protosynthesisspa
|move|p1a: DeeDee|Expanding Force|p2a: Raging Bolt
|-damage|p2a: Raging Bolt|62/100
|
|-weather|SunnyDay|[upkeep]
|upkeep
|turn|3
|
|t:|1781071900
|move|p1a: DeeDee|Expanding Force|p2a: Raging Bolt
|-damage|p2a: Raging Bolt|22/100
|move|p2a: Raging Bolt|Volt Switch|p1a: DeeDee
|-damage|p1a: DeeDee|23/100
|
|t:|1781071910
|-end|p2a: Raging Bolt|Protosynthesis|[silent]
|switch|p2a: Cinderace|Cinderace, F, shiny|100/100|[from] Volt Switch
|
|-weather|SunnyDay|[upkeep]
|upkeep
|turn|4
|
|t:|1781071933
|switch|p1a: Hydreigon|Hydreigon, M|100/100
|-damage|p1a: Hydreigon|88/100|[from] Stealth Rock
|move|p2a: Cinderace|U-turn|p1a: Hydreigon
|-start|p2a: Cinderace|typechange|Bug|[from] ability: Libero
|-supereffective|p1a: Hydreigon
|-damage|p1a: Hydreigon|0 fnt
|faint|p1a: Hydreigon
|
|t:|1781071952
|switch|p2a: Walking Wake|Walking Wake|100/100|[from] U-turn
|-activate|p2a: Walking Wake|ability: Protosynthesis
|-start|p2a: Walking Wake|protosynthesisspe
|
|-weather|SunnyDay|[upkeep]
|upkeep
|
|t:|1781071964
|switch|p1a: Mavis|Ninetales-Alola, F|100/100
|-damage|p1a: Mavis|76/100|[from] Stealth Rock
|-weather|Snowscape|[from] ability: Snow Warning|[of] p1a: Mavis
|-end|p2a: Walking Wake|Protosynthesis
|turn|5
|inactive|Battle timer is ON: inactive players will automatically lose when time's up. (requested by Snurke)
|
|t:|1781071975
|-end|p2a: Walking Wake|Protosynthesis|[silent]
|switch|p2a: Torkoal|Torkoal, M, shiny|100/100
|-weather|SunnyDay|[from] ability: Drought|[of] p2a: Torkoal
|move|p1a: Mavis|Aurora Veil||[still]
|-fail|p1a: Mavis
|
|-weather|SunnyDay|[upkeep]
|upkeep
|turn|6
|
|t:|1781071988
|move|p1a: Mavis|Moonblast|p2a: Torkoal
|-resisted|p2a: Torkoal
|-crit|p2a: Torkoal
|-damage|p2a: Torkoal|67/100
|move|p2a: Torkoal|Lava Plume|p1a: Mavis
|-supereffective|p1a: Mavis
|-crit|p1a: Mavis
|-damage|p1a: Mavis|0 fnt
|faint|p1a: Mavis
|
|-weather|SunnyDay|[upkeep]
|upkeep
|
|t:|1781071997
|switch|p1a: SubZero|Kyurem|100/100
|-damage|p1a: SubZero|76/100|[from] Stealth Rock
|-ability|p1a: SubZero|Pressure
|turn|7
|
|t:|1781072022
|switch|p2a: Ribombee|Ribombee, M, shiny|100/100
|move|p1a: SubZero|Dragon Dance|p1a: SubZero
|-boost|p1a: SubZero|atk|1
|-boost|p1a: SubZero|spe|1
|
|-weather|SunnyDay|[upkeep]
|upkeep
|turn|8
|
|t:|1781072034
|move|p1a: SubZero|Icicle Spear|p2a: Ribombee
|-damage|p2a: Ribombee|73/100
|-damage|p2a: Ribombee|42/100
|-damage|p2a: Ribombee|10/100
|-damage|p2a: Ribombee|0 fnt
|faint|p2a: Ribombee
|-hitcount|p2: Ribombee|4
|
|-weather|SunnyDay|[upkeep]
|-fieldend|move: Psychic Terrain
|upkeep
|
|t:|1781072042
|switch|p2a: Walking Wake|Walking Wake|100/100
|-activate|p2a: Walking Wake|ability: Protosynthesis
|-start|p2a: Walking Wake|protosynthesisspe
|turn|9
|
|t:|1781072050
|-terastallize|p1a: SubZero|Ice
|move|p2a: Walking Wake|Draco Meteor|p1a: SubZero
|-damage|p1a: SubZero|0 fnt
|-unboost|p2a: Walking Wake|spa|2
|faint|p1a: SubZero
|
|-weather|SunnyDay|[upkeep]
|upkeep
|
|t:|1781072060
|switch|p1a: Scizor|Scizor, F|100/100
|turn|10
|
|t:|1781072068
|-end|p2a: Walking Wake|Protosynthesis|[silent]
|switch|p2a: Cinderace|Cinderace, F, shiny|100/100
|move|p1a: Scizor|Swords Dance|p1a: Scizor
|-boost|p1a: Scizor|atk|2
|
|-weather|SunnyDay|[upkeep]
|upkeep
|turn|11
|
|t:|1781072075
|move|p2a: Cinderace|Pyro Ball|p1a: Scizor
|-supereffective|p1a: Scizor
|-damage|p1a: Scizor|0 fnt
|faint|p1a: Scizor
|
|-weather|SunnyDay|[upkeep]
|upkeep
|c|☆waha8|gg
|-message|waha8 forfeited.
|
|win|Snurke
|raw|waha8's rating: 1561 &rarr; <strong>1538</strong><br />(-23 for losing)
|raw|Snurke's rating: 1508 &rarr; <strong>1531</strong><br />(+23 for winning)
|l|☆waha8
|player|p1|
|c|☆Snurke|gg
