|j|☆KurisuChestnutOU
|j|☆lolcano46
|t:|1781136163
|gametype|singles
|player|p1|KurisuChestnutOU|may-contest|1522
|player|p2|lolcano46|fisherman-gen4|1544
|gen|9
|tier|[Gen 9] OU
|rated|
|rule|HP Percentage Mod: HP is shown in percentages
|rule|Endless Battle Clause: Forcing endless battles is banned
|rule|Species Clause: Limit one of each Pokémon
|rule|OHKO Clause: OHKO moves are banned
|rule|Evasion Items Clause: Evasion items are banned
|rule|Evasion Moves Clause: Evasion moves are banned
|rule|Evasion Abilities Clause: Evasion abilities are banned
|rule|Sleep Moves Clause: Sleep-inducing moves are banned
|clearpoke
|poke|p1|Ting-Lu|
|poke|p1|Corviknight, M|
|poke|p1|Clodsire, F|
|poke|p1|Moltres|
|poke|p1|Dragapult, F|
|poke|p1|Garganacl, F|
|poke|p2|Azelf|
|poke|p2|Ogerpon-Wellspring, F|
|poke|p2|Scizor, F|
|poke|p2|Gengar, M|
|poke|p2|Raging Bolt|
|poke|p2|Cinderace, F|
|teampreview
|inactive|Battle timer is ON: inactive players will automatically lose when time's up. (requested by lolcano46)
|
|t:|1781136167
|teamsize|p1|6
|teamsize|p2|6
|start
|switch|p1a: Dragapult|Dragapult, F|100/100
|switch|p2a: Gengar|Gengar, M|100/100
|turn|1
|inactive|KurisuChestnutOU also wants the timer to be on.
|
|t:|1781136172
|switch|p1a: Ting-Lu|Ting-Lu|100/100
|-ability|p1a: Ting-Lu|Vessel of Ruin
|move|p2a: Gengar|Trick|p1a: Ting-Lu
|-activate|p2a: Gengar|move: Trick|[of] p1a: Ting-Lu
|-item|p1a: Ting-Lu|Choice Scarf|[from] move: Trick
|-item|p2a: Gengar|Leftovers|[from] move: Trick
|
|upkeep
|turn|2
|
|t:|1781136177
|move|p2a: Gengar|Sludge Bomb|p1a: Ting-Lu
|-resisted|p1a: Ting-Lu
|-damage|p1a: Ting-Lu|91/100
|-status|p1a: Ting-Lu|psn
|move|p1a: Ting-Lu|Ruination|p2a: Gengar
|-damage|p2a: Gengar|50/100
|
|-heal|p2a: Gengar|57/100|[from] item: Leftovers
|-damage|p1a: Ting-Lu|79/100 psn|[from] psn
|upkeep
|turn|3
|
|t:|1781136182
|move|p2a: Gengar|Sludge Bomb|p1a: Ting-Lu
|-resisted|p1a: Ting-Lu
|-damage|p1a: Ting-Lu|69/100 psn
|move|p1a: Ting-Lu|Ruination|p2a: Gengar
|-damage|p2a: Gengar|29/100
|
|-heal|p2a: Gengar|35/100|[from] item: Leftovers
|-damage|p1a: Ting-Lu|57/100 psn|[from] psn
|upkeep
|turn|4
|
|t:|1781136186
|move|p2a: Gengar|Sludge Bomb|p1a: Ting-Lu
|-resisted|p1a: Ting-Lu
|-damage|p1a: Ting-Lu|48/100 psn
|move|p1a: Ting-Lu|Ruination|p2a: Gengar
|-damage|p2a: Gengar|18/100
|
|-heal|p2a: Gengar|24/100|[from] item: Leftovers
|-damage|p1a: Ting-Lu|35/100 psn|[from] psn
|upkeep
|turn|5
|
|t:|1781136191
|switch|p1a: Garganacl|Garganacl, F|100/100
|move|p2a: Gengar|Sludge Bomb|p1a: Garganacl
|-resisted|p1a: Garganacl
|-damage|p1a: Garganacl|85/100
|
|-heal|p2a: Gengar|30/100|[from] item: Leftovers
|-heal|p1a: Garganacl|92/100|[from] item: Leftovers
|upkeep
|turn|6
|
|t:|1781136195
|move|p2a: Gengar|Sludge Bomb|p1a: Garganacl
|-resisted|p1a: Garganacl
|-damage|p1a: Garganacl|76/100
|move|p1a: Garganacl|Salt Cure|p2a: Gengar
|-damage|p2a: Gengar|1/100
|-start|p2a: Gengar|Salt Cure
|-start|p1a: Garganacl|Disable|Salt Cure|[from] ability: Cursed Body|[of] p2a: Gengar
|
|-heal|p2a: Gengar|7/100|[from] item: Leftovers
|-heal|p1a: Garganacl|82/100|[from] item: Leftovers
|-damage|p2a: Gengar|0 fnt|[from] Salt Cure
|faint|p2a: Gengar
|upkeep
|
|t:|1781136200
|switch|p2a: Ogerpon|Ogerpon-Wellspring, F|100/100
|turn|7
|
|t:|1781136204
|-terastallize|p1a: Garganacl|Water
|move|p2a: Ogerpon|Swords Dance|p2a: Ogerpon
|-boost|p2a: Ogerpon|atk|2
|move|p1a: Garganacl|Body Press|p2a: Ogerpon
|-damage|p2a: Ogerpon|71/100
|
|-heal|p1a: Garganacl|88/100|[from] item: Leftovers
|upkeep
|turn|8
|
|t:|1781136207
|move|p2a: Ogerpon|Horn Leech|p1a: Garganacl
|-supereffective|p1a: Garganacl
|-damage|p1a: Garganacl|0 fnt
|-heal|p2a: Ogerpon|100/100|[from] drain|[of] p1a: Garganacl
|faint|p1a: Garganacl
|
|upkeep
|
|t:|1781136211
|switch|p1a: Corviknight|Corviknight, M|100/100
|-ability|p1a: Corviknight|Pressure
|turn|9
|
|t:|1781136217
|-terastallize|p2a: Ogerpon|Water
|detailschange|p2a: Ogerpon|Ogerpon-Wellspring-Tera, F, tera:Water
|-ability|p2a: Ogerpon|Embody Aspect (Wellspring)|boost
|-boost|p2a: Ogerpon|spd|1
|move|p2a: Ogerpon|Ivy Cudgel|p1a: Corviknight|[anim] Ivy Cudgel Water
|-damage|p1a: Corviknight|0 fnt
|faint|p1a: Corviknight
|
|upkeep
|
|t:|1781136220
|switch|p1a: Dragapult|Dragapult, F|100/100
|turn|10
|
|t:|1781136225
|move|p1a: Dragapult|U-turn|p2a: Ogerpon
|-damage|p2a: Ogerpon|80/100
|
|t:|1781136229
|switch|p1a: Ting-Lu|Ting-Lu|35/100 psn|[from] U-turn
|-ability|p1a: Ting-Lu|Vessel of Ruin
|move|p2a: Ogerpon|Play Rough|p1a: Ting-Lu
|-supereffective|p1a: Ting-Lu
|-damage|p1a: Ting-Lu|0 fnt
|faint|p1a: Ting-Lu
|
|upkeep
|
|t:|1781136233
|switch|p1a: Dragapult|Dragapult, F|100/100
|turn|11
|
|t:|1781136237
|move|p1a: Dragapult|Draco Meteor|p2a: Ogerpon
|-damage|p2a: Ogerpon|37/100
|-unboost|p1a: Dragapult|spa|2
|move|p2a: Ogerpon|Play Rough|p1a: Dragapult
|-supereffective|p1a: Dragapult
|-damage|p1a: Dragapult|0 fnt
|faint|p1a: Dragapult
|
|upkeep
|
|t:|1781136242
|switch|p1a: Moltres|Moltres|100/100
|turn|12
|
|t:|1781136245
|move|p2a: Ogerpon|Ivy Cudgel|p1a: Moltres|[anim] Ivy Cudgel Water
|-supereffective|p1a: Moltres
|-damage|p1a: Moltres|0 fnt
|faint|p1a: Moltres
|
|upkeep
|
|t:|1781136250
|switch|p1a: Clodsire|Clodsire, F|100/100
|turn|13
|
|t:|1781136254
|move|p2a: Ogerpon|Ivy Cudgel|p1a: Clodsire|[anim] Ivy Cudgel Water
|-supereffective|p1a: Clodsire
|-damage|p1a: Clodsire|0 fnt
|faint|p1a: Clodsire
|
|win|lolcano46
|raw|KurisuChestnutOU's rating: 1522 &rarr; <strong>1503</strong><br />(-19 for losing)
|raw|lolcano46's rating: 1544 &rarr; <strong>1563</strong><br />(+19 for winning)
