|j|☆OUZQ Crocodile
|j|☆Igoodnamename
|t:|1781014121
|gametype|singles
|player|p1|OUZQ Crocodile|2|1694
|player|p2|Igoodnamename|aaron|1738
|gen|9
|tier|[Gen 9] OU
|rated|
|rule|HP Percentage Mod: HP is shown in percentages
|rule|Endless Battle Clause: Forcing endless battles is banned
|rule|Species Clause: Limit one of each Pokémon
|rule|OHKO Clause: OHKO moves are banned
|rule|Evasion Items Clause: Evasion items are banned
|rule|Evasion Moves Clause: Evasion moves are banned
|rule|Evasion Abilities Clause: Evasion abilities are banned
|rule|Sleep Moves Clause: Sleep-inducing moves are banned
|clearpoke
|poke|p1|Greninja-*, M|
|poke|p1|Dragonite, M|
|poke|p1|Great Tusk|
|poke|p1|Deoxys-Speed|
|poke|p1|Iron Valiant|
|poke|p1|Iron Moth|
|poke|p2|Gholdengo|
|poke|p2|Zamazenta-*|
|poke|p2|Moltres|
|poke|p2|Ting-Lu|
|poke|p2|Serperior, M|
|poke|p2|Kyurem|
|teampreview
|inactive|Battle timer is ON: inactive players will automatically lose when time's up. (requested by OUZQ Crocodile)
|
|t:|1781014138
|teamsize|p1|6
|teamsize|p2|6
|start
|switch|p1a: Iron Valiant|Iron Valiant|100/100
|switch|p2a: Serperior|Serperior, M|100/100
|-enditem|p1a: Iron Valiant|Booster Energy
|-activate|p1a: Iron Valiant|ability: Quark Drive|[fromitem]
|-start|p1a: Iron Valiant|quarkdrivespe
|turn|1
|
|t:|1781014146
|-terastallize|p2a: Serperior|Grass
|move|p1a: Iron Valiant|Knock Off|p2a: Serperior
|-damage|p2a: Serperior|66/100
|-enditem|p2a: Serperior|Choice Scarf|[from] move: Knock Off|[of] p1a: Iron Valiant
|move|p2a: Serperior|Leaf Storm|p1a: Iron Valiant
|-damage|p1a: Iron Valiant|0 fnt
|-boost|p2a: Serperior|spa|2
|faint|p1a: Iron Valiant
|-end|p1a: Iron Valiant|Quark Drive|[silent]
|
|upkeep
|
|t:|1781014158
|switch|p1a: Iron Moth|Iron Moth|100/100
|-enditem|p1a: Iron Moth|Booster Energy
|-activate|p1a: Iron Moth|ability: Quark Drive|[fromitem]
|-start|p1a: Iron Moth|quarkdrivespe
|turn|2
|
|t:|1781014162
|switch|p2a: Ting-Lu|Ting-Lu|100/100
|-ability|p2a: Ting-Lu|Vessel of Ruin
|move|p1a: Iron Moth|Fiery Dance|p2a: Ting-Lu
|-damage|p2a: Ting-Lu|84/100
|-boost|p1a: Iron Moth|spa|1
|
|-heal|p2a: Ting-Lu|90/100|[from] item: Leftovers
|upkeep
|turn|3
|
|t:|1781014174
|-terastallize|p1a: Iron Moth|Fairy
|move|p1a: Iron Moth|Dazzling Gleam|p2a: Ting-Lu
|-supereffective|p2a: Ting-Lu
|-damage|p2a: Ting-Lu|35/100
|move|p2a: Ting-Lu|Earthquake|p1a: Iron Moth
|-damage|p1a: Iron Moth|46/100
|
|-heal|p2a: Ting-Lu|42/100|[from] item: Leftovers
|upkeep
|turn|4
|
|t:|1781014185
|move|p1a: Iron Moth|Dazzling Gleam|p2a: Ting-Lu
|-supereffective|p2a: Ting-Lu
|-damage|p2a: Ting-Lu|0 fnt
|faint|p2a: Ting-Lu
|
|upkeep
|
|t:|1781014192
|switch|p2a: Moltres|Moltres|100/100
|turn|5
|
|t:|1781014194
|move|p1a: Iron Moth|Sludge Wave|p2a: Moltres
|-damage|p2a: Moltres|30/100
|-status|p2a: Moltres|psn
|move|p2a: Moltres|Roar|p1a: Iron Moth
|-end|p1a: Iron Moth|Quark Drive|[silent]
|drag|p1a: Dragonite|Dragonite, M|100/100
|
|-damage|p2a: Moltres|17/100 psn|[from] psn
|upkeep
|turn|6
|
|t:|1781014201
|switch|p1a: Greninja|Greninja, M|100/100
|move|p2a: Moltres|U-turn|p1a: Greninja
|-supereffective|p1a: Greninja
|-damage|p1a: Greninja|53/100
|
|t:|1781014205
|switch|p2a: Kyurem|Kyurem|100/100|[from] U-turn
|-ability|p2a: Kyurem|Pressure
|
|upkeep
|turn|7
|
|t:|1781014209
|move|p1a: Greninja|Dark Pulse|p2a: Kyurem
|-damage|p2a: Kyurem|55/100
|-damage|p1a: Greninja|43/100|[from] item: Life Orb
|move|p2a: Kyurem|Freeze-Dry|p1a: Greninja
|-supereffective|p1a: Greninja
|-damage|p1a: Greninja|0 fnt
|faint|p1a: Greninja
|
|upkeep
|
|t:|1781014215
|switch|p1a: Iron Moth|Iron Moth, tera:Fairy|46/100
|turn|8
|
|t:|1781014219
|switch|p2a: Moltres|Moltres|17/100 psn
|move|p1a: Iron Moth|Dazzling Gleam|p2a: Moltres
|-resisted|p2a: Moltres
|-damage|p2a: Moltres|0 fnt
|faint|p2a: Moltres
|
|upkeep
|
|t:|1781014223
|switch|p2a: Serperior|Serperior, M, tera:Grass|66/100
|turn|9
|
|t:|1781014242
|-end|p1a: Iron Moth|Quark Drive|[silent]
|switch|p1a: Deoxys|Deoxys-Speed|100/100
|-ability|p1a: Deoxys|Pressure
|move|p2a: Serperior|Leaf Storm|p1a: Deoxys
|-damage|p1a: Deoxys|3/100
|-boost|p2a: Serperior|spa|2
|
|upkeep
|turn|10
|
|t:|1781014253
|switch|p2a: Gholdengo|Gholdengo|100/100
|move|p1a: Deoxys|Psycho Boost|p2a: Gholdengo
|-resisted|p2a: Gholdengo
|-damage|p2a: Gholdengo|64/100
|-unboost|p1a: Deoxys|spa|2
|-enditem|p1a: Deoxys|Eject Pack
|
|t:|1781014259
|switch|p1a: Iron Moth|Iron Moth, tera:Fairy|46/100
|
|upkeep
|turn|11
|
|t:|1781014266
|switch|p2a: Kyurem|Kyurem|55/100
|-ability|p2a: Kyurem|Pressure
|move|p1a: Iron Moth|Fiery Dance|p2a: Kyurem
|-damage|p2a: Kyurem|15/100
|-boost|p1a: Iron Moth|spa|1
|
|upkeep
|turn|12
|
|t:|1781014269
|move|p1a: Iron Moth|Fiery Dance|p2a: Kyurem
|-damage|p2a: Kyurem|0 fnt
|faint|p2a: Kyurem
|
|upkeep
|
|t:|1781014272
|switch|p2a: Serperior|Serperior, M, tera:Grass|66/100
|turn|13
|
|t:|1781014275
|-end|p1a: Iron Moth|Quark Drive|[silent]
|switch|p1a: Dragonite|Dragonite, M|100/100
|move|p2a: Serperior|Leaf Storm|p1a: Dragonite
|-resisted|p1a: Dragonite
|-damage|p1a: Dragonite|92/100
|-boost|p2a: Serperior|spa|2
|
|upkeep
|turn|14
|
|t:|1781014279
|move|p1a: Dragonite|Extreme Speed|p2a: Serperior
|-damage|p2a: Serperior|26/100
|move|p2a: Serperior|Glare|p1a: Dragonite
|-status|p1a: Dragonite|par
|
|upkeep
|turn|15
|
|t:|1781014284
|switch|p2a: Zamazenta|Zamazenta|100/100
|-ability|p2a: Zamazenta|Dauntless Shield|boost
|-boost|p2a: Zamazenta|def|1
|move|p1a: Dragonite|Extreme Speed|p2a: Zamazenta
|-damage|p2a: Zamazenta|85/100
|
|-heal|p2a: Zamazenta|91/100|[from] item: Leftovers
|upkeep
|turn|16
|
|t:|1781014293
|switch|p1a: Iron Moth|Iron Moth, tera:Fairy|46/100
|move|p2a: Zamazenta|Iron Defense|p2a: Zamazenta
|-boost|p2a: Zamazenta|def|2
|
|-heal|p2a: Zamazenta|97/100|[from] item: Leftovers
|upkeep
|turn|17
|
|t:|1781014298
|move|p2a: Zamazenta|Body Press|p1a: Iron Moth
|-resisted|p1a: Iron Moth
|-damage|p1a: Iron Moth|0 fnt
|faint|p1a: Iron Moth
|-end|p1a: Iron Moth|Quark Drive|[silent]
|
|-heal|p2a: Zamazenta|100/100|[from] item: Leftovers
|upkeep
|
|t:|1781014301
|switch|p1a: Deoxys|Deoxys-Speed|3/100
|-ability|p1a: Deoxys|Pressure
|turn|18
|
|t:|1781014306
|move|p1a: Deoxys|Psycho Boost|p2a: Zamazenta
|-supereffective|p2a: Zamazenta
|-crit|p2a: Zamazenta
|-damage|p2a: Zamazenta|0 fnt
|-unboost|p1a: Deoxys|spa|2
|faint|p2a: Zamazenta
|
|upkeep
|
|t:|1781014312
|switch|p2a: Gholdengo|Gholdengo|64/100
|turn|19
|
|t:|1781014316
|move|p1a: Deoxys|Knock Off|p2a: Gholdengo
|-supereffective|p2a: Gholdengo
|-damage|p2a: Gholdengo|3/100
|-enditem|p2a: Gholdengo|Metal Coat|[from] move: Knock Off|[of] p1a: Deoxys
|move|p2a: Gholdengo|Shadow Ball|p1a: Deoxys
|-supereffective|p1a: Deoxys
|-damage|p1a: Deoxys|0 fnt
|faint|p1a: Deoxys
|
|upkeep
|
|t:|1781014322
|switch|p1a: Great Tusk|Great Tusk|100/100
|-enditem|p1a: Great Tusk|Booster Energy
|-activate|p1a: Great Tusk|ability: Protosynthesis|[fromitem]
|-start|p1a: Great Tusk|protosynthesisatk
|turn|20
|
|t:|1781014326
|move|p1a: Great Tusk|Ice Spinner|p2a: Gholdengo
|-resisted|p2a: Gholdengo
|-damage|p2a: Gholdengo|0 fnt
|faint|p2a: Gholdengo
|
|upkeep
|
|t:|1781014329
|switch|p2a: Serperior|Serperior, M, tera:Grass|26/100
|turn|21
|
|t:|1781014331
|move|p2a: Serperior|Leaf Storm|p1a: Great Tusk
|-supereffective|p1a: Great Tusk
|-damage|p1a: Great Tusk|0 fnt
|-boost|p2a: Serperior|spa|2
|faint|p1a: Great Tusk
|-end|p1a: Great Tusk|Protosynthesis|[silent]
|
|upkeep
|
|t:|1781014333
|switch|p1a: Dragonite|Dragonite, M|92/100 par
|turn|22
|
|t:|1781014335
|cant|p1a: Dragonite|par
|move|p2a: Serperior|Leaf Storm|p1a: Dragonite
|-resisted|p1a: Dragonite
|-damage|p1a: Dragonite|59/100 par
|-boost|p2a: Serperior|spa|2
|
|upkeep
|turn|23
|
|t:|1781014347
|move|p1a: Dragonite|Extreme Speed|p2a: Serperior
|-damage|p2a: Serperior|0 fnt
|faint|p2a: Serperior
|
|win|OUZQ Crocodile
|raw|OUZQ Crocodile's rating: 1694 &rarr; <strong>1717</strong><br />(+23 for winning)
|raw|Igoodnamename's rating: 1738 &rarr; <strong>1715</strong><br />(-23 for losing)
|l|☆Igoodnamename
|player|p2|
|l|☆OUZQ Crocodile
|player|p1|
