|j|☆ankoro
|j|☆cumtd
|t:|1781277134
|gametype|singles
|player|p1|ankoro|acetrainer-gen2|1599
|player|p2|cumtd|blue|1582
|gen|9
|tier|[Gen 9] OU
|rated|
|rule|HP Percentage Mod: HP is shown in percentages
|rule|Endless Battle Clause: Forcing endless battles is banned
|rule|Species Clause: Limit one of each Pokémon
|rule|OHKO Clause: OHKO moves are banned
|rule|Evasion Items Clause: Evasion items are banned
|rule|Evasion Moves Clause: Evasion moves are banned
|rule|Evasion Abilities Clause: Evasion abilities are banned
|rule|Sleep Moves Clause: Sleep-inducing moves are banned
|clearpoke
|poke|p1|Lycanroc, M|
|poke|p1|Kingambit, M|
|poke|p1|Azumarill, M|
|poke|p1|Pawmot, F|
|poke|p1|Zamazenta-*|
|poke|p1|Tornadus-Therian, M|
|poke|p2|Weezing-Galar, M|
|poke|p2|Gliscor, F|
|poke|p2|Blissey, F|
|poke|p2|Corviknight, M|
|poke|p2|Dondozo, F|
|poke|p2|Toxapex, M|
|teampreview
|inactive|Battle timer is ON: inactive players will automatically lose when time's up. (requested by cumtd)
|inactive|ankoro has 120 seconds left.
|
|t:|1781277200
|teamsize|p1|6
|teamsize|p2|6
|start
|switch|p1a: doggorock|Lycanroc, M|100/100
|switch|p2a: Gliscor|Gliscor, F|100/100
|turn|1
|
|t:|1781277207
|move|p1a: doggorock|Taunt|p2a: Gliscor
|-start|p2a: Gliscor|move: Taunt
|move|p2a: Gliscor|Knock Off|p1a: doggorock
|-damage|p1a: doggorock|71/100
|-enditem|p1a: doggorock|Focus Sash|[from] move: Knock Off|[of] p2a: Gliscor
|
|-status|p2a: Gliscor|tox|[from] item: Toxic Orb
|upkeep
|turn|2
|
|t:|1781277212
|move|p1a: doggorock|Stealth Rock|p2a: Gliscor
|-sidestart|p2: cumtd|move: Stealth Rock
|move|p2a: Gliscor|Earthquake|p1a: doggorock
|-supereffective|p1a: doggorock
|-damage|p1a: doggorock|0 fnt
|faint|p1a: doggorock
|
|upkeep
|
|t:|1781277219
|switch|p1a: juquinha|Azumarill, M|100/100
|turn|3
|
|t:|1781277226
|switch|p2a: Toxapex|Toxapex, M|100/100
|-damage|p2a: Toxapex|88/100|[from] Stealth Rock
|move|p1a: juquinha|Belly Drum|p1a: juquinha
|-damage|p1a: juquinha|50/100
|-setboost|p1a: juquinha|atk|6|[from] move: Belly Drum
|-enditem|p1a: juquinha|Sitrus Berry|[eat]
|-heal|p1a: juquinha|75/100|[from] item: Sitrus Berry
|
|upkeep
|turn|4
|
|t:|1781277252
|move|p1a: juquinha|Liquidation|p2a: Toxapex
|-resisted|p2a: Toxapex
|-damage|p2a: Toxapex|13/100
|move|p2a: Toxapex|Haze|p2a: Toxapex
|-clearallboost
|
|upkeep
|turn|5
|
|t:|1781277269
|switch|p2a: Weezing|Weezing-Galar, M|100/100
|-ability|p2a: Weezing|Neutralizing Gas
|move|p1a: juquinha|Play Rough|p2a: Weezing
|-resisted|p2a: Weezing
|-damage|p2a: Weezing|92/100
|
|upkeep
|turn|6
|
|t:|1781277287
|move|p2a: Weezing|Will-O-Wisp|p1a: juquinha
|-status|p1a: juquinha|brn
|move|p1a: juquinha|Liquidation|p2a: Weezing
|-damage|p2a: Weezing|83/100
|
|-damage|p1a: juquinha|69/100 brn|[from] brn
|upkeep
|turn|7
|
|t:|1781277292
|switch|p1a: nimrod|Tornadus-Therian, M|100/100
|move|p2a: Weezing|Defog|p1a: nimrod
|-unboost|p1a: nimrod|evasion|1
|-sideend|p2: cumtd|Stealth Rock|[from] move: Defog|[of] p2a: Weezing
|
|upkeep
|turn|8
|
|t:|1781277299
|-end|p2a: Weezing|ability: Neutralizing Gas
|switch|p2a: Blissey|Blissey, F|100/100
|move|p1a: nimrod|Nasty Plot|p1a: nimrod
|-boost|p1a: nimrod|spa|2
|
|upkeep
|turn|9
|j| newhere1310
|
|t:|1781277320
|switch|p1a: juquinha|Azumarill, M|69/100 brn
|move|p2a: Blissey|Calm Mind|p2a: Blissey
|-boost|p2a: Blissey|spa|1
|-boost|p2a: Blissey|spd|1
|
|-damage|p1a: juquinha|63/100 brn|[from] brn
|upkeep
|turn|10
|
|t:|1781277329
|switch|p2a: Toxapex|Toxapex, M|46/100
|move|p1a: juquinha|Liquidation|p2a: Toxapex
|-resisted|p2a: Toxapex
|-damage|p2a: Toxapex|37/100
|
|-damage|p1a: juquinha|57/100 brn|[from] brn
|upkeep
|turn|11
|
|t:|1781277354
|switch|p1a: joy|Pawmot, F|100/100
|move|p2a: Toxapex|Recover|p2a: Toxapex
|-heal|p2a: Toxapex|88/100
|
|upkeep
|turn|12
|
|t:|1781277358
|switch|p2a: Gliscor|Gliscor, F|100/100 tox
|move|p1a: joy|Nuzzle|p2a: Gliscor
|-immune|p2a: Gliscor
|
|upkeep
|turn|13
|
|t:|1781277380
|switch|p1a: juquinha|Azumarill, M|57/100 brn
|move|p2a: Gliscor|Knock Off|p1a: juquinha
|-resisted|p1a: juquinha
|-damage|p1a: juquinha|50/100 brn
|
|-damage|p1a: juquinha|44/100 brn|[from] brn
|upkeep
|turn|14
|
|t:|1781277390
|move|p2a: Gliscor|Protect|p2a: Gliscor
|-singleturn|p2a: Gliscor|Protect
|move|p1a: juquinha|Liquidation|p2a: Gliscor
|-activate|p2a: Gliscor|move: Protect
|
|-damage|p1a: juquinha|37/100 brn|[from] brn
|upkeep
|turn|15
|
|t:|1781277413
|switch|p2a: Toxapex|Toxapex, M|100/100
|move|p1a: juquinha|Liquidation|p2a: Toxapex
|-resisted|p2a: Toxapex
|-damage|p2a: Toxapex|93/100
|
|-damage|p1a: juquinha|31/100 brn|[from] brn
|upkeep
|turn|16
|
|t:|1781277440
|move|p1a: juquinha|Play Rough|p2a: Toxapex
|-resisted|p2a: Toxapex
|-damage|p2a: Toxapex|83/100
|move|p2a: Toxapex|Toxic||[still]
|-fail|p2a: Toxapex
|
|-damage|p1a: juquinha|25/100 brn|[from] brn
|upkeep
|turn|17
|
|t:|1781277462
|move|p1a: juquinha|Liquidation|p2a: Toxapex
|-resisted|p2a: Toxapex
|-damage|p2a: Toxapex|74/100
|move|p2a: Toxapex|Poison Jab|p1a: juquinha
|-supereffective|p1a: juquinha
|-damage|p1a: juquinha|0 fnt
|faint|p1a: juquinha
|
|upkeep
|
|t:|1781277467
|switch|p1a: nimrod|Tornadus-Therian, M|100/100
|turn|18
|
|t:|1781277469
|move|p1a: nimrod|Nasty Plot|p1a: nimrod
|-boost|p1a: nimrod|spa|2
|move|p2a: Toxapex|Toxic|p1a: nimrod
|-status|p1a: nimrod|tox
|
|-damage|p1a: nimrod|94/100 tox|[from] psn
|upkeep
|turn|19
|
|t:|1781277473
|move|p1a: nimrod|Bleakwind Storm|p2a: Toxapex
|-damage|p2a: Toxapex|0 fnt
|faint|p2a: Toxapex
|-damage|p1a: nimrod|85/100 tox|[from] item: Life Orb
|
|-damage|p1a: nimrod|73/100 tox|[from] psn
|upkeep
|
|t:|1781277476
|switch|p2a: Blissey|Blissey, F|100/100
|turn|20
|
|t:|1781277490
|move|p1a: nimrod|Bleakwind Storm|p2a: Blissey
|-damage|p2a: Blissey|66/100
|-damage|p1a: nimrod|63/100 tox|[from] item: Life Orb
|move|p2a: Blissey|Stealth Rock|p1a: nimrod
|-sidestart|p1: ankoro|move: Stealth Rock
|
|-heal|p2a: Blissey|72/100|[from] item: Leftovers
|-damage|p1a: nimrod|45/100 tox|[from] psn
|upkeep
|turn|21
|
|t:|1781277495
|switch|p1a: Zamasu|Zamazenta|100/100
|-damage|p1a: Zamasu|94/100|[from] Stealth Rock
|-ability|p1a: Zamasu|Dauntless Shield|boost
|-boost|p1a: Zamasu|def|1
|move|p2a: Blissey|Soft-Boiled|p2a: Blissey
|-heal|p2a: Blissey|100/100
|
|upkeep
|turn|22
|
|t:|1781277500
|switch|p2a: Dondozo|Dondozo, F|100/100
|move|p1a: Zamasu|Close Combat|p2a: Dondozo
|-crit|p2a: Dondozo
|-damage|p2a: Dondozo|45/100
|-unboost|p1a: Zamasu|def|1
|-unboost|p1a: Zamasu|spd|1
|-damage|p1a: Zamasu|84/100|[from] item: Life Orb
|
|-heal|p2a: Dondozo|52/100|[from] item: Leftovers
|upkeep
|turn|23
|
|t:|1781277507
|move|p1a: Zamasu|Close Combat|p2a: Dondozo
|-damage|p2a: Dondozo|18/100
|-unboost|p1a: Zamasu|def|1
|-unboost|p1a: Zamasu|spd|1
|-damage|p1a: Zamasu|75/100|[from] item: Life Orb
|move|p2a: Dondozo|Rest|p2a: Dondozo
|-status|p2a: Dondozo|slp|[from] move: Rest
|-heal|p2a: Dondozo|100/100 slp|[silent]
|
|upkeep
|turn|24
|inactive|ankoro has 120 seconds left.
|
|t:|1781277545
|move|p1a: Zamasu|Close Combat|p2a: Dondozo
|-damage|p2a: Dondozo|69/100 slp
|-unboost|p1a: Zamasu|def|1
|-unboost|p1a: Zamasu|spd|1
|-damage|p1a: Zamasu|65/100|[from] item: Life Orb
|cant|p2a: Dondozo|slp
|move|p2a: Dondozo|Sleep Talk|p2a: Dondozo
|move|p2a: Dondozo|Curse|p2a: Dondozo|[from] move: Sleep Talk
|-unboost|p2a: Dondozo|spe|1
|-boost|p2a: Dondozo|atk|1
|-boost|p2a: Dondozo|def|1
|
|-heal|p2a: Dondozo|75/100 slp|[from] item: Leftovers
|upkeep
|turn|25
|
|t:|1781277550
|switch|p1a: nimrod|Tornadus-Therian, M|78/100 tox
|-damage|p1a: nimrod|53/100 tox|[from] Stealth Rock
|cant|p2a: Dondozo|slp
|move|p2a: Dondozo|Sleep Talk|p2a: Dondozo
|move|p2a: Dondozo|Rest||[from] move: Sleep Talk|[still]
|-fail|p2a: Dondozo
|
|-heal|p2a: Dondozo|81/100 slp|[from] item: Leftovers
|-damage|p1a: nimrod|47/100 tox|[from] psn
|upkeep
|turn|26
|
|t:|1781277555
|move|p1a: nimrod|Grass Knot|p2a: Dondozo
|-supereffective|p2a: Dondozo
|-damage|p2a: Dondozo|0 fnt
|faint|p2a: Dondozo
|-damage|p1a: nimrod|38/100 tox|[from] item: Life Orb
|
|-damage|p1a: nimrod|26/100 tox|[from] psn
|upkeep
|
|t:|1781277560
|switch|p2a: Weezing|Weezing-Galar, M|83/100
|-ability|p2a: Weezing|Neutralizing Gas
|turn|27
|
|t:|1781277581
|move|p1a: nimrod|Bleakwind Storm|p2a: Weezing
|-damage|p2a: Weezing|3/100
|-damage|p1a: nimrod|16/100 tox|[from] item: Life Orb
|move|p2a: Weezing|Toxic Spikes|p1a: nimrod
|-sidestart|p1: ankoro|move: Toxic Spikes
|
|-damage|p1a: nimrod|0 fnt|[from] psn
|faint|p1a: nimrod
|upkeep
|inactive|ankoro has 120 seconds left.
|inactive|ankoro has 90 seconds left.
|
|t:|1781277627
|switch|p1a: Zamasu|Zamazenta|65/100
|-damage|p1a: Zamasu|59/100|[from] Stealth Rock
|-status|p1a: Zamasu|psn
|turn|28
|
|t:|1781277636
|move|p1a: Zamasu|Crunch|p2a: Weezing
|-resisted|p2a: Weezing
|-damage|p2a: Weezing|0 fnt
|faint|p2a: Weezing
|-end|p2a: Weezing|ability: Neutralizing Gas
|-damage|p1a: Zamasu|49/100 psn|[from] item: Life Orb
|
|-damage|p1a: Zamasu|36/100 psn|[from] psn
|upkeep
|
|t:|1781277644
|switch|p2a: Gliscor|Gliscor, F|100/100 tox
|turn|29
|inactive|ankoro has 90 seconds left.
|j| karlheinzIX
|
|t:|1781277684
|move|p2a: Gliscor|Protect|p2a: Gliscor
|-singleturn|p2a: Gliscor|Protect
|move|p1a: Zamasu|Crunch|p2a: Gliscor
|-activate|p2a: Gliscor|move: Protect
|
|-damage|p1a: Zamasu|24/100 psn|[from] psn
|upkeep
|turn|30
|
|t:|1781277691
|move|p1a: Zamasu|Crunch|p2a: Gliscor
|-damage|p2a: Gliscor|74/100 tox
|-damage|p1a: Zamasu|14/100 psn|[from] item: Life Orb
|move|p2a: Gliscor|Earthquake|p1a: Zamasu
|-damage|p1a: Zamasu|0 fnt
|faint|p1a: Zamasu
|
|-heal|p2a: Gliscor|86/100 tox|[from] ability: Poison Heal
|upkeep
|
|t:|1781277709
|switch|p1a: koolguybit|Kingambit, M|100/100
|-damage|p1a: koolguybit|94/100|[from] Stealth Rock
|-activate|p1a: koolguybit|ability: Supreme Overlord
|-start|p1a: koolguybit|fallen4|[silent]
|-item|p1a: koolguybit|Air Balloon
|turn|31
|
|t:|1781277714
|switch|p2a: Corviknight|Corviknight, M|100/100
|-ability|p2a: Corviknight|Pressure
|move|p1a: koolguybit|Swords Dance|p1a: koolguybit
|-boost|p1a: koolguybit|atk|2
|
|upkeep
|turn|32
|
|t:|1781277717
|-terastallize|p1a: koolguybit|Ghost
|move|p2a: Corviknight|Iron Defense|p2a: Corviknight
|-boost|p2a: Corviknight|def|2
|move|p1a: koolguybit|Swords Dance|p1a: koolguybit
|-boost|p1a: koolguybit|atk|2
|
|upkeep
|turn|33
|
|t:|1781277725
|move|p2a: Corviknight|Iron Defense|p2a: Corviknight
|-boost|p2a: Corviknight|def|2
|move|p1a: koolguybit|Kowtow Cleave|p2a: Corviknight
|-damage|p2a: Corviknight|54/100
|
|-heal|p2a: Corviknight|61/100|[from] item: Leftovers
|upkeep
|turn|34
|
|t:|1781277728
|move|p2a: Corviknight|Roost|p2a: Corviknight
|-heal|p2a: Corviknight|100/100
|-singleturn|p2a: Corviknight|move: Roost
|move|p1a: koolguybit|Kowtow Cleave|p2a: Corviknight
|-damage|p2a: Corviknight|52/100
|
|-heal|p2a: Corviknight|58/100|[from] item: Leftovers
|upkeep
|turn|35
|
|t:|1781277732
|move|p2a: Corviknight|Roost|p2a: Corviknight
|-heal|p2a: Corviknight|100/100
|-singleturn|p2a: Corviknight|move: Roost
|move|p1a: koolguybit|Swords Dance|p1a: koolguybit
|-boost|p1a: koolguybit|atk|2
|
|upkeep
|turn|36
|
|t:|1781277734
|move|p2a: Corviknight|Iron Defense|p2a: Corviknight
|-boost|p2a: Corviknight|def|2
|move|p1a: koolguybit|Kowtow Cleave|p2a: Corviknight
|-damage|p2a: Corviknight|58/100
|
|-heal|p2a: Corviknight|65/100|[from] item: Leftovers
|upkeep
|turn|37
|
|t:|1781277737
|move|p2a: Corviknight|Roost|p2a: Corviknight
|-heal|p2a: Corviknight|100/100
|-singleturn|p2a: Corviknight|move: Roost
|move|p1a: koolguybit|Kowtow Cleave|p2a: Corviknight
|-damage|p2a: Corviknight|56/100
|
|-heal|p2a: Corviknight|62/100|[from] item: Leftovers
|upkeep
|turn|38
|
|t:|1781277742
|move|p2a: Corviknight|Roost|p2a: Corviknight
|-heal|p2a: Corviknight|100/100
|-singleturn|p2a: Corviknight|move: Roost
|move|p1a: koolguybit|Iron Head|p2a: Corviknight
|-resisted|p2a: Corviknight
|-damage|p2a: Corviknight|78/100
|
|-heal|p2a: Corviknight|85/100|[from] item: Leftovers
|upkeep
|turn|39
|
|t:|1781277746
|move|p2a: Corviknight|Iron Defense|p2a: Corviknight
|-boost|p2a: Corviknight|def|0
|move|p1a: koolguybit|Kowtow Cleave|p2a: Corviknight
|-damage|p2a: Corviknight|37/100
|
|-heal|p2a: Corviknight|43/100|[from] item: Leftovers
|upkeep
|turn|40
|
|t:|1781277751
|move|p2a: Corviknight|Roost|p2a: Corviknight
|-heal|p2a: Corviknight|93/100
|-singleturn|p2a: Corviknight|move: Roost
|move|p1a: koolguybit|Iron Head|p2a: Corviknight
|-resisted|p2a: Corviknight
|-damage|p2a: Corviknight|71/100
|
|-heal|p2a: Corviknight|77/100|[from] item: Leftovers
|upkeep
|turn|41
|
|t:|1781277757
|move|p2a: Corviknight|Body Press|p1a: koolguybit
|-immune|p1a: koolguybit
|move|p1a: koolguybit|Kowtow Cleave|p2a: Corviknight
|-damage|p2a: Corviknight|33/100
|
|-heal|p2a: Corviknight|39/100|[from] item: Leftovers
|upkeep
|turn|42
|
|t:|1781277760
|move|p2a: Corviknight|Roost|p2a: Corviknight
|-heal|p2a: Corviknight|89/100
|-singleturn|p2a: Corviknight|move: Roost
|move|p1a: koolguybit|Iron Head|p2a: Corviknight
|-resisted|p2a: Corviknight
|-damage|p2a: Corviknight|67/100
|
|-heal|p2a: Corviknight|73/100|[from] item: Leftovers
|upkeep
|turn|43
|
|t:|1781277766
|move|p1a: koolguybit|Sucker Punch||[still]
|-fail|p1a: koolguybit
|move|p2a: Corviknight|Iron Defense|p2a: Corviknight
|-boost|p2a: Corviknight|def|0
|
|-heal|p2a: Corviknight|79/100|[from] item: Leftovers
|upkeep
|turn|44
|
|t:|1781277771
|move|p2a: Corviknight|Iron Defense|p2a: Corviknight
|-boost|p2a: Corviknight|def|0
|move|p1a: koolguybit|Kowtow Cleave|p2a: Corviknight
|-damage|p2a: Corviknight|33/100
|
|-heal|p2a: Corviknight|40/100|[from] item: Leftovers
|upkeep
|turn|45
|
|t:|1781277777
|move|p2a: Corviknight|Roost|p2a: Corviknight
|-heal|p2a: Corviknight|90/100
|-singleturn|p2a: Corviknight|move: Roost
|move|p1a: koolguybit|Iron Head|p2a: Corviknight
|-resisted|p2a: Corviknight
|-damage|p2a: Corviknight|67/100
|
|-heal|p2a: Corviknight|73/100|[from] item: Leftovers
|upkeep
|turn|46
|
|t:|1781277781
|move|p2a: Corviknight|Iron Defense|p2a: Corviknight
|-boost|p2a: Corviknight|def|0
|move|p1a: koolguybit|Iron Head|p2a: Corviknight
|-resisted|p2a: Corviknight
|-damage|p2a: Corviknight|53/100
|
|-heal|p2a: Corviknight|59/100|[from] item: Leftovers
|upkeep
|turn|47
|
|t:|1781277786
|move|p2a: Corviknight|Iron Defense|p2a: Corviknight
|-boost|p2a: Corviknight|def|0
|move|p1a: koolguybit|Iron Head|p2a: Corviknight
|-resisted|p2a: Corviknight
|-damage|p2a: Corviknight|38/100
|
|-heal|p2a: Corviknight|44/100|[from] item: Leftovers
|upkeep
|turn|48
|
|t:|1781277789
|move|p2a: Corviknight|Roost|p2a: Corviknight
|-heal|p2a: Corviknight|94/100
|-singleturn|p2a: Corviknight|move: Roost
|move|p1a: koolguybit|Iron Head|p2a: Corviknight
|-resisted|p2a: Corviknight
|-damage|p2a: Corviknight|75/100
|
|-heal|p2a: Corviknight|81/100|[from] item: Leftovers
|upkeep
|turn|49
|
|t:|1781277792
|move|p2a: Corviknight|Iron Defense|p2a: Corviknight
|-boost|p2a: Corviknight|def|0
|move|p1a: koolguybit|Iron Head|p2a: Corviknight
|-resisted|p2a: Corviknight
|-damage|p2a: Corviknight|58/100
|
|-heal|p2a: Corviknight|65/100|[from] item: Leftovers
|upkeep
|turn|50
|
|t:|1781277795
|move|p2a: Corviknight|Iron Defense|p2a: Corviknight
|-boost|p2a: Corviknight|def|0
|move|p1a: koolguybit|Iron Head|p2a: Corviknight
|-resisted|p2a: Corviknight
|-damage|p2a: Corviknight|44/100
|
|-heal|p2a: Corviknight|51/100|[from] item: Leftovers
|upkeep
|turn|51
|
|t:|1781277799
|move|p2a: Corviknight|Iron Defense|p2a: Corviknight
|-boost|p2a: Corviknight|def|0
|move|p1a: koolguybit|Iron Head|p2a: Corviknight
|-resisted|p2a: Corviknight
|-damage|p2a: Corviknight|30/100
|
|-heal|p2a: Corviknight|37/100|[from] item: Leftovers
|upkeep
|turn|52
|
|t:|1781277802
|move|p2a: Corviknight|Iron Defense|p2a: Corviknight
|-boost|p2a: Corviknight|def|0
|move|p1a: koolguybit|Kowtow Cleave|p2a: Corviknight
|-damage|p2a: Corviknight|0 fnt
|faint|p2a: Corviknight
|
|upkeep
|
|t:|1781277805
|switch|p2a: Gliscor|Gliscor, F|86/100 tox
|turn|53
|
|t:|1781277809
|move|p2a: Gliscor|Protect|p2a: Gliscor
|-singleturn|p2a: Gliscor|Protect
|move|p1a: koolguybit|Sucker Punch||[still]
|-fail|p1a: koolguybit
|
|-heal|p2a: Gliscor|99/100 tox|[from] ability: Poison Heal
|upkeep
|turn|54
|
|t:|1781277811
|-terastallize|p2a: Gliscor|Dark
|move|p1a: koolguybit|Sucker Punch|p2a: Gliscor
|-resisted|p2a: Gliscor
|-damage|p2a: Gliscor|4/100 tox
|move|p2a: Gliscor|Knock Off|p1a: koolguybit
|-supereffective|p1a: koolguybit
|-damage|p1a: koolguybit|43/100
|-enditem|p1a: koolguybit|Air Balloon
|
|-heal|p2a: Gliscor|17/100 tox|[from] ability: Poison Heal
|upkeep
|turn|55
|
|t:|1781277818
|move|p2a: Gliscor|Protect|p2a: Gliscor
|-singleturn|p2a: Gliscor|Protect
|move|p1a: koolguybit|Sucker Punch||[still]
|-fail|p1a: koolguybit
|
|-heal|p2a: Gliscor|29/100 tox|[from] ability: Poison Heal
|upkeep
|turn|56
|
|t:|1781277825
|move|p2a: Gliscor|Swords Dance|p2a: Gliscor
|-boost|p2a: Gliscor|atk|2
|move|p1a: koolguybit|Iron Head|p2a: Gliscor
|-damage|p2a: Gliscor|0 fnt
|faint|p2a: Gliscor
|
|upkeep
|
|t:|1781277828
|switch|p2a: Blissey|Blissey, F|100/100
|turn|57
|-message|cumtd forfeited.
|
|win|ankoro
|raw|ankoro's rating: 1599 &rarr; <strong>1618</strong><br />(+19 for winning)
|raw|cumtd's rating: 1582 &rarr; <strong>1563</strong><br />(-19 for losing)
|l|☆cumtd
|player|p2|
|l|☆ankoro
|player|p1|
