|j|☆lolshh
|j|‽lt_alt1
|t:|1780999753
|gametype|singles
|player|p1|lolshh|1|1683
|player|p2|lt_alt1|170|1655
|gen|9
|tier|[Gen 9] OU
|rated|
|rule|HP Percentage Mod: HP is shown in percentages
|rule|Endless Battle Clause: Forcing endless battles is banned
|rule|Species Clause: Limit one of each Pokémon
|rule|OHKO Clause: OHKO moves are banned
|rule|Evasion Items Clause: Evasion items are banned
|rule|Evasion Moves Clause: Evasion moves are banned
|rule|Evasion Abilities Clause: Evasion abilities are banned
|rule|Sleep Moves Clause: Sleep-inducing moves are banned
|clearpoke
|poke|p1|Iron Valiant|
|poke|p1|Kingambit, M|
|poke|p1|Iron Treads|
|poke|p1|Kyurem|
|poke|p1|Ogerpon-Wellspring, F|
|poke|p1|Ceruledge, F|
|poke|p2|Garganacl, F|
|poke|p2|Slowking-Galar, F|
|poke|p2|Kyurem|
|poke|p2|Weezing-Galar, F|
|poke|p2|Moltres|
|poke|p2|Iron Treads|
|teampreview
|
|t:|1780999794
|teamsize|p1|6
|teamsize|p2|6
|start
|switch|p1a: Iron Treads|Iron Treads|100/100
|switch|p2a: Kyurem|Kyurem|100/100
|-ability|p2a: Kyurem|Pressure
|-enditem|p1a: Iron Treads|Booster Energy
|-activate|p1a: Iron Treads|ability: Quark Drive|[fromitem]
|-start|p1a: Iron Treads|quarkdrivespe
|turn|1
|inactive|Battle timer is ON: inactive players will automatically lose when time's up. (requested by lolshh)
|
|t:|1780999839
|move|p1a: Iron Treads|Stealth Rock|p2a: Kyurem
|-sidestart|p2: lt_alt1|move: Stealth Rock
|move|p2a: Kyurem|Earth Power|p1a: Iron Treads
|-supereffective|p1a: Iron Treads
|-damage|p1a: Iron Treads|16/100
|
|upkeep
|turn|2
|
|t:|1780999851
|switch|p2a: Iron Treads|Iron Treads|100/100
|-damage|p2a: Iron Treads|98/100|[from] Stealth Rock
|move|p1a: Iron Treads|Endeavor|p2a: Iron Treads
|-damage|p2a: Iron Treads|16/100
|
|-heal|p2a: Iron Treads|22/100|[from] item: Leftovers
|upkeep
|turn|3
|inactive|lt_alt1 has 120 seconds left.
|
|t:|1780999883
|-end|p2a: Iron Treads|Quark Drive|[silent]
|switch|p2a: Moltres|Moltres|100/100
|move|p1a: Iron Treads|Earthquake|p2a: Moltres
|-immune|p2a: Moltres
|
|upkeep
|turn|4
|inactive|lt_alt1 has 120 seconds left.
|
|t:|1780999899
|move|p1a: Iron Treads|Endeavor|p2a: Moltres
|-damage|p2a: Moltres|16/100
|move|p2a: Moltres|Will-O-Wisp|p1a: Iron Treads|[miss]
|-miss|p2a: Moltres|p1a: Iron Treads
|
|upkeep
|turn|5
|
|t:|1780999905
|move|p1a: Iron Treads|Rapid Spin|p2a: Moltres
|-damage|p2a: Moltres|7/100
|-boost|p1a: Iron Treads|spe|1
|move|p2a: Moltres|Roost|p2a: Moltres
|-heal|p2a: Moltres|57/100
|-singleturn|p2a: Moltres|move: Roost
|
|upkeep
|turn|6
|
|t:|1780999909
|move|p1a: Iron Treads|Endeavor|p2a: Moltres
|-damage|p2a: Moltres|16/100
|move|p2a: Moltres|Will-O-Wisp|p1a: Iron Treads|[miss]
|-miss|p2a: Moltres|p1a: Iron Treads
|
|upkeep
|turn|7
|
|t:|1780999914
|move|p1a: Iron Treads|Rapid Spin|p2a: Moltres
|-damage|p2a: Moltres|6/100
|-boost|p1a: Iron Treads|spe|1
|-status|p1a: Iron Treads|brn|[from] ability: Flame Body|[of] p2a: Moltres
|move|p2a: Moltres|Roost|p2a: Moltres
|-heal|p2a: Moltres|56/100
|-singleturn|p2a: Moltres|move: Roost
|
|-damage|p1a: Iron Treads|10/100 brn|[from] brn
|upkeep
|turn|8
|
|t:|1780999919
|move|p1a: Iron Treads|Endeavor|p2a: Moltres
|-damage|p2a: Moltres|10/100
|move|p2a: Moltres|Roost|p2a: Moltres
|-heal|p2a: Moltres|60/100
|-singleturn|p2a: Moltres|move: Roost
|
|-damage|p1a: Iron Treads|4/100 brn|[from] brn
|upkeep
|turn|9
|
|t:|1780999923
|switch|p2a: Iron Treads|Iron Treads|22/100
|-damage|p2a: Iron Treads|19/100|[from] Stealth Rock
|move|p1a: Iron Treads|Endeavor|p2a: Iron Treads
|-damage|p2a: Iron Treads|4/100
|
|-heal|p2a: Iron Treads|10/100|[from] item: Leftovers
|-damage|p1a: Iron Treads|0 fnt|[from] brn
|faint|p1a: Iron Treads
|-end|p1a: Iron Treads|Quark Drive|[silent]
|upkeep
|
|t:|1780999929
|switch|p1a: Ogerpon|Ogerpon-Wellspring, F|100/100
|turn|10
|
|t:|1780999933
|move|p1a: Ogerpon|Ivy Cudgel|p2a: Iron Treads|[anim] Ivy Cudgel Water
|-supereffective|p2a: Iron Treads
|-damage|p2a: Iron Treads|0 fnt
|faint|p2a: Iron Treads
|-end|p2a: Iron Treads|Quark Drive|[silent]
|
|upkeep
|
|t:|1780999935
|switch|p2a: Weezing|Weezing-Galar, F|100/100
|-ability|p2a: Weezing|Neutralizing Gas
|-damage|p2a: Weezing|88/100|[from] Stealth Rock
|turn|11
|
|t:|1780999940
|move|p1a: Ogerpon|Swords Dance|p1a: Ogerpon
|-boost|p1a: Ogerpon|atk|2
|move|p2a: Weezing|Defog|p1a: Ogerpon
|-unboost|p1a: Ogerpon|evasion|1
|-sideend|p2: lt_alt1|Stealth Rock|[from] move: Defog|[of] p2a: Weezing
|
|-heal|p2a: Weezing|94/100|[from] item: Leftovers
|upkeep
|turn|12
|
|t:|1780999945
|-terastallize|p1a: Ogerpon|Water
|detailschange|p1a: Ogerpon|Ogerpon-Wellspring-Tera, F, tera:Water
|-terastallize|p2a: Weezing|Grass
|move|p1a: Ogerpon|Ivy Cudgel|p2a: Weezing|[anim] Ivy Cudgel Water
|-resisted|p2a: Weezing
|-damage|p2a: Weezing|38/100
|move|p2a: Weezing|Will-O-Wisp|p1a: Ogerpon
|-status|p1a: Ogerpon|brn
|
|-heal|p2a: Weezing|44/100|[from] item: Leftovers
|-damage|p1a: Ogerpon|95/100 brn|[from] brn
|upkeep
|turn|13
|
|t:|1780999955
|move|p1a: Ogerpon|Swords Dance|p1a: Ogerpon
|-boost|p1a: Ogerpon|atk|2
|move|p2a: Weezing|Pain Split|p1a: Ogerpon
|-sethp|p1a: Ogerpon|69/100 brn|[from] move: Pain Split|[silent]
|-sethp|p2a: Weezing|70/100|[from] move: Pain Split
|
|-heal|p2a: Weezing|76/100|[from] item: Leftovers
|-damage|p1a: Ogerpon|63/100 brn|[from] brn
|upkeep
|turn|14
|
|t:|1780999959
|move|p1a: Ogerpon|Ivy Cudgel|p2a: Weezing|[anim] Ivy Cudgel Water
|-resisted|p2a: Weezing
|-damage|p2a: Weezing|34/100
|move|p2a: Weezing|Strange Steam|p1a: Ogerpon
|-damage|p1a: Ogerpon|31/100 brn
|
|-heal|p2a: Weezing|40/100|[from] item: Leftovers
|-damage|p1a: Ogerpon|25/100 brn|[from] brn
|upkeep
|turn|15
|
|t:|1780999965
|move|p1a: Ogerpon|Ivy Cudgel|p2a: Weezing|[anim] Ivy Cudgel Water
|-resisted|p2a: Weezing
|-damage|p2a: Weezing|0 fnt
|faint|p2a: Weezing
|-end|p2a: Weezing|ability: Neutralizing Gas
|-ability|p1a: Ogerpon|Embody Aspect (Wellspring)|boost
|-boost|p1a: Ogerpon|spd|1
|
|-damage|p1a: Ogerpon|19/100 brn|[from] brn
|upkeep
|
|t:|1780999974
|switch|p2a: Kyurem|Kyurem|100/100
|-ability|p2a: Kyurem|Pressure
|turn|16
|
|t:|1780999982
|move|p1a: Ogerpon|Play Rough|p2a: Kyurem
|-supereffective|p2a: Kyurem
|-damage|p2a: Kyurem|0 fnt
|faint|p2a: Kyurem
|
|-damage|p1a: Ogerpon|13/100 brn|[from] brn
|upkeep
|-message|lt_alt1 forfeited.
|
|win|lolshh
|raw|lolshh's rating: 1683 &rarr; <strong>1701</strong><br />(+18 for winning)
|raw|lt_alt1's rating: 1655 &rarr; <strong>1637</strong><br />(-18 for losing)
|l|‽lt_alt1
|player|p2|
|l|☆lolshh
|player|p1|
