|j|☆rekjllj
|j|☆Jsparxs
|t:|1781273354
|gametype|singles
|player|p1|rekjllj|169|1650
|player|p2|Jsparxs|266|1691
|gen|9
|tier|[Gen 9] OU
|rated|
|rule|HP Percentage Mod: HP is shown in percentages
|rule|Endless Battle Clause: Forcing endless battles is banned
|rule|Species Clause: Limit one of each Pokémon
|rule|OHKO Clause: OHKO moves are banned
|rule|Evasion Items Clause: Evasion items are banned
|rule|Evasion Moves Clause: Evasion moves are banned
|rule|Evasion Abilities Clause: Evasion abilities are banned
|rule|Sleep Moves Clause: Sleep-inducing moves are banned
|clearpoke
|poke|p1|Kingambit, F|
|poke|p1|Kommo-o, F|
|poke|p1|Iron Valiant|
|poke|p1|Kyurem|
|poke|p1|Iron Treads|
|poke|p1|Iron Crown|
|poke|p2|Great Tusk|
|poke|p2|Zamazenta-*|
|poke|p2|Iron Valiant|
|poke|p2|Gallade, M|
|poke|p2|Kommo-o, M|
|poke|p2|Okidogi, M|
|teampreview
|c|☆Jsparxs|glhf
|c|☆rekjllj|hf
|inactive|Battle timer is ON: inactive players will automatically lose when time's up. (requested by rekjllj)
|
|t:|1781273367
|teamsize|p1|6
|teamsize|p2|6
|start
|switch|p1a: Iron Valiant|Iron Valiant|100/100
|switch|p2a: Gallade|Gallade, M|100/100
|-enditem|p1a: Iron Valiant|Booster Energy
|-activate|p1a: Iron Valiant|ability: Quark Drive|[fromitem]
|-start|p1a: Iron Valiant|quarkdrivespe
|turn|1
|j| infopro play392
|
|t:|1781273373
|move|p1a: Iron Valiant|Moonblast|p2a: Gallade
|-supereffective|p2a: Gallade
|-damage|p2a: Gallade|47/100
|move|p2a: Gallade|Psycho Cut|p1a: Iron Valiant
|-supereffective|p1a: Iron Valiant
|-damage|p1a: Iron Valiant|0 fnt
|faint|p1a: Iron Valiant
|-end|p1a: Iron Valiant|Quark Drive|[silent]
|
|upkeep
|
|t:|1781273380
|switch|p1a: Kommo-o|Kommo-o, F|100/100
|turn|2
|
|t:|1781273386
|move|p1a: Kommo-o|Shadow Claw|p2a: Gallade
|-supereffective|p2a: Gallade
|-damage|p2a: Gallade|0 fnt
|faint|p2a: Gallade
|
|upkeep
|inactive|Jsparxs has 120 seconds left.
|
|t:|1781273417
|switch|p2a: Okidogi|Okidogi, M|100/100
|turn|3
|
|t:|1781273430
|move|p1a: Kommo-o|Clangorous Soul|p1a: Kommo-o
|-boost|p1a: Kommo-o|atk|1
|-boost|p1a: Kommo-o|def|1
|-boost|p1a: Kommo-o|spa|1
|-boost|p1a: Kommo-o|spd|1
|-boost|p1a: Kommo-o|spe|1
|-damage|p1a: Kommo-o|68/100
|move|p2a: Okidogi|Drain Punch|p1a: Kommo-o
|-crit|p1a: Kommo-o
|-damage|p1a: Kommo-o|21/100
|
|-heal|p1a: Kommo-o|27/100|[from] item: Leftovers
|upkeep
|turn|4
|
|t:|1781273437
|switch|p1a: Iron Crown|Iron Crown|100/100
|-enditem|p1a: Iron Crown|Booster Energy
|-activate|p1a: Iron Crown|ability: Quark Drive|[fromitem]
|-start|p1a: Iron Crown|quarkdrivespe
|move|p2a: Okidogi|Ice Punch|p1a: Iron Crown
|-resisted|p1a: Iron Crown
|-damage|p1a: Iron Crown|86/100
|
|upkeep
|turn|5
|inactive|Jsparxs has 120 seconds left.
|
|t:|1781273470
|-terastallize|p2a: Okidogi|Water
|move|p1a: Iron Crown|Psychic Noise|p2a: Okidogi
|-damage|p2a: Okidogi|61/100
|-start|p2a: Okidogi|move: Heal Block
|move|p2a: Okidogi|Crunch|p1a: Iron Crown
|-supereffective|p1a: Iron Crown
|-damage|p1a: Iron Crown|10/100
|
|upkeep
|turn|6
|inactive|Jsparxs has 120 seconds left.
|
|t:|1781273481
|move|p1a: Iron Crown|Psychic Noise|p2a: Okidogi
|-damage|p2a: Okidogi|23/100
|move|p2a: Okidogi|Ice Punch|p1a: Iron Crown
|-resisted|p1a: Iron Crown
|-damage|p1a: Iron Crown|0 fnt
|faint|p1a: Iron Crown
|-end|p1a: Iron Crown|Quark Drive|[silent]
|
|-end|p2a: Okidogi|move: Heal Block
|upkeep
|
|t:|1781273485
|switch|p1a: Kingambit|Kingambit, F|100/100
|-activate|p1a: Kingambit|ability: Supreme Overlord
|-start|p1a: Kingambit|fallen2|[silent]
|turn|7
|
|t:|1781273488
|move|p1a: Kingambit|Sucker Punch|p2a: Okidogi
|-damage|p2a: Okidogi|0 fnt
|faint|p2a: Okidogi
|
|upkeep
|
|t:|1781273494
|switch|p2a: Zamazenta|Zamazenta|100/100
|-ability|p2a: Zamazenta|Dauntless Shield|boost
|-boost|p2a: Zamazenta|def|1
|turn|8
|
|t:|1781273500
|-terastallize|p1a: Kingambit|Ghost
|move|p2a: Zamazenta|Iron Defense|p2a: Zamazenta
|-boost|p2a: Zamazenta|def|2
|move|p1a: Kingambit|Swords Dance|p1a: Kingambit
|-boost|p1a: Kingambit|atk|2
|
|upkeep
|turn|9
|
|t:|1781273507
|move|p1a: Kingambit|Iron Head|p2a: Zamazenta
|-damage|p2a: Zamazenta|64/100
|move|p2a: Zamazenta|Roar|p1a: Kingambit
|-end|p1a: Kingambit|fallen2|[silent]
|drag|p1a: Kyurem|Kyurem|100/100
|-ability|p1a: Kyurem|Pressure
|
|-heal|p2a: Zamazenta|70/100|[from] item: Leftovers
|upkeep
|turn|10
|
|t:|1781273518
|switch|p1a: Kingambit|Kingambit, F, tera:Ghost|100/100
|-activate|p1a: Kingambit|ability: Supreme Overlord
|-start|p1a: Kingambit|fallen2|[silent]
|move|p2a: Zamazenta|Body Press|p1a: Kingambit
|-immune|p1a: Kingambit
|
|-heal|p2a: Zamazenta|76/100|[from] item: Leftovers
|upkeep
|turn|11
|
|t:|1781273521
|move|p2a: Zamazenta|Crunch|p1a: Kingambit
|-supereffective|p1a: Kingambit
|-damage|p1a: Kingambit|60/100
|move|p1a: Kingambit|Iron Head|p2a: Zamazenta
|-damage|p2a: Zamazenta|59/100
|
|-heal|p2a: Zamazenta|65/100|[from] item: Leftovers
|-heal|p1a: Kingambit|66/100|[from] item: Leftovers
|upkeep
|turn|12
|
|t:|1781273528
|-end|p1a: Kingambit|fallen2|[silent]
|switch|p1a: Kommo-o|Kommo-o, F|27/100
|move|p2a: Zamazenta|Iron Defense|p2a: Zamazenta
|-boost|p2a: Zamazenta|def|2
|
|-heal|p2a: Zamazenta|71/100|[from] item: Leftovers
|-heal|p1a: Kommo-o|33/100|[from] item: Leftovers
|upkeep
|turn|13
|
|t:|1781273531
|switch|p1a: Kingambit|Kingambit, F, tera:Ghost|66/100
|-activate|p1a: Kingambit|ability: Supreme Overlord
|-start|p1a: Kingambit|fallen2|[silent]
|move|p2a: Zamazenta|Body Press|p1a: Kingambit
|-immune|p1a: Kingambit
|
|-heal|p2a: Zamazenta|77/100|[from] item: Leftovers
|-heal|p1a: Kingambit|72/100|[from] item: Leftovers
|upkeep
|turn|14
|
|t:|1781273535
|-end|p1a: Kingambit|fallen2|[silent]
|switch|p1a: Kommo-o|Kommo-o, F|33/100
|move|p2a: Zamazenta|Crunch|p1a: Kommo-o
|-resisted|p1a: Kommo-o
|-damage|p1a: Kommo-o|24/100
|
|-heal|p2a: Zamazenta|84/100|[from] item: Leftovers
|-heal|p1a: Kommo-o|30/100|[from] item: Leftovers
|upkeep
|turn|15
|
|t:|1781273538
|switch|p1a: Kingambit|Kingambit, F, tera:Ghost|72/100
|-activate|p1a: Kingambit|ability: Supreme Overlord
|-start|p1a: Kingambit|fallen2|[silent]
|move|p2a: Zamazenta|Body Press|p1a: Kingambit
|-immune|p1a: Kingambit
|
|-heal|p2a: Zamazenta|90/100|[from] item: Leftovers
|-heal|p1a: Kingambit|79/100|[from] item: Leftovers
|upkeep
|turn|16
|
|t:|1781273543
|-end|p1a: Kingambit|fallen2|[silent]
|switch|p1a: Kommo-o|Kommo-o, F|30/100
|move|p2a: Zamazenta|Crunch|p1a: Kommo-o
|-resisted|p1a: Kommo-o
|-damage|p1a: Kommo-o|20/100
|
|-heal|p2a: Zamazenta|96/100|[from] item: Leftovers
|-heal|p1a: Kommo-o|26/100|[from] item: Leftovers
|upkeep
|turn|17
|
|t:|1781273547
|switch|p1a: Kingambit|Kingambit, F, tera:Ghost|79/100
|-activate|p1a: Kingambit|ability: Supreme Overlord
|-start|p1a: Kingambit|fallen2|[silent]
|move|p2a: Zamazenta|Crunch|p1a: Kingambit
|-supereffective|p1a: Kingambit
|-damage|p1a: Kingambit|36/100
|
|-heal|p2a: Zamazenta|100/100|[from] item: Leftovers
|-heal|p1a: Kingambit|43/100|[from] item: Leftovers
|upkeep
|turn|18
|
|t:|1781273550
|-end|p1a: Kingambit|fallen2|[silent]
|switch|p1a: Kommo-o|Kommo-o, F|26/100
|move|p2a: Zamazenta|Crunch|p1a: Kommo-o
|-resisted|p1a: Kommo-o
|-damage|p1a: Kommo-o|16/100
|
|-heal|p1a: Kommo-o|22/100|[from] item: Leftovers
|upkeep
|turn|19
|
|t:|1781273555
|switch|p1a: Kingambit|Kingambit, F, tera:Ghost|43/100
|-activate|p1a: Kingambit|ability: Supreme Overlord
|-start|p1a: Kingambit|fallen2|[silent]
|move|p2a: Zamazenta|Body Press|p1a: Kingambit
|-immune|p1a: Kingambit
|
|-heal|p1a: Kingambit|49/100|[from] item: Leftovers
|upkeep
|turn|20
|
|t:|1781273558
|-end|p1a: Kingambit|fallen2|[silent]
|switch|p1a: Kommo-o|Kommo-o, F|22/100
|move|p2a: Zamazenta|Crunch|p1a: Kommo-o
|-resisted|p1a: Kommo-o
|-damage|p1a: Kommo-o|12/100
|
|-heal|p1a: Kommo-o|18/100|[from] item: Leftovers
|upkeep
|turn|21
|
|t:|1781273562
|switch|p1a: Kingambit|Kingambit, F, tera:Ghost|49/100
|-activate|p1a: Kingambit|ability: Supreme Overlord
|-start|p1a: Kingambit|fallen2|[silent]
|move|p2a: Zamazenta|Crunch|p1a: Kingambit
|-supereffective|p1a: Kingambit
|-damage|p1a: Kingambit|11/100
|
|-heal|p1a: Kingambit|17/100|[from] item: Leftovers
|upkeep
|turn|22
|
|t:|1781273566
|-end|p1a: Kingambit|fallen2|[silent]
|switch|p1a: Kommo-o|Kommo-o, F|18/100
|move|p2a: Zamazenta|Body Press|p1a: Kommo-o
|-damage|p1a: Kommo-o|0 fnt
|faint|p1a: Kommo-o
|
|upkeep
|
|t:|1781273569
|switch|p1a: Kingambit|Kingambit, F, tera:Ghost|17/100
|-activate|p1a: Kingambit|ability: Supreme Overlord
|-start|p1a: Kingambit|fallen3|[silent]
|turn|23
|
|t:|1781273577
|-end|p1a: Kingambit|fallen3|[silent]
|switch|p1a: Iron Treads|Iron Treads|100/100
|-enditem|p1a: Iron Treads|Booster Energy
|-activate|p1a: Iron Treads|ability: Quark Drive|[fromitem]
|-start|p1a: Iron Treads|quarkdrivespe
|move|p2a: Zamazenta|Crunch|p1a: Iron Treads
|-damage|p1a: Iron Treads|82/100
|
|upkeep
|turn|24
|
|t:|1781273581
|-end|p1a: Iron Treads|Quark Drive|[silent]
|switch|p1a: Kingambit|Kingambit, F, tera:Ghost|17/100
|-activate|p1a: Kingambit|ability: Supreme Overlord
|-start|p1a: Kingambit|fallen3|[silent]
|move|p2a: Zamazenta|Body Press|p1a: Kingambit
|-immune|p1a: Kingambit
|
|-heal|p1a: Kingambit|23/100|[from] item: Leftovers
|upkeep
|turn|25
|
|t:|1781273584
|-end|p1a: Kingambit|fallen3|[silent]
|switch|p1a: Iron Treads|Iron Treads|82/100
|move|p2a: Zamazenta|Crunch|p1a: Iron Treads
|-damage|p1a: Iron Treads|65/100
|
|upkeep
|turn|26
|
|t:|1781273588
|-end|p1a: Iron Treads|Quark Drive|[silent]
|switch|p1a: Kingambit|Kingambit, F, tera:Ghost|23/100
|-activate|p1a: Kingambit|ability: Supreme Overlord
|-start|p1a: Kingambit|fallen3|[silent]
|move|p2a: Zamazenta|Crunch|p1a: Kingambit
|-supereffective|p1a: Kingambit
|-damage|p1a: Kingambit|0 fnt
|faint|p1a: Kingambit
|-end|p1a: Kingambit|fallen3|[silent]
|
|upkeep
|
|t:|1781273591
|switch|p1a: Iron Treads|Iron Treads|65/100
|turn|27
|c|☆Jsparxs|I respect the attempt
|
|t:|1781273597
|move|p2a: Zamazenta|Body Press|p1a: Iron Treads
|-supereffective|p1a: Iron Treads
|-damage|p1a: Iron Treads|0 fnt
|faint|p1a: Iron Treads
|-end|p1a: Iron Treads|Quark Drive|[silent]
|
|upkeep
|
|t:|1781273601
|switch|p1a: Kyurem|Kyurem|100/100
|-ability|p1a: Kyurem|Pressure
|turn|28
|c|☆Jsparxs|gg
|
|t:|1781273605
|move|p2a: Zamazenta|Body Press|p1a: Kyurem
|-supereffective|p1a: Kyurem
|-damage|p1a: Kyurem|0 fnt
|faint|p1a: Kyurem
|
|win|Jsparxs
|raw|rekjllj's rating: 1650 &rarr; <strong>1632</strong><br />(-18 for losing)
|raw|Jsparxs's rating: 1691 &rarr; <strong>1709</strong><br />(+18 for winning)
|c|☆rekjllj|gg
|l|☆rekjllj
|player|p1|
|l|☆Jsparxs
|player|p2|
|l| infopro play392
