|j|☆lucy cobblestone
|j|☆Mr Tpen
|t:|1780934296
|gametype|singles
|player|p1|lucy cobblestone|guitarist|1625
|player|p2|Mr Tpen|170|1647
|gen|9
|tier|[Gen 9] OU
|rated|
|rule|HP Percentage Mod: HP is shown in percentages
|rule|Endless Battle Clause: Forcing endless battles is banned
|rule|Species Clause: Limit one of each Pokémon
|rule|OHKO Clause: OHKO moves are banned
|rule|Evasion Items Clause: Evasion items are banned
|rule|Evasion Moves Clause: Evasion moves are banned
|rule|Evasion Abilities Clause: Evasion abilities are banned
|rule|Sleep Moves Clause: Sleep-inducing moves are banned
|clearpoke
|poke|p1|Iron Moth|
|poke|p1|Gliscor, M|
|poke|p1|Hatterene, F|
|poke|p1|Ogerpon-Wellspring, F|
|poke|p1|Raging Bolt|
|poke|p1|Zamazenta-*|
|poke|p2|Clodsire, F|
|poke|p2|Toxapex, F|
|poke|p2|Corviknight, M|
|poke|p2|Dondozo, F|
|poke|p2|Clefable, M|
|poke|p2|Gliscor, F|
|teampreview
|inactive|Battle timer is ON: inactive players will automatically lose when time's up. (requested by Mr Tpen)
|
|t:|1780934319
|teamsize|p1|6
|teamsize|p2|6
|start
|switch|p1a: Zamazenta|Zamazenta|100/100
|switch|p2a: nothing new there|Gliscor, F|100/100
|-ability|p1a: Zamazenta|Dauntless Shield|boost
|-boost|p1a: Zamazenta|def|1
|turn|1
|
|t:|1780934323
|move|p1a: Zamazenta|Reflect|p1a: Zamazenta
|-sidestart|p1: lucy cobblestone|Reflect
|move|p2a: nothing new there|Toxic|p1a: Zamazenta
|-status|p1a: Zamazenta|tox
|
|-damage|p1a: Zamazenta|94/100 tox|[from] psn
|-status|p2a: nothing new there|tox|[from] item: Toxic Orb
|upkeep
|turn|2
|
|t:|1780934327
|move|p1a: Zamazenta|Ice Fang|p2a: nothing new there
|-supereffective|p2a: nothing new there
|-damage|p2a: nothing new there|38/100 tox
|move|p2a: nothing new there|Substitute|p2a: nothing new there
|-start|p2a: nothing new there|Substitute
|-damage|p2a: nothing new there|13/100 tox
|
|-damage|p1a: Zamazenta|82/100 tox|[from] psn
|-heal|p2a: nothing new there|25/100 tox|[from] ability: Poison Heal
|upkeep
|turn|3
|
|t:|1780934334
|switch|p1a: Hatterene|Hatterene, F|100/100
|move|p2a: nothing new there|Protect||[still]
|-fail|p2a: nothing new there
|
|-heal|p2a: nothing new there|38/100 tox|[from] ability: Poison Heal
|upkeep
|turn|4
|
|t:|1780934337
|move|p2a: nothing new there|Protect|p2a: nothing new there
|-singleturn|p2a: nothing new there|Protect
|move|p1a: Hatterene|Calm Mind|p1a: Hatterene
|-boost|p1a: Hatterene|spa|1
|-boost|p1a: Hatterene|spd|1
|
|-heal|p2a: nothing new there|50/100 tox|[from] ability: Poison Heal
|upkeep
|turn|5
|
|t:|1780934339
|switch|p2a: love this for you|Clefable, M|100/100
|move|p1a: Hatterene|Calm Mind|p1a: Hatterene
|-boost|p1a: Hatterene|spa|1
|-boost|p1a: Hatterene|spd|1
|
|upkeep
|turn|6
|
|t:|1780934343
|move|p2a: love this for you|Knock Off|p1a: Hatterene
|-damage|p1a: Hatterene|95/100
|-enditem|p1a: Hatterene|Leftovers|[from] move: Knock Off|[of] p2a: love this for you
|move|p1a: Hatterene|Calm Mind|p1a: Hatterene
|-boost|p1a: Hatterene|spa|1
|-boost|p1a: Hatterene|spd|1
|
|upkeep
|turn|7
|
|t:|1780934345
|move|p2a: love this for you|Moonblast|p1a: Hatterene
|-damage|p1a: Hatterene|82/100
|move|p1a: Hatterene|Calm Mind|p1a: Hatterene
|-boost|p1a: Hatterene|spa|1
|-boost|p1a: Hatterene|spd|1
|
|upkeep
|turn|8
|
|t:|1780934349
|move|p2a: love this for you|Moonblast|p1a: Hatterene
|-damage|p1a: Hatterene|72/100
|-unboost|p1a: Hatterene|spa|1
|move|p1a: Hatterene|Draining Kiss|p2a: love this for you
|-damage|p2a: love this for you|46/100
|-heal|p1a: Hatterene|100/100|[from] drain|[of] p2a: love this for you
|
|-sideend|p1: lucy cobblestone|Reflect
|-damage|p1a: Hatterene|88/100|[from] item: Sticky Barb
|upkeep
|turn|9
|
|t:|1780934353
|move|p2a: love this for you|Moonblast|p1a: Hatterene
|-damage|p1a: Hatterene|77/100
|move|p1a: Hatterene|Draining Kiss|p2a: love this for you
|-damage|p2a: love this for you|0 fnt
|-heal|p1a: Hatterene|100/100|[from] drain|[of] p2a: love this for you
|faint|p2a: love this for you
|
|-damage|p1a: Hatterene|88/100|[from] item: Sticky Barb
|upkeep
|
|t:|1780934356
|switch|p2a: did you calc that?|Clodsire, F|100/100
|turn|10
|
|t:|1780934359
|-terastallize|p2a: did you calc that?|Steel
|move|p1a: Hatterene|Stored Power|p2a: did you calc that?
|-resisted|p2a: did you calc that?
|-damage|p2a: did you calc that?|82/100
|move|p2a: did you calc that?|Poison Jab|p1a: Hatterene
|-supereffective|p1a: Hatterene
|-damage|p1a: Hatterene|52/100
|
|-damage|p1a: Hatterene|39/100|[from] item: Sticky Barb
|upkeep
|turn|11
|
|t:|1780934366
|move|p1a: Hatterene|Mystical Fire|p2a: did you calc that?
|-supereffective|p2a: did you calc that?
|-damage|p2a: did you calc that?|56/100
|-unboost|p2a: did you calc that?|spa|1
|move|p2a: did you calc that?|Poison Jab|p1a: Hatterene
|-supereffective|p1a: Hatterene
|-damage|p1a: Hatterene|0 fnt
|faint|p1a: Hatterene
|
|upkeep
|
|t:|1780934383
|switch|p1a: Zamazenta|Zamazenta|82/100 tox
|turn|12
|
|t:|1780934402
|switch|p2a: take your time|Toxapex, F|100/100
|move|p1a: Zamazenta|Reflect|p1a: Zamazenta
|-sidestart|p1: lucy cobblestone|Reflect
|
|-damage|p1a: Zamazenta|76/100 tox|[from] psn
|upkeep
|turn|13
|
|t:|1780934407
|switch|p1a: Raging Bolt|Raging Bolt|100/100
|-enditem|p1a: Raging Bolt|Booster Energy
|-activate|p1a: Raging Bolt|ability: Protosynthesis|[fromitem]
|-start|p1a: Raging Bolt|protosynthesisspa
|move|p2a: take your time|Infestation|p1a: Raging Bolt
|-damage|p1a: Raging Bolt|98/100
|-activate|p1a: Raging Bolt|move: Infestation|[of] p2a: take your time
|
|-damage|p1a: Raging Bolt|86/100|[from] move: Infestation|[partiallytrapped]
|upkeep
|turn|14
|
|t:|1780934415
|move|p2a: take your time|Baneful Bunker|p2a: take your time
|-singleturn|p2a: take your time|move: Protect
|move|p1a: Raging Bolt|Calm Mind|p1a: Raging Bolt
|-boost|p1a: Raging Bolt|spa|1
|-boost|p1a: Raging Bolt|spd|1
|
|-damage|p1a: Raging Bolt|73/100|[from] move: Infestation|[partiallytrapped]
|upkeep
|turn|15
|
|t:|1780934422
|switch|p2a: did you calc that?|Clodsire, F, tera:Steel|56/100
|move|p1a: Raging Bolt|Thunderbolt|p2a: did you calc that?
|-damage|p2a: did you calc that?|21/100
|
|-end|p1a: Raging Bolt|Infestation|[partiallytrapped]|[silent]
|upkeep
|turn|16
|
|t:|1780934431
|move|p1a: Raging Bolt|Thunderbolt|p2a: did you calc that?
|-damage|p2a: did you calc that?|0 fnt
|faint|p2a: did you calc that?
|
|upkeep
|
|t:|1780934433
|switch|p2a: nothing new there|Gliscor, F|50/100 tox
|turn|17
|
|t:|1780934435
|move|p2a: nothing new there|Substitute|p2a: nothing new there
|-start|p2a: nothing new there|Substitute
|-damage|p2a: nothing new there|25/100 tox
|move|p1a: Raging Bolt|Dragon Pulse|p2a: nothing new there
|-end|p2a: nothing new there|Substitute
|
|-heal|p2a: nothing new there|38/100 tox|[from] ability: Poison Heal
|upkeep
|turn|18
|
|t:|1780934438
|move|p2a: nothing new there|Protect|p2a: nothing new there
|-singleturn|p2a: nothing new there|Protect
|move|p1a: Raging Bolt|Dragon Pulse|p2a: nothing new there
|-activate|p2a: nothing new there|move: Protect
|
|-heal|p2a: nothing new there|50/100 tox|[from] ability: Poison Heal
|upkeep
|turn|19
|
|t:|1780934444
|move|p2a: nothing new there|Substitute|p2a: nothing new there
|-start|p2a: nothing new there|Substitute
|-damage|p2a: nothing new there|25/100 tox
|move|p1a: Raging Bolt|Dragon Pulse|p2a: nothing new there
|-end|p2a: nothing new there|Substitute
|
|-heal|p2a: nothing new there|38/100 tox|[from] ability: Poison Heal
|-sideend|p1: lucy cobblestone|Reflect
|upkeep
|turn|20
|
|t:|1780934447
|move|p2a: nothing new there|Protect|p2a: nothing new there
|-singleturn|p2a: nothing new there|Protect
|move|p1a: Raging Bolt|Dragon Pulse|p2a: nothing new there
|-activate|p2a: nothing new there|move: Protect
|
|-heal|p2a: nothing new there|50/100 tox|[from] ability: Poison Heal
|upkeep
|turn|21
|
|t:|1780934451
|move|p2a: nothing new there|Toxic|p1a: Raging Bolt
|-status|p1a: Raging Bolt|tox
|move|p1a: Raging Bolt|Dragon Pulse|p2a: nothing new there
|-damage|p2a: nothing new there|0 fnt
|faint|p2a: nothing new there
|
|-damage|p1a: Raging Bolt|67/100 tox|[from] psn
|upkeep
|
|t:|1780934454
|switch|p2a: per my last turn|Corviknight, M|100/100
|-ability|p2a: per my last turn|Pressure
|turn|22
|
|t:|1780934456
|move|p2a: per my last turn|Protect|p2a: per my last turn
|-singleturn|p2a: per my last turn|Protect
|move|p1a: Raging Bolt|Thunderbolt|p2a: per my last turn
|-activate|p2a: per my last turn|move: Protect
|
|-damage|p1a: Raging Bolt|55/100 tox|[from] psn
|upkeep
|turn|23
|
|t:|1780934459
|move|p1a: Raging Bolt|Thunderbolt|p2a: per my last turn
|-supereffective|p2a: per my last turn
|-damage|p2a: per my last turn|0 fnt
|faint|p2a: per my last turn
|
|-damage|p1a: Raging Bolt|37/100 tox|[from] psn
|upkeep
|
|t:|1780934462
|switch|p2a: take your time|Toxapex, F|100/100
|turn|24
|
|t:|1780934465
|move|p2a: take your time|Baneful Bunker|p2a: take your time
|-singleturn|p2a: take your time|move: Protect
|move|p1a: Raging Bolt|Thunderbolt|p2a: take your time
|-activate|p2a: take your time|move: Protect
|
|-damage|p1a: Raging Bolt|12/100 tox|[from] psn
|upkeep
|turn|25
|
|t:|1780934470
|move|p2a: take your time|Baneful Bunker|p2a: take your time
|-singleturn|p2a: take your time|move: Protect
|move|p1a: Raging Bolt|Thunderbolt|p2a: take your time
|-activate|p2a: take your time|move: Protect
|
|-damage|p1a: Raging Bolt|0 fnt|[from] psn
|faint|p1a: Raging Bolt
|-end|p1a: Raging Bolt|Protosynthesis|[silent]
|upkeep
|inactive|lucy cobblestone has 120 seconds left.
|
|t:|1780934500
|switch|p1a: Gliscor|Gliscor, M|100/100
|turn|26
|inactive|lucy cobblestone has 120 seconds left.
|
|t:|1780934517
|switch|p2a: keep trying|Dondozo, F|100/100
|move|p1a: Gliscor|Earthquake|p2a: keep trying
|-damage|p2a: keep trying|81/100
|
|-heal|p2a: keep trying|87/100|[from] item: Leftovers
|-status|p1a: Gliscor|tox|[from] item: Toxic Orb
|upkeep
|turn|27
|
|t:|1780934522
|move|p1a: Gliscor|Facade|p2a: keep trying
|-damage|p2a: keep trying|69/100
|move|p2a: keep trying|Curse|p2a: keep trying
|-unboost|p2a: keep trying|spe|1
|-boost|p2a: keep trying|atk|1
|-boost|p2a: keep trying|def|1
|
|-heal|p2a: keep trying|75/100|[from] item: Leftovers
|upkeep
|turn|28
|
|t:|1780934526
|switch|p1a: Zamazenta|Zamazenta|76/100 tox
|move|p2a: keep trying|Curse|p2a: keep trying
|-unboost|p2a: keep trying|spe|1
|-boost|p2a: keep trying|atk|1
|-boost|p2a: keep trying|def|1
|
|-heal|p2a: keep trying|81/100|[from] item: Leftovers
|-damage|p1a: Zamazenta|70/100 tox|[from] psn
|upkeep
|turn|29
|inactive|lucy cobblestone has 120 seconds left.
|
|t:|1780934554
|move|p1a: Zamazenta|Reflect|p1a: Zamazenta
|-sidestart|p1: lucy cobblestone|Reflect
|move|p2a: keep trying|Curse|p2a: keep trying
|-unboost|p2a: keep trying|spe|1
|-boost|p2a: keep trying|atk|1
|-boost|p2a: keep trying|def|1
|
|-heal|p2a: keep trying|87/100|[from] item: Leftovers
|-damage|p1a: Zamazenta|58/100 tox|[from] psn
|upkeep
|turn|30
|
|t:|1780934559
|move|p1a: Zamazenta|Close Combat|p2a: keep trying
|-damage|p2a: keep trying|78/100
|-unboost|p1a: Zamazenta|def|1
|-unboost|p1a: Zamazenta|spd|1
|move|p2a: keep trying|Crunch|p1a: Zamazenta
|-resisted|p1a: Zamazenta
|-damage|p1a: Zamazenta|50/100 tox
|
|-heal|p2a: keep trying|85/100|[from] item: Leftovers
|-damage|p1a: Zamazenta|31/100 tox|[from] psn
|upkeep
|turn|31
|
|t:|1780934562
|move|p1a: Zamazenta|Close Combat|p2a: keep trying
|-damage|p2a: keep trying|76/100
|-unboost|p1a: Zamazenta|def|1
|-unboost|p1a: Zamazenta|spd|1
|move|p2a: keep trying|Curse|p2a: keep trying
|-unboost|p2a: keep trying|spe|1
|-boost|p2a: keep trying|atk|1
|-boost|p2a: keep trying|def|1
|
|-heal|p2a: keep trying|82/100|[from] item: Leftovers
|-damage|p1a: Zamazenta|7/100 tox|[from] psn
|upkeep
|turn|32
|
|t:|1780934567
|move|p1a: Zamazenta|Close Combat|p2a: keep trying
|-damage|p2a: keep trying|74/100
|-unboost|p1a: Zamazenta|def|1
|-unboost|p1a: Zamazenta|spd|1
|move|p2a: keep trying|Rest|p2a: keep trying
|-status|p2a: keep trying|slp|[from] move: Rest
|-heal|p2a: keep trying|100/100 slp|[silent]
|
|-damage|p1a: Zamazenta|0 fnt|[from] psn
|faint|p1a: Zamazenta
|upkeep
|
|t:|1780934570
|switch|p1a: Ogerpon|Ogerpon-Wellspring, F|100/100
|turn|33
|
|t:|1780934573
|move|p1a: Ogerpon|Encore|p2a: keep trying
|-start|p2a: keep trying|Encore
|cant|p2a: keep trying|slp
|
|upkeep
|turn|34
|
|t:|1780934577
|switch|p2a: take your time|Toxapex, F|100/100
|move|p1a: Ogerpon|Swords Dance|p1a: Ogerpon
|-boost|p1a: Ogerpon|atk|2
|
|upkeep
|turn|35
|
|t:|1780934582
|move|p1a: Ogerpon|Trailblaze|p2a: take your time
|-damage|p2a: take your time|64/100
|-boost|p1a: Ogerpon|spe|1
|move|p2a: take your time|Poison Jab|p1a: Ogerpon
|-supereffective|p1a: Ogerpon
|-damage|p1a: Ogerpon|76/100
|
|-heal|p2a: take your time|70/100|[from] item: Leftovers
|upkeep
|turn|36
|
|t:|1780934590
|move|p1a: Ogerpon|Trailblaze|p2a: take your time
|-damage|p2a: take your time|28/100
|-boost|p1a: Ogerpon|spe|1
|move|p2a: take your time|Poison Jab|p1a: Ogerpon
|-supereffective|p1a: Ogerpon
|-damage|p1a: Ogerpon|50/100
|-status|p1a: Ogerpon|psn
|
|-heal|p2a: take your time|35/100|[from] item: Leftovers
|-damage|p1a: Ogerpon|38/100 psn|[from] psn
|-sideend|p1: lucy cobblestone|Reflect
|upkeep
|turn|37
|
|t:|1780934596
|move|p2a: take your time|Baneful Bunker|p2a: take your time
|-singleturn|p2a: take your time|move: Protect
|move|p1a: Ogerpon|Trailblaze|p2a: take your time
|-activate|p2a: take your time|move: Protect
|
|-heal|p2a: take your time|41/100|[from] item: Leftovers
|-damage|p1a: Ogerpon|26/100 psn|[from] psn
|upkeep
|turn|38
|
|t:|1780934602
|switch|p2a: keep trying|Dondozo, F|100/100 slp
|move|p1a: Ogerpon|Trailblaze|p2a: keep trying
|-supereffective|p2a: keep trying
|-crit|p2a: keep trying
|-damage|p2a: keep trying|54/100 slp
|-boost|p1a: Ogerpon|spe|1
|
|-heal|p2a: keep trying|60/100 slp|[from] item: Leftovers
|-damage|p1a: Ogerpon|13/100 psn|[from] psn
|upkeep
|turn|39
|
|t:|1780934610
|move|p1a: Ogerpon|Trailblaze|p2a: keep trying
|-supereffective|p2a: keep trying
|-damage|p2a: keep trying|30/100 slp
|-boost|p1a: Ogerpon|spe|1
|cant|p2a: keep trying|slp
|move|p2a: keep trying|Sleep Talk|p2a: keep trying
|move|p2a: keep trying|Rest||[from] move: Sleep Talk|[still]
|-fail|p2a: keep trying
|
|-heal|p2a: keep trying|36/100 slp|[from] item: Leftovers
|-damage|p1a: Ogerpon|1/100 psn|[from] psn
|upkeep
|turn|40
|
|t:|1780934614
|move|p1a: Ogerpon|Trailblaze|p2a: keep trying
|-supereffective|p2a: keep trying
|-damage|p2a: keep trying|5/100 slp
|-boost|p1a: Ogerpon|spe|1
|-curestatus|p2a: keep trying|slp|[msg]
|move|p2a: keep trying|Rest|p2a: keep trying
|-status|p2a: keep trying|slp|[from] move: Rest
|-heal|p2a: keep trying|100/100 slp|[silent]
|
|-damage|p1a: Ogerpon|0 fnt|[from] psn
|faint|p1a: Ogerpon
|upkeep
|
|t:|1780934622
|switch|p1a: Iron Moth|Iron Moth|100/100
|-enditem|p1a: Iron Moth|Booster Energy
|-activate|p1a: Iron Moth|ability: Quark Drive|[fromitem]
|-start|p1a: Iron Moth|quarkdrivespe
|turn|41
|
|t:|1780934625
|switch|p2a: take your time|Toxapex, F|74/100
|move|p1a: Iron Moth|Sludge Wave|p2a: take your time
|-resisted|p2a: take your time
|-damage|p2a: take your time|53/100
|
|-heal|p2a: take your time|59/100|[from] item: Leftovers
|upkeep
|turn|42
|
|t:|1780934629
|move|p2a: take your time|Baneful Bunker|p2a: take your time
|-singleturn|p2a: take your time|move: Protect
|move|p1a: Iron Moth|Fiery Dance|p2a: take your time
|-activate|p2a: take your time|move: Protect
|
|-heal|p2a: take your time|66/100|[from] item: Leftovers
|upkeep
|turn|43
|
|t:|1780934631
|move|p1a: Iron Moth|Fiery Dance|p2a: take your time
|-resisted|p2a: take your time
|-damage|p2a: take your time|49/100
|-boost|p1a: Iron Moth|spa|1
|move|p2a: take your time|Infestation|p1a: Iron Moth
|-resisted|p1a: Iron Moth
|-damage|p1a: Iron Moth|99/100
|-activate|p1a: Iron Moth|move: Infestation|[of] p2a: take your time
|
|-heal|p2a: take your time|55/100|[from] item: Leftovers
|-damage|p1a: Iron Moth|88/100|[from] move: Infestation|[partiallytrapped]
|upkeep
|turn|44
|
|t:|1780934635
|move|p2a: take your time|Baneful Bunker|p2a: take your time
|-singleturn|p2a: take your time|move: Protect
|move|p1a: Iron Moth|Fiery Dance|p2a: take your time
|-activate|p2a: take your time|move: Protect
|
|-heal|p2a: take your time|62/100|[from] item: Leftovers
|-damage|p1a: Iron Moth|75/100|[from] move: Infestation|[partiallytrapped]
|upkeep
|turn|45
|
|t:|1780934638
|move|p1a: Iron Moth|Fiery Dance|p2a: take your time
|-resisted|p2a: take your time
|-damage|p2a: take your time|34/100
|-boost|p1a: Iron Moth|spa|1
|move|p2a: take your time|Recover|p2a: take your time
|-heal|p2a: take your time|84/100
|
|-heal|p2a: take your time|91/100|[from] item: Leftovers
|-damage|p1a: Iron Moth|63/100|[from] move: Infestation|[partiallytrapped]
|upkeep
|turn|46
|
|t:|1780934641
|move|p2a: take your time|Baneful Bunker|p2a: take your time
|-singleturn|p2a: take your time|move: Protect
|move|p1a: Iron Moth|Sludge Wave|p2a: take your time
|-activate|p2a: take your time|move: Protect
|
|-heal|p2a: take your time|97/100|[from] item: Leftovers
|-damage|p1a: Iron Moth|50/100|[from] move: Infestation|[partiallytrapped]
|upkeep
|turn|47
|
|t:|1780934645
|move|p1a: Iron Moth|Sludge Wave|p2a: take your time
|-resisted|p2a: take your time
|-damage|p2a: take your time|56/100
|move|p2a: take your time|Infestation|p1a: Iron Moth
|-resisted|p1a: Iron Moth
|-damage|p1a: Iron Moth|50/100
|
|-heal|p2a: take your time|62/100|[from] item: Leftovers
|-damage|p1a: Iron Moth|37/100|[from] move: Infestation|[partiallytrapped]
|upkeep
|turn|48
|
|t:|1780934655
|move|p2a: take your time|Baneful Bunker|p2a: take your time
|-singleturn|p2a: take your time|move: Protect
|move|p1a: Iron Moth|Sludge Wave|p2a: take your time
|-activate|p2a: take your time|move: Protect
|
|-heal|p2a: take your time|68/100|[from] item: Leftovers
|-end|p1a: Iron Moth|Infestation|[partiallytrapped]
|upkeep
|turn|49
|
|t:|1780934666
|move|p1a: Iron Moth|Sludge Wave|p2a: take your time
|-resisted|p2a: take your time
|-damage|p2a: take your time|30/100
|move|p2a: take your time|Infestation|p1a: Iron Moth
|-resisted|p1a: Iron Moth
|-damage|p1a: Iron Moth|37/100
|-activate|p1a: Iron Moth|move: Infestation|[of] p2a: take your time
|
|-heal|p2a: take your time|37/100|[from] item: Leftovers
|-damage|p1a: Iron Moth|24/100|[from] move: Infestation|[partiallytrapped]
|upkeep
|turn|50
|
|t:|1780934668
|move|p2a: take your time|Baneful Bunker|p2a: take your time
|-singleturn|p2a: take your time|move: Protect
|move|p1a: Iron Moth|Whirlwind|p2a: take your time
|drag|p2a: keep trying|Dondozo, F|100/100 slp
|
|-end|p1a: Iron Moth|Infestation|[partiallytrapped]|[silent]
|upkeep
|turn|51
|
|t:|1780934672
|switch|p2a: take your time|Toxapex, F|70/100
|move|p1a: Iron Moth|Sludge Wave|p2a: take your time
|-resisted|p2a: take your time
|-damage|p2a: take your time|31/100
|
|-heal|p2a: take your time|38/100|[from] item: Leftovers
|upkeep
|turn|52
|
|t:|1780934676
|move|p2a: take your time|Baneful Bunker|p2a: take your time
|-singleturn|p2a: take your time|move: Protect
|move|p1a: Iron Moth|Sludge Wave|p2a: take your time
|-activate|p2a: take your time|move: Protect
|
|-heal|p2a: take your time|44/100|[from] item: Leftovers
|upkeep
|turn|53
|
|t:|1780934680
|move|p1a: Iron Moth|Sludge Wave|p2a: take your time
|-resisted|p2a: take your time
|-damage|p2a: take your time|6/100
|move|p2a: take your time|Infestation|p1a: Iron Moth
|-resisted|p1a: Iron Moth
|-damage|p1a: Iron Moth|24/100
|-activate|p1a: Iron Moth|move: Infestation|[of] p2a: take your time
|
|-heal|p2a: take your time|12/100|[from] item: Leftovers
|-damage|p1a: Iron Moth|11/100|[from] move: Infestation|[partiallytrapped]
|upkeep
|turn|54
|
|t:|1780934686
|move|p1a: Iron Moth|Sludge Wave|p2a: take your time
|-resisted|p2a: take your time
|-damage|p2a: take your time|0 fnt
|faint|p2a: take your time
|
|-end|p1a: Iron Moth|Infestation|[partiallytrapped]|[silent]
|upkeep
|
|t:|1780934688
|switch|p2a: keep trying|Dondozo, F|100/100 slp
|turn|55
|
|t:|1780934691
|move|p1a: Iron Moth|Sludge Wave|p2a: keep trying
|-damage|p2a: keep trying|53/100 slp
|cant|p2a: keep trying|slp
|move|p2a: keep trying|Sleep Talk|p2a: keep trying
|move|p2a: keep trying|Crunch|p1a: Iron Moth|[from] move: Sleep Talk
|-damage|p1a: Iron Moth|0 fnt
|faint|p1a: Iron Moth
|-end|p1a: Iron Moth|Quark Drive|[silent]
|
|-heal|p2a: keep trying|60/100 slp|[from] item: Leftovers
|upkeep
|
|t:|1780934697
|switch|p1a: Gliscor|Gliscor, M|100/100 tox
|turn|56
|
|t:|1780934701
|-terastallize|p1a: Gliscor|Normal
|move|p1a: Gliscor|Facade|p2a: keep trying
|-damage|p2a: keep trying|33/100 slp
|cant|p2a: keep trying|slp
|move|p2a: keep trying|Sleep Talk|p2a: keep trying
|move|p2a: keep trying|Crunch|p1a: Gliscor|[from] move: Sleep Talk
|-damage|p1a: Gliscor|84/100 tox
|-unboost|p1a: Gliscor|def|1
|
|-heal|p2a: keep trying|39/100 slp|[from] item: Leftovers
|-heal|p1a: Gliscor|96/100 tox|[from] ability: Poison Heal
|upkeep
|turn|57
|
|t:|1780934706
|move|p1a: Gliscor|Facade|p2a: keep trying
|-damage|p2a: keep trying|12/100 slp
|-curestatus|p2a: keep trying|slp|[msg]
|move|p2a: keep trying|Rest|p2a: keep trying
|-status|p2a: keep trying|slp|[from] move: Rest
|-heal|p2a: keep trying|100/100 slp|[silent]
|
|-heal|p1a: Gliscor|100/100 tox|[from] ability: Poison Heal
|upkeep
|turn|58
|
|t:|1780934711
|move|p1a: Gliscor|Facade|p2a: keep trying
|-damage|p2a: keep trying|70/100 slp
|cant|p2a: keep trying|slp
|move|p2a: keep trying|Sleep Talk|p2a: keep trying
|move|p2a: keep trying|Curse|p2a: keep trying|[from] move: Sleep Talk
|-unboost|p2a: keep trying|spe|1
|-boost|p2a: keep trying|atk|1
|-boost|p2a: keep trying|def|1
|
|-heal|p2a: keep trying|77/100 slp|[from] item: Leftovers
|upkeep
|turn|59
|
|t:|1780934714
|move|p1a: Gliscor|Facade|p2a: keep trying
|-damage|p2a: keep trying|58/100 slp
|cant|p2a: keep trying|slp
|move|p2a: keep trying|Sleep Talk|p2a: keep trying
|move|p2a: keep trying|Rest||[from] move: Sleep Talk|[still]
|-fail|p2a: keep trying
|
|-heal|p2a: keep trying|64/100 slp|[from] item: Leftovers
|upkeep
|turn|60
|
|t:|1780934718
|move|p1a: Gliscor|Facade|p2a: keep trying
|-damage|p2a: keep trying|43/100 slp
|-curestatus|p2a: keep trying|slp|[msg]
|move|p2a: keep trying|Rest|p2a: keep trying
|-status|p2a: keep trying|slp|[from] move: Rest
|-heal|p2a: keep trying|100/100 slp|[silent]
|
|upkeep
|turn|61
|j| feeyjvdet
|
|t:|1780934722
|move|p1a: Gliscor|Facade|p2a: keep trying
|-damage|p2a: keep trying|83/100 slp
|cant|p2a: keep trying|slp
|move|p2a: keep trying|Sleep Talk|p2a: keep trying
|move|p2a: keep trying|Rest||[from] move: Sleep Talk|[still]
|-fail|p2a: keep trying
|
|-heal|p2a: keep trying|89/100 slp|[from] item: Leftovers
|upkeep
|turn|62
|l| feeyjvdet
|
|t:|1780934725
|move|p1a: Gliscor|Facade|p2a: keep trying
|-damage|p2a: keep trying|69/100 slp
|cant|p2a: keep trying|slp
|move|p2a: keep trying|Sleep Talk|p2a: keep trying
|move|p2a: keep trying|Curse|p2a: keep trying|[from] move: Sleep Talk
|-unboost|p2a: keep trying|spe|1
|-boost|p2a: keep trying|atk|1
|-boost|p2a: keep trying|def|1
|
|-heal|p2a: keep trying|76/100 slp|[from] item: Leftovers
|upkeep
|turn|63
|
|t:|1780934729
|move|p1a: Gliscor|Facade|p2a: keep trying
|-damage|p2a: keep trying|61/100 slp
|-curestatus|p2a: keep trying|slp|[msg]
|move|p2a: keep trying|Rest|p2a: keep trying
|-status|p2a: keep trying|slp|[from] move: Rest
|-heal|p2a: keep trying|100/100 slp|[silent]
|
|upkeep
|turn|64
|
|t:|1780934732
|move|p1a: Gliscor|Facade|p2a: keep trying
|-damage|p2a: keep trying|87/100 slp
|cant|p2a: keep trying|slp
|move|p2a: keep trying|Sleep Talk|p2a: keep trying
|move|p2a: keep trying|Rest||[from] move: Sleep Talk|[still]
|-fail|p2a: keep trying
|
|-heal|p2a: keep trying|94/100 slp|[from] item: Leftovers
|upkeep
|turn|65
|
|t:|1780934735
|move|p1a: Gliscor|Facade|p2a: keep trying
|-damage|p2a: keep trying|79/100 slp
|cant|p2a: keep trying|slp
|move|p2a: keep trying|Sleep Talk|p2a: keep trying
|move|p2a: keep trying|Curse|p2a: keep trying|[from] move: Sleep Talk
|-unboost|p2a: keep trying|spe|1
|-boost|p2a: keep trying|atk|1
|-boost|p2a: keep trying|def|1
|
|-heal|p2a: keep trying|85/100 slp|[from] item: Leftovers
|upkeep
|turn|66
|
|t:|1780934738
|move|p1a: Gliscor|Facade|p2a: keep trying
|-damage|p2a: keep trying|73/100 slp
|-curestatus|p2a: keep trying|slp|[msg]
|move|p2a: keep trying|Crunch|p1a: Gliscor
|-damage|p1a: Gliscor|62/100 tox
|-unboost|p1a: Gliscor|def|1
|
|-heal|p2a: keep trying|79/100|[from] item: Leftovers
|-heal|p1a: Gliscor|75/100 tox|[from] ability: Poison Heal
|upkeep
|turn|67
|
|t:|1780934745
|move|p1a: Gliscor|Facade|p2a: keep trying
|-crit|p2a: keep trying
|-damage|p2a: keep trying|40/100
|move|p2a: keep trying|Crunch|p1a: Gliscor
|-damage|p1a: Gliscor|34/100 tox
|
|-heal|p2a: keep trying|46/100|[from] item: Leftovers
|-heal|p1a: Gliscor|47/100 tox|[from] ability: Poison Heal
|upkeep
|turn|68
|
|t:|1780934748
|move|p1a: Gliscor|Facade|p2a: keep trying
|-damage|p2a: keep trying|36/100
|move|p2a: keep trying|Rest|p2a: keep trying
|-status|p2a: keep trying|slp|[from] move: Rest
|-heal|p2a: keep trying|100/100 slp|[silent]
|
|-heal|p1a: Gliscor|59/100 tox|[from] ability: Poison Heal
|upkeep
|turn|69
|
|t:|1780934754
|move|p1a: Gliscor|Earthquake|p2a: keep trying
|-damage|p2a: keep trying|92/100 slp
|cant|p2a: keep trying|slp
|move|p2a: keep trying|Sleep Talk|p2a: keep trying
|move|p2a: keep trying|Rest||[from] move: Sleep Talk|[still]
|-fail|p2a: keep trying
|
|-heal|p2a: keep trying|98/100 slp|[from] item: Leftovers
|-heal|p1a: Gliscor|71/100 tox|[from] ability: Poison Heal
|upkeep
|turn|70
|
|t:|1780934757
|move|p1a: Gliscor|Earthquake|p2a: keep trying
|-damage|p2a: keep trying|90/100 slp
|cant|p2a: keep trying|slp
|move|p2a: keep trying|Sleep Talk|p2a: keep trying
|move|p2a: keep trying|Rest||[from] move: Sleep Talk|[still]
|-fail|p2a: keep trying
|
|-heal|p2a: keep trying|96/100 slp|[from] item: Leftovers
|-heal|p1a: Gliscor|83/100 tox|[from] ability: Poison Heal
|upkeep
|turn|71
|
|t:|1780934761
|move|p1a: Gliscor|Earthquake|p2a: keep trying
|-damage|p2a: keep trying|87/100 slp
|-curestatus|p2a: keep trying|slp|[msg]
|move|p2a: keep trying|Curse|p2a: keep trying
|-unboost|p2a: keep trying|spe|1
|-boost|p2a: keep trying|atk|1
|-boost|p2a: keep trying|def|1
|
|-heal|p2a: keep trying|93/100|[from] item: Leftovers
|-heal|p1a: Gliscor|96/100 tox|[from] ability: Poison Heal
|upkeep
|turn|72
|
|t:|1780934763
|move|p1a: Gliscor|Earthquake|p2a: keep trying
|-damage|p2a: keep trying|86/100
|move|p2a: keep trying|Curse|p2a: keep trying
|-unboost|p2a: keep trying|spe|1
|-boost|p2a: keep trying|atk|1
|-boost|p2a: keep trying|def|1
|
|-heal|p2a: keep trying|92/100|[from] item: Leftovers
|-heal|p1a: Gliscor|100/100 tox|[from] ability: Poison Heal
|upkeep
|turn|73
|
|t:|1780934765
|move|p1a: Gliscor|Earthquake|p2a: keep trying
|-damage|p2a: keep trying|87/100
|move|p2a: keep trying|Curse|p2a: keep trying
|-unboost|p2a: keep trying|spe|1
|-boost|p2a: keep trying|atk|1
|-boost|p2a: keep trying|def|1
|
|-heal|p2a: keep trying|93/100|[from] item: Leftovers
|upkeep
|turn|74
|
|t:|1780934768
|move|p1a: Gliscor|Earthquake|p2a: keep trying
|-damage|p2a: keep trying|88/100
|move|p2a: keep trying|Crunch|p1a: Gliscor
|-damage|p1a: Gliscor|39/100 tox
|
|-heal|p2a: keep trying|94/100|[from] item: Leftovers
|-heal|p1a: Gliscor|51/100 tox|[from] ability: Poison Heal
|upkeep
|turn|75
|
|t:|1780934771
|move|p1a: Gliscor|Earthquake|p2a: keep trying
|-damage|p2a: keep trying|88/100
|move|p2a: keep trying|Crunch|p1a: Gliscor
|-damage|p1a: Gliscor|0 fnt
|faint|p1a: Gliscor
|
|win|Mr Tpen
|raw|lucy cobblestone's rating: 1625 &rarr; <strong>1606</strong><br />(-19 for losing)
|raw|Mr Tpen's rating: 1647 &rarr; <strong>1666</strong><br />(+19 for winning)
|l|☆Mr Tpen
|player|p2|
|l|☆lucy cobblestone
|player|p1|
