|j|☆dia-sre
|j|☆Bigkyuza18
|t:|1781060191
|gametype|singles
|player|p1|dia-sre|170|1784
|player|p2|Bigkyuza18|1|1672
|gen|9
|tier|[Gen 9] OU
|rated|
|rule|HP Percentage Mod: HP is shown in percentages
|rule|Endless Battle Clause: Forcing endless battles is banned
|rule|Species Clause: Limit one of each Pokémon
|rule|OHKO Clause: OHKO moves are banned
|rule|Evasion Items Clause: Evasion items are banned
|rule|Evasion Moves Clause: Evasion moves are banned
|rule|Evasion Abilities Clause: Evasion abilities are banned
|rule|Sleep Moves Clause: Sleep-inducing moves are banned
|clearpoke
|poke|p1|Azumarill, F|
|poke|p1|Dragapult, M|
|poke|p1|Garchomp, M|
|poke|p1|Weezing-Galar, F|
|poke|p1|Gholdengo|
|poke|p1|Enamorus, F|
|poke|p2|Darkrai|
|poke|p2|Gliscor, F|
|poke|p2|Tinkaton, F|
|poke|p2|Moltres|
|poke|p2|Great Tusk|
|poke|p2|Hydrapple, F|
|teampreview
|j| QD KING
|
|t:|1781060204
|teamsize|p1|6
|teamsize|p2|6
|start
|switch|p1a: Enamorus|Enamorus, F|100/100
|switch|p2a: Tinkaton|Tinkaton, F|100/100
|-ability|p2a: Tinkaton|Mold Breaker
|turn|1
|inactive|Battle timer is ON: inactive players will automatically lose when time's up. (requested by Bigkyuza18)
|
|t:|1781060218
|switch|p2a: Moltres|Moltres|100/100
|move|p1a: Enamorus|Earth Power|p2a: Moltres
|-immune|p2a: Moltres
|
|upkeep
|turn|2
|
|t:|1781060232
|switch|p1a: Gholdengo|Gholdengo|100/100
|move|p2a: Moltres|Scorching Sands|p1a: Gholdengo
|-supereffective|p1a: Gholdengo
|-damage|p1a: Gholdengo|54/100
|-status|p1a: Gholdengo|brn
|
|-damage|p1a: Gholdengo|47/100 brn|[from] brn
|upkeep
|turn|3
|
|t:|1781060248
|switch|p2a: Darkrai|Darkrai|100/100
|move|p1a: Gholdengo|Trick|p2a: Darkrai
|-activate|p1a: Gholdengo|move: Trick|[of] p2a: Darkrai
|-item|p2a: Darkrai|Choice Scarf|[from] move: Trick
|-item|p1a: Gholdengo|Heavy-Duty Boots|[from] move: Trick
|
|-damage|p1a: Gholdengo|41/100 brn|[from] brn
|upkeep
|turn|4
|
|t:|1781060264
|switch|p1a: Azumarill|Azumarill, F|100/100
|move|p2a: Darkrai|Thunder Wave|p1a: Azumarill
|-status|p1a: Azumarill|par
|
|upkeep
|turn|5
|
|t:|1781060269
|switch|p2a: Tinkaton|Tinkaton, F|100/100
|-ability|p2a: Tinkaton|Mold Breaker
|move|p1a: Azumarill|Knock Off|p2a: Tinkaton
|-resisted|p2a: Tinkaton
|-damage|p2a: Tinkaton|79/100
|-enditem|p2a: Tinkaton|Leftovers|[from] move: Knock Off|[of] p1a: Azumarill
|
|upkeep
|turn|6
|
|t:|1781060274
|switch|p1a: Gholdengo|Gholdengo|41/100 brn
|move|p2a: Tinkaton|Gigaton Hammer|p1a: Gholdengo
|-resisted|p1a: Gholdengo
|-damage|p1a: Gholdengo|19/100 brn
|
|-damage|p1a: Gholdengo|13/100 brn|[from] brn
|upkeep
|turn|7
|
|t:|1781060279
|switch|p2a: Moltres|Moltres|100/100
|move|p1a: Gholdengo|Make It Rain|p2a: Moltres
|-resisted|p2a: Moltres
|-damage|p2a: Moltres|76/100
|-unboost|p1a: Gholdengo|spa|1
|
|-damage|p1a: Gholdengo|7/100 brn|[from] brn
|upkeep
|turn|8
|
|t:|1781060283
|move|p1a: Gholdengo|Trick|p2a: Moltres
|-activate|p1a: Gholdengo|move: Trick|[of] p2a: Moltres
|-item|p2a: Moltres|Heavy-Duty Boots|[from] move: Trick
|-item|p1a: Gholdengo|Heavy-Duty Boots|[from] move: Trick
|move|p2a: Moltres|Scorching Sands|p1a: Gholdengo
|-supereffective|p1a: Gholdengo
|-damage|p1a: Gholdengo|0 fnt
|faint|p1a: Gholdengo
|
|upkeep
|
|t:|1781060288
|switch|p1a: Dragapult|Dragapult, M|100/100
|turn|9
|
|t:|1781060305
|switch|p1a: Enamorus|Enamorus, F|100/100
|move|p2a: Moltres|Roost|p2a: Moltres
|-heal|p2a: Moltres|100/100
|-singleturn|p2a: Moltres|move: Roost
|
|upkeep
|turn|10
|
|t:|1781060309
|switch|p1a: Azumarill|Azumarill, F|100/100 par
|move|p2a: Moltres|Scorching Sands|p1a: Azumarill
|-damage|p1a: Azumarill|88/100 par
|
|upkeep
|turn|11
|
|t:|1781060313
|switch|p2a: Hydrapple|Hydrapple, F|100/100
|move|p1a: Azumarill|Ice Spinner|p2a: Hydrapple
|-supereffective|p2a: Hydrapple
|-damage|p2a: Hydrapple|0 fnt
|faint|p2a: Hydrapple
|
|upkeep
|
|t:|1781060316
|switch|p2a: Tinkaton|Tinkaton, F|79/100
|-ability|p2a: Tinkaton|Mold Breaker
|turn|12
|
|t:|1781060320
|switch|p1a: Garchomp|Garchomp, M|100/100
|move|p2a: Tinkaton|Gigaton Hammer|p1a: Garchomp
|-crit|p1a: Garchomp
|-damage|p1a: Garchomp|58/100
|
|upkeep
|turn|13
|
|t:|1781060330
|switch|p2a: Darkrai|Darkrai|100/100
|move|p1a: Garchomp|Stealth Rock|p2a: Darkrai
|-sidestart|p2: Bigkyuza18|move: Stealth Rock
|
|upkeep
|turn|14
|
|t:|1781060333
|switch|p1a: Azumarill|Azumarill, F|88/100 par
|move|p2a: Darkrai|Dark Pulse|p1a: Azumarill
|-resisted|p1a: Azumarill
|-damage|p1a: Azumarill|74/100 par
|
|upkeep
|turn|15
|
|t:|1781060340
|switch|p2a: Tinkaton|Tinkaton, F|79/100
|-damage|p2a: Tinkaton|73/100|[from] Stealth Rock
|-ability|p2a: Tinkaton|Mold Breaker
|move|p1a: Azumarill|Play Rough|p2a: Tinkaton
|-resisted|p2a: Tinkaton
|-damage|p2a: Tinkaton|42/100
|
|upkeep
|turn|16
|
|t:|1781060347
|switch|p1a: Garchomp|Garchomp, M|58/100
|move|p2a: Tinkaton|Stealth Rock|p1a: Garchomp
|-sidestart|p1: dia-sre|move: Stealth Rock
|
|upkeep
|turn|17
|
|t:|1781060350
|move|p2a: Tinkaton|Gigaton Hammer|p1a: Garchomp
|-damage|p1a: Garchomp|33/100
|move|p1a: Garchomp|Spikes|p2a: Tinkaton
|-sidestart|p2: Bigkyuza18|Spikes
|
|upkeep
|turn|18
|
|t:|1781060355
|move|p2a: Tinkaton|Encore|p1a: Garchomp
|-start|p1a: Garchomp|Encore
|move|p1a: Garchomp|Spikes|p2a: Tinkaton
|-sidestart|p2: Bigkyuza18|Spikes
|
|upkeep
|turn|19
|
|t:|1781060357
|move|p2a: Tinkaton|Gigaton Hammer|p1a: Garchomp
|-damage|p1a: Garchomp|7/100
|move|p1a: Garchomp|Spikes|p2a: Tinkaton
|-sidestart|p2: Bigkyuza18|Spikes
|
|upkeep
|turn|20
|
|t:|1781060371
|switch|p1a: Azumarill|Azumarill, F|74/100 par
|-damage|p1a: Azumarill|62/100 par|[from] Stealth Rock
|move|p2a: Tinkaton|Thunder Wave|p1a: Azumarill
|-fail|p1a: Azumarill|par
|
|upkeep
|turn|21
|
|t:|1781060375
|cant|p1a: Azumarill|par
|move|p2a: Tinkaton|Gigaton Hammer|p1a: Azumarill
|-damage|p1a: Azumarill|12/100 par
|
|upkeep
|turn|22
|
|t:|1781060379
|cant|p1a: Azumarill|par
|move|p2a: Tinkaton|Encore||[still]
|-fail|p2a: Tinkaton
|
|upkeep
|turn|23
|
|t:|1781060381
|move|p1a: Azumarill|Aqua Jet|p2a: Tinkaton
|-damage|p2a: Tinkaton|12/100
|move|p2a: Tinkaton|Gigaton Hammer|p1a: Azumarill
|-damage|p1a: Azumarill|0 fnt
|faint|p1a: Azumarill
|
|upkeep
|
|t:|1781060386
|switch|p1a: Dragapult|Dragapult, M|100/100
|-damage|p1a: Dragapult|88/100|[from] Stealth Rock
|turn|24
|
|t:|1781060389
|move|p1a: Dragapult|U-turn|p2a: Tinkaton
|-resisted|p2a: Tinkaton
|-damage|p2a: Tinkaton|1/100
|
|t:|1781060392
|switch|p1a: Garchomp|Garchomp, M|7/100|[from] U-turn
|-damage|p1a: Garchomp|0 fnt|[from] Stealth Rock
|faint|p1a: Garchomp
|move|p2a: Tinkaton|Thunder Wave|p1: Garchomp|[notarget]
|-fail|p2a: Tinkaton
|
|upkeep
|
|t:|1781060394
|switch|p1a: Dragapult|Dragapult, M|88/100
|-damage|p1a: Dragapult|76/100|[from] Stealth Rock
|turn|25
|
|t:|1781060397
|move|p1a: Dragapult|U-turn|p2a: Tinkaton
|-resisted|p2a: Tinkaton
|-damage|p2a: Tinkaton|0 fnt
|faint|p2a: Tinkaton
|j| dilf huntr
|
|t:|1781060399
|switch|p1a: Weezing|Weezing-Galar, F|100/100|[from] U-turn
|-damage|p1a: Weezing|88/100|[from] Stealth Rock
|
|upkeep
|
|t:|1781060405
|switch|p2a: Moltres|Moltres|100/100
|turn|26
|
|t:|1781060410
|move|p2a: Moltres|Flamethrower|p1a: Weezing
|-damage|p1a: Weezing|39/100
|move|p1a: Weezing|Strange Steam|p2a: Moltres
|-resisted|p2a: Moltres
|-damage|p2a: Moltres|92/100
|
|upkeep
|turn|27
|
|t:|1781060418
|switch|p1a: Dragapult|Dragapult, M|76/100
|-damage|p1a: Dragapult|64/100|[from] Stealth Rock
|move|p2a: Moltres|Flamethrower|p1a: Dragapult
|-resisted|p1a: Dragapult
|-damage|p1a: Dragapult|37/100
|
|upkeep
|turn|28
|
|t:|1781060422
|switch|p2a: Great Tusk|Great Tusk|100/100
|-terastallize|p1a: Dragapult|Dragon
|move|p1a: Dragapult|Dragon Darts|p2a: Great Tusk
|-damage|p2a: Great Tusk|60/100
|-anim|p1a: Dragapult|Dragon Darts|p2a: Great Tusk
|-damage|p2a: Great Tusk|19/100
|
|upkeep
|turn|29
|
|t:|1781060427
|move|p1a: Dragapult|Dragon Darts|p2a: Great Tusk
|-damage|p2a: Great Tusk|0 fnt
|faint|p2a: Great Tusk
|-end|p2a: Great Tusk|Protosynthesis|[silent]
|
|upkeep
|
|t:|1781060432
|switch|p2a: Darkrai|Darkrai|100/100
|-damage|p2a: Darkrai|88/100|[from] Stealth Rock
|-damage|p2a: Darkrai|63/100|[from] Spikes
|turn|30
|
|t:|1781060439
|switch|p1a: Weezing|Weezing-Galar, F|39/100
|-damage|p1a: Weezing|26/100|[from] Stealth Rock
|move|p2a: Darkrai|Ice Beam|p1a: Weezing
|-damage|p1a: Weezing|0 fnt
|faint|p1a: Weezing
|
|upkeep
|
|t:|1781060441
|switch|p1a: Enamorus|Enamorus, F|100/100
|-damage|p1a: Enamorus|76/100|[from] Stealth Rock
|turn|31
|
|t:|1781060444
|move|p2a: Darkrai|Ice Beam|p1a: Enamorus
|-supereffective|p1a: Enamorus
|-damage|p1a: Enamorus|0 fnt
|faint|p1a: Enamorus
|
|upkeep
|-message|dia-sre forfeited.
|
|win|Bigkyuza18
|raw|dia-sre's rating: 1784 &rarr; <strong>1758</strong><br />(-26 for losing)
|raw|Bigkyuza18's rating: 1672 &rarr; <strong>1698</strong><br />(+26 for winning)
|l|☆dia-sre
|player|p1|
|l|☆Bigkyuza18
|player|p2|
|l| QD KING
|l| dilf huntr
