|j|☆ign27
|j|☆lanadelray13
|t:|1781535084
|gametype|singles
|player|p1|ign27|palmer|1599
|player|p2|lanadelray13|unknown|1562
|gen|9
|tier|[Gen 9] OU
|rated|
|rule|HP Percentage Mod: HP is shown in percentages
|rule|Endless Battle Clause: Forcing endless battles is banned
|rule|Species Clause: Limit one of each Pokémon
|rule|OHKO Clause: OHKO moves are banned
|rule|Evasion Items Clause: Evasion items are banned
|rule|Evasion Moves Clause: Evasion moves are banned
|rule|Evasion Abilities Clause: Evasion abilities are banned
|rule|Sleep Moves Clause: Sleep-inducing moves are banned
|clearpoke
|poke|p1|Great Tusk|
|poke|p1|Darkrai|
|poke|p1|Kyurem|
|poke|p1|Iron Valiant|
|poke|p1|Dragonite, M|
|poke|p1|Gholdengo|
|poke|p2|Zapdos|
|poke|p2|Mamoswine, M|
|poke|p2|Cinderace, M|
|poke|p2|Landorus-Therian, M|
|poke|p2|Alomomola, M|
|poke|p2|Pecharunt|
|teampreview
|inactive|Battle timer is ON: inactive players will automatically lose when time's up. (requested by ign27)
|j| lowladderubersnoob
|inactive|lanadelray13 has 120 seconds left.
|inactive|ign27 has 120 seconds left.
|
|t:|1781535138
|teamsize|p1|6
|teamsize|p2|6
|start
|switch|p1a: Iron Valiant|Iron Valiant|100/100
|switch|p2a: fih|Alomomola, M, shiny|100/100
|-enditem|p1a: Iron Valiant|Booster Energy
|-activate|p1a: Iron Valiant|ability: Quark Drive|[fromitem]
|-start|p1a: Iron Valiant|quarkdrivespe
|turn|1
|
|t:|1781535155
|move|p1a: Iron Valiant|Swords Dance|p1a: Iron Valiant
|-boost|p1a: Iron Valiant|atk|2
|move|p2a: fih|Scald|p1a: Iron Valiant
|-damage|p1a: Iron Valiant|78/100
|
|upkeep
|turn|2
|
|t:|1781535162
|move|p1a: Iron Valiant|Knock Off|p2a: fih
|-damage|p2a: fih|46/100
|-enditem|p2a: fih|Assault Vest|[from] move: Knock Off|[of] p1a: Iron Valiant
|move|p2a: fih|Scald|p1a: Iron Valiant
|-damage|p1a: Iron Valiant|53/100
|
|upkeep
|turn|3
|
|t:|1781535166
|move|p1a: Iron Valiant|Close Combat|p2a: fih
|-damage|p2a: fih|0 fnt
|-unboost|p1a: Iron Valiant|def|1
|-unboost|p1a: Iron Valiant|spd|1
|faint|p2a: fih
|
|upkeep
|
|t:|1781535178
|switch|p2a: Landorus|Landorus-Therian, M|100/100
|-ability|p2a: Landorus|Intimidate|boost
|-unboost|p1a: Iron Valiant|atk|1
|turn|4
|
|t:|1781535182
|move|p1a: Iron Valiant|Ice Punch|p2a: Landorus
|-supereffective|p2a: Landorus
|-damage|p2a: Landorus|0 fnt
|-damage|p1a: Iron Valiant|36/100|[from] item: Rocky Helmet|[of] p2a: Landorus
|faint|p2a: Landorus
|
|upkeep
|
|t:|1781535187
|switch|p2a: Decent Tusk|Mamoswine, M|100/100
|turn|5
|
|t:|1781535189
|move|p2a: Decent Tusk|Ice Shard|p1a: Iron Valiant
|-damage|p1a: Iron Valiant|0 fnt
|faint|p1a: Iron Valiant
|-end|p1a: Iron Valiant|Quark Drive|[silent]
|
|upkeep
|l| lowladderubersnoob
|
|t:|1781535199
|switch|p1a: Great Tusk|Great Tusk|100/100
|turn|6
|
|t:|1781535205
|move|p1a: Great Tusk|Stealth Rock|p2a: Decent Tusk
|-sidestart|p2: lanadelray13|move: Stealth Rock
|move|p2a: Decent Tusk|Icicle Crash|p1a: Great Tusk
|-supereffective|p1a: Great Tusk
|-damage|p1a: Great Tusk|16/100
|
|upkeep
|turn|7
|
|t:|1781535209
|move|p2a: Decent Tusk|Ice Shard|p1a: Great Tusk
|-supereffective|p1a: Great Tusk
|-damage|p1a: Great Tusk|0 fnt
|faint|p1a: Great Tusk
|-end|p1a: Great Tusk|Protosynthesis|[silent]
|
|upkeep
|
|t:|1781535213
|switch|p1a: Ghold Experience|Gholdengo|100/100
|-item|p1a: Ghold Experience|Air Balloon
|turn|8
|
|t:|1781535220
|switch|p2a: Zapdos|Zapdos|100/100
|move|p1a: Ghold Experience|Hex|p2a: Zapdos
|-damage|p2a: Zapdos|65/100
|
|upkeep
|turn|9
|
|t:|1781535224
|switch|p1a: Kyurem|Kyurem, shiny|100/100
|-ability|p1a: Kyurem|Pressure
|move|p2a: Zapdos|Volt Switch|p1a: Kyurem
|-resisted|p1a: Kyurem
|-damage|p1a: Kyurem|90/100
|
|t:|1781535230
|switch|p2a: yamine lamal|Cinderace, M|100/100|[from] Volt Switch
|
|upkeep
|turn|10
|
|t:|1781535234
|move|p2a: yamine lamal|Court Change|p2a: yamine lamal
|-swapsideconditions
|-activate|p2a: yamine lamal|move: Court Change
|move|p1a: Kyurem|Earth Power|p2a: yamine lamal
|-supereffective|p2a: yamine lamal
|-damage|p2a: yamine lamal|7/100
|
|upkeep
|turn|11
|
|t:|1781535236
|move|p2a: yamine lamal|Will-O-Wisp|p1a: Kyurem
|-status|p1a: Kyurem|brn
|move|p1a: Kyurem|Ice Beam|p2a: yamine lamal
|-resisted|p2a: yamine lamal
|-damage|p2a: yamine lamal|0 fnt
|faint|p2a: yamine lamal
|
|-damage|p1a: Kyurem|84/100 brn|[from] brn
|upkeep
|
|t:|1781535242
|switch|p2a: Decent Tusk|Mamoswine, M|100/100
|turn|12
|
|t:|1781535245
|move|p1a: Kyurem|Earth Power|p2a: Decent Tusk
|-damage|p2a: Decent Tusk|53/100
|move|p2a: Decent Tusk|Icicle Crash|p1a: Kyurem
|-damage|p1a: Kyurem|33/100 brn
|
|-damage|p1a: Kyurem|26/100 brn|[from] brn
|upkeep
|turn|13
|
|t:|1781535248
|move|p2a: Decent Tusk|Ice Shard|p1a: Kyurem
|-damage|p1a: Kyurem|3/100 brn
|move|p1a: Kyurem|Ice Beam|p2a: Decent Tusk
|-damage|p2a: Decent Tusk|21/100
|
|-damage|p1a: Kyurem|0 fnt|[from] brn
|faint|p1a: Kyurem
|upkeep
|
|t:|1781535254
|switch|p1a: Ghold Experience|Gholdengo|100/100
|-damage|p1a: Ghold Experience|94/100|[from] Stealth Rock
|-item|p1a: Ghold Experience|Air Balloon
|turn|14
|
|t:|1781535260
|switch|p2a: Zapdos|Zapdos|65/100
|move|p1a: Ghold Experience|Hex|p2a: Zapdos
|-damage|p2a: Zapdos|32/100
|
|upkeep
|turn|15
|
|t:|1781535265
|move|p2a: Zapdos|Roost|p2a: Zapdos
|-heal|p2a: Zapdos|82/100
|-singleturn|p2a: Zapdos|move: Roost
|move|p1a: Ghold Experience|Hex|p2a: Zapdos
|-crit|p2a: Zapdos
|-damage|p2a: Zapdos|34/100
|
|upkeep
|turn|16
|
|t:|1781535269
|move|p2a: Zapdos|Roost|p2a: Zapdos
|-heal|p2a: Zapdos|85/100
|-singleturn|p2a: Zapdos|move: Roost
|move|p1a: Ghold Experience|Hex|p2a: Zapdos
|-damage|p2a: Zapdos|54/100
|
|upkeep
|turn|17
|
|t:|1781535272
|switch|p1a: Darkrai|Darkrai|100/100
|-damage|p1a: Darkrai|88/100|[from] Stealth Rock
|move|p2a: Zapdos|Volt Switch|p1a: Darkrai
|-damage|p1a: Darkrai|41/100
|
|t:|1781535275
|switch|p2a: Decent Tusk|Mamoswine, M|21/100|[from] Volt Switch
|
|upkeep
|turn|18
|
|t:|1781535280
|-terastallize|p2a: Decent Tusk|Ice
|move|p2a: Decent Tusk|Ice Shard|p1a: Darkrai
|-damage|p1a: Darkrai|0 fnt
|faint|p1a: Darkrai
|
|upkeep
|
|t:|1781535290
|switch|p1a: Dragonite|Dragonite, M|100/100
|turn|19
|
|t:|1781535294
|switch|p2a: Pecharunt|Pecharunt|100/100
|-terastallize|p1a: Dragonite|Normal
|move|p1a: Dragonite|Extreme Speed|p2a: Pecharunt
|-immune|p2a: Pecharunt
|
|upkeep
|turn|20
|
|t:|1781535297
|switch|p1a: Ghold Experience|Gholdengo|94/100
|-damage|p1a: Ghold Experience|88/100|[from] Stealth Rock
|-item|p1a: Ghold Experience|Air Balloon
|move|p2a: Pecharunt|Malignant Chain|p1a: Ghold Experience
|-immune|p1a: Ghold Experience
|
|upkeep
|turn|21
|
|t:|1781535303
|switch|p2a: Zapdos|Zapdos|54/100
|move|p1a: Ghold Experience|Hex|p2a: Zapdos
|-damage|p2a: Zapdos|19/100
|
|upkeep
|turn|22
|
|t:|1781535309
|move|p2a: Zapdos|Roost|p2a: Zapdos
|-heal|p2a: Zapdos|69/100
|-singleturn|p2a: Zapdos|move: Roost
|move|p1a: Ghold Experience|Hex|p2a: Zapdos
|-damage|p2a: Zapdos|39/100
|
|upkeep
|turn|23
|
|t:|1781535314
|move|p2a: Zapdos|Roost|p2a: Zapdos
|-heal|p2a: Zapdos|89/100
|-singleturn|p2a: Zapdos|move: Roost
|move|p1a: Ghold Experience|Hex|p2a: Zapdos
|-damage|p2a: Zapdos|55/100
|
|upkeep
|turn|24
|
|t:|1781535316
|move|p2a: Zapdos|Hurricane|p1a: Ghold Experience|[miss]
|-miss|p2a: Zapdos|p1a: Ghold Experience
|move|p1a: Ghold Experience|Hex|p2a: Zapdos
|-damage|p2a: Zapdos|22/100
|
|upkeep
|turn|25
|
|t:|1781535323
|move|p2a: Zapdos|Roost|p2a: Zapdos
|-heal|p2a: Zapdos|72/100
|-singleturn|p2a: Zapdos|move: Roost
|move|p1a: Ghold Experience|Hex|p2a: Zapdos
|-damage|p2a: Zapdos|37/100
|
|upkeep
|turn|26
|
|t:|1781535327
|move|p2a: Zapdos|Roost|p2a: Zapdos
|-heal|p2a: Zapdos|87/100
|-singleturn|p2a: Zapdos|move: Roost
|move|p1a: Ghold Experience|Hex|p2a: Zapdos
|-damage|p2a: Zapdos|57/100
|
|upkeep
|turn|27
|
|t:|1781535328
|move|p2a: Zapdos|Heat Wave|p1a: Ghold Experience
|-supereffective|p1a: Ghold Experience
|-damage|p1a: Ghold Experience|30/100
|-enditem|p1a: Ghold Experience|Air Balloon
|move|p1a: Ghold Experience|Hex|p2a: Zapdos
|-damage|p2a: Zapdos|21/100
|
|upkeep
|turn|28
|
|t:|1781535334
|move|p2a: Zapdos|Volt Switch|p1a: Ghold Experience
|-damage|p1a: Ghold Experience|0 fnt
|faint|p1a: Ghold Experience
|
|t:|1781535340
|switch|p2a: Pecharunt|Pecharunt|100/100|[from] Volt Switch
|
|upkeep
|
|t:|1781535344
|switch|p1a: Dragonite|Dragonite, M, tera:Normal|100/100
|turn|29
|
|t:|1781535346
|switch|p2a: Zapdos|Zapdos|21/100
|move|p1a: Dragonite|Dragon Dance|p1a: Dragonite
|-boost|p1a: Dragonite|atk|1
|-boost|p1a: Dragonite|spe|1
|
|upkeep
|turn|30
|
|t:|1781535351
|move|p1a: Dragonite|Extreme Speed|p2a: Zapdos
|-damage|p2a: Zapdos|0 fnt
|faint|p2a: Zapdos
|
|upkeep
|
|t:|1781535355
|switch|p2a: Decent Tusk|Mamoswine, M, tera:Ice|21/100
|turn|31
|
|t:|1781535360
|switch|p2a: Pecharunt|Pecharunt|100/100
|move|p1a: Dragonite|Extreme Speed|p2a: Pecharunt
|-immune|p2a: Pecharunt
|
|upkeep
|turn|32
|
|t:|1781535363
|move|p1a: Dragonite|Earthquake|p2a: Pecharunt
|-supereffective|p2a: Pecharunt
|-damage|p2a: Pecharunt|14/100
|move|p2a: Pecharunt|Malignant Chain|p1a: Dragonite
|-damage|p1a: Dragonite|79/100
|-status|p1a: Dragonite|tox
|-start|p1a: Dragonite|confusion|[from] ability: Poison Puppeteer|[of] p2a: Pecharunt
|
|-damage|p1a: Dragonite|73/100 tox|[from] psn
|upkeep
|turn|33
|
|t:|1781535369
|-activate|p1a: Dragonite|confusion
|-damage|p1a: Dragonite|45/100 tox|[from] confusion
|move|p2a: Pecharunt|Recover|p2a: Pecharunt
|-heal|p2a: Pecharunt|64/100
|
|-damage|p1a: Dragonite|32/100 tox|[from] psn
|upkeep
|turn|34
|
|t:|1781535377
|-activate|p1a: Dragonite|confusion
|-damage|p1a: Dragonite|5/100 tox|[from] confusion
|move|p2a: Pecharunt|Recover|p2a: Pecharunt
|-heal|p2a: Pecharunt|100/100
|
|-damage|p1a: Dragonite|0 fnt|[from] psn
|faint|p1a: Dragonite
|
|win|lanadelray13
|raw|ign27's rating: 1599 &rarr; <strong>1577</strong><br />(-22 for losing)
|raw|lanadelray13's rating: 1562 &rarr; <strong>1584</strong><br />(+22 for winning)
|l|☆lanadelray13
|player|p2|
|c|☆ign27|yo
|l|☆ign27
|player|p1|
