|badge|p2|bronze|gen9ou|100-9
|uhtml|medal-msg|<div class="broadcast-blue">Curious what those medals under the avatar are? PS now has Ladder Seasons! For more information, check out the <a href="https://www.smogon.com/forums/threads/3740067/">thread on Smogon.</a></div>
|j|☆extra-pseudo man
|j|☆Auburn Hills
|t:|1781474137
|gametype|singles
|player|p1|extra-pseudo man|alder|1717
|player|p2|Auburn Hills|alder|1874
|gen|9
|tier|[Gen 9] OU
|rated|
|rule|HP Percentage Mod: HP is shown in percentages
|rule|Endless Battle Clause: Forcing endless battles is banned
|rule|Species Clause: Limit one of each Pokémon
|rule|OHKO Clause: OHKO moves are banned
|rule|Evasion Items Clause: Evasion items are banned
|rule|Evasion Moves Clause: Evasion moves are banned
|rule|Evasion Abilities Clause: Evasion abilities are banned
|rule|Sleep Moves Clause: Sleep-inducing moves are banned
|clearpoke
|poke|p1|Dragonite, M|
|poke|p1|Dragapult, M|
|poke|p1|Tyranitar, F|
|poke|p1|Metagross|
|poke|p1|Goodra-Hisui, M|
|poke|p1|Garchomp, M|
|poke|p2|Iron Moth|
|poke|p2|Umbreon, M|
|poke|p2|Garchomp, F|
|poke|p2|Glimmora, M|
|poke|p2|Gholdengo|
|poke|p2|Dragonite, M|
|teampreview
|
|t:|1781474147
|teamsize|p1|6
|teamsize|p2|6
|start
|switch|p1a: The goot|Goodra-Hisui, M|100/100
|switch|p2a: Rat Tally|Garchomp, F|100/100
|turn|1
|
|t:|1781474156
|move|p2a: Rat Tally|Earthquake|p1a: The goot
|-supereffective|p1a: The goot
|-crit|p1a: The goot
|-damage|p1a: The goot|0 fnt
|faint|p1a: The goot
|
|upkeep
|
|t:|1781474158
|switch|p1a: He pulten on it|Dragapult, M|100/100
|turn|2
|
|t:|1781474160
|switch|p2a: Smino|Gholdengo|100/100
|move|p1a: He pulten on it|Draco Meteor|p2a: Smino
|-resisted|p2a: Smino
|-damage|p2a: Smino|68/100
|-unboost|p1a: He pulten on it|spa|2
|
|upkeep
|turn|3
|j| lucus27
|
|t:|1781474168
|move|p1a: He pulten on it|U-turn|p2a: Smino
|-resisted|p2a: Smino
|-damage|p2a: Smino|64/100
|
|t:|1781474170
|switch|p1a: Tyranocif|Tyranitar, F|100/100|[from] U-turn
|-weather|Sandstorm|[from] ability: Sand Stream|[of] p1a: Tyranocif
|move|p2a: Smino|Trick|p1a: Tyranocif
|-activate|p2a: Smino|move: Trick|[of] p1a: Tyranocif
|-item|p1a: Tyranocif|Choice Scarf|[from] move: Trick
|-item|p2a: Smino|Leftovers|[from] move: Trick
|
|-weather|Sandstorm|[upkeep]
|-heal|p2a: Smino|70/100|[from] item: Leftovers
|upkeep
|turn|4
|j| 1st grade lad lj
|
|t:|1781474181
|switch|p2a: Glimmora|Glimmora, M|100/100
|move|p1a: Tyranocif|Stealth Rock|p2a: Glimmora
|-sidestart|p2: Auburn Hills|move: Stealth Rock
|
|-weather|Sandstorm|[upkeep]
|upkeep
|turn|5
|l| lucus27
|
|t:|1781474184
|switch|p1a: kaboom|Metagross|100/100
|move|p2a: Glimmora|Earth Power|p1a: kaboom
|-supereffective|p1a: kaboom
|-damage|p1a: kaboom|29/100
|
|-weather|Sandstorm|[upkeep]
|upkeep
|turn|6
|
|t:|1781474192
|move|p2a: Glimmora|Earth Power|p1a: kaboom
|-supereffective|p1a: kaboom
|-damage|p1a: kaboom|0 fnt
|faint|p1a: kaboom
|
|-weather|Sandstorm|[upkeep]
|upkeep
|
|t:|1781474196
|switch|p1a: Marill me|Garchomp, M|100/100
|turn|7
|
|t:|1781474199
|move|p2a: Glimmora|Mortal Spin|p1a: Marill me
|-resisted|p1a: Marill me
|-damage|p1a: Marill me|99/100
|-status|p1a: Marill me|psn
|-damage|p2a: Glimmora|88/100|[from] ability: Rough Skin|[of] p1a: Marill me
|-damage|p2a: Glimmora|72/100|[from] item: Rocky Helmet|[of] p1a: Marill me
|-sideend|p2: Auburn Hills|Stealth Rock|[from] move: Mortal Spin|[of] p2a: Glimmora
|move|p1a: Marill me|Earthquake|p2a: Glimmora
|-supereffective|p2a: Glimmora
|-damage|p2a: Glimmora|0 fnt
|-activate|p2a: Glimmora|ability: Toxic Debris
|-sidestart|p1: extra-pseudo man|move: Toxic Spikes
|faint|p2a: Glimmora
|
|-weather|none
|-damage|p1a: Marill me|86/100 psn|[from] psn
|upkeep
|l| 1st grade lad lj
|
|t:|1781474203
|switch|p2a: Elucid|Dragonite, M|100/100
|turn|8
|
|t:|1781474205
|move|p2a: Elucid|Ice Spinner|p1a: Marill me
|-supereffective|p1a: Marill me
|-damage|p1a: Marill me|2/100 psn
|-damage|p2a: Elucid|88/100|[from] ability: Rough Skin|[of] p1a: Marill me
|-damage|p2a: Elucid|72/100|[from] item: Rocky Helmet|[of] p1a: Marill me
|move|p1a: Marill me|Dragon Tail|p2a: Elucid
|-supereffective|p2a: Elucid
|-damage|p2a: Elucid|10/100
|drag|p2a: Alvvays|Umbreon, M|100/100
|
|-damage|p1a: Marill me|0 fnt|[from] psn
|faint|p1a: Marill me
|upkeep
|
|t:|1781474210
|switch|p1a: Tyranocif|Tyranitar, F|100/100
|-status|p1a: Tyranocif|psn
|-weather|Sandstorm|[from] ability: Sand Stream|[of] p1a: Tyranocif
|turn|9
|
|t:|1781474213
|move|p1a: Tyranocif|Stealth Rock|p2a: Alvvays
|-sidestart|p2: Auburn Hills|move: Stealth Rock
|move|p2a: Alvvays|Wish|p2a: Alvvays
|
|-weather|Sandstorm|[upkeep]
|-damage|p2a: Alvvays|94/100|[from] Sandstorm
|-heal|p2a: Alvvays|100/100|[from] item: Leftovers
|-damage|p1a: Tyranocif|88/100 psn|[from] psn
|upkeep
|turn|10
|
|t:|1781474217
|switch|p1a: He pulten on it|Dragapult, M|100/100
|move|p2a: Alvvays|Foul Play|p1a: He pulten on it
|-supereffective|p1a: He pulten on it
|-damage|p1a: He pulten on it|7/100
|
|-weather|Sandstorm|[upkeep]
|-damage|p1a: He pulten on it|1/100|[from] Sandstorm
|-damage|p2a: Alvvays|94/100|[from] Sandstorm
|-heal|p2a: Alvvays|100/100|[from] move: Wish|[wisher] Alvvays
|upkeep
|turn|11
|
|t:|1781474222
|move|p2a: Alvvays|Protect|p2a: Alvvays
|-singleturn|p2a: Alvvays|Protect
|move|p1a: He pulten on it|U-turn|p2a: Alvvays
|-activate|p2a: Alvvays|move: Protect
|
|-weather|Sandstorm|[upkeep]
|-damage|p1a: He pulten on it|0 fnt|[from] Sandstorm
|-damage|p2a: Alvvays|94/100|[from] Sandstorm
|faint|p1a: He pulten on it
|-heal|p2a: Alvvays|100/100|[from] item: Leftovers
|upkeep
|
|t:|1781474226
|switch|p1a: Tyranocif|Tyranitar, F|88/100 psn
|turn|12
|
|t:|1781474232
|switch|p2a: Smino|Gholdengo|70/100
|-damage|p2a: Smino|64/100|[from] Stealth Rock
|move|p1a: Tyranocif|Knock Off|p2a: Smino
|-supereffective|p2a: Smino
|-damage|p2a: Smino|0 fnt
|-enditem|p2a: Smino|Leftovers|[from] move: Knock Off|[of] p1a: Tyranocif
|faint|p2a: Smino
|
|-weather|Sandstorm|[upkeep]
|-damage|p1a: Tyranocif|76/100 psn|[from] psn
|upkeep
|
|t:|1781474234
|switch|p2a: Rat Tally|Garchomp, F|100/100
|-damage|p2a: Rat Tally|94/100|[from] Stealth Rock
|turn|13
|
|t:|1781474236
|move|p2a: Rat Tally|Earthquake|p1a: Tyranocif
|-supereffective|p1a: Tyranocif
|-damage|p1a: Tyranocif|0 fnt
|faint|p1a: Tyranocif
|
|-weather|none
|upkeep
|
|t:|1781474238
|switch|p1a: Chud|Dragonite, M|100/100
|turn|14
|j| Fistiano Analdo
|
|t:|1781474248
|move|p2a: Rat Tally|Scale Shot|p1a: Chud|[miss]
|-miss|p2a: Rat Tally|p1a: Chud
|move|p1a: Chud|Encore|p2a: Rat Tally
|-start|p2a: Rat Tally|Encore
|
|upkeep
|turn|15
|
|t:|1781474252
|switch|p2a: Alvvays|Umbreon, M|100/100
|-damage|p2a: Alvvays|88/100|[from] Stealth Rock
|-terastallize|p1a: Chud|Normal
|move|p1a: Chud|Dragon Dance|p1a: Chud
|-boost|p1a: Chud|atk|1
|-boost|p1a: Chud|spe|1
|
|-heal|p2a: Alvvays|94/100|[from] item: Leftovers
|upkeep
|turn|16
|
|t:|1781474257
|move|p1a: Chud|Extreme Speed|p2a: Alvvays
|-damage|p2a: Alvvays|43/100
|move|p2a: Alvvays|Thunder Wave|p1a: Chud
|-status|p1a: Chud|par
|
|-heal|p2a: Alvvays|49/100|[from] item: Leftovers
|upkeep
|turn|17
|
|t:|1781474263
|move|p1a: Chud|Extreme Speed|p2a: Alvvays
|-damage|p2a: Alvvays|0 fnt
|faint|p2a: Alvvays
|
|upkeep
|
|t:|1781474265
|switch|p2a: Rat Tally|Garchomp, F|94/100
|-damage|p2a: Rat Tally|88/100|[from] Stealth Rock
|turn|18
|
|t:|1781474268
|move|p1a: Chud|Extreme Speed|p2a: Rat Tally
|-damage|p2a: Rat Tally|22/100
|-damage|p1a: Chud|88/100 par|[from] ability: Rough Skin|[of] p2a: Rat Tally
|move|p2a: Rat Tally|Scale Shot|p1a: Chud
|-damage|p1a: Chud|74/100 par
|-damage|p1a: Chud|60/100 par
|-damage|p1a: Chud|44/100 par
|-damage|p1a: Chud|30/100 par
|-hitcount|p1a: Chud|4
|-unboost|p2a: Rat Tally|def|1
|-boost|p2a: Rat Tally|spe|1
|
|upkeep
|turn|19
|
|t:|1781474273
|move|p1a: Chud|Extreme Speed|p2a: Rat Tally
|-damage|p2a: Rat Tally|0 fnt
|-damage|p1a: Chud|17/100 par|[from] ability: Rough Skin|[of] p2a: Rat Tally
|faint|p2a: Rat Tally
|
|upkeep
|
|t:|1781474275
|switch|p2a: Elucid|Dragonite, M|10/100
|turn|20
|
|t:|1781474279
|-terastallize|p2a: Elucid|Normal
|move|p2a: Elucid|Extreme Speed|p1a: Chud
|-damage|p1a: Chud|0 fnt
|faint|p1a: Chud
|
|win|Auburn Hills
|raw|extra-pseudo man's rating: 1717 &rarr; <strong>1705</strong><br />(-12 for losing)
|raw|Auburn Hills's rating: 1874 &rarr; <strong>1886</strong><br />(+12 for winning)
|l|☆extra-pseudo man
|player|p1|
|l|☆Auburn Hills
|player|p2|
|l| Fistiano Analdo
