|j|☆Mr Tpen
|j|☆temporarylight
|t:|1780936217
|gametype|singles
|player|p1|Mr Tpen|170|1666
|player|p2|temporarylight|jogger|1738
|gen|9
|tier|[Gen 9] OU
|rated|
|rule|HP Percentage Mod: HP is shown in percentages
|rule|Endless Battle Clause: Forcing endless battles is banned
|rule|Species Clause: Limit one of each Pokémon
|rule|OHKO Clause: OHKO moves are banned
|rule|Evasion Items Clause: Evasion items are banned
|rule|Evasion Moves Clause: Evasion moves are banned
|rule|Evasion Abilities Clause: Evasion abilities are banned
|rule|Sleep Moves Clause: Sleep-inducing moves are banned
|clearpoke
|poke|p1|Clodsire, M|
|poke|p1|Toxapex, F|
|poke|p1|Corviknight, M|
|poke|p1|Dondozo, M|
|poke|p1|Clefable, F|
|poke|p1|Gliscor, F|
|poke|p2|Weavile, M|
|poke|p2|Great Tusk|
|poke|p2|Hoopa-Unbound|
|poke|p2|Landorus-Therian, M|
|poke|p2|Ogerpon, F|
|poke|p2|Thundurus-Therian, M|
|teampreview
|inactive|Battle timer is ON: inactive players will automatically lose when time's up. (requested by Mr Tpen)
|j| nepturee
|
|t:|1780936234
|teamsize|p1|6
|teamsize|p2|6
|start
|switch|p1a: take your time|Toxapex, F|100/100
|switch|p2a: Landorus|Landorus-Therian, M, shiny|100/100
|-ability|p2a: Landorus|Intimidate|boost
|-unboost|p1a: take your time|atk|1
|turn|1
|
|t:|1780936240
|switch|p1a: nothing new there|Gliscor, F|100/100
|move|p2a: Landorus|Taunt|p1a: nothing new there
|-start|p1a: nothing new there|move: Taunt
|
|-status|p1a: nothing new there|tox|[from] item: Toxic Orb
|upkeep
|turn|2
|
|t:|1780936243
|move|p1a: nothing new there|Knock Off|p2a: Landorus
|-damage|p2a: Landorus|79/100
|-enditem|p2a: Landorus|Leftovers|[from] move: Knock Off|[of] p1a: nothing new there
|move|p2a: Landorus|Stealth Rock|p1a: nothing new there
|-sidestart|p1: Mr Tpen|move: Stealth Rock
|
|upkeep
|turn|3
|
|t:|1780936247
|switch|p1a: per my last turn|Corviknight, M|100/100
|-damage|p1a: per my last turn|88/100|[from] Stealth Rock
|-ability|p1a: per my last turn|Pressure
|move|p2a: Landorus|U-turn|p1a: per my last turn
|-resisted|p1a: per my last turn
|-damage|p1a: per my last turn|84/100
|
|t:|1780936251
|switch|p2a: Thundurus|Thundurus-Therian, M, shiny|100/100|[from] U-turn
|
|-heal|p1a: per my last turn|90/100|[from] item: Leftovers
|upkeep
|turn|4
|
|t:|1780936268
|move|p1a: per my last turn|Protect|p1a: per my last turn
|-singleturn|p1a: per my last turn|Protect
|move|p2a: Thundurus|Nasty Plot|p2a: Thundurus
|-boost|p2a: Thundurus|spa|2
|
|-heal|p1a: per my last turn|96/100|[from] item: Leftovers
|upkeep
|turn|5
|
|t:|1780936272
|switch|p1a: did you calc that?|Clodsire, M|100/100
|move|p2a: Thundurus|Thunderbolt|p1a: did you calc that?
|-immune|p1a: did you calc that?
|
|upkeep
|turn|6
|
|t:|1780936277
|move|p2a: Thundurus|Taunt|p1a: did you calc that?
|-start|p1a: did you calc that?|move: Taunt
|move|p1a: did you calc that?|Poison Jab|p2a: Thundurus
|-damage|p2a: Thundurus|68/100
|
|-heal|p2a: Thundurus|74/100|[from] item: Leftovers
|upkeep
|turn|7
|j| norwaytm
|
|t:|1780936290
|switch|p2a: Great Tusk|Great Tusk, shiny|100/100
|move|p1a: did you calc that?|Poison Jab|p2a: Great Tusk
|-resisted|p2a: Great Tusk
|-damage|p2a: Great Tusk|92/100
|-status|p2a: Great Tusk|psn
|
|-damage|p2a: Great Tusk|80/100 psn|[from] psn
|upkeep
|turn|8
|j| SilverDE
|
|t:|1780936296
|-end|p2a: Great Tusk|Protosynthesis|[silent]
|switch|p2a: Hoopa|Hoopa-Unbound|100/100
|switch|p1a: per my last turn|Corviknight, M|96/100
|-damage|p1a: per my last turn|84/100|[from] Stealth Rock
|-ability|p1a: per my last turn|Pressure
|
|-heal|p1a: per my last turn|90/100|[from] item: Leftovers
|upkeep
|turn|9
|
|t:|1780936302
|move|p2a: Hoopa|Substitute|p2a: Hoopa
|-start|p2a: Hoopa|Substitute
|-damage|p2a: Hoopa|76/100
|move|p1a: per my last turn|Brave Bird|p2a: Hoopa
|-end|p2a: Hoopa|Substitute
|-damage|p1a: per my last turn|83/100|[from] Recoil|[of] p2a: Hoopa
|
|-heal|p2a: Hoopa|82/100|[from] item: Leftovers
|-heal|p1a: per my last turn|89/100|[from] item: Leftovers
|upkeep
|turn|10
|
|t:|1780936307
|switch|p1a: love this for you|Clefable, F|100/100
|move|p2a: Hoopa|Knock Off|p1a: love this for you
|-resisted|p1a: love this for you
|-damage|p1a: love this for you|80/100
|-enditem|p1a: love this for you|Sticky Barb|[from] move: Knock Off|[of] p2a: Hoopa
|
|-heal|p2a: Hoopa|88/100|[from] item: Leftovers
|upkeep
|turn|11
|
|t:|1780936316
|move|p2a: Hoopa|Psychic Noise|p1a: love this for you
|-damage|p1a: love this for you|31/100
|-start|p1a: love this for you|move: Heal Block
|move|p1a: love this for you|Moonblast|p2a: Hoopa
|-supereffective|p2a: Hoopa
|-damage|p2a: Hoopa|40/100
|
|-heal|p2a: Hoopa|46/100|[from] item: Leftovers
|upkeep
|turn|12
|
|t:|1780936322
|move|p2a: Hoopa|Psychic Noise|p1a: love this for you
|-damage|p1a: love this for you|0 fnt
|faint|p1a: love this for you
|
|-heal|p2a: Hoopa|52/100|[from] item: Leftovers
|upkeep
|
|t:|1780936324
|switch|p1a: nothing new there|Gliscor, F|100/100 tox
|-damage|p1a: nothing new there|88/100 tox|[from] Stealth Rock
|turn|13
|
|t:|1780936329
|switch|p2a: Landorus|Landorus-Therian, M, shiny|79/100
|-ability|p2a: Landorus|Intimidate|boost
|-unboost|p1a: nothing new there|atk|1
|move|p1a: nothing new there|Toxic|p2a: Landorus
|-status|p2a: Landorus|tox
|
|-heal|p1a: nothing new there|100/100 tox|[from] ability: Poison Heal
|-damage|p2a: Landorus|73/100 tox|[from] psn
|upkeep
|turn|14
|
|t:|1780936335
|move|p1a: nothing new there|Protect|p1a: nothing new there
|-singleturn|p1a: nothing new there|Protect
|move|p2a: Landorus|Taunt|p1a: nothing new there
|-activate|p1a: nothing new there|move: Protect
|
|-damage|p2a: Landorus|61/100 tox|[from] psn
|upkeep
|turn|15
|
|t:|1780936339
|move|p1a: nothing new there|Substitute|p1a: nothing new there
|-start|p1a: nothing new there|Substitute
|-damage|p1a: nothing new there|75/100 tox
|move|p2a: Landorus|Taunt|p1a: nothing new there
|-start|p1a: nothing new there|move: Taunt
|
|-heal|p1a: nothing new there|88/100 tox|[from] ability: Poison Heal
|-damage|p2a: Landorus|43/100 tox|[from] psn
|upkeep
|turn|16
|
|t:|1780936344
|move|p1a: nothing new there|Knock Off|p2a: Landorus
|-damage|p2a: Landorus|33/100 tox
|move|p2a: Landorus|U-turn|p1a: nothing new there
|-resisted|p1a: nothing new there
|-activate|p1a: nothing new there|move: Substitute|[damage]
|l| SilverDE
|
|t:|1780936361
|switch|p2a: Weavile|Weavile, M, shiny|100/100|[from] U-turn
|-ability|p2a: Weavile|Pressure
|
|-heal|p1a: nothing new there|100/100 tox|[from] ability: Poison Heal
|upkeep
|turn|17
|
|t:|1780936366
|switch|p1a: take your time|Toxapex, F|100/100
|-damage|p1a: take your time|88/100|[from] Stealth Rock
|move|p2a: Weavile|Triple Axel|p1a: take your time|[miss]
|-miss|p2a: Weavile|p1a: take your time
|
|-heal|p1a: take your time|94/100|[from] item: Leftovers
|upkeep
|turn|18
|
|t:|1780936373
|switch|p2a: Hoopa|Hoopa-Unbound|52/100
|move|p1a: take your time|Baneful Bunker||[still]
|-fail|p1a: take your time
|
|-heal|p2a: Hoopa|58/100|[from] item: Leftovers
|-heal|p1a: take your time|100/100|[from] item: Leftovers
|upkeep
|turn|19
|
|t:|1780936382
|switch|p1a: per my last turn|Corviknight, M|89/100
|-damage|p1a: per my last turn|77/100|[from] Stealth Rock
|-ability|p1a: per my last turn|Pressure
|move|p2a: Hoopa|Substitute|p2a: Hoopa
|-start|p2a: Hoopa|Substitute
|-damage|p2a: Hoopa|33/100
|
|-heal|p2a: Hoopa|40/100|[from] item: Leftovers
|-heal|p1a: per my last turn|83/100|[from] item: Leftovers
|upkeep
|turn|20
|
|t:|1780936385
|move|p2a: Hoopa|Knock Off|p1a: per my last turn
|-damage|p1a: per my last turn|39/100
|-enditem|p1a: per my last turn|Leftovers|[from] move: Knock Off|[of] p2a: Hoopa
|move|p1a: per my last turn|Brave Bird|p2a: Hoopa
|-end|p2a: Hoopa|Substitute
|-damage|p1a: per my last turn|32/100|[from] Recoil|[of] p2a: Hoopa
|
|-heal|p2a: Hoopa|46/100|[from] item: Leftovers
|upkeep
|turn|21
|
|t:|1780936390
|switch|p2a: Thundurus|Thundurus-Therian, M, shiny|74/100
|switch|p1a: nothing new there|Gliscor, F|100/100 tox
|-damage|p1a: nothing new there|88/100 tox|[from] Stealth Rock
|
|-heal|p2a: Thundurus|80/100|[from] item: Leftovers
|-heal|p1a: nothing new there|100/100 tox|[from] ability: Poison Heal
|upkeep
|turn|22
|
|t:|1780936395
|move|p1a: nothing new there|Protect|p1a: nothing new there
|-singleturn|p1a: nothing new there|Protect
|move|p2a: Thundurus|Taunt|p1a: nothing new there
|-activate|p1a: nothing new there|move: Protect
|
|-heal|p2a: Thundurus|86/100|[from] item: Leftovers
|upkeep
|turn|23
|
|t:|1780936399
|move|p2a: Thundurus|Taunt|p1a: nothing new there
|-start|p1a: nothing new there|move: Taunt
|move|p1a: nothing new there|Knock Off|p2a: Thundurus
|-damage|p2a: Thundurus|56/100
|-enditem|p2a: Thundurus|Leftovers|[from] move: Knock Off|[of] p1a: nothing new there
|
|upkeep
|turn|24
|
|t:|1780936405
|switch|p2a: Landorus|Landorus-Therian, M, shiny|33/100 tox
|-ability|p2a: Landorus|Intimidate|boost
|-unboost|p1a: nothing new there|atk|1
|move|p1a: nothing new there|Knock Off|p2a: Landorus
|-damage|p2a: Landorus|25/100 tox
|
|-damage|p2a: Landorus|19/100 tox|[from] psn
|upkeep
|turn|25
|
|t:|1780936410
|move|p1a: nothing new there|Knock Off|p2a: Landorus
|-damage|p2a: Landorus|9/100 tox
|move|p2a: Landorus|U-turn|p1a: nothing new there
|-resisted|p1a: nothing new there
|-damage|p1a: nothing new there|92/100 tox
|
|t:|1780936412
|switch|p2a: Weavile|Weavile, M, shiny|100/100|[from] U-turn
|-ability|p2a: Weavile|Pressure
|
|-heal|p1a: nothing new there|100/100 tox|[from] ability: Poison Heal
|-end|p1a: nothing new there|move: Taunt
|upkeep
|turn|26
|
|t:|1780936418
|move|p1a: nothing new there|Protect|p1a: nothing new there
|-singleturn|p1a: nothing new there|Protect
|move|p2a: Weavile|Triple Axel|p1a: nothing new there
|-activate|p1a: nothing new there|move: Protect
|
|upkeep
|turn|27
|
|t:|1780936424
|switch|p1a: take your time|Toxapex, F|100/100
|-damage|p1a: take your time|88/100|[from] Stealth Rock
|move|p2a: Weavile|Triple Axel|p1a: take your time
|-resisted|p1a: take your time
|-damage|p1a: take your time|83/100
|-resisted|p1a: take your time
|-damage|p1a: take your time|75/100
|-resisted|p1a: take your time
|-damage|p1a: take your time|62/100
|-hitcount|p1a: take your time|3
|
|-heal|p1a: take your time|68/100|[from] item: Leftovers
|upkeep
|turn|28
|
|t:|1780936427
|switch|p2a: Landorus|Landorus-Therian, M, shiny|9/100 tox
|-ability|p2a: Landorus|Intimidate|boost
|-unboost|p1a: take your time|atk|1
|move|p1a: take your time|Infestation|p2a: Landorus
|-resisted|p2a: Landorus
|-damage|p2a: Landorus|8/100 tox
|-activate|p2a: Landorus|move: Infestation|[of] p1a: take your time
|
|-heal|p1a: take your time|75/100|[from] item: Leftovers
|-damage|p2a: Landorus|2/100 tox|[from] psn
|-damage|p2a: Landorus|0 fnt|[from] move: Infestation|[partiallytrapped]
|faint|p2a: Landorus
|upkeep
|
|t:|1780936431
|switch|p2a: Hoopa|Hoopa-Unbound|46/100
|turn|29
|
|t:|1780936434
|move|p2a: Hoopa|Psychic Noise|p1a: take your time
|-supereffective|p1a: take your time
|-damage|p1a: take your time|0 fnt
|faint|p1a: take your time
|
|-heal|p2a: Hoopa|52/100|[from] item: Leftovers
|upkeep
|
|t:|1780936438
|switch|p1a: nothing new there|Gliscor, F|100/100 tox
|-damage|p1a: nothing new there|88/100 tox|[from] Stealth Rock
|turn|30
|j| Cotowol
|
|t:|1780936446
|switch|p2a: Weavile|Weavile, M, shiny|100/100
|-ability|p2a: Weavile|Pressure
|move|p1a: nothing new there|Toxic|p2a: Weavile
|-status|p2a: Weavile|tox
|
|-damage|p2a: Weavile|94/100 tox|[from] psn
|-heal|p1a: nothing new there|100/100 tox|[from] ability: Poison Heal
|upkeep
|turn|31
|
|t:|1780936451
|move|p1a: nothing new there|Protect|p1a: nothing new there
|-singleturn|p1a: nothing new there|Protect
|move|p2a: Weavile|Triple Axel|p1a: nothing new there
|-activate|p1a: nothing new there|move: Protect
|
|-damage|p2a: Weavile|82/100 tox|[from] psn
|upkeep
|turn|32
|
|t:|1780936455
|switch|p2a: Hoopa|Hoopa-Unbound|52/100
|switch|p1a: keep trying|Dondozo, M|100/100
|-damage|p1a: keep trying|88/100|[from] Stealth Rock
|
|-heal|p2a: Hoopa|58/100|[from] item: Leftovers
|-heal|p1a: keep trying|94/100|[from] item: Leftovers
|upkeep
|turn|33
|
|t:|1780936461
|switch|p1a: nothing new there|Gliscor, F|100/100 tox
|-damage|p1a: nothing new there|88/100 tox|[from] Stealth Rock
|move|p2a: Hoopa|Psychic Noise|p1a: nothing new there
|-damage|p1a: nothing new there|22/100 tox
|-start|p1a: nothing new there|move: Heal Block
|
|-heal|p2a: Hoopa|64/100|[from] item: Leftovers
|upkeep
|turn|34
|
|t:|1780936473
|switch|p2a: Weavile|Weavile, M, shiny|82/100 tox
|-ability|p2a: Weavile|Pressure
|-terastallize|p1a: nothing new there|Dark
|move|p1a: nothing new there|Knock Off|p2a: Weavile
|-resisted|p2a: Weavile
|-damage|p2a: Weavile|54/100 tox
|-enditem|p2a: Weavile|Choice Band|[from] move: Knock Off|[of] p1a: nothing new there
|
|-damage|p2a: Weavile|47/100 tox|[from] psn
|-end|p1a: nothing new there|move: Heal Block
|upkeep
|turn|35
|
|t:|1780936479
|move|p1a: nothing new there|Protect|p1a: nothing new there
|-singleturn|p1a: nothing new there|Protect
|move|p2a: Weavile|Triple Axel|p1a: nothing new there
|-activate|p1a: nothing new there|move: Protect
|
|-damage|p2a: Weavile|35/100 tox|[from] psn
|-heal|p1a: nothing new there|35/100 tox|[from] ability: Poison Heal
|upkeep
|turn|36
|
|t:|1780936485
|switch|p1a: per my last turn|Corviknight, M|32/100
|-damage|p1a: per my last turn|19/100|[from] Stealth Rock
|-ability|p1a: per my last turn|Pressure
|move|p2a: Weavile|Triple Axel|p1a: per my last turn
|-damage|p1a: per my last turn|12/100
|-damage|p1a: per my last turn|0 fnt
|faint|p1a: per my last turn
|-hitcount|p1: per my last turn|2
|
|-damage|p2a: Weavile|17/100 tox|[from] psn
|upkeep
|
|t:|1780936487
|switch|p1a: keep trying|Dondozo, M|94/100
|-damage|p1a: keep trying|82/100|[from] Stealth Rock
|turn|37
|
|t:|1780936492
|move|p2a: Weavile|Knock Off|p1a: keep trying
|-crit|p1a: keep trying
|-damage|p1a: keep trying|52/100
|-enditem|p1a: keep trying|Leftovers|[from] move: Knock Off|[of] p2a: Weavile
|move|p1a: keep trying|Crunch|p2a: Weavile
|-resisted|p2a: Weavile
|-damage|p2a: Weavile|1/100 tox
|
|-damage|p2a: Weavile|0 fnt|[from] psn
|faint|p2a: Weavile
|upkeep
|
|t:|1780936495
|switch|p2a: Hoopa|Hoopa-Unbound|64/100
|turn|38
|
|t:|1780936499
|switch|p1a: nothing new there|Gliscor, F, tera:Dark|35/100 tox
|-damage|p1a: nothing new there|22/100 tox|[from] Stealth Rock
|-terastallize|p2a: Hoopa|Fighting
|move|p2a: Hoopa|Substitute|p2a: Hoopa
|-start|p2a: Hoopa|Substitute
|-damage|p2a: Hoopa|39/100
|
|-heal|p2a: Hoopa|45/100|[from] item: Leftovers
|-heal|p1a: nothing new there|35/100 tox|[from] ability: Poison Heal
|upkeep
|turn|39
|
|t:|1780936505
|move|p1a: nothing new there|Protect|p1a: nothing new there
|-singleturn|p1a: nothing new there|Protect
|move|p2a: Hoopa|Drain Punch|p1a: nothing new there
|-activate|p1a: nothing new there|move: Protect
|
|-heal|p2a: Hoopa|52/100|[from] item: Leftovers
|-heal|p1a: nothing new there|47/100 tox|[from] ability: Poison Heal
|upkeep
|turn|40
|
|t:|1780936513
|move|p1a: nothing new there|Substitute|p1a: nothing new there
|-start|p1a: nothing new there|Substitute
|-damage|p1a: nothing new there|22/100 tox
|move|p2a: Hoopa|Drain Punch|p1a: nothing new there
|-supereffective|p1a: nothing new there
|-end|p1a: nothing new there|Substitute
|-heal|p2a: Hoopa|65/100|[from] drain|[of] p1a: nothing new there
|
|-heal|p2a: Hoopa|71/100|[from] item: Leftovers
|-heal|p1a: nothing new there|35/100 tox|[from] ability: Poison Heal
|upkeep
|turn|41
|
|t:|1780936515
|move|p1a: nothing new there|Protect|p1a: nothing new there
|-singleturn|p1a: nothing new there|Protect
|move|p2a: Hoopa|Drain Punch|p1a: nothing new there
|-activate|p1a: nothing new there|move: Protect
|
|-heal|p2a: Hoopa|77/100|[from] item: Leftovers
|-heal|p1a: nothing new there|47/100 tox|[from] ability: Poison Heal
|upkeep
|turn|42
|
|t:|1780936519
|move|p1a: nothing new there|Substitute|p1a: nothing new there
|-start|p1a: nothing new there|Substitute
|-damage|p1a: nothing new there|22/100 tox
|move|p2a: Hoopa|Knock Off|p1a: nothing new there
|-resisted|p1a: nothing new there
|-activate|p1a: nothing new there|move: Substitute|[damage]
|
|-heal|p2a: Hoopa|84/100|[from] item: Leftovers
|-heal|p1a: nothing new there|35/100 tox|[from] ability: Poison Heal
|upkeep
|turn|43
|
|t:|1780936523
|move|p1a: nothing new there|Protect|p1a: nothing new there
|-singleturn|p1a: nothing new there|Protect
|move|p2a: Hoopa|Knock Off|p1a: nothing new there
|-activate|p1a: nothing new there|move: Protect
|
|-heal|p2a: Hoopa|90/100|[from] item: Leftovers
|-heal|p1a: nothing new there|47/100 tox|[from] ability: Poison Heal
|upkeep
|turn|44
|
|t:|1780936527
|move|p1a: nothing new there|Knock Off|p2a: Hoopa
|-resisted|p2a: Hoopa
|-end|p2a: Hoopa|Substitute
|move|p2a: Hoopa|Knock Off|p1a: nothing new there
|-resisted|p1a: nothing new there
|-end|p1a: nothing new there|Substitute
|
|-heal|p2a: Hoopa|96/100|[from] item: Leftovers
|-heal|p1a: nothing new there|60/100 tox|[from] ability: Poison Heal
|upkeep
|turn|45
|
|t:|1780936537
|switch|p2a: Great Tusk|Great Tusk, shiny|80/100 psn
|move|p1a: nothing new there|Substitute|p1a: nothing new there
|-start|p1a: nothing new there|Substitute
|-damage|p1a: nothing new there|35/100 tox
|
|-heal|p1a: nothing new there|47/100 tox|[from] ability: Poison Heal
|-damage|p2a: Great Tusk|68/100 psn|[from] psn
|upkeep
|turn|46
|
|t:|1780936543
|move|p1a: nothing new there|Protect|p1a: nothing new there
|-singleturn|p1a: nothing new there|Protect
|move|p2a: Great Tusk|Headlong Rush|p1a: nothing new there
|-activate|p1a: nothing new there|move: Protect
|
|-heal|p1a: nothing new there|60/100 tox|[from] ability: Poison Heal
|-damage|p2a: Great Tusk|55/100 psn|[from] psn
|upkeep
|turn|47
|
|t:|1780936548
|move|p1a: nothing new there|Knock Off|p2a: Great Tusk
|-resisted|p2a: Great Tusk
|-damage|p2a: Great Tusk|43/100 psn
|-enditem|p2a: Great Tusk|Heavy-Duty Boots|[from] move: Knock Off|[of] p1a: nothing new there
|move|p2a: Great Tusk|Rapid Spin|p1a: nothing new there
|-activate|p1a: nothing new there|move: Substitute|[damage]
|-boost|p2a: Great Tusk|spe|1
|
|-damage|p2a: Great Tusk|30/100 psn|[from] psn
|-heal|p1a: nothing new there|72/100 tox|[from] ability: Poison Heal
|upkeep
|turn|48
|
|t:|1780936553
|move|p1a: nothing new there|Protect|p1a: nothing new there
|-singleturn|p1a: nothing new there|Protect
|move|p2a: Great Tusk|Ice Spinner|p1a: nothing new there
|-activate|p1a: nothing new there|move: Protect
|
|-damage|p2a: Great Tusk|18/100 psn|[from] psn
|-heal|p1a: nothing new there|85/100 tox|[from] ability: Poison Heal
|upkeep
|turn|49
|
|t:|1780936558
|move|p2a: Great Tusk|Ice Spinner|p1a: nothing new there
|-end|p1a: nothing new there|Substitute
|move|p1a: nothing new there|Substitute|p1a: nothing new there
|-start|p1a: nothing new there|Substitute
|-damage|p1a: nothing new there|60/100 tox
|
|-damage|p2a: Great Tusk|5/100 psn|[from] psn
|-heal|p1a: nothing new there|72/100 tox|[from] ability: Poison Heal
|upkeep
|turn|50
|
|t:|1780936562
|move|p1a: nothing new there|Protect|p1a: nothing new there
|-singleturn|p1a: nothing new there|Protect
|move|p2a: Great Tusk|Ice Spinner|p1a: nothing new there
|-activate|p1a: nothing new there|move: Protect
|
|-damage|p2a: Great Tusk|0 fnt|[from] psn
|faint|p2a: Great Tusk
|-end|p2a: Great Tusk|Protosynthesis|[silent]
|-heal|p1a: nothing new there|85/100 tox|[from] ability: Poison Heal
|upkeep
|
|t:|1780936574
|switch|p2a: Thundurus|Thundurus-Therian, M, shiny|56/100
|turn|51
|l| Cotowol
|
|t:|1780936580
|move|p2a: Thundurus|Taunt|p1a: nothing new there
|-start|p1a: nothing new there|move: Taunt
|move|p1a: nothing new there|Knock Off|p2a: Thundurus
|-damage|p2a: Thundurus|24/100
|
|-heal|p1a: nothing new there|97/100 tox|[from] ability: Poison Heal
|upkeep
|turn|52
|
|t:|1780936584
|move|p2a: Thundurus|Thunderbolt|p1a: nothing new there
|-end|p1a: nothing new there|Substitute
|move|p1a: nothing new there|Knock Off|p2a: Thundurus
|-damage|p2a: Thundurus|0 fnt
|faint|p2a: Thundurus
|
|-heal|p1a: nothing new there|100/100 tox|[from] ability: Poison Heal
|upkeep
|
|t:|1780936586
|switch|p2a: Hoopa|Hoopa-Unbound, tera:Fighting|96/100
|turn|53
|
|t:|1780936590
|switch|p1a: keep trying|Dondozo, M|52/100
|-damage|p1a: keep trying|39/100|[from] Stealth Rock
|move|p2a: Hoopa|Drain Punch|p1a: keep trying
|-damage|p1a: keep trying|19/100
|-heal|p2a: Hoopa|100/100|[from] drain|[of] p1a: keep trying
|
|upkeep
|turn|54
|
|t:|1780936595
|move|p2a: Hoopa|Substitute|p2a: Hoopa
|-start|p2a: Hoopa|Substitute
|-damage|p2a: Hoopa|76/100
|move|p1a: keep trying|Crunch|p2a: Hoopa
|-resisted|p2a: Hoopa
|-activate|p2a: Hoopa|move: Substitute|[damage]
|
|-heal|p2a: Hoopa|82/100|[from] item: Leftovers
|upkeep
|turn|55
|
|t:|1780936600
|move|p2a: Hoopa|Psychic Noise|p1a: keep trying
|-damage|p1a: keep trying|0 fnt
|faint|p1a: keep trying
|
|-heal|p2a: Hoopa|88/100|[from] item: Leftovers
|upkeep
|
|t:|1780936603
|switch|p1a: nothing new there|Gliscor, F, tera:Dark|100/100 tox
|-damage|p1a: nothing new there|88/100 tox|[from] Stealth Rock
|turn|56
|
|t:|1780936607
|move|p1a: nothing new there|Substitute|p1a: nothing new there
|-start|p1a: nothing new there|Substitute
|-damage|p1a: nothing new there|63/100 tox
|move|p2a: Hoopa|Drain Punch|p1a: nothing new there
|-supereffective|p1a: nothing new there
|-end|p1a: nothing new there|Substitute
|-heal|p2a: Hoopa|100/100|[from] drain|[of] p1a: nothing new there
|
|-heal|p1a: nothing new there|75/100 tox|[from] ability: Poison Heal
|upkeep
|turn|57
|
|t:|1780936614
|move|p1a: nothing new there|Substitute|p1a: nothing new there
|-start|p1a: nothing new there|Substitute
|-damage|p1a: nothing new there|50/100 tox
|move|p2a: Hoopa|Substitute|p2a: Hoopa
|-fail|p2a: Hoopa|move: Substitute
|
|-heal|p1a: nothing new there|63/100 tox|[from] ability: Poison Heal
|upkeep
|turn|58
|
|t:|1780936620
|move|p1a: nothing new there|Protect|p1a: nothing new there
|-singleturn|p1a: nothing new there|Protect
|move|p2a: Hoopa|Substitute|p2a: Hoopa
|-fail|p2a: Hoopa|move: Substitute
|
|-heal|p1a: nothing new there|75/100 tox|[from] ability: Poison Heal
|upkeep
|turn|59
|
|t:|1780936625
|move|p1a: nothing new there|Knock Off|p2a: Hoopa
|-resisted|p2a: Hoopa
|-end|p2a: Hoopa|Substitute
|move|p2a: Hoopa|Substitute|p2a: Hoopa
|-start|p2a: Hoopa|Substitute
|-damage|p2a: Hoopa|76/100
|
|-heal|p2a: Hoopa|82/100|[from] item: Leftovers
|-heal|p1a: nothing new there|88/100 tox|[from] ability: Poison Heal
|upkeep
|turn|60
|
|t:|1780936629
|move|p1a: nothing new there|Knock Off|p2a: Hoopa
|-resisted|p2a: Hoopa
|-end|p2a: Hoopa|Substitute
|move|p2a: Hoopa|Drain Punch|p1a: nothing new there
|-supereffective|p1a: nothing new there
|-end|p1a: nothing new there|Substitute
|-heal|p2a: Hoopa|95/100|[from] drain|[of] p1a: nothing new there
|
|-heal|p2a: Hoopa|100/100|[from] item: Leftovers
|-heal|p1a: nothing new there|100/100 tox|[from] ability: Poison Heal
|upkeep
|turn|61
|
|t:|1780936636
|move|p1a: nothing new there|Toxic|p2a: Hoopa
|-status|p2a: Hoopa|tox
|move|p2a: Hoopa|Drain Punch|p1a: nothing new there
|-supereffective|p1a: nothing new there
|-damage|p1a: nothing new there|29/100 tox
|
|-heal|p1a: nothing new there|41/100 tox|[from] ability: Poison Heal
|-damage|p2a: Hoopa|94/100 tox|[from] psn
|upkeep
|turn|62
|
|t:|1780936650
|move|p1a: nothing new there|Substitute|p1a: nothing new there
|-start|p1a: nothing new there|Substitute
|-damage|p1a: nothing new there|16/100 tox
|move|p2a: Hoopa|Drain Punch|p1a: nothing new there
|-supereffective|p1a: nothing new there
|-crit|p1a: nothing new there
|-end|p1a: nothing new there|Substitute
|-heal|p2a: Hoopa|100/100 tox|[from] drain|[of] p1a: nothing new there
|
|-heal|p1a: nothing new there|29/100 tox|[from] ability: Poison Heal
|-damage|p2a: Hoopa|88/100 tox|[from] psn
|upkeep
|turn|63
|
|t:|1780936654
|move|p1a: nothing new there|Protect|p1a: nothing new there
|-singleturn|p1a: nothing new there|Protect
|move|p2a: Hoopa|Drain Punch|p1a: nothing new there
|-activate|p1a: nothing new there|move: Protect
|
|-heal|p2a: Hoopa|94/100 tox|[from] item: Leftovers
|-heal|p1a: nothing new there|41/100 tox|[from] ability: Poison Heal
|-damage|p2a: Hoopa|76/100 tox|[from] psn
|upkeep
|turn|64
|
|t:|1780936658
|move|p1a: nothing new there|Substitute|p1a: nothing new there
|-start|p1a: nothing new there|Substitute
|-damage|p1a: nothing new there|16/100 tox
|move|p2a: Hoopa|Drain Punch|p1a: nothing new there
|-supereffective|p1a: nothing new there
|-end|p1a: nothing new there|Substitute
|-heal|p2a: Hoopa|89/100 tox|[from] drain|[of] p1a: nothing new there
|
|-heal|p2a: Hoopa|96/100 tox|[from] item: Leftovers
|-heal|p1a: nothing new there|29/100 tox|[from] ability: Poison Heal
|-damage|p2a: Hoopa|71/100 tox|[from] psn
|upkeep
|turn|65
|
|t:|1780936662
|move|p1a: nothing new there|Protect|p1a: nothing new there
|-singleturn|p1a: nothing new there|Protect
|move|p2a: Hoopa|Drain Punch|p1a: nothing new there
|-activate|p1a: nothing new there|move: Protect
|
|-heal|p2a: Hoopa|77/100 tox|[from] item: Leftovers
|-heal|p1a: nothing new there|41/100 tox|[from] ability: Poison Heal
|-damage|p2a: Hoopa|46/100 tox|[from] psn
|upkeep
|turn|66
|
|t:|1780936666
|move|p1a: nothing new there|Substitute|p1a: nothing new there
|-start|p1a: nothing new there|Substitute
|-damage|p1a: nothing new there|16/100 tox
|move|p2a: Hoopa|Drain Punch|p1a: nothing new there
|-supereffective|p1a: nothing new there
|-crit|p1a: nothing new there
|-end|p1a: nothing new there|Substitute
|-heal|p2a: Hoopa|60/100 tox|[from] drain|[of] p1a: nothing new there
|
|-heal|p2a: Hoopa|66/100 tox|[from] item: Leftovers
|-heal|p1a: nothing new there|29/100 tox|[from] ability: Poison Heal
|-damage|p2a: Hoopa|29/100 tox|[from] psn
|upkeep
|turn|67
|
|t:|1780936670
|move|p1a: nothing new there|Protect|p1a: nothing new there
|-singleturn|p1a: nothing new there|Protect
|move|p2a: Hoopa|Drain Punch|p1a: nothing new there
|-activate|p1a: nothing new there|move: Protect
|
|-heal|p2a: Hoopa|35/100 tox|[from] item: Leftovers
|-heal|p1a: nothing new there|41/100 tox|[from] ability: Poison Heal
|-damage|p2a: Hoopa|0 fnt|[from] psn
|faint|p2a: Hoopa
|upkeep
|
|t:|1780936672
|switch|p2a: Ogerpon|Ogerpon, F|100/100
|turn|68
|
|t:|1780936676
|move|p2a: Ogerpon|Ivy Cudgel|p1a: nothing new there
|-damage|p1a: nothing new there|0 fnt
|faint|p1a: nothing new there
|
|upkeep
|
|t:|1780936678
|switch|p1a: did you calc that?|Clodsire, M|100/100
|turn|69
|
|t:|1780936681
|move|p2a: Ogerpon|Ivy Cudgel|p1a: did you calc that?
|-damage|p1a: did you calc that?|21/100
|move|p1a: did you calc that?|Poison Jab|p2a: Ogerpon
|-supereffective|p2a: Ogerpon
|-damage|p2a: Ogerpon|47/100
|
|upkeep
|turn|70
|
|t:|1780936684
|move|p2a: Ogerpon|Ivy Cudgel|p1a: did you calc that?
|-damage|p1a: did you calc that?|0 fnt
|faint|p1a: did you calc that?
|
|win|temporarylight
|raw|Mr Tpen's rating: 1666 &rarr; <strong>1650</strong><br />(-16 for losing)
|raw|temporarylight's rating: 1738 &rarr; <strong>1754</strong><br />(+16 for winning)
|l|☆Mr Tpen
|player|p1|
