|j|☆my2005
|j|☆crck like alakazam
|t:|1781241847
|gametype|singles
|player|p1|my2005|170|1596
|player|p2|crck like alakazam|psychicf-gen4|1593
|gen|9
|tier|[Gen 9] OU
|rated|
|rule|HP Percentage Mod: HP is shown in percentages
|rule|Endless Battle Clause: Forcing endless battles is banned
|rule|Species Clause: Limit one of each Pokémon
|rule|OHKO Clause: OHKO moves are banned
|rule|Evasion Items Clause: Evasion items are banned
|rule|Evasion Moves Clause: Evasion moves are banned
|rule|Evasion Abilities Clause: Evasion abilities are banned
|rule|Sleep Moves Clause: Sleep-inducing moves are banned
|clearpoke
|poke|p1|Slowking-Galar, F|
|poke|p1|Whimsicott, F|
|poke|p1|Kyurem|
|poke|p1|Cinderace, F|
|poke|p1|Great Tusk|
|poke|p1|Alomomola, F|
|poke|p2|Iron Treads|
|poke|p2|Pelipper, M|
|poke|p2|Dondozo, F|
|poke|p2|Overqwil, M|
|poke|p2|Enamorus, F|
|poke|p2|Raging Bolt|
|teampreview
|inactive|Battle timer is ON: inactive players will automatically lose when time's up. (requested by crck like alakazam)
|
|t:|1781241872
|teamsize|p1|6
|teamsize|p2|6
|start
|switch|p1a: Kyurem|Kyurem|100/100
|switch|p2a: WishABozoWould|Dondozo, F|100/100
|-ability|p1a: Kyurem|Pressure
|turn|1
|
|t:|1781241876
|move|p1a: Kyurem|Substitute|p1a: Kyurem
|-start|p1a: Kyurem|Substitute
|-damage|p1a: Kyurem|76/100
|move|p2a: WishABozoWould|Outrage|p1a: Kyurem
|-supereffective|p1a: Kyurem
|-end|p1a: Kyurem|Substitute
|
|-heal|p1a: Kyurem|82/100|[from] item: Leftovers
|upkeep
|turn|2
|
|t:|1781241902
|move|p1a: Kyurem|Protect|p1a: Kyurem
|-singleturn|p1a: Kyurem|Protect
|move|p2a: WishABozoWould|Outrage|p1a: Kyurem|[from] lockedmove
|-activate|p1a: Kyurem|move: Protect
|
|-heal|p1a: Kyurem|88/100|[from] item: Leftovers
|upkeep
|turn|3
|
|t:|1781241912
|switch|p1a: Whimsicott|Whimsicott, F|100/100
|move|p2a: WishABozoWould|Outrage|p1a: Whimsicott
|-immune|p1a: Whimsicott
|
|upkeep
|turn|4
|
|t:|1781241918
|switch|p2a: 4Pc Peliac Combo|Pelipper, M|100/100
|-weather|RainDance|[from] ability: Drizzle|[of] p2a: 4Pc Peliac Combo
|move|p1a: Whimsicott|Leech Seed|p2a: 4Pc Peliac Combo
|-start|p2a: 4Pc Peliac Combo|move: Leech Seed
|
|-weather|RainDance|[upkeep]
|-damage|p2a: 4Pc Peliac Combo|88/100|[from] Leech Seed|[of] p1a: Whimsicott
|upkeep
|turn|5
|inactive|my2005 has 120 seconds left.
|
|t:|1781241943
|switch|p2a: PurpleRain|Overqwil, M, shiny|100/100
|move|p1a: Whimsicott|U-turn|p2a: PurpleRain
|-damage|p2a: PurpleRain|87/100
|inactive|my2005 has 120 seconds left.
|
|t:|1781241950
|switch|p1a: Kyurem|Kyurem|88/100|[from] U-turn
|-ability|p1a: Kyurem|Pressure
|
|-weather|RainDance|[upkeep]
|-heal|p1a: Kyurem|94/100|[from] item: Leftovers
|upkeep
|turn|6
|
|t:|1781241960
|move|p2a: PurpleRain|Swords Dance|p2a: PurpleRain
|-boost|p2a: PurpleRain|atk|2
|move|p1a: Kyurem|Earth Power|p2a: PurpleRain
|-supereffective|p2a: PurpleRain
|-damage|p2a: PurpleRain|0 fnt
|faint|p2a: PurpleRain
|
|-weather|RainDance|[upkeep]
|-heal|p1a: Kyurem|99/100|[from] item: Leftovers
|upkeep
|
|t:|1781241967
|switch|p2a: GangStarrFromAbove|Enamorus, F|100/100
|turn|7
|
|t:|1781241970
|move|p1a: Kyurem|Protect|p1a: Kyurem
|-singleturn|p1a: Kyurem|Protect
|move|p2a: GangStarrFromAbove|Moonblast|p1a: Kyurem
|-activate|p1a: Kyurem|move: Protect
|
|-weather|RainDance|[upkeep]
|-heal|p1a: Kyurem|100/100|[from] item: Leftovers
|upkeep
|turn|8
|
|t:|1781241975
|switch|p2a: WishABozoWould|Dondozo, F|100/100
|switch|p1a: Slowking|Slowking-Galar, F|100/100
|
|-weather|RainDance|[upkeep]
|upkeep
|turn|9
|
|t:|1781241986
|move|p2a: WishABozoWould|Wave Crash|p1a: Slowking
|-damage|p1a: Slowking|0 fnt
|faint|p1a: Slowking
|-damage|p2a: WishABozoWould|74/100|[from] Recoil
|
|-weather|RainDance|[upkeep]
|upkeep
|
|t:|1781241994
|switch|p1a: Kyurem|Kyurem|100/100
|-ability|p1a: Kyurem|Pressure
|turn|10
|
|t:|1781241999
|switch|p2a: C.T.E.Spins|Iron Treads|100/100
|-enditem|p2a: C.T.E.Spins|Booster Energy
|-activate|p2a: C.T.E.Spins|ability: Quark Drive|[fromitem]
|-start|p2a: C.T.E.Spins|quarkdrivespe
|move|p1a: Kyurem|Substitute|p1a: Kyurem
|-start|p1a: Kyurem|Substitute
|-damage|p1a: Kyurem|76/100
|
|-weather|RainDance|[upkeep]
|-heal|p1a: Kyurem|82/100|[from] item: Leftovers
|upkeep
|turn|11
|
|t:|1781242006
|-terastallize|p1a: Kyurem|Ground
|move|p2a: C.T.E.Spins|Earthquake|p1a: Kyurem
|-end|p1a: Kyurem|Substitute
|move|p1a: Kyurem|Earth Power|p2a: C.T.E.Spins
|-supereffective|p2a: C.T.E.Spins
|-damage|p2a: C.T.E.Spins|0 fnt
|faint|p2a: C.T.E.Spins
|-end|p2a: C.T.E.Spins|Quark Drive|[silent]
|
|-weather|none
|-heal|p1a: Kyurem|88/100|[from] item: Leftovers
|upkeep
|
|t:|1781242012
|switch|p2a: 4Pc Peliac Combo|Pelipper, M|88/100
|-weather|RainDance|[from] ability: Drizzle|[of] p2a: 4Pc Peliac Combo
|turn|12
|
|t:|1781242016
|move|p1a: Kyurem|Freeze-Dry|p2a: 4Pc Peliac Combo
|-supereffective|p2a: 4Pc Peliac Combo
|-damage|p2a: 4Pc Peliac Combo|0 fnt
|faint|p2a: 4Pc Peliac Combo
|
|-weather|RainDance|[upkeep]
|-heal|p1a: Kyurem|94/100|[from] item: Leftovers
|upkeep
|
|t:|1781242018
|switch|p2a: GangStarrFromAbove|Enamorus, F|100/100
|turn|13
|
|t:|1781242023
|move|p1a: Kyurem|Protect|p1a: Kyurem
|-singleturn|p1a: Kyurem|Protect
|move|p2a: GangStarrFromAbove|Weather Ball|p1a: Kyurem
|-activate|p1a: Kyurem|move: Protect
|
|-weather|RainDance|[upkeep]
|-heal|p1a: Kyurem|99/100|[from] item: Leftovers
|upkeep
|turn|14
|
|t:|1781242028
|switch|p2a: WishABozoWould|Dondozo, F|74/100
|switch|p1a: Alomomola|Alomomola, F|100/100
|
|-weather|RainDance|[upkeep]
|upkeep
|turn|15
|
|t:|1781242034
|switch|p2a: Ol'DirtyBolt|Raging Bolt|100/100
|-enditem|p2a: Ol'DirtyBolt|Booster Energy
|-activate|p2a: Ol'DirtyBolt|ability: Protosynthesis|[fromitem]
|-start|p2a: Ol'DirtyBolt|protosynthesisspa
|move|p1a: Alomomola|Flip Turn|p2a: Ol'DirtyBolt
|-resisted|p2a: Ol'DirtyBolt
|-damage|p2a: Ol'DirtyBolt|88/100
|
|t:|1781242044
|switch|p1a: Kyurem|Kyurem, tera:Ground|99/100|[from] Flip Turn
|-ability|p1a: Kyurem|Pressure
|
|-weather|RainDance|[upkeep]
|-heal|p1a: Kyurem|100/100|[from] item: Leftovers
|upkeep
|turn|16
|
|t:|1781242048
|-terastallize|p2a: Ol'DirtyBolt|Fairy
|move|p1a: Kyurem|Substitute|p1a: Kyurem
|-start|p1a: Kyurem|Substitute
|-damage|p1a: Kyurem|76/100
|move|p2a: Ol'DirtyBolt|Weather Ball|p1a: Kyurem
|-supereffective|p1a: Kyurem
|-end|p1a: Kyurem|Substitute
|
|-weather|RainDance|[upkeep]
|-heal|p1a: Kyurem|82/100|[from] item: Leftovers
|upkeep
|turn|17
|
|t:|1781242058
|move|p1a: Kyurem|Protect|p1a: Kyurem
|-singleturn|p1a: Kyurem|Protect
|move|p2a: Ol'DirtyBolt|Weather Ball|p1a: Kyurem
|-activate|p1a: Kyurem|move: Protect
|
|-weather|RainDance|[upkeep]
|-heal|p1a: Kyurem|88/100|[from] item: Leftovers
|upkeep
|turn|18
|
|t:|1781242065
|move|p1a: Kyurem|Substitute|p1a: Kyurem
|-start|p1a: Kyurem|Substitute
|-damage|p1a: Kyurem|63/100
|move|p2a: Ol'DirtyBolt|Weather Ball|p1a: Kyurem
|-supereffective|p1a: Kyurem
|-end|p1a: Kyurem|Substitute
|
|-weather|RainDance|[upkeep]
|-heal|p1a: Kyurem|69/100|[from] item: Leftovers
|upkeep
|turn|19
|
|t:|1781242070
|-end|p2a: Ol'DirtyBolt|Protosynthesis|[silent]
|switch|p2a: GangStarrFromAbove|Enamorus, F|100/100
|move|p1a: Kyurem|Protect||[still]
|-fail|p1a: Kyurem
|
|-weather|none
|-heal|p1a: Kyurem|75/100|[from] item: Leftovers
|upkeep
|turn|20
|
|t:|1781242072
|move|p1a: Kyurem|Protect|p1a: Kyurem
|-singleturn|p1a: Kyurem|Protect
|move|p2a: GangStarrFromAbove|Moonblast|p1a: Kyurem
|-activate|p1a: Kyurem|move: Protect
|
|-heal|p1a: Kyurem|81/100|[from] item: Leftovers
|upkeep
|turn|21
|
|t:|1781242079
|switch|p1a: Cinderace|Cinderace, F|100/100
|move|p2a: GangStarrFromAbove|Moonblast|p1a: Cinderace
|-resisted|p1a: Cinderace
|-damage|p1a: Cinderace|63/100
|-unboost|p1a: Cinderace|spa|1
|
|upkeep
|turn|22
|j| isaac_gam3r
|
|t:|1781242084
|move|p2a: GangStarrFromAbove|Moonblast|p1a: Cinderace
|-resisted|p1a: Cinderace
|-damage|p1a: Cinderace|27/100
|move|p1a: Cinderace|U-turn|p2a: GangStarrFromAbove
|-start|p1a: Cinderace|typechange|Bug|[from] ability: Libero
|-resisted|p2a: GangStarrFromAbove
|-damage|p2a: GangStarrFromAbove|88/100
|
|t:|1781242097
|switch|p1a: Kyurem|Kyurem, tera:Ground|81/100|[from] U-turn
|-ability|p1a: Kyurem|Pressure
|
|-heal|p1a: Kyurem|87/100|[from] item: Leftovers
|upkeep
|turn|23
|
|t:|1781242102
|move|p1a: Kyurem|Protect|p1a: Kyurem
|-singleturn|p1a: Kyurem|Protect
|move|p2a: GangStarrFromAbove|Moonblast|p1a: Kyurem
|-activate|p1a: Kyurem|move: Protect
|
|-heal|p1a: Kyurem|93/100|[from] item: Leftovers
|upkeep
|turn|24
|
|t:|1781242105
|move|p2a: GangStarrFromAbove|Moonblast|p1a: Kyurem
|-damage|p1a: Kyurem|38/100
|move|p1a: Kyurem|Freeze-Dry|p2a: GangStarrFromAbove
|-supereffective|p2a: GangStarrFromAbove
|-damage|p2a: GangStarrFromAbove|0 fnt
|faint|p2a: GangStarrFromAbove
|
|-heal|p1a: Kyurem|44/100|[from] item: Leftovers
|upkeep
|-message|crck like alakazam forfeited.
|
|win|my2005
|raw|my2005's rating: 1580 &rarr; <strong>1601</strong><br />(+21 for winning)
|raw|crck like alakazam's rating: 1593 &rarr; <strong>1572</strong><br />(-21 for losing)
|l|☆crck like alakazam
|player|p2|
|l|☆my2005
|player|p1|
|l| isaac_gam3r
|j| isaac_gam3r
|l| isaac_gam3r
