|j|☆lord shiddenfards
|j|☆Dr Gaster PHD
|t:|1781344042
|gametype|singles
|player|p1|lord shiddenfards|blaine|1638
|player|p2|Dr Gaster PHD|ghetsis|1704
|gen|9
|tier|[Gen 9] OU
|rated|
|rule|HP Percentage Mod: HP is shown in percentages
|rule|Endless Battle Clause: Forcing endless battles is banned
|rule|Species Clause: Limit one of each Pokémon
|rule|OHKO Clause: OHKO moves are banned
|rule|Evasion Items Clause: Evasion items are banned
|rule|Evasion Moves Clause: Evasion moves are banned
|rule|Evasion Abilities Clause: Evasion abilities are banned
|rule|Sleep Moves Clause: Sleep-inducing moves are banned
|clearpoke
|poke|p1|Ninetales, F|
|poke|p1|Great Tusk|
|poke|p1|Slither Wing|
|poke|p1|Alomomola, F|
|poke|p1|Iron Moth|
|poke|p1|Raging Bolt|
|poke|p2|Hoopa-Unbound|
|poke|p2|Pecharunt|
|poke|p2|Landorus-Therian, M|
|poke|p2|Cinderace, F|
|poke|p2|Alomomola, F|
|poke|p2|Iron Valiant|
|teampreview
|inactive|Battle timer is ON: inactive players will automatically lose when time's up. (requested by lord shiddenfards)
|
|t:|1781344049
|teamsize|p1|6
|teamsize|p2|6
|start
|switch|p1a: Ninetales|Ninetales, F|100/100
|switch|p2a: Werewolf BF|Landorus-Therian, M, shiny|100/100
|-ability|p2a: Werewolf BF|Intimidate|boost
|-unboost|p1a: Ninetales|atk|1
|-weather|SunnyDay|[from] ability: Drought|[of] p1a: Ninetales
|turn|1
|
|t:|1781344051
|move|p2a: Werewolf BF|Earthquake|p1a: Ninetales
|-supereffective|p1a: Ninetales
|-damage|p1a: Ninetales|0 fnt
|faint|p1a: Ninetales
|
|-weather|SunnyDay|[upkeep]
|upkeep
|
|t:|1781344055
|switch|p1a: Great Tusk|Great Tusk|100/100
|-activate|p1a: Great Tusk|ability: Protosynthesis
|-start|p1a: Great Tusk|protosynthesisspe
|turn|2
|
|t:|1781344062
|switch|p2a: Fih|Alomomola, F, shiny|100/100
|move|p1a: Great Tusk|Bulk Up|p1a: Great Tusk
|-boost|p1a: Great Tusk|atk|1
|-boost|p1a: Great Tusk|def|1
|
|-weather|SunnyDay|[upkeep]
|upkeep
|turn|3
|
|t:|1781344071
|move|p1a: Great Tusk|Headlong Rush|p2a: Fih
|-damage|p2a: Fih|43/100
|-unboost|p1a: Great Tusk|def|1
|-unboost|p1a: Great Tusk|spd|1
|move|p2a: Fih|Body Slam|p1a: Great Tusk
|-damage|p1a: Great Tusk|91/100
|
|-weather|SunnyDay|[upkeep]
|upkeep
|turn|4
|
|t:|1781344083
|switch|p2a: Werewolf BF|Landorus-Therian, M, shiny|100/100
|-ability|p2a: Werewolf BF|Intimidate|boost
|-unboost|p1a: Great Tusk|atk|1
|move|p1a: Great Tusk|Headlong Rush|p2a: Werewolf BF
|-immune|p2a: Werewolf BF
|
|-weather|SunnyDay|[upkeep]
|upkeep
|turn|5
|
|t:|1781344091
|move|p2a: Werewolf BF|Grass Knot|p1a: Great Tusk
|-supereffective|p1a: Great Tusk
|-damage|p1a: Great Tusk|0 fnt
|faint|p1a: Great Tusk
|-end|p1a: Great Tusk|Protosynthesis|[silent]
|
|-weather|none
|upkeep
|
|t:|1781344104
|switch|p1a: Iron Moth|Iron Moth|100/100
|-enditem|p1a: Iron Moth|Booster Energy
|-activate|p1a: Iron Moth|ability: Quark Drive|[fromitem]
|-start|p1a: Iron Moth|quarkdrivespe
|turn|6
|
|t:|1781344110
|switch|p2a: Fih|Alomomola, F, shiny|76/100
|move|p1a: Iron Moth|Fiery Dance|p2a: Fih
|-resisted|p2a: Fih
|-damage|p2a: Fih|65/100
|-boost|p1a: Iron Moth|spa|1
|
|upkeep
|turn|7
|
|t:|1781344114
|move|p1a: Iron Moth|Sludge Wave|p2a: Fih
|-damage|p2a: Fih|28/100
|move|p2a: Fih|Mirror Coat|p1a: Iron Moth
|-damage|p1a: Iron Moth|0 fnt
|faint|p1a: Iron Moth
|-end|p1a: Iron Moth|Quark Drive|[silent]
|
|upkeep
|
|t:|1781344117
|switch|p1a: Raging Bolt|Raging Bolt|100/100
|turn|8
|
|t:|1781344121
|move|p1a: Raging Bolt|Draco Meteor|p2a: Fih
|-damage|p2a: Fih|0 fnt
|-unboost|p1a: Raging Bolt|spa|2
|faint|p2a: Fih
|
|upkeep
|
|t:|1781344126
|switch|p2a: They Slash Them|Iron Valiant, shiny|100/100
|turn|9
|
|t:|1781344132
|-end|p1a: Raging Bolt|Protosynthesis|[silent]
|switch|p1a: Alomomola|Alomomola, F|100/100
|move|p2a: They Slash Them|Moonblast|p1a: Alomomola
|-damage|p1a: Alomomola|41/100
|-unboost|p1a: Alomomola|spa|1
|-enditem|p1a: Alomomola|Eject Button
|
|t:|1781344134
|switch|p1a: Raging Bolt|Raging Bolt|100/100
|
|upkeep
|turn|10
|
|t:|1781344143
|-terastallize|p1a: Raging Bolt|Fairy
|move|p2a: They Slash Them|Moonblast|p1a: Raging Bolt
|-damage|p1a: Raging Bolt|63/100
|move|p1a: Raging Bolt|Volt Switch|p2a: They Slash Them
|-damage|p2a: They Slash Them|29/100
|
|t:|1781344147
|-end|p1a: Raging Bolt|Protosynthesis|[silent]
|switch|p1a: Alomomola|Alomomola, F|74/100|[from] Volt Switch
|
|upkeep
|turn|11
|
|t:|1781344167
|-end|p2a: They Slash Them|Quark Drive|[silent]
|switch|p2a: Akinator|Hoopa-Unbound|100/100
|move|p1a: Alomomola|Flip Turn|p2a: Akinator
|-damage|p2a: Akinator|74/100
|
|t:|1781344173
|switch|p1a: Slither Wing|Slither Wing|100/100|[from] Flip Turn
|
|upkeep
|turn|12
|
|t:|1781344181
|switch|p2a: Britney Spears|Pecharunt|100/100
|move|p1a: Slither Wing|U-turn|p2a: Britney Spears
|-resisted|p2a: Britney Spears
|-damage|p2a: Britney Spears|94/100
|
|t:|1781344183
|-end|p1a: Slither Wing|Protosynthesis|[silent]
|switch|p1a: Raging Bolt|Raging Bolt, tera:Fairy|63/100|[from] U-turn
|
|upkeep
|turn|13
|
|t:|1781344186
|move|p2a: Britney Spears|Malignant Chain|p1a: Raging Bolt
|-supereffective|p1a: Raging Bolt
|-damage|p1a: Raging Bolt|28/100
|-status|p1a: Raging Bolt|tox
|-start|p1a: Raging Bolt|confusion|[from] ability: Poison Puppeteer|[of] p2a: Britney Spears
|-activate|p1a: Raging Bolt|confusion
|-damage|p1a: Raging Bolt|22/100 tox|[from] confusion
|
|-damage|p1a: Raging Bolt|16/100 tox|[from] psn
|upkeep
|turn|14
|-message|lord shiddenfards forfeited.
|
|win|Dr Gaster PHD
|raw|lord shiddenfards's rating: 1638 &rarr; <strong>1622</strong><br />(-16 for losing)
|raw|Dr Gaster PHD's rating: 1704 &rarr; <strong>1720</strong><br />(+16 for winning)
|l|☆lord shiddenfards
|player|p1|
