|j|☆A Welcome Guest
|j|☆omari p
|t:|1781300988
|gametype|singles
|player|p1|A Welcome Guest|#uwliiiskyminflyers|1591
|player|p2|omari p|pokemonrangerf|1570
|gen|9
|tier|[Gen 9] OU
|rated|
|rule|HP Percentage Mod: HP is shown in percentages
|rule|Endless Battle Clause: Forcing endless battles is banned
|rule|Species Clause: Limit one of each Pokémon
|rule|OHKO Clause: OHKO moves are banned
|rule|Evasion Items Clause: Evasion items are banned
|rule|Evasion Moves Clause: Evasion moves are banned
|rule|Evasion Abilities Clause: Evasion abilities are banned
|rule|Sleep Moves Clause: Sleep-inducing moves are banned
|clearpoke
|poke|p1|Garganacl, F|
|poke|p1|Weezing-Galar, M|
|poke|p1|Moltres|
|poke|p1|Alomomola, M|
|poke|p1|Iron Treads|
|poke|p1|Zamazenta-*|
|poke|p2|Cinderace, M|
|poke|p2|Skeledirge, F|
|poke|p2|Latios, M|
|poke|p2|Mandibuzz, F|
|poke|p2|Gallade, M|
|poke|p2|Gastrodon, M|
|teampreview
|c|☆A Welcome Guest|hf
|inactive|Battle timer is ON: inactive players will automatically lose when time's up. (requested by omari p)
|
|t:|1781301014
|teamsize|p1|6
|teamsize|p2|6
|start
|switch|p1a: Garganacl|Garganacl, F|100/100
|switch|p2a: Gallade|Gallade, M|100/100
|turn|1
|inactive|omari p has 120 seconds left.
|
|t:|1781301070
|-terastallize|p1a: Garganacl|Fairy
|move|p2a: Gallade|Psycho Cut|p1a: Garganacl
|-crit|p1a: Garganacl
|-damage|p1a: Garganacl|25/100
|move|p1a: Garganacl|Salt Cure|p2a: Gallade
|-resisted|p2a: Gallade
|-damage|p2a: Gallade|90/100
|-start|p2a: Gallade|Salt Cure
|
|-heal|p1a: Garganacl|31/100|[from] item: Leftovers
|-damage|p2a: Gallade|78/100|[from] Salt Cure
|upkeep
|turn|2
|
|t:|1781301077
|switch|p1a: Alomomola|Alomomola, M|100/100
|move|p2a: Gallade|Psycho Cut|p1a: Alomomola
|-crit|p1a: Alomomola
|-damage|p1a: Alomomola|27/100
|
|-damage|p2a: Gallade|65/100|[from] Salt Cure
|upkeep
|turn|3
|
|t:|1781301087
|move|p1a: Alomomola|Protect|p1a: Alomomola
|-singleturn|p1a: Alomomola|Protect
|move|p2a: Gallade|Psycho Cut|p1a: Alomomola
|-activate|p1a: Alomomola|move: Protect
|
|-damage|p2a: Gallade|53/100|[from] Salt Cure
|upkeep
|turn|4
|
|t:|1781301111
|switch|p1a: Iron Treads|Iron Treads|100/100
|move|p2a: Gallade|Psycho Cut|p1a: Iron Treads
|-resisted|p1a: Iron Treads
|-damage|p1a: Iron Treads|64/100
|
|-heal|p1a: Iron Treads|70/100|[from] item: Leftovers
|-damage|p2a: Gallade|41/100|[from] Salt Cure
|upkeep
|turn|5
|
|t:|1781301117
|switch|p2a: Omari P Bird|Mandibuzz, F, shiny|100/100
|move|p1a: Iron Treads|Knock Off|p2a: Omari P Bird
|-resisted|p2a: Omari P Bird
|-damage|p2a: Omari P Bird|92/100
|-damage|p1a: Iron Treads|53/100|[from] item: Rocky Helmet|[of] p2a: Omari P Bird
|-enditem|p2a: Omari P Bird|Rocky Helmet|[from] move: Knock Off|[of] p1a: Iron Treads
|
|-heal|p1a: Iron Treads|60/100|[from] item: Leftovers
|upkeep
|turn|6
|
|t:|1781301123
|-end|p1a: Iron Treads|Quark Drive|[silent]
|switch|p1a: Garganacl|Garganacl, F, tera:Fairy|31/100
|move|p2a: Omari P Bird|Foul Play|p1a: Garganacl
|-resisted|p1a: Garganacl
|-damage|p1a: Garganacl|20/100
|
|-heal|p1a: Garganacl|26/100|[from] item: Leftovers
|upkeep
|turn|7
|
|t:|1781301128
|switch|p2a: Gastrodon|Gastrodon, M|100/100
|move|p1a: Garganacl|Recover|p1a: Garganacl
|-heal|p1a: Garganacl|76/100
|
|-heal|p1a: Garganacl|83/100|[from] item: Leftovers
|upkeep
|turn|8
|
|t:|1781301132
|move|p2a: Gastrodon|Stealth Rock|p1a: Garganacl
|-sidestart|p1: A Welcome Guest|move: Stealth Rock
|move|p1a: Garganacl|Salt Cure|p2a: Gastrodon
|-resisted|p2a: Gastrodon
|-damage|p2a: Gastrodon|93/100
|-start|p2a: Gastrodon|Salt Cure
|
|-heal|p2a: Gastrodon|99/100|[from] item: Leftovers
|-heal|p1a: Garganacl|89/100|[from] item: Leftovers
|-damage|p2a: Gastrodon|74/100|[from] Salt Cure
|upkeep
|turn|9
|
|t:|1781301137
|switch|p2a: Skeledirge|Skeledirge, F|100/100
|move|p1a: Garganacl|Curse|p1a: Garganacl
|-unboost|p1a: Garganacl|spe|1
|-boost|p1a: Garganacl|atk|1
|-boost|p1a: Garganacl|def|1
|
|-heal|p1a: Garganacl|95/100|[from] item: Leftovers
|upkeep
|turn|10
|
|t:|1781301140
|move|p2a: Skeledirge|Torch Song|p1a: Garganacl
|-damage|p1a: Garganacl|72/100
|-boost|p2a: Skeledirge|spa|1
|move|p1a: Garganacl|Salt Cure|p2a: Skeledirge
|-supereffective|p2a: Skeledirge
|-damage|p2a: Skeledirge|79/100
|
|-heal|p1a: Garganacl|78/100|[from] item: Leftovers
|upkeep
|turn|11
|
|t:|1781301155
|move|p2a: Skeledirge|Torch Song|p1a: Garganacl
|-damage|p1a: Garganacl|37/100
|-boost|p2a: Skeledirge|spa|1
|move|p1a: Garganacl|Earthquake|p2a: Skeledirge
|-supereffective|p2a: Skeledirge
|-damage|p2a: Skeledirge|41/100
|
|-heal|p1a: Garganacl|43/100|[from] item: Leftovers
|upkeep
|turn|12
|
|t:|1781301164
|switch|p1a: Moltres|Moltres|100/100
|-terastallize|p2a: Skeledirge|Fairy
|move|p2a: Skeledirge|Slack Off|p2a: Skeledirge
|-heal|p2a: Skeledirge|91/100
|
|upkeep
|turn|13
|
|t:|1781301167
|move|p1a: Moltres|Flamethrower|p2a: Skeledirge
|-damage|p2a: Skeledirge|58/100
|move|p2a: Skeledirge|Torch Song|p1a: Moltres
|-resisted|p1a: Moltres
|-damage|p1a: Moltres|65/100
|-boost|p2a: Skeledirge|spa|1
|
|upkeep
|turn|14
|
|t:|1781301173
|move|p1a: Moltres|Flamethrower|p2a: Skeledirge
|-crit|p2a: Skeledirge
|-damage|p2a: Skeledirge|4/100
|move|p2a: Skeledirge|Slack Off|p2a: Skeledirge
|-heal|p2a: Skeledirge|54/100
|
|upkeep
|turn|15
|
|t:|1781301176
|move|p1a: Moltres|Flamethrower|p2a: Skeledirge
|-damage|p2a: Skeledirge|18/100
|move|p2a: Skeledirge|Slack Off|p2a: Skeledirge
|-heal|p2a: Skeledirge|68/100
|
|upkeep
|turn|16
|
|t:|1781301177
|move|p1a: Moltres|Flamethrower|p2a: Skeledirge
|-damage|p2a: Skeledirge|33/100
|move|p2a: Skeledirge|Slack Off|p2a: Skeledirge
|-heal|p2a: Skeledirge|83/100
|
|upkeep
|turn|17
|
|t:|1781301180
|move|p1a: Moltres|Flamethrower|p2a: Skeledirge
|-damage|p2a: Skeledirge|49/100
|move|p2a: Skeledirge|Torch Song|p1a: Moltres
|-resisted|p1a: Moltres
|-damage|p1a: Moltres|16/100
|-boost|p2a: Skeledirge|spa|1
|
|upkeep
|turn|18
|
|t:|1781301192
|move|p1a: Moltres|Flamethrower|p2a: Skeledirge
|-damage|p2a: Skeledirge|11/100
|move|p2a: Skeledirge|Slack Off|p2a: Skeledirge
|-heal|p2a: Skeledirge|61/100
|
|upkeep
|turn|19
|
|t:|1781301196
|move|p1a: Moltres|Flamethrower|p2a: Skeledirge
|-damage|p2a: Skeledirge|24/100
|move|p2a: Skeledirge|Slack Off|p2a: Skeledirge
|-heal|p2a: Skeledirge|74/100
|
|upkeep
|turn|20
|
|t:|1781301197
|move|p1a: Moltres|Flamethrower|p2a: Skeledirge
|-damage|p2a: Skeledirge|36/100
|move|p2a: Skeledirge|Slack Off|p2a: Skeledirge
|-heal|p2a: Skeledirge|86/100
|
|upkeep
|turn|21
|
|t:|1781301199
|move|p1a: Moltres|Flamethrower|p2a: Skeledirge
|-damage|p2a: Skeledirge|52/100
|move|p2a: Skeledirge|Torch Song|p1a: Moltres
|-resisted|p1a: Moltres
|-damage|p1a: Moltres|0 fnt
|-boost|p2a: Skeledirge|spa|1
|faint|p1a: Moltres
|
|upkeep
|
|t:|1781301223
|switch|p1a: Zamazenta|Zamazenta|100/100
|-ability|p1a: Zamazenta|Dauntless Shield|boost
|-boost|p1a: Zamazenta|def|1
|turn|22
|inactive|omari p has 120 seconds left.
|
|t:|1781301271
|move|p1a: Zamazenta|Heavy Slam|p2a: Skeledirge
|-supereffective|p2a: Skeledirge
|-damage|p2a: Skeledirge|31/100
|move|p2a: Skeledirge|Torch Song|p1a: Zamazenta
|-damage|p1a: Zamazenta|0 fnt
|-boost|p2a: Skeledirge|spa|1
|faint|p1a: Zamazenta
|
|upkeep
|
|t:|1781301276
|switch|p1a: Iron Treads|Iron Treads|60/100
|-damage|p1a: Iron Treads|57/100|[from] Stealth Rock
|turn|23
|
|t:|1781301284
|move|p1a: Iron Treads|Earthquake|p2a: Skeledirge
|-damage|p2a: Skeledirge|0 fnt
|faint|p2a: Skeledirge
|
|-heal|p1a: Iron Treads|63/100|[from] item: Leftovers
|upkeep
|
|t:|1781301289
|switch|p2a: Gastrodon|Gastrodon, M|74/100
|turn|24
|inactive|A Welcome Guest has 120 seconds left.
|c|☆omari p|A Welcome Guest - that set is made specifically for garg btw
|
|t:|1781301342
|move|p1a: Iron Treads|Rapid Spin|p2a: Gastrodon
|-damage|p2a: Gastrodon|56/100
|-boost|p1a: Iron Treads|spe|1
|-sideend|p1: A Welcome Guest|Stealth Rock|[from] move: Rapid Spin|[of] p1a: Iron Treads
|move|p2a: Gastrodon|Earth Power|p1a: Iron Treads
|-supereffective|p1a: Iron Treads
|-damage|p1a: Iron Treads|0 fnt
|faint|p1a: Iron Treads
|-end|p1a: Iron Treads|Quark Drive|[silent]
|
|-heal|p2a: Gastrodon|62/100|[from] item: Leftovers
|upkeep
|
|t:|1781301345
|switch|p1a: Garganacl|Garganacl, F, tera:Fairy|43/100
|turn|25
|
|t:|1781301349
|move|p2a: Gastrodon|Earth Power|p1a: Garganacl
|-damage|p1a: Garganacl|22/100
|-unboost|p1a: Garganacl|spd|1
|move|p1a: Garganacl|Recover|p1a: Garganacl
|-heal|p1a: Garganacl|72/100
|
|-heal|p2a: Gastrodon|68/100|[from] item: Leftovers
|-heal|p1a: Garganacl|78/100|[from] item: Leftovers
|upkeep
|turn|26
|
|t:|1781301351
|move|p2a: Gastrodon|Earth Power|p1a: Garganacl
|-damage|p1a: Garganacl|50/100
|move|p1a: Garganacl|Salt Cure|p2a: Gastrodon
|-resisted|p2a: Gastrodon
|-damage|p2a: Gastrodon|61/100
|-start|p2a: Gastrodon|Salt Cure
|
|-heal|p2a: Gastrodon|67/100|[from] item: Leftovers
|-heal|p1a: Garganacl|56/100|[from] item: Leftovers
|-damage|p2a: Gastrodon|43/100|[from] Salt Cure
|upkeep
|turn|27
|
|t:|1781301354
|move|p2a: Gastrodon|Stealth Rock|p1a: Garganacl
|-sidestart|p1: A Welcome Guest|move: Stealth Rock
|move|p1a: Garganacl|Recover|p1a: Garganacl
|-heal|p1a: Garganacl|100/100
|
|-heal|p2a: Gastrodon|49/100|[from] item: Leftovers
|-damage|p2a: Gastrodon|24/100|[from] Salt Cure
|upkeep
|turn|28
|
|t:|1781301359
|move|p2a: Gastrodon|Recover|p2a: Gastrodon
|-heal|p2a: Gastrodon|74/100
|move|p1a: Garganacl|Curse|p1a: Garganacl
|-unboost|p1a: Garganacl|spe|1
|-boost|p1a: Garganacl|atk|1
|-boost|p1a: Garganacl|def|1
|
|-heal|p2a: Gastrodon|80/100|[from] item: Leftovers
|-damage|p2a: Gastrodon|55/100|[from] Salt Cure
|upkeep
|turn|29
|
|t:|1781301361
|switch|p2a: Latios|Latios, M|100/100
|move|p1a: Garganacl|Earthquake|p2a: Latios
|-immune|p2a: Latios|[from] ability: Levitate
|
|upkeep
|turn|30
|
|t:|1781301367
|switch|p1a: Weezing|Weezing-Galar, M|100/100
|-ability|p1a: Weezing|Neutralizing Gas
|move|p2a: Latios|Luster Purge|p1a: Weezing
|-supereffective|p1a: Weezing
|-damage|p1a: Weezing|0 fnt
|faint|p1a: Weezing
|-end|p1a: Weezing|ability: Neutralizing Gas
|
|upkeep
|
|t:|1781301370
|switch|p1a: Garganacl|Garganacl, F, tera:Fairy|100/100
|-damage|p1a: Garganacl|88/100|[from] Stealth Rock
|turn|31
|
|t:|1781301372
|move|p2a: Latios|Luster Purge|p1a: Garganacl
|-damage|p1a: Garganacl|57/100
|-unboost|p1a: Garganacl|spd|1
|move|p1a: Garganacl|Salt Cure|p2a: Latios
|-damage|p2a: Latios|83/100
|-start|p2a: Latios|Salt Cure
|
|-heal|p1a: Garganacl|63/100|[from] item: Leftovers
|-damage|p2a: Latios|70/100|[from] Salt Cure
|upkeep
|turn|32
|
|t:|1781301376
|switch|p2a: Gastrodon|Gastrodon, M|55/100
|move|p1a: Garganacl|Recover|p1a: Garganacl
|-heal|p1a: Garganacl|100/100
|
|-heal|p2a: Gastrodon|61/100|[from] item: Leftovers
|upkeep
|turn|33
|
|t:|1781301378
|move|p2a: Gastrodon|Earth Power|p1a: Garganacl
|-damage|p1a: Garganacl|69/100
|move|p1a: Garganacl|Salt Cure|p2a: Gastrodon
|-resisted|p2a: Gastrodon
|-damage|p2a: Gastrodon|53/100
|-start|p2a: Gastrodon|Salt Cure
|
|-heal|p2a: Gastrodon|59/100|[from] item: Leftovers
|-heal|p1a: Garganacl|75/100|[from] item: Leftovers
|-damage|p2a: Gastrodon|35/100|[from] Salt Cure
|upkeep
|turn|34
|
|t:|1781301381
|switch|p2a: Latios|Latios, M|70/100
|move|p1a: Garganacl|Curse|p1a: Garganacl
|-unboost|p1a: Garganacl|spe|1
|-boost|p1a: Garganacl|atk|1
|-boost|p1a: Garganacl|def|1
|
|-heal|p1a: Garganacl|81/100|[from] item: Leftovers
|upkeep
|turn|35
|
|t:|1781301385
|move|p2a: Latios|Luster Purge|p1a: Garganacl
|-damage|p1a: Garganacl|32/100
|move|p1a: Garganacl|Salt Cure|p2a: Latios
|-damage|p2a: Latios|40/100
|-start|p2a: Latios|Salt Cure
|
|-heal|p1a: Garganacl|38/100|[from] item: Leftovers
|-damage|p2a: Latios|28/100|[from] Salt Cure
|upkeep
|turn|36
|
|t:|1781301396
|move|p2a: Latios|Luster Purge|p1a: Garganacl
|-damage|p1a: Garganacl|0 fnt
|faint|p1a: Garganacl
|
|-damage|p2a: Latios|16/100|[from] Salt Cure
|upkeep
|
|t:|1781301397
|switch|p1a: Alomomola|Alomomola, M|60/100
|-damage|p1a: Alomomola|48/100|[from] Stealth Rock
|turn|37
|
|t:|1781301401
|switch|p2a: Gastrodon|Gastrodon, M|35/100
|move|p1a: Alomomola|Protect||[still]
|-fail|p1a: Alomomola
|
|-heal|p2a: Gastrodon|41/100|[from] item: Leftovers
|upkeep
|turn|38
|c|☆A Welcome Guest|gg
|
|t:|1781301406
|move|p1a: Alomomola|Wish|p1a: Alomomola
|move|p2a: Gastrodon|Earth Power|p1a: Alomomola
|-damage|p1a: Alomomola|21/100
|
|-heal|p2a: Gastrodon|47/100|[from] item: Leftovers
|upkeep
|turn|39
|c|☆A Welcome Guest|cool skeledirge set
|
|t:|1781301411
|move|p1a: Alomomola|Acrobatics|p2a: Gastrodon
|-damage|p2a: Gastrodon|26/100
|move|p2a: Gastrodon|Earth Power|p1a: Alomomola
|-damage|p1a: Alomomola|0 fnt
|faint|p1a: Alomomola
|
|win|omari p
|raw|A Welcome Guest's rating: 1591 &rarr; <strong>1570</strong><br />(-21 for losing)
|raw|omari p's rating: 1570 &rarr; <strong>1591</strong><br />(+21 for winning)
|c|☆omari p|ty ty
|c|☆omari p|gg
|l|☆A Welcome Guest
|player|p1|
|l|☆omari p
|player|p2|
