|j|☆zama stupid dog
|j|☆juli<33
|t:|1781287503
|gametype|singles
|player|p1|zama stupid dog|lucas-gen4pt|1599
|player|p2|juli<33|caitlin-masters|1627
|gen|9
|tier|[Gen 9] OU
|rated|
|rule|HP Percentage Mod: HP is shown in percentages
|rule|Endless Battle Clause: Forcing endless battles is banned
|rule|Species Clause: Limit one of each Pokémon
|rule|OHKO Clause: OHKO moves are banned
|rule|Evasion Items Clause: Evasion items are banned
|rule|Evasion Moves Clause: Evasion moves are banned
|rule|Evasion Abilities Clause: Evasion abilities are banned
|rule|Sleep Moves Clause: Sleep-inducing moves are banned
|clearpoke
|poke|p1|Glimmora, M|
|poke|p1|Gholdengo|
|poke|p1|Zamazenta-*|
|poke|p1|Garchomp, F|
|poke|p1|Great Tusk|
|poke|p1|Hatterene, F|
|poke|p2|Tinkaton, F|
|poke|p2|Ogerpon, F|
|poke|p2|Great Tusk|
|poke|p2|Pecharunt|
|poke|p2|Alomomola, M|
|poke|p2|Hydreigon, M|
|teampreview
|inactive|Battle timer is ON: inactive players will automatically lose when time's up. (requested by juli<33)
|
|t:|1781287515
|teamsize|p1|6
|teamsize|p2|6
|start
|switch|p1a: Glimmora|Glimmora, M|100/100
|switch|p2a: Smile.exe|Tinkaton, F, shiny|100/100
|-item|p2a: Smile.exe|Air Balloon
|turn|1
|
|t:|1781287524
|move|p2a: Smile.exe|Stealth Rock|p1a: Glimmora
|-sidestart|p1: zama stupid dog|move: Stealth Rock
|move|p1a: Glimmora|Power Gem|p2a: Smile.exe
|-resisted|p2a: Smile.exe
|-damage|p2a: Smile.exe|77/100
|-enditem|p2a: Smile.exe|Air Balloon
|
|upkeep
|turn|2
|
|t:|1781287528
|move|p2a: Smile.exe|Encore|p1a: Glimmora
|-start|p1a: Glimmora|Encore
|move|p1a: Glimmora|Power Gem|p2a: Smile.exe
|-resisted|p2a: Smile.exe
|-damage|p2a: Smile.exe|55/100
|
|upkeep
|turn|3
|j| alejandrobm
|
|t:|1781287534
|move|p2a: Smile.exe|Gigaton Hammer|p1a: Glimmora
|-supereffective|p1a: Glimmora
|-crit|p1a: Glimmora
|-enditem|p1a: Glimmora|Focus Sash
|-damage|p1a: Glimmora|1/100
|-activate|p1a: Glimmora|ability: Toxic Debris
|-sidestart|p2: juli<33|move: Toxic Spikes
|move|p1a: Glimmora|Power Gem|p2a: Smile.exe
|-resisted|p2a: Smile.exe
|-damage|p2a: Smile.exe|32/100
|
|upkeep
|turn|4
|
|t:|1781287538
|move|p2a: Smile.exe|Ice Hammer|p1a: Glimmora
|-damage|p1a: Glimmora|0 fnt
|-unboost|p2a: Smile.exe|spe|1
|-activate|p1a: Glimmora|ability: Toxic Debris
|-sidestart|p2: juli<33|move: Toxic Spikes
|faint|p1a: Glimmora
|
|upkeep
|
|t:|1781287541
|switch|p1a: Great Tusk|Great Tusk|100/100
|-damage|p1a: Great Tusk|98/100|[from] Stealth Rock
|-enditem|p1a: Great Tusk|Booster Energy
|-activate|p1a: Great Tusk|ability: Protosynthesis|[fromitem]
|-start|p1a: Great Tusk|protosynthesisatk
|turn|5
|
|t:|1781287548
|move|p1a: Great Tusk|Headlong Rush|p2a: Smile.exe
|-supereffective|p2a: Smile.exe
|-damage|p2a: Smile.exe|0 fnt
|-unboost|p1a: Great Tusk|def|1
|-unboost|p1a: Great Tusk|spd|1
|faint|p2a: Smile.exe
|
|upkeep
|
|t:|1781287550
|switch|p2a: Overseer|Pecharunt|100/100
|-sideend|p2: juli<33|move: Toxic Spikes|[of] p2a: Overseer
|turn|6
|l| alejandrobm
|
|t:|1781287555
|-terastallize|p2a: Overseer|Ghost
|move|p1a: Great Tusk|Headlong Rush|p2a: Overseer
|-damage|p2a: Overseer|63/100
|-unboost|p1a: Great Tusk|def|1
|-unboost|p1a: Great Tusk|spd|1
|-damage|p1a: Great Tusk|81/100|[from] item: Rocky Helmet|[of] p2a: Overseer
|move|p2a: Overseer|Shadow Ball|p1a: Great Tusk
|-damage|p1a: Great Tusk|0 fnt
|faint|p1a: Great Tusk
|-end|p1a: Great Tusk|Protosynthesis|[silent]
|
|upkeep
|
|t:|1781287561
|switch|p1a: Gholdengo|Gholdengo|100/100
|-damage|p1a: Gholdengo|94/100|[from] Stealth Rock
|-item|p1a: Gholdengo|Air Balloon
|turn|7
|
|t:|1781287569
|switch|p2a: Pisces|Alomomola, M, shiny|100/100
|move|p1a: Gholdengo|Nasty Plot|p1a: Gholdengo
|-boost|p1a: Gholdengo|spa|2
|
|upkeep
|turn|8
|
|t:|1781287571
|move|p1a: Gholdengo|Nasty Plot|p1a: Gholdengo
|-boost|p1a: Gholdengo|spa|2
|move|p2a: Pisces|Flip Turn|p1a: Gholdengo
|-damage|p1a: Gholdengo|83/100
|-enditem|p1a: Gholdengo|Air Balloon
|
|t:|1781287573
|switch|p2a: Hybrid|Hydreigon, M, shiny|100/100|[from] Flip Turn
|
|upkeep
|turn|9
|
|t:|1781287576
|-terastallize|p1a: Gholdengo|Fairy
|move|p2a: Hybrid|Dark Pulse|p1a: Gholdengo
|-resisted|p1a: Gholdengo
|-damage|p1a: Gholdengo|51/100
|move|p1a: Gholdengo|Make It Rain|p2a: Hybrid
|-damage|p2a: Hybrid|0 fnt
|-unboost|p1a: Gholdengo|spa|1
|faint|p2a: Hybrid
|
|upkeep
|
|t:|1781287583
|switch|p2a: Anonymous|Ogerpon, F|100/100
|turn|10
|
|t:|1781287589
|move|p2a: Anonymous|Ivy Cudgel|p1a: Gholdengo
|-damage|p1a: Gholdengo|3/100
|move|p1a: Gholdengo|Make It Rain|p2a: Anonymous
|-damage|p2a: Anonymous|0 fnt
|-unboost|p1a: Gholdengo|spa|1
|faint|p2a: Anonymous
|
|upkeep
|
|t:|1781287592
|switch|p2a: Behemoth|Great Tusk, shiny|100/100
|turn|11
|
|t:|1781287596
|move|p2a: Behemoth|Rapid Spin|p1a: Gholdengo
|-damage|p1a: Gholdengo|0 fnt
|-boost|p2a: Behemoth|spe|1
|faint|p1a: Gholdengo
|
|upkeep
|
|t:|1781287598
|switch|p1a: Hatterene|Hatterene, F|100/100
|-damage|p1a: Hatterene|88/100|[from] Stealth Rock
|turn|12
|
|t:|1781287603
|move|p2a: Behemoth|Headlong Rush|p1a: Hatterene
|-damage|p1a: Hatterene|17/100
|-unboost|p2a: Behemoth|def|1
|-unboost|p2a: Behemoth|spd|1
|move|p1a: Hatterene|Draining Kiss|p2a: Behemoth
|-supereffective|p2a: Behemoth
|-crit|p2a: Behemoth
|-damage|p2a: Behemoth|0 fnt
|-heal|p1a: Hatterene|100/100|[from] drain|[of] p2a: Behemoth
|faint|p2a: Behemoth
|-end|p2a: Behemoth|Protosynthesis|[silent]
|
|upkeep
|
|t:|1781287606
|switch|p2a: Overseer|Pecharunt, tera:Ghost|63/100
|turn|13
|
|t:|1781287611
|move|p2a: Overseer|Malignant Chain|p1a: Hatterene
|-supereffective|p1a: Hatterene
|-damage|p1a: Hatterene|57/100
|move|p1a: Hatterene|Nuzzle|p2a: Overseer
|-damage|p2a: Overseer|61/100
|-status|p2a: Overseer|par
|-damage|p1a: Hatterene|40/100|[from] item: Rocky Helmet|[of] p2a: Overseer
|
|upkeep
|turn|14
|
|t:|1781287616
|move|p1a: Hatterene|Draining Kiss|p2a: Overseer
|-damage|p2a: Overseer|35/100 par
|-heal|p1a: Hatterene|64/100|[from] drain|[of] p2a: Overseer
|-damage|p1a: Hatterene|47/100|[from] item: Rocky Helmet|[of] p2a: Overseer
|move|p2a: Overseer|Malignant Chain|p1a: Hatterene
|-supereffective|p1a: Hatterene
|-damage|p1a: Hatterene|7/100
|-status|p1a: Hatterene|tox
|-start|p1a: Hatterene|confusion|[from] ability: Poison Puppeteer|[of] p2a: Overseer
|
|-damage|p1a: Hatterene|1/100 tox|[from] psn
|upkeep
|turn|15
|
|t:|1781287618
|-activate|p1a: Hatterene|confusion
|move|p1a: Hatterene|Draining Kiss|p2a: Overseer
|-damage|p2a: Overseer|9/100 par
|-heal|p1a: Hatterene|24/100 tox|[from] drain|[of] p2a: Overseer
|-damage|p1a: Hatterene|8/100 tox|[from] item: Rocky Helmet|[of] p2a: Overseer
|cant|p2a: Overseer|par
|
|-damage|p1a: Hatterene|0 fnt|[from] psn
|faint|p1a: Hatterene
|upkeep
|
|t:|1781287621
|switch|p1a: Garchomp|Garchomp, F|100/100
|-damage|p1a: Garchomp|94/100|[from] Stealth Rock
|turn|16
|
|t:|1781287622
|move|p1a: Garchomp|Earthquake|p2a: Overseer
|-damage|p2a: Overseer|0 fnt
|faint|p2a: Overseer
|
|upkeep
|-message|juli<33 forfeited.
|
|win|zama stupid dog
|raw|zama stupid dog's rating: 1599 &rarr; <strong>1621</strong><br />(+22 for winning)
|raw|juli&lt;33's rating: 1627 &rarr; <strong>1605</strong><br />(-22 for losing)
|l|☆juli<33
|player|p2|
|l|☆zama stupid dog
|player|p1|
