|j|☆temporarylight
|j|☆Igoodnamename
|t:|1781132915
|gametype|singles
|player|p1|temporarylight|101|1708
|player|p2|Igoodnamename|winona|1744
|gen|9
|tier|[Gen 9] OU
|rated|
|rule|HP Percentage Mod: HP is shown in percentages
|rule|Endless Battle Clause: Forcing endless battles is banned
|rule|Species Clause: Limit one of each Pokémon
|rule|OHKO Clause: OHKO moves are banned
|rule|Evasion Items Clause: Evasion items are banned
|rule|Evasion Moves Clause: Evasion moves are banned
|rule|Evasion Abilities Clause: Evasion abilities are banned
|rule|Sleep Moves Clause: Sleep-inducing moves are banned
|clearpoke
|poke|p1|Raging Bolt|
|poke|p1|Ogerpon-Wellspring, F|
|poke|p1|Zamazenta-*|
|poke|p1|Cresselia, F|
|poke|p1|Glimmora, M|
|poke|p1|Kingambit, M|
|poke|p2|Gholdengo|
|poke|p2|Zamazenta-*|
|poke|p2|Moltres|
|poke|p2|Ting-Lu|
|poke|p2|Serperior, F|
|poke|p2|Kyurem|
|teampreview
|j| bsdfiohjdsqfoih
|
|t:|1781132943
|teamsize|p1|6
|teamsize|p2|6
|start
|switch|p1a: Zamazenta|Zamazenta|100/100
|switch|p2a: Kyurem|Kyurem|100/100
|-ability|p1a: Zamazenta|Dauntless Shield|boost
|-boost|p1a: Zamazenta|def|1
|-ability|p2a: Kyurem|Pressure
|turn|1
|inactive|Battle timer is ON: inactive players will automatically lose when time's up. (requested by temporarylight)
|
|t:|1781132950
|move|p1a: Zamazenta|Light Screen|p1a: Zamazenta
|-sidestart|p1: temporarylight|move: Light Screen
|move|p2a: Kyurem|Ice Beam|p1a: Zamazenta
|-damage|p1a: Zamazenta|82/100
|
|upkeep
|turn|2
|
|t:|1781132954
|switch|p2a: Moltres|Moltres|100/100
|move|p1a: Zamazenta|Reflect|p1a: Zamazenta
|-sidestart|p1: temporarylight|Reflect
|
|upkeep
|turn|3
|
|t:|1781132961
|switch|p1a: Glimmora|Glimmora, M|100/100
|move|p2a: Moltres|Roar|p1a: Glimmora
|drag|p1a: Zamazenta|Zamazenta|82/100
|
|upkeep
|turn|4
|
|t:|1781132969
|move|p1a: Zamazenta|Close Combat|p2a: Moltres
|-resisted|p2a: Moltres
|-damage|p2a: Moltres|84/100
|-unboost|p1a: Zamazenta|def|1
|-unboost|p1a: Zamazenta|spd|1
|move|p2a: Moltres|U-turn|p1a: Zamazenta
|-resisted|p1a: Zamazenta
|-damage|p1a: Zamazenta|79/100
|
|t:|1781132975
|switch|p2a: Serperior|Serperior, F|100/100|[from] U-turn
|
|upkeep
|turn|5
|
|t:|1781132984
|move|p2a: Serperior|Knock Off|p1a: Zamazenta
|-resisted|p1a: Zamazenta
|-damage|p1a: Zamazenta|75/100
|-enditem|p1a: Zamazenta|Light Clay|[from] move: Knock Off|[of] p2a: Serperior
|move|p1a: Zamazenta|Close Combat|p2a: Serperior
|-damage|p2a: Serperior|42/100
|-unboost|p1a: Zamazenta|def|1
|-unboost|p1a: Zamazenta|spd|1
|
|upkeep
|turn|6
|
|t:|1781132992
|switch|p2a: Moltres|Moltres|84/100
|switch|p1a: Glimmora|Glimmora, M|100/100
|
|upkeep
|turn|7
|
|t:|1781132996
|switch|p2a: Ting-Lu|Ting-Lu|100/100
|-ability|p2a: Ting-Lu|Vessel of Ruin
|move|p1a: Glimmora|Stealth Rock|p2a: Ting-Lu
|-sidestart|p2: Igoodnamename|move: Stealth Rock
|
|upkeep
|turn|8
|
|t:|1781133010
|move|p1a: Glimmora|Spikes|p2a: Ting-Lu
|-sidestart|p2: Igoodnamename|Spikes
|move|p2a: Ting-Lu|Stealth Rock|p1a: Glimmora
|-sidestart|p1: temporarylight|move: Stealth Rock
|
|-sideend|p1: temporarylight|move: Light Screen
|upkeep
|turn|9
|
|t:|1781133018
|move|p1a: Glimmora|Spikes|p2a: Ting-Lu
|-sidestart|p2: Igoodnamename|Spikes
|move|p2a: Ting-Lu|Ruination|p1a: Glimmora
|-damage|p1a: Glimmora|50/100
|-enditem|p1a: Glimmora|Red Card|[of] p2a: Ting-Lu
|drag|p2a: Moltres|Moltres|84/100
|
|-sideend|p1: temporarylight|Reflect
|upkeep
|turn|10
|j| missbeckett
|
|t:|1781133037
|switch|p2a: Ting-Lu|Ting-Lu|100/100
|-damage|p2a: Ting-Lu|94/100|[from] Stealth Rock
|-damage|p2a: Ting-Lu|78/100|[from] Spikes
|-ability|p2a: Ting-Lu|Vessel of Ruin
|move|p1a: Glimmora|Spikes|p2a: Ting-Lu
|-sidestart|p2: Igoodnamename|Spikes
|
|-heal|p2a: Ting-Lu|84/100|[from] item: Leftovers
|upkeep
|turn|11
|j| opthebestkkj
|
|t:|1781133040
|switch|p1a: Ogerpon|Ogerpon-Wellspring, F|100/100
|-damage|p1a: Ogerpon|88/100|[from] Stealth Rock
|move|p2a: Ting-Lu|Earthquake|p1a: Ogerpon
|-resisted|p1a: Ogerpon
|-damage|p1a: Ogerpon|64/100
|
|-heal|p2a: Ting-Lu|90/100|[from] item: Leftovers
|upkeep
|turn|12
|
|t:|1781133046
|switch|p2a: Kyurem|Kyurem|100/100
|-ability|p2a: Kyurem|Pressure
|move|p1a: Ogerpon|Power Whip|p2a: Kyurem
|-resisted|p2a: Kyurem
|-damage|p2a: Kyurem|62/100
|
|upkeep
|turn|13
|
|t:|1781133059
|switch|p1a: Glimmora|Glimmora, M|50/100
|-damage|p1a: Glimmora|38/100|[from] Stealth Rock
|move|p2a: Kyurem|Freeze-Dry|p1a: Glimmora
|-damage|p1a: Glimmora|9/100
|
|upkeep
|turn|14
|
|t:|1781133062
|move|p2a: Kyurem|Earth Power|p1a: Glimmora
|-supereffective|p1a: Glimmora
|-crit|p1a: Glimmora
|-damage|p1a: Glimmora|0 fnt
|faint|p1a: Glimmora
|
|upkeep
|l| opthebestkkj
|
|t:|1781133078
|switch|p1a: Zamazenta|Zamazenta|75/100
|-damage|p1a: Zamazenta|69/100|[from] Stealth Rock
|turn|15
|
|t:|1781133083
|switch|p2a: Moltres|Moltres|84/100
|move|p1a: Zamazenta|Light Screen|p1a: Zamazenta
|-sidestart|p1: temporarylight|move: Light Screen
|
|upkeep
|turn|16
|
|t:|1781133087
|move|p1a: Zamazenta|Reflect|p1a: Zamazenta
|-sidestart|p1: temporarylight|Reflect
|move|p2a: Moltres|Roost|p2a: Moltres
|-heal|p2a: Moltres|100/100
|-singleturn|p2a: Moltres|move: Roost
|
|upkeep
|turn|17
|
|t:|1781133091
|move|p1a: Zamazenta|Close Combat|p2a: Moltres
|-resisted|p2a: Moltres
|-damage|p2a: Moltres|84/100
|-unboost|p1a: Zamazenta|def|1
|-unboost|p1a: Zamazenta|spd|1
|move|p2a: Moltres|Roar|p1a: Zamazenta
|drag|p1a: Cresselia|Cresselia, F|100/100
|-damage|p1a: Cresselia|88/100|[from] Stealth Rock
|
|-heal|p1a: Cresselia|94/100|[from] item: Leftovers
|upkeep
|turn|18
|
|t:|1781133097
|move|p1a: Cresselia|Calm Mind|p1a: Cresselia
|-boost|p1a: Cresselia|spa|1
|-boost|p1a: Cresselia|spd|1
|move|p2a: Moltres|Roar|p1a: Cresselia
|drag|p1a: Kingambit|Kingambit, M|100/100
|-damage|p1a: Kingambit|94/100|[from] Stealth Rock
|-activate|p1a: Kingambit|ability: Supreme Overlord
|-start|p1a: Kingambit|fallen1|[silent]
|
|-heal|p1a: Kingambit|100/100|[from] item: Leftovers
|upkeep
|turn|19
|
|t:|1781133106
|move|p2a: Moltres|Flamethrower|p1a: Kingambit
|-supereffective|p1a: Kingambit
|-damage|p1a: Kingambit|56/100
|move|p1a: Kingambit|Swords Dance|p1a: Kingambit
|-boost|p1a: Kingambit|atk|2
|
|-heal|p1a: Kingambit|62/100|[from] item: Leftovers
|-sideend|p1: temporarylight|move: Light Screen
|upkeep
|turn|20
|
|t:|1781133116
|move|p1a: Kingambit|Sucker Punch||[still]
|-fail|p1a: Kingambit
|move|p2a: Moltres|Roar|p1a: Kingambit
|-end|p1a: Kingambit|fallen1|[silent]
|drag|p1a: Raging Bolt|Raging Bolt|100/100
|-damage|p1a: Raging Bolt|88/100|[from] Stealth Rock
|-enditem|p1a: Raging Bolt|Booster Energy
|-activate|p1a: Raging Bolt|ability: Protosynthesis|[fromitem]
|-start|p1a: Raging Bolt|protosynthesisspa
|
|-sideend|p1: temporarylight|Reflect
|upkeep
|turn|21
|
|t:|1781133122
|switch|p2a: Ting-Lu|Ting-Lu|90/100
|-damage|p2a: Ting-Lu|84/100|[from] Stealth Rock
|-damage|p2a: Ting-Lu|59/100|[from] Spikes
|-ability|p2a: Ting-Lu|Vessel of Ruin
|move|p1a: Raging Bolt|Dragon Pulse|p2a: Ting-Lu
|-damage|p2a: Ting-Lu|33/100
|
|-heal|p2a: Ting-Lu|39/100|[from] item: Leftovers
|upkeep
|turn|22
|
|t:|1781133139
|-end|p1a: Raging Bolt|Protosynthesis|[silent]
|switch|p1a: Cresselia|Cresselia, F|94/100
|-damage|p1a: Cresselia|82/100|[from] Stealth Rock
|move|p2a: Ting-Lu|Earthquake|p1a: Cresselia
|-immune|p1a: Cresselia|[from] ability: Levitate
|
|-heal|p1a: Cresselia|88/100|[from] item: Leftovers
|-heal|p2a: Ting-Lu|45/100|[from] item: Leftovers
|upkeep
|turn|23
|
|t:|1781133143
|move|p1a: Cresselia|Calm Mind|p1a: Cresselia
|-boost|p1a: Cresselia|spa|1
|-boost|p1a: Cresselia|spd|1
|move|p2a: Ting-Lu|Ruination|p1a: Cresselia
|-damage|p1a: Cresselia|44/100
|
|-heal|p1a: Cresselia|50/100|[from] item: Leftovers
|-heal|p2a: Ting-Lu|51/100|[from] item: Leftovers
|upkeep
|turn|24
|
|t:|1781133148
|move|p1a: Cresselia|Calm Mind|p1a: Cresselia
|-boost|p1a: Cresselia|spa|1
|-boost|p1a: Cresselia|spd|1
|move|p2a: Ting-Lu|Whirlwind|p1a: Cresselia
|drag|p1a: Raging Bolt|Raging Bolt|88/100
|-damage|p1a: Raging Bolt|76/100|[from] Stealth Rock
|
|-heal|p2a: Ting-Lu|58/100|[from] item: Leftovers
|upkeep
|turn|25
|j| that'sahazard
|
|t:|1781133151
|move|p1a: Raging Bolt|Dragon Pulse|p2a: Ting-Lu
|-damage|p2a: Ting-Lu|36/100
|move|p2a: Ting-Lu|Earthquake|p1a: Raging Bolt
|-supereffective|p1a: Raging Bolt
|-damage|p1a: Raging Bolt|5/100
|
|-heal|p2a: Ting-Lu|43/100|[from] item: Leftovers
|upkeep
|turn|26
|
|t:|1781133153
|move|p1a: Raging Bolt|Dragon Pulse|p2a: Ting-Lu
|-crit|p2a: Ting-Lu
|-damage|p2a: Ting-Lu|9/100
|move|p2a: Ting-Lu|Earthquake|p1a: Raging Bolt
|-supereffective|p1a: Raging Bolt
|-damage|p1a: Raging Bolt|0 fnt
|faint|p1a: Raging Bolt
|-end|p1a: Raging Bolt|Protosynthesis|[silent]
|
|-heal|p2a: Ting-Lu|15/100|[from] item: Leftovers
|upkeep
|
|t:|1781133158
|switch|p1a: Ogerpon|Ogerpon-Wellspring, F|64/100
|-damage|p1a: Ogerpon|51/100|[from] Stealth Rock
|turn|27
|
|t:|1781133160
|move|p1a: Ogerpon|Ivy Cudgel|p2a: Ting-Lu|[anim] Ivy Cudgel Water
|-supereffective|p2a: Ting-Lu
|-damage|p2a: Ting-Lu|0 fnt
|faint|p2a: Ting-Lu
|
|upkeep
|
|t:|1781133166
|switch|p2a: Serperior|Serperior, F|42/100
|-damage|p2a: Serperior|30/100|[from] Stealth Rock
|-damage|p2a: Serperior|5/100|[from] Spikes
|turn|28
|
|t:|1781133185
|move|p2a: Serperior|Leaf Storm|p1a: Ogerpon
|-damage|p1a: Ogerpon|0 fnt
|-boost|p2a: Serperior|spa|2
|faint|p1a: Ogerpon
|
|upkeep
|
|t:|1781133187
|switch|p1a: Kingambit|Kingambit, M|62/100
|-damage|p1a: Kingambit|56/100|[from] Stealth Rock
|-activate|p1a: Kingambit|ability: Supreme Overlord
|-start|p1a: Kingambit|fallen3|[silent]
|turn|29
|
|t:|1781133190
|move|p1a: Kingambit|Sucker Punch|p2a: Serperior
|-damage|p2a: Serperior|0 fnt
|faint|p2a: Serperior
|
|-heal|p1a: Kingambit|62/100|[from] item: Leftovers
|upkeep
|
|t:|1781133196
|switch|p2a: Moltres|Moltres|84/100
|turn|30
|j| kirbyphoenix25
|
|t:|1781133200
|-end|p1a: Kingambit|fallen3|[silent]
|switch|p1a: Zamazenta|Zamazenta|69/100
|-damage|p1a: Zamazenta|63/100|[from] Stealth Rock
|move|p2a: Moltres|Flamethrower|p1a: Zamazenta
|-damage|p1a: Zamazenta|29/100
|
|upkeep
|turn|31
|
|t:|1781133203
|move|p1a: Zamazenta|Light Screen|p1a: Zamazenta
|-sidestart|p1: temporarylight|move: Light Screen
|move|p2a: Moltres|Flamethrower|p1a: Zamazenta
|-damage|p1a: Zamazenta|11/100
|
|upkeep
|turn|32
|
|t:|1781133209
|switch|p1a: Cresselia|Cresselia, F|50/100
|-damage|p1a: Cresselia|38/100|[from] Stealth Rock
|move|p2a: Moltres|Flamethrower|p1a: Cresselia
|-damage|p1a: Cresselia|25/100
|
|-heal|p1a: Cresselia|32/100|[from] item: Leftovers
|upkeep
|turn|33
|
|t:|1781133221
|move|p2a: Moltres|U-turn|p1a: Cresselia
|-supereffective|p1a: Cresselia
|-damage|p1a: Cresselia|11/100
|
|t:|1781133224
|switch|p2a: Gholdengo|Gholdengo|100/100|[from] U-turn
|-damage|p2a: Gholdengo|94/100|[from] Stealth Rock
|-damage|p2a: Gholdengo|70/100|[from] Spikes
|move|p1a: Cresselia|Lunar Blessing|p1a: Cresselia
|-heal|p1a: Cresselia|36/100
|
|-heal|p1a: Cresselia|42/100|[from] item: Leftovers
|upkeep
|turn|34
|
|t:|1781133230
|switch|p1a: Zamazenta|Zamazenta|11/100
|-damage|p1a: Zamazenta|5/100|[from] Stealth Rock
|move|p2a: Gholdengo|Nasty Plot|p2a: Gholdengo
|-boost|p2a: Gholdengo|spa|2
|
|upkeep
|turn|35
|
|t:|1781133236
|move|p1a: Zamazenta|Heavy Slam|p2a: Gholdengo
|-resisted|p2a: Gholdengo
|-damage|p2a: Gholdengo|51/100
|move|p2a: Gholdengo|Shadow Ball|p1a: Zamazenta
|-damage|p1a: Zamazenta|0 fnt
|faint|p1a: Zamazenta
|
|-sideend|p1: temporarylight|move: Light Screen
|upkeep
|
|t:|1781133239
|switch|p1a: Kingambit|Kingambit, M|62/100
|-damage|p1a: Kingambit|56/100|[from] Stealth Rock
|-activate|p1a: Kingambit|ability: Supreme Overlord
|-start|p1a: Kingambit|fallen4|[silent]
|turn|36
|
|t:|1781133245
|switch|p2a: Moltres|Moltres|84/100
|move|p1a: Kingambit|Sucker Punch||[still]
|-fail|p1a: Kingambit
|
|-heal|p1a: Kingambit|62/100|[from] item: Leftovers
|upkeep
|turn|37
|
|t:|1781133262
|-terastallize|p1a: Kingambit|Ghost
|move|p2a: Moltres|Flamethrower|p1a: Kingambit
|-damage|p1a: Kingambit|16/100
|move|p1a: Kingambit|Swords Dance|p1a: Kingambit
|-boost|p1a: Kingambit|atk|2
|
|-heal|p1a: Kingambit|22/100|[from] item: Leftovers
|upkeep
|turn|38
|
|t:|1781133267
|move|p2a: Moltres|Flamethrower|p1a: Kingambit
|-damage|p1a: Kingambit|0 fnt
|faint|p1a: Kingambit
|-end|p1a: Kingambit|fallen4|[silent]
|
|upkeep
|
|t:|1781133269
|switch|p1a: Cresselia|Cresselia, F|42/100
|-damage|p1a: Cresselia|30/100|[from] Stealth Rock
|turn|39
|l| kirbyphoenix25
|
|t:|1781133272
|move|p2a: Moltres|U-turn|p1a: Cresselia
|-supereffective|p1a: Cresselia
|-damage|p1a: Cresselia|10/100
|
|t:|1781133274
|switch|p2a: Gholdengo|Gholdengo|51/100|[from] U-turn
|-damage|p2a: Gholdengo|45/100|[from] Stealth Rock
|-damage|p2a: Gholdengo|20/100|[from] Spikes
|move|p1a: Cresselia|Calm Mind|p1a: Cresselia
|-boost|p1a: Cresselia|spa|1
|-boost|p1a: Cresselia|spd|1
|
|-heal|p1a: Cresselia|16/100|[from] item: Leftovers
|upkeep
|turn|40
|-message|temporarylight forfeited.
|
|win|Igoodnamename
|raw|temporarylight's rating: 1708 &rarr; <strong>1690</strong><br />(-18 for losing)
|raw|Igoodnamename's rating: 1744 &rarr; <strong>1762</strong><br />(+18 for winning)
|l|☆temporarylight
|player|p1|
|l|☆Igoodnamename
|player|p2|
|l| that'sahazard
|l| bsdfiohjdsqfoih
|l| missbeckett
