|j|☆maddie_from_arcane
|j|☆U_Quokka
|t:|1781579135
|gametype|singles
|player|p1|maddie_from_arcane|battlegirl-gen4|1527
|player|p2|U_Quokka|iono|1607
|gen|9
|tier|[Gen 9] OU
|rated|
|rule|HP Percentage Mod: HP is shown in percentages
|rule|Endless Battle Clause: Forcing endless battles is banned
|rule|Species Clause: Limit one of each Pokémon
|rule|OHKO Clause: OHKO moves are banned
|rule|Evasion Items Clause: Evasion items are banned
|rule|Evasion Moves Clause: Evasion moves are banned
|rule|Evasion Abilities Clause: Evasion abilities are banned
|rule|Sleep Moves Clause: Sleep-inducing moves are banned
|clearpoke
|poke|p1|Crawdaunt, M|
|poke|p1|Gliscor, F|
|poke|p1|Garganacl, F|
|poke|p1|Slither Wing|
|poke|p1|Darkrai|
|poke|p1|Iron Valiant|
|poke|p2|Heracross, M|
|poke|p2|Alomomola, M|
|poke|p2|Slowking-Galar, M|
|poke|p2|Kingambit, F|
|poke|p2|Gliscor, M|
|poke|p2|Iron Treads|
|teampreview
|inactive|Battle timer is ON: inactive players will automatically lose when time's up. (requested by maddie_from_arcane)
|
|t:|1781579159
|teamsize|p1|6
|teamsize|p2|6
|start
|switch|p1a: PICKUPDAPHONE|Crawdaunt, M|100/100
|switch|p2a: Gliscor|Gliscor, M|100/100
|turn|1
|
|t:|1781579173
|move|p2a: Gliscor|Protect|p2a: Gliscor
|-singleturn|p2a: Gliscor|Protect
|move|p1a: PICKUPDAPHONE|Knock Off|p2a: Gliscor
|-activate|p2a: Gliscor|move: Protect
|
|-status|p2a: Gliscor|tox|[from] item: Toxic Orb
|upkeep
|turn|2
|
|t:|1781579180
|-terastallize|p2a: Gliscor|Water
|move|p2a: Gliscor|Knock Off|p1a: PICKUPDAPHONE
|-resisted|p1a: PICKUPDAPHONE
|-damage|p1a: PICKUPDAPHONE|86/100
|-enditem|p1a: PICKUPDAPHONE|Choice Band|[from] move: Knock Off|[of] p2a: Gliscor
|move|p1a: PICKUPDAPHONE|Knock Off|p2a: Gliscor
|-damage|p2a: Gliscor|43/100 tox
|-enditem|p2a: Gliscor|Toxic Orb|[from] move: Knock Off|[of] p1a: PICKUPDAPHONE
|
|-heal|p2a: Gliscor|56/100 tox|[from] ability: Poison Heal
|upkeep
|turn|3
|
|t:|1781579197
|move|p2a: Gliscor|Earthquake|p1a: PICKUPDAPHONE
|-damage|p1a: PICKUPDAPHONE|33/100
|move|p1a: PICKUPDAPHONE|Knock Off|p2a: Gliscor
|-damage|p2a: Gliscor|18/100 tox
|
|-heal|p2a: Gliscor|30/100 tox|[from] ability: Poison Heal
|upkeep
|turn|4
|
|t:|1781579206
|switch|p1a: knocked by james|Gliscor, F|100/100
|move|p2a: Gliscor|Earthquake|p1a: knocked by james
|-immune|p1a: knocked by james
|
|-heal|p2a: Gliscor|43/100 tox|[from] ability: Poison Heal
|-status|p1a: knocked by james|tox|[from] item: Toxic Orb
|upkeep
|turn|5
|
|t:|1781579213
|move|p2a: Gliscor|Spikes|p1a: knocked by james
|-sidestart|p1: maddie_from_arcane|Spikes
|move|p1a: knocked by james|Stealth Rock|p2a: Gliscor
|-sidestart|p2: U_Quokka|move: Stealth Rock
|
|-heal|p2a: Gliscor|55/100 tox|[from] ability: Poison Heal
|upkeep
|turn|6
|
|t:|1781579218
|move|p2a: Gliscor|Spikes|p1a: knocked by james
|-sidestart|p1: maddie_from_arcane|Spikes
|move|p1a: knocked by james|U-turn|p2a: Gliscor
|-damage|p2a: Gliscor|43/100 tox
|
|t:|1781579239
|switch|p1a: setup sleeper|Garganacl, F|100/100|[from] U-turn
|-damage|p1a: setup sleeper|84/100|[from] Spikes
|
|-heal|p1a: setup sleeper|90/100|[from] item: Leftovers
|-heal|p2a: Gliscor|56/100 tox|[from] ability: Poison Heal
|upkeep
|turn|7
|
|t:|1781579267
|move|p2a: Gliscor|Protect|p2a: Gliscor
|-singleturn|p2a: Gliscor|Protect
|move|p1a: setup sleeper|Salt Cure|p2a: Gliscor
|-activate|p2a: Gliscor|move: Protect
|
|-heal|p1a: setup sleeper|96/100|[from] item: Leftovers
|-heal|p2a: Gliscor|68/100 tox|[from] ability: Poison Heal
|upkeep
|turn|8
|
|t:|1781579275
|move|p2a: Gliscor|Earthquake|p1a: setup sleeper
|-supereffective|p1a: setup sleeper
|-damage|p1a: setup sleeper|51/100
|move|p1a: setup sleeper|Salt Cure|p2a: Gliscor
|-damage|p2a: Gliscor|58/100 tox
|-start|p2a: Gliscor|Salt Cure
|
|-heal|p1a: setup sleeper|57/100|[from] item: Leftovers
|-heal|p2a: Gliscor|70/100 tox|[from] ability: Poison Heal
|-damage|p2a: Gliscor|45/100 tox|[from] Salt Cure
|upkeep
|turn|9
|
|t:|1781579282
|switch|p2a: Heracross|Heracross, M|100/100
|-damage|p2a: Heracross|88/100|[from] Stealth Rock
|move|p1a: setup sleeper|Recover|p1a: setup sleeper
|-heal|p1a: setup sleeper|100/100
|
|-status|p2a: Heracross|brn|[from] item: Flame Orb
|upkeep
|turn|10
|
|t:|1781579291
|switch|p1a: forever a png|Iron Valiant|100/100
|move|p2a: Heracross|Knock Off|p1a: forever a png
|-resisted|p1a: forever a png
|-damage|p1a: forever a png|85/100
|-enditem|p1a: forever a png|Heavy-Duty Boots|[from] move: Knock Off|[of] p2a: Heracross
|
|-damage|p2a: Heracross|82/100 brn|[from] brn
|upkeep
|turn|11
|
|t:|1781579303
|switch|p2a: Slowking|Slowking-Galar, M|100/100
|move|p1a: forever a png|Knock Off|p2a: Slowking
|-supereffective|p2a: Slowking
|-damage|p2a: Slowking|27/100
|-enditem|p2a: Slowking|Heavy-Duty Boots|[from] move: Knock Off|[of] p1a: forever a png
|
|upkeep
|turn|12
|
|t:|1781579316
|switch|p2a: Alomomola|Alomomola, M|100/100
|move|p1a: forever a png|Knock Off|p2a: Alomomola
|-damage|p2a: Alomomola|83/100
|-enditem|p2a: Alomomola|Heavy-Duty Boots|[from] move: Knock Off|[of] p1a: forever a png
|
|upkeep
|turn|13
|
|t:|1781579333
|move|p1a: forever a png|Close Combat|p2a: Alomomola
|-damage|p2a: Alomomola|47/100
|-unboost|p1a: forever a png|def|1
|-unboost|p1a: forever a png|spd|1
|move|p2a: Alomomola|Flip Turn|p1a: forever a png
|-damage|p1a: forever a png|56/100
|
|t:|1781579339
|switch|p2a: Gliscor|Gliscor, M, tera:Water|45/100 tox|[from] Flip Turn
|-damage|p2a: Gliscor|33/100 tox|[from] Stealth Rock
|
|-heal|p2a: Gliscor|45/100 tox|[from] ability: Poison Heal
|upkeep
|turn|14
|
|t:|1781579347
|move|p2a: Gliscor|Protect|p2a: Gliscor
|-singleturn|p2a: Gliscor|Protect
|move|p1a: forever a png|Close Combat|p2a: Gliscor
|-activate|p2a: Gliscor|move: Protect
|
|-heal|p2a: Gliscor|58/100 tox|[from] ability: Poison Heal
|upkeep
|turn|15
|
|t:|1781579351
|switch|p2a: Alomomola|Alomomola, M|81/100
|-damage|p2a: Alomomola|68/100|[from] Stealth Rock
|move|p1a: forever a png|Encore||[still]
|-fail|p1a: forever a png
|
|upkeep
|turn|16
|inactive|maddie_from_arcane has 120 seconds left.
|
|t:|1781579384
|-end|p1a: forever a png|Quark Drive|[silent]
|switch|p1a: moth mami|Slither Wing|100/100
|move|p2a: Alomomola|Wish|p2a: Alomomola
|
|upkeep
|turn|17
|inactive|maddie_from_arcane has 120 seconds left.
|
|t:|1781579395
|move|p1a: moth mami|First Impression|p2a: Alomomola
|-damage|p2a: Alomomola|47/100
|move|p2a: Alomomola|Flip Turn|p1a: moth mami
|-crit|p1a: moth mami
|-damage|p1a: moth mami|81/100
|
|t:|1781579408
|switch|p2a: Gliscor|Gliscor, M, tera:Water|58/100 tox|[from] Flip Turn
|-damage|p2a: Gliscor|45/100 tox|[from] Stealth Rock
|
|-heal|p2a: Gliscor|100/100 tox|[from] move: Wish|[wisher] Alomomola
|upkeep
|turn|18
|
|t:|1781579418
|-end|p1a: moth mami|Protosynthesis|[silent]
|switch|p1a: knocked by james|Gliscor, F|100/100 tox
|move|p2a: Gliscor|Spikes|p1a: knocked by james
|-sidestart|p1: maddie_from_arcane|Spikes
|
|upkeep
|turn|19
|
|t:|1781579424
|move|p2a: Gliscor|Knock Off|p1a: knocked by james
|-damage|p1a: knocked by james|83/100 tox
|-enditem|p1a: knocked by james|Toxic Orb|[from] move: Knock Off|[of] p2a: Gliscor
|move|p1a: knocked by james|Earthquake|p2a: Gliscor
|-damage|p2a: Gliscor|74/100 tox
|
|-heal|p2a: Gliscor|87/100 tox|[from] ability: Poison Heal
|-heal|p1a: knocked by james|96/100 tox|[from] ability: Poison Heal
|upkeep
|turn|20
|
|t:|1781579433
|switch|p2a: Alomomola|Alomomola, M|80/100
|-damage|p2a: Alomomola|68/100|[from] Stealth Rock
|move|p1a: knocked by james|Protect||[still]
|-fail|p1a: knocked by james
|
|-heal|p1a: knocked by james|100/100 tox|[from] ability: Poison Heal
|upkeep
|turn|21
|
|t:|1781579441
|move|p1a: knocked by james|U-turn|p2a: Alomomola
|-damage|p2a: Alomomola|60/100
|
|t:|1781579443
|switch|p1a: forever a png|Iron Valiant|56/100|[from] U-turn
|-damage|p1a: forever a png|31/100|[from] Spikes
|move|p2a: Alomomola|Wish|p2a: Alomomola
|
|upkeep
|turn|22
|
|t:|1781579447
|move|p2a: Alomomola|Protect|p2a: Alomomola
|-singleturn|p2a: Alomomola|Protect
|move|p1a: forever a png|Encore|p2a: Alomomola
|-activate|p2a: Alomomola|move: Protect
|
|-heal|p2a: Alomomola|100/100|[from] move: Wish|[wisher] Alomomola
|upkeep
|turn|23
|
|t:|1781579454
|switch|p2a: Gliscor|Gliscor, M, tera:Water|87/100 tox
|-damage|p2a: Gliscor|74/100 tox|[from] Stealth Rock
|move|p1a: forever a png|Moonblast|p2a: Gliscor
|-damage|p2a: Gliscor|44/100 tox
|-unboost|p2a: Gliscor|spa|1
|
|-heal|p2a: Gliscor|57/100 tox|[from] ability: Poison Heal
|upkeep
|turn|24
|inactive|maddie_from_arcane has 120 seconds left.
|inactive|maddie_from_arcane has 90 seconds left.
|
|t:|1781579517
|-end|p1a: forever a png|Quark Drive|[silent]
|switch|p1a: setup sleeper|Garganacl, F|100/100
|-damage|p1a: setup sleeper|75/100|[from] Spikes
|move|p2a: Gliscor|Earthquake|p1a: setup sleeper
|-supereffective|p1a: setup sleeper
|-damage|p1a: setup sleeper|34/100
|
|-heal|p1a: setup sleeper|40/100|[from] item: Leftovers
|-heal|p2a: Gliscor|69/100 tox|[from] ability: Poison Heal
|upkeep
|turn|25
|
|t:|1781579523
|-terastallize|p1a: setup sleeper|Water
|move|p2a: Gliscor|Earthquake|p1a: setup sleeper
|-damage|p1a: setup sleeper|20/100
|move|p1a: setup sleeper|Recover|p1a: setup sleeper
|-heal|p1a: setup sleeper|70/100
|
|-heal|p1a: setup sleeper|76/100|[from] item: Leftovers
|-heal|p2a: Gliscor|82/100 tox|[from] ability: Poison Heal
|upkeep
|turn|26
|
|t:|1781579532
|move|p2a: Gliscor|Knock Off|p1a: setup sleeper
|-damage|p1a: setup sleeper|63/100
|-enditem|p1a: setup sleeper|Leftovers|[from] move: Knock Off|[of] p2a: Gliscor
|move|p1a: setup sleeper|Curse|p1a: setup sleeper
|-unboost|p1a: setup sleeper|spe|1
|-boost|p1a: setup sleeper|atk|1
|-boost|p1a: setup sleeper|def|1
|
|-heal|p2a: Gliscor|94/100 tox|[from] ability: Poison Heal
|upkeep
|turn|27
|
|t:|1781579537
|switch|p2a: Heracross|Heracross, M|82/100 brn
|-damage|p2a: Heracross|69/100 brn|[from] Stealth Rock
|move|p1a: setup sleeper|Salt Cure|p2a: Heracross
|-damage|p2a: Heracross|42/100 brn
|-start|p2a: Heracross|Salt Cure
|
|-damage|p2a: Heracross|36/100 brn|[from] brn
|-damage|p2a: Heracross|23/100 brn|[from] Salt Cure
|upkeep
|turn|28
|inactive|maddie_from_arcane has 120 seconds left.
|
|t:|1781579548
|move|p2a: Heracross|Close Combat|p1a: setup sleeper
|-damage|p1a: setup sleeper|17/100
|-unboost|p2a: Heracross|def|1
|-unboost|p2a: Heracross|spd|1
|move|p1a: setup sleeper|Recover|p1a: setup sleeper
|-heal|p1a: setup sleeper|67/100
|
|-damage|p2a: Heracross|17/100 brn|[from] brn
|-damage|p2a: Heracross|5/100 brn|[from] Salt Cure
|upkeep
|turn|29
|
|t:|1781579554
|move|p2a: Heracross|Close Combat|p1a: setup sleeper
|-damage|p1a: setup sleeper|22/100
|-unboost|p2a: Heracross|def|1
|-unboost|p2a: Heracross|spd|1
|move|p1a: setup sleeper|Recover|p1a: setup sleeper
|-heal|p1a: setup sleeper|72/100
|
|-damage|p2a: Heracross|0 fnt|[from] brn
|faint|p2a: Heracross
|upkeep
|
|t:|1781579567
|switch|p2a: Slowking|Slowking-Galar, M|61/100
|-damage|p2a: Slowking|48/100|[from] Stealth Rock
|turn|30
|
|t:|1781579570
|move|p1a: setup sleeper|Earthquake|p2a: Slowking
|-supereffective|p2a: Slowking
|-damage|p2a: Slowking|0 fnt
|faint|p2a: Slowking
|
|upkeep
|-message|U_Quokka forfeited.
|
|win|maddie_from_arcane
|raw|maddie_from_arcane's rating: 1527 &rarr; <strong>1552</strong><br />(+25 for winning)
|raw|U_Quokka's rating: 1607 &rarr; <strong>1582</strong><br />(-25 for losing)
|l|☆U_Quokka
|player|p2|
|l|☆maddie_from_arcane
|player|p1|
