|j|☆Prinny laharal
|j|☆LowEL0God
|t:|1781225709
|gametype|singles
|player|p1|Prinny laharal|bruno|1527
|player|p2|LowEL0God|265|1546
|gen|9
|tier|[Gen 9] OU
|rated|
|rule|HP Percentage Mod: HP is shown in percentages
|rule|Endless Battle Clause: Forcing endless battles is banned
|rule|Species Clause: Limit one of each Pokémon
|rule|OHKO Clause: OHKO moves are banned
|rule|Evasion Items Clause: Evasion items are banned
|rule|Evasion Moves Clause: Evasion moves are banned
|rule|Evasion Abilities Clause: Evasion abilities are banned
|rule|Sleep Moves Clause: Sleep-inducing moves are banned
|clearpoke
|poke|p1|Clefable, F|
|poke|p1|Arcanine-Hisui, M|
|poke|p1|Weezing-Galar, F|
|poke|p1|Goodra-Hisui, F|
|poke|p1|Landorus-Therian, M|
|poke|p1|Primeape, F|
|poke|p2|Pelipper, F|
|poke|p2|Raging Bolt|
|poke|p2|Overqwil, M|
|poke|p2|Barraskewda, F|
|poke|p2|Iron Treads|
|poke|p2|Kingambit, F|
|teampreview
|c|☆LowEL0God|hf
|inactive|Battle timer is ON: inactive players will automatically lose when time's up. (requested by LowEL0God)
|
|t:|1781225715
|teamsize|p1|6
|teamsize|p2|6
|start
|switch|p1a: ANDRE 3K|Weezing-Galar, F|100/100
|switch|p2a: Barraskewda|Barraskewda, F|100/100
|-ability|p1a: ANDRE 3K|Neutralizing Gas
|turn|1
|
|t:|1781225718
|move|p2a: Barraskewda|Flip Turn|p1a: ANDRE 3K
|-damage|p1a: ANDRE 3K|65/100
|
|t:|1781225721
|switch|p2a: Iron Treads|Iron Treads|100/100|[from] Flip Turn
|move|p1a: ANDRE 3K|Will-O-Wisp|p2a: Iron Treads
|-status|p2a: Iron Treads|brn
|
|-damage|p2a: Iron Treads|94/100 brn|[from] brn
|upkeep
|turn|2
|
|t:|1781225725
|-end|p1a: ANDRE 3K|ability: Neutralizing Gas
|switch|p1a: Landorus|Landorus-Therian, M|100/100
|-enditem|p2a: Iron Treads|Booster Energy
|-activate|p2a: Iron Treads|ability: Quark Drive|[fromitem]
|-start|p2a: Iron Treads|quarkdrivespe
|-ability|p1a: Landorus|Intimidate|boost
|-unboost|p2a: Iron Treads|atk|1
|move|p2a: Iron Treads|Stealth Rock|p1a: Landorus
|-sidestart|p1: Prinny laharal|move: Stealth Rock
|
|-damage|p2a: Iron Treads|88/100 brn|[from] brn
|upkeep
|turn|3
|
|t:|1781225736
|-end|p2a: Iron Treads|Quark Drive|[silent]
|switch|p2a: Pelipper|Pelipper, F|100/100
|-weather|RainDance|[from] ability: Drizzle|[of] p2a: Pelipper
|move|p1a: Landorus|Stealth Rock|p2a: Pelipper
|-sidestart|p2: LowEL0God|move: Stealth Rock
|
|-weather|RainDance|[upkeep]
|upkeep
|turn|4
|
|t:|1781225739
|switch|p1a: NICKI MINAJ|Goodra-Hisui, F|100/100
|-damage|p1a: NICKI MINAJ|94/100|[from] Stealth Rock
|move|p2a: Pelipper|Weather Ball|p1a: NICKI MINAJ
|-resisted|p1a: NICKI MINAJ
|-damage|p1a: NICKI MINAJ|81/100
|
|-weather|RainDance|[upkeep]
|upkeep
|turn|5
|
|t:|1781225748
|switch|p2a: Kingambit|Kingambit, F|100/100
|-damage|p2a: Kingambit|94/100|[from] Stealth Rock
|move|p1a: NICKI MINAJ|Thunderbolt|p2a: Kingambit
|-damage|p2a: Kingambit|54/100
|
|-weather|RainDance|[upkeep]
|-heal|p2a: Kingambit|61/100|[from] item: Leftovers
|upkeep
|turn|6
|
|t:|1781225776
|switch|p1a: GHOSTFACE KILLA|Primeape, F|100/100
|-damage|p1a: GHOSTFACE KILLA|94/100|[from] Stealth Rock
|move|p2a: Kingambit|Swords Dance|p2a: Kingambit
|-boost|p2a: Kingambit|atk|2
|
|-weather|RainDance|[upkeep]
|-heal|p2a: Kingambit|67/100|[from] item: Leftovers
|upkeep
|turn|7
|
|t:|1781225783
|-terastallize|p2a: Kingambit|Dark
|move|p1a: GHOSTFACE KILLA|Drain Punch|p2a: Kingambit
|-supereffective|p2a: Kingambit
|-damage|p2a: Kingambit|30/100
|-heal|p1a: GHOSTFACE KILLA|100/100|[from] drain|[of] p2a: Kingambit
|move|p2a: Kingambit|Iron Head|p1a: GHOSTFACE KILLA
|-damage|p1a: GHOSTFACE KILLA|5/100
|
|-weather|RainDance|[upkeep]
|-heal|p2a: Kingambit|37/100|[from] item: Leftovers
|upkeep
|turn|8
|
|t:|1781225795
|move|p2a: Kingambit|Sucker Punch|p1a: GHOSTFACE KILLA
|-resisted|p1a: GHOSTFACE KILLA
|-damage|p1a: GHOSTFACE KILLA|0 fnt
|faint|p1a: GHOSTFACE KILLA
|
|-weather|RainDance|[upkeep]
|-heal|p2a: Kingambit|43/100|[from] item: Leftovers
|upkeep
|
|t:|1781225802
|switch|p1a: DMX|Arcanine-Hisui, M|100/100
|-damage|p1a: DMX|76/100|[from] Stealth Rock
|turn|9
|
|t:|1781225803
|move|p1a: DMX|Extreme Speed|p2a: Kingambit
|-damage|p2a: Kingambit|16/100
|-damage|p1a: DMX|66/100|[from] item: Life Orb
|move|p2a: Kingambit|Sucker Punch||[still]
|-fail|p2a: Kingambit
|
|-weather|RainDance|[upkeep]
|-heal|p2a: Kingambit|22/100|[from] item: Leftovers
|upkeep
|turn|10
|
|t:|1781225806
|move|p1a: DMX|Extreme Speed|p2a: Kingambit
|-crit|p2a: Kingambit
|-damage|p2a: Kingambit|0 fnt
|faint|p2a: Kingambit
|-end|p2a: Kingambit|fallenundefined|[silent]
|-damage|p1a: DMX|56/100|[from] item: Life Orb
|
|-weather|none
|upkeep
|
|t:|1781225807
|switch|p2a: Iron Treads|Iron Treads|88/100 brn
|-damage|p2a: Iron Treads|85/100 brn|[from] Stealth Rock
|turn|11
|
|t:|1781225814
|switch|p1a: Landorus|Landorus-Therian, M|100/100
|-damage|p1a: Landorus|88/100|[from] Stealth Rock
|-ability|p1a: Landorus|Intimidate|boost
|-unboost|p2a: Iron Treads|atk|1
|move|p2a: Iron Treads|Earth Power|p1a: Landorus
|-immune|p1a: Landorus
|
|-damage|p2a: Iron Treads|79/100 brn|[from] brn
|upkeep
|turn|12
|
|t:|1781225822
|-end|p2a: Iron Treads|Quark Drive|[silent]
|switch|p2a: Pelipper|Pelipper, F|100/100
|-damage|p2a: Pelipper|76/100|[from] Stealth Rock
|-weather|RainDance|[from] ability: Drizzle|[of] p2a: Pelipper
|move|p1a: Landorus|Earthquake|p2a: Pelipper
|-immune|p2a: Pelipper
|
|-weather|RainDance|[upkeep]
|upkeep
|turn|13
|
|t:|1781225826
|switch|p1a: NICKI MINAJ|Goodra-Hisui, F|81/100
|-damage|p1a: NICKI MINAJ|75/100|[from] Stealth Rock
|move|p2a: Pelipper|Weather Ball|p1a: NICKI MINAJ
|-resisted|p1a: NICKI MINAJ
|-damage|p1a: NICKI MINAJ|60/100
|
|-weather|RainDance|[upkeep]
|upkeep
|turn|14
|
|t:|1781225834
|switch|p2a: Iron Treads|Iron Treads|79/100 brn
|-damage|p2a: Iron Treads|76/100 brn|[from] Stealth Rock
|move|p1a: NICKI MINAJ|Thunderbolt|p2a: Iron Treads
|-immune|p2a: Iron Treads
|
|-weather|RainDance|[upkeep]
|-damage|p2a: Iron Treads|69/100 brn|[from] brn
|upkeep
|turn|15
|
|t:|1781225837
|switch|p1a: Landorus|Landorus-Therian, M|88/100
|-damage|p1a: Landorus|76/100|[from] Stealth Rock
|-ability|p1a: Landorus|Intimidate|boost
|-unboost|p2a: Iron Treads|atk|1
|move|p2a: Iron Treads|Rapid Spin|p1a: Landorus
|-damage|p1a: Landorus|72/100
|-boost|p2a: Iron Treads|spe|1
|-sideend|p2: LowEL0God|Stealth Rock|[from] move: Rapid Spin|[of] p2a: Iron Treads
|
|-weather|RainDance|[upkeep]
|-damage|p2a: Iron Treads|63/100 brn|[from] brn
|upkeep
|turn|16
|
|t:|1781225843
|move|p2a: Iron Treads|Steel Beam|p1a: Landorus|[miss]
|-miss|p2a: Iron Treads|p1a: Landorus
|-damage|p2a: Iron Treads|13/100 brn|[from] steelbeam
|move|p1a: Landorus|Stealth Rock|p2a: Iron Treads
|-sidestart|p2: LowEL0God|move: Stealth Rock
|
|-weather|RainDance|[upkeep]
|-damage|p2a: Iron Treads|7/100 brn|[from] brn
|upkeep
|turn|17
|
|t:|1781225852
|move|p2a: Iron Treads|Steel Beam|p1a: Landorus
|-damage|p1a: Landorus|0 fnt
|-damage|p2a: Iron Treads|0 fnt|[from] steelbeam
|faint|p2a: Iron Treads
|-end|p2a: Iron Treads|Quark Drive|[silent]
|faint|p1a: Landorus
|
|-weather|RainDance|[upkeep]
|upkeep
|
|t:|1781225864
|switch|p2a: Barraskewda|Barraskewda, F|100/100
|switch|p1a: LIL KIM|Clefable, F|100/100
|-damage|p2a: Barraskewda|88/100|[from] Stealth Rock
|-damage|p1a: LIL KIM|88/100|[from] Stealth Rock
|turn|18
|
|t:|1781225868
|move|p1a: LIL KIM|Protect|p1a: LIL KIM
|-singleturn|p1a: LIL KIM|Protect
|move|p2a: Barraskewda|Liquidation|p1a: LIL KIM
|-activate|p1a: LIL KIM|move: Protect
|
|-weather|RainDance|[upkeep]
|-heal|p1a: LIL KIM|94/100|[from] item: Leftovers
|upkeep
|turn|19
|
|t:|1781225885
|switch|p1a: DMX|Arcanine-Hisui, M|56/100
|-damage|p1a: DMX|31/100|[from] Stealth Rock
|move|p2a: Barraskewda|Liquidation|p1a: DMX
|-supereffective|p1a: DMX
|-damage|p1a: DMX|0 fnt
|faint|p1a: DMX
|
|-weather|none
|upkeep
|
|t:|1781225888
|switch|p1a: ANDRE 3K|Weezing-Galar, F|65/100
|-ability|p1a: ANDRE 3K|Neutralizing Gas
|turn|20
|
|t:|1781225895
|-terastallize|p1a: ANDRE 3K|Water
|move|p2a: Barraskewda|Liquidation|p1a: ANDRE 3K
|-resisted|p1a: ANDRE 3K
|-damage|p1a: ANDRE 3K|40/100
|move|p1a: ANDRE 3K|Will-O-Wisp|p2a: Barraskewda
|-status|p2a: Barraskewda|brn
|
|-damage|p2a: Barraskewda|82/100 brn|[from] brn
|upkeep
|turn|21
|
|t:|1781225902
|move|p2a: Barraskewda|Liquidation|p1a: ANDRE 3K
|-resisted|p1a: ANDRE 3K
|-damage|p1a: ANDRE 3K|27/100
|-unboost|p1a: ANDRE 3K|def|1
|move|p1a: ANDRE 3K|Pain Split|p2a: Barraskewda
|-sethp|p2a: Barraskewda|58/100 brn|[from] move: Pain Split|[silent]
|-sethp|p1a: ANDRE 3K|46/100|[from] move: Pain Split
|
|-damage|p2a: Barraskewda|52/100 brn|[from] brn
|upkeep
|turn|22
|
|t:|1781225904
|move|p2a: Barraskewda|Liquidation|p1a: ANDRE 3K
|-resisted|p1a: ANDRE 3K
|-damage|p1a: ANDRE 3K|26/100
|move|p1a: ANDRE 3K|Strange Steam|p2a: Barraskewda
|-damage|p2a: Barraskewda|0 fnt
|faint|p2a: Barraskewda
|
|upkeep
|
|t:|1781225907
|switch|p2a: Overqwil|Overqwil, M|100/100
|-damage|p2a: Overqwil|88/100|[from] Stealth Rock
|turn|23
|
|t:|1781225910
|move|p2a: Overqwil|Crunch|p1a: ANDRE 3K
|-crit|p1a: ANDRE 3K
|-damage|p1a: ANDRE 3K|0 fnt
|faint|p1a: ANDRE 3K
|-end|p1a: ANDRE 3K|ability: Neutralizing Gas
|-damage|p2a: Overqwil|78/100|[from] item: Life Orb
|
|upkeep
|
|t:|1781225913
|switch|p1a: NICKI MINAJ|Goodra-Hisui, F|60/100
|-damage|p1a: NICKI MINAJ|54/100|[from] Stealth Rock
|turn|24
|
|t:|1781225915
|move|p2a: Overqwil|Swords Dance|p2a: Overqwil
|-boost|p2a: Overqwil|atk|2
|move|p1a: NICKI MINAJ|Thunderbolt|p2a: Overqwil
|-damage|p2a: Overqwil|24/100
|
|upkeep
|turn|25
|
|t:|1781225917
|move|p2a: Overqwil|Crunch|p1a: NICKI MINAJ
|-damage|p1a: NICKI MINAJ|0 fnt
|faint|p1a: NICKI MINAJ
|-damage|p2a: Overqwil|15/100|[from] item: Life Orb
|
|upkeep
|
|t:|1781225919
|switch|p1a: LIL KIM|Clefable, F|94/100
|-damage|p1a: LIL KIM|82/100|[from] Stealth Rock
|turn|26
|
|t:|1781225920
|move|p2a: Overqwil|Gunk Shot|p1a: LIL KIM
|-supereffective|p1a: LIL KIM
|-damage|p1a: LIL KIM|0 fnt
|faint|p1a: LIL KIM
|-damage|p2a: Overqwil|5/100|[from] item: Life Orb
|
|win|LowEL0God
|raw|Prinny laharal's rating: 1527 &rarr; <strong>1508</strong><br />(-19 for losing)
|raw|LowEL0God's rating: 1546 &rarr; <strong>1565</strong><br />(+19 for winning)
|l|☆Prinny laharal
|player|p1|
|c|☆LowEL0God|gg
|l|☆LowEL0God
|player|p2|
|j| kanaete onegai
