|j|☆Juchzer
|j|☆LoseToRU?
|t:|1781174412
|gametype|singles
|player|p1|Juchzer|2|1628
|player|p2|LoseToRU?|giovanni-gen1|1570
|gen|9
|tier|[Gen 9] OU
|rated|
|rule|HP Percentage Mod: HP is shown in percentages
|rule|Endless Battle Clause: Forcing endless battles is banned
|rule|Species Clause: Limit one of each Pokémon
|rule|OHKO Clause: OHKO moves are banned
|rule|Evasion Items Clause: Evasion items are banned
|rule|Evasion Moves Clause: Evasion moves are banned
|rule|Evasion Abilities Clause: Evasion abilities are banned
|rule|Sleep Moves Clause: Sleep-inducing moves are banned
|clearpoke
|poke|p1|Hoopa-Unbound|
|poke|p1|Ceruledge, F|
|poke|p1|Great Tusk|
|poke|p1|Scizor, F|
|poke|p1|Rillaboom, F|
|poke|p1|Landorus-Therian, M|
|poke|p2|Iron Jugulis|
|poke|p2|Moltres-Galar|
|poke|p2|Darkrai|
|poke|p2|Hydreigon, M|
|poke|p2|Weavile, F|
|poke|p2|Zarude-Dada|
|teampreview
|c|☆Juchzer|nice team
|c|☆Juchzer|hf!
|c|☆LoseToRU?|you as well!
|inactive|Battle timer is ON: inactive players will automatically lose when time's up. (requested by LoseToRU?)
|j| BiscoitoXDBr
|
|t:|1781174455
|teamsize|p1|6
|teamsize|p2|6
|start
|switch|p1a: Rillaboom|Rillaboom, F|100/100
|switch|p2a: Hydreigon|Hydreigon, M|100/100
|-fieldstart|move: Grassy Terrain|[from] ability: Grassy Surge|[of] p1a: Rillaboom
|turn|1
|
|t:|1781174472
|switch|p1a: Hoopa|Hoopa-Unbound|100/100
|move|p2a: Hydreigon|Draco Meteor|p1a: Hoopa
|-damage|p1a: Hoopa|42/100
|-unboost|p2a: Hydreigon|spa|2
|
|-heal|p1a: Hoopa|48/100|[from] Grassy Terrain
|upkeep
|turn|2
|j| Roadrasher
|inactive|Juchzer has 120 seconds left.
|
|t:|1781174502
|switch|p2a: Darkrai|Darkrai|100/100
|move|p1a: Hoopa|Knock Off|p2a: Darkrai
|-resisted|p2a: Darkrai
|-damage|p2a: Darkrai|66/100
|-enditem|p2a: Darkrai|Choice Scarf|[from] move: Knock Off|[of] p1a: Hoopa
|
|-heal|p1a: Hoopa|54/100|[from] Grassy Terrain
|-heal|p2a: Darkrai|72/100|[from] Grassy Terrain
|upkeep
|turn|3
|inactive|Juchzer has 120 seconds left.
|
|t:|1781174513
|switch|p1a: Scizor|Scizor, F|100/100
|move|p2a: Darkrai|Dark Pulse|p1a: Scizor
|-damage|p1a: Scizor|46/100
|
|-heal|p2a: Darkrai|78/100|[from] Grassy Terrain
|-heal|p1a: Scizor|52/100|[from] Grassy Terrain
|-heal|p1a: Scizor|59/100|[from] item: Leftovers
|upkeep
|turn|4
|
|t:|1781174520
|move|p2a: Darkrai|Dark Pulse|p1a: Scizor
|-damage|p1a: Scizor|3/100
|move|p1a: Scizor|Swords Dance|p1a: Scizor
|-boost|p1a: Scizor|atk|2
|
|-heal|p2a: Darkrai|84/100|[from] Grassy Terrain
|-heal|p1a: Scizor|10/100|[from] Grassy Terrain
|-heal|p1a: Scizor|16/100|[from] item: Leftovers
|upkeep
|turn|5
|
|t:|1781174525
|move|p1a: Scizor|Bullet Punch|p2a: Darkrai
|-damage|p2a: Darkrai|0 fnt
|faint|p2a: Darkrai
|
|-heal|p1a: Scizor|22/100|[from] Grassy Terrain
|-heal|p1a: Scizor|28/100|[from] item: Leftovers
|-fieldend|move: Grassy Terrain
|upkeep
|
|t:|1781174530
|switch|p2a: Weavile|Weavile, F|100/100
|-ability|p2a: Weavile|Pressure
|turn|6
|
|t:|1781174535
|move|p1a: Scizor|Bullet Punch|p2a: Weavile
|-supereffective|p2a: Weavile
|-enditem|p2a: Weavile|Focus Sash
|-damage|p2a: Weavile|1/100
|move|p2a: Weavile|Knock Off|p1a: Scizor
|-damage|p1a: Scizor|0 fnt
|-enditem|p1a: Scizor|Leftovers|[from] move: Knock Off|[of] p2a: Weavile
|faint|p1a: Scizor
|
|upkeep
|
|t:|1781174547
|switch|p1a: Ceruledge|Ceruledge, F|100/100
|turn|7
|
|t:|1781174556
|switch|p2a: Hydreigon|Hydreigon, M|100/100
|move|p1a: Ceruledge|Swords Dance|p1a: Ceruledge
|-boost|p1a: Ceruledge|atk|2
|
|upkeep
|turn|8
|inactive|Juchzer has 120 seconds left.
|
|t:|1781174602
|switch|p1a: Hoopa|Hoopa-Unbound|54/100
|move|p2a: Hydreigon|Dark Pulse|p1a: Hoopa
|-damage|p1a: Hoopa|16/100
|
|upkeep
|turn|9
|inactive|LoseToRU? has 120 seconds left.
|
|t:|1781174633
|switch|p1a: Great Tusk|Great Tusk|100/100
|move|p2a: Hydreigon|Dark Pulse|p1a: Great Tusk
|-resisted|p1a: Great Tusk
|-damage|p1a: Great Tusk|71/100
|
|-heal|p1a: Great Tusk|77/100|[from] item: Leftovers
|upkeep
|turn|10
|
|t:|1781174646
|move|p2a: Hydreigon|Draco Meteor|p1a: Great Tusk
|-damage|p1a: Great Tusk|0 fnt
|-unboost|p2a: Hydreigon|spa|2
|faint|p1a: Great Tusk
|-end|p1a: Great Tusk|Protosynthesis|[silent]
|
|upkeep
|j| GengarAdept
|inactive|Juchzer has 90 seconds left.
|
|t:|1781174674
|switch|p1a: Rillaboom|Rillaboom, F|100/100
|-fieldstart|move: Grassy Terrain|[from] ability: Grassy Surge|[of] p1a: Rillaboom
|turn|11
|
|t:|1781174687
|move|p2a: Hydreigon|Nasty Plot|p2a: Hydreigon
|-boost|p2a: Hydreigon|spa|2
|move|p1a: Rillaboom|U-turn|p2a: Hydreigon
|-supereffective|p2a: Hydreigon
|-damage|p2a: Hydreigon|4/100
|-enditem|p2a: Hydreigon|Salac Berry|[eat]
|-boost|p2a: Hydreigon|spe|1|[from] item: Salac Berry
|
|t:|1781174697
|switch|p1a: Ceruledge|Ceruledge, F|100/100|[from] U-turn
|
|upkeep
|turn|12
|
|t:|1781174700
|move|p1a: Ceruledge|Shadow Sneak|p2a: Hydreigon
|-resisted|p2a: Hydreigon
|-damage|p2a: Hydreigon|0 fnt
|faint|p2a: Hydreigon
|
|upkeep
|
|t:|1781174711
|switch|p2a: Iron Jugulis|Iron Jugulis|100/100
|-enditem|p2a: Iron Jugulis|Booster Energy
|-activate|p2a: Iron Jugulis|ability: Quark Drive|[fromitem]
|-start|p2a: Iron Jugulis|quarkdrivespe
|turn|13
|inactive|Juchzer has 90 seconds left.
|l| BiscoitoXDBr
|inactive|Juchzer has 60 seconds left.
|
|t:|1781174759
|switch|p1a: Hoopa|Hoopa-Unbound|16/100
|move|p2a: Iron Jugulis|Dark Pulse|p1a: Hoopa
|-damage|p1a: Hoopa|0 fnt
|faint|p1a: Hoopa
|
|upkeep
|inactive|Juchzer has 60 seconds left.
|
|t:|1781174781
|switch|p1a: Landorus|Landorus-Therian, M|100/100
|-ability|p1a: Landorus|Intimidate|boost
|-unboost|p2a: Iron Jugulis|atk|1
|turn|14
|
|t:|1781174789
|move|p2a: Iron Jugulis|Taunt|p1a: Landorus
|-start|p1a: Landorus|move: Taunt
|cant|p1a: Landorus|move: Taunt|Stealth Rock
|
|upkeep
|turn|15
|
|t:|1781174799
|move|p2a: Iron Jugulis|Dark Pulse|p1a: Landorus
|-damage|p1a: Landorus|55/100
|move|p1a: Landorus|Smack Down|p2a: Iron Jugulis
|-supereffective|p2a: Iron Jugulis
|-damage|p2a: Iron Jugulis|57/100
|-start|p2a: Iron Jugulis|Smack Down
|
|-heal|p2a: Iron Jugulis|63/100|[from] Grassy Terrain
|-fieldend|move: Grassy Terrain
|upkeep
|turn|16
|inactive|Juchzer has 60 seconds left.
|
|t:|1781174811
|move|p2a: Iron Jugulis|Hurricane|p1a: Landorus|[miss]
|-miss|p2a: Iron Jugulis|p1a: Landorus
|move|p1a: Landorus|Earthquake|p2a: Iron Jugulis
|-crit|p2a: Iron Jugulis
|-damage|p2a: Iron Jugulis|0 fnt
|faint|p2a: Iron Jugulis
|-end|p2a: Iron Jugulis|Quark Drive|[silent]
|
|-end|p1a: Landorus|move: Taunt
|upkeep
|
|t:|1781174822
|switch|p2a: Weavile|Weavile, F|1/100
|-ability|p2a: Weavile|Pressure
|turn|17
|inactive|Juchzer has 60 seconds left.
|
|t:|1781174839
|-terastallize|p1a: Landorus|Water
|move|p2a: Weavile|Knock Off|p1a: Landorus
|-damage|p1a: Landorus|2/100
|-damage|p2a: Weavile|0 fnt|[from] item: Rocky Helmet|[of] p1a: Landorus
|faint|p2a: Weavile
|move|p1a: Landorus|Stealth Rock|p2: Weavile
|-sidestart|p2: LoseToRU?|move: Stealth Rock
|
|upkeep
|
|t:|1781174846
|switch|p2a: Zarude|Zarude-Dada|100/100
|-damage|p2a: Zarude|88/100|[from] Stealth Rock
|turn|18
|
|t:|1781174854
|move|p2a: Zarude|Swords Dance|p2a: Zarude
|-boost|p2a: Zarude|atk|2
|move|p1a: Landorus|U-turn|p2a: Zarude
|-supereffective|p2a: Zarude
|-damage|p2a: Zarude|7/100
|-enditem|p2a: Zarude|Salac Berry|[eat]
|-boost|p2a: Zarude|spe|1|[from] item: Salac Berry
|inactive|Juchzer has 60 seconds left.
|l| GengarAdept
|
|t:|1781174881
|switch|p1a: Ceruledge|Ceruledge, F|100/100|[from] U-turn
|
|upkeep
|turn|19
|
|t:|1781174891
|move|p2a: Zarude|Taunt|p1a: Ceruledge
|-start|p1a: Ceruledge|move: Taunt
|cant|p1a: Ceruledge|move: Taunt|Swords Dance
|
|upkeep
|turn|20
|
|t:|1781174898
|switch|p1a: Landorus|Landorus-Therian, M, tera:Water|2/100
|-ability|p1a: Landorus|Intimidate|boost
|-unboost|p2a: Zarude|atk|1
|move|p2a: Zarude|Power Whip|p1a: Landorus|[miss]
|-miss|p2a: Zarude|p1a: Landorus
|
|upkeep
|turn|21
|
|t:|1781174903
|move|p2a: Zarude|Drain Punch|p1a: Landorus
|-damage|p1a: Landorus|0 fnt
|-heal|p2a: Zarude|8/100|[from] drain|[of] p1a: Landorus
|-damage|p2a: Zarude|0 fnt|[from] item: Rocky Helmet|[of] p1a: Landorus
|faint|p1a: Landorus
|faint|p2a: Zarude
|
|upkeep
|inactive|Juchzer has 60 seconds left.
|inactive|Juchzer has 30 seconds left.
|inactive|Juchzer has 20 seconds left.
|inactive|Juchzer has 15 seconds left.
|inactive|Juchzer has 10 seconds left.
|
|t:|1781174964
|switch|p2a: Moltres|Moltres-Galar|100/100
|switch|p1a: Ceruledge|Ceruledge, F|100/100
|-damage|p2a: Moltres|76/100|[from] Stealth Rock
|turn|22
|inactive|Juchzer has 20 seconds left this turn.
|
|t:|1781174968
|move|p2a: Moltres|Fiery Wrath|p1a: Ceruledge
|-supereffective|p1a: Ceruledge
|-damage|p1a: Ceruledge|13/100
|move|p1a: Ceruledge|Swords Dance|p1a: Ceruledge
|-boost|p1a: Ceruledge|atk|2
|
|upkeep
|turn|23
|inactive|Juchzer has 30 seconds left this turn.
|
|t:|1781174973
|move|p1a: Ceruledge|Shadow Sneak|p2a: Moltres
|-resisted|p2a: Moltres
|-damage|p2a: Moltres|49/100
|-ability|p2a: Moltres|Berserk|boost
|-boost|p2a: Moltres|spa|1
|-enditem|p2a: Moltres|Sitrus Berry|[eat]
|-heal|p2a: Moltres|73/100|[from] item: Sitrus Berry
|move|p2a: Moltres|Fiery Wrath|p1a: Ceruledge
|-supereffective|p1a: Ceruledge
|-damage|p1a: Ceruledge|0 fnt
|faint|p1a: Ceruledge
|
|upkeep
|inactive|Juchzer has 30 seconds left this turn.
|
|t:|1781174977
|switch|p1a: Rillaboom|Rillaboom, F|100/100
|-fieldstart|move: Grassy Terrain|[from] ability: Grassy Surge|[of] p1a: Rillaboom
|turn|24
|inactive|Juchzer has 30 seconds left.
|
|t:|1781174988
|move|p2a: Moltres|Air Slash|p1a: Rillaboom
|-supereffective|p1a: Rillaboom
|-damage|p1a: Rillaboom|0 fnt
|faint|p1a: Rillaboom
|
|win|LoseToRU?
|raw|Juchzer's rating: 1628 &rarr; <strong>1605</strong><br />(-23 for losing)
|raw|LoseToRU?'s rating: 1570 &rarr; <strong>1593</strong><br />(+23 for winning)
|c|☆LoseToRU?|ggwp king
|c|☆Juchzer|gg
|l|☆LoseToRU?
|player|p2|
|l|☆Juchzer
|player|p1|
