|j|☆lolcano46
|j|☆fregene97
|t:|1781551457
|gametype|singles
|player|p1|lolcano46|fisherman-gen4|1584
|player|p2|fregene97|102|1586
|gen|9
|tier|[Gen 9] OU
|rated|
|rule|HP Percentage Mod: HP is shown in percentages
|rule|Endless Battle Clause: Forcing endless battles is banned
|rule|Species Clause: Limit one of each Pokémon
|rule|OHKO Clause: OHKO moves are banned
|rule|Evasion Items Clause: Evasion items are banned
|rule|Evasion Moves Clause: Evasion moves are banned
|rule|Evasion Abilities Clause: Evasion abilities are banned
|rule|Sleep Moves Clause: Sleep-inducing moves are banned
|clearpoke
|poke|p1|Azelf|
|poke|p1|Ogerpon-Wellspring, F|
|poke|p1|Scizor, F|
|poke|p1|Gengar, M|
|poke|p1|Raging Bolt|
|poke|p1|Cinderace, F|
|poke|p2|Dragonite, F|
|poke|p2|Iron Valiant|
|poke|p2|Manaphy|
|poke|p2|Garchomp, M|
|poke|p2|Kommo-o, F|
|poke|p2|Kingambit, M|
|teampreview
|inactive|Battle timer is ON: inactive players will automatically lose when time's up. (requested by lolcano46)
|
|t:|1781551462
|teamsize|p1|6
|teamsize|p2|6
|start
|switch|p1a: Azelf|Azelf|100/100
|switch|p2a: Iron Valiant|Iron Valiant|100/100
|-enditem|p2a: Iron Valiant|Booster Energy
|-activate|p2a: Iron Valiant|ability: Quark Drive|[fromitem]
|-start|p2a: Iron Valiant|quarkdrivespe
|turn|1
|
|t:|1781551473
|-terastallize|p2a: Iron Valiant|Fairy
|-terastallize|p1a: Azelf|Fairy
|move|p2a: Iron Valiant|Calm Mind|p2a: Iron Valiant
|-boost|p2a: Iron Valiant|spa|1
|-boost|p2a: Iron Valiant|spd|1
|move|p1a: Azelf|Mystical Power|p2a: Iron Valiant
|-damage|p2a: Iron Valiant|58/100
|-boost|p1a: Azelf|spa|1
|
|upkeep
|turn|2
|
|t:|1781551478
|move|p2a: Iron Valiant|Moonblast|p1a: Azelf
|-damage|p1a: Azelf|0 fnt
|faint|p1a: Azelf
|
|upkeep
|
|t:|1781551483
|switch|p1a: Scizor|Scizor, F|100/100
|turn|3
|
|t:|1781551493
|move|p2a: Iron Valiant|Moonblast|p1a: Scizor
|-resisted|p1a: Scizor
|-damage|p1a: Scizor|34/100
|move|p1a: Scizor|Swords Dance|p1a: Scizor
|-boost|p1a: Scizor|atk|2
|
|upkeep
|turn|4
|
|t:|1781551501
|-end|p2a: Iron Valiant|Quark Drive|[silent]
|switch|p2a: Garchomp|Garchomp, M|100/100
|move|p1a: Scizor|Bullet Punch|p2a: Garchomp
|-damage|p2a: Garchomp|31/100
|
|upkeep
|turn|5
|
|t:|1781551503
|move|p1a: Scizor|Bullet Punch|p2a: Garchomp
|-damage|p2a: Garchomp|0 fnt
|faint|p2a: Garchomp
|
|upkeep
|
|t:|1781551506
|switch|p2a: Dragonite|Dragonite, F|100/100
|turn|6
|
|t:|1781551508
|move|p1a: Scizor|Bullet Punch|p2a: Dragonite
|-damage|p2a: Dragonite|56/100
|move|p2a: Dragonite|Earthquake|p1a: Scizor
|-damage|p1a: Scizor|0 fnt
|faint|p1a: Scizor
|
|upkeep
|
|t:|1781551512
|switch|p1a: Ogerpon|Ogerpon-Wellspring, F|100/100
|turn|7
|
|t:|1781551517
|move|p1a: Ogerpon|Play Rough|p2a: Dragonite
|-supereffective|p2a: Dragonite
|-damage|p2a: Dragonite|0 fnt
|faint|p2a: Dragonite
|
|upkeep
|
|t:|1781551522
|switch|p2a: Kingambit|Kingambit, M|100/100
|-activate|p2a: Kingambit|ability: Supreme Overlord
|-start|p2a: Kingambit|fallen2|[silent]
|turn|8
|
|t:|1781551525
|switch|p1a: Cinderace|Cinderace, F|100/100
|move|p2a: Kingambit|Kowtow Cleave|p1a: Cinderace
|-damage|p1a: Cinderace|5/100
|
|upkeep
|turn|9
|
|t:|1781551528
|-end|p2a: Kingambit|fallen2|[silent]
|switch|p2a: Iron Valiant|Iron Valiant, tera:Fairy|58/100
|move|p1a: Cinderace|Will-O-Wisp|p2a: Iron Valiant
|-status|p2a: Iron Valiant|brn
|
|-damage|p2a: Iron Valiant|52/100 brn|[from] brn
|upkeep
|turn|10
|
|t:|1781551532
|move|p1a: Cinderace|Pyro Ball|p2a: Iron Valiant
|-damage|p2a: Iron Valiant|0 fnt
|faint|p2a: Iron Valiant
|-end|p2a: Iron Valiant|Quark Drive|[silent]
|
|upkeep
|
|t:|1781551535
|switch|p2a: Kingambit|Kingambit, M|100/100
|-activate|p2a: Kingambit|ability: Supreme Overlord
|-start|p2a: Kingambit|fallen3|[silent]
|turn|11
|
|t:|1781551537
|move|p1a: Cinderace|Will-O-Wisp|p2a: Kingambit
|-status|p2a: Kingambit|brn
|move|p2a: Kingambit|Kowtow Cleave|p1a: Cinderace
|-damage|p1a: Cinderace|0 fnt
|faint|p1a: Cinderace
|
|-damage|p2a: Kingambit|94/100 brn|[from] brn
|upkeep
|
|t:|1781551541
|switch|p1a: Raging Bolt|Raging Bolt|100/100
|-enditem|p1a: Raging Bolt|Booster Energy
|-activate|p1a: Raging Bolt|ability: Protosynthesis|[fromitem]
|-start|p1a: Raging Bolt|protosynthesisspa
|turn|12
|
|t:|1781551554
|move|p1a: Raging Bolt|Thunderbolt|p2a: Kingambit
|-damage|p2a: Kingambit|13/100 brn
|move|p2a: Kingambit|Kowtow Cleave|p1a: Raging Bolt
|-damage|p1a: Raging Bolt|63/100
|
|-damage|p2a: Kingambit|6/100 brn|[from] brn
|upkeep
|turn|13
|
|t:|1781551559
|move|p1a: Raging Bolt|Thunderclap|p2a: Kingambit
|-damage|p2a: Kingambit|0 fnt
|faint|p2a: Kingambit
|-end|p2a: Kingambit|fallen3|[silent]
|
|upkeep
|
|t:|1781551561
|switch|p2a: Kommo-o|Kommo-o, F|100/100
|turn|14
|
|t:|1781551564
|move|p2a: Kommo-o|Clanging Scales|p1a: Raging Bolt
|-supereffective|p1a: Raging Bolt
|-damage|p1a: Raging Bolt|0 fnt
|faint|p1a: Raging Bolt
|-end|p1a: Raging Bolt|Protosynthesis|[silent]
|-unboost|p2a: Kommo-o|def|1
|-enditem|p2a: Kommo-o|Throat Spray
|-boost|p2a: Kommo-o|spa|1|[from] item: Throat Spray
|
|upkeep
|
|t:|1781551566
|switch|p1a: Gengar|Gengar, M|100/100
|turn|15
|
|t:|1781551575
|move|p1a: Gengar|Trick|p2a: Kommo-o
|-activate|p1a: Gengar|move: Trick|[of] p2a: Kommo-o
|-item|p2a: Kommo-o|Choice Scarf|[from] move: Trick
|-enditem|p1a: Gengar|Choice Scarf|[silent]|[from] move: Trick
|move|p2a: Kommo-o|Clanging Scales|p1a: Gengar
|-damage|p1a: Gengar|0 fnt
|-start|p2a: Kommo-o|Disable|Clanging Scales|[from] ability: Cursed Body|[of] p1a: Gengar
|faint|p1a: Gengar
|-unboost|p2a: Kommo-o|def|1
|
|upkeep
|
|t:|1781551577
|switch|p1a: Ogerpon|Ogerpon-Wellspring, F|100/100
|turn|16
|
|t:|1781551582
|switch|p2a: Manaphy|Manaphy|100/100
|move|p1a: Ogerpon|Swords Dance|p1a: Ogerpon
|-boost|p1a: Ogerpon|atk|2
|
|upkeep
|turn|17
|
|t:|1781551584
|move|p1a: Ogerpon|Horn Leech|p2a: Manaphy
|-supereffective|p2a: Manaphy
|-damage|p2a: Manaphy|0 fnt
|faint|p2a: Manaphy
|
|upkeep
|
|t:|1781551587
|switch|p2a: Kommo-o|Kommo-o, F|100/100
|turn|18
|
|t:|1781551589
|move|p2a: Kommo-o|Clangorous Soul|p2a: Kommo-o
|-boost|p2a: Kommo-o|atk|1
|-boost|p2a: Kommo-o|def|1
|-boost|p2a: Kommo-o|spa|1
|-boost|p2a: Kommo-o|spd|1
|-boost|p2a: Kommo-o|spe|1
|-damage|p2a: Kommo-o|68/100
|move|p1a: Ogerpon|Play Rough|p2a: Kommo-o
|-supereffective|p2a: Kommo-o
|-damage|p2a: Kommo-o|0 fnt
|faint|p2a: Kommo-o
|
|win|lolcano46
|raw|lolcano46's rating: 1584 &rarr; <strong>1604</strong><br />(+20 for winning)
|raw|fregene97's rating: 1586 &rarr; <strong>1566</strong><br />(-20 for losing)
|l|☆fregene97
|player|p2|
|l|☆lolcano46
|player|p1|
