|j|☆blip_exists
|j|☆extra-pseudo man
|t:|1781114395
|gametype|singles
|player|p1|blip_exists|colress|1607
|player|p2|extra-pseudo man|supernerd|1620
|gen|9
|tier|[Gen 9] OU
|rated|
|rule|HP Percentage Mod: HP is shown in percentages
|rule|Endless Battle Clause: Forcing endless battles is banned
|rule|Species Clause: Limit one of each Pokémon
|rule|OHKO Clause: OHKO moves are banned
|rule|Evasion Items Clause: Evasion items are banned
|rule|Evasion Moves Clause: Evasion moves are banned
|rule|Evasion Abilities Clause: Evasion abilities are banned
|rule|Sleep Moves Clause: Sleep-inducing moves are banned
|clearpoke
|poke|p1|Corviknight, M|
|poke|p1|Clefable, F|
|poke|p1|Alomomola, M|
|poke|p1|Clodsire, M|
|poke|p1|Toxapex, M|
|poke|p1|Quagsire, M|
|poke|p2|Dragonite, F|
|poke|p2|Dragapult, M|
|poke|p2|Tyranitar, F|
|poke|p2|Metagross|
|poke|p2|Goodra-Hisui, F|
|poke|p2|Garchomp, M|
|teampreview
|
|t:|1781114411
|teamsize|p1|6
|teamsize|p2|6
|start
|switch|p1a: Alomomola|Alomomola, M|100/100
|switch|p2a: The good|Goodra-Hisui, F|100/100
|turn|1
|inactive|Battle timer is ON: inactive players will automatically lose when time's up. (requested by blip_exists)
|
|t:|1781114420
|move|p1a: Alomomola|Protect|p1a: Alomomola
|-singleturn|p1a: Alomomola|Protect
|move|p2a: The good|Thunderbolt|p1a: Alomomola
|-activate|p1a: Alomomola|move: Protect
|
|upkeep
|turn|2
|
|t:|1781114426
|move|p2a: The good|Thunderbolt|p1a: Alomomola
|-supereffective|p1a: Alomomola
|-damage|p1a: Alomomola|31/100
|-status|p1a: Alomomola|par
|cant|p1a: Alomomola|par
|
|upkeep
|turn|3
|
|t:|1781114440
|switch|p2a: Tyranocif|Tyranitar, F|100/100
|-weather|Sandstorm|[from] ability: Sand Stream|[of] p2a: Tyranocif
|switch|p1a: Clodsire|Clodsire, M|100/100
|
|-weather|Sandstorm|[upkeep]
|upkeep
|turn|4
|j| SigmaWolf67
|
|t:|1781114460
|switch|p1a: Corviknight|Corviknight, M|100/100
|-ability|p1a: Corviknight|Pressure
|move|p2a: Tyranocif|Knock Off|p1a: Corviknight
|-damage|p1a: Corviknight|72/100
|-enditem|p1a: Corviknight|Heavy-Duty Boots|[from] move: Knock Off|[of] p2a: Tyranocif
|
|-weather|Sandstorm|[upkeep]
|upkeep
|turn|5
|c| SigmaWolf67|go blip
|c|☆blip_exists|thx
|
|t:|1781114469
|switch|p2a: He pulten on it|Dragapult, M|100/100
|move|p1a: Corviknight|Iron Defense|p1a: Corviknight
|-boost|p1a: Corviknight|def|2
|
|-weather|Sandstorm|[upkeep]
|-damage|p2a: He pulten on it|95/100|[from] Sandstorm
|upkeep
|turn|6
|
|t:|1781114473
|switch|p1a: Clefable|Clefable, F|100/100
|move|p2a: He pulten on it|Will-O-Wisp|p1a: Clefable
|-status|p1a: Clefable|brn
|
|-weather|Sandstorm|[upkeep]
|-damage|p2a: He pulten on it|89/100|[from] Sandstorm
|upkeep
|turn|7
|
|t:|1781114477
|move|p2a: He pulten on it|U-turn|p1a: Clefable
|-resisted|p1a: Clefable
|-damage|p1a: Clefable|92/100 brn
|
|t:|1781114484
|switch|p2a: The good|Goodra-Hisui, F|100/100|[from] U-turn
|move|p1a: Clefable|Knock Off|p2a: The good
|-damage|p2a: The good|91/100
|-ability|p2a: The good|Gooey
|-unboost|p1a: Clefable|spe|1
|-enditem|p2a: The good|Choice Specs|[from] move: Knock Off|[of] p1a: Clefable
|
|-weather|none
|-heal|p1a: Clefable|98/100 brn|[from] item: Leftovers
|upkeep
|turn|8
|
|t:|1781114492
|switch|p1a: Alomomola|Alomomola, M|64/100 par
|move|p2a: The good|Ice Beam|p1a: Alomomola
|-resisted|p1a: Alomomola
|-damage|p1a: Alomomola|51/100 par
|
|upkeep
|turn|9
|
|t:|1781114497
|switch|p1a: Toxapex|Toxapex, M|100/100
|move|p2a: The good|Draco Meteor|p1a: Toxapex
|-damage|p1a: Toxapex|46/100
|-unboost|p2a: The good|spa|2
|
|upkeep
|turn|10
|
|t:|1781114501
|switch|p2a: Burn Up|Metagross|100/100
|switch|p1a: Alomomola|Alomomola, M|84/100 par
|
|upkeep
|turn|11
|
|t:|1781114507
|move|p2a: Burn Up|Knock Off|p1a: Alomomola
|-damage|p1a: Alomomola|43/100 par
|-enditem|p1a: Alomomola|Heavy-Duty Boots|[from] move: Knock Off|[of] p2a: Burn Up
|move|p1a: Alomomola|Flip Turn|p2a: Burn Up
|-damage|p2a: Burn Up|85/100
|
|t:|1781114512
|switch|p1a: Quagsire|Quagsire, M|100/100|[from] Flip Turn
|
|upkeep
|turn|12
|
|t:|1781114521
|move|p2a: Burn Up|Knock Off|p1a: Quagsire
|-damage|p1a: Quagsire|58/100
|-enditem|p1a: Quagsire|Heavy-Duty Boots|[from] move: Knock Off|[of] p2a: Burn Up
|move|p1a: Quagsire|Counter|p2a: Burn Up
|-damage|p2a: Burn Up|0 fnt
|faint|p2a: Burn Up
|
|upkeep
|
|t:|1781114537
|switch|p2a: He pulten on it|Dragapult, M|89/100
|turn|13
|
|t:|1781114540
|switch|p1a: Clefable|Clefable, F|98/100 brn
|move|p2a: He pulten on it|Draco Meteor|p1a: Clefable
|-immune|p1a: Clefable
|
|-heal|p1a: Clefable|100/100 brn|[from] item: Leftovers
|upkeep
|turn|14
|
|t:|1781114543
|move|p2a: He pulten on it|U-turn|p1a: Clefable
|-resisted|p1a: Clefable
|-damage|p1a: Clefable|91/100 brn
|
|t:|1781114544
|switch|p2a: The Sac|Garchomp, M|100/100|[from] U-turn
|move|p1a: Clefable|Moonblast|p2a: The Sac
|-supereffective|p2a: The Sac
|-damage|p2a: The Sac|37/100
|
|-heal|p1a: Clefable|97/100 brn|[from] item: Leftovers
|upkeep
|turn|15
|
|t:|1781114548
|switch|p2a: The good|Goodra-Hisui, F|91/100
|move|p1a: Clefable|Moonblast|p2a: The good
|-damage|p2a: The good|67/100
|-unboost|p2a: The good|spa|1
|
|-heal|p1a: Clefable|100/100 brn|[from] item: Leftovers
|upkeep
|turn|16
|
|t:|1781114551
|switch|p1a: Toxapex|Toxapex, M|79/100
|move|p2a: The good|Flash Cannon|p1a: Toxapex
|-resisted|p1a: Toxapex
|-damage|p1a: Toxapex|68/100
|
|upkeep
|turn|17
|
|t:|1781114555
|switch|p2a: Tyranocif|Tyranitar, F|100/100
|-weather|Sandstorm|[from] ability: Sand Stream|[of] p2a: Tyranocif
|switch|p1a: Alomomola|Alomomola, M|76/100 par
|
|-weather|Sandstorm|[upkeep]
|-damage|p1a: Alomomola|70/100 par|[from] Sandstorm
|upkeep
|turn|18
|
|t:|1781114558
|move|p2a: Tyranocif|Stealth Rock|p1a: Alomomola
|-sidestart|p1: blip_exists|move: Stealth Rock
|cant|p1a: Alomomola|par
|
|-weather|Sandstorm|[upkeep]
|-damage|p1a: Alomomola|64/100 par|[from] Sandstorm
|upkeep
|turn|19
|
|t:|1781114562
|cant|p1a: Alomomola|par
|move|p2a: Tyranocif|Roar|p1a: Alomomola
|drag|p1a: Clefable|Clefable, F|100/100 brn
|
|-weather|Sandstorm|[upkeep]
|upkeep
|turn|20
|
|t:|1781114567
|move|p2a: Tyranocif|Knock Off|p1a: Clefable
|-resisted|p1a: Clefable
|-damage|p1a: Clefable|77/100 brn
|-enditem|p1a: Clefable|Leftovers|[from] move: Knock Off|[of] p2a: Tyranocif
|move|p1a: Clefable|Knock Off|p2a: Tyranocif
|-resisted|p2a: Tyranocif
|-damage|p2a: Tyranocif|98/100
|-enditem|p2a: Tyranocif|Leftovers|[from] move: Knock Off|[of] p1a: Clefable
|
|-weather|Sandstorm|[upkeep]
|upkeep
|turn|21
|
|t:|1781114571
|switch|p2a: The good|Goodra-Hisui, F|67/100
|move|p1a: Clefable|Moonblast|p2a: The good
|-crit|p2a: The good
|-damage|p2a: The good|28/100
|
|-weather|none
|upkeep
|turn|22
|
|t:|1781114575
|switch|p1a: Alomomola|Alomomola, M|98/100 par
|-damage|p1a: Alomomola|85/100 par|[from] Stealth Rock
|move|p2a: The good|Flash Cannon|p1a: Alomomola
|-resisted|p1a: Alomomola
|-damage|p1a: Alomomola|67/100 par
|
|upkeep
|turn|23
|
|t:|1781114579
|move|p2a: The good|Thunderbolt|p1a: Alomomola
|-supereffective|p1a: Alomomola
|-damage|p1a: Alomomola|21/100 par
|move|p1a: Alomomola|Flip Turn|p2a: The good
|-resisted|p2a: The good
|-damage|p2a: The good|20/100
|-ability|p2a: The good|Gooey
|-unboost|p1a: Alomomola|spe|1
|
|t:|1781114582
|switch|p1a: Toxapex|Toxapex, M|100/100|[from] Flip Turn
|
|upkeep
|turn|24
|
|t:|1781114589
|switch|p1a: Clodsire|Clodsire, M|100/100
|move|p2a: The good|Thunderbolt|p1a: Clodsire
|-immune|p1a: Clodsire
|
|upkeep
|turn|25
|
|t:|1781114602
|switch|p2a: The Sac|Garchomp, M|37/100
|move|p1a: Clodsire|Earthquake|p2a: The Sac
|-damage|p2a: The Sac|19/100
|
|upkeep
|turn|26
|
|t:|1781114606
|switch|p1a: Corviknight|Corviknight, M|72/100
|-damage|p1a: Corviknight|60/100|[from] Stealth Rock
|-ability|p1a: Corviknight|Pressure
|move|p2a: The Sac|Fire Fang|p1a: Corviknight
|-supereffective|p1a: Corviknight
|-damage|p1a: Corviknight|36/100
|
|upkeep
|turn|27
|
|t:|1781114610
|move|p2a: The Sac|Fire Fang|p1a: Corviknight
|-supereffective|p1a: Corviknight
|-damage|p1a: Corviknight|11/100
|move|p1a: Corviknight|Roost|p1a: Corviknight
|-heal|p1a: Corviknight|61/100
|-singleturn|p1a: Corviknight|move: Roost
|
|upkeep
|turn|28
|
|t:|1781114615
|switch|p2a: The good|Goodra-Hisui, F|20/100
|move|p1a: Corviknight|Iron Defense|p1a: Corviknight
|-boost|p1a: Corviknight|def|2
|
|upkeep
|turn|29
|
|t:|1781114617
|move|p2a: The good|Thunderbolt|p1a: Corviknight
|-supereffective|p1a: Corviknight
|-damage|p1a: Corviknight|2/100
|-status|p1a: Corviknight|par
|cant|p1a: Corviknight|par
|
|upkeep
|turn|30
|
|t:|1781114621
|move|p2a: The good|Ice Beam|p1a: Corviknight
|-damage|p1a: Corviknight|0 fnt
|faint|p1a: Corviknight
|
|upkeep
|
|t:|1781114624
|switch|p1a: Clodsire|Clodsire, M|100/100
|turn|31
|
|t:|1781114628
|move|p2a: The good|Draco Meteor|p1a: Clodsire
|-damage|p1a: Clodsire|66/100
|-unboost|p2a: The good|spa|2
|move|p1a: Clodsire|Earthquake|p2a: The good
|-supereffective|p2a: The good
|-damage|p2a: The good|0 fnt
|faint|p2a: The good
|
|upkeep
|
|t:|1781114631
|switch|p2a: The Sac|Garchomp, M|19/100
|turn|32
|c| SigmaWolf67|damn
|
|t:|1781114634
|move|p2a: The Sac|Spikes|p1a: Clodsire
|-sidestart|p1: blip_exists|Spikes
|move|p1a: Clodsire|Earthquake|p2a: The Sac
|-damage|p2a: The Sac|3/100
|
|upkeep
|turn|33
|
|t:|1781114636
|move|p2a: The Sac|Earthquake|p1a: Clodsire
|-supereffective|p1a: Clodsire
|-damage|p1a: Clodsire|0 fnt
|faint|p1a: Clodsire
|
|upkeep
|
|t:|1781114640
|switch|p1a: Alomomola|Alomomola, M|54/100 par
|-damage|p1a: Alomomola|41/100 par|[from] Stealth Rock
|-damage|p1a: Alomomola|29/100 par|[from] Spikes
|turn|34
|
|t:|1781114642
|move|p2a: The Sac|Spikes|p1a: Alomomola
|-sidestart|p1: blip_exists|Spikes
|move|p1a: Alomomola|Flip Turn|p2a: The Sac
|-damage|p2a: The Sac|0 fnt
|-damage|p1a: Alomomola|17/100 par|[from] ability: Rough Skin|[of] p2a: The Sac
|-damage|p1a: Alomomola|0 fnt|[from] item: Rocky Helmet|[of] p2a: The Sac
|faint|p2a: The Sac
|faint|p1a: Alomomola
|
|upkeep
|
|t:|1781114651
|switch|p2a: Tyranocif|Tyranitar, F|98/100
|switch|p1a: Toxapex|Toxapex, M|100/100
|-weather|Sandstorm|[from] ability: Sand Stream|[of] p2a: Tyranocif
|turn|35
|
|t:|1781114653
|move|p2a: Tyranocif|Knock Off|p1a: Toxapex
|-damage|p1a: Toxapex|74/100
|-enditem|p1a: Toxapex|Heavy-Duty Boots|[from] move: Knock Off|[of] p2a: Tyranocif
|move|p1a: Toxapex|Toxic|p2a: Tyranocif
|-status|p2a: Tyranocif|tox
|
|-weather|Sandstorm|[upkeep]
|-damage|p1a: Toxapex|68/100|[from] Sandstorm
|-damage|p2a: Tyranocif|91/100 tox|[from] psn
|upkeep
|turn|36
|
|t:|1781114658
|move|p1a: Toxapex|Recover|p1a: Toxapex
|-heal|p1a: Toxapex|100/100
|move|p2a: Tyranocif|Roar|p1a: Toxapex
|drag|p1a: Clefable|Clefable, F|77/100 brn
|
|-weather|Sandstorm|[upkeep]
|-damage|p2a: Tyranocif|79/100 tox|[from] psn
|upkeep
|turn|37
|
|t:|1781114665
|move|p2a: Tyranocif|Ice Beam|p1a: Clefable
|-damage|p1a: Clefable|63/100 brn
|move|p1a: Clefable|Moonblast|p2a: Tyranocif
|-supereffective|p2a: Tyranocif
|-damage|p2a: Tyranocif|53/100 tox
|
|-weather|Sandstorm|[upkeep]
|-damage|p2a: Tyranocif|35/100 tox|[from] psn
|upkeep
|turn|38
|
|t:|1781114670
|move|p2a: Tyranocif|Ice Beam|p1a: Clefable
|-damage|p1a: Clefable|48/100 brn
|move|p1a: Clefable|Moonlight|p1a: Clefable
|-heal|p1a: Clefable|73/100 brn
|
|-weather|Sandstorm|[upkeep]
|-damage|p2a: Tyranocif|10/100 tox|[from] psn
|upkeep
|turn|39
|
|t:|1781114672
|move|p2a: Tyranocif|Ice Beam|p1a: Clefable
|-damage|p1a: Clefable|59/100 brn
|move|p1a: Clefable|Moonlight|p1a: Clefable
|-heal|p1a: Clefable|84/100 brn
|
|-weather|none
|-damage|p2a: Tyranocif|0 fnt|[from] psn
|faint|p2a: Tyranocif
|upkeep
|
|t:|1781114674
|switch|p2a: He pulten on it|Dragapult, M|89/100
|turn|40
|
|t:|1781114677
|move|p2a: He pulten on it|Hex|p1a: Clefable
|-damage|p1a: Clefable|46/100 brn
|move|p1a: Clefable|Moonblast|p2a: He pulten on it
|-supereffective|p2a: He pulten on it
|-damage|p2a: He pulten on it|1/100
|
|upkeep
|turn|41
|
|t:|1781114681
|move|p2a: He pulten on it|Hex|p1a: Clefable
|-damage|p1a: Clefable|9/100 brn
|move|p1a: Clefable|Moonlight|p1a: Clefable
|-heal|p1a: Clefable|59/100 brn
|
|upkeep
|turn|42
|
|t:|1781114683
|move|p2a: He pulten on it|Hex|p1a: Clefable
|-damage|p1a: Clefable|18/100 brn
|move|p1a: Clefable|Moonlight|p1a: Clefable
|-heal|p1a: Clefable|68/100 brn
|
|upkeep
|turn|43
|
|t:|1781114687
|move|p2a: He pulten on it|U-turn|p1a: Clefable
|-resisted|p1a: Clefable
|-damage|p1a: Clefable|59/100 brn
|
|t:|1781114688
|switch|p2a: Manny|Dragonite, F|100/100|[from] U-turn
|move|p1a: Clefable|Moonlight|p1a: Clefable
|-heal|p1a: Clefable|100/100 brn
|
|upkeep
|turn|44
|
|t:|1781114694
|move|p2a: Manny|Encore|p1a: Clefable
|-start|p1a: Clefable|Encore
|move|p1a: Clefable|Moonlight|p1a: Clefable
|-fail|p1a: Clefable|heal
|
|upkeep
|turn|45
|
|t:|1781114696
|switch|p1a: Toxapex|Toxapex, M|100/100
|-damage|p1a: Toxapex|88/100|[from] Stealth Rock
|-damage|p1a: Toxapex|72/100|[from] Spikes
|move|p2a: Manny|Dragon Dance|p2a: Manny
|-boost|p2a: Manny|atk|1
|-boost|p2a: Manny|spe|1
|
|upkeep
|turn|46
|
|t:|1781114699
|move|p2a: Manny|Earthquake|p1a: Toxapex
|-supereffective|p1a: Toxapex
|-damage|p1a: Toxapex|0 fnt
|faint|p1a: Toxapex
|
|upkeep
|
|t:|1781114700
|switch|p1a: Clefable|Clefable, F|100/100 brn
|turn|47
|
|t:|1781114710
|-terastallize|p2a: Manny|Normal
|move|p2a: Manny|Dragon Dance|p2a: Manny
|-boost|p2a: Manny|atk|1
|-boost|p2a: Manny|spe|1
|move|p1a: Clefable|Ice Beam|p2a: Manny
|-damage|p2a: Manny|89/100
|
|upkeep
|turn|48
|
|t:|1781114713
|switch|p1a: Quagsire|Quagsire, M|58/100
|-damage|p1a: Quagsire|52/100|[from] Stealth Rock
|-damage|p1a: Quagsire|36/100|[from] Spikes
|move|p2a: Manny|Extreme Speed|p1a: Quagsire
|-damage|p1a: Quagsire|2/100
|
|upkeep
|turn|49
|
|t:|1781114716
|move|p2a: Manny|Extreme Speed|p1a: Quagsire
|-damage|p1a: Quagsire|0 fnt
|faint|p1a: Quagsire
|
|upkeep
|
|t:|1781114717
|switch|p1a: Clefable|Clefable, F|100/100 brn
|turn|50
|-message|blip_exists forfeited.
|
|win|extra-pseudo man
|raw|blip_exists's rating: 1607 &rarr; <strong>1588</strong><br />(-19 for losing)
|raw|extra-pseudo man's rating: 1620 &rarr; <strong>1639</strong><br />(+19 for winning)
|c| SigmaWolf67|:sob:
|l| SigmaWolf67
|l|☆blip_exists
|player|p1|
|l|☆extra-pseudo man
|player|p2|
