|j|☆overheat xyz
|j|☆AlIoutdragadarts
|t:|1781315368
|gametype|singles
|player|p1|overheat xyz|265|1679
|player|p2|AlIoutdragadarts|pokefan-gen4|1712
|gen|9
|tier|[Gen 9] OU
|rated|
|rule|HP Percentage Mod: HP is shown in percentages
|rule|Endless Battle Clause: Forcing endless battles is banned
|rule|Species Clause: Limit one of each Pokémon
|rule|OHKO Clause: OHKO moves are banned
|rule|Evasion Items Clause: Evasion items are banned
|rule|Evasion Moves Clause: Evasion moves are banned
|rule|Evasion Abilities Clause: Evasion abilities are banned
|rule|Sleep Moves Clause: Sleep-inducing moves are banned
|clearpoke
|poke|p1|Dragapult, M|
|poke|p1|Gliscor, F|
|poke|p1|Rillaboom, M|
|poke|p1|Slowking-Galar, M|
|poke|p1|Kingambit, M|
|poke|p1|Corviknight, F|
|poke|p2|Dragonite, M|
|poke|p2|Samurott-Hisui, M|
|poke|p2|Clefable, F|
|poke|p2|Gliscor, M|
|poke|p2|Gholdengo|
|poke|p2|Zamazenta-*|
|teampreview
|inactive|Battle timer is ON: inactive players will automatically lose when time's up. (requested by overheat xyz)
|j| dilf huntr
|
|t:|1781315386
|teamsize|p1|6
|teamsize|p2|6
|start
|switch|p1a: Rillaboom|Rillaboom, M|100/100
|switch|p2a: Samurott|Samurott-Hisui, M, shiny|100/100
|-fieldstart|move: Grassy Terrain|[from] ability: Grassy Surge|[of] p1a: Rillaboom
|turn|1
|
|t:|1781315394
|switch|p2a: Clefable|Clefable, F, shiny|100/100
|move|p1a: Rillaboom|Wood Hammer|p2a: Clefable
|-damage|p2a: Clefable|5/100
|-damage|p1a: Rillaboom|84/100|[from] item: Rocky Helmet|[of] p2a: Clefable
|-damage|p1a: Rillaboom|47/100|[from] Recoil
|
|-heal|p1a: Rillaboom|54/100|[from] Grassy Terrain
|-heal|p2a: Clefable|11/100|[from] Grassy Terrain
|upkeep
|turn|2
|j| Kisaragi Station
|
|t:|1781315404
|switch|p2a: Dragonite|Dragonite, M, shiny|100/100
|move|p1a: Rillaboom|Wood Hammer|p2a: Dragonite
|-resisted|p2a: Dragonite
|-damage|p2a: Dragonite|84/100
|-damage|p1a: Rillaboom|48/100|[from] Recoil
|
|-heal|p1a: Rillaboom|54/100|[from] Grassy Terrain
|upkeep
|turn|3
|
|t:|1781315412
|switch|p1a: Slowking|Slowking-Galar, M|100/100
|move|p2a: Dragonite|Roost|p2a: Dragonite
|-heal|p2a: Dragonite|100/100
|-singleturn|p2a: Dragonite|move: Roost
|
|upkeep
|turn|4
|
|t:|1781315420
|switch|p2a: Samurott|Samurott-Hisui, M, shiny|100/100
|move|p1a: Slowking|Sludge Bomb|p2a: Samurott
|-damage|p2a: Samurott|69/100
|-status|p2a: Samurott|psn
|
|-heal|p2a: Samurott|75/100 psn|[from] Grassy Terrain
|-damage|p2a: Samurott|63/100 psn|[from] psn
|upkeep
|turn|5
|
|t:|1781315429
|switch|p1a: Corviknight|Corviknight, F|100/100
|-ability|p1a: Corviknight|Pressure
|move|p2a: Samurott|Ceaseless Edge|p1a: Corviknight
|-damage|p1a: Corviknight|75/100
|-damage|p2a: Samurott|46/100 psn|[from] item: Rocky Helmet|[of] p1a: Corviknight
|-sidestart|p1: overheat xyz|Spikes
|
|-heal|p2a: Samurott|52/100 psn|[from] Grassy Terrain
|-damage|p2a: Samurott|40/100 psn|[from] psn
|-fieldend|move: Grassy Terrain
|upkeep
|turn|6
|j| Agathina
|
|t:|1781315437
|switch|p2a: Gliscor|Gliscor, M, shiny|100/100
|move|p1a: Corviknight|Roost|p1a: Corviknight
|-heal|p1a: Corviknight|100/100
|-singleturn|p1a: Corviknight|move: Roost
|
|-status|p2a: Gliscor|tox|[from] item: Toxic Orb
|upkeep
|turn|7
|
|t:|1781315442
|move|p2a: Gliscor|Protect|p2a: Gliscor
|-singleturn|p2a: Gliscor|Protect
|move|p1a: Corviknight|Defog|p2a: Gliscor
|-activate|p2a: Gliscor|move: Protect
|
|upkeep
|turn|8
|
|t:|1781315448
|switch|p1a: Gliscor|Gliscor, F|100/100
|move|p2a: Gliscor|Swords Dance|p2a: Gliscor
|-boost|p2a: Gliscor|atk|2
|
|-status|p1a: Gliscor|tox|[from] item: Toxic Orb
|upkeep
|turn|9
|
|t:|1781315458
|switch|p1a: Corviknight|Corviknight, F|100/100
|-ability|p1a: Corviknight|Pressure
|move|p2a: Gliscor|Knock Off|p1a: Corviknight
|-damage|p1a: Corviknight|74/100
|-damage|p2a: Gliscor|84/100 tox|[from] item: Rocky Helmet|[of] p1a: Corviknight
|-enditem|p1a: Corviknight|Rocky Helmet|[from] move: Knock Off|[of] p2a: Gliscor
|
|-heal|p2a: Gliscor|97/100 tox|[from] ability: Poison Heal
|upkeep
|turn|10
|
|t:|1781315471
|switch|p2a: Gholdengo|Gholdengo, shiny|100/100
|move|p1a: Corviknight|Roost|p1a: Corviknight
|-heal|p1a: Corviknight|100/100
|-singleturn|p1a: Corviknight|move: Roost
|
|upkeep
|turn|11
|
|t:|1781315486
|switch|p1a: Gliscor|Gliscor, F|100/100 tox
|move|p2a: Gholdengo|Trick|p1a: Gliscor
|-activate|p2a: Gholdengo|move: Trick|[of] p1a: Gliscor
|-item|p1a: Gliscor|Choice Scarf|[from] move: Trick
|-item|p2a: Gholdengo|Toxic Orb|[from] move: Trick
|
|upkeep
|turn|12
|
|t:|1781315501
|switch|p2a: Gliscor|Gliscor, M, shiny|97/100 tox
|move|p1a: Gliscor|Spikes|p2a: Gliscor
|-sidestart|p2: AlIoutdragadarts|Spikes
|
|-heal|p2a: Gliscor|100/100 tox|[from] ability: Poison Heal
|upkeep
|turn|13
|
|t:|1781315510
|switch|p2a: Clefable|Clefable, F, shiny|11/100
|move|p1a: Gliscor|Spikes|p2a: Clefable
|-sidestart|p2: AlIoutdragadarts|Spikes
|
|upkeep
|turn|14
|
|t:|1781315522
|switch|p1a: Kingambit|Kingambit, M|100/100
|-damage|p1a: Kingambit|88/100|[from] Spikes
|move|p2a: Clefable|Moonlight|p2a: Clefable
|-heal|p2a: Clefable|61/100
|
|-heal|p1a: Kingambit|94/100|[from] item: Leftovers
|upkeep
|turn|15
|
|t:|1781315540
|switch|p2a: Dragonite|Dragonite, M, shiny|100/100
|move|p1a: Kingambit|Swords Dance|p1a: Kingambit
|-boost|p1a: Kingambit|atk|2
|
|-heal|p1a: Kingambit|100/100|[from] item: Leftovers
|upkeep
|turn|16
|
|t:|1781315548
|-terastallize|p1a: Kingambit|Fairy
|move|p2a: Dragonite|Earthquake|p1a: Kingambit
|-damage|p1a: Kingambit|73/100
|move|p1a: Kingambit|Iron Head|p2a: Dragonite
|-damage|p2a: Dragonite|51/100
|
|-heal|p1a: Kingambit|79/100|[from] item: Leftovers
|upkeep
|turn|17
|
|t:|1781315558
|move|p2a: Dragonite|Earthquake|p1a: Kingambit
|-damage|p1a: Kingambit|48/100
|move|p1a: Kingambit|Kowtow Cleave|p2a: Dragonite
|-crit|p2a: Dragonite
|-damage|p2a: Dragonite|0 fnt
|faint|p2a: Dragonite
|
|-heal|p1a: Kingambit|55/100|[from] item: Leftovers
|upkeep
|
|t:|1781315567
|switch|p2a: Zamazenta|Zamazenta, shiny|100/100
|-damage|p2a: Zamazenta|84/100|[from] Spikes
|-ability|p2a: Zamazenta|Dauntless Shield|boost
|-boost|p2a: Zamazenta|def|1
|turn|18
|
|t:|1781315572
|move|p2a: Zamazenta|Iron Defense|p2a: Zamazenta
|-boost|p2a: Zamazenta|def|2
|move|p1a: Kingambit|Iron Head|p2a: Zamazenta
|-damage|p2a: Zamazenta|54/100
|
|-heal|p2a: Zamazenta|60/100|[from] item: Leftovers
|-heal|p1a: Kingambit|61/100|[from] item: Leftovers
|upkeep
|turn|19
|
|t:|1781315584
|-end|p1a: Kingambit|fallenundefined|[silent]
|switch|p1a: Gliscor|Gliscor, F|100/100 tox
|move|p2a: Zamazenta|Body Press|p1a: Gliscor
|-resisted|p1a: Gliscor
|-damage|p1a: Gliscor|65/100 tox
|
|-heal|p2a: Zamazenta|67/100|[from] item: Leftovers
|-heal|p1a: Gliscor|77/100 tox|[from] ability: Poison Heal
|upkeep
|turn|20
|
|t:|1781315598
|switch|p2a: Clefable|Clefable, F, shiny|61/100
|move|p1a: Gliscor|Toxic|p2a: Clefable
|-status|p2a: Clefable|tox
|
|-heal|p1a: Gliscor|90/100 tox|[from] ability: Poison Heal
|upkeep
|turn|21
|
|t:|1781315611
|switch|p1a: Slowking|Slowking-Galar, M|100/100
|-damage|p1a: Slowking|88/100|[from] Spikes
|move|p2a: Clefable|Moonlight|p2a: Clefable
|-heal|p2a: Clefable|100/100 tox
|
|upkeep
|turn|22
|
|t:|1781315618
|switch|p2a: Gliscor|Gliscor, M, shiny|100/100 tox
|move|p1a: Slowking|Sludge Bomb|p2a: Gliscor
|-resisted|p2a: Gliscor
|-damage|p2a: Gliscor|80/100 tox
|
|-heal|p2a: Gliscor|93/100 tox|[from] ability: Poison Heal
|upkeep
|turn|23
|
|t:|1781315624
|move|p2a: Gliscor|Protect|p2a: Gliscor
|-singleturn|p2a: Gliscor|Protect
|move|p1a: Slowking|Future Sight|p2a: Gliscor
|-start|p1a: Slowking|move: Future Sight
|
|-heal|p2a: Gliscor|100/100 tox|[from] ability: Poison Heal
|upkeep
|turn|24
|
|t:|1781315642
|switch|p1a: Corviknight|Corviknight, F|100/100
|-ability|p1a: Corviknight|Pressure
|move|p2a: Gliscor|Swords Dance|p2a: Gliscor
|-boost|p2a: Gliscor|atk|2
|
|upkeep
|turn|25
|
|t:|1781315651
|move|p2a: Gliscor|Protect|p2a: Gliscor
|-singleturn|p2a: Gliscor|Protect
|move|p1a: Corviknight|Iron Defense|p1a: Corviknight
|-boost|p1a: Corviknight|def|2
|
|-end|p2a: Gliscor|move: Future Sight
|-damage|p2a: Gliscor|49/100 tox
|-heal|p2a: Gliscor|62/100 tox|[from] ability: Poison Heal
|upkeep
|turn|26
|
|t:|1781315667
|switch|p1a: Gliscor|Gliscor, F|90/100 tox
|move|p2a: Gliscor|Facade|p1a: Gliscor
|-damage|p1a: Gliscor|41/100 tox
|
|-heal|p1a: Gliscor|54/100 tox|[from] ability: Poison Heal
|-heal|p2a: Gliscor|74/100 tox|[from] ability: Poison Heal
|upkeep
|turn|27
|
|t:|1781315676
|move|p1a: Gliscor|Spikes|p2a: Gliscor
|-sidestart|p2: AlIoutdragadarts|Spikes
|move|p2a: Gliscor|Swords Dance|p2a: Gliscor
|-boost|p2a: Gliscor|atk|2
|
|-heal|p1a: Gliscor|66/100 tox|[from] ability: Poison Heal
|-heal|p2a: Gliscor|87/100 tox|[from] ability: Poison Heal
|upkeep
|turn|28
|
|t:|1781315680
|switch|p1a: Corviknight|Corviknight, F|100/100
|-ability|p1a: Corviknight|Pressure
|move|p2a: Gliscor|Facade|p1a: Corviknight
|-resisted|p1a: Corviknight
|-damage|p1a: Corviknight|72/100
|
|-heal|p2a: Gliscor|99/100 tox|[from] ability: Poison Heal
|upkeep
|turn|29
|
|t:|1781315687
|move|p2a: Gliscor|Knock Off|p1a: Corviknight
|-damage|p1a: Corviknight|47/100
|move|p1a: Corviknight|Roost|p1a: Corviknight
|-heal|p1a: Corviknight|97/100
|-singleturn|p1a: Corviknight|move: Roost
|
|-heal|p2a: Gliscor|100/100 tox|[from] ability: Poison Heal
|upkeep
|turn|30
|
|t:|1781315693
|move|p2a: Gliscor|Knock Off|p1a: Corviknight
|-damage|p1a: Corviknight|72/100
|move|p1a: Corviknight|Iron Defense|p1a: Corviknight
|-boost|p1a: Corviknight|def|2
|
|upkeep
|turn|31
|
|t:|1781315699
|switch|p2a: Clefable|Clefable, F, shiny|100/100 tox
|move|p1a: Corviknight|Body Press|p2a: Clefable
|-resisted|p2a: Clefable
|-damage|p2a: Clefable|79/100 tox
|-damage|p1a: Corviknight|56/100|[from] item: Rocky Helmet|[of] p2a: Clefable
|
|upkeep
|turn|32
|
|t:|1781315705
|move|p1a: Corviknight|Roost|p1a: Corviknight
|-heal|p1a: Corviknight|100/100
|-singleturn|p1a: Corviknight|move: Roost
|move|p2a: Clefable|Stealth Rock|p1a: Corviknight
|-sidestart|p1: overheat xyz|move: Stealth Rock
|
|upkeep
|turn|33
|
|t:|1781315721
|move|p1a: Corviknight|Defog|p2a: Clefable
|-unboost|p2a: Clefable|evasion|1
|-sideend|p2: AlIoutdragadarts|Spikes|[from] move: Defog|[of] p1a: Corviknight
|-sideend|p1: overheat xyz|Spikes|[from] move: Defog|[of] p1a: Corviknight
|-sideend|p1: overheat xyz|Stealth Rock|[from] move: Defog|[of] p1a: Corviknight
|move|p2a: Clefable|Moonblast|p1a: Corviknight
|-resisted|p1a: Corviknight
|-damage|p1a: Corviknight|85/100
|
|upkeep
|turn|34
|
|t:|1781315725
|switch|p1a: Rillaboom|Rillaboom, M|54/100
|-fieldstart|move: Grassy Terrain|[from] ability: Grassy Surge|[of] p1a: Rillaboom
|move|p2a: Clefable|Stealth Rock|p1a: Rillaboom
|-sidestart|p1: overheat xyz|move: Stealth Rock
|
|-heal|p1a: Rillaboom|60/100|[from] Grassy Terrain
|-heal|p2a: Clefable|86/100 tox|[from] Grassy Terrain
|upkeep
|turn|35
|
|t:|1781315734
|switch|p2a: Gholdengo|Gholdengo, shiny|100/100
|move|p1a: Rillaboom|Wood Hammer|p2a: Gholdengo
|-resisted|p2a: Gholdengo
|-damage|p2a: Gholdengo|32/100
|-damage|p1a: Rillaboom|40/100|[from] Recoil
|
|-heal|p2a: Gholdengo|38/100|[from] Grassy Terrain
|-heal|p1a: Rillaboom|46/100|[from] Grassy Terrain
|upkeep
|turn|36
|
|t:|1781315740
|move|p2a: Gholdengo|Recover|p2a: Gholdengo
|-heal|p2a: Gholdengo|88/100
|move|p1a: Rillaboom|Wood Hammer|p2a: Gholdengo
|-resisted|p2a: Gholdengo
|-damage|p2a: Gholdengo|12/100
|-damage|p1a: Rillaboom|22/100|[from] Recoil
|
|-heal|p2a: Gholdengo|18/100|[from] Grassy Terrain
|-heal|p1a: Rillaboom|28/100|[from] Grassy Terrain
|upkeep
|turn|37
|
|t:|1781315754
|switch|p1a: Slowking|Slowking-Galar, M|100/100
|-damage|p1a: Slowking|88/100|[from] Stealth Rock
|move|p2a: Gholdengo|Make It Rain|p1a: Slowking
|-damage|p1a: Slowking|58/100
|-unboost|p2a: Gholdengo|spa|1
|
|-heal|p2a: Gholdengo|24/100|[from] Grassy Terrain
|-heal|p1a: Slowking|64/100|[from] Grassy Terrain
|upkeep
|turn|38
|
|t:|1781315757
|move|p2a: Gholdengo|Recover|p2a: Gholdengo
|-heal|p2a: Gholdengo|74/100
|move|p1a: Slowking|Fire Blast|p2a: Gholdengo
|-supereffective|p2a: Gholdengo
|-damage|p2a: Gholdengo|0 fnt
|faint|p2a: Gholdengo
|
|-heal|p1a: Slowking|71/100|[from] Grassy Terrain
|-fieldend|move: Grassy Terrain
|upkeep
|
|t:|1781315778
|switch|p2a: Samurott|Samurott-Hisui, M, shiny|40/100 psn
|turn|39
|
|t:|1781315789
|switch|p1a: Kingambit|Kingambit, M, tera:Fairy|61/100
|-damage|p1a: Kingambit|48/100|[from] Stealth Rock
|move|p2a: Samurott|Ceaseless Edge|p1a: Kingambit|[miss]
|-miss|p2a: Samurott|p1a: Kingambit
|
|-heal|p1a: Kingambit|55/100|[from] item: Leftovers
|-damage|p2a: Samurott|28/100 psn|[from] psn
|upkeep
|turn|40
|
|t:|1781315804
|move|p2a: Samurott|Razor Shell|p1a: Kingambit
|-damage|p1a: Kingambit|15/100
|move|p1a: Kingambit|Iron Head|p2a: Samurott
|-resisted|p2a: Samurott
|-damage|p2a: Samurott|2/100 psn
|
|-heal|p1a: Kingambit|22/100|[from] item: Leftovers
|-damage|p2a: Samurott|0 fnt|[from] psn
|faint|p2a: Samurott
|upkeep
|
|t:|1781315809
|switch|p2a: Gliscor|Gliscor, M, shiny|100/100 tox
|turn|41
|
|t:|1781315819
|-end|p1a: Kingambit|fallenundefined|[silent]
|switch|p1a: Corviknight|Corviknight, F|85/100
|-damage|p1a: Corviknight|73/100|[from] Stealth Rock
|-ability|p1a: Corviknight|Pressure
|move|p2a: Gliscor|Facade|p1a: Corviknight
|-resisted|p1a: Corviknight
|-damage|p1a: Corviknight|63/100
|
|upkeep
|turn|42
|
|t:|1781315826
|switch|p2a: Clefable|Clefable, F, shiny|86/100 tox
|move|p1a: Corviknight|Defog|p2a: Clefable
|-unboost|p2a: Clefable|evasion|1
|-sideend|p1: overheat xyz|Stealth Rock|[from] move: Defog|[of] p1a: Corviknight
|
|upkeep
|turn|43
|
|t:|1781315835
|switch|p1a: Slowking|Slowking-Galar, M|100/100
|move|p2a: Clefable|Moonblast|p1a: Slowking
|-resisted|p1a: Slowking
|-damage|p1a: Slowking|92/100
|-unboost|p1a: Slowking|spa|1
|
|upkeep
|turn|44
|
|t:|1781315847
|move|p2a: Clefable|Stealth Rock|p1a: Slowking
|-sidestart|p1: overheat xyz|move: Stealth Rock
|move|p1a: Slowking|Sludge Bomb|p2a: Clefable
|-supereffective|p2a: Clefable
|-damage|p2a: Clefable|26/100 tox
|
|upkeep
|turn|45
|
|t:|1781315855
|switch|p2a: Gliscor|Gliscor, M, shiny|100/100 tox
|move|p1a: Slowking|Future Sight|p2a: Gliscor
|-start|p1a: Slowking|move: Future Sight
|
|upkeep
|turn|46
|
|t:|1781315863
|switch|p1a: Corviknight|Corviknight, F|63/100
|-damage|p1a: Corviknight|51/100|[from] Stealth Rock
|-ability|p1a: Corviknight|Pressure
|move|p2a: Gliscor|Knock Off|p1a: Corviknight
|-damage|p1a: Corviknight|42/100
|
|upkeep
|turn|47
|
|t:|1781315873
|move|p2a: Gliscor|Swords Dance|p2a: Gliscor
|-boost|p2a: Gliscor|atk|2
|move|p1a: Corviknight|Roost|p1a: Corviknight
|-heal|p1a: Corviknight|92/100
|-singleturn|p1a: Corviknight|move: Roost
|
|-end|p2a: Gliscor|move: Future Sight
|-damage|p2a: Gliscor|51/100 tox
|-heal|p2a: Gliscor|64/100 tox|[from] ability: Poison Heal
|upkeep
|turn|48
|
|t:|1781315877
|switch|p2a: Clefable|Clefable, F, shiny|26/100 tox
|move|p1a: Corviknight|Defog|p2a: Clefable
|-unboost|p2a: Clefable|evasion|1
|-sideend|p1: overheat xyz|Stealth Rock|[from] move: Defog|[of] p1a: Corviknight
|
|upkeep
|turn|49
|
|t:|1781315884
|switch|p1a: Slowking|Slowking-Galar, M|100/100
|move|p2a: Clefable|Moonlight|p2a: Clefable
|-heal|p2a: Clefable|76/100 tox
|
|upkeep
|turn|50
|
|t:|1781315892
|move|p2a: Clefable|Stealth Rock|p1a: Slowking
|-sidestart|p1: overheat xyz|move: Stealth Rock
|move|p1a: Slowking|Future Sight|p2a: Clefable
|-start|p1a: Slowking|move: Future Sight
|
|upkeep
|turn|51
|
|t:|1781315898
|switch|p2a: Gliscor|Gliscor, M, shiny|64/100 tox
|move|p1a: Slowking|Psychic Noise|p2a: Gliscor
|-damage|p2a: Gliscor|30/100 tox
|-start|p2a: Gliscor|move: Heal Block
|
|upkeep
|turn|52
|-message|AlIoutdragadarts forfeited.
|
|win|overheat xyz
|raw|overheat xyz's rating: 1679 &rarr; <strong>1700</strong><br />(+21 for winning)
|raw|AlIoutdragadarts's rating: 1692 &rarr; <strong>1671</strong><br />(-21 for losing)
