|j|☆keirimm
|j|☆Mysterious Soop
|t:|1781099635
|gametype|singles
|player|p1|keirimm|170|1665
|player|p2|Mysterious Soop|102|1600
|gen|9
|tier|[Gen 9] OU
|rated|
|rule|HP Percentage Mod: HP is shown in percentages
|rule|Endless Battle Clause: Forcing endless battles is banned
|rule|Species Clause: Limit one of each Pokémon
|rule|OHKO Clause: OHKO moves are banned
|rule|Evasion Items Clause: Evasion items are banned
|rule|Evasion Moves Clause: Evasion moves are banned
|rule|Evasion Abilities Clause: Evasion abilities are banned
|rule|Sleep Moves Clause: Sleep-inducing moves are banned
|clearpoke
|poke|p1|Hatterene, F|
|poke|p1|Great Tusk|
|poke|p1|Tornadus-Therian, M|
|poke|p1|Kyurem|
|poke|p1|Slowking-Galar, M|
|poke|p1|Kingambit, M|
|poke|p2|Excadrill, F|
|poke|p2|Tyranitar, M|
|poke|p2|Hydrapple, F|
|poke|p2|Gholdengo|
|poke|p2|Alomomola, M|
|poke|p2|Hatterene, F|
|teampreview
|inactive|Battle timer is ON: inactive players will automatically lose when time's up. (requested by keirimm)
|j| Fat_Yogi
|c|☆Mysterious Soop|istg i've seen this team like 3 times today
|c|☆Mysterious Soop|glhf tho
|c|☆keirimm|u2
|inactive|keirimm has 120 seconds left.
|c|☆keirimm|lucky you ive been playing against stall all day bouta kms
|c| Fat_Yogi|y'all mind if i do a running commentary
|inactive|keirimm has 90 seconds left.
|
|t:|1781099719
|teamsize|p1|6
|teamsize|p2|6
|start
|switch|p1a: Hatterene|Hatterene, F|100/100
|switch|p2a: Tyranitar|Tyranitar, M|100/100
|-weather|Sandstorm|[from] ability: Sand Stream|[of] p2a: Tyranitar
|turn|1
|
|t:|1781099728
|switch|p2a: Excadrill|Excadrill, F|100/100
|move|p1a: Hatterene|Nuzzle|p2a: Excadrill
|-immune|p2a: Excadrill
|
|-weather|Sandstorm|[upkeep]
|-damage|p1a: Hatterene|95/100|[from] Sandstorm
|upkeep
|turn|2
|
|t:|1781099735
|switch|p1a: Great Tusk|Great Tusk|100/100
|move|p2a: Excadrill|Swords Dance|p2a: Excadrill
|-boost|p2a: Excadrill|atk|2
|
|-weather|Sandstorm|[upkeep]
|upkeep
|turn|3
|
|t:|1781099740
|-terastallize|p2a: Excadrill|Ground
|move|p2a: Excadrill|Earthquake|p1a: Great Tusk
|-damage|p1a: Great Tusk|0 fnt
|faint|p1a: Great Tusk
|-end|p1a: Great Tusk|Protosynthesis|[silent]
|
|-weather|Sandstorm|[upkeep]
|upkeep
|
|t:|1781099753
|switch|p1a: Kingambit|Kingambit, M|100/100
|-activate|p1a: Kingambit|ability: Supreme Overlord
|-start|p1a: Kingambit|fallen1|[silent]
|turn|4
|
|t:|1781099757
|move|p1a: Kingambit|Sucker Punch|p2a: Excadrill
|-damage|p2a: Excadrill|41/100
|move|p2a: Excadrill|Iron Head|p1a: Kingambit
|-resisted|p1a: Kingambit
|-damage|p1a: Kingambit|65/100
|
|-weather|Sandstorm|[upkeep]
|-heal|p2a: Excadrill|47/100|[from] item: Leftovers
|-heal|p1a: Kingambit|71/100|[from] item: Leftovers
|upkeep
|turn|5
|
|t:|1781099762
|switch|p2a: Alomomola|Alomomola, M|100/100
|move|p1a: Kingambit|Sucker Punch||[still]
|-fail|p1a: Kingambit
|
|-weather|none
|-heal|p1a: Kingambit|77/100|[from] item: Leftovers
|upkeep
|turn|6
|
|t:|1781099772
|-end|p1a: Kingambit|fallen1|[silent]
|switch|p1a: Kyurem|Kyurem|100/100
|-ability|p1a: Kyurem|Pressure
|move|p2a: Alomomola|Flip Turn|p1a: Kyurem
|-resisted|p1a: Kyurem
|-damage|p1a: Kyurem|93/100
|
|t:|1781099776
|switch|p2a: Tyranitar|Tyranitar, M|100/100|[from] Flip Turn
|-weather|Sandstorm|[from] ability: Sand Stream|[of] p2a: Tyranitar
|
|-weather|Sandstorm|[upkeep]
|-damage|p1a: Kyurem|86/100|[from] Sandstorm
|upkeep
|turn|7
|
|t:|1781099782
|switch|p1a: Hatterene|Hatterene, F|95/100
|move|p2a: Tyranitar|Stone Edge|p1a: Hatterene
|-damage|p1a: Hatterene|23/100
|
|-weather|Sandstorm|[upkeep]
|-damage|p1a: Hatterene|17/100|[from] Sandstorm
|upkeep
|turn|8
|
|t:|1781099788
|move|p2a: Tyranitar|Stone Edge|p1a: Hatterene
|-damage|p1a: Hatterene|0 fnt
|faint|p1a: Hatterene
|
|-weather|Sandstorm|[upkeep]
|upkeep
|
|t:|1781099790
|switch|p1a: Slowking|Slowking-Galar, M|100/100
|turn|9
|
|t:|1781099802
|move|p2a: Tyranitar|Stone Edge|p1a: Slowking
|-damage|p1a: Slowking|33/100
|move|p1a: Slowking|Trick|p2a: Tyranitar
|-activate|p1a: Slowking|move: Trick|[of] p2a: Tyranitar
|-item|p2a: Tyranitar|Black Sludge|[from] move: Trick
|-item|p1a: Slowking|Choice Band|[from] move: Trick
|
|-weather|Sandstorm|[upkeep]
|-damage|p1a: Slowking|26/100|[from] Sandstorm
|-damage|p2a: Tyranitar|88/100|[from] item: Black Sludge
|upkeep
|turn|10
|-message|keirimm forfeited.
|
|win|Mysterious Soop
|raw|keirimm's rating: 1665 &rarr; <strong>1641</strong><br />(-24 for losing)
|raw|Mysterious Soop's rating: 1600 &rarr; <strong>1624</strong><br />(+24 for winning)
|l|☆keirimm
|player|p1|
|c|☆Mysterious Soop|ggs
