|j|☆extra-pseudo man
|j|☆Davetron3030
|t:|1781539300
|gametype|singles
|player|p1|extra-pseudo man|alder|1681
|player|p2|Davetron3030|dancer|1687
|gen|9
|tier|[Gen 9] OU
|rated|
|rule|HP Percentage Mod: HP is shown in percentages
|rule|Endless Battle Clause: Forcing endless battles is banned
|rule|Species Clause: Limit one of each Pokémon
|rule|OHKO Clause: OHKO moves are banned
|rule|Evasion Items Clause: Evasion items are banned
|rule|Evasion Moves Clause: Evasion moves are banned
|rule|Evasion Abilities Clause: Evasion abilities are banned
|rule|Sleep Moves Clause: Sleep-inducing moves are banned
|clearpoke
|poke|p1|Dragonite, F|
|poke|p1|Dragapult, M|
|poke|p1|Tyranitar, F|
|poke|p1|Metagross|
|poke|p1|Goodra-Hisui, F|
|poke|p1|Garchomp, M|
|poke|p2|Garchomp, F|
|poke|p2|Gholdengo|
|poke|p2|Iron Crown|
|poke|p2|Iron Valiant|
|poke|p2|Samurott-Hisui, M|
|poke|p2|Zapdos-Galar|
|teampreview
|j| nesnot
|c|☆extra-pseudo man|gl
|
|t:|1781539330
|teamsize|p1|6
|teamsize|p2|6
|start
|switch|p1a: He pulten on it|Dragapult, M|100/100
|switch|p2a: Samurott|Samurott-Hisui, M|100/100
|turn|1
|
|t:|1781539342
|move|p1a: He pulten on it|U-turn|p2a: Samurott
|-supereffective|p2a: Samurott
|-damage|p2a: Samurott|59/100
|
|t:|1781539343
|switch|p1a: Marill me|Garchomp, M|100/100|[from] U-turn
|move|p2a: Samurott|Ceaseless Edge|p1a: Marill me
|-damage|p1a: Marill me|74/100
|-damage|p2a: Samurott|47/100|[from] ability: Rough Skin|[of] p1a: Marill me
|-damage|p2a: Samurott|30/100|[from] item: Rocky Helmet|[of] p1a: Marill me
|-sidestart|p1: extra-pseudo man|Spikes
|
|upkeep
|turn|2
|l| nesnot
|
|t:|1781539353
|move|p2a: Samurott|Taunt|p1a: Marill me
|-start|p1a: Marill me|move: Taunt
|cant|p1a: Marill me|move: Taunt|Spikes
|
|upkeep
|turn|3
|
|t:|1781539358
|move|p2a: Samurott|Ceaseless Edge|p1a: Marill me
|-damage|p1a: Marill me|45/100
|-damage|p2a: Samurott|18/100|[from] ability: Rough Skin|[of] p1a: Marill me
|-damage|p2a: Samurott|1/100|[from] item: Rocky Helmet|[of] p1a: Marill me
|-sidestart|p1: extra-pseudo man|Spikes
|move|p1a: Marill me|Earthquake|p2a: Samurott
|-damage|p2a: Samurott|0 fnt
|faint|p2a: Samurott
|
|upkeep
|j| newhere1310
|
|t:|1781539369
|switch|p2a: Iron Valiant|Iron Valiant|100/100
|turn|4
|
|t:|1781539381
|switch|p1a: Tyranocif|Tyranitar, F|100/100
|-damage|p1a: Tyranocif|84/100|[from] Spikes
|-weather|Sandstorm|[from] ability: Sand Stream|[of] p1a: Tyranocif
|move|p2a: Iron Valiant|Moonblast|p1a: Tyranocif
|-supereffective|p1a: Tyranocif
|-damage|p1a: Tyranocif|22/100
|
|-weather|Sandstorm|[upkeep]
|-damage|p2a: Iron Valiant|94/100|[from] Sandstorm
|-heal|p1a: Tyranocif|28/100|[from] item: Leftovers
|upkeep
|turn|5
|
|t:|1781539393
|switch|p1a: kaboom|Metagross|100/100
|-damage|p1a: kaboom|84/100|[from] Spikes
|move|p2a: Iron Valiant|Moonblast|p1a: kaboom
|-resisted|p1a: kaboom
|-damage|p1a: kaboom|40/100
|
|-weather|Sandstorm|[upkeep]
|-damage|p2a: Iron Valiant|88/100|[from] Sandstorm
|upkeep
|turn|6
|
|t:|1781539402
|move|p1a: kaboom|Bullet Punch|p2a: Iron Valiant
|-supereffective|p2a: Iron Valiant
|-damage|p2a: Iron Valiant|0 fnt
|faint|p2a: Iron Valiant
|-end|p2a: Iron Valiant|Quark Drive|[silent]
|
|-weather|Sandstorm|[upkeep]
|upkeep
|
|t:|1781539410
|switch|p2a: Garchomp|Garchomp, F|100/100
|turn|7
|
|t:|1781539415
|switch|p1a: Marill me|Garchomp, M|45/100
|-damage|p1a: Marill me|29/100|[from] Spikes
|move|p2a: Garchomp|Stealth Rock|p1a: Marill me
|-sidestart|p1: extra-pseudo man|move: Stealth Rock
|
|-weather|Sandstorm|[upkeep]
|upkeep
|turn|8
|
|t:|1781539423
|move|p2a: Garchomp|Earthquake|p1a: Marill me
|-damage|p1a: Marill me|1/100
|move|p1a: Marill me|Spikes|p2a: Garchomp
|-sidestart|p2: Davetron3030|Spikes
|
|-weather|none
|upkeep
|turn|9
|
|t:|1781539429
|move|p2a: Garchomp|Earthquake|p1a: Marill me
|-damage|p1a: Marill me|0 fnt
|faint|p1a: Marill me
|
|upkeep
|
|t:|1781539432
|switch|p1a: He pulten on it|Dragapult, M|100/100
|turn|10
|
|t:|1781539436
|move|p1a: He pulten on it|Draco Meteor|p2a: Garchomp
|-supereffective|p2a: Garchomp
|-damage|p2a: Garchomp|3/100
|-unboost|p1a: He pulten on it|spa|2
|move|p2a: Garchomp|Dragon Tail|p1a: He pulten on it
|-supereffective|p1a: He pulten on it
|-damage|p1a: He pulten on it|29/100
|drag|p1a: Chud|Dragonite, F|100/100
|
|upkeep
|turn|11
|
|t:|1781539447
|move|p1a: Chud|Earthquake|p2a: Garchomp
|-damage|p2a: Garchomp|0 fnt
|faint|p2a: Garchomp
|
|upkeep
|
|t:|1781539452
|switch|p2a: Gholdengo|Gholdengo|100/100
|-damage|p2a: Gholdengo|88/100|[from] Spikes
|turn|12
|
|t:|1781539459
|switch|p1a: kaboom|Metagross|40/100
|-damage|p1a: kaboom|23/100|[from] Spikes
|-damage|p1a: kaboom|17/100|[from] Stealth Rock
|move|p2a: Gholdengo|Thunder Wave|p1a: kaboom
|-status|p1a: kaboom|par
|
|-heal|p2a: Gholdengo|94/100|[from] item: Leftovers
|upkeep
|turn|13
|
|t:|1781539470
|move|p2a: Gholdengo|Hex|p1a: kaboom
|-supereffective|p1a: kaboom
|-damage|p1a: kaboom|0 fnt
|faint|p1a: kaboom
|
|-heal|p2a: Gholdengo|99/100|[from] item: Leftovers
|upkeep
|
|t:|1781539480
|switch|p1a: The goot|Goodra-Hisui, F|100/100
|-damage|p1a: The goot|84/100|[from] Spikes
|-damage|p1a: The goot|78/100|[from] Stealth Rock
|turn|14
|
|t:|1781539485
|move|p2a: Gholdengo|Thunder Wave|p1a: The goot
|-status|p1a: The goot|par
|cant|p1a: The goot|par
|
|-heal|p2a: Gholdengo|100/100|[from] item: Leftovers
|upkeep
|turn|15
|
|t:|1781539495
|switch|p1a: Tyranocif|Tyranitar, F|28/100
|-damage|p1a: Tyranocif|11/100|[from] Spikes
|-damage|p1a: Tyranocif|0 fnt|[from] Stealth Rock
|faint|p1a: Tyranocif
|move|p2a: Gholdengo|Hex|p1: Tyranocif|[notarget]
|-fail|p2a: Gholdengo
|
|upkeep
|
|t:|1781539497
|switch|p1a: The goot|Goodra-Hisui, F|78/100 par
|-damage|p1a: The goot|62/100 par|[from] Spikes
|-damage|p1a: The goot|55/100 par|[from] Stealth Rock
|turn|16
|
|t:|1781539507
|move|p2a: Gholdengo|Hex|p1a: The goot
|-damage|p1a: The goot|8/100 par
|cant|p1a: The goot|par
|
|upkeep
|turn|17
|
|t:|1781539512
|move|p2a: Gholdengo|Hex|p1a: The goot
|-damage|p1a: The goot|0 fnt
|faint|p1a: The goot
|
|upkeep
|
|t:|1781539516
|switch|p1a: He pulten on it|Dragapult, M|29/100
|turn|18
|
|t:|1781539520
|-terastallize|p2a: Gholdengo|Dark
|move|p1a: He pulten on it|Hex|p2a: Gholdengo
|-resisted|p2a: Gholdengo
|-damage|p2a: Gholdengo|87/100
|move|p2a: Gholdengo|Hex|p1a: He pulten on it
|-supereffective|p1a: He pulten on it
|-damage|p1a: He pulten on it|0 fnt
|faint|p1a: He pulten on it
|
|-heal|p2a: Gholdengo|93/100|[from] item: Leftovers
|upkeep
|
|t:|1781539523
|switch|p1a: Chud|Dragonite, F|100/100
|turn|19
|
|t:|1781539533
|move|p1a: Chud|Dragon Dance|p1a: Chud
|-boost|p1a: Chud|atk|1
|-boost|p1a: Chud|spe|1
|move|p2a: Gholdengo|Thunder Wave|p1a: Chud|[miss]
|-miss|p2a: Gholdengo|p1a: Chud
|
|-heal|p2a: Gholdengo|99/100|[from] item: Leftovers
|upkeep
|turn|20
|
|t:|1781539542
|move|p1a: Chud|Dragon Dance|p1a: Chud
|-boost|p1a: Chud|atk|1
|-boost|p1a: Chud|spe|1
|move|p2a: Gholdengo|Thunder Wave|p1a: Chud
|-status|p1a: Chud|par
|
|-heal|p2a: Gholdengo|100/100|[from] item: Leftovers
|upkeep
|turn|21
|
|t:|1781539554
|-terastallize|p1a: Chud|Normal
|move|p1a: Chud|Dragon Dance|p1a: Chud
|-boost|p1a: Chud|atk|1
|-boost|p1a: Chud|spe|1
|move|p2a: Gholdengo|Hex|p1a: Chud
|-immune|p1a: Chud
|
|upkeep
|turn|22
|
|t:|1781539563
|cant|p1a: Chud|par
|move|p2a: Gholdengo|Make It Rain|p1a: Chud
|-damage|p1a: Chud|74/100 par
|-unboost|p2a: Gholdengo|spa|1
|
|upkeep
|turn|23
|
|t:|1781539570
|cant|p1a: Chud|par
|move|p2a: Gholdengo|Make It Rain|p1a: Chud
|-damage|p1a: Chud|35/100 par
|-unboost|p2a: Gholdengo|spa|1
|
|upkeep
|turn|24
|
|t:|1781539577
|move|p1a: Chud|Extreme Speed|p2a: Gholdengo
|-damage|p2a: Gholdengo|22/100
|move|p2a: Gholdengo|Make It Rain|p1a: Chud
|-damage|p1a: Chud|8/100 par
|-unboost|p2a: Gholdengo|spa|1
|
|-heal|p2a: Gholdengo|28/100|[from] item: Leftovers
|upkeep
|turn|25
|
|t:|1781539587
|move|p1a: Chud|Extreme Speed|p2a: Gholdengo
|-damage|p2a: Gholdengo|0 fnt
|faint|p2a: Gholdengo
|
|upkeep
|j| qklingying
|
|t:|1781539592
|switch|p2a: Iron Crown|Iron Crown|100/100
|-damage|p2a: Iron Crown|88/100|[from] Spikes
|turn|26
|
|t:|1781539596
|move|p2a: Iron Crown|Tachyon Cutter|p1a: Chud
|-damage|p1a: Chud|0 fnt
|faint|p1a: Chud
|-hitcount|p1: Chud|1
|
|win|Davetron3030
|raw|extra-pseudo man's rating: 1681 &rarr; <strong>1661</strong><br />(-20 for losing)
|raw|Davetron3030's rating: 1687 &rarr; <strong>1707</strong><br />(+20 for winning)
|l|☆Davetron3030
|player|p2|
