|j|☆Greavard Squad
|j|☆XianTwa
|t:|1780889364
|gametype|singles
|player|p1|Greavard Squad|picnicker|1635
|player|p2|XianTwa|dawn|1606
|gen|9
|tier|[Gen 9] OU
|rated|
|rule|HP Percentage Mod: HP is shown in percentages
|rule|Endless Battle Clause: Forcing endless battles is banned
|rule|Species Clause: Limit one of each Pokémon
|rule|OHKO Clause: OHKO moves are banned
|rule|Evasion Items Clause: Evasion items are banned
|rule|Evasion Moves Clause: Evasion moves are banned
|rule|Evasion Abilities Clause: Evasion abilities are banned
|rule|Sleep Moves Clause: Sleep-inducing moves are banned
|clearpoke
|poke|p1|Alomomola, L99, M|
|poke|p1|Darkrai|
|poke|p1|Latios, M|
|poke|p1|Great Tusk|
|poke|p1|Pecharunt|
|poke|p1|Zamazenta-*|
|poke|p2|Hatterene, F|
|poke|p2|Arcanine-Hisui, F|
|poke|p2|Slowking-Galar, M|
|poke|p2|Zamazenta-*|
|poke|p2|Darkrai|
|poke|p2|Ogerpon-Wellspring, F|
|teampreview
|inactive|Battle timer is ON: inactive players will automatically lose when time's up. (requested by XianTwa)
|
|t:|1780889381
|teamsize|p1|6
|teamsize|p2|6
|start
|switch|p1a: Pecharunt|Pecharunt|100/100
|switch|p2a: Darkrai|Darkrai|100/100
|turn|1
|
|t:|1780889385
|switch|p1a: Alomomola|Alomomola, L99, M|100/100
|move|p2a: Darkrai|Dark Pulse|p1a: Alomomola
|-damage|p1a: Alomomola|76/100
|
|upkeep
|turn|2
|
|t:|1780889389
|switch|p2a: Ogerpon|Ogerpon-Wellspring, F|100/100
|move|p1a: Alomomola|Body Slam|p2a: Ogerpon
|-damage|p2a: Ogerpon|82/100
|
|upkeep
|turn|3
|j| Little Cuack
|
|t:|1780889409
|switch|p1a: Pecharunt|Pecharunt|100/100
|move|p2a: Ogerpon|Play Rough|p1a: Pecharunt|[miss]
|-miss|p2a: Ogerpon|p1a: Pecharunt
|
|upkeep
|turn|4
|
|t:|1780889418
|switch|p2a: Slowking|Slowking-Galar, M|100/100
|move|p1a: Pecharunt|Parting Shot|p2a: Slowking
|-unboost|p2a: Slowking|atk|1
|-unboost|p2a: Slowking|spa|1
|
|t:|1780889426
|switch|p1a: Darkrai|Darkrai|100/100|[from] Parting Shot
|
|upkeep
|turn|5
|
|t:|1780889429
|move|p1a: Darkrai|Trick|p2a: Slowking
|-activate|p1a: Darkrai|move: Trick|[of] p2a: Slowking
|-item|p2a: Slowking|Choice Scarf|[from] move: Trick
|-item|p1a: Darkrai|Heavy-Duty Boots|[from] move: Trick
|-prepare|p2a: Slowking|Chilly Reception|[premajor]
|move|p2a: Slowking|Chilly Reception|p2a: Slowking
|-weather|Snowscape
|
|t:|1780889442
|switch|p2a: Zamazenta|Zamazenta|100/100|[from] Chilly Reception
|-ability|p2a: Zamazenta|Dauntless Shield|boost
|-boost|p2a: Zamazenta|def|1
|
|-weather|Snowscape|[upkeep]
|upkeep
|turn|6
|
|t:|1780889447
|switch|p1a: Pecharunt|Pecharunt|100/100
|move|p2a: Zamazenta|Crunch|p1a: Pecharunt
|-supereffective|p1a: Pecharunt
|-damage|p1a: Pecharunt|79/100
|
|-weather|Snowscape|[upkeep]
|upkeep
|turn|7
|
|t:|1780889452
|switch|p2a: Hatterene|Hatterene, F|100/100
|move|p1a: Pecharunt|Recover|p1a: Pecharunt
|-heal|p1a: Pecharunt|100/100
|
|-weather|Snowscape|[upkeep]
|upkeep
|turn|8
|
|t:|1780889458
|move|p1a: Pecharunt|Parting Shot|p2a: Hatterene
|move|p2a: Hatterene|Parting Shot|p1a: Pecharunt|[from] ability: Magic Bounce
|-unboost|p1a: Pecharunt|atk|1
|-unboost|p1a: Pecharunt|spa|1
|
|t:|1780889465
|switch|p2a: Darkrai|Darkrai|100/100|[from] Parting Shot
|
|-weather|Snowscape|[upkeep]
|upkeep
|turn|9
|
|t:|1780889474
|switch|p1a: Alomomola|Alomomola, L99, M|100/100
|move|p2a: Darkrai|Sludge Bomb|p1a: Alomomola
|-damage|p1a: Alomomola|82/100
|-status|p1a: Alomomola|psn
|
|-weather|none
|-damage|p1a: Alomomola|70/100 psn|[from] psn
|upkeep
|turn|10
|
|t:|1780889482
|switch|p2a: Ogerpon|Ogerpon-Wellspring, F|82/100
|move|p1a: Alomomola|Body Slam|p2a: Ogerpon
|-damage|p2a: Ogerpon|64/100
|
|-damage|p1a: Alomomola|57/100 psn|[from] psn
|upkeep
|turn|11
|
|t:|1780889487
|move|p2a: Ogerpon|Ivy Cudgel|p1a: Alomomola|[anim] Ivy Cudgel Water
|-resisted|p1a: Alomomola
|-damage|p1a: Alomomola|37/100 psn
|move|p1a: Alomomola|Body Slam|p2a: Ogerpon
|-damage|p2a: Ogerpon|45/100
|-status|p2a: Ogerpon|par
|
|-damage|p1a: Alomomola|25/100 psn|[from] psn
|upkeep
|turn|12
|
|t:|1780889492
|switch|p1a: Pecharunt|Pecharunt|100/100
|cant|p2a: Ogerpon|par
|
|upkeep
|turn|13
|
|t:|1780889497
|move|p1a: Pecharunt|Malignant Chain|p2a: Ogerpon
|-supereffective|p2a: Ogerpon
|-damage|p2a: Ogerpon|0 fnt
|faint|p2a: Ogerpon
|
|upkeep
|
|t:|1780889500
|switch|p2a: Darkrai|Darkrai|100/100
|turn|14
|
|t:|1780889505
|switch|p1a: Alomomola|Alomomola, L99, M|58/100 psn
|move|p2a: Darkrai|Dark Pulse|p1a: Alomomola
|-damage|p1a: Alomomola|33/100 psn
|
|-damage|p1a: Alomomola|20/100 psn|[from] psn
|upkeep
|turn|15
|
|t:|1780889509
|switch|p1a: Darkrai|Darkrai|100/100
|move|p2a: Darkrai|Dark Pulse|p1a: Darkrai
|-resisted|p1a: Darkrai
|-damage|p1a: Darkrai|73/100
|
|upkeep
|turn|16
|
|t:|1780889513
|move|p1a: Darkrai|Sludge Bomb|p2a: Darkrai
|-damage|p2a: Darkrai|56/100
|move|p2a: Darkrai|Focus Blast|p1a: Darkrai
|-supereffective|p1a: Darkrai
|-damage|p1a: Darkrai|0 fnt
|faint|p1a: Darkrai
|
|upkeep
|
|t:|1780889517
|switch|p1a: Zamazenta|Zamazenta|100/100
|-ability|p1a: Zamazenta|Dauntless Shield|boost
|-boost|p1a: Zamazenta|def|1
|turn|17
|
|t:|1780889526
|switch|p2a: Slowking|Slowking-Galar, M|100/100
|-terastallize|p1a: Zamazenta|Steel
|move|p1a: Zamazenta|Heavy Slam|p2a: Slowking
|-damage|p2a: Slowking|70/100
|
|upkeep
|turn|18
|
|t:|1780889533
|move|p1a: Zamazenta|Crunch|p2a: Slowking
|-supereffective|p2a: Slowking
|-damage|p2a: Slowking|10/100
|-prepare|p2a: Slowking|Chilly Reception|[premajor]
|move|p2a: Slowking|Chilly Reception|p2a: Slowking
|-weather|Snowscape
|
|t:|1780889536
|switch|p2a: Hatterene|Hatterene, F|100/100|[from] Chilly Reception
|
|-weather|Snowscape|[upkeep]
|upkeep
|turn|19
|
|t:|1780889540
|move|p1a: Zamazenta|Heavy Slam|p2a: Hatterene
|-supereffective|p2a: Hatterene
|-enditem|p2a: Hatterene|Focus Sash
|-damage|p2a: Hatterene|1/100
|move|p2a: Hatterene|Mystical Fire|p1a: Zamazenta
|-supereffective|p1a: Zamazenta
|-damage|p1a: Zamazenta|42/100
|-unboost|p1a: Zamazenta|spa|1
|
|-weather|Snowscape|[upkeep]
|upkeep
|turn|20
|
|t:|1780889547
|move|p1a: Zamazenta|Crunch|p2a: Hatterene
|-damage|p2a: Hatterene|0 fnt
|faint|p2a: Hatterene
|
|-weather|Snowscape|[upkeep]
|upkeep
|
|t:|1780889556
|switch|p2a: Zamazenta|Zamazenta|100/100
|turn|21
|
|t:|1780889565
|switch|p1a: Pecharunt|Pecharunt|100/100
|move|p2a: Zamazenta|Crunch|p1a: Pecharunt
|-supereffective|p1a: Pecharunt
|-damage|p1a: Pecharunt|77/100
|
|-weather|Snowscape|[upkeep]
|upkeep
|turn|22
|
|t:|1780889568
|switch|p2a: Slowking|Slowking-Galar, M|43/100
|move|p1a: Pecharunt|Recover|p1a: Pecharunt
|-heal|p1a: Pecharunt|100/100
|
|-weather|none
|upkeep
|turn|23
|
|t:|1780889572
|move|p1a: Pecharunt|Foul Play|p2a: Slowking
|-supereffective|p2a: Slowking
|-damage|p2a: Slowking|21/100
|move|p2a: Slowking|Future Sight|p1a: Pecharunt
|-start|p2a: Slowking|move: Future Sight
|
|upkeep
|turn|24
|
|t:|1780889576
|move|p1a: Pecharunt|Malignant Chain|p2a: Slowking
|-resisted|p2a: Slowking
|-damage|p2a: Slowking|10/100
|move|p2a: Slowking|Future Sight||[still]
|-fail|p2a: Slowking
|
|upkeep
|turn|25
|
|t:|1780889583
|switch|p2a: Darkrai|Darkrai|56/100
|move|p1a: Pecharunt|Parting Shot|p2a: Darkrai
|-unboost|p2a: Darkrai|atk|1
|-unboost|p2a: Darkrai|spa|1
|
|t:|1780889588
|switch|p1a: Zamazenta|Zamazenta, tera:Steel|42/100|[from] Parting Shot
|
|-end|p1a: Zamazenta|move: Future Sight
|-resisted|p1a: Zamazenta
|-damage|p1a: Zamazenta|15/100
|upkeep
|turn|26
|
|t:|1780889593
|switch|p2a: Zamazenta|Zamazenta|100/100
|move|p1a: Zamazenta|Heavy Slam|p2a: Zamazenta
|-crit|p2a: Zamazenta
|-damage|p2a: Zamazenta|75/100
|
|-heal|p2a: Zamazenta|81/100|[from] item: Leftovers
|upkeep
|turn|27
|
|t:|1780889598
|switch|p1a: Pecharunt|Pecharunt|100/100
|move|p2a: Zamazenta|Body Press|p1a: Pecharunt
|-immune|p1a: Pecharunt
|
|-heal|p2a: Zamazenta|87/100|[from] item: Leftovers
|upkeep
|turn|28
|
|t:|1780889608
|move|p2a: Zamazenta|Crunch|p1a: Pecharunt
|-supereffective|p1a: Pecharunt
|-damage|p1a: Pecharunt|78/100
|move|p1a: Pecharunt|Malignant Chain|p2a: Zamazenta
|-damage|p2a: Zamazenta|56/100
|-status|p2a: Zamazenta|tox
|-start|p2a: Zamazenta|confusion|[from] ability: Poison Puppeteer|[of] p1a: Pecharunt
|
|-heal|p2a: Zamazenta|62/100 tox|[from] item: Leftovers
|-damage|p2a: Zamazenta|56/100 tox|[from] psn
|upkeep
|turn|29
|
|t:|1780889611
|switch|p2a: Slowking|Slowking-Galar, M|43/100
|move|p1a: Pecharunt|Recover|p1a: Pecharunt
|-heal|p1a: Pecharunt|100/100
|
|upkeep
|turn|30
|j| testingrainteam1
|
|t:|1780889615
|move|p1a: Pecharunt|Foul Play|p2a: Slowking
|-supereffective|p2a: Slowking
|-damage|p2a: Slowking|20/100
|move|p2a: Slowking|Psychic Noise|p1a: Pecharunt
|-supereffective|p1a: Pecharunt
|-damage|p1a: Pecharunt|23/100
|-start|p1a: Pecharunt|move: Heal Block
|
|upkeep
|turn|31
|
|t:|1780889624
|switch|p2a: Zamazenta|Zamazenta|56/100 tox
|move|p1a: Pecharunt|Foul Play|p2a: Zamazenta
|-resisted|p2a: Zamazenta
|-damage|p2a: Zamazenta|46/100 tox
|
|-heal|p2a: Zamazenta|52/100 tox|[from] item: Leftovers
|-damage|p2a: Zamazenta|46/100 tox|[from] psn
|-end|p1a: Pecharunt|move: Heal Block
|upkeep
|turn|32
|
|t:|1780889629
|switch|p1a: Alomomola|Alomomola, L99, M|54/100 psn
|move|p2a: Zamazenta|Crunch|p1a: Alomomola
|-damage|p1a: Alomomola|38/100 psn
|-unboost|p1a: Alomomola|def|1
|
|-heal|p2a: Zamazenta|52/100 tox|[from] item: Leftovers
|-damage|p2a: Zamazenta|40/100 tox|[from] psn
|-damage|p1a: Alomomola|26/100 psn|[from] psn
|upkeep
|turn|33
|
|t:|1780889634
|switch|p1a: Great Tusk|Great Tusk|100/100
|move|p2a: Zamazenta|Body Press|p1a: Great Tusk
|-damage|p1a: Great Tusk|78/100
|
|-heal|p2a: Zamazenta|46/100 tox|[from] item: Leftovers
|-damage|p2a: Zamazenta|27/100 tox|[from] psn
|upkeep
|turn|34
|
|t:|1780889641
|move|p2a: Zamazenta|Body Press|p1a: Great Tusk
|-damage|p1a: Great Tusk|57/100
|move|p1a: Great Tusk|Rapid Spin|p2a: Zamazenta
|-damage|p2a: Zamazenta|16/100 tox
|-boost|p1a: Great Tusk|spe|1
|
|-heal|p2a: Zamazenta|22/100 tox|[from] item: Leftovers
|-damage|p2a: Zamazenta|0 fnt|[from] psn
|faint|p2a: Zamazenta
|upkeep
|
|t:|1780889647
|switch|p2a: Slowking|Slowking-Galar, M|53/100
|turn|35
|
|t:|1780889653
|-terastallize|p2a: Slowking|Water
|move|p1a: Great Tusk|Headlong Rush|p2a: Slowking
|-damage|p2a: Slowking|0 fnt
|-unboost|p1a: Great Tusk|def|1
|-unboost|p1a: Great Tusk|spd|1
|faint|p2a: Slowking
|
|upkeep
|l| testingrainteam1
|
|t:|1780889662
|switch|p2a: Arcanine|Arcanine-Hisui, F|100/100
|turn|36
|
|t:|1780889664
|move|p2a: Arcanine|Extreme Speed|p1a: Great Tusk
|-damage|p1a: Great Tusk|21/100
|move|p1a: Great Tusk|Headlong Rush|p2a: Arcanine
|-supereffective|p2a: Arcanine
|-damage|p2a: Arcanine|0 fnt
|-unboost|p1a: Great Tusk|def|1
|-unboost|p1a: Great Tusk|spd|1
|faint|p2a: Arcanine
|
|upkeep
|-message|XianTwa forfeited.
|
|win|Greavard Squad
|raw|Greavard Squad's rating: 1635 &rarr; <strong>1653</strong><br />(+18 for winning)
|raw|XianTwa's rating: 1606 &rarr; <strong>1588</strong><br />(-18 for losing)
|l|☆XianTwa
|player|p2|
|l| Little Cuack
