|j|☆n5v
|j|☆LetsgoBrandonJ
|t:|1781370016
|gametype|singles
|player|p1|n5v|leon-masters|1697
|player|p2|LetsgoBrandonJ|palmer|1727
|gen|9
|tier|[Gen 9] OU
|rated|
|rule|HP Percentage Mod: HP is shown in percentages
|rule|Endless Battle Clause: Forcing endless battles is banned
|rule|Species Clause: Limit one of each Pokémon
|rule|OHKO Clause: OHKO moves are banned
|rule|Evasion Items Clause: Evasion items are banned
|rule|Evasion Moves Clause: Evasion moves are banned
|rule|Evasion Abilities Clause: Evasion abilities are banned
|rule|Sleep Moves Clause: Sleep-inducing moves are banned
|clearpoke
|poke|p1|Raging Bolt|
|poke|p1|Enamorus, F|
|poke|p1|Rillaboom, M|
|poke|p1|Kingambit, M|
|poke|p1|Great Tusk|
|poke|p1|Slowking-Galar, F|
|poke|p2|Araquanid, M|
|poke|p2|Gholdengo|
|poke|p2|Iron Moth|
|poke|p2|Iron Valiant|
|poke|p2|Raging Bolt|
|poke|p2|Kingambit, M|
|teampreview
|inactive|Battle timer is ON: inactive players will automatically lose when time's up. (requested by LetsgoBrandonJ)
|c|☆n5v|glhf
|
|t:|1781370044
|teamsize|p1|6
|teamsize|p2|6
|start
|switch|p1a: goobing bolt|Raging Bolt|100/100
|switch|p2a: Araquanid|Araquanid, M, shiny|100/100
|turn|1
|
|t:|1781370052
|move|p1a: goobing bolt|Thunderbolt|p2a: Araquanid
|-supereffective|p2a: Araquanid
|-damage|p2a: Araquanid|0 fnt
|faint|p2a: Araquanid
|
|upkeep
|
|t:|1781370064
|switch|p2a: Iron Valiant|Iron Valiant|100/100
|-enditem|p2a: Iron Valiant|Booster Energy
|-activate|p2a: Iron Valiant|ability: Quark Drive|[fromitem]
|-start|p2a: Iron Valiant|quarkdrivespa
|turn|2
|
|t:|1781370070
|-terastallize|p1a: goobing bolt|Bug
|move|p2a: Iron Valiant|Moonblast|p1a: goobing bolt
|-damage|p1a: goobing bolt|32/100
|move|p1a: goobing bolt|Thunderbolt|p2a: Iron Valiant
|-damage|p2a: Iron Valiant|0 fnt
|faint|p2a: Iron Valiant
|-end|p2a: Iron Valiant|Quark Drive|[silent]
|
|upkeep
|
|t:|1781370080
|switch|p2a: Iron Moth|Iron Moth|100/100
|-enditem|p2a: Iron Moth|Booster Energy
|-activate|p2a: Iron Moth|ability: Quark Drive|[fromitem]
|-start|p2a: Iron Moth|quarkdrivespa
|turn|3
|
|t:|1781370087
|-end|p1a: goobing bolt|Protosynthesis|[silent]
|switch|p1a: wake not walking|Slowking-Galar, F|100/100
|move|p2a: Iron Moth|Fiery Dance|p1a: wake not walking
|-damage|p1a: wake not walking|71/100
|-boost|p2a: Iron Moth|spa|1
|
|upkeep
|turn|4
|
|t:|1781370099
|-terastallize|p2a: Iron Moth|Grass
|move|p2a: Iron Moth|Fiery Dance|p1a: wake not walking
|-damage|p1a: wake not walking|32/100
|-boost|p2a: Iron Moth|spa|1
|move|p1a: wake not walking|Psyshock|p2a: Iron Moth
|-damage|p2a: Iron Moth|32/100
|
|upkeep
|turn|5
|
|t:|1781370120
|switch|p1a: cheap tusk|Great Tusk|100/100
|move|p2a: Iron Moth|Fiery Dance|p1a: cheap tusk
|-damage|p1a: cheap tusk|0 fnt
|-boost|p2a: Iron Moth|spa|1
|faint|p1a: cheap tusk
|-end|p1a: cheap tusk|Protosynthesis|[silent]
|
|upkeep
|
|t:|1781370129
|switch|p1a: diddy kong|Rillaboom, M, shiny|100/100
|-fieldstart|move: Grassy Terrain|[from] ability: Grassy Surge|[of] p1a: diddy kong
|turn|6
|
|t:|1781370136
|move|p1a: diddy kong|Grassy Glide|p2a: Iron Moth
|-resisted|p2a: Iron Moth
|-damage|p2a: Iron Moth|0 fnt
|faint|p2a: Iron Moth
|-end|p2a: Iron Moth|Quark Drive|[silent]
|
|upkeep
|j| BiscoitoXDBr
|j| Rdes30
|
|t:|1781370142
|switch|p2a: Raging Bolt|Raging Bolt|100/100
|-enditem|p2a: Raging Bolt|Booster Energy
|-activate|p2a: Raging Bolt|ability: Protosynthesis|[fromitem]
|-start|p2a: Raging Bolt|protosynthesisspa
|turn|7
|l| Rdes30
|
|t:|1781370150
|move|p1a: diddy kong|Grassy Glide|p2a: Raging Bolt
|-resisted|p2a: Raging Bolt
|-damage|p2a: Raging Bolt|70/100
|move|p2a: Raging Bolt|Thunderbolt|p1a: diddy kong
|-resisted|p1a: diddy kong
|-damage|p1a: diddy kong|50/100
|
|-heal|p1a: diddy kong|56/100|[from] Grassy Terrain
|-heal|p2a: Raging Bolt|76/100|[from] Grassy Terrain
|upkeep
|turn|8
|
|t:|1781370160
|move|p1a: diddy kong|Grassy Glide|p2a: Raging Bolt
|-resisted|p2a: Raging Bolt
|-damage|p2a: Raging Bolt|49/100
|move|p2a: Raging Bolt|Dragon Pulse|p1a: diddy kong
|-damage|p1a: diddy kong|0 fnt
|faint|p1a: diddy kong
|
|-heal|p2a: Raging Bolt|55/100|[from] Grassy Terrain
|upkeep
|
|t:|1781370166
|switch|p1a: wake not walking|Slowking-Galar, F|65/100
|turn|9
|
|t:|1781370182
|move|p2a: Raging Bolt|Calm Mind|p2a: Raging Bolt
|-boost|p2a: Raging Bolt|spa|1
|-boost|p2a: Raging Bolt|spd|1
|move|p1a: wake not walking|Ice Beam|p2a: Raging Bolt
|-supereffective|p2a: Raging Bolt
|-damage|p2a: Raging Bolt|16/100
|
|-heal|p2a: Raging Bolt|22/100|[from] Grassy Terrain
|-heal|p1a: wake not walking|71/100|[from] Grassy Terrain
|upkeep
|turn|10
|
|t:|1781370191
|move|p2a: Raging Bolt|Thunderbolt|p1a: wake not walking
|-damage|p1a: wake not walking|18/100
|move|p1a: wake not walking|Ice Beam|p2a: Raging Bolt
|-supereffective|p2a: Raging Bolt
|-damage|p2a: Raging Bolt|0 fnt
|faint|p2a: Raging Bolt
|-end|p2a: Raging Bolt|Protosynthesis|[silent]
|
|-heal|p1a: wake not walking|24/100|[from] Grassy Terrain
|-fieldend|move: Grassy Terrain
|upkeep
|
|t:|1781370202
|switch|p2a: Kingambit|Kingambit, M, shiny|100/100
|-activate|p2a: Kingambit|ability: Supreme Overlord
|-start|p2a: Kingambit|fallen4|[silent]
|-item|p2a: Kingambit|Air Balloon
|turn|11
|
|t:|1781370209
|switch|p1a: neededaghostresist|Kingambit, M, shiny|100/100
|-activate|p1a: neededaghostresist|ability: Supreme Overlord
|-start|p1a: neededaghostresist|fallen2|[silent]
|move|p2a: Kingambit|Kowtow Cleave|p1a: neededaghostresist
|-resisted|p1a: neededaghostresist
|-damage|p1a: neededaghostresist|77/100
|
|-heal|p1a: neededaghostresist|83/100|[from] item: Leftovers
|upkeep
|turn|12
|
|t:|1781370219
|move|p2a: Kingambit|Swords Dance|p2a: Kingambit
|-boost|p2a: Kingambit|atk|2
|move|p1a: neededaghostresist|Swords Dance|p1a: neededaghostresist
|-boost|p1a: neededaghostresist|atk|2
|
|-heal|p1a: neededaghostresist|89/100|[from] item: Leftovers
|upkeep
|turn|13
|
|t:|1781370228
|move|p2a: Kingambit|Swords Dance|p2a: Kingambit
|-boost|p2a: Kingambit|atk|2
|move|p1a: neededaghostresist|Low Kick|p2a: Kingambit
|-supereffective|p2a: Kingambit
|-damage|p2a: Kingambit|0 fnt
|-enditem|p2a: Kingambit|Air Balloon
|faint|p2a: Kingambit
|-end|p2a: Kingambit|fallen4|[silent]
|
|-heal|p1a: neededaghostresist|96/100|[from] item: Leftovers
|upkeep
|c|☆n5v|I had the paste
|c|☆n5v|just to let u know
|
|t:|1781370238
|switch|p2a: Gholdengo|Gholdengo|100/100
|-item|p2a: Gholdengo|Air Balloon
|turn|14
|
|t:|1781370244
|move|p2a: Gholdengo|Shadow Ball|p1a: neededaghostresist
|-resisted|p1a: neededaghostresist
|-damage|p1a: neededaghostresist|73/100
|-unboost|p1a: neededaghostresist|spd|1
|move|p1a: neededaghostresist|Kowtow Cleave|p2a: Gholdengo
|-supereffective|p2a: Gholdengo
|-damage|p2a: Gholdengo|0 fnt
|-enditem|p2a: Gholdengo|Air Balloon
|faint|p2a: Gholdengo
|
|win|n5v
|raw|n5v's rating: 1697 &rarr; <strong>1719</strong><br />(+22 for winning)
|raw|LetsgoBrandonJ's rating: 1727 &rarr; <strong>1705</strong><br />(-22 for losing)
|c|☆n5v|gg
|l|☆LetsgoBrandonJ
|player|p2|
|l| BiscoitoXDBr
