|j|☆quolius
|j|☆bigtestsofbig
|t:|1781085449
|gametype|singles
|player|p1|quolius|102|1647
|player|p2|bigtestsofbig|265|1615
|gen|9
|tier|[Gen 9] OU
|rated|
|rule|HP Percentage Mod: HP is shown in percentages
|rule|Endless Battle Clause: Forcing endless battles is banned
|rule|Species Clause: Limit one of each Pokémon
|rule|OHKO Clause: OHKO moves are banned
|rule|Evasion Items Clause: Evasion items are banned
|rule|Evasion Moves Clause: Evasion moves are banned
|rule|Evasion Abilities Clause: Evasion abilities are banned
|rule|Sleep Moves Clause: Sleep-inducing moves are banned
|clearpoke
|poke|p1|Darkrai|
|poke|p1|Great Tusk|
|poke|p1|Samurott-Hisui, M|
|poke|p1|Iron Moth|
|poke|p1|Gholdengo|
|poke|p1|Ogerpon, F|
|poke|p2|Bisharp, M|
|poke|p2|Moltres|
|poke|p2|Great Tusk|
|poke|p2|Primarina, M|
|poke|p2|Iron Boulder|
|poke|p2|Darkrai|
|teampreview
|inactive|Battle timer is ON: inactive players will automatically lose when time's up. (requested by quolius)
|
|t:|1781085470
|teamsize|p1|6
|teamsize|p2|6
|start
|switch|p1a: Samurott|Samurott-Hisui, M|100/100
|switch|p2a: Iron Boulder|Iron Boulder|100/100
|turn|1
|j| biscoitotroll
|
|t:|1781085488
|-end|p2a: Iron Boulder|Quark Drive|[silent]
|switch|p2a: Bisharp|Bisharp, M|100/100
|move|p1a: Samurott|Ceaseless Edge|p2a: Bisharp|[miss]
|-miss|p1a: Samurott|p2a: Bisharp
|
|upkeep
|turn|2
|
|t:|1781085494
|move|p1a: Samurott|Ceaseless Edge|p2a: Bisharp
|-resisted|p2a: Bisharp
|-damage|p2a: Bisharp|84/100
|-sidestart|p2: bigtestsofbig|Spikes
|move|p2a: Bisharp|Low Kick|p1a: Samurott
|-supereffective|p1a: Samurott
|-damage|p1a: Samurott|27/100
|
|upkeep
|turn|3
|
|t:|1781085503
|switch|p1a: Great Tusk|Great Tusk|100/100
|move|p2a: Bisharp|Low Kick|p1a: Great Tusk
|-damage|p1a: Great Tusk|71/100
|-damage|p2a: Bisharp|67/100|[from] item: Rocky Helmet|[of] p1a: Great Tusk
|
|upkeep
|turn|4
|
|t:|1781085508
|switch|p2a: Great Tusk|Great Tusk|100/100
|move|p1a: Great Tusk|Stealth Rock|p2a: Great Tusk
|-sidestart|p2: bigtestsofbig|move: Stealth Rock
|
|upkeep
|turn|5
|
|t:|1781085512
|-end|p1a: Great Tusk|Protosynthesis|[silent]
|switch|p1a: Gholdengo|Gholdengo|100/100
|-item|p1a: Gholdengo|Air Balloon
|move|p2a: Great Tusk|Ice Spinner|p1a: Gholdengo
|-resisted|p1a: Gholdengo
|-damage|p1a: Gholdengo|91/100
|-enditem|p1a: Gholdengo|Air Balloon
|
|upkeep
|turn|6
|
|t:|1781085515
|move|p2a: Great Tusk|Headlong Rush|p1a: Gholdengo
|-supereffective|p1a: Gholdengo
|-damage|p1a: Gholdengo|11/100
|-unboost|p2a: Great Tusk|def|1
|-unboost|p2a: Great Tusk|spd|1
|move|p1a: Gholdengo|Make It Rain|p2a: Great Tusk
|-damage|p2a: Great Tusk|0 fnt
|-unboost|p1a: Gholdengo|spa|1
|faint|p2a: Great Tusk
|-end|p2a: Great Tusk|Protosynthesis|[silent]
|
|upkeep
|
|t:|1781085524
|switch|p2a: Iron Boulder|Iron Boulder|100/100
|-damage|p2a: Iron Boulder|88/100|[from] Spikes
|-damage|p2a: Iron Boulder|76/100|[from] Stealth Rock
|turn|7
|
|t:|1781085531
|move|p2a: Iron Boulder|Psycho Cut|p1a: Gholdengo
|-resisted|p1a: Gholdengo
|-damage|p1a: Gholdengo|0 fnt
|faint|p1a: Gholdengo
|
|upkeep
|
|t:|1781085533
|switch|p1a: Samurott|Samurott-Hisui, M|27/100
|turn|8
|
|t:|1781085536
|-end|p2a: Iron Boulder|Quark Drive|[silent]
|switch|p2a: Bisharp|Bisharp, M|67/100
|-damage|p2a: Bisharp|55/100|[from] Spikes
|-damage|p2a: Bisharp|49/100|[from] Stealth Rock
|move|p1a: Samurott|Ceaseless Edge|p2a: Bisharp
|-resisted|p2a: Bisharp
|-damage|p2a: Bisharp|32/100
|-sidestart|p2: bigtestsofbig|Spikes
|
|upkeep
|turn|9
|
|t:|1781085539
|switch|p1a: Great Tusk|Great Tusk|71/100
|move|p2a: Bisharp|Low Kick|p1a: Great Tusk
|-damage|p1a: Great Tusk|44/100
|-damage|p2a: Bisharp|16/100|[from] item: Rocky Helmet|[of] p1a: Great Tusk
|
|upkeep
|turn|10
|
|t:|1781085544
|move|p1a: Great Tusk|Headlong Rush|p2a: Bisharp
|-supereffective|p2a: Bisharp
|-damage|p2a: Bisharp|0 fnt
|-unboost|p1a: Great Tusk|def|1
|-unboost|p1a: Great Tusk|spd|1
|faint|p2a: Bisharp
|
|upkeep
|
|t:|1781085559
|switch|p2a: Darkrai|Darkrai|100/100
|-damage|p2a: Darkrai|84/100|[from] Spikes
|-damage|p2a: Darkrai|72/100|[from] Stealth Rock
|turn|11
|
|t:|1781085569
|-end|p1a: Great Tusk|Protosynthesis|[silent]
|switch|p1a: Iron Moth|Iron Moth|100/100
|-enditem|p1a: Iron Moth|Booster Energy
|-activate|p1a: Iron Moth|ability: Quark Drive|[fromitem]
|-start|p1a: Iron Moth|quarkdrivespe
|move|p2a: Darkrai|Sludge Bomb|p1a: Iron Moth
|-resisted|p1a: Iron Moth
|-damage|p1a: Iron Moth|85/100
|
|upkeep
|turn|12
|
|t:|1781085575
|switch|p2a: Moltres|Moltres|100/100
|move|p1a: Iron Moth|Toxic Spikes|p2a: Moltres
|-sidestart|p2: bigtestsofbig|move: Toxic Spikes
|
|upkeep
|turn|13
|
|t:|1781085580
|move|p1a: Iron Moth|Fiery Dance|p2a: Moltres
|-resisted|p2a: Moltres
|-damage|p2a: Moltres|79/100
|move|p2a: Moltres|Brave Bird|p1a: Iron Moth
|-damage|p1a: Iron Moth|13/100
|-damage|p2a: Moltres|58/100|[from] Recoil
|
|upkeep
|turn|14
|
|t:|1781085589
|switch|p2a: Iron Boulder|Iron Boulder|76/100
|-damage|p2a: Iron Boulder|59/100|[from] Spikes
|-damage|p2a: Iron Boulder|47/100|[from] Stealth Rock
|-status|p2a: Iron Boulder|psn
|move|p1a: Iron Moth|Fiery Dance|p2a: Iron Boulder
|-resisted|p2a: Iron Boulder
|-damage|p2a: Iron Boulder|26/100 psn
|
|-damage|p2a: Iron Boulder|13/100 psn|[from] psn
|upkeep
|turn|15
|
|t:|1781085597
|move|p1a: Iron Moth|Fiery Dance|p2a: Iron Boulder
|-resisted|p2a: Iron Boulder
|-damage|p2a: Iron Boulder|0 fnt
|-boost|p1a: Iron Moth|spa|1
|faint|p2a: Iron Boulder
|-end|p2a: Iron Boulder|Quark Drive|[silent]
|
|upkeep
|
|t:|1781085599
|switch|p2a: Darkrai|Darkrai|72/100
|-damage|p2a: Darkrai|55/100|[from] Spikes
|-damage|p2a: Darkrai|43/100|[from] Stealth Rock
|-status|p2a: Darkrai|psn
|turn|16
|
|t:|1781085610
|move|p2a: Darkrai|Sludge Bomb|p1a: Iron Moth
|-resisted|p1a: Iron Moth
|-damage|p1a: Iron Moth|0 fnt
|faint|p1a: Iron Moth
|-end|p1a: Iron Moth|Quark Drive|[silent]
|
|-damage|p2a: Darkrai|30/100 psn|[from] psn
|upkeep
|
|t:|1781085615
|switch|p1a: Great Tusk|Great Tusk|44/100
|turn|17
|
|t:|1781085620
|switch|p2a: Moltres|Moltres|58/100
|move|p1a: Great Tusk|Headlong Rush|p2a: Moltres
|-immune|p2a: Moltres
|
|upkeep
|turn|18
|
|t:|1781085626
|-end|p1a: Great Tusk|Protosynthesis|[silent]
|switch|p1a: Samurott|Samurott-Hisui, M|27/100
|move|p2a: Moltres|Roost|p2a: Moltres
|-heal|p2a: Moltres|100/100
|-singleturn|p2a: Moltres|move: Roost
|
|upkeep
|turn|19
|
|t:|1781085629
|switch|p2a: Darkrai|Darkrai|30/100 psn
|-damage|p2a: Darkrai|14/100 psn|[from] Spikes
|-damage|p2a: Darkrai|2/100 psn|[from] Stealth Rock
|move|p1a: Samurott|Knock Off|p2a: Darkrai
|-resisted|p2a: Darkrai
|-damage|p2a: Darkrai|0 fnt
|-enditem|p2a: Darkrai|Choice Scarf|[from] move: Knock Off|[of] p1a: Samurott
|faint|p2a: Darkrai
|
|upkeep
|
|t:|1781085631
|switch|p2a: Primarina|Primarina, M|100/100
|-damage|p2a: Primarina|84/100|[from] Spikes
|-damage|p2a: Primarina|72/100|[from] Stealth Rock
|-status|p2a: Primarina|psn
|turn|20
|
|t:|1781085637
|switch|p1a: Ogerpon|Ogerpon, F|100/100
|move|p2a: Primarina|Moonblast|p1a: Ogerpon
|-damage|p1a: Ogerpon|43/100
|-unboost|p1a: Ogerpon|spa|1
|-ability|p1a: Ogerpon|Defiant|boost
|-boost|p1a: Ogerpon|atk|2
|
|-damage|p2a: Primarina|59/100 psn|[from] psn
|upkeep
|turn|21
|
|t:|1781085642
|move|p1a: Ogerpon|Ivy Cudgel|p2a: Primarina
|-supereffective|p2a: Primarina
|-damage|p2a: Primarina|0 fnt
|faint|p2a: Primarina
|
|upkeep
|
|t:|1781085646
|switch|p2a: Moltres|Moltres|100/100
|turn|22
|
|t:|1781085654
|switch|p1a: Great Tusk|Great Tusk|44/100
|move|p2a: Moltres|Brave Bird|p1a: Great Tusk
|-supereffective|p1a: Great Tusk
|-damage|p1a: Great Tusk|0 fnt
|-damage|p2a: Moltres|84/100|[from] item: Rocky Helmet|[of] p1a: Great Tusk
|faint|p1a: Great Tusk
|-end|p1a: Great Tusk|Protosynthesis|[silent]
|-damage|p2a: Moltres|67/100|[from] Recoil
|
|upkeep
|
|t:|1781085661
|switch|p1a: Ogerpon|Ogerpon, F|43/100
|turn|23
|
|t:|1781085666
|-terastallize|p2a: Moltres|Grass
|move|p1a: Ogerpon|Encore|p2a: Moltres
|-start|p2a: Moltres|Encore
|move|p2a: Moltres|Brave Bird|p1a: Ogerpon
|-supereffective|p1a: Ogerpon
|-damage|p1a: Ogerpon|0 fnt
|faint|p1a: Ogerpon
|-damage|p2a: Moltres|56/100|[from] Recoil
|
|upkeep
|
|t:|1781085672
|switch|p1a: Samurott|Samurott-Hisui, M|27/100
|turn|24
|
|t:|1781085673
|move|p1a: Samurott|Knock Off|p2a: Moltres
|-damage|p2a: Moltres|23/100
|-status|p1a: Samurott|brn|[from] ability: Flame Body|[of] p2a: Moltres
|-enditem|p2a: Moltres|Heavy-Duty Boots|[from] move: Knock Off|[of] p1a: Samurott
|move|p2a: Moltres|Brave Bird|p1a: Samurott
|-damage|p1a: Samurott|0 fnt
|faint|p1a: Samurott
|-damage|p2a: Moltres|15/100|[from] Recoil
|
|upkeep
|
|t:|1781085676
|switch|p1a: Darkrai|Darkrai|100/100
|turn|25
|
|t:|1781085678
|move|p1a: Darkrai|Dark Pulse|p2a: Moltres
|-damage|p2a: Moltres|0 fnt
|faint|p2a: Moltres
|
|win|quolius
|raw|quolius's rating: 1647 &rarr; <strong>1664</strong><br />(+17 for winning)
|raw|bigtestsofbig's rating: 1596 &rarr; <strong>1579</strong><br />(-17 for losing)
|l|☆bigtestsofbig
|player|p2|
|l|☆quolius
|player|p1|
|l| biscoitotroll
