|j|☆uniandes5
|j|‽alakazam darnold
|t:|1781098874
|gametype|singles
|player|p1|uniandes5|2|1498
|player|p2|alakazam darnold|li|1547
|gen|9
|tier|[Gen 9] OU
|rated|
|rule|HP Percentage Mod: HP is shown in percentages
|rule|Endless Battle Clause: Forcing endless battles is banned
|rule|Species Clause: Limit one of each Pokémon
|rule|OHKO Clause: OHKO moves are banned
|rule|Evasion Items Clause: Evasion items are banned
|rule|Evasion Moves Clause: Evasion moves are banned
|rule|Evasion Abilities Clause: Evasion abilities are banned
|rule|Sleep Moves Clause: Sleep-inducing moves are banned
|clearpoke
|poke|p1|Grimmsnarl, M|
|poke|p1|Latias, F|
|poke|p1|Tinkaton, F|
|poke|p1|Volcanion|
|poke|p1|Mew|
|poke|p1|Dragapult, F|
|poke|p2|Tauros, M|
|poke|p2|Kyurem|
|poke|p2|Cinderace, F|
|poke|p2|Mandibuzz, F|
|poke|p2|Slowking-Galar, M|
|poke|p2|Great Tusk|
|teampreview
|
|t:|1781098894
|teamsize|p1|6
|teamsize|p2|6
|start
|switch|p1a: Dragapult|Dragapult, F|100/100
|switch|p2a: Slowking|Slowking-Galar, M|100/100
|turn|1
|
|t:|1781098903
|move|p1a: Dragapult|Thunder Wave|p2a: Slowking
|-status|p2a: Slowking|par
|move|p2a: Slowking|Sludge Bomb|p1a: Dragapult
|-resisted|p1a: Dragapult
|-damage|p1a: Dragapult|67/100
|
|upkeep
|turn|2
|
|t:|1781098910
|move|p1a: Dragapult|Dragon Darts|p2a: Slowking
|-damage|p2a: Slowking|76/100 par
|-anim|p1a: Dragapult|Dragon Darts|p2a: Slowking
|-damage|p2a: Slowking|51/100 par
|move|p2a: Slowking|Ice Beam|p1a: Dragapult
|-supereffective|p1a: Dragapult
|-damage|p1a: Dragapult|0 fnt
|faint|p1a: Dragapult
|
|upkeep
|
|t:|1781098918
|switch|p1a: Grimmsnarl|Grimmsnarl, M|100/100
|turn|3
|
|t:|1781098921
|move|p1a: Grimmsnarl|Reflect|p1a: Grimmsnarl
|-sidestart|p1: uniandes5|Reflect
|move|p2a: Slowking|Sludge Bomb|p1a: Grimmsnarl
|-supereffective|p1a: Grimmsnarl
|-damage|p1a: Grimmsnarl|24/100
|
|upkeep
|turn|4
|
|t:|1781098937
|switch|p1a: Tinkaton|Tinkaton, F|100/100
|-ability|p1a: Tinkaton|Mold Breaker
|move|p2a: Slowking|Flamethrower|p1a: Tinkaton
|-supereffective|p1a: Tinkaton
|-damage|p1a: Tinkaton|48/100
|-enditem|p1a: Tinkaton|Red Card|[of] p2a: Slowking
|drag|p2a: Cinderace|Cinderace, F|100/100
|
|upkeep
|turn|5
|
|t:|1781098948
|move|p2a: Cinderace|Pyro Ball|p1a: Tinkaton
|-supereffective|p1a: Tinkaton
|-damage|p1a: Tinkaton|0 fnt
|faint|p1a: Tinkaton
|
|upkeep
|
|t:|1781098951
|switch|p1a: Mew|Mew|100/100
|turn|6
|
|t:|1781098956
|switch|p2a: Mandibuzz|Mandibuzz, F|100/100
|move|p1a: Mew|Dragon Dance|p1a: Mew
|-boost|p1a: Mew|atk|1
|-boost|p1a: Mew|spe|1
|
|upkeep
|turn|7
|
|t:|1781098969
|move|p1a: Mew|Dragon Dance|p1a: Mew
|-boost|p1a: Mew|atk|1
|-boost|p1a: Mew|spe|1
|move|p2a: Mandibuzz|Toxic|p1a: Mew
|-status|p1a: Mew|tox
|-activate|p1a: Mew|ability: Synchronize
|-status|p2a: Mandibuzz|tox
|
|-damage|p1a: Mew|94/100 tox|[from] psn
|-damage|p2a: Mandibuzz|94/100 tox|[from] psn
|upkeep
|turn|8
|
|t:|1781098975
|move|p1a: Mew|Ice Punch|p2a: Mandibuzz
|-supereffective|p2a: Mandibuzz
|-damage|p2a: Mandibuzz|48/100 tox
|-damage|p1a: Mew|78/100 tox|[from] item: Rocky Helmet|[of] p2a: Mandibuzz
|move|p2a: Mandibuzz|U-turn|p1a: Mew
|-supereffective|p1a: Mew
|-damage|p1a: Mew|71/100 tox
|-enditem|p1a: Mew|Weakness Policy
|-boost|p1a: Mew|atk|2|[from] item: Weakness Policy
|-boost|p1a: Mew|spa|2|[from] item: Weakness Policy
|
|t:|1781098991
|switch|p2a: Slowking|Slowking-Galar, M|84/100 par|[from] U-turn
|
|-damage|p1a: Mew|58/100 tox|[from] psn
|upkeep
|turn|9
|
|t:|1781098996
|move|p1a: Mew|Stored Power|p2a: Slowking
|-damage|p2a: Slowking|20/100 par
|cant|p2a: Slowking|par
|
|-damage|p1a: Mew|40/100 tox|[from] psn
|upkeep
|turn|10
|
|t:|1781099002
|move|p1a: Mew|Ice Punch|p2a: Slowking
|-damage|p2a: Slowking|0 fnt
|faint|p2a: Slowking
|
|-damage|p1a: Mew|15/100 tox|[from] psn
|-sideend|p1: uniandes5|Reflect
|upkeep
|
|t:|1781099013
|switch|p2a: Cinderace|Cinderace, F|100/100
|turn|11
|
|t:|1781099017
|move|p2a: Cinderace|Sucker Punch|p1a: Mew
|-supereffective|p1a: Mew
|-damage|p1a: Mew|0 fnt
|faint|p1a: Mew
|
|upkeep
|
|t:|1781099020
|switch|p1a: Volcanion|Volcanion|100/100
|turn|12
|
|t:|1781099026
|move|p2a: Cinderace|U-turn|p1a: Volcanion
|-resisted|p1a: Volcanion
|-damage|p1a: Volcanion|93/100
|
|t:|1781099029
|switch|p2a: Kyurem|Kyurem|100/100|[from] U-turn
|-ability|p2a: Kyurem|Pressure
|move|p1a: Volcanion|Flamethrower|p2a: Kyurem
|-damage|p2a: Kyurem|74/100
|
|upkeep
|turn|13
|
|t:|1781099038
|move|p2a: Kyurem|Earth Power|p1a: Volcanion
|-supereffective|p1a: Volcanion
|-damage|p1a: Volcanion|32/100
|-unboost|p1a: Volcanion|spd|1
|move|p1a: Volcanion|Body Press|p2a: Kyurem
|-supereffective|p2a: Kyurem
|-damage|p2a: Kyurem|37/100
|
|upkeep
|turn|14
|
|t:|1781099071
|move|p2a: Kyurem|Earth Power|p1a: Volcanion
|-supereffective|p1a: Volcanion
|-damage|p1a: Volcanion|0 fnt
|faint|p1a: Volcanion
|
|upkeep
|
|t:|1781099073
|switch|p1a: Grimmsnarl|Grimmsnarl, M|24/100
|turn|15
|
|t:|1781099086
|move|p1a: Grimmsnarl|Reflect|p1a: Grimmsnarl
|-sidestart|p1: uniandes5|Reflect
|move|p2a: Kyurem|Ice Beam|p1a: Grimmsnarl
|-damage|p1a: Grimmsnarl|0 fnt
|faint|p1a: Grimmsnarl
|
|upkeep
|
|t:|1781099090
|switch|p1a: Latias|Latias, F|100/100
|turn|16
|
|t:|1781099097
|switch|p2a: Mandibuzz|Mandibuzz, F|48/100 tox
|-terastallize|p1a: Latias|Poison
|move|p1a: Latias|Calm Mind|p1a: Latias
|-boost|p1a: Latias|spa|1
|-boost|p1a: Latias|spd|1
|
|-damage|p2a: Mandibuzz|42/100 tox|[from] psn
|upkeep
|turn|17
|
|t:|1781099101
|move|p1a: Latias|Calm Mind|p1a: Latias
|-boost|p1a: Latias|spa|1
|-boost|p1a: Latias|spd|1
|move|p2a: Mandibuzz|U-turn|p1a: Latias
|-resisted|p1a: Latias
|-damage|p1a: Latias|99/100
|
|t:|1781099108
|switch|p2a: Cinderace|Cinderace, F|100/100|[from] U-turn
|
|upkeep
|turn|18
|
|t:|1781099112
|move|p2a: Cinderace|Pyro Ball|p1a: Latias
|-damage|p1a: Latias|79/100
|move|p1a: Latias|Calm Mind|p1a: Latias
|-boost|p1a: Latias|spa|1
|-boost|p1a: Latias|spd|1
|
|upkeep
|turn|19
|
|t:|1781099116
|move|p2a: Cinderace|Pyro Ball|p1a: Latias
|-damage|p1a: Latias|57/100
|move|p1a: Latias|Stored Power|p2a: Cinderace
|-damage|p2a: Cinderace|0 fnt
|faint|p2a: Cinderace
|
|upkeep
|
|t:|1781099128
|switch|p2a: Tauros|Tauros, M|100/100
|turn|20
|
|t:|1781099134
|move|p2a: Tauros|Ice Beam|p1a: Latias
|-damage|p1a: Latias|48/100
|move|p1a: Latias|Recover|p1a: Latias
|-heal|p1a: Latias|98/100
|
|upkeep
|turn|21
|inactive|Battle timer is ON: inactive players will automatically lose when time's up. (requested by uniandes5)
|-message|alakazam darnold forfeited.
|
|win|uniandes5
|raw|uniandes5's rating: 1498 &rarr; <strong>1521</strong><br />(+23 for winning)
|raw|alakazam darnold's rating: 1547 &rarr; <strong>1524</strong><br />(-23 for losing)
|l|‽alakazam darnold
|player|p2|
|l|☆uniandes5
|player|p1|
