|j|☆LowEL0God
|j|☆jujutush
|t:|1781502927
|gametype|singles
|player|p1|LowEL0God|265|1531
|player|p2|jujutush|2|1563
|gen|9
|tier|[Gen 9] OU
|rated|
|rule|HP Percentage Mod: HP is shown in percentages
|rule|Endless Battle Clause: Forcing endless battles is banned
|rule|Species Clause: Limit one of each Pokémon
|rule|OHKO Clause: OHKO moves are banned
|rule|Evasion Items Clause: Evasion items are banned
|rule|Evasion Moves Clause: Evasion moves are banned
|rule|Evasion Abilities Clause: Evasion abilities are banned
|rule|Sleep Moves Clause: Sleep-inducing moves are banned
|clearpoke
|poke|p1|Pelipper, F|
|poke|p1|Raging Bolt|
|poke|p1|Overqwil, F|
|poke|p1|Barraskewda, M|
|poke|p1|Iron Treads|
|poke|p1|Kingambit, M|
|poke|p2|Kyurem|
|poke|p2|Kingambit, M|
|poke|p2|Great Tusk|
|poke|p2|Cinderace, M|
|poke|p2|Slowking-Galar, M|
|poke|p2|Enamorus-Therian, F|
|teampreview
|c|☆LowEL0God|hf
|inactive|Battle timer is ON: inactive players will automatically lose when time's up. (requested by LowEL0God)
|
|t:|1781502949
|teamsize|p1|6
|teamsize|p2|6
|start
|switch|p1a: Kingambit|Kingambit, M|100/100
|switch|p2a: Kyurem|Kyurem, shiny|100/100
|-ability|p2a: Kyurem|Pressure
|turn|1
|
|t:|1781502953
|move|p2a: Kyurem|Body Press|p1a: Kingambit
|-supereffective|p1a: Kingambit
|-damage|p1a: Kingambit|25/100
|move|p1a: Kingambit|Iron Head|p2a: Kyurem
|-supereffective|p2a: Kyurem
|-damage|p2a: Kyurem|41/100
|
|-heal|p1a: Kingambit|31/100|[from] item: Leftovers
|upkeep
|turn|2
|
|t:|1781502960
|move|p1a: Kingambit|Sucker Punch|p2a: Kyurem
|-damage|p2a: Kyurem|16/100
|move|p2a: Kyurem|Freeze-Dry|p1a: Kingambit
|-resisted|p1a: Kingambit
|-damage|p1a: Kingambit|15/100
|
|-heal|p1a: Kingambit|21/100|[from] item: Leftovers
|upkeep
|turn|3
|
|t:|1781502963
|switch|p2a: Great Tusk|Great Tusk, shiny|100/100
|move|p1a: Kingambit|Sucker Punch||[still]
|-fail|p1a: Kingambit
|
|-heal|p1a: Kingambit|27/100|[from] item: Leftovers
|upkeep
|turn|4
|
|t:|1781502968
|-end|p2a: Great Tusk|Protosynthesis|[silent]
|switch|p2a: Kyurem|Kyurem, shiny|16/100
|-ability|p2a: Kyurem|Pressure
|-end|p1a: Kingambit|fallenundefined|[silent]
|switch|p1a: Pelipper|Pelipper, F|100/100
|-weather|RainDance|[from] ability: Drizzle|[of] p1a: Pelipper
|
|-weather|RainDance|[upkeep]
|upkeep
|turn|5
|
|t:|1781502975
|switch|p1a: Kingambit|Kingambit, M|27/100
|move|p2a: Kyurem|Earth Power|p1a: Kingambit
|-supereffective|p1a: Kingambit
|-damage|p1a: Kingambit|0 fnt
|faint|p1a: Kingambit
|-end|p1a: Kingambit|fallenundefined|[silent]
|
|-weather|RainDance|[upkeep]
|upkeep
|
|t:|1781502976
|switch|p1a: Barraskewda|Barraskewda, M|100/100
|turn|6
|
|t:|1781502979
|move|p1a: Barraskewda|Liquidation|p2a: Kyurem
|-resisted|p2a: Kyurem
|-damage|p2a: Kyurem|0 fnt
|faint|p2a: Kyurem
|
|-weather|RainDance|[upkeep]
|upkeep
|
|t:|1781502984
|switch|p2a: Slowking|Slowking-Galar, M, shiny|100/100
|turn|7
|
|t:|1781502987
|-terastallize|p2a: Slowking|Water
|move|p1a: Barraskewda|Liquidation|p2a: Slowking
|-resisted|p2a: Slowking
|-damage|p2a: Slowking|49/100
|move|p2a: Slowking|Sludge Bomb|p1a: Barraskewda
|-damage|p1a: Barraskewda|3/100
|
|-weather|RainDance|[upkeep]
|upkeep
|turn|8
|
|t:|1781502998
|switch|p2a: Cinderace|Cinderace, M, shiny|100/100
|move|p1a: Barraskewda|Liquidation|p2a: Cinderace
|-supereffective|p2a: Cinderace
|-damage|p2a: Cinderace|0 fnt
|faint|p2a: Cinderace
|
|-weather|RainDance|[upkeep]
|upkeep
|
|t:|1781503003
|switch|p2a: Kingambit|Kingambit, M, shiny|100/100
|-activate|p2a: Kingambit|ability: Supreme Overlord
|-start|p2a: Kingambit|fallen2|[silent]
|-item|p2a: Kingambit|Air Balloon
|turn|9
|
|t:|1781503006
|switch|p1a: Raging Bolt|Raging Bolt|100/100
|-enditem|p1a: Raging Bolt|Booster Energy
|-activate|p1a: Raging Bolt|ability: Protosynthesis|[fromitem]
|-start|p1a: Raging Bolt|protosynthesisspa
|move|p2a: Kingambit|Low Kick|p1a: Raging Bolt
|-damage|p1a: Raging Bolt|58/100
|
|-weather|RainDance|[upkeep]
|upkeep
|turn|10
|
|t:|1781503013
|-end|p2a: Kingambit|fallen2|[silent]
|switch|p2a: Enamorus|Enamorus-Therian, F|100/100
|move|p1a: Raging Bolt|Thunder|p2a: Enamorus
|-supereffective|p2a: Enamorus
|-damage|p2a: Enamorus|0 fnt
|faint|p2a: Enamorus
|
|-weather|RainDance|[upkeep]
|upkeep
|
|t:|1781503018
|switch|p2a: Great Tusk|Great Tusk, shiny|100/100
|turn|11
|
|t:|1781503024
|move|p2a: Great Tusk|Ice Spinner|p1a: Raging Bolt
|-supereffective|p1a: Raging Bolt
|-damage|p1a: Raging Bolt|10/100
|move|p1a: Raging Bolt|Weather Ball|p2a: Great Tusk
|-supereffective|p2a: Great Tusk
|-damage|p2a: Great Tusk|0 fnt
|faint|p2a: Great Tusk
|-end|p2a: Great Tusk|Protosynthesis|[silent]
|
|-weather|none
|upkeep
|
|t:|1781503033
|switch|p2a: Kingambit|Kingambit, M, shiny|100/100
|-activate|p2a: Kingambit|ability: Supreme Overlord
|-start|p2a: Kingambit|fallen4|[silent]
|-item|p2a: Kingambit|Air Balloon
|turn|12
|
|t:|1781503035
|move|p1a: Raging Bolt|Thunderclap|p2a: Kingambit
|-damage|p2a: Kingambit|39/100
|-enditem|p2a: Kingambit|Air Balloon
|move|p2a: Kingambit|Sucker Punch||[still]
|-fail|p2a: Kingambit
|
|upkeep
|turn|13
|
|t:|1781503038
|move|p1a: Raging Bolt|Thunderclap|p2a: Kingambit
|-damage|p2a: Kingambit|0 fnt
|faint|p2a: Kingambit
|-end|p2a: Kingambit|fallen4|[silent]
|
|upkeep
|
|t:|1781503040
|switch|p2a: Slowking|Slowking-Galar, M, shiny, tera:Water|83/100
|turn|14
|
|t:|1781503041
|move|p1a: Raging Bolt|Thunderclap|p2a: Slowking
|-supereffective|p2a: Slowking
|-damage|p2a: Slowking|20/100
|move|p2a: Slowking|Sludge Bomb|p1a: Raging Bolt
|-damage|p1a: Raging Bolt|0 fnt
|faint|p1a: Raging Bolt
|-end|p1a: Raging Bolt|Protosynthesis|[silent]
|
|upkeep
|
|t:|1781503042
|switch|p1a: Barraskewda|Barraskewda, M|3/100
|turn|15
|
|t:|1781503044
|move|p1a: Barraskewda|Close Combat|p2a: Slowking
|-crit|p2a: Slowking
|-damage|p2a: Slowking|0 fnt
|-unboost|p1a: Barraskewda|def|1
|-unboost|p1a: Barraskewda|spd|1
|faint|p2a: Slowking
|
|win|LowEL0God
|raw|LowEL0God's rating: 1531 &rarr; <strong>1553</strong><br />(+22 for winning)
|raw|jujutush's rating: 1563 &rarr; <strong>1541</strong><br />(-22 for losing)
|l|☆jujutush
|player|p2|
|c|☆LowEL0God|gg
|l|☆LowEL0God
|player|p1|
