|j|☆ethereallovefr
|j|☆Can't swim 7
|t:|1781460313
|gametype|singles
|player|p1|ethereallovefr|102|1513
|player|p2|Can't swim 7|fisherman-gen4|1527
|gen|9
|tier|[Gen 9] OU
|rated|
|rule|HP Percentage Mod: HP is shown in percentages
|rule|Endless Battle Clause: Forcing endless battles is banned
|rule|Species Clause: Limit one of each Pokémon
|rule|OHKO Clause: OHKO moves are banned
|rule|Evasion Items Clause: Evasion items are banned
|rule|Evasion Moves Clause: Evasion moves are banned
|rule|Evasion Abilities Clause: Evasion abilities are banned
|rule|Sleep Moves Clause: Sleep-inducing moves are banned
|clearpoke
|poke|p1|Cresselia, F|
|poke|p1|Porygon2|
|poke|p1|Ursaluna, F|
|poke|p1|Crawdaunt, F|
|poke|p1|Iron Hands|
|poke|p1|Hoopa-Unbound|
|poke|p2|Gholdengo|
|poke|p2|Raging Bolt|
|poke|p2|Moltres|
|poke|p2|Dragonite, F|
|poke|p2|Ceruledge, M|
|poke|p2|Great Tusk|
|teampreview
|
|t:|1781460348
|teamsize|p1|6
|teamsize|p2|6
|start
|switch|p1a: 🤖|Porygon2|100/100
|switch|p2a: Ceruledge|Ceruledge, M|100/100
|-ability|p1a: 🤖|Download|boost
|-boost|p1a: 🤖|atk|1
|turn|1
|inactive|Battle timer is ON: inactive players will automatically lose when time's up. (requested by Can't swim 7)
|
|t:|1781460356
|move|p2a: Ceruledge|Swords Dance|p2a: Ceruledge
|-boost|p2a: Ceruledge|atk|2
|move|p1a: 🤖|Trick Room|p1a: 🤖
|-fieldstart|move: Trick Room|[of] p1a: 🤖
|
|upkeep
|turn|2
|
|t:|1781460365
|switch|p1a: 🦀|Crawdaunt, F, shiny|100/100
|move|p2a: Ceruledge|Bitter Blade|p1a: 🦀
|-resisted|p1a: 🦀
|-damage|p1a: 🦀|37/100
|
|upkeep
|turn|3
|
|t:|1781460372
|move|p1a: 🦀|Knock Off|p2a: Ceruledge
|-supereffective|p2a: Ceruledge
|-enditem|p2a: Ceruledge|Focus Sash
|-damage|p2a: Ceruledge|1/100
|-ability|p2a: Ceruledge|Weak Armor|boost
|-unboost|p2a: Ceruledge|def|1
|-boost|p2a: Ceruledge|spe|2
|-damage|p1a: 🦀|27/100|[from] item: Life Orb
|move|p2a: Ceruledge|Bitter Blade|p1a: 🦀
|-resisted|p1a: 🦀
|-damage|p1a: 🦀|0 fnt
|-heal|p2a: Ceruledge|16/100|[from] drain|[of] p1a: 🦀
|faint|p1a: 🦀
|
|upkeep
|
|t:|1781460386
|switch|p1a: 🐾|Ursaluna, F, shiny|100/100
|turn|4
|
|t:|1781460398
|switch|p2a: Moltres|Moltres|100/100
|move|p1a: 🐾|Headlong Rush|p2a: Moltres
|-immune|p2a: Moltres
|
|-status|p1a: 🐾|brn|[from] item: Flame Orb
|upkeep
|turn|5
|
|t:|1781460415
|switch|p2a: Great Tusk|Great Tusk|100/100
|move|p1a: 🐾|Swords Dance|p1a: 🐾
|-boost|p1a: 🐾|atk|2
|
|-damage|p1a: 🐾|94/100 brn|[from] brn
|-fieldend|move: Trick Room
|upkeep
|turn|6
|
|t:|1781460428
|move|p2a: Great Tusk|Ice Spinner|p1a: 🐾
|-supereffective|p1a: 🐾
|-damage|p1a: 🐾|61/100 brn
|move|p1a: 🐾|Facade|p2a: Great Tusk
|-damage|p2a: Great Tusk|0 fnt
|-damage|p1a: 🐾|45/100 brn|[from] item: Rocky Helmet|[of] p2a: Great Tusk
|faint|p2a: Great Tusk
|-end|p2a: Great Tusk|Protosynthesis|[silent]
|
|-damage|p1a: 🐾|39/100 brn|[from] brn
|upkeep
|inactive|Can't swim 7 has 120 seconds left.
|
|t:|1781460449
|switch|p2a: Ceruledge|Ceruledge, M|16/100
|turn|7
|
|t:|1781460454
|move|p2a: Ceruledge|Bitter Blade|p1a: 🐾
|-damage|p1a: 🐾|4/100 brn
|-heal|p2a: Ceruledge|40/100|[from] drain|[of] p1a: 🐾
|move|p1a: 🐾|Headlong Rush|p2a: Ceruledge
|-supereffective|p2a: Ceruledge
|-damage|p2a: Ceruledge|0 fnt
|-unboost|p1a: 🐾|def|1
|-unboost|p1a: 🐾|spd|1
|faint|p2a: Ceruledge
|
|-damage|p1a: 🐾|0 fnt|[from] brn
|faint|p1a: 🐾
|upkeep
|inactive|Can't swim 7 has 120 seconds left.
|
|t:|1781460470
|switch|p2a: Raging Bolt|Raging Bolt|100/100
|switch|p1a: 🤖|Porygon2|100/100
|-ability|p1a: 🤖|Download|boost
|-boost|p1a: 🤖|spa|1
|-enditem|p2a: Raging Bolt|Booster Energy
|-activate|p2a: Raging Bolt|ability: Protosynthesis|[fromitem]
|-start|p2a: Raging Bolt|protosynthesisspa
|turn|8
|
|t:|1781460479
|move|p2a: Raging Bolt|Calm Mind|p2a: Raging Bolt
|-boost|p2a: Raging Bolt|spa|1
|-boost|p2a: Raging Bolt|spd|1
|move|p1a: 🤖|Trick Room|p1a: 🤖
|-fieldstart|move: Trick Room|[of] p1a: 🤖
|
|upkeep
|turn|9
|
|t:|1781460485
|move|p1a: 🤖|Ice Beam|p2a: Raging Bolt
|-supereffective|p2a: Raging Bolt
|-damage|p2a: Raging Bolt|47/100
|move|p2a: Raging Bolt|Thunderbolt|p1a: 🤖
|-damage|p1a: 🤖|18/100
|-status|p1a: 🤖|par
|
|upkeep
|turn|10
|
|t:|1781460493
|move|p2a: Raging Bolt|Thunderclap||[still]
|-fail|p2a: Raging Bolt
|move|p1a: 🤖|Recover|p1a: 🤖
|-heal|p1a: 🤖|68/100 par
|
|upkeep
|turn|11
|
|t:|1781460505
|move|p1a: 🤖|Ice Beam|p2a: Raging Bolt
|-supereffective|p2a: Raging Bolt
|-damage|p2a: Raging Bolt|0 fnt
|faint|p2a: Raging Bolt
|-end|p2a: Raging Bolt|Protosynthesis|[silent]
|
|upkeep
|
|t:|1781460515
|switch|p2a: Gholdengo|Gholdengo|100/100
|turn|12
|
|t:|1781460521
|move|p1a: 🤖|Ice Beam|p2a: Gholdengo
|-resisted|p2a: Gholdengo
|-damage|p2a: Gholdengo|78/100
|move|p2a: Gholdengo|Trick|p1a: 🤖
|-activate|p2a: Gholdengo|move: Trick|[of] p1a: 🤖
|-item|p1a: 🤖|Choice Scarf|[from] move: Trick
|-item|p2a: Gholdengo|Eviolite|[from] move: Trick
|
|-fieldend|move: Trick Room
|upkeep
|turn|13
|
|t:|1781460532
|move|p2a: Gholdengo|Make It Rain|p1a: 🤖
|-damage|p1a: 🤖|0 fnt
|-unboost|p2a: Gholdengo|spa|1
|faint|p1a: 🤖
|
|upkeep
|
|t:|1781460535
|switch|p1a: 🌟|Cresselia, F, shiny|100/100
|turn|14
|
|t:|1781460542
|switch|p2a: Moltres|Moltres|100/100
|move|p1a: 🌟|Trick Room|p1a: 🌟
|-fieldstart|move: Trick Room|[of] p1a: 🌟
|
|upkeep
|turn|15
|
|t:|1781460547
|switch|p1a: ✋👄✋|Iron Hands|100/100
|-enditem|p1a: ✋👄✋|Booster Energy
|-activate|p1a: ✋👄✋|ability: Quark Drive|[fromitem]
|-start|p1a: ✋👄✋|quarkdriveatk
|move|p2a: Moltres|Flamethrower|p1a: ✋👄✋
|-damage|p1a: ✋👄✋|67/100
|
|upkeep
|turn|16
|
|t:|1781460556
|switch|p2a: Gholdengo|Gholdengo|78/100
|move|p1a: ✋👄✋|Wild Charge|p2a: Gholdengo
|-crit|p2a: Gholdengo
|-damage|p2a: Gholdengo|0 fnt
|faint|p2a: Gholdengo
|-damage|p1a: ✋👄✋|55/100|[from] Recoil
|
|upkeep
|
|t:|1781460565
|switch|p2a: Dragonite|Dragonite, F|100/100
|turn|17
|
|t:|1781460568
|move|p1a: ✋👄✋|Ice Punch|p2a: Dragonite
|-supereffective|p2a: Dragonite
|-damage|p2a: Dragonite|24/100
|move|p2a: Dragonite|Earthquake|p1a: ✋👄✋
|-supereffective|p1a: ✋👄✋
|-damage|p1a: ✋👄✋|10/100
|
|upkeep
|turn|18
|
|t:|1781460577
|move|p2a: Dragonite|Extreme Speed|p1a: ✋👄✋
|-damage|p1a: ✋👄✋|0 fnt
|faint|p1a: ✋👄✋
|-end|p1a: ✋👄✋|Quark Drive|[silent]
|
|-fieldend|move: Trick Room
|upkeep
|
|t:|1781460579
|switch|p1a: 🌟|Cresselia, F, shiny|100/100
|turn|19
|
|t:|1781460597
|move|p2a: Dragonite|Dragon Dance|p2a: Dragonite
|-boost|p2a: Dragonite|atk|1
|-boost|p2a: Dragonite|spe|1
|move|p1a: 🌟|Trick Room|p1a: 🌟
|-fieldstart|move: Trick Room|[of] p1a: 🌟
|
|upkeep
|turn|20
|
|t:|1781460606
|-terastallize|p2a: Dragonite|Normal
|move|p2a: Dragonite|Extreme Speed|p1a: 🌟
|-damage|p1a: 🌟|53/100
|move|p1a: 🌟|Moonblast|p2a: Dragonite
|-damage|p2a: Dragonite|7/100
|
|upkeep
|turn|21
|
|t:|1781460616
|move|p2a: Dragonite|Extreme Speed|p1a: 🌟
|-damage|p1a: 🌟|7/100
|move|p1a: 🌟|Moonblast|p2a: Dragonite
|-damage|p2a: Dragonite|0 fnt
|faint|p2a: Dragonite
|
|upkeep
|
|t:|1781460624
|switch|p2a: Moltres|Moltres|100/100
|turn|22
|
|t:|1781460631
|move|p1a: 🌟|Moonlight|p1a: 🌟
|-heal|p1a: 🌟|57/100
|move|p2a: Moltres|Flamethrower|p1a: 🌟
|-damage|p1a: 🌟|35/100
|
|upkeep
|turn|23
|
|t:|1781460639
|move|p1a: 🌟|Moonlight|p1a: 🌟
|-heal|p1a: 🌟|85/100
|move|p2a: Moltres|Flamethrower|p1a: 🌟
|-damage|p1a: 🌟|62/100
|
|-fieldend|move: Trick Room
|upkeep
|turn|24
|
|t:|1781460647
|move|p2a: Moltres|Flamethrower|p1a: 🌟
|-damage|p1a: 🌟|40/100
|move|p1a: 🌟|Trick Room|p1a: 🌟
|-fieldstart|move: Trick Room|[of] p1a: 🌟
|
|upkeep
|turn|25
|
|t:|1781460654
|move|p1a: 🌟|Moonlight|p1a: 🌟
|-heal|p1a: 🌟|90/100
|move|p2a: Moltres|Flamethrower|p1a: 🌟
|-damage|p1a: 🌟|69/100
|
|upkeep
|turn|26
|
|t:|1781460661
|switch|p1a: 💍💍💍💍💍|Hoopa-Unbound|100/100
|move|p2a: Moltres|Flamethrower|p1a: 💍💍💍💍💍
|-damage|p1a: 💍💍💍💍💍|82/100
|
|upkeep
|turn|27
|
|t:|1781460667
|-terastallize|p1a: 💍💍💍💍💍|Dark
|move|p1a: 💍💍💍💍💍|Dark Pulse|p2a: Moltres
|-damage|p2a: Moltres|44/100
|move|p2a: Moltres|Scorching Sands|p1a: 💍💍💍💍💍
|-damage|p1a: 💍💍💍💍💍|72/100
|
|upkeep
|turn|28
|
|t:|1781460677
|move|p1a: 💍💍💍💍💍|Dark Pulse|p2a: Moltres
|-damage|p2a: Moltres|0 fnt
|faint|p2a: Moltres
|
|win|ethereallovefr
|raw|ethereallovefr's rating: 1513 &rarr; <strong>1534</strong><br />(+21 for winning)
|raw|Can&apos;t swim 7's rating: 1527 &rarr; <strong>1506</strong><br />(-21 for losing)
|l|☆Can't swim 7
|player|p2|
