|j|☆11thtiergbone
|j|☆suprya
|t:|1781032119
|gametype|singles
|player|p1|11thtiergbone|265|1622
|player|p2|suprya|clown|1657
|gen|9
|tier|[Gen 9] OU
|rated|
|rule|HP Percentage Mod: HP is shown in percentages
|rule|Endless Battle Clause: Forcing endless battles is banned
|rule|Species Clause: Limit one of each Pokémon
|rule|OHKO Clause: OHKO moves are banned
|rule|Evasion Items Clause: Evasion items are banned
|rule|Evasion Moves Clause: Evasion moves are banned
|rule|Evasion Abilities Clause: Evasion abilities are banned
|rule|Sleep Moves Clause: Sleep-inducing moves are banned
|clearpoke
|poke|p1|Keldeo|
|poke|p1|Cinderace, M|
|poke|p1|Sinistcha|
|poke|p1|Iron Valiant|
|poke|p1|Gholdengo|
|poke|p1|Tyranitar, M|
|poke|p2|Ursaluna, F|
|poke|p2|Alomomola, M|
|poke|p2|Sinistcha|
|poke|p2|Iron Treads|
|poke|p2|Iron Valiant|
|poke|p2|Hydreigon, M|
|teampreview
|inactive|Battle timer is ON: inactive players will automatically lose when time's up. (requested by suprya)
|inactive|11thtiergbone has 120 seconds left.
|
|t:|1781032157
|teamsize|p1|6
|teamsize|p2|6
|start
|switch|p1a: Keldeo|Keldeo|100/100
|switch|p2a: Hydreigon|Hydreigon, M|100/100
|turn|1
|
|t:|1781032164
|move|p1a: Keldeo|Vacuum Wave|p2a: Hydreigon
|-supereffective|p2a: Hydreigon
|-damage|p2a: Hydreigon|37/100
|move|p2a: Hydreigon|U-turn|p1a: Keldeo
|-resisted|p1a: Keldeo
|-damage|p1a: Keldeo|90/100
|
|t:|1781032186
|switch|p2a: Sinistcha|Sinistcha|100/100|[from] U-turn
|
|-heal|p1a: Keldeo|96/100|[from] item: Leftovers
|upkeep
|turn|2
|
|t:|1781032193
|switch|p1a: Tyranitar|Tyranitar, M|100/100
|-weather|Sandstorm|[from] ability: Sand Stream|[of] p1a: Tyranitar
|move|p2a: Sinistcha|Shadow Ball|p1a: Tyranitar
|-resisted|p1a: Tyranitar
|-damage|p1a: Tyranitar|94/100
|
|-weather|Sandstorm|[upkeep]
|-damage|p2a: Sinistcha|94/100|[from] Sandstorm
|upkeep
|turn|3
|
|t:|1781032196
|switch|p2a: Alomomola|Alomomola, M|100/100
|move|p1a: Tyranitar|Knock Off|p2a: Alomomola
|-damage|p2a: Alomomola|63/100
|-damage|p1a: Tyranitar|77/100|[from] item: Rocky Helmet|[of] p2a: Alomomola
|-enditem|p2a: Alomomola|Rocky Helmet|[from] move: Knock Off|[of] p1a: Tyranitar
|
|-weather|Sandstorm|[upkeep]
|-damage|p2a: Alomomola|57/100|[from] Sandstorm
|upkeep
|turn|4
|
|t:|1781032208
|move|p1a: Tyranitar|Stone Edge|p2a: Alomomola
|-damage|p2a: Alomomola|20/100
|move|p2a: Alomomola|Flip Turn|p1a: Tyranitar
|-supereffective|p1a: Tyranitar
|-damage|p1a: Tyranitar|49/100
|
|t:|1781032214
|switch|p2a: Iron Treads|Iron Treads|100/100|[from] Flip Turn
|
|-weather|Sandstorm|[upkeep]
|upkeep
|turn|5
|
|t:|1781032220
|move|p2a: Iron Treads|Earthquake|p1a: Tyranitar
|-supereffective|p1a: Tyranitar
|-damage|p1a: Tyranitar|0 fnt
|faint|p1a: Tyranitar
|
|-weather|Sandstorm|[upkeep]
|upkeep
|
|t:|1781032223
|switch|p1a: Cinderace|Cinderace, M|100/100
|turn|6
|
|t:|1781032229
|-end|p2a: Iron Treads|Quark Drive|[silent]
|switch|p2a: Sinistcha|Sinistcha|94/100
|move|p1a: Cinderace|U-turn|p2a: Sinistcha
|-damage|p2a: Sinistcha|70/100
|
|t:|1781032233
|switch|p1a: Gholdengo|Gholdengo|100/100|[from] U-turn
|
|-weather|none
|upkeep
|turn|7
|
|t:|1781032238
|switch|p2a: Iron Treads|Iron Treads|100/100
|move|p1a: Gholdengo|Trick|p2a: Iron Treads
|-activate|p1a: Gholdengo|move: Trick|[of] p2a: Iron Treads
|-item|p2a: Iron Treads|Choice Scarf|[from] move: Trick
|-item|p1a: Gholdengo|Leftovers|[from] move: Trick
|
|upkeep
|turn|8
|
|t:|1781032247
|switch|p1a: Sinistcha|Sinistcha|100/100
|move|p2a: Iron Treads|Knock Off|p1a: Sinistcha
|-supereffective|p1a: Sinistcha
|-damage|p1a: Sinistcha|66/100
|-enditem|p1a: Sinistcha|Heavy-Duty Boots|[from] move: Knock Off|[of] p2a: Iron Treads
|
|upkeep
|turn|9
|
|t:|1781032264
|-end|p2a: Iron Treads|Quark Drive|[silent]
|switch|p2a: Hydreigon|Hydreigon, M|37/100
|switch|p1a: Keldeo|Keldeo|96/100
|
|-heal|p1a: Keldeo|100/100|[from] item: Leftovers
|upkeep
|turn|10
|
|t:|1781032279
|switch|p1a: Gholdengo|Gholdengo|100/100
|move|p2a: Hydreigon|Draco Meteor|p1a: Gholdengo
|-resisted|p1a: Gholdengo
|-damage|p1a: Gholdengo|56/100
|-unboost|p2a: Hydreigon|spa|2
|
|-heal|p1a: Gholdengo|62/100|[from] item: Leftovers
|upkeep
|turn|11
|
|t:|1781032299
|switch|p2a: Iron Treads|Iron Treads|100/100
|move|p1a: Gholdengo|Shadow Ball|p2a: Iron Treads
|-damage|p2a: Iron Treads|65/100
|
|-heal|p1a: Gholdengo|68/100|[from] item: Leftovers
|upkeep
|turn|12
|
|t:|1781032309
|switch|p1a: Sinistcha|Sinistcha|66/100
|move|p2a: Iron Treads|Knock Off|p1a: Sinistcha
|-supereffective|p1a: Sinistcha
|-damage|p1a: Sinistcha|43/100
|
|upkeep
|turn|13
|j| GhastlyPixie
|inactive|11thtiergbone has 120 seconds left.
|
|t:|1781032339
|-end|p2a: Iron Treads|Quark Drive|[silent]
|switch|p2a: Hydreigon|Hydreigon, M|37/100
|switch|p1a: Cinderace|Cinderace, M|100/100
|
|upkeep
|turn|14
|
|t:|1781032352
|move|p2a: Hydreigon|Draco Meteor|p1a: Cinderace
|-damage|p1a: Cinderace|0 fnt
|-unboost|p2a: Hydreigon|spa|2
|faint|p1a: Cinderace
|
|upkeep
|-message|11thtiergbone forfeited.
|
|win|suprya
|raw|11thtiergbone's rating: 1622 &rarr; <strong>1604</strong><br />(-18 for losing)
|raw|suprya's rating: 1657 &rarr; <strong>1675</strong><br />(+18 for winning)
|l|☆11thtiergbone
|player|p1|
|l|☆suprya
|player|p2|
|l| GhastlyPixie
