|j|☆KurisuChestnutOU
|j|☆Ignaa
|t:|1781118382
|gametype|singles
|player|p1|KurisuChestnutOU|2|1564
|player|p2|Ignaa|pokefan-gen4|1612
|gen|9
|tier|[Gen 9] OU
|rated|
|rule|HP Percentage Mod: HP is shown in percentages
|rule|Endless Battle Clause: Forcing endless battles is banned
|rule|Species Clause: Limit one of each Pokémon
|rule|OHKO Clause: OHKO moves are banned
|rule|Evasion Items Clause: Evasion items are banned
|rule|Evasion Moves Clause: Evasion moves are banned
|rule|Evasion Abilities Clause: Evasion abilities are banned
|rule|Sleep Moves Clause: Sleep-inducing moves are banned
|clearpoke
|poke|p1|Gliscor, F|
|poke|p1|Dondozo, F|
|poke|p1|Slowking-Galar, F|
|poke|p1|Gholdengo|
|poke|p1|Great Tusk|
|poke|p1|Kingambit, F|
|poke|p2|Landorus-Therian, M|
|poke|p2|Corviknight, F|
|poke|p2|Clodsire, M|
|poke|p2|Primarina, F|
|poke|p2|Raging Bolt|
|poke|p2|Kingambit, F|
|teampreview
|inactive|Battle timer is ON: inactive players will automatically lose when time's up. (requested by KurisuChestnutOU)
|
|t:|1781118392
|teamsize|p1|6
|teamsize|p2|6
|start
|switch|p1a: Kingambit|Kingambit, F|100/100
|switch|p2a: El Furro|Landorus-Therian, M|100/100
|-ability|p2a: El Furro|Intimidate|boost
|-unboost|p1a: Kingambit|atk|1
|turn|1
|
|t:|1781118398
|-end|p1a: Kingambit|fallenundefined|[silent]
|switch|p1a: Gholdengo|Gholdengo|100/100
|-item|p1a: Gholdengo|Air Balloon
|move|p2a: El Furro|Earthquake|p1a: Gholdengo
|-immune|p1a: Gholdengo
|
|upkeep
|turn|2
|
|t:|1781118406
|switch|p2a: Bruno|Kingambit, F|100/100
|move|p1a: Gholdengo|Nasty Plot|p1a: Gholdengo
|-boost|p1a: Gholdengo|spa|2
|
|upkeep
|turn|3
|
|t:|1781118412
|switch|p1a: Kingambit|Kingambit, F|100/100
|move|p2a: Bruno|Kowtow Cleave|p1a: Kingambit
|-resisted|p1a: Kingambit
|-damage|p1a: Kingambit|73/100
|
|-heal|p1a: Kingambit|79/100|[from] item: Leftovers
|upkeep
|turn|4
|
|t:|1781118416
|-end|p2a: Bruno|fallenundefined|[silent]
|switch|p2a: Danel|Clodsire, M|100/100
|move|p1a: Kingambit|Iron Head|p2a: Danel
|-damage|p2a: Danel|52/100
|
|-heal|p1a: Kingambit|86/100|[from] item: Leftovers
|-heal|p2a: Danel|58/100|[from] item: Leftovers
|upkeep
|turn|5
|
|t:|1781118420
|move|p1a: Kingambit|Iron Head|p2a: Danel
|-damage|p2a: Danel|5/100
|move|p2a: Danel|Earthquake|p1a: Kingambit
|-supereffective|p1a: Kingambit
|-damage|p1a: Kingambit|38/100
|
|-heal|p1a: Kingambit|44/100|[from] item: Leftovers
|-heal|p2a: Danel|11/100|[from] item: Leftovers
|upkeep
|turn|6
|
|t:|1781118428
|switch|p2a: Curty|Corviknight, F|100/100
|-ability|p2a: Curty|Pressure
|move|p1a: Kingambit|Iron Head|p2a: Curty
|-resisted|p2a: Curty
|-damage|p2a: Curty|86/100
|-damage|p1a: Kingambit|27/100|[from] item: Rocky Helmet|[of] p2a: Curty
|
|-heal|p1a: Kingambit|33/100|[from] item: Leftovers
|upkeep
|turn|7
|
|t:|1781118432
|move|p1a: Kingambit|Swords Dance|p1a: Kingambit
|-boost|p1a: Kingambit|atk|2
|move|p2a: Curty|U-turn|p1a: Kingambit
|-damage|p1a: Kingambit|21/100
|
|t:|1781118437
|switch|p2a: El Furro|Landorus-Therian, M|100/100|[from] U-turn
|-ability|p2a: El Furro|Intimidate|boost
|-unboost|p1a: Kingambit|atk|1
|
|-heal|p1a: Kingambit|27/100|[from] item: Leftovers
|upkeep
|turn|8
|
|t:|1781118442
|-end|p1a: Kingambit|fallenundefined|[silent]
|switch|p1a: Gliscor|Gliscor, F|100/100
|move|p2a: El Furro|Stealth Rock|p1a: Gliscor
|-sidestart|p1: KurisuChestnutOU|move: Stealth Rock
|
|-status|p1a: Gliscor|tox|[from] item: Toxic Orb
|upkeep
|turn|9
|
|t:|1781118449
|switch|p2a: Ness|Primarina, F|100/100
|move|p1a: Gliscor|Spikes|p2a: Ness
|-sidestart|p2: Ignaa|Spikes
|
|upkeep
|turn|10
|
|t:|1781118459
|switch|p1a: Slowking|Slowking-Galar, F|100/100
|-damage|p1a: Slowking|88/100|[from] Stealth Rock
|move|p2a: Ness|Psychic Noise|p1a: Slowking
|-damage|p1a: Slowking|77/100
|-start|p1a: Slowking|move: Heal Block
|
|upkeep
|turn|11
|
|t:|1781118469
|switch|p2a: Danel|Clodsire, M|11/100
|-damage|p2a: Danel|0 fnt|[from] Spikes
|faint|p2a: Danel
|move|p1a: Slowking|Sludge Bomb|p2: Danel|[notarget]
|-fail|p1a: Slowking
|
|-end|p1a: Slowking|move: Heal Block
|upkeep
|
|t:|1781118476
|switch|p2a: El Furro|Landorus-Therian, M|100/100
|-ability|p2a: El Furro|Intimidate|boost
|-unboost|p1a: Slowking|atk|1
|turn|12
|
|t:|1781118482
|move|p2a: El Furro|U-turn|p1a: Slowking
|-damage|p1a: Slowking|47/100
|
|t:|1781118489
|switch|p2a: Luka|Raging Bolt|100/100|[from] U-turn
|-damage|p2a: Luka|88/100|[from] Spikes
|move|p1a: Slowking|Future Sight|p2a: Luka
|-start|p1a: Slowking|move: Future Sight
|
|-heal|p2a: Luka|94/100|[from] item: Leftovers
|upkeep
|turn|13
|
|t:|1781118494
|move|p2a: Luka|Dragon Pulse|p1a: Slowking
|-damage|p1a: Slowking|26/100
|move|p1a: Slowking|Sludge Bomb|p2a: Luka
|-crit|p2a: Luka
|-damage|p2a: Luka|54/100
|
|-heal|p2a: Luka|60/100|[from] item: Leftovers
|upkeep
|turn|14
|
|t:|1781118499
|-end|p2a: Luka|Protosynthesis|[silent]
|switch|p2a: Bruno|Kingambit, F|100/100
|-damage|p2a: Bruno|88/100|[from] Spikes
|-activate|p2a: Bruno|ability: Supreme Overlord
|-start|p2a: Bruno|fallen1|[silent]
|move|p1a: Slowking|Psyshock|p2a: Bruno
|-immune|p2a: Bruno
|
|-end|p2a: Bruno|move: Future Sight
|-immune|p2a: Bruno
|upkeep
|turn|15
|
|t:|1781118503
|switch|p1a: Great Tusk|Great Tusk|100/100
|move|p2a: Bruno|Kowtow Cleave|p1a: Great Tusk
|-resisted|p1a: Great Tusk
|-damage|p1a: Great Tusk|76/100
|
|upkeep
|turn|16
|
|t:|1781118508
|-end|p2a: Bruno|fallen1|[silent]
|switch|p2a: El Furro|Landorus-Therian, M|100/100
|-ability|p2a: El Furro|Intimidate|boost
|-unboost|p1a: Great Tusk|atk|1
|move|p1a: Great Tusk|Rapid Spin|p2a: El Furro
|-damage|p2a: El Furro|85/100
|-boost|p1a: Great Tusk|spe|1
|-sideend|p1: KurisuChestnutOU|Stealth Rock|[from] move: Rapid Spin|[of] p1a: Great Tusk
|
|upkeep
|turn|17
|
|t:|1781118514
|switch|p2a: Curty|Corviknight, F|86/100
|-ability|p2a: Curty|Pressure
|-end|p1a: Great Tusk|Protosynthesis|[silent]
|switch|p1a: Slowking|Slowking-Galar, F|60/100
|
|upkeep
|turn|18
|
|t:|1781118518
|move|p2a: Curty|U-turn|p1a: Slowking
|-damage|p1a: Slowking|44/100
|
|t:|1781118525
|switch|p2a: Luka|Raging Bolt|60/100|[from] U-turn
|-damage|p2a: Luka|48/100|[from] Spikes
|move|p1a: Slowking|Future Sight|p2a: Luka
|-start|p1a: Slowking|move: Future Sight
|
|-heal|p2a: Luka|54/100|[from] item: Leftovers
|upkeep
|turn|19
|
|t:|1781118531
|move|p2a: Luka|Thunderbolt|p1a: Slowking
|-damage|p1a: Slowking|21/100
|move|p1a: Slowking|Sludge Bomb|p2a: Luka
|-damage|p2a: Luka|23/100
|-status|p2a: Luka|psn
|
|-heal|p2a: Luka|29/100 psn|[from] item: Leftovers
|-damage|p2a: Luka|17/100 psn|[from] psn
|upkeep
|turn|20
|
|t:|1781118534
|switch|p1a: Kingambit|Kingambit, F|27/100
|move|p2a: Luka|Dragon Pulse|p1a: Kingambit
|-resisted|p1a: Kingambit
|-damage|p1a: Kingambit|0 fnt
|faint|p1a: Kingambit
|-end|p1a: Kingambit|fallenundefined|[silent]
|
|-end|p2a: Luka|move: Future Sight
|-damage|p2a: Luka|0 fnt
|faint|p2a: Luka
|-end|p2a: Luka|Protosynthesis|[silent]
|upkeep
|
|t:|1781118541
|switch|p1a: Slowking|Slowking-Galar, F|55/100
|switch|p2a: Ness|Primarina, F|100/100
|-damage|p2a: Ness|88/100|[from] Spikes
|turn|21
|
|t:|1781118545
|move|p2a: Ness|Hydro Pump|p1a: Slowking
|-damage|p1a: Slowking|31/100
|move|p1a: Slowking|Sludge Bomb|p2a: Ness
|-supereffective|p2a: Ness
|-damage|p2a: Ness|53/100
|
|upkeep
|turn|22
|
|t:|1781118549
|switch|p1a: Dondozo|Dondozo, F|100/100
|move|p2a: Ness|Flip Turn|p1a: Dondozo
|-resisted|p1a: Dondozo
|-damage|p1a: Dondozo|97/100
|
|t:|1781118557
|switch|p2a: El Furro|Landorus-Therian, M|85/100|[from] Flip Turn
|-ability|p2a: El Furro|Intimidate|boost
|-unboost|p1a: Dondozo|atk|1
|
|-heal|p1a: Dondozo|100/100|[from] item: Leftovers
|upkeep
|turn|23
|
|t:|1781118560
|move|p2a: El Furro|U-turn|p1a: Dondozo
|-damage|p1a: Dondozo|88/100
|
|t:|1781118563
|switch|p2a: Ness|Primarina, F|53/100|[from] U-turn
|-damage|p2a: Ness|40/100|[from] Spikes
|move|p1a: Dondozo|Wave Crash|p2a: Ness
|-resisted|p2a: Ness
|-damage|p2a: Ness|23/100
|-damage|p1a: Dondozo|84/100|[from] Recoil
|
|-heal|p1a: Dondozo|90/100|[from] item: Leftovers
|upkeep
|turn|24
|
|t:|1781118566
|switch|p1a: Slowking|Slowking-Galar, F|65/100
|move|p2a: Ness|Moonblast|p1a: Slowking
|-resisted|p1a: Slowking
|-damage|p1a: Slowking|55/100
|
|upkeep
|turn|25
|
|t:|1781118570
|move|p2a: Ness|Flip Turn|p1a: Slowking
|-damage|p1a: Slowking|30/100
|
|t:|1781118572
|switch|p2a: Bruno|Kingambit, F|88/100|[from] Flip Turn
|-damage|p2a: Bruno|76/100|[from] Spikes
|-activate|p2a: Bruno|ability: Supreme Overlord
|-start|p2a: Bruno|fallen2|[silent]
|move|p1a: Slowking|Psyshock|p2a: Bruno
|-immune|p2a: Bruno
|
|upkeep
|turn|26
|
|t:|1781118576
|switch|p1a: Dondozo|Dondozo, F|90/100
|move|p2a: Bruno|Swords Dance|p2a: Bruno
|-boost|p2a: Bruno|atk|2
|
|-heal|p1a: Dondozo|96/100|[from] item: Leftovers
|upkeep
|turn|27
|
|t:|1781118580
|move|p2a: Bruno|Kowtow Cleave|p1a: Dondozo
|-damage|p1a: Dondozo|64/100
|move|p1a: Dondozo|Body Press|p2a: Bruno
|-supereffective|p2a: Bruno
|-damage|p2a: Bruno|0 fnt
|faint|p2a: Bruno
|-end|p2a: Bruno|fallen2|[silent]
|
|-heal|p1a: Dondozo|70/100|[from] item: Leftovers
|upkeep
|
|t:|1781118585
|switch|p2a: El Furro|Landorus-Therian, M|85/100
|-ability|p2a: El Furro|Intimidate|boost
|-unboost|p1a: Dondozo|atk|1
|turn|28
|
|t:|1781118592
|switch|p1a: Gholdengo|Gholdengo|100/100
|-item|p1a: Gholdengo|Air Balloon
|move|p2a: El Furro|U-turn|p1a: Gholdengo
|-resisted|p1a: Gholdengo
|-damage|p1a: Gholdengo|93/100
|-enditem|p1a: Gholdengo|Air Balloon
|
|t:|1781118596
|switch|p2a: Ness|Primarina, F|23/100|[from] U-turn
|-damage|p2a: Ness|10/100|[from] Spikes
|
|upkeep
|turn|29
|
|t:|1781118600
|move|p1a: Gholdengo|Shadow Ball|p2a: Ness
|-damage|p2a: Ness|0 fnt
|faint|p2a: Ness
|
|upkeep
|
|t:|1781118603
|switch|p2a: El Furro|Landorus-Therian, M|85/100
|-ability|p2a: El Furro|Intimidate|boost
|-unboost|p1a: Gholdengo|atk|1
|turn|30
|
|t:|1781118606
|-terastallize|p1a: Gholdengo|Flying
|move|p2a: El Furro|U-turn|p1a: Gholdengo
|-resisted|p1a: Gholdengo
|-damage|p1a: Gholdengo|79/100
|
|t:|1781118609
|switch|p2a: Curty|Corviknight, F|86/100|[from] U-turn
|-ability|p2a: Curty|Pressure
|move|p1a: Gholdengo|Nasty Plot|p1a: Gholdengo
|-boost|p1a: Gholdengo|spa|2
|
|upkeep
|turn|31
|
|t:|1781118614
|move|p1a: Gholdengo|Shadow Ball|p2a: Curty
|-damage|p2a: Curty|12/100
|move|p2a: Curty|U-turn|p1a: Gholdengo
|-resisted|p1a: Gholdengo
|-damage|p1a: Gholdengo|71/100
|l|☆Ignaa
|inactive|Ignaa disconnected and has a minute to reconnect!
|player|p2|
|inactive|Ignaa has 30 seconds to reconnect!
|inactive|Ignaa has 20 seconds to reconnect!
|inactive|Ignaa has 15 seconds to reconnect!
|inactive|Ignaa has 10 seconds to reconnect!
|inactive|Ignaa has 5 seconds to reconnect!
|-message|Ignaa lost due to inactivity.
|
|win|KurisuChestnutOU
|raw|KurisuChestnutOU's rating: 1564 &rarr; <strong>1587</strong><br />(+23 for winning)
|raw|Ignaa's rating: 1612 &rarr; <strong>1589</strong><br />(-23 for losing)
