|j|☆SushiGengu
|j|☆kadu99
|t:|1780989794
|gametype|singles
|player|p1|SushiGengu|170|1616
|player|p2|kadu99|policeman-gen4|1650
|gen|9
|tier|[Gen 9] OU
|rated|
|rule|HP Percentage Mod: HP is shown in percentages
|rule|Endless Battle Clause: Forcing endless battles is banned
|rule|Species Clause: Limit one of each Pokémon
|rule|OHKO Clause: OHKO moves are banned
|rule|Evasion Items Clause: Evasion items are banned
|rule|Evasion Moves Clause: Evasion moves are banned
|rule|Evasion Abilities Clause: Evasion abilities are banned
|rule|Sleep Moves Clause: Sleep-inducing moves are banned
|clearpoke
|poke|p1|Slowking-Galar, M|
|poke|p1|Dondozo, F|
|poke|p1|Great Tusk|
|poke|p1|Ogerpon-Wellspring, F|
|poke|p1|Zapdos|
|poke|p1|Kingambit, F|
|poke|p2|Scizor, M|
|poke|p2|Alomomola, F|
|poke|p2|Weezing-Galar, F|
|poke|p2|Raging Bolt|
|poke|p2|Landorus-Therian, M|
|poke|p2|Iron Crown|
|teampreview
|inactive|Battle timer is ON: inactive players will automatically lose when time's up. (requested by kadu99)
|inactive|SushiGengu also wants the timer to be on.
|
|t:|1780989822
|teamsize|p1|6
|teamsize|p2|6
|start
|switch|p1a: Zapdos|Zapdos|100/100
|switch|p2a: Landorus|Landorus-Therian, M|100/100
|-ability|p2a: Landorus|Intimidate|boost
|-unboost|p1a: Zapdos|atk|1
|turn|1
|
|t:|1780989826
|move|p2a: Landorus|Stealth Rock|p1a: Zapdos
|-sidestart|p1: SushiGengu|move: Stealth Rock
|move|p1a: Zapdos|Hurricane|p2a: Landorus
|-damage|p2a: Landorus|55/100
|
|upkeep
|turn|2
|
|t:|1780989838
|switch|p2a: Iron Crown|Iron Crown|100/100
|move|p1a: Zapdos|Volt Switch|p2a: Iron Crown
|-damage|p2a: Iron Crown|80/100
|
|t:|1780989846
|switch|p1a: Slowking|Slowking-Galar, M|100/100|[from] Volt Switch
|-damage|p1a: Slowking|88/100|[from] Stealth Rock
|
|-heal|p1a: Slowking|94/100|[from] item: Black Sludge
|upkeep
|turn|3
|
|t:|1780989849
|move|p2a: Iron Crown|Psychic Noise|p1a: Slowking
|-damage|p1a: Slowking|71/100
|-start|p1a: Slowking|move: Heal Block
|-prepare|p1a: Slowking|Chilly Reception|[premajor]
|move|p1a: Slowking|Chilly Reception|p1a: Slowking
|-weather|Snowscape
|
|t:|1780989866
|switch|p1a: Ogerpon|Ogerpon-Wellspring, F|100/100|[from] Chilly Reception
|-damage|p1a: Ogerpon|88/100|[from] Stealth Rock
|
|-weather|Snowscape|[upkeep]
|upkeep
|turn|4
|
|t:|1780989873
|switch|p1a: Slowking|Slowking-Galar, M|100/100
|-damage|p1a: Slowking|88/100|[from] Stealth Rock
|-end|p2a: Iron Crown|Quark Drive|[silent]
|switch|p2a: Weezing|Weezing-Galar, F|100/100
|-ability|p2a: Weezing|Neutralizing Gas
|
|-weather|Snowscape|[upkeep]
|-heal|p1a: Slowking|94/100|[from] item: Black Sludge
|upkeep
|turn|5
|
|t:|1780989886
|-end|p2a: Weezing|ability: Neutralizing Gas
|switch|p2a: Iron Crown|Iron Crown|80/100
|move|p1a: Slowking|Future Sight|p2a: Iron Crown
|-start|p1a: Slowking|move: Future Sight
|
|-weather|Snowscape|[upkeep]
|-heal|p1a: Slowking|99/100|[from] item: Black Sludge
|upkeep
|turn|6
|
|t:|1780989895
|move|p2a: Iron Crown|Tachyon Cutter|p1a: Slowking
|-damage|p1a: Slowking|83/100
|-damage|p1a: Slowking|68/100
|-hitcount|p1a: Slowking|2
|move|p1a: Slowking|Trick|p2a: Iron Crown
|-activate|p1a: Slowking|move: Trick|[of] p2a: Iron Crown
|-item|p2a: Iron Crown|Black Sludge|[from] move: Trick
|-item|p1a: Slowking|Assault Vest|[from] move: Trick
|
|-weather|Snowscape|[upkeep]
|-damage|p2a: Iron Crown|67/100|[from] item: Black Sludge
|upkeep
|turn|7
|
|t:|1780989921
|switch|p1a: Zapdos|Zapdos|100/100
|move|p2a: Iron Crown|Tachyon Cutter|p1a: Zapdos
|-resisted|p1a: Zapdos
|-damage|p1a: Zapdos|88/100
|-resisted|p1a: Zapdos
|-damage|p1a: Zapdos|75/100
|-hitcount|p1a: Zapdos|2
|
|-weather|none
|-end|p2a: Iron Crown|move: Future Sight
|-resisted|p2a: Iron Crown
|-damage|p2a: Iron Crown|55/100
|-damage|p2a: Iron Crown|43/100|[from] item: Black Sludge
|upkeep
|turn|8
|
|t:|1780989928
|move|p2a: Iron Crown|Psychic Noise|p1a: Zapdos
|-damage|p1a: Zapdos|38/100
|-start|p1a: Zapdos|move: Heal Block
|move|p1a: Zapdos|Thunder Wave|p2a: Iron Crown
|-status|p2a: Iron Crown|par
|
|-damage|p2a: Iron Crown|30/100 par|[from] item: Black Sludge
|upkeep
|turn|9
|
|t:|1780989937
|-end|p2a: Iron Crown|Quark Drive|[silent]
|switch|p2a: Landorus|Landorus-Therian, M|55/100
|-ability|p2a: Landorus|Intimidate|boost
|-unboost|p1a: Zapdos|atk|1
|move|p1a: Zapdos|Volt Switch|p2a: Landorus
|-immune|p2a: Landorus
|
|-end|p1a: Zapdos|move: Heal Block
|upkeep
|turn|10
|
|t:|1780989942
|switch|p1a: Great Tusk|Great Tusk|100/100
|-damage|p1a: Great Tusk|98/100|[from] Stealth Rock
|move|p2a: Landorus|Taunt|p1a: Great Tusk
|-start|p1a: Great Tusk|move: Taunt
|
|-heal|p1a: Great Tusk|100/100|[from] item: Leftovers
|upkeep
|turn|11
|
|t:|1780989952
|switch|p2a: Alomomola|Alomomola, F|100/100
|move|p1a: Great Tusk|Rapid Spin|p2a: Alomomola
|-damage|p2a: Alomomola|91/100
|-boost|p1a: Great Tusk|spe|1
|-sideend|p1: SushiGengu|Stealth Rock|[from] move: Rapid Spin|[of] p1a: Great Tusk
|
|upkeep
|turn|12
|
|t:|1780989957
|-end|p1a: Great Tusk|Protosynthesis|[silent]
|switch|p1a: Zapdos|Zapdos|38/100
|move|p2a: Alomomola|Wish|p2a: Alomomola
|
|upkeep
|turn|13
|
|t:|1780989963
|switch|p2a: Landorus|Landorus-Therian, M|55/100
|-ability|p2a: Landorus|Intimidate|boost
|-unboost|p1a: Zapdos|atk|1
|move|p1a: Zapdos|Roost|p1a: Zapdos
|-heal|p1a: Zapdos|88/100
|-singleturn|p1a: Zapdos|move: Roost
|
|-heal|p2a: Landorus|100/100|[from] move: Wish|[wisher] Alomomola
|upkeep
|turn|14
|
|t:|1780989970
|move|p2a: Landorus|Stealth Rock|p1a: Zapdos
|-sidestart|p1: SushiGengu|move: Stealth Rock
|move|p1a: Zapdos|Hurricane|p2a: Landorus
|-damage|p2a: Landorus|49/100
|-start|p2a: Landorus|confusion
|
|upkeep
|turn|15
|j| ILoveGardevoirRah
|
|t:|1780989978
|-activate|p2a: Landorus|confusion
|-damage|p2a: Landorus|37/100|[from] confusion
|move|p1a: Zapdos|Volt Switch|p2a: Landorus
|-immune|p2a: Landorus
|
|upkeep
|turn|16
|
|t:|1780989983
|-activate|p2a: Landorus|confusion
|move|p2a: Landorus|U-turn|p1a: Zapdos
|-resisted|p1a: Zapdos
|-crit|p1a: Zapdos
|-damage|p1a: Zapdos|77/100
|
|t:|1780989986
|switch|p2a: Raging Bolt|Raging Bolt|100/100|[from] U-turn
|move|p1a: Zapdos|Volt Switch|p2a: Raging Bolt
|-resisted|p2a: Raging Bolt
|-damage|p2a: Raging Bolt|94/100
|
|t:|1780989999
|switch|p1a: Slowking|Slowking-Galar, M|100/100|[from] Volt Switch
|-damage|p1a: Slowking|88/100|[from] Stealth Rock
|
|-heal|p2a: Raging Bolt|99/100|[from] item: Leftovers
|upkeep
|turn|17
|
|t:|1780990006
|move|p2a: Raging Bolt|Calm Mind|p2a: Raging Bolt
|-boost|p2a: Raging Bolt|spa|1
|-boost|p2a: Raging Bolt|spd|1
|move|p1a: Slowking|Sludge Bomb|p2a: Raging Bolt
|-damage|p2a: Raging Bolt|78/100
|
|-heal|p2a: Raging Bolt|85/100|[from] item: Leftovers
|upkeep
|turn|18
|
|t:|1780990011
|-end|p2a: Raging Bolt|Protosynthesis|[silent]
|switch|p2a: Scizor|Scizor, M, shiny|100/100
|move|p1a: Slowking|Sludge Bomb|p2a: Scizor
|-immune|p2a: Scizor
|
|upkeep
|turn|19
|
|t:|1780990021
|switch|p1a: Zapdos|Zapdos|77/100
|move|p2a: Scizor|Knock Off|p1a: Zapdos
|-damage|p1a: Zapdos|42/100
|-status|p2a: Scizor|par|[from] ability: Static|[of] p1a: Zapdos
|-enditem|p1a: Zapdos|Heavy-Duty Boots|[from] move: Knock Off|[of] p2a: Scizor
|-damage|p2a: Scizor|91/100 par|[from] item: Life Orb
|
|upkeep
|turn|20
|
|t:|1780990027
|switch|p2a: Raging Bolt|Raging Bolt|85/100
|move|p1a: Zapdos|Roost|p1a: Zapdos
|-heal|p1a: Zapdos|92/100
|-singleturn|p1a: Zapdos|move: Roost
|
|-heal|p2a: Raging Bolt|91/100|[from] item: Leftovers
|upkeep
|turn|21
|
|t:|1780990032
|move|p1a: Zapdos|Volt Switch|p2a: Raging Bolt
|-resisted|p2a: Raging Bolt
|-damage|p2a: Raging Bolt|84/100
|c| ILoveGardevoirRah|yes, I am cooked as my name would suggest. No, I don't care. have fun, both of you :)
|
|t:|1780990035
|switch|p1a: Great Tusk|Great Tusk|100/100|[from] Volt Switch
|-damage|p1a: Great Tusk|98/100|[from] Stealth Rock
|move|p2a: Raging Bolt|Calm Mind|p2a: Raging Bolt
|-boost|p2a: Raging Bolt|spa|1
|-boost|p2a: Raging Bolt|spd|1
|
|-heal|p1a: Great Tusk|100/100|[from] item: Leftovers
|-heal|p2a: Raging Bolt|90/100|[from] item: Leftovers
|upkeep
|turn|22
|
|t:|1780990041
|-terastallize|p2a: Raging Bolt|Bug
|move|p1a: Great Tusk|Earthquake|p2a: Raging Bolt
|-resisted|p2a: Raging Bolt
|-damage|p2a: Raging Bolt|66/100
|move|p2a: Raging Bolt|Dragon Pulse|p1a: Great Tusk
|-damage|p1a: Great Tusk|0 fnt
|faint|p1a: Great Tusk
|-end|p1a: Great Tusk|Protosynthesis|[silent]
|
|-heal|p2a: Raging Bolt|72/100|[from] item: Leftovers
|upkeep
|
|t:|1780990054
|switch|p1a: Zapdos|Zapdos|92/100
|-damage|p1a: Zapdos|67/100|[from] Stealth Rock
|turn|23
|
|t:|1780990060
|move|p1a: Zapdos|Hurricane|p2a: Raging Bolt
|-supereffective|p2a: Raging Bolt
|-damage|p2a: Raging Bolt|11/100
|-start|p2a: Raging Bolt|confusion
|-activate|p2a: Raging Bolt|confusion
|move|p2a: Raging Bolt|Dragon Pulse|p1a: Zapdos
|-damage|p1a: Zapdos|0 fnt
|faint|p1a: Zapdos
|
|-heal|p2a: Raging Bolt|17/100|[from] item: Leftovers
|upkeep
|
|t:|1780990068
|switch|p1a: Ogerpon|Ogerpon-Wellspring, F|88/100
|-damage|p1a: Ogerpon|76/100|[from] Stealth Rock
|turn|24
|
|t:|1780990073
|-end|p2a: Raging Bolt|Protosynthesis|[silent]
|switch|p2a: Weezing|Weezing-Galar, F|100/100
|-ability|p2a: Weezing|Neutralizing Gas
|move|p1a: Ogerpon|Ivy Cudgel|p2a: Weezing|[anim] Ivy Cudgel Water
|-damage|p2a: Weezing|59/100
|
|upkeep
|turn|25
|
|t:|1780990084
|switch|p1a: Slowking|Slowking-Galar, M|100/100
|-damage|p1a: Slowking|88/100|[from] Stealth Rock
|move|p2a: Weezing|Will-O-Wisp|p1a: Slowking
|-status|p1a: Slowking|brn
|
|-damage|p1a: Slowking|82/100 brn|[from] brn
|upkeep
|turn|26
|
|t:|1780990094
|switch|p1a: Dondozo|Dondozo, F|100/100
|-damage|p1a: Dondozo|88/100|[from] Stealth Rock
|move|p2a: Weezing|Pain Split|p1a: Dondozo
|-sethp|p1a: Dondozo|64/100|[from] move: Pain Split|[silent]
|-sethp|p2a: Weezing|96/100|[from] move: Pain Split
|
|-heal|p1a: Dondozo|70/100|[from] item: Leftovers
|upkeep
|turn|27
|
|t:|1780990101
|switch|p1a: Slowking|Slowking-Galar, M|82/100 brn
|-damage|p1a: Slowking|70/100 brn|[from] Stealth Rock
|move|p2a: Weezing|Sludge Bomb|p1a: Slowking
|-resisted|p1a: Slowking
|-damage|p1a: Slowking|64/100 brn
|
|-damage|p1a: Slowking|58/100 brn|[from] brn
|upkeep
|turn|28
|
|t:|1780990107
|-end|p2a: Weezing|ability: Neutralizing Gas
|switch|p2a: Scizor|Scizor, M, shiny|91/100 par
|move|p1a: Slowking|Future Sight|p2a: Scizor
|-start|p1a: Slowking|move: Future Sight
|
|-damage|p1a: Slowking|52/100 brn|[from] brn
|upkeep
|turn|29
|
|t:|1780990112
|switch|p1a: Dondozo|Dondozo, F|70/100
|-damage|p1a: Dondozo|57/100|[from] Stealth Rock
|cant|p2a: Scizor|par
|
|-heal|p1a: Dondozo|63/100|[from] item: Leftovers
|upkeep
|turn|30
|j| hattybatty304
|
|t:|1780990124
|move|p1a: Dondozo|Waterfall|p2a: Scizor
|-damage|p2a: Scizor|58/100 par
|cant|p2a: Scizor|flinch
|
|-end|p2a: Scizor|move: Future Sight
|-resisted|p2a: Scizor
|-damage|p2a: Scizor|29/100 par
|-heal|p1a: Dondozo|70/100|[from] item: Leftovers
|upkeep
|turn|31
|
|t:|1780990137
|switch|p2a: Alomomola|Alomomola, F|100/100
|move|p1a: Dondozo|Curse|p1a: Dondozo
|-unboost|p1a: Dondozo|spe|1
|-boost|p1a: Dondozo|atk|1
|-boost|p1a: Dondozo|def|1
|
|-heal|p1a: Dondozo|76/100|[from] item: Leftovers
|upkeep
|turn|32
|
|t:|1780990142
|move|p2a: Alomomola|Wish|p2a: Alomomola
|move|p1a: Dondozo|Curse|p1a: Dondozo
|-unboost|p1a: Dondozo|spe|1
|-boost|p1a: Dondozo|atk|1
|-boost|p1a: Dondozo|def|1
|
|-heal|p1a: Dondozo|82/100|[from] item: Leftovers
|upkeep
|turn|33
|
|t:|1780990146
|move|p2a: Alomomola|Flip Turn|p1a: Dondozo
|-resisted|p1a: Dondozo
|-damage|p1a: Dondozo|79/100
|
|t:|1780990151
|switch|p2a: Weezing|Weezing-Galar, F|96/100|[from] Flip Turn
|-ability|p2a: Weezing|Neutralizing Gas
|move|p1a: Dondozo|Waterfall|p2a: Weezing
|-damage|p2a: Weezing|57/100
|
|-heal|p2a: Weezing|100/100|[from] move: Wish|[wisher] Alomomola
|-heal|p1a: Dondozo|85/100|[from] item: Leftovers
|upkeep
|turn|34
|
|t:|1780990162
|-end|p2a: Weezing|ability: Neutralizing Gas
|switch|p2a: Alomomola|Alomomola, F|100/100
|move|p1a: Dondozo|Curse|p1a: Dondozo
|-unboost|p1a: Dondozo|spe|1
|-boost|p1a: Dondozo|atk|1
|-boost|p1a: Dondozo|def|1
|
|-heal|p1a: Dondozo|92/100|[from] item: Leftovers
|upkeep
|turn|35
|
|t:|1780990165
|switch|p2a: Weezing|Weezing-Galar, F|100/100
|-ability|p2a: Weezing|Neutralizing Gas
|move|p1a: Dondozo|Curse|p1a: Dondozo
|-unboost|p1a: Dondozo|spe|1
|-boost|p1a: Dondozo|atk|1
|-boost|p1a: Dondozo|def|1
|
|-heal|p1a: Dondozo|98/100|[from] item: Leftovers
|upkeep
|turn|36
|
|t:|1780990169
|move|p2a: Weezing|Sludge Bomb|p1a: Dondozo
|-crit|p1a: Dondozo
|-damage|p1a: Dondozo|74/100
|move|p1a: Dondozo|Curse|p1a: Dondozo
|-unboost|p1a: Dondozo|spe|1
|-boost|p1a: Dondozo|atk|1
|-boost|p1a: Dondozo|def|1
|
|-heal|p1a: Dondozo|80/100|[from] item: Leftovers
|upkeep
|turn|37
|
|t:|1780990171
|move|p2a: Weezing|Sludge Bomb|p1a: Dondozo
|-damage|p1a: Dondozo|62/100
|move|p1a: Dondozo|Curse|p1a: Dondozo
|-unboost|p1a: Dondozo|spe|1
|-boost|p1a: Dondozo|atk|1
|-boost|p1a: Dondozo|def|1
|
|-heal|p1a: Dondozo|68/100|[from] item: Leftovers
|upkeep
|turn|38
|
|t:|1780990175
|move|p2a: Weezing|Sludge Bomb|p1a: Dondozo
|-damage|p1a: Dondozo|51/100
|move|p1a: Dondozo|Waterfall|p2a: Weezing
|-damage|p2a: Weezing|24/100
|
|-heal|p1a: Dondozo|57/100|[from] item: Leftovers
|upkeep
|turn|39
|
|t:|1780990188
|move|p2a: Weezing|Will-O-Wisp|p1a: Dondozo
|-status|p1a: Dondozo|brn
|move|p1a: Dondozo|Waterfall|p2a: Weezing
|-damage|p2a: Weezing|0 fnt
|faint|p2a: Weezing
|-end|p2a: Weezing|ability: Neutralizing Gas
|
|-heal|p1a: Dondozo|63/100 brn|[from] item: Leftovers
|-damage|p1a: Dondozo|57/100 brn|[from] brn
|upkeep
|
|t:|1780990191
|switch|p2a: Raging Bolt|Raging Bolt, tera:Bug|17/100
|turn|40
|
|t:|1780990195
|-terastallize|p1a: Dondozo|Dark
|move|p2a: Raging Bolt|Thunderbolt|p1a: Dondozo
|-damage|p1a: Dondozo|25/100 brn
|move|p1a: Dondozo|Rest|p1a: Dondozo
|-status|p1a: Dondozo|slp|[from] move: Rest
|-heal|p1a: Dondozo|100/100 slp|[silent]
|
|-heal|p2a: Raging Bolt|23/100|[from] item: Leftovers
|upkeep
|turn|41
|
|t:|1780990201
|move|p2a: Raging Bolt|Dragon Pulse|p1a: Dondozo
|-damage|p1a: Dondozo|69/100 slp
|cant|p1a: Dondozo|slp
|move|p1a: Dondozo|Sleep Talk|p1a: Dondozo
|move|p1a: Dondozo|Rest||[from] move: Sleep Talk|[still]
|-fail|p1a: Dondozo
|
|-heal|p2a: Raging Bolt|29/100|[from] item: Leftovers
|-heal|p1a: Dondozo|75/100 slp|[from] item: Leftovers
|upkeep
|turn|42
|
|t:|1780990212
|move|p2a: Raging Bolt|Dragon Pulse|p1a: Dondozo
|-damage|p1a: Dondozo|45/100 slp
|cant|p1a: Dondozo|slp
|move|p1a: Dondozo|Sleep Talk|p1a: Dondozo
|move|p1a: Dondozo|Curse|p1a: Dondozo|[from] move: Sleep Talk
|
|-heal|p2a: Raging Bolt|36/100|[from] item: Leftovers
|-heal|p1a: Dondozo|51/100 slp|[from] item: Leftovers
|upkeep
|turn|43
|
|t:|1780990220
|move|p2a: Raging Bolt|Thunderbolt|p1a: Dondozo
|-damage|p1a: Dondozo|15/100 slp
|-curestatus|p1a: Dondozo|slp|[msg]
|move|p1a: Dondozo|Rest|p1a: Dondozo
|-status|p1a: Dondozo|slp|[from] move: Rest
|-heal|p1a: Dondozo|100/100 slp|[silent]
|
|-heal|p2a: Raging Bolt|42/100|[from] item: Leftovers
|upkeep
|turn|44
|
|t:|1780990224
|move|p2a: Raging Bolt|Thunderbolt|p1a: Dondozo
|-damage|p1a: Dondozo|68/100 slp
|cant|p1a: Dondozo|slp
|move|p1a: Dondozo|Sleep Talk|p1a: Dondozo
|move|p1a: Dondozo|Rest||[from] move: Sleep Talk|[still]
|-fail|p1a: Dondozo
|
|-heal|p2a: Raging Bolt|48/100|[from] item: Leftovers
|-heal|p1a: Dondozo|75/100 slp|[from] item: Leftovers
|upkeep
|turn|45
|
|t:|1780990232
|move|p2a: Raging Bolt|Thunderbolt|p1a: Dondozo
|-damage|p1a: Dondozo|42/100 slp
|cant|p1a: Dondozo|slp
|move|p1a: Dondozo|Sleep Talk|p1a: Dondozo
|move|p1a: Dondozo|Rest||[from] move: Sleep Talk|[still]
|-fail|p1a: Dondozo
|
|-heal|p2a: Raging Bolt|54/100|[from] item: Leftovers
|-heal|p1a: Dondozo|49/100 slp|[from] item: Leftovers
|upkeep
|turn|46
|
|t:|1780990236
|move|p2a: Raging Bolt|Thunderbolt|p1a: Dondozo
|-damage|p1a: Dondozo|12/100 slp
|-curestatus|p1a: Dondozo|slp|[msg]
|move|p1a: Dondozo|Rest|p1a: Dondozo
|-status|p1a: Dondozo|slp|[from] move: Rest
|-heal|p1a: Dondozo|100/100 slp|[silent]
|
|-heal|p2a: Raging Bolt|60/100|[from] item: Leftovers
|upkeep
|turn|47
|
|t:|1780990239
|move|p2a: Raging Bolt|Thunderbolt|p1a: Dondozo
|-damage|p1a: Dondozo|64/100 slp
|cant|p1a: Dondozo|slp
|move|p1a: Dondozo|Sleep Talk|p1a: Dondozo
|move|p1a: Dondozo|Rest||[from] move: Sleep Talk|[still]
|-fail|p1a: Dondozo
|
|-heal|p2a: Raging Bolt|66/100|[from] item: Leftovers
|-heal|p1a: Dondozo|70/100 slp|[from] item: Leftovers
|upkeep
|turn|48
|
|t:|1780990245
|move|p2a: Raging Bolt|Thunderbolt|p1a: Dondozo
|-damage|p1a: Dondozo|34/100 slp
|cant|p1a: Dondozo|slp
|move|p1a: Dondozo|Sleep Talk|p1a: Dondozo
|move|p1a: Dondozo|Waterfall|p2a: Raging Bolt|[from] move: Sleep Talk
|-damage|p2a: Raging Bolt|0 fnt
|faint|p2a: Raging Bolt
|-end|p2a: Raging Bolt|Protosynthesis|[silent]
|
|-heal|p1a: Dondozo|41/100 slp|[from] item: Leftovers
|upkeep
|
|t:|1780990250
|switch|p2a: Iron Crown|Iron Crown|30/100 par
|turn|49
|c| ILoveGardevoirRah|see
|
|t:|1780990254
|cant|p2a: Iron Crown|par
|-curestatus|p1a: Dondozo|slp|[msg]
|move|p1a: Dondozo|Rest|p1a: Dondozo
|-status|p1a: Dondozo|slp|[from] move: Rest
|-heal|p1a: Dondozo|100/100 slp|[silent]
|
|-damage|p2a: Iron Crown|18/100 par|[from] item: Black Sludge
|upkeep
|turn|50
|
|t:|1780990258
|move|p2a: Iron Crown|Focus Blast|p1a: Dondozo
|-supereffective|p1a: Dondozo
|-damage|p1a: Dondozo|47/100 slp
|cant|p1a: Dondozo|slp
|move|p1a: Dondozo|Sleep Talk|p1a: Dondozo
|move|p1a: Dondozo|Rest||[from] move: Sleep Talk|[still]
|-fail|p1a: Dondozo
|
|-damage|p2a: Iron Crown|5/100 par|[from] item: Black Sludge
|-heal|p1a: Dondozo|53/100 slp|[from] item: Leftovers
|upkeep
|turn|51
|c| ILoveGardevoirRah|this is where Trace would come in handy
|
|t:|1780990268
|switch|p1a: Slowking|Slowking-Galar, M|85/100 brn
|-damage|p1a: Slowking|72/100 brn|[from] Stealth Rock
|move|p2a: Iron Crown|Focus Blast|p1a: Slowking
|-resisted|p1a: Slowking
|-damage|p1a: Slowking|68/100 brn
|
|-damage|p2a: Iron Crown|0 fnt|[from] item: Black Sludge
|faint|p2a: Iron Crown
|-end|p2a: Iron Crown|Quark Drive|[silent]
|-damage|p1a: Slowking|62/100 brn|[from] brn
|upkeep
|
|t:|1780990272
|switch|p2a: Landorus|Landorus-Therian, M|37/100
|-ability|p2a: Landorus|Intimidate|boost
|-unboost|p1a: Slowking|atk|1
|turn|52
|
|t:|1780990289
|switch|p1a: Dondozo|Dondozo, F, tera:Dark|53/100 slp
|-damage|p1a: Dondozo|41/100 slp|[from] Stealth Rock
|move|p2a: Landorus|Earth Power|p1a: Dondozo
|-damage|p1a: Dondozo|21/100 slp
|-unboost|p1a: Dondozo|spd|1
|
|-heal|p1a: Dondozo|27/100 slp|[from] item: Leftovers
|upkeep
|turn|53
|
|t:|1780990296
|move|p2a: Landorus|Earth Power|p1a: Dondozo
|-damage|p1a: Dondozo|0 fnt
|faint|p1a: Dondozo
|
|upkeep
|
|t:|1780990299
|switch|p1a: Ogerpon|Ogerpon-Wellspring, F|76/100
|-damage|p1a: Ogerpon|64/100|[from] Stealth Rock
|turn|54
|
|t:|1780990305
|switch|p2a: Alomomola|Alomomola, F|100/100
|move|p1a: Ogerpon|Swords Dance|p1a: Ogerpon
|-boost|p1a: Ogerpon|atk|2
|
|upkeep
|turn|55
|
|t:|1780990312
|switch|p2a: Landorus|Landorus-Therian, M|37/100
|-ability|p2a: Landorus|Intimidate|boost
|-unboost|p1a: Ogerpon|atk|1
|move|p1a: Ogerpon|Power Whip|p2a: Landorus|[miss]
|-miss|p1a: Ogerpon|p2a: Landorus
|
|upkeep
|turn|56
|
|t:|1780990320
|switch|p2a: Alomomola|Alomomola, F|100/100
|move|p1a: Ogerpon|Swords Dance|p1a: Ogerpon
|-boost|p1a: Ogerpon|atk|2
|
|upkeep
|turn|57
|
|t:|1780990324
|move|p1a: Ogerpon|Power Whip|p2a: Alomomola
|-supereffective|p2a: Alomomola
|-damage|p2a: Alomomola|0 fnt
|faint|p2a: Alomomola
|
|upkeep
|
|t:|1780990330
|switch|p2a: Landorus|Landorus-Therian, M|37/100
|-ability|p2a: Landorus|Intimidate|boost
|-unboost|p1a: Ogerpon|atk|1
|turn|58
|
|t:|1780990334
|move|p1a: Ogerpon|Ivy Cudgel|p2a: Landorus|[anim] Ivy Cudgel Water
|-supereffective|p2a: Landorus
|-damage|p2a: Landorus|0 fnt
|faint|p2a: Landorus
|
|upkeep
|
|t:|1780990336
|switch|p2a: Scizor|Scizor, M, shiny|29/100 par
|turn|59
|c|☆SushiGengu|Gg
|-message|kadu99 forfeited.
|
|win|SushiGengu
|raw|SushiGengu's rating: 1616 &rarr; <strong>1638</strong><br />(+22 for winning)
|raw|kadu99's rating: 1650 &rarr; <strong>1628</strong><br />(-22 for losing)
|l|☆kadu99
|player|p2|
|l| hattybatty304
|l|☆SushiGengu
|player|p1|
|l| ILoveGardevoirRah
