|j|☆Acastillo631
|j|☆achbeet
|t:|1781301003
|gametype|singles
|player|p1|Acastillo631|silver|1593
|player|p2|achbeet|101|1604
|gen|9
|tier|[Gen 9] OU
|rated|
|rule|HP Percentage Mod: HP is shown in percentages
|rule|Endless Battle Clause: Forcing endless battles is banned
|rule|Species Clause: Limit one of each Pokémon
|rule|OHKO Clause: OHKO moves are banned
|rule|Evasion Items Clause: Evasion items are banned
|rule|Evasion Moves Clause: Evasion moves are banned
|rule|Evasion Abilities Clause: Evasion abilities are banned
|rule|Sleep Moves Clause: Sleep-inducing moves are banned
|clearpoke
|poke|p1|Iron Valiant|
|poke|p1|Sinistcha|
|poke|p1|Tyranitar, M|
|poke|p1|Klefki, M|
|poke|p1|Swampert, M|
|poke|p1|Talonflame, M|
|poke|p2|Darkrai|
|poke|p2|Okidogi, M|
|poke|p2|Sandy Shocks|
|poke|p2|Araquanid, F|
|poke|p2|Gholdengo|
|poke|p2|Iron Moth|
|teampreview
|
|t:|1781301021
|teamsize|p1|6
|teamsize|p2|6
|start
|switch|p1a: Duff Mcwhalen|Swampert, M|100/100
|switch|p2a: Araquanid|Araquanid, F|100/100
|turn|1
|
|t:|1781301032
|move|p1a: Duff Mcwhalen|Stealth Rock|p2a: Araquanid
|-sidestart|p2: achbeet|move: Stealth Rock
|move|p2a: Araquanid|Sticky Web|p1a: Duff Mcwhalen
|-sidestart|p1: Acastillo631|move: Sticky Web
|
|upkeep
|turn|2
|
|t:|1781301050
|move|p1a: Duff Mcwhalen|Knock Off|p2a: Araquanid
|-damage|p2a: Araquanid|74/100
|-enditem|p2a: Araquanid|Custap Berry|[from] move: Knock Off|[of] p1a: Duff Mcwhalen
|move|p2a: Araquanid|Liquidation|p1a: Duff Mcwhalen
|-damage|p1a: Duff Mcwhalen|41/100
|
|-heal|p1a: Duff Mcwhalen|47/100|[from] item: Leftovers
|upkeep
|turn|3
|
|t:|1781301057
|move|p1a: Duff Mcwhalen|Flip Turn|p2a: Araquanid
|-resisted|p2a: Araquanid
|-damage|p2a: Araquanid|61/100
|j| lllllkkkkk
|
|t:|1781301060
|switch|p1a: Wire Sponge|Sinistcha|100/100|[from] Flip Turn
|move|p2a: Araquanid|Liquidation|p1a: Wire Sponge
|-resisted|p1a: Wire Sponge
|-damage|p1a: Wire Sponge|76/100
|
|upkeep
|turn|4
|
|t:|1781301077
|switch|p2a: Darkrai|Darkrai|100/100
|-damage|p2a: Darkrai|88/100|[from] Stealth Rock
|move|p1a: Wire Sponge|Shadow Ball|p2a: Darkrai
|-resisted|p2a: Darkrai
|-damage|p2a: Darkrai|68/100
|-unboost|p2a: Darkrai|spd|1
|
|upkeep
|turn|5
|
|t:|1781301083
|switch|p1a: Eregion|Tyranitar, M|100/100
|-activate|p1a: Eregion|move: Sticky Web
|-unboost|p1a: Eregion|spe|1
|-weather|Sandstorm|[from] ability: Sand Stream|[of] p1a: Eregion
|move|p2a: Darkrai|Dark Pulse|p1a: Eregion
|-resisted|p1a: Eregion
|-damage|p1a: Eregion|88/100
|-damage|p2a: Darkrai|58/100|[from] item: Life Orb
|
|-weather|Sandstorm|[upkeep]
|-damage|p2a: Darkrai|52/100|[from] Sandstorm
|-heal|p1a: Eregion|95/100|[from] item: Leftovers
|upkeep
|turn|6
|
|t:|1781301092
|move|p2a: Darkrai|Focus Blast|p1a: Eregion
|-supereffective|p1a: Eregion
|-damage|p1a: Eregion|8/100
|-damage|p2a: Darkrai|42/100|[from] item: Life Orb
|move|p1a: Eregion|Knock Off|p2a: Darkrai
|-resisted|p2a: Darkrai
|-damage|p2a: Darkrai|12/100
|-enditem|p2a: Darkrai|Life Orb|[from] move: Knock Off|[of] p1a: Eregion
|
|-weather|Sandstorm|[upkeep]
|-damage|p2a: Darkrai|6/100|[from] Sandstorm
|-heal|p1a: Eregion|15/100|[from] item: Leftovers
|upkeep
|turn|7
|
|t:|1781301101
|move|p2a: Darkrai|Ice Beam|p1a: Eregion
|-damage|p1a: Eregion|1/100
|move|p1a: Eregion|Roar|p2a: Darkrai
|drag|p2a: Sandy Shocks|Sandy Shocks|100/100
|-damage|p2a: Sandy Shocks|94/100|[from] Stealth Rock
|-enditem|p2a: Sandy Shocks|Booster Energy
|-activate|p2a: Sandy Shocks|ability: Protosynthesis|[fromitem]
|-start|p2a: Sandy Shocks|protosynthesisspe
|
|-weather|Sandstorm|[upkeep]
|-heal|p1a: Eregion|7/100|[from] item: Leftovers
|upkeep
|turn|8
|
|t:|1781301106
|move|p2a: Sandy Shocks|Earth Power|p1a: Eregion
|-supereffective|p1a: Eregion
|-damage|p1a: Eregion|0 fnt
|faint|p1a: Eregion
|
|-weather|Sandstorm|[upkeep]
|upkeep
|
|t:|1781301109
|switch|p1a: Duff Mcwhalen|Swampert, M|47/100
|-activate|p1a: Duff Mcwhalen|move: Sticky Web
|-unboost|p1a: Duff Mcwhalen|spe|1
|turn|9
|
|t:|1781301114
|move|p2a: Sandy Shocks|Stealth Rock|p1a: Duff Mcwhalen
|-sidestart|p1: Acastillo631|move: Stealth Rock
|move|p1a: Duff Mcwhalen|Earthquake|p2a: Sandy Shocks
|-supereffective|p2a: Sandy Shocks
|-damage|p2a: Sandy Shocks|8/100
|
|-weather|none
|-heal|p1a: Duff Mcwhalen|53/100|[from] item: Leftovers
|upkeep
|turn|10
|
|t:|1781301126
|switch|p1a: Talonflame|Talonflame, M|100/100
|move|p2a: Sandy Shocks|Earth Power|p1a: Talonflame
|-immune|p1a: Talonflame
|
|upkeep
|turn|11
|
|t:|1781301136
|move|p2a: Sandy Shocks|Thunderbolt|p1a: Talonflame
|-supereffective|p1a: Talonflame
|-damage|p1a: Talonflame|0 fnt
|faint|p1a: Talonflame
|
|upkeep
|-message|Acastillo631 forfeited.
|
|win|achbeet
|raw|Acastillo631's rating: 1593 &rarr; <strong>1574</strong><br />(-19 for losing)
|raw|achbeet's rating: 1604 &rarr; <strong>1623</strong><br />(+19 for winning)
|l|☆Acastillo631
|player|p1|
|l|☆achbeet
|player|p2|
|j|☆achbeet
|player|p2|achbeet|101|
