|j|☆employment devil
|j|☆omari p
|t:|1781146767
|gametype|singles
|player|p1|employment devil|lusamine-nihilego|1641
|player|p2|omari p|pokemonrangerf|1600
|gen|9
|tier|[Gen 9] OU
|rated|
|rule|HP Percentage Mod: HP is shown in percentages
|rule|Endless Battle Clause: Forcing endless battles is banned
|rule|Species Clause: Limit one of each Pokémon
|rule|OHKO Clause: OHKO moves are banned
|rule|Evasion Items Clause: Evasion items are banned
|rule|Evasion Moves Clause: Evasion moves are banned
|rule|Evasion Abilities Clause: Evasion abilities are banned
|rule|Sleep Moves Clause: Sleep-inducing moves are banned
|clearpoke
|poke|p1|Deoxys-Speed|
|poke|p1|Primarina, F|
|poke|p1|Darkrai|
|poke|p1|Ursaluna, F|
|poke|p1|Iron Treads|
|poke|p1|Latias, F|
|poke|p2|Ceruledge, M|
|poke|p2|Torkoal, F|
|poke|p2|Rillaboom, F|
|poke|p2|Darkrai|
|poke|p2|Great Tusk|
|poke|p2|Armarouge, M|
|teampreview
|c|☆employment devil|oh hi
|c|☆employment devil|sup
|c|☆omari p|nothing just stressing
|c|☆omari p|last game for the night
|c|☆employment devil|stressing about the money?
|c|☆omari p|ya hahaha
|c|☆employment devil|dw you'll be fine
|c|☆employment devil|prob lol idk
|
|t:|1781146803
|teamsize|p1|6
|teamsize|p2|6
|start
|switch|p1a: Deoxys|Deoxys-Speed|100/100
|switch|p2a: Darkrai|Darkrai|100/100
|-ability|p1a: Deoxys|Pressure
|turn|1
|
|t:|1781146809
|move|p1a: Deoxys|Light Screen|p1a: Deoxys
|-sidestart|p1: employment devil|move: Light Screen
|move|p2a: Darkrai|Dark Pulse|p1a: Deoxys
|-supereffective|p1a: Deoxys
|-damage|p1a: Deoxys|34/100
|-damage|p2a: Darkrai|91/100|[from] item: Life Orb
|
|upkeep
|turn|2
|inactive|Battle timer is ON: inactive players will automatically lose when time's up. (requested by omari p)
|
|t:|1781146818
|switch|p1a: Darkrai|Darkrai|100/100
|move|p2a: Darkrai|Nasty Plot|p2a: Darkrai
|-boost|p2a: Darkrai|spa|2
|
|upkeep
|turn|3
|c|☆omari p|i need it to be
|
|t:|1781146824
|move|p2a: Darkrai|Focus Blast|p1a: Darkrai
|-supereffective|p1a: Darkrai
|-damage|p1a: Darkrai|0 fnt
|faint|p1a: Darkrai
|-damage|p2a: Darkrai|81/100|[from] item: Life Orb
|
|upkeep
|
|t:|1781146833
|switch|p1a: Iron Treads|Iron Treads|100/100
|-enditem|p1a: Iron Treads|Booster Energy
|-activate|p1a: Iron Treads|ability: Quark Drive|[fromitem]
|-start|p1a: Iron Treads|quarkdrivespe
|turn|4
|
|t:|1781146841
|move|p1a: Iron Treads|Steel Beam|p2a: Darkrai
|-damage|p2a: Darkrai|15/100
|-damage|p1a: Iron Treads|50/100|[from] steelbeam
|move|p2a: Darkrai|Dark Pulse|p1a: Iron Treads
|-crit|p1a: Iron Treads
|-damage|p1a: Iron Treads|0 fnt
|faint|p1a: Iron Treads
|-end|p1a: Iron Treads|Quark Drive|[silent]
|-damage|p2a: Darkrai|5/100|[from] item: Life Orb
|
|upkeep
|
|t:|1781146845
|switch|p1a: Deoxys|Deoxys-Speed|34/100
|-ability|p1a: Deoxys|Pressure
|turn|5
|
|t:|1781146848
|move|p1a: Deoxys|Reflect|p1a: Deoxys
|-sidestart|p1: employment devil|Reflect
|move|p2a: Darkrai|Dark Pulse|p1a: Deoxys
|-supereffective|p1a: Deoxys
|-damage|p1a: Deoxys|0 fnt
|faint|p1a: Deoxys
|-damage|p2a: Darkrai|0 fnt|[from] item: Life Orb
|faint|p2a: Darkrai
|
|upkeep
|
|t:|1781146855
|switch|p1a: Primarina|Primarina, F|100/100
|switch|p2a: Armarouge|Armarouge, M, shiny|100/100
|turn|6
|
|t:|1781146859
|switch|p2a: Torkoal|Torkoal, F|100/100
|-weather|SunnyDay|[from] ability: Drought|[of] p2a: Torkoal
|move|p1a: Primarina|Calm Mind|p1a: Primarina
|-boost|p1a: Primarina|spa|1
|-boost|p1a: Primarina|spd|1
|
|-weather|SunnyDay|[upkeep]
|upkeep
|turn|7
|
|t:|1781146868
|move|p1a: Primarina|Calm Mind|p1a: Primarina
|-boost|p1a: Primarina|spa|1
|-boost|p1a: Primarina|spd|1
|move|p2a: Torkoal|Stealth Rock|p1a: Primarina
|-sidestart|p1: employment devil|move: Stealth Rock
|
|-weather|SunnyDay|[upkeep]
|upkeep
|turn|8
|
|t:|1781146872
|move|p1a: Primarina|Psychic Noise|p2a: Torkoal
|-supereffective|p2a: Torkoal
|-damage|p2a: Torkoal|0 fnt
|faint|p2a: Torkoal
|-damage|p1a: Primarina|91/100|[from] item: Life Orb
|
|-weather|SunnyDay|[upkeep]
|-sideend|p1: employment devil|move: Light Screen
|upkeep
|
|t:|1781146881
|switch|p2a: Rillaboom|Rillaboom, F|100/100
|-fieldstart|move: Grassy Terrain|[from] ability: Grassy Surge|[of] p2a: Rillaboom
|turn|9
|
|t:|1781146893
|-terastallize|p1a: Primarina|Fairy
|move|p2a: Rillaboom|Solar Blade||[still]
|-prepare|p2a: Rillaboom|Solar Blade
|-anim|p2a: Rillaboom|Solar Blade|p1a: Primarina
|-damage|p1a: Primarina|15/100
|-damage|p2a: Rillaboom|91/100|[from] item: Life Orb
|move|p1a: Primarina|Draining Kiss|p2a: Rillaboom
|-damage|p2a: Rillaboom|0 fnt
|-heal|p1a: Primarina|94/100|[from] drain|[of] p2a: Rillaboom
|faint|p2a: Rillaboom
|-damage|p1a: Primarina|84/100|[from] item: Life Orb
|
|-weather|SunnyDay|[upkeep]
|-heal|p1a: Primarina|91/100|[from] Grassy Terrain
|upkeep
|
|t:|1781146901
|switch|p2a: Armarouge|Armarouge, M, shiny|100/100
|turn|10
|
|t:|1781146906
|move|p2a: Armarouge|Trick|p1a: Primarina
|-activate|p2a: Armarouge|move: Trick|[of] p1a: Primarina
|-item|p1a: Primarina|Choice Specs|[from] move: Trick
|-item|p2a: Armarouge|Life Orb|[from] move: Trick
|move|p1a: Primarina|Psychic Noise|p2a: Armarouge
|-supereffective|p2a: Armarouge
|-damage|p2a: Armarouge|0 fnt
|faint|p2a: Armarouge
|
|-weather|SunnyDay|[upkeep]
|-heal|p1a: Primarina|97/100|[from] Grassy Terrain
|upkeep
|
|t:|1781146912
|switch|p2a: Haku|Great Tusk, shiny|100/100
|-activate|p2a: Haku|ability: Protosynthesis
|-start|p2a: Haku|protosynthesisatk
|turn|11
|
|t:|1781146916
|move|p2a: Haku|Headlong Rush|p1a: Primarina
|-damage|p1a: Primarina|33/100
|-unboost|p2a: Haku|def|1
|-unboost|p2a: Haku|spd|1
|move|p1a: Primarina|Psychic Noise|p2a: Haku
|-supereffective|p2a: Haku
|-damage|p2a: Haku|0 fnt
|faint|p2a: Haku
|-end|p2a: Haku|Protosynthesis|[silent]
|
|-weather|SunnyDay|[upkeep]
|-heal|p1a: Primarina|39/100|[from] Grassy Terrain
|upkeep
|
|t:|1781146918
|switch|p2a: Ceruledge|Ceruledge, M|100/100
|turn|12
|
|t:|1781146923
|move|p2a: Ceruledge|Bitter Blade|p1a: Primarina
|-crit|p1a: Primarina
|-damage|p1a: Primarina|0 fnt
|faint|p1a: Primarina
|
|-weather|SunnyDay|[upkeep]
|-sideend|p1: employment devil|Reflect
|upkeep
|
|t:|1781146934
|switch|p1a: Latias|Latias, F|100/100
|-damage|p1a: Latias|88/100|[from] Stealth Rock
|turn|13
|
|t:|1781146944
|move|p1a: Latias|Calm Mind|p1a: Latias
|-boost|p1a: Latias|spa|1
|-boost|p1a: Latias|spd|1
|move|p2a: Ceruledge|Swords Dance|p2a: Ceruledge
|-boost|p2a: Ceruledge|atk|2
|
|-weather|none
|-heal|p1a: Latias|94/100|[from] item: Leftovers
|-fieldend|move: Grassy Terrain
|upkeep
|turn|14
|
|t:|1781146949
|move|p1a: Latias|Stored Power|p2a: Ceruledge
|-damage|p2a: Ceruledge|64/100
|move|p2a: Ceruledge|Swords Dance|p2a: Ceruledge
|-boost|p2a: Ceruledge|atk|2
|
|-heal|p1a: Latias|99/100|[from] item: Leftovers
|upkeep
|turn|15
|
|t:|1781146955
|move|p2a: Ceruledge|Shadow Sneak|p1a: Latias
|-supereffective|p1a: Latias
|-damage|p1a: Latias|0 fnt
|faint|p1a: Latias
|
|upkeep
|
|t:|1781146958
|switch|p1a: Ursaluna|Ursaluna, F|100/100
|-damage|p1a: Ursaluna|94/100|[from] Stealth Rock
|turn|16
|c|☆employment devil|gg
|c|☆omari p|i have cc
|c|☆omari p|i just wanna know if this kills
|
|t:|1781146976
|move|p2a: Ceruledge|Bitter Blade|p1a: Ursaluna
|-damage|p1a: Ursaluna|0 fnt
|-heal|p2a: Ceruledge|100/100|[from] drain|[of] p1a: Ursaluna
|faint|p1a: Ursaluna
|
|win|omari p
|raw|employment devil's rating: 1641 &rarr; <strong>1619</strong><br />(-22 for losing)
|raw|omari p's rating: 1600 &rarr; <strong>1622</strong><br />(+22 for winning)
|c|☆employment devil|ik you kill
|c|☆omari p|ahhh
|c|☆omari p|it does nice
|c|☆omari p|gg
|l|☆employment devil
|player|p1|
