|j|‽whisperingcloth
|j|☆SkyHighMiles
|t:|1781150433
|gametype|singles
|player|p1|whisperingcloth|102|1548
|player|p2|SkyHighMiles|1|1527
|gen|9
|tier|[Gen 9] OU
|rated|
|rule|HP Percentage Mod: HP is shown in percentages
|rule|Endless Battle Clause: Forcing endless battles is banned
|rule|Species Clause: Limit one of each Pokémon
|rule|OHKO Clause: OHKO moves are banned
|rule|Evasion Items Clause: Evasion items are banned
|rule|Evasion Moves Clause: Evasion moves are banned
|rule|Evasion Abilities Clause: Evasion abilities are banned
|rule|Sleep Moves Clause: Sleep-inducing moves are banned
|clearpoke
|poke|p1|Scizor, M|
|poke|p1|Darkrai|
|poke|p1|Slowking-Galar, M|
|poke|p1|Primarina, M|
|poke|p1|Great Tusk|
|poke|p1|Zapdos|
|poke|p2|Scizor, F|
|poke|p2|Zapdos|
|poke|p2|Primarina, M|
|poke|p2|Garganacl, F|
|poke|p2|Great Tusk|
|poke|p2|Iron Moth|
|teampreview
|inactive|Battle timer is ON: inactive players will automatically lose when time's up. (requested by whisperingcloth)
|
|t:|1781150443
|teamsize|p1|6
|teamsize|p2|6
|start
|switch|p1a: Great Tusk|Great Tusk|100/100
|switch|p2a: Zapdos|Zapdos|100/100
|turn|1
|
|t:|1781150447
|-end|p1a: Great Tusk|Protosynthesis|[silent]
|switch|p1a: Slowking|Slowking-Galar, M|100/100
|move|p2a: Zapdos|Hurricane|p1a: Slowking
|-damage|p1a: Slowking|72/100
|
|upkeep
|turn|2
|
|t:|1781150470
|move|p2a: Zapdos|Volt Switch|p1a: Slowking
|-damage|p1a: Slowking|54/100
|
|t:|1781150472
|switch|p2a: Scizor|Scizor, F|100/100|[from] Volt Switch
|move|p1a: Slowking|Future Sight|p2a: Scizor
|-start|p1a: Slowking|move: Future Sight
|
|upkeep
|turn|3
|
|t:|1781150476
|switch|p1a: Zapdos|Zapdos|100/100
|move|p2a: Scizor|U-turn|p1a: Zapdos
|-resisted|p1a: Zapdos
|-damage|p1a: Zapdos|78/100
|
|t:|1781150479
|switch|p2a: Garganacl|Garganacl, F|100/100|[from] U-turn
|
|upkeep
|turn|4
|
|t:|1781150482
|move|p1a: Zapdos|Volt Switch|p2a: Garganacl
|-damage|p2a: Garganacl|79/100
|
|t:|1781150484
|switch|p1a: Slowking|Slowking-Galar, M|88/100|[from] Volt Switch
|move|p2a: Garganacl|Stealth Rock|p1a: Slowking
|-sidestart|p1: whisperingcloth|move: Stealth Rock
|
|-end|p2a: Garganacl|move: Future Sight
|-damage|p2a: Garganacl|47/100
|-heal|p2a: Garganacl|53/100|[from] item: Leftovers
|upkeep
|turn|5
|
|t:|1781150486
|move|p2a: Garganacl|Recover|p2a: Garganacl
|-heal|p2a: Garganacl|100/100
|move|p1a: Slowking|Future Sight|p2a: Garganacl
|-start|p1a: Slowking|move: Future Sight
|
|upkeep
|turn|6
|
|t:|1781150489
|move|p2a: Garganacl|Salt Cure|p1a: Slowking
|-damage|p1a: Slowking|74/100
|-start|p1a: Slowking|Salt Cure
|-prepare|p1a: Slowking|Chilly Reception|[premajor]
|move|p1a: Slowking|Chilly Reception|p1a: Slowking
|-weather|Snowscape
|
|t:|1781150492
|switch|p1a: Scizor|Scizor, M|100/100|[from] Chilly Reception
|-damage|p1a: Scizor|88/100|[from] Stealth Rock
|
|-weather|Snowscape|[upkeep]
|upkeep
|turn|7
|j| Kisaragi Station
|
|t:|1781150511
|move|p2a: Garganacl|Protect|p2a: Garganacl
|-singleturn|p2a: Garganacl|Protect
|move|p1a: Scizor|Knock Off|p2a: Garganacl
|-activate|p2a: Garganacl|move: Protect
|
|-weather|Snowscape|[upkeep]
|-end|p2a: Garganacl|move: Future Sight
|-damage|p2a: Garganacl|68/100
|-heal|p2a: Garganacl|74/100|[from] item: Leftovers
|upkeep
|turn|8
|
|t:|1781150517
|move|p1a: Scizor|Knock Off|p2a: Garganacl
|-damage|p2a: Garganacl|39/100
|-enditem|p2a: Garganacl|Leftovers|[from] move: Knock Off|[of] p1a: Scizor
|move|p2a: Garganacl|Salt Cure|p1a: Scizor
|-damage|p1a: Scizor|71/100
|-start|p1a: Scizor|Salt Cure
|
|-weather|Snowscape|[upkeep]
|-damage|p1a: Scizor|46/100|[from] Salt Cure
|upkeep
|turn|9
|
|t:|1781150525
|switch|p1a: Slowking|Slowking-Galar, M|100/100
|move|p2a: Garganacl|Recover|p2a: Garganacl
|-heal|p2a: Garganacl|89/100
|
|-weather|Snowscape|[upkeep]
|upkeep
|turn|10
|
|t:|1781150532
|switch|p2a: Scizor|Scizor, F|100/100
|move|p1a: Slowking|Future Sight|p2a: Scizor
|-start|p1a: Slowking|move: Future Sight
|
|-weather|none
|upkeep
|turn|11
|
|t:|1781150537
|switch|p2a: Garganacl|Garganacl, F|89/100
|switch|p1a: Zapdos|Zapdos|78/100
|
|upkeep
|turn|12
|
|t:|1781150541
|move|p1a: Zapdos|Volt Switch|p2a: Garganacl
|-damage|p2a: Garganacl|71/100
|
|t:|1781150543
|switch|p1a: Slowking|Slowking-Galar, M|100/100|[from] Volt Switch
|move|p2a: Garganacl|Salt Cure|p1a: Slowking
|-damage|p1a: Slowking|86/100
|-start|p1a: Slowking|Salt Cure
|
|-end|p2a: Garganacl|move: Future Sight
|-damage|p2a: Garganacl|41/100
|-damage|p1a: Slowking|73/100|[from] Salt Cure
|upkeep
|turn|13
|
|t:|1781150545
|move|p2a: Garganacl|Recover|p2a: Garganacl
|-heal|p2a: Garganacl|91/100
|move|p1a: Slowking|Future Sight|p2a: Garganacl
|-start|p1a: Slowking|move: Future Sight
|
|-damage|p1a: Slowking|61/100|[from] Salt Cure
|upkeep
|turn|14
|
|t:|1781150552
|switch|p2a: Zapdos|Zapdos|100/100
|-prepare|p1a: Slowking|Chilly Reception|[premajor]
|move|p1a: Slowking|Chilly Reception|p1a: Slowking
|-weather|Snowscape
|
|t:|1781150561
|switch|p1a: Darkrai|Darkrai|100/100|[from] Chilly Reception
|-damage|p1a: Darkrai|88/100|[from] Stealth Rock
|
|-weather|Snowscape|[upkeep]
|upkeep
|turn|15
|
|t:|1781150577
|move|p1a: Darkrai|Dark Pulse|p2a: Zapdos
|-damage|p2a: Zapdos|56/100
|move|p2a: Zapdos|Volt Switch|p1a: Darkrai
|-damage|p1a: Darkrai|50/100
|
|t:|1781150580
|switch|p2a: Scizor|Scizor, F|100/100|[from] Volt Switch
|
|-weather|Snowscape|[upkeep]
|-end|p2a: Scizor|move: Future Sight
|-resisted|p2a: Scizor
|-damage|p2a: Scizor|72/100
|upkeep
|turn|16
|
|t:|1781150583
|switch|p1a: Zapdos|Zapdos|78/100
|move|p2a: Scizor|U-turn|p1a: Zapdos
|-resisted|p1a: Zapdos
|-damage|p1a: Zapdos|56/100
|
|t:|1781150587
|switch|p2a: Zapdos|Zapdos|56/100|[from] U-turn
|
|-weather|Snowscape|[upkeep]
|upkeep
|turn|17
|
|t:|1781150590
|move|p2a: Zapdos|Volt Switch|p1a: Zapdos
|-damage|p1a: Zapdos|30/100
|
|t:|1781150592
|switch|p2a: Garganacl|Garganacl, F|91/100|[from] Volt Switch
|move|p1a: Zapdos|Roost|p1a: Zapdos
|-heal|p1a: Zapdos|80/100
|-singleturn|p1a: Zapdos|move: Roost
|
|-weather|Snowscape|[upkeep]
|upkeep
|turn|18
|
|t:|1781150595
|switch|p2a: Scizor|Scizor, F|72/100
|move|p1a: Zapdos|Volt Switch|p2a: Scizor
|-damage|p2a: Scizor|37/100
|
|t:|1781150603
|switch|p1a: Great Tusk|Great Tusk|100/100|[from] Volt Switch
|
|-weather|none
|upkeep
|turn|19
|
|t:|1781150607
|switch|p2a: Zapdos|Zapdos|56/100
|move|p1a: Great Tusk|Rapid Spin|p2a: Zapdos
|-damage|p2a: Zapdos|39/100
|-boost|p1a: Great Tusk|spe|1
|-sideend|p1: whisperingcloth|Stealth Rock|[from] move: Rapid Spin|[of] p1a: Great Tusk
|
|upkeep
|turn|20
|
|t:|1781150610
|move|p1a: Great Tusk|Ice Spinner|p2a: Zapdos
|-supereffective|p2a: Zapdos
|-damage|p2a: Zapdos|0 fnt
|faint|p2a: Zapdos
|
|upkeep
|
|t:|1781150628
|switch|p2a: Primarina|Primarina, M|100/100
|turn|21
|
|t:|1781150634
|move|p1a: Great Tusk|Headlong Rush|p2a: Primarina
|-damage|p2a: Primarina|22/100
|-unboost|p1a: Great Tusk|def|1
|-unboost|p1a: Great Tusk|spd|1
|move|p2a: Primarina|Flip Turn|p1a: Great Tusk
|-supereffective|p1a: Great Tusk
|-damage|p1a: Great Tusk|54/100
|
|t:|1781150638
|switch|p2a: Iron Moth|Iron Moth|100/100|[from] Flip Turn
|-enditem|p2a: Iron Moth|Booster Energy
|-activate|p2a: Iron Moth|ability: Quark Drive|[fromitem]
|-start|p2a: Iron Moth|quarkdrivespe
|
|upkeep
|turn|22
|
|t:|1781150643
|move|p2a: Iron Moth|Substitute|p2a: Iron Moth
|-start|p2a: Iron Moth|Substitute
|-damage|p2a: Iron Moth|76/100
|move|p1a: Great Tusk|Headlong Rush|p2a: Iron Moth
|-supereffective|p2a: Iron Moth
|-end|p2a: Iron Moth|Substitute
|-unboost|p1a: Great Tusk|def|1
|-unboost|p1a: Great Tusk|spd|1
|
|upkeep
|turn|23
|
|t:|1781150648
|move|p2a: Iron Moth|Fiery Dance|p1a: Great Tusk
|-damage|p1a: Great Tusk|0 fnt
|-boost|p2a: Iron Moth|spa|1
|faint|p1a: Great Tusk
|-end|p1a: Great Tusk|Protosynthesis|[silent]
|
|upkeep
|
|t:|1781150650
|switch|p1a: Slowking|Slowking-Galar, M|94/100
|turn|24
|
|t:|1781150656
|move|p2a: Iron Moth|Fiery Dance|p1a: Slowking
|-damage|p1a: Slowking|60/100
|-boost|p2a: Iron Moth|spa|1
|move|p1a: Slowking|Future Sight|p2a: Iron Moth
|-start|p1a: Slowking|move: Future Sight
|
|upkeep
|turn|25
|
|t:|1781150662
|move|p2a: Iron Moth|Fiery Dance|p1a: Slowking
|-damage|p1a: Slowking|9/100
|move|p1a: Slowking|Sludge Bomb|p2a: Iron Moth
|-resisted|p2a: Iron Moth
|-damage|p2a: Iron Moth|58/100
|
|upkeep
|turn|26
|
|t:|1781150686
|move|p2a: Iron Moth|Substitute|p2a: Iron Moth
|-start|p2a: Iron Moth|Substitute
|-damage|p2a: Iron Moth|33/100
|-prepare|p1a: Slowking|Chilly Reception|[premajor]
|move|p1a: Slowking|Chilly Reception|p1a: Slowking
|-weather|Snowscape
|
|t:|1781150689
|switch|p1a: Darkrai|Darkrai|50/100|[from] Chilly Reception
|
|-weather|Snowscape|[upkeep]
|-end|p2a: Iron Moth|move: Future Sight
|-supereffective|p2a: Iron Moth
|-end|p2a: Iron Moth|Substitute
|upkeep
|turn|27
|
|t:|1781150693
|move|p1a: Darkrai|Dark Pulse|p2a: Iron Moth
|-damage|p2a: Iron Moth|0 fnt
|faint|p2a: Iron Moth
|-end|p2a: Iron Moth|Quark Drive|[silent]
|
|-weather|Snowscape|[upkeep]
|upkeep
|
|t:|1781150698
|switch|p2a: Scizor|Scizor, F|37/100
|turn|28
|
|t:|1781150701
|switch|p1a: Zapdos|Zapdos|80/100
|switch|p2a: Garganacl|Garganacl, F|91/100
|
|-weather|Snowscape|[upkeep]
|upkeep
|turn|29
|
|t:|1781150703
|move|p1a: Zapdos|Volt Switch|p2a: Garganacl
|-damage|p2a: Garganacl|71/100
|
|t:|1781150705
|switch|p1a: Slowking|Slowking-Galar, M|42/100|[from] Volt Switch
|move|p2a: Garganacl|Salt Cure|p1a: Slowking
|-damage|p1a: Slowking|28/100
|-start|p1a: Slowking|Salt Cure
|
|-weather|Snowscape|[upkeep]
|-damage|p1a: Slowking|16/100|[from] Salt Cure
|upkeep
|turn|30
|
|t:|1781150728
|move|p2a: Garganacl|Salt Cure|p1a: Slowking
|-damage|p1a: Slowking|2/100
|move|p1a: Slowking|Future Sight|p2a: Garganacl
|-start|p1a: Slowking|move: Future Sight
|
|-weather|none
|-damage|p1a: Slowking|0 fnt|[from] Salt Cure
|faint|p1a: Slowking
|upkeep
|
|t:|1781150735
|switch|p1a: Darkrai|Darkrai|50/100
|turn|31
|
|t:|1781150737
|move|p2a: Garganacl|Protect|p2a: Garganacl
|-singleturn|p2a: Garganacl|Protect
|move|p1a: Darkrai|Trick|p2a: Garganacl
|-activate|p2a: Garganacl|move: Protect
|
|upkeep
|turn|32
|
|t:|1781150742
|switch|p2a: Scizor|Scizor, F|37/100
|move|p1a: Darkrai|Trick|p2a: Scizor
|-activate|p1a: Darkrai|move: Trick|[of] p2a: Scizor
|-item|p2a: Scizor|Choice Scarf|[from] move: Trick
|-item|p1a: Darkrai|Choice Band|[from] move: Trick
|
|-end|p2a: Scizor|move: Future Sight
|-resisted|p2a: Scizor
|-damage|p2a: Scizor|8/100
|upkeep
|turn|33
|
|t:|1781150751
|switch|p1a: Zapdos|Zapdos|80/100
|move|p2a: Scizor|Bullet Punch|p1a: Zapdos
|-resisted|p1a: Zapdos
|-damage|p1a: Zapdos|68/100
|
|upkeep
|turn|34
|
|t:|1781150753
|switch|p2a: Garganacl|Garganacl, F|71/100
|move|p1a: Zapdos|Roost|p1a: Zapdos
|-heal|p1a: Zapdos|100/100
|-singleturn|p1a: Zapdos|move: Roost
|
|upkeep
|turn|35
|
|t:|1781150755
|switch|p2a: Great Tusk|Great Tusk|100/100
|move|p1a: Zapdos|Volt Switch|p2a: Great Tusk
|-immune|p2a: Great Tusk
|
|upkeep
|turn|36
|
|t:|1781150760
|-terastallize|p2a: Great Tusk|Steel
|move|p2a: Great Tusk|Head Smash|p1a: Zapdos|[miss]
|-miss|p2a: Great Tusk|p1a: Zapdos
|move|p1a: Zapdos|Hurricane|p2a: Great Tusk
|-resisted|p2a: Great Tusk
|-damage|p2a: Great Tusk|71/100
|
|upkeep
|turn|37
|
|t:|1781150771
|move|p2a: Great Tusk|Head Smash|p1a: Zapdos
|-supereffective|p1a: Zapdos
|-damage|p1a: Zapdos|33/100
|-damage|p2a: Great Tusk|40/100|[from] Recoil
|move|p1a: Zapdos|Thunder Wave|p2a: Great Tusk
|-status|p2a: Great Tusk|par
|
|upkeep
|turn|38
|
|t:|1781150780
|move|p1a: Zapdos|Roost|p1a: Zapdos
|-heal|p1a: Zapdos|83/100
|-singleturn|p1a: Zapdos|move: Roost
|move|p2a: Great Tusk|Head Smash|p1a: Zapdos
|-damage|p1a: Zapdos|49/100
|-damage|p2a: Great Tusk|24/100 par|[from] Recoil
|
|upkeep
|turn|39
|
|t:|1781150783
|move|p1a: Zapdos|Roost|p1a: Zapdos
|-heal|p1a: Zapdos|99/100
|-singleturn|p1a: Zapdos|move: Roost
|cant|p2a: Great Tusk|par
|
|upkeep
|turn|40
|
|t:|1781150786
|move|p1a: Zapdos|Volt Switch|p2a: Great Tusk
|-damage|p2a: Great Tusk|0 fnt
|faint|p2a: Great Tusk
|-end|p2a: Great Tusk|Protosynthesis|[silent]
|
|t:|1781150789
|switch|p1a: Scizor|Scizor, M|46/100|[from] Volt Switch
|
|upkeep
|
|t:|1781150796
|switch|p2a: Garganacl|Garganacl, F|71/100
|turn|41
|
|t:|1781150798
|-terastallize|p1a: Scizor|Steel
|move|p2a: Garganacl|Protect|p2a: Garganacl
|-singleturn|p2a: Garganacl|Protect
|move|p1a: Scizor|Bullet Punch|p2a: Garganacl
|-activate|p2a: Garganacl|move: Protect
|
|upkeep
|turn|42
|
|t:|1781150800
|move|p1a: Scizor|Bullet Punch|p2a: Garganacl
|-supereffective|p2a: Garganacl
|-damage|p2a: Garganacl|0 fnt
|faint|p2a: Garganacl
|
|upkeep
|-message|SkyHighMiles forfeited.
|
|win|whisperingcloth
|raw|whisperingcloth's rating: 1548 &rarr; <strong>1567</strong><br />(+19 for winning)
|raw|SkyHighMiles's rating: 1527 &rarr; <strong>1508</strong><br />(-19 for losing)
|l|☆SkyHighMiles
|player|p2|
|l|‽whisperingcloth
|player|p1|
