|j|☆bigguy916
|j|☆LowEL0God
|t:|1781411316
|gametype|singles
|player|p1|bigguy916|unknownf|1649
|player|p2|LowEL0God|265|1542
|gen|9
|tier|[Gen 9] OU
|rated|
|rule|HP Percentage Mod: HP is shown in percentages
|rule|Endless Battle Clause: Forcing endless battles is banned
|rule|Species Clause: Limit one of each Pokémon
|rule|OHKO Clause: OHKO moves are banned
|rule|Evasion Items Clause: Evasion items are banned
|rule|Evasion Moves Clause: Evasion moves are banned
|rule|Evasion Abilities Clause: Evasion abilities are banned
|rule|Sleep Moves Clause: Sleep-inducing moves are banned
|clearpoke
|poke|p1|Cresselia, F|
|poke|p1|Kingambit, F|
|poke|p1|Garchomp, M|
|poke|p1|Primarina, M|
|poke|p1|Walking Wake|
|poke|p1|Zamazenta-*|
|poke|p2|Pelipper, F|
|poke|p2|Raging Bolt|
|poke|p2|Overqwil, F|
|poke|p2|Barraskewda, M|
|poke|p2|Iron Treads|
|poke|p2|Kingambit, M|
|teampreview
|inactive|Battle timer is ON: inactive players will automatically lose when time's up. (requested by bigguy916)
|c|☆LowEL0God|hf
|inactive|LowEL0God also wants the timer to be on.
|c|☆bigguy916|u2
|
|t:|1781411343
|teamsize|p1|6
|teamsize|p2|6
|start
|switch|p1a: Primarina|Primarina, M|100/100
|switch|p2a: Raging Bolt|Raging Bolt|100/100
|-enditem|p2a: Raging Bolt|Booster Energy
|-activate|p2a: Raging Bolt|ability: Protosynthesis|[fromitem]
|-start|p2a: Raging Bolt|protosynthesisspa
|turn|1
|
|t:|1781411347
|move|p2a: Raging Bolt|Thunder|p1a: Primarina
|-supereffective|p1a: Primarina
|-crit|p1a: Primarina
|-damage|p1a: Primarina|0 fnt
|faint|p1a: Primarina
|
|upkeep
|
|t:|1781411358
|switch|p1a: Garchomp|Garchomp, M|100/100
|turn|2
|
|t:|1781411362
|move|p1a: Garchomp|Stealth Rock|p2a: Raging Bolt
|-sidestart|p2: LowEL0God|move: Stealth Rock
|move|p2a: Raging Bolt|Draco Meteor|p1a: Garchomp
|-supereffective|p1a: Garchomp
|-crit|p1a: Garchomp
|-damage|p1a: Garchomp|0 fnt
|-unboost|p2a: Raging Bolt|spa|2
|faint|p1a: Garchomp
|
|upkeep
|
|t:|1781411369
|switch|p1a: Cresselia|Cresselia, F|100/100
|turn|3
|
|t:|1781411371
|-end|p2a: Raging Bolt|Protosynthesis|[silent]
|switch|p2a: Kingambit|Kingambit, M|100/100
|-damage|p2a: Kingambit|94/100|[from] Stealth Rock
|move|p1a: Cresselia|Calm Mind|p1a: Cresselia
|-boost|p1a: Cresselia|spa|1
|-boost|p1a: Cresselia|spd|1
|
|-heal|p2a: Kingambit|100/100|[from] item: Leftovers
|upkeep
|turn|4
|
|t:|1781411378
|-terastallize|p1a: Cresselia|Poison
|move|p1a: Cresselia|Calm Mind|p1a: Cresselia
|-boost|p1a: Cresselia|spa|1
|-boost|p1a: Cresselia|spd|1
|move|p2a: Kingambit|Swords Dance|p2a: Kingambit
|-boost|p2a: Kingambit|atk|2
|
|upkeep
|turn|5
|
|t:|1781411384
|switch|p1a: Zamazenta|Zamazenta|100/100
|-ability|p1a: Zamazenta|Dauntless Shield|boost
|-boost|p1a: Zamazenta|def|1
|move|p2a: Kingambit|Iron Head|p1a: Zamazenta
|-damage|p1a: Zamazenta|54/100
|
|-heal|p1a: Zamazenta|60/100|[from] item: Leftovers
|upkeep
|turn|6
|
|t:|1781411391
|-terastallize|p2a: Kingambit|Dark
|move|p2a: Kingambit|Iron Head|p1a: Zamazenta
|-damage|p1a: Zamazenta|15/100
|cant|p1a: Zamazenta|flinch
|
|-heal|p1a: Zamazenta|21/100|[from] item: Leftovers
|upkeep
|turn|7
|
|t:|1781411397
|move|p1a: Zamazenta|Iron Defense|p1a: Zamazenta
|-boost|p1a: Zamazenta|def|2
|move|p2a: Kingambit|Iron Head|p1a: Zamazenta
|-damage|p1a: Zamazenta|0 fnt
|faint|p1a: Zamazenta
|
|upkeep
|-message|bigguy916 forfeited.
|
|win|LowEL0God
|raw|bigguy916's rating: 1649 &rarr; <strong>1623</strong><br />(-26 for losing)
|raw|LowEL0God's rating: 1542 &rarr; <strong>1568</strong><br />(+26 for winning)
|l|☆bigguy916
|player|p1|
|c|☆LowEL0God|gg
|l|☆LowEL0God
|player|p2|
