|j|☆thelarpinglarper
|j|☆rblt ryo
|t:|1781591401
|gametype|singles
|player|p1|thelarpinglarper|sordward|1668
|player|p2|rblt ryo|grimsley-gen7|1721
|gen|9
|tier|[Gen 9] OU
|rated|
|rule|HP Percentage Mod: HP is shown in percentages
|rule|Endless Battle Clause: Forcing endless battles is banned
|rule|Species Clause: Limit one of each Pokémon
|rule|OHKO Clause: OHKO moves are banned
|rule|Evasion Items Clause: Evasion items are banned
|rule|Evasion Moves Clause: Evasion moves are banned
|rule|Evasion Abilities Clause: Evasion abilities are banned
|rule|Sleep Moves Clause: Sleep-inducing moves are banned
|clearpoke
|poke|p1|Samurott-Hisui, F|
|poke|p1|Iron Treads|
|poke|p1|Iron Valiant|
|poke|p1|Rotom-Wash|
|poke|p1|Iron Moth|
|poke|p1|Pecharunt|
|poke|p2|Ting-Lu|
|poke|p2|Corviknight, F|
|poke|p2|Hatterene, F|
|poke|p2|Amoonguss, M|
|poke|p2|Dondozo, F|
|poke|p2|Hoopa-Unbound|
|teampreview
|inactive|Battle timer is ON: inactive players will automatically lose when time's up. (requested by thelarpinglarper)
|
|t:|1781591410
|teamsize|p1|6
|teamsize|p2|6
|start
|switch|p1a: Iron Moth|Iron Moth|100/100
|switch|p2a: Hoopa|Hoopa-Unbound|100/100
|turn|1
|
|t:|1781591426
|move|p1a: Iron Moth|U-turn|p2a: Hoopa
|-supereffective|p2a: Hoopa
|-damage|p2a: Hoopa|53/100
|
|t:|1781591429
|-end|p1a: Iron Moth|Quark Drive|[silent]
|switch|p1a: Iron Treads|Iron Treads|100/100|[from] U-turn
|move|p2a: Hoopa|Drain Punch|p1a: Iron Treads
|-supereffective|p1a: Iron Treads
|-damage|p1a: Iron Treads|58/100
|-heal|p2a: Hoopa|75/100|[from] drain|[of] p1a: Iron Treads
|
|upkeep
|turn|2
|
|t:|1781591439
|switch|p2a: Corviknight|Corviknight, F|100/100
|-ability|p2a: Corviknight|Pressure
|move|p1a: Iron Treads|Knock Off|p2a: Corviknight
|-damage|p2a: Corviknight|86/100
|-damage|p1a: Iron Treads|42/100|[from] item: Rocky Helmet|[of] p2a: Corviknight
|-enditem|p2a: Corviknight|Rocky Helmet|[from] move: Knock Off|[of] p1a: Iron Treads
|
|upkeep
|turn|3
|
|t:|1781591444
|switch|p2a: Hatterene|Hatterene, F|100/100
|move|p1a: Iron Treads|Stealth Rock|p2a: Hatterene
|move|p2a: Hatterene|Stealth Rock|p1a: Iron Treads|[from] ability: Magic Bounce
|-sidestart|p1: thelarpinglarper|move: Stealth Rock
|
|upkeep
|turn|4
|
|t:|1781591448
|-end|p1a: Iron Treads|Quark Drive|[silent]
|switch|p1a: Iron Moth|Iron Moth|100/100
|-damage|p1a: Iron Moth|76/100|[from] Stealth Rock
|move|p2a: Hatterene|Mystical Fire|p1a: Iron Moth
|-resisted|p1a: Iron Moth
|-damage|p1a: Iron Moth|64/100
|-unboost|p1a: Iron Moth|spa|1
|
|upkeep
|turn|5
|
|t:|1781591453
|switch|p2a: Ting-Lu|Ting-Lu|100/100
|-ability|p2a: Ting-Lu|Vessel of Ruin
|move|p1a: Iron Moth|Sludge Wave|p2a: Ting-Lu
|-resisted|p2a: Ting-Lu
|-damage|p2a: Ting-Lu|89/100
|
|-heal|p2a: Ting-Lu|96/100|[from] item: Leftovers
|upkeep
|turn|6
|
|t:|1781591461
|-end|p1a: Iron Moth|Quark Drive|[silent]
|switch|p1a: Rotom|Rotom-Wash|100/100
|-damage|p1a: Rotom|88/100|[from] Stealth Rock
|switch|p2a: Hoopa|Hoopa-Unbound|75/100
|
|upkeep
|turn|7
|
|t:|1781591469
|move|p1a: Rotom|Volt Switch|p2a: Hoopa
|-damage|p2a: Hoopa|63/100
|
|t:|1781591477
|switch|p1a: Iron Valiant|Iron Valiant|100/100|[from] Volt Switch
|-damage|p1a: Iron Valiant|94/100|[from] Stealth Rock
|move|p2a: Hoopa|Knock Off|p1a: Iron Valiant
|-resisted|p1a: Iron Valiant
|-damage|p1a: Iron Valiant|77/100
|-enditem|p1a: Iron Valiant|Life Orb|[from] move: Knock Off|[of] p2a: Hoopa
|
|upkeep
|turn|8
|
|t:|1781591488
|switch|p2a: Amoonguss|Amoonguss, M|100/100
|move|p1a: Iron Valiant|Knock Off|p2a: Amoonguss
|-damage|p2a: Amoonguss|76/100
|-enditem|p2a: Amoonguss|Heavy-Duty Boots|[from] move: Knock Off|[of] p1a: Iron Valiant
|
|upkeep
|turn|9
|
|t:|1781591501
|-end|p1a: Iron Valiant|Quark Drive|[silent]
|switch|p1a: Rotom|Rotom-Wash|88/100
|-damage|p1a: Rotom|75/100|[from] Stealth Rock
|move|p2a: Amoonguss|Stun Spore|p1a: Rotom
|-immune|p1a: Rotom
|
|upkeep
|turn|10
|
|t:|1781591518
|move|p1a: Rotom|Pain Split|p2a: Amoonguss
|-sethp|p2a: Amoonguss|65/100|[from] move: Pain Split|[silent]
|-sethp|p1a: Rotom|91/100|[from] move: Pain Split
|move|p2a: Amoonguss|Sludge Bomb|p1a: Rotom
|-damage|p1a: Rotom|63/100
|
|upkeep
|turn|11
|
|t:|1781591525
|move|p1a: Rotom|Pain Split|p2a: Amoonguss
|-sethp|p2a: Amoonguss|54/100|[from] move: Pain Split|[silent]
|-sethp|p1a: Rotom|77/100|[from] move: Pain Split
|move|p2a: Amoonguss|Stun Spore|p1a: Rotom|[miss]
|-miss|p2a: Amoonguss|p1a: Rotom
|
|upkeep
|turn|12
|
|t:|1781591532
|move|p1a: Rotom|Hydro Pump|p2a: Amoonguss
|-resisted|p2a: Amoonguss
|-damage|p2a: Amoonguss|37/100
|move|p2a: Amoonguss|Stun Spore|p1a: Rotom|[miss]
|-miss|p2a: Amoonguss|p1a: Rotom
|
|upkeep
|turn|13
|
|t:|1781591537
|switch|p2a: Hatterene|Hatterene, F|100/100
|move|p1a: Rotom|Hydro Pump|p2a: Hatterene
|-damage|p2a: Hatterene|56/100
|
|-heal|p2a: Hatterene|62/100|[from] item: Leftovers
|upkeep
|turn|14
|
|t:|1781591547
|move|p1a: Rotom|Hydro Pump|p2a: Hatterene
|-damage|p2a: Hatterene|23/100
|move|p2a: Hatterene|Pain Split|p1a: Rotom
|-sethp|p1a: Rotom|50/100|[from] move: Pain Split|[silent]
|-sethp|p2a: Hatterene|48/100|[from] move: Pain Split
|
|-heal|p2a: Hatterene|54/100|[from] item: Leftovers
|upkeep
|turn|15
|
|t:|1781591552
|switch|p2a: Amoonguss|Amoonguss, M|70/100
|move|p1a: Rotom|Hydro Pump|p2a: Amoonguss
|-resisted|p2a: Amoonguss
|-damage|p2a: Amoonguss|53/100
|
|upkeep
|turn|16
|
|t:|1781591555
|move|p1a: Rotom|Hydro Pump|p2a: Amoonguss
|-resisted|p2a: Amoonguss
|-damage|p2a: Amoonguss|35/100
|move|p2a: Amoonguss|Sludge Bomb|p1a: Rotom
|-damage|p1a: Rotom|19/100
|-status|p1a: Rotom|psn
|
|-damage|p1a: Rotom|7/100 psn|[from] psn
|upkeep
|turn|17
|
|t:|1781591566
|move|p1a: Rotom|Volt Switch|p2a: Amoonguss
|-resisted|p2a: Amoonguss
|-damage|p2a: Amoonguss|22/100
|
|t:|1781591574
|switch|p1a: Iron Treads|Iron Treads|42/100|[from] Volt Switch
|move|p2a: Amoonguss|Stun Spore|p1a: Iron Treads|[miss]
|-miss|p2a: Amoonguss|p1a: Iron Treads
|
|upkeep
|turn|18
|
|t:|1781591589
|switch|p2a: Hatterene|Hatterene, F|54/100
|move|p1a: Iron Treads|Earthquake|p2a: Hatterene
|-damage|p2a: Hatterene|21/100
|
|-heal|p2a: Hatterene|27/100|[from] item: Leftovers
|upkeep
|turn|19
|
|t:|1781591594
|move|p1a: Iron Treads|Rapid Spin|p2a: Hatterene
|-damage|p2a: Hatterene|15/100
|-boost|p1a: Iron Treads|spe|1
|-sideend|p1: thelarpinglarper|Stealth Rock|[from] move: Rapid Spin|[of] p1a: Iron Treads
|move|p2a: Hatterene|Mystical Fire|p1a: Iron Treads
|-supereffective|p1a: Iron Treads
|-damage|p1a: Iron Treads|0 fnt
|faint|p1a: Iron Treads
|-end|p1a: Iron Treads|Quark Drive|[silent]
|
|-heal|p2a: Hatterene|21/100|[from] item: Leftovers
|upkeep
|
|t:|1781591599
|switch|p1a: Iron Moth|Iron Moth|64/100
|turn|20
|
|t:|1781591604
|switch|p2a: Dondozo|Dondozo, F|100/100
|move|p1a: Iron Moth|Fiery Dance|p2a: Dondozo
|-resisted|p2a: Dondozo
|-damage|p2a: Dondozo|78/100
|-boost|p1a: Iron Moth|spa|1
|
|-heal|p2a: Dondozo|85/100|[from] item: Leftovers
|upkeep
|turn|21
|
|t:|1781591617
|-end|p1a: Iron Moth|Quark Drive|[silent]
|switch|p1a: Samurott|Samurott-Hisui, F|100/100
|switch|p2a: Hoopa|Hoopa-Unbound|63/100
|
|upkeep
|turn|22
|
|t:|1781591620
|move|p1a: Samurott|Ceaseless Edge|p2a: Hoopa
|-damage|p2a: Hoopa|0 fnt
|-sidestart|p2: rblt ryo|Spikes
|faint|p2a: Hoopa
|
|upkeep
|
|t:|1781591626
|switch|p2a: Ting-Lu|Ting-Lu|96/100
|-damage|p2a: Ting-Lu|83/100|[from] Spikes
|-ability|p2a: Ting-Lu|Vessel of Ruin
|turn|23
|
|t:|1781591632
|switch|p1a: Iron Valiant|Iron Valiant|77/100
|move|p2a: Ting-Lu|Earthquake|p1a: Iron Valiant
|-damage|p1a: Iron Valiant|26/100
|
|-heal|p2a: Ting-Lu|89/100|[from] item: Leftovers
|upkeep
|turn|24
|
|t:|1781591641
|switch|p2a: Hatterene|Hatterene, F|21/100
|-damage|p2a: Hatterene|9/100|[from] Spikes
|move|p1a: Iron Valiant|Close Combat|p2a: Hatterene
|-resisted|p2a: Hatterene
|-damage|p2a: Hatterene|0 fnt
|-unboost|p1a: Iron Valiant|def|1
|-unboost|p1a: Iron Valiant|spd|1
|faint|p2a: Hatterene
|
|upkeep
|inactive|rblt ryo has 120 seconds left.
|
|t:|1781591676
|switch|p2a: Corviknight|Corviknight, F|86/100
|-ability|p2a: Corviknight|Pressure
|turn|25
|
|t:|1781591682
|-end|p1a: Iron Valiant|Quark Drive|[silent]
|switch|p1a: Iron Moth|Iron Moth|64/100
|move|p2a: Corviknight|Defog|p1a: Iron Moth
|-unboost|p1a: Iron Moth|evasion|1
|-sideend|p2: rblt ryo|Spikes|[from] move: Defog|[of] p2a: Corviknight
|
|upkeep
|turn|26
|
|t:|1781591689
|-terastallize|p1a: Iron Moth|Fire
|move|p1a: Iron Moth|Overheat|p2a: Corviknight
|-supereffective|p2a: Corviknight
|-damage|p2a: Corviknight|0 fnt
|-unboost|p1a: Iron Moth|spa|2
|faint|p2a: Corviknight
|
|upkeep
|
|t:|1781591700
|switch|p2a: Ting-Lu|Ting-Lu|89/100
|-ability|p2a: Ting-Lu|Vessel of Ruin
|turn|27
|
|t:|1781591706
|-end|p1a: Iron Moth|Quark Drive|[silent]
|switch|p1a: Pecharunt|Pecharunt|100/100
|move|p2a: Ting-Lu|Earthquake|p1a: Pecharunt
|-supereffective|p1a: Pecharunt
|-damage|p1a: Pecharunt|67/100
|
|-heal|p2a: Ting-Lu|96/100|[from] item: Leftovers
|upkeep
|turn|28
|
|t:|1781591712
|move|p1a: Pecharunt|Parting Shot|p2a: Ting-Lu
|-unboost|p2a: Ting-Lu|atk|1
|-unboost|p2a: Ting-Lu|spa|1
|
|t:|1781591715
|switch|p1a: Samurott|Samurott-Hisui, F|100/100|[from] Parting Shot
|move|p2a: Ting-Lu|Earthquake|p1a: Samurott
|-crit|p1a: Samurott
|-damage|p1a: Samurott|24/100
|
|-heal|p2a: Ting-Lu|100/100|[from] item: Leftovers
|upkeep
|turn|29
|
|t:|1781591732
|move|p1a: Samurott|Razor Shell|p2a: Ting-Lu
|-supereffective|p2a: Ting-Lu
|-damage|p2a: Ting-Lu|18/100
|-unboost|p2a: Ting-Lu|def|1
|move|p2a: Ting-Lu|Earthquake|p1a: Samurott
|-damage|p1a: Samurott|0 fnt
|faint|p1a: Samurott
|
|-heal|p2a: Ting-Lu|25/100|[from] item: Leftovers
|upkeep
|
|t:|1781591738
|switch|p1a: Iron Moth|Iron Moth, tera:Fire|64/100
|turn|30
|
|t:|1781591741
|switch|p2a: Amoonguss|Amoonguss, M|55/100
|move|p1a: Iron Moth|Fiery Dance|p2a: Amoonguss
|-supereffective|p2a: Amoonguss
|-damage|p2a: Amoonguss|0 fnt
|-boost|p1a: Iron Moth|spa|1
|faint|p2a: Amoonguss
|
|upkeep
|j| hattybatty304
|
|t:|1781591746
|switch|p2a: Dondozo|Dondozo, F|85/100
|turn|31
|
|t:|1781591751
|move|p1a: Iron Moth|Fiery Dance|p2a: Dondozo
|-resisted|p2a: Dondozo
|-damage|p2a: Dondozo|55/100
|-boost|p1a: Iron Moth|spa|1
|move|p2a: Dondozo|Curse|p2a: Dondozo
|-unboost|p2a: Dondozo|spe|1
|-boost|p2a: Dondozo|atk|1
|-boost|p2a: Dondozo|def|1
|
|-heal|p2a: Dondozo|61/100|[from] item: Leftovers
|upkeep
|turn|32
|
|t:|1781591763
|-end|p1a: Iron Moth|Quark Drive|[silent]
|switch|p1a: Iron Valiant|Iron Valiant|26/100
|move|p2a: Dondozo|Rest|p2a: Dondozo
|-status|p2a: Dondozo|slp|[from] move: Rest
|-heal|p2a: Dondozo|100/100 slp|[silent]
|
|upkeep
|turn|33
|
|t:|1781591769
|move|p1a: Iron Valiant|Destiny Bond|p1a: Iron Valiant
|-singlemove|p1a: Iron Valiant|Destiny Bond
|cant|p2a: Dondozo|slp
|move|p2a: Dondozo|Sleep Talk|p2a: Dondozo
|move|p2a: Dondozo|Liquidation|p1a: Iron Valiant|[from] move: Sleep Talk
|-damage|p1a: Iron Valiant|0 fnt
|faint|p1a: Iron Valiant
|-activate|p1a: Iron Valiant|move: Destiny Bond
|-end|p1a: Iron Valiant|Quark Drive|[silent]
|faint|p2a: Dondozo
|
|upkeep
|c|☆thelarpinglarper|gg
|
|t:|1781591777
|switch|p1a: Iron Moth|Iron Moth, tera:Fire|64/100
|switch|p2a: Ting-Lu|Ting-Lu|25/100
|-ability|p2a: Ting-Lu|Vessel of Ruin
|turn|34
|
|t:|1781591789
|-terastallize|p2a: Ting-Lu|Poison
|move|p1a: Iron Moth|Fiery Dance|p2a: Ting-Lu
|-damage|p2a: Ting-Lu|0 fnt
|-boost|p1a: Iron Moth|spa|1
|faint|p2a: Ting-Lu
|
|win|thelarpinglarper
|raw|thelarpinglarper's rating: 1668 &rarr; <strong>1691</strong><br />(+23 for winning)
|raw|rblt ryo's rating: 1721 &rarr; <strong>1698</strong><br />(-23 for losing)
|l| hattybatty304
|l|☆thelarpinglarper
|player|p1|
