|j|☆funnygames(1997)
|j|☆lolcano46
|t:|1781043613
|gametype|singles
|player|p1|funnygames(1997)|102|1569
|player|p2|lolcano46|fisherman-gen4|1586
|gen|9
|tier|[Gen 9] OU
|rated|
|rule|HP Percentage Mod: HP is shown in percentages
|rule|Endless Battle Clause: Forcing endless battles is banned
|rule|Species Clause: Limit one of each Pokémon
|rule|OHKO Clause: OHKO moves are banned
|rule|Evasion Items Clause: Evasion items are banned
|rule|Evasion Moves Clause: Evasion moves are banned
|rule|Evasion Abilities Clause: Evasion abilities are banned
|rule|Sleep Moves Clause: Sleep-inducing moves are banned
|clearpoke
|poke|p1|Zapdos|
|poke|p1|Iron Treads|
|poke|p1|Samurott-Hisui, M|
|poke|p1|Ceruledge, M|
|poke|p1|Gholdengo|
|poke|p1|Kingambit, M|
|poke|p2|Azelf|
|poke|p2|Ogerpon-Wellspring, F|
|poke|p2|Scizor, F|
|poke|p2|Gengar, M|
|poke|p2|Raging Bolt|
|poke|p2|Cinderace, M|
|teampreview
|inactive|Battle timer is ON: inactive players will automatically lose when time's up. (requested by lolcano46)
|
|t:|1781043622
|teamsize|p1|6
|teamsize|p2|6
|start
|switch|p1a: Samurott|Samurott-Hisui, M|100/100
|switch|p2a: Gengar|Gengar, M|100/100
|turn|1
|
|t:|1781043627
|move|p2a: Gengar|Sludge Bomb|p1a: Samurott
|-damage|p1a: Samurott|64/100
|move|p1a: Samurott|Ceaseless Edge|p2a: Gengar|[miss]
|-miss|p1a: Samurott|p2a: Gengar
|
|upkeep
|turn|2
|
|t:|1781043633
|switch|p2a: Raging Bolt|Raging Bolt|100/100
|-enditem|p2a: Raging Bolt|Booster Energy
|-activate|p2a: Raging Bolt|ability: Protosynthesis|[fromitem]
|-start|p2a: Raging Bolt|protosynthesisspa
|move|p1a: Samurott|Ceaseless Edge|p2a: Raging Bolt|[miss]
|-miss|p1a: Samurott|p2a: Raging Bolt
|
|upkeep
|turn|3
|
|t:|1781043640
|switch|p1a: Iron Treads|Iron Treads|100/100
|move|p2a: Raging Bolt|Dragon Pulse|p1a: Iron Treads
|-resisted|p1a: Iron Treads
|-damage|p1a: Iron Treads|51/100
|
|-heal|p1a: Iron Treads|57/100|[from] item: Leftovers
|upkeep
|turn|4
|
|t:|1781043650
|-end|p1a: Iron Treads|Quark Drive|[silent]
|switch|p1a: Zapdos|Zapdos|100/100
|-end|p2a: Raging Bolt|Protosynthesis|[silent]
|switch|p2a: Azelf|Azelf|100/100
|
|upkeep
|turn|5
|
|t:|1781043655
|move|p2a: Azelf|Mystical Power|p1a: Zapdos|[miss]
|-miss|p2a: Azelf|p1a: Zapdos
|move|p1a: Zapdos|Volt Switch|p2a: Azelf
|-damage|p2a: Azelf|52/100
|
|t:|1781043666
|switch|p1a: Samurott|Samurott-Hisui, M|64/100|[from] Volt Switch
|
|upkeep
|turn|6
|
|t:|1781043669
|-terastallize|p2a: Azelf|Fairy
|move|p2a: Azelf|Dazzling Gleam|p1a: Samurott
|-supereffective|p1a: Samurott
|-damage|p1a: Samurott|0 fnt
|faint|p1a: Samurott
|
|upkeep
|
|t:|1781043686
|switch|p1a: Ceruledge|Ceruledge, M|100/100
|turn|7
|
|t:|1781043692
|switch|p2a: Raging Bolt|Raging Bolt|100/100
|move|p1a: Ceruledge|Bitter Blade|p2a: Raging Bolt
|-resisted|p2a: Raging Bolt
|-damage|p2a: Raging Bolt|78/100
|
|upkeep
|turn|8
|
|t:|1781043698
|move|p2a: Raging Bolt|Dragon Pulse|p1a: Ceruledge
|-damage|p1a: Ceruledge|54/100
|move|p1a: Ceruledge|Poltergeist||[still]
|-fail|p1a: Ceruledge
|
|upkeep
|turn|9
|
|t:|1781043706
|switch|p1a: Iron Treads|Iron Treads|57/100
|move|p2a: Raging Bolt|Dragon Pulse|p1a: Iron Treads
|-resisted|p1a: Iron Treads
|-damage|p1a: Iron Treads|22/100
|
|-heal|p1a: Iron Treads|28/100|[from] item: Leftovers
|upkeep
|turn|10
|
|t:|1781043711
|move|p1a: Iron Treads|Stealth Rock|p2a: Raging Bolt
|-sidestart|p2: lolcano46|move: Stealth Rock
|move|p2a: Raging Bolt|Dragon Pulse|p1a: Iron Treads
|-resisted|p1a: Iron Treads
|-damage|p1a: Iron Treads|0 fnt
|faint|p1a: Iron Treads
|-end|p1a: Iron Treads|Quark Drive|[silent]
|
|upkeep
|
|t:|1781043724
|switch|p1a: Kingambit|Kingambit, M|100/100
|-activate|p1a: Kingambit|ability: Supreme Overlord
|-start|p1a: Kingambit|fallen2|[silent]
|turn|11
|
|t:|1781043728
|move|p2a: Raging Bolt|Thunderbolt|p1a: Kingambit
|-damage|p1a: Kingambit|37/100
|move|p1a: Kingambit|Low Kick|p2a: Raging Bolt
|-damage|p2a: Raging Bolt|31/100
|
|-heal|p1a: Kingambit|43/100|[from] item: Leftovers
|upkeep
|turn|12
|
|t:|1781043735
|move|p1a: Kingambit|Sucker Punch|p2a: Raging Bolt
|-damage|p2a: Raging Bolt|0 fnt
|faint|p2a: Raging Bolt
|-end|p2a: Raging Bolt|Protosynthesis|[silent]
|
|-heal|p1a: Kingambit|49/100|[from] item: Leftovers
|upkeep
|
|t:|1781043738
|switch|p2a: Cinderace|Cinderace, M|100/100
|turn|13
|
|t:|1781043747
|-end|p1a: Kingambit|fallen2|[silent]
|switch|p1a: Ceruledge|Ceruledge, M|54/100
|move|p2a: Cinderace|Pyro Ball|p1a: Ceruledge
|-resisted|p1a: Ceruledge
|-damage|p1a: Ceruledge|18/100
|-ability|p1a: Ceruledge|Weak Armor|boost
|-unboost|p1a: Ceruledge|def|1
|-boost|p1a: Ceruledge|spe|2
|
|upkeep
|turn|14
|
|t:|1781043752
|move|p2a: Cinderace|Sucker Punch|p1a: Ceruledge
|-start|p2a: Cinderace|typechange|Dark|[from] ability: Libero
|-supereffective|p1a: Ceruledge
|-damage|p1a: Ceruledge|0 fnt
|faint|p1a: Ceruledge
|
|upkeep
|
|t:|1781043756
|switch|p1a: Zapdos|Zapdos|100/100
|turn|15
|
|t:|1781043763
|move|p2a: Cinderace|Court Change|p2a: Cinderace
|-swapsideconditions
|-activate|p2a: Cinderace|move: Court Change
|move|p1a: Zapdos|Thunder Wave|p2a: Cinderace
|-status|p2a: Cinderace|par
|
|upkeep
|turn|16
|
|t:|1781043766
|move|p1a: Zapdos|Hurricane|p2a: Cinderace
|-damage|p2a: Cinderace|38/100 par
|move|p2a: Cinderace|Will-O-Wisp|p1a: Zapdos
|-status|p1a: Zapdos|brn
|
|-damage|p1a: Zapdos|94/100 brn|[from] brn
|upkeep
|turn|17
|
|t:|1781043771
|move|p1a: Zapdos|Volt Switch|p2a: Cinderace
|-damage|p2a: Cinderace|0 fnt
|faint|p2a: Cinderace
|
|t:|1781043780
|switch|p1a: Kingambit|Kingambit, M|49/100|[from] Volt Switch
|-damage|p1a: Kingambit|43/100|[from] Stealth Rock
|-activate|p1a: Kingambit|ability: Supreme Overlord
|-start|p1a: Kingambit|fallen3|[silent]
|
|-heal|p1a: Kingambit|49/100|[from] item: Leftovers
|upkeep
|
|t:|1781043784
|switch|p2a: Azelf|Azelf, tera:Fairy|52/100
|turn|18
|
|t:|1781043788
|move|p2a: Azelf|Flamethrower|p1a: Kingambit
|-supereffective|p1a: Kingambit
|-damage|p1a: Kingambit|0 fnt
|faint|p1a: Kingambit
|-end|p1a: Kingambit|fallen3|[silent]
|
|upkeep
|
|t:|1781043798
|switch|p1a: Gholdengo|Gholdengo|100/100
|-damage|p1a: Gholdengo|94/100|[from] Stealth Rock
|-item|p1a: Gholdengo|Air Balloon
|turn|19
|
|t:|1781043802
|-terastallize|p1a: Gholdengo|Fairy
|move|p2a: Azelf|Flamethrower|p1a: Gholdengo
|-damage|p1a: Gholdengo|66/100
|-enditem|p1a: Gholdengo|Air Balloon
|move|p1a: Gholdengo|Make It Rain|p2a: Azelf
|-supereffective|p2a: Azelf
|-damage|p2a: Azelf|0 fnt
|-unboost|p1a: Gholdengo|spa|1
|faint|p2a: Azelf
|
|upkeep
|
|t:|1781043805
|switch|p2a: Gengar|Gengar, M|100/100
|turn|20
|
|t:|1781043809
|move|p2a: Gengar|Sludge Bomb|p1a: Gholdengo
|-supereffective|p1a: Gholdengo
|-damage|p1a: Gholdengo|0 fnt
|faint|p1a: Gholdengo
|
|upkeep
|
|t:|1781043812
|switch|p1a: Zapdos|Zapdos|94/100 brn
|turn|21
|
|t:|1781043815
|move|p2a: Gengar|Sludge Bomb|p1a: Zapdos
|-damage|p1a: Zapdos|46/100 brn
|move|p1a: Zapdos|Hurricane|p2a: Gengar|[miss]
|-miss|p1a: Zapdos|p2a: Gengar
|
|-damage|p1a: Zapdos|40/100 brn|[from] brn
|upkeep
|turn|22
|-message|funnygames(1997) forfeited.
|
|win|lolcano46
|raw|funnygames(1997)'s rating: 1569 &rarr; <strong>1550</strong><br />(-19 for losing)
|raw|lolcano46's rating: 1586 &rarr; <strong>1605</strong><br />(+19 for winning)
|l|☆funnygames(1997)
|player|p1|
|l|☆lolcano46
|player|p2|
