|j|☆MadeInHeaven25
|j|☆Albret
|t:|1780929184
|gametype|singles
|player|p1|MadeInHeaven25|ghetsis-gen5bw|1586
|player|p2|Albret|preschoolerf|1684
|gen|9
|tier|[Gen 9] OU
|rated|
|rule|HP Percentage Mod: HP is shown in percentages
|rule|Endless Battle Clause: Forcing endless battles is banned
|rule|Species Clause: Limit one of each Pokémon
|rule|OHKO Clause: OHKO moves are banned
|rule|Evasion Items Clause: Evasion items are banned
|rule|Evasion Moves Clause: Evasion moves are banned
|rule|Evasion Abilities Clause: Evasion abilities are banned
|rule|Sleep Moves Clause: Sleep-inducing moves are banned
|clearpoke
|poke|p1|Rillaboom, M|
|poke|p1|Hawlucha, F|
|poke|p1|Heatran, F|
|poke|p1|Great Tusk|
|poke|p1|Darkrai|
|poke|p1|Primarina, F|
|poke|p2|Dragapult, F|
|poke|p2|Gliscor, F|
|poke|p2|Ogerpon-Wellspring, F|
|poke|p2|Iron Crown|
|poke|p2|Ting-Lu|
|poke|p2|Kingambit, M|
|teampreview
|inactive|Battle timer is ON: inactive players will automatically lose when time's up. (requested by MadeInHeaven25)
|
|t:|1780929210
|teamsize|p1|6
|teamsize|p2|6
|start
|switch|p1a: Rillaboom|Rillaboom, M|100/100
|switch|p2a: Ogerpon|Ogerpon-Wellspring, F|100/100
|-fieldstart|move: Grassy Terrain|[from] ability: Grassy Surge|[of] p1a: Rillaboom
|turn|1
|
|t:|1780929219
|move|p2a: Ogerpon|U-turn|p1a: Rillaboom
|-supereffective|p1a: Rillaboom
|-damage|p1a: Rillaboom|37/100
|
|t:|1780929222
|switch|p2a: Dragapult|Dragapult, F|100/100|[from] U-turn
|move|p1a: Rillaboom|U-turn|p2a: Dragapult
|-resisted|p2a: Dragapult
|-damage|p2a: Dragapult|76/100
|
|t:|1780929225
|switch|p1a: Primarina|Primarina, F|100/100|[from] U-turn
|
|-heal|p2a: Dragapult|82/100|[from] Grassy Terrain
|upkeep
|turn|2
|
|t:|1780929237
|move|p2a: Dragapult|U-turn|p1a: Primarina
|-resisted|p1a: Primarina
|-damage|p1a: Primarina|88/100
|
|t:|1780929250
|switch|p2a: Ogerpon|Ogerpon-Wellspring, F|100/100|[from] U-turn
|move|p1a: Primarina|Moonblast|p2a: Ogerpon
|-damage|p2a: Ogerpon|35/100
|
|-heal|p2a: Ogerpon|41/100|[from] Grassy Terrain
|-heal|p1a: Primarina|94/100|[from] Grassy Terrain
|upkeep
|turn|3
|
|t:|1780929258
|-terastallize|p1a: Primarina|Poison
|move|p2a: Ogerpon|Ivy Cudgel|p1a: Primarina|[anim] Ivy Cudgel Water
|-damage|p1a: Primarina|14/100
|move|p1a: Primarina|Moonblast|p2a: Ogerpon
|-damage|p2a: Ogerpon|0 fnt
|faint|p2a: Ogerpon
|
|-heal|p1a: Primarina|20/100|[from] Grassy Terrain
|upkeep
|
|t:|1780929273
|switch|p2a: Gliscor|Gliscor, F|100/100
|turn|4
|
|t:|1780929276
|move|p2a: Gliscor|Earthquake|p1a: Primarina
|-supereffective|p1a: Primarina
|-damage|p1a: Primarina|0 fnt
|faint|p1a: Primarina
|
|-status|p2a: Gliscor|tox|[from] item: Toxic Orb
|upkeep
|
|t:|1780929279
|switch|p1a: Rillaboom|Rillaboom, M|37/100
|turn|5
|
|t:|1780929282
|move|p2a: Gliscor|Protect|p2a: Gliscor
|-singleturn|p2a: Gliscor|Protect
|move|p1a: Rillaboom|Wood Hammer|p2a: Gliscor
|-activate|p2a: Gliscor|move: Protect
|
|-heal|p1a: Rillaboom|43/100|[from] Grassy Terrain
|-fieldend|move: Grassy Terrain
|upkeep
|turn|6
|
|t:|1780929285
|move|p1a: Rillaboom|Wood Hammer|p2a: Gliscor
|-damage|p2a: Gliscor|21/100 tox
|-damage|p1a: Rillaboom|16/100|[from] Recoil
|move|p2a: Gliscor|Toxic Spikes|p1a: Rillaboom
|-sidestart|p1: MadeInHeaven25|move: Toxic Spikes
|
|-heal|p2a: Gliscor|33/100 tox|[from] ability: Poison Heal
|upkeep
|turn|7
|
|t:|1780929291
|move|p2a: Gliscor|Protect|p2a: Gliscor
|-singleturn|p2a: Gliscor|Protect
|move|p1a: Rillaboom|Wood Hammer|p2a: Gliscor
|-activate|p2a: Gliscor|move: Protect
|
|-heal|p2a: Gliscor|46/100 tox|[from] ability: Poison Heal
|upkeep
|turn|8
|
|t:|1780929297
|switch|p2a: Iron Crown|Iron Crown|100/100
|-enditem|p2a: Iron Crown|Booster Energy
|-activate|p2a: Iron Crown|ability: Quark Drive|[fromitem]
|-start|p2a: Iron Crown|quarkdrivespe
|move|p1a: Rillaboom|Wood Hammer|p2a: Iron Crown
|-resisted|p2a: Iron Crown
|-damage|p2a: Iron Crown|50/100
|-damage|p1a: Rillaboom|0 fnt|[from] Recoil
|faint|p1a: Rillaboom
|
|upkeep
|
|t:|1780929310
|switch|p1a: Great Tusk|Great Tusk|100/100
|-status|p1a: Great Tusk|psn
|turn|9
|
|t:|1780929313
|move|p2a: Iron Crown|Psychic|p1a: Great Tusk
|-supereffective|p1a: Great Tusk
|-damage|p1a: Great Tusk|0 fnt
|faint|p1a: Great Tusk
|-end|p1a: Great Tusk|Protosynthesis|[silent]
|
|upkeep
|
|t:|1780929317
|switch|p1a: Darkrai|Darkrai|100/100
|-status|p1a: Darkrai|psn
|turn|10
|
|t:|1780929320
|move|p2a: Iron Crown|Focus Blast|p1a: Darkrai
|-supereffective|p1a: Darkrai
|-damage|p1a: Darkrai|2/100 psn
|move|p1a: Darkrai|Dark Pulse|p2a: Iron Crown
|-supereffective|p2a: Iron Crown
|-damage|p2a: Iron Crown|0 fnt
|faint|p2a: Iron Crown
|-end|p2a: Iron Crown|Quark Drive|[silent]
|
|-heal|p1a: Darkrai|8/100 psn|[from] item: Leftovers
|-damage|p1a: Darkrai|0 fnt|[from] psn
|faint|p1a: Darkrai
|upkeep
|
|t:|1780929330
|switch|p1a: Heatran|Heatran, F|100/100
|switch|p2a: Gliscor|Gliscor, F|46/100 tox
|turn|11
|
|t:|1780929333
|move|p2a: Gliscor|Earthquake|p1a: Heatran
|-supereffective|p1a: Heatran
|-damage|p1a: Heatran|0 fnt
|faint|p1a: Heatran
|
|-heal|p2a: Gliscor|58/100 tox|[from] ability: Poison Heal
|upkeep
|
|t:|1780929335
|switch|p1a: Hawlucha|Hawlucha, F|100/100
|turn|12
|
|t:|1780929338
|switch|p2a: Dragapult|Dragapult, F|82/100
|move|p1a: Hawlucha|Swords Dance|p1a: Hawlucha
|-boost|p1a: Hawlucha|atk|2
|
|upkeep
|turn|13
|
|t:|1780929343
|move|p2a: Dragapult|Will-O-Wisp|p1a: Hawlucha
|-status|p1a: Hawlucha|brn
|move|p1a: Hawlucha|Encore|p2a: Dragapult
|-start|p2a: Dragapult|Encore
|
|-damage|p1a: Hawlucha|94/100 brn|[from] brn
|upkeep
|turn|14
|
|t:|1780929348
|switch|p2a: Ting-Lu|Ting-Lu|100/100
|-ability|p2a: Ting-Lu|Vessel of Ruin
|move|p1a: Hawlucha|Swords Dance|p1a: Hawlucha
|-boost|p1a: Hawlucha|atk|2
|
|-damage|p1a: Hawlucha|88/100 brn|[from] brn
|upkeep
|turn|15
|
|t:|1780929352
|move|p1a: Hawlucha|Low Kick|p2a: Ting-Lu
|-supereffective|p2a: Ting-Lu
|-damage|p2a: Ting-Lu|6/100
|-damage|p1a: Hawlucha|72/100 brn|[from] item: Rocky Helmet|[of] p2a: Ting-Lu
|move|p2a: Ting-Lu|Ruination|p1a: Hawlucha
|-damage|p1a: Hawlucha|36/100 brn
|
|-damage|p1a: Hawlucha|30/100 brn|[from] brn
|upkeep
|turn|16
|
|t:|1780929355
|move|p1a: Hawlucha|Acrobatics|p2a: Ting-Lu
|-damage|p2a: Ting-Lu|0 fnt
|-damage|p1a: Hawlucha|14/100 brn|[from] item: Rocky Helmet|[of] p2a: Ting-Lu
|faint|p2a: Ting-Lu
|
|-damage|p1a: Hawlucha|8/100 brn|[from] brn
|upkeep
|
|t:|1780929357
|switch|p2a: Dragapult|Dragapult, F|82/100
|turn|17
|
|t:|1780929359
|move|p2a: Dragapult|Hex|p1a: Hawlucha
|-damage|p1a: Hawlucha|0 fnt
|faint|p1a: Hawlucha
|
|win|Albret
|raw|MadeInHeaven25's rating: 1586 &rarr; <strong>1571</strong><br />(-15 for losing)
|raw|Albret's rating: 1684 &rarr; <strong>1699</strong><br />(+15 for winning)
|l|☆Albret
|player|p2|
|l|☆MadeInHeaven25
|player|p1|
