|j|☆der grosse z
|j|☆KurisuChestnutOU
|t:|1781175371
|gametype|singles
|player|p1|der grosse z|101|1560
|player|p2|KurisuChestnutOU|may-contest|1542
|gen|9
|tier|[Gen 9] OU
|rated|
|rule|HP Percentage Mod: HP is shown in percentages
|rule|Endless Battle Clause: Forcing endless battles is banned
|rule|Species Clause: Limit one of each Pokémon
|rule|OHKO Clause: OHKO moves are banned
|rule|Evasion Items Clause: Evasion items are banned
|rule|Evasion Moves Clause: Evasion moves are banned
|rule|Evasion Abilities Clause: Evasion abilities are banned
|rule|Sleep Moves Clause: Sleep-inducing moves are banned
|clearpoke
|poke|p1|Dragonite, F|
|poke|p1|Great Tusk|
|poke|p1|Deoxys-Speed|
|poke|p1|Gholdengo|
|poke|p1|Zamazenta-*|
|poke|p1|Iron Valiant|
|poke|p2|Gliscor, F|
|poke|p2|Dondozo, M|
|poke|p2|Slowking-Galar, F|
|poke|p2|Gholdengo|
|poke|p2|Great Tusk|
|poke|p2|Kingambit, M|
|teampreview
|
|t:|1781175377
|teamsize|p1|6
|teamsize|p2|6
|start
|switch|p1a: Deoxys|Deoxys-Speed|100/100
|switch|p2a: Gholdengo|Gholdengo|100/100
|-ability|p1a: Deoxys|Pressure
|-item|p2a: Gholdengo|Air Balloon
|turn|1
|inactive|Battle timer is ON: inactive players will automatically lose when time's up. (requested by KurisuChestnutOU)
|
|t:|1781175382
|move|p1a: Deoxys|Stealth Rock|p2a: Gholdengo
|-sidestart|p2: KurisuChestnutOU|move: Stealth Rock
|move|p2a: Gholdengo|Shadow Ball|p1a: Deoxys
|-supereffective|p1a: Deoxys
|-enditem|p1a: Deoxys|Focus Sash
|-damage|p1a: Deoxys|1/100
|-unboost|p1a: Deoxys|spd|1
|
|upkeep
|turn|2
|
|t:|1781175387
|move|p1a: Deoxys|Spikes|p2a: Gholdengo
|-sidestart|p2: KurisuChestnutOU|Spikes
|move|p2a: Gholdengo|Nasty Plot|p2a: Gholdengo
|-boost|p2a: Gholdengo|spa|2
|
|upkeep
|turn|3
|
|t:|1781175392
|move|p1a: Deoxys|Spikes|p2a: Gholdengo
|-sidestart|p2: KurisuChestnutOU|Spikes
|move|p2a: Gholdengo|Nasty Plot|p2a: Gholdengo
|-boost|p2a: Gholdengo|spa|2
|
|upkeep
|turn|4
|
|t:|1781175399
|move|p1a: Deoxys|Spikes|p2a: Gholdengo
|-sidestart|p2: KurisuChestnutOU|Spikes
|move|p2a: Gholdengo|Recover||[still]
|-fail|p2a: Gholdengo|heal
|
|upkeep
|turn|5
|
|t:|1781175404
|move|p1a: Deoxys|Skill Swap|p2a: Gholdengo
|-immune|p2a: Gholdengo|[from] ability: Good as Gold
|move|p2a: Gholdengo|Shadow Ball|p1a: Deoxys
|-supereffective|p1a: Deoxys
|-damage|p1a: Deoxys|0 fnt
|faint|p1a: Deoxys
|
|upkeep
|
|t:|1781175409
|switch|p1a: Iron Valiant|Iron Valiant|100/100
|-enditem|p1a: Iron Valiant|Booster Energy
|-activate|p1a: Iron Valiant|ability: Quark Drive|[fromitem]
|-start|p1a: Iron Valiant|quarkdrivespe
|turn|6
|
|t:|1781175413
|move|p1a: Iron Valiant|Destiny Bond|p1a: Iron Valiant
|-singlemove|p1a: Iron Valiant|Destiny Bond
|move|p2a: Gholdengo|Shadow Ball|p1a: Iron Valiant
|-damage|p1a: Iron Valiant|0 fnt
|faint|p1a: Iron Valiant
|-activate|p1a: Iron Valiant|move: Destiny Bond
|-end|p1a: Iron Valiant|Quark Drive|[silent]
|faint|p2a: Gholdengo
|
|upkeep
|
|t:|1781175422
|switch|p1a: Great Tusk|Great Tusk|100/100
|switch|p2a: Great Tusk|Great Tusk|100/100
|-enditem|p1a: Great Tusk|Booster Energy
|-activate|p1a: Great Tusk|ability: Protosynthesis|[fromitem]
|-start|p1a: Great Tusk|protosynthesisspe
|turn|7
|
|t:|1781175430
|-terastallize|p1a: Great Tusk|Ghost
|move|p1a: Great Tusk|Bulk Up|p1a: Great Tusk
|-boost|p1a: Great Tusk|atk|1
|-boost|p1a: Great Tusk|def|1
|move|p2a: Great Tusk|Headlong Rush|p1a: Great Tusk
|-damage|p1a: Great Tusk|73/100
|-unboost|p2a: Great Tusk|def|1
|-unboost|p2a: Great Tusk|spd|1
|
|upkeep
|turn|8
|
|t:|1781175435
|-end|p2a: Great Tusk|Protosynthesis|[silent]
|switch|p2a: Kingambit|Kingambit, M|100/100
|-damage|p2a: Kingambit|94/100|[from] Stealth Rock
|-damage|p2a: Kingambit|70/100|[from] Spikes
|-activate|p2a: Kingambit|ability: Supreme Overlord
|-start|p2a: Kingambit|fallen1|[silent]
|move|p1a: Great Tusk|Ice Spinner|p2a: Kingambit
|-resisted|p2a: Kingambit
|-crit|p2a: Kingambit
|-damage|p2a: Kingambit|46/100
|
|-heal|p2a: Kingambit|52/100|[from] item: Leftovers
|upkeep
|turn|9
|
|t:|1781175441
|move|p1a: Great Tusk|Headlong Rush|p2a: Kingambit
|-supereffective|p2a: Kingambit
|-crit|p2a: Kingambit
|-damage|p2a: Kingambit|0 fnt
|-unboost|p1a: Great Tusk|def|1
|-unboost|p1a: Great Tusk|spd|1
|faint|p2a: Kingambit
|-end|p2a: Kingambit|fallen1|[silent]
|
|upkeep
|
|t:|1781175446
|switch|p2a: Dondozo|Dondozo, M|100/100
|-damage|p2a: Dondozo|88/100|[from] Stealth Rock
|-damage|p2a: Dondozo|63/100|[from] Spikes
|turn|10
|
|t:|1781175449
|move|p1a: Great Tusk|Headlong Rush|p2a: Dondozo
|-damage|p2a: Dondozo|40/100
|-unboost|p1a: Great Tusk|def|1
|-unboost|p1a: Great Tusk|spd|1
|move|p2a: Dondozo|Wave Crash|p1a: Great Tusk
|-damage|p1a: Great Tusk|47/100
|-damage|p2a: Dondozo|33/100|[from] Recoil
|
|-heal|p2a: Dondozo|39/100|[from] item: Leftovers
|upkeep
|turn|11
|
|t:|1781175453
|move|p1a: Great Tusk|Taunt|p2a: Dondozo
|-start|p2a: Dondozo|move: Taunt
|cant|p2a: Dondozo|move: Taunt|Rest
|
|-heal|p2a: Dondozo|45/100|[from] item: Leftovers
|upkeep
|turn|12
|
|t:|1781175458
|move|p1a: Great Tusk|Headlong Rush|p2a: Dondozo
|-damage|p2a: Dondozo|24/100
|-unboost|p1a: Great Tusk|def|1
|-unboost|p1a: Great Tusk|spd|1
|move|p2a: Dondozo|Wave Crash|p1a: Great Tusk
|-damage|p1a: Great Tusk|21/100
|-damage|p2a: Dondozo|16/100|[from] Recoil
|
|-heal|p2a: Dondozo|22/100|[from] item: Leftovers
|upkeep
|turn|13
|
|t:|1781175464
|move|p1a: Great Tusk|Headlong Rush|p2a: Dondozo
|-damage|p2a: Dondozo|0 fnt
|-unboost|p1a: Great Tusk|def|1
|-unboost|p1a: Great Tusk|spd|1
|faint|p2a: Dondozo
|
|upkeep
|
|t:|1781175466
|switch|p2a: Gliscor|Gliscor, F|100/100
|-damage|p2a: Gliscor|88/100|[from] Stealth Rock
|turn|14
|
|t:|1781175471
|-terastallize|p2a: Gliscor|Water
|move|p1a: Great Tusk|Ice Spinner|p2a: Gliscor
|-resisted|p2a: Gliscor
|-damage|p2a: Gliscor|77/100
|move|p2a: Gliscor|Knock Off|p1a: Great Tusk
|-supereffective|p1a: Great Tusk
|-damage|p1a: Great Tusk|0 fnt
|faint|p1a: Great Tusk
|-end|p1a: Great Tusk|Protosynthesis|[silent]
|
|-status|p2a: Gliscor|tox|[from] item: Toxic Orb
|upkeep
|
|t:|1781175491
|switch|p1a: Zamazenta|Zamazenta|100/100
|-ability|p1a: Zamazenta|Dauntless Shield|boost
|-boost|p1a: Zamazenta|def|1
|turn|15
|
|t:|1781175494
|move|p1a: Zamazenta|Close Combat|p2a: Gliscor
|-damage|p2a: Gliscor|25/100 tox
|-unboost|p1a: Zamazenta|def|1
|-unboost|p1a: Zamazenta|spd|1
|-damage|p1a: Zamazenta|91/100|[from] item: Life Orb
|move|p2a: Gliscor|Spikes|p1a: Zamazenta
|-sidestart|p1: der grosse z|Spikes
|
|-heal|p2a: Gliscor|38/100 tox|[from] ability: Poison Heal
|upkeep
|turn|16
|
|t:|1781175500
|switch|p1a: Dragonite|Dragonite, F|100/100
|move|p2a: Gliscor|Protect||[still]
|-fail|p2a: Gliscor
|
|-heal|p2a: Gliscor|50/100 tox|[from] ability: Poison Heal
|upkeep
|turn|17
|
|t:|1781175506
|move|p1a: Dragonite|Dragon Dance|p1a: Dragonite
|-boost|p1a: Dragonite|atk|1
|-boost|p1a: Dragonite|spe|1
|move|p2a: Gliscor|Knock Off|p1a: Dragonite
|-damage|p1a: Dragonite|89/100
|-enditem|p1a: Dragonite|Life Orb|[from] move: Knock Off|[of] p2a: Gliscor
|
|-heal|p2a: Gliscor|63/100 tox|[from] ability: Poison Heal
|upkeep
|turn|18
|
|t:|1781175513
|move|p1a: Dragonite|Dragon Dance|p1a: Dragonite
|-boost|p1a: Dragonite|atk|1
|-boost|p1a: Dragonite|spe|1
|move|p2a: Gliscor|Knock Off|p1a: Dragonite
|-damage|p1a: Dragonite|72/100
|
|-heal|p2a: Gliscor|75/100 tox|[from] ability: Poison Heal
|upkeep
|turn|19
|
|t:|1781175520
|move|p1a: Dragonite|Outrage|p2a: Gliscor
|-damage|p2a: Gliscor|0 fnt
|faint|p2a: Gliscor
|
|upkeep
|
|t:|1781175525
|switch|p2a: Great Tusk|Great Tusk|100/100
|turn|20
|
|t:|1781175528
|move|p1a: Dragonite|Outrage|p2a: Great Tusk|[from] lockedmove
|-damage|p2a: Great Tusk|0 fnt
|faint|p2a: Great Tusk
|-end|p2a: Great Tusk|Protosynthesis|[silent]
|-start|p1a: Dragonite|confusion|[fatigue]
|
|upkeep
|
|t:|1781175532
|switch|p2a: Slowking|Slowking-Galar, F|100/100
|-damage|p2a: Slowking|88/100|[from] Stealth Rock
|-damage|p2a: Slowking|63/100|[from] Spikes
|turn|21
|
|t:|1781175538
|-activate|p1a: Dragonite|confusion
|-damage|p1a: Dragonite|40/100|[from] confusion
|move|p2a: Slowking|Flamethrower|p1a: Dragonite
|-resisted|p1a: Dragonite
|-damage|p1a: Dragonite|27/100
|
|upkeep
|turn|22
|
|t:|1781175546
|-activate|p1a: Dragonite|confusion
|-damage|p1a: Dragonite|0 fnt|[from] confusion
|faint|p1a: Dragonite
|move|p2a: Slowking|Future Sight|p1: Dragonite
|-start|p2a: Slowking|move: Future Sight
|
|upkeep
|
|t:|1781175550
|switch|p1a: Gholdengo|Gholdengo|100/100
|-damage|p1a: Gholdengo|88/100|[from] Spikes
|turn|23
|
|t:|1781175557
|move|p1a: Gholdengo|Shadow Ball|p2a: Slowking
|-supereffective|p2a: Slowking
|-damage|p2a: Slowking|31/100
|move|p2a: Slowking|Flamethrower|p1a: Gholdengo
|-supereffective|p1a: Gholdengo
|-damage|p1a: Gholdengo|39/100
|
|upkeep
|turn|24
|
|t:|1781175564
|move|p1a: Gholdengo|Shadow Ball|p2a: Slowking
|-supereffective|p2a: Slowking
|-damage|p2a: Slowking|0 fnt
|faint|p2a: Slowking
|
|win|der grosse z
|raw|der grosse z's rating: 1560 &rarr; <strong>1578</strong><br />(+18 for winning)
|raw|KurisuChestnutOU's rating: 1532 &rarr; <strong>1514</strong><br />(-18 for losing)
