|j|☆erjuanzas
|j|☆FP.//06
|t:|1781512473
|gametype|singles
|player|p1|erjuanzas|linebacker|1534
|player|p2|FP.//06|hilda-masters3|1584
|gen|9
|tier|[Gen 9] OU
|rated|
|rule|HP Percentage Mod: HP is shown in percentages
|rule|Endless Battle Clause: Forcing endless battles is banned
|rule|Species Clause: Limit one of each Pokémon
|rule|OHKO Clause: OHKO moves are banned
|rule|Evasion Items Clause: Evasion items are banned
|rule|Evasion Moves Clause: Evasion moves are banned
|rule|Evasion Abilities Clause: Evasion abilities are banned
|rule|Sleep Moves Clause: Sleep-inducing moves are banned
|clearpoke
|poke|p1|Pelipper, F|
|poke|p1|Overqwil, F|
|poke|p1|Barraskewda, M|
|poke|p1|Raging Bolt|
|poke|p1|Iron Treads|
|poke|p1|Kingambit, F|
|poke|p2|Darkrai|
|poke|p2|Iron Treads|
|poke|p2|Dragonite, F|
|poke|p2|Kyurem|
|poke|p2|Hatterene, F|
|poke|p2|Zamazenta-*|
|teampreview
|inactive|Battle timer is ON: inactive players will automatically lose when time's up. (requested by FP.//06)
|inactive|FP.//06 has 120 seconds left.
|
|t:|1781512508
|teamsize|p1|6
|teamsize|p2|6
|start
|switch|p1a: Iron Treads|Iron Treads|100/100
|switch|p2a: Kyurem|Kyurem|100/100
|-ability|p2a: Kyurem|Pressure
|-enditem|p1a: Iron Treads|Booster Energy
|-activate|p1a: Iron Treads|ability: Quark Drive|[fromitem]
|-start|p1a: Iron Treads|quarkdrivespe
|turn|1
|
|t:|1781512518
|move|p1a: Iron Treads|Steel Beam|p2a: Kyurem
|-supereffective|p2a: Kyurem
|-damage|p2a: Kyurem|27/100
|-damage|p1a: Iron Treads|50/100|[from] steelbeam
|move|p2a: Kyurem|Earth Power|p1a: Iron Treads
|-supereffective|p1a: Iron Treads
|-crit|p1a: Iron Treads
|-damage|p1a: Iron Treads|0 fnt
|faint|p1a: Iron Treads
|-end|p1a: Iron Treads|Quark Drive|[silent]
|
|upkeep
|
|t:|1781512524
|switch|p1a: La Cabra|Barraskewda, M|100/100
|turn|2
|
|t:|1781512528
|switch|p2a: Hatterene|Hatterene, F|100/100
|-terastallize|p1a: La Cabra|Water
|move|p1a: La Cabra|Flip Turn|p2a: Hatterene
|-damage|p2a: Hatterene|41/100
|
|t:|1781512531
|switch|p1a: Pelipas|Pelipper, F, shiny|100/100|[from] Flip Turn
|-weather|RainDance|[from] ability: Drizzle|[of] p1a: Pelipas
|
|-weather|RainDance|[upkeep]
|upkeep
|turn|3
|
|t:|1781512535
|move|p1a: Pelipas|U-turn|p2a: Hatterene
|-damage|p2a: Hatterene|33/100
|
|t:|1781512540
|switch|p1a: Overqwil|Overqwil, F|100/100|[from] U-turn
|move|p2a: Hatterene|Nuzzle|p1a: Overqwil
|-damage|p1a: Overqwil|96/100
|-status|p1a: Overqwil|par
|
|-weather|RainDance|[upkeep]
|upkeep
|turn|4
|
|t:|1781512548
|move|p1a: Overqwil|Liquidation|p2a: Hatterene
|-crit|p2a: Hatterene
|-damage|p2a: Hatterene|0 fnt
|faint|p2a: Hatterene
|-damage|p1a: Overqwil|87/100 par|[from] item: Life Orb
|
|-weather|RainDance|[upkeep]
|upkeep
|
|t:|1781512556
|switch|p2a: Dragonite|Dragonite, F|100/100
|turn|5
|
|t:|1781512558
|move|p1a: Overqwil|Gunk Shot|p2a: Dragonite|[miss]
|-miss|p1a: Overqwil|p2a: Dragonite
|move|p2a: Dragonite|Dragon Dance|p2a: Dragonite
|-boost|p2a: Dragonite|atk|1
|-boost|p2a: Dragonite|spe|1
|
|-weather|RainDance|[upkeep]
|upkeep
|turn|6
|
|t:|1781512561
|move|p2a: Dragonite|Dragon Dance|p2a: Dragonite
|-boost|p2a: Dragonite|atk|1
|-boost|p2a: Dragonite|spe|1
|move|p1a: Overqwil|Gunk Shot|p2a: Dragonite
|-damage|p2a: Dragonite|54/100
|-damage|p1a: Overqwil|77/100 par|[from] item: Life Orb
|
|-weather|RainDance|[upkeep]
|upkeep
|turn|7
|
|t:|1781512567
|move|p2a: Dragonite|Scale Shot|p1a: Overqwil
|-damage|p1a: Overqwil|43/100 par
|-damage|p1a: Overqwil|9/100 par
|-damage|p1a: Overqwil|0 fnt
|faint|p1a: Overqwil
|-hitcount|p1: Overqwil|3
|-unboost|p2a: Dragonite|def|1
|-boost|p2a: Dragonite|spe|1
|
|-weather|RainDance|[upkeep]
|upkeep
|
|t:|1781512579
|switch|p1a: Kingambit|Kingambit, F|100/100
|-activate|p1a: Kingambit|ability: Supreme Overlord
|-start|p1a: Kingambit|fallen2|[silent]
|turn|8
|
|t:|1781512602
|move|p2a: Dragonite|Encore||[still]
|-fail|p2a: Dragonite
|move|p1a: Kingambit|Kowtow Cleave|p2a: Dragonite
|-damage|p2a: Dragonite|0 fnt
|faint|p2a: Dragonite
|
|-weather|RainDance|[upkeep]
|upkeep
|
|t:|1781512606
|switch|p2a: Zamazenta|Zamazenta|100/100
|-ability|p2a: Zamazenta|Dauntless Shield|boost
|-boost|p2a: Zamazenta|def|1
|turn|9
|
|t:|1781512611
|-end|p1a: Kingambit|fallen2|[silent]
|switch|p1a: Pelipas|Pelipper, F, shiny|100/100
|move|p2a: Zamazenta|Stone Edge|p1a: Pelipas
|-supereffective|p1a: Pelipas
|-damage|p1a: Pelipas|30/100
|-damage|p2a: Zamazenta|91/100|[from] item: Life Orb
|
|-weather|none
|upkeep
|turn|10
|
|t:|1781512618
|switch|p1a: Kingambit|Kingambit, F|100/100
|-activate|p1a: Kingambit|ability: Supreme Overlord
|-start|p1a: Kingambit|fallen2|[silent]
|move|p2a: Zamazenta|Close Combat|p1a: Kingambit
|-supereffective|p1a: Kingambit
|-damage|p1a: Kingambit|0 fnt
|-unboost|p2a: Zamazenta|def|1
|-unboost|p2a: Zamazenta|spd|1
|faint|p1a: Kingambit
|-end|p1a: Kingambit|fallen2|[silent]
|-damage|p2a: Zamazenta|81/100|[from] item: Life Orb
|
|upkeep
|
|t:|1781512621
|switch|p1a: Pelipas|Pelipper, F, shiny|30/100
|-weather|RainDance|[from] ability: Drizzle|[of] p1a: Pelipas
|turn|11
|
|t:|1781512628
|move|p2a: Zamazenta|Stone Edge|p1a: Pelipas|[miss]
|-miss|p2a: Zamazenta|p1a: Pelipas
|move|p1a: Pelipas|U-turn|p2a: Zamazenta
|-resisted|p2a: Zamazenta
|-damage|p2a: Zamazenta|76/100
|
|t:|1781512637
|switch|p1a: La Cabra|Barraskewda, M, tera:Water|100/100|[from] U-turn
|
|-weather|RainDance|[upkeep]
|upkeep
|turn|12
|
|t:|1781512643
|switch|p2a: Kyurem|Kyurem|27/100
|-ability|p2a: Kyurem|Pressure
|move|p1a: La Cabra|Liquidation|p2a: Kyurem
|-resisted|p2a: Kyurem
|-damage|p2a: Kyurem|0 fnt
|faint|p2a: Kyurem
|
|-weather|RainDance|[upkeep]
|upkeep
|
|t:|1781512649
|switch|p2a: Iron Treads|Iron Treads|100/100
|-enditem|p2a: Iron Treads|Booster Energy
|-activate|p2a: Iron Treads|ability: Quark Drive|[fromitem]
|-start|p2a: Iron Treads|quarkdrivespe
|turn|13
|
|t:|1781512654
|-terastallize|p2a: Iron Treads|Ghost
|move|p1a: La Cabra|Liquidation|p2a: Iron Treads
|-damage|p2a: Iron Treads|0 fnt
|faint|p2a: Iron Treads
|-end|p2a: Iron Treads|Quark Drive|[silent]
|
|-weather|RainDance|[upkeep]
|upkeep
|-message|FP.//06 forfeited.
|
|win|erjuanzas
|raw|erjuanzas's rating: 1534 &rarr; <strong>1557</strong><br />(+23 for winning)
|raw|FP.&#x2f;&#x2f;06's rating: 1584 &rarr; <strong>1561</strong><br />(-23 for losing)
|l|☆FP.//06
|player|p2|
|c|☆erjuanzas|gg
|l|☆erjuanzas
|player|p1|
