|j|☆n5v
|j|‽pinkacordhater
|t:|1781088067
|gametype|singles
|player|p1|n5v|leon-masters|1642
|player|p2|pinkacordhater|artistf-gen6|1768
|gen|9
|tier|[Gen 9] OU
|rated|
|rule|HP Percentage Mod: HP is shown in percentages
|rule|Endless Battle Clause: Forcing endless battles is banned
|rule|Species Clause: Limit one of each Pokémon
|rule|OHKO Clause: OHKO moves are banned
|rule|Evasion Items Clause: Evasion items are banned
|rule|Evasion Moves Clause: Evasion moves are banned
|rule|Evasion Abilities Clause: Evasion abilities are banned
|rule|Sleep Moves Clause: Sleep-inducing moves are banned
|clearpoke
|poke|p1|Raging Bolt|
|poke|p1|Iron Crown|
|poke|p1|Rillaboom, F|
|poke|p1|Enamorus, F|
|poke|p1|Great Tusk|
|poke|p1|Kingambit, M|
|poke|p2|Great Tusk|
|poke|p2|Samurott-Hisui, M|
|poke|p2|Pecharunt|
|poke|p2|Gholdengo|
|poke|p2|Darkrai|
|poke|p2|Dragonite, M|
|teampreview
|inactive|Battle timer is ON: inactive players will automatically lose when time's up. (requested by pinkacordhater)
|c|☆n5v|do i know u
|c|☆n5v|glhf
|inactive|n5v has 120 seconds left.
|
|t:|1781088101
|teamsize|p1|6
|teamsize|p2|6
|start
|switch|p1a: diddy kong|Rillaboom, F, shiny|100/100
|switch|p2a: Darkrai|Darkrai|100/100
|-fieldstart|move: Grassy Terrain|[from] ability: Grassy Surge|[of] p1a: diddy kong
|turn|1
|
|t:|1781088115
|switch|p2a: Pecharunt|Pecharunt|100/100
|switch|p1a: neededaghostresist|Kingambit, M, shiny|100/100
|
|upkeep
|turn|2
|j| CLICK BEFORE CALC
|
|t:|1781088119
|move|p2a: Pecharunt|Parting Shot|p1a: neededaghostresist
|-unboost|p1a: neededaghostresist|atk|1
|-unboost|p1a: neededaghostresist|spa|1
|
|t:|1781088121
|switch|p2a: Great Tusk|Great Tusk|100/100|[from] Parting Shot
|move|p1a: neededaghostresist|Kowtow Cleave|p2a: Great Tusk
|-resisted|p2a: Great Tusk
|-damage|p2a: Great Tusk|88/100
|
|-heal|p2a: Great Tusk|95/100|[from] Grassy Terrain
|upkeep
|turn|3
|
|t:|1781088130
|-end|p1a: neededaghostresist|fallenundefined|[silent]
|switch|p1a: gay alladin|Enamorus, F|100/100
|move|p2a: Great Tusk|Stealth Rock|p1a: gay alladin
|-sidestart|p1: n5v|move: Stealth Rock
|
|-heal|p2a: Great Tusk|100/100|[from] Grassy Terrain
|upkeep
|turn|4
|
|t:|1781088132
|-end|p2a: Great Tusk|Protosynthesis|[silent]
|switch|p2a: Gholdengo|Gholdengo|100/100
|move|p1a: gay alladin|Moonblast|p2a: Gholdengo
|-resisted|p2a: Gholdengo
|-damage|p2a: Gholdengo|66/100
|-unboost|p2a: Gholdengo|spa|1
|
|-heal|p2a: Gholdengo|72/100|[from] Grassy Terrain
|upkeep
|turn|5
|
|t:|1781088157
|switch|p1a: cheap tusk|Great Tusk, shiny|100/100
|-damage|p1a: cheap tusk|98/100|[from] Stealth Rock
|switch|p2a: Dragonite|Dragonite, M|100/100
|
|-heal|p1a: cheap tusk|100/100|[from] Grassy Terrain
|-fieldend|move: Grassy Terrain
|upkeep
|turn|6
|
|t:|1781088161
|switch|p2a: Pecharunt|Pecharunt|100/100
|move|p1a: cheap tusk|Ice Spinner|p2a: Pecharunt
|-damage|p2a: Pecharunt|89/100
|-damage|p1a: cheap tusk|84/100|[from] item: Rocky Helmet|[of] p2a: Pecharunt
|
|upkeep
|turn|7
|
|t:|1781088174
|move|p1a: cheap tusk|Headlong Rush|p2a: Pecharunt
|-supereffective|p2a: Pecharunt
|-damage|p2a: Pecharunt|43/100
|-unboost|p1a: cheap tusk|def|1
|-unboost|p1a: cheap tusk|spd|1
|-damage|p1a: cheap tusk|67/100|[from] item: Rocky Helmet|[of] p2a: Pecharunt
|move|p2a: Pecharunt|Toxic|p1a: cheap tusk
|-status|p1a: cheap tusk|tox
|-start|p1a: cheap tusk|confusion|[from] ability: Poison Puppeteer|[of] p2a: Pecharunt
|
|-damage|p1a: cheap tusk|61/100 tox|[from] psn
|upkeep
|turn|8
|
|t:|1781088184
|-end|p1a: cheap tusk|Protosynthesis|[silent]
|switch|p1a: diddy kong|Rillaboom, F, shiny|100/100
|-damage|p1a: diddy kong|88/100|[from] Stealth Rock
|-fieldstart|move: Grassy Terrain|[from] ability: Grassy Surge|[of] p1a: diddy kong
|switch|p2a: Dragonite|Dragonite, M|100/100
|
|-heal|p1a: diddy kong|94/100|[from] Grassy Terrain
|-heal|p1a: diddy kong|100/100|[from] item: Leftovers
|upkeep
|turn|9
|
|t:|1781088197
|switch|p2a: Pecharunt|Pecharunt|43/100
|move|p1a: diddy kong|U-turn|p2a: Pecharunt
|-resisted|p2a: Pecharunt
|-damage|p2a: Pecharunt|40/100
|-damage|p1a: diddy kong|84/100|[from] item: Rocky Helmet|[of] p2a: Pecharunt
|
|t:|1781088202
|switch|p1a: goobing bolt|Raging Bolt|100/100|[from] U-turn
|-damage|p1a: goobing bolt|88/100|[from] Stealth Rock
|
|-heal|p1a: goobing bolt|94/100|[from] Grassy Terrain
|-heal|p2a: Pecharunt|46/100|[from] Grassy Terrain
|upkeep
|turn|10
|
|t:|1781088211
|switch|p2a: Gholdengo|Gholdengo|72/100
|move|p1a: goobing bolt|Draco Meteor|p2a: Gholdengo
|-resisted|p2a: Gholdengo
|-damage|p2a: Gholdengo|4/100
|-unboost|p1a: goobing bolt|spa|2
|
|-heal|p2a: Gholdengo|10/100|[from] Grassy Terrain
|-heal|p1a: goobing bolt|100/100|[from] Grassy Terrain
|upkeep
|turn|11
|
|t:|1781088216
|-end|p1a: goobing bolt|Protosynthesis|[silent]
|switch|p1a: neededaghostresist|Kingambit, M, shiny|100/100
|-damage|p1a: neededaghostresist|94/100|[from] Stealth Rock
|move|p2a: Gholdengo|Recover|p2a: Gholdengo
|-heal|p2a: Gholdengo|60/100
|
|-heal|p2a: Gholdengo|66/100|[from] Grassy Terrain
|-heal|p1a: neededaghostresist|100/100|[from] Grassy Terrain
|upkeep
|turn|12
|j| makz7x
|
|t:|1781088223
|switch|p2a: Great Tusk|Great Tusk|100/100
|move|p1a: neededaghostresist|Iron Head|p2a: Great Tusk
|-damage|p2a: Great Tusk|63/100
|
|-heal|p2a: Great Tusk|69/100|[from] Grassy Terrain
|-fieldend|move: Grassy Terrain
|upkeep
|turn|13
|
|t:|1781088229
|-end|p1a: neededaghostresist|fallenundefined|[silent]
|switch|p1a: diddy kong|Rillaboom, F, shiny|84/100
|-damage|p1a: diddy kong|71/100|[from] Stealth Rock
|-fieldstart|move: Grassy Terrain|[from] ability: Grassy Surge|[of] p1a: diddy kong
|move|p2a: Great Tusk|Ice Spinner|p1a: diddy kong
|-supereffective|p1a: diddy kong
|-damage|p1a: diddy kong|22/100
|-fieldend|move: Grassy Terrain
|
|-heal|p1a: diddy kong|28/100|[from] item: Leftovers
|upkeep
|turn|14
|
|t:|1781088246
|switch|p1a: cheap tusk|Great Tusk, shiny|61/100 tox
|-damage|p1a: cheap tusk|58/100 tox|[from] Stealth Rock
|move|p2a: Great Tusk|Headlong Rush|p1a: cheap tusk
|-damage|p1a: cheap tusk|17/100 tox
|-unboost|p2a: Great Tusk|def|1
|-unboost|p2a: Great Tusk|spd|1
|
|-damage|p1a: cheap tusk|11/100 tox|[from] psn
|upkeep
|turn|15
|
|t:|1781088253
|move|p2a: Great Tusk|Rapid Spin|p1a: cheap tusk
|-damage|p1a: cheap tusk|0 fnt
|-boost|p2a: Great Tusk|spe|1
|faint|p1a: cheap tusk
|-end|p1a: cheap tusk|Protosynthesis|[silent]
|
|upkeep
|
|t:|1781088259
|switch|p1a: gay alladin|Enamorus, F|100/100
|-damage|p1a: gay alladin|76/100|[from] Stealth Rock
|turn|16
|
|t:|1781088273
|-end|p2a: Great Tusk|Protosynthesis|[silent]
|switch|p2a: Pecharunt|Pecharunt|46/100
|move|p1a: gay alladin|Moonblast|p2a: Pecharunt
|-resisted|p2a: Pecharunt
|-damage|p2a: Pecharunt|18/100
|
|upkeep
|turn|17
|
|t:|1781088283
|move|p1a: gay alladin|Moonblast|p2a: Pecharunt
|-resisted|p2a: Pecharunt
|-damage|p2a: Pecharunt|0 fnt
|faint|p2a: Pecharunt
|
|upkeep
|
|t:|1781088284
|switch|p2a: Gholdengo|Gholdengo|66/100
|turn|18
|
|t:|1781088293
|switch|p1a: neededaghostresist|Kingambit, M, shiny|100/100
|-damage|p1a: neededaghostresist|94/100|[from] Stealth Rock
|-activate|p1a: neededaghostresist|ability: Supreme Overlord
|-start|p1a: neededaghostresist|fallen1|[silent]
|move|p2a: Gholdengo|Make It Rain|p1a: neededaghostresist
|-resisted|p1a: neededaghostresist
|-damage|p1a: neededaghostresist|63/100
|-unboost|p2a: Gholdengo|spa|1
|
|-heal|p1a: neededaghostresist|69/100|[from] item: Leftovers
|upkeep
|turn|19
|
|t:|1781088311
|switch|p2a: Samurott|Samurott-Hisui, M|100/100
|move|p1a: neededaghostresist|Swords Dance|p1a: neededaghostresist
|-boost|p1a: neededaghostresist|atk|2
|
|-heal|p1a: neededaghostresist|75/100|[from] item: Leftovers
|upkeep
|turn|20
|
|t:|1781088317
|move|p2a: Samurott|Razor Shell|p1a: neededaghostresist
|-damage|p1a: neededaghostresist|35/100
|move|p1a: neededaghostresist|Iron Head|p2a: Samurott
|-resisted|p2a: Samurott
|-damage|p2a: Samurott|43/100
|
|-heal|p1a: neededaghostresist|41/100|[from] item: Leftovers
|upkeep
|turn|21
|
|t:|1781088327
|move|p2a: Samurott|Sucker Punch|p1a: neededaghostresist
|-resisted|p1a: neededaghostresist
|-damage|p1a: neededaghostresist|30/100
|move|p1a: neededaghostresist|Sucker Punch||[still]
|-fail|p1a: neededaghostresist
|
|-heal|p1a: neededaghostresist|36/100|[from] item: Leftovers
|upkeep
|turn|22
|
|t:|1781088331
|move|p2a: Samurott|Sucker Punch|p1a: neededaghostresist
|-resisted|p1a: neededaghostresist
|-damage|p1a: neededaghostresist|25/100
|move|p1a: neededaghostresist|Sucker Punch||[still]
|-fail|p1a: neededaghostresist
|
|-heal|p1a: neededaghostresist|31/100|[from] item: Leftovers
|upkeep
|turn|23
|
|t:|1781088333
|move|p2a: Samurott|Sucker Punch|p1a: neededaghostresist
|-resisted|p1a: neededaghostresist
|-damage|p1a: neededaghostresist|19/100
|move|p1a: neededaghostresist|Sucker Punch||[still]
|-fail|p1a: neededaghostresist
|
|-heal|p1a: neededaghostresist|25/100|[from] item: Leftovers
|upkeep
|turn|24
|
|t:|1781088338
|move|p2a: Samurott|Sucker Punch|p1a: neededaghostresist
|-resisted|p1a: neededaghostresist
|-damage|p1a: neededaghostresist|13/100
|move|p1a: neededaghostresist|Kowtow Cleave|p2a: Samurott
|-resisted|p2a: Samurott
|-damage|p2a: Samurott|0 fnt
|faint|p2a: Samurott
|
|-heal|p1a: neededaghostresist|19/100|[from] item: Leftovers
|upkeep
|
|t:|1781088362
|switch|p2a: Darkrai|Darkrai|100/100
|turn|25
|
|t:|1781088368
|move|p1a: neededaghostresist|Sucker Punch|p2a: Darkrai
|-resisted|p2a: Darkrai
|-damage|p2a: Darkrai|44/100
|move|p2a: Darkrai|Dark Pulse|p1a: neededaghostresist
|-resisted|p1a: neededaghostresist
|-damage|p1a: neededaghostresist|0 fnt
|faint|p1a: neededaghostresist
|-end|p1a: neededaghostresist|fallen1|[silent]
|
|upkeep
|
|t:|1781088383
|switch|p1a: diddy kong|Rillaboom, F, shiny|28/100
|-damage|p1a: diddy kong|16/100|[from] Stealth Rock
|-fieldstart|move: Grassy Terrain|[from] ability: Grassy Surge|[of] p1a: diddy kong
|turn|26
|
|t:|1781088405
|move|p1a: diddy kong|Grassy Glide|p2a: Darkrai
|-damage|p2a: Darkrai|0 fnt
|faint|p2a: Darkrai
|
|-heal|p1a: diddy kong|22/100|[from] Grassy Terrain
|-heal|p1a: diddy kong|28/100|[from] item: Leftovers
|upkeep
|
|t:|1781088407
|switch|p2a: Dragonite|Dragonite, M|100/100
|turn|27
|
|t:|1781088419
|move|p2a: Dragonite|Dragon Dance|p2a: Dragonite
|-boost|p2a: Dragonite|atk|1
|-boost|p2a: Dragonite|spe|1
|move|p1a: diddy kong|U-turn|p2a: Dragonite
|-resisted|p2a: Dragonite
|-damage|p2a: Dragonite|93/100
|
|t:|1781088425
|switch|p1a: goobing bolt|Raging Bolt|100/100|[from] U-turn
|-damage|p1a: goobing bolt|88/100|[from] Stealth Rock
|
|-heal|p1a: goobing bolt|94/100|[from] Grassy Terrain
|upkeep
|turn|28
|
|t:|1781088429
|-terastallize|p2a: Dragonite|Normal
|move|p2a: Dragonite|Roost|p2a: Dragonite
|-heal|p2a: Dragonite|100/100
|move|p1a: goobing bolt|Draco Meteor|p2a: Dragonite
|-damage|p2a: Dragonite|43/100
|-unboost|p1a: goobing bolt|spa|2
|
|-heal|p2a: Dragonite|49/100|[from] Grassy Terrain
|-heal|p1a: goobing bolt|100/100|[from] Grassy Terrain
|upkeep
|turn|29
|
|t:|1781088435
|-end|p1a: goobing bolt|Protosynthesis|[silent]
|switch|p1a: le-tachyon|Iron Crown|100/100
|-damage|p1a: le-tachyon|94/100|[from] Stealth Rock
|move|p2a: Dragonite|Roost|p2a: Dragonite
|-heal|p2a: Dragonite|99/100
|
|-heal|p2a: Dragonite|100/100|[from] Grassy Terrain
|-heal|p1a: le-tachyon|100/100|[from] Grassy Terrain
|upkeep
|turn|30
|
|t:|1781088448
|move|p2a: Dragonite|Dragon Dance|p2a: Dragonite
|-boost|p2a: Dragonite|atk|1
|-boost|p2a: Dragonite|spe|1
|move|p1a: le-tachyon|Focus Blast|p2a: Dragonite|[miss]
|-miss|p1a: le-tachyon|p2a: Dragonite
|
|-fieldend|move: Grassy Terrain
|upkeep
|turn|31
|
|t:|1781088451
|move|p2a: Dragonite|Earthquake|p1a: le-tachyon
|-supereffective|p1a: le-tachyon
|-damage|p1a: le-tachyon|0 fnt
|faint|p1a: le-tachyon
|-end|p1a: le-tachyon|Quark Drive|[silent]
|
|upkeep
|c|☆n5v|gg
|
|t:|1781088469
|switch|p1a: diddy kong|Rillaboom, F, shiny|28/100
|-damage|p1a: diddy kong|16/100|[from] Stealth Rock
|-fieldstart|move: Grassy Terrain|[from] ability: Grassy Surge|[of] p1a: diddy kong
|turn|32
|
|t:|1781088475
|move|p2a: Dragonite|Extreme Speed|p1a: diddy kong
|-damage|p1a: diddy kong|0 fnt
|faint|p1a: diddy kong
|
|upkeep
|
|t:|1781088477
|switch|p1a: goobing bolt|Raging Bolt|100/100
|-damage|p1a: goobing bolt|88/100|[from] Stealth Rock
|turn|33
|
|t:|1781088490
|move|p2a: Dragonite|Extreme Speed|p1a: goobing bolt
|-damage|p1a: goobing bolt|7/100
|move|p1a: goobing bolt|Draco Meteor|p2a: Dragonite
|-damage|p2a: Dragonite|45/100
|-unboost|p1a: goobing bolt|spa|2
|
|-heal|p2a: Dragonite|51/100|[from] Grassy Terrain
|-heal|p1a: goobing bolt|13/100|[from] Grassy Terrain
|upkeep
|turn|34
|
|t:|1781088497
|-terastallize|p1a: goobing bolt|Fairy
|move|p2a: Dragonite|Extreme Speed|p1a: goobing bolt
|-damage|p1a: goobing bolt|0 fnt
|faint|p1a: goobing bolt
|-end|p1a: goobing bolt|Protosynthesis|[silent]
|
|-heal|p2a: Dragonite|57/100|[from] Grassy Terrain
|upkeep
|
|t:|1781088500
|switch|p1a: gay alladin|Enamorus, F|76/100
|-damage|p1a: gay alladin|51/100|[from] Stealth Rock
|turn|35
|
|t:|1781088501
|move|p2a: Dragonite|Extreme Speed|p1a: gay alladin
|-damage|p1a: gay alladin|0 fnt
|faint|p1a: gay alladin
|
|win|pinkacordhater
|raw|n5v's rating: 1642 &rarr; <strong>1629</strong><br />(-13 for losing)
|raw|pinkacordhater's rating: 1768 &rarr; <strong>1781</strong><br />(+13 for winning)
|l|‽pinkacordhater
|player|p2|
|l| CLICK BEFORE CALC
|l|☆n5v
|player|p1|
