|j|☆Udiggwhatimsayin
|j|☆uu7gwasbetter
|t:|1781476616
|gametype|singles
|player|p1|Udiggwhatimsayin|fantina|1608
|player|p2|uu7gwasbetter|101|1570
|gen|9
|tier|[Gen 9] OU
|rated|
|rule|HP Percentage Mod: HP is shown in percentages
|rule|Endless Battle Clause: Forcing endless battles is banned
|rule|Species Clause: Limit one of each Pokémon
|rule|OHKO Clause: OHKO moves are banned
|rule|Evasion Items Clause: Evasion items are banned
|rule|Evasion Moves Clause: Evasion moves are banned
|rule|Evasion Abilities Clause: Evasion abilities are banned
|rule|Sleep Moves Clause: Sleep-inducing moves are banned
|clearpoke
|poke|p1|Ogerpon, F|
|poke|p1|Zamazenta-*|
|poke|p1|Alomomola, F|
|poke|p1|Cinderace, M|
|poke|p1|Kyurem|
|poke|p1|Iron Treads|
|poke|p2|Torkoal, F|
|poke|p2|Dragapult, F|
|poke|p2|Iron Moth|
|poke|p2|Kingambit, F|
|poke|p2|Ceruledge, M|
|poke|p2|Staraptor, F|
|teampreview
|inactive|Battle timer is ON: inactive players will automatically lose when time's up. (requested by uu7gwasbetter)
|inactive|Udiggwhatimsayin also wants the timer to be on.
|
|t:|1781476630
|teamsize|p1|6
|teamsize|p2|6
|start
|switch|p1a: Cinderace|Cinderace, M|100/100
|switch|p2a: Staraptor|Staraptor, F|100/100
|turn|1
|
|t:|1781476639
|move|p2a: Staraptor|Final Gambit|p1a: Cinderace
|-damage|p1a: Cinderace|0 fnt
|faint|p2a: Staraptor
|faint|p1a: Cinderace
|
|upkeep
|
|t:|1781476648
|switch|p1a: Kyurem|Kyurem|100/100
|switch|p2a: Torkoal|Torkoal, F|100/100
|-ability|p1a: Kyurem|Pressure
|-weather|SunnyDay|[from] ability: Drought|[of] p2a: Torkoal
|turn|2
|
|t:|1781476654
|move|p1a: Kyurem|Substitute|p1a: Kyurem
|-start|p1a: Kyurem|Substitute
|-damage|p1a: Kyurem|75/100
|move|p2a: Torkoal|Stealth Rock|p1a: Kyurem
|-sidestart|p1: Udiggwhatimsayin|move: Stealth Rock
|
|-weather|SunnyDay|[upkeep]
|-heal|p1a: Kyurem|82/100|[from] item: Leftovers
|upkeep
|turn|3
|j| Ricolas385
|
|t:|1781476666
|-terastallize|p1a: Kyurem|Ground
|move|p1a: Kyurem|Earth Power|p2a: Torkoal
|-supereffective|p2a: Torkoal
|-damage|p2a: Torkoal|21/100
|move|p2a: Torkoal|Lava Plume|p1a: Kyurem
|-end|p1a: Kyurem|Substitute
|
|-weather|SunnyDay|[upkeep]
|-heal|p1a: Kyurem|88/100|[from] item: Leftovers
|upkeep
|turn|4
|
|t:|1781476677
|move|p1a: Kyurem|Earth Power|p2a: Torkoal
|-supereffective|p2a: Torkoal
|-damage|p2a: Torkoal|0 fnt
|faint|p2a: Torkoal
|
|-weather|SunnyDay|[upkeep]
|-heal|p1a: Kyurem|94/100|[from] item: Leftovers
|upkeep
|
|t:|1781476682
|switch|p2a: Iron Moth|Iron Moth|100/100
|-enditem|p2a: Iron Moth|Booster Energy
|-activate|p2a: Iron Moth|ability: Quark Drive|[fromitem]
|-start|p2a: Iron Moth|quarkdrivespe
|turn|5
|l| Ricolas385
|
|t:|1781476691
|-terastallize|p2a: Iron Moth|Grass
|move|p2a: Iron Moth|Fiery Dance|p1a: Kyurem
|-damage|p1a: Kyurem|38/100
|-boost|p2a: Iron Moth|spa|1
|move|p1a: Kyurem|Earth Power|p2a: Iron Moth
|-resisted|p2a: Iron Moth
|-damage|p2a: Iron Moth|78/100
|-unboost|p2a: Iron Moth|spd|1
|
|-weather|SunnyDay|[upkeep]
|-heal|p1a: Kyurem|44/100|[from] item: Leftovers
|upkeep
|turn|6
|
|t:|1781476698
|move|p1a: Kyurem|Protect|p1a: Kyurem
|-singleturn|p1a: Kyurem|Protect
|move|p2a: Iron Moth|Fiery Dance|p1a: Kyurem
|-activate|p1a: Kyurem|move: Protect
|
|-weather|none
|-heal|p1a: Kyurem|50/100|[from] item: Leftovers
|upkeep
|turn|7
|
|t:|1781476702
|switch|p1a: Alomomola|Alomomola, F|100/100
|-damage|p1a: Alomomola|88/100|[from] Stealth Rock
|move|p2a: Iron Moth|Energy Ball|p1a: Alomomola
|-supereffective|p1a: Alomomola
|-damage|p1a: Alomomola|18/100
|
|upkeep
|turn|8
|
|t:|1781476706
|move|p2a: Iron Moth|Fiery Dance|p1a: Alomomola
|-resisted|p1a: Alomomola
|-damage|p1a: Alomomola|3/100
|move|p1a: Alomomola|Flip Turn|p2a: Iron Moth
|-resisted|p2a: Iron Moth
|-damage|p2a: Iron Moth|64/100
|j| Yamhard
|
|t:|1781476716
|switch|p1a: Zamazenta|Zamazenta|100/100|[from] Flip Turn
|-damage|p1a: Zamazenta|94/100|[from] Stealth Rock
|-ability|p1a: Zamazenta|Dauntless Shield|boost
|-boost|p1a: Zamazenta|def|1
|
|-heal|p1a: Zamazenta|100/100|[from] item: Leftovers
|upkeep
|turn|9
|
|t:|1781476718
|move|p2a: Iron Moth|Dazzling Gleam|p1a: Zamazenta
|-supereffective|p1a: Zamazenta
|-damage|p1a: Zamazenta|42/100
|move|p1a: Zamazenta|Body Press|p2a: Iron Moth
|-damage|p2a: Iron Moth|0 fnt
|faint|p2a: Iron Moth
|-end|p2a: Iron Moth|Quark Drive|[silent]
|
|-heal|p1a: Zamazenta|48/100|[from] item: Leftovers
|upkeep
|
|t:|1781476722
|switch|p2a: Ceruledge|Ceruledge, M|100/100
|turn|10
|
|t:|1781476729
|switch|p1a: Alomomola|Alomomola, F|37/100
|-damage|p1a: Alomomola|24/100|[from] Stealth Rock
|move|p2a: Ceruledge|Swords Dance|p2a: Ceruledge
|-boost|p2a: Ceruledge|atk|2
|
|upkeep
|turn|11
|
|t:|1781476732
|move|p2a: Ceruledge|Poltergeist|p1a: Alomomola
|-activate|p1a: Alomomola|move: Poltergeist|Assault Vest
|-damage|p1a: Alomomola|0 fnt
|faint|p1a: Alomomola
|
|upkeep
|
|t:|1781476736
|switch|p1a: Kyurem|Kyurem, tera:Ground|50/100
|-damage|p1a: Kyurem|44/100|[from] Stealth Rock
|-ability|p1a: Kyurem|Pressure
|turn|12
|
|t:|1781476743
|move|p1a: Kyurem|Protect|p1a: Kyurem
|-singleturn|p1a: Kyurem|Protect
|move|p2a: Ceruledge|Bitter Blade|p1a: Kyurem
|-activate|p1a: Kyurem|move: Protect
|
|-heal|p1a: Kyurem|50/100|[from] item: Leftovers
|upkeep
|turn|13
|
|t:|1781476749
|move|p1a: Kyurem|Earth Power|p2a: Ceruledge
|-supereffective|p2a: Ceruledge
|-enditem|p2a: Ceruledge|Focus Sash
|-damage|p2a: Ceruledge|1/100
|move|p2a: Ceruledge|Bitter Blade|p1a: Kyurem
|-damage|p1a: Kyurem|0 fnt
|-heal|p2a: Ceruledge|36/100|[from] drain|[of] p1a: Kyurem
|faint|p1a: Kyurem
|
|upkeep
|
|t:|1781476760
|switch|p1a: Iron Treads|Iron Treads|100/100
|-damage|p1a: Iron Treads|97/100|[from] Stealth Rock
|turn|14
|
|t:|1781476763
|move|p1a: Iron Treads|Earthquake|p2a: Ceruledge
|-supereffective|p2a: Ceruledge
|-damage|p2a: Ceruledge|0 fnt
|faint|p2a: Ceruledge
|
|upkeep
|
|t:|1781476767
|switch|p2a: Kingambit|Kingambit, F|100/100
|-activate|p2a: Kingambit|ability: Supreme Overlord
|-start|p2a: Kingambit|fallen4|[silent]
|turn|15
|
|t:|1781476769
|move|p1a: Iron Treads|Earthquake|p2a: Kingambit
|-supereffective|p2a: Kingambit
|-crit|p2a: Kingambit
|-enditem|p2a: Kingambit|Focus Sash
|-damage|p2a: Kingambit|1/100
|move|p2a: Kingambit|Low Kick|p1a: Iron Treads
|-supereffective|p1a: Iron Treads
|-damage|p1a: Iron Treads|0 fnt
|faint|p1a: Iron Treads
|-end|p1a: Iron Treads|Quark Drive|[silent]
|
|upkeep
|
|t:|1781476774
|switch|p1a: Zamazenta|Zamazenta|48/100
|-damage|p1a: Zamazenta|42/100|[from] Stealth Rock
|turn|16
|
|t:|1781476778
|move|p2a: Kingambit|Iron Head|p1a: Zamazenta
|-damage|p1a: Zamazenta|0 fnt
|faint|p1a: Zamazenta
|
|upkeep
|
|t:|1781476781
|switch|p1a: Ogerpon|Ogerpon, F|100/100
|-damage|p1a: Ogerpon|88/100|[from] Stealth Rock
|turn|17
|
|t:|1781476785
|move|p2a: Kingambit|Sucker Punch|p1a: Ogerpon
|-damage|p1a: Ogerpon|20/100
|move|p1a: Ogerpon|Knock Off|p2a: Kingambit
|-resisted|p2a: Kingambit
|-damage|p2a: Kingambit|0 fnt
|faint|p2a: Kingambit
|-end|p2a: Kingambit|fallen4|[silent]
|
|upkeep
|
|t:|1781476787
|switch|p2a: Dragapult|Dragapult, F|100/100
|turn|18
|
|t:|1781476791
|move|p2a: Dragapult|Dragon Darts|p1a: Ogerpon
|-damage|p1a: Ogerpon|0 fnt
|faint|p1a: Ogerpon
|
|win|uu7gwasbetter
|raw|Udiggwhatimsayin's rating: 1608 &rarr; <strong>1586</strong><br />(-22 for losing)
|raw|uu7gwasbetter's rating: 1570 &rarr; <strong>1592</strong><br />(+22 for winning)
|l|☆Udiggwhatimsayin
|player|p1|
|l|☆uu7gwasbetter
|player|p2|
|c| Yamhard|Wait did you roar?
|l| Yamhard
