|j|☆MSD GARCHOMP
|j|☆lizholmes
|t:|1781098924
|gametype|singles
|player|p1|MSD GARCHOMP|cilan|1603
|player|p2|lizholmes|baker|1618
|gen|9
|tier|[Gen 9] OU
|rated|
|rule|HP Percentage Mod: HP is shown in percentages
|rule|Endless Battle Clause: Forcing endless battles is banned
|rule|Species Clause: Limit one of each Pokémon
|rule|OHKO Clause: OHKO moves are banned
|rule|Evasion Items Clause: Evasion items are banned
|rule|Evasion Moves Clause: Evasion moves are banned
|rule|Evasion Abilities Clause: Evasion abilities are banned
|rule|Sleep Moves Clause: Sleep-inducing moves are banned
|clearpoke
|poke|p1|Kyurem|
|poke|p1|Great Tusk|
|poke|p1|Gholdengo|
|poke|p1|Hatterene, F|
|poke|p1|Cinderace, F|
|poke|p1|Kingambit, F|
|poke|p2|Kyurem|
|poke|p2|Corviknight, M|
|poke|p2|Ting-Lu|
|poke|p2|Dondozo, F|
|poke|p2|Slowking-Galar, F|
|poke|p2|Cinderace, F|
|teampreview
|inactive|Battle timer is ON: inactive players will automatically lose when time's up. (requested by lizholmes)
|inactive|MSD GARCHOMP has 120 seconds left.
|inactive|MSD GARCHOMP has 90 seconds left.
|
|t:|1781098990
|teamsize|p1|6
|teamsize|p2|6
|start
|switch|p1a: Great Tusk|Great Tusk|100/100
|switch|p2a: Corviknight|Corviknight, M|100/100
|-ability|p2a: Corviknight|Pressure
|turn|1
|
|t:|1781098999
|move|p1a: Great Tusk|Close Combat|p2a: Corviknight
|-damage|p2a: Corviknight|61/100
|-unboost|p1a: Great Tusk|def|1
|-unboost|p1a: Great Tusk|spd|1
|-damage|p1a: Great Tusk|84/100|[from] item: Rocky Helmet|[of] p2a: Corviknight
|move|p2a: Corviknight|Brave Bird|p1a: Great Tusk
|-supereffective|p1a: Great Tusk
|-damage|p1a: Great Tusk|11/100
|-damage|p2a: Corviknight|39/100|[from] Recoil
|
|upkeep
|turn|2
|
|t:|1781099011
|switch|p2a: Dondozo|Dondozo, F|100/100
|move|p1a: Great Tusk|Close Combat|p2a: Dondozo
|-damage|p2a: Dondozo|75/100
|-unboost|p1a: Great Tusk|def|1
|-unboost|p1a: Great Tusk|spd|1
|
|-heal|p2a: Dondozo|81/100|[from] item: Leftovers
|upkeep
|turn|3
|
|t:|1781099017
|-end|p1a: Great Tusk|Protosynthesis|[silent]
|switch|p1a: Hatterene|Hatterene, F|100/100
|move|p2a: Dondozo|Waterfall|p1a: Hatterene
|-damage|p1a: Hatterene|78/100
|-damage|p2a: Dondozo|65/100|[from] item: Rocky Helmet|[of] p1a: Hatterene
|
|-heal|p2a: Dondozo|71/100|[from] item: Leftovers
|upkeep
|turn|4
|
|t:|1781099026
|switch|p2a: Slowking|Slowking-Galar, F|100/100
|move|p1a: Hatterene|Nuzzle|p2a: Slowking
|-damage|p2a: Slowking|97/100
|-status|p2a: Slowking|par
|
|upkeep
|turn|5
|
|t:|1781099034
|move|p1a: Hatterene|Psychic Noise|p2a: Slowking
|-crit|p2a: Slowking
|-damage|p2a: Slowking|66/100 par
|-start|p2a: Slowking|move: Heal Block
|move|p2a: Slowking|Future Sight|p1a: Hatterene
|-start|p2a: Slowking|move: Future Sight
|
|upkeep
|turn|6
|
|t:|1781099045
|move|p1a: Hatterene|Psychic Noise|p2a: Slowking
|-damage|p2a: Slowking|44/100 par
|-prepare|p2a: Slowking|Chilly Reception|[premajor]
|move|p2a: Slowking|Chilly Reception|p2a: Slowking
|-weather|Snowscape
|
|t:|1781099049
|switch|p2a: Ting-Lu|Ting-Lu|100/100|[from] Chilly Reception
|-ability|p2a: Ting-Lu|Vessel of Ruin
|
|-weather|Snowscape|[upkeep]
|upkeep
|turn|7
|
|t:|1781099055
|move|p2a: Ting-Lu|Earthquake|p1a: Hatterene
|-crit|p1a: Hatterene
|-damage|p1a: Hatterene|35/100
|move|p1a: Hatterene|Draining Kiss|p2a: Ting-Lu
|-supereffective|p2a: Ting-Lu
|-damage|p2a: Ting-Lu|83/100
|-heal|p1a: Hatterene|57/100|[from] drain|[of] p2a: Ting-Lu
|
|-weather|Snowscape|[upkeep]
|-end|p1a: Hatterene|move: Future Sight
|-resisted|p1a: Hatterene
|-damage|p1a: Hatterene|39/100
|-heal|p2a: Ting-Lu|89/100|[from] item: Leftovers
|upkeep
|turn|8
|
|t:|1781099064
|move|p2a: Ting-Lu|Earthquake|p1a: Hatterene
|-damage|p1a: Hatterene|6/100
|move|p1a: Hatterene|Pain Split|p2a: Ting-Lu
|-sethp|p2a: Ting-Lu|46/100|[from] move: Pain Split|[silent]
|-sethp|p1a: Hatterene|75/100|[from] move: Pain Split
|
|-weather|Snowscape|[upkeep]
|-heal|p2a: Ting-Lu|53/100|[from] item: Leftovers
|upkeep
|turn|9
|j| Daddythong
|
|t:|1781099074
|switch|p2a: Slowking|Slowking-Galar, F|77/100 par
|move|p1a: Hatterene|Draining Kiss|p2a: Slowking
|-resisted|p2a: Slowking
|-damage|p2a: Slowking|71/100 par
|-heal|p1a: Hatterene|80/100|[from] drain|[of] p2a: Slowking
|
|-weather|Snowscape|[upkeep]
|upkeep
|turn|10
|
|t:|1781099080
|move|p1a: Hatterene|Psychic Noise|p2a: Slowking
|-damage|p2a: Slowking|52/100 par
|-start|p2a: Slowking|move: Heal Block
|move|p2a: Slowking|Future Sight|p1a: Hatterene
|-start|p2a: Slowking|move: Future Sight
|
|-weather|none
|upkeep
|turn|11
|
|t:|1781099089
|move|p1a: Hatterene|Psychic Noise|p2a: Slowking
|-damage|p2a: Slowking|32/100 par
|move|p2a: Slowking|Sludge Bomb|p1a: Hatterene
|-supereffective|p1a: Hatterene
|-damage|p1a: Hatterene|4/100
|
|-end|p2a: Slowking|move: Heal Block
|upkeep
|turn|12
|
|t:|1781099099
|move|p1a: Hatterene|Pain Split|p2a: Slowking
|-sethp|p2a: Slowking|18/100 par|[from] move: Pain Split|[silent]
|-sethp|p1a: Hatterene|22/100|[from] move: Pain Split
|-prepare|p2a: Slowking|Chilly Reception|[premajor]
|move|p2a: Slowking|Chilly Reception|p2a: Slowking
|-weather|Snowscape
|
|t:|1781099107
|switch|p2a: Kyurem|Kyurem|100/100|[from] Chilly Reception
|-ability|p2a: Kyurem|Pressure
|
|-weather|Snowscape|[upkeep]
|-end|p1a: Hatterene|move: Future Sight
|-resisted|p1a: Hatterene
|-damage|p1a: Hatterene|0 fnt
|faint|p1a: Hatterene
|upkeep
|
|t:|1781099114
|switch|p1a: Great Tusk|Great Tusk|11/100
|turn|13
|
|t:|1781099120
|move|p2a: Kyurem|Protect|p2a: Kyurem
|-singleturn|p2a: Kyurem|Protect
|move|p1a: Great Tusk|Close Combat|p2a: Kyurem
|-activate|p2a: Kyurem|move: Protect
|
|-weather|Snowscape|[upkeep]
|upkeep
|turn|14
|
|t:|1781099125
|switch|p2a: Slowking|Slowking-Galar, F|51/100 par
|move|p1a: Great Tusk|Close Combat|p2a: Slowking
|-resisted|p2a: Slowking
|-damage|p2a: Slowking|36/100 par
|-unboost|p1a: Great Tusk|def|1
|-unboost|p1a: Great Tusk|spd|1
|
|-weather|Snowscape|[upkeep]
|upkeep
|turn|15
|
|t:|1781099134
|-end|p1a: Great Tusk|Protosynthesis|[silent]
|switch|p1a: Gholdengo|Gholdengo|100/100
|cant|p2a: Slowking|par
|
|-weather|Snowscape|[upkeep]
|upkeep
|turn|16
|
|t:|1781099138
|switch|p2a: Ting-Lu|Ting-Lu|53/100
|-ability|p2a: Ting-Lu|Vessel of Ruin
|move|p1a: Gholdengo|Shadow Ball|p2a: Ting-Lu
|-resisted|p2a: Ting-Lu
|-damage|p2a: Ting-Lu|43/100
|
|-weather|none
|-heal|p2a: Ting-Lu|50/100|[from] item: Leftovers
|upkeep
|turn|17
|
|t:|1781099145
|move|p1a: Gholdengo|Nasty Plot|p1a: Gholdengo
|-boost|p1a: Gholdengo|spa|2
|move|p2a: Ting-Lu|Earthquake|p1a: Gholdengo
|-supereffective|p1a: Gholdengo
|-enditem|p1a: Gholdengo|Shuca Berry|[eat]
|-enditem|p1a: Gholdengo|Shuca Berry|[weaken]
|-damage|p1a: Gholdengo|60/100
|
|-heal|p2a: Ting-Lu|56/100|[from] item: Leftovers
|upkeep
|turn|18
|
|t:|1781099152
|move|p1a: Gholdengo|Make It Rain|p2a: Ting-Lu
|-damage|p2a: Ting-Lu|3/100
|-unboost|p1a: Gholdengo|spa|1
|move|p2a: Ting-Lu|Earthquake|p1a: Gholdengo
|-supereffective|p1a: Gholdengo
|-damage|p1a: Gholdengo|0 fnt
|faint|p1a: Gholdengo
|
|-heal|p2a: Ting-Lu|9/100|[from] item: Leftovers
|upkeep
|
|t:|1781099175
|switch|p1a: Cinderace|Cinderace, F|100/100
|turn|19
|
|t:|1781099196
|switch|p2a: Cinderace|Cinderace, F|100/100
|move|p1a: Cinderace|U-turn|p2a: Cinderace
|-start|p1a: Cinderace|typechange|Bug|[from] ability: Libero
|-resisted|p2a: Cinderace
|-damage|p2a: Cinderace|79/100
|
|t:|1781099212
|switch|p1a: Great Tusk|Great Tusk|11/100|[from] U-turn
|
|upkeep
|turn|20
|
|t:|1781099219
|switch|p2a: Corviknight|Corviknight, M|39/100
|-ability|p2a: Corviknight|Pressure
|move|p1a: Great Tusk|Close Combat|p2a: Corviknight
|-damage|p2a: Corviknight|0 fnt
|-unboost|p1a: Great Tusk|def|1
|-unboost|p1a: Great Tusk|spd|1
|-damage|p1a: Great Tusk|0 fnt|[from] item: Rocky Helmet|[of] p2a: Corviknight
|faint|p2a: Corviknight
|faint|p1a: Great Tusk
|-end|p1a: Great Tusk|Protosynthesis|[silent]
|
|upkeep
|
|t:|1781099239
|switch|p1a: Kyurem|Kyurem, shiny|100/100
|switch|p2a: Kyurem|Kyurem|100/100
|-ability|p2a: Kyurem|Pressure
|-ability|p1a: Kyurem|Pressure
|turn|21
|inactive|MSD GARCHOMP has 120 seconds left.
|l| Daddythong
|
|t:|1781099267
|switch|p2a: Ting-Lu|Ting-Lu|9/100
|-ability|p2a: Ting-Lu|Vessel of Ruin
|switch|p1a: Cinderace|Cinderace, F|100/100
|
|-heal|p2a: Ting-Lu|15/100|[from] item: Leftovers
|upkeep
|turn|22
|inactive|MSD GARCHOMP has 120 seconds left.
|
|t:|1781099277
|move|p1a: Cinderace|U-turn|p2a: Ting-Lu
|-start|p1a: Cinderace|typechange|Bug|[from] ability: Libero
|-supereffective|p2a: Ting-Lu
|-damage|p2a: Ting-Lu|0 fnt
|faint|p2a: Ting-Lu
|inactive|MSD GARCHOMP has 120 seconds left.
|
|t:|1781099286
|switch|p1a: Kyurem|Kyurem, shiny|100/100|[from] U-turn
|-ability|p1a: Kyurem|Pressure
|
|upkeep
|
|t:|1781099289
|switch|p2a: Cinderace|Cinderace, F|79/100
|turn|23
|
|t:|1781099293
|move|p2a: Cinderace|Pyro Ball|p1a: Kyurem
|-damage|p1a: Kyurem|72/100
|-status|p1a: Kyurem|brn
|move|p1a: Kyurem|Earth Power|p2a: Cinderace
|-supereffective|p2a: Cinderace
|-damage|p2a: Cinderace|20/100
|
|-damage|p1a: Kyurem|66/100 brn|[from] brn
|upkeep
|turn|24
|
|t:|1781099305
|move|p2a: Cinderace|Pyro Ball|p1a: Kyurem
|-damage|p1a: Kyurem|24/100 brn
|move|p1a: Kyurem|Freeze-Dry|p2a: Cinderace
|-resisted|p2a: Cinderace
|-damage|p2a: Cinderace|2/100
|
|-damage|p1a: Kyurem|18/100 brn|[from] brn
|upkeep
|turn|25
|
|t:|1781099315
|move|p2a: Cinderace|U-turn|p1a: Kyurem
|-damage|p1a: Kyurem|6/100 brn
|
|t:|1781099318
|switch|p2a: Slowking|Slowking-Galar, F|70/100 par|[from] U-turn
|move|p1a: Kyurem|Ice Beam|p2a: Slowking
|-damage|p2a: Slowking|45/100 par
|
|-damage|p1a: Kyurem|0 fnt|[from] brn
|faint|p1a: Kyurem
|upkeep
|
|t:|1781099331
|switch|p1a: Cinderace|Cinderace, F|100/100
|turn|26
|
|t:|1781099335
|move|p1a: Cinderace|Pyro Ball|p2a: Slowking
|-damage|p2a: Slowking|0 fnt
|faint|p2a: Slowking
|
|upkeep
|
|t:|1781099337
|switch|p2a: Dondozo|Dondozo, F|71/100
|turn|27
|
|t:|1781099351
|move|p1a: Cinderace|U-turn|p2a: Dondozo
|-start|p1a: Cinderace|typechange|Bug|[from] ability: Libero
|-damage|p2a: Dondozo|55/100
|
|t:|1781099355
|switch|p1a: Kingambit|Kingambit, F|100/100|[from] U-turn
|-activate|p1a: Kingambit|ability: Supreme Overlord
|-start|p1a: Kingambit|fallen4|[silent]
|-item|p1a: Kingambit|Air Balloon
|move|p2a: Dondozo|Curse|p2a: Dondozo
|-unboost|p2a: Dondozo|spe|1
|-boost|p2a: Dondozo|atk|1
|-boost|p2a: Dondozo|def|1
|
|-heal|p2a: Dondozo|61/100|[from] item: Leftovers
|upkeep
|turn|28
|
|t:|1781099363
|-terastallize|p1a: Kingambit|Fighting
|move|p1a: Kingambit|Low Kick|p2a: Dondozo
|-damage|p2a: Dondozo|34/100
|move|p2a: Dondozo|Body Press|p1a: Kingambit
|-damage|p1a: Kingambit|62/100
|-enditem|p1a: Kingambit|Air Balloon
|
|-heal|p2a: Dondozo|40/100|[from] item: Leftovers
|upkeep
|turn|29
|
|t:|1781099380
|move|p1a: Kingambit|Low Kick|p2a: Dondozo
|-damage|p2a: Dondozo|9/100
|move|p2a: Dondozo|Rest|p2a: Dondozo
|-status|p2a: Dondozo|slp|[from] move: Rest
|-heal|p2a: Dondozo|100/100 slp|[silent]
|
|upkeep
|turn|30
|inactive|MSD GARCHOMP has 120 seconds left.
|
|t:|1781099414
|move|p1a: Kingambit|Low Kick|p2a: Dondozo
|-damage|p2a: Dondozo|69/100 slp
|cant|p2a: Dondozo|slp
|
|-heal|p2a: Dondozo|75/100 slp|[from] item: Leftovers
|upkeep
|turn|31
|
|t:|1781099422
|move|p1a: Kingambit|Low Kick|p2a: Dondozo
|-damage|p2a: Dondozo|47/100 slp
|cant|p2a: Dondozo|slp
|
|-heal|p2a: Dondozo|53/100 slp|[from] item: Leftovers
|upkeep
|turn|32
|
|t:|1781099431
|move|p1a: Kingambit|Low Kick|p2a: Dondozo
|-damage|p2a: Dondozo|24/100 slp
|-curestatus|p2a: Dondozo|slp|[msg]
|move|p2a: Dondozo|Body Press|p1a: Kingambit
|-damage|p1a: Kingambit|25/100
|
|-heal|p2a: Dondozo|30/100|[from] item: Leftovers
|upkeep
|turn|33
|
|t:|1781099440
|switch|p2a: Cinderace|Cinderace, F|2/100
|move|p1a: Kingambit|Low Kick|p2a: Cinderace
|-damage|p2a: Cinderace|0 fnt
|faint|p2a: Cinderace
|
|upkeep
|
|t:|1781099443
|switch|p2a: Kyurem|Kyurem|100/100
|-ability|p2a: Kyurem|Pressure
|turn|34
|
|t:|1781099452
|-end|p1a: Kingambit|fallen4|[silent]
|switch|p1a: Cinderace|Cinderace, F|100/100
|move|p2a: Kyurem|Earth Power|p1a: Cinderace
|-supereffective|p1a: Cinderace
|-damage|p1a: Cinderace|20/100
|
|upkeep
|turn|35
|inactive|lizholmes has 120 seconds left.
|
|t:|1781099488
|move|p1a: Cinderace|Pyro Ball|p2a: Kyurem
|-damage|p2a: Kyurem|48/100
|-status|p2a: Kyurem|brn
|move|p2a: Kyurem|Earth Power|p1a: Cinderace
|-supereffective|p1a: Cinderace
|-damage|p1a: Cinderace|0 fnt
|faint|p1a: Cinderace
|
|-heal|p2a: Kyurem|54/100 brn|[from] item: Leftovers
|-damage|p2a: Kyurem|48/100 brn|[from] brn
|upkeep
|
|t:|1781099493
|switch|p1a: Kingambit|Kingambit, F, tera:Fighting|25/100
|-activate|p1a: Kingambit|ability: Supreme Overlord
|-start|p1a: Kingambit|fallen5|[silent]
|turn|36
|
|t:|1781099495
|move|p1a: Kingambit|Sucker Punch||[still]
|-fail|p1a: Kingambit
|move|p2a: Kyurem|Substitute|p2a: Kyurem
|-start|p2a: Kyurem|Substitute
|-damage|p2a: Kyurem|23/100 brn
|
|-heal|p2a: Kyurem|29/100 brn|[from] item: Leftovers
|-damage|p2a: Kyurem|23/100 brn|[from] brn
|upkeep
|turn|37
|c|☆lizholmes|gg
|
|t:|1781099501
|move|p1a: Kingambit|Sucker Punch|p2a: Kyurem
|-end|p2a: Kyurem|Substitute
|move|p2a: Kyurem|Earth Power|p1a: Kingambit
|-damage|p1a: Kingambit|0 fnt
|faint|p1a: Kingambit
|-end|p1a: Kingambit|fallen5|[silent]
|
|win|lizholmes
|raw|MSD GARCHOMP's rating: 1603 &rarr; <strong>1584</strong><br />(-19 for losing)
|raw|lizholmes's rating: 1618 &rarr; <strong>1637</strong><br />(+19 for winning)
|c|☆MSD GARCHOMP|gg
|l|☆lizholmes
|player|p2|
|l|☆MSD GARCHOMP
|player|p1|
