|j|☆KurisuChestnutOU
|j|☆gdhaorskt
|t:|1781166916
|gametype|singles
|player|p1|KurisuChestnutOU|may-contest|1543
|player|p2|gdhaorskt|169|1529
|gen|9
|tier|[Gen 9] OU
|rated|
|rule|HP Percentage Mod: HP is shown in percentages
|rule|Endless Battle Clause: Forcing endless battles is banned
|rule|Species Clause: Limit one of each Pokémon
|rule|OHKO Clause: OHKO moves are banned
|rule|Evasion Items Clause: Evasion items are banned
|rule|Evasion Moves Clause: Evasion moves are banned
|rule|Evasion Abilities Clause: Evasion abilities are banned
|rule|Sleep Moves Clause: Sleep-inducing moves are banned
|clearpoke
|poke|p1|Hawlucha, F|
|poke|p1|Samurott-Hisui, F|
|poke|p1|Rillaboom, F|
|poke|p1|Gholdengo|
|poke|p1|Kyurem|
|poke|p1|Landorus-Therian, M|
|poke|p2|Darkrai|
|poke|p2|Dondozo, F|
|poke|p2|Kingambit, M|
|poke|p2|Weezing-Galar, M|
|poke|p2|Primarina, F|
|poke|p2|Hatterene, F|
|teampreview
|inactive|Battle timer is ON: inactive players will automatically lose when time's up. (requested by KurisuChestnutOU)
|
|t:|1781166928
|teamsize|p1|6
|teamsize|p2|6
|start
|switch|p1a: Samurott|Samurott-Hisui, F|100/100
|switch|p2a: Primarina|Primarina, F|100/100
|turn|1
|
|t:|1781166932
|move|p1a: Samurott|Ceaseless Edge|p2a: Primarina
|-resisted|p2a: Primarina
|-damage|p2a: Primarina|75/100
|-sidestart|p2: gdhaorskt|Spikes
|move|p2a: Primarina|Draining Kiss|p1a: Samurott
|-supereffective|p1a: Samurott
|-damage|p1a: Samurott|61/100
|-heal|p2a: Primarina|100/100|[from] drain|[of] p1a: Samurott
|
|upkeep
|turn|2
|
|t:|1781166939
|move|p1a: Samurott|Ceaseless Edge|p2a: Primarina
|-resisted|p2a: Primarina
|-damage|p2a: Primarina|77/100
|-sidestart|p2: gdhaorskt|Spikes
|move|p2a: Primarina|Flip Turn|p1a: Samurott
|-resisted|p1a: Samurott
|-damage|p1a: Samurott|52/100
|
|t:|1781166942
|switch|p2a: Dondozo|Dondozo, F|100/100|[from] Flip Turn
|-damage|p2a: Dondozo|84/100|[from] Spikes
|
|-heal|p2a: Dondozo|90/100|[from] item: Leftovers
|upkeep
|turn|3
|
|t:|1781166949
|move|p1a: Samurott|Ceaseless Edge|p2a: Dondozo
|-damage|p2a: Dondozo|72/100
|-sidestart|p2: gdhaorskt|Spikes
|move|p2a: Dondozo|Curse|p2a: Dondozo
|-unboost|p2a: Dondozo|spe|1
|-boost|p2a: Dondozo|atk|1
|-boost|p2a: Dondozo|def|1
|
|-heal|p2a: Dondozo|78/100|[from] item: Leftovers
|upkeep
|turn|4
|
|t:|1781166953
|move|p1a: Samurott|Flip Turn|p2a: Dondozo
|-resisted|p2a: Dondozo
|-damage|p2a: Dondozo|74/100
|
|t:|1781166960
|switch|p1a: Kyurem|Kyurem|100/100|[from] Flip Turn
|-ability|p1a: Kyurem|Pressure
|move|p2a: Dondozo|Liquidation|p1a: Kyurem
|-resisted|p1a: Kyurem
|-damage|p1a: Kyurem|78/100
|
|-heal|p2a: Dondozo|80/100|[from] item: Leftovers
|upkeep
|turn|5
|
|t:|1781166968
|switch|p2a: Hatterene|Hatterene, F|100/100
|-damage|p2a: Hatterene|76/100|[from] Spikes
|move|p1a: Kyurem|Freeze-Dry|p2a: Hatterene
|-damage|p2a: Hatterene|45/100
|
|upkeep
|turn|6
|
|t:|1781166976
|move|p1a: Kyurem|Ice Beam|p2a: Hatterene
|-damage|p2a: Hatterene|11/100
|-status|p2a: Hatterene|frz
|cant|p2a: Hatterene|frz
|
|upkeep
|turn|7
|
|t:|1781166982
|move|p1a: Kyurem|Ice Beam|p2a: Hatterene
|-damage|p2a: Hatterene|0 fnt
|faint|p2a: Hatterene
|
|upkeep
|
|t:|1781166986
|switch|p2a: Kingambit|Kingambit, M|100/100
|-damage|p2a: Kingambit|76/100|[from] Spikes
|-activate|p2a: Kingambit|ability: Supreme Overlord
|-start|p2a: Kingambit|fallen1|[silent]
|turn|8
|
|t:|1781166991
|-terastallize|p1a: Kyurem|Poison
|move|p1a: Kyurem|Earth Power|p2a: Kingambit
|-supereffective|p2a: Kingambit
|-damage|p2a: Kingambit|7/100
|move|p2a: Kingambit|Swords Dance|p2a: Kingambit
|-boost|p2a: Kingambit|atk|2
|
|upkeep
|turn|9
|
|t:|1781166996
|switch|p1a: Samurott|Samurott-Hisui, F|52/100
|move|p2a: Kingambit|Iron Head|p1a: Samurott
|-resisted|p1a: Samurott
|-damage|p1a: Samurott|0 fnt
|faint|p1a: Samurott
|
|upkeep
|
|t:|1781167003
|switch|p1a: Landorus|Landorus-Therian, M|100/100
|-ability|p1a: Landorus|Intimidate|boost
|-unboost|p2a: Kingambit|atk|1
|turn|10
|
|t:|1781167011
|move|p2a: Kingambit|Sucker Punch||[still]
|-fail|p2a: Kingambit
|move|p1a: Landorus|Stealth Rock|p2a: Kingambit
|-sidestart|p2: gdhaorskt|move: Stealth Rock
|
|upkeep
|turn|11
|
|t:|1781167032
|move|p1a: Landorus|U-turn|p2a: Kingambit
|-damage|p2a: Kingambit|0 fnt
|faint|p2a: Kingambit
|-end|p2a: Kingambit|fallen1|[silent]
|
|t:|1781167040
|switch|p1a: Kyurem|Kyurem, tera:Poison|78/100|[from] U-turn
|-ability|p1a: Kyurem|Pressure
|
|upkeep
|
|t:|1781167043
|switch|p2a: Primarina|Primarina, F|77/100
|-damage|p2a: Primarina|52/100|[from] Spikes
|-damage|p2a: Primarina|39/100|[from] Stealth Rock
|turn|12
|
|t:|1781167048
|move|p1a: Kyurem|Freeze-Dry|p2a: Primarina
|-supereffective|p2a: Primarina
|-damage|p2a: Primarina|1/100
|move|p2a: Primarina|Psychic Noise|p1a: Kyurem
|-supereffective|p1a: Kyurem
|-damage|p1a: Kyurem|44/100
|-start|p1a: Kyurem|move: Heal Block
|
|upkeep
|turn|13
|
|t:|1781167056
|move|p1a: Kyurem|Earth Power|p2a: Primarina
|-damage|p2a: Primarina|0 fnt
|faint|p2a: Primarina
|
|-end|p1a: Kyurem|move: Heal Block
|upkeep
|
|t:|1781167060
|switch|p2a: Darkrai|Darkrai, shiny|100/100
|-damage|p2a: Darkrai|76/100|[from] Spikes
|-damage|p2a: Darkrai|63/100|[from] Stealth Rock
|turn|14
|
|t:|1781167065
|move|p2a: Darkrai|Dark Pulse|p1a: Kyurem
|-damage|p1a: Kyurem|18/100
|move|p1a: Kyurem|Ice Beam|p2a: Darkrai
|-damage|p2a: Darkrai|7/100
|
|upkeep
|turn|15
|
|t:|1781167071
|switch|p1a: Rillaboom|Rillaboom, F|100/100
|-fieldstart|move: Grassy Terrain|[from] ability: Grassy Surge|[of] p1a: Rillaboom
|move|p2a: Darkrai|Dark Pulse|p1a: Rillaboom
|-damage|p1a: Rillaboom|49/100
|
|-heal|p2a: Darkrai|13/100|[from] Grassy Terrain
|-heal|p1a: Rillaboom|56/100|[from] Grassy Terrain
|upkeep
|turn|16
|
|t:|1781167077
|switch|p2a: Weezing|Weezing-Galar, M|100/100
|-damage|p2a: Weezing|88/100|[from] Stealth Rock
|move|p1a: Rillaboom|Grassy Glide|p2a: Weezing
|-resisted|p2a: Weezing
|-damage|p2a: Weezing|71/100
|-damage|p1a: Rillaboom|39/100|[from] item: Rocky Helmet|[of] p2a: Weezing
|
|-heal|p1a: Rillaboom|45/100|[from] Grassy Terrain
|upkeep
|turn|17
|
|t:|1781167083
|switch|p1a: Gholdengo|Gholdengo|100/100
|move|p2a: Weezing|Will-O-Wisp|p1a: Gholdengo
|-immune|p1a: Gholdengo|[from] ability: Good as Gold
|
|upkeep
|turn|18
|
|t:|1781167088
|switch|p1a: Kyurem|Kyurem, tera:Poison|18/100
|-ability|p1a: Kyurem|Pressure
|move|p2a: Weezing|Pain Split|p1a: Kyurem
|-sethp|p1a: Kyurem|39/100|[from] move: Pain Split|[silent]
|-sethp|p2a: Weezing|46/100|[from] move: Pain Split
|
|-heal|p1a: Kyurem|46/100|[from] Grassy Terrain
|upkeep
|turn|19
|
|t:|1781167095
|move|p1a: Kyurem|Freeze-Dry|p2a: Weezing
|-damage|p2a: Weezing|12/100
|move|p2a: Weezing|Will-O-Wisp|p1a: Kyurem
|-status|p1a: Kyurem|brn
|
|-heal|p1a: Kyurem|52/100 brn|[from] Grassy Terrain
|-damage|p1a: Kyurem|46/100 brn|[from] brn
|-fieldend|move: Grassy Terrain
|upkeep
|turn|20
|
|t:|1781167102
|move|p1a: Kyurem|Freeze-Dry|p2a: Weezing
|-damage|p2a: Weezing|0 fnt
|faint|p2a: Weezing
|
|-damage|p1a: Kyurem|39/100 brn|[from] brn
|upkeep
|
|t:|1781167103
|switch|p2a: Dondozo|Dondozo, F|80/100
|-damage|p2a: Dondozo|55/100|[from] Spikes
|-damage|p2a: Dondozo|43/100|[from] Stealth Rock
|turn|21
|
|t:|1781167107
|move|p1a: Kyurem|Freeze-Dry|p2a: Dondozo
|-supereffective|p2a: Dondozo
|-damage|p2a: Dondozo|0 fnt
|faint|p2a: Dondozo
|
|-damage|p1a: Kyurem|33/100 brn|[from] brn
|upkeep
|
|t:|1781167109
|switch|p2a: Darkrai|Darkrai, shiny|13/100
|-damage|p2a: Darkrai|0 fnt|[from] Spikes
|faint|p2a: Darkrai
|
|win|KurisuChestnutOU
|raw|KurisuChestnutOU's rating: 1593 &rarr; <strong>1609</strong><br />(+16 for winning)
|raw|gdhaorskt's rating: 1529 &rarr; <strong>1513</strong><br />(-16 for losing)
