|badge|p2|bronze|gen9ou|100-9
|uhtml|medal-msg|<div class="broadcast-blue">Curious what those medals under the avatar are? PS now has Ladder Seasons! For more information, check out the <a href="https://www.smogon.com/forums/threads/3740067/">thread on Smogon.</a></div>
|j|☆Luisowbro
|j|☆hawkins0
|t:|1781364317
|gametype|singles
|player|p1|Luisowbro|ingo|1671
|player|p2|hawkins0|169|1840
|gen|9
|tier|[Gen 9] OU
|rated|
|rule|HP Percentage Mod: HP is shown in percentages
|rule|Endless Battle Clause: Forcing endless battles is banned
|rule|Species Clause: Limit one of each Pokémon
|rule|OHKO Clause: OHKO moves are banned
|rule|Evasion Items Clause: Evasion items are banned
|rule|Evasion Moves Clause: Evasion moves are banned
|rule|Evasion Abilities Clause: Evasion abilities are banned
|rule|Sleep Moves Clause: Sleep-inducing moves are banned
|clearpoke
|poke|p1|Moltres-Galar|
|poke|p1|Haxorus, M|
|poke|p1|Thundurus-Therian, M|
|poke|p1|Scizor, M|
|poke|p1|Volcanion|
|poke|p1|Ninetales-Alola, F|
|poke|p2|Hoopa-Unbound|
|poke|p2|Pecharunt|
|poke|p2|Landorus-Therian, M|
|poke|p2|Cinderace, M|
|poke|p2|Alomomola, M|
|poke|p2|Iron Valiant|
|teampreview
|
|t:|1781364335
|teamsize|p1|6
|teamsize|p2|6
|start
|switch|p1a: Volcanion|Volcanion|100/100
|switch|p2a: Liberacy|Cinderace, M, shiny|100/100
|turn|1
|inactive|Battle timer is ON: inactive players will automatically lose when time's up. (requested by Luisowbro)
|
|t:|1781364353
|move|p2a: Liberacy|U-turn|p1a: Volcanion
|-start|p2a: Liberacy|typechange|Bug|[from] ability: Libero
|-resisted|p1a: Volcanion
|-damage|p1a: Volcanion|87/100
|
|t:|1781364355
|switch|p2a: Pisces|Alomomola, M, shiny|100/100|[from] U-turn
|move|p1a: Volcanion|Earth Power|p2a: Pisces
|-damage|p2a: Pisces|83/100
|
|upkeep
|turn|2
|
|t:|1781364367
|switch|p1a: Scizor|Scizor, M|100/100
|move|p2a: Pisces|Body Slam|p1a: Scizor
|-resisted|p1a: Scizor
|-damage|p1a: Scizor|93/100
|-status|p1a: Scizor|par
|
|upkeep
|turn|3
|
|t:|1781364374
|move|p2a: Pisces|Flip Turn|p1a: Scizor
|-damage|p1a: Scizor|76/100 par
|
|t:|1781364377
|switch|p2a: Overseer|Pecharunt|100/100|[from] Flip Turn
|move|p1a: Scizor|Knock Off|p2a: Overseer
|-supereffective|p2a: Overseer
|-damage|p2a: Overseer|46/100
|-enditem|p2a: Overseer|Heavy-Duty Boots|[from] move: Knock Off|[of] p1a: Scizor
|
|upkeep
|turn|4
|
|t:|1781364389
|move|p2a: Overseer|Recover|p2a: Overseer
|-heal|p2a: Overseer|96/100
|move|p1a: Scizor|Knock Off|p2a: Overseer
|-supereffective|p2a: Overseer
|-damage|p2a: Overseer|63/100
|
|upkeep
|turn|5
|
|t:|1781364395
|switch|p1a: Volcanion|Volcanion|87/100
|move|p2a: Overseer|Recover|p2a: Overseer
|-heal|p2a: Overseer|100/100
|
|upkeep
|turn|6
|
|t:|1781364404
|move|p2a: Overseer|Parting Shot|p1a: Volcanion
|-unboost|p1a: Volcanion|atk|1
|-unboost|p1a: Volcanion|spa|1
|
|t:|1781364406
|switch|p2a: Pisces|Alomomola, M, shiny|100/100|[from] Parting Shot
|move|p1a: Volcanion|Earth Power|p2a: Pisces
|-damage|p2a: Pisces|89/100
|
|upkeep
|turn|7
|
|t:|1781364415
|switch|p1a: Thundurus|Thundurus-Therian, M, shiny|100/100
|move|p2a: Pisces|Body Slam|p1a: Thundurus
|-damage|p1a: Thundurus|75/100
|
|upkeep
|turn|8
|
|t:|1781364427
|move|p1a: Thundurus|Volt Switch|p2a: Pisces
|-supereffective|p2a: Pisces
|-damage|p2a: Pisces|46/100
|
|t:|1781364434
|switch|p1a: Ninetales|Ninetales-Alola, F, shiny|100/100|[from] Volt Switch
|-weather|Snowscape|[from] ability: Snow Warning|[of] p1a: Ninetales
|move|p2a: Pisces|Mirror Coat|p1a: Ninetales
|-damage|p1a: Ninetales|0 fnt
|faint|p1a: Ninetales
|
|-weather|Snowscape|[upkeep]
|upkeep
|
|t:|1781364452
|switch|p1a: Moltres|Moltres-Galar, shiny|100/100
|turn|9
|
|t:|1781364455
|move|p1a: Moltres|Agility|p1a: Moltres
|-boost|p1a: Moltres|spe|2
|move|p2a: Pisces|Flip Turn|p1a: Moltres
|-damage|p1a: Moltres|85/100
|
|t:|1781364463
|switch|p2a: Calamity|Iron Valiant, shiny|100/100|[from] Flip Turn
|
|-weather|Snowscape|[upkeep]
|upkeep
|turn|10
|j| QD KING
|
|t:|1781364469
|move|p1a: Moltres|Air Slash|p2a: Calamity
|-supereffective|p2a: Calamity
|-damage|p2a: Calamity|0 fnt
|faint|p2a: Calamity
|-end|p2a: Calamity|Quark Drive|[silent]
|
|-weather|Snowscape|[upkeep]
|upkeep
|
|t:|1781364472
|switch|p2a: Overseer|Pecharunt|100/100
|turn|11
|
|t:|1781364477
|-terastallize|p1a: Moltres|Steel
|move|p1a: Moltres|Nasty Plot|p1a: Moltres
|-boost|p1a: Moltres|spa|2
|move|p2a: Overseer|Malignant Chain|p1a: Moltres
|-immune|p1a: Moltres
|
|-weather|Snowscape|[upkeep]
|upkeep
|turn|12
|
|t:|1781364485
|move|p1a: Moltres|Agility|p1a: Moltres
|-boost|p1a: Moltres|spe|2
|move|p2a: Overseer|Parting Shot|p1a: Moltres
|-unboost|p1a: Moltres|atk|1
|-unboost|p1a: Moltres|spa|1
|
|t:|1781364488
|switch|p2a: Liberacy|Cinderace, M, shiny|100/100|[from] Parting Shot
|
|-weather|none
|upkeep
|turn|13
|
|t:|1781364495
|move|p1a: Moltres|Fiery Wrath|p2a: Liberacy
|-damage|p2a: Liberacy|9/100
|move|p2a: Liberacy|Pyro Ball|p1a: Moltres
|-supereffective|p1a: Moltres
|-damage|p1a: Moltres|0 fnt
|faint|p1a: Moltres
|
|upkeep
|
|t:|1781364508
|switch|p1a: Thundurus|Thundurus-Therian, M, shiny|75/100
|turn|14
|
|t:|1781364511
|switch|p2a: Enten|Landorus-Therian, M, shiny|100/100
|-ability|p2a: Enten|Intimidate|boost
|-unboost|p1a: Thundurus|atk|1
|move|p1a: Thundurus|Psychic|p2a: Enten
|-damage|p2a: Enten|48/100
|-unboost|p2a: Enten|spd|1
|
|upkeep
|turn|15
|
|t:|1781364519
|move|p2a: Enten|Stone Edge|p1a: Thundurus
|-supereffective|p1a: Thundurus
|-crit|p1a: Thundurus
|-damage|p1a: Thundurus|0 fnt
|faint|p1a: Thundurus
|
|upkeep
|
|t:|1781364529
|switch|p1a: Scizor|Scizor, M|76/100 par
|turn|16
|l|☆hawkins0
|inactive|hawkins0 disconnected and has a minute to reconnect!
|player|p2|
|j|☆hawkins0
|inactive|hawkins0 reconnected and has 125 seconds left.
|player|p2|hawkins0|169|
|inactive|hawkins0 has 120 seconds left.
|
|t:|1781364570
|switch|p2a: Pisces|Alomomola, M, shiny|79/100
|move|p1a: Scizor|Bullet Punch|p2a: Pisces
|-resisted|p2a: Pisces
|-damage|p2a: Pisces|62/100
|
|upkeep
|turn|17
|
|t:|1781364588
|switch|p1a: Haxorus|Haxorus, M, shiny|100/100
|-ability|p1a: Haxorus|Mold Breaker
|move|p2a: Pisces|Body Slam|p1a: Haxorus
|-damage|p1a: Haxorus|81/100
|
|upkeep
|turn|18
|
|t:|1781364595
|move|p1a: Haxorus|Scale Shot|p2a: Pisces
|-damage|p2a: Pisces|52/100
|-damage|p2a: Pisces|43/100
|-damage|p2a: Pisces|32/100
|-damage|p2a: Pisces|21/100
|-hitcount|p2a: Pisces|4
|-unboost|p1a: Haxorus|def|1
|-boost|p1a: Haxorus|spe|1
|move|p2a: Pisces|Flip Turn|p1a: Haxorus
|-resisted|p1a: Haxorus
|-damage|p1a: Haxorus|65/100
|
|t:|1781364607
|switch|p2a: Overseer|Pecharunt|100/100|[from] Flip Turn
|
|upkeep
|turn|19
|
|t:|1781364613
|move|p1a: Haxorus|Swords Dance|p1a: Haxorus
|-boost|p1a: Haxorus|atk|2
|move|p2a: Overseer|Malignant Chain|p1a: Haxorus
|-damage|p1a: Haxorus|18/100
|-status|p1a: Haxorus|tox
|-start|p1a: Haxorus|confusion|[from] ability: Poison Puppeteer|[of] p2a: Overseer
|
|-damage|p1a: Haxorus|12/100 tox|[from] psn
|upkeep
|turn|20
|
|t:|1781364623
|switch|p2a: Liberacy|Cinderace, M, shiny|9/100
|-activate|p1a: Haxorus|confusion
|move|p1a: Haxorus|Scale Shot|p2a: Liberacy
|-damage|p2a: Liberacy|0 fnt
|faint|p2a: Liberacy
|-hitcount|p2: Liberacy|1
|-unboost|p1a: Haxorus|def|1
|-boost|p1a: Haxorus|spe|1
|
|-damage|p1a: Haxorus|0 fnt|[from] psn
|faint|p1a: Haxorus
|upkeep
|
|t:|1781364637
|switch|p2a: Pisces|Alomomola, M, shiny|54/100
|switch|p1a: Scizor|Scizor, M|76/100 par
|turn|21
|
|t:|1781364642
|move|p2a: Pisces|Flip Turn|p1a: Scizor
|-damage|p1a: Scizor|61/100 par
|
|t:|1781364646
|switch|p2a: Overseer|Pecharunt|100/100|[from] Flip Turn
|move|p1a: Scizor|Knock Off|p2a: Overseer
|-supereffective|p2a: Overseer
|-damage|p2a: Overseer|66/100
|
|upkeep
|turn|22
|
|t:|1781364652
|switch|p1a: Volcanion|Volcanion|87/100
|move|p2a: Overseer|Shadow Ball|p1a: Volcanion
|-damage|p1a: Volcanion|70/100
|
|upkeep
|turn|23
|
|t:|1781364658
|switch|p2a: Pisces|Alomomola, M, shiny|88/100
|move|p1a: Volcanion|Steam Eruption|p2a: Pisces
|-resisted|p2a: Pisces
|-damage|p2a: Pisces|70/100
|
|upkeep
|turn|24
|
|t:|1781364664
|move|p1a: Volcanion|Sludge Bomb|p2a: Pisces
|-damage|p2a: Pisces|50/100
|move|p2a: Pisces|Body Slam|p1a: Volcanion
|-damage|p1a: Volcanion|58/100
|
|upkeep
|turn|25
|
|t:|1781364670
|move|p1a: Volcanion|Sludge Bomb|p2a: Pisces
|-damage|p2a: Pisces|32/100
|move|p2a: Pisces|Mirror Coat|p1a: Volcanion
|-damage|p1a: Volcanion|4/100
|
|upkeep
|turn|26
|
|t:|1781364676
|switch|p1a: Scizor|Scizor, M|61/100 par
|move|p2a: Pisces|Body Slam|p1a: Scizor
|-resisted|p1a: Scizor
|-damage|p1a: Scizor|53/100 par
|
|upkeep
|turn|27
|
|t:|1781364684
|move|p2a: Pisces|Body Slam|p1a: Scizor
|-resisted|p1a: Scizor
|-damage|p1a: Scizor|46/100 par
|move|p1a: Scizor|U-turn|p2a: Pisces
|-damage|p2a: Pisces|0 fnt
|faint|p2a: Pisces
|
|t:|1781364690
|switch|p1a: Volcanion|Volcanion|4/100|[from] U-turn
|
|upkeep
|
|t:|1781364692
|switch|p2a: Enten|Landorus-Therian, M, shiny|48/100
|-ability|p2a: Enten|Intimidate|boost
|-unboost|p1a: Volcanion|atk|1
|turn|28
|
|t:|1781364696
|move|p2a: Enten|Earthquake|p1a: Volcanion
|-supereffective|p1a: Volcanion
|-damage|p1a: Volcanion|0 fnt
|faint|p1a: Volcanion
|
|upkeep
|
|t:|1781364700
|switch|p1a: Scizor|Scizor, M|46/100 par
|turn|29
|
|t:|1781364708
|switch|p2a: Khaos|Hoopa-Unbound|100/100
|move|p1a: Scizor|Bullet Punch|p2a: Khaos
|-damage|p2a: Khaos|18/100
|
|upkeep
|turn|30
|
|t:|1781364713
|move|p1a: Scizor|Bullet Punch|p2a: Khaos
|-damage|p2a: Khaos|0 fnt
|faint|p2a: Khaos
|
|upkeep
|
|t:|1781364715
|switch|p2a: Enten|Landorus-Therian, M, shiny|48/100
|-ability|p2a: Enten|Intimidate|boost
|-unboost|p1a: Scizor|atk|1
|turn|31
|
|t:|1781364719
|move|p1a: Scizor|Bullet Punch|p2a: Enten
|-damage|p2a: Enten|11/100
|move|p2a: Enten|Earthquake|p1a: Scizor
|-damage|p1a: Scizor|0 fnt
|faint|p1a: Scizor
|
|win|hawkins0
|raw|Luisowbro's rating: 1671 &rarr; <strong>1660</strong><br />(-11 for losing)
|raw|hawkins0's rating: 1840 &rarr; <strong>1851</strong><br />(+11 for winning)
|l|☆Luisowbro
|player|p1|
|l|☆hawkins0
|player|p2|
