|badge|p2|bronze|gen9ou|100-9
|uhtml|medal-msg|<div class="broadcast-blue">Curious what those medals under the avatar are? PS now has Ladder Seasons! For more information, check out the <a href="https://www.smogon.com/forums/threads/3740067/">thread on Smogon.</a></div>
|j|☆suprya
|j|☆icylikedecember
|t:|1781496765
|gametype|singles
|player|p1|suprya|clown|1699
|player|p2|icylikedecember|smasher|1844
|gen|9
|tier|[Gen 9] OU
|rated|
|rule|HP Percentage Mod: HP is shown in percentages
|rule|Endless Battle Clause: Forcing endless battles is banned
|rule|Species Clause: Limit one of each Pokémon
|rule|OHKO Clause: OHKO moves are banned
|rule|Evasion Items Clause: Evasion items are banned
|rule|Evasion Moves Clause: Evasion moves are banned
|rule|Evasion Abilities Clause: Evasion abilities are banned
|rule|Sleep Moves Clause: Sleep-inducing moves are banned
|clearpoke
|poke|p1|Pelipper, M|
|poke|p1|Hydrapple, M|
|poke|p1|Iron Treads|
|poke|p1|Dragapult, M|
|poke|p1|Slowking-Galar, F|
|poke|p1|Greninja-*, M|
|poke|p2|Corviknight, F|
|poke|p2|Slowking-Galar, F|
|poke|p2|Darkrai|
|poke|p2|Kyurem|
|poke|p2|Zamazenta-*|
|poke|p2|Crawdaunt, M|
|teampreview
|inactive|Battle timer is ON: inactive players will automatically lose when time's up. (requested by suprya)
|
|t:|1781496792
|teamsize|p1|6
|teamsize|p2|6
|start
|switch|p1a: Dragapult|Dragapult, M|100/100
|switch|p2a: Slowking|Slowking-Galar, F, shiny|100/100
|turn|1
|
|t:|1781496795
|move|p1a: Dragapult|U-turn|p2a: Slowking
|-damage|p2a: Slowking|78/100
|
|t:|1781496798
|switch|p1a: Iron Treads|Iron Treads|100/100|[from] U-turn
|move|p2a: Slowking|Ice Beam|p1a: Iron Treads
|-damage|p1a: Iron Treads|76/100
|
|-heal|p1a: Iron Treads|82/100|[from] item: Leftovers
|upkeep
|turn|2
|
|t:|1781496807
|switch|p2a: Corviknight|Corviknight, F, shiny|100/100
|-ability|p2a: Corviknight|Pressure
|move|p1a: Iron Treads|Stealth Rock|p2a: Corviknight
|-sidestart|p2: icylikedecember|move: Stealth Rock
|
|-heal|p1a: Iron Treads|88/100|[from] item: Leftovers
|upkeep
|turn|3
|
|t:|1781496810
|move|p1a: Iron Treads|Knock Off|p2a: Corviknight
|-damage|p2a: Corviknight|85/100
|-damage|p1a: Iron Treads|72/100|[from] item: Rocky Helmet|[of] p2a: Corviknight
|-enditem|p2a: Corviknight|Rocky Helmet|[from] move: Knock Off|[of] p1a: Iron Treads
|move|p2a: Corviknight|Defog|p1a: Iron Treads
|-unboost|p1a: Iron Treads|evasion|1
|-sideend|p2: icylikedecember|Stealth Rock|[from] move: Defog|[of] p2a: Corviknight
|
|-heal|p1a: Iron Treads|78/100|[from] item: Leftovers
|upkeep
|turn|4
|
|t:|1781496821
|move|p1a: Iron Treads|Stealth Rock|p2a: Corviknight
|-sidestart|p2: icylikedecember|move: Stealth Rock
|move|p2a: Corviknight|U-turn|p1a: Iron Treads
|-resisted|p1a: Iron Treads
|-damage|p1a: Iron Treads|73/100
|
|t:|1781496825
|switch|p2a: Darkrai|Darkrai|100/100|[from] U-turn
|-damage|p2a: Darkrai|88/100|[from] Stealth Rock
|
|-heal|p1a: Iron Treads|79/100|[from] item: Leftovers
|upkeep
|turn|5
|
|t:|1781496849
|move|p2a: Darkrai|Focus Blast|p1a: Iron Treads
|-supereffective|p1a: Iron Treads
|-damage|p1a: Iron Treads|0 fnt
|faint|p1a: Iron Treads
|-end|p1a: Iron Treads|Quark Drive|[silent]
|
|upkeep
|
|t:|1781496852
|switch|p1a: Slowking|Slowking-Galar, F|100/100
|turn|6
|
|t:|1781496858
|switch|p2a: Corviknight|Corviknight, F, shiny|85/100
|-damage|p2a: Corviknight|73/100|[from] Stealth Rock
|-ability|p2a: Corviknight|Pressure
|move|p1a: Slowking|Psyshock|p2a: Corviknight
|-resisted|p2a: Corviknight
|-damage|p2a: Corviknight|60/100
|
|upkeep
|turn|7
|
|t:|1781496862
|move|p2a: Corviknight|Defog|p1a: Slowking
|-unboost|p1a: Slowking|evasion|1
|-sideend|p2: icylikedecember|Stealth Rock|[from] move: Defog|[of] p2a: Corviknight
|move|p1a: Slowking|Surf|p2a: Corviknight
|-damage|p2a: Corviknight|32/100
|
|upkeep
|turn|8
|
|t:|1781496865
|switch|p1a: Greninja|Greninja, M|100/100
|move|p2a: Corviknight|Roost|p2a: Corviknight
|-heal|p2a: Corviknight|82/100
|-singleturn|p2a: Corviknight|move: Roost
|
|upkeep
|turn|9
|
|t:|1781496871
|move|p1a: Greninja|Hydro Pump|p2a: Corviknight|[miss]
|-miss|p1a: Greninja|p2a: Corviknight
|move|p2a: Corviknight|U-turn|p1a: Greninja
|-supereffective|p1a: Greninja
|-damage|p1a: Greninja|51/100
|-message|suprya forfeited.
|
|win|icylikedecember
|raw|suprya's rating: 1699 &rarr; <strong>1687</strong><br />(-12 for losing)
|raw|icylikedecember's rating: 1844 &rarr; <strong>1856</strong><br />(+12 for winning)
|l|☆suprya
|player|p1|
|l|☆icylikedecember
|player|p2|
