|j|☆ur doggo
|j|☆OUZQ Crocodile
|t:|1781352734
|gametype|singles
|player|p1|ur doggo|169|1611
|player|p2|OUZQ Crocodile|101|1662
|gen|9
|tier|[Gen 9] OU
|rated|
|rule|HP Percentage Mod: HP is shown in percentages
|rule|Endless Battle Clause: Forcing endless battles is banned
|rule|Species Clause: Limit one of each Pokémon
|rule|OHKO Clause: OHKO moves are banned
|rule|Evasion Items Clause: Evasion items are banned
|rule|Evasion Moves Clause: Evasion moves are banned
|rule|Evasion Abilities Clause: Evasion abilities are banned
|rule|Sleep Moves Clause: Sleep-inducing moves are banned
|clearpoke
|poke|p1|Latios, M|
|poke|p1|Darkrai|
|poke|p1|Ting-Lu|
|poke|p1|Corviknight, M|
|poke|p1|Dragonite, M|
|poke|p1|Clefable, M|
|poke|p2|Houndstone, M|
|poke|p2|Tyranitar, F|
|poke|p2|Excadrill, M|
|poke|p2|Keldeo|
|poke|p2|Sinistcha|
|poke|p2|Moltres|
|teampreview
|inactive|Battle timer is ON: inactive players will automatically lose when time's up. (requested by OUZQ Crocodile)
|
|t:|1781352778
|teamsize|p1|6
|teamsize|p2|6
|start
|switch|p1a: Clefable|Clefable, M|100/100
|switch|p2a: Tyranitar|Tyranitar, F|100/100
|-weather|Sandstorm|[from] ability: Sand Stream|[of] p2a: Tyranitar
|turn|1
|
|t:|1781352786
|move|p2a: Tyranitar|Stealth Rock|p1a: Clefable
|-sidestart|p1: ur doggo|move: Stealth Rock
|move|p1a: Clefable|Knock Off|p2a: Tyranitar
|-resisted|p2a: Tyranitar
|-damage|p2a: Tyranitar|94/100
|-enditem|p2a: Tyranitar|Heavy-Duty Boots|[from] move: Knock Off|[of] p1a: Clefable
|
|-weather|Sandstorm|[upkeep]
|upkeep
|turn|2
|
|t:|1781352794
|switch|p2a: Excadrill|Excadrill, M|100/100
|-item|p2a: Excadrill|Air Balloon
|move|p1a: Clefable|Stealth Rock|p2a: Excadrill
|-sidestart|p2: OUZQ Crocodile|move: Stealth Rock
|
|-weather|Sandstorm|[upkeep]
|upkeep
|turn|3
|
|t:|1781352804
|switch|p1a: Corviknight|Corviknight, M|100/100
|-damage|p1a: Corviknight|88/100|[from] Stealth Rock
|-ability|p1a: Corviknight|Pressure
|move|p2a: Excadrill|Swords Dance|p2a: Excadrill
|-boost|p2a: Excadrill|atk|2
|
|-weather|Sandstorm|[upkeep]
|-heal|p1a: Corviknight|94/100|[from] item: Leftovers
|upkeep
|turn|4
|
|t:|1781352816
|move|p2a: Excadrill|Rock Slide|p1a: Corviknight
|-damage|p1a: Corviknight|48/100
|move|p1a: Corviknight|Bulk Up|p1a: Corviknight
|-boost|p1a: Corviknight|atk|1
|-boost|p1a: Corviknight|def|1
|
|-weather|Sandstorm|[upkeep]
|-heal|p1a: Corviknight|54/100|[from] item: Leftovers
|upkeep
|turn|5
|
|t:|1781352822
|move|p2a: Excadrill|Rock Slide|p1a: Corviknight
|-damage|p1a: Corviknight|24/100
|move|p1a: Corviknight|Roost|p1a: Corviknight
|-heal|p1a: Corviknight|74/100
|-singleturn|p1a: Corviknight|move: Roost
|
|-weather|none
|-heal|p1a: Corviknight|80/100|[from] item: Leftovers
|upkeep
|turn|6
|
|t:|1781352830
|switch|p2a: Moltres|Moltres|100/100
|move|p1a: Corviknight|Brave Bird|p2a: Moltres
|-crit|p2a: Moltres
|-damage|p2a: Moltres|18/100
|-damage|p1a: Corviknight|54/100|[from] Recoil
|
|-heal|p1a: Corviknight|60/100|[from] item: Leftovers
|upkeep
|turn|7
|
|t:|1781352839
|switch|p1a: Clefable|Clefable, M|100/100
|move|p2a: Moltres|Roost|p2a: Moltres
|-heal|p2a: Moltres|68/100
|-singleturn|p2a: Moltres|move: Roost
|
|upkeep
|turn|8
|
|t:|1781352843
|move|p2a: Moltres|U-turn|p1a: Clefable
|-resisted|p1a: Clefable
|-damage|p1a: Clefable|95/100
|-damage|p2a: Moltres|52/100|[from] item: Rocky Helmet|[of] p1a: Clefable
|
|t:|1781352849
|switch|p2a: Excadrill|Excadrill, M|100/100|[from] U-turn
|-damage|p2a: Excadrill|97/100|[from] Stealth Rock
|-item|p2a: Excadrill|Air Balloon
|move|p1a: Clefable|Knock Off|p2a: Excadrill
|-damage|p2a: Excadrill|76/100
|-enditem|p2a: Excadrill|Air Balloon
|
|upkeep
|turn|9
|
|t:|1781352853
|switch|p1a: Corviknight|Corviknight, M|60/100
|-damage|p1a: Corviknight|47/100|[from] Stealth Rock
|-ability|p1a: Corviknight|Pressure
|move|p2a: Excadrill|Rapid Spin|p1a: Corviknight
|-resisted|p1a: Corviknight
|-damage|p1a: Corviknight|39/100
|-boost|p2a: Excadrill|spe|1
|-sideend|p2: OUZQ Crocodile|Stealth Rock|[from] move: Rapid Spin|[of] p2a: Excadrill
|
|-heal|p1a: Corviknight|45/100|[from] item: Leftovers
|upkeep
|turn|10
|
|t:|1781352860
|switch|p2a: Houndstone|Houndstone, M|100/100
|move|p1a: Corviknight|Roost|p1a: Corviknight
|-heal|p1a: Corviknight|95/100
|-singleturn|p1a: Corviknight|move: Roost
|
|-heal|p1a: Corviknight|100/100|[from] item: Leftovers
|upkeep
|turn|11
|
|t:|1781352869
|move|p2a: Houndstone|Play Rough|p1a: Corviknight
|-resisted|p1a: Corviknight
|-damage|p1a: Corviknight|81/100
|move|p1a: Corviknight|U-turn|p2a: Houndstone
|-resisted|p2a: Houndstone
|-damage|p2a: Houndstone|91/100
|
|t:|1781352878
|switch|p1a: Clefable|Clefable, M|95/100|[from] U-turn
|
|upkeep
|turn|12
|
|t:|1781352904
|switch|p2a: Excadrill|Excadrill, M|76/100
|move|p1a: Clefable|Stealth Rock|p2a: Excadrill
|-sidestart|p2: OUZQ Crocodile|move: Stealth Rock
|
|upkeep
|turn|13
|
|t:|1781352910
|switch|p1a: Corviknight|Corviknight, M|81/100
|-damage|p1a: Corviknight|69/100|[from] Stealth Rock
|-ability|p1a: Corviknight|Pressure
|move|p2a: Excadrill|Rapid Spin|p1a: Corviknight
|-resisted|p1a: Corviknight
|-damage|p1a: Corviknight|61/100
|-boost|p2a: Excadrill|spe|1
|-sideend|p2: OUZQ Crocodile|Stealth Rock|[from] move: Rapid Spin|[of] p2a: Excadrill
|
|-heal|p1a: Corviknight|67/100|[from] item: Leftovers
|upkeep
|turn|14
|
|t:|1781352932
|switch|p2a: Moltres|Moltres|52/100
|switch|p1a: Darkrai|Darkrai|100/100
|
|upkeep
|turn|15
|
|t:|1781352940
|switch|p2a: Tyranitar|Tyranitar, F|94/100
|-weather|Sandstorm|[from] ability: Sand Stream|[of] p2a: Tyranitar
|move|p1a: Darkrai|Will-O-Wisp|p2a: Tyranitar
|-status|p2a: Tyranitar|brn
|
|-weather|Sandstorm|[upkeep]
|-damage|p1a: Darkrai|94/100|[from] Sandstorm
|-damage|p2a: Tyranitar|88/100 brn|[from] brn
|upkeep
|turn|16
|
|t:|1781352952
|switch|p1a: Clefable|Clefable, M|95/100
|switch|p2a: Houndstone|Houndstone, M|91/100
|
|-weather|Sandstorm|[upkeep]
|upkeep
|turn|17
|
|t:|1781352963
|move|p2a: Houndstone|Play Rough|p1a: Clefable
|-damage|p1a: Clefable|59/100
|-damage|p2a: Houndstone|74/100|[from] item: Rocky Helmet|[of] p1a: Clefable
|move|p1a: Clefable|Knock Off|p2a: Houndstone
|-supereffective|p2a: Houndstone
|-damage|p2a: Houndstone|38/100
|-enditem|p2a: Houndstone|Choice Band|[from] move: Knock Off|[of] p1a: Clefable
|
|-weather|Sandstorm|[upkeep]
|upkeep
|turn|18
|
|t:|1781352980
|move|p2a: Houndstone|Poltergeist|p1a: Clefable
|-activate|p1a: Clefable|move: Poltergeist|Rocky Helmet
|-damage|p1a: Clefable|20/100
|move|p1a: Clefable|Moonlight|p1a: Clefable
|-heal|p1a: Clefable|44/100
|
|-weather|Sandstorm|[upkeep]
|upkeep
|turn|19
|-message|OUZQ Crocodile forfeited.
|
|win|ur doggo
|raw|ur doggo's rating: 1611 &rarr; <strong>1634</strong><br />(+23 for winning)
|raw|OUZQ Crocodile's rating: 1662 &rarr; <strong>1639</strong><br />(-23 for losing)
|l|☆ur doggo
|player|p1|
|l|☆OUZQ Crocodile
|player|p2|
