|j|☆wizardrex
|j|☆KurisuChestnutOU
|t:|1781136021
|gametype|singles
|player|p1|wizardrex|2|1569
|player|p2|KurisuChestnutOU|may-contest|1566
|gen|9
|tier|[Gen 9] OU
|rated|
|rule|HP Percentage Mod: HP is shown in percentages
|rule|Endless Battle Clause: Forcing endless battles is banned
|rule|Species Clause: Limit one of each Pokémon
|rule|OHKO Clause: OHKO moves are banned
|rule|Evasion Items Clause: Evasion items are banned
|rule|Evasion Moves Clause: Evasion moves are banned
|rule|Evasion Abilities Clause: Evasion abilities are banned
|rule|Sleep Moves Clause: Sleep-inducing moves are banned
|clearpoke
|poke|p1|Ting-Lu|
|poke|p1|Garganacl, F|
|poke|p1|Slowking-Galar, F|
|poke|p1|Kyurem|
|poke|p1|Corviknight, F|
|poke|p1|Cinderace, F|
|poke|p2|Kingambit, F|
|poke|p2|Kommo-o, M|
|poke|p2|Iron Valiant|
|poke|p2|Kyurem|
|poke|p2|Iron Treads|
|poke|p2|Iron Crown|
|teampreview
|inactive|Battle timer is ON: inactive players will automatically lose when time's up. (requested by KurisuChestnutOU)
|
|t:|1781136039
|teamsize|p1|6
|teamsize|p2|6
|start
|switch|p1a: Kyurem|Kyurem|100/100
|switch|p2a: Kyurem|Kyurem|100/100
|-ability|p1a: Kyurem|Pressure
|-ability|p2a: Kyurem|Pressure
|turn|1
|
|t:|1781136043
|move|p1a: Kyurem|Protect|p1a: Kyurem
|-singleturn|p1a: Kyurem|Protect
|move|p2a: Kyurem|Scale Shot|p1a: Kyurem
|-activate|p1a: Kyurem|move: Protect
|
|upkeep
|turn|2
|
|t:|1781136051
|switch|p1a: Ting-Lu|Ting-Lu|100/100
|-ability|p1a: Ting-Lu|Vessel of Ruin
|move|p2a: Kyurem|Dragon Dance|p2a: Kyurem
|-boost|p2a: Kyurem|atk|1
|-boost|p2a: Kyurem|spe|1
|
|upkeep
|turn|3
|
|t:|1781136058
|move|p2a: Kyurem|Icicle Spear|p1a: Ting-Lu
|-supereffective|p1a: Ting-Lu
|-damage|p1a: Ting-Lu|81/100
|-supereffective|p1a: Ting-Lu
|-damage|p1a: Ting-Lu|60/100
|-supereffective|p1a: Ting-Lu
|-damage|p1a: Ting-Lu|39/100
|-supereffective|p1a: Ting-Lu
|-damage|p1a: Ting-Lu|18/100
|-hitcount|p1a: Ting-Lu|4
|move|p1a: Ting-Lu|Whirlwind|p2a: Kyurem
|drag|p2a: Iron Valiant|Iron Valiant|100/100
|-enditem|p2a: Iron Valiant|Booster Energy
|-activate|p2a: Iron Valiant|ability: Quark Drive|[fromitem]
|-start|p2a: Iron Valiant|quarkdrivespe
|
|-heal|p1a: Ting-Lu|25/100|[from] item: Leftovers
|upkeep
|turn|4
|
|t:|1781136068
|move|p2a: Iron Valiant|Moonblast|p1a: Ting-Lu
|-supereffective|p1a: Ting-Lu
|-damage|p1a: Ting-Lu|0 fnt
|faint|p1a: Ting-Lu
|
|upkeep
|
|t:|1781136071
|switch|p1a: Slowking|Slowking-Galar, F|100/100
|turn|5
|
|t:|1781136075
|-end|p2a: Iron Valiant|Quark Drive|[silent]
|switch|p2a: Kingambit|Kingambit, F|100/100
|move|p1a: Slowking|Future Sight|p2a: Kingambit
|-start|p1a: Slowking|move: Future Sight
|
|upkeep
|turn|6
|
|t:|1781136080
|move|p2a: Kingambit|Swords Dance|p2a: Kingambit
|-boost|p2a: Kingambit|atk|2
|-prepare|p1a: Slowking|Chilly Reception|[premajor]
|move|p1a: Slowking|Chilly Reception|p1a: Slowking
|-weather|Snowscape
|
|t:|1781136082
|switch|p1a: Cinderace|Cinderace, F|100/100|[from] Chilly Reception
|
|-weather|Snowscape|[upkeep]
|upkeep
|turn|7
|
|t:|1781136085
|move|p1a: Cinderace|Will-O-Wisp|p2a: Kingambit
|-status|p2a: Kingambit|brn
|move|p2a: Kingambit|Iron Head|p1a: Cinderace
|-resisted|p1a: Cinderace
|-damage|p1a: Cinderace|72/100
|
|-weather|Snowscape|[upkeep]
|-end|p2a: Kingambit|move: Future Sight
|-immune|p2a: Kingambit
|-damage|p2a: Kingambit|94/100 brn|[from] brn
|upkeep
|turn|8
|
|t:|1781136092
|move|p2a: Kingambit|Sucker Punch|p1a: Cinderace
|-damage|p1a: Cinderace|21/100
|move|p1a: Cinderace|Pyro Ball|p2a: Kingambit
|-supereffective|p2a: Kingambit
|-damage|p2a: Kingambit|8/100 brn
|
|-weather|Snowscape|[upkeep]
|-heal|p2a: Kingambit|15/100 brn|[from] item: Leftovers
|-damage|p2a: Kingambit|8/100 brn|[from] brn
|upkeep
|turn|9
|
|t:|1781136102
|switch|p1a: Corviknight|Corviknight, F|100/100
|-ability|p1a: Corviknight|Pressure
|move|p2a: Kingambit|Low Kick|p1a: Corviknight
|-damage|p1a: Corviknight|81/100
|
|-weather|Snowscape|[upkeep]
|-heal|p2a: Kingambit|15/100 brn|[from] item: Leftovers
|-heal|p1a: Corviknight|88/100|[from] item: Leftovers
|-damage|p2a: Kingambit|8/100 brn|[from] brn
|upkeep
|turn|10
|
|t:|1781136110
|-end|p2a: Kingambit|fallenundefined|[silent]
|switch|p2a: Kommo-o|Kommo-o, M|100/100
|move|p1a: Corviknight|U-turn|p2a: Kommo-o
|-resisted|p2a: Kommo-o
|-crit|p2a: Kommo-o
|-damage|p2a: Kommo-o|92/100
|
|t:|1781136114
|switch|p1a: Kyurem|Kyurem|100/100|[from] U-turn
|-ability|p1a: Kyurem|Pressure
|
|-weather|none
|-heal|p2a: Kommo-o|98/100|[from] item: Leftovers
|upkeep
|turn|11
|
|t:|1781136121
|-terastallize|p2a: Kommo-o|Ghost
|move|p1a: Kyurem|Substitute|p1a: Kyurem
|-start|p1a: Kyurem|Substitute
|-damage|p1a: Kyurem|75/100
|move|p2a: Kommo-o|Clangorous Soul|p2a: Kommo-o
|-boost|p2a: Kommo-o|atk|1
|-boost|p2a: Kommo-o|def|1
|-boost|p2a: Kommo-o|spa|1
|-boost|p2a: Kommo-o|spd|1
|-boost|p2a: Kommo-o|spe|1
|-damage|p2a: Kommo-o|65/100
|
|-heal|p2a: Kommo-o|72/100|[from] item: Leftovers
|-heal|p1a: Kyurem|82/100|[from] item: Leftovers
|upkeep
|turn|12
|
|t:|1781136137
|-terastallize|p1a: Kyurem|Ground
|move|p2a: Kommo-o|Drain Punch|p1a: Kyurem
|-end|p1a: Kyurem|Substitute
|-heal|p2a: Kommo-o|86/100|[from] drain|[of] p1a: Kyurem
|move|p1a: Kyurem|Earth Power|p2a: Kommo-o
|-damage|p2a: Kommo-o|60/100
|
|-heal|p2a: Kommo-o|66/100|[from] item: Leftovers
|-heal|p1a: Kyurem|88/100|[from] item: Leftovers
|upkeep
|turn|13
|
|t:|1781136145
|switch|p1a: Cinderace|Cinderace, F|21/100
|move|p2a: Kommo-o|Clangorous Soul|p2a: Kommo-o
|-boost|p2a: Kommo-o|atk|1
|-boost|p2a: Kommo-o|def|1
|-boost|p2a: Kommo-o|spa|1
|-boost|p2a: Kommo-o|spd|1
|-boost|p2a: Kommo-o|spe|1
|-damage|p2a: Kommo-o|33/100
|
|-heal|p2a: Kommo-o|40/100|[from] item: Leftovers
|upkeep
|turn|14
|
|t:|1781136151
|move|p2a: Kommo-o|Drain Punch|p1a: Cinderace
|-damage|p1a: Cinderace|0 fnt
|-heal|p2a: Kommo-o|50/100|[from] drain|[of] p1a: Cinderace
|faint|p1a: Cinderace
|
|-heal|p2a: Kommo-o|56/100|[from] item: Leftovers
|upkeep
|
|t:|1781136154
|switch|p1a: Slowking|Slowking-Galar, F|100/100
|turn|15
|
|t:|1781136163
|move|p2a: Kommo-o|Shadow Claw|p1a: Slowking
|-supereffective|p1a: Slowking
|-damage|p1a: Slowking|0 fnt
|faint|p1a: Slowking
|
|-heal|p2a: Kommo-o|63/100|[from] item: Leftovers
|upkeep
|
|t:|1781136167
|switch|p1a: Garganacl|Garganacl, F|100/100
|turn|16
|
|t:|1781136174
|move|p2a: Kommo-o|Drain Punch|p1a: Garganacl
|-supereffective|p1a: Garganacl
|-damage|p1a: Garganacl|44/100
|-heal|p2a: Kommo-o|95/100|[from] drain|[of] p1a: Garganacl
|move|p1a: Garganacl|Salt Cure|p2a: Kommo-o
|-damage|p2a: Kommo-o|89/100
|-start|p2a: Kommo-o|Salt Cure
|
|-heal|p2a: Kommo-o|95/100|[from] item: Leftovers
|-heal|p1a: Garganacl|50/100|[from] item: Leftovers
|-damage|p2a: Kommo-o|83/100|[from] Salt Cure
|upkeep
|turn|17
|
|t:|1781136184
|move|p1a: Garganacl|Protect|p1a: Garganacl
|-singleturn|p1a: Garganacl|Protect
|move|p2a: Kommo-o|Drain Punch|p1a: Garganacl
|-activate|p1a: Garganacl|move: Protect
|
|-heal|p2a: Kommo-o|89/100|[from] item: Leftovers
|-heal|p1a: Garganacl|56/100|[from] item: Leftovers
|-damage|p2a: Kommo-o|77/100|[from] Salt Cure
|upkeep
|turn|18
|
|t:|1781136188
|switch|p1a: Corviknight|Corviknight, F|88/100
|-ability|p1a: Corviknight|Pressure
|move|p2a: Kommo-o|Drain Punch|p1a: Corviknight
|-damage|p1a: Corviknight|52/100
|-heal|p2a: Kommo-o|97/100|[from] drain|[of] p1a: Corviknight
|
|-heal|p2a: Kommo-o|100/100|[from] item: Leftovers
|-heal|p1a: Corviknight|58/100|[from] item: Leftovers
|-damage|p2a: Kommo-o|88/100|[from] Salt Cure
|upkeep
|turn|19
|
|t:|1781136194
|move|p2a: Kommo-o|Clangorous Soul|p2a: Kommo-o
|-boost|p2a: Kommo-o|atk|1
|-boost|p2a: Kommo-o|def|1
|-boost|p2a: Kommo-o|spa|1
|-boost|p2a: Kommo-o|spd|1
|-boost|p2a: Kommo-o|spe|1
|-damage|p2a: Kommo-o|55/100
|move|p1a: Corviknight|Roost|p1a: Corviknight
|-heal|p1a: Corviknight|100/100
|-singleturn|p1a: Corviknight|move: Roost
|
|-heal|p2a: Kommo-o|61/100|[from] item: Leftovers
|-damage|p2a: Kommo-o|49/100|[from] Salt Cure
|upkeep
|turn|20
|
|t:|1781136198
|move|p2a: Kommo-o|Drain Punch|p1a: Corviknight
|-damage|p1a: Corviknight|58/100
|-heal|p2a: Kommo-o|73/100|[from] drain|[of] p1a: Corviknight
|move|p1a: Corviknight|Iron Defense|p1a: Corviknight
|-boost|p1a: Corviknight|def|2
|
|-heal|p2a: Kommo-o|79/100|[from] item: Leftovers
|-heal|p1a: Corviknight|64/100|[from] item: Leftovers
|-damage|p2a: Kommo-o|67/100|[from] Salt Cure
|upkeep
|turn|21
|
|t:|1781136205
|move|p2a: Kommo-o|Drain Punch|p1a: Corviknight
|-damage|p1a: Corviknight|42/100
|-heal|p2a: Kommo-o|79/100|[from] drain|[of] p1a: Corviknight
|move|p1a: Corviknight|Iron Defense|p1a: Corviknight
|-boost|p1a: Corviknight|def|2
|
|-heal|p2a: Kommo-o|86/100|[from] item: Leftovers
|-heal|p1a: Corviknight|48/100|[from] item: Leftovers
|-damage|p2a: Kommo-o|73/100|[from] Salt Cure
|upkeep
|turn|22
|
|t:|1781136210
|move|p2a: Kommo-o|Shadow Claw|p1a: Corviknight
|-damage|p1a: Corviknight|34/100
|move|p1a: Corviknight|Roost|p1a: Corviknight
|-heal|p1a: Corviknight|84/100
|-singleturn|p1a: Corviknight|move: Roost
|
|-heal|p2a: Kommo-o|79/100|[from] item: Leftovers
|-heal|p1a: Corviknight|90/100|[from] item: Leftovers
|-damage|p2a: Kommo-o|67/100|[from] Salt Cure
|upkeep
|turn|23
|
|t:|1781136222
|move|p2a: Kommo-o|Clangorous Soul|p2a: Kommo-o
|-boost|p2a: Kommo-o|atk|1
|-boost|p2a: Kommo-o|def|1
|-boost|p2a: Kommo-o|spa|1
|-boost|p2a: Kommo-o|spd|1
|-boost|p2a: Kommo-o|spe|1
|-damage|p2a: Kommo-o|34/100
|move|p1a: Corviknight|Iron Defense|p1a: Corviknight
|-boost|p1a: Corviknight|def|2
|
|-heal|p2a: Kommo-o|40/100|[from] item: Leftovers
|-heal|p1a: Corviknight|96/100|[from] item: Leftovers
|-damage|p2a: Kommo-o|28/100|[from] Salt Cure
|upkeep
|turn|24
|
|t:|1781136239
|move|p2a: Kommo-o|Shadow Claw|p1a: Corviknight
|-damage|p1a: Corviknight|83/100
|move|p1a: Corviknight|U-turn|p2a: Kommo-o
|-resisted|p2a: Kommo-o
|-damage|p2a: Kommo-o|26/100
|
|t:|1781136245
|switch|p1a: Garganacl|Garganacl, F|56/100|[from] U-turn
|
|-heal|p2a: Kommo-o|32/100|[from] item: Leftovers
|-heal|p1a: Garganacl|63/100|[from] item: Leftovers
|-damage|p2a: Kommo-o|20/100|[from] Salt Cure
|upkeep
|turn|25
|
|t:|1781136249
|move|p1a: Garganacl|Protect|p1a: Garganacl
|-singleturn|p1a: Garganacl|Protect
|move|p2a: Kommo-o|Drain Punch|p1a: Garganacl
|-activate|p1a: Garganacl|move: Protect
|
|-heal|p2a: Kommo-o|26/100|[from] item: Leftovers
|-heal|p1a: Garganacl|69/100|[from] item: Leftovers
|-damage|p2a: Kommo-o|13/100|[from] Salt Cure
|upkeep
|turn|26
|
|t:|1781136252
|switch|p1a: Corviknight|Corviknight, F|83/100
|-ability|p1a: Corviknight|Pressure
|move|p2a: Kommo-o|Drain Punch|p1a: Corviknight
|-damage|p1a: Corviknight|35/100
|-heal|p2a: Kommo-o|41/100|[from] drain|[of] p1a: Corviknight
|
|-heal|p2a: Kommo-o|47/100|[from] item: Leftovers
|-heal|p1a: Corviknight|42/100|[from] item: Leftovers
|-damage|p2a: Kommo-o|34/100|[from] Salt Cure
|upkeep
|turn|27
|-message|wizardrex forfeited.
|
|win|KurisuChestnutOU
|raw|wizardrex's rating: 1569 &rarr; <strong>1545</strong><br />(-24 for losing)
|raw|KurisuChestnutOU's rating: 1503 &rarr; <strong>1527</strong><br />(+24 for winning)
|l|☆wizardrex
|player|p1|
