|j|☆Stallazzle
|j|☆Mca Player 11
|t:|1781073838
|gametype|singles
|player|p1|Stallazzle|169|1517
|player|p2|Mca Player 11|skierf|1561
|gen|9
|tier|[Gen 9] OU
|rated|
|rule|HP Percentage Mod: HP is shown in percentages
|rule|Endless Battle Clause: Forcing endless battles is banned
|rule|Species Clause: Limit one of each Pokémon
|rule|OHKO Clause: OHKO moves are banned
|rule|Evasion Items Clause: Evasion items are banned
|rule|Evasion Moves Clause: Evasion moves are banned
|rule|Evasion Abilities Clause: Evasion abilities are banned
|rule|Sleep Moves Clause: Sleep-inducing moves are banned
|clearpoke
|poke|p1|Salazzle, F|
|poke|p1|Gliscor, M|
|poke|p1|Alomomola, F|
|poke|p1|Corviknight, M|
|poke|p1|Dondozo, M|
|poke|p1|Blissey, F|
|poke|p2|Deoxys-Speed|
|poke|p2|Iron Moth|
|poke|p2|Zamazenta-*|
|poke|p2|Gholdengo|
|poke|p2|Rillaboom, M|
|poke|p2|Iron Jugulis|
|teampreview
|inactive|Battle timer is ON: inactive players will automatically lose when time's up. (requested by Stallazzle)
|
|t:|1781073845
|teamsize|p1|6
|teamsize|p2|6
|start
|switch|p1a: Gliscor|Gliscor, M|100/100
|switch|p2a: Deoxys|Deoxys-Speed|100/100
|-ability|p2a: Deoxys|Pressure
|turn|1
|
|t:|1781073853
|move|p2a: Deoxys|Taunt|p1a: Gliscor
|-start|p1a: Gliscor|move: Taunt
|move|p1a: Gliscor|Knock Off|p2a: Deoxys
|-supereffective|p2a: Deoxys
|-damage|p2a: Deoxys|52/100
|-damage|p1a: Gliscor|84/100|[from] item: Rocky Helmet|[of] p2a: Deoxys
|-enditem|p2a: Deoxys|Rocky Helmet|[from] move: Knock Off|[of] p1a: Gliscor
|
|-status|p1a: Gliscor|tox|[from] item: Toxic Orb
|upkeep
|turn|2
|j| ice_man_unclee
|
|t:|1781073864
|move|p2a: Deoxys|Stealth Rock|p1a: Gliscor
|-sidestart|p1: Stallazzle|move: Stealth Rock
|move|p1a: Gliscor|Knock Off|p2a: Deoxys
|-supereffective|p2a: Deoxys
|-damage|p2a: Deoxys|13/100
|
|-heal|p1a: Gliscor|96/100 tox|[from] ability: Poison Heal
|upkeep
|turn|3
|
|t:|1781073871
|move|p2a: Deoxys|Pain Split|p1a: Gliscor
|-sethp|p1a: Gliscor|54/100 tox|[from] move: Pain Split|[silent]
|-sethp|p2a: Deoxys|63/100|[from] move: Pain Split
|move|p1a: Gliscor|Knock Off|p2a: Deoxys
|-supereffective|p2a: Deoxys
|-damage|p2a: Deoxys|29/100
|
|-heal|p1a: Gliscor|66/100 tox|[from] ability: Poison Heal
|-end|p1a: Gliscor|move: Taunt
|upkeep
|turn|4
|
|t:|1781073880
|move|p2a: Deoxys|Pain Split|p1a: Gliscor
|-sethp|p1a: Gliscor|45/100 tox|[from] move: Pain Split|[silent]
|-sethp|p2a: Deoxys|53/100|[from] move: Pain Split
|move|p1a: Gliscor|Knock Off|p2a: Deoxys
|-supereffective|p2a: Deoxys
|-damage|p2a: Deoxys|18/100
|
|-heal|p1a: Gliscor|58/100 tox|[from] ability: Poison Heal
|upkeep
|turn|5
|
|t:|1781073889
|move|p2a: Deoxys|Spikes|p1a: Gliscor
|-sidestart|p1: Stallazzle|Spikes
|move|p1a: Gliscor|Knock Off|p2a: Deoxys
|-supereffective|p2a: Deoxys
|-damage|p2a: Deoxys|0 fnt
|faint|p2a: Deoxys
|
|-heal|p1a: Gliscor|70/100 tox|[from] ability: Poison Heal
|upkeep
|
|t:|1781073897
|switch|p2a: Rillaboom|Rillaboom, M, shiny|100/100
|-fieldstart|move: Grassy Terrain|[from] ability: Grassy Surge|[of] p2a: Rillaboom
|turn|6
|
|t:|1781073902
|move|p2a: Rillaboom|Knock Off|p1a: Gliscor
|-damage|p1a: Gliscor|41/100 tox
|-enditem|p1a: Gliscor|Toxic Orb|[from] move: Knock Off|[of] p2a: Rillaboom
|-damage|p2a: Rillaboom|91/100|[from] item: Life Orb
|move|p1a: Gliscor|Toxic|p2a: Rillaboom
|-status|p2a: Rillaboom|tox
|
|-heal|p2a: Rillaboom|97/100 tox|[from] Grassy Terrain
|-damage|p2a: Rillaboom|91/100 tox|[from] psn
|-heal|p1a: Gliscor|54/100 tox|[from] ability: Poison Heal
|upkeep
|turn|7
|
|t:|1781073916
|switch|p2a: Iron Jugulis|Iron Jugulis, shiny|100/100
|-enditem|p2a: Iron Jugulis|Booster Energy
|-activate|p2a: Iron Jugulis|ability: Quark Drive|[fromitem]
|-start|p2a: Iron Jugulis|quarkdrivespe
|move|p1a: Gliscor|Knock Off|p2a: Iron Jugulis
|-resisted|p2a: Iron Jugulis
|-damage|p2a: Iron Jugulis|91/100
|
|-heal|p1a: Gliscor|66/100 tox|[from] ability: Poison Heal
|upkeep
|turn|8
|
|t:|1781073930
|switch|p1a: Blissey|Blissey, F|100/100
|move|p2a: Iron Jugulis|Taunt|p1a: Blissey
|-start|p1a: Blissey|move: Taunt
|
|upkeep
|turn|9
|
|t:|1781073937
|move|p2a: Iron Jugulis|Knock Off|p1a: Blissey
|-crit|p1a: Blissey
|-damage|p1a: Blissey|22/100
|-enditem|p1a: Blissey|Heavy-Duty Boots|[from] move: Knock Off|[of] p2a: Iron Jugulis
|move|p1a: Blissey|Seismic Toss|p2a: Iron Jugulis
|-damage|p2a: Iron Jugulis|61/100
|
|-heal|p1a: Blissey|28/100|[from] Grassy Terrain
|upkeep
|turn|10
|
|t:|1781073948
|move|p2a: Iron Jugulis|Hurricane|p1a: Blissey
|-damage|p1a: Blissey|14/100
|-start|p1a: Blissey|confusion
|-activate|p1a: Blissey|confusion
|-damage|p1a: Blissey|12/100|[from] confusion
|
|-heal|p1a: Blissey|18/100|[from] Grassy Terrain
|-end|p1a: Blissey|move: Taunt
|-fieldend|move: Grassy Terrain
|upkeep
|turn|11
|
|t:|1781073958
|move|p2a: Iron Jugulis|Knock Off|p1a: Blissey
|-damage|p1a: Blissey|0 fnt
|faint|p1a: Blissey
|
|upkeep
|
|t:|1781073965
|switch|p1a: Alomomola|Alomomola, F|100/100
|turn|12
|
|t:|1781073969
|move|p2a: Iron Jugulis|Knock Off|p1a: Alomomola
|-damage|p1a: Alomomola|85/100
|-enditem|p1a: Alomomola|Heavy-Duty Boots|[from] move: Knock Off|[of] p2a: Iron Jugulis
|move|p1a: Alomomola|Scald|p2a: Iron Jugulis
|-damage|p2a: Iron Jugulis|43/100
|
|upkeep
|turn|13
|
|t:|1781073977
|move|p2a: Iron Jugulis|Hurricane|p1a: Alomomola
|-damage|p1a: Alomomola|15/100
|move|p1a: Alomomola|Wish|p1a: Alomomola
|
|upkeep
|turn|14
|
|t:|1781073983
|move|p2a: Iron Jugulis|Knock Off|p1a: Alomomola
|-damage|p1a: Alomomola|5/100
|move|p1a: Alomomola|Flip Turn|p2a: Iron Jugulis
|-damage|p2a: Iron Jugulis|24/100
|
|t:|1781073989
|switch|p1a: Gliscor|Gliscor, M|66/100 tox|[from] Flip Turn
|-damage|p1a: Gliscor|54/100 tox|[from] Stealth Rock
|
|-heal|p1a: Gliscor|100/100 tox|[from] move: Wish|[wisher] Alomomola
|upkeep
|turn|15
|-message|Stallazzle forfeited.
|
|win|Mca Player 11
|raw|Stallazzle's rating: 1517 &rarr; <strong>1500</strong><br />(-17 for losing)
|raw|Mca Player 11's rating: 1561 &rarr; <strong>1578</strong><br />(+17 for winning)
|l|☆Stallazzle
|player|p1|
|l|☆Mca Player 11
|player|p2|
|l| ice_man_unclee
