|j|☆rekjllj
|j|☆tiftif
|t:|1781342116
|gametype|singles
|player|p1|rekjllj|169|1581
|player|p2|tiftif|266|1610
|gen|9
|tier|[Gen 9] OU
|rated|
|rule|HP Percentage Mod: HP is shown in percentages
|rule|Endless Battle Clause: Forcing endless battles is banned
|rule|Species Clause: Limit one of each Pokémon
|rule|OHKO Clause: OHKO moves are banned
|rule|Evasion Items Clause: Evasion items are banned
|rule|Evasion Moves Clause: Evasion moves are banned
|rule|Evasion Abilities Clause: Evasion abilities are banned
|rule|Sleep Moves Clause: Sleep-inducing moves are banned
|clearpoke
|poke|p1|Kingambit, M|
|poke|p1|Kommo-o, F|
|poke|p1|Iron Valiant|
|poke|p1|Kyurem|
|poke|p1|Iron Treads|
|poke|p1|Iron Crown|
|poke|p2|Pelipper, F|
|poke|p2|Iron Treads|
|poke|p2|Barraskewda, M|
|poke|p2|Raging Bolt|
|poke|p2|Talonflame, F|
|poke|p2|Keldeo-Resolute|
|teampreview
|c|☆rekjllj|hf
|inactive|Battle timer is ON: inactive players will automatically lose when time's up. (requested by rekjllj)
|
|t:|1781342132
|teamsize|p1|6
|teamsize|p2|6
|start
|switch|p1a: Kommo-o|Kommo-o, F|100/100
|switch|p2a: Bec qui pend|Pelipper, F|100/100
|-weather|RainDance|[from] ability: Drizzle|[of] p2a: Bec qui pend
|turn|1
|
|t:|1781342138
|switch|p1a: Iron Crown|Iron Crown|100/100
|-enditem|p1a: Iron Crown|Booster Energy
|-activate|p1a: Iron Crown|ability: Quark Drive|[fromitem]
|-start|p1a: Iron Crown|quarkdrivespe
|switch|p2a: Great Tusk Wish|Iron Treads|100/100
|-enditem|p2a: Great Tusk Wish|Booster Energy
|-activate|p2a: Great Tusk Wish|ability: Quark Drive|[fromitem]
|-start|p2a: Great Tusk Wish|quarkdrivespe
|
|-weather|RainDance|[upkeep]
|upkeep
|turn|2
|
|t:|1781342143
|-end|p1a: Iron Crown|Quark Drive|[silent]
|switch|p1a: Kommo-o|Kommo-o, F|100/100
|move|p2a: Great Tusk Wish|Earthquake|p1a: Kommo-o
|-damage|p1a: Kommo-o|63/100
|
|-weather|RainDance|[upkeep]
|-heal|p1a: Kommo-o|69/100|[from] item: Leftovers
|upkeep
|turn|3
|
|t:|1781342149
|move|p2a: Great Tusk Wish|Stealth Rock|p1a: Kommo-o
|-sidestart|p1: rekjllj|move: Stealth Rock
|move|p1a: Kommo-o|Drain Punch|p2a: Great Tusk Wish
|-supereffective|p2a: Great Tusk Wish
|-damage|p2a: Great Tusk Wish|50/100
|-heal|p1a: Kommo-o|92/100|[from] drain|[of] p2a: Great Tusk Wish
|
|-weather|RainDance|[upkeep]
|-heal|p1a: Kommo-o|99/100|[from] item: Leftovers
|upkeep
|turn|4
|inactive|tiftif has 120 seconds left.
|inactive|tiftif has 90 seconds left.
|inactive|tiftif has 60 seconds left.
|inactive|tiftif has 30 seconds left.
|inactive|tiftif has 20 seconds left.
|
|t:|1781342283
|move|p2a: Great Tusk Wish|Ice Spinner|p1a: Kommo-o
|-supereffective|p1a: Kommo-o
|-damage|p1a: Kommo-o|57/100
|move|p1a: Kommo-o|Drain Punch|p2a: Great Tusk Wish
|-supereffective|p2a: Great Tusk Wish
|-damage|p2a: Great Tusk Wish|0 fnt
|-heal|p1a: Kommo-o|80/100|[from] drain|[of] p2a: Great Tusk Wish
|faint|p2a: Great Tusk Wish
|-end|p2a: Great Tusk Wish|Quark Drive|[silent]
|
|-weather|RainDance|[upkeep]
|-heal|p1a: Kommo-o|86/100|[from] item: Leftovers
|upkeep
|inactive|tiftif has 25 seconds left this turn.
|inactive|tiftif has 20 seconds left.
|inactive|tiftif has 15 seconds left.
|
|t:|1781342293
|switch|p2a: Le Talon Ducul|Talonflame, F|100/100
|turn|5
|inactive|tiftif has 25 seconds left this turn.
|
|t:|1781342299
|switch|p1a: Iron Valiant|Iron Valiant|100/100
|-damage|p1a: Iron Valiant|94/100|[from] Stealth Rock
|-enditem|p1a: Iron Valiant|Booster Energy
|-activate|p1a: Iron Valiant|ability: Quark Drive|[fromitem]
|-start|p1a: Iron Valiant|quarkdrivespe
|move|p2a: Le Talon Ducul|Hurricane|p1a: Iron Valiant
|-supereffective|p1a: Iron Valiant
|-damage|p1a: Iron Valiant|0 fnt
|faint|p1a: Iron Valiant
|-end|p1a: Iron Valiant|Quark Drive|[silent]
|
|-weather|RainDance|[upkeep]
|upkeep
|
|t:|1781342305
|switch|p1a: Iron Crown|Iron Crown|100/100
|-damage|p1a: Iron Crown|94/100|[from] Stealth Rock
|turn|6
|
|t:|1781342311
|switch|p2a: Sophie|Raging Bolt|100/100
|-enditem|p2a: Sophie|Booster Energy
|-activate|p2a: Sophie|ability: Protosynthesis|[fromitem]
|-start|p2a: Sophie|protosynthesisspa
|move|p1a: Iron Crown|Psychic Noise|p2a: Sophie
|-damage|p2a: Sophie|69/100
|-start|p2a: Sophie|move: Heal Block
|
|-weather|RainDance|[upkeep]
|upkeep
|turn|7
|
|t:|1781342325
|-end|p1a: Iron Crown|Quark Drive|[silent]
|switch|p1a: Iron Treads|Iron Treads|100/100
|-damage|p1a: Iron Treads|98/100|[from] Stealth Rock
|-enditem|p1a: Iron Treads|Booster Energy
|-activate|p1a: Iron Treads|ability: Quark Drive|[fromitem]
|-start|p1a: Iron Treads|quarkdrivespe
|move|p2a: Sophie|Weather Ball|p1a: Iron Treads
|-supereffective|p1a: Iron Treads
|-damage|p1a: Iron Treads|0 fnt
|faint|p1a: Iron Treads
|-end|p1a: Iron Treads|Quark Drive|[silent]
|
|-weather|RainDance|[upkeep]
|-end|p2a: Sophie|move: Heal Block
|upkeep
|
|t:|1781342331
|switch|p1a: Kyurem|Kyurem|100/100
|-damage|p1a: Kyurem|76/100|[from] Stealth Rock
|-ability|p1a: Kyurem|Pressure
|turn|8
|inactive|tiftif has 30 seconds left.
|inactive|tiftif has 20 seconds left.
|
|t:|1781342367
|move|p1a: Kyurem|Icicle Spear|p2a: Sophie
|-supereffective|p2a: Sophie
|-damage|p2a: Sophie|44/100
|-supereffective|p2a: Sophie
|-damage|p2a: Sophie|20/100
|-supereffective|p2a: Sophie
|-damage|p2a: Sophie|0 fnt
|faint|p2a: Sophie
|-end|p2a: Sophie|Protosynthesis|[silent]
|-hitcount|p2: Sophie|3
|
|-weather|none
|upkeep
|inactive|tiftif has 25 seconds left this turn.
|inactive|tiftif has 20 seconds left.
|inactive|tiftif has 15 seconds left.
|inactive|tiftif has 10 seconds left.
|
|t:|1781342383
|switch|p2a: Haskwakoubeh|Barraskewda, M|100/100
|turn|9
|inactive|tiftif has 20 seconds left this turn.
|
|t:|1781342389
|move|p2a: Haskwakoubeh|Close Combat|p1a: Kyurem
|-supereffective|p1a: Kyurem
|-damage|p1a: Kyurem|0 fnt
|-unboost|p2a: Haskwakoubeh|def|1
|-unboost|p2a: Haskwakoubeh|spd|1
|faint|p1a: Kyurem
|
|upkeep
|
|t:|1781342396
|switch|p1a: Kingambit|Kingambit, M|100/100
|-damage|p1a: Kingambit|94/100|[from] Stealth Rock
|-activate|p1a: Kingambit|ability: Supreme Overlord
|-start|p1a: Kingambit|fallen3|[silent]
|turn|10
|inactive|tiftif has 30 seconds left.
|
|t:|1781342401
|switch|p2a: Bec qui pend|Pelipper, F|100/100
|-weather|RainDance|[from] ability: Drizzle|[of] p2a: Bec qui pend
|-terastallize|p1a: Kingambit|Ghost
|move|p1a: Kingambit|Swords Dance|p1a: Kingambit
|-boost|p1a: Kingambit|atk|2
|
|-weather|RainDance|[upkeep]
|-heal|p1a: Kingambit|100/100|[from] item: Leftovers
|upkeep
|turn|11
|
|t:|1781342411
|move|p1a: Kingambit|Iron Head|p2a: Bec qui pend
|-resisted|p2a: Bec qui pend
|-damage|p2a: Bec qui pend|51/100
|cant|p2a: Bec qui pend|flinch
|
|-weather|RainDance|[upkeep]
|upkeep
|turn|12
|
|t:|1781342418
|move|p1a: Kingambit|Iron Head|p2a: Bec qui pend
|-resisted|p2a: Bec qui pend
|-crit|p2a: Bec qui pend
|-damage|p2a: Bec qui pend|0 fnt
|faint|p2a: Bec qui pend
|
|-weather|RainDance|[upkeep]
|upkeep
|
|t:|1781342421
|switch|p2a: Kaideos|Keldeo-Resolute|100/100
|turn|13
|
|t:|1781342426
|move|p1a: Kingambit|Sucker Punch|p2a: Kaideos
|-resisted|p2a: Kaideos
|-damage|p2a: Kaideos|40/100
|-ability|p2a: Kaideos|Justified|boost
|-boost|p2a: Kaideos|atk|1
|move|p2a: Kaideos|Surf|p1a: Kingambit
|-damage|p1a: Kingambit|13/100
|
|-weather|RainDance|[upkeep]
|-heal|p2a: Kaideos|47/100|[from] item: Leftovers
|-heal|p1a: Kingambit|20/100|[from] item: Leftovers
|upkeep
|turn|14
|
|t:|1781342433
|move|p1a: Kingambit|Sucker Punch||[still]
|-fail|p1a: Kingambit
|move|p2a: Kaideos|Substitute|p2a: Kaideos
|-start|p2a: Kaideos|Substitute
|-damage|p2a: Kaideos|22/100
|
|-weather|RainDance|[upkeep]
|-heal|p2a: Kaideos|28/100|[from] item: Leftovers
|-heal|p1a: Kingambit|26/100|[from] item: Leftovers
|upkeep
|turn|15
|
|t:|1781342439
|move|p1a: Kingambit|Sucker Punch|p2a: Kaideos
|-resisted|p2a: Kaideos
|-crit|p2a: Kaideos
|-end|p2a: Kaideos|Substitute
|move|p2a: Kaideos|Surf|p1a: Kingambit
|-damage|p1a: Kingambit|0 fnt
|faint|p1a: Kingambit
|-end|p1a: Kingambit|fallen3|[silent]
|
|-weather|RainDance|[upkeep]
|-heal|p2a: Kaideos|34/100|[from] item: Leftovers
|upkeep
|
|t:|1781342444
|switch|p1a: Kommo-o|Kommo-o, F|86/100
|-damage|p1a: Kommo-o|80/100|[from] Stealth Rock
|turn|16
|
|t:|1781342450
|move|p2a: Kaideos|Secret Sword|p1a: Kommo-o
|-crit|p1a: Kommo-o
|-damage|p1a: Kommo-o|27/100
|move|p1a: Kommo-o|Substitute|p1a: Kommo-o
|-start|p1a: Kommo-o|Substitute
|-damage|p1a: Kommo-o|2/100
|
|-weather|RainDance|[upkeep]
|-heal|p2a: Kaideos|40/100|[from] item: Leftovers
|-heal|p1a: Kommo-o|8/100|[from] item: Leftovers
|upkeep
|turn|17
|inactive|tiftif has 90 seconds left.
|
|t:|1781342455
|move|p2a: Kaideos|Secret Sword|p1a: Kommo-o
|-end|p1a: Kommo-o|Substitute
|move|p1a: Kommo-o|Substitute|p1a: Kommo-o
|-fail|p1a: Kommo-o|move: Substitute|[weak]
|
|-weather|none
|-heal|p2a: Kaideos|47/100|[from] item: Leftovers
|-heal|p1a: Kommo-o|14/100|[from] item: Leftovers
|upkeep
|turn|18
|
|t:|1781342460
|move|p2a: Kaideos|Secret Sword|p1a: Kommo-o
|-damage|p1a: Kommo-o|0 fnt
|faint|p1a: Kommo-o
|
|-heal|p2a: Kaideos|53/100|[from] item: Leftovers
|upkeep
|
|t:|1781342463
|switch|p1a: Iron Crown|Iron Crown|94/100
|-damage|p1a: Iron Crown|88/100|[from] Stealth Rock
|turn|19
|
|t:|1781342470
|move|p2a: Kaideos|Surf|p1a: Iron Crown
|-damage|p1a: Iron Crown|45/100
|move|p1a: Iron Crown|Focus Blast|p2a: Kaideos|[miss]
|-miss|p1a: Iron Crown|p2a: Kaideos
|
|-heal|p2a: Kaideos|59/100|[from] item: Leftovers
|upkeep
|turn|20
|
|t:|1781342473
|move|p2a: Kaideos|Surf|p1a: Iron Crown
|-damage|p1a: Iron Crown|0 fnt
|faint|p1a: Iron Crown
|-end|p1a: Iron Crown|Quark Drive|[silent]
|
|win|tiftif
|raw|rekjllj's rating: 1581 &rarr; <strong>1563</strong><br />(-18 for losing)
|raw|tiftif's rating: 1610 &rarr; <strong>1628</strong><br />(+18 for winning)
|c|☆rekjllj|gg
|l|☆rekjllj
|player|p1|
|l|☆tiftif
|player|p2|
