|j|☆omari p
|j|☆LowEL0God
|t:|1781548152
|gametype|singles
|player|p1|omari p|pokemonrangerf|1605
|player|p2|LowEL0God|265|1577
|gen|9
|tier|[Gen 9] OU
|rated|
|rule|HP Percentage Mod: HP is shown in percentages
|rule|Endless Battle Clause: Forcing endless battles is banned
|rule|Species Clause: Limit one of each Pokémon
|rule|OHKO Clause: OHKO moves are banned
|rule|Evasion Items Clause: Evasion items are banned
|rule|Evasion Moves Clause: Evasion moves are banned
|rule|Evasion Abilities Clause: Evasion abilities are banned
|rule|Sleep Moves Clause: Sleep-inducing moves are banned
|clearpoke
|poke|p1|Hoopa|
|poke|p1|Cinderace, F|
|poke|p1|Mandibuzz, F|
|poke|p1|Kyurem|
|poke|p1|Ting-Lu|
|poke|p1|Manaphy|
|poke|p2|Pelipper, M|
|poke|p2|Raging Bolt|
|poke|p2|Overqwil, F|
|poke|p2|Barraskewda, M|
|poke|p2|Iron Treads|
|poke|p2|Kingambit, M|
|teampreview
|c|☆LowEL0God|hf
|inactive|Battle timer is ON: inactive players will automatically lose when time's up. (requested by LowEL0God)
|
|t:|1781548173
|teamsize|p1|6
|teamsize|p2|6
|start
|switch|p1a: Kyurem|Kyurem|100/100
|switch|p2a: Kingambit|Kingambit, M|100/100
|-ability|p1a: Kyurem|Pressure
|turn|1
|
|t:|1781548175
|switch|p1a: Mandibuzz|Mandibuzz, F, shiny|100/100
|move|p2a: Kingambit|Iron Head|p1a: Mandibuzz
|-crit|p1a: Mandibuzz
|-damage|p1a: Mandibuzz|57/100
|-damage|p2a: Kingambit|84/100|[from] item: Rocky Helmet|[of] p1a: Mandibuzz
|
|-heal|p2a: Kingambit|90/100|[from] item: Leftovers
|upkeep
|turn|2
|
|t:|1781548179
|move|p1a: Mandibuzz|Roost|p1a: Mandibuzz
|-heal|p1a: Mandibuzz|100/100
|-singleturn|p1a: Mandibuzz|move: Roost
|move|p2a: Kingambit|Swords Dance|p2a: Kingambit
|-boost|p2a: Kingambit|atk|2
|
|-heal|p2a: Kingambit|97/100|[from] item: Leftovers
|upkeep
|turn|3
|
|t:|1781548181
|move|p1a: Mandibuzz|Foul Play|p2a: Kingambit
|-resisted|p2a: Kingambit
|-damage|p2a: Kingambit|57/100
|move|p2a: Kingambit|Iron Head|p1a: Mandibuzz
|-damage|p1a: Mandibuzz|50/100
|-damage|p2a: Kingambit|40/100|[from] item: Rocky Helmet|[of] p1a: Mandibuzz
|
|-heal|p2a: Kingambit|46/100|[from] item: Leftovers
|upkeep
|turn|4
|
|t:|1781548183
|move|p1a: Mandibuzz|Foul Play|p2a: Kingambit
|-resisted|p2a: Kingambit
|-damage|p2a: Kingambit|6/100
|move|p2a: Kingambit|Iron Head|p1a: Mandibuzz
|-damage|p1a: Mandibuzz|0 fnt
|-damage|p2a: Kingambit|0 fnt|[from] item: Rocky Helmet|[of] p1a: Mandibuzz
|faint|p1a: Mandibuzz
|faint|p2a: Kingambit
|-end|p2a: Kingambit|fallenundefined|[silent]
|
|upkeep
|
|t:|1781548188
|switch|p1a: Kyurem|Kyurem|100/100
|switch|p2a: Barraskewda|Barraskewda, M|100/100
|-ability|p1a: Kyurem|Pressure
|turn|5
|
|t:|1781548189
|move|p1a: Kyurem|Freeze-Dry|p2a: Barraskewda
|-supereffective|p2a: Barraskewda
|-damage|p2a: Barraskewda|0 fnt
|faint|p2a: Barraskewda
|
|upkeep
|
|t:|1781548190
|switch|p2a: Raging Bolt|Raging Bolt|100/100
|-enditem|p2a: Raging Bolt|Booster Energy
|-activate|p2a: Raging Bolt|ability: Protosynthesis|[fromitem]
|-start|p2a: Raging Bolt|protosynthesisspa
|turn|6
|
|t:|1781548192
|move|p1a: Kyurem|Freeze-Dry|p2a: Raging Bolt
|-supereffective|p2a: Raging Bolt
|-damage|p2a: Raging Bolt|34/100
|move|p2a: Raging Bolt|Draco Meteor|p1a: Kyurem
|-supereffective|p1a: Kyurem
|-damage|p1a: Kyurem|0 fnt
|-unboost|p2a: Raging Bolt|spa|2
|faint|p1a: Kyurem
|
|upkeep
|
|t:|1781548196
|switch|p1a: Manaphy|Manaphy|100/100
|turn|7
|
|t:|1781548199
|move|p1a: Manaphy|Take Heart|p1a: Manaphy
|-boost|p1a: Manaphy|spa|1
|-boost|p1a: Manaphy|spd|1
|move|p2a: Raging Bolt|Thunder|p1a: Manaphy
|-supereffective|p1a: Manaphy
|-crit|p1a: Manaphy
|-damage|p1a: Manaphy|0 fnt
|faint|p1a: Manaphy
|
|upkeep
|
|t:|1781548205
|switch|p1a: Hoopa|Hoopa|100/100
|turn|8
|
|t:|1781548206
|move|p2a: Raging Bolt|Thunderclap|p1a: Hoopa
|-damage|p1a: Hoopa|77/100
|move|p1a: Hoopa|Shadow Ball|p2a: Raging Bolt
|-damage|p2a: Raging Bolt|0 fnt
|faint|p2a: Raging Bolt
|-end|p2a: Raging Bolt|Protosynthesis|[silent]
|
|upkeep
|
|t:|1781548208
|switch|p2a: Overqwil|Overqwil, F|100/100
|turn|9
|
|t:|1781548212
|move|p2a: Overqwil|Swords Dance|p2a: Overqwil
|-boost|p2a: Overqwil|atk|2
|move|p1a: Hoopa|Focus Blast|p2a: Overqwil
|-damage|p2a: Overqwil|20/100
|
|upkeep
|turn|10
|
|t:|1781548218
|move|p2a: Overqwil|Gunk Shot|p1a: Hoopa|[miss]
|-miss|p2a: Overqwil|p1a: Hoopa
|move|p1a: Hoopa|Substitute|p1a: Hoopa
|-start|p1a: Hoopa|Substitute
|-damage|p1a: Hoopa|52/100
|
|upkeep
|turn|11
|
|t:|1781548220
|move|p2a: Overqwil|Liquidation|p1a: Hoopa
|-end|p1a: Hoopa|Substitute
|-damage|p2a: Overqwil|10/100|[from] item: Life Orb
|move|p1a: Hoopa|Shadow Ball|p2a: Overqwil
|-resisted|p2a: Overqwil
|-damage|p2a: Overqwil|0 fnt
|faint|p2a: Overqwil
|
|upkeep
|
|t:|1781548221
|switch|p2a: Iron Treads|Iron Treads|100/100
|-enditem|p2a: Iron Treads|Booster Energy
|-activate|p2a: Iron Treads|ability: Quark Drive|[fromitem]
|-start|p2a: Iron Treads|quarkdrivespe
|turn|12
|
|t:|1781548222
|move|p2a: Iron Treads|Earth Power|p1a: Hoopa
|-damage|p1a: Hoopa|22/100
|-enditem|p1a: Hoopa|Aguav Berry|[eat]
|-heal|p1a: Hoopa|56/100|[from] item: Aguav Berry
|move|p1a: Hoopa|Shadow Ball|p2a: Iron Treads
|-damage|p2a: Iron Treads|25/100
|
|upkeep
|turn|13
|
|t:|1781548225
|move|p2a: Iron Treads|Earth Power|p1a: Hoopa
|-damage|p1a: Hoopa|29/100
|-unboost|p1a: Hoopa|spd|1
|move|p1a: Hoopa|Shadow Ball|p2a: Iron Treads
|-damage|p2a: Iron Treads|0 fnt
|faint|p2a: Iron Treads
|-end|p2a: Iron Treads|Quark Drive|[silent]
|
|upkeep
|
|t:|1781548225
|switch|p2a: Pelipper|Pelipper, M|100/100
|-weather|RainDance|[from] ability: Drizzle|[of] p2a: Pelipper
|turn|14
|
|t:|1781548226
|-terastallize|p2a: Pelipper|Ground
|move|p1a: Hoopa|Shadow Ball|p2a: Pelipper
|-damage|p2a: Pelipper|29/100
|-item|p1a: Hoopa|Damp Rock|[from] ability: Magician|[of] p2a: Pelipper
|move|p2a: Pelipper|U-turn|p1a: Hoopa
|-damage|p1a: Hoopa|15/100
|
|-weather|RainDance|[upkeep]
|upkeep
|turn|15
|
|t:|1781548229
|move|p1a: Hoopa|Shadow Ball|p2a: Pelipper
|-damage|p2a: Pelipper|0 fnt
|faint|p2a: Pelipper
|
|win|omari p
|raw|omari p's rating: 1605 &rarr; <strong>1623</strong><br />(+18 for winning)
|raw|LowEL0God's rating: 1577 &rarr; <strong>1559</strong><br />(-18 for losing)
|c|☆LowEL0God|gg
|l|☆LowEL0God
|player|p2|
