|j|☆shams713
|j|☆Yellowishnesses
|t:|1781555838
|gametype|singles
|player|p1|shams713|101|1577
|player|p2|Yellowishnesses|evelyn|1534
|gen|9
|tier|[Gen 9] OU
|rated|
|rule|HP Percentage Mod: HP is shown in percentages
|rule|Endless Battle Clause: Forcing endless battles is banned
|rule|Species Clause: Limit one of each Pokémon
|rule|OHKO Clause: OHKO moves are banned
|rule|Evasion Items Clause: Evasion items are banned
|rule|Evasion Moves Clause: Evasion moves are banned
|rule|Evasion Abilities Clause: Evasion abilities are banned
|rule|Sleep Moves Clause: Sleep-inducing moves are banned
|clearpoke
|poke|p1|Dragonite, M|
|poke|p1|Clefable, F|
|poke|p1|Samurott-Hisui, F|
|poke|p1|Gholdengo|
|poke|p1|Zamazenta-*|
|poke|p1|Gliscor, M|
|poke|p2|Blissey, F|
|poke|p2|Ogerpon-Wellspring, F|
|poke|p2|Alomomola, M|
|poke|p2|Lokix, M|
|poke|p2|Weezing-Galar, F|
|poke|p2|Cinderace, F|
|teampreview
|inactive|Battle timer is ON: inactive players will automatically lose when time's up. (requested by Yellowishnesses)
|
|t:|1781555851
|teamsize|p1|6
|teamsize|p2|6
|start
|switch|p1a: Clefable|Clefable, F|100/100
|switch|p2a: Debye3.34E-30CM|Lokix, M|100/100
|turn|1
|
|t:|1781555864
|move|p2a: Debye3.34E-30CM|U-turn|p1a: Clefable
|-resisted|p1a: Clefable
|-damage|p1a: Clefable|59/100
|-damage|p2a: Debye3.34E-30CM|84/100|[from] item: Rocky Helmet|[of] p1a: Clefable
|
|t:|1781555871
|switch|p2a: Rydberg2.18E-18J|Blissey, F|100/100|[from] U-turn
|move|p1a: Clefable|Knock Off|p2a: Rydberg2.18E-18J
|-damage|p2a: Rydberg2.18E-18J|86/100
|-enditem|p2a: Rydberg2.18E-18J|Heavy-Duty Boots|[from] move: Knock Off|[of] p1a: Clefable
|
|upkeep
|turn|2
|
|t:|1781555881
|move|p1a: Clefable|Stealth Rock|p2a: Rydberg2.18E-18J
|-sidestart|p2: Yellowishnesses|move: Stealth Rock
|move|p2a: Rydberg2.18E-18J|Thunder Wave|p1a: Clefable
|-status|p1a: Clefable|par
|
|upkeep
|turn|3
|
|t:|1781555884
|move|p2a: Rydberg2.18E-18J|Seismic Toss|p1a: Clefable
|-damage|p1a: Clefable|34/100 par
|-damage|p2a: Rydberg2.18E-18J|70/100|[from] item: Rocky Helmet|[of] p1a: Clefable
|move|p1a: Clefable|Moonlight|p1a: Clefable
|-heal|p1a: Clefable|84/100 par
|
|upkeep
|turn|4
|
|t:|1781555907
|switch|p1a: Gholdengo|Gholdengo|100/100
|move|p2a: Rydberg2.18E-18J|Seismic Toss|p1a: Gholdengo
|-immune|p1a: Gholdengo
|
|upkeep
|turn|5
|
|t:|1781555912
|switch|p2a: Coulomb1.602E-19|Ogerpon-Wellspring, F|100/100
|-damage|p2a: Coulomb1.602E-19|88/100|[from] Stealth Rock
|move|p1a: Gholdengo|Make It Rain|p2a: Coulomb1.602E-19
|-resisted|p2a: Coulomb1.602E-19
|-damage|p2a: Coulomb1.602E-19|48/100
|-unboost|p1a: Gholdengo|spa|1
|
|upkeep
|turn|6
|
|t:|1781555923
|switch|p1a: Clefable|Clefable, F|84/100 par
|move|p2a: Coulomb1.602E-19|Knock Off|p1a: Clefable
|-resisted|p1a: Clefable
|-damage|p1a: Clefable|68/100 par
|-damage|p2a: Coulomb1.602E-19|32/100|[from] item: Rocky Helmet|[of] p1a: Clefable
|-enditem|p1a: Clefable|Rocky Helmet|[from] move: Knock Off|[of] p2a: Coulomb1.602E-19
|
|upkeep
|turn|7
|
|t:|1781555943
|switch|p2a: Rydberg2.18E-18J|Blissey, F|70/100
|-damage|p2a: Rydberg2.18E-18J|57/100|[from] Stealth Rock
|move|p1a: Clefable|Moonblast|p2a: Rydberg2.18E-18J
|-damage|p2a: Rydberg2.18E-18J|48/100
|
|upkeep
|turn|8
|
|t:|1781555957
|switch|p1a: Gholdengo|Gholdengo|100/100
|move|p2a: Rydberg2.18E-18J|Soft-Boiled|p2a: Rydberg2.18E-18J
|-heal|p2a: Rydberg2.18E-18J|98/100
|
|upkeep
|turn|9
|
|t:|1781555964
|switch|p2a: Boltz1.381E-23J/K|Cinderace, F|100/100
|move|p1a: Gholdengo|Make It Rain|p2a: Boltz1.381E-23J/K
|-resisted|p2a: Boltz1.381E-23J/K
|-damage|p2a: Boltz1.381E-23J/K|59/100
|-unboost|p1a: Gholdengo|spa|1
|
|upkeep
|turn|10
|
|t:|1781555973
|switch|p1a: Samurott|Samurott-Hisui, F|100/100
|move|p2a: Boltz1.381E-23J/K|Court Change|p2a: Boltz1.381E-23J/K
|-start|p2a: Boltz1.381E-23J/K|typechange|Normal|[from] ability: Libero
|-swapsideconditions
|-activate|p2a: Boltz1.381E-23J/K|move: Court Change
|
|upkeep
|turn|11
|
|t:|1781555986
|switch|p2a: Dalton1.661E-25g|Weezing-Galar, F|100/100
|-ability|p2a: Dalton1.661E-25g|Neutralizing Gas
|move|p1a: Samurott|Razor Shell|p2a: Dalton1.661E-25g
|-damage|p2a: Dalton1.661E-25g|72/100
|-unboost|p2a: Dalton1.661E-25g|def|1
|
|-heal|p2a: Dalton1.661E-25g|78/100|[from] item: Leftovers
|upkeep
|turn|12
|
|t:|1781556000
|move|p1a: Samurott|Razor Shell|p2a: Dalton1.661E-25g
|-damage|p2a: Dalton1.661E-25g|34/100
|move|p2a: Dalton1.661E-25g|Will-O-Wisp|p1a: Samurott
|-status|p1a: Samurott|brn
|
|-heal|p2a: Dalton1.661E-25g|40/100|[from] item: Leftovers
|-damage|p1a: Samurott|94/100 brn|[from] brn
|upkeep
|turn|13
|
|t:|1781556008
|-end|p2a: Dalton1.661E-25g|ability: Neutralizing Gas
|switch|p2a: Torr133.322Pa|Alomomola, M|100/100
|move|p1a: Samurott|Razor Shell|p2a: Torr133.322Pa
|-resisted|p2a: Torr133.322Pa
|-damage|p2a: Torr133.322Pa|94/100
|-unboost|p2a: Torr133.322Pa|def|1
|-damage|p1a: Samurott|78/100 brn|[from] item: Rocky Helmet|[of] p2a: Torr133.322Pa
|
|-damage|p1a: Samurott|72/100 brn|[from] brn
|upkeep
|turn|14
|
|t:|1781556015
|move|p1a: Samurott|Knock Off|p2a: Torr133.322Pa
|-damage|p2a: Torr133.322Pa|77/100
|-damage|p1a: Samurott|55/100 brn|[from] item: Rocky Helmet|[of] p2a: Torr133.322Pa
|-enditem|p2a: Torr133.322Pa|Rocky Helmet|[from] move: Knock Off|[of] p1a: Samurott
|move|p2a: Torr133.322Pa|Flip Turn|p1a: Samurott
|-resisted|p1a: Samurott
|-damage|p1a: Samurott|47/100 brn
|
|t:|1781556024
|switch|p2a: Dalton1.661E-25g|Weezing-Galar, F|40/100|[from] Flip Turn
|-ability|p2a: Dalton1.661E-25g|Neutralizing Gas
|
|-heal|p2a: Dalton1.661E-25g|46/100|[from] item: Leftovers
|-damage|p1a: Samurott|40/100 brn|[from] brn
|upkeep
|turn|15
|
|t:|1781556034
|-end|p2a: Dalton1.661E-25g|ability: Neutralizing Gas
|switch|p2a: Torr133.322Pa|Alomomola, M|100/100
|move|p1a: Samurott|Ceaseless Edge|p2a: Torr133.322Pa
|-damage|p2a: Torr133.322Pa|89/100
|-sidestart|p2: Yellowishnesses|Spikes
|
|-damage|p1a: Samurott|34/100 brn|[from] brn
|upkeep
|turn|16
|
|t:|1781556047
|switch|p1a: Gholdengo|Gholdengo|100/100
|-damage|p1a: Gholdengo|94/100|[from] Stealth Rock
|move|p2a: Torr133.322Pa|Wish|p2a: Torr133.322Pa
|
|upkeep
|turn|17
|
|t:|1781556054
|move|p1a: Gholdengo|Trick|p2a: Torr133.322Pa
|-activate|p1a: Gholdengo|move: Trick|[of] p2a: Torr133.322Pa
|-item|p2a: Torr133.322Pa|Choice Scarf|[from] move: Trick
|-enditem|p1a: Gholdengo|Choice Scarf|[silent]|[from] move: Trick
|move|p2a: Torr133.322Pa|Flip Turn|p1a: Gholdengo
|-damage|p1a: Gholdengo|77/100
|
|t:|1781556058
|switch|p2a: Coulomb1.602E-19|Ogerpon-Wellspring, F|32/100|[from] Flip Turn
|-damage|p2a: Coulomb1.602E-19|19/100|[from] Spikes
|
|-heal|p2a: Coulomb1.602E-19|100/100|[from] move: Wish|[wisher] Torr133.322Pa
|upkeep
|turn|18
|
|t:|1781556086
|switch|p1a: Clefable|Clefable, F|68/100 par
|move|p2a: Coulomb1.602E-19|Ivy Cudgel|p1a: Clefable|[anim] Ivy Cudgel Water
|-damage|p1a: Clefable|16/100 par
|
|upkeep
|turn|19
|
|t:|1781556090
|move|p2a: Coulomb1.602E-19|Trailblaze|p1a: Clefable
|-damage|p1a: Clefable|0 fnt
|-boost|p2a: Coulomb1.602E-19|spe|1
|faint|p1a: Clefable
|
|upkeep
|
|t:|1781556094
|switch|p1a: Zamazenta|Zamazenta|100/100
|-damage|p1a: Zamazenta|94/100|[from] Stealth Rock
|-ability|p1a: Zamazenta|Dauntless Shield|boost
|-boost|p1a: Zamazenta|def|1
|turn|20
|
|t:|1781556098
|move|p2a: Coulomb1.602E-19|Knock Off|p1a: Zamazenta
|-resisted|p1a: Zamazenta
|-damage|p1a: Zamazenta|82/100
|-enditem|p1a: Zamazenta|Leftovers|[from] move: Knock Off|[of] p2a: Coulomb1.602E-19
|move|p1a: Zamazenta|Roar|p2a: Coulomb1.602E-19
|drag|p2a: Debye3.34E-30CM|Lokix, M|84/100
|-damage|p2a: Debye3.34E-30CM|72/100|[from] Spikes
|
|upkeep
|turn|21
|
|t:|1781556110
|switch|p2a: Torr133.322Pa|Alomomola, M|100/100
|-damage|p2a: Torr133.322Pa|88/100|[from] Spikes
|move|p1a: Zamazenta|Body Press|p2a: Torr133.322Pa
|-damage|p2a: Torr133.322Pa|62/100
|
|upkeep
|turn|22
|
|t:|1781556117
|move|p1a: Zamazenta|Iron Defense|p1a: Zamazenta
|-boost|p1a: Zamazenta|def|2
|move|p2a: Torr133.322Pa|Wish|p2a: Torr133.322Pa
|
|upkeep
|turn|23
|
|t:|1781556121
|switch|p2a: Dalton1.661E-25g|Weezing-Galar, F|46/100
|-ability|p2a: Dalton1.661E-25g|Neutralizing Gas
|-damage|p2a: Dalton1.661E-25g|33/100|[from] Spikes
|move|p1a: Zamazenta|Body Press|p2a: Dalton1.661E-25g
|-resisted|p2a: Dalton1.661E-25g
|-damage|p2a: Dalton1.661E-25g|16/100
|
|-heal|p2a: Dalton1.661E-25g|96/100|[from] move: Wish|[wisher] Torr133.322Pa
|-heal|p2a: Dalton1.661E-25g|100/100|[from] item: Leftovers
|upkeep
|turn|24
|
|t:|1781556134
|-terastallize|p1a: Zamazenta|Fire
|move|p1a: Zamazenta|Iron Defense|p1a: Zamazenta
|-boost|p1a: Zamazenta|def|2
|move|p2a: Dalton1.661E-25g|Clear Smog|p1a: Zamazenta
|-damage|p1a: Zamazenta|69/100
|-clearboost|p1a: Zamazenta
|
|upkeep
|turn|25
|
|t:|1781556141
|switch|p1a: Gholdengo|Gholdengo|77/100
|-damage|p1a: Gholdengo|71/100|[from] Stealth Rock
|move|p2a: Dalton1.661E-25g|Clear Smog|p1a: Gholdengo
|-immune|p1a: Gholdengo
|
|upkeep
|turn|26
|
|t:|1781556146
|-end|p2a: Dalton1.661E-25g|ability: Neutralizing Gas
|switch|p2a: Coulomb1.602E-19|Ogerpon-Wellspring, F|100/100
|-damage|p2a: Coulomb1.602E-19|88/100|[from] Spikes
|move|p1a: Gholdengo|Shadow Ball|p2a: Coulomb1.602E-19
|-damage|p2a: Coulomb1.602E-19|35/100
|
|upkeep
|turn|27
|
|t:|1781556152
|move|p2a: Coulomb1.602E-19|Knock Off|p1a: Gholdengo
|-supereffective|p1a: Gholdengo
|-damage|p1a: Gholdengo|2/100
|move|p1a: Gholdengo|Shadow Ball|p2a: Coulomb1.602E-19
|-damage|p2a: Coulomb1.602E-19|0 fnt
|faint|p2a: Coulomb1.602E-19
|
|upkeep
|
|t:|1781556165
|switch|p2a: Debye3.34E-30CM|Lokix, M|72/100
|-damage|p2a: Debye3.34E-30CM|59/100|[from] Spikes
|turn|28
|
|t:|1781556173
|switch|p1a: Samurott|Samurott-Hisui, F|34/100 brn
|-damage|p1a: Samurott|22/100 brn|[from] Stealth Rock
|move|p2a: Debye3.34E-30CM|First Impression|p1a: Samurott
|-supereffective|p1a: Samurott
|-damage|p1a: Samurott|0 fnt
|faint|p1a: Samurott
|
|upkeep
|
|t:|1781556178
|switch|p1a: Gliscor|Gliscor, M|100/100
|-damage|p1a: Gliscor|88/100|[from] Stealth Rock
|turn|29
|
|t:|1781556189
|switch|p2a: Torr133.322Pa|Alomomola, M|95/100
|-damage|p2a: Torr133.322Pa|83/100|[from] Spikes
|move|p1a: Gliscor|Swords Dance|p1a: Gliscor
|-boost|p1a: Gliscor|atk|2
|
|-status|p1a: Gliscor|tox|[from] item: Toxic Orb
|upkeep
|turn|30
|
|t:|1781556194
|move|p1a: Gliscor|Facade|p2a: Torr133.322Pa
|-damage|p2a: Torr133.322Pa|49/100
|move|p2a: Torr133.322Pa|Flip Turn|p1a: Gliscor
|-supereffective|p1a: Gliscor
|-damage|p1a: Gliscor|62/100 tox
|
|t:|1781556197
|switch|p2a: Dalton1.661E-25g|Weezing-Galar, F|100/100|[from] Flip Turn
|-ability|p2a: Dalton1.661E-25g|Neutralizing Gas
|-damage|p2a: Dalton1.661E-25g|88/100|[from] Spikes
|
|-heal|p2a: Dalton1.661E-25g|94/100|[from] item: Leftovers
|-damage|p1a: Gliscor|56/100 tox|[from] psn
|upkeep
|turn|31
|
|t:|1781556200
|move|p1a: Gliscor|Facade|p2a: Dalton1.661E-25g
|-damage|p2a: Dalton1.661E-25g|45/100
|move|p2a: Dalton1.661E-25g|Clear Smog|p1a: Gliscor
|-resisted|p1a: Gliscor
|-damage|p1a: Gliscor|48/100 tox
|-clearboost|p1a: Gliscor
|
|-heal|p2a: Dalton1.661E-25g|51/100|[from] item: Leftovers
|-damage|p1a: Gliscor|36/100 tox|[from] psn
|upkeep
|turn|32
|
|t:|1781556207
|move|p1a: Gliscor|Facade|p2a: Dalton1.661E-25g
|-damage|p2a: Dalton1.661E-25g|27/100
|move|p2a: Dalton1.661E-25g|Strange Steam|p1a: Gliscor
|-damage|p1a: Gliscor|10/100 tox
|
|-heal|p2a: Dalton1.661E-25g|33/100|[from] item: Leftovers
|-damage|p1a: Gliscor|0 fnt|[from] psn
|faint|p1a: Gliscor
|upkeep
|
|t:|1781556217
|switch|p1a: Dragonite|Dragonite, M|100/100
|turn|33
|
|t:|1781556221
|move|p1a: Dragonite|Earthquake|p2a: Dalton1.661E-25g
|-supereffective|p2a: Dalton1.661E-25g
|-damage|p2a: Dalton1.661E-25g|0 fnt
|faint|p2a: Dalton1.661E-25g
|-end|p2a: Dalton1.661E-25g|ability: Neutralizing Gas
|
|upkeep
|
|t:|1781556230
|switch|p2a: Rydberg2.18E-18J|Blissey, F|98/100
|-damage|p2a: Rydberg2.18E-18J|86/100|[from] Spikes
|turn|34
|
|t:|1781556233
|switch|p1a: Gholdengo|Gholdengo|2/100
|-damage|p1a: Gholdengo|0 fnt|[from] Stealth Rock
|faint|p1a: Gholdengo
|move|p2a: Rydberg2.18E-18J|Thunder Wave|p1: Gholdengo|[notarget]
|-fail|p2a: Rydberg2.18E-18J
|
|upkeep
|
|t:|1781556236
|switch|p1a: Zamazenta|Zamazenta, tera:Fire|69/100
|-damage|p1a: Zamazenta|44/100|[from] Stealth Rock
|turn|35
|
|t:|1781556240
|switch|p2a: Torr133.322Pa|Alomomola, M|82/100
|-damage|p2a: Torr133.322Pa|70/100|[from] Spikes
|move|p1a: Zamazenta|Iron Defense|p1a: Zamazenta
|-boost|p1a: Zamazenta|def|2
|
|upkeep
|turn|36
|
|t:|1781556245
|move|p1a: Zamazenta|Body Press|p2a: Torr133.322Pa
|-damage|p2a: Torr133.322Pa|33/100
|move|p2a: Torr133.322Pa|Flip Turn|p1a: Zamazenta
|-supereffective|p1a: Zamazenta
|-damage|p1a: Zamazenta|31/100
|
|t:|1781556253
|switch|p2a: Boltz1.381E-23J/K|Cinderace, F|59/100|[from] Flip Turn
|
|upkeep
|turn|37
|
|t:|1781556275
|move|p1a: Zamazenta|Body Press|p2a: Boltz1.381E-23J/K
|-damage|p2a: Boltz1.381E-23J/K|0 fnt
|faint|p2a: Boltz1.381E-23J/K
|
|upkeep
|inactive|Yellowishnesses has 120 seconds left.
|
|t:|1781556294
|switch|p2a: Debye3.34E-30CM|Lokix, M|59/100
|-damage|p2a: Debye3.34E-30CM|47/100|[from] Spikes
|turn|38
|
|t:|1781556299
|-terastallize|p2a: Debye3.34E-30CM|Bug
|move|p2a: Debye3.34E-30CM|First Impression|p1a: Zamazenta
|-resisted|p1a: Zamazenta
|-damage|p1a: Zamazenta|0 fnt
|faint|p1a: Zamazenta
|
|upkeep
|
|t:|1781556303
|switch|p1a: Dragonite|Dragonite, M|100/100
|turn|39
|
|t:|1781556309
|switch|p2a: Rydberg2.18E-18J|Blissey, F|86/100
|-damage|p2a: Rydberg2.18E-18J|73/100|[from] Spikes
|move|p1a: Dragonite|Dragon Dance|p1a: Dragonite
|-boost|p1a: Dragonite|atk|1
|-boost|p1a: Dragonite|spe|1
|
|upkeep
|turn|40
|
|t:|1781556315
|move|p1a: Dragonite|Dragon Dance|p1a: Dragonite
|-boost|p1a: Dragonite|atk|1
|-boost|p1a: Dragonite|spe|1
|move|p2a: Rydberg2.18E-18J|Thunder Wave|p1a: Dragonite
|-status|p1a: Dragonite|par
|
|upkeep
|turn|41
|
|t:|1781556320
|move|p1a: Dragonite|Extreme Speed|p2a: Rydberg2.18E-18J
|-damage|p2a: Rydberg2.18E-18J|14/100
|move|p2a: Rydberg2.18E-18J|Seismic Toss|p1a: Dragonite
|-damage|p1a: Dragonite|72/100 par
|
|upkeep
|turn|42
|
|t:|1781556327
|move|p1a: Dragonite|Roost|p1a: Dragonite
|-heal|p1a: Dragonite|100/100 par
|-singleturn|p1a: Dragonite|move: Roost
|move|p2a: Rydberg2.18E-18J|Soft-Boiled|p2a: Rydberg2.18E-18J
|-heal|p2a: Rydberg2.18E-18J|64/100
|
|upkeep
|turn|43
|
|t:|1781556334
|move|p1a: Dragonite|Dragon Dance|p1a: Dragonite
|-boost|p1a: Dragonite|atk|1
|-boost|p1a: Dragonite|spe|1
|move|p2a: Rydberg2.18E-18J|Seismic Toss|p1a: Dragonite
|-damage|p1a: Dragonite|72/100 par
|
|upkeep
|turn|44
|
|t:|1781556346
|move|p1a: Dragonite|Earthquake|p2a: Rydberg2.18E-18J
|-damage|p2a: Rydberg2.18E-18J|0 fnt
|faint|p2a: Rydberg2.18E-18J
|
|upkeep
|
|t:|1781556351
|switch|p2a: Debye3.34E-30CM|Lokix, M, tera:Bug|47/100
|-damage|p2a: Debye3.34E-30CM|34/100|[from] Spikes
|turn|45
|
|t:|1781556355
|move|p1a: Dragonite|Extreme Speed|p2a: Debye3.34E-30CM
|-damage|p2a: Debye3.34E-30CM|0 fnt
|faint|p2a: Debye3.34E-30CM
|
|upkeep
|
|t:|1781556357
|switch|p2a: Torr133.322Pa|Alomomola, M|66/100
|-damage|p2a: Torr133.322Pa|54/100|[from] Spikes
|turn|46
|
|t:|1781556361
|move|p1a: Dragonite|Roost|p1a: Dragonite
|-heal|p1a: Dragonite|100/100 par
|-singleturn|p1a: Dragonite|move: Roost
|move|p2a: Torr133.322Pa|Wish|p2a: Torr133.322Pa
|
|upkeep
|turn|47
|c|☆shams713|gg
|
|t:|1781556367
|move|p1a: Dragonite|Dragon Dance|p1a: Dragonite
|-boost|p1a: Dragonite|atk|1
|-boost|p1a: Dragonite|spe|1
|move|p2a: Torr133.322Pa|Wish||[still]
|-fail|p2a: Torr133.322Pa
|
|-heal|p2a: Torr133.322Pa|100/100|[from] move: Wish|[wisher] Torr133.322Pa
|upkeep
|turn|48
|
|t:|1781556369
|move|p1a: Dragonite|Dragon Dance|p1a: Dragonite
|-boost|p1a: Dragonite|atk|1
|-boost|p1a: Dragonite|spe|1
|move|p2a: Torr133.322Pa|Wish|p2a: Torr133.322Pa
|
|upkeep
|turn|49
|
|t:|1781556370
|move|p1a: Dragonite|Dragon Dance|p1a: Dragonite
|-boost|p1a: Dragonite|atk|1
|-boost|p1a: Dragonite|spe|1
|move|p2a: Torr133.322Pa|Wish||[still]
|-fail|p2a: Torr133.322Pa
|
|upkeep
|turn|50
|
|t:|1781556372
|cant|p1a: Dragonite|par
|move|p2a: Torr133.322Pa|Wish|p2a: Torr133.322Pa
|
|upkeep
|turn|51
|
|t:|1781556374
|cant|p1a: Dragonite|par
|move|p2a: Torr133.322Pa|Wish||[still]
|-fail|p2a: Torr133.322Pa
|
|upkeep
|turn|52
|
|t:|1781556376
|cant|p1a: Dragonite|par
|move|p2a: Torr133.322Pa|Wish|p2a: Torr133.322Pa
|
|upkeep
|turn|53
|-message|Yellowishnesses forfeited.
|
|win|shams713
|raw|shams713's rating: 1577 &rarr; <strong>1595</strong><br />(+18 for winning)
|raw|Yellowishnesses's rating: 1534 &rarr; <strong>1516</strong><br />(-18 for losing)
|l|☆Yellowishnesses
|player|p2|
