|j|☆Drakolise
|j|☆BlackStar150520
|t:|1781389237
|gametype|singles
|player|p1|Drakolise|anabel|1678
|player|p2|BlackStar150520|unknown|1729
|gen|9
|tier|[Gen 9] OU
|rated|
|rule|HP Percentage Mod: HP is shown in percentages
|rule|Endless Battle Clause: Forcing endless battles is banned
|rule|Species Clause: Limit one of each Pokémon
|rule|OHKO Clause: OHKO moves are banned
|rule|Evasion Items Clause: Evasion items are banned
|rule|Evasion Moves Clause: Evasion moves are banned
|rule|Evasion Abilities Clause: Evasion abilities are banned
|rule|Sleep Moves Clause: Sleep-inducing moves are banned
|clearpoke
|poke|p1|Great Tusk|
|poke|p1|Cinderace, M|
|poke|p1|Kyurem|
|poke|p1|Hatterene, F|
|poke|p1|Gholdengo|
|poke|p1|Salamence, M|
|poke|p2|Great Tusk|
|poke|p2|Samurott-Hisui, M|
|poke|p2|Dragapult, F|
|poke|p2|Raging Bolt|
|poke|p2|Kingambit, M|
|poke|p2|Heatran, M|
|teampreview
|inactive|Battle timer is ON: inactive players will automatically lose when time's up. (requested by BlackStar150520)
|
|t:|1781389246
|teamsize|p1|6
|teamsize|p2|6
|start
|switch|p1a: Kyurem|Kyurem, shiny|100/100
|switch|p2a: Zanpakuto|Samurott-Hisui, M|100/100
|-ability|p1a: Kyurem|Pressure
|turn|1
|
|t:|1781389253
|move|p2a: Zanpakuto|Sacred Sword|p1a: Kyurem
|-supereffective|p1a: Kyurem
|-damage|p1a: Kyurem|33/100
|move|p1a: Kyurem|Freeze-Dry|p2a: Zanpakuto
|-supereffective|p2a: Zanpakuto
|-damage|p2a: Zanpakuto|0 fnt
|faint|p2a: Zanpakuto
|
|upkeep
|
|t:|1781389261
|switch|p2a: DraGhost|Dragapult, F|100/100
|turn|2
|
|t:|1781389273
|move|p2a: DraGhost|Substitute|p2a: DraGhost
|-start|p2a: DraGhost|Substitute
|-damage|p2a: DraGhost|76/100
|move|p1a: Kyurem|Freeze-Dry|p2a: DraGhost
|-supereffective|p2a: DraGhost
|-end|p2a: DraGhost|Substitute
|
|-heal|p2a: DraGhost|82/100|[from] item: Leftovers
|upkeep
|turn|3
|
|t:|1781389279
|move|p2a: DraGhost|Hex|p1a: Kyurem
|-damage|p1a: Kyurem|17/100
|move|p1a: Kyurem|Freeze-Dry|p2a: DraGhost
|-supereffective|p2a: DraGhost
|-damage|p2a: DraGhost|0 fnt
|faint|p2a: DraGhost
|
|upkeep
|
|t:|1781389285
|switch|p2a: Sosuke Aizen🗡️|Kingambit, M, shiny|100/100
|-activate|p2a: Sosuke Aizen🗡️|ability: Supreme Overlord
|-start|p2a: Sosuke Aizen🗡️|fallen2|[silent]
|turn|4
|
|t:|1781389290
|move|p2a: Sosuke Aizen🗡️|Sucker Punch|p1a: Kyurem
|-damage|p1a: Kyurem|0 fnt
|faint|p1a: Kyurem
|
|upkeep
|
|t:|1781389292
|switch|p1a: Cinderace|Cinderace, M, shiny|100/100
|turn|5
|
|t:|1781389296
|-end|p2a: Sosuke Aizen🗡️|fallen2|[silent]
|switch|p2a: ❤️‍🔥|Heatran, M, shiny|100/100
|move|p1a: Cinderace|High Jump Kick|p2a: ❤️‍🔥
|-start|p1a: Cinderace|typechange|Fighting|[from] ability: Libero
|-supereffective|p2a: ❤️‍🔥
|-crit|p2a: ❤️‍🔥
|-damage|p2a: ❤️‍🔥|0 fnt
|faint|p2a: ❤️‍🔥
|
|upkeep
|
|t:|1781389302
|switch|p2a: Mega Donphan|Great Tusk|100/100
|turn|6
|
|t:|1781389309
|switch|p1a: Hatterene|Hatterene, F, shiny|100/100
|move|p2a: Mega Donphan|Headlong Rush|p1a: Hatterene
|-damage|p1a: Hatterene|50/100
|-unboost|p2a: Mega Donphan|def|1
|-unboost|p2a: Mega Donphan|spd|1
|-damage|p2a: Mega Donphan|84/100|[from] item: Rocky Helmet|[of] p1a: Hatterene
|
|upkeep
|turn|7
|
|t:|1781389315
|move|p2a: Mega Donphan|Headlong Rush|p1a: Hatterene
|-damage|p1a: Hatterene|0 fnt
|-unboost|p2a: Mega Donphan|def|1
|-unboost|p2a: Mega Donphan|spd|1
|-damage|p2a: Mega Donphan|68/100|[from] item: Rocky Helmet|[of] p1a: Hatterene
|faint|p1a: Hatterene
|
|upkeep
|
|t:|1781389324
|switch|p1a: Salamence|Salamence, M|100/100
|turn|8
|
|t:|1781389328
|-end|p2a: Mega Donphan|Protosynthesis|[silent]
|switch|p2a: Sosuke Aizen🗡️|Kingambit, M, shiny|100/100
|-activate|p2a: Sosuke Aizen🗡️|ability: Supreme Overlord
|-start|p2a: Sosuke Aizen🗡️|fallen3|[silent]
|-terastallize|p1a: Salamence|Steel
|move|p1a: Salamence|Dragon Dance|p1a: Salamence
|-boost|p1a: Salamence|atk|1
|-boost|p1a: Salamence|spe|1
|
|upkeep
|turn|9
|
|t:|1781389336
|move|p1a: Salamence|Earthquake|p2a: Sosuke Aizen🗡️
|-supereffective|p2a: Sosuke Aizen🗡️
|-damage|p2a: Sosuke Aizen🗡️|14/100
|move|p2a: Sosuke Aizen🗡️|Low Kick|p1a: Salamence
|-supereffective|p1a: Salamence
|-damage|p1a: Salamence|0 fnt
|faint|p1a: Salamence
|
|-heal|p2a: Sosuke Aizen🗡️|20/100|[from] item: Leftovers
|upkeep
|
|t:|1781389345
|switch|p1a: Cinderace|Cinderace, M, shiny|100/100
|turn|10
|
|t:|1781389350
|move|p2a: Sosuke Aizen🗡️|Sucker Punch|p1a: Cinderace
|-damage|p1a: Cinderace|27/100
|move|p1a: Cinderace|U-turn|p2a: Sosuke Aizen🗡️
|-start|p1a: Cinderace|typechange|Bug|[from] ability: Libero
|-damage|p2a: Sosuke Aizen🗡️|0 fnt
|faint|p2a: Sosuke Aizen🗡️
|-end|p2a: Sosuke Aizen🗡️|fallen3|[silent]
|
|t:|1781389358
|switch|p1a: Gholdengo|Gholdengo, shiny|100/100|[from] U-turn
|
|upkeep
|
|t:|1781389365
|switch|p2a: ⚡️|Raging Bolt|100/100
|turn|11
|
|t:|1781389368
|-end|p2a: ⚡️|Protosynthesis|[silent]
|switch|p2a: Mega Donphan|Great Tusk|68/100
|move|p1a: Gholdengo|Trick|p2a: Mega Donphan
|-activate|p1a: Gholdengo|move: Trick|[of] p2a: Mega Donphan
|-item|p2a: Mega Donphan|Choice Scarf|[from] move: Trick
|-item|p1a: Gholdengo|Heavy-Duty Boots|[from] move: Trick
|
|upkeep
|turn|12
|
|t:|1781389378
|move|p2a: Mega Donphan|Headlong Rush|p1a: Gholdengo
|-supereffective|p1a: Gholdengo
|-crit|p1a: Gholdengo
|-damage|p1a: Gholdengo|0 fnt
|-unboost|p2a: Mega Donphan|def|1
|-unboost|p2a: Mega Donphan|spd|1
|faint|p1a: Gholdengo
|
|upkeep
|
|t:|1781389380
|switch|p1a: Great Tusk|Great Tusk|100/100
|-enditem|p1a: Great Tusk|Booster Energy
|-activate|p1a: Great Tusk|ability: Protosynthesis|[fromitem]
|-start|p1a: Great Tusk|protosynthesisatk
|turn|13
|
|t:|1781389385
|move|p2a: Mega Donphan|Headlong Rush|p1a: Great Tusk
|-crit|p1a: Great Tusk
|-damage|p1a: Great Tusk|25/100
|-unboost|p2a: Mega Donphan|def|1
|-unboost|p2a: Mega Donphan|spd|1
|move|p1a: Great Tusk|Ice Spinner|p2a: Mega Donphan
|-supereffective|p2a: Mega Donphan
|-damage|p2a: Mega Donphan|0 fnt
|faint|p2a: Mega Donphan
|-end|p2a: Mega Donphan|Protosynthesis|[silent]
|
|upkeep
|
|t:|1781389389
|switch|p2a: ⚡️|Raging Bolt|100/100
|turn|14
|
|t:|1781389393
|-terastallize|p2a: ⚡️|Bug
|move|p1a: Great Tusk|Headlong Rush|p2a: ⚡️
|-resisted|p2a: ⚡️
|-damage|p2a: ⚡️|65/100
|-unboost|p1a: Great Tusk|def|1
|-unboost|p1a: Great Tusk|spd|1
|move|p2a: ⚡️|Dragon Pulse|p1a: Great Tusk
|-damage|p1a: Great Tusk|0 fnt
|faint|p1a: Great Tusk
|-end|p1a: Great Tusk|Protosynthesis|[silent]
|
|-heal|p2a: ⚡️|71/100|[from] item: Leftovers
|upkeep
|
|t:|1781389395
|switch|p1a: Cinderace|Cinderace, M, shiny|27/100
|turn|15
|
|t:|1781389398
|move|p2a: ⚡️|Thunderclap|p1a: Cinderace
|-damage|p1a: Cinderace|0 fnt
|faint|p1a: Cinderace
|
|win|BlackStar150520
|raw|Drakolise's rating: 1678 &rarr; <strong>1661</strong><br />(-17 for losing)
|raw|BlackStar150520's rating: 1729 &rarr; <strong>1746</strong><br />(+17 for winning)
|l|☆BlackStar150520
|player|p2|
|l|☆Drakolise
|player|p1|
