|j|☆jd2sleepy
|j|☆n5v
|t:|1781089538
|gametype|singles
|player|p1|jd2sleepy|blackbelt-gen4dp|1623
|player|p2|n5v|leon-masters|1609
|gen|9
|tier|[Gen 9] OU
|rated|
|rule|HP Percentage Mod: HP is shown in percentages
|rule|Endless Battle Clause: Forcing endless battles is banned
|rule|Species Clause: Limit one of each Pokémon
|rule|OHKO Clause: OHKO moves are banned
|rule|Evasion Items Clause: Evasion items are banned
|rule|Evasion Moves Clause: Evasion moves are banned
|rule|Evasion Abilities Clause: Evasion abilities are banned
|rule|Sleep Moves Clause: Sleep-inducing moves are banned
|clearpoke
|poke|p1|Pelipper, M|
|poke|p1|Greninja-*, M|
|poke|p1|Overqwil, F|
|poke|p1|Raging Bolt|
|poke|p1|Iron Treads|
|poke|p1|Kingambit, F|
|poke|p2|Raging Bolt|
|poke|p2|Iron Crown|
|poke|p2|Rillaboom, M|
|poke|p2|Enamorus, F|
|poke|p2|Great Tusk|
|poke|p2|Kingambit, F|
|teampreview
|c|☆n5v|glhf
|inactive|Battle timer is ON: inactive players will automatically lose when time's up. (requested by n5v)
|
|t:|1781089566
|teamsize|p1|6
|teamsize|p2|6
|start
|switch|p1a: Tready Way|Iron Treads|100/100
|switch|p2a: diddy kong|Rillaboom, M, shiny|100/100
|-fieldstart|move: Grassy Terrain|[from] ability: Grassy Surge|[of] p2a: diddy kong
|-enditem|p1a: Tready Way|Booster Energy
|-activate|p1a: Tready Way|ability: Quark Drive|[fromitem]
|-start|p1a: Tready Way|quarkdrivespe
|turn|1
|
|t:|1781089579
|move|p1a: Tready Way|Stealth Rock|p2a: diddy kong
|-sidestart|p2: n5v|move: Stealth Rock
|move|p2a: diddy kong|Low Kick|p1a: Tready Way
|-supereffective|p1a: Tready Way
|-damage|p1a: Tready Way|28/100
|
|-heal|p1a: Tready Way|34/100|[from] Grassy Terrain
|upkeep
|turn|2
|
|t:|1781089582
|move|p2a: diddy kong|Grassy Glide|p1a: Tready Way
|-damage|p1a: Tready Way|0 fnt
|faint|p1a: Tready Way
|-end|p1a: Tready Way|Quark Drive|[silent]
|
|upkeep
|
|t:|1781089590
|switch|p1a: Spike Em|Overqwil, F|100/100
|turn|3
|
|t:|1781089599
|switch|p2a: neededaghostresist|Kingambit, F, shiny|100/100
|-damage|p2a: neededaghostresist|94/100|[from] Stealth Rock
|move|p1a: Spike Em|Gunk Shot|p2a: neededaghostresist
|-immune|p2a: neededaghostresist
|
|-heal|p2a: neededaghostresist|100/100|[from] Grassy Terrain
|upkeep
|turn|4
|
|t:|1781089603
|switch|p1a: Drizzy|Pelipper, M|100/100
|-weather|RainDance|[from] ability: Drizzle|[of] p1a: Drizzy
|move|p2a: neededaghostresist|Iron Head|p1a: Drizzy
|-resisted|p1a: Drizzy
|-damage|p1a: Drizzy|76/100
|
|-weather|RainDance|[upkeep]
|upkeep
|turn|5
|
|t:|1781089606
|move|p2a: neededaghostresist|Swords Dance|p2a: neededaghostresist
|-boost|p2a: neededaghostresist|atk|2
|move|p1a: Drizzy|U-turn|p2a: neededaghostresist
|-damage|p2a: neededaghostresist|93/100
|
|t:|1781089608
|switch|p1a: Rage N Furious|Raging Bolt|100/100|[from] U-turn
|-enditem|p1a: Rage N Furious|Booster Energy
|-activate|p1a: Rage N Furious|ability: Protosynthesis|[fromitem]
|-start|p1a: Rage N Furious|protosynthesisspa
|
|-weather|RainDance|[upkeep]
|-heal|p2a: neededaghostresist|99/100|[from] Grassy Terrain
|-heal|p2a: neededaghostresist|100/100|[from] item: Leftovers
|-fieldend|move: Grassy Terrain
|upkeep
|turn|6
|
|t:|1781089614
|move|p1a: Rage N Furious|Thunder|p2a: neededaghostresist
|-damage|p2a: neededaghostresist|3/100
|move|p2a: neededaghostresist|Kowtow Cleave|p1a: Rage N Furious
|-damage|p1a: Rage N Furious|18/100
|
|-weather|RainDance|[upkeep]
|-heal|p2a: neededaghostresist|9/100|[from] item: Leftovers
|upkeep
|turn|7
|
|t:|1781089617
|move|p1a: Rage N Furious|Weather Ball|p2a: neededaghostresist
|-damage|p2a: neededaghostresist|0 fnt
|faint|p2a: neededaghostresist
|-end|p2a: neededaghostresist|fallenundefined|[silent]
|
|-weather|RainDance|[upkeep]
|upkeep
|
|t:|1781089622
|switch|p2a: cheap tusk|Great Tusk, shiny|100/100
|-damage|p2a: cheap tusk|97/100|[from] Stealth Rock
|turn|8
|
|t:|1781089627
|move|p2a: cheap tusk|Ice Spinner|p1a: Rage N Furious
|-supereffective|p1a: Rage N Furious
|-damage|p1a: Rage N Furious|0 fnt
|faint|p1a: Rage N Furious
|-end|p1a: Rage N Furious|Protosynthesis|[silent]
|
|-weather|RainDance|[upkeep]
|-heal|p2a: cheap tusk|100/100|[from] item: Leftovers
|upkeep
|
|t:|1781089630
|switch|p1a: Grens Bond|Greninja, M|100/100
|turn|9
|
|t:|1781089637
|-end|p2a: cheap tusk|Protosynthesis|[silent]
|switch|p2a: diddy kong|Rillaboom, M, shiny|100/100
|-damage|p2a: diddy kong|88/100|[from] Stealth Rock
|-fieldstart|move: Grassy Terrain|[from] ability: Grassy Surge|[of] p2a: diddy kong
|move|p1a: Grens Bond|Hydro Pump|p2a: diddy kong
|-resisted|p2a: diddy kong
|-damage|p2a: diddy kong|32/100
|-damage|p1a: Grens Bond|91/100|[from] item: Life Orb
|
|-weather|RainDance|[upkeep]
|-heal|p1a: Grens Bond|97/100|[from] Grassy Terrain
|-heal|p2a: diddy kong|39/100|[from] Grassy Terrain
|-heal|p2a: diddy kong|45/100|[from] item: Leftovers
|upkeep
|turn|10
|
|t:|1781089641
|switch|p1a: Spike Em|Overqwil, F|100/100
|move|p2a: diddy kong|Grassy Glide|p1a: Spike Em
|-resisted|p1a: Spike Em
|-damage|p1a: Spike Em|76/100
|
|-weather|RainDance|[upkeep]
|-heal|p1a: Spike Em|82/100|[from] Grassy Terrain
|-heal|p2a: diddy kong|51/100|[from] Grassy Terrain
|-heal|p2a: diddy kong|57/100|[from] item: Leftovers
|upkeep
|turn|11
|
|t:|1781089650
|move|p1a: Spike Em|Swords Dance|p1a: Spike Em
|-boost|p1a: Spike Em|atk|2
|move|p2a: diddy kong|U-turn|p1a: Spike Em
|-damage|p1a: Spike Em|55/100
|
|t:|1781089669
|switch|p2a: goobing bolt|Raging Bolt|100/100|[from] U-turn
|-damage|p2a: goobing bolt|88/100|[from] Stealth Rock
|
|-weather|none
|-heal|p1a: Spike Em|61/100|[from] Grassy Terrain
|-heal|p2a: goobing bolt|94/100|[from] Grassy Terrain
|upkeep
|turn|12
|
|t:|1781089684
|move|p2a: goobing bolt|Thunderclap|p1a: Spike Em
|-damage|p1a: Spike Em|0 fnt
|faint|p1a: Spike Em
|
|-heal|p2a: goobing bolt|100/100|[from] Grassy Terrain
|upkeep
|
|t:|1781089692
|switch|p1a: Atomic Samurai|Kingambit, F|100/100
|-activate|p1a: Atomic Samurai|ability: Supreme Overlord
|-start|p1a: Atomic Samurai|fallen3|[silent]
|-item|p1a: Atomic Samurai|Air Balloon
|turn|13
|
|t:|1781089707
|-end|p2a: goobing bolt|Protosynthesis|[silent]
|switch|p2a: diddy kong|Rillaboom, M, shiny|57/100
|-damage|p2a: diddy kong|45/100|[from] Stealth Rock
|move|p1a: Atomic Samurai|Swords Dance|p1a: Atomic Samurai
|-boost|p1a: Atomic Samurai|atk|2
|
|-heal|p2a: diddy kong|51/100|[from] Grassy Terrain
|-heal|p2a: diddy kong|57/100|[from] item: Leftovers
|-fieldend|move: Grassy Terrain
|upkeep
|turn|14
|
|t:|1781089711
|move|p1a: Atomic Samurai|Sucker Punch|p2a: diddy kong
|-damage|p2a: diddy kong|0 fnt
|faint|p2a: diddy kong
|
|upkeep
|
|t:|1781089719
|switch|p2a: cheap tusk|Great Tusk, shiny|100/100
|-damage|p2a: cheap tusk|97/100|[from] Stealth Rock
|turn|15
|
|t:|1781089725
|move|p2a: cheap tusk|Rapid Spin|p1a: Atomic Samurai
|-resisted|p1a: Atomic Samurai
|-damage|p1a: Atomic Samurai|93/100
|-boost|p2a: cheap tusk|spe|1
|-enditem|p1a: Atomic Samurai|Air Balloon
|-sideend|p2: n5v|Stealth Rock|[from] move: Rapid Spin|[of] p2a: cheap tusk
|move|p1a: Atomic Samurai|Iron Head|p2a: cheap tusk
|-damage|p2a: cheap tusk|19/100
|
|-heal|p2a: cheap tusk|26/100|[from] item: Leftovers
|upkeep
|turn|16
|
|t:|1781089745
|move|p1a: Atomic Samurai|Sucker Punch|p2a: cheap tusk
|-resisted|p2a: cheap tusk
|-damage|p2a: cheap tusk|0 fnt
|faint|p2a: cheap tusk
|-end|p2a: cheap tusk|Protosynthesis|[silent]
|
|upkeep
|
|t:|1781089756
|switch|p2a: gay alladin|Enamorus, F|100/100
|turn|17
|
|t:|1781089779
|-end|p1a: Atomic Samurai|fallen3|[silent]
|switch|p1a: Drizzy|Pelipper, M|76/100
|-weather|RainDance|[from] ability: Drizzle|[of] p1a: Drizzy
|-terastallize|p2a: gay alladin|Ground
|move|p2a: gay alladin|Earth Power|p1a: Drizzy
|-immune|p1a: Drizzy
|
|-weather|RainDance|[upkeep]
|upkeep
|turn|18
|
|t:|1781089787
|switch|p2a: goobing bolt|Raging Bolt|100/100
|move|p1a: Drizzy|U-turn|p2a: goobing bolt
|-damage|p2a: goobing bolt|92/100
|
|t:|1781089790
|switch|p1a: Atomic Samurai|Kingambit, F|93/100|[from] U-turn
|-activate|p1a: Atomic Samurai|ability: Supreme Overlord
|-start|p1a: Atomic Samurai|fallen3|[silent]
|
|-weather|RainDance|[upkeep]
|upkeep
|turn|19
|
|t:|1781089798
|move|p1a: Atomic Samurai|Sucker Punch|p2a: goobing bolt
|-damage|p2a: goobing bolt|42/100
|move|p2a: goobing bolt|Volt Switch|p1a: Atomic Samurai
|-damage|p1a: Atomic Samurai|20/100
|
|t:|1781089800
|-end|p2a: goobing bolt|Protosynthesis|[silent]
|switch|p2a: gay alladin|Enamorus, F, tera:Ground|100/100|[from] Volt Switch
|
|-weather|RainDance|[upkeep]
|upkeep
|turn|20
|
|t:|1781089813
|move|p2a: gay alladin|Healing Wish|p2a: gay alladin
|faint|p2a: gay alladin
|move|p1a: Atomic Samurai|Low Kick|p2: gay alladin|[notarget]
|-fail|p1a: Atomic Samurai
|
|-weather|RainDance|[upkeep]
|upkeep
|
|t:|1781089815
|switch|p2a: goobing bolt|Raging Bolt|42/100
|-heal|p2a: goobing bolt|100/100|[from] move: Healing Wish
|turn|21
|
|t:|1781089819
|move|p2a: goobing bolt|Thunderclap|p1a: Atomic Samurai
|-crit|p1a: Atomic Samurai
|-damage|p1a: Atomic Samurai|0 fnt
|faint|p1a: Atomic Samurai
|-end|p1a: Atomic Samurai|fallen3|[silent]
|
|-weather|RainDance|[upkeep]
|upkeep
|
|t:|1781089821
|switch|p1a: Drizzy|Pelipper, M|76/100
|turn|22
|
|t:|1781089826
|move|p2a: goobing bolt|Thunderclap||[still]
|-fail|p2a: goobing bolt
|move|p1a: Drizzy|Roost|p1a: Drizzy
|-heal|p1a: Drizzy|100/100
|-singleturn|p1a: Drizzy|move: Roost
|
|-weather|RainDance|[upkeep]
|upkeep
|turn|23
|
|t:|1781089828
|-end|p2a: goobing bolt|Protosynthesis|[silent]
|switch|p2a: le-tachyon|Iron Crown|100/100
|move|p1a: Drizzy|Roost||[still]
|-fail|p1a: Drizzy|heal
|
|-weather|RainDance|[upkeep]
|upkeep
|turn|24
|
|t:|1781089830
|move|p2a: le-tachyon|Volt Switch|p1a: Drizzy
|-supereffective|p1a: Drizzy
|-damage|p1a: Drizzy|25/100
|
|t:|1781089832
|-end|p2a: le-tachyon|Quark Drive|[silent]
|switch|p2a: goobing bolt|Raging Bolt|100/100|[from] Volt Switch
|move|p1a: Drizzy|U-turn|p2a: goobing bolt
|-damage|p2a: goobing bolt|91/100
|
|t:|1781089833
|switch|p1a: Grens Bond|Greninja, M|97/100|[from] U-turn
|
|-weather|none
|upkeep
|turn|25
|
|t:|1781089838
|switch|p1a: Drizzy|Pelipper, M|25/100
|-weather|RainDance|[from] ability: Drizzle|[of] p1a: Drizzy
|move|p2a: goobing bolt|Thunderclap||[still]
|-fail|p2a: goobing bolt
|
|-weather|RainDance|[upkeep]
|upkeep
|turn|26
|
|t:|1781089842
|-end|p2a: goobing bolt|Protosynthesis|[silent]
|switch|p2a: le-tachyon|Iron Crown|100/100
|move|p1a: Drizzy|Roost|p1a: Drizzy
|-heal|p1a: Drizzy|75/100
|-singleturn|p1a: Drizzy|move: Roost
|
|-weather|RainDance|[upkeep]
|upkeep
|turn|27
|
|t:|1781089857
|move|p2a: le-tachyon|Tachyon Cutter|p1a: Drizzy
|-resisted|p1a: Drizzy
|-damage|p1a: Drizzy|65/100
|-resisted|p1a: Drizzy
|-damage|p1a: Drizzy|55/100
|-hitcount|p1a: Drizzy|2
|move|p1a: Drizzy|U-turn|p2a: le-tachyon
|-damage|p2a: le-tachyon|92/100
|
|t:|1781089858
|switch|p1a: Grens Bond|Greninja, M|97/100|[from] U-turn
|
|-weather|RainDance|[upkeep]
|upkeep
|turn|28
|
|t:|1781089861
|move|p1a: Grens Bond|Dark Pulse|p2a: le-tachyon
|-supereffective|p2a: le-tachyon
|-damage|p2a: le-tachyon|33/100
|-damage|p1a: Grens Bond|87/100|[from] item: Life Orb
|move|p2a: le-tachyon|Focus Blast|p1a: Grens Bond
|-supereffective|p1a: Grens Bond
|-damage|p1a: Grens Bond|0 fnt
|faint|p1a: Grens Bond
|
|-weather|RainDance|[upkeep]
|upkeep
|-message|jd2sleepy forfeited.
|
|win|n5v
|raw|jd2sleepy's rating: 1623 &rarr; <strong>1602</strong><br />(-21 for losing)
|raw|n5v's rating: 1609 &rarr; <strong>1630</strong><br />(+21 for winning)
|l|☆jd2sleepy
|player|p1|
|c|☆n5v|nt
|c|☆n5v|gg
|l|☆n5v
|player|p2|
