|j|☆suprya
|j|☆1200s chud
|t:|1781032640
|gametype|singles
|player|p1|suprya|clown|1675
|player|p2|1200s chud|preschooler|1620
|gen|9
|tier|[Gen 9] OU
|rated|
|rule|HP Percentage Mod: HP is shown in percentages
|rule|Endless Battle Clause: Forcing endless battles is banned
|rule|Species Clause: Limit one of each Pokémon
|rule|OHKO Clause: OHKO moves are banned
|rule|Evasion Items Clause: Evasion items are banned
|rule|Evasion Moves Clause: Evasion moves are banned
|rule|Evasion Abilities Clause: Evasion abilities are banned
|rule|Sleep Moves Clause: Sleep-inducing moves are banned
|clearpoke
|poke|p1|Amoonguss, M|
|poke|p1|Garganacl, F|
|poke|p1|Moltres|
|poke|p1|Great Tusk|
|poke|p1|Iron Crown|
|poke|p1|Darkrai|
|poke|p2|Dragonair, M|
|poke|p2|Weezing, F|
|poke|p2|Donphan, M|
|poke|p2|Ludicolo, F|
|poke|p2|Pupitar, F|
|poke|p2|Chansey, F|
|teampreview
|inactive|Battle timer is ON: inactive players will automatically lose when time's up. (requested by 1200s chud)
|inactive|suprya also wants the timer to be on.
|
|t:|1781032669
|teamsize|p1|6
|teamsize|p2|6
|start
|switch|p1a: Iron Crown|Iron Crown|100/100
|switch|p2a: Ludicolo|Ludicolo, F|100/100
|turn|1
|
|t:|1781032677
|move|p1a: Iron Crown|Psychic Noise|p2a: Ludicolo
|-damage|p2a: Ludicolo|58/100
|-start|p2a: Ludicolo|move: Heal Block
|move|p2a: Ludicolo|Hydro Pump|p1a: Iron Crown
|-damage|p1a: Iron Crown|50/100
|
|upkeep
|turn|2
|
|t:|1781032684
|switch|p2a: Donphan|Donphan, M|100/100
|move|p1a: Iron Crown|Volt Switch|p2a: Donphan
|-immune|p2a: Donphan
|
|upkeep
|turn|3
|
|t:|1781032691
|-end|p1a: Iron Crown|Quark Drive|[silent]
|switch|p1a: Great Tusk|Great Tusk|100/100
|move|p2a: Donphan|Stealth Rock|p1a: Great Tusk
|-sidestart|p1: suprya|move: Stealth Rock
|
|upkeep
|turn|4
|
|t:|1781032710
|move|p1a: Great Tusk|Knock Off|p2a: Donphan
|-damage|p2a: Donphan|75/100
|-damage|p1a: Great Tusk|84/100|[from] item: Rocky Helmet|[of] p2a: Donphan
|-enditem|p2a: Donphan|Rocky Helmet|[from] move: Knock Off|[of] p1a: Great Tusk
|move|p2a: Donphan|Ice Spinner|p1a: Great Tusk
|-supereffective|p1a: Great Tusk
|-damage|p1a: Great Tusk|50/100
|
|upkeep
|turn|5
|
|t:|1781032720
|move|p1a: Great Tusk|Rapid Spin|p2a: Donphan
|-damage|p2a: Donphan|63/100
|-boost|p1a: Great Tusk|spe|1
|-sideend|p1: suprya|Stealth Rock|[from] move: Rapid Spin|[of] p1a: Great Tusk
|move|p2a: Donphan|Ice Spinner|p1a: Great Tusk
|-supereffective|p1a: Great Tusk
|-damage|p1a: Great Tusk|20/100
|
|upkeep
|turn|6
|
|t:|1781032726
|move|p1a: Great Tusk|Headlong Rush|p2a: Donphan
|-damage|p2a: Donphan|13/100
|-unboost|p1a: Great Tusk|def|1
|-unboost|p1a: Great Tusk|spd|1
|move|p2a: Donphan|Ice Spinner|p1a: Great Tusk
|-supereffective|p1a: Great Tusk
|-damage|p1a: Great Tusk|0 fnt
|faint|p1a: Great Tusk
|-end|p1a: Great Tusk|Protosynthesis|[silent]
|
|upkeep
|
|t:|1781032735
|switch|p1a: Moltres|Moltres|100/100
|turn|7
|
|t:|1781032738
|move|p1a: Moltres|Flamethrower|p2a: Donphan
|-damage|p2a: Donphan|0 fnt
|faint|p2a: Donphan
|
|upkeep
|
|t:|1781032753
|switch|p2a: Ludicolo|Ludicolo, F|58/100
|turn|8
|
|t:|1781032758
|switch|p1a: Amoonguss|Amoonguss, M, shiny|100/100
|move|p2a: Ludicolo|Ice Beam|p1a: Amoonguss
|-supereffective|p1a: Amoonguss
|-damage|p1a: Amoonguss|29/100
|
|upkeep
|turn|9
|
|t:|1781032775
|switch|p2a: Chansey|Chansey, F|100/100
|switch|p1a: Garganacl|Garganacl, F|100/100
|
|upkeep
|turn|10
|
|t:|1781032787
|switch|p2a: Ludicolo|Ludicolo, F|58/100
|move|p1a: Garganacl|Stealth Rock|p2a: Ludicolo
|-sidestart|p2: 1200s chud|move: Stealth Rock
|
|upkeep
|turn|11
|
|t:|1781032792
|move|p1a: Garganacl|Protect|p1a: Garganacl
|-singleturn|p1a: Garganacl|Protect
|move|p2a: Ludicolo|Hydro Pump|p1a: Garganacl
|-activate|p1a: Garganacl|move: Protect
|
|upkeep
|turn|12
|
|t:|1781032797
|-terastallize|p1a: Garganacl|Water
|move|p2a: Ludicolo|Hydro Pump|p1a: Garganacl
|-resisted|p1a: Garganacl
|-crit|p1a: Garganacl
|-damage|p1a: Garganacl|64/100
|move|p1a: Garganacl|Salt Cure|p2a: Ludicolo
|-damage|p2a: Ludicolo|35/100
|-start|p2a: Ludicolo|Salt Cure
|
|-heal|p1a: Garganacl|70/100|[from] item: Leftovers
|-damage|p2a: Ludicolo|10/100|[from] Salt Cure
|upkeep
|turn|13
|
|t:|1781032802
|move|p2a: Ludicolo|Hydro Pump|p1a: Garganacl
|-resisted|p1a: Garganacl
|-damage|p1a: Garganacl|44/100
|move|p1a: Garganacl|Recover|p1a: Garganacl
|-heal|p1a: Garganacl|94/100
|
|-heal|p1a: Garganacl|99/100|[from] item: Leftovers
|-damage|p2a: Ludicolo|0 fnt|[from] Salt Cure
|faint|p2a: Ludicolo
|upkeep
|
|t:|1781032807
|switch|p2a: Weezing|Weezing, F|100/100
|-ability|p2a: Weezing|Neutralizing Gas
|turn|14
|
|t:|1781032820
|switch|p1a: Moltres|Moltres|100/100
|move|p2a: Weezing|Will-O-Wisp|p1a: Moltres
|-immune|p1a: Moltres
|
|upkeep
|turn|15
|
|t:|1781032824
|move|p1a: Moltres|Flamethrower|p2a: Weezing
|-damage|p2a: Weezing|50/100
|move|p2a: Weezing|Sludge Bomb|p1a: Moltres
|-damage|p1a: Moltres|81/100
|
|upkeep
|turn|16
|
|t:|1781032830
|move|p1a: Moltres|Scorching Sands|p2a: Weezing
|-supereffective|p2a: Weezing
|-damage|p2a: Weezing|0 fnt
|faint|p2a: Weezing
|-end|p2a: Weezing|ability: Neutralizing Gas
|
|upkeep
|
|t:|1781032840
|switch|p2a: Dragonair|Dragonair, M|100/100
|-damage|p2a: Dragonair|88/100|[from] Stealth Rock
|turn|17
|
|t:|1781032847
|move|p2a: Dragonair|Thunder Wave|p1a: Moltres
|-status|p1a: Moltres|par
|cant|p1a: Moltres|par
|
|upkeep
|turn|18
|
|t:|1781032854
|switch|p1a: Garganacl|Garganacl, F, tera:Water|99/100
|move|p2a: Dragonair|Ice Beam|p1a: Garganacl
|-resisted|p1a: Garganacl
|-damage|p1a: Garganacl|95/100
|
|-heal|p1a: Garganacl|100/100|[from] item: Leftovers
|upkeep
|turn|19
|
|t:|1781032858
|move|p1a: Garganacl|Salt Cure|p2a: Dragonair
|-damage|p2a: Dragonair|78/100
|-start|p2a: Dragonair|Salt Cure
|move|p2a: Dragonair|Dragon Tail|p1a: Garganacl
|-damage|p1a: Garganacl|91/100
|drag|p1a: Iron Crown|Iron Crown|50/100
|
|-damage|p2a: Dragonair|66/100|[from] Salt Cure
|upkeep
|turn|20
|inactive|suprya has 120 seconds left.
|
|t:|1781032896
|move|p1a: Iron Crown|Future Sight|p2a: Dragonair
|-start|p1a: Iron Crown|move: Future Sight
|move|p2a: Dragonair|Thunder Wave|p1a: Iron Crown
|-status|p1a: Iron Crown|par
|
|-damage|p2a: Dragonair|53/100|[from] Salt Cure
|upkeep
|turn|21
|
|t:|1781032902
|move|p1a: Iron Crown|Volt Switch|p2a: Dragonair
|-resisted|p2a: Dragonair
|-damage|p2a: Dragonair|42/100
|inactive|suprya has 120 seconds left.
|
|t:|1781032913
|-end|p1a: Iron Crown|Quark Drive|[silent]
|switch|p1a: Garganacl|Garganacl, F, tera:Water|91/100|[from] Volt Switch
|move|p2a: Dragonair|Dragon Tail|p1a: Garganacl|[miss]
|-miss|p2a: Dragonair|p1a: Garganacl
|
|-heal|p1a: Garganacl|97/100|[from] item: Leftovers
|-damage|p2a: Dragonair|30/100|[from] Salt Cure
|upkeep
|turn|22
|
|t:|1781032923
|move|p1a: Garganacl|Protect|p1a: Garganacl
|-singleturn|p1a: Garganacl|Protect
|move|p2a: Dragonair|Dragon Tail|p1a: Garganacl
|-activate|p1a: Garganacl|move: Protect
|
|-end|p2a: Dragonair|move: Future Sight
|-damage|p2a: Dragonair|0 fnt
|faint|p2a: Dragonair
|-heal|p1a: Garganacl|100/100|[from] item: Leftovers
|upkeep
|
|t:|1781032927
|switch|p2a: Pupitar|Pupitar, F|100/100
|-damage|p2a: Pupitar|94/100|[from] Stealth Rock
|turn|23
|inactive|suprya has 120 seconds left.
|
|t:|1781032948
|move|p2a: Pupitar|Dragon Dance|p2a: Pupitar
|-boost|p2a: Pupitar|atk|1
|-boost|p2a: Pupitar|spe|1
|move|p1a: Garganacl|Salt Cure|p2a: Pupitar
|-resisted|p2a: Pupitar
|-damage|p2a: Pupitar|86/100
|-start|p2a: Pupitar|Salt Cure
|
|-damage|p2a: Pupitar|74/100|[from] Salt Cure
|upkeep
|turn|24
|
|t:|1781032957
|switch|p1a: Amoonguss|Amoonguss, M, shiny|62/100
|move|p2a: Pupitar|Dragon Dance|p2a: Pupitar
|-boost|p2a: Pupitar|atk|1
|-boost|p2a: Pupitar|spe|1
|
|-damage|p2a: Pupitar|61/100|[from] Salt Cure
|upkeep
|turn|25
|
|t:|1781032965
|switch|p1a: Iron Crown|Iron Crown|50/100 par
|move|p2a: Pupitar|Stone Edge|p1a: Iron Crown
|-resisted|p1a: Iron Crown
|-damage|p1a: Iron Crown|7/100 par
|
|-damage|p2a: Pupitar|49/100|[from] Salt Cure
|upkeep
|turn|26
|
|t:|1781032970
|move|p2a: Pupitar|Earthquake|p1a: Iron Crown
|-supereffective|p1a: Iron Crown
|-damage|p1a: Iron Crown|0 fnt
|faint|p1a: Iron Crown
|-end|p1a: Iron Crown|Quark Drive|[silent]
|
|-damage|p2a: Pupitar|37/100|[from] Salt Cure
|upkeep
|
|t:|1781032972
|switch|p1a: Amoonguss|Amoonguss, M, shiny|95/100
|turn|27
|
|t:|1781032974
|move|p2a: Pupitar|Stone Edge|p1a: Amoonguss
|-damage|p1a: Amoonguss|38/100
|move|p1a: Amoonguss|Foul Play|p2a: Pupitar
|-damage|p2a: Pupitar|0 fnt
|faint|p2a: Pupitar
|
|upkeep
|
|t:|1781032976
|switch|p2a: Chansey|Chansey, F|100/100
|turn|28
|
|t:|1781032982
|switch|p1a: Garganacl|Garganacl, F, tera:Water|100/100
|move|p2a: Chansey|Calm Mind|p2a: Chansey
|-boost|p2a: Chansey|spa|1
|-boost|p2a: Chansey|spd|1
|
|upkeep
|turn|29
|
|t:|1781032986
|move|p2a: Chansey|Calm Mind|p2a: Chansey
|-boost|p2a: Chansey|spa|1
|-boost|p2a: Chansey|spd|1
|move|p1a: Garganacl|Salt Cure|p2a: Chansey
|-damage|p2a: Chansey|84/100
|-start|p2a: Chansey|Salt Cure
|
|-damage|p2a: Chansey|72/100|[from] Salt Cure
|upkeep
|turn|30
|-message|1200s chud forfeited.
|
|win|suprya
|raw|suprya's rating: 1651 &rarr; <strong>1669</strong><br />(+18 for winning)
|raw|1200s chud's rating: 1620 &rarr; <strong>1602</strong><br />(-18 for losing)
|l|☆suprya
|player|p1|
|l|☆1200s chud
|player|p2|
