|j|☆Sheel_Valia
|j|☆fifodrummer
|t:|1780910317
|gametype|singles
|player|p1|Sheel_Valia|265|1533
|player|p2|fifodrummer|pokemaniac|1498
|gen|9
|tier|[Gen 9] OU
|rated|
|rule|HP Percentage Mod: HP is shown in percentages
|rule|Endless Battle Clause: Forcing endless battles is banned
|rule|Species Clause: Limit one of each Pokémon
|rule|OHKO Clause: OHKO moves are banned
|rule|Evasion Items Clause: Evasion items are banned
|rule|Evasion Moves Clause: Evasion moves are banned
|rule|Evasion Abilities Clause: Evasion abilities are banned
|rule|Sleep Moves Clause: Sleep-inducing moves are banned
|clearpoke
|poke|p1|Rotom-Wash|
|poke|p1|Toxapex, F|
|poke|p1|Ting-Lu|
|poke|p1|Dragapult, F|
|poke|p1|Hatterene, F|
|poke|p1|Kingambit, M|
|poke|p2|Pelipper, M|
|poke|p2|Raging Bolt|
|poke|p2|Overqwil, M|
|poke|p2|Ogerpon-Wellspring, F|
|poke|p2|Scizor, M|
|poke|p2|Kingdra, F|
|teampreview
|inactive|Battle timer is ON: inactive players will automatically lose when time's up. (requested by Sheel_Valia)
|
|t:|1780910334
|teamsize|p1|6
|teamsize|p2|6
|start
|switch|p1a: Rotom|Rotom-Wash, shiny|100/100
|switch|p2a: The Mask|Ogerpon-Wellspring, F|100/100
|turn|1
|
|t:|1780910341
|switch|p1a: Toxapex|Toxapex, F, shiny|100/100
|move|p2a: The Mask|Swords Dance|p2a: The Mask
|-boost|p2a: The Mask|atk|2
|
|upkeep
|turn|2
|
|t:|1780910347
|move|p2a: The Mask|Horn Leech|p1a: Toxapex
|-damage|p1a: Toxapex|44/100
|-damage|p2a: The Mask|84/100|[from] item: Rocky Helmet|[of] p1a: Toxapex
|move|p1a: Toxapex|Haze|p1a: Toxapex
|-clearallboost
|
|upkeep
|turn|3
|
|t:|1780910359
|switch|p2a: Nigel|Pelipper, M|100/100
|-weather|RainDance|[from] ability: Drizzle|[of] p2a: Nigel
|move|p1a: Toxapex|Toxic|p2a: Nigel
|-status|p2a: Nigel|tox
|
|-weather|RainDance|[upkeep]
|-damage|p2a: Nigel|94/100 tox|[from] psn
|upkeep
|turn|4
|
|t:|1780910369
|switch|p1a: Rotom|Rotom-Wash, shiny|100/100
|move|p2a: Nigel|Hurricane|p1a: Rotom
|-resisted|p1a: Rotom
|-damage|p1a: Rotom|77/100
|
|-weather|RainDance|[upkeep]
|-damage|p2a: Nigel|82/100 tox|[from] psn
|upkeep
|turn|5
|
|t:|1780910379
|switch|p2a: High AF|Raging Bolt|100/100
|move|p1a: Rotom|Trick|p2a: High AF
|-activate|p1a: Rotom|move: Trick|[of] p2a: High AF
|-item|p2a: High AF|Choice Scarf|[from] move: Trick
|-item|p1a: Rotom|Choice Scarf|[from] move: Trick
|
|-weather|RainDance|[upkeep]
|upkeep
|turn|6
|
|t:|1780910388
|switch|p1a: Ting-Lu|Ting-Lu|100/100
|-ability|p1a: Ting-Lu|Vessel of Ruin
|move|p2a: High AF|Weather Ball|p1a: Ting-Lu
|-supereffective|p1a: Ting-Lu
|-damage|p1a: Ting-Lu|36/100
|
|-weather|RainDance|[upkeep]
|-heal|p1a: Ting-Lu|42/100|[from] item: Leftovers
|upkeep
|turn|7
|
|t:|1780910398
|switch|p1a: Rotom|Rotom-Wash, shiny|77/100
|move|p2a: High AF|Weather Ball|p1a: Rotom
|-resisted|p1a: Rotom
|-damage|p1a: Rotom|43/100
|
|-weather|RainDance|[upkeep]
|upkeep
|turn|8
|
|t:|1780910406
|move|p1a: Rotom|Trick|p2a: High AF
|-activate|p1a: Rotom|move: Trick|[of] p2a: High AF
|-item|p2a: High AF|Choice Scarf|[from] move: Trick
|-item|p1a: Rotom|Choice Scarf|[from] move: Trick
|move|p2a: High AF|Weather Ball|p1a: Rotom
|-resisted|p1a: Rotom
|-damage|p1a: Rotom|8/100
|
|-weather|RainDance|[upkeep]
|upkeep
|turn|9
|
|t:|1780910415
|switch|p1a: Toxapex|Toxapex, F, shiny|77/100
|move|p2a: High AF|Weather Ball|p1a: Toxapex
|-resisted|p1a: Toxapex
|-damage|p1a: Toxapex|57/100
|
|-weather|RainDance|[upkeep]
|upkeep
|turn|10
|
|t:|1780910423
|-end|p2a: High AF|Protosynthesis|[silent]
|switch|p2a: Spike|Overqwil, M, shiny|100/100
|move|p1a: Toxapex|Recover|p1a: Toxapex
|-heal|p1a: Toxapex|100/100
|
|-weather|none
|upkeep
|turn|11
|
|t:|1780910431
|switch|p1a: Ting-Lu|Ting-Lu|42/100
|-ability|p1a: Ting-Lu|Vessel of Ruin
|move|p2a: Spike|Crunch|p1a: Ting-Lu
|-resisted|p1a: Ting-Lu
|-crit|p1a: Ting-Lu
|-damage|p1a: Ting-Lu|21/100
|-damage|p2a: Spike|91/100|[from] item: Life Orb
|
|-heal|p1a: Ting-Lu|27/100|[from] item: Leftovers
|upkeep
|turn|12
|
|t:|1780910442
|move|p2a: Spike|Liquidation|p1a: Ting-Lu
|-supereffective|p1a: Ting-Lu
|-damage|p1a: Ting-Lu|0 fnt
|faint|p1a: Ting-Lu
|-damage|p2a: Spike|81/100|[from] item: Life Orb
|
|upkeep
|
|t:|1780910447
|switch|p1a: Hatterene|Hatterene, F|100/100
|turn|13
|
|t:|1780910452
|switch|p2a: Nigel|Pelipper, M|82/100 tox
|-weather|RainDance|[from] ability: Drizzle|[of] p2a: Nigel
|move|p1a: Hatterene|Trick Room|p1a: Hatterene
|-fieldstart|move: Trick Room|[of] p1a: Hatterene
|
|-weather|RainDance|[upkeep]
|-damage|p2a: Nigel|76/100 tox|[from] psn
|upkeep
|turn|14
|
|t:|1780910461
|move|p1a: Hatterene|Psyshock|p2a: Nigel
|-damage|p2a: Nigel|8/100 tox
|-damage|p1a: Hatterene|91/100|[from] item: Life Orb
|move|p2a: Nigel|U-turn|p1a: Hatterene
|-damage|p1a: Hatterene|82/100
|
|t:|1780910467
|switch|p2a: Iron Claw|Scizor, M, shiny|100/100|[from] U-turn
|
|-weather|RainDance|[upkeep]
|upkeep
|turn|15
|
|t:|1780910473
|switch|p1a: Rotom|Rotom-Wash, shiny|8/100
|move|p2a: Iron Claw|Swords Dance|p2a: Iron Claw
|-boost|p2a: Iron Claw|atk|2
|
|-weather|RainDance|[upkeep]
|upkeep
|turn|16
|l|☆fifodrummer
|inactive|fifodrummer disconnected and has a minute to reconnect!
|player|p2|
|j|☆fifodrummer
|inactive|fifodrummer reconnected and has 120 seconds left.
|player|p2|fifodrummer|pokemaniac|
|
|t:|1780910510
|move|p2a: Iron Claw|Bullet Punch|p1a: Rotom
|-resisted|p1a: Rotom
|-damage|p1a: Rotom|0 fnt
|faint|p1a: Rotom
|
|-weather|RainDance|[upkeep]
|upkeep
|
|t:|1780910514
|switch|p1a: Toxapex|Toxapex, F, shiny|100/100
|turn|17
|
|t:|1780910520
|switch|p2a: High AF|Raging Bolt|100/100
|move|p1a: Toxapex|Haze|p1a: Toxapex
|-clearallboost
|
|-weather|RainDance|[upkeep]
|-fieldend|move: Trick Room
|upkeep
|turn|18
|
|t:|1780910528
|-terastallize|p1a: Toxapex|Grass
|move|p2a: High AF|Thunder|p1a: Toxapex
|-resisted|p1a: Toxapex
|-damage|p1a: Toxapex|74/100
|move|p1a: Toxapex|Toxic|p2a: High AF
|-status|p2a: High AF|tox
|
|-weather|RainDance|[upkeep]
|-damage|p2a: High AF|94/100 tox|[from] psn
|upkeep
|turn|19
|
|t:|1780910540
|-end|p2a: High AF|Protosynthesis|[silent]
|switch|p2a: Spike|Overqwil, M, shiny|81/100
|switch|p1a: Kingambit|Kingambit, M|100/100
|-activate|p1a: Kingambit|ability: Supreme Overlord
|-start|p1a: Kingambit|fallen2|[silent]
|
|-weather|RainDance|[upkeep]
|upkeep
|turn|20
|
|t:|1780910549
|-terastallize|p2a: Spike|Water
|move|p2a: Spike|Liquidation|p1a: Kingambit
|-damage|p1a: Kingambit|36/100
|-damage|p2a: Spike|71/100|[from] item: Life Orb
|move|p1a: Kingambit|Iron Head|p2a: Spike
|-resisted|p2a: Spike
|-damage|p2a: Spike|41/100
|
|-weather|none
|upkeep
|turn|21
|
|t:|1780910560
|switch|p2a: High AF|Raging Bolt|94/100 tox
|move|p1a: Kingambit|Sucker Punch||[still]
|-fail|p1a: Kingambit
|
|-damage|p2a: High AF|88/100 tox|[from] psn
|upkeep
|turn|22
|
|t:|1780910567
|move|p1a: Kingambit|Sucker Punch|p2a: High AF
|-damage|p2a: High AF|35/100 tox
|move|p2a: High AF|Volt Switch|p1a: Kingambit
|-damage|p1a: Kingambit|2/100
|
|t:|1780910573
|-end|p2a: High AF|Protosynthesis|[silent]
|switch|p2a: Nigel|Pelipper, M|8/100 tox|[from] Volt Switch
|-weather|RainDance|[from] ability: Drizzle|[of] p2a: Nigel
|
|-weather|RainDance|[upkeep]
|-damage|p2a: Nigel|2/100 tox|[from] psn
|upkeep
|turn|23
|
|t:|1780910585
|move|p2a: Nigel|U-turn|p1a: Kingambit
|-damage|p1a: Kingambit|0 fnt
|faint|p1a: Kingambit
|-end|p1a: Kingambit|fallen2|[silent]
|
|t:|1780910593
|switch|p2a: I'm a Dragon!?|Kingdra, F|100/100|[from] U-turn
|
|-weather|RainDance|[upkeep]
|upkeep
|
|t:|1780910597
|switch|p1a: Toxapex|Toxapex, F, shiny, tera:Grass|100/100
|turn|24
|
|t:|1780910601
|move|p2a: I'm a Dragon!?|Hurricane|p1a: Toxapex
|-supereffective|p1a: Toxapex
|-damage|p1a: Toxapex|21/100
|move|p1a: Toxapex|Toxic|p2a: I'm a Dragon!?
|-status|p2a: I'm a Dragon!?|tox
|
|-weather|RainDance|[upkeep]
|-damage|p2a: I'm a Dragon!?|94/100 tox|[from] psn
|upkeep
|turn|25
|
|t:|1780910610
|move|p2a: I'm a Dragon!?|Hurricane|p1a: Toxapex
|-supereffective|p1a: Toxapex
|-damage|p1a: Toxapex|0 fnt
|faint|p1a: Toxapex
|
|-weather|RainDance|[upkeep]
|-damage|p2a: I'm a Dragon!?|82/100 tox|[from] psn
|upkeep
|
|t:|1780910612
|switch|p1a: Hatterene|Hatterene, F|82/100
|turn|26
|
|t:|1780910621
|move|p2a: I'm a Dragon!?|Hurricane|p1a: Hatterene
|-damage|p1a: Hatterene|34/100
|-start|p1a: Hatterene|confusion
|-activate|p1a: Hatterene|confusion
|move|p1a: Hatterene|Trick Room|p1a: Hatterene
|-fieldstart|move: Trick Room|[of] p1a: Hatterene
|
|-weather|RainDance|[upkeep]
|-damage|p2a: I'm a Dragon!?|63/100 tox|[from] psn
|upkeep
|turn|27
|
|t:|1780910631
|-end|p1a: Hatterene|confusion
|move|p1a: Hatterene|Dazzling Gleam|p2a: I'm a Dragon!?
|-supereffective|p2a: I'm a Dragon!?
|-damage|p2a: I'm a Dragon!?|0 fnt
|faint|p2a: I'm a Dragon!?
|-damage|p1a: Hatterene|25/100|[from] item: Life Orb
|
|-weather|RainDance|[upkeep]
|upkeep
|
|t:|1780910640
|switch|p2a: Iron Claw|Scizor, M, shiny|100/100
|turn|28
|
|t:|1780910644
|move|p2a: Iron Claw|Bullet Punch|p1a: Hatterene
|-supereffective|p1a: Hatterene
|-damage|p1a: Hatterene|0 fnt
|faint|p1a: Hatterene
|
|-weather|RainDance|[upkeep]
|upkeep
|-message|Sheel_Valia forfeited.
|
|win|fifodrummer
|raw|Sheel_Valia's rating: 1533 &rarr; <strong>1511</strong><br />(-22 for losing)
|raw|fifodrummer's rating: 1498 &rarr; <strong>1520</strong><br />(+22 for winning)
|l|☆Sheel_Valia
|player|p1|
