|j|☆arturohdez
|j|☆8daniel8
|t:|1781505769
|gametype|singles
|player|p1|arturohdez|lucas|1610
|player|p2|8daniel8|102|1542
|gen|9
|tier|[Gen 9] OU
|rated|
|rule|HP Percentage Mod: HP is shown in percentages
|rule|Endless Battle Clause: Forcing endless battles is banned
|rule|Species Clause: Limit one of each Pokémon
|rule|OHKO Clause: OHKO moves are banned
|rule|Evasion Items Clause: Evasion items are banned
|rule|Evasion Moves Clause: Evasion moves are banned
|rule|Evasion Abilities Clause: Evasion abilities are banned
|rule|Sleep Moves Clause: Sleep-inducing moves are banned
|clearpoke
|poke|p1|Dragonite, F|
|poke|p1|Samurott-Hisui, M|
|poke|p1|Clefable, F|
|poke|p1|Gliscor, M|
|poke|p1|Gholdengo|
|poke|p1|Zamazenta-*|
|poke|p2|Tyranitar, F|
|poke|p2|Excadrill, M|
|poke|p2|Sinistcha|
|poke|p2|Gastrodon, F|
|poke|p2|Tornadus-Therian, M|
|poke|p2|Gallade, M|
|teampreview
|j| soldyawife
|inactive|Battle timer is ON: inactive players will automatically lose when time's up. (requested by 8daniel8)
|
|t:|1781505783
|teamsize|p1|6
|teamsize|p2|6
|start
|switch|p1a: Clefable|Clefable, F|100/100
|switch|p2a: Gallade|Gallade, M|100/100
|turn|1
|
|t:|1781505792
|move|p2a: Gallade|Psycho Cut|p1a: Clefable
|-damage|p1a: Clefable|63/100
|move|p1a: Clefable|Knock Off|p2a: Gallade
|-damage|p2a: Gallade|76/100
|-enditem|p2a: Gallade|Expert Belt|[from] move: Knock Off|[of] p1a: Clefable
|
|upkeep
|turn|2
|
|t:|1781505799
|move|p2a: Gallade|Psycho Cut|p1a: Clefable
|-damage|p1a: Clefable|23/100
|move|p1a: Clefable|Moonlight|p1a: Clefable
|-heal|p1a: Clefable|73/100
|
|upkeep
|turn|3
|
|t:|1781505805
|move|p2a: Gallade|Psycho Cut|p1a: Clefable
|-damage|p1a: Clefable|32/100
|move|p1a: Clefable|Moonblast|p2a: Gallade
|-supereffective|p2a: Gallade
|-damage|p2a: Gallade|11/100
|
|upkeep
|turn|4
|
|t:|1781505813
|switch|p1a: Gholdengo|Gholdengo|100/100
|move|p2a: Gallade|Leaf Blade|p1a: Gholdengo
|-resisted|p1a: Gholdengo
|-damage|p1a: Gholdengo|75/100
|
|upkeep
|turn|5
|
|t:|1781505822
|move|p1a: Gholdengo|Shadow Ball|p2a: Gallade
|-supereffective|p2a: Gallade
|-damage|p2a: Gallade|0 fnt
|faint|p2a: Gallade
|
|upkeep
|
|t:|1781505829
|switch|p2a: Tornadus|Tornadus-Therian, M|100/100
|turn|6
|
|t:|1781505838
|switch|p1a: Clefable|Clefable, F|32/100
|move|p2a: Tornadus|Heat Wave|p1a: Clefable
|-damage|p1a: Clefable|0 fnt
|faint|p1a: Clefable
|-damage|p2a: Tornadus|91/100|[from] item: Life Orb
|
|upkeep
|
|t:|1781505844
|switch|p1a: Samurott|Samurott-Hisui, M|100/100
|turn|7
|
|t:|1781505851
|move|p2a: Tornadus|U-turn|p1a: Samurott
|-supereffective|p1a: Samurott
|-damage|p1a: Samurott|61/100
|-damage|p2a: Tornadus|81/100|[from] item: Life Orb
|
|t:|1781505863
|switch|p2a: Tyranitar|Tyranitar, F|100/100|[from] U-turn
|-weather|Sandstorm|[from] ability: Sand Stream|[of] p2a: Tyranitar
|move|p1a: Samurott|Knock Off|p2a: Tyranitar
|-resisted|p2a: Tyranitar
|-damage|p2a: Tyranitar|82/100
|-enditem|p2a: Tyranitar|Assault Vest|[from] move: Knock Off|[of] p1a: Samurott
|
|-weather|Sandstorm|[upkeep]
|-damage|p1a: Samurott|55/100|[from] Sandstorm
|upkeep
|turn|8
|
|t:|1781505875
|switch|p2a: Tornadus|Tornadus-Therian, M|100/100
|move|p1a: Samurott|Razor Shell|p2a: Tornadus
|-damage|p2a: Tornadus|33/100
|-unboost|p2a: Tornadus|def|1
|
|-weather|Sandstorm|[upkeep]
|-damage|p2a: Tornadus|27/100|[from] Sandstorm
|-damage|p1a: Samurott|49/100|[from] Sandstorm
|upkeep
|turn|9
|
|t:|1781505887
|move|p2a: Tornadus|Bleakwind Storm|p1a: Samurott
|-damage|p1a: Samurott|3/100
|-unboost|p1a: Samurott|spe|1
|-damage|p2a: Tornadus|18/100|[from] item: Life Orb
|move|p1a: Samurott|Ceaseless Edge|p2a: Tornadus
|-damage|p2a: Tornadus|0 fnt
|-sidestart|p2: 8daniel8|Spikes
|faint|p2a: Tornadus
|
|-weather|Sandstorm|[upkeep]
|-damage|p1a: Samurott|0 fnt|[from] Sandstorm
|faint|p1a: Samurott
|upkeep
|inactive|8daniel8 has 120 seconds left.
|
|t:|1781505932
|switch|p2a: Sinistcha|Sinistcha|100/100
|switch|p1a: Gliscor|Gliscor, M|100/100
|-damage|p2a: Sinistcha|88/100|[from] Spikes
|turn|10
|
|t:|1781505941
|move|p1a: Gliscor|Swords Dance|p1a: Gliscor
|-boost|p1a: Gliscor|atk|2
|move|p2a: Sinistcha|Calm Mind|p2a: Sinistcha
|-boost|p2a: Sinistcha|spa|1
|-boost|p2a: Sinistcha|spd|1
|
|-weather|Sandstorm|[upkeep]
|-damage|p2a: Sinistcha|82/100|[from] Sandstorm
|-status|p1a: Gliscor|tox|[from] item: Toxic Orb
|upkeep
|turn|11
|
|t:|1781505951
|move|p1a: Gliscor|Swords Dance|p1a: Gliscor
|-boost|p1a: Gliscor|atk|2
|move|p2a: Sinistcha|Matcha Gotcha|p1a: Gliscor
|-damage|p1a: Gliscor|56/100 tox
|-heal|p2a: Sinistcha|100/100|[from] drain|[of] p1a: Gliscor
|
|-weather|none
|-heal|p1a: Gliscor|69/100 tox|[from] ability: Poison Heal
|upkeep
|turn|12
|
|t:|1781505962
|move|p1a: Gliscor|Knock Off|p2a: Sinistcha
|-supereffective|p2a: Sinistcha
|-enditem|p2a: Sinistcha|Colbur Berry|[eat]
|-enditem|p2a: Sinistcha|Colbur Berry|[weaken]
|-damage|p2a: Sinistcha|56/100
|move|p2a: Sinistcha|Strength Sap|p1a: Gliscor
|-unboost|p1a: Gliscor|atk|1
|-heal|p2a: Sinistcha|100/100
|
|-heal|p1a: Gliscor|81/100 tox|[from] ability: Poison Heal
|upkeep
|turn|13
|
|t:|1781505977
|move|p1a: Gliscor|Swords Dance|p1a: Gliscor
|-boost|p1a: Gliscor|atk|2
|move|p2a: Sinistcha|Calm Mind|p2a: Sinistcha
|-boost|p2a: Sinistcha|spa|1
|-boost|p2a: Sinistcha|spd|1
|
|-heal|p1a: Gliscor|94/100 tox|[from] ability: Poison Heal
|upkeep
|turn|14
|
|t:|1781505985
|move|p1a: Gliscor|Swords Dance|p1a: Gliscor
|-boost|p1a: Gliscor|atk|1
|move|p2a: Sinistcha|Matcha Gotcha|p1a: Gliscor
|-damage|p1a: Gliscor|38/100 tox
|
|-heal|p1a: Gliscor|50/100 tox|[from] ability: Poison Heal
|upkeep
|turn|15
|inactive|8daniel8 has 120 seconds left.
|
|t:|1781505995
|move|p1a: Gliscor|Protect|p1a: Gliscor
|-singleturn|p1a: Gliscor|Protect
|move|p2a: Sinistcha|Matcha Gotcha|p1a: Gliscor
|-activate|p1a: Gliscor|move: Protect
|
|-heal|p1a: Gliscor|63/100 tox|[from] ability: Poison Heal
|upkeep
|turn|16
|
|t:|1781506004
|move|p1a: Gliscor|Knock Off|p2a: Sinistcha
|-supereffective|p2a: Sinistcha
|-damage|p2a: Sinistcha|22/100
|move|p2a: Sinistcha|Matcha Gotcha|p1a: Gliscor
|-damage|p1a: Gliscor|2/100 tox
|-heal|p2a: Sinistcha|54/100|[from] drain|[of] p1a: Gliscor
|
|-heal|p1a: Gliscor|14/100 tox|[from] ability: Poison Heal
|upkeep
|turn|17
|
|t:|1781506016
|-terastallize|p2a: Sinistcha|Fairy
|move|p1a: Gliscor|Protect|p1a: Gliscor
|-singleturn|p1a: Gliscor|Protect
|move|p2a: Sinistcha|Strength Sap|p1a: Gliscor
|-activate|p1a: Gliscor|move: Protect
|
|-heal|p1a: Gliscor|27/100 tox|[from] ability: Poison Heal
|upkeep
|turn|18
|
|t:|1781506025
|move|p1a: Gliscor|Facade|p2a: Sinistcha
|-damage|p2a: Sinistcha|0 fnt
|faint|p2a: Sinistcha
|
|-heal|p1a: Gliscor|39/100 tox|[from] ability: Poison Heal
|upkeep
|c| soldyawife|shiest
|
|t:|1781506033
|switch|p2a: Excadrill|Excadrill, M|100/100
|-item|p2a: Excadrill|Air Balloon
|turn|19
|
|t:|1781506039
|move|p1a: Gliscor|Protect|p1a: Gliscor
|-singleturn|p1a: Gliscor|Protect
|move|p2a: Excadrill|Iron Head|p1a: Gliscor
|-activate|p1a: Gliscor|move: Protect
|
|-heal|p1a: Gliscor|52/100 tox|[from] ability: Poison Heal
|upkeep
|turn|20
|
|t:|1781506051
|move|p2a: Excadrill|Iron Head|p1a: Gliscor
|-damage|p1a: Gliscor|17/100 tox
|cant|p1a: Gliscor|flinch
|
|-heal|p1a: Gliscor|29/100 tox|[from] ability: Poison Heal
|upkeep
|turn|21
|
|t:|1781506062
|move|p2a: Excadrill|Iron Head|p1a: Gliscor
|-damage|p1a: Gliscor|0 fnt
|faint|p1a: Gliscor
|
|upkeep
|
|t:|1781506065
|switch|p1a: Zamazenta|Zamazenta|100/100
|-ability|p1a: Zamazenta|Dauntless Shield|boost
|-boost|p1a: Zamazenta|def|1
|turn|22
|-message|8daniel8 forfeited.
|
|win|arturohdez
|raw|arturohdez's rating: 1610 &rarr; <strong>1626</strong><br />(+16 for winning)
|raw|8daniel8's rating: 1542 &rarr; <strong>1526</strong><br />(-16 for losing)
|l|☆8daniel8
|player|p2|
|l| soldyawife
|l|☆arturohdez
|player|p1|
