|j|☆KurisuChestnutLab
|j|☆drop a baby
|t:|1781129067
|gametype|singles
|player|p1|KurisuChestnutLab|may-contest|1628
|player|p2|drop a baby|chase|1796
|gen|9
|tier|[Gen 9] OU
|rated|
|rule|HP Percentage Mod: HP is shown in percentages
|rule|Endless Battle Clause: Forcing endless battles is banned
|rule|Species Clause: Limit one of each Pokémon
|rule|OHKO Clause: OHKO moves are banned
|rule|Evasion Items Clause: Evasion items are banned
|rule|Evasion Moves Clause: Evasion moves are banned
|rule|Evasion Abilities Clause: Evasion abilities are banned
|rule|Sleep Moves Clause: Sleep-inducing moves are banned
|clearpoke
|poke|p1|Zamazenta-*|
|poke|p1|Zapdos|
|poke|p1|Garganacl, M|
|poke|p1|Clefable, F|
|poke|p1|Samurott-Hisui, F|
|poke|p1|Gholdengo|
|poke|p2|Enamorus, F|
|poke|p2|Dragapult, M|
|poke|p2|Iron Valiant|
|poke|p2|Gholdengo|
|poke|p2|Iron Treads|
|poke|p2|Kingambit, M|
|teampreview
|
|t:|1781129074
|teamsize|p1|6
|teamsize|p2|6
|start
|switch|p1a: Gholdengo|Gholdengo|100/100
|switch|p2a: Enamorus|Enamorus, F|100/100
|turn|1
|inactive|Battle timer is ON: inactive players will automatically lose when time's up. (requested by KurisuChestnutLab)
|
|t:|1781129080
|switch|p2a: Iron Treads|Iron Treads|100/100
|-enditem|p2a: Iron Treads|Booster Energy
|-activate|p2a: Iron Treads|ability: Quark Drive|[fromitem]
|-start|p2a: Iron Treads|quarkdrivespe
|move|p1a: Gholdengo|Make It Rain|p2a: Iron Treads
|-resisted|p2a: Iron Treads
|-damage|p2a: Iron Treads|62/100
|-unboost|p1a: Gholdengo|spa|1
|
|upkeep
|turn|2
|c|☆drop a baby|Hf bigger bro
|
|t:|1781129089
|switch|p1a: Zamazenta|Zamazenta|100/100
|-ability|p1a: Zamazenta|Dauntless Shield|boost
|-boost|p1a: Zamazenta|def|1
|move|p2a: Iron Treads|Knock Off|p1a: Zamazenta
|-resisted|p1a: Zamazenta
|-damage|p1a: Zamazenta|94/100
|-enditem|p1a: Zamazenta|Leftovers|[from] move: Knock Off|[of] p2a: Iron Treads
|
|upkeep
|turn|3
|
|t:|1781129094
|move|p2a: Iron Treads|Stealth Rock|p1a: Zamazenta
|-sidestart|p1: KurisuChestnutLab|move: Stealth Rock
|move|p1a: Zamazenta|Body Press|p2a: Iron Treads
|-supereffective|p2a: Iron Treads
|-damage|p2a: Iron Treads|0 fnt
|faint|p2a: Iron Treads
|-end|p2a: Iron Treads|Quark Drive|[silent]
|
|upkeep
|
|t:|1781129110
|switch|p2a: Enamorus|Enamorus, F|100/100
|turn|4
|j| silver jay#2240
|
|t:|1781129117
|switch|p1a: Gholdengo|Gholdengo|100/100
|-damage|p1a: Gholdengo|94/100|[from] Stealth Rock
|move|p2a: Enamorus|Moonblast|p1a: Gholdengo
|-resisted|p1a: Gholdengo
|-damage|p1a: Gholdengo|67/100
|-unboost|p1a: Gholdengo|spa|1
|
|upkeep
|turn|5
|
|t:|1781129125
|switch|p2a: Kingambit|Kingambit, M|100/100
|-activate|p2a: Kingambit|ability: Supreme Overlord
|-start|p2a: Kingambit|fallen1|[silent]
|move|p1a: Gholdengo|Make It Rain|p2a: Kingambit
|-resisted|p2a: Kingambit
|-damage|p2a: Kingambit|75/100
|-unboost|p1a: Gholdengo|spa|1
|
|upkeep
|turn|6
|
|t:|1781129133
|switch|p1a: Zamazenta|Zamazenta|94/100
|-damage|p1a: Zamazenta|88/100|[from] Stealth Rock
|-end|p2a: Kingambit|fallen1|[silent]
|switch|p2a: Enamorus|Enamorus, F|100/100
|
|upkeep
|turn|7
|
|t:|1781129137
|switch|p1a: Garganacl|Garganacl, M|100/100
|-damage|p1a: Garganacl|88/100|[from] Stealth Rock
|move|p2a: Enamorus|Earth Power|p1a: Garganacl
|-supereffective|p1a: Garganacl
|-damage|p1a: Garganacl|49/100
|
|-heal|p1a: Garganacl|55/100|[from] item: Leftovers
|upkeep
|turn|8
|
|t:|1781129142
|-terastallize|p2a: Enamorus|Steel
|move|p2a: Enamorus|Substitute|p2a: Enamorus
|-start|p2a: Enamorus|Substitute
|-damage|p2a: Enamorus|76/100
|move|p1a: Garganacl|Salt Cure|p2a: Enamorus
|-resisted|p2a: Enamorus
|-activate|p2a: Enamorus|move: Substitute|[damage]
|
|-heal|p2a: Enamorus|82/100|[from] item: Leftovers
|-heal|p1a: Garganacl|61/100|[from] item: Leftovers
|upkeep
|turn|9
|
|t:|1781129145
|move|p2a: Enamorus|Calm Mind|p2a: Enamorus
|-boost|p2a: Enamorus|spa|1
|-boost|p2a: Enamorus|spd|1
|move|p1a: Garganacl|Recover|p1a: Garganacl
|-heal|p1a: Garganacl|100/100
|
|-heal|p2a: Enamorus|88/100|[from] item: Leftovers
|upkeep
|turn|10
|
|t:|1781129151
|move|p2a: Enamorus|Calm Mind|p2a: Enamorus
|-boost|p2a: Enamorus|spa|1
|-boost|p2a: Enamorus|spd|1
|move|p1a: Garganacl|Salt Cure|p2a: Enamorus
|-resisted|p2a: Enamorus
|-activate|p2a: Enamorus|move: Substitute|[damage]
|
|-heal|p2a: Enamorus|94/100|[from] item: Leftovers
|upkeep
|turn|11
|
|t:|1781129157
|move|p2a: Enamorus|Moonblast|p1a: Garganacl
|-damage|p1a: Garganacl|31/100
|-unboost|p1a: Garganacl|spa|1
|move|p1a: Garganacl|Salt Cure|p2a: Enamorus
|-resisted|p2a: Enamorus
|-end|p2a: Enamorus|Substitute
|
|-heal|p2a: Enamorus|100/100|[from] item: Leftovers
|-heal|p1a: Garganacl|37/100|[from] item: Leftovers
|upkeep
|turn|12
|
|t:|1781129161
|move|p2a: Enamorus|Substitute|p2a: Enamorus
|-start|p2a: Enamorus|Substitute
|-damage|p2a: Enamorus|76/100
|move|p1a: Garganacl|Salt Cure|p2a: Enamorus
|-resisted|p2a: Enamorus
|-crit|p2a: Enamorus
|-activate|p2a: Enamorus|move: Substitute|[damage]
|
|-heal|p2a: Enamorus|82/100|[from] item: Leftovers
|-heal|p1a: Garganacl|43/100|[from] item: Leftovers
|upkeep
|turn|13
|
|t:|1781129167
|move|p2a: Enamorus|Calm Mind|p2a: Enamorus
|-boost|p2a: Enamorus|spa|1
|-boost|p2a: Enamorus|spd|1
|move|p1a: Garganacl|Stealth Rock|p2a: Enamorus
|-sidestart|p2: drop a baby|move: Stealth Rock
|
|-heal|p2a: Enamorus|88/100|[from] item: Leftovers
|-heal|p1a: Garganacl|49/100|[from] item: Leftovers
|upkeep
|turn|14
|
|t:|1781129171
|move|p2a: Enamorus|Calm Mind|p2a: Enamorus
|-boost|p2a: Enamorus|spa|1
|-boost|p2a: Enamorus|spd|1
|move|p1a: Garganacl|Salt Cure|p2a: Enamorus
|-resisted|p2a: Enamorus
|-end|p2a: Enamorus|Substitute
|
|-heal|p2a: Enamorus|94/100|[from] item: Leftovers
|-heal|p1a: Garganacl|55/100|[from] item: Leftovers
|upkeep
|turn|15
|
|t:|1781129177
|move|p2a: Enamorus|Substitute|p2a: Enamorus
|-start|p2a: Enamorus|Substitute
|-damage|p2a: Enamorus|69/100
|move|p1a: Garganacl|Salt Cure|p2a: Enamorus
|-resisted|p2a: Enamorus
|-activate|p2a: Enamorus|move: Substitute|[damage]
|
|-heal|p2a: Enamorus|76/100|[from] item: Leftovers
|-heal|p1a: Garganacl|62/100|[from] item: Leftovers
|upkeep
|turn|16
|l| silver jay#2240
|
|t:|1781129182
|move|p2a: Enamorus|Calm Mind|p2a: Enamorus
|-boost|p2a: Enamorus|spa|1
|-boost|p2a: Enamorus|spd|1
|move|p1a: Garganacl|Recover|p1a: Garganacl
|-heal|p1a: Garganacl|100/100
|
|-heal|p2a: Enamorus|82/100|[from] item: Leftovers
|upkeep
|turn|17
|
|t:|1781129187
|switch|p1a: Clefable|Clefable, F|100/100
|move|p2a: Enamorus|Calm Mind|p2a: Enamorus
|-boost|p2a: Enamorus|spa|1
|-boost|p2a: Enamorus|spd|1
|
|-heal|p2a: Enamorus|88/100|[from] item: Leftovers
|upkeep
|turn|18
|
|t:|1781129189
|move|p2a: Enamorus|Moonblast|p1a: Clefable
|-damage|p1a: Clefable|53/100
|-unboost|p1a: Clefable|spa|1
|move|p1a: Clefable|Moonlight|p1a: Clefable
|-heal|p1a: Clefable|100/100
|
|-heal|p2a: Enamorus|94/100|[from] item: Leftovers
|upkeep
|turn|19
|
|t:|1781129195
|move|p2a: Enamorus|Moonblast|p1a: Clefable
|-damage|p1a: Clefable|49/100
|move|p1a: Clefable|Moonlight|p1a: Clefable
|-heal|p1a: Clefable|99/100
|
|-heal|p2a: Enamorus|100/100|[from] item: Leftovers
|upkeep
|turn|20
|
|t:|1781129198
|move|p2a: Enamorus|Moonblast|p1a: Clefable
|-damage|p1a: Clefable|49/100
|move|p1a: Clefable|Moonlight|p1a: Clefable
|-heal|p1a: Clefable|99/100
|
|upkeep
|turn|21
|
|t:|1781129202
|move|p2a: Enamorus|Moonblast|p1a: Clefable
|-damage|p1a: Clefable|49/100
|move|p1a: Clefable|Moonlight|p1a: Clefable
|-heal|p1a: Clefable|99/100
|
|upkeep
|turn|22
|
|t:|1781129209
|move|p2a: Enamorus|Moonblast|p1a: Clefable
|-damage|p1a: Clefable|53/100
|-unboost|p1a: Clefable|spa|1
|move|p1a: Clefable|Moonlight|p1a: Clefable
|-heal|p1a: Clefable|100/100
|
|upkeep
|turn|23
|
|t:|1781129217
|move|p2a: Enamorus|Moonblast|p1a: Clefable
|-damage|p1a: Clefable|50/100
|move|p1a: Clefable|Moonlight|p1a: Clefable
|-heal|p1a: Clefable|99/100
|
|upkeep
|turn|24
|
|t:|1781129221
|move|p2a: Enamorus|Moonblast|p1a: Clefable
|-damage|p1a: Clefable|48/100
|move|p1a: Clefable|Moonlight|p1a: Clefable
|-heal|p1a: Clefable|98/100
|
|upkeep
|turn|25
|
|t:|1781129229
|move|p2a: Enamorus|Moonblast|p1a: Clefable
|-damage|p1a: Clefable|51/100
|move|p1a: Clefable|Moonlight|p1a: Clefable
|-heal|p1a: Clefable|100/100
|
|upkeep
|turn|26
|
|t:|1781129236
|switch|p1a: Gholdengo|Gholdengo|67/100
|-damage|p1a: Gholdengo|61/100|[from] Stealth Rock
|move|p2a: Enamorus|Moonblast|p1a: Gholdengo
|-resisted|p1a: Gholdengo
|-damage|p1a: Gholdengo|0 fnt
|faint|p1a: Gholdengo
|
|upkeep
|
|t:|1781129239
|switch|p1a: Samurott|Samurott-Hisui, F|100/100
|-damage|p1a: Samurott|88/100|[from] Stealth Rock
|turn|27
|
|t:|1781129242
|move|p1a: Samurott|Ceaseless Edge|p2a: Enamorus
|-end|p2a: Enamorus|Substitute
|-sidestart|p2: drop a baby|Spikes
|move|p2a: Enamorus|Moonblast|p1a: Samurott
|-supereffective|p1a: Samurott
|-damage|p1a: Samurott|0 fnt
|faint|p1a: Samurott
|
|upkeep
|
|t:|1781129249
|switch|p1a: Zamazenta|Zamazenta|88/100
|-damage|p1a: Zamazenta|82/100|[from] Stealth Rock
|turn|28
|
|t:|1781129256
|switch|p2a: Iron Valiant|Iron Valiant|100/100
|-damage|p2a: Iron Valiant|94/100|[from] Stealth Rock
|-damage|p2a: Iron Valiant|82/100|[from] Spikes
|-enditem|p2a: Iron Valiant|Booster Energy
|-activate|p2a: Iron Valiant|ability: Quark Drive|[fromitem]
|-start|p2a: Iron Valiant|quarkdrivespe
|move|p1a: Zamazenta|Body Press|p2a: Iron Valiant
|-resisted|p2a: Iron Valiant
|-damage|p2a: Iron Valiant|62/100
|
|upkeep
|turn|29
|
|t:|1781129260
|switch|p1a: Garganacl|Garganacl, M|100/100
|-damage|p1a: Garganacl|88/100|[from] Stealth Rock
|move|p2a: Iron Valiant|Swords Dance|p2a: Iron Valiant
|-boost|p2a: Iron Valiant|atk|2
|
|-heal|p1a: Garganacl|94/100|[from] item: Leftovers
|upkeep
|turn|30
|
|t:|1781129265
|move|p2a: Iron Valiant|Knock Off|p1a: Garganacl
|-damage|p1a: Garganacl|46/100
|-enditem|p1a: Garganacl|Leftovers|[from] move: Knock Off|[of] p2a: Iron Valiant
|move|p1a: Garganacl|Salt Cure|p2a: Iron Valiant
|-resisted|p2a: Iron Valiant
|-damage|p2a: Iron Valiant|54/100
|-start|p2a: Iron Valiant|Salt Cure
|
|-damage|p2a: Iron Valiant|41/100|[from] Salt Cure
|upkeep
|turn|31
|
|t:|1781129270
|switch|p1a: Zapdos|Zapdos|100/100
|move|p2a: Iron Valiant|Close Combat|p1a: Zapdos
|-resisted|p1a: Zapdos
|-damage|p1a: Zapdos|59/100
|-unboost|p2a: Iron Valiant|def|1
|-unboost|p2a: Iron Valiant|spd|1
|-status|p2a: Iron Valiant|par|[from] ability: Static|[of] p1a: Zapdos
|
|-damage|p2a: Iron Valiant|29/100 par|[from] Salt Cure
|upkeep
|turn|32
|
|t:|1781129273
|move|p2a: Iron Valiant|Spirit Break|p1a: Zapdos
|-damage|p1a: Zapdos|8/100
|-unboost|p1a: Zapdos|spa|1
|move|p1a: Zapdos|Roost|p1a: Zapdos
|-heal|p1a: Zapdos|58/100
|-singleturn|p1a: Zapdos|move: Roost
|
|-damage|p2a: Iron Valiant|16/100 par|[from] Salt Cure
|upkeep
|turn|33
|
|t:|1781129277
|move|p2a: Iron Valiant|Knock Off|p1a: Zapdos
|-damage|p1a: Zapdos|9/100
|-enditem|p1a: Zapdos|Heavy-Duty Boots|[from] move: Knock Off|[of] p2a: Iron Valiant
|move|p1a: Zapdos|Roost|p1a: Zapdos
|-heal|p1a: Zapdos|60/100
|-singleturn|p1a: Zapdos|move: Roost
|
|-damage|p2a: Iron Valiant|4/100 par|[from] Salt Cure
|upkeep
|turn|34
|
|t:|1781129281
|move|p2a: Iron Valiant|Spirit Break|p1a: Zapdos
|-damage|p1a: Zapdos|0 fnt
|faint|p1a: Zapdos
|
|-damage|p2a: Iron Valiant|0 fnt|[from] Salt Cure
|faint|p2a: Iron Valiant
|-end|p2a: Iron Valiant|Quark Drive|[silent]
|upkeep
|
|t:|1781129286
|switch|p2a: Gholdengo|Gholdengo|100/100
|switch|p1a: Zamazenta|Zamazenta|82/100
|-damage|p1a: Zamazenta|75/100|[from] Stealth Rock
|-damage|p2a: Gholdengo|94/100|[from] Stealth Rock
|-item|p2a: Gholdengo|Air Balloon
|turn|35
|
|t:|1781129293
|move|p1a: Zamazenta|Crunch|p2a: Gholdengo
|-supereffective|p2a: Gholdengo
|-damage|p2a: Gholdengo|48/100
|-unboost|p2a: Gholdengo|def|1
|-enditem|p2a: Gholdengo|Air Balloon
|move|p2a: Gholdengo|Make It Rain|p1a: Zamazenta
|-damage|p1a: Zamazenta|23/100
|-unboost|p2a: Gholdengo|spa|1
|
|upkeep
|turn|36
|
|t:|1781129298
|move|p1a: Zamazenta|Crunch|p2a: Gholdengo
|-supereffective|p2a: Gholdengo
|-damage|p2a: Gholdengo|0 fnt
|faint|p2a: Gholdengo
|
|upkeep
|
|t:|1781129300
|switch|p2a: Dragapult|Dragapult, M|100/100
|-damage|p2a: Dragapult|88/100|[from] Stealth Rock
|-damage|p2a: Dragapult|76/100|[from] Spikes
|turn|37
|
|t:|1781129304
|move|p2a: Dragapult|Shadow Ball|p1a: Zamazenta
|-damage|p1a: Zamazenta|0 fnt
|faint|p1a: Zamazenta
|-damage|p2a: Dragapult|66/100|[from] item: Life Orb
|
|upkeep
|
|t:|1781129312
|switch|p1a: Garganacl|Garganacl, M|46/100
|-damage|p1a: Garganacl|33/100|[from] Stealth Rock
|turn|38
|
|t:|1781129317
|switch|p1a: Clefable|Clefable, F|100/100
|move|p2a: Dragapult|Dragon Darts|p1a: Clefable
|-immune|p1a: Clefable
|
|upkeep
|turn|39
|
|t:|1781129324
|move|p2a: Dragapult|Shadow Ball|p1a: Clefable
|-damage|p1a: Clefable|62/100
|-damage|p2a: Dragapult|56/100|[from] item: Life Orb
|move|p1a: Clefable|Thunder Wave|p2a: Dragapult
|-status|p2a: Dragapult|par
|
|upkeep
|turn|40
|
|t:|1781129328
|switch|p1a: Garganacl|Garganacl, M|33/100
|-damage|p1a: Garganacl|21/100|[from] Stealth Rock
|move|p2a: Dragapult|Shadow Ball|p1a: Garganacl
|-damage|p1a: Garganacl|8/100
|-damage|p2a: Dragapult|47/100 par|[from] item: Life Orb
|
|upkeep
|turn|41
|
|t:|1781129333
|move|p2a: Dragapult|Dragon Darts|p1a: Garganacl
|-damage|p1a: Garganacl|0 fnt
|faint|p1a: Garganacl
|-damage|p2a: Dragapult|37/100 par|[from] item: Life Orb
|
|upkeep
|
|t:|1781129337
|switch|p1a: Clefable|Clefable, F|62/100
|turn|42
|
|t:|1781129342
|move|p2a: Dragapult|Shadow Ball|p1a: Clefable
|-damage|p1a: Clefable|25/100
|-damage|p2a: Dragapult|27/100 par|[from] item: Life Orb
|move|p1a: Clefable|Thunder Wave|p2a: Dragapult
|-fail|p2a: Dragapult|par
|
|upkeep
|turn|43
|
|t:|1781129346
|move|p2a: Dragapult|Shadow Ball|p1a: Clefable
|-damage|p1a: Clefable|0 fnt
|faint|p1a: Clefable
|-damage|p2a: Dragapult|17/100 par|[from] item: Life Orb
|
|win|drop a baby
|raw|KurisuChestnutLab's rating: 1628 &rarr; <strong>1617</strong><br />(-11 for losing)
|raw|drop a baby's rating: 1796 &rarr; <strong>1807</strong><br />(+11 for winning)
