|j|☆testingrainteam2
|j|☆omari p
|t:|1781549237
|gametype|singles
|player|p1|testingrainteam2|unknown|1545
|player|p2|omari p|pokemonrangerf|1639
|gen|9
|tier|[Gen 9] OU
|rated|
|rule|HP Percentage Mod: HP is shown in percentages
|rule|Endless Battle Clause: Forcing endless battles is banned
|rule|Species Clause: Limit one of each Pokémon
|rule|OHKO Clause: OHKO moves are banned
|rule|Evasion Items Clause: Evasion items are banned
|rule|Evasion Moves Clause: Evasion moves are banned
|rule|Evasion Abilities Clause: Evasion abilities are banned
|rule|Sleep Moves Clause: Sleep-inducing moves are banned
|clearpoke
|poke|p1|Pelipper, F|
|poke|p1|Hatterene, F|
|poke|p1|Iron Treads|
|poke|p1|Toxicroak, F|
|poke|p1|Barraskewda, F|
|poke|p1|Kilowattrel, F|
|poke|p2|Hoopa|
|poke|p2|Cinderace, F|
|poke|p2|Mandibuzz, F|
|poke|p2|Kyurem|
|poke|p2|Ting-Lu|
|poke|p2|Manaphy|
|teampreview
|inactive|Battle timer is ON: inactive players will automatically lose when time's up. (requested by testingrainteam2)
|
|t:|1781549247
|teamsize|p1|6
|teamsize|p2|6
|start
|switch|p1a: Barraskewda|Barraskewda, F|100/100
|switch|p2a: Kyurem|Kyurem|100/100
|-ability|p2a: Kyurem|Pressure
|turn|1
|inactive|omari p has 120 seconds left.
|
|t:|1781549293
|switch|p1a: Iron Treads|Iron Treads|100/100
|move|p2a: Kyurem|Freeze-Dry|p1a: Iron Treads
|-damage|p1a: Iron Treads|70/100
|
|-heal|p1a: Iron Treads|76/100|[from] item: Leftovers
|upkeep
|turn|2
|
|t:|1781549297
|switch|p2a: Mandibuzz|Mandibuzz, F, shiny|100/100
|move|p1a: Iron Treads|Stealth Rock|p2a: Mandibuzz
|-sidestart|p2: omari p|move: Stealth Rock
|
|-heal|p1a: Iron Treads|82/100|[from] item: Leftovers
|upkeep
|turn|3
|inactive|omari p has 120 seconds left.
|
|t:|1781549329
|move|p1a: Iron Treads|Volt Switch|p2a: Mandibuzz
|-supereffective|p2a: Mandibuzz
|-damage|p2a: Mandibuzz|81/100
|
|t:|1781549333
|-end|p1a: Iron Treads|Quark Drive|[silent]
|switch|p1a: Pelipper|Pelipper, F|100/100|[from] Volt Switch
|-weather|RainDance|[from] ability: Drizzle|[of] p1a: Pelipper
|move|p2a: Mandibuzz|Defog|p1a: Pelipper
|-unboost|p1a: Pelipper|evasion|1
|-sideend|p2: omari p|Stealth Rock|[from] move: Defog|[of] p2a: Mandibuzz
|
|-weather|RainDance|[upkeep]
|upkeep
|turn|4
|
|t:|1781549347
|move|p2a: Mandibuzz|Toxic|p1a: Pelipper
|-status|p1a: Pelipper|tox
|move|p1a: Pelipper|Knock Off|p2a: Mandibuzz
|-resisted|p2a: Mandibuzz
|-damage|p2a: Mandibuzz|77/100
|-damage|p1a: Pelipper|84/100 tox|[from] item: Rocky Helmet|[of] p2a: Mandibuzz
|-enditem|p2a: Mandibuzz|Rocky Helmet|[from] move: Knock Off|[of] p1a: Pelipper
|
|-weather|RainDance|[upkeep]
|-damage|p1a: Pelipper|78/100 tox|[from] psn
|upkeep
|turn|5
|
|t:|1781549355
|move|p2a: Mandibuzz|Roost|p2a: Mandibuzz
|-heal|p2a: Mandibuzz|100/100
|-singleturn|p2a: Mandibuzz|move: Roost
|move|p1a: Pelipper|U-turn|p2a: Mandibuzz
|-supereffective|p2a: Mandibuzz
|-damage|p2a: Mandibuzz|90/100
|
|t:|1781549360
|switch|p1a: Kilowattrel|Kilowattrel, F|100/100|[from] U-turn
|
|-weather|RainDance|[upkeep]
|upkeep
|turn|6
|
|t:|1781549372
|switch|p2a: Ting-Lucifer|Ting-Lu|100/100
|-ability|p2a: Ting-Lucifer|Vessel of Ruin
|move|p1a: Kilowattrel|Weather Ball|p2a: Ting-Lucifer
|-supereffective|p2a: Ting-Lucifer
|-damage|p2a: Ting-Lucifer|28/100
|-enditem|p2a: Ting-Lucifer|Weakness Policy
|-boost|p2a: Ting-Lucifer|atk|2|[from] item: Weakness Policy
|-boost|p2a: Ting-Lucifer|spa|2|[from] item: Weakness Policy
|
|-weather|RainDance|[upkeep]
|upkeep
|turn|7
|
|t:|1781549375
|move|p1a: Kilowattrel|Weather Ball|p2a: Ting-Lucifer
|-supereffective|p2a: Ting-Lucifer
|-damage|p2a: Ting-Lucifer|0 fnt
|faint|p2a: Ting-Lucifer
|
|-weather|RainDance|[upkeep]
|upkeep
|
|t:|1781549378
|switch|p2a: Kyurem|Kyurem|100/100
|-ability|p2a: Kyurem|Pressure
|turn|8
|
|t:|1781549382
|switch|p1a: Hatterene|Hatterene, F|100/100
|move|p2a: Kyurem|Ice Beam|p1a: Hatterene
|-crit|p1a: Hatterene
|-damage|p1a: Hatterene|28/100
|-enditem|p1a: Hatterene|Eject Button
|
|t:|1781549390
|switch|p1a: Barraskewda|Barraskewda, F|100/100
|
|-weather|RainDance|[upkeep]
|upkeep
|turn|9
|
|t:|1781549397
|-terastallize|p1a: Barraskewda|Water
|move|p1a: Barraskewda|Flip Turn|p2a: Kyurem
|-resisted|p2a: Kyurem
|-damage|p2a: Kyurem|49/100
|
|t:|1781549401
|switch|p1a: Hatterene|Hatterene, F|28/100|[from] Flip Turn
|move|p2a: Kyurem|Ice Beam|p1a: Hatterene
|-damage|p1a: Hatterene|0 fnt
|faint|p1a: Hatterene
|
|-weather|RainDance|[upkeep]
|upkeep
|
|t:|1781549403
|switch|p1a: Barraskewda|Barraskewda, F, tera:Water|100/100
|turn|10
|
|t:|1781549407
|switch|p2a: Cinderace|Cinderace, F|100/100
|move|p1a: Barraskewda|Flip Turn|p2a: Cinderace
|-supereffective|p2a: Cinderace
|-damage|p2a: Cinderace|0 fnt
|faint|p2a: Cinderace
|
|t:|1781549415
|switch|p1a: Kilowattrel|Kilowattrel, F|100/100|[from] Flip Turn
|
|-weather|none
|upkeep
|
|t:|1781549436
|switch|p2a: Kyurem|Kyurem|49/100
|-ability|p2a: Kyurem|Pressure
|turn|11
|
|t:|1781549440
|switch|p1a: Toxicroak|Toxicroak, F|100/100
|move|p2a: Kyurem|Ice Beam|p1a: Toxicroak
|-damage|p1a: Toxicroak|34/100
|
|upkeep
|turn|12
|
|t:|1781549444
|move|p2a: Kyurem|Ice Beam|p1a: Toxicroak
|-damage|p1a: Toxicroak|0 fnt
|faint|p1a: Toxicroak
|
|upkeep
|
|t:|1781549449
|switch|p1a: Pelipper|Pelipper, F|78/100 tox
|-weather|RainDance|[from] ability: Drizzle|[of] p1a: Pelipper
|turn|13
|
|t:|1781549452
|move|p2a: Kyurem|Ice Beam|p1a: Pelipper
|-damage|p1a: Pelipper|34/100 tox
|move|p1a: Pelipper|U-turn|p2a: Kyurem
|-damage|p2a: Kyurem|40/100
|
|t:|1781549470
|switch|p1a: Kilowattrel|Kilowattrel, F|100/100|[from] U-turn
|
|-weather|RainDance|[upkeep]
|upkeep
|turn|14
|
|t:|1781549475
|move|p2a: Kyurem|Ice Beam|p1a: Kilowattrel
|-supereffective|p1a: Kilowattrel
|-damage|p1a: Kilowattrel|0 fnt
|faint|p1a: Kilowattrel
|
|-weather|RainDance|[upkeep]
|upkeep
|
|t:|1781549478
|switch|p1a: Barraskewda|Barraskewda, F, tera:Water|100/100
|turn|15
|
|t:|1781549483
|move|p1a: Barraskewda|Liquidation|p2a: Kyurem
|-resisted|p2a: Kyurem
|-damage|p2a: Kyurem|0 fnt
|faint|p2a: Kyurem
|
|-weather|RainDance|[upkeep]
|upkeep
|
|t:|1781549486
|switch|p2a: Manaphy|Manaphy|100/100
|turn|16
|
|t:|1781549492
|move|p1a: Barraskewda|Liquidation|p2a: Manaphy
|-resisted|p2a: Manaphy
|-crit|p2a: Manaphy
|-damage|p2a: Manaphy|17/100
|move|p2a: Manaphy|Scald|p1a: Barraskewda
|-resisted|p1a: Barraskewda
|-damage|p1a: Barraskewda|54/100
|-status|p1a: Barraskewda|brn
|
|-weather|RainDance|[upkeep]
|-heal|p2a: Manaphy|24/100|[from] item: Leftovers
|-damage|p1a: Barraskewda|48/100 brn|[from] brn
|upkeep
|turn|17
|
|t:|1781549502
|move|p1a: Barraskewda|Liquidation|p2a: Manaphy
|-resisted|p2a: Manaphy
|-damage|p2a: Manaphy|0 fnt
|faint|p2a: Manaphy
|
|-weather|RainDance|[upkeep]
|-damage|p1a: Barraskewda|42/100 brn|[from] brn
|upkeep
|
|t:|1781549504
|switch|p2a: Mandibuzz|Mandibuzz, F, shiny|90/100
|turn|18
|
|t:|1781549511
|switch|p1a: Iron Treads|Iron Treads|82/100
|move|p2a: Mandibuzz|Foul Play|p1a: Iron Treads
|-damage|p1a: Iron Treads|56/100
|
|-weather|RainDance|[upkeep]
|-heal|p1a: Iron Treads|62/100|[from] item: Leftovers
|upkeep
|turn|19
|
|t:|1781549514
|move|p1a: Iron Treads|Stealth Rock|p2a: Mandibuzz
|-sidestart|p2: omari p|move: Stealth Rock
|move|p2a: Mandibuzz|Roost|p2a: Mandibuzz
|-heal|p2a: Mandibuzz|100/100
|-singleturn|p2a: Mandibuzz|move: Roost
|
|-weather|RainDance|[upkeep]
|-heal|p1a: Iron Treads|68/100|[from] item: Leftovers
|upkeep
|turn|20
|
|t:|1781549520
|move|p1a: Iron Treads|Volt Switch|p2a: Mandibuzz
|-supereffective|p2a: Mandibuzz
|-damage|p2a: Mandibuzz|82/100
|
|t:|1781549522
|-end|p1a: Iron Treads|Quark Drive|[silent]
|switch|p1a: Pelipper|Pelipper, F|34/100 tox|[from] Volt Switch
|move|p2a: Mandibuzz|Foul Play|p1a: Pelipper
|-damage|p1a: Pelipper|14/100 tox
|
|-weather|none
|-damage|p1a: Pelipper|8/100 tox|[from] psn
|upkeep
|turn|21
|
|t:|1781549523
|move|p2a: Mandibuzz|Foul Play|p1a: Pelipper
|-damage|p1a: Pelipper|0 fnt
|faint|p1a: Pelipper
|
|upkeep
|
|t:|1781549527
|switch|p1a: Barraskewda|Barraskewda, F, tera:Water|42/100 brn
|turn|22
|
|t:|1781549531
|move|p1a: Barraskewda|Flip Turn|p2a: Mandibuzz
|-damage|p2a: Mandibuzz|63/100
|
|t:|1781549534
|switch|p1a: Iron Treads|Iron Treads|68/100|[from] Flip Turn
|move|p2a: Mandibuzz|Foul Play|p1a: Iron Treads
|-damage|p1a: Iron Treads|42/100
|
|-heal|p1a: Iron Treads|48/100|[from] item: Leftovers
|upkeep
|turn|23
|
|t:|1781549536
|move|p1a: Iron Treads|Volt Switch|p2a: Mandibuzz
|-supereffective|p2a: Mandibuzz
|-damage|p2a: Mandibuzz|44/100
|
|t:|1781549537
|-end|p1a: Iron Treads|Quark Drive|[silent]
|switch|p1a: Barraskewda|Barraskewda, F, tera:Water|42/100 brn|[from] Volt Switch
|move|p2a: Mandibuzz|Roost|p2a: Mandibuzz
|-heal|p2a: Mandibuzz|94/100
|-singleturn|p2a: Mandibuzz|move: Roost
|
|-damage|p1a: Barraskewda|36/100 brn|[from] brn
|upkeep
|turn|24
|
|t:|1781549540
|move|p1a: Barraskewda|Flip Turn|p2a: Mandibuzz
|-damage|p2a: Mandibuzz|73/100
|
|t:|1781549543
|switch|p1a: Iron Treads|Iron Treads|48/100|[from] Flip Turn
|move|p2a: Mandibuzz|Foul Play|p1a: Iron Treads
|-damage|p1a: Iron Treads|20/100
|
|-heal|p1a: Iron Treads|26/100|[from] item: Leftovers
|upkeep
|turn|25
|
|t:|1781549545
|move|p1a: Iron Treads|Rapid Spin|p2a: Mandibuzz
|-damage|p2a: Mandibuzz|66/100
|-boost|p1a: Iron Treads|spe|1
|move|p2a: Mandibuzz|Roost|p2a: Mandibuzz
|-heal|p2a: Mandibuzz|100/100
|-singleturn|p2a: Mandibuzz|move: Roost
|
|-heal|p1a: Iron Treads|32/100|[from] item: Leftovers
|upkeep
|turn|26
|-message|testingrainteam2 forfeited.
|
|win|omari p
|raw|testingrainteam2's rating: 1545 &rarr; <strong>1531</strong><br />(-14 for losing)
|raw|omari p's rating: 1660 &rarr; <strong>1674</strong><br />(+14 for winning)
|l|☆testingrainteam2
|player|p1|
|l|☆omari p
|player|p2|
