|j|☆n5v
|j|‽thraggnezone
|t:|1781207584
|gametype|singles
|player|p1|n5v|leon-masters|1747
|player|p2|thraggnezone|clown|1745
|gen|9
|tier|[Gen 9] OU
|rated|
|rule|HP Percentage Mod: HP is shown in percentages
|rule|Endless Battle Clause: Forcing endless battles is banned
|rule|Species Clause: Limit one of each Pokémon
|rule|OHKO Clause: OHKO moves are banned
|rule|Evasion Items Clause: Evasion items are banned
|rule|Evasion Moves Clause: Evasion moves are banned
|rule|Evasion Abilities Clause: Evasion abilities are banned
|rule|Sleep Moves Clause: Sleep-inducing moves are banned
|clearpoke
|poke|p1|Araquanid, F|
|poke|p1|Gholdengo|
|poke|p1|Iron Moth|
|poke|p1|Iron Valiant|
|poke|p1|Raging Bolt|
|poke|p1|Kingambit, F|
|poke|p2|Iron Treads|
|poke|p2|Araquanid, F|
|poke|p2|Iron Valiant|
|poke|p2|Dragonite, M|
|poke|p2|Enamorus, F|
|poke|p2|Kingambit, M|
|teampreview
|c|☆n5v|glhf
|inactive|Battle timer is ON: inactive players will automatically lose when time's up. (requested by n5v)
|
|t:|1781207600
|teamsize|p1|6
|teamsize|p2|6
|start
|switch|p1a: QUIL|Araquanid, F|100/100
|switch|p2a: Dragonite|Dragonite, M|100/100
|turn|1
|
|t:|1781207604
|move|p2a: Dragonite|Dragon Dance|p2a: Dragonite
|-boost|p2a: Dragonite|atk|1
|-boost|p2a: Dragonite|spe|1
|move|p1a: QUIL|Lunge|p2a: Dragonite
|-resisted|p2a: Dragonite
|-damage|p2a: Dragonite|95/100
|-unboost|p2a: Dragonite|atk|1
|
|upkeep
|turn|2
|
|t:|1781207609
|move|p2a: Dragonite|Scale Shot|p1a: QUIL
|-damage|p1a: QUIL|85/100
|-damage|p1a: QUIL|71/100
|-crit|p1a: QUIL
|-damage|p1a: QUIL|49/100
|-damage|p1a: QUIL|36/100
|-hitcount|p1a: QUIL|4
|-unboost|p2a: Dragonite|def|1
|-boost|p2a: Dragonite|spe|1
|move|p1a: QUIL|Lunge|p2a: Dragonite
|-resisted|p2a: Dragonite
|-damage|p2a: Dragonite|77/100
|-unboost|p2a: Dragonite|atk|1
|
|upkeep
|turn|3
|inactive|n5v has 120 seconds left.
|
|t:|1781207667
|move|p2a: Dragonite|Encore|p1a: QUIL
|-start|p1a: QUIL|Encore
|move|p1a: QUIL|Lunge|p2a: Dragonite
|-resisted|p2a: Dragonite
|-damage|p2a: Dragonite|60/100
|-unboost|p2a: Dragonite|atk|1
|
|upkeep
|turn|4
|
|t:|1781207679
|switch|p1a: SUPA|Kingambit, F|100/100
|-item|p1a: SUPA|Air Balloon
|move|p2a: Dragonite|Scale Shot|p1a: SUPA
|-resisted|p1a: SUPA
|-crit|p1a: SUPA
|-damage|p1a: SUPA|90/100
|-enditem|p1a: SUPA|Air Balloon
|-resisted|p1a: SUPA
|-damage|p1a: SUPA|87/100
|-resisted|p1a: SUPA
|-damage|p1a: SUPA|83/100
|-resisted|p1a: SUPA
|-damage|p1a: SUPA|80/100
|-resisted|p1a: SUPA
|-crit|p1a: SUPA
|-damage|p1a: SUPA|71/100
|-hitcount|p1a: SUPA|5
|-unboost|p2a: Dragonite|def|1
|-boost|p2a: Dragonite|spe|1
|
|upkeep
|turn|5
|
|t:|1781207693
|move|p2a: Dragonite|Fire Punch|p1a: SUPA
|-supereffective|p1a: SUPA
|-damage|p1a: SUPA|45/100
|move|p1a: SUPA|Iron Head|p2a: Dragonite
|-damage|p2a: Dragonite|0 fnt
|faint|p2a: Dragonite
|
|upkeep
|
|t:|1781207698
|switch|p2a: Araquanid|Araquanid, F|100/100
|turn|6
|
|t:|1781207705
|move|p1a: SUPA|Kowtow Cleave|p2a: Araquanid
|-damage|p2a: Araquanid|51/100
|move|p2a: Araquanid|Sticky Web|p1a: SUPA
|-sidestart|p1: n5v|move: Sticky Web
|
|upkeep
|turn|7
|
|t:|1781207726
|-end|p1a: SUPA|fallenundefined|[silent]
|switch|p1a: QUIL|Araquanid, F|36/100
|-activate|p1a: QUIL|move: Sticky Web
|-unboost|p1a: QUIL|spe|1
|move|p2a: Araquanid|Surf|p1a: QUIL
|-resisted|p1a: QUIL
|-damage|p1a: QUIL|17/100
|
|upkeep
|turn|8
|-enditem|p1a: QUIL|Custap Berry|[eat]
|-activate|p1a: QUIL|item: Custap Berry|[consumed]
|
|t:|1781207737
|switch|p2a: Iron Valiant|Iron Valiant|100/100
|-enditem|p2a: Iron Valiant|Booster Energy
|-activate|p2a: Iron Valiant|ability: Quark Drive|[fromitem]
|-start|p2a: Iron Valiant|quarkdrivespa
|move|p1a: QUIL|Sticky Web|p2a: Iron Valiant
|-sidestart|p2: thraggnezone|move: Sticky Web
|
|upkeep
|turn|9
|inactive|n5v has 120 seconds left.
|
|t:|1781207745
|move|p2a: Iron Valiant|Moonblast|p1a: QUIL
|-crit|p1a: QUIL
|-damage|p1a: QUIL|0 fnt
|faint|p1a: QUIL
|
|upkeep
|inactive|n5v has 120 seconds left.
|j| Cotowol
|
|t:|1781207756
|switch|p1a: TREE?|Gholdengo|100/100
|-item|p1a: TREE?|Air Balloon
|turn|10
|
|t:|1781207762
|-terastallize|p2a: Iron Valiant|Electric
|move|p2a: Iron Valiant|Calm Mind|p2a: Iron Valiant
|-boost|p2a: Iron Valiant|spa|1
|-boost|p2a: Iron Valiant|spd|1
|move|p1a: TREE?|Make It Rain|p2a: Iron Valiant
|-resisted|p2a: Iron Valiant
|-damage|p2a: Iron Valiant|66/100
|-unboost|p1a: TREE?|spa|1
|
|upkeep
|turn|11
|inactive|n5v has 120 seconds left.
|
|t:|1781207777
|switch|p1a: SUPA|Kingambit, F|45/100
|-activate|p1a: SUPA|move: Sticky Web
|-unboost|p1a: SUPA|spe|1
|-activate|p1a: SUPA|ability: Supreme Overlord
|-start|p1a: SUPA|fallen1|[silent]
|move|p2a: Iron Valiant|Thunderbolt|p1a: SUPA
|-damage|p1a: SUPA|0 fnt
|faint|p1a: SUPA
|-end|p1a: SUPA|fallen1|[silent]
|
|upkeep
|
|t:|1781207779
|switch|p1a: CALA|Iron Moth|100/100
|-activate|p1a: CALA|move: Sticky Web
|-unboost|p1a: CALA|spe|1
|-enditem|p1a: CALA|Booster Energy
|-activate|p1a: CALA|ability: Quark Drive|[fromitem]
|-start|p1a: CALA|quarkdrivespa
|turn|12
|
|t:|1781207782
|move|p2a: Iron Valiant|Thunderbolt|p1a: CALA
|-damage|p1a: CALA|0 fnt
|faint|p1a: CALA
|-end|p1a: CALA|Quark Drive|[silent]
|
|upkeep
|
|t:|1781207792
|switch|p1a: DELI|Raging Bolt|100/100
|-activate|p1a: DELI|move: Sticky Web
|-unboost|p1a: DELI|spe|1
|-enditem|p1a: DELI|Booster Energy
|-activate|p1a: DELI|ability: Protosynthesis|[fromitem]
|-start|p1a: DELI|protosynthesisspa
|turn|13
|
|t:|1781207798
|-terastallize|p1a: DELI|Fairy
|move|p2a: Iron Valiant|Moonblast|p1a: DELI
|-damage|p1a: DELI|10/100
|-unboost|p1a: DELI|spa|1
|move|p1a: DELI|Dragon Pulse|p2a: Iron Valiant
|-damage|p2a: Iron Valiant|22/100
|
|upkeep
|turn|14
|
|t:|1781207822
|move|p2a: Iron Valiant|Vacuum Wave|p1a: DELI
|-resisted|p1a: DELI
|-damage|p1a: DELI|0 fnt
|faint|p1a: DELI
|-end|p1a: DELI|Protosynthesis|[silent]
|
|upkeep
|
|t:|1781207828
|switch|p1a: QUZZ|Iron Valiant|100/100
|-activate|p1a: QUZZ|move: Sticky Web
|-unboost|p1a: QUZZ|spe|1
|-enditem|p1a: QUZZ|Booster Energy
|-activate|p1a: QUZZ|ability: Quark Drive|[fromitem]
|-start|p1a: QUZZ|quarkdrivespa
|turn|15
|
|t:|1781207836
|move|p1a: QUZZ|Vacuum Wave|p2a: Iron Valiant
|-damage|p2a: Iron Valiant|0 fnt
|faint|p2a: Iron Valiant
|-end|p2a: Iron Valiant|Quark Drive|[silent]
|
|upkeep
|j| Professor Rai
|
|t:|1781207844
|switch|p2a: Enamorus|Enamorus, F|100/100
|turn|16
|
|t:|1781207848
|-end|p1a: QUZZ|Quark Drive|[silent]
|switch|p1a: TREE?|Gholdengo|100/100
|-item|p1a: TREE?|Air Balloon
|move|p2a: Enamorus|Moonblast|p1a: TREE?
|-resisted|p1a: TREE?
|-damage|p1a: TREE?|54/100
|-unboost|p1a: TREE?|spa|1
|-enditem|p1a: TREE?|Air Balloon
|
|upkeep
|turn|17
|
|t:|1781207858
|switch|p2a: Iron Treads|Iron Treads|100/100
|-activate|p2a: Iron Treads|move: Sticky Web
|-unboost|p2a: Iron Treads|spe|1
|-enditem|p2a: Iron Treads|Booster Energy
|-activate|p2a: Iron Treads|ability: Quark Drive|[fromitem]
|-start|p2a: Iron Treads|quarkdriveatk
|move|p1a: TREE?|Make It Rain|p2a: Iron Treads
|-resisted|p2a: Iron Treads
|-damage|p2a: Iron Treads|70/100
|-unboost|p1a: TREE?|spa|1
|
|upkeep
|turn|18
|
|t:|1781207865
|switch|p1a: QUZZ|Iron Valiant|100/100
|-activate|p1a: QUZZ|move: Sticky Web
|-unboost|p1a: QUZZ|spe|1
|move|p2a: Iron Treads|Earthquake|p1a: QUZZ
|-damage|p1a: QUZZ|16/100
|
|upkeep
|turn|19
|
|t:|1781207873
|move|p1a: QUZZ|Vacuum Wave|p2a: Iron Treads
|-supereffective|p2a: Iron Treads
|-damage|p2a: Iron Treads|10/100
|move|p2a: Iron Treads|Earthquake|p1a: QUZZ
|-damage|p1a: QUZZ|0 fnt
|faint|p1a: QUZZ
|-end|p1a: QUZZ|Quark Drive|[silent]
|
|upkeep
|
|t:|1781207876
|switch|p1a: TREE?|Gholdengo|54/100
|-activate|p1a: TREE?|move: Sticky Web
|-unboost|p1a: TREE?|spe|1
|turn|20
|
|t:|1781207878
|move|p2a: Iron Treads|Earthquake|p1a: TREE?
|-supereffective|p1a: TREE?
|-damage|p1a: TREE?|0 fnt
|faint|p1a: TREE?
|
|win|thraggnezone
|raw|n5v's rating: 1747 &rarr; <strong>1727</strong><br />(-20 for losing)
|raw|thraggnezone's rating: 1745 &rarr; <strong>1765</strong><br />(+20 for winning)
|l|☆n5v
|player|p1|
