|j|☆ohlookarock3
|j|‽LT_Alt1
|t:|1780891487
|gametype|singles
|player|p1|ohlookarock3|geeta|1633
|player|p2|LT_Alt1|265|1731
|gen|9
|tier|[Gen 9] OU
|rated|
|rule|HP Percentage Mod: HP is shown in percentages
|rule|Endless Battle Clause: Forcing endless battles is banned
|rule|Species Clause: Limit one of each Pokémon
|rule|OHKO Clause: OHKO moves are banned
|rule|Evasion Items Clause: Evasion items are banned
|rule|Evasion Moves Clause: Evasion moves are banned
|rule|Evasion Abilities Clause: Evasion abilities are banned
|rule|Sleep Moves Clause: Sleep-inducing moves are banned
|clearpoke
|poke|p1|Kingambit, F|
|poke|p1|Primarina, F|
|poke|p1|Gholdengo|
|poke|p1|Meowscarada, F|
|poke|p1|Dragonite, F|
|poke|p1|Iron Treads|
|poke|p2|Garganacl, F|
|poke|p2|Slowking-Galar, F|
|poke|p2|Kyurem|
|poke|p2|Weezing-Galar, F|
|poke|p2|Moltres|
|poke|p2|Iron Treads|
|teampreview
|inactive|Battle timer is ON: inactive players will automatically lose when time's up. (requested by ohlookarock3)
|
|t:|1780891508
|teamsize|p1|6
|teamsize|p2|6
|start
|switch|p1a: Iron Treads|Iron Treads|100/100
|switch|p2a: Kyurem|Kyurem|100/100
|-ability|p2a: Kyurem|Pressure
|-enditem|p1a: Iron Treads|Booster Energy
|-activate|p1a: Iron Treads|ability: Quark Drive|[fromitem]
|-start|p1a: Iron Treads|quarkdrivespe
|turn|1
|
|t:|1780891512
|move|p1a: Iron Treads|Stealth Rock|p2a: Kyurem
|-sidestart|p2: LT_Alt1|move: Stealth Rock
|move|p2a: Kyurem|Earth Power|p1a: Iron Treads
|-supereffective|p1a: Iron Treads
|-damage|p1a: Iron Treads|2/100
|
|upkeep
|turn|2
|
|t:|1780891518
|switch|p2a: Moltres|Moltres|100/100
|move|p1a: Iron Treads|Steel Beam|p2a: Moltres
|-resisted|p2a: Moltres
|-damage|p2a: Moltres|77/100
|-damage|p1a: Iron Treads|0 fnt|[from] steelbeam
|faint|p1a: Iron Treads
|-end|p1a: Iron Treads|Quark Drive|[silent]
|
|upkeep
|
|t:|1780891527
|switch|p1a: Primarina|Primarina, F|100/100
|turn|3
|
|t:|1780891531
|move|p2a: Moltres|U-turn|p1a: Primarina
|-resisted|p1a: Primarina
|-damage|p1a: Primarina|93/100
|
|t:|1780891535
|switch|p2a: Slowking|Slowking-Galar, F|100/100|[from] U-turn
|-damage|p2a: Slowking|88/100|[from] Stealth Rock
|move|p1a: Primarina|Calm Mind|p1a: Primarina
|-boost|p1a: Primarina|spa|1
|-boost|p1a: Primarina|spd|1
|
|-heal|p1a: Primarina|99/100|[from] item: Leftovers
|upkeep
|turn|4
|
|t:|1780891541
|move|p1a: Primarina|Substitute|p1a: Primarina
|-start|p1a: Primarina|Substitute
|-damage|p1a: Primarina|74/100
|move|p2a: Slowking|Sludge Bomb|p1a: Primarina
|-supereffective|p1a: Primarina
|-end|p1a: Primarina|Substitute
|
|-heal|p1a: Primarina|80/100|[from] item: Leftovers
|upkeep
|turn|5
|
|t:|1780891551
|-terastallize|p1a: Primarina|Steel
|move|p1a: Primarina|Substitute|p1a: Primarina
|-start|p1a: Primarina|Substitute
|-damage|p1a: Primarina|55/100
|-prepare|p2a: Slowking|Chilly Reception|[premajor]
|move|p2a: Slowking|Chilly Reception|p2a: Slowking
|-weather|Snowscape
|
|t:|1780891558
|switch|p2a: Garganacl|Garganacl, F|100/100|[from] Chilly Reception
|-damage|p2a: Garganacl|88/100|[from] Stealth Rock
|
|-weather|Snowscape|[upkeep]
|-heal|p1a: Primarina|61/100|[from] item: Leftovers
|-heal|p2a: Garganacl|94/100|[from] item: Leftovers
|upkeep
|turn|6
|
|t:|1780891563
|-terastallize|p2a: Garganacl|Fairy
|move|p1a: Primarina|Calm Mind|p1a: Primarina
|-boost|p1a: Primarina|spa|1
|-boost|p1a: Primarina|spd|1
|move|p2a: Garganacl|Body Press|p1a: Primarina
|-supereffective|p1a: Primarina
|-end|p1a: Primarina|Substitute
|
|-weather|Snowscape|[upkeep]
|-heal|p1a: Primarina|68/100|[from] item: Leftovers
|-heal|p2a: Garganacl|100/100|[from] item: Leftovers
|upkeep
|turn|7
|
|t:|1780891572
|move|p1a: Primarina|Psychic Noise|p2a: Garganacl
|-damage|p2a: Garganacl|53/100
|-start|p2a: Garganacl|move: Heal Block
|move|p2a: Garganacl|Body Press|p1a: Primarina
|-supereffective|p1a: Primarina
|-damage|p1a: Primarina|14/100
|
|-weather|Snowscape|[upkeep]
|-heal|p1a: Primarina|20/100|[from] item: Leftovers
|upkeep
|turn|8
|j| dilf huntr
|
|t:|1780891590
|move|p1a: Primarina|Draining Kiss|p2a: Garganacl
|-damage|p2a: Garganacl|24/100
|-heal|p1a: Primarina|45/100|[from] drain|[of] p2a: Garganacl
|move|p2a: Garganacl|Body Press|p1a: Primarina
|-supereffective|p1a: Primarina
|-damage|p1a: Primarina|0 fnt
|faint|p1a: Primarina
|
|-weather|Snowscape|[upkeep]
|-end|p2a: Garganacl|move: Heal Block
|upkeep
|
|t:|1780891604
|switch|p1a: Kingambit|Kingambit, F|100/100
|-activate|p1a: Kingambit|ability: Supreme Overlord
|-start|p1a: Kingambit|fallen2|[silent]
|turn|9
|
|t:|1780891609
|switch|p2a: Moltres|Moltres|77/100
|move|p1a: Kingambit|Iron Head|p2a: Moltres
|-resisted|p2a: Moltres
|-damage|p2a: Moltres|56/100
|
|-weather|none
|upkeep
|turn|10
|
|t:|1780891624
|-end|p1a: Kingambit|fallen2|[silent]
|switch|p1a: Gholdengo|Gholdengo|100/100
|move|p2a: Moltres|Roost|p2a: Moltres
|-heal|p2a: Moltres|100/100
|-singleturn|p2a: Moltres|move: Roost
|
|upkeep
|turn|11
|
|t:|1780891629
|move|p1a: Gholdengo|Trick|p2a: Moltres
|-activate|p1a: Gholdengo|move: Trick|[of] p2a: Moltres
|-item|p2a: Moltres|Choice Scarf|[from] move: Trick
|-item|p1a: Gholdengo|Heavy-Duty Boots|[from] move: Trick
|move|p2a: Moltres|Flamethrower|p1a: Gholdengo
|-supereffective|p1a: Gholdengo
|-damage|p1a: Gholdengo|12/100
|
|upkeep
|turn|12
|
|t:|1780891638
|move|p2a: Moltres|Flamethrower|p1a: Gholdengo
|-supereffective|p1a: Gholdengo
|-crit|p1a: Gholdengo
|-damage|p1a: Gholdengo|0 fnt
|faint|p1a: Gholdengo
|
|upkeep
|
|t:|1780891650
|switch|p1a: Dragonite|Dragonite, F|100/100
|turn|13
|
|t:|1780891654
|switch|p2a: Iron Treads|Iron Treads|100/100
|-damage|p2a: Iron Treads|98/100|[from] Stealth Rock
|move|p1a: Dragonite|Dragon Dance|p1a: Dragonite
|-boost|p1a: Dragonite|atk|1
|-boost|p1a: Dragonite|spe|1
|
|-heal|p2a: Iron Treads|100/100|[from] item: Leftovers
|upkeep
|turn|14
|
|t:|1780891667
|move|p1a: Dragonite|Earthquake|p2a: Iron Treads
|-supereffective|p2a: Iron Treads
|-damage|p2a: Iron Treads|11/100
|move|p2a: Iron Treads|Rapid Spin|p1a: Dragonite
|-damage|p1a: Dragonite|94/100
|-boost|p2a: Iron Treads|spe|1
|-sideend|p2: LT_Alt1|Stealth Rock|[from] move: Rapid Spin|[of] p2a: Iron Treads
|
|-heal|p2a: Iron Treads|17/100|[from] item: Leftovers
|upkeep
|turn|15
|
|t:|1780891674
|move|p1a: Dragonite|Extreme Speed|p2a: Iron Treads
|-resisted|p2a: Iron Treads
|-damage|p2a: Iron Treads|0 fnt
|faint|p2a: Iron Treads
|-end|p2a: Iron Treads|Quark Drive|[silent]
|
|upkeep
|
|t:|1780891680
|switch|p2a: Kyurem|Kyurem|100/100
|-ability|p2a: Kyurem|Pressure
|turn|16
|
|t:|1780891688
|move|p1a: Dragonite|Earthquake|p2a: Kyurem
|-damage|p2a: Kyurem|50/100
|move|p2a: Kyurem|Ice Beam|p1a: Dragonite
|-supereffective|p1a: Dragonite
|-damage|p1a: Dragonite|0 fnt
|faint|p1a: Dragonite
|
|upkeep
|
|t:|1780891693
|switch|p1a: Kingambit|Kingambit, F|100/100
|-activate|p1a: Kingambit|ability: Supreme Overlord
|-start|p1a: Kingambit|fallen4|[silent]
|turn|17
|
|t:|1780891696
|move|p2a: Kyurem|Earth Power|p1a: Kingambit
|-supereffective|p1a: Kingambit
|-damage|p1a: Kingambit|16/100
|move|p1a: Kingambit|Swords Dance|p1a: Kingambit
|-boost|p1a: Kingambit|atk|2
|
|-heal|p1a: Kingambit|22/100|[from] item: Leftovers
|upkeep
|turn|18
|
|t:|1780891702
|switch|p2a: Garganacl|Garganacl, F, tera:Fairy|24/100
|move|p1a: Kingambit|Sucker Punch||[still]
|-fail|p1a: Kingambit
|
|-heal|p1a: Kingambit|28/100|[from] item: Leftovers
|-heal|p2a: Garganacl|30/100|[from] item: Leftovers
|upkeep
|turn|19
|
|t:|1780891711
|move|p1a: Kingambit|Kowtow Cleave|p2a: Garganacl
|-resisted|p2a: Garganacl
|-damage|p2a: Garganacl|0 fnt
|faint|p2a: Garganacl
|
|-heal|p1a: Kingambit|35/100|[from] item: Leftovers
|upkeep
|
|t:|1780891718
|switch|p2a: Moltres|Moltres|100/100
|turn|20
|
|t:|1780891727
|move|p1a: Kingambit|Sucker Punch|p2a: Moltres
|-crit|p2a: Moltres
|-damage|p2a: Moltres|0 fnt
|faint|p2a: Moltres
|
|-heal|p1a: Kingambit|41/100|[from] item: Leftovers
|upkeep
|
|t:|1780891731
|switch|p2a: Weezing|Weezing-Galar, F|100/100
|-ability|p2a: Weezing|Neutralizing Gas
|turn|21
|
|t:|1780891737
|move|p1a: Kingambit|Iron Head|p2a: Weezing
|-supereffective|p2a: Weezing
|-damage|p2a: Weezing|0 fnt
|faint|p2a: Weezing
|-end|p2a: Weezing|ability: Neutralizing Gas
|-activate|p1a: Kingambit|ability: Supreme Overlord
|-start|p1a: Kingambit|fallen4|[silent]
|
|-heal|p1a: Kingambit|47/100|[from] item: Leftovers
|upkeep
|-message|LT_Alt1 forfeited.
|
|win|ohlookarock3
|raw|ohlookarock3's rating: 1633 &rarr; <strong>1658</strong><br />(+25 for winning)
|raw|LT_Alt1's rating: 1731 &rarr; <strong>1706</strong><br />(-25 for losing)
|l|‽LT_Alt1
|player|p2|
|l|☆ohlookarock3
|player|p1|
