|j|☆KurisuChestnutLab
|j|☆LowEL0God
|t:|1781138121
|gametype|singles
|player|p1|KurisuChestnutLab|may-contest|1637
|player|p2|LowEL0God|265|1534
|gen|9
|tier|[Gen 9] OU
|rated|
|rule|HP Percentage Mod: HP is shown in percentages
|rule|Endless Battle Clause: Forcing endless battles is banned
|rule|Species Clause: Limit one of each Pokémon
|rule|OHKO Clause: OHKO moves are banned
|rule|Evasion Items Clause: Evasion items are banned
|rule|Evasion Moves Clause: Evasion moves are banned
|rule|Evasion Abilities Clause: Evasion abilities are banned
|rule|Sleep Moves Clause: Sleep-inducing moves are banned
|clearpoke
|poke|p1|Zamazenta-*|
|poke|p1|Zapdos|
|poke|p1|Garganacl, F|
|poke|p1|Clefable, M|
|poke|p1|Samurott-Hisui, F|
|poke|p1|Gholdengo|
|poke|p2|Pelipper, F|
|poke|p2|Torkoal, M|
|poke|p2|Walking Wake|
|poke|p2|Kyurem|
|poke|p2|Ninetales-Alola, F|
|poke|p2|Ogerpon-Wellspring, F|
|teampreview
|c|☆LowEL0God|hf
|inactive|Battle timer is ON: inactive players will automatically lose when time's up. (requested by LowEL0God)
|
|t:|1781138125
|teamsize|p1|6
|teamsize|p2|6
|start
|switch|p1a: Gholdengo|Gholdengo|100/100
|switch|p2a: Ninetales|Ninetales-Alola, F|100/100
|-weather|Snowscape|[from] ability: Snow Warning|[of] p2a: Ninetales
|turn|1
|inactive|KurisuChestnutLab also wants the timer to be on.
|
|t:|1781138130
|move|p1a: Gholdengo|Shadow Ball|p2a: Ninetales
|-damage|p2a: Ninetales|58/100
|move|p2a: Ninetales|Aurora Veil|p2a: Ninetales
|-sidestart|p2: LowEL0God|move: Aurora Veil
|
|-weather|Snowscape|[upkeep]
|upkeep
|turn|2
|
|t:|1781138134
|switch|p2a: Hurricane Spam|Pelipper, F, shiny|100/100
|-weather|RainDance|[from] ability: Drizzle|[of] p2a: Hurricane Spam
|move|p1a: Gholdengo|Shadow Ball|p2a: Hurricane Spam
|-damage|p2a: Hurricane Spam|68/100
|
|-weather|RainDance|[upkeep]
|upkeep
|turn|3
|
|t:|1781138138
|move|p1a: Gholdengo|Shadow Ball|p2a: Hurricane Spam
|-damage|p2a: Hurricane Spam|39/100
|move|p2a: Hurricane Spam|Weather Ball|p1a: Gholdengo
|-damage|p1a: Gholdengo|0 fnt
|faint|p1a: Gholdengo
|
|-weather|RainDance|[upkeep]
|upkeep
|
|t:|1781138142
|switch|p1a: Samurott|Samurott-Hisui, F|100/100
|turn|4
|
|t:|1781138147
|move|p1a: Samurott|Ceaseless Edge|p2a: Hurricane Spam|[miss]
|-miss|p1a: Samurott|p2a: Hurricane Spam
|move|p2a: Hurricane Spam|Weather Ball|p1a: Samurott
|-resisted|p1a: Samurott
|-damage|p1a: Samurott|29/100
|
|-weather|RainDance|[upkeep]
|upkeep
|turn|5
|
|t:|1781138153
|move|p1a: Samurott|Ceaseless Edge|p2a: Hurricane Spam
|-damage|p2a: Hurricane Spam|19/100
|-sidestart|p2: LowEL0God|Spikes
|move|p2a: Hurricane Spam|Weather Ball|p1a: Samurott
|-resisted|p1a: Samurott
|-damage|p1a: Samurott|0 fnt
|faint|p1a: Samurott
|
|-weather|RainDance|[upkeep]
|-sideend|p2: LowEL0God|move: Aurora Veil
|upkeep
|
|t:|1781138159
|switch|p1a: Zamazenta|Zamazenta|100/100
|-ability|p1a: Zamazenta|Dauntless Shield|boost
|-boost|p1a: Zamazenta|def|1
|turn|6
|
|t:|1781138164
|switch|p2a: Torkoal|Torkoal, M|100/100
|-damage|p2a: Torkoal|88/100|[from] Spikes
|-weather|SunnyDay|[from] ability: Drought|[of] p2a: Torkoal
|move|p1a: Zamazenta|Body Press|p2a: Torkoal
|-damage|p2a: Torkoal|63/100
|
|-weather|SunnyDay|[upkeep]
|upkeep
|turn|7
|
|t:|1781138172
|move|p1a: Zamazenta|Iron Defense|p1a: Zamazenta
|-boost|p1a: Zamazenta|def|2
|move|p2a: Torkoal|Rapid Spin|p1a: Zamazenta
|-damage|p1a: Zamazenta|97/100
|-boost|p2a: Torkoal|spe|1
|-sideend|p2: LowEL0God|Spikes|[from] move: Rapid Spin|[of] p2a: Torkoal
|
|-weather|SunnyDay|[upkeep]
|-heal|p1a: Zamazenta|100/100|[from] item: Leftovers
|upkeep
|turn|8
|
|t:|1781138175
|move|p1a: Zamazenta|Body Press|p2a: Torkoal
|-damage|p2a: Torkoal|23/100
|move|p2a: Torkoal|Will-O-Wisp|p1a: Zamazenta
|-status|p1a: Zamazenta|brn
|
|-weather|SunnyDay|[upkeep]
|-damage|p1a: Zamazenta|94/100 brn|[from] brn
|upkeep
|turn|9
|
|t:|1781138179
|switch|p2a: Walking Wake|Walking Wake|100/100
|-activate|p2a: Walking Wake|ability: Protosynthesis
|-start|p2a: Walking Wake|protosynthesisspe
|move|p1a: Zamazenta|Body Press|p2a: Walking Wake
|-damage|p2a: Walking Wake|56/100
|
|-weather|SunnyDay|[upkeep]
|-heal|p1a: Zamazenta|100/100 brn|[from] item: Leftovers
|-damage|p1a: Zamazenta|94/100 brn|[from] brn
|upkeep
|turn|10
|
|t:|1781138187
|move|p2a: Walking Wake|Hydro Steam|p1a: Zamazenta
|-damage|p1a: Zamazenta|23/100 brn
|move|p1a: Zamazenta|Body Press|p2a: Walking Wake
|-crit|p2a: Walking Wake
|-damage|p2a: Walking Wake|0 fnt
|faint|p2a: Walking Wake
|-end|p2a: Walking Wake|Protosynthesis|[silent]
|
|-weather|SunnyDay|[upkeep]
|-heal|p1a: Zamazenta|29/100 brn|[from] item: Leftovers
|-damage|p1a: Zamazenta|23/100 brn|[from] brn
|upkeep
|
|t:|1781138187
|switch|p2a: Ninetales|Ninetales-Alola, F|58/100
|-weather|Snowscape|[from] ability: Snow Warning|[of] p2a: Ninetales
|turn|11
|
|t:|1781138191
|move|p1a: Zamazenta|Body Press|p2a: Ninetales
|-damage|p2a: Ninetales|26/100
|move|p2a: Ninetales|Aurora Veil|p2a: Ninetales
|-sidestart|p2: LowEL0God|move: Aurora Veil
|
|-weather|Snowscape|[upkeep]
|-heal|p1a: Zamazenta|29/100 brn|[from] item: Leftovers
|-damage|p1a: Zamazenta|23/100 brn|[from] brn
|upkeep
|turn|12
|
|t:|1781138195
|move|p1a: Zamazenta|Body Press|p2a: Ninetales
|-crit|p2a: Ninetales
|-damage|p2a: Ninetales|0 fnt
|faint|p2a: Ninetales
|
|-weather|Snowscape|[upkeep]
|-heal|p1a: Zamazenta|29/100 brn|[from] item: Leftovers
|-damage|p1a: Zamazenta|23/100 brn|[from] brn
|upkeep
|
|t:|1781138195
|switch|p2a: Kyurem|Kyurem|100/100
|-ability|p2a: Kyurem|Pressure
|turn|13
|
|t:|1781138200
|switch|p2a: Hurricane Spam|Pelipper, F, shiny|19/100
|-weather|RainDance|[from] ability: Drizzle|[of] p2a: Hurricane Spam
|move|p1a: Zamazenta|Body Press|p2a: Hurricane Spam
|-resisted|p2a: Hurricane Spam
|-damage|p2a: Hurricane Spam|10/100
|
|-weather|RainDance|[upkeep]
|-heal|p1a: Zamazenta|29/100 brn|[from] item: Leftovers
|-damage|p1a: Zamazenta|23/100 brn|[from] brn
|upkeep
|turn|14
|
|t:|1781138204
|move|p1a: Zamazenta|Body Press|p2a: Hurricane Spam
|-resisted|p2a: Hurricane Spam
|-damage|p2a: Hurricane Spam|1/100
|move|p2a: Hurricane Spam|Weather Ball|p1a: Zamazenta
|-damage|p1a: Zamazenta|0 fnt
|faint|p1a: Zamazenta
|
|-weather|RainDance|[upkeep]
|upkeep
|
|t:|1781138209
|switch|p1a: Zapdos|Zapdos|100/100
|turn|15
|
|t:|1781138216
|switch|p2a: Kyurem|Kyurem|100/100
|-ability|p2a: Kyurem|Pressure
|move|p1a: Zapdos|Hurricane|p2a: Kyurem
|-crit|p2a: Kyurem
|-damage|p2a: Kyurem|40/100
|
|-weather|RainDance|[upkeep]
|-sideend|p2: LowEL0God|move: Aurora Veil
|upkeep
|turn|16
|
|t:|1781138220
|switch|p2a: Hurricane Spam|Pelipper, F, shiny|1/100
|switch|p1a: Garganacl|Garganacl, F|100/100
|
|-weather|RainDance|[upkeep]
|upkeep
|turn|17
|
|t:|1781138224
|-terastallize|p1a: Garganacl|Water
|move|p2a: Hurricane Spam|Weather Ball|p1a: Garganacl
|-resisted|p1a: Garganacl
|-damage|p1a: Garganacl|67/100
|move|p1a: Garganacl|Stealth Rock|p2a: Hurricane Spam
|-sidestart|p2: LowEL0God|move: Stealth Rock
|
|-weather|none
|-heal|p1a: Garganacl|73/100|[from] item: Leftovers
|upkeep
|turn|18
|
|t:|1781138231
|move|p2a: Hurricane Spam|Weather Ball|p1a: Garganacl
|-damage|p1a: Garganacl|59/100
|move|p1a: Garganacl|Salt Cure|p2a: Hurricane Spam
|-supereffective|p2a: Hurricane Spam
|-damage|p2a: Hurricane Spam|0 fnt
|faint|p2a: Hurricane Spam
|
|-heal|p1a: Garganacl|66/100|[from] item: Leftovers
|upkeep
|
|t:|1781138233
|switch|p2a: Ogerpon|Ogerpon-Wellspring, F|100/100
|-damage|p2a: Ogerpon|88/100|[from] Stealth Rock
|turn|19
|
|t:|1781138239
|move|p2a: Ogerpon|Horn Leech|p1a: Garganacl
|-supereffective|p1a: Garganacl
|-damage|p1a: Garganacl|6/100
|-heal|p2a: Ogerpon|100/100|[from] drain|[of] p1a: Garganacl
|move|p1a: Garganacl|Salt Cure|p2a: Ogerpon
|-damage|p2a: Ogerpon|82/100
|-start|p2a: Ogerpon|Salt Cure
|
|-heal|p1a: Garganacl|12/100|[from] item: Leftovers
|-damage|p2a: Ogerpon|57/100|[from] Salt Cure
|upkeep
|turn|20
|
|t:|1781138244
|move|p2a: Ogerpon|Ivy Cudgel|p1a: Garganacl|[anim] Ivy Cudgel Water
|-resisted|p1a: Garganacl
|-crit|p1a: Garganacl
|-damage|p1a: Garganacl|0 fnt
|faint|p1a: Garganacl
|
|-damage|p2a: Ogerpon|32/100|[from] Salt Cure
|upkeep
|
|t:|1781138251
|switch|p1a: Zapdos|Zapdos|100/100
|turn|21
|
|t:|1781138256
|switch|p2a: Torkoal|Torkoal, M|23/100
|-damage|p2a: Torkoal|0 fnt|[from] Stealth Rock
|faint|p2a: Torkoal
|move|p1a: Zapdos|Volt Switch|p2: Torkoal|[notarget]
|-fail|p1a: Zapdos
|
|upkeep
|
|t:|1781138257
|switch|p2a: Kyurem|Kyurem|40/100
|-damage|p2a: Kyurem|15/100|[from] Stealth Rock
|-ability|p2a: Kyurem|Pressure
|turn|22
|
|t:|1781138260
|move|p2a: Kyurem|Freeze-Dry|p1a: Zapdos
|-supereffective|p1a: Zapdos
|-damage|p1a: Zapdos|23/100
|move|p1a: Zapdos|Discharge|p2a: Kyurem
|-resisted|p2a: Kyurem
|-damage|p2a: Kyurem|0 fnt
|faint|p2a: Kyurem
|
|upkeep
|
|t:|1781138261
|switch|p2a: Ogerpon|Ogerpon-Wellspring, F|32/100
|-damage|p2a: Ogerpon|19/100|[from] Stealth Rock
|turn|23
|
|t:|1781138265
|-terastallize|p2a: Ogerpon|Water
|detailschange|p2a: Ogerpon|Ogerpon-Wellspring-Tera, F, tera:Water
|-ability|p2a: Ogerpon|Embody Aspect (Wellspring)|boost
|-boost|p2a: Ogerpon|spd|1
|move|p2a: Ogerpon|Ivy Cudgel|p1a: Zapdos|[anim] Ivy Cudgel Water
|-damage|p1a: Zapdos|0 fnt
|faint|p1a: Zapdos
|
|upkeep
|
|t:|1781138271
|switch|p1a: Clefable|Clefable, M|100/100
|turn|24
|
|t:|1781138277
|move|p2a: Ogerpon|Horn Leech|p1a: Clefable
|-damage|p1a: Clefable|68/100
|-heal|p2a: Ogerpon|41/100|[from] drain|[of] p1a: Clefable
|move|p1a: Clefable|Moonblast|p2a: Ogerpon
|-damage|p2a: Ogerpon|4/100
|-unboost|p2a: Ogerpon|spa|1
|
|upkeep
|turn|25
|
|t:|1781138280
|move|p2a: Ogerpon|Ivy Cudgel|p1a: Clefable|[anim] Ivy Cudgel Water
|-damage|p1a: Clefable|12/100
|move|p1a: Clefable|Moonblast|p2a: Ogerpon
|-damage|p2a: Ogerpon|0 fnt
|faint|p2a: Ogerpon
|detailschange|p2: Ogerpon|Ogerpon-Wellspring, F|[silent]
|
|win|KurisuChestnutLab
|raw|KurisuChestnutLab's rating: 1637 &rarr; <strong>1651</strong><br />(+14 for winning)
|raw|LowEL0God's rating: 1534 &rarr; <strong>1520</strong><br />(-14 for losing)
