|j|☆rombizoid
|j|☆magikarp soup
|t:|1780895920
|gametype|singles
|player|p1|rombizoid|1|1606
|player|p2|magikarp soup|medium|1792
|gen|9
|tier|[Gen 9] OU
|rated|
|rule|HP Percentage Mod: HP is shown in percentages
|rule|Endless Battle Clause: Forcing endless battles is banned
|rule|Species Clause: Limit one of each Pokémon
|rule|OHKO Clause: OHKO moves are banned
|rule|Evasion Items Clause: Evasion items are banned
|rule|Evasion Moves Clause: Evasion moves are banned
|rule|Evasion Abilities Clause: Evasion abilities are banned
|rule|Sleep Moves Clause: Sleep-inducing moves are banned
|clearpoke
|poke|p1|Alomomola, M|
|poke|p1|Great Tusk|
|poke|p1|Ogerpon, F|
|poke|p1|Dragonite, M|
|poke|p1|Kyurem|
|poke|p1|Slowking-Galar, F|
|poke|p2|Cramorant, F|
|poke|p2|Ceruledge, F|
|poke|p2|Kingambit, M|
|poke|p2|Maushold|
|poke|p2|Dragonite, F|
|poke|p2|Enamorus, F|
|teampreview
|j| angel engine
|j| AbrarS
|
|t:|1780895949
|teamsize|p1|6
|teamsize|p2|6
|start
|switch|p1a: Slowking|Slowking-Galar, F|100/100
|switch|p2a: Cramorant|Cramorant, F|100/100
|turn|1
|j| arturohdez
|inactive|Battle timer is ON: inactive players will automatically lose when time's up. (requested by rombizoid)
|
|t:|1780895962
|move|p2a: Cramorant|Tailwind|p2a: Cramorant
|-sidestart|p2: magikarp soup|move: Tailwind
|move|p1a: Slowking|Future Sight|p2a: Cramorant
|-start|p1a: Slowking|move: Future Sight
|
|upkeep
|turn|2
|
|t:|1780895965
|switch|p2a: Kingambit|Kingambit, M|100/100
|-prepare|p1a: Slowking|Chilly Reception|[premajor]
|move|p1a: Slowking|Chilly Reception|p1a: Slowking
|-weather|Snowscape
|
|t:|1780895970
|switch|p1a: Great Tusk|Great Tusk|100/100|[from] Chilly Reception
|
|-weather|Snowscape|[upkeep]
|upkeep
|turn|3
|
|t:|1780895981
|-end|p2a: Kingambit|fallenundefined|[silent]
|switch|p2a: Enamorus|Enamorus, F|100/100
|move|p1a: Great Tusk|Stealth Rock|p2a: Enamorus
|-sidestart|p2: magikarp soup|move: Stealth Rock
|
|-weather|Snowscape|[upkeep]
|-end|p2a: Enamorus|move: Future Sight
|-damage|p2a: Enamorus|38/100
|upkeep
|turn|4
|
|t:|1780895988
|-end|p1a: Great Tusk|Protosynthesis|[silent]
|switch|p1a: Slowking|Slowking-Galar, F|100/100
|move|p2a: Enamorus|Calm Mind|p2a: Enamorus
|-boost|p2a: Enamorus|spa|1
|-boost|p2a: Enamorus|spd|1
|
|-weather|Snowscape|[upkeep]
|-sideend|p2: magikarp soup|move: Tailwind
|upkeep
|turn|5
|
|t:|1780895991
|move|p2a: Enamorus|Earth Power|p1a: Slowking
|-supereffective|p1a: Slowking
|-damage|p1a: Slowking|45/100
|move|p1a: Slowking|Sludge Bomb|p2a: Enamorus
|-supereffective|p2a: Enamorus
|-damage|p2a: Enamorus|0 fnt
|faint|p2a: Enamorus
|
|-weather|Snowscape|[upkeep]
|upkeep
|j| skip the drip
|
|t:|1780895998
|switch|p2a: Maushold|Maushold|100/100
|-damage|p2a: Maushold|88/100|[from] Stealth Rock
|turn|6
|l| skip the drip
|
|t:|1780896005
|switch|p1a: Alomomola|Alomomola, M|100/100
|move|p2a: Maushold|Tidy Up|p2a: Maushold
|-sideend|p2: magikarp soup|Stealth Rock
|-activate|p2a: Maushold|move: Tidy Up
|-boost|p2a: Maushold|atk|1
|-boost|p2a: Maushold|spe|1
|
|-weather|none
|upkeep
|turn|7
|
|t:|1780896013
|move|p2a: Maushold|Tidy Up|p2a: Maushold
|-boost|p2a: Maushold|atk|1
|-boost|p2a: Maushold|spe|1
|move|p1a: Alomomola|Flip Turn|p2a: Maushold
|-damage|p2a: Maushold|64/100
|j| ou zoomer
|
|t:|1780896018
|switch|p1a: Dragonite|Dragonite, M|100/100|[from] Flip Turn
|
|upkeep
|turn|8
|
|t:|1780896025
|switch|p1a: Alomomola|Alomomola, M|100/100
|move|p2a: Maushold|Population Bomb|p1a: Alomomola
|-crit|p1a: Alomomola
|-damage|p1a: Alomomola|78/100
|-damage|p2a: Maushold|47/100|[from] item: Rocky Helmet|[of] p1a: Alomomola
|-damage|p1a: Alomomola|65/100
|-damage|p2a: Maushold|31/100|[from] item: Rocky Helmet|[of] p1a: Alomomola
|-damage|p1a: Alomomola|51/100
|-damage|p2a: Maushold|14/100|[from] item: Rocky Helmet|[of] p1a: Alomomola
|-damage|p1a: Alomomola|37/100
|-damage|p2a: Maushold|0 fnt|[from] item: Rocky Helmet|[of] p1a: Alomomola
|faint|p2a: Maushold
|-hitcount|p1a: Alomomola|4
|
|upkeep
|
|t:|1780896032
|switch|p2a: Cramorant|Cramorant, F|100/100
|turn|9
|
|t:|1780896040
|switch|p1a: Slowking|Slowking-Galar, F|78/100
|move|p2a: Cramorant|Hurricane|p1a: Slowking
|-damage|p1a: Slowking|53/100
|
|upkeep
|turn|10
|
|t:|1780896044
|move|p2a: Cramorant|Surf|p1a: Slowking
|-formechange|p2a: Cramorant|Cramorant-Gulping|
|-damage|p1a: Slowking|34/100
|-prepare|p1a: Slowking|Chilly Reception|[premajor]
|move|p1a: Slowking|Chilly Reception|p1a: Slowking
|-weather|Snowscape
|
|t:|1780896057
|switch|p1a: Kyurem|Kyurem|100/100|[from] Chilly Reception
|-ability|p1a: Kyurem|Pressure
|
|-weather|Snowscape|[upkeep]
|upkeep
|turn|11
|
|t:|1780896065
|move|p1a: Kyurem|Freeze-Dry|p2a: Cramorant
|-supereffective|p2a: Cramorant
|-enditem|p2a: Cramorant|Focus Sash
|-damage|p2a: Cramorant|1/100
|-damage|p1a: Kyurem|76/100|[from] ability: Gulp Missile|[of] p2a: Cramorant
|-unboost|p1a: Kyurem|def|1
|-formechange|p2a: Cramorant|Cramorant|
|move|p2a: Cramorant|Tailwind|p2a: Cramorant
|-sidestart|p2: magikarp soup|move: Tailwind
|
|-weather|Snowscape|[upkeep]
|upkeep
|turn|12
|
|t:|1780896080
|switch|p1a: Slowking|Slowking-Galar, F|67/100
|move|p2a: Cramorant|Surf|p1a: Slowking
|-formechange|p2a: Cramorant|Cramorant-Gorging|
|-damage|p1a: Slowking|46/100
|
|-weather|Snowscape|[upkeep]
|upkeep
|turn|13
|
|t:|1780896089
|move|p2a: Cramorant|Hurricane|p1a: Slowking|[miss]
|-miss|p2a: Cramorant|p1a: Slowking
|move|p1a: Slowking|Future Sight|p2a: Cramorant
|-start|p1a: Slowking|move: Future Sight
|
|-weather|Snowscape|[upkeep]
|upkeep
|turn|14
|
|t:|1780896094
|move|p2a: Cramorant|Hurricane|p1a: Slowking
|-damage|p1a: Slowking|19/100
|-prepare|p1a: Slowking|Chilly Reception|[premajor]
|move|p1a: Slowking|Chilly Reception|p1a: Slowking
|j| crust king kahn
|
|t:|1780896106
|switch|p1a: Alomomola|Alomomola, M|70/100|[from] Chilly Reception
|
|-weather|none
|-sideend|p2: magikarp soup|move: Tailwind
|upkeep
|turn|15
|
|t:|1780896112
|move|p2a: Cramorant|Tailwind|p2a: Cramorant
|-sidestart|p2: magikarp soup|move: Tailwind
|move|p1a: Alomomola|Wish|p1a: Alomomola
|
|-end|p2a: Cramorant|move: Future Sight
|-damage|p2a: Cramorant|0 fnt
|faint|p2a: Cramorant
|upkeep
|
|t:|1780896119
|switch|p2a: Kingambit|Kingambit, M|100/100
|-activate|p2a: Kingambit|ability: Supreme Overlord
|-start|p2a: Kingambit|fallen3|[silent]
|turn|16
|l| crust king kahn
|
|t:|1780896127
|move|p2a: Kingambit|Swords Dance|p2a: Kingambit
|-boost|p2a: Kingambit|atk|2
|move|p1a: Alomomola|Flip Turn|p2a: Kingambit
|-damage|p2a: Kingambit|87/100
|
|t:|1780896132
|switch|p1a: Great Tusk|Great Tusk|100/100|[from] Flip Turn
|
|upkeep
|turn|17
|
|t:|1780896137
|move|p2a: Kingambit|Zen Headbutt|p1a: Great Tusk
|-supereffective|p1a: Great Tusk
|-damage|p1a: Great Tusk|0 fnt
|faint|p1a: Great Tusk
|-end|p1a: Great Tusk|Protosynthesis|[silent]
|
|upkeep
|c| ou zoomer|wow
|
|t:|1780896162
|switch|p1a: Dragonite|Dragonite, M|100/100
|turn|18
|
|t:|1780896169
|-terastallize|p1a: Dragonite|Ground
|move|p2a: Kingambit|Zen Headbutt|p1a: Dragonite
|-damage|p1a: Dragonite|48/100
|cant|p1a: Dragonite|flinch
|
|-sideend|p2: magikarp soup|move: Tailwind
|upkeep
|turn|19
|
|t:|1780896177
|move|p1a: Dragonite|Extreme Speed|p2a: Kingambit
|-resisted|p2a: Kingambit
|-damage|p2a: Kingambit|74/100
|move|p2a: Kingambit|Sucker Punch||[still]
|-fail|p2a: Kingambit
|
|upkeep
|turn|20
|
|t:|1780896181
|move|p2a: Kingambit|Sucker Punch|p1a: Dragonite
|-damage|p1a: Dragonite|0 fnt
|faint|p1a: Dragonite
|
|upkeep
|
|t:|1780896193
|switch|p1a: Alomomola|Alomomola, M|100/100
|turn|21
|
|t:|1780896197
|move|p2a: Kingambit|Swords Dance|p2a: Kingambit
|-boost|p2a: Kingambit|atk|2
|move|p1a: Alomomola|Tickle|p2a: Kingambit
|-unboost|p2a: Kingambit|atk|1
|-unboost|p2a: Kingambit|def|1
|
|upkeep
|turn|22
|c|☆rombizoid|hmm
|c|☆rombizoid|hax
|-message|rombizoid forfeited.
|
|win|magikarp soup
|raw|rombizoid's rating: 1606 &rarr; <strong>1596</strong><br />(-10 for losing)
|raw|magikarp soup's rating: 1792 &rarr; <strong>1802</strong><br />(+10 for winning)
|l|☆rombizoid
|player|p1|
|l| ou zoomer
|l| arturohdez
|l| AbrarS
|j| arturohdez
|l| arturohdez
|l|☆magikarp soup
|player|p2|
