|j|☆funnygames(1997)
|j|☆Wanawa8724
|t:|1781549036
|gametype|singles
|player|p1|funnygames(1997)|170|1656
|player|p2|Wanawa8724|wattson|1743
|gen|9
|tier|[Gen 9] OU
|rated|
|rule|HP Percentage Mod: HP is shown in percentages
|rule|Endless Battle Clause: Forcing endless battles is banned
|rule|Species Clause: Limit one of each Pokémon
|rule|OHKO Clause: OHKO moves are banned
|rule|Evasion Items Clause: Evasion items are banned
|rule|Evasion Moves Clause: Evasion moves are banned
|rule|Evasion Abilities Clause: Evasion abilities are banned
|rule|Sleep Moves Clause: Sleep-inducing moves are banned
|clearpoke
|poke|p1|Arcanine-Hisui, F|
|poke|p1|Darkrai|
|poke|p1|Great Tusk|
|poke|p1|Hatterene, F|
|poke|p1|Ogerpon-Wellspring, F|
|poke|p1|Zapdos|
|poke|p2|Lokix, M|
|poke|p2|Gholdengo|
|poke|p2|Deoxys-Speed|
|poke|p2|Great Tusk|
|poke|p2|Hydreigon, F|
|poke|p2|Pecharunt|
|teampreview
|
|t:|1781549061
|teamsize|p1|6
|teamsize|p2|6
|start
|switch|p1a: Darkrai|Darkrai|100/100
|switch|p2a: Pecharunt|Pecharunt|100/100
|turn|1
|
|t:|1781549067
|switch|p2a: Hydreigon|Hydreigon, F|100/100
|move|p1a: Darkrai|Dark Pulse|p2a: Hydreigon
|-resisted|p2a: Hydreigon
|-damage|p2a: Hydreigon|78/100
|
|upkeep
|turn|2
|
|t:|1781549071
|switch|p1a: Hatterene|Hatterene, F|100/100
|move|p2a: Hydreigon|Draco Meteor|p1a: Hatterene
|-immune|p1a: Hatterene
|
|upkeep
|turn|3
|
|t:|1781549080
|switch|p2a: Gholdengo|Gholdengo|100/100
|move|p1a: Hatterene|Mystical Fire|p2a: Gholdengo
|-supereffective|p2a: Gholdengo
|-damage|p2a: Gholdengo|37/100
|-unboost|p2a: Gholdengo|spa|1
|
|upkeep
|turn|4
|
|t:|1781549088
|switch|p1a: Ogerpon|Ogerpon-Wellspring, F|100/100
|move|p2a: Gholdengo|Make It Rain|p1a: Ogerpon
|-resisted|p1a: Ogerpon
|-damage|p1a: Ogerpon|66/100
|-unboost|p2a: Gholdengo|spa|1
|
|upkeep
|turn|5
|
|t:|1781549097
|switch|p2a: Pecharunt|Pecharunt|100/100
|move|p1a: Ogerpon|Ivy Cudgel|p2a: Pecharunt|[anim] Ivy Cudgel Water
|-damage|p2a: Pecharunt|74/100
|
|upkeep
|turn|6
|
|t:|1781549107
|switch|p1a: Darkrai|Darkrai|100/100
|move|p2a: Pecharunt|Malignant Chain|p1a: Darkrai
|-damage|p1a: Darkrai|61/100
|
|upkeep
|turn|7
|
|t:|1781549124
|switch|p2a: Lokix|Lokix, M|100/100
|move|p1a: Darkrai|Ice Beam|p2a: Lokix
|-crit|p2a: Lokix
|-damage|p2a: Lokix|11/100
|
|upkeep
|turn|8
|
|t:|1781549133
|switch|p1a: Great Tusk|Great Tusk|100/100
|move|p2a: Lokix|U-turn|p1a: Great Tusk
|-resisted|p1a: Great Tusk
|-damage|p1a: Great Tusk|62/100
|-damage|p2a: Lokix|0 fnt|[from] item: Rocky Helmet|[of] p1a: Great Tusk
|faint|p2a: Lokix
|
|upkeep
|
|t:|1781549141
|switch|p2a: Deoxys|Deoxys-Speed|100/100
|-ability|p2a: Deoxys|Pressure
|turn|9
|
|t:|1781549145
|-end|p1a: Great Tusk|Protosynthesis|[silent]
|switch|p1a: Hatterene|Hatterene, F|100/100
|move|p2a: Deoxys|Knock Off|p1a: Hatterene
|-damage|p1a: Hatterene|71/100
|-enditem|p1a: Hatterene|Assault Vest|[from] move: Knock Off|[of] p2a: Deoxys
|
|upkeep
|turn|10
|inactive|Battle timer is ON: inactive players will automatically lose when time's up. (requested by funnygames(1997))
|
|t:|1781549157
|move|p2a: Deoxys|Psycho Boost|p1a: Hatterene
|-resisted|p1a: Hatterene
|-damage|p1a: Hatterene|45/100
|-unboost|p2a: Deoxys|spa|2
|-enditem|p2a: Deoxys|Eject Pack
|
|t:|1781549160
|switch|p2a: Pecharunt|Pecharunt|74/100
|move|p1a: Hatterene|Mystical Fire|p2a: Pecharunt
|-damage|p2a: Pecharunt|49/100
|-unboost|p2a: Pecharunt|spa|1
|
|upkeep
|turn|11
|
|t:|1781549167
|move|p2a: Pecharunt|Malignant Chain|p1a: Hatterene
|-supereffective|p1a: Hatterene
|-damage|p1a: Hatterene|8/100
|move|p1a: Hatterene|Psyshock|p2a: Pecharunt
|-supereffective|p2a: Pecharunt
|-damage|p2a: Pecharunt|7/100
|
|upkeep
|turn|12
|
|t:|1781549174
|move|p2a: Pecharunt|Malignant Chain|p1a: Hatterene
|-supereffective|p1a: Hatterene
|-damage|p1a: Hatterene|0 fnt
|faint|p1a: Hatterene
|
|upkeep
|
|t:|1781549182
|switch|p1a: Arcanine|Arcanine-Hisui, F|100/100
|turn|13
|
|t:|1781549189
|move|p1a: Arcanine|Flare Blitz|p2a: Pecharunt
|-damage|p2a: Pecharunt|0 fnt
|-damage|p1a: Arcanine|84/100|[from] item: Rocky Helmet|[of] p2a: Pecharunt
|faint|p2a: Pecharunt
|
|upkeep
|
|t:|1781549210
|switch|p2a: Hydreigon|Hydreigon, F|78/100
|turn|14
|
|t:|1781549217
|move|p2a: Hydreigon|Draco Meteor|p1a: Arcanine
|-damage|p1a: Arcanine|0 fnt
|-unboost|p2a: Hydreigon|spa|2
|faint|p1a: Arcanine
|
|upkeep
|
|t:|1781549220
|switch|p1a: Ogerpon|Ogerpon-Wellspring, F|66/100
|turn|15
|
|t:|1781549234
|switch|p2a: Gholdengo|Gholdengo|37/100
|-terastallize|p1a: Ogerpon|Water
|detailschange|p1a: Ogerpon|Ogerpon-Wellspring-Tera, F, tera:Water
|-ability|p1a: Ogerpon|Embody Aspect (Wellspring)|boost
|-boost|p1a: Ogerpon|spd|1
|move|p1a: Ogerpon|Swords Dance|p1a: Ogerpon
|-boost|p1a: Ogerpon|atk|2
|
|upkeep
|turn|16
|
|t:|1781549239
|move|p1a: Ogerpon|Horn Leech|p2a: Gholdengo
|-resisted|p2a: Gholdengo
|-damage|p2a: Gholdengo|0 fnt
|-heal|p1a: Ogerpon|85/100|[from] drain|[of] p2a: Gholdengo
|faint|p2a: Gholdengo
|
|upkeep
|
|t:|1781549245
|switch|p2a: Hydreigon|Hydreigon, F|78/100
|turn|17
|
|t:|1781549248
|move|p2a: Hydreigon|Draco Meteor|p1a: Ogerpon
|-damage|p1a: Ogerpon|36/100
|-unboost|p2a: Hydreigon|spa|2
|move|p1a: Ogerpon|Ivy Cudgel|p2a: Hydreigon|[anim] Ivy Cudgel Water
|-resisted|p2a: Hydreigon
|-damage|p2a: Hydreigon|0 fnt
|faint|p2a: Hydreigon
|
|upkeep
|
|t:|1781549254
|switch|p2a: Deoxys|Deoxys-Speed|100/100
|-ability|p2a: Deoxys|Pressure
|turn|18
|
|t:|1781549258
|switch|p1a: Darkrai|Darkrai|61/100
|move|p2a: Deoxys|Psycho Boost|p1a: Darkrai
|-immune|p1a: Darkrai
|
|upkeep
|turn|19
|
|t:|1781549261
|move|p1a: Darkrai|Dark Pulse|p2a: Deoxys
|-supereffective|p2a: Deoxys
|-damage|p2a: Deoxys|0 fnt
|faint|p2a: Deoxys
|
|upkeep
|-message|Wanawa8724 forfeited.
|
|win|funnygames(1997)
|raw|funnygames(1997)'s rating: 1656 &rarr; <strong>1681</strong><br />(+25 for winning)
|raw|Wanawa8724's rating: 1743 &rarr; <strong>1718</strong><br />(-25 for losing)
|l|☆Wanawa8724
|player|p2|
|l|☆funnygames(1997)
|player|p1|
