|j|☆bak bak bak again
|j|☆iclimbnatdexladdez
|t:|1781405609
|gametype|singles
|player|p1|bak bak bak again|266|1570
|player|p2|iclimbnatdexladdez|jacinthe|1545
|gen|9
|tier|[Gen 9] OU
|rated|
|rule|HP Percentage Mod: HP is shown in percentages
|rule|Endless Battle Clause: Forcing endless battles is banned
|rule|Species Clause: Limit one of each Pokémon
|rule|OHKO Clause: OHKO moves are banned
|rule|Evasion Items Clause: Evasion items are banned
|rule|Evasion Moves Clause: Evasion moves are banned
|rule|Evasion Abilities Clause: Evasion abilities are banned
|rule|Sleep Moves Clause: Sleep-inducing moves are banned
|clearpoke
|poke|p1|Ogerpon-Wellspring, F|
|poke|p1|Forretress, F|
|poke|p1|Gholdengo|
|poke|p1|Iron Moth|
|poke|p1|Maushold-Four|
|poke|p1|Enamorus, F|
|poke|p2|Dragapult, M|
|poke|p2|Cinderace, M|
|poke|p2|Great Tusk|
|poke|p2|Gholdengo|
|poke|p2|Kingambit, M|
|poke|p2|Rotom-Wash|
|teampreview
|inactive|Battle timer is ON: inactive players will automatically lose when time's up. (requested by iclimbnatdexladdez)
|j| bigbotboi
|
|t:|1781405622
|teamsize|p1|6
|teamsize|p2|6
|start
|switch|p1a: Forretress|Forretress, F|100/100
|switch|p2a: Cinderace|Cinderace, M, shiny|100/100
|turn|1
|
|t:|1781405626
|move|p2a: Cinderace|Pyro Ball|p1a: Forretress
|-supereffective|p1a: Forretress
|-ability|p1a: Forretress|Sturdy
|-damage|p1a: Forretress|1/100
|move|p1a: Forretress|Counter|p2a: Cinderace
|-damage|p2a: Cinderace|0 fnt
|faint|p2a: Cinderace
|
|upkeep
|inactive|iclimbnatdexladdez has 120 seconds left.
|
|t:|1781405667
|switch|p2a: Dragapult|Dragapult, M, shiny|100/100
|turn|2
|-enditem|p1a: Forretress|Custap Berry|[eat]
|-activate|p1a: Forretress|item: Custap Berry|[consumed]
|
|t:|1781405673
|move|p1a: Forretress|Toxic Spikes|p2a: Dragapult
|-sidestart|p2: iclimbnatdexladdez|move: Toxic Spikes
|move|p2a: Dragapult|U-turn|p1a: Forretress
|-resisted|p1a: Forretress
|-damage|p1a: Forretress|0 fnt
|faint|p1a: Forretress
|
|t:|1781405681
|switch|p2a: Rotom|Rotom-Wash, shiny|100/100|[from] U-turn
|
|upkeep
|
|t:|1781405690
|switch|p1a: Ogerpon|Ogerpon-Wellspring, F|100/100
|turn|3
|
|t:|1781405708
|move|p1a: Ogerpon|Horn Leech|p2a: Rotom
|-supereffective|p2a: Rotom
|-damage|p2a: Rotom|37/100
|move|p2a: Rotom|Will-O-Wisp|p1a: Ogerpon
|-status|p1a: Ogerpon|brn
|
|-heal|p2a: Rotom|43/100|[from] item: Leftovers
|-damage|p1a: Ogerpon|95/100 brn|[from] brn
|upkeep
|turn|4
|
|t:|1781405713
|move|p2a: Rotom|Protect|p2a: Rotom
|-singleturn|p2a: Rotom|Protect
|move|p1a: Ogerpon|Horn Leech|p2a: Rotom
|-activate|p2a: Rotom|move: Protect
|
|-heal|p2a: Rotom|49/100|[from] item: Leftovers
|-damage|p1a: Ogerpon|89/100 brn|[from] brn
|upkeep
|turn|5
|
|t:|1781405721
|switch|p2a: Gholdengo|Gholdengo, shiny|100/100
|move|p1a: Ogerpon|Knock Off|p2a: Gholdengo
|-supereffective|p2a: Gholdengo
|-damage|p2a: Gholdengo|60/100
|-enditem|p2a: Gholdengo|Choice Scarf|[from] move: Knock Off|[of] p1a: Ogerpon
|
|-damage|p1a: Ogerpon|83/100 brn|[from] brn
|upkeep
|turn|6
|
|t:|1781405731
|move|p1a: Ogerpon|Ivy Cudgel|p2a: Gholdengo|[anim] Ivy Cudgel Water
|-damage|p2a: Gholdengo|23/100
|move|p2a: Gholdengo|Shadow Ball|p1a: Ogerpon
|-damage|p1a: Ogerpon|33/100 brn
|
|-damage|p1a: Ogerpon|27/100 brn|[from] brn
|upkeep
|turn|7
|
|t:|1781405741
|switch|p2a: Rotom|Rotom-Wash, shiny|49/100
|move|p1a: Ogerpon|Ivy Cudgel|p2a: Rotom|[anim] Ivy Cudgel Water
|-resisted|p2a: Rotom
|-damage|p2a: Rotom|37/100
|
|-heal|p2a: Rotom|43/100|[from] item: Leftovers
|-damage|p1a: Ogerpon|21/100 brn|[from] brn
|upkeep
|turn|8
|
|t:|1781405745
|move|p2a: Rotom|Protect|p2a: Rotom
|-singleturn|p2a: Rotom|Protect
|move|p1a: Ogerpon|Horn Leech|p2a: Rotom
|-activate|p2a: Rotom|move: Protect
|
|-heal|p2a: Rotom|49/100|[from] item: Leftovers
|-damage|p1a: Ogerpon|15/100 brn|[from] brn
|upkeep
|turn|9
|
|t:|1781405755
|switch|p2a: Gholdengo|Gholdengo, shiny|23/100
|move|p1a: Ogerpon|Horn Leech|p2a: Gholdengo
|-resisted|p2a: Gholdengo
|-damage|p2a: Gholdengo|11/100
|-heal|p1a: Ogerpon|22/100 brn|[from] drain|[of] p2a: Gholdengo
|
|-damage|p1a: Ogerpon|16/100 brn|[from] brn
|upkeep
|turn|10
|
|t:|1781405765
|move|p1a: Ogerpon|Horn Leech|p2a: Gholdengo
|-resisted|p2a: Gholdengo
|-damage|p2a: Gholdengo|0 fnt
|-heal|p1a: Ogerpon|21/100 brn|[from] drain|[of] p2a: Gholdengo
|faint|p2a: Gholdengo
|
|-damage|p1a: Ogerpon|15/100 brn|[from] brn
|upkeep
|
|t:|1781405767
|switch|p2a: Great Tusk|Great Tusk, shiny|100/100
|-status|p2a: Great Tusk|psn
|-enditem|p2a: Great Tusk|Booster Energy
|-activate|p2a: Great Tusk|ability: Protosynthesis|[fromitem]
|-start|p2a: Great Tusk|protosynthesisspe
|turn|11
|
|t:|1781405787
|move|p1a: Ogerpon|Protect|p1a: Ogerpon
|-singleturn|p1a: Ogerpon|Protect
|move|p2a: Great Tusk|Knock Off|p1a: Ogerpon
|-activate|p1a: Ogerpon|move: Protect
|
|-damage|p2a: Great Tusk|88/100 psn|[from] psn
|-damage|p1a: Ogerpon|9/100 brn|[from] brn
|upkeep
|turn|12
|
|t:|1781405799
|switch|p1a: Gholdengo|Gholdengo|100/100
|-item|p1a: Gholdengo|Air Balloon
|move|p2a: Great Tusk|Rapid Spin|p1a: Gholdengo
|-immune|p1a: Gholdengo
|
|-damage|p2a: Great Tusk|76/100 psn|[from] psn
|upkeep
|turn|13
|
|t:|1781405810
|move|p2a: Great Tusk|Knock Off|p1a: Gholdengo
|-supereffective|p1a: Gholdengo
|-damage|p1a: Gholdengo|42/100
|-enditem|p1a: Gholdengo|Air Balloon
|move|p1a: Gholdengo|Make It Rain|p2a: Great Tusk
|-damage|p2a: Great Tusk|0 fnt
|-unboost|p1a: Gholdengo|spa|1
|faint|p2a: Great Tusk
|-end|p2a: Great Tusk|Protosynthesis|[silent]
|
|upkeep
|
|t:|1781405815
|switch|p2a: Rotom|Rotom-Wash, shiny|49/100
|turn|14
|
|t:|1781405820
|move|p1a: Gholdengo|Shadow Ball|p2a: Rotom
|-damage|p2a: Rotom|20/100
|move|p2a: Rotom|Volt Switch|p1a: Gholdengo
|-damage|p1a: Gholdengo|11/100
|
|t:|1781405825
|switch|p2a: Kingambit|Kingambit, M, shiny|100/100|[from] Volt Switch
|-activate|p2a: Kingambit|ability: Supreme Overlord
|-start|p2a: Kingambit|fallen3|[silent]
|
|upkeep
|turn|15
|
|t:|1781405830
|move|p2a: Kingambit|Sucker Punch|p1a: Gholdengo
|-supereffective|p1a: Gholdengo
|-damage|p1a: Gholdengo|0 fnt
|faint|p1a: Gholdengo
|
|upkeep
|
|t:|1781405834
|switch|p1a: Maushold|Maushold-Four|100/100
|turn|16
|
|t:|1781405837
|-end|p2a: Kingambit|fallen3|[silent]
|switch|p2a: Rotom|Rotom-Wash, shiny|20/100
|move|p1a: Maushold|Encore||[still]
|-fail|p1a: Maushold
|
|-heal|p2a: Rotom|26/100|[from] item: Leftovers
|upkeep
|turn|17
|
|t:|1781405841
|-terastallize|p2a: Rotom|Ghost
|move|p1a: Maushold|Population Bomb|p2a: Rotom
|-immune|p2a: Rotom
|move|p2a: Rotom|Will-O-Wisp|p1a: Maushold|[miss]
|-miss|p2a: Rotom|p1a: Maushold
|
|-heal|p2a: Rotom|32/100|[from] item: Leftovers
|upkeep
|turn|18
|
|t:|1781405853
|switch|p1a: Iron Moth|Iron Moth|100/100
|move|p2a: Rotom|Volt Switch|p1a: Iron Moth
|-damage|p1a: Iron Moth|82/100
|
|t:|1781405861
|switch|p2a: Kingambit|Kingambit, M, shiny|100/100|[from] Volt Switch
|-activate|p2a: Kingambit|ability: Supreme Overlord
|-start|p2a: Kingambit|fallen3|[silent]
|
|upkeep
|turn|19
|
|t:|1781405866
|move|p1a: Iron Moth|Fiery Dance|p2a: Kingambit
|-supereffective|p2a: Kingambit
|-damage|p2a: Kingambit|13/100
|-boost|p1a: Iron Moth|spa|1
|move|p2a: Kingambit|Kowtow Cleave|p1a: Iron Moth
|-damage|p1a: Iron Moth|0 fnt
|faint|p1a: Iron Moth
|-end|p1a: Iron Moth|Quark Drive|[silent]
|
|upkeep
|
|t:|1781405876
|switch|p1a: Enamorus|Enamorus, F|100/100
|turn|20
|
|t:|1781405880
|-end|p2a: Kingambit|fallen3|[silent]
|switch|p2a: Rotom|Rotom-Wash, shiny, tera:Ghost|32/100
|move|p1a: Enamorus|Moonblast|p2a: Rotom
|-damage|p2a: Rotom|0 fnt
|faint|p2a: Rotom
|
|upkeep
|
|t:|1781405882
|switch|p2a: Dragapult|Dragapult, M, shiny|100/100
|-status|p2a: Dragapult|psn
|turn|21
|
|t:|1781405884
|move|p1a: Enamorus|Moonblast|p2a: Dragapult
|-supereffective|p2a: Dragapult
|-damage|p2a: Dragapult|0 fnt
|faint|p2a: Dragapult
|
|upkeep
|l| bigbotboi
|-message|iclimbnatdexladdez forfeited.
|
|win|bak bak bak again
|raw|bak bak bak again's rating: 1570 &rarr; <strong>1587</strong><br />(+17 for winning)
|raw|iclimbnatdexladdez's rating: 1522 &rarr; <strong>1505</strong><br />(-17 for losing)
|l|☆iclimbnatdexladdez
|player|p2|
|n|☆bak bak bak again@!|bakbakbakagain
