|j|☆teamskullenoxa
|j|☆th3r3d33m3r
|t:|1781184555
|gametype|singles
|player|p1|teamskullenoxa|265|1540
|player|p2|th3r3d33m3r|lady|1513
|gen|9
|tier|[Gen 9] OU
|rated|
|rule|HP Percentage Mod: HP is shown in percentages
|rule|Endless Battle Clause: Forcing endless battles is banned
|rule|Species Clause: Limit one of each Pokémon
|rule|OHKO Clause: OHKO moves are banned
|rule|Evasion Items Clause: Evasion items are banned
|rule|Evasion Moves Clause: Evasion moves are banned
|rule|Evasion Abilities Clause: Evasion abilities are banned
|rule|Sleep Moves Clause: Sleep-inducing moves are banned
|clearpoke
|poke|p1|Pelipper, F|
|poke|p1|Hatterene, F|
|poke|p1|Iron Treads|
|poke|p1|Toxicroak, F|
|poke|p1|Barraskewda, F|
|poke|p1|Zapdos|
|poke|p2|Hoopa-Unbound|
|poke|p2|Pecharunt|
|poke|p2|Landorus-Therian, M|
|poke|p2|Cinderace, M|
|poke|p2|Alomomola, M|
|poke|p2|Iron Valiant|
|teampreview
|
|t:|1781184557
|teamsize|p1|6
|teamsize|p2|6
|start
|switch|p1a: Pelipper|Pelipper, F|100/100
|switch|p2a: Calamity|Iron Valiant, shiny|100/100
|-weather|RainDance|[from] ability: Drizzle|[of] p1a: Pelipper
|turn|1
|
|t:|1781184560
|move|p2a: Calamity|Moonblast|p1a: Pelipper
|-damage|p1a: Pelipper|35/100
|-unboost|p1a: Pelipper|spa|1
|move|p1a: Pelipper|Hurricane|p2a: Calamity
|-supereffective|p2a: Calamity
|-damage|p2a: Calamity|8/100
|
|-weather|RainDance|[upkeep]
|upkeep
|turn|2
|
|t:|1781184565
|switch|p1a: Hatterene|Hatterene, F|100/100
|move|p2a: Calamity|Moonblast|p1a: Hatterene
|-damage|p1a: Hatterene|21/100
|-unboost|p1a: Hatterene|spa|1
|-enditem|p1a: Hatterene|Eject Button
|
|t:|1781184568
|switch|p1a: Barraskewda|Barraskewda, F|100/100
|
|-weather|RainDance|[upkeep]
|upkeep
|turn|3
|
|t:|1781184578
|-end|p2a: Calamity|Quark Drive|[silent]
|switch|p2a: Pisces|Alomomola, M, shiny|100/100
|move|p1a: Barraskewda|Flip Turn|p2a: Pisces
|-resisted|p2a: Pisces
|-damage|p2a: Pisces|75/100
|
|t:|1781184580
|switch|p1a: Zapdos|Zapdos|100/100|[from] Flip Turn
|
|-weather|RainDance|[upkeep]
|upkeep
|turn|4
|
|t:|1781184584
|-terastallize|p1a: Zapdos|Flying
|move|p1a: Zapdos|Hurricane|p2a: Pisces
|-damage|p2a: Pisces|12/100
|-start|p2a: Pisces|confusion
|-activate|p2a: Pisces|confusion
|move|p2a: Pisces|Mirror Coat|p1a: Zapdos
|-damage|p1a: Zapdos|0 fnt
|faint|p1a: Zapdos
|
|-weather|RainDance|[upkeep]
|upkeep
|
|t:|1781184595
|switch|p1a: Barraskewda|Barraskewda, F|100/100
|turn|5
|
|t:|1781184611
|switch|p2a: Khaos|Hoopa-Unbound|100/100
|move|p1a: Barraskewda|Liquidation|p2a: Khaos
|-crit|p2a: Khaos
|-damage|p2a: Khaos|0 fnt
|faint|p2a: Khaos
|
|-weather|RainDance|[upkeep]
|upkeep
|
|t:|1781184618
|switch|p2a: Overseer|Pecharunt|100/100
|turn|6
|
|t:|1781184627
|move|p1a: Barraskewda|Liquidation|p2a: Overseer
|-damage|p2a: Overseer|49/100
|move|p2a: Overseer|Malignant Chain|p1a: Barraskewda
|-damage|p1a: Barraskewda|27/100
|-status|p1a: Barraskewda|tox
|-start|p1a: Barraskewda|confusion|[from] ability: Poison Puppeteer|[of] p2a: Overseer
|
|-weather|RainDance|[upkeep]
|-damage|p1a: Barraskewda|21/100 tox|[from] psn
|upkeep
|turn|7
|
|t:|1781184634
|switch|p2a: Pisces|Alomomola, M, shiny|45/100
|-activate|p1a: Barraskewda|confusion
|move|p1a: Barraskewda|Liquidation|p2a: Pisces
|-resisted|p2a: Pisces
|-damage|p2a: Pisces|8/100
|
|-weather|RainDance|[upkeep]
|-damage|p1a: Barraskewda|9/100 tox|[from] psn
|upkeep
|turn|8
|
|t:|1781184640
|switch|p1a: Toxicroak|Toxicroak, F|100/100
|switch|p2a: Overseer|Pecharunt|49/100
|
|-weather|none
|upkeep
|turn|9
|
|t:|1781184643
|move|p1a: Toxicroak|Knock Off|p2a: Overseer
|-supereffective|p2a: Overseer
|-damage|p2a: Overseer|28/100
|-enditem|p2a: Overseer|Heavy-Duty Boots|[from] move: Knock Off|[of] p1a: Toxicroak
|move|p2a: Overseer|Recover|p2a: Overseer
|-heal|p2a: Overseer|78/100
|
|upkeep
|turn|10
|
|t:|1781184648
|move|p1a: Toxicroak|Encore|p2a: Overseer
|-start|p2a: Overseer|Encore
|move|p2a: Overseer|Recover|p2a: Overseer
|-heal|p2a: Overseer|100/100
|
|upkeep
|turn|11
|
|t:|1781184653
|switch|p1a: Hatterene|Hatterene, F|21/100
|switch|p2a: Pisces|Alomomola, M, shiny|41/100
|
|upkeep
|turn|12
|
|t:|1781184660
|switch|p2a: Liberacy|Cinderace, M, shiny|100/100
|move|p1a: Hatterene|Healing Wish|p1a: Hatterene
|faint|p1a: Hatterene
|
|upkeep
|
|t:|1781184666
|switch|p1a: Barraskewda|Barraskewda, F|9/100 tox
|-heal|p1a: Barraskewda|100/100|[from] move: Healing Wish
|turn|13
|
|t:|1781184676
|switch|p2a: Pisces|Alomomola, M, shiny|75/100
|move|p1a: Barraskewda|Liquidation|p2a: Pisces
|-resisted|p2a: Pisces
|-damage|p2a: Pisces|50/100
|-unboost|p2a: Pisces|def|1
|
|upkeep
|turn|14
|
|t:|1781184688
|move|p1a: Barraskewda|Liquidation|p2a: Pisces
|-resisted|p2a: Pisces
|-damage|p2a: Pisces|12/100
|-unboost|p2a: Pisces|def|1
|move|p2a: Pisces|Flip Turn|p1a: Barraskewda
|-resisted|p1a: Barraskewda
|-crit|p1a: Barraskewda
|-damage|p1a: Barraskewda|78/100
|
|t:|1781184692
|switch|p2a: Enten|Landorus-Therian, M, shiny|100/100|[from] Flip Turn
|-ability|p2a: Enten|Intimidate|boost
|-unboost|p1a: Barraskewda|atk|1
|
|upkeep
|turn|15
|
|t:|1781184697
|switch|p1a: Pelipper|Pelipper, F|35/100
|-weather|RainDance|[from] ability: Drizzle|[of] p1a: Pelipper
|move|p2a: Enten|U-turn|p1a: Pelipper
|-resisted|p1a: Pelipper
|-damage|p1a: Pelipper|20/100
|
|t:|1781184702
|switch|p2a: Calamity|Iron Valiant, shiny|8/100|[from] U-turn
|
|-weather|RainDance|[upkeep]
|upkeep
|turn|16
|
|t:|1781184706
|switch|p1a: Iron Treads|Iron Treads|100/100
|move|p2a: Calamity|Shadow Ball|p1a: Iron Treads
|-damage|p1a: Iron Treads|70/100
|
|-weather|RainDance|[upkeep]
|-heal|p1a: Iron Treads|76/100|[from] item: Leftovers
|upkeep
|turn|17
|
|t:|1781184709
|-end|p2a: Calamity|Quark Drive|[silent]
|switch|p2a: Pisces|Alomomola, M, shiny|45/100
|move|p1a: Iron Treads|Rapid Spin|p2a: Pisces
|-damage|p2a: Pisces|36/100
|-boost|p1a: Iron Treads|spe|1
|
|-weather|RainDance|[upkeep]
|-heal|p1a: Iron Treads|82/100|[from] item: Leftovers
|upkeep
|turn|18
|
|t:|1781184712
|move|p1a: Iron Treads|Stealth Rock|p2a: Pisces
|-sidestart|p2: th3r3d33m3r|move: Stealth Rock
|move|p2a: Pisces|Flip Turn|p1a: Iron Treads
|-supereffective|p1a: Iron Treads
|-damage|p1a: Iron Treads|44/100
|
|t:|1781184714
|switch|p2a: Liberacy|Cinderace, M, shiny|100/100|[from] Flip Turn
|
|-weather|RainDance|[upkeep]
|-heal|p1a: Iron Treads|50/100|[from] item: Leftovers
|upkeep
|turn|19
|
|t:|1781184722
|move|p1a: Iron Treads|Earthquake|p2a: Liberacy
|-supereffective|p2a: Liberacy
|-damage|p2a: Liberacy|0 fnt
|faint|p2a: Liberacy
|
|-weather|RainDance|[upkeep]
|-heal|p1a: Iron Treads|56/100|[from] item: Leftovers
|upkeep
|
|t:|1781184725
|switch|p2a: Enten|Landorus-Therian, M, shiny|100/100
|-damage|p2a: Enten|88/100|[from] Stealth Rock
|-ability|p2a: Enten|Intimidate|boost
|-unboost|p1a: Iron Treads|atk|1
|turn|20
|
|t:|1781184733
|-end|p1a: Iron Treads|Quark Drive|[silent]
|switch|p1a: Pelipper|Pelipper, F|20/100
|move|p2a: Enten|U-turn|p1a: Pelipper
|-resisted|p1a: Pelipper
|-damage|p1a: Pelipper|7/100
|
|t:|1781184739
|switch|p2a: Calamity|Iron Valiant, shiny|8/100|[from] U-turn
|-damage|p2a: Calamity|2/100|[from] Stealth Rock
|
|-weather|RainDance|[upkeep]
|upkeep
|turn|21
|
|t:|1781184747
|switch|p1a: Iron Treads|Iron Treads|56/100
|move|p2a: Calamity|Moonblast|p1a: Iron Treads
|-resisted|p1a: Iron Treads
|-damage|p1a: Iron Treads|26/100
|-unboost|p1a: Iron Treads|spa|1
|
|-weather|RainDance|[upkeep]
|-heal|p1a: Iron Treads|32/100|[from] item: Leftovers
|upkeep
|turn|22
|
|t:|1781184752
|move|p2a: Calamity|Moonblast|p1a: Iron Treads
|-resisted|p1a: Iron Treads
|-damage|p1a: Iron Treads|5/100
|move|p1a: Iron Treads|Volt Switch|p2a: Calamity
|-damage|p2a: Calamity|0 fnt
|faint|p2a: Calamity
|-end|p2a: Calamity|Quark Drive|[silent]
|
|t:|1781184762
|-end|p1a: Iron Treads|Quark Drive|[silent]
|switch|p1a: Barraskewda|Barraskewda, F|78/100|[from] Volt Switch
|
|-weather|none
|upkeep
|
|t:|1781184765
|switch|p2a: Enten|Landorus-Therian, M, shiny|88/100
|-damage|p2a: Enten|76/100|[from] Stealth Rock
|-ability|p2a: Enten|Intimidate|boost
|-unboost|p1a: Barraskewda|atk|1
|turn|23
|
|t:|1781184771
|switch|p1a: Toxicroak|Toxicroak, F|100/100
|move|p2a: Enten|U-turn|p1a: Toxicroak
|-resisted|p1a: Toxicroak
|-damage|p1a: Toxicroak|95/100
|-damage|p2a: Enten|59/100|[from] item: Rocky Helmet|[of] p1a: Toxicroak
|
|t:|1781184775
|switch|p2a: Overseer|Pecharunt|100/100|[from] U-turn
|-damage|p2a: Overseer|88/100|[from] Stealth Rock
|
|upkeep
|turn|24
|
|t:|1781184782
|move|p1a: Toxicroak|Knock Off|p2a: Overseer
|-supereffective|p2a: Overseer
|-damage|p2a: Overseer|73/100
|move|p2a: Overseer|Shadow Ball|p1a: Toxicroak
|-damage|p1a: Toxicroak|63/100
|
|upkeep
|turn|25
|
|t:|1781184797
|switch|p1a: Pelipper|Pelipper, F|7/100
|-weather|RainDance|[from] ability: Drizzle|[of] p1a: Pelipper
|move|p2a: Overseer|Shadow Ball|p1a: Pelipper
|-crit|p1a: Pelipper
|-damage|p1a: Pelipper|0 fnt
|faint|p1a: Pelipper
|
|-weather|RainDance|[upkeep]
|upkeep
|
|t:|1781184800
|switch|p1a: Barraskewda|Barraskewda, F|78/100
|turn|26
|
|t:|1781184809
|move|p1a: Barraskewda|Liquidation|p2a: Overseer
|-damage|p2a: Overseer|26/100
|move|p2a: Overseer|Malignant Chain|p1a: Barraskewda
|-damage|p1a: Barraskewda|12/100
|-status|p1a: Barraskewda|tox
|-start|p1a: Barraskewda|confusion|[from] ability: Poison Puppeteer|[of] p2a: Overseer
|
|-weather|RainDance|[upkeep]
|-damage|p1a: Barraskewda|6/100 tox|[from] psn
|upkeep
|turn|27
|
|t:|1781184815
|switch|p2a: Pisces|Alomomola, M, shiny|69/100
|-damage|p2a: Pisces|57/100|[from] Stealth Rock
|-activate|p1a: Barraskewda|confusion
|move|p1a: Barraskewda|Liquidation|p2a: Pisces
|-resisted|p2a: Pisces
|-damage|p2a: Pisces|20/100
|
|-weather|RainDance|[upkeep]
|-damage|p1a: Barraskewda|0 fnt|[from] psn
|faint|p1a: Barraskewda
|upkeep
|
|t:|1781184827
|switch|p1a: Iron Treads|Iron Treads|5/100
|turn|28
|
|t:|1781184833
|move|p2a: Pisces|Aqua Jet|p1a: Iron Treads
|-supereffective|p1a: Iron Treads
|-damage|p1a: Iron Treads|0 fnt
|faint|p1a: Iron Treads
|-end|p1a: Iron Treads|Quark Drive|[silent]
|
|-weather|RainDance|[upkeep]
|upkeep
|-message|teamskullenoxa forfeited.
|
|win|th3r3d33m3r
|raw|teamskullenoxa's rating: 1540 &rarr; <strong>1518</strong><br />(-22 for losing)
|raw|th3r3d33m3r's rating: 1513 &rarr; <strong>1535</strong><br />(+22 for winning)
|l|☆teamskullenoxa
|player|p1|
|l|☆th3r3d33m3r
|player|p2|
