|j|☆stevstacks
|j|☆jd2sleepy
|t:|1781374304
|gametype|singles
|player|p1|stevstacks|169|1523
|player|p2|jd2sleepy|blackbelt-gen4dp|1551
|gen|9
|tier|[Gen 9] OU
|rated|
|rule|HP Percentage Mod: HP is shown in percentages
|rule|Endless Battle Clause: Forcing endless battles is banned
|rule|Species Clause: Limit one of each Pokémon
|rule|OHKO Clause: OHKO moves are banned
|rule|Evasion Items Clause: Evasion items are banned
|rule|Evasion Moves Clause: Evasion moves are banned
|rule|Evasion Abilities Clause: Evasion abilities are banned
|rule|Sleep Moves Clause: Sleep-inducing moves are banned
|clearpoke
|poke|p1|Torkoal, F|
|poke|p1|Corviknight, M|
|poke|p1|Walking Wake|
|poke|p1|Great Tusk|
|poke|p1|Zamazenta-*|
|poke|p1|Ogerpon, F|
|poke|p2|Vigoroth, M|
|poke|p2|Slowking-Galar, F|
|poke|p2|Corviknight, M|
|poke|p2|Ting-Lu|
|poke|p2|Great Tusk|
|poke|p2|Gholdengo|
|teampreview
|inactive|Battle timer is ON: inactive players will automatically lose when time's up. (requested by stevstacks)
|
|t:|1781374320
|teamsize|p1|6
|teamsize|p2|6
|start
|switch|p1a: Ogerpon|Ogerpon, F|100/100
|switch|p2a: Tusk The Great|Great Tusk|100/100
|turn|1
|
|t:|1781374326
|-end|p2a: Tusk The Great|Protosynthesis|[silent]
|switch|p2a: Corvette Corvette|Corviknight, M|100/100
|-ability|p2a: Corvette Corvette|Pressure
|move|p1a: Ogerpon|Spikes|p2a: Corvette Corvette
|-sidestart|p2: jd2sleepy|Spikes
|
|upkeep
|turn|2
|
|t:|1781374329
|switch|p1a: Torkoal|Torkoal, F, shiny|100/100
|-weather|SunnyDay|[from] ability: Drought|[of] p1a: Torkoal
|move|p2a: Corvette Corvette|U-turn|p1a: Torkoal
|-resisted|p1a: Torkoal
|-damage|p1a: Torkoal|95/100
|
|t:|1781374330
|switch|p2a: Tusk The Great|Great Tusk|100/100|[from] U-turn
|-activate|p2a: Tusk The Great|ability: Protosynthesis
|-start|p2a: Tusk The Great|protosynthesisatk
|
|-weather|SunnyDay|[upkeep]
|upkeep
|turn|3
|
|t:|1781374333
|-terastallize|p1a: Torkoal|Ghost
|move|p2a: Tusk The Great|Headlong Rush|p1a: Torkoal
|-damage|p1a: Torkoal|29/100
|-unboost|p2a: Tusk The Great|def|1
|-unboost|p2a: Tusk The Great|spd|1
|move|p1a: Torkoal|Will-O-Wisp|p2a: Tusk The Great
|-status|p2a: Tusk The Great|brn
|
|-weather|SunnyDay|[upkeep]
|-damage|p2a: Tusk The Great|94/100 brn|[from] brn
|upkeep
|turn|4
|
|t:|1781374341
|switch|p1a: Walking Wake|Walking Wake|100/100
|-activate|p1a: Walking Wake|ability: Protosynthesis
|-start|p1a: Walking Wake|protosynthesisspe
|move|p2a: Tusk The Great|Stealth Rock|p1a: Walking Wake
|-sidestart|p1: stevstacks|move: Stealth Rock
|
|-weather|SunnyDay|[upkeep]
|-damage|p2a: Tusk The Great|88/100 brn|[from] brn
|upkeep
|turn|5
|
|t:|1781374344
|-end|p2a: Tusk The Great|Protosynthesis|[silent]
|switch|p2a: Say it ain't Slo|Slowking-Galar, F|100/100
|move|p1a: Walking Wake|Hydro Steam|p2a: Say it ain't Slo
|-damage|p2a: Say it ain't Slo|59/100
|
|-weather|SunnyDay|[upkeep]
|upkeep
|turn|6
|
|t:|1781374347
|move|p1a: Walking Wake|Hydro Steam|p2a: Say it ain't Slo
|-damage|p2a: Say it ain't Slo|16/100
|-prepare|p2a: Say it ain't Slo|Chilly Reception|[premajor]
|move|p2a: Say it ain't Slo|Chilly Reception|p2a: Say it ain't Slo
|-weather|Snowscape
|-end|p1a: Walking Wake|Protosynthesis
|
|t:|1781374351
|switch|p2a: JD|Vigoroth, M|100/100|[from] Chilly Reception
|-damage|p2a: JD|88/100|[from] Spikes
|
|-weather|Snowscape|[upkeep]
|upkeep
|turn|7
|
|t:|1781374354
|move|p1a: Walking Wake|Draco Meteor|p2a: JD
|-damage|p2a: JD|48/100
|-unboost|p1a: Walking Wake|spa|2
|move|p2a: JD|Knock Off|p1a: Walking Wake
|-damage|p1a: Walking Wake|80/100
|-enditem|p1a: Walking Wake|Mystic Water|[from] move: Knock Off|[of] p2a: JD
|
|-weather|Snowscape|[upkeep]
|upkeep
|turn|8
|
|t:|1781374356
|move|p1a: Walking Wake|Flip Turn|p2a: JD
|-damage|p2a: JD|36/100
|
|t:|1781374359
|-end|p1a: Walking Wake|Protosynthesis|[silent]
|switch|p1a: Torkoal|Torkoal, F, shiny, tera:Ghost|29/100|[from] Flip Turn
|-damage|p1a: Torkoal|17/100|[from] Stealth Rock
|-weather|SunnyDay|[from] ability: Drought|[of] p1a: Torkoal
|move|p2a: JD|Slack Off|p2a: JD
|-heal|p2a: JD|86/100
|
|-weather|SunnyDay|[upkeep]
|upkeep
|turn|9
|
|t:|1781374363
|switch|p2a: Say it ain't Slo|Slowking-Galar, F|49/100
|switch|p1a: Walking Wake|Walking Wake|80/100
|-damage|p1a: Walking Wake|68/100|[from] Stealth Rock
|-activate|p1a: Walking Wake|ability: Protosynthesis
|-start|p1a: Walking Wake|protosynthesisspe
|
|-weather|SunnyDay|[upkeep]
|upkeep
|turn|10
|
|t:|1781374367
|move|p1a: Walking Wake|Hydro Steam|p2a: Say it ain't Slo
|-damage|p2a: Say it ain't Slo|13/100
|-prepare|p2a: Say it ain't Slo|Chilly Reception|[premajor]
|move|p2a: Say it ain't Slo|Chilly Reception|p2a: Say it ain't Slo
|-weather|Snowscape
|-end|p1a: Walking Wake|Protosynthesis
|
|t:|1781374369
|switch|p2a: JD|Vigoroth, M|86/100|[from] Chilly Reception
|-damage|p2a: JD|74/100|[from] Spikes
|
|-weather|Snowscape|[upkeep]
|upkeep
|turn|11
|
|t:|1781374371
|move|p1a: Walking Wake|Draco Meteor|p2a: JD
|-damage|p2a: JD|28/100
|-unboost|p1a: Walking Wake|spa|2
|move|p2a: JD|Slack Off|p2a: JD
|-heal|p2a: JD|78/100
|
|-weather|Snowscape|[upkeep]
|upkeep
|turn|12
|
|t:|1781374374
|switch|p2a: Say it ain't Slo|Slowking-Galar, F|46/100
|move|p1a: Walking Wake|Flip Turn|p2a: Say it ain't Slo
|-damage|p2a: Say it ain't Slo|31/100
|
|t:|1781374377
|-end|p1a: Walking Wake|Protosynthesis|[silent]
|switch|p1a: Great Tusk|Great Tusk, shiny|100/100|[from] Flip Turn
|-damage|p1a: Great Tusk|98/100|[from] Stealth Rock
|
|-weather|Snowscape|[upkeep]
|upkeep
|turn|13
|
|t:|1781374381
|switch|p2a: Corvette Corvette|Corviknight, M|100/100
|-ability|p2a: Corvette Corvette|Pressure
|move|p1a: Great Tusk|Knock Off|p2a: Corvette Corvette
|-damage|p2a: Corvette Corvette|76/100
|-damage|p1a: Great Tusk|81/100|[from] item: Rocky Helmet|[of] p2a: Corvette Corvette
|-enditem|p2a: Corvette Corvette|Rocky Helmet|[from] move: Knock Off|[of] p1a: Great Tusk
|-damage|p1a: Great Tusk|71/100|[from] item: Life Orb
|
|-weather|Snowscape|[upkeep]
|upkeep
|turn|14
|
|t:|1781374387
|move|p1a: Great Tusk|Close Combat|p2a: Corvette Corvette
|-damage|p2a: Corvette Corvette|30/100
|-unboost|p1a: Great Tusk|def|1
|-unboost|p1a: Great Tusk|spd|1
|-damage|p1a: Great Tusk|61/100|[from] item: Life Orb
|move|p2a: Corvette Corvette|Body Press|p1a: Great Tusk
|-damage|p1a: Great Tusk|33/100
|
|-weather|none
|upkeep
|turn|15
|
|t:|1781374390
|move|p1a: Great Tusk|Close Combat|p2a: Corvette Corvette
|-damage|p2a: Corvette Corvette|0 fnt
|-unboost|p1a: Great Tusk|def|1
|-unboost|p1a: Great Tusk|spd|1
|faint|p2a: Corvette Corvette
|-damage|p1a: Great Tusk|23/100|[from] item: Life Orb
|
|upkeep
|
|t:|1781374392
|switch|p2a: Tusk The Great|Great Tusk|88/100 brn
|turn|16
|
|t:|1781374395
|-end|p1a: Great Tusk|Protosynthesis|[silent]
|switch|p1a: Torkoal|Torkoal, F, shiny, tera:Ghost|17/100
|-damage|p1a: Torkoal|5/100|[from] Stealth Rock
|-weather|SunnyDay|[from] ability: Drought|[of] p1a: Torkoal
|-activate|p2a: Tusk The Great|ability: Protosynthesis
|-start|p2a: Tusk The Great|protosynthesisatk
|move|p2a: Tusk The Great|Rapid Spin|p1a: Torkoal
|-immune|p1a: Torkoal
|
|-weather|SunnyDay|[upkeep]
|-damage|p2a: Tusk The Great|82/100 brn|[from] brn
|upkeep
|turn|17
|
|t:|1781374403
|switch|p1a: Walking Wake|Walking Wake|68/100
|-damage|p1a: Walking Wake|56/100|[from] Stealth Rock
|-activate|p1a: Walking Wake|ability: Protosynthesis
|-start|p1a: Walking Wake|protosynthesisspe
|move|p2a: Tusk The Great|Headlong Rush|p1a: Walking Wake
|-damage|p1a: Walking Wake|14/100
|-unboost|p2a: Tusk The Great|def|1
|-unboost|p2a: Tusk The Great|spd|1
|
|-weather|SunnyDay|[upkeep]
|-damage|p2a: Tusk The Great|76/100 brn|[from] brn
|upkeep
|turn|18
|
|t:|1781374412
|-end|p2a: Tusk The Great|Protosynthesis|[silent]
|switch|p2a: JD|Vigoroth, M|78/100
|-damage|p2a: JD|66/100|[from] Spikes
|move|p1a: Walking Wake|Hydro Steam|p2a: JD
|-damage|p2a: JD|23/100
|
|-weather|SunnyDay|[upkeep]
|upkeep
|turn|19
|
|t:|1781374414
|move|p1a: Walking Wake|Hydro Steam|p2a: JD
|-damage|p2a: JD|0 fnt
|faint|p2a: JD
|
|-weather|SunnyDay|[upkeep]
|upkeep
|
|t:|1781374415
|switch|p2a: Say it ain't Slo|Slowking-Galar, F|64/100
|turn|20
|
|t:|1781374418
|move|p1a: Walking Wake|Hydro Steam|p2a: Say it ain't Slo
|-damage|p2a: Say it ain't Slo|28/100
|-prepare|p2a: Say it ain't Slo|Chilly Reception|[premajor]
|move|p2a: Say it ain't Slo|Chilly Reception|p2a: Say it ain't Slo
|-weather|Snowscape
|-end|p1a: Walking Wake|Protosynthesis
|
|t:|1781374421
|switch|p2a: Lulu|Ting-Lu|100/100|[from] Chilly Reception
|-damage|p2a: Lulu|88/100|[from] Spikes
|-ability|p2a: Lulu|Vessel of Ruin
|
|-weather|Snowscape|[upkeep]
|-heal|p2a: Lulu|94/100|[from] item: Leftovers
|upkeep
|turn|21
|
|t:|1781374427
|move|p1a: Walking Wake|Hydro Steam|p2a: Lulu
|-supereffective|p2a: Lulu
|-damage|p2a: Lulu|62/100
|move|p2a: Lulu|Spikes|p1a: Walking Wake
|-sidestart|p1: stevstacks|Spikes
|
|-weather|Snowscape|[upkeep]
|-heal|p2a: Lulu|68/100|[from] item: Leftovers
|upkeep
|turn|22
|
|t:|1781374440
|move|p1a: Walking Wake|Hydro Steam|p2a: Lulu
|-supereffective|p2a: Lulu
|-damage|p2a: Lulu|34/100
|move|p2a: Lulu|Spikes|p1a: Walking Wake
|-sidestart|p1: stevstacks|Spikes
|
|-weather|Snowscape|[upkeep]
|-heal|p2a: Lulu|40/100|[from] item: Leftovers
|upkeep
|turn|23
|
|t:|1781374443
|move|p1a: Walking Wake|Hydro Steam|p2a: Lulu
|-supereffective|p2a: Lulu
|-damage|p2a: Lulu|4/100
|move|p2a: Lulu|Earthquake|p1a: Walking Wake
|-damage|p1a: Walking Wake|0 fnt
|faint|p1a: Walking Wake
|-end|p1a: Walking Wake|Protosynthesis|[silent]
|
|-weather|Snowscape|[upkeep]
|-heal|p2a: Lulu|11/100|[from] item: Leftovers
|upkeep
|
|t:|1781374452
|switch|p1a: Corviknight|Corviknight, M, shiny|100/100
|-damage|p1a: Corviknight|88/100|[from] Stealth Rock
|-ability|p1a: Corviknight|Pressure
|turn|24
|
|t:|1781374455
|switch|p2a: Dengos Domain|Gholdengo|100/100
|-damage|p2a: Dengos Domain|88/100|[from] Spikes
|move|p1a: Corviknight|U-turn|p2a: Dengos Domain
|-resisted|p2a: Dengos Domain
|-damage|p2a: Dengos Domain|86/100
|
|t:|1781374459
|switch|p1a: Ogerpon|Ogerpon, F|100/100|[from] U-turn
|-damage|p1a: Ogerpon|88/100|[from] Stealth Rock
|-damage|p1a: Ogerpon|72/100|[from] Spikes
|
|-weather|none
|upkeep
|turn|25
|
|t:|1781374463
|move|p1a: Ogerpon|Knock Off|p2a: Dengos Domain
|-supereffective|p2a: Dengos Domain
|-damage|p2a: Dengos Domain|17/100
|-enditem|p2a: Dengos Domain|Ability Shield|[from] move: Knock Off|[of] p1a: Ogerpon
|move|p2a: Dengos Domain|Recover|p2a: Dengos Domain
|-heal|p2a: Dengos Domain|67/100
|
|upkeep
|turn|26
|
|t:|1781374468
|move|p1a: Ogerpon|Knock Off|p2a: Dengos Domain
|-supereffective|p2a: Dengos Domain
|-damage|p2a: Dengos Domain|18/100
|move|p2a: Dengos Domain|Recover|p2a: Dengos Domain
|-heal|p2a: Dengos Domain|68/100
|
|upkeep
|turn|27
|
|t:|1781374470
|move|p1a: Ogerpon|Knock Off|p2a: Dengos Domain
|-supereffective|p2a: Dengos Domain
|-damage|p2a: Dengos Domain|21/100
|move|p2a: Dengos Domain|Recover|p2a: Dengos Domain
|-heal|p2a: Dengos Domain|71/100
|
|upkeep
|turn|28
|
|t:|1781374471
|move|p1a: Ogerpon|Knock Off|p2a: Dengos Domain
|-supereffective|p2a: Dengos Domain
|-damage|p2a: Dengos Domain|24/100
|move|p2a: Dengos Domain|Recover|p2a: Dengos Domain
|-heal|p2a: Dengos Domain|74/100
|
|upkeep
|turn|29
|
|t:|1781374473
|move|p1a: Ogerpon|Knock Off|p2a: Dengos Domain
|-supereffective|p2a: Dengos Domain
|-damage|p2a: Dengos Domain|31/100
|move|p2a: Dengos Domain|Recover|p2a: Dengos Domain
|-heal|p2a: Dengos Domain|81/100
|
|upkeep
|turn|30
|
|t:|1781374476
|switch|p2a: Lulu|Ting-Lu|11/100
|-damage|p2a: Lulu|0 fnt|[from] Spikes
|faint|p2a: Lulu
|move|p1a: Ogerpon|Knock Off|p2: Lulu|[notarget]
|-fail|p1a: Ogerpon
|
|upkeep
|
|t:|1781374477
|switch|p2a: Tusk The Great|Great Tusk|76/100 brn
|turn|31
|
|t:|1781374486
|switch|p1a: Torkoal|Torkoal, F, shiny, tera:Ghost|5/100
|-damage|p1a: Torkoal|0 fnt|[from] Stealth Rock
|faint|p1a: Torkoal
|move|p2a: Tusk The Great|Rapid Spin|p1: Torkoal|[notarget]
|-fail|p2a: Tusk The Great
|
|-damage|p2a: Tusk The Great|70/100 brn|[from] brn
|upkeep
|
|t:|1781374496
|switch|p1a: Ogerpon|Ogerpon, F|72/100
|-damage|p1a: Ogerpon|59/100|[from] Stealth Rock
|-damage|p1a: Ogerpon|43/100|[from] Spikes
|turn|32
|
|t:|1781374499
|move|p1a: Ogerpon|Ivy Cudgel|p2a: Tusk The Great
|-supereffective|p2a: Tusk The Great
|-crit|p2a: Tusk The Great
|-damage|p2a: Tusk The Great|0 fnt
|faint|p2a: Tusk The Great
|-end|p2a: Tusk The Great|Protosynthesis|[silent]
|
|upkeep
|
|t:|1781374500
|switch|p2a: Dengos Domain|Gholdengo|81/100
|-damage|p2a: Dengos Domain|69/100|[from] Spikes
|turn|33
|
|t:|1781374516
|move|p1a: Ogerpon|Ivy Cudgel|p2a: Dengos Domain
|-resisted|p2a: Dengos Domain
|-damage|p2a: Dengos Domain|42/100
|move|p2a: Dengos Domain|Shadow Ball|p1a: Ogerpon
|-damage|p1a: Ogerpon|4/100
|
|upkeep
|turn|34
|
|t:|1781374520
|move|p1a: Ogerpon|Ivy Cudgel|p2a: Dengos Domain
|-resisted|p2a: Dengos Domain
|-damage|p2a: Dengos Domain|16/100
|move|p2a: Dengos Domain|Recover|p2a: Dengos Domain
|-heal|p2a: Dengos Domain|66/100
|
|upkeep
|turn|35
|
|t:|1781374528
|move|p1a: Ogerpon|Ivy Cudgel|p2a: Dengos Domain
|-resisted|p2a: Dengos Domain
|-damage|p2a: Dengos Domain|39/100
|move|p2a: Dengos Domain|Recover|p2a: Dengos Domain
|-heal|p2a: Dengos Domain|89/100
|
|upkeep
|turn|36
|
|t:|1781374531
|move|p1a: Ogerpon|Ivy Cudgel|p2a: Dengos Domain
|-resisted|p2a: Dengos Domain
|-damage|p2a: Dengos Domain|63/100
|move|p2a: Dengos Domain|Shadow Ball|p1a: Ogerpon
|-damage|p1a: Ogerpon|0 fnt
|faint|p1a: Ogerpon
|
|upkeep
|
|t:|1781374535
|switch|p1a: Great Tusk|Great Tusk, shiny|23/100
|-damage|p1a: Great Tusk|20/100|[from] Stealth Rock
|-damage|p1a: Great Tusk|4/100|[from] Spikes
|turn|37
|
|t:|1781374538
|switch|p2a: Say it ain't Slo|Slowking-Galar, F|61/100
|move|p1a: Great Tusk|Headlong Rush|p2a: Say it ain't Slo
|-supereffective|p2a: Say it ain't Slo
|-damage|p2a: Say it ain't Slo|0 fnt
|-unboost|p1a: Great Tusk|def|1
|-unboost|p1a: Great Tusk|spd|1
|faint|p2a: Say it ain't Slo
|-damage|p1a: Great Tusk|0 fnt|[from] item: Life Orb
|faint|p1a: Great Tusk
|-end|p1a: Great Tusk|Protosynthesis|[silent]
|
|upkeep
|
|t:|1781374541
|switch|p1a: Zamazenta|Zamazenta|100/100
|switch|p2a: Dengos Domain|Gholdengo|63/100
|-damage|p1a: Zamazenta|94/100|[from] Stealth Rock
|-damage|p1a: Zamazenta|78/100|[from] Spikes
|-ability|p1a: Zamazenta|Dauntless Shield|boost
|-boost|p1a: Zamazenta|def|1
|-damage|p2a: Dengos Domain|50/100|[from] Spikes
|turn|38
|
|t:|1781374548
|-terastallize|p2a: Dengos Domain|Fairy
|move|p1a: Zamazenta|Crunch|p2a: Dengos Domain
|-resisted|p2a: Dengos Domain
|-damage|p2a: Dengos Domain|42/100
|-unboost|p2a: Dengos Domain|def|1
|move|p2a: Dengos Domain|Nasty Plot|p2a: Dengos Domain
|-boost|p2a: Dengos Domain|spa|2
|
|-heal|p1a: Zamazenta|84/100|[from] item: Leftovers
|upkeep
|turn|39
|
|t:|1781374553
|move|p1a: Zamazenta|Body Press|p2a: Dengos Domain
|-resisted|p2a: Dengos Domain
|-damage|p2a: Dengos Domain|16/100
|move|p2a: Dengos Domain|Make It Rain|p1a: Zamazenta
|-damage|p1a: Zamazenta|0 fnt
|-unboost|p2a: Dengos Domain|spa|1
|faint|p1a: Zamazenta
|
|upkeep
|
|t:|1781374556
|switch|p1a: Corviknight|Corviknight, M, shiny|88/100
|-damage|p1a: Corviknight|75/100|[from] Stealth Rock
|-ability|p1a: Corviknight|Pressure
|turn|40
|
|t:|1781374560
|move|p2a: Dengos Domain|Shadow Ball|p1a: Corviknight
|-damage|p1a: Corviknight|39/100
|move|p1a: Corviknight|Brave Bird|p2a: Dengos Domain
|-damage|p2a: Dengos Domain|0 fnt
|faint|p2a: Dengos Domain
|-damage|p1a: Corviknight|35/100|[from] Recoil
|
|win|stevstacks
|raw|stevstacks's rating: 1523 &rarr; <strong>1545</strong><br />(+22 for winning)
|raw|jd2sleepy's rating: 1551 &rarr; <strong>1529</strong><br />(-22 for losing)
|l|☆jd2sleepy
|player|p2|
|l|☆stevstacks
|player|p1|
