|j|☆Snurke
|j|☆Iggy Sent Me
|t:|1781063411
|gametype|singles
|player|p1|Snurke|265|1525
|player|p2|Iggy Sent Me|veteran|1588
|gen|9
|tier|[Gen 9] OU
|rated|
|rule|HP Percentage Mod: HP is shown in percentages
|rule|Endless Battle Clause: Forcing endless battles is banned
|rule|Species Clause: Limit one of each Pokémon
|rule|OHKO Clause: OHKO moves are banned
|rule|Evasion Items Clause: Evasion items are banned
|rule|Evasion Moves Clause: Evasion moves are banned
|rule|Evasion Abilities Clause: Evasion abilities are banned
|rule|Sleep Moves Clause: Sleep-inducing moves are banned
|clearpoke
|poke|p1|Cinderace, F|
|poke|p1|Torkoal, M|
|poke|p1|Walking Wake|
|poke|p1|Ribombee, F|
|poke|p1|Raging Bolt|
|poke|p1|Great Tusk|
|poke|p2|Kyurem|
|poke|p2|Rillaboom, F|
|poke|p2|Garganacl, F|
|poke|p2|Pecharunt|
|poke|p2|Iron Treads|
|poke|p2|Zamazenta-*|
|teampreview
|inactive|Battle timer is ON: inactive players will automatically lose when time's up. (requested by Iggy Sent Me)
|inactive|Iggy Sent Me has 120 seconds left.
|inactive|Snurke has 120 seconds left.
|
|t:|1781063456
|teamsize|p1|6
|teamsize|p2|6
|start
|switch|p1a: Torkoal|Torkoal, M, shiny|100/100
|switch|p2a: Garganacl|Garganacl, F|100/100
|-weather|SunnyDay|[from] ability: Drought|[of] p1a: Torkoal
|turn|1
|
|t:|1781063468
|move|p2a: Garganacl|Stealth Rock|p1a: Torkoal
|-sidestart|p1: Snurke|move: Stealth Rock
|move|p1a: Torkoal|Stealth Rock|p2a: Garganacl
|-sidestart|p2: Iggy Sent Me|move: Stealth Rock
|
|-weather|SunnyDay|[upkeep]
|upkeep
|turn|2
|
|t:|1781063474
|move|p2a: Garganacl|Salt Cure|p1a: Torkoal
|-supereffective|p1a: Torkoal
|-damage|p1a: Torkoal|81/100
|-start|p1a: Torkoal|Salt Cure
|move|p1a: Torkoal|Rapid Spin|p2a: Garganacl
|-resisted|p2a: Garganacl
|-damage|p2a: Garganacl|97/100
|-boost|p1a: Torkoal|spe|1
|-sideend|p1: Snurke|Stealth Rock|[from] move: Rapid Spin|[of] p1a: Torkoal
|
|-weather|SunnyDay|[upkeep]
|-heal|p2a: Garganacl|100/100|[from] item: Leftovers
|-damage|p1a: Torkoal|68/100|[from] Salt Cure
|upkeep
|turn|3
|
|t:|1781063481
|switch|p1a: Walking Wake|Walking Wake|100/100
|-activate|p1a: Walking Wake|ability: Protosynthesis
|-start|p1a: Walking Wake|protosynthesisspe
|move|p2a: Garganacl|Stealth Rock|p1a: Walking Wake
|-sidestart|p1: Snurke|move: Stealth Rock
|
|-weather|SunnyDay|[upkeep]
|upkeep
|turn|4
|
|t:|1781063498
|move|p2a: Garganacl|Protect|p2a: Garganacl
|-singleturn|p2a: Garganacl|Protect
|move|p1a: Walking Wake|Hydro Steam|p2a: Garganacl
|-activate|p2a: Garganacl|move: Protect
|
|-weather|SunnyDay|[upkeep]
|upkeep
|turn|5
|
|t:|1781063507
|-terastallize|p2a: Garganacl|Water
|move|p1a: Walking Wake|Hydro Steam|p2a: Garganacl
|-resisted|p2a: Garganacl
|-damage|p2a: Garganacl|67/100
|move|p2a: Garganacl|Salt Cure|p1a: Walking Wake
|-damage|p1a: Walking Wake|84/100
|-start|p1a: Walking Wake|Salt Cure
|
|-weather|SunnyDay|[upkeep]
|-heal|p2a: Garganacl|74/100|[from] item: Leftovers
|-damage|p1a: Walking Wake|59/100|[from] Salt Cure
|upkeep
|turn|6
|
|t:|1781063513
|-end|p1a: Walking Wake|Protosynthesis|[silent]
|switch|p1a: Raging Bolt|Raging Bolt|100/100
|-damage|p1a: Raging Bolt|88/100|[from] Stealth Rock
|-activate|p1a: Raging Bolt|ability: Protosynthesis
|-start|p1a: Raging Bolt|protosynthesisspa
|move|p2a: Garganacl|Salt Cure|p1a: Raging Bolt
|-damage|p1a: Raging Bolt|75/100
|-start|p1a: Raging Bolt|Salt Cure
|
|-weather|SunnyDay|[upkeep]
|-heal|p2a: Garganacl|80/100|[from] item: Leftovers
|-damage|p1a: Raging Bolt|63/100|[from] Salt Cure
|upkeep
|turn|7
|
|t:|1781063519
|move|p2a: Garganacl|Protect|p2a: Garganacl
|-singleturn|p2a: Garganacl|Protect
|move|p1a: Raging Bolt|Volt Switch|p2a: Garganacl
|-activate|p2a: Garganacl|move: Protect
|
|-weather|SunnyDay|[upkeep]
|-heal|p2a: Garganacl|86/100|[from] item: Leftovers
|-damage|p1a: Raging Bolt|50/100|[from] Salt Cure
|upkeep
|turn|8
|
|t:|1781063522
|switch|p2a: Iron Treads|Iron Treads|100/100
|-damage|p2a: Iron Treads|98/100|[from] Stealth Rock
|move|p1a: Raging Bolt|Weather Ball|p2a: Iron Treads
|-supereffective|p2a: Iron Treads
|-damage|p2a: Iron Treads|0 fnt
|faint|p2a: Iron Treads
|-end|p2a: Iron Treads|Quark Drive|[silent]
|
|-weather|none
|-end|p1a: Raging Bolt|Protosynthesis
|-damage|p1a: Raging Bolt|38/100|[from] Salt Cure
|upkeep
|
|t:|1781063531
|switch|p2a: Kyurem|Kyurem|100/100
|-damage|p2a: Kyurem|76/100|[from] Stealth Rock
|-ability|p2a: Kyurem|Pressure
|turn|9
|
|t:|1781063538
|move|p2a: Kyurem|Freeze-Dry|p1a: Raging Bolt
|-supereffective|p1a: Raging Bolt
|-damage|p1a: Raging Bolt|0 fnt
|faint|p1a: Raging Bolt
|-end|p1a: Raging Bolt|Protosynthesis|[silent]
|
|-heal|p2a: Kyurem|82/100|[from] item: Leftovers
|upkeep
|
|t:|1781063546
|switch|p1a: Cinderace|Cinderace, F, shiny|100/100
|-damage|p1a: Cinderace|76/100|[from] Stealth Rock
|turn|10
|
|t:|1781063559
|move|p2a: Kyurem|Protect|p2a: Kyurem
|-singleturn|p2a: Kyurem|Protect
|move|p1a: Cinderace|U-turn|p2a: Kyurem
|-start|p1a: Cinderace|typechange|Bug|[from] ability: Libero
|-activate|p2a: Kyurem|move: Protect
|
|-heal|p2a: Kyurem|88/100|[from] item: Leftovers
|upkeep
|turn|11
|
|t:|1781063570
|move|p1a: Cinderace|U-turn|p2a: Kyurem
|-damage|p2a: Kyurem|45/100
|
|t:|1781063579
|switch|p1a: Ribombee|Ribombee, F, shiny|100/100|[from] U-turn
|-damage|p1a: Ribombee|76/100|[from] Stealth Rock
|move|p2a: Kyurem|Substitute|p2a: Kyurem
|-start|p2a: Kyurem|Substitute
|-damage|p2a: Kyurem|20/100
|
|-heal|p2a: Kyurem|26/100|[from] item: Leftovers
|upkeep
|turn|12
|
|t:|1781063589
|move|p1a: Ribombee|Quiver Dance|p1a: Ribombee
|-boost|p1a: Ribombee|spa|1
|-boost|p1a: Ribombee|spd|1
|-boost|p1a: Ribombee|spe|1
|move|p2a: Kyurem|Freeze-Dry|p1a: Ribombee
|-damage|p1a: Ribombee|41/100
|
|-heal|p2a: Kyurem|32/100|[from] item: Leftovers
|upkeep
|turn|13
|
|t:|1781063600
|move|p1a: Ribombee|Quiver Dance|p1a: Ribombee
|-boost|p1a: Ribombee|spa|1
|-boost|p1a: Ribombee|spd|1
|-boost|p1a: Ribombee|spe|1
|move|p2a: Kyurem|Freeze-Dry|p1a: Ribombee
|-damage|p1a: Ribombee|15/100
|
|-heal|p2a: Kyurem|38/100|[from] item: Leftovers
|upkeep
|turn|14
|
|t:|1781063608
|move|p1a: Ribombee|Draining Kiss|p2a: Kyurem
|-supereffective|p2a: Kyurem
|-end|p2a: Kyurem|Substitute
|-heal|p1a: Ribombee|39/100|[from] drain|[of] p2a: Kyurem
|move|p2a: Kyurem|Freeze-Dry|p1a: Ribombee
|-damage|p1a: Ribombee|13/100
|
|-heal|p2a: Kyurem|44/100|[from] item: Leftovers
|upkeep
|turn|15
|
|t:|1781063623
|move|p2a: Kyurem|Protect|p2a: Kyurem
|-singleturn|p2a: Kyurem|Protect
|move|p1a: Ribombee|Draining Kiss|p2a: Kyurem
|-activate|p2a: Kyurem|move: Protect
|
|-heal|p2a: Kyurem|51/100|[from] item: Leftovers
|upkeep
|turn|16
|
|t:|1781063627
|move|p1a: Ribombee|Draining Kiss|p2a: Kyurem
|-supereffective|p2a: Kyurem
|-damage|p2a: Kyurem|0 fnt
|-heal|p1a: Ribombee|60/100|[from] drain|[of] p2a: Kyurem
|faint|p2a: Kyurem
|
|upkeep
|
|t:|1781063629
|switch|p2a: Rillaboom|Rillaboom, F|100/100
|-damage|p2a: Rillaboom|88/100|[from] Stealth Rock
|-fieldstart|move: Grassy Terrain|[from] ability: Grassy Surge|[of] p2a: Rillaboom
|turn|17
|
|t:|1781063634
|move|p2a: Rillaboom|Grassy Glide|p1a: Ribombee
|-resisted|p1a: Ribombee
|-damage|p1a: Ribombee|18/100
|-enditem|p1a: Ribombee|Kee Berry|[eat]
|-boost|p1a: Ribombee|def|1|[from] item: Kee Berry
|move|p1a: Ribombee|Draining Kiss|p2a: Rillaboom
|-damage|p2a: Rillaboom|48/100
|-heal|p1a: Ribombee|50/100|[from] drain|[of] p2a: Rillaboom
|
|-heal|p1a: Ribombee|57/100|[from] Grassy Terrain
|-heal|p2a: Rillaboom|54/100|[from] Grassy Terrain
|upkeep
|turn|18
|inactive|Snurke has 120 seconds left.
|
|t:|1781063665
|switch|p2a: Pecharunt|Pecharunt|100/100
|move|p1a: Ribombee|Draining Kiss|p2a: Pecharunt
|-resisted|p2a: Pecharunt
|-damage|p2a: Pecharunt|84/100
|-heal|p1a: Ribombee|71/100|[from] drain|[of] p2a: Pecharunt
|
|-heal|p1a: Ribombee|77/100|[from] Grassy Terrain
|-heal|p2a: Pecharunt|90/100|[from] Grassy Terrain
|upkeep
|turn|19
|inactive|Snurke has 120 seconds left.
|
|t:|1781063685
|-terastallize|p1a: Ribombee|Water
|move|p1a: Ribombee|Substitute|p1a: Ribombee
|-start|p1a: Ribombee|Substitute
|-damage|p1a: Ribombee|52/100
|move|p2a: Pecharunt|Malignant Chain|p1a: Ribombee
|-activate|p1a: Ribombee|move: Substitute|[damage]
|
|-heal|p1a: Ribombee|58/100|[from] Grassy Terrain
|-heal|p2a: Pecharunt|97/100|[from] Grassy Terrain
|upkeep
|turn|20
|inactive|Snurke has 120 seconds left.
|
|t:|1781063693
|move|p1a: Ribombee|Quiver Dance|p1a: Ribombee
|-boost|p1a: Ribombee|spa|1
|-boost|p1a: Ribombee|spd|1
|-boost|p1a: Ribombee|spe|1
|move|p2a: Pecharunt|Shadow Ball|p1a: Ribombee
|-end|p1a: Ribombee|Substitute
|
|-heal|p1a: Ribombee|65/100|[from] Grassy Terrain
|-heal|p2a: Pecharunt|100/100|[from] Grassy Terrain
|upkeep
|turn|21
|
|t:|1781063702
|move|p1a: Ribombee|Substitute|p1a: Ribombee
|-start|p1a: Ribombee|Substitute
|-damage|p1a: Ribombee|40/100
|move|p2a: Pecharunt|Parting Shot|p1a: Ribombee
|-unboost|p1a: Ribombee|atk|1
|-unboost|p1a: Ribombee|spa|1
|
|t:|1781063709
|switch|p2a: Garganacl|Garganacl, F, tera:Water|86/100|[from] Parting Shot
|-damage|p2a: Garganacl|74/100|[from] Stealth Rock
|
|-heal|p1a: Ribombee|46/100|[from] Grassy Terrain
|-heal|p2a: Garganacl|80/100|[from] Grassy Terrain
|-heal|p2a: Garganacl|86/100|[from] item: Leftovers
|-fieldend|move: Grassy Terrain
|upkeep
|turn|22
|
|t:|1781063717
|switch|p2a: Pecharunt|Pecharunt|100/100
|move|p1a: Ribombee|Draining Kiss|p2a: Pecharunt
|-resisted|p2a: Pecharunt
|-damage|p2a: Pecharunt|85/100
|-heal|p1a: Ribombee|60/100|[from] drain|[of] p2a: Pecharunt
|
|upkeep
|turn|23
|
|t:|1781063724
|move|p1a: Ribombee|Stored Power|p2a: Pecharunt
|-supereffective|p2a: Pecharunt
|-damage|p2a: Pecharunt|0 fnt
|faint|p2a: Pecharunt
|
|upkeep
|
|t:|1781063727
|switch|p2a: Rillaboom|Rillaboom, F|54/100
|-damage|p2a: Rillaboom|42/100|[from] Stealth Rock
|-fieldstart|move: Grassy Terrain|[from] ability: Grassy Surge|[of] p2a: Rillaboom
|turn|24
|-message|Iggy Sent Me forfeited.
|
|win|Snurke
|raw|Snurke's rating: 1525 &rarr; <strong>1549</strong><br />(+24 for winning)
|raw|Iggy Sent Me's rating: 1588 &rarr; <strong>1564</strong><br />(-24 for losing)
|l|☆Iggy Sent Me
|player|p2|
