|j|☆N_Alder
|j|☆la5495
|t:|1781064888
|gametype|singles
|player|p1|N_Alder|ghetsis|1613
|player|p2|la5495|bugcatcher-gen4dp|1633
|gen|9
|tier|[Gen 9] OU
|rated|
|rule|HP Percentage Mod: HP is shown in percentages
|rule|Endless Battle Clause: Forcing endless battles is banned
|rule|Species Clause: Limit one of each Pokémon
|rule|OHKO Clause: OHKO moves are banned
|rule|Evasion Items Clause: Evasion items are banned
|rule|Evasion Moves Clause: Evasion moves are banned
|rule|Evasion Abilities Clause: Evasion abilities are banned
|rule|Sleep Moves Clause: Sleep-inducing moves are banned
|clearpoke
|poke|p1|Ursaluna, F|
|poke|p1|Torkoal, M|
|poke|p1|Mimikyu, M|
|poke|p1|Slither Wing|
|poke|p1|Hatterene, F|
|poke|p1|Hoopa-Unbound|
|poke|p2|Ogerpon-Wellspring, F|
|poke|p2|Pecharunt|
|poke|p2|Great Tusk|
|poke|p2|Iron Crown|
|poke|p2|Landorus-Therian, M|
|poke|p2|Samurott-Hisui, F|
|teampreview
|inactive|Battle timer is ON: inactive players will automatically lose when time's up. (requested by la5495)
|
|t:|1781064902
|teamsize|p1|6
|teamsize|p2|6
|start
|switch|p1a: Hatterene|Hatterene, F|100/100
|switch|p2a: Iron Crown|Iron Crown|100/100
|turn|1
|
|t:|1781064907
|switch|p1a: Hoopa|Hoopa-Unbound|100/100
|move|p2a: Iron Crown|Tachyon Cutter|p1a: Hoopa
|-damage|p1a: Hoopa|74/100
|-damage|p1a: Hoopa|47/100
|-hitcount|p1a: Hoopa|2
|
|upkeep
|turn|2
|
|t:|1781064922
|move|p2a: Iron Crown|Tachyon Cutter|p1a: Hoopa
|-damage|p1a: Hoopa|21/100
|-damage|p1a: Hoopa|0 fnt
|faint|p1a: Hoopa
|-hitcount|p1: Hoopa|2
|
|upkeep
|
|t:|1781064926
|switch|p1a: Slither Wing|Slither Wing, shiny|100/100
|turn|3
|
|t:|1781064935
|-terastallize|p2a: Iron Crown|Steel
|move|p2a: Iron Crown|Tachyon Cutter|p1a: Slither Wing
|-damage|p1a: Slither Wing|53/100
|-damage|p1a: Slither Wing|4/100
|-hitcount|p1a: Slither Wing|2
|move|p1a: Slither Wing|Close Combat|p2a: Iron Crown
|-supereffective|p2a: Iron Crown
|-damage|p2a: Iron Crown|0 fnt
|-unboost|p1a: Slither Wing|def|1
|-unboost|p1a: Slither Wing|spd|1
|faint|p2a: Iron Crown
|-end|p2a: Iron Crown|Quark Drive|[silent]
|
|upkeep
|
|t:|1781064945
|switch|p2a: Landorus|Landorus-Therian, M|100/100
|-ability|p2a: Landorus|Intimidate|boost
|-unboost|p1a: Slither Wing|atk|1
|turn|4
|
|t:|1781064948
|-end|p1a: Slither Wing|Protosynthesis|[silent]
|switch|p1a: Hatterene|Hatterene, F|100/100
|move|p2a: Landorus|U-turn|p1a: Hatterene
|-damage|p1a: Hatterene|66/100
|
|t:|1781064957
|switch|p2a: Pecharunt|Pecharunt|100/100|[from] U-turn
|
|upkeep
|turn|5
|
|t:|1781064962
|switch|p1a: Slither Wing|Slither Wing, shiny|4/100
|move|p2a: Pecharunt|Malignant Chain|p1a: Slither Wing
|-damage|p1a: Slither Wing|0 fnt
|faint|p1a: Slither Wing
|-end|p1a: Slither Wing|Protosynthesis|[silent]
|
|upkeep
|
|t:|1781064968
|switch|p1a: Mimikyu|Mimikyu, M, shiny|100/100
|turn|6
|
|t:|1781064971
|move|p2a: Pecharunt|Parting Shot|p1a: Mimikyu
|-unboost|p1a: Mimikyu|atk|1
|-unboost|p1a: Mimikyu|spa|1
|
|t:|1781064986
|switch|p2a: Ogerpon|Ogerpon-Wellspring, F|100/100|[from] Parting Shot
|move|p1a: Mimikyu|Trick Room|p1a: Mimikyu
|-fieldstart|move: Trick Room|[of] p1a: Mimikyu
|
|upkeep
|turn|7
|
|t:|1781064995
|move|p1a: Mimikyu|Play Rough|p2a: Ogerpon
|-damage|p2a: Ogerpon|68/100
|-damage|p1a: Mimikyu|91/100|[from] item: Life Orb
|move|p2a: Ogerpon|Ivy Cudgel|p1a: Mimikyu|[anim] Ivy Cudgel Water
|-activate|p1a: Mimikyu|ability: Disguise
|-damage|p1a: Mimikyu|91/100
|detailschange|p1a: Mimikyu|Mimikyu-Busted, M, shiny
|-damage|p1a: Mimikyu|78/100|[from] pokemon: Mimikyu-Busted
|
|upkeep
|turn|8
|
|t:|1781065001
|move|p1a: Mimikyu|Curse|p2a: Ogerpon
|-start|p2a: Ogerpon|Curse|[of] p1a: Mimikyu
|-damage|p1a: Mimikyu|28/100
|move|p2a: Ogerpon|Synthesis|p2a: Ogerpon
|-heal|p2a: Ogerpon|100/100
|
|-damage|p2a: Ogerpon|75/100|[from] Curse
|upkeep
|turn|9
|
|t:|1781065008
|switch|p1a: Hatterene|Hatterene, F|66/100
|move|p2a: Ogerpon|Synthesis|p2a: Ogerpon
|-heal|p2a: Ogerpon|100/100
|
|-damage|p2a: Ogerpon|75/100|[from] Curse
|upkeep
|turn|10
|
|t:|1781065019
|move|p1a: Hatterene|Psychic|p2a: Ogerpon
|-damage|p2a: Ogerpon|27/100
|move|p2a: Ogerpon|Ivy Cudgel|p1a: Hatterene|[anim] Ivy Cudgel Water
|-damage|p1a: Hatterene|7/100
|
|-damage|p2a: Ogerpon|2/100|[from] Curse
|-fieldend|move: Trick Room
|upkeep
|turn|11
|
|t:|1781065029
|move|p2a: Ogerpon|Synthesis|p2a: Ogerpon
|-heal|p2a: Ogerpon|52/100
|move|p1a: Hatterene|Trick Room|p1a: Hatterene
|-fieldstart|move: Trick Room|[of] p1a: Hatterene
|
|-damage|p2a: Ogerpon|27/100|[from] Curse
|upkeep
|turn|12
|
|t:|1781065033
|move|p1a: Hatterene|Healing Wish|p1a: Hatterene
|faint|p1a: Hatterene
|move|p2a: Ogerpon|Synthesis|p2a: Ogerpon
|-heal|p2a: Ogerpon|77/100
|
|-damage|p2a: Ogerpon|52/100|[from] Curse
|upkeep
|
|t:|1781065036
|switch|p1a: Torkoal|Torkoal, M, shiny|100/100
|-weather|SunnyDay|[from] ability: Drought|[of] p1a: Torkoal
|turn|13
|
|t:|1781065041
|switch|p2a: Samurott|Samurott-Hisui, F|100/100
|move|p1a: Torkoal|Eruption|p2a: Samurott
|-resisted|p2a: Samurott
|-damage|p2a: Samurott|38/100
|
|-weather|SunnyDay|[upkeep]
|upkeep
|turn|14
|
|t:|1781065046
|move|p2a: Samurott|Sucker Punch|p1a: Torkoal
|-damage|p1a: Torkoal|76/100
|move|p1a: Torkoal|Eruption|p2a: Samurott
|-resisted|p2a: Samurott
|-damage|p2a: Samurott|0 fnt
|faint|p2a: Samurott
|
|-weather|SunnyDay|[upkeep]
|upkeep
|
|t:|1781065064
|switch|p2a: Pecharunt|Pecharunt|100/100
|turn|15
|
|t:|1781065071
|move|p1a: Torkoal|Eruption|p2a: Pecharunt
|-damage|p2a: Pecharunt|0 fnt
|faint|p2a: Pecharunt
|
|-weather|SunnyDay|[upkeep]
|-fieldend|move: Trick Room
|upkeep
|
|t:|1781065073
|switch|p2a: Landorus|Landorus-Therian, M|100/100
|-ability|p2a: Landorus|Intimidate|boost
|-unboost|p1a: Torkoal|atk|1
|turn|16
|
|t:|1781065077
|move|p2a: Landorus|Earthquake|p1a: Torkoal
|-supereffective|p1a: Torkoal
|-crit|p1a: Torkoal
|-damage|p1a: Torkoal|0 fnt
|faint|p1a: Torkoal
|
|-weather|SunnyDay|[upkeep]
|upkeep
|
|t:|1781065083
|switch|p1a: Ursaluna|Ursaluna, F, shiny|100/100
|turn|17
|
|t:|1781065086
|move|p2a: Landorus|Earthquake|p1a: Ursaluna
|-damage|p1a: Ursaluna|55/100
|move|p1a: Ursaluna|Swords Dance|p1a: Ursaluna
|-boost|p1a: Ursaluna|atk|2
|
|-weather|none
|-status|p1a: Ursaluna|brn|[from] item: Flame Orb
|upkeep
|turn|18
|
|t:|1781065095
|move|p2a: Landorus|Earthquake|p1a: Ursaluna
|-damage|p1a: Ursaluna|9/100 brn
|move|p1a: Ursaluna|Facade|p2a: Landorus
|-crit|p2a: Landorus
|-damage|p2a: Landorus|0 fnt
|faint|p2a: Landorus
|
|-damage|p1a: Ursaluna|2/100 brn|[from] brn
|upkeep
|
|t:|1781065099
|switch|p2a: Great Tusk|Great Tusk|100/100
|-enditem|p2a: Great Tusk|Booster Energy
|-activate|p2a: Great Tusk|ability: Protosynthesis|[fromitem]
|-start|p2a: Great Tusk|protosynthesisspe
|turn|19
|-message|N_Alder forfeited.
|
|win|la5495
|raw|N_Alder's rating: 1613 &rarr; <strong>1594</strong><br />(-19 for losing)
|raw|la5495's rating: 1633 &rarr; <strong>1652</strong><br />(+19 for winning)
|l|☆N_Alder
|player|p1|
