|j|☆quolius
|j|☆cachowcapow
|t:|1780928507
|gametype|singles
|player|p1|quolius|2|1565
|player|p2|cachowcapow|102|1635
|gen|9
|tier|[Gen 9] OU
|rated|
|rule|HP Percentage Mod: HP is shown in percentages
|rule|Endless Battle Clause: Forcing endless battles is banned
|rule|Species Clause: Limit one of each Pokémon
|rule|OHKO Clause: OHKO moves are banned
|rule|Evasion Items Clause: Evasion items are banned
|rule|Evasion Moves Clause: Evasion moves are banned
|rule|Evasion Abilities Clause: Evasion abilities are banned
|rule|Sleep Moves Clause: Sleep-inducing moves are banned
|clearpoke
|poke|p1|Darkrai|
|poke|p1|Great Tusk|
|poke|p1|Samurott-Hisui, M|
|poke|p1|Iron Moth|
|poke|p1|Gholdengo|
|poke|p1|Ogerpon, F|
|poke|p2|Primarina, M|
|poke|p2|Slither Wing|
|poke|p2|Slowking-Galar, M|
|poke|p2|Great Tusk|
|poke|p2|Meowscarada, M|
|poke|p2|Gardevoir, M|
|teampreview
|inactive|Battle timer is ON: inactive players will automatically lose when time's up. (requested by quolius)
|
|t:|1780928515
|teamsize|p1|6
|teamsize|p2|6
|start
|switch|p1a: Great Tusk|Great Tusk|100/100
|switch|p2a: Meowscarada|Meowscarada, M|100/100
|turn|1
|
|t:|1780928536
|move|p2a: Meowscarada|U-turn|p1a: Great Tusk
|-start|p2a: Meowscarada|typechange|Bug|[from] ability: Protean
|-resisted|p1a: Great Tusk
|-damage|p1a: Great Tusk|91/100
|-damage|p2a: Meowscarada|84/100|[from] item: Rocky Helmet|[of] p1a: Great Tusk
|
|t:|1780928538
|switch|p2a: Slither Wing|Slither Wing|100/100|[from] U-turn
|move|p1a: Great Tusk|Stealth Rock|p2a: Slither Wing
|-sidestart|p2: cachowcapow|move: Stealth Rock
|
|upkeep
|turn|2
|
|t:|1780928554
|-end|p1a: Great Tusk|Protosynthesis|[silent]
|switch|p1a: Iron Moth|Iron Moth|100/100
|-enditem|p1a: Iron Moth|Booster Energy
|-activate|p1a: Iron Moth|ability: Quark Drive|[fromitem]
|-start|p1a: Iron Moth|quarkdrivespe
|move|p2a: Slither Wing|U-turn|p1a: Iron Moth
|-resisted|p1a: Iron Moth
|-damage|p1a: Iron Moth|88/100
|l|☆quolius
|inactive|quolius disconnected and has a minute to reconnect!
|player|p1|
|
|t:|1780928577
|-end|p2a: Slither Wing|Protosynthesis|[silent]
|switch|p2a: Slowking|Slowking-Galar, M|100/100|[from] U-turn
|
|upkeep
|turn|3
|j|☆quolius
|inactive|quolius reconnected and has 150 seconds left.
|player|p1|quolius|2|
|
|t:|1780928593
|move|p1a: Iron Moth|Fiery Dance|p2a: Slowking
|-damage|p2a: Slowking|77/100
|move|p2a: Slowking|Thunder Wave|p1a: Iron Moth
|-status|p1a: Iron Moth|par
|
|upkeep
|turn|4
|
|t:|1780928603
|move|p1a: Iron Moth|Fiery Dance|p2a: Slowking
|-damage|p2a: Slowking|54/100
|-boost|p1a: Iron Moth|spa|1
|move|p2a: Slowking|Future Sight|p1a: Iron Moth
|-start|p2a: Slowking|move: Future Sight
|
|upkeep
|turn|5
|
|t:|1780928616
|move|p1a: Iron Moth|Fiery Dance|p2a: Slowking
|-damage|p2a: Slowking|20/100
|-boost|p1a: Iron Moth|spa|1
|-prepare|p2a: Slowking|Chilly Reception|[premajor]
|move|p2a: Slowking|Chilly Reception|p2a: Slowking
|-weather|Snowscape
|
|t:|1780928627
|switch|p2a: Great Tusk|Great Tusk|100/100|[from] Chilly Reception
|
|-weather|Snowscape|[upkeep]
|upkeep
|turn|6
|
|t:|1780928641
|move|p2a: Great Tusk|Headlong Rush|p1a: Iron Moth
|-supereffective|p1a: Iron Moth
|-damage|p1a: Iron Moth|0 fnt
|-unboost|p2a: Great Tusk|def|1
|-unboost|p2a: Great Tusk|spd|1
|faint|p1a: Iron Moth
|-end|p1a: Iron Moth|Quark Drive|[silent]
|
|-weather|Snowscape|[upkeep]
|-hint|Future Sight did not hit because the target is fainted.
|upkeep
|
|t:|1780928646
|switch|p1a: Ogerpon|Ogerpon, F|100/100
|turn|7
|
|t:|1780928650
|-end|p2a: Great Tusk|Protosynthesis|[silent]
|switch|p2a: Slither Wing|Slither Wing|100/100
|-damage|p2a: Slither Wing|88/100|[from] Stealth Rock
|move|p1a: Ogerpon|Ivy Cudgel|p2a: Slither Wing
|-resisted|p2a: Slither Wing
|-damage|p2a: Slither Wing|60/100
|
|-weather|Snowscape|[upkeep]
|upkeep
|turn|8
|
|t:|1780928653
|switch|p1a: Great Tusk|Great Tusk|91/100
|move|p2a: Slither Wing|U-turn|p1a: Great Tusk
|-resisted|p1a: Great Tusk
|-damage|p1a: Great Tusk|81/100
|-damage|p2a: Slither Wing|44/100|[from] item: Rocky Helmet|[of] p1a: Great Tusk
|
|t:|1780928664
|-end|p2a: Slither Wing|Protosynthesis|[silent]
|switch|p2a: Great Tusk|Great Tusk|100/100|[from] U-turn
|
|-weather|Snowscape|[upkeep]
|upkeep
|turn|9
|
|t:|1780928668
|-end|p1a: Great Tusk|Protosynthesis|[silent]
|switch|p1a: Gholdengo|Gholdengo|100/100
|-item|p1a: Gholdengo|Air Balloon
|move|p2a: Great Tusk|Knock Off|p1a: Gholdengo
|-supereffective|p1a: Gholdengo
|-crit|p1a: Gholdengo
|-damage|p1a: Gholdengo|30/100
|-enditem|p1a: Gholdengo|Air Balloon
|
|-weather|none
|upkeep
|turn|10
|
|t:|1780928672
|move|p2a: Great Tusk|Knock Off|p1a: Gholdengo
|-supereffective|p1a: Gholdengo
|-damage|p1a: Gholdengo|0 fnt
|faint|p1a: Gholdengo
|
|upkeep
|
|t:|1780928675
|switch|p1a: Ogerpon|Ogerpon, F|100/100
|turn|11
|
|t:|1780928679
|-end|p2a: Great Tusk|Protosynthesis|[silent]
|switch|p2a: Slither Wing|Slither Wing|44/100
|-damage|p2a: Slither Wing|31/100|[from] Stealth Rock
|move|p1a: Ogerpon|Ivy Cudgel|p2a: Slither Wing
|-resisted|p2a: Slither Wing
|-damage|p2a: Slither Wing|1/100
|
|upkeep
|turn|12
|
|t:|1780928682
|switch|p1a: Great Tusk|Great Tusk|81/100
|move|p2a: Slither Wing|First Impression|p1a: Great Tusk
|-resisted|p1a: Great Tusk
|-damage|p1a: Great Tusk|67/100
|-damage|p2a: Slither Wing|0 fnt|[from] item: Rocky Helmet|[of] p1a: Great Tusk
|faint|p2a: Slither Wing
|-end|p2a: Slither Wing|Protosynthesis|[silent]
|
|upkeep
|
|t:|1780928686
|switch|p2a: Great Tusk|Great Tusk|100/100
|turn|13
|
|t:|1780928696
|move|p2a: Great Tusk|Rapid Spin|p1a: Great Tusk
|-damage|p1a: Great Tusk|56/100
|-boost|p2a: Great Tusk|spe|1
|-damage|p2a: Great Tusk|84/100|[from] item: Rocky Helmet|[of] p1a: Great Tusk
|-sideend|p2: cachowcapow|Stealth Rock|[from] move: Rapid Spin|[of] p2a: Great Tusk
|move|p1a: Great Tusk|Headlong Rush|p2a: Great Tusk
|-damage|p2a: Great Tusk|47/100
|-unboost|p1a: Great Tusk|def|1
|-unboost|p1a: Great Tusk|spd|1
|
|upkeep
|turn|14
|
|t:|1780928700
|move|p2a: Great Tusk|Close Combat|p1a: Great Tusk
|-damage|p1a: Great Tusk|0 fnt
|-unboost|p2a: Great Tusk|def|1
|-unboost|p2a: Great Tusk|spd|1
|-damage|p2a: Great Tusk|30/100|[from] item: Rocky Helmet|[of] p1a: Great Tusk
|faint|p1a: Great Tusk
|-end|p1a: Great Tusk|Protosynthesis|[silent]
|
|upkeep
|
|t:|1780928708
|switch|p1a: Ogerpon|Ogerpon, F|100/100
|turn|15
|
|t:|1780928715
|-terastallize|p1a: Ogerpon|Grass
|detailschange|p1a: Ogerpon|Ogerpon-Teal-Tera, F, tera:Grass
|-ability|p1a: Ogerpon|Embody Aspect (Teal)|boost
|-boost|p1a: Ogerpon|spe|1
|move|p1a: Ogerpon|Ivy Cudgel|p2a: Great Tusk
|-supereffective|p2a: Great Tusk
|-crit|p2a: Great Tusk
|-damage|p2a: Great Tusk|0 fnt
|faint|p2a: Great Tusk
|-end|p2a: Great Tusk|Protosynthesis|[silent]
|
|upkeep
|
|t:|1780928719
|switch|p2a: Meowscarada|Meowscarada, M|84/100
|turn|16
|
|t:|1780928723
|move|p2a: Meowscarada|U-turn|p1a: Ogerpon
|-start|p2a: Meowscarada|typechange|Bug|[from] ability: Protean
|-supereffective|p1a: Ogerpon
|-damage|p1a: Ogerpon|21/100
|
|t:|1780928727
|switch|p2a: Slowking|Slowking-Galar, M|53/100|[from] U-turn
|move|p1a: Ogerpon|Ivy Cudgel|p2a: Slowking
|-resisted|p2a: Slowking
|-damage|p2a: Slowking|4/100
|
|upkeep
|turn|17
|
|t:|1780928730
|move|p1a: Ogerpon|Ivy Cudgel|p2a: Slowking
|-resisted|p2a: Slowking
|-crit|p2a: Slowking
|-damage|p2a: Slowking|0 fnt
|faint|p2a: Slowking
|
|upkeep
|
|t:|1780928732
|switch|p2a: Meowscarada|Meowscarada, M|84/100
|turn|18
|
|t:|1780928734
|switch|p1a: Samurott|Samurott-Hisui, M|100/100
|move|p2a: Meowscarada|U-turn|p1a: Samurott
|-start|p2a: Meowscarada|typechange|Bug|[from] ability: Protean
|-supereffective|p1a: Samurott
|-damage|p1a: Samurott|18/100
|
|t:|1780928738
|switch|p2a: Primarina|Primarina, M, shiny|100/100|[from] U-turn
|
|upkeep
|turn|19
|
|t:|1780928745
|move|p1a: Samurott|Ceaseless Edge|p2a: Primarina
|-resisted|p2a: Primarina
|-damage|p2a: Primarina|81/100
|-sidestart|p2: cachowcapow|Spikes
|move|p2a: Primarina|Draining Kiss|p1a: Samurott
|-supereffective|p1a: Samurott
|-damage|p1a: Samurott|0 fnt
|-heal|p2a: Primarina|93/100|[from] drain|[of] p1a: Samurott
|faint|p1a: Samurott
|
|-heal|p2a: Primarina|99/100|[from] item: Leftovers
|upkeep
|
|t:|1780928750
|switch|p1a: Ogerpon|Ogerpon-Teal-Tera, F, tera:Grass|21/100
|-ability|p1a: Ogerpon|Embody Aspect (Teal)|boost
|-boost|p1a: Ogerpon|spe|1
|turn|20
|
|t:|1780928763
|-terastallize|p2a: Primarina|Steel
|move|p1a: Ogerpon|Ivy Cudgel|p2a: Primarina
|-resisted|p2a: Primarina
|-damage|p2a: Primarina|51/100
|move|p2a: Primarina|Draining Kiss|p1a: Ogerpon
|-damage|p1a: Ogerpon|0 fnt
|-heal|p2a: Primarina|64/100|[from] drain|[of] p1a: Ogerpon
|faint|p1a: Ogerpon
|detailschange|p1: Ogerpon|Ogerpon, F|[silent]
|
|-heal|p2a: Primarina|70/100|[from] item: Leftovers
|upkeep
|
|t:|1780928771
|switch|p1a: Darkrai|Darkrai|100/100
|turn|21
|
|t:|1780928791
|move|p1a: Darkrai|Dark Pulse|p2a: Primarina
|-damage|p2a: Primarina|36/100
|move|p2a: Primarina|Draining Kiss|p1a: Darkrai
|-supereffective|p1a: Darkrai
|-crit|p1a: Darkrai
|-damage|p1a: Darkrai|21/100
|-heal|p2a: Primarina|92/100|[from] drain|[of] p1a: Darkrai
|
|-heal|p2a: Primarina|98/100|[from] item: Leftovers
|upkeep
|turn|22
|
|t:|1780928796
|move|p1a: Darkrai|Knock Off|p2a: Primarina
|-damage|p2a: Primarina|62/100
|-enditem|p2a: Primarina|Leftovers|[from] move: Knock Off|[of] p1a: Darkrai
|move|p2a: Primarina|Draining Kiss|p1a: Darkrai
|-supereffective|p1a: Darkrai
|-damage|p1a: Darkrai|0 fnt
|-heal|p2a: Primarina|77/100|[from] drain|[of] p1a: Darkrai
|faint|p1a: Darkrai
|
|win|cachowcapow
|raw|quolius's rating: 1565 &rarr; <strong>1550</strong><br />(-15 for losing)
|raw|cachowcapow's rating: 1650 &rarr; <strong>1665</strong><br />(+15 for winning)
|l|☆quolius
|player|p1|
|l|☆cachowcapow
|player|p2|
