|j|☆Archerdadon
|j|☆SupermanIsSerbian
|t:|1781558942
|gametype|singles
|player|p1|Archerdadon|marshal|1560
|player|p2|SupermanIsSerbian|2|1616
|gen|9
|tier|[Gen 9] OU
|rated|
|rule|HP Percentage Mod: HP is shown in percentages
|rule|Endless Battle Clause: Forcing endless battles is banned
|rule|Species Clause: Limit one of each Pokémon
|rule|OHKO Clause: OHKO moves are banned
|rule|Evasion Items Clause: Evasion items are banned
|rule|Evasion Moves Clause: Evasion moves are banned
|rule|Evasion Abilities Clause: Evasion abilities are banned
|rule|Sleep Moves Clause: Sleep-inducing moves are banned
|clearpoke
|poke|p1|Dondozo, F|
|poke|p1|Great Tusk|
|poke|p1|Ting-Lu|
|poke|p1|Glimmora, F|
|poke|p1|Primarina, F|
|poke|p1|Hydrapple, M|
|poke|p2|Blaziken, M|
|poke|p2|Ninetales, M|
|poke|p2|Walking Wake|
|poke|p2|Great Tusk|
|poke|p2|Slowking-Galar, M|
|poke|p2|Moltres|
|teampreview
|inactive|Battle timer is ON: inactive players will automatically lose when time's up. (requested by SupermanIsSerbian)
|
|t:|1781558975
|teamsize|p1|6
|teamsize|p2|6
|start
|switch|p1a: Glimmora|Glimmora, F|100/100
|switch|p2a: Planet Romania|Slowking-Galar, M|100/100
|turn|1
|
|t:|1781558988
|move|p1a: Glimmora|Earth Power|p2a: Planet Romania
|-supereffective|p2a: Planet Romania
|-damage|p2a: Planet Romania|69/100
|move|p2a: Planet Romania|Future Sight|p1a: Glimmora
|-start|p2a: Planet Romania|move: Future Sight
|
|upkeep
|turn|2
|
|t:|1781558996
|switch|p2a: AlbanianManSinger|Moltres|100/100
|move|p1a: Glimmora|Earth Power|p2a: AlbanianManSinger
|-immune|p2a: AlbanianManSinger
|
|upkeep
|turn|3
|
|t:|1781559002
|move|p1a: Glimmora|Power Gem|p2a: AlbanianManSinger
|-supereffective|p2a: AlbanianManSinger
|-damage|p2a: AlbanianManSinger|0 fnt
|faint|p2a: AlbanianManSinger
|
|-end|p1a: Glimmora|move: Future Sight
|-supereffective|p1a: Glimmora
|-enditem|p1a: Glimmora|Focus Sash
|-damage|p1a: Glimmora|1/100
|upkeep
|
|t:|1781559008
|switch|p2a: Greek Boi|Great Tusk|100/100
|turn|4
|
|t:|1781559017
|switch|p1a: Primarina|Primarina, F|100/100
|move|p2a: Greek Boi|Rapid Spin|p1a: Primarina
|-damage|p1a: Primarina|78/100
|-boost|p2a: Greek Boi|spe|1
|
|upkeep
|turn|5
|
|t:|1781559022
|-end|p2a: Greek Boi|Protosynthesis|[silent]
|switch|p2a: Planet Romania|Slowking-Galar, M|100/100
|move|p1a: Primarina|Psychic Noise|p2a: Planet Romania
|-damage|p2a: Planet Romania|80/100
|-start|p2a: Planet Romania|move: Heal Block
|
|upkeep
|turn|6
|
|t:|1781559030
|move|p1a: Primarina|Flip Turn|p2a: Planet Romania
|-damage|p2a: Planet Romania|65/100
|
|t:|1781559033
|switch|p1a: Ting-Lu|Ting-Lu|100/100|[from] Flip Turn
|-ability|p1a: Ting-Lu|Vessel of Ruin
|move|p2a: Planet Romania|Sludge Bomb|p1a: Ting-Lu
|-resisted|p1a: Ting-Lu
|-damage|p1a: Ting-Lu|92/100
|
|-heal|p1a: Ting-Lu|98/100|[from] item: Leftovers
|-end|p2a: Planet Romania|move: Heal Block
|upkeep
|turn|7
|
|t:|1781559044
|switch|p2a: TheEvilOfCroatia|Ninetales, M|100/100
|-weather|SunnyDay|[from] ability: Drought|[of] p2a: TheEvilOfCroatia
|move|p1a: Ting-Lu|Stealth Rock|p2a: TheEvilOfCroatia
|-sidestart|p2: SupermanIsSerbian|move: Stealth Rock
|
|-weather|SunnyDay|[upkeep]
|-heal|p1a: Ting-Lu|100/100|[from] item: Leftovers
|upkeep
|turn|8
|
|t:|1781559048
|move|p2a: TheEvilOfCroatia|Encore|p1a: Ting-Lu
|-start|p1a: Ting-Lu|Encore
|move|p1a: Ting-Lu|Stealth Rock||[still]
|-fail|p1a: Ting-Lu
|
|-weather|SunnyDay|[upkeep]
|upkeep
|turn|9
|
|t:|1781559051
|switch|p1a: Glimmora|Glimmora, F|1/100
|move|p2a: TheEvilOfCroatia|Will-O-Wisp|p1a: Glimmora
|-status|p1a: Glimmora|brn
|
|-weather|SunnyDay|[upkeep]
|-damage|p1a: Glimmora|0 fnt|[from] brn
|faint|p1a: Glimmora
|upkeep
|
|t:|1781559057
|switch|p1a: Primarina|Primarina, F|78/100
|turn|10
|
|t:|1781559062
|switch|p2a: Planet Romania|Slowking-Galar, M|98/100
|-damage|p2a: Planet Romania|86/100|[from] Stealth Rock
|move|p1a: Primarina|Psychic Noise|p2a: Planet Romania
|-damage|p2a: Planet Romania|76/100
|-start|p2a: Planet Romania|move: Heal Block
|
|-weather|SunnyDay|[upkeep]
|upkeep
|turn|11
|
|t:|1781559069
|move|p1a: Primarina|Flip Turn|p2a: Planet Romania
|-damage|p2a: Planet Romania|69/100
|
|t:|1781559073
|switch|p1a: Ting-Lu|Ting-Lu|100/100|[from] Flip Turn
|-ability|p1a: Ting-Lu|Vessel of Ruin
|move|p2a: Planet Romania|Sludge Bomb|p1a: Ting-Lu
|-resisted|p1a: Ting-Lu
|-damage|p1a: Ting-Lu|92/100
|
|-weather|SunnyDay|[upkeep]
|-heal|p1a: Ting-Lu|98/100|[from] item: Leftovers
|-end|p2a: Planet Romania|move: Heal Block
|upkeep
|turn|12
|
|t:|1781559082
|switch|p2a: Greek Boi|Great Tusk|100/100
|-activate|p2a: Greek Boi|ability: Protosynthesis
|-start|p2a: Greek Boi|protosynthesisatk
|move|p1a: Ting-Lu|Earthquake|p2a: Greek Boi
|-damage|p2a: Greek Boi|72/100
|
|-weather|SunnyDay|[upkeep]
|-heal|p1a: Ting-Lu|100/100|[from] item: Leftovers
|upkeep
|turn|13
|
|t:|1781559095
|move|p2a: Greek Boi|Rapid Spin|p1a: Ting-Lu
|-damage|p1a: Ting-Lu|89/100
|-boost|p2a: Greek Boi|spe|1
|-sideend|p2: SupermanIsSerbian|Stealth Rock|[from] move: Rapid Spin|[of] p2a: Greek Boi
|move|p1a: Ting-Lu|Rest|p1a: Ting-Lu
|-status|p1a: Ting-Lu|slp|[from] move: Rest
|-heal|p1a: Ting-Lu|100/100 slp|[silent]
|
|-weather|SunnyDay|[upkeep]
|upkeep
|turn|14
|
|t:|1781559103
|-terastallize|p1a: Ting-Lu|Ghost
|move|p2a: Greek Boi|Stealth Rock|p1a: Ting-Lu
|-sidestart|p1: Archerdadon|move: Stealth Rock
|cant|p1a: Ting-Lu|slp
|
|-weather|none
|-end|p2a: Greek Boi|Protosynthesis
|upkeep
|turn|15
|
|t:|1781559117
|move|p2a: Greek Boi|Headlong Rush|p1a: Ting-Lu
|-damage|p1a: Ting-Lu|64/100 slp
|-unboost|p2a: Greek Boi|def|1
|-unboost|p2a: Greek Boi|spd|1
|cant|p1a: Ting-Lu|slp
|
|-heal|p1a: Ting-Lu|70/100 slp|[from] item: Leftovers
|upkeep
|turn|16
|
|t:|1781559129
|move|p2a: Greek Boi|Ice Spinner|p1a: Ting-Lu
|-damage|p1a: Ting-Lu|55/100 slp
|-curestatus|p1a: Ting-Lu|slp|[msg]
|move|p1a: Ting-Lu|Stealth Rock|p2a: Greek Boi
|-sidestart|p2: SupermanIsSerbian|move: Stealth Rock
|
|-heal|p1a: Ting-Lu|61/100|[from] item: Leftovers
|upkeep
|turn|17
|
|t:|1781559147
|-end|p2a: Greek Boi|Protosynthesis|[silent]
|switch|p2a: TheEvilOfCroatia|Ninetales, M|100/100
|-damage|p2a: TheEvilOfCroatia|76/100|[from] Stealth Rock
|-weather|SunnyDay|[from] ability: Drought|[of] p2a: TheEvilOfCroatia
|move|p1a: Ting-Lu|Earthquake|p2a: TheEvilOfCroatia
|-supereffective|p2a: TheEvilOfCroatia
|-damage|p2a: TheEvilOfCroatia|0 fnt
|faint|p2a: TheEvilOfCroatia
|
|-weather|SunnyDay|[upkeep]
|-heal|p1a: Ting-Lu|68/100|[from] item: Leftovers
|upkeep
|
|t:|1781559162
|switch|p2a: My Bulgarian Uncle|Walking Wake|100/100
|-damage|p2a: My Bulgarian Uncle|88/100|[from] Stealth Rock
|-activate|p2a: My Bulgarian Uncle|ability: Protosynthesis
|-start|p2a: My Bulgarian Uncle|protosynthesisspe
|turn|18
|
|t:|1781559168
|switch|p1a: Primarina|Primarina, F|78/100
|-damage|p1a: Primarina|66/100|[from] Stealth Rock
|move|p2a: My Bulgarian Uncle|Flamethrower|p1a: Primarina
|-resisted|p1a: Primarina
|-damage|p1a: Primarina|46/100
|
|-weather|SunnyDay|[upkeep]
|upkeep
|turn|19
|
|t:|1781559178
|move|p2a: My Bulgarian Uncle|Flamethrower|p1a: Primarina
|-resisted|p1a: Primarina
|-damage|p1a: Primarina|26/100
|move|p1a: Primarina|Moonblast|p2a: My Bulgarian Uncle
|-supereffective|p2a: My Bulgarian Uncle
|-damage|p2a: My Bulgarian Uncle|0 fnt
|faint|p2a: My Bulgarian Uncle
|-end|p2a: My Bulgarian Uncle|Protosynthesis|[silent]
|
|-weather|SunnyDay|[upkeep]
|upkeep
|
|t:|1781559183
|switch|p2a: Greek Boi|Great Tusk|72/100
|-activate|p2a: Greek Boi|ability: Protosynthesis
|-start|p2a: Greek Boi|protosynthesisatk
|turn|20
|
|t:|1781559189
|move|p2a: Greek Boi|Headlong Rush|p1a: Primarina
|-damage|p1a: Primarina|0 fnt
|-unboost|p2a: Greek Boi|def|1
|-unboost|p2a: Greek Boi|spd|1
|faint|p1a: Primarina
|
|-weather|SunnyDay|[upkeep]
|upkeep
|
|t:|1781559193
|switch|p1a: Hydrapple|Hydrapple, M|100/100
|-damage|p1a: Hydrapple|88/100|[from] Stealth Rock
|turn|21
|
|t:|1781559202
|-terastallize|p2a: Greek Boi|Steel
|move|p2a: Greek Boi|Ice Spinner|p1a: Hydrapple
|-supereffective|p1a: Hydrapple
|-damage|p1a: Hydrapple|10/100
|-damage|p2a: Greek Boi|55/100|[from] item: Rocky Helmet|[of] p1a: Hydrapple
|move|p1a: Hydrapple|Giga Drain|p2a: Greek Boi
|-resisted|p2a: Greek Boi
|-damage|p2a: Greek Boi|21/100
|-heal|p1a: Hydrapple|25/100|[from] drain|[of] p2a: Greek Boi
|
|-weather|SunnyDay|[upkeep]
|upkeep
|turn|22
|
|t:|1781559214
|move|p2a: Greek Boi|Rapid Spin|p1a: Hydrapple
|-damage|p1a: Hydrapple|13/100
|-boost|p2a: Greek Boi|spe|1
|-damage|p2a: Greek Boi|5/100|[from] item: Rocky Helmet|[of] p1a: Hydrapple
|-sideend|p2: SupermanIsSerbian|Stealth Rock|[from] move: Rapid Spin|[of] p2a: Greek Boi
|move|p1a: Hydrapple|Giga Drain|p2a: Greek Boi
|-resisted|p2a: Greek Boi
|-damage|p2a: Greek Boi|0 fnt
|-heal|p1a: Hydrapple|15/100|[from] drain|[of] p2a: Greek Boi
|faint|p2a: Greek Boi
|-end|p2a: Greek Boi|Protosynthesis|[silent]
|
|-weather|SunnyDay|[upkeep]
|upkeep
|
|t:|1781559216
|switch|p2a: TheBosnian|Blaziken, M|100/100
|turn|23
|
|t:|1781559221
|switch|p2a: Planet Romania|Slowking-Galar, M|100/100
|switch|p1a: Great Tusk|Great Tusk|100/100
|-activate|p1a: Great Tusk|ability: Protosynthesis
|-start|p1a: Great Tusk|protosynthesisdef
|
|-weather|SunnyDay|[upkeep]
|upkeep
|turn|24
|
|t:|1781559226
|move|p1a: Great Tusk|Rapid Spin|p2a: Planet Romania
|-damage|p2a: Planet Romania|85/100
|-boost|p1a: Great Tusk|spe|1
|-sideend|p1: Archerdadon|Stealth Rock|[from] move: Rapid Spin|[of] p1a: Great Tusk
|move|p2a: Planet Romania|Ice Beam|p1a: Great Tusk
|-supereffective|p1a: Great Tusk
|-damage|p1a: Great Tusk|32/100
|
|-weather|none
|-end|p1a: Great Tusk|Protosynthesis
|upkeep
|turn|25
|
|t:|1781559229
|move|p1a: Great Tusk|Headlong Rush|p2a: Planet Romania
|-supereffective|p2a: Planet Romania
|-damage|p2a: Planet Romania|0 fnt
|-unboost|p1a: Great Tusk|def|1
|-unboost|p1a: Great Tusk|spd|1
|faint|p2a: Planet Romania
|
|upkeep
|
|t:|1781559231
|switch|p2a: TheBosnian|Blaziken, M|100/100
|turn|26
|
|t:|1781559232
|move|p1a: Great Tusk|Headlong Rush|p2a: TheBosnian
|-supereffective|p2a: TheBosnian
|-damage|p2a: TheBosnian|0 fnt
|-unboost|p1a: Great Tusk|def|1
|-unboost|p1a: Great Tusk|spd|1
|faint|p2a: TheBosnian
|
|win|Archerdadon
|raw|Archerdadon's rating: 1560 &rarr; <strong>1583</strong><br />(+23 for winning)
|raw|SupermanIsSerbian's rating: 1616 &rarr; <strong>1593</strong><br />(-23 for losing)
|l|☆Archerdadon
|player|p1|
|l|☆SupermanIsSerbian
|player|p2|
