|j|☆Nat889
|j|☆phreshoatmeal
|t:|1781150784
|gametype|singles
|player|p1|Nat889|miku-ghost|1619
|player|p2|phreshoatmeal|clerk|1678
|gen|9
|tier|[Gen 9] OU
|rated|
|rule|HP Percentage Mod: HP is shown in percentages
|rule|Endless Battle Clause: Forcing endless battles is banned
|rule|Species Clause: Limit one of each Pokémon
|rule|OHKO Clause: OHKO moves are banned
|rule|Evasion Items Clause: Evasion items are banned
|rule|Evasion Moves Clause: Evasion moves are banned
|rule|Evasion Abilities Clause: Evasion abilities are banned
|rule|Sleep Moves Clause: Sleep-inducing moves are banned
|clearpoke
|poke|p1|Lokix, M|
|poke|p1|Iron Valiant|
|poke|p1|Alomomola, L99, F|
|poke|p1|Mandibuzz, F|
|poke|p1|Great Tusk|
|poke|p1|Gholdengo|
|poke|p2|Tyranitar, M|
|poke|p2|Excadrill, M|
|poke|p2|Hatterene, F|
|poke|p2|Rillaboom, F|
|poke|p2|Corviknight, F|
|poke|p2|Quaquaval, F|
|teampreview
|
|t:|1781150796
|teamsize|p1|6
|teamsize|p2|6
|start
|switch|p1a: G3-X|Iron Valiant, shiny|100/100
|switch|p2a: Hatterene|Hatterene, F|100/100
|turn|1
|
|t:|1781150813
|-end|p1a: G3-X|Quark Drive|[silent]
|switch|p1a: Tetsuya Sawaki|Alomomola, L99, F|100/100
|move|p2a: Hatterene|Gravity|p2a: Hatterene
|-fieldstart|move: Gravity
|
|upkeep
|turn|2
|
|t:|1781150827
|move|p1a: Tetsuya Sawaki|Scald|p2a: Hatterene
|-damage|p2a: Hatterene|86/100
|move|p2a: Hatterene|Future Sight|p1a: Tetsuya Sawaki
|-start|p2a: Hatterene|move: Future Sight
|
|-heal|p2a: Hatterene|92/100|[from] item: Leftovers
|upkeep
|turn|3
|
|t:|1781150836
|switch|p2a: Corviknight|Corviknight, F|100/100
|-ability|p2a: Corviknight|Pressure
|move|p1a: Tetsuya Sawaki|Mirror Coat||[still]
|-fail|p1a: Tetsuya Sawaki
|
|upkeep
|turn|4
|
|t:|1781150848
|move|p2a: Corviknight|Brave Bird|p1a: Tetsuya Sawaki
|-damage|p1a: Tetsuya Sawaki|74/100
|-damage|p2a: Corviknight|90/100|[from] Recoil
|move|p1a: Tetsuya Sawaki|Flip Turn|p2a: Corviknight
|-damage|p2a: Corviknight|81/100
|-enditem|p2a: Corviknight|Eject Button
|
|t:|1781150854
|switch|p2a: Excadrill|Excadrill, M|100/100
|
|-end|p1a: Tetsuya Sawaki|move: Future Sight
|-damage|p1a: Tetsuya Sawaki|46/100
|upkeep
|turn|5
|
|t:|1781150863
|switch|p1a: Overlord|Mandibuzz, F|100/100
|move|p2a: Excadrill|High Horsepower|p1a: Overlord
|-damage|p1a: Overlord|51/100
|
|-fieldend|move: Gravity
|upkeep
|turn|6
|
|t:|1781150872
|switch|p2a: Hatterene|Hatterene, F|92/100
|move|p1a: Overlord|Roost|p1a: Overlord
|-heal|p1a: Overlord|100/100
|-singleturn|p1a: Overlord|move: Roost
|
|-heal|p2a: Hatterene|98/100|[from] item: Leftovers
|upkeep
|turn|7
|
|t:|1781150881
|switch|p1a: Tetsuya Sawaki|Alomomola, L99, F|79/100
|move|p2a: Hatterene|Gravity|p2a: Hatterene
|-fieldstart|move: Gravity
|
|-heal|p2a: Hatterene|100/100|[from] item: Leftovers
|upkeep
|turn|8
|
|t:|1781150888
|switch|p2a: Tyranitar|Tyranitar, M|100/100
|-weather|Sandstorm|[from] ability: Sand Stream|[of] p2a: Tyranitar
|move|p1a: Tetsuya Sawaki|Flip Turn|p2a: Tyranitar
|-supereffective|p2a: Tyranitar
|-damage|p2a: Tyranitar|78/100
|-enditem|p2a: Tyranitar|Eject Button
|
|t:|1781150890
|switch|p2a: Excadrill|Excadrill, M|100/100
|
|-weather|Sandstorm|[upkeep]
|-damage|p1a: Tetsuya Sawaki|73/100|[from] Sandstorm
|upkeep
|turn|9
|
|t:|1781150901
|-terastallize|p2a: Excadrill|Ground
|move|p2a: Excadrill|High Horsepower|p1a: Tetsuya Sawaki
|-damage|p1a: Tetsuya Sawaki|0 fnt
|faint|p1a: Tetsuya Sawaki
|
|-weather|Sandstorm|[upkeep]
|upkeep
|
|t:|1781150912
|switch|p1a: Gills Exceed|Great Tusk|100/100
|turn|10
|
|t:|1781150920
|move|p2a: Excadrill|High Horsepower|p1a: Gills Exceed
|-damage|p1a: Gills Exceed|24/100
|move|p1a: Gills Exceed|Ice Spinner|p2a: Excadrill
|-supereffective|p2a: Excadrill
|-damage|p2a: Excadrill|26/100
|
|-weather|Sandstorm|[upkeep]
|upkeep
|turn|11
|
|t:|1781150930
|move|p2a: Excadrill|High Horsepower|p1a: Gills Exceed
|-crit|p1a: Gills Exceed
|-damage|p1a: Gills Exceed|0 fnt
|faint|p1a: Gills Exceed
|-end|p1a: Gills Exceed|Protosynthesis|[silent]
|
|-weather|Sandstorm|[upkeep]
|-fieldend|move: Gravity
|upkeep
|
|t:|1781150936
|switch|p1a: Shining Agito|Lokix, M, shiny|100/100
|turn|12
|
|t:|1781150940
|switch|p2a: Corviknight|Corviknight, F|81/100
|-ability|p2a: Corviknight|Pressure
|move|p1a: Shining Agito|U-turn|p2a: Corviknight
|-resisted|p2a: Corviknight
|-damage|p2a: Corviknight|65/100
|
|t:|1781150946
|switch|p1a: G3-X|Iron Valiant, shiny|100/100|[from] U-turn
|
|-weather|none
|upkeep
|turn|13
|
|t:|1781150956
|move|p1a: G3-X|Moonblast|p2a: Corviknight
|-resisted|p2a: Corviknight
|-damage|p2a: Corviknight|32/100
|-unboost|p2a: Corviknight|spa|1
|move|p2a: Corviknight|Roost|p2a: Corviknight
|-heal|p2a: Corviknight|82/100
|-singleturn|p2a: Corviknight|move: Roost
|
|upkeep
|turn|14
|
|t:|1781150964
|move|p1a: G3-X|Moonblast|p2a: Corviknight
|-resisted|p2a: Corviknight
|-damage|p2a: Corviknight|51/100
|move|p2a: Corviknight|U-turn|p1a: G3-X
|-resisted|p1a: G3-X
|-damage|p1a: G3-X|96/100
|
|t:|1781150971
|switch|p2a: Tyranitar|Tyranitar, M|78/100|[from] U-turn
|-weather|Sandstorm|[from] ability: Sand Stream|[of] p2a: Tyranitar
|
|-weather|Sandstorm|[upkeep]
|-damage|p1a: G3-X|90/100|[from] Sandstorm
|upkeep
|turn|15
|
|t:|1781150991
|switch|p2a: Rillaboom|Rillaboom, F|100/100
|-fieldstart|move: Grassy Terrain|[from] ability: Grassy Surge|[of] p2a: Rillaboom
|move|p1a: G3-X|Moonblast|p2a: Rillaboom
|-damage|p2a: Rillaboom|13/100
|
|-weather|Sandstorm|[upkeep]
|-damage|p1a: G3-X|84/100|[from] Sandstorm
|-damage|p2a: Rillaboom|7/100|[from] Sandstorm
|-heal|p1a: G3-X|90/100|[from] Grassy Terrain
|-heal|p2a: Rillaboom|13/100|[from] Grassy Terrain
|upkeep
|turn|16
|
|t:|1781151004
|-end|p1a: G3-X|Quark Drive|[silent]
|switch|p1a: Shining Agito|Lokix, M, shiny|100/100
|move|p2a: Rillaboom|U-turn|p1a: Shining Agito
|-supereffective|p1a: Shining Agito
|-damage|p1a: Shining Agito|0 fnt
|faint|p1a: Shining Agito
|
|t:|1781151008
|switch|p2a: Excadrill|Excadrill, M, tera:Ground|26/100|[from] U-turn
|
|-weather|Sandstorm|[upkeep]
|-heal|p2a: Excadrill|32/100|[from] Grassy Terrain
|upkeep
|c|☆Nat889|on my life i missclicked
|
|t:|1781151020
|switch|p1a: Overlord|Mandibuzz, F|100/100
|turn|17
|
|t:|1781151024
|switch|p2a: Hatterene|Hatterene, F|100/100
|move|p1a: Overlord|Foul Play|p2a: Hatterene
|-damage|p2a: Hatterene|81/100
|
|-weather|Sandstorm|[upkeep]
|-damage|p1a: Overlord|94/100|[from] Sandstorm
|-damage|p2a: Hatterene|75/100|[from] Sandstorm
|-heal|p2a: Hatterene|81/100|[from] Grassy Terrain
|-heal|p2a: Hatterene|87/100|[from] item: Leftovers
|upkeep
|turn|18
|
|t:|1781151038
|move|p1a: Overlord|U-turn|p2a: Hatterene
|-damage|p2a: Hatterene|78/100
|
|t:|1781151041
|switch|p1a: MACHINE TORNADER|Gholdengo|100/100|[from] U-turn
|move|p2a: Hatterene|Gravity|p2a: Hatterene
|-fieldstart|move: Gravity
|
|-weather|none
|-heal|p2a: Hatterene|84/100|[from] Grassy Terrain
|-heal|p2a: Hatterene|90/100|[from] item: Leftovers
|upkeep
|turn|19
|
|t:|1781151052
|switch|p1a: Overlord|Mandibuzz, F|94/100
|switch|p2a: Corviknight|Corviknight, F|51/100
|-ability|p2a: Corviknight|Pressure
|
|-heal|p1a: Overlord|100/100|[from] Grassy Terrain
|-heal|p2a: Corviknight|57/100|[from] Grassy Terrain
|-fieldend|move: Grassy Terrain
|upkeep
|turn|20
|
|t:|1781151062
|move|p1a: Overlord|Foul Play|p2a: Corviknight
|-damage|p2a: Corviknight|40/100
|move|p2a: Corviknight|U-turn|p1a: Overlord
|-damage|p1a: Overlord|92/100
|
|t:|1781151073
|switch|p2a: Rillaboom|Rillaboom, F|13/100|[from] U-turn
|-fieldstart|move: Grassy Terrain|[from] ability: Grassy Surge|[of] p2a: Rillaboom
|
|-heal|p2a: Rillaboom|19/100|[from] Grassy Terrain
|-heal|p1a: Overlord|99/100|[from] Grassy Terrain
|upkeep
|turn|21
|
|t:|1781151081
|move|p2a: Rillaboom|Wood Hammer|p1a: Overlord
|-resisted|p1a: Overlord
|-damage|p1a: Overlord|64/100
|-damage|p2a: Rillaboom|7/100|[from] Recoil
|move|p1a: Overlord|Foul Play|p2a: Rillaboom
|-damage|p2a: Rillaboom|0 fnt
|faint|p2a: Rillaboom
|
|-heal|p1a: Overlord|70/100|[from] Grassy Terrain
|upkeep
|
|t:|1781151101
|switch|p2a: Hatterene|Hatterene, F|90/100
|turn|22
|
|t:|1781151104
|move|p1a: Overlord|U-turn|p2a: Hatterene
|-damage|p2a: Hatterene|81/100
|
|t:|1781151107
|switch|p1a: MACHINE TORNADER|Gholdengo|100/100|[from] U-turn
|move|p2a: Hatterene|Draining Kiss|p1a: MACHINE TORNADER
|-resisted|p1a: MACHINE TORNADER
|-damage|p1a: MACHINE TORNADER|88/100
|-heal|p2a: Hatterene|90/100|[from] drain|[of] p1a: MACHINE TORNADER
|
|-heal|p1a: MACHINE TORNADER|94/100|[from] Grassy Terrain
|-heal|p2a: Hatterene|96/100|[from] Grassy Terrain
|-heal|p2a: Hatterene|100/100|[from] item: Leftovers
|-fieldend|move: Gravity
|upkeep
|turn|23
|
|t:|1781151117
|switch|p2a: Quaquaval|Quaquaval, F|100/100
|move|p1a: MACHINE TORNADER|Make It Rain|p2a: Quaquaval
|-resisted|p2a: Quaquaval
|-damage|p2a: Quaquaval|77/100
|-unboost|p1a: MACHINE TORNADER|spa|1
|
|-heal|p1a: MACHINE TORNADER|99/100|[from] Grassy Terrain
|-heal|p2a: Quaquaval|83/100|[from] Grassy Terrain
|upkeep
|turn|24
|
|t:|1781151128
|switch|p1a: Overlord|Mandibuzz, F|70/100
|move|p2a: Quaquaval|Knock Off|p1a: Overlord
|-resisted|p1a: Overlord
|-crit|p1a: Overlord
|-damage|p1a: Overlord|56/100
|-enditem|p1a: Overlord|Heavy-Duty Boots|[from] move: Knock Off|[of] p2a: Quaquaval
|
|-heal|p2a: Quaquaval|89/100|[from] Grassy Terrain
|-fieldend|move: Grassy Terrain
|upkeep
|turn|25
|
|t:|1781151139
|switch|p2a: Tyranitar|Tyranitar, M|78/100
|-weather|Sandstorm|[from] ability: Sand Stream|[of] p2a: Tyranitar
|move|p1a: Overlord|Roost|p1a: Overlord
|-heal|p1a: Overlord|100/100
|-singleturn|p1a: Overlord|move: Roost
|
|-weather|Sandstorm|[upkeep]
|-damage|p1a: Overlord|94/100|[from] Sandstorm
|upkeep
|turn|26
|
|t:|1781151150
|move|p1a: Overlord|U-turn|p2a: Tyranitar
|-supereffective|p2a: Tyranitar
|-damage|p2a: Tyranitar|61/100
|
|t:|1781151155
|switch|p1a: MACHINE TORNADER|Gholdengo|99/100|[from] U-turn
|move|p2a: Tyranitar|Stealth Rock|p1a: MACHINE TORNADER
|-sidestart|p1: Nat889|move: Stealth Rock
|
|-weather|Sandstorm|[upkeep]
|upkeep
|turn|27
|
|t:|1781151163
|switch|p2a: Quaquaval|Quaquaval, F|89/100
|move|p1a: MACHINE TORNADER|Make It Rain|p2a: Quaquaval
|-resisted|p2a: Quaquaval
|-damage|p2a: Quaquaval|66/100
|-unboost|p1a: MACHINE TORNADER|spa|1
|
|-weather|Sandstorm|[upkeep]
|-damage|p2a: Quaquaval|60/100|[from] Sandstorm
|upkeep
|turn|28
|
|t:|1781151172
|move|p1a: MACHINE TORNADER|Make It Rain|p2a: Quaquaval
|-resisted|p2a: Quaquaval
|-damage|p2a: Quaquaval|41/100
|-unboost|p1a: MACHINE TORNADER|spa|1
|move|p2a: Quaquaval|Aqua Step|p1a: MACHINE TORNADER
|-damage|p1a: MACHINE TORNADER|49/100
|-boost|p2a: Quaquaval|spe|1
|
|-weather|Sandstorm|[upkeep]
|-damage|p2a: Quaquaval|35/100|[from] Sandstorm
|upkeep
|turn|29
|
|t:|1781151185
|switch|p1a: Overlord|Mandibuzz, F|94/100
|-damage|p1a: Overlord|70/100|[from] Stealth Rock
|move|p2a: Quaquaval|Aqua Step|p1a: Overlord
|-damage|p1a: Overlord|45/100
|-boost|p2a: Quaquaval|spe|1
|
|-weather|none
|upkeep
|turn|30
|
|t:|1781151201
|move|p2a: Quaquaval|Aqua Step|p1a: Overlord
|-damage|p1a: Overlord|21/100
|-boost|p2a: Quaquaval|spe|1
|move|p1a: Overlord|Roost|p1a: Overlord
|-heal|p1a: Overlord|71/100
|-singleturn|p1a: Overlord|move: Roost
|
|upkeep
|turn|31
|
|t:|1781151208
|move|p2a: Quaquaval|Close Combat|p1a: Overlord
|-damage|p1a: Overlord|36/100
|-unboost|p2a: Quaquaval|def|1
|-unboost|p2a: Quaquaval|spd|1
|move|p1a: Overlord|Roost|p1a: Overlord
|-heal|p1a: Overlord|87/100
|-singleturn|p1a: Overlord|move: Roost
|
|upkeep
|turn|32
|
|t:|1781151217
|switch|p2a: Hatterene|Hatterene, F|100/100
|move|p1a: Overlord|Foul Play|p2a: Hatterene
|-damage|p2a: Hatterene|83/100
|
|-heal|p2a: Hatterene|89/100|[from] item: Leftovers
|upkeep
|turn|33
|
|t:|1781151229
|switch|p1a: G3-X|Iron Valiant, shiny|90/100
|-damage|p1a: G3-X|84/100|[from] Stealth Rock
|move|p2a: Hatterene|Draining Kiss|p1a: G3-X
|-supereffective|p1a: G3-X
|-damage|p1a: G3-X|5/100
|-heal|p2a: Hatterene|100/100|[from] drain|[of] p1a: G3-X
|
|upkeep
|turn|34
|j| Zenitsu is god 123
|
|t:|1781151240
|switch|p2a: Corviknight|Corviknight, F|40/100
|-ability|p2a: Corviknight|Pressure
|-terastallize|p1a: G3-X|Fairy
|move|p1a: G3-X|Moonblast|p2a: Corviknight
|-resisted|p2a: Corviknight
|-damage|p2a: Corviknight|0 fnt
|faint|p2a: Corviknight
|
|upkeep
|
|t:|1781151244
|switch|p2a: Tyranitar|Tyranitar, M|61/100
|-weather|Sandstorm|[from] ability: Sand Stream|[of] p2a: Tyranitar
|turn|35
|l| Zenitsu is god 123
|
|t:|1781151251
|switch|p2a: Quaquaval|Quaquaval, F|35/100
|move|p1a: G3-X|Moonblast|p2a: Quaquaval
|-supereffective|p2a: Quaquaval
|-damage|p2a: Quaquaval|0 fnt
|faint|p2a: Quaquaval
|
|-weather|Sandstorm|[upkeep]
|-damage|p1a: G3-X|0 fnt|[from] Sandstorm
|faint|p1a: G3-X
|-end|p1a: G3-X|Quark Drive|[silent]
|upkeep
|
|t:|1781151260
|switch|p1a: Overlord|Mandibuzz, F|87/100
|switch|p2a: Excadrill|Excadrill, M, tera:Ground|32/100
|-damage|p1a: Overlord|62/100|[from] Stealth Rock
|turn|36
|
|t:|1781151266
|move|p2a: Excadrill|Rock Slide|p1a: Overlord|[miss]
|-miss|p2a: Excadrill|p1a: Overlord
|move|p1a: Overlord|Foul Play|p2a: Excadrill
|-damage|p2a: Excadrill|0 fnt
|faint|p2a: Excadrill
|
|-weather|Sandstorm|[upkeep]
|-damage|p1a: Overlord|56/100|[from] Sandstorm
|upkeep
|
|t:|1781151272
|switch|p2a: Hatterene|Hatterene, F|100/100
|turn|37
|
|t:|1781151285
|move|p1a: Overlord|Foul Play|p2a: Hatterene
|-damage|p2a: Hatterene|81/100
|move|p2a: Hatterene|Draining Kiss|p1a: Overlord
|-supereffective|p1a: Overlord
|-damage|p1a: Overlord|20/100
|-heal|p2a: Hatterene|100/100|[from] drain|[of] p1a: Overlord
|
|-weather|Sandstorm|[upkeep]
|-damage|p1a: Overlord|14/100|[from] Sandstorm
|-damage|p2a: Hatterene|95/100|[from] Sandstorm
|-heal|p2a: Hatterene|100/100|[from] item: Leftovers
|upkeep
|turn|38
|
|t:|1781151295
|move|p1a: Overlord|Roost|p1a: Overlord
|-heal|p1a: Overlord|64/100
|-singleturn|p1a: Overlord|move: Roost
|move|p2a: Hatterene|Draining Kiss|p1a: Overlord
|-supereffective|p1a: Overlord
|-damage|p1a: Overlord|24/100
|
|-weather|Sandstorm|[upkeep]
|-damage|p1a: Overlord|18/100|[from] Sandstorm
|-damage|p2a: Hatterene|95/100|[from] Sandstorm
|-heal|p2a: Hatterene|100/100|[from] item: Leftovers
|upkeep
|turn|39
|
|t:|1781151315
|move|p1a: Overlord|Foul Play|p2a: Hatterene
|-damage|p2a: Hatterene|83/100
|move|p2a: Hatterene|Draining Kiss|p1a: Overlord
|-supereffective|p1a: Overlord
|-damage|p1a: Overlord|0 fnt
|-heal|p2a: Hatterene|100/100|[from] drain|[of] p1a: Overlord
|faint|p1a: Overlord
|
|-weather|none
|upkeep
|
|t:|1781151323
|switch|p1a: MACHINE TORNADER|Gholdengo|49/100
|-damage|p1a: MACHINE TORNADER|43/100|[from] Stealth Rock
|turn|40
|
|t:|1781151329
|move|p1a: MACHINE TORNADER|Trick|p2a: Hatterene
|-activate|p1a: MACHINE TORNADER|move: Trick|[of] p2a: Hatterene
|-item|p2a: Hatterene|Choice Scarf|[from] move: Trick
|-item|p1a: MACHINE TORNADER|Leftovers|[from] move: Trick
|move|p2a: Hatterene|Future Sight|p1a: MACHINE TORNADER
|-start|p2a: Hatterene|move: Future Sight
|
|-heal|p1a: MACHINE TORNADER|49/100|[from] item: Leftovers
|upkeep
|turn|41
|
|t:|1781151340
|move|p1a: MACHINE TORNADER|Nasty Plot|p1a: MACHINE TORNADER
|-boost|p1a: MACHINE TORNADER|spa|2
|move|p2a: Hatterene|Future Sight||[still]
|-fail|p2a: Hatterene
|
|-heal|p1a: MACHINE TORNADER|55/100|[from] item: Leftovers
|upkeep
|turn|42
|-message|phreshoatmeal forfeited.
|
|win|Nat889
|raw|Nat889's rating: 1619 &rarr; <strong>1642</strong><br />(+23 for winning)
|raw|phreshoatmeal's rating: 1678 &rarr; <strong>1655</strong><br />(-23 for losing)
|l|☆phreshoatmeal
|player|p2|
|c|☆Nat889|gg
|l|☆Nat889
|player|p1|
