|j|☆icylikedecember
|j|☆ihymyly
|t:|1781176582
|gametype|singles
|player|p1|icylikedecember|smasher|1756
|player|p2|ihymyly|169|1677
|gen|9
|tier|[Gen 9] OU
|rated|
|rule|HP Percentage Mod: HP is shown in percentages
|rule|Endless Battle Clause: Forcing endless battles is banned
|rule|Species Clause: Limit one of each Pokémon
|rule|OHKO Clause: OHKO moves are banned
|rule|Evasion Items Clause: Evasion items are banned
|rule|Evasion Moves Clause: Evasion moves are banned
|rule|Evasion Abilities Clause: Evasion abilities are banned
|rule|Sleep Moves Clause: Sleep-inducing moves are banned
|clearpoke
|poke|p1|Corviknight, F|
|poke|p1|Slowking-Galar, M|
|poke|p1|Darkrai|
|poke|p1|Kyurem|
|poke|p1|Zamazenta-*|
|poke|p1|Crawdaunt, F|
|poke|p2|Pelipper, F|
|poke|p2|Kingdra, M|
|poke|p2|Weavile, M|
|poke|p2|Raging Bolt|
|poke|p2|Clodsire, F|
|poke|p2|Corviknight, F|
|teampreview
|inactive|Battle timer is ON: inactive players will automatically lose when time's up. (requested by icylikedecember)
|
|t:|1781176591
|teamsize|p1|6
|teamsize|p2|6
|start
|switch|p1a: Crawdaunt|Crawdaunt, F|100/100
|switch|p2a: Corviknight|Corviknight, F|100/100
|-ability|p2a: Corviknight|Pressure
|turn|1
|
|t:|1781176597
|move|p1a: Crawdaunt|Knock Off|p2a: Corviknight
|-damage|p2a: Corviknight|35/100
|-damage|p1a: Crawdaunt|84/100|[from] item: Rocky Helmet|[of] p2a: Corviknight
|-enditem|p2a: Corviknight|Rocky Helmet|[from] move: Knock Off|[of] p1a: Crawdaunt
|move|p2a: Corviknight|U-turn|p1a: Crawdaunt
|-supereffective|p1a: Crawdaunt
|-damage|p1a: Crawdaunt|42/100
|
|t:|1781176619
|switch|p2a: Raging Bolt|Raging Bolt|100/100|[from] U-turn
|
|upkeep
|turn|2
|
|t:|1781176623
|switch|p1a: Slowking|Slowking-Galar, M, shiny|100/100
|move|p2a: Raging Bolt|Thunder|p1a: Slowking
|-damage|p1a: Slowking|70/100
|
|upkeep
|turn|3
|
|t:|1781176636
|move|p2a: Raging Bolt|Thunder|p1a: Slowking
|-damage|p1a: Slowking|36/100
|move|p1a: Slowking|Sludge Bomb|p2a: Raging Bolt
|-damage|p2a: Raging Bolt|75/100
|
|upkeep
|turn|4
|
|t:|1781176642
|move|p2a: Raging Bolt|Dragon Pulse|p1a: Slowking
|-damage|p1a: Slowking|9/100
|move|p1a: Slowking|Ice Beam|p2a: Raging Bolt
|-supereffective|p2a: Raging Bolt
|-damage|p2a: Raging Bolt|39/100
|
|upkeep
|turn|5
|
|t:|1781176660
|switch|p1a: Darkrai|Darkrai|100/100
|move|p2a: Raging Bolt|Dragon Pulse|p1a: Darkrai
|-damage|p1a: Darkrai|28/100
|
|upkeep
|turn|6
|
|t:|1781176668
|switch|p1a: Kyurem|Kyurem|100/100
|-ability|p1a: Kyurem|Pressure
|move|p2a: Raging Bolt|Dragon Pulse|p1a: Kyurem
|-supereffective|p1a: Kyurem
|-damage|p1a: Kyurem|13/100
|
|upkeep
|turn|7
|
|t:|1781176675
|-terastallize|p1a: Kyurem|Ground
|move|p2a: Raging Bolt|Thunderclap|p1a: Kyurem
|-immune|p1a: Kyurem
|move|p1a: Kyurem|Freeze-Dry|p2a: Raging Bolt
|-supereffective|p2a: Raging Bolt
|-damage|p2a: Raging Bolt|0 fnt
|faint|p2a: Raging Bolt
|-end|p2a: Raging Bolt|Protosynthesis|[silent]
|
|upkeep
|
|t:|1781176679
|switch|p2a: Weavile|Weavile, M|100/100
|-ability|p2a: Weavile|Pressure
|turn|8
|
|t:|1781176684
|switch|p1a: Corviknight|Corviknight, F, shiny|100/100
|-ability|p1a: Corviknight|Pressure
|move|p2a: Weavile|Knock Off|p1a: Corviknight
|-damage|p1a: Corviknight|70/100
|-damage|p2a: Weavile|84/100|[from] item: Rocky Helmet|[of] p1a: Corviknight
|-enditem|p1a: Corviknight|Rocky Helmet|[from] move: Knock Off|[of] p2a: Weavile
|
|upkeep
|turn|9
|
|t:|1781176690
|switch|p2a: Corviknight|Corviknight, F|35/100
|-ability|p2a: Corviknight|Pressure
|move|p1a: Corviknight|U-turn|p2a: Corviknight
|-resisted|p2a: Corviknight
|-damage|p2a: Corviknight|33/100
|
|t:|1781176692
|switch|p1a: Kyurem|Kyurem, tera:Ground|13/100|[from] U-turn
|-ability|p1a: Kyurem|Pressure
|
|upkeep
|turn|10
|
|t:|1781176701
|move|p1a: Kyurem|Ice Beam|p2a: Corviknight
|-damage|p2a: Corviknight|0 fnt
|faint|p2a: Corviknight
|
|upkeep
|
|t:|1781176704
|switch|p2a: Weavile|Weavile, M|84/100
|-ability|p2a: Weavile|Pressure
|turn|11
|
|t:|1781176709
|switch|p1a: Corviknight|Corviknight, F, shiny|70/100
|-ability|p1a: Corviknight|Pressure
|move|p2a: Weavile|Swords Dance|p2a: Weavile
|-boost|p2a: Weavile|atk|2
|
|upkeep
|turn|12
|
|t:|1781176711
|move|p2a: Weavile|Triple Axel|p1a: Corviknight
|-damage|p1a: Corviknight|57/100
|-crit|p1a: Corviknight
|-damage|p1a: Corviknight|23/100
|-damage|p1a: Corviknight|0 fnt
|faint|p1a: Corviknight
|-hitcount|p1: Corviknight|3
|
|upkeep
|
|t:|1781176719
|switch|p1a: Zamazenta|Zamazenta|100/100
|-ability|p1a: Zamazenta|Dauntless Shield|boost
|-boost|p1a: Zamazenta|def|1
|turn|13
|
|t:|1781176723
|switch|p2a: Pelipper|Pelipper, F|100/100
|-weather|RainDance|[from] ability: Drizzle|[of] p2a: Pelipper
|move|p1a: Zamazenta|Body Press|p2a: Pelipper
|-resisted|p2a: Pelipper
|-damage|p2a: Pelipper|82/100
|
|-weather|RainDance|[upkeep]
|upkeep
|turn|14
|
|t:|1781176731
|switch|p1a: Darkrai|Darkrai|28/100
|move|p2a: Pelipper|U-turn|p1a: Darkrai
|-supereffective|p1a: Darkrai
|-damage|p1a: Darkrai|6/100
|
|t:|1781176736
|switch|p2a: Kingdra|Kingdra, M|100/100|[from] U-turn
|
|-weather|RainDance|[upkeep]
|upkeep
|turn|15
|
|t:|1781176739
|move|p2a: Kingdra|Weather Ball|p1a: Darkrai
|-damage|p1a: Darkrai|0 fnt
|faint|p1a: Darkrai
|
|-weather|RainDance|[upkeep]
|upkeep
|
|t:|1781176746
|switch|p1a: Slowking|Slowking-Galar, M, shiny|43/100
|turn|16
|
|t:|1781176753
|switch|p1a: Kyurem|Kyurem, tera:Ground|13/100
|-ability|p1a: Kyurem|Pressure
|move|p2a: Kingdra|Weather Ball|p1a: Kyurem
|-supereffective|p1a: Kyurem
|-damage|p1a: Kyurem|0 fnt
|faint|p1a: Kyurem
|
|-weather|RainDance|[upkeep]
|upkeep
|
|t:|1781176758
|switch|p1a: Slowking|Slowking-Galar, M, shiny|76/100
|turn|17
|
|t:|1781176767
|move|p2a: Kingdra|Weather Ball|p1a: Slowking
|-damage|p1a: Slowking|29/100
|move|p1a: Slowking|Psyshock|p2a: Kingdra
|-damage|p2a: Kingdra|57/100
|
|-weather|RainDance|[upkeep]
|upkeep
|turn|18
|
|t:|1781176778
|switch|p1a: Crawdaunt|Crawdaunt, F|42/100
|move|p2a: Kingdra|Weather Ball|p1a: Crawdaunt
|-resisted|p1a: Crawdaunt
|-damage|p1a: Crawdaunt|0 fnt
|faint|p1a: Crawdaunt
|
|-weather|RainDance|[upkeep]
|upkeep
|
|t:|1781176783
|switch|p1a: Slowking|Slowking-Galar, M, shiny|62/100
|turn|19
|
|t:|1781176788
|-terastallize|p2a: Kingdra|Water
|move|p2a: Kingdra|Weather Ball|p1a: Slowking
|-damage|p1a: Slowking|0 fnt
|faint|p1a: Slowking
|
|-weather|RainDance|[upkeep]
|upkeep
|
|t:|1781176792
|switch|p1a: Zamazenta|Zamazenta|100/100
|turn|20
|
|t:|1781176795
|move|p2a: Kingdra|Weather Ball|p1a: Zamazenta
|-damage|p1a: Zamazenta|0 fnt
|faint|p1a: Zamazenta
|
|win|ihymyly
|raw|icylikedecember's rating: 1756 &rarr; <strong>1732</strong><br />(-24 for losing)
|raw|ihymyly's rating: 1677 &rarr; <strong>1701</strong><br />(+24 for winning)
|l|☆icylikedecember
|player|p1|
|l|☆ihymyly
|player|p2|
