|j|☆RoryAnimatez
|j|☆Udiggwhatimsayin
|t:|1781569202
|gametype|singles
|player|p1|RoryAnimatez|lucas-gen4pt|1623
|player|p2|Udiggwhatimsayin|fantina|1573
|gen|9
|tier|[Gen 9] OU
|rated|
|rule|HP Percentage Mod: HP is shown in percentages
|rule|Endless Battle Clause: Forcing endless battles is banned
|rule|Species Clause: Limit one of each Pokémon
|rule|OHKO Clause: OHKO moves are banned
|rule|Evasion Items Clause: Evasion items are banned
|rule|Evasion Moves Clause: Evasion moves are banned
|rule|Evasion Abilities Clause: Evasion abilities are banned
|rule|Sleep Moves Clause: Sleep-inducing moves are banned
|clearpoke
|poke|p1|Alomomola, M|
|poke|p1|Landorus-Therian, M|
|poke|p1|Slowking-Galar, F|
|poke|p1|Dragapult, F|
|poke|p1|Darkrai|
|poke|p1|Scizor, M|
|poke|p2|Volcanion|
|poke|p2|Corviknight, M|
|poke|p2|Hatterene, F|
|poke|p2|Dragapult, F|
|poke|p2|Deoxys-Speed|
|poke|p2|Rillaboom, M|
|teampreview
|inactive|Battle timer is ON: inactive players will automatically lose when time's up. (requested by Udiggwhatimsayin)
|
|t:|1781569210
|teamsize|p1|6
|teamsize|p2|6
|start
|switch|p1a: Dragapult|Dragapult, F|100/100
|switch|p2a: Dragapult|Dragapult, F|100/100
|turn|1
|
|t:|1781569225
|-terastallize|p1a: Dragapult|Fairy
|move|p2a: Dragapult|Dragon Darts|p1a: Dragapult
|-immune|p1a: Dragapult
|move|p1a: Dragapult|Shadow Ball|p2a: Dragapult
|-supereffective|p2a: Dragapult
|-crit|p2a: Dragapult
|-damage|p2a: Dragapult|0 fnt
|faint|p2a: Dragapult
|
|upkeep
|
|t:|1781569233
|switch|p2a: Corviknight|Corviknight, M|100/100
|-ability|p2a: Corviknight|Pressure
|turn|2
|
|t:|1781569240
|switch|p1a: Alomomola|Alomomola, M|100/100
|move|p2a: Corviknight|U-turn|p1a: Alomomola
|-damage|p1a: Alomomola|92/100
|-damage|p2a: Corviknight|84/100|[from] item: Rocky Helmet|[of] p1a: Alomomola
|
|t:|1781569242
|switch|p2a: Rillaboom|Rillaboom, M|100/100|[from] U-turn
|-fieldstart|move: Grassy Terrain|[from] ability: Grassy Surge|[of] p2a: Rillaboom
|
|-heal|p1a: Alomomola|98/100|[from] Grassy Terrain
|upkeep
|turn|3
|
|t:|1781569251
|switch|p1a: Scizor|Scizor, M|100/100
|move|p2a: Rillaboom|Knock Off|p1a: Scizor
|-damage|p1a: Scizor|51/100
|-enditem|p1a: Scizor|Heavy-Duty Boots|[from] move: Knock Off|[of] p2a: Rillaboom
|-damage|p2a: Rillaboom|91/100|[from] item: Life Orb
|
|-heal|p2a: Rillaboom|97/100|[from] Grassy Terrain
|-heal|p1a: Scizor|57/100|[from] Grassy Terrain
|upkeep
|turn|4
|
|t:|1781569261
|switch|p2a: Volcanion|Volcanion|100/100
|move|p1a: Scizor|U-turn|p2a: Volcanion
|-resisted|p2a: Volcanion
|-damage|p2a: Volcanion|83/100
|
|t:|1781569269
|switch|p1a: Slowking|Slowking-Galar, F|100/100|[from] U-turn
|
|-heal|p2a: Volcanion|89/100|[from] Grassy Terrain
|upkeep
|turn|5
|
|t:|1781569276
|switch|p2a: Corviknight|Corviknight, M|84/100
|-ability|p2a: Corviknight|Pressure
|move|p1a: Slowking|Sludge Wave|p2a: Corviknight
|-immune|p2a: Corviknight
|
|-heal|p2a: Corviknight|90/100|[from] item: Leftovers
|upkeep
|turn|6
|
|t:|1781569286
|move|p2a: Corviknight|U-turn|p1a: Slowking
|-damage|p1a: Slowking|84/100
|
|t:|1781569288
|switch|p2a: Deoxys|Deoxys-Speed|100/100|[from] U-turn
|-ability|p2a: Deoxys|Pressure
|move|p1a: Slowking|Flamethrower|p2a: Deoxys
|-damage|p2a: Deoxys|50/100
|
|-heal|p2a: Deoxys|56/100|[from] Grassy Terrain
|-heal|p1a: Slowking|90/100|[from] Grassy Terrain
|-fieldend|move: Grassy Terrain
|upkeep
|turn|7
|
|t:|1781569298
|move|p2a: Deoxys|Stealth Rock|p1a: Slowking
|-sidestart|p1: RoryAnimatez|move: Stealth Rock
|move|p1a: Slowking|Sludge Wave|p2a: Deoxys
|-damage|p2a: Deoxys|0 fnt
|faint|p2a: Deoxys
|
|upkeep
|
|t:|1781569306
|switch|p2a: Rillaboom|Rillaboom, M|97/100
|-fieldstart|move: Grassy Terrain|[from] ability: Grassy Surge|[of] p2a: Rillaboom
|turn|8
|
|t:|1781569319
|switch|p1a: Landorus|Landorus-Therian, M|100/100
|-damage|p1a: Landorus|88/100|[from] Stealth Rock
|-ability|p1a: Landorus|Intimidate|boost
|-unboost|p2a: Rillaboom|atk|1
|move|p2a: Rillaboom|Knock Off|p1a: Landorus
|-damage|p1a: Landorus|57/100
|-enditem|p1a: Landorus|Leftovers|[from] move: Knock Off|[of] p2a: Rillaboom
|-damage|p2a: Rillaboom|87/100|[from] item: Life Orb
|
|-heal|p2a: Rillaboom|93/100|[from] Grassy Terrain
|upkeep
|turn|9
|
|t:|1781569331
|switch|p1a: Scizor|Scizor, M|57/100
|-damage|p1a: Scizor|45/100|[from] Stealth Rock
|move|p2a: Rillaboom|Wood Hammer|p1a: Scizor
|-resisted|p1a: Scizor
|-damage|p1a: Scizor|27/100
|-damage|p2a: Rillaboom|87/100|[from] Recoil
|-damage|p2a: Rillaboom|77/100|[from] item: Life Orb
|
|-heal|p2a: Rillaboom|83/100|[from] Grassy Terrain
|-heal|p1a: Scizor|33/100|[from] Grassy Terrain
|upkeep
|turn|10
|
|t:|1781569344
|switch|p2a: Volcanion|Volcanion|89/100
|switch|p1a: Alomomola|Alomomola, M|100/100
|-damage|p1a: Alomomola|88/100|[from] Stealth Rock
|
|-heal|p2a: Volcanion|95/100|[from] Grassy Terrain
|-heal|p1a: Alomomola|94/100|[from] Grassy Terrain
|upkeep
|turn|11
|
|t:|1781569353
|move|p2a: Volcanion|Steam Eruption|p1a: Alomomola
|-resisted|p1a: Alomomola
|-damage|p1a: Alomomola|42/100
|-status|p1a: Alomomola|brn
|move|p1a: Alomomola|Wish|p1a: Alomomola
|
|-heal|p2a: Volcanion|100/100|[from] Grassy Terrain
|-heal|p1a: Alomomola|48/100 brn|[from] Grassy Terrain
|-damage|p1a: Alomomola|42/100 brn|[from] brn
|upkeep
|turn|12
|
|t:|1781569363
|switch|p1a: Dragapult|Dragapult, F, tera:Fairy|100/100
|-damage|p1a: Dragapult|88/100|[from] Stealth Rock
|move|p2a: Volcanion|Steam Eruption|p1a: Dragapult
|-damage|p1a: Dragapult|0 fnt
|faint|p1a: Dragapult
|
|-fieldend|move: Grassy Terrain
|upkeep
|
|t:|1781569374
|switch|p1a: Slowking|Slowking-Galar, F|100/100
|-damage|p1a: Slowking|88/100|[from] Stealth Rock
|turn|13
|
|t:|1781569384
|switch|p2a: Corviknight|Corviknight, M|90/100
|-ability|p2a: Corviknight|Pressure
|move|p1a: Slowking|Sludge Wave|p2a: Corviknight
|-immune|p2a: Corviknight
|
|-heal|p2a: Corviknight|96/100|[from] item: Leftovers
|upkeep
|turn|14
|
|t:|1781569393
|move|p2a: Corviknight|U-turn|p1a: Slowking
|-damage|p1a: Slowking|72/100
|
|t:|1781569398
|switch|p2a: Volcanion|Volcanion|100/100|[from] U-turn
|move|p1a: Slowking|Flamethrower|p2a: Volcanion
|-resisted|p2a: Volcanion
|-damage|p2a: Volcanion|92/100
|
|upkeep
|turn|15
|inactive|Udiggwhatimsayin has 120 seconds left.
|
|t:|1781569445
|switch|p1a: Scizor|Scizor, M|33/100
|-damage|p1a: Scizor|21/100|[from] Stealth Rock
|move|p2a: Volcanion|Earth Power|p1a: Scizor
|-damage|p1a: Scizor|0 fnt
|faint|p1a: Scizor
|
|upkeep
|
|t:|1781569453
|switch|p1a: Landorus|Landorus-Therian, M|57/100
|-damage|p1a: Landorus|45/100|[from] Stealth Rock
|-ability|p1a: Landorus|Intimidate|boost
|-unboost|p2a: Volcanion|atk|1
|turn|16
|
|t:|1781569459
|switch|p2a: Corviknight|Corviknight, M|96/100
|-ability|p2a: Corviknight|Pressure
|move|p1a: Landorus|U-turn|p2a: Corviknight
|-resisted|p2a: Corviknight
|-damage|p2a: Corviknight|90/100
|
|t:|1781569467
|switch|p1a: Slowking|Slowking-Galar, F|100/100|[from] U-turn
|-damage|p1a: Slowking|88/100|[from] Stealth Rock
|
|-heal|p2a: Corviknight|96/100|[from] item: Leftovers
|upkeep
|turn|17
|
|t:|1781569475
|move|p2a: Corviknight|Body Press|p1a: Slowking
|-resisted|p1a: Slowking
|-damage|p1a: Slowking|83/100
|move|p1a: Slowking|Sludge Wave|p2a: Corviknight
|-immune|p2a: Corviknight
|
|-heal|p2a: Corviknight|100/100|[from] item: Leftovers
|upkeep
|turn|18
|
|t:|1781569483
|move|p2a: Corviknight|U-turn|p1a: Slowking
|-damage|p1a: Slowking|67/100
|
|t:|1781569487
|switch|p2a: Volcanion|Volcanion|92/100|[from] U-turn
|move|p1a: Slowking|Sludge Wave|p2a: Volcanion
|-damage|p2a: Volcanion|34/100
|-status|p2a: Volcanion|psn
|
|-damage|p2a: Volcanion|22/100 psn|[from] psn
|upkeep
|turn|19
|
|t:|1781569510
|switch|p1a: Landorus|Landorus-Therian, M|45/100
|-damage|p1a: Landorus|33/100|[from] Stealth Rock
|-ability|p1a: Landorus|Intimidate|boost
|-unboost|p2a: Volcanion|atk|1
|move|p2a: Volcanion|Steam Eruption|p1a: Landorus
|-supereffective|p1a: Landorus
|-damage|p1a: Landorus|0 fnt
|faint|p1a: Landorus
|
|-damage|p2a: Volcanion|9/100 psn|[from] psn
|upkeep
|inactive|RoryAnimatez has 120 seconds left.
|
|t:|1781569538
|switch|p1a: Alomomola|Alomomola, M|75/100 brn
|-damage|p1a: Alomomola|63/100 brn|[from] Stealth Rock
|turn|20
|
|t:|1781569570
|switch|p2a: Rillaboom|Rillaboom, M|83/100
|-fieldstart|move: Grassy Terrain|[from] ability: Grassy Surge|[of] p2a: Rillaboom
|move|p1a: Alomomola|Wish|p1a: Alomomola
|
|-heal|p2a: Rillaboom|89/100|[from] Grassy Terrain
|-heal|p1a: Alomomola|69/100 brn|[from] Grassy Terrain
|-damage|p1a: Alomomola|63/100 brn|[from] brn
|upkeep
|turn|21
|inactive|RoryAnimatez has 90 seconds left.
|
|t:|1781569594
|switch|p1a: Darkrai|Darkrai|100/100
|-damage|p1a: Darkrai|88/100|[from] Stealth Rock
|move|p2a: Rillaboom|Swords Dance|p2a: Rillaboom
|-boost|p2a: Rillaboom|atk|2
|
|-heal|p1a: Darkrai|100/100|[from] move: Wish|[wisher] Alomomola
|-heal|p2a: Rillaboom|96/100|[from] Grassy Terrain
|upkeep
|turn|22
|
|t:|1781569603
|move|p2a: Rillaboom|Grassy Glide|p1a: Darkrai
|-damage|p1a: Darkrai|0 fnt
|faint|p1a: Darkrai
|-damage|p2a: Rillaboom|86/100|[from] item: Life Orb
|
|-heal|p2a: Rillaboom|92/100|[from] Grassy Terrain
|upkeep
|inactive|RoryAnimatez has 90 seconds left.
|
|t:|1781569613
|switch|p1a: Slowking|Slowking-Galar, F|100/100
|-damage|p1a: Slowking|88/100|[from] Stealth Rock
|turn|23
|
|t:|1781569621
|move|p2a: Rillaboom|Knock Off|p1a: Slowking
|-supereffective|p1a: Slowking
|-damage|p1a: Slowking|0 fnt
|-enditem|p1a: Slowking|Assault Vest|[from] move: Knock Off|[of] p2a: Rillaboom
|faint|p1a: Slowking
|-damage|p2a: Rillaboom|82/100|[from] item: Life Orb
|
|-heal|p2a: Rillaboom|88/100|[from] Grassy Terrain
|upkeep
|c|☆RoryAnimatez|gg
|
|t:|1781569628
|switch|p1a: Alomomola|Alomomola, M|96/100 brn
|-damage|p1a: Alomomola|84/100 brn|[from] Stealth Rock
|turn|24
|c|☆Udiggwhatimsayin|gg
|
|t:|1781569632
|move|p2a: Rillaboom|Wood Hammer|p1a: Alomomola
|-supereffective|p1a: Alomomola
|-damage|p1a: Alomomola|0 fnt
|-damage|p2a: Rillaboom|71/100|[from] item: Rocky Helmet|[of] p1a: Alomomola
|faint|p1a: Alomomola
|-damage|p2a: Rillaboom|28/100|[from] Recoil
|-damage|p2a: Rillaboom|18/100|[from] item: Life Orb
|
|win|Udiggwhatimsayin
|raw|RoryAnimatez's rating: 1623 &rarr; <strong>1600</strong><br />(-23 for losing)
|raw|Udiggwhatimsayin's rating: 1573 &rarr; <strong>1596</strong><br />(+23 for winning)
