|j|☆kefka ffxiv
|j|☆the1spicyfry
|t:|1781053738
|gametype|singles
|player|p1|kefka ffxiv|roxie|1542
|player|p2|the1spicyfry|fisherman-gen4|1592
|gen|9
|tier|[Gen 9] OU
|rated|
|rule|HP Percentage Mod: HP is shown in percentages
|rule|Endless Battle Clause: Forcing endless battles is banned
|rule|Species Clause: Limit one of each Pokémon
|rule|OHKO Clause: OHKO moves are banned
|rule|Evasion Items Clause: Evasion items are banned
|rule|Evasion Moves Clause: Evasion moves are banned
|rule|Evasion Abilities Clause: Evasion abilities are banned
|rule|Sleep Moves Clause: Sleep-inducing moves are banned
|clearpoke
|poke|p1|Diancie|
|poke|p1|Blaziken, F|
|poke|p1|Oricorio-Pom-Pom, F|
|poke|p1|Cinderace, F|
|poke|p1|Regidrago|
|poke|p1|Ursaluna, F|
|poke|p2|Hoopa-Unbound|
|poke|p2|Pecharunt|
|poke|p2|Landorus-Therian, M|
|poke|p2|Cinderace, M|
|poke|p2|Alomomola, M|
|poke|p2|Iron Valiant|
|teampreview
|inactive|Battle timer is ON: inactive players will automatically lose when time's up. (requested by the1spicyfry)
|inactive|kefka ffxiv has 120 seconds left.
|
|t:|1781053772
|teamsize|p1|6
|teamsize|p2|6
|start
|switch|p1a: Regidrago|Regidrago|100/100
|switch|p2a: Enten|Landorus-Therian, M, shiny|100/100
|-ability|p2a: Enten|Intimidate|boost
|-unboost|p1a: Regidrago|atk|1
|turn|1
|
|t:|1781053799
|move|p2a: Enten|U-turn|p1a: Regidrago
|-damage|p1a: Regidrago|69/100
|
|t:|1781053802
|switch|p2a: Pisces|Alomomola, M, shiny|100/100|[from] U-turn
|move|p1a: Regidrago|Earth Power|p2a: Pisces
|-damage|p2a: Pisces|85/100
|
|upkeep
|turn|2
|
|t:|1781053806
|move|p1a: Regidrago|Draco Meteor|p2a: Pisces
|-damage|p2a: Pisces|27/100
|-unboost|p1a: Regidrago|spa|2
|move|p2a: Pisces|Flip Turn|p1a: Regidrago
|-resisted|p1a: Regidrago
|-damage|p1a: Regidrago|60/100
|
|t:|1781053814
|switch|p2a: Enten|Landorus-Therian, M, shiny|100/100|[from] Flip Turn
|-ability|p2a: Enten|Intimidate|boost
|-unboost|p1a: Regidrago|atk|1
|
|upkeep
|turn|3
|
|t:|1781053826
|switch|p1a: QuivierSoBased|Oricorio-Pom-Pom, F|100/100
|move|p2a: Enten|Earthquake|p1a: QuivierSoBased
|-immune|p1a: QuivierSoBased
|
|upkeep
|turn|4
|
|t:|1781053830
|switch|p2a: Khaos|Hoopa-Unbound|100/100
|move|p1a: QuivierSoBased|Quiver Dance|p1a: QuivierSoBased
|-boost|p1a: QuivierSoBased|spa|1
|-boost|p1a: QuivierSoBased|spd|1
|-boost|p1a: QuivierSoBased|spe|1
|
|upkeep
|turn|5
|
|t:|1781053842
|move|p1a: QuivierSoBased|Quiver Dance|p1a: QuivierSoBased
|-boost|p1a: QuivierSoBased|spa|1
|-boost|p1a: QuivierSoBased|spd|1
|-boost|p1a: QuivierSoBased|spe|1
|move|p2a: Khaos|Knock Off|p1a: QuivierSoBased
|-damage|p1a: QuivierSoBased|16/100
|-enditem|p1a: QuivierSoBased|Leftovers|[from] move: Knock Off|[of] p2a: Khaos
|
|upkeep
|turn|6
|
|t:|1781053856
|move|p1a: QuivierSoBased|Hurricane|p2a: Khaos
|-crit|p2a: Khaos
|-damage|p2a: Khaos|3/100
|move|p2a: Khaos|Knock Off|p1a: QuivierSoBased
|-damage|p1a: QuivierSoBased|0 fnt
|faint|p1a: QuivierSoBased
|
|upkeep
|
|t:|1781053862
|switch|p1a: RickRossWngstopCEO|Blaziken, F|100/100
|turn|7
|
|t:|1781053867
|move|p1a: RickRossWngstopCEO|Swords Dance|p1a: RickRossWngstopCEO
|-boost|p1a: RickRossWngstopCEO|atk|2
|move|p2a: Khaos|Knock Off|p1a: RickRossWngstopCEO
|-resisted|p1a: RickRossWngstopCEO
|-damage|p1a: RickRossWngstopCEO|26/100
|-enditem|p1a: RickRossWngstopCEO|Leftovers|[from] move: Knock Off|[of] p2a: Khaos
|
|-ability|p1a: RickRossWngstopCEO|Speed Boost|boost
|-boost|p1a: RickRossWngstopCEO|spe|1
|upkeep
|turn|8
|
|t:|1781053872
|move|p1a: RickRossWngstopCEO|Knock Off|p2a: Khaos
|-damage|p2a: Khaos|0 fnt
|-enditem|p2a: Khaos|Choice Band|[from] move: Knock Off|[of] p1a: RickRossWngstopCEO
|faint|p2a: Khaos
|
|-ability|p1a: RickRossWngstopCEO|Speed Boost|boost
|-boost|p1a: RickRossWngstopCEO|spe|1
|upkeep
|
|t:|1781053878
|switch|p2a: Calamity|Iron Valiant, shiny|100/100
|turn|9
|
|t:|1781053883
|move|p2a: Calamity|Vacuum Wave|p1a: RickRossWngstopCEO
|-damage|p1a: RickRossWngstopCEO|0 fnt
|faint|p1a: RickRossWngstopCEO
|
|upkeep
|
|t:|1781053886
|switch|p1a: cartierGOD|Diancie|100/100
|turn|10
|
|t:|1781053889
|-end|p2a: Calamity|Quark Drive|[silent]
|switch|p2a: Pisces|Alomomola, M, shiny|60/100
|move|p1a: cartierGOD|Trick Room|p1a: cartierGOD
|-fieldstart|move: Trick Room|[of] p1a: cartierGOD
|
|upkeep
|turn|11
|
|t:|1781053892
|move|p2a: Pisces|Flip Turn|p1a: cartierGOD
|-supereffective|p1a: cartierGOD
|-damage|p1a: cartierGOD|75/100
|
|t:|1781053908
|switch|p2a: Overseer|Pecharunt|100/100|[from] Flip Turn
|move|p1a: cartierGOD|Meteor Beam||[still]
|-prepare|p1a: cartierGOD|Meteor Beam
|-boost|p1a: cartierGOD|spa|1
|-enditem|p1a: cartierGOD|Power Herb
|-anim|p1a: cartierGOD|Meteor Beam|p2a: Overseer
|-damage|p2a: Overseer|10/100
|
|upkeep
|turn|12
|
|t:|1781053915
|move|p1a: cartierGOD|Moonblast|p2a: Overseer
|-resisted|p2a: Overseer
|-damage|p2a: Overseer|0 fnt
|faint|p2a: Overseer
|
|upkeep
|
|t:|1781053917
|switch|p2a: Pisces|Alomomola, M, shiny|93/100
|turn|13
|
|t:|1781053921
|move|p1a: cartierGOD|Meteor Beam||[still]
|-prepare|p1a: cartierGOD|Meteor Beam
|-boost|p1a: cartierGOD|spa|1
|move|p2a: Pisces|Mirror Coat||[still]
|-fail|p2a: Pisces
|
|upkeep
|turn|14
|
|t:|1781053924
|move|p1a: cartierGOD|Meteor Beam|p2a: Pisces|[from] lockedmove
|-crit|p2a: Pisces
|-damage|p2a: Pisces|8/100
|move|p2a: Pisces|Mirror Coat|p1a: cartierGOD
|-damage|p1a: cartierGOD|0 fnt
|faint|p1a: cartierGOD
|
|-fieldend|move: Trick Room
|upkeep
|
|t:|1781053928
|switch|p1a: luckisleangut|Ursaluna, F|100/100
|turn|15
|
|t:|1781053931
|move|p1a: luckisleangut|Trailblaze|p2a: Pisces
|-supereffective|p2a: Pisces
|-damage|p2a: Pisces|0 fnt
|-boost|p1a: luckisleangut|spe|1
|faint|p2a: Pisces
|
|-status|p1a: luckisleangut|brn|[from] item: Flame Orb
|upkeep
|
|t:|1781053935
|switch|p2a: Enten|Landorus-Therian, M, shiny|100/100
|-ability|p2a: Enten|Intimidate|boost
|-unboost|p1a: luckisleangut|atk|1
|turn|16
|
|t:|1781053943
|-terastallize|p2a: Enten|Ground
|move|p2a: Enten|Earthquake|p1a: luckisleangut
|-damage|p1a: luckisleangut|41/100 brn
|move|p1a: luckisleangut|Swords Dance|p1a: luckisleangut
|-boost|p1a: luckisleangut|atk|2
|
|-damage|p1a: luckisleangut|35/100 brn|[from] brn
|upkeep
|turn|17
|
|t:|1781053946
|-terastallize|p1a: luckisleangut|Grass
|move|p2a: Enten|Earthquake|p1a: luckisleangut
|-resisted|p1a: luckisleangut
|-damage|p1a: luckisleangut|5/100 brn
|move|p1a: luckisleangut|Trailblaze|p2a: Enten
|-supereffective|p2a: Enten
|-damage|p2a: Enten|0 fnt
|-boost|p1a: luckisleangut|spe|1
|faint|p2a: Enten
|
|-damage|p1a: luckisleangut|0 fnt|[from] brn
|faint|p1a: luckisleangut
|upkeep
|
|t:|1781053953
|switch|p2a: Liberacy|Cinderace, M, shiny|100/100
|switch|p1a: Cinderace|Cinderace, F|100/100
|turn|18
|
|t:|1781053958
|move|p2a: Liberacy|Pyro Ball|p1a: Cinderace
|-resisted|p1a: Cinderace
|-damage|p1a: Cinderace|59/100
|move|p1a: Cinderace|High Jump Kick|p2a: Liberacy
|-start|p1a: Cinderace|typechange|Fighting|[from] ability: Libero
|-damage|p2a: Liberacy|17/100
|
|upkeep
|turn|19
|
|t:|1781053964
|switch|p1a: Regidrago|Regidrago|60/100
|move|p2a: Liberacy|Pyro Ball|p1a: Regidrago
|-resisted|p1a: Regidrago
|-damage|p1a: Regidrago|27/100
|
|upkeep
|turn|20
|
|t:|1781053967
|move|p2a: Liberacy|Pyro Ball|p1a: Regidrago|[miss]
|-miss|p2a: Liberacy|p1a: Regidrago
|move|p1a: Regidrago|Scale Shot|p2a: Liberacy
|-damage|p2a: Liberacy|0 fnt
|faint|p2a: Liberacy
|-hitcount|p2: Liberacy|1
|-unboost|p1a: Regidrago|def|1
|-boost|p1a: Regidrago|spe|1
|
|upkeep
|
|t:|1781053969
|switch|p2a: Calamity|Iron Valiant, shiny|100/100
|turn|21
|
|t:|1781053975
|move|p2a: Calamity|Vacuum Wave|p1a: Regidrago
|-damage|p1a: Regidrago|0 fnt
|faint|p1a: Regidrago
|
|upkeep
|
|t:|1781053977
|switch|p1a: Cinderace|Cinderace, F|59/100
|turn|22
|
|t:|1781053982
|move|p2a: Calamity|Vacuum Wave|p1a: Cinderace
|-damage|p1a: Cinderace|17/100
|move|p1a: Cinderace|Gunk Shot|p2a: Calamity
|-start|p1a: Cinderace|typechange|Poison|[from] ability: Libero
|-supereffective|p2a: Calamity
|-damage|p2a: Calamity|0 fnt
|faint|p2a: Calamity
|-end|p2a: Calamity|Quark Drive|[silent]
|
|win|kefka ffxiv
|raw|kefka ffxiv's rating: 1542 &rarr; <strong>1565</strong><br />(+23 for winning)
|raw|the1spicyfry's rating: 1592 &rarr; <strong>1569</strong><br />(-23 for losing)
|l|☆kefka ffxiv
|player|p1|
|l|☆the1spicyfry
|player|p2|
