|j|☆houses6胡萝卜侠
|j|☆tuanquewang
|t:|1780911743
|gametype|singles
|player|p1|houses6胡萝卜侠|170|1559
|player|p2|tuanquewang|backersf|1662
|gen|9
|tier|[Gen 9] OU
|rated|
|rule|HP Percentage Mod: HP is shown in percentages
|rule|Endless Battle Clause: Forcing endless battles is banned
|rule|Species Clause: Limit one of each Pokémon
|rule|OHKO Clause: OHKO moves are banned
|rule|Evasion Items Clause: Evasion items are banned
|rule|Evasion Moves Clause: Evasion moves are banned
|rule|Evasion Abilities Clause: Evasion abilities are banned
|rule|Sleep Moves Clause: Sleep-inducing moves are banned
|clearpoke
|poke|p1|Garganacl, F|
|poke|p1|Hatterene, F|
|poke|p1|Dragonite, M|
|poke|p1|Iron Treads|
|poke|p1|Ogerpon-Wellspring, F|
|poke|p1|Zamazenta-*|
|poke|p2|Slowking-Galar, M|
|poke|p2|Hydrapple, F|
|poke|p2|Cinderace, M|
|poke|p2|Alomomola, F|
|poke|p2|Mamoswine, M|
|poke|p2|Iron Crown|
|teampreview
|inactive|Battle timer is ON: inactive players will automatically lose when time's up. (requested by tuanquewang)
|inactive|houses6胡萝卜侠 has 120 seconds left.
|
|t:|1780911776
|teamsize|p1|6
|teamsize|p2|6
|start
|switch|p1a: Garganacl|Garganacl, F|100/100
|switch|p2a: Hydrapple|Hydrapple, F, shiny|100/100
|turn|1
|
|t:|1780911791
|switch|p1a: Hatterene|Hatterene, F|100/100
|move|p2a: Hydrapple|Leaf Storm|p1a: Hatterene
|-damage|p1a: Hatterene|0 fnt
|-unboost|p2a: Hydrapple|spa|2
|faint|p1a: Hatterene
|
|upkeep
|j| choispecs ironmoth
|
|t:|1780911809
|switch|p1a: Dragonite|Dragonite, M|100/100
|turn|2
|
|t:|1780911827
|switch|p2a: Mamoswine|Mamoswine, M|100/100
|move|p1a: Dragonite|Dragon Dance|p1a: Dragonite
|-boost|p1a: Dragonite|atk|1
|-boost|p1a: Dragonite|spe|1
|
|upkeep
|turn|3
|
|t:|1780911834
|-terastallize|p1a: Dragonite|Normal
|move|p1a: Dragonite|Dragon Dance|p1a: Dragonite
|-boost|p1a: Dragonite|atk|1
|-boost|p1a: Dragonite|spe|1
|move|p2a: Mamoswine|Icicle Crash|p1a: Dragonite
|-damage|p1a: Dragonite|72/100
|
|upkeep
|turn|4
|
|t:|1780911845
|move|p1a: Dragonite|Roost|p1a: Dragonite
|-heal|p1a: Dragonite|100/100
|move|p2a: Mamoswine|Icicle Crash|p1a: Dragonite|[miss]
|-miss|p2a: Mamoswine|p1a: Dragonite
|
|upkeep
|turn|5
|
|t:|1780911849
|move|p1a: Dragonite|Extreme Speed|p2a: Mamoswine
|-damage|p2a: Mamoswine|20/100
|move|p2a: Mamoswine|Icicle Crash|p1a: Dragonite
|-damage|p1a: Dragonite|68/100
|
|upkeep
|turn|6
|l| choispecs ironmoth
|
|t:|1780911860
|move|p1a: Dragonite|Extreme Speed|p2a: Mamoswine
|-damage|p2a: Mamoswine|0 fnt
|faint|p2a: Mamoswine
|
|upkeep
|
|t:|1780911862
|switch|p2a: Hydrapple|Hydrapple, F, shiny|100/100
|turn|7
|
|t:|1780911878
|move|p1a: Dragonite|Roost|p1a: Dragonite
|-heal|p1a: Dragonite|100/100
|move|p2a: Hydrapple|Hydro Pump|p1a: Dragonite
|-damage|p1a: Dragonite|73/100
|
|upkeep
|turn|8
|
|t:|1780911892
|-terastallize|p2a: Hydrapple|Water
|move|p1a: Dragonite|Extreme Speed|p2a: Hydrapple
|-damage|p2a: Hydrapple|32/100
|move|p2a: Hydrapple|Hydro Pump|p1a: Dragonite|[miss]
|-miss|p2a: Hydrapple|p1a: Dragonite
|
|upkeep
|turn|9
|-message|tuanquewang forfeited.
|
|win|houses6胡萝卜侠
|raw|houses6胡萝卜侠's rating: 1559 &rarr; <strong>1585</strong><br />(+26 for winning)
|raw|tuanquewang's rating: 1662 &rarr; <strong>1636</strong><br />(-26 for losing)
|l|☆tuanquewang
|player|p2|
|l|☆houses6胡萝卜侠
|player|p1|
