|j|☆Jsparxs
|j|☆adil
|t:|1781209585
|gametype|singles
|player|p1|Jsparxs|1|1683
|player|p2|adil|102|1704
|gen|9
|tier|[Gen 9] OU
|rated|
|rule|HP Percentage Mod: HP is shown in percentages
|rule|Endless Battle Clause: Forcing endless battles is banned
|rule|Species Clause: Limit one of each Pokémon
|rule|OHKO Clause: OHKO moves are banned
|rule|Evasion Items Clause: Evasion items are banned
|rule|Evasion Moves Clause: Evasion moves are banned
|rule|Evasion Abilities Clause: Evasion abilities are banned
|rule|Sleep Moves Clause: Sleep-inducing moves are banned
|clearpoke
|poke|p1|Great Tusk|
|poke|p1|Zamazenta-*|
|poke|p1|Iron Valiant|
|poke|p1|Gallade, M|
|poke|p1|Kommo-o, F|
|poke|p1|Okidogi, M|
|poke|p2|Kyurem|
|poke|p2|Corviknight, M|
|poke|p2|Ting-Lu|
|poke|p2|Slowking-Galar, M|
|poke|p2|Pecharunt|
|poke|p2|Cinderace, F|
|teampreview
|c|☆Jsparxs|glhf
|
|t:|1781209623
|teamsize|p1|6
|teamsize|p2|6
|start
|switch|p1a: Great Tusk|Great Tusk|100/100
|switch|p2a: Pecharunt|Pecharunt|100/100
|-enditem|p1a: Great Tusk|Booster Energy
|-activate|p1a: Great Tusk|ability: Protosynthesis|[fromitem]
|-start|p1a: Great Tusk|protosynthesisatk
|turn|1
|
|t:|1781209636
|move|p2a: Pecharunt|Parting Shot|p1a: Great Tusk
|-unboost|p1a: Great Tusk|atk|1
|-unboost|p1a: Great Tusk|spa|1
|
|t:|1781209639
|switch|p2a: Corviknight|Corviknight, M|100/100|[from] Parting Shot
|-ability|p2a: Corviknight|Pressure
|move|p1a: Great Tusk|Headlong Rush|p2a: Corviknight
|-immune|p2a: Corviknight
|
|upkeep
|turn|2
|
|t:|1781209646
|move|p1a: Great Tusk|Stealth Rock|p2a: Corviknight
|-sidestart|p2: adil|move: Stealth Rock
|move|p2a: Corviknight|Brave Bird|p1a: Great Tusk
|-supereffective|p1a: Great Tusk
|-damage|p1a: Great Tusk|49/100
|-damage|p2a: Corviknight|85/100|[from] Recoil
|
|-heal|p2a: Corviknight|91/100|[from] item: Leftovers
|upkeep
|turn|3
|
|t:|1781209650
|move|p1a: Great Tusk|Close Combat|p2a: Corviknight
|-damage|p2a: Corviknight|57/100
|-unboost|p1a: Great Tusk|def|1
|-unboost|p1a: Great Tusk|spd|1
|move|p2a: Corviknight|Defog|p1a: Great Tusk
|-unboost|p1a: Great Tusk|evasion|1
|-sideend|p2: adil|Stealth Rock|[from] move: Defog|[of] p2a: Corviknight
|
|-heal|p2a: Corviknight|63/100|[from] item: Leftovers
|upkeep
|turn|4
|
|t:|1781209655
|move|p1a: Great Tusk|Stealth Rock|p2a: Corviknight
|-sidestart|p2: adil|move: Stealth Rock
|move|p2a: Corviknight|Roost|p2a: Corviknight
|-heal|p2a: Corviknight|100/100
|-singleturn|p2a: Corviknight|move: Roost
|
|upkeep
|turn|5
|
|t:|1781209664
|move|p1a: Great Tusk|Close Combat|p2a: Corviknight
|-damage|p2a: Corviknight|69/100
|-unboost|p1a: Great Tusk|def|1
|-unboost|p1a: Great Tusk|spd|1
|move|p2a: Corviknight|Defog|p1a: Great Tusk
|-unboost|p1a: Great Tusk|evasion|1
|-sideend|p2: adil|Stealth Rock|[from] move: Defog|[of] p2a: Corviknight
|
|-heal|p2a: Corviknight|75/100|[from] item: Leftovers
|upkeep
|turn|6
|
|t:|1781209668
|move|p1a: Great Tusk|Stealth Rock|p2a: Corviknight
|-sidestart|p2: adil|move: Stealth Rock
|move|p2a: Corviknight|Brave Bird|p1a: Great Tusk
|-supereffective|p1a: Great Tusk
|-damage|p1a: Great Tusk|0 fnt
|faint|p1a: Great Tusk
|-end|p1a: Great Tusk|Protosynthesis|[silent]
|-damage|p2a: Corviknight|60/100|[from] Recoil
|
|-heal|p2a: Corviknight|66/100|[from] item: Leftovers
|upkeep
|
|t:|1781209682
|switch|p1a: Zamazenta|Zamazenta|100/100
|-ability|p1a: Zamazenta|Dauntless Shield|boost
|-boost|p1a: Zamazenta|def|1
|turn|7
|j| sigmatoiletord
|
|t:|1781209726
|move|p1a: Zamazenta|Crunch|p2a: Corviknight
|-damage|p2a: Corviknight|51/100
|move|p2a: Corviknight|Defog|p1a: Zamazenta
|-unboost|p1a: Zamazenta|evasion|1
|-sideend|p2: adil|Stealth Rock|[from] move: Defog|[of] p2a: Corviknight
|
|-heal|p2a: Corviknight|57/100|[from] item: Leftovers
|upkeep
|turn|8
|
|t:|1781209731
|move|p1a: Zamazenta|Iron Defense|p1a: Zamazenta
|-boost|p1a: Zamazenta|def|2
|move|p2a: Corviknight|Roost|p2a: Corviknight
|-heal|p2a: Corviknight|100/100
|-singleturn|p2a: Corviknight|move: Roost
|
|upkeep
|turn|9
|
|t:|1781209736
|switch|p2a: Slowking|Slowking-Galar, M|100/100
|move|p1a: Zamazenta|Iron Defense|p1a: Zamazenta
|-boost|p1a: Zamazenta|def|2
|
|upkeep
|turn|10
|
|t:|1781209741
|-terastallize|p1a: Zamazenta|Steel
|move|p1a: Zamazenta|Crunch|p2a: Slowking
|-supereffective|p2a: Slowking
|-damage|p2a: Slowking|54/100
|move|p2a: Slowking|Thunder Wave|p1a: Zamazenta
|-status|p1a: Zamazenta|par
|
|upkeep
|turn|11
|
|t:|1781209750
|move|p1a: Zamazenta|Crunch|p2a: Slowking
|-supereffective|p2a: Slowking
|-damage|p2a: Slowking|3/100
|-prepare|p2a: Slowking|Chilly Reception|[premajor]
|move|p2a: Slowking|Chilly Reception|p2a: Slowking
|-weather|Snowscape
|
|t:|1781209754
|switch|p2a: Pecharunt|Pecharunt|100/100|[from] Chilly Reception
|
|-weather|Snowscape|[upkeep]
|upkeep
|turn|12
|
|t:|1781209758
|move|p2a: Pecharunt|Parting Shot|p1a: Zamazenta
|-unboost|p1a: Zamazenta|atk|1
|-unboost|p1a: Zamazenta|spa|1
|
|t:|1781209764
|switch|p2a: Corviknight|Corviknight, M|100/100|[from] Parting Shot
|-ability|p2a: Corviknight|Pressure
|move|p1a: Zamazenta|Crunch|p2a: Corviknight
|-damage|p2a: Corviknight|91/100
|-unboost|p2a: Corviknight|def|1
|
|-weather|Snowscape|[upkeep]
|-heal|p2a: Corviknight|97/100|[from] item: Leftovers
|upkeep
|turn|13
|
|t:|1781209775
|switch|p2a: Slowking|Slowking-Galar, M|36/100
|move|p1a: Zamazenta|Body Press|p2a: Slowking
|-resisted|p2a: Slowking
|-damage|p2a: Slowking|4/100
|
|-weather|Snowscape|[upkeep]
|upkeep
|turn|14
|
|t:|1781209784
|switch|p2a: Pecharunt|Pecharunt|100/100
|move|p1a: Zamazenta|Crunch|p2a: Pecharunt
|-supereffective|p2a: Pecharunt
|-damage|p2a: Pecharunt|80/100
|-unboost|p2a: Pecharunt|def|1
|
|-weather|Snowscape|[upkeep]
|upkeep
|turn|15
|
|t:|1781209790
|move|p2a: Pecharunt|Parting Shot|p1a: Zamazenta
|-unboost|p1a: Zamazenta|atk|1
|-unboost|p1a: Zamazenta|spa|1
|
|t:|1781209792
|switch|p2a: Slowking|Slowking-Galar, M|38/100|[from] Parting Shot
|cant|p1a: Zamazenta|par
|
|-weather|none
|upkeep
|turn|16
|
|t:|1781209798
|switch|p2a: Pecharunt|Pecharunt|80/100
|move|p1a: Zamazenta|Crunch|p2a: Pecharunt
|-supereffective|p2a: Pecharunt
|-damage|p2a: Pecharunt|66/100
|-unboost|p2a: Pecharunt|def|1
|
|upkeep
|turn|17
|
|t:|1781209803
|move|p2a: Pecharunt|Parting Shot|p1a: Zamazenta
|-unboost|p1a: Zamazenta|atk|1
|-unboost|p1a: Zamazenta|spa|1
|
|t:|1781209807
|switch|p2a: Slowking|Slowking-Galar, M|71/100|[from] Parting Shot
|move|p1a: Zamazenta|Body Press|p2a: Slowking
|-resisted|p2a: Slowking
|-damage|p2a: Slowking|36/100
|
|upkeep
|turn|18
|
|t:|1781209811
|switch|p2a: Pecharunt|Pecharunt|66/100
|move|p1a: Zamazenta|Body Press|p2a: Pecharunt
|-immune|p2a: Pecharunt
|
|upkeep
|turn|19
|
|t:|1781209846
|move|p2a: Pecharunt|Parting Shot|p1a: Zamazenta
|-unboost|p1a: Zamazenta|atk|1
|-unboost|p1a: Zamazenta|spa|1
|
|t:|1781209850
|switch|p2a: Slowking|Slowking-Galar, M|69/100|[from] Parting Shot
|move|p1a: Zamazenta|Crunch|p2a: Slowking
|-supereffective|p2a: Slowking
|-damage|p2a: Slowking|51/100
|
|upkeep
|turn|20
|
|t:|1781209857
|switch|p2a: Pecharunt|Pecharunt|66/100
|cant|p1a: Zamazenta|par
|
|upkeep
|turn|21
|
|t:|1781209864
|switch|p1a: Okidogi|Okidogi, M|100/100
|move|p2a: Pecharunt|Parting Shot|p1a: Okidogi
|-unboost|p1a: Okidogi|atk|1
|-unboost|p1a: Okidogi|spa|1
|
|t:|1781209869
|switch|p2a: Corviknight|Corviknight, M|97/100|[from] Parting Shot
|-ability|p2a: Corviknight|Pressure
|
|-heal|p2a: Corviknight|100/100|[from] item: Leftovers
|upkeep
|turn|22
|
|t:|1781209873
|move|p1a: Okidogi|Drain Punch|p2a: Corviknight
|-damage|p2a: Corviknight|84/100
|move|p2a: Corviknight|Brave Bird|p1a: Okidogi
|-supereffective|p1a: Okidogi
|-damage|p1a: Okidogi|38/100
|-damage|p2a: Corviknight|64/100|[from] Recoil
|
|-heal|p2a: Corviknight|70/100|[from] item: Leftovers
|upkeep
|turn|23
|
|t:|1781209877
|move|p1a: Okidogi|Ice Punch|p2a: Corviknight
|-damage|p2a: Corviknight|59/100
|-status|p2a: Corviknight|frz
|cant|p2a: Corviknight|frz
|
|-heal|p2a: Corviknight|65/100 frz|[from] item: Leftovers
|upkeep
|turn|24
|
|t:|1781209888
|switch|p1a: Kommo-o|Kommo-o, F|100/100
|cant|p2a: Corviknight|frz
|
|-heal|p2a: Corviknight|71/100 frz|[from] item: Leftovers
|upkeep
|turn|25
|
|t:|1781209893
|switch|p2a: Slowking|Slowking-Galar, M|85/100
|move|p1a: Kommo-o|Flamethrower|p2a: Slowking
|-damage|p2a: Slowking|70/100
|
|upkeep
|turn|26
|
|t:|1781209901
|switch|p1a: Okidogi|Okidogi, M|38/100
|move|p2a: Slowking|Psychic Noise|p1a: Okidogi
|-supereffective|p1a: Okidogi
|-damage|p1a: Okidogi|0 fnt
|faint|p1a: Okidogi
|
|upkeep
|
|t:|1781209906
|switch|p1a: Gallade|Gallade, M|100/100
|turn|27
|inactive|Battle timer is ON: inactive players will automatically lose when time's up. (requested by Jsparxs)
|
|t:|1781209994
|switch|p2a: Corviknight|Corviknight, M|71/100 frz
|-ability|p2a: Corviknight|Pressure
|move|p1a: Gallade|Night Slash|p2a: Corviknight
|-damage|p2a: Corviknight|48/100 frz
|
|-heal|p2a: Corviknight|54/100 frz|[from] item: Leftovers
|upkeep
|turn|28
|
|t:|1781210001
|move|p1a: Gallade|Sacred Sword|p2a: Corviknight
|-damage|p2a: Corviknight|10/100 frz
|-curestatus|p2a: Corviknight|frz|[msg]
|move|p2a: Corviknight|Brave Bird|p1a: Gallade
|-supereffective|p1a: Gallade
|-damage|p1a: Gallade|0 fnt
|faint|p1a: Gallade
|-damage|p2a: Corviknight|0 fnt|[from] Recoil
|faint|p2a: Corviknight
|
|upkeep
|
|t:|1781210017
|switch|p1a: Zamazenta|Zamazenta, tera:Steel|100/100 par
|switch|p2a: Pecharunt|Pecharunt|66/100
|turn|29
|inactive|adil has 120 seconds left.
|
|t:|1781210055
|move|p2a: Pecharunt|Parting Shot|p1a: Zamazenta
|-unboost|p1a: Zamazenta|atk|1
|-unboost|p1a: Zamazenta|spa|1
|
|t:|1781210059
|switch|p2a: Slowking|Slowking-Galar, M|100/100|[from] Parting Shot
|cant|p1a: Zamazenta|par
|
|upkeep
|turn|30
|
|t:|1781210064
|move|p1a: Zamazenta|Crunch|p2a: Slowking
|-supereffective|p2a: Slowking
|-damage|p2a: Slowking|67/100
|-prepare|p2a: Slowking|Chilly Reception|[premajor]
|move|p2a: Slowking|Chilly Reception|p2a: Slowking
|-weather|Snowscape
|inactive|adil has 120 seconds left.
|inactive|adil has 90 seconds left.
|
|t:|1781210115
|switch|p2a: Pecharunt|Pecharunt|66/100|[from] Chilly Reception
|
|-weather|Snowscape|[upkeep]
|upkeep
|turn|31
|
|t:|1781210128
|move|p2a: Pecharunt|Parting Shot|p1a: Zamazenta
|-unboost|p1a: Zamazenta|atk|1
|-unboost|p1a: Zamazenta|spa|1
|inactive|adil has 90 seconds left.
|inactive|adil has 60 seconds left.
|
|t:|1781210180
|switch|p2a: Slowking|Slowking-Galar, M|99/100|[from] Parting Shot
|move|p1a: Zamazenta|Roar|p2a: Slowking
|drag|p2a: Cinderace|Cinderace, F|100/100
|
|-weather|Snowscape|[upkeep]
|upkeep
|turn|32
|l| sigmatoiletord
|
|t:|1781210188
|switch|p1a: Iron Valiant|Iron Valiant|100/100
|-enditem|p1a: Iron Valiant|Booster Energy
|-activate|p1a: Iron Valiant|ability: Quark Drive|[fromitem]
|-start|p1a: Iron Valiant|quarkdrivespe
|move|p2a: Cinderace|Pyro Ball|p1a: Iron Valiant
|-damage|p1a: Iron Valiant|44/100
|
|-weather|Snowscape|[upkeep]
|upkeep
|turn|33
|
|t:|1781210196
|move|p1a: Iron Valiant|Thunderbolt|p2a: Cinderace
|-damage|p2a: Cinderace|65/100
|move|p2a: Cinderace|Pyro Ball|p1a: Iron Valiant
|-damage|p1a: Iron Valiant|0 fnt
|faint|p1a: Iron Valiant
|-end|p1a: Iron Valiant|Quark Drive|[silent]
|
|-weather|Snowscape|[upkeep]
|upkeep
|-message|Jsparxs forfeited.
|
|win|adil
|raw|Jsparxs's rating: 1683 &rarr; <strong>1664</strong><br />(-19 for losing)
|raw|adil's rating: 1704 &rarr; <strong>1723</strong><br />(+19 for winning)
|l|☆Jsparxs
|player|p1|
|l|☆adil
|player|p2|
